|j|☆Skibidi Toothpaste
|j|☆hurryupsnufkin
|t:|1743837755
|gametype|singles
|player|p1|Skibidi Toothpaste|volkner|1259
|player|p2|hurryupsnufkin|caitlin|1224
|teamsize|p1|6
|teamsize|p2|6
|gen|9
|tier|[Gen 9] OU
|rated|
|rule|HP Percentage Mod: HP is shown in percentages
|rule|Endless Battle Clause: Forcing endless battles is banned
|rule|Species Clause: Limit one of each Pokémon
|rule|OHKO Clause: OHKO moves are banned
|rule|Evasion Items Clause: Evasion items are banned
|rule|Evasion Moves Clause: Evasion moves are banned
|rule|Sleep Moves Clause: Sleep-inducing moves are banned
|clearpoke
|poke|p1|Ogerpon-Cornerstone, F|
|poke|p1|Deoxys-Speed|
|poke|p1|Moltres|
|poke|p1|Primarina, F|
|poke|p1|Great Tusk|
|poke|p1|Dragonite, M|
|poke|p2|Ting-Lu|
|poke|p2|Gholdengo|
|poke|p2|Tinkaton, F|
|poke|p2|Moltres|
|poke|p2|Dragapult, M|
|poke|p2|Gliscor, F|
|teampreview
|inactive|Battle timer is ON: inactive players will automatically lose when time's up. (requested by hurryupsnufkin)
|inactive|Skibidi Toothpaste also wants the timer to be on.
|inactive|Skibidi Toothpaste has 120 seconds left.
|c|☆Skibidi Toothpaste|Hd
|c|☆Skibidi Toothpaste|Hf
|
|t:|1743837791
|start
|switch|p1a: Don't Stop Me Now|Deoxys-Speed|100/100
|switch|p2a: Ting-Lu|Ting-Lu|100/100
|-ability|p1a: Don't Stop Me Now|Pressure
|-ability|p2a: Ting-Lu|Vessel of Ruin
|turn|1
|
|t:|1743837806
|move|p1a: Don't Stop Me Now|Nasty Plot|p1a: Don't Stop Me Now
|-boost|p1a: Don't Stop Me Now|spa|2
|move|p2a: Ting-Lu|Earthquake|p1a: Don't Stop Me Now
|-damage|p1a: Don't Stop Me Now|42/100
|
|upkeep
|turn|2
|
|t:|1743837813
|move|p1a: Don't Stop Me Now|Ice Beam|p2a: Ting-Lu
|-supereffective|p2a: Ting-Lu
|-damage|p2a: Ting-Lu|41/100
|-damage|p1a: Don't Stop Me Now|32/100|[from] item: Life Orb
|move|p2a: Ting-Lu|Earthquake|p1a: Don't Stop Me Now
|-damage|p1a: Don't Stop Me Now|0 fnt
|faint|p1a: Don't Stop Me Now
|
|-heal|p2a: Ting-Lu|48/100|[from] item: Leftovers
|upkeep
|
|t:|1743837821
|switch|p1a: Check yes Juliet|Primarina, F, shiny|100/100
|turn|3
|
|t:|1743837830
|switch|p2a: Tinkaton|Tinkaton, F, shiny|100/100
|-item|p2a: Tinkaton|Air Balloon
|move|p1a: Check yes Juliet|Surf|p2a: Tinkaton
|-damage|p2a: Tinkaton|60/100
|-enditem|p2a: Tinkaton|Air Balloon
|
|upkeep
|turn|4
|
|t:|1743837838
|switch|p1a: Moltres|Moltres|100/100
|move|p2a: Tinkaton|Stealth Rock|p1a: Moltres
|-sidestart|p1: Skibidi Toothpaste|move: Stealth Rock
|
|upkeep
|turn|5
|
|t:|1743837847
|switch|p2a: Ting-Lu|Ting-Lu|48/100
|-ability|p2a: Ting-Lu|Vessel of Ruin
|move|p1a: Moltres|Flamethrower|p2a: Ting-Lu
|-damage|p2a: Ting-Lu|32/100
|
|-heal|p2a: Ting-Lu|38/100|[from] item: Leftovers
|upkeep
|turn|6
|inactive|Skibidi Toothpaste has 120 seconds left.
|
|t:|1743837885
|move|p1a: Moltres|Hurricane|p2a: Ting-Lu|[miss]
|-miss|p1a: Moltres|p2a: Ting-Lu
|move|p2a: Ting-Lu|Spikes|p1a: Moltres
|-sidestart|p1: Skibidi Toothpaste|Spikes
|
|-heal|p2a: Ting-Lu|45/100|[from] item: Leftovers
|upkeep
|turn|7
|
|t:|1743837900
|move|p1a: Moltres|Will-O-Wisp|p2a: Ting-Lu|[miss]
|-miss|p1a: Moltres|p2a: Ting-Lu
|move|p2a: Ting-Lu|Whirlwind|p1a: Moltres
|drag|p1a: Dragonite|Dragonite, M|100/100
|
|-heal|p2a: Ting-Lu|51/100|[from] item: Leftovers
|upkeep
|turn|8
|c|☆Skibidi Toothpaste|Wow
|
|t:|1743837915
|move|p1a: Dragonite|Dragon Dance|p1a: Dragonite
|-boost|p1a: Dragonite|atk|1
|-boost|p1a: Dragonite|spe|1
|move|p2a: Ting-Lu|Ruination|p1a: Dragonite
|-damage|p1a: Dragonite|51/100
|
|-heal|p2a: Ting-Lu|57/100|[from] item: Leftovers
|upkeep
|turn|9
|
|t:|1743837923
|switch|p2a: Moltres|Moltres, shiny|100/100
|move|p1a: Dragonite|Ice Spinner|p2a: Moltres
|-damage|p2a: Moltres|69/100
|
|upkeep
|turn|10
|
|t:|1743837932
|-terastallize|p1a: Dragonite|Normal
|move|p1a: Dragonite|Extreme Speed|p2a: Moltres
|-damage|p2a: Moltres|26/100
|move|p2a: Moltres|Roar|p1a: Dragonite
|drag|p1a: We Will Rock You|Ogerpon-Cornerstone, F|100/100
|-damage|p1a: We Will Rock You|88/100|[from] Stealth Rock
|-damage|p1a: We Will Rock You|76/100|[from] Spikes
|
|upkeep
|turn|11
|
|t:|1743837945
|switch|p2a: Tinkaton|Tinkaton, F, shiny|60/100
|move|p1a: We Will Rock You|Ivy Cudgel|p2a: Tinkaton|[anim] Ivy Cudgel Rock
|-resisted|p2a: Tinkaton
|-damage|p2a: Tinkaton|28/100
|
|upkeep
|turn|12
|
|t:|1743837956
|switch|p2a: Gliscor|Gliscor, F|100/100
|move|p1a: We Will Rock You|Ivy Cudgel|p2a: Gliscor|[anim] Ivy Cudgel Rock
|-damage|p2a: Gliscor|54/100
|
|-status|p2a: Gliscor|tox|[from] item: Toxic Orb
|upkeep
|turn|13
|
|t:|1743837965
|move|p2a: Gliscor|Protect|p2a: Gliscor
|-singleturn|p2a: Gliscor|Protect
|move|p1a: We Will Rock You|Swords Dance|p1a: We Will Rock You
|-boost|p1a: We Will Rock You|atk|2
|
|-heal|p2a: Gliscor|67/100 tox|[from] ability: Poison Heal
|upkeep
|turn|14
|
|t:|1743837976
|move|p1a: We Will Rock You|Ivy Cudgel|p2a: Gliscor|[anim] Ivy Cudgel Rock
|-damage|p2a: Gliscor|0 fnt
|faint|p2a: Gliscor
|
|upkeep
|
|t:|1743837982
|switch|p2a: Gholdengo|Gholdengo, shiny|100/100
|-item|p2a: Gholdengo|Air Balloon
|turn|15
|
|t:|1743837989
|move|p1a: We Will Rock You|Ivy Cudgel|p2a: Gholdengo|[anim] Ivy Cudgel Rock
|-resisted|p2a: Gholdengo
|-damage|p2a: Gholdengo|56/100
|-enditem|p2a: Gholdengo|Air Balloon
|move|p2a: Gholdengo|Make It Rain|p1a: We Will Rock You
|-supereffective|p1a: We Will Rock You
|-damage|p1a: We Will Rock You|0 fnt
|-unboost|p2a: Gholdengo|spa|1
|faint|p1a: We Will Rock You
|
|upkeep
|
|t:|1743837997
|switch|p1a: Moltres|Moltres|100/100
|turn|16
|
|t:|1743838010
|switch|p2a: Ting-Lu|Ting-Lu|57/100
|-ability|p2a: Ting-Lu|Vessel of Ruin
|move|p1a: Moltres|Flamethrower|p2a: Ting-Lu
|-damage|p2a: Ting-Lu|41/100
|
|-heal|p2a: Ting-Lu|47/100|[from] item: Leftovers
|upkeep
|turn|17
|
|t:|1743838020
|move|p1a: Moltres|Hurricane|p2a: Ting-Lu
|-damage|p2a: Ting-Lu|28/100
|-start|p2a: Ting-Lu|confusion
|-activate|p2a: Ting-Lu|confusion
|move|p2a: Ting-Lu|Whirlwind|p1a: Moltres
|drag|p1a: Check yes Juliet|Primarina, F, shiny|100/100
|-damage|p1a: Check yes Juliet|88/100|[from] Stealth Rock
|-damage|p1a: Check yes Juliet|76/100|[from] Spikes
|
|-heal|p2a: Ting-Lu|34/100|[from] item: Leftovers
|upkeep
|turn|18
|
|t:|1743838034
|switch|p2a: Tinkaton|Tinkaton, F, shiny|28/100
|move|p1a: Check yes Juliet|Moonblast|p2a: Tinkaton
|-resisted|p2a: Tinkaton
|-damage|p2a: Tinkaton|5/100
|
|upkeep
|turn|19
|
|t:|1743838044
|move|p1a: Check yes Juliet|Aqua Jet|p2a: Tinkaton
|-damage|p2a: Tinkaton|0 fnt
|faint|p2a: Tinkaton
|
|upkeep
|
|t:|1743838051
|switch|p2a: Dragapult|Dragapult, M|100/100
|turn|20
|
|t:|1743838054
|move|p2a: Dragapult|U-turn|p1a: Check yes Juliet
|-resisted|p1a: Check yes Juliet
|-damage|p1a: Check yes Juliet|62/100
|
|t:|1743838062
|switch|p2a: Moltres|Moltres, shiny|26/100|[from] U-turn
|move|p1a: Check yes Juliet|Moonblast|p2a: Moltres
|-resisted|p2a: Moltres
|-damage|p2a: Moltres|0 fnt
|faint|p2a: Moltres
|
|upkeep
|
|t:|1743838070
|switch|p2a: Gholdengo|Gholdengo, shiny|56/100
|turn|21
|
|t:|1743838075
|switch|p1a: Moltres|Moltres|100/100
|move|p2a: Gholdengo|Make It Rain|p1a: Moltres
|-resisted|p1a: Moltres
|-damage|p1a: Moltres|76/100
|-unboost|p2a: Gholdengo|spa|1
|
|upkeep
|turn|22
|
|t:|1743838089
|switch|p2a: Ting-Lu|Ting-Lu|34/100
|-ability|p2a: Ting-Lu|Vessel of Ruin
|move|p1a: Moltres|Will-O-Wisp|p2a: Ting-Lu
|-status|p2a: Ting-Lu|brn
|
|-heal|p2a: Ting-Lu|40/100 brn|[from] item: Leftovers
|-damage|p2a: Ting-Lu|34/100 brn|[from] brn
|upkeep
|turn|23
|
|t:|1743838112
|move|p1a: Moltres|Flamethrower|p2a: Ting-Lu
|-damage|p2a: Ting-Lu|20/100 brn
|move|p2a: Ting-Lu|Ruination|p1a: Moltres
|-damage|p1a: Moltres|39/100
|
|-heal|p2a: Ting-Lu|26/100 brn|[from] item: Leftovers
|-damage|p2a: Ting-Lu|20/100 brn|[from] brn
|upkeep
|turn|24
|
|t:|1743838125
|move|p1a: Moltres|Roost|p1a: Moltres
|-heal|p1a: Moltres|89/100
|-singleturn|p1a: Moltres|move: Roost
|move|p2a: Ting-Lu|Whirlwind|p1a: Moltres
|drag|p1a: Check yes Juliet|Primarina, F, shiny|62/100
|-damage|p1a: Check yes Juliet|49/100|[from] Stealth Rock
|-damage|p1a: Check yes Juliet|37/100|[from] Spikes
|
|-heal|p2a: Ting-Lu|26/100 brn|[from] item: Leftovers
|-damage|p2a: Ting-Lu|20/100 brn|[from] brn
|upkeep
|turn|25
|
|t:|1743838137
|move|p1a: Check yes Juliet|Surf|p2a: Ting-Lu
|-supereffective|p2a: Ting-Lu
|-crit|p2a: Ting-Lu
|-damage|p2a: Ting-Lu|0 fnt
|faint|p2a: Ting-Lu
|
|upkeep
|
|t:|1743838143
|switch|p2a: Gholdengo|Gholdengo, shiny|56/100
|turn|26
|
|t:|1743838150
|switch|p1a: Moltres|Moltres|89/100
|move|p2a: Gholdengo|Shadow Ball|p1a: Moltres
|-damage|p1a: Moltres|54/100
|
|upkeep
|turn|27
|
|t:|1743838175
|-terastallize|p2a: Gholdengo|Fairy
|move|p2a: Gholdengo|Shadow Ball|p1a: Moltres
|-damage|p1a: Moltres|20/100
|move|p1a: Moltres|Roost|p1a: Moltres
|-heal|p1a: Moltres|70/100
|-singleturn|p1a: Moltres|move: Roost
|
|upkeep
|turn|28
|
|t:|1743838185
|move|p2a: Gholdengo|Nasty Plot|p2a: Gholdengo
|-boost|p2a: Gholdengo|spa|2
|move|p1a: Moltres|Flamethrower|p2a: Gholdengo
|-damage|p2a: Gholdengo|19/100
|
|upkeep
|turn|29
|
|t:|1743838192
|move|p2a: Gholdengo|Shadow Ball|p1a: Moltres
|-crit|p1a: Moltres
|-damage|p1a: Moltres|0 fnt
|faint|p1a: Moltres
|
|upkeep
|
|t:|1743838198
|switch|p1a: Dragonite|Dragonite, M, tera:Normal|51/100
|turn|30
|
|t:|1743838201
|switch|p2a: Dragapult|Dragapult, M|100/100
|move|p1a: Dragonite|Extreme Speed|p2a: Dragapult
|-immune|p2a: Dragapult
|
|upkeep
|turn|31
|
|t:|1743838208
|move|p2a: Dragapult|Will-O-Wisp|p1a: Dragonite
|-status|p1a: Dragonite|brn
|move|p1a: Dragonite|Dragon Dance|p1a: Dragonite
|-boost|p1a: Dragonite|atk|1
|-boost|p1a: Dragonite|spe|1
|
|-damage|p1a: Dragonite|44/100 brn|[from] brn
|upkeep
|turn|32
|
|t:|1743838217
|move|p1a: Dragonite|Ice Spinner|p2a: Dragapult
|-supereffective|p2a: Dragapult
|-damage|p2a: Dragapult|41/100
|move|p2a: Dragapult|Hex|p1a: Dragonite
|-immune|p1a: Dragonite
|
|-damage|p1a: Dragonite|38/100 brn|[from] brn
|upkeep
|turn|33
|-message|hurryupsnufkin forfeited.
|
|win|Skibidi Toothpaste
|raw|Skibidi Toothpaste's rating: 1259 &rarr; <strong>1281</strong><br />(+22 for winning)
|raw|hurryupsnufkin's rating: 1224 &rarr; <strong>1202</strong><br />(-22 for losing)
|l|☆hurryupsnufkin
|player|p2|
