|j|☆Slappedsilly28
|j|☆jushudawu
|t:|1743829564
|gametype|singles
|player|p1|Slappedsilly28|unknown|1194
|player|p2|jushudawu|steven-masters2|1230
|teamsize|p1|6
|teamsize|p2|6
|gen|9
|tier|[Gen 9] OU
|rated|
|rule|HP Percentage Mod: HP is shown in percentages
|rule|Endless Battle Clause: Forcing endless battles is banned
|rule|Species Clause: Limit one of each Pokémon
|rule|OHKO Clause: OHKO moves are banned
|rule|Evasion Items Clause: Evasion items are banned
|rule|Evasion Moves Clause: Evasion moves are banned
|rule|Sleep Moves Clause: Sleep-inducing moves are banned
|clearpoke
|poke|p1|Great Tusk|
|poke|p1|Venusaur, F|
|poke|p1|Volcanion|
|poke|p1|Dragapult, F|
|poke|p1|Iron Valiant|
|poke|p1|Garganacl, M|
|poke|p2|Iron Valiant|
|poke|p2|Great Tusk|
|poke|p2|Gholdengo|
|poke|p2|Rotom-Wash|
|poke|p2|Kingambit, F|
|poke|p2|Sandy Shocks|
|teampreview
|inactive|Battle timer is ON: inactive players will automatically lose when time's up. (requested by Slappedsilly28)
|
|t:|1743829582
|start
|switch|p1a: Garganacl|Garganacl, M|100/100
|switch|p2a: Rotom|Rotom-Wash|100/100
|turn|1
|
|t:|1743829586
|move|p2a: Rotom|Trick|p1a: Garganacl
|-activate|p2a: Rotom|move: Trick|[of] p1a: Garganacl
|-item|p1a: Garganacl|Choice Scarf|[from] move: Trick
|-item|p2a: Rotom|Aguav Berry|[from] move: Trick
|move|p1a: Garganacl|Salt Cure|p2a: Rotom
|-damage|p2a: Rotom|81/100
|-start|p2a: Rotom|Salt Cure
|
|-damage|p2a: Rotom|56/100|[from] Salt Cure
|upkeep
|turn|2
|
|t:|1743829600
|switch|p1a: Volcanion|Volcanion|100/100
|move|p2a: Rotom|Will-O-Wisp|p1a: Volcanion
|-immune|p1a: Volcanion
|
|-damage|p2a: Rotom|31/100|[from] Salt Cure
|upkeep
|turn|3
|
|t:|1743829609
|-terastallize|p1a: Volcanion|Ground
|move|p2a: Rotom|Volt Switch|p1a: Volcanion
|-immune|p1a: Volcanion
|move|p1a: Volcanion|Flamethrower|p2a: Rotom
|-resisted|p2a: Rotom
|-damage|p2a: Rotom|0 fnt
|faint|p2a: Rotom
|
|upkeep
|
|t:|1743829628
|switch|p2a: Sandy Shocks|Sandy Shocks|100/100
|turn|4
|
|t:|1743829633
|move|p2a: Sandy Shocks|Earth Power|p1a: Volcanion
|-damage|p1a: Volcanion|54/100
|move|p1a: Volcanion|Steam Eruption|p2a: Sandy Shocks
|-supereffective|p2a: Sandy Shocks
|-damage|p2a: Sandy Shocks|0 fnt
|faint|p2a: Sandy Shocks
|-end|p2a: Sandy Shocks|Protosynthesis|[silent]
|
|upkeep
|
|t:|1743829638
|switch|p2a: Gholdengo|Gholdengo|100/100
|-item|p2a: Gholdengo|Air Balloon
|turn|5
|
|t:|1743829641
|move|p2a: Gholdengo|Make It Rain|p1a: Volcanion
|-damage|p1a: Volcanion|0 fnt
|-unboost|p2a: Gholdengo|spa|1
|faint|p1a: Volcanion
|
|upkeep
|
|t:|1743829647
|switch|p1a: Garganacl|Garganacl, M|100/100
|turn|6
|
|t:|1743829654
|switch|p2a: Great Tusk|Great Tusk|100/100
|move|p1a: Garganacl|Salt Cure|p2a: Great Tusk
|-resisted|p2a: Great Tusk
|-damage|p2a: Great Tusk|99/100
|-start|p2a: Great Tusk|Salt Cure
|
|-heal|p2a: Great Tusk|100/100|[from] item: Leftovers
|-damage|p2a: Great Tusk|88/100|[from] Salt Cure
|upkeep
|turn|7
|
|t:|1743829661
|-end|p2a: Great Tusk|Protosynthesis|[silent]
|switch|p2a: Gholdengo|Gholdengo|100/100
|-item|p2a: Gholdengo|Air Balloon
|switch|p1a: Dragapult|Dragapult, F|100/100
|
|upkeep
|turn|8
|
|t:|1743829667
|move|p1a: Dragapult|Phantom Force||[still]
|-prepare|p1a: Dragapult|Phantom Force
|move|p2a: Gholdengo|Shadow Ball|p1a: Dragapult|[miss]
|-miss|p2a: Gholdengo|p1a: Dragapult
|
|upkeep
|turn|9
|
|t:|1743829674
|switch|p2a: Kingambit|Kingambit, F|100/100
|-activate|p2a: Kingambit|ability: Supreme Overlord
|-start|p2a: Kingambit|fallen2|[silent]
|move|p1a: Dragapult|Phantom Force|p2a: Kingambit|[from] lockedmove
|-resisted|p2a: Kingambit
|-damage|p2a: Kingambit|81/100
|
|upkeep
|turn|10
|
|t:|1743829676
|move|p1a: Dragapult|Will-O-Wisp|p2a: Kingambit|[miss]
|-miss|p1a: Dragapult|p2a: Kingambit
|move|p2a: Kingambit|Swords Dance|p2a: Kingambit
|-boost|p2a: Kingambit|atk|2
|
|upkeep
|turn|11
|
|t:|1743829679
|move|p1a: Dragapult|Will-O-Wisp|p2a: Kingambit
|-status|p2a: Kingambit|brn
|move|p2a: Kingambit|Kowtow Cleave|p1a: Dragapult
|-supereffective|p1a: Dragapult
|-enditem|p1a: Dragapult|Focus Sash
|-damage|p1a: Dragapult|1/100
|
|-damage|p2a: Kingambit|75/100 brn|[from] brn
|upkeep
|turn|12
|
|t:|1743829688
|switch|p1a: Garganacl|Garganacl, M|100/100
|move|p2a: Kingambit|Iron Head|p1a: Garganacl
|-supereffective|p1a: Garganacl
|-damage|p1a: Garganacl|46/100
|
|-damage|p2a: Kingambit|69/100 brn|[from] brn
|upkeep
|turn|13
|
|t:|1743829693
|move|p2a: Kingambit|Iron Head|p1a: Garganacl
|-supereffective|p1a: Garganacl
|-damage|p1a: Garganacl|0 fnt
|faint|p1a: Garganacl
|
|-damage|p2a: Kingambit|63/100 brn|[from] brn
|upkeep
|
|t:|1743829703
|switch|p1a: Venusaur|Venusaur, F|100/100
|turn|14
|
|t:|1743829705
|move|p1a: Venusaur|Leech Seed|p2a: Kingambit
|-start|p2a: Kingambit|move: Leech Seed
|move|p2a: Kingambit|Kowtow Cleave|p1a: Venusaur
|-damage|p1a: Venusaur|28/100
|
|-heal|p1a: Venusaur|34/100|[from] item: Leftovers
|-damage|p2a: Kingambit|50/100 brn|[from] Leech Seed|[of] p1a: Venusaur
|-heal|p1a: Venusaur|48/100|[silent]
|-damage|p2a: Kingambit|44/100 brn|[from] brn
|upkeep
|turn|15
|
|t:|1743829712
|move|p1a: Venusaur|Giga Drain|p2a: Kingambit
|-resisted|p2a: Kingambit
|-damage|p2a: Kingambit|32/100 brn
|-heal|p1a: Venusaur|55/100|[from] drain|[of] p2a: Kingambit
|move|p2a: Kingambit|Swords Dance|p2a: Kingambit
|-boost|p2a: Kingambit|atk|2
|
|-heal|p1a: Venusaur|61/100|[from] item: Leftovers
|-damage|p2a: Kingambit|20/100 brn|[from] Leech Seed|[of] p1a: Venusaur
|-heal|p1a: Venusaur|76/100|[silent]
|-damage|p2a: Kingambit|13/100 brn|[from] brn
|upkeep
|turn|16
|
|t:|1743829721
|switch|p1a: Dragapult|Dragapult, F|1/100
|move|p2a: Kingambit|Sucker Punch||[still]
|-fail|p2a: Kingambit
|
|-damage|p2a: Kingambit|1/100 brn|[from] Leech Seed|[of] p1a: Dragapult
|-heal|p1a: Dragapult|16/100|[silent]
|-damage|p2a: Kingambit|0 fnt|[from] brn
|faint|p2a: Kingambit
|-end|p2a: Kingambit|fallen2|[silent]
|upkeep
|
|t:|1743829723
|switch|p2a: Iron Valiant|Iron Valiant|100/100
|-enditem|p2a: Iron Valiant|Booster Energy
|-activate|p2a: Iron Valiant|ability: Quark Drive|[fromitem]
|-start|p2a: Iron Valiant|quarkdrivespe
|turn|17
|
|t:|1743829736
|move|p1a: Dragapult|Sucker Punch||[still]
|-fail|p1a: Dragapult
|move|p2a: Iron Valiant|Calm Mind|p2a: Iron Valiant
|-boost|p2a: Iron Valiant|spa|1
|-boost|p2a: Iron Valiant|spd|1
|
|upkeep
|turn|18
|
|t:|1743829742
|move|p1a: Dragapult|Sucker Punch|p2a: Iron Valiant
|-resisted|p2a: Iron Valiant
|-damage|p2a: Iron Valiant|93/100
|move|p2a: Iron Valiant|Moonblast|p1a: Dragapult
|-supereffective|p1a: Dragapult
|-damage|p1a: Dragapult|0 fnt
|faint|p1a: Dragapult
|
|upkeep
|
|t:|1743829749
|switch|p1a: Venusaur|Venusaur, F|76/100
|turn|19
|
|t:|1743829752
|move|p2a: Iron Valiant|Psyshock|p1a: Venusaur
|-supereffective|p1a: Venusaur
|-damage|p1a: Venusaur|0 fnt
|faint|p1a: Venusaur
|
|upkeep
|-message|Slappedsilly28 forfeited.
|
|win|jushudawu
|raw|Slappedsilly28's rating: 1194 &rarr; <strong>1172</strong><br />(-22 for losing)
|raw|jushudawu's rating: 1230 &rarr; <strong>1252</strong><br />(+22 for winning)
|l|☆Slappedsilly28
|player|p1|
|l|☆jushudawu
|player|p2|
