|j|☆Nsnajaakak
|j|☆Artorias1517
|t:|1743785721
|gametype|singles
|player|p1|Nsnajaakak|policeman-gen4|1256
|player|p2|Artorias1517|riley|1300
|teamsize|p1|6
|teamsize|p2|6
|gen|9
|tier|[Gen 9] OU
|rated|
|rule|HP Percentage Mod: HP is shown in percentages
|rule|Endless Battle Clause: Forcing endless battles is banned
|rule|Species Clause: Limit one of each Pokémon
|rule|OHKO Clause: OHKO moves are banned
|rule|Evasion Items Clause: Evasion items are banned
|rule|Evasion Moves Clause: Evasion moves are banned
|rule|Sleep Moves Clause: Sleep-inducing moves are banned
|clearpoke
|poke|p1|Deoxys-Defense|
|poke|p1|Samurott-Hisui, M|
|poke|p1|Great Tusk|
|poke|p1|Serperior, F|
|poke|p1|Slowking-Galar, M|
|poke|p1|Corviknight, F|
|poke|p2|Gholdengo|
|poke|p2|Sceptile, M|
|poke|p2|Gliscor, M|
|poke|p2|Arcanine-Hisui, M|
|poke|p2|Zapdos|
|poke|p2|Maushold-Four|
|teampreview
|
|t:|1743785766
|start
|switch|p1a: Samurott|Samurott-Hisui, M|100/100
|switch|p2a: Zapdos|Zapdos|100/100
|turn|1
|
|t:|1743785774
|move|p1a: Samurott|Ceaseless Edge|p2a: Zapdos
|-damage|p2a: Zapdos|52/100
|-sidestart|p2: Artorias1517|Spikes
|move|p2a: Zapdos|U-turn|p1a: Samurott
|-supereffective|p1a: Samurott
|-damage|p1a: Samurott|67/100
|
|t:|1743785780
|switch|p2a: Sceptile|Sceptile, M|100/100|[from] U-turn
|-damage|p2a: Sceptile|88/100|[from] Spikes
|
|upkeep
|turn|2
|
|t:|1743785786
|move|p1a: Samurott|Sucker Punch|p2a: Sceptile
|-damage|p2a: Sceptile|29/100
|move|p2a: Sceptile|Leaf Storm|p1a: Samurott
|-supereffective|p1a: Samurott
|-damage|p1a: Samurott|0 fnt
|-unboost|p2a: Sceptile|spa|2
|faint|p1a: Samurott
|
|upkeep
|
|t:|1743785790
|switch|p1a: Deoxys|Deoxys-Defense|100/100
|-ability|p1a: Deoxys|Pressure
|turn|3
|
|t:|1743785815
|switch|p2a: Maushold|Maushold-Four|100/100
|move|p1a: Deoxys|Cosmic Power|p1a: Deoxys
|-boost|p1a: Deoxys|def|1
|-boost|p1a: Deoxys|spd|1
|
|upkeep
|turn|4
|
|t:|1743785821
|move|p2a: Maushold|Encore|p1a: Deoxys
|-start|p1a: Deoxys|Encore
|move|p1a: Deoxys|Cosmic Power|p1a: Deoxys
|-boost|p1a: Deoxys|def|1
|-boost|p1a: Deoxys|spd|1
|
|upkeep
|turn|5
|
|t:|1743785824
|move|p2a: Maushold|Tidy Up|p2a: Maushold
|-sideend|p2: Artorias1517|Spikes
|-activate|p2a: Maushold|move: Tidy Up
|-boost|p2a: Maushold|atk|1
|-boost|p2a: Maushold|spe|1
|move|p1a: Deoxys|Cosmic Power|p1a: Deoxys
|-boost|p1a: Deoxys|def|1
|-boost|p1a: Deoxys|spd|1
|
|upkeep
|turn|6
|
|t:|1743785829
|switch|p1a: Corviknight|Corviknight, F|100/100
|-ability|p1a: Corviknight|Pressure
|move|p2a: Maushold|Tidy Up|p2a: Maushold
|-boost|p2a: Maushold|atk|1
|-boost|p2a: Maushold|spe|1
|
|upkeep
|turn|7
|
|t:|1743785832
|switch|p2a: Zapdos|Zapdos|52/100
|move|p1a: Corviknight|Iron Defense|p1a: Corviknight
|-boost|p1a: Corviknight|def|2
|
|upkeep
|turn|8
|
|t:|1743785841
|switch|p1a: Great Tusk|Great Tusk|100/100
|move|p2a: Zapdos|Roost|p2a: Zapdos
|-heal|p2a: Zapdos|100/100
|-singleturn|p2a: Zapdos|move: Roost
|
|upkeep
|turn|9
|
|t:|1743785848
|-end|p1a: Great Tusk|Protosynthesis|[silent]
|switch|p1a: Deoxys|Deoxys-Defense|100/100
|-ability|p1a: Deoxys|Pressure
|move|p2a: Zapdos|Hurricane|p1a: Deoxys
|-damage|p1a: Deoxys|63/100
|
|-heal|p1a: Deoxys|69/100|[from] item: Leftovers
|upkeep
|turn|10
|
|t:|1743785855
|move|p2a: Zapdos|U-turn|p1a: Deoxys
|-supereffective|p1a: Deoxys
|-damage|p1a: Deoxys|51/100
|
|t:|1743785859
|switch|p2a: Gholdengo|Gholdengo|100/100|[from] U-turn
|move|p1a: Deoxys|Cosmic Power|p1a: Deoxys
|-boost|p1a: Deoxys|def|1
|-boost|p1a: Deoxys|spd|1
|
|-heal|p1a: Deoxys|57/100|[from] item: Leftovers
|upkeep
|turn|11
|
|t:|1743785867
|move|p2a: Gholdengo|Trick|p1a: Deoxys
|-activate|p2a: Gholdengo|move: Trick|[of] p1a: Deoxys
|-item|p1a: Deoxys|Choice Scarf|[from] move: Trick
|-item|p2a: Gholdengo|Leftovers|[from] move: Trick
|move|p1a: Deoxys|Recover|p1a: Deoxys
|-heal|p1a: Deoxys|100/100
|
|upkeep
|turn|12
|
|t:|1743785883
|switch|p1a: Serperior|Serperior, F|100/100
|switch|p2a: Gliscor|Gliscor, M|100/100
|
|-status|p2a: Gliscor|tox|[from] item: Toxic Orb
|upkeep
|turn|13
|
|t:|1743785891
|move|p1a: Serperior|Substitute|p1a: Serperior
|-start|p1a: Serperior|Substitute
|-damage|p1a: Serperior|76/100
|move|p2a: Gliscor|Toxic|p1a: Serperior|[miss]
|-miss|p2a: Gliscor|p1a: Serperior
|
|-heal|p1a: Serperior|82/100|[from] item: Leftovers
|upkeep
|turn|14
|
|t:|1743785901
|switch|p2a: Maushold|Maushold-Four|100/100
|move|p1a: Serperior|Leaf Storm|p2a: Maushold|[miss]
|-miss|p1a: Serperior|p2a: Maushold
|
|-heal|p1a: Serperior|88/100|[from] item: Leftovers
|upkeep
|turn|15
|
|t:|1743785906
|move|p1a: Serperior|Leaf Storm|p2a: Maushold
|-damage|p2a: Maushold|57/100
|-boost|p1a: Serperior|spa|2
|move|p2a: Maushold|Tidy Up|p2a: Maushold
|-end|p1a: Serperior|Substitute
|-activate|p2a: Maushold|move: Tidy Up
|-boost|p2a: Maushold|atk|1
|-boost|p2a: Maushold|spe|1
|
|-heal|p1a: Serperior|94/100|[from] item: Leftovers
|upkeep
|turn|16
|
|t:|1743785917
|switch|p1a: Corviknight|Corviknight, F|100/100
|-ability|p1a: Corviknight|Pressure
|move|p2a: Maushold|Population Bomb|p1a: Corviknight|[miss]
|-miss|p2a: Maushold|p1a: Corviknight
|
|upkeep
|turn|17
|
|t:|1743785926
|switch|p2a: Zapdos|Zapdos|100/100
|move|p1a: Corviknight|U-turn|p2a: Zapdos
|-resisted|p2a: Zapdos
|-damage|p2a: Zapdos|93/100
|
|t:|1743785936
|switch|p1a: Slowking|Slowking-Galar, M|100/100|[from] U-turn
|
|upkeep
|turn|18
|
|t:|1743785944
|move|p2a: Zapdos|Thunderbolt|p1a: Slowking
|-damage|p1a: Slowking|72/100
|-prepare|p1a: Slowking|Chilly Reception|[premajor]
|move|p1a: Slowking|Chilly Reception|p1a: Slowking
|-weather|Snowscape
|
|t:|1743785951
|switch|p1a: Great Tusk|Great Tusk|100/100|[from] Chilly Reception
|
|-weather|Snowscape|[upkeep]
|upkeep
|turn|19
|
|t:|1743785955
|-end|p1a: Great Tusk|Protosynthesis|[silent]
|switch|p1a: Slowking|Slowking-Galar, M|100/100
|move|p2a: Zapdos|Hurricane|p1a: Slowking
|-damage|p1a: Slowking|68/100
|-start|p1a: Slowking|confusion
|
|-weather|Snowscape|[upkeep]
|upkeep
|turn|20
|
|t:|1743785964
|move|p2a: Zapdos|U-turn|p1a: Slowking
|-damage|p1a: Slowking|54/100
|
|t:|1743785967
|switch|p2a: Gholdengo|Gholdengo|100/100|[from] U-turn
|-activate|p1a: Slowking|confusion
|-damage|p1a: Slowking|49/100|[from] confusion
|
|-weather|Snowscape|[upkeep]
|upkeep
|turn|21
|
|t:|1743785978
|switch|p1a: Corviknight|Corviknight, F|100/100
|-ability|p1a: Corviknight|Pressure
|move|p2a: Gholdengo|Shadow Ball|p1a: Corviknight
|-damage|p1a: Corviknight|60/100
|
|-weather|Snowscape|[upkeep]
|upkeep
|turn|22
|
|t:|1743785999
|move|p2a: Gholdengo|Shadow Ball|p1a: Corviknight
|-damage|p1a: Corviknight|20/100
|move|p1a: Corviknight|U-turn|p2a: Gholdengo
|-resisted|p2a: Gholdengo
|-damage|p2a: Gholdengo|97/100
|
|t:|1743786004
|switch|p1a: Great Tusk|Great Tusk|100/100|[from] U-turn
|
|-weather|none
|-heal|p2a: Gholdengo|100/100|[from] item: Leftovers
|upkeep
|turn|23
|
|t:|1743786009
|switch|p2a: Zapdos|Zapdos|93/100
|move|p1a: Great Tusk|Knock Off|p2a: Zapdos
|-damage|p2a: Zapdos|61/100
|-status|p1a: Great Tusk|par|[from] ability: Static|[of] p2a: Zapdos
|-enditem|p2a: Zapdos|Heavy-Duty Boots|[from] move: Knock Off|[of] p1a: Great Tusk
|
|upkeep
|turn|24
|
|t:|1743786018
|-end|p1a: Great Tusk|Protosynthesis|[silent]
|switch|p1a: Serperior|Serperior, F|94/100
|move|p2a: Zapdos|Hurricane|p1a: Serperior
|-supereffective|p1a: Serperior
|-damage|p1a: Serperior|0 fnt
|faint|p1a: Serperior
|
|upkeep
|
|t:|1743786021
|switch|p1a: Corviknight|Corviknight, F|20/100
|-ability|p1a: Corviknight|Pressure
|turn|25
|-message|Nsnajaakak forfeited.
|
|win|Artorias1517
|raw|Nsnajaakak's rating: 1256 &rarr; <strong>1234</strong><br />(-22 for losing)
|raw|Artorias1517's rating: 1300 &rarr; <strong>1322</strong><br />(+22 for winning)
|l|☆Nsnajaakak
|player|p1|
|l|☆Artorias1517
|player|p2|
