|j|☆SushiSlice
|j|☆Smurf account 6969
|t:|1743888756
|gametype|singles
|player|p1|SushiSlice|dawn|1526
|player|p2|Smurf account 6969|101|1550
|teamsize|p1|6
|teamsize|p2|6
|gen|9
|tier|[Gen 9] OU
|rated|
|rule|HP Percentage Mod: HP is shown in percentages
|rule|Endless Battle Clause: Forcing endless battles is banned
|rule|Species Clause: Limit one of each Pokémon
|rule|OHKO Clause: OHKO moves are banned
|rule|Evasion Items Clause: Evasion items are banned
|rule|Evasion Moves Clause: Evasion moves are banned
|rule|Sleep Moves Clause: Sleep-inducing moves are banned
|clearpoke
|poke|p1|Zamazenta-*|
|poke|p1|Great Tusk|
|poke|p1|Kingambit, M|
|poke|p1|Hatterene, F|
|poke|p1|Gholdengo|
|poke|p1|Ogerpon-Wellspring, F|
|poke|p2|Landorus-Therian, M|
|poke|p2|Zamazenta-*|
|poke|p2|Kingambit, F|
|poke|p2|Samurott-Hisui, M|
|poke|p2|Pecharunt|
|poke|p2|Hydreigon, M|
|teampreview
|inactive|Battle timer is ON: inactive players will automatically lose when time's up. (requested by Smurf account 6969)
|
|t:|1743888791
|start
|switch|p1a: Zamazenta|Zamazenta|100/100
|switch|p2a: Landorus|Landorus-Therian, M, shiny|100/100
|-ability|p1a: Zamazenta|Dauntless Shield|boost
|-boost|p1a: Zamazenta|def|1
|-ability|p2a: Landorus|Intimidate|boost
|-unboost|p1a: Zamazenta|atk|1
|turn|1
|
|t:|1743888804
|move|p1a: Zamazenta|Reflect|p1a: Zamazenta
|-sidestart|p1: SushiSlice|Reflect
|move|p2a: Landorus|Stealth Rock|p1a: Zamazenta
|-sidestart|p1: SushiSlice|move: Stealth Rock
|
|upkeep
|turn|2
|
|t:|1743888821
|move|p1a: Zamazenta|Light Screen|p1a: Zamazenta
|-sidestart|p1: SushiSlice|move: Light Screen
|move|p2a: Landorus|U-turn|p1a: Zamazenta
|-resisted|p1a: Zamazenta
|-damage|p1a: Zamazenta|98/100
|
|t:|1743888831
|switch|p2a: Hydreigon|Hydreigon, M|100/100|[from] U-turn
|
|upkeep
|turn|3
|
|t:|1743888838
|switch|p2a: Pecharunt|Pecharunt|100/100
|move|p1a: Zamazenta|Close Combat|p2a: Pecharunt
|-immune|p2a: Pecharunt
|
|upkeep
|turn|4
|
|t:|1743888845
|switch|p1a: Kingambit|Kingambit, M|100/100
|-damage|p1a: Kingambit|94/100|[from] Stealth Rock
|move|p2a: Pecharunt|Parting Shot|p1a: Kingambit
|-unboost|p1a: Kingambit|atk|1
|-unboost|p1a: Kingambit|spa|1
|
|t:|1743888856
|switch|p2a: Landorus|Landorus-Therian, M, shiny|100/100|[from] Parting Shot
|-ability|p2a: Landorus|Intimidate|boost
|-unboost|p1a: Kingambit|atk|1
|
|-heal|p1a: Kingambit|100/100|[from] item: Leftovers
|upkeep
|turn|5
|
|t:|1743888865
|-end|p1a: Kingambit|fallenundefined|[silent]
|switch|p1a: Great Tusk|Great Tusk|100/100
|-damage|p1a: Great Tusk|98/100|[from] Stealth Rock
|-enditem|p1a: Great Tusk|Booster Energy
|-activate|p1a: Great Tusk|ability: Protosynthesis|[fromitem]
|-start|p1a: Great Tusk|protosynthesisspe
|move|p2a: Landorus|Earthquake|p1a: Great Tusk
|-damage|p1a: Great Tusk|84/100
|
|upkeep
|turn|6
|
|t:|1743888875
|switch|p2a: Pecharunt|Pecharunt|100/100
|move|p1a: Great Tusk|Bulk Up|p1a: Great Tusk
|-boost|p1a: Great Tusk|atk|1
|-boost|p1a: Great Tusk|def|1
|
|upkeep
|turn|7
|
|t:|1743888893
|switch|p2a: Landorus|Landorus-Therian, M, shiny|100/100
|-ability|p2a: Landorus|Intimidate|boost
|-unboost|p1a: Great Tusk|atk|1
|-terastallize|p1a: Great Tusk|Poison
|move|p1a: Great Tusk|Bulk Up|p1a: Great Tusk
|-boost|p1a: Great Tusk|atk|1
|-boost|p1a: Great Tusk|def|1
|
|upkeep
|turn|8
|
|t:|1743888914
|move|p1a: Great Tusk|Bulk Up|p1a: Great Tusk
|-boost|p1a: Great Tusk|atk|1
|-boost|p1a: Great Tusk|def|1
|move|p2a: Landorus|Earthquake|p1a: Great Tusk
|-supereffective|p1a: Great Tusk
|-damage|p1a: Great Tusk|72/100
|
|-sideend|p1: SushiSlice|Reflect
|upkeep
|turn|9
|
|t:|1743888927
|switch|p2a: Pecharunt|Pecharunt|100/100
|move|p1a: Great Tusk|Bulk Up|p1a: Great Tusk
|-boost|p1a: Great Tusk|atk|1
|-boost|p1a: Great Tusk|def|1
|
|-sideend|p1: SushiSlice|move: Light Screen
|upkeep
|turn|10
|
|t:|1743888933
|move|p1a: Great Tusk|Headlong Rush|p2a: Pecharunt
|-supereffective|p2a: Pecharunt
|-damage|p2a: Pecharunt|0 fnt
|-unboost|p1a: Great Tusk|def|1
|-unboost|p1a: Great Tusk|spd|1
|faint|p2a: Pecharunt
|
|upkeep
|
|t:|1743888942
|switch|p2a: Hydreigon|Hydreigon, M|100/100
|turn|11
|
|t:|1743888946
|move|p1a: Great Tusk|Ice Spinner|p2a: Hydreigon
|-supereffective|p2a: Hydreigon
|-damage|p2a: Hydreigon|0 fnt
|faint|p2a: Hydreigon
|
|upkeep
|-message|Smurf account 6969 forfeited.
|
|win|SushiSlice
|raw|SushiSlice's rating: 1526 &rarr; <strong>1547</strong><br />(+21 for winning)
|raw|Smurf account 6969's rating: 1550 &rarr; <strong>1529</strong><br />(-21 for losing)
|l|☆Smurf account 6969
|player|p2|
|l|☆SushiSlice
|player|p1|
