|j|☆4THPARTYROYALE
|j|☆Patrick1791
|t:|1743803054
|gametype|singles
|player|p1|4THPARTYROYALE|unknown|1262
|player|p2|Patrick1791|n|1204
|teamsize|p1|6
|teamsize|p2|6
|gen|9
|tier|[Gen 9] OU
|rated|
|rule|HP Percentage Mod: HP is shown in percentages
|rule|Endless Battle Clause: Forcing endless battles is banned
|rule|Species Clause: Limit one of each Pokémon
|rule|OHKO Clause: OHKO moves are banned
|rule|Evasion Items Clause: Evasion items are banned
|rule|Evasion Moves Clause: Evasion moves are banned
|rule|Sleep Moves Clause: Sleep-inducing moves are banned
|clearpoke
|poke|p1|Zamazenta-*|
|poke|p1|Primarina, F|
|poke|p1|Alomomola, F|
|poke|p1|Slowking-Galar, M|
|poke|p1|Kyurem|
|poke|p1|Cinderace, M|
|poke|p2|Torkoal, M|
|poke|p2|Garchomp, M|
|poke|p2|Walking Wake|
|poke|p2|Metagross|
|poke|p2|Iron Moth|
|poke|p2|Iron Valiant|
|teampreview
|
|t:|1743803073
|start
|switch|p1a: Kyurem|Kyurem|100/100
|switch|p2a: Torkoal|Torkoal, M|100/100
|-ability|p1a: Kyurem|Pressure
|-weather|SunnyDay|[from] ability: Drought|[of] p2a: Torkoal
|turn|1
|
|t:|1743803083
|move|p1a: Kyurem|Draco Meteor|p2a: Torkoal|[miss]
|-miss|p1a: Kyurem|p2a: Torkoal
|move|p2a: Torkoal|Stealth Rock|p1a: Kyurem
|-sidestart|p1: 4THPARTYROYALE|move: Stealth Rock
|
|-weather|SunnyDay|[upkeep]
|upkeep
|turn|2
|
|t:|1743803092
|switch|p1a: Slowking|Slowking-Galar, M|100/100
|move|p2a: Torkoal|Will-O-Wisp|p1a: Slowking
|-status|p1a: Slowking|brn
|
|-weather|SunnyDay|[upkeep]
|-damage|p1a: Slowking|94/100 brn|[from] brn
|upkeep
|turn|3
|
|t:|1743803112
|move|p2a: Torkoal|Solar Beam||[still]
|-prepare|p2a: Torkoal|Solar Beam
|-anim|p2a: Torkoal|Solar Beam|p1a: Slowking
|-resisted|p1a: Slowking
|-damage|p1a: Slowking|87/100 brn
|-prepare|p1a: Slowking|Chilly Reception|[premajor]
|move|p1a: Slowking|Chilly Reception|p1a: Slowking
|-weather|Snowscape
|
|t:|1743803120
|switch|p1a: Cinderace|Cinderace, M|100/100|[from] Chilly Reception
|
|-weather|Snowscape|[upkeep]
|upkeep
|turn|4
|
|t:|1743803137
|switch|p2a: Garchomp|Garchomp, M|100/100
|move|p1a: Cinderace|U-turn|p2a: Garchomp
|-damage|p2a: Garchomp|80/100
|-damage|p1a: Cinderace|88/100|[from] ability: Rough Skin|[of] p2a: Garchomp
|
|t:|1743803155
|switch|p1a: Primarina|Primarina, F|100/100|[from] U-turn
|-damage|p1a: Primarina|88/100|[from] Stealth Rock
|
|-weather|Snowscape|[upkeep]
|upkeep
|turn|5
|
|t:|1743803168
|move|p2a: Garchomp|Iron Head|p1a: Primarina
|-damage|p1a: Primarina|50/100
|move|p1a: Primarina|Moonblast|p2a: Garchomp
|-supereffective|p2a: Garchomp
|-crit|p2a: Garchomp
|-damage|p2a: Garchomp|0 fnt
|faint|p2a: Garchomp
|
|-weather|Snowscape|[upkeep]
|upkeep
|
|t:|1743803178
|switch|p2a: Metagross|Metagross, shiny|100/100
|turn|6
|
|t:|1743803185
|move|p1a: Primarina|Flip Turn|p2a: Metagross
|-damage|p2a: Metagross|89/100
|
|t:|1743803188
|switch|p1a: Alomomola|Alomomola, F|100/100|[from] Flip Turn
|move|p2a: Metagross|Heavy Slam|p1a: Alomomola
|-resisted|p1a: Alomomola
|-damage|p1a: Alomomola|78/100
|
|-weather|Snowscape|[upkeep]
|upkeep
|turn|7
|
|t:|1743803197
|move|p2a: Metagross|Grass Knot|p1a: Alomomola
|-supereffective|p1a: Alomomola
|-damage|p1a: Alomomola|49/100
|move|p1a: Alomomola|Flip Turn|p2a: Metagross
|-damage|p2a: Metagross|77/100
|
|t:|1743803204
|switch|p1a: Cinderace|Cinderace, M|88/100|[from] Flip Turn
|
|-weather|none
|upkeep
|turn|8
|
|t:|1743803213
|switch|p2a: Walking Wake|Walking Wake|100/100
|move|p1a: Cinderace|Will-O-Wisp|p2a: Walking Wake
|-status|p2a: Walking Wake|brn
|
|-damage|p2a: Walking Wake|94/100 brn|[from] brn
|upkeep
|turn|9
|
|t:|1743803225
|move|p1a: Cinderace|U-turn|p2a: Walking Wake
|-damage|p2a: Walking Wake|74/100 brn
|
|t:|1743803231
|switch|p1a: Slowking|Slowking-Galar, M|100/100 brn|[from] U-turn
|move|p2a: Walking Wake|Hydro Steam|p1a: Slowking
|-damage|p1a: Slowking|77/100 brn
|
|-damage|p2a: Walking Wake|68/100 brn|[from] brn
|-damage|p1a: Slowking|71/100 brn|[from] brn
|upkeep
|turn|10
|
|t:|1743803245
|move|p2a: Walking Wake|Flamethrower|p1a: Slowking
|-damage|p1a: Slowking|52/100 brn
|-prepare|p1a: Slowking|Chilly Reception|[premajor]
|move|p1a: Slowking|Chilly Reception|p1a: Slowking
|-weather|Snowscape
|
|t:|1743803254
|switch|p1a: Cinderace|Cinderace, M|88/100|[from] Chilly Reception
|
|-weather|Snowscape|[upkeep]
|-damage|p2a: Walking Wake|62/100 brn|[from] brn
|upkeep
|turn|11
|
|t:|1743803264
|move|p1a: Cinderace|U-turn|p2a: Walking Wake
|-damage|p2a: Walking Wake|40/100 brn
|
|t:|1743803266
|switch|p1a: Slowking|Slowking-Galar, M|85/100 brn|[from] U-turn
|move|p2a: Walking Wake|Hydro Steam|p1a: Slowking
|-damage|p1a: Slowking|62/100 brn
|
|-weather|Snowscape|[upkeep]
|-damage|p2a: Walking Wake|34/100 brn|[from] brn
|-damage|p1a: Slowking|56/100 brn|[from] brn
|upkeep
|turn|12
|
|t:|1743803281
|-end|p2a: Walking Wake|Protosynthesis|[silent]
|switch|p2a: Torkoal|Torkoal, M|100/100
|-weather|SunnyDay|[from] ability: Drought|[of] p2a: Torkoal
|move|p1a: Slowking|Future Sight|p2a: Torkoal
|-start|p1a: Slowking|move: Future Sight
|
|-weather|SunnyDay|[upkeep]
|-damage|p1a: Slowking|50/100 brn|[from] brn
|upkeep
|turn|13
|
|t:|1743803292
|move|p2a: Torkoal|Protect|p2a: Torkoal
|-singleturn|p2a: Torkoal|Protect
|-prepare|p1a: Slowking|Chilly Reception|[premajor]
|move|p1a: Slowking|Chilly Reception|p1a: Slowking
|-weather|Snowscape
|
|t:|1743803299
|switch|p1a: Cinderace|Cinderace, M|88/100|[from] Chilly Reception
|
|-weather|Snowscape|[upkeep]
|upkeep
|turn|14
|
|t:|1743803319
|switch|p2a: Metagross|Metagross, shiny|77/100
|move|p1a: Cinderace|Court Change|p1a: Cinderace
|-swapsideconditions
|-activate|p1a: Cinderace|move: Court Change
|
|-weather|Snowscape|[upkeep]
|-end|p2a: Metagross|move: Future Sight
|-resisted|p2a: Metagross
|-damage|p2a: Metagross|63/100
|upkeep
|turn|15
|
|t:|1743803337
|switch|p2a: Torkoal|Torkoal, M|100/100
|-damage|p2a: Torkoal|75/100|[from] Stealth Rock
|-weather|SunnyDay|[from] ability: Drought|[of] p2a: Torkoal
|move|p1a: Cinderace|Pyro Ball|p2a: Torkoal
|-resisted|p2a: Torkoal
|-damage|p2a: Torkoal|54/100
|
|-weather|SunnyDay|[upkeep]
|upkeep
|turn|16
|
|t:|1743803348
|switch|p2a: Walking Wake|Walking Wake|34/100 brn
|-damage|p2a: Walking Wake|22/100 brn|[from] Stealth Rock
|-activate|p2a: Walking Wake|ability: Protosynthesis
|-start|p2a: Walking Wake|protosynthesisspa
|move|p1a: Cinderace|U-turn|p2a: Walking Wake
|-damage|p2a: Walking Wake|2/100 brn
|
|t:|1743803367
|switch|p1a: Slowking|Slowking-Galar, M|83/100 brn|[from] U-turn
|
|-weather|SunnyDay|[upkeep]
|-damage|p2a: Walking Wake|0 fnt|[from] brn
|faint|p2a: Walking Wake
|-end|p2a: Walking Wake|Protosynthesis|[silent]
|-damage|p1a: Slowking|77/100 brn|[from] brn
|upkeep
|
|t:|1743803388
|switch|p2a: Iron Moth|Iron Moth, shiny|100/100
|-damage|p2a: Iron Moth|76/100|[from] Stealth Rock
|turn|17
|
|t:|1743803395
|move|p2a: Iron Moth|Fiery Dance|p1a: Slowking
|-damage|p1a: Slowking|39/100 brn
|-boost|p2a: Iron Moth|spa|1
|move|p1a: Slowking|Future Sight|p2a: Iron Moth
|-start|p1a: Slowking|move: Future Sight
|
|-weather|SunnyDay|[upkeep]
|-damage|p1a: Slowking|33/100 brn|[from] brn
|upkeep
|turn|18
|
|t:|1743803405
|-terastallize|p1a: Slowking|Water
|move|p2a: Iron Moth|Fiery Dance|p1a: Slowking
|-resisted|p1a: Slowking
|-damage|p1a: Slowking|5/100 brn
|-boost|p2a: Iron Moth|spa|1
|-prepare|p1a: Slowking|Chilly Reception|[premajor]
|move|p1a: Slowking|Chilly Reception|p1a: Slowking
|-weather|Snowscape
|
|t:|1743803415
|switch|p1a: Alomomola|Alomomola, F|82/100|[from] Chilly Reception
|
|-weather|Snowscape|[upkeep]
|upkeep
|turn|19
|
|t:|1743803421
|move|p1a: Alomomola|Protect|p1a: Alomomola
|-singleturn|p1a: Alomomola|Protect
|move|p2a: Iron Moth|Sunny Day|p2a: Iron Moth
|-weather|SunnyDay
|
|-weather|SunnyDay|[upkeep]
|-end|p2a: Iron Moth|move: Future Sight
|-supereffective|p2a: Iron Moth
|-damage|p2a: Iron Moth|0 fnt
|faint|p2a: Iron Moth
|-end|p2a: Iron Moth|Quark Drive|[silent]
|upkeep
|
|t:|1743803431
|switch|p2a: Metagross|Metagross, shiny|63/100
|-damage|p2a: Metagross|57/100|[from] Stealth Rock
|turn|20
|
|t:|1743803436
|move|p2a: Metagross|Grass Knot|p1a: Alomomola
|-supereffective|p1a: Alomomola
|-crit|p1a: Alomomola
|-damage|p1a: Alomomola|41/100
|move|p1a: Alomomola|Flip Turn|p2a: Metagross
|-damage|p2a: Metagross|51/100
|
|t:|1743803444
|switch|p1a: Cinderace|Cinderace, M|88/100|[from] Flip Turn
|
|-weather|SunnyDay|[upkeep]
|upkeep
|turn|21
|
|t:|1743803450
|move|p1a: Cinderace|Pyro Ball|p2a: Metagross|[miss]
|-miss|p1a: Cinderace|p2a: Metagross
|move|p2a: Metagross|Psychic Fangs|p1a: Cinderace
|-damage|p1a: Cinderace|22/100
|
|-weather|SunnyDay|[upkeep]
|upkeep
|turn|22
|
|t:|1743803458
|move|p1a: Cinderace|Pyro Ball|p2a: Metagross
|-supereffective|p2a: Metagross
|-damage|p2a: Metagross|0 fnt
|faint|p2a: Metagross
|
|-weather|SunnyDay|[upkeep]
|upkeep
|
|t:|1743803464
|switch|p2a: Iron Valiant|Iron Valiant|100/100
|-damage|p2a: Iron Valiant|94/100|[from] Stealth Rock
|turn|23
|
|t:|1743803472
|move|p1a: Cinderace|Pyro Ball|p2a: Iron Valiant
|-damage|p2a: Iron Valiant|0 fnt
|faint|p2a: Iron Valiant
|-end|p2a: Iron Valiant|Quark Drive|[silent]
|
|-weather|SunnyDay|[upkeep]
|upkeep
|
|t:|1743803477
|switch|p2a: Torkoal|Torkoal, M|54/100
|-damage|p2a: Torkoal|29/100|[from] Stealth Rock
|turn|24
|
|t:|1743803483
|move|p1a: Cinderace|U-turn|p2a: Torkoal
|-resisted|p2a: Torkoal
|-damage|p2a: Torkoal|23/100
|
|t:|1743803487
|switch|p1a: Primarina|Primarina, F|50/100|[from] U-turn
|move|p2a: Torkoal|Solar Beam||[still]
|-prepare|p2a: Torkoal|Solar Beam
|-anim|p2a: Torkoal|Solar Beam|p1a: Primarina
|-supereffective|p1a: Primarina
|-damage|p1a: Primarina|18/100
|
|-weather|SunnyDay|[upkeep]
|upkeep
|turn|25
|
|t:|1743803498
|move|p1a: Primarina|Surf|p2a: Torkoal
|-supereffective|p2a: Torkoal
|-damage|p2a: Torkoal|0 fnt
|faint|p2a: Torkoal
|
|win|4THPARTYROYALE
|raw|4THPARTYROYALE's rating: 1262 &rarr; <strong>1283</strong><br />(+21 for winning)
|raw|Patrick1791's rating: 1204 &rarr; <strong>1183</strong><br />(-21 for losing)
|c|☆4THPARTYROYALE|Ggwp
|l|☆Patrick1791
|player|p2|
