|j|☆orborborb
|j|☆4kazter
|t:|1743826642
|gametype|singles
|player|p1|orborborb|doctor|1702
|player|p2|4kazter|102|1650
|teamsize|p1|6
|teamsize|p2|6
|gen|9
|tier|[Gen 9] OU
|rated|
|rule|HP Percentage Mod: HP is shown in percentages
|rule|Endless Battle Clause: Forcing endless battles is banned
|rule|Species Clause: Limit one of each Pokémon
|rule|OHKO Clause: OHKO moves are banned
|rule|Evasion Items Clause: Evasion items are banned
|rule|Evasion Moves Clause: Evasion moves are banned
|rule|Sleep Moves Clause: Sleep-inducing moves are banned
|clearpoke
|poke|p1|Dragonite, F|
|poke|p1|Ting-Lu|
|poke|p1|Gholdengo|
|poke|p1|Iron Valiant|
|poke|p1|Zamazenta-*|
|poke|p1|Kingambit, F|
|poke|p2|Iron Crown|
|poke|p2|Haxorus, F|
|poke|p2|Indeedee, M|
|poke|p2|Hoopa-Unbound|
|poke|p2|Kyurem|
|poke|p2|Slowking-Galar, M|
|teampreview
|inactive|Battle timer is ON: inactive players will automatically lose when time's up. (requested by 4kazter)
|j| atlas tales
|
|t:|1743826697
|start
|switch|p1a: Ting-Lu|Ting-Lu|100/100
|switch|p2a: Hoopa|Hoopa-Unbound|100/100
|-ability|p1a: Ting-Lu|Vessel of Ruin
|turn|1
|
|t:|1743826709
|move|p2a: Hoopa|Brick Break|p1a: Ting-Lu
|-supereffective|p1a: Ting-Lu
|-damage|p1a: Ting-Lu|51/100
|-enditem|p1a: Ting-Lu|Red Card|[of] p2a: Hoopa
|drag|p2a: Haxorus|Haxorus, F|100/100
|-ability|p2a: Haxorus|Mold Breaker
|move|p1a: Ting-Lu|Stealth Rock|p2a: Haxorus
|-sidestart|p2: 4kazter|move: Stealth Rock
|
|upkeep
|turn|2
|
|t:|1743826718
|move|p2a: Haxorus|Close Combat|p1a: Ting-Lu
|-supereffective|p1a: Ting-Lu
|-damage|p1a: Ting-Lu|0 fnt
|-unboost|p2a: Haxorus|def|1
|-unboost|p2a: Haxorus|spd|1
|faint|p1a: Ting-Lu
|
|upkeep
|
|t:|1743826741
|switch|p1a: Zamazenta|Zamazenta|100/100
|-ability|p1a: Zamazenta|Dauntless Shield|boost
|-boost|p1a: Zamazenta|def|1
|turn|3
|
|t:|1743826746
|switch|p2a: Indeedee|Indeedee, M|100/100
|-damage|p2a: Indeedee|88/100|[from] Stealth Rock
|-fieldstart|move: Psychic Terrain|[from] ability: Psychic Surge|[of] p2a: Indeedee
|move|p1a: Zamazenta|Howl|p1a: Zamazenta
|-boost|p1a: Zamazenta|atk|1
|
|upkeep
|turn|4
|
|t:|1743826755
|move|p1a: Zamazenta|Crunch|p2a: Indeedee
|-supereffective|p2a: Indeedee
|-damage|p2a: Indeedee|0 fnt
|faint|p2a: Indeedee
|
|upkeep
|
|t:|1743826766
|switch|p2a: Hoopa|Hoopa-Unbound|100/100
|-damage|p2a: Hoopa|88/100|[from] Stealth Rock
|turn|5
|
|t:|1743826771
|move|p1a: Zamazenta|Close Combat|p2a: Hoopa
|-damage|p2a: Hoopa|0 fnt
|-unboost|p1a: Zamazenta|def|1
|-unboost|p1a: Zamazenta|spd|1
|faint|p2a: Hoopa
|
|upkeep
|
|t:|1743826777
|switch|p2a: Iron Crown|Iron Crown|100/100
|-damage|p2a: Iron Crown|94/100|[from] Stealth Rock
|-enditem|p2a: Iron Crown|Booster Energy
|-activate|p2a: Iron Crown|ability: Quark Drive|[fromitem]
|-start|p2a: Iron Crown|quarkdrivespe
|turn|6
|
|t:|1743826790
|move|p2a: Iron Crown|Expanding Force|p1a: Zamazenta
|-supereffective|p1a: Zamazenta
|-damage|p1a: Zamazenta|0 fnt
|faint|p1a: Zamazenta
|
|upkeep
|
|t:|1743826798
|switch|p1a: Gholdengo|Gholdengo|100/100
|-item|p1a: Gholdengo|Air Balloon
|turn|7
|
|t:|1743826822
|move|p2a: Iron Crown|Calm Mind|p2a: Iron Crown
|-boost|p2a: Iron Crown|spa|1
|-boost|p2a: Iron Crown|spd|1
|move|p1a: Gholdengo|Shadow Ball|p2a: Iron Crown
|-supereffective|p2a: Iron Crown
|-damage|p2a: Iron Crown|45/100
|
|upkeep
|turn|8
|
|t:|1743826828
|move|p2a: Iron Crown|Expanding Force|p1a: Gholdengo
|-resisted|p1a: Gholdengo
|-damage|p1a: Gholdengo|34/100
|-enditem|p1a: Gholdengo|Air Balloon
|move|p1a: Gholdengo|Shadow Ball|p2a: Iron Crown
|-supereffective|p2a: Iron Crown
|-damage|p2a: Iron Crown|0 fnt
|faint|p2a: Iron Crown
|-end|p2a: Iron Crown|Quark Drive|[silent]
|
|upkeep
|
|t:|1743826839
|switch|p2a: Slowking|Slowking-Galar, M|100/100
|-damage|p2a: Slowking|88/100|[from] Stealth Rock
|turn|9
|j| spicy boii
|inactive|orborborb has 120 seconds left.
|
|t:|1743826871
|move|p1a: Gholdengo|Shadow Ball|p2a: Slowking
|-supereffective|p2a: Slowking
|-damage|p2a: Slowking|19/100
|-unboost|p2a: Slowking|spd|1
|move|p2a: Slowking|Trick Room|p2a: Slowking
|-fieldstart|move: Trick Room|[of] p2a: Slowking
|
|upkeep
|turn|10
|
|t:|1743826880
|move|p2a: Slowking|Expanding Force|p1a: Gholdengo
|-resisted|p1a: Gholdengo
|-damage|p1a: Gholdengo|0 fnt
|faint|p1a: Gholdengo
|-damage|p2a: Slowking|9/100|[from] item: Life Orb
|
|-fieldend|move: Psychic Terrain
|upkeep
|
|t:|1743826889
|switch|p1a: Kingambit|Kingambit, F|100/100
|-activate|p1a: Kingambit|ability: Supreme Overlord
|-start|p1a: Kingambit|fallen3|[silent]
|turn|11
|
|t:|1743826892
|move|p2a: Slowking|Fire Blast|p1a: Kingambit
|-supereffective|p1a: Kingambit
|-damage|p1a: Kingambit|0 fnt
|faint|p1a: Kingambit
|-end|p1a: Kingambit|fallen3|[silent]
|-damage|p2a: Slowking|0 fnt|[from] item: Life Orb
|faint|p2a: Slowking
|
|upkeep
|
|t:|1743826901
|switch|p2a: Kyurem|Kyurem|100/100
|switch|p1a: Dragonite|Dragonite, F|100/100
|-damage|p2a: Kyurem|76/100|[from] Stealth Rock
|-ability|p2a: Kyurem|Pressure
|turn|12
|
|t:|1743826930
|-terastallize|p1a: Dragonite|Electric
|move|p1a: Dragonite|Dragon Dance|p1a: Dragonite
|-boost|p1a: Dragonite|atk|1
|-boost|p1a: Dragonite|spe|1
|move|p2a: Kyurem|Icicle Spear|p1a: Dragonite
|-damage|p1a: Dragonite|92/100
|-damage|p1a: Dragonite|77/100
|-damage|p1a: Dragonite|60/100
|-damage|p1a: Dragonite|44/100
|-damage|p1a: Dragonite|27/100
|-hitcount|p1a: Dragonite|5
|
|upkeep
|turn|13
|
|t:|1743826941
|move|p2a: Kyurem|Icicle Spear|p1a: Dragonite
|-damage|p1a: Dragonite|10/100
|-damage|p1a: Dragonite|0 fnt
|faint|p1a: Dragonite
|-hitcount|p1: Dragonite|2
|
|-fieldend|move: Trick Room
|upkeep
|
|t:|1743826944
|switch|p1a: Iron Valiant|Iron Valiant|100/100
|-enditem|p1a: Iron Valiant|Booster Energy
|-activate|p1a: Iron Valiant|ability: Quark Drive|[fromitem]
|-start|p1a: Iron Valiant|quarkdrivespe
|turn|14
|
|t:|1743826952
|move|p1a: Iron Valiant|Moonblast|p2a: Kyurem
|-supereffective|p2a: Kyurem
|-damage|p2a: Kyurem|0 fnt
|faint|p2a: Kyurem
|
|upkeep
|
|t:|1743826956
|switch|p2a: Haxorus|Haxorus, F|100/100
|-damage|p2a: Haxorus|88/100|[from] Stealth Rock
|-ability|p2a: Haxorus|Mold Breaker
|turn|15
|
|t:|1743826961
|-terastallize|p2a: Haxorus|Ground
|move|p1a: Iron Valiant|Moonblast|p2a: Haxorus
|-crit|p2a: Haxorus
|-damage|p2a: Haxorus|0 fnt
|faint|p2a: Haxorus
|
|win|orborborb
|raw|orborborb's rating: 1702 &rarr; <strong>1719</strong><br />(+17 for winning)
|raw|4kazter's rating: 1650 &rarr; <strong>1633</strong><br />(-17 for losing)
|c|☆4kazter|gg
|l|☆orborborb
|player|p1|
|l|☆4kazter
|player|p2|
