|j|☆hey you're
|j|☆Dr.Jean Pepper
|t:|1743938234
|gametype|singles
|player|p1|hey you're|blackbelt-gen4dp|1424
|player|p2|Dr.Jean Pepper|erika-lgpe|1394
|teamsize|p1|6
|teamsize|p2|6
|gen|9
|tier|[Gen 9] OU
|rated|
|rule|HP Percentage Mod: HP is shown in percentages
|rule|Endless Battle Clause: Forcing endless battles is banned
|rule|Species Clause: Limit one of each Pokémon
|rule|OHKO Clause: OHKO moves are banned
|rule|Evasion Items Clause: Evasion items are banned
|rule|Evasion Moves Clause: Evasion moves are banned
|rule|Sleep Moves Clause: Sleep-inducing moves are banned
|clearpoke
|poke|p1|Iron Hands|
|poke|p1|Ogerpon-Wellspring, F|
|poke|p1|Scizor, M|
|poke|p1|Polteageist|
|poke|p1|Indeedee, M|
|poke|p1|Regidrago|
|poke|p2|Raging Bolt|
|poke|p2|Iron Moth|
|poke|p2|Great Tusk|
|poke|p2|Weavile, M|
|poke|p2|Forretress, F|
|poke|p2|Cinderace, M|
|teampreview
|inactive|Battle timer is ON: inactive players will automatically lose when time's up. (requested by Dr.Jean Pepper)
|
|t:|1743938245
|start
|switch|p1a: Scizor|Scizor, M|100/100
|switch|p2a: Old but Good|Forretress, F, shiny|100/100
|turn|1
|
|t:|1743938250
|move|p1a: Scizor|Knock Off|p2a: Old but Good
|-damage|p2a: Old but Good|77/100
|-enditem|p2a: Old but Good|Custap Berry|[from] move: Knock Off|[of] p1a: Scizor
|move|p2a: Old but Good|Thunder Wave|p1a: Scizor
|-status|p1a: Scizor|par
|
|upkeep
|turn|2
|
|t:|1743938256
|move|p2a: Old but Good|Stealth Rock|p1a: Scizor
|-sidestart|p1: hey you're|move: Stealth Rock
|move|p1a: Scizor|Swords Dance|p1a: Scizor
|-boost|p1a: Scizor|atk|2
|
|upkeep
|turn|3
|
|t:|1743938262
|move|p2a: Old but Good|Body Press|p1a: Scizor
|-damage|p1a: Scizor|65/100 par
|move|p1a: Scizor|Defog|p2a: Old but Good
|-unboost|p2a: Old but Good|evasion|1
|-sideend|p1: hey you're|Stealth Rock|[from] move: Defog|[of] p1a: Scizor
|
|upkeep
|turn|4
|
|t:|1743938267
|move|p2a: Old but Good|Stealth Rock|p1a: Scizor
|-sidestart|p1: hey you're|move: Stealth Rock
|move|p1a: Scizor|Swords Dance|p1a: Scizor
|-boost|p1a: Scizor|atk|2
|
|upkeep
|turn|5
|
|t:|1743938276
|switch|p2a: Mecha Battra|Iron Moth|100/100
|move|p1a: Scizor|Defog|p2a: Mecha Battra
|-unboost|p2a: Mecha Battra|evasion|1
|-sideend|p1: hey you're|Stealth Rock|[from] move: Defog|[of] p1a: Scizor
|
|upkeep
|turn|6
|
|t:|1743938282
|move|p1a: Scizor|Bullet Punch|p2a: Mecha Battra
|-resisted|p2a: Mecha Battra
|-damage|p2a: Mecha Battra|8/100
|move|p2a: Mecha Battra|Fiery Dance|p1a: Scizor
|-supereffective|p1a: Scizor
|-damage|p1a: Scizor|0 fnt
|faint|p1a: Scizor
|
|upkeep
|
|t:|1743938289
|switch|p1a: Regidrago|Regidrago|100/100
|turn|7
|
|t:|1743938293
|move|p1a: Regidrago|Dragon Energy|p2a: Mecha Battra
|-damage|p2a: Mecha Battra|0 fnt
|faint|p2a: Mecha Battra
|-end|p2a: Mecha Battra|Quark Drive|[silent]
|
|upkeep
|
|t:|1743938301
|switch|p2a: Old but Good|Forretress, F, shiny|77/100
|turn|8
|
|t:|1743938312
|-terastallize|p1a: Regidrago|Dragon
|move|p1a: Regidrago|Dragon Energy|p2a: Old but Good
|-resisted|p2a: Old but Good
|-damage|p2a: Old but Good|0 fnt
|faint|p2a: Old but Good
|
|upkeep
|
|t:|1743938324
|switch|p2a: Neck game $100|Raging Bolt|100/100
|turn|9
|
|t:|1743938329
|switch|p1a: Indeedee|Indeedee, M|100/100
|-fieldstart|move: Psychic Terrain|[from] ability: Psychic Surge|[of] p1a: Indeedee
|-terastallize|p2a: Neck game $100|Fairy
|move|p2a: Neck game $100|Tera Blast|p1a: Indeedee|[anim] Tera Blast Fairy
|-damage|p1a: Indeedee|39/100
|
|upkeep
|turn|10
|
|t:|1743938340
|move|p1a: Indeedee|Healing Wish|p1a: Indeedee
|faint|p1a: Indeedee
|move|p2a: Neck game $100|Tera Blast|p1: Indeedee|[notarget]
|-fail|p2a: Neck game $100
|
|upkeep
|
|t:|1743938343
|switch|p1a: Polteageist|Polteageist|100/100
|turn|11
|
|t:|1743938348
|move|p1a: Polteageist|Shell Smash|p1a: Polteageist
|-unboost|p1a: Polteageist|def|1
|-unboost|p1a: Polteageist|spd|1
|-boost|p1a: Polteageist|atk|2
|-boost|p1a: Polteageist|spa|2
|-boost|p1a: Polteageist|spe|2
|move|p2a: Neck game $100|Thunderbolt|p1a: Polteageist
|-damage|p1a: Polteageist|14/100
|
|upkeep
|turn|12
|
|t:|1743938357
|move|p1a: Polteageist|Stored Power|p2a: Neck game $100
|-damage|p2a: Neck game $100|26/100
|move|p2a: Neck game $100|Tera Blast|p1a: Polteageist|[anim] Tera Blast Fairy
|-damage|p1a: Polteageist|0 fnt
|faint|p1a: Polteageist
|
|upkeep
|
|t:|1743938364
|switch|p1a: Ogerpon|Ogerpon-Wellspring, F|100/100
|turn|13
|
|t:|1743938371
|move|p2a: Neck game $100|Thunderclap|p1a: Ogerpon
|-activate|p1a: Ogerpon|move: Psychic Terrain
|move|p1a: Ogerpon|Ivy Cudgel|p2a: Neck game $100|[anim] Ivy Cudgel Water
|-damage|p2a: Neck game $100|0 fnt
|faint|p2a: Neck game $100
|-end|p2a: Neck game $100|Protosynthesis|[silent]
|
|upkeep
|
|t:|1743938380
|switch|p2a: Fire playboy|Cinderace, M|100/100
|turn|14
|
|t:|1743938387
|move|p1a: Ogerpon|Ivy Cudgel|p2a: Fire playboy|[anim] Ivy Cudgel Water
|-supereffective|p2a: Fire playboy
|-damage|p2a: Fire playboy|0 fnt
|faint|p2a: Fire playboy
|
|upkeep
|
|t:|1743938392
|switch|p2a: Silly Lad|Weavile, M|100/100
|-ability|p2a: Silly Lad|Pressure
|turn|15
|
|t:|1743938398
|move|p2a: Silly Lad|Triple Axel|p1a: Ogerpon
|-damage|p1a: Ogerpon|82/100
|-damage|p1a: Ogerpon|44/100
|-hitcount|p1a: Ogerpon|2
|move|p1a: Ogerpon|Play Rough|p2a: Silly Lad
|-supereffective|p2a: Silly Lad
|-damage|p2a: Silly Lad|0 fnt
|faint|p2a: Silly Lad
|
|upkeep
|-message|Dr.Jean Pepper forfeited.
|
|win|hey you're
|raw|hey you&apos;re's rating: 1424 &rarr; <strong>1442</strong><br />(+18 for winning)
|raw|Dr.Jean Pepper's rating: 1394 &rarr; <strong>1376</strong><br />(-18 for losing)
|l|☆Dr.Jean Pepper
|player|p2|
|l|☆hey you're
|player|p1|
