|j|☆oddballfall
|j|☆love is simple
|t:|1743858664
|gametype|singles
|player|p1|oddballfall|lucas|1417
|player|p2|love is simple|dawn|1443
|teamsize|p1|6
|teamsize|p2|6
|gen|9
|tier|[Gen 9] OU
|rated|
|rule|HP Percentage Mod: HP is shown in percentages
|rule|Endless Battle Clause: Forcing endless battles is banned
|rule|Species Clause: Limit one of each Pokémon
|rule|OHKO Clause: OHKO moves are banned
|rule|Evasion Items Clause: Evasion items are banned
|rule|Evasion Moves Clause: Evasion moves are banned
|rule|Sleep Moves Clause: Sleep-inducing moves are banned
|clearpoke
|poke|p1|Ting-Lu|
|poke|p1|Skarmory, F|
|poke|p1|Gholdengo|
|poke|p1|Slowking-Galar, M|
|poke|p1|Weavile, M|
|poke|p1|Salamence, F|
|poke|p2|Samurott-Hisui, F|
|poke|p2|Kingambit, M|
|poke|p2|Slowking-Galar, M|
|poke|p2|Keldeo|
|poke|p2|Dragapult, F|
|poke|p2|Gliscor, M|
|teampreview
|inactive|Battle timer is ON: inactive players will automatically lose when time's up. (requested by love is simple)
|inactive|oddballfall also wants the timer to be on.
|inactive|love is simple has 120 seconds left.
|inactive|oddballfall has 120 seconds left.
|
|t:|1743858709
|start
|switch|p1a: Weavile|Weavile, M|100/100
|switch|p2a: Dragapult|Dragapult, F|100/100
|-ability|p1a: Weavile|Pressure
|turn|1
|
|t:|1743858716
|switch|p1a: Skarmory|Skarmory, F|100/100
|move|p2a: Dragapult|U-turn|p1a: Skarmory
|-resisted|p1a: Skarmory
|-damage|p1a: Skarmory|98/100
|-damage|p2a: Dragapult|84/100|[from] item: Rocky Helmet|[of] p1a: Skarmory
|
|t:|1743858723
|switch|p2a: Gliscor|Gliscor, M|100/100|[from] U-turn
|
|-status|p2a: Gliscor|tox|[from] item: Toxic Orb
|upkeep
|turn|2
|
|t:|1743858728
|move|p2a: Gliscor|Knock Off|p1a: Skarmory
|-damage|p1a: Skarmory|83/100
|-damage|p2a: Gliscor|84/100 tox|[from] item: Rocky Helmet|[of] p1a: Skarmory
|-enditem|p1a: Skarmory|Rocky Helmet|[from] move: Knock Off|[of] p2a: Gliscor
|move|p1a: Skarmory|Spikes|p2a: Gliscor
|-sidestart|p2: love is simple|Spikes
|
|-heal|p2a: Gliscor|97/100 tox|[from] ability: Poison Heal
|upkeep
|turn|3
|
|t:|1743858735
|switch|p2a: Dragapult|Dragapult, F|84/100
|switch|p1a: Weavile|Weavile, M|100/100
|-ability|p1a: Weavile|Pressure
|
|upkeep
|turn|4
|
|t:|1743858749
|switch|p1a: Ting-Lu|Ting-Lu|100/100
|-ability|p1a: Ting-Lu|Vessel of Ruin
|move|p2a: Dragapult|U-turn|p1a: Ting-Lu
|-supereffective|p1a: Ting-Lu
|-damage|p1a: Ting-Lu|81/100
|
|t:|1743858760
|switch|p2a: Samurott|Samurott-Hisui, F|100/100|[from] U-turn
|-damage|p2a: Samurott|88/100|[from] Spikes
|
|upkeep
|turn|5
|
|t:|1743858781
|move|p2a: Samurott|Ceaseless Edge|p1a: Ting-Lu
|-resisted|p1a: Ting-Lu
|-damage|p1a: Ting-Lu|69/100
|-sidestart|p1: oddballfall|Spikes
|move|p1a: Ting-Lu|Stealth Rock|p2a: Samurott
|-sidestart|p2: love is simple|move: Stealth Rock
|
|upkeep
|turn|6
|
|t:|1743858787
|switch|p1a: Salamence|Salamence, F|100/100
|-ability|p1a: Salamence|Intimidate|boost
|-unboost|p2a: Samurott|atk|1
|move|p2a: Samurott|Ceaseless Edge|p1a: Salamence
|-damage|p1a: Salamence|72/100
|-sidestart|p1: oddballfall|Spikes
|
|upkeep
|turn|7
|
|t:|1743858814
|switch|p2a: Slowking|Slowking-Galar, M|100/100
|move|p1a: Salamence|Dragon Tail|p2a: Slowking
|-damage|p2a: Slowking|66/100
|drag|p2a: Samurott|Samurott-Hisui, F|88/100
|-damage|p2a: Samurott|76/100|[from] Spikes
|-damage|p2a: Samurott|63/100|[from] Stealth Rock
|
|upkeep
|turn|8
|
|t:|1743858825
|move|p2a: Samurott|Knock Off|p1a: Salamence
|-crit|p1a: Salamence
|-damage|p1a: Salamence|8/100
|-enditem|p1a: Salamence|Heavy-Duty Boots|[from] move: Knock Off|[of] p2a: Samurott
|move|p1a: Salamence|Roost|p1a: Salamence
|-heal|p1a: Salamence|58/100
|-singleturn|p1a: Salamence|move: Roost
|
|upkeep
|turn|9
|
|t:|1743858835
|move|p2a: Samurott|Ceaseless Edge|p1a: Salamence
|-damage|p1a: Salamence|10/100
|-sidestart|p1: oddballfall|Spikes
|move|p1a: Salamence|Roost|p1a: Salamence
|-heal|p1a: Salamence|60/100
|-singleturn|p1a: Salamence|move: Roost
|
|upkeep
|turn|10
|
|t:|1743858855
|switch|p1a: Skarmory|Skarmory, F|83/100
|move|p2a: Samurott|Ceaseless Edge|p1a: Skarmory
|-damage|p1a: Skarmory|55/100
|
|upkeep
|turn|11
|
|t:|1743858864
|switch|p2a: Dragapult|Dragapult, F|84/100
|move|p1a: Skarmory|Roost|p1a: Skarmory
|-heal|p1a: Skarmory|100/100
|-singleturn|p1a: Skarmory|move: Roost
|
|upkeep
|turn|12
|
|t:|1743858871
|switch|p1a: Ting-Lu|Ting-Lu|69/100
|-ability|p1a: Ting-Lu|Vessel of Ruin
|move|p2a: Dragapult|Will-O-Wisp|p1a: Ting-Lu
|-status|p1a: Ting-Lu|brn
|
|-damage|p1a: Ting-Lu|62/100 brn|[from] brn
|upkeep
|turn|13
|
|t:|1743858884
|move|p2a: Dragapult|U-turn|p1a: Ting-Lu
|-supereffective|p1a: Ting-Lu
|-damage|p1a: Ting-Lu|41/100 brn
|
|t:|1743858893
|switch|p2a: Gliscor|Gliscor, M|97/100 tox|[from] U-turn
|-damage|p2a: Gliscor|84/100 tox|[from] Stealth Rock
|move|p1a: Ting-Lu|Ruination|p2a: Gliscor
|-damage|p2a: Gliscor|42/100 tox
|
|-heal|p2a: Gliscor|55/100 tox|[from] ability: Poison Heal
|-damage|p1a: Ting-Lu|35/100 brn|[from] brn
|upkeep
|turn|14
|
|t:|1743858900
|switch|p1a: Weavile|Weavile, M|100/100
|-ability|p1a: Weavile|Pressure
|move|p2a: Gliscor|Knock Off|p1a: Weavile
|-resisted|p1a: Weavile
|-damage|p1a: Weavile|82/100
|-enditem|p1a: Weavile|Heavy-Duty Boots|[from] move: Knock Off|[of] p2a: Gliscor
|
|-heal|p2a: Gliscor|67/100 tox|[from] ability: Poison Heal
|upkeep
|turn|15
|
|t:|1743858909
|move|p2a: Gliscor|Protect|p2a: Gliscor
|-singleturn|p2a: Gliscor|Protect
|move|p1a: Weavile|Triple Axel|p2a: Gliscor
|-activate|p2a: Gliscor|move: Protect
|
|-heal|p2a: Gliscor|80/100 tox|[from] ability: Poison Heal
|upkeep
|turn|16
|
|t:|1743858916
|switch|p2a: Keldeo|Keldeo|100/100
|move|p1a: Weavile|Knock Off|p2a: Keldeo
|-resisted|p2a: Keldeo
|-damage|p2a: Keldeo|75/100
|-ability|p2a: Keldeo|Justified|boost
|-boost|p2a: Keldeo|atk|1
|-enditem|p2a: Keldeo|Heavy-Duty Boots|[from] move: Knock Off|[of] p1a: Weavile
|
|upkeep
|turn|17
|
|t:|1743858929
|switch|p1a: Slowking|Slowking-Galar, M|100/100
|move|p2a: Keldeo|Flip Turn|p1a: Slowking
|-damage|p1a: Slowking|77/100
|
|t:|1743858934
|switch|p2a: Samurott|Samurott-Hisui, F|63/100|[from] Flip Turn
|-damage|p2a: Samurott|51/100|[from] Spikes
|-damage|p2a: Samurott|38/100|[from] Stealth Rock
|
|upkeep
|turn|18
|
|t:|1743858939
|switch|p1a: Salamence|Salamence, F|60/100
|-ability|p1a: Salamence|Intimidate|boost
|-unboost|p2a: Samurott|atk|1
|move|p2a: Samurott|Knock Off|p1a: Salamence
|-damage|p1a: Salamence|41/100
|
|upkeep
|turn|19
|
|t:|1743858954
|switch|p2a: Slowking|Slowking-Galar, M|99/100
|move|p1a: Salamence|Roost|p1a: Salamence
|-heal|p1a: Salamence|91/100
|-singleturn|p1a: Salamence|move: Roost
|
|upkeep
|turn|20
|
|t:|1743858960
|move|p1a: Salamence|Earthquake|p2a: Slowking
|-supereffective|p2a: Slowking
|-damage|p2a: Slowking|27/100
|move|p2a: Slowking|Thunder Wave|p1a: Salamence
|-status|p1a: Salamence|par
|
|upkeep
|turn|21
|
|t:|1743858965
|switch|p2a: Gliscor|Gliscor, M|80/100 tox
|-damage|p2a: Gliscor|67/100 tox|[from] Stealth Rock
|move|p1a: Salamence|Dragon Tail|p2a: Gliscor
|-damage|p2a: Gliscor|41/100 tox
|drag|p2a: Keldeo|Keldeo|75/100
|-damage|p2a: Keldeo|63/100|[from] Spikes
|-damage|p2a: Keldeo|57/100|[from] Stealth Rock
|
|upkeep
|turn|22
|
|t:|1743858974
|move|p2a: Keldeo|Flip Turn|p1a: Salamence
|-resisted|p1a: Salamence
|-damage|p1a: Salamence|83/100 par
|
|t:|1743858980
|switch|p2a: Gliscor|Gliscor, M|41/100 tox|[from] Flip Turn
|-damage|p2a: Gliscor|29/100 tox|[from] Stealth Rock
|move|p1a: Salamence|Dual Wingbeat|p2a: Gliscor
|-damage|p2a: Gliscor|12/100 tox
|-damage|p2a: Gliscor|0 fnt
|faint|p2a: Gliscor
|-hitcount|p2: Gliscor|2
|
|upkeep
|
|t:|1743858989
|switch|p2a: Dragapult|Dragapult, F|84/100
|turn|23
|
|t:|1743859008
|switch|p1a: Ting-Lu|Ting-Lu|35/100 brn
|-ability|p1a: Ting-Lu|Vessel of Ruin
|move|p2a: Dragapult|Hex|p1a: Ting-Lu
|-resisted|p1a: Ting-Lu
|-damage|p1a: Ting-Lu|23/100 brn
|
|-damage|p1a: Ting-Lu|17/100 brn|[from] brn
|upkeep
|turn|24
|
|t:|1743859019
|move|p2a: Dragapult|Dragon Darts|p1a: Ting-Lu
|-damage|p1a: Ting-Lu|5/100 brn
|-anim|p2a: Dragapult|Dragon Darts|p1a: Ting-Lu
|-damage|p1a: Ting-Lu|0 fnt
|faint|p1a: Ting-Lu
|
|upkeep
|
|t:|1743859024
|switch|p1a: Gholdengo|Gholdengo|100/100
|-item|p1a: Gholdengo|Air Balloon
|turn|25
|
|t:|1743859030
|move|p2a: Dragapult|U-turn|p1a: Gholdengo
|-resisted|p1a: Gholdengo
|-damage|p1a: Gholdengo|97/100
|-enditem|p1a: Gholdengo|Air Balloon
|
|t:|1743859037
|switch|p2a: Slowking|Slowking-Galar, M|60/100|[from] U-turn
|move|p1a: Gholdengo|Thunder Wave|p2a: Slowking
|-status|p2a: Slowking|par
|
|upkeep
|turn|26
|
|t:|1743859047
|switch|p2a: Kingambit|Kingambit, M|100/100
|-damage|p2a: Kingambit|88/100|[from] Spikes
|-damage|p2a: Kingambit|82/100|[from] Stealth Rock
|-activate|p2a: Kingambit|ability: Supreme Overlord
|-start|p2a: Kingambit|fallen1|[silent]
|move|p1a: Gholdengo|Thunder Wave|p2a: Kingambit
|-status|p2a: Kingambit|par
|
|-heal|p2a: Kingambit|88/100 par|[from] item: Leftovers
|upkeep
|turn|27
|
|t:|1743859059
|switch|p1a: Salamence|Salamence, F|83/100 par
|-ability|p1a: Salamence|Intimidate|boost
|-unboost|p2a: Kingambit|atk|1
|move|p2a: Kingambit|Kowtow Cleave|p1a: Salamence
|-damage|p1a: Salamence|49/100 par
|
|-heal|p2a: Kingambit|94/100 par|[from] item: Leftovers
|upkeep
|turn|28
|
|t:|1743859071
|-end|p2a: Kingambit|fallen1|[silent]
|switch|p2a: Samurott|Samurott-Hisui, F|38/100
|-damage|p2a: Samurott|26/100|[from] Spikes
|-damage|p2a: Samurott|13/100|[from] Stealth Rock
|move|p1a: Salamence|Roost|p1a: Salamence
|-heal|p1a: Salamence|99/100 par
|-singleturn|p1a: Salamence|move: Roost
|
|upkeep
|turn|29
|
|t:|1743859093
|switch|p1a: Skarmory|Skarmory, F|100/100
|move|p2a: Samurott|Ceaseless Edge|p1a: Skarmory
|-damage|p1a: Skarmory|72/100
|
|upkeep
|turn|30
|
|t:|1743859100
|move|p2a: Samurott|Razor Shell|p1a: Skarmory
|-damage|p1a: Skarmory|43/100
|-unboost|p1a: Skarmory|def|1
|move|p1a: Skarmory|Spikes|p2a: Samurott
|-sidestart|p2: love is simple|Spikes
|
|upkeep
|turn|31
|
|t:|1743859104
|move|p2a: Samurott|Razor Shell|p1a: Skarmory
|-damage|p1a: Skarmory|0 fnt
|faint|p1a: Skarmory
|
|upkeep
|
|t:|1743859106
|switch|p1a: Weavile|Weavile, M|82/100
|-damage|p1a: Weavile|57/100|[from] Spikes
|-ability|p1a: Weavile|Pressure
|turn|32
|
|t:|1743859112
|move|p1a: Weavile|Knock Off|p2a: Samurott
|-resisted|p2a: Samurott
|-damage|p2a: Samurott|0 fnt
|-enditem|p2a: Samurott|Focus Sash|[from] move: Knock Off|[of] p1a: Weavile
|faint|p2a: Samurott
|
|upkeep
|
|t:|1743859117
|switch|p2a: Keldeo|Keldeo|57/100
|-damage|p2a: Keldeo|40/100|[from] Spikes
|-damage|p2a: Keldeo|34/100|[from] Stealth Rock
|turn|33
|
|t:|1743859129
|-terastallize|p1a: Weavile|Ghost
|move|p1a: Weavile|Triple Axel|p2a: Keldeo|[miss]
|-miss|p1a: Weavile|p2a: Keldeo
|move|p2a: Keldeo|Flip Turn|p1a: Weavile
|-damage|p1a: Weavile|32/100
|
|t:|1743859136
|switch|p2a: Dragapult|Dragapult, F|84/100|[from] Flip Turn
|
|upkeep
|turn|34
|
|t:|1743859141
|move|p1a: Weavile|Ice Shard|p2a: Dragapult
|-supereffective|p2a: Dragapult
|-damage|p2a: Dragapult|33/100
|move|p2a: Dragapult|Hex|p1a: Weavile
|-supereffective|p1a: Weavile
|-damage|p1a: Weavile|0 fnt
|faint|p1a: Weavile
|
|upkeep
|
|t:|1743859147
|switch|p1a: Gholdengo|Gholdengo|97/100
|-damage|p1a: Gholdengo|72/100|[from] Spikes
|turn|35
|l|☆oddballfall
|inactive|oddballfall disconnected and has a minute to reconnect!
|player|p1|
|
|t:|1743859172
|move|p2a: Dragapult|U-turn|p1a: Gholdengo
|-resisted|p1a: Gholdengo
|-damage|p1a: Gholdengo|69/100
|
|t:|1743859176
|switch|p2a: Keldeo|Keldeo|34/100|[from] U-turn
|-damage|p2a: Keldeo|18/100|[from] Spikes
|-damage|p2a: Keldeo|12/100|[from] Stealth Rock
|move|p1a: Gholdengo|Hex|p2a: Keldeo
|-damage|p2a: Keldeo|0 fnt
|faint|p2a: Keldeo
|
|upkeep
|
|t:|1743859184
|switch|p2a: Kingambit|Kingambit, M|94/100 par
|-damage|p2a: Kingambit|78/100 par|[from] Spikes
|-damage|p2a: Kingambit|72/100 par|[from] Stealth Rock
|-activate|p2a: Kingambit|ability: Supreme Overlord
|-start|p2a: Kingambit|fallen3|[silent]
|turn|36
|inactive|oddballfall has 30 seconds to reconnect!
|j|☆oddballfall
|inactive|oddballfall reconnected and has 120 seconds left.
|player|p1|oddballfall|lucas|
|
|t:|1743859226
|switch|p1a: Salamence|Salamence, F|99/100 par
|-ability|p1a: Salamence|Intimidate|boost
|-unboost|p2a: Kingambit|atk|1
|move|p2a: Kingambit|Swords Dance|p2a: Kingambit
|-boost|p2a: Kingambit|atk|2
|
|-heal|p2a: Kingambit|78/100 par|[from] item: Leftovers
|upkeep
|turn|37
|inactive|love is simple has 120 seconds left.
|
|t:|1743859267
|-terastallize|p2a: Kingambit|Ghost
|move|p1a: Salamence|Earthquake|p2a: Kingambit
|-damage|p2a: Kingambit|47/100 par
|cant|p2a: Kingambit|par
|
|-heal|p2a: Kingambit|54/100 par|[from] item: Leftovers
|upkeep
|turn|38
|inactive|oddballfall has 120 seconds left.
|
|t:|1743859287
|move|p2a: Kingambit|Kowtow Cleave|p1a: Salamence
|-damage|p1a: Salamence|2/100 par
|move|p1a: Salamence|Dragon Tail|p2a: Kingambit
|-damage|p2a: Kingambit|25/100 par
|-end|p2a: Kingambit|fallen3|[silent]
|drag|p2a: Slowking|Slowking-Galar, M|94/100 par
|
|upkeep
|turn|39
|
|t:|1743859298
|move|p1a: Salamence|Roost|p1a: Salamence
|-heal|p1a: Salamence|52/100 par
|-singleturn|p1a: Salamence|move: Roost
|cant|p2a: Slowking|par
|
|upkeep
|turn|40
|
|t:|1743859304
|move|p1a: Salamence|Roost|p1a: Salamence
|-heal|p1a: Salamence|100/100 par
|-singleturn|p1a: Salamence|move: Roost
|-prepare|p2a: Slowking|Chilly Reception|[premajor]
|move|p2a: Slowking|Chilly Reception|p2a: Slowking
|-weather|Snowscape
|
|t:|1743859307
|switch|p2a: Dragapult|Dragapult, F|33/100|[from] Chilly Reception
|
|-weather|Snowscape|[upkeep]
|upkeep
|turn|41
|
|t:|1743859315
|move|p2a: Dragapult|Hex|p1a: Salamence
|-damage|p1a: Salamence|46/100 par
|move|p1a: Salamence|Earthquake|p2a: Dragapult
|-crit|p2a: Dragapult
|-damage|p2a: Dragapult|0 fnt
|faint|p2a: Dragapult
|
|-weather|Snowscape|[upkeep]
|upkeep
|
|t:|1743859320
|switch|p2a: Kingambit|Kingambit, M, tera:Ghost|25/100 par
|-damage|p2a: Kingambit|8/100 par|[from] Spikes
|-damage|p2a: Kingambit|0 fnt|[from] Stealth Rock
|faint|p2a: Kingambit
|-end|p2a: Kingambit|fallen3|[silent]
|-message|love is simple forfeited.
|
|win|oddballfall
|raw|oddballfall's rating: 1397 &rarr; <strong>1420</strong><br />(+23 for winning)
|raw|love is simple's rating: 1443 &rarr; <strong>1420</strong><br />(-23 for losing)
|l|☆love is simple
|player|p2|
