|j|☆Na7icf
|j|☆Fayge
|t:|1743815126
|gametype|singles
|player|p1|Na7icf|iris|1314
|player|p2|Fayge|1|1297
|teamsize|p1|6
|teamsize|p2|6
|gen|9
|tier|[Gen 9] OU
|rated|
|rule|HP Percentage Mod: HP is shown in percentages
|rule|Endless Battle Clause: Forcing endless battles is banned
|rule|Species Clause: Limit one of each Pokémon
|rule|OHKO Clause: OHKO moves are banned
|rule|Evasion Items Clause: Evasion items are banned
|rule|Evasion Moves Clause: Evasion moves are banned
|rule|Sleep Moves Clause: Sleep-inducing moves are banned
|clearpoke
|poke|p1|Ting-Lu|
|poke|p1|Corviknight, M|
|poke|p1|Alomomola, M|
|poke|p1|Darkrai|
|poke|p1|Slither Wing|
|poke|p1|Donphan, L6, M|
|poke|p2|Arcanine, M|
|poke|p2|Glimmora, F|
|poke|p2|Great Tusk|
|poke|p2|Moltres|
|poke|p2|Meowscarada, F|
|poke|p2|Dragapult, M|
|teampreview
|
|t:|1743815140
|start
|switch|p1a: Corviknight|Corviknight, M|100/100
|switch|p2a: Meowscarada|Meowscarada, F|100/100
|turn|1
|
|t:|1743815144
|move|p2a: Meowscarada|Knock Off|p1a: Corviknight
|-start|p2a: Meowscarada|typechange|Dark|[from] ability: Protean
|-damage|p1a: Corviknight|48/100
|-enditem|p1a: Corviknight|Leftovers|[from] move: Knock Off|[of] p2a: Meowscarada
|move|p1a: Corviknight|Nasty Plot|p1a: Corviknight
|-boost|p1a: Corviknight|spa|2
|
|upkeep
|turn|2
|
|t:|1743815156
|switch|p2a: Glimmora|Glimmora, F|100/100
|move|p1a: Corviknight|Roost|p1a: Corviknight
|-heal|p1a: Corviknight|98/100
|-singleturn|p1a: Corviknight|move: Roost
|
|upkeep
|turn|3
|
|t:|1743815160
|-terastallize|p1a: Corviknight|Ground
|move|p2a: Glimmora|Power Gem|p1a: Corviknight
|-resisted|p1a: Corviknight
|-damage|p1a: Corviknight|79/100
|move|p1a: Corviknight|Tera Blast|p2a: Glimmora|[anim] Tera Blast Ground
|-supereffective|p2a: Glimmora
|-enditem|p2a: Glimmora|Focus Sash
|-damage|p2a: Glimmora|1/100
|
|upkeep
|turn|4
|
|t:|1743815169
|move|p2a: Glimmora|Mortal Spin|p1a: Corviknight
|-resisted|p1a: Corviknight
|-damage|p1a: Corviknight|77/100
|-status|p1a: Corviknight|psn
|move|p1a: Corviknight|Tera Blast|p2a: Glimmora|[anim] Tera Blast Ground
|-supereffective|p2a: Glimmora
|-damage|p2a: Glimmora|0 fnt
|faint|p2a: Glimmora
|
|-damage|p1a: Corviknight|64/100 psn|[from] psn
|upkeep
|c|☆Fayge|I have too much questions
|
|t:|1743815181
|switch|p2a: Meowscarada|Meowscarada, F|100/100
|turn|5
|
|t:|1743815184
|move|p2a: Meowscarada|U-turn|p1a: Corviknight
|-start|p2a: Meowscarada|typechange|Bug|[from] ability: Protean
|-damage|p1a: Corviknight|25/100 psn
|
|t:|1743815189
|switch|p2a: Moltres|Moltres|100/100|[from] U-turn
|move|p1a: Corviknight|Hurricane|p2a: Moltres|[miss]
|-miss|p1a: Corviknight|p2a: Moltres
|
|-damage|p1a: Corviknight|12/100 psn|[from] psn
|upkeep
|turn|6
|c|☆Na7icf|You will have more questions
|c|☆Na7icf|My team is very strange
|
|t:|1743815202
|move|p2a: Moltres|Flamethrower|p1a: Corviknight
|-damage|p1a: Corviknight|0 fnt
|faint|p1a: Corviknight
|
|upkeep
|
|t:|1743815205
|switch|p1a: Ting-Lu|Ting-Lu|100/100
|-ability|p1a: Ting-Lu|Vessel of Ruin
|turn|7
|
|t:|1743815208
|move|p2a: Moltres|Will-O-Wisp|p1a: Ting-Lu
|-status|p1a: Ting-Lu|brn
|move|p1a: Ting-Lu|Stone Edge|p2a: Moltres
|-supereffective|p2a: Moltres
|-damage|p2a: Moltres|32/100
|
|-damage|p1a: Ting-Lu|94/100 brn|[from] brn
|upkeep
|turn|8
|
|t:|1743815216
|switch|p2a: Great Tusk|Great Tusk|100/100
|move|p1a: Ting-Lu|Stone Edge|p2a: Great Tusk
|-resisted|p2a: Great Tusk
|-damage|p2a: Great Tusk|96/100
|
|-damage|p1a: Ting-Lu|88/100 brn|[from] brn
|upkeep
|turn|9
|
|t:|1743815223
|switch|p1a: Alomomola|Alomomola, M|100/100
|move|p2a: Great Tusk|Knock Off|p1a: Alomomola
|-damage|p1a: Alomomola|83/100
|-enditem|p1a: Alomomola|Liechi Berry|[from] move: Knock Off|[of] p2a: Great Tusk
|
|upkeep
|turn|10
|
|t:|1743815230
|-end|p2a: Great Tusk|Protosynthesis|[silent]
|switch|p2a: Dragapult|Dragapult, M|100/100
|move|p1a: Alomomola|Acrobatics|p2a: Dragapult
|-damage|p2a: Dragapult|74/100
|
|upkeep
|turn|11
|c|☆Fayge|YO WTF
|
|t:|1743815239
|move|p2a: Dragapult|Draco Meteor|p1a: Alomomola
|-damage|p1a: Alomomola|0 fnt
|-unboost|p2a: Dragapult|spa|2
|faint|p1a: Alomomola
|
|upkeep
|
|t:|1743815246
|switch|p1a: Darkrai|Darkrai|100/100
|turn|12
|
|t:|1743815255
|switch|p2a: Moltres|Moltres|32/100
|move|p1a: Darkrai|Ice Beam|p2a: Moltres
|-damage|p2a: Moltres|0 fnt
|faint|p2a: Moltres
|
|upkeep
|
|t:|1743815260
|switch|p2a: Arcanine|Arcanine, M, shiny|100/100
|-ability|p2a: Arcanine|Intimidate|boost
|-unboost|p1a: Darkrai|atk|1
|turn|13
|
|t:|1743815265
|switch|p1a: Ting-Lu|Ting-Lu|88/100 brn
|-ability|p1a: Ting-Lu|Vessel of Ruin
|move|p2a: Arcanine|Play Rough|p1a: Ting-Lu
|-supereffective|p1a: Ting-Lu
|-damage|p1a: Ting-Lu|64/100 brn
|
|-damage|p1a: Ting-Lu|58/100 brn|[from] brn
|upkeep
|turn|14
|
|t:|1743815272
|move|p2a: Arcanine|Curse|p2a: Arcanine
|-unboost|p2a: Arcanine|spe|1
|-boost|p2a: Arcanine|atk|1
|-boost|p2a: Arcanine|def|1
|move|p1a: Ting-Lu|Earthquake|p2a: Arcanine
|-supereffective|p2a: Arcanine
|-damage|p2a: Arcanine|43/100
|
|-heal|p2a: Arcanine|49/100|[from] item: Leftovers
|-damage|p1a: Ting-Lu|51/100 brn|[from] brn
|upkeep
|turn|15
|
|t:|1743815279
|-terastallize|p2a: Arcanine|Normal
|move|p2a: Arcanine|Curse|p2a: Arcanine
|-unboost|p2a: Arcanine|spe|1
|-boost|p2a: Arcanine|atk|1
|-boost|p2a: Arcanine|def|1
|move|p1a: Ting-Lu|Earthquake|p2a: Arcanine
|-damage|p2a: Arcanine|27/100
|
|-heal|p2a: Arcanine|34/100|[from] item: Leftovers
|-damage|p1a: Ting-Lu|45/100 brn|[from] brn
|upkeep
|turn|16
|
|t:|1743815285
|move|p1a: Ting-Lu|Earthquake|p2a: Arcanine
|-damage|p2a: Arcanine|12/100
|move|p2a: Arcanine|Curse|p2a: Arcanine
|-unboost|p2a: Arcanine|spe|1
|-boost|p2a: Arcanine|atk|1
|-boost|p2a: Arcanine|def|1
|
|-heal|p2a: Arcanine|18/100|[from] item: Leftovers
|-damage|p1a: Ting-Lu|39/100 brn|[from] brn
|upkeep
|turn|17
|
|t:|1743815291
|move|p2a: Arcanine|Extreme Speed|p1a: Ting-Lu
|-damage|p1a: Ting-Lu|0 fnt
|faint|p1a: Ting-Lu
|
|-heal|p2a: Arcanine|25/100|[from] item: Leftovers
|upkeep
|
|t:|1743815298
|switch|p1a: Slither Wing|Slither Wing|100/100
|turn|18
|
|t:|1743815303
|move|p2a: Arcanine|Extreme Speed|p1a: Slither Wing
|-damage|p1a: Slither Wing|42/100
|move|p1a: Slither Wing|Will-O-Wisp|p2a: Arcanine
|-status|p2a: Arcanine|brn
|
|-heal|p2a: Arcanine|31/100 brn|[from] item: Leftovers
|-damage|p2a: Arcanine|25/100 brn|[from] brn
|upkeep
|turn|19
|
|t:|1743815316
|move|p2a: Arcanine|Extreme Speed|p1a: Slither Wing
|-damage|p1a: Slither Wing|15/100
|move|p1a: Slither Wing|Morning Sun|p1a: Slither Wing
|-heal|p1a: Slither Wing|65/100
|
|-heal|p2a: Arcanine|31/100 brn|[from] item: Leftovers
|-damage|p2a: Arcanine|25/100 brn|[from] brn
|upkeep
|turn|20
|
|t:|1743815321
|move|p1a: Slither Wing|Morning Sun|p1a: Slither Wing
|-heal|p1a: Slither Wing|100/100
|move|p2a: Arcanine|Overheat|p1a: Slither Wing|[miss]
|-miss|p2a: Arcanine|p1a: Slither Wing
|
|-heal|p2a: Arcanine|31/100 brn|[from] item: Leftovers
|-damage|p2a: Arcanine|25/100 brn|[from] brn
|upkeep
|turn|21
|c|☆Fayge|A
|
|t:|1743815329
|move|p1a: Slither Wing|U-turn|p2a: Arcanine
|-damage|p2a: Arcanine|11/100 brn
|
|t:|1743815334
|-end|p1a: Slither Wing|Protosynthesis|[silent]
|switch|p1a: Darkrai|Darkrai|100/100|[from] U-turn
|move|p2a: Arcanine|Overheat|p1a: Darkrai
|-damage|p1a: Darkrai|38/100
|-unboost|p2a: Arcanine|spa|2
|
|-heal|p2a: Arcanine|17/100 brn|[from] item: Leftovers
|-damage|p2a: Arcanine|11/100 brn|[from] brn
|upkeep
|turn|22
|
|t:|1743815339
|switch|p1a: Slither Wing|Slither Wing|100/100
|move|p2a: Arcanine|Extreme Speed|p1a: Slither Wing
|-damage|p1a: Slither Wing|71/100
|
|-heal|p2a: Arcanine|17/100 brn|[from] item: Leftovers
|-damage|p2a: Arcanine|11/100 brn|[from] brn
|upkeep
|turn|23
|
|t:|1743815348
|move|p2a: Arcanine|Extreme Speed|p1a: Slither Wing
|-damage|p1a: Slither Wing|39/100
|move|p1a: Slither Wing|U-turn|p2a: Arcanine
|-damage|p2a: Arcanine|0 fnt
|faint|p2a: Arcanine
|
|t:|1743815351
|-end|p1a: Slither Wing|Protosynthesis|[silent]
|switch|p1a: Darkrai|Darkrai|38/100|[from] U-turn
|
|upkeep
|
|t:|1743815363
|switch|p2a: Great Tusk|Great Tusk|96/100
|turn|24
|
|t:|1743815368
|switch|p1a: Slither Wing|Slither Wing|39/100
|move|p2a: Great Tusk|Headlong Rush|p1a: Slither Wing
|-resisted|p1a: Slither Wing
|-damage|p1a: Slither Wing|13/100
|-unboost|p2a: Great Tusk|def|1
|-unboost|p2a: Great Tusk|spd|1
|
|upkeep
|turn|25
|
|t:|1743815372
|move|p1a: Slither Wing|First Impression|p2a: Great Tusk
|-resisted|p2a: Great Tusk
|-damage|p2a: Great Tusk|75/100
|-damage|p1a: Slither Wing|0 fnt|[from] item: Rocky Helmet|[of] p2a: Great Tusk
|faint|p1a: Slither Wing
|-end|p1a: Slither Wing|Protosynthesis|[silent]
|move|p2a: Great Tusk|Rapid Spin|p1: Slither Wing|[notarget]
|-fail|p2a: Great Tusk
|
|upkeep
|
|t:|1743815375
|switch|p1a: Darkrai|Darkrai|38/100
|turn|26
|
|t:|1743815392
|-end|p2a: Great Tusk|Protosynthesis|[silent]
|switch|p2a: Dragapult|Dragapult, M|74/100
|move|p1a: Darkrai|Ice Beam|p2a: Dragapult
|-supereffective|p2a: Dragapult
|-damage|p2a: Dragapult|0 fnt
|faint|p2a: Dragapult
|
|upkeep
|
|t:|1743815403
|switch|p2a: Meowscarada|Meowscarada, F|100/100
|turn|27
|
|t:|1743815406
|move|p1a: Darkrai|Ice Beam|p2a: Meowscarada
|-supereffective|p2a: Meowscarada
|-damage|p2a: Meowscarada|0 fnt
|faint|p2a: Meowscarada
|
|upkeep
|
|t:|1743815408
|switch|p2a: Great Tusk|Great Tusk|75/100
|turn|28
|
|t:|1743815412
|move|p1a: Darkrai|Ice Beam|p2a: Great Tusk
|-supereffective|p2a: Great Tusk
|-damage|p2a: Great Tusk|0 fnt
|faint|p2a: Great Tusk
|-end|p2a: Great Tusk|Protosynthesis|[silent]
|
|win|Na7icf
|raw|Na7icf's rating: 1314 &rarr; <strong>1333</strong><br />(+19 for winning)
|raw|Fayge's rating: 1297 &rarr; <strong>1273</strong><br />(-24 for losing)
|c|☆Fayge|gg
|c|☆Na7icf|gg
|l|☆Fayge
|player|p2|
