|j|☆manutrattt
|j|‽Jacobeiro
|t:|1743857098
|gametype|singles
|player|p1|manutrattt|li|1241
|player|p2|Jacobeiro|2|1285
|teamsize|p1|6
|teamsize|p2|6
|gen|9
|tier|[Gen 9] OU
|rated|
|rule|HP Percentage Mod: HP is shown in percentages
|rule|Endless Battle Clause: Forcing endless battles is banned
|rule|Species Clause: Limit one of each Pokémon
|rule|OHKO Clause: OHKO moves are banned
|rule|Evasion Items Clause: Evasion items are banned
|rule|Evasion Moves Clause: Evasion moves are banned
|rule|Sleep Moves Clause: Sleep-inducing moves are banned
|clearpoke
|poke|p1|Ninetales-Alola, F|
|poke|p1|Chandelure, M|
|poke|p1|Metagross|
|poke|p1|Lurantis, M|
|poke|p1|Gastrodon-East, M|
|poke|p1|Salamence, F|
|poke|p2|Zapdos|
|poke|p2|Toxapex, F|
|poke|p2|Great Tusk|
|poke|p2|Gholdengo|
|poke|p2|Dragonite, M|
|poke|p2|Ditto|
|teampreview
|
|t:|1743857108
|start
|switch|p1a: Ninetales|Ninetales-Alola, F|100/100
|switch|p2a: Great Tusk|Great Tusk|100/100
|-weather|Snowscape|[from] ability: Snow Warning|[of] p1a: Ninetales
|turn|1
|inactive|Battle timer is ON: inactive players will automatically lose when time's up. (requested by Jacobeiro)
|
|t:|1743857148
|-end|p2a: Great Tusk|Protosynthesis|[silent]
|switch|p2a: Toxapex|Toxapex, F|100/100
|move|p1a: Ninetales|Aurora Veil|p1a: Ninetales
|-sidestart|p1: manutrattt|move: Aurora Veil
|
|-weather|Snowscape|[upkeep]
|upkeep
|turn|2
|
|t:|1743857156
|move|p1a: Ninetales|Nasty Plot|p1a: Ninetales
|-boost|p1a: Ninetales|spa|2
|move|p2a: Toxapex|Toxic|p1a: Ninetales
|-status|p1a: Ninetales|tox
|
|-weather|Snowscape|[upkeep]
|-damage|p1a: Ninetales|94/100 tox|[from] psn
|upkeep
|turn|3
|
|t:|1743857159
|move|p1a: Ninetales|Freeze-Dry|p2a: Toxapex
|-supereffective|p2a: Toxapex
|-damage|p2a: Toxapex|41/100
|move|p2a: Toxapex|Surf|p1a: Ninetales
|-damage|p1a: Ninetales|86/100 tox
|
|-weather|Snowscape|[upkeep]
|-heal|p2a: Toxapex|47/100|[from] item: Black Sludge
|-damage|p1a: Ninetales|74/100 tox|[from] psn
|upkeep
|turn|4
|
|t:|1743857165
|move|p2a: Toxapex|Baneful Bunker|p2a: Toxapex
|-singleturn|p2a: Toxapex|move: Protect
|move|p1a: Ninetales|Freeze-Dry|p2a: Toxapex
|-activate|p2a: Toxapex|move: Protect
|
|-weather|Snowscape|[upkeep]
|-heal|p2a: Toxapex|53/100|[from] item: Black Sludge
|-damage|p1a: Ninetales|56/100 tox|[from] psn
|upkeep
|turn|5
|
|t:|1743857167
|switch|p2a: Gholdengo|Gholdengo|100/100
|-item|p2a: Gholdengo|Air Balloon
|move|p1a: Ninetales|Freeze-Dry|p2a: Gholdengo
|-resisted|p2a: Gholdengo
|-damage|p2a: Gholdengo|78/100
|-enditem|p2a: Gholdengo|Air Balloon
|
|-weather|none
|-damage|p1a: Ninetales|32/100 tox|[from] psn
|upkeep
|turn|6
|
|t:|1743857181
|switch|p1a: Gastrodon|Gastrodon-East, M|100/100
|move|p2a: Gholdengo|Shadow Ball|p1a: Gastrodon
|-damage|p1a: Gastrodon|82/100
|
|upkeep
|turn|7
|
|t:|1743857187
|move|p2a: Gholdengo|Nasty Plot|p2a: Gholdengo
|-boost|p2a: Gholdengo|spa|2
|move|p1a: Gastrodon|Stealth Rock|p2a: Gholdengo
|-sidestart|p2: Jacobeiro|move: Stealth Rock
|
|upkeep
|turn|8
|
|t:|1743857190
|move|p2a: Gholdengo|Shadow Ball|p1a: Gastrodon
|-damage|p1a: Gastrodon|40/100
|move|p1a: Gastrodon|Earth Power|p2a: Gholdengo
|-supereffective|p2a: Gholdengo
|-crit|p2a: Gholdengo
|-damage|p2a: Gholdengo|0 fnt
|faint|p2a: Gholdengo
|
|-sideend|p1: manutrattt|move: Aurora Veil
|upkeep
|
|t:|1743857199
|switch|p2a: Great Tusk|Great Tusk|100/100
|-damage|p2a: Great Tusk|98/100|[from] Stealth Rock
|turn|9
|
|t:|1743857204
|move|p2a: Great Tusk|Stealth Rock|p1a: Gastrodon
|-sidestart|p1: manutrattt|move: Stealth Rock
|move|p1a: Gastrodon|Recover|p1a: Gastrodon
|-heal|p1a: Gastrodon|90/100
|
|upkeep
|turn|10
|
|t:|1743857210
|move|p2a: Great Tusk|Ice Spinner|p1a: Gastrodon
|-damage|p1a: Gastrodon|70/100
|-damage|p2a: Great Tusk|81/100|[from] item: Rocky Helmet|[of] p1a: Gastrodon
|move|p1a: Gastrodon|Surf|p2a: Great Tusk
|-supereffective|p2a: Great Tusk
|-damage|p2a: Great Tusk|0 fnt
|faint|p2a: Great Tusk
|-end|p2a: Great Tusk|Protosynthesis|[silent]
|
|upkeep
|
|t:|1743857215
|switch|p2a: Dragonite|Dragonite, M|100/100
|turn|11
|
|t:|1743857234
|switch|p1a: Lurantis|Lurantis, M, shiny|100/100
|move|p2a: Dragonite|Dragon Dance|p2a: Dragonite
|-boost|p2a: Dragonite|atk|1
|-boost|p2a: Dragonite|spe|1
|
|upkeep
|turn|12
|
|t:|1743857243
|move|p2a: Dragonite|Dragon Dance|p2a: Dragonite
|-boost|p2a: Dragonite|atk|1
|-boost|p2a: Dragonite|spe|1
|move|p1a: Lurantis|Defog|p2a: Dragonite
|-unboost|p2a: Dragonite|evasion|1
|-sideend|p2: Jacobeiro|Stealth Rock|[from] move: Defog|[of] p1a: Lurantis
|-sideend|p1: manutrattt|Stealth Rock|[from] move: Defog|[of] p1a: Lurantis
|
|upkeep
|turn|13
|
|t:|1743857252
|move|p2a: Dragonite|Ice Spinner|p1a: Lurantis
|-supereffective|p1a: Lurantis
|-damage|p1a: Lurantis|0 fnt
|faint|p1a: Lurantis
|
|upkeep
|
|t:|1743857261
|switch|p1a: Metagross|Metagross|100/100
|turn|14
|
|t:|1743857269
|move|p2a: Dragonite|Earthquake|p1a: Metagross
|-supereffective|p1a: Metagross
|-damage|p1a: Metagross|0 fnt
|faint|p1a: Metagross
|
|upkeep
|
|t:|1743857276
|switch|p1a: Ninetales|Ninetales-Alola, F|32/100 tox
|-weather|Snowscape|[from] ability: Snow Warning|[of] p1a: Ninetales
|turn|15
|
|t:|1743857282
|move|p2a: Dragonite|Earthquake|p1a: Ninetales
|-damage|p1a: Ninetales|0 fnt
|faint|p1a: Ninetales
|
|-weather|Snowscape|[upkeep]
|upkeep
|
|t:|1743857293
|switch|p1a: Chandelure|Chandelure, M, shiny|100/100
|turn|16
|
|t:|1743857299
|move|p2a: Dragonite|Earthquake|p1a: Chandelure
|-supereffective|p1a: Chandelure
|-damage|p1a: Chandelure|0 fnt
|faint|p1a: Chandelure
|
|-weather|Snowscape|[upkeep]
|upkeep
|
|t:|1743857304
|switch|p1a: Salamence|Salamence, F|100/100
|turn|17
|
|t:|1743857309
|-terastallize|p2a: Dragonite|Normal
|-terastallize|p1a: Salamence|Steel
|move|p2a: Dragonite|Ice Spinner|p1a: Salamence
|-resisted|p1a: Salamence
|-damage|p1a: Salamence|60/100
|move|p1a: Salamence|Dragon Dance|p1a: Salamence
|-boost|p1a: Salamence|atk|1
|-boost|p1a: Salamence|spe|1
|
|-weather|Snowscape|[upkeep]
|upkeep
|turn|18
|
|t:|1743857318
|move|p2a: Dragonite|Extreme Speed|p1a: Salamence
|-resisted|p1a: Salamence
|-damage|p1a: Salamence|1/100
|move|p1a: Salamence|Outrage|p2a: Dragonite
|-damage|p2a: Dragonite|52/100
|
|-weather|Snowscape|[upkeep]
|upkeep
|turn|19
|
|t:|1743857324
|move|p2a: Dragonite|Extreme Speed|p1a: Salamence
|-resisted|p1a: Salamence
|-damage|p1a: Salamence|0 fnt
|faint|p1a: Salamence
|
|-weather|none
|upkeep
|
|t:|1743857329
|switch|p1a: Gastrodon|Gastrodon-East, M|70/100
|turn|20
|
|t:|1743857335
|move|p2a: Dragonite|Extreme Speed|p1a: Gastrodon
|-damage|p1a: Gastrodon|2/100
|-damage|p2a: Dragonite|35/100|[from] item: Rocky Helmet|[of] p1a: Gastrodon
|move|p1a: Gastrodon|Recover|p1a: Gastrodon
|-heal|p1a: Gastrodon|52/100
|
|upkeep
|turn|21
|
|t:|1743857340
|move|p2a: Dragonite|Extreme Speed|p1a: Gastrodon
|-damage|p1a: Gastrodon|0 fnt
|-damage|p2a: Dragonite|19/100|[from] item: Rocky Helmet|[of] p1a: Gastrodon
|faint|p1a: Gastrodon
|
|win|Jacobeiro
|raw|manutrattt's rating: 1241 &rarr; <strong>1219</strong><br />(-22 for losing)
|raw|Jacobeiro's rating: 1285 &rarr; <strong>1307</strong><br />(+22 for winning)
|l|☆manutrattt
|player|p1|
|l|‽Jacobeiro
|player|p2|
