|j|☆arkeis
|j|☆Vampere151
|inactive|Battle timer is ON: inactive players will automatically lose when time's up.
|t:|1743798004
|gametype|singles
|player|p1|arkeis|2|
|player|p2|Vampere151|elio|
|teamsize|p1|6
|teamsize|p2|6
|gen|9
|tier|[Gen 9] OU
|rated|Tournament battle
|rule|HP Percentage Mod: HP is shown in percentages
|rule|Endless Battle Clause: Forcing endless battles is banned
|rule|Species Clause: Limit one of each Pokémon
|rule|OHKO Clause: OHKO moves are banned
|rule|Evasion Items Clause: Evasion items are banned
|rule|Evasion Moves Clause: Evasion moves are banned
|rule|Sleep Moves Clause: Sleep-inducing moves are banned
|rule|Scalemons Mod: Every Pokemon's stats, barring HP, are scaled to come as close to a BST of 600 as possible
|clearpoke
|poke|p1|Makuhita, F|
|poke|p1|Clodsire, M|
|poke|p1|Cranidos, F|
|poke|p1|Chansey, F|
|poke|p1|Sandygast, M|
|poke|p1|Glimmet, F|
|poke|p2|Marill, M|
|poke|p2|Gastly, F|
|poke|p2|Minccino, F|
|poke|p2|Iron Valiant|
|poke|p2|Pawniard, F|
|poke|p2|Landorus-Therian, M|
|teampreview
|j|*Lady Monita ❄
|
|t:|1743798030
|start
|switch|p1a: Glimmet|Glimmet, F|100/100
|switch|p2a: Landorus|Landorus-Therian, M|100/100
|-ability|p2a: Landorus|Intimidate|boost
|-unboost|p1a: Glimmet|atk|1
|turn|1
|
|t:|1743798036
|move|p1a: Glimmet|Power Gem|p2a: Landorus
|-damage|p2a: Landorus|36/100
|move|p2a: Landorus|Earth Power|p1a: Glimmet
|-supereffective|p1a: Glimmet
|-damage|p1a: Glimmet|0 fnt
|faint|p1a: Glimmet
|
|upkeep
|
|t:|1743798045
|switch|p1a: Cranidos|Cranidos, F|100/100
|turn|2
|
|t:|1743798057
|move|p1a: Cranidos|Rock Slide|p2a: Landorus
|-damage|p2a: Landorus|0 fnt
|faint|p2a: Landorus
|
|upkeep
|
|t:|1743798063
|switch|p2a: Iron Valiant|Iron Valiant|100/100
|-enditem|p2a: Iron Valiant|Booster Energy
|-activate|p2a: Iron Valiant|ability: Quark Drive|[fromitem]
|-start|p2a: Iron Valiant|quarkdrivespe
|turn|3
|j| Arepa asada
|
|t:|1743798077
|switch|p1a: Clodsire|Clodsire, M|100/100
|move|p2a: Iron Valiant|Calm Mind|p2a: Iron Valiant
|-boost|p2a: Iron Valiant|spa|1
|-boost|p2a: Iron Valiant|spd|1
|
|upkeep
|turn|4
|
|t:|1743798085
|move|p2a: Iron Valiant|Shadow Ball|p1a: Clodsire
|-damage|p1a: Clodsire|86/100
|move|p1a: Clodsire|Earthquake|p2a: Iron Valiant
|-damage|p2a: Iron Valiant|51/100
|
|-heal|p1a: Clodsire|93/100|[from] item: Black Sludge
|upkeep
|turn|5
|
|t:|1743798094
|-end|p2a: Iron Valiant|Quark Drive|[silent]
|switch|p2a: Gastly|Gastly, F|100/100
|move|p1a: Clodsire|Earthquake|p2a: Gastly
|-immune|p2a: Gastly|[from] ability: Levitate
|
|-heal|p1a: Clodsire|99/100|[from] item: Black Sludge
|upkeep
|turn|6
|
|t:|1743798099
|switch|p1a: Chansey|Chansey, F|100/100
|move|p2a: Gastly|Shadow Ball|p1a: Chansey
|-immune|p1a: Chansey
|
|upkeep
|turn|7
|
|t:|1743798104
|switch|p2a: Pawniard|Pawniard, F|100/100
|move|p1a: Chansey|Thunder Wave|p2a: Pawniard|[miss]
|-miss|p1a: Chansey|p2a: Pawniard
|
|upkeep
|turn|8
|
|t:|1743798126
|move|p2a: Pawniard|Swords Dance|p2a: Pawniard
|-boost|p2a: Pawniard|atk|2
|move|p1a: Chansey|Thunder Wave|p2a: Pawniard
|-status|p2a: Pawniard|par
|
|upkeep
|turn|9
|
|t:|1743798136
|switch|p1a: Sandygast|Sandygast, M|100/100
|move|p2a: Pawniard|Iron Head|p1a: Sandygast
|-damage|p1a: Sandygast|24/100
|-damage|p2a: Pawniard|91/100 par|[from] item: Life Orb
|
|-heal|p1a: Sandygast|30/100|[from] item: Leftovers
|upkeep
|turn|10
|
|t:|1743798158
|move|p2a: Pawniard|Iron Head|p1a: Sandygast
|-damage|p1a: Sandygast|0 fnt
|faint|p1a: Sandygast
|-damage|p2a: Pawniard|81/100 par|[from] item: Life Orb
|
|upkeep
|
|t:|1743798161
|switch|p1a: Makuhita|Makuhita, F|100/100
|turn|11
|
|t:|1743798176
|move|p1a: Makuhita|Fake Out|p2a: Pawniard
|-resisted|p2a: Pawniard
|-damage|p2a: Pawniard|72/100 par
|cant|p2a: Pawniard|flinch
|
|-status|p1a: Makuhita|brn|[from] item: Flame Orb
|upkeep
|turn|12
|
|t:|1743798185
|switch|p2a: Gastly|Gastly, F|100/100
|move|p1a: Makuhita|Drain Punch|p2a: Gastly
|-immune|p2a: Gastly
|
|-damage|p1a: Makuhita|95/100 brn|[from] brn
|upkeep
|turn|13
|
|t:|1743798189
|switch|p1a: Chansey|Chansey, F|100/100
|move|p2a: Gastly|Sludge Bomb|p1a: Chansey
|-damage|p1a: Chansey|85/100
|
|-heal|p1a: Chansey|91/100|[from] item: Leftovers
|upkeep
|turn|14
|
|t:|1743798196
|switch|p2a: Pawniard|Pawniard, F|72/100 par
|move|p1a: Chansey|Shadow Ball|p2a: Pawniard
|-resisted|p2a: Pawniard
|-damage|p2a: Pawniard|63/100 par
|
|-heal|p1a: Chansey|97/100|[from] item: Leftovers
|upkeep
|turn|15
|
|t:|1743798199
|switch|p1a: Makuhita|Makuhita, F|95/100 brn
|move|p2a: Pawniard|Iron Head|p1a: Makuhita
|-damage|p1a: Makuhita|4/100 brn
|-damage|p2a: Pawniard|54/100 par|[from] item: Life Orb
|
|-damage|p1a: Makuhita|0 fnt|[from] brn
|faint|p1a: Makuhita
|upkeep
|
|t:|1743798204
|switch|p1a: Cranidos|Cranidos, F|100/100
|turn|16
|
|t:|1743798212
|switch|p2a: Gastly|Gastly, F|100/100
|move|p1a: Cranidos|Head Smash|p2a: Gastly
|-damage|p2a: Gastly|0 fnt
|faint|p2a: Gastly
|-damage|p1a: Cranidos|64/100|[from] Recoil
|
|upkeep
|
|t:|1743798218
|switch|p2a: Marill|Marill, M|100/100
|turn|17
|
|t:|1743798222
|switch|p1a: Clodsire|Clodsire, M|99/100
|move|p2a: Marill|Aqua Jet|p1a: Clodsire
|-supereffective|p1a: Clodsire
|-damage|p1a: Clodsire|51/100
|
|-heal|p1a: Clodsire|57/100|[from] item: Black Sludge
|upkeep
|turn|18
|
|t:|1743798231
|-terastallize|p2a: Marill|Water
|-terastallize|p1a: Clodsire|Steel
|move|p2a: Marill|Aqua Jet|p1a: Clodsire
|-damage|p1a: Clodsire|24/100
|move|p1a: Clodsire|Recover|p1a: Clodsire
|-heal|p1a: Clodsire|74/100
|
|-damage|p1a: Clodsire|62/100|[from] item: Black Sludge
|upkeep
|turn|19
|
|t:|1743798237
|move|p2a: Marill|Aqua Jet|p1a: Clodsire
|-damage|p1a: Clodsire|31/100
|move|p1a: Clodsire|Recover|p1a: Clodsire
|-heal|p1a: Clodsire|81/100
|
|-damage|p1a: Clodsire|68/100|[from] item: Black Sludge
|upkeep
|turn|20
|
|t:|1743798242
|switch|p2a: Iron Valiant|Iron Valiant|51/100
|move|p1a: Clodsire|Recover|p1a: Clodsire
|-heal|p1a: Clodsire|100/100
|
|-damage|p1a: Clodsire|88/100|[from] item: Black Sludge
|upkeep
|turn|21
|
|t:|1743798252
|switch|p1a: Chansey|Chansey, F|97/100
|move|p2a: Iron Valiant|Encore||[still]
|-fail|p2a: Iron Valiant
|
|-heal|p1a: Chansey|100/100|[from] item: Leftovers
|upkeep
|turn|22
|
|t:|1743798258
|move|p2a: Iron Valiant|Moonblast|p1a: Chansey
|-damage|p1a: Chansey|87/100
|-unboost|p1a: Chansey|spa|1
|move|p1a: Chansey|Thunder Wave|p2a: Iron Valiant
|-status|p2a: Iron Valiant|par
|
|-heal|p1a: Chansey|94/100|[from] item: Leftovers
|upkeep
|turn|23
|
|t:|1743798270
|move|p1a: Chansey|Seismic Toss|p2a: Iron Valiant
|-damage|p2a: Iron Valiant|16/100 par
|move|p2a: Iron Valiant|Encore|p1a: Chansey
|-start|p1a: Chansey|Encore
|
|-heal|p1a: Chansey|99/100|[from] item: Leftovers
|upkeep
|turn|24
|
|t:|1743798280
|-end|p2a: Iron Valiant|Quark Drive|[silent]
|switch|p2a: Marill|Marill, M, tera:Water|100/100
|move|p1a: Chansey|Seismic Toss|p2a: Marill
|-damage|p2a: Marill|71/100
|
|-heal|p1a: Chansey|100/100|[from] item: Leftovers
|upkeep
|turn|25
|
|t:|1743798293
|move|p2a: Marill|Liquidation|p1a: Chansey
|-damage|p1a: Chansey|0 fnt
|faint|p1a: Chansey
|
|upkeep
|
|t:|1743798307
|switch|p1a: Cranidos|Cranidos, F|64/100
|turn|26
|
|t:|1743798314
|switch|p2a: Iron Valiant|Iron Valiant|16/100 par
|move|p1a: Cranidos|Rock Slide|p2a: Iron Valiant
|-resisted|p2a: Iron Valiant
|-damage|p2a: Iron Valiant|0 fnt
|faint|p2a: Iron Valiant
|-end|p2a: Iron Valiant|Quark Drive|[silent]
|
|upkeep
|
|t:|1743798317
|switch|p2a: Marill|Marill, M, tera:Water|71/100
|turn|27
|
|t:|1743798325
|switch|p1a: Clodsire|Clodsire, M, tera:Steel|88/100
|switch|p2a: Pawniard|Pawniard, F|54/100 par
|
|-damage|p1a: Clodsire|75/100|[from] item: Black Sludge
|upkeep
|turn|28
|
|t:|1743798332
|cant|p2a: Pawniard|par
|move|p1a: Clodsire|Earthquake|p2a: Pawniard
|-supereffective|p2a: Pawniard
|-damage|p2a: Pawniard|0 fnt
|faint|p2a: Pawniard
|
|-damage|p1a: Clodsire|63/100|[from] item: Black Sludge
|upkeep
|
|t:|1743798338
|switch|p2a: Marill|Marill, M, tera:Water|71/100
|turn|29
|
|t:|1743798344
|move|p2a: Marill|Liquidation|p1a: Clodsire
|-damage|p1a: Clodsire|0 fnt
|faint|p1a: Clodsire
|
|upkeep
|-message|arkeis forfeited.
|
|win|Vampere151
|n|☆arkeis|arkeis
|n|☆Vampere151|vampere151
|n|*Lady Monita ❄|ladymonita
|n| Arepa asada|arepaasada
