|j|☆capitainecrash
|j|☆logannick02
|t:|1743908215
|gametype|singles
|player|p1|capitainecrash|lyra|1330
|player|p2|logannick02|266|1292
|teamsize|p1|6
|teamsize|p2|6
|gen|9
|tier|[Gen 9] OU
|rated|
|rule|HP Percentage Mod: HP is shown in percentages
|rule|Endless Battle Clause: Forcing endless battles is banned
|rule|Species Clause: Limit one of each Pokémon
|rule|OHKO Clause: OHKO moves are banned
|rule|Evasion Items Clause: Evasion items are banned
|rule|Evasion Moves Clause: Evasion moves are banned
|rule|Sleep Moves Clause: Sleep-inducing moves are banned
|clearpoke
|poke|p1|Kingambit, F|
|poke|p1|Dragapult, M|
|poke|p1|Landorus-Therian, M|
|poke|p1|Primarina, F|
|poke|p1|Zapdos|
|poke|p1|Cinderace, F|
|poke|p2|Scizor, F|
|poke|p2|Zamazenta-*|
|poke|p2|Enamorus, F|
|poke|p2|Dragapult, M|
|poke|p2|Iron Treads|
|poke|p2|Greninja-*, M|
|teampreview
|inactive|Battle timer is ON: inactive players will automatically lose when time's up. (requested by capitainecrash)
|
|t:|1743908244
|start
|switch|p1a: Landorus|Landorus-Therian, M|100/100
|switch|p2a: Enamorus|Enamorus, F|100/100
|-ability|p1a: Landorus|Intimidate|boost
|-unboost|p2a: Enamorus|atk|1
|turn|1
|
|t:|1743908258
|move|p2a: Enamorus|Taunt|p1a: Landorus
|-start|p1a: Landorus|move: Taunt
|cant|p1a: Landorus|move: Taunt|Stealth Rock
|
|upkeep
|turn|2
|
|t:|1743908273
|move|p2a: Enamorus|Calm Mind|p2a: Enamorus
|-boost|p2a: Enamorus|spa|1
|-boost|p2a: Enamorus|spd|1
|move|p1a: Landorus|U-turn|p2a: Enamorus
|-resisted|p2a: Enamorus
|-crit|p2a: Enamorus
|-damage|p2a: Enamorus|88/100
|
|t:|1743908285
|switch|p1a: Cinderace|Cinderace, F|100/100|[from] U-turn
|
|-heal|p2a: Enamorus|94/100|[from] item: Leftovers
|upkeep
|turn|3
|
|t:|1743908291
|move|p1a: Cinderace|Pyro Ball|p2a: Enamorus
|-crit|p2a: Enamorus
|-damage|p2a: Enamorus|0 fnt
|faint|p2a: Enamorus
|
|upkeep
|
|t:|1743908306
|switch|p2a: Greninja|Greninja, M|100/100
|turn|4
|
|t:|1743908315
|switch|p1a: Primarina|Primarina, F|100/100
|move|p2a: Greninja|Surf|p1a: Primarina
|-start|p2a: Greninja|typechange|Water|[from] ability: Protean
|-resisted|p1a: Primarina
|-damage|p1a: Primarina|77/100
|
|-heal|p1a: Primarina|83/100|[from] item: Leftovers
|upkeep
|turn|5
|inactive|logannick02 has 120 seconds left.
|inactive|logannick02 has 90 seconds left.
|
|t:|1743908380
|switch|p2a: Scizor|Scizor, F|100/100
|move|p1a: Primarina|Calm Mind|p1a: Primarina
|-boost|p1a: Primarina|spa|1
|-boost|p1a: Primarina|spd|1
|
|-heal|p1a: Primarina|89/100|[from] item: Leftovers
|upkeep
|turn|6
|
|t:|1743908394
|move|p2a: Scizor|Bullet Punch|p1a: Primarina
|-damage|p1a: Primarina|39/100
|move|p1a: Primarina|Psychic Noise|p2a: Scizor
|-damage|p2a: Scizor|42/100
|-start|p2a: Scizor|move: Heal Block
|
|-heal|p1a: Primarina|45/100|[from] item: Leftovers
|upkeep
|turn|7
|
|t:|1743908403
|move|p2a: Scizor|Bullet Punch|p1a: Primarina
|-damage|p1a: Primarina|0 fnt
|faint|p1a: Primarina
|
|-end|p2a: Scizor|move: Heal Block
|upkeep
|
|t:|1743908423
|switch|p1a: Dragapult|Dragapult, M|100/100
|turn|8
|
|t:|1743908436
|-terastallize|p2a: Scizor|Steel
|move|p2a: Scizor|Bullet Punch|p1a: Dragapult
|-damage|p1a: Dragapult|7/100
|move|p1a: Dragapult|U-turn|p2a: Scizor
|-resisted|p2a: Scizor
|-damage|p2a: Scizor|25/100
|
|t:|1743908443
|switch|p1a: Kingambit|Kingambit, F|100/100|[from] U-turn
|-activate|p1a: Kingambit|ability: Supreme Overlord
|-start|p1a: Kingambit|fallen1|[silent]
|
|upkeep
|turn|9
|inactive|logannick02 has 120 seconds left.
|
|t:|1743908461
|switch|p2a: Zamazenta|Zamazenta|100/100
|-ability|p2a: Zamazenta|Dauntless Shield|boost
|-boost|p2a: Zamazenta|def|1
|move|p1a: Kingambit|Swords Dance|p1a: Kingambit
|-boost|p1a: Kingambit|atk|2
|
|upkeep
|turn|10
|inactive|logannick02 has 120 seconds left.
|
|t:|1743908467
|move|p2a: Zamazenta|Iron Defense|p2a: Zamazenta
|-boost|p2a: Zamazenta|def|2
|move|p1a: Kingambit|Iron Head|p2a: Zamazenta
|-damage|p2a: Zamazenta|72/100
|
|-heal|p2a: Zamazenta|78/100|[from] item: Leftovers
|upkeep
|turn|11
|
|t:|1743908475
|move|p2a: Zamazenta|Body Press|p1a: Kingambit
|-supereffective|p1a: Kingambit
|-damage|p1a: Kingambit|0 fnt
|faint|p1a: Kingambit
|-end|p1a: Kingambit|fallen1|[silent]
|
|-heal|p2a: Zamazenta|84/100|[from] item: Leftovers
|upkeep
|
|t:|1743908480
|switch|p1a: Zapdos|Zapdos|100/100
|turn|12
|
|t:|1743908483
|move|p2a: Zamazenta|Stone Edge|p1a: Zapdos
|-supereffective|p1a: Zapdos
|-damage|p1a: Zapdos|48/100
|move|p1a: Zapdos|Hurricane|p2a: Zamazenta
|-supereffective|p2a: Zamazenta
|-damage|p2a: Zamazenta|8/100
|
|-heal|p2a: Zamazenta|15/100|[from] item: Leftovers
|upkeep
|turn|13
|
|t:|1743908506
|switch|p2a: Greninja|Greninja, M|100/100
|move|p1a: Zapdos|Discharge|p2a: Greninja
|-supereffective|p2a: Greninja
|-damage|p2a: Greninja|0 fnt
|faint|p2a: Greninja
|
|upkeep
|
|t:|1743908519
|switch|p2a: Dragapult|Dragapult, M|100/100
|turn|14
|
|t:|1743908529
|move|p2a: Dragapult|Dragon Darts|p1a: Zapdos
|-damage|p1a: Zapdos|27/100
|-anim|p2a: Dragapult|Dragon Darts|p1a: Zapdos
|-damage|p1a: Zapdos|4/100
|move|p1a: Zapdos|Roost|p1a: Zapdos
|-heal|p1a: Zapdos|54/100
|-singleturn|p1a: Zapdos|move: Roost
|
|upkeep
|turn|15
|
|t:|1743908537
|move|p2a: Dragapult|Will-O-Wisp|p1a: Zapdos
|-status|p1a: Zapdos|brn
|move|p1a: Zapdos|Hurricane|p2a: Dragapult|[miss]
|-miss|p1a: Zapdos|p2a: Dragapult
|
|-damage|p1a: Zapdos|47/100 brn|[from] brn
|upkeep
|turn|16
|
|t:|1743908541
|move|p2a: Dragapult|Hex|p1a: Zapdos
|-damage|p1a: Zapdos|0 fnt
|faint|p1a: Zapdos
|
|upkeep
|
|t:|1743908550
|switch|p1a: Landorus|Landorus-Therian, M|100/100
|-ability|p1a: Landorus|Intimidate|boost
|-unboost|p2a: Dragapult|atk|1
|turn|17
|
|t:|1743908556
|move|p2a: Dragapult|Will-O-Wisp|p1a: Landorus
|-status|p1a: Landorus|brn
|move|p1a: Landorus|Stealth Rock|p2a: Dragapult
|-sidestart|p2: logannick02|move: Stealth Rock
|
|-damage|p1a: Landorus|94/100 brn|[from] brn
|upkeep
|turn|18
|
|t:|1743908564
|move|p2a: Dragapult|Hex|p1a: Landorus
|-damage|p1a: Landorus|36/100 brn
|move|p1a: Landorus|Earthquake|p2a: Dragapult
|-damage|p2a: Dragapult|65/100
|
|-damage|p1a: Landorus|30/100 brn|[from] brn
|upkeep
|turn|19
|
|t:|1743908570
|move|p2a: Dragapult|Hex|p1a: Landorus
|-damage|p1a: Landorus|0 fnt
|faint|p1a: Landorus
|
|upkeep
|
|t:|1743908575
|switch|p1a: Dragapult|Dragapult, M|7/100
|turn|20
|
|t:|1743908583
|move|p1a: Dragapult|Dragon Darts|p2a: Dragapult
|-supereffective|p2a: Dragapult
|-crit|p2a: Dragapult
|-damage|p2a: Dragapult|0 fnt
|faint|p2a: Dragapult
|
|upkeep
|
|t:|1743908590
|switch|p2a: Scizor|Scizor, F, tera:Steel|25/100
|-damage|p2a: Scizor|19/100|[from] Stealth Rock
|turn|21
|
|t:|1743908597
|move|p2a: Scizor|Bullet Punch|p1a: Dragapult
|-damage|p1a: Dragapult|0 fnt
|faint|p1a: Dragapult
|
|upkeep
|
|t:|1743908599
|switch|p1a: Cinderace|Cinderace, F|100/100
|turn|22
|
|t:|1743908605
|move|p2a: Scizor|Bullet Punch|p1a: Cinderace
|-resisted|p1a: Cinderace
|-damage|p1a: Cinderace|53/100
|move|p1a: Cinderace|Pyro Ball|p2a: Scizor
|-supereffective|p2a: Scizor
|-damage|p2a: Scizor|0 fnt
|faint|p2a: Scizor
|
|upkeep
|
|t:|1743908620
|switch|p2a: Iron Treads|Iron Treads|100/100
|-damage|p2a: Iron Treads|97/100|[from] Stealth Rock
|-enditem|p2a: Iron Treads|Booster Energy
|-activate|p2a: Iron Treads|ability: Quark Drive|[fromitem]
|-start|p2a: Iron Treads|quarkdrivespe
|turn|23
|
|t:|1743908627
|-terastallize|p1a: Cinderace|Fairy
|move|p2a: Iron Treads|Earth Power|p1a: Cinderace
|-damage|p1a: Cinderace|3/100
|move|p1a: Cinderace|Pyro Ball|p2a: Iron Treads
|-supereffective|p2a: Iron Treads
|-damage|p2a: Iron Treads|0 fnt
|faint|p2a: Iron Treads
|-end|p2a: Iron Treads|Quark Drive|[silent]
|
|upkeep
|
|t:|1743908635
|switch|p2a: Zamazenta|Zamazenta|15/100
|-damage|p2a: Zamazenta|8/100|[from] Stealth Rock
|turn|24
|
|t:|1743908638
|move|p2a: Zamazenta|Body Press|p1a: Cinderace
|-resisted|p1a: Cinderace
|-damage|p1a: Cinderace|0 fnt
|faint|p1a: Cinderace
|
|win|logannick02
|raw|capitainecrash's rating: 1330 &rarr; <strong>1308</strong><br />(-22 for losing)
|raw|logannick02's rating: 1292 &rarr; <strong>1320</strong><br />(+28 for winning)
|c|☆logannick02|gg
|c|☆capitainecrash|gg
