|j|☆Ndi Eze
|j|☆rvon
|t:|1743837442
|gametype|singles
|player|p1|Ndi Eze|marshal|1221
|player|p2|rvon|169|1178
|teamsize|p1|6
|teamsize|p2|6
|gen|9
|tier|[Gen 9] OU
|rated|
|rule|HP Percentage Mod: HP is shown in percentages
|rule|Endless Battle Clause: Forcing endless battles is banned
|rule|Species Clause: Limit one of each Pokémon
|rule|OHKO Clause: OHKO moves are banned
|rule|Evasion Items Clause: Evasion items are banned
|rule|Evasion Moves Clause: Evasion moves are banned
|rule|Sleep Moves Clause: Sleep-inducing moves are banned
|clearpoke
|poke|p1|Mamoswine, M|
|poke|p1|Garganacl, F|
|poke|p1|Iron Moth|
|poke|p1|Quaquaval, F|
|poke|p1|Zapdos|
|poke|p1|Araquanid, F|
|poke|p2|Great Tusk|
|poke|p2|Gholdengo|
|poke|p2|Dragonite, M|
|poke|p2|Iron Valiant|
|poke|p2|Ting-Lu|
|poke|p2|Rotom-Wash|
|teampreview
|inactive|Battle timer is ON: inactive players will automatically lose when time's up. (requested by Ndi Eze)
|
|t:|1743837456
|start
|switch|p1a: Araquanid|Araquanid, F, shiny|100/100
|switch|p2a: Ting-Lu|Ting-Lu|100/100
|-ability|p2a: Ting-Lu|Vessel of Ruin
|turn|1
|
|t:|1743837466
|switch|p2a: Rotom|Rotom-Wash|100/100
|move|p1a: Araquanid|Pounce|p2a: Rotom
|-damage|p2a: Rotom|85/100
|-unboost|p2a: Rotom|spe|1
|
|-heal|p2a: Rotom|92/100|[from] item: Leftovers
|upkeep
|turn|2
|
|t:|1743837476
|move|p2a: Rotom|Volt Switch|p1a: Araquanid
|-supereffective|p1a: Araquanid
|-crit|p1a: Araquanid
|-damage|p1a: Araquanid|39/100
|
|t:|1743837488
|switch|p2a: Ting-Lu|Ting-Lu|100/100|[from] Volt Switch
|-ability|p2a: Ting-Lu|Vessel of Ruin
|move|p1a: Araquanid|Sticky Web|p2a: Ting-Lu
|-sidestart|p2: rvon|move: Sticky Web
|
|upkeep
|turn|3
|
|t:|1743837501
|move|p2a: Ting-Lu|Earthquake|p1a: Araquanid
|-resisted|p1a: Araquanid
|-damage|p1a: Araquanid|18/100
|move|p1a: Araquanid|Leech Life|p2a: Ting-Lu
|-supereffective|p2a: Ting-Lu
|-damage|p2a: Ting-Lu|74/100
|-heal|p1a: Araquanid|39/100|[from] drain|[of] p2a: Ting-Lu
|
|-heal|p2a: Ting-Lu|80/100|[from] item: Leftovers
|upkeep
|turn|4
|
|t:|1743837521
|switch|p2a: Rotom|Rotom-Wash|92/100
|move|p1a: Araquanid|Pounce|p2a: Rotom
|-damage|p2a: Rotom|76/100
|-unboost|p2a: Rotom|spe|1
|
|-heal|p2a: Rotom|83/100|[from] item: Leftovers
|upkeep
|turn|5
|
|t:|1743837533
|switch|p1a: Mamoswine|Mamoswine, M|100/100
|move|p2a: Rotom|Volt Switch|p1a: Mamoswine
|-immune|p1a: Mamoswine
|
|-heal|p2a: Rotom|89/100|[from] item: Leftovers
|upkeep
|turn|6
|
|t:|1743837548
|move|p1a: Mamoswine|Knock Off|p2a: Rotom
|-damage|p2a: Rotom|50/100
|-enditem|p2a: Rotom|Leftovers|[from] move: Knock Off|[of] p1a: Mamoswine
|move|p2a: Rotom|Hydro Pump|p1a: Mamoswine|[miss]
|-miss|p2a: Rotom|p1a: Mamoswine
|
|upkeep
|turn|7
|
|t:|1743837566
|switch|p1a: Araquanid|Araquanid, F, shiny|39/100
|move|p2a: Rotom|Will-O-Wisp|p1a: Araquanid|[miss]
|-miss|p2a: Rotom|p1a: Araquanid
|
|upkeep
|turn|8
|inactive|rvon has 120 seconds left.
|l|☆rvon
|inactive|rvon disconnected and has a minute to reconnect!
|player|p2|
|inactive|rvon has 30 seconds to reconnect!
|inactive|rvon has 20 seconds to reconnect!
|inactive|rvon has 15 seconds to reconnect!
|inactive|rvon has 10 seconds to reconnect!
|inactive|rvon has 5 seconds to reconnect!
|-message|rvon lost due to inactivity.
|
|win|Ndi Eze
|raw|Ndi Eze's rating: 1221 &rarr; <strong>1243</strong><br />(+22 for winning)
|raw|rvon's rating: 1178 &rarr; <strong>1156</strong><br />(-22 for losing)
|l|☆Ndi Eze
|player|p1|
