|j|☆DKBlash
|j|☆Hyde-D-Rastom
|t:|1743862477
|gametype|singles
|player|p1|DKBlash|steven|1262
|player|p2|Hyde-D-Rastom|calem|1323
|teamsize|p1|6
|teamsize|p2|6
|gen|9
|tier|[Gen 9] OU
|rated|
|rule|HP Percentage Mod: HP is shown in percentages
|rule|Endless Battle Clause: Forcing endless battles is banned
|rule|Species Clause: Limit one of each Pokémon
|rule|OHKO Clause: OHKO moves are banned
|rule|Evasion Items Clause: Evasion items are banned
|rule|Evasion Moves Clause: Evasion moves are banned
|rule|Sleep Moves Clause: Sleep-inducing moves are banned
|clearpoke
|poke|p1|Deoxys-Speed|
|poke|p1|Gholdengo|
|poke|p1|Iron Treads|
|poke|p1|Dragonite, M|
|poke|p1|Iron Moth|
|poke|p1|Samurott-Hisui, M|
|poke|p2|Blaziken, M|
|poke|p2|Sableye, M|
|poke|p2|Breloom, M|
|poke|p2|Milotic, F|
|poke|p2|Latias, F|
|poke|p2|Metagross|
|teampreview
|inactive|Battle timer is ON: inactive players will automatically lose when time's up. (requested by Hyde-D-Rastom)
|inactive|DKBlash also wants the timer to be on.
|inactive|Hyde-D-Rastom has 120 seconds left.
|inactive|Hyde-D-Rastom has 90 seconds left.
|
|t:|1743862539
|start
|switch|p1a: Samurott|Samurott-Hisui, M|100/100
|switch|p2a: Breloom|Breloom, M|100/100
|turn|1
|
|t:|1743862548
|move|p2a: Breloom|Mach Punch|p1a: Samurott
|-supereffective|p1a: Samurott
|-damage|p1a: Samurott|14/100
|move|p1a: Samurott|Ceaseless Edge|p2a: Breloom
|-resisted|p2a: Breloom
|-damage|p2a: Breloom|65/100
|-sidestart|p2: Hyde-D-Rastom|Spikes
|
|upkeep
|turn|2
|inactive|Hyde-D-Rastom has 120 seconds left.
|
|t:|1743862591
|move|p2a: Breloom|Mach Punch|p1a: Samurott
|-supereffective|p1a: Samurott
|-damage|p1a: Samurott|0 fnt
|faint|p1a: Samurott
|
|upkeep
|
|t:|1743862602
|switch|p1a: Iron Moth|Iron Moth|100/100
|-enditem|p1a: Iron Moth|Booster Energy
|-activate|p1a: Iron Moth|ability: Quark Drive|[fromitem]
|-start|p1a: Iron Moth|quarkdrivespe
|turn|3
|inactive|Hyde-D-Rastom has 120 seconds left.
|inactive|Hyde-D-Rastom has 90 seconds left.
|
|t:|1743862643
|switch|p2a: Sableye|Sableye, M|100/100
|-damage|p2a: Sableye|88/100|[from] Spikes
|move|p1a: Iron Moth|Substitute|p1a: Iron Moth
|-start|p1a: Iron Moth|Substitute
|-damage|p1a: Iron Moth|76/100
|
|-heal|p2a: Sableye|94/100|[from] item: Leftovers
|upkeep
|turn|4
|
|t:|1743862652
|move|p2a: Sableye|Encore|p1a: Iron Moth
|-start|p1a: Iron Moth|Encore
|move|p1a: Iron Moth|Substitute|p1a: Iron Moth
|-fail|p1a: Iron Moth|move: Substitute
|
|-heal|p2a: Sableye|100/100|[from] item: Leftovers
|upkeep
|turn|5
|
|t:|1743862664
|-end|p1a: Iron Moth|Quark Drive|[silent]
|switch|p1a: Iron Treads|Iron Treads|100/100
|move|p2a: Sableye|Foul Play|p1a: Iron Treads
|-damage|p1a: Iron Treads|75/100
|
|-heal|p1a: Iron Treads|81/100|[from] item: Leftovers
|upkeep
|turn|6
|
|t:|1743862672
|move|p1a: Iron Treads|Stealth Rock|p2a: Sableye
|-sidestart|p2: Hyde-D-Rastom|move: Stealth Rock
|move|p2a: Sableye|Foul Play|p1a: Iron Treads
|-crit|p1a: Iron Treads
|-damage|p1a: Iron Treads|38/100
|
|-heal|p1a: Iron Treads|44/100|[from] item: Leftovers
|upkeep
|turn|7
|
|t:|1743862682
|move|p1a: Iron Treads|Earthquake|p2a: Sableye
|-damage|p2a: Sableye|66/100
|move|p2a: Sableye|Foul Play|p1a: Iron Treads
|-damage|p1a: Iron Treads|18/100
|
|-heal|p1a: Iron Treads|24/100|[from] item: Leftovers
|-heal|p2a: Sableye|72/100|[from] item: Leftovers
|upkeep
|turn|8
|
|t:|1743862694
|move|p1a: Iron Treads|Earthquake|p2a: Sableye
|-damage|p2a: Sableye|33/100
|move|p2a: Sableye|Foul Play|p1a: Iron Treads
|-damage|p1a: Iron Treads|0 fnt
|faint|p1a: Iron Treads
|-end|p1a: Iron Treads|Quark Drive|[silent]
|
|-heal|p2a: Sableye|40/100|[from] item: Leftovers
|upkeep
|
|t:|1743862709
|switch|p1a: Deoxys|Deoxys-Speed|100/100
|-ability|p1a: Deoxys|Pressure
|turn|9
|
|t:|1743862721
|switch|p2a: Metagross|Metagross|100/100
|-damage|p2a: Metagross|88/100|[from] Spikes
|-damage|p2a: Metagross|82/100|[from] Stealth Rock
|move|p1a: Deoxys|Knock Off|p2a: Metagross
|-supereffective|p2a: Metagross
|-damage|p2a: Metagross|41/100
|-enditem|p2a: Metagross|Assault Vest|[from] move: Knock Off|[of] p1a: Deoxys
|-damage|p1a: Deoxys|91/100|[from] item: Life Orb
|
|upkeep
|turn|10
|inactive|DKBlash has 120 seconds left.
|
|t:|1743862749
|move|p2a: Metagross|Bullet Punch|p1a: Deoxys
|-damage|p1a: Deoxys|53/100
|move|p1a: Deoxys|Knock Off|p2a: Metagross
|-supereffective|p2a: Metagross
|-damage|p2a: Metagross|12/100
|-damage|p1a: Deoxys|43/100|[from] item: Life Orb
|
|upkeep
|turn|11
|inactive|DKBlash has 120 seconds left.
|
|t:|1743862771
|switch|p1a: Gholdengo|Gholdengo|100/100
|-item|p1a: Gholdengo|Air Balloon
|move|p2a: Metagross|Bullet Punch|p1a: Gholdengo
|-resisted|p1a: Gholdengo
|-damage|p1a: Gholdengo|92/100
|-enditem|p1a: Gholdengo|Air Balloon
|
|upkeep
|turn|12
|
|t:|1743862785
|move|p1a: Gholdengo|Shadow Ball|p2a: Metagross
|-supereffective|p2a: Metagross
|-damage|p2a: Metagross|0 fnt
|faint|p2a: Metagross
|
|upkeep
|
|t:|1743862789
|switch|p2a: Torkenium|Blaziken, M, shiny|100/100
|turn|13
|
|t:|1743862801
|move|p2a: Torkenium|Detect|p2a: Torkenium
|-singleturn|p2a: Torkenium|Protect
|move|p1a: Gholdengo|Shadow Ball|p2a: Torkenium
|-activate|p2a: Torkenium|move: Protect
|
|-ability|p2a: Torkenium|Speed Boost|boost
|-boost|p2a: Torkenium|spe|1
|upkeep
|turn|14
|
|t:|1743862809
|move|p2a: Torkenium|Blaze Kick|p1a: Gholdengo
|-supereffective|p1a: Gholdengo
|-damage|p1a: Gholdengo|30/100
|move|p1a: Gholdengo|Shadow Ball|p2a: Torkenium
|-damage|p2a: Torkenium|49/100
|
|-ability|p2a: Torkenium|Speed Boost|boost
|-boost|p2a: Torkenium|spe|1
|upkeep
|turn|15
|inactive|DKBlash has 120 seconds left.
|
|t:|1743862818
|move|p2a: Torkenium|Knock Off|p1a: Gholdengo
|-supereffective|p1a: Gholdengo
|-damage|p1a: Gholdengo|0 fnt
|faint|p1a: Gholdengo
|
|-ability|p2a: Torkenium|Speed Boost|boost
|-boost|p2a: Torkenium|spe|1
|upkeep
|inactive|DKBlash has 120 seconds left.
|
|t:|1743862833
|switch|p1a: Dragonite|Dragonite, M|100/100
|turn|16
|
|t:|1743862839
|switch|p2a: Milotic|Milotic, F|100/100
|-damage|p2a: Milotic|88/100|[from] Spikes
|-damage|p2a: Milotic|76/100|[from] Stealth Rock
|move|p1a: Dragonite|Earthquake|p2a: Milotic
|-damage|p2a: Milotic|51/100
|
|-status|p2a: Milotic|brn|[from] item: Flame Orb
|upkeep
|turn|17
|inactive|DKBlash has 120 seconds left.
|
|t:|1743862855
|move|p1a: Dragonite|Dragon Dance|p1a: Dragonite
|-boost|p1a: Dragonite|atk|1
|-boost|p1a: Dragonite|spe|1
|move|p2a: Milotic|Ice Beam|p1a: Dragonite
|-supereffective|p1a: Dragonite
|-damage|p1a: Dragonite|60/100
|
|-damage|p2a: Milotic|45/100 brn|[from] brn
|upkeep
|turn|18
|inactive|DKBlash has 120 seconds left.
|
|t:|1743862863
|move|p1a: Dragonite|Earthquake|p2a: Milotic
|-damage|p2a: Milotic|21/100 brn
|move|p2a: Milotic|Recover|p2a: Milotic
|-heal|p2a: Milotic|71/100 brn
|
|-damage|p2a: Milotic|65/100 brn|[from] brn
|upkeep
|turn|19
|inactive|DKBlash has 120 seconds left.
|
|t:|1743862873
|switch|p1a: Iron Moth|Iron Moth|76/100
|move|p2a: Milotic|Ice Beam|p1a: Iron Moth
|-resisted|p1a: Iron Moth
|-damage|p1a: Iron Moth|65/100
|
|-damage|p2a: Milotic|59/100 brn|[from] brn
|upkeep
|turn|20
|inactive|DKBlash has 120 seconds left.
|
|t:|1743862885
|switch|p2a: Latias|Latias, F|100/100
|-damage|p2a: Latias|88/100|[from] Stealth Rock
|move|p1a: Iron Moth|Substitute|p1a: Iron Moth
|-start|p1a: Iron Moth|Substitute
|-damage|p1a: Iron Moth|40/100
|
|-heal|p2a: Latias|94/100|[from] item: Leftovers
|upkeep
|turn|21
|inactive|DKBlash has 120 seconds left.
|
|t:|1743862897
|move|p1a: Iron Moth|Sludge Wave|p2a: Latias
|-damage|p2a: Latias|55/100
|move|p2a: Latias|Agility|p2a: Latias
|-boost|p2a: Latias|spe|2
|
|-heal|p2a: Latias|61/100|[from] item: Leftovers
|upkeep
|turn|22
|inactive|DKBlash has 120 seconds left.
|
|t:|1743862908
|move|p2a: Latias|Stored Power|p1a: Iron Moth
|-supereffective|p1a: Iron Moth
|-end|p1a: Iron Moth|Substitute
|move|p1a: Iron Moth|Sludge Wave|p2a: Latias
|-damage|p2a: Latias|25/100
|
|-heal|p2a: Latias|31/100|[from] item: Leftovers
|upkeep
|turn|23
|
|t:|1743862917
|move|p2a: Latias|Stored Power|p1a: Iron Moth
|-supereffective|p1a: Iron Moth
|-crit|p1a: Iron Moth
|-damage|p1a: Iron Moth|0 fnt
|faint|p1a: Iron Moth
|-end|p1a: Iron Moth|Quark Drive|[silent]
|
|-heal|p2a: Latias|37/100|[from] item: Leftovers
|upkeep
|inactive|DKBlash has 120 seconds left.
|
|t:|1743862928
|switch|p1a: Dragonite|Dragonite, M|60/100
|turn|24
|
|t:|1743862934
|-terastallize|p1a: Dragonite|Normal
|move|p1a: Dragonite|Extreme Speed|p2a: Latias
|-damage|p2a: Latias|0 fnt
|faint|p2a: Latias
|
|upkeep
|
|t:|1743862938
|switch|p2a: Sableye|Sableye, M|40/100
|-damage|p2a: Sableye|27/100|[from] Spikes
|-damage|p2a: Sableye|15/100|[from] Stealth Rock
|turn|25
|
|t:|1743862944
|move|p1a: Dragonite|Extreme Speed|p2a: Sableye
|-immune|p2a: Sableye
|move|p2a: Sableye|Encore|p1a: Dragonite
|-start|p1a: Dragonite|Encore
|
|-heal|p2a: Sableye|21/100|[from] item: Leftovers
|upkeep
|turn|26
|
|t:|1743862955
|move|p1a: Dragonite|Extreme Speed|p2a: Sableye
|-immune|p2a: Sableye
|move|p2a: Sableye|Recover|p2a: Sableye
|-heal|p2a: Sableye|71/100
|
|-heal|p2a: Sableye|77/100|[from] item: Leftovers
|upkeep
|turn|27
|
|t:|1743862963
|switch|p1a: Deoxys|Deoxys-Speed|43/100
|-ability|p1a: Deoxys|Pressure
|move|p2a: Sableye|Thunder Wave|p1a: Deoxys
|-status|p1a: Deoxys|par
|
|-heal|p2a: Sableye|83/100|[from] item: Leftovers
|upkeep
|turn|28
|
|t:|1743862978
|move|p1a: Deoxys|Knock Off|p2a: Sableye
|-damage|p2a: Sableye|58/100
|-enditem|p2a: Sableye|Leftovers|[from] move: Knock Off|[of] p1a: Deoxys
|-damage|p1a: Deoxys|33/100 par|[from] item: Life Orb
|move|p2a: Sableye|Foul Play|p1a: Deoxys
|-supereffective|p1a: Deoxys
|-damage|p1a: Deoxys|0 fnt
|faint|p1a: Deoxys
|
|upkeep
|
|t:|1743862987
|switch|p1a: Dragonite|Dragonite, M, tera:Normal|60/100
|turn|29
|
|t:|1743863004
|move|p2a: Sableye|Thunder Wave|p1a: Dragonite
|-status|p1a: Dragonite|par
|cant|p1a: Dragonite|par
|
|upkeep
|turn|30
|
|t:|1743863011
|move|p1a: Dragonite|Dragon Dance|p1a: Dragonite
|-boost|p1a: Dragonite|atk|1
|-boost|p1a: Dragonite|spe|1
|move|p2a: Sableye|Foul Play|p1a: Dragonite
|-damage|p1a: Dragonite|0 fnt
|faint|p1a: Dragonite
|
|win|Hyde-D-Rastom
|raw|DKBlash's rating: 1262 &rarr; <strong>1241</strong><br />(-21 for losing)
|raw|Hyde-D-Rastom's rating: 1323 &rarr; <strong>1340</strong><br />(+17 for winning)
|l|☆DKBlash
|player|p1|
|l|☆Hyde-D-Rastom
|player|p2|
