|j|☆IASASAY
|j|☆slimyterror04
|t:|1743807535
|gametype|singles
|player|p1|IASASAY|ghetsis|1151
|player|p2|slimyterror04|102|1208
|teamsize|p1|6
|teamsize|p2|6
|gen|9
|tier|[Gen 9] OU
|rated|
|rule|HP Percentage Mod: HP is shown in percentages
|rule|Endless Battle Clause: Forcing endless battles is banned
|rule|Species Clause: Limit one of each Pokémon
|rule|OHKO Clause: OHKO moves are banned
|rule|Evasion Items Clause: Evasion items are banned
|rule|Evasion Moves Clause: Evasion moves are banned
|rule|Sleep Moves Clause: Sleep-inducing moves are banned
|clearpoke
|poke|p1|Inteleon, F|
|poke|p1|Dragapult, M|
|poke|p1|Cinderace, F|
|poke|p1|Corviknight, M|
|poke|p1|Alomomola, F|
|poke|p1|Ting-Lu|
|poke|p2|Weavile, M|
|poke|p2|Pachirisu, M|
|poke|p2|Iron Treads|
|poke|p2|Dragonite, F|
|poke|p2|Dondozo, M|
|poke|p2|Iron Moth|
|teampreview
|inactive|Battle timer is ON: inactive players will automatically lose when time's up. (requested by IASASAY)
|
|t:|1743807564
|start
|switch|p1a: Ting-Lu|Ting-Lu|100/100
|switch|p2a: Dondozo|Dondozo, M|100/100
|-ability|p1a: Ting-Lu|Vessel of Ruin
|turn|1
|
|t:|1743807574
|move|p1a: Ting-Lu|Ruination|p2a: Dondozo
|-damage|p2a: Dondozo|51/100
|move|p2a: Dondozo|Aqua Tail|p1a: Ting-Lu
|-supereffective|p1a: Ting-Lu
|-damage|p1a: Ting-Lu|69/100
|
|-heal|p1a: Ting-Lu|75/100|[from] item: Leftovers
|-heal|p2a: Dondozo|57/100|[from] item: Leftovers
|upkeep
|turn|2
|
|t:|1743807584
|move|p1a: Ting-Lu|Stealth Rock|p2a: Dondozo
|-sidestart|p2: slimyterror04|move: Stealth Rock
|move|p2a: Dondozo|Curse|p2a: Dondozo
|-unboost|p2a: Dondozo|spe|1
|-boost|p2a: Dondozo|atk|1
|-boost|p2a: Dondozo|def|1
|
|-heal|p1a: Ting-Lu|81/100|[from] item: Leftovers
|-heal|p2a: Dondozo|63/100|[from] item: Leftovers
|upkeep
|turn|3
|
|t:|1743807594
|move|p2a: Dondozo|Aqua Tail|p1a: Ting-Lu
|-supereffective|p1a: Ting-Lu
|-damage|p1a: Ting-Lu|30/100
|move|p1a: Ting-Lu|Whirlwind|p2a: Dondozo
|drag|p2a: Iron Moth|Iron Moth|100/100
|-damage|p2a: Iron Moth|76/100|[from] Stealth Rock
|-enditem|p2a: Iron Moth|Booster Energy
|-activate|p2a: Iron Moth|ability: Quark Drive|[fromitem]
|-start|p2a: Iron Moth|quarkdrivespa
|
|-heal|p1a: Ting-Lu|37/100|[from] item: Leftovers
|upkeep
|turn|4
|
|t:|1743807607
|move|p2a: Iron Moth|Energy Ball|p1a: Ting-Lu
|-supereffective|p1a: Ting-Lu
|-damage|p1a: Ting-Lu|0 fnt
|faint|p1a: Ting-Lu
|
|upkeep
|
|t:|1743807613
|switch|p1a: Inteleon|Inteleon, F|100/100
|turn|5
|
|t:|1743807621
|-terastallize|p2a: Iron Moth|Grass
|move|p1a: Inteleon|Surf|p2a: Iron Moth
|-resisted|p2a: Iron Moth
|-damage|p2a: Iron Moth|40/100
|move|p2a: Iron Moth|Energy Ball|p1a: Inteleon
|-supereffective|p1a: Inteleon
|-damage|p1a: Inteleon|0 fnt
|faint|p1a: Inteleon
|
|upkeep
|
|t:|1743807631
|switch|p1a: Cinderace|Cinderace, F|100/100
|turn|6
|
|t:|1743807647
|move|p1a: Cinderace|U-turn|p2a: Iron Moth
|-start|p1a: Cinderace|typechange|Bug|[from] ability: Libero
|-supereffective|p2a: Iron Moth
|-damage|p2a: Iron Moth|0 fnt
|faint|p2a: Iron Moth
|-end|p2a: Iron Moth|Quark Drive|[silent]
|
|t:|1743807653
|switch|p1a: Dragapult|Dragapult, M|100/100|[from] U-turn
|
|upkeep
|
|t:|1743807657
|switch|p2a: Pachirisu|Pachirisu, M|100/100
|-damage|p2a: Pachirisu|88/100|[from] Stealth Rock
|turn|7
|
|t:|1743807666
|-terastallize|p1a: Dragapult|Ghost
|move|p1a: Dragapult|Tera Blast|p2a: Pachirisu|[anim] Tera Blast Ghost
|-damage|p2a: Pachirisu|0 fnt
|faint|p2a: Pachirisu
|
|upkeep
|
|t:|1743807678
|switch|p2a: Weavile|Weavile, M|100/100
|-ability|p2a: Weavile|Pressure
|turn|8
|
|t:|1743807683
|switch|p1a: Alomomola|Alomomola, F|100/100
|move|p2a: Weavile|Knock Off|p1a: Alomomola
|-damage|p1a: Alomomola|74/100
|-enditem|p1a: Alomomola|Heavy-Duty Boots|[from] move: Knock Off|[of] p2a: Weavile
|
|upkeep
|turn|9
|
|t:|1743807693
|move|p2a: Weavile|Poison Jab|p1a: Alomomola
|-damage|p1a: Alomomola|61/100
|move|p1a: Alomomola|Flip Turn|p2a: Weavile
|-damage|p2a: Weavile|74/100
|
|t:|1743807699
|switch|p1a: Dragapult|Dragapult, M, tera:Ghost|100/100|[from] Flip Turn
|
|upkeep
|turn|10
|
|t:|1743807710
|move|p1a: Dragapult|U-turn|p2a: Weavile
|-supereffective|p2a: Weavile
|-damage|p2a: Weavile|0 fnt
|faint|p2a: Weavile
|
|t:|1743807717
|switch|p1a: Alomomola|Alomomola, F|94/100|[from] U-turn
|
|upkeep
|
|t:|1743807723
|switch|p2a: Iron Treads|Iron Treads|100/100
|-damage|p2a: Iron Treads|97/100|[from] Stealth Rock
|turn|11
|
|t:|1743807734
|move|p2a: Iron Treads|Earthquake|p1a: Alomomola
|-damage|p1a: Alomomola|75/100
|move|p1a: Alomomola|Scald|p2a: Iron Treads
|-supereffective|p2a: Iron Treads
|-damage|p2a: Iron Treads|82/100
|
|upkeep
|turn|12
|
|t:|1743807744
|switch|p1a: Dragapult|Dragapult, M, tera:Ghost|100/100
|move|p2a: Iron Treads|Rapid Spin|p1a: Dragapult
|-immune|p1a: Dragapult
|
|upkeep
|turn|13
|
|t:|1743807751
|move|p1a: Dragapult|Tera Blast|p2a: Iron Treads|[anim] Tera Blast Ghost
|-damage|p2a: Iron Treads|27/100
|move|p2a: Iron Treads|Earthquake|p1a: Dragapult
|-damage|p1a: Dragapult|46/100
|
|upkeep
|turn|14
|
|t:|1743807757
|move|p1a: Dragapult|Tera Blast|p2a: Iron Treads|[anim] Tera Blast Ghost
|-damage|p2a: Iron Treads|0 fnt
|faint|p2a: Iron Treads
|-end|p2a: Iron Treads|Quark Drive|[silent]
|
|upkeep
|
|t:|1743807759
|switch|p2a: Dragonite|Dragonite, F|100/100
|-damage|p2a: Dragonite|75/100|[from] Stealth Rock
|turn|15
|
|t:|1743807766
|move|p1a: Dragapult|Tera Blast|p2a: Dragonite|[anim] Tera Blast Ghost
|-damage|p2a: Dragonite|0 fnt
|faint|p2a: Dragonite
|
|upkeep
|-message|slimyterror04 forfeited.
|
|win|IASASAY
|raw|IASASAY's rating: 1170 &rarr; <strong>1198</strong><br />(+28 for winning)
|raw|slimyterror04's rating: 1208 &rarr; <strong>1180</strong><br />(-28 for losing)
|l|☆slimyterror04
|player|p2|
