|j|☆vryfast
|j|☆utkgay123
|t:|1743916657
|gametype|singles
|player|p1|vryfast|unknown|1178
|player|p2|utkgay123|101|1165
|teamsize|p1|6
|teamsize|p2|6
|gen|9
|tier|[Gen 9] OU
|rated|
|rule|HP Percentage Mod: HP is shown in percentages
|rule|Endless Battle Clause: Forcing endless battles is banned
|rule|Species Clause: Limit one of each Pokémon
|rule|OHKO Clause: OHKO moves are banned
|rule|Evasion Items Clause: Evasion items are banned
|rule|Evasion Moves Clause: Evasion moves are banned
|rule|Sleep Moves Clause: Sleep-inducing moves are banned
|clearpoke
|poke|p1|Infernape, M|
|poke|p1|Landorus-Therian, M|
|poke|p1|Weavile, M|
|poke|p1|Latios, M|
|poke|p1|Typhlosion-Hisui, M|
|poke|p1|Mandibuzz, F|
|poke|p2|Araquanid, F|
|poke|p2|Ogerpon-Cornerstone, F|
|poke|p2|Great Tusk|
|poke|p2|Pecharunt|
|poke|p2|Dragonite, F|
|poke|p2|Kingambit, F|
|teampreview
|inactive|Battle timer is ON: inactive players will automatically lose when time's up. (requested by vryfast)
|
|t:|1743916680
|start
|switch|p1a: Latios|Latios, M, shiny|100/100
|switch|p2a: Araquanid|Araquanid, F|100/100
|turn|1
|
|t:|1743916687
|move|p1a: Latios|Luster Purge|p2a: Araquanid
|-damage|p2a: Araquanid|55/100
|-unboost|p2a: Araquanid|spd|1
|move|p2a: Araquanid|Sticky Web|p1a: Latios
|-sidestart|p1: vryfast|move: Sticky Web
|
|upkeep
|turn|2
|
|t:|1743916696
|move|p2a: Araquanid|Endure|p2a: Araquanid
|-singleturn|p2a: Araquanid|move: Endure
|move|p1a: Latios|Luster Purge|p2a: Araquanid
|-activate|p2a: Araquanid|move: Endure
|-damage|p2a: Araquanid|1/100
|-unboost|p2a: Araquanid|spd|1
|
|upkeep
|turn|3
|-enditem|p2a: Araquanid|Custap Berry|[eat]
|-activate|p2a: Araquanid|item: Custap Berry|[consumed]
|
|t:|1743916707
|switch|p1a: Infernape|Infernape, M|100/100
|-activate|p1a: Infernape|move: Sticky Web
|-unboost|p1a: Infernape|spe|1
|move|p2a: Araquanid|Endeavor|p1a: Infernape
|-damage|p1a: Infernape|1/100
|
|upkeep
|turn|4
|
|t:|1743916722
|switch|p2a: Dragonite|Dragonite, F|100/100
|move|p1a: Infernape|Mach Punch|p2a: Dragonite
|-resisted|p2a: Dragonite
|-damage|p2a: Dragonite|96/100
|
|upkeep
|turn|5
|
|t:|1743916734
|switch|p1a: Typhlosion|Typhlosion-Hisui, M|100/100
|-activate|p1a: Typhlosion|move: Sticky Web
|-unboost|p1a: Typhlosion|spe|1
|-item|p2a: Dragonite|Loaded Dice|[from] ability: Frisk|[of] p1a: Typhlosion
|move|p2a: Dragonite|Scale Shot|p1a: Typhlosion
|-damage|p1a: Typhlosion|80/100
|-damage|p1a: Typhlosion|56/100
|-damage|p1a: Typhlosion|33/100
|-damage|p1a: Typhlosion|11/100
|-damage|p1a: Typhlosion|0 fnt
|faint|p1a: Typhlosion
|-hitcount|p1: Typhlosion|5
|-unboost|p2a: Dragonite|def|1
|-boost|p2a: Dragonite|spe|1
|
|upkeep
|
|t:|1743916752
|switch|p1a: Mandibuzz|Mandibuzz, F|100/100
|turn|6
|
|t:|1743916779
|switch|p2a: Kingambit|Kingambit, F|100/100
|-item|p2a: Kingambit|Air Balloon
|move|p1a: Mandibuzz|Defog|p2a: Kingambit
|-unboost|p2a: Kingambit|evasion|1
|-sideend|p1: vryfast|Sticky Web|[from] move: Defog|[of] p1a: Mandibuzz
|
|upkeep
|turn|7
|inactive|utkgay123 has 120 seconds left.
|
|t:|1743916800
|-end|p2a: Kingambit|fallenundefined|[silent]
|switch|p2a: Dragonite|Dragonite, F|96/100
|move|p1a: Mandibuzz|U-turn|p2a: Dragonite
|-resisted|p2a: Dragonite
|-damage|p2a: Dragonite|89/100
|
|t:|1743916807
|switch|p1a: Infernape|Infernape, M|1/100|[from] U-turn
|
|upkeep
|turn|8
|
|t:|1743916815
|move|p1a: Infernape|Fire Punch|p2a: Dragonite
|-resisted|p2a: Dragonite
|-damage|p2a: Dragonite|62/100
|move|p2a: Dragonite|Scale Shot|p1a: Infernape
|-damage|p1a: Infernape|0 fnt
|faint|p1a: Infernape
|-hitcount|p1: Infernape|1
|-unboost|p2a: Dragonite|def|1
|-boost|p2a: Dragonite|spe|1
|
|upkeep
|
|t:|1743916831
|switch|p1a: Weavile|Weavile, M|100/100
|-ability|p1a: Weavile|Pressure
|turn|9
|inactive|utkgay123 has 120 seconds left.
|
|t:|1743916857
|switch|p2a: Kingambit|Kingambit, F|100/100
|-item|p2a: Kingambit|Air Balloon
|move|p1a: Weavile|Swords Dance|p1a: Weavile
|-boost|p1a: Weavile|atk|2
|
|upkeep
|turn|10
|inactive|utkgay123 has 120 seconds left.
|
|t:|1743916870
|move|p1a: Weavile|Ice Spinner|p2a: Kingambit
|-resisted|p2a: Kingambit
|-damage|p2a: Kingambit|66/100
|-enditem|p2a: Kingambit|Air Balloon
|move|p2a: Kingambit|Iron Head|p1a: Weavile
|-supereffective|p1a: Weavile
|-enditem|p1a: Weavile|Focus Sash
|-damage|p1a: Weavile|1/100
|
|upkeep
|turn|11
|inactive|utkgay123 has 120 seconds left.
|
|t:|1743916879
|move|p2a: Kingambit|Sucker Punch||[still]
|-fail|p2a: Kingambit
|move|p1a: Weavile|Swords Dance|p1a: Weavile
|-boost|p1a: Weavile|atk|2
|
|upkeep
|turn|12
|
|t:|1743916885
|move|p2a: Kingambit|Sucker Punch||[still]
|-fail|p2a: Kingambit
|move|p1a: Weavile|Swords Dance|p1a: Weavile
|-boost|p1a: Weavile|atk|2
|
|upkeep
|turn|13
|
|t:|1743916891
|move|p2a: Kingambit|Sucker Punch||[still]
|-fail|p2a: Kingambit
|move|p1a: Weavile|Swords Dance|p1a: Weavile
|-boost|p1a: Weavile|atk|0
|
|upkeep
|turn|14
|
|t:|1743916904
|-end|p2a: Kingambit|fallenundefined|[silent]
|switch|p2a: Araquanid|Araquanid, F|1/100
|move|p1a: Weavile|Ice Spinner|p2a: Araquanid
|-resisted|p2a: Araquanid
|-damage|p2a: Araquanid|0 fnt
|faint|p2a: Araquanid
|
|upkeep
|
|t:|1743916912
|switch|p2a: Kingambit|Kingambit, F|66/100
|-activate|p2a: Kingambit|ability: Supreme Overlord
|-start|p2a: Kingambit|fallen1|[silent]
|turn|15
|
|t:|1743916917
|move|p2a: Kingambit|Sucker Punch|p1a: Weavile
|-resisted|p1a: Weavile
|-damage|p1a: Weavile|0 fnt
|faint|p1a: Weavile
|
|upkeep
|
|t:|1743916922
|switch|p1a: Mandibuzz|Mandibuzz, F|100/100
|turn|16
|
|t:|1743916928
|-end|p2a: Kingambit|fallen1|[silent]
|switch|p2a: Ogerpon|Ogerpon-Cornerstone, F|100/100
|move|p1a: Mandibuzz|U-turn|p2a: Ogerpon
|-supereffective|p2a: Ogerpon
|-damage|p2a: Ogerpon|70/100
|
|t:|1743916938
|switch|p1a: Landorus|Landorus-Therian, M|100/100|[from] U-turn
|-ability|p1a: Landorus|Intimidate|boost
|-unboost|p2a: Ogerpon|atk|1
|
|upkeep
|turn|17
|
|t:|1743916962
|switch|p2a: Great Tusk|Great Tusk|100/100
|-enditem|p2a: Great Tusk|Booster Energy
|-activate|p2a: Great Tusk|ability: Protosynthesis|[fromitem]
|-start|p2a: Great Tusk|protosynthesisatk
|move|p1a: Landorus|U-turn|p2a: Great Tusk
|-resisted|p2a: Great Tusk
|-damage|p2a: Great Tusk|90/100
|
|t:|1743916970
|switch|p1a: Latios|Latios, M, shiny|100/100|[from] U-turn
|
|upkeep
|turn|18
|
|t:|1743916977
|-end|p2a: Great Tusk|Protosynthesis|[silent]
|switch|p2a: Pecharunt|Pecharunt|100/100
|move|p1a: Latios|Luster Purge|p2a: Pecharunt
|-supereffective|p2a: Pecharunt
|-damage|p2a: Pecharunt|0 fnt
|faint|p2a: Pecharunt
|
|upkeep
|
|t:|1743916985
|switch|p2a: Great Tusk|Great Tusk|90/100
|turn|19
|
|t:|1743916993
|-terastallize|p2a: Great Tusk|Ice
|move|p1a: Latios|Luster Purge|p2a: Great Tusk
|-damage|p2a: Great Tusk|7/100
|-unboost|p2a: Great Tusk|spd|1
|move|p2a: Great Tusk|Ice Spinner|p1a: Latios
|-supereffective|p1a: Latios
|-damage|p1a: Latios|1/100
|
|upkeep
|turn|20
|
|t:|1743917007
|move|p1a: Latios|Luster Purge|p2a: Great Tusk
|-damage|p2a: Great Tusk|0 fnt
|faint|p2a: Great Tusk
|-end|p2a: Great Tusk|Protosynthesis|[silent]
|
|upkeep
|
|t:|1743917015
|switch|p2a: Kingambit|Kingambit, F|66/100
|-activate|p2a: Kingambit|ability: Supreme Overlord
|-start|p2a: Kingambit|fallen3|[silent]
|turn|21
|
|t:|1743917023
|switch|p1a: Landorus|Landorus-Therian, M|100/100
|-ability|p1a: Landorus|Intimidate|boost
|-unboost|p2a: Kingambit|atk|1
|move|p2a: Kingambit|Iron Head|p1a: Landorus
|-damage|p1a: Landorus|56/100
|
|upkeep
|turn|22
|
|t:|1743917035
|-end|p2a: Kingambit|fallen3|[silent]
|switch|p2a: Dragonite|Dragonite, F|62/100
|move|p1a: Landorus|U-turn|p2a: Dragonite
|-resisted|p2a: Dragonite
|-damage|p2a: Dragonite|47/100
|
|t:|1743917042
|switch|p1a: Mandibuzz|Mandibuzz, F|100/100|[from] U-turn
|
|upkeep
|turn|23
|
|t:|1743917050
|switch|p2a: Kingambit|Kingambit, F|66/100
|-activate|p2a: Kingambit|ability: Supreme Overlord
|-start|p2a: Kingambit|fallen3|[silent]
|move|p1a: Mandibuzz|Toxic|p2a: Kingambit
|-immune|p2a: Kingambit
|
|upkeep
|turn|24
|
|t:|1743917060
|move|p2a: Kingambit|Iron Head|p1a: Mandibuzz
|-damage|p1a: Mandibuzz|55/100
|move|p1a: Mandibuzz|U-turn|p2a: Kingambit
|-damage|p2a: Kingambit|56/100
|
|t:|1743917065
|switch|p1a: Landorus|Landorus-Therian, M|56/100|[from] U-turn
|-ability|p1a: Landorus|Intimidate|boost
|-unboost|p2a: Kingambit|atk|1
|
|upkeep
|turn|25
|
|t:|1743917073
|-end|p2a: Kingambit|fallen3|[silent]
|switch|p2a: Dragonite|Dragonite, F|47/100
|move|p1a: Landorus|Earthquake|p2a: Dragonite
|-immune|p2a: Dragonite
|
|upkeep
|turn|26
|
|t:|1743917089
|switch|p1a: Mandibuzz|Mandibuzz, F|55/100
|move|p2a: Dragonite|Dragon Dance|p2a: Dragonite
|-boost|p2a: Dragonite|atk|1
|-boost|p2a: Dragonite|spe|1
|
|upkeep
|turn|27
|
|t:|1743917104
|move|p2a: Dragonite|Scale Shot|p1a: Mandibuzz
|-damage|p1a: Mandibuzz|39/100
|-damage|p1a: Mandibuzz|25/100
|-damage|p1a: Mandibuzz|9/100
|-crit|p1a: Mandibuzz
|-damage|p1a: Mandibuzz|0 fnt
|faint|p1a: Mandibuzz
|-hitcount|p1: Mandibuzz|4
|-unboost|p2a: Dragonite|def|1
|-boost|p2a: Dragonite|spe|1
|
|upkeep
|
|t:|1743917111
|switch|p1a: Landorus|Landorus-Therian, M|56/100
|-ability|p1a: Landorus|Intimidate|boost
|-unboost|p2a: Dragonite|atk|1
|turn|28
|
|t:|1743917121
|move|p2a: Dragonite|Scale Shot|p1a: Landorus|[miss]
|-miss|p2a: Dragonite|p1a: Landorus
|move|p1a: Landorus|Outrage|p2a: Dragonite
|-supereffective|p2a: Dragonite
|-damage|p2a: Dragonite|0 fnt
|faint|p2a: Dragonite
|
|upkeep
|
|t:|1743917133
|switch|p2a: Ogerpon|Ogerpon-Cornerstone, F|70/100
|turn|29
|
|t:|1743917144
|move|p1a: Landorus|Outrage|p2a: Ogerpon|[from] lockedmove
|-damage|p2a: Ogerpon|3/100
|-start|p1a: Landorus|confusion|[fatigue]
|move|p2a: Ogerpon|Ivy Cudgel|p1a: Landorus|[anim] Ivy Cudgel Rock
|-damage|p1a: Landorus|0 fnt
|faint|p1a: Landorus
|
|upkeep
|
|t:|1743917151
|switch|p1a: Latios|Latios, M, shiny|1/100
|turn|30
|
|t:|1743917158
|move|p1a: Latios|Aura Sphere|p2a: Ogerpon
|-supereffective|p2a: Ogerpon
|-damage|p2a: Ogerpon|0 fnt
|faint|p2a: Ogerpon
|
|upkeep
|
|t:|1743917163
|switch|p2a: Kingambit|Kingambit, F|56/100
|-activate|p2a: Kingambit|ability: Supreme Overlord
|-start|p2a: Kingambit|fallen5|[silent]
|turn|31
|
|t:|1743917172
|move|p1a: Latios|Aura Sphere|p2a: Kingambit
|-supereffective|p2a: Kingambit
|-damage|p2a: Kingambit|0 fnt
|faint|p2a: Kingambit
|-end|p2a: Kingambit|fallen5|[silent]
|
|win|vryfast
|raw|vryfast's rating: 1178 &rarr; <strong>1202</strong><br />(+24 for winning)
|raw|utkgay123's rating: 1165 &rarr; <strong>1141</strong><br />(-24 for losing)
|l|☆utkgay123
|player|p2|
|l|☆vryfast
|player|p1|
