|j|☆INvitad-0w
|j|☆Goose980
|t:|1743824676
|gametype|singles
|player|p1|INvitad-0w|unknown|1206
|player|p2|Goose980|lucas|1198
|teamsize|p1|6
|teamsize|p2|6
|gen|9
|tier|[Gen 9] OU
|rated|
|rule|HP Percentage Mod: HP is shown in percentages
|rule|Endless Battle Clause: Forcing endless battles is banned
|rule|Species Clause: Limit one of each Pokémon
|rule|OHKO Clause: OHKO moves are banned
|rule|Evasion Items Clause: Evasion items are banned
|rule|Evasion Moves Clause: Evasion moves are banned
|rule|Sleep Moves Clause: Sleep-inducing moves are banned
|clearpoke
|poke|p1|Ogerpon-Wellspring, F|
|poke|p1|Iron Hands|
|poke|p1|Darkrai|
|poke|p1|Pawmot, M|
|poke|p1|Iron Treads|
|poke|p1|Tornadus, M|
|poke|p2|Dragapult, F|
|poke|p2|Zamazenta-*|
|poke|p2|Hatterene, F|
|poke|p2|Rillaboom, F|
|poke|p2|Walking Wake|
|poke|p2|Zapdos|
|teampreview
|inactive|Battle timer is ON: inactive players will automatically lose when time's up. (requested by INvitad-0w)
|
|t:|1743824688
|start
|switch|p1a: Tornadus|Tornadus, M, shiny|100/100
|switch|p2a: Zamazenta|Zamazenta|100/100
|-ability|p2a: Zamazenta|Dauntless Shield|boost
|-boost|p2a: Zamazenta|def|1
|turn|1
|
|t:|1743824696
|-terastallize|p2a: Zamazenta|Steel
|move|p2a: Zamazenta|Iron Defense|p2a: Zamazenta
|-boost|p2a: Zamazenta|def|2
|move|p1a: Tornadus|Bleakwind Storm|p2a: Zamazenta
|-resisted|p2a: Zamazenta
|-damage|p2a: Zamazenta|80/100
|-unboost|p2a: Zamazenta|spe|1
|
|-heal|p2a: Zamazenta|86/100|[from] item: Leftovers
|upkeep
|turn|2
|
|t:|1743824704
|move|p1a: Tornadus|Heat Wave|p2a: Zamazenta
|-supereffective|p2a: Zamazenta
|-damage|p2a: Zamazenta|35/100
|move|p2a: Zamazenta|Iron Defense|p2a: Zamazenta
|-boost|p2a: Zamazenta|def|2
|
|-heal|p2a: Zamazenta|41/100|[from] item: Leftovers
|upkeep
|turn|3
|
|t:|1743824719
|switch|p2a: Walking Wake|Walking Wake|100/100
|move|p1a: Tornadus|Heat Wave|p2a: Walking Wake
|-resisted|p2a: Walking Wake
|-crit|p2a: Walking Wake
|-damage|p2a: Walking Wake|91/100
|
|upkeep
|turn|4
|
|t:|1743824725
|move|p1a: Tornadus|Tailwind|p1a: Tornadus
|-sidestart|p1: INvitad-0w|move: Tailwind
|move|p2a: Walking Wake|Draco Meteor|p1a: Tornadus
|-damage|p1a: Tornadus|0 fnt
|-unboost|p2a: Walking Wake|spa|2
|faint|p1a: Tornadus
|
|upkeep
|
|t:|1743824736
|switch|p1a: Pawmot|Pawmot, M, shiny|100/100
|turn|5
|
|t:|1743824744
|move|p1a: Pawmot|Revival Blessing|p1a: Pawmot
|
|t:|1743824747
|-heal|p1: Tornadus|50/100|[from] move: Revival Blessing
|move|p2a: Walking Wake|Flip Turn|p1a: Pawmot
|-damage|p1a: Pawmot|79/100
|-damage|p2a: Walking Wake|74/100|[from] item: Rocky Helmet|[of] p1a: Pawmot
|
|t:|1743824755
|-end|p2a: Walking Wake|Protosynthesis|[silent]
|switch|p2a: Hatterene|Hatterene, F|100/100|[from] Flip Turn
|
|upkeep
|turn|6
|
|t:|1743824762
|move|p1a: Pawmot|Double Shock|p2a: Hatterene
|-damage|p2a: Hatterene|58/100
|-start|p1a: Pawmot|typechange|???/Fighting|[from] move: Double Shock
|move|p2a: Hatterene|Calm Mind|p2a: Hatterene
|-boost|p2a: Hatterene|spa|1
|-boost|p2a: Hatterene|spd|1
|
|-heal|p2a: Hatterene|64/100|[from] item: Leftovers
|upkeep
|turn|7
|
|t:|1743824774
|switch|p1a: Iron Treads|Iron Treads|100/100
|-enditem|p1a: Iron Treads|Booster Energy
|-activate|p1a: Iron Treads|ability: Quark Drive|[fromitem]
|-start|p1a: Iron Treads|quarkdrivespe
|move|p2a: Hatterene|Draining Kiss|p1a: Iron Treads
|-resisted|p1a: Iron Treads
|-crit|p1a: Iron Treads
|-damage|p1a: Iron Treads|61/100
|-heal|p2a: Hatterene|94/100|[from] drain|[of] p1a: Iron Treads
|
|-heal|p2a: Hatterene|99/100|[from] item: Leftovers
|-sideend|p1: INvitad-0w|move: Tailwind
|upkeep
|turn|8
|
|t:|1743824782
|move|p1a: Iron Treads|Iron Head|p2a: Hatterene
|-supereffective|p2a: Hatterene
|-damage|p2a: Hatterene|35/100
|move|p2a: Hatterene|Draining Kiss|p1a: Iron Treads
|-resisted|p1a: Iron Treads
|-damage|p1a: Iron Treads|36/100
|-heal|p2a: Hatterene|54/100|[from] drain|[of] p1a: Iron Treads
|
|-heal|p2a: Hatterene|60/100|[from] item: Leftovers
|upkeep
|turn|9
|
|t:|1743824792
|move|p1a: Iron Treads|Iron Head|p2a: Hatterene
|-supereffective|p2a: Hatterene
|-damage|p2a: Hatterene|0 fnt
|faint|p2a: Hatterene
|
|upkeep
|
|t:|1743824803
|switch|p2a: Dragapult|Dragapult, F|100/100
|turn|10
|
|t:|1743824807
|move|p1a: Iron Treads|Ice Spinner|p2a: Dragapult
|-supereffective|p2a: Dragapult
|-damage|p2a: Dragapult|31/100
|move|p2a: Dragapult|Dragon Darts|p1a: Iron Treads
|-resisted|p1a: Iron Treads
|-damage|p1a: Iron Treads|25/100
|-anim|p2a: Dragapult|Dragon Darts|p1a: Iron Treads
|-resisted|p1a: Iron Treads
|-damage|p1a: Iron Treads|14/100
|
|upkeep
|turn|11
|-message|Goose980 forfeited.
|
|win|INvitad-0w
|raw|INvitad-0w's rating: 1206 &rarr; <strong>1230</strong><br />(+24 for winning)
|raw|Goose980's rating: 1198 &rarr; <strong>1174</strong><br />(-24 for losing)
|l|☆Goose980
|player|p2|
