|j|☆opgamer21
|j|☆Trainer #39
|t:|1743857637
|gametype|singles
|player|p1|opgamer21|1|1606
|player|p2|Trainer #39|pokemonbreeder|1745
|teamsize|p1|6
|teamsize|p2|6
|gen|9
|tier|[Gen 9] OU
|rated|
|rule|HP Percentage Mod: HP is shown in percentages
|rule|Endless Battle Clause: Forcing endless battles is banned
|rule|Species Clause: Limit one of each Pokémon
|rule|OHKO Clause: OHKO moves are banned
|rule|Evasion Items Clause: Evasion items are banned
|rule|Evasion Moves Clause: Evasion moves are banned
|rule|Sleep Moves Clause: Sleep-inducing moves are banned
|clearpoke
|poke|p1|Ribombee, F|
|poke|p1|Iron Crown|
|poke|p1|Gholdengo|
|poke|p1|Iron Moth|
|poke|p1|Great Tusk|
|poke|p1|Raging Bolt|
|poke|p2|Blissey, F|
|poke|p2|Corviknight, M|
|poke|p2|Dondozo, M|
|poke|p2|Gliscor, M|
|poke|p2|Clefable, M|
|poke|p2|Slowking-Galar, M|
|teampreview
|
|t:|1743857644
|start
|switch|p1a: Ribombee|Ribombee, F|100/100
|switch|p2a: 🇮🇱=ter*orists|Gliscor, M|100/100
|turn|1
|
|t:|1743857646
|move|p2a: 🇮🇱=ter*orists|Protect|p2a: 🇮🇱=ter*orists
|-singleturn|p2a: 🇮🇱=ter*orists|Protect
|move|p1a: Ribombee|Sticky Web|p2a: 🇮🇱=ter*orists
|-sidestart|p2: Trainer #39|move: Sticky Web
|
|-status|p2a: 🇮🇱=ter*orists|tox|[from] item: Toxic Orb
|upkeep
|turn|2
|
|t:|1743857652
|switch|p2a: brat|Blissey, F|100/100
|move|p1a: Ribombee|Skill Swap|p2a: brat
|-activate|p1a: Ribombee|move: Skill Swap|Natural Cure|Shield Dust|[of] p2a: brat
|
|upkeep
|turn|3
|
|t:|1743857656
|switch|p1a: Great Tusk|Great Tusk|100/100
|move|p2a: brat|Stealth Rock|p1a: Great Tusk
|-sidestart|p1: opgamer21|move: Stealth Rock
|
|upkeep
|turn|4
|
|t:|1743857662
|switch|p2a: 🇮🇱=ter*orists|Gliscor, M|100/100 tox
|move|p1a: Great Tusk|Close Combat|p2a: 🇮🇱=ter*orists
|-resisted|p2a: 🇮🇱=ter*orists
|-damage|p2a: 🇮🇱=ter*orists|82/100 tox
|-unboost|p1a: Great Tusk|def|1
|-unboost|p1a: Great Tusk|spd|1
|
|-heal|p2a: 🇮🇱=ter*orists|94/100 tox|[from] ability: Poison Heal
|upkeep
|turn|5
|
|t:|1743857671
|-end|p1a: Great Tusk|Protosynthesis|[silent]
|switch|p1a: Ribombee|Ribombee, F|100/100
|-damage|p1a: Ribombee|76/100|[from] Stealth Rock
|move|p2a: 🇮🇱=ter*orists|Toxic|p1a: Ribombee
|-status|p1a: Ribombee|tox
|
|-damage|p1a: Ribombee|69/100 tox|[from] psn
|-heal|p2a: 🇮🇱=ter*orists|100/100 tox|[from] ability: Poison Heal
|upkeep
|turn|6
|
|t:|1743857674
|move|p2a: 🇮🇱=ter*orists|Protect|p2a: 🇮🇱=ter*orists
|-singleturn|p2a: 🇮🇱=ter*orists|Protect
|move|p1a: Ribombee|Moonblast|p2a: 🇮🇱=ter*orists
|-activate|p2a: 🇮🇱=ter*orists|move: Protect
|
|-damage|p1a: Ribombee|57/100 tox|[from] psn
|upkeep
|turn|7
|
|t:|1743857678
|switch|p2a: Kanye|Slowking-Galar, M|100/100
|-activate|p2a: Kanye|move: Sticky Web
|-unboost|p2a: Kanye|spe|1
|move|p1a: Ribombee|Skill Swap|p2a: Kanye
|-activate|p1a: Ribombee|move: Skill Swap|Regenerator|Shield Dust|[of] p2a: Kanye
|
|-damage|p1a: Ribombee|39/100 tox|[from] psn
|upkeep
|turn|8
|
|t:|1743857683
|move|p1a: Ribombee|Stun Spore|p2a: Kanye|[miss]
|-miss|p1a: Ribombee|p2a: Kanye
|move|p2a: Kanye|Future Sight|p1a: Ribombee
|-start|p2a: Kanye|move: Future Sight
|
|-damage|p1a: Ribombee|14/100 tox|[from] psn
|upkeep
|turn|9
|
|t:|1743857695
|switch|p1a: Great Tusk|Great Tusk|100/100
|-damage|p1a: Great Tusk|98/100|[from] Stealth Rock
|switch|p2a: 🇮🇱=ter*orists|Gliscor, M|100/100 tox
|
|upkeep
|turn|10
|
|t:|1743857700
|-end|p1a: Great Tusk|Protosynthesis|[silent]
|switch|p1a: Ribombee|Ribombee, F|48/100 tox
|-damage|p1a: Ribombee|23/100 tox|[from] Stealth Rock
|move|p2a: 🇮🇱=ter*orists|Substitute|p2a: 🇮🇱=ter*orists
|-start|p2a: 🇮🇱=ter*orists|Substitute
|-damage|p2a: 🇮🇱=ter*orists|76/100 tox
|
|-end|p1a: Ribombee|move: Future Sight
|-crit|p1a: Ribombee
|-damage|p1a: Ribombee|0 fnt
|faint|p1a: Ribombee
|-heal|p2a: 🇮🇱=ter*orists|88/100 tox|[from] ability: Poison Heal
|upkeep
|
|t:|1743857708
|switch|p1a: Great Tusk|Great Tusk|98/100
|-damage|p1a: Great Tusk|95/100|[from] Stealth Rock
|turn|11
|
|t:|1743857710
|move|p1a: Great Tusk|Rapid Spin|p2a: 🇮🇱=ter*orists
|-activate|p2a: 🇮🇱=ter*orists|move: Substitute|[damage]
|-sideend|p1: opgamer21|Stealth Rock|[from] move: Rapid Spin|[of] p1a: Great Tusk
|-boost|p1a: Great Tusk|spe|1
|move|p2a: 🇮🇱=ter*orists|Toxic|p1a: Great Tusk
|-status|p1a: Great Tusk|tox
|
|-damage|p1a: Great Tusk|88/100 tox|[from] psn
|-heal|p2a: 🇮🇱=ter*orists|100/100 tox|[from] ability: Poison Heal
|upkeep
|turn|12
|
|t:|1743857716
|-end|p1a: Great Tusk|Protosynthesis|[silent]
|switch|p1a: Gholdengo|Gholdengo|100/100
|-item|p1a: Gholdengo|Air Balloon
|move|p2a: 🇮🇱=ter*orists|Earthquake|p1a: Gholdengo
|-immune|p1a: Gholdengo
|
|upkeep
|turn|13
|
|t:|1743857727
|switch|p2a: 808 and curses|Dondozo, M|100/100
|-activate|p2a: 808 and curses|move: Sticky Web
|-unboost|p2a: 808 and curses|spe|1
|move|p1a: Gholdengo|Shadow Ball|p2a: 808 and curses
|-crit|p2a: 808 and curses
|-damage|p2a: 808 and curses|36/100
|
|-heal|p2a: 808 and curses|42/100|[from] item: Leftovers
|upkeep
|turn|14
|
|t:|1743857732
|move|p1a: Gholdengo|Nasty Plot|p1a: Gholdengo
|-boost|p1a: Gholdengo|spa|2
|move|p2a: 808 and curses|Rest|p2a: 808 and curses
|-status|p2a: 808 and curses|slp|[from] move: Rest
|-heal|p2a: 808 and curses|100/100 slp|[silent]
|
|upkeep
|turn|15
|
|t:|1743857735
|move|p1a: Gholdengo|Shadow Ball|p2a: 808 and curses
|-damage|p2a: 808 and curses|59/100 slp
|-unboost|p2a: 808 and curses|spd|1
|cant|p2a: 808 and curses|slp
|move|p2a: 808 and curses|Sleep Talk|p2a: 808 and curses
|move|p2a: 808 and curses|Rest||[from] move: Sleep Talk|[still]
|-fail|p2a: 808 and curses
|
|-heal|p2a: 808 and curses|65/100 slp|[from] item: Leftovers
|upkeep
|turn|16
|
|t:|1743857739
|switch|p2a: brat|Blissey, F|100/100
|move|p1a: Gholdengo|Shadow Ball|p2a: brat
|-immune|p2a: brat
|
|upkeep
|turn|17
|
|t:|1743857743
|switch|p2a: 808 and curses|Dondozo, M|65/100 slp
|-activate|p2a: 808 and curses|move: Sticky Web
|-unboost|p2a: 808 and curses|spe|1
|move|p1a: Gholdengo|Psyshock|p2a: 808 and curses
|-damage|p2a: 808 and curses|52/100 slp
|
|-heal|p2a: 808 and curses|58/100 slp|[from] item: Leftovers
|upkeep
|turn|18
|
|t:|1743857748
|switch|p2a: Charli xcx|Clefable, M|100/100
|move|p1a: Gholdengo|Shadow Ball|p2a: Charli xcx
|-damage|p2a: Charli xcx|74/100
|
|upkeep
|turn|19
|
|t:|1743857751
|move|p2a: Charli xcx|Protect|p2a: Charli xcx
|-singleturn|p2a: Charli xcx|Protect
|move|p1a: Gholdengo|Make It Rain|p2a: Charli xcx
|-activate|p2a: Charli xcx|move: Protect
|
|upkeep
|turn|20
|
|t:|1743857755
|-terastallize|p2a: Charli xcx|Dark
|move|p1a: Gholdengo|Nasty Plot|p1a: Gholdengo
|-boost|p1a: Gholdengo|spa|2
|move|p2a: Charli xcx|Wish|p2a: Charli xcx
|
|upkeep
|turn|21
|
|t:|1743857761
|move|p1a: Gholdengo|Make It Rain|p2a: Charli xcx
|-damage|p2a: Charli xcx|28/100
|-unboost|p1a: Gholdengo|spa|1
|move|p2a: Charli xcx|Knock Off|p1a: Gholdengo
|-supereffective|p1a: Gholdengo
|-damage|p1a: Gholdengo|47/100
|-enditem|p1a: Gholdengo|Air Balloon
|
|-heal|p2a: Charli xcx|78/100|[from] move: Wish|[wisher] Charli xcx
|upkeep
|turn|22
|
|t:|1743857764
|switch|p1a: Great Tusk|Great Tusk|88/100 tox
|move|p2a: Charli xcx|Wish|p2a: Charli xcx
|
|-damage|p1a: Great Tusk|82/100 tox|[from] psn
|upkeep
|turn|23
|
|t:|1743857770
|-end|p1a: Great Tusk|Protosynthesis|[silent]
|switch|p1a: Iron Crown|Iron Crown|100/100
|switch|p2a: BIRDS OF A FEATHER|Corviknight, M|100/100
|-ability|p2a: BIRDS OF A FEATHER|Pressure
|
|upkeep
|turn|24
|
|t:|1743857772
|switch|p2a: Kanye|Slowking-Galar, M|100/100
|-activate|p2a: Kanye|move: Sticky Web
|-unboost|p2a: Kanye|spe|1
|move|p1a: Iron Crown|Volt Switch|p2a: Kanye
|-damage|p2a: Kanye|72/100
|
|t:|1743857776
|-end|p1a: Iron Crown|Quark Drive|[silent]
|switch|p1a: Great Tusk|Great Tusk|82/100 tox|[from] Volt Switch
|
|-damage|p1a: Great Tusk|76/100 tox|[from] psn
|upkeep
|turn|25
|
|t:|1743857778
|-end|p1a: Great Tusk|Protosynthesis|[silent]
|switch|p1a: Iron Crown|Iron Crown|100/100
|switch|p2a: BIRDS OF A FEATHER|Corviknight, M|100/100
|-ability|p2a: BIRDS OF A FEATHER|Pressure
|
|upkeep
|turn|26
|
|t:|1743857780
|move|p1a: Iron Crown|Volt Switch|p2a: BIRDS OF A FEATHER
|-supereffective|p2a: BIRDS OF A FEATHER
|-damage|p2a: BIRDS OF A FEATHER|33/100
|
|t:|1743857786
|-end|p1a: Iron Crown|Quark Drive|[silent]
|switch|p1a: Great Tusk|Great Tusk|76/100 tox|[from] Volt Switch
|move|p2a: BIRDS OF A FEATHER|Defog|p1a: Great Tusk
|-unboost|p1a: Great Tusk|evasion|1
|-sideend|p2: Trainer #39|Sticky Web|[from] move: Defog|[of] p2a: BIRDS OF A FEATHER
|
|-damage|p1a: Great Tusk|70/100 tox|[from] psn
|upkeep
|turn|27
|
|t:|1743857792
|-end|p1a: Great Tusk|Protosynthesis|[silent]
|switch|p1a: Iron Crown|Iron Crown|100/100
|move|p2a: BIRDS OF A FEATHER|Roost|p2a: BIRDS OF A FEATHER
|-heal|p2a: BIRDS OF A FEATHER|83/100
|-singleturn|p2a: BIRDS OF A FEATHER|move: Roost
|
|upkeep
|turn|28
|
|t:|1743857795
|switch|p2a: Kanye|Slowking-Galar, M|100/100
|move|p1a: Iron Crown|Volt Switch|p2a: Kanye
|-damage|p2a: Kanye|72/100
|
|t:|1743857797
|-end|p1a: Iron Crown|Quark Drive|[silent]
|switch|p1a: Great Tusk|Great Tusk|70/100 tox|[from] Volt Switch
|
|-damage|p1a: Great Tusk|64/100 tox|[from] psn
|upkeep
|turn|29
|
|t:|1743857800
|switch|p2a: BIRDS OF A FEATHER|Corviknight, M|83/100
|-ability|p2a: BIRDS OF A FEATHER|Pressure
|move|p1a: Great Tusk|Headlong Rush|p2a: BIRDS OF A FEATHER
|-immune|p2a: BIRDS OF A FEATHER
|
|-damage|p1a: Great Tusk|51/100 tox|[from] psn
|upkeep
|turn|30
|
|t:|1743857804
|-end|p1a: Great Tusk|Protosynthesis|[silent]
|switch|p1a: Iron Crown|Iron Crown|100/100
|move|p2a: BIRDS OF A FEATHER|U-turn|p1a: Iron Crown
|-damage|p1a: Iron Crown|84/100
|
|t:|1743857807
|switch|p2a: 808 and curses|Dondozo, M|58/100 slp|[from] U-turn
|
|-heal|p2a: 808 and curses|65/100 slp|[from] item: Leftovers
|upkeep
|turn|31
|
|t:|1743857809
|switch|p2a: Kanye|Slowking-Galar, M|100/100
|move|p1a: Iron Crown|Volt Switch|p2a: Kanye
|-damage|p2a: Kanye|73/100
|
|t:|1743857812
|-end|p1a: Iron Crown|Quark Drive|[silent]
|switch|p1a: Great Tusk|Great Tusk|51/100 tox|[from] Volt Switch
|
|-damage|p1a: Great Tusk|45/100 tox|[from] psn
|upkeep
|turn|32
|
|t:|1743857817
|-end|p1a: Great Tusk|Protosynthesis|[silent]
|switch|p1a: Raging Bolt|Raging Bolt|100/100
|-enditem|p1a: Raging Bolt|Booster Energy
|-activate|p1a: Raging Bolt|ability: Protosynthesis|[fromitem]
|-start|p1a: Raging Bolt|protosynthesisspa
|switch|p2a: BIRDS OF A FEATHER|Corviknight, M|83/100
|-ability|p2a: BIRDS OF A FEATHER|Pressure
|
|upkeep
|turn|33
|
|t:|1743857819
|switch|p2a: Kanye|Slowking-Galar, M|100/100
|move|p1a: Raging Bolt|Calm Mind|p1a: Raging Bolt
|-boost|p1a: Raging Bolt|spa|1
|-boost|p1a: Raging Bolt|spd|1
|
|upkeep
|turn|34
|
|t:|1743857824
|move|p2a: Kanye|Trick|p1a: Raging Bolt
|-activate|p2a: Kanye|move: Trick|[of] p1a: Raging Bolt
|-item|p1a: Raging Bolt|Choice Scarf|[from] move: Trick
|-enditem|p2a: Kanye|Choice Scarf|[silent]|[from] move: Trick
|move|p1a: Raging Bolt|Calm Mind|p1a: Raging Bolt
|-boost|p1a: Raging Bolt|spa|1
|-boost|p1a: Raging Bolt|spd|1
|
|upkeep
|turn|35
|inactive|Battle timer is ON: inactive players will automatically lose when time's up. (requested by Trainer #39)
|c|☆opgamer21|that some really nice tech dude
|c|☆Trainer #39|thanks man
|c|☆opgamer21|gg
|c|☆Trainer #39|gg
|-message|opgamer21 forfeited.
|
|win|Trainer #39
|raw|opgamer21's rating: 1606 &rarr; <strong>1594</strong><br />(-12 for losing)
|raw|Trainer #39's rating: 1745 &rarr; <strong>1757</strong><br />(+12 for winning)
|l|☆opgamer21
|player|p1|
|l|☆Trainer #39
|player|p2|
