|j|☆King.owenjr
|j|☆The Name Change
|t:|1743830153
|gametype|singles
|player|p1|King.owenjr|gentleman|1444
|player|p2|The Name Change|1|1494
|teamsize|p1|6
|teamsize|p2|6
|gen|9
|tier|[Gen 9] OU
|rated|
|rule|HP Percentage Mod: HP is shown in percentages
|rule|Endless Battle Clause: Forcing endless battles is banned
|rule|Species Clause: Limit one of each Pokémon
|rule|OHKO Clause: OHKO moves are banned
|rule|Evasion Items Clause: Evasion items are banned
|rule|Evasion Moves Clause: Evasion moves are banned
|rule|Sleep Moves Clause: Sleep-inducing moves are banned
|clearpoke
|poke|p1|Kingambit, M|
|poke|p1|Dragapult, M|
|poke|p1|Glimmora, M|
|poke|p1|Cetitan, M|
|poke|p1|Espeon, M|
|poke|p1|Arcanine-Hisui, M|
|poke|p2|Gliscor, M|
|poke|p2|Keldeo|
|poke|p2|Ting-Lu|
|poke|p2|Sinistcha-Masterpiece|
|poke|p2|Tinkaton, F|
|poke|p2|Dragonite, F|
|teampreview
|
|t:|1743830178
|start
|switch|p1a: Arcanine|Arcanine-Hisui, M|100/100
|switch|p2a: Tinkaton|Tinkaton, F|100/100
|-ability|p2a: Tinkaton|Mold Breaker
|-item|p2a: Tinkaton|Air Balloon
|turn|1
|
|t:|1743830186
|switch|p2a: Ting-Lu|Ting-Lu|100/100
|-ability|p2a: Ting-Lu|Vessel of Ruin
|move|p1a: Arcanine|Flare Blitz|p2a: Ting-Lu
|-damage|p2a: Ting-Lu|66/100
|-status|p2a: Ting-Lu|brn
|
|-heal|p2a: Ting-Lu|72/100 brn|[from] item: Leftovers
|-damage|p2a: Ting-Lu|66/100 brn|[from] brn
|upkeep
|turn|2
|
|t:|1743830198
|switch|p1a: Espeon|Espeon, M|100/100
|move|p2a: Ting-Lu|Earthquake|p1a: Espeon
|-damage|p1a: Espeon|65/100
|
|-heal|p2a: Ting-Lu|72/100 brn|[from] item: Leftovers
|-damage|p2a: Ting-Lu|66/100 brn|[from] brn
|upkeep
|turn|3
|
|t:|1743830208
|switch|p1a: Arcanine|Arcanine-Hisui, M|100/100
|move|p2a: Ting-Lu|Earthquake|p1a: Arcanine
|-supereffective|p1a: Arcanine
|-damage|p1a: Arcanine|15/100
|
|-heal|p2a: Ting-Lu|72/100 brn|[from] item: Leftovers
|-damage|p2a: Ting-Lu|66/100 brn|[from] brn
|upkeep
|turn|4
|
|t:|1743830233
|switch|p1a: Espeon|Espeon, M|65/100
|move|p2a: Ting-Lu|Earthquake|p1a: Espeon
|-damage|p1a: Espeon|27/100
|
|-heal|p2a: Ting-Lu|72/100 brn|[from] item: Leftovers
|-damage|p2a: Ting-Lu|66/100 brn|[from] brn
|upkeep
|turn|5
|
|t:|1743830244
|move|p1a: Espeon|Draining Kiss|p2a: Ting-Lu
|-supereffective|p2a: Ting-Lu
|-damage|p2a: Ting-Lu|50/100 brn
|-heal|p1a: Espeon|50/100|[from] drain|[of] p2a: Ting-Lu
|move|p2a: Ting-Lu|Earthquake|p1a: Espeon
|-damage|p1a: Espeon|12/100
|
|-heal|p2a: Ting-Lu|56/100 brn|[from] item: Leftovers
|-damage|p2a: Ting-Lu|50/100 brn|[from] brn
|upkeep
|turn|6
|
|t:|1743830262
|move|p1a: Espeon|Draining Kiss|p2a: Ting-Lu
|-supereffective|p2a: Ting-Lu
|-damage|p2a: Ting-Lu|31/100 brn
|-heal|p1a: Espeon|38/100|[from] drain|[of] p2a: Ting-Lu
|move|p2a: Ting-Lu|Earthquake|p1a: Espeon
|-damage|p1a: Espeon|0 fnt
|faint|p1a: Espeon
|
|-heal|p2a: Ting-Lu|37/100 brn|[from] item: Leftovers
|-damage|p2a: Ting-Lu|31/100 brn|[from] brn
|upkeep
|
|t:|1743830273
|switch|p1a: Arcanine|Arcanine-Hisui, M|15/100
|turn|7
|
|t:|1743830278
|move|p1a: Arcanine|Flare Blitz|p2a: Ting-Lu
|-crit|p2a: Ting-Lu
|-damage|p2a: Ting-Lu|0 fnt
|faint|p2a: Ting-Lu
|
|upkeep
|
|t:|1743830282
|switch|p2a: Keldeo|Keldeo|100/100
|turn|8
|
|t:|1743830289
|move|p2a: Keldeo|Flip Turn|p1a: Arcanine
|-supereffective|p1a: Arcanine
|-damage|p1a: Arcanine|0 fnt
|faint|p1a: Arcanine
|
|t:|1743830293
|switch|p2a: Tinkaton|Tinkaton, F|100/100|[from] Flip Turn
|-ability|p2a: Tinkaton|Mold Breaker
|-item|p2a: Tinkaton|Air Balloon
|
|upkeep
|
|t:|1743830299
|switch|p1a: Cetitan|Cetitan, M|100/100
|turn|9
|
|t:|1743830303
|move|p2a: Tinkaton|Gigaton Hammer|p1a: Cetitan
|-supereffective|p1a: Cetitan
|-damage|p1a: Cetitan|28/100
|move|p1a: Cetitan|Liquidation|p2a: Tinkaton
|-damage|p2a: Tinkaton|43/100
|-enditem|p2a: Tinkaton|Air Balloon
|
|upkeep
|turn|10
|
|t:|1743830315
|switch|p2a: Keldeo|Keldeo|100/100
|move|p1a: Cetitan|Liquidation|p2a: Keldeo
|-resisted|p2a: Keldeo
|-damage|p2a: Keldeo|70/100
|
|upkeep
|turn|11
|
|t:|1743830328
|move|p2a: Keldeo|Aura Sphere|p1a: Cetitan
|-supereffective|p1a: Cetitan
|-damage|p1a: Cetitan|0 fnt
|faint|p1a: Cetitan
|
|upkeep
|
|t:|1743830333
|switch|p1a: Dragapult|Dragapult, M|100/100
|turn|12
|
|t:|1743830343
|switch|p2a: Tinkaton|Tinkaton, F|43/100
|-ability|p2a: Tinkaton|Mold Breaker
|move|p1a: Dragapult|Substitute|p1a: Dragapult
|-start|p1a: Dragapult|Substitute
|-damage|p1a: Dragapult|76/100
|
|-heal|p1a: Dragapult|82/100|[from] item: Leftovers
|upkeep
|turn|13
|
|t:|1743830352
|move|p1a: Dragapult|Curse|p2a: Tinkaton
|-start|p2a: Tinkaton|Curse|[of] p1a: Dragapult
|-damage|p1a: Dragapult|32/100
|move|p2a: Tinkaton|Encore|p1a: Dragapult
|-start|p1a: Dragapult|Encore
|
|-heal|p1a: Dragapult|38/100|[from] item: Leftovers
|-damage|p2a: Tinkaton|18/100|[from] Curse
|upkeep
|turn|14
|
|t:|1743830362
|switch|p1a: Glimmora|Glimmora, M|100/100
|move|p2a: Tinkaton|Thunder Wave|p1a: Glimmora
|-status|p1a: Glimmora|par
|
|-damage|p2a: Tinkaton|0 fnt|[from] Curse
|faint|p2a: Tinkaton
|upkeep
|
|t:|1743830365
|switch|p2a: Keldeo|Keldeo|70/100
|turn|15
|
|t:|1743830374
|move|p2a: Keldeo|Surf|p1a: Glimmora
|-supereffective|p1a: Glimmora
|-damage|p1a: Glimmora|24/100 par
|move|p1a: Glimmora|Energy Ball|p2a: Keldeo
|-supereffective|p2a: Keldeo
|-damage|p2a: Keldeo|0 fnt
|faint|p2a: Keldeo
|
|upkeep
|c|☆The Name Change|this is the worst team ive ever seen
|
|t:|1743830385
|switch|p2a: Gliscor|Gliscor, M|100/100
|turn|16
|
|t:|1743830389
|move|p2a: Gliscor|Swords Dance|p2a: Gliscor
|-boost|p2a: Gliscor|atk|2
|cant|p1a: Glimmora|par
|
|-status|p2a: Gliscor|tox|[from] item: Toxic Orb
|upkeep
|turn|17
|
|t:|1743830396
|move|p2a: Gliscor|Knock Off|p1a: Glimmora
|-damage|p1a: Glimmora|0 fnt
|-activate|p1a: Glimmora|ability: Toxic Debris
|-sidestart|p2: The Name Change|move: Toxic Spikes
|-enditem|p1a: Glimmora|Assault Vest|[from] move: Knock Off|[of] p2a: Gliscor
|faint|p1a: Glimmora
|
|upkeep
|
|t:|1743830409
|switch|p1a: Dragapult|Dragapult, M|38/100
|turn|18
|inactive|Battle timer is ON: inactive players will automatically lose when time's up. (requested by King.owenjr)
|inactive|The Name Change has 120 seconds left.
|
|t:|1743830528
|move|p1a: Dragapult|Substitute|p1a: Dragapult
|-start|p1a: Dragapult|Substitute
|-damage|p1a: Dragapult|13/100
|move|p2a: Gliscor|Knock Off|p1a: Dragapult
|-supereffective|p1a: Dragapult
|-end|p1a: Dragapult|Substitute
|
|-heal|p1a: Dragapult|19/100|[from] item: Leftovers
|upkeep
|turn|19
|
|t:|1743830541
|-terastallize|p1a: Dragapult|Dragon
|move|p1a: Dragapult|Draco Meteor|p2a: Gliscor
|-damage|p2a: Gliscor|15/100 tox
|-unboost|p1a: Dragapult|spa|2
|move|p2a: Gliscor|Knock Off|p1a: Dragapult
|-damage|p1a: Dragapult|0 fnt
|-enditem|p1a: Dragapult|Leftovers|[from] move: Knock Off|[of] p2a: Gliscor
|faint|p1a: Dragapult
|
|-heal|p2a: Gliscor|28/100 tox|[from] ability: Poison Heal
|upkeep
|
|t:|1743830554
|switch|p1a: Kingambit|Kingambit, M|100/100
|-activate|p1a: Kingambit|ability: Supreme Overlord
|-start|p1a: Kingambit|fallen5|[silent]
|turn|20
|
|t:|1743830561
|move|p1a: Kingambit|Sucker Punch|p2a: Gliscor
|-damage|p2a: Gliscor|0 fnt
|faint|p2a: Gliscor
|
|upkeep
|
|t:|1743830571
|switch|p2a: Dragonite|Dragonite, F|100/100
|turn|21
|
|t:|1743830576
|move|p2a: Dragonite|Earthquake|p1a: Kingambit
|-supereffective|p1a: Kingambit
|-damage|p1a: Kingambit|45/100
|move|p1a: Kingambit|Kowtow Cleave|p2a: Dragonite
|-crit|p2a: Dragonite
|-damage|p2a: Dragonite|49/100
|
|upkeep
|turn|22
|
|t:|1743830584
|move|p2a: Dragonite|Earthquake|p1a: Kingambit
|-supereffective|p1a: Kingambit
|-damage|p1a: Kingambit|0 fnt
|faint|p1a: Kingambit
|-end|p1a: Kingambit|fallen5|[silent]
|
|win|The Name Change
|raw|King.owenjr's rating: 1444 &rarr; <strong>1427</strong><br />(-17 for losing)
|raw|The Name Change's rating: 1494 &rarr; <strong>1511</strong><br />(+17 for winning)
|l|☆The Name Change
|player|p2|
|l|☆King.owenjr
|player|p1|
