|j|☆LX1987
|j|☆skopergmamer
|t:|1743866451
|gametype|singles
|player|p1|LX1987|170|1220
|player|p2|skopergmamer|1|1172
|teamsize|p1|6
|teamsize|p2|6
|gen|9
|tier|[Gen 9] OU
|rated|
|rule|HP Percentage Mod: HP is shown in percentages
|rule|Endless Battle Clause: Forcing endless battles is banned
|rule|Species Clause: Limit one of each Pokémon
|rule|OHKO Clause: OHKO moves are banned
|rule|Evasion Items Clause: Evasion items are banned
|rule|Evasion Moves Clause: Evasion moves are banned
|rule|Sleep Moves Clause: Sleep-inducing moves are banned
|clearpoke
|poke|p1|Corviknight, F|
|poke|p1|Kingambit, M|
|poke|p1|Arcanine-Hisui, F|
|poke|p1|Ninetales-Alola, M|
|poke|p1|Inteleon, F|
|poke|p1|Chimecho, M|
|poke|p2|Hawlucha, M|
|poke|p2|Rillaboom, M|
|poke|p2|Great Tusk|
|poke|p2|Skeledirge, M|
|poke|p2|Rotom-Wash|
|poke|p2|Glimmora, M|
|teampreview
|
|t:|1743866458
|start
|switch|p1a: Ninetales|Ninetales-Alola, M|100/100
|switch|p2a: Glimmora|Glimmora, M|100/100
|-weather|Snowscape|[from] ability: Snow Warning|[of] p1a: Ninetales
|turn|1
|inactive|Battle timer is ON: inactive players will automatically lose when time's up. (requested by LX1987)
|
|t:|1743866467
|move|p1a: Ninetales|Aurora Veil|p1a: Ninetales
|-sidestart|p1: LX1987|move: Aurora Veil
|move|p2a: Glimmora|Sludge Wave|p1a: Ninetales
|-supereffective|p1a: Ninetales
|-damage|p1a: Ninetales|38/100
|
|-weather|Snowscape|[upkeep]
|upkeep
|turn|2
|
|t:|1743866476
|switch|p1a: Corviknight|Corviknight, F|100/100
|move|p2a: Glimmora|Stealth Rock|p1a: Corviknight
|-sidestart|p1: LX1987|move: Stealth Rock
|
|-weather|Snowscape|[upkeep]
|upkeep
|turn|3
|
|t:|1743866483
|switch|p2a: Rotom|Rotom-Wash|100/100
|move|p1a: Corviknight|Brave Bird|p2a: Rotom
|-resisted|p2a: Rotom
|-damage|p2a: Rotom|75/100
|-damage|p1a: Corviknight|95/100|[from] Recoil
|
|-weather|Snowscape|[upkeep]
|upkeep
|turn|4
|
|t:|1743866495
|switch|p1a: Inteleon|Inteleon, F|100/100
|-damage|p1a: Inteleon|88/100|[from] Stealth Rock
|move|p2a: Rotom|Volt Switch|p1a: Inteleon
|-supereffective|p1a: Inteleon
|-damage|p1a: Inteleon|32/100
|
|t:|1743866503
|switch|p2a: Rillaboom|Rillaboom, M|100/100|[from] Volt Switch
|-fieldstart|move: Grassy Terrain|[from] ability: Grassy Surge|[of] p2a: Rillaboom
|
|-weather|Snowscape|[upkeep]
|-heal|p1a: Inteleon|38/100|[from] Grassy Terrain
|upkeep
|turn|5
|
|t:|1743866514
|switch|p1a: Arcanine|Arcanine-Hisui, F|100/100
|-damage|p1a: Arcanine|75/100|[from] Stealth Rock
|move|p2a: Rillaboom|Grassy Glide|p1a: Arcanine
|-damage|p1a: Arcanine|39/100
|
|-weather|none
|-heal|p1a: Arcanine|45/100|[from] Grassy Terrain
|upkeep
|turn|6
|
|t:|1743866526
|switch|p2a: Rotom|Rotom-Wash|75/100
|move|p1a: Arcanine|Head Smash|p2a: Rotom
|-damage|p2a: Rotom|0 fnt
|faint|p2a: Rotom
|-damage|p1a: Arcanine|35/100|[from] item: Life Orb
|
|-heal|p1a: Arcanine|41/100|[from] Grassy Terrain
|upkeep
|
|t:|1743866537
|switch|p2a: Hawlucha|Hawlucha, M|100/100
|-enditem|p2a: Hawlucha|Grassy Seed
|-boost|p2a: Hawlucha|def|1|[from] item: Grassy Seed
|turn|7
|
|t:|1743866548
|switch|p1a: Corviknight|Corviknight, F|95/100
|-damage|p1a: Corviknight|83/100|[from] Stealth Rock
|move|p2a: Hawlucha|Substitute|p2a: Hawlucha
|-start|p2a: Hawlucha|Substitute
|-damage|p2a: Hawlucha|75/100
|
|upkeep
|turn|8
|
|t:|1743866556
|move|p2a: Hawlucha|Swords Dance|p2a: Hawlucha
|-boost|p2a: Hawlucha|atk|2
|move|p1a: Corviknight|Brave Bird|p2a: Hawlucha
|-supereffective|p2a: Hawlucha
|-end|p2a: Hawlucha|Substitute
|-damage|p1a: Corviknight|75/100|[from] Recoil|[of] p2a: Hawlucha
|
|-sideend|p1: LX1987|move: Aurora Veil
|-fieldend|move: Grassy Terrain
|upkeep
|turn|9
|
|t:|1743866570
|move|p2a: Hawlucha|Drain Punch|p1a: Corviknight
|-damage|p1a: Corviknight|41/100
|-heal|p2a: Hawlucha|93/100|[from] drain|[of] p1a: Corviknight
|-damage|p2a: Hawlucha|76/100|[from] item: Rocky Helmet|[of] p1a: Corviknight
|move|p1a: Corviknight|Brave Bird|p2a: Hawlucha
|-supereffective|p2a: Hawlucha
|-damage|p2a: Hawlucha|12/100
|-damage|p1a: Corviknight|21/100|[from] Recoil
|
|upkeep
|turn|10
|
|t:|1743866582
|move|p2a: Hawlucha|Drain Punch|p1a: Corviknight
|-damage|p1a: Corviknight|0 fnt
|-heal|p2a: Hawlucha|23/100|[from] drain|[of] p1a: Corviknight
|-damage|p2a: Hawlucha|6/100|[from] item: Rocky Helmet|[of] p1a: Corviknight
|faint|p1a: Corviknight
|
|upkeep
|
|t:|1743866591
|switch|p1a: Arcanine|Arcanine-Hisui, F|41/100
|-damage|p1a: Arcanine|16/100|[from] Stealth Rock
|turn|11
|
|t:|1743866597
|move|p1a: Arcanine|Extreme Speed|p2a: Hawlucha
|-damage|p2a: Hawlucha|0 fnt
|faint|p2a: Hawlucha
|-damage|p1a: Arcanine|6/100|[from] item: Life Orb
|
|upkeep
|
|t:|1743866600
|switch|p2a: Glimmora|Glimmora, M|100/100
|turn|12
|
|t:|1743866608
|move|p2a: Glimmora|Power Gem|p1a: Arcanine
|-supereffective|p1a: Arcanine
|-damage|p1a: Arcanine|0 fnt
|faint|p1a: Arcanine
|
|upkeep
|
|t:|1743866615
|switch|p1a: Inteleon|Inteleon, F|38/100
|-damage|p1a: Inteleon|26/100|[from] Stealth Rock
|turn|13
|
|t:|1743866621
|move|p1a: Inteleon|Snipe Shot|p2a: Glimmora
|-supereffective|p2a: Glimmora
|-enditem|p2a: Glimmora|Focus Sash
|-damage|p2a: Glimmora|1/100
|move|p2a: Glimmora|Power Gem|p1a: Inteleon
|-damage|p1a: Inteleon|0 fnt
|faint|p1a: Inteleon
|
|upkeep
|
|t:|1743866632
|switch|p1a: Ninetales|Ninetales-Alola, M|38/100
|-damage|p1a: Ninetales|14/100|[from] Stealth Rock
|-weather|Snowscape|[from] ability: Snow Warning|[of] p1a: Ninetales
|turn|14
|
|t:|1743866639
|move|p1a: Ninetales|Aurora Veil|p1a: Ninetales
|-sidestart|p1: LX1987|move: Aurora Veil
|move|p2a: Glimmora|Power Gem|p1a: Ninetales
|-supereffective|p1a: Ninetales
|-damage|p1a: Ninetales|0 fnt
|faint|p1a: Ninetales
|
|-weather|Snowscape|[upkeep]
|upkeep
|
|t:|1743866647
|switch|p1a: Chimecho|Chimecho, M|100/100
|-damage|p1a: Chimecho|88/100|[from] Stealth Rock
|turn|15
|
|t:|1743866653
|move|p2a: Glimmora|Mortal Spin|p1a: Chimecho
|-damage|p1a: Chimecho|85/100
|-status|p1a: Chimecho|psn
|move|p1a: Chimecho|Shadow Ball|p2a: Glimmora
|-damage|p2a: Glimmora|0 fnt
|faint|p2a: Glimmora
|
|-weather|Snowscape|[upkeep]
|-heal|p1a: Chimecho|91/100 psn|[from] item: Leftovers
|-damage|p1a: Chimecho|79/100 psn|[from] psn
|upkeep
|
|t:|1743866663
|switch|p2a: Skeledirge|Skeledirge, M|100/100
|turn|16
|
|t:|1743866668
|move|p2a: Skeledirge|Torch Song|p1a: Chimecho
|-damage|p1a: Chimecho|59/100 psn
|-boost|p2a: Skeledirge|spa|1
|-damage|p2a: Skeledirge|91/100|[from] item: Life Orb
|move|p1a: Chimecho|Thunder Wave|p2a: Skeledirge
|-status|p2a: Skeledirge|par
|
|-weather|Snowscape|[upkeep]
|-heal|p1a: Chimecho|65/100 psn|[from] item: Leftovers
|-damage|p1a: Chimecho|53/100 psn|[from] psn
|upkeep
|turn|17
|
|t:|1743866683
|move|p1a: Chimecho|Wish|p1a: Chimecho
|cant|p2a: Skeledirge|par
|
|-weather|Snowscape|[upkeep]
|-heal|p1a: Chimecho|59/100 psn|[from] item: Leftovers
|-damage|p1a: Chimecho|47/100 psn|[from] psn
|upkeep
|turn|18
|
|t:|1743866692
|switch|p1a: Kingambit|Kingambit, M|100/100
|-damage|p1a: Kingambit|94/100|[from] Stealth Rock
|-activate|p1a: Kingambit|ability: Supreme Overlord
|-start|p1a: Kingambit|fallen4|[silent]
|cant|p2a: Skeledirge|par
|
|-weather|none
|-heal|p1a: Kingambit|100/100|[from] move: Wish|[wisher] Chimecho
|upkeep
|turn|19
|
|t:|1743866706
|move|p1a: Kingambit|Kowtow Cleave|p2a: Skeledirge
|-supereffective|p2a: Skeledirge
|-damage|p2a: Skeledirge|0 fnt
|faint|p2a: Skeledirge
|
|upkeep
|
|t:|1743866711
|switch|p2a: Great Tusk|Great Tusk|100/100
|-enditem|p2a: Great Tusk|Booster Energy
|-activate|p2a: Great Tusk|ability: Protosynthesis|[fromitem]
|-start|p2a: Great Tusk|protosynthesisatk
|turn|20
|
|t:|1743866725
|-terastallize|p1a: Kingambit|Fairy
|move|p2a: Great Tusk|Close Combat|p1a: Kingambit
|-resisted|p1a: Kingambit
|-crit|p1a: Kingambit
|-damage|p1a: Kingambit|56/100
|-unboost|p2a: Great Tusk|def|1
|-unboost|p2a: Great Tusk|spd|1
|move|p1a: Kingambit|Iron Head|p2a: Great Tusk
|-damage|p2a: Great Tusk|30/100
|
|upkeep
|turn|21
|
|t:|1743866738
|move|p1a: Kingambit|Sucker Punch|p2a: Great Tusk
|-resisted|p2a: Great Tusk
|-damage|p2a: Great Tusk|1/100
|move|p2a: Great Tusk|Earthquake|p1a: Kingambit
|-damage|p1a: Kingambit|30/100
|
|-sideend|p1: LX1987|move: Aurora Veil
|upkeep
|turn|22
|
|t:|1743866747
|-end|p1a: Kingambit|fallen4|[silent]
|switch|p1a: Chimecho|Chimecho, M|47/100 psn
|-damage|p1a: Chimecho|34/100 psn|[from] Stealth Rock
|move|p2a: Great Tusk|Earthquake|p1a: Chimecho
|-immune|p1a: Chimecho|[from] ability: Levitate
|
|-heal|p1a: Chimecho|41/100 psn|[from] item: Leftovers
|-damage|p1a: Chimecho|28/100 psn|[from] psn
|upkeep
|turn|23
|
|t:|1743866758
|move|p2a: Great Tusk|Ice Spinner|p1a: Chimecho
|-damage|p1a: Chimecho|0 fnt
|faint|p1a: Chimecho
|
|upkeep
|
|t:|1743866764
|switch|p1a: Kingambit|Kingambit, M, tera:Fairy|30/100
|-damage|p1a: Kingambit|18/100|[from] Stealth Rock
|-activate|p1a: Kingambit|ability: Supreme Overlord
|-start|p1a: Kingambit|fallen5|[silent]
|turn|24
|
|t:|1743866770
|move|p1a: Kingambit|Sucker Punch|p2a: Great Tusk
|-resisted|p2a: Great Tusk
|-damage|p2a: Great Tusk|0 fnt
|faint|p2a: Great Tusk
|-end|p2a: Great Tusk|Protosynthesis|[silent]
|
|upkeep
|
|t:|1743866772
|switch|p2a: Rillaboom|Rillaboom, M|100/100
|-fieldstart|move: Grassy Terrain|[from] ability: Grassy Surge|[of] p2a: Rillaboom
|turn|25
|
|t:|1743866779
|move|p2a: Rillaboom|Grassy Glide|p1a: Kingambit
|-damage|p1a: Kingambit|0 fnt
|faint|p1a: Kingambit
|-end|p1a: Kingambit|fallen5|[silent]
|
|win|skopergmamer
|raw|LX1987's rating: 1220 &rarr; <strong>1192</strong><br />(-28 for losing)
|raw|skopergmamer's rating: 1172 &rarr; <strong>1200</strong><br />(+28 for winning)
|l|☆LX1987
|player|p1|
|l|☆skopergmamer
|player|p2|
