|j|☆chemnuoc
|j|☆gaasss
|t:|1743917975
|gametype|singles
|player|p1|chemnuoc|2|1221
|player|p2|gaasss|nate|1197
|teamsize|p1|6
|teamsize|p2|6
|gen|9
|tier|[Gen 9] OU
|rated|
|rule|HP Percentage Mod: HP is shown in percentages
|rule|Endless Battle Clause: Forcing endless battles is banned
|rule|Species Clause: Limit one of each Pokémon
|rule|OHKO Clause: OHKO moves are banned
|rule|Evasion Items Clause: Evasion items are banned
|rule|Evasion Moves Clause: Evasion moves are banned
|rule|Sleep Moves Clause: Sleep-inducing moves are banned
|clearpoke
|poke|p1|Hawlucha, F|
|poke|p1|Porygon-Z|
|poke|p1|Landorus-Therian, M|
|poke|p1|Rillaboom, F|
|poke|p1|Iron Moth|
|poke|p1|Hitmontop, M|
|poke|p2|Landorus-Therian, M|
|poke|p2|Dragonite, F|
|poke|p2|Dondozo, F|
|poke|p2|Ninetales-Alola, F|
|poke|p2|Iron Moth|
|poke|p2|Kingambit, M|
|teampreview
|
|t:|1743917987
|start
|switch|p1a: Hitmontop|Hitmontop, M, shiny|100/100
|switch|p2a: Dondozo|Dondozo, F|100/100
|turn|1
|inactive|Battle timer is ON: inactive players will automatically lose when time's up. (requested by gaasss)
|
|t:|1743917992
|move|p1a: Hitmontop|Fake Out|p2a: Dondozo
|-damage|p2a: Dondozo|92/100
|-damage|p1a: Hitmontop|84/100|[from] item: Rocky Helmet|[of] p2a: Dondozo
|cant|p2a: Dondozo|flinch
|
|upkeep
|turn|2
|
|t:|1743917999
|switch|p1a: Rillaboom|Rillaboom, F, shiny|100/100
|-fieldstart|move: Grassy Terrain|[from] ability: Grassy Surge|[of] p1a: Rillaboom
|move|p2a: Dondozo|Body Press|p1a: Rillaboom
|-damage|p1a: Rillaboom|69/100
|
|-heal|p1a: Rillaboom|75/100|[from] Grassy Terrain
|-heal|p2a: Dondozo|98/100|[from] Grassy Terrain
|upkeep
|turn|3
|
|t:|1743918010
|switch|p2a: Ninetales|Ninetales-Alola, F|100/100
|-weather|Snowscape|[from] ability: Snow Warning|[of] p2a: Ninetales
|move|p1a: Rillaboom|Knock Off|p2a: Ninetales
|-resisted|p2a: Ninetales
|-damage|p2a: Ninetales|73/100
|-enditem|p2a: Ninetales|Light Clay|[from] move: Knock Off|[of] p1a: Rillaboom
|
|-weather|Snowscape|[upkeep]
|-heal|p2a: Ninetales|80/100|[from] Grassy Terrain
|-heal|p1a: Rillaboom|81/100|[from] Grassy Terrain
|upkeep
|turn|4
|
|t:|1743918020
|switch|p1a: Iron Moth|Iron Moth, shiny|100/100
|-enditem|p1a: Iron Moth|Booster Energy
|-activate|p1a: Iron Moth|ability: Quark Drive|[fromitem]
|-start|p1a: Iron Moth|quarkdrivespe
|move|p2a: Ninetales|Aurora Veil|p2a: Ninetales
|-sidestart|p2: gaasss|move: Aurora Veil
|
|-weather|Snowscape|[upkeep]
|-heal|p2a: Ninetales|86/100|[from] Grassy Terrain
|upkeep
|turn|5
|
|t:|1743918029
|switch|p2a: Iron Moth|Iron Moth|100/100
|move|p1a: Iron Moth|Fiery Dance|p2a: Iron Moth
|-resisted|p2a: Iron Moth
|-damage|p2a: Iron Moth|90/100
|-boost|p1a: Iron Moth|spa|1
|
|-weather|Snowscape|[upkeep]
|-heal|p2a: Iron Moth|96/100|[from] Grassy Terrain
|upkeep
|turn|6
|
|t:|1743918038
|move|p1a: Iron Moth|Psychic|p2a: Iron Moth
|-supereffective|p2a: Iron Moth
|-damage|p2a: Iron Moth|45/100
|move|p2a: Iron Moth|Fiery Dance|p1a: Iron Moth
|-resisted|p1a: Iron Moth
|-damage|p1a: Iron Moth|77/100
|
|-weather|Snowscape|[upkeep]
|-heal|p1a: Iron Moth|83/100|[from] Grassy Terrain
|-heal|p2a: Iron Moth|51/100|[from] Grassy Terrain
|-fieldend|move: Grassy Terrain
|upkeep
|turn|7
|
|t:|1743918050
|-end|p2a: Iron Moth|Quark Drive|[silent]
|switch|p2a: Landorus|Landorus-Therian, M|100/100
|-ability|p2a: Landorus|Intimidate|boost
|-unboost|p1a: Iron Moth|atk|1
|move|p1a: Iron Moth|Psychic|p2a: Landorus
|-damage|p2a: Landorus|75/100
|
|-weather|none
|upkeep
|turn|8
|
|t:|1743918058
|-terastallize|p1a: Iron Moth|Flying
|move|p1a: Iron Moth|Substitute|p1a: Iron Moth
|-start|p1a: Iron Moth|Substitute
|-damage|p1a: Iron Moth|58/100
|move|p2a: Landorus|Swords Dance|p2a: Landorus
|-boost|p2a: Landorus|atk|2
|
|-sideend|p2: gaasss|move: Aurora Veil
|upkeep
|turn|9
|
|t:|1743918067
|move|p1a: Iron Moth|Fiery Dance|p2a: Landorus
|-damage|p2a: Landorus|13/100
|move|p2a: Landorus|Scorching Sands|p1a: Iron Moth
|-immune|p1a: Iron Moth
|
|upkeep
|turn|10
|c|☆chemnuoc|lol
|
|t:|1743918073
|move|p1a: Iron Moth|Fiery Dance|p2a: Landorus
|-damage|p2a: Landorus|0 fnt
|-boost|p1a: Iron Moth|spa|1
|faint|p2a: Landorus
|
|upkeep
|c|☆chemnuoc|it's over
|
|t:|1743918083
|switch|p2a: Iron Moth|Iron Moth|51/100
|turn|11
|
|t:|1743918086
|move|p1a: Iron Moth|Psychic|p2a: Iron Moth
|-supereffective|p2a: Iron Moth
|-damage|p2a: Iron Moth|0 fnt
|faint|p2a: Iron Moth
|-end|p2a: Iron Moth|Quark Drive|[silent]
|
|upkeep
|
|t:|1743918091
|switch|p2a: Dragonite|Dragonite, F|100/100
|turn|12
|
|t:|1743918096
|move|p1a: Iron Moth|Fiery Dance|p2a: Dragonite
|-resisted|p2a: Dragonite
|-damage|p2a: Dragonite|58/100
|move|p2a: Dragonite|Dragon Dance|p2a: Dragonite
|-boost|p2a: Dragonite|atk|1
|-boost|p2a: Dragonite|spe|1
|
|upkeep
|turn|13
|
|t:|1743918105
|-terastallize|p2a: Dragonite|Normal
|move|p2a: Dragonite|Extreme Speed|p1a: Iron Moth
|-end|p1a: Iron Moth|Substitute
|move|p1a: Iron Moth|Sludge Wave|p2a: Dragonite
|-damage|p2a: Dragonite|0 fnt
|faint|p2a: Dragonite
|
|upkeep
|
|t:|1743918114
|switch|p2a: Kingambit|Kingambit, M|100/100
|turn|14
|
|t:|1743918117
|move|p1a: Iron Moth|Fiery Dance|p2a: Kingambit
|-supereffective|p2a: Kingambit
|-damage|p2a: Kingambit|0 fnt
|-boost|p1a: Iron Moth|spa|1
|faint|p2a: Kingambit
|
|upkeep
|-message|gaasss forfeited.
|
|win|chemnuoc
|raw|chemnuoc's rating: 1221 &rarr; <strong>1244</strong><br />(+23 for winning)
|raw|gaasss's rating: 1197 &rarr; <strong>1174</strong><br />(-23 for losing)
|l|☆gaasss
|player|p2|
|l|☆chemnuoc
|player|p1|
