|j|☆NotTheWolfes
|j|☆poltato2
|t:|1743837323
|gametype|singles
|player|p1|NotTheWolfes|clerk|1087
|player|p2|poltato2|102|1106
|teamsize|p1|6
|teamsize|p2|6
|gen|9
|tier|[Gen 9] OU
|rated|
|rule|HP Percentage Mod: HP is shown in percentages
|rule|Endless Battle Clause: Forcing endless battles is banned
|rule|Species Clause: Limit one of each Pokémon
|rule|OHKO Clause: OHKO moves are banned
|rule|Evasion Items Clause: Evasion items are banned
|rule|Evasion Moves Clause: Evasion moves are banned
|rule|Sleep Moves Clause: Sleep-inducing moves are banned
|clearpoke
|poke|p1|Incineroar, M|
|poke|p1|Sceptile, F|
|poke|p1|Zoroark, F|
|poke|p1|Vikavolt, M|
|poke|p1|Florges, F|
|poke|p1|Dusclops, F|
|poke|p2|Milotic, M|
|poke|p2|Gliscor, M|
|poke|p2|Iron Valiant|
|poke|p2|Gholdengo|
|poke|p2|Corviknight, M|
|poke|p2|Scizor, M|
|teampreview
|inactive|Battle timer is ON: inactive players will automatically lose when time's up. (requested by poltato2)
|
|t:|1743837329
|start
|switch|p1a: Vikavolt|Vikavolt, M|100/100
|switch|p2a: Gliscor|Gliscor, M|100/100
|turn|1
|
|t:|1743837334
|move|p2a: Gliscor|Toxic|p1a: Vikavolt
|-status|p1a: Vikavolt|tox
|move|p1a: Vikavolt|Sticky Web|p2a: Gliscor
|-sidestart|p2: poltato2|move: Sticky Web
|
|-damage|p1a: Vikavolt|94/100 tox|[from] psn
|-status|p2a: Gliscor|tox|[from] item: Toxic Orb
|upkeep
|turn|2
|
|t:|1743837342
|move|p2a: Gliscor|Fire Fang|p1a: Vikavolt
|-supereffective|p1a: Vikavolt
|-damage|p1a: Vikavolt|66/100 tox
|move|p1a: Vikavolt|Bug Buzz|p2a: Gliscor
|-resisted|p2a: Gliscor
|-damage|p2a: Gliscor|67/100 tox
|
|-heal|p2a: Gliscor|79/100 tox|[from] ability: Poison Heal
|-damage|p1a: Vikavolt|54/100 tox|[from] psn
|upkeep
|turn|3
|
|t:|1743837353
|move|p2a: Gliscor|Protect|p2a: Gliscor
|-singleturn|p2a: Gliscor|Protect
|move|p1a: Vikavolt|Bug Buzz|p2a: Gliscor
|-activate|p2a: Gliscor|move: Protect
|
|-heal|p2a: Gliscor|91/100 tox|[from] ability: Poison Heal
|-damage|p1a: Vikavolt|35/100 tox|[from] psn
|upkeep
|turn|4
|
|t:|1743837358
|move|p2a: Gliscor|Fire Fang|p1a: Vikavolt|[miss]
|-miss|p2a: Gliscor|p1a: Vikavolt
|move|p1a: Vikavolt|Bug Buzz|p2a: Gliscor
|-resisted|p2a: Gliscor
|-damage|p2a: Gliscor|58/100 tox
|
|-heal|p2a: Gliscor|71/100 tox|[from] ability: Poison Heal
|-damage|p1a: Vikavolt|11/100 tox|[from] psn
|upkeep
|turn|5
|
|t:|1743837369
|switch|p2a: Corviknight|Corviknight, M|100/100
|move|p1a: Vikavolt|Bug Buzz|p2a: Corviknight
|-resisted|p2a: Corviknight
|-damage|p2a: Corviknight|88/100
|
|-damage|p1a: Vikavolt|0 fnt|[from] psn
|faint|p1a: Vikavolt
|upkeep
|
|t:|1743837374
|switch|p1a: Incineroar|Incineroar, M, shiny|100/100
|-ability|p1a: Incineroar|Intimidate|boost
|-ability|p2a: Corviknight|Mirror Armor
|-unboost|p1a: Incineroar|atk|1
|turn|6
|
|t:|1743837390
|move|p2a: Corviknight|Defog|p1a: Incineroar
|-unboost|p1a: Incineroar|evasion|1
|-sideend|p2: poltato2|Sticky Web|[from] move: Defog|[of] p2a: Corviknight
|move|p1a: Incineroar|Will-O-Wisp|p2a: Corviknight
|-status|p2a: Corviknight|brn
|
|-damage|p2a: Corviknight|82/100 brn|[from] brn
|upkeep
|turn|7
|
|t:|1743837402
|switch|p2a: Gliscor|Gliscor, M|71/100 tox
|move|p1a: Incineroar|Parting Shot|p2a: Gliscor
|-unboost|p2a: Gliscor|atk|1
|-unboost|p2a: Gliscor|spa|1
|
|t:|1743837408
|switch|p1a: Florges|Florges, F|100/100|[from] Parting Shot
|
|-heal|p2a: Gliscor|83/100 tox|[from] ability: Poison Heal
|upkeep
|turn|8
|
|t:|1743837415
|move|p1a: Florges|Dark Pulse|p2a: Gliscor
|-damage|p2a: Gliscor|19/100 tox
|-damage|p1a: Florges|91/100|[from] item: Life Orb
|move|p2a: Gliscor|Toxic|p1a: Florges
|-status|p1a: Florges|tox
|
|-damage|p1a: Florges|84/100 tox|[from] psn
|-heal|p2a: Gliscor|32/100 tox|[from] ability: Poison Heal
|upkeep
|turn|9
|
|t:|1743837422
|move|p2a: Gliscor|Protect|p2a: Gliscor
|-singleturn|p2a: Gliscor|Protect
|move|p1a: Florges|Dark Pulse|p2a: Gliscor
|-activate|p2a: Gliscor|move: Protect
|
|-damage|p1a: Florges|72/100 tox|[from] psn
|-heal|p2a: Gliscor|44/100 tox|[from] ability: Poison Heal
|upkeep
|turn|10
|
|t:|1743837437
|switch|p2a: Corviknight|Corviknight, M|82/100 brn
|move|p1a: Florges|Dark Pulse|p2a: Corviknight
|-damage|p2a: Corviknight|33/100 brn
|-damage|p1a: Florges|62/100 tox|[from] item: Life Orb
|
|-damage|p1a: Florges|44/100 tox|[from] psn
|-damage|p2a: Corviknight|27/100 brn|[from] brn
|upkeep
|turn|11
|
|t:|1743837445
|move|p1a: Florges|Dark Pulse|p2a: Corviknight
|-damage|p2a: Corviknight|0 fnt
|faint|p2a: Corviknight
|-damage|p1a: Florges|34/100 tox|[from] item: Life Orb
|
|-damage|p1a: Florges|9/100 tox|[from] psn
|upkeep
|
|t:|1743837448
|switch|p2a: Gliscor|Gliscor, M|44/100 tox
|turn|12
|
|t:|1743837451
|switch|p1a: Sceptile|Sceptile, F|100/100
|move|p2a: Gliscor|Protect||[still]
|-fail|p2a: Gliscor
|
|-heal|p2a: Gliscor|57/100 tox|[from] ability: Poison Heal
|upkeep
|turn|13
|
|t:|1743837462
|move|p2a: Gliscor|Protect|p2a: Gliscor
|-singleturn|p2a: Gliscor|Protect
|move|p1a: Sceptile|Leaf Storm|p2a: Gliscor
|-activate|p2a: Gliscor|move: Protect
|
|-heal|p2a: Gliscor|69/100 tox|[from] ability: Poison Heal
|upkeep
|turn|14
|
|t:|1743837467
|-terastallize|p1a: Sceptile|Grass
|move|p1a: Sceptile|Leaf Storm|p2a: Gliscor
|-damage|p2a: Gliscor|0 fnt
|-unboost|p1a: Sceptile|spa|2
|faint|p2a: Gliscor
|
|upkeep
|
|t:|1743837483
|switch|p2a: Scizor|Scizor, M|100/100
|turn|15
|
|t:|1743837490
|switch|p1a: Incineroar|Incineroar, M, shiny|100/100
|-ability|p1a: Incineroar|Intimidate|boost
|-unboost|p2a: Scizor|atk|1
|move|p2a: Scizor|Dual Wingbeat|p1a: Incineroar
|-damage|p1a: Incineroar|86/100
|-damage|p1a: Incineroar|72/100
|-hitcount|p1a: Incineroar|2
|
|-heal|p1a: Incineroar|78/100|[from] item: Leftovers
|upkeep
|turn|16
|
|t:|1743837496
|switch|p2a: Milotic|Milotic, M|100/100
|move|p1a: Incineroar|Will-O-Wisp|p2a: Milotic
|-status|p2a: Milotic|brn
|
|-heal|p1a: Incineroar|84/100|[from] item: Leftovers
|-damage|p2a: Milotic|94/100 brn|[from] brn
|upkeep
|turn|17
|
|t:|1743837510
|switch|p1a: Sceptile|Sceptile, F, tera:Grass|100/100
|move|p2a: Milotic|Scald|p1a: Sceptile
|-resisted|p1a: Sceptile
|-damage|p1a: Sceptile|82/100
|-status|p1a: Sceptile|brn
|
|-damage|p1a: Sceptile|76/100 brn|[from] brn
|-damage|p2a: Milotic|88/100 brn|[from] brn
|upkeep
|turn|18
|
|t:|1743837522
|-terastallize|p2a: Milotic|Ice
|move|p1a: Sceptile|Leaf Storm|p2a: Milotic
|-damage|p2a: Milotic|43/100 brn
|-unboost|p1a: Sceptile|spa|2
|move|p2a: Milotic|Ice Beam|p1a: Sceptile
|-supereffective|p1a: Sceptile
|-damage|p1a: Sceptile|0 fnt
|faint|p1a: Sceptile
|
|-damage|p2a: Milotic|37/100 brn|[from] brn
|upkeep
|
|t:|1743837529
|switch|p1a: Florges|Florges, F|9/100 tox
|turn|19
|
|t:|1743837549
|switch|p2a: Iron Valiant|Iron Valiant|100/100
|-enditem|p2a: Iron Valiant|Booster Energy
|-activate|p2a: Iron Valiant|ability: Quark Drive|[fromitem]
|-start|p2a: Iron Valiant|quarkdrivespe
|move|p1a: Florges|Flamethrower|p2a: Iron Valiant
|-damage|p2a: Iron Valiant|31/100
|-damage|p1a: Florges|0 fnt|[from] item: Life Orb
|faint|p1a: Florges
|
|upkeep
|
|t:|1743837556
|switch|p1a: Dusclops|Dusclops, F|100/100
|-ability|p1a: Dusclops|Pressure
|turn|20
|
|t:|1743837566
|move|p2a: Iron Valiant|Thunder Wave|p1a: Dusclops
|-status|p1a: Dusclops|par
|move|p1a: Dusclops|Will-O-Wisp|p2a: Iron Valiant|[miss]
|-miss|p1a: Dusclops|p2a: Iron Valiant
|
|upkeep
|turn|21
|
|t:|1743837574
|move|p2a: Iron Valiant|Shadow Ball|p1a: Dusclops
|-supereffective|p1a: Dusclops
|-damage|p1a: Dusclops|73/100 par
|move|p1a: Dusclops|Night Shade|p2a: Iron Valiant
|-damage|p2a: Iron Valiant|0 fnt
|faint|p2a: Iron Valiant
|-end|p2a: Iron Valiant|Quark Drive|[silent]
|
|upkeep
|
|t:|1743837583
|switch|p2a: Milotic|Milotic, M, tera:Ice|37/100 brn
|turn|22
|
|t:|1743837586
|move|p2a: Milotic|Recover|p2a: Milotic
|-heal|p2a: Milotic|87/100 brn
|move|p1a: Dusclops|Night Shade|p2a: Milotic
|-damage|p2a: Milotic|61/100 brn
|
|-damage|p2a: Milotic|55/100 brn|[from] brn
|upkeep
|turn|23
|
|t:|1743837592
|move|p2a: Milotic|Scald|p1a: Dusclops
|-crit|p1a: Dusclops
|-damage|p1a: Dusclops|53/100 par
|move|p1a: Dusclops|Taunt|p2a: Milotic
|-start|p2a: Milotic|move: Taunt
|
|-damage|p2a: Milotic|49/100 brn|[from] brn
|upkeep
|turn|24
|
|t:|1743837603
|move|p2a: Milotic|Scald|p1a: Dusclops
|-damage|p1a: Dusclops|40/100 par
|move|p1a: Dusclops|Night Shade|p2a: Milotic
|-damage|p2a: Milotic|24/100 brn
|
|-damage|p2a: Milotic|18/100 brn|[from] brn
|upkeep
|turn|25
|
|t:|1743837620
|switch|p2a: Scizor|Scizor, M|100/100
|move|p1a: Dusclops|Night Shade|p2a: Scizor
|-damage|p2a: Scizor|71/100
|
|upkeep
|turn|26
|
|t:|1743837635
|move|p2a: Scizor|Bullet Punch|p1a: Dusclops
|-damage|p1a: Dusclops|16/100 par
|cant|p1a: Dusclops|par
|
|upkeep
|turn|27
|
|t:|1743837641
|move|p2a: Scizor|Bullet Punch|p1a: Dusclops
|-damage|p1a: Dusclops|0 fnt
|faint|p1a: Dusclops
|
|upkeep
|
|t:|1743837644
|switch|p1a: Incineroar|Incineroar, M, shiny|84/100
|-ability|p1a: Incineroar|Intimidate|boost
|-unboost|p2a: Scizor|atk|1
|turn|28
|
|t:|1743837655
|switch|p2a: Milotic|Milotic, M, tera:Ice|18/100 brn
|move|p1a: Incineroar|Knock Off|p2a: Milotic
|-damage|p2a: Milotic|0 fnt
|-enditem|p2a: Milotic|Flame Orb|[from] move: Knock Off|[of] p1a: Incineroar
|faint|p2a: Milotic
|
|-heal|p1a: Incineroar|90/100|[from] item: Leftovers
|upkeep
|
|t:|1743837663
|switch|p2a: Gholdengo|Gholdengo|100/100
|turn|29
|
|t:|1743837669
|move|p2a: Gholdengo|Power Gem|p1a: Incineroar
|-supereffective|p1a: Incineroar
|-damage|p1a: Incineroar|30/100
|move|p1a: Incineroar|Knock Off|p2a: Gholdengo
|-supereffective|p2a: Gholdengo
|-damage|p2a: Gholdengo|9/100
|-enditem|p2a: Gholdengo|Choice Specs|[from] move: Knock Off|[of] p1a: Incineroar
|
|-heal|p1a: Incineroar|37/100|[from] item: Leftovers
|upkeep
|turn|30
|
|t:|1743837677
|switch|p1a: Florges|Florges, F|100/100
|move|p2a: Gholdengo|Power Gem|p1a: Florges
|-damage|p1a: Florges|80/100
|
|-heal|p1a: Florges|87/100|[from] item: Leftovers
|upkeep
|turn|31
|
|t:|1743837691
|move|p2a: Gholdengo|Make It Rain|p1a: Florges
|-supereffective|p1a: Florges
|-damage|p1a: Florges|9/100
|-unboost|p2a: Gholdengo|spa|1
|move|p1a: Florges|Moonblast|p2a: Gholdengo
|-resisted|p2a: Gholdengo
|-damage|p2a: Gholdengo|0 fnt
|faint|p2a: Gholdengo
|
|-heal|p1a: Florges|15/100|[from] item: Leftovers
|upkeep
|
|t:|1743837700
|switch|p2a: Scizor|Scizor, M|71/100
|turn|32
|
|t:|1743837705
|move|p1a: Florges|Moonblast|p2a: Scizor
|-resisted|p2a: Scizor
|-damage|p2a: Scizor|41/100
|move|p2a: Scizor|Swords Dance|p2a: Scizor
|-boost|p2a: Scizor|atk|2
|
|-heal|p1a: Florges|21/100|[from] item: Leftovers
|upkeep
|turn|33
|
|t:|1743837708
|move|p2a: Scizor|Bullet Punch|p1a: Florges
|-supereffective|p1a: Florges
|-damage|p1a: Florges|0 fnt
|faint|p1a: Florges
|
|upkeep
|
|t:|1743837710
|switch|p1a: Incineroar|Incineroar, M, shiny|37/100
|-ability|p1a: Incineroar|Intimidate|boost
|-unboost|p2a: Scizor|atk|1
|turn|34
|
|t:|1743837716
|move|p1a: Incineroar|Fake Out|p2a: Scizor
|-resisted|p2a: Scizor
|-damage|p2a: Scizor|35/100
|cant|p2a: Scizor|flinch
|
|-heal|p1a: Incineroar|43/100|[from] item: Leftovers
|upkeep
|turn|35
|
|t:|1743837719
|move|p2a: Scizor|Dual Wingbeat|p1a: Incineroar
|-damage|p1a: Incineroar|9/100
|-damage|p1a: Incineroar|0 fnt
|faint|p1a: Incineroar
|-hitcount|p1: Incineroar|2
|
|win|poltato2
|raw|NotTheWolfes's rating: 1087 &rarr; <strong>1065</strong><br />(-22 for losing)
|raw|poltato2's rating: 1106 &rarr; <strong>1130</strong><br />(+24 for winning)
|l|☆NotTheWolfes
|player|p1|
|l|☆poltato2
|player|p2|
