|j|☆Teefryingpan
|j|☆nolanb246
|t:|1743913174
|gametype|singles
|player|p1|Teefryingpan|170|1463
|player|p2|nolanb246|lass-gen4dp|1557
|teamsize|p1|6
|teamsize|p2|6
|gen|9
|tier|[Gen 9] OU
|rated|
|rule|HP Percentage Mod: HP is shown in percentages
|rule|Endless Battle Clause: Forcing endless battles is banned
|rule|Species Clause: Limit one of each Pokémon
|rule|OHKO Clause: OHKO moves are banned
|rule|Evasion Items Clause: Evasion items are banned
|rule|Evasion Moves Clause: Evasion moves are banned
|rule|Sleep Moves Clause: Sleep-inducing moves are banned
|clearpoke
|poke|p1|Cinderace, M|
|poke|p1|Kingambit, M|
|poke|p1|Great Tusk|
|poke|p1|Hatterene, F|
|poke|p1|Pecharunt|
|poke|p1|Garchomp, F|
|poke|p2|Mabosstiff, F|
|poke|p2|Primarina, M|
|poke|p2|Slowking-Galar, M|
|poke|p2|Hydrapple, M|
|poke|p2|Alomomola, M|
|poke|p2|Corviknight, F|
|teampreview
|inactive|Battle timer is ON: inactive players will automatically lose when time's up. (requested by Teefryingpan)
|
|t:|1743913187
|start
|switch|p1a: Pecharunt|Pecharunt|100/100
|switch|p2a: Mabosstiff|Mabosstiff, F|100/100
|turn|1
|
|t:|1743913201
|move|p1a: Pecharunt|Malignant Chain|p2a: Mabosstiff
|-damage|p2a: Mabosstiff|46/100
|move|p2a: Mabosstiff|Crunch|p1a: Pecharunt
|-supereffective|p1a: Pecharunt
|-damage|p1a: Pecharunt|25/100
|
|upkeep
|turn|2
|
|t:|1743913207
|switch|p2a: Slowking|Slowking-Galar, M|100/100
|move|p1a: Pecharunt|Malignant Chain|p2a: Slowking
|-resisted|p2a: Slowking
|-damage|p2a: Slowking|90/100
|
|upkeep
|turn|3
|
|t:|1743913216
|move|p1a: Pecharunt|Parting Shot|p2a: Slowking
|-unboost|p2a: Slowking|atk|1
|-unboost|p2a: Slowking|spa|1
|
|t:|1743913220
|switch|p1a: Garchomp|Garchomp, F|100/100|[from] Parting Shot
|move|p2a: Slowking|Ice Beam|p1a: Garchomp
|-supereffective|p1a: Garchomp
|-damage|p1a: Garchomp|3/100
|
|upkeep
|turn|4
|
|t:|1743913226
|switch|p2a: Corviknight|Corviknight, F|100/100
|-ability|p2a: Corviknight|Pressure
|move|p1a: Garchomp|Stealth Rock|p2a: Corviknight
|-sidestart|p2: nolanb246|move: Stealth Rock
|
|upkeep
|turn|5
|
|t:|1743913233
|switch|p1a: Cinderace|Cinderace, M|100/100
|move|p2a: Corviknight|Defog|p1a: Cinderace
|-unboost|p1a: Cinderace|evasion|1
|-sideend|p2: nolanb246|Stealth Rock|[from] move: Defog|[of] p2a: Corviknight
|
|upkeep
|turn|6
|
|t:|1743913242
|switch|p2a: Alomomola|Alomomola, M|100/100
|move|p1a: Cinderace|Swords Dance|p1a: Cinderace
|-start|p1a: Cinderace|typechange|Normal|[from] ability: Libero
|-boost|p1a: Cinderace|atk|2
|
|upkeep
|turn|7
|
|t:|1743913250
|move|p1a: Cinderace|Double-Edge|p2a: Alomomola
|-damage|p2a: Alomomola|7/100
|-damage|p1a: Cinderace|52/100|[from] Recoil
|-damage|p1a: Cinderace|42/100|[from] item: Life Orb
|move|p2a: Alomomola|Flip Turn|p1a: Cinderace
|-crit|p1a: Cinderace
|-damage|p1a: Cinderace|8/100
|inactive|nolanb246 has 120 seconds left.
|
|t:|1743913282
|switch|p2a: Hydrapple|Hydrapple, M|100/100|[from] Flip Turn
|
|upkeep
|turn|8
|
|t:|1743913295
|switch|p2a: Corviknight|Corviknight, F|100/100
|-ability|p2a: Corviknight|Pressure
|move|p1a: Cinderace|Double-Edge|p2a: Corviknight
|-resisted|p2a: Corviknight
|-damage|p2a: Corviknight|35/100
|-damage|p1a: Cinderace|0 fnt|[from] item: Rocky Helmet|[of] p2a: Corviknight
|faint|p1a: Cinderace
|
|upkeep
|
|t:|1743913303
|switch|p1a: Great Tusk|Great Tusk|100/100
|turn|9
|
|t:|1743913307
|move|p1a: Great Tusk|Bulk Up|p1a: Great Tusk
|-boost|p1a: Great Tusk|atk|1
|-boost|p1a: Great Tusk|def|1
|move|p2a: Corviknight|Roost|p2a: Corviknight
|-heal|p2a: Corviknight|85/100
|-singleturn|p2a: Corviknight|move: Roost
|
|upkeep
|turn|10
|
|t:|1743913312
|move|p1a: Great Tusk|Bulk Up|p1a: Great Tusk
|-boost|p1a: Great Tusk|atk|1
|-boost|p1a: Great Tusk|def|1
|move|p2a: Corviknight|U-turn|p1a: Great Tusk
|-resisted|p1a: Great Tusk
|-damage|p1a: Great Tusk|97/100
|
|t:|1743913320
|switch|p2a: Hydrapple|Hydrapple, M|100/100|[from] U-turn
|
|-heal|p1a: Great Tusk|100/100|[from] item: Leftovers
|upkeep
|turn|11
|
|t:|1743913339
|switch|p2a: Alomomola|Alomomola, M|40/100
|-terastallize|p1a: Great Tusk|Fire
|move|p1a: Great Tusk|Ice Spinner|p2a: Alomomola
|-resisted|p2a: Alomomola
|-damage|p2a: Alomomola|27/100
|
|upkeep
|turn|12
|
|t:|1743913350
|move|p1a: Great Tusk|Rapid Spin|p2a: Alomomola
|-damage|p2a: Alomomola|11/100
|-boost|p1a: Great Tusk|spe|1
|move|p2a: Alomomola|Flip Turn|p1a: Great Tusk
|-supereffective|p1a: Great Tusk
|-damage|p1a: Great Tusk|90/100
|
|t:|1743913355
|switch|p2a: Hydrapple|Hydrapple, M|100/100|[from] Flip Turn
|
|-heal|p1a: Great Tusk|97/100|[from] item: Leftovers
|upkeep
|turn|13
|
|t:|1743913364
|-terastallize|p2a: Hydrapple|Steel
|move|p1a: Great Tusk|Ice Spinner|p2a: Hydrapple
|-resisted|p2a: Hydrapple
|-damage|p2a: Hydrapple|82/100
|-damage|p1a: Great Tusk|80/100|[from] item: Rocky Helmet|[of] p2a: Hydrapple
|move|p2a: Hydrapple|Earth Power|p1a: Great Tusk
|-supereffective|p1a: Great Tusk
|-damage|p1a: Great Tusk|0 fnt
|faint|p1a: Great Tusk
|-end|p1a: Great Tusk|Protosynthesis|[silent]
|
|upkeep
|
|t:|1743913379
|switch|p1a: Garchomp|Garchomp, F|3/100
|turn|14
|
|t:|1743913387
|switch|p2a: Corviknight|Corviknight, F|85/100
|-ability|p2a: Corviknight|Pressure
|move|p1a: Garchomp|Stealth Rock|p2a: Corviknight
|-sidestart|p2: nolanb246|move: Stealth Rock
|
|upkeep
|turn|15
|
|t:|1743913391
|switch|p1a: Hatterene|Hatterene, F|100/100
|move|p2a: Corviknight|Defog|p1a: Hatterene
|move|p1a: Hatterene|Defog|p2a: Corviknight|[from] ability: Magic Bounce
|-unboost|p2a: Corviknight|evasion|1
|-sideend|p2: nolanb246|Stealth Rock|[from] move: Defog|[of] p1a: Hatterene
|
|upkeep
|turn|16
|
|t:|1743913395
|move|p2a: Corviknight|U-turn|p1a: Hatterene
|-damage|p1a: Hatterene|78/100
|
|t:|1743913398
|switch|p2a: Primarina|Primarina, M|100/100|[from] U-turn
|move|p1a: Hatterene|Nuzzle|p2a: Primarina
|-supereffective|p2a: Primarina
|-damage|p2a: Primarina|93/100
|-status|p2a: Primarina|par
|
|upkeep
|turn|17
|
|t:|1743913406
|move|p1a: Hatterene|Psychic Noise|p2a: Primarina
|-damage|p2a: Primarina|53/100 par
|-start|p2a: Primarina|move: Heal Block
|cant|p2a: Primarina|par
|
|upkeep
|turn|18
|
|t:|1743913412
|move|p1a: Hatterene|Draining Kiss|p2a: Primarina
|-damage|p2a: Primarina|31/100 par
|-heal|p1a: Hatterene|97/100|[from] drain|[of] p2a: Primarina
|move|p2a: Primarina|Moonblast|p1a: Hatterene
|-damage|p1a: Hatterene|19/100
|-unboost|p1a: Hatterene|spa|1
|
|-end|p2a: Primarina|move: Heal Block
|upkeep
|turn|19
|
|t:|1743913418
|switch|p2a: Alomomola|Alomomola, M|44/100
|move|p1a: Hatterene|Draining Kiss|p2a: Alomomola
|-damage|p2a: Alomomola|25/100
|-heal|p1a: Hatterene|40/100|[from] drain|[of] p2a: Alomomola
|
|upkeep
|turn|20
|
|t:|1743913425
|move|p2a: Alomomola|Protect|p2a: Alomomola
|-singleturn|p2a: Alomomola|Protect
|move|p1a: Hatterene|Nuzzle|p2a: Alomomola
|-activate|p2a: Alomomola|move: Protect
|
|upkeep
|turn|21
|
|t:|1743913434
|switch|p1a: Garchomp|Garchomp, F|3/100
|move|p2a: Alomomola|Wish|p2a: Alomomola
|
|upkeep
|turn|22
|
|t:|1743913442
|move|p1a: Garchomp|Stealth Rock|p2a: Alomomola
|-sidestart|p2: nolanb246|move: Stealth Rock
|move|p2a: Alomomola|Scald|p1a: Garchomp
|-damage|p1a: Garchomp|0 fnt
|faint|p1a: Garchomp
|
|-heal|p2a: Alomomola|75/100|[from] move: Wish|[wisher] Alomomola
|upkeep
|
|t:|1743913452
|switch|p1a: Pecharunt|Pecharunt|25/100
|turn|23
|
|t:|1743913457
|switch|p2a: Slowking|Slowking-Galar, M|100/100
|-damage|p2a: Slowking|88/100|[from] Stealth Rock
|move|p1a: Pecharunt|Recover|p1a: Pecharunt
|-heal|p1a: Pecharunt|75/100
|
|upkeep
|turn|24
|
|t:|1743913460
|move|p1a: Pecharunt|Hex|p2a: Slowking
|-supereffective|p2a: Slowking
|-damage|p2a: Slowking|63/100
|move|p2a: Slowking|Future Sight|p1a: Pecharunt
|-start|p2a: Slowking|move: Future Sight
|
|upkeep
|turn|25
|
|t:|1743913467
|move|p1a: Pecharunt|Parting Shot|p2a: Slowking
|-unboost|p2a: Slowking|atk|1
|-unboost|p2a: Slowking|spa|1
|
|t:|1743913468
|switch|p1a: Kingambit|Kingambit, M|100/100|[from] Parting Shot
|-activate|p1a: Kingambit|ability: Supreme Overlord
|-start|p1a: Kingambit|fallen3|[silent]
|move|p2a: Slowking|Flamethrower|p1a: Kingambit
|-supereffective|p1a: Kingambit
|-damage|p1a: Kingambit|54/100
|
|upkeep
|turn|26
|
|t:|1743913479
|switch|p2a: Mabosstiff|Mabosstiff, F|46/100
|-damage|p2a: Mabosstiff|34/100|[from] Stealth Rock
|move|p1a: Kingambit|Kowtow Cleave|p2a: Mabosstiff
|-resisted|p2a: Mabosstiff
|-damage|p2a: Mabosstiff|0 fnt
|faint|p2a: Mabosstiff
|
|-end|p1a: Kingambit|move: Future Sight
|-immune|p1a: Kingambit
|upkeep
|
|t:|1743913487
|switch|p2a: Hydrapple|Hydrapple, M, tera:Steel|100/100
|-damage|p2a: Hydrapple|94/100|[from] Stealth Rock
|turn|27
|
|t:|1743913494
|move|p1a: Kingambit|Kowtow Cleave|p2a: Hydrapple
|-crit|p2a: Hydrapple
|-damage|p2a: Hydrapple|0 fnt
|-damage|p1a: Kingambit|38/100|[from] item: Rocky Helmet|[of] p2a: Hydrapple
|faint|p2a: Hydrapple
|
|upkeep
|c|☆nolanb246|Dude
|
|t:|1743913503
|switch|p2a: Corviknight|Corviknight, F|85/100
|-damage|p2a: Corviknight|72/100|[from] Stealth Rock
|-ability|p2a: Corviknight|Pressure
|turn|28
|
|t:|1743913509
|move|p1a: Kingambit|Kowtow Cleave|p2a: Corviknight
|-damage|p2a: Corviknight|9/100
|-damage|p1a: Kingambit|21/100|[from] item: Rocky Helmet|[of] p2a: Corviknight
|move|p2a: Corviknight|Brave Bird|p1a: Kingambit
|-resisted|p1a: Kingambit
|-damage|p1a: Kingambit|0 fnt
|faint|p1a: Kingambit
|-end|p1a: Kingambit|fallen3|[silent]
|-damage|p2a: Corviknight|3/100|[from] Recoil
|
|upkeep
|
|t:|1743913519
|switch|p1a: Pecharunt|Pecharunt|75/100
|turn|29
|
|t:|1743913521
|move|p1a: Pecharunt|Hex|p2a: Corviknight
|-damage|p2a: Corviknight|0 fnt
|faint|p2a: Corviknight
|
|upkeep
|
|t:|1743913528
|switch|p2a: Alomomola|Alomomola, M|100/100
|turn|30
|
|t:|1743913533
|move|p1a: Pecharunt|Malignant Chain|p2a: Alomomola
|-damage|p2a: Alomomola|69/100
|move|p2a: Alomomola|Wish|p2a: Alomomola
|
|upkeep
|turn|31
|
|t:|1743913543
|move|p1a: Pecharunt|Parting Shot|p2a: Alomomola
|-unboost|p2a: Alomomola|atk|1
|-unboost|p2a: Alomomola|spa|1
|
|t:|1743913544
|switch|p1a: Hatterene|Hatterene, F|40/100|[from] Parting Shot
|move|p2a: Alomomola|Flip Turn|p1a: Hatterene
|-damage|p1a: Hatterene|28/100
|
|t:|1743913546
|switch|p2a: Primarina|Primarina, M|31/100 par|[from] Flip Turn
|-damage|p2a: Primarina|18/100 par|[from] Stealth Rock
|
|-heal|p2a: Primarina|83/100 par|[from] move: Wish|[wisher] Alomomola
|upkeep
|turn|32
|
|t:|1743913554
|switch|p1a: Pecharunt|Pecharunt|75/100
|cant|p2a: Primarina|par
|
|upkeep
|turn|33
|
|t:|1743913557
|move|p1a: Pecharunt|Hex|p2a: Primarina
|-damage|p2a: Primarina|40/100 par
|cant|p2a: Primarina|par
|
|upkeep
|turn|34
|
|t:|1743913561
|move|p1a: Pecharunt|Hex|p2a: Primarina
|-damage|p2a: Primarina|0 fnt
|faint|p2a: Primarina
|
|upkeep
|
|t:|1743913565
|switch|p2a: Slowking|Slowking-Galar, M|96/100
|-damage|p2a: Slowking|84/100|[from] Stealth Rock
|turn|35
|
|t:|1743913575
|move|p1a: Pecharunt|Hex|p2a: Slowking
|-supereffective|p2a: Slowking
|-damage|p2a: Slowking|57/100
|move|p2a: Slowking|Future Sight|p1a: Pecharunt
|-start|p2a: Slowking|move: Future Sight
|
|upkeep
|turn|36
|
|t:|1743913580
|move|p1a: Pecharunt|Hex|p2a: Slowking
|-supereffective|p2a: Slowking
|-damage|p2a: Slowking|30/100
|move|p2a: Slowking|Sludge Bomb|p1a: Pecharunt
|-resisted|p1a: Pecharunt
|-damage|p1a: Pecharunt|63/100
|
|upkeep
|turn|37
|
|t:|1743913585
|move|p1a: Pecharunt|Parting Shot|p2a: Slowking
|-unboost|p2a: Slowking|atk|1
|-unboost|p2a: Slowking|spa|1
|
|t:|1743913587
|switch|p1a: Hatterene|Hatterene, F|28/100|[from] Parting Shot
|move|p2a: Slowking|Sludge Bomb|p1a: Hatterene
|-supereffective|p1a: Hatterene
|-damage|p1a: Hatterene|0 fnt
|faint|p1a: Hatterene
|
|-hint|Future Sight did not hit because the target is fainted.
|upkeep
|
|t:|1743913593
|switch|p1a: Pecharunt|Pecharunt|63/100
|turn|38
|
|t:|1743913599
|switch|p2a: Alomomola|Alomomola, M|100/100
|move|p1a: Pecharunt|Hex|p2a: Alomomola
|-damage|p2a: Alomomola|78/100
|
|upkeep
|turn|39
|
|t:|1743913612
|move|p1a: Pecharunt|Malignant Chain|p2a: Alomomola
|-damage|p2a: Alomomola|43/100
|-status|p2a: Alomomola|tox
|-start|p2a: Alomomola|confusion|[from] ability: Poison Puppeteer|[of] p1a: Pecharunt
|-activate|p2a: Alomomola|confusion
|-damage|p2a: Alomomola|38/100 tox|[from] confusion
|
|-damage|p2a: Alomomola|32/100 tox|[from] psn
|upkeep
|turn|40
|
|t:|1743913620
|switch|p2a: Slowking|Slowking-Galar, M|63/100
|-damage|p2a: Slowking|51/100|[from] Stealth Rock
|move|p1a: Pecharunt|Hex|p2a: Slowking
|-supereffective|p2a: Slowking
|-damage|p2a: Slowking|26/100
|
|upkeep
|turn|41
|
|t:|1743913625
|switch|p2a: Alomomola|Alomomola, M|66/100 tox
|move|p1a: Pecharunt|Hex|p2a: Alomomola
|-damage|p2a: Alomomola|22/100 tox
|
|-damage|p2a: Alomomola|16/100 tox|[from] psn
|upkeep
|turn|42
|
|t:|1743913632
|move|p1a: Pecharunt|Hex|p2a: Alomomola
|-damage|p2a: Alomomola|0 fnt
|faint|p2a: Alomomola
|
|upkeep
|
|t:|1743913635
|switch|p2a: Slowking|Slowking-Galar, M|59/100
|-damage|p2a: Slowking|47/100|[from] Stealth Rock
|turn|43
|
|t:|1743913638
|move|p1a: Pecharunt|Hex|p2a: Slowking
|-supereffective|p2a: Slowking
|-damage|p2a: Slowking|22/100
|move|p2a: Slowking|Future Sight|p1a: Pecharunt
|-start|p2a: Slowking|move: Future Sight
|
|upkeep
|turn|44
|
|t:|1743913642
|move|p1a: Pecharunt|Hex|p2a: Slowking
|-supereffective|p2a: Slowking
|-damage|p2a: Slowking|0 fnt
|faint|p2a: Slowking
|
|win|Teefryingpan
|raw|Teefryingpan's rating: 1463 &rarr; <strong>1488</strong><br />(+25 for winning)
|raw|nolanb246's rating: 1557 &rarr; <strong>1532</strong><br />(-25 for losing)
|l|☆nolanb246
|player|p2|
|l|☆Teefryingpan
|player|p1|
