|j|☆Mimizy ❤️
|j|☆Eeljt
|t:|1743866146
|gametype|singles
|player|p1|Mimizy ❤️|rosa-masters2|1216
|player|p2|Eeljt|266|1210
|teamsize|p1|6
|teamsize|p2|6
|gen|9
|tier|[Gen 9] OU
|rated|
|rule|HP Percentage Mod: HP is shown in percentages
|rule|Endless Battle Clause: Forcing endless battles is banned
|rule|Species Clause: Limit one of each Pokémon
|rule|OHKO Clause: OHKO moves are banned
|rule|Evasion Items Clause: Evasion items are banned
|rule|Evasion Moves Clause: Evasion moves are banned
|rule|Sleep Moves Clause: Sleep-inducing moves are banned
|clearpoke
|poke|p1|Mienshao, F|
|poke|p1|Porygon-Z|
|poke|p1|Ursaluna, M|
|poke|p1|Copperajah, M|
|poke|p1|Drednaw, F|
|poke|p1|Pelipper, M|
|poke|p2|Blaziken, M|
|poke|p2|Smeargle, M|
|poke|p2|Ninetales, M|
|poke|p2|Meowscarada, F|
|poke|p2|Kyurem|
|poke|p2|Iron Moth|
|teampreview
|inactive|Battle timer is ON: inactive players will automatically lose when time's up. (requested by Mimizy ❤️)
|inactive|Mimizy ❤️ has 120 seconds left.
|inactive|Mimizy ❤️ has 90 seconds left.
|
|t:|1743866231
|start
|switch|p1a: WATAHHH HYAAH|Mienshao, F|100/100
|switch|p2a: Kyurem|Kyurem|100/100
|-ability|p2a: Kyurem|Pressure
|turn|1
|
|t:|1743866240
|switch|p2a: Iron Moth|Iron Moth|100/100
|-enditem|p2a: Iron Moth|Booster Energy
|-activate|p2a: Iron Moth|ability: Quark Drive|[fromitem]
|-start|p2a: Iron Moth|quarkdrivespe
|move|p1a: WATAHHH HYAAH|High Jump Kick|p2a: Iron Moth
|-resisted|p2a: Iron Moth
|-damage|p2a: Iron Moth|9/100
|
|upkeep
|turn|2
|
|t:|1743866248
|move|p2a: Iron Moth|Fiery Dance|p1a: WATAHHH HYAAH
|-damage|p1a: WATAHHH HYAAH|24/100
|-boost|p2a: Iron Moth|spa|1
|move|p1a: WATAHHH HYAAH|High Jump Kick|p2a: Iron Moth
|-resisted|p2a: Iron Moth
|-crit|p2a: Iron Moth
|-damage|p2a: Iron Moth|0 fnt
|faint|p2a: Iron Moth
|-end|p2a: Iron Moth|Quark Drive|[silent]
|
|upkeep
|
|t:|1743866254
|switch|p2a: Meowscarada|Meowscarada, F|100/100
|turn|3
|
|t:|1743866258
|switch|p1a: mouth do|Pelipper, M|100/100
|-weather|RainDance|[from] ability: Drizzle|[of] p1a: mouth do
|move|p2a: Meowscarada|Knock Off|p1a: mouth do
|-start|p2a: Meowscarada|typechange|Dark|[from] ability: Protean
|-damage|p1a: mouth do|62/100
|-enditem|p1a: mouth do|Damp Rock|[from] move: Knock Off|[of] p2a: Meowscarada
|
|-weather|RainDance|[upkeep]
|upkeep
|turn|4
|
|t:|1743866261
|switch|p2a: Ninetales|Ninetales, M|100/100
|-weather|SunnyDay|[from] ability: Drought|[of] p2a: Ninetales
|move|p1a: mouth do|U-turn|p2a: Ninetales
|-resisted|p2a: Ninetales
|-damage|p2a: Ninetales|95/100
|
|t:|1743866270
|switch|p1a: WATAHHH HYAAH|Mienshao, F|24/100|[from] U-turn
|
|-weather|SunnyDay|[upkeep]
|upkeep
|turn|5
|
|t:|1743866276
|move|p2a: Ninetales|Encore||[still]
|-fail|p2a: Ninetales
|move|p1a: WATAHHH HYAAH|High Jump Kick|p2a: Ninetales
|-damage|p2a: Ninetales|0 fnt
|faint|p2a: Ninetales
|
|-weather|SunnyDay|[upkeep]
|upkeep
|
|t:|1743866282
|switch|p2a: Smeargle|Smeargle, M, shiny|100/100
|turn|6
|
|t:|1743866285
|-terastallize|p2a: Smeargle|Ghost
|move|p1a: WATAHHH HYAAH|High Jump Kick|p2a: Smeargle
|-immune|p2a: Smeargle
|-damage|p1a: WATAHHH HYAAH|0 fnt|[from] highjumpkick
|faint|p1a: WATAHHH HYAAH
|move|p2a: Smeargle|Shell Smash|p2a: Smeargle
|-unboost|p2a: Smeargle|def|1
|-unboost|p2a: Smeargle|spd|1
|-boost|p2a: Smeargle|atk|2
|-boost|p2a: Smeargle|spa|2
|-boost|p2a: Smeargle|spe|2
|
|-weather|SunnyDay|[upkeep]
|upkeep
|inactive|Mimizy ❤️ has 120 seconds left.
|
|t:|1743866315
|switch|p1a: mouth do|Pelipper, M|62/100
|-weather|RainDance|[from] ability: Drizzle|[of] p1a: mouth do
|turn|7
|
|t:|1743866319
|move|p2a: Smeargle|Population Bomb|p1a: mouth do
|-damage|p1a: mouth do|51/100
|-damage|p1a: mouth do|38/100
|-damage|p1a: mouth do|28/100
|-damage|p1a: mouth do|17/100
|-damage|p1a: mouth do|4/100
|-damage|p1a: mouth do|0 fnt
|faint|p1a: mouth do
|-hitcount|p1: mouth do|6
|
|-weather|RainDance|[upkeep]
|upkeep
|
|t:|1743866333
|switch|p1a: Nom|Drednaw, F|100/100
|turn|8
|
|t:|1743866362
|move|p2a: Smeargle|Power Trip|p1a: Nom
|-damage|p1a: Nom|55/100
|move|p1a: Nom|Waterfall|p2a: Smeargle
|-damage|p2a: Smeargle|0 fnt
|faint|p2a: Smeargle
|-damage|p1a: Nom|45/100|[from] item: Life Orb
|
|-weather|RainDance|[upkeep]
|upkeep
|
|t:|1743866367
|switch|p2a: Meowscarada|Meowscarada, F|100/100
|turn|9
|
|t:|1743866375
|move|p2a: Meowscarada|Flower Trick|p1a: Nom
|-start|p2a: Meowscarada|typechange|Grass|[from] ability: Protean
|-supereffective|p1a: Nom
|-crit|p1a: Nom
|-damage|p1a: Nom|0 fnt
|faint|p1a: Nom
|
|-weather|RainDance|[upkeep]
|upkeep
|
|t:|1743866386
|switch|p1a: Big back|Copperajah, M|100/100
|turn|10
|
|t:|1743866406
|switch|p2a: Blaziken|Blaziken, M|100/100
|move|p1a: Big back|Iron Head|p2a: Blaziken
|-resisted|p2a: Blaziken
|-damage|p2a: Blaziken|19/100
|
|-weather|RainDance|[upkeep]
|upkeep
|turn|11
|
|t:|1743866421
|move|p2a: Blaziken|Overheat|p1a: Big back
|-supereffective|p1a: Big back
|-damage|p1a: Big back|42/100
|-unboost|p2a: Blaziken|spa|2
|move|p1a: Big back|Iron Head|p2a: Blaziken
|-resisted|p2a: Blaziken
|-damage|p2a: Blaziken|0 fnt
|faint|p2a: Blaziken
|
|-weather|none
|upkeep
|
|t:|1743866432
|switch|p2a: Kyurem|Kyurem|100/100
|-ability|p2a: Kyurem|Pressure
|turn|12
|
|t:|1743866437
|move|p2a: Kyurem|Earth Power|p1a: Big back
|-supereffective|p1a: Big back
|-damage|p1a: Big back|0 fnt
|faint|p1a: Big back
|
|upkeep
|
|t:|1743866447
|switch|p1a: spongebob|Ursaluna, M|100/100
|turn|13
|
|t:|1743866452
|move|p2a: Kyurem|Freeze-Dry|p1a: spongebob
|-supereffective|p1a: spongebob
|-damage|p1a: spongebob|15/100
|-status|p1a: spongebob|frz
|cant|p1a: spongebob|frz
|
|upkeep
|turn|14
|c|☆Mimizy ❤️|you cant be dead ass
|c|☆Mimizy ❤️|switch right NOW thief
|c|☆Mimizy ❤️|this is my win
|
|t:|1743866480
|move|p2a: Kyurem|Freeze-Dry|p1a: spongebob
|-supereffective|p1a: spongebob
|-damage|p1a: spongebob|0 fnt
|faint|p1a: spongebob
|
|upkeep
|
|t:|1743866482
|switch|p1a: Your nightmare|Porygon-Z|100/100
|turn|15
|
|t:|1743866496
|move|p2a: Kyurem|Freeze-Dry|p1a: Your nightmare
|-damage|p1a: Your nightmare|46/100
|move|p1a: Your nightmare|Tri Attack|p2a: Kyurem
|-damage|p2a: Kyurem|17/100
|
|upkeep
|turn|16
|
|t:|1743866501
|move|p2a: Kyurem|Freeze-Dry|p1a: Your nightmare
|-crit|p1a: Your nightmare
|-damage|p1a: Your nightmare|0 fnt
|faint|p1a: Your nightmare
|
|win|Eeljt
|raw|Mimizy ❤️'s rating: 1216 &rarr; <strong>1191</strong><br />(-25 for losing)
|raw|Eeljt's rating: 1210 &rarr; <strong>1235</strong><br />(+25 for winning)
|l|☆Mimizy ❤️
|player|p1|
