|badge|p1|bronze|gen9ou|100-5
|uhtml|medal-msg|<div class="broadcast-blue">Curious what those medals under the avatar are? PS now has Ladder Seasons! For more information, check out the <a href="https://www.smogon.com/forums/threads/3740067/">thread on Smogon.</a></div>
|j|☆turnyacc
|j|☆temporarylight
|t:|1743792862
|gametype|singles
|player|p1|turnyacc|169|1783
|player|p2|temporarylight|265|1769
|teamsize|p1|6
|teamsize|p2|6
|gen|9
|tier|[Gen 9] OU
|rated|
|rule|HP Percentage Mod: HP is shown in percentages
|rule|Endless Battle Clause: Forcing endless battles is banned
|rule|Species Clause: Limit one of each Pokémon
|rule|OHKO Clause: OHKO moves are banned
|rule|Evasion Items Clause: Evasion items are banned
|rule|Evasion Moves Clause: Evasion moves are banned
|rule|Sleep Moves Clause: Sleep-inducing moves are banned
|clearpoke
|poke|p1|Kingambit, M|
|poke|p1|Clodsire, F|
|poke|p1|Zamazenta-*|
|poke|p1|Great Tusk|
|poke|p1|Ogerpon, F|
|poke|p1|Raging Bolt|
|poke|p2|Arcanine-Hisui, M|
|poke|p2|Clefable, M|
|poke|p2|Ting-Lu|
|poke|p2|Pecharunt|
|poke|p2|Dragonite, F|
|poke|p2|Darkrai|
|teampreview
|inactive|Battle timer is ON: inactive players will automatically lose when time's up. (requested by temporarylight)
|
|t:|1743792879
|start
|switch|p1a: Ogerpon|Ogerpon, F|100/100
|switch|p2a: Clefable|Clefable, M|100/100
|turn|1
|j| Haus of Balloons
|c|☆turnyacc|now that i know your team it should be easier for me to actually win lol
|
|t:|1743792886
|-terastallize|p1a: Ogerpon|Grass
|detailschange|p1a: Ogerpon|Ogerpon-Teal-Tera, F, tera:Grass
|-ability|p1a: Ogerpon|Embody Aspect (Teal)|boost
|-boost|p1a: Ogerpon|spe|1
|move|p1a: Ogerpon|Ivy Cudgel|p2a: Clefable
|-damage|p2a: Clefable|25/100
|move|p2a: Clefable|Thunder Wave|p1a: Ogerpon
|-status|p1a: Ogerpon|par
|
|upkeep
|turn|2
|
|t:|1743792891
|switch|p2a: Pecharunt|Pecharunt|100/100
|cant|p1a: Ogerpon|par
|
|upkeep
|turn|3
|
|t:|1743792895
|switch|p1a: Kingambit|Kingambit, M|100/100
|move|p2a: Pecharunt|Parting Shot|p1a: Kingambit
|-unboost|p1a: Kingambit|atk|1
|-unboost|p1a: Kingambit|spa|1
|
|t:|1743792901
|switch|p2a: Arcanine|Arcanine-Hisui, M|100/100|[from] Parting Shot
|
|upkeep
|turn|4
|
|t:|1743792905
|-end|p1a: Kingambit|fallenundefined|[silent]
|switch|p1a: Zamazenta|Zamazenta|100/100
|-ability|p1a: Zamazenta|Dauntless Shield|boost
|-boost|p1a: Zamazenta|def|1
|move|p2a: Arcanine|Flare Blitz|p1a: Zamazenta
|-damage|p1a: Zamazenta|70/100
|
|-heal|p1a: Zamazenta|76/100|[from] item: Leftovers
|upkeep
|turn|5
|l| Haus of Balloons
|
|t:|1743792914
|switch|p2a: Pecharunt|Pecharunt|100/100
|move|p1a: Zamazenta|Body Press|p2a: Pecharunt
|-immune|p2a: Pecharunt
|
|-heal|p1a: Zamazenta|83/100|[from] item: Leftovers
|upkeep
|turn|6
|j| Haus of Balloons
|
|t:|1743792920
|switch|p1a: Clodsire|Clodsire, F|100/100
|move|p2a: Pecharunt|Malignant Chain|p1a: Clodsire
|-resisted|p1a: Clodsire
|-damage|p1a: Clodsire|97/100
|
|-heal|p1a: Clodsire|100/100|[from] item: Leftovers
|upkeep
|turn|7
|
|t:|1743792922
|move|p2a: Pecharunt|Parting Shot|p1a: Clodsire
|-unboost|p1a: Clodsire|atk|1
|-unboost|p1a: Clodsire|spa|1
|
|t:|1743792924
|switch|p2a: Clefable|Clefable, M|25/100|[from] Parting Shot
|move|p1a: Clodsire|Stealth Rock|p2a: Clefable
|-sidestart|p2: temporarylight|move: Stealth Rock
|
|upkeep
|turn|8
|
|t:|1743792926
|switch|p1a: Ogerpon|Ogerpon-Teal-Tera, F, tera:Grass|100/100 par
|-ability|p1a: Ogerpon|Embody Aspect (Teal)|boost
|-boost|p1a: Ogerpon|spe|1
|move|p2a: Clefable|Moonlight|p2a: Clefable
|-heal|p2a: Clefable|75/100
|
|upkeep
|turn|9
|
|t:|1743792935
|switch|p2a: Darkrai|Darkrai|100/100
|move|p1a: Ogerpon|Knock Off|p2a: Darkrai
|-resisted|p2a: Darkrai
|-damage|p2a: Darkrai|68/100
|-enditem|p2a: Darkrai|Heavy-Duty Boots|[from] move: Knock Off|[of] p1a: Ogerpon
|
|upkeep
|turn|10
|
|t:|1743792947
|switch|p1a: Zamazenta|Zamazenta|83/100
|move|p2a: Darkrai|Will-O-Wisp|p1a: Zamazenta
|-status|p1a: Zamazenta|brn
|
|-heal|p1a: Zamazenta|89/100 brn|[from] item: Leftovers
|-damage|p1a: Zamazenta|83/100 brn|[from] brn
|upkeep
|turn|11
|
|t:|1743792954
|switch|p2a: Clefable|Clefable, M|75/100
|move|p1a: Zamazenta|Iron Defense|p1a: Zamazenta
|-boost|p1a: Zamazenta|def|2
|
|-heal|p1a: Zamazenta|89/100 brn|[from] item: Leftovers
|-damage|p1a: Zamazenta|83/100 brn|[from] brn
|upkeep
|turn|12
|
|t:|1743792958
|move|p1a: Zamazenta|Iron Defense|p1a: Zamazenta
|-boost|p1a: Zamazenta|def|2
|move|p2a: Clefable|Moonlight|p2a: Clefable
|-heal|p2a: Clefable|100/100
|
|-heal|p1a: Zamazenta|89/100 brn|[from] item: Leftovers
|-damage|p1a: Zamazenta|83/100 brn|[from] brn
|upkeep
|turn|13
|
|t:|1743792960
|move|p1a: Zamazenta|Body Press|p2a: Clefable
|-resisted|p2a: Clefable
|-damage|p2a: Clefable|83/100
|-damage|p1a: Zamazenta|66/100 brn|[from] item: Rocky Helmet|[of] p2a: Clefable
|move|p2a: Clefable|Moonblast|p1a: Zamazenta
|-supereffective|p1a: Zamazenta
|-damage|p1a: Zamazenta|20/100 brn
|
|-heal|p1a: Zamazenta|26/100 brn|[from] item: Leftovers
|-damage|p1a: Zamazenta|20/100 brn|[from] brn
|upkeep
|turn|14
|
|t:|1743792966
|move|p1a: Zamazenta|Body Press|p2a: Clefable
|-resisted|p2a: Clefable
|-damage|p2a: Clefable|64/100
|-damage|p1a: Zamazenta|3/100 brn|[from] item: Rocky Helmet|[of] p2a: Clefable
|move|p2a: Clefable|Moonblast|p1a: Zamazenta
|-supereffective|p1a: Zamazenta
|-damage|p1a: Zamazenta|0 fnt
|faint|p1a: Zamazenta
|
|upkeep
|
|t:|1743792971
|switch|p1a: Ogerpon|Ogerpon-Teal-Tera, F, tera:Grass|100/100 par
|-ability|p1a: Ogerpon|Embody Aspect (Teal)|boost
|-boost|p1a: Ogerpon|spe|1
|turn|15
|
|t:|1743792974
|switch|p2a: Pecharunt|Pecharunt|100/100
|move|p1a: Ogerpon|U-turn|p2a: Pecharunt
|-resisted|p2a: Pecharunt
|-damage|p2a: Pecharunt|95/100
|
|t:|1743792981
|switch|p1a: Great Tusk|Great Tusk|100/100|[from] U-turn
|
|upkeep
|turn|16
|
|t:|1743792984
|move|p2a: Pecharunt|Malignant Chain|p1a: Great Tusk
|-resisted|p1a: Great Tusk
|-damage|p1a: Great Tusk|75/100
|-status|p1a: Great Tusk|tox
|-start|p1a: Great Tusk|confusion|[from] ability: Poison Puppeteer|[of] p2a: Pecharunt
|-activate|p1a: Great Tusk|confusion
|move|p1a: Great Tusk|Knock Off|p2a: Pecharunt
|-supereffective|p2a: Pecharunt
|-damage|p2a: Pecharunt|57/100
|-enditem|p2a: Pecharunt|Heavy-Duty Boots|[from] move: Knock Off|[of] p1a: Great Tusk
|
|-damage|p1a: Great Tusk|69/100 tox|[from] psn
|upkeep
|turn|17
|
|t:|1743792994
|-end|p1a: Great Tusk|Protosynthesis|[silent]
|switch|p1a: Clodsire|Clodsire, F|100/100
|move|p2a: Pecharunt|Hex|p1a: Clodsire
|-damage|p1a: Clodsire|90/100
|
|-heal|p1a: Clodsire|96/100|[from] item: Leftovers
|upkeep
|turn|18
|
|t:|1743793009
|move|p2a: Pecharunt|Recover|p2a: Pecharunt
|-heal|p2a: Pecharunt|100/100
|move|p1a: Clodsire|Earthquake|p2a: Pecharunt
|-supereffective|p2a: Pecharunt
|-damage|p2a: Pecharunt|69/100
|
|-heal|p1a: Clodsire|100/100|[from] item: Leftovers
|upkeep
|turn|19
|
|t:|1743793016
|move|p2a: Pecharunt|Parting Shot|p1a: Clodsire
|-unboost|p1a: Clodsire|atk|1
|-unboost|p1a: Clodsire|spa|1
|
|t:|1743793018
|switch|p2a: Clefable|Clefable, M|64/100|[from] Parting Shot
|move|p1a: Clodsire|Earthquake|p2a: Clefable
|-damage|p2a: Clefable|50/100
|
|upkeep
|turn|20
|
|t:|1743793022
|switch|p1a: Ogerpon|Ogerpon-Teal-Tera, F, tera:Grass|100/100 par
|-ability|p1a: Ogerpon|Embody Aspect (Teal)|boost
|-boost|p1a: Ogerpon|spe|1
|move|p2a: Clefable|Moonlight|p2a: Clefable
|-heal|p2a: Clefable|99/100
|
|upkeep
|turn|21
|
|t:|1743793035
|move|p1a: Ogerpon|Ivy Cudgel|p2a: Clefable
|-damage|p2a: Clefable|23/100
|move|p2a: Clefable|Moonlight|p2a: Clefable
|-heal|p2a: Clefable|73/100
|
|upkeep
|turn|22
|
|t:|1743793048
|switch|p1a: Kingambit|Kingambit, M|100/100
|-activate|p1a: Kingambit|ability: Supreme Overlord
|-start|p1a: Kingambit|fallen1|[silent]
|switch|p2a: Pecharunt|Pecharunt|69/100
|-damage|p2a: Pecharunt|57/100|[from] Stealth Rock
|
|upkeep
|turn|23
|
|t:|1743793051
|move|p2a: Pecharunt|Parting Shot|p1a: Kingambit
|-unboost|p1a: Kingambit|atk|1
|-unboost|p1a: Kingambit|spa|1
|
|t:|1743793052
|switch|p2a: Ting-Lu|Ting-Lu|100/100|[from] Parting Shot
|-damage|p2a: Ting-Lu|94/100|[from] Stealth Rock
|-ability|p2a: Ting-Lu|Vessel of Ruin
|move|p1a: Kingambit|Iron Head|p2a: Ting-Lu
|-damage|p2a: Ting-Lu|78/100
|
|-heal|p2a: Ting-Lu|85/100|[from] item: Leftovers
|upkeep
|turn|24
|inactive|turnyacc has 120 seconds left.
|
|t:|1743793095
|-end|p1a: Kingambit|fallen1|[silent]
|switch|p1a: Great Tusk|Great Tusk|69/100 tox
|move|p2a: Ting-Lu|Spikes|p1a: Great Tusk
|-sidestart|p1: turnyacc|Spikes
|
|-heal|p2a: Ting-Lu|91/100|[from] item: Leftovers
|-damage|p1a: Great Tusk|63/100 tox|[from] psn
|upkeep
|turn|25
|
|t:|1743793105
|switch|p2a: Pecharunt|Pecharunt|57/100
|-damage|p2a: Pecharunt|44/100|[from] Stealth Rock
|move|p1a: Great Tusk|Knock Off|p2a: Pecharunt
|-supereffective|p2a: Pecharunt
|-damage|p2a: Pecharunt|16/100
|
|-damage|p1a: Great Tusk|51/100 tox|[from] psn
|upkeep
|turn|26
|
|t:|1743793112
|move|p2a: Pecharunt|Malignant Chain|p1a: Great Tusk
|-resisted|p1a: Great Tusk
|-damage|p1a: Great Tusk|27/100 tox
|move|p1a: Great Tusk|Headlong Rush|p2a: Pecharunt
|-supereffective|p2a: Pecharunt
|-damage|p2a: Pecharunt|0 fnt
|-unboost|p1a: Great Tusk|def|1
|-unboost|p1a: Great Tusk|spd|1
|faint|p2a: Pecharunt
|
|-damage|p1a: Great Tusk|9/100 tox|[from] psn
|upkeep
|
|t:|1743793115
|switch|p2a: Arcanine|Arcanine-Hisui, M|100/100
|turn|27
|
|t:|1743793118
|move|p2a: Arcanine|Flare Blitz|p1a: Great Tusk
|-damage|p1a: Great Tusk|0 fnt
|faint|p1a: Great Tusk
|-end|p1a: Great Tusk|Protosynthesis|[silent]
|
|upkeep
|j| SigmaMW
|
|t:|1743793122
|switch|p1a: Raging Bolt|Raging Bolt|100/100
|-damage|p1a: Raging Bolt|88/100|[from] Spikes
|turn|28
|
|t:|1743793129
|-end|p1a: Raging Bolt|Protosynthesis|[silent]
|switch|p1a: Ogerpon|Ogerpon-Teal-Tera, F, tera:Grass|100/100 par
|-damage|p1a: Ogerpon|88/100 par|[from] Spikes
|-ability|p1a: Ogerpon|Embody Aspect (Teal)|boost
|-boost|p1a: Ogerpon|spe|1
|move|p2a: Arcanine|Head Smash|p1a: Ogerpon
|-damage|p1a: Ogerpon|0 fnt
|faint|p1a: Ogerpon
|
|upkeep
|
|t:|1743793135
|switch|p1a: Clodsire|Clodsire, F|100/100
|-damage|p1a: Clodsire|88/100|[from] Spikes
|turn|29
|
|t:|1743793139
|switch|p2a: Clefable|Clefable, M|73/100
|move|p1a: Clodsire|Toxic|p2a: Clefable
|-status|p2a: Clefable|tox
|
|-heal|p1a: Clodsire|94/100|[from] item: Leftovers
|upkeep
|turn|30
|l| SigmaMW
|
|t:|1743793143
|switch|p1a: Kingambit|Kingambit, M|100/100
|-damage|p1a: Kingambit|88/100|[from] Spikes
|-activate|p1a: Kingambit|ability: Supreme Overlord
|-start|p1a: Kingambit|fallen3|[silent]
|move|p2a: Clefable|Moonblast|p1a: Kingambit
|-damage|p1a: Kingambit|56/100
|
|-heal|p1a: Kingambit|62/100|[from] item: Leftovers
|upkeep
|turn|31
|
|t:|1743793152
|switch|p2a: Ting-Lu|Ting-Lu|91/100
|-damage|p2a: Ting-Lu|85/100|[from] Stealth Rock
|-ability|p2a: Ting-Lu|Vessel of Ruin
|move|p1a: Kingambit|Swords Dance|p1a: Kingambit
|-boost|p1a: Kingambit|atk|2
|
|-heal|p1a: Kingambit|68/100|[from] item: Leftovers
|-heal|p2a: Ting-Lu|91/100|[from] item: Leftovers
|upkeep
|turn|32
|
|t:|1743793155
|move|p1a: Kingambit|Low Kick|p2a: Ting-Lu
|-supereffective|p2a: Ting-Lu
|-damage|p2a: Ting-Lu|0 fnt
|faint|p2a: Ting-Lu
|
|-heal|p1a: Kingambit|74/100|[from] item: Leftovers
|upkeep
|
|t:|1743793163
|switch|p2a: Darkrai|Darkrai|68/100
|-damage|p2a: Darkrai|56/100|[from] Stealth Rock
|turn|33
|
|t:|1743793167
|move|p2a: Darkrai|Will-O-Wisp|p1a: Kingambit
|-status|p1a: Kingambit|brn
|move|p1a: Kingambit|Swords Dance|p1a: Kingambit
|-boost|p1a: Kingambit|atk|2
|
|-heal|p1a: Kingambit|81/100 brn|[from] item: Leftovers
|-damage|p1a: Kingambit|74/100 brn|[from] brn
|upkeep
|turn|34
|
|t:|1743793173
|move|p2a: Darkrai|Dark Pulse|p1a: Kingambit
|-resisted|p1a: Kingambit
|-damage|p1a: Kingambit|54/100 brn
|move|p1a: Kingambit|Swords Dance|p1a: Kingambit
|-boost|p1a: Kingambit|atk|2
|
|-heal|p1a: Kingambit|60/100 brn|[from] item: Leftovers
|-damage|p1a: Kingambit|54/100 brn|[from] brn
|upkeep
|turn|35
|
|t:|1743793177
|move|p2a: Darkrai|Dark Pulse|p1a: Kingambit
|-resisted|p1a: Kingambit
|-damage|p1a: Kingambit|34/100 brn
|move|p1a: Kingambit|Low Kick|p2a: Darkrai
|-supereffective|p2a: Darkrai
|-damage|p2a: Darkrai|0 fnt
|faint|p2a: Darkrai
|
|-heal|p1a: Kingambit|40/100 brn|[from] item: Leftovers
|-damage|p1a: Kingambit|34/100 brn|[from] brn
|upkeep
|inactive|temporarylight has 120 seconds left.
|
|t:|1743793213
|switch|p2a: Clefable|Clefable, M|73/100 tox
|turn|36
|
|t:|1743793217
|move|p2a: Clefable|Moonblast|p1a: Kingambit
|-damage|p1a: Kingambit|5/100 brn
|-unboost|p1a: Kingambit|spa|1
|move|p1a: Kingambit|Iron Head|p2a: Clefable
|-supereffective|p2a: Clefable
|-damage|p2a: Clefable|0 fnt
|-damage|p1a: Kingambit|0 fnt|[from] item: Rocky Helmet|[of] p2a: Clefable
|faint|p2a: Clefable
|faint|p1a: Kingambit
|-end|p1a: Kingambit|fallen3|[silent]
|
|upkeep
|
|t:|1743793223
|switch|p2a: Arcanine|Arcanine-Hisui, M|100/100
|switch|p1a: Raging Bolt|Raging Bolt|88/100
|-damage|p1a: Raging Bolt|76/100|[from] Spikes
|turn|37
|
|t:|1743793227
|move|p2a: Arcanine|Head Smash|p1a: Raging Bolt
|-damage|p1a: Raging Bolt|32/100
|move|p1a: Raging Bolt|Thunderbolt|p2a: Arcanine
|-damage|p2a: Arcanine|52/100
|
|-heal|p1a: Raging Bolt|38/100|[from] item: Leftovers
|upkeep
|turn|38
|
|t:|1743793232
|-end|p1a: Raging Bolt|Protosynthesis|[silent]
|switch|p1a: Clodsire|Clodsire, F|94/100
|-damage|p1a: Clodsire|82/100|[from] Spikes
|move|p2a: Arcanine|Will-O-Wisp|p1a: Clodsire
|-status|p1a: Clodsire|brn
|
|-heal|p1a: Clodsire|88/100 brn|[from] item: Leftovers
|-damage|p1a: Clodsire|82/100 brn|[from] brn
|upkeep
|turn|39
|
|t:|1743793234
|move|p2a: Arcanine|Flare Blitz|p1a: Clodsire
|-damage|p1a: Clodsire|24/100 brn
|move|p1a: Clodsire|Toxic|p2a: Arcanine
|-status|p2a: Arcanine|tox
|
|-heal|p1a: Clodsire|30/100 brn|[from] item: Leftovers
|-damage|p2a: Arcanine|46/100 tox|[from] psn
|-damage|p1a: Clodsire|24/100 brn|[from] brn
|upkeep
|turn|40
|
|t:|1743793239
|move|p2a: Arcanine|Flare Blitz|p1a: Clodsire
|-damage|p1a: Clodsire|0 fnt
|faint|p1a: Clodsire
|
|-damage|p2a: Arcanine|33/100 tox|[from] psn
|upkeep
|c|☆turnyacc|gg'
|
|t:|1743793242
|switch|p1a: Raging Bolt|Raging Bolt|38/100
|-damage|p1a: Raging Bolt|26/100|[from] Spikes
|turn|41
|
|t:|1743793244
|move|p1a: Raging Bolt|Thunderclap|p2a: Arcanine
|-damage|p2a: Arcanine|0 fnt
|faint|p2a: Arcanine
|
|-heal|p1a: Raging Bolt|32/100|[from] item: Leftovers
|upkeep
|
|t:|1743793245
|switch|p2a: Dragonite|Dragonite, F|100/100
|turn|42
|
|t:|1743793248
|move|p2a: Dragonite|Earthquake|p1a: Raging Bolt
|-supereffective|p1a: Raging Bolt
|-damage|p1a: Raging Bolt|0 fnt
|faint|p1a: Raging Bolt
|-end|p1a: Raging Bolt|Protosynthesis|[silent]
|
|win|temporarylight
|raw|turnyacc's rating: 1783 &rarr; <strong>1762</strong><br />(-21 for losing)
|raw|temporarylight's rating: 1769 &rarr; <strong>1790</strong><br />(+21 for winning)
|c|☆temporarylight|gg
|c|☆turnyacc|this team is so hard to play
|c|☆temporarylight|yours?
|c|☆turnyacc|yea
|c|☆turnyacc|its a nightmare vs any team that isnt offense
|c|☆temporarylight|yeah wisp beats all of your mons
|c|☆turnyacc|i told myself i had to save tera bug
|c|☆turnyacc|and then i used my tera on pon
|c|☆turnyacc|lol
|c|☆temporarylight|lol
|c|☆turnyacc|gg
|c|☆temporarylight|gg
|l|☆turnyacc
|player|p1|
|l|☆temporarylight
|player|p2|
|j|☆temporarylight
|player|p2|temporarylight|265|
