|j|☆poloniumew
|j|☆salgaiii404
|t:|1743831646
|gametype|singles
|player|p1|poloniumew|2|1626
|player|p2|salgaiii404|lady|1673
|teamsize|p1|6
|teamsize|p2|6
|gen|9
|tier|[Gen 9] OU
|rated|
|rule|HP Percentage Mod: HP is shown in percentages
|rule|Endless Battle Clause: Forcing endless battles is banned
|rule|Species Clause: Limit one of each Pokémon
|rule|OHKO Clause: OHKO moves are banned
|rule|Evasion Items Clause: Evasion items are banned
|rule|Evasion Moves Clause: Evasion moves are banned
|rule|Sleep Moves Clause: Sleep-inducing moves are banned
|clearpoke
|poke|p1|Garganacl, M|
|poke|p1|Weezing-Galar, F|
|poke|p1|Corviknight, M|
|poke|p1|Dragapult, M|
|poke|p1|Slowking-Galar, M|
|poke|p1|Samurott-Hisui, F|
|poke|p2|Tauros-Paldea-Blaze, M|
|poke|p2|Kingambit, M|
|poke|p2|Ting-Lu|
|poke|p2|Pecharunt|
|poke|p2|Ogerpon-Wellspring, F|
|poke|p2|Great Tusk|
|teampreview
|inactive|Battle timer is ON: inactive players will automatically lose when time's up. (requested by poloniumew)
|inactive|salgaiii404 also wants the timer to be on.
|j| atlas tales
|
|t:|1743831668
|start
|switch|p1a: wlegh|Samurott-Hisui, F|100/100
|switch|p2a: Ogerpon|Ogerpon-Wellspring, F|100/100
|turn|1
|
|t:|1743831674
|switch|p1a: slegh|Corviknight, M|100/100
|-ability|p1a: slegh|Pressure
|move|p2a: Ogerpon|Horn Leech|p1a: slegh
|-resisted|p1a: slegh
|-damage|p1a: slegh|93/100
|-damage|p2a: Ogerpon|84/100|[from] item: Rocky Helmet|[of] p1a: slegh
|
|upkeep
|turn|2
|
|t:|1743831684
|switch|p1a: wlegh|Samurott-Hisui, F|100/100
|move|p2a: Ogerpon|Swords Dance|p2a: Ogerpon
|-boost|p2a: Ogerpon|atk|2
|
|upkeep
|turn|3
|
|t:|1743831690
|switch|p1a: slegh|Corviknight, M|93/100
|-ability|p1a: slegh|Pressure
|move|p2a: Ogerpon|Horn Leech|p1a: slegh
|-resisted|p1a: slegh
|-damage|p1a: slegh|81/100
|-heal|p2a: Ogerpon|92/100|[from] drain|[of] p1a: slegh
|-damage|p2a: Ogerpon|76/100|[from] item: Rocky Helmet|[of] p1a: slegh
|
|upkeep
|turn|4
|
|t:|1743831701
|-terastallize|p2a: Ogerpon|Water
|detailschange|p2a: Ogerpon|Ogerpon-Wellspring-Tera, F, tera:Water
|-ability|p2a: Ogerpon|Embody Aspect (Wellspring)|boost
|-boost|p2a: Ogerpon|spd|1
|move|p2a: Ogerpon|Ivy Cudgel|p1a: slegh|[anim] Ivy Cudgel Water
|-crit|p1a: slegh
|-damage|p1a: slegh|0 fnt
|faint|p1a: slegh
|
|upkeep
|
|t:|1743831708
|switch|p1a: clegh|Dragapult, M|100/100
|turn|5
|
|t:|1743831711
|move|p1a: clegh|Will-O-Wisp|p2a: Ogerpon
|-status|p2a: Ogerpon|brn
|move|p2a: Ogerpon|Ivy Cudgel|p1a: clegh|[anim] Ivy Cudgel Water
|-resisted|p1a: clegh
|-damage|p1a: clegh|44/100
|
|-damage|p2a: Ogerpon|70/100 brn|[from] brn
|upkeep
|turn|6
|
|t:|1743831721
|move|p1a: clegh|U-turn|p2a: Ogerpon
|-damage|p2a: Ogerpon|39/100 brn
|
|t:|1743831723
|switch|p1a: glegh|Weezing-Galar, F|100/100|[from] U-turn
|-ability|p1a: glegh|Neutralizing Gas
|move|p2a: Ogerpon|Ivy Cudgel|p1a: glegh|[anim] Ivy Cudgel Water
|-damage|p1a: glegh|47/100
|
|-heal|p1a: glegh|53/100|[from] item: Black Sludge
|-damage|p2a: Ogerpon|33/100 brn|[from] brn
|upkeep
|turn|7
|
|t:|1743831737
|move|p2a: Ogerpon|Ivy Cudgel|p1a: glegh|[anim] Ivy Cudgel Water
|-crit|p1a: glegh
|-damage|p1a: glegh|0 fnt
|faint|p1a: glegh
|-end|p1a: glegh|ability: Neutralizing Gas
|
|-damage|p2a: Ogerpon|27/100 brn|[from] brn
|upkeep
|
|t:|1743831740
|switch|p1a: clegh|Dragapult, M|44/100
|turn|8
|
|t:|1743831742
|move|p1a: clegh|Will-O-Wisp|p2a: Ogerpon
|-fail|p2a: Ogerpon|brn
|move|p2a: Ogerpon|Ivy Cudgel|p1a: clegh|[anim] Ivy Cudgel Water
|-resisted|p1a: clegh
|-damage|p1a: clegh|0 fnt
|faint|p1a: clegh
|
|-damage|p2a: Ogerpon|21/100 brn|[from] brn
|upkeep
|
|t:|1743831745
|switch|p1a: wlegh|Samurott-Hisui, F|100/100
|turn|9
|
|t:|1743831747
|move|p1a: wlegh|Ceaseless Edge|p2a: Ogerpon
|-damage|p2a: Ogerpon|0 fnt
|-sidestart|p2: salgaiii404|Spikes
|faint|p2a: Ogerpon
|
|upkeep
|
|t:|1743831753
|switch|p2a: Great Tusk|Great Tusk|100/100
|turn|10
|
|t:|1743831761
|move|p1a: wlegh|Ceaseless Edge|p2a: Great Tusk
|-resisted|p2a: Great Tusk
|-damage|p2a: Great Tusk|84/100
|-sidestart|p2: salgaiii404|Spikes
|move|p2a: Great Tusk|Headlong Rush|p1a: wlegh
|-damage|p1a: wlegh|15/100
|-unboost|p2a: Great Tusk|def|1
|-unboost|p2a: Great Tusk|spd|1
|
|upkeep
|turn|11
|
|t:|1743831770
|move|p1a: wlegh|Ceaseless Edge|p2a: Great Tusk
|-resisted|p2a: Great Tusk
|-damage|p2a: Great Tusk|60/100
|-sidestart|p2: salgaiii404|Spikes
|move|p2a: Great Tusk|Rapid Spin|p1a: wlegh
|-damage|p1a: wlegh|0 fnt
|-boost|p2a: Great Tusk|spe|1
|-sideend|p2: salgaiii404|Spikes|[from] move: Rapid Spin|[of] p2a: Great Tusk
|faint|p1a: wlegh
|
|upkeep
|
|t:|1743831773
|switch|p1a: blegh|Garganacl, M|100/100
|turn|12
|
|t:|1743831776
|-terastallize|p1a: blegh|Fairy
|move|p2a: Great Tusk|Headlong Rush|p1a: blegh
|-damage|p1a: blegh|63/100
|-unboost|p2a: Great Tusk|def|1
|-unboost|p2a: Great Tusk|spd|1
|move|p1a: blegh|Salt Cure|p2a: Great Tusk
|-resisted|p2a: Great Tusk
|-damage|p2a: Great Tusk|55/100
|-start|p2a: Great Tusk|Salt Cure
|
|-heal|p1a: blegh|69/100|[from] item: Leftovers
|-damage|p2a: Great Tusk|43/100|[from] Salt Cure
|upkeep
|turn|13
|
|t:|1743831797
|-end|p2a: Great Tusk|Protosynthesis|[silent]
|switch|p2a: Tauros|Tauros-Paldea-Blaze, M|100/100
|-ability|p2a: Tauros|Intimidate|boost
|-unboost|p1a: blegh|atk|1
|move|p1a: blegh|Salt Cure|p2a: Tauros
|-damage|p2a: Tauros|90/100
|-start|p2a: Tauros|Salt Cure
|
|-heal|p1a: blegh|75/100|[from] item: Leftovers
|-damage|p2a: Tauros|77/100|[from] Salt Cure
|upkeep
|turn|14
|
|t:|1743831809
|switch|p2a: Great Tusk|Great Tusk|43/100
|move|p1a: blegh|Protect||[still]
|-fail|p1a: blegh
|
|-heal|p1a: blegh|82/100|[from] item: Leftovers
|upkeep
|turn|15
|
|t:|1743831813
|move|p2a: Great Tusk|Rapid Spin|p1a: blegh
|-damage|p1a: blegh|71/100
|-boost|p2a: Great Tusk|spe|1
|move|p1a: blegh|Salt Cure|p2a: Great Tusk
|-resisted|p2a: Great Tusk
|-damage|p2a: Great Tusk|41/100
|-start|p2a: Great Tusk|Salt Cure
|
|-heal|p1a: blegh|77/100|[from] item: Leftovers
|-damage|p2a: Great Tusk|29/100|[from] Salt Cure
|upkeep
|turn|16
|
|t:|1743831832
|-end|p2a: Great Tusk|Protosynthesis|[silent]
|switch|p2a: Tauros|Tauros-Paldea-Blaze, M|77/100
|-ability|p2a: Tauros|Intimidate|boost
|-unboost|p1a: blegh|atk|1
|move|p1a: blegh|Protect||[still]
|-fail|p1a: blegh
|
|-heal|p1a: blegh|83/100|[from] item: Leftovers
|upkeep
|turn|17
|
|t:|1743831835
|move|p2a: Tauros|Raging Bull|p1a: blegh
|-damage|p1a: blegh|41/100
|move|p1a: blegh|Salt Cure|p2a: Tauros
|-damage|p2a: Tauros|69/100
|-start|p2a: Tauros|Salt Cure
|
|-heal|p1a: blegh|47/100|[from] item: Leftovers
|-damage|p2a: Tauros|57/100|[from] Salt Cure
|upkeep
|turn|18
|
|t:|1743831853
|move|p1a: blegh|Protect|p1a: blegh
|-singleturn|p1a: blegh|Protect
|move|p2a: Tauros|Raging Bull|p1a: blegh
|-activate|p1a: blegh|move: Protect
|
|-heal|p1a: blegh|53/100|[from] item: Leftovers
|-damage|p2a: Tauros|44/100|[from] Salt Cure
|upkeep
|turn|19
|
|t:|1743831856
|move|p2a: Tauros|Raging Bull|p1a: blegh
|-damage|p1a: blegh|11/100
|move|p1a: blegh|Recover|p1a: blegh
|-heal|p1a: blegh|61/100
|
|-heal|p1a: blegh|67/100|[from] item: Leftovers
|-damage|p2a: Tauros|32/100|[from] Salt Cure
|upkeep
|turn|20
|
|t:|1743831863
|move|p1a: blegh|Protect|p1a: blegh
|-singleturn|p1a: blegh|Protect
|move|p2a: Tauros|Raging Bull|p1a: blegh
|-activate|p1a: blegh|move: Protect
|
|-heal|p1a: blegh|74/100|[from] item: Leftovers
|-damage|p2a: Tauros|20/100|[from] Salt Cure
|upkeep
|turn|21
|
|t:|1743831866
|move|p2a: Tauros|Raging Bull|p1a: blegh
|-damage|p1a: blegh|32/100
|move|p1a: blegh|Recover|p1a: blegh
|-heal|p1a: blegh|82/100
|
|-heal|p1a: blegh|88/100|[from] item: Leftovers
|-damage|p2a: Tauros|7/100|[from] Salt Cure
|upkeep
|turn|22
|
|t:|1743831873
|move|p1a: blegh|Protect|p1a: blegh
|-singleturn|p1a: blegh|Protect
|move|p2a: Tauros|Raging Bull|p1a: blegh
|-activate|p1a: blegh|move: Protect
|
|-heal|p1a: blegh|94/100|[from] item: Leftovers
|-damage|p2a: Tauros|0 fnt|[from] Salt Cure
|faint|p2a: Tauros
|upkeep
|
|t:|1743831873
|switch|p2a: Kingambit|Kingambit, M|100/100
|-activate|p2a: Kingambit|ability: Supreme Overlord
|-start|p2a: Kingambit|fallen2|[silent]
|-item|p2a: Kingambit|Air Balloon
|turn|23
|
|t:|1743831876
|move|p2a: Kingambit|Swords Dance|p2a: Kingambit
|-boost|p2a: Kingambit|atk|2
|move|p1a: blegh|Salt Cure|p2a: Kingambit
|-resisted|p2a: Kingambit
|-damage|p2a: Kingambit|97/100
|-start|p2a: Kingambit|Salt Cure
|-enditem|p2a: Kingambit|Air Balloon
|
|-heal|p1a: blegh|100/100|[from] item: Leftovers
|-damage|p2a: Kingambit|72/100|[from] Salt Cure
|upkeep
|turn|24
|
|t:|1743831883
|-end|p2a: Kingambit|fallen2|[silent]
|switch|p2a: Great Tusk|Great Tusk|29/100
|move|p1a: blegh|Protect||[still]
|-fail|p1a: blegh
|
|upkeep
|turn|25
|
|t:|1743831885
|move|p2a: Great Tusk|Headlong Rush|p1a: blegh
|-damage|p1a: blegh|62/100
|-unboost|p2a: Great Tusk|def|1
|-unboost|p2a: Great Tusk|spd|1
|move|p1a: blegh|Salt Cure|p2a: Great Tusk
|-resisted|p2a: Great Tusk
|-damage|p2a: Great Tusk|27/100
|-start|p2a: Great Tusk|Salt Cure
|
|-heal|p1a: blegh|68/100|[from] item: Leftovers
|-damage|p2a: Great Tusk|15/100|[from] Salt Cure
|upkeep
|turn|26
|
|t:|1743831899
|move|p2a: Great Tusk|Headlong Rush|p1a: blegh
|-damage|p1a: blegh|28/100
|-unboost|p2a: Great Tusk|def|1
|-unboost|p2a: Great Tusk|spd|1
|move|p1a: blegh|Salt Cure|p2a: Great Tusk
|-resisted|p2a: Great Tusk
|-damage|p2a: Great Tusk|12/100
|
|-heal|p1a: blegh|34/100|[from] item: Leftovers
|-damage|p2a: Great Tusk|0 fnt|[from] Salt Cure
|faint|p2a: Great Tusk
|-end|p2a: Great Tusk|Protosynthesis|[silent]
|upkeep
|
|t:|1743831911
|switch|p2a: Pecharunt|Pecharunt|100/100
|turn|27
|
|t:|1743831913
|move|p2a: Pecharunt|Malignant Chain|p1a: blegh
|-supereffective|p1a: blegh
|-damage|p1a: blegh|0 fnt
|faint|p1a: blegh
|
|upkeep
|
|t:|1743831917
|switch|p1a: flegh|Slowking-Galar, M|100/100
|turn|28
|
|t:|1743831918
|move|p2a: Pecharunt|Parting Shot|p1a: flegh
|-unboost|p1a: flegh|atk|1
|-unboost|p1a: flegh|spa|1
|
|t:|1743831918
|switch|p2a: Kingambit|Kingambit, M|72/100|[from] Parting Shot
|-activate|p2a: Kingambit|ability: Supreme Overlord
|-start|p2a: Kingambit|fallen3|[silent]
|move|p1a: flegh|Psychic Noise|p2a: Kingambit
|-immune|p2a: Kingambit
|
|upkeep
|turn|29
|
|t:|1743831920
|move|p2a: Kingambit|Kowtow Cleave|p1a: flegh
|-supereffective|p1a: flegh
|-damage|p1a: flegh|0 fnt
|faint|p1a: flegh
|
|win|salgaiii404
|raw|poloniumew's rating: 1626 &rarr; <strong>1609</strong><br />(-17 for losing)
|raw|salgaiii404's rating: 1673 &rarr; <strong>1690</strong><br />(+17 for winning)
|l|☆salgaiii404
|player|p2|
|l|☆poloniumew
|player|p1|
