|j|☆apoiguespm
|j|☆SeigneurFou
|t:|1743864047
|gametype|singles
|player|p1|apoiguespm|169|1742
|player|p2|SeigneurFou|169|1702
|teamsize|p1|6
|teamsize|p2|6
|gen|9
|tier|[Gen 9] OU
|rated|
|rule|HP Percentage Mod: HP is shown in percentages
|rule|Endless Battle Clause: Forcing endless battles is banned
|rule|Species Clause: Limit one of each Pokémon
|rule|OHKO Clause: OHKO moves are banned
|rule|Evasion Items Clause: Evasion items are banned
|rule|Evasion Moves Clause: Evasion moves are banned
|rule|Sleep Moves Clause: Sleep-inducing moves are banned
|clearpoke
|poke|p1|Kingambit, M|
|poke|p1|Iron Valiant|
|poke|p1|Gholdengo|
|poke|p1|Samurott-Hisui, M|
|poke|p1|Landorus-Therian, M|
|poke|p1|Iron Moth|
|poke|p2|Kyurem|
|poke|p2|Dragonite, F|
|poke|p2|Hoopa-Unbound|
|poke|p2|Cinderace, M|
|poke|p2|Okidogi, M|
|poke|p2|Enamorus, F|
|teampreview
|inactive|Battle timer is ON: inactive players will automatically lose when time's up. (requested by SeigneurFou)
|inactive|apoiguespm also wants the timer to be on.
|
|t:|1743864063
|start
|switch|p1a: Landorus|Landorus-Therian, M|100/100
|switch|p2a: Enamorus|Enamorus, F|100/100
|-ability|p1a: Landorus|Intimidate|boost
|-unboost|p2a: Enamorus|atk|1
|turn|1
|
|t:|1743864073
|move|p2a: Enamorus|Substitute|p2a: Enamorus
|-start|p2a: Enamorus|Substitute
|-damage|p2a: Enamorus|76/100
|move|p1a: Landorus|Stone Edge|p2a: Enamorus
|-supereffective|p2a: Enamorus
|-end|p2a: Enamorus|Substitute
|
|-heal|p2a: Enamorus|82/100|[from] item: Leftovers
|upkeep
|turn|2
|
|t:|1743864080
|move|p2a: Enamorus|Substitute|p2a: Enamorus
|-start|p2a: Enamorus|Substitute
|-damage|p2a: Enamorus|57/100
|move|p1a: Landorus|Stone Edge|p2a: Enamorus
|-supereffective|p2a: Enamorus
|-end|p2a: Enamorus|Substitute
|
|-heal|p2a: Enamorus|63/100|[from] item: Leftovers
|upkeep
|turn|3
|
|t:|1743864087
|move|p2a: Enamorus|Substitute|p2a: Enamorus
|-start|p2a: Enamorus|Substitute
|-damage|p2a: Enamorus|38/100
|move|p1a: Landorus|Stone Edge|p2a: Enamorus
|-supereffective|p2a: Enamorus
|-end|p2a: Enamorus|Substitute
|
|-heal|p2a: Enamorus|44/100|[from] item: Leftovers
|upkeep
|turn|4
|
|t:|1743864094
|move|p2a: Enamorus|Substitute|p2a: Enamorus
|-start|p2a: Enamorus|Substitute
|-damage|p2a: Enamorus|20/100
|move|p1a: Landorus|Stone Edge|p2a: Enamorus|[miss]
|-miss|p1a: Landorus|p2a: Enamorus
|
|-heal|p2a: Enamorus|26/100|[from] item: Leftovers
|upkeep
|turn|5
|
|t:|1743864100
|move|p2a: Enamorus|Moonblast|p1a: Landorus
|-damage|p1a: Landorus|42/100
|-unboost|p1a: Landorus|spa|1
|move|p1a: Landorus|Stone Edge|p2a: Enamorus|[miss]
|-miss|p1a: Landorus|p2a: Enamorus
|
|-heal|p2a: Enamorus|32/100|[from] item: Leftovers
|upkeep
|turn|6
|j| tapu moxo
|
|t:|1743864108
|switch|p1a: Iron Moth|Iron Moth|100/100
|-enditem|p1a: Iron Moth|Booster Energy
|-activate|p1a: Iron Moth|ability: Quark Drive|[fromitem]
|-start|p1a: Iron Moth|quarkdrivespe
|move|p2a: Enamorus|Moonblast|p1a: Iron Moth
|-resisted|p1a: Iron Moth
|-damage|p1a: Iron Moth|87/100
|
|-heal|p2a: Enamorus|38/100|[from] item: Leftovers
|upkeep
|turn|7
|
|t:|1743864117
|move|p1a: Iron Moth|Fiery Dance|p2a: Enamorus
|-end|p2a: Enamorus|Substitute
|move|p2a: Enamorus|Earth Power|p1a: Iron Moth
|-supereffective|p1a: Iron Moth
|-damage|p1a: Iron Moth|0 fnt
|faint|p1a: Iron Moth
|-end|p1a: Iron Moth|Quark Drive|[silent]
|
|-heal|p2a: Enamorus|44/100|[from] item: Leftovers
|upkeep
|
|t:|1743864120
|switch|p1a: Iron Valiant|Iron Valiant, shiny|100/100
|-enditem|p1a: Iron Valiant|Booster Energy
|-activate|p1a: Iron Valiant|ability: Quark Drive|[fromitem]
|-start|p1a: Iron Valiant|quarkdrivespe
|turn|8
|
|t:|1743864150
|move|p1a: Iron Valiant|Moonblast|p2a: Enamorus
|-damage|p2a: Enamorus|0 fnt
|faint|p2a: Enamorus
|
|upkeep
|
|t:|1743864156
|switch|p2a: Cinderace|Cinderace, M|100/100
|turn|9
|
|t:|1743864160
|-end|p1a: Iron Valiant|Quark Drive|[silent]
|switch|p1a: Landorus|Landorus-Therian, M|42/100
|-ability|p1a: Landorus|Intimidate|boost
|-unboost|p2a: Cinderace|atk|1
|move|p2a: Cinderace|Pyro Ball|p1a: Landorus
|-damage|p1a: Landorus|5/100
|
|upkeep
|turn|10
|
|t:|1743864166
|move|p2a: Cinderace|Pyro Ball|p1a: Landorus
|-damage|p1a: Landorus|0 fnt
|faint|p1a: Landorus
|
|upkeep
|j| rei husabnd
|
|t:|1743864186
|switch|p1a: Samurott|Samurott-Hisui, M, shiny|100/100
|turn|11
|
|t:|1743864197
|move|p2a: Cinderace|U-turn|p1a: Samurott
|-start|p2a: Cinderace|typechange|Bug|[from] ability: Libero
|-supereffective|p1a: Samurott
|-damage|p1a: Samurott|40/100
|
|t:|1743864203
|switch|p2a: Kyurem|Kyurem|100/100|[from] U-turn
|-ability|p2a: Kyurem|Pressure
|move|p1a: Samurott|Ceaseless Edge|p2a: Kyurem
|-damage|p2a: Kyurem|66/100
|-sidestart|p2: SeigneurFou|Spikes
|
|upkeep
|turn|12
|
|t:|1743864211
|move|p2a: Kyurem|Freeze-Dry|p1a: Samurott
|-supereffective|p1a: Samurott
|-damage|p1a: Samurott|0 fnt
|faint|p1a: Samurott
|
|upkeep
|
|t:|1743864214
|switch|p1a: Iron Valiant|Iron Valiant, shiny|100/100
|turn|13
|
|t:|1743864217
|move|p2a: Kyurem|Freeze-Dry|p1a: Iron Valiant
|-damage|p1a: Iron Valiant|24/100
|move|p1a: Iron Valiant|Moonblast|p2a: Kyurem
|-supereffective|p2a: Kyurem
|-damage|p2a: Kyurem|0 fnt
|faint|p2a: Kyurem
|
|upkeep
|
|t:|1743864224
|switch|p2a: Cinderace|Cinderace, M|100/100
|turn|14
|
|t:|1743864227
|move|p2a: Cinderace|Pyro Ball|p1a: Iron Valiant
|-damage|p1a: Iron Valiant|0 fnt
|faint|p1a: Iron Valiant
|-end|p1a: Iron Valiant|Quark Drive|[silent]
|
|upkeep
|j| kingambit player
|
|t:|1743864231
|switch|p1a: Kingambit|Kingambit, M, shiny|100/100
|-activate|p1a: Kingambit|ability: Supreme Overlord
|-start|p1a: Kingambit|fallen4|[silent]
|turn|15
|l| kingambit player
|
|t:|1743864238
|-terastallize|p1a: Kingambit|Ghost
|move|p2a: Cinderace|Pyro Ball|p1a: Kingambit
|-damage|p1a: Kingambit|57/100
|move|p1a: Kingambit|Kowtow Cleave|p2a: Cinderace
|-damage|p2a: Cinderace|0 fnt
|faint|p2a: Cinderace
|
|-heal|p1a: Kingambit|63/100|[from] item: Leftovers
|upkeep
|
|t:|1743864253
|switch|p2a: Hoopa|Hoopa-Unbound|100/100
|-damage|p2a: Hoopa|88/100|[from] Spikes
|turn|16
|
|t:|1743864260
|move|p1a: Kingambit|Sucker Punch|p2a: Hoopa
|-damage|p2a: Hoopa|3/100
|move|p2a: Hoopa|Dark Pulse|p1a: Kingambit
|-supereffective|p1a: Kingambit
|-damage|p1a: Kingambit|0 fnt
|faint|p1a: Kingambit
|-end|p1a: Kingambit|fallen4|[silent]
|
|upkeep
|
|t:|1743864262
|switch|p1a: Gholdengo|Gholdengo, shiny|100/100
|turn|17
|
|t:|1743864268
|move|p1a: Gholdengo|Shadow Ball|p2a: Hoopa
|-damage|p2a: Hoopa|0 fnt
|faint|p2a: Hoopa
|
|upkeep
|
|t:|1743864275
|switch|p2a: Okidogi|Okidogi, M|100/100
|-damage|p2a: Okidogi|88/100|[from] Spikes
|turn|18
|
|t:|1743864279
|-terastallize|p2a: Okidogi|Steel
|move|p1a: Gholdengo|Shadow Ball|p2a: Okidogi
|-damage|p2a: Okidogi|19/100
|move|p2a: Okidogi|Knock Off|p1a: Gholdengo
|-supereffective|p1a: Gholdengo
|-damage|p1a: Gholdengo|23/100
|-enditem|p1a: Gholdengo|Choice Specs|[from] move: Knock Off|[of] p2a: Okidogi
|
|-heal|p2a: Okidogi|25/100|[from] item: Leftovers
|upkeep
|turn|19
|
|t:|1743864288
|move|p1a: Gholdengo|Shadow Ball|p2a: Okidogi
|-damage|p2a: Okidogi|0 fnt
|faint|p2a: Okidogi
|
|upkeep
|
|t:|1743864292
|switch|p2a: Dragonite|Dragonite, F|100/100
|turn|20
|-message|SeigneurFou forfeited.
|
|win|apoiguespm
|raw|apoiguespm's rating: 1763 &rarr; <strong>1780</strong><br />(+17 for winning)
|raw|SeigneurFou's rating: 1702 &rarr; <strong>1685</strong><br />(-17 for losing)
|l|☆SeigneurFou
|player|p2|
|c|☆apoiguespm|????
|l|☆apoiguespm
|player|p1|
