|j|☆sleep or study
|j|☆imrossk
|t:|1743811858
|gametype|singles
|player|p1|sleep or study|265|1200
|player|p2|imrossk|265|1258
|teamsize|p1|6
|teamsize|p2|6
|gen|9
|tier|[Gen 9] OU
|rated|
|rule|HP Percentage Mod: HP is shown in percentages
|rule|Endless Battle Clause: Forcing endless battles is banned
|rule|Species Clause: Limit one of each Pokémon
|rule|OHKO Clause: OHKO moves are banned
|rule|Evasion Items Clause: Evasion items are banned
|rule|Evasion Moves Clause: Evasion moves are banned
|rule|Sleep Moves Clause: Sleep-inducing moves are banned
|clearpoke
|poke|p1|Glimmora, F|
|poke|p1|Zamazenta-*|
|poke|p1|Latias, F|
|poke|p1|Gholdengo|
|poke|p1|Dragonite, F|
|poke|p1|Weavile, F|
|poke|p2|Rillaboom, F|
|poke|p2|Munkidori, M|
|poke|p2|Ambipom, F|
|poke|p2|Grafaiai, M|
|poke|p2|Zarude|
|poke|p2|Infernape, F|
|teampreview
|inactive|Battle timer is ON: inactive players will automatically lose when time's up. (requested by sleep or study)
|
|t:|1743811883
|start
|switch|p1a: Weavile|Weavile, F|100/100
|switch|p2a: Ozempic Orengutan|Infernape, F|100/100
|turn|1
|
|t:|1743811893
|switch|p1a: Glimmora|Glimmora, F|100/100
|move|p2a: Ozempic Orengutan|Vacuum Wave|p1a: Glimmora
|-damage|p1a: Glimmora|80/100
|-enditem|p1a: Glimmora|Red Card|[of] p2a: Ozempic Orengutan
|drag|p2a: Chimp|Zarude|100/100
|
|upkeep
|turn|2
|
|t:|1743811908
|switch|p2a: baboon|Munkidori, M|100/100
|move|p1a: Glimmora|Stealth Rock|p2a: baboon
|-sidestart|p2: imrossk|move: Stealth Rock
|
|upkeep
|turn|3
|
|t:|1743811918
|move|p2a: baboon|U-turn|p1a: Glimmora
|-resisted|p1a: Glimmora
|-damage|p1a: Glimmora|75/100
|-activate|p1a: Glimmora|ability: Toxic Debris
|-sidestart|p2: imrossk|move: Toxic Spikes
|
|t:|1743811923
|switch|p2a: Capuchin|Grafaiai, M|100/100|[from] U-turn
|-damage|p2a: Capuchin|88/100|[from] Stealth Rock
|-sideend|p2: imrossk|move: Toxic Spikes|[of] p2a: Capuchin
|move|p1a: Glimmora|Earth Power|p2a: Capuchin
|-supereffective|p2a: Capuchin
|-damage|p2a: Capuchin|15/100
|
|-heal|p2a: Capuchin|21/100|[from] item: Black Sludge
|upkeep
|turn|4
|
|t:|1743811937
|move|p2a: Capuchin|Parting Shot|p1a: Glimmora
|-unboost|p1a: Glimmora|atk|1
|-unboost|p1a: Glimmora|spa|1
|
|t:|1743811966
|switch|p2a: baboon|Munkidori, M|100/100|[from] Parting Shot
|-damage|p2a: baboon|88/100|[from] Stealth Rock
|move|p1a: Glimmora|Power Gem|p2a: baboon
|-damage|p2a: baboon|71/100
|
|upkeep
|turn|5
|
|t:|1743811989
|switch|p1a: Gholdengo|Gholdengo|100/100
|move|p2a: baboon|Psychic Noise|p1a: Gholdengo
|-resisted|p1a: Gholdengo
|-damage|p1a: Gholdengo|81/100
|-start|p1a: Gholdengo|move: Heal Block
|
|upkeep
|turn|6
|inactive|sleep or study has 120 seconds left.
|inactive|imrossk has 120 seconds left.
|
|t:|1743812044
|move|p2a: baboon|U-turn|p1a: Gholdengo
|-resisted|p1a: Gholdengo
|-crit|p1a: Gholdengo
|-damage|p1a: Gholdengo|76/100
|inactive|imrossk has 90 seconds left.
|
|t:|1743812067
|switch|p2a: Ozempic Orengutan|Infernape, F|100/100|[from] U-turn
|-damage|p2a: Ozempic Orengutan|88/100|[from] Stealth Rock
|move|p1a: Gholdengo|Shadow Ball|p2a: Ozempic Orengutan
|-damage|p2a: Ozempic Orengutan|20/100
|-unboost|p2a: Ozempic Orengutan|spd|1
|
|-end|p1a: Gholdengo|move: Heal Block
|upkeep
|turn|7
|inactive|sleep or study has 90 seconds left.
|
|t:|1743812088
|switch|p1a: Glimmora|Glimmora, F|75/100
|move|p2a: Ozempic Orengutan|Stealth Rock|p1a: Glimmora
|-sidestart|p1: sleep or study|move: Stealth Rock
|
|upkeep
|turn|8
|
|t:|1743812096
|move|p2a: Ozempic Orengutan|Aura Sphere|p1a: Glimmora
|-damage|p1a: Glimmora|35/100
|-damage|p2a: Ozempic Orengutan|10/100|[from] item: Life Orb
|move|p1a: Glimmora|Spikes|p2a: Ozempic Orengutan
|-sidestart|p2: imrossk|Spikes
|
|upkeep
|turn|9
|
|t:|1743812103
|move|p2a: Ozempic Orengutan|Aura Sphere|p1a: Glimmora
|-damage|p1a: Glimmora|0 fnt
|faint|p1a: Glimmora
|-damage|p2a: Ozempic Orengutan|0 fnt|[from] item: Life Orb
|faint|p2a: Ozempic Orengutan
|
|upkeep
|inactive|imrossk has 90 seconds left.
|
|t:|1743812131
|switch|p2a: baboon|Munkidori, M|71/100
|switch|p1a: Weavile|Weavile, F|100/100
|-damage|p1a: Weavile|76/100|[from] Stealth Rock
|-damage|p2a: baboon|59/100|[from] Stealth Rock
|-damage|p2a: baboon|47/100|[from] Spikes
|turn|10
|
|t:|1743812143
|move|p2a: baboon|Fake Out|p1a: Weavile
|-damage|p1a: Weavile|64/100
|cant|p1a: Weavile|flinch
|
|upkeep
|turn|11
|
|t:|1743812152
|switch|p2a: Capuchin|Grafaiai, M|21/100
|-damage|p2a: Capuchin|8/100|[from] Stealth Rock
|-damage|p2a: Capuchin|0 fnt|[from] Spikes
|faint|p2a: Capuchin
|move|p1a: Weavile|Knock Off|p2: Capuchin|[notarget]
|-fail|p1a: Weavile
|
|upkeep
|
|t:|1743812155
|switch|p2a: gorilla|Rillaboom, F|100/100
|-damage|p2a: gorilla|88/100|[from] Stealth Rock
|-damage|p2a: gorilla|76/100|[from] Spikes
|-fieldstart|move: Grassy Terrain|[from] ability: Grassy Surge|[of] p2a: gorilla
|turn|12
|inactive|sleep or study has 120 seconds left.
|
|t:|1743812179
|move|p2a: gorilla|Grassy Glide|p1a: Weavile
|-damage|p1a: Weavile|0 fnt
|faint|p1a: Weavile
|
|-heal|p2a: gorilla|82/100|[from] Grassy Terrain
|upkeep
|
|t:|1743812193
|switch|p1a: Dragonite|Dragonite, F|100/100
|turn|13
|
|t:|1743812200
|move|p1a: Dragonite|Dragon Dance|p1a: Dragonite
|-boost|p1a: Dragonite|atk|1
|-boost|p1a: Dragonite|spe|1
|move|p2a: gorilla|Knock Off|p1a: Dragonite
|-damage|p1a: Dragonite|82/100
|-enditem|p1a: Dragonite|Heavy-Duty Boots|[from] move: Knock Off|[of] p2a: gorilla
|
|-heal|p2a: gorilla|88/100|[from] Grassy Terrain
|upkeep
|turn|14
|
|t:|1743812208
|move|p1a: Dragonite|Ice Spinner|p2a: gorilla
|-supereffective|p2a: gorilla
|-damage|p2a: gorilla|0 fnt
|-fieldend|move: Grassy Terrain
|faint|p2a: gorilla
|
|upkeep
|
|t:|1743812214
|switch|p2a: baboon|Munkidori, M|47/100
|-damage|p2a: baboon|34/100|[from] Stealth Rock
|-damage|p2a: baboon|22/100|[from] Spikes
|turn|15
|
|t:|1743812219
|move|p2a: baboon|Fake Out|p1a: Dragonite
|-damage|p1a: Dragonite|75/100
|cant|p1a: Dragonite|flinch
|
|upkeep
|turn|16
|
|t:|1743812223
|move|p1a: Dragonite|Extreme Speed|p2a: baboon
|-damage|p2a: baboon|0 fnt
|faint|p2a: baboon
|
|upkeep
|
|t:|1743812226
|switch|p2a: Gobok|Ambipom, F|100/100
|-damage|p2a: Gobok|88/100|[from] Stealth Rock
|-damage|p2a: Gobok|76/100|[from] Spikes
|turn|17
|
|t:|1743812230
|move|p1a: Dragonite|Dragon Dance|p1a: Dragonite
|-boost|p1a: Dragonite|atk|1
|-boost|p1a: Dragonite|spe|1
|move|p2a: Gobok|Triple Axel|p1a: Dragonite
|-supereffective|p1a: Dragonite
|-damage|p1a: Dragonite|18/100
|-supereffective|p1a: Dragonite
|-damage|p1a: Dragonite|0 fnt
|faint|p1a: Dragonite
|-hitcount|p1: Dragonite|2
|
|upkeep
|
|t:|1743812256
|switch|p1a: Zamazenta|Zamazenta|100/100
|-damage|p1a: Zamazenta|94/100|[from] Stealth Rock
|-ability|p1a: Zamazenta|Dauntless Shield|boost
|-boost|p1a: Zamazenta|def|1
|turn|18
|
|t:|1743812263
|move|p1a: Zamazenta|Substitute|p1a: Zamazenta
|-start|p1a: Zamazenta|Substitute
|-damage|p1a: Zamazenta|69/100
|move|p2a: Gobok|Triple Axel|p1a: Zamazenta
|-activate|p1a: Zamazenta|move: Substitute|[damage]
|-hitcount|p1a: Zamazenta|1
|
|-heal|p1a: Zamazenta|76/100|[from] item: Leftovers
|upkeep
|turn|19
|inactive|sleep or study has 120 seconds left.
|
|t:|1743812295
|switch|p2a: Chimp|Zarude|100/100
|-damage|p2a: Chimp|88/100|[from] Stealth Rock
|-damage|p2a: Chimp|76/100|[from] Spikes
|move|p1a: Zamazenta|Iron Defense|p1a: Zamazenta
|-boost|p1a: Zamazenta|def|2
|
|-heal|p1a: Zamazenta|82/100|[from] item: Leftovers
|-heal|p2a: Chimp|82/100|[from] item: Leftovers
|upkeep
|turn|20
|inactive|sleep or study has 120 seconds left.
|inactive|sleep or study has 90 seconds left.
|c|☆imrossk|Hi
|inactive|sleep or study has 60 seconds left.
|inactive|sleep or study has 30 seconds left.
|inactive|sleep or study has 20 seconds left.
|inactive|sleep or study has 15 seconds left.
|inactive|sleep or study has 10 seconds left.
|inactive|sleep or study has 5 seconds left.
|-message|sleep or study lost due to inactivity.
|
|win|imrossk
|raw|sleep or study's rating: 1200 &rarr; <strong>1179</strong><br />(-21 for losing)
|raw|imrossk's rating: 1258 &rarr; <strong>1279</strong><br />(+21 for winning)
|l|☆imrossk
|player|p2|
