|j|☆vacheron
|j|☆ugcyc
|t:|1743778752
|gametype|singles
|player|p1|vacheron|170|1615
|player|p2|ugcyc|juggler|1650
|teamsize|p1|6
|teamsize|p2|6
|gen|9
|tier|[Gen 9] OU
|rated|
|rule|HP Percentage Mod: HP is shown in percentages
|rule|Endless Battle Clause: Forcing endless battles is banned
|rule|Species Clause: Limit one of each Pokémon
|rule|OHKO Clause: OHKO moves are banned
|rule|Evasion Items Clause: Evasion items are banned
|rule|Evasion Moves Clause: Evasion moves are banned
|rule|Sleep Moves Clause: Sleep-inducing moves are banned
|clearpoke
|poke|p1|Samurott-Hisui, F|
|poke|p1|Iron Valiant|
|poke|p1|Pecharunt|
|poke|p1|Reuniclus, F|
|poke|p1|Darkrai|
|poke|p1|Kingambit, F|
|poke|p2|Dragapult, M|
|poke|p2|Slowking-Galar, F|
|poke|p2|Landorus-Therian, M|
|poke|p2|Iron Valiant|
|poke|p2|Cinderace, F|
|poke|p2|Kingambit, F|
|teampreview
|
|t:|1743778757
|start
|switch|p1a: Valediction|Samurott-Hisui, F|100/100
|switch|p2a: Dragapult|Dragapult, M|100/100
|turn|1
|inactive|Battle timer is ON: inactive players will automatically lose when time's up. (requested by ugcyc)
|inactive|vacheron has 120 seconds left.
|
|t:|1743778815
|move|p2a: Dragapult|U-turn|p1a: Valediction
|-supereffective|p1a: Valediction
|-crit|p1a: Valediction
|-enditem|p1a: Valediction|Focus Sash
|-damage|p1a: Valediction|1/100
|
|t:|1743778819
|switch|p2a: Landorus|Landorus-Therian, M|100/100|[from] U-turn
|-ability|p2a: Landorus|Intimidate|boost
|-unboost|p1a: Valediction|atk|1
|move|p1a: Valediction|Ceaseless Edge|p2a: Landorus|[miss]
|-miss|p1a: Valediction|p2a: Landorus
|
|upkeep
|turn|2
|
|t:|1743778836
|move|p1a: Valediction|Razor Shell|p2a: Landorus
|-supereffective|p2a: Landorus
|-damage|p2a: Landorus|53/100
|-damage|p1a: Valediction|0 fnt|[from] item: Rocky Helmet|[of] p2a: Landorus
|faint|p1a: Valediction
|move|p2a: Landorus|Stealth Rock|p1: Valediction
|-sidestart|p1: vacheron|move: Stealth Rock
|
|upkeep
|
|t:|1743778841
|switch|p1a: Scarlet Devil|Darkrai|100/100
|-damage|p1a: Scarlet Devil|88/100|[from] Stealth Rock
|turn|3
|
|t:|1743778846
|switch|p2a: Slowking|Slowking-Galar, F|100/100
|move|p1a: Scarlet Devil|Ice Beam|p2a: Slowking
|-damage|p2a: Slowking|82/100
|
|upkeep
|turn|4
|
|t:|1743778856
|-terastallize|p1a: Scarlet Devil|Dark
|move|p1a: Scarlet Devil|Knock Off|p2a: Slowking
|-supereffective|p2a: Slowking
|-damage|p2a: Slowking|0 fnt
|-enditem|p2a: Slowking|Heavy-Duty Boots|[from] move: Knock Off|[of] p1a: Scarlet Devil
|faint|p2a: Slowking
|
|upkeep
|
|t:|1743778859
|switch|p2a: Dragapult|Dragapult, M|100/100
|turn|5
|
|t:|1743778863
|move|p1a: Scarlet Devil|Sucker Punch|p2a: Dragapult
|-supereffective|p2a: Dragapult
|-damage|p2a: Dragapult|0 fnt
|faint|p2a: Dragapult
|
|upkeep
|
|t:|1743778873
|switch|p2a: Iron Valiant|Iron Valiant|100/100
|-enditem|p2a: Iron Valiant|Booster Energy
|-activate|p2a: Iron Valiant|ability: Quark Drive|[fromitem]
|-start|p2a: Iron Valiant|quarkdrivespe
|turn|6
|j| TheTyranitard
|
|t:|1743778882
|switch|p1a: Azathoth|Pecharunt|100/100
|-damage|p1a: Azathoth|88/100|[from] Stealth Rock
|move|p2a: Iron Valiant|Calm Mind|p2a: Iron Valiant
|-boost|p2a: Iron Valiant|spa|1
|-boost|p2a: Iron Valiant|spd|1
|
|upkeep
|turn|7
|
|t:|1743778890
|-terastallize|p2a: Iron Valiant|Steel
|move|p2a: Iron Valiant|Calm Mind|p2a: Iron Valiant
|-boost|p2a: Iron Valiant|spa|1
|-boost|p2a: Iron Valiant|spd|1
|move|p1a: Azathoth|Malignant Chain|p2a: Iron Valiant
|-immune|p2a: Iron Valiant
|
|upkeep
|turn|8
|
|t:|1743778894
|move|p2a: Iron Valiant|Calm Mind|p2a: Iron Valiant
|-boost|p2a: Iron Valiant|spa|1
|-boost|p2a: Iron Valiant|spd|1
|move|p1a: Azathoth|Shadow Ball|p2a: Iron Valiant
|-damage|p2a: Iron Valiant|74/100
|-unboost|p2a: Iron Valiant|spd|1
|
|upkeep
|turn|9
|
|t:|1743778896
|move|p2a: Iron Valiant|Shadow Ball|p1a: Azathoth
|-supereffective|p1a: Azathoth
|-damage|p1a: Azathoth|0 fnt
|faint|p1a: Azathoth
|
|upkeep
|
|t:|1743778906
|switch|p1a: Metastasis|Reuniclus, F|100/100
|turn|10
|
|t:|1743778910
|move|p2a: Iron Valiant|Shadow Ball|p1a: Metastasis
|-supereffective|p1a: Metastasis
|-damage|p1a: Metastasis|0 fnt
|faint|p1a: Metastasis
|
|upkeep
|
|t:|1743778912
|switch|p1a: Scarlet Devil|Darkrai, tera:Dark|88/100
|-damage|p1a: Scarlet Devil|76/100|[from] Stealth Rock
|turn|11
|
|t:|1743778918
|move|p1a: Scarlet Devil|Sucker Punch|p2a: Iron Valiant
|-damage|p2a: Iron Valiant|24/100
|move|p2a: Iron Valiant|Moonblast|p1a: Scarlet Devil
|-supereffective|p1a: Scarlet Devil
|-damage|p1a: Scarlet Devil|0 fnt
|faint|p1a: Scarlet Devil
|
|upkeep
|
|t:|1743778922
|switch|p1a: Murasama|Kingambit, F|100/100
|-damage|p1a: Murasama|94/100|[from] Stealth Rock
|-activate|p1a: Murasama|ability: Supreme Overlord
|-start|p1a: Murasama|fallen4|[silent]
|turn|12
|
|t:|1743778927
|move|p1a: Murasama|Sucker Punch|p2a: Iron Valiant
|-crit|p2a: Iron Valiant
|-damage|p2a: Iron Valiant|0 fnt
|faint|p2a: Iron Valiant
|-end|p2a: Iron Valiant|Quark Drive|[silent]
|
|upkeep
|
|t:|1743778937
|switch|p2a: Landorus|Landorus-Therian, M|53/100
|-ability|p2a: Landorus|Intimidate|boost
|-unboost|p1a: Murasama|atk|1
|turn|13
|
|t:|1743778950
|move|p2a: Landorus|Earth Power|p1a: Murasama
|-supereffective|p1a: Murasama
|-damage|p1a: Murasama|37/100
|-enditem|p1a: Murasama|Weakness Policy
|-boost|p1a: Murasama|atk|2|[from] item: Weakness Policy
|-boost|p1a: Murasama|spa|2|[from] item: Weakness Policy
|move|p1a: Murasama|Kowtow Cleave|p2a: Landorus
|-damage|p2a: Landorus|0 fnt
|-damage|p1a: Murasama|21/100|[from] item: Rocky Helmet|[of] p2a: Landorus
|faint|p2a: Landorus
|
|upkeep
|
|t:|1743778957
|switch|p2a: Kingambit|Kingambit, F|100/100
|-activate|p2a: Kingambit|ability: Supreme Overlord
|-start|p2a: Kingambit|fallen4|[silent]
|turn|14
|
|t:|1743778962
|move|p2a: Kingambit|Sucker Punch|p1a: Murasama
|-resisted|p1a: Murasama
|-damage|p1a: Murasama|0 fnt
|faint|p1a: Murasama
|-end|p1a: Murasama|fallen4|[silent]
|
|upkeep
|
|t:|1743778964
|switch|p1a: Mani Katti|Iron Valiant|100/100
|-damage|p1a: Mani Katti|94/100|[from] Stealth Rock
|-enditem|p1a: Mani Katti|Booster Energy
|-activate|p1a: Mani Katti|ability: Quark Drive|[fromitem]
|-start|p1a: Mani Katti|quarkdrivespa
|turn|15
|
|t:|1743778966
|move|p1a: Mani Katti|Vacuum Wave|p2a: Kingambit
|-supereffective|p2a: Kingambit
|-damage|p2a: Kingambit|0 fnt
|faint|p2a: Kingambit
|-end|p2a: Kingambit|fallen4|[silent]
|
|upkeep
|
|t:|1743778969
|switch|p2a: Cinderace|Cinderace, F|100/100
|turn|16
|
|t:|1743778975
|move|p2a: Cinderace|Pyro Ball|p1a: Mani Katti|[miss]
|-miss|p2a: Cinderace|p1a: Mani Katti
|move|p1a: Mani Katti|Shadow Ball|p2a: Cinderace
|-damage|p2a: Cinderace|45/100
|
|upkeep
|turn|17
|
|t:|1743778981
|move|p1a: Mani Katti|Vacuum Wave|p2a: Cinderace
|-damage|p2a: Cinderace|3/100
|move|p2a: Cinderace|Pyro Ball|p1a: Mani Katti
|-damage|p1a: Mani Katti|22/100
|
|upkeep
|turn|18
|c|☆ugcyc|gg
|c|☆vacheron|sry
|l| TheTyranitard
|c|☆ugcyc|Happens!
|-message|ugcyc forfeited.
|
|win|vacheron
|raw|vacheron's rating: 1627 &rarr; <strong>1648</strong><br />(+21 for winning)
|raw|ugcyc's rating: 1650 &rarr; <strong>1629</strong><br />(-21 for losing)
|l|☆ugcyc
|player|p2|
|l|☆vacheron
|player|p1|
