|j|☆ffej_luisao
|j|☆rising skies
|t:|1743874693
|gametype|singles
|player|p1|ffej_luisao|266|1351
|player|p2|rising skies|2|1421
|teamsize|p1|6
|teamsize|p2|6
|gen|9
|tier|[Gen 9] OU
|rated|
|rule|HP Percentage Mod: HP is shown in percentages
|rule|Endless Battle Clause: Forcing endless battles is banned
|rule|Species Clause: Limit one of each Pokémon
|rule|OHKO Clause: OHKO moves are banned
|rule|Evasion Items Clause: Evasion items are banned
|rule|Evasion Moves Clause: Evasion moves are banned
|rule|Sleep Moves Clause: Sleep-inducing moves are banned
|clearpoke
|poke|p1|Primarina, F|
|poke|p1|Great Tusk|
|poke|p1|Dragapult, M|
|poke|p1|Gholdengo|
|poke|p1|Heatran, F|
|poke|p1|Dragonite, F|
|poke|p2|Iron Crown|
|poke|p2|Electivire, F|
|poke|p2|Great Tusk|
|poke|p2|Lokix, F|
|poke|p2|Ninetales-Alola, F|
|poke|p2|Thundurus, M|
|teampreview
|inactive|Battle timer is ON: inactive players will automatically lose when time's up. (requested by rising skies)
|
|t:|1743874720
|start
|switch|p1a: Gholdengo|Gholdengo|100/100
|switch|p2a: Thundurus|Thundurus, M, shiny|100/100
|turn|1
|
|t:|1743874728
|move|p1a: Gholdengo|Shadow Ball|p2a: Thundurus
|-damage|p2a: Thundurus|47/100
|move|p2a: Thundurus|Thunderbolt|p1a: Gholdengo
|-damage|p1a: Gholdengo|46/100
|
|upkeep
|turn|2
|
|t:|1743874749
|switch|p2a: Ninetales|Ninetales-Alola, F|100/100
|-weather|Snowscape|[from] ability: Snow Warning|[of] p2a: Ninetales
|move|p1a: Gholdengo|Shadow Ball|p2a: Ninetales
|-damage|p2a: Ninetales|57/100
|
|-weather|Snowscape|[upkeep]
|upkeep
|turn|3
|
|t:|1743874756
|move|p1a: Gholdengo|Shadow Ball|p2a: Ninetales
|-damage|p2a: Ninetales|15/100
|-unboost|p2a: Ninetales|spd|1
|move|p2a: Ninetales|Aurora Veil|p2a: Ninetales
|-sidestart|p2: rising skies|move: Aurora Veil
|
|-weather|Snowscape|[upkeep]
|upkeep
|turn|4
|
|t:|1743874765
|move|p1a: Gholdengo|Shadow Ball|p2a: Ninetales
|-damage|p2a: Ninetales|0 fnt
|faint|p2a: Ninetales
|
|-weather|Snowscape|[upkeep]
|upkeep
|
|t:|1743874790
|switch|p2a: Thundurus|Thundurus, M, shiny|47/100
|turn|5
|
|t:|1743874796
|switch|p1a: Dragonite|Dragonite, F|100/100
|move|p2a: Thundurus|Thunderbolt|p1a: Dragonite
|-damage|p1a: Dragonite|76/100
|
|-weather|Snowscape|[upkeep]
|upkeep
|turn|6
|
|t:|1743874805
|move|p2a: Thundurus|Thunder Wave|p1a: Dragonite
|-status|p1a: Dragonite|par
|move|p1a: Dragonite|Dragon Dance|p1a: Dragonite
|-boost|p1a: Dragonite|atk|1
|-boost|p1a: Dragonite|spe|1
|
|-weather|none
|upkeep
|turn|7
|
|t:|1743874812
|move|p2a: Thundurus|Nasty Plot|p2a: Thundurus
|-boost|p2a: Thundurus|spa|2
|cant|p1a: Dragonite|par
|
|upkeep
|turn|8
|
|t:|1743874821
|move|p1a: Dragonite|Extreme Speed|p2a: Thundurus
|-damage|p2a: Thundurus|10/100
|move|p2a: Thundurus|Thunderbolt|p1a: Dragonite
|-damage|p1a: Dragonite|0 fnt
|faint|p1a: Dragonite
|
|upkeep
|
|t:|1743874827
|switch|p1a: Gholdengo|Gholdengo|46/100
|turn|9
|
|t:|1743874834
|switch|p2a: Electivire|Electivire, F|100/100
|move|p1a: Gholdengo|Shadow Ball|p2a: Electivire
|-crit|p2a: Electivire
|-damage|p2a: Electivire|8/100
|
|upkeep
|turn|10
|
|t:|1743874842
|move|p1a: Gholdengo|Shadow Ball|p2a: Electivire
|-damage|p2a: Electivire|0 fnt
|faint|p2a: Electivire
|
|-sideend|p2: rising skies|move: Aurora Veil
|upkeep
|
|t:|1743874849
|switch|p2a: Lokix|Lokix, F|100/100
|turn|11
|
|t:|1743874855
|switch|p1a: Great Tusk|Great Tusk|100/100
|move|p2a: Lokix|Swords Dance|p2a: Lokix
|-boost|p2a: Lokix|atk|2
|
|upkeep
|turn|12
|
|t:|1743874869
|move|p2a: Lokix|Swords Dance|p2a: Lokix
|-boost|p2a: Lokix|atk|2
|move|p1a: Great Tusk|Knock Off|p2a: Lokix
|-resisted|p2a: Lokix
|-damage|p2a: Lokix|78/100
|-enditem|p2a: Lokix|Focus Sash|[from] move: Knock Off|[of] p1a: Great Tusk
|
|upkeep
|turn|13
|
|t:|1743874885
|move|p2a: Lokix|Leech Life|p1a: Great Tusk
|-resisted|p1a: Great Tusk
|-damage|p1a: Great Tusk|20/100
|-heal|p2a: Lokix|100/100|[from] drain|[of] p1a: Great Tusk
|move|p1a: Great Tusk|Earthquake|p2a: Lokix
|-resisted|p2a: Lokix
|-damage|p2a: Lokix|58/100
|
|-heal|p1a: Great Tusk|27/100|[from] item: Leftovers
|upkeep
|turn|14
|
|t:|1743874894
|move|p2a: Lokix|Swords Dance|p2a: Lokix
|-boost|p2a: Lokix|atk|2
|move|p1a: Great Tusk|Ice Spinner|p2a: Lokix
|-damage|p2a: Lokix|14/100
|
|-heal|p1a: Great Tusk|33/100|[from] item: Leftovers
|upkeep
|turn|15
|
|t:|1743874904
|move|p2a: Lokix|Trailblaze|p1a: Great Tusk
|-supereffective|p1a: Great Tusk
|-damage|p1a: Great Tusk|0 fnt
|-boost|p2a: Lokix|spe|1
|faint|p1a: Great Tusk
|-end|p1a: Great Tusk|Protosynthesis|[silent]
|
|upkeep
|inactive|ffej_luisao has 120 seconds left.
|
|t:|1743874947
|switch|p1a: Dragapult|Dragapult, M|100/100
|turn|16
|
|t:|1743874965
|-terastallize|p1a: Dragapult|Fairy
|move|p2a: Lokix|Leech Life|p1a: Dragapult
|-resisted|p1a: Dragapult
|-damage|p1a: Dragapult|0 fnt
|-heal|p2a: Lokix|70/100|[from] drain|[of] p1a: Dragapult
|faint|p1a: Dragapult
|
|upkeep
|
|t:|1743874972
|switch|p1a: Heatran|Heatran, F|100/100
|-item|p1a: Heatran|Air Balloon
|turn|17
|
|t:|1743874976
|move|p2a: Lokix|Sucker Punch|p1a: Heatran
|-damage|p1a: Heatran|0 fnt
|-enditem|p1a: Heatran|Air Balloon
|faint|p1a: Heatran
|
|upkeep
|-message|ffej_luisao forfeited.
|
|win|rising skies
|raw|ffej_luisao's rating: 1351 &rarr; <strong>1335</strong><br />(-16 for losing)
|raw|rising skies's rating: 1421 &rarr; <strong>1437</strong><br />(+16 for winning)
|l|☆ffej_luisao
|player|p1|
|l|☆rising skies
|player|p2|
