|j|☆coconutwader
|j|☆Amaroviic_
|t:|1743862394
|gametype|singles
|player|p1|coconutwader|blue|1187
|player|p2|Amaroviic_|170|1226
|teamsize|p1|6
|teamsize|p2|6
|gen|9
|tier|[Gen 9] OU
|rated|
|rule|HP Percentage Mod: HP is shown in percentages
|rule|Endless Battle Clause: Forcing endless battles is banned
|rule|Species Clause: Limit one of each Pokémon
|rule|OHKO Clause: OHKO moves are banned
|rule|Evasion Items Clause: Evasion items are banned
|rule|Evasion Moves Clause: Evasion moves are banned
|rule|Sleep Moves Clause: Sleep-inducing moves are banned
|clearpoke
|poke|p1|Pincurchin, M|
|poke|p1|Iron Valiant|
|poke|p1|Iron Moth|
|poke|p1|Ninetales, F|
|poke|p1|Walking Wake|
|poke|p1|Great Tusk|
|poke|p2|Ogerpon, F|
|poke|p2|Salamence, M|
|poke|p2|Lokix, M|
|poke|p2|Oricorio-Pom-Pom, F|
|poke|p2|Gallade, M|
|poke|p2|Whimsicott, F|
|teampreview
|
|t:|1743862411
|start
|switch|p1a: Ninetales|Ninetales, F|100/100
|switch|p2a: Oricorio|Oricorio-Pom-Pom, F, shiny|100/100
|-weather|SunnyDay|[from] ability: Drought|[of] p1a: Ninetales
|turn|1
|
|t:|1743862424
|move|p1a: Ninetales|Weather Ball|p2a: Oricorio
|-damage|p2a: Oricorio|37/100
|move|p2a: Oricorio|Quiver Dance|p2a: Oricorio
|-boost|p2a: Oricorio|spa|1
|-boost|p2a: Oricorio|spd|1
|-boost|p2a: Oricorio|spe|1
|
|-weather|SunnyDay|[upkeep]
|upkeep
|turn|2
|
|t:|1743862431
|move|p2a: Oricorio|Roost|p2a: Oricorio
|-heal|p2a: Oricorio|87/100
|-singleturn|p2a: Oricorio|move: Roost
|move|p1a: Ninetales|Weather Ball|p2a: Oricorio
|-damage|p2a: Oricorio|42/100
|
|-weather|SunnyDay|[upkeep]
|upkeep
|turn|3
|
|t:|1743862439
|move|p2a: Oricorio|Roost|p2a: Oricorio
|-heal|p2a: Oricorio|93/100
|-singleturn|p2a: Oricorio|move: Roost
|move|p1a: Ninetales|Encore|p2a: Oricorio
|-start|p2a: Oricorio|Encore
|
|-weather|SunnyDay|[upkeep]
|upkeep
|turn|4
|
|t:|1743862446
|switch|p1a: Walking Wake|Walking Wake|100/100
|-activate|p1a: Walking Wake|ability: Protosynthesis
|-start|p1a: Walking Wake|protosynthesisspe
|move|p2a: Oricorio|Roost|p2a: Oricorio
|-heal|p2a: Oricorio|100/100
|-singleturn|p2a: Oricorio|move: Roost
|
|-weather|SunnyDay|[upkeep]
|upkeep
|turn|5
|
|t:|1743862454
|switch|p2a: Whimsicott|Whimsicott, F, shiny|100/100
|move|p1a: Walking Wake|Hydro Steam|p2a: Whimsicott
|-resisted|p2a: Whimsicott
|-damage|p2a: Whimsicott|35/100
|
|-weather|SunnyDay|[upkeep]
|upkeep
|turn|6
|
|t:|1743862465
|move|p2a: Whimsicott|Tailwind|p2a: Whimsicott
|-sidestart|p2: Amaroviic_|move: Tailwind
|move|p1a: Walking Wake|Hydro Steam|p2a: Whimsicott
|-resisted|p2a: Whimsicott
|-damage|p2a: Whimsicott|0 fnt
|faint|p2a: Whimsicott
|
|-weather|SunnyDay|[upkeep]
|upkeep
|
|t:|1743862476
|switch|p2a: Gallade|Gallade, M, shiny|100/100
|turn|7
|
|t:|1743862483
|-terastallize|p1a: Walking Wake|Water
|-terastallize|p2a: Gallade|Fighting
|move|p1a: Walking Wake|Hydro Steam|p2a: Gallade
|-damage|p2a: Gallade|0 fnt
|faint|p2a: Gallade
|
|-weather|SunnyDay|[upkeep]
|upkeep
|
|t:|1743862505
|switch|p2a: Ogerpon|Ogerpon, F|100/100
|turn|8
|
|t:|1743862523
|switch|p2a: Oricorio|Oricorio-Pom-Pom, F, shiny|100/100
|-end|p1a: Walking Wake|Protosynthesis|[silent]
|switch|p1a: Ninetales|Ninetales, F|100/100
|
|-weather|none
|upkeep
|turn|9
|
|t:|1743862533
|switch|p1a: Pincurchin|Pincurchin, M|100/100
|-fieldstart|move: Electric Terrain|[from] ability: Electric Surge|[of] p1a: Pincurchin
|move|p2a: Oricorio|Quiver Dance|p2a: Oricorio
|-boost|p2a: Oricorio|spa|1
|-boost|p2a: Oricorio|spd|1
|-boost|p2a: Oricorio|spe|1
|
|-sideend|p2: Amaroviic_|move: Tailwind
|upkeep
|turn|10
|
|t:|1743862547
|move|p2a: Oricorio|Hurricane|p1a: Pincurchin
|-resisted|p1a: Pincurchin
|-damage|p1a: Pincurchin|37/100
|-damage|p2a: Oricorio|91/100|[from] item: Life Orb
|move|p1a: Pincurchin|Scald|p2a: Oricorio
|-damage|p2a: Oricorio|74/100
|-status|p2a: Oricorio|brn
|
|-damage|p2a: Oricorio|68/100 brn|[from] brn
|upkeep
|turn|11
|
|t:|1743862557
|move|p2a: Oricorio|Quiver Dance|p2a: Oricorio
|-boost|p2a: Oricorio|spa|1
|-boost|p2a: Oricorio|spd|1
|-boost|p2a: Oricorio|spe|1
|move|p1a: Pincurchin|Scald|p2a: Oricorio
|-damage|p2a: Oricorio|55/100 brn
|
|-damage|p2a: Oricorio|49/100 brn|[from] brn
|upkeep
|turn|12
|
|t:|1743862576
|move|p2a: Oricorio|Roost|p2a: Oricorio
|-heal|p2a: Oricorio|99/100 brn
|-singleturn|p2a: Oricorio|move: Roost
|move|p1a: Pincurchin|Discharge|p2a: Oricorio
|-resisted|p2a: Oricorio
|-damage|p2a: Oricorio|86/100 brn
|
|-damage|p2a: Oricorio|80/100 brn|[from] brn
|upkeep
|turn|13
|
|t:|1743862587
|move|p2a: Oricorio|Quiver Dance|p2a: Oricorio
|-boost|p2a: Oricorio|spa|1
|-boost|p2a: Oricorio|spd|1
|-boost|p2a: Oricorio|spe|1
|move|p1a: Pincurchin|Recover|p1a: Pincurchin
|-heal|p1a: Pincurchin|87/100
|
|-damage|p2a: Oricorio|73/100 brn|[from] brn
|upkeep
|turn|14
|-message|coconutwader forfeited.
|
|win|Amaroviic_
|raw|coconutwader's rating: 1187 &rarr; <strong>1165</strong><br />(-22 for losing)
|raw|Amaroviic_'s rating: 1226 &rarr; <strong>1248</strong><br />(+22 for winning)
|l|☆coconutwader
|player|p1|
|l|☆Amaroviic_
|player|p2|
