|j|☆Gyroball certified
|j|☆Girafiger513
|t:|1743792623
|gametype|singles
|player|p1|Gyroball certified|266|1251
|player|p2|Girafiger513|101|1149
|teamsize|p1|6
|teamsize|p2|6
|gen|9
|tier|[Gen 9] OU
|rated|
|rule|HP Percentage Mod: HP is shown in percentages
|rule|Endless Battle Clause: Forcing endless battles is banned
|rule|Species Clause: Limit one of each Pokémon
|rule|OHKO Clause: OHKO moves are banned
|rule|Evasion Items Clause: Evasion items are banned
|rule|Evasion Moves Clause: Evasion moves are banned
|rule|Sleep Moves Clause: Sleep-inducing moves are banned
|clearpoke
|poke|p1|Meloetta|
|poke|p1|Alomomola, F|
|poke|p1|Gliscor, M|
|poke|p1|Dragapult, F|
|poke|p1|Okidogi, M|
|poke|p1|Hoopa-Unbound|
|poke|p2|Cinderace, M|
|poke|p2|Metagross|
|poke|p2|Lucario, F|
|poke|p2|Swampert, F|
|poke|p2|Goodra, F|
|poke|p2|Dragapult, M|
|teampreview
|inactive|Battle timer is ON: inactive players will automatically lose when time's up. (requested by Girafiger513)
|
|t:|1743792639
|start
|switch|p1a: ohantasma|Dragapult, F|100/100
|switch|p2a: Swampert|Swampert, F|100/100
|turn|1
|
|t:|1743792646
|move|p1a: ohantasma|Dragon Darts|p2a: Swampert
|-damage|p2a: Swampert|63/100
|-anim|p1a: ohantasma|Dragon Darts|p2a: Swampert
|-damage|p2a: Swampert|25/100
|move|p2a: Swampert|Knock Off|p1a: ohantasma
|-supereffective|p1a: ohantasma
|-damage|p1a: ohantasma|4/100
|-enditem|p1a: ohantasma|Choice Band|[from] move: Knock Off|[of] p2a: Swampert
|
|upkeep
|turn|2
|
|t:|1743792659
|move|p1a: ohantasma|U-turn|p2a: Swampert
|-damage|p2a: Swampert|0 fnt
|faint|p2a: Swampert
|
|t:|1743792664
|switch|p1a: dracula|Gliscor, M|100/100|[from] U-turn
|
|-status|p1a: dracula|tox|[from] item: Toxic Orb
|upkeep
|
|t:|1743792670
|switch|p2a: Metagross|Metagross, shiny|100/100
|turn|3
|
|t:|1743792675
|move|p1a: dracula|Stealth Rock|p2a: Metagross
|-sidestart|p2: Girafiger513|move: Stealth Rock
|move|p2a: Metagross|Agility|p2a: Metagross
|-boost|p2a: Metagross|spe|2
|
|upkeep
|turn|4
|
|t:|1743792684
|switch|p1a: Doctor|Alomomola, F|100/100
|move|p2a: Metagross|Heavy Slam|p1a: Doctor
|-resisted|p1a: Doctor
|-damage|p1a: Doctor|86/100
|
|upkeep
|turn|5
|inactive|Girafiger513 has 120 seconds left.
|
|t:|1743792721
|switch|p2a: Goodra|Goodra, F|100/100
|-damage|p2a: Goodra|88/100|[from] Stealth Rock
|move|p1a: Doctor|Scald|p2a: Goodra
|-resisted|p2a: Goodra
|-damage|p2a: Goodra|83/100
|
|-heal|p2a: Goodra|90/100|[from] item: Leftovers
|upkeep
|turn|6
|inactive|Girafiger513 has 120 seconds left.
|
|t:|1743792733
|switch|p1a: opera|Meloetta|100/100
|move|p2a: Goodra|Power Whip|p1a: opera
|-damage|p1a: opera|59/100
|
|-heal|p2a: Goodra|96/100|[from] item: Leftovers
|upkeep
|turn|7
|inactive|Girafiger513 has 120 seconds left.
|
|t:|1743792742
|move|p2a: Goodra|Knock Off|p1a: opera
|-supereffective|p1a: opera
|-damage|p1a: opera|0 fnt
|-enditem|p1a: opera|Assault Vest|[from] move: Knock Off|[of] p2a: Goodra
|faint|p1a: opera
|
|-heal|p2a: Goodra|100/100|[from] item: Leftovers
|upkeep
|
|t:|1743792751
|switch|p1a: ohantasma|Dragapult, F|4/100
|turn|8
|
|t:|1743792759
|move|p1a: ohantasma|Dragon Darts|p2a: Goodra
|-supereffective|p2a: Goodra
|-damage|p2a: Goodra|25/100
|-anim|p1a: ohantasma|Dragon Darts|p2a: Goodra
|-supereffective|p2a: Goodra
|-damage|p2a: Goodra|0 fnt
|faint|p2a: Goodra
|
|upkeep
|
|t:|1743792767
|switch|p2a: Cinderace|Cinderace, M|100/100
|turn|9
|
|t:|1743792772
|switch|p1a: Doctor|Alomomola, F|100/100
|switch|p2a: Metagross|Metagross, shiny|100/100
|-damage|p2a: Metagross|94/100|[from] Stealth Rock
|
|upkeep
|turn|10
|
|t:|1743792788
|move|p2a: Metagross|Psychic Fangs|p1a: Doctor
|-damage|p1a: Doctor|80/100
|move|p1a: Doctor|Scald|p2a: Metagross
|-damage|p2a: Metagross|80/100
|-status|p2a: Metagross|brn
|
|-damage|p2a: Metagross|74/100 brn|[from] brn
|upkeep
|turn|11
|
|t:|1743792798
|switch|p2a: Dragapult|Dragapult, M|100/100
|-damage|p2a: Dragapult|88/100|[from] Stealth Rock
|move|p1a: Doctor|Wish|p1a: Doctor
|
|upkeep
|turn|12
|
|t:|1743792805
|move|p2a: Dragapult|Thunderbolt|p1a: Doctor
|-supereffective|p1a: Doctor
|-damage|p1a: Doctor|0 fnt
|faint|p1a: Doctor
|
|upkeep
|
|t:|1743792810
|switch|p1a: ohantasma|Dragapult, F|4/100
|turn|13
|
|t:|1743792815
|move|p1a: ohantasma|Sucker Punch|p2a: Dragapult
|-supereffective|p2a: Dragapult
|-damage|p2a: Dragapult|22/100
|move|p2a: Dragapult|Thunderbolt|p1a: ohantasma
|-resisted|p1a: ohantasma
|-damage|p1a: ohantasma|0 fnt
|faint|p1a: ohantasma
|
|upkeep
|
|t:|1743792822
|switch|p1a: hoopa gamgam style|Hoopa-Unbound|100/100
|turn|14
|
|t:|1743792834
|move|p1a: hoopa gamgam style|Zen Headbutt|p2a: Dragapult
|-damage|p2a: Dragapult|0 fnt
|faint|p2a: Dragapult
|
|upkeep
|c|☆Gyroball certified|hoopa gamgam style
|
|t:|1743792856
|switch|p2a: Cinderace|Cinderace, M|100/100
|turn|15
|l|☆Girafiger513
|inactive|Girafiger513 disconnected and has a minute to reconnect!
|player|p2|
|j|☆Girafiger513
|inactive|Girafiger513 reconnected and has 110 seconds left.
|player|p2|Girafiger513|101|
|
|t:|1743792896
|switch|p1a: big dawg|Okidogi, M|100/100
|move|p2a: Cinderace|U-turn|p1a: big dawg
|-start|p2a: Cinderace|typechange|Bug|[from] ability: Libero
|-resisted|p1a: big dawg
|-damage|p1a: big dawg|94/100
|
|t:|1743792905
|switch|p2a: Metagross|Metagross, shiny|74/100 brn|[from] U-turn
|-damage|p2a: Metagross|68/100 brn|[from] Stealth Rock
|
|-heal|p1a: big dawg|99/100|[from] item: Leftovers
|-damage|p2a: Metagross|62/100 brn|[from] brn
|upkeep
|turn|16
|
|t:|1743792928
|-terastallize|p2a: Metagross|Ground
|move|p2a: Metagross|Earthquake|p1a: big dawg
|-supereffective|p1a: big dawg
|-damage|p1a: big dawg|67/100
|move|p1a: big dawg|Bulk Up|p1a: big dawg
|-boost|p1a: big dawg|atk|1
|-boost|p1a: big dawg|def|1
|
|-heal|p1a: big dawg|73/100|[from] item: Leftovers
|-damage|p2a: Metagross|56/100 brn|[from] brn
|upkeep
|turn|17
|
|t:|1743792940
|move|p2a: Metagross|Psychic Fangs|p1a: big dawg
|-supereffective|p1a: big dawg
|-damage|p1a: big dawg|35/100
|move|p1a: big dawg|Drain Punch|p2a: Metagross
|-damage|p2a: Metagross|25/100 brn
|-heal|p1a: big dawg|48/100|[from] drain|[of] p2a: Metagross
|
|-heal|p1a: big dawg|54/100|[from] item: Leftovers
|-damage|p2a: Metagross|19/100 brn|[from] brn
|upkeep
|turn|18
|
|t:|1743792954
|-terastallize|p1a: big dawg|Poison
|move|p2a: Metagross|Psychic Fangs|p1a: big dawg
|-supereffective|p1a: big dawg
|-damage|p1a: big dawg|34/100
|move|p1a: big dawg|Drain Punch|p2a: Metagross
|-damage|p2a: Metagross|0 fnt
|-heal|p1a: big dawg|42/100|[from] drain|[of] p2a: Metagross
|faint|p2a: Metagross
|
|-heal|p1a: big dawg|48/100|[from] item: Leftovers
|upkeep
|
|t:|1743792967
|switch|p2a: Lucario|Lucario, F, shiny|100/100
|-damage|p2a: Lucario|98/100|[from] Stealth Rock
|turn|19
|
|t:|1743792982
|move|p2a: Lucario|Flash Cannon|p1a: big dawg
|-damage|p1a: big dawg|8/100
|-damage|p2a: Lucario|88/100|[from] item: Life Orb
|move|p1a: big dawg|Drain Punch|p2a: Lucario
|-supereffective|p2a: Lucario
|-damage|p2a: Lucario|0 fnt
|-heal|p1a: big dawg|40/100|[from] drain|[of] p2a: Lucario
|faint|p2a: Lucario
|
|-heal|p1a: big dawg|46/100|[from] item: Leftovers
|upkeep
|c|☆Gyroball certified|he got that bulk in him
|
|t:|1743792994
|switch|p2a: Cinderace|Cinderace, M|100/100
|turn|20
|
|t:|1743792998
|move|p2a: Cinderace|Pyro Ball|p1a: big dawg|[miss]
|-miss|p2a: Cinderace|p1a: big dawg
|move|p1a: big dawg|Drain Punch|p2a: Cinderace
|-damage|p2a: Cinderace|28/100
|-heal|p1a: big dawg|75/100|[from] drain|[of] p2a: Cinderace
|-status|p2a: Cinderace|tox|[from] ability: Toxic Chain|[of] p1a: big dawg
|
|-heal|p1a: big dawg|81/100|[from] item: Leftovers
|-damage|p2a: Cinderace|22/100 tox|[from] psn
|upkeep
|turn|21
|inactive|Girafiger513 has 120 seconds left.
|-message|Girafiger513 forfeited.
|
|win|Gyroball certified
|raw|Gyroball certified's rating: 1251 &rarr; <strong>1269</strong><br />(+18 for winning)
|raw|Girafiger513's rating: 1149 &rarr; <strong>1131</strong><br />(-18 for losing)
|l|☆Girafiger513
|player|p2|
