|j|‽imstr8ballin
|j|☆DiceyRice
|t:|1743890460
|gametype|singles
|player|p1|imstr8ballin|101|1593
|player|p2|DiceyRice|miku-psychic|1599
|teamsize|p1|6
|teamsize|p2|6
|gen|9
|tier|[Gen 9] OU
|rated|
|rule|HP Percentage Mod: HP is shown in percentages
|rule|Endless Battle Clause: Forcing endless battles is banned
|rule|Species Clause: Limit one of each Pokémon
|rule|OHKO Clause: OHKO moves are banned
|rule|Evasion Items Clause: Evasion items are banned
|rule|Evasion Moves Clause: Evasion moves are banned
|rule|Sleep Moves Clause: Sleep-inducing moves are banned
|clearpoke
|poke|p1|Serperior, F|
|poke|p1|Tinkaton, F|
|poke|p1|Ceruledge, F|
|poke|p1|Gholdengo|
|poke|p1|Sandaconda, M|
|poke|p1|Zapdos|
|poke|p2|Comfey, M|
|poke|p2|Whimsicott, M|
|poke|p2|Iron Moth|
|poke|p2|Walking Wake|
|poke|p2|Great Tusk|
|poke|p2|Ninetales, F|
|teampreview
|
|t:|1743890479
|start
|switch|p1a: Sandaconda|Sandaconda, M|100/100
|switch|p2a: Iron Moth|Iron Moth|100/100
|-enditem|p2a: Iron Moth|Booster Energy
|-activate|p2a: Iron Moth|ability: Quark Drive|[fromitem]
|-start|p2a: Iron Moth|quarkdrivespa
|turn|1
|
|t:|1743890497
|move|p2a: Iron Moth|Overheat|p1a: Sandaconda
|-damage|p1a: Sandaconda|0 fnt
|-unboost|p2a: Iron Moth|spa|2
|faint|p1a: Sandaconda
|
|upkeep
|
|t:|1743890511
|switch|p1a: Serperior|Serperior, F|100/100
|turn|2
|
|t:|1743890516
|-terastallize|p1a: Serperior|Rock
|move|p1a: Serperior|Glare|p2a: Iron Moth
|-status|p2a: Iron Moth|par
|cant|p2a: Iron Moth|par
|
|upkeep
|turn|3
|
|t:|1743890522
|switch|p1a: Ceruledge|Ceruledge, F|100/100
|move|p2a: Iron Moth|Overheat|p1a: Ceruledge
|-start|p1a: Ceruledge|ability: Flash Fire
|
|upkeep
|turn|4
|
|t:|1743890526
|move|p1a: Ceruledge|Substitute|p1a: Ceruledge
|-start|p1a: Ceruledge|Substitute
|-damage|p1a: Ceruledge|76/100
|move|p2a: Iron Moth|Sludge Wave|p1a: Ceruledge
|-resisted|p1a: Ceruledge
|-activate|p1a: Ceruledge|move: Substitute|[damage]
|
|-heal|p1a: Ceruledge|82/100|[from] item: Leftovers
|upkeep
|turn|5
|
|t:|1743890532
|-end|p2a: Iron Moth|Quark Drive|[silent]
|switch|p2a: Walking Wake|Walking Wake|100/100
|move|p1a: Ceruledge|Swords Dance|p1a: Ceruledge
|-boost|p1a: Ceruledge|atk|2
|
|-heal|p1a: Ceruledge|88/100|[from] item: Leftovers
|upkeep
|turn|6
|
|t:|1743890537
|move|p2a: Walking Wake|Flip Turn|p1a: Ceruledge
|-supereffective|p1a: Ceruledge
|-end|p1a: Ceruledge|Substitute
|
|t:|1743890540
|-end|p2a: Walking Wake|Protosynthesis|[silent]
|switch|p2a: Iron Moth|Iron Moth|100/100 par|[from] Flip Turn
|move|p1a: Ceruledge|Disable||[still]
|-fail|p1a: Ceruledge
|
|-heal|p1a: Ceruledge|94/100|[from] item: Leftovers
|upkeep
|turn|7
|
|t:|1743890546
|-end|p2a: Iron Moth|Quark Drive|[silent]
|switch|p2a: Walking Wake|Walking Wake|100/100
|move|p1a: Ceruledge|Substitute|p1a: Ceruledge
|-start|p1a: Ceruledge|Substitute
|-damage|p1a: Ceruledge|70/100
|
|-heal|p1a: Ceruledge|76/100|[from] item: Leftovers
|upkeep
|turn|8
|
|t:|1743890549
|move|p2a: Walking Wake|Hydro Steam|p1a: Ceruledge
|-supereffective|p1a: Ceruledge
|-end|p1a: Ceruledge|Substitute
|move|p1a: Ceruledge|Bitter Blade|p2a: Walking Wake
|-resisted|p2a: Walking Wake
|-damage|p2a: Walking Wake|71/100
|-heal|p1a: Ceruledge|96/100|[from] drain|[of] p2a: Walking Wake
|
|-heal|p1a: Ceruledge|100/100|[from] item: Leftovers
|upkeep
|turn|9
|
|t:|1743890554
|-end|p1a: Ceruledge|ability: Flash Fire|[silent]
|switch|p1a: Serperior|Serperior, F, tera:Rock|100/100
|move|p2a: Walking Wake|Knock Off|p1a: Serperior
|-damage|p1a: Serperior|80/100
|-enditem|p1a: Serperior|Leftovers|[from] move: Knock Off|[of] p2a: Walking Wake
|
|upkeep
|turn|10
|
|t:|1743890559
|-end|p2a: Walking Wake|Protosynthesis|[silent]
|switch|p2a: Iron Moth|Iron Moth|100/100 par
|move|p1a: Serperior|Glare|p2a: Iron Moth
|-fail|p2a: Iron Moth|par
|
|upkeep
|turn|11
|
|t:|1743890568
|move|p1a: Serperior|Substitute|p1a: Serperior
|-start|p1a: Serperior|Substitute
|-damage|p1a: Serperior|55/100
|move|p2a: Iron Moth|Sludge Wave|p1a: Serperior
|-resisted|p1a: Serperior
|-end|p1a: Serperior|Substitute
|
|upkeep
|turn|12
|
|t:|1743890572
|move|p1a: Serperior|Glare|p2a: Iron Moth
|-fail|p2a: Iron Moth|par
|cant|p2a: Iron Moth|par
|
|upkeep
|turn|13
|
|t:|1743890575
|move|p1a: Serperior|Leaf Storm|p2a: Iron Moth|[miss]
|-miss|p1a: Serperior|p2a: Iron Moth
|move|p2a: Iron Moth|Sludge Wave|p1a: Serperior
|-resisted|p1a: Serperior
|-damage|p1a: Serperior|26/100
|
|upkeep
|turn|14
|
|t:|1743890578
|move|p1a: Serperior|Leaf Storm|p2a: Iron Moth
|-resisted|p2a: Iron Moth
|-damage|p2a: Iron Moth|89/100 par
|-boost|p1a: Serperior|spa|2
|move|p2a: Iron Moth|Sludge Wave|p1a: Serperior
|-resisted|p1a: Serperior
|-damage|p1a: Serperior|0 fnt
|faint|p1a: Serperior
|
|upkeep
|
|t:|1743890582
|switch|p1a: Gholdengo|Gholdengo|100/100
|turn|15
|
|t:|1743890586
|-end|p2a: Iron Moth|Quark Drive|[silent]
|switch|p2a: Ninetales|Ninetales, F|100/100
|-weather|SunnyDay|[from] ability: Drought|[of] p2a: Ninetales
|move|p1a: Gholdengo|Substitute|p1a: Gholdengo
|-start|p1a: Gholdengo|Substitute
|-damage|p1a: Gholdengo|76/100
|
|-weather|SunnyDay|[upkeep]
|-heal|p1a: Gholdengo|82/100|[from] item: Leftovers
|upkeep
|turn|16
|
|t:|1743890589
|move|p2a: Ninetales|Weather Ball|p1a: Gholdengo
|-supereffective|p1a: Gholdengo
|-end|p1a: Gholdengo|Substitute
|move|p1a: Gholdengo|Thunder Wave|p2a: Ninetales
|-status|p2a: Ninetales|par
|
|-weather|SunnyDay|[upkeep]
|-heal|p1a: Gholdengo|88/100|[from] item: Leftovers
|upkeep
|turn|17
|
|t:|1743890596
|move|p1a: Gholdengo|Substitute|p1a: Gholdengo
|-start|p1a: Gholdengo|Substitute
|-damage|p1a: Gholdengo|63/100
|move|p2a: Ninetales|Weather Ball|p1a: Gholdengo
|-supereffective|p1a: Gholdengo
|-end|p1a: Gholdengo|Substitute
|
|-weather|SunnyDay|[upkeep]
|-heal|p1a: Gholdengo|69/100|[from] item: Leftovers
|upkeep
|turn|18
|
|t:|1743890600
|switch|p1a: Ceruledge|Ceruledge, F|100/100
|switch|p2a: Great Tusk|Great Tusk|100/100
|-activate|p2a: Great Tusk|ability: Protosynthesis
|-start|p2a: Great Tusk|protosynthesisspe
|
|-weather|SunnyDay|[upkeep]
|upkeep
|turn|19
|
|t:|1743890608
|switch|p1a: Zapdos|Zapdos|100/100
|-ability|p1a: Zapdos|Pressure
|move|p2a: Great Tusk|Stealth Rock|p1a: Zapdos
|-sidestart|p1: imstr8ballin|move: Stealth Rock
|
|-weather|SunnyDay|[upkeep]
|upkeep
|turn|20
|
|t:|1743890615
|-end|p2a: Great Tusk|Protosynthesis|[silent]
|switch|p2a: Iron Moth|Iron Moth|89/100 par
|move|p1a: Zapdos|Hurricane|p2a: Iron Moth
|-damage|p2a: Iron Moth|42/100 par
|
|-weather|SunnyDay|[upkeep]
|upkeep
|turn|21
|
|t:|1743890622
|move|p1a: Zapdos|Substitute|p1a: Zapdos
|-start|p1a: Zapdos|Substitute
|-damage|p1a: Zapdos|75/100
|move|p2a: Iron Moth|Overheat|p1a: Zapdos
|-end|p1a: Zapdos|Substitute
|-unboost|p2a: Iron Moth|spa|2
|
|-weather|SunnyDay|[upkeep]
|-heal|p1a: Zapdos|82/100|[from] item: Leftovers
|upkeep
|turn|22
|
|t:|1743890627
|-end|p2a: Iron Moth|Quark Drive|[silent]
|switch|p2a: Comfey|Comfey, M|100/100
|move|p1a: Zapdos|Substitute|p1a: Zapdos
|-start|p1a: Zapdos|Substitute
|-damage|p1a: Zapdos|57/100
|
|-weather|none
|-heal|p1a: Zapdos|63/100|[from] item: Leftovers
|upkeep
|turn|23
|
|t:|1743890630
|switch|p2a: Ninetales|Ninetales, F|100/100 par
|-weather|SunnyDay|[from] ability: Drought|[of] p2a: Ninetales
|move|p1a: Zapdos|Discharge|p2a: Ninetales
|-damage|p2a: Ninetales|70/100 par
|
|-weather|SunnyDay|[upkeep]
|-heal|p1a: Zapdos|69/100|[from] item: Leftovers
|upkeep
|turn|24
|
|t:|1743890634
|move|p1a: Zapdos|Discharge|p2a: Ninetales
|-damage|p2a: Ninetales|35/100 par
|cant|p2a: Ninetales|par
|
|-weather|SunnyDay|[upkeep]
|-heal|p1a: Zapdos|75/100|[from] item: Leftovers
|upkeep
|turn|25
|
|t:|1743890644
|switch|p2a: Comfey|Comfey, M|100/100
|move|p1a: Zapdos|Discharge|p2a: Comfey
|-damage|p2a: Comfey|68/100
|-status|p2a: Comfey|par
|
|-weather|SunnyDay|[upkeep]
|-heal|p1a: Zapdos|82/100|[from] item: Leftovers
|upkeep
|turn|26
|
|t:|1743890647
|move|p1a: Zapdos|Discharge|p2a: Comfey
|-damage|p2a: Comfey|37/100 par
|move|p2a: Comfey|Growth|p2a: Comfey
|-boost|p2a: Comfey|atk|2
|-boost|p2a: Comfey|spa|2
|
|-weather|SunnyDay|[upkeep]
|-heal|p1a: Zapdos|88/100|[from] item: Leftovers
|upkeep
|turn|27
|
|t:|1743890654
|move|p2a: Comfey|Synthesis|p2a: Comfey
|-heal|p2a: Comfey|100/100 par
|move|p1a: Zapdos|Discharge|p2a: Comfey
|-damage|p2a: Comfey|65/100 par
|
|-weather|SunnyDay|[upkeep]
|-heal|p1a: Zapdos|94/100|[from] item: Leftovers
|upkeep
|turn|28
|
|t:|1743890658
|switch|p1a: Gholdengo|Gholdengo|69/100
|-damage|p1a: Gholdengo|63/100|[from] Stealth Rock
|cant|p2a: Comfey|par
|
|-weather|SunnyDay|[upkeep]
|-heal|p1a: Gholdengo|69/100|[from] item: Leftovers
|upkeep
|turn|29
|
|t:|1743890663
|move|p2a: Comfey|Draining Kiss|p1a: Gholdengo
|-resisted|p1a: Gholdengo
|-damage|p1a: Gholdengo|39/100
|-heal|p2a: Comfey|88/100 par|[from] drain|[of] p1a: Gholdengo
|-damage|p2a: Comfey|79/100 par|[from] item: Life Orb
|move|p1a: Gholdengo|Substitute|p1a: Gholdengo
|-start|p1a: Gholdengo|Substitute
|-damage|p1a: Gholdengo|14/100
|
|-weather|SunnyDay|[upkeep]
|-heal|p1a: Gholdengo|20/100|[from] item: Leftovers
|upkeep
|turn|30
|
|t:|1743890667
|cant|p2a: Comfey|par
|move|p1a: Gholdengo|Hex|p2a: Comfey
|-damage|p2a: Comfey|0 fnt
|faint|p2a: Comfey
|
|-weather|none
|-heal|p1a: Gholdengo|26/100|[from] item: Leftovers
|upkeep
|
|t:|1743890670
|switch|p2a: Great Tusk|Great Tusk|100/100
|turn|31
|
|t:|1743890688
|move|p2a: Great Tusk|Headlong Rush|p1a: Gholdengo
|-supereffective|p1a: Gholdengo
|-end|p1a: Gholdengo|Substitute
|-unboost|p2a: Great Tusk|def|1
|-unboost|p2a: Great Tusk|spd|1
|move|p1a: Gholdengo|Nasty Plot|p1a: Gholdengo
|-boost|p1a: Gholdengo|spa|2
|
|-heal|p1a: Gholdengo|32/100|[from] item: Leftovers
|upkeep
|turn|32
|
|t:|1743890693
|switch|p1a: Zapdos|Zapdos|94/100
|-damage|p1a: Zapdos|69/100|[from] Stealth Rock
|-ability|p1a: Zapdos|Pressure
|move|p2a: Great Tusk|Headlong Rush|p1a: Zapdos
|-immune|p1a: Zapdos
|
|-heal|p1a: Zapdos|75/100|[from] item: Leftovers
|upkeep
|turn|33
|
|t:|1743890717
|-end|p2a: Great Tusk|Protosynthesis|[silent]
|switch|p2a: Ninetales|Ninetales, F|35/100 par
|-weather|SunnyDay|[from] ability: Drought|[of] p2a: Ninetales
|move|p1a: Zapdos|Hurricane|p2a: Ninetales
|-damage|p2a: Ninetales|0 fnt
|faint|p2a: Ninetales
|
|-weather|SunnyDay|[upkeep]
|-heal|p1a: Zapdos|82/100|[from] item: Leftovers
|upkeep
|
|t:|1743890720
|switch|p2a: Walking Wake|Walking Wake|71/100
|-activate|p2a: Walking Wake|ability: Protosynthesis
|-start|p2a: Walking Wake|protosynthesisspe
|turn|34
|
|t:|1743890724
|switch|p1a: Ceruledge|Ceruledge, F|100/100
|-damage|p1a: Ceruledge|76/100|[from] Stealth Rock
|move|p2a: Walking Wake|Hydro Steam|p1a: Ceruledge
|-supereffective|p1a: Ceruledge
|-damage|p1a: Ceruledge|0 fnt
|faint|p1a: Ceruledge
|
|-weather|SunnyDay|[upkeep]
|upkeep
|
|t:|1743890731
|switch|p1a: Tinkaton|Tinkaton, F|100/100
|-damage|p1a: Tinkaton|94/100|[from] Stealth Rock
|-ability|p1a: Tinkaton|Mold Breaker
|turn|35
|
|t:|1743890734
|-end|p2a: Walking Wake|Protosynthesis|[silent]
|switch|p2a: Great Tusk|Great Tusk|100/100
|-activate|p2a: Great Tusk|ability: Protosynthesis
|-start|p2a: Great Tusk|protosynthesisspe
|move|p1a: Tinkaton|Thunder Wave|p2a: Great Tusk
|-immune|p2a: Great Tusk
|
|-weather|SunnyDay|[upkeep]
|-heal|p1a: Tinkaton|100/100|[from] item: Leftovers
|upkeep
|turn|36
|
|t:|1743890738
|switch|p1a: Gholdengo|Gholdengo|32/100
|-damage|p1a: Gholdengo|26/100|[from] Stealth Rock
|move|p2a: Great Tusk|Headlong Rush|p1a: Gholdengo
|-supereffective|p1a: Gholdengo
|-damage|p1a: Gholdengo|0 fnt
|-unboost|p2a: Great Tusk|def|1
|-unboost|p2a: Great Tusk|spd|1
|faint|p1a: Gholdengo
|
|-weather|SunnyDay|[upkeep]
|upkeep
|
|t:|1743890741
|switch|p1a: Zapdos|Zapdos|82/100
|-damage|p1a: Zapdos|57/100|[from] Stealth Rock
|-ability|p1a: Zapdos|Pressure
|turn|37
|
|t:|1743890742
|switch|p1a: Tinkaton|Tinkaton, F|100/100
|-damage|p1a: Tinkaton|94/100|[from] Stealth Rock
|-ability|p1a: Tinkaton|Mold Breaker
|move|p2a: Great Tusk|Ice Spinner|p1a: Tinkaton
|-resisted|p1a: Tinkaton
|-damage|p1a: Tinkaton|78/100
|
|-weather|SunnyDay|[upkeep]
|-heal|p1a: Tinkaton|84/100|[from] item: Leftovers
|upkeep
|turn|38
|
|t:|1743890747
|switch|p1a: Zapdos|Zapdos|57/100
|-damage|p1a: Zapdos|32/100|[from] Stealth Rock
|-ability|p1a: Zapdos|Pressure
|move|p2a: Great Tusk|Headlong Rush|p1a: Zapdos
|-immune|p1a: Zapdos
|
|-weather|SunnyDay|[upkeep]
|-heal|p1a: Zapdos|38/100|[from] item: Leftovers
|upkeep
|turn|39
|
|t:|1743890749
|move|p2a: Great Tusk|Ice Spinner|p1a: Zapdos
|-supereffective|p1a: Zapdos
|-damage|p1a: Zapdos|5/100
|move|p1a: Zapdos|Roost|p1a: Zapdos
|-heal|p1a: Zapdos|55/100
|-singleturn|p1a: Zapdos|move: Roost
|
|-weather|SunnyDay|[upkeep]
|-heal|p1a: Zapdos|61/100|[from] item: Leftovers
|upkeep
|turn|40
|
|t:|1743890757
|move|p2a: Great Tusk|Ice Spinner|p1a: Zapdos
|-supereffective|p1a: Zapdos
|-damage|p1a: Zapdos|27/100
|move|p1a: Zapdos|Roost|p1a: Zapdos
|-heal|p1a: Zapdos|77/100
|-singleturn|p1a: Zapdos|move: Roost
|
|-weather|none
|-end|p2a: Great Tusk|Protosynthesis
|-heal|p1a: Zapdos|83/100|[from] item: Leftovers
|upkeep
|turn|41
|
|t:|1743890762
|-end|p2a: Great Tusk|Protosynthesis|[silent]
|switch|p2a: Walking Wake|Walking Wake|71/100
|move|p1a: Zapdos|Roost|p1a: Zapdos
|-heal|p1a: Zapdos|100/100
|-singleturn|p1a: Zapdos|move: Roost
|
|upkeep
|turn|42
|
|t:|1743890764
|move|p2a: Walking Wake|Knock Off|p1a: Zapdos
|-crit|p1a: Zapdos
|-damage|p1a: Zapdos|83/100
|-enditem|p1a: Zapdos|Leftovers|[from] move: Knock Off|[of] p2a: Walking Wake
|move|p1a: Zapdos|Discharge|p2a: Walking Wake
|-damage|p2a: Walking Wake|49/100
|
|upkeep
|turn|43
|
|t:|1743890768
|move|p2a: Walking Wake|Draco Meteor|p1a: Zapdos
|-damage|p1a: Zapdos|19/100
|-unboost|p2a: Walking Wake|spa|2
|move|p1a: Zapdos|Discharge|p2a: Walking Wake
|-damage|p2a: Walking Wake|27/100
|
|upkeep
|turn|44
|
|t:|1743890771
|move|p2a: Walking Wake|Hydro Steam|p1a: Zapdos
|-damage|p1a: Zapdos|0 fnt
|faint|p1a: Zapdos
|
|upkeep
|
|t:|1743890773
|switch|p1a: Tinkaton|Tinkaton, F|84/100
|-damage|p1a: Tinkaton|78/100|[from] Stealth Rock
|-ability|p1a: Tinkaton|Mold Breaker
|turn|45
|
|t:|1743890788
|move|p2a: Walking Wake|Knock Off|p1a: Tinkaton
|-resisted|p1a: Tinkaton
|-damage|p1a: Tinkaton|67/100
|-enditem|p1a: Tinkaton|Leftovers|[from] move: Knock Off|[of] p2a: Walking Wake
|move|p1a: Tinkaton|Thunder Wave|p2a: Walking Wake
|-status|p2a: Walking Wake|par
|
|upkeep
|turn|46
|
|t:|1743890804
|move|p1a: Tinkaton|Substitute|p1a: Tinkaton
|-start|p1a: Tinkaton|Substitute
|-damage|p1a: Tinkaton|42/100
|cant|p2a: Walking Wake|par
|
|upkeep
|turn|47
|
|t:|1743890809
|move|p1a: Tinkaton|Swords Dance|p1a: Tinkaton
|-boost|p1a: Tinkaton|atk|2
|cant|p2a: Walking Wake|par
|
|upkeep
|turn|48
|
|t:|1743890816
|move|p1a: Tinkaton|Gigaton Hammer|p2a: Walking Wake
|-resisted|p2a: Walking Wake
|-damage|p2a: Walking Wake|0 fnt
|faint|p2a: Walking Wake
|-end|p2a: Walking Wake|Protosynthesis|[silent]
|
|upkeep
|
|t:|1743890818
|switch|p2a: Great Tusk|Great Tusk|100/100
|turn|49
|
|t:|1743890841
|move|p1a: Tinkaton|Swords Dance|p1a: Tinkaton
|-boost|p1a: Tinkaton|atk|2
|move|p2a: Great Tusk|Headlong Rush|p1a: Tinkaton
|-supereffective|p1a: Tinkaton
|-end|p1a: Tinkaton|Substitute
|-unboost|p2a: Great Tusk|def|1
|-unboost|p2a: Great Tusk|spd|1
|
|upkeep
|turn|50
|
|t:|1743890848
|-terastallize|p2a: Great Tusk|Fire
|move|p1a: Tinkaton|Gigaton Hammer|p2a: Great Tusk
|-resisted|p2a: Great Tusk
|-damage|p2a: Great Tusk|15/100
|move|p2a: Great Tusk|Headlong Rush|p1a: Tinkaton
|-supereffective|p1a: Tinkaton
|-damage|p1a: Tinkaton|0 fnt
|-unboost|p2a: Great Tusk|def|1
|-unboost|p2a: Great Tusk|spd|1
|faint|p1a: Tinkaton
|
|win|DiceyRice
|raw|imstr8ballin's rating: 1593 &rarr; <strong>1573</strong><br />(-20 for losing)
|raw|DiceyRice's rating: 1599 &rarr; <strong>1619</strong><br />(+20 for winning)
|l|☆DiceyRice
|player|p2|
|l|‽imstr8ballin
|player|p1|
|j|☆DiceyRice
|player|p2|DiceyRice|miku-psychic|
|l|☆DiceyRice
|player|p2|
