|j|☆xarizard
|j|☆Penguinxdd
|t:|1743894186
|gametype|singles
|player|p1|xarizard|170|1150
|player|p2|Penguinxdd|1|1142
|teamsize|p1|6
|teamsize|p2|6
|gen|9
|tier|[Gen 9] OU
|rated|
|rule|HP Percentage Mod: HP is shown in percentages
|rule|Endless Battle Clause: Forcing endless battles is banned
|rule|Species Clause: Limit one of each Pokémon
|rule|OHKO Clause: OHKO moves are banned
|rule|Evasion Items Clause: Evasion items are banned
|rule|Evasion Moves Clause: Evasion moves are banned
|rule|Sleep Moves Clause: Sleep-inducing moves are banned
|clearpoke
|poke|p1|Serperior, F|
|poke|p1|Araquanid, F|
|poke|p1|Gyarados, M|
|poke|p1|Umbreon, F|
|poke|p1|Ditto|
|poke|p1|Passimian, M|
|poke|p2|Garganacl, M|
|poke|p2|Araquanid, F|
|poke|p2|Kingambit, M|
|poke|p2|Iron Moth|
|poke|p2|Hatterene, F|
|poke|p2|Weavile, F|
|teampreview
|inactive|Battle timer is ON: inactive players will automatically lose when time's up. (requested by xarizard)
|
|t:|1743894235
|start
|switch|p1a: Gyarados|Gyarados, M, shiny|100/100
|switch|p2a: Hatterene|Hatterene, F|100/100
|turn|1
|
|t:|1743894244
|move|p1a: Gyarados|Dragon Dance|p1a: Gyarados
|-boost|p1a: Gyarados|atk|1
|-boost|p1a: Gyarados|spe|1
|move|p2a: Hatterene|Trick Room|p2a: Hatterene
|-fieldstart|move: Trick Room|[of] p2a: Hatterene
|
|upkeep
|turn|2
|
|t:|1743894254
|move|p2a: Hatterene|Psychic Noise|p1a: Gyarados
|-damage|p1a: Gyarados|73/100
|-start|p1a: Gyarados|move: Heal Block
|move|p1a: Gyarados|Aqua Tail|p2a: Hatterene
|-damage|p2a: Hatterene|18/100
|
|-heal|p2a: Hatterene|24/100|[from] item: Leftovers
|upkeep
|turn|3
|
|t:|1743894275
|switch|p2a: Araquanid|Araquanid, F|100/100
|move|p1a: Gyarados|Aqua Tail|p2a: Araquanid
|-resisted|p2a: Araquanid
|-damage|p2a: Araquanid|54/100
|
|-end|p1a: Gyarados|move: Heal Block
|upkeep
|turn|4
|
|t:|1743894291
|move|p2a: Araquanid|Liquidation|p1a: Gyarados
|-resisted|p1a: Gyarados
|-damage|p1a: Gyarados|42/100
|move|p1a: Gyarados|Double-Edge|p2a: Araquanid
|-damage|p2a: Araquanid|0 fnt
|faint|p2a: Araquanid
|-ability|p1a: Gyarados|Moxie|boost
|-boost|p1a: Gyarados|atk|1
|-damage|p1a: Gyarados|29/100|[from] Recoil
|
|-heal|p1a: Gyarados|35/100|[from] item: Leftovers
|upkeep
|inactive|Penguinxdd has 120 seconds left.
|
|t:|1743894319
|switch|p2a: Kingambit|Kingambit, M|100/100
|-activate|p2a: Kingambit|ability: Supreme Overlord
|-start|p2a: Kingambit|fallen1|[silent]
|turn|5
|inactive|xarizard has 120 seconds left.
|
|t:|1743894369
|switch|p1a: Araquanid|Araquanid, F, shiny|100/100
|move|p2a: Kingambit|Kowtow Cleave|p1a: Araquanid
|-damage|p1a: Araquanid|54/100
|
|-heal|p1a: Araquanid|60/100|[from] item: Leftovers
|-fieldend|move: Trick Room
|upkeep
|turn|6
|inactive|Penguinxdd has 120 seconds left.
|
|t:|1743894398
|-end|p2a: Kingambit|fallen1|[silent]
|switch|p2a: Iron Moth|Iron Moth|100/100
|-enditem|p2a: Iron Moth|Booster Energy
|-activate|p2a: Iron Moth|ability: Quark Drive|[fromitem]
|-start|p2a: Iron Moth|quarkdrivespe
|move|p1a: Araquanid|Sticky Web|p2a: Iron Moth
|-sidestart|p2: Penguinxdd|move: Sticky Web
|
|-heal|p1a: Araquanid|66/100|[from] item: Leftovers
|upkeep
|turn|7
|
|t:|1743894412
|move|p2a: Iron Moth|Sludge Wave|p1a: Araquanid
|-damage|p1a: Araquanid|31/100
|move|p1a: Araquanid|Power Split|p2a: Iron Moth
|-activate|p1a: Araquanid|move: Power Split|[of] p2a: Iron Moth
|
|-heal|p1a: Araquanid|38/100|[from] item: Leftovers
|upkeep
|turn|8
|
|t:|1743894437
|move|p2a: Iron Moth|Sludge Wave|p1a: Araquanid
|-damage|p1a: Araquanid|11/100
|move|p1a: Araquanid|Endeavor|p2a: Iron Moth
|-damage|p2a: Iron Moth|12/100
|
|-heal|p1a: Araquanid|17/100|[from] item: Leftovers
|upkeep
|turn|9
|
|t:|1743894447
|move|p2a: Iron Moth|Sludge Wave|p1a: Araquanid
|-damage|p1a: Araquanid|0 fnt
|faint|p1a: Araquanid
|
|upkeep
|
|t:|1743894461
|switch|p1a: Ditto|Ditto|100/100
|-transform|p1a: Ditto|p2a: Iron Moth|[from] ability: Imposter
|turn|10
|inactive|xarizard has 90 seconds left.
|inactive|Penguinxdd has 90 seconds left.
|
|t:|1743894487
|-end|p2a: Iron Moth|Quark Drive|[silent]
|switch|p2a: Garganacl|Garganacl, M|100/100
|-activate|p2a: Garganacl|move: Sticky Web
|-unboost|p2a: Garganacl|spe|1
|move|p1a: Ditto|Fiery Dance|p2a: Garganacl
|-resisted|p2a: Garganacl
|-damage|p2a: Garganacl|87/100
|-boost|p1a: Ditto|spa|1
|
|upkeep
|turn|11
|inactive|xarizard has 90 seconds left.
|inactive|Penguinxdd has 90 seconds left.
|inactive|xarizard has 60 seconds left.
|
|t:|1743894557
|move|p1a: Ditto|Fiery Dance|p2a: Garganacl
|-resisted|p2a: Garganacl
|-damage|p2a: Garganacl|69/100
|-boost|p1a: Ditto|spa|1
|move|p2a: Garganacl|Earthquake|p1a: Ditto
|-supereffective|p1a: Ditto
|-damage|p1a: Ditto|0 fnt
|faint|p1a: Ditto
|-end|p1a: Ditto|Quark Drive|[silent]
|
|upkeep
|
|t:|1743894567
|switch|p1a: Serperior|Serperior, F|100/100
|turn|12
|
|t:|1743894573
|move|p1a: Serperior|Leaf Storm|p2a: Garganacl
|-supereffective|p2a: Garganacl
|-damage|p2a: Garganacl|1/100
|-boost|p1a: Serperior|spa|2
|move|p2a: Garganacl|Salt Cure|p1a: Serperior
|-damage|p1a: Serperior|86/100
|-start|p1a: Serperior|Salt Cure
|
|-heal|p1a: Serperior|92/100|[from] item: Leftovers
|-damage|p1a: Serperior|80/100|[from] Salt Cure
|upkeep
|turn|13
|
|t:|1743894592
|move|p1a: Serperior|Leaf Storm|p2a: Garganacl
|-supereffective|p2a: Garganacl
|-damage|p2a: Garganacl|0 fnt
|-boost|p1a: Serperior|spa|2
|faint|p2a: Garganacl
|
|-heal|p1a: Serperior|86/100|[from] item: Leftovers
|-damage|p1a: Serperior|74/100|[from] Salt Cure
|upkeep
|inactive|Penguinxdd has 90 seconds left.
|
|t:|1743894614
|switch|p2a: Weavile|Weavile, F|100/100
|-activate|p2a: Weavile|move: Sticky Web
|-unboost|p2a: Weavile|spe|1
|-ability|p2a: Weavile|Pressure
|turn|14
|
|t:|1743894623
|-terastallize|p1a: Serperior|Fire
|move|p2a: Weavile|Ice Shard|p1a: Serperior
|-resisted|p1a: Serperior
|-damage|p1a: Serperior|63/100
|move|p1a: Serperior|Tera Blast|p2a: Weavile|[anim] Tera Blast Fire
|-supereffective|p2a: Weavile
|-damage|p2a: Weavile|0 fnt
|faint|p2a: Weavile
|
|-heal|p1a: Serperior|69/100|[from] item: Leftovers
|-damage|p1a: Serperior|56/100|[from] Salt Cure
|upkeep
|inactive|Penguinxdd has 90 seconds left.
|
|t:|1743894637
|switch|p2a: Iron Moth|Iron Moth|12/100
|-activate|p2a: Iron Moth|move: Sticky Web
|-unboost|p2a: Iron Moth|spe|1
|turn|15
|inactive|Penguinxdd has 90 seconds left.
|
|t:|1743894647
|move|p1a: Serperior|Leaf Storm|p2a: Iron Moth
|-resisted|p2a: Iron Moth
|-damage|p2a: Iron Moth|0 fnt
|-boost|p1a: Serperior|spa|2
|faint|p2a: Iron Moth
|-end|p2a: Iron Moth|Quark Drive|[silent]
|
|-heal|p1a: Serperior|63/100|[from] item: Leftovers
|-damage|p1a: Serperior|50/100|[from] Salt Cure
|upkeep
|
|t:|1743894651
|switch|p2a: Kingambit|Kingambit, M|100/100
|-activate|p2a: Kingambit|move: Sticky Web
|-unboost|p2a: Kingambit|spe|1
|-activate|p2a: Kingambit|ability: Supreme Overlord
|-start|p2a: Kingambit|fallen4|[silent]
|turn|16
|
|t:|1743894661
|move|p2a: Kingambit|Sucker Punch|p1a: Serperior
|-damage|p1a: Serperior|0 fnt
|faint|p1a: Serperior
|
|upkeep
|
|t:|1743894665
|switch|p1a: Passimian|Passimian, M|100/100
|turn|17
|
|t:|1743894677
|-terastallize|p2a: Kingambit|Ghost
|move|p1a: Passimian|Close Combat|p2a: Kingambit
|-immune|p2a: Kingambit
|move|p2a: Kingambit|Swords Dance|p2a: Kingambit
|-boost|p2a: Kingambit|atk|2
|
|upkeep
|turn|18
|inactive|Penguinxdd has 120 seconds left.
|
|t:|1743894705
|switch|p1a: Umbreon|Umbreon, F|100/100
|move|p2a: Kingambit|Kowtow Cleave|p1a: Umbreon
|-resisted|p1a: Umbreon
|-damage|p1a: Umbreon|54/100
|
|-heal|p1a: Umbreon|60/100|[from] item: Leftovers
|upkeep
|turn|19
|
|t:|1743894717
|move|p1a: Umbreon|Foul Play|p2a: Kingambit
|-supereffective|p2a: Kingambit
|-damage|p2a: Kingambit|0 fnt
|faint|p2a: Kingambit
|-end|p2a: Kingambit|fallen4|[silent]
|
|-heal|p1a: Umbreon|66/100|[from] item: Leftovers
|upkeep
|
|t:|1743894719
|switch|p2a: Hatterene|Hatterene, F|24/100
|-activate|p2a: Hatterene|move: Sticky Web
|-unboost|p2a: Hatterene|spe|1
|turn|20
|
|t:|1743894729
|move|p1a: Umbreon|Foul Play|p2a: Hatterene
|-damage|p2a: Hatterene|0 fnt
|faint|p2a: Hatterene
|
|win|xarizard
|raw|xarizard's rating: 1150 &rarr; <strong>1174</strong><br />(+24 for winning)
|raw|Penguinxdd's rating: 1142 &rarr; <strong>1118</strong><br />(-24 for losing)
|l|☆Penguinxdd
|player|p2|
|l|☆xarizard
|player|p1|
