|j|☆ELPEPE17XD
|j|☆kidanime3
|t:|1743899100
|gametype|singles
|player|p1|ELPEPE17XD|hilbert|1272
|player|p2|kidanime3|brock|1282
|teamsize|p1|6
|teamsize|p2|6
|gen|9
|tier|[Gen 9] OU
|rated|
|rule|HP Percentage Mod: HP is shown in percentages
|rule|Endless Battle Clause: Forcing endless battles is banned
|rule|Species Clause: Limit one of each Pokémon
|rule|OHKO Clause: OHKO moves are banned
|rule|Evasion Items Clause: Evasion items are banned
|rule|Evasion Moves Clause: Evasion moves are banned
|rule|Sleep Moves Clause: Sleep-inducing moves are banned
|clearpoke
|poke|p1|Salamence, M|
|poke|p1|Grimmsnarl, M|
|poke|p1|Great Tusk|
|poke|p1|Goodra-Hisui, M|
|poke|p1|Clefable, F|
|poke|p1|Glimmora, F|
|poke|p2|Iron Moth|
|poke|p2|Kingambit, F|
|poke|p2|Dragapult, F|
|poke|p2|Meowscarada, M|
|poke|p2|Raging Bolt|
|poke|p2|Iron Valiant|
|teampreview
|
|t:|1743899108
|start
|switch|p1a: Grimmsnarl|Grimmsnarl, M|100/100
|switch|p2a: Meowscarada|Meowscarada, M|100/100
|turn|1
|
|t:|1743899118
|move|p1a: Grimmsnarl|Reflect|p1a: Grimmsnarl
|-sidestart|p1: ELPEPE17XD|Reflect
|move|p2a: Meowscarada|U-turn|p1a: Grimmsnarl
|-start|p2a: Meowscarada|typechange|Bug|[from] ability: Protean
|-damage|p1a: Grimmsnarl|77/100
|
|t:|1743899143
|switch|p2a: Iron Valiant|Iron Valiant|100/100|[from] U-turn
|-enditem|p2a: Iron Valiant|Booster Energy
|-activate|p2a: Iron Valiant|ability: Quark Drive|[fromitem]
|-start|p2a: Iron Valiant|quarkdrivespe
|
|upkeep
|turn|2
|
|t:|1743899165
|move|p1a: Grimmsnarl|Parting Shot|p2a: Iron Valiant
|-unboost|p2a: Iron Valiant|atk|1
|-unboost|p2a: Iron Valiant|spa|1
|
|t:|1743899173
|switch|p1a: Clefable|Clefable, F|100/100|[from] Parting Shot
|move|p2a: Iron Valiant|Moonblast|p1a: Clefable
|-damage|p1a: Clefable|61/100
|
|-heal|p1a: Clefable|68/100|[from] item: Leftovers
|upkeep
|turn|3
|
|t:|1743899184
|move|p2a: Iron Valiant|Calm Mind|p2a: Iron Valiant
|-boost|p2a: Iron Valiant|spa|1
|-boost|p2a: Iron Valiant|spd|1
|move|p1a: Clefable|Moonblast|p2a: Iron Valiant
|-supereffective|p2a: Iron Valiant
|-damage|p2a: Iron Valiant|0 fnt
|faint|p2a: Iron Valiant
|-end|p2a: Iron Valiant|Quark Drive|[silent]
|
|-heal|p1a: Clefable|74/100|[from] item: Leftovers
|upkeep
|
|t:|1743899208
|switch|p2a: Iron Moth|Iron Moth|100/100
|-enditem|p2a: Iron Moth|Booster Energy
|-activate|p2a: Iron Moth|ability: Quark Drive|[fromitem]
|-start|p2a: Iron Moth|quarkdrivespa
|turn|4
|
|t:|1743899222
|switch|p1a: Goodra|Goodra-Hisui, M|100/100
|move|p2a: Iron Moth|Fiery Dance|p1a: Goodra
|-damage|p1a: Goodra|65/100
|-boost|p2a: Iron Moth|spa|1
|
|-heal|p1a: Goodra|71/100|[from] item: Leftovers
|upkeep
|turn|5
|
|t:|1743899235
|move|p2a: Iron Moth|Fiery Dance|p1a: Goodra
|-damage|p1a: Goodra|16/100
|-boost|p2a: Iron Moth|spa|1
|move|p1a: Goodra|Dragon Pulse|p2a: Iron Moth
|-damage|p2a: Iron Moth|53/100
|
|-heal|p1a: Goodra|22/100|[from] item: Leftovers
|upkeep
|turn|6
|
|t:|1743899250
|move|p2a: Iron Moth|Fiery Dance|p1a: Goodra
|-damage|p1a: Goodra|0 fnt
|-boost|p2a: Iron Moth|spa|1
|faint|p1a: Goodra
|
|upkeep
|
|t:|1743899267
|switch|p1a: Glimmora|Glimmora, F|100/100
|turn|7
|
|t:|1743899281
|move|p2a: Iron Moth|Psychic|p1a: Glimmora
|-supereffective|p1a: Glimmora
|-damage|p1a: Glimmora|0 fnt
|faint|p1a: Glimmora
|
|upkeep
|
|t:|1743899290
|switch|p1a: Grimmsnarl|Grimmsnarl, M|77/100
|turn|8
|
|t:|1743899301
|move|p1a: Grimmsnarl|Light Screen|p1a: Grimmsnarl
|-sidestart|p1: ELPEPE17XD|move: Light Screen
|move|p2a: Iron Moth|Fiery Dance|p1a: Grimmsnarl
|-damage|p1a: Grimmsnarl|11/100
|
|-sideend|p1: ELPEPE17XD|Reflect
|upkeep
|turn|9
|
|t:|1743899309
|move|p1a: Grimmsnarl|Parting Shot|p2a: Iron Moth
|-unboost|p2a: Iron Moth|atk|1
|-unboost|p2a: Iron Moth|spa|1
|
|t:|1743899313
|switch|p1a: Clefable|Clefable, F|74/100|[from] Parting Shot
|move|p2a: Iron Moth|Fiery Dance|p1a: Clefable
|-damage|p1a: Clefable|48/100
|
|-heal|p1a: Clefable|55/100|[from] item: Leftovers
|upkeep
|turn|10
|
|t:|1743899323
|move|p2a: Iron Moth|Sludge Wave|p1a: Clefable
|-supereffective|p1a: Clefable
|-damage|p1a: Clefable|0 fnt
|faint|p1a: Clefable
|
|upkeep
|-message|ELPEPE17XD forfeited.
|
|win|kidanime3
|raw|ELPEPE17XD's rating: 1272 &rarr; <strong>1248</strong><br />(-24 for losing)
|raw|kidanime3's rating: 1282 &rarr; <strong>1306</strong><br />(+24 for winning)
|l|☆ELPEPE17XD
|player|p1|
