|j|☆Migstaper
|j|‽esteostrali
|t:|1743859248
|gametype|singles
|player|p1|Migstaper|ltsurge|1554
|player|p2|esteostrali|dragontamer|1536
|teamsize|p1|6
|teamsize|p2|6
|gen|9
|tier|[Gen 9] OU
|rated|
|rule|HP Percentage Mod: HP is shown in percentages
|rule|Endless Battle Clause: Forcing endless battles is banned
|rule|Species Clause: Limit one of each Pokémon
|rule|OHKO Clause: OHKO moves are banned
|rule|Evasion Items Clause: Evasion items are banned
|rule|Evasion Moves Clause: Evasion moves are banned
|rule|Sleep Moves Clause: Sleep-inducing moves are banned
|clearpoke
|poke|p1|Dragonite, M|
|poke|p1|Iron Valiant|
|poke|p1|Kingambit, M|
|poke|p1|Dragapult, M|
|poke|p1|Heatran, M|
|poke|p1|Great Tusk|
|poke|p2|Cobalion|
|poke|p2|Skeledirge, M|
|poke|p2|Rillaboom, F|
|poke|p2|Great Tusk|
|poke|p2|Pecharunt|
|poke|p2|Zapdos|
|teampreview
|
|t:|1743859261
|start
|switch|p1a: Benjamin Tribe|Heatran, M, shiny|100/100
|switch|p2a: Zapdos|Zapdos|100/100
|turn|1
|inactive|Battle timer is ON: inactive players will automatically lose when time's up. (requested by esteostrali)
|
|t:|1743859267
|move|p2a: Zapdos|Thunder Wave|p1a: Benjamin Tribe
|-status|p1a: Benjamin Tribe|par
|cant|p1a: Benjamin Tribe|par
|
|upkeep
|turn|2
|
|t:|1743859279
|switch|p2a: Skeledirge|Skeledirge, M|100/100
|move|p1a: Benjamin Tribe|Lava Plume|p2a: Skeledirge
|-resisted|p2a: Skeledirge
|-damage|p2a: Skeledirge|84/100
|
|upkeep
|turn|3
|
|t:|1743859288
|move|p2a: Skeledirge|Earth Power|p1a: Benjamin Tribe
|-supereffective|p1a: Benjamin Tribe
|-damage|p1a: Benjamin Tribe|22/100 par
|cant|p1a: Benjamin Tribe|par
|
|-heal|p1a: Benjamin Tribe|28/100 par|[from] item: Leftovers
|upkeep
|turn|4
|
|t:|1743859300
|switch|p1a: fAegon|Dragonite, M|100/100
|move|p2a: Skeledirge|Earth Power|p1a: fAegon
|-immune|p1a: fAegon
|
|upkeep
|turn|5
|
|t:|1743859309
|switch|p2a: Zapdos|Zapdos|100/100
|move|p1a: fAegon|Dragon Dance|p1a: fAegon
|-boost|p1a: fAegon|atk|1
|-boost|p1a: fAegon|spe|1
|
|upkeep
|turn|6
|
|t:|1743859317
|move|p1a: fAegon|Dragon Dance|p1a: fAegon
|-boost|p1a: fAegon|atk|1
|-boost|p1a: fAegon|spe|1
|move|p2a: Zapdos|Thunder Wave|p1a: fAegon
|-status|p1a: fAegon|par
|-enditem|p1a: fAegon|Lum Berry|[eat]
|-curestatus|p1a: fAegon|par|[msg]
|
|upkeep
|turn|7
|
|t:|1743859326
|move|p1a: fAegon|Outrage|p2a: Zapdos
|-damage|p2a: Zapdos|0 fnt
|-status|p1a: fAegon|par|[from] ability: Static|[of] p2a: Zapdos
|faint|p2a: Zapdos
|
|upkeep
|
|t:|1743859348
|switch|p2a: Skeledirge|Skeledirge, M|84/100
|turn|8
|
|t:|1743859354
|move|p1a: fAegon|Outrage|p2a: Skeledirge|[from] lockedmove
|-damage|p2a: Skeledirge|22/100
|move|p2a: Skeledirge|Torch Song|p1a: fAegon
|-resisted|p1a: fAegon
|-damage|p1a: fAegon|93/100 par
|-boost|p2a: Skeledirge|spa|1
|
|upkeep
|turn|9
|
|t:|1743859368
|-terastallize|p2a: Skeledirge|Fairy
|move|p1a: fAegon|Outrage|p2a: Skeledirge|[from] lockedmove
|-immune|p2a: Skeledirge
|-start|p1a: fAegon|confusion|[fatigue]
|move|p2a: Skeledirge|Slack Off|p2a: Skeledirge
|-heal|p2a: Skeledirge|72/100
|
|upkeep
|turn|10
|
|t:|1743859391
|-activate|p1a: fAegon|confusion
|cant|p1a: fAegon|par
|move|p2a: Skeledirge|Slack Off|p2a: Skeledirge
|-heal|p2a: Skeledirge|100/100
|
|upkeep
|turn|11
|
|t:|1743859402
|-activate|p1a: fAegon|confusion
|move|p1a: fAegon|Dragon Dance|p1a: fAegon
|-boost|p1a: fAegon|atk|1
|-boost|p1a: fAegon|spe|1
|move|p2a: Skeledirge|Torch Song|p1a: fAegon
|-resisted|p1a: fAegon
|-damage|p1a: fAegon|71/100 par
|-boost|p2a: Skeledirge|spa|1
|
|upkeep
|turn|12
|
|t:|1743859411
|-activate|p1a: fAegon|confusion
|move|p1a: fAegon|Earthquake|p2a: Skeledirge
|-damage|p2a: Skeledirge|71/100
|move|p2a: Skeledirge|Torch Song|p1a: fAegon
|-resisted|p1a: fAegon
|-damage|p1a: fAegon|38/100 par
|-boost|p2a: Skeledirge|spa|1
|
|upkeep
|turn|13
|
|t:|1743859420
|switch|p1a: Benjamin Tribe|Heatran, M, shiny|28/100 par
|move|p2a: Skeledirge|Slack Off|p2a: Skeledirge
|-heal|p2a: Skeledirge|100/100
|
|-heal|p1a: Benjamin Tribe|34/100 par|[from] item: Leftovers
|upkeep
|turn|14
|
|t:|1743859430
|-terastallize|p1a: Benjamin Tribe|Bug
|move|p2a: Skeledirge|Earth Power|p1a: Benjamin Tribe
|-resisted|p1a: Benjamin Tribe
|-damage|p1a: Benjamin Tribe|13/100 par
|move|p1a: Benjamin Tribe|Flash Cannon|p2a: Skeledirge
|-supereffective|p2a: Skeledirge
|-damage|p2a: Skeledirge|39/100
|-unboost|p2a: Skeledirge|spd|1
|
|-heal|p1a: Benjamin Tribe|19/100 par|[from] item: Leftovers
|upkeep
|turn|15
|
|t:|1743859441
|switch|p1a: fAegon|Dragonite, M|38/100 par
|move|p2a: Skeledirge|Earth Power|p1a: fAegon
|-immune|p1a: fAegon
|
|upkeep
|turn|16
|
|t:|1743859463
|switch|p1a: Noah Job Daniel|Iron Valiant, shiny|100/100
|-enditem|p1a: Noah Job Daniel|Booster Energy
|-activate|p1a: Noah Job Daniel|ability: Quark Drive|[fromitem]
|-start|p1a: Noah Job Daniel|quarkdrivespe
|move|p2a: Skeledirge|Slack Off|p2a: Skeledirge
|-heal|p2a: Skeledirge|89/100
|
|upkeep
|turn|17
|
|t:|1743859474
|switch|p2a: Pecharunt|Pecharunt|100/100
|move|p1a: Noah Job Daniel|Moonblast|p2a: Pecharunt
|-resisted|p2a: Pecharunt
|-damage|p2a: Pecharunt|79/100
|
|upkeep
|turn|18
|
|t:|1743859482
|-end|p1a: Noah Job Daniel|Quark Drive|[silent]
|switch|p1a: Benjamin Tribe|Heatran, M, shiny, tera:Bug|19/100 par
|move|p2a: Pecharunt|Shadow Ball|p1a: Benjamin Tribe
|-damage|p1a: Benjamin Tribe|0 fnt
|faint|p1a: Benjamin Tribe
|
|upkeep
|
|t:|1743859499
|switch|p1a: Apologia|Dragapult, M, shiny|100/100
|turn|19
|
|t:|1743859521
|move|p1a: Apologia|Shadow Ball|p2a: Pecharunt
|-supereffective|p2a: Pecharunt
|-damage|p2a: Pecharunt|8/100
|move|p2a: Pecharunt|Shadow Ball|p1a: Apologia
|-supereffective|p1a: Apologia
|-damage|p1a: Apologia|0 fnt
|faint|p1a: Apologia
|
|upkeep
|
|t:|1743859533
|switch|p1a: Noah Job Daniel|Iron Valiant, shiny|100/100
|turn|20
|
|t:|1743859541
|move|p1a: Noah Job Daniel|Moonblast|p2a: Pecharunt
|-resisted|p2a: Pecharunt
|-damage|p2a: Pecharunt|0 fnt
|faint|p2a: Pecharunt
|
|upkeep
|
|t:|1743859552
|switch|p2a: Skeledirge|Skeledirge, M, tera:Fairy|89/100
|turn|21
|
|t:|1743859563
|move|p1a: Noah Job Daniel|Moonblast|p2a: Skeledirge
|-damage|p2a: Skeledirge|57/100
|move|p2a: Skeledirge|Torch Song|p1a: Noah Job Daniel
|-damage|p1a: Noah Job Daniel|48/100
|-boost|p2a: Skeledirge|spa|1
|
|upkeep
|turn|22
|
|t:|1743859572
|move|p1a: Noah Job Daniel|Moonblast|p2a: Skeledirge
|-damage|p2a: Skeledirge|22/100
|move|p2a: Skeledirge|Slack Off|p2a: Skeledirge
|-heal|p2a: Skeledirge|72/100
|
|upkeep
|turn|23
|
|t:|1743859583
|switch|p2a: Rillaboom|Rillaboom, F|100/100
|-fieldstart|move: Grassy Terrain|[from] ability: Grassy Surge|[of] p2a: Rillaboom
|move|p1a: Noah Job Daniel|Moonblast|p2a: Rillaboom
|-damage|p2a: Rillaboom|37/100
|
|-heal|p1a: Noah Job Daniel|54/100|[from] Grassy Terrain
|-heal|p2a: Rillaboom|43/100|[from] Grassy Terrain
|upkeep
|turn|24
|
|t:|1743859594
|-end|p1a: Noah Job Daniel|Quark Drive|[silent]
|switch|p1a: fAegon|Dragonite, M|38/100 par
|move|p2a: Rillaboom|Grassy Glide|p1a: fAegon
|-resisted|p1a: fAegon
|-damage|p1a: fAegon|27/100 par
|
|-heal|p2a: Rillaboom|49/100|[from] Grassy Terrain
|upkeep
|turn|25
|
|t:|1743859608
|switch|p2a: Skeledirge|Skeledirge, M, tera:Fairy|72/100
|cant|p1a: fAegon|par
|
|-heal|p2a: Skeledirge|78/100|[from] Grassy Terrain
|upkeep
|turn|26
|inactive|Migstaper has 120 seconds left.
|
|t:|1743859641
|move|p2a: Skeledirge|Torch Song|p1a: fAegon
|-resisted|p1a: fAegon
|-damage|p1a: fAegon|11/100 par
|-boost|p2a: Skeledirge|spa|1
|move|p1a: fAegon|Earthquake|p2a: Skeledirge
|-damage|p2a: Skeledirge|62/100
|
|-heal|p2a: Skeledirge|68/100|[from] Grassy Terrain
|upkeep
|turn|27
|j| Zeyrho
|inactive|Migstaper has 120 seconds left.
|
|t:|1743859651
|move|p1a: fAegon|Extreme Speed|p2a: Skeledirge
|-damage|p2a: Skeledirge|42/100
|move|p2a: Skeledirge|Slack Off|p2a: Skeledirge
|-heal|p2a: Skeledirge|92/100
|
|-heal|p2a: Skeledirge|98/100|[from] Grassy Terrain
|-fieldend|move: Grassy Terrain
|upkeep
|turn|28
|inactive|Migstaper has 120 seconds left.
|
|t:|1743859662
|move|p1a: fAegon|Extreme Speed|p2a: Skeledirge
|-damage|p2a: Skeledirge|71/100
|move|p2a: Skeledirge|Torch Song|p1a: fAegon
|-resisted|p1a: fAegon
|-damage|p1a: fAegon|0 fnt
|-boost|p2a: Skeledirge|spa|1
|faint|p1a: fAegon
|
|upkeep
|inactive|Migstaper has 120 seconds left.
|
|t:|1743859675
|switch|p1a: ROMANS 10:9|Great Tusk, shiny|100/100
|-enditem|p1a: ROMANS 10:9|Booster Energy
|-activate|p1a: ROMANS 10:9|ability: Protosynthesis|[fromitem]
|-start|p1a: ROMANS 10:9|protosynthesisatk
|turn|29
|
|t:|1743859683
|move|p1a: ROMANS 10:9|Earthquake|p2a: Skeledirge
|-damage|p2a: Skeledirge|12/100
|move|p2a: Skeledirge|Slack Off|p2a: Skeledirge
|-heal|p2a: Skeledirge|62/100
|
|upkeep
|turn|30
|
|t:|1743859691
|move|p1a: ROMANS 10:9|Earthquake|p2a: Skeledirge
|-damage|p2a: Skeledirge|2/100
|move|p2a: Skeledirge|Torch Song|p1a: ROMANS 10:9
|-damage|p1a: ROMANS 10:9|11/100
|-boost|p2a: Skeledirge|spa|1
|
|upkeep
|turn|31
|
|t:|1743859700
|move|p1a: ROMANS 10:9|Rapid Spin|p2a: Skeledirge
|-damage|p2a: Skeledirge|0 fnt
|-boost|p1a: ROMANS 10:9|spe|1
|faint|p2a: Skeledirge
|
|upkeep
|
|t:|1743859702
|switch|p2a: Rillaboom|Rillaboom, F|49/100
|-fieldstart|move: Grassy Terrain|[from] ability: Grassy Surge|[of] p2a: Rillaboom
|turn|32
|
|t:|1743859712
|move|p2a: Rillaboom|Grassy Glide|p1a: ROMANS 10:9
|-supereffective|p1a: ROMANS 10:9
|-damage|p1a: ROMANS 10:9|0 fnt
|faint|p1a: ROMANS 10:9
|-end|p1a: ROMANS 10:9|Protosynthesis|[silent]
|
|-heal|p2a: Rillaboom|56/100|[from] Grassy Terrain
|upkeep
|
|t:|1743859720
|switch|p1a: Mind Games|Kingambit, M, shiny|100/100
|-activate|p1a: Mind Games|ability: Supreme Overlord
|-start|p1a: Mind Games|fallen4|[silent]
|turn|33
|
|t:|1743859725
|switch|p2a: Great Tusk|Great Tusk|100/100
|-enditem|p2a: Great Tusk|Booster Energy
|-activate|p2a: Great Tusk|ability: Protosynthesis|[fromitem]
|-start|p2a: Great Tusk|protosynthesisatk
|move|p1a: Mind Games|Zen Headbutt|p2a: Great Tusk
|-supereffective|p2a: Great Tusk
|-damage|p2a: Great Tusk|39/100
|
|-heal|p2a: Great Tusk|45/100|[from] Grassy Terrain
|upkeep
|turn|34
|
|t:|1743859736
|move|p2a: Great Tusk|Headlong Rush|p1a: Mind Games
|-supereffective|p1a: Mind Games
|-damage|p1a: Mind Games|0 fnt
|-unboost|p2a: Great Tusk|def|1
|-unboost|p2a: Great Tusk|spd|1
|faint|p1a: Mind Games
|-end|p1a: Mind Games|fallen4|[silent]
|
|-heal|p2a: Great Tusk|51/100|[from] Grassy Terrain
|upkeep
|
|t:|1743859744
|switch|p1a: Noah Job Daniel|Iron Valiant, shiny|54/100
|turn|35
|
|t:|1743859751
|move|p1a: Noah Job Daniel|Moonblast|p2a: Great Tusk
|-supereffective|p2a: Great Tusk
|-damage|p2a: Great Tusk|0 fnt
|faint|p2a: Great Tusk
|-end|p2a: Great Tusk|Protosynthesis|[silent]
|
|-heal|p1a: Noah Job Daniel|61/100|[from] Grassy Terrain
|upkeep
|
|t:|1743859760
|switch|p2a: Rillaboom|Rillaboom, F|56/100
|turn|36
|
|t:|1743859764
|move|p2a: Rillaboom|Grassy Glide|p1a: Noah Job Daniel
|-damage|p1a: Noah Job Daniel|10/100
|move|p1a: Noah Job Daniel|Moonblast|p2a: Rillaboom
|-damage|p2a: Rillaboom|0 fnt
|faint|p2a: Rillaboom
|
|-heal|p1a: Noah Job Daniel|16/100|[from] Grassy Terrain
|-fieldend|move: Grassy Terrain
|upkeep
|
|t:|1743859767
|switch|p2a: Cobalion|Cobalion|100/100
|turn|37
|
|t:|1743859778
|move|p1a: Noah Job Daniel|Moonblast|p2a: Cobalion
|-damage|p2a: Cobalion|35/100
|move|p2a: Cobalion|Iron Head|p1a: Noah Job Daniel
|-supereffective|p1a: Noah Job Daniel
|-damage|p1a: Noah Job Daniel|0 fnt
|faint|p1a: Noah Job Daniel
|-end|p1a: Noah Job Daniel|Quark Drive|[silent]
|-damage|p2a: Cobalion|26/100|[from] item: Life Orb
|
|win|esteostrali
|raw|Migstaper's rating: 1554 &rarr; <strong>1533</strong><br />(-21 for losing)
|raw|esteostrali's rating: 1536 &rarr; <strong>1557</strong><br />(+21 for winning)
|l|‽esteostrali
|player|p2|
|l|☆Migstaper
|player|p1|
|l| Zeyrho
