|j|☆memer_is_a_slur
|j|☆FireBro11
|t:|1743787615
|gametype|singles
|player|p1|memer_is_a_slur|blaine|1261
|player|p2|FireBro11|169|1223
|teamsize|p1|6
|teamsize|p2|6
|gen|9
|tier|[Gen 9] OU
|rated|
|rule|HP Percentage Mod: HP is shown in percentages
|rule|Endless Battle Clause: Forcing endless battles is banned
|rule|Species Clause: Limit one of each Pokémon
|rule|OHKO Clause: OHKO moves are banned
|rule|Evasion Items Clause: Evasion items are banned
|rule|Evasion Moves Clause: Evasion moves are banned
|rule|Sleep Moves Clause: Sleep-inducing moves are banned
|clearpoke
|poke|p1|Blissey, F|
|poke|p1|Clefable, F|
|poke|p1|Gliscor, F|
|poke|p1|Ting-Lu|
|poke|p1|Dondozo, F|
|poke|p1|Clodsire, M|
|poke|p2|Kingambit, M|
|poke|p2|Great Tusk|
|poke|p2|Raikou|
|poke|p2|Terrakion|
|poke|p2|Heatran, F|
|poke|p2|Greninja-*, M|
|teampreview
|inactive|Battle timer is ON: inactive players will automatically lose when time's up. (requested by memer_is_a_slur)
|inactive|memer_is_a_slur has 120 seconds left.
|
|t:|1743787649
|start
|switch|p1a: Gliscor|Gliscor, F|100/100
|switch|p2a: Schmitz|Heatran, F|100/100
|-item|p2a: Schmitz|Air Balloon
|turn|1
|
|t:|1743787656
|move|p1a: Gliscor|Stealth Rock|p2a: Schmitz
|-sidestart|p2: FireBro11|move: Stealth Rock
|move|p2a: Schmitz|Stealth Rock|p1a: Gliscor
|-sidestart|p1: memer_is_a_slur|move: Stealth Rock
|
|-status|p1a: Gliscor|tox|[from] item: Toxic Orb
|upkeep
|turn|2
|
|t:|1743787669
|switch|p2a: The Franchise|Greninja, M|100/100
|-damage|p2a: The Franchise|88/100|[from] Stealth Rock
|move|p1a: Gliscor|Knock Off|p2a: The Franchise
|-resisted|p2a: The Franchise
|-damage|p2a: The Franchise|70/100
|-enditem|p2a: The Franchise|Life Orb|[from] move: Knock Off|[of] p1a: Gliscor
|
|upkeep
|turn|3
|
|t:|1743787678
|move|p1a: Gliscor|Protect|p1a: Gliscor
|-singleturn|p1a: Gliscor|Protect
|move|p2a: The Franchise|Ice Beam|p1a: Gliscor
|-activate|p1a: Gliscor|move: Protect
|
|upkeep
|turn|4
|
|t:|1743787697
|switch|p1a: Blissey|Blissey, F|100/100
|move|p2a: The Franchise|Sludge Wave|p1a: Blissey
|-damage|p1a: Blissey|92/100
|
|upkeep
|turn|5
|
|t:|1743787708
|switch|p2a: Bossman TK|Terrakion|100/100
|-damage|p2a: Bossman TK|94/100|[from] Stealth Rock
|move|p1a: Blissey|Seismic Toss|p2a: Bossman TK
|-damage|p2a: Bossman TK|63/100
|
|upkeep
|turn|6
|
|t:|1743787716
|switch|p1a: Gliscor|Gliscor, F|100/100 tox
|-damage|p1a: Gliscor|88/100 tox|[from] Stealth Rock
|move|p2a: Bossman TK|Close Combat|p1a: Gliscor
|-resisted|p1a: Gliscor
|-damage|p1a: Gliscor|69/100 tox
|-unboost|p2a: Bossman TK|def|1
|-unboost|p2a: Bossman TK|spd|1
|
|-heal|p1a: Gliscor|82/100 tox|[from] ability: Poison Heal
|upkeep
|turn|7
|
|t:|1743787729
|switch|p2a: Sir Tusk|Great Tusk|100/100
|-damage|p2a: Sir Tusk|98/100|[from] Stealth Rock
|move|p1a: Gliscor|Toxic|p2a: Sir Tusk|[miss]
|-miss|p1a: Gliscor|p2a: Sir Tusk
|
|-heal|p1a: Gliscor|94/100 tox|[from] ability: Poison Heal
|upkeep
|turn|8
|
|t:|1743787740
|move|p1a: Gliscor|Protect|p1a: Gliscor
|-singleturn|p1a: Gliscor|Protect
|move|p2a: Sir Tusk|Ice Spinner|p1a: Gliscor
|-activate|p1a: Gliscor|move: Protect
|
|-heal|p1a: Gliscor|100/100 tox|[from] ability: Poison Heal
|upkeep
|turn|9
|
|t:|1743787749
|switch|p1a: Dondozo|Dondozo, F|100/100
|move|p2a: Sir Tusk|Close Combat|p1a: Dondozo
|-damage|p1a: Dondozo|71/100
|-unboost|p2a: Sir Tusk|def|1
|-unboost|p2a: Sir Tusk|spd|1
|
|upkeep
|turn|10
|
|t:|1743787763
|-end|p2a: Sir Tusk|Protosynthesis|[silent]
|switch|p2a: Ra|Raikou|100/100
|-damage|p2a: Ra|88/100|[from] Stealth Rock
|-ability|p2a: Ra|Pressure
|move|p1a: Dondozo|Waterfall|p2a: Ra
|-damage|p2a: Ra|54/100
|
|-heal|p2a: Ra|60/100|[from] item: Leftovers
|upkeep
|turn|11
|
|t:|1743787777
|switch|p2a: Sir Tusk|Great Tusk|98/100
|-damage|p2a: Sir Tusk|95/100|[from] Stealth Rock
|switch|p1a: Gliscor|Gliscor, F|100/100 tox
|-damage|p1a: Gliscor|88/100 tox|[from] Stealth Rock
|
|-heal|p1a: Gliscor|100/100 tox|[from] ability: Poison Heal
|upkeep
|turn|12
|
|t:|1743787786
|-terastallize|p1a: Gliscor|Water
|move|p2a: Sir Tusk|Rapid Spin|p1a: Gliscor
|-damage|p1a: Gliscor|89/100 tox
|-boost|p2a: Sir Tusk|spe|1
|-sideend|p2: FireBro11|Stealth Rock|[from] move: Rapid Spin|[of] p2a: Sir Tusk
|move|p1a: Gliscor|Toxic|p2a: Sir Tusk
|-status|p2a: Sir Tusk|tox
|
|-damage|p2a: Sir Tusk|88/100 tox|[from] psn
|-heal|p1a: Gliscor|100/100 tox|[from] ability: Poison Heal
|upkeep
|turn|13
|inactive|FireBro11 has 120 seconds left.
|
|t:|1743787819
|switch|p1a: Dondozo|Dondozo, F|71/100
|move|p2a: Sir Tusk|Headlong Rush|p1a: Dondozo
|-damage|p1a: Dondozo|43/100
|-unboost|p2a: Sir Tusk|def|1
|-unboost|p2a: Sir Tusk|spd|1
|
|-damage|p2a: Sir Tusk|76/100 tox|[from] psn
|upkeep
|turn|14
|inactive|FireBro11 has 120 seconds left.
|
|t:|1743787843
|move|p2a: Sir Tusk|Headlong Rush|p1a: Dondozo
|-damage|p1a: Dondozo|12/100
|-unboost|p2a: Sir Tusk|def|1
|-unboost|p2a: Sir Tusk|spd|1
|move|p1a: Dondozo|Rest|p1a: Dondozo
|-status|p1a: Dondozo|slp|[from] move: Rest
|-heal|p1a: Dondozo|100/100 slp|[silent]
|
|-damage|p2a: Sir Tusk|57/100 tox|[from] psn
|upkeep
|turn|15
|
|t:|1743787858
|move|p2a: Sir Tusk|Close Combat|p1a: Dondozo
|-damage|p1a: Dondozo|71/100 slp
|-unboost|p2a: Sir Tusk|def|1
|-unboost|p2a: Sir Tusk|spd|1
|cant|p1a: Dondozo|slp
|move|p1a: Dondozo|Sleep Talk|p1a: Dondozo
|move|p1a: Dondozo|Curse|p1a: Dondozo|[from] move: Sleep Talk
|-unboost|p1a: Dondozo|spe|1
|-boost|p1a: Dondozo|atk|1
|-boost|p1a: Dondozo|def|1
|
|-damage|p2a: Sir Tusk|33/100 tox|[from] psn
|upkeep
|turn|16
|
|t:|1743787871
|-end|p2a: Sir Tusk|Protosynthesis|[silent]
|switch|p2a: Ra|Raikou|60/100
|-ability|p2a: Ra|Pressure
|cant|p1a: Dondozo|slp
|move|p1a: Dondozo|Sleep Talk|p1a: Dondozo
|move|p1a: Dondozo|Rest||[from] move: Sleep Talk|[still]
|-fail|p1a: Dondozo
|
|-heal|p2a: Ra|67/100|[from] item: Leftovers
|upkeep
|turn|17
|
|t:|1743787894
|switch|p1a: Clodsire|Clodsire, M|100/100
|move|p2a: Ra|Aura Sphere|p1a: Clodsire
|-resisted|p1a: Clodsire
|-damage|p1a: Clodsire|92/100
|
|-heal|p2a: Ra|73/100|[from] item: Leftovers
|upkeep
|turn|18
|
|t:|1743787907
|switch|p2a: The Franchise|Greninja, M|70/100
|move|p1a: Clodsire|Toxic|p2a: The Franchise
|-status|p2a: The Franchise|tox
|
|-damage|p2a: The Franchise|64/100 tox|[from] psn
|upkeep
|turn|19
|
|t:|1743787918
|move|p1a: Clodsire|Protect|p1a: Clodsire
|-singleturn|p1a: Clodsire|Protect
|move|p2a: The Franchise|Ice Beam|p1a: Clodsire
|-activate|p1a: Clodsire|move: Protect
|
|-damage|p2a: The Franchise|52/100 tox|[from] psn
|upkeep
|turn|20
|
|t:|1743787927
|switch|p1a: Blissey|Blissey, F|92/100
|move|p2a: The Franchise|Ice Beam|p1a: Blissey
|-damage|p1a: Blissey|84/100
|
|-damage|p2a: The Franchise|35/100 tox|[from] psn
|upkeep
|turn|21
|
|t:|1743787942
|switch|p2a: Bossman TK|Terrakion|63/100
|move|p1a: Blissey|Seismic Toss|p2a: Bossman TK
|-damage|p2a: Bossman TK|32/100
|
|upkeep
|turn|22
|
|t:|1743787953
|switch|p1a: Clodsire|Clodsire, M|92/100
|move|p2a: Bossman TK|Close Combat|p1a: Clodsire
|-resisted|p1a: Clodsire
|-damage|p1a: Clodsire|68/100
|-unboost|p2a: Bossman TK|def|1
|-unboost|p2a: Bossman TK|spd|1
|
|upkeep
|turn|23
|
|t:|1743787962
|switch|p2a: Schmitz|Heatran, F|100/100
|-item|p2a: Schmitz|Air Balloon
|move|p1a: Clodsire|Recover|p1a: Clodsire
|-heal|p1a: Clodsire|100/100
|
|upkeep
|turn|24
|
|t:|1743787980
|switch|p1a: Gliscor|Gliscor, F, tera:Water|100/100 tox
|-damage|p1a: Gliscor|88/100 tox|[from] Stealth Rock
|move|p2a: Schmitz|Flash Cannon|p1a: Gliscor
|-resisted|p1a: Gliscor
|-damage|p1a: Gliscor|66/100 tox
|
|-heal|p1a: Gliscor|79/100 tox|[from] ability: Poison Heal
|upkeep
|turn|25
|
|t:|1743787990
|move|p1a: Gliscor|Stealth Rock|p2a: Schmitz
|-sidestart|p2: FireBro11|move: Stealth Rock
|move|p2a: Schmitz|Magma Storm|p1a: Gliscor
|-resisted|p1a: Gliscor
|-damage|p1a: Gliscor|52/100 tox
|-activate|p1a: Gliscor|move: Magma Storm|[of] p2a: Schmitz
|
|-heal|p1a: Gliscor|64/100 tox|[from] ability: Poison Heal
|-damage|p1a: Gliscor|52/100 tox|[from] move: Magma Storm|[partiallytrapped]
|upkeep
|turn|26
|
|t:|1743787998
|move|p1a: Gliscor|Protect|p1a: Gliscor
|-singleturn|p1a: Gliscor|Protect
|move|p2a: Schmitz|Magma Storm|p1a: Gliscor
|-activate|p1a: Gliscor|move: Protect
|
|-heal|p1a: Gliscor|64/100 tox|[from] ability: Poison Heal
|-damage|p1a: Gliscor|52/100 tox|[from] move: Magma Storm|[partiallytrapped]
|upkeep
|turn|27
|inactive|FireBro11 has 120 seconds left.
|
|t:|1743788015
|move|p1a: Gliscor|Knock Off|p2a: Schmitz
|-damage|p2a: Schmitz|84/100
|-enditem|p2a: Schmitz|Air Balloon
|move|p2a: Schmitz|Magma Storm|p1a: Gliscor
|-resisted|p1a: Gliscor
|-damage|p1a: Gliscor|26/100 tox
|
|-heal|p1a: Gliscor|39/100 tox|[from] ability: Poison Heal
|-damage|p1a: Gliscor|26/100 tox|[from] move: Magma Storm|[partiallytrapped]
|upkeep
|turn|28
|inactive|FireBro11 has 120 seconds left.
|
|t:|1743788031
|move|p1a: Gliscor|Protect|p1a: Gliscor
|-singleturn|p1a: Gliscor|Protect
|move|p2a: Schmitz|Earth Power|p1a: Gliscor
|-activate|p1a: Gliscor|move: Protect
|
|-heal|p1a: Gliscor|39/100 tox|[from] ability: Poison Heal
|-damage|p1a: Gliscor|26/100 tox|[from] move: Magma Storm|[partiallytrapped]
|upkeep
|turn|29
|
|t:|1743788046
|move|p1a: Gliscor|Protect||[still]
|-fail|p1a: Gliscor
|move|p2a: Schmitz|Earth Power|p1a: Gliscor
|-damage|p1a: Gliscor|0 fnt
|faint|p1a: Gliscor
|
|upkeep
|
|t:|1743788050
|switch|p1a: Blissey|Blissey, F|84/100
|turn|30
|inactive|FireBro11 has 120 seconds left.
|
|t:|1743788062
|move|p2a: Schmitz|Magma Storm|p1a: Blissey
|-damage|p1a: Blissey|71/100
|-activate|p1a: Blissey|move: Magma Storm|[of] p2a: Schmitz
|move|p1a: Blissey|Seismic Toss|p2a: Schmitz
|-damage|p2a: Schmitz|59/100
|-status|p1a: Blissey|brn|[from] ability: Flame Body|[of] p2a: Schmitz
|
|-damage|p1a: Blissey|65/100 brn|[from] brn
|-damage|p1a: Blissey|52/100 brn|[from] move: Magma Storm|[partiallytrapped]
|upkeep
|turn|31
|inactive|FireBro11 has 120 seconds left.
|
|t:|1743788074
|move|p2a: Schmitz|Magma Storm|p1a: Blissey
|-damage|p1a: Blissey|39/100 brn
|move|p1a: Blissey|Soft-Boiled|p1a: Blissey
|-heal|p1a: Blissey|89/100 brn
|
|-damage|p1a: Blissey|83/100 brn|[from] brn
|-damage|p1a: Blissey|71/100 brn|[from] move: Magma Storm|[partiallytrapped]
|upkeep
|turn|32
|inactive|FireBro11 has 120 seconds left.
|
|t:|1743788083
|move|p2a: Schmitz|Magma Storm|p1a: Blissey|[miss]
|-miss|p2a: Schmitz|p1a: Blissey
|move|p1a: Blissey|Seismic Toss|p2a: Schmitz
|-damage|p2a: Schmitz|33/100
|
|-damage|p1a: Blissey|64/100 brn|[from] brn
|-damage|p1a: Blissey|52/100 brn|[from] move: Magma Storm|[partiallytrapped]
|upkeep
|turn|33
|
|t:|1743788092
|move|p2a: Schmitz|Magma Storm|p1a: Blissey
|-damage|p1a: Blissey|40/100 brn
|move|p1a: Blissey|Seismic Toss|p2a: Schmitz
|-damage|p2a: Schmitz|7/100
|
|-damage|p1a: Blissey|34/100 brn|[from] brn
|-damage|p1a: Blissey|21/100 brn|[from] move: Magma Storm|[partiallytrapped]
|upkeep
|turn|34
|
|t:|1743788100
|move|p2a: Schmitz|Magma Storm|p1a: Blissey|[miss]
|-miss|p2a: Schmitz|p1a: Blissey
|move|p1a: Blissey|Soft-Boiled|p1a: Blissey
|-heal|p1a: Blissey|71/100 brn
|
|-damage|p1a: Blissey|65/100 brn|[from] brn
|-damage|p1a: Blissey|53/100 brn|[from] move: Magma Storm|[partiallytrapped]
|upkeep
|turn|35
|
|t:|1743788113
|move|p2a: Schmitz|Earth Power|p1a: Blissey
|-damage|p1a: Blissey|45/100 brn
|move|p1a: Blissey|Soft-Boiled|p1a: Blissey
|-heal|p1a: Blissey|95/100 brn
|
|-damage|p1a: Blissey|89/100 brn|[from] brn
|-end|p1a: Blissey|Magma Storm|[partiallytrapped]
|upkeep
|turn|36
|
|t:|1743788122
|move|p2a: Schmitz|Earth Power|p1a: Blissey
|-damage|p1a: Blissey|81/100 brn
|move|p1a: Blissey|Seismic Toss|p2a: Schmitz
|-damage|p2a: Schmitz|0 fnt
|faint|p2a: Schmitz
|
|-damage|p1a: Blissey|75/100 brn|[from] brn
|upkeep
|
|t:|1743788131
|switch|p2a: Bossman TK|Terrakion|32/100
|-damage|p2a: Bossman TK|26/100|[from] Stealth Rock
|turn|37
|
|t:|1743788137
|-curestatus|p1a: Blissey|brn|[from] ability: Natural Cure
|switch|p1a: Clodsire|Clodsire, M|100/100
|move|p2a: Bossman TK|Close Combat|p1a: Clodsire
|-resisted|p1a: Clodsire
|-damage|p1a: Clodsire|79/100
|-unboost|p2a: Bossman TK|def|1
|-unboost|p2a: Bossman TK|spd|1
|
|upkeep
|turn|38
|
|t:|1743788152
|switch|p2a: Gambino|Kingambit, M|100/100
|-damage|p2a: Gambino|94/100|[from] Stealth Rock
|-activate|p2a: Gambino|ability: Supreme Overlord
|-start|p2a: Gambino|fallen1|[silent]
|move|p1a: Clodsire|Recover|p1a: Clodsire
|-heal|p1a: Clodsire|100/100
|
|upkeep
|turn|39
|
|t:|1743788166
|move|p2a: Gambino|Kowtow Cleave|p1a: Clodsire
|-crit|p1a: Clodsire
|-damage|p1a: Clodsire|27/100
|move|p1a: Clodsire|Earthquake|p2a: Gambino
|-supereffective|p2a: Gambino
|-damage|p2a: Gambino|56/100
|
|upkeep
|turn|40
|
|t:|1743788173
|move|p1a: Clodsire|Protect|p1a: Clodsire
|-singleturn|p1a: Clodsire|Protect
|move|p2a: Gambino|Kowtow Cleave|p1a: Clodsire
|-activate|p1a: Clodsire|move: Protect
|
|upkeep
|turn|41
|
|t:|1743788180
|switch|p1a: Ting-Lu|Ting-Lu|100/100
|-ability|p1a: Ting-Lu|Vessel of Ruin
|move|p2a: Gambino|Sucker Punch||[still]
|-fail|p2a: Gambino
|
|upkeep
|turn|42
|inactive|FireBro11 has 120 seconds left.
|
|t:|1743788216
|-end|p2a: Gambino|fallen1|[silent]
|switch|p2a: The Franchise|Greninja, M|35/100 tox
|-damage|p2a: The Franchise|22/100 tox|[from] Stealth Rock
|move|p1a: Ting-Lu|Ruination|p2a: The Franchise|[miss]
|-miss|p1a: Ting-Lu|p2a: The Franchise
|
|-damage|p2a: The Franchise|16/100 tox|[from] psn
|upkeep
|turn|43
|inactive|FireBro11 has 120 seconds left.
|
|t:|1743788230
|switch|p1a: Blissey|Blissey, F|75/100
|move|p2a: The Franchise|Ice Beam|p1a: Blissey
|-damage|p1a: Blissey|66/100
|
|-damage|p2a: The Franchise|4/100 tox|[from] psn
|upkeep
|turn|44
|inactive|FireBro11 has 120 seconds left.
|
|t:|1743788239
|move|p2a: The Franchise|Surf|p1a: Blissey
|-damage|p1a: Blissey|54/100
|move|p1a: Blissey|Soft-Boiled|p1a: Blissey
|-heal|p1a: Blissey|100/100
|
|-damage|p2a: The Franchise|0 fnt|[from] psn
|faint|p2a: The Franchise
|upkeep
|inactive|FireBro11 has 120 seconds left.
|
|t:|1743788247
|switch|p2a: Gambino|Kingambit, M|56/100
|-damage|p2a: Gambino|50/100|[from] Stealth Rock
|-activate|p2a: Gambino|ability: Supreme Overlord
|-start|p2a: Gambino|fallen2|[silent]
|turn|45
|inactive|FireBro11 has 120 seconds left.
|
|t:|1743788258
|switch|p1a: Ting-Lu|Ting-Lu|100/100
|-ability|p1a: Ting-Lu|Vessel of Ruin
|move|p2a: Gambino|Kowtow Cleave|p1a: Ting-Lu
|-resisted|p1a: Ting-Lu
|-damage|p1a: Ting-Lu|82/100
|
|upkeep
|turn|46
|
|t:|1743788266
|-terastallize|p2a: Gambino|Fairy
|move|p2a: Gambino|Tera Blast|p1a: Ting-Lu|[anim] Tera Blast Fairy
|-supereffective|p1a: Ting-Lu
|-damage|p1a: Ting-Lu|26/100
|move|p1a: Ting-Lu|Ruination|p2a: Gambino
|-damage|p2a: Gambino|25/100
|
|upkeep
|turn|47
|
|t:|1743788284
|switch|p1a: Clodsire|Clodsire, M|27/100
|move|p2a: Gambino|Tera Blast|p1a: Clodsire|[anim] Tera Blast Fairy
|-resisted|p1a: Clodsire
|-damage|p1a: Clodsire|7/100
|
|upkeep
|turn|48
|
|t:|1743788294
|move|p1a: Clodsire|Protect|p1a: Clodsire
|-singleturn|p1a: Clodsire|Protect
|move|p2a: Gambino|Sucker Punch||[still]
|-fail|p2a: Gambino
|
|upkeep
|turn|49
|
|t:|1743788301
|move|p2a: Gambino|Kowtow Cleave|p1a: Clodsire
|-damage|p1a: Clodsire|0 fnt
|faint|p1a: Clodsire
|
|upkeep
|
|t:|1743788320
|switch|p1a: Blissey|Blissey, F|100/100
|turn|50
|
|t:|1743788328
|move|p1a: Blissey|Seismic Toss|p2a: Gambino
|-damage|p2a: Gambino|0 fnt
|faint|p2a: Gambino
|-end|p2a: Gambino|fallen2|[silent]
|
|upkeep
|
|t:|1743788334
|switch|p2a: Sir Tusk|Great Tusk|33/100 tox
|-damage|p2a: Sir Tusk|30/100 tox|[from] Stealth Rock
|turn|51
|
|t:|1743788339
|switch|p1a: Clefable|Clefable, F|100/100
|move|p2a: Sir Tusk|Close Combat|p1a: Clefable
|-resisted|p1a: Clefable
|-damage|p1a: Clefable|78/100
|-unboost|p2a: Sir Tusk|def|1
|-unboost|p2a: Sir Tusk|spd|1
|
|-heal|p1a: Clefable|84/100|[from] item: Leftovers
|-damage|p2a: Sir Tusk|23/100 tox|[from] psn
|upkeep
|turn|52
|
|t:|1743788349
|move|p2a: Sir Tusk|Rapid Spin|p1a: Clefable
|-damage|p1a: Clefable|70/100
|-boost|p2a: Sir Tusk|spe|1
|-sideend|p2: FireBro11|Stealth Rock|[from] move: Rapid Spin|[of] p2a: Sir Tusk
|move|p1a: Clefable|Moonlight|p1a: Clefable
|-heal|p1a: Clefable|100/100
|
|-damage|p2a: Sir Tusk|11/100 tox|[from] psn
|upkeep
|turn|53
|
|t:|1743788360
|move|p1a: Clefable|Protect|p1a: Clefable
|-singleturn|p1a: Clefable|Protect
|move|p2a: Sir Tusk|Headlong Rush|p1a: Clefable
|-activate|p1a: Clefable|move: Protect
|
|-damage|p2a: Sir Tusk|0 fnt|[from] psn
|faint|p2a: Sir Tusk
|-end|p2a: Sir Tusk|Protosynthesis|[silent]
|upkeep
|
|t:|1743788372
|switch|p2a: Bossman TK|Terrakion|26/100
|turn|54
|
|t:|1743788379
|move|p2a: Bossman TK|Earthquake|p1a: Clefable
|-damage|p1a: Clefable|73/100
|move|p1a: Clefable|Moonblast|p2a: Bossman TK
|-supereffective|p2a: Bossman TK
|-damage|p2a: Bossman TK|0 fnt
|faint|p2a: Bossman TK
|
|-heal|p1a: Clefable|79/100|[from] item: Leftovers
|upkeep
|
|t:|1743788387
|switch|p2a: Ra|Raikou|73/100
|-ability|p2a: Ra|Pressure
|turn|55
|
|t:|1743788394
|switch|p1a: Blissey|Blissey, F|100/100
|move|p2a: Ra|Thunderbolt|p1a: Blissey
|-damage|p1a: Blissey|87/100
|-status|p1a: Blissey|par
|
|-heal|p2a: Ra|79/100|[from] item: Leftovers
|upkeep
|turn|56
|
|t:|1743788402
|-curestatus|p1a: Blissey|par|[from] ability: Natural Cure
|switch|p1a: Ting-Lu|Ting-Lu|26/100
|-ability|p1a: Ting-Lu|Vessel of Ruin
|move|p2a: Ra|Thunderbolt|p1a: Ting-Lu
|-immune|p1a: Ting-Lu
|
|-heal|p2a: Ra|85/100|[from] item: Leftovers
|upkeep
|turn|57
|
|t:|1743788411
|move|p2a: Ra|Aura Sphere|p1a: Ting-Lu
|-supereffective|p1a: Ting-Lu
|-damage|p1a: Ting-Lu|3/100
|move|p1a: Ting-Lu|Ruination|p2a: Ra
|-damage|p2a: Ra|43/100
|
|-heal|p2a: Ra|49/100|[from] item: Leftovers
|upkeep
|turn|58
|
|t:|1743788424
|move|p2a: Ra|Thunderbolt|p1a: Ting-Lu
|-immune|p1a: Ting-Lu
|move|p1a: Ting-Lu|Rest|p1a: Ting-Lu
|-status|p1a: Ting-Lu|slp|[from] move: Rest
|-heal|p1a: Ting-Lu|100/100 slp|[silent]
|
|-heal|p2a: Ra|55/100|[from] item: Leftovers
|upkeep
|turn|59
|
|t:|1743788433
|switch|p1a: Clefable|Clefable, F|79/100
|move|p2a: Ra|Aura Sphere|p1a: Clefable
|-resisted|p1a: Clefable
|-damage|p1a: Clefable|68/100
|
|-heal|p2a: Ra|62/100|[from] item: Leftovers
|-heal|p1a: Clefable|74/100|[from] item: Leftovers
|upkeep
|turn|60
|
|t:|1743788442
|move|p2a: Ra|Thunderbolt|p1a: Clefable
|-damage|p1a: Clefable|37/100
|move|p1a: Clefable|Knock Off|p2a: Ra
|-damage|p2a: Ra|41/100
|-enditem|p2a: Ra|Leftovers|[from] move: Knock Off|[of] p1a: Clefable
|
|-heal|p1a: Clefable|43/100|[from] item: Leftovers
|upkeep
|turn|61
|
|t:|1743788449
|move|p2a: Ra|Thunderbolt|p1a: Clefable
|-damage|p1a: Clefable|0 fnt
|faint|p1a: Clefable
|
|upkeep
|
|t:|1743788452
|switch|p1a: Blissey|Blissey, F|87/100
|turn|62
|
|t:|1743788457
|move|p2a: Ra|Aura Sphere|p1a: Blissey
|-supereffective|p1a: Blissey
|-damage|p1a: Blissey|72/100
|move|p1a: Blissey|Seismic Toss|p2a: Ra
|-damage|p2a: Ra|10/100
|
|upkeep
|turn|63
|
|t:|1743788464
|move|p2a: Ra|Aura Sphere|p1a: Blissey
|-supereffective|p1a: Blissey
|-damage|p1a: Blissey|56/100
|move|p1a: Blissey|Flamethrower|p2a: Ra
|-damage|p2a: Ra|0 fnt
|faint|p2a: Ra
|
|win|memer_is_a_slur
|raw|memer_is_a_slur's rating: 1261 &rarr; <strong>1283</strong><br />(+22 for winning)
|raw|FireBro11's rating: 1223 &rarr; <strong>1201</strong><br />(-22 for losing)
|l|☆memer_is_a_slur
|player|p1|
|c|☆FireBro11|gg
|l|☆FireBro11
|player|p2|
