|j|☆Ris8462
|j|☆geldren
|t:|1743908925
|gametype|singles
|player|p1|Ris8462|169|1116
|player|p2|geldren|265|1123
|teamsize|p1|6
|teamsize|p2|6
|gen|9
|tier|[Gen 9] OU
|rated|
|rule|HP Percentage Mod: HP is shown in percentages
|rule|Endless Battle Clause: Forcing endless battles is banned
|rule|Species Clause: Limit one of each Pokémon
|rule|OHKO Clause: OHKO moves are banned
|rule|Evasion Items Clause: Evasion items are banned
|rule|Evasion Moves Clause: Evasion moves are banned
|rule|Sleep Moves Clause: Sleep-inducing moves are banned
|clearpoke
|poke|p1|Heatran, M|
|poke|p1|Moltres|
|poke|p1|Charizard, M|
|poke|p1|Ninetales, F|
|poke|p1|Dragonite, M|
|poke|p1|Zapdos|
|poke|p2|Weavile, M|
|poke|p2|Latias, F|
|poke|p2|Corviknight, M|
|poke|p2|Iron Moth|
|poke|p2|Clefable, M|
|poke|p2|Meowscarada, M|
|teampreview
|
|t:|1743908933
|start
|switch|p1a: Ninetales|Ninetales, F|100/100
|switch|p2a: Meowscarada|Meowscarada, M|100/100
|-weather|SunnyDay|[from] ability: Drought|[of] p1a: Ninetales
|turn|1
|
|t:|1743908944
|switch|p1a: Charizard|Charizard, M|100/100
|move|p2a: Meowscarada|U-turn|p1a: Charizard
|-start|p2a: Meowscarada|typechange|Bug|[from] ability: Protean
|-resisted|p1a: Charizard
|-damage|p1a: Charizard|85/100
|-damage|p2a: Meowscarada|91/100|[from] item: Life Orb
|
|t:|1743908959
|switch|p2a: Iron Moth|Iron Moth|100/100|[from] U-turn
|
|-weather|SunnyDay|[upkeep]
|-damage|p1a: Charizard|73/100|[from] ability: Solar Power|[of] p1a: Charizard
|upkeep
|turn|2
|
|t:|1743908966
|-terastallize|p1a: Charizard|Fire
|move|p2a: Iron Moth|Discharge|p1a: Charizard
|-damage|p1a: Charizard|31/100
|-status|p1a: Charizard|par
|move|p1a: Charizard|Flamethrower|p2a: Iron Moth
|-resisted|p2a: Iron Moth
|-damage|p2a: Iron Moth|38/100
|
|-weather|SunnyDay|[upkeep]
|-damage|p1a: Charizard|19/100 par|[from] ability: Solar Power|[of] p1a: Charizard
|upkeep
|turn|3
|
|t:|1743908978
|move|p2a: Iron Moth|Sludge Wave|p1a: Charizard
|-damage|p1a: Charizard|0 fnt
|faint|p1a: Charizard
|
|-weather|SunnyDay|[upkeep]
|upkeep
|
|t:|1743908981
|switch|p1a: Dragonite|Dragonite, M|100/100
|turn|4
|
|t:|1743908987
|-end|p2a: Iron Moth|Quark Drive|[silent]
|switch|p2a: Corviknight|Corviknight, M|100/100
|move|p1a: Dragonite|Extreme Speed|p2a: Corviknight
|-resisted|p2a: Corviknight
|-damage|p2a: Corviknight|88/100
|-damage|p1a: Dragonite|84/100|[from] item: Rocky Helmet|[of] p2a: Corviknight
|-damage|p1a: Dragonite|74/100|[from] item: Life Orb
|
|-weather|SunnyDay|[upkeep]
|upkeep
|turn|5
|
|t:|1743908998
|move|p1a: Dragonite|Thunder Punch|p2a: Corviknight
|-supereffective|p2a: Corviknight
|-damage|p2a: Corviknight|36/100
|-damage|p1a: Dragonite|58/100|[from] item: Rocky Helmet|[of] p2a: Corviknight
|-damage|p1a: Dragonite|48/100|[from] item: Life Orb
|move|p2a: Corviknight|Brave Bird|p1a: Dragonite
|-damage|p1a: Dragonite|1/100
|-damage|p2a: Corviknight|23/100|[from] Recoil
|
|-weather|none
|upkeep
|turn|6
|
|t:|1743909010
|move|p1a: Dragonite|Thunder Punch|p2a: Corviknight
|-supereffective|p2a: Corviknight
|-damage|p2a: Corviknight|0 fnt
|-damage|p1a: Dragonite|0 fnt|[from] item: Rocky Helmet|[of] p2a: Corviknight
|faint|p2a: Corviknight
|faint|p1a: Dragonite
|
|upkeep
|
|t:|1743909023
|switch|p1a: Ninetales|Ninetales, F|100/100
|switch|p2a: Iron Moth|Iron Moth|38/100
|-weather|SunnyDay|[from] ability: Drought|[of] p1a: Ninetales
|turn|7
|
|t:|1743909035
|move|p2a: Iron Moth|Sludge Wave|p1a: Ninetales
|-damage|p1a: Ninetales|52/100
|move|p1a: Ninetales|Flamethrower|p2a: Iron Moth
|-resisted|p2a: Iron Moth
|-damage|p2a: Iron Moth|24/100
|
|-weather|SunnyDay|[upkeep]
|-heal|p1a: Ninetales|58/100|[from] item: Leftovers
|upkeep
|turn|8
|
|t:|1743909046
|switch|p1a: Heatran|Heatran, M|100/100
|-item|p1a: Heatran|Air Balloon
|move|p2a: Iron Moth|Sludge Wave|p1a: Heatran
|-immune|p1a: Heatran
|
|-weather|SunnyDay|[upkeep]
|upkeep
|turn|9
|
|t:|1743909056
|move|p2a: Iron Moth|Discharge|p1a: Heatran
|-damage|p1a: Heatran|75/100
|-enditem|p1a: Heatran|Air Balloon
|move|p1a: Heatran|Heat Wave|p2a: Iron Moth
|-resisted|p2a: Iron Moth
|-damage|p2a: Iron Moth|0 fnt
|faint|p2a: Iron Moth
|-end|p2a: Iron Moth|Quark Drive|[silent]
|
|-weather|SunnyDay|[upkeep]
|upkeep
|inactive|Battle timer is ON: inactive players will automatically lose when time's up. (requested by Ris8462)
|
|t:|1743909070
|switch|p2a: Meowscarada|Meowscarada, M|91/100
|turn|10
|
|t:|1743909075
|move|p2a: Meowscarada|Brick Break|p1a: Heatran
|-start|p2a: Meowscarada|typechange|Fighting|[from] ability: Protean
|-supereffective|p1a: Heatran
|-damage|p1a: Heatran|0 fnt
|faint|p1a: Heatran
|-damage|p2a: Meowscarada|81/100|[from] item: Life Orb
|
|-weather|SunnyDay|[upkeep]
|upkeep
|
|t:|1743909082
|switch|p1a: Moltres|Moltres|100/100
|turn|11
|
|t:|1743909087
|move|p2a: Meowscarada|Knock Off|p1a: Moltres
|-damage|p1a: Moltres|60/100
|-status|p2a: Meowscarada|brn|[from] ability: Flame Body|[of] p1a: Moltres
|-enditem|p1a: Moltres|Heavy-Duty Boots|[from] move: Knock Off|[of] p2a: Meowscarada
|-damage|p2a: Meowscarada|71/100 brn|[from] item: Life Orb
|move|p1a: Moltres|Flamethrower|p2a: Meowscarada
|-damage|p2a: Meowscarada|0 fnt
|faint|p2a: Meowscarada
|
|-weather|none
|upkeep
|
|t:|1743909109
|switch|p2a: Clefable|Clefable, M|100/100
|turn|12
|
|t:|1743909113
|switch|p1a: Ninetales|Ninetales, F|58/100
|-weather|SunnyDay|[from] ability: Drought|[of] p1a: Ninetales
|move|p2a: Clefable|Stealth Rock|p1a: Ninetales
|-sidestart|p1: Ris8462|move: Stealth Rock
|
|-weather|SunnyDay|[upkeep]
|-heal|p1a: Ninetales|64/100|[from] item: Leftovers
|upkeep
|turn|13
|
|t:|1743909122
|move|p1a: Ninetales|Will-O-Wisp|p2a: Clefable|[miss]
|-miss|p1a: Ninetales|p2a: Clefable
|move|p2a: Clefable|Thunder Wave|p1a: Ninetales
|-status|p1a: Ninetales|par
|
|-weather|SunnyDay|[upkeep]
|-heal|p1a: Ninetales|70/100 par|[from] item: Leftovers
|upkeep
|turn|14
|
|t:|1743909132
|move|p2a: Clefable|Moonblast|p1a: Ninetales
|-resisted|p1a: Ninetales
|-damage|p1a: Ninetales|52/100 par
|-unboost|p1a: Ninetales|spa|1
|move|p1a: Ninetales|Will-O-Wisp|p2a: Clefable
|-status|p2a: Clefable|brn
|
|-weather|SunnyDay|[upkeep]
|-heal|p1a: Ninetales|58/100 par|[from] item: Leftovers
|-damage|p2a: Clefable|94/100 brn|[from] brn
|upkeep
|turn|15
|
|t:|1743909144
|move|p1a: Ninetales|Protect|p1a: Ninetales
|-singleturn|p1a: Ninetales|Protect
|move|p2a: Clefable|Moonblast|p1a: Ninetales
|-activate|p1a: Ninetales|move: Protect
|
|-weather|SunnyDay|[upkeep]
|-heal|p2a: Clefable|100/100 brn|[from] item: Leftovers
|-heal|p1a: Ninetales|64/100 par|[from] item: Leftovers
|-damage|p2a: Clefable|94/100 brn|[from] brn
|upkeep
|turn|16
|
|t:|1743909155
|switch|p1a: Moltres|Moltres|60/100
|-damage|p1a: Moltres|10/100|[from] Stealth Rock
|move|p2a: Clefable|Moonblast|p1a: Moltres
|-resisted|p1a: Moltres
|-damage|p1a: Moltres|0 fnt
|faint|p1a: Moltres
|
|-weather|none
|-heal|p2a: Clefable|100/100 brn|[from] item: Leftovers
|-damage|p2a: Clefable|94/100 brn|[from] brn
|upkeep
|
|t:|1743909164
|switch|p1a: Zapdos|Zapdos|100/100
|turn|17
|
|t:|1743909171
|move|p1a: Zapdos|Volt Switch|p2a: Clefable
|-damage|p2a: Clefable|72/100 brn
|
|t:|1743909186
|switch|p1a: Ninetales|Ninetales, F|64/100 par|[from] Volt Switch
|-damage|p1a: Ninetales|39/100 par|[from] Stealth Rock
|-weather|SunnyDay|[from] ability: Drought|[of] p1a: Ninetales
|move|p2a: Clefable|Moonblast|p1a: Ninetales
|-resisted|p1a: Ninetales
|-damage|p1a: Ninetales|24/100 par
|-unboost|p1a: Ninetales|spa|1
|
|-weather|SunnyDay|[upkeep]
|-heal|p2a: Clefable|78/100 brn|[from] item: Leftovers
|-heal|p1a: Ninetales|30/100 par|[from] item: Leftovers
|-damage|p2a: Clefable|72/100 brn|[from] brn
|upkeep
|turn|18
|
|t:|1743909201
|move|p2a: Clefable|Moonblast|p1a: Ninetales
|-resisted|p1a: Ninetales
|-damage|p1a: Ninetales|13/100 par
|-unboost|p1a: Ninetales|spa|1
|move|p1a: Ninetales|Flamethrower|p2a: Clefable
|-damage|p2a: Clefable|44/100 brn
|
|-weather|SunnyDay|[upkeep]
|-heal|p2a: Clefable|50/100 brn|[from] item: Leftovers
|-heal|p1a: Ninetales|19/100 par|[from] item: Leftovers
|-damage|p2a: Clefable|44/100 brn|[from] brn
|upkeep
|turn|19
|
|t:|1743909214
|move|p1a: Ninetales|Protect|p1a: Ninetales
|-singleturn|p1a: Ninetales|Protect
|move|p2a: Clefable|Moonblast|p1a: Ninetales
|-activate|p1a: Ninetales|move: Protect
|
|-weather|SunnyDay|[upkeep]
|-heal|p2a: Clefable|50/100 brn|[from] item: Leftovers
|-heal|p1a: Ninetales|25/100 par|[from] item: Leftovers
|-damage|p2a: Clefable|44/100 brn|[from] brn
|upkeep
|turn|20
|
|t:|1743909225
|move|p2a: Clefable|Moonblast|p1a: Ninetales
|-resisted|p1a: Ninetales
|-damage|p1a: Ninetales|9/100 par
|move|p1a: Ninetales|Flamethrower|p2a: Clefable
|-damage|p2a: Clefable|17/100 brn
|
|-weather|SunnyDay|[upkeep]
|-heal|p2a: Clefable|23/100 brn|[from] item: Leftovers
|-heal|p1a: Ninetales|15/100 par|[from] item: Leftovers
|-damage|p2a: Clefable|17/100 brn|[from] brn
|upkeep
|turn|21
|
|t:|1743909236
|move|p1a: Ninetales|Protect|p1a: Ninetales
|-singleturn|p1a: Ninetales|Protect
|move|p2a: Clefable|Moonblast|p1a: Ninetales
|-activate|p1a: Ninetales|move: Protect
|
|-weather|none
|-heal|p2a: Clefable|23/100 brn|[from] item: Leftovers
|-heal|p1a: Ninetales|21/100 par|[from] item: Leftovers
|-damage|p2a: Clefable|17/100 brn|[from] brn
|upkeep
|turn|22
|inactive|Ris8462 has 120 seconds left.
|
|t:|1743909267
|switch|p1a: Zapdos|Zapdos|100/100
|move|p2a: Clefable|Moonblast|p1a: Zapdos
|-damage|p1a: Zapdos|76/100
|
|-heal|p2a: Clefable|23/100 brn|[from] item: Leftovers
|-damage|p2a: Clefable|17/100 brn|[from] brn
|upkeep
|turn|23
|
|t:|1743909277
|move|p1a: Zapdos|Volt Switch|p2a: Clefable
|-damage|p2a: Clefable|0 fnt
|faint|p2a: Clefable
|
|t:|1743909282
|switch|p1a: Ninetales|Ninetales, F|21/100 par|[from] Volt Switch
|-damage|p1a: Ninetales|0 fnt|[from] Stealth Rock
|faint|p1a: Ninetales
|
|upkeep
|
|t:|1743909290
|switch|p1a: Zapdos|Zapdos|76/100
|switch|p2a: Weavile|Weavile, M|100/100
|-ability|p2a: Weavile|Pressure
|turn|24
|
|t:|1743909299
|move|p2a: Weavile|Icicle Crash|p1a: Zapdos
|-supereffective|p1a: Zapdos
|-damage|p1a: Zapdos|0 fnt
|faint|p1a: Zapdos
|
|win|geldren
|raw|Ris8462's rating: 1116 &rarr; <strong>1092</strong><br />(-24 for losing)
|raw|geldren's rating: 1123 &rarr; <strong>1147</strong><br />(+24 for winning)
|l|☆Ris8462
|player|p1|
