|j|☆ttttllllldibdhejd
|j|☆Poison Ooze
|t:|1743827854
|gametype|singles
|player|p1|ttttllllldibdhejd|elesa|1127
|player|p2|Poison Ooze|psychic-lgpe|1075
|teamsize|p1|6
|teamsize|p2|6
|gen|9
|tier|[Gen 9] OU
|rated|
|rule|HP Percentage Mod: HP is shown in percentages
|rule|Endless Battle Clause: Forcing endless battles is banned
|rule|Species Clause: Limit one of each Pokémon
|rule|OHKO Clause: OHKO moves are banned
|rule|Evasion Items Clause: Evasion items are banned
|rule|Evasion Moves Clause: Evasion moves are banned
|rule|Sleep Moves Clause: Sleep-inducing moves are banned
|clearpoke
|poke|p1|Heatran, M|
|poke|p1|Volcanion|
|poke|p1|Torkoal, F|
|poke|p1|Venusaur, M|
|poke|p1|Walking Wake|
|poke|p1|Cloyster, F|
|poke|p2|Araquanid, F|
|poke|p2|Iron Treads|
|poke|p2|Cinderace, M|
|poke|p2|Kingambit, M|
|poke|p2|Pecharunt|
|poke|p2|Dragonite, F|
|teampreview
|inactive|Battle timer is ON: inactive players will automatically lose when time's up. (requested by ttttllllldibdhejd)
|
|t:|1743827868
|start
|switch|p1a: Cloyster|Cloyster, F|100/100
|switch|p2a: Araquanid|Araquanid, F, shiny|100/100
|turn|1
|
|t:|1743827877
|move|p1a: Cloyster|Shell Smash|p1a: Cloyster
|-unboost|p1a: Cloyster|def|1
|-unboost|p1a: Cloyster|spd|1
|-boost|p1a: Cloyster|atk|2
|-boost|p1a: Cloyster|spa|2
|-boost|p1a: Cloyster|spe|2
|move|p2a: Araquanid|Sticky Web|p1a: Cloyster
|-sidestart|p1: ttttllllldibdhejd|move: Sticky Web
|
|upkeep
|turn|2
|
|t:|1743827891
|move|p1a: Cloyster|Rock Blast|p2a: Araquanid|[miss]
|-miss|p1a: Cloyster|p2a: Araquanid
|move|p2a: Araquanid|Endeavor|p1a: Cloyster
|-immune|p1a: Cloyster
|
|upkeep
|turn|3
|c|☆Poison Ooze|awkward
|
|t:|1743827902
|switch|p2a: Iron Treads|Iron Treads|100/100
|-enditem|p2a: Iron Treads|Booster Energy
|-activate|p2a: Iron Treads|ability: Quark Drive|[fromitem]
|-start|p2a: Iron Treads|quarkdriveatk
|move|p1a: Cloyster|Shell Smash|p1a: Cloyster
|-unboost|p1a: Cloyster|def|1
|-unboost|p1a: Cloyster|spd|1
|-boost|p1a: Cloyster|atk|2
|-boost|p1a: Cloyster|spa|2
|-boost|p1a: Cloyster|spe|2
|
|upkeep
|turn|4
|
|t:|1743827919
|move|p1a: Cloyster|Razor Shell|p2a: Iron Treads
|-supereffective|p2a: Iron Treads
|-damage|p2a: Iron Treads|0 fnt
|faint|p2a: Iron Treads
|-end|p2a: Iron Treads|Quark Drive|[silent]
|
|upkeep
|
|t:|1743827927
|switch|p2a: Cinderace|Cinderace, M, shiny|100/100
|turn|5
|
|t:|1743827939
|move|p2a: Cinderace|Sucker Punch|p1a: Cloyster
|-damage|p1a: Cloyster|62/100
|move|p1a: Cloyster|Rock Blast|p2a: Cinderace
|-supereffective|p2a: Cinderace
|-damage|p2a: Cinderace|37/100
|-supereffective|p2a: Cinderace
|-damage|p2a: Cinderace|0 fnt
|faint|p2a: Cinderace
|-hitcount|p2: Cinderace|2
|
|upkeep
|
|t:|1743827948
|switch|p2a: Araquanid|Araquanid, F, shiny|100/100
|turn|6
|
|t:|1743827956
|move|p1a: Cloyster|Icicle Spear|p2a: Araquanid
|-resisted|p2a: Araquanid
|-damage|p2a: Araquanid|88/100
|-resisted|p2a: Araquanid
|-damage|p2a: Araquanid|75/100
|-resisted|p2a: Araquanid
|-damage|p2a: Araquanid|62/100
|-resisted|p2a: Araquanid
|-damage|p2a: Araquanid|48/100
|-resisted|p2a: Araquanid
|-damage|p2a: Araquanid|36/100
|-hitcount|p2a: Araquanid|5
|move|p2a: Araquanid|Lunge|p1a: Cloyster
|-damage|p1a: Cloyster|25/100
|-unboost|p1a: Cloyster|atk|1
|
|upkeep
|turn|7
|
|t:|1743827975
|move|p1a: Cloyster|Icicle Spear|p2a: Araquanid
|-resisted|p2a: Araquanid
|-damage|p2a: Araquanid|26/100
|-resisted|p2a: Araquanid
|-damage|p2a: Araquanid|15/100
|-resisted|p2a: Araquanid
|-damage|p2a: Araquanid|4/100
|-resisted|p2a: Araquanid
|-damage|p2a: Araquanid|0 fnt
|faint|p2a: Araquanid
|-hitcount|p2: Araquanid|4
|
|upkeep
|
|t:|1743827978
|switch|p2a: Kingambit|Kingambit, M|100/100
|-activate|p2a: Kingambit|ability: Supreme Overlord
|-start|p2a: Kingambit|fallen3|[silent]
|turn|8
|
|t:|1743827989
|move|p2a: Kingambit|Sucker Punch|p1a: Cloyster
|-damage|p1a: Cloyster|0 fnt
|faint|p1a: Cloyster
|
|upkeep
|
|t:|1743827997
|switch|p1a: Torkoal|Torkoal, F|100/100
|-activate|p1a: Torkoal|move: Sticky Web
|-unboost|p1a: Torkoal|spe|1
|-weather|SunnyDay|[from] ability: Drought|[of] p1a: Torkoal
|turn|9
|
|t:|1743828006
|move|p2a: Kingambit|Kowtow Cleave|p1a: Torkoal
|-damage|p1a: Torkoal|42/100
|move|p1a: Torkoal|Will-O-Wisp|p2a: Kingambit
|-status|p2a: Kingambit|brn
|
|-weather|SunnyDay|[upkeep]
|-damage|p2a: Kingambit|94/100 brn|[from] brn
|upkeep
|turn|10
|
|t:|1743828016
|move|p2a: Kingambit|Swords Dance|p2a: Kingambit
|-boost|p2a: Kingambit|atk|2
|move|p1a: Torkoal|Rapid Spin|p2a: Kingambit
|-resisted|p2a: Kingambit
|-damage|p2a: Kingambit|90/100 brn
|-boost|p1a: Torkoal|spe|1
|-sideend|p1: ttttllllldibdhejd|Sticky Web|[from] move: Rapid Spin|[of] p1a: Torkoal
|
|-weather|SunnyDay|[upkeep]
|-damage|p2a: Kingambit|83/100 brn|[from] brn
|upkeep
|turn|11
|
|t:|1743828035
|move|p2a: Kingambit|Swords Dance|p2a: Kingambit
|-boost|p2a: Kingambit|atk|2
|move|p1a: Torkoal|Flare Blitz|p2a: Kingambit
|-supereffective|p2a: Kingambit
|-damage|p2a: Kingambit|0 fnt
|faint|p2a: Kingambit
|-end|p2a: Kingambit|fallen3|[silent]
|-damage|p1a: Torkoal|15/100|[from] Recoil
|
|-weather|SunnyDay|[upkeep]
|upkeep
|
|t:|1743828043
|switch|p2a: Pecharunt|Pecharunt|100/100
|-item|p2a: Pecharunt|Air Balloon
|turn|12
|
|t:|1743828052
|switch|p1a: Heatran|Heatran, M|100/100
|move|p2a: Pecharunt|Nasty Plot|p2a: Pecharunt
|-boost|p2a: Pecharunt|spa|2
|
|-weather|SunnyDay|[upkeep]
|upkeep
|turn|13
|
|t:|1743828060
|-terastallize|p2a: Pecharunt|Fighting
|move|p2a: Pecharunt|Tera Blast|p1a: Heatran|[anim] Tera Blast Fighting
|-supereffective|p1a: Heatran
|-damage|p1a: Heatran|0 fnt
|faint|p1a: Heatran
|
|-weather|SunnyDay|[upkeep]
|upkeep
|
|t:|1743828080
|switch|p1a: Volcanion|Volcanion|100/100
|turn|14
|
|t:|1743828091
|-terastallize|p1a: Volcanion|Flying
|move|p2a: Pecharunt|Malignant Chain|p1a: Volcanion
|-damage|p1a: Volcanion|3/100
|-status|p1a: Volcanion|tox
|-start|p1a: Volcanion|confusion|[from] ability: Poison Puppeteer|[of] p2a: Pecharunt
|-enditem|p1a: Volcanion|Sitrus Berry|[eat]
|-heal|p1a: Volcanion|28/100 tox|[from] item: Sitrus Berry
|-activate|p1a: Volcanion|confusion
|-damage|p1a: Volcanion|16/100 tox|[from] confusion
|
|-weather|SunnyDay|[upkeep]
|-damage|p1a: Volcanion|10/100 tox|[from] psn
|upkeep
|turn|15
|
|t:|1743828101
|move|p2a: Pecharunt|Shadow Ball|p1a: Volcanion
|-damage|p1a: Volcanion|0 fnt
|faint|p1a: Volcanion
|
|-weather|SunnyDay|[upkeep]
|upkeep
|c|☆Poison Ooze|based
|
|t:|1743828105
|switch|p1a: Walking Wake|Walking Wake|100/100
|-activate|p1a: Walking Wake|ability: Protosynthesis
|-start|p1a: Walking Wake|protosynthesisspa
|turn|16
|
|t:|1743828113
|move|p1a: Walking Wake|Hurricane|p2a: Pecharunt|[miss]
|-miss|p1a: Walking Wake|p2a: Pecharunt
|move|p2a: Pecharunt|Malignant Chain|p1a: Walking Wake
|-damage|p1a: Walking Wake|0 fnt
|faint|p1a: Walking Wake
|-end|p1a: Walking Wake|Protosynthesis|[silent]
|
|-weather|none
|upkeep
|c|☆Poison Ooze|based
|c|☆Poison Ooze|``poison ooze baby``
|inactive|ttttllllldibdhejd has 120 seconds left.
|inactive|ttttllllldibdhejd has 90 seconds left.
|inactive|ttttllllldibdhejd has 60 seconds left.
|inactive|ttttllllldibdhejd has 30 seconds left.
|inactive|ttttllllldibdhejd has 20 seconds left.
|inactive|ttttllllldibdhejd has 15 seconds left.
|inactive|ttttllllldibdhejd has 10 seconds left.
|inactive|ttttllllldibdhejd has 5 seconds left.
|-message|ttttllllldibdhejd lost due to inactivity.
|
|win|Poison Ooze
|raw|ttttllllldibdhejd's rating: 1127 &rarr; <strong>1098</strong><br />(-29 for losing)
|raw|Poison Ooze's rating: 1075 &rarr; <strong>1108</strong><br />(+33 for winning)
|l|☆Poison Ooze
|player|p2|
