|j|☆Yhxx
|j|☆H85le4
|t:|1743823343
|gametype|singles
|player|p1|Yhxx|101|1145
|player|p2|H85le4|swimmer-gen4dp|1104
|teamsize|p1|6
|teamsize|p2|6
|gen|9
|tier|[Gen 9] OU
|rated|
|rule|HP Percentage Mod: HP is shown in percentages
|rule|Endless Battle Clause: Forcing endless battles is banned
|rule|Species Clause: Limit one of each Pokémon
|rule|OHKO Clause: OHKO moves are banned
|rule|Evasion Items Clause: Evasion items are banned
|rule|Evasion Moves Clause: Evasion moves are banned
|rule|Sleep Moves Clause: Sleep-inducing moves are banned
|clearpoke
|poke|p1|Pelipper, M|
|poke|p1|Tornadus-Therian, M|
|poke|p1|Zapdos|
|poke|p1|Slowking, M|
|poke|p1|Tinkaton, F|
|poke|p1|Crawdaunt, M|
|poke|p2|Infernape, M|
|poke|p2|Morgrem, M|
|poke|p2|Dondozo, F|
|poke|p2|Iron Treads|
|poke|p2|Sinistcha|
|poke|p2|Clefable, F|
|teampreview
|inactive|Battle timer is ON: inactive players will automatically lose when time's up. (requested by Yhxx)
|inactive|H85le4 has 120 seconds left.
|
|t:|1743823386
|start
|switch|p1a: Pelipper|Pelipper, M, shiny|100/100
|switch|p2a: Morgrem|Morgrem, M|100/100
|-weather|RainDance|[from] ability: Drizzle|[of] p1a: Pelipper
|turn|1
|l|☆H85le4
|inactive|H85le4 disconnected and has a minute to reconnect!
|player|p2|
|inactive|Yhxx has 120 seconds left.
|
|t:|1743823417
|-terastallize|p1a: Pelipper|Ground
|move|p2a: Morgrem|Light Screen|p2a: Morgrem
|-sidestart|p2: H85le4|move: Light Screen
|move|p1a: Pelipper|Hurricane|p2a: Morgrem
|-damage|p2a: Morgrem|82/100
|
|-weather|RainDance|[upkeep]
|upkeep
|turn|2
|inactive|H85le4 has 30 seconds to reconnect!
|j|☆H85le4
|inactive|H85le4 reconnected and has 120 seconds left.
|player|p2|H85le4|swimmer-gen4dp|
|inactive|H85le4 has 90 seconds left.
|
|t:|1743823478
|switch|p2a: Sinistcha|Sinistcha|100/100
|move|p1a: Pelipper|U-turn|p2a: Sinistcha
|-damage|p2a: Sinistcha|94/100
|inactive|Yhxx has 120 seconds left.
|
|t:|1743823500
|switch|p1a: Tornadus|Tornadus-Therian, M, shiny|100/100|[from] U-turn
|
|-weather|RainDance|[upkeep]
|-heal|p2a: Sinistcha|99/100|[from] item: Leftovers
|upkeep
|turn|3
|
|t:|1743823508
|move|p1a: Tornadus|Knock Off|p2a: Sinistcha
|-supereffective|p2a: Sinistcha
|-damage|p2a: Sinistcha|69/100
|-enditem|p2a: Sinistcha|Leftovers|[from] move: Knock Off|[of] p1a: Tornadus
|move|p2a: Sinistcha|Calm Mind|p2a: Sinistcha
|-boost|p2a: Sinistcha|spa|1
|-boost|p2a: Sinistcha|spd|1
|
|-weather|RainDance|[upkeep]
|upkeep
|turn|4
|inactive|Yhxx has 120 seconds left.
|
|t:|1743823518
|move|p1a: Tornadus|Hurricane|p2a: Sinistcha
|-supereffective|p2a: Sinistcha
|-damage|p2a: Sinistcha|23/100
|move|p2a: Sinistcha|Strength Sap|p1a: Tornadus
|-unboost|p1a: Tornadus|atk|1
|-heal|p2a: Sinistcha|92/100
|
|-weather|RainDance|[upkeep]
|upkeep
|turn|5
|inactive|Yhxx has 120 seconds left.
|
|t:|1743823531
|move|p1a: Tornadus|Hurricane|p2a: Sinistcha
|-supereffective|p2a: Sinistcha
|-damage|p2a: Sinistcha|51/100
|move|p2a: Sinistcha|Calm Mind|p2a: Sinistcha
|-boost|p2a: Sinistcha|spa|1
|-boost|p2a: Sinistcha|spd|1
|
|-weather|none
|-sideend|p2: H85le4|move: Light Screen
|upkeep
|turn|6
|inactive|Yhxx has 120 seconds left.
|
|t:|1743823543
|move|p1a: Tornadus|Hurricane|p2a: Sinistcha
|-supereffective|p2a: Sinistcha
|-damage|p2a: Sinistcha|0 fnt
|faint|p2a: Sinistcha
|
|upkeep
|
|t:|1743823550
|switch|p2a: Iron Treads|Iron Treads, shiny|100/100
|turn|7
|inactive|Yhxx has 120 seconds left.
|
|t:|1743823578
|switch|p1a: Slowking|Slowking, M, shiny|100/100
|move|p2a: Iron Treads|Rapid Spin|p1a: Slowking
|-damage|p1a: Slowking|84/100
|-boost|p2a: Iron Treads|spe|1
|
|-heal|p1a: Slowking|90/100|[from] item: Leftovers
|upkeep
|turn|8
|inactive|H85le4 has 120 seconds left.
|
|t:|1743823604
|-end|p2a: Iron Treads|Quark Drive|[silent]
|switch|p2a: Morgrem|Morgrem, M|82/100
|move|p1a: Slowking|Hydro Pump|p2a: Morgrem|[miss]
|-miss|p1a: Slowking|p2a: Morgrem
|
|-heal|p1a: Slowking|96/100|[from] item: Leftovers
|upkeep
|turn|9
|inactive|Yhxx has 120 seconds left.
|
|t:|1743823625
|switch|p1a: Tinkaton|Tinkaton, F, shiny|100/100
|-ability|p1a: Tinkaton|Mold Breaker
|-item|p1a: Tinkaton|Air Balloon
|move|p2a: Morgrem|Light Screen|p2a: Morgrem
|-sidestart|p2: H85le4|move: Light Screen
|
|upkeep
|turn|10
|
|t:|1743823634
|move|p2a: Morgrem|Reflect|p2a: Morgrem
|-sidestart|p2: H85le4|Reflect
|move|p1a: Tinkaton|Stealth Rock|p2a: Morgrem
|-sidestart|p2: H85le4|move: Stealth Rock
|
|upkeep
|turn|11
|
|t:|1743823648
|move|p1a: Tinkaton|Thunder Wave|p2a: Morgrem|[miss]
|-miss|p1a: Tinkaton|p2a: Morgrem
|move|p2a: Morgrem|Chilling Water|p1a: Tinkaton
|-damage|p1a: Tinkaton|94/100
|-unboost|p1a: Tinkaton|atk|1
|-enditem|p1a: Tinkaton|Air Balloon
|
|upkeep
|turn|12
|
|t:|1743823658
|move|p2a: Morgrem|Thunder Wave|p1a: Tinkaton
|-status|p1a: Tinkaton|par
|move|p1a: Tinkaton|Gigaton Hammer|p2a: Morgrem
|-supereffective|p2a: Morgrem
|-damage|p2a: Morgrem|52/100
|
|upkeep
|turn|13
|inactive|Yhxx has 120 seconds left.
|
|t:|1743823668
|switch|p2a: Iron Treads|Iron Treads, shiny|100/100
|-damage|p2a: Iron Treads|97/100|[from] Stealth Rock
|move|p1a: Tinkaton|Thunder Wave|p2a: Iron Treads
|-immune|p2a: Iron Treads
|
|-sideend|p2: H85le4|move: Light Screen
|upkeep
|turn|14
|inactive|Yhxx has 120 seconds left.
|
|t:|1743823678
|switch|p1a: Zapdos|Zapdos, shiny|100/100
|move|p2a: Iron Treads|Rapid Spin|p1a: Zapdos
|-damage|p1a: Zapdos|90/100
|-boost|p2a: Iron Treads|spe|1
|-sideend|p2: H85le4|Stealth Rock|[from] move: Rapid Spin|[of] p2a: Iron Treads
|
|-heal|p1a: Zapdos|96/100|[from] item: Leftovers
|-sideend|p2: H85le4|Reflect
|upkeep
|turn|15
|inactive|Yhxx has 120 seconds left.
|
|t:|1743823693
|move|p2a: Iron Treads|Stone Edge|p1a: Zapdos
|-supereffective|p1a: Zapdos
|-crit|p1a: Zapdos
|-damage|p1a: Zapdos|33/100
|move|p1a: Zapdos|U-turn|p2a: Iron Treads
|-resisted|p2a: Iron Treads
|-damage|p2a: Iron Treads|92/100
|inactive|Yhxx has 120 seconds left.
|
|t:|1743823700
|switch|p1a: Slowking|Slowking, M, shiny|100/100|[from] U-turn
|
|upkeep
|turn|16
|
|t:|1743823706
|-end|p2a: Iron Treads|Quark Drive|[silent]
|switch|p2a: Dondozo|Dondozo, F, shiny|100/100
|move|p1a: Slowking|Hydro Pump|p2a: Dondozo|[miss]
|-miss|p1a: Slowking|p2a: Dondozo
|
|upkeep
|turn|17
|
|t:|1743823717
|switch|p1a: Tinkaton|Tinkaton, F, shiny|94/100 par
|-ability|p1a: Tinkaton|Mold Breaker
|move|p2a: Dondozo|Earthquake|p1a: Tinkaton
|-supereffective|p1a: Tinkaton
|-damage|p1a: Tinkaton|12/100 par
|
|upkeep
|turn|18
|
|t:|1743823726
|cant|p1a: Tinkaton|par
|move|p2a: Dondozo|Liquidation|p1a: Tinkaton
|-damage|p1a: Tinkaton|0 fnt
|faint|p1a: Tinkaton
|
|upkeep
|
|t:|1743823733
|switch|p1a: Pelipper|Pelipper, M, shiny, tera:Ground|100/100
|-weather|RainDance|[from] ability: Drizzle|[of] p1a: Pelipper
|turn|19
|
|t:|1743823743
|move|p1a: Pelipper|Hurricane|p2a: Dondozo
|-damage|p2a: Dondozo|79/100
|-start|p2a: Dondozo|confusion
|-activate|p2a: Dondozo|confusion
|-damage|p2a: Dondozo|71/100|[from] confusion
|
|-weather|RainDance|[upkeep]
|upkeep
|turn|20
|
|t:|1743823752
|move|p1a: Pelipper|U-turn|p2a: Dondozo
|-damage|p2a: Dondozo|66/100
|
|t:|1743823754
|switch|p1a: Zapdos|Zapdos, shiny|33/100|[from] U-turn
|-activate|p2a: Dondozo|confusion
|move|p2a: Dondozo|Liquidation|p1a: Zapdos
|-damage|p1a: Zapdos|0 fnt
|-status|p2a: Dondozo|par|[from] ability: Static|[of] p1a: Zapdos
|faint|p1a: Zapdos
|
|-weather|RainDance|[upkeep]
|upkeep
|
|t:|1743823770
|switch|p1a: Crawdaunt|Crawdaunt, M, shiny|100/100
|turn|21
|
|t:|1743823778
|move|p1a: Crawdaunt|Knock Off|p2a: Dondozo
|-damage|p2a: Dondozo|7/100 par
|-enditem|p2a: Dondozo|Assault Vest|[from] move: Knock Off|[of] p1a: Crawdaunt
|-damage|p1a: Crawdaunt|90/100|[from] item: Life Orb
|-activate|p2a: Dondozo|confusion
|-damage|p2a: Dondozo|0 fnt|[from] confusion
|faint|p2a: Dondozo
|
|-weather|RainDance|[upkeep]
|upkeep
|
|t:|1743823788
|switch|p2a: Morgrem|Morgrem, M|52/100
|turn|22
|
|t:|1743823792
|move|p2a: Morgrem|Reflect|p2a: Morgrem
|-sidestart|p2: H85le4|Reflect
|move|p1a: Crawdaunt|Aqua Jet|p2a: Morgrem
|-damage|p2a: Morgrem|22/100
|-damage|p1a: Crawdaunt|80/100|[from] item: Life Orb
|
|-weather|RainDance|[upkeep]
|upkeep
|turn|23
|
|t:|1743823801
|move|p1a: Crawdaunt|Aqua Jet|p2a: Morgrem
|-damage|p2a: Morgrem|0 fnt
|faint|p2a: Morgrem
|-damage|p1a: Crawdaunt|70/100|[from] item: Life Orb
|
|-weather|none
|upkeep
|
|t:|1743823812
|switch|p2a: Clefable|Clefable, F|100/100
|turn|24
|
|t:|1743823817
|switch|p1a: Pelipper|Pelipper, M, shiny, tera:Ground|100/100
|-weather|RainDance|[from] ability: Drizzle|[of] p1a: Pelipper
|move|p2a: Clefable|Cosmic Power|p2a: Clefable
|-boost|p2a: Clefable|def|1
|-boost|p2a: Clefable|spd|1
|
|-weather|RainDance|[upkeep]
|upkeep
|turn|25
|
|t:|1743823829
|move|p1a: Pelipper|Hurricane|p2a: Clefable
|-damage|p2a: Clefable|77/100
|move|p2a: Clefable|Cosmic Power|p2a: Clefable
|-boost|p2a: Clefable|def|1
|-boost|p2a: Clefable|spd|1
|
|-weather|RainDance|[upkeep]
|upkeep
|turn|26
|
|t:|1743823839
|move|p1a: Pelipper|Hurricane|p2a: Clefable
|-crit|p2a: Clefable
|-damage|p2a: Clefable|23/100
|move|p2a: Clefable|Cosmic Power|p2a: Clefable
|-boost|p2a: Clefable|def|1
|-boost|p2a: Clefable|spd|1
|
|-weather|RainDance|[upkeep]
|-sideend|p2: H85le4|Reflect
|upkeep
|turn|27
|
|t:|1743823851
|move|p1a: Pelipper|Hurricane|p2a: Clefable
|-damage|p2a: Clefable|9/100
|move|p2a: Clefable|Draining Kiss|p1a: Pelipper
|-damage|p1a: Pelipper|61/100
|-heal|p2a: Clefable|34/100|[from] drain|[of] p1a: Pelipper
|
|-weather|RainDance|[upkeep]
|-heal|p1a: Pelipper|67/100|[from] item: Leftovers
|upkeep
|turn|28
|
|t:|1743823864
|move|p1a: Pelipper|Hurricane|p2a: Clefable
|-damage|p2a: Clefable|21/100
|-start|p2a: Clefable|confusion
|-activate|p2a: Clefable|confusion
|move|p2a: Clefable|Draining Kiss|p1a: Pelipper
|-crit|p1a: Pelipper
|-damage|p1a: Pelipper|7/100
|-heal|p2a: Clefable|58/100|[from] drain|[of] p1a: Pelipper
|
|-weather|none
|-heal|p1a: Pelipper|13/100|[from] item: Leftovers
|upkeep
|turn|29
|
|t:|1743823880
|move|p1a: Pelipper|U-turn|p2a: Clefable
|-resisted|p2a: Clefable
|-damage|p2a: Clefable|56/100
|
|t:|1743823889
|switch|p1a: Slowking|Slowking, M, shiny|100/100|[from] U-turn
|-activate|p2a: Clefable|confusion
|move|p2a: Clefable|Draining Kiss|p1a: Slowking
|-damage|p1a: Slowking|78/100
|-heal|p2a: Clefable|74/100|[from] drain|[of] p1a: Slowking
|
|-heal|p1a: Slowking|84/100|[from] item: Leftovers
|upkeep
|turn|30
|
|t:|1743823900
|-activate|p2a: Clefable|confusion
|move|p2a: Clefable|Charge Beam|p1a: Slowking
|-supereffective|p1a: Slowking
|-damage|p1a: Slowking|53/100
|-boost|p2a: Clefable|spa|1
|move|p1a: Slowking|Nasty Plot|p1a: Slowking
|-boost|p1a: Slowking|spa|2
|
|-heal|p1a: Slowking|59/100|[from] item: Leftovers
|upkeep
|turn|31
|
|t:|1743823912
|-end|p2a: Clefable|confusion
|move|p2a: Clefable|Charge Beam|p1a: Slowking
|-supereffective|p1a: Slowking
|-damage|p1a: Slowking|13/100
|-boost|p2a: Clefable|spa|1
|move|p1a: Slowking|Psyshock|p2a: Clefable
|-damage|p2a: Clefable|38/100
|
|-heal|p1a: Slowking|19/100|[from] item: Leftovers
|upkeep
|turn|32
|
|t:|1743823925
|move|p2a: Clefable|Draining Kiss|p1a: Slowking
|-damage|p1a: Slowking|0 fnt
|-heal|p2a: Clefable|52/100|[from] drain|[of] p1a: Slowking
|faint|p1a: Slowking
|
|upkeep
|
|t:|1743823931
|switch|p1a: Pelipper|Pelipper, M, shiny, tera:Ground|13/100
|-weather|RainDance|[from] ability: Drizzle|[of] p1a: Pelipper
|turn|33
|
|t:|1743823936
|move|p1a: Pelipper|Hurricane|p2a: Clefable
|-damage|p2a: Clefable|38/100
|move|p2a: Clefable|Draining Kiss|p1a: Pelipper
|-damage|p1a: Pelipper|0 fnt
|-heal|p2a: Clefable|46/100|[from] drain|[of] p1a: Pelipper
|faint|p1a: Pelipper
|
|-weather|RainDance|[upkeep]
|upkeep
|
|t:|1743823948
|switch|p1a: Tornadus|Tornadus-Therian, M, shiny|100/100
|turn|34
|
|t:|1743823973
|move|p1a: Tornadus|Hurricane|p2a: Clefable
|-damage|p2a: Clefable|23/100
|-start|p2a: Clefable|confusion
|-activate|p2a: Clefable|confusion
|move|p2a: Clefable|Draining Kiss|p1a: Tornadus
|-damage|p1a: Tornadus|59/100
|-heal|p2a: Clefable|52/100|[from] drain|[of] p1a: Tornadus
|
|-weather|RainDance|[upkeep]
|upkeep
|turn|35
|
|t:|1743823991
|move|p1a: Tornadus|Hurricane|p2a: Clefable
|-damage|p2a: Clefable|33/100
|-activate|p2a: Clefable|confusion
|move|p2a: Clefable|Cosmic Power|p2a: Clefable
|-boost|p2a: Clefable|def|1
|-boost|p2a: Clefable|spd|1
|
|-weather|RainDance|[upkeep]
|upkeep
|turn|36
|
|t:|1743824000
|move|p1a: Tornadus|Knock Off|p2a: Clefable
|-resisted|p2a: Clefable
|-damage|p2a: Clefable|29/100
|-enditem|p2a: Clefable|Life Orb|[from] move: Knock Off|[of] p1a: Tornadus
|-activate|p2a: Clefable|confusion
|move|p2a: Clefable|Draining Kiss|p1a: Tornadus
|-damage|p1a: Tornadus|24/100
|-heal|p2a: Clefable|53/100|[from] drain|[of] p1a: Tornadus
|
|-weather|RainDance|[upkeep]
|upkeep
|turn|37
|inactive|H85le4 has 120 seconds left.
|
|t:|1743824021
|move|p1a: Tornadus|Hurricane|p2a: Clefable
|-damage|p2a: Clefable|36/100
|-activate|p2a: Clefable|confusion
|-damage|p2a: Clefable|34/100|[from] confusion
|
|-weather|none
|upkeep
|turn|38
|
|t:|1743824029
|move|p1a: Tornadus|Hurricane|p2a: Clefable
|-damage|p2a: Clefable|17/100
|-end|p2a: Clefable|confusion
|move|p2a: Clefable|Draining Kiss|p1a: Tornadus
|-damage|p1a: Tornadus|0 fnt
|-heal|p2a: Clefable|33/100|[from] drain|[of] p1a: Tornadus
|faint|p1a: Tornadus
|
|upkeep
|
|t:|1743824038
|switch|p1a: Crawdaunt|Crawdaunt, M, shiny|70/100
|turn|39
|
|t:|1743824042
|move|p1a: Crawdaunt|Aqua Jet|p2a: Clefable
|-damage|p2a: Clefable|18/100
|-damage|p1a: Crawdaunt|60/100|[from] item: Life Orb
|move|p2a: Clefable|Draining Kiss|p1a: Crawdaunt
|-supereffective|p1a: Crawdaunt
|-damage|p1a: Crawdaunt|0 fnt
|-heal|p2a: Clefable|56/100|[from] drain|[of] p1a: Crawdaunt
|faint|p1a: Crawdaunt
|
|win|H85le4
|raw|Yhxx's rating: 1145 &rarr; <strong>1117</strong><br />(-28 for losing)
|raw|H85le4's rating: 1104 &rarr; <strong>1132</strong><br />(+28 for winning)
|l|☆Yhxx
|player|p1|
|l|☆H85le4
|player|p2|
