|j|☆ne_kerel
|j|☆Etouraptamere
|t:|1743863536
|gametype|singles
|player|p1|ne_kerel|fisherman-gen4|1501
|player|p2|Etouraptamere|266|1541
|teamsize|p1|6
|teamsize|p2|6
|gen|9
|tier|[Gen 9] OU
|rated|
|rule|HP Percentage Mod: HP is shown in percentages
|rule|Endless Battle Clause: Forcing endless battles is banned
|rule|Species Clause: Limit one of each Pokémon
|rule|OHKO Clause: OHKO moves are banned
|rule|Evasion Items Clause: Evasion items are banned
|rule|Evasion Moves Clause: Evasion moves are banned
|rule|Sleep Moves Clause: Sleep-inducing moves are banned
|clearpoke
|poke|p1|Whimsicott, F|
|poke|p1|Ninetales, M|
|poke|p1|Ceruledge, F|
|poke|p1|Walking Wake|
|poke|p1|Comfey, M|
|poke|p1|Great Tusk|
|poke|p2|Dragapult, M|
|poke|p2|Raging Bolt|
|poke|p2|Great Tusk|
|poke|p2|Samurott-Hisui, F|
|poke|p2|Moltres|
|poke|p2|Iron Crown|
|teampreview
|
|t:|1743863544
|start
|switch|p1a: Ninetales|Ninetales, M|100/100
|switch|p2a: Iron Crown|Iron Crown|100/100
|-weather|SunnyDay|[from] ability: Drought|[of] p1a: Ninetales
|turn|1
|inactive|Battle timer is ON: inactive players will automatically lose when time's up. (requested by Etouraptamere)
|
|t:|1743863551
|move|p1a: Ninetales|Weather Ball|p2a: Iron Crown
|-supereffective|p2a: Iron Crown
|-crit|p2a: Iron Crown
|-damage|p2a: Iron Crown|16/100
|move|p2a: Iron Crown|Volt Switch|p1a: Ninetales
|-damage|p1a: Ninetales|78/100
|
|t:|1743863559
|-end|p2a: Iron Crown|Quark Drive|[silent]
|switch|p2a: Dragapult|Dragapult, M|100/100|[from] Volt Switch
|
|-weather|SunnyDay|[upkeep]
|upkeep
|turn|2
|
|t:|1743863566
|switch|p1a: Comfey|Comfey, M|100/100
|move|p2a: Dragapult|Dragon Darts|p1a: Comfey
|-immune|p1a: Comfey
|
|-weather|SunnyDay|[upkeep]
|upkeep
|turn|3
|
|t:|1743863574
|switch|p2a: Moltres|Moltres|100/100
|move|p1a: Comfey|Growth|p1a: Comfey
|-boost|p1a: Comfey|atk|2
|-boost|p1a: Comfey|spa|2
|
|-weather|SunnyDay|[upkeep]
|upkeep
|turn|4
|
|t:|1743863584
|switch|p1a: Walking Wake|Walking Wake|100/100
|-activate|p1a: Walking Wake|ability: Protosynthesis
|-start|p1a: Walking Wake|protosynthesisspe
|move|p2a: Moltres|Flamethrower|p1a: Walking Wake
|-resisted|p1a: Walking Wake
|-damage|p1a: Walking Wake|81/100
|
|-weather|SunnyDay|[upkeep]
|upkeep
|turn|5
|
|t:|1743863598
|switch|p2a: Iron Crown|Iron Crown|16/100
|move|p1a: Walking Wake|Hydro Steam|p2a: Iron Crown
|-damage|p2a: Iron Crown|0 fnt
|faint|p2a: Iron Crown
|-end|p2a: Iron Crown|Quark Drive|[silent]
|
|-weather|SunnyDay|[upkeep]
|upkeep
|
|t:|1743863610
|switch|p2a: Samurott|Samurott-Hisui, F, shiny|100/100
|turn|6
|
|t:|1743863616
|-end|p1a: Walking Wake|Protosynthesis|[silent]
|switch|p1a: Whimsicott|Whimsicott, F|100/100
|move|p2a: Samurott|Ceaseless Edge|p1a: Whimsicott
|-resisted|p1a: Whimsicott
|-damage|p1a: Whimsicott|71/100
|-sidestart|p1: ne_kerel|Spikes
|
|-weather|SunnyDay|[upkeep]
|upkeep
|turn|7
|
|t:|1743863625
|move|p1a: Whimsicott|Growth|p1a: Whimsicott
|-boost|p1a: Whimsicott|atk|2
|-boost|p1a: Whimsicott|spa|2
|move|p2a: Samurott|Ceaseless Edge|p1a: Whimsicott
|-resisted|p1a: Whimsicott
|-damage|p1a: Whimsicott|40/100
|-sidestart|p1: ne_kerel|Spikes
|
|-weather|SunnyDay|[upkeep]
|upkeep
|turn|8
|
|t:|1743863634
|switch|p2a: Moltres|Moltres|100/100
|move|p1a: Whimsicott|Giga Drain|p2a: Moltres
|-resisted|p2a: Moltres
|-damage|p2a: Moltres|79/100
|-heal|p1a: Whimsicott|53/100|[from] drain|[of] p2a: Moltres
|-damage|p1a: Whimsicott|43/100|[from] item: Life Orb
|
|-weather|none
|upkeep
|turn|9
|
|t:|1743863651
|switch|p1a: Ninetales|Ninetales, M|78/100
|-damage|p1a: Ninetales|61/100|[from] Spikes
|-weather|SunnyDay|[from] ability: Drought|[of] p1a: Ninetales
|move|p2a: Moltres|Flamethrower|p1a: Ninetales
|-resisted|p1a: Ninetales
|-damage|p1a: Ninetales|21/100
|
|-weather|SunnyDay|[upkeep]
|upkeep
|turn|10
|inactive|ne_kerel has 120 seconds left.
|
|t:|1743863679
|switch|p1a: Walking Wake|Walking Wake|81/100
|-damage|p1a: Walking Wake|65/100|[from] Spikes
|-activate|p1a: Walking Wake|ability: Protosynthesis
|-start|p1a: Walking Wake|protosynthesisspe
|move|p2a: Moltres|Flamethrower|p1a: Walking Wake
|-resisted|p1a: Walking Wake
|-damage|p1a: Walking Wake|45/100
|-status|p1a: Walking Wake|brn
|
|-weather|SunnyDay|[upkeep]
|-damage|p1a: Walking Wake|38/100 brn|[from] brn
|upkeep
|turn|11
|inactive|ne_kerel has 120 seconds left.
|inactive|Etouraptamere has 120 seconds left.
|
|t:|1743863717
|switch|p2a: Samurott|Samurott-Hisui, F, shiny|100/100
|move|p1a: Walking Wake|Draco Meteor|p2a: Samurott
|-crit|p2a: Samurott
|-damage|p2a: Samurott|0 fnt
|-unboost|p1a: Walking Wake|spa|2
|faint|p2a: Samurott
|
|-weather|SunnyDay|[upkeep]
|-damage|p1a: Walking Wake|32/100 brn|[from] brn
|upkeep
|
|t:|1743863728
|switch|p2a: Dragapult|Dragapult, M|100/100
|turn|12
|
|t:|1743863736
|move|p2a: Dragapult|Sucker Punch|p1a: Walking Wake
|-damage|p1a: Walking Wake|0 fnt
|faint|p1a: Walking Wake
|-end|p1a: Walking Wake|Protosynthesis|[silent]
|
|-weather|SunnyDay|[upkeep]
|upkeep
|inactive|ne_kerel has 120 seconds left.
|
|t:|1743863753
|switch|p1a: Great Tusk|Great Tusk|100/100
|-activate|p1a: Great Tusk|ability: Protosynthesis
|-start|p1a: Great Tusk|protosynthesisatk
|turn|13
|
|t:|1743863762
|switch|p2a: Moltres|Moltres|79/100
|move|p1a: Great Tusk|Ice Spinner|p2a: Moltres
|-damage|p2a: Moltres|44/100
|
|-weather|SunnyDay|[upkeep]
|upkeep
|turn|14
|
|t:|1743863769
|move|p1a: Great Tusk|Rapid Spin|p2a: Moltres
|-damage|p2a: Moltres|20/100
|-boost|p1a: Great Tusk|spe|1
|-sideend|p1: ne_kerel|Spikes|[from] move: Rapid Spin|[of] p1a: Great Tusk
|move|p2a: Moltres|Roost|p2a: Moltres
|-heal|p2a: Moltres|70/100
|-singleturn|p2a: Moltres|move: Roost
|
|-weather|SunnyDay|[upkeep]
|upkeep
|turn|15
|inactive|ne_kerel has 120 seconds left.
|
|t:|1743863793
|move|p1a: Great Tusk|Ice Spinner|p2a: Moltres
|-damage|p2a: Moltres|36/100
|move|p2a: Moltres|Flamethrower|p1a: Great Tusk
|-damage|p1a: Great Tusk|0 fnt
|faint|p1a: Great Tusk
|-end|p1a: Great Tusk|Protosynthesis|[silent]
|
|-weather|SunnyDay|[upkeep]
|upkeep
|inactive|ne_kerel has 120 seconds left.
|
|t:|1743863808
|switch|p1a: Comfey|Comfey, M|100/100
|turn|16
|
|t:|1743863821
|move|p1a: Comfey|Growth|p1a: Comfey
|-boost|p1a: Comfey|atk|2
|-boost|p1a: Comfey|spa|2
|move|p2a: Moltres|Roost|p2a: Moltres
|-heal|p2a: Moltres|86/100
|-singleturn|p2a: Moltres|move: Roost
|
|-weather|none
|upkeep
|turn|17
|
|t:|1743863832
|move|p1a: Comfey|Stored Power|p2a: Moltres
|-damage|p2a: Moltres|29/100
|move|p2a: Moltres|Flamethrower|p1a: Comfey
|-damage|p1a: Comfey|53/100
|
|upkeep
|turn|18
|
|t:|1743863840
|switch|p2a: Raging Bolt|Raging Bolt|100/100
|-enditem|p2a: Raging Bolt|Booster Energy
|-activate|p2a: Raging Bolt|ability: Protosynthesis|[fromitem]
|-start|p2a: Raging Bolt|protosynthesisspa
|move|p1a: Comfey|Stored Power|p2a: Raging Bolt
|-damage|p2a: Raging Bolt|51/100
|
|upkeep
|turn|19
|
|t:|1743863855
|-terastallize|p2a: Raging Bolt|Electric
|move|p1a: Comfey|Draining Kiss|p2a: Raging Bolt
|-crit|p2a: Raging Bolt
|-damage|p2a: Raging Bolt|0 fnt
|-heal|p1a: Comfey|100/100|[from] drain|[of] p2a: Raging Bolt
|faint|p2a: Raging Bolt
|-end|p2a: Raging Bolt|Protosynthesis|[silent]
|
|upkeep
|c|☆Etouraptamere|gg
|inactive|Etouraptamere has 120 seconds left.
|-message|Etouraptamere forfeited.
|
|win|ne_kerel
|raw|ne_kerel's rating: 1501 &rarr; <strong>1523</strong><br />(+22 for winning)
|raw|Etouraptamere's rating: 1541 &rarr; <strong>1519</strong><br />(-22 for losing)
|l|☆Etouraptamere
|player|p2|
|l|☆ne_kerel
|player|p1|
