|j|☆H85le4
|j|☆lhama_legal
|t:|1743802754
|gametype|singles
|player|p1|H85le4|swimmer-gen4dp|1104
|player|p2|lhama_legal|riley|1126
|teamsize|p1|6
|teamsize|p2|6
|gen|9
|tier|[Gen 9] OU
|rated|
|rule|HP Percentage Mod: HP is shown in percentages
|rule|Endless Battle Clause: Forcing endless battles is banned
|rule|Species Clause: Limit one of each Pokémon
|rule|OHKO Clause: OHKO moves are banned
|rule|Evasion Items Clause: Evasion items are banned
|rule|Evasion Moves Clause: Evasion moves are banned
|rule|Sleep Moves Clause: Sleep-inducing moves are banned
|clearpoke
|poke|p1|Infernape, M|
|poke|p1|Morgrem, M|
|poke|p1|Dondozo, F|
|poke|p1|Iron Treads|
|poke|p1|Sinistcha|
|poke|p1|Clefable, F|
|poke|p2|Gholdengo|
|poke|p2|Glimmora, M|
|poke|p2|Corviknight, M|
|poke|p2|Meowscarada, F|
|poke|p2|Raging Bolt|
|poke|p2|Heatran, M|
|teampreview
|inactive|Battle timer is ON: inactive players will automatically lose when time's up. (requested by H85le4)
|
|t:|1743802773
|start
|switch|p1a: Iron Treads|Iron Treads, shiny|100/100
|switch|p2a: Glimmora|Glimmora, M, shiny|100/100
|turn|1
|inactive|H85le4 has 120 seconds left.
|l|☆H85le4
|inactive|H85le4 disconnected and has a minute to reconnect!
|player|p1|
|j|☆H85le4
|inactive|H85le4 reconnected and has 75 seconds left.
|player|p1|H85le4|swimmer-gen4dp|
|
|t:|1743802856
|switch|p2a: Corviknight|Corviknight, M, shiny|100/100
|-ability|p2a: Corviknight|Pressure
|move|p1a: Iron Treads|Earthquake|p2a: Corviknight
|-immune|p2a: Corviknight
|
|upkeep
|turn|2
|
|t:|1743802870
|-end|p1a: Iron Treads|Quark Drive|[silent]
|switch|p1a: Morgrem|Morgrem, M|100/100
|move|p2a: Corviknight|U-turn|p1a: Morgrem
|-damage|p1a: Morgrem|85/100
|
|t:|1743802881
|switch|p2a: Glimmora|Glimmora, M, shiny|100/100|[from] U-turn
|
|upkeep
|turn|3
|
|t:|1743802889
|move|p1a: Morgrem|Reflect|p1a: Morgrem
|-sidestart|p1: H85le4|Reflect
|move|p2a: Glimmora|Stealth Rock|p1a: Morgrem
|-sidestart|p1: H85le4|move: Stealth Rock
|
|upkeep
|turn|4
|
|t:|1743802893
|move|p1a: Morgrem|Thunder Wave|p2a: Glimmora
|-status|p2a: Glimmora|par
|move|p2a: Glimmora|Mortal Spin|p1a: Morgrem
|-supereffective|p1a: Morgrem
|-damage|p1a: Morgrem|79/100
|-status|p1a: Morgrem|psn
|
|-damage|p1a: Morgrem|67/100 psn|[from] psn
|upkeep
|turn|5
|
|t:|1743802903
|move|p1a: Morgrem|Chilling Water|p2a: Glimmora
|-supereffective|p2a: Glimmora
|-damage|p2a: Glimmora|74/100 par
|-unboost|p2a: Glimmora|atk|1
|move|p2a: Glimmora|Mortal Spin|p1a: Morgrem
|-supereffective|p1a: Morgrem
|-damage|p1a: Morgrem|62/100 psn
|
|-damage|p1a: Morgrem|50/100 psn|[from] psn
|upkeep
|turn|6
|
|t:|1743802913
|switch|p1a: Iron Treads|Iron Treads, shiny|100/100
|-damage|p1a: Iron Treads|97/100|[from] Stealth Rock
|cant|p2a: Glimmora|par
|
|upkeep
|turn|7
|
|t:|1743802920
|switch|p2a: Corviknight|Corviknight, M, shiny|100/100
|-ability|p2a: Corviknight|Pressure
|move|p1a: Iron Treads|Rapid Spin|p2a: Corviknight
|-resisted|p2a: Corviknight
|-damage|p2a: Corviknight|96/100
|-boost|p1a: Iron Treads|spe|1
|-sideend|p1: H85le4|Stealth Rock|[from] move: Rapid Spin|[of] p1a: Iron Treads
|
|-heal|p2a: Corviknight|100/100|[from] item: Leftovers
|-sideend|p1: H85le4|Reflect
|upkeep
|turn|8
|
|t:|1743802932
|move|p1a: Iron Treads|Stone Edge|p2a: Corviknight
|-damage|p2a: Corviknight|80/100
|move|p2a: Corviknight|U-turn|p1a: Iron Treads
|-resisted|p1a: Iron Treads
|-damage|p1a: Iron Treads|92/100
|
|t:|1743802938
|switch|p2a: Heatran|Heatran, M|100/100|[from] U-turn
|
|upkeep
|turn|9
|
|t:|1743802943
|-terastallize|p2a: Heatran|Grass
|move|p1a: Iron Treads|Earthquake|p2a: Heatran
|-resisted|p2a: Heatran
|-damage|p2a: Heatran|79/100
|move|p2a: Heatran|Magma Storm|p1a: Iron Treads
|-supereffective|p1a: Iron Treads
|-crit|p1a: Iron Treads
|-damage|p1a: Iron Treads|0 fnt
|faint|p1a: Iron Treads
|-end|p1a: Iron Treads|Quark Drive|[silent]
|
|-heal|p2a: Heatran|85/100|[from] item: Leftovers
|upkeep
|inactive|H85le4 has 120 seconds left.
|
|t:|1743802957
|switch|p1a: Infernape|Infernape, M|100/100
|turn|10
|
|t:|1743802962
|move|p1a: Infernape|Bulk Up|p1a: Infernape
|-boost|p1a: Infernape|atk|1
|-boost|p1a: Infernape|def|1
|move|p2a: Heatran|Earth Power|p1a: Infernape
|-supereffective|p1a: Infernape
|-damage|p1a: Infernape|21/100
|
|-heal|p2a: Heatran|91/100|[from] item: Leftovers
|upkeep
|turn|11
|
|t:|1743802972
|move|p1a: Infernape|Flame Charge|p2a: Heatran
|-start|p2a: Heatran|ability: Flash Fire
|move|p2a: Heatran|Earth Power|p1a: Infernape
|-supereffective|p1a: Infernape
|-damage|p1a: Infernape|0 fnt
|faint|p1a: Infernape
|
|-heal|p2a: Heatran|97/100|[from] item: Leftovers
|upkeep
|-message|H85le4 forfeited.
|
|win|lhama_legal
|raw|H85le4's rating: 1104 &rarr; <strong>1081</strong><br />(-23 for losing)
|raw|lhama_legal's rating: 1126 &rarr; <strong>1149</strong><br />(+23 for winning)
|l|☆H85le4
|player|p1|
|l|☆lhama_legal
|player|p2|
