|j|☆50VR
|j|☆Hakuna Sukuna
|t:|1743910124
|gametype|singles
|player|p1|50VR|1|1073
|player|p2|Hakuna Sukuna|265|1105
|teamsize|p1|6
|teamsize|p2|6
|gen|9
|tier|[Gen 9] OU
|rated|
|rule|HP Percentage Mod: HP is shown in percentages
|rule|Endless Battle Clause: Forcing endless battles is banned
|rule|Species Clause: Limit one of each Pokémon
|rule|OHKO Clause: OHKO moves are banned
|rule|Evasion Items Clause: Evasion items are banned
|rule|Evasion Moves Clause: Evasion moves are banned
|rule|Sleep Moves Clause: Sleep-inducing moves are banned
|clearpoke
|poke|p1|Ogerpon-Wellspring, F|
|poke|p1|Landorus-Therian, M|
|poke|p1|Slowking-Galar, F|
|poke|p1|Gholdengo|
|poke|p1|Zapdos|
|poke|p1|Dragapult, M|
|poke|p2|Malamar, M|
|poke|p2|Cinderace, F|
|poke|p2|Ceruledge, F|
|poke|p2|Grimmsnarl, M|
|poke|p2|Corviknight, M|
|poke|p2|Garganacl, M|
|teampreview
|inactive|Battle timer is ON: inactive players will automatically lose when time's up. (requested by Hakuna Sukuna)
|
|t:|1743910189
|start
|switch|p1a: Slowking|Slowking-Galar, F|100/100
|switch|p2a: Corviknight|Corviknight, M|100/100
|-ability|p2a: Corviknight|Pressure
|turn|1
|
|t:|1743910212
|move|p2a: Corviknight|Brave Bird|p1a: Slowking
|-damage|p1a: Slowking|64/100
|-damage|p2a: Corviknight|88/100|[from] Recoil
|move|p1a: Slowking|Flamethrower|p2a: Corviknight
|-supereffective|p2a: Corviknight
|-damage|p2a: Corviknight|38/100
|
|upkeep
|turn|2
|
|t:|1743910233
|move|p2a: Corviknight|Roost|p2a: Corviknight
|-heal|p2a: Corviknight|88/100
|-singleturn|p2a: Corviknight|move: Roost
|move|p1a: Slowking|Flamethrower|p2a: Corviknight
|-supereffective|p2a: Corviknight
|-damage|p2a: Corviknight|28/100
|
|upkeep
|turn|3
|
|t:|1743910239
|move|p2a: Corviknight|U-turn|p1a: Slowking
|-damage|p1a: Slowking|50/100
|
|t:|1743910244
|switch|p2a: Garganacl|Garganacl, M|100/100|[from] U-turn
|move|p1a: Slowking|Flamethrower|p2a: Garganacl
|-resisted|p2a: Garganacl
|-damage|p2a: Garganacl|89/100
|
|-heal|p2a: Garganacl|95/100|[from] item: Leftovers
|upkeep
|turn|4
|
|t:|1743910253
|move|p2a: Garganacl|Salt Cure|p1a: Slowking
|-damage|p1a: Slowking|36/100
|-start|p1a: Slowking|Salt Cure
|move|p1a: Slowking|Psyshock|p2a: Garganacl
|-damage|p2a: Garganacl|77/100
|
|-heal|p2a: Garganacl|83/100|[from] item: Leftovers
|-damage|p1a: Slowking|24/100|[from] Salt Cure
|upkeep
|turn|5
|
|t:|1743910260
|move|p2a: Garganacl|Curse|p2a: Garganacl
|-unboost|p2a: Garganacl|spe|1
|-boost|p2a: Garganacl|atk|1
|-boost|p2a: Garganacl|def|1
|move|p1a: Slowking|Psyshock|p2a: Garganacl
|-damage|p2a: Garganacl|70/100
|
|-heal|p2a: Garganacl|76/100|[from] item: Leftovers
|-damage|p1a: Slowking|11/100|[from] Salt Cure
|upkeep
|turn|6
|
|t:|1743910272
|move|p2a: Garganacl|Recover|p2a: Garganacl
|-heal|p2a: Garganacl|100/100
|move|p1a: Slowking|Psyshock|p2a: Garganacl
|-damage|p2a: Garganacl|86/100
|
|-heal|p2a: Garganacl|92/100|[from] item: Leftovers
|-damage|p1a: Slowking|0 fnt|[from] Salt Cure
|faint|p1a: Slowking
|upkeep
|
|t:|1743910285
|switch|p1a: Gholdengo|Gholdengo|100/100
|-item|p1a: Gholdengo|Air Balloon
|turn|7
|
|t:|1743910291
|-terastallize|p2a: Garganacl|Ghost
|move|p1a: Gholdengo|Thunder Wave|p2a: Garganacl
|-immune|p2a: Garganacl|[from] ability: Purifying Salt
|move|p2a: Garganacl|Salt Cure|p1a: Gholdengo
|-resisted|p1a: Gholdengo
|-damage|p1a: Gholdengo|93/100
|-start|p1a: Gholdengo|Salt Cure
|-enditem|p1a: Gholdengo|Air Balloon
|
|-heal|p2a: Garganacl|98/100|[from] item: Leftovers
|-damage|p1a: Gholdengo|68/100|[from] Salt Cure
|upkeep
|turn|8
|
|t:|1743910297
|move|p1a: Gholdengo|Hex|p2a: Garganacl
|-supereffective|p2a: Garganacl
|-damage|p2a: Garganacl|75/100
|move|p2a: Garganacl|Curse|p1a: Gholdengo
|-immune|p1a: Gholdengo|[from] ability: Good as Gold
|
|-heal|p2a: Garganacl|81/100|[from] item: Leftovers
|-damage|p1a: Gholdengo|43/100|[from] Salt Cure
|upkeep
|turn|9
|
|t:|1743910305
|move|p1a: Gholdengo|Recover|p1a: Gholdengo
|-heal|p1a: Gholdengo|93/100
|move|p2a: Garganacl|Salt Cure|p1a: Gholdengo
|-resisted|p1a: Gholdengo
|-damage|p1a: Gholdengo|86/100
|
|-heal|p2a: Garganacl|88/100|[from] item: Leftovers
|-damage|p1a: Gholdengo|61/100|[from] Salt Cure
|upkeep
|turn|10
|
|t:|1743910328
|move|p1a: Gholdengo|Hex|p2a: Garganacl
|-supereffective|p2a: Garganacl
|-damage|p2a: Garganacl|64/100
|move|p2a: Garganacl|Salt Cure|p1a: Gholdengo
|-resisted|p1a: Gholdengo
|-damage|p1a: Gholdengo|54/100
|
|-heal|p2a: Garganacl|70/100|[from] item: Leftovers
|-damage|p1a: Gholdengo|29/100|[from] Salt Cure
|upkeep
|turn|11
|
|t:|1743910332
|move|p1a: Gholdengo|Hex|p2a: Garganacl
|-supereffective|p2a: Garganacl
|-damage|p2a: Garganacl|46/100
|move|p2a: Garganacl|Recover|p2a: Garganacl
|-heal|p2a: Garganacl|96/100
|
|-heal|p2a: Garganacl|100/100|[from] item: Leftovers
|-damage|p1a: Gholdengo|4/100|[from] Salt Cure
|upkeep
|turn|12
|
|t:|1743910340
|move|p1a: Gholdengo|Hex|p2a: Garganacl
|-supereffective|p2a: Garganacl
|-damage|p2a: Garganacl|75/100
|move|p2a: Garganacl|Salt Cure|p1a: Gholdengo
|-resisted|p1a: Gholdengo
|-damage|p1a: Gholdengo|0 fnt
|faint|p1a: Gholdengo
|
|-heal|p2a: Garganacl|81/100|[from] item: Leftovers
|upkeep
|
|t:|1743910361
|switch|p1a: Ogerpon|Ogerpon-Wellspring, F|100/100
|turn|13
|
|t:|1743910364
|move|p1a: Ogerpon|Knock Off|p2a: Garganacl
|-supereffective|p2a: Garganacl
|-damage|p2a: Garganacl|51/100
|-enditem|p2a: Garganacl|Leftovers|[from] move: Knock Off|[of] p1a: Ogerpon
|move|p2a: Garganacl|Salt Cure|p1a: Ogerpon
|-damage|p1a: Ogerpon|71/100
|-start|p1a: Ogerpon|Salt Cure
|
|-damage|p1a: Ogerpon|46/100|[from] Salt Cure
|upkeep
|turn|14
|
|t:|1743910366
|move|p1a: Ogerpon|U-turn|p2a: Garganacl
|-resisted|p2a: Garganacl
|-damage|p2a: Garganacl|46/100
|
|t:|1743910369
|switch|p1a: Dragapult|Dragapult, M|100/100|[from] U-turn
|move|p2a: Garganacl|Recover|p2a: Garganacl
|-heal|p2a: Garganacl|96/100
|
|upkeep
|turn|15
|
|t:|1743910372
|move|p1a: Dragapult|Hex|p2a: Garganacl
|-supereffective|p2a: Garganacl
|-damage|p2a: Garganacl|74/100
|move|p2a: Garganacl|Salt Cure|p1a: Dragapult
|-damage|p1a: Dragapult|74/100
|-start|p1a: Dragapult|Salt Cure
|
|-damage|p1a: Dragapult|62/100|[from] Salt Cure
|upkeep
|turn|16
|
|t:|1743910375
|move|p1a: Dragapult|U-turn|p2a: Garganacl
|-resisted|p2a: Garganacl
|-damage|p2a: Garganacl|71/100
|
|t:|1743910377
|switch|p1a: Landorus|Landorus-Therian, M|100/100|[from] U-turn
|-ability|p1a: Landorus|Intimidate|boost
|-unboost|p2a: Garganacl|atk|1
|move|p2a: Garganacl|Salt Cure|p1a: Landorus
|-damage|p1a: Landorus|87/100
|-start|p1a: Landorus|Salt Cure
|
|-damage|p1a: Landorus|75/100|[from] Salt Cure
|upkeep
|turn|17
|
|t:|1743910381
|move|p1a: Landorus|Taunt|p2a: Garganacl
|-start|p2a: Garganacl|move: Taunt
|cant|p2a: Garganacl|move: Taunt|Recover
|
|-damage|p1a: Landorus|62/100|[from] Salt Cure
|upkeep
|turn|18
|
|t:|1743910384
|move|p1a: Landorus|Earth Power|p2a: Garganacl
|-damage|p2a: Garganacl|44/100
|-unboost|p2a: Garganacl|spd|1
|move|p2a: Garganacl|Salt Cure|p1a: Landorus
|-damage|p1a: Landorus|48/100
|
|-damage|p1a: Landorus|36/100|[from] Salt Cure
|upkeep
|turn|19
|
|t:|1743910389
|move|p1a: Landorus|Earth Power|p2a: Garganacl
|-crit|p2a: Garganacl
|-damage|p2a: Garganacl|0 fnt
|faint|p2a: Garganacl
|
|-damage|p1a: Landorus|24/100|[from] Salt Cure
|upkeep
|
|t:|1743910404
|switch|p2a: Ceruledge|Ceruledge, F|100/100
|turn|20
|inactive|50VR has 120 seconds left.
|
|t:|1743910438
|move|p1a: Landorus|Earth Power|p2a: Ceruledge
|-supereffective|p2a: Ceruledge
|-damage|p2a: Ceruledge|18/100
|-unboost|p2a: Ceruledge|spd|1
|move|p2a: Ceruledge|Bitter Blade|p1a: Landorus
|-damage|p1a: Landorus|0 fnt
|-heal|p2a: Ceruledge|33/100|[from] drain|[of] p1a: Landorus
|-damage|p2a: Ceruledge|17/100|[from] item: Rocky Helmet|[of] p1a: Landorus
|faint|p1a: Landorus
|
|upkeep
|
|t:|1743910441
|switch|p1a: Zapdos|Zapdos|100/100
|turn|21
|
|t:|1743910449
|move|p2a: Ceruledge|Bitter Blade|p1a: Zapdos
|-damage|p1a: Zapdos|70/100
|-heal|p2a: Ceruledge|37/100|[from] drain|[of] p1a: Zapdos
|move|p1a: Zapdos|Volt Switch|p2a: Ceruledge
|-crit|p2a: Ceruledge
|-damage|p2a: Ceruledge|0 fnt
|faint|p2a: Ceruledge
|
|t:|1743910456
|switch|p1a: Dragapult|Dragapult, M|62/100|[from] Volt Switch
|
|upkeep
|
|t:|1743910460
|switch|p2a: Grimmsnarl|Grimmsnarl, M|100/100
|turn|22
|
|t:|1743910470
|-terastallize|p1a: Dragapult|Fairy
|move|p1a: Dragapult|Will-O-Wisp|p2a: Grimmsnarl
|-status|p2a: Grimmsnarl|brn
|move|p2a: Grimmsnarl|Spirit Break|p1a: Dragapult
|-damage|p1a: Dragapult|42/100
|-unboost|p1a: Dragapult|spa|1
|
|-damage|p2a: Grimmsnarl|94/100 brn|[from] brn
|upkeep
|turn|23
|
|t:|1743910480
|move|p1a: Dragapult|U-turn|p2a: Grimmsnarl
|-damage|p2a: Grimmsnarl|72/100 brn
|
|t:|1743910482
|switch|p1a: Zapdos|Zapdos|70/100|[from] U-turn
|move|p2a: Grimmsnarl|Spirit Break|p1a: Zapdos
|-damage|p1a: Zapdos|59/100
|-unboost|p1a: Zapdos|spa|1
|
|-damage|p2a: Grimmsnarl|66/100 brn|[from] brn
|upkeep
|turn|24
|
|t:|1743910488
|move|p1a: Zapdos|Hurricane|p2a: Grimmsnarl
|-damage|p2a: Grimmsnarl|41/100 brn
|move|p2a: Grimmsnarl|Spirit Break|p1a: Zapdos
|-damage|p1a: Zapdos|49/100
|-unboost|p1a: Zapdos|spa|1
|
|-damage|p2a: Grimmsnarl|35/100 brn|[from] brn
|upkeep
|turn|25
|
|t:|1743910494
|move|p2a: Grimmsnarl|Parting Shot|p1a: Zapdos
|-unboost|p1a: Zapdos|atk|1
|-unboost|p1a: Zapdos|spa|1
|
|t:|1743910499
|switch|p2a: Cinderace|Cinderace, F|100/100|[from] Parting Shot
|move|p1a: Zapdos|Hurricane|p2a: Cinderace
|-damage|p2a: Cinderace|74/100
|
|upkeep
|turn|26
|
|t:|1743910518
|move|p2a: Cinderace|Pyro Ball|p1a: Zapdos|[miss]
|-miss|p2a: Cinderace|p1a: Zapdos
|move|p1a: Zapdos|Volt Switch|p2a: Cinderace
|-damage|p2a: Cinderace|59/100
|
|t:|1743910520
|switch|p1a: Dragapult|Dragapult, M, tera:Fairy|42/100|[from] Volt Switch
|
|upkeep
|turn|27
|
|t:|1743910527
|switch|p2a: Corviknight|Corviknight, M|28/100
|-ability|p2a: Corviknight|Pressure
|move|p1a: Dragapult|Dragon Darts|p2a: Corviknight
|-resisted|p2a: Corviknight
|-damage|p2a: Corviknight|22/100
|-anim|p1a: Dragapult|Dragon Darts|p2a: Corviknight
|-resisted|p2a: Corviknight
|-damage|p2a: Corviknight|16/100
|
|upkeep
|turn|28
|
|t:|1743910533
|move|p1a: Dragapult|Will-O-Wisp|p2a: Corviknight
|-status|p2a: Corviknight|brn
|move|p2a: Corviknight|Roost|p2a: Corviknight
|-heal|p2a: Corviknight|66/100 brn
|-singleturn|p2a: Corviknight|move: Roost
|
|-damage|p2a: Corviknight|60/100 brn|[from] brn
|upkeep
|turn|29
|
|t:|1743910536
|move|p1a: Dragapult|Hex|p2a: Corviknight
|-damage|p2a: Corviknight|7/100 brn
|move|p2a: Corviknight|U-turn|p1a: Dragapult
|-resisted|p1a: Dragapult
|-damage|p1a: Dragapult|37/100
|
|t:|1743910543
|switch|p2a: Grimmsnarl|Grimmsnarl, M|35/100 brn|[from] U-turn
|
|-damage|p2a: Grimmsnarl|29/100 brn|[from] brn
|upkeep
|turn|30
|
|t:|1743910549
|move|p2a: Grimmsnarl|Parting Shot|p1a: Dragapult
|-unboost|p1a: Dragapult|atk|1
|-unboost|p1a: Dragapult|spa|1
|
|t:|1743910554
|switch|p2a: Corviknight|Corviknight, M|7/100 brn|[from] Parting Shot
|-ability|p2a: Corviknight|Pressure
|move|p1a: Dragapult|U-turn|p2a: Corviknight
|-resisted|p2a: Corviknight
|-damage|p2a: Corviknight|5/100 brn
|-damage|p1a: Dragapult|20/100|[from] item: Rocky Helmet|[of] p2a: Corviknight
|
|t:|1743910557
|switch|p1a: Zapdos|Zapdos|49/100|[from] U-turn
|
|-damage|p2a: Corviknight|0 fnt|[from] brn
|faint|p2a: Corviknight
|upkeep
|
|t:|1743910560
|switch|p2a: Cinderace|Cinderace, F|59/100
|turn|31
|
|t:|1743910563
|move|p2a: Cinderace|Pyro Ball|p1a: Zapdos
|-damage|p1a: Zapdos|9/100
|move|p1a: Zapdos|Volt Switch|p2a: Cinderace
|-damage|p2a: Cinderace|15/100
|
|t:|1743910566
|switch|p1a: Dragapult|Dragapult, M, tera:Fairy|20/100|[from] Volt Switch
|
|upkeep
|turn|32
|
|t:|1743910574
|switch|p2a: Grimmsnarl|Grimmsnarl, M|29/100 brn
|move|p1a: Dragapult|U-turn|p2a: Grimmsnarl
|-damage|p2a: Grimmsnarl|6/100 brn
|
|t:|1743910577
|switch|p1a: Ogerpon|Ogerpon-Wellspring, F|46/100|[from] U-turn
|
|-damage|p2a: Grimmsnarl|0 fnt|[from] brn
|faint|p2a: Grimmsnarl
|upkeep
|
|t:|1743910584
|switch|p2a: Cinderace|Cinderace, F|15/100
|turn|33
|
|t:|1743910591
|move|p2a: Cinderace|Pyro Ball|p1a: Ogerpon
|-damage|p1a: Ogerpon|0 fnt
|faint|p1a: Ogerpon
|
|upkeep
|
|t:|1743910594
|switch|p1a: Zapdos|Zapdos|9/100
|turn|34
|
|t:|1743910603
|move|p2a: Cinderace|Pyro Ball|p1a: Zapdos
|-damage|p1a: Zapdos|0 fnt
|faint|p1a: Zapdos
|
|upkeep
|
|t:|1743910605
|switch|p1a: Dragapult|Dragapult, M, tera:Fairy|20/100
|turn|35
|
|t:|1743910610
|move|p1a: Dragapult|Dragon Darts|p2a: Cinderace
|-damage|p2a: Cinderace|0 fnt
|faint|p2a: Cinderace
|
|upkeep
|
|t:|1743910611
|switch|p2a: Malamar|Malamar, M|100/100
|turn|36
|
|t:|1743910615
|move|p1a: Dragapult|U-turn|p2a: Malamar
|-supereffective|p2a: Malamar
|-damage|p2a: Malamar|27/100
|move|p2a: Malamar|Psycho Cut|p1a: Dragapult
|-crit|p1a: Dragapult
|-damage|p1a: Dragapult|0 fnt
|faint|p1a: Dragapult
|
|win|Hakuna Sukuna
|raw|50VR's rating: 1073 &rarr; <strong>1054</strong><br />(-19 for losing)
|raw|Hakuna Sukuna's rating: 1105 &rarr; <strong>1128</strong><br />(+23 for winning)
|l|☆50VR
|player|p1|
