|j|☆N0LegendZ--
|j|☆Becham141
|t:|1743919287
|gametype|singles
|player|p1|N0LegendZ--|265|1225
|player|p2|Becham141|gambler|1155
|teamsize|p1|6
|teamsize|p2|6
|gen|9
|tier|[Gen 9] OU
|rated|
|rule|HP Percentage Mod: HP is shown in percentages
|rule|Endless Battle Clause: Forcing endless battles is banned
|rule|Species Clause: Limit one of each Pokémon
|rule|OHKO Clause: OHKO moves are banned
|rule|Evasion Items Clause: Evasion items are banned
|rule|Evasion Moves Clause: Evasion moves are banned
|rule|Sleep Moves Clause: Sleep-inducing moves are banned
|clearpoke
|poke|p1|Dragonite, M|
|poke|p1|Gliscor, M|
|poke|p1|Greninja-*, M|
|poke|p1|Blaziken, M|
|poke|p1|Hatterene, F|
|poke|p1|Gengar, M|
|poke|p2|Clefable, F|
|poke|p2|Gholdengo|
|poke|p2|Smeargle, M|
|poke|p2|Dragonite, M|
|poke|p2|Cinderace, F|
|poke|p2|Samurott-Hisui, M|
|teampreview
|
|t:|1743919295
|start
|switch|p1a: Laterna|Hatterene, F|100/100
|switch|p2a: Smeargle|Smeargle, M|100/100
|turn|1
|inactive|Battle timer is ON: inactive players will automatically lose when time's up. (requested by N0LegendZ--)
|
|t:|1743919300
|move|p2a: Smeargle|Nuzzle|p1a: Laterna
|-damage|p1a: Laterna|99/100
|-status|p1a: Laterna|par
|move|p1a: Laterna|Nuzzle|p2a: Smeargle
|-damage|p2a: Smeargle|92/100
|-status|p2a: Smeargle|par
|
|upkeep
|turn|2
|
|t:|1743919310
|switch|p2a: Clefable|Clefable, F|100/100
|move|p1a: Laterna|Draining Kiss|p2a: Clefable
|-damage|p2a: Clefable|74/100
|-heal|p1a: Laterna|100/100 par|[from] drain|[of] p2a: Clefable
|
|upkeep
|turn|3
|
|t:|1743919317
|move|p2a: Clefable|Moonblast|p1a: Laterna
|-damage|p1a: Laterna|65/100 par
|-unboost|p1a: Laterna|spa|1
|move|p1a: Laterna|Psychic Noise|p2a: Clefable
|-damage|p2a: Clefable|47/100
|-start|p2a: Clefable|move: Heal Block
|
|upkeep
|turn|4
|
|t:|1743919325
|move|p2a: Clefable|Moonblast|p1a: Laterna
|-damage|p1a: Laterna|28/100 par
|move|p1a: Laterna|Psychic Noise|p2a: Clefable
|-damage|p2a: Clefable|19/100
|
|-end|p2a: Clefable|move: Heal Block
|upkeep
|turn|5
|
|t:|1743919333
|move|p2a: Clefable|Moonblast|p1a: Laterna
|-damage|p1a: Laterna|0 fnt
|faint|p1a: Laterna
|
|upkeep
|
|t:|1743919338
|switch|p1a: Greninja|Greninja, M|100/100
|turn|6
|
|t:|1743919343
|move|p1a: Greninja|Surf|p2a: Clefable
|-damage|p2a: Clefable|0 fnt
|faint|p2a: Clefable
|-ability|p1a: Greninja|Battle Bond|boost
|-boost|p1a: Greninja|atk|1
|-boost|p1a: Greninja|spa|1
|-boost|p1a: Greninja|spe|1
|-activate|p1a: Greninja|ability: Battle Bond
|-damage|p1a: Greninja|91/100|[from] item: Life Orb
|
|upkeep
|
|t:|1743919348
|switch|p2a: Samurott|Samurott-Hisui, M|100/100
|turn|7
|
|t:|1743919353
|move|p1a: Greninja|Surf|p2a: Samurott
|-resisted|p2a: Samurott
|-damage|p2a: Samurott|39/100
|-damage|p1a: Greninja|81/100|[from] item: Life Orb
|move|p2a: Samurott|Sacred Sword|p1a: Greninja
|-supereffective|p1a: Greninja
|-damage|p1a: Greninja|0 fnt
|faint|p1a: Greninja
|-damage|p2a: Samurott|29/100|[from] item: Life Orb
|
|upkeep
|
|t:|1743919363
|switch|p1a: DracoKnight|Dragonite, M|100/100
|turn|8
|
|t:|1743919368
|move|p2a: Samurott|Sucker Punch||[still]
|-fail|p2a: Samurott
|move|p1a: DracoKnight|Dragon Dance|p1a: DracoKnight
|-boost|p1a: DracoKnight|atk|1
|-boost|p1a: DracoKnight|spe|1
|
|upkeep
|turn|9
|
|t:|1743919373
|move|p1a: DracoKnight|Dragon Claw|p2a: Samurott
|-damage|p2a: Samurott|0 fnt
|faint|p2a: Samurott
|
|upkeep
|
|t:|1743919384
|switch|p2a: Gholdengo|Gholdengo, shiny|100/100
|-item|p2a: Gholdengo|Air Balloon
|turn|10
|
|t:|1743919393
|-terastallize|p2a: Gholdengo|Fairy
|move|p1a: DracoKnight|Dragon Claw|p2a: Gholdengo
|-immune|p2a: Gholdengo
|move|p2a: Gholdengo|Dazzling Gleam|p1a: DracoKnight
|-supereffective|p1a: DracoKnight
|-crit|p1a: DracoKnight
|-damage|p1a: DracoKnight|34/100
|
|upkeep
|turn|11
|
|t:|1743919402
|-terastallize|p1a: DracoKnight|Normal
|move|p1a: DracoKnight|Extreme Speed|p2a: Gholdengo
|-damage|p2a: Gholdengo|15/100
|-enditem|p2a: Gholdengo|Air Balloon
|move|p2a: Gholdengo|Dazzling Gleam|p1a: DracoKnight
|-damage|p1a: DracoKnight|0 fnt
|faint|p1a: DracoKnight
|
|upkeep
|
|t:|1743919413
|switch|p1a: Cocky|Blaziken, M, shiny|100/100
|turn|12
|l|☆Becham141
|inactive|Becham141 disconnected and has a minute to reconnect!
|player|p2|
|j|☆Becham141
|inactive|Becham141 reconnected and has 135 seconds left.
|player|p2|Becham141|gambler|
|
|t:|1743919430
|move|p2a: Gholdengo|Shadow Ball|p1a: Cocky
|-damage|p1a: Cocky|32/100
|move|p1a: Cocky|Knock Off|p2a: Gholdengo
|-resisted|p2a: Gholdengo
|-damage|p2a: Gholdengo|4/100
|
|-ability|p1a: Cocky|Speed Boost|boost
|-boost|p1a: Cocky|spe|1
|upkeep
|turn|13
|
|t:|1743919438
|move|p1a: Cocky|Knock Off|p2a: Gholdengo
|-resisted|p2a: Gholdengo
|-damage|p2a: Gholdengo|0 fnt
|faint|p2a: Gholdengo
|
|-ability|p1a: Cocky|Speed Boost|boost
|-boost|p1a: Cocky|spe|1
|upkeep
|
|t:|1743919442
|switch|p2a: Dragonite|Dragonite, M|100/100
|turn|14
|
|t:|1743919446
|move|p2a: Dragonite|Extreme Speed|p1a: Cocky
|-damage|p1a: Cocky|0 fnt
|faint|p1a: Cocky
|
|upkeep
|
|t:|1743919451
|switch|p1a: SkorBat|Gliscor, M|100/100
|turn|15
|
|t:|1743919454
|switch|p2a: Smeargle|Smeargle, M|92/100 par
|move|p1a: SkorBat|Toxic||[still]
|-fail|p1a: SkorBat
|
|-status|p1a: SkorBat|tox|[from] item: Toxic Orb
|upkeep
|turn|16
|
|t:|1743919461
|move|p1a: SkorBat|Substitute|p1a: SkorBat
|-start|p1a: SkorBat|Substitute
|-damage|p1a: SkorBat|76/100 tox
|cant|p2a: Smeargle|par
|
|-heal|p1a: SkorBat|88/100 tox|[from] ability: Poison Heal
|upkeep
|turn|17
|
|t:|1743919467
|move|p1a: SkorBat|Substitute|p1a: SkorBat
|-fail|p1a: SkorBat|move: Substitute
|move|p2a: Smeargle|Sticky Web|p1a: SkorBat
|-sidestart|p1: N0LegendZ--|move: Sticky Web
|
|-heal|p1a: SkorBat|100/100 tox|[from] ability: Poison Heal
|upkeep
|turn|18
|
|t:|1743919473
|move|p1a: SkorBat|Substitute|p1a: SkorBat
|-fail|p1a: SkorBat|move: Substitute
|move|p2a: Smeargle|Stealth Rock|p1a: SkorBat
|-sidestart|p1: N0LegendZ--|move: Stealth Rock
|
|upkeep
|turn|19
|
|t:|1743919478
|move|p1a: SkorBat|Earthquake|p2a: Smeargle
|-damage|p2a: Smeargle|12/100 par
|move|p2a: Smeargle|Nuzzle|p1a: SkorBat
|-immune|p1a: SkorBat
|
|upkeep
|turn|20
|inactive|N0LegendZ-- has 120 seconds left.
|
|t:|1743919513
|move|p1a: SkorBat|Earthquake|p2a: Smeargle
|-damage|p2a: Smeargle|0 fnt
|faint|p2a: Smeargle
|
|upkeep
|
|t:|1743919518
|switch|p2a: Cinderace|Cinderace, F|100/100
|turn|21
|
|t:|1743919527
|move|p2a: Cinderace|Trailblaze|p1a: SkorBat
|-start|p2a: Cinderace|typechange|Grass|[from] ability: Libero
|-activate|p1a: SkorBat|move: Substitute|[damage]
|-boost|p2a: Cinderace|spe|1
|move|p1a: SkorBat|Earthquake|p2a: Cinderace
|-resisted|p2a: Cinderace
|-damage|p2a: Cinderace|76/100
|
|upkeep
|turn|22
|
|t:|1743919536
|move|p2a: Cinderace|Trailblaze|p1a: SkorBat
|-end|p1a: SkorBat|Substitute
|-boost|p2a: Cinderace|spe|1
|move|p1a: SkorBat|Toxic|p2a: Cinderace
|-status|p2a: Cinderace|tox
|
|-damage|p2a: Cinderace|70/100 tox|[from] psn
|upkeep
|turn|23
|
|t:|1743919548
|move|p2a: Cinderace|Trailblaze|p1a: SkorBat
|-damage|p1a: SkorBat|79/100 tox
|-boost|p2a: Cinderace|spe|1
|move|p1a: SkorBat|U-turn|p2a: Cinderace
|-supereffective|p2a: Cinderace
|-damage|p2a: Cinderace|24/100 tox
|
|t:|1743919555
|switch|p1a: The Reaper|Gengar, M|100/100|[from] U-turn
|-activate|p1a: The Reaper|move: Sticky Web
|-unboost|p1a: The Reaper|spe|1
|-damage|p1a: The Reaper|88/100|[from] Stealth Rock
|
|-damage|p2a: Cinderace|12/100 tox|[from] psn
|upkeep
|turn|24
|-message|N0LegendZ-- forfeited.
|
|win|Becham141
|raw|N0LegendZ--'s rating: 1225 &rarr; <strong>1195</strong><br />(-30 for losing)
|raw|Becham141's rating: 1155 &rarr; <strong>1185</strong><br />(+30 for winning)
|l|☆N0LegendZ--
|player|p1|
