|j|☆thesuituser
|j|☆jackfuretto
|t:|1743787775
|gametype|singles
|player|p1|thesuituser|102|1048
|player|p2|jackfuretto|giovanni|1041
|teamsize|p1|6
|teamsize|p2|6
|gen|9
|tier|[Gen 9] OU
|rated|
|rule|HP Percentage Mod: HP is shown in percentages
|rule|Endless Battle Clause: Forcing endless battles is banned
|rule|Species Clause: Limit one of each Pokémon
|rule|OHKO Clause: OHKO moves are banned
|rule|Evasion Items Clause: Evasion items are banned
|rule|Evasion Moves Clause: Evasion moves are banned
|rule|Sleep Moves Clause: Sleep-inducing moves are banned
|clearpoke
|poke|p1|Rotom-Wash|
|poke|p1|Gallade, M|
|poke|p1|Gholdengo|
|poke|p1|Gliscor, F|
|poke|p1|Deoxys-Speed|
|poke|p1|Serperior, M|
|poke|p2|Rotom-Wash|
|poke|p2|Sandy Shocks|
|poke|p2|Heatran, M|
|poke|p2|Magnezone|
|poke|p2|Tinkaton, F|
|poke|p2|Scizor, M|
|teampreview
|
|t:|1743787805
|start
|switch|p1a: Rotom|Rotom-Wash, shiny|100/100
|switch|p2a: Sandy Shocks|Sandy Shocks|100/100
|turn|1
|
|t:|1743787816
|move|p2a: Sandy Shocks|Spikes|p1a: Rotom
|-sidestart|p1: thesuituser|Spikes
|move|p1a: Rotom|Hydro Pump|p2a: Sandy Shocks
|-supereffective|p2a: Sandy Shocks
|-damage|p2a: Sandy Shocks|0 fnt
|faint|p2a: Sandy Shocks
|-end|p2a: Sandy Shocks|Protosynthesis|[silent]
|
|upkeep
|
|t:|1743787828
|switch|p2a: Magnezone|Magnezone|100/100
|turn|2
|
|t:|1743787835
|move|p1a: Rotom|Dark Pulse|p2a: Magnezone
|-damage|p2a: Magnezone|84/100
|cant|p2a: Magnezone|flinch
|
|upkeep
|turn|3
|
|t:|1743787841
|move|p1a: Rotom|Will-O-Wisp|p2a: Magnezone
|-status|p2a: Magnezone|brn
|move|p2a: Magnezone|Thunderbolt|p1a: Rotom
|-damage|p1a: Rotom|26/100
|
|-heal|p1a: Rotom|32/100|[from] item: Leftovers
|-damage|p2a: Magnezone|78/100 brn|[from] brn
|upkeep
|turn|4
|
|t:|1743787852
|switch|p1a: Gliscor|Gliscor, F, shiny|100/100
|move|p2a: Magnezone|Thunderbolt|p1a: Gliscor
|-immune|p1a: Gliscor
|
|-damage|p2a: Magnezone|72/100 brn|[from] brn
|-status|p1a: Gliscor|tox|[from] item: Toxic Orb
|upkeep
|turn|5
|
|t:|1743787862
|move|p1a: Gliscor|Swords Dance|p1a: Gliscor
|-boost|p1a: Gliscor|atk|2
|move|p2a: Magnezone|Flash Cannon|p1a: Gliscor
|-damage|p1a: Gliscor|28/100 tox
|
|-heal|p1a: Gliscor|41/100 tox|[from] ability: Poison Heal
|-damage|p2a: Magnezone|66/100 brn|[from] brn
|upkeep
|turn|6
|
|t:|1743787871
|move|p1a: Gliscor|Earthquake|p2a: Magnezone
|-supereffective|p2a: Magnezone
|-damage|p2a: Magnezone|0 fnt
|faint|p2a: Magnezone
|
|-heal|p1a: Gliscor|53/100 tox|[from] ability: Poison Heal
|upkeep
|
|t:|1743787878
|switch|p2a: Scizor|Scizor, M|100/100
|turn|7
|
|t:|1743787882
|move|p1a: Gliscor|Protect|p1a: Gliscor
|-singleturn|p1a: Gliscor|Protect
|move|p2a: Scizor|Bullet Punch|p1a: Gliscor
|-activate|p1a: Gliscor|move: Protect
|
|-heal|p1a: Gliscor|65/100 tox|[from] ability: Poison Heal
|upkeep
|turn|8
|
|t:|1743787890
|move|p2a: Scizor|Bullet Punch|p1a: Gliscor
|-damage|p1a: Gliscor|28/100 tox
|move|p1a: Gliscor|Earthquake|p2a: Scizor
|-damage|p2a: Scizor|7/100
|
|-heal|p1a: Gliscor|41/100 tox|[from] ability: Poison Heal
|upkeep
|turn|9
|
|t:|1743787899
|move|p1a: Gliscor|Protect|p1a: Gliscor
|-singleturn|p1a: Gliscor|Protect
|move|p2a: Scizor|Close Combat|p1a: Gliscor
|-activate|p1a: Gliscor|move: Protect
|
|-heal|p1a: Gliscor|53/100 tox|[from] ability: Poison Heal
|upkeep
|turn|10
|
|t:|1743787908
|move|p1a: Gliscor|Facade|p2a: Scizor
|-resisted|p2a: Scizor
|-damage|p2a: Scizor|0 fnt
|faint|p2a: Scizor
|
|-heal|p1a: Gliscor|65/100 tox|[from] ability: Poison Heal
|upkeep
|-message|jackfuretto forfeited.
|
|win|thesuituser
|raw|thesuituser's rating: 1048 &rarr; <strong>1080</strong><br />(+32 for winning)
|raw|jackfuretto's rating: 1041 &rarr; <strong>1025</strong><br />(-16 for losing)
|l|☆jackfuretto
|player|p2|
