|j|☆Kidday
|j|☆Kuffi
|t:|1743885396
|gametype|singles
|player|p1|Kidday|psychic|1225
|player|p2|Kuffi|266|1274
|teamsize|p1|6
|teamsize|p2|6
|gen|9
|tier|[Gen 9] OU
|rated|
|rule|HP Percentage Mod: HP is shown in percentages
|rule|Endless Battle Clause: Forcing endless battles is banned
|rule|Species Clause: Limit one of each Pokémon
|rule|OHKO Clause: OHKO moves are banned
|rule|Evasion Items Clause: Evasion items are banned
|rule|Evasion Moves Clause: Evasion moves are banned
|rule|Sleep Moves Clause: Sleep-inducing moves are banned
|clearpoke
|poke|p1|Blastoise, M|
|poke|p1|Sceptile, M|
|poke|p1|Golurk|
|poke|p1|Kingambit, M|
|poke|p1|Magmortar, M|
|poke|p1|Grimmsnarl, M|
|poke|p2|Ninetales, M|
|poke|p2|Whimsicott, F|
|poke|p2|Comfey, M|
|poke|p2|Walking Wake|
|poke|p2|Iron Moth|
|poke|p2|Great Tusk|
|teampreview
|inactive|Battle timer is ON: inactive players will automatically lose when time's up. (requested by Kuffi)
|
|t:|1743885432
|start
|switch|p1a: Grimmsnarl|Grimmsnarl, M, shiny|100/100
|switch|p2a: Ninetales|Ninetales, M|100/100
|-weather|SunnyDay|[from] ability: Drought|[of] p2a: Ninetales
|turn|1
|inactive|Kuffi has 120 seconds left.
|
|t:|1743885467
|move|p1a: Grimmsnarl|Light Screen|p1a: Grimmsnarl
|-sidestart|p1: Kidday|move: Light Screen
|move|p2a: Ninetales|Will-O-Wisp|p1a: Grimmsnarl
|-status|p1a: Grimmsnarl|brn
|
|-weather|SunnyDay|[upkeep]
|-damage|p1a: Grimmsnarl|94/100 brn|[from] brn
|upkeep
|turn|2
|inactive|Kidday has 120 seconds left.
|
|t:|1743885498
|move|p1a: Grimmsnarl|Reflect|p1a: Grimmsnarl
|-sidestart|p1: Kidday|Reflect
|move|p2a: Ninetales|Encore|p1a: Grimmsnarl
|-start|p1a: Grimmsnarl|Encore
|
|-weather|SunnyDay|[upkeep]
|-damage|p1a: Grimmsnarl|88/100 brn|[from] brn
|upkeep
|turn|3
|inactive|Kuffi has 120 seconds left.
|
|t:|1743885513
|switch|p1a: Magmortar|Magmortar, M, shiny|100/100
|move|p2a: Ninetales|Weather Ball|p1a: Magmortar
|-resisted|p1a: Magmortar
|-damage|p1a: Magmortar|93/100
|
|-weather|SunnyDay|[upkeep]
|upkeep
|turn|4
|
|t:|1743885524
|switch|p2a: Walking Wake|Walking Wake|100/100
|-activate|p2a: Walking Wake|ability: Protosynthesis
|-start|p2a: Walking Wake|protosynthesisspe
|move|p1a: Magmortar|Scorching Sands|p2a: Walking Wake
|-damage|p2a: Walking Wake|83/100
|
|-weather|SunnyDay|[upkeep]
|upkeep
|turn|5
|
|t:|1743885535
|move|p2a: Walking Wake|Knock Off|p1a: Magmortar
|-damage|p1a: Magmortar|82/100
|-enditem|p1a: Magmortar|Assault Vest|[from] move: Knock Off|[of] p2a: Walking Wake
|move|p1a: Magmortar|Thunderbolt|p2a: Walking Wake
|-damage|p2a: Walking Wake|63/100
|
|-weather|SunnyDay|[upkeep]
|upkeep
|turn|6
|
|t:|1743885544
|move|p2a: Walking Wake|Hydro Steam|p1a: Magmortar
|-supereffective|p1a: Magmortar
|-damage|p1a: Magmortar|35/100
|move|p1a: Magmortar|Thunderbolt|p2a: Walking Wake
|-damage|p2a: Walking Wake|41/100
|
|-weather|SunnyDay|[upkeep]
|upkeep
|turn|7
|inactive|Kidday has 120 seconds left.
|
|t:|1743885569
|move|p2a: Walking Wake|Hydro Steam|p1a: Magmortar
|-supereffective|p1a: Magmortar
|-damage|p1a: Magmortar|0 fnt
|faint|p1a: Magmortar
|
|-weather|SunnyDay|[upkeep]
|upkeep
|
|t:|1743885578
|switch|p1a: Grimmsnarl|Grimmsnarl, M, shiny|88/100 brn
|turn|8
|
|t:|1743885591
|move|p2a: Walking Wake|Knock Off|p1a: Grimmsnarl
|-resisted|p1a: Grimmsnarl
|-damage|p1a: Grimmsnarl|87/100 brn
|-enditem|p1a: Grimmsnarl|Light Clay|[from] move: Knock Off|[of] p2a: Walking Wake
|move|p1a: Grimmsnarl|Spirit Break|p2a: Walking Wake
|-supereffective|p2a: Walking Wake
|-damage|p2a: Walking Wake|14/100
|-unboost|p2a: Walking Wake|spa|1
|
|-weather|none
|-end|p2a: Walking Wake|Protosynthesis
|-damage|p1a: Grimmsnarl|80/100 brn|[from] brn
|-sideend|p1: Kidday|move: Light Screen
|upkeep
|turn|9
|
|t:|1743885603
|move|p1a: Grimmsnarl|Light Screen|p1a: Grimmsnarl
|-sidestart|p1: Kidday|move: Light Screen
|move|p2a: Walking Wake|Flip Turn|p1a: Grimmsnarl
|-damage|p1a: Grimmsnarl|74/100 brn
|
|t:|1743885608
|-end|p2a: Walking Wake|Protosynthesis|[silent]
|switch|p2a: Ninetales|Ninetales, M|100/100|[from] Flip Turn
|-weather|SunnyDay|[from] ability: Drought|[of] p2a: Ninetales
|
|-weather|SunnyDay|[upkeep]
|-damage|p1a: Grimmsnarl|68/100 brn|[from] brn
|-sideend|p1: Kidday|Reflect
|upkeep
|turn|10
|
|t:|1743885629
|move|p1a: Grimmsnarl|Reflect|p1a: Grimmsnarl
|-sidestart|p1: Kidday|Reflect
|move|p2a: Ninetales|Will-O-Wisp|p1a: Grimmsnarl
|-fail|p1a: Grimmsnarl|brn
|
|-weather|SunnyDay|[upkeep]
|-damage|p1a: Grimmsnarl|61/100 brn|[from] brn
|upkeep
|turn|11
|
|t:|1743885641
|move|p1a: Grimmsnarl|Parting Shot|p2a: Ninetales
|-unboost|p2a: Ninetales|atk|1
|-unboost|p2a: Ninetales|spa|1
|
|t:|1743885649
|switch|p1a: Golurk|Golurk, shiny|100/100|[from] Parting Shot
|move|p2a: Ninetales|Will-O-Wisp|p1a: Golurk
|-status|p1a: Golurk|brn
|
|-weather|SunnyDay|[upkeep]
|-damage|p1a: Golurk|94/100 brn|[from] brn
|upkeep
|turn|12
|
|t:|1743885669
|switch|p2a: Great Tusk|Great Tusk|100/100
|-activate|p2a: Great Tusk|ability: Protosynthesis
|-start|p2a: Great Tusk|protosynthesisspe
|move|p1a: Golurk|Earthquake|p2a: Great Tusk
|-damage|p2a: Great Tusk|75/100
|
|-weather|SunnyDay|[upkeep]
|-damage|p1a: Golurk|88/100 brn|[from] brn
|upkeep
|turn|13
|
|t:|1743885679
|move|p2a: Great Tusk|Stealth Rock|p1a: Golurk
|-sidestart|p1: Kidday|move: Stealth Rock
|move|p1a: Golurk|Earthquake|p2a: Great Tusk
|-damage|p2a: Great Tusk|48/100
|
|-weather|SunnyDay|[upkeep]
|-damage|p1a: Golurk|82/100 brn|[from] brn
|-sideend|p1: Kidday|move: Light Screen
|upkeep
|turn|14
|inactive|Kuffi has 120 seconds left.
|
|t:|1743885700
|-end|p2a: Great Tusk|Protosynthesis|[silent]
|switch|p2a: Comfey|Comfey, M|100/100
|move|p1a: Golurk|Earthquake|p2a: Comfey
|-damage|p2a: Comfey|47/100
|
|-weather|SunnyDay|[upkeep]
|-damage|p1a: Golurk|76/100 brn|[from] brn
|-sideend|p1: Kidday|Reflect
|upkeep
|turn|15
|inactive|Kuffi has 120 seconds left.
|
|t:|1743885726
|move|p2a: Comfey|Draining Kiss|p1a: Golurk
|-damage|p1a: Golurk|49/100 brn
|-heal|p2a: Comfey|73/100|[from] drain|[of] p1a: Golurk
|-damage|p2a: Comfey|63/100|[from] item: Life Orb
|move|p1a: Golurk|Earthquake|p2a: Comfey
|-damage|p2a: Comfey|14/100
|
|-weather|SunnyDay|[upkeep]
|-damage|p1a: Golurk|43/100 brn|[from] brn
|upkeep
|turn|16
|
|t:|1743885739
|move|p2a: Comfey|Draining Kiss|p1a: Golurk
|-damage|p1a: Golurk|11/100 brn
|-heal|p2a: Comfey|44/100|[from] drain|[of] p1a: Golurk
|-damage|p2a: Comfey|34/100|[from] item: Life Orb
|move|p1a: Golurk|Earthquake|p2a: Comfey
|-damage|p2a: Comfey|0 fnt
|faint|p2a: Comfey
|
|-weather|none
|-damage|p1a: Golurk|5/100 brn|[from] brn
|upkeep
|
|t:|1743885749
|switch|p2a: Ninetales|Ninetales, M|100/100
|-weather|SunnyDay|[from] ability: Drought|[of] p2a: Ninetales
|turn|17
|
|t:|1743885762
|switch|p2a: Great Tusk|Great Tusk|48/100
|-activate|p2a: Great Tusk|ability: Protosynthesis
|-start|p2a: Great Tusk|protosynthesisspe
|move|p1a: Golurk|Earthquake|p2a: Great Tusk
|-damage|p2a: Great Tusk|21/100
|
|-weather|SunnyDay|[upkeep]
|-damage|p1a: Golurk|0 fnt|[from] brn
|faint|p1a: Golurk
|upkeep
|
|t:|1743885766
|switch|p1a: Grimmsnarl|Grimmsnarl, M, shiny|61/100 brn
|-damage|p1a: Grimmsnarl|49/100 brn|[from] Stealth Rock
|turn|18
|
|t:|1743885775
|-end|p2a: Great Tusk|Protosynthesis|[silent]
|switch|p2a: Whimsicott|Whimsicott, F, shiny|100/100
|move|p1a: Grimmsnarl|Reflect|p1a: Grimmsnarl
|-sidestart|p1: Kidday|Reflect
|
|-weather|SunnyDay|[upkeep]
|-damage|p1a: Grimmsnarl|43/100 brn|[from] brn
|upkeep
|turn|19
|
|t:|1743885782
|move|p2a: Whimsicott|Growth|p2a: Whimsicott
|-boost|p2a: Whimsicott|atk|2
|-boost|p2a: Whimsicott|spa|2
|move|p1a: Grimmsnarl|Light Screen|p1a: Grimmsnarl
|-sidestart|p1: Kidday|move: Light Screen
|
|-weather|SunnyDay|[upkeep]
|-damage|p1a: Grimmsnarl|37/100 brn|[from] brn
|upkeep
|turn|20
|inactive|Kuffi has 120 seconds left.
|
|t:|1743885800
|move|p2a: Whimsicott|Growth|p2a: Whimsicott
|-boost|p2a: Whimsicott|atk|2
|-boost|p2a: Whimsicott|spa|2
|move|p1a: Grimmsnarl|Parting Shot|p2a: Whimsicott
|-unboost|p2a: Whimsicott|atk|1
|-unboost|p2a: Whimsicott|spa|1
|inactive|Kidday has 120 seconds left.
|
|t:|1743885831
|switch|p1a: Kingambit|Kingambit, M, shiny|100/100|[from] Parting Shot
|-damage|p1a: Kingambit|94/100|[from] Stealth Rock
|-activate|p1a: Kingambit|ability: Supreme Overlord
|-start|p1a: Kingambit|fallen2|[silent]
|
|-weather|SunnyDay|[upkeep]
|upkeep
|turn|21
|
|t:|1743885841
|-terastallize|p2a: Whimsicott|Ghost
|move|p2a: Whimsicott|Moonblast|p1a: Kingambit
|-damage|p1a: Kingambit|37/100
|-damage|p2a: Whimsicott|91/100|[from] item: Life Orb
|move|p1a: Kingambit|Iron Head|p2a: Whimsicott
|-damage|p2a: Whimsicott|19/100
|
|-weather|SunnyDay|[upkeep]
|upkeep
|turn|22
|inactive|Kidday has 120 seconds left.
|
|t:|1743885857
|switch|p2a: Walking Wake|Walking Wake|14/100
|-activate|p2a: Walking Wake|ability: Protosynthesis
|-start|p2a: Walking Wake|protosynthesisspe
|move|p1a: Kingambit|Sucker Punch||[still]
|-fail|p1a: Kingambit
|
|-weather|SunnyDay|[upkeep]
|-sideend|p1: Kidday|Reflect
|upkeep
|turn|23
|
|t:|1743885866
|move|p1a: Kingambit|Sucker Punch|p2a: Walking Wake
|-damage|p2a: Walking Wake|0 fnt
|faint|p2a: Walking Wake
|-end|p2a: Walking Wake|Protosynthesis|[silent]
|
|-weather|SunnyDay|[upkeep]
|-sideend|p1: Kidday|move: Light Screen
|upkeep
|inactive|Kuffi has 120 seconds left.
|
|t:|1743885882
|switch|p2a: Iron Moth|Iron Moth|100/100
|-enditem|p2a: Iron Moth|Booster Energy
|-activate|p2a: Iron Moth|ability: Quark Drive|[fromitem]
|-start|p2a: Iron Moth|quarkdrivespe
|turn|24
|
|t:|1743885900
|move|p2a: Iron Moth|Fiery Dance|p1a: Kingambit
|-supereffective|p1a: Kingambit
|-damage|p1a: Kingambit|0 fnt
|-boost|p2a: Iron Moth|spa|1
|faint|p1a: Kingambit
|-end|p1a: Kingambit|fallen2|[silent]
|
|-weather|none
|upkeep
|
|t:|1743885904
|switch|p1a: Grimmsnarl|Grimmsnarl, M, shiny|37/100 brn
|-damage|p1a: Grimmsnarl|24/100 brn|[from] Stealth Rock
|turn|25
|
|t:|1743885912
|move|p1a: Grimmsnarl|Light Screen|p1a: Grimmsnarl
|-sidestart|p1: Kidday|move: Light Screen
|move|p2a: Iron Moth|Fiery Dance|p1a: Grimmsnarl
|-damage|p1a: Grimmsnarl|0 fnt
|faint|p1a: Grimmsnarl
|
|upkeep
|
|t:|1743885919
|switch|p1a: Blastoise|Blastoise, M, shiny|100/100
|-damage|p1a: Blastoise|88/100|[from] Stealth Rock
|turn|26
|
|t:|1743885925
|move|p2a: Iron Moth|Sludge Wave|p1a: Blastoise
|-damage|p1a: Blastoise|54/100
|move|p1a: Blastoise|Shell Smash|p1a: Blastoise
|-unboost|p1a: Blastoise|def|1
|-unboost|p1a: Blastoise|spd|1
|-boost|p1a: Blastoise|atk|2
|-boost|p1a: Blastoise|spa|2
|-boost|p1a: Blastoise|spe|2
|-enditem|p1a: Blastoise|White Herb
|-clearnegativeboost|p1a: Blastoise|[silent]
|
|upkeep
|turn|27
|
|t:|1743885934
|move|p2a: Iron Moth|Sludge Wave|p1a: Blastoise
|-damage|p1a: Blastoise|22/100
|move|p1a: Blastoise|Surf|p2a: Iron Moth
|-supereffective|p2a: Iron Moth
|-damage|p2a: Iron Moth|0 fnt
|faint|p2a: Iron Moth
|-end|p2a: Iron Moth|Quark Drive|[silent]
|
|upkeep
|
|t:|1743885941
|switch|p2a: Ninetales|Ninetales, M|100/100
|-weather|SunnyDay|[from] ability: Drought|[of] p2a: Ninetales
|turn|28
|
|t:|1743885946
|-terastallize|p1a: Blastoise|Water
|move|p1a: Blastoise|Surf|p2a: Ninetales
|-supereffective|p2a: Ninetales
|-damage|p2a: Ninetales|0 fnt
|faint|p2a: Ninetales
|
|-weather|SunnyDay|[upkeep]
|upkeep
|
|t:|1743885954
|switch|p2a: Great Tusk|Great Tusk|21/100
|-activate|p2a: Great Tusk|ability: Protosynthesis
|-start|p2a: Great Tusk|protosynthesisspe
|turn|29
|c|☆Kidday|Torrent baby
|
|t:|1743885961
|move|p2a: Great Tusk|Headlong Rush|p1a: Blastoise
|-damage|p1a: Blastoise|0 fnt
|-unboost|p2a: Great Tusk|def|1
|-unboost|p2a: Great Tusk|spd|1
|faint|p1a: Blastoise
|
|-weather|SunnyDay|[upkeep]
|-sideend|p1: Kidday|move: Light Screen
|upkeep
|
|t:|1743885968
|switch|p1a: Sceptile|Sceptile, M|100/100
|-damage|p1a: Sceptile|88/100|[from] Stealth Rock
|turn|30
|
|t:|1743885973
|move|p2a: Great Tusk|Ice Spinner|p1a: Sceptile
|-supereffective|p1a: Sceptile
|-damage|p1a: Sceptile|14/100
|move|p1a: Sceptile|Leaf Storm|p2a: Great Tusk
|-supereffective|p2a: Great Tusk
|-damage|p2a: Great Tusk|0 fnt
|-unboost|p1a: Sceptile|spa|2
|-enditem|p1a: Sceptile|White Herb
|-clearnegativeboost|p1a: Sceptile|[silent]
|faint|p2a: Great Tusk
|-end|p2a: Great Tusk|Protosynthesis|[silent]
|
|-weather|SunnyDay|[upkeep]
|upkeep
|
|t:|1743885983
|switch|p2a: Whimsicott|Whimsicott, F, shiny, tera:Ghost|19/100
|turn|31
|
|t:|1743885989
|move|p1a: Sceptile|Leaf Storm|p2a: Whimsicott
|-damage|p2a: Whimsicott|0 fnt
|-unboost|p1a: Sceptile|spa|2
|faint|p2a: Whimsicott
|
|win|Kidday
|raw|Kidday's rating: 1225 &rarr; <strong>1254</strong><br />(+29 for winning)
|raw|Kuffi's rating: 1274 &rarr; <strong>1245</strong><br />(-29 for losing)
|l|☆Kuffi
|player|p2|
|l|☆Kidday
|player|p1|
