|j|☆Papablanco
|j|☆bigz42069
|t:|1743817165
|gametype|singles
|player|p1|Papablanco|265|1345
|player|p2|bigz42069|blackbelt-gen4dp|1354
|teamsize|p1|6
|teamsize|p2|6
|gen|9
|tier|[Gen 9] OU
|rated|
|rule|HP Percentage Mod: HP is shown in percentages
|rule|Endless Battle Clause: Forcing endless battles is banned
|rule|Species Clause: Limit one of each Pokémon
|rule|OHKO Clause: OHKO moves are banned
|rule|Evasion Items Clause: Evasion items are banned
|rule|Evasion Moves Clause: Evasion moves are banned
|rule|Sleep Moves Clause: Sleep-inducing moves are banned
|clearpoke
|poke|p1|Ninetales-Alola, F|
|poke|p1|Haxorus, M|
|poke|p1|Armarouge, F|
|poke|p1|Munkidori, M|
|poke|p1|Donphan, M|
|poke|p1|Ogerpon-Wellspring, F|
|poke|p2|Tyranitar, F|
|poke|p2|Excadrill, F|
|poke|p2|Rotom-Wash|
|poke|p2|Garganacl, F|
|poke|p2|Dragapult, F|
|poke|p2|Darkrai|
|teampreview
|
|t:|1743817175
|start
|switch|p1a: Munkidori|Munkidori, M|100/100
|switch|p2a: Dragapult|Dragapult, F|100/100
|turn|1
|inactive|Battle timer is ON: inactive players will automatically lose when time's up. (requested by bigz42069)
|
|t:|1743817179
|move|p1a: Munkidori|Shadow Ball|p2a: Dragapult
|-supereffective|p2a: Dragapult
|-damage|p2a: Dragapult|12/100
|move|p2a: Dragapult|Will-O-Wisp|p1a: Munkidori|[miss]
|-miss|p2a: Dragapult|p1a: Munkidori
|
|upkeep
|turn|2
|
|t:|1743817189
|switch|p2a: Tyranitar|Tyranitar, F|100/100
|-weather|Sandstorm|[from] ability: Sand Stream|[of] p2a: Tyranitar
|move|p1a: Munkidori|Shadow Ball|p2a: Tyranitar
|-resisted|p2a: Tyranitar
|-damage|p2a: Tyranitar|96/100
|
|-weather|Sandstorm|[upkeep]
|-damage|p1a: Munkidori|95/100|[from] Sandstorm
|upkeep
|turn|3
|
|t:|1743817196
|switch|p1a: Ninetales|Ninetales-Alola, F|100/100
|-weather|Snowscape|[from] ability: Snow Warning|[of] p1a: Ninetales
|switch|p2a: Excadrill|Excadrill, F|100/100
|-item|p2a: Excadrill|Air Balloon
|
|-weather|Snowscape|[upkeep]
|upkeep
|turn|4
|
|t:|1743817205
|switch|p2a: Tyranitar|Tyranitar, F|96/100
|-weather|Sandstorm|[from] ability: Sand Stream|[of] p2a: Tyranitar
|move|p1a: Ninetales|Aurora Veil||[still]
|-fail|p1a: Ninetales
|
|-weather|Sandstorm|[upkeep]
|-damage|p1a: Ninetales|94/100|[from] Sandstorm
|upkeep
|turn|5
|
|t:|1743817227
|switch|p1a: Donphan|Donphan, M|100/100
|move|p2a: Tyranitar|Knock Off|p1a: Donphan
|-damage|p1a: Donphan|66/100
|-enditem|p1a: Donphan|Heavy-Duty Boots|[from] move: Knock Off|[of] p2a: Tyranitar
|
|-weather|Sandstorm|[upkeep]
|upkeep
|turn|6
|
|t:|1743817244
|switch|p2a: Rotom|Rotom-Wash|100/100
|switch|p1a: Ogerpon|Ogerpon-Wellspring, F|100/100
|
|-weather|Sandstorm|[upkeep]
|-damage|p1a: Ogerpon|95/100|[from] Sandstorm
|-damage|p2a: Rotom|94/100|[from] Sandstorm
|upkeep
|turn|7
|
|t:|1743817250
|move|p1a: Ogerpon|Trailblaze|p2a: Rotom
|-supereffective|p2a: Rotom
|-damage|p2a: Rotom|44/100
|-boost|p1a: Ogerpon|spe|1
|-damage|p1a: Ogerpon|78/100|[from] item: Rocky Helmet|[of] p2a: Rotom
|move|p2a: Rotom|Will-O-Wisp|p1a: Ogerpon
|-status|p1a: Ogerpon|brn
|
|-weather|Sandstorm|[upkeep]
|-damage|p1a: Ogerpon|72/100 brn|[from] Sandstorm
|-damage|p2a: Rotom|38/100|[from] Sandstorm
|-damage|p1a: Ogerpon|66/100 brn|[from] brn
|upkeep
|turn|8
|
|t:|1743817259
|move|p1a: Ogerpon|Swords Dance|p1a: Ogerpon
|-boost|p1a: Ogerpon|atk|2
|move|p2a: Rotom|Pain Split|p1a: Ogerpon
|-sethp|p1a: Ogerpon|52/100 brn|[from] move: Pain Split|[silent]
|-sethp|p2a: Rotom|51/100|[from] move: Pain Split
|
|-weather|none
|-damage|p1a: Ogerpon|46/100 brn|[from] brn
|upkeep
|turn|9
|
|t:|1743817267
|move|p1a: Ogerpon|Trailblaze|p2a: Rotom
|-supereffective|p2a: Rotom
|-damage|p2a: Rotom|4/100
|-boost|p1a: Ogerpon|spe|1
|-damage|p1a: Ogerpon|29/100 brn|[from] item: Rocky Helmet|[of] p2a: Rotom
|move|p2a: Rotom|Volt Switch|p1a: Ogerpon
|-damage|p1a: Ogerpon|0 fnt
|faint|p1a: Ogerpon
|
|t:|1743817282
|switch|p2a: Darkrai|Darkrai|100/100|[from] Volt Switch
|
|upkeep
|
|t:|1743817293
|switch|p1a: Munkidori|Munkidori, M|95/100
|turn|10
|
|t:|1743817307
|switch|p2a: Rotom|Rotom-Wash|4/100
|move|p1a: Munkidori|Focus Blast|p2a: Rotom
|-damage|p2a: Rotom|0 fnt
|faint|p2a: Rotom
|
|upkeep
|
|t:|1743817313
|switch|p2a: Dragapult|Dragapult, F|12/100
|turn|11
|
|t:|1743817323
|switch|p1a: Donphan|Donphan, M|66/100
|move|p2a: Dragapult|Will-O-Wisp|p1a: Donphan
|-status|p1a: Donphan|brn
|
|-damage|p1a: Donphan|60/100 brn|[from] brn
|upkeep
|turn|12
|
|t:|1743817329
|switch|p2a: Garganacl|Garganacl, F|100/100
|move|p1a: Donphan|Ice Shard|p2a: Garganacl
|-damage|p2a: Garganacl|96/100
|
|-heal|p2a: Garganacl|100/100|[from] item: Leftovers
|-damage|p1a: Donphan|54/100 brn|[from] brn
|upkeep
|turn|13
|
|t:|1743817334
|switch|p1a: Haxorus|Haxorus, M|100/100
|-ability|p1a: Haxorus|Mold Breaker
|move|p2a: Garganacl|Stealth Rock|p1a: Haxorus
|-sidestart|p1: Papablanco|move: Stealth Rock
|
|upkeep
|turn|14
|
|t:|1743817339
|move|p1a: Haxorus|Scale Shot|p2a: Garganacl
|-damage|p2a: Garganacl|91/100
|-damage|p2a: Garganacl|81/100
|-damage|p2a: Garganacl|73/100
|-damage|p2a: Garganacl|64/100
|-hitcount|p2a: Garganacl|4
|-unboost|p1a: Haxorus|def|1
|-boost|p1a: Haxorus|spe|1
|move|p2a: Garganacl|Salt Cure|p1a: Haxorus
|-damage|p1a: Haxorus|73/100
|-start|p1a: Haxorus|Salt Cure
|
|-heal|p2a: Garganacl|70/100|[from] item: Leftovers
|-damage|p1a: Haxorus|60/100|[from] Salt Cure
|upkeep
|turn|15
|
|t:|1743817354
|move|p1a: Haxorus|Iron Head|p2a: Garganacl
|-supereffective|p2a: Garganacl
|-damage|p2a: Garganacl|30/100
|move|p2a: Garganacl|Recover|p2a: Garganacl
|-heal|p2a: Garganacl|80/100
|
|-heal|p2a: Garganacl|86/100|[from] item: Leftovers
|-damage|p1a: Haxorus|48/100|[from] Salt Cure
|upkeep
|turn|16
|
|t:|1743817364
|switch|p1a: Donphan|Donphan, M|54/100 brn
|-damage|p1a: Donphan|48/100 brn|[from] Stealth Rock
|move|p2a: Garganacl|Body Press|p1a: Donphan
|-damage|p1a: Donphan|27/100 brn
|
|-heal|p2a: Garganacl|92/100|[from] item: Leftovers
|-damage|p1a: Donphan|21/100 brn|[from] brn
|upkeep
|turn|17
|
|t:|1743817379
|move|p1a: Donphan|Rapid Spin|p2a: Garganacl
|-resisted|p2a: Garganacl
|-damage|p2a: Garganacl|89/100
|-boost|p1a: Donphan|spe|1
|-sideend|p1: Papablanco|Stealth Rock|[from] move: Rapid Spin|[of] p1a: Donphan
|move|p2a: Garganacl|Body Press|p1a: Donphan
|-damage|p1a: Donphan|0 fnt
|faint|p1a: Donphan
|
|-heal|p2a: Garganacl|96/100|[from] item: Leftovers
|upkeep
|
|t:|1743817383
|switch|p1a: Ninetales|Ninetales-Alola, F|94/100
|-weather|Snowscape|[from] ability: Snow Warning|[of] p1a: Ninetales
|turn|18
|
|t:|1743817391
|switch|p1a: Armarouge|Armarouge, F|100/100
|switch|p2a: Tyranitar|Tyranitar, F|96/100
|-weather|Sandstorm|[from] ability: Sand Stream|[of] p2a: Tyranitar
|
|-weather|Sandstorm|[upkeep]
|-damage|p1a: Armarouge|94/100|[from] Sandstorm
|-heal|p1a: Armarouge|100/100|[from] item: Leftovers
|upkeep
|turn|19
|
|t:|1743817400
|-terastallize|p1a: Armarouge|Fairy
|move|p1a: Armarouge|Iron Defense|p1a: Armarouge
|-boost|p1a: Armarouge|def|2
|move|p2a: Tyranitar|Knock Off|p1a: Armarouge
|-resisted|p1a: Armarouge
|-damage|p1a: Armarouge|91/100
|-ability|p1a: Armarouge|Weak Armor|boost
|-unboost|p1a: Armarouge|def|1
|-boost|p1a: Armarouge|spe|2
|-enditem|p1a: Armarouge|Leftovers|[from] move: Knock Off|[of] p2a: Tyranitar
|
|-weather|Sandstorm|[upkeep]
|-damage|p1a: Armarouge|85/100|[from] Sandstorm
|upkeep
|turn|20
|
|t:|1743817417
|switch|p2a: Garganacl|Garganacl, F|96/100
|move|p1a: Armarouge|Calm Mind|p1a: Armarouge
|-boost|p1a: Armarouge|spa|1
|-boost|p1a: Armarouge|spd|1
|
|-weather|Sandstorm|[upkeep]
|-damage|p1a: Armarouge|78/100|[from] Sandstorm
|-heal|p2a: Garganacl|100/100|[from] item: Leftovers
|upkeep
|turn|21
|
|t:|1743817426
|-terastallize|p2a: Garganacl|Fairy
|move|p1a: Armarouge|Calm Mind|p1a: Armarouge
|-boost|p1a: Armarouge|spa|1
|-boost|p1a: Armarouge|spd|1
|move|p2a: Garganacl|Salt Cure|p1a: Armarouge
|-damage|p1a: Armarouge|70/100
|-start|p1a: Armarouge|Salt Cure
|-ability|p1a: Armarouge|Weak Armor|boost
|-unboost|p1a: Armarouge|def|1
|-boost|p1a: Armarouge|spe|2
|
|-weather|Sandstorm|[upkeep]
|-damage|p1a: Armarouge|64/100|[from] Sandstorm
|-damage|p2a: Garganacl|94/100|[from] Sandstorm
|-heal|p2a: Garganacl|100/100|[from] item: Leftovers
|-damage|p1a: Armarouge|51/100|[from] Salt Cure
|upkeep
|turn|22
|
|t:|1743817436
|move|p1a: Armarouge|Stored Power|p2a: Garganacl
|-damage|p2a: Garganacl|0 fnt
|faint|p2a: Garganacl
|
|-weather|none
|-damage|p1a: Armarouge|39/100|[from] Salt Cure
|upkeep
|
|t:|1743817444
|switch|p2a: Tyranitar|Tyranitar, F|96/100
|-weather|Sandstorm|[from] ability: Sand Stream|[of] p2a: Tyranitar
|turn|23
|
|t:|1743817450
|switch|p2a: Excadrill|Excadrill, F|100/100
|-item|p2a: Excadrill|Air Balloon
|move|p1a: Armarouge|Flamethrower|p2a: Excadrill
|-supereffective|p2a: Excadrill
|-damage|p2a: Excadrill|0 fnt
|-enditem|p2a: Excadrill|Air Balloon
|faint|p2a: Excadrill
|
|-weather|Sandstorm|[upkeep]
|-damage|p1a: Armarouge|33/100|[from] Sandstorm
|-damage|p1a: Armarouge|21/100|[from] Salt Cure
|upkeep
|
|t:|1743817471
|switch|p2a: Dragapult|Dragapult, F|12/100
|turn|24
|
|t:|1743817477
|switch|p2a: Tyranitar|Tyranitar, F|96/100
|move|p1a: Armarouge|Flamethrower|p2a: Tyranitar
|-resisted|p2a: Tyranitar
|-damage|p2a: Tyranitar|80/100
|
|-weather|Sandstorm|[upkeep]
|-damage|p1a: Armarouge|15/100|[from] Sandstorm
|-damage|p1a: Armarouge|2/100|[from] Salt Cure
|upkeep
|turn|25
|
|t:|1743817483
|switch|p2a: Darkrai|Darkrai|100/100
|move|p1a: Armarouge|Flamethrower|p2a: Darkrai
|-crit|p2a: Darkrai
|-damage|p2a: Darkrai|0 fnt
|faint|p2a: Darkrai
|
|-weather|Sandstorm|[upkeep]
|-damage|p1a: Armarouge|0 fnt|[from] Sandstorm
|faint|p1a: Armarouge
|upkeep
|
|t:|1743817492
|switch|p2a: Dragapult|Dragapult, F|12/100
|switch|p1a: Ninetales|Ninetales-Alola, F|94/100
|-weather|Snowscape|[from] ability: Snow Warning|[of] p1a: Ninetales
|turn|26
|
|t:|1743817496
|switch|p2a: Tyranitar|Tyranitar, F|80/100
|-weather|Sandstorm|[from] ability: Sand Stream|[of] p2a: Tyranitar
|move|p1a: Ninetales|Moonblast|p2a: Tyranitar
|-supereffective|p2a: Tyranitar
|-damage|p2a: Tyranitar|55/100
|-unboost|p2a: Tyranitar|spa|1
|
|-weather|Sandstorm|[upkeep]
|-damage|p1a: Ninetales|88/100|[from] Sandstorm
|upkeep
|turn|27
|
|t:|1743817506
|move|p1a: Ninetales|Moonblast|p2a: Tyranitar
|-supereffective|p2a: Tyranitar
|-damage|p2a: Tyranitar|33/100
|move|p2a: Tyranitar|Fire Blast|p1a: Ninetales
|-supereffective|p1a: Ninetales
|-damage|p1a: Ninetales|55/100
|
|-weather|Sandstorm|[upkeep]
|-damage|p1a: Ninetales|49/100|[from] Sandstorm
|upkeep
|turn|28
|
|t:|1743817513
|move|p1a: Ninetales|Moonblast|p2a: Tyranitar
|-supereffective|p2a: Tyranitar
|-damage|p2a: Tyranitar|12/100
|move|p2a: Tyranitar|Fire Blast|p1a: Ninetales
|-supereffective|p1a: Ninetales
|-damage|p1a: Ninetales|15/100
|
|-weather|Sandstorm|[upkeep]
|-damage|p1a: Ninetales|9/100|[from] Sandstorm
|upkeep
|turn|29
|
|t:|1743817516
|move|p1a: Ninetales|Moonblast|p2a: Tyranitar
|-supereffective|p2a: Tyranitar
|-damage|p2a: Tyranitar|0 fnt
|faint|p2a: Tyranitar
|
|-weather|Sandstorm|[upkeep]
|-damage|p1a: Ninetales|2/100|[from] Sandstorm
|upkeep
|
|t:|1743817518
|switch|p2a: Dragapult|Dragapult, F|12/100
|turn|30
|
|t:|1743817520
|move|p2a: Dragapult|Dragon Darts|p1a: Ninetales
|-immune|p1a: Ninetales
|move|p1a: Ninetales|Moonblast|p2a: Dragapult
|-supereffective|p2a: Dragapult
|-damage|p2a: Dragapult|0 fnt
|faint|p2a: Dragapult
|
|win|Papablanco
|raw|Papablanco's rating: 1345 &rarr; <strong>1366</strong><br />(+21 for winning)
|raw|bigz42069's rating: 1354 &rarr; <strong>1333</strong><br />(-21 for losing)
|l|☆Papablanco
|player|p1|
