|j|‽STALLGOAT14
|j|☆Vredge
|t:|1743787427
|gametype|singles
|player|p1|STALLGOAT14|265|1645
|player|p2|Vredge|hilbert|1673
|teamsize|p1|6
|teamsize|p2|6
|gen|9
|tier|[Gen 9] OU
|rated|
|rule|HP Percentage Mod: HP is shown in percentages
|rule|Endless Battle Clause: Forcing endless battles is banned
|rule|Species Clause: Limit one of each Pokémon
|rule|OHKO Clause: OHKO moves are banned
|rule|Evasion Items Clause: Evasion items are banned
|rule|Evasion Moves Clause: Evasion moves are banned
|rule|Sleep Moves Clause: Sleep-inducing moves are banned
|clearpoke
|poke|p1|Blissey, F|
|poke|p1|Clefable, F|
|poke|p1|Gliscor, F|
|poke|p1|Ting-Lu|
|poke|p1|Dondozo, F|
|poke|p1|Amoonguss, F|
|poke|p2|Iron Valiant|
|poke|p2|Dragapult, M|
|poke|p2|Great Tusk|
|poke|p2|Kingambit, M|
|poke|p2|Slowking-Galar, M|
|poke|p2|Zapdos|
|teampreview
|inactive|Battle timer is ON: inactive players will automatically lose when time's up. (requested by Vredge)
|inactive|STALLGOAT14 also wants the timer to be on.
|
|t:|1743787438
|start
|switch|p1a: Gliscor|Gliscor, F|100/100
|switch|p2a: Tankd|Great Tusk|100/100
|turn|1
|
|t:|1743787442
|move|p1a: Gliscor|Protect|p1a: Gliscor
|-singleturn|p1a: Gliscor|Protect
|move|p2a: Tankd|Stealth Rock|p1a: Gliscor
|-sidestart|p1: STALLGOAT14|move: Stealth Rock
|
|-status|p1a: Gliscor|tox|[from] item: Toxic Orb
|upkeep
|turn|2
|
|t:|1743787445
|move|p2a: Tankd|Ice Spinner|p1a: Gliscor
|-supereffective|p1a: Gliscor
|-damage|p1a: Gliscor|41/100 tox
|move|p1a: Gliscor|Toxic|p2a: Tankd
|-status|p2a: Tankd|tox
|
|-damage|p2a: Tankd|94/100 tox|[from] psn
|-heal|p1a: Gliscor|54/100 tox|[from] ability: Poison Heal
|upkeep
|turn|3
|
|t:|1743787459
|-end|p2a: Tankd|Protosynthesis|[silent]
|switch|p2a: Stardust|Iron Valiant|100/100
|-enditem|p2a: Stardust|Booster Energy
|-activate|p2a: Stardust|ability: Quark Drive|[fromitem]
|-start|p2a: Stardust|quarkdrivespe
|move|p1a: Gliscor|Protect||[still]
|-fail|p1a: Gliscor
|
|-heal|p1a: Gliscor|66/100 tox|[from] ability: Poison Heal
|upkeep
|turn|4
|
|t:|1743787463
|switch|p1a: Amoonguss|Amoonguss, F|100/100
|move|p2a: Stardust|Encore||[still]
|-fail|p2a: Stardust
|
|upkeep
|turn|5
|
|t:|1743787469
|-end|p2a: Stardust|Quark Drive|[silent]
|switch|p2a: Supersonic|Slowking-Galar, M, shiny|100/100
|move|p1a: Amoonguss|Toxic|p2a: Supersonic
|-immune|p2a: Supersonic
|
|upkeep
|turn|6
|
|t:|1743787482
|switch|p1a: Ting-Lu|Ting-Lu|100/100
|-ability|p1a: Ting-Lu|Vessel of Ruin
|move|p2a: Supersonic|Surf|p1a: Ting-Lu
|-supereffective|p1a: Ting-Lu
|-damage|p1a: Ting-Lu|80/100
|
|upkeep
|turn|7
|
|t:|1743787489
|move|p1a: Ting-Lu|Stealth Rock|p2a: Supersonic
|-sidestart|p2: Vredge|move: Stealth Rock
|move|p2a: Supersonic|Future Sight|p1a: Ting-Lu
|-start|p2a: Supersonic|move: Future Sight
|
|upkeep
|turn|8
|
|t:|1743787502
|switch|p2a: Tankd|Great Tusk|94/100 tox
|move|p1a: Ting-Lu|Earthquake|p2a: Tankd
|-damage|p2a: Tankd|74/100 tox
|
|-damage|p2a: Tankd|67/100 tox|[from] psn
|upkeep
|turn|9
|
|t:|1743787507
|move|p2a: Tankd|Rapid Spin|p1a: Ting-Lu
|-damage|p1a: Ting-Lu|73/100
|-boost|p2a: Tankd|spe|1
|-sideend|p2: Vredge|Stealth Rock|[from] move: Rapid Spin|[of] p2a: Tankd
|move|p1a: Ting-Lu|Earthquake|p2a: Tankd
|-damage|p2a: Tankd|48/100 tox
|
|-end|p1a: Ting-Lu|move: Future Sight
|-immune|p1a: Ting-Lu
|-damage|p2a: Tankd|36/100 tox|[from] psn
|upkeep
|turn|10
|
|t:|1743787519
|-end|p2a: Tankd|Protosynthesis|[silent]
|switch|p2a: Stardust|Iron Valiant|100/100
|move|p1a: Ting-Lu|Stealth Rock|p2a: Stardust
|-sidestart|p2: Vredge|move: Stealth Rock
|
|upkeep
|turn|11
|
|t:|1743787525
|switch|p1a: Amoonguss|Amoonguss, F|100/100
|move|p2a: Stardust|Knock Off|p1a: Amoonguss
|-damage|p1a: Amoonguss|81/100
|-enditem|p1a: Amoonguss|Heavy-Duty Boots|[from] move: Knock Off|[of] p2a: Stardust
|
|upkeep
|turn|12
|
|t:|1743787531
|-end|p2a: Stardust|Quark Drive|[silent]
|switch|p2a: Supersonic|Slowking-Galar, M, shiny|100/100
|-damage|p2a: Supersonic|88/100|[from] Stealth Rock
|move|p1a: Amoonguss|Clear Smog|p2a: Supersonic
|-resisted|p2a: Supersonic
|-damage|p2a: Supersonic|84/100
|-clearboost|p2a: Supersonic
|
|upkeep
|turn|13
|
|t:|1743787539
|switch|p1a: Ting-Lu|Ting-Lu|73/100
|-ability|p1a: Ting-Lu|Vessel of Ruin
|move|p2a: Supersonic|Surf|p1a: Ting-Lu
|-supereffective|p1a: Ting-Lu
|-damage|p1a: Ting-Lu|54/100
|
|upkeep
|turn|14
|
|t:|1743787544
|switch|p2a: Flying Battery|Zapdos|100/100
|move|p1a: Ting-Lu|Earthquake|p2a: Flying Battery
|-immune|p2a: Flying Battery
|
|upkeep
|turn|15
|
|t:|1743787555
|move|p2a: Flying Battery|Hurricane|p1a: Ting-Lu|[miss]
|-miss|p2a: Flying Battery|p1a: Ting-Lu
|move|p1a: Ting-Lu|Rest|p1a: Ting-Lu
|-status|p1a: Ting-Lu|slp|[from] move: Rest
|-heal|p1a: Ting-Lu|100/100 slp|[silent]
|
|upkeep
|turn|16
|
|t:|1743787558
|switch|p2a: Stardust|Iron Valiant|100/100
|-damage|p2a: Stardust|94/100|[from] Stealth Rock
|cant|p1a: Ting-Lu|slp
|
|upkeep
|turn|17
|
|t:|1743787568
|-end|p2a: Stardust|Quark Drive|[silent]
|switch|p2a: Flying Battery|Zapdos|100/100
|switch|p1a: Clefable|Clefable, F|100/100
|
|upkeep
|turn|18
|
|t:|1743787588
|switch|p1a: Ting-Lu|Ting-Lu|100/100 slp
|-ability|p1a: Ting-Lu|Vessel of Ruin
|move|p2a: Flying Battery|Volt Switch|p1a: Ting-Lu
|-immune|p1a: Ting-Lu
|
|upkeep
|turn|19
|
|t:|1743787593
|switch|p2a: Stardust|Iron Valiant|94/100
|-damage|p2a: Stardust|88/100|[from] Stealth Rock
|cant|p1a: Ting-Lu|slp
|
|upkeep
|turn|20
|
|t:|1743787602
|switch|p1a: Clefable|Clefable, F|100/100
|move|p2a: Stardust|Moonblast|p1a: Clefable
|-damage|p1a: Clefable|56/100
|
|upkeep
|turn|21
|
|t:|1743787609
|move|p2a: Stardust|Knock Off|p1a: Clefable
|-resisted|p1a: Clefable
|-damage|p1a: Clefable|46/100
|move|p1a: Clefable|Moonlight|p1a: Clefable
|-heal|p1a: Clefable|96/100
|
|-damage|p2a: Stardust|76/100|[from] item: Sticky Barb
|upkeep
|turn|22
|
|t:|1743787615
|move|p2a: Stardust|Encore|p1a: Clefable
|-start|p1a: Clefable|Encore
|move|p1a: Clefable|Moonlight|p1a: Clefable
|-heal|p1a: Clefable|100/100
|
|-damage|p2a: Stardust|63/100|[from] item: Sticky Barb
|upkeep
|turn|23
|
|t:|1743787629
|-end|p2a: Stardust|Quark Drive|[silent]
|switch|p2a: Supersonic|Slowking-Galar, M, shiny|100/100
|-damage|p2a: Supersonic|88/100|[from] Stealth Rock
|switch|p1a: Amoonguss|Amoonguss, F|100/100
|-damage|p1a: Amoonguss|88/100|[from] Stealth Rock
|
|upkeep
|turn|24
|
|t:|1743787637
|switch|p1a: Ting-Lu|Ting-Lu|100/100 slp
|-ability|p1a: Ting-Lu|Vessel of Ruin
|move|p2a: Supersonic|Future Sight|p1a: Ting-Lu
|-start|p2a: Supersonic|move: Future Sight
|
|upkeep
|turn|25
|
|t:|1743787643
|switch|p2a: Stardust|Iron Valiant|63/100
|-damage|p2a: Stardust|57/100|[from] Stealth Rock
|-curestatus|p1a: Ting-Lu|slp|[msg]
|move|p1a: Ting-Lu|Earthquake|p2a: Stardust
|-damage|p2a: Stardust|11/100
|
|-damage|p2a: Stardust|0 fnt|[from] item: Sticky Barb
|faint|p2a: Stardust
|-end|p2a: Stardust|Quark Drive|[silent]
|upkeep
|
|t:|1743787660
|switch|p2a: Final Zone|Kingambit, M|100/100
|-damage|p2a: Final Zone|94/100|[from] Stealth Rock
|-activate|p2a: Final Zone|ability: Supreme Overlord
|-start|p2a: Final Zone|fallen1|[silent]
|turn|26
|j| Opalfox
|
|t:|1743787666
|move|p2a: Final Zone|Low Kick|p1a: Ting-Lu
|-supereffective|p1a: Ting-Lu
|-damage|p1a: Ting-Lu|45/100
|move|p1a: Ting-Lu|Earthquake|p2a: Final Zone
|-supereffective|p2a: Final Zone
|-damage|p2a: Final Zone|37/100
|
|-end|p1a: Ting-Lu|move: Future Sight
|-immune|p1a: Ting-Lu
|-heal|p2a: Final Zone|43/100|[from] item: Leftovers
|upkeep
|turn|27
|
|t:|1743787675
|-end|p2a: Final Zone|fallen1|[silent]
|switch|p2a: Supersonic|Slowking-Galar, M, shiny|100/100
|-damage|p2a: Supersonic|88/100|[from] Stealth Rock
|switch|p1a: Gliscor|Gliscor, F|66/100 tox
|-damage|p1a: Gliscor|54/100 tox|[from] Stealth Rock
|
|-heal|p1a: Gliscor|66/100 tox|[from] ability: Poison Heal
|upkeep
|turn|28
|
|t:|1743787691
|switch|p1a: Ting-Lu|Ting-Lu|45/100
|-ability|p1a: Ting-Lu|Vessel of Ruin
|move|p2a: Supersonic|Surf|p1a: Ting-Lu
|-supereffective|p1a: Ting-Lu
|-damage|p1a: Ting-Lu|25/100
|
|upkeep
|turn|29
|
|t:|1743787696
|switch|p2a: Final Zone|Kingambit, M|43/100
|-damage|p2a: Final Zone|37/100|[from] Stealth Rock
|-activate|p2a: Final Zone|ability: Supreme Overlord
|-start|p2a: Final Zone|fallen1|[silent]
|move|p1a: Ting-Lu|Rest|p1a: Ting-Lu
|-status|p1a: Ting-Lu|slp|[from] move: Rest
|-heal|p1a: Ting-Lu|100/100 slp|[silent]
|
|-heal|p2a: Final Zone|43/100|[from] item: Leftovers
|upkeep
|turn|30
|
|t:|1743787707
|switch|p1a: Dondozo|Dondozo, F|100/100
|move|p2a: Final Zone|Kowtow Cleave|p1a: Dondozo
|-damage|p1a: Dondozo|75/100
|
|-heal|p2a: Final Zone|49/100|[from] item: Leftovers
|upkeep
|turn|31
|
|t:|1743787727
|-end|p2a: Final Zone|fallen1|[silent]
|switch|p2a: Flying Battery|Zapdos|100/100
|switch|p1a: Gliscor|Gliscor, F|66/100 tox
|-damage|p1a: Gliscor|54/100 tox|[from] Stealth Rock
|
|-heal|p1a: Gliscor|66/100 tox|[from] ability: Poison Heal
|upkeep
|turn|32
|
|t:|1743787730
|switch|p2a: Tankd|Great Tusk|36/100 tox
|move|p1a: Gliscor|Protect||[still]
|-fail|p1a: Gliscor
|
|-damage|p2a: Tankd|29/100 tox|[from] psn
|-heal|p1a: Gliscor|79/100 tox|[from] ability: Poison Heal
|upkeep
|turn|33
|
|t:|1743787736
|move|p1a: Gliscor|Protect|p1a: Gliscor
|-singleturn|p1a: Gliscor|Protect
|move|p2a: Tankd|Ice Spinner|p1a: Gliscor
|-activate|p1a: Gliscor|move: Protect
|
|-damage|p2a: Tankd|17/100 tox|[from] psn
|-heal|p1a: Gliscor|91/100 tox|[from] ability: Poison Heal
|upkeep
|turn|34
|
|t:|1743787751
|switch|p1a: Dondozo|Dondozo, F|75/100
|move|p2a: Tankd|Rapid Spin|p1a: Dondozo
|-damage|p1a: Dondozo|68/100
|-boost|p2a: Tankd|spe|1
|-sideend|p2: Vredge|Stealth Rock|[from] move: Rapid Spin|[of] p2a: Tankd
|
|-damage|p2a: Tankd|0 fnt|[from] psn
|faint|p2a: Tankd
|-end|p2a: Tankd|Protosynthesis|[silent]
|upkeep
|
|t:|1743787755
|switch|p2a: Speedway|Dragapult, M|100/100
|turn|35
|
|t:|1743787758
|switch|p1a: Clefable|Clefable, F|100/100
|move|p2a: Speedway|U-turn|p1a: Clefable
|-resisted|p1a: Clefable
|-damage|p1a: Clefable|94/100
|
|t:|1743787759
|switch|p2a: Final Zone|Kingambit, M|49/100|[from] U-turn
|-activate|p2a: Final Zone|ability: Supreme Overlord
|-start|p2a: Final Zone|fallen2|[silent]
|
|-heal|p2a: Final Zone|56/100|[from] item: Leftovers
|upkeep
|turn|36
|
|t:|1743787765
|-end|p2a: Final Zone|fallen2|[silent]
|switch|p2a: Supersonic|Slowking-Galar, M, shiny|100/100
|switch|p1a: Dondozo|Dondozo, F|68/100
|
|upkeep
|turn|37
|
|t:|1743787772
|switch|p1a: Ting-Lu|Ting-Lu|100/100 slp
|-ability|p1a: Ting-Lu|Vessel of Ruin
|move|p2a: Supersonic|Future Sight|p1a: Ting-Lu
|-start|p2a: Supersonic|move: Future Sight
|
|upkeep
|turn|38
|
|t:|1743787782
|switch|p2a: Final Zone|Kingambit, M|56/100
|-activate|p2a: Final Zone|ability: Supreme Overlord
|-start|p2a: Final Zone|fallen2|[silent]
|cant|p1a: Ting-Lu|slp
|
|-heal|p2a: Final Zone|62/100|[from] item: Leftovers
|upkeep
|turn|39
|
|t:|1743787787
|switch|p1a: Dondozo|Dondozo, F|68/100
|move|p2a: Final Zone|Low Kick|p1a: Dondozo
|-damage|p1a: Dondozo|41/100
|
|-end|p1a: Dondozo|move: Future Sight
|-damage|p1a: Dondozo|0 fnt
|faint|p1a: Dondozo
|-heal|p2a: Final Zone|68/100|[from] item: Leftovers
|upkeep
|
|t:|1743787808
|switch|p1a: Ting-Lu|Ting-Lu|100/100 slp
|-ability|p1a: Ting-Lu|Vessel of Ruin
|turn|40
|
|t:|1743787815
|-terastallize|p1a: Ting-Lu|Ghost
|move|p2a: Final Zone|Low Kick|p1a: Ting-Lu
|-immune|p1a: Ting-Lu
|cant|p1a: Ting-Lu|slp
|
|-heal|p2a: Final Zone|74/100|[from] item: Leftovers
|upkeep
|turn|41
|
|t:|1743787827
|-end|p2a: Final Zone|fallen2|[silent]
|switch|p2a: Speedway|Dragapult, M|100/100
|-curestatus|p1a: Ting-Lu|slp|[msg]
|move|p1a: Ting-Lu|Earthquake|p2a: Speedway
|-damage|p2a: Speedway|53/100
|
|upkeep
|turn|42
|
|t:|1743787834
|move|p1a: Ting-Lu|Protect|p1a: Ting-Lu
|-singleturn|p1a: Ting-Lu|Protect
|move|p2a: Speedway|U-turn|p1a: Ting-Lu
|-activate|p1a: Ting-Lu|move: Protect
|
|upkeep
|turn|43
|
|t:|1743787842
|move|p2a: Speedway|U-turn|p1a: Ting-Lu
|-resisted|p1a: Ting-Lu
|-damage|p1a: Ting-Lu|96/100
|
|t:|1743787843
|switch|p2a: Flying Battery|Zapdos|100/100|[from] U-turn
|move|p1a: Ting-Lu|Stealth Rock|p2a: Flying Battery
|-sidestart|p2: Vredge|move: Stealth Rock
|
|upkeep
|turn|44
|
|t:|1743787847
|switch|p1a: Blissey|Blissey, F|100/100
|move|p2a: Flying Battery|Discharge|p1a: Blissey
|-damage|p1a: Blissey|89/100
|
|upkeep
|turn|45
|
|t:|1743787852
|move|p2a: Flying Battery|Volt Switch|p1a: Blissey
|-damage|p1a: Blissey|80/100
|
|t:|1743787854
|switch|p2a: Speedway|Dragapult, M|53/100|[from] Volt Switch
|-damage|p2a: Speedway|41/100|[from] Stealth Rock
|move|p1a: Blissey|Flamethrower|p2a: Speedway
|-resisted|p2a: Speedway
|-damage|p2a: Speedway|29/100
|
|upkeep
|turn|46
|
|t:|1743787859
|switch|p1a: Amoonguss|Amoonguss, F|100/100
|-damage|p1a: Amoonguss|88/100|[from] Stealth Rock
|move|p2a: Speedway|U-turn|p1a: Amoonguss
|-damage|p1a: Amoonguss|77/100
|
|t:|1743787863
|switch|p2a: Final Zone|Kingambit, M|74/100|[from] U-turn
|-damage|p2a: Final Zone|68/100|[from] Stealth Rock
|-activate|p2a: Final Zone|ability: Supreme Overlord
|-start|p2a: Final Zone|fallen2|[silent]
|
|-heal|p2a: Final Zone|74/100|[from] item: Leftovers
|upkeep
|turn|47
|
|t:|1743787872
|switch|p1a: Ting-Lu|Ting-Lu, tera:Ghost|96/100
|-ability|p1a: Ting-Lu|Vessel of Ruin
|move|p2a: Final Zone|Swords Dance|p2a: Final Zone
|-boost|p2a: Final Zone|atk|2
|
|-heal|p2a: Final Zone|80/100|[from] item: Leftovers
|upkeep
|turn|48
|
|t:|1743787880
|move|p2a: Final Zone|Kowtow Cleave|p1a: Ting-Lu
|-supereffective|p1a: Ting-Lu
|-damage|p1a: Ting-Lu|0 fnt
|faint|p1a: Ting-Lu
|
|-heal|p2a: Final Zone|87/100|[from] item: Leftovers
|upkeep
|
|t:|1743787894
|switch|p1a: Clefable|Clefable, F|94/100
|turn|49
|
|t:|1743787901
|move|p2a: Final Zone|Kowtow Cleave|p1a: Clefable
|-resisted|p1a: Clefable
|-damage|p1a: Clefable|45/100
|move|p1a: Clefable|Moonblast|p2a: Final Zone
|-damage|p2a: Final Zone|53/100
|
|-heal|p2a: Final Zone|60/100|[from] item: Leftovers
|upkeep
|turn|50
|-message|STALLGOAT14 forfeited.
|
|win|Vredge
|raw|STALLGOAT14's rating: 1645 &rarr; <strong>1625</strong><br />(-20 for losing)
|raw|Vredge's rating: 1651 &rarr; <strong>1671</strong><br />(+20 for winning)
|l|‽STALLGOAT14
|player|p1|
|l|☆Vredge
|player|p2|
|c| Opalfox|disgusting stall
|l| Opalfox
