|j|‽JackRG1
|j|☆PorygonBburstWhen
|t:|1743819977
|gametype|singles
|player|p1|JackRG1|iris|1516
|player|p2|PorygonBburstWhen|guzma|1476
|teamsize|p1|6
|teamsize|p2|6
|gen|9
|tier|[Gen 9] OU
|rated|
|rule|HP Percentage Mod: HP is shown in percentages
|rule|Endless Battle Clause: Forcing endless battles is banned
|rule|Species Clause: Limit one of each Pokémon
|rule|OHKO Clause: OHKO moves are banned
|rule|Evasion Items Clause: Evasion items are banned
|rule|Evasion Moves Clause: Evasion moves are banned
|rule|Sleep Moves Clause: Sleep-inducing moves are banned
|clearpoke
|poke|p1|Ting-Lu|
|poke|p1|Slowking-Galar, M|
|poke|p1|Corviknight, M|
|poke|p1|Cinderace, M|
|poke|p1|Zamazenta-*|
|poke|p1|Sinistcha|
|poke|p2|Scizor, F|
|poke|p2|Enamorus, F|
|poke|p2|Hydrapple, M|
|poke|p2|Slowking-Galar, F|
|poke|p2|Mandibuzz, F|
|poke|p2|Great Tusk|
|teampreview
|inactive|Battle timer is ON: inactive players will automatically lose when time's up. (requested by JackRG1)
|inactive|PorygonBburstWhen has 120 seconds left.
|l|‽JackRG1
|inactive|JackRG1 disconnected and has a minute to reconnect!
|player|p1|
|
|t:|1743820028
|start
|switch|p1a: Zamazenta|Zamazenta|100/100
|switch|p2a: Enamorus|Enamorus, F|100/100
|-ability|p1a: Zamazenta|Dauntless Shield|boost
|-boost|p1a: Zamazenta|def|1
|turn|1
|j|‽JackRG1
|inactive|JackRG1 reconnected and has 140 seconds left.
|player|p1|JackRG1|iris|
|n|‽JackRG1|jackrg1
|n|‽JackRG1|jackrg1
|n|‽JackRG1|jackrg1
|n|‽JackRG1|jackrg1
|n|‽JackRG1|jackrg1
|n|‽JackRG1|jackrg1
|n|‽JackRG1|jackrg1
|n|‽JackRG1|jackrg1
|n|‽JackRG1|jackrg1
|n|‽JackRG1|jackrg1
|n|‽JackRG1|jackrg1
|n|‽JackRG1|jackrg1
|n|‽JackRG1|jackrg1
|n|‽JackRG1|jackrg1
|n|‽JackRG1|jackrg1
|n|‽JackRG1|jackrg1
|n|‽JackRG1|jackrg1
|
|t:|1743820052
|switch|p1a: Slowking|Slowking-Galar, M|100/100
|move|p2a: Enamorus|Moonblast|p1a: Slowking
|-resisted|p1a: Slowking
|-damage|p1a: Slowking|81/100
|-unboost|p1a: Slowking|spa|1
|
|upkeep
|turn|2
|
|t:|1743820068
|switch|p2a: Scizor|Scizor, F|100/100
|-prepare|p1a: Slowking|Chilly Reception|[premajor]
|move|p1a: Slowking|Chilly Reception|p1a: Slowking
|-weather|Snowscape
|l|‽JackRG1
|inactive|JackRG1 disconnected and has a minute to reconnect!
|player|p1|
|j|‽JackRG1
|inactive|JackRG1 reconnected and has 140 seconds left.
|player|p1|JackRG1|iris|
|n|‽JackRG1|jackrg1
|n|‽JackRG1|jackrg1
|n|‽JackRG1|jackrg1
|n|‽JackRG1|jackrg1
|n|‽JackRG1|jackrg1
|n|‽JackRG1|jackrg1
|n|‽JackRG1|jackrg1
|n|‽JackRG1|jackrg1
|n|‽JackRG1|jackrg1
|n|‽JackRG1|jackrg1
|n|‽JackRG1|jackrg1
|n|‽JackRG1|jackrg1
|n|‽JackRG1|jackrg1
|n|‽JackRG1|jackrg1
|n|‽JackRG1|jackrg1
|n|‽JackRG1|jackrg1
|n|‽JackRG1|jackrg1
|n|‽JackRG1|jackrg1
|
|t:|1743820082
|switch|p1a: Zamazenta|Zamazenta|100/100|[from] Chilly Reception
|
|-weather|Snowscape|[upkeep]
|upkeep
|turn|3
|
|t:|1743820096
|switch|p2a: Hydrapple|Hydrapple, M|100/100
|move|p1a: Zamazenta|Crunch|p2a: Hydrapple
|-damage|p2a: Hydrapple|67/100
|
|-weather|Snowscape|[upkeep]
|upkeep
|turn|4
|inactive|PorygonBburstWhen has 120 seconds left.
|
|t:|1743820128
|switch|p1a: Corviknight|Corviknight, M, shiny|100/100
|-ability|p1a: Corviknight|Pressure
|move|p2a: Hydrapple|Nasty Plot|p2a: Hydrapple
|-boost|p2a: Hydrapple|spa|2
|
|-weather|Snowscape|[upkeep]
|upkeep
|turn|5
|l|‽JackRG1
|inactive|JackRG1 disconnected and has a minute to reconnect!
|player|p1|
|j|‽JackRG1
|inactive|JackRG1 reconnected and has 135 seconds left.
|player|p1|JackRG1|iris|
|n|‽JackRG1|jackrg1
|n|‽JackRG1|jackrg1
|n|‽JackRG1|jackrg1
|n|‽JackRG1|jackrg1
|n|‽JackRG1|jackrg1
|n|‽JackRG1|jackrg1
|n|‽JackRG1|jackrg1
|n|‽JackRG1|jackrg1
|n|‽JackRG1|jackrg1
|n|‽JackRG1|jackrg1
|n|‽JackRG1|jackrg1
|n|‽JackRG1|jackrg1
|n|‽JackRG1|jackrg1
|n|‽JackRG1|jackrg1
|n|‽JackRG1|jackrg1
|n|‽JackRG1|jackrg1
|n|‽JackRG1|jackrg1
|n|‽JackRG1|jackrg1
|n|‽JackRG1|jackrg1
|
|t:|1743820146
|move|p1a: Corviknight|Iron Defense|p1a: Corviknight
|-boost|p1a: Corviknight|def|2
|move|p2a: Hydrapple|Fickle Beam|p1a: Corviknight|[anim] Fickle Beam All Out
|-activate|p2a: Hydrapple|move: Fickle Beam
|-resisted|p1a: Corviknight
|-damage|p1a: Corviknight|16/100
|
|-weather|Snowscape|[upkeep]
|upkeep
|turn|6
|
|t:|1743820154
|move|p1a: Corviknight|Body Press|p2a: Hydrapple
|-damage|p2a: Hydrapple|28/100
|move|p2a: Hydrapple|Nasty Plot|p2a: Hydrapple
|-boost|p2a: Hydrapple|spa|2
|
|-weather|none
|upkeep
|turn|7
|inactive|PorygonBburstWhen has 120 seconds left.
|
|t:|1743820165
|switch|p2a: Slowking|Slowking-Galar, F|100/100
|move|p1a: Corviknight|Roost|p1a: Corviknight
|-heal|p1a: Corviknight|66/100
|-singleturn|p1a: Corviknight|move: Roost
|
|upkeep
|turn|8
|inactive|PorygonBburstWhen has 120 seconds left.
|
|t:|1743820178
|switch|p1a: Slowking|Slowking-Galar, M|100/100
|move|p2a: Slowking|Flamethrower|p1a: Slowking
|-damage|p1a: Slowking|80/100
|
|upkeep
|turn|9
|inactive|PorygonBburstWhen has 120 seconds left.
|
|t:|1743820187
|move|p2a: Slowking|Psychic Noise|p1a: Slowking
|-damage|p1a: Slowking|53/100
|-start|p1a: Slowking|move: Heal Block
|move|p1a: Slowking|Future Sight|p2a: Slowking
|-start|p1a: Slowking|move: Future Sight
|
|upkeep
|turn|10
|
|t:|1743820194
|move|p2a: Slowking|Psychic Noise|p1a: Slowking
|-damage|p1a: Slowking|27/100
|-prepare|p1a: Slowking|Chilly Reception|[premajor]
|move|p1a: Slowking|Chilly Reception|p1a: Slowking
|-weather|Snowscape
|
|t:|1743820196
|switch|p1a: Zamazenta|Zamazenta|100/100|[from] Chilly Reception
|
|-weather|Snowscape|[upkeep]
|upkeep
|turn|11
|
|t:|1743820216
|switch|p2a: Mandibuzz|Mandibuzz, F|100/100
|move|p1a: Zamazenta|Crunch|p2a: Mandibuzz
|-resisted|p2a: Mandibuzz
|-damage|p2a: Mandibuzz|88/100
|
|-weather|Snowscape|[upkeep]
|-end|p2a: Mandibuzz|move: Future Sight
|-immune|p2a: Mandibuzz
|upkeep
|turn|12
|j| magma_man85
|
|t:|1743820229
|switch|p1a: Slowking|Slowking-Galar, M|60/100
|move|p2a: Mandibuzz|Toxic|p1a: Slowking
|-immune|p1a: Slowking
|
|-weather|Snowscape|[upkeep]
|upkeep
|turn|13
|l|‽JackRG1
|inactive|JackRG1 disconnected and has a minute to reconnect!
|player|p1|
|j|‽JackRG1
|inactive|JackRG1 reconnected and has 135 seconds left.
|player|p1|JackRG1|iris|
|n|‽JackRG1|jackrg1
|n|‽JackRG1|jackrg1
|n|‽JackRG1|jackrg1
|n|‽JackRG1|jackrg1
|n|‽JackRG1|jackrg1
|n|‽JackRG1|jackrg1
|n|‽JackRG1|jackrg1
|n|‽JackRG1|jackrg1
|n|‽JackRG1|jackrg1
|n|‽JackRG1|jackrg1
|n|‽JackRG1|jackrg1
|n|‽JackRG1|jackrg1
|n|‽JackRG1|jackrg1
|n|‽JackRG1|jackrg1
|n|‽JackRG1|jackrg1
|n|‽JackRG1|jackrg1
|n|‽JackRG1|jackrg1
|n|‽JackRG1|jackrg1
|n|‽JackRG1|jackrg1
|n|‽JackRG1|jackrg1
|
|t:|1743820251
|move|p2a: Mandibuzz|Foul Play|p1a: Slowking
|-supereffective|p1a: Slowking
|-damage|p1a: Slowking|31/100
|move|p1a: Slowking|Future Sight|p2a: Mandibuzz
|-start|p1a: Slowking|move: Future Sight
|
|-weather|Snowscape|[upkeep]
|upkeep
|turn|14
|inactive|PorygonBburstWhen has 120 seconds left.
|
|t:|1743820283
|switch|p2a: Hydrapple|Hydrapple, M|61/100
|-prepare|p1a: Slowking|Chilly Reception|[premajor]
|move|p1a: Slowking|Chilly Reception|p1a: Slowking
|
|t:|1743820290
|switch|p1a: Zamazenta|Zamazenta|100/100|[from] Chilly Reception
|
|-weather|none
|upkeep
|turn|15
|l|‽JackRG1
|inactive|JackRG1 disconnected and has a minute to reconnect!
|player|p1|
|inactive|PorygonBburstWhen has 90 seconds left.
|
|t:|1743820331
|switch|p2a: Slowking|Slowking-Galar, F|100/100
|move|p1a: Zamazenta|Close Combat|p2a: Slowking
|-resisted|p2a: Slowking
|-damage|p2a: Slowking|75/100
|-unboost|p1a: Zamazenta|def|1
|-unboost|p1a: Zamazenta|spd|1
|
|-end|p2a: Slowking|move: Future Sight
|-damage|p2a: Slowking|51/100
|upkeep
|turn|16
|j|‽JackRG1
|inactive|JackRG1 reconnected and has 150 seconds left.
|player|p1|JackRG1|iris|
|n|‽JackRG1|jackrg1
|n|‽JackRG1|jackrg1
|n|‽JackRG1|jackrg1
|n|‽JackRG1|jackrg1
|n|‽JackRG1|jackrg1
|n|‽JackRG1|jackrg1
|n|‽JackRG1|jackrg1
|n|‽JackRG1|jackrg1
|n|‽JackRG1|jackrg1
|n|‽JackRG1|jackrg1
|n|‽JackRG1|jackrg1
|n|‽JackRG1|jackrg1
|n|‽JackRG1|jackrg1
|n|‽JackRG1|jackrg1
|n|‽JackRG1|jackrg1
|n|‽JackRG1|jackrg1
|n|‽JackRG1|jackrg1
|n|‽JackRG1|jackrg1
|n|‽JackRG1|jackrg1
|n|‽JackRG1|jackrg1
|n|‽JackRG1|jackrg1
|inactive|PorygonBburstWhen has 60 seconds left.
|l|‽JackRG1
|inactive|JackRG1 disconnected and has a minute to reconnect!
|player|p1|
|
|t:|1743820365
|switch|p1a: Slowking|Slowking-Galar, M|65/100
|switch|p2a: Hydrapple|Hydrapple, M|95/100
|
|upkeep
|turn|17
|inactive|PorygonBburstWhen has 60 seconds left.
|j|‽JackRG1
|inactive|JackRG1 reconnected and has 140 seconds left.
|player|p1|JackRG1|iris|
|n|‽JackRG1|jackrg1
|n|‽JackRG1|jackrg1
|n|‽JackRG1|jackrg1
|n|‽JackRG1|jackrg1
|n|‽JackRG1|jackrg1
|n|‽JackRG1|jackrg1
|n|‽JackRG1|jackrg1
|n|‽JackRG1|jackrg1
|n|‽JackRG1|jackrg1
|n|‽JackRG1|jackrg1
|n|‽JackRG1|jackrg1
|n|‽JackRG1|jackrg1
|n|‽JackRG1|jackrg1
|n|‽JackRG1|jackrg1
|n|‽JackRG1|jackrg1
|n|‽JackRG1|jackrg1
|n|‽JackRG1|jackrg1
|n|‽JackRG1|jackrg1
|n|‽JackRG1|jackrg1
|n|‽JackRG1|jackrg1
|n|‽JackRG1|jackrg1
|n|‽JackRG1|jackrg1
|
|t:|1743820385
|switch|p2a: Scizor|Scizor, F|100/100
|move|p1a: Slowking|Ice Beam|p2a: Scizor
|-resisted|p2a: Scizor
|-damage|p2a: Scizor|87/100
|
|upkeep
|turn|18
|inactive|PorygonBburstWhen has 60 seconds left.
|
|t:|1743820395
|switch|p1a: Corviknight|Corviknight, M, shiny|66/100
|-ability|p1a: Corviknight|Pressure
|move|p2a: Scizor|Knock Off|p1a: Corviknight
|-damage|p1a: Corviknight|31/100
|-damage|p2a: Scizor|70/100|[from] item: Rocky Helmet|[of] p1a: Corviknight
|-enditem|p1a: Corviknight|Rocky Helmet|[from] move: Knock Off|[of] p2a: Scizor
|
|upkeep
|turn|19
|
|t:|1743820405
|switch|p2a: Great Tusk|Great Tusk|100/100
|move|p1a: Corviknight|Roost|p1a: Corviknight
|-heal|p1a: Corviknight|81/100
|-singleturn|p1a: Corviknight|move: Roost
|
|upkeep
|turn|20
|
|t:|1743820412
|move|p2a: Great Tusk|Stealth Rock|p1a: Corviknight
|-sidestart|p1: JackRG1|move: Stealth Rock
|move|p1a: Corviknight|Iron Defense|p1a: Corviknight
|-boost|p1a: Corviknight|def|2
|
|upkeep
|turn|21
|
|t:|1743820421
|-end|p2a: Great Tusk|Protosynthesis|[silent]
|switch|p2a: Slowking|Slowking-Galar, F|85/100
|move|p1a: Corviknight|Defog|p2a: Slowking
|-unboost|p2a: Slowking|evasion|1
|-sideend|p1: JackRG1|Stealth Rock|[from] move: Defog|[of] p1a: Corviknight
|
|upkeep
|turn|22
|
|t:|1743820433
|switch|p1a: Slowking|Slowking-Galar, M|98/100
|switch|p2a: Great Tusk|Great Tusk|100/100
|
|upkeep
|turn|23
|l|‽JackRG1
|inactive|JackRG1 disconnected and has a minute to reconnect!
|player|p1|
|j|‽JackRG1
|inactive|JackRG1 reconnected and has 115 seconds left.
|player|p1|JackRG1|iris|
|n|‽JackRG1|jackrg1
|n|‽JackRG1|jackrg1
|n|‽JackRG1|jackrg1
|n|‽JackRG1|jackrg1
|n|‽JackRG1|jackrg1
|n|‽JackRG1|jackrg1
|n|‽JackRG1|jackrg1
|n|‽JackRG1|jackrg1
|n|‽JackRG1|jackrg1
|n|‽JackRG1|jackrg1
|n|‽JackRG1|jackrg1
|n|‽JackRG1|jackrg1
|n|‽JackRG1|jackrg1
|n|‽JackRG1|jackrg1
|n|‽JackRG1|jackrg1
|n|‽JackRG1|jackrg1
|n|‽JackRG1|jackrg1
|n|‽JackRG1|jackrg1
|n|‽JackRG1|jackrg1
|n|‽JackRG1|jackrg1
|n|‽JackRG1|jackrg1
|n|‽JackRG1|jackrg1
|n|‽JackRG1|jackrg1
|
|t:|1743820472
|switch|p1a: Corviknight|Corviknight, M, shiny|81/100
|-ability|p1a: Corviknight|Pressure
|move|p2a: Great Tusk|Headlong Rush|p1a: Corviknight
|-immune|p1a: Corviknight
|
|upkeep
|turn|24
|
|t:|1743820476
|move|p2a: Great Tusk|Stealth Rock|p1a: Corviknight
|-sidestart|p1: JackRG1|move: Stealth Rock
|move|p1a: Corviknight|Iron Defense|p1a: Corviknight
|-boost|p1a: Corviknight|def|2
|
|upkeep
|turn|25
|
|t:|1743820491
|-end|p2a: Great Tusk|Protosynthesis|[silent]
|switch|p2a: Slowking|Slowking-Galar, F|100/100
|move|p1a: Corviknight|Defog|p2a: Slowking
|-unboost|p2a: Slowking|evasion|1
|-sideend|p1: JackRG1|Stealth Rock|[from] move: Defog|[of] p1a: Corviknight
|
|upkeep
|turn|26
|
|t:|1743820505
|switch|p1a: Slowking|Slowking-Galar, M|100/100
|switch|p2a: Scizor|Scizor, F|70/100
|
|upkeep
|turn|27
|l|‽JackRG1
|inactive|JackRG1 disconnected and has a minute to reconnect!
|player|p1|
|inactive|JackRG1 has 30 seconds to reconnect!
|j|‽JackRG1
|inactive|JackRG1 reconnected and has 115 seconds left.
|player|p1|JackRG1|iris|
|n|‽JackRG1|jackrg1
|n|‽JackRG1|jackrg1
|n|‽JackRG1|jackrg1
|n|‽JackRG1|jackrg1
|n|‽JackRG1|jackrg1
|n|‽JackRG1|jackrg1
|n|‽JackRG1|jackrg1
|n|‽JackRG1|jackrg1
|n|‽JackRG1|jackrg1
|n|‽JackRG1|jackrg1
|n|‽JackRG1|jackrg1
|n|‽JackRG1|jackrg1
|n|‽JackRG1|jackrg1
|n|‽JackRG1|jackrg1
|n|‽JackRG1|jackrg1
|n|‽JackRG1|jackrg1
|n|‽JackRG1|jackrg1
|n|‽JackRG1|jackrg1
|n|‽JackRG1|jackrg1
|n|‽JackRG1|jackrg1
|n|‽JackRG1|jackrg1
|n|‽JackRG1|jackrg1
|n|‽JackRG1|jackrg1
|n|‽JackRG1|jackrg1
|
|t:|1743820545
|switch|p1a: Corviknight|Corviknight, M, shiny|81/100
|-ability|p1a: Corviknight|Pressure
|move|p2a: Scizor|Close Combat|p1a: Corviknight
|-damage|p1a: Corviknight|34/100
|-unboost|p2a: Scizor|def|1
|-unboost|p2a: Scizor|spd|1
|
|upkeep
|turn|28
|
|t:|1743820554
|switch|p1a: Slowking|Slowking-Galar, M|100/100
|move|p2a: Scizor|Close Combat|p1a: Slowking
|-resisted|p1a: Slowking
|-damage|p1a: Slowking|88/100
|-unboost|p2a: Scizor|def|1
|-unboost|p2a: Scizor|spd|1
|
|upkeep
|turn|29
|
|t:|1743820564
|switch|p2a: Slowking|Slowking-Galar, F|100/100
|-prepare|p1a: Slowking|Chilly Reception|[premajor]
|move|p1a: Slowking|Chilly Reception|p1a: Slowking
|-weather|Snowscape
|
|t:|1743820569
|switch|p1a: Zamazenta|Zamazenta|100/100|[from] Chilly Reception
|
|-weather|Snowscape|[upkeep]
|upkeep
|turn|30
|inactive|PorygonBburstWhen has 120 seconds left.
|
|t:|1743820600
|move|p1a: Zamazenta|Crunch|p2a: Slowking
|-supereffective|p2a: Slowking
|-damage|p2a: Slowking|6/100
|move|p2a: Slowking|Psychic Noise|p1a: Zamazenta
|-supereffective|p1a: Zamazenta
|-crit|p1a: Zamazenta
|-damage|p1a: Zamazenta|3/100
|-start|p1a: Zamazenta|move: Heal Block
|
|-weather|Snowscape|[upkeep]
|upkeep
|turn|31
|
|t:|1743820607
|switch|p1a: Corviknight|Corviknight, M, shiny|34/100
|-ability|p1a: Corviknight|Pressure
|switch|p2a: Great Tusk|Great Tusk|100/100
|
|-weather|Snowscape|[upkeep]
|upkeep
|turn|32
|
|t:|1743820611
|-end|p2a: Great Tusk|Protosynthesis|[silent]
|switch|p2a: Slowking|Slowking-Galar, F|39/100
|move|p1a: Corviknight|Roost|p1a: Corviknight
|-heal|p1a: Corviknight|84/100
|-singleturn|p1a: Corviknight|move: Roost
|
|-weather|Snowscape|[upkeep]
|upkeep
|turn|33
|
|t:|1743820629
|switch|p1a: Slowking|Slowking-Galar, M|100/100
|switch|p2a: Great Tusk|Great Tusk|100/100
|
|-weather|none
|upkeep
|turn|34
|l|‽JackRG1
|inactive|JackRG1 disconnected and has a minute to reconnect!
|player|p1|
|j|‽JackRG1
|inactive|JackRG1 reconnected and has 130 seconds left.
|player|p1|JackRG1|iris|
|n|‽JackRG1|jackrg1
|n|‽JackRG1|jackrg1
|n|‽JackRG1|jackrg1
|n|‽JackRG1|jackrg1
|n|‽JackRG1|jackrg1
|n|‽JackRG1|jackrg1
|n|‽JackRG1|jackrg1
|n|‽JackRG1|jackrg1
|n|‽JackRG1|jackrg1
|n|‽JackRG1|jackrg1
|n|‽JackRG1|jackrg1
|n|‽JackRG1|jackrg1
|n|‽JackRG1|jackrg1
|n|‽JackRG1|jackrg1
|n|‽JackRG1|jackrg1
|n|‽JackRG1|jackrg1
|n|‽JackRG1|jackrg1
|n|‽JackRG1|jackrg1
|n|‽JackRG1|jackrg1
|n|‽JackRG1|jackrg1
|n|‽JackRG1|jackrg1
|n|‽JackRG1|jackrg1
|n|‽JackRG1|jackrg1
|n|‽JackRG1|jackrg1
|n|‽JackRG1|jackrg1
|
|t:|1743820652
|switch|p1a: Corviknight|Corviknight, M, shiny|84/100
|-ability|p1a: Corviknight|Pressure
|move|p2a: Great Tusk|Stealth Rock|p1a: Corviknight
|-sidestart|p1: JackRG1|move: Stealth Rock
|
|upkeep
|turn|35
|
|t:|1743820666
|-end|p2a: Great Tusk|Protosynthesis|[silent]
|switch|p2a: Slowking|Slowking-Galar, F|72/100
|move|p1a: Corviknight|Defog|p2a: Slowking
|-unboost|p2a: Slowking|evasion|1
|-sideend|p1: JackRG1|Stealth Rock|[from] move: Defog|[of] p1a: Corviknight
|
|upkeep
|turn|36
|
|t:|1743820682
|switch|p1a: Slowking|Slowking-Galar, M|100/100
|move|p2a: Slowking|Psychic Noise|p1a: Slowking
|-damage|p1a: Slowking|72/100
|-start|p1a: Slowking|move: Heal Block
|
|upkeep
|turn|37
|
|t:|1743820688
|move|p2a: Slowking|Psychic Noise|p1a: Slowking
|-damage|p1a: Slowking|43/100
|-prepare|p1a: Slowking|Chilly Reception|[premajor]
|move|p1a: Slowking|Chilly Reception|p1a: Slowking
|-weather|Snowscape
|
|t:|1743820690
|switch|p1a: Zamazenta|Zamazenta|3/100|[from] Chilly Reception
|
|-weather|Snowscape|[upkeep]
|upkeep
|turn|38
|
|t:|1743820694
|switch|p2a: Great Tusk|Great Tusk|100/100
|move|p1a: Zamazenta|Close Combat|p2a: Great Tusk
|-damage|p2a: Great Tusk|30/100
|-unboost|p1a: Zamazenta|def|1
|-unboost|p1a: Zamazenta|spd|1
|-damage|p1a: Zamazenta|0 fnt|[from] item: Rocky Helmet|[of] p2a: Great Tusk
|faint|p1a: Zamazenta
|
|-weather|Snowscape|[upkeep]
|upkeep
|
|t:|1743820699
|switch|p1a: Sinistcha|Sinistcha|100/100
|turn|39
|
|t:|1743820707
|-end|p2a: Great Tusk|Protosynthesis|[silent]
|switch|p2a: Slowking|Slowking-Galar, F|100/100
|move|p1a: Sinistcha|Calm Mind|p1a: Sinistcha
|-boost|p1a: Sinistcha|spa|1
|-boost|p1a: Sinistcha|spd|1
|
|-weather|Snowscape|[upkeep]
|upkeep
|turn|40
|
|t:|1743820716
|switch|p1a: Slowking|Slowking-Galar, M|77/100
|move|p2a: Slowking|Ice Beam|p1a: Slowking
|-damage|p1a: Slowking|54/100
|
|-weather|Snowscape|[upkeep]
|upkeep
|turn|41
|
|t:|1743820719
|move|p2a: Slowking|Psychic Noise|p1a: Slowking
|-damage|p1a: Slowking|25/100
|-start|p1a: Slowking|move: Heal Block
|-prepare|p1a: Slowking|Chilly Reception|[premajor]
|move|p1a: Slowking|Chilly Reception|p1a: Slowking
|
|t:|1743820722
|switch|p1a: Ting-Lu|Ting-Lu|100/100|[from] Chilly Reception
|-ability|p1a: Ting-Lu|Vessel of Ruin
|
|-weather|none
|upkeep
|turn|42
|
|t:|1743820733
|switch|p2a: Hydrapple|Hydrapple, M|100/100
|move|p1a: Ting-Lu|Earthquake|p2a: Hydrapple
|-resisted|p2a: Hydrapple
|-damage|p2a: Hydrapple|87/100
|
|upkeep
|turn|43
|
|t:|1743820745
|switch|p1a: Corviknight|Corviknight, M, shiny|84/100
|-ability|p1a: Corviknight|Pressure
|move|p2a: Hydrapple|Nasty Plot|p2a: Hydrapple
|-boost|p2a: Hydrapple|spa|2
|
|upkeep
|turn|44
|
|t:|1743820757
|move|p1a: Corviknight|Iron Defense|p1a: Corviknight
|-boost|p1a: Corviknight|def|2
|move|p2a: Hydrapple|Nasty Plot|p2a: Hydrapple
|-boost|p2a: Hydrapple|spa|2
|
|upkeep
|turn|45
|
|t:|1743820780
|-terastallize|p2a: Hydrapple|Fairy
|move|p1a: Corviknight|Body Press|p2a: Hydrapple
|-resisted|p2a: Hydrapple
|-damage|p2a: Hydrapple|69/100
|move|p2a: Hydrapple|Fickle Beam|p1a: Corviknight|[anim] Fickle Beam All Out
|-activate|p2a: Hydrapple|move: Fickle Beam
|-resisted|p1a: Corviknight
|-damage|p1a: Corviknight|0 fnt
|faint|p1a: Corviknight
|
|upkeep
|-message|JackRG1 forfeited.
|
|win|PorygonBburstWhen
|raw|JackRG1's rating: 1516 &rarr; <strong>1494</strong><br />(-22 for losing)
|raw|PorygonBburstWhen's rating: 1476 &rarr; <strong>1498</strong><br />(+22 for winning)
|l|‽JackRG1
|player|p1|
|j|‽JackRG1
|player|p1|JackRG1|iris|
|n|‽JackRG1|jackrg1
|n|‽JackRG1|jackrg1
|n|‽JackRG1|jackrg1
|n|‽JackRG1|jackrg1
|n|‽JackRG1|jackrg1
|n|‽JackRG1|jackrg1
|n|‽JackRG1|jackrg1
|n|‽JackRG1|jackrg1
|n|‽JackRG1|jackrg1
|n|‽JackRG1|jackrg1
|n|‽JackRG1|jackrg1
|n|‽JackRG1|jackrg1
|n|‽JackRG1|jackrg1
|n|‽JackRG1|jackrg1
|n|‽JackRG1|jackrg1
|n|‽JackRG1|jackrg1
|n|‽JackRG1|jackrg1
|n|‽JackRG1|jackrg1
|n|‽JackRG1|jackrg1
|n|‽JackRG1|jackrg1
|n|‽JackRG1|jackrg1
|n|‽JackRG1|jackrg1
|n|‽JackRG1|jackrg1
|n|‽JackRG1|jackrg1
|n|‽JackRG1|jackrg1
|n|‽JackRG1|jackrg1
|n|‽JackRG1|jackrg1
|n|‽JackRG1|jackrg1
|l|‽JackRG1
|player|p1|
|l| magma_man85
