|j|☆Ayubismail
|j|☆foobarbazqux
|t:|1743886297
|gametype|singles
|player|p1|Ayubismail|1|1414
|player|p2|foobarbazqux|265|1593
|teamsize|p1|6
|teamsize|p2|6
|gen|9
|tier|[Gen 9] OU
|rated|
|rule|HP Percentage Mod: HP is shown in percentages
|rule|Endless Battle Clause: Forcing endless battles is banned
|rule|Species Clause: Limit one of each Pokémon
|rule|OHKO Clause: OHKO moves are banned
|rule|Evasion Items Clause: Evasion items are banned
|rule|Evasion Moves Clause: Evasion moves are banned
|rule|Sleep Moves Clause: Sleep-inducing moves are banned
|clearpoke
|poke|p1|Probopass, F|
|poke|p1|Iron Crown|
|poke|p1|Sinistcha|
|poke|p1|Grimmsnarl, M|
|poke|p1|Kyurem|
|poke|p1|Great Tusk|
|poke|p2|Araquanid, F|
|poke|p2|Cinderace, M|
|poke|p2|Kingambit, F|
|poke|p2|Serperior, F|
|poke|p2|Gliscor, M|
|poke|p2|Milotic, M|
|teampreview
|
|t:|1743886305
|start
|switch|p1a: Kyurem|Kyurem|100/100
|switch|p2a: Araquanid|Araquanid, F|100/100
|-ability|p1a: Kyurem|Pressure
|turn|1
|inactive|Battle timer is ON: inactive players will automatically lose when time's up. (requested by foobarbazqux)
|
|t:|1743886308
|move|p1a: Kyurem|Freeze-Dry|p2a: Araquanid
|-supereffective|p2a: Araquanid
|-damage|p2a: Araquanid|42/100
|move|p2a: Araquanid|Sticky Web|p1a: Kyurem
|-sidestart|p1: Ayubismail|move: Sticky Web
|
|upkeep
|turn|2
|
|t:|1743886315
|move|p2a: Araquanid|Endure|p2a: Araquanid
|-singleturn|p2a: Araquanid|move: Endure
|move|p1a: Kyurem|Freeze-Dry|p2a: Araquanid
|-supereffective|p2a: Araquanid
|-activate|p2a: Araquanid|move: Endure
|-damage|p2a: Araquanid|1/100
|
|upkeep
|turn|3
|-enditem|p2a: Araquanid|Custap Berry|[eat]
|-activate|p2a: Araquanid|item: Custap Berry|[consumed]
|
|t:|1743886322
|switch|p1a: Sinistcha|Sinistcha|100/100
|move|p2a: Araquanid|Endeavor|p1a: Sinistcha
|-immune|p1a: Sinistcha
|
|upkeep
|turn|4
|
|t:|1743886332
|switch|p2a: Cinderace|Cinderace, M|100/100
|move|p1a: Sinistcha|Strength Sap|p2a: Cinderace
|-unboost|p2a: Cinderace|atk|1
|
|upkeep
|turn|5
|
|t:|1743886338
|switch|p1a: Probopass|Probopass, F|100/100
|-activate|p1a: Probopass|move: Sticky Web
|-unboost|p1a: Probopass|spe|1
|move|p2a: Cinderace|Court Change|p2a: Cinderace
|-swapsideconditions
|-activate|p2a: Cinderace|move: Court Change
|
|upkeep
|turn|6
|
|t:|1743886345
|move|p2a: Cinderace|Will-O-Wisp|p1a: Probopass
|-status|p1a: Probopass|brn
|move|p1a: Probopass|Stealth Rock|p2a: Cinderace
|-sidestart|p2: foobarbazqux|move: Stealth Rock
|
|-damage|p1a: Probopass|94/100 brn|[from] brn
|upkeep
|turn|7
|
|t:|1743886350
|move|p2a: Cinderace|U-turn|p1a: Probopass
|-resisted|p1a: Probopass
|-damage|p1a: Probopass|91/100 brn
|-damage|p2a: Cinderace|84/100|[from] item: Rocky Helmet|[of] p1a: Probopass
|
|t:|1743886356
|switch|p2a: Gliscor|Gliscor, M|100/100|[from] U-turn
|-damage|p2a: Gliscor|88/100|[from] Stealth Rock
|move|p1a: Probopass|Thunder Wave|p2a: Gliscor
|-immune|p2a: Gliscor
|
|-damage|p1a: Probopass|85/100 brn|[from] brn
|-status|p2a: Gliscor|tox|[from] item: Toxic Orb
|upkeep
|turn|8
|
|t:|1743886361
|switch|p1a: Grimmsnarl|Grimmsnarl, M|100/100
|move|p2a: Gliscor|Spikes|p1a: Grimmsnarl
|-sidestart|p1: Ayubismail|Spikes
|
|-heal|p2a: Gliscor|100/100 tox|[from] ability: Poison Heal
|upkeep
|turn|9
|
|t:|1743886366
|move|p1a: Grimmsnarl|Reflect|p1a: Grimmsnarl
|-sidestart|p1: Ayubismail|Reflect
|move|p2a: Gliscor|Knock Off|p1a: Grimmsnarl
|-resisted|p1a: Grimmsnarl
|-damage|p1a: Grimmsnarl|98/100
|-enditem|p1a: Grimmsnarl|Light Clay|[from] move: Knock Off|[of] p2a: Gliscor
|
|upkeep
|turn|10
|
|t:|1743886370
|move|p1a: Grimmsnarl|Light Screen|p1a: Grimmsnarl
|-sidestart|p1: Ayubismail|move: Light Screen
|move|p2a: Gliscor|Spikes|p1a: Grimmsnarl
|-sidestart|p1: Ayubismail|Spikes
|
|upkeep
|turn|11
|
|t:|1743886375
|switch|p2a: Milotic|Milotic, M|100/100
|-activate|p2a: Milotic|move: Sticky Web
|-unboost|p2a: Milotic|spe|1
|-ability|p2a: Milotic|Competitive|boost
|-boost|p2a: Milotic|spa|2
|-damage|p2a: Milotic|88/100|[from] Stealth Rock
|move|p1a: Grimmsnarl|Parting Shot|p2a: Milotic
|-unboost|p2a: Milotic|atk|1
|-ability|p2a: Milotic|Competitive|boost
|-boost|p2a: Milotic|spa|2
|-unboost|p2a: Milotic|spa|1
|-ability|p2a: Milotic|Competitive|boost
|-boost|p2a: Milotic|spa|2
|
|t:|1743886391
|switch|p1a: Sinistcha|Sinistcha|100/100|[from] Parting Shot
|
|-heal|p2a: Milotic|94/100|[from] item: Leftovers
|upkeep
|turn|12
|
|t:|1743886395
|move|p1a: Sinistcha|Matcha Gotcha|p2a: Milotic
|-supereffective|p2a: Milotic
|-damage|p2a: Milotic|48/100
|move|p2a: Milotic|Ice Beam|p1a: Sinistcha
|-supereffective|p1a: Sinistcha
|-damage|p1a: Sinistcha|11/100
|
|-heal|p2a: Milotic|55/100|[from] item: Leftovers
|upkeep
|turn|13
|
|t:|1743886410
|-terastallize|p2a: Milotic|Dragon
|move|p1a: Sinistcha|Matcha Gotcha|p2a: Milotic
|-resisted|p2a: Milotic
|-damage|p2a: Milotic|44/100
|-heal|p1a: Sinistcha|17/100|[from] drain|[of] p2a: Milotic
|move|p2a: Milotic|Recover|p2a: Milotic
|-heal|p2a: Milotic|94/100
|
|-heal|p2a: Milotic|99/100|[from] item: Leftovers
|upkeep
|turn|14
|
|t:|1743886422
|move|p1a: Sinistcha|Shadow Ball|p2a: Milotic
|-damage|p2a: Milotic|76/100
|move|p2a: Milotic|Ice Beam|p1a: Sinistcha
|-supereffective|p1a: Sinistcha
|-damage|p1a: Sinistcha|0 fnt
|faint|p1a: Sinistcha
|
|-heal|p2a: Milotic|82/100|[from] item: Leftovers
|-sideend|p1: Ayubismail|move: Light Screen
|upkeep
|
|t:|1743886428
|switch|p1a: Kyurem|Kyurem|100/100
|-damage|p1a: Kyurem|84/100|[from] Spikes
|-ability|p1a: Kyurem|Pressure
|turn|15
|
|t:|1743886434
|-terastallize|p1a: Kyurem|Ice
|move|p1a: Kyurem|Icicle Spear|p2a: Milotic
|-supereffective|p2a: Milotic
|-damage|p2a: Milotic|50/100
|-supereffective|p2a: Milotic
|-crit|p2a: Milotic
|-damage|p2a: Milotic|3/100
|-supereffective|p2a: Milotic
|-damage|p2a: Milotic|0 fnt
|faint|p2a: Milotic
|-hitcount|p2: Milotic|3
|
|upkeep
|c|☆foobarbazqux|word
|
|t:|1743886444
|switch|p2a: Kingambit|Kingambit, F|100/100
|-activate|p2a: Kingambit|move: Sticky Web
|-unboost|p2a: Kingambit|spe|1
|-ability|p2a: Kingambit|Defiant|boost
|-boost|p2a: Kingambit|atk|2
|-damage|p2a: Kingambit|94/100|[from] Stealth Rock
|turn|16
|
|t:|1743886448
|switch|p1a: Probopass|Probopass, F|85/100 brn
|-damage|p1a: Probopass|68/100 brn|[from] Spikes
|move|p2a: Kingambit|Iron Head|p1a: Probopass
|-damage|p1a: Probopass|42/100 brn
|-damage|p2a: Kingambit|78/100|[from] item: Rocky Helmet|[of] p1a: Probopass
|
|-damage|p1a: Probopass|36/100 brn|[from] brn
|-sideend|p1: Ayubismail|Reflect
|upkeep
|turn|17
|
|t:|1743886454
|move|p2a: Kingambit|Sucker Punch|p1a: Probopass
|-damage|p1a: Probopass|0 fnt
|-damage|p2a: Kingambit|61/100|[from] item: Rocky Helmet|[of] p1a: Probopass
|faint|p1a: Probopass
|
|upkeep
|
|t:|1743886458
|switch|p1a: Grimmsnarl|Grimmsnarl, M|98/100
|-damage|p1a: Grimmsnarl|82/100|[from] Spikes
|turn|18
|
|t:|1743886462
|move|p1a: Grimmsnarl|Reflect|p1a: Grimmsnarl
|-sidestart|p1: Ayubismail|Reflect
|move|p2a: Kingambit|Iron Head|p1a: Grimmsnarl
|-supereffective|p1a: Grimmsnarl
|-damage|p1a: Grimmsnarl|1/100
|
|upkeep
|turn|19
|
|t:|1743886468
|move|p1a: Grimmsnarl|Spirit Break|p2a: Kingambit
|-damage|p2a: Kingambit|39/100
|-unboost|p2a: Kingambit|spa|1
|-ability|p2a: Kingambit|Defiant|boost
|-boost|p2a: Kingambit|atk|2
|move|p2a: Kingambit|Iron Head|p1a: Grimmsnarl
|-supereffective|p1a: Grimmsnarl
|-damage|p1a: Grimmsnarl|0 fnt
|faint|p1a: Grimmsnarl
|
|upkeep
|
|t:|1743886476
|switch|p1a: Great Tusk|Great Tusk|100/100
|-damage|p1a: Great Tusk|84/100|[from] Spikes
|turn|20
|
|t:|1743886481
|switch|p2a: Gliscor|Gliscor, M|100/100 tox
|-damage|p2a: Gliscor|88/100 tox|[from] Stealth Rock
|move|p1a: Great Tusk|Headlong Rush|p2a: Gliscor
|-immune|p2a: Gliscor
|
|-heal|p2a: Gliscor|100/100 tox|[from] ability: Poison Heal
|upkeep
|turn|21
|
|t:|1743886484
|move|p1a: Great Tusk|Rapid Spin|p2a: Gliscor
|-damage|p2a: Gliscor|85/100 tox
|-boost|p1a: Great Tusk|spe|1
|-sideend|p1: Ayubismail|Spikes|[from] move: Rapid Spin|[of] p1a: Great Tusk
|move|p2a: Gliscor|Toxic|p1a: Great Tusk
|-status|p1a: Great Tusk|tox
|
|-damage|p1a: Great Tusk|78/100 tox|[from] psn
|-heal|p2a: Gliscor|98/100 tox|[from] ability: Poison Heal
|upkeep
|turn|22
|
|t:|1743886488
|move|p1a: Great Tusk|Ice Spinner|p2a: Gliscor
|-supereffective|p2a: Gliscor
|-damage|p2a: Gliscor|9/100 tox
|move|p2a: Gliscor|Spikes|p1a: Great Tusk
|-sidestart|p1: Ayubismail|Spikes
|
|-damage|p1a: Great Tusk|65/100 tox|[from] psn
|-heal|p2a: Gliscor|22/100 tox|[from] ability: Poison Heal
|-sideend|p1: Ayubismail|Reflect
|upkeep
|turn|23
|
|t:|1743886491
|move|p2a: Gliscor|Protect|p2a: Gliscor
|-singleturn|p2a: Gliscor|Protect
|move|p1a: Great Tusk|Knock Off|p2a: Gliscor
|-activate|p2a: Gliscor|move: Protect
|
|-damage|p1a: Great Tusk|47/100 tox|[from] psn
|-heal|p2a: Gliscor|34/100 tox|[from] ability: Poison Heal
|upkeep
|turn|24
|
|t:|1743886497
|move|p1a: Great Tusk|Rapid Spin|p2a: Gliscor
|-damage|p2a: Gliscor|19/100 tox
|-boost|p1a: Great Tusk|spe|1
|-sideend|p1: Ayubismail|Spikes|[from] move: Rapid Spin|[of] p1a: Great Tusk
|move|p2a: Gliscor|Knock Off|p1a: Great Tusk
|-resisted|p1a: Great Tusk
|-damage|p1a: Great Tusk|39/100 tox
|-enditem|p1a: Great Tusk|Assault Vest|[from] move: Knock Off|[of] p2a: Gliscor
|
|-damage|p1a: Great Tusk|14/100 tox|[from] psn
|-heal|p2a: Gliscor|31/100 tox|[from] ability: Poison Heal
|upkeep
|turn|25
|
|t:|1743886500
|move|p2a: Gliscor|Protect|p2a: Gliscor
|-singleturn|p2a: Gliscor|Protect
|move|p1a: Great Tusk|Ice Spinner|p2a: Gliscor
|-activate|p2a: Gliscor|move: Protect
|
|-damage|p1a: Great Tusk|0 fnt|[from] psn
|faint|p1a: Great Tusk
|-end|p1a: Great Tusk|Protosynthesis|[silent]
|-heal|p2a: Gliscor|44/100 tox|[from] ability: Poison Heal
|upkeep
|
|t:|1743886501
|switch|p1a: Iron Crown|Iron Crown|100/100
|turn|26
|
|t:|1743886508
|move|p1a: Iron Crown|Agility|p1a: Iron Crown
|-boost|p1a: Iron Crown|spe|2
|move|p2a: Gliscor|Knock Off|p1a: Iron Crown
|-supereffective|p1a: Iron Crown
|-damage|p1a: Iron Crown|57/100
|-enditem|p1a: Iron Crown|Weakness Policy
|-boost|p1a: Iron Crown|atk|2|[from] item: Weakness Policy
|-boost|p1a: Iron Crown|spa|2|[from] item: Weakness Policy
|
|-heal|p2a: Gliscor|56/100 tox|[from] ability: Poison Heal
|upkeep
|turn|27
|
|t:|1743886517
|move|p2a: Gliscor|Protect|p2a: Gliscor
|-singleturn|p2a: Gliscor|Protect
|move|p1a: Iron Crown|Tachyon Cutter|p2a: Gliscor
|-activate|p2a: Gliscor|move: Protect
|
|-heal|p2a: Gliscor|69/100 tox|[from] ability: Poison Heal
|upkeep
|turn|28
|
|t:|1743886526
|switch|p2a: Araquanid|Araquanid, F|1/100
|-activate|p2a: Araquanid|move: Sticky Web
|-unboost|p2a: Araquanid|spe|1
|-damage|p2a: Araquanid|0 fnt|[from] Stealth Rock
|faint|p2a: Araquanid
|move|p1a: Iron Crown|Tachyon Cutter|p2: Araquanid|[notarget]
|-fail|p1a: Iron Crown
|
|upkeep
|
|t:|1743886529
|switch|p2a: Kingambit|Kingambit, F|39/100
|-activate|p2a: Kingambit|move: Sticky Web
|-unboost|p2a: Kingambit|spe|1
|-ability|p2a: Kingambit|Defiant|boost
|-boost|p2a: Kingambit|atk|2
|-damage|p2a: Kingambit|32/100|[from] Stealth Rock
|turn|29
|
|t:|1743886532
|move|p2a: Kingambit|Sucker Punch||[still]
|-fail|p2a: Kingambit
|move|p1a: Iron Crown|Agility|p1a: Iron Crown
|-boost|p1a: Iron Crown|spe|2
|
|upkeep
|turn|30
|
|t:|1743886535
|move|p2a: Kingambit|Sucker Punch||[still]
|-fail|p2a: Kingambit
|move|p1a: Iron Crown|Calm Mind|p1a: Iron Crown
|-boost|p1a: Iron Crown|spa|1
|-boost|p1a: Iron Crown|spd|1
|
|upkeep
|turn|31
|
|t:|1743886537
|move|p2a: Kingambit|Sucker Punch||[still]
|-fail|p2a: Kingambit
|move|p1a: Iron Crown|Agility|p1a: Iron Crown
|-boost|p1a: Iron Crown|spe|2
|
|upkeep
|turn|32
|
|t:|1743886538
|move|p2a: Kingambit|Sucker Punch|p1a: Iron Crown
|-supereffective|p1a: Iron Crown
|-damage|p1a: Iron Crown|0 fnt
|faint|p1a: Iron Crown
|-end|p1a: Iron Crown|Quark Drive|[silent]
|
|upkeep
|c|☆foobarbazqux|gg m8
|
|t:|1743886544
|switch|p1a: Kyurem|Kyurem, tera:Ice|84/100
|-ability|p1a: Kyurem|Pressure
|turn|33
|
|t:|1743886546
|move|p2a: Kingambit|Sucker Punch||[still]
|-fail|p2a: Kingambit
|move|p1a: Kyurem|Dragon Dance|p1a: Kyurem
|-boost|p1a: Kyurem|atk|1
|-boost|p1a: Kyurem|spe|1
|
|upkeep
|turn|34
|
|t:|1743886551
|move|p1a: Kyurem|Earth Power|p2a: Kingambit
|-supereffective|p2a: Kingambit
|-damage|p2a: Kingambit|0 fnt
|faint|p2a: Kingambit
|
|upkeep
|
|t:|1743886554
|switch|p2a: Cinderace|Cinderace, M|84/100
|turn|35
|inactive|Ayubismail has 120 seconds left.
|
|t:|1743886609
|move|p1a: Kyurem|Icicle Spear|p2a: Cinderace
|-resisted|p2a: Cinderace
|-damage|p2a: Cinderace|64/100
|-resisted|p2a: Cinderace
|-damage|p2a: Cinderace|43/100
|-hitcount|p2a: Cinderace|2
|move|p2a: Cinderace|Pyro Ball|p1a: Kyurem
|-supereffective|p1a: Kyurem
|-damage|p1a: Kyurem|0 fnt
|faint|p1a: Kyurem
|
|win|foobarbazqux
|raw|Ayubismail's rating: 1414 &rarr; <strong>1403</strong><br />(-11 for losing)
|raw|foobarbazqux's rating: 1593 &rarr; <strong>1604</strong><br />(+11 for winning)
|l|☆foobarbazqux
|player|p2|
|l|☆Ayubismail
|player|p1|
