|j|☆mf spicy
|j|☆yitiio
|t:|1743912470
|gametype|singles
|player|p1|mf spicy|clair|1205
|player|p2|yitiio|169|1160
|teamsize|p1|6
|teamsize|p2|6
|gen|9
|tier|[Gen 9] OU
|rated|
|rule|HP Percentage Mod: HP is shown in percentages
|rule|Endless Battle Clause: Forcing endless battles is banned
|rule|Species Clause: Limit one of each Pokémon
|rule|OHKO Clause: OHKO moves are banned
|rule|Evasion Items Clause: Evasion items are banned
|rule|Evasion Moves Clause: Evasion moves are banned
|rule|Sleep Moves Clause: Sleep-inducing moves are banned
|clearpoke
|poke|p1|Cobalion|
|poke|p1|Darkrai|
|poke|p1|Garganacl, M|
|poke|p1|Ambipom, M|
|poke|p1|Dragonite, M|
|poke|p1|Gliscor, F|
|poke|p2|Great Tusk|
|poke|p2|Raging Bolt|
|poke|p2|Ninetales, M|
|poke|p2|Slither Wing|
|poke|p2|Walking Wake|
|poke|p2|Kingambit, M|
|teampreview
|inactive|Battle timer is ON: inactive players will automatically lose when time's up. (requested by yitiio)
|
|t:|1743912480
|start
|switch|p1a: Cobalion|Cobalion|100/100
|switch|p2a: Ninetales|Ninetales, M|100/100
|-weather|SunnyDay|[from] ability: Drought|[of] p2a: Ninetales
|turn|1
|
|t:|1743912489
|move|p1a: Cobalion|Stealth Rock|p2a: Ninetales
|-sidestart|p2: yitiio|move: Stealth Rock
|move|p2a: Ninetales|Nasty Plot|p2a: Ninetales
|-boost|p2a: Ninetales|spa|2
|
|-weather|SunnyDay|[upkeep]
|upkeep
|turn|2
|
|t:|1743912496
|move|p1a: Cobalion|Volt Switch|p2a: Ninetales
|-damage|p2a: Ninetales|85/100
|
|t:|1743912503
|switch|p1a: Gliscor|Gliscor, F|100/100|[from] Volt Switch
|move|p2a: Ninetales|Weather Ball|p1a: Gliscor
|-damage|p1a: Gliscor|0 fnt
|faint|p1a: Gliscor
|
|-weather|SunnyDay|[upkeep]
|upkeep
|
|t:|1743912506
|switch|p1a: Dragonite|Dragonite, M|100/100
|turn|3
|
|t:|1743912514
|switch|p2a: Great Tusk|Great Tusk|100/100
|-damage|p2a: Great Tusk|98/100|[from] Stealth Rock
|-activate|p2a: Great Tusk|ability: Protosynthesis
|-start|p2a: Great Tusk|protosynthesisdef
|move|p1a: Dragonite|Outrage|p2a: Great Tusk
|-damage|p2a: Great Tusk|49/100
|
|-weather|SunnyDay|[upkeep]
|-heal|p2a: Great Tusk|55/100|[from] item: Leftovers
|upkeep
|turn|4
|
|t:|1743912528
|move|p2a: Great Tusk|Rapid Spin|p1a: Dragonite
|-damage|p1a: Dragonite|93/100
|-boost|p2a: Great Tusk|spe|1
|-sideend|p2: yitiio|Stealth Rock|[from] move: Rapid Spin|[of] p2a: Great Tusk
|move|p1a: Dragonite|Outrage|p2a: Great Tusk|[from] lockedmove
|-damage|p2a: Great Tusk|7/100
|
|-weather|SunnyDay|[upkeep]
|-heal|p2a: Great Tusk|14/100|[from] item: Leftovers
|upkeep
|turn|5
|
|t:|1743912536
|move|p2a: Great Tusk|Ice Spinner|p1a: Dragonite
|-supereffective|p1a: Dragonite
|-crit|p1a: Dragonite
|-damage|p1a: Dragonite|0 fnt
|faint|p1a: Dragonite
|
|-weather|SunnyDay|[upkeep]
|-heal|p2a: Great Tusk|20/100|[from] item: Leftovers
|upkeep
|
|t:|1743912541
|switch|p1a: Ambipom|Ambipom, M|100/100
|turn|6
|
|t:|1743912549
|move|p1a: Ambipom|Double-Edge|p2a: Great Tusk
|-damage|p2a: Great Tusk|0 fnt
|faint|p2a: Great Tusk
|-end|p2a: Great Tusk|Protosynthesis|[silent]
|-damage|p1a: Ambipom|91/100|[from] Recoil
|
|-weather|SunnyDay|[upkeep]
|upkeep
|
|t:|1743912559
|switch|p2a: Walking Wake|Walking Wake|100/100
|-activate|p2a: Walking Wake|ability: Protosynthesis
|-start|p2a: Walking Wake|protosynthesisspe
|turn|7
|
|t:|1743912567
|switch|p1a: Garganacl|Garganacl, M|100/100
|-terastallize|p2a: Walking Wake|Water
|move|p2a: Walking Wake|Hydro Steam|p1a: Garganacl
|-supereffective|p1a: Garganacl
|-damage|p1a: Garganacl|0 fnt
|faint|p1a: Garganacl
|
|-weather|SunnyDay|[upkeep]
|upkeep
|-message|mf spicy forfeited.
|
|win|yitiio
|raw|mf spicy's rating: 1205 &rarr; <strong>1177</strong><br />(-28 for losing)
|raw|yitiio's rating: 1160 &rarr; <strong>1188</strong><br />(+28 for winning)
|l|☆mf spicy
|player|p1|
|l|☆yitiio
|player|p2|
