|j|☆Vieilbisail
|j|☆lobsterapple
|t:|1743828481
|gametype|singles
|player|p1|Vieilbisail|rood|1075
|player|p2|lobsterapple|crasherwake|1062
|teamsize|p1|6
|teamsize|p2|6
|gen|9
|tier|[Gen 9] OU
|rated|
|rule|HP Percentage Mod: HP is shown in percentages
|rule|Endless Battle Clause: Forcing endless battles is banned
|rule|Species Clause: Limit one of each Pokémon
|rule|OHKO Clause: OHKO moves are banned
|rule|Evasion Items Clause: Evasion items are banned
|rule|Evasion Moves Clause: Evasion moves are banned
|rule|Sleep Moves Clause: Sleep-inducing moves are banned
|clearpoke
|poke|p1|Iron Valiant|
|poke|p1|Glimmora, F|
|poke|p1|Dragonite, M|
|poke|p1|Pecharunt|
|poke|p1|Great Tusk|
|poke|p1|Kingambit, M|
|poke|p2|Jirachi|
|poke|p2|Flapple, F|
|poke|p2|Mamoswine, M|
|poke|p2|Clefable, F|
|poke|p2|Registeel|
|poke|p2|Gengar, M|
|teampreview
|inactive|Battle timer is ON: inactive players will automatically lose when time's up. (requested by Vieilbisail)
|
|t:|1743828498
|start
|switch|p1a: Fyulapp|Iron Valiant|100/100
|switch|p2a: Jirachi|Jirachi|100/100
|turn|1
|
|t:|1743828510
|-end|p1a: Fyulapp|Quark Drive|[silent]
|switch|p1a: Delivulg|Pecharunt|100/100
|move|p2a: Jirachi|Gravity|p2a: Jirachi
|-fieldstart|move: Gravity
|
|upkeep
|turn|2
|
|t:|1743828518
|move|p1a: Delivulg|Malignant Chain|p2a: Jirachi
|-immune|p2a: Jirachi
|move|p2a: Jirachi|U-turn|p1a: Delivulg
|-resisted|p1a: Delivulg
|-damage|p1a: Delivulg|98/100
|
|t:|1743828524
|switch|p2a: Flapple|Flapple, F|100/100|[from] U-turn
|
|upkeep
|turn|3
|
|t:|1743828548
|move|p2a: Flapple|Sucker Punch|p1a: Delivulg
|-supereffective|p1a: Delivulg
|-damage|p1a: Delivulg|43/100
|move|p1a: Delivulg|Malignant Chain|p2a: Flapple
|-supereffective|p2a: Flapple
|-damage|p2a: Flapple|0 fnt
|faint|p2a: Flapple
|
|upkeep
|
|t:|1743828555
|switch|p2a: Gengar|Gengar, M|100/100
|turn|4
|
|t:|1743828563
|switch|p1a: Zaxesic|Glimmora, F, shiny|100/100
|move|p2a: Gengar|Thunder|p1a: Zaxesic
|-damage|p1a: Zaxesic|64/100
|-status|p1a: Zaxesic|par
|
|upkeep
|turn|5
|
|t:|1743828594
|move|p2a: Gengar|Focus Blast|p1a: Zaxesic
|-damage|p1a: Zaxesic|24/100 par
|move|p1a: Zaxesic|Spikes|p2a: Gengar
|-sidestart|p2: lobsterapple|Spikes
|
|-fieldend|move: Gravity
|upkeep
|turn|6
|
|t:|1743828603
|move|p2a: Gengar|Thunder|p1a: Zaxesic
|-damage|p1a: Zaxesic|0 fnt
|faint|p1a: Zaxesic
|
|upkeep
|inactive|Vieilbisail has 120 seconds left.
|
|t:|1743828632
|switch|p1a: Arkh|Great Tusk, shiny|100/100
|turn|7
|inactive|Vieilbisail has 120 seconds left.
|
|t:|1743828638
|-end|p1a: Arkh|Protosynthesis|[silent]
|switch|p1a: Cymbal|Kingambit, M, shiny|100/100
|-activate|p1a: Cymbal|ability: Supreme Overlord
|-start|p1a: Cymbal|fallen1|[silent]
|move|p2a: Gengar|Shadow Ball|p1a: Cymbal
|-resisted|p1a: Cymbal
|-crit|p1a: Cymbal
|-damage|p1a: Cymbal|68/100
|
|-heal|p1a: Cymbal|74/100|[from] item: Leftovers
|upkeep
|turn|8
|
|t:|1743828647
|switch|p2a: Clefable|Clefable, F|100/100
|move|p1a: Cymbal|Thunder Wave|p2a: Clefable
|-status|p2a: Clefable|par
|
|-heal|p1a: Cymbal|80/100|[from] item: Leftovers
|upkeep
|turn|9
|
|t:|1743828654
|-end|p1a: Cymbal|fallen1|[silent]
|switch|p1a: Samwell|Dragonite, M|100/100
|move|p2a: Clefable|Gravity|p2a: Clefable
|-fieldstart|move: Gravity
|
|upkeep
|turn|10
|
|t:|1743828666
|switch|p1a: Delivulg|Pecharunt|43/100
|move|p2a: Clefable|Blizzard|p1a: Delivulg
|-damage|p1a: Delivulg|18/100
|
|upkeep
|turn|11
|
|t:|1743828672
|move|p1a: Delivulg|Recover|p1a: Delivulg
|-heal|p1a: Delivulg|68/100
|move|p2a: Clefable|Blizzard|p1a: Delivulg
|-damage|p1a: Delivulg|45/100
|
|upkeep
|turn|12
|
|t:|1743828677
|move|p1a: Delivulg|Recover|p1a: Delivulg
|-heal|p1a: Delivulg|95/100
|move|p2a: Clefable|Encore|p1a: Delivulg
|-start|p1a: Delivulg|Encore
|
|upkeep
|turn|13
|
|t:|1743828690
|switch|p1a: Fyulapp|Iron Valiant|100/100
|move|p2a: Clefable|Stealth Rock|p1a: Fyulapp
|-sidestart|p1: Vieilbisail|move: Stealth Rock
|
|-fieldend|move: Gravity
|upkeep
|turn|14
|
|t:|1743828700
|move|p1a: Fyulapp|Aura Sphere|p2a: Clefable
|-resisted|p2a: Clefable
|-damage|p2a: Clefable|81/100 par
|move|p2a: Clefable|Blizzard|p1a: Fyulapp
|-damage|p1a: Fyulapp|59/100
|
|-heal|p2a: Clefable|87/100 par|[from] item: Leftovers
|upkeep
|turn|15
|
|t:|1743828709
|-end|p1a: Fyulapp|Quark Drive|[silent]
|switch|p1a: Cymbal|Kingambit, M, shiny|80/100
|-damage|p1a: Cymbal|74/100|[from] Stealth Rock
|-activate|p1a: Cymbal|ability: Supreme Overlord
|-start|p1a: Cymbal|fallen1|[silent]
|cant|p2a: Clefable|par
|
|-heal|p1a: Cymbal|80/100|[from] item: Leftovers
|-heal|p2a: Clefable|93/100 par|[from] item: Leftovers
|upkeep
|turn|16
|
|t:|1743828718
|move|p1a: Cymbal|Iron Head|p2a: Clefable
|-supereffective|p2a: Clefable
|-damage|p2a: Clefable|0 fnt
|faint|p2a: Clefable
|
|-heal|p1a: Cymbal|87/100|[from] item: Leftovers
|upkeep
|
|t:|1743828722
|switch|p2a: Registeel|Registeel|100/100
|-damage|p2a: Registeel|88/100|[from] Spikes
|turn|17
|
|t:|1743828728
|move|p1a: Cymbal|Thunder Wave|p2a: Registeel
|-status|p2a: Registeel|par
|move|p2a: Registeel|Gravity|p2a: Registeel
|-fieldstart|move: Gravity
|
|-heal|p1a: Cymbal|93/100|[from] item: Leftovers
|upkeep
|turn|18
|
|t:|1743828744
|-end|p1a: Cymbal|fallen1|[silent]
|switch|p1a: Arkh|Great Tusk, shiny|100/100
|move|p2a: Registeel|Zap Cannon|p1a: Arkh
|-immune|p1a: Arkh
|
|upkeep
|turn|19
|
|t:|1743828755
|switch|p2a: Gengar|Gengar, M|100/100
|-damage|p2a: Gengar|88/100|[from] Spikes
|move|p1a: Arkh|Earthquake|p2a: Gengar
|-supereffective|p2a: Gengar
|-damage|p2a: Gengar|0 fnt
|faint|p2a: Gengar
|
|upkeep
|
|t:|1743828762
|switch|p2a: Jirachi|Jirachi|100/100
|-damage|p2a: Jirachi|88/100|[from] Spikes
|turn|20
|
|t:|1743828772
|move|p1a: Arkh|Earthquake|p2a: Jirachi
|-supereffective|p2a: Jirachi
|-damage|p2a: Jirachi|27/100
|move|p2a: Jirachi|Body Slam|p1a: Arkh
|-damage|p1a: Arkh|89/100
|-status|p1a: Arkh|par
|
|-heal|p2a: Jirachi|33/100|[from] item: Leftovers
|upkeep
|turn|21
|
|t:|1743828782
|move|p2a: Jirachi|Wish|p2a: Jirachi
|move|p1a: Arkh|Earthquake|p2a: Jirachi
|-supereffective|p2a: Jirachi
|-damage|p2a: Jirachi|0 fnt
|faint|p2a: Jirachi
|
|-fieldend|move: Gravity
|upkeep
|
|t:|1743828786
|switch|p2a: Mamoswine|Mamoswine, M, shiny|100/100
|-damage|p2a: Mamoswine|88/100|[from] Spikes
|turn|22
|
|t:|1743828799
|-end|p1a: Arkh|Protosynthesis|[silent]
|switch|p1a: Cymbal|Kingambit, M, shiny|93/100
|-damage|p1a: Cymbal|87/100|[from] Stealth Rock
|-activate|p1a: Cymbal|ability: Supreme Overlord
|-start|p1a: Cymbal|fallen1|[silent]
|move|p2a: Mamoswine|Ice Fang|p1a: Cymbal
|-resisted|p1a: Cymbal
|-damage|p1a: Cymbal|71/100
|-damage|p2a: Mamoswine|78/100|[from] item: Life Orb
|
|-heal|p2a: Mamoswine|100/100|[from] move: Wish|[wisher] Jirachi
|-heal|p1a: Cymbal|77/100|[from] item: Leftovers
|upkeep
|turn|23
|
|t:|1743828822
|move|p2a: Mamoswine|Earthquake|p1a: Cymbal
|-supereffective|p1a: Cymbal
|-damage|p1a: Cymbal|0 fnt
|faint|p1a: Cymbal
|-end|p1a: Cymbal|fallen1|[silent]
|-damage|p2a: Mamoswine|91/100|[from] item: Life Orb
|
|upkeep
|
|t:|1743828828
|switch|p1a: Fyulapp|Iron Valiant|59/100
|-damage|p1a: Fyulapp|53/100|[from] Stealth Rock
|turn|24
|
|t:|1743828846
|move|p1a: Fyulapp|Aura Sphere|p2a: Mamoswine
|-supereffective|p2a: Mamoswine
|-damage|p2a: Mamoswine|0 fnt
|faint|p2a: Mamoswine
|
|upkeep
|
|t:|1743828848
|switch|p2a: Registeel|Registeel|88/100 par
|-damage|p2a: Registeel|76/100 par|[from] Spikes
|turn|25
|
|t:|1743828855
|move|p1a: Fyulapp|Aura Sphere|p2a: Registeel
|-supereffective|p2a: Registeel
|-damage|p2a: Registeel|20/100 par
|move|p2a: Registeel|Zap Cannon|p1a: Fyulapp|[miss]
|-miss|p2a: Registeel|p1a: Fyulapp
|
|upkeep
|turn|26
|-message|lobsterapple forfeited.
|
|win|Vieilbisail
|raw|Vieilbisail's rating: 1075 &rarr; <strong>1103</strong><br />(+28 for winning)
|raw|lobsterapple's rating: 1062 &rarr; <strong>1043</strong><br />(-19 for losing)
|l|☆lobsterapple
|player|p2|
|c|☆Vieilbisail|gg
|l|☆Vieilbisail
|player|p1|
