|j|☆mj1707
|j|☆asdfjklqwert
|t:|1743786495
|gametype|singles
|player|p1|mj1707|102|1400
|player|p2|asdfjklqwert|winona|1428
|teamsize|p1|6
|teamsize|p2|6
|gen|9
|tier|[Gen 9] OU
|rated|
|rule|HP Percentage Mod: HP is shown in percentages
|rule|Endless Battle Clause: Forcing endless battles is banned
|rule|Species Clause: Limit one of each Pokémon
|rule|OHKO Clause: OHKO moves are banned
|rule|Evasion Items Clause: Evasion items are banned
|rule|Evasion Moves Clause: Evasion moves are banned
|rule|Sleep Moves Clause: Sleep-inducing moves are banned
|clearpoke
|poke|p1|Kingambit, F|
|poke|p1|Salamence, F|
|poke|p1|Rotom-Wash|
|poke|p1|Hatterene, F|
|poke|p1|Landorus-Therian, M|
|poke|p1|Grimmsnarl, M|
|poke|p2|Latios, M|
|poke|p2|Hydrapple, M|
|poke|p2|Tornadus-Therian, M|
|poke|p2|Weezing-Galar, M|
|poke|p2|Cinderace, F|
|poke|p2|Swampert, M|
|teampreview
|inactive|Battle timer is ON: inactive players will automatically lose when time's up. (requested by asdfjklqwert)
|
|t:|1743786518
|start
|switch|p1a: Grimmsnarl|Grimmsnarl, M|100/100
|switch|p2a: Swampert|Swampert, M|100/100
|turn|1
|
|t:|1743786527
|move|p1a: Grimmsnarl|Parting Shot|p2a: Swampert
|-unboost|p2a: Swampert|atk|1
|-unboost|p2a: Swampert|spa|1
|
|t:|1743786532
|switch|p1a: Hatterene|Hatterene, F|100/100|[from] Parting Shot
|move|p2a: Swampert|Earthquake|p1a: Hatterene
|-damage|p1a: Hatterene|62/100
|
|-heal|p1a: Hatterene|67/100|[from] item: Leftovers
|upkeep
|turn|2
|
|t:|1743786535
|move|p2a: Swampert|Flip Turn|p1a: Hatterene
|-damage|p1a: Hatterene|46/100
|
|t:|1743786538
|switch|p2a: Tornadus|Tornadus-Therian, M|100/100|[from] Flip Turn
|move|p1a: Hatterene|Draining Kiss|p2a: Tornadus
|-damage|p2a: Tornadus|79/100
|-heal|p1a: Hatterene|64/100|[from] drain|[of] p2a: Tornadus
|
|-heal|p1a: Hatterene|70/100|[from] item: Leftovers
|upkeep
|turn|3
|
|t:|1743786545
|switch|p1a: Grimmsnarl|Grimmsnarl, M|100/100
|move|p2a: Tornadus|U-turn|p1a: Grimmsnarl
|-damage|p1a: Grimmsnarl|80/100
|
|t:|1743786547
|switch|p2a: Swampert|Swampert, M|100/100|[from] U-turn
|
|upkeep
|turn|4
|
|t:|1743786550
|move|p1a: Grimmsnarl|Reflect|p1a: Grimmsnarl
|-sidestart|p1: mj1707|Reflect
|move|p2a: Swampert|Flip Turn|p1a: Grimmsnarl
|-damage|p1a: Grimmsnarl|60/100
|
|t:|1743786553
|switch|p2a: Weezing|Weezing-Galar, M|100/100|[from] Flip Turn
|-ability|p2a: Weezing|Neutralizing Gas
|
|upkeep
|turn|5
|
|t:|1743786559
|move|p2a: Weezing|Defog|p1a: Grimmsnarl
|-unboost|p1a: Grimmsnarl|evasion|1
|-sideend|p1: mj1707|Reflect
|move|p1a: Grimmsnarl|Parting Shot|p2a: Weezing
|-unboost|p2a: Weezing|atk|1
|-unboost|p2a: Weezing|spa|1
|
|t:|1743786566
|switch|p1a: Landorus|Landorus-Therian, M|100/100|[from] Parting Shot
|
|upkeep
|turn|6
|
|t:|1743786570
|-end|p2a: Weezing|ability: Neutralizing Gas
|-ability|p1a: Landorus|Intimidate|boost
|-unboost|p2a: Weezing|atk|1
|switch|p2a: Hydrapple|Hydrapple, M|100/100
|move|p1a: Landorus|Earthquake|p2a: Hydrapple
|-resisted|p2a: Hydrapple
|-damage|p2a: Hydrapple|80/100
|
|upkeep
|turn|7
|
|t:|1743786576
|move|p1a: Landorus|U-turn|p2a: Hydrapple
|-supereffective|p2a: Hydrapple
|-damage|p2a: Hydrapple|40/100
|-damage|p1a: Landorus|84/100|[from] item: Rocky Helmet|[of] p2a: Hydrapple
|
|t:|1743786581
|switch|p1a: Grimmsnarl|Grimmsnarl, M|60/100|[from] U-turn
|move|p2a: Hydrapple|Substitute|p2a: Hydrapple
|-start|p2a: Hydrapple|Substitute
|-damage|p2a: Hydrapple|15/100
|
|upkeep
|turn|8
|
|t:|1743786586
|move|p1a: Grimmsnarl|Light Screen|p1a: Grimmsnarl
|-sidestart|p1: mj1707|move: Light Screen
|move|p2a: Hydrapple|Energy Ball|p1a: Grimmsnarl
|-damage|p1a: Grimmsnarl|41/100
|
|upkeep
|turn|9
|
|t:|1743786590
|move|p1a: Grimmsnarl|Spirit Break|p2a: Hydrapple
|-supereffective|p2a: Hydrapple
|-end|p2a: Hydrapple|Substitute
|move|p2a: Hydrapple|Energy Ball|p1a: Grimmsnarl
|-damage|p1a: Grimmsnarl|23/100
|
|upkeep
|turn|10
|
|t:|1743786597
|switch|p2a: Weezing|Weezing-Galar, M|100/100
|-ability|p2a: Weezing|Neutralizing Gas
|move|p1a: Grimmsnarl|Spirit Break|p2a: Weezing
|-resisted|p2a: Weezing
|-damage|p2a: Weezing|89/100
|-unboost|p2a: Weezing|spa|1
|
|-heal|p2a: Weezing|95/100|[from] item: Leftovers
|upkeep
|turn|11
|
|t:|1743786604
|move|p1a: Grimmsnarl|Parting Shot|p2a: Weezing
|-unboost|p2a: Weezing|atk|1
|-unboost|p2a: Weezing|spa|1
|
|t:|1743786607
|switch|p1a: Rotom|Rotom-Wash|100/100|[from] Parting Shot
|move|p2a: Weezing|Defog|p1a: Rotom
|-unboost|p1a: Rotom|evasion|1
|-sideend|p1: mj1707|move: Light Screen
|
|-heal|p2a: Weezing|100/100|[from] item: Leftovers
|upkeep
|turn|12
|
|t:|1743786611
|-end|p2a: Weezing|ability: Neutralizing Gas
|switch|p2a: Swampert|Swampert, M|100/100
|move|p1a: Rotom|Thunder Wave|p2a: Swampert
|-immune|p2a: Swampert
|
|upkeep
|turn|13
|
|t:|1743786641
|switch|p1a: Grimmsnarl|Grimmsnarl, M|23/100
|move|p2a: Swampert|Stealth Rock|p1a: Grimmsnarl
|-sidestart|p1: mj1707|move: Stealth Rock
|
|upkeep
|turn|14
|
|t:|1743786644
|move|p1a: Grimmsnarl|Parting Shot|p2a: Swampert
|-unboost|p2a: Swampert|atk|1
|-unboost|p2a: Swampert|spa|1
|
|t:|1743786649
|switch|p1a: Landorus|Landorus-Therian, M|84/100|[from] Parting Shot
|-damage|p1a: Landorus|72/100|[from] Stealth Rock
|-ability|p1a: Landorus|Intimidate|boost
|-unboost|p2a: Swampert|atk|1
|move|p2a: Swampert|Earthquake|p1a: Landorus
|-immune|p1a: Landorus
|
|-heal|p1a: Landorus|78/100|[from] item: Leftovers
|upkeep
|turn|15
|
|t:|1743786655
|switch|p2a: Hydrapple|Hydrapple, M|48/100
|move|p1a: Landorus|Stealth Rock|p2a: Hydrapple
|-sidestart|p2: asdfjklqwert|move: Stealth Rock
|
|-heal|p1a: Landorus|84/100|[from] item: Leftovers
|upkeep
|turn|16
|
|t:|1743786669
|move|p1a: Landorus|U-turn|p2a: Hydrapple
|-supereffective|p2a: Hydrapple
|-damage|p2a: Hydrapple|11/100
|-damage|p1a: Landorus|67/100|[from] item: Rocky Helmet|[of] p2a: Hydrapple
|inactive|mj1707 has 120 seconds left.
|
|t:|1743786711
|switch|p1a: Kingambit|Kingambit, F|100/100|[from] U-turn
|-damage|p1a: Kingambit|94/100|[from] Stealth Rock
|move|p2a: Hydrapple|Energy Ball|p1a: Kingambit
|-resisted|p1a: Kingambit
|-damage|p1a: Kingambit|70/100
|
|-heal|p1a: Kingambit|76/100|[from] item: Leftovers
|upkeep
|turn|17
|
|t:|1743786720
|switch|p2a: Cinderace|Cinderace, F|100/100
|move|p1a: Kingambit|Swords Dance|p1a: Kingambit
|-boost|p1a: Kingambit|atk|2
|
|-heal|p1a: Kingambit|82/100|[from] item: Leftovers
|upkeep
|turn|18
|
|t:|1743786728
|-terastallize|p1a: Kingambit|Fairy
|move|p2a: Cinderace|Pyro Ball|p1a: Kingambit
|-damage|p1a: Kingambit|44/100
|move|p1a: Kingambit|Low Kick|p2a: Cinderace
|-damage|p2a: Cinderace|27/100
|
|-heal|p1a: Kingambit|50/100|[from] item: Leftovers
|upkeep
|turn|19
|
|t:|1743786737
|switch|p2a: Swampert|Swampert, M|100/100
|-damage|p2a: Swampert|94/100|[from] Stealth Rock
|move|p1a: Kingambit|Sucker Punch||[still]
|-fail|p1a: Kingambit
|
|-heal|p2a: Swampert|100/100|[from] item: Leftovers
|-heal|p1a: Kingambit|56/100|[from] item: Leftovers
|upkeep
|turn|20
|
|t:|1743786745
|move|p2a: Swampert|Earthquake|p1a: Kingambit
|-crit|p1a: Kingambit
|-damage|p1a: Kingambit|0 fnt
|faint|p1a: Kingambit
|-end|p1a: Kingambit|fallenundefined|[silent]
|
|upkeep
|
|t:|1743786749
|switch|p1a: Salamence|Salamence, F|100/100
|-damage|p1a: Salamence|76/100|[from] Stealth Rock
|-ability|p1a: Salamence|Intimidate|boost
|-unboost|p2a: Swampert|atk|1
|turn|21
|
|t:|1743786755
|move|p1a: Salamence|Dragon Dance|p1a: Salamence
|-boost|p1a: Salamence|atk|1
|-boost|p1a: Salamence|spe|1
|move|p2a: Swampert|Flip Turn|p1a: Salamence
|-resisted|p1a: Salamence
|-damage|p1a: Salamence|62/100
|
|t:|1743786756
|switch|p2a: Weezing|Weezing-Galar, M|100/100|[from] Flip Turn
|-ability|p2a: Weezing|Neutralizing Gas
|-damage|p2a: Weezing|88/100|[from] Stealth Rock
|
|-heal|p1a: Salamence|68/100|[from] item: Leftovers
|-heal|p2a: Weezing|94/100|[from] item: Leftovers
|upkeep
|turn|22
|
|t:|1743786770
|move|p1a: Salamence|Earthquake|p2a: Weezing
|-supereffective|p2a: Weezing
|-damage|p2a: Weezing|3/100
|move|p2a: Weezing|Strange Steam|p1a: Salamence
|-supereffective|p1a: Salamence
|-damage|p1a: Salamence|0 fnt
|faint|p1a: Salamence
|
|-heal|p2a: Weezing|9/100|[from] item: Leftovers
|upkeep
|
|t:|1743786775
|switch|p1a: Rotom|Rotom-Wash|100/100
|-damage|p1a: Rotom|88/100|[from] Stealth Rock
|turn|23
|
|t:|1743786781
|-end|p2a: Weezing|ability: Neutralizing Gas
|switch|p2a: Swampert|Swampert, M|100/100
|-damage|p2a: Swampert|94/100|[from] Stealth Rock
|move|p1a: Rotom|Volt Switch|p2a: Swampert
|-immune|p2a: Swampert
|
|-heal|p1a: Rotom|94/100|[from] item: Leftovers
|-heal|p2a: Swampert|100/100|[from] item: Leftovers
|upkeep
|turn|24
|
|t:|1743786789
|switch|p1a: Landorus|Landorus-Therian, M|67/100
|-damage|p1a: Landorus|55/100|[from] Stealth Rock
|-ability|p1a: Landorus|Intimidate|boost
|-unboost|p2a: Swampert|atk|1
|move|p2a: Swampert|Flip Turn|p1a: Landorus
|-supereffective|p1a: Landorus
|-damage|p1a: Landorus|6/100
|
|t:|1743786791
|switch|p2a: Latios|Latios, M|100/100|[from] Flip Turn
|-damage|p2a: Latios|88/100|[from] Stealth Rock
|
|-heal|p1a: Landorus|12/100|[from] item: Leftovers
|upkeep
|turn|25
|
|t:|1743786796
|move|p2a: Latios|Flip Turn|p1a: Landorus
|-supereffective|p1a: Landorus
|-damage|p1a: Landorus|0 fnt
|faint|p1a: Landorus
|
|t:|1743786799
|switch|p2a: Swampert|Swampert, M|100/100|[from] Flip Turn
|-damage|p2a: Swampert|94/100|[from] Stealth Rock
|
|-heal|p2a: Swampert|100/100|[from] item: Leftovers
|upkeep
|
|t:|1743786819
|switch|p1a: Grimmsnarl|Grimmsnarl, M|23/100
|-damage|p1a: Grimmsnarl|11/100|[from] Stealth Rock
|turn|26
|
|t:|1743786824
|move|p1a: Grimmsnarl|Reflect|p1a: Grimmsnarl
|-sidestart|p1: mj1707|Reflect
|move|p2a: Swampert|Low Kick|p1a: Grimmsnarl
|-damage|p1a: Grimmsnarl|0 fnt
|faint|p1a: Grimmsnarl
|
|upkeep
|
|t:|1743786828
|switch|p1a: Hatterene|Hatterene, F|70/100
|-damage|p1a: Hatterene|57/100|[from] Stealth Rock
|turn|27
|
|t:|1743786830
|switch|p2a: Tornadus|Tornadus-Therian, M|100/100
|-damage|p2a: Tornadus|76/100|[from] Stealth Rock
|move|p1a: Hatterene|Calm Mind|p1a: Hatterene
|-boost|p1a: Hatterene|spa|1
|-boost|p1a: Hatterene|spd|1
|
|-heal|p1a: Hatterene|63/100|[from] item: Leftovers
|upkeep
|turn|28
|
|t:|1743786836
|move|p2a: Tornadus|Knock Off|p1a: Hatterene
|-damage|p1a: Hatterene|52/100
|-enditem|p1a: Hatterene|Leftovers|[from] move: Knock Off|[of] p2a: Tornadus
|move|p1a: Hatterene|Draining Kiss|p2a: Tornadus
|-damage|p2a: Tornadus|44/100
|-heal|p1a: Hatterene|77/100|[from] drain|[of] p2a: Tornadus
|
|upkeep
|turn|29
|
|t:|1743786849
|-terastallize|p2a: Tornadus|Steel
|move|p2a: Tornadus|Bleakwind Storm|p1a: Hatterene
|-damage|p1a: Hatterene|43/100
|move|p1a: Hatterene|Calm Mind|p1a: Hatterene
|-boost|p1a: Hatterene|spa|1
|-boost|p1a: Hatterene|spd|1
|
|upkeep
|turn|30
|
|t:|1743786855
|move|p2a: Tornadus|Bleakwind Storm|p1a: Hatterene
|-crit|p1a: Hatterene
|-damage|p1a: Hatterene|0 fnt
|faint|p1a: Hatterene
|
|upkeep
|-message|mj1707 forfeited.
|
|win|asdfjklqwert
|raw|mj1707's rating: 1400 &rarr; <strong>1382</strong><br />(-18 for losing)
|raw|asdfjklqwert's rating: 1428 &rarr; <strong>1446</strong><br />(+18 for winning)
|l|☆mj1707
|player|p1|
|l|☆asdfjklqwert
|player|p2|
