|j|☆Sketch Hero
|j|☆mj1707
|t:|1743793498
|gametype|singles
|player|p1|Sketch Hero|acetrainer-gen4dp|1424
|player|p2|mj1707|102|1416
|teamsize|p1|6
|teamsize|p2|6
|gen|9
|tier|[Gen 9] OU
|rated|
|rule|HP Percentage Mod: HP is shown in percentages
|rule|Endless Battle Clause: Forcing endless battles is banned
|rule|Species Clause: Limit one of each Pokémon
|rule|OHKO Clause: OHKO moves are banned
|rule|Evasion Items Clause: Evasion items are banned
|rule|Evasion Moves Clause: Evasion moves are banned
|rule|Sleep Moves Clause: Sleep-inducing moves are banned
|clearpoke
|poke|p1|Galvantula, F|
|poke|p1|Gholdengo|
|poke|p1|Walking Wake|
|poke|p1|Kingambit, F|
|poke|p1|Great Tusk|
|poke|p1|Zamazenta-*|
|poke|p2|Kingambit, M|
|poke|p2|Salamence, M|
|poke|p2|Rotom-Wash|
|poke|p2|Hatterene, F|
|poke|p2|Landorus-Therian, M|
|poke|p2|Grimmsnarl, M|
|teampreview
|inactive|Battle timer is ON: inactive players will automatically lose when time's up. (requested by mj1707)
|c|☆Sketch Hero|glhf
|
|t:|1743793503
|start
|switch|p1a: Zappy Boi|Galvantula, F|100/100
|switch|p2a: Landorus|Landorus-Therian, M|100/100
|-ability|p2a: Landorus|Intimidate|boost
|-unboost|p1a: Zappy Boi|atk|1
|turn|1
|
|t:|1743793509
|move|p1a: Zappy Boi|Sticky Web|p2a: Landorus
|-sidestart|p2: mj1707|move: Sticky Web
|move|p2a: Landorus|Stone Edge|p1a: Zappy Boi
|-supereffective|p1a: Zappy Boi
|-enditem|p1a: Zappy Boi|Focus Sash
|-damage|p1a: Zappy Boi|1/100
|
|upkeep
|turn|2
|
|t:|1743793521
|switch|p1a: Funny Dog|Walking Wake|100/100
|move|p2a: Landorus|U-turn|p1a: Funny Dog
|-damage|p1a: Funny Dog|70/100
|
|t:|1743793545
|switch|p2a: Rotom|Rotom-Wash|100/100|[from] U-turn
|
|upkeep
|turn|3
|
|t:|1743793559
|move|p1a: Funny Dog|Flip Turn|p2a: Rotom
|-resisted|p2a: Rotom
|-damage|p2a: Rotom|91/100
|
|t:|1743793563
|-end|p1a: Funny Dog|Protosynthesis|[silent]
|switch|p1a: Zappy Boi|Galvantula, F|1/100|[from] Flip Turn
|move|p2a: Rotom|Thunder Wave|p1a: Zappy Boi
|-immune|p1a: Zappy Boi
|
|-heal|p2a: Rotom|97/100|[from] item: Leftovers
|upkeep
|turn|4
|
|t:|1743793581
|move|p1a: Zappy Boi|Bug Buzz|p2a: Rotom
|-damage|p2a: Rotom|47/100
|move|p2a: Rotom|Thunderbolt|p1a: Zappy Boi
|-resisted|p1a: Zappy Boi
|-damage|p1a: Zappy Boi|0 fnt
|faint|p1a: Zappy Boi
|
|-heal|p2a: Rotom|53/100|[from] item: Leftovers
|upkeep
|
|t:|1743793596
|switch|p1a: Big Cheese|Gholdengo|100/100
|-item|p1a: Big Cheese|Air Balloon
|turn|5
|
|t:|1743793603
|move|p2a: Rotom|Hydro Pump|p1a: Big Cheese
|-damage|p1a: Big Cheese|42/100
|-enditem|p1a: Big Cheese|Air Balloon
|move|p1a: Big Cheese|Nasty Plot|p1a: Big Cheese
|-boost|p1a: Big Cheese|spa|2
|
|-heal|p2a: Rotom|59/100|[from] item: Leftovers
|upkeep
|turn|6
|
|t:|1743793626
|switch|p1a: The Knife|Kingambit, F|100/100
|-activate|p1a: The Knife|ability: Supreme Overlord
|-start|p1a: The Knife|fallen1|[silent]
|move|p2a: Rotom|Hydro Pump|p1a: The Knife
|-damage|p1a: The Knife|55/100
|
|-heal|p2a: Rotom|66/100|[from] item: Leftovers
|upkeep
|turn|7
|
|t:|1743793637
|move|p2a: Rotom|Thunder Wave|p1a: The Knife
|-status|p1a: The Knife|par
|move|p1a: The Knife|Kowtow Cleave|p2a: Rotom
|-damage|p2a: Rotom|0 fnt
|faint|p2a: Rotom
|
|upkeep
|
|t:|1743793642
|switch|p2a: Landorus|Landorus-Therian, M|100/100
|-ability|p2a: Landorus|Intimidate|boost
|-unboost|p1a: The Knife|atk|1
|turn|8
|
|t:|1743793649
|-end|p1a: The Knife|fallen1|[silent]
|switch|p1a: Great Tusk|Great Tusk|100/100
|-enditem|p1a: Great Tusk|Booster Energy
|-activate|p1a: Great Tusk|ability: Protosynthesis|[fromitem]
|-start|p1a: Great Tusk|protosynthesisspe
|move|p2a: Landorus|Stealth Rock|p1a: Great Tusk
|-sidestart|p1: Sketch Hero|move: Stealth Rock
|
|upkeep
|turn|9
|
|t:|1743793657
|move|p1a: Great Tusk|Rapid Spin|p2a: Landorus
|-damage|p2a: Landorus|82/100
|-boost|p1a: Great Tusk|spe|1
|-sideend|p1: Sketch Hero|Stealth Rock|[from] move: Rapid Spin|[of] p1a: Great Tusk
|move|p2a: Landorus|U-turn|p1a: Great Tusk
|-resisted|p1a: Great Tusk
|-damage|p1a: Great Tusk|90/100
|
|t:|1743793660
|switch|p2a: Grimmsnarl|Grimmsnarl, M|100/100|[from] U-turn
|-activate|p2a: Grimmsnarl|move: Sticky Web
|-unboost|p2a: Grimmsnarl|spe|1
|
|upkeep
|turn|10
|
|t:|1743793673
|move|p2a: Grimmsnarl|Reflect|p2a: Grimmsnarl
|-sidestart|p2: mj1707|Reflect
|move|p1a: Great Tusk|Headlong Rush|p2a: Grimmsnarl
|-damage|p2a: Grimmsnarl|69/100
|-unboost|p1a: Great Tusk|def|1
|-unboost|p1a: Great Tusk|spd|1
|
|upkeep
|turn|11
|
|t:|1743793684
|move|p1a: Great Tusk|Knock Off|p2a: Grimmsnarl
|-resisted|p2a: Grimmsnarl
|-damage|p2a: Grimmsnarl|64/100
|-enditem|p2a: Grimmsnarl|Light Clay|[from] move: Knock Off|[of] p1a: Great Tusk
|move|p2a: Grimmsnarl|Spirit Break|p1a: Great Tusk
|-supereffective|p1a: Great Tusk
|-damage|p1a: Great Tusk|24/100
|-unboost|p1a: Great Tusk|spa|1
|
|upkeep
|turn|12
|
|t:|1743793692
|move|p1a: Great Tusk|Close Combat|p2a: Grimmsnarl
|-damage|p2a: Grimmsnarl|32/100
|-unboost|p1a: Great Tusk|def|1
|-unboost|p1a: Great Tusk|spd|1
|move|p2a: Grimmsnarl|Spirit Break|p1a: Great Tusk
|-supereffective|p1a: Great Tusk
|-damage|p1a: Great Tusk|0 fnt
|faint|p1a: Great Tusk
|-end|p1a: Great Tusk|Protosynthesis|[silent]
|
|upkeep
|
|t:|1743793701
|switch|p1a: Big Cheese|Gholdengo|42/100
|turn|13
|
|t:|1743793711
|move|p2a: Grimmsnarl|Light Screen|p2a: Grimmsnarl
|-sidestart|p2: mj1707|move: Light Screen
|move|p1a: Big Cheese|Make It Rain|p2a: Grimmsnarl
|-supereffective|p2a: Grimmsnarl
|-damage|p2a: Grimmsnarl|0 fnt
|-unboost|p1a: Big Cheese|spa|1
|faint|p2a: Grimmsnarl
|
|upkeep
|
|t:|1743793716
|switch|p2a: Hatterene|Hatterene, F|100/100
|-activate|p2a: Hatterene|move: Sticky Web
|-unboost|p2a: Hatterene|spe|1
|turn|14
|
|t:|1743793722
|-terastallize|p2a: Hatterene|Water
|move|p1a: Big Cheese|Make It Rain|p2a: Hatterene
|-resisted|p2a: Hatterene
|-damage|p2a: Hatterene|89/100
|-unboost|p1a: Big Cheese|spa|1
|move|p2a: Hatterene|Calm Mind|p2a: Hatterene
|-boost|p2a: Hatterene|spa|1
|-boost|p2a: Hatterene|spd|1
|
|-heal|p2a: Hatterene|95/100|[from] item: Leftovers
|upkeep
|turn|15
|
|t:|1743793736
|switch|p1a: Funny Dog|Walking Wake|70/100
|move|p2a: Hatterene|Calm Mind|p2a: Hatterene
|-boost|p2a: Hatterene|spa|1
|-boost|p2a: Hatterene|spd|1
|
|-heal|p2a: Hatterene|100/100|[from] item: Leftovers
|upkeep
|turn|16
|
|t:|1743793746
|move|p1a: Funny Dog|Flip Turn|p2a: Hatterene
|-resisted|p2a: Hatterene
|-damage|p2a: Hatterene|96/100
|
|t:|1743793749
|-end|p1a: Funny Dog|Protosynthesis|[silent]
|switch|p1a: Zamazenta|Zamazenta|100/100|[from] Flip Turn
|-ability|p1a: Zamazenta|Dauntless Shield|boost
|-boost|p1a: Zamazenta|def|1
|move|p2a: Hatterene|Draining Kiss|p1a: Zamazenta
|-supereffective|p1a: Zamazenta
|-damage|p1a: Zamazenta|0 fnt
|-heal|p2a: Hatterene|100/100|[from] drain|[of] p1a: Zamazenta
|faint|p1a: Zamazenta
|
|upkeep
|
|t:|1743793758
|switch|p1a: The Knife|Kingambit, F|55/100 par
|-activate|p1a: The Knife|ability: Supreme Overlord
|-start|p1a: The Knife|fallen3|[silent]
|turn|17
|
|t:|1743793763
|-terastallize|p1a: The Knife|Ghost
|move|p1a: The Knife|Kowtow Cleave|p2a: Hatterene
|-damage|p2a: Hatterene|55/100
|move|p2a: Hatterene|Draining Kiss|p1a: The Knife
|-damage|p1a: The Knife|0 fnt
|-heal|p2a: Hatterene|100/100|[from] drain|[of] p1a: The Knife
|faint|p1a: The Knife
|-end|p1a: The Knife|fallen3|[silent]
|
|-sideend|p2: mj1707|Reflect
|-sideend|p2: mj1707|move: Light Screen
|upkeep
|
|t:|1743793772
|switch|p1a: Big Cheese|Gholdengo|42/100
|turn|18
|
|t:|1743793775
|move|p1a: Big Cheese|Make It Rain|p2a: Hatterene
|-resisted|p2a: Hatterene
|-damage|p2a: Hatterene|85/100
|-unboost|p1a: Big Cheese|spa|1
|move|p2a: Hatterene|Draining Kiss|p1a: Big Cheese
|-resisted|p1a: Big Cheese
|-damage|p1a: Big Cheese|9/100
|-heal|p2a: Hatterene|100/100|[from] drain|[of] p1a: Big Cheese
|
|upkeep
|turn|19
|
|t:|1743793785
|move|p1a: Big Cheese|Shadow Ball|p2a: Hatterene
|-damage|p2a: Hatterene|87/100
|-unboost|p2a: Hatterene|spd|1
|move|p2a: Hatterene|Draining Kiss|p1a: Big Cheese
|-resisted|p1a: Big Cheese
|-damage|p1a: Big Cheese|0 fnt
|-heal|p2a: Hatterene|94/100|[from] drain|[of] p1a: Big Cheese
|faint|p1a: Big Cheese
|
|-heal|p2a: Hatterene|99/100|[from] item: Leftovers
|upkeep
|
|t:|1743793796
|switch|p1a: Funny Dog|Walking Wake|70/100
|turn|20
|
|t:|1743793798
|move|p1a: Funny Dog|Draco Meteor|p2a: Hatterene|[miss]
|-miss|p1a: Funny Dog|p2a: Hatterene
|move|p2a: Hatterene|Draining Kiss|p1a: Funny Dog
|-supereffective|p1a: Funny Dog
|-damage|p1a: Funny Dog|0 fnt
|-heal|p2a: Hatterene|100/100|[from] drain|[of] p1a: Funny Dog
|faint|p1a: Funny Dog
|-end|p1a: Funny Dog|Protosynthesis|[silent]
|
|win|mj1707
|raw|Sketch Hero's rating: 1424 &rarr; <strong>1404</strong><br />(-20 for losing)
|raw|mj1707's rating: 1416 &rarr; <strong>1436</strong><br />(+20 for winning)
|c|☆Sketch Hero|gg
|l|☆mj1707
|player|p2|
|l|☆Sketch Hero
|player|p1|
