|j|☆Vince1314
|j|☆Aurum Hyperstein
|t:|1743807422
|gametype|singles
|player|p1|Vince1314|1|1548
|player|p2|Aurum Hyperstein|colress|1587
|teamsize|p1|6
|teamsize|p2|6
|gen|9
|tier|[Gen 9] OU
|rated|
|rule|HP Percentage Mod: HP is shown in percentages
|rule|Endless Battle Clause: Forcing endless battles is banned
|rule|Species Clause: Limit one of each Pokémon
|rule|OHKO Clause: OHKO moves are banned
|rule|Evasion Items Clause: Evasion items are banned
|rule|Evasion Moves Clause: Evasion moves are banned
|rule|Sleep Moves Clause: Sleep-inducing moves are banned
|clearpoke
|poke|p1|Dragonite, M|
|poke|p1|Pelipper, M|
|poke|p1|Floatzel, M|
|poke|p1|Iron Treads|
|poke|p1|Volcanion|
|poke|p1|Kingambit, M|
|poke|p2|Corviknight, M|
|poke|p2|Primarina, F|
|poke|p2|Ting-Lu|
|poke|p2|Kingambit, M|
|poke|p2|Dragonite, F|
|poke|p2|Ogerpon-Wellspring, F|
|teampreview
|inactive|Battle timer is ON: inactive players will automatically lose when time's up. (requested by Aurum Hyperstein)
|
|t:|1743807429
|start
|switch|p1a: Pelipper|Pelipper, M|100/100
|switch|p2a: Dragonite|Dragonite, F|100/100
|-weather|RainDance|[from] ability: Drizzle|[of] p1a: Pelipper
|turn|1
|
|t:|1743807442
|move|p2a: Dragonite|Dragon Dance|p2a: Dragonite
|-boost|p2a: Dragonite|atk|1
|-boost|p2a: Dragonite|spe|1
|move|p1a: Pelipper|U-turn|p2a: Dragonite
|-resisted|p2a: Dragonite
|-damage|p2a: Dragonite|98/100
|
|t:|1743807448
|switch|p1a: Dragonite|Dragonite, M|100/100|[from] U-turn
|
|-weather|RainDance|[upkeep]
|-heal|p2a: Dragonite|100/100|[from] item: Leftovers
|upkeep
|turn|2
|
|t:|1743807453
|move|p2a: Dragonite|Extreme Speed|p1a: Dragonite
|-damage|p1a: Dragonite|77/100
|move|p1a: Dragonite|Ice Beam|p2a: Dragonite
|-supereffective|p2a: Dragonite
|-damage|p2a: Dragonite|57/100
|
|-weather|RainDance|[upkeep]
|-heal|p2a: Dragonite|63/100|[from] item: Leftovers
|upkeep
|turn|3
|
|t:|1743807462
|-terastallize|p2a: Dragonite|Normal
|move|p1a: Dragonite|Ice Beam|p2a: Dragonite
|-damage|p2a: Dragonite|40/100
|move|p2a: Dragonite|Roost|p2a: Dragonite
|-heal|p2a: Dragonite|90/100
|
|-weather|RainDance|[upkeep]
|-heal|p2a: Dragonite|96/100|[from] item: Leftovers
|upkeep
|turn|4
|
|t:|1743807471
|move|p1a: Dragonite|Thunder|p2a: Dragonite
|-damage|p2a: Dragonite|70/100
|move|p2a: Dragonite|Dragon Dance|p2a: Dragonite
|-boost|p2a: Dragonite|atk|1
|-boost|p2a: Dragonite|spe|1
|
|-weather|RainDance|[upkeep]
|-heal|p2a: Dragonite|76/100|[from] item: Leftovers
|upkeep
|turn|5
|
|t:|1743807479
|move|p2a: Dragonite|Hurricane|p1a: Dragonite
|-damage|p1a: Dragonite|30/100
|-start|p1a: Dragonite|confusion
|-activate|p1a: Dragonite|confusion
|-damage|p1a: Dragonite|19/100|[from] confusion
|
|-weather|RainDance|[upkeep]
|-heal|p2a: Dragonite|82/100|[from] item: Leftovers
|upkeep
|turn|6
|
|t:|1743807487
|switch|p1a: Kingambit|Kingambit, M|100/100
|move|p2a: Dragonite|Extreme Speed|p1a: Kingambit
|-resisted|p1a: Kingambit
|-damage|p1a: Kingambit|71/100
|
|-weather|RainDance|[upkeep]
|-heal|p2a: Dragonite|89/100|[from] item: Leftovers
|-heal|p1a: Kingambit|77/100|[from] item: Leftovers
|upkeep
|turn|7
|
|t:|1743807499
|switch|p2a: Corviknight|Corviknight, M|100/100
|-ability|p2a: Corviknight|Pressure
|move|p1a: Kingambit|Low Kick|p2a: Corviknight
|-damage|p2a: Corviknight|83/100
|-damage|p1a: Kingambit|60/100|[from] item: Rocky Helmet|[of] p2a: Corviknight
|
|-weather|RainDance|[upkeep]
|-heal|p1a: Kingambit|66/100|[from] item: Leftovers
|upkeep
|turn|8
|
|t:|1743807509
|move|p2a: Corviknight|U-turn|p1a: Kingambit
|-damage|p1a: Kingambit|57/100
|
|t:|1743807512
|switch|p2a: Ting-Lu|Ting-Lu|100/100|[from] U-turn
|-ability|p2a: Ting-Lu|Vessel of Ruin
|move|p1a: Kingambit|Kowtow Cleave|p2a: Ting-Lu
|-resisted|p2a: Ting-Lu
|-damage|p2a: Ting-Lu|92/100
|
|-weather|none
|-heal|p1a: Kingambit|63/100|[from] item: Leftovers
|-heal|p2a: Ting-Lu|99/100|[from] item: Leftovers
|upkeep
|turn|9
|
|t:|1743807523
|-end|p1a: Kingambit|fallenundefined|[silent]
|switch|p1a: Pelipper|Pelipper, M|100/100
|-weather|RainDance|[from] ability: Drizzle|[of] p1a: Pelipper
|move|p2a: Ting-Lu|Rock Slide|p1a: Pelipper
|-supereffective|p1a: Pelipper
|-damage|p1a: Pelipper|74/100
|
|-weather|RainDance|[upkeep]
|-heal|p2a: Ting-Lu|100/100|[from] item: Leftovers
|upkeep
|turn|10
|
|t:|1743807532
|move|p1a: Pelipper|U-turn|p2a: Ting-Lu
|-supereffective|p2a: Ting-Lu
|-damage|p2a: Ting-Lu|93/100
|
|t:|1743807542
|switch|p1a: Volcanion|Volcanion|100/100|[from] U-turn
|move|p2a: Ting-Lu|Rock Slide|p1a: Volcanion
|-supereffective|p1a: Volcanion
|-damage|p1a: Volcanion|69/100
|
|-weather|RainDance|[upkeep]
|-heal|p2a: Ting-Lu|99/100|[from] item: Leftovers
|upkeep
|turn|11
|
|t:|1743807550
|switch|p2a: Ogerpon|Ogerpon-Wellspring, F|100/100
|move|p1a: Volcanion|Sludge Wave|p2a: Ogerpon
|-supereffective|p2a: Ogerpon
|-damage|p2a: Ogerpon|21/100
|
|-weather|RainDance|[upkeep]
|upkeep
|turn|12
|
|t:|1743807559
|switch|p2a: Ting-Lu|Ting-Lu|99/100
|-ability|p2a: Ting-Lu|Vessel of Ruin
|move|p1a: Volcanion|Steam Eruption|p2a: Ting-Lu
|-supereffective|p2a: Ting-Lu
|-damage|p2a: Ting-Lu|10/100
|
|-weather|RainDance|[upkeep]
|-heal|p2a: Ting-Lu|16/100|[from] item: Leftovers
|upkeep
|turn|13
|
|t:|1743807569
|switch|p2a: Ogerpon|Ogerpon-Wellspring, F|21/100
|move|p1a: Volcanion|Sludge Wave|p2a: Ogerpon
|-supereffective|p2a: Ogerpon
|-damage|p2a: Ogerpon|0 fnt
|faint|p2a: Ogerpon
|
|-weather|RainDance|[upkeep]
|upkeep
|
|t:|1743807574
|switch|p2a: Dragonite|Dragonite, F, tera:Normal|89/100
|turn|14
|
|t:|1743807579
|switch|p1a: Kingambit|Kingambit, M|63/100
|move|p2a: Dragonite|Extreme Speed|p1a: Kingambit
|-resisted|p1a: Kingambit
|-damage|p1a: Kingambit|49/100
|
|-weather|RainDance|[upkeep]
|-heal|p2a: Dragonite|95/100|[from] item: Leftovers
|-heal|p1a: Kingambit|55/100|[from] item: Leftovers
|upkeep
|turn|15
|
|t:|1743807588
|switch|p2a: Corviknight|Corviknight, M|83/100
|-ability|p2a: Corviknight|Pressure
|-end|p1a: Kingambit|fallenundefined|[silent]
|switch|p1a: Volcanion|Volcanion|69/100
|
|-weather|RainDance|[upkeep]
|upkeep
|turn|16
|
|t:|1743807596
|move|p1a: Volcanion|Steam Eruption|p2a: Corviknight
|-damage|p2a: Corviknight|11/100
|move|p2a: Corviknight|U-turn|p1a: Volcanion
|-resisted|p1a: Volcanion
|-damage|p1a: Volcanion|63/100
|
|t:|1743807600
|switch|p2a: Dragonite|Dragonite, F, tera:Normal|95/100|[from] U-turn
|
|-weather|none
|-heal|p2a: Dragonite|100/100|[from] item: Leftovers
|upkeep
|turn|17
|
|t:|1743807606
|switch|p1a: Pelipper|Pelipper, M|74/100
|-weather|RainDance|[from] ability: Drizzle|[of] p1a: Pelipper
|move|p2a: Dragonite|Dragon Dance|p2a: Dragonite
|-boost|p2a: Dragonite|atk|1
|-boost|p2a: Dragonite|spe|1
|
|-weather|RainDance|[upkeep]
|upkeep
|turn|18
|
|t:|1743807613
|move|p2a: Dragonite|Extreme Speed|p1a: Pelipper
|-damage|p1a: Pelipper|27/100
|move|p1a: Pelipper|U-turn|p2a: Dragonite
|-damage|p2a: Dragonite|96/100
|
|t:|1743807619
|switch|p1a: Kingambit|Kingambit, M|55/100|[from] U-turn
|
|-weather|RainDance|[upkeep]
|-heal|p2a: Dragonite|100/100|[from] item: Leftovers
|-heal|p1a: Kingambit|62/100|[from] item: Leftovers
|upkeep
|turn|19
|
|t:|1743807627
|move|p2a: Dragonite|Hurricane|p1a: Kingambit
|-resisted|p1a: Kingambit
|-damage|p1a: Kingambit|47/100
|move|p1a: Kingambit|Kowtow Cleave|p2a: Dragonite
|-damage|p2a: Dragonite|83/100
|
|-weather|RainDance|[upkeep]
|-heal|p2a: Dragonite|89/100|[from] item: Leftovers
|-heal|p1a: Kingambit|53/100|[from] item: Leftovers
|upkeep
|turn|20
|
|t:|1743807636
|move|p2a: Dragonite|Hurricane|p1a: Kingambit
|-resisted|p1a: Kingambit
|-damage|p1a: Kingambit|39/100
|move|p1a: Kingambit|Low Kick|p2a: Dragonite
|-supereffective|p2a: Dragonite
|-damage|p2a: Dragonite|15/100
|
|-weather|RainDance|[upkeep]
|-heal|p2a: Dragonite|21/100|[from] item: Leftovers
|-heal|p1a: Kingambit|45/100|[from] item: Leftovers
|upkeep
|turn|21
|
|t:|1743807645
|move|p2a: Dragonite|Hurricane|p1a: Kingambit
|-resisted|p1a: Kingambit
|-damage|p1a: Kingambit|30/100
|-start|p1a: Kingambit|confusion
|-activate|p1a: Kingambit|confusion
|move|p1a: Kingambit|Low Kick|p2a: Dragonite
|-supereffective|p2a: Dragonite
|-damage|p2a: Dragonite|0 fnt
|faint|p2a: Dragonite
|
|-weather|RainDance|[upkeep]
|-heal|p1a: Kingambit|36/100|[from] item: Leftovers
|upkeep
|
|t:|1743807649
|switch|p2a: Corviknight|Corviknight, M|11/100
|-ability|p2a: Corviknight|Pressure
|turn|22
|
|t:|1743807659
|-end|p1a: Kingambit|fallenundefined|[silent]
|switch|p1a: Floatzel|Floatzel, M|100/100
|move|p2a: Corviknight|Roost|p2a: Corviknight
|-heal|p2a: Corviknight|61/100
|-singleturn|p2a: Corviknight|move: Roost
|
|-weather|RainDance|[upkeep]
|upkeep
|turn|23
|
|t:|1743807666
|move|p1a: Floatzel|Wave Crash|p2a: Corviknight
|-damage|p2a: Corviknight|0 fnt
|-damage|p1a: Floatzel|84/100|[from] item: Rocky Helmet|[of] p2a: Corviknight
|faint|p2a: Corviknight
|-damage|p1a: Floatzel|58/100|[from] Recoil
|
|-weather|RainDance|[upkeep]
|upkeep
|
|t:|1743807674
|switch|p2a: Primarina|Primarina, F|100/100
|turn|24
|
|t:|1743807679
|switch|p1a: Volcanion|Volcanion|63/100
|move|p2a: Primarina|Calm Mind|p2a: Primarina
|-boost|p2a: Primarina|spa|1
|-boost|p2a: Primarina|spd|1
|
|-weather|none
|upkeep
|turn|25
|
|t:|1743807685
|switch|p2a: Ting-Lu|Ting-Lu|16/100
|-ability|p2a: Ting-Lu|Vessel of Ruin
|move|p1a: Volcanion|Sludge Wave|p2a: Ting-Lu
|-resisted|p2a: Ting-Lu
|-damage|p2a: Ting-Lu|8/100
|
|-heal|p2a: Ting-Lu|14/100|[from] item: Leftovers
|upkeep
|turn|26
|
|t:|1743807694
|switch|p2a: Primarina|Primarina, F|100/100
|move|p1a: Volcanion|Steam Eruption|p2a: Primarina
|-resisted|p2a: Primarina
|-damage|p2a: Primarina|75/100
|
|-heal|p2a: Primarina|81/100|[from] item: Leftovers
|upkeep
|turn|27
|
|t:|1743807702
|switch|p2a: Ting-Lu|Ting-Lu|14/100
|-ability|p2a: Ting-Lu|Vessel of Ruin
|move|p1a: Volcanion|Earth Power|p2a: Ting-Lu
|-damage|p2a: Ting-Lu|0 fnt
|faint|p2a: Ting-Lu
|
|upkeep
|
|t:|1743807705
|switch|p2a: Kingambit|Kingambit, M|100/100
|-activate|p2a: Kingambit|ability: Supreme Overlord
|-start|p2a: Kingambit|fallen4|[silent]
|turn|28
|
|t:|1743807712
|move|p2a: Kingambit|Sucker Punch|p1a: Volcanion
|-damage|p1a: Volcanion|2/100
|move|p1a: Volcanion|Steam Eruption|p2a: Kingambit|[miss]
|-miss|p1a: Volcanion|p2a: Kingambit
|
|upkeep
|turn|29
|
|t:|1743807718
|move|p2a: Kingambit|Sucker Punch|p1a: Volcanion
|-damage|p1a: Volcanion|0 fnt
|faint|p1a: Volcanion
|
|upkeep
|
|t:|1743807723
|switch|p1a: Kingambit|Kingambit, M|36/100
|-activate|p1a: Kingambit|ability: Supreme Overlord
|-start|p1a: Kingambit|fallen1|[silent]
|turn|30
|
|t:|1743807729
|move|p2a: Kingambit|Sucker Punch|p1a: Kingambit
|-resisted|p1a: Kingambit
|-damage|p1a: Kingambit|10/100
|move|p1a: Kingambit|Low Kick|p2a: Kingambit
|-supereffective|p2a: Kingambit
|-crit|p2a: Kingambit
|-damage|p2a: Kingambit|0 fnt
|faint|p2a: Kingambit
|-end|p2a: Kingambit|fallen4|[silent]
|
|-heal|p1a: Kingambit|16/100|[from] item: Leftovers
|upkeep
|
|t:|1743807731
|switch|p2a: Primarina|Primarina, F|81/100
|turn|31
|
|t:|1743807739
|move|p2a: Primarina|Draining Kiss|p1a: Kingambit
|-damage|p1a: Kingambit|0 fnt
|-heal|p2a: Primarina|96/100|[from] drain|[of] p1a: Kingambit
|faint|p1a: Kingambit
|-end|p1a: Kingambit|fallen1|[silent]
|
|-heal|p2a: Primarina|100/100|[from] item: Leftovers
|upkeep
|
|t:|1743807746
|switch|p1a: Iron Treads|Iron Treads|100/100
|-enditem|p1a: Iron Treads|Booster Energy
|-activate|p1a: Iron Treads|ability: Quark Drive|[fromitem]
|-start|p1a: Iron Treads|quarkdrivespe
|turn|32
|
|t:|1743807752
|move|p1a: Iron Treads|Earthquake|p2a: Primarina
|-damage|p2a: Primarina|52/100
|move|p2a: Primarina|Calm Mind|p2a: Primarina
|-boost|p2a: Primarina|spa|1
|-boost|p2a: Primarina|spd|1
|
|-heal|p2a: Primarina|58/100|[from] item: Leftovers
|upkeep
|turn|33
|
|t:|1743807758
|move|p1a: Iron Treads|Earthquake|p2a: Primarina
|-damage|p2a: Primarina|6/100
|move|p2a: Primarina|Hydro Pump|p1a: Iron Treads
|-supereffective|p1a: Iron Treads
|-damage|p1a: Iron Treads|0 fnt
|faint|p1a: Iron Treads
|-end|p1a: Iron Treads|Quark Drive|[silent]
|
|-heal|p2a: Primarina|12/100|[from] item: Leftovers
|upkeep
|-message|Aurum Hyperstein forfeited.
|
|win|Vince1314
|raw|Vince1314's rating: 1548 &rarr; <strong>1570</strong><br />(+22 for winning)
|raw|Aurum Hyperstein's rating: 1587 &rarr; <strong>1565</strong><br />(-22 for losing)
|l|☆Aurum Hyperstein
|player|p2|
|c|☆Vince1314|gg
|l|☆Vince1314
|player|p1|
