|j|☆flan727
|j|☆Blackmamba2424
|t:|1743912365
|gametype|singles
|player|p1|flan727|unknownf|1501
|player|p2|Blackmamba2424|cynthia-gen4|1499
|teamsize|p1|6
|teamsize|p2|6
|gen|9
|tier|[Gen 9] OU
|rated|
|rule|HP Percentage Mod: HP is shown in percentages
|rule|Endless Battle Clause: Forcing endless battles is banned
|rule|Species Clause: Limit one of each Pokémon
|rule|OHKO Clause: OHKO moves are banned
|rule|Evasion Items Clause: Evasion items are banned
|rule|Evasion Moves Clause: Evasion moves are banned
|rule|Sleep Moves Clause: Sleep-inducing moves are banned
|clearpoke
|poke|p1|Indeedee, M|
|poke|p1|Polteageist-Antique|
|poke|p1|Hatterene, F|
|poke|p1|Maushold-Four|
|poke|p1|Blaziken, M|
|poke|p1|Iron Boulder|
|poke|p2|Landorus-Therian, M|
|poke|p2|Zamazenta-*|
|poke|p2|Ogerpon-Wellspring, F|
|poke|p2|Kingambit, F|
|poke|p2|Raging Bolt|
|poke|p2|Iron Valiant|
|teampreview
|inactive|Battle timer is ON: inactive players will automatically lose when time's up. (requested by flan727)
|
|t:|1743912380
|start
|switch|p1a: publ|Indeedee, M|100/100
|switch|p2a: Landorus|Landorus-Therian, M|100/100
|-ability|p2a: Landorus|Intimidate|boost
|-unboost|p1a: publ|atk|1
|-fieldstart|move: Psychic Terrain|[from] ability: Psychic Surge|[of] p1a: publ
|turn|1
|
|t:|1743912386
|switch|p1a: cool hat|Hatterene, F, shiny|100/100
|move|p2a: Landorus|Earthquake|p1a: cool hat
|-damage|p1a: cool hat|52/100
|-enditem|p1a: cool hat|Eject Button
|
|t:|1743912395
|switch|p1a: oolong tea|Polteageist-Antique, shiny|100/100
|
|upkeep
|turn|2
|
|t:|1743912399
|move|p2a: Landorus|Earthquake|p1a: oolong tea
|-enditem|p1a: oolong tea|Focus Sash
|-damage|p1a: oolong tea|1/100
|-ability|p1a: oolong tea|Weak Armor|boost
|-unboost|p1a: oolong tea|def|1
|-boost|p1a: oolong tea|spe|2
|move|p1a: oolong tea|Shell Smash|p1a: oolong tea
|-unboost|p1a: oolong tea|def|1
|-unboost|p1a: oolong tea|spd|1
|-boost|p1a: oolong tea|atk|2
|-boost|p1a: oolong tea|spa|2
|-boost|p1a: oolong tea|spe|2
|
|upkeep
|turn|3
|
|t:|1743912409
|move|p1a: oolong tea|Stored Power|p2a: Landorus
|-damage|p2a: Landorus|0 fnt
|faint|p2a: Landorus
|
|upkeep
|
|t:|1743912420
|switch|p2a: Raging Bolt|Raging Bolt|100/100
|-enditem|p2a: Raging Bolt|Booster Energy
|-activate|p2a: Raging Bolt|ability: Protosynthesis|[fromitem]
|-start|p2a: Raging Bolt|protosynthesisspa
|turn|4
|
|t:|1743912428
|move|p1a: oolong tea|Stored Power|p2a: Raging Bolt
|-damage|p2a: Raging Bolt|0 fnt
|faint|p2a: Raging Bolt
|-end|p2a: Raging Bolt|Protosynthesis|[silent]
|
|upkeep
|
|t:|1743912431
|switch|p2a: Kingambit|Kingambit, F|100/100
|-activate|p2a: Kingambit|ability: Supreme Overlord
|-start|p2a: Kingambit|fallen2|[silent]
|turn|5
|
|t:|1743912435
|-terastallize|p1a: oolong tea|Fighting
|-terastallize|p2a: Kingambit|Ghost
|move|p1a: oolong tea|Tera Blast|p2a: Kingambit|[anim] Tera Blast Fighting
|-immune|p2a: Kingambit
|move|p2a: Kingambit|Kowtow Cleave|p1a: oolong tea
|-resisted|p1a: oolong tea
|-damage|p1a: oolong tea|0 fnt
|faint|p1a: oolong tea
|
|upkeep
|
|t:|1743912448
|switch|p1a: kfc|Blaziken, M|100/100
|turn|6
|
|t:|1743912457
|-end|p2a: Kingambit|fallen2|[silent]
|switch|p2a: Zamazenta|Zamazenta|100/100
|-ability|p2a: Zamazenta|Dauntless Shield|boost
|-boost|p2a: Zamazenta|def|1
|move|p1a: kfc|Swords Dance|p1a: kfc
|-boost|p1a: kfc|atk|2
|
|-ability|p1a: kfc|Speed Boost|boost
|-boost|p1a: kfc|spe|1
|upkeep
|turn|7
|
|t:|1743912471
|move|p1a: kfc|Swords Dance|p1a: kfc
|-boost|p1a: kfc|atk|2
|move|p2a: Zamazenta|Iron Defense|p2a: Zamazenta
|-boost|p2a: Zamazenta|def|2
|
|-ability|p1a: kfc|Speed Boost|boost
|-boost|p1a: kfc|spe|1
|upkeep
|turn|8
|
|t:|1743912486
|move|p1a: kfc|Close Combat|p2a: Zamazenta
|-damage|p2a: Zamazenta|54/100
|-unboost|p1a: kfc|def|1
|-unboost|p1a: kfc|spd|1
|move|p2a: Zamazenta|Body Press|p1a: kfc
|-damage|p1a: kfc|0 fnt
|faint|p1a: kfc
|
|-heal|p2a: Zamazenta|61/100|[from] item: Leftovers
|-fieldend|move: Psychic Terrain
|upkeep
|
|t:|1743912491
|switch|p1a: cool hat|Hatterene, F, shiny|52/100
|turn|9
|
|t:|1743912502
|move|p2a: Zamazenta|Body Press|p1a: cool hat
|-resisted|p1a: cool hat
|-damage|p1a: cool hat|28/100
|move|p1a: cool hat|Expanding Force|p2a: Zamazenta
|-supereffective|p2a: Zamazenta
|-damage|p2a: Zamazenta|0 fnt
|faint|p2a: Zamazenta
|
|upkeep
|
|t:|1743912512
|switch|p2a: Ogerpon|Ogerpon-Wellspring, F|100/100
|turn|10
|
|t:|1743912516
|switch|p1a: publ|Indeedee, M|100/100
|-fieldstart|move: Psychic Terrain|[from] ability: Psychic Surge|[of] p1a: publ
|move|p2a: Ogerpon|Ivy Cudgel|p1a: publ|[anim] Ivy Cudgel Water
|-damage|p1a: publ|0 fnt
|faint|p1a: publ
|
|upkeep
|
|t:|1743912518
|switch|p1a: 4v1|Maushold-Four, shiny|100/100
|turn|11
|
|t:|1743912525
|move|p1a: 4v1|Tidy Up|p1a: 4v1
|-boost|p1a: 4v1|atk|1
|-boost|p1a: 4v1|spe|1
|move|p2a: Ogerpon|Ivy Cudgel|p1a: 4v1|[anim] Ivy Cudgel Water
|-damage|p1a: 4v1|5/100
|
|upkeep
|turn|12
|
|t:|1743912532
|move|p1a: 4v1|Population Bomb|p2a: Ogerpon
|-damage|p2a: Ogerpon|79/100
|-damage|p2a: Ogerpon|57/100
|-damage|p2a: Ogerpon|35/100
|-damage|p2a: Ogerpon|12/100
|-damage|p2a: Ogerpon|0 fnt
|faint|p2a: Ogerpon
|-hitcount|p2: Ogerpon|5
|
|upkeep
|
|t:|1743912535
|switch|p2a: Kingambit|Kingambit, F, tera:Ghost|100/100
|-activate|p2a: Kingambit|ability: Supreme Overlord
|-start|p2a: Kingambit|fallen4|[silent]
|turn|13
|
|t:|1743912542
|move|p1a: 4v1|Bite|p2a: Kingambit
|-supereffective|p2a: Kingambit
|-damage|p2a: Kingambit|50/100
|move|p2a: Kingambit|Kowtow Cleave|p1a: 4v1
|-damage|p1a: 4v1|0 fnt
|faint|p1a: 4v1
|
|upkeep
|
|t:|1743912546
|switch|p1a: rock guy|Iron Boulder|100/100
|-enditem|p1a: rock guy|Booster Energy
|-activate|p1a: rock guy|ability: Quark Drive|[fromitem]
|-start|p1a: rock guy|quarkdrivespe
|turn|14
|
|t:|1743912553
|move|p1a: rock guy|Zen Headbutt|p2a: Kingambit
|-damage|p2a: Kingambit|14/100
|move|p2a: Kingambit|Kowtow Cleave|p1a: rock guy
|-supereffective|p1a: rock guy
|-damage|p1a: rock guy|0 fnt
|faint|p1a: rock guy
|-end|p1a: rock guy|Quark Drive|[silent]
|
|upkeep
|-message|flan727 forfeited.
|
|win|Blackmamba2424
|raw|flan727's rating: 1501 &rarr; <strong>1481</strong><br />(-20 for losing)
|raw|Blackmamba2424's rating: 1499 &rarr; <strong>1519</strong><br />(+20 for winning)
|l|☆flan727
|player|p1|
|l|☆Blackmamba2424
|player|p2|
