|j|☆hachan247
|j|☆stenchclassic
|t:|1743929032
|gametype|singles
|player|p1|hachan247|265|1186
|player|p2|stenchclassic|266|1255
|teamsize|p1|6
|teamsize|p2|6
|gen|9
|tier|[Gen 9] OU
|rated|
|rule|HP Percentage Mod: HP is shown in percentages
|rule|Endless Battle Clause: Forcing endless battles is banned
|rule|Species Clause: Limit one of each Pokémon
|rule|OHKO Clause: OHKO moves are banned
|rule|Evasion Items Clause: Evasion items are banned
|rule|Evasion Moves Clause: Evasion moves are banned
|rule|Sleep Moves Clause: Sleep-inducing moves are banned
|clearpoke
|poke|p1|Walking Wake|
|poke|p1|Meowscarada, M|
|poke|p1|Landorus-Therian, M|
|poke|p1|Hitmonlee, M|
|poke|p1|Slowking-Galar, F|
|poke|p1|Cinderace, F|
|poke|p2|Kingambit, M|
|poke|p2|Smeargle, F|
|poke|p2|Serperior, F|
|poke|p2|Malamar, F|
|poke|p2|Pecharunt|
|poke|p2|Raging Bolt|
|teampreview
|inactive|Battle timer is ON: inactive players will automatically lose when time's up. (requested by hachan247)
|
|t:|1743929052
|start
|switch|p1a: Cinderace|Cinderace, F|100/100
|switch|p2a: Smeargle|Smeargle, F|100/100
|turn|1
|
|t:|1743929061
|move|p1a: Cinderace|U-turn|p2a: Smeargle
|-damage|p2a: Smeargle|54/100
|
|t:|1743929064
|switch|p1a: Meowscarada|Meowscarada, M, shiny|100/100|[from] U-turn
|move|p2a: Smeargle|Sticky Web|p1a: Meowscarada
|-sidestart|p1: hachan247|move: Sticky Web
|
|upkeep
|turn|2
|
|t:|1743929074
|move|p2a: Smeargle|Burning Bulwark|p2a: Smeargle
|-singleturn|p2a: Smeargle|move: Protect
|move|p1a: Meowscarada|Flower Trick|p2a: Smeargle
|-start|p1a: Meowscarada|typechange|Grass|[from] ability: Protean
|-activate|p2a: Smeargle|move: Protect
|
|upkeep
|turn|3
|
|t:|1743929082
|switch|p2a: Pecharunt|Pecharunt|100/100
|move|p1a: Meowscarada|Flower Trick|p2a: Pecharunt
|-resisted|p2a: Pecharunt
|-crit|p2a: Pecharunt
|-damage|p2a: Pecharunt|90/100
|
|upkeep
|turn|4
|
|t:|1743929101
|switch|p1a: Cinderace|Cinderace, F|100/100
|move|p2a: Pecharunt|Parting Shot|p1a: Cinderace
|-unboost|p1a: Cinderace|atk|1
|-unboost|p1a: Cinderace|spa|1
|
|t:|1743929115
|switch|p2a: Smeargle|Smeargle, F|54/100|[from] Parting Shot
|
|upkeep
|turn|5
|
|t:|1743929121
|move|p2a: Smeargle|Burning Bulwark|p2a: Smeargle
|-singleturn|p2a: Smeargle|move: Protect
|move|p1a: Cinderace|Court Change|p1a: Cinderace
|-swapsideconditions
|-activate|p1a: Cinderace|move: Court Change
|
|upkeep
|turn|6
|
|t:|1743929126
|move|p1a: Cinderace|Pyro Ball|p2a: Smeargle|[miss]
|-miss|p1a: Cinderace|p2a: Smeargle
|move|p2a: Smeargle|Sticky Web|p1a: Cinderace
|-sidestart|p1: hachan247|move: Sticky Web
|
|upkeep
|turn|7
|
|t:|1743929140
|move|p1a: Cinderace|U-turn|p2a: Smeargle
|-damage|p2a: Smeargle|24/100
|
|t:|1743929144
|switch|p1a: Slowking|Slowking-Galar, F|100/100|[from] U-turn
|move|p2a: Smeargle|Roar|p1a: Slowking
|drag|p1a: Walking Wake|Walking Wake|100/100
|-activate|p1a: Walking Wake|move: Sticky Web
|-unboost|p1a: Walking Wake|spe|1
|
|upkeep
|turn|8
|
|t:|1743929154
|move|p1a: Walking Wake|Flip Turn|p2a: Smeargle
|-damage|p2a: Smeargle|0 fnt
|faint|p2a: Smeargle
|
|t:|1743929177
|-end|p1a: Walking Wake|Protosynthesis|[silent]
|switch|p1a: Cinderace|Cinderace, F|100/100|[from] Flip Turn
|
|upkeep
|
|t:|1743929187
|switch|p2a: Kingambit|Kingambit, M|100/100
|-activate|p2a: Kingambit|move: Sticky Web
|-unboost|p2a: Kingambit|spe|1
|-ability|p2a: Kingambit|Defiant|boost
|-boost|p2a: Kingambit|atk|2
|turn|9
|
|t:|1743929193
|-terastallize|p2a: Kingambit|Fairy
|move|p1a: Cinderace|Will-O-Wisp|p2a: Kingambit
|-status|p2a: Kingambit|brn
|move|p2a: Kingambit|Swords Dance|p2a: Kingambit
|-boost|p2a: Kingambit|atk|2
|
|-damage|p2a: Kingambit|94/100 brn|[from] brn
|upkeep
|turn|10
|
|t:|1743929199
|switch|p1a: Landorus|Landorus-Therian, M|100/100
|-ability|p1a: Landorus|Intimidate|boost
|-unboost|p2a: Kingambit|atk|1
|-ability|p2a: Kingambit|Defiant|boost
|-boost|p2a: Kingambit|atk|2
|move|p2a: Kingambit|Kowtow Cleave|p1a: Landorus
|-damage|p1a: Landorus|23/100
|-damage|p2a: Kingambit|78/100 brn|[from] item: Rocky Helmet|[of] p1a: Landorus
|-damage|p2a: Kingambit|68/100 brn|[from] item: Life Orb
|
|-damage|p2a: Kingambit|62/100 brn|[from] brn
|upkeep
|turn|11
|
|t:|1743929215
|move|p2a: Kingambit|Sucker Punch||[still]
|-fail|p2a: Kingambit
|move|p1a: Landorus|Stealth Rock|p2a: Kingambit
|-sidestart|p2: stenchclassic|move: Stealth Rock
|
|-damage|p2a: Kingambit|55/100 brn|[from] brn
|upkeep
|turn|12
|
|t:|1743929221
|move|p1a: Landorus|Earth Power|p2a: Kingambit
|-damage|p2a: Kingambit|27/100 brn
|move|p2a: Kingambit|Kowtow Cleave|p1a: Landorus
|-damage|p1a: Landorus|0 fnt
|-damage|p2a: Kingambit|10/100 brn|[from] item: Rocky Helmet|[of] p1a: Landorus
|faint|p1a: Landorus
|-damage|p2a: Kingambit|0 fnt|[from] item: Life Orb
|faint|p2a: Kingambit
|
|upkeep
|
|t:|1743929229
|switch|p1a: Leeman|Hitmonlee, M|100/100
|switch|p2a: Pecharunt|Pecharunt|90/100
|-activate|p1a: Leeman|move: Sticky Web
|-unboost|p1a: Leeman|spe|1
|turn|13
|
|t:|1743929235
|move|p2a: Pecharunt|Malignant Chain|p1a: Leeman
|-damage|p1a: Leeman|63/100
|-status|p1a: Leeman|tox
|-start|p1a: Leeman|confusion|[from] ability: Poison Puppeteer|[of] p2a: Pecharunt
|-activate|p1a: Leeman|confusion
|move|p1a: Leeman|Knock Off|p2a: Pecharunt
|-supereffective|p2a: Pecharunt
|-damage|p2a: Pecharunt|38/100
|-enditem|p2a: Pecharunt|Heavy-Duty Boots|[from] move: Knock Off|[of] p1a: Leeman
|
|-damage|p1a: Leeman|57/100 tox|[from] psn
|upkeep
|turn|14
|
|t:|1743929248
|switch|p1a: Slowking|Slowking-Galar, F|100/100
|move|p2a: Pecharunt|Recover|p2a: Pecharunt
|-heal|p2a: Pecharunt|88/100
|
|upkeep
|turn|15
|
|t:|1743929254
|move|p2a: Pecharunt|Hex|p1a: Slowking
|-supereffective|p1a: Slowking
|-damage|p1a: Slowking|78/100
|move|p1a: Slowking|Thunder Wave|p2a: Pecharunt
|-status|p2a: Pecharunt|par
|
|upkeep
|turn|16
|
|t:|1743929260
|move|p2a: Pecharunt|Hex|p1a: Slowking
|-supereffective|p1a: Slowking
|-damage|p1a: Slowking|53/100
|move|p1a: Slowking|Future Sight|p2a: Pecharunt
|-start|p1a: Slowking|move: Future Sight
|
|upkeep
|turn|17
|
|t:|1743929267
|move|p2a: Pecharunt|Parting Shot|p1a: Slowking
|-unboost|p1a: Slowking|atk|1
|-unboost|p1a: Slowking|spa|1
|
|t:|1743929271
|switch|p2a: Malamar|Malamar, F|100/100|[from] Parting Shot
|-activate|p2a: Malamar|move: Sticky Web
|-boost|p2a: Malamar|spe|1
|-damage|p2a: Malamar|88/100|[from] Stealth Rock
|-prepare|p1a: Slowking|Chilly Reception|[premajor]
|move|p1a: Slowking|Chilly Reception|p1a: Slowking
|-weather|Snowscape
|
|t:|1743929285
|switch|p1a: Cinderace|Cinderace, F|100/100|[from] Chilly Reception
|
|-weather|Snowscape|[upkeep]
|upkeep
|turn|18
|
|t:|1743929291
|move|p2a: Malamar|Superpower|p1a: Cinderace
|-damage|p1a: Cinderace|63/100
|-boost|p2a: Malamar|atk|1
|-boost|p2a: Malamar|def|1
|move|p1a: Cinderace|U-turn|p2a: Malamar
|-supereffective|p2a: Malamar
|-damage|p2a: Malamar|27/100
|
|t:|1743929303
|switch|p1a: Meowscarada|Meowscarada, M, shiny|100/100|[from] U-turn
|-activate|p1a: Meowscarada|move: Sticky Web
|-unboost|p1a: Meowscarada|spe|1
|
|-weather|Snowscape|[upkeep]
|-end|p2a: Malamar|move: Future Sight
|-immune|p2a: Malamar
|upkeep
|turn|19
|
|t:|1743929309
|move|p2a: Malamar|Superpower|p1a: Meowscarada
|-supereffective|p1a: Meowscarada
|-damage|p1a: Meowscarada|0 fnt
|-boost|p2a: Malamar|atk|1
|-boost|p2a: Malamar|def|1
|faint|p1a: Meowscarada
|
|-weather|Snowscape|[upkeep]
|upkeep
|
|t:|1743929315
|switch|p1a: Leeman|Hitmonlee, M|57/100 tox
|-activate|p1a: Leeman|move: Sticky Web
|-unboost|p1a: Leeman|spe|1
|turn|20
|
|t:|1743929320
|-terastallize|p1a: Leeman|Fighting
|move|p1a: Leeman|Mach Punch|p2a: Malamar
|-damage|p2a: Malamar|2/100
|move|p2a: Malamar|Superpower|p1a: Leeman
|-damage|p1a: Leeman|0 fnt
|-boost|p2a: Malamar|atk|1
|-boost|p2a: Malamar|def|1
|faint|p1a: Leeman
|
|-weather|Snowscape|[upkeep]
|upkeep
|
|t:|1743929328
|switch|p1a: Slowking|Slowking-Galar, F|87/100
|turn|21
|
|t:|1743929334
|move|p2a: Malamar|Knock Off|p1a: Slowking
|-supereffective|p1a: Slowking
|-damage|p1a: Slowking|0 fnt
|-enditem|p1a: Slowking|Heavy-Duty Boots|[from] move: Knock Off|[of] p2a: Malamar
|faint|p1a: Slowking
|
|-weather|none
|upkeep
|-message|hachan247 forfeited.
|
|win|stenchclassic
|raw|hachan247's rating: 1186 &rarr; <strong>1166</strong><br />(-20 for losing)
|raw|stenchclassic's rating: 1255 &rarr; <strong>1275</strong><br />(+20 for winning)
|l|☆hachan247
|player|p1|
|l|☆stenchclassic
|player|p2|
