|j|☆rexriv2
|j|☆Chengdu24
|t:|1743842339
|gametype|singles
|player|p1|rexriv2|101|1298
|player|p2|Chengdu24|102|1252
|teamsize|p1|6
|teamsize|p2|6
|gen|9
|tier|[Gen 9] OU
|rated|
|rule|HP Percentage Mod: HP is shown in percentages
|rule|Endless Battle Clause: Forcing endless battles is banned
|rule|Species Clause: Limit one of each Pokémon
|rule|OHKO Clause: OHKO moves are banned
|rule|Evasion Items Clause: Evasion items are banned
|rule|Evasion Moves Clause: Evasion moves are banned
|rule|Sleep Moves Clause: Sleep-inducing moves are banned
|clearpoke
|poke|p1|Meowscarada, F|
|poke|p1|Kingambit, M|
|poke|p1|Slowking-Galar, F|
|poke|p1|Corviknight, M|
|poke|p1|Great Tusk|
|poke|p1|Alomomola, M|
|poke|p2|Gallade, M|
|poke|p2|Ninetales-Alola, F|
|poke|p2|Cetitan, M|
|poke|p2|Cloyster, M|
|poke|p2|Skeledirge, M|
|poke|p2|Great Tusk|
|teampreview
|
|t:|1743842350
|start
|switch|p1a: Great Tusk|Great Tusk|100/100
|switch|p2a: Skeledirge|Skeledirge, M|100/100
|turn|1
|inactive|Battle timer is ON: inactive players will automatically lose when time's up. (requested by rexriv2)
|
|t:|1743842359
|move|p1a: Great Tusk|Stealth Rock|p2a: Skeledirge
|-sidestart|p2: Chengdu24|move: Stealth Rock
|move|p2a: Skeledirge|Will-O-Wisp|p1a: Great Tusk
|-status|p1a: Great Tusk|brn
|
|-damage|p1a: Great Tusk|94/100 brn|[from] brn
|upkeep
|turn|2
|
|t:|1743842364
|-end|p1a: Great Tusk|Protosynthesis|[silent]
|switch|p1a: Alomomola|Alomomola, M|100/100
|switch|p2a: Great Tusk|Great Tusk|100/100
|-damage|p2a: Great Tusk|98/100|[from] Stealth Rock
|
|upkeep
|turn|3
|
|t:|1743842373
|move|p2a: Great Tusk|Rapid Spin|p1a: Alomomola
|-damage|p1a: Alomomola|92/100
|-boost|p2a: Great Tusk|spe|1
|-sideend|p2: Chengdu24|Stealth Rock|[from] move: Rapid Spin|[of] p2a: Great Tusk
|move|p1a: Alomomola|Scald|p2a: Great Tusk
|-supereffective|p2a: Great Tusk
|-crit|p2a: Great Tusk
|-damage|p2a: Great Tusk|40/100
|
|upkeep
|turn|4
|
|t:|1743842380
|-end|p2a: Great Tusk|Protosynthesis|[silent]
|switch|p2a: Ninetales|Ninetales-Alola, F|100/100
|-weather|Snowscape|[from] ability: Snow Warning|[of] p2a: Ninetales
|move|p1a: Alomomola|Flip Turn|p2a: Ninetales
|-damage|p2a: Ninetales|85/100
|
|t:|1743842383
|switch|p1a: Meowscarada|Meowscarada, F|100/100|[from] Flip Turn
|
|-weather|Snowscape|[upkeep]
|upkeep
|turn|5
|
|t:|1743842386
|move|p1a: Meowscarada|Knock Off|p2a: Ninetales
|-start|p1a: Meowscarada|typechange|Dark|[from] ability: Protean
|-resisted|p2a: Ninetales
|-damage|p2a: Ninetales|61/100
|-enditem|p2a: Ninetales|Icy Rock|[from] move: Knock Off|[of] p1a: Meowscarada
|move|p2a: Ninetales|Aurora Veil|p2a: Ninetales
|-sidestart|p2: Chengdu24|move: Aurora Veil
|
|-weather|Snowscape|[upkeep]
|upkeep
|turn|6
|
|t:|1743842394
|switch|p1a: Slowking|Slowking-Galar, F|100/100
|switch|p2a: Cetitan|Cetitan, M|100/100
|
|-weather|Snowscape|[upkeep]
|upkeep
|turn|7
|
|t:|1743842401
|move|p2a: Cetitan|Belly Drum|p2a: Cetitan
|-damage|p2a: Cetitan|50/100
|-setboost|p2a: Cetitan|atk|6|[from] move: Belly Drum
|-enditem|p2a: Cetitan|Sitrus Berry|[eat]
|-heal|p2a: Cetitan|75/100|[from] item: Sitrus Berry
|move|p1a: Slowking|Sludge Bomb|p2a: Cetitan
|-damage|p2a: Cetitan|49/100
|
|-weather|Snowscape|[upkeep]
|upkeep
|turn|8
|
|t:|1743842414
|switch|p1a: Alomomola|Alomomola, M|100/100
|move|p2a: Cetitan|Earthquake|p1a: Alomomola
|-damage|p1a: Alomomola|29/100
|
|-weather|Snowscape|[upkeep]
|upkeep
|turn|9
|
|t:|1743842419
|move|p1a: Alomomola|Protect|p1a: Alomomola
|-singleturn|p1a: Alomomola|Protect
|move|p2a: Cetitan|Earthquake|p1a: Alomomola
|-activate|p1a: Alomomola|move: Protect
|
|-weather|Snowscape|[upkeep]
|-sideend|p2: Chengdu24|move: Aurora Veil
|upkeep
|turn|10
|
|t:|1743842427
|switch|p1a: Kingambit|Kingambit, M|100/100
|move|p2a: Cetitan|Earthquake|p1a: Kingambit
|-supereffective|p1a: Kingambit
|-damage|p1a: Kingambit|0 fnt
|faint|p1a: Kingambit
|-end|p1a: Kingambit|fallenundefined|[silent]
|
|-weather|Snowscape|[upkeep]
|upkeep
|
|t:|1743842429
|switch|p1a: Alomomola|Alomomola, M|62/100
|turn|11
|-message|rexriv2 forfeited.
|
|win|Chengdu24
|raw|rexriv2's rating: 1298 &rarr; <strong>1270</strong><br />(-28 for losing)
|raw|Chengdu24's rating: 1252 &rarr; <strong>1280</strong><br />(+28 for winning)
|l|☆rexriv2
|player|p1|
|l|☆Chengdu24
|player|p2|
