|j|☆Iori255
|j|☆gaasss
|t:|1743918572
|gametype|singles
|player|p1|Iori255|hugh|1137
|player|p2|gaasss|nate|1124
|teamsize|p1|6
|teamsize|p2|6
|gen|9
|tier|[Gen 9] OU
|rated|
|rule|HP Percentage Mod: HP is shown in percentages
|rule|Endless Battle Clause: Forcing endless battles is banned
|rule|Species Clause: Limit one of each Pokémon
|rule|OHKO Clause: OHKO moves are banned
|rule|Evasion Items Clause: Evasion items are banned
|rule|Evasion Moves Clause: Evasion moves are banned
|rule|Sleep Moves Clause: Sleep-inducing moves are banned
|clearpoke
|poke|p1|Blastoise, M|
|poke|p1|Charizard, M|
|poke|p1|Greninja-*, M|
|poke|p1|Lucario, M|
|poke|p1|Pikachu, M|
|poke|p1|Venusaur, M|
|poke|p2|Landorus-Therian, M|
|poke|p2|Dragonite, M|
|poke|p2|Dondozo, M|
|poke|p2|Ninetales-Alola, M|
|poke|p2|Iron Moth|
|poke|p2|Kingambit, F|
|teampreview
|
|t:|1743918577
|start
|switch|p1a: Pikachu|Pikachu, M|100/100
|switch|p2a: Ninetales|Ninetales-Alola, M|100/100
|-weather|Snowscape|[from] ability: Snow Warning|[of] p2a: Ninetales
|turn|1
|inactive|Battle timer is ON: inactive players will automatically lose when time's up. (requested by gaasss)
|
|t:|1743918604
|move|p2a: Ninetales|Aurora Veil|p2a: Ninetales
|-sidestart|p2: gaasss|move: Aurora Veil
|move|p1a: Pikachu|Thunder Wave|p2a: Ninetales
|-status|p2a: Ninetales|par
|
|-weather|Snowscape|[upkeep]
|upkeep
|turn|2
|
|t:|1743918611
|switch|p2a: Landorus|Landorus-Therian, M|100/100
|-ability|p2a: Landorus|Intimidate|boost
|-unboost|p1a: Pikachu|atk|1
|move|p1a: Pikachu|Encore||[still]
|-fail|p1a: Pikachu
|
|-weather|Snowscape|[upkeep]
|upkeep
|turn|3
|
|t:|1743918620
|move|p1a: Pikachu|Protect|p1a: Pikachu
|-singleturn|p1a: Pikachu|Protect
|move|p2a: Landorus|Swords Dance|p2a: Landorus
|-boost|p2a: Landorus|atk|2
|
|-weather|Snowscape|[upkeep]
|upkeep
|turn|4
|
|t:|1743918628
|move|p1a: Pikachu|Encore|p2a: Landorus
|-start|p2a: Landorus|Encore
|move|p2a: Landorus|Swords Dance|p2a: Landorus
|-boost|p2a: Landorus|atk|2
|
|-weather|Snowscape|[upkeep]
|upkeep
|turn|5
|
|t:|1743918638
|switch|p1a: Blastoise|Blastoise, M|100/100
|switch|p2a: Ninetales|Ninetales-Alola, M|100/100 par
|
|-weather|none
|upkeep
|turn|6
|
|t:|1743918648
|switch|p2a: Kingambit|Kingambit, F|100/100
|move|p1a: Blastoise|Shell Smash|p1a: Blastoise
|-unboost|p1a: Blastoise|def|1
|-unboost|p1a: Blastoise|spd|1
|-boost|p1a: Blastoise|atk|2
|-boost|p1a: Blastoise|spa|2
|-boost|p1a: Blastoise|spe|2
|-enditem|p1a: Blastoise|White Herb
|-clearnegativeboost|p1a: Blastoise|[silent]
|
|upkeep
|turn|7
|
|t:|1743918657
|move|p1a: Blastoise|Surf|p2a: Kingambit
|-damage|p2a: Kingambit|65/100
|move|p2a: Kingambit|Swords Dance|p2a: Kingambit
|-boost|p2a: Kingambit|atk|2
|
|upkeep
|turn|8
|
|t:|1743918666
|move|p2a: Kingambit|Sucker Punch|p1a: Blastoise
|-damage|p1a: Blastoise|6/100
|move|p1a: Blastoise|Surf|p2a: Kingambit
|-damage|p2a: Kingambit|12/100
|
|-sideend|p2: gaasss|move: Aurora Veil
|upkeep
|turn|9
|
|t:|1743918673
|move|p2a: Kingambit|Sucker Punch||[still]
|-fail|p2a: Kingambit
|move|p1a: Blastoise|Shell Smash|p1a: Blastoise
|-unboost|p1a: Blastoise|def|1
|-unboost|p1a: Blastoise|spd|1
|-boost|p1a: Blastoise|atk|2
|-boost|p1a: Blastoise|spa|2
|-boost|p1a: Blastoise|spe|2
|
|upkeep
|turn|10
|
|t:|1743918680
|move|p2a: Kingambit|Sucker Punch||[still]
|-fail|p2a: Kingambit
|move|p1a: Blastoise|Shell Smash|p1a: Blastoise
|-unboost|p1a: Blastoise|def|1
|-unboost|p1a: Blastoise|spd|1
|-boost|p1a: Blastoise|atk|2
|-boost|p1a: Blastoise|spa|2
|-boost|p1a: Blastoise|spe|2
|
|upkeep
|turn|11
|
|t:|1743918688
|move|p2a: Kingambit|Sucker Punch||[still]
|-fail|p2a: Kingambit
|move|p1a: Blastoise|Shell Smash|p1a: Blastoise
|-unboost|p1a: Blastoise|def|1
|-unboost|p1a: Blastoise|spd|1
|-boost|p1a: Blastoise|atk|0
|-boost|p1a: Blastoise|spa|0
|-boost|p1a: Blastoise|spe|0
|
|upkeep
|turn|12
|
|t:|1743918696
|move|p2a: Kingambit|Sucker Punch|p1a: Blastoise
|-damage|p1a: Blastoise|0 fnt
|faint|p1a: Blastoise
|
|upkeep
|
|t:|1743918709
|switch|p1a: Lucario|Lucario, M|100/100
|turn|13
|
|t:|1743918714
|move|p1a: Lucario|Extreme Speed|p2a: Kingambit
|-resisted|p2a: Kingambit
|-damage|p2a: Kingambit|1/100
|-damage|p1a: Lucario|91/100|[from] item: Life Orb
|move|p2a: Kingambit|Sucker Punch||[still]
|-fail|p2a: Kingambit
|
|upkeep
|turn|14
|
|t:|1743918725
|move|p1a: Lucario|Swords Dance|p1a: Lucario
|-boost|p1a: Lucario|atk|2
|move|p2a: Kingambit|Iron Head|p1a: Lucario
|-resisted|p1a: Lucario
|-damage|p1a: Lucario|18/100
|
|upkeep
|turn|15
|
|t:|1743918738
|move|p1a: Lucario|Bullet Punch|p2a: Kingambit
|-resisted|p2a: Kingambit
|-damage|p2a: Kingambit|0 fnt
|faint|p2a: Kingambit
|-damage|p1a: Lucario|8/100|[from] item: Life Orb
|
|upkeep
|
|t:|1743918745
|switch|p2a: Dragonite|Dragonite, M|100/100
|turn|16
|
|t:|1743918748
|move|p1a: Lucario|Extreme Speed|p2a: Dragonite
|-damage|p2a: Dragonite|35/100
|-damage|p1a: Lucario|0 fnt|[from] item: Life Orb
|faint|p1a: Lucario
|move|p2a: Dragonite|Extreme Speed|p1: Lucario|[notarget]
|-fail|p2a: Dragonite
|
|upkeep
|
|t:|1743918768
|switch|p1a: Venusaur|Venusaur, M|100/100
|turn|17
|
|t:|1743918777
|move|p2a: Dragonite|Extreme Speed|p1a: Venusaur
|-damage|p1a: Venusaur|61/100
|move|p1a: Venusaur|Sludge Bomb|p2a: Dragonite
|-damage|p2a: Dragonite|0 fnt
|faint|p2a: Dragonite
|
|upkeep
|
|t:|1743918784
|switch|p2a: Iron Moth|Iron Moth|100/100
|turn|18
|
|t:|1743918794
|switch|p1a: Pikachu|Pikachu, M|100/100
|move|p2a: Iron Moth|Fiery Dance|p1a: Pikachu
|-enditem|p1a: Pikachu|Focus Sash
|-damage|p1a: Pikachu|1/100
|-boost|p2a: Iron Moth|spa|1
|
|upkeep
|turn|19
|
|t:|1743918804
|move|p2a: Iron Moth|Fiery Dance|p1a: Pikachu
|-damage|p1a: Pikachu|0 fnt
|faint|p1a: Pikachu
|
|upkeep
|
|t:|1743918807
|switch|p1a: Charizard|Charizard, M|100/100
|turn|20
|
|t:|1743918815
|move|p2a: Iron Moth|Discharge|p1a: Charizard
|-supereffective|p1a: Charizard
|-damage|p1a: Charizard|0 fnt
|faint|p1a: Charizard
|
|upkeep
|
|t:|1743918821
|switch|p1a: Venusaur|Venusaur, M|61/100
|turn|21
|
|t:|1743918825
|-terastallize|p1a: Venusaur|Fire
|move|p2a: Iron Moth|Fiery Dance|p1a: Venusaur
|-resisted|p1a: Venusaur
|-damage|p1a: Venusaur|20/100
|-boost|p2a: Iron Moth|spa|1
|move|p1a: Venusaur|Sunny Day|p1a: Venusaur
|-weather|SunnyDay
|
|-weather|SunnyDay|[upkeep]
|upkeep
|turn|22
|-message|Iori255 forfeited.
|
|win|gaasss
|raw|Iori255's rating: 1137 &rarr; <strong>1111</strong><br />(-26 for losing)
|raw|gaasss's rating: 1124 &rarr; <strong>1150</strong><br />(+26 for winning)
|l|☆Iori255
|player|p1|
|l|☆gaasss
|player|p2|
