|j|☆Johnny987
|j|☆Arieon
|t:|1743892396
|gametype|singles
|player|p1|Johnny987|169|1550
|player|p2|Arieon|101|1604
|teamsize|p1|6
|teamsize|p2|6
|gen|9
|tier|[Gen 9] OU
|rated|
|rule|HP Percentage Mod: HP is shown in percentages
|rule|Endless Battle Clause: Forcing endless battles is banned
|rule|Species Clause: Limit one of each Pokémon
|rule|OHKO Clause: OHKO moves are banned
|rule|Evasion Items Clause: Evasion items are banned
|rule|Evasion Moves Clause: Evasion moves are banned
|rule|Sleep Moves Clause: Sleep-inducing moves are banned
|clearpoke
|poke|p1|Ninetales, F|
|poke|p1|Hatterene, F|
|poke|p1|Great Tusk|
|poke|p1|Walking Wake|
|poke|p1|Kingambit, M|
|poke|p1|Leavanny, F|
|poke|p2|Glimmora, M|
|poke|p2|Ting-Lu|
|poke|p2|Clefable, M|
|poke|p2|Moltres|
|poke|p2|Dragapult, F|
|poke|p2|Blissey, F|
|teampreview
|j| stallymolly
|
|t:|1743892460
|start
|switch|p1a: Greg|Great Tusk|100/100
|switch|p2a: Glimmora|Glimmora, M|100/100
|turn|1
|inactive|Battle timer is ON: inactive players will automatically lose when time's up. (requested by Johnny987)
|
|t:|1743892468
|switch|p2a: Moltres|Moltres|100/100
|move|p1a: Greg|Rapid Spin|p2a: Moltres
|-damage|p2a: Moltres|88/100
|-boost|p1a: Greg|spe|1
|
|upkeep
|turn|2
|
|t:|1743892478
|-end|p1a: Greg|Protosynthesis|[silent]
|switch|p1a: Kim|Ninetales, F|100/100
|-weather|SunnyDay|[from] ability: Drought|[of] p1a: Kim
|switch|p2a: Glimmora|Glimmora, M|100/100
|
|-weather|SunnyDay|[upkeep]
|upkeep
|turn|3
|
|t:|1743892487
|switch|p1a: Cris|Hatterene, F|100/100
|move|p2a: Glimmora|Power Gem|p1a: Cris
|-damage|p1a: Cris|59/100
|-enditem|p1a: Cris|Eject Button
|
|t:|1743892510
|switch|p1a: Licha|Walking Wake|100/100
|-activate|p1a: Licha|ability: Protosynthesis
|-start|p1a: Licha|protosynthesisspe
|
|-weather|SunnyDay|[upkeep]
|upkeep
|turn|4
|
|t:|1743892517
|switch|p2a: Blissey|Blissey, F|100/100
|move|p1a: Licha|Hydro Steam|p2a: Blissey
|-damage|p2a: Blissey|77/100
|
|-weather|SunnyDay|[upkeep]
|upkeep
|turn|5
|
|t:|1743892526
|-end|p1a: Licha|Protosynthesis|[silent]
|switch|p1a: Cris|Hatterene, F|59/100
|move|p2a: Blissey|Seismic Toss|p1a: Cris
|-damage|p1a: Cris|28/100
|
|-weather|SunnyDay|[upkeep]
|upkeep
|turn|6
|
|t:|1743892534
|switch|p1a: Leavanny|Leavanny, F|100/100
|move|p2a: Blissey|Seismic Toss|p1a: Leavanny
|-damage|p1a: Leavanny|66/100
|
|-weather|SunnyDay|[upkeep]
|upkeep
|turn|7
|
|t:|1743892546
|switch|p2a: Glimmora|Glimmora, M|100/100
|move|p1a: Leavanny|Triple Axel|p2a: Glimmora
|-damage|p2a: Glimmora|89/100
|-activate|p2a: Glimmora|ability: Toxic Debris
|-sidestart|p1: Johnny987|move: Toxic Spikes
|-damage|p2a: Glimmora|65/100
|-activate|p2a: Glimmora|ability: Toxic Debris
|-sidestart|p1: Johnny987|move: Toxic Spikes
|-damage|p2a: Glimmora|30/100
|-hitcount|p2a: Glimmora|3
|
|-weather|SunnyDay|[upkeep]
|upkeep
|turn|8
|
|t:|1743892560
|switch|p2a: Moltres|Moltres|88/100
|move|p1a: Leavanny|Triple Axel|p2a: Moltres
|-damage|p2a: Moltres|82/100
|-status|p1a: Leavanny|brn|[from] ability: Flame Body|[of] p2a: Moltres
|-damage|p2a: Moltres|75/100
|-damage|p2a: Moltres|66/100
|-hitcount|p2a: Moltres|3
|
|-weather|SunnyDay|[upkeep]
|-damage|p1a: Leavanny|60/100 brn|[from] brn
|upkeep
|turn|9
|
|t:|1743892573
|move|p1a: Leavanny|Triple Axel|p2a: Moltres
|-damage|p2a: Moltres|63/100
|-damage|p2a: Moltres|57/100
|-damage|p2a: Moltres|47/100
|-hitcount|p2a: Moltres|3
|move|p2a: Moltres|Flamethrower|p1a: Leavanny
|-supereffective|p1a: Leavanny
|-damage|p1a: Leavanny|0 fnt
|faint|p1a: Leavanny
|
|-weather|none
|upkeep
|
|t:|1743892587
|switch|p1a: Greg|Great Tusk|100/100
|-status|p1a: Greg|tox
|turn|10
|
|t:|1743892593
|move|p1a: Greg|Ice Spinner|p2a: Moltres
|-damage|p2a: Moltres|28/100
|move|p2a: Moltres|Roost|p2a: Moltres
|-heal|p2a: Moltres|78/100
|-singleturn|p2a: Moltres|move: Roost
|
|-damage|p1a: Greg|94/100 tox|[from] psn
|upkeep
|turn|11
|
|t:|1743892603
|switch|p2a: Dragapult|Dragapult, F|100/100
|move|p1a: Greg|Knock Off|p2a: Dragapult
|-supereffective|p2a: Dragapult
|-damage|p2a: Dragapult|9/100
|-enditem|p2a: Dragapult|Heavy-Duty Boots|[from] move: Knock Off|[of] p1a: Greg
|
|-damage|p1a: Greg|82/100 tox|[from] psn
|upkeep
|turn|12
|
|t:|1743892615
|-end|p1a: Greg|Protosynthesis|[silent]
|switch|p1a: Alex|Kingambit, M|100/100
|-activate|p1a: Alex|ability: Supreme Overlord
|-start|p1a: Alex|fallen1|[silent]
|move|p2a: Dragapult|Hex|p1a: Alex
|-resisted|p1a: Alex
|-damage|p1a: Alex|87/100
|
|-heal|p1a: Alex|93/100|[from] item: Leftovers
|upkeep
|turn|13
|
|t:|1743892632
|move|p2a: Dragapult|Will-O-Wisp|p1a: Alex
|-status|p1a: Alex|brn
|move|p1a: Alex|Swords Dance|p1a: Alex
|-boost|p1a: Alex|atk|2
|
|-heal|p1a: Alex|99/100 brn|[from] item: Leftovers
|-damage|p1a: Alex|93/100 brn|[from] brn
|upkeep
|turn|14
|
|t:|1743892642
|switch|p2a: Moltres|Moltres|78/100
|move|p1a: Alex|Swords Dance|p1a: Alex
|-boost|p1a: Alex|atk|2
|
|-heal|p1a: Alex|99/100 brn|[from] item: Leftovers
|-damage|p1a: Alex|93/100 brn|[from] brn
|upkeep
|turn|15
|
|t:|1743892668
|-terastallize|p1a: Alex|Ghost
|move|p2a: Moltres|Flamethrower|p1a: Alex
|-damage|p1a: Alex|59/100 brn
|move|p1a: Alex|Kowtow Cleave|p2a: Moltres
|-damage|p2a: Moltres|21/100
|
|-heal|p1a: Alex|65/100 brn|[from] item: Leftovers
|-damage|p1a: Alex|59/100 brn|[from] brn
|upkeep
|turn|16
|
|t:|1743892680
|move|p2a: Moltres|Roost|p2a: Moltres
|-heal|p2a: Moltres|71/100
|-singleturn|p2a: Moltres|move: Roost
|move|p1a: Alex|Swords Dance|p1a: Alex
|-boost|p1a: Alex|atk|2
|
|-heal|p1a: Alex|65/100 brn|[from] item: Leftovers
|-damage|p1a: Alex|59/100 brn|[from] brn
|upkeep
|turn|17
|
|t:|1743892696
|switch|p2a: Glimmora|Glimmora, M|30/100
|move|p1a: Alex|Kowtow Cleave|p2a: Glimmora
|-damage|p2a: Glimmora|0 fnt
|faint|p2a: Glimmora
|
|-heal|p1a: Alex|65/100 brn|[from] item: Leftovers
|-damage|p1a: Alex|59/100 brn|[from] brn
|upkeep
|
|t:|1743892698
|switch|p2a: Ting-Lu|Ting-Lu|100/100
|-ability|p2a: Ting-Lu|Vessel of Ruin
|turn|18
|
|t:|1743892715
|move|p1a: Alex|Iron Head|p2a: Ting-Lu
|-damage|p2a: Ting-Lu|52/100
|cant|p2a: Ting-Lu|flinch
|
|-heal|p1a: Alex|65/100 brn|[from] item: Leftovers
|-heal|p2a: Ting-Lu|58/100|[from] item: Leftovers
|-damage|p1a: Alex|59/100 brn|[from] brn
|upkeep
|turn|19
|
|t:|1743892724
|move|p1a: Alex|Iron Head|p2a: Ting-Lu
|-damage|p2a: Ting-Lu|6/100
|cant|p2a: Ting-Lu|flinch
|
|-heal|p1a: Alex|65/100 brn|[from] item: Leftovers
|-heal|p2a: Ting-Lu|13/100|[from] item: Leftovers
|-damage|p1a: Alex|59/100 brn|[from] brn
|upkeep
|turn|20
|
|t:|1743892734
|move|p1a: Alex|Kowtow Cleave|p2a: Ting-Lu
|-resisted|p2a: Ting-Lu
|-damage|p2a: Ting-Lu|0 fnt
|faint|p2a: Ting-Lu
|
|-heal|p1a: Alex|65/100 brn|[from] item: Leftovers
|-damage|p1a: Alex|59/100 brn|[from] brn
|upkeep
|
|t:|1743892748
|switch|p2a: Moltres|Moltres|71/100
|turn|21
|
|t:|1743892754
|move|p2a: Moltres|Flamethrower|p1a: Alex
|-damage|p1a: Alex|21/100 brn
|move|p1a: Alex|Kowtow Cleave|p2a: Moltres
|-damage|p2a: Moltres|0 fnt
|faint|p2a: Moltres
|
|-heal|p1a: Alex|27/100 brn|[from] item: Leftovers
|-damage|p1a: Alex|21/100 brn|[from] brn
|upkeep
|
|t:|1743892757
|switch|p2a: Clefable|Clefable, M|100/100
|turn|22
|
|t:|1743892769
|move|p2a: Clefable|Moonblast|p1a: Alex
|-damage|p1a: Alex|0 fnt
|faint|p1a: Alex
|-end|p1a: Alex|fallen1|[silent]
|
|upkeep
|
|t:|1743892792
|switch|p1a: Greg|Great Tusk|82/100 tox
|turn|23
|inactive|Johnny987 has 120 seconds left.
|
|t:|1743892811
|move|p1a: Greg|Rapid Spin|p2a: Clefable
|-damage|p2a: Clefable|88/100
|-boost|p1a: Greg|spe|1
|-sideend|p1: Johnny987|Toxic Spikes|[from] move: Rapid Spin|[of] p1a: Greg
|move|p2a: Clefable|Moonblast|p1a: Greg
|-supereffective|p1a: Greg
|-enditem|p1a: Greg|Roseli Berry|[eat]
|-enditem|p1a: Greg|Roseli Berry|[weaken]
|-damage|p1a: Greg|37/100 tox
|
|-heal|p2a: Clefable|94/100|[from] item: Leftovers
|-damage|p1a: Greg|31/100 tox|[from] psn
|upkeep
|turn|24
|inactive|Johnny987 has 120 seconds left.
|inactive|Johnny987 has 90 seconds left.
|
|t:|1743892862
|-end|p1a: Greg|Protosynthesis|[silent]
|switch|p1a: Kim|Ninetales, F|100/100
|-weather|SunnyDay|[from] ability: Drought|[of] p1a: Kim
|move|p2a: Clefable|Moonblast|p1a: Kim
|-resisted|p1a: Kim
|-damage|p1a: Kim|86/100
|-unboost|p1a: Kim|spa|1
|
|-weather|SunnyDay|[upkeep]
|-heal|p2a: Clefable|99/100|[from] item: Leftovers
|upkeep
|turn|25
|
|t:|1743892878
|switch|p1a: Cris|Hatterene, F|28/100
|move|p2a: Clefable|Calm Mind|p2a: Clefable
|-boost|p2a: Clefable|spa|1
|-boost|p2a: Clefable|spd|1
|
|-weather|SunnyDay|[upkeep]
|-heal|p2a: Clefable|100/100|[from] item: Leftovers
|upkeep
|turn|26
|
|t:|1743892888
|move|p2a: Clefable|Moonblast|p1a: Cris
|-damage|p1a: Cris|0 fnt
|faint|p1a: Cris
|
|-weather|SunnyDay|[upkeep]
|upkeep
|
|t:|1743892895
|switch|p1a: Licha|Walking Wake|100/100
|-activate|p1a: Licha|ability: Protosynthesis
|-start|p1a: Licha|protosynthesisspe
|turn|27
|
|t:|1743892900
|move|p1a: Licha|Hydro Steam|p2a: Clefable
|-damage|p2a: Clefable|48/100
|move|p2a: Clefable|Moonblast|p1a: Licha
|-supereffective|p1a: Licha
|-damage|p1a: Licha|0 fnt
|faint|p1a: Licha
|-end|p1a: Licha|Protosynthesis|[silent]
|
|-weather|SunnyDay|[upkeep]
|-heal|p2a: Clefable|54/100|[from] item: Leftovers
|upkeep
|
|t:|1743892916
|switch|p1a: Greg|Great Tusk|31/100 tox
|-activate|p1a: Greg|ability: Protosynthesis
|-start|p1a: Greg|protosynthesisatk
|turn|28
|
|t:|1743892923
|move|p1a: Greg|Headlong Rush|p2a: Clefable
|-damage|p2a: Clefable|0 fnt
|-unboost|p1a: Greg|def|1
|-unboost|p1a: Greg|spd|1
|faint|p2a: Clefable
|
|-weather|SunnyDay|[upkeep]
|-damage|p1a: Greg|25/100 tox|[from] psn
|upkeep
|
|t:|1743892925
|switch|p2a: Dragapult|Dragapult, F|9/100
|turn|29
|inactive|Johnny987 has 90 seconds left.
|l| stallymolly
|inactive|Johnny987 has 60 seconds left.
|
|t:|1743892968
|-end|p1a: Greg|Protosynthesis|[silent]
|switch|p1a: Kim|Ninetales, F|86/100
|move|p2a: Dragapult|Dragon Darts|p1a: Kim
|-damage|p1a: Kim|59/100
|-anim|p2a: Dragapult|Dragon Darts|p1a: Kim
|-damage|p1a: Kim|31/100
|
|-weather|SunnyDay|[upkeep]
|upkeep
|turn|30
|inactive|Johnny987 has 60 seconds left.
|
|t:|1743892979
|switch|p2a: Blissey|Blissey, F|77/100
|move|p1a: Kim|Healing Wish|p1a: Kim
|faint|p1a: Kim
|
|-weather|SunnyDay|[upkeep]
|upkeep
|inactive|Johnny987 has 60 seconds left.
|
|t:|1743892987
|switch|p1a: Greg|Great Tusk|25/100 tox
|-heal|p1a: Greg|100/100|[from] move: Healing Wish
|-activate|p1a: Greg|ability: Protosynthesis
|-start|p1a: Greg|protosynthesisatk
|turn|31
|
|t:|1743892997
|move|p1a: Greg|Knock Off|p2a: Blissey
|-damage|p2a: Blissey|0 fnt
|-enditem|p2a: Blissey|Heavy-Duty Boots|[from] move: Knock Off|[of] p1a: Greg
|faint|p2a: Blissey
|
|-weather|none
|-end|p1a: Greg|Protosynthesis
|upkeep
|
|t:|1743893001
|switch|p2a: Dragapult|Dragapult, F|9/100
|turn|32
|
|t:|1743893007
|move|p2a: Dragapult|Hex|p1a: Greg
|-damage|p1a: Greg|58/100
|move|p1a: Greg|Knock Off|p2a: Dragapult
|-supereffective|p2a: Dragapult
|-damage|p2a: Dragapult|0 fnt
|faint|p2a: Dragapult
|
|win|Johnny987
|raw|Johnny987's rating: 1550 &rarr; <strong>1573</strong><br />(+23 for winning)
|raw|Arieon's rating: 1604 &rarr; <strong>1581</strong><br />(-23 for losing)
|l|☆Arieon
|player|p2|
|l|☆Johnny987
|player|p1|
