|j|☆ooiiaa
|j|☆TrippieKay
|t:|1743903782
|gametype|singles
|player|p1|ooiiaa|clown|1355
|player|p2|TrippieKay|buck|1345
|teamsize|p1|6
|teamsize|p2|6
|gen|9
|tier|[Gen 9] OU
|rated|
|rule|HP Percentage Mod: HP is shown in percentages
|rule|Endless Battle Clause: Forcing endless battles is banned
|rule|Species Clause: Limit one of each Pokémon
|rule|OHKO Clause: OHKO moves are banned
|rule|Evasion Items Clause: Evasion items are banned
|rule|Evasion Moves Clause: Evasion moves are banned
|rule|Sleep Moves Clause: Sleep-inducing moves are banned
|clearpoke
|poke|p1|Ting-Lu|
|poke|p1|Gliscor, F|
|poke|p1|Sinistcha-Masterpiece|
|poke|p1|Keldeo|
|poke|p1|Tinkaton, F|
|poke|p1|Dragonite, F|
|poke|p2|Okidogi, M|
|poke|p2|Kingambit, M|
|poke|p2|Primarina, F|
|poke|p2|Dragonite, M|
|poke|p2|Great Tusk|
|poke|p2|Pecharunt|
|teampreview
|inactive|Battle timer is ON: inactive players will automatically lose when time's up. (requested by TrippieKay)
|inactive|ooiiaa has 120 seconds left.
|
|t:|1743903819
|start
|switch|p1a: Jarhead|Ting-Lu|100/100
|switch|p2a: Primarina|Primarina, F|100/100
|-ability|p1a: Jarhead|Vessel of Ruin
|turn|1
|
|t:|1743903826
|move|p2a: Primarina|Flip Turn|p1a: Jarhead
|-supereffective|p1a: Jarhead
|-damage|p1a: Jarhead|85/100
|
|t:|1743903837
|switch|p2a: Great Tusk|Great Tusk|100/100|[from] Flip Turn
|move|p1a: Jarhead|Spikes|p2a: Great Tusk
|-sidestart|p2: TrippieKay|Spikes
|
|-heal|p1a: Jarhead|92/100|[from] item: Leftovers
|upkeep
|turn|2
|inactive|ooiiaa has 120 seconds left.
|
|t:|1743903872
|switch|p1a: Tchavis Scott|Sinistcha-Masterpiece|100/100
|move|p2a: Great Tusk|Knock Off|p1a: Tchavis Scott
|-supereffective|p1a: Tchavis Scott
|-damage|p1a: Tchavis Scott|64/100
|-enditem|p1a: Tchavis Scott|Heavy-Duty Boots|[from] move: Knock Off|[of] p2a: Great Tusk
|
|upkeep
|turn|3
|inactive|ooiiaa has 120 seconds left.
|
|t:|1743903877
|-end|p2a: Great Tusk|Protosynthesis|[silent]
|switch|p2a: Pecharunt|Pecharunt|100/100
|move|p1a: Tchavis Scott|Matcha Gotcha|p2a: Pecharunt
|-resisted|p2a: Pecharunt
|-damage|p2a: Pecharunt|85/100
|-heal|p1a: Tchavis Scott|73/100|[from] drain|[of] p2a: Pecharunt
|-status|p2a: Pecharunt|brn
|
|-damage|p2a: Pecharunt|79/100 brn|[from] brn
|upkeep
|turn|4
|
|t:|1743903884
|switch|p1a: Dance Armstrong|Gliscor, F|100/100
|move|p2a: Pecharunt|Parting Shot|p1a: Dance Armstrong
|-unboost|p1a: Dance Armstrong|atk|1
|-unboost|p1a: Dance Armstrong|spa|1
|
|t:|1743903892
|switch|p2a: Primarina|Primarina, F|100/100|[from] Parting Shot
|-damage|p2a: Primarina|88/100|[from] Spikes
|
|-status|p1a: Dance Armstrong|tox|[from] item: Toxic Orb
|upkeep
|turn|5
|
|t:|1743903906
|switch|p1a: Tinkki Minaj|Tinkaton, F|100/100
|-item|p1a: Tinkki Minaj|Air Balloon
|move|p2a: Primarina|Psychic Noise|p1a: Tinkki Minaj
|-resisted|p1a: Tinkki Minaj
|-damage|p1a: Tinkki Minaj|88/100
|-start|p1a: Tinkki Minaj|move: Heal Block
|-enditem|p1a: Tinkki Minaj|Air Balloon
|
|upkeep
|turn|6
|
|t:|1743903915
|switch|p2a: Pecharunt|Pecharunt|79/100 brn
|move|p1a: Tinkki Minaj|Stealth Rock|p2a: Pecharunt
|-sidestart|p2: TrippieKay|move: Stealth Rock
|
|-damage|p2a: Pecharunt|73/100 brn|[from] brn
|-end|p1a: Tinkki Minaj|move: Heal Block
|upkeep
|turn|7
|
|t:|1743903919
|move|p1a: Tinkki Minaj|Gigaton Hammer|p2a: Pecharunt
|-damage|p2a: Pecharunt|51/100 brn
|move|p2a: Pecharunt|Parting Shot|p1a: Tinkki Minaj
|-unboost|p1a: Tinkki Minaj|atk|1
|-unboost|p1a: Tinkki Minaj|spa|1
|
|t:|1743903926
|switch|p2a: Okidogi|Okidogi, M|100/100|[from] Parting Shot
|-damage|p2a: Okidogi|88/100|[from] Spikes
|-damage|p2a: Okidogi|82/100|[from] Stealth Rock
|
|-heal|p2a: Okidogi|88/100|[from] item: Leftovers
|upkeep
|turn|8
|
|t:|1743903933
|move|p1a: Tinkki Minaj|Thunder Wave|p2a: Okidogi
|-status|p2a: Okidogi|par
|move|p2a: Okidogi|Bulk Up|p2a: Okidogi
|-boost|p2a: Okidogi|atk|1
|-boost|p2a: Okidogi|def|1
|
|-heal|p2a: Okidogi|94/100 par|[from] item: Leftovers
|upkeep
|turn|9
|
|t:|1743903939
|move|p1a: Tinkki Minaj|Encore|p2a: Okidogi
|-start|p2a: Okidogi|Encore
|move|p2a: Okidogi|Bulk Up|p2a: Okidogi
|-boost|p2a: Okidogi|atk|1
|-boost|p2a: Okidogi|def|1
|
|-heal|p2a: Okidogi|99/100 par|[from] item: Leftovers
|upkeep
|turn|10
|
|t:|1743903946
|switch|p1a: Jarhead|Ting-Lu|92/100
|-ability|p1a: Jarhead|Vessel of Ruin
|move|p2a: Okidogi|Bulk Up|p2a: Okidogi
|-boost|p2a: Okidogi|atk|1
|-boost|p2a: Okidogi|def|1
|
|-heal|p1a: Jarhead|98/100|[from] item: Leftovers
|-heal|p2a: Okidogi|100/100 par|[from] item: Leftovers
|upkeep
|turn|11
|
|t:|1743903949
|cant|p2a: Okidogi|par
|move|p1a: Jarhead|Whirlwind|p2a: Okidogi
|-activate|p2a: Okidogi|ability: Guard Dog
|
|-heal|p1a: Jarhead|100/100|[from] item: Leftovers
|-end|p2a: Okidogi|Encore
|upkeep
|turn|12
|
|t:|1743903961
|switch|p1a: Tchavis Scott|Sinistcha-Masterpiece|73/100
|move|p2a: Okidogi|Ice Punch|p1a: Tchavis Scott
|-supereffective|p1a: Tchavis Scott
|-damage|p1a: Tchavis Scott|6/100
|
|upkeep
|turn|13
|
|t:|1743903965
|move|p1a: Tchavis Scott|Strength Sap|p2a: Okidogi
|-unboost|p2a: Okidogi|atk|1
|-heal|p1a: Tchavis Scott|100/100
|move|p2a: Okidogi|Knock Off|p1a: Tchavis Scott
|-supereffective|p1a: Tchavis Scott
|-damage|p1a: Tchavis Scott|53/100
|
|upkeep
|turn|14
|
|t:|1743903971
|move|p1a: Tchavis Scott|Strength Sap|p2a: Okidogi
|-unboost|p2a: Okidogi|atk|1
|-heal|p1a: Tchavis Scott|100/100
|move|p2a: Okidogi|Bulk Up|p2a: Okidogi
|-boost|p2a: Okidogi|atk|1
|-boost|p2a: Okidogi|def|1
|
|upkeep
|turn|15
|
|t:|1743903977
|move|p1a: Tchavis Scott|Shadow Ball|p2a: Okidogi
|-damage|p2a: Okidogi|76/100 par
|move|p2a: Okidogi|Ice Punch|p1a: Tchavis Scott
|-supereffective|p1a: Tchavis Scott
|-damage|p1a: Tchavis Scott|41/100
|
|-heal|p2a: Okidogi|82/100 par|[from] item: Leftovers
|upkeep
|turn|16
|
|t:|1743903983
|move|p1a: Tchavis Scott|Strength Sap|p2a: Okidogi
|-unboost|p2a: Okidogi|atk|1
|-heal|p1a: Tchavis Scott|100/100
|move|p2a: Okidogi|Ice Punch|p1a: Tchavis Scott
|-supereffective|p1a: Tchavis Scott
|-damage|p1a: Tchavis Scott|59/100
|
|-heal|p2a: Okidogi|88/100 par|[from] item: Leftovers
|upkeep
|turn|17
|
|t:|1743904003
|switch|p1a: Tinkki Minaj|Tinkaton, F|88/100
|cant|p2a: Okidogi|par
|
|-heal|p2a: Okidogi|94/100 par|[from] item: Leftovers
|upkeep
|turn|18
|
|t:|1743904014
|move|p1a: Tinkki Minaj|Encore|p2a: Okidogi
|-start|p2a: Okidogi|Encore
|move|p2a: Okidogi|Ice Punch|p1a: Tinkki Minaj
|-resisted|p1a: Tinkki Minaj
|-damage|p1a: Tinkki Minaj|70/100
|-status|p1a: Tinkki Minaj|frz
|-enditem|p2a: Okidogi|Leftovers|[silent]|[from] ability: Pickpocket|[of] p2a: Okidogi
|-item|p1a: Tinkki Minaj|Leftovers|[from] ability: Pickpocket|[of] p2a: Okidogi
|
|-heal|p1a: Tinkki Minaj|76/100 frz|[from] item: Leftovers
|upkeep
|turn|19
|
|t:|1743904018
|switch|p1a: My Little Pwny|Keldeo|100/100
|move|p2a: Okidogi|Ice Punch|p1a: My Little Pwny
|-resisted|p1a: My Little Pwny
|-damage|p1a: My Little Pwny|83/100
|
|upkeep
|turn|20
|
|t:|1743904023
|switch|p2a: Primarina|Primarina, F|88/100
|-damage|p2a: Primarina|76/100|[from] Spikes
|-damage|p2a: Primarina|64/100|[from] Stealth Rock
|move|p1a: My Little Pwny|Surf|p2a: Primarina
|-resisted|p2a: Primarina
|-damage|p2a: Primarina|49/100
|
|upkeep
|turn|21
|
|t:|1743904041
|move|p1a: My Little Pwny|Flip Turn|p2a: Primarina
|-resisted|p2a: Primarina
|-damage|p2a: Primarina|38/100
|
|t:|1743904054
|switch|p1a: Tchavis Scott|Sinistcha-Masterpiece|59/100|[from] Flip Turn
|move|p2a: Primarina|Psychic Noise|p1a: Tchavis Scott
|-damage|p1a: Tchavis Scott|24/100
|-start|p1a: Tchavis Scott|move: Heal Block
|
|upkeep
|turn|22
|
|t:|1743904083
|switch|p1a: Tinkki Minaj|Tinkaton, F|76/100 frz
|move|p2a: Primarina|Flip Turn|p1a: Tinkki Minaj
|-damage|p1a: Tinkki Minaj|59/100 frz
|
|t:|1743904087
|switch|p2a: Great Tusk|Great Tusk|100/100|[from] Flip Turn
|
|-heal|p1a: Tinkki Minaj|65/100 frz|[from] item: Leftovers
|upkeep
|turn|23
|
|t:|1743904102
|switch|p1a: Tchavis Scott|Sinistcha-Masterpiece|24/100
|move|p2a: Great Tusk|Rapid Spin|p1a: Tchavis Scott
|-immune|p1a: Tchavis Scott
|
|upkeep
|turn|24
|
|t:|1743904111
|move|p2a: Great Tusk|Knock Off|p1a: Tchavis Scott
|-supereffective|p1a: Tchavis Scott
|-damage|p1a: Tchavis Scott|0 fnt
|faint|p1a: Tchavis Scott
|
|upkeep
|
|t:|1743904116
|switch|p1a: My Little Pwny|Keldeo|83/100
|turn|25
|
|t:|1743904132
|-end|p2a: Great Tusk|Protosynthesis|[silent]
|switch|p2a: Primarina|Primarina, F|38/100
|-damage|p2a: Primarina|25/100|[from] Spikes
|-damage|p2a: Primarina|13/100|[from] Stealth Rock
|-terastallize|p1a: My Little Pwny|Water
|move|p1a: My Little Pwny|Surf|p2a: Primarina
|-resisted|p2a: Primarina
|-damage|p2a: Primarina|0 fnt
|faint|p2a: Primarina
|
|upkeep
|
|t:|1743904150
|switch|p2a: Dragonite|Dragonite, M|100/100
|turn|26
|
|t:|1743904152
|move|p1a: My Little Pwny|Flip Turn|p2a: Dragonite
|-resisted|p2a: Dragonite
|-damage|p2a: Dragonite|95/100
|
|t:|1743904162
|switch|p1a: Dance Armstrong|Gliscor, F|100/100 tox|[from] Flip Turn
|move|p2a: Dragonite|Dragon Dance|p2a: Dragonite
|-boost|p2a: Dragonite|atk|1
|-boost|p2a: Dragonite|spe|1
|
|upkeep
|turn|27
|
|t:|1743904176
|move|p2a: Dragonite|Ice Beam|p1a: Dance Armstrong
|-supereffective|p1a: Dance Armstrong
|-damage|p1a: Dance Armstrong|0 fnt
|faint|p1a: Dance Armstrong
|
|upkeep
|
|t:|1743904183
|switch|p1a: Secret Service|Dragonite, F|100/100
|turn|28
|
|t:|1743904188
|move|p2a: Dragonite|Ice Beam|p1a: Secret Service
|-supereffective|p1a: Secret Service
|-damage|p1a: Secret Service|62/100
|move|p1a: Secret Service|Dragon Tail|p2a: Dragonite|[miss]
|-miss|p1a: Secret Service|p2a: Dragonite
|
|upkeep
|turn|29
|
|t:|1743904199
|switch|p1a: Tinkki Minaj|Tinkaton, F|65/100 frz
|move|p2a: Dragonite|Ice Beam|p1a: Tinkki Minaj
|-resisted|p1a: Tinkki Minaj
|-damage|p1a: Tinkki Minaj|56/100 frz
|
|-heal|p1a: Tinkki Minaj|62/100 frz|[from] item: Leftovers
|upkeep
|turn|30
|
|t:|1743904201
|move|p2a: Dragonite|Dragon Dance|p2a: Dragonite
|-boost|p2a: Dragonite|atk|1
|-boost|p2a: Dragonite|spe|1
|cant|p1a: Tinkki Minaj|frz
|
|-heal|p1a: Tinkki Minaj|69/100 frz|[from] item: Leftovers
|upkeep
|turn|31
|
|t:|1743904203
|move|p2a: Dragonite|Earthquake|p1a: Tinkki Minaj
|-supereffective|p1a: Tinkki Minaj
|-damage|p1a: Tinkki Minaj|0 fnt
|faint|p1a: Tinkki Minaj
|
|upkeep
|-message|ooiiaa forfeited.
|
|win|TrippieKay
|raw|ooiiaa's rating: 1355 &rarr; <strong>1334</strong><br />(-21 for losing)
|raw|TrippieKay's rating: 1345 &rarr; <strong>1366</strong><br />(+21 for winning)
