|j|☆Phoenix470
|j|☆chubby hi hi see
|t:|1743836471
|gametype|singles
|player|p1|Phoenix470|1|1177
|player|p2|chubby hi hi see|265|1182
|teamsize|p1|6
|teamsize|p2|6
|gen|9
|tier|[Gen 9] OU
|rated|
|rule|HP Percentage Mod: HP is shown in percentages
|rule|Endless Battle Clause: Forcing endless battles is banned
|rule|Species Clause: Limit one of each Pokémon
|rule|OHKO Clause: OHKO moves are banned
|rule|Evasion Items Clause: Evasion items are banned
|rule|Evasion Moves Clause: Evasion moves are banned
|rule|Sleep Moves Clause: Sleep-inducing moves are banned
|clearpoke
|poke|p1|Ogerpon-Wellspring, F|
|poke|p1|Great Tusk|
|poke|p1|Dragonite, F|
|poke|p1|Hatterene, F|
|poke|p1|Glimmora, M|
|poke|p1|Cinderace, F|
|poke|p2|Kyurem|
|poke|p2|Quaquaval, M|
|poke|p2|Gliscor, F|
|poke|p2|Corviknight, F|
|poke|p2|Garganacl, F|
|poke|p2|Typhlosion-Hisui, F|
|teampreview
|inactive|Battle timer is ON: inactive players will automatically lose when time's up. (requested by Phoenix470)
|
|t:|1743836481
|start
|switch|p1a: Glimmora|Glimmora, M|100/100
|switch|p2a: Typhlosion|Typhlosion-Hisui, F|100/100
|turn|1
|
|t:|1743836493
|move|p2a: Typhlosion|Eruption|p1a: Glimmora
|-resisted|p1a: Glimmora
|-damage|p1a: Glimmora|63/100
|move|p1a: Glimmora|Stealth Rock|p2a: Typhlosion
|-sidestart|p2: chubby hi hi see|move: Stealth Rock
|
|upkeep
|turn|2
|
|t:|1743836508
|switch|p2a: Garganacl|Garganacl, F|100/100
|-damage|p2a: Garganacl|88/100|[from] Stealth Rock
|move|p1a: Glimmora|Spikes|p2a: Garganacl
|-sidestart|p2: chubby hi hi see|Spikes
|
|-heal|p2a: Garganacl|94/100|[from] item: Leftovers
|upkeep
|turn|3
|
|t:|1743836524
|move|p1a: Glimmora|Mortal Spin|p2a: Garganacl
|-resisted|p2a: Garganacl
|-damage|p2a: Garganacl|93/100
|move|p2a: Garganacl|Salt Cure|p1a: Glimmora
|-damage|p1a: Glimmora|50/100
|-start|p1a: Glimmora|Salt Cure
|-activate|p1a: Glimmora|ability: Toxic Debris
|-sidestart|p2: chubby hi hi see|move: Toxic Spikes
|
|-heal|p2a: Garganacl|99/100|[from] item: Leftovers
|-damage|p1a: Glimmora|38/100|[from] Salt Cure
|upkeep
|turn|4
|
|t:|1743836540
|switch|p2a: Corviknight|Corviknight, F|100/100
|-damage|p2a: Corviknight|88/100|[from] Stealth Rock
|-ability|p2a: Corviknight|Pressure
|move|p1a: Glimmora|Spikes|p2a: Corviknight
|-sidestart|p2: chubby hi hi see|Spikes
|
|-damage|p1a: Glimmora|25/100|[from] Salt Cure
|upkeep
|turn|5
|
|t:|1743836554
|move|p1a: Glimmora|Spikes|p2a: Corviknight
|-sidestart|p2: chubby hi hi see|Spikes
|move|p2a: Corviknight|Defog|p1a: Glimmora
|-unboost|p1a: Glimmora|evasion|1
|-sideend|p2: chubby hi hi see|Spikes|[from] move: Defog|[of] p2a: Corviknight
|-sideend|p2: chubby hi hi see|Toxic Spikes|[from] move: Defog|[of] p2a: Corviknight
|-sideend|p2: chubby hi hi see|Stealth Rock|[from] move: Defog|[of] p2a: Corviknight
|
|-damage|p1a: Glimmora|13/100|[from] Salt Cure
|upkeep
|turn|6
|
|t:|1743836565
|move|p1a: Glimmora|Stealth Rock|p2a: Corviknight
|-sidestart|p2: chubby hi hi see|move: Stealth Rock
|move|p2a: Corviknight|Defog|p1a: Glimmora
|-unboost|p1a: Glimmora|evasion|1
|-sideend|p2: chubby hi hi see|Stealth Rock|[from] move: Defog|[of] p2a: Corviknight
|
|-damage|p1a: Glimmora|0 fnt|[from] Salt Cure
|faint|p1a: Glimmora
|upkeep
|
|t:|1743836573
|switch|p1a: Cinderace|Cinderace, F|100/100
|turn|7
|
|t:|1743836582
|switch|p2a: Garganacl|Garganacl, F|99/100
|move|p1a: Cinderace|Pyro Ball|p2a: Garganacl
|-resisted|p2a: Garganacl
|-damage|p2a: Garganacl|74/100
|-damage|p1a: Cinderace|91/100|[from] item: Life Orb
|
|-heal|p2a: Garganacl|80/100|[from] item: Leftovers
|upkeep
|turn|8
|
|t:|1743836593
|move|p2a: Garganacl|Protect|p2a: Garganacl
|-singleturn|p2a: Garganacl|Protect
|move|p1a: Cinderace|U-turn|p2a: Garganacl
|-start|p1a: Cinderace|typechange|Bug|[from] ability: Libero
|-activate|p2a: Garganacl|move: Protect
|
|-heal|p2a: Garganacl|86/100|[from] item: Leftovers
|upkeep
|turn|9
|
|t:|1743836601
|switch|p2a: Corviknight|Corviknight, F|88/100
|-ability|p2a: Corviknight|Pressure
|move|p1a: Cinderace|U-turn|p2a: Corviknight
|-resisted|p2a: Corviknight
|-damage|p2a: Corviknight|82/100
|-damage|p1a: Cinderace|74/100|[from] item: Rocky Helmet|[of] p2a: Corviknight
|-damage|p1a: Cinderace|64/100|[from] item: Life Orb
|
|t:|1743836615
|switch|p1a: Hatterene|Hatterene, F|100/100|[from] U-turn
|
|upkeep
|turn|10
|
|t:|1743836619
|move|p1a: Hatterene|Mystical Fire|p2a: Corviknight
|-supereffective|p2a: Corviknight
|-damage|p2a: Corviknight|24/100
|-unboost|p2a: Corviknight|spa|1
|move|p2a: Corviknight|U-turn|p1a: Hatterene
|-damage|p1a: Hatterene|82/100
|
|t:|1743836639
|switch|p2a: Typhlosion|Typhlosion-Hisui, F|100/100|[from] U-turn
|
|upkeep
|turn|11
|
|t:|1743836646
|switch|p1a: Ogerpon|Ogerpon-Wellspring, F|100/100
|move|p2a: Typhlosion|Shadow Ball|p1a: Ogerpon
|-damage|p1a: Ogerpon|55/100
|
|upkeep
|turn|12
|
|t:|1743836661
|switch|p2a: Quaquaval|Quaquaval, M|100/100
|-terastallize|p1a: Ogerpon|Water
|detailschange|p1a: Ogerpon|Ogerpon-Wellspring-Tera, F, tera:Water
|-ability|p1a: Ogerpon|Embody Aspect (Wellspring)|boost
|-boost|p1a: Ogerpon|spd|1
|move|p1a: Ogerpon|Swords Dance|p1a: Ogerpon
|-boost|p1a: Ogerpon|atk|2
|
|upkeep
|turn|13
|
|t:|1743836670
|move|p1a: Ogerpon|Trailblaze|p2a: Quaquaval
|-supereffective|p2a: Quaquaval
|-damage|p2a: Quaquaval|0 fnt
|-boost|p1a: Ogerpon|spe|1
|faint|p2a: Quaquaval
|
|upkeep
|
|t:|1743836684
|switch|p2a: Gliscor|Gliscor, F|100/100
|turn|14
|
|t:|1743836697
|-terastallize|p2a: Gliscor|Steel
|move|p2a: Gliscor|Protect|p2a: Gliscor
|-singleturn|p2a: Gliscor|Protect
|move|p1a: Ogerpon|Ivy Cudgel|p2a: Gliscor|[anim] Ivy Cudgel Water
|-activate|p2a: Gliscor|move: Protect
|
|upkeep
|turn|15
|
|t:|1743836705
|move|p1a: Ogerpon|Ivy Cudgel|p2a: Gliscor|[anim] Ivy Cudgel Water
|-damage|p2a: Gliscor|0 fnt
|faint|p2a: Gliscor
|
|upkeep
|
|t:|1743836715
|switch|p2a: Typhlosion|Typhlosion-Hisui, F|100/100
|turn|16
|
|t:|1743836719
|move|p1a: Ogerpon|Ivy Cudgel|p2a: Typhlosion|[anim] Ivy Cudgel Water
|-supereffective|p2a: Typhlosion
|-damage|p2a: Typhlosion|0 fnt
|faint|p2a: Typhlosion
|
|upkeep
|c|☆chubby hi hi see|Gg
|
|t:|1743836727
|switch|p2a: Garganacl|Garganacl, F|86/100
|turn|17
|-message|chubby hi hi see forfeited.
|
|win|Phoenix470
|raw|Phoenix470's rating: 1177 &rarr; <strong>1202</strong><br />(+25 for winning)
|raw|chubby hi hi see's rating: 1182 &rarr; <strong>1157</strong><br />(-25 for losing)
|l|☆chubby hi hi see
|player|p2|
|l|☆Phoenix470
|player|p1|
