|j|☆MoldyK1W1
|j|☆TheFitzzz
|t:|1743895118
|gametype|singles
|player|p1|MoldyK1W1|266|1040
|player|p2|TheFitzzz|bianca|1070
|teamsize|p1|6
|teamsize|p2|6
|gen|9
|tier|[Gen 9] OU
|rated|
|rule|HP Percentage Mod: HP is shown in percentages
|rule|Endless Battle Clause: Forcing endless battles is banned
|rule|Species Clause: Limit one of each Pokémon
|rule|OHKO Clause: OHKO moves are banned
|rule|Evasion Items Clause: Evasion items are banned
|rule|Evasion Moves Clause: Evasion moves are banned
|rule|Sleep Moves Clause: Sleep-inducing moves are banned
|clearpoke
|poke|p1|Pelipper, M|
|poke|p1|Quaquaval, M|
|poke|p1|Great Tusk|
|poke|p1|Zamazenta-*|
|poke|p1|Darkrai|
|poke|p1|Glimmora, M|
|poke|p2|Spidops, F|
|poke|p2|Kilowattrel, F|
|poke|p2|Dragonite, M|
|poke|p2|Palossand, M|
|poke|p2|Blastoise, F|
|poke|p2|Squawkabilly, M|
|teampreview
|inactive|Battle timer is ON: inactive players will automatically lose when time's up. (requested by TheFitzzz)
|
|t:|1743895126
|start
|switch|p1a: Pelipper|Pelipper, M|100/100
|switch|p2a: Spidops|Spidops, F|100/100
|-weather|RainDance|[from] ability: Drizzle|[of] p1a: Pelipper
|turn|1
|
|t:|1743895137
|move|p1a: Pelipper|Hydro Pump|p2a: Spidops
|-damage|p2a: Spidops|9/100
|move|p2a: Spidops|Sticky Web|p1a: Pelipper
|-sidestart|p1: MoldyK1W1|move: Sticky Web
|
|-weather|RainDance|[upkeep]
|upkeep
|turn|2
|
|t:|1743895145
|move|p1a: Pelipper|Hurricane|p2a: Spidops
|-supereffective|p2a: Spidops
|-damage|p2a: Spidops|0 fnt
|faint|p2a: Spidops
|
|-weather|RainDance|[upkeep]
|upkeep
|
|t:|1743895150
|switch|p2a: Donatello|Blastoise, F|100/100
|turn|3
|
|t:|1743895157
|move|p2a: Donatello|Shell Smash|p2a: Donatello
|-unboost|p2a: Donatello|def|1
|-unboost|p2a: Donatello|spd|1
|-boost|p2a: Donatello|atk|2
|-boost|p2a: Donatello|spa|2
|-boost|p2a: Donatello|spe|2
|-enditem|p2a: Donatello|White Herb
|-clearnegativeboost|p2a: Donatello|[silent]
|move|p1a: Pelipper|Hurricane|p2a: Donatello
|-damage|p2a: Donatello|47/100
|
|-weather|RainDance|[upkeep]
|upkeep
|turn|4
|
|t:|1743895168
|-terastallize|p2a: Donatello|Electric
|move|p2a: Donatello|Tera Blast|p1a: Pelipper|[anim] Tera Blast Electric
|-supereffective|p1a: Pelipper
|-damage|p1a: Pelipper|0 fnt
|faint|p1a: Pelipper
|
|-weather|RainDance|[upkeep]
|upkeep
|
|t:|1743895194
|switch|p1a: Darkrai|Darkrai|100/100
|turn|5
|
|t:|1743895198
|move|p2a: Donatello|Tera Blast|p1a: Darkrai|[anim] Tera Blast Electric
|-damage|p1a: Darkrai|17/100
|move|p1a: Darkrai|Dark Pulse|p2a: Donatello
|-damage|p2a: Donatello|0 fnt
|faint|p2a: Donatello
|
|-weather|RainDance|[upkeep]
|upkeep
|
|t:|1743895210
|switch|p2a: Elvis|Squawkabilly, M|100/100
|turn|6
|
|t:|1743895215
|switch|p1a: Zamazenta|Zamazenta|100/100
|-activate|p1a: Zamazenta|move: Sticky Web
|-unboost|p1a: Zamazenta|spe|1
|-ability|p1a: Zamazenta|Dauntless Shield|boost
|-boost|p1a: Zamazenta|def|1
|move|p2a: Elvis|Protect||[still]
|-fail|p2a: Elvis
|
|-weather|RainDance|[upkeep]
|-status|p2a: Elvis|brn|[from] item: Flame Orb
|upkeep
|turn|7
|
|t:|1743895226
|move|p2a: Elvis|Brave Bird|p1a: Zamazenta
|-supereffective|p1a: Zamazenta
|-damage|p1a: Zamazenta|23/100
|-damage|p2a: Elvis|68/100 brn|[from] Recoil
|move|p1a: Zamazenta|Iron Defense|p1a: Zamazenta
|-boost|p1a: Zamazenta|def|2
|
|-weather|RainDance|[upkeep]
|-heal|p1a: Zamazenta|29/100|[from] item: Leftovers
|-damage|p2a: Elvis|61/100 brn|[from] brn
|upkeep
|turn|8
|
|t:|1743895240
|-terastallize|p1a: Zamazenta|Steel
|move|p2a: Elvis|Facade|p1a: Zamazenta
|-resisted|p1a: Zamazenta
|-damage|p1a: Zamazenta|15/100
|move|p1a: Zamazenta|Substitute|p1a: Zamazenta
|-fail|p1a: Zamazenta|move: Substitute|[weak]
|
|-weather|none
|-heal|p1a: Zamazenta|21/100|[from] item: Leftovers
|-damage|p2a: Elvis|55/100 brn|[from] brn
|upkeep
|turn|9
|
|t:|1743895249
|move|p2a: Elvis|Brave Bird|p1a: Zamazenta
|-resisted|p1a: Zamazenta
|-damage|p1a: Zamazenta|8/100
|-damage|p2a: Elvis|50/100 brn|[from] Recoil
|move|p1a: Zamazenta|Body Press|p2a: Elvis
|-crit|p2a: Elvis
|-damage|p2a: Elvis|0 fnt
|faint|p2a: Elvis
|
|-heal|p1a: Zamazenta|15/100|[from] item: Leftovers
|upkeep
|
|t:|1743895256
|switch|p2a: Zaptres|Kilowattrel, F|100/100
|turn|10
|
|t:|1743895261
|move|p2a: Zaptres|Tailwind|p2a: Zaptres
|-sidestart|p2: TheFitzzz|move: Tailwind
|-start|p2a: Zaptres|Charge|Tailwind|[from] ability: Wind Power
|move|p1a: Zamazenta|Body Press|p2a: Zaptres
|-resisted|p2a: Zaptres
|-damage|p2a: Zaptres|24/100
|
|-heal|p1a: Zamazenta|21/100|[from] item: Leftovers
|upkeep
|turn|11
|
|t:|1743895267
|move|p2a: Zaptres|Electro Ball|p1a: Zamazenta
|-damage|p1a: Zamazenta|0 fnt
|faint|p1a: Zamazenta
|-damage|p2a: Zaptres|14/100|[from] item: Life Orb
|-end|p2a: Zaptres|Charge|[silent]
|
|upkeep
|
|t:|1743895281
|switch|p1a: Quaquaval|Quaquaval, M|100/100
|-activate|p1a: Quaquaval|move: Sticky Web
|-unboost|p1a: Quaquaval|spe|1
|turn|12
|
|t:|1743895289
|move|p2a: Zaptres|Electro Ball|p1a: Quaquaval
|-supereffective|p1a: Quaquaval
|-damage|p1a: Quaquaval|0 fnt
|faint|p1a: Quaquaval
|-damage|p2a: Zaptres|4/100|[from] item: Life Orb
|
|upkeep
|
|t:|1743895302
|switch|p1a: Darkrai|Darkrai|17/100
|turn|13
|
|t:|1743895306
|move|p2a: Zaptres|Electro Ball|p1a: Darkrai
|-damage|p1a: Darkrai|0 fnt
|faint|p1a: Darkrai
|-damage|p2a: Zaptres|0 fnt|[from] item: Life Orb
|faint|p2a: Zaptres
|
|-sideend|p2: TheFitzzz|move: Tailwind
|upkeep
|
|t:|1743895313
|switch|p2a: PocketSand|Palossand, M, shiny|100/100
|switch|p1a: Great Tusk|Great Tusk|100/100
|-activate|p1a: Great Tusk|move: Sticky Web
|-unboost|p1a: Great Tusk|spe|1
|turn|14
|
|t:|1743895318
|move|p1a: Great Tusk|Knock Off|p2a: PocketSand
|-supereffective|p2a: PocketSand
|-damage|p2a: PocketSand|56/100
|-damage|p1a: Great Tusk|84/100|[from] item: Rocky Helmet|[of] p2a: PocketSand
|-enditem|p2a: PocketSand|Rocky Helmet|[from] move: Knock Off|[of] p1a: Great Tusk
|move|p2a: PocketSand|Shadow Ball|p1a: Great Tusk
|-damage|p1a: Great Tusk|59/100
|-unboost|p1a: Great Tusk|spd|1
|
|upkeep
|turn|15
|
|t:|1743895327
|move|p1a: Great Tusk|Knock Off|p2a: PocketSand
|-supereffective|p2a: PocketSand
|-damage|p2a: PocketSand|25/100
|move|p2a: PocketSand|Scorching Sands|p1a: Great Tusk
|-damage|p1a: Great Tusk|26/100
|-status|p1a: Great Tusk|brn
|
|-damage|p1a: Great Tusk|19/100 brn|[from] brn
|upkeep
|turn|16
|
|t:|1743895333
|move|p1a: Great Tusk|Knock Off|p2a: PocketSand
|-supereffective|p2a: PocketSand
|-damage|p2a: PocketSand|9/100
|move|p2a: PocketSand|Shadow Ball|p1a: Great Tusk
|-damage|p1a: Great Tusk|0 fnt
|faint|p1a: Great Tusk
|-end|p1a: Great Tusk|Protosynthesis|[silent]
|
|upkeep
|
|t:|1743895336
|switch|p1a: Glimmora|Glimmora, M|100/100
|turn|17
|
|t:|1743895342
|move|p1a: Glimmora|Earth Power|p2a: PocketSand
|-damage|p2a: PocketSand|0 fnt
|faint|p2a: PocketSand
|
|upkeep
|
|t:|1743895345
|switch|p2a: TinyWings|Dragonite, M|100/100
|turn|18
|
|t:|1743895347
|move|p1a: Glimmora|Sludge Wave|p2a: TinyWings
|-damage|p2a: TinyWings|75/100
|move|p2a: TinyWings|Draco Meteor|p1a: Glimmora
|-crit|p1a: Glimmora
|-damage|p1a: Glimmora|0 fnt
|-unboost|p2a: TinyWings|spa|2
|faint|p1a: Glimmora
|
|win|TheFitzzz
|raw|MoldyK1W1's rating: 1040 &rarr; <strong>1025</strong><br />(-15 for losing)
|raw|TheFitzzz's rating: 1070 &rarr; <strong>1097</strong><br />(+27 for winning)
|c|☆TheFitzzz|gg
