|j|☆sumerand
|j|☆Bigboi629
|t:|1743893566
|gametype|singles
|player|p1|sumerand|ghetsis|1349
|player|p2|Bigboi629|roxie|1376
|teamsize|p1|6
|teamsize|p2|6
|gen|9
|tier|[Gen 9] OU
|rated|
|rule|HP Percentage Mod: HP is shown in percentages
|rule|Endless Battle Clause: Forcing endless battles is banned
|rule|Species Clause: Limit one of each Pokémon
|rule|OHKO Clause: OHKO moves are banned
|rule|Evasion Items Clause: Evasion items are banned
|rule|Evasion Moves Clause: Evasion moves are banned
|rule|Sleep Moves Clause: Sleep-inducing moves are banned
|clearpoke
|poke|p1|Inteleon, M|
|poke|p1|Dragapult, M|
|poke|p1|Cinderace, M|
|poke|p1|Corviknight, F|
|poke|p1|Alomomola, M|
|poke|p1|Ting-Lu|
|poke|p2|Thundurus, M|
|poke|p2|Kyurem|
|poke|p2|Cinderace, M|
|poke|p2|Ursaluna, F|
|poke|p2|Skarmory, F|
|poke|p2|Primarina, M|
|teampreview
|inactive|Battle timer is ON: inactive players will automatically lose when time's up. (requested by sumerand)
|
|t:|1743893623
|start
|switch|p1a: Inteleon|Inteleon, M|100/100
|switch|p2a: Primarina|Primarina, M|100/100
|turn|1
|
|t:|1743893644
|move|p1a: Inteleon|U-turn|p2a: Primarina
|-resisted|p2a: Primarina
|-damage|p2a: Primarina|91/100
|
|t:|1743893647
|switch|p1a: Cinderace|Cinderace, M|100/100|[from] U-turn
|move|p2a: Primarina|Moonblast|p1a: Cinderace
|-resisted|p1a: Cinderace
|-damage|p1a: Cinderace|66/100
|
|upkeep
|turn|2
|
|t:|1743893665
|-terastallize|p2a: Primarina|Steel
|move|p1a: Cinderace|U-turn|p2a: Primarina
|-start|p1a: Cinderace|typechange|Bug|[from] ability: Libero
|-resisted|p2a: Primarina
|-damage|p2a: Primarina|67/100
|
|t:|1743893677
|switch|p1a: Ting-Lu|Ting-Lu|100/100|[from] U-turn
|-ability|p1a: Ting-Lu|Vessel of Ruin
|move|p2a: Primarina|Surf|p1a: Ting-Lu
|-supereffective|p1a: Ting-Lu
|-damage|p1a: Ting-Lu|52/100
|
|-heal|p1a: Ting-Lu|58/100|[from] item: Leftovers
|upkeep
|turn|3
|
|t:|1743893690
|move|p2a: Primarina|Flip Turn|p1a: Ting-Lu
|-supereffective|p1a: Ting-Lu
|-damage|p1a: Ting-Lu|43/100
|
|t:|1743893708
|switch|p2a: Skarmory|Skarmory, F|100/100|[from] Flip Turn
|move|p1a: Ting-Lu|Stealth Rock|p2a: Skarmory
|-sidestart|p2: Bigboi629|move: Stealth Rock
|
|-heal|p1a: Ting-Lu|50/100|[from] item: Leftovers
|upkeep
|turn|4
|
|t:|1743893717
|move|p2a: Skarmory|Stealth Rock|p1a: Ting-Lu
|-sidestart|p1: sumerand|move: Stealth Rock
|move|p1a: Ting-Lu|Ruination|p2a: Skarmory
|-damage|p2a: Skarmory|50/100
|
|-heal|p1a: Ting-Lu|56/100|[from] item: Leftovers
|upkeep
|turn|5
|
|t:|1743893725
|switch|p1a: Inteleon|Inteleon, M|100/100
|-damage|p1a: Inteleon|88/100|[from] Stealth Rock
|move|p2a: Skarmory|Roost|p2a: Skarmory
|-heal|p2a: Skarmory|100/100
|-singleturn|p2a: Skarmory|move: Roost
|
|upkeep
|turn|6
|
|t:|1743893737
|move|p1a: Inteleon|Surf|p2a: Skarmory
|-damage|p2a: Skarmory|8/100
|move|p2a: Skarmory|Brave Bird|p1a: Inteleon
|-damage|p1a: Inteleon|31/100
|-damage|p2a: Skarmory|0 fnt|[from] Recoil
|faint|p2a: Skarmory
|
|upkeep
|inactive|Bigboi629 has 120 seconds left.
|
|t:|1743893775
|switch|p2a: Kyurem|Kyurem|100/100
|-damage|p2a: Kyurem|76/100|[from] Stealth Rock
|-ability|p2a: Kyurem|Pressure
|turn|7
|
|t:|1743893786
|switch|p1a: Cinderace|Cinderace, M|66/100
|move|p2a: Kyurem|Earth Power|p1a: Cinderace
|-supereffective|p1a: Cinderace
|-damage|p1a: Cinderace|0 fnt
|faint|p1a: Cinderace
|
|upkeep
|
|t:|1743893795
|switch|p1a: Dragapult|Dragapult, M|100/100
|-damage|p1a: Dragapult|88/100|[from] Stealth Rock
|turn|8
|inactive|Bigboi629 has 120 seconds left.
|
|t:|1743893817
|switch|p2a: Ursaluna|Ursaluna, F|100/100
|-damage|p2a: Ursaluna|94/100|[from] Stealth Rock
|move|p1a: Dragapult|Dragon Darts|p2a: Ursaluna
|-damage|p2a: Ursaluna|66/100
|-anim|p1a: Dragapult|Dragon Darts|p2a: Ursaluna
|-damage|p2a: Ursaluna|34/100
|
|-status|p2a: Ursaluna|brn|[from] item: Flame Orb
|upkeep
|turn|9
|
|t:|1743893828
|move|p1a: Dragapult|Dragon Darts|p2a: Ursaluna
|-damage|p2a: Ursaluna|6/100 brn
|-anim|p1a: Dragapult|Dragon Darts|p2a: Ursaluna
|-damage|p2a: Ursaluna|0 fnt
|faint|p2a: Ursaluna
|
|upkeep
|
|t:|1743893845
|switch|p2a: Primarina|Primarina, M, tera:Steel|67/100
|-damage|p2a: Primarina|61/100|[from] Stealth Rock
|turn|10
|
|t:|1743893857
|switch|p1a: Corviknight|Corviknight, F|100/100
|-damage|p1a: Corviknight|88/100|[from] Stealth Rock
|-ability|p1a: Corviknight|Pressure
|move|p2a: Primarina|Flip Turn|p1a: Corviknight
|-damage|p1a: Corviknight|79/100
|-damage|p2a: Primarina|45/100|[from] item: Rocky Helmet|[of] p1a: Corviknight
|
|t:|1743893864
|switch|p2a: Cinderace|Cinderace, M|100/100|[from] Flip Turn
|
|upkeep
|turn|11
|
|t:|1743893870
|switch|p1a: Alomomola|Alomomola, M|100/100
|move|p2a: Cinderace|Pyro Ball|p1a: Alomomola
|-resisted|p1a: Alomomola
|-damage|p1a: Alomomola|86/100
|
|upkeep
|turn|12
|inactive|Bigboi629 has 90 seconds left.
|
|t:|1743893905
|move|p2a: Cinderace|U-turn|p1a: Alomomola
|-start|p2a: Cinderace|typechange|Bug|[from] ability: Libero
|-damage|p1a: Alomomola|68/100
|
|t:|1743893910
|switch|p2a: Primarina|Primarina, M, tera:Steel|45/100|[from] U-turn
|-damage|p2a: Primarina|39/100|[from] Stealth Rock
|move|p1a: Alomomola|Wish|p1a: Alomomola
|
|upkeep
|turn|13
|
|t:|1743893922
|switch|p1a: Corviknight|Corviknight, F|79/100
|-damage|p1a: Corviknight|67/100|[from] Stealth Rock
|-ability|p1a: Corviknight|Pressure
|move|p2a: Primarina|Moonblast|p1a: Corviknight
|-resisted|p1a: Corviknight
|-damage|p1a: Corviknight|38/100
|-unboost|p1a: Corviknight|spa|1
|
|-heal|p1a: Corviknight|100/100|[from] move: Wish|[wisher] Alomomola
|upkeep
|turn|14
|inactive|Bigboi629 has 90 seconds left.
|
|t:|1743893935
|move|p1a: Corviknight|Body Press|p2a: Primarina
|-supereffective|p2a: Primarina
|-damage|p2a: Primarina|0 fnt
|faint|p2a: Primarina
|
|upkeep
|
|t:|1743893941
|switch|p2a: Cinderace|Cinderace, M|100/100
|turn|15
|
|t:|1743893947
|move|p2a: Cinderace|U-turn|p1a: Corviknight
|-start|p2a: Cinderace|typechange|Bug|[from] ability: Libero
|-resisted|p1a: Corviknight
|-damage|p1a: Corviknight|95/100
|-damage|p2a: Cinderace|84/100|[from] item: Rocky Helmet|[of] p1a: Corviknight
|
|t:|1743893951
|switch|p2a: Thundurus|Thundurus, M|100/100|[from] U-turn
|move|p1a: Corviknight|Body Press|p2a: Thundurus
|-resisted|p2a: Thundurus
|-damage|p2a: Thundurus|80/100
|
|upkeep
|turn|16
|
|t:|1743893961
|switch|p1a: Ting-Lu|Ting-Lu|56/100
|-damage|p1a: Ting-Lu|50/100|[from] Stealth Rock
|-ability|p1a: Ting-Lu|Vessel of Ruin
|move|p2a: Thundurus|Hammer Arm|p1a: Ting-Lu
|-supereffective|p1a: Ting-Lu
|-damage|p1a: Ting-Lu|15/100
|-unboost|p2a: Thundurus|spe|1
|
|-heal|p1a: Ting-Lu|22/100|[from] item: Leftovers
|upkeep
|turn|17
|
|t:|1743893974
|move|p2a: Thundurus|U-turn|p1a: Ting-Lu
|-supereffective|p1a: Ting-Lu
|-damage|p1a: Ting-Lu|0 fnt
|faint|p1a: Ting-Lu
|
|t:|1743893983
|switch|p2a: Kyurem|Kyurem|76/100|[from] U-turn
|-damage|p2a: Kyurem|51/100|[from] Stealth Rock
|-ability|p2a: Kyurem|Pressure
|
|upkeep
|
|t:|1743893994
|switch|p1a: Dragapult|Dragapult, M|88/100
|-damage|p1a: Dragapult|76/100|[from] Stealth Rock
|turn|18
|inactive|Bigboi629 has 120 seconds left.
|
|t:|1743894002
|switch|p2a: Cinderace|Cinderace, M|84/100
|move|p1a: Dragapult|Dragon Darts|p2a: Cinderace
|-damage|p2a: Cinderace|28/100
|-anim|p1a: Dragapult|Dragon Darts|p2a: Cinderace
|-damage|p2a: Cinderace|0 fnt
|faint|p2a: Cinderace
|
|upkeep
|inactive|Bigboi629 has 120 seconds left.
|-message|Bigboi629 forfeited.
|
|win|sumerand
|raw|sumerand's rating: 1349 &rarr; <strong>1371</strong><br />(+22 for winning)
|raw|Bigboi629's rating: 1376 &rarr; <strong>1354</strong><br />(-22 for losing)
|l|☆Bigboi629
|player|p2|
