|j|☆Havestol
|j|☆Driz0
|t:|1743803453
|gametype|singles
|player|p1|Havestol|mars|1283
|player|p2|Driz0|2|1248
|teamsize|p1|6
|teamsize|p2|6
|gen|9
|tier|[Gen 9] OU
|rated|
|rule|HP Percentage Mod: HP is shown in percentages
|rule|Endless Battle Clause: Forcing endless battles is banned
|rule|Species Clause: Limit one of each Pokémon
|rule|OHKO Clause: OHKO moves are banned
|rule|Evasion Items Clause: Evasion items are banned
|rule|Evasion Moves Clause: Evasion moves are banned
|rule|Sleep Moves Clause: Sleep-inducing moves are banned
|clearpoke
|poke|p1|Clodsire, F|
|poke|p1|Bronzong|
|poke|p1|Moltres|
|poke|p1|Great Tusk|
|poke|p1|Gholdengo|
|poke|p1|Dondozo, F|
|poke|p2|Bellibolt, M|
|poke|p2|Bisharp, M|
|poke|p2|Froslass, F|
|poke|p2|Great Tusk|
|poke|p2|Iron Valiant|
|poke|p2|Gholdengo|
|teampreview
|inactive|Battle timer is ON: inactive players will automatically lose when time's up. (requested by Driz0)
|inactive|Havestol has 120 seconds left.
|
|t:|1743803496
|start
|switch|p1a: Bronzong|Bronzong|100/100
|switch|p2a: Froslass|Froslass, F|100/100
|turn|1
|
|t:|1743803499
|move|p2a: Froslass|Trick|p1a: Bronzong
|-activate|p2a: Froslass|move: Trick|[of] p1a: Bronzong
|-item|p1a: Bronzong|Choice Scarf|[from] move: Trick
|-item|p2a: Froslass|Leftovers|[from] move: Trick
|move|p1a: Bronzong|Stealth Rock|p2a: Froslass
|-sidestart|p2: Driz0|move: Stealth Rock
|
|upkeep
|turn|2
|
|t:|1743803510
|switch|p1a: Clodsire|Clodsire, F|100/100
|move|p2a: Froslass|Spikes|p1a: Clodsire
|-sidestart|p1: Havestol|Spikes
|
|upkeep
|turn|3
|
|t:|1743803517
|move|p2a: Froslass|Will-O-Wisp|p1a: Clodsire
|-status|p1a: Clodsire|brn
|move|p1a: Clodsire|Toxic|p2a: Froslass
|-status|p2a: Froslass|tox
|
|-damage|p2a: Froslass|94/100 tox|[from] psn
|-damage|p1a: Clodsire|94/100 brn|[from] brn
|upkeep
|turn|4
|
|t:|1743803522
|move|p2a: Froslass|Spikes|p1a: Clodsire
|-sidestart|p1: Havestol|Spikes
|move|p1a: Clodsire|Spikes|p2a: Froslass
|-sidestart|p2: Driz0|Spikes
|
|-heal|p2a: Froslass|100/100 tox|[from] item: Leftovers
|-damage|p2a: Froslass|88/100 tox|[from] psn
|-damage|p1a: Clodsire|88/100 brn|[from] brn
|upkeep
|turn|5
|
|t:|1743803526
|move|p2a: Froslass|Spikes|p1a: Clodsire
|-sidestart|p1: Havestol|Spikes
|move|p1a: Clodsire|Earthquake|p2a: Froslass
|-damage|p2a: Froslass|72/100 tox
|-start|p1a: Clodsire|Disable|Earthquake|[from] ability: Cursed Body|[of] p2a: Froslass
|
|-heal|p2a: Froslass|78/100 tox|[from] item: Leftovers
|-damage|p2a: Froslass|60/100 tox|[from] psn
|-damage|p1a: Clodsire|82/100 brn|[from] brn
|upkeep
|turn|6
|
|t:|1743803533
|switch|p2a: Great Tusk|Great Tusk|100/100
|-damage|p2a: Great Tusk|98/100|[from] Stealth Rock
|-damage|p2a: Great Tusk|85/100|[from] Spikes
|move|p1a: Clodsire|Spikes|p2a: Great Tusk
|-sidestart|p2: Driz0|Spikes
|
|-heal|p2a: Great Tusk|91/100|[from] item: Leftovers
|-damage|p1a: Clodsire|75/100 brn|[from] brn
|upkeep
|turn|7
|
|t:|1743803538
|switch|p1a: Gholdengo|Gholdengo|100/100
|-item|p1a: Gholdengo|Air Balloon
|move|p2a: Great Tusk|Ice Spinner|p1a: Gholdengo
|-resisted|p1a: Gholdengo
|-damage|p1a: Gholdengo|90/100
|-enditem|p1a: Gholdengo|Air Balloon
|
|-heal|p2a: Great Tusk|98/100|[from] item: Leftovers
|upkeep
|turn|8
|
|t:|1743803548
|-end|p2a: Great Tusk|Protosynthesis|[silent]
|switch|p2a: Bisharp|Bisharp, M|100/100
|-damage|p2a: Bisharp|94/100|[from] Stealth Rock
|-damage|p2a: Bisharp|78/100|[from] Spikes
|-terastallize|p1a: Gholdengo|Fairy
|move|p1a: Gholdengo|Dazzling Gleam|p2a: Bisharp
|-damage|p2a: Bisharp|47/100
|
|upkeep
|turn|9
|
|t:|1743803560
|switch|p1a: Moltres|Moltres|100/100
|-ability|p1a: Moltres|Pressure
|move|p2a: Bisharp|Stealth Rock|p1a: Moltres
|-sidestart|p1: Havestol|move: Stealth Rock
|
|upkeep
|turn|10
|
|t:|1743803567
|switch|p2a: Froslass|Froslass, F|60/100 tox
|-damage|p2a: Froslass|35/100 tox|[from] Stealth Rock
|-damage|p2a: Froslass|18/100 tox|[from] Spikes
|move|p1a: Moltres|Flamethrower|p2a: Froslass
|-supereffective|p2a: Froslass
|-damage|p2a: Froslass|0 fnt
|faint|p2a: Froslass
|
|upkeep
|
|t:|1743803583
|switch|p2a: Bellibolt|Bellibolt, M|100/100
|-damage|p2a: Bellibolt|88/100|[from] Stealth Rock
|-damage|p2a: Bellibolt|72/100|[from] Spikes
|turn|11
|
|t:|1743803587
|switch|p1a: Clodsire|Clodsire, F|75/100 brn
|move|p2a: Bellibolt|Muddy Water|p1a: Clodsire
|-heal|p1a: Clodsire|100/100 brn|[from] ability: Water Absorb|[of] p2a: Bellibolt
|
|-heal|p2a: Bellibolt|78/100|[from] item: Leftovers
|-damage|p1a: Clodsire|94/100 brn|[from] brn
|upkeep
|turn|12
|
|t:|1743803596
|switch|p2a: Great Tusk|Great Tusk|98/100
|-damage|p2a: Great Tusk|95/100|[from] Stealth Rock
|-damage|p2a: Great Tusk|78/100|[from] Spikes
|move|p1a: Clodsire|Toxic|p2a: Great Tusk
|-status|p2a: Great Tusk|tox
|
|-heal|p2a: Great Tusk|84/100 tox|[from] item: Leftovers
|-damage|p2a: Great Tusk|78/100 tox|[from] psn
|-damage|p1a: Clodsire|88/100 brn|[from] brn
|upkeep
|turn|13
|
|t:|1743803608
|switch|p1a: Great Tusk|Great Tusk|100/100
|move|p2a: Great Tusk|Rapid Spin|p1a: Great Tusk
|-damage|p1a: Great Tusk|87/100
|-boost|p2a: Great Tusk|spe|1
|-sideend|p2: Driz0|Spikes|[from] move: Rapid Spin|[of] p2a: Great Tusk
|-sideend|p2: Driz0|Stealth Rock|[from] move: Rapid Spin|[of] p2a: Great Tusk
|
|-heal|p2a: Great Tusk|84/100 tox|[from] item: Leftovers
|-damage|p2a: Great Tusk|72/100 tox|[from] psn
|upkeep
|turn|14
|
|t:|1743803617
|-end|p2a: Great Tusk|Protosynthesis|[silent]
|switch|p2a: Gholdengo|Gholdengo|100/100
|move|p1a: Great Tusk|Knock Off|p2a: Gholdengo
|-supereffective|p2a: Gholdengo
|-damage|p2a: Gholdengo|21/100
|-enditem|p2a: Gholdengo|Choice Scarf|[from] move: Knock Off|[of] p1a: Great Tusk
|
|upkeep
|turn|15
|
|t:|1743803624
|move|p1a: Great Tusk|Earthquake|p2a: Gholdengo
|-supereffective|p2a: Gholdengo
|-damage|p2a: Gholdengo|0 fnt
|faint|p2a: Gholdengo
|
|upkeep
|
|t:|1743803627
|switch|p2a: Iron Valiant|Iron Valiant|100/100
|-enditem|p2a: Iron Valiant|Booster Energy
|-activate|p2a: Iron Valiant|ability: Quark Drive|[fromitem]
|-start|p2a: Iron Valiant|quarkdrivespe
|turn|16
|
|t:|1743803637
|-end|p1a: Great Tusk|Protosynthesis|[silent]
|switch|p1a: Clodsire|Clodsire, F|88/100 brn
|move|p2a: Iron Valiant|Moonblast|p1a: Clodsire
|-resisted|p1a: Clodsire
|-damage|p1a: Clodsire|75/100 brn
|
|-damage|p1a: Clodsire|68/100 brn|[from] brn
|upkeep
|turn|17
|
|t:|1743803648
|-end|p2a: Iron Valiant|Quark Drive|[silent]
|switch|p2a: Bisharp|Bisharp, M|47/100
|move|p1a: Clodsire|Toxic|p2a: Bisharp
|-immune|p2a: Bisharp
|
|-damage|p1a: Clodsire|62/100 brn|[from] brn
|upkeep
|turn|18
|
|t:|1743803654
|switch|p1a: Moltres|Moltres|100/100
|-ability|p1a: Moltres|Pressure
|move|p2a: Bisharp|Iron Head|p1a: Moltres
|-resisted|p1a: Moltres
|-damage|p1a: Moltres|86/100
|
|upkeep
|turn|19
|
|t:|1743803659
|move|p1a: Moltres|Flamethrower|p2a: Bisharp
|-supereffective|p2a: Bisharp
|-damage|p2a: Bisharp|0 fnt
|faint|p2a: Bisharp
|
|upkeep
|
|t:|1743803664
|switch|p2a: Bellibolt|Bellibolt, M|78/100
|turn|20
|
|t:|1743803669
|switch|p1a: Clodsire|Clodsire, F|62/100 brn
|move|p2a: Bellibolt|Tera Blast|p1a: Clodsire
|-damage|p1a: Clodsire|48/100 brn
|
|-heal|p2a: Bellibolt|84/100|[from] item: Leftovers
|-damage|p1a: Clodsire|42/100 brn|[from] brn
|upkeep
|turn|21
|
|t:|1743803678
|switch|p2a: Great Tusk|Great Tusk|72/100 tox
|move|p1a: Clodsire|Recover|p1a: Clodsire
|-heal|p1a: Clodsire|92/100 brn
|
|-heal|p2a: Great Tusk|78/100 tox|[from] item: Leftovers
|-damage|p2a: Great Tusk|72/100 tox|[from] psn
|-damage|p1a: Clodsire|85/100 brn|[from] brn
|upkeep
|turn|22
|
|t:|1743803688
|switch|p1a: Bronzong|Bronzong|100/100
|-damage|p1a: Bronzong|94/100|[from] Stealth Rock
|move|p2a: Great Tusk|Rapid Spin|p1a: Bronzong
|-resisted|p1a: Bronzong
|-damage|p1a: Bronzong|87/100
|-boost|p2a: Great Tusk|spe|1
|
|-heal|p2a: Great Tusk|78/100 tox|[from] item: Leftovers
|-damage|p2a: Great Tusk|65/100 tox|[from] psn
|upkeep
|turn|23
|
|t:|1743803695
|-end|p2a: Great Tusk|Protosynthesis|[silent]
|switch|p2a: Bellibolt|Bellibolt, M|84/100
|move|p1a: Bronzong|Psychic Noise|p2a: Bellibolt
|-damage|p2a: Bellibolt|63/100
|-start|p2a: Bellibolt|move: Heal Block
|-start|p2a: Bellibolt|Charge|Psychic Noise|[from] ability: Electromorphosis
|
|upkeep
|turn|24
|
|t:|1743803701
|switch|p1a: Clodsire|Clodsire, F|85/100 brn
|move|p2a: Bellibolt|Tera Blast|p1a: Clodsire
|-damage|p1a: Clodsire|70/100 brn
|
|-damage|p1a: Clodsire|64/100 brn|[from] brn
|-end|p2a: Bellibolt|move: Heal Block
|upkeep
|turn|25
|
|t:|1743803707
|switch|p2a: Great Tusk|Great Tusk|65/100 tox
|move|p1a: Clodsire|Recover|p1a: Clodsire
|-heal|p1a: Clodsire|100/100 brn
|
|-heal|p2a: Great Tusk|72/100 tox|[from] item: Leftovers
|-damage|p2a: Great Tusk|65/100 tox|[from] psn
|-damage|p1a: Clodsire|94/100 brn|[from] brn
|upkeep
|turn|26
|
|t:|1743803716
|switch|p1a: Bronzong|Bronzong|87/100
|-damage|p1a: Bronzong|80/100|[from] Stealth Rock
|move|p2a: Great Tusk|Close Combat|p1a: Bronzong
|-damage|p1a: Bronzong|26/100
|-unboost|p2a: Great Tusk|def|1
|-unboost|p2a: Great Tusk|spd|1
|
|-heal|p2a: Great Tusk|72/100 tox|[from] item: Leftovers
|-damage|p2a: Great Tusk|59/100 tox|[from] psn
|upkeep
|turn|27
|
|t:|1743803728
|-end|p2a: Great Tusk|Protosynthesis|[silent]
|switch|p2a: Bellibolt|Bellibolt, M|63/100
|switch|p1a: Moltres|Moltres|86/100
|-ability|p1a: Moltres|Pressure
|
|-heal|p2a: Bellibolt|69/100|[from] item: Leftovers
|upkeep
|turn|28
|
|t:|1743803739
|switch|p1a: Clodsire|Clodsire, F|94/100 brn
|switch|p2a: Great Tusk|Great Tusk|59/100 tox
|
|-heal|p2a: Great Tusk|65/100 tox|[from] item: Leftovers
|-damage|p2a: Great Tusk|59/100 tox|[from] psn
|-damage|p1a: Clodsire|88/100 brn|[from] brn
|upkeep
|turn|29
|
|t:|1743803745
|switch|p1a: Bronzong|Bronzong|26/100
|-damage|p1a: Bronzong|20/100|[from] Stealth Rock
|move|p2a: Great Tusk|Headlong Rush|p1a: Bronzong
|-immune|p1a: Bronzong|[from] ability: Levitate
|
|-heal|p2a: Great Tusk|65/100 tox|[from] item: Leftovers
|-damage|p2a: Great Tusk|53/100 tox|[from] psn
|upkeep
|turn|30
|
|t:|1743803748
|move|p2a: Great Tusk|Close Combat|p1a: Bronzong
|-damage|p1a: Bronzong|0 fnt
|-unboost|p2a: Great Tusk|def|1
|-unboost|p2a: Great Tusk|spd|1
|faint|p1a: Bronzong
|
|-heal|p2a: Great Tusk|59/100 tox|[from] item: Leftovers
|-damage|p2a: Great Tusk|41/100 tox|[from] psn
|upkeep
|
|t:|1743803761
|switch|p1a: Great Tusk|Great Tusk|87/100
|turn|31
|
|t:|1743803764
|move|p1a: Great Tusk|Rapid Spin|p2a: Great Tusk
|-damage|p2a: Great Tusk|23/100 tox
|-boost|p1a: Great Tusk|spe|1
|-sideend|p1: Havestol|Spikes|[from] move: Rapid Spin|[of] p1a: Great Tusk
|-sideend|p1: Havestol|Stealth Rock|[from] move: Rapid Spin|[of] p1a: Great Tusk
|move|p2a: Great Tusk|Ice Spinner|p1a: Great Tusk
|-supereffective|p1a: Great Tusk
|-damage|p1a: Great Tusk|44/100
|
|-heal|p2a: Great Tusk|30/100 tox|[from] item: Leftovers
|-damage|p2a: Great Tusk|5/100 tox|[from] psn
|upkeep
|turn|32
|
|t:|1743803773
|move|p1a: Great Tusk|Rapid Spin|p2a: Great Tusk
|-damage|p2a: Great Tusk|0 fnt
|-boost|p1a: Great Tusk|spe|1
|faint|p2a: Great Tusk
|-end|p2a: Great Tusk|Protosynthesis|[silent]
|
|upkeep
|
|t:|1743803779
|switch|p2a: Bellibolt|Bellibolt, M|69/100
|turn|33
|
|t:|1743803782
|move|p1a: Great Tusk|Earthquake|p2a: Bellibolt
|-supereffective|p2a: Bellibolt
|-damage|p2a: Bellibolt|0 fnt
|faint|p2a: Bellibolt
|
|upkeep
|
|t:|1743803785
|switch|p2a: Iron Valiant|Iron Valiant|100/100
|turn|34
|
|t:|1743803792
|move|p1a: Great Tusk|Earthquake|p2a: Iron Valiant
|-damage|p2a: Iron Valiant|37/100
|move|p2a: Iron Valiant|Calm Mind|p2a: Iron Valiant
|-boost|p2a: Iron Valiant|spa|1
|-boost|p2a: Iron Valiant|spd|1
|
|upkeep
|turn|35
|-message|Driz0 forfeited.
|
|win|Havestol
|raw|Havestol's rating: 1283 &rarr; <strong>1305</strong><br />(+22 for winning)
|raw|Driz0's rating: 1248 &rarr; <strong>1226</strong><br />(-22 for losing)
|l|☆Driz0
|player|p2|
|l|☆Havestol
|player|p1|
