|j|☆Jeansmaster69
|j|☆mirav3d
|t:|1743877385
|gametype|singles
|player|p1|Jeansmaster69|101|1413
|player|p2|mirav3d|doctor|1379
|teamsize|p1|6
|teamsize|p2|6
|gen|9
|tier|[Gen 9] OU
|rated|
|rule|HP Percentage Mod: HP is shown in percentages
|rule|Endless Battle Clause: Forcing endless battles is banned
|rule|Species Clause: Limit one of each Pokémon
|rule|OHKO Clause: OHKO moves are banned
|rule|Evasion Items Clause: Evasion items are banned
|rule|Evasion Moves Clause: Evasion moves are banned
|rule|Sleep Moves Clause: Sleep-inducing moves are banned
|clearpoke
|poke|p1|Ninetales, M|
|poke|p1|Venusaur, F|
|poke|p1|Thundurus, M|
|poke|p1|Lilligant-Hisui, F|
|poke|p1|Latias, F|
|poke|p1|Skarmory, M|
|poke|p2|Rabsca, F|
|poke|p2|Slowking-Galar, M|
|poke|p2|Ursaluna, F|
|poke|p2|Azumarill, F|
|poke|p2|Mimikyu, M|
|poke|p2|Kingambit, F|
|teampreview
|inactive|Battle timer is ON: inactive players will automatically lose when time's up. (requested by Jeansmaster69)
|
|t:|1743877403
|start
|switch|p1a: Ninetales|Ninetales, M|100/100
|switch|p2a: Azumarill|Azumarill, F|100/100
|-weather|SunnyDay|[from] ability: Drought|[of] p1a: Ninetales
|turn|1
|
|t:|1743877407
|move|p1a: Ninetales|Will-O-Wisp|p2a: Azumarill
|-status|p2a: Azumarill|brn
|move|p2a: Azumarill|Knock Off|p1a: Ninetales
|-damage|p1a: Ninetales|77/100
|-enditem|p1a: Ninetales|Heat Rock|[from] move: Knock Off|[of] p2a: Azumarill
|
|-weather|SunnyDay|[upkeep]
|-damage|p2a: Azumarill|94/100 brn|[from] brn
|upkeep
|turn|2
|
|t:|1743877422
|switch|p1a: Venusaur|Venusaur, F|100/100
|move|p2a: Azumarill|Knock Off|p1a: Venusaur
|-damage|p1a: Venusaur|79/100
|-enditem|p1a: Venusaur|Life Orb|[from] move: Knock Off|[of] p2a: Azumarill
|
|-weather|SunnyDay|[upkeep]
|-damage|p2a: Azumarill|88/100 brn|[from] brn
|upkeep
|turn|3
|
|t:|1743877428
|switch|p2a: Slowking|Slowking-Galar, M|100/100
|move|p1a: Venusaur|Growth|p1a: Venusaur
|-boost|p1a: Venusaur|atk|2
|-boost|p1a: Venusaur|spa|2
|
|-weather|SunnyDay|[upkeep]
|upkeep
|turn|4
|
|t:|1743877432
|move|p1a: Venusaur|Weather Ball|p2a: Slowking
|-damage|p2a: Slowking|23/100
|move|p2a: Slowking|Trick Room|p2a: Slowking
|-fieldstart|move: Trick Room|[of] p2a: Slowking
|
|-weather|SunnyDay|[upkeep]
|upkeep
|turn|5
|
|t:|1743877448
|move|p2a: Slowking|Fire Blast|p1a: Venusaur|[miss]
|-miss|p2a: Slowking|p1a: Venusaur
|move|p1a: Venusaur|Giga Drain|p2a: Slowking
|-resisted|p2a: Slowking
|-damage|p2a: Slowking|0 fnt
|-heal|p1a: Venusaur|91/100|[from] drain|[of] p2a: Slowking
|faint|p2a: Slowking
|
|-weather|SunnyDay|[upkeep]
|upkeep
|
|t:|1743877466
|switch|p2a: Mimikyu|Mimikyu, M|100/100
|turn|6
|
|t:|1743877475
|move|p2a: Mimikyu|Curse|p1a: Venusaur
|-start|p1a: Venusaur|Curse|[of] p2a: Mimikyu
|-damage|p2a: Mimikyu|51/100
|move|p1a: Venusaur|Sludge Bomb|p2a: Mimikyu
|-activate|p2a: Mimikyu|ability: Disguise
|-damage|p2a: Mimikyu|51/100
|-status|p2a: Mimikyu|psn
|detailschange|p2a: Mimikyu|Mimikyu-Busted, M
|-damage|p2a: Mimikyu|38/100 psn|[from] pokemon: Mimikyu-Busted
|
|-weather|SunnyDay|[upkeep]
|-damage|p2a: Mimikyu|26/100 psn|[from] psn
|-damage|p1a: Venusaur|66/100|[from] Curse
|upkeep
|turn|7
|
|t:|1743877496
|move|p2a: Mimikyu|Destiny Bond|p2a: Mimikyu
|-singlemove|p2a: Mimikyu|Destiny Bond
|move|p1a: Venusaur|Sludge Bomb|p2a: Mimikyu
|-damage|p2a: Mimikyu|0 fnt
|faint|p2a: Mimikyu
|-activate|p2a: Mimikyu|move: Destiny Bond
|faint|p1a: Venusaur
|
|-weather|SunnyDay|[upkeep]
|upkeep
|inactive|Jeansmaster69 has 120 seconds left.
|inactive|mirav3d has 120 seconds left.
|inactive|mirav3d has 90 seconds left.
|
|t:|1743877584
|switch|p1a: Thundurus|Thundurus, M|100/100
|switch|p2a: Azumarill|Azumarill, F|88/100 brn
|turn|8
|
|t:|1743877589
|move|p2a: Azumarill|Knock Off|p1a: Thundurus
|-damage|p1a: Thundurus|73/100
|-enditem|p1a: Thundurus|Heat Rock|[from] move: Knock Off|[of] p2a: Azumarill
|move|p1a: Thundurus|Volt Switch|p2a: Azumarill
|-supereffective|p2a: Azumarill
|-damage|p2a: Azumarill|49/100 brn
|
|t:|1743877598
|switch|p1a: Lilligant|Lilligant-Hisui, F|100/100|[from] Volt Switch
|
|-weather|none
|-damage|p2a: Azumarill|43/100 brn|[from] brn
|-fieldend|move: Trick Room
|upkeep
|turn|9
|inactive|mirav3d has 60 seconds left.
|
|t:|1743877641
|move|p1a: Lilligant|Victory Dance|p1a: Lilligant
|-boost|p1a: Lilligant|atk|1
|-boost|p1a: Lilligant|def|1
|-boost|p1a: Lilligant|spe|1
|move|p2a: Azumarill|Play Rough|p1a: Lilligant
|-supereffective|p1a: Lilligant
|-damage|p1a: Lilligant|55/100
|
|-damage|p2a: Azumarill|37/100 brn|[from] brn
|upkeep
|turn|10
|
|t:|1743877652
|move|p1a: Lilligant|Axe Kick|p2a: Azumarill
|-resisted|p2a: Azumarill
|-damage|p2a: Azumarill|0 fnt
|faint|p2a: Azumarill
|
|upkeep
|
|t:|1743877654
|switch|p2a: Rabsca|Rabsca, F|100/100
|turn|11
|
|t:|1743877661
|-terastallize|p1a: Lilligant|Rock
|move|p1a: Lilligant|Tera Blast|p2a: Rabsca|[anim] Tera Blast Rock
|-supereffective|p2a: Rabsca
|-damage|p2a: Rabsca|7/100
|move|p2a: Rabsca|Trick Room|p2a: Rabsca
|-fieldstart|move: Trick Room|[of] p2a: Rabsca
|
|upkeep
|turn|12
|
|t:|1743877676
|switch|p1a: Ninetales|Ninetales, M|77/100
|-weather|SunnyDay|[from] ability: Drought|[of] p1a: Ninetales
|move|p2a: Rabsca|Memento|p1a: Ninetales
|-unboost|p1a: Ninetales|atk|2
|-unboost|p1a: Ninetales|spa|2
|faint|p2a: Rabsca
|
|-weather|SunnyDay|[upkeep]
|upkeep
|
|t:|1743877679
|switch|p2a: Ursaluna|Ursaluna, F|100/100
|turn|13
|
|t:|1743877689
|move|p2a: Ursaluna|Swords Dance|p2a: Ursaluna
|-boost|p2a: Ursaluna|atk|2
|move|p1a: Ninetales|Memento|p2a: Ursaluna
|-unboost|p2a: Ursaluna|atk|2
|-unboost|p2a: Ursaluna|spa|2
|faint|p1a: Ninetales
|
|-weather|SunnyDay|[upkeep]
|-status|p2a: Ursaluna|brn|[from] item: Flame Orb
|upkeep
|
|t:|1743877694
|switch|p1a: Skarmory|Skarmory, M|100/100
|turn|14
|-message|mirav3d forfeited.
|
|win|Jeansmaster69
|raw|Jeansmaster69's rating: 1413 &rarr; <strong>1431</strong><br />(+18 for winning)
|raw|mirav3d's rating: 1379 &rarr; <strong>1361</strong><br />(-18 for losing)
|l|☆mirav3d
|player|p2|
|l|☆Jeansmaster69
|player|p1|
