|j|☆sillysquare
|j|☆2(H2O)-Alt
|t:|1743886427
|gametype|singles
|player|p1|sillysquare|dancer|1643
|player|p2|2(H2O)-Alt|chase|1717
|teamsize|p1|6
|teamsize|p2|6
|gen|9
|tier|[Gen 9] OU
|rated|
|rule|HP Percentage Mod: HP is shown in percentages
|rule|Endless Battle Clause: Forcing endless battles is banned
|rule|Species Clause: Limit one of each Pokémon
|rule|OHKO Clause: OHKO moves are banned
|rule|Evasion Items Clause: Evasion items are banned
|rule|Evasion Moves Clause: Evasion moves are banned
|rule|Sleep Moves Clause: Sleep-inducing moves are banned
|clearpoke
|poke|p1|Tauros-Paldea-Blaze, M|
|poke|p1|Kingambit, M|
|poke|p1|Ting-Lu|
|poke|p1|Pecharunt|
|poke|p1|Ogerpon-Wellspring, F|
|poke|p1|Great Tusk|
|poke|p2|Kingambit, M|
|poke|p2|Weavile, M|
|poke|p2|Zapdos|
|poke|p2|Samurott-Hisui, M|
|poke|p2|Slowking-Galar, M|
|poke|p2|Scream Tail|
|teampreview
|inactive|Battle timer is ON: inactive players will automatically lose when time's up. (requested by 2(H2O)-Alt)
|c|☆2(H2O)-Alt|Hf big bro
|c|☆sillysquare|u2
|
|t:|1743886446
|start
|switch|p1a: Tauros|Tauros-Paldea-Blaze, M|100/100
|switch|p2a: Zapdos|Zapdos|100/100
|-ability|p1a: Tauros|Intimidate|boost
|-unboost|p2a: Zapdos|atk|1
|turn|1
|
|t:|1743886452
|switch|p1a: Ting-Lu|Ting-Lu|100/100
|-ability|p1a: Ting-Lu|Vessel of Ruin
|move|p2a: Zapdos|Hurricane|p1a: Ting-Lu
|-crit|p1a: Ting-Lu
|-damage|p1a: Ting-Lu|71/100
|
|-heal|p1a: Ting-Lu|77/100|[from] item: Leftovers
|upkeep
|turn|2
|
|t:|1743886463
|switch|p2a: Scream Tail|Scream Tail|100/100
|move|p1a: Ting-Lu|Stealth Rock|p2a: Scream Tail
|-sidestart|p2: 2(H2O)-Alt|move: Stealth Rock
|
|-heal|p1a: Ting-Lu|84/100|[from] item: Leftovers
|upkeep
|turn|3
|
|t:|1743886469
|move|p2a: Scream Tail|Stealth Rock|p1a: Ting-Lu
|-sidestart|p1: sillysquare|move: Stealth Rock
|move|p1a: Ting-Lu|Ruination|p2a: Scream Tail
|-damage|p2a: Scream Tail|50/100
|
|-heal|p2a: Scream Tail|57/100|[from] item: Leftovers
|-heal|p1a: Ting-Lu|90/100|[from] item: Leftovers
|upkeep
|turn|4
|
|t:|1743886474
|move|p2a: Scream Tail|Wish|p2a: Scream Tail
|move|p1a: Ting-Lu|Earthquake|p2a: Scream Tail
|-damage|p2a: Scream Tail|30/100
|
|-heal|p2a: Scream Tail|36/100|[from] item: Leftovers
|-heal|p1a: Ting-Lu|96/100|[from] item: Leftovers
|upkeep
|turn|5
|
|t:|1743886480
|move|p2a: Scream Tail|Protect|p2a: Scream Tail
|-singleturn|p2a: Scream Tail|Protect
|move|p1a: Ting-Lu|Earthquake|p2a: Scream Tail
|-activate|p2a: Scream Tail|move: Protect
|
|-heal|p2a: Scream Tail|86/100|[from] move: Wish|[wisher] Scream Tail
|-heal|p2a: Scream Tail|92/100|[from] item: Leftovers
|-heal|p1a: Ting-Lu|100/100|[from] item: Leftovers
|upkeep
|turn|6
|
|t:|1743886486
|switch|p1a: Pecharunt|Pecharunt|100/100
|move|p2a: Scream Tail|Wish|p2a: Scream Tail
|
|-heal|p2a: Scream Tail|98/100|[from] item: Leftovers
|upkeep
|turn|7
|
|t:|1743886491
|-end|p2a: Scream Tail|Protosynthesis|[silent]
|switch|p2a: Slowking|Slowking-Galar, M|100/100
|move|p1a: Pecharunt|Malignant Chain|p2a: Slowking
|-resisted|p2a: Slowking
|-damage|p2a: Slowking|92/100
|
|-heal|p2a: Slowking|100/100|[from] move: Wish|[wisher] Scream Tail
|upkeep
|turn|8
|
|t:|1743886500
|move|p1a: Pecharunt|Parting Shot|p2a: Slowking
|-unboost|p2a: Slowking|atk|1
|-unboost|p2a: Slowking|spa|1
|
|t:|1743886502
|switch|p1a: Great Tusk|Great Tusk|100/100|[from] Parting Shot
|-prepare|p2a: Slowking|Chilly Reception|[premajor]
|move|p2a: Slowking|Chilly Reception|p2a: Slowking
|-weather|Snowscape
|
|t:|1743886507
|switch|p2a: Zapdos|Zapdos|100/100|[from] Chilly Reception
|
|-weather|Snowscape|[upkeep]
|upkeep
|turn|9
|
|t:|1743886511
|-end|p1a: Great Tusk|Protosynthesis|[silent]
|switch|p1a: Ting-Lu|Ting-Lu|100/100
|-damage|p1a: Ting-Lu|94/100|[from] Stealth Rock
|-ability|p1a: Ting-Lu|Vessel of Ruin
|switch|p2a: Samurott|Samurott-Hisui, M|100/100
|
|-weather|Snowscape|[upkeep]
|-heal|p1a: Ting-Lu|100/100|[from] item: Leftovers
|upkeep
|turn|10
|j| Anemoo
|
|t:|1743886523
|move|p2a: Samurott|Knock Off|p1a: Ting-Lu
|-resisted|p1a: Ting-Lu
|-damage|p1a: Ting-Lu|89/100
|-enditem|p1a: Ting-Lu|Leftovers|[from] move: Knock Off|[of] p2a: Samurott
|move|p1a: Ting-Lu|Ruination|p2a: Samurott
|-damage|p2a: Samurott|50/100
|
|-weather|Snowscape|[upkeep]
|upkeep
|turn|11
|
|t:|1743886536
|switch|p2a: Scream Tail|Scream Tail|98/100
|-damage|p2a: Scream Tail|86/100|[from] Stealth Rock
|switch|p1a: Great Tusk|Great Tusk|100/100
|
|-weather|Snowscape|[upkeep]
|-heal|p2a: Scream Tail|92/100|[from] item: Leftovers
|upkeep
|turn|12
|l| Anemoo
|
|t:|1743886543
|-end|p1a: Great Tusk|Protosynthesis|[silent]
|switch|p1a: Pecharunt|Pecharunt|100/100
|move|p2a: Scream Tail|Protect||[still]
|-fail|p2a: Scream Tail
|
|-weather|none
|-heal|p2a: Scream Tail|98/100|[from] item: Leftovers
|upkeep
|turn|13
|
|t:|1743886550
|move|p2a: Scream Tail|Protect|p2a: Scream Tail
|-singleturn|p2a: Scream Tail|Protect
|move|p1a: Pecharunt|Parting Shot|p2a: Scream Tail
|-activate|p2a: Scream Tail|move: Protect
|
|-heal|p2a: Scream Tail|100/100|[from] item: Leftovers
|upkeep
|turn|14
|
|t:|1743886558
|-end|p2a: Scream Tail|Protosynthesis|[silent]
|switch|p2a: Slowking|Slowking-Galar, M|100/100
|move|p1a: Pecharunt|Malignant Chain|p2a: Slowking
|-resisted|p2a: Slowking
|-damage|p2a: Slowking|91/100
|
|upkeep
|turn|15
|
|t:|1743886563
|move|p1a: Pecharunt|Hex|p2a: Slowking
|-supereffective|p2a: Slowking
|-damage|p2a: Slowking|67/100
|-prepare|p2a: Slowking|Chilly Reception|[premajor]
|move|p2a: Slowking|Chilly Reception|p2a: Slowking
|-weather|Snowscape
|
|t:|1743886575
|switch|p2a: Kingambit|Kingambit, M|100/100|[from] Chilly Reception
|
|-weather|Snowscape|[upkeep]
|upkeep
|turn|16
|
|t:|1743886587
|-end|p2a: Kingambit|fallenundefined|[silent]
|switch|p2a: Scream Tail|Scream Tail|100/100
|-damage|p2a: Scream Tail|88/100|[from] Stealth Rock
|move|p1a: Pecharunt|Parting Shot|p2a: Scream Tail
|-unboost|p2a: Scream Tail|atk|1
|-unboost|p2a: Scream Tail|spa|1
|
|t:|1743886594
|switch|p1a: Great Tusk|Great Tusk|100/100|[from] Parting Shot
|
|-weather|Snowscape|[upkeep]
|-heal|p2a: Scream Tail|94/100|[from] item: Leftovers
|upkeep
|turn|17
|
|t:|1743886598
|move|p2a: Scream Tail|Protect|p2a: Scream Tail
|-singleturn|p2a: Scream Tail|Protect
|move|p1a: Great Tusk|Rapid Spin|p2a: Scream Tail
|-activate|p2a: Scream Tail|move: Protect
|
|-weather|Snowscape|[upkeep]
|-heal|p2a: Scream Tail|100/100|[from] item: Leftovers
|upkeep
|turn|18
|
|t:|1743886605
|-end|p2a: Scream Tail|Protosynthesis|[silent]
|switch|p2a: Zapdos|Zapdos|100/100
|move|p1a: Great Tusk|Rapid Spin|p2a: Zapdos
|-damage|p2a: Zapdos|88/100
|-boost|p1a: Great Tusk|spe|1
|-status|p1a: Great Tusk|par|[from] ability: Static|[of] p2a: Zapdos
|-sideend|p1: sillysquare|Stealth Rock|[from] move: Rapid Spin|[of] p1a: Great Tusk
|
|-weather|Snowscape|[upkeep]
|upkeep
|turn|19
|
|t:|1743886618
|-end|p1a: Great Tusk|Protosynthesis|[silent]
|switch|p1a: Ting-Lu|Ting-Lu|89/100
|-ability|p1a: Ting-Lu|Vessel of Ruin
|move|p2a: Zapdos|Hurricane|p1a: Ting-Lu
|-damage|p1a: Ting-Lu|72/100
|
|-weather|none
|upkeep
|turn|20
|
|t:|1743886630
|switch|p2a: Scream Tail|Scream Tail|100/100
|-damage|p2a: Scream Tail|88/100|[from] Stealth Rock
|move|p1a: Ting-Lu|Ruination|p2a: Scream Tail
|-damage|p2a: Scream Tail|44/100
|
|-heal|p2a: Scream Tail|50/100|[from] item: Leftovers
|upkeep
|turn|21
|
|t:|1743886643
|switch|p1a: Ogerpon|Ogerpon-Wellspring, F|100/100
|move|p2a: Scream Tail|Wish|p2a: Scream Tail
|
|-heal|p2a: Scream Tail|57/100|[from] item: Leftovers
|upkeep
|turn|22
|
|t:|1743886657
|move|p2a: Scream Tail|Encore||[still]
|-fail|p2a: Scream Tail
|move|p1a: Ogerpon|Ivy Cudgel|p2a: Scream Tail|[anim] Ivy Cudgel Water
|-damage|p2a: Scream Tail|7/100
|
|-heal|p2a: Scream Tail|57/100|[from] move: Wish|[wisher] Scream Tail
|-heal|p2a: Scream Tail|64/100|[from] item: Leftovers
|upkeep
|turn|23
|
|t:|1743886665
|move|p2a: Scream Tail|Protect|p2a: Scream Tail
|-singleturn|p2a: Scream Tail|Protect
|move|p1a: Ogerpon|Ivy Cudgel|p2a: Scream Tail|[anim] Ivy Cudgel Water
|-activate|p2a: Scream Tail|move: Protect
|
|-heal|p2a: Scream Tail|70/100|[from] item: Leftovers
|upkeep
|turn|24
|
|t:|1743886674
|-end|p2a: Scream Tail|Protosynthesis|[silent]
|switch|p2a: Zapdos|Zapdos|88/100
|move|p1a: Ogerpon|Ivy Cudgel|p2a: Zapdos|[anim] Ivy Cudgel Water
|-damage|p2a: Zapdos|44/100
|
|upkeep
|turn|25
|
|t:|1743886681
|-terastallize|p2a: Zapdos|Grass
|move|p1a: Ogerpon|Ivy Cudgel|p2a: Zapdos|[anim] Ivy Cudgel Water
|-resisted|p2a: Zapdos
|-damage|p2a: Zapdos|25/100
|move|p2a: Zapdos|Thunder Wave|p1a: Ogerpon
|-status|p1a: Ogerpon|par
|
|upkeep
|turn|26
|
|t:|1743886699
|switch|p1a: Pecharunt|Pecharunt|100/100
|move|p2a: Zapdos|Roost|p2a: Zapdos
|-heal|p2a: Zapdos|75/100
|
|upkeep
|turn|27
|
|t:|1743886704
|switch|p2a: Slowking|Slowking-Galar, M|99/100
|move|p1a: Pecharunt|Parting Shot|p2a: Slowking
|-unboost|p2a: Slowking|atk|1
|-unboost|p2a: Slowking|spa|1
|
|t:|1743886718
|switch|p1a: Great Tusk|Great Tusk|100/100 par|[from] Parting Shot
|
|upkeep
|turn|28
|
|t:|1743886724
|move|p1a: Great Tusk|Headlong Rush|p2a: Slowking
|-supereffective|p2a: Slowking
|-damage|p2a: Slowking|0 fnt
|-unboost|p1a: Great Tusk|def|1
|-unboost|p1a: Great Tusk|spd|1
|faint|p2a: Slowking
|
|upkeep
|
|t:|1743886728
|switch|p2a: Samurott|Samurott-Hisui, M|50/100
|turn|29
|-message|2(H2O)-Alt forfeited.
|
|win|sillysquare
|raw|sillysquare's rating: 1643 &rarr; <strong>1667</strong><br />(+24 for winning)
|raw|2(H2O)-Alt's rating: 1717 &rarr; <strong>1693</strong><br />(-24 for losing)
|l|☆2(H2O)-Alt
|player|p2|
|l|☆sillysquare
|player|p1|
