|j|☆daswaggyturdle
|j|☆Coldwiii
|t:|1743908633
|gametype|singles
|player|p1|daswaggyturdle|policeman-gen4|1660
|player|p2|Coldwiii|wattson|1579
|teamsize|p1|6
|teamsize|p2|6
|gen|9
|tier|[Gen 9] OU
|rated|
|rule|HP Percentage Mod: HP is shown in percentages
|rule|Endless Battle Clause: Forcing endless battles is banned
|rule|Species Clause: Limit one of each Pokémon
|rule|OHKO Clause: OHKO moves are banned
|rule|Evasion Items Clause: Evasion items are banned
|rule|Evasion Moves Clause: Evasion moves are banned
|rule|Sleep Moves Clause: Sleep-inducing moves are banned
|clearpoke
|poke|p1|Gholdengo|
|poke|p1|Ribombee, F|
|poke|p1|Zamazenta-*|
|poke|p1|Ting-Lu|
|poke|p1|Kyurem|
|poke|p1|Scizor, F|
|poke|p2|Latios, M|
|poke|p2|Toxapex, F|
|poke|p2|Mandibuzz, F|
|poke|p2|Iron Treads|
|poke|p2|Arcanine-Hisui, F|
|poke|p2|Sinistcha|
|teampreview
|c|☆Coldwiii|glhf
|inactive|Battle timer is ON: inactive players will automatically lose when time's up. (requested by Coldwiii)
|c|☆daswaggyturdle|u2
|
|t:|1743908654
|start
|switch|p1a: Honey Honey|Ribombee, F|100/100
|switch|p2a: Iron Treads|Iron Treads|100/100
|turn|1
|
|t:|1743908662
|move|p1a: Honey Honey|Stun Spore|p2a: Iron Treads
|-status|p2a: Iron Treads|par
|cant|p2a: Iron Treads|par
|
|upkeep
|turn|2
|
|t:|1743908667
|move|p1a: Honey Honey|Sticky Web|p2a: Iron Treads
|-sidestart|p2: Coldwiii|move: Sticky Web
|move|p2a: Iron Treads|Knock Off|p1a: Honey Honey
|-resisted|p1a: Honey Honey
|-damage|p1a: Honey Honey|76/100
|-enditem|p1a: Honey Honey|Focus Sash|[from] move: Knock Off|[of] p2a: Iron Treads
|
|upkeep
|turn|3
|
|t:|1743908673
|switch|p1a: The Oscar|Gholdengo|100/100
|-item|p1a: The Oscar|Air Balloon
|move|p2a: Iron Treads|Rapid Spin|p1a: The Oscar
|-immune|p1a: The Oscar
|
|upkeep
|turn|4
|
|t:|1743908679
|move|p1a: The Oscar|Nasty Plot|p1a: The Oscar
|-boost|p1a: The Oscar|spa|2
|move|p2a: Iron Treads|Knock Off|p1a: The Oscar
|-supereffective|p1a: The Oscar
|-damage|p1a: The Oscar|48/100
|-enditem|p1a: The Oscar|Air Balloon
|
|upkeep
|turn|5
|
|t:|1743908690
|move|p1a: The Oscar|Shadow Ball|p2a: Iron Treads
|-damage|p2a: Iron Treads|18/100 par
|move|p2a: Iron Treads|Earthquake|p1a: The Oscar
|-supereffective|p1a: The Oscar
|-damage|p1a: The Oscar|0 fnt
|faint|p1a: The Oscar
|
|-heal|p2a: Iron Treads|24/100 par|[from] item: Leftovers
|upkeep
|
|t:|1743908702
|switch|p1a: Kyurem|Kyurem|100/100
|-ability|p1a: Kyurem|Pressure
|turn|6
|
|t:|1743908707
|move|p1a: Kyurem|Freeze-Dry|p2a: Iron Treads
|-damage|p2a: Iron Treads|0 fnt
|faint|p2a: Iron Treads
|-end|p2a: Iron Treads|Quark Drive|[silent]
|
|upkeep
|
|t:|1743908712
|switch|p2a: Latios|Latios, M, shiny|100/100
|turn|7
|
|t:|1743908718
|switch|p1a: ooo ee oo aa aa|Ting-Lu|100/100
|-ability|p1a: ooo ee oo aa aa|Vessel of Ruin
|-terastallize|p2a: Latios|Steel
|move|p2a: Latios|Calm Mind|p2a: Latios
|-boost|p2a: Latios|spa|1
|-boost|p2a: Latios|spd|1
|
|upkeep
|turn|8
|
|t:|1743908732
|move|p2a: Latios|Draco Meteor|p1a: ooo ee oo aa aa
|-damage|p1a: ooo ee oo aa aa|47/100
|-unboost|p2a: Latios|spa|2
|move|p1a: ooo ee oo aa aa|Whirlwind|p2a: Latios
|drag|p2a: Arcanine|Arcanine-Hisui, F|100/100
|-activate|p2a: Arcanine|move: Sticky Web
|-unboost|p2a: Arcanine|spe|1
|
|-heal|p1a: ooo ee oo aa aa|53/100|[from] item: Leftovers
|upkeep
|turn|9
|
|t:|1743908751
|move|p2a: Arcanine|Close Combat|p1a: ooo ee oo aa aa
|-supereffective|p1a: ooo ee oo aa aa
|-damage|p1a: ooo ee oo aa aa|0 fnt
|-unboost|p2a: Arcanine|def|1
|-unboost|p2a: Arcanine|spd|1
|faint|p1a: ooo ee oo aa aa
|
|upkeep
|
|t:|1743908759
|switch|p1a: Neck Brace|Zamazenta|100/100
|-ability|p1a: Neck Brace|Dauntless Shield|boost
|-boost|p1a: Neck Brace|def|1
|turn|10
|
|t:|1743908768
|switch|p2a: Toxapex|Toxapex, F, shiny|100/100
|-activate|p2a: Toxapex|move: Sticky Web
|-unboost|p2a: Toxapex|spe|1
|move|p1a: Neck Brace|Substitute|p1a: Neck Brace
|-start|p1a: Neck Brace|Substitute
|-damage|p1a: Neck Brace|76/100
|
|-heal|p1a: Neck Brace|82/100|[from] item: Leftovers
|upkeep
|turn|11
|
|t:|1743908790
|switch|p2a: Sinistcha|Sinistcha, shiny|100/100
|move|p1a: Neck Brace|Iron Defense|p1a: Neck Brace
|-boost|p1a: Neck Brace|def|2
|
|-heal|p1a: Neck Brace|88/100|[from] item: Leftovers
|upkeep
|turn|12
|
|t:|1743908800
|move|p1a: Neck Brace|Crunch|p2a: Sinistcha
|-supereffective|p2a: Sinistcha
|-damage|p2a: Sinistcha|68/100
|move|p2a: Sinistcha|Shadow Ball|p1a: Neck Brace
|-end|p1a: Neck Brace|Substitute
|
|-heal|p1a: Neck Brace|94/100|[from] item: Leftovers
|upkeep
|turn|13
|
|t:|1743908814
|move|p1a: Neck Brace|Substitute|p1a: Neck Brace
|-start|p1a: Neck Brace|Substitute
|-damage|p1a: Neck Brace|69/100
|move|p2a: Sinistcha|Matcha Gotcha|p1a: Neck Brace
|-end|p1a: Neck Brace|Substitute
|-heal|p2a: Sinistcha|79/100|[from] drain|[of] p1a: Neck Brace
|
|-heal|p1a: Neck Brace|75/100|[from] item: Leftovers
|upkeep
|turn|14
|
|t:|1743908823
|move|p1a: Neck Brace|Crunch|p2a: Sinistcha
|-supereffective|p2a: Sinistcha
|-damage|p2a: Sinistcha|46/100
|move|p2a: Sinistcha|Strength Sap|p1a: Neck Brace
|-unboost|p1a: Neck Brace|atk|1
|-heal|p2a: Sinistcha|100/100
|
|-heal|p1a: Neck Brace|81/100|[from] item: Leftovers
|upkeep
|turn|15
|
|t:|1743908833
|switch|p1a: Honey Honey|Ribombee, F|76/100
|move|p2a: Sinistcha|Shadow Ball|p1a: Honey Honey
|-damage|p1a: Honey Honey|22/100
|
|upkeep
|turn|16
|inactive|Coldwiii has 120 seconds left.
|
|t:|1743908873
|move|p1a: Honey Honey|Moonblast|p2a: Sinistcha
|-damage|p2a: Sinistcha|55/100
|move|p2a: Sinistcha|Shadow Ball|p1a: Honey Honey
|-crit|p1a: Honey Honey
|-damage|p1a: Honey Honey|0 fnt
|faint|p1a: Honey Honey
|
|upkeep
|
|t:|1743908876
|switch|p1a: Kyurem|Kyurem|100/100
|-ability|p1a: Kyurem|Pressure
|turn|17
|
|t:|1743908883
|switch|p2a: Latios|Latios, M, shiny, tera:Steel|100/100
|move|p1a: Kyurem|Scale Shot|p2a: Latios
|-resisted|p2a: Latios
|-damage|p2a: Latios|93/100
|-resisted|p2a: Latios
|-damage|p2a: Latios|86/100
|-resisted|p2a: Latios
|-damage|p2a: Latios|79/100
|-hitcount|p2a: Latios|3
|-unboost|p1a: Kyurem|def|1
|-boost|p1a: Kyurem|spe|1
|
|upkeep
|turn|18
|
|t:|1743908895
|-terastallize|p1a: Kyurem|Fire
|move|p1a: Kyurem|Tera Blast|p2a: Latios|[anim] Tera Blast Fire
|-supereffective|p2a: Latios
|-damage|p2a: Latios|0 fnt
|faint|p2a: Latios
|
|upkeep
|
|t:|1743908901
|switch|p2a: Mandibuzz|Mandibuzz, F|100/100
|turn|19
|
|t:|1743908913
|move|p1a: Kyurem|Freeze-Dry|p2a: Mandibuzz
|-supereffective|p2a: Mandibuzz
|-damage|p2a: Mandibuzz|40/100
|move|p2a: Mandibuzz|Toxic|p1a: Kyurem
|-status|p1a: Kyurem|tox
|
|-damage|p1a: Kyurem|94/100 tox|[from] psn
|upkeep
|turn|20
|inactive|Coldwiii has 120 seconds left.
|
|t:|1743908933
|switch|p2a: Arcanine|Arcanine-Hisui, F|100/100
|-activate|p2a: Arcanine|move: Sticky Web
|-unboost|p2a: Arcanine|spe|1
|move|p1a: Kyurem|Freeze-Dry|p2a: Arcanine
|-resisted|p2a: Arcanine
|-damage|p2a: Arcanine|77/100
|
|-damage|p1a: Kyurem|82/100 tox|[from] psn
|upkeep
|turn|21
|inactive|Coldwiii has 120 seconds left.
|
|t:|1743908946
|switch|p1a: Neck Brace|Zamazenta|81/100
|move|p2a: Arcanine|Extreme Speed|p1a: Neck Brace
|-damage|p1a: Neck Brace|54/100
|
|-heal|p1a: Neck Brace|60/100|[from] item: Leftovers
|upkeep
|turn|22
|inactive|Coldwiii has 120 seconds left.
|
|t:|1743908957
|switch|p2a: Mandibuzz|Mandibuzz, F|40/100
|move|p1a: Neck Brace|Iron Defense|p1a: Neck Brace
|-boost|p1a: Neck Brace|def|2
|
|-heal|p1a: Neck Brace|66/100|[from] item: Leftovers
|upkeep
|turn|23
|inactive|Coldwiii has 120 seconds left.
|
|t:|1743908966
|move|p1a: Neck Brace|Substitute|p1a: Neck Brace
|-start|p1a: Neck Brace|Substitute
|-damage|p1a: Neck Brace|41/100
|move|p2a: Mandibuzz|Roost|p2a: Mandibuzz
|-heal|p2a: Mandibuzz|90/100
|-singleturn|p2a: Mandibuzz|move: Roost
|
|-heal|p1a: Neck Brace|47/100|[from] item: Leftovers
|upkeep
|turn|24
|
|t:|1743908975
|move|p1a: Neck Brace|Crunch|p2a: Mandibuzz
|-resisted|p2a: Mandibuzz
|-damage|p2a: Mandibuzz|83/100
|-damage|p1a: Neck Brace|31/100|[from] item: Rocky Helmet|[of] p2a: Mandibuzz
|move|p2a: Mandibuzz|Defog|p1a: Neck Brace
|-sideend|p2: Coldwiii|Sticky Web|[from] move: Defog|[of] p2a: Mandibuzz
|
|-heal|p1a: Neck Brace|37/100|[from] item: Leftovers
|upkeep
|turn|25
|
|t:|1743908988
|switch|p2a: Arcanine|Arcanine-Hisui, F|77/100
|move|p1a: Neck Brace|Iron Defense|p1a: Neck Brace
|-boost|p1a: Neck Brace|def|2
|
|-heal|p1a: Neck Brace|43/100|[from] item: Leftovers
|upkeep
|turn|26
|inactive|Coldwiii has 120 seconds left.
|
|t:|1743909032
|switch|p2a: Sinistcha|Sinistcha, shiny|55/100
|move|p1a: Neck Brace|Crunch|p2a: Sinistcha
|-supereffective|p2a: Sinistcha
|-damage|p2a: Sinistcha|22/100
|
|-heal|p1a: Neck Brace|49/100|[from] item: Leftovers
|upkeep
|turn|27
|
|t:|1743909042
|move|p1a: Neck Brace|Crunch|p2a: Sinistcha
|-supereffective|p2a: Sinistcha
|-damage|p2a: Sinistcha|0 fnt
|faint|p2a: Sinistcha
|
|-heal|p1a: Neck Brace|55/100|[from] item: Leftovers
|upkeep
|
|t:|1743909049
|switch|p2a: Arcanine|Arcanine-Hisui, F|77/100
|turn|28
|
|t:|1743909052
|move|p2a: Arcanine|Extreme Speed|p1a: Neck Brace
|-crit|p1a: Neck Brace
|-end|p1a: Neck Brace|Substitute
|move|p1a: Neck Brace|Iron Defense|p1a: Neck Brace
|-boost|p1a: Neck Brace|def|2
|
|-heal|p1a: Neck Brace|61/100|[from] item: Leftovers
|upkeep
|turn|29
|
|t:|1743909067
|switch|p2a: Mandibuzz|Mandibuzz, F|83/100
|move|p1a: Neck Brace|Body Press|p2a: Mandibuzz
|-damage|p2a: Mandibuzz|0 fnt
|-damage|p1a: Neck Brace|45/100|[from] item: Rocky Helmet|[of] p2a: Mandibuzz
|faint|p2a: Mandibuzz
|
|-heal|p1a: Neck Brace|51/100|[from] item: Leftovers
|upkeep
|c|☆Coldwiii|gg
|-message|Coldwiii forfeited.
|
|win|daswaggyturdle
|raw|daswaggyturdle's rating: 1660 &rarr; <strong>1675</strong><br />(+15 for winning)
|raw|Coldwiii's rating: 1579 &rarr; <strong>1564</strong><br />(-15 for losing)
|c|☆daswaggyturdle|gg
|l|☆Coldwiii
|player|p2|
|l|☆daswaggyturdle
|player|p1|
|j| LudocyelZ
|l| LudocyelZ
