|badge|p1|bronze|gen9ou|100-5
|uhtml|medal-msg|<div class="broadcast-blue">Curious what those medals under the avatar are? PS now has Ladder Seasons! For more information, check out the <a href="https://www.smogon.com/forums/threads/3740067/">thread on Smogon.</a></div>
|j|☆quinx of ladder
|j|☆poketrep
|t:|1743906589
|gametype|singles
|player|p1|quinx of ladder|lenora|1844
|player|p2|poketrep|swimmerf|1788
|teamsize|p1|6
|teamsize|p2|6
|gen|9
|tier|[Gen 9] OU
|rated|
|rule|HP Percentage Mod: HP is shown in percentages
|rule|Endless Battle Clause: Forcing endless battles is banned
|rule|Species Clause: Limit one of each Pokémon
|rule|OHKO Clause: OHKO moves are banned
|rule|Evasion Items Clause: Evasion items are banned
|rule|Evasion Moves Clause: Evasion moves are banned
|rule|Sleep Moves Clause: Sleep-inducing moves are banned
|clearpoke
|poke|p1|Iron Moth|
|poke|p1|Mamoswine, M|
|poke|p1|Iron Crown|
|poke|p1|Iron Hands|
|poke|p1|Meowscarada, M|
|poke|p1|Primarina, M|
|poke|p2|Rabsca, M|
|poke|p2|Slowking-Galar, M|
|poke|p2|Ursaluna, F|
|poke|p2|Azumarill, M|
|poke|p2|Mimikyu, F|
|poke|p2|Kingambit, M|
|teampreview
|
|t:|1743906605
|start
|switch|p1a: Behemoth|Mamoswine, M, shiny|100/100
|switch|p2a: Shogun|Kingambit, M|100/100
|turn|1
|
|t:|1743906608
|move|p1a: Behemoth|Earthquake|p2a: Shogun
|-supereffective|p2a: Shogun
|-damage|p2a: Shogun|29/100
|move|p2a: Shogun|Iron Head|p1a: Behemoth
|-supereffective|p1a: Behemoth
|-enditem|p1a: Behemoth|Focus Sash
|-damage|p1a: Behemoth|1/100
|
|upkeep
|turn|2
|
|t:|1743906614
|move|p1a: Behemoth|Stealth Rock|p2a: Shogun
|-sidestart|p2: poketrep|move: Stealth Rock
|move|p2a: Shogun|Iron Head|p1a: Behemoth
|-supereffective|p1a: Behemoth
|-damage|p1a: Behemoth|0 fnt
|faint|p1a: Behemoth
|
|upkeep
|
|t:|1743906619
|switch|p1a: Terminator|Iron Hands, shiny|100/100
|-enditem|p1a: Terminator|Booster Energy
|-activate|p1a: Terminator|ability: Quark Drive|[fromitem]
|-start|p1a: Terminator|quarkdriveatk
|turn|3
|
|t:|1743906627
|-end|p2a: Shogun|fallenundefined|[silent]
|switch|p2a: Decoy|Mimikyu, F|100/100
|-damage|p2a: Decoy|88/100|[from] Stealth Rock
|move|p1a: Terminator|Swords Dance|p1a: Terminator
|-boost|p1a: Terminator|atk|2
|
|upkeep
|turn|4
|
|t:|1743906631
|move|p1a: Terminator|Thunder Punch|p2a: Decoy
|-activate|p2a: Decoy|ability: Disguise
|-damage|p2a: Decoy|88/100
|detailschange|p2a: Decoy|Mimikyu-Busted, F
|-damage|p2a: Decoy|76/100|[from] pokemon: Mimikyu-Busted
|move|p2a: Decoy|Trick Room|p2a: Decoy
|-fieldstart|move: Trick Room|[of] p2a: Decoy
|
|upkeep
|turn|5
|j| Ithajiang
|
|t:|1743906638
|move|p1a: Terminator|Ice Punch|p2a: Decoy
|-damage|p2a: Decoy|0 fnt
|faint|p2a: Decoy
|
|upkeep
|
|t:|1743906655
|switch|p2a: Village Crusher|Ursaluna, F|100/100
|-damage|p2a: Village Crusher|94/100|[from] Stealth Rock
|turn|6
|l|☆poketrep
|player|p2|
|j|☆poketrep
|player|p2|poketrep|swimmerf|
|
|t:|1743906684
|switch|p2a: Chad|Azumarill, M|100/100
|-damage|p2a: Chad|88/100|[from] Stealth Rock
|-terastallize|p1a: Terminator|Flying
|move|p1a: Terminator|Drain Punch|p2a: Chad
|-resisted|p2a: Chad
|-damage|p2a: Chad|24/100
|
|upkeep
|turn|7
|j| 976-EVILL
|
|t:|1743906692
|move|p2a: Chad|Liquidation|p1a: Terminator
|-damage|p1a: Terminator|64/100
|-unboost|p1a: Terminator|def|1
|move|p1a: Terminator|Drain Punch|p2a: Chad
|-resisted|p2a: Chad
|-damage|p2a: Chad|0 fnt
|-heal|p1a: Terminator|73/100|[from] drain|[of] p2a: Chad
|faint|p2a: Chad
|
|upkeep
|
|t:|1743906696
|switch|p2a: Village Crusher|Ursaluna, F|94/100
|-damage|p2a: Village Crusher|88/100|[from] Stealth Rock
|turn|8
|
|t:|1743906701
|move|p2a: Village Crusher|Facade|p1a: Terminator
|-damage|p1a: Terminator|37/100
|move|p1a: Terminator|Drain Punch|p2a: Village Crusher
|-supereffective|p2a: Village Crusher
|-damage|p2a: Village Crusher|0 fnt
|-heal|p1a: Terminator|77/100|[from] drain|[of] p2a: Village Crusher
|faint|p2a: Village Crusher
|
|-fieldend|move: Trick Room
|upkeep
|l| Ithajiang
|-message|poketrep forfeited.
|
|win|quinx of ladder
|raw|quinx of ladder's rating: 1844 &rarr; <strong>1861</strong><br />(+17 for winning)
|raw|poketrep's rating: 1788 &rarr; <strong>1771</strong><br />(-17 for losing)
|l|☆poketrep
|player|p2|
|l|☆quinx of ladder
|player|p1|
|l| 976-EVILL
