|j|☆gsgdgdgd
|j|☆Elite4Peach
|t:|1743845490
|gametype|singles
|player|p1|gsgdgdgd|2|1059
|player|p2|Elite4Peach|swimmerf-gen4dp|1050
|teamsize|p1|6
|teamsize|p2|6
|gen|9
|tier|[Gen 9] OU
|rated|
|rule|HP Percentage Mod: HP is shown in percentages
|rule|Endless Battle Clause: Forcing endless battles is banned
|rule|Species Clause: Limit one of each Pokémon
|rule|OHKO Clause: OHKO moves are banned
|rule|Evasion Items Clause: Evasion items are banned
|rule|Evasion Moves Clause: Evasion moves are banned
|rule|Sleep Moves Clause: Sleep-inducing moves are banned
|clearpoke
|poke|p1|Drednaw, F|
|poke|p1|Toxtricity-Low-Key, F|
|poke|p1|Gogoat, M|
|poke|p1|Lycanroc-Midnight, M|
|poke|p1|Breloom, F|
|poke|p1|Chesnaught, M|
|poke|p2|Salazzle, F|
|poke|p2|Tsareena, F|
|poke|p2|Froslass, F|
|poke|p2|Milotic, M|
|poke|p2|Florges, F|
|poke|p2|Mandibuzz, F|
|teampreview
|
|t:|1743845497
|start
|switch|p1a: Breloom|Breloom, F|100/100
|switch|p2a: Froslass|Froslass, F|100/100
|turn|1
|
|t:|1743845504
|move|p2a: Froslass|Shadow Ball|p1a: Breloom
|-damage|p1a: Breloom|38/100
|move|p1a: Breloom|Swords Dance|p1a: Breloom
|-boost|p1a: Breloom|atk|2
|
|upkeep
|turn|2
|
|t:|1743845527
|switch|p1a: Drednaw|Drednaw, F|100/100
|move|p2a: Froslass|Spikes|p1a: Drednaw
|-sidestart|p1: gsgdgdgd|Spikes
|
|upkeep
|turn|3
|
|t:|1743845534
|move|p2a: Froslass|Shadow Ball|p1a: Drednaw
|-damage|p1a: Drednaw|55/100
|move|p1a: Drednaw|Shell Smash|p1a: Drednaw
|-unboost|p1a: Drednaw|def|1
|-unboost|p1a: Drednaw|spd|1
|-boost|p1a: Drednaw|atk|2
|-boost|p1a: Drednaw|spa|2
|-boost|p1a: Drednaw|spe|2
|-enditem|p1a: Drednaw|White Herb
|-clearnegativeboost|p1a: Drednaw|[silent]
|
|upkeep
|turn|4
|
|t:|1743845545
|-terastallize|p1a: Drednaw|Dark
|move|p1a: Drednaw|Crunch|p2a: Froslass
|-supereffective|p2a: Froslass
|-enditem|p2a: Froslass|Focus Sash
|-damage|p2a: Froslass|1/100
|move|p2a: Froslass|Shadow Ball|p1a: Drednaw
|-resisted|p1a: Drednaw
|-damage|p1a: Drednaw|34/100
|
|upkeep
|turn|5
|
|t:|1743845556
|move|p1a: Drednaw|Liquidation|p2a: Froslass
|-damage|p2a: Froslass|0 fnt
|-start|p1a: Drednaw|Disable|Liquidation|[from] ability: Cursed Body|[of] p2a: Froslass
|faint|p2a: Froslass
|
|upkeep
|
|t:|1743845565
|switch|p2a: Florges|Florges, F|100/100
|turn|6
|
|t:|1743845575
|switch|p1a: Toxtricity|Toxtricity-Low-Key, F|100/100
|-damage|p1a: Toxtricity|88/100|[from] Spikes
|move|p2a: Florges|Moonblast|p1a: Toxtricity
|-resisted|p1a: Toxtricity
|-damage|p1a: Toxtricity|50/100
|
|upkeep
|turn|7
|
|t:|1743845587
|move|p2a: Florges|Moonblast|p1a: Toxtricity
|-resisted|p1a: Toxtricity
|-damage|p1a: Toxtricity|14/100
|move|p1a: Toxtricity|Boomburst|p2a: Florges
|-damage|p2a: Florges|34/100
|
|upkeep
|turn|8
|-message|gsgdgdgd forfeited.
|
|win|Elite4Peach
|raw|gsgdgdgd's rating: 1059 &rarr; <strong>1040</strong><br />(-19 for losing)
|raw|Elite4Peach's rating: 1050 &rarr; <strong>1083</strong><br />(+33 for winning)
|l|☆gsgdgdgd
|player|p1|
|l|☆Elite4Peach
|player|p2|
