|j|☆rabdophaga rosaria
|j|☆jiotave
|t:|1743844667
|gametype|singles
|player|p1|rabdophaga rosaria|selene-usum|1479
|player|p2|jiotave|hilbert|1521
|teamsize|p1|6
|teamsize|p2|6
|gen|9
|tier|[Gen 9] OU
|rated|
|rule|HP Percentage Mod: HP is shown in percentages
|rule|Endless Battle Clause: Forcing endless battles is banned
|rule|Species Clause: Limit one of each Pokémon
|rule|OHKO Clause: OHKO moves are banned
|rule|Evasion Items Clause: Evasion items are banned
|rule|Evasion Moves Clause: Evasion moves are banned
|rule|Sleep Moves Clause: Sleep-inducing moves are banned
|clearpoke
|poke|p1|Hoopa-Unbound|
|poke|p1|Ogerpon-Wellspring, F|
|poke|p1|Cinderace, F|
|poke|p1|Primarina, F|
|poke|p1|Corviknight, F|
|poke|p1|Landorus-Therian, M|
|poke|p2|Kyurem|
|poke|p2|Slowking-Galar, M|
|poke|p2|Great Tusk|
|poke|p2|Landorus-Therian, M|
|poke|p2|Samurott-Hisui, M|
|poke|p2|Kingambit, M|
|teampreview
|inactive|Battle timer is ON: inactive players will automatically lose when time's up. (requested by rabdophaga rosaria)
|inactive|rabdophaga rosaria has 120 seconds left.
|
|t:|1743844716
|start
|switch|p1a: Ogerpon|Ogerpon-Wellspring, F|100/100
|switch|p2a: Kyurem|Kyurem|100/100
|-ability|p2a: Kyurem|Pressure
|turn|1
|
|t:|1743844727
|move|p1a: Ogerpon|U-turn|p2a: Kyurem
|-damage|p2a: Kyurem|76/100
|
|t:|1743844756
|switch|p1a: Cinderace|Cinderace, F|100/100|[from] U-turn
|move|p2a: Kyurem|Freeze-Dry|p1a: Cinderace
|-resisted|p1a: Cinderace
|-damage|p1a: Cinderace|70/100
|
|upkeep
|turn|2
|
|t:|1743844765
|switch|p2a: Landorus|Landorus-Therian, M|100/100
|-ability|p2a: Landorus|Intimidate|boost
|-unboost|p1a: Cinderace|atk|1
|move|p1a: Cinderace|U-turn|p2a: Landorus
|-start|p1a: Cinderace|typechange|Bug|[from] ability: Libero
|-resisted|p2a: Landorus
|-damage|p2a: Landorus|90/100
|
|t:|1743844775
|switch|p1a: Ogerpon|Ogerpon-Wellspring, F|100/100|[from] U-turn
|
|upkeep
|turn|3
|
|t:|1743844783
|-terastallize|p1a: Ogerpon|Water
|detailschange|p1a: Ogerpon|Ogerpon-Wellspring-Tera, F, tera:Water
|-ability|p1a: Ogerpon|Embody Aspect (Wellspring)|boost
|-boost|p1a: Ogerpon|spd|1
|move|p2a: Landorus|U-turn|p1a: Ogerpon
|-damage|p1a: Ogerpon|68/100
|
|t:|1743844793
|switch|p2a: Kyurem|Kyurem|76/100|[from] U-turn
|-ability|p2a: Kyurem|Pressure
|move|p1a: Ogerpon|Ivy Cudgel|p2a: Kyurem|[anim] Ivy Cudgel Water
|-resisted|p2a: Kyurem
|-damage|p2a: Kyurem|41/100
|
|upkeep
|turn|4
|
|t:|1743844803
|move|p1a: Ogerpon|U-turn|p2a: Kyurem
|-damage|p2a: Kyurem|16/100
|
|t:|1743844810
|switch|p1a: Corviknight|Corviknight, F|100/100|[from] U-turn
|-ability|p1a: Corviknight|Pressure
|move|p2a: Kyurem|Freeze-Dry|p1a: Corviknight
|-damage|p1a: Corviknight|50/100
|
|upkeep
|turn|5
|
|t:|1743844819
|switch|p1a: Cinderace|Cinderace, F|70/100
|move|p2a: Kyurem|Freeze-Dry|p1a: Cinderace
|-resisted|p1a: Cinderace
|-damage|p1a: Cinderace|38/100
|
|upkeep
|turn|6
|
|t:|1743844828
|switch|p2a: Landorus|Landorus-Therian, M|90/100
|-ability|p2a: Landorus|Intimidate|boost
|-unboost|p1a: Cinderace|atk|1
|move|p1a: Cinderace|U-turn|p2a: Landorus
|-start|p1a: Cinderace|typechange|Bug|[from] ability: Libero
|-resisted|p2a: Landorus
|-damage|p2a: Landorus|79/100
|
|t:|1743844839
|switch|p1a: Corviknight|Corviknight, F|50/100|[from] U-turn
|-ability|p1a: Corviknight|Pressure
|
|upkeep
|turn|7
|
|t:|1743844847
|move|p2a: Landorus|U-turn|p1a: Corviknight
|-resisted|p1a: Corviknight
|-damage|p1a: Corviknight|46/100
|-damage|p2a: Landorus|63/100|[from] item: Rocky Helmet|[of] p1a: Corviknight
|
|t:|1743844852
|switch|p2a: Slowking|Slowking-Galar, M|100/100|[from] U-turn
|move|p1a: Corviknight|Roost|p1a: Corviknight
|-heal|p1a: Corviknight|96/100
|-singleturn|p1a: Corviknight|move: Roost
|
|upkeep
|turn|8
|inactive|rabdophaga rosaria has 120 seconds left.
|c|☆jiotave|U-turn infinity
|
|t:|1743844890
|move|p1a: Corviknight|U-turn|p2a: Slowking
|-damage|p2a: Slowking|87/100
|c|☆jiotave|Lol
|
|t:|1743844897
|switch|p1a: Hoopa|Hoopa-Unbound|100/100|[from] U-turn
|move|p2a: Slowking|Trick|p1a: Hoopa
|-activate|p2a: Slowking|move: Trick|[of] p1a: Hoopa
|-item|p1a: Hoopa|Black Sludge|[from] move: Trick
|-item|p2a: Slowking|Choice Specs|[from] move: Trick
|
|-damage|p1a: Hoopa|88/100|[from] item: Black Sludge
|upkeep
|turn|9
|inactive|rabdophaga rosaria has 120 seconds left.
|c|☆rabdophaga rosaria|Lol
|
|t:|1743844915
|move|p1a: Hoopa|Dark Pulse|p2a: Slowking
|-supereffective|p2a: Slowking
|-damage|p2a: Slowking|15/100
|-prepare|p2a: Slowking|Chilly Reception|[premajor]
|move|p2a: Slowking|Chilly Reception|p2a: Slowking
|-weather|Snowscape
|
|t:|1743844924
|switch|p2a: Kyurem|Kyurem|16/100|[from] Chilly Reception
|-ability|p2a: Kyurem|Pressure
|
|-weather|Snowscape|[upkeep]
|-damage|p1a: Hoopa|76/100|[from] item: Black Sludge
|upkeep
|turn|10
|inactive|rabdophaga rosaria has 120 seconds left.
|
|t:|1743844942
|switch|p1a: Cinderace|Cinderace, F|38/100
|move|p2a: Kyurem|Blizzard|p1a: Cinderace
|-resisted|p1a: Cinderace
|-damage|p1a: Cinderace|0 fnt
|faint|p1a: Cinderace
|
|-weather|Snowscape|[upkeep]
|upkeep
|c|☆rabdophaga rosaria|Nah
|
|t:|1743844955
|switch|p1a: Landorus|Landorus-Therian, M|100/100
|-ability|p1a: Landorus|Intimidate|boost
|-unboost|p2a: Kyurem|atk|1
|turn|11
|
|t:|1743844961
|move|p1a: Landorus|U-turn|p2a: Kyurem
|-damage|p2a: Kyurem|0 fnt
|faint|p2a: Kyurem
|
|t:|1743844967
|switch|p1a: Ogerpon|Ogerpon-Wellspring-Tera, F, tera:Water|68/100|[from] U-turn
|-ability|p1a: Ogerpon|Embody Aspect (Wellspring)|boost
|-boost|p1a: Ogerpon|spd|1
|
|-weather|Snowscape|[upkeep]
|upkeep
|
|t:|1743844993
|switch|p2a: Landorus|Landorus-Therian, M|63/100
|-ability|p2a: Landorus|Intimidate|boost
|-unboost|p1a: Ogerpon|atk|1
|turn|12
|
|t:|1743845001
|switch|p1a: Corviknight|Corviknight, F|96/100
|-ability|p1a: Corviknight|Pressure
|move|p2a: Landorus|Earthquake|p1a: Corviknight
|-immune|p1a: Corviknight
|
|-weather|Snowscape|[upkeep]
|upkeep
|turn|13
|
|t:|1743845012
|switch|p2a: Slowking|Slowking-Galar, M|48/100
|move|p1a: Corviknight|U-turn|p2a: Slowking
|-damage|p2a: Slowking|33/100
|
|t:|1743845018
|switch|p1a: Hoopa|Hoopa-Unbound|76/100|[from] U-turn
|
|-weather|none
|-damage|p1a: Hoopa|64/100|[from] item: Black Sludge
|upkeep
|turn|14
|
|t:|1743845025
|switch|p2a: Samurott|Samurott-Hisui, M|100/100
|move|p1a: Hoopa|Dark Pulse|p2a: Samurott
|-resisted|p2a: Samurott
|-damage|p2a: Samurott|83/100
|
|-damage|p1a: Hoopa|51/100|[from] item: Black Sludge
|upkeep
|turn|15
|
|t:|1743845035
|switch|p1a: Corviknight|Corviknight, F|96/100
|-ability|p1a: Corviknight|Pressure
|move|p2a: Samurott|Ceaseless Edge|p1a: Corviknight
|-damage|p1a: Corviknight|70/100
|-damage|p2a: Samurott|67/100|[from] item: Rocky Helmet|[of] p1a: Corviknight
|-sidestart|p1: rabdophaga rosaria|Spikes
|
|upkeep
|turn|16
|
|t:|1743845044
|move|p2a: Samurott|Ceaseless Edge|p1a: Corviknight
|-damage|p1a: Corviknight|48/100
|-damage|p2a: Samurott|50/100|[from] item: Rocky Helmet|[of] p1a: Corviknight
|-sidestart|p1: rabdophaga rosaria|Spikes
|move|p1a: Corviknight|Roost|p1a: Corviknight
|-heal|p1a: Corviknight|98/100
|-singleturn|p1a: Corviknight|move: Roost
|
|upkeep
|turn|17
|
|t:|1743845054
|move|p2a: Samurott|Aqua Cutter|p1a: Corviknight
|-damage|p1a: Corviknight|72/100
|move|p1a: Corviknight|U-turn|p2a: Samurott
|-supereffective|p2a: Samurott
|-crit|p2a: Samurott
|-damage|p2a: Samurott|0 fnt
|faint|p2a: Samurott
|
|t:|1743845063
|switch|p1a: Landorus|Landorus-Therian, M|100/100|[from] U-turn
|
|upkeep
|
|t:|1743845071
|switch|p2a: Great Tusk|Great Tusk|100/100
|turn|18
|
|t:|1743845074
|move|p1a: Landorus|U-turn|p2a: Great Tusk
|-resisted|p2a: Great Tusk
|-damage|p2a: Great Tusk|91/100
|-damage|p1a: Landorus|84/100|[from] item: Rocky Helmet|[of] p2a: Great Tusk
|
|t:|1743845077
|switch|p1a: Corviknight|Corviknight, F|72/100|[from] U-turn
|-ability|p1a: Corviknight|Pressure
|move|p2a: Great Tusk|Stealth Rock|p1a: Corviknight
|-sidestart|p1: rabdophaga rosaria|move: Stealth Rock
|
|upkeep
|turn|19
|
|t:|1743845085
|move|p2a: Great Tusk|Knock Off|p1a: Corviknight
|-damage|p1a: Corviknight|52/100
|-damage|p2a: Great Tusk|74/100|[from] item: Rocky Helmet|[of] p1a: Corviknight
|-enditem|p1a: Corviknight|Rocky Helmet|[from] move: Knock Off|[of] p2a: Great Tusk
|move|p1a: Corviknight|Iron Defense|p1a: Corviknight
|-boost|p1a: Corviknight|def|2
|
|upkeep
|turn|20
|
|t:|1743845095
|-end|p2a: Great Tusk|Protosynthesis|[silent]
|switch|p2a: Slowking|Slowking-Galar, M|67/100
|move|p1a: Corviknight|Roost|p1a: Corviknight
|-heal|p1a: Corviknight|100/100
|-singleturn|p1a: Corviknight|move: Roost
|
|upkeep
|turn|21
|
|t:|1743845104
|move|p1a: Corviknight|Iron Defense|p1a: Corviknight
|-boost|p1a: Corviknight|def|2
|-prepare|p2a: Slowking|Chilly Reception|[premajor]
|move|p2a: Slowking|Chilly Reception|p2a: Slowking
|-weather|Snowscape
|
|t:|1743845111
|switch|p2a: Landorus|Landorus-Therian, M|63/100|[from] Chilly Reception
|-ability|p2a: Landorus|Intimidate|boost
|-unboost|p1a: Corviknight|atk|1
|
|-weather|Snowscape|[upkeep]
|upkeep
|turn|22
|
|t:|1743845119
|move|p2a: Landorus|Weather Ball|p1a: Corviknight
|-damage|p1a: Corviknight|77/100
|move|p1a: Corviknight|Iron Defense|p1a: Corviknight
|-boost|p1a: Corviknight|def|2
|
|-weather|Snowscape|[upkeep]
|upkeep
|turn|23
|
|t:|1743845128
|move|p2a: Landorus|Weather Ball|p1a: Corviknight
|-damage|p1a: Corviknight|53/100
|move|p1a: Corviknight|Roost|p1a: Corviknight
|-heal|p1a: Corviknight|100/100
|-singleturn|p1a: Corviknight|move: Roost
|
|-weather|Snowscape|[upkeep]
|upkeep
|turn|24
|
|t:|1743845138
|switch|p2a: Slowking|Slowking-Galar, M|99/100
|move|p1a: Corviknight|Body Press|p2a: Slowking
|-resisted|p2a: Slowking
|-damage|p2a: Slowking|72/100
|
|-weather|Snowscape|[upkeep]
|upkeep
|turn|25
|
|t:|1743845147
|move|p1a: Corviknight|Body Press|p2a: Slowking
|-resisted|p2a: Slowking
|-damage|p2a: Slowking|47/100
|move|p2a: Slowking|Trick|p1a: Corviknight
|-activate|p2a: Slowking|move: Trick|[of] p1a: Corviknight
|-item|p1a: Corviknight|Choice Specs|[from] move: Trick
|-enditem|p2a: Slowking|Choice Specs|[silent]|[from] move: Trick
|
|-weather|none
|upkeep
|turn|26
|c|☆rabdophaga rosaria|Lmao
|
|t:|1743845160
|move|p1a: Corviknight|Body Press|p2a: Slowking
|-resisted|p2a: Slowking
|-damage|p2a: Slowking|19/100
|move|p2a: Slowking|Future Sight|p1a: Corviknight
|-start|p2a: Slowking|move: Future Sight
|
|upkeep
|turn|27
|inactive|jiotave has 120 seconds left.
|
|t:|1743845190
|move|p1a: Corviknight|Body Press|p2a: Slowking
|-resisted|p2a: Slowking
|-damage|p2a: Slowking|0 fnt
|faint|p2a: Slowking
|
|upkeep
|inactive|jiotave has 120 seconds left.
|
|t:|1743845199
|switch|p2a: Kingambit|Kingambit, M|100/100
|-activate|p2a: Kingambit|ability: Supreme Overlord
|-start|p2a: Kingambit|fallen3|[silent]
|turn|28
|
|t:|1743845215
|-terastallize|p2a: Kingambit|Ghost
|move|p1a: Corviknight|Body Press|p2a: Kingambit
|-immune|p2a: Kingambit
|move|p2a: Kingambit|Swords Dance|p2a: Kingambit
|-boost|p2a: Kingambit|atk|2
|
|-end|p1a: Corviknight|move: Future Sight
|-resisted|p1a: Corviknight
|-damage|p1a: Corviknight|77/100
|upkeep
|turn|29
|
|t:|1743845228
|switch|p1a: Hoopa|Hoopa-Unbound|51/100
|-damage|p1a: Hoopa|35/100|[from] Spikes
|-damage|p1a: Hoopa|23/100|[from] Stealth Rock
|move|p2a: Kingambit|Swords Dance|p2a: Kingambit
|-boost|p2a: Kingambit|atk|2
|
|-damage|p1a: Hoopa|10/100|[from] item: Black Sludge
|upkeep
|turn|30
|
|t:|1743845238
|move|p2a: Kingambit|Sucker Punch|p1a: Hoopa
|-damage|p1a: Hoopa|0 fnt
|faint|p1a: Hoopa
|
|upkeep
|c|☆jiotave|Lol
|
|t:|1743845260
|switch|p1a: Landorus|Landorus-Therian, M|84/100
|-damage|p1a: Landorus|71/100|[from] Stealth Rock
|-ability|p1a: Landorus|Intimidate|boost
|-unboost|p2a: Kingambit|atk|1
|turn|31
|
|t:|1743845266
|move|p1a: Landorus|Earthquake|p2a: Kingambit
|-damage|p2a: Kingambit|62/100
|move|p2a: Kingambit|Kowtow Cleave|p1a: Landorus
|-damage|p1a: Landorus|0 fnt
|faint|p1a: Landorus
|
|-heal|p2a: Kingambit|69/100|[from] item: Leftovers
|upkeep
|c|☆rabdophaga rosaria|What an awesome pokemon
|
|t:|1743845285
|switch|p1a: Primarina|Primarina, F|100/100
|-damage|p1a: Primarina|84/100|[from] Spikes
|-damage|p1a: Primarina|72/100|[from] Stealth Rock
|turn|32
|
|t:|1743845291
|move|p1a: Primarina|Moonblast|p2a: Kingambit
|-damage|p2a: Kingambit|19/100
|-unboost|p2a: Kingambit|spa|1
|move|p2a: Kingambit|Iron Head|p1a: Primarina
|-damage|p1a: Primarina|0 fnt
|faint|p1a: Primarina
|
|-heal|p2a: Kingambit|25/100|[from] item: Leftovers
|upkeep
|
|t:|1743845302
|switch|p1a: Ogerpon|Ogerpon-Wellspring-Tera, F, tera:Water|68/100
|-damage|p1a: Ogerpon|51/100|[from] Spikes
|-damage|p1a: Ogerpon|39/100|[from] Stealth Rock
|-ability|p1a: Ogerpon|Embody Aspect (Wellspring)|boost
|-boost|p1a: Ogerpon|spd|1
|turn|33
|
|t:|1743845309
|move|p2a: Kingambit|Sucker Punch||[still]
|-fail|p2a: Kingambit
|move|p1a: Ogerpon|Swords Dance|p1a: Ogerpon
|-boost|p1a: Ogerpon|atk|2
|
|-heal|p2a: Kingambit|31/100|[from] item: Leftovers
|upkeep
|turn|34
|
|t:|1743845318
|move|p2a: Kingambit|Sucker Punch||[still]
|-fail|p2a: Kingambit
|move|p1a: Ogerpon|Swords Dance|p1a: Ogerpon
|-boost|p1a: Ogerpon|atk|2
|
|-heal|p2a: Kingambit|37/100|[from] item: Leftovers
|upkeep
|turn|35
|
|t:|1743845328
|move|p2a: Kingambit|Sucker Punch||[still]
|-fail|p2a: Kingambit
|move|p1a: Ogerpon|Swords Dance|p1a: Ogerpon
|-boost|p1a: Ogerpon|atk|2
|
|-heal|p2a: Kingambit|43/100|[from] item: Leftovers
|upkeep
|turn|36
|
|t:|1743845336
|move|p2a: Kingambit|Sucker Punch||[still]
|-fail|p2a: Kingambit
|move|p1a: Ogerpon|Swords Dance|p1a: Ogerpon
|-boost|p1a: Ogerpon|atk|0
|
|-heal|p2a: Kingambit|50/100|[from] item: Leftovers
|upkeep
|turn|37
|
|t:|1743845356
|move|p2a: Kingambit|Sucker Punch||[still]
|-fail|p2a: Kingambit
|move|p1a: Ogerpon|Swords Dance|p1a: Ogerpon
|-boost|p1a: Ogerpon|atk|0
|
|-heal|p2a: Kingambit|56/100|[from] item: Leftovers
|upkeep
|turn|38
|inactive|rabdophaga rosaria has 120 seconds left.
|
|t:|1743845382
|move|p2a: Kingambit|Sucker Punch||[still]
|-fail|p2a: Kingambit
|move|p1a: Ogerpon|Swords Dance|p1a: Ogerpon
|-boost|p1a: Ogerpon|atk|0
|
|-heal|p2a: Kingambit|62/100|[from] item: Leftovers
|upkeep
|turn|39
|inactive|rabdophaga rosaria has 120 seconds left.
|
|t:|1743845394
|move|p2a: Kingambit|Sucker Punch|p1a: Ogerpon
|-damage|p1a: Ogerpon|0 fnt
|faint|p1a: Ogerpon
|
|-heal|p2a: Kingambit|68/100|[from] item: Leftovers
|upkeep
|c|☆jiotave|Lol
|c|☆rabdophaga rosaria|Nique ta mère
|inactive|rabdophaga rosaria has 120 seconds left.
|-message|rabdophaga rosaria forfeited.
|
|win|jiotave
