|j|☆loopyy
|j|☆the guy245
|t:|1743874044
|gametype|singles
|player|p1|loopyy|sailor|1335
|player|p2|the guy245|volkner|1343
|teamsize|p1|6
|teamsize|p2|6
|gen|9
|tier|[Gen 9] OU
|rated|
|rule|HP Percentage Mod: HP is shown in percentages
|rule|Endless Battle Clause: Forcing endless battles is banned
|rule|Species Clause: Limit one of each Pokémon
|rule|OHKO Clause: OHKO moves are banned
|rule|Evasion Items Clause: Evasion items are banned
|rule|Evasion Moves Clause: Evasion moves are banned
|rule|Sleep Moves Clause: Sleep-inducing moves are banned
|clearpoke
|poke|p1|Darkrai|
|poke|p1|Gholdengo|
|poke|p1|Raging Bolt|
|poke|p1|Iron Valiant|
|poke|p1|Samurott-Hisui, M|
|poke|p1|Great Tusk|
|poke|p2|Electrode-Hisui|
|poke|p2|Samurott-Hisui, M|
|poke|p2|Hydreigon, M|
|poke|p2|Great Tusk|
|poke|p2|Sinistcha-Masterpiece|
|poke|p2|Kingambit, M|
|teampreview
|inactive|Battle timer is ON: inactive players will automatically lose when time's up. (requested by loopyy)
|
|t:|1743874068
|start
|switch|p1a: Samurott|Samurott-Hisui, M|100/100
|switch|p2a: The Baller|Electrode-Hisui|100/100
|turn|1
|
|t:|1743874077
|switch|p1a: Gholdengo|Gholdengo|100/100
|-item|p1a: Gholdengo|Air Balloon
|move|p2a: The Baller|Volt Switch|p1a: Gholdengo
|-damage|p1a: Gholdengo|68/100
|-enditem|p1a: Gholdengo|Air Balloon
|-damage|p2a: The Baller|91/100|[from] item: Life Orb
|
|t:|1743874084
|switch|p2a: Samurott|Samurott-Hisui, M|100/100|[from] Volt Switch
|
|upkeep
|turn|2
|
|t:|1743874102
|-terastallize|p1a: Gholdengo|Fairy
|move|p2a: Samurott|Ceaseless Edge|p1a: Gholdengo|[miss]
|-miss|p2a: Samurott|p1a: Gholdengo
|move|p1a: Gholdengo|Thunder Wave|p2a: Samurott
|-status|p2a: Samurott|par
|
|upkeep
|turn|3
|
|t:|1743874114
|move|p1a: Gholdengo|Hex|p2a: Samurott
|-resisted|p2a: Samurott
|-damage|p2a: Samurott|57/100 par
|move|p2a: Samurott|Razor Shell|p1a: Gholdengo
|-damage|p1a: Gholdengo|33/100
|
|upkeep
|turn|4
|
|t:|1743874120
|move|p1a: Gholdengo|Recover|p1a: Gholdengo
|-heal|p1a: Gholdengo|83/100
|move|p2a: Samurott|Razor Shell|p1a: Gholdengo
|-crit|p1a: Gholdengo
|-damage|p1a: Gholdengo|31/100
|-unboost|p1a: Gholdengo|def|1
|
|upkeep
|turn|5
|
|t:|1743874132
|switch|p1a: Samurott|Samurott-Hisui, M|100/100
|move|p2a: Samurott|Ceaseless Edge|p1a: Samurott
|-resisted|p1a: Samurott
|-damage|p1a: Samurott|72/100
|-sidestart|p1: loopyy|Spikes
|
|upkeep
|turn|6
|
|t:|1743874139
|move|p1a: Samurott|Sacred Sword|p2a: Samurott
|-supereffective|p2a: Samurott
|-damage|p2a: Samurott|0 fnt
|faint|p2a: Samurott
|
|upkeep
|
|t:|1743874143
|switch|p2a: The Baller|Electrode-Hisui|91/100
|turn|7
|
|t:|1743874167
|switch|p1a: Raging Bolt|Raging Bolt|100/100
|-damage|p1a: Raging Bolt|88/100|[from] Spikes
|move|p2a: The Baller|Volt Switch|p1a: Raging Bolt
|-resisted|p1a: Raging Bolt
|-damage|p1a: Raging Bolt|84/100
|-damage|p2a: The Baller|81/100|[from] item: Life Orb
|
|t:|1743874171
|switch|p2a: Great Tusk|Great Tusk|100/100|[from] Volt Switch
|-enditem|p2a: Great Tusk|Booster Energy
|-activate|p2a: Great Tusk|ability: Protosynthesis|[fromitem]
|-start|p2a: Great Tusk|protosynthesisatk
|
|upkeep
|turn|8
|inactive|loopyy has 120 seconds left.
|
|t:|1743874197
|move|p2a: Great Tusk|Headlong Rush|p1a: Raging Bolt
|-supereffective|p1a: Raging Bolt
|-damage|p1a: Raging Bolt|0 fnt
|-unboost|p2a: Great Tusk|def|1
|-unboost|p2a: Great Tusk|spd|1
|faint|p1a: Raging Bolt
|-end|p1a: Raging Bolt|Protosynthesis|[silent]
|
|upkeep
|inactive|loopyy has 120 seconds left.
|
|t:|1743874213
|switch|p1a: Iron Valiant|Iron Valiant|100/100
|-damage|p1a: Iron Valiant|88/100|[from] Spikes
|turn|9
|
|t:|1743874222
|move|p1a: Iron Valiant|Moonblast|p2a: Great Tusk
|-supereffective|p2a: Great Tusk
|-crit|p2a: Great Tusk
|-damage|p2a: Great Tusk|0 fnt
|faint|p2a: Great Tusk
|-end|p2a: Great Tusk|Protosynthesis|[silent]
|
|upkeep
|
|t:|1743874226
|switch|p2a: Sinistcha|Sinistcha-Masterpiece|100/100
|turn|10
|inactive|loopyy has 120 seconds left.
|inactive|loopyy has 90 seconds left.
|
|t:|1743874290
|-end|p1a: Iron Valiant|Quark Drive|[silent]
|switch|p1a: Darkrai|Darkrai|100/100
|move|p2a: Sinistcha|Strength Sap|p1a: Darkrai
|-unboost|p1a: Darkrai|atk|1
|
|upkeep
|turn|11
|
|t:|1743874302
|switch|p2a: Kingambit|Kingambit, M, shiny|100/100
|-activate|p2a: Kingambit|ability: Supreme Overlord
|-start|p2a: Kingambit|fallen2|[silent]
|move|p1a: Darkrai|Nasty Plot|p1a: Darkrai
|-boost|p1a: Darkrai|spa|2
|
|upkeep
|turn|12
|
|t:|1743874318
|switch|p1a: Samurott|Samurott-Hisui, M|72/100
|-damage|p1a: Samurott|59/100|[from] Spikes
|move|p2a: Kingambit|Iron Head|p1a: Samurott
|-resisted|p1a: Samurott
|-crit|p1a: Samurott
|-damage|p1a: Samurott|1/100
|
|upkeep
|turn|13
|
|t:|1743874342
|switch|p1a: Iron Valiant|Iron Valiant|88/100
|-damage|p1a: Iron Valiant|76/100|[from] Spikes
|move|p2a: Kingambit|Sucker Punch||[still]
|-fail|p2a: Kingambit
|
|upkeep
|turn|14
|inactive|loopyy has 60 seconds left.
|
|t:|1743874363
|-end|p2a: Kingambit|fallen2|[silent]
|switch|p2a: Sinistcha|Sinistcha-Masterpiece|100/100
|move|p1a: Iron Valiant|Trick|p2a: Sinistcha
|-activate|p1a: Iron Valiant|move: Trick|[of] p2a: Sinistcha
|-item|p2a: Sinistcha|Choice Specs|[from] move: Trick
|-item|p1a: Iron Valiant|Heavy-Duty Boots|[from] move: Trick
|
|upkeep
|turn|15
|inactive|loopyy has 60 seconds left.
|
|t:|1743874388
|-end|p1a: Iron Valiant|Quark Drive|[silent]
|switch|p1a: Samurott|Samurott-Hisui, M|1/100
|-damage|p1a: Samurott|0 fnt|[from] Spikes
|faint|p1a: Samurott
|move|p2a: Sinistcha|Matcha Gotcha|p1: Samurott|[notarget]
|-fail|p2a: Sinistcha
|
|upkeep
|inactive|loopyy has 30 seconds left.
|
|t:|1743874413
|switch|p1a: Iron Valiant|Iron Valiant|76/100
|turn|16
|
|t:|1743874417
|move|p1a: Iron Valiant|Trick|p2a: Sinistcha
|-activate|p1a: Iron Valiant|move: Trick|[of] p2a: Sinistcha
|-item|p2a: Sinistcha|Heavy-Duty Boots|[from] move: Trick
|-item|p1a: Iron Valiant|Choice Specs|[from] move: Trick
|move|p2a: Sinistcha|Matcha Gotcha|p1a: Iron Valiant
|-damage|p1a: Iron Valiant|0 fnt
|faint|p1a: Iron Valiant
|-end|p1a: Iron Valiant|Quark Drive|[silent]
|
|upkeep
|inactive|loopyy has 30 seconds left.
|
|t:|1743874430
|switch|p1a: Gholdengo|Gholdengo, tera:Fairy|31/100
|-damage|p1a: Gholdengo|19/100|[from] Spikes
|turn|17
|
|t:|1743874434
|move|p1a: Gholdengo|Thunder Wave|p2a: Sinistcha
|-status|p2a: Sinistcha|par
|move|p2a: Sinistcha|Shadow Ball|p1a: Gholdengo
|-damage|p1a: Gholdengo|0 fnt
|faint|p1a: Gholdengo
|
|upkeep
|
|t:|1743874440
|switch|p1a: Darkrai|Darkrai|100/100
|turn|18
|
|t:|1743874453
|move|p1a: Darkrai|Dark Pulse|p2a: Sinistcha
|-supereffective|p2a: Sinistcha
|-damage|p2a: Sinistcha|0 fnt
|faint|p2a: Sinistcha
|
|upkeep
|
|t:|1743874458
|switch|p2a: The Baller|Electrode-Hisui|81/100
|turn|19
|
|t:|1743874470
|move|p2a: The Baller|Volt Switch|p1a: Darkrai
|-damage|p1a: Darkrai|53/100
|-damage|p2a: The Baller|71/100|[from] item: Life Orb
|
|t:|1743874476
|switch|p2a: Kingambit|Kingambit, M, shiny|100/100|[from] Volt Switch
|-activate|p2a: Kingambit|ability: Supreme Overlord
|-start|p2a: Kingambit|fallen3|[silent]
|move|p1a: Darkrai|Sludge Bomb|p2a: Kingambit
|-immune|p2a: Kingambit
|
|upkeep
|turn|20
|
|t:|1743874483
|switch|p1a: Great Tusk|Great Tusk|100/100
|move|p2a: Kingambit|Iron Head|p1a: Great Tusk
|-damage|p1a: Great Tusk|65/100
|
|upkeep
|turn|21
|inactive|loopyy has 60 seconds left.
|
|t:|1743874494
|move|p1a: Great Tusk|Ice Spinner|p2a: Kingambit
|-resisted|p2a: Kingambit
|-damage|p2a: Kingambit|92/100
|move|p2a: Kingambit|Iron Head|p1a: Great Tusk
|-damage|p1a: Great Tusk|25/100
|
|upkeep
|turn|22
|inactive|loopyy has 60 seconds left.
|
|t:|1743874505
|move|p1a: Great Tusk|Headlong Rush|p2a: Kingambit
|-supereffective|p2a: Kingambit
|-damage|p2a: Kingambit|20/100
|-unboost|p1a: Great Tusk|def|1
|-unboost|p1a: Great Tusk|spd|1
|move|p2a: Kingambit|Iron Head|p1a: Great Tusk
|-damage|p1a: Great Tusk|0 fnt
|faint|p1a: Great Tusk
|-end|p1a: Great Tusk|Protosynthesis|[silent]
|
|upkeep
|inactive|loopyy has 60 seconds left.
|
|t:|1743874511
|switch|p1a: Darkrai|Darkrai|53/100
|turn|23
|
|t:|1743874519
|move|p1a: Darkrai|Dark Pulse|p2a: Kingambit
|-resisted|p2a: Kingambit
|-damage|p2a: Kingambit|1/100
|move|p2a: Kingambit|Iron Head|p1a: Darkrai
|-damage|p1a: Darkrai|0 fnt
|faint|p1a: Darkrai
|
|win|the guy245
|raw|loopyy's rating: 1335 &rarr; <strong>1315</strong><br />(-20 for losing)
|raw|the guy245's rating: 1343 &rarr; <strong>1363</strong><br />(+20 for winning)
|c|☆the guy245|gg
|l|☆the guy245
|player|p2|
