|j|☆GN Radahn
|j|☆luzmori
|t:|1743815133
|gametype|singles
|player|p1|GN Radahn|2|1055
|player|p2|luzmori|265|1000
|teamsize|p1|6
|teamsize|p2|6
|gen|9
|tier|[Gen 9] OU
|rated|
|rule|HP Percentage Mod: HP is shown in percentages
|rule|Endless Battle Clause: Forcing endless battles is banned
|rule|Species Clause: Limit one of each Pokémon
|rule|OHKO Clause: OHKO moves are banned
|rule|Evasion Items Clause: Evasion items are banned
|rule|Evasion Moves Clause: Evasion moves are banned
|rule|Sleep Moves Clause: Sleep-inducing moves are banned
|clearpoke
|poke|p1|Primeape, F|
|poke|p1|Swampert, M|
|poke|p1|Corviknight, F|
|poke|p1|Galvantula, M|
|poke|p1|Ceruledge, F|
|poke|p1|Gardevoir, M|
|poke|p2|Gholdengo|
|poke|p2|Gliscor, F|
|poke|p2|Mandibuzz, F|
|poke|p2|Dondozo, F|
|poke|p2|Blissey, F|
|poke|p2|Probopass, F|
|teampreview
|
|t:|1743815136
|start
|switch|p1a: Swampert|Swampert, M|100/100
|switch|p2a: Gliscor|Gliscor, F, shiny|100/100
|turn|1
|
|t:|1743815142
|move|p2a: Gliscor|Protect|p2a: Gliscor
|-singleturn|p2a: Gliscor|Protect
|move|p1a: Swampert|Ice Punch|p2a: Gliscor
|-activate|p2a: Gliscor|move: Protect
|
|-status|p2a: Gliscor|tox|[from] item: Toxic Orb
|upkeep
|turn|2
|
|t:|1743815153
|-terastallize|p2a: Gliscor|Water
|move|p1a: Swampert|Ice Punch|p2a: Gliscor
|-resisted|p2a: Gliscor
|-damage|p2a: Gliscor|91/100 tox
|move|p2a: Gliscor|Toxic|p1a: Swampert
|-status|p1a: Swampert|tox
|
|-damage|p1a: Swampert|94/100 tox|[from] psn
|-heal|p2a: Gliscor|100/100 tox|[from] ability: Poison Heal
|upkeep
|turn|3
|
|t:|1743815162
|switch|p1a: Corviknight|Corviknight, F|100/100
|-ability|p1a: Corviknight|Pressure
|move|p2a: Gliscor|Spikes|p1a: Corviknight
|-sidestart|p1: GN Radahn|Spikes
|
|upkeep
|turn|4
|
|t:|1743815188
|switch|p2a: Dondozo|Dondozo, F|100/100
|move|p1a: Corviknight|Defog|p2a: Dondozo
|-unboost|p2a: Dondozo|evasion|1
|-sideend|p1: GN Radahn|Spikes|[from] move: Defog|[of] p1a: Corviknight
|
|upkeep
|turn|5
|
|t:|1743815196
|move|p1a: Corviknight|Iron Defense|p1a: Corviknight
|-boost|p1a: Corviknight|def|2
|move|p2a: Dondozo|Liquidation|p1a: Corviknight
|-damage|p1a: Corviknight|91/100
|-enditem|p1a: Corviknight|Red Card|[of] p2a: Dondozo
|drag|p2a: Probopass|Probopass, F|100/100
|
|upkeep
|turn|6
|
|t:|1743815204
|move|p1a: Corviknight|Iron Defense|p1a: Corviknight
|-boost|p1a: Corviknight|def|2
|move|p2a: Probopass|Thunder Wave|p1a: Corviknight
|-status|p1a: Corviknight|par
|
|upkeep
|turn|7
|
|t:|1743815212
|move|p2a: Probopass|Substitute|p2a: Probopass
|-start|p2a: Probopass|Substitute
|-damage|p2a: Probopass|76/100
|cant|p1a: Corviknight|par
|
|upkeep
|turn|8
|
|t:|1743815219
|move|p2a: Probopass|Body Press|p1a: Corviknight
|-damage|p1a: Corviknight|85/100 par
|move|p1a: Corviknight|Body Press|p2a: Probopass
|-supereffective|p2a: Probopass
|-end|p2a: Probopass|Substitute
|
|upkeep
|turn|9
|
|t:|1743815226
|move|p2a: Probopass|Substitute|p2a: Probopass
|-start|p2a: Probopass|Substitute
|-damage|p2a: Probopass|51/100
|move|p1a: Corviknight|Body Press|p2a: Probopass
|-supereffective|p2a: Probopass
|-end|p2a: Probopass|Substitute
|
|upkeep
|turn|10
|
|t:|1743815233
|move|p2a: Probopass|Substitute|p2a: Probopass
|-start|p2a: Probopass|Substitute
|-damage|p2a: Probopass|26/100
|cant|p1a: Corviknight|par
|
|upkeep
|turn|11
|
|t:|1743815238
|move|p2a: Probopass|Pain Split|p1a: Corviknight
|-sethp|p1a: Corviknight|51/100 par|[from] move: Pain Split|[silent]
|-sethp|p2a: Probopass|78/100|[from] move: Pain Split
|cant|p1a: Corviknight|par
|
|upkeep
|turn|12
|
|t:|1743815245
|move|p2a: Probopass|Body Press|p1a: Corviknight
|-damage|p1a: Corviknight|45/100 par
|move|p1a: Corviknight|Body Press|p2a: Probopass
|-supereffective|p2a: Probopass
|-end|p2a: Probopass|Substitute
|
|upkeep
|turn|13
|
|t:|1743815257
|move|p2a: Probopass|Substitute|p2a: Probopass
|-start|p2a: Probopass|Substitute
|-damage|p2a: Probopass|53/100
|move|p1a: Corviknight|Roost|p1a: Corviknight
|-heal|p1a: Corviknight|95/100 par
|-singleturn|p1a: Corviknight|move: Roost
|
|upkeep
|turn|14
|
|t:|1743815265
|move|p2a: Probopass|Body Press|p1a: Corviknight
|-damage|p1a: Corviknight|88/100 par
|move|p1a: Corviknight|Body Press|p2a: Probopass
|-supereffective|p2a: Probopass
|-end|p2a: Probopass|Substitute
|
|upkeep
|turn|15
|
|t:|1743815273
|move|p2a: Probopass|Substitute|p2a: Probopass
|-start|p2a: Probopass|Substitute
|-damage|p2a: Probopass|28/100
|cant|p1a: Corviknight|par
|
|upkeep
|turn|16
|
|t:|1743815278
|move|p2a: Probopass|Pain Split|p1a: Corviknight
|-sethp|p1a: Corviknight|53/100 par|[from] move: Pain Split|[silent]
|-sethp|p2a: Probopass|81/100|[from] move: Pain Split
|move|p1a: Corviknight|Body Press|p2a: Probopass
|-supereffective|p2a: Probopass
|-end|p2a: Probopass|Substitute
|
|upkeep
|turn|17
|
|t:|1743815288
|move|p2a: Probopass|Substitute|p2a: Probopass
|-start|p2a: Probopass|Substitute
|-damage|p2a: Probopass|57/100
|cant|p1a: Corviknight|par
|
|upkeep
|turn|18
|c|☆GN Radahn|Cara sua mae ta dando muito
|
|t:|1743815301
|move|p2a: Probopass|Body Press|p1a: Corviknight
|-damage|p1a: Corviknight|47/100 par
|move|p1a: Corviknight|Body Press|p2a: Probopass
|-supereffective|p2a: Probopass
|-end|p2a: Probopass|Substitute
|
|upkeep
|turn|19
|
|t:|1743815320
|move|p2a: Probopass|Substitute|p2a: Probopass
|-start|p2a: Probopass|Substitute
|-damage|p2a: Probopass|32/100
|move|p1a: Corviknight|Body Press|p2a: Probopass
|-supereffective|p2a: Probopass
|-end|p2a: Probopass|Substitute
|
|upkeep
|turn|20
|
|t:|1743815344
|move|p2a: Probopass|Pain Split|p1a: Corviknight
|-sethp|p1a: Corviknight|34/100 par|[from] move: Pain Split|[silent]
|-sethp|p2a: Probopass|52/100|[from] move: Pain Split
|move|p1a: Corviknight|Body Press|p2a: Probopass
|-supereffective|p2a: Probopass
|-damage|p2a: Probopass|0 fnt
|-damage|p1a: Corviknight|17/100 par|[from] item: Rocky Helmet|[of] p2a: Probopass
|faint|p2a: Probopass
|
|upkeep
|
|t:|1743815356
|switch|p2a: Gholdengo|Gholdengo, shiny|100/100
|turn|21
|
|t:|1743815366
|switch|p1a: Swampert|Swampert, M|94/100 tox
|move|p2a: Gholdengo|Shadow Ball|p1a: Swampert
|-damage|p1a: Swampert|46/100 tox
|-unboost|p1a: Swampert|spd|1
|
|-damage|p1a: Swampert|40/100 tox|[from] psn
|upkeep
|turn|22
|
|t:|1743815376
|move|p2a: Gholdengo|Shadow Ball|p1a: Swampert
|-damage|p1a: Swampert|0 fnt
|faint|p1a: Swampert
|
|upkeep
|
|t:|1743815380
|switch|p1a: Ceruledge|Ceruledge, F|100/100
|turn|23
|
|t:|1743815385
|move|p2a: Gholdengo|Shadow Ball|p1a: Ceruledge
|-supereffective|p1a: Ceruledge
|-damage|p1a: Ceruledge|29/100
|-enditem|p1a: Ceruledge|Sitrus Berry|[eat]
|-heal|p1a: Ceruledge|54/100|[from] item: Sitrus Berry
|move|p1a: Ceruledge|Bitter Blade|p2a: Gholdengo
|-supereffective|p2a: Gholdengo
|-damage|p2a: Gholdengo|20/100
|-heal|p1a: Ceruledge|90/100|[from] drain|[of] p2a: Gholdengo
|
|upkeep
|turn|24
|
|t:|1743815399
|move|p2a: Gholdengo|Shadow Ball|p1a: Ceruledge
|-supereffective|p1a: Ceruledge
|-damage|p1a: Ceruledge|27/100
|-unboost|p1a: Ceruledge|spd|1
|move|p1a: Ceruledge|Bitter Blade|p2a: Gholdengo
|-supereffective|p2a: Gholdengo
|-damage|p2a: Gholdengo|0 fnt
|-heal|p1a: Ceruledge|36/100|[from] drain|[of] p2a: Gholdengo
|faint|p2a: Gholdengo
|
|upkeep
|
|t:|1743815410
|switch|p2a: Gliscor|Gliscor, F, shiny, tera:Water|100/100 tox
|turn|25
|
|t:|1743815422
|switch|p2a: Dondozo|Dondozo, F|100/100
|move|p1a: Ceruledge|Shadow Claw|p2a: Dondozo
|-damage|p2a: Dondozo|85/100
|
|upkeep
|turn|26
|
|t:|1743815430
|switch|p1a: Corviknight|Corviknight, F|17/100 par
|-ability|p1a: Corviknight|Pressure
|move|p2a: Dondozo|Liquidation|p1a: Corviknight
|-damage|p1a: Corviknight|0 fnt
|faint|p1a: Corviknight
|
|upkeep
|
|t:|1743815440
|switch|p1a: Gardevoir|Gardevoir, M|100/100
|-ability|p1a: Gardevoir|Oblivious|[from] ability: Trace|[of] p2a: Dondozo
|turn|27
|
|t:|1743815447
|move|p1a: Gardevoir|Moonblast|p2a: Dondozo
|-damage|p2a: Dondozo|44/100
|move|p2a: Dondozo|Liquidation|p1a: Gardevoir
|-damage|p1a: Gardevoir|47/100
|
|upkeep
|turn|28
|
|t:|1743815457
|move|p1a: Gardevoir|Moonblast|p2a: Dondozo
|-damage|p2a: Dondozo|4/100
|move|p2a: Dondozo|Liquidation|p1a: Gardevoir
|-damage|p1a: Gardevoir|0 fnt
|faint|p1a: Gardevoir
|
|upkeep
|
|t:|1743815462
|switch|p1a: Primeape|Primeape, F|100/100
|turn|29
|
|t:|1743815477
|switch|p2a: Mandibuzz|Mandibuzz, F|100/100
|move|p1a: Primeape|Bulk Up|p1a: Primeape
|-boost|p1a: Primeape|atk|1
|-boost|p1a: Primeape|def|1
|
|upkeep
|turn|30
|
|t:|1743815484
|move|p1a: Primeape|Bulk Up|p1a: Primeape
|-boost|p1a: Primeape|atk|1
|-boost|p1a: Primeape|def|1
|move|p2a: Mandibuzz|Foul Play|p1a: Primeape
|-resisted|p1a: Primeape
|-damage|p1a: Primeape|89/100
|
|upkeep
|turn|31
|
|t:|1743815491
|move|p1a: Primeape|Bulk Up|p1a: Primeape
|-boost|p1a: Primeape|atk|1
|-boost|p1a: Primeape|def|1
|move|p2a: Mandibuzz|U-turn|p1a: Primeape
|-resisted|p1a: Primeape
|-damage|p1a: Primeape|87/100
|
|t:|1743815497
|switch|p2a: Gliscor|Gliscor, F, shiny, tera:Water|100/100 tox|[from] U-turn
|
|upkeep
|turn|32
|
|t:|1743815504
|-terastallize|p1a: Primeape|Ghost
|move|p1a: Primeape|Rage Fist|p2a: Gliscor
|-damage|p2a: Gliscor|0 fnt
|faint|p2a: Gliscor
|
|upkeep
|
|t:|1743815511
|switch|p2a: Dondozo|Dondozo, F|4/100
|turn|33
|c|☆GN Radahn|Agora eu vou te merenda na porrada fdp
|
|t:|1743815525
|move|p1a: Primeape|Drain Punch|p2a: Dondozo
|-damage|p2a: Dondozo|0 fnt
|-heal|p1a: Primeape|89/100|[from] drain|[of] p2a: Dondozo
|faint|p2a: Dondozo
|
|upkeep
|inactive|Battle timer is ON: inactive players will automatically lose when time's up. (requested by GN Radahn)
|
|t:|1743815602
|switch|p2a: Mandibuzz|Mandibuzz, F|100/100
|turn|34
|
|t:|1743815624
|move|p1a: Primeape|Drain Punch|p2a: Mandibuzz
|-damage|p2a: Mandibuzz|57/100
|-heal|p1a: Primeape|100/100|[from] drain|[of] p2a: Mandibuzz
|move|p2a: Mandibuzz|Foul Play|p1a: Primeape
|-supereffective|p1a: Primeape
|-damage|p1a: Primeape|56/100
|
|upkeep
|turn|35
|
|t:|1743815633
|move|p1a: Primeape|Drain Punch|p2a: Mandibuzz
|-damage|p2a: Mandibuzz|12/100
|-heal|p1a: Primeape|80/100|[from] drain|[of] p2a: Mandibuzz
|move|p2a: Mandibuzz|Foul Play|p1a: Primeape
|-supereffective|p1a: Primeape
|-damage|p1a: Primeape|35/100
|
|upkeep
|turn|36
|
|t:|1743815643
|move|p1a: Primeape|Drain Punch|p2a: Mandibuzz
|-damage|p2a: Mandibuzz|0 fnt
|-heal|p1a: Primeape|41/100|[from] drain|[of] p2a: Mandibuzz
|faint|p2a: Mandibuzz
|
|upkeep
|
|t:|1743815664
|switch|p2a: Blissey|Blissey, F|100/100
|turn|37
|
|t:|1743815671
|move|p1a: Primeape|Drain Punch|p2a: Blissey
|-supereffective|p2a: Blissey
|-damage|p2a: Blissey|0 fnt
|-heal|p1a: Primeape|100/100|[from] drain|[of] p2a: Blissey
|faint|p2a: Blissey
|
|win|GN Radahn
