|j|☆940kr
|j|☆waterninja135
|t:|1743778533
|gametype|singles
|player|p1|940kr|scientist|1102
|player|p2|waterninja135|1|1150
|teamsize|p1|6
|teamsize|p2|6
|gen|9
|tier|[Gen 9] OU
|rated|
|rule|HP Percentage Mod: HP is shown in percentages
|rule|Endless Battle Clause: Forcing endless battles is banned
|rule|Species Clause: Limit one of each Pokémon
|rule|OHKO Clause: OHKO moves are banned
|rule|Evasion Items Clause: Evasion items are banned
|rule|Evasion Moves Clause: Evasion moves are banned
|rule|Sleep Moves Clause: Sleep-inducing moves are banned
|clearpoke
|poke|p1|Volcanion|
|poke|p1|Forretress, M|
|poke|p1|Weavile, M|
|poke|p1|Drifblim, F|
|poke|p1|Mabosstiff, M|
|poke|p1|Latias, F|
|poke|p2|Torterra, M|
|poke|p2|Arcanine-Hisui, F|
|poke|p2|Raging Bolt|
|poke|p2|Tinkaton, F|
|poke|p2|Primarina, F|
|poke|p2|Garchomp, M|
|teampreview
|inactive|Battle timer is ON: inactive players will automatically lose when time's up. (requested by 940kr)
|
|t:|1743778546
|start
|switch|p1a: Volcanion|Volcanion|100/100
|switch|p2a: Torterra|Torterra, M|100/100
|turn|1
|
|t:|1743778561
|move|p2a: Torterra|Shell Smash|p2a: Torterra
|-unboost|p2a: Torterra|def|1
|-unboost|p2a: Torterra|spd|1
|-boost|p2a: Torterra|atk|2
|-boost|p2a: Torterra|spa|2
|-boost|p2a: Torterra|spe|2
|move|p1a: Volcanion|Overheat|p2a: Torterra
|-supereffective|p2a: Torterra
|-damage|p2a: Torterra|0 fnt
|-unboost|p1a: Volcanion|spa|2
|faint|p2a: Torterra
|
|upkeep
|
|t:|1743778571
|switch|p2a: Primarina|Primarina, F|100/100
|turn|2
|
|t:|1743778579
|switch|p1a: Forretress|Forretress, M|100/100
|move|p2a: Primarina|Surf|p1a: Forretress
|-damage|p1a: Forretress|21/100
|
|upkeep
|turn|3
|-enditem|p1a: Forretress|Custap Berry|[eat]
|-activate|p1a: Forretress|item: Custap Berry|[consumed]
|
|t:|1743778588
|move|p1a: Forretress|Explosion|p2a: Primarina
|-damage|p2a: Primarina|12/100
|faint|p1a: Forretress
|move|p2a: Primarina|Surf|p1: Forretress|[notarget]
|-fail|p2a: Primarina
|
|-heal|p2a: Primarina|18/100|[from] item: Leftovers
|upkeep
|
|t:|1743778604
|switch|p1a: Mabosstiff|Mabosstiff, M|100/100
|turn|4
|
|t:|1743778617
|move|p1a: Mabosstiff|Play Rough|p2a: Primarina
|-damage|p2a: Primarina|0 fnt
|faint|p2a: Primarina
|-damage|p1a: Mabosstiff|91/100|[from] item: Life Orb
|
|upkeep
|
|t:|1743778628
|switch|p2a: Tinkaton|Tinkaton, F|100/100
|-ability|p2a: Tinkaton|Mold Breaker
|turn|5
|
|t:|1743778635
|move|p2a: Tinkaton|Play Rough|p1a: Mabosstiff|[miss]
|-miss|p2a: Tinkaton|p1a: Mabosstiff
|move|p1a: Mabosstiff|Destiny Bond|p1a: Mabosstiff
|-singlemove|p1a: Mabosstiff|Destiny Bond
|
|upkeep
|turn|6
|
|t:|1743778642
|move|p2a: Tinkaton|Play Rough|p1a: Mabosstiff
|-supereffective|p1a: Mabosstiff
|-damage|p1a: Mabosstiff|10/100
|move|p1a: Mabosstiff|Taunt|p2a: Tinkaton
|-start|p2a: Tinkaton|move: Taunt
|
|upkeep
|turn|7
|
|t:|1743778650
|switch|p1a: Volcanion|Volcanion|100/100
|move|p2a: Tinkaton|Play Rough|p1a: Volcanion
|-resisted|p1a: Volcanion
|-damage|p1a: Volcanion|87/100
|
|upkeep
|turn|8
|
|t:|1743778658
|switch|p2a: Arcanine|Arcanine-Hisui, F|100/100
|move|p1a: Volcanion|Will-O-Wisp|p2a: Arcanine
|-immune|p2a: Arcanine
|
|upkeep
|turn|9
|inactive|waterninja135 has 120 seconds left.
|
|t:|1743778692
|move|p2a: Arcanine|Head Smash|p1a: Volcanion
|-supereffective|p1a: Volcanion
|-damage|p1a: Volcanion|0 fnt
|faint|p1a: Volcanion
|
|upkeep
|
|t:|1743778699
|switch|p1a: Latias|Latias, F|100/100
|turn|10
|
|t:|1743778708
|-terastallize|p1a: Latias|Dragon
|move|p1a: Latias|Draco Meteor|p2a: Arcanine
|-damage|p2a: Arcanine|0 fnt
|-unboost|p1a: Latias|spa|2
|faint|p2a: Arcanine
|
|upkeep
|
|t:|1743778714
|switch|p2a: Tinkaton|Tinkaton, F|100/100
|-ability|p2a: Tinkaton|Mold Breaker
|turn|11
|
|t:|1743778719
|switch|p1a: Mabosstiff|Mabosstiff, M|10/100
|move|p2a: Tinkaton|Play Rough|p1a: Mabosstiff
|-supereffective|p1a: Mabosstiff
|-damage|p1a: Mabosstiff|0 fnt
|faint|p1a: Mabosstiff
|
|upkeep
|
|t:|1743778725
|switch|p1a: Drifblim|Drifblim, F|100/100
|turn|12
|
|t:|1743778728
|move|p2a: Tinkaton|Thunder Wave|p1a: Drifblim
|-status|p1a: Drifblim|par
|move|p1a: Drifblim|Curse|p2a: Tinkaton
|-start|p2a: Tinkaton|Curse|[of] p1a: Drifblim
|-damage|p1a: Drifblim|50/100 par
|-enditem|p1a: Drifblim|Sitrus Berry|[eat]
|-heal|p1a: Drifblim|75/100 par|[from] item: Sitrus Berry
|
|-damage|p2a: Tinkaton|76/100|[from] Curse
|upkeep
|turn|13
|
|t:|1743778740
|switch|p2a: Garchomp|Garchomp, M|100/100
|cant|p1a: Drifblim|par
|
|upkeep
|turn|14
|
|t:|1743778745
|move|p2a: Garchomp|Crunch|p1a: Drifblim
|-supereffective|p1a: Drifblim
|-damage|p1a: Drifblim|0 fnt
|faint|p1a: Drifblim
|-damage|p2a: Garchomp|91/100|[from] item: Life Orb
|
|upkeep
|
|t:|1743778749
|switch|p1a: Weavile|Weavile, M|100/100
|-ability|p1a: Weavile|Pressure
|turn|15
|
|t:|1743778756
|move|p1a: Weavile|Ice Shard|p2a: Garchomp
|-supereffective|p2a: Garchomp
|-damage|p2a: Garchomp|13/100
|move|p2a: Garchomp|Iron Head|p1a: Weavile
|-supereffective|p1a: Weavile
|-enditem|p1a: Weavile|Focus Sash
|-damage|p1a: Weavile|1/100
|-damage|p2a: Garchomp|3/100|[from] item: Life Orb
|
|upkeep
|turn|16
|
|t:|1743778765
|move|p1a: Weavile|Ice Shard|p2a: Garchomp
|-supereffective|p2a: Garchomp
|-damage|p2a: Garchomp|0 fnt
|faint|p2a: Garchomp
|
|upkeep
|
|t:|1743778771
|switch|p2a: Raging Bolt|Raging Bolt|100/100
|-enditem|p2a: Raging Bolt|Booster Energy
|-activate|p2a: Raging Bolt|ability: Protosynthesis|[fromitem]
|-start|p2a: Raging Bolt|protosynthesisspa
|turn|17
|
|t:|1743778779
|move|p1a: Weavile|Upper Hand|p2a: Raging Bolt
|-damage|p2a: Raging Bolt|84/100
|cant|p2a: Raging Bolt|flinch
|
|upkeep
|turn|18
|
|t:|1743778785
|move|p1a: Weavile|Knock Off|p2a: Raging Bolt
|-damage|p2a: Raging Bolt|58/100
|move|p2a: Raging Bolt|Thunderbolt|p1a: Weavile
|-damage|p1a: Weavile|0 fnt
|faint|p1a: Weavile
|
|upkeep
|
|t:|1743778790
|switch|p1a: Latias|Latias, F, tera:Dragon|100/100
|turn|19
|
|t:|1743778796
|move|p1a: Latias|Ice Beam|p2a: Raging Bolt
|-supereffective|p2a: Raging Bolt
|-damage|p2a: Raging Bolt|0 fnt
|faint|p2a: Raging Bolt
|-end|p2a: Raging Bolt|Protosynthesis|[silent]
|
|upkeep
|
|t:|1743778801
|switch|p2a: Tinkaton|Tinkaton, F|76/100
|-ability|p2a: Tinkaton|Mold Breaker
|turn|20
|
|t:|1743778812
|move|p1a: Latias|Ice Beam|p2a: Tinkaton
|-resisted|p2a: Tinkaton
|-damage|p2a: Tinkaton|55/100
|move|p2a: Tinkaton|Thunder Wave|p1a: Latias
|-status|p1a: Latias|par
|
|-heal|p2a: Tinkaton|61/100|[from] item: Leftovers
|upkeep
|turn|21
|
|t:|1743778820
|move|p2a: Tinkaton|Play Rough|p1a: Latias
|-supereffective|p1a: Latias
|-damage|p1a: Latias|14/100 par
|cant|p1a: Latias|par
|
|-heal|p2a: Tinkaton|67/100|[from] item: Leftovers
|upkeep
|turn|22
|
|t:|1743778827
|move|p2a: Tinkaton|Play Rough|p1a: Latias
|-supereffective|p1a: Latias
|-damage|p1a: Latias|0 fnt
|faint|p1a: Latias
|
|win|waterninja135
|raw|940kr's rating: 1102 &rarr; <strong>1080</strong><br />(-22 for losing)
|raw|waterninja135's rating: 1150 &rarr; <strong>1172</strong><br />(+22 for winning)
|l|☆940kr
|player|p1|
|l|☆waterninja135
|player|p2|
