|j|☆johnnyranking
|j|☆Team BBIO 38
|t:|1743880240
|gametype|singles
|player|p1|johnnyranking|265|1327
|player|p2|Team BBIO 38|dragontamer|1387
|teamsize|p1|6
|teamsize|p2|6
|gen|9
|tier|[Gen 9] OU
|rated|
|rule|HP Percentage Mod: HP is shown in percentages
|rule|Endless Battle Clause: Forcing endless battles is banned
|rule|Species Clause: Limit one of each Pokémon
|rule|OHKO Clause: OHKO moves are banned
|rule|Evasion Items Clause: Evasion items are banned
|rule|Evasion Moves Clause: Evasion moves are banned
|rule|Sleep Moves Clause: Sleep-inducing moves are banned
|clearpoke
|poke|p1|Blissey, F|
|poke|p1|Cinderace, M|
|poke|p1|Dudunsparce-*, M|
|poke|p1|Dondozo, M|
|poke|p1|Iron Jugulis|
|poke|p1|Jirachi|
|poke|p2|Dusclops, M|
|poke|p2|Blissey, F|
|poke|p2|Flamigo, M|
|poke|p2|Mimikyu, M|
|poke|p2|Rotom-Wash|
|poke|p2|Alcremie, F|
|teampreview
|inactive|Battle timer is ON: inactive players will automatically lose when time's up. (requested by Team BBIO 38)
|
|t:|1743880254
|start
|switch|p1a: Jirachi|Jirachi, shiny|100/100
|switch|p2a: Blissey|Blissey, F|100/100
|turn|1
|
|t:|1743880262
|switch|p2a: Dusclops|Dusclops, M|100/100
|-item|p1a: Jirachi|Choice Band|[from] ability: Frisk|[of] p2a: Dusclops
|move|p1a: Jirachi|Iron Head|p2a: Dusclops
|-damage|p2a: Dusclops|77/100
|
|upkeep
|turn|2
|
|t:|1743880277
|move|p1a: Jirachi|Iron Head|p2a: Dusclops
|-damage|p2a: Dusclops|54/100
|cant|p2a: Dusclops|flinch
|
|upkeep
|turn|3
|
|t:|1743880282
|move|p1a: Jirachi|Iron Head|p2a: Dusclops
|-damage|p2a: Dusclops|30/100
|move|p2a: Dusclops|Pain Split|p1a: Jirachi
|-sethp|p1a: Jirachi|63/100|[from] move: Pain Split|[silent]
|-sethp|p2a: Dusclops|75/100|[from] move: Pain Split
|
|upkeep
|turn|4
|
|t:|1743880291
|move|p1a: Jirachi|Iron Head|p2a: Dusclops
|-damage|p2a: Dusclops|50/100
|move|p2a: Dusclops|Will-O-Wisp|p1a: Jirachi
|-status|p1a: Jirachi|brn
|
|-damage|p1a: Jirachi|57/100 brn|[from] brn
|upkeep
|turn|5
|
|t:|1743880311
|switch|p1a: Iron Jugulis|Iron Jugulis|100/100
|-enditem|p1a: Iron Jugulis|Booster Energy
|-activate|p1a: Iron Jugulis|ability: Quark Drive|[fromitem]
|-start|p1a: Iron Jugulis|quarkdrivespe
|move|p2a: Dusclops|Night Shade|p1a: Iron Jugulis
|-damage|p1a: Iron Jugulis|70/100
|
|upkeep
|turn|6
|
|t:|1743880328
|move|p1a: Iron Jugulis|Dark Pulse|p2a: Dusclops
|-supereffective|p2a: Dusclops
|-damage|p2a: Dusclops|0 fnt
|faint|p2a: Dusclops
|
|upkeep
|
|t:|1743880332
|switch|p2a: Blissey|Blissey, F|100/100
|turn|7
|
|t:|1743880337
|move|p1a: Iron Jugulis|Taunt|p2a: Blissey
|-start|p2a: Blissey|move: Taunt
|cant|p2a: Blissey|move: Taunt|Stealth Rock
|
|upkeep
|turn|8
|
|t:|1743880362
|-end|p1a: Iron Jugulis|Quark Drive|[silent]
|switch|p1a: Dondozo|Dondozo, M, shiny|100/100
|move|p2a: Blissey|Seismic Toss|p1a: Dondozo
|-damage|p1a: Dondozo|81/100
|-damage|p2a: Blissey|84/100|[from] item: Rocky Helmet|[of] p1a: Dondozo
|
|-heal|p2a: Blissey|90/100|[from] item: Leftovers
|upkeep
|turn|9
|
|t:|1743880371
|move|p2a: Blissey|Seismic Toss|p1a: Dondozo
|-damage|p1a: Dondozo|61/100
|-damage|p2a: Blissey|73/100|[from] item: Rocky Helmet|[of] p1a: Dondozo
|move|p1a: Dondozo|Body Press|p2a: Blissey
|-supereffective|p2a: Blissey
|-damage|p2a: Blissey|22/100
|
|-heal|p2a: Blissey|28/100|[from] item: Leftovers
|-end|p2a: Blissey|move: Taunt
|upkeep
|turn|10
|inactive|johnnyranking has 120 seconds left.
|
|t:|1743880398
|switch|p2a: Mimikyu|Mimikyu, M|100/100
|move|p1a: Dondozo|Rest|p1a: Dondozo
|-status|p1a: Dondozo|slp|[from] move: Rest
|-heal|p1a: Dondozo|100/100 slp|[silent]
|
|upkeep
|turn|11
|inactive|johnnyranking has 120 seconds left.
|
|t:|1743880428
|switch|p2a: Blissey|Blissey, F|28/100
|cant|p1a: Dondozo|slp
|move|p1a: Dondozo|Sleep Talk|p1a: Dondozo
|move|p1a: Dondozo|Body Press|p2a: Blissey|[from] move: Sleep Talk
|-supereffective|p2a: Blissey
|-damage|p2a: Blissey|0 fnt
|faint|p2a: Blissey
|
|upkeep
|
|t:|1743880437
|switch|p2a: Alcremie|Alcremie, F|100/100
|turn|12
|
|t:|1743880442
|move|p2a: Alcremie|Acid Armor|p2a: Alcremie
|-boost|p2a: Alcremie|def|2
|cant|p1a: Dondozo|slp
|move|p1a: Dondozo|Sleep Talk|p1a: Dondozo
|move|p1a: Dondozo|Body Press|p2a: Alcremie|[from] move: Sleep Talk
|-resisted|p2a: Alcremie
|-damage|p2a: Alcremie|89/100
|
|-heal|p2a: Alcremie|95/100|[from] item: Leftovers
|upkeep
|turn|13
|inactive|johnnyranking has 120 seconds left.
|
|t:|1743880452
|move|p2a: Alcremie|Calm Mind|p2a: Alcremie
|-boost|p2a: Alcremie|spa|1
|-boost|p2a: Alcremie|spd|1
|-curestatus|p1a: Dondozo|slp|[msg]
|move|p1a: Dondozo|Avalanche|p2a: Alcremie
|-damage|p2a: Alcremie|83/100
|
|-heal|p2a: Alcremie|89/100|[from] item: Leftovers
|upkeep
|turn|14
|inactive|johnnyranking has 120 seconds left.
|
|t:|1743880463
|switch|p1a: Iron Jugulis|Iron Jugulis|70/100
|move|p2a: Alcremie|Calm Mind|p2a: Alcremie
|-boost|p2a: Alcremie|spa|1
|-boost|p2a: Alcremie|spd|1
|
|-heal|p2a: Alcremie|95/100|[from] item: Leftovers
|upkeep
|turn|15
|
|t:|1743880473
|move|p1a: Iron Jugulis|Taunt|p2a: Alcremie
|-block|p2a: Alcremie|ability: Aroma Veil|[of] p2a: Alcremie
|move|p2a: Alcremie|Calm Mind|p2a: Alcremie
|-boost|p2a: Alcremie|spa|1
|-boost|p2a: Alcremie|spd|1
|
|-heal|p2a: Alcremie|100/100|[from] item: Leftovers
|upkeep
|turn|16
|inactive|johnnyranking has 120 seconds left.
|
|t:|1743880499
|move|p1a: Iron Jugulis|Dark Pulse|p2a: Alcremie
|-resisted|p2a: Alcremie
|-damage|p2a: Alcremie|93/100
|move|p2a: Alcremie|Draining Kiss|p1a: Iron Jugulis
|-supereffective|p1a: Iron Jugulis
|-damage|p1a: Iron Jugulis|0 fnt
|-heal|p2a: Alcremie|100/100|[from] drain|[of] p1a: Iron Jugulis
|faint|p1a: Iron Jugulis
|-end|p1a: Iron Jugulis|Quark Drive|[silent]
|
|upkeep
|
|t:|1743880506
|switch|p1a: Cinderace|Cinderace, M, shiny|100/100
|turn|17
|
|t:|1743880511
|move|p1a: Cinderace|Pyro Ball|p2a: Alcremie
|-damage|p2a: Alcremie|74/100
|move|p2a: Alcremie|Stored Power|p1a: Cinderace
|-damage|p1a: Cinderace|0 fnt
|faint|p1a: Cinderace
|
|-heal|p2a: Alcremie|80/100|[from] item: Leftovers
|upkeep
|inactive|johnnyranking has 120 seconds left.
|
|t:|1743880519
|switch|p1a: Dondozo|Dondozo, M, shiny|100/100
|turn|18
|inactive|johnnyranking has 120 seconds left.
|
|t:|1743880530
|-terastallize|p1a: Dondozo|Steel
|move|p2a: Alcremie|Stored Power|p1a: Dondozo
|-resisted|p1a: Dondozo
|-damage|p1a: Dondozo|80/100
|move|p1a: Dondozo|Avalanche|p2a: Alcremie
|-damage|p2a: Alcremie|57/100
|
|-heal|p2a: Alcremie|63/100|[from] item: Leftovers
|upkeep
|turn|19
|inactive|johnnyranking has 120 seconds left.
|
|t:|1743880541
|move|p2a: Alcremie|Calm Mind|p2a: Alcremie
|-boost|p2a: Alcremie|spa|1
|-boost|p2a: Alcremie|spd|1
|move|p1a: Dondozo|Body Press|p2a: Alcremie
|-resisted|p2a: Alcremie
|-damage|p2a: Alcremie|50/100
|
|-heal|p2a: Alcremie|56/100|[from] item: Leftovers
|upkeep
|turn|20
|inactive|johnnyranking has 120 seconds left.
|
|t:|1743880552
|move|p2a: Alcremie|Acid Armor|p2a: Alcremie
|-boost|p2a: Alcremie|def|2
|move|p1a: Dondozo|Avalanche|p2a: Alcremie
|-damage|p2a: Alcremie|43/100
|
|-heal|p2a: Alcremie|49/100|[from] item: Leftovers
|upkeep
|turn|21
|
|t:|1743880561
|move|p2a: Alcremie|Calm Mind|p2a: Alcremie
|-boost|p2a: Alcremie|spa|1
|-boost|p2a: Alcremie|spd|1
|move|p1a: Dondozo|Body Press|p2a: Alcremie
|-resisted|p2a: Alcremie
|-damage|p2a: Alcremie|37/100
|
|-heal|p2a: Alcremie|43/100|[from] item: Leftovers
|upkeep
|turn|22
|
|t:|1743880572
|move|p2a: Alcremie|Calm Mind|p2a: Alcremie
|-boost|p2a: Alcremie|spa|1
|-boost|p2a: Alcremie|spd|1
|move|p1a: Dondozo|Body Press|p2a: Alcremie
|-resisted|p2a: Alcremie
|-damage|p2a: Alcremie|31/100
|
|-heal|p2a: Alcremie|37/100|[from] item: Leftovers
|upkeep
|turn|23
|
|t:|1743880583
|move|p2a: Alcremie|Stored Power|p1a: Dondozo
|-resisted|p1a: Dondozo
|-damage|p1a: Dondozo|39/100
|move|p1a: Dondozo|Avalanche|p2a: Alcremie
|-damage|p2a: Alcremie|12/100
|
|-heal|p2a: Alcremie|18/100|[from] item: Leftovers
|upkeep
|turn|24
|
|t:|1743880591
|move|p2a: Alcremie|Stored Power|p1a: Dondozo
|-resisted|p1a: Dondozo
|-damage|p1a: Dondozo|0 fnt
|faint|p1a: Dondozo
|
|-heal|p2a: Alcremie|24/100|[from] item: Leftovers
|upkeep
|
|t:|1743880603
|switch|p1a: Jirachi|Jirachi, shiny|57/100 brn
|turn|25
|
|t:|1743880612
|-terastallize|p2a: Alcremie|Steel
|move|p1a: Jirachi|Iron Head|p2a: Alcremie
|-resisted|p2a: Alcremie
|-damage|p2a: Alcremie|20/100
|cant|p2a: Alcremie|flinch
|
|-heal|p2a: Alcremie|26/100|[from] item: Leftovers
|-damage|p1a: Jirachi|50/100 brn|[from] brn
|upkeep
|turn|26
|
|t:|1743880622
|switch|p1a: Blissey|Blissey, F, shiny|100/100
|move|p2a: Alcremie|Stored Power|p1a: Blissey
|-damage|p1a: Blissey|0 fnt
|faint|p1a: Blissey
|
|-heal|p2a: Alcremie|32/100|[from] item: Leftovers
|upkeep
|
|t:|1743880629
|switch|p1a: Jirachi|Jirachi, shiny|50/100 brn
|turn|27
|
|t:|1743880634
|move|p1a: Jirachi|Thunder Punch|p2a: Alcremie
|-damage|p2a: Alcremie|27/100
|move|p2a: Alcremie|Stored Power|p1a: Jirachi
|-resisted|p1a: Jirachi
|-damage|p1a: Jirachi|0 fnt
|faint|p1a: Jirachi
|
|-heal|p2a: Alcremie|33/100|[from] item: Leftovers
|upkeep
|
|t:|1743880642
|switch|p1a: Dudunsparce|Dudunsparce-Three-Segment, M, shiny|100/100
|turn|28
|
|t:|1743880647
|move|p2a: Alcremie|Draining Kiss|p1a: Dudunsparce
|-damage|p1a: Dudunsparce|30/100
|-heal|p2a: Alcremie|100/100|[from] drain|[of] p1a: Dudunsparce
|move|p1a: Dudunsparce|Body Slam|p2a: Alcremie
|-resisted|p2a: Alcremie
|-damage|p2a: Alcremie|95/100
|
|-heal|p2a: Alcremie|100/100|[from] item: Leftovers
|-heal|p1a: Dudunsparce|37/100|[from] item: Leftovers
|upkeep
|turn|29
|
|t:|1743880656
|move|p2a: Alcremie|Draining Kiss|p1a: Dudunsparce
|-damage|p1a: Dudunsparce|0 fnt
|faint|p1a: Dudunsparce
|
|win|Team BBIO 38
|raw|johnnyranking's rating: 1327 &rarr; <strong>1310</strong><br />(-17 for losing)
|raw|Team BBIO 38's rating: 1387 &rarr; <strong>1404</strong><br />(+17 for winning)
|l|☆johnnyranking
|player|p1|
|l|☆Team BBIO 38
|player|p2|
