|j|☆JP ShinySeeker
|j|☆owl _with_scarf
|t:|1743890124
|gametype|singles
|player|p1|JP ShinySeeker|grimsley|1504
|player|p2|owl _with_scarf|#owlwithscarf|1550
|teamsize|p1|6
|teamsize|p2|6
|gen|9
|tier|[Gen 9] OU
|rated|
|rule|HP Percentage Mod: HP is shown in percentages
|rule|Endless Battle Clause: Forcing endless battles is banned
|rule|Species Clause: Limit one of each Pokémon
|rule|OHKO Clause: OHKO moves are banned
|rule|Evasion Items Clause: Evasion items are banned
|rule|Evasion Moves Clause: Evasion moves are banned
|rule|Sleep Moves Clause: Sleep-inducing moves are banned
|clearpoke
|poke|p1|Manaphy|
|poke|p1|Raging Bolt|
|poke|p1|Entei|
|poke|p1|Hoopa-Unbound|
|poke|p1|Avalugg, F|
|poke|p1|Garchomp, F|
|poke|p2|Rotom-Frost|
|poke|p2|Slowking-Galar, F|
|poke|p2|Gholdengo|
|poke|p2|Iron Valiant|
|poke|p2|Serperior, M|
|poke|p2|Great Tusk|
|teampreview
|inactive|Battle timer is ON: inactive players will automatically lose when time's up. (requested by owl _with_scarf)
|
|t:|1743890136
|start
|switch|p1a: Garchomp|Garchomp, F|100/100
|switch|p2a: Serperior|Serperior, M|100/100
|turn|1
|
|t:|1743890142
|move|p2a: Serperior|Glare|p1a: Garchomp
|-status|p1a: Garchomp|par
|move|p1a: Garchomp|Scale Shot|p2a: Serperior
|-damage|p2a: Serperior|85/100
|-damage|p2a: Serperior|68/100
|-damage|p2a: Serperior|52/100
|-damage|p2a: Serperior|36/100
|-damage|p2a: Serperior|20/100
|-hitcount|p2a: Serperior|5
|-unboost|p1a: Garchomp|def|1
|-boost|p1a: Garchomp|spe|1
|
|-heal|p2a: Serperior|26/100|[from] item: Leftovers
|upkeep
|turn|2
|
|t:|1743890147
|switch|p2a: Iron Valiant|Iron Valiant|100/100
|-enditem|p2a: Iron Valiant|Booster Energy
|-activate|p2a: Iron Valiant|ability: Quark Drive|[fromitem]
|-start|p2a: Iron Valiant|quarkdrivespe
|move|p1a: Garchomp|Earthquake|p2a: Iron Valiant
|-damage|p2a: Iron Valiant|33/100
|
|upkeep
|turn|3
|
|t:|1743890153
|move|p2a: Iron Valiant|Moonblast|p1a: Garchomp
|-supereffective|p1a: Garchomp
|-damage|p1a: Garchomp|0 fnt
|faint|p1a: Garchomp
|
|upkeep
|
|t:|1743890156
|switch|p1a: Hoopa|Hoopa-Unbound|100/100
|turn|4
|
|t:|1743890160
|move|p2a: Iron Valiant|Thunder Wave|p1a: Hoopa
|-status|p1a: Hoopa|par
|move|p1a: Hoopa|Psychic|p2a: Iron Valiant
|-supereffective|p2a: Iron Valiant
|-damage|p2a: Iron Valiant|0 fnt
|faint|p2a: Iron Valiant
|-end|p2a: Iron Valiant|Quark Drive|[silent]
|
|upkeep
|
|t:|1743890164
|switch|p2a: Great Tusk|Great Tusk|100/100
|-enditem|p2a: Great Tusk|Booster Energy
|-activate|p2a: Great Tusk|ability: Protosynthesis|[fromitem]
|-start|p2a: Great Tusk|protosynthesisatk
|turn|5
|
|t:|1743890168
|switch|p1a: Avalugg|Avalugg, F|100/100
|move|p2a: Great Tusk|Headlong Rush|p1a: Avalugg
|-damage|p1a: Avalugg|66/100
|-unboost|p2a: Great Tusk|def|1
|-unboost|p2a: Great Tusk|spd|1
|
|upkeep
|turn|6
|
|t:|1743890171
|-end|p2a: Great Tusk|Protosynthesis|[silent]
|switch|p2a: Rotom|Rotom-Frost|100/100
|move|p1a: Avalugg|Recover|p1a: Avalugg
|-heal|p1a: Avalugg|100/100
|
|upkeep
|turn|7
|
|t:|1743890175
|switch|p1a: Hoopa|Hoopa-Unbound|100/100 par
|move|p2a: Rotom|Thunderbolt|p1a: Hoopa
|-damage|p1a: Hoopa|78/100 par
|
|upkeep
|turn|8
|
|t:|1743890178
|switch|p2a: Great Tusk|Great Tusk|100/100
|move|p1a: Hoopa|Knock Off|p2a: Great Tusk
|-resisted|p2a: Great Tusk
|-damage|p2a: Great Tusk|88/100
|
|upkeep
|turn|9
|
|t:|1743890182
|-end|p2a: Great Tusk|Protosynthesis|[silent]
|switch|p2a: Rotom|Rotom-Frost|100/100
|move|p1a: Hoopa|Psychic|p2a: Rotom
|-damage|p2a: Rotom|10/100
|
|upkeep
|turn|10
|
|t:|1743890187
|move|p2a: Rotom|Hex|p1a: Hoopa
|-damage|p1a: Hoopa|59/100 par
|move|p1a: Hoopa|Psychic|p2a: Rotom
|-damage|p2a: Rotom|0 fnt
|faint|p2a: Rotom
|
|upkeep
|
|t:|1743890190
|switch|p2a: Great Tusk|Great Tusk|88/100
|turn|11
|
|t:|1743890194
|switch|p1a: Avalugg|Avalugg, F|100/100
|move|p2a: Great Tusk|Headlong Rush|p1a: Avalugg
|-damage|p1a: Avalugg|76/100
|-unboost|p2a: Great Tusk|def|1
|-unboost|p2a: Great Tusk|spd|1
|
|upkeep
|turn|12
|
|t:|1743890198
|-end|p2a: Great Tusk|Protosynthesis|[silent]
|switch|p2a: Gholdengo|Gholdengo|100/100
|move|p1a: Avalugg|Avalanche|p2a: Gholdengo
|-resisted|p2a: Gholdengo
|-damage|p2a: Gholdengo|90/100
|
|-heal|p2a: Gholdengo|96/100|[from] item: Leftovers
|upkeep
|turn|13
|
|t:|1743890202
|switch|p1a: Hoopa|Hoopa-Unbound|59/100 par
|move|p2a: Gholdengo|Hex|p1a: Hoopa
|-damage|p1a: Hoopa|22/100 par
|
|-heal|p2a: Gholdengo|100/100|[from] item: Leftovers
|upkeep
|turn|14
|
|t:|1743890208
|move|p2a: Gholdengo|Hex|p1a: Hoopa
|-damage|p1a: Hoopa|0 fnt
|faint|p1a: Hoopa
|
|upkeep
|
|t:|1743890214
|switch|p1a: Manaphy|Manaphy|100/100
|turn|15
|
|t:|1743890216
|move|p1a: Manaphy|Substitute|p1a: Manaphy
|-start|p1a: Manaphy|Substitute
|-damage|p1a: Manaphy|76/100
|move|p2a: Gholdengo|Thunder Wave||[still]
|-fail|p2a: Gholdengo
|
|-heal|p1a: Manaphy|82/100|[from] item: Leftovers
|upkeep
|turn|16
|
|t:|1743890219
|move|p1a: Manaphy|Tail Glow|p1a: Manaphy
|-boost|p1a: Manaphy|spa|3
|move|p2a: Gholdengo|Hex|p1a: Manaphy
|-end|p1a: Manaphy|Substitute
|
|-heal|p1a: Manaphy|88/100|[from] item: Leftovers
|upkeep
|turn|17
|
|t:|1743890225
|move|p1a: Manaphy|Surf|p2a: Gholdengo
|-damage|p2a: Gholdengo|0 fnt
|faint|p2a: Gholdengo
|
|-heal|p1a: Manaphy|94/100|[from] item: Leftovers
|upkeep
|
|t:|1743890228
|switch|p2a: Serperior|Serperior, M|26/100
|turn|18
|
|t:|1743890231
|-terastallize|p1a: Manaphy|Fairy
|move|p2a: Serperior|Leaf Storm|p1a: Manaphy
|-damage|p1a: Manaphy|43/100
|-boost|p2a: Serperior|spa|2
|move|p1a: Manaphy|Alluring Voice|p2a: Serperior
|-damage|p2a: Serperior|0 fnt
|faint|p2a: Serperior
|
|-heal|p1a: Manaphy|49/100|[from] item: Leftovers
|upkeep
|
|t:|1743890233
|switch|p2a: Slowking|Slowking-Galar, F|100/100
|turn|19
|
|t:|1743890235
|move|p1a: Manaphy|Substitute|p1a: Manaphy
|-start|p1a: Manaphy|Substitute
|-damage|p1a: Manaphy|24/100
|move|p2a: Slowking|Sludge Bomb|p1a: Manaphy
|-supereffective|p1a: Manaphy
|-end|p1a: Manaphy|Substitute
|
|-heal|p1a: Manaphy|30/100|[from] item: Leftovers
|upkeep
|turn|20
|
|t:|1743890238
|move|p1a: Manaphy|Surf|p2a: Slowking
|-damage|p2a: Slowking|37/100
|move|p2a: Slowking|Sludge Bomb|p1a: Manaphy
|-supereffective|p1a: Manaphy
|-damage|p1a: Manaphy|0 fnt
|faint|p1a: Manaphy
|
|upkeep
|
|t:|1743890241
|switch|p1a: Entei|Entei, shiny|100/100
|turn|21
|
|t:|1743890244
|-terastallize|p2a: Slowking|Water
|move|p1a: Entei|Swagger|p2a: Slowking
|-boost|p2a: Slowking|atk|2
|-start|p2a: Slowking|confusion
|-enditem|p1a: Entei|Mirror Herb
|-boost|p1a: Entei|atk|2|[from] item: Mirror Herb
|-prepare|p2a: Slowking|Chilly Reception|[premajor]
|-activate|p2a: Slowking|confusion
|move|p2a: Slowking|Chilly Reception|p2a: Slowking
|-weather|Snowscape
|
|t:|1743890248
|switch|p2a: Great Tusk|Great Tusk|88/100|[from] Chilly Reception
|
|-weather|Snowscape|[upkeep]
|upkeep
|turn|22
|
|t:|1743890254
|move|p1a: Entei|Sacred Fire|p2a: Great Tusk
|-damage|p2a: Great Tusk|23/100
|move|p2a: Great Tusk|Headlong Rush|p1a: Entei
|-supereffective|p1a: Entei
|-damage|p1a: Entei|0 fnt
|-unboost|p2a: Great Tusk|def|1
|-unboost|p2a: Great Tusk|spd|1
|faint|p1a: Entei
|
|-weather|Snowscape|[upkeep]
|upkeep
|
|t:|1743890259
|switch|p1a: Avalugg|Avalugg, F|76/100
|turn|23
|
|t:|1743890262
|-end|p2a: Great Tusk|Protosynthesis|[silent]
|switch|p2a: Slowking|Slowking-Galar, F, tera:Water|71/100
|move|p1a: Avalugg|Avalanche|p2a: Slowking
|-resisted|p2a: Slowking
|-crit|p2a: Slowking
|-damage|p2a: Slowking|52/100
|
|-weather|Snowscape|[upkeep]
|upkeep
|turn|24
|
|t:|1743890265
|-prepare|p2a: Slowking|Chilly Reception|[premajor]
|move|p2a: Slowking|Chilly Reception|p2a: Slowking
|
|t:|1743890267
|switch|p2a: Great Tusk|Great Tusk|23/100|[from] Chilly Reception
|move|p1a: Avalugg|Body Press|p2a: Great Tusk
|-damage|p2a: Great Tusk|0 fnt
|faint|p2a: Great Tusk
|-end|p2a: Great Tusk|Protosynthesis|[silent]
|
|-weather|Snowscape|[upkeep]
|upkeep
|
|t:|1743890269
|switch|p2a: Slowking|Slowking-Galar, F, tera:Water|85/100
|turn|25
|
|t:|1743890271
|move|p2a: Slowking|Sludge Bomb|p1a: Avalugg
|-crit|p1a: Avalugg
|-damage|p1a: Avalugg|0 fnt
|faint|p1a: Avalugg
|
|-weather|none
|upkeep
|
|t:|1743890273
|switch|p1a: Raging Bolt|Raging Bolt|100/100
|-enditem|p1a: Raging Bolt|Booster Energy
|-activate|p1a: Raging Bolt|ability: Protosynthesis|[fromitem]
|-start|p1a: Raging Bolt|protosynthesisspa
|turn|26
|
|t:|1743890274
|move|p1a: Raging Bolt|Thunderbolt|p2a: Slowking
|-supereffective|p2a: Slowking
|-damage|p2a: Slowking|1/100
|move|p2a: Slowking|Sludge Bomb|p1a: Raging Bolt
|-damage|p1a: Raging Bolt|64/100
|
|upkeep
|turn|27
|c|☆JP ShinySeeker|Gg
|-message|owl _with_scarf forfeited.
|
|win|JP ShinySeeker
|raw|JP ShinySeeker's rating: 1504 &rarr; <strong>1527</strong><br />(+23 for winning)
|raw|owl _with_scarf's rating: 1550 &rarr; <strong>1527</strong><br />(-23 for losing)
|l|☆owl _with_scarf
|player|p2|
|l|☆JP ShinySeeker
|player|p1|
