|j|☆Kikiam n fishball
|j|☆54 Insane Rats
|t:|1743818376
|gametype|singles
|player|p1|Kikiam n fishball|169|1666
|player|p2|54 Insane Rats|supernerd|1707
|teamsize|p1|6
|teamsize|p2|6
|gen|9
|tier|[Gen 9] OU
|rated|
|rule|HP Percentage Mod: HP is shown in percentages
|rule|Endless Battle Clause: Forcing endless battles is banned
|rule|Species Clause: Limit one of each Pokémon
|rule|OHKO Clause: OHKO moves are banned
|rule|Evasion Items Clause: Evasion items are banned
|rule|Evasion Moves Clause: Evasion moves are banned
|rule|Sleep Moves Clause: Sleep-inducing moves are banned
|clearpoke
|poke|p1|Samurott-Hisui, M|
|poke|p1|Hydreigon, M|
|poke|p1|Great Tusk|
|poke|p1|Gholdengo|
|poke|p1|Walking Wake|
|poke|p1|Kingambit, M|
|poke|p2|Gholdengo|
|poke|p2|Dragonite, M|
|poke|p2|Darkrai|
|poke|p2|Ting-Lu|
|poke|p2|Tinkaton, F|
|poke|p2|Clefable, M|
|teampreview
|inactive|Battle timer is ON: inactive players will automatically lose when time's up. (requested by 54 Insane Rats)
|inactive|Kikiam n fishball also wants the timer to be on.
|
|t:|1743818396
|start
|switch|p1a: Hydreigon|Hydreigon, M|100/100
|switch|p2a: Tinkaton|Tinkaton, F|100/100
|-item|p2a: Tinkaton|Air Balloon
|turn|1
|inactive|Kikiam n fishball has 120 seconds left.
|inactive|Kikiam n fishball has 90 seconds left.
|
|t:|1743818461
|move|p1a: Hydreigon|Stealth Rock|p2a: Tinkaton
|-sidestart|p2: 54 Insane Rats|move: Stealth Rock
|move|p2a: Tinkaton|Stealth Rock|p1a: Hydreigon
|-sidestart|p1: Kikiam n fishball|move: Stealth Rock
|
|upkeep
|turn|2
|j| notorious ned
|
|t:|1743818465
|move|p1a: Hydreigon|U-turn|p2a: Tinkaton
|-resisted|p2a: Tinkaton
|-damage|p2a: Tinkaton|96/100
|-enditem|p2a: Tinkaton|Air Balloon
|-enditem|p1a: Hydreigon|Leftovers|[silent]|[from] ability: Pickpocket|[of] p1a: Hydreigon
|-item|p2a: Tinkaton|Leftovers|[from] ability: Pickpocket|[of] p1a: Hydreigon
|j| hodiondo
|inactive|Kikiam n fishball has 90 seconds left.
|
|t:|1743818482
|switch|p1a: Edward|Samurott-Hisui, M, shiny|100/100|[from] U-turn
|-damage|p1a: Edward|88/100|[from] Stealth Rock
|move|p2a: Tinkaton|Gigaton Hammer|p1a: Edward
|-resisted|p1a: Edward
|-damage|p1a: Edward|67/100
|
|-heal|p2a: Tinkaton|100/100|[from] item: Leftovers
|upkeep
|turn|3
|
|t:|1743818491
|move|p2a: Tinkaton|Thunder Wave|p1a: Edward
|-status|p1a: Edward|par
|cant|p1a: Edward|par
|
|upkeep
|turn|4
|
|t:|1743818500
|switch|p2a: Clefable|Clefable, M|100/100
|move|p1a: Edward|Ceaseless Edge|p2a: Clefable
|-resisted|p2a: Clefable
|-damage|p2a: Clefable|77/100
|-sidestart|p2: 54 Insane Rats|Spikes
|
|-heal|p2a: Clefable|83/100|[from] item: Leftovers
|upkeep
|turn|5
|
|t:|1743818504
|move|p2a: Clefable|Knock Off|p1a: Edward
|-resisted|p1a: Edward
|-damage|p1a: Edward|59/100 par
|-enditem|p1a: Edward|Black Glasses|[from] move: Knock Off|[of] p2a: Clefable
|move|p1a: Edward|Ceaseless Edge|p2a: Clefable
|-resisted|p2a: Clefable
|-damage|p2a: Clefable|64/100
|-sidestart|p2: 54 Insane Rats|Spikes
|
|-heal|p2a: Clefable|70/100|[from] item: Leftovers
|upkeep
|turn|6
|inactive|Kikiam n fishball has 120 seconds left.
|
|t:|1743818518
|switch|p1a: Van|Gholdengo|100/100
|-damage|p1a: Van|94/100|[from] Stealth Rock
|move|p2a: Clefable|Moonblast|p1a: Van
|-resisted|p1a: Van
|-damage|p1a: Van|78/100
|-unboost|p1a: Van|spa|1
|
|-heal|p2a: Clefable|76/100|[from] item: Leftovers
|upkeep
|turn|7
|inactive|Kikiam n fishball has 120 seconds left.
|
|t:|1743818530
|switch|p2a: Darkrai|Darkrai|100/100
|move|p1a: Van|Trick|p2a: Darkrai
|-activate|p1a: Van|move: Trick|[of] p2a: Darkrai
|-item|p2a: Darkrai|Choice Scarf|[from] move: Trick
|-item|p1a: Van|Heavy-Duty Boots|[from] move: Trick
|
|upkeep
|turn|8
|inactive|Kikiam n fishball has 120 seconds left.
|
|t:|1743818539
|switch|p1a: Hydreigon|Hydreigon, M|100/100
|-damage|p1a: Hydreigon|88/100|[from] Stealth Rock
|move|p2a: Darkrai|Dark Pulse|p1a: Hydreigon
|-resisted|p1a: Hydreigon
|-damage|p1a: Hydreigon|62/100
|
|upkeep
|turn|9
|
|t:|1743818547
|move|p2a: Darkrai|Dark Pulse|p1a: Hydreigon
|-resisted|p1a: Hydreigon
|-crit|p1a: Hydreigon
|-damage|p1a: Hydreigon|24/100
|move|p1a: Hydreigon|Flash Cannon|p2a: Darkrai
|-damage|p2a: Darkrai|61/100
|
|upkeep
|turn|10
|
|t:|1743818553
|move|p2a: Darkrai|Dark Pulse|p1a: Hydreigon
|-resisted|p1a: Hydreigon
|-damage|p1a: Hydreigon|0 fnt
|faint|p1a: Hydreigon
|
|upkeep
|
|t:|1743818557
|switch|p1a: Edward|Samurott-Hisui, M, shiny|59/100 par
|-damage|p1a: Edward|46/100 par|[from] Stealth Rock
|turn|11
|
|t:|1743818560
|move|p2a: Darkrai|Dark Pulse|p1a: Edward
|-resisted|p1a: Edward
|-damage|p1a: Edward|19/100 par
|cant|p1a: Edward|flinch
|
|upkeep
|turn|12
|
|t:|1743818564
|cant|p1a: Edward|par
|move|p2a: Darkrai|Dark Pulse|p1a: Edward
|-resisted|p1a: Edward
|-damage|p1a: Edward|0 fnt
|faint|p1a: Edward
|
|upkeep
|l| hodiondo
|
|t:|1743818578
|switch|p1a: Jack|Great Tusk|100/100
|turn|13
|
|t:|1743818588
|switch|p2a: Ting-Lu|Ting-Lu|100/100
|-damage|p2a: Ting-Lu|94/100|[from] Stealth Rock
|-damage|p2a: Ting-Lu|78/100|[from] Spikes
|-ability|p2a: Ting-Lu|Vessel of Ruin
|move|p1a: Jack|Rapid Spin|p2a: Ting-Lu
|-damage|p2a: Ting-Lu|69/100
|-boost|p1a: Jack|spe|1
|-sideend|p1: Kikiam n fishball|Stealth Rock|[from] move: Rapid Spin|[of] p1a: Jack
|
|-heal|p2a: Ting-Lu|75/100|[from] item: Leftovers
|upkeep
|turn|14
|
|t:|1743818597
|move|p1a: Jack|Knock Off|p2a: Ting-Lu
|-resisted|p2a: Ting-Lu
|-damage|p2a: Ting-Lu|68/100
|-enditem|p2a: Ting-Lu|Leftovers|[from] move: Knock Off|[of] p1a: Jack
|move|p2a: Ting-Lu|Ruination|p1a: Jack
|-damage|p1a: Jack|50/100
|
|upkeep
|turn|15
|
|t:|1743818603
|-end|p1a: Jack|Protosynthesis|[silent]
|switch|p1a: Walking Wake|Walking Wake|100/100
|move|p2a: Ting-Lu|Earthquake|p1a: Walking Wake
|-damage|p1a: Walking Wake|58/100
|
|upkeep
|turn|16
|
|t:|1743818608
|switch|p2a: Gholdengo|Gholdengo|100/100
|move|p1a: Walking Wake|Hydro Pump|p2a: Gholdengo
|-crit|p2a: Gholdengo
|-damage|p2a: Gholdengo|27/100
|
|upkeep
|turn|17
|
|t:|1743818617
|-end|p1a: Walking Wake|Protosynthesis|[silent]
|switch|p1a: Nah I'd 50/50|Kingambit, M, shiny|100/100
|-activate|p1a: Nah I'd 50/50|ability: Supreme Overlord
|-start|p1a: Nah I'd 50/50|fallen2|[silent]
|move|p2a: Gholdengo|Recover|p2a: Gholdengo
|-heal|p2a: Gholdengo|77/100
|
|upkeep
|turn|18
|
|t:|1743818627
|-end|p1a: Nah I'd 50/50|fallen2|[silent]
|switch|p1a: Jack|Great Tusk|50/100
|move|p2a: Gholdengo|Focus Blast|p1a: Jack
|-damage|p1a: Jack|1/100
|
|upkeep
|turn|19
|
|t:|1743818637
|switch|p2a: Dragonite|Dragonite, M|100/100
|move|p1a: Jack|Headlong Rush|p2a: Dragonite
|-immune|p2a: Dragonite
|
|upkeep
|turn|20
|
|t:|1743818645
|move|p2a: Dragonite|Extreme Speed|p1a: Jack
|-damage|p1a: Jack|0 fnt
|faint|p1a: Jack
|-end|p1a: Jack|Protosynthesis|[silent]
|
|upkeep
|
|t:|1743818649
|switch|p1a: Van|Gholdengo|78/100
|turn|21
|
|t:|1743818656
|move|p1a: Van|Shadow Ball|p2a: Dragonite
|-damage|p2a: Dragonite|81/100
|move|p2a: Dragonite|Earthquake|p1a: Van
|-supereffective|p1a: Van
|-damage|p1a: Van|0 fnt
|faint|p1a: Van
|
|upkeep
|
|t:|1743818659
|switch|p1a: Walking Wake|Walking Wake|58/100
|turn|22
|
|t:|1743818667
|-terastallize|p2a: Dragonite|Normal
|move|p1a: Walking Wake|Draco Meteor|p2a: Dragonite
|-damage|p2a: Dragonite|22/100
|-unboost|p1a: Walking Wake|spa|2
|move|p2a: Dragonite|Dragon Tail|p1a: Walking Wake
|-supereffective|p1a: Walking Wake
|-damage|p1a: Walking Wake|0 fnt
|faint|p1a: Walking Wake
|-end|p1a: Walking Wake|Protosynthesis|[silent]
|
|upkeep
|
|t:|1743818678
|switch|p1a: Nah I'd 50/50|Kingambit, M, shiny|100/100
|-activate|p1a: Nah I'd 50/50|ability: Supreme Overlord
|-start|p1a: Nah I'd 50/50|fallen5|[silent]
|turn|23
|
|t:|1743818682
|-terastallize|p1a: Nah I'd 50/50|Fairy
|move|p2a: Dragonite|Earthquake|p1a: Nah I'd 50/50
|-damage|p1a: Nah I'd 50/50|71/100
|move|p1a: Nah I'd 50/50|Swords Dance|p1a: Nah I'd 50/50
|-boost|p1a: Nah I'd 50/50|atk|2
|
|-heal|p1a: Nah I'd 50/50|77/100|[from] item: Leftovers
|upkeep
|turn|24
|
|t:|1743818688
|move|p2a: Dragonite|Extreme Speed|p1a: Nah I'd 50/50
|-damage|p1a: Nah I'd 50/50|42/100
|move|p1a: Nah I'd 50/50|Kowtow Cleave|p2a: Dragonite
|-damage|p2a: Dragonite|0 fnt
|faint|p2a: Dragonite
|
|-heal|p1a: Nah I'd 50/50|48/100|[from] item: Leftovers
|upkeep
|
|t:|1743818692
|switch|p2a: Tinkaton|Tinkaton, F|100/100
|-damage|p2a: Tinkaton|94/100|[from] Stealth Rock
|-damage|p2a: Tinkaton|78/100|[from] Spikes
|turn|25
|
|t:|1743818702
|move|p2a: Tinkaton|Encore|p1a: Nah I'd 50/50
|-start|p1a: Nah I'd 50/50|Encore
|move|p1a: Nah I'd 50/50|Kowtow Cleave|p2a: Tinkaton
|-resisted|p2a: Tinkaton
|-damage|p2a: Tinkaton|0 fnt
|faint|p2a: Tinkaton
|
|-heal|p1a: Nah I'd 50/50|54/100|[from] item: Leftovers
|upkeep
|
|t:|1743818707
|switch|p2a: Darkrai|Darkrai|61/100
|-damage|p2a: Darkrai|49/100|[from] Stealth Rock
|-damage|p2a: Darkrai|33/100|[from] Spikes
|turn|26
|
|t:|1743818710
|move|p2a: Darkrai|Sludge Bomb|p1a: Nah I'd 50/50
|-supereffective|p1a: Nah I'd 50/50
|-damage|p1a: Nah I'd 50/50|0 fnt
|faint|p1a: Nah I'd 50/50
|-end|p1a: Nah I'd 50/50|fallen5|[silent]
|
|win|54 Insane Rats
|raw|Kikiam n fishball's rating: 1666 &rarr; <strong>1648</strong><br />(-18 for losing)
|raw|54 Insane Rats's rating: 1707 &rarr; <strong>1725</strong><br />(+18 for winning)
