|j|☆gooseneck23
|j|‽itspaoloooo
|t:|1743799363
|gametype|singles
|player|p1|gooseneck23|101|1136
|player|p2|itspaoloooo|lucas|1092
|teamsize|p1|6
|teamsize|p2|6
|gen|9
|tier|[Gen 9] OU
|rated|
|rule|HP Percentage Mod: HP is shown in percentages
|rule|Endless Battle Clause: Forcing endless battles is banned
|rule|Species Clause: Limit one of each Pokémon
|rule|OHKO Clause: OHKO moves are banned
|rule|Evasion Items Clause: Evasion items are banned
|rule|Evasion Moves Clause: Evasion moves are banned
|rule|Sleep Moves Clause: Sleep-inducing moves are banned
|clearpoke
|poke|p1|Walking Wake|
|poke|p1|Torkoal, M|
|poke|p1|Landorus-Therian, M|
|poke|p1|Kingambit, F|
|poke|p1|Scizor, M|
|poke|p1|Raging Bolt|
|poke|p2|Galvantula, M|
|poke|p2|Meganium, F|
|poke|p2|Sneasel, F|
|poke|p2|Donphan, M|
|poke|p2|Alomomola, F|
|poke|p2|Blaziken, M|
|teampreview
|inactive|Battle timer is ON: inactive players will automatically lose when time's up. (requested by itspaoloooo)
|inactive|itspaoloooo has 120 seconds left.
|
|t:|1743799414
|start
|switch|p1a: Landorus|Landorus-Therian, M|100/100
|switch|p2a: Galvantula|Galvantula, M|100/100
|-ability|p1a: Landorus|Intimidate|boost
|-unboost|p2a: Galvantula|atk|1
|turn|1
|
|t:|1743799421
|move|p2a: Galvantula|Sticky Web|p1a: Landorus
|-sidestart|p1: gooseneck23|move: Sticky Web
|move|p1a: Landorus|Earthquake|p2a: Galvantula
|-damage|p2a: Galvantula|12/100
|
|upkeep
|turn|2
|inactive|itspaoloooo has 120 seconds left.
|
|t:|1743799453
|move|p2a: Galvantula|Bug Buzz|p1a: Landorus
|-resisted|p1a: Landorus
|-damage|p1a: Landorus|78/100
|move|p1a: Landorus|Earthquake|p2a: Galvantula
|-damage|p2a: Galvantula|0 fnt
|faint|p2a: Galvantula
|
|upkeep
|inactive|itspaoloooo has 120 seconds left.
|
|t:|1743799478
|switch|p2a: Donphan|Donphan, M|100/100
|turn|3
|inactive|itspaoloooo has 90 seconds left.
|
|t:|1743799503
|move|p1a: Landorus|Taunt|p2a: Donphan
|-start|p2a: Donphan|move: Taunt
|move|p2a: Donphan|Rapid Spin|p1a: Landorus
|-damage|p1a: Landorus|61/100
|-boost|p2a: Donphan|spe|1
|-damage|p2a: Donphan|84/100|[from] item: Rocky Helmet|[of] p1a: Landorus
|
|upkeep
|turn|4
|
|t:|1743799514
|move|p2a: Donphan|Rapid Spin|p1a: Landorus
|-damage|p1a: Landorus|45/100
|-boost|p2a: Donphan|spe|1
|-damage|p2a: Donphan|68/100|[from] item: Rocky Helmet|[of] p1a: Landorus
|move|p1a: Landorus|U-turn|p2a: Donphan
|-damage|p2a: Donphan|47/100
|
|t:|1743799517
|switch|p1a: Torkoal|Torkoal, M|100/100|[from] U-turn
|-activate|p1a: Torkoal|move: Sticky Web
|-unboost|p1a: Torkoal|spe|1
|-weather|SunnyDay|[from] ability: Drought|[of] p1a: Torkoal
|
|-weather|SunnyDay|[upkeep]
|upkeep
|turn|5
|
|t:|1743799528
|move|p2a: Donphan|Earthquake|p1a: Torkoal
|-supereffective|p1a: Torkoal
|-damage|p1a: Torkoal|46/100
|move|p1a: Torkoal|Rapid Spin|p2a: Donphan
|-damage|p2a: Donphan|40/100
|-boost|p1a: Torkoal|spe|1
|-sideend|p1: gooseneck23|Sticky Web|[from] move: Rapid Spin|[of] p1a: Torkoal
|
|-weather|SunnyDay|[upkeep]
|-end|p2a: Donphan|move: Taunt
|upkeep
|turn|6
|
|t:|1743799539
|switch|p1a: Landorus|Landorus-Therian, M|45/100
|-ability|p1a: Landorus|Intimidate|boost
|-unboost|p2a: Donphan|atk|1
|move|p2a: Donphan|Earthquake|p1a: Landorus
|-immune|p1a: Landorus
|
|-weather|SunnyDay|[upkeep]
|upkeep
|turn|7
|
|t:|1743799545
|move|p2a: Donphan|Rapid Spin|p1a: Landorus
|-damage|p1a: Landorus|34/100
|-boost|p2a: Donphan|spe|1
|-damage|p2a: Donphan|23/100|[from] item: Rocky Helmet|[of] p1a: Landorus
|-enditem|p2a: Donphan|Liechi Berry|[eat]
|-boost|p2a: Donphan|atk|1|[from] item: Liechi Berry
|move|p1a: Landorus|U-turn|p2a: Donphan
|-damage|p2a: Donphan|4/100
|
|t:|1743799550
|switch|p1a: Scizor|Scizor, M|100/100|[from] U-turn
|
|-weather|SunnyDay|[upkeep]
|upkeep
|turn|8
|inactive|itspaoloooo has 120 seconds left.
|
|t:|1743799558
|move|p2a: Donphan|Endure|p2a: Donphan
|-singleturn|p2a: Donphan|move: Endure
|move|p1a: Scizor|Bullet Punch|p2a: Donphan
|-activate|p2a: Donphan|move: Endure
|-damage|p2a: Donphan|1/100
|-damage|p1a: Scizor|91/100|[from] item: Life Orb
|
|-weather|SunnyDay|[upkeep]
|upkeep
|turn|9
|inactive|itspaoloooo has 120 seconds left.
|
|t:|1743799569
|move|p1a: Scizor|Bullet Punch|p2a: Donphan
|-damage|p2a: Donphan|0 fnt
|faint|p2a: Donphan
|-damage|p1a: Scizor|81/100|[from] item: Life Orb
|
|-weather|SunnyDay|[upkeep]
|upkeep
|inactive|itspaoloooo has 120 seconds left.
|
|t:|1743799579
|switch|p2a: Blaziken|Blaziken, M|100/100
|turn|10
|
|t:|1743799586
|move|p2a: Blaziken|Blaze Kick|p1a: Scizor
|-supereffective|p1a: Scizor
|-damage|p1a: Scizor|0 fnt
|faint|p1a: Scizor
|
|-weather|SunnyDay|[upkeep]
|-ability|p2a: Blaziken|Speed Boost|boost
|-boost|p2a: Blaziken|spe|1
|upkeep
|
|t:|1743799589
|switch|p1a: Walking Wake|Walking Wake|100/100
|-activate|p1a: Walking Wake|ability: Protosynthesis
|-start|p1a: Walking Wake|protosynthesisspa
|turn|11
|
|t:|1743799607
|move|p1a: Walking Wake|Hydro Steam|p2a: Blaziken
|-supereffective|p2a: Blaziken
|-enditem|p2a: Blaziken|Focus Sash
|-damage|p2a: Blaziken|1/100
|move|p2a: Blaziken|Blaze Kick|p1a: Walking Wake
|-resisted|p1a: Walking Wake
|-damage|p1a: Walking Wake|82/100
|-status|p1a: Walking Wake|brn
|
|-weather|none
|-end|p1a: Walking Wake|Protosynthesis
|-damage|p1a: Walking Wake|76/100 brn|[from] brn
|-ability|p2a: Blaziken|Speed Boost|boost
|-boost|p2a: Blaziken|spe|1
|upkeep
|turn|12
|
|t:|1743799620
|move|p1a: Walking Wake|Hydro Steam|p2a: Blaziken
|-supereffective|p2a: Blaziken
|-damage|p2a: Blaziken|0 fnt
|faint|p2a: Blaziken
|
|-damage|p1a: Walking Wake|70/100 brn|[from] brn
|upkeep
|
|t:|1743799626
|switch|p2a: Meganium|Meganium, F|100/100
|turn|13
|
|t:|1743799634
|-end|p1a: Walking Wake|Protosynthesis|[silent]
|switch|p1a: Torkoal|Torkoal, M|46/100
|-weather|SunnyDay|[from] ability: Drought|[of] p1a: Torkoal
|move|p2a: Meganium|Swords Dance|p2a: Meganium
|-boost|p2a: Meganium|atk|2
|
|-weather|SunnyDay|[upkeep]
|upkeep
|turn|14
|
|t:|1743799639
|move|p2a: Meganium|Earthquake|p1a: Torkoal
|-supereffective|p1a: Torkoal
|-damage|p1a: Torkoal|0 fnt
|faint|p1a: Torkoal
|
|-weather|SunnyDay|[upkeep]
|upkeep
|
|t:|1743799643
|switch|p1a: Walking Wake|Walking Wake|70/100 brn
|-activate|p1a: Walking Wake|ability: Protosynthesis
|-start|p1a: Walking Wake|protosynthesisspa
|turn|15
|inactive|itspaoloooo has 120 seconds left.
|
|t:|1743799681
|-terastallize|p2a: Meganium|Fire
|move|p1a: Walking Wake|Flamethrower|p2a: Meganium
|-resisted|p2a: Meganium
|-damage|p2a: Meganium|70/100
|move|p2a: Meganium|Petal Blizzard|p1a: Walking Wake
|-damage|p1a: Walking Wake|0 fnt
|faint|p1a: Walking Wake
|-end|p1a: Walking Wake|Protosynthesis|[silent]
|
|-weather|SunnyDay|[upkeep]
|upkeep
|
|t:|1743799685
|switch|p1a: Landorus|Landorus-Therian, M|34/100
|-ability|p1a: Landorus|Intimidate|boost
|-unboost|p2a: Meganium|atk|1
|turn|16
|
|t:|1743799693
|move|p1a: Landorus|Earthquake|p2a: Meganium
|-supereffective|p2a: Meganium
|-damage|p2a: Meganium|0 fnt
|faint|p2a: Meganium
|
|-weather|SunnyDay|[upkeep]
|upkeep
|
|t:|1743799698
|switch|p2a: Alomomola|Alomomola, F|100/100
|turn|17
|
|t:|1743799702
|move|p1a: Landorus|Taunt|p2a: Alomomola
|-start|p2a: Alomomola|move: Taunt
|move|p2a: Alomomola|Liquidation|p1a: Landorus
|-supereffective|p1a: Landorus
|-crit|p1a: Landorus
|-damage|p1a: Landorus|1/100
|-damage|p2a: Alomomola|84/100|[from] item: Rocky Helmet|[of] p1a: Landorus
|
|-weather|SunnyDay|[upkeep]
|-heal|p2a: Alomomola|90/100|[from] item: Leftovers
|upkeep
|turn|18
|
|t:|1743799709
|move|p1a: Landorus|Earthquake|p2a: Alomomola
|-damage|p2a: Alomomola|66/100
|move|p2a: Alomomola|Flip Turn|p1a: Landorus
|-supereffective|p1a: Landorus
|-damage|p1a: Landorus|0 fnt
|-damage|p2a: Alomomola|49/100|[from] item: Rocky Helmet|[of] p1a: Landorus
|faint|p1a: Landorus
|
|t:|1743799716
|switch|p2a: Sneasel|Sneasel, F, shiny|100/100|[from] Flip Turn
|
|-weather|SunnyDay|[upkeep]
|upkeep
|
|t:|1743799718
|switch|p1a: Kingambit|Kingambit, F|100/100
|-activate|p1a: Kingambit|ability: Supreme Overlord
|-start|p1a: Kingambit|fallen4|[silent]
|turn|19
|
|t:|1743799727
|move|p2a: Sneasel|Swords Dance|p2a: Sneasel
|-boost|p2a: Sneasel|atk|2
|move|p1a: Kingambit|Iron Head|p2a: Sneasel
|-supereffective|p2a: Sneasel
|-enditem|p2a: Sneasel|Focus Sash
|-damage|p2a: Sneasel|1/100
|-enditem|p1a: Kingambit|Leftovers|[silent]|[from] ability: Pickpocket|[of] p1a: Kingambit
|-item|p2a: Sneasel|Leftovers|[from] ability: Pickpocket|[of] p1a: Kingambit
|
|-weather|SunnyDay|[upkeep]
|-heal|p2a: Sneasel|7/100|[from] item: Leftovers
|upkeep
|turn|20
|
|t:|1743799736
|move|p1a: Kingambit|Sucker Punch||[still]
|-fail|p1a: Kingambit
|move|p2a: Sneasel|Swords Dance|p2a: Sneasel
|-boost|p2a: Sneasel|atk|2
|
|-weather|none
|-heal|p2a: Sneasel|13/100|[from] item: Leftovers
|upkeep
|turn|21
|
|t:|1743799747
|move|p1a: Kingambit|Sucker Punch|p2a: Sneasel
|-resisted|p2a: Sneasel
|-damage|p2a: Sneasel|0 fnt
|faint|p2a: Sneasel
|
|upkeep
|
|t:|1743799751
|switch|p2a: Alomomola|Alomomola, F|82/100
|turn|22
|
|t:|1743799756
|move|p2a: Alomomola|Liquidation|p1a: Kingambit
|-damage|p1a: Kingambit|84/100
|move|p1a: Kingambit|Kowtow Cleave|p2a: Alomomola
|-damage|p2a: Alomomola|45/100
|
|-heal|p2a: Alomomola|51/100|[from] item: Leftovers
|upkeep
|turn|23
|
|t:|1743799761
|move|p2a: Alomomola|Wish|p2a: Alomomola
|move|p1a: Kingambit|Swords Dance|p1a: Kingambit
|-boost|p1a: Kingambit|atk|2
|
|-heal|p2a: Alomomola|57/100|[from] item: Leftovers
|upkeep
|turn|24
|
|t:|1743799771
|move|p2a: Alomomola|Liquidation|p1a: Kingambit
|-damage|p1a: Kingambit|66/100
|move|p1a: Kingambit|Swords Dance|p1a: Kingambit
|-boost|p1a: Kingambit|atk|2
|
|-heal|p2a: Alomomola|100/100|[from] move: Wish|[wisher] Alomomola
|upkeep
|turn|25
|
|t:|1743799784
|move|p2a: Alomomola|Liquidation|p1a: Kingambit
|-damage|p1a: Kingambit|47/100
|-unboost|p1a: Kingambit|def|1
|move|p1a: Kingambit|Kowtow Cleave|p2a: Alomomola
|-damage|p2a: Alomomola|0 fnt
|faint|p2a: Alomomola
|
|win|gooseneck23
|raw|gooseneck23's rating: 1136 &rarr; <strong>1156</strong><br />(+20 for winning)
|raw|itspaoloooo's rating: 1069 &rarr; <strong>1053</strong><br />(-16 for losing)
|l|☆gooseneck23
|player|p1|
|l|‽itspaoloooo
|player|p2|
