|j|☆ThunderCloudStrife
|j|☆shindig42
|t:|1743876082
|gametype|singles
|player|p1|ThunderCloudStrife|steven-masters2|1501
|player|p2|shindig42|brycen|1519
|teamsize|p1|6
|teamsize|p2|6
|gen|9
|tier|[Gen 9] OU
|rated|
|rule|HP Percentage Mod: HP is shown in percentages
|rule|Endless Battle Clause: Forcing endless battles is banned
|rule|Species Clause: Limit one of each Pokémon
|rule|OHKO Clause: OHKO moves are banned
|rule|Evasion Items Clause: Evasion items are banned
|rule|Evasion Moves Clause: Evasion moves are banned
|rule|Sleep Moves Clause: Sleep-inducing moves are banned
|clearpoke
|poke|p1|Kyurem|
|poke|p1|Ting-Lu|
|poke|p1|Corviknight, M|
|poke|p1|Weezing-Galar, F|
|poke|p1|Zamazenta-*|
|poke|p1|Toxapex, F|
|poke|p2|Pelipper, M|
|poke|p2|Barraskewda, F|
|poke|p2|Kingdra, M|
|poke|p2|Tornadus-Therian, M|
|poke|p2|Raging Bolt|
|poke|p2|Iron Treads|
|teampreview
|inactive|Battle timer is ON: inactive players will automatically lose when time's up. (requested by ThunderCloudStrife)
|
|t:|1743876094
|start
|switch|p1a: Weezing|Weezing-Galar, F|100/100
|switch|p2a: Pelipper|Pelipper, M|100/100
|-ability|p1a: Weezing|Neutralizing Gas
|turn|1
|
|t:|1743876104
|move|p2a: Pelipper|Hurricane|p1a: Weezing|[miss]
|-miss|p2a: Pelipper|p1a: Weezing
|move|p1a: Weezing|Strange Steam|p2a: Pelipper
|-damage|p2a: Pelipper|61/100
|
|upkeep
|turn|2
|
|t:|1743876109
|move|p2a: Pelipper|Hurricane|p1a: Weezing|[miss]
|-miss|p2a: Pelipper|p1a: Weezing
|move|p1a: Weezing|Will-O-Wisp|p2a: Pelipper
|-status|p2a: Pelipper|brn
|
|-damage|p2a: Pelipper|55/100 brn|[from] brn
|upkeep
|turn|3
|
|t:|1743876112
|move|p2a: Pelipper|Hurricane|p1a: Weezing|[miss]
|-miss|p2a: Pelipper|p1a: Weezing
|move|p1a: Weezing|Strange Steam|p2a: Pelipper
|-damage|p2a: Pelipper|19/100 brn
|
|-damage|p2a: Pelipper|13/100 brn|[from] brn
|upkeep
|turn|4
|
|t:|1743876115
|move|p2a: Pelipper|Roost|p2a: Pelipper
|-heal|p2a: Pelipper|63/100 brn
|-singleturn|p2a: Pelipper|move: Roost
|move|p1a: Weezing|Strange Steam|p2a: Pelipper
|-damage|p2a: Pelipper|26/100 brn
|
|-damage|p2a: Pelipper|20/100 brn|[from] brn
|upkeep
|turn|5
|
|t:|1743876117
|move|p2a: Pelipper|Roost|p2a: Pelipper
|-heal|p2a: Pelipper|70/100 brn
|-singleturn|p2a: Pelipper|move: Roost
|move|p1a: Weezing|Strange Steam|p2a: Pelipper
|-damage|p2a: Pelipper|33/100 brn
|
|-damage|p2a: Pelipper|27/100 brn|[from] brn
|upkeep
|turn|6
|
|t:|1743876120
|move|p2a: Pelipper|Roost|p2a: Pelipper
|-heal|p2a: Pelipper|77/100 brn
|-singleturn|p2a: Pelipper|move: Roost
|move|p1a: Weezing|Strange Steam|p2a: Pelipper
|-damage|p2a: Pelipper|41/100 brn
|
|-damage|p2a: Pelipper|35/100 brn|[from] brn
|upkeep
|turn|7
|
|t:|1743876124
|move|p2a: Pelipper|Roost|p2a: Pelipper
|-heal|p2a: Pelipper|85/100 brn
|-singleturn|p2a: Pelipper|move: Roost
|move|p1a: Weezing|Strange Steam|p2a: Pelipper
|-damage|p2a: Pelipper|46/100 brn
|
|-damage|p2a: Pelipper|40/100 brn|[from] brn
|upkeep
|turn|8
|
|t:|1743876130
|-end|p1a: Weezing|ability: Neutralizing Gas
|-weather|RainDance|[from] ability: Drizzle|[of] p2a: Pelipper
|switch|p1a: Zamazenta|Zamazenta|100/100
|-ability|p1a: Zamazenta|Dauntless Shield|boost
|-boost|p1a: Zamazenta|def|1
|move|p2a: Pelipper|Roost|p2a: Pelipper
|-heal|p2a: Pelipper|90/100 brn
|-singleturn|p2a: Pelipper|move: Roost
|
|-weather|RainDance|[upkeep]
|-damage|p2a: Pelipper|84/100 brn|[from] brn
|upkeep
|turn|9
|
|t:|1743876136
|switch|p2a: Tornadus|Tornadus-Therian, M|100/100
|move|p1a: Zamazenta|Stone Edge|p2a: Tornadus
|-supereffective|p2a: Tornadus
|-damage|p2a: Tornadus|0 fnt
|faint|p2a: Tornadus
|
|-weather|RainDance|[upkeep]
|upkeep
|
|t:|1743876143
|switch|p2a: Kingdra|Kingdra, M|100/100
|turn|10
|
|t:|1743876148
|switch|p1a: Toxapex|Toxapex, F|100/100
|move|p2a: Kingdra|Weather Ball|p1a: Toxapex
|-resisted|p1a: Toxapex
|-damage|p1a: Toxapex|79/100
|-damage|p2a: Kingdra|91/100|[from] item: Life Orb
|
|-weather|RainDance|[upkeep]
|upkeep
|turn|11
|
|t:|1743876159
|move|p2a: Kingdra|Draco Meteor|p1a: Toxapex
|-damage|p1a: Toxapex|41/100
|-unboost|p2a: Kingdra|spa|2
|-damage|p2a: Kingdra|81/100|[from] item: Life Orb
|move|p1a: Toxapex|Sludge Bomb|p2a: Kingdra
|-damage|p2a: Kingdra|45/100
|
|-weather|RainDance|[upkeep]
|upkeep
|turn|12
|
|t:|1743876171
|switch|p2a: Raging Bolt|Raging Bolt|100/100
|switch|p1a: Kyurem|Kyurem|100/100
|-ability|p1a: Kyurem|Pressure
|
|-weather|RainDance|[upkeep]
|upkeep
|turn|13
|
|t:|1743876180
|move|p1a: Kyurem|Protect|p1a: Kyurem
|-singleturn|p1a: Kyurem|Protect
|move|p2a: Raging Bolt|Draco Meteor|p1a: Kyurem
|-activate|p1a: Kyurem|move: Protect
|
|-weather|RainDance|[upkeep]
|upkeep
|turn|14
|
|t:|1743876185
|-end|p2a: Raging Bolt|Protosynthesis|[silent]
|switch|p2a: Kingdra|Kingdra, M|45/100
|move|p1a: Kyurem|Substitute|p1a: Kyurem
|-start|p1a: Kyurem|Substitute
|-damage|p1a: Kyurem|76/100
|
|-weather|RainDance|[upkeep]
|-heal|p1a: Kyurem|82/100|[from] item: Leftovers
|upkeep
|turn|15
|
|t:|1743876191
|move|p2a: Kingdra|Weather Ball|p1a: Kyurem
|-resisted|p1a: Kyurem
|-end|p1a: Kyurem|Substitute
|-damage|p2a: Kingdra|35/100|[from] item: Life Orb
|move|p1a: Kyurem|Freeze-Dry|p2a: Kingdra
|-supereffective|p2a: Kingdra
|-damage|p2a: Kingdra|0 fnt
|faint|p2a: Kingdra
|
|-weather|none
|-heal|p1a: Kyurem|88/100|[from] item: Leftovers
|upkeep
|
|t:|1743876194
|switch|p2a: Pelipper|Pelipper, M|84/100 brn
|-weather|RainDance|[from] ability: Drizzle|[of] p2a: Pelipper
|turn|16
|
|t:|1743876196
|switch|p2a: Iron Treads|Iron Treads|100/100
|move|p1a: Kyurem|Freeze-Dry|p2a: Iron Treads
|-damage|p2a: Iron Treads|50/100
|-enditem|p2a: Iron Treads|Eject Button
|
|t:|1743876201
|-end|p2a: Iron Treads|Quark Drive|[silent]
|switch|p2a: Barraskewda|Barraskewda, F|100/100
|
|-weather|RainDance|[upkeep]
|-heal|p1a: Kyurem|94/100|[from] item: Leftovers
|upkeep
|turn|17
|
|t:|1743876206
|-terastallize|p2a: Barraskewda|Water
|move|p1a: Kyurem|Protect|p1a: Kyurem
|-singleturn|p1a: Kyurem|Protect
|move|p2a: Barraskewda|Liquidation|p1a: Kyurem
|-activate|p1a: Kyurem|move: Protect
|
|-weather|RainDance|[upkeep]
|-heal|p1a: Kyurem|99/100|[from] item: Leftovers
|upkeep
|turn|18
|
|t:|1743876221
|switch|p1a: Corviknight|Corviknight, M|100/100
|-ability|p1a: Corviknight|Pressure
|move|p2a: Barraskewda|Liquidation|p1a: Corviknight
|-damage|p1a: Corviknight|21/100
|-damage|p2a: Barraskewda|84/100|[from] item: Rocky Helmet|[of] p1a: Corviknight
|
|-weather|RainDance|[upkeep]
|upkeep
|turn|19
|
|t:|1743876228
|move|p2a: Barraskewda|Liquidation|p1a: Corviknight
|-damage|p1a: Corviknight|0 fnt
|-damage|p2a: Barraskewda|68/100|[from] item: Rocky Helmet|[of] p1a: Corviknight
|faint|p1a: Corviknight
|
|-weather|RainDance|[upkeep]
|upkeep
|
|t:|1743876237
|switch|p1a: Toxapex|Toxapex, F|75/100
|turn|20
|
|t:|1743876250
|switch|p2a: Iron Treads|Iron Treads|50/100
|move|p1a: Toxapex|Sludge Bomb|p2a: Iron Treads
|-immune|p2a: Iron Treads
|
|-weather|RainDance|[upkeep]
|upkeep
|turn|21
|
|t:|1743876263
|switch|p1a: Ting-Lu|Ting-Lu|100/100
|-ability|p1a: Ting-Lu|Vessel of Ruin
|move|p2a: Iron Treads|Stealth Rock|p1a: Ting-Lu
|-sidestart|p1: ThunderCloudStrife|move: Stealth Rock
|
|-weather|RainDance|[upkeep]
|upkeep
|turn|22
|
|t:|1743876267
|move|p2a: Iron Treads|Knock Off|p1a: Ting-Lu
|-resisted|p1a: Ting-Lu
|-damage|p1a: Ting-Lu|94/100
|-enditem|p1a: Ting-Lu|Leftovers|[from] move: Knock Off|[of] p2a: Iron Treads
|move|p1a: Ting-Lu|Stealth Rock|p2a: Iron Treads
|-sidestart|p2: shindig42|move: Stealth Rock
|
|-weather|RainDance|[upkeep]
|upkeep
|turn|23
|
|t:|1743876271
|move|p2a: Iron Treads|Rapid Spin|p1a: Ting-Lu
|-damage|p1a: Ting-Lu|87/100
|-boost|p2a: Iron Treads|spe|1
|-sideend|p2: shindig42|Stealth Rock|[from] move: Rapid Spin|[of] p2a: Iron Treads
|move|p1a: Ting-Lu|Earthquake|p2a: Iron Treads
|-supereffective|p2a: Iron Treads
|-damage|p2a: Iron Treads|0 fnt
|faint|p2a: Iron Treads
|-end|p2a: Iron Treads|Quark Drive|[silent]
|
|-weather|none
|upkeep
|
|t:|1743876274
|switch|p2a: Pelipper|Pelipper, M|84/100 brn
|-weather|RainDance|[from] ability: Drizzle|[of] p2a: Pelipper
|turn|24
|
|t:|1743876279
|move|p2a: Pelipper|Weather Ball|p1a: Ting-Lu
|-supereffective|p1a: Ting-Lu
|-damage|p1a: Ting-Lu|42/100
|move|p1a: Ting-Lu|Stealth Rock|p2a: Pelipper
|-sidestart|p2: shindig42|move: Stealth Rock
|
|-weather|RainDance|[upkeep]
|-damage|p2a: Pelipper|78/100 brn|[from] brn
|upkeep
|turn|25
|
|t:|1743876289
|switch|p1a: Weezing|Weezing-Galar, F|100/100
|-ability|p1a: Weezing|Neutralizing Gas
|move|p2a: Pelipper|Weather Ball|p1a: Weezing
|-damage|p1a: Weezing|27/100
|
|-weather|RainDance|[upkeep]
|-damage|p2a: Pelipper|72/100 brn|[from] brn
|upkeep
|turn|26
|
|t:|1743876300
|move|p2a: Pelipper|Hurricane|p1a: Weezing
|-damage|p1a: Weezing|0 fnt
|faint|p1a: Weezing
|-end|p1a: Weezing|ability: Neutralizing Gas
|
|-weather|RainDance|[upkeep]
|-damage|p2a: Pelipper|66/100 brn|[from] brn
|upkeep
|
|t:|1743876305
|switch|p1a: Kyurem|Kyurem|99/100
|-damage|p1a: Kyurem|75/100|[from] Stealth Rock
|-ability|p1a: Kyurem|Pressure
|turn|27
|
|t:|1743876308
|switch|p2a: Raging Bolt|Raging Bolt|100/100
|-damage|p2a: Raging Bolt|88/100|[from] Stealth Rock
|move|p1a: Kyurem|Protect||[still]
|-fail|p1a: Kyurem
|
|-weather|RainDance|[upkeep]
|-heal|p1a: Kyurem|81/100|[from] item: Leftovers
|upkeep
|turn|28
|
|t:|1743876315
|move|p1a: Kyurem|Substitute|p1a: Kyurem
|-start|p1a: Kyurem|Substitute
|-damage|p1a: Kyurem|57/100
|move|p2a: Raging Bolt|Draco Meteor|p1a: Kyurem
|-supereffective|p1a: Kyurem
|-end|p1a: Kyurem|Substitute
|-unboost|p2a: Raging Bolt|spa|2
|
|-weather|RainDance|[upkeep]
|-heal|p1a: Kyurem|63/100|[from] item: Leftovers
|upkeep
|turn|29
|j| m0chaman_829
|
|t:|1743876321
|move|p1a: Kyurem|Protect|p1a: Kyurem
|-singleturn|p1a: Kyurem|Protect
|move|p2a: Raging Bolt|Draco Meteor|p1a: Kyurem
|-activate|p1a: Kyurem|move: Protect
|
|-weather|RainDance|[upkeep]
|-heal|p1a: Kyurem|69/100|[from] item: Leftovers
|upkeep
|turn|30
|
|t:|1743876324
|move|p1a: Kyurem|Substitute|p1a: Kyurem
|-start|p1a: Kyurem|Substitute
|-damage|p1a: Kyurem|44/100
|move|p2a: Raging Bolt|Draco Meteor|p1a: Kyurem
|-supereffective|p1a: Kyurem
|-end|p1a: Kyurem|Substitute
|-unboost|p2a: Raging Bolt|spa|2
|
|-weather|RainDance|[upkeep]
|-heal|p1a: Kyurem|50/100|[from] item: Leftovers
|upkeep
|turn|31
|l| m0chaman_829
|
|t:|1743876334
|move|p1a: Kyurem|Freeze-Dry|p2a: Raging Bolt
|-supereffective|p2a: Raging Bolt
|-damage|p2a: Raging Bolt|26/100
|-activate|p2a: Raging Bolt|move: Struggle
|move|p2a: Raging Bolt|Struggle|p1a: Kyurem
|-damage|p1a: Kyurem|43/100
|-damage|p2a: Raging Bolt|1/100|[from] recoil
|
|-weather|none
|-heal|p1a: Kyurem|49/100|[from] item: Leftovers
|upkeep
|turn|32
|
|t:|1743876340
|move|p1a: Kyurem|Protect|p1a: Kyurem
|-singleturn|p1a: Kyurem|Protect
|-activate|p2a: Raging Bolt|move: Struggle
|move|p2a: Raging Bolt|Struggle|p1a: Kyurem
|-activate|p1a: Kyurem|move: Protect
|
|-heal|p1a: Kyurem|55/100|[from] item: Leftovers
|upkeep
|turn|33
|
|t:|1743876342
|move|p1a: Kyurem|Substitute|p1a: Kyurem
|-start|p1a: Kyurem|Substitute
|-damage|p1a: Kyurem|30/100
|-activate|p2a: Raging Bolt|move: Struggle
|move|p2a: Raging Bolt|Struggle|p1a: Kyurem
|-activate|p1a: Kyurem|move: Substitute|[damage]
|-damage|p2a: Raging Bolt|0 fnt|[from] recoil
|faint|p2a: Raging Bolt
|-end|p2a: Raging Bolt|Protosynthesis|[silent]
|
|-heal|p1a: Kyurem|37/100|[from] item: Leftovers
|upkeep
|
|t:|1743876348
|switch|p2a: Barraskewda|Barraskewda, F, tera:Water|68/100
|-damage|p2a: Barraskewda|56/100|[from] Stealth Rock
|turn|34
|
|t:|1743876352
|move|p2a: Barraskewda|Flip Turn|p1a: Kyurem
|-resisted|p1a: Kyurem
|-end|p1a: Kyurem|Substitute
|
|t:|1743876355
|switch|p2a: Pelipper|Pelipper, M|66/100 brn|[from] Flip Turn
|-damage|p2a: Pelipper|41/100 brn|[from] Stealth Rock
|-weather|RainDance|[from] ability: Drizzle|[of] p2a: Pelipper
|move|p1a: Kyurem|Freeze-Dry|p2a: Pelipper
|-supereffective|p2a: Pelipper
|-damage|p2a: Pelipper|0 fnt
|faint|p2a: Pelipper
|
|-weather|RainDance|[upkeep]
|-heal|p1a: Kyurem|43/100|[from] item: Leftovers
|upkeep
|
|t:|1743876358
|switch|p2a: Barraskewda|Barraskewda, F, tera:Water|56/100
|-damage|p2a: Barraskewda|43/100|[from] Stealth Rock
|turn|35
|
|t:|1743876362
|move|p1a: Kyurem|Protect|p1a: Kyurem
|-singleturn|p1a: Kyurem|Protect
|move|p2a: Barraskewda|Liquidation|p1a: Kyurem
|-activate|p1a: Kyurem|move: Protect
|
|-weather|RainDance|[upkeep]
|-heal|p1a: Kyurem|49/100|[from] item: Leftovers
|upkeep
|turn|36
|
|t:|1743876380
|switch|p1a: Ting-Lu|Ting-Lu|42/100
|-damage|p1a: Ting-Lu|36/100|[from] Stealth Rock
|-ability|p1a: Ting-Lu|Vessel of Ruin
|move|p2a: Barraskewda|Liquidation|p1a: Ting-Lu
|-supereffective|p1a: Ting-Lu
|-damage|p1a: Ting-Lu|0 fnt
|faint|p1a: Ting-Lu
|
|-weather|RainDance|[upkeep]
|upkeep
|
|t:|1743876386
|switch|p1a: Toxapex|Toxapex, F|100/100
|-damage|p1a: Toxapex|88/100|[from] Stealth Rock
|turn|37
|
|t:|1743876389
|move|p2a: Barraskewda|Liquidation|p1a: Toxapex
|-resisted|p1a: Toxapex
|-crit|p1a: Toxapex
|-damage|p1a: Toxapex|0 fnt
|faint|p1a: Toxapex
|
|-weather|RainDance|[upkeep]
|upkeep
|j| Washed Master
|
|t:|1743876395
|switch|p1a: Kyurem|Kyurem|49/100
|-damage|p1a: Kyurem|24/100|[from] Stealth Rock
|-ability|p1a: Kyurem|Pressure
|turn|38
|l| Washed Master
|
|t:|1743876398
|move|p1a: Kyurem|Protect|p1a: Kyurem
|-singleturn|p1a: Kyurem|Protect
|move|p2a: Barraskewda|Liquidation|p1a: Kyurem
|-activate|p1a: Kyurem|move: Protect
|
|-weather|RainDance|[upkeep]
|-heal|p1a: Kyurem|30/100|[from] item: Leftovers
|upkeep
|turn|39
|
|t:|1743876403
|move|p2a: Barraskewda|Liquidation|p1a: Kyurem
|-resisted|p1a: Kyurem
|-damage|p1a: Kyurem|0 fnt
|faint|p1a: Kyurem
|
|-weather|RainDance|[upkeep]
|upkeep
|
|t:|1743876405
|switch|p1a: Zamazenta|Zamazenta|100/100
|-damage|p1a: Zamazenta|94/100|[from] Stealth Rock
|turn|40
|c|☆ThunderCloudStrife|mf got one lucky crit
|
|t:|1743876416
|move|p2a: Barraskewda|Liquidation|p1a: Zamazenta
|-damage|p1a: Zamazenta|0 fnt
|faint|p1a: Zamazenta
|
|win|shindig42
|raw|ThunderCloudStrife's rating: 1501 &rarr; <strong>1482</strong><br />(-19 for losing)
|raw|shindig42's rating: 1519 &rarr; <strong>1538</strong><br />(+19 for winning)
|l|☆ThunderCloudStrife
|player|p1|
|c|☆shindig42|Mf got 3 lucky misses to start the game
|l|☆shindig42
|player|p2|
