|j|☆AbyssalWerksHATER
|j|☆Pocket25
|t:|1743860638
|gametype|singles
|player|p1|AbyssalWerksHATER|giovanni|1260
|player|p2|Pocket25|265|1316
|teamsize|p1|6
|teamsize|p2|6
|gen|9
|tier|[Gen 9] OU
|rated|
|rule|HP Percentage Mod: HP is shown in percentages
|rule|Endless Battle Clause: Forcing endless battles is banned
|rule|Species Clause: Limit one of each Pokémon
|rule|OHKO Clause: OHKO moves are banned
|rule|Evasion Items Clause: Evasion items are banned
|rule|Evasion Moves Clause: Evasion moves are banned
|rule|Sleep Moves Clause: Sleep-inducing moves are banned
|clearpoke
|poke|p1|Azelf|
|poke|p1|Iron Valiant|
|poke|p1|Glimmora, M|
|poke|p1|Great Tusk|
|poke|p1|Kingambit, F|
|poke|p1|Dragonite, F|
|poke|p2|Iron Boulder|
|poke|p2|Ogerpon-Wellspring, F|
|poke|p2|Samurott-Hisui, F|
|poke|p2|Glimmora, M|
|poke|p2|Kyurem|
|poke|p2|Iron Moth|
|teampreview
|inactive|Battle timer is ON: inactive players will automatically lose when time's up. (requested by AbyssalWerksHATER)
|
|t:|1743860647
|start
|switch|p1a: My Main Goal...|Azelf|100/100
|switch|p2a: Iron Boulder|Iron Boulder|100/100
|-enditem|p2a: Iron Boulder|Booster Energy
|-activate|p2a: Iron Boulder|ability: Quark Drive|[fromitem]
|-start|p2a: Iron Boulder|quarkdrivespe
|turn|1
|
|t:|1743860655
|move|p2a: Iron Boulder|Swords Dance|p2a: Iron Boulder
|-boost|p2a: Iron Boulder|atk|2
|move|p1a: My Main Goal...|Stealth Rock|p2a: Iron Boulder
|-sidestart|p2: Pocket25|move: Stealth Rock
|
|upkeep
|turn|2
|
|t:|1743860671
|move|p2a: Iron Boulder|Mighty Cleave|p1a: My Main Goal...
|-enditem|p1a: My Main Goal...|Focus Sash
|-damage|p1a: My Main Goal...|1/100
|move|p1a: My Main Goal...|Explosion|p2a: Iron Boulder
|-resisted|p2a: Iron Boulder
|-damage|p2a: Iron Boulder|44/100
|faint|p1a: My Main Goal...
|
|upkeep
|
|t:|1743860681
|switch|p1a: 87 hazards|Glimmora, M|100/100
|turn|3
|
|t:|1743860684
|move|p2a: Iron Boulder|Zen Headbutt|p1a: 87 hazards
|-supereffective|p1a: 87 hazards
|-damage|p1a: 87 hazards|0 fnt
|-activate|p1a: 87 hazards|ability: Toxic Debris
|-sidestart|p2: Pocket25|move: Toxic Spikes
|faint|p1a: 87 hazards
|
|upkeep
|
|t:|1743860687
|switch|p1a: 87 different sets|Iron Valiant|100/100
|-enditem|p1a: 87 different sets|Booster Energy
|-activate|p1a: 87 different sets|ability: Quark Drive|[fromitem]
|-start|p1a: 87 different sets|quarkdrivespe
|turn|4
|
|t:|1743860691
|move|p1a: 87 different sets|Vacuum Wave|p2a: Iron Boulder
|-damage|p2a: Iron Boulder|23/100
|move|p2a: Iron Boulder|Zen Headbutt|p1a: 87 different sets
|-supereffective|p1a: 87 different sets
|-crit|p1a: 87 different sets
|-damage|p1a: 87 different sets|0 fnt
|faint|p1a: 87 different sets
|-end|p1a: 87 different sets|Quark Drive|[silent]
|
|upkeep
|
|t:|1743860693
|switch|p1a: Rocks aren't real|Dragonite, F|100/100
|turn|5
|
|t:|1743860696
|move|p1a: Rocks aren't real|Extreme Speed|p2a: Iron Boulder
|-resisted|p2a: Iron Boulder
|-damage|p2a: Iron Boulder|3/100
|move|p2a: Iron Boulder|Mighty Cleave|p1a: Rocks aren't real
|-supereffective|p1a: Rocks aren't real
|-damage|p1a: Rocks aren't real|5/100
|-enditem|p1a: Rocks aren't real|Weakness Policy
|-boost|p1a: Rocks aren't real|atk|2|[from] item: Weakness Policy
|-boost|p1a: Rocks aren't real|spa|2|[from] item: Weakness Policy
|
|upkeep
|turn|6
|
|t:|1743860700
|move|p1a: Rocks aren't real|Extreme Speed|p2a: Iron Boulder
|-resisted|p2a: Iron Boulder
|-damage|p2a: Iron Boulder|0 fnt
|faint|p2a: Iron Boulder
|-end|p2a: Iron Boulder|Quark Drive|[silent]
|
|upkeep
|
|t:|1743860710
|switch|p2a: Samurott|Samurott-Hisui, F|100/100
|-damage|p2a: Samurott|88/100|[from] Stealth Rock
|-status|p2a: Samurott|psn
|turn|7
|
|t:|1743860713
|move|p1a: Rocks aren't real|Extreme Speed|p2a: Samurott
|-damage|p2a: Samurott|10/100 psn
|move|p2a: Samurott|Flip Turn|p1a: Rocks aren't real
|-resisted|p1a: Rocks aren't real
|-damage|p1a: Rocks aren't real|0 fnt
|faint|p1a: Rocks aren't real
|
|t:|1743860720
|switch|p2a: Kyurem|Kyurem|100/100|[from] Flip Turn
|-damage|p2a: Kyurem|75/100|[from] Stealth Rock
|-status|p2a: Kyurem|psn
|-ability|p2a: Kyurem|Pressure
|
|-damage|p2a: Kyurem|63/100 psn|[from] psn
|upkeep
|
|t:|1743860724
|switch|p1a: Great Tusk|Great Tusk|100/100
|-enditem|p1a: Great Tusk|Booster Energy
|-activate|p1a: Great Tusk|ability: Protosynthesis|[fromitem]
|-start|p1a: Great Tusk|protosynthesisdef
|turn|8
|
|t:|1743860733
|move|p2a: Kyurem|Icicle Spear|p1a: Great Tusk
|-supereffective|p1a: Great Tusk
|-damage|p1a: Great Tusk|91/100
|-supereffective|p1a: Great Tusk
|-damage|p1a: Great Tusk|81/100
|-supereffective|p1a: Great Tusk
|-damage|p1a: Great Tusk|71/100
|-supereffective|p1a: Great Tusk
|-damage|p1a: Great Tusk|61/100
|-supereffective|p1a: Great Tusk
|-damage|p1a: Great Tusk|51/100
|-hitcount|p1a: Great Tusk|5
|move|p1a: Great Tusk|Body Press|p2a: Kyurem
|-supereffective|p2a: Kyurem
|-damage|p2a: Kyurem|0 fnt
|faint|p2a: Kyurem
|
|upkeep
|
|t:|1743860737
|switch|p2a: Samurott|Samurott-Hisui, F|10/100 psn
|-damage|p2a: Samurott|0 fnt|[from] Stealth Rock
|faint|p2a: Samurott
|
|t:|1743860741
|switch|p2a: Glimmora|Glimmora, M|100/100
|-damage|p2a: Glimmora|88/100|[from] Stealth Rock
|-sideend|p2: Pocket25|move: Toxic Spikes|[of] p2a: Glimmora
|turn|9
|
|t:|1743860745
|move|p2a: Glimmora|Energy Ball|p1a: Great Tusk
|-supereffective|p1a: Great Tusk
|-damage|p1a: Great Tusk|0 fnt
|faint|p1a: Great Tusk
|-end|p1a: Great Tusk|Protosynthesis|[silent]
|
|upkeep
|
|t:|1743860748
|switch|p1a: Its balanced trust|Kingambit, F|100/100
|-activate|p1a: Its balanced trust|ability: Supreme Overlord
|-start|p1a: Its balanced trust|fallen5|[silent]
|turn|10
|
|t:|1743860754
|move|p2a: Glimmora|Power Gem|p1a: Its balanced trust
|-resisted|p1a: Its balanced trust
|-damage|p1a: Its balanced trust|80/100
|move|p1a: Its balanced trust|Swords Dance|p1a: Its balanced trust
|-boost|p1a: Its balanced trust|atk|2
|
|upkeep
|turn|11
|
|t:|1743860756
|move|p2a: Glimmora|Power Gem|p1a: Its balanced trust
|-resisted|p1a: Its balanced trust
|-damage|p1a: Its balanced trust|61/100
|move|p1a: Its balanced trust|Kowtow Cleave|p2a: Glimmora
|-damage|p2a: Glimmora|0 fnt
|-activate|p2a: Glimmora|ability: Toxic Debris
|-sidestart|p1: AbyssalWerksHATER|move: Toxic Spikes
|faint|p2a: Glimmora
|
|upkeep
|
|t:|1743860759
|switch|p2a: Iron Moth|Iron Moth|100/100
|-damage|p2a: Iron Moth|76/100|[from] Stealth Rock
|-enditem|p2a: Iron Moth|Booster Energy
|-activate|p2a: Iron Moth|ability: Quark Drive|[fromitem]
|-start|p2a: Iron Moth|quarkdrivespe
|turn|12
|
|t:|1743860763
|move|p2a: Iron Moth|Fiery Dance|p1a: Its balanced trust
|-supereffective|p1a: Its balanced trust
|-damage|p1a: Its balanced trust|0 fnt
|faint|p1a: Its balanced trust
|-end|p1a: Its balanced trust|fallen5|[silent]
|
|win|Pocket25
|raw|AbyssalWerksHATER's rating: 1260 &rarr; <strong>1239</strong><br />(-21 for losing)
|raw|Pocket25's rating: 1316 &rarr; <strong>1333</strong><br />(+17 for winning)
|l|☆AbyssalWerksHATER
|player|p1|
|l|☆Pocket25
|player|p2|
