|badge|p2|bronze|gen9ou|100-5
|uhtml|medal-msg|<div class="broadcast-blue">Curious what those medals under the avatar are? PS now has Ladder Seasons! For more information, check out the <a href="https://www.smogon.com/forums/threads/3740067/">thread on Smogon.</a></div>
|j|☆maractus' no1 fan
|j|☆Johnny tots
|t:|1743917944
|gametype|singles
|player|p1|maractus' no1 fan|pokemonbreeder-gen4|1583
|player|p2|Johnny tots|1|1783
|teamsize|p1|6
|teamsize|p2|6
|gen|9
|tier|[Gen 9] OU
|rated|
|rule|HP Percentage Mod: HP is shown in percentages
|rule|Endless Battle Clause: Forcing endless battles is banned
|rule|Species Clause: Limit one of each Pokémon
|rule|OHKO Clause: OHKO moves are banned
|rule|Evasion Items Clause: Evasion items are banned
|rule|Evasion Moves Clause: Evasion moves are banned
|rule|Sleep Moves Clause: Sleep-inducing moves are banned
|clearpoke
|poke|p1|Blastoise, F|
|poke|p1|Pelipper, M|
|poke|p1|Dragapult, M|
|poke|p1|Latias, F|
|poke|p1|Azumarill, M|
|poke|p1|Iron Treads|
|poke|p2|Clefable, F|
|poke|p2|Dragonite, M|
|poke|p2|Thundurus-Therian, M|
|poke|p2|Manaphy|
|poke|p2|Iron Valiant|
|poke|p2|Klefki, F|
|teampreview
|
|t:|1743917967
|start
|switch|p1a: Pelipper|Pelipper, M|100/100
|switch|p2a: Klefki|Klefki, F|100/100
|-weather|RainDance|[from] ability: Drizzle|[of] p1a: Pelipper
|turn|1
|
|t:|1743917971
|move|p2a: Klefki|Light Screen|p2a: Klefki
|-sidestart|p2: Johnny tots|move: Light Screen
|move|p1a: Pelipper|U-turn|p2a: Klefki
|-resisted|p2a: Klefki
|-damage|p2a: Klefki|99/100
|
|t:|1743917973
|switch|p1a: Azumarill|Azumarill, M|100/100|[from] U-turn
|
|-weather|RainDance|[upkeep]
|upkeep
|turn|2
|inactive|Battle timer is ON: inactive players will automatically lose when time's up. (requested by Johnny tots)
|
|t:|1743917977
|move|p2a: Klefki|Reflect|p2a: Klefki
|-sidestart|p2: Johnny tots|Reflect
|move|p1a: Azumarill|Belly Drum|p1a: Azumarill
|-damage|p1a: Azumarill|50/100
|-setboost|p1a: Azumarill|atk|6|[from] move: Belly Drum
|-enditem|p1a: Azumarill|Sitrus Berry|[eat]
|-heal|p1a: Azumarill|75/100|[from] item: Sitrus Berry
|
|-weather|RainDance|[upkeep]
|upkeep
|turn|3
|
|t:|1743917983
|move|p2a: Klefki|Thunder Wave|p1a: Azumarill|[miss]
|-miss|p2a: Klefki|p1a: Azumarill
|move|p1a: Azumarill|Liquidation|p2a: Klefki
|-damage|p2a: Klefki|0 fnt
|faint|p2a: Klefki
|
|-weather|RainDance|[upkeep]
|upkeep
|
|t:|1743917989
|switch|p2a: Manaphy|Manaphy|100/100
|turn|4
|
|t:|1743918001
|-terastallize|p1a: Azumarill|Water
|move|p2a: Manaphy|Acid Armor|p2a: Manaphy
|-boost|p2a: Manaphy|def|2
|move|p1a: Azumarill|Liquidation|p2a: Manaphy
|-resisted|p2a: Manaphy
|-damage|p2a: Manaphy|54/100
|
|-weather|RainDance|[upkeep]
|-heal|p2a: Manaphy|60/100|[from] item: Leftovers
|upkeep
|turn|5
|
|t:|1743918008
|move|p2a: Manaphy|Acid Armor|p2a: Manaphy
|-boost|p2a: Manaphy|def|2
|move|p1a: Azumarill|Liquidation|p2a: Manaphy
|-resisted|p2a: Manaphy
|-damage|p2a: Manaphy|27/100
|
|-weather|RainDance|[upkeep]
|-heal|p2a: Manaphy|33/100|[from] item: Leftovers
|upkeep
|turn|6
|
|t:|1743918022
|move|p2a: Manaphy|Scald|p1a: Azumarill
|-resisted|p1a: Azumarill
|-damage|p1a: Azumarill|46/100
|-status|p1a: Azumarill|brn
|move|p1a: Azumarill|Liquidation|p2a: Manaphy
|-resisted|p2a: Manaphy
|-damage|p2a: Manaphy|16/100
|
|-weather|RainDance|[upkeep]
|-heal|p2a: Manaphy|22/100|[from] item: Leftovers
|-damage|p1a: Azumarill|40/100 brn|[from] brn
|upkeep
|turn|7
|
|t:|1743918028
|move|p2a: Manaphy|Acid Armor|p2a: Manaphy
|-boost|p2a: Manaphy|def|2
|move|p1a: Azumarill|Liquidation|p2a: Manaphy
|-resisted|p2a: Manaphy
|-damage|p2a: Manaphy|10/100
|
|-weather|RainDance|[upkeep]
|-heal|p2a: Manaphy|17/100|[from] item: Leftovers
|-damage|p1a: Azumarill|33/100 brn|[from] brn
|upkeep
|turn|8
|
|t:|1743918035
|move|p2a: Manaphy|Stored Power|p1a: Azumarill
|-damage|p1a: Azumarill|0 fnt
|faint|p1a: Azumarill
|
|-weather|none
|-heal|p2a: Manaphy|23/100|[from] item: Leftovers
|-sideend|p2: Johnny tots|move: Light Screen
|upkeep
|
|t:|1743918041
|switch|p1a: Dragapult|Dragapult, M|100/100
|turn|9
|
|t:|1743918046
|move|p1a: Dragapult|Shadow Ball|p2a: Manaphy
|-damage|p2a: Manaphy|0 fnt
|faint|p2a: Manaphy
|
|-sideend|p2: Johnny tots|Reflect
|upkeep
|
|t:|1743918057
|switch|p2a: Iron Valiant|Iron Valiant|100/100
|-enditem|p2a: Iron Valiant|Booster Energy
|-activate|p2a: Iron Valiant|ability: Quark Drive|[fromitem]
|-start|p2a: Iron Valiant|quarkdrivespe
|turn|10
|
|t:|1743918062
|switch|p1a: Pelipper|Pelipper, M|100/100
|-weather|RainDance|[from] ability: Drizzle|[of] p1a: Pelipper
|move|p2a: Iron Valiant|Calm Mind|p2a: Iron Valiant
|-boost|p2a: Iron Valiant|spa|1
|-boost|p2a: Iron Valiant|spd|1
|
|-weather|RainDance|[upkeep]
|upkeep
|turn|11
|
|t:|1743918065
|move|p2a: Iron Valiant|Moonblast|p1a: Pelipper
|-damage|p1a: Pelipper|11/100
|move|p1a: Pelipper|Hurricane|p2a: Iron Valiant
|-supereffective|p2a: Iron Valiant
|-damage|p2a: Iron Valiant|13/100
|
|-weather|RainDance|[upkeep]
|upkeep
|turn|12
|
|t:|1743918069
|move|p2a: Iron Valiant|Moonblast|p1a: Pelipper
|-damage|p1a: Pelipper|0 fnt
|faint|p1a: Pelipper
|
|-weather|RainDance|[upkeep]
|upkeep
|
|t:|1743918071
|switch|p1a: Iron Treads|Iron Treads|100/100
|turn|13
|
|t:|1743918076
|move|p2a: Iron Valiant|Shadow Ball|p1a: Iron Treads
|-damage|p1a: Iron Treads|44/100
|move|p1a: Iron Treads|Rapid Spin|p2a: Iron Valiant
|-damage|p2a: Iron Valiant|0 fnt
|-boost|p1a: Iron Treads|spe|1
|faint|p2a: Iron Valiant
|-end|p2a: Iron Valiant|Quark Drive|[silent]
|
|-weather|RainDance|[upkeep]
|upkeep
|
|t:|1743918084
|switch|p2a: Thundurus|Thundurus-Therian, M|100/100
|turn|14
|
|t:|1743918087
|move|p1a: Iron Treads|Knock Off|p2a: Thundurus
|-damage|p2a: Thundurus|60/100
|-enditem|p2a: Thundurus|Heavy-Duty Boots|[from] move: Knock Off|[of] p1a: Iron Treads
|move|p2a: Thundurus|Agility|p2a: Thundurus
|-boost|p2a: Thundurus|spe|2
|
|-weather|RainDance|[upkeep]
|upkeep
|turn|15
|
|t:|1743918098
|move|p2a: Thundurus|Nasty Plot|p2a: Thundurus
|-boost|p2a: Thundurus|spa|2
|move|p1a: Iron Treads|Knock Off|p2a: Thundurus
|-damage|p2a: Thundurus|31/100
|
|-weather|RainDance|[upkeep]
|upkeep
|turn|16
|
|t:|1743918106
|move|p2a: Thundurus|Grass Knot|p1a: Iron Treads
|-damage|p1a: Iron Treads|0 fnt
|faint|p1a: Iron Treads
|-end|p1a: Iron Treads|Quark Drive|[silent]
|
|-weather|RainDance|[upkeep]
|upkeep
|
|t:|1743918108
|switch|p1a: Blastoise|Blastoise, F|100/100
|turn|17
|
|t:|1743918110
|move|p1a: Blastoise|Aqua Jet|p2a: Thundurus
|-damage|p2a: Thundurus|0 fnt
|faint|p2a: Thundurus
|
|-weather|none
|upkeep
|
|t:|1743918122
|switch|p2a: Clefable|Clefable, F|100/100
|turn|18
|
|t:|1743918125
|move|p1a: Blastoise|Shell Smash|p1a: Blastoise
|-unboost|p1a: Blastoise|def|1
|-unboost|p1a: Blastoise|spd|1
|-boost|p1a: Blastoise|atk|2
|-boost|p1a: Blastoise|spa|2
|-boost|p1a: Blastoise|spe|2
|move|p2a: Clefable|Calm Mind|p2a: Clefable
|-boost|p2a: Clefable|spa|1
|-boost|p2a: Clefable|spd|1
|
|upkeep
|turn|19
|
|t:|1743918129
|move|p1a: Blastoise|Wave Crash|p2a: Clefable
|-damage|p2a: Clefable|5/100
|-damage|p1a: Blastoise|59/100|[from] Recoil
|move|p2a: Clefable|Moonblast|p1a: Blastoise
|-damage|p1a: Blastoise|0 fnt
|faint|p1a: Blastoise
|
|-heal|p2a: Clefable|11/100|[from] item: Leftovers
|upkeep
|
|t:|1743918134
|switch|p1a: Dragapult|Dragapult, M|100/100
|turn|20
|
|t:|1743918144
|move|p1a: Dragapult|Shadow Ball|p2a: Clefable
|-damage|p2a: Clefable|0 fnt
|faint|p2a: Clefable
|
|upkeep
|
|t:|1743918146
|switch|p2a: Dragonite|Dragonite, M|100/100
|turn|21
|
|t:|1743918150
|move|p1a: Dragapult|Shadow Ball|p2a: Dragonite
|-damage|p2a: Dragonite|74/100
|-unboost|p2a: Dragonite|spd|1
|move|p2a: Dragonite|Dragon Dance|p2a: Dragonite
|-boost|p2a: Dragonite|atk|1
|-boost|p2a: Dragonite|spe|1
|
|upkeep
|turn|22
|
|t:|1743918155
|switch|p1a: Latias|Latias, F|100/100
|move|p2a: Dragonite|Dragon Dance|p2a: Dragonite
|-boost|p2a: Dragonite|atk|1
|-boost|p2a: Dragonite|spe|1
|
|upkeep
|turn|23
|
|t:|1743918161
|move|p2a: Dragonite|Dragon Claw|p1a: Latias
|-supereffective|p1a: Latias
|-damage|p1a: Latias|0 fnt
|faint|p1a: Latias
|
|upkeep
|
|t:|1743918164
|switch|p1a: Dragapult|Dragapult, M|100/100
|turn|24
|
|t:|1743918167
|move|p2a: Dragonite|Dragon Claw|p1a: Dragapult
|-supereffective|p1a: Dragapult
|-damage|p1a: Dragapult|0 fnt
|faint|p1a: Dragapult
|
|win|Johnny tots
|raw|maractus&apos; no1 fan's rating: 1583 &rarr; <strong>1573</strong><br />(-10 for losing)
|raw|Johnny tots's rating: 1783 &rarr; <strong>1793</strong><br />(+10 for winning)
|l|☆maractus' no1 fan
|player|p1|
|l|☆Johnny tots
|player|p2|
