|j|☆NotTheWolfes
|j|☆1006awa
|t:|1743836846
|gametype|singles
|player|p1|NotTheWolfes|clerk|1073
|player|p2|1006awa|169|1128
|teamsize|p1|6
|teamsize|p2|6
|gen|9
|tier|[Gen 9] OU
|rated|
|rule|HP Percentage Mod: HP is shown in percentages
|rule|Endless Battle Clause: Forcing endless battles is banned
|rule|Species Clause: Limit one of each Pokémon
|rule|OHKO Clause: OHKO moves are banned
|rule|Evasion Items Clause: Evasion items are banned
|rule|Evasion Moves Clause: Evasion moves are banned
|rule|Sleep Moves Clause: Sleep-inducing moves are banned
|clearpoke
|poke|p1|Incineroar, M|
|poke|p1|Sceptile, M|
|poke|p1|Zoroark, M|
|poke|p1|Vikavolt, F|
|poke|p1|Florges, F|
|poke|p1|Dusclops, M|
|poke|p2|Gliscor, M|
|poke|p2|Glimmora, M|
|poke|p2|Raging Bolt|
|poke|p2|Kyurem|
|poke|p2|Ceruledge, M|
|poke|p2|Polteageist-Antique|
|teampreview
|
|t:|1743836855
|start
|switch|p1a: Vikavolt|Vikavolt, F|100/100
|switch|p2a: Polteageist|Polteageist-Antique, shiny|100/100
|turn|1
|
|t:|1743836865
|move|p2a: Polteageist|Shell Smash|p2a: Polteageist
|-unboost|p2a: Polteageist|def|1
|-unboost|p2a: Polteageist|spd|1
|-boost|p2a: Polteageist|atk|2
|-boost|p2a: Polteageist|spa|2
|-boost|p2a: Polteageist|spe|2
|move|p1a: Vikavolt|Sticky Web|p2a: Polteageist
|-sidestart|p2: 1006awa|move: Sticky Web
|
|upkeep
|turn|2
|
|t:|1743836877
|move|p2a: Polteageist|Shell Smash|p2a: Polteageist
|-unboost|p2a: Polteageist|def|1
|-unboost|p2a: Polteageist|spd|1
|-boost|p2a: Polteageist|atk|2
|-boost|p2a: Polteageist|spa|2
|-boost|p2a: Polteageist|spe|2
|move|p1a: Vikavolt|Thunderbolt|p2a: Polteageist
|-enditem|p2a: Polteageist|Focus Sash
|-damage|p2a: Polteageist|1/100
|
|upkeep
|turn|3
|
|t:|1743836889
|move|p2a: Polteageist|Poltergeist|p1a: Vikavolt
|-activate|p1a: Vikavolt|move: Poltergeist|Heavy-Duty Boots
|-damage|p1a: Vikavolt|40/100
|move|p1a: Vikavolt|Thunderbolt|p2a: Polteageist
|-damage|p2a: Polteageist|0 fnt
|faint|p2a: Polteageist
|
|upkeep
|
|t:|1743836900
|switch|p2a: Glimmora|Glimmora, M, shiny|100/100
|-activate|p2a: Glimmora|move: Sticky Web
|-unboost|p2a: Glimmora|spe|1
|turn|4
|
|t:|1743836906
|move|p2a: Glimmora|Mortal Spin|p1a: Vikavolt
|-damage|p1a: Vikavolt|34/100
|-status|p1a: Vikavolt|psn
|-sideend|p2: 1006awa|Sticky Web|[from] move: Mortal Spin|[of] p2a: Glimmora
|move|p1a: Vikavolt|Thunderbolt|p2a: Glimmora
|-damage|p2a: Glimmora|27/100
|
|-damage|p1a: Vikavolt|22/100 psn|[from] psn
|upkeep
|turn|5
|
|t:|1743836922
|move|p2a: Glimmora|Spiky Shield|p2a: Glimmora
|-singleturn|p2a: Glimmora|move: Protect
|move|p1a: Vikavolt|Sticky Web|p2a: Glimmora
|-sidestart|p2: 1006awa|move: Sticky Web
|
|-damage|p1a: Vikavolt|10/100 psn|[from] psn
|upkeep
|turn|6
|
|t:|1743836931
|move|p2a: Glimmora|Mortal Spin|p1a: Vikavolt
|-damage|p1a: Vikavolt|4/100 psn
|-sideend|p2: 1006awa|Sticky Web|[from] move: Mortal Spin|[of] p2a: Glimmora
|move|p1a: Vikavolt|Thunderbolt|p2a: Glimmora
|-crit|p2a: Glimmora
|-damage|p2a: Glimmora|0 fnt
|faint|p2a: Glimmora
|
|-damage|p1a: Vikavolt|0 fnt|[from] psn
|faint|p1a: Vikavolt
|upkeep
|
|t:|1743836947
|switch|p2a: Ceruledge|Ceruledge, M, shiny|100/100
|switch|p1a: Florges|Florges, F|100/100
|turn|7
|
|t:|1743836955
|move|p1a: Florges|Dark Pulse|p2a: Ceruledge
|-supereffective|p2a: Ceruledge
|-enditem|p2a: Ceruledge|Focus Sash
|-damage|p2a: Ceruledge|1/100
|-damage|p1a: Florges|91/100|[from] item: Life Orb
|cant|p2a: Ceruledge|flinch
|
|upkeep
|turn|8
|
|t:|1743836980
|move|p1a: Florges|U-turn|p2a: Ceruledge
|-resisted|p2a: Ceruledge
|-damage|p2a: Ceruledge|0 fnt
|faint|p2a: Ceruledge
|-damage|p1a: Florges|81/100|[from] item: Life Orb
|
|t:|1743836987
|switch|p1a: Dusclops|Dusclops, M|100/100|[from] U-turn
|-ability|p1a: Dusclops|Pressure
|
|upkeep
|
|t:|1743836995
|switch|p2a: Kyurem|Kyurem|100/100
|-ability|p2a: Kyurem|Pressure
|turn|9
|
|t:|1743837002
|move|p2a: Kyurem|Dragon Dance|p2a: Kyurem
|-boost|p2a: Kyurem|atk|1
|-boost|p2a: Kyurem|spe|1
|move|p1a: Dusclops|Will-O-Wisp|p2a: Kyurem
|-status|p2a: Kyurem|brn
|
|-damage|p2a: Kyurem|94/100 brn|[from] brn
|upkeep
|turn|10
|
|t:|1743837013
|move|p2a: Kyurem|Dragon Dance|p2a: Kyurem
|-boost|p2a: Kyurem|atk|1
|-boost|p2a: Kyurem|spe|1
|move|p1a: Dusclops|Taunt|p2a: Kyurem
|-start|p2a: Kyurem|move: Taunt
|
|-damage|p2a: Kyurem|88/100 brn|[from] brn
|upkeep
|turn|11
|
|t:|1743837023
|move|p2a: Kyurem|Scale Shot|p1a: Dusclops
|-damage|p1a: Dusclops|93/100
|-damage|p1a: Dusclops|86/100
|-damage|p1a: Dusclops|79/100
|-damage|p1a: Dusclops|71/100
|-damage|p1a: Dusclops|64/100
|-hitcount|p1a: Dusclops|5
|-unboost|p2a: Kyurem|def|1
|-boost|p2a: Kyurem|spe|1
|move|p1a: Dusclops|Pain Split|p2a: Kyurem
|-sethp|p2a: Kyurem|67/100 brn|[from] move: Pain Split|[silent]
|-sethp|p1a: Dusclops|93/100|[from] move: Pain Split
|
|-damage|p2a: Kyurem|61/100 brn|[from] brn
|upkeep
|turn|12
|
|t:|1743837040
|switch|p2a: Gliscor|Gliscor, M, shiny|100/100
|move|p1a: Dusclops|Night Shade|p2a: Gliscor
|-damage|p2a: Gliscor|72/100
|
|-status|p2a: Gliscor|tox|[from] item: Toxic Orb
|upkeep
|turn|13
|
|t:|1743837051
|switch|p1a: Sceptile|Sceptile, M|100/100
|move|p2a: Gliscor|Swords Dance|p2a: Gliscor
|-boost|p2a: Gliscor|atk|2
|
|-heal|p2a: Gliscor|85/100 tox|[from] ability: Poison Heal
|upkeep
|turn|14
|
|t:|1743837061
|move|p1a: Sceptile|Leaf Storm|p2a: Gliscor
|-damage|p2a: Gliscor|26/100 tox
|-unboost|p1a: Sceptile|spa|2
|move|p2a: Gliscor|Earthquake|p1a: Sceptile
|-resisted|p1a: Sceptile
|-damage|p1a: Sceptile|38/100
|-enditem|p1a: Sceptile|Sitrus Berry|[eat]
|-heal|p1a: Sceptile|62/100|[from] item: Sitrus Berry
|
|-heal|p2a: Gliscor|38/100 tox|[from] ability: Poison Heal
|upkeep
|turn|15
|
|t:|1743837067
|switch|p1a: Incineroar|Incineroar, M, shiny|100/100
|-ability|p1a: Incineroar|Intimidate|boost
|-unboost|p2a: Gliscor|atk|1
|move|p2a: Gliscor|Earthquake|p1a: Incineroar
|-supereffective|p1a: Incineroar
|-damage|p1a: Incineroar|0 fnt
|faint|p1a: Incineroar
|
|-heal|p2a: Gliscor|51/100 tox|[from] ability: Poison Heal
|upkeep
|
|t:|1743837070
|switch|p1a: Sceptile|Sceptile, M|62/100
|turn|16
|
|t:|1743837091
|move|p2a: Gliscor|Protect|p2a: Gliscor
|-singleturn|p2a: Gliscor|Protect
|move|p1a: Sceptile|Leaf Storm|p2a: Gliscor
|-activate|p2a: Gliscor|move: Protect
|
|-heal|p2a: Gliscor|63/100 tox|[from] ability: Poison Heal
|upkeep
|turn|17
|
|t:|1743837101
|move|p1a: Sceptile|Leaf Storm|p2a: Gliscor
|-damage|p2a: Gliscor|9/100 tox
|-unboost|p1a: Sceptile|spa|2
|move|p2a: Gliscor|Earthquake|p1a: Sceptile
|-resisted|p1a: Sceptile
|-damage|p1a: Sceptile|19/100
|
|-heal|p2a: Gliscor|21/100 tox|[from] ability: Poison Heal
|upkeep
|turn|18
|
|t:|1743837115
|move|p2a: Gliscor|Protect|p2a: Gliscor
|-singleturn|p2a: Gliscor|Protect
|move|p1a: Sceptile|Swords Dance|p1a: Sceptile
|-boost|p1a: Sceptile|atk|2
|
|-heal|p2a: Gliscor|34/100 tox|[from] ability: Poison Heal
|upkeep
|turn|19
|
|t:|1743837125
|move|p1a: Sceptile|Acrobatics|p2a: Gliscor
|-damage|p2a: Gliscor|0 fnt
|faint|p2a: Gliscor
|
|upkeep
|
|t:|1743837135
|switch|p2a: Kyurem|Kyurem|61/100 brn
|-ability|p2a: Kyurem|Pressure
|turn|20
|
|t:|1743837142
|move|p1a: Sceptile|Drain Punch|p2a: Kyurem
|-supereffective|p2a: Kyurem
|-damage|p2a: Kyurem|0 fnt
|-heal|p1a: Sceptile|61/100|[from] drain|[of] p2a: Kyurem
|faint|p2a: Kyurem
|
|upkeep
|
|t:|1743837158
|switch|p2a: Raging Bolt|Raging Bolt|100/100
|-enditem|p2a: Raging Bolt|Booster Energy
|-activate|p2a: Raging Bolt|ability: Protosynthesis|[fromitem]
|-start|p2a: Raging Bolt|protosynthesisspa
|turn|21
|
|t:|1743837166
|-terastallize|p2a: Raging Bolt|Electric
|move|p2a: Raging Bolt|Thunderclap|p1a: Sceptile
|-resisted|p1a: Sceptile
|-damage|p1a: Sceptile|12/100
|move|p1a: Sceptile|Drain Punch|p2a: Raging Bolt
|-damage|p2a: Raging Bolt|61/100
|-heal|p1a: Sceptile|40/100|[from] drain|[of] p2a: Raging Bolt
|
|upkeep
|turn|22
|
|t:|1743837176
|move|p2a: Raging Bolt|Thunderclap|p1a: Sceptile
|-resisted|p1a: Sceptile
|-damage|p1a: Sceptile|0 fnt
|faint|p1a: Sceptile
|
|upkeep
|
|t:|1743837181
|switch|p1a: Dusclops|Dusclops, M|93/100
|-ability|p1a: Dusclops|Pressure
|turn|23
|
|t:|1743837186
|move|p2a: Raging Bolt|Thunderclap||[still]
|-fail|p2a: Raging Bolt
|move|p1a: Dusclops|Will-O-Wisp|p2a: Raging Bolt
|-status|p2a: Raging Bolt|brn
|
|-damage|p2a: Raging Bolt|55/100 brn|[from] brn
|upkeep
|turn|24
|
|t:|1743837191
|move|p2a: Raging Bolt|Thunderclap|p1a: Dusclops
|-damage|p1a: Dusclops|55/100
|move|p1a: Dusclops|Night Shade|p2a: Raging Bolt
|-damage|p2a: Raging Bolt|30/100 brn
|
|-damage|p2a: Raging Bolt|24/100 brn|[from] brn
|upkeep
|turn|25
|
|t:|1743837204
|move|p2a: Raging Bolt|Thunderbolt|p1a: Dusclops
|-damage|p1a: Dusclops|10/100
|move|p1a: Dusclops|Night Shade|p2a: Raging Bolt
|-damage|p2a: Raging Bolt|0 fnt
|faint|p2a: Raging Bolt
|-end|p2a: Raging Bolt|Protosynthesis|[silent]
|
|win|NotTheWolfes
|raw|NotTheWolfes's rating: 1073 &rarr; <strong>1107</strong><br />(+34 for winning)
|raw|1006awa's rating: 1128 &rarr; <strong>1099</strong><br />(-29 for losing)
|l|☆NotTheWolfes
|player|p1|
|l|☆1006awa
|player|p2|
