|j|☆renaissance_YN
|j|☆FireGrant
|t:|1743792667
|gametype|singles
|player|p1|renaissance_YN|ethan|1119
|player|p2|FireGrant|hilbert|1118
|teamsize|p1|6
|teamsize|p2|6
|gen|9
|tier|[Gen 9] OU
|rated|
|rule|HP Percentage Mod: HP is shown in percentages
|rule|Endless Battle Clause: Forcing endless battles is banned
|rule|Species Clause: Limit one of each Pokémon
|rule|OHKO Clause: OHKO moves are banned
|rule|Evasion Items Clause: Evasion items are banned
|rule|Evasion Moves Clause: Evasion moves are banned
|rule|Sleep Moves Clause: Sleep-inducing moves are banned
|clearpoke
|poke|p1|Ditto|
|poke|p1|Quagsire, F|
|poke|p1|Garganacl, F|
|poke|p1|Zapdos|
|poke|p1|Walking Wake|
|poke|p1|Pecharunt|
|poke|p2|Blastoise, M|
|poke|p2|Chandelure, F|
|poke|p2|Cacturne, M|
|poke|p2|Galvantula, F|
|poke|p2|Dodrio, M|
|poke|p2|Dugtrio, F|
|teampreview
|inactive|Battle timer is ON: inactive players will automatically lose when time's up. (requested by renaissance_YN)
|
|t:|1743792674
|start
|switch|p1a: Zapdos|Zapdos|100/100
|switch|p2a: Blastoise|Blastoise, M|100/100
|turn|1
|
|t:|1743792680
|move|p2a: Blastoise|Shell Smash|p2a: Blastoise
|-unboost|p2a: Blastoise|def|1
|-unboost|p2a: Blastoise|spd|1
|-boost|p2a: Blastoise|atk|2
|-boost|p2a: Blastoise|spa|2
|-boost|p2a: Blastoise|spe|2
|-enditem|p2a: Blastoise|White Herb
|-clearnegativeboost|p2a: Blastoise|[silent]
|move|p1a: Zapdos|Thunderbolt|p2a: Blastoise
|-supereffective|p2a: Blastoise
|-damage|p2a: Blastoise|0 fnt
|faint|p2a: Blastoise
|
|upkeep
|
|t:|1743792696
|switch|p2a: Dugtrio|Dugtrio, F|100/100
|turn|2
|
|t:|1743792700
|move|p2a: Dugtrio|Stealth Rock|p1a: Zapdos
|-sidestart|p1: renaissance_YN|move: Stealth Rock
|move|p1a: Zapdos|U-turn|p2a: Dugtrio
|-damage|p2a: Dugtrio|62/100
|
|t:|1743792704
|switch|p1a: Walking Wake|Walking Wake|100/100|[from] U-turn
|
|upkeep
|turn|3
|
|t:|1743792723
|move|p1a: Walking Wake|Flip Turn|p2a: Dugtrio
|-supereffective|p2a: Dugtrio
|-damage|p2a: Dugtrio|0 fnt
|faint|p2a: Dugtrio
|
|t:|1743792729
|-end|p1a: Walking Wake|Protosynthesis|[silent]
|switch|p1a: Zapdos|Zapdos|100/100|[from] Flip Turn
|
|upkeep
|
|t:|1743792739
|switch|p2a: Galvantula|Galvantula, F|100/100
|turn|4
|
|t:|1743792748
|move|p2a: Galvantula|Sticky Web|p1a: Zapdos
|-sidestart|p1: renaissance_YN|move: Sticky Web
|move|p1a: Zapdos|Heat Wave|p2a: Galvantula
|-supereffective|p2a: Galvantula
|-enditem|p2a: Galvantula|Focus Sash
|-damage|p2a: Galvantula|1/100
|
|upkeep
|turn|5
|
|t:|1743792755
|move|p2a: Galvantula|Thunder|p1a: Zapdos
|-damage|p1a: Zapdos|55/100
|move|p1a: Zapdos|Thunderbolt|p2a: Galvantula
|-resisted|p2a: Galvantula
|-damage|p2a: Galvantula|0 fnt
|faint|p2a: Galvantula
|
|upkeep
|
|t:|1743792765
|switch|p2a: Chandelure|Chandelure, F|100/100
|turn|6
|
|t:|1743792777
|move|p2a: Chandelure|Trick|p1a: Zapdos
|-activate|p2a: Chandelure|move: Trick|[of] p1a: Zapdos
|-item|p1a: Zapdos|Choice Specs|[from] move: Trick
|-item|p2a: Chandelure|Heavy-Duty Boots|[from] move: Trick
|move|p1a: Zapdos|U-turn|p2a: Chandelure
|-resisted|p2a: Chandelure
|-damage|p2a: Chandelure|96/100
|
|t:|1743792783
|switch|p1a: Walking Wake|Walking Wake|100/100|[from] U-turn
|
|upkeep
|turn|7
|
|t:|1743792789
|-terastallize|p2a: Chandelure|Grass
|move|p1a: Walking Wake|Hydro Steam|p2a: Chandelure
|-resisted|p2a: Chandelure
|-damage|p2a: Chandelure|67/100
|move|p2a: Chandelure|Energy Ball|p1a: Walking Wake
|-damage|p1a: Walking Wake|39/100
|
|upkeep
|turn|8
|
|t:|1743792802
|move|p1a: Walking Wake|Draco Meteor|p2a: Chandelure
|-damage|p2a: Chandelure|0 fnt
|-unboost|p1a: Walking Wake|spa|2
|faint|p2a: Chandelure
|
|upkeep
|
|t:|1743792808
|switch|p2a: Dodrio|Dodrio, M|100/100
|turn|9
|
|t:|1743792825
|move|p1a: Walking Wake|Flip Turn|p2a: Dodrio
|-damage|p2a: Dodrio|74/100
|
|t:|1743792829
|-end|p1a: Walking Wake|Protosynthesis|[silent]
|switch|p1a: Garganacl|Garganacl, F|100/100|[from] Flip Turn
|-damage|p1a: Garganacl|88/100|[from] Stealth Rock
|-activate|p1a: Garganacl|move: Sticky Web
|-unboost|p1a: Garganacl|spe|1
|move|p2a: Dodrio|Low Kick|p1a: Garganacl
|-supereffective|p1a: Garganacl
|-damage|p1a: Garganacl|38/100
|
|-heal|p1a: Garganacl|44/100|[from] item: Leftovers
|upkeep
|turn|10
|
|t:|1743792844
|-terastallize|p1a: Garganacl|Water
|move|p2a: Dodrio|Tailwind|p2a: Dodrio
|-sidestart|p2: FireGrant|move: Tailwind
|move|p1a: Garganacl|Recover|p1a: Garganacl
|-heal|p1a: Garganacl|94/100
|
|-heal|p1a: Garganacl|99/100|[from] item: Leftovers
|upkeep
|turn|11
|
|t:|1743792856
|move|p2a: Dodrio|Brave Bird|p1a: Garganacl
|-damage|p1a: Garganacl|66/100
|-damage|p2a: Dodrio|57/100|[from] Recoil
|move|p1a: Garganacl|Salt Cure|p2a: Dodrio
|-supereffective|p2a: Dodrio
|-damage|p2a: Dodrio|4/100
|-start|p2a: Dodrio|Salt Cure
|
|-heal|p1a: Garganacl|73/100|[from] item: Leftovers
|-damage|p2a: Dodrio|0 fnt|[from] Salt Cure
|faint|p2a: Dodrio
|upkeep
|
|t:|1743792866
|switch|p2a: Cacturne|Cacturne, M|100/100
|turn|12
|
|t:|1743792873
|move|p2a: Cacturne|Giga Drain|p1a: Garganacl
|-supereffective|p1a: Garganacl
|-damage|p1a: Garganacl|12/100
|-damage|p2a: Cacturne|91/100|[from] item: Life Orb
|move|p1a: Garganacl|Salt Cure|p2a: Cacturne
|-damage|p2a: Cacturne|66/100
|-start|p2a: Cacturne|Salt Cure
|
|-heal|p1a: Garganacl|18/100|[from] item: Leftovers
|-damage|p2a: Cacturne|54/100|[from] Salt Cure
|upkeep
|turn|13
|
|t:|1743792884
|move|p2a: Cacturne|Giga Drain|p1a: Garganacl
|-supereffective|p1a: Garganacl
|-damage|p1a: Garganacl|0 fnt
|-heal|p2a: Cacturne|66/100|[from] drain|[of] p1a: Garganacl
|faint|p1a: Garganacl
|-damage|p2a: Cacturne|56/100|[from] item: Life Orb
|
|-damage|p2a: Cacturne|44/100|[from] Salt Cure
|-sideend|p2: FireGrant|move: Tailwind
|upkeep
|
|t:|1743792893
|switch|p1a: Zapdos|Zapdos|55/100
|-damage|p1a: Zapdos|30/100|[from] Stealth Rock
|turn|14
|
|t:|1743792899
|move|p2a: Cacturne|Spiky Shield|p2a: Cacturne
|-singleturn|p2a: Cacturne|move: Protect
|move|p1a: Zapdos|Heat Wave|p2a: Cacturne
|-activate|p2a: Cacturne|move: Protect
|
|-damage|p2a: Cacturne|31/100|[from] Salt Cure
|upkeep
|turn|15
|
|t:|1743792907
|move|p2a: Cacturne|Sucker Punch|p1a: Zapdos
|-damage|p1a: Zapdos|0 fnt
|-status|p2a: Cacturne|par|[from] ability: Static|[of] p1a: Zapdos
|faint|p1a: Zapdos
|-damage|p2a: Cacturne|21/100 par|[from] item: Life Orb
|
|-damage|p2a: Cacturne|9/100 par|[from] Salt Cure
|upkeep
|
|t:|1743792914
|switch|p1a: Hybis|Quagsire, F, shiny|100/100
|-damage|p1a: Hybis|94/100|[from] Stealth Rock
|-activate|p1a: Hybis|move: Sticky Web
|-unboost|p1a: Hybis|spe|1
|turn|16
|
|t:|1743792919
|move|p1a: Hybis|Protect|p1a: Hybis
|-singleturn|p1a: Hybis|Protect
|cant|p2a: Cacturne|par
|
|-heal|p1a: Hybis|100/100|[from] item: Leftovers
|-damage|p2a: Cacturne|0 fnt|[from] Salt Cure
|faint|p2a: Cacturne
|
|win|renaissance_YN
|raw|renaissance_YN's rating: 1119 &rarr; <strong>1144</strong><br />(+25 for winning)
|raw|FireGrant's rating: 1118 &rarr; <strong>1093</strong><br />(-25 for losing)
|l|☆renaissance_YN
|player|p1|
|l|☆FireGrant
|player|p2|
