|j|☆MaskedScorpio
|j|☆gander dander
|t:|1743911877
|gametype|singles
|player|p1|MaskedScorpio|silver-gen2|1252
|player|p2|gander dander|blaine|1212
|teamsize|p1|6
|teamsize|p2|6
|gen|9
|tier|[Gen 9] OU
|rated|
|rule|HP Percentage Mod: HP is shown in percentages
|rule|Endless Battle Clause: Forcing endless battles is banned
|rule|Species Clause: Limit one of each Pokémon
|rule|OHKO Clause: OHKO moves are banned
|rule|Evasion Items Clause: Evasion items are banned
|rule|Evasion Moves Clause: Evasion moves are banned
|rule|Sleep Moves Clause: Sleep-inducing moves are banned
|clearpoke
|poke|p1|Typhlosion-Hisui, M|
|poke|p1|Landorus-Therian, M|
|poke|p1|Clefable, M|
|poke|p1|Ogerpon-Wellspring, F|
|poke|p1|Latias, F|
|poke|p1|Corviknight, F|
|poke|p2|Ting-Lu|
|poke|p2|Tinkaton, F|
|poke|p2|Gholdengo|
|poke|p2|Zapdos|
|poke|p2|Clodsire, F|
|poke|p2|Weavile, F|
|teampreview
|inactive|Battle timer is ON: inactive players will automatically lose when time's up. (requested by gander dander)
|
|t:|1743911889
|start
|switch|p1a: Landorus|Landorus-Therian, M|100/100
|switch|p2a: Tinkaton|Tinkaton, F|100/100
|-ability|p2a: Tinkaton|Mold Breaker
|-item|p2a: Tinkaton|Air Balloon
|-ability|p1a: Landorus|Intimidate|boost
|-unboost|p2a: Tinkaton|atk|1
|turn|1
|
|t:|1743911910
|move|p2a: Tinkaton|Stealth Rock|p1a: Landorus
|-sidestart|p1: MaskedScorpio|move: Stealth Rock
|move|p1a: Landorus|Taunt|p2a: Tinkaton
|-start|p2a: Tinkaton|move: Taunt
|
|upkeep
|turn|2
|
|t:|1743911920
|switch|p2a: Zapdos|Zapdos|100/100
|move|p1a: Landorus|Stealth Rock|p2a: Zapdos
|-sidestart|p2: gander dander|move: Stealth Rock
|
|upkeep
|turn|3
|
|t:|1743911934
|switch|p1a: Clefable|Clefable, M|100/100
|move|p2a: Zapdos|U-turn|p1a: Clefable
|-resisted|p1a: Clefable
|-damage|p1a: Clefable|96/100
|
|t:|1743911944
|switch|p2a: Clodsire|Clodsire, F|100/100|[from] U-turn
|
|-heal|p1a: Clefable|100/100|[from] item: Leftovers
|upkeep
|turn|4
|
|t:|1743911954
|switch|p1a: Corviknight|Corviknight, F|100/100
|-damage|p1a: Corviknight|88/100|[from] Stealth Rock
|-ability|p1a: Corviknight|Pressure
|move|p2a: Clodsire|Spikes|p1a: Corviknight
|-sidestart|p1: MaskedScorpio|Spikes
|
|-heal|p1a: Corviknight|94/100|[from] item: Leftovers
|upkeep
|turn|5
|
|t:|1743911963
|switch|p2a: Gholdengo|Gholdengo|100/100
|-damage|p2a: Gholdengo|94/100|[from] Stealth Rock
|move|p1a: Corviknight|Defog|p2a: Gholdengo
|-immune|p2a: Gholdengo|[from] ability: Good as Gold
|
|-heal|p1a: Corviknight|99/100|[from] item: Leftovers
|upkeep
|turn|6
|
|t:|1743911971
|move|p2a: Gholdengo|Shadow Ball|p1a: Corviknight
|-damage|p1a: Corviknight|68/100
|move|p1a: Corviknight|U-turn|p2a: Gholdengo
|-resisted|p2a: Gholdengo
|-damage|p2a: Gholdengo|92/100
|-damage|p1a: Corviknight|51/100|[from] item: Rocky Helmet|[of] p2a: Gholdengo
|
|t:|1743911992
|switch|p1a: Typhlosion|Typhlosion-Hisui, M|100/100|[from] U-turn
|-damage|p1a: Typhlosion|76/100|[from] Stealth Rock
|-damage|p1a: Typhlosion|64/100|[from] Spikes
|
|upkeep
|turn|7
|
|t:|1743912003
|switch|p2a: Zapdos|Zapdos|100/100
|move|p1a: Typhlosion|Eruption|p2a: Zapdos
|-damage|p2a: Zapdos|36/100
|
|upkeep
|turn|8
|
|t:|1743912009
|switch|p2a: Ting-Lu|Ting-Lu|100/100
|-damage|p2a: Ting-Lu|94/100|[from] Stealth Rock
|-ability|p2a: Ting-Lu|Vessel of Ruin
|move|p1a: Typhlosion|Eruption|p2a: Ting-Lu
|-damage|p2a: Ting-Lu|64/100
|
|-heal|p2a: Ting-Lu|70/100|[from] item: Leftovers
|upkeep
|turn|9
|
|t:|1743912031
|switch|p1a: Corviknight|Corviknight, F|51/100
|-damage|p1a: Corviknight|39/100|[from] Stealth Rock
|-ability|p1a: Corviknight|Pressure
|move|p2a: Ting-Lu|Spikes|p1a: Corviknight
|-sidestart|p1: MaskedScorpio|Spikes
|
|-heal|p1a: Corviknight|45/100|[from] item: Leftovers
|-heal|p2a: Ting-Lu|76/100|[from] item: Leftovers
|upkeep
|turn|10
|
|t:|1743912041
|switch|p2a: Gholdengo|Gholdengo|92/100
|-damage|p2a: Gholdengo|86/100|[from] Stealth Rock
|move|p1a: Corviknight|U-turn|p2a: Gholdengo
|-resisted|p2a: Gholdengo
|-damage|p2a: Gholdengo|84/100
|-damage|p1a: Corviknight|28/100|[from] item: Rocky Helmet|[of] p2a: Gholdengo
|
|t:|1743912051
|switch|p1a: Typhlosion|Typhlosion-Hisui, M|64/100|[from] U-turn
|-damage|p1a: Typhlosion|39/100|[from] Stealth Rock
|-damage|p1a: Typhlosion|22/100|[from] Spikes
|
|upkeep
|turn|11
|
|t:|1743912060
|switch|p2a: Ting-Lu|Ting-Lu|76/100
|-damage|p2a: Ting-Lu|70/100|[from] Stealth Rock
|-ability|p2a: Ting-Lu|Vessel of Ruin
|move|p1a: Typhlosion|Focus Blast|p2a: Ting-Lu
|-supereffective|p2a: Ting-Lu
|-damage|p2a: Ting-Lu|21/100
|-unboost|p2a: Ting-Lu|spd|1
|
|-heal|p2a: Ting-Lu|27/100|[from] item: Leftovers
|upkeep
|turn|12
|
|t:|1743912073
|switch|p1a: Landorus|Landorus-Therian, M|100/100
|-damage|p1a: Landorus|88/100|[from] Stealth Rock
|-ability|p1a: Landorus|Intimidate|boost
|-unboost|p2a: Ting-Lu|atk|1
|switch|p2a: Gholdengo|Gholdengo|84/100
|-damage|p2a: Gholdengo|77/100|[from] Stealth Rock
|
|upkeep
|turn|13
|
|t:|1743912088
|switch|p2a: Weavile|Weavile, F|100/100
|-ability|p2a: Weavile|Pressure
|move|p1a: Landorus|Earthquake|p2a: Weavile
|-damage|p2a: Weavile|24/100
|
|upkeep
|turn|14
|
|t:|1743912099
|switch|p1a: Corviknight|Corviknight, F|28/100
|-damage|p1a: Corviknight|16/100|[from] Stealth Rock
|-ability|p1a: Corviknight|Pressure
|move|p2a: Weavile|Ice Shard|p1a: Corviknight
|-damage|p1a: Corviknight|4/100
|
|-heal|p1a: Corviknight|10/100|[from] item: Leftovers
|upkeep
|turn|15
|
|t:|1743912109
|move|p2a: Weavile|Knock Off|p1a: Corviknight
|-damage|p1a: Corviknight|0 fnt
|-enditem|p1a: Corviknight|Leftovers|[from] move: Knock Off|[of] p2a: Weavile
|faint|p1a: Corviknight
|
|upkeep
|
|t:|1743912130
|switch|p1a: Landorus|Landorus-Therian, M|88/100
|-damage|p1a: Landorus|76/100|[from] Stealth Rock
|-ability|p1a: Landorus|Intimidate|boost
|-unboost|p2a: Weavile|atk|1
|turn|16
|
|t:|1743912139
|switch|p2a: Zapdos|Zapdos|36/100
|-terastallize|p1a: Landorus|Water
|move|p1a: Landorus|U-turn|p2a: Zapdos
|-resisted|p2a: Zapdos
|-damage|p2a: Zapdos|29/100
|
|t:|1743912147
|switch|p1a: Latias|Latias, F|100/100|[from] U-turn
|-damage|p1a: Latias|88/100|[from] Stealth Rock
|
|upkeep
|turn|17
|
|t:|1743912151
|move|p1a: Latias|Agility|p1a: Latias
|-boost|p1a: Latias|spe|2
|move|p2a: Zapdos|U-turn|p1a: Latias
|-supereffective|p1a: Latias
|-damage|p1a: Latias|67/100
|-enditem|p1a: Latias|Weakness Policy
|-boost|p1a: Latias|atk|2|[from] item: Weakness Policy
|-boost|p1a: Latias|spa|2|[from] item: Weakness Policy
|
|t:|1743912159
|switch|p2a: Tinkaton|Tinkaton, F|100/100|[from] U-turn
|-damage|p2a: Tinkaton|94/100|[from] Stealth Rock
|-ability|p2a: Tinkaton|Mold Breaker
|-item|p2a: Tinkaton|Air Balloon
|
|upkeep
|turn|18
|inactive|MaskedScorpio has 120 seconds left.
|
|t:|1743912194
|move|p1a: Latias|Aura Sphere|p2a: Tinkaton
|-damage|p2a: Tinkaton|61/100
|-enditem|p2a: Tinkaton|Air Balloon
|move|p2a: Tinkaton|Thunder Wave|p1a: Latias
|-status|p1a: Latias|par
|
|upkeep
|turn|19
|inactive|MaskedScorpio has 120 seconds left.
|
|t:|1743912203
|move|p2a: Tinkaton|Gigaton Hammer|p1a: Latias
|-crit|p1a: Latias
|-damage|p1a: Latias|17/100 par
|cant|p1a: Latias|par
|
|upkeep
|turn|20
|
|t:|1743912219
|move|p2a: Tinkaton|Encore|p1a: Latias
|-start|p1a: Latias|Encore
|move|p1a: Latias|Aura Sphere|p2a: Tinkaton
|-damage|p2a: Tinkaton|26/100
|
|upkeep
|turn|21
|
|t:|1743912227
|switch|p1a: Landorus|Landorus-Therian, M, tera:Water|76/100
|-damage|p1a: Landorus|64/100|[from] Stealth Rock
|-damage|p1a: Landorus|47/100|[from] Spikes
|-ability|p1a: Landorus|Intimidate|boost
|-unboost|p2a: Tinkaton|atk|1
|move|p2a: Tinkaton|Gigaton Hammer|p1a: Landorus
|-resisted|p1a: Landorus
|-damage|p1a: Landorus|32/100
|
|upkeep
|turn|22
|
|t:|1743912239
|move|p2a: Tinkaton|Thunder Wave|p1a: Landorus
|-status|p1a: Landorus|par
|move|p1a: Landorus|Earthquake|p2a: Tinkaton
|-supereffective|p2a: Tinkaton
|-damage|p2a: Tinkaton|0 fnt
|faint|p2a: Tinkaton
|
|upkeep
|
|t:|1743912251
|switch|p2a: Weavile|Weavile, F|24/100
|-ability|p2a: Weavile|Pressure
|turn|23
|
|t:|1743912255
|move|p2a: Weavile|Knock Off|p1a: Landorus
|-damage|p1a: Landorus|0 fnt
|-damage|p2a: Weavile|7/100|[from] item: Rocky Helmet|[of] p1a: Landorus
|-enditem|p1a: Landorus|Rocky Helmet|[from] move: Knock Off|[of] p2a: Weavile
|faint|p1a: Landorus
|
|upkeep
|
|t:|1743912257
|switch|p1a: Ogerpon|Ogerpon-Wellspring, F|100/100
|-damage|p1a: Ogerpon|88/100|[from] Stealth Rock
|-damage|p1a: Ogerpon|72/100|[from] Spikes
|turn|24
|
|t:|1743912264
|move|p2a: Weavile|Triple Axel|p1a: Ogerpon
|-damage|p1a: Ogerpon|59/100
|-damage|p1a: Ogerpon|31/100
|-damage|p1a: Ogerpon|0 fnt
|faint|p1a: Ogerpon
|-hitcount|p1: Ogerpon|3
|
|upkeep
|
|t:|1743912268
|switch|p1a: Clefable|Clefable, M|100/100
|turn|25
|
|t:|1743912273
|move|p2a: Weavile|Knock Off|p1a: Clefable
|-resisted|p1a: Clefable
|-damage|p1a: Clefable|82/100
|-enditem|p1a: Clefable|Leftovers|[from] move: Knock Off|[of] p2a: Weavile
|move|p1a: Clefable|Moonblast|p2a: Weavile
|-supereffective|p2a: Weavile
|-damage|p2a: Weavile|0 fnt
|faint|p2a: Weavile
|
|upkeep
|
|t:|1743912281
|switch|p2a: Gholdengo|Gholdengo|77/100
|-damage|p2a: Gholdengo|71/100|[from] Stealth Rock
|turn|26
|
|t:|1743912285
|move|p2a: Gholdengo|Shadow Ball|p1a: Clefable
|-damage|p1a: Clefable|48/100
|move|p1a: Clefable|Knock Off|p2a: Gholdengo
|-supereffective|p2a: Gholdengo
|-damage|p2a: Gholdengo|50/100
|-enditem|p2a: Gholdengo|Rocky Helmet|[from] move: Knock Off|[of] p1a: Clefable
|
|upkeep
|turn|27
|
|t:|1743912294
|move|p2a: Gholdengo|Recover|p2a: Gholdengo
|-heal|p2a: Gholdengo|99/100
|move|p1a: Clefable|Moonlight|p1a: Clefable
|-heal|p1a: Clefable|98/100
|
|upkeep
|turn|28
|
|t:|1743912303
|move|p2a: Gholdengo|Nasty Plot|p2a: Gholdengo
|-boost|p2a: Gholdengo|spa|2
|move|p1a: Clefable|Moonblast|p2a: Gholdengo
|-resisted|p2a: Gholdengo
|-damage|p2a: Gholdengo|85/100
|
|upkeep
|turn|29
|-message|MaskedScorpio forfeited.
|
|win|gander dander
|raw|MaskedScorpio's rating: 1252 &rarr; <strong>1224</strong><br />(-28 for losing)
|raw|gander dander's rating: 1212 &rarr; <strong>1240</strong><br />(+28 for winning)
|l|☆MaskedScorpio
|player|p1|
|l|☆gander dander
|player|p2|
