|j|☆pungpungsy
|j|☆D3NiR
|t:|1743857688
|gametype|singles
|player|p1|pungpungsy|preschooler|1209
|player|p2|D3NiR|marlon|1197
|teamsize|p1|6
|teamsize|p2|6
|gen|9
|tier|[Gen 9] OU
|rated|
|rule|HP Percentage Mod: HP is shown in percentages
|rule|Endless Battle Clause: Forcing endless battles is banned
|rule|Species Clause: Limit one of each Pokémon
|rule|OHKO Clause: OHKO moves are banned
|rule|Evasion Items Clause: Evasion items are banned
|rule|Evasion Moves Clause: Evasion moves are banned
|rule|Sleep Moves Clause: Sleep-inducing moves are banned
|clearpoke
|poke|p1|Glimmora, F|
|poke|p1|Hatterene, F|
|poke|p1|Pecharunt|
|poke|p1|Kingambit, F|
|poke|p1|Iron Crown|
|poke|p1|Blissey, F|
|poke|p2|Alomomola, M|
|poke|p2|Slowking-Galar, F|
|poke|p2|Tornadus-Therian, M|
|poke|p2|Gliscor, M|
|poke|p2|Jumpluff, F|
|poke|p2|Iron Treads|
|teampreview
|inactive|Battle timer is ON: inactive players will automatically lose when time's up. (requested by D3NiR)
|
|t:|1743857707
|start
|switch|p1a: Pecharunt|Pecharunt|100/100
|switch|p2a: Gliscor|Gliscor, M|100/100
|turn|1
|inactive|D3NiR has 120 seconds left.
|
|t:|1743857737
|switch|p1a: Hatterene|Hatterene, F|100/100
|move|p2a: Gliscor|Spikes|p1a: Hatterene
|move|p1a: Hatterene|Spikes|p2a: Gliscor|[from] ability: Magic Bounce
|-sidestart|p2: D3NiR|Spikes
|
|-status|p2a: Gliscor|tox|[from] item: Toxic Orb
|upkeep
|turn|2
|inactive|D3NiR has 120 seconds left.
|
|t:|1743857748
|switch|p2a: Jumpluff|Jumpluff, F|100/100
|move|p1a: Hatterene|Trick Room|p1a: Hatterene
|-fieldstart|move: Trick Room|[of] p1a: Hatterene
|
|upkeep
|turn|3
|
|t:|1743857754
|move|p1a: Hatterene|Psychic|p2a: Jumpluff
|-damage|p2a: Jumpluff|50/100
|move|p2a: Jumpluff|Switcheroo|p1a: Hatterene
|-activate|p2a: Jumpluff|move: Trick|[of] p1a: Hatterene
|-item|p1a: Hatterene|Choice Scarf|[from] move: Switcheroo
|-item|p2a: Jumpluff|Leftovers|[from] move: Switcheroo
|
|-heal|p2a: Jumpluff|56/100|[from] item: Leftovers
|upkeep
|turn|4
|
|t:|1743857760
|move|p1a: Hatterene|Psychic|p2a: Jumpluff
|-damage|p2a: Jumpluff|1/100
|move|p2a: Jumpluff|Leech Seed|p1a: Hatterene
|move|p1a: Hatterene|Leech Seed|p2a: Jumpluff|[from] ability: Magic Bounce
|-immune|p2a: Jumpluff
|
|-heal|p2a: Jumpluff|8/100|[from] item: Leftovers
|upkeep
|turn|5
|
|t:|1743857778
|switch|p2a: Slowking|Slowking-Galar, F|100/100
|move|p1a: Hatterene|Psychic|p2a: Slowking
|-damage|p2a: Slowking|68/100
|
|upkeep
|turn|6
|
|t:|1743857788
|move|p2a: Slowking|Sludge Bomb|p1a: Hatterene
|-supereffective|p1a: Hatterene
|-damage|p1a: Hatterene|33/100
|-status|p1a: Hatterene|psn
|move|p1a: Hatterene|Psychic|p2a: Slowking
|-damage|p2a: Slowking|36/100
|
|-damage|p1a: Hatterene|20/100 psn|[from] psn
|-fieldend|move: Trick Room
|upkeep
|turn|7
|
|t:|1743857803
|move|p1a: Hatterene|Psychic|p2a: Slowking
|-damage|p2a: Slowking|7/100
|move|p2a: Slowking|Sludge Bomb|p1a: Hatterene
|-supereffective|p1a: Hatterene
|-damage|p1a: Hatterene|0 fnt
|faint|p1a: Hatterene
|
|upkeep
|
|t:|1743857807
|switch|p1a: Glimmora|Glimmora, F|100/100
|turn|8
|
|t:|1743857816
|switch|p2a: Jumpluff|Jumpluff, F|8/100
|move|p1a: Glimmora|Power Gem|p2a: Jumpluff
|-supereffective|p2a: Jumpluff
|-damage|p2a: Jumpluff|0 fnt
|faint|p2a: Jumpluff
|
|upkeep
|
|t:|1743857822
|switch|p2a: Slowking|Slowking-Galar, F|40/100
|turn|9
|
|t:|1743857828
|move|p1a: Glimmora|Earth Power|p2a: Slowking
|-supereffective|p2a: Slowking
|-damage|p2a: Slowking|1/100
|move|p2a: Slowking|Thunder Wave|p1a: Glimmora
|-status|p1a: Glimmora|par
|
|upkeep
|turn|10
|
|t:|1743857841
|switch|p2a: Tornadus|Tornadus-Therian, M|100/100
|move|p1a: Glimmora|Power Gem|p2a: Tornadus
|-supereffective|p2a: Tornadus
|-damage|p2a: Tornadus|29/100
|
|upkeep
|turn|11
|
|t:|1743857857
|move|p2a: Tornadus|U-turn|p1a: Glimmora
|-resisted|p1a: Glimmora
|-damage|p1a: Glimmora|92/100 par
|-activate|p1a: Glimmora|ability: Toxic Debris
|-sidestart|p2: D3NiR|move: Toxic Spikes
|
|t:|1743857861
|switch|p2a: Gliscor|Gliscor, M|100/100 tox|[from] U-turn
|cant|p1a: Glimmora|par
|
|upkeep
|turn|12
|
|t:|1743857869
|move|p2a: Gliscor|Spikes|p1a: Glimmora
|-sidestart|p1: pungpungsy|Spikes
|move|p1a: Glimmora|Power Gem|p2a: Gliscor
|-damage|p2a: Gliscor|54/100 tox
|
|-heal|p2a: Gliscor|66/100 tox|[from] ability: Poison Heal
|upkeep
|turn|13
|
|t:|1743857876
|move|p2a: Gliscor|Protect|p2a: Gliscor
|-singleturn|p2a: Gliscor|Protect
|cant|p1a: Glimmora|par
|
|-heal|p2a: Gliscor|78/100 tox|[from] ability: Poison Heal
|upkeep
|turn|14
|
|t:|1743857880
|move|p2a: Gliscor|Spikes|p1a: Glimmora
|-sidestart|p1: pungpungsy|Spikes
|move|p1a: Glimmora|Power Gem|p2a: Gliscor
|-damage|p2a: Gliscor|31/100 tox
|
|-heal|p2a: Gliscor|43/100 tox|[from] ability: Poison Heal
|upkeep
|turn|15
|
|t:|1743857889
|move|p2a: Gliscor|Protect|p2a: Gliscor
|-singleturn|p2a: Gliscor|Protect
|move|p1a: Glimmora|Power Gem|p2a: Gliscor
|-activate|p2a: Gliscor|move: Protect
|
|-heal|p2a: Gliscor|56/100 tox|[from] ability: Poison Heal
|upkeep
|turn|16
|
|t:|1743857900
|move|p2a: Gliscor|Spikes|p1a: Glimmora
|-sidestart|p1: pungpungsy|Spikes
|move|p1a: Glimmora|Power Gem|p2a: Gliscor
|-damage|p2a: Gliscor|8/100 tox
|
|-heal|p2a: Gliscor|21/100 tox|[from] ability: Poison Heal
|upkeep
|turn|17
|
|t:|1743857906
|move|p2a: Gliscor|Protect|p2a: Gliscor
|-singleturn|p2a: Gliscor|Protect
|move|p1a: Glimmora|Power Gem|p2a: Gliscor
|-activate|p2a: Gliscor|move: Protect
|
|-heal|p2a: Gliscor|33/100 tox|[from] ability: Poison Heal
|upkeep
|turn|18
|
|t:|1743857916
|switch|p2a: Slowking|Slowking-Galar, F|34/100
|-sideend|p2: D3NiR|move: Toxic Spikes|[of] p2a: Slowking
|cant|p1a: Glimmora|par
|
|upkeep
|turn|19
|
|t:|1743857925
|switch|p2a: Alomomola|Alomomola, M|100/100
|move|p1a: Glimmora|Earth Power|p2a: Alomomola
|-damage|p2a: Alomomola|61/100
|
|upkeep
|turn|20
|
|t:|1743857929
|switch|p2a: Slowking|Slowking-Galar, F|67/100
|move|p1a: Glimmora|Sludge Bomb|p2a: Slowking
|-resisted|p2a: Slowking
|-damage|p2a: Slowking|52/100
|
|upkeep
|turn|21
|
|t:|1743857935
|switch|p2a: Alomomola|Alomomola, M|94/100
|move|p1a: Glimmora|Power Gem|p2a: Alomomola
|-crit|p2a: Alomomola
|-damage|p2a: Alomomola|26/100
|
|upkeep
|turn|22
|
|t:|1743857944
|move|p2a: Alomomola|Protect|p2a: Alomomola
|-singleturn|p2a: Alomomola|Protect
|move|p1a: Glimmora|Power Gem|p2a: Alomomola
|-activate|p2a: Alomomola|move: Protect
|
|upkeep
|turn|23
|
|t:|1743857955
|switch|p2a: Slowking|Slowking-Galar, F|85/100
|cant|p1a: Glimmora|par
|
|upkeep
|turn|24
|
|t:|1743857961
|move|p1a: Glimmora|Power Gem|p2a: Slowking
|-crit|p2a: Slowking
|-damage|p2a: Slowking|45/100
|move|p2a: Slowking|Future Sight|p1a: Glimmora
|-start|p2a: Slowking|move: Future Sight
|
|upkeep
|turn|25
|
|t:|1743857970
|switch|p2a: Alomomola|Alomomola, M|59/100
|cant|p1a: Glimmora|par
|
|upkeep
|turn|26
|
|t:|1743857976
|move|p1a: Glimmora|Earth Power|p2a: Alomomola
|-damage|p2a: Alomomola|22/100
|move|p2a: Alomomola|Wish|p2a: Alomomola
|
|-end|p1a: Glimmora|move: Future Sight
|-supereffective|p1a: Glimmora
|-damage|p1a: Glimmora|0 fnt
|faint|p1a: Glimmora
|upkeep
|
|t:|1743857984
|switch|p1a: Pecharunt|Pecharunt|100/100
|-damage|p1a: Pecharunt|75/100|[from] Spikes
|turn|27
|
|t:|1743857989
|move|p2a: Alomomola|Protect|p2a: Alomomola
|-singleturn|p2a: Alomomola|Protect
|move|p1a: Pecharunt|Nasty Plot|p1a: Pecharunt
|-boost|p1a: Pecharunt|spa|2
|
|-heal|p2a: Alomomola|72/100|[from] move: Wish|[wisher] Alomomola
|-heal|p1a: Pecharunt|82/100|[from] item: Leftovers
|upkeep
|turn|28
|
|t:|1743858000
|move|p1a: Pecharunt|Shadow Ball|p2a: Alomomola
|-damage|p2a: Alomomola|9/100
|move|p2a: Alomomola|Flip Turn|p1a: Pecharunt
|-crit|p1a: Pecharunt
|-damage|p1a: Pecharunt|70/100
|
|t:|1743858011
|switch|p2a: Iron Treads|Iron Treads|100/100|[from] Flip Turn
|-damage|p2a: Iron Treads|88/100|[from] Spikes
|
|-heal|p2a: Iron Treads|94/100|[from] item: Leftovers
|-heal|p1a: Pecharunt|76/100|[from] item: Leftovers
|upkeep
|turn|29
|
|t:|1743858022
|move|p2a: Iron Treads|Knock Off|p1a: Pecharunt
|-supereffective|p1a: Pecharunt
|-damage|p1a: Pecharunt|44/100
|-enditem|p1a: Pecharunt|Leftovers|[from] move: Knock Off|[of] p2a: Iron Treads
|move|p1a: Pecharunt|Shadow Ball|p2a: Iron Treads
|-damage|p2a: Iron Treads|11/100
|
|-heal|p2a: Iron Treads|17/100|[from] item: Leftovers
|upkeep
|turn|30
|
|t:|1743858026
|move|p2a: Iron Treads|Earthquake|p1a: Pecharunt
|-supereffective|p1a: Pecharunt
|-damage|p1a: Pecharunt|0 fnt
|faint|p1a: Pecharunt
|
|-heal|p2a: Iron Treads|23/100|[from] item: Leftovers
|upkeep
|
|t:|1743858033
|switch|p1a: Kingambit|Kingambit, F|100/100
|-damage|p1a: Kingambit|75/100|[from] Spikes
|-activate|p1a: Kingambit|ability: Supreme Overlord
|-start|p1a: Kingambit|fallen3|[silent]
|turn|31
|
|t:|1743858039
|-end|p2a: Iron Treads|Quark Drive|[silent]
|switch|p2a: Alomomola|Alomomola, M|42/100
|move|p1a: Kingambit|Sucker Punch||[still]
|-fail|p1a: Kingambit
|
|upkeep
|turn|32
|
|t:|1743858048
|move|p1a: Kingambit|Sucker Punch||[still]
|-fail|p1a: Kingambit
|move|p2a: Alomomola|Wish|p2a: Alomomola
|
|upkeep
|turn|33
|
|t:|1743858054
|switch|p2a: Iron Treads|Iron Treads|23/100
|-damage|p2a: Iron Treads|11/100|[from] Spikes
|move|p1a: Kingambit|Swords Dance|p1a: Kingambit
|-boost|p1a: Kingambit|atk|2
|
|-heal|p2a: Iron Treads|94/100|[from] move: Wish|[wisher] Alomomola
|-heal|p2a: Iron Treads|99/100|[from] item: Leftovers
|upkeep
|turn|34
|
|t:|1743858062
|-terastallize|p1a: Kingambit|Dark
|move|p1a: Kingambit|Sucker Punch||[still]
|-fail|p1a: Kingambit
|move|p2a: Iron Treads|Stealth Rock|p1a: Kingambit
|-sidestart|p1: pungpungsy|move: Stealth Rock
|
|-heal|p2a: Iron Treads|100/100|[from] item: Leftovers
|upkeep
|turn|35
|
|t:|1743858072
|-end|p2a: Iron Treads|Quark Drive|[silent]
|switch|p2a: Gliscor|Gliscor, M|33/100 tox
|move|p1a: Kingambit|Sucker Punch||[still]
|-fail|p1a: Kingambit
|
|-heal|p2a: Gliscor|46/100 tox|[from] ability: Poison Heal
|upkeep
|turn|36
|
|t:|1743858078
|move|p2a: Gliscor|Toxic|p1a: Kingambit
|-status|p1a: Kingambit|tox
|move|p1a: Kingambit|Kowtow Cleave|p2a: Gliscor
|-damage|p2a: Gliscor|0 fnt
|faint|p2a: Gliscor
|
|-damage|p1a: Kingambit|69/100 tox|[from] psn
|upkeep
|
|t:|1743858081
|switch|p2a: Alomomola|Alomomola, M|76/100
|turn|37
|
|t:|1743858089
|move|p1a: Kingambit|Kowtow Cleave|p2a: Alomomola
|-damage|p2a: Alomomola|0 fnt
|faint|p2a: Alomomola
|
|-damage|p1a: Kingambit|57/100 tox|[from] psn
|upkeep
|
|t:|1743858095
|switch|p2a: Tornadus|Tornadus-Therian, M|62/100
|turn|38
|
|t:|1743858103
|move|p1a: Kingambit|Sucker Punch|p2a: Tornadus
|-damage|p2a: Tornadus|0 fnt
|faint|p2a: Tornadus
|
|-damage|p1a: Kingambit|38/100 tox|[from] psn
|upkeep
|
|t:|1743858106
|switch|p2a: Iron Treads|Iron Treads|100/100
|-damage|p2a: Iron Treads|88/100|[from] Spikes
|turn|39
|
|t:|1743858112
|move|p1a: Kingambit|Sucker Punch||[still]
|-fail|p1a: Kingambit
|move|p2a: Iron Treads|Stealth Rock||[still]
|-fail|p2a: Iron Treads
|
|-heal|p2a: Iron Treads|94/100|[from] item: Leftovers
|-damage|p1a: Kingambit|14/100 tox|[from] psn
|upkeep
|turn|40
|
|t:|1743858117
|-end|p2a: Iron Treads|Quark Drive|[silent]
|switch|p2a: Slowking|Slowking-Galar, F|78/100
|move|p1a: Kingambit|Kowtow Cleave|p2a: Slowking
|-supereffective|p2a: Slowking
|-damage|p2a: Slowking|0 fnt
|faint|p2a: Slowking
|
|-damage|p1a: Kingambit|0 fnt|[from] psn
|faint|p1a: Kingambit
|-end|p1a: Kingambit|fallen3|[silent]
|upkeep
|
|t:|1743858125
|switch|p1a: Iron Crown|Iron Crown|100/100
|switch|p2a: Iron Treads|Iron Treads|94/100
|-damage|p2a: Iron Treads|82/100|[from] Spikes
|-damage|p1a: Iron Crown|76/100|[from] Spikes
|-damage|p1a: Iron Crown|69/100|[from] Stealth Rock
|-enditem|p1a: Iron Crown|Booster Energy
|-activate|p1a: Iron Crown|ability: Quark Drive|[fromitem]
|-start|p1a: Iron Crown|quarkdrivespa
|turn|41
|
|t:|1743858136
|-terastallize|p2a: Iron Treads|Ghost
|move|p2a: Iron Treads|Earthquake|p1a: Iron Crown
|-supereffective|p1a: Iron Crown
|-damage|p1a: Iron Crown|0 fnt
|faint|p1a: Iron Crown
|-end|p1a: Iron Crown|Quark Drive|[silent]
|
|-heal|p2a: Iron Treads|88/100|[from] item: Leftovers
|upkeep
|
|t:|1743858139
|switch|p1a: Blissey|Blissey, F|100/100
|-damage|p1a: Blissey|76/100|[from] Spikes
|-damage|p1a: Blissey|63/100|[from] Stealth Rock
|turn|42
|
|t:|1743858143
|move|p2a: Iron Treads|Knock Off|p1a: Blissey
|-damage|p1a: Blissey|2/100
|-enditem|p1a: Blissey|Leftovers|[from] move: Knock Off|[of] p2a: Iron Treads
|move|p1a: Blissey|Shadow Ball|p2a: Iron Treads
|-supereffective|p2a: Iron Treads
|-damage|p2a: Iron Treads|42/100
|-unboost|p2a: Iron Treads|spd|1
|
|-heal|p2a: Iron Treads|48/100|[from] item: Leftovers
|upkeep
|turn|43
|
|t:|1743858151
|move|p2a: Iron Treads|Earthquake|p1a: Blissey
|-damage|p1a: Blissey|0 fnt
|faint|p1a: Blissey
|
|win|D3NiR
|raw|pungpungsy's rating: 1209 &rarr; <strong>1183</strong><br />(-26 for losing)
|raw|D3NiR's rating: 1197 &rarr; <strong>1223</strong><br />(+26 for winning)
|l|☆pungpungsy
|player|p1|
|l|☆D3NiR
|player|p2|
