|j|☆CartiWins
|j|☆Ace_of_Stars02
|t:|1743780369
|gametype|singles
|player|p1|CartiWins|265|1465
|player|p2|Ace_of_Stars02|nate|1485
|teamsize|p1|6
|teamsize|p2|6
|gen|9
|tier|[Gen 9] OU
|rated|
|rule|HP Percentage Mod: HP is shown in percentages
|rule|Endless Battle Clause: Forcing endless battles is banned
|rule|Species Clause: Limit one of each Pokémon
|rule|OHKO Clause: OHKO moves are banned
|rule|Evasion Items Clause: Evasion items are banned
|rule|Evasion Moves Clause: Evasion moves are banned
|rule|Sleep Moves Clause: Sleep-inducing moves are banned
|clearpoke
|poke|p1|Corviknight, F|
|poke|p1|Ting-Lu|
|poke|p1|Garganacl, F|
|poke|p1|Infernape, M|
|poke|p1|Chesnaught, F|
|poke|p1|Clefable, F|
|poke|p2|Snorlax, F|
|poke|p2|Sinistcha|
|poke|p2|Dragonite, F|
|poke|p2|Garganacl, M|
|poke|p2|Corviknight, M|
|poke|p2|Sylveon, M|
|teampreview
|
|t:|1743780388
|start
|switch|p1a: Clefable|Clefable, F|100/100
|switch|p2a: Sylveon|Sylveon, M|100/100
|turn|1
|inactive|Battle timer is ON: inactive players will automatically lose when time's up. (requested by CartiWins)
|
|t:|1743780395
|move|p2a: Sylveon|Hyper Voice|p1a: Clefable
|-damage|p1a: Clefable|48/100
|move|p1a: Clefable|Calm Mind|p1a: Clefable
|-boost|p1a: Clefable|spa|1
|-boost|p1a: Clefable|spd|1
|
|upkeep
|turn|2
|
|t:|1743780401
|move|p2a: Sylveon|Hyper Voice|p1a: Clefable
|-damage|p1a: Clefable|10/100
|move|p1a: Clefable|Wish|p1a: Clefable
|
|upkeep
|turn|3
|
|t:|1743780406
|move|p1a: Clefable|Protect|p1a: Clefable
|-singleturn|p1a: Clefable|Protect
|move|p2a: Sylveon|Hyper Voice|p1a: Clefable
|-activate|p1a: Clefable|move: Protect
|
|-heal|p1a: Clefable|60/100|[from] move: Wish|[wisher] Clefable
|upkeep
|turn|4
|
|t:|1743780419
|move|p2a: Sylveon|Hyper Voice|p1a: Clefable
|-damage|p1a: Clefable|21/100
|move|p1a: Clefable|Wish|p1a: Clefable
|
|upkeep
|turn|5
|
|t:|1743780435
|switch|p2a: Garganacl|Garganacl, M|100/100
|move|p1a: Clefable|Protect||[still]
|-fail|p1a: Clefable
|
|-heal|p1a: Clefable|71/100|[from] move: Wish|[wisher] Clefable
|upkeep
|turn|6
|
|t:|1743780444
|move|p1a: Clefable|Moonblast|p2a: Garganacl
|-damage|p2a: Garganacl|66/100
|-unboost|p2a: Garganacl|spa|1
|move|p2a: Garganacl|Salt Cure|p1a: Clefable
|-damage|p1a: Clefable|55/100
|-start|p1a: Clefable|Salt Cure
|
|-heal|p2a: Garganacl|72/100|[from] item: Leftovers
|-damage|p1a: Clefable|43/100|[from] Salt Cure
|upkeep
|turn|7
|
|t:|1743780455
|switch|p1a: Chesnaught|Chesnaught, F|100/100
|switch|p2a: Sylveon|Sylveon, M|100/100
|
|upkeep
|turn|8
|
|t:|1743780466
|switch|p1a: Garganacl|Garganacl, F|100/100
|move|p2a: Sylveon|Hyper Voice|p1a: Garganacl
|-damage|p1a: Garganacl|44/100
|
|-heal|p1a: Garganacl|50/100|[from] item: Leftovers
|upkeep
|turn|9
|
|t:|1743780474
|move|p1a: Garganacl|Protect|p1a: Garganacl
|-singleturn|p1a: Garganacl|Protect
|move|p2a: Sylveon|Hyper Voice|p1a: Garganacl
|-activate|p1a: Garganacl|move: Protect
|
|-heal|p1a: Garganacl|56/100|[from] item: Leftovers
|upkeep
|turn|10
|
|t:|1743780481
|move|p2a: Sylveon|Hyper Voice|p1a: Garganacl
|-damage|p1a: Garganacl|2/100
|move|p1a: Garganacl|Recover|p1a: Garganacl
|-heal|p1a: Garganacl|52/100
|
|-heal|p1a: Garganacl|58/100|[from] item: Leftovers
|upkeep
|turn|11
|
|t:|1743780491
|move|p1a: Garganacl|Protect|p1a: Garganacl
|-singleturn|p1a: Garganacl|Protect
|move|p2a: Sylveon|Hyper Voice|p1a: Garganacl
|-activate|p1a: Garganacl|move: Protect
|
|-heal|p1a: Garganacl|64/100|[from] item: Leftovers
|upkeep
|turn|12
|
|t:|1743780506
|switch|p2a: Garganacl|Garganacl, M|72/100
|switch|p1a: Corviknight|Corviknight, F|100/100
|-ability|p1a: Corviknight|Pressure
|
|-heal|p2a: Garganacl|78/100|[from] item: Leftovers
|upkeep
|turn|13
|
|t:|1743780535
|move|p1a: Corviknight|Body Press|p2a: Garganacl
|-supereffective|p2a: Garganacl
|-damage|p2a: Garganacl|46/100
|move|p2a: Garganacl|Salt Cure|p1a: Corviknight
|-damage|p1a: Corviknight|92/100
|-start|p1a: Corviknight|Salt Cure
|
|-heal|p2a: Garganacl|52/100|[from] item: Leftovers
|-damage|p1a: Corviknight|67/100|[from] Salt Cure
|upkeep
|turn|14
|
|t:|1743780549
|switch|p1a: Garganacl|Garganacl, F|64/100
|move|p2a: Garganacl|Salt Cure|p1a: Garganacl
|-damage|p1a: Garganacl|55/100
|-start|p1a: Garganacl|Salt Cure
|
|-heal|p1a: Garganacl|61/100|[from] item: Leftovers
|-heal|p2a: Garganacl|58/100|[from] item: Leftovers
|-damage|p1a: Garganacl|49/100|[from] Salt Cure
|upkeep
|turn|15
|
|t:|1743780560
|move|p1a: Garganacl|Stealth Rock|p2a: Garganacl
|-sidestart|p2: Ace_of_Stars02|move: Stealth Rock
|move|p2a: Garganacl|Recover|p2a: Garganacl
|-heal|p2a: Garganacl|100/100
|
|-heal|p1a: Garganacl|55/100|[from] item: Leftovers
|-damage|p1a: Garganacl|42/100|[from] Salt Cure
|upkeep
|turn|16
|
|t:|1743780568
|move|p2a: Garganacl|Body Press|p1a: Garganacl
|-supereffective|p1a: Garganacl
|-damage|p1a: Garganacl|7/100
|move|p1a: Garganacl|Recover|p1a: Garganacl
|-heal|p1a: Garganacl|57/100
|
|-heal|p1a: Garganacl|63/100|[from] item: Leftovers
|-damage|p1a: Garganacl|51/100|[from] Salt Cure
|upkeep
|turn|17
|
|t:|1743780581
|switch|p1a: Chesnaught|Chesnaught, F|100/100
|move|p2a: Garganacl|Iron Defense|p2a: Garganacl
|-boost|p2a: Garganacl|def|2
|
|upkeep
|turn|18
|
|t:|1743780587
|move|p1a: Chesnaught|Leech Seed|p2a: Garganacl
|-start|p2a: Garganacl|move: Leech Seed
|move|p2a: Garganacl|Salt Cure|p1a: Chesnaught
|-resisted|p1a: Chesnaught
|-damage|p1a: Chesnaught|96/100
|-start|p1a: Chesnaught|Salt Cure
|
|-damage|p2a: Garganacl|88/100|[from] Leech Seed|[of] p1a: Chesnaught
|-heal|p1a: Chesnaught|100/100|[silent]
|-damage|p1a: Chesnaught|88/100|[from] Salt Cure
|upkeep
|turn|19
|
|t:|1743780597
|switch|p2a: Corviknight|Corviknight, M|100/100
|-damage|p2a: Corviknight|88/100|[from] Stealth Rock
|-ability|p2a: Corviknight|Pressure
|move|p1a: Chesnaught|Body Press|p2a: Corviknight
|-damage|p2a: Corviknight|63/100
|-damage|p1a: Chesnaught|72/100|[from] item: Rocky Helmet|[of] p2a: Corviknight
|
|-damage|p1a: Chesnaught|59/100|[from] Salt Cure
|upkeep
|turn|20
|
|t:|1743780609
|switch|p1a: Corviknight|Corviknight, F|67/100
|-ability|p1a: Corviknight|Pressure
|move|p2a: Corviknight|Defog|p1a: Corviknight
|-unboost|p1a: Corviknight|evasion|1
|-sideend|p2: Ace_of_Stars02|Stealth Rock|[from] move: Defog|[of] p2a: Corviknight
|
|upkeep
|turn|21
|
|t:|1743780619
|move|p2a: Corviknight|U-turn|p1a: Corviknight
|-resisted|p1a: Corviknight
|-damage|p1a: Corviknight|65/100
|-damage|p2a: Corviknight|47/100|[from] item: Rocky Helmet|[of] p1a: Corviknight
|
|t:|1743780625
|switch|p2a: Sinistcha|Sinistcha|100/100|[from] U-turn
|move|p1a: Corviknight|Iron Defense|p1a: Corviknight
|-boost|p1a: Corviknight|def|2
|
|upkeep
|turn|22
|
|t:|1743780632
|switch|p1a: Infernape|Infernape, M|100/100
|move|p2a: Sinistcha|Shadow Ball|p1a: Infernape
|-damage|p1a: Infernape|41/100
|
|upkeep
|turn|23
|
|t:|1743780641
|-terastallize|p1a: Infernape|Stellar
|move|p1a: Infernape|Overheat|p2a: Sinistcha
|-supereffective|p2a: Sinistcha
|-damage|p2a: Sinistcha|7/100
|-unboost|p1a: Infernape|spa|2
|-damage|p1a: Infernape|31/100|[from] item: Life Orb
|move|p2a: Sinistcha|Strength Sap|p1a: Infernape
|-unboost|p1a: Infernape|atk|1
|-heal|p2a: Sinistcha|99/100
|
|upkeep
|turn|24
|
|t:|1743780654
|switch|p1a: Ting-Lu|Ting-Lu|100/100
|-ability|p1a: Ting-Lu|Vessel of Ruin
|move|p2a: Sinistcha|Shadow Ball|p1a: Ting-Lu
|-resisted|p1a: Ting-Lu
|-damage|p1a: Ting-Lu|92/100
|
|-heal|p1a: Ting-Lu|98/100|[from] item: Leftovers
|upkeep
|turn|25
|
|t:|1743780664
|switch|p2a: Sylveon|Sylveon, M|100/100
|move|p1a: Ting-Lu|Payback|p2a: Sylveon
|-resisted|p2a: Sylveon
|-damage|p2a: Sylveon|89/100
|
|-heal|p1a: Ting-Lu|100/100|[from] item: Leftovers
|upkeep
|turn|26
|
|t:|1743780675
|move|p2a: Sylveon|Hyper Voice|p1a: Ting-Lu
|-supereffective|p1a: Ting-Lu
|-damage|p1a: Ting-Lu|30/100
|move|p1a: Ting-Lu|Rest|p1a: Ting-Lu
|-status|p1a: Ting-Lu|slp|[from] move: Rest
|-heal|p1a: Ting-Lu|100/100 slp|[silent]
|
|upkeep
|turn|27
|
|t:|1743780682
|switch|p1a: Corviknight|Corviknight, F|65/100
|-ability|p1a: Corviknight|Pressure
|move|p2a: Sylveon|Hyper Voice|p1a: Corviknight
|-resisted|p1a: Corviknight
|-damage|p1a: Corviknight|25/100
|
|upkeep
|turn|28
|
|t:|1743780690
|move|p1a: Corviknight|Roost|p1a: Corviknight
|-heal|p1a: Corviknight|75/100
|-singleturn|p1a: Corviknight|move: Roost
|move|p2a: Sylveon|Hyper Voice|p1a: Corviknight
|-resisted|p1a: Corviknight
|-damage|p1a: Corviknight|32/100
|
|upkeep
|turn|29
|
|t:|1743780699
|switch|p2a: Garganacl|Garganacl, M|88/100
|move|p1a: Corviknight|Roost|p1a: Corviknight
|-heal|p1a: Corviknight|82/100
|-singleturn|p1a: Corviknight|move: Roost
|
|-heal|p2a: Garganacl|94/100|[from] item: Leftovers
|upkeep
|turn|30
|
|t:|1743780708
|switch|p1a: Clefable|Clefable, F|43/100
|move|p2a: Garganacl|Salt Cure|p1a: Clefable
|-crit|p1a: Clefable
|-damage|p1a: Clefable|18/100
|-start|p1a: Clefable|Salt Cure
|
|-heal|p2a: Garganacl|100/100|[from] item: Leftovers
|-damage|p1a: Clefable|6/100|[from] Salt Cure
|upkeep
|turn|31
|
|t:|1743780718
|move|p1a: Clefable|Wish|p1a: Clefable
|move|p2a: Garganacl|Body Press|p1a: Clefable
|-resisted|p1a: Clefable
|-damage|p1a: Clefable|0 fnt
|faint|p1a: Clefable
|
|upkeep
|
|t:|1743780722
|switch|p1a: Infernape|Infernape, M, tera:Stellar|31/100
|turn|32
|
|t:|1743780732
|-terastallize|p2a: Garganacl|Ghost
|move|p1a: Infernape|Close Combat|p2a: Garganacl
|-immune|p2a: Garganacl
|move|p2a: Garganacl|Body Press|p1a: Infernape
|-damage|p1a: Infernape|0 fnt
|faint|p1a: Infernape
|
|upkeep
|
|t:|1743780741
|switch|p1a: Chesnaught|Chesnaught, F|59/100
|turn|33
|
|t:|1743780744
|move|p1a: Chesnaught|Leech Seed|p2a: Garganacl
|-start|p2a: Garganacl|move: Leech Seed
|move|p2a: Garganacl|Salt Cure|p1a: Chesnaught
|-resisted|p1a: Chesnaught
|-damage|p1a: Chesnaught|55/100
|-start|p1a: Chesnaught|Salt Cure
|
|-damage|p2a: Garganacl|88/100|[from] Leech Seed|[of] p1a: Chesnaught
|-heal|p1a: Chesnaught|68/100|[silent]
|-damage|p1a: Chesnaught|56/100|[from] Salt Cure
|upkeep
|turn|34
|
|t:|1743780754
|switch|p2a: Sylveon|Sylveon, M|89/100
|move|p1a: Chesnaught|Synthesis|p1a: Chesnaught
|-heal|p1a: Chesnaught|100/100
|
|-damage|p1a: Chesnaught|88/100|[from] Salt Cure
|upkeep
|turn|35
|-message|CartiWins forfeited.
|
|win|Ace_of_Stars02
|raw|CartiWins's rating: 1465 &rarr; <strong>1446</strong><br />(-19 for losing)
|raw|Ace_of_Stars02's rating: 1485 &rarr; <strong>1504</strong><br />(+19 for winning)
|l|☆CartiWins
|player|p1|
|l|☆Ace_of_Stars02
|player|p2|
