|j|☆MercuryExpress
|j|☆JasperHatton
|t:|1743876964
|gametype|singles
|player|p1|MercuryExpress|depotagent|1193
|player|p2|JasperHatton|palmer|1203
|teamsize|p1|6
|teamsize|p2|6
|gen|9
|tier|[Gen 9] OU
|rated|
|rule|HP Percentage Mod: HP is shown in percentages
|rule|Endless Battle Clause: Forcing endless battles is banned
|rule|Species Clause: Limit one of each Pokémon
|rule|OHKO Clause: OHKO moves are banned
|rule|Evasion Items Clause: Evasion items are banned
|rule|Evasion Moves Clause: Evasion moves are banned
|rule|Sleep Moves Clause: Sleep-inducing moves are banned
|clearpoke
|poke|p1|Deoxys-Defense|
|poke|p1|Pecharunt|
|poke|p1|Lokix, M|
|poke|p1|Ursaluna, F|
|poke|p1|Komala, M|
|poke|p1|Oricorio-Pom-Pom, M|
|poke|p2|Houndoom, M|
|poke|p2|Lucario, M|
|poke|p2|Gardevoir, F|
|poke|p2|Garchomp, M|
|poke|p2|Leavanny, F|
|poke|p2|Gengar, M|
|teampreview
|inactive|Battle timer is ON: inactive players will automatically lose when time's up. (requested by MercuryExpress)
|
|t:|1743876992
|start
|switch|p1a: Setup McGee|Oricorio-Pom-Pom, M|100/100
|switch|p2a: Gengar|Gengar, M|100/100
|turn|1
|
|t:|1743877003
|move|p2a: Gengar|Shadow Ball|p1a: Setup McGee
|-damage|p1a: Setup McGee|45/100
|move|p1a: Setup McGee|Quiver Dance|p1a: Setup McGee
|-boost|p1a: Setup McGee|spa|1
|-boost|p1a: Setup McGee|spd|1
|-boost|p1a: Setup McGee|spe|1
|
|-heal|p1a: Setup McGee|51/100|[from] item: Leftovers
|upkeep
|turn|2
|
|t:|1743877009
|move|p2a: Gengar|Shadow Ball|p1a: Setup McGee
|-damage|p1a: Setup McGee|16/100
|move|p1a: Setup McGee|Roost|p1a: Setup McGee
|-heal|p1a: Setup McGee|66/100
|-singleturn|p1a: Setup McGee|move: Roost
|
|-heal|p1a: Setup McGee|72/100|[from] item: Leftovers
|upkeep
|turn|3
|
|t:|1743877015
|move|p2a: Gengar|Sludge Wave|p1a: Setup McGee
|-damage|p1a: Setup McGee|28/100
|move|p1a: Setup McGee|Quiver Dance|p1a: Setup McGee
|-boost|p1a: Setup McGee|spa|1
|-boost|p1a: Setup McGee|spd|1
|-boost|p1a: Setup McGee|spe|1
|
|-heal|p1a: Setup McGee|34/100|[from] item: Leftovers
|upkeep
|turn|4
|
|t:|1743877021
|move|p1a: Setup McGee|Roost|p1a: Setup McGee
|-heal|p1a: Setup McGee|84/100
|-singleturn|p1a: Setup McGee|move: Roost
|move|p2a: Gengar|Sludge Wave|p1a: Setup McGee
|-crit|p1a: Setup McGee
|-damage|p1a: Setup McGee|0 fnt
|faint|p1a: Setup McGee
|
|upkeep
|
|t:|1743877030
|switch|p1a: John Boots|Komala, M|100/100
|-ability|p1a: John Boots|Comatose
|turn|5
|
|t:|1743877043
|move|p2a: Gengar|Energy Ball|p1a: John Boots
|-damage|p1a: John Boots|75/100
|move|p1a: John Boots|Knock Off|p2a: Gengar
|-supereffective|p2a: Gengar
|-damage|p2a: Gengar|5/100
|-enditem|p2a: Gengar|Focus Sash|[from] move: Knock Off|[of] p1a: John Boots
|
|upkeep
|turn|6
|
|t:|1743877057
|move|p2a: Gengar|Sludge Wave|p1a: John Boots
|-damage|p1a: John Boots|40/100
|move|p1a: John Boots|Knock Off|p2a: Gengar
|-supereffective|p2a: Gengar
|-damage|p2a: Gengar|0 fnt
|-start|p1a: John Boots|Disable|Knock Off|[from] ability: Cursed Body|[of] p2a: Gengar
|faint|p2a: Gengar
|
|upkeep
|
|t:|1743877066
|switch|p2a: Lucario|Lucario, M|100/100
|turn|7
|
|t:|1743877075
|switch|p1a: I'm here too|Lokix, M|100/100
|move|p2a: Lucario|Aura Sphere|p1a: I'm here too
|-damage|p1a: I'm here too|5/100
|-damage|p2a: Lucario|91/100|[from] item: Life Orb
|
|upkeep
|turn|8
|
|t:|1743877085
|move|p1a: I'm here too|Axe Kick|p2a: Lucario|[miss]
|-miss|p1a: I'm here too|p2a: Lucario
|-damage|p1a: I'm here too|0 fnt|[from] highjumpkick
|faint|p1a: I'm here too
|move|p2a: Lucario|Ice Punch|p1: I'm here too|[notarget]
|-fail|p2a: Lucario
|
|upkeep
|
|t:|1743877091
|switch|p1a: Fnaf Reference|Ursaluna, F|100/100
|turn|9
|
|t:|1743877095
|move|p2a: Lucario|Aura Sphere|p1a: Fnaf Reference
|-supereffective|p1a: Fnaf Reference
|-damage|p1a: Fnaf Reference|14/100
|-damage|p2a: Lucario|81/100|[from] item: Life Orb
|move|p1a: Fnaf Reference|Earthquake|p2a: Lucario
|-supereffective|p2a: Lucario
|-damage|p2a: Lucario|0 fnt
|faint|p2a: Lucario
|
|-status|p1a: Fnaf Reference|brn|[from] item: Flame Orb
|upkeep
|
|t:|1743877107
|switch|p2a: Garchomp|Garchomp, M|100/100
|turn|10
|
|t:|1743877116
|move|p2a: Garchomp|Dragon Claw|p1a: Fnaf Reference
|-damage|p1a: Fnaf Reference|0 fnt
|faint|p1a: Fnaf Reference
|
|upkeep
|
|t:|1743877118
|switch|p1a: heeheeheehaw|Pecharunt|100/100
|turn|11
|
|t:|1743877132
|move|p2a: Garchomp|Earthquake|p1a: heeheeheehaw
|-supereffective|p1a: heeheeheehaw
|-damage|p1a: heeheeheehaw|34/100
|move|p1a: heeheeheehaw|Malignant Chain|p2a: Garchomp
|-resisted|p2a: Garchomp
|-damage|p2a: Garchomp|75/100
|
|-heal|p1a: heeheeheehaw|40/100|[from] item: Leftovers
|upkeep
|turn|12
|
|t:|1743877141
|move|p2a: Garchomp|Earthquake|p1a: heeheeheehaw
|-supereffective|p1a: heeheeheehaw
|-damage|p1a: heeheeheehaw|0 fnt
|faint|p1a: heeheeheehaw
|
|upkeep
|
|t:|1743877144
|switch|p1a: A Wall|Deoxys-Defense|100/100
|-ability|p1a: A Wall|Pressure
|turn|13
|
|t:|1743877156
|move|p2a: Garchomp|Dragon Claw|p1a: A Wall
|-damage|p1a: A Wall|70/100
|move|p1a: A Wall|Cosmic Power|p1a: A Wall
|-boost|p1a: A Wall|def|1
|-boost|p1a: A Wall|spd|1
|
|-heal|p1a: A Wall|76/100|[from] item: Leftovers
|upkeep
|turn|14
|
|t:|1743877163
|move|p2a: Garchomp|Earthquake|p1a: A Wall
|-damage|p1a: A Wall|49/100
|move|p1a: A Wall|Cosmic Power|p1a: A Wall
|-boost|p1a: A Wall|def|1
|-boost|p1a: A Wall|spd|1
|
|-heal|p1a: A Wall|55/100|[from] item: Leftovers
|upkeep
|turn|15
|
|t:|1743877167
|move|p2a: Garchomp|Dragon Claw|p1a: A Wall
|-damage|p1a: A Wall|39/100
|move|p1a: A Wall|Cosmic Power|p1a: A Wall
|-boost|p1a: A Wall|def|1
|-boost|p1a: A Wall|spd|1
|
|-heal|p1a: A Wall|45/100|[from] item: Leftovers
|upkeep
|turn|16
|
|t:|1743877174
|move|p2a: Garchomp|Earthquake|p1a: A Wall
|-damage|p1a: A Wall|28/100
|move|p1a: A Wall|Cosmic Power|p1a: A Wall
|-boost|p1a: A Wall|def|1
|-boost|p1a: A Wall|spd|1
|
|-heal|p1a: A Wall|35/100|[from] item: Leftovers
|upkeep
|turn|17
|
|t:|1743877178
|move|p2a: Garchomp|Dragon Claw|p1a: A Wall
|-damage|p1a: A Wall|24/100
|move|p1a: A Wall|Recover|p1a: A Wall
|-heal|p1a: A Wall|74/100
|
|-heal|p1a: A Wall|80/100|[from] item: Leftovers
|upkeep
|turn|18
|
|t:|1743877183
|move|p2a: Garchomp|Earthquake|p1a: A Wall
|-damage|p1a: A Wall|68/100
|move|p1a: A Wall|Cosmic Power|p1a: A Wall
|-boost|p1a: A Wall|def|1
|-boost|p1a: A Wall|spd|1
|
|-heal|p1a: A Wall|74/100|[from] item: Leftovers
|upkeep
|turn|19
|
|t:|1743877188
|move|p2a: Garchomp|Dragon Claw|p1a: A Wall
|-damage|p1a: A Wall|65/100
|move|p1a: A Wall|Cosmic Power|p1a: A Wall
|-boost|p1a: A Wall|def|1
|-boost|p1a: A Wall|spd|1
|
|-heal|p1a: A Wall|71/100|[from] item: Leftovers
|upkeep
|turn|20
|
|t:|1743877194
|move|p2a: Garchomp|Earthquake|p1a: A Wall
|-damage|p1a: A Wall|61/100
|move|p1a: A Wall|Stored Power|p2a: Garchomp
|-damage|p2a: Garchomp|8/100
|
|-heal|p1a: A Wall|67/100|[from] item: Leftovers
|upkeep
|turn|21
|
|t:|1743877201
|move|p2a: Garchomp|Liquidation|p1a: A Wall
|-damage|p1a: A Wall|61/100
|move|p1a: A Wall|Stored Power|p2a: Garchomp
|-damage|p2a: Garchomp|0 fnt
|faint|p2a: Garchomp
|
|-heal|p1a: A Wall|68/100|[from] item: Leftovers
|upkeep
|
|t:|1743877205
|switch|p2a: Leavanny|Leavanny, F|100/100
|turn|22
|
|t:|1743877213
|-terastallize|p2a: Leavanny|Dark
|move|p2a: Leavanny|Swords Dance|p2a: Leavanny
|-boost|p2a: Leavanny|atk|2
|move|p1a: A Wall|Stored Power|p2a: Leavanny
|-immune|p2a: Leavanny
|
|-heal|p1a: A Wall|74/100|[from] item: Leftovers
|upkeep
|turn|23
|-message|MercuryExpress forfeited.
|
|win|JasperHatton
|raw|MercuryExpress's rating: 1193 &rarr; <strong>1169</strong><br />(-24 for losing)
|raw|JasperHatton's rating: 1203 &rarr; <strong>1227</strong><br />(+24 for winning)
|l|☆MercuryExpress
|player|p1|
|l|☆JasperHatton
|player|p2|
