|j|☆Abelsin
|j|☆saturnette
|t:|1743903043
|gametype|singles
|player|p1|Abelsin|serena-masters|
|player|p2|saturnette|mela|
|teamsize|p1|6
|teamsize|p2|6
|gen|9
|tier|[Gen 9] OU
|rule|HP Percentage Mod: HP is shown in percentages
|rule|Endless Battle Clause: Forcing endless battles is banned
|rule|Species Clause: Limit one of each Pokémon
|rule|OHKO Clause: OHKO moves are banned
|rule|Evasion Items Clause: Evasion items are banned
|rule|Evasion Moves Clause: Evasion moves are banned
|rule|Sleep Moves Clause: Sleep-inducing moves are banned
|clearpoke
|poke|p1|Zamazenta-*|
|poke|p1|Weavile, F|
|poke|p1|Pecharunt|
|poke|p1|Iron Crown|
|poke|p1|Dragonite, F|
|poke|p1|Ting-Lu|
|poke|p2|Dragapult, M|
|poke|p2|Rotom-Wash|
|poke|p2|Landorus-Therian, M|
|poke|p2|Clefable, F|
|poke|p2|Zamazenta-*|
|poke|p2|Samurott-Hisui, F|
|teampreview
|inactive|Battle timer is ON: inactive players will automatically lose when time's up. (requested by Abelsin)
|
|t:|1743903054
|start
|switch|p1a: Weavile|Weavile, F|100/100
|switch|p2a: Dragapult|Dragapult, M|100/100
|turn|1
|
|t:|1743903057
|move|p2a: Dragapult|Will-O-Wisp|p1a: Weavile
|-status|p1a: Weavile|brn
|move|p1a: Weavile|Triple Axel|p2a: Dragapult
|-supereffective|p2a: Dragapult
|-damage|p2a: Dragapult|86/100
|-supereffective|p2a: Dragapult
|-damage|p2a: Dragapult|59/100
|-supereffective|p2a: Dragapult
|-damage|p2a: Dragapult|21/100
|-hitcount|p2a: Dragapult|3
|
|-damage|p1a: Weavile|94/100 brn|[from] brn
|upkeep
|turn|2
|
|t:|1743903068
|move|p1a: Weavile|Ice Shard|p2a: Dragapult
|-supereffective|p2a: Dragapult
|-damage|p2a: Dragapult|0 fnt
|faint|p2a: Dragapult
|
|-damage|p1a: Weavile|88/100 brn|[from] brn
|upkeep
|
|t:|1743903072
|switch|p2a: Samurott|Samurott-Hisui, F|100/100
|turn|3
|
|t:|1743903081
|switch|p1a: Zamazenta|Zamazenta|100/100
|-ability|p1a: Zamazenta|Dauntless Shield|boost
|-boost|p1a: Zamazenta|def|1
|move|p2a: Samurott|Ceaseless Edge|p1a: Zamazenta
|-resisted|p1a: Zamazenta
|-damage|p1a: Zamazenta|87/100
|-sidestart|p1: Abelsin|Spikes
|
|upkeep
|turn|4
|
|t:|1743903086
|move|p1a: Zamazenta|Stone Edge|p2a: Samurott
|-crit|p2a: Samurott
|-damage|p2a: Samurott|40/100
|move|p2a: Samurott|Ceaseless Edge|p1a: Zamazenta|[miss]
|-miss|p2a: Samurott|p1a: Zamazenta
|
|upkeep
|turn|5
|
|t:|1743903091
|move|p1a: Zamazenta|Stone Edge|p2a: Samurott
|-damage|p2a: Samurott|1/100
|move|p2a: Samurott|Ceaseless Edge|p1a: Zamazenta
|-resisted|p1a: Zamazenta
|-damage|p1a: Zamazenta|74/100
|-sidestart|p1: Abelsin|Spikes
|
|upkeep
|turn|6
|
|t:|1743903094
|move|p1a: Zamazenta|Stone Edge|p2a: Samurott
|-damage|p2a: Samurott|0 fnt
|faint|p2a: Samurott
|
|upkeep
|
|t:|1743903098
|switch|p2a: Landorus|Landorus-Therian, M|100/100
|-ability|p2a: Landorus|Intimidate|boost
|-unboost|p1a: Zamazenta|atk|1
|turn|7
|
|t:|1743903102
|switch|p1a: Dragonite|Dragonite, F|100/100
|move|p2a: Landorus|Stealth Rock|p1a: Dragonite
|-sidestart|p1: Abelsin|move: Stealth Rock
|
|upkeep
|turn|8
|
|t:|1743903105
|move|p2a: Landorus|Smack Down|p1a: Dragonite
|-supereffective|p1a: Dragonite
|-damage|p1a: Dragonite|79/100
|-start|p1a: Dragonite|Smack Down
|move|p1a: Dragonite|Hurricane|p2a: Landorus
|-damage|p2a: Landorus|56/100
|
|upkeep
|turn|9
|
|t:|1743903111
|switch|p1a: Ting-Lu|Ting-Lu|100/100
|-damage|p1a: Ting-Lu|84/100|[from] Spikes
|-damage|p1a: Ting-Lu|78/100|[from] Stealth Rock
|-ability|p1a: Ting-Lu|Vessel of Ruin
|move|p2a: Landorus|Earthquake|p1a: Ting-Lu
|-damage|p1a: Ting-Lu|46/100
|-enditem|p1a: Ting-Lu|Red Card|[of] p2a: Landorus
|drag|p2a: Zamazenta|Zamazenta|100/100
|-ability|p2a: Zamazenta|Dauntless Shield|boost
|-boost|p2a: Zamazenta|def|1
|
|upkeep
|turn|10
|
|t:|1743903117
|switch|p1a: Pecharunt|Pecharunt|100/100
|move|p2a: Zamazenta|Close Combat|p1a: Pecharunt
|-immune|p1a: Pecharunt
|
|upkeep
|turn|11
|
|t:|1743903123
|move|p2a: Zamazenta|Crunch|p1a: Pecharunt
|-supereffective|p1a: Pecharunt
|-damage|p1a: Pecharunt|67/100
|-damage|p2a: Zamazenta|91/100|[from] item: Life Orb
|move|p1a: Pecharunt|Malignant Chain|p2a: Zamazenta
|-damage|p2a: Zamazenta|64/100
|-status|p2a: Zamazenta|tox
|-start|p2a: Zamazenta|confusion|[from] ability: Poison Puppeteer|[of] p1a: Pecharunt
|
|-damage|p2a: Zamazenta|58/100 tox|[from] psn
|upkeep
|turn|12
|
|t:|1743903127
|-activate|p2a: Zamazenta|confusion
|-damage|p2a: Zamazenta|50/100 tox|[from] confusion
|move|p1a: Pecharunt|Recover|p1a: Pecharunt
|-heal|p1a: Pecharunt|100/100
|
|-damage|p2a: Zamazenta|37/100 tox|[from] psn
|upkeep
|turn|13
|
|t:|1743903130
|-activate|p2a: Zamazenta|confusion
|-damage|p2a: Zamazenta|29/100 tox|[from] confusion
|move|p1a: Pecharunt|Hex|p2a: Zamazenta
|-damage|p2a: Zamazenta|0 fnt
|faint|p2a: Zamazenta
|
|upkeep
|c|☆Abelsin|Mb
|
|t:|1743903139
|switch|p2a: Landorus|Landorus-Therian, M|56/100
|-ability|p2a: Landorus|Intimidate|boost
|-unboost|p1a: Pecharunt|atk|1
|turn|14
|
|t:|1743903144
|switch|p1a: Zamazenta|Zamazenta|74/100
|move|p2a: Landorus|Earthquake|p1a: Zamazenta
|-damage|p1a: Zamazenta|8/100
|
|upkeep
|turn|15
|
|t:|1743903152
|move|p1a: Zamazenta|Stone Edge|p2a: Landorus
|-damage|p2a: Landorus|21/100
|move|p2a: Landorus|U-turn|p1a: Zamazenta
|-resisted|p1a: Zamazenta
|-damage|p1a: Zamazenta|0 fnt
|faint|p1a: Zamazenta
|
|t:|1743903158
|switch|p2a: Rotom|Rotom-Wash|100/100|[from] U-turn
|
|upkeep
|
|t:|1743903165
|switch|p1a: Pecharunt|Pecharunt|100/100
|turn|16
|
|t:|1743903169
|move|p2a: Rotom|Thunder Wave|p1a: Pecharunt
|-status|p1a: Pecharunt|par
|move|p1a: Pecharunt|Malignant Chain|p2a: Rotom
|-damage|p2a: Rotom|66/100
|-status|p2a: Rotom|tox
|-start|p2a: Rotom|confusion|[from] ability: Poison Puppeteer|[of] p1a: Pecharunt
|
|-heal|p2a: Rotom|72/100 tox|[from] item: Leftovers
|-damage|p2a: Rotom|66/100 tox|[from] psn
|upkeep
|turn|17
|
|t:|1743903175
|-activate|p2a: Rotom|confusion
|move|p2a: Rotom|Pain Split|p1a: Pecharunt
|-sethp|p1a: Pecharunt|76/100 par|[from] move: Pain Split|[silent]
|-sethp|p2a: Rotom|95/100 tox|[from] move: Pain Split
|move|p1a: Pecharunt|Hex|p2a: Rotom
|-damage|p2a: Rotom|52/100 tox
|
|-heal|p2a: Rotom|58/100 tox|[from] item: Leftovers
|-damage|p2a: Rotom|46/100 tox|[from] psn
|upkeep
|turn|18
|
|t:|1743903179
|-activate|p2a: Rotom|confusion
|move|p2a: Rotom|Pain Split|p1a: Pecharunt
|-sethp|p1a: Pecharunt|56/100 par|[from] move: Pain Split|[silent]
|-sethp|p2a: Rotom|70/100 tox|[from] move: Pain Split
|cant|p1a: Pecharunt|par
|
|-heal|p2a: Rotom|76/100 tox|[from] item: Leftovers
|-damage|p2a: Rotom|58/100 tox|[from] psn
|upkeep
|turn|19
|
|t:|1743903183
|-end|p2a: Rotom|confusion
|move|p2a: Rotom|Pain Split|p1a: Pecharunt
|-sethp|p1a: Pecharunt|51/100 par|[from] move: Pain Split|[silent]
|-sethp|p2a: Rotom|64/100 tox|[from] move: Pain Split
|cant|p1a: Pecharunt|par
|
|-heal|p2a: Rotom|70/100 tox|[from] item: Leftovers
|-damage|p2a: Rotom|45/100 tox|[from] psn
|upkeep
|turn|20
|
|t:|1743903187
|move|p2a: Rotom|Pain Split|p1a: Pecharunt
|-sethp|p1a: Pecharunt|44/100 par|[from] move: Pain Split|[silent]
|-sethp|p2a: Rotom|54/100 tox|[from] move: Pain Split
|move|p1a: Pecharunt|Recover|p1a: Pecharunt
|-heal|p1a: Pecharunt|94/100 par
|
|-heal|p2a: Rotom|61/100 tox|[from] item: Leftovers
|-damage|p2a: Rotom|29/100 tox|[from] psn
|upkeep
|turn|21
|
|t:|1743903191
|switch|p1a: Ting-Lu|Ting-Lu|46/100
|-damage|p1a: Ting-Lu|29/100|[from] Spikes
|-damage|p1a: Ting-Lu|23/100|[from] Stealth Rock
|-ability|p1a: Ting-Lu|Vessel of Ruin
|move|p2a: Rotom|Pain Split|p1a: Ting-Lu
|-sethp|p1a: Ting-Lu|20/100|[from] move: Pain Split|[silent]
|-sethp|p2a: Rotom|34/100 tox|[from] move: Pain Split
|
|-heal|p2a: Rotom|40/100 tox|[from] item: Leftovers
|-damage|p2a: Rotom|3/100 tox|[from] psn
|upkeep
|turn|22
|
|t:|1743903197
|move|p2a: Rotom|Hydro Pump|p1a: Ting-Lu|[miss]
|-miss|p2a: Rotom|p1a: Ting-Lu
|move|p1a: Ting-Lu|Stealth Rock|p2a: Rotom
|-sidestart|p2: saturnette|move: Stealth Rock
|
|-heal|p2a: Rotom|9/100 tox|[from] item: Leftovers
|-damage|p2a: Rotom|0 fnt|[from] psn
|faint|p2a: Rotom
|upkeep
|
|t:|1743903207
|switch|p2a: Landorus|Landorus-Therian, M|21/100
|-damage|p2a: Landorus|8/100|[from] Stealth Rock
|-ability|p2a: Landorus|Intimidate|boost
|-unboost|p1a: Ting-Lu|atk|1
|turn|23
|
|t:|1743903213
|move|p2a: Landorus|Earthquake|p1a: Ting-Lu
|-damage|p1a: Ting-Lu|0 fnt
|faint|p1a: Ting-Lu
|
|upkeep
|
|t:|1743903218
|switch|p1a: Iron Crown|Iron Crown|100/100
|-damage|p1a: Iron Crown|84/100|[from] Spikes
|-damage|p1a: Iron Crown|78/100|[from] Stealth Rock
|turn|24
|
|t:|1743903221
|move|p1a: Iron Crown|Tachyon Cutter|p2a: Landorus
|-crit|p2a: Landorus
|-damage|p2a: Landorus|0 fnt
|faint|p2a: Landorus
|-hitcount|p2: Landorus|1
|
|upkeep
|
|t:|1743903224
|switch|p2a: Clefable|Clefable, F|100/100
|turn|25
|c|☆Abelsin|Gg
|c|☆saturnette|gg
|
|t:|1743903235
|-terastallize|p2a: Clefable|Bug
|move|p1a: Iron Crown|Tachyon Cutter|p2a: Clefable
|-damage|p2a: Clefable|77/100
|-damage|p2a: Clefable|54/100
|-hitcount|p2a: Clefable|2
|move|p2a: Clefable|Flamethrower|p1a: Iron Crown
|-supereffective|p1a: Iron Crown
|-crit|p1a: Iron Crown
|-damage|p1a: Iron Crown|39/100
|
|upkeep
|turn|26
|
|t:|1743903246
|move|p1a: Iron Crown|Future Sight|p2a: Clefable
|-start|p1a: Iron Crown|move: Future Sight
|move|p2a: Clefable|Moonblast|p1a: Iron Crown
|-resisted|p1a: Iron Crown
|-damage|p1a: Iron Crown|28/100
|-unboost|p1a: Iron Crown|spa|1
|
|upkeep
|turn|27
|
|t:|1743903253
|move|p1a: Iron Crown|Tachyon Cutter|p2a: Clefable
|-damage|p2a: Clefable|37/100
|-damage|p2a: Clefable|22/100
|-hitcount|p2a: Clefable|2
|move|p2a: Clefable|Moonblast|p1a: Iron Crown
|-resisted|p1a: Iron Crown
|-damage|p1a: Iron Crown|16/100
|
|upkeep
|turn|28
|
|t:|1743903261
|move|p1a: Iron Crown|Volt Switch|p2a: Clefable
|-damage|p2a: Clefable|7/100
|
|t:|1743903263
|-end|p1a: Iron Crown|Quark Drive|[silent]
|switch|p1a: Pecharunt|Pecharunt|94/100 par|[from] Volt Switch
|move|p2a: Clefable|Moonblast|p1a: Pecharunt
|-resisted|p1a: Pecharunt
|-damage|p1a: Pecharunt|78/100 par
|-unboost|p1a: Pecharunt|spa|1
|
|-end|p2a: Clefable|move: Future Sight
|-damage|p2a: Clefable|0 fnt
|faint|p2a: Clefable
|
|win|Abelsin
