|j|☆Fawar
|j|☆Jrbrbr
|t:|1743797894
|gametype|singles
|player|p1|Fawar|palmer|1026
|player|p2|Jrbrbr|102|1030
|teamsize|p1|6
|teamsize|p2|6
|gen|9
|tier|[Gen 9] OU
|rated|
|rule|HP Percentage Mod: HP is shown in percentages
|rule|Endless Battle Clause: Forcing endless battles is banned
|rule|Species Clause: Limit one of each Pokémon
|rule|OHKO Clause: OHKO moves are banned
|rule|Evasion Items Clause: Evasion items are banned
|rule|Evasion Moves Clause: Evasion moves are banned
|rule|Sleep Moves Clause: Sleep-inducing moves are banned
|clearpoke
|poke|p1|Quaquaval, M|
|poke|p1|Iron Treads|
|poke|p1|Sandy Shocks|
|poke|p1|Kilowattrel, M|
|poke|p1|Dragapult, F|
|poke|p1|Metagross|
|poke|p2|Pecharunt|
|poke|p2|Gliscor, M|
|poke|p2|Ogerpon-Wellspring, F|
|poke|p2|Garganacl, F|
|poke|p2|Great Tusk|
|poke|p2|Kingambit, F|
|teampreview
|
|t:|1743797906
|start
|switch|p1a: Metagross|Metagross, shiny|100/100
|switch|p2a: Gliscor|Gliscor, M|100/100
|turn|1
|inactive|Battle timer is ON: inactive players will automatically lose when time's up. (requested by Jrbrbr)
|inactive|Fawar has 120 seconds left.
|
|t:|1743797943
|move|p2a: Gliscor|Protect|p2a: Gliscor
|-singleturn|p2a: Gliscor|Protect
|move|p1a: Metagross|Heavy Slam|p2a: Gliscor
|-activate|p2a: Gliscor|move: Protect
|
|-status|p2a: Gliscor|tox|[from] item: Toxic Orb
|upkeep
|turn|2
|
|t:|1743797951
|move|p2a: Gliscor|Knock Off|p1a: Metagross
|-supereffective|p1a: Metagross
|-damage|p1a: Metagross|68/100
|-enditem|p1a: Metagross|Leftovers|[from] move: Knock Off|[of] p2a: Gliscor
|move|p1a: Metagross|Stealth Rock|p2a: Gliscor
|-sidestart|p2: Jrbrbr|move: Stealth Rock
|
|upkeep
|turn|3
|
|t:|1743797960
|move|p2a: Gliscor|Toxic Spikes|p1a: Metagross
|-sidestart|p1: Fawar|move: Toxic Spikes
|move|p1a: Metagross|Heavy Slam|p2a: Gliscor
|-damage|p2a: Gliscor|43/100 tox
|
|-heal|p2a: Gliscor|56/100 tox|[from] ability: Poison Heal
|upkeep
|turn|4
|
|t:|1743797977
|move|p2a: Gliscor|Protect|p2a: Gliscor
|-singleturn|p2a: Gliscor|Protect
|move|p1a: Metagross|Heavy Slam|p2a: Gliscor
|-activate|p2a: Gliscor|move: Protect
|
|-heal|p2a: Gliscor|68/100 tox|[from] ability: Poison Heal
|upkeep
|turn|5
|
|t:|1743797986
|move|p2a: Gliscor|Toxic Spikes|p1a: Metagross
|-sidestart|p1: Fawar|move: Toxic Spikes
|move|p1a: Metagross|Heavy Slam|p2a: Gliscor
|-crit|p2a: Gliscor
|-damage|p2a: Gliscor|0 fnt
|faint|p2a: Gliscor
|
|upkeep
|
|t:|1743797995
|switch|p2a: Great Tusk|Great Tusk|100/100
|turn|6
|
|t:|1743798023
|move|p2a: Great Tusk|Knock Off|p1a: Metagross
|-supereffective|p1a: Metagross
|-damage|p1a: Metagross|37/100
|move|p1a: Metagross|Psychic Fangs|p2a: Great Tusk
|-supereffective|p2a: Great Tusk
|-damage|p2a: Great Tusk|32/100
|
|upkeep
|turn|7
|inactive|Fawar has 120 seconds left.
|
|t:|1743798043
|move|p2a: Great Tusk|Earthquake|p1a: Metagross
|-supereffective|p1a: Metagross
|-damage|p1a: Metagross|0 fnt
|faint|p1a: Metagross
|
|upkeep
|inactive|Fawar has 120 seconds left.
|
|t:|1743798056
|switch|p1a: Iron Treads|Iron Treads|100/100
|-enditem|p1a: Iron Treads|Booster Energy
|-activate|p1a: Iron Treads|ability: Quark Drive|[fromitem]
|-start|p1a: Iron Treads|quarkdrivespe
|turn|8
|inactive|Fawar has 120 seconds left.
|
|t:|1743798069
|-end|p2a: Great Tusk|Protosynthesis|[silent]
|switch|p2a: Pecharunt|Pecharunt|100/100
|-damage|p2a: Pecharunt|88/100|[from] Stealth Rock
|-item|p2a: Pecharunt|Air Balloon
|move|p1a: Iron Treads|Ice Spinner|p2a: Pecharunt
|-damage|p2a: Pecharunt|79/100
|-enditem|p2a: Pecharunt|Air Balloon
|
|upkeep
|turn|9
|inactive|Fawar has 120 seconds left.
|
|t:|1743798101
|move|p1a: Iron Treads|Earth Power|p2a: Pecharunt
|-supereffective|p2a: Pecharunt
|-damage|p2a: Pecharunt|23/100
|move|p2a: Pecharunt|Parting Shot|p1a: Iron Treads
|-unboost|p1a: Iron Treads|atk|1
|-unboost|p1a: Iron Treads|spa|1
|
|t:|1743798107
|switch|p2a: Garganacl|Garganacl, F|100/100|[from] Parting Shot
|-damage|p2a: Garganacl|88/100|[from] Stealth Rock
|
|-heal|p2a: Garganacl|94/100|[from] item: Leftovers
|upkeep
|turn|10
|
|t:|1743798126
|move|p1a: Iron Treads|Earth Power|p2a: Garganacl
|-supereffective|p2a: Garganacl
|-damage|p2a: Garganacl|58/100
|move|p2a: Garganacl|Salt Cure|p1a: Iron Treads
|-resisted|p1a: Iron Treads
|-damage|p1a: Iron Treads|98/100
|-start|p1a: Iron Treads|Salt Cure
|
|-heal|p2a: Garganacl|64/100|[from] item: Leftovers
|-damage|p1a: Iron Treads|73/100|[from] Salt Cure
|upkeep
|turn|11
|
|t:|1743798145
|move|p1a: Iron Treads|Ice Spinner|p2a: Garganacl
|-damage|p2a: Garganacl|58/100
|move|p2a: Garganacl|Recover|p2a: Garganacl
|-heal|p2a: Garganacl|100/100
|
|-damage|p1a: Iron Treads|48/100|[from] Salt Cure
|upkeep
|turn|12
|inactive|Fawar has 90 seconds left.
|
|t:|1743798161
|-end|p1a: Iron Treads|Quark Drive|[silent]
|switch|p1a: Quaquaval|Quaquaval, M|100/100
|-status|p1a: Quaquaval|tox
|move|p2a: Garganacl|Stealth Rock|p1a: Quaquaval
|-sidestart|p1: Fawar|move: Stealth Rock
|
|-damage|p1a: Quaquaval|94/100 tox|[from] psn
|upkeep
|turn|13
|inactive|Fawar has 90 seconds left.
|
|t:|1743798175
|switch|p2a: Great Tusk|Great Tusk|32/100
|-terastallize|p1a: Quaquaval|Steel
|move|p1a: Quaquaval|Aqua Step|p2a: Great Tusk
|-supereffective|p2a: Great Tusk
|-damage|p2a: Great Tusk|0 fnt
|-boost|p1a: Quaquaval|spe|1
|faint|p2a: Great Tusk
|-end|p2a: Great Tusk|Protosynthesis|[silent]
|-ability|p1a: Quaquaval|Moxie|boost
|-boost|p1a: Quaquaval|atk|1
|
|-damage|p1a: Quaquaval|82/100 tox|[from] psn
|upkeep
|
|t:|1743798186
|switch|p2a: Garganacl|Garganacl, F|100/100
|-damage|p2a: Garganacl|88/100|[from] Stealth Rock
|turn|14
|
|t:|1743798191
|-terastallize|p2a: Garganacl|Ghost
|move|p1a: Quaquaval|Aqua Step|p2a: Garganacl
|-damage|p2a: Garganacl|53/100
|-boost|p1a: Quaquaval|spe|1
|move|p2a: Garganacl|Salt Cure|p1a: Quaquaval
|-resisted|p1a: Quaquaval
|-damage|p1a: Quaquaval|73/100 tox
|-start|p1a: Quaquaval|Salt Cure
|
|-heal|p2a: Garganacl|59/100|[from] item: Leftovers
|-damage|p1a: Quaquaval|55/100 tox|[from] psn
|-damage|p1a: Quaquaval|30/100 tox|[from] Salt Cure
|upkeep
|turn|15
|
|t:|1743798208
|move|p1a: Quaquaval|Knock Off|p2a: Garganacl
|-supereffective|p2a: Garganacl
|-damage|p2a: Garganacl|1/100
|-enditem|p2a: Garganacl|Leftovers|[from] move: Knock Off|[of] p1a: Quaquaval
|move|p2a: Garganacl|Salt Cure|p1a: Quaquaval
|-resisted|p1a: Quaquaval
|-damage|p1a: Quaquaval|21/100 tox
|
|-damage|p1a: Quaquaval|0 fnt|[from] psn
|faint|p1a: Quaquaval
|upkeep
|
|t:|1743798221
|switch|p1a: Kilowattrel|Kilowattrel, M|100/100
|-damage|p1a: Kilowattrel|76/100|[from] Stealth Rock
|turn|16
|
|t:|1743798226
|move|p1a: Kilowattrel|Thunderbolt|p2a: Garganacl
|-crit|p2a: Garganacl
|-damage|p2a: Garganacl|0 fnt
|faint|p2a: Garganacl
|
|upkeep
|
|t:|1743798235
|switch|p2a: Ogerpon|Ogerpon-Wellspring, F|100/100
|-damage|p2a: Ogerpon|88/100|[from] Stealth Rock
|turn|17
|
|t:|1743798239
|move|p1a: Kilowattrel|Thunderbolt|p2a: Ogerpon
|-damage|p2a: Ogerpon|27/100
|move|p2a: Ogerpon|Swords Dance|p2a: Ogerpon
|-boost|p2a: Ogerpon|atk|2
|
|upkeep
|turn|18
|
|t:|1743798245
|move|p1a: Kilowattrel|Thunderbolt|p2a: Ogerpon
|-damage|p2a: Ogerpon|0 fnt
|faint|p2a: Ogerpon
|
|upkeep
|
|t:|1743798247
|switch|p2a: Pecharunt|Pecharunt|23/100
|-damage|p2a: Pecharunt|11/100|[from] Stealth Rock
|turn|19
|
|t:|1743798251
|move|p1a: Kilowattrel|Thunderbolt|p2a: Pecharunt
|-damage|p2a: Pecharunt|0 fnt
|faint|p2a: Pecharunt
|
|upkeep
|
|t:|1743798253
|switch|p2a: Kingambit|Kingambit, F|100/100
|-damage|p2a: Kingambit|94/100|[from] Stealth Rock
|-activate|p2a: Kingambit|ability: Supreme Overlord
|-start|p2a: Kingambit|fallen5|[silent]
|turn|20
|
|t:|1743798265
|move|p2a: Kingambit|Sucker Punch|p1a: Kilowattrel
|-damage|p1a: Kilowattrel|0 fnt
|faint|p1a: Kilowattrel
|
|upkeep
|inactive|Fawar has 120 seconds left.
|
|t:|1743798303
|switch|p1a: Sandy Shocks|Sandy Shocks|100/100
|turn|21
|
|t:|1743798317
|move|p1a: Sandy Shocks|Earth Power|p2a: Kingambit
|-supereffective|p2a: Kingambit
|-damage|p2a: Kingambit|7/100
|move|p2a: Kingambit|Kowtow Cleave|p1a: Sandy Shocks
|-crit|p1a: Sandy Shocks
|-damage|p1a: Sandy Shocks|0 fnt
|faint|p1a: Sandy Shocks
|-end|p1a: Sandy Shocks|Protosynthesis|[silent]
|
|upkeep
|
|t:|1743798345
|switch|p1a: Iron Treads|Iron Treads|48/100
|-damage|p1a: Iron Treads|45/100|[from] Stealth Rock
|turn|22
|
|t:|1743798357
|move|p2a: Kingambit|Sucker Punch||[still]
|-fail|p2a: Kingambit
|move|p1a: Iron Treads|Stealth Rock||[still]
|-fail|p1a: Iron Treads
|
|upkeep
|turn|23
|
|t:|1743798363
|move|p2a: Kingambit|Sucker Punch||[still]
|-fail|p2a: Kingambit
|move|p1a: Iron Treads|Stealth Rock||[still]
|-fail|p1a: Iron Treads
|
|upkeep
|turn|24
|
|t:|1743798369
|move|p2a: Kingambit|Sucker Punch||[still]
|-fail|p2a: Kingambit
|move|p1a: Iron Treads|Stealth Rock||[still]
|-fail|p1a: Iron Treads
|
|upkeep
|turn|25
|
|t:|1743798374
|move|p1a: Iron Treads|Stealth Rock||[still]
|-fail|p1a: Iron Treads
|move|p2a: Kingambit|Kowtow Cleave|p1a: Iron Treads
|-damage|p1a: Iron Treads|0 fnt
|faint|p1a: Iron Treads
|-end|p1a: Iron Treads|Quark Drive|[silent]
|
|upkeep
|
|t:|1743798380
|switch|p1a: Dragapult|Dragapult, F|100/100
|-status|p1a: Dragapult|tox
|-damage|p1a: Dragapult|88/100 tox|[from] Stealth Rock
|turn|26
|inactive|Fawar has 120 seconds left.
|
|t:|1743798386
|move|p2a: Kingambit|Sucker Punch|p1a: Dragapult
|-supereffective|p1a: Dragapult
|-damage|p1a: Dragapult|0 fnt
|faint|p1a: Dragapult
|
|win|Jrbrbr
|raw|Fawar's rating: 1026 &rarr; <strong>1012</strong><br />(-14 for losing)
|raw|Jrbrbr's rating: 1030 &rarr; <strong>1065</strong><br />(+35 for winning)
