|j|☆BabyBattleBoy
|j|☆SirShakes
|t:|1743803157
|gametype|singles
|player|p1|BabyBattleBoy|lass|1406
|player|p2|SirShakes|firebreather|1396
|teamsize|p1|6
|teamsize|p2|6
|gen|9
|tier|[Gen 9] OU
|rated|
|rule|HP Percentage Mod: HP is shown in percentages
|rule|Endless Battle Clause: Forcing endless battles is banned
|rule|Species Clause: Limit one of each Pokémon
|rule|OHKO Clause: OHKO moves are banned
|rule|Evasion Items Clause: Evasion items are banned
|rule|Evasion Moves Clause: Evasion moves are banned
|rule|Sleep Moves Clause: Sleep-inducing moves are banned
|clearpoke
|poke|p1|Tinkaton, F|
|poke|p1|Vileplume, M|
|poke|p1|Mamoswine, M|
|poke|p1|Ogerpon-Wellspring, F|
|poke|p1|Cinccino, M|
|poke|p1|Walking Wake|
|poke|p2|Goodra-Hisui, F|
|poke|p2|Glimmora, M|
|poke|p2|Sinistcha|
|poke|p2|Ting-Lu|
|poke|p2|Scizor, F|
|poke|p2|Enamorus, F|
|teampreview
|
|t:|1743803180
|start
|switch|p1a: Original Idea|Walking Wake|100/100
|switch|p2a: Glimmora|Glimmora, M|100/100
|turn|1
|inactive|Battle timer is ON: inactive players will automatically lose when time's up. (requested by SirShakes)
|
|t:|1743803195
|switch|p2a: Goodra|Goodra-Hisui, F|100/100
|move|p1a: Original Idea|Hydro Steam|p2a: Goodra
|-resisted|p2a: Goodra
|-damage|p2a: Goodra|91/100
|
|upkeep
|turn|2
|
|t:|1743803200
|move|p1a: Original Idea|Flip Turn|p2a: Goodra
|-resisted|p2a: Goodra
|-crit|p2a: Goodra
|-damage|p2a: Goodra|79/100
|-ability|p2a: Goodra|Gooey
|-unboost|p1a: Original Idea|spe|1
|inactive|BabyBattleBoy has 120 seconds left.
|
|t:|1743803243
|-end|p1a: Original Idea|Protosynthesis|[silent]
|switch|p1a: Flubbino|Tinkaton, F|100/100|[from] Flip Turn
|-ability|p1a: Flubbino|Mold Breaker
|move|p2a: Goodra|Knock Off|p1a: Flubbino
|-resisted|p1a: Flubbino
|-damage|p1a: Flubbino|90/100
|-enditem|p1a: Flubbino|Leftovers|[from] move: Knock Off|[of] p2a: Goodra
|
|upkeep
|turn|3
|
|t:|1743803261
|move|p1a: Flubbino|Knock Off|p2a: Goodra
|-damage|p2a: Goodra|61/100
|-ability|p2a: Goodra|Gooey
|-unboost|p1a: Flubbino|spe|1
|-enditem|p2a: Goodra|Heavy-Duty Boots|[from] move: Knock Off|[of] p1a: Flubbino
|move|p2a: Goodra|Flamethrower|p1a: Flubbino
|-supereffective|p1a: Flubbino
|-damage|p1a: Flubbino|50/100
|
|upkeep
|turn|4
|
|t:|1743803280
|move|p1a: Flubbino|Stealth Rock|p2a: Goodra
|-sidestart|p2: SirShakes|move: Stealth Rock
|move|p2a: Goodra|Flamethrower|p1a: Flubbino
|-supereffective|p1a: Flubbino
|-damage|p1a: Flubbino|7/100
|-status|p1a: Flubbino|brn
|
|-damage|p1a: Flubbino|1/100 brn|[from] brn
|upkeep
|turn|5
|inactive|BabyBattleBoy has 90 seconds left.
|
|t:|1743803310
|move|p1a: Flubbino|Encore|p2a: Goodra
|-start|p2a: Goodra|Encore
|move|p2a: Goodra|Flamethrower|p1a: Flubbino
|-supereffective|p1a: Flubbino
|-damage|p1a: Flubbino|0 fnt
|faint|p1a: Flubbino
|
|upkeep
|inactive|BabyBattleBoy has 90 seconds left.
|
|t:|1743803329
|switch|p1a: Big and Tall|Mamoswine, M|100/100
|turn|6
|
|t:|1743803339
|switch|p2a: Enamorus|Enamorus, F|100/100
|-damage|p2a: Enamorus|76/100|[from] Stealth Rock
|move|p1a: Big and Tall|Icicle Crash|p2a: Enamorus
|-supereffective|p2a: Enamorus
|-damage|p2a: Enamorus|0 fnt
|faint|p2a: Enamorus
|
|upkeep
|
|t:|1743803346
|switch|p2a: Glimmora|Glimmora, M|100/100
|-damage|p2a: Glimmora|88/100|[from] Stealth Rock
|turn|7
|
|t:|1743803354
|move|p2a: Glimmora|Meteor Beam||[still]
|-prepare|p2a: Glimmora|Meteor Beam
|-boost|p2a: Glimmora|spa|1
|-enditem|p2a: Glimmora|Power Herb
|-anim|p2a: Glimmora|Meteor Beam|p1a: Big and Tall
|-damage|p1a: Big and Tall|21/100
|move|p1a: Big and Tall|Earthquake|p2a: Glimmora
|-supereffective|p2a: Glimmora
|-damage|p2a: Glimmora|0 fnt
|-activate|p2a: Glimmora|ability: Toxic Debris
|-sidestart|p1: BabyBattleBoy|move: Toxic Spikes
|faint|p2a: Glimmora
|
|upkeep
|
|t:|1743803363
|switch|p2a: Scizor|Scizor, F|100/100
|-damage|p2a: Scizor|88/100|[from] Stealth Rock
|turn|8
|
|t:|1743803372
|switch|p1a: Misery Bloom|Vileplume, M, shiny|100/100
|-sideend|p1: BabyBattleBoy|move: Toxic Spikes|[of] p1a: Misery Bloom
|move|p2a: Scizor|Bullet Punch|p1a: Misery Bloom
|-damage|p1a: Misery Bloom|53/100
|-damage|p2a: Scizor|72/100|[from] item: Rocky Helmet|[of] p1a: Misery Bloom
|
|upkeep
|turn|9
|
|t:|1743803382
|switch|p2a: Ting-Lu|Ting-Lu|100/100
|-damage|p2a: Ting-Lu|94/100|[from] Stealth Rock
|-ability|p2a: Ting-Lu|Vessel of Ruin
|move|p1a: Misery Bloom|Strength Sap|p2a: Ting-Lu
|-unboost|p2a: Ting-Lu|atk|1
|-heal|p1a: Misery Bloom|100/100
|
|-heal|p2a: Ting-Lu|100/100|[from] item: Leftovers
|upkeep
|turn|10
|
|t:|1743803395
|move|p1a: Misery Bloom|Stun Spore|p2a: Ting-Lu
|-status|p2a: Ting-Lu|par
|move|p2a: Ting-Lu|Stealth Rock|p1a: Misery Bloom
|-sidestart|p1: BabyBattleBoy|move: Stealth Rock
|
|upkeep
|turn|11
|
|t:|1743803405
|move|p1a: Misery Bloom|Leech Seed|p2a: Ting-Lu
|-start|p2a: Ting-Lu|move: Leech Seed
|move|p2a: Ting-Lu|Spikes|p1a: Misery Bloom
|-sidestart|p1: BabyBattleBoy|Spikes
|
|-damage|p2a: Ting-Lu|88/100 par|[from] Leech Seed|[of] p1a: Misery Bloom
|upkeep
|turn|12
|
|t:|1743803414
|switch|p1a: I hate sand|Cinccino, M|100/100
|-damage|p1a: I hate sand|88/100|[from] Stealth Rock
|-damage|p1a: I hate sand|76/100|[from] Spikes
|cant|p2a: Ting-Lu|par
|
|-heal|p2a: Ting-Lu|94/100 par|[from] item: Leftovers
|-damage|p2a: Ting-Lu|82/100 par|[from] Leech Seed|[of] p1a: I hate sand
|-heal|p1a: I hate sand|98/100|[silent]
|upkeep
|turn|13
|inactive|BabyBattleBoy has 120 seconds left.
|
|t:|1743803425
|move|p1a: I hate sand|Tidy Up|p1a: I hate sand
|-sideend|p1: BabyBattleBoy|Spikes
|-sideend|p1: BabyBattleBoy|Stealth Rock
|-sideend|p2: SirShakes|Stealth Rock
|-activate|p1a: I hate sand|move: Tidy Up
|-boost|p1a: I hate sand|atk|1
|-boost|p1a: I hate sand|spe|1
|move|p2a: Ting-Lu|Whirlwind|p1a: I hate sand
|drag|p1a: Wimbibbly|Ogerpon-Wellspring, F|100/100
|
|-heal|p2a: Ting-Lu|88/100 par|[from] item: Leftovers
|-damage|p2a: Ting-Lu|76/100 par|[from] Leech Seed|[of] p1a: Wimbibbly
|upkeep
|turn|14
|inactive|BabyBattleBoy has 120 seconds left.
|inactive|BabyBattleBoy has 90 seconds left.
|
|t:|1743803484
|switch|p2a: Sinistcha|Sinistcha|100/100
|move|p1a: Wimbibbly|U-turn|p2a: Sinistcha
|-damage|p2a: Sinistcha|79/100
|inactive|BabyBattleBoy has 60 seconds left.
|inactive|BabyBattleBoy has 30 seconds left.
|inactive|BabyBattleBoy has 20 seconds left.
|
|t:|1743803548
|switch|p1a: I hate sand|Cinccino, M|98/100|[from] U-turn
|
|upkeep
|turn|15
|inactive|BabyBattleBoy has 30 seconds left this turn.
|
|t:|1743803555
|move|p1a: I hate sand|Triple Axel|p2a: Sinistcha
|-supereffective|p2a: Sinistcha
|-damage|p2a: Sinistcha|66/100
|-supereffective|p2a: Sinistcha
|-damage|p2a: Sinistcha|38/100
|-supereffective|p2a: Sinistcha
|-damage|p2a: Sinistcha|0 fnt
|faint|p2a: Sinistcha
|-hitcount|p2: Sinistcha|3
|
|upkeep
|
|t:|1743803564
|switch|p2a: Scizor|Scizor, F|72/100
|turn|16
|
|t:|1743803570
|switch|p1a: Misery Bloom|Vileplume, M, shiny|100/100
|move|p2a: Scizor|U-turn|p1a: Misery Bloom
|-damage|p1a: Misery Bloom|45/100
|-damage|p2a: Scizor|55/100|[from] item: Rocky Helmet|[of] p1a: Misery Bloom
|-status|p2a: Scizor|par|[from] ability: Effect Spore|[of] p1a: Misery Bloom
|
|t:|1743803574
|switch|p2a: Goodra|Goodra-Hisui, F|61/100|[from] U-turn
|
|upkeep
|turn|17
|
|t:|1743803582
|move|p1a: Misery Bloom|Leech Seed|p2a: Goodra
|-start|p2a: Goodra|move: Leech Seed
|move|p2a: Goodra|Flamethrower|p1a: Misery Bloom
|-supereffective|p1a: Misery Bloom
|-damage|p1a: Misery Bloom|0 fnt
|faint|p1a: Misery Bloom
|
|upkeep
|
|t:|1743803588
|switch|p1a: Big and Tall|Mamoswine, M|21/100
|turn|18
|
|t:|1743803597
|move|p1a: Big and Tall|Earthquake|p2a: Goodra
|-supereffective|p2a: Goodra
|-damage|p2a: Goodra|0 fnt
|faint|p2a: Goodra
|
|upkeep
|
|t:|1743803599
|switch|p2a: Scizor|Scizor, F|55/100 par
|turn|19
|
|t:|1743803605
|move|p2a: Scizor|Bullet Punch|p1a: Big and Tall
|-supereffective|p1a: Big and Tall
|-damage|p1a: Big and Tall|0 fnt
|faint|p1a: Big and Tall
|
|upkeep
|
|t:|1743803607
|switch|p1a: Original Idea|Walking Wake|100/100
|turn|20
|
|t:|1743803611
|switch|p2a: Ting-Lu|Ting-Lu|76/100 par
|-ability|p2a: Ting-Lu|Vessel of Ruin
|move|p1a: Original Idea|Hydro Steam|p2a: Ting-Lu
|-supereffective|p2a: Ting-Lu
|-damage|p2a: Ting-Lu|43/100 par
|
|-heal|p2a: Ting-Lu|49/100 par|[from] item: Leftovers
|upkeep
|turn|21
|
|t:|1743803618
|move|p1a: Original Idea|Hydro Steam|p2a: Ting-Lu
|-supereffective|p2a: Ting-Lu
|-damage|p2a: Ting-Lu|17/100 par
|move|p2a: Ting-Lu|Whirlwind|p1a: Original Idea
|-end|p1a: Original Idea|Protosynthesis|[silent]
|drag|p1a: I hate sand|Cinccino, M|98/100
|
|-heal|p2a: Ting-Lu|23/100 par|[from] item: Leftovers
|upkeep
|turn|22
|
|t:|1743803626
|move|p1a: I hate sand|Tidy Up|p1a: I hate sand
|-boost|p1a: I hate sand|atk|1
|-boost|p1a: I hate sand|spe|1
|move|p2a: Ting-Lu|Earthquake|p1a: I hate sand
|-damage|p1a: I hate sand|29/100
|
|-heal|p2a: Ting-Lu|29/100 par|[from] item: Leftovers
|upkeep
|turn|23
|
|t:|1743803633
|move|p1a: I hate sand|Tail Slap|p2a: Ting-Lu
|-damage|p2a: Ting-Lu|15/100 par
|-damage|p2a: Ting-Lu|0 fnt
|faint|p2a: Ting-Lu
|-hitcount|p2: Ting-Lu|2
|
|upkeep
|
|t:|1743803635
|switch|p2a: Scizor|Scizor, F|55/100 par
|turn|24
|
|t:|1743803640
|move|p2a: Scizor|Bullet Punch|p1a: I hate sand
|-damage|p1a: I hate sand|0 fnt
|faint|p1a: I hate sand
|
|upkeep
|
|t:|1743803642
|switch|p1a: Original Idea|Walking Wake|100/100
|turn|25
|
|t:|1743803646
|-terastallize|p2a: Scizor|Steel
|cant|p2a: Scizor|par
|move|p1a: Original Idea|Flamethrower|p2a: Scizor
|-supereffective|p2a: Scizor
|-damage|p2a: Scizor|0 fnt
|faint|p2a: Scizor
|
|win|BabyBattleBoy
|raw|BabyBattleBoy's rating: 1406 &rarr; <strong>1425</strong><br />(+19 for winning)
|raw|SirShakes's rating: 1396 &rarr; <strong>1377</strong><br />(-19 for losing)
|l|☆SirShakes
|player|p2|
|l|☆BabyBattleBoy
|player|p1|
