|j|☆Zucar
|j|☆falconnnn
|t:|1743864866
|gametype|singles
|player|p1|Zucar|brock|1223
|player|p2|falconnnn|youngn|1280
|teamsize|p1|6
|teamsize|p2|6
|gen|9
|tier|[Gen 9] OU
|rated|
|rule|HP Percentage Mod: HP is shown in percentages
|rule|Endless Battle Clause: Forcing endless battles is banned
|rule|Species Clause: Limit one of each Pokémon
|rule|OHKO Clause: OHKO moves are banned
|rule|Evasion Items Clause: Evasion items are banned
|rule|Evasion Moves Clause: Evasion moves are banned
|rule|Sleep Moves Clause: Sleep-inducing moves are banned
|clearpoke
|poke|p1|Gothitelle, M|
|poke|p1|Perrserker, M|
|poke|p1|Whimsicott, F|
|poke|p1|Glastrier|
|poke|p1|Dusknoir, F|
|poke|p1|Dartrix, F|
|poke|p2|Zamazenta-*|
|poke|p2|Latias, F|
|poke|p2|Gholdengo|
|poke|p2|Dragonite, F|
|poke|p2|Weavile, M|
|poke|p2|Landorus-Therian, M|
|teampreview
|inactive|Battle timer is ON: inactive players will automatically lose when time's up. (requested by Zucar)
|
|t:|1743864895
|start
|switch|p1a: Dusknoir|Dusknoir, F, shiny|100/100
|switch|p2a: Gholdengo|Gholdengo|100/100
|-item|p2a: Gholdengo|Air Balloon
|-item|p2a: Gholdengo|Air Balloon|[from] ability: Frisk|[of] p1a: Dusknoir
|turn|1
|
|t:|1743864909
|move|p2a: Gholdengo|Thunder Wave|p1a: Dusknoir
|-status|p1a: Dusknoir|par
|move|p1a: Dusknoir|Trick Room|p1a: Dusknoir
|-fieldstart|move: Trick Room|[of] p1a: Dusknoir
|
|upkeep
|turn|2
|
|t:|1743864915
|cant|p1a: Dusknoir|par
|move|p2a: Gholdengo|Hex|p1a: Dusknoir
|-supereffective|p1a: Dusknoir
|-damage|p1a: Dusknoir|0 fnt
|faint|p1a: Dusknoir
|
|upkeep
|
|t:|1743864923
|switch|p1a: Glastrier|Glastrier|100/100
|turn|3
|
|t:|1743864927
|move|p1a: Glastrier|Crunch|p2a: Gholdengo
|-supereffective|p2a: Gholdengo
|-damage|p2a: Gholdengo|37/100
|-unboost|p2a: Gholdengo|def|1
|-enditem|p2a: Gholdengo|Air Balloon
|move|p2a: Gholdengo|Make It Rain|p1a: Glastrier
|-supereffective|p1a: Glastrier
|-damage|p1a: Glastrier|0 fnt
|-unboost|p2a: Gholdengo|spa|1
|faint|p1a: Glastrier
|
|upkeep
|
|t:|1743864936
|switch|p1a: Perrserker|Perrserker, M|100/100
|turn|4
|inactive|falconnnn has 120 seconds left.
|
|t:|1743864980
|switch|p2a: Zamazenta|Zamazenta|100/100
|-ability|p2a: Zamazenta|Dauntless Shield|boost
|-boost|p2a: Zamazenta|def|1
|move|p1a: Perrserker|Knock Off|p2a: Zamazenta
|-resisted|p2a: Zamazenta
|-damage|p2a: Zamazenta|92/100
|-enditem|p2a: Zamazenta|Leftovers|[from] move: Knock Off|[of] p1a: Perrserker
|
|upkeep
|turn|5
|
|t:|1743864989
|switch|p1a: Whimsicott|Whimsicott, F|100/100
|move|p2a: Zamazenta|Body Press|p1a: Whimsicott
|-resisted|p1a: Whimsicott
|-damage|p1a: Whimsicott|80/100
|
|-heal|p1a: Whimsicott|86/100|[from] item: Leftovers
|-fieldend|move: Trick Room
|upkeep
|turn|6
|inactive|falconnnn has 120 seconds left.
|
|t:|1743865005
|switch|p2a: Gholdengo|Gholdengo|37/100
|move|p1a: Whimsicott|Encore|p2a: Gholdengo
|-immune|p2a: Gholdengo|[from] ability: Good as Gold
|
|-heal|p1a: Whimsicott|92/100|[from] item: Leftovers
|upkeep
|turn|7
|
|t:|1743865018
|move|p1a: Whimsicott|Protect|p1a: Whimsicott
|-singleturn|p1a: Whimsicott|Protect
|move|p2a: Gholdengo|Recover|p2a: Gholdengo
|-heal|p2a: Gholdengo|87/100
|
|-heal|p1a: Whimsicott|99/100|[from] item: Leftovers
|upkeep
|turn|8
|inactive|falconnnn has 120 seconds left.
|
|t:|1743865030
|switch|p2a: Latias|Latias, F|100/100
|move|p1a: Whimsicott|Leech Seed|p2a: Latias
|-start|p2a: Latias|move: Leech Seed
|
|-heal|p1a: Whimsicott|100/100|[from] item: Leftovers
|-damage|p2a: Latias|88/100|[from] Leech Seed|[of] p1a: Whimsicott
|upkeep
|turn|9
|inactive|falconnnn has 120 seconds left.
|inactive|falconnnn has 90 seconds left.
|inactive|falconnnn has 60 seconds left.
|
|t:|1743865102
|switch|p2a: Gholdengo|Gholdengo|87/100
|move|p1a: Whimsicott|Substitute|p1a: Whimsicott
|-start|p1a: Whimsicott|Substitute
|-damage|p1a: Whimsicott|76/100
|
|-heal|p1a: Whimsicott|82/100|[from] item: Leftovers
|upkeep
|turn|10
|inactive|falconnnn has 60 seconds left.
|
|t:|1743865121
|move|p1a: Whimsicott|Leech Seed|p2a: Gholdengo
|-immune|p2a: Gholdengo|[from] ability: Good as Gold
|move|p2a: Gholdengo|Hex|p1a: Whimsicott
|-end|p1a: Whimsicott|Substitute
|
|-heal|p1a: Whimsicott|88/100|[from] item: Leftovers
|upkeep
|turn|11
|inactive|falconnnn has 60 seconds left.
|
|t:|1743865143
|switch|p1a: Dartrix|Dartrix, F|100/100
|move|p2a: Gholdengo|Hex|p1a: Dartrix
|-damage|p1a: Dartrix|70/100
|
|upkeep
|turn|12
|inactive|falconnnn has 60 seconds left.
|
|t:|1743865177
|move|p2a: Gholdengo|Make It Rain|p1a: Dartrix
|-damage|p1a: Dartrix|12/100
|-unboost|p2a: Gholdengo|spa|1
|move|p1a: Dartrix|Knock Off|p2a: Gholdengo
|-supereffective|p2a: Gholdengo
|-damage|p2a: Gholdengo|65/100
|
|upkeep
|turn|13
|
|t:|1743865189
|move|p2a: Gholdengo|Hex|p1a: Dartrix
|-damage|p1a: Dartrix|0 fnt
|faint|p1a: Dartrix
|
|upkeep
|inactive|Zucar has 120 seconds left.
|
|t:|1743865200
|switch|p1a: Perrserker|Perrserker, M|100/100
|turn|14
|
|t:|1743865228
|switch|p2a: Landorus|Landorus-Therian, M|100/100
|-ability|p2a: Landorus|Intimidate|boost
|-unboost|p1a: Perrserker|atk|1
|move|p1a: Perrserker|Curse|p1a: Perrserker
|-unboost|p1a: Perrserker|spe|1
|-boost|p1a: Perrserker|atk|1
|-boost|p1a: Perrserker|def|1
|
|upkeep
|turn|15
|
|t:|1743865236
|-terastallize|p1a: Perrserker|Flying
|move|p2a: Landorus|Earth Power|p1a: Perrserker
|-damage|p1a: Perrserker|53/100
|move|p1a: Perrserker|Curse|p1a: Perrserker
|-unboost|p1a: Perrserker|spe|1
|-boost|p1a: Perrserker|atk|1
|-boost|p1a: Perrserker|def|1
|
|upkeep
|turn|16
|
|t:|1743865252
|move|p2a: Landorus|Earth Power|p1a: Perrserker
|-damage|p1a: Perrserker|7/100
|move|p1a: Perrserker|Gyro Ball|p2a: Landorus
|-crit|p2a: Landorus
|-damage|p2a: Landorus|0 fnt
|-damage|p1a: Perrserker|0 fnt|[from] item: Rocky Helmet|[of] p2a: Landorus
|faint|p2a: Landorus
|faint|p1a: Perrserker
|
|upkeep
|
|t:|1743865264
|switch|p2a: Latias|Latias, F|88/100
|switch|p1a: Whimsicott|Whimsicott, F|88/100
|turn|17
|
|t:|1743865269
|switch|p2a: Gholdengo|Gholdengo|65/100
|move|p1a: Whimsicott|Substitute|p1a: Whimsicott
|-start|p1a: Whimsicott|Substitute
|-damage|p1a: Whimsicott|63/100
|
|-heal|p1a: Whimsicott|70/100|[from] item: Leftovers
|upkeep
|turn|18
|inactive|falconnnn has 60 seconds left.
|inactive|Zucar has 120 seconds left.
|l|☆Zucar
|inactive|Zucar disconnected and has a minute to reconnect!
|player|p1|
|inactive|Zucar has 30 seconds to reconnect!
|inactive|Zucar has 20 seconds to reconnect!
|inactive|Zucar has 15 seconds to reconnect!
|inactive|Zucar has 10 seconds to reconnect!
|inactive|Zucar has 5 seconds to reconnect!
|-message|Zucar lost due to inactivity.
|
|win|falconnnn
|raw|Zucar's rating: 1223 &rarr; <strong>1202</strong><br />(-21 for losing)
|raw|falconnnn's rating: 1280 &rarr; <strong>1301</strong><br />(+21 for winning)
|l|☆falconnnn
|player|p2|
