|j|☆lulu oui ^^
|j|☆yylz
|t:|1743782884
|gametype|singles
|player|p1|lulu oui ^^|169|1274
|player|p2|yylz|dawn|1221
|teamsize|p1|6
|teamsize|p2|6
|gen|9
|tier|[Gen 9] OU
|rated|
|rule|HP Percentage Mod: HP is shown in percentages
|rule|Endless Battle Clause: Forcing endless battles is banned
|rule|Species Clause: Limit one of each Pokémon
|rule|OHKO Clause: OHKO moves are banned
|rule|Evasion Items Clause: Evasion items are banned
|rule|Evasion Moves Clause: Evasion moves are banned
|rule|Sleep Moves Clause: Sleep-inducing moves are banned
|clearpoke
|poke|p1|Darkrai|
|poke|p1|Samurott-Hisui, F|
|poke|p1|Latios, M|
|poke|p1|Pecharunt|
|poke|p1|Zamazenta-*|
|poke|p1|Landorus-Therian, M|
|poke|p2|Pelipper, M|
|poke|p2|Barraskewda, M|
|poke|p2|Zapdos|
|poke|p2|Corviknight, M|
|poke|p2|Clodsire, F|
|poke|p2|Incineroar, F|
|teampreview
|inactive|Battle timer is ON: inactive players will automatically lose when time's up. (requested by yylz)
|
|t:|1743782893
|start
|switch|p1a: Landorus|Landorus-Therian, M|100/100
|switch|p2a: Zapdos|Zapdos, shiny|100/100
|-ability|p1a: Landorus|Intimidate|boost
|-unboost|p2a: Zapdos|atk|1
|turn|1
|
|t:|1743782903
|switch|p2a: Pelipper|Pelipper, M|100/100
|-weather|RainDance|[from] ability: Drizzle|[of] p2a: Pelipper
|move|p1a: Landorus|Stone Edge|p2a: Pelipper|[miss]
|-miss|p1a: Landorus|p2a: Pelipper
|
|-weather|RainDance|[upkeep]
|upkeep
|turn|2
|
|t:|1743782909
|move|p1a: Landorus|U-turn|p2a: Pelipper
|-resisted|p2a: Pelipper
|-damage|p2a: Pelipper|92/100
|
|t:|1743782912
|switch|p1a: Samurott|Samurott-Hisui, F|100/100|[from] U-turn
|move|p2a: Pelipper|Weather Ball|p1a: Samurott
|-resisted|p1a: Samurott
|-damage|p1a: Samurott|82/100
|
|-weather|RainDance|[upkeep]
|upkeep
|turn|3
|
|t:|1743782922
|switch|p1a: Landorus|Landorus-Therian, M|100/100
|-ability|p1a: Landorus|Intimidate|boost
|-unboost|p2a: Pelipper|atk|1
|switch|p2a: Corviknight|Corviknight, M, shiny|100/100
|-ability|p2a: Corviknight|Pressure
|
|-weather|RainDance|[upkeep]
|upkeep
|turn|4
|
|t:|1743782936
|move|p1a: Landorus|Stealth Rock|p2a: Corviknight
|-sidestart|p2: yylz|move: Stealth Rock
|move|p2a: Corviknight|U-turn|p1a: Landorus
|-resisted|p1a: Landorus
|-damage|p1a: Landorus|94/100
|-damage|p2a: Corviknight|84/100|[from] item: Rocky Helmet|[of] p1a: Landorus
|
|t:|1743782946
|switch|p2a: Barraskewda|Barraskewda, M|100/100|[from] U-turn
|-damage|p2a: Barraskewda|88/100|[from] Stealth Rock
|
|-weather|RainDance|[upkeep]
|upkeep
|turn|5
|
|t:|1743782956
|switch|p1a: Pecharunt|Pecharunt|100/100
|move|p2a: Barraskewda|Close Combat|p1a: Pecharunt
|-immune|p1a: Pecharunt
|
|-weather|RainDance|[upkeep]
|upkeep
|turn|6
|
|t:|1743782965
|switch|p2a: Corviknight|Corviknight, M, shiny|84/100
|-damage|p2a: Corviknight|72/100|[from] Stealth Rock
|-ability|p2a: Corviknight|Pressure
|switch|p1a: Landorus|Landorus-Therian, M|94/100
|-ability|p1a: Landorus|Intimidate|boost
|-unboost|p2a: Corviknight|atk|1
|
|-weather|RainDance|[upkeep]
|upkeep
|turn|7
|
|t:|1743782974
|switch|p1a: Latios|Latios, M|100/100
|move|p2a: Corviknight|Defog|p1a: Latios
|-unboost|p1a: Latios|evasion|1
|-sideend|p2: yylz|Stealth Rock|[from] move: Defog|[of] p2a: Corviknight
|
|-weather|RainDance|[upkeep]
|upkeep
|turn|8
|
|t:|1743782980
|switch|p2a: Incineroar|Incineroar, F, shiny|100/100
|-ability|p2a: Incineroar|Intimidate|boost
|-unboost|p1a: Latios|atk|1
|move|p1a: Latios|Psychic Noise|p2a: Incineroar
|-immune|p2a: Incineroar
|
|-weather|none
|upkeep
|turn|9
|
|t:|1743782986
|switch|p1a: Landorus|Landorus-Therian, M|94/100
|-ability|p1a: Landorus|Intimidate|boost
|-unboost|p2a: Incineroar|atk|1
|move|p2a: Incineroar|Knock Off|p1a: Landorus
|-damage|p1a: Landorus|70/100
|-damage|p2a: Incineroar|84/100|[from] item: Rocky Helmet|[of] p1a: Landorus
|-enditem|p1a: Landorus|Rocky Helmet|[from] move: Knock Off|[of] p2a: Incineroar
|
|upkeep
|turn|10
|
|t:|1743783005
|switch|p2a: Pelipper|Pelipper, M|92/100
|-weather|RainDance|[from] ability: Drizzle|[of] p2a: Pelipper
|move|p1a: Landorus|Stealth Rock|p2a: Pelipper
|-sidestart|p2: yylz|move: Stealth Rock
|
|-weather|RainDance|[upkeep]
|upkeep
|turn|11
|
|t:|1743783016
|move|p1a: Landorus|Stone Edge|p2a: Pelipper
|-supereffective|p2a: Pelipper
|-damage|p2a: Pelipper|40/100
|move|p2a: Pelipper|U-turn|p1a: Landorus
|-resisted|p1a: Landorus
|-damage|p1a: Landorus|66/100
|
|t:|1743783024
|switch|p2a: Barraskewda|Barraskewda, M|88/100|[from] U-turn
|-damage|p2a: Barraskewda|76/100|[from] Stealth Rock
|
|-weather|RainDance|[upkeep]
|upkeep
|turn|12
|
|t:|1743783036
|switch|p1a: Samurott|Samurott-Hisui, F|82/100
|move|p2a: Barraskewda|Flip Turn|p1a: Samurott
|-resisted|p1a: Samurott
|-damage|p1a: Samurott|45/100
|
|t:|1743783045
|switch|p2a: Zapdos|Zapdos, shiny|100/100|[from] Flip Turn
|
|-weather|RainDance|[upkeep]
|upkeep
|turn|13
|
|t:|1743783054
|switch|p1a: Landorus|Landorus-Therian, M|66/100
|-ability|p1a: Landorus|Intimidate|boost
|-unboost|p2a: Zapdos|atk|1
|move|p2a: Zapdos|Volt Switch|p1a: Landorus
|-immune|p1a: Landorus
|
|-weather|RainDance|[upkeep]
|upkeep
|turn|14
|
|t:|1743783066
|move|p2a: Zapdos|Weather Ball|p1a: Landorus
|-supereffective|p1a: Landorus
|-damage|p1a: Landorus|0 fnt
|faint|p1a: Landorus
|
|-weather|RainDance|[upkeep]
|upkeep
|
|t:|1743783073
|switch|p1a: Pecharunt|Pecharunt|100/100
|turn|15
|
|t:|1743783078
|move|p2a: Zapdos|Thunder|p1a: Pecharunt
|-damage|p1a: Pecharunt|47/100
|move|p1a: Pecharunt|Malignant Chain|p2a: Zapdos
|-damage|p2a: Zapdos|67/100
|
|-weather|RainDance|[upkeep]
|upkeep
|turn|16
|
|t:|1743783093
|switch|p1a: Latios|Latios, M|100/100
|move|p2a: Zapdos|Thunder|p1a: Latios
|-resisted|p1a: Latios
|-damage|p1a: Latios|72/100
|
|-weather|RainDance|[upkeep]
|upkeep
|turn|17
|
|t:|1743783109
|move|p1a: Latios|Psychic Noise|p2a: Zapdos
|-damage|p2a: Zapdos|15/100
|-start|p2a: Zapdos|move: Heal Block
|move|p2a: Zapdos|Hurricane|p1a: Latios
|-damage|p1a: Latios|19/100
|
|-weather|none
|upkeep
|turn|18
|
|t:|1743783120
|switch|p2a: Incineroar|Incineroar, F, shiny|84/100
|-ability|p2a: Incineroar|Intimidate|boost
|-unboost|p1a: Latios|atk|1
|move|p1a: Latios|Recover|p1a: Latios
|-heal|p1a: Latios|69/100
|
|upkeep
|turn|19
|
|t:|1743783131
|switch|p1a: Pecharunt|Pecharunt|47/100
|move|p2a: Incineroar|Knock Off|p1a: Pecharunt
|-supereffective|p1a: Pecharunt
|-damage|p1a: Pecharunt|13/100
|-enditem|p1a: Pecharunt|Heavy-Duty Boots|[from] move: Knock Off|[of] p2a: Incineroar
|
|upkeep
|turn|20
|
|t:|1743783141
|switch|p2a: Corviknight|Corviknight, M, shiny|72/100
|-damage|p2a: Corviknight|59/100|[from] Stealth Rock
|-ability|p2a: Corviknight|Pressure
|move|p1a: Pecharunt|Recover|p1a: Pecharunt
|-heal|p1a: Pecharunt|63/100
|
|upkeep
|turn|21
|
|t:|1743783151
|switch|p1a: Latios|Latios, M|69/100
|move|p2a: Corviknight|Defog|p1a: Latios
|-unboost|p1a: Latios|evasion|1
|-sideend|p2: yylz|Stealth Rock|[from] move: Defog|[of] p2a: Corviknight
|
|upkeep
|turn|22
|
|t:|1743783156
|switch|p2a: Incineroar|Incineroar, F, shiny|84/100
|-ability|p2a: Incineroar|Intimidate|boost
|-unboost|p1a: Latios|atk|1
|move|p1a: Latios|Psychic Noise|p2a: Incineroar
|-immune|p2a: Incineroar
|
|upkeep
|turn|23
|
|t:|1743783162
|switch|p1a: Zamazenta|Zamazenta|100/100
|-ability|p1a: Zamazenta|Dauntless Shield|boost
|-boost|p1a: Zamazenta|def|1
|move|p2a: Incineroar|Knock Off|p1a: Zamazenta
|-resisted|p1a: Zamazenta
|-damage|p1a: Zamazenta|90/100
|-enditem|p1a: Zamazenta|Heavy-Duty Boots|[from] move: Knock Off|[of] p2a: Incineroar
|
|upkeep
|turn|24
|
|t:|1743783184
|switch|p1a: Latios|Latios, M|69/100
|switch|p2a: Corviknight|Corviknight, M, shiny|59/100
|-ability|p2a: Corviknight|Pressure
|
|upkeep
|turn|25
|
|t:|1743783192
|switch|p2a: Incineroar|Incineroar, F, shiny|84/100
|-ability|p2a: Incineroar|Intimidate|boost
|-unboost|p1a: Latios|atk|1
|move|p1a: Latios|Draco Meteor|p2a: Incineroar
|-damage|p2a: Incineroar|7/100
|-unboost|p1a: Latios|spa|2
|
|upkeep
|turn|26
|
|t:|1743783211
|switch|p1a: Zamazenta|Zamazenta|90/100
|move|p2a: Incineroar|Knock Off|p1a: Zamazenta
|-resisted|p1a: Zamazenta
|-damage|p1a: Zamazenta|80/100
|
|upkeep
|turn|27
|
|t:|1743783226
|move|p1a: Zamazenta|Crunch|p2a: Incineroar
|-resisted|p2a: Incineroar
|-damage|p2a: Incineroar|0 fnt
|faint|p2a: Incineroar
|
|upkeep
|
|t:|1743783230
|switch|p2a: Corviknight|Corviknight, M, shiny|59/100
|-ability|p2a: Corviknight|Pressure
|turn|28
|
|t:|1743783241
|switch|p1a: Darkrai|Darkrai|100/100
|move|p2a: Corviknight|Roost|p2a: Corviknight
|-heal|p2a: Corviknight|100/100
|-singleturn|p2a: Corviknight|move: Roost
|
|upkeep
|turn|29
|
|t:|1743783254
|move|p1a: Darkrai|Will-O-Wisp|p2a: Corviknight
|-status|p2a: Corviknight|brn
|move|p2a: Corviknight|U-turn|p1a: Darkrai
|-supereffective|p1a: Darkrai
|-damage|p1a: Darkrai|83/100
|
|t:|1743783264
|switch|p2a: Pelipper|Pelipper, M|40/100|[from] U-turn
|-weather|RainDance|[from] ability: Drizzle|[of] p2a: Pelipper
|
|-weather|RainDance|[upkeep]
|upkeep
|turn|30
|
|t:|1743783274
|move|p1a: Darkrai|Dark Pulse|p2a: Pelipper
|-damage|p2a: Pelipper|0 fnt
|faint|p2a: Pelipper
|
|-weather|RainDance|[upkeep]
|upkeep
|
|t:|1743783278
|switch|p2a: Barraskewda|Barraskewda, M|76/100
|turn|31
|
|t:|1743783284
|switch|p1a: Pecharunt|Pecharunt|63/100
|move|p2a: Barraskewda|Liquidation|p1a: Pecharunt
|-crit|p1a: Pecharunt
|-damage|p1a: Pecharunt|0 fnt
|faint|p1a: Pecharunt
|
|-weather|RainDance|[upkeep]
|upkeep
|
|t:|1743783295
|switch|p1a: Zamazenta|Zamazenta|80/100
|turn|32
|
|t:|1743783301
|-terastallize|p2a: Barraskewda|Water
|move|p2a: Barraskewda|Liquidation|p1a: Zamazenta
|-damage|p1a: Zamazenta|0 fnt
|faint|p1a: Zamazenta
|
|-weather|RainDance|[upkeep]
|upkeep
|
|t:|1743783307
|switch|p1a: Latios|Latios, M|69/100
|turn|33
|
|t:|1743783316
|move|p2a: Barraskewda|Liquidation|p1a: Latios
|-resisted|p1a: Latios
|-damage|p1a: Latios|0 fnt
|faint|p1a: Latios
|
|-weather|RainDance|[upkeep]
|upkeep
|-message|lulu oui ^^ forfeited.
|
|win|yylz
|raw|lulu oui ^^'s rating: 1274 &rarr; <strong>1245</strong><br />(-29 for losing)
|raw|yylz's rating: 1221 &rarr; <strong>1250</strong><br />(+29 for winning)
|l|☆lulu oui ^^
|player|p1|
