|j|☆1WunnaGunna
|j|☆hijemijakas
|t:|1743830084
|gametype|singles
|player|p1|1WunnaGunna|unknown|1152
|player|p2|hijemijakas|170|1138
|teamsize|p1|6
|teamsize|p2|6
|gen|9
|tier|[Gen 9] OU
|rated|
|rule|HP Percentage Mod: HP is shown in percentages
|rule|Endless Battle Clause: Forcing endless battles is banned
|rule|Species Clause: Limit one of each Pokémon
|rule|OHKO Clause: OHKO moves are banned
|rule|Evasion Items Clause: Evasion items are banned
|rule|Evasion Moves Clause: Evasion moves are banned
|rule|Sleep Moves Clause: Sleep-inducing moves are banned
|clearpoke
|poke|p1|Decidueye-Hisui, M|
|poke|p1|Iron Treads|
|poke|p1|Ceruledge, M|
|poke|p1|Hydreigon, M|
|poke|p1|Noivern, F|
|poke|p1|Iron Moth|
|poke|p2|Cinderace, F|
|poke|p2|Donphan, M|
|poke|p2|Dondozo, F|
|poke|p2|Darkrai|
|poke|p2|Hitmonchan, M|
|poke|p2|Latias, F|
|teampreview
|inactive|Battle timer is ON: inactive players will automatically lose when time's up. (requested by hijemijakas)
|inactive|1WunnaGunna also wants the timer to be on.
|
|t:|1743830101
|start
|switch|p1a: Benimaru|Ceruledge, M, shiny|100/100
|switch|p2a: Darkrai|Darkrai|100/100
|turn|1
|
|t:|1743830114
|switch|p1a: JEFFERY|Decidueye-Hisui, M, shiny|100/100
|move|p2a: Darkrai|Thunder Wave|p1a: JEFFERY
|-status|p1a: JEFFERY|par
|
|upkeep
|turn|2
|
|t:|1743830125
|switch|p2a: Latias|Latias, F|100/100
|move|p1a: JEFFERY|U-turn|p2a: Latias
|-supereffective|p2a: Latias
|-damage|p2a: Latias|39/100
|
|t:|1743830143
|switch|p1a: Benimaru|Ceruledge, M, shiny|100/100|[from] U-turn
|
|upkeep
|turn|3
|
|t:|1743830172
|move|p2a: Latias|Mist Ball|p1a: Benimaru
|-damage|p1a: Benimaru|44/100
|-unboost|p1a: Benimaru|spa|1
|move|p1a: Benimaru|Swords Dance|p1a: Benimaru
|-boost|p1a: Benimaru|atk|2
|
|upkeep
|turn|4
|
|t:|1743830179
|switch|p2a: Darkrai|Darkrai|100/100
|move|p1a: Benimaru|Shadow Sneak|p2a: Darkrai
|-resisted|p2a: Darkrai
|-damage|p2a: Darkrai|72/100
|
|upkeep
|turn|5
|
|t:|1743830191
|move|p2a: Darkrai|Dark Pulse|p1a: Benimaru
|-supereffective|p1a: Benimaru
|-damage|p1a: Benimaru|0 fnt
|faint|p1a: Benimaru
|
|upkeep
|
|t:|1743830195
|switch|p1a: JEFFERY|Decidueye-Hisui, M, shiny|100/100 par
|turn|6
|
|t:|1743830201
|switch|p2a: Latias|Latias, F|39/100
|cant|p1a: JEFFERY|par
|
|upkeep
|turn|7
|
|t:|1743830222
|switch|p1a: Veldanava|Hydreigon, M|100/100
|move|p2a: Latias|Mist Ball|p1a: Veldanava
|-immune|p1a: Veldanava
|
|upkeep
|turn|8
|inactive|1WunnaGunna has 120 seconds left.
|
|t:|1743830243
|switch|p1a: Tusks|Iron Treads|100/100
|move|p2a: Latias|Dragon Pulse|p1a: Tusks
|-resisted|p1a: Tusks
|-damage|p1a: Tusks|70/100
|
|-heal|p1a: Tusks|76/100|[from] item: Leftovers
|upkeep
|turn|9
|inactive|1WunnaGunna has 120 seconds left.
|
|t:|1743830256
|move|p2a: Latias|Aura Sphere|p1a: Tusks
|-supereffective|p1a: Tusks
|-damage|p1a: Tusks|4/100
|move|p1a: Tusks|Iron Head|p2a: Latias
|-damage|p2a: Latias|0 fnt
|faint|p2a: Latias
|
|-heal|p1a: Tusks|10/100|[from] item: Leftovers
|upkeep
|
|t:|1743830280
|switch|p2a: Cinderace|Cinderace, F|100/100
|turn|10
|
|t:|1743830285
|move|p1a: Tusks|Earthquake|p2a: Cinderace
|-supereffective|p2a: Cinderace
|-enditem|p2a: Cinderace|Focus Sash
|-damage|p2a: Cinderace|1/100
|move|p2a: Cinderace|Trailblaze|p1a: Tusks
|-start|p2a: Cinderace|typechange|Grass|[from] ability: Libero
|-damage|p1a: Tusks|0 fnt
|-boost|p2a: Cinderace|spe|1
|faint|p1a: Tusks
|-end|p1a: Tusks|Quark Drive|[silent]
|
|upkeep
|inactive|1WunnaGunna has 120 seconds left.
|
|t:|1743830314
|switch|p1a: Bugz|Iron Moth|100/100
|-enditem|p1a: Bugz|Booster Energy
|-activate|p1a: Bugz|ability: Quark Drive|[fromitem]
|-start|p1a: Bugz|quarkdrivespe
|turn|11
|
|t:|1743830324
|move|p1a: Bugz|Fiery Dance|p2a: Cinderace
|-supereffective|p2a: Cinderace
|-damage|p2a: Cinderace|0 fnt
|faint|p2a: Cinderace
|
|upkeep
|
|t:|1743830327
|switch|p2a: Hitmonchan|Hitmonchan, M|100/100
|turn|12
|
|t:|1743830340
|-end|p1a: Bugz|Quark Drive|[silent]
|switch|p1a: Velgrynd|Noivern, F, shiny|100/100
|-item|p2a: Hitmonchan|Life Orb|[from] ability: Frisk|[of] p1a: Velgrynd
|move|p2a: Hitmonchan|Fake Out|p1a: Velgrynd
|-damage|p1a: Velgrynd|78/100
|-damage|p2a: Hitmonchan|91/100|[from] item: Life Orb
|
|upkeep
|turn|13
|
|t:|1743830353
|move|p2a: Hitmonchan|Bullet Punch|p1a: Velgrynd
|-damage|p1a: Velgrynd|52/100
|-damage|p2a: Hitmonchan|81/100|[from] item: Life Orb
|move|p1a: Velgrynd|Boomburst|p2a: Hitmonchan
|-damage|p2a: Hitmonchan|29/100
|-enditem|p1a: Velgrynd|Throat Spray
|-boost|p1a: Velgrynd|spa|1|[from] item: Throat Spray
|
|upkeep
|turn|14
|l|☆hijemijakas
|inactive|hijemijakas disconnected and has a minute to reconnect!
|player|p2|
|inactive|hijemijakas has 30 seconds to reconnect!
|inactive|hijemijakas has 20 seconds to reconnect!
|inactive|hijemijakas has 15 seconds to reconnect!
|inactive|hijemijakas has 10 seconds to reconnect!
|inactive|hijemijakas has 5 seconds to reconnect!
|-message|hijemijakas lost due to inactivity.
|
|win|1WunnaGunna
|raw|1WunnaGunna's rating: 1152 &rarr; <strong>1176</strong><br />(+24 for winning)
|raw|hijemijakas's rating: 1138 &rarr; <strong>1114</strong><br />(-24 for losing)
|l|☆1WunnaGunna
|player|p1|
