|j|☆Quintesshou
|j|☆Rhrbbehdhsbbs
|t:|1743876263
|gametype|singles
|player|p1|Quintesshou|clerkf|1054
|player|p2|Rhrbbehdhsbbs|169|1070
|teamsize|p1|6
|teamsize|p2|6
|gen|9
|tier|[Gen 9] OU
|rated|
|rule|HP Percentage Mod: HP is shown in percentages
|rule|Endless Battle Clause: Forcing endless battles is banned
|rule|Species Clause: Limit one of each Pokémon
|rule|OHKO Clause: OHKO moves are banned
|rule|Evasion Items Clause: Evasion items are banned
|rule|Evasion Moves Clause: Evasion moves are banned
|rule|Sleep Moves Clause: Sleep-inducing moves are banned
|clearpoke
|poke|p1|Ninetales-Alola, F|
|poke|p1|Frosmoth, F|
|poke|p1|Cetitan, F|
|poke|p1|Glaceon, F|
|poke|p1|Dewgong, F|
|poke|p1|Abomasnow, F|
|poke|p2|Garganacl, M|
|poke|p2|Weezing-Galar, F|
|poke|p2|Corviknight, M|
|poke|p2|Dragapult, M|
|poke|p2|Slowking-Galar, M|
|poke|p2|Samurott-Hisui, F|
|teampreview
|inactive|Battle timer is ON: inactive players will automatically lose when time's up. (requested by Quintesshou)
|
|t:|1743876271
|start
|switch|p1a: Glaceon|Glaceon, F, shiny|100/100
|switch|p2a: Garganacl|Garganacl, M|100/100
|turn|1
|inactive|Quintesshou has 120 seconds left.
|
|t:|1743876302
|switch|p1a: Abomasnow|Abomasnow, F, shiny|100/100
|-weather|Snowscape|[from] ability: Snow Warning|[of] p1a: Abomasnow
|move|p2a: Garganacl|Stealth Rock|p1a: Abomasnow
|-sidestart|p1: Quintesshou|move: Stealth Rock
|
|-weather|Snowscape|[upkeep]
|upkeep
|turn|2
|inactive|Quintesshou has 120 seconds left.
|
|t:|1743876313
|move|p1a: Abomasnow|Earthquake|p2a: Garganacl
|-supereffective|p2a: Garganacl
|-damage|p2a: Garganacl|64/100
|move|p2a: Garganacl|Salt Cure|p1a: Abomasnow
|-supereffective|p1a: Abomasnow
|-damage|p1a: Abomasnow|80/100
|-start|p1a: Abomasnow|Salt Cure
|
|-weather|Snowscape|[upkeep]
|-heal|p2a: Garganacl|71/100|[from] item: Leftovers
|-damage|p1a: Abomasnow|68/100|[from] Salt Cure
|upkeep
|turn|3
|
|t:|1743876322
|move|p2a: Garganacl|Protect|p2a: Garganacl
|-singleturn|p2a: Garganacl|Protect
|move|p1a: Abomasnow|Earthquake|p2a: Garganacl
|-activate|p2a: Garganacl|move: Protect
|
|-weather|Snowscape|[upkeep]
|-heal|p2a: Garganacl|77/100|[from] item: Leftovers
|-damage|p1a: Abomasnow|55/100|[from] Salt Cure
|upkeep
|turn|4
|
|t:|1743876330
|move|p1a: Abomasnow|Earthquake|p2a: Garganacl
|-supereffective|p2a: Garganacl
|-damage|p2a: Garganacl|35/100
|move|p2a: Garganacl|Recover|p2a: Garganacl
|-heal|p2a: Garganacl|85/100
|
|-weather|Snowscape|[upkeep]
|-heal|p2a: Garganacl|91/100|[from] item: Leftovers
|-damage|p1a: Abomasnow|43/100|[from] Salt Cure
|upkeep
|turn|5
|
|t:|1743876338
|move|p2a: Garganacl|Protect|p2a: Garganacl
|-singleturn|p2a: Garganacl|Protect
|move|p1a: Abomasnow|Aurora Veil|p1a: Abomasnow
|-sidestart|p1: Quintesshou|move: Aurora Veil
|
|-weather|Snowscape|[upkeep]
|-heal|p2a: Garganacl|98/100|[from] item: Leftovers
|-damage|p1a: Abomasnow|30/100|[from] Salt Cure
|upkeep
|turn|6
|
|t:|1743876347
|switch|p1a: Cetitan|Cetitan, F, shiny|100/100
|-damage|p1a: Cetitan|76/100|[from] Stealth Rock
|switch|p2a: Corviknight|Corviknight, M, shiny|100/100
|-ability|p2a: Corviknight|Pressure
|
|-weather|Snowscape|[upkeep]
|upkeep
|turn|7
|
|t:|1743876369
|move|p1a: Cetitan|Icicle Spear|p2a: Corviknight
|-crit|p2a: Corviknight
|-damage|p2a: Corviknight|88/100
|-damage|p2a: Corviknight|82/100
|-damage|p2a: Corviknight|74/100
|-damage|p2a: Corviknight|67/100
|-crit|p2a: Corviknight
|-damage|p2a: Corviknight|56/100
|-hitcount|p2a: Corviknight|5
|move|p2a: Corviknight|Iron Defense|p2a: Corviknight
|-boost|p2a: Corviknight|def|2
|
|-weather|Snowscape|[upkeep]
|upkeep
|turn|8
|
|t:|1743876384
|switch|p1a: Dewgong|Dewgong, F, shiny|100/100
|-damage|p1a: Dewgong|76/100|[from] Stealth Rock
|move|p2a: Corviknight|Roost|p2a: Corviknight
|-heal|p2a: Corviknight|100/100
|-singleturn|p2a: Corviknight|move: Roost
|
|-weather|none
|-heal|p1a: Dewgong|82/100|[from] item: Leftovers
|upkeep
|turn|9
|
|t:|1743876393
|move|p1a: Dewgong|Perish Song|p1a: Dewgong
|-start|p1a: Dewgong|perish3|[silent]
|-start|p2a: Corviknight|perish3|[silent]
|-fieldactivate|move: Perish Song
|move|p2a: Corviknight|Body Press|p1a: Dewgong
|-supereffective|p1a: Dewgong
|-damage|p1a: Dewgong|27/100
|
|-heal|p1a: Dewgong|34/100|[from] item: Leftovers
|-start|p1a: Dewgong|perish3
|-start|p2a: Corviknight|perish3
|-sideend|p1: Quintesshou|move: Aurora Veil
|upkeep
|turn|10
|
|t:|1743876403
|switch|p2a: Samurott|Samurott-Hisui, F, shiny|100/100
|move|p1a: Dewgong|Protect||[still]
|-fail|p1a: Dewgong
|
|-heal|p1a: Dewgong|40/100|[from] item: Leftovers
|-start|p1a: Dewgong|perish2
|upkeep
|turn|11
|
|t:|1743876415
|move|p2a: Samurott|Ceaseless Edge|p1a: Dewgong
|-damage|p1a: Dewgong|0 fnt
|-sidestart|p1: Quintesshou|Spikes
|faint|p1a: Dewgong
|
|upkeep
|
|t:|1743876428
|switch|p1a: Frosmoth|Frosmoth, F, shiny|100/100
|turn|12
|
|t:|1743876433
|move|p2a: Samurott|Ceaseless Edge|p1a: Frosmoth
|-damage|p1a: Frosmoth|39/100
|-sidestart|p1: Quintesshou|Spikes
|move|p1a: Frosmoth|Defog|p2a: Samurott
|-unboost|p2a: Samurott|evasion|1
|-sideend|p1: Quintesshou|Spikes|[from] move: Defog|[of] p1a: Frosmoth
|-sideend|p1: Quintesshou|Stealth Rock|[from] move: Defog|[of] p1a: Frosmoth
|
|upkeep
|turn|13
|
|t:|1743876442
|switch|p1a: Ninetales|Ninetales-Alola, F, shiny|100/100
|-weather|Snowscape|[from] ability: Snow Warning|[of] p1a: Ninetales
|move|p2a: Samurott|Ceaseless Edge|p1a: Ninetales
|-resisted|p1a: Ninetales
|-damage|p1a: Ninetales|78/100
|-sidestart|p1: Quintesshou|Spikes
|
|-weather|Snowscape|[upkeep]
|upkeep
|turn|14
|
|t:|1743876452
|switch|p2a: Garganacl|Garganacl, M|98/100
|move|p1a: Ninetales|Aurora Veil|p1a: Ninetales
|-sidestart|p1: Quintesshou|move: Aurora Veil
|
|-weather|Snowscape|[upkeep]
|-heal|p2a: Garganacl|100/100|[from] item: Leftovers
|upkeep
|turn|15
|
|t:|1743876460
|move|p1a: Ninetales|Blizzard|p2a: Garganacl
|-damage|p2a: Garganacl|71/100
|move|p2a: Garganacl|Stealth Rock|p1a: Ninetales
|-sidestart|p1: Quintesshou|move: Stealth Rock
|
|-weather|Snowscape|[upkeep]
|-heal|p2a: Garganacl|77/100|[from] item: Leftovers
|upkeep
|turn|16
|
|t:|1743876467
|move|p1a: Ninetales|Blizzard|p2a: Garganacl
|-damage|p2a: Garganacl|48/100
|move|p2a: Garganacl|Salt Cure|p1a: Ninetales
|-supereffective|p1a: Ninetales
|-damage|p1a: Ninetales|63/100
|-start|p1a: Ninetales|Salt Cure
|
|-weather|Snowscape|[upkeep]
|-heal|p2a: Garganacl|54/100|[from] item: Leftovers
|-damage|p1a: Ninetales|51/100|[from] Salt Cure
|upkeep
|turn|17
|
|t:|1743876484
|switch|p1a: Glaceon|Glaceon, F, shiny|100/100
|-damage|p1a: Glaceon|88/100|[from] Spikes
|-damage|p1a: Glaceon|63/100|[from] Stealth Rock
|move|p2a: Garganacl|Protect||[still]
|-fail|p2a: Garganacl
|
|-weather|none
|-heal|p2a: Garganacl|60/100|[from] item: Leftovers
|upkeep
|turn|18
|
|t:|1743876492
|switch|p2a: Slowking|Slowking-Galar, M|100/100
|move|p1a: Glaceon|Wish|p1a: Glaceon
|
|upkeep
|turn|19
|
|t:|1743876502
|-terastallize|p1a: Glaceon|Ground
|move|p1a: Glaceon|Tera Blast|p2a: Slowking|[anim] Tera Blast Ground
|-supereffective|p2a: Slowking
|-damage|p2a: Slowking|51/100
|-damage|p1a: Glaceon|53/100|[from] item: Life Orb
|move|p2a: Slowking|Psychic Noise|p1a: Glaceon
|-damage|p1a: Glaceon|32/100
|-start|p1a: Glaceon|move: Heal Block
|
|upkeep
|turn|20
|
|t:|1743876515
|switch|p2a: Samurott|Samurott-Hisui, F, shiny|100/100
|move|p1a: Glaceon|Tera Blast|p2a: Samurott|[anim] Tera Blast Ground
|-damage|p2a: Samurott|8/100
|-damage|p1a: Glaceon|22/100|[from] item: Life Orb
|
|-end|p1a: Glaceon|move: Heal Block
|upkeep
|turn|21
|
|t:|1743876526
|move|p2a: Samurott|Ceaseless Edge|p1a: Glaceon
|-damage|p1a: Glaceon|0 fnt
|-sidestart|p1: Quintesshou|Spikes
|faint|p1a: Glaceon
|
|-sideend|p1: Quintesshou|move: Aurora Veil
|upkeep
|
|t:|1743876534
|switch|p1a: Ninetales|Ninetales-Alola, F, shiny|51/100
|-damage|p1a: Ninetales|34/100|[from] Spikes
|-damage|p1a: Ninetales|9/100|[from] Stealth Rock
|-weather|Snowscape|[from] ability: Snow Warning|[of] p1a: Ninetales
|turn|22
|
|t:|1743876540
|move|p2a: Samurott|Ceaseless Edge|p1a: Ninetales|[miss]
|-miss|p2a: Samurott|p1a: Ninetales
|move|p1a: Ninetales|Aurora Veil|p1a: Ninetales
|-sidestart|p1: Quintesshou|move: Aurora Veil
|
|-weather|Snowscape|[upkeep]
|upkeep
|turn|23
|
|t:|1743876545
|switch|p2a: Slowking|Slowking-Galar, M|84/100
|move|p1a: Ninetales|Draining Kiss|p2a: Slowking
|-resisted|p2a: Slowking
|-damage|p2a: Slowking|80/100
|-heal|p1a: Ninetales|14/100|[from] drain|[of] p2a: Slowking
|
|-weather|Snowscape|[upkeep]
|upkeep
|turn|24
|
|t:|1743876555
|move|p1a: Ninetales|Blizzard|p2a: Slowking
|-damage|p2a: Slowking|62/100
|move|p2a: Slowking|Future Sight|p1a: Ninetales
|-start|p2a: Slowking|move: Future Sight
|
|-weather|Snowscape|[upkeep]
|upkeep
|turn|25
|
|t:|1743876561
|switch|p2a: Garganacl|Garganacl, M|60/100
|move|p1a: Ninetales|Blizzard|p2a: Garganacl
|-damage|p2a: Garganacl|33/100
|
|-weather|Snowscape|[upkeep]
|-heal|p2a: Garganacl|40/100|[from] item: Leftovers
|upkeep
|turn|26
|
|t:|1743876568
|move|p1a: Ninetales|Blizzard|p2a: Garganacl
|-damage|p2a: Garganacl|10/100
|move|p2a: Garganacl|Recover|p2a: Garganacl
|-heal|p2a: Garganacl|60/100
|
|-weather|none
|-end|p1a: Ninetales|move: Future Sight
|-damage|p1a: Ninetales|0 fnt
|faint|p1a: Ninetales
|-heal|p2a: Garganacl|67/100|[from] item: Leftovers
|upkeep
|
|t:|1743876580
|switch|p1a: Frosmoth|Frosmoth, F, shiny|39/100
|turn|27
|
|t:|1743876583
|move|p1a: Frosmoth|Defog|p2a: Garganacl
|-unboost|p2a: Garganacl|evasion|1
|-sideend|p1: Quintesshou|Spikes|[from] move: Defog|[of] p1a: Frosmoth
|-sideend|p1: Quintesshou|Stealth Rock|[from] move: Defog|[of] p1a: Frosmoth
|move|p2a: Garganacl|Salt Cure|p1a: Frosmoth
|-supereffective|p1a: Frosmoth
|-damage|p1a: Frosmoth|0 fnt
|faint|p1a: Frosmoth
|
|-heal|p2a: Garganacl|73/100|[from] item: Leftovers
|upkeep
|
|t:|1743876592
|switch|p1a: Abomasnow|Abomasnow, F, shiny|30/100
|-weather|Snowscape|[from] ability: Snow Warning|[of] p1a: Abomasnow
|turn|28
|
|t:|1743876596
|move|p1a: Abomasnow|Wood Hammer|p2a: Garganacl
|-supereffective|p2a: Garganacl
|-damage|p2a: Garganacl|0 fnt
|faint|p2a: Garganacl
|-damage|p1a: Abomasnow|5/100|[from] Recoil
|
|-weather|Snowscape|[upkeep]
|upkeep
|
|t:|1743876600
|switch|p2a: Dragapult|Dragapult, M, shiny|100/100
|turn|29
|
|t:|1743876610
|move|p2a: Dragapult|U-turn|p1a: Abomasnow
|-supereffective|p1a: Abomasnow
|-damage|p1a: Abomasnow|0 fnt
|faint|p1a: Abomasnow
|
|t:|1743876613
|switch|p2a: Corviknight|Corviknight, M, shiny|100/100|[from] U-turn
|-ability|p2a: Corviknight|Pressure
|
|-weather|Snowscape|[upkeep]
|-sideend|p1: Quintesshou|move: Aurora Veil
|upkeep
|
|t:|1743876618
|switch|p1a: Cetitan|Cetitan, F, shiny|76/100
|turn|30
|
|t:|1743876632
|move|p1a: Cetitan|Belly Drum|p1a: Cetitan
|-damage|p1a: Cetitan|26/100
|-setboost|p1a: Cetitan|atk|6|[from] move: Belly Drum
|-enditem|p1a: Cetitan|Sitrus Berry|[eat]
|-heal|p1a: Cetitan|50/100|[from] item: Sitrus Berry
|move|p2a: Corviknight|Iron Defense|p2a: Corviknight
|-boost|p2a: Corviknight|def|2
|
|-weather|Snowscape|[upkeep]
|upkeep
|turn|31
|
|t:|1743876654
|move|p1a: Cetitan|Knock Off|p2a: Corviknight
|-crit|p2a: Corviknight
|-damage|p2a: Corviknight|0 fnt
|-damage|p1a: Cetitan|34/100|[from] item: Rocky Helmet|[of] p2a: Corviknight
|-enditem|p2a: Corviknight|Rocky Helmet|[from] move: Knock Off|[of] p1a: Cetitan
|faint|p2a: Corviknight
|
|-weather|Snowscape|[upkeep]
|upkeep
|
|t:|1743876666
|switch|p2a: Slowking|Slowking-Galar, M|96/100
|turn|32
|
|t:|1743876676
|switch|p2a: Samurott|Samurott-Hisui, F, shiny|8/100
|move|p1a: Cetitan|Earthquake|p2a: Samurott
|-damage|p2a: Samurott|0 fnt
|faint|p2a: Samurott
|
|-weather|Snowscape|[upkeep]
|upkeep
|
|t:|1743876679
|switch|p2a: Weezing|Weezing-Galar, F|100/100
|-ability|p2a: Weezing|Neutralizing Gas
|turn|33
|
|t:|1743876706
|-terastallize|p2a: Weezing|Grass
|move|p1a: Cetitan|Icicle Spear|p2a: Weezing
|-supereffective|p2a: Weezing
|-damage|p2a: Weezing|44/100
|-supereffective|p2a: Weezing
|-damage|p2a: Weezing|0 fnt
|faint|p2a: Weezing
|-end|p2a: Weezing|ability: Neutralizing Gas
|-hitcount|p2: Weezing|2
|
|-weather|Snowscape|[upkeep]
|upkeep
|
|t:|1743876712
|switch|p2a: Slowking|Slowking-Galar, M|100/100
|turn|34
|
|t:|1743876718
|move|p1a: Cetitan|Earthquake|p2a: Slowking
|-supereffective|p2a: Slowking
|-damage|p2a: Slowking|0 fnt
|faint|p2a: Slowking
|
|-weather|Snowscape|[upkeep]
|upkeep
|
|t:|1743876719
|switch|p2a: Dragapult|Dragapult, M, shiny|100/100
|turn|35
|
|t:|1743876737
|move|p1a: Cetitan|Knock Off|p2a: Dragapult
|-supereffective|p2a: Dragapult
|-damage|p2a: Dragapult|0 fnt
|-enditem|p2a: Dragapult|Heavy-Duty Boots|[from] move: Knock Off|[of] p1a: Cetitan
|faint|p2a: Dragapult
|
|win|Quintesshou
|raw|Quintesshou's rating: 1054 &rarr; <strong>1087</strong><br />(+33 for winning)
|raw|Rhrbbehdhsbbs's rating: 1070 &rarr; <strong>1049</strong><br />(-21 for losing)
|l|☆Rhrbbehdhsbbs
|player|p2|
