|j|☆rrbrru
|j|☆Queijolol
|t:|1743858548
|gametype|singles
|player|p1|rrbrru|roxie|1438
|player|p2|Queijolol|carmine-festival|1451
|teamsize|p1|6
|teamsize|p2|6
|gen|9
|tier|[Gen 9] OU
|rated|
|rule|HP Percentage Mod: HP is shown in percentages
|rule|Endless Battle Clause: Forcing endless battles is banned
|rule|Species Clause: Limit one of each Pokémon
|rule|OHKO Clause: OHKO moves are banned
|rule|Evasion Items Clause: Evasion items are banned
|rule|Evasion Moves Clause: Evasion moves are banned
|rule|Sleep Moves Clause: Sleep-inducing moves are banned
|clearpoke
|poke|p1|Moltres|
|poke|p1|Iron Valiant|
|poke|p1|Dragonite, F|
|poke|p1|Zangoose, M|
|poke|p1|Iron Treads|
|poke|p1|Zamazenta-*|
|poke|p2|Kingambit, F|
|poke|p2|Kyurem|
|poke|p2|Pecharunt|
|poke|p2|Great Tusk|
|poke|p2|Ting-Lu|
|poke|p2|Iron Valiant|
|teampreview
|
|t:|1743858554
|start
|switch|p1a: Moltres|Moltres|100/100
|switch|p2a: Pecharunt|Pecharunt|100/100
|turn|1
|
|t:|1743858578
|move|p2a: Pecharunt|Malignant Chain|p1a: Moltres
|-damage|p1a: Moltres|68/100
|-status|p1a: Moltres|tox
|-start|p1a: Moltres|confusion|[from] ability: Poison Puppeteer|[of] p2a: Pecharunt
|-activate|p1a: Moltres|confusion
|-damage|p1a: Moltres|59/100 tox|[from] confusion
|
|-damage|p1a: Moltres|53/100 tox|[from] psn
|upkeep
|turn|2
|
|t:|1743858583
|move|p2a: Pecharunt|Hex|p1a: Moltres
|-damage|p1a: Moltres|13/100 tox
|-end|p1a: Moltres|confusion
|move|p1a: Moltres|Hurricane|p2a: Pecharunt|[miss]
|-miss|p1a: Moltres|p2a: Pecharunt
|
|-damage|p1a: Moltres|1/100 tox|[from] psn
|upkeep
|turn|3
|
|t:|1743858587
|move|p2a: Pecharunt|Hex|p1a: Moltres
|-damage|p1a: Moltres|0 fnt
|faint|p1a: Moltres
|
|upkeep
|
|t:|1743858590
|switch|p1a: Zangoose|Zangoose, M|100/100
|turn|4
|
|t:|1743858594
|move|p1a: Zangoose|Switcheroo|p2a: Pecharunt
|-activate|p1a: Zangoose|move: Trick|[of] p2a: Pecharunt
|-item|p2a: Pecharunt|Choice Scarf|[from] move: Switcheroo
|-item|p1a: Zangoose|Heavy-Duty Boots|[from] move: Switcheroo
|move|p2a: Pecharunt|Parting Shot|p1a: Zangoose
|-unboost|p1a: Zangoose|atk|1
|-unboost|p1a: Zangoose|spa|1
|
|t:|1743858603
|switch|p2a: Kyurem|Kyurem|100/100|[from] Parting Shot
|-ability|p2a: Kyurem|Pressure
|
|upkeep
|turn|5
|
|t:|1743858617
|-terastallize|p2a: Kyurem|Ice
|move|p2a: Kyurem|Ice Beam|p1a: Zangoose
|-damage|p1a: Zangoose|0 fnt
|faint|p1a: Zangoose
|
|upkeep
|
|t:|1743858624
|switch|p1a: Zamazenta|Zamazenta|100/100
|-ability|p1a: Zamazenta|Dauntless Shield|boost
|-boost|p1a: Zamazenta|def|1
|turn|6
|
|t:|1743858627
|switch|p2a: Pecharunt|Pecharunt|100/100
|move|p1a: Zamazenta|Close Combat|p2a: Pecharunt
|-immune|p2a: Pecharunt
|
|upkeep
|turn|7
|
|t:|1743858630
|switch|p1a: Iron Treads|Iron Treads|100/100
|-item|p1a: Iron Treads|Air Balloon
|move|p2a: Pecharunt|Parting Shot|p1a: Iron Treads
|-unboost|p1a: Iron Treads|atk|1
|-unboost|p1a: Iron Treads|spa|1
|
|t:|1743858632
|switch|p2a: Kyurem|Kyurem, tera:Ice|100/100|[from] Parting Shot
|-ability|p2a: Kyurem|Pressure
|
|upkeep
|turn|8
|
|t:|1743858636
|move|p1a: Iron Treads|Knock Off|p2a: Kyurem
|-damage|p2a: Kyurem|83/100
|-enditem|p2a: Kyurem|Choice Specs|[from] move: Knock Off|[of] p1a: Iron Treads
|move|p2a: Kyurem|Ice Beam|p1a: Iron Treads
|-damage|p1a: Iron Treads|12/100
|-enditem|p1a: Iron Treads|Air Balloon
|
|upkeep
|turn|9
|
|t:|1743858641
|switch|p2a: Great Tusk|Great Tusk|100/100
|move|p1a: Iron Treads|Earthquake|p2a: Great Tusk
|-damage|p2a: Great Tusk|77/100
|
|upkeep
|turn|10
|
|t:|1743858663
|-end|p1a: Iron Treads|Quark Drive|[silent]
|switch|p1a: Zamazenta|Zamazenta|100/100
|move|p2a: Great Tusk|Rapid Spin|p1a: Zamazenta
|-damage|p1a: Zamazenta|86/100
|-boost|p2a: Great Tusk|spe|1
|
|upkeep
|turn|11
|
|t:|1743858686
|-end|p2a: Great Tusk|Protosynthesis|[silent]
|switch|p2a: Iron Valiant|Iron Valiant|100/100
|-enditem|p2a: Iron Valiant|Booster Energy
|-activate|p2a: Iron Valiant|ability: Quark Drive|[fromitem]
|-start|p2a: Iron Valiant|quarkdrivespe
|move|p1a: Zamazenta|Crunch|p2a: Iron Valiant
|-resisted|p2a: Iron Valiant
|-damage|p2a: Iron Valiant|88/100
|
|upkeep
|turn|12
|
|t:|1743858691
|switch|p1a: Iron Treads|Iron Treads|12/100
|move|p2a: Iron Valiant|Moonblast|p1a: Iron Treads
|-resisted|p1a: Iron Treads
|-damage|p1a: Iron Treads|0 fnt
|faint|p1a: Iron Treads
|-end|p1a: Iron Treads|Quark Drive|[silent]
|
|upkeep
|
|t:|1743858722
|switch|p1a: Dragonite|Dragonite, F|100/100
|turn|13
|
|t:|1743858728
|-terastallize|p1a: Dragonite|Fire
|move|p2a: Iron Valiant|Moonblast|p1a: Dragonite
|-resisted|p1a: Dragonite
|-damage|p1a: Dragonite|89/100
|move|p1a: Dragonite|Dragon Dance|p1a: Dragonite
|-boost|p1a: Dragonite|atk|1
|-boost|p1a: Dragonite|spe|1
|
|upkeep
|turn|14
|
|t:|1743858730
|move|p1a: Dragonite|Extreme Speed|p2a: Iron Valiant
|-damage|p2a: Iron Valiant|29/100
|move|p2a: Iron Valiant|Encore|p1a: Dragonite
|-start|p1a: Dragonite|Encore
|
|upkeep
|turn|15
|
|t:|1743858733
|-end|p2a: Iron Valiant|Quark Drive|[silent]
|switch|p2a: Pecharunt|Pecharunt|100/100
|move|p1a: Dragonite|Extreme Speed|p2a: Pecharunt
|-immune|p2a: Pecharunt
|
|upkeep
|turn|16
|
|t:|1743858738
|switch|p1a: Iron Valiant|Iron Valiant|100/100
|-enditem|p1a: Iron Valiant|Booster Energy
|-activate|p1a: Iron Valiant|ability: Quark Drive|[fromitem]
|-start|p1a: Iron Valiant|quarkdrivespe
|move|p2a: Pecharunt|Malignant Chain|p1a: Iron Valiant
|-supereffective|p1a: Iron Valiant
|-damage|p1a: Iron Valiant|0 fnt
|faint|p1a: Iron Valiant
|-end|p1a: Iron Valiant|Quark Drive|[silent]
|
|upkeep
|-message|rrbrru forfeited.
|
|win|Queijolol
|raw|rrbrru's rating: 1419 &rarr; <strong>1401</strong><br />(-18 for losing)
|raw|Queijolol's rating: 1451 &rarr; <strong>1469</strong><br />(+18 for winning)
|l|☆rrbrru
|player|p1|
|l|☆Queijolol
|player|p2|
