|j|☆moronicmonki
|j|☆tdd20070515兹伏奇大吾
|t:|1743785817
|gametype|singles
|player|p1|moronicmonki|iris-gen5bw2|1515
|player|p2|tdd20070515兹伏奇大吾|steven-masters2|1455
|teamsize|p1|6
|teamsize|p2|6
|gen|9
|tier|[Gen 9] OU
|rated|
|rule|HP Percentage Mod: HP is shown in percentages
|rule|Endless Battle Clause: Forcing endless battles is banned
|rule|Species Clause: Limit one of each Pokémon
|rule|OHKO Clause: OHKO moves are banned
|rule|Evasion Items Clause: Evasion items are banned
|rule|Evasion Moves Clause: Evasion moves are banned
|rule|Sleep Moves Clause: Sleep-inducing moves are banned
|clearpoke
|poke|p1|Iron Valiant|
|poke|p1|Rillaboom, M|
|poke|p1|Arcanine-Hisui, F|
|poke|p1|Primarina, F|
|poke|p1|Kingambit, F|
|poke|p1|Corviknight, M|
|poke|p2|Great Tusk|
|poke|p2|Alomomola, F|
|poke|p2|Hydreigon, F|
|poke|p2|Metagross|
|poke|p2|Sinistcha-Masterpiece|
|poke|p2|Zamazenta-*|
|teampreview
|c|☆moronicmonki|for the best of three
|c|☆moronicmonki|glfh
|
|t:|1743785860
|start
|switch|p1a: Corviknight|Corviknight, M|100/100
|switch|p2a: 大吾私人保姆|Alomomola, F|100/100
|-ability|p1a: Corviknight|Pressure
|turn|1
|
|t:|1743785864
|move|p1a: Corviknight|U-turn|p2a: 大吾私人保姆
|-damage|p2a: 大吾私人保姆|90/100
|
|t:|1743785867
|switch|p1a: Rillaboom|Rillaboom, M|100/100|[from] U-turn
|-fieldstart|move: Grassy Terrain|[from] ability: Grassy Surge|[of] p1a: Rillaboom
|move|p2a: 大吾私人保姆|Flip Turn|p1a: Rillaboom
|-resisted|p1a: Rillaboom
|-damage|p1a: Rillaboom|93/100
|
|t:|1743785873
|switch|p2a: Zamazenta|Zamazenta|100/100|[from] Flip Turn
|-ability|p2a: Zamazenta|Dauntless Shield|boost
|-boost|p2a: Zamazenta|def|1
|
|-heal|p1a: Rillaboom|99/100|[from] Grassy Terrain
|upkeep
|turn|2
|inactive|Battle timer is ON: inactive players will automatically lose when time's up. (requested by moronicmonki)
|
|t:|1743785879
|move|p2a: Zamazenta|Close Combat|p1a: Rillaboom
|-damage|p1a: Rillaboom|6/100
|-unboost|p2a: Zamazenta|def|1
|-unboost|p2a: Zamazenta|spd|1
|move|p1a: Rillaboom|Knock Off|p2a: Zamazenta
|-resisted|p2a: Zamazenta
|-crit|p2a: Zamazenta
|-damage|p2a: Zamazenta|74/100
|-enditem|p2a: Zamazenta|Choice Band|[from] move: Knock Off|[of] p1a: Rillaboom
|
|-heal|p2a: Zamazenta|80/100|[from] Grassy Terrain
|-heal|p1a: Rillaboom|12/100|[from] Grassy Terrain
|upkeep
|turn|3
|
|t:|1743785890
|switch|p1a: Corviknight|Corviknight, M|100/100
|-ability|p1a: Corviknight|Pressure
|move|p2a: Zamazenta|Close Combat|p1a: Corviknight
|-damage|p1a: Corviknight|61/100
|-unboost|p2a: Zamazenta|def|1
|-unboost|p2a: Zamazenta|spd|1
|-damage|p2a: Zamazenta|63/100|[from] item: Rocky Helmet|[of] p1a: Corviknight
|
|-heal|p2a: Zamazenta|70/100|[from] Grassy Terrain
|upkeep
|turn|4
|
|t:|1743785900
|switch|p2a: 灭世魔龙|Hydreigon, F|100/100
|move|p1a: Corviknight|Roost|p1a: Corviknight
|-heal|p1a: Corviknight|100/100
|-singleturn|p1a: Corviknight|move: Roost
|
|upkeep
|turn|5
|
|t:|1743785904
|switch|p1a: Primarina|Primarina, F|100/100
|move|p2a: 灭世魔龙|Fire Blast|p1a: Primarina
|-resisted|p1a: Primarina
|-damage|p1a: Primarina|83/100
|-status|p1a: Primarina|brn
|
|-heal|p1a: Primarina|90/100 brn|[from] Grassy Terrain
|-damage|p1a: Primarina|83/100 brn|[from] brn
|upkeep
|turn|6
|
|t:|1743785911
|switch|p2a: 大吾私人保姆|Alomomola, F|100/100
|move|p1a: Primarina|Flip Turn|p2a: 大吾私人保姆
|-resisted|p2a: 大吾私人保姆
|-damage|p2a: 大吾私人保姆|98/100
|
|t:|1743785914
|switch|p1a: Rillaboom|Rillaboom, M|12/100|[from] Flip Turn
|
|-heal|p1a: Rillaboom|18/100|[from] Grassy Terrain
|-heal|p2a: 大吾私人保姆|100/100|[from] Grassy Terrain
|upkeep
|turn|7
|
|t:|1743785921
|switch|p2a: Zamazenta|Zamazenta|70/100
|move|p1a: Rillaboom|Knock Off|p2a: Zamazenta
|-resisted|p2a: Zamazenta
|-damage|p2a: Zamazenta|58/100
|
|-heal|p2a: Zamazenta|65/100|[from] Grassy Terrain
|-heal|p1a: Rillaboom|24/100|[from] Grassy Terrain
|upkeep
|turn|8
|
|t:|1743785926
|switch|p1a: Corviknight|Corviknight, M|100/100
|-ability|p1a: Corviknight|Pressure
|move|p2a: Zamazenta|Close Combat|p1a: Corviknight
|-damage|p1a: Corviknight|59/100
|-unboost|p2a: Zamazenta|def|1
|-unboost|p2a: Zamazenta|spd|1
|-damage|p2a: Zamazenta|48/100|[from] item: Rocky Helmet|[of] p1a: Corviknight
|
|-heal|p2a: Zamazenta|54/100|[from] Grassy Terrain
|-fieldend|move: Grassy Terrain
|upkeep
|turn|9
|
|t:|1743785934
|switch|p2a: 灭世魔龙|Hydreigon, F|100/100
|move|p1a: Corviknight|Roost|p1a: Corviknight
|-heal|p1a: Corviknight|100/100
|-singleturn|p1a: Corviknight|move: Roost
|
|upkeep
|turn|10
|
|t:|1743785938
|switch|p1a: Primarina|Primarina, F|83/100 brn
|move|p2a: 灭世魔龙|Earth Power|p1a: Primarina
|-damage|p1a: Primarina|55/100 brn
|
|-damage|p1a: Primarina|49/100 brn|[from] brn
|upkeep
|turn|11
|
|t:|1743785944
|switch|p2a: 大吾私人保姆|Alomomola, F|100/100
|move|p1a: Primarina|Moonblast|p2a: 大吾私人保姆
|-damage|p2a: 大吾私人保姆|41/100
|
|-damage|p1a: Primarina|43/100 brn|[from] brn
|upkeep
|turn|12
|
|t:|1743785950
|switch|p1a: Arcanine|Arcanine-Hisui, F|100/100
|-ability|p1a: Arcanine|Intimidate|boost
|-unboost|p2a: 大吾私人保姆|atk|1
|move|p2a: 大吾私人保姆|Protect||[still]
|-fail|p2a: 大吾私人保姆
|
|upkeep
|turn|13
|
|t:|1743785958
|move|p1a: Arcanine|Stealth Rock|p2a: 大吾私人保姆
|-sidestart|p2: tdd20070515兹伏奇大吾|move: Stealth Rock
|move|p2a: 大吾私人保姆|Flip Turn|p1a: Arcanine
|-supereffective|p1a: Arcanine
|-damage|p1a: Arcanine|70/100
|
|t:|1743785970
|switch|p2a: 灭世魔龙|Hydreigon, F|100/100|[from] Flip Turn
|-damage|p2a: 灭世魔龙|88/100|[from] Stealth Rock
|
|upkeep
|turn|14
|
|t:|1743785977
|switch|p1a: Kingambit|Kingambit, F|100/100
|move|p2a: 灭世魔龙|Earth Power|p1a: Kingambit
|-supereffective|p1a: Kingambit
|-damage|p1a: Kingambit|31/100
|-unboost|p1a: Kingambit|spd|1
|
|-heal|p1a: Kingambit|37/100|[from] item: Leftovers
|upkeep
|turn|15
|
|t:|1743785984
|-end|p1a: Kingambit|fallenundefined|[silent]
|switch|p1a: Corviknight|Corviknight, M|100/100
|-ability|p1a: Corviknight|Pressure
|move|p2a: 灭世魔龙|Fire Blast|p1a: Corviknight
|-supereffective|p1a: Corviknight
|-damage|p1a: Corviknight|21/100
|
|upkeep
|turn|16
|
|t:|1743785992
|-terastallize|p1a: Corviknight|Dragon
|move|p2a: 灭世魔龙|Fire Blast|p1a: Corviknight|[miss]
|-miss|p2a: 灭世魔龙|p1a: Corviknight
|move|p1a: Corviknight|Roost|p1a: Corviknight
|-heal|p1a: Corviknight|71/100
|
|upkeep
|turn|17
|
|t:|1743785997
|switch|p1a: Primarina|Primarina, F|43/100 brn
|move|p2a: 灭世魔龙|Earth Power|p1a: Primarina
|-damage|p1a: Primarina|18/100 brn
|
|-damage|p1a: Primarina|11/100 brn|[from] brn
|upkeep
|turn|18
|
|t:|1743786002
|move|p2a: 灭世魔龙|Earth Power|p1a: Primarina
|-damage|p1a: Primarina|0 fnt
|faint|p1a: Primarina
|
|upkeep
|
|t:|1743786004
|switch|p1a: Iron Valiant|Iron Valiant|100/100
|-enditem|p1a: Iron Valiant|Booster Energy
|-activate|p1a: Iron Valiant|ability: Quark Drive|[fromitem]
|-start|p1a: Iron Valiant|quarkdrivespe
|turn|19
|
|t:|1743786008
|switch|p2a: 最后我第一，又强又厉害|Metagross|100/100
|-damage|p2a: 最后我第一，又强又厉害|94/100|[from] Stealth Rock
|move|p1a: Iron Valiant|Calm Mind|p1a: Iron Valiant
|-boost|p1a: Iron Valiant|spa|1
|-boost|p1a: Iron Valiant|spd|1
|
|-heal|p2a: 最后我第一，又强又厉害|100/100|[from] item: Leftovers
|upkeep
|turn|20
|
|t:|1743786017
|-end|p1a: Iron Valiant|Quark Drive|[silent]
|switch|p1a: Arcanine|Arcanine-Hisui, F|70/100
|-ability|p1a: Arcanine|Intimidate|boost
|-fail|p2a: 最后我第一，又强又厉害|unboost|[from] ability: Clear Body|[of] p2a: 最后我第一，又强又厉害
|move|p2a: 最后我第一，又强又厉害|Heavy Slam|p1a: Arcanine
|-damage|p1a: Arcanine|46/100
|
|upkeep
|turn|21
|
|t:|1743786023
|switch|p2a: 大吾私人保姆|Alomomola, F|74/100
|move|p1a: Arcanine|Will-O-Wisp|p2a: 大吾私人保姆
|-status|p2a: 大吾私人保姆|brn
|
|-damage|p2a: 大吾私人保姆|68/100 brn|[from] brn
|upkeep
|turn|22
|
|t:|1743786027
|move|p1a: Arcanine|Morning Sun|p1a: Arcanine
|-heal|p1a: Arcanine|96/100
|move|p2a: 大吾私人保姆|Wish|p2a: 大吾私人保姆
|
|-damage|p2a: 大吾私人保姆|62/100 brn|[from] brn
|upkeep
|turn|23
|
|t:|1743786033
|switch|p1a: Rillaboom|Rillaboom, M|24/100
|-fieldstart|move: Grassy Terrain|[from] ability: Grassy Surge|[of] p1a: Rillaboom
|move|p2a: 大吾私人保姆|Flip Turn|p1a: Rillaboom
|-resisted|p1a: Rillaboom
|-damage|p1a: Rillaboom|20/100
|
|t:|1743786035
|switch|p2a: Zamazenta|Zamazenta|54/100|[from] Flip Turn
|-damage|p2a: Zamazenta|48/100|[from] Stealth Rock
|
|-heal|p2a: Zamazenta|100/100|[from] move: Wish|[wisher] 大吾私人保姆
|-heal|p1a: Rillaboom|27/100|[from] Grassy Terrain
|upkeep
|turn|24
|
|t:|1743786041
|switch|p1a: Corviknight|Corviknight, M, tera:Dragon|71/100
|-ability|p1a: Corviknight|Pressure
|move|p2a: Zamazenta|Close Combat|p1a: Corviknight
|-damage|p1a: Corviknight|33/100
|-unboost|p2a: Zamazenta|def|1
|-unboost|p2a: Zamazenta|spd|1
|-damage|p2a: Zamazenta|84/100|[from] item: Rocky Helmet|[of] p1a: Corviknight
|
|-heal|p2a: Zamazenta|90/100|[from] Grassy Terrain
|-heal|p1a: Corviknight|39/100|[from] Grassy Terrain
|upkeep
|turn|25
|
|t:|1743786045
|move|p2a: Zamazenta|Close Combat|p1a: Corviknight
|-damage|p1a: Corviknight|0 fnt
|-unboost|p2a: Zamazenta|def|1
|-unboost|p2a: Zamazenta|spd|1
|-damage|p2a: Zamazenta|74/100|[from] item: Rocky Helmet|[of] p1a: Corviknight
|faint|p1a: Corviknight
|
|-heal|p2a: Zamazenta|80/100|[from] Grassy Terrain
|upkeep
|
|t:|1743786049
|switch|p1a: Iron Valiant|Iron Valiant|100/100
|turn|26
|
|t:|1743786053
|switch|p2a: 最后我第一，又强又厉害|Metagross|100/100
|-damage|p2a: 最后我第一，又强又厉害|94/100|[from] Stealth Rock
|-end|p1a: Iron Valiant|Quark Drive|[silent]
|switch|p1a: Arcanine|Arcanine-Hisui, F|96/100
|-ability|p1a: Arcanine|Intimidate|boost
|-fail|p2a: 最后我第一，又强又厉害|unboost|[from] ability: Clear Body|[of] p2a: 最后我第一，又强又厉害
|
|-heal|p1a: Arcanine|100/100|[from] Grassy Terrain
|-heal|p2a: 最后我第一，又强又厉害|100/100|[from] Grassy Terrain
|upkeep
|turn|27
|
|t:|1743786057
|switch|p2a: 大吾私人保姆|Alomomola, F|95/100 brn
|move|p1a: Arcanine|Will-O-Wisp|p2a: 大吾私人保姆
|-fail|p2a: 大吾私人保姆|brn
|
|-heal|p2a: 大吾私人保姆|100/100 brn|[from] Grassy Terrain
|-damage|p2a: 大吾私人保姆|94/100 brn|[from] brn
|upkeep
|turn|28
|
|t:|1743786062
|switch|p1a: Rillaboom|Rillaboom, M|27/100
|move|p2a: 大吾私人保姆|Flip Turn|p1a: Rillaboom
|-resisted|p1a: Rillaboom
|-damage|p1a: Rillaboom|23/100
|
|t:|1743786064
|switch|p2a: Zamazenta|Zamazenta|80/100|[from] Flip Turn
|-damage|p2a: Zamazenta|74/100|[from] Stealth Rock
|
|-heal|p2a: Zamazenta|80/100|[from] Grassy Terrain
|-heal|p1a: Rillaboom|29/100|[from] Grassy Terrain
|upkeep
|turn|29
|-message|moronicmonki forfeited.
|
|win|tdd20070515兹伏奇大吾
|raw|moronicmonki's rating: 1515 &rarr; <strong>1492</strong><br />(-23 for losing)
|raw|tdd20070515兹伏奇大吾's rating: 1455 &rarr; <strong>1478</strong><br />(+23 for winning)
|l|☆moronicmonki
|player|p1|
