|j|☆Xwipe Serious
|j|☆cccirrri
|t:|1743877744
|gametype|singles
|player|p1|Xwipe Serious|plasmagrunt|1676
|player|p2|cccirrri|twins-gen4dp|1721
|teamsize|p1|6
|teamsize|p2|6
|gen|9
|tier|[Gen 9] OU
|rated|
|rule|HP Percentage Mod: HP is shown in percentages
|rule|Endless Battle Clause: Forcing endless battles is banned
|rule|Species Clause: Limit one of each Pokémon
|rule|OHKO Clause: OHKO moves are banned
|rule|Evasion Items Clause: Evasion items are banned
|rule|Evasion Moves Clause: Evasion moves are banned
|rule|Sleep Moves Clause: Sleep-inducing moves are banned
|clearpoke
|poke|p1|Kingambit, M|
|poke|p1|Garchomp, M|
|poke|p1|Dragonite, F|
|poke|p1|Ogerpon-Wellspring, F|
|poke|p1|Iron Crown|
|poke|p1|Samurott-Hisui, M|
|poke|p2|Moltres|
|poke|p2|Sinistcha-Masterpiece|
|poke|p2|Iron Hands|
|poke|p2|Iron Crown|
|poke|p2|Garchomp, F|
|poke|p2|Weavile, F|
|teampreview
|inactive|Battle timer is ON: inactive players will automatically lose when time's up. (requested by Xwipe Serious)
|
|t:|1743877790
|start
|switch|p1a: do not spin|Garchomp, M|100/100
|switch|p2a: Iron Hands|Iron Hands|100/100
|-enditem|p2a: Iron Hands|Booster Energy
|-activate|p2a: Iron Hands|ability: Quark Drive|[fromitem]
|-start|p2a: Iron Hands|quarkdriveatk
|turn|1
|
|t:|1743877801
|-terastallize|p1a: do not spin|Fairy
|-terastallize|p2a: Iron Hands|Flying
|move|p1a: do not spin|Earth Power|p2a: Iron Hands
|-immune|p2a: Iron Hands
|move|p2a: Iron Hands|Swords Dance|p2a: Iron Hands
|-boost|p2a: Iron Hands|atk|2
|
|upkeep
|turn|2
|
|t:|1743877809
|move|p1a: do not spin|Power Gem|p2a: Iron Hands
|-supereffective|p2a: Iron Hands
|-damage|p2a: Iron Hands|57/100
|move|p2a: Iron Hands|Supercell Slam|p1a: do not spin
|-damage|p1a: do not spin|0 fnt
|-damage|p2a: Iron Hands|44/100|[from] ability: Rough Skin|[of] p1a: do not spin
|-damage|p2a: Iron Hands|28/100|[from] item: Rocky Helmet|[of] p1a: do not spin
|faint|p1a: do not spin
|
|upkeep
|
|t:|1743877814
|switch|p1a: Ogerpon|Ogerpon-Wellspring, F|100/100
|turn|3
|
|t:|1743877822
|-end|p2a: Iron Hands|Quark Drive|[silent]
|switch|p2a: Sinistcha|Sinistcha-Masterpiece|100/100
|move|p1a: Ogerpon|Ivy Cudgel|p2a: Sinistcha|[anim] Ivy Cudgel Water
|-resisted|p2a: Sinistcha
|-damage|p2a: Sinistcha|76/100
|
|-heal|p2a: Sinistcha|82/100|[from] item: Leftovers
|upkeep
|turn|4
|
|t:|1743877835
|switch|p1a: Armani style|Kingambit, M|100/100
|-activate|p1a: Armani style|ability: Supreme Overlord
|-start|p1a: Armani style|fallen1|[silent]
|move|p2a: Sinistcha|Matcha Gotcha|p1a: Armani style
|-resisted|p1a: Armani style
|-damage|p1a: Armani style|89/100
|-heal|p2a: Sinistcha|87/100|[from] drain|[of] p1a: Armani style
|
|-heal|p2a: Sinistcha|94/100|[from] item: Leftovers
|upkeep
|turn|5
|
|t:|1743877841
|-end|p1a: Armani style|fallen1|[silent]
|switch|p1a: Ogerpon|Ogerpon-Wellspring, F|100/100
|switch|p2a: Moltres|Moltres, shiny|100/100
|
|upkeep
|turn|6
|
|t:|1743877848
|switch|p2a: Sinistcha|Sinistcha-Masterpiece|94/100
|move|p1a: Ogerpon|Swords Dance|p1a: Ogerpon
|-boost|p1a: Ogerpon|atk|2
|
|-heal|p2a: Sinistcha|99/100|[from] item: Leftovers
|upkeep
|turn|7
|
|t:|1743877852
|switch|p2a: Iron Hands|Iron Hands, tera:Flying|28/100
|move|p1a: Ogerpon|Ivy Cudgel|p2a: Iron Hands|[anim] Ivy Cudgel Water
|-damage|p2a: Iron Hands|0 fnt
|faint|p2a: Iron Hands
|-end|p2a: Iron Hands|Quark Drive|[silent]
|
|upkeep
|
|t:|1743877857
|switch|p2a: Sinistcha|Sinistcha-Masterpiece|99/100
|turn|8
|
|t:|1743877860
|move|p1a: Ogerpon|Ivy Cudgel|p2a: Sinistcha|[anim] Ivy Cudgel Water
|-resisted|p2a: Sinistcha
|-damage|p2a: Sinistcha|49/100
|move|p2a: Sinistcha|Strength Sap|p1a: Ogerpon
|-unboost|p1a: Ogerpon|atk|1
|-heal|p2a: Sinistcha|100/100
|
|upkeep
|turn|9
|
|t:|1743877865
|move|p1a: Ogerpon|Swords Dance|p1a: Ogerpon
|-boost|p1a: Ogerpon|atk|2
|move|p2a: Sinistcha|Matcha Gotcha|p1a: Ogerpon
|-damage|p1a: Ogerpon|61/100
|
|upkeep
|turn|10
|
|t:|1743877869
|move|p1a: Ogerpon|Swords Dance|p1a: Ogerpon
|-boost|p1a: Ogerpon|atk|2
|move|p2a: Sinistcha|Strength Sap|p1a: Ogerpon
|-unboost|p1a: Ogerpon|atk|1
|
|upkeep
|turn|11
|
|t:|1743877873
|move|p1a: Ogerpon|Ivy Cudgel|p2a: Sinistcha|[anim] Ivy Cudgel Water
|-resisted|p2a: Sinistcha
|-damage|p2a: Sinistcha|25/100
|move|p2a: Sinistcha|Strength Sap|p1a: Ogerpon
|-unboost|p1a: Ogerpon|atk|1
|-heal|p2a: Sinistcha|100/100
|
|upkeep
|turn|12
|
|t:|1743877878
|move|p1a: Ogerpon|Swords Dance|p1a: Ogerpon
|-boost|p1a: Ogerpon|atk|2
|move|p2a: Sinistcha|Strength Sap|p1a: Ogerpon
|-unboost|p1a: Ogerpon|atk|1
|
|upkeep
|turn|13
|
|t:|1743877884
|move|p1a: Ogerpon|Swords Dance|p1a: Ogerpon
|-boost|p1a: Ogerpon|atk|2
|move|p2a: Sinistcha|Strength Sap|p1a: Ogerpon
|-unboost|p1a: Ogerpon|atk|1
|
|upkeep
|turn|14
|
|t:|1743877887
|move|p1a: Ogerpon|Ivy Cudgel|p2a: Sinistcha|[anim] Ivy Cudgel Water
|-resisted|p2a: Sinistcha
|-damage|p2a: Sinistcha|17/100
|move|p2a: Sinistcha|Strength Sap|p1a: Ogerpon
|-unboost|p1a: Ogerpon|atk|1
|-heal|p2a: Sinistcha|100/100
|
|upkeep
|turn|15
|
|t:|1743877892
|move|p1a: Ogerpon|Ivy Cudgel|p2a: Sinistcha|[anim] Ivy Cudgel Water
|-resisted|p2a: Sinistcha
|-crit|p2a: Sinistcha
|-damage|p2a: Sinistcha|0 fnt
|faint|p2a: Sinistcha
|
|upkeep
|
|t:|1743877897
|switch|p2a: Weavile|Weavile, F|100/100
|-ability|p2a: Weavile|Pressure
|turn|16
|
|t:|1743877899
|switch|p1a: Iron Crown|Iron Crown|100/100
|move|p2a: Weavile|Triple Axel|p1a: Iron Crown|[miss]
|-miss|p2a: Weavile|p1a: Iron Crown
|
|upkeep
|turn|17
|
|t:|1743877905
|switch|p2a: Iron Crown|Iron Crown|100/100
|move|p1a: Iron Crown|Tachyon Cutter|p2a: Iron Crown
|-resisted|p2a: Iron Crown
|-damage|p2a: Iron Crown|93/100
|-resisted|p2a: Iron Crown
|-damage|p2a: Iron Crown|84/100
|-hitcount|p2a: Iron Crown|2
|
|upkeep
|turn|18
|
|t:|1743877910
|-end|p1a: Iron Crown|Quark Drive|[silent]
|switch|p1a: Armani style|Kingambit, M|89/100
|-activate|p1a: Armani style|ability: Supreme Overlord
|-start|p1a: Armani style|fallen1|[silent]
|move|p2a: Iron Crown|Future Sight|p1a: Armani style
|-start|p2a: Iron Crown|move: Future Sight
|
|upkeep
|turn|19
|
|t:|1743877919
|-end|p1a: Armani style|fallen1|[silent]
|switch|p1a: Samurott|Samurott-Hisui, M|100/100
|move|p2a: Iron Crown|Focus Blast|p1a: Samurott
|-supereffective|p1a: Samurott
|-damage|p1a: Samurott|2/100
|
|upkeep
|turn|20
|
|t:|1743877925
|move|p2a: Iron Crown|Volt Switch|p1a: Samurott
|-supereffective|p1a: Samurott
|-damage|p1a: Samurott|0 fnt
|faint|p1a: Samurott
|
|t:|1743877931
|-end|p2a: Iron Crown|Quark Drive|[silent]
|switch|p2a: Weavile|Weavile, F|100/100|[from] Volt Switch
|-ability|p2a: Weavile|Pressure
|
|-hint|Future Sight did not hit because the target is fainted.
|upkeep
|
|t:|1743877935
|switch|p1a: Iron Crown|Iron Crown|100/100
|turn|21
|
|t:|1743877941
|move|p1a: Iron Crown|Volt Switch|p2a: Weavile
|-damage|p2a: Weavile|66/100
|
|t:|1743877943
|-end|p1a: Iron Crown|Quark Drive|[silent]
|switch|p1a: Armani style|Kingambit, M|89/100|[from] Volt Switch
|-activate|p1a: Armani style|ability: Supreme Overlord
|-start|p1a: Armani style|fallen2|[silent]
|move|p2a: Weavile|Knock Off|p1a: Armani style
|-resisted|p1a: Armani style
|-damage|p1a: Armani style|57/100
|-enditem|p1a: Armani style|Assault Vest|[from] move: Knock Off|[of] p2a: Weavile
|
|upkeep
|turn|22
|
|t:|1743877948
|switch|p2a: Moltres|Moltres, shiny|100/100
|-end|p1a: Armani style|fallen2|[silent]
|switch|p1a: Ogerpon|Ogerpon-Wellspring, F|61/100
|
|upkeep
|turn|23
|
|t:|1743877952
|move|p1a: Ogerpon|Ivy Cudgel|p2a: Moltres|[anim] Ivy Cudgel Water
|-supereffective|p2a: Moltres
|-damage|p2a: Moltres|9/100
|move|p2a: Moltres|Will-O-Wisp|p1a: Ogerpon
|-status|p1a: Ogerpon|brn
|
|-damage|p1a: Ogerpon|55/100 brn|[from] brn
|upkeep
|turn|24
|
|t:|1743877960
|move|p1a: Ogerpon|Ivy Cudgel|p2a: Moltres|[anim] Ivy Cudgel Water
|-supereffective|p2a: Moltres
|-damage|p2a: Moltres|0 fnt
|faint|p2a: Moltres
|
|-damage|p1a: Ogerpon|49/100 brn|[from] brn
|upkeep
|
|t:|1743877974
|switch|p2a: Iron Crown|Iron Crown|84/100
|turn|25
|
|t:|1743877978
|move|p2a: Iron Crown|Focus Blast|p1a: Ogerpon
|-damage|p1a: Ogerpon|4/100 brn
|move|p1a: Ogerpon|Ivy Cudgel|p2a: Iron Crown|[anim] Ivy Cudgel Water
|-damage|p2a: Iron Crown|52/100
|
|-damage|p1a: Ogerpon|0 fnt|[from] brn
|faint|p1a: Ogerpon
|upkeep
|
|t:|1743877982
|switch|p1a: Kababoum|Dragonite, F|100/100
|turn|26
|
|t:|1743877995
|move|p2a: Iron Crown|Volt Switch|p1a: Kababoum
|-damage|p1a: Kababoum|90/100
|
|t:|1743878000
|-end|p2a: Iron Crown|Quark Drive|[silent]
|switch|p2a: Weavile|Weavile, F|66/100|[from] Volt Switch
|-ability|p2a: Weavile|Pressure
|move|p1a: Kababoum|Earthquake|p2a: Weavile
|-crit|p2a: Weavile
|-damage|p2a: Weavile|0 fnt
|faint|p2a: Weavile
|
|upkeep
|
|t:|1743878003
|switch|p2a: Garchomp|Garchomp, F, shiny|100/100
|turn|27
|
|t:|1743878014
|switch|p1a: Iron Crown|Iron Crown|100/100
|move|p2a: Garchomp|Scale Shot|p1a: Iron Crown|[miss]
|-miss|p2a: Garchomp|p1a: Iron Crown
|
|upkeep
|turn|28
|
|t:|1743878022
|move|p1a: Iron Crown|Tachyon Cutter|p2a: Garchomp
|-damage|p2a: Garchomp|72/100
|-damage|p2a: Garchomp|45/100
|-hitcount|p2a: Garchomp|2
|move|p2a: Garchomp|Swords Dance|p2a: Garchomp
|-boost|p2a: Garchomp|atk|2
|
|upkeep
|turn|29
|
|t:|1743878026
|move|p1a: Iron Crown|Tachyon Cutter|p2a: Garchomp
|-damage|p2a: Garchomp|18/100
|-damage|p2a: Garchomp|0 fnt
|faint|p2a: Garchomp
|-hitcount|p2: Garchomp|2
|
|upkeep
|-message|cccirrri forfeited.
|
|win|Xwipe Serious
|raw|Xwipe Serious's rating: 1676 &rarr; <strong>1699</strong><br />(+23 for winning)
|raw|cccirrri's rating: 1721 &rarr; <strong>1698</strong><br />(-23 for losing)
|l|☆cccirrri
|player|p2|
|l|☆Xwipe Serious
|player|p1|
