|j|☆Jollyclasss
|j|☆tohelpu
|t:|1743842417
|gametype|singles
|player|p1|Jollyclasss|winona|1175
|player|p2|tohelpu|1|1176
|teamsize|p1|6
|teamsize|p2|6
|gen|9
|tier|[Gen 9] OU
|rated|
|rule|HP Percentage Mod: HP is shown in percentages
|rule|Endless Battle Clause: Forcing endless battles is banned
|rule|Species Clause: Limit one of each Pokémon
|rule|OHKO Clause: OHKO moves are banned
|rule|Evasion Items Clause: Evasion items are banned
|rule|Evasion Moves Clause: Evasion moves are banned
|rule|Sleep Moves Clause: Sleep-inducing moves are banned
|clearpoke
|poke|p1|Rillaboom, M|
|poke|p1|Alomomola, M|
|poke|p1|Cinderace, F|
|poke|p1|Iron Crown|
|poke|p1|Landorus-Therian, M|
|poke|p1|Kingambit, M|
|poke|p2|Wyrdeer, F|
|poke|p2|Charizard, F|
|poke|p2|Hatterene, F|
|poke|p2|Volbeat, M|
|poke|p2|Armarouge, F|
|poke|p2|Greninja-*, M|
|teampreview
|
|t:|1743842427
|start
|switch|p1a: Carlo|Landorus-Therian, M|100/100
|switch|p2a: Hatterene|Hatterene, F|100/100
|-ability|p1a: Carlo|Intimidate|boost
|-unboost|p2a: Hatterene|atk|1
|turn|1
|
|t:|1743842435
|move|p1a: Carlo|U-turn|p2a: Hatterene
|-damage|p2a: Hatterene|83/100
|
|t:|1743842441
|switch|p1a: Pascal|Iron Crown|100/100|[from] U-turn
|move|p2a: Hatterene|Trick|p1a: Pascal
|-activate|p2a: Hatterene|move: Trick|[of] p1a: Pascal
|-item|p1a: Pascal|Choice Specs|[from] move: Trick
|-item|p2a: Hatterene|Assault Vest|[from] move: Trick
|
|upkeep
|turn|2
|
|t:|1743842453
|switch|p2a: Greninja|Greninja, M|100/100
|move|p1a: Pascal|Tachyon Cutter|p2a: Greninja
|-resisted|p2a: Greninja
|-damage|p2a: Greninja|75/100
|-resisted|p2a: Greninja
|-damage|p2a: Greninja|47/100
|-hitcount|p2a: Greninja|2
|
|upkeep
|turn|3
|
|t:|1743842460
|move|p2a: Greninja|U-turn|p1a: Pascal
|-start|p2a: Greninja|typechange|Bug|[from] ability: Protean
|-crit|p1a: Pascal
|-damage|p1a: Pascal|34/100
|inactive|Battle timer is ON: inactive players will automatically lose when time's up. (requested by Jollyclasss)
|
|t:|1743842489
|switch|p2a: Charizard|Charizard, F|100/100|[from] U-turn
|move|p1a: Pascal|Tachyon Cutter|p2a: Charizard
|-resisted|p2a: Charizard
|-damage|p2a: Charizard|79/100
|-resisted|p2a: Charizard
|-damage|p2a: Charizard|57/100
|-hitcount|p2a: Charizard|2
|
|upkeep
|turn|4
|
|t:|1743842500
|-end|p1a: Pascal|Quark Drive|[silent]
|switch|p1a: José|Alomomola, M|100/100
|-terastallize|p2a: Charizard|Grass
|move|p2a: Charizard|Tera Blast|p1a: José|[anim] Tera Blast Grass
|-supereffective|p1a: José
|-damage|p1a: José|0 fnt
|faint|p1a: José
|
|upkeep
|
|t:|1743842508
|switch|p1a: Corrine|Kingambit, M|100/100
|-activate|p1a: Corrine|ability: Supreme Overlord
|-start|p1a: Corrine|fallen1|[silent]
|turn|5
|
|t:|1743842513
|switch|p2a: Volbeat|Volbeat, M|100/100
|move|p1a: Corrine|Sucker Punch||[still]
|-fail|p1a: Corrine
|
|upkeep
|turn|6
|
|t:|1743842522
|switch|p2a: Wyrdeer|Wyrdeer, F|100/100
|-ability|p2a: Wyrdeer|Intimidate|boost
|-unboost|p1a: Corrine|atk|1
|move|p1a: Corrine|Kowtow Cleave|p2a: Wyrdeer
|-supereffective|p2a: Wyrdeer
|-damage|p2a: Wyrdeer|43/100
|
|upkeep
|turn|7
|
|t:|1743842531
|move|p2a: Wyrdeer|Earthquake|p1a: Corrine
|-supereffective|p1a: Corrine
|-damage|p1a: Corrine|44/100
|move|p1a: Corrine|Kowtow Cleave|p2a: Wyrdeer
|-supereffective|p2a: Wyrdeer
|-damage|p2a: Wyrdeer|0 fnt
|faint|p2a: Wyrdeer
|
|upkeep
|
|t:|1743842549
|switch|p2a: Greninja|Greninja, M|47/100
|turn|8
|
|t:|1743842553
|move|p1a: Corrine|Sucker Punch|p2a: Greninja
|-resisted|p2a: Greninja
|-damage|p2a: Greninja|24/100
|move|p2a: Greninja|Waterfall|p1a: Corrine
|-start|p2a: Greninja|typechange|Water|[from] ability: Protean
|-damage|p1a: Corrine|8/100
|
|upkeep
|turn|9
|
|t:|1743842564
|move|p1a: Corrine|Sucker Punch|p2a: Greninja
|-damage|p2a: Greninja|0 fnt
|faint|p2a: Greninja
|
|upkeep
|
|t:|1743842569
|switch|p2a: Armarouge|Armarouge, F|100/100
|turn|10
|
|t:|1743842574
|move|p1a: Corrine|Sucker Punch||[still]
|-fail|p1a: Corrine
|move|p2a: Armarouge|Calm Mind|p2a: Armarouge
|-boost|p2a: Armarouge|spa|1
|-boost|p2a: Armarouge|spd|1
|
|upkeep
|turn|11
|
|t:|1743842582
|move|p2a: Armarouge|Tera Blast|p1a: Corrine
|-resisted|p1a: Corrine
|-damage|p1a: Corrine|0 fnt
|faint|p1a: Corrine
|-end|p1a: Corrine|fallen1|[silent]
|
|upkeep
|
|t:|1743842592
|switch|p1a: Pep|Cinderace, F|100/100
|turn|12
|
|t:|1743842597
|move|p1a: Pep|U-turn|p2a: Armarouge
|-damage|p2a: Armarouge|81/100
|-ability|p2a: Armarouge|Weak Armor|boost
|-unboost|p2a: Armarouge|def|1
|-boost|p2a: Armarouge|spe|2
|
|t:|1743842602
|switch|p1a: Carlo|Landorus-Therian, M|100/100|[from] U-turn
|-ability|p1a: Carlo|Intimidate|boost
|-unboost|p2a: Armarouge|atk|1
|move|p2a: Armarouge|Armor Cannon|p1a: Carlo
|-damage|p1a: Carlo|0 fnt
|-unboost|p2a: Armarouge|def|1
|-unboost|p2a: Armarouge|spd|1
|faint|p1a: Carlo
|
|-heal|p2a: Armarouge|87/100|[from] item: Leftovers
|upkeep
|-message|Jollyclasss forfeited.
|
|win|tohelpu
|raw|Jollyclasss's rating: 1175 &rarr; <strong>1150</strong><br />(-25 for losing)
|raw|tohelpu's rating: 1176 &rarr; <strong>1201</strong><br />(+25 for winning)
|l|☆Jollyclasss
|player|p1|
|l|☆tohelpu
|player|p2|
