|j|☆novafish21
|j|☆KA1D0_97
|inactive|Battle timer is ON: inactive players will automatically lose when time's up.
|t:|1743789355
|gametype|singles
|player|p1|novafish21|steven|
|player|p2|KA1D0_97|dragontamer-gen6|
|teamsize|p1|6
|teamsize|p2|6
|gen|9
|tier|[Gen 9] OU
|rated|Tournament battle
|rule|HP Percentage Mod: HP is shown in percentages
|rule|Endless Battle Clause: Forcing endless battles is banned
|rule|Species Clause: Limit one of each Pokémon
|rule|OHKO Clause: OHKO moves are banned
|rule|Evasion Items Clause: Evasion items are banned
|rule|Evasion Moves Clause: Evasion moves are banned
|rule|Sleep Moves Clause: Sleep-inducing moves are banned
|clearpoke
|poke|p1|Ogerpon-Wellspring, F|
|poke|p1|Gholdengo|
|poke|p1|Great Tusk|
|poke|p1|Dragonite, M|
|poke|p1|Weavile, M|
|poke|p1|Enamorus, F|
|poke|p2|Iron Valiant|
|poke|p2|Corviknight, F|
|poke|p2|Slowking-Galar, M|
|poke|p2|Cinderace, M|
|poke|p2|Kingambit, F|
|poke|p2|Kyurem|
|teampreview
|inactive|KA1D0_97 also wants the timer to be on.
|j|#SetsuStsna
|j| about15gals
|j|@Stads
|j| ILOVEPECHARUNTRAH
|j| henry151th
|j| Scarlet Firefly
|j| dontspellICUP
|j| SS pw
|l| SS pw
|j| pechanerd
|j| Omegasization
|l| pechanerd
|j| Cold07
|inactive|novafish21 has 120 seconds left.
|j| iamnatty
|
|t:|1743789394
|start
|switch|p1a: Great Tusk|Great Tusk|100/100
|switch|p2a: Slowking|Slowking-Galar, M|100/100
|turn|1
|l| iamnatty
|l| about15gals
|c| dontspellICUP|lmao i was wondering how to counter ogerpon and i have a match to watch
|
|t:|1743789404
|move|p1a: Great Tusk|Headlong Rush|p2a: Slowking
|-supereffective|p2a: Slowking
|-damage|p2a: Slowking|0 fnt
|-unboost|p1a: Great Tusk|def|1
|-unboost|p1a: Great Tusk|spd|1
|faint|p2a: Slowking
|
|upkeep
|
|t:|1743789410
|switch|p2a: Kyurem|Kyurem|100/100
|-ability|p2a: Kyurem|Pressure
|turn|2
|
|t:|1743789418
|-end|p1a: Great Tusk|Protosynthesis|[silent]
|switch|p1a: Gholdengo|Gholdengo|100/100
|move|p2a: Kyurem|Blizzard|p1a: Gholdengo
|-resisted|p1a: Gholdengo
|-damage|p1a: Gholdengo|55/100
|
|upkeep
|turn|3
|
|t:|1743789430
|switch|p2a: Cinderace|Cinderace, M|100/100
|move|p1a: Gholdengo|Make It Rain|p2a: Cinderace
|-resisted|p2a: Cinderace
|-crit|p2a: Cinderace
|-damage|p2a: Cinderace|39/100
|-unboost|p1a: Gholdengo|spa|1
|
|upkeep
|turn|4
|j| HZolomon
|inactive|novafish21 has 120 seconds left.
|j| sgt. unicorn
|inactive|KA1D0_97 has 120 seconds left.
|
|t:|1743789502
|move|p2a: Cinderace|Sucker Punch|p1a: Gholdengo
|-start|p2a: Cinderace|typechange|Dark|[from] ability: Libero
|-supereffective|p1a: Gholdengo
|-damage|p1a: Gholdengo|5/100
|move|p1a: Gholdengo|Make It Rain|p2a: Cinderace
|-damage|p2a: Cinderace|0 fnt
|-unboost|p1a: Gholdengo|spa|1
|faint|p2a: Cinderace
|
|upkeep
|
|t:|1743789512
|switch|p2a: Kingambit|Kingambit, F|100/100
|-activate|p2a: Kingambit|ability: Supreme Overlord
|-start|p2a: Kingambit|fallen2|[silent]
|turn|5
|l| Cold07
|j| reyhrj
|l| reyhrj
|
|t:|1743789521
|switch|p1a: Great Tusk|Great Tusk|100/100
|move|p2a: Kingambit|Iron Head|p1a: Great Tusk
|-damage|p1a: Great Tusk|64/100
|
|-heal|p1a: Great Tusk|70/100|[from] item: Leftovers
|upkeep
|turn|6
|inactive|novafish21 has 120 seconds left.
|c| sgt. unicorn|hit him with the elbow
|inactive|KA1D0_97 has 90 seconds left.
|
|t:|1743789568
|-end|p2a: Kingambit|fallen2|[silent]
|switch|p2a: Corviknight|Corviknight, F|100/100
|-ability|p2a: Corviknight|Pressure
|move|p1a: Great Tusk|Stealth Rock|p2a: Corviknight
|-sidestart|p2: KA1D0_97|move: Stealth Rock
|
|-heal|p1a: Great Tusk|77/100|[from] item: Leftovers
|upkeep
|turn|7
|
|t:|1743789592
|-end|p1a: Great Tusk|Protosynthesis|[silent]
|switch|p1a: Dragonite|Dragonite, M|100/100
|switch|p2a: Iron Valiant|Iron Valiant|100/100
|-damage|p2a: Iron Valiant|94/100|[from] Stealth Rock
|
|upkeep
|turn|8
|
|t:|1743789605
|switch|p1a: Gholdengo|Gholdengo|5/100
|move|p2a: Iron Valiant|Spirit Break|p1a: Gholdengo
|-resisted|p1a: Gholdengo
|-damage|p1a: Gholdengo|0 fnt
|faint|p1a: Gholdengo
|
|upkeep
|
|t:|1743789616
|switch|p1a: Ogerpon|Ogerpon-Wellspring, F|100/100
|turn|9
|inactive|novafish21 has 90 seconds left.
|
|t:|1743789649
|move|p2a: Iron Valiant|Spirit Break|p1a: Ogerpon
|-damage|p1a: Ogerpon|24/100
|-unboost|p1a: Ogerpon|spa|1
|move|p1a: Ogerpon|Ivy Cudgel|p2a: Iron Valiant|[anim] Ivy Cudgel Water
|-damage|p2a: Iron Valiant|17/100
|
|upkeep
|turn|10
|inactive|KA1D0_97 has 90 seconds left.
|l| HZolomon
|inactive|novafish21 has 60 seconds left.
|
|t:|1743789698
|move|p2a: Iron Valiant|Spirit Break|p1a: Ogerpon
|-damage|p1a: Ogerpon|0 fnt
|faint|p1a: Ogerpon
|
|upkeep
|l| dontspellICUP
|inactive|novafish21 has 30 seconds left.
|j| dontspellICUP
|inactive|novafish21 has 20 seconds left.
|inactive|novafish21 has 15 seconds left.
|
|t:|1743789728
|switch|p1a: Dragonite|Dragonite, M|100/100
|turn|11
|inactive|novafish21 has 25 seconds left this turn.
|
|t:|1743789731
|-end|p2a: Iron Valiant|Quark Drive|[silent]
|switch|p2a: Corviknight|Corviknight, F|100/100
|-damage|p2a: Corviknight|88/100|[from] Stealth Rock
|-ability|p2a: Corviknight|Pressure
|move|p1a: Dragonite|Extreme Speed|p2a: Corviknight
|-resisted|p2a: Corviknight
|-damage|p2a: Corviknight|79/100
|-damage|p1a: Dragonite|84/100|[from] item: Rocky Helmet|[of] p2a: Corviknight
|
|upkeep
|turn|12
|inactive|novafish21 has 30 seconds left.
|c| dontspellICUP|how did oger die?
|
|t:|1743789740
|move|p1a: Dragonite|Dragon Dance|p1a: Dragonite
|-boost|p1a: Dragonite|atk|1
|-boost|p1a: Dragonite|spe|1
|move|p2a: Corviknight|Roost|p2a: Corviknight
|-heal|p2a: Corviknight|100/100
|-singleturn|p2a: Corviknight|move: Roost
|
|upkeep
|turn|13
|
|t:|1743789742
|move|p1a: Dragonite|Encore|p2a: Corviknight
|-start|p2a: Corviknight|Encore
|move|p2a: Corviknight|Roost||[still]
|-fail|p2a: Corviknight|heal
|
|upkeep
|turn|14
|c| dontspellICUP|i looked away hehe
|
|t:|1743789745
|switch|p2a: Iron Valiant|Iron Valiant|17/100
|-damage|p2a: Iron Valiant|11/100|[from] Stealth Rock
|move|p1a: Dragonite|Dragon Dance|p1a: Dragonite
|-boost|p1a: Dragonite|atk|1
|-boost|p1a: Dragonite|spe|1
|
|upkeep
|turn|15
|
|t:|1743789754
|move|p1a: Dragonite|Extreme Speed|p2a: Iron Valiant
|-damage|p2a: Iron Valiant|0 fnt
|faint|p2a: Iron Valiant
|-end|p2a: Iron Valiant|Quark Drive|[silent]
|
|upkeep
|
|t:|1743789755
|switch|p2a: Corviknight|Corviknight, F|100/100
|-damage|p2a: Corviknight|88/100|[from] Stealth Rock
|-ability|p2a: Corviknight|Pressure
|turn|16
|
|t:|1743789762
|move|p1a: Dragonite|Dragon Dance|p1a: Dragonite
|-boost|p1a: Dragonite|atk|1
|-boost|p1a: Dragonite|spe|1
|move|p2a: Corviknight|Iron Defense|p2a: Corviknight
|-boost|p2a: Corviknight|def|2
|
|upkeep
|turn|17
|inactive|novafish21 has 60 seconds left.
|c| ILOVEPECHARUNTRAH|dontspellICUP val lived a hit and killed it
|
|t:|1743789802
|move|p1a: Dragonite|Extreme Speed|p2a: Corviknight
|-resisted|p2a: Corviknight
|-damage|p2a: Corviknight|76/100
|-damage|p1a: Dragonite|67/100|[from] item: Rocky Helmet|[of] p2a: Corviknight
|move|p2a: Corviknight|Body Press|p1a: Dragonite
|-resisted|p1a: Dragonite
|-damage|p1a: Dragonite|42/100
|
|upkeep
|turn|18
|c| dontspellICUP|thx
|
|t:|1743789816
|move|p1a: Dragonite|Extreme Speed|p2a: Corviknight
|-resisted|p2a: Corviknight
|-damage|p2a: Corviknight|65/100
|-damage|p1a: Dragonite|26/100|[from] item: Rocky Helmet|[of] p2a: Corviknight
|move|p2a: Corviknight|Body Press|p1a: Dragonite
|-resisted|p1a: Dragonite
|-damage|p1a: Dragonite|2/100
|
|upkeep
|turn|19
|j| Shweinerei
|
|t:|1743789823
|move|p1a: Dragonite|Encore|p2a: Corviknight
|-start|p2a: Corviknight|Encore
|move|p2a: Corviknight|Body Press|p1a: Dragonite
|-resisted|p1a: Dragonite
|-damage|p1a: Dragonite|0 fnt
|faint|p1a: Dragonite
|
|upkeep
|inactive|novafish21 has 30 seconds left.
|
|t:|1743789843
|switch|p1a: Enamorus|Enamorus, F|100/100
|turn|20
|
|t:|1743789849
|switch|p2a: Kyurem|Kyurem|100/100
|-damage|p2a: Kyurem|76/100|[from] Stealth Rock
|-ability|p2a: Kyurem|Pressure
|move|p1a: Enamorus|Focus Blast|p2a: Kyurem|[miss]
|-miss|p1a: Enamorus|p2a: Kyurem
|
|upkeep
|turn|21
|inactive|novafish21 has 30 seconds left.
|
|t:|1743789866
|move|p1a: Enamorus|Focus Blast|p2a: Kyurem
|-supereffective|p2a: Kyurem
|-damage|p2a: Kyurem|0 fnt
|faint|p2a: Kyurem
|
|upkeep
|
|t:|1743789871
|switch|p2a: Kingambit|Kingambit, F|100/100
|-damage|p2a: Kingambit|94/100|[from] Stealth Rock
|-activate|p2a: Kingambit|ability: Supreme Overlord
|-start|p2a: Kingambit|fallen4|[silent]
|turn|22
|
|t:|1743789879
|switch|p1a: Great Tusk|Great Tusk|77/100
|move|p2a: Kingambit|Iron Head|p1a: Great Tusk
|-damage|p1a: Great Tusk|37/100
|
|-heal|p1a: Great Tusk|43/100|[from] item: Leftovers
|-heal|p2a: Kingambit|100/100|[from] item: Leftovers
|upkeep
|turn|23
|c| sgt. unicorn|risked it for the biscuit
|
|t:|1743789906
|-end|p2a: Kingambit|fallen4|[silent]
|switch|p2a: Corviknight|Corviknight, F|65/100
|-damage|p2a: Corviknight|53/100|[from] Stealth Rock
|-ability|p2a: Corviknight|Pressure
|move|p1a: Great Tusk|Headlong Rush|p2a: Corviknight
|-immune|p2a: Corviknight
|
|-heal|p1a: Great Tusk|50/100|[from] item: Leftovers
|upkeep
|turn|24
|inactive|novafish21 has 30 seconds left.
|j| ltx nemosse
|inactive|novafish21 has 20 seconds left.
|
|t:|1743789936
|-end|p1a: Great Tusk|Protosynthesis|[silent]
|switch|p1a: Weavile|Weavile, M|100/100
|-ability|p1a: Weavile|Pressure
|move|p2a: Corviknight|Roost|p2a: Corviknight
|-heal|p2a: Corviknight|100/100
|-singleturn|p2a: Corviknight|move: Roost
|
|upkeep
|turn|25
|inactive|novafish21 has 30 seconds left this turn.
|
|t:|1743789943
|move|p1a: Weavile|Swords Dance|p1a: Weavile
|-boost|p1a: Weavile|atk|2
|move|p2a: Corviknight|Body Press|p1a: Weavile
|-supereffective|p1a: Weavile
|-damage|p1a: Weavile|0 fnt
|faint|p1a: Weavile
|
|upkeep
|inactive|novafish21 has 30 seconds left this turn.
|
|t:|1743789946
|switch|p1a: Enamorus|Enamorus, F|100/100
|turn|26
|inactive|novafish21 has 30 seconds left.
|l| dontspellICUP
|inactive|novafish21 has 20 seconds left.
|inactive|novafish21 has 15 seconds left.
|
|t:|1743789976
|-terastallize|p1a: Enamorus|Fairy
|move|p1a: Enamorus|Moonblast|p2a: Corviknight
|-resisted|p2a: Corviknight
|-damage|p2a: Corviknight|65/100
|move|p2a: Corviknight|Roost|p2a: Corviknight
|-heal|p2a: Corviknight|100/100
|-singleturn|p2a: Corviknight|move: Roost
|
|upkeep
|turn|27
|inactive|novafish21 has 25 seconds left this turn.
|c| Scarlet Firefly|both players are playing so well that i cant even say who's gonna win it looks 50-50
|inactive|novafish21 has 20 seconds left.
|j| about15gals
|inactive|KA1D0_97 has 120 seconds left.
|
|t:|1743790015
|move|p1a: Enamorus|Moonblast|p2a: Corviknight
|-resisted|p2a: Corviknight
|-damage|p2a: Corviknight|69/100
|move|p2a: Corviknight|Iron Defense|p2a: Corviknight
|-boost|p2a: Corviknight|def|2
|
|upkeep
|turn|28
|inactive|novafish21 has 30 seconds left this turn.
|inactive|KA1D0_97 has 120 seconds left.
|
|t:|1743790020
|move|p1a: Enamorus|Moonblast|p2a: Corviknight
|-resisted|p2a: Corviknight
|-damage|p2a: Corviknight|33/100
|-unboost|p2a: Corviknight|spa|1
|move|p2a: Corviknight|Roost|p2a: Corviknight
|-heal|p2a: Corviknight|83/100
|-singleturn|p2a: Corviknight|move: Roost
|
|upkeep
|turn|29
|inactive|KA1D0_97 has 120 seconds left.
|n| arbiterofmeatballs|sgtunicorn
|l| about15gals
|
|t:|1743790043
|move|p1a: Enamorus|Moonblast|p2a: Corviknight
|-resisted|p2a: Corviknight
|-damage|p2a: Corviknight|48/100
|move|p2a: Corviknight|Roost|p2a: Corviknight
|-heal|p2a: Corviknight|98/100
|-singleturn|p2a: Corviknight|move: Roost
|
|upkeep
|turn|30
|
|t:|1743790048
|move|p1a: Enamorus|Moonblast|p2a: Corviknight
|-resisted|p2a: Corviknight
|-damage|p2a: Corviknight|67/100
|-unboost|p2a: Corviknight|spa|1
|move|p2a: Corviknight|Body Press|p1a: Enamorus
|-resisted|p1a: Enamorus
|-damage|p1a: Enamorus|59/100
|
|upkeep
|turn|31
|inactive|KA1D0_97 has 120 seconds left.
|
|t:|1743790071
|move|p1a: Enamorus|Moonblast|p2a: Corviknight
|-resisted|p2a: Corviknight
|-damage|p2a: Corviknight|33/100
|move|p2a: Corviknight|Roost|p2a: Corviknight
|-heal|p2a: Corviknight|83/100
|-singleturn|p2a: Corviknight|move: Roost
|
|upkeep
|turn|32
|
|t:|1743790075
|move|p1a: Enamorus|Moonblast|p2a: Corviknight
|-resisted|p2a: Corviknight
|-crit|p2a: Corviknight
|-damage|p2a: Corviknight|34/100
|move|p2a: Corviknight|Roost|p2a: Corviknight
|-heal|p2a: Corviknight|84/100
|-singleturn|p2a: Corviknight|move: Roost
|
|upkeep
|turn|33
|
|t:|1743790079
|move|p1a: Enamorus|Moonblast|p2a: Corviknight
|-resisted|p2a: Corviknight
|-damage|p2a: Corviknight|53/100
|move|p2a: Corviknight|Body Press|p1a: Enamorus
|-resisted|p1a: Enamorus
|-damage|p1a: Enamorus|16/100
|
|upkeep
|turn|34
|
|t:|1743790084
|move|p1a: Enamorus|Moonblast|p2a: Corviknight
|-resisted|p2a: Corviknight
|-damage|p2a: Corviknight|21/100
|move|p2a: Corviknight|Body Press|p1a: Enamorus
|-resisted|p1a: Enamorus
|-damage|p1a: Enamorus|0 fnt
|faint|p1a: Enamorus
|
|upkeep
|
|t:|1743790087
|switch|p1a: Great Tusk|Great Tusk|50/100
|turn|35
|
|t:|1743790094
|move|p1a: Great Tusk|Ice Spinner|p2a: Corviknight
|-crit|p2a: Corviknight
|-damage|p2a: Corviknight|0 fnt
|-damage|p1a: Great Tusk|33/100|[from] item: Rocky Helmet|[of] p2a: Corviknight
|faint|p2a: Corviknight
|
|-heal|p1a: Great Tusk|39/100|[from] item: Leftovers
|upkeep
|j| iamnatty
|n| sgt. unicorn|arbiterofmeatballs
|
|t:|1743790097
|switch|p2a: Kingambit|Kingambit, F|100/100
|-damage|p2a: Kingambit|94/100|[from] Stealth Rock
|-activate|p2a: Kingambit|ability: Supreme Overlord
|-start|p2a: Kingambit|fallen5|[silent]
|turn|36
|j| Cold07
|
|t:|1743790105
|-terastallize|p2a: Kingambit|Ghost
|move|p1a: Great Tusk|Headlong Rush|p2a: Kingambit
|-damage|p2a: Kingambit|46/100
|-unboost|p1a: Great Tusk|def|1
|-unboost|p1a: Great Tusk|spd|1
|move|p2a: Kingambit|Iron Head|p1a: Great Tusk
|-damage|p1a: Great Tusk|0 fnt
|faint|p1a: Great Tusk
|-end|p1a: Great Tusk|Protosynthesis|[silent]
|
|win|KA1D0_97
|n|☆novafish21|novafish21
|n|☆KA1D0_97|ka1d097
|n|+SetsuStsna|setsustsna
|n| Stads|stads
|n| ILOVEPECHARUNTRAH|ilovepecharuntrah
|n| henry151th|henry151th
|n| Scarlet Firefly|scarletfirefly
|n| Omegasization|omegasization
|n| Shweinerei|shweinerei
|n| ltx nemosse|ltxnemosse
|n| iamnatty|iamnatty
|n| sgt. unicorn|sgtunicorn
|n| Cold07|cold07
