|j|☆Ornaug
|j|☆Cane_Corsola
|t:|1743885898
|gametype|singles
|player|p1|Ornaug|swimmer|1399
|player|p2|Cane_Corsola|265|1423
|teamsize|p1|6
|teamsize|p2|6
|gen|9
|tier|[Gen 9] OU
|rated|
|rule|HP Percentage Mod: HP is shown in percentages
|rule|Endless Battle Clause: Forcing endless battles is banned
|rule|Species Clause: Limit one of each Pokémon
|rule|OHKO Clause: OHKO moves are banned
|rule|Evasion Items Clause: Evasion items are banned
|rule|Evasion Moves Clause: Evasion moves are banned
|rule|Sleep Moves Clause: Sleep-inducing moves are banned
|clearpoke
|poke|p1|Cinderace, M|
|poke|p1|Frosmoth, M|
|poke|p1|Gliscor, M|
|poke|p1|Primarina, M|
|poke|p1|Regidrago|
|poke|p1|Weezing-Galar, F|
|poke|p2|Great Tusk|
|poke|p2|Dragonite, M|
|poke|p2|Kingambit, F|
|poke|p2|Samurott-Hisui, F|
|poke|p2|Slowking-Galar, F|
|poke|p2|Sinistcha|
|teampreview
|inactive|Battle timer is ON: inactive players will automatically lose when time's up. (requested by Ornaug)
|
|t:|1743885906
|start
|switch|p1a: Cinderace|Cinderace, M|100/100
|switch|p2a: Great Tusk|Great Tusk|100/100
|turn|1
|
|t:|1743885914
|move|p1a: Cinderace|U-turn|p2a: Great Tusk
|-start|p1a: Cinderace|typechange|Bug|[from] ability: Libero
|-resisted|p2a: Great Tusk
|-damage|p2a: Great Tusk|90/100
|
|t:|1743885925
|switch|p1a: Gliscor|Gliscor, M|100/100|[from] U-turn
|move|p2a: Great Tusk|Headlong Rush|p1a: Gliscor
|-immune|p1a: Gliscor
|
|-heal|p2a: Great Tusk|96/100|[from] item: Leftovers
|-status|p1a: Gliscor|tox|[from] item: Toxic Orb
|upkeep
|turn|2
|
|t:|1743885931
|move|p2a: Great Tusk|Stealth Rock|p1a: Gliscor
|-sidestart|p1: Ornaug|move: Stealth Rock
|move|p1a: Gliscor|Toxic|p2a: Great Tusk
|-status|p2a: Great Tusk|tox
|
|-heal|p2a: Great Tusk|100/100 tox|[from] item: Leftovers
|-damage|p2a: Great Tusk|94/100 tox|[from] psn
|upkeep
|turn|3
|
|t:|1743885934
|move|p2a: Great Tusk|Ice Spinner|p1a: Gliscor
|-supereffective|p1a: Gliscor
|-damage|p1a: Gliscor|47/100 tox
|move|p1a: Gliscor|U-turn|p2a: Great Tusk
|-resisted|p2a: Great Tusk
|-damage|p2a: Great Tusk|89/100 tox
|
|t:|1743885942
|switch|p1a: Cinderace|Cinderace, M|100/100|[from] U-turn
|
|-heal|p2a: Great Tusk|95/100 tox|[from] item: Leftovers
|-damage|p2a: Great Tusk|83/100 tox|[from] psn
|upkeep
|turn|4
|
|t:|1743885949
|move|p1a: Cinderace|Pyro Ball|p2a: Great Tusk
|-damage|p2a: Great Tusk|48/100 tox
|move|p2a: Great Tusk|Rapid Spin|p1a: Cinderace
|-damage|p1a: Cinderace|78/100
|-boost|p2a: Great Tusk|spe|1
|
|-heal|p2a: Great Tusk|54/100 tox|[from] item: Leftovers
|-damage|p2a: Great Tusk|36/100 tox|[from] psn
|upkeep
|turn|5
|
|t:|1743885961
|switch|p1a: Gliscor|Gliscor, M|47/100 tox
|-damage|p1a: Gliscor|35/100 tox|[from] Stealth Rock
|move|p2a: Great Tusk|Ice Spinner|p1a: Gliscor
|-supereffective|p1a: Gliscor
|-damage|p1a: Gliscor|0 fnt
|faint|p1a: Gliscor
|
|-heal|p2a: Great Tusk|42/100 tox|[from] item: Leftovers
|-damage|p2a: Great Tusk|17/100 tox|[from] psn
|upkeep
|
|t:|1743885985
|switch|p1a: Cinderace|Cinderace, M|78/100
|turn|6
|
|t:|1743885996
|switch|p1a: Weezing|Weezing-Galar, F|100/100
|-ability|p1a: Weezing|Neutralizing Gas
|move|p2a: Great Tusk|Headlong Rush|p1a: Weezing
|-supereffective|p1a: Weezing
|-damage|p1a: Weezing|32/100
|-unboost|p2a: Great Tusk|def|1
|-unboost|p2a: Great Tusk|spd|1
|
|-heal|p2a: Great Tusk|23/100 tox|[from] item: Leftovers
|-damage|p2a: Great Tusk|0 fnt|[from] psn
|faint|p2a: Great Tusk
|-end|p2a: Great Tusk|Protosynthesis|[silent]
|upkeep
|
|t:|1743886010
|switch|p2a: Kingambit|Kingambit, F|100/100
|turn|7
|
|t:|1743886015
|move|p2a: Kingambit|Iron Head|p1a: Weezing
|-supereffective|p1a: Weezing
|-damage|p1a: Weezing|0 fnt
|faint|p1a: Weezing
|-end|p1a: Weezing|ability: Neutralizing Gas
|
|upkeep
|
|t:|1743886018
|switch|p1a: Cinderace|Cinderace, M|78/100
|turn|8
|
|t:|1743886023
|move|p1a: Cinderace|Pyro Ball|p2a: Kingambit
|-supereffective|p2a: Kingambit
|-damage|p2a: Kingambit|8/100
|move|p2a: Kingambit|Kowtow Cleave|p1a: Cinderace
|-damage|p1a: Cinderace|15/100
|
|upkeep
|turn|9
|
|t:|1743886030
|move|p1a: Cinderace|Court Change|p1a: Cinderace
|-start|p1a: Cinderace|typechange|Normal|[from] ability: Libero
|-swapsideconditions
|-activate|p1a: Cinderace|move: Court Change
|move|p2a: Kingambit|Kowtow Cleave|p1a: Cinderace
|-damage|p1a: Cinderace|0 fnt
|faint|p1a: Cinderace
|
|upkeep
|
|t:|1743886040
|switch|p1a: Regidrago|Regidrago|100/100
|turn|10
|
|t:|1743886044
|move|p2a: Kingambit|Sucker Punch|p1a: Regidrago
|-damage|p1a: Regidrago|59/100
|move|p1a: Regidrago|Earth Power|p2a: Kingambit
|-supereffective|p2a: Kingambit
|-damage|p2a: Kingambit|0 fnt
|faint|p2a: Kingambit
|
|upkeep
|
|t:|1743886052
|switch|p2a: Samurott|Samurott-Hisui, F|100/100
|turn|11
|
|t:|1743886057
|move|p1a: Regidrago|Earth Power|p2a: Samurott
|-damage|p2a: Samurott|54/100
|move|p2a: Samurott|Ceaseless Edge|p1a: Regidrago
|-damage|p1a: Regidrago|8/100
|-sidestart|p1: Ornaug|Spikes
|
|upkeep
|turn|12
|
|t:|1743886063
|move|p1a: Regidrago|Earth Power|p2a: Samurott
|-damage|p2a: Samurott|13/100
|move|p2a: Samurott|Ceaseless Edge|p1a: Regidrago
|-damage|p1a: Regidrago|0 fnt
|-sidestart|p1: Ornaug|Spikes
|faint|p1a: Regidrago
|
|upkeep
|
|t:|1743886068
|switch|p1a: Primarina|Primarina, M|100/100
|-damage|p1a: Primarina|84/100|[from] Spikes
|turn|13
|
|t:|1743886071
|move|p2a: Samurott|Knock Off|p1a: Primarina
|-resisted|p1a: Primarina
|-damage|p1a: Primarina|66/100
|-enditem|p1a: Primarina|Leftovers|[from] move: Knock Off|[of] p2a: Samurott
|move|p1a: Primarina|Substitute|p1a: Primarina
|-start|p1a: Primarina|Substitute
|-damage|p1a: Primarina|41/100
|
|upkeep
|turn|14
|
|t:|1743886079
|move|p2a: Samurott|Razor Shell|p1a: Primarina
|-resisted|p1a: Primarina
|-activate|p1a: Primarina|move: Substitute|[damage]
|move|p1a: Primarina|Draining Kiss|p2a: Samurott
|-supereffective|p2a: Samurott
|-damage|p2a: Samurott|0 fnt
|-heal|p1a: Primarina|49/100|[from] drain|[of] p2a: Samurott
|faint|p2a: Samurott
|
|upkeep
|
|t:|1743886085
|switch|p2a: Slowking|Slowking-Galar, F|100/100
|-damage|p2a: Slowking|88/100|[from] Stealth Rock
|turn|15
|
|t:|1743886092
|-terastallize|p1a: Primarina|Steel
|move|p1a: Primarina|Calm Mind|p1a: Primarina
|-boost|p1a: Primarina|spa|1
|-boost|p1a: Primarina|spd|1
|move|p2a: Slowking|Sludge Bomb|p1a: Primarina
|-immune|p1a: Primarina
|
|upkeep
|turn|16
|
|t:|1743886101
|move|p1a: Primarina|Calm Mind|p1a: Primarina
|-boost|p1a: Primarina|spa|1
|-boost|p1a: Primarina|spd|1
|move|p2a: Slowking|Flamethrower|p1a: Primarina
|-supereffective|p1a: Primarina
|-end|p1a: Primarina|Substitute
|
|upkeep
|turn|17
|
|t:|1743886111
|move|p1a: Primarina|Substitute|p1a: Primarina
|-start|p1a: Primarina|Substitute
|-damage|p1a: Primarina|24/100
|move|p2a: Slowking|Flamethrower|p1a: Primarina
|-supereffective|p1a: Primarina
|-activate|p1a: Primarina|move: Substitute|[damage]
|
|upkeep
|turn|18
|
|t:|1743886117
|move|p1a: Primarina|Calm Mind|p1a: Primarina
|-boost|p1a: Primarina|spa|1
|-boost|p1a: Primarina|spd|1
|move|p2a: Slowking|Flamethrower|p1a: Primarina
|-supereffective|p1a: Primarina
|-end|p1a: Primarina|Substitute
|
|upkeep
|turn|19
|
|t:|1743886123
|move|p1a: Primarina|Draining Kiss|p2a: Slowking
|-resisted|p2a: Slowking
|-damage|p2a: Slowking|76/100
|-heal|p1a: Primarina|34/100|[from] drain|[of] p2a: Slowking
|move|p2a: Slowking|Flamethrower|p1a: Primarina
|-supereffective|p1a: Primarina
|-damage|p1a: Primarina|16/100
|-status|p1a: Primarina|brn
|
|-damage|p1a: Primarina|10/100 brn|[from] brn
|upkeep
|turn|20
|
|t:|1743886128
|move|p1a: Primarina|Psychic Noise|p2a: Slowking
|-damage|p2a: Slowking|36/100
|-start|p2a: Slowking|move: Heal Block
|move|p2a: Slowking|Flamethrower|p1a: Primarina
|-supereffective|p1a: Primarina
|-damage|p1a: Primarina|0 fnt
|faint|p1a: Primarina
|
|upkeep
|
|t:|1743886132
|switch|p1a: Frosmoth|Frosmoth, M|100/100
|turn|21
|
|t:|1743886136
|move|p1a: Frosmoth|Quiver Dance|p1a: Frosmoth
|-boost|p1a: Frosmoth|spa|1
|-boost|p1a: Frosmoth|spd|1
|-boost|p1a: Frosmoth|spe|1
|move|p2a: Slowking|Flamethrower|p1a: Frosmoth
|-supereffective|p1a: Frosmoth
|-damage|p1a: Frosmoth|72/100
|
|-end|p2a: Slowking|move: Heal Block
|upkeep
|turn|22
|
|t:|1743886142
|move|p1a: Frosmoth|Quiver Dance|p1a: Frosmoth
|-boost|p1a: Frosmoth|spa|1
|-boost|p1a: Frosmoth|spd|1
|-boost|p1a: Frosmoth|spe|1
|move|p2a: Slowking|Flamethrower|p1a: Frosmoth
|-supereffective|p1a: Frosmoth
|-damage|p1a: Frosmoth|51/100
|
|upkeep
|turn|23
|
|t:|1743886153
|move|p1a: Frosmoth|Quiver Dance|p1a: Frosmoth
|-boost|p1a: Frosmoth|spa|1
|-boost|p1a: Frosmoth|spd|1
|-boost|p1a: Frosmoth|spe|1
|move|p2a: Slowking|Flamethrower|p1a: Frosmoth
|-supereffective|p1a: Frosmoth
|-damage|p1a: Frosmoth|34/100
|
|upkeep
|turn|24
|
|t:|1743886158
|move|p1a: Frosmoth|Giga Drain|p2a: Slowking
|-resisted|p2a: Slowking
|-damage|p2a: Slowking|23/100
|-heal|p1a: Frosmoth|42/100|[from] drain|[of] p2a: Slowking
|move|p2a: Slowking|Flamethrower|p1a: Frosmoth
|-supereffective|p1a: Frosmoth
|-damage|p1a: Frosmoth|25/100
|
|upkeep
|turn|25
|
|t:|1743886161
|move|p1a: Frosmoth|Ice Beam|p2a: Slowking
|-damage|p2a: Slowking|0 fnt
|faint|p2a: Slowking
|
|upkeep
|
|t:|1743886164
|switch|p2a: Dragonite|Dragonite, M|100/100
|turn|26
|
|t:|1743886166
|-terastallize|p2a: Dragonite|Normal
|move|p2a: Dragonite|Extreme Speed|p1a: Frosmoth
|-damage|p1a: Frosmoth|0 fnt
|faint|p1a: Frosmoth
|
|win|Cane_Corsola
|raw|Ornaug's rating: 1399 &rarr; <strong>1380</strong><br />(-19 for losing)
|raw|Cane_Corsola's rating: 1423 &rarr; <strong>1442</strong><br />(+19 for winning)
|l|☆Ornaug
|player|p1|
|l|☆Cane_Corsola
|player|p2|
