|j|☆dadwadawdwa
|j|☆Ran Paul
|t:|1743933020
|gametype|singles
|player|p1|dadwadawdwa|102|1071
|player|p2|Ran Paul|drayden|1026
|teamsize|p1|6
|teamsize|p2|6
|gen|9
|tier|[Gen 9] OU
|rated|
|rule|HP Percentage Mod: HP is shown in percentages
|rule|Endless Battle Clause: Forcing endless battles is banned
|rule|Species Clause: Limit one of each Pokémon
|rule|OHKO Clause: OHKO moves are banned
|rule|Evasion Items Clause: Evasion items are banned
|rule|Evasion Moves Clause: Evasion moves are banned
|rule|Sleep Moves Clause: Sleep-inducing moves are banned
|clearpoke
|poke|p1|Samurott-Hisui, M|
|poke|p1|Iron Valiant|
|poke|p1|Kingambit, F|
|poke|p1|Ogerpon-Cornerstone, F|
|poke|p1|Deoxys-Speed|
|poke|p1|Dragonite, F|
|poke|p2|Delibird, M|
|poke|p2|Orthworm, M|
|poke|p2|Ceruledge, M|
|poke|p2|Cresselia, F|
|poke|p2|Umbreon, M|
|poke|p2|Morpeko, M|
|teampreview
|
|t:|1743933035
|start
|switch|p1a: Deoxys|Deoxys-Speed|100/100
|switch|p2a: Iron-Bundle|Delibird, M|100/100
|-ability|p1a: Deoxys|Pressure
|turn|1
|
|t:|1743933045
|-terastallize|p2a: Iron-Bundle|Normal
|move|p2a: Iron-Bundle|Fake Out|p1a: Deoxys
|-enditem|p2a: Iron-Bundle|Normal Gem|[from] gem
|-damage|p1a: Deoxys|66/100
|cant|p1a: Deoxys|flinch
|
|upkeep
|turn|2
|inactive|Battle timer is ON: inactive players will automatically lose when time's up. (requested by Ran Paul)
|
|t:|1743933063
|move|p1a: Deoxys|Stealth Rock|p2a: Iron-Bundle
|-sidestart|p2: Ran Paul|move: Stealth Rock
|move|p2a: Iron-Bundle|Present|p1a: Deoxys
|-damage|p1a: Deoxys|0 fnt
|faint|p1a: Deoxys
|
|upkeep
|c|☆Ran Paul|OH SHIT
|
|t:|1743933080
|switch|p1a: Ogerpon|Ogerpon-Cornerstone, F|100/100
|turn|3
|n|!Ran Paul|ranpaul
|inactive|Ran Paul has 120 seconds left.
|
|t:|1743933116
|move|p1a: Ogerpon|Swords Dance|p1a: Ogerpon
|-boost|p1a: Ogerpon|atk|2
|move|p2a: Iron-Bundle|Acrobatics|p1a: Ogerpon
|-damage|p1a: Ogerpon|36/100
|
|upkeep
|turn|4
|inactive|Ran Paul has 120 seconds left.
|
|t:|1743933122
|move|p1a: Ogerpon|Ivy Cudgel|p2a: Iron-Bundle|[anim] Ivy Cudgel Rock
|-damage|p2a: Iron-Bundle|0 fnt
|faint|p2a: Iron-Bundle
|
|upkeep
|inactive|Ran Paul has 120 seconds left.
|
|t:|1743933138
|switch|p2a: Suckle|Orthworm, M|100/100
|-damage|p2a: Suckle|94/100|[from] Stealth Rock
|turn|5
|
|t:|1743933144
|move|p1a: Ogerpon|Superpower|p2a: Suckle
|-supereffective|p2a: Suckle
|-damage|p2a: Suckle|0 fnt
|-unboost|p1a: Ogerpon|atk|1
|-unboost|p1a: Ogerpon|def|1
|faint|p2a: Suckle
|
|upkeep
|inactive|Ran Paul has 120 seconds left.
|
|t:|1743933163
|switch|p2a: PikaToo|Morpeko, M|100/100
|turn|6
|
|t:|1743933177
|move|p1a: Ogerpon|Ivy Cudgel|p2a: PikaToo|[anim] Ivy Cudgel Rock
|-damage|p2a: PikaToo|0 fnt
|faint|p2a: PikaToo
|
|upkeep
|
|t:|1743933183
|switch|p2a: Kirito|Ceruledge, M|100/100
|-damage|p2a: Kirito|76/100|[from] Stealth Rock
|turn|7
|
|t:|1743933189
|move|p1a: Ogerpon|Ivy Cudgel|p2a: Kirito|[anim] Ivy Cudgel Rock
|-supereffective|p2a: Kirito
|-crit|p2a: Kirito
|-damage|p2a: Kirito|0 fnt
|faint|p2a: Kirito
|
|upkeep
|
|t:|1743933192
|switch|p2a: Watereon|Umbreon, M, shiny|100/100
|-damage|p2a: Watereon|88/100|[from] Stealth Rock
|turn|8
|-message|Ran Paul forfeited.
|
|win|dadwadawdwa
