|j|☆Itkenreiza
|j|☆2(H2O)-Alt
|t:|1743856566
|gametype|singles
|player|p1|Itkenreiza|102|1581
|player|p2|2(H2O)-Alt|chase|1690
|teamsize|p1|6
|teamsize|p2|6
|gen|9
|tier|[Gen 9] OU
|rated|
|rule|HP Percentage Mod: HP is shown in percentages
|rule|Endless Battle Clause: Forcing endless battles is banned
|rule|Species Clause: Limit one of each Pokémon
|rule|OHKO Clause: OHKO moves are banned
|rule|Evasion Items Clause: Evasion items are banned
|rule|Evasion Moves Clause: Evasion moves are banned
|rule|Sleep Moves Clause: Sleep-inducing moves are banned
|clearpoke
|poke|p1|Cinderace, M|
|poke|p1|Enamorus, F|
|poke|p1|Ogerpon-Wellspring, F|
|poke|p1|Basculegion, M|
|poke|p1|Zapdos-Galar|
|poke|p1|Politoed, F|
|poke|p2|Cinderace, M|
|poke|p2|Kingambit, M|
|poke|p2|Kyurem|
|poke|p2|Darkrai|
|poke|p2|Alomomola, F|
|poke|p2|Clodsire, M|
|teampreview
|inactive|Battle timer is ON: inactive players will automatically lose when time's up. (requested by Itkenreiza)
|c|☆2(H2O)-Alt|Hey
|c|☆2(H2O)-Alt|hf
|c|☆Itkenreiza|ah man
|c|☆Itkenreiza|you know my tricks now lol
|inactive|2(H2O)-Alt has 120 seconds left.
|
|t:|1743856598
|start
|switch|p1a: Zapdos|Zapdos-Galar|100/100
|switch|p2a: Darkrai|Darkrai|100/100
|turn|1
|
|t:|1743856604
|move|p1a: Zapdos|U-turn|p2a: Darkrai
|-supereffective|p2a: Darkrai
|-damage|p2a: Darkrai|32/100
|
|t:|1743856614
|switch|p1a: Politoed|Politoed, F|100/100|[from] U-turn
|-weather|RainDance|[from] ability: Drizzle|[of] p1a: Politoed
|move|p2a: Darkrai|Ice Beam|p1a: Politoed
|-resisted|p1a: Politoed
|-damage|p1a: Politoed|81/100
|
|-weather|RainDance|[upkeep]
|upkeep
|turn|2
|
|t:|1743856623
|switch|p2a: Alomomola|Alomomola, F|100/100
|move|p1a: Politoed|Hydro Pump|p2a: Alomomola
|-resisted|p2a: Alomomola
|-damage|p2a: Alomomola|80/100
|
|-weather|RainDance|[upkeep]
|upkeep
|turn|3
|
|t:|1743856628
|switch|p1a: Ogerpon|Ogerpon-Wellspring, F|100/100
|move|p2a: Alomomola|Flip Turn|p1a: Ogerpon
|-immune|p1a: Ogerpon|[from] ability: Water Absorb
|
|-weather|RainDance|[upkeep]
|upkeep
|turn|4
|
|t:|1743856643
|switch|p2a: Kyurem|Kyurem|100/100
|-ability|p2a: Kyurem|Pressure
|move|p1a: Ogerpon|Swords Dance|p1a: Ogerpon
|-boost|p1a: Ogerpon|atk|2
|
|-weather|RainDance|[upkeep]
|upkeep
|turn|5
|
|t:|1743856653
|-terastallize|p1a: Ogerpon|Water
|detailschange|p1a: Ogerpon|Ogerpon-Wellspring-Tera, F, tera:Water
|-ability|p1a: Ogerpon|Embody Aspect (Wellspring)|boost
|-boost|p1a: Ogerpon|spd|1
|move|p1a: Ogerpon|Ivy Cudgel|p2a: Kyurem|[anim] Ivy Cudgel Water
|-resisted|p2a: Kyurem
|-damage|p2a: Kyurem|0 fnt
|faint|p2a: Kyurem
|
|-weather|RainDance|[upkeep]
|upkeep
|
|t:|1743856661
|switch|p2a: Cinderace|Cinderace, M|100/100
|turn|6
|
|t:|1743856664
|move|p2a: Cinderace|U-turn|p1a: Ogerpon
|-damage|p1a: Ogerpon|69/100
|
|t:|1743856668
|switch|p2a: Clodsire|Clodsire, M|100/100|[from] U-turn
|move|p1a: Ogerpon|Ivy Cudgel|p2a: Clodsire|[anim] Ivy Cudgel Water
|-supereffective|p2a: Clodsire
|-damage|p2a: Clodsire|0 fnt
|faint|p2a: Clodsire
|
|-weather|RainDance|[upkeep]
|upkeep
|
|t:|1743856670
|switch|p2a: Cinderace|Cinderace, M|100/100
|turn|7
|
|t:|1743856673
|move|p2a: Cinderace|Will-O-Wisp|p1a: Ogerpon
|-status|p1a: Ogerpon|brn
|move|p1a: Ogerpon|Horn Leech|p2a: Cinderace
|-resisted|p2a: Cinderace
|-damage|p2a: Cinderace|71/100
|-heal|p1a: Ogerpon|84/100 brn|[from] drain|[of] p2a: Cinderace
|
|-weather|RainDance|[upkeep]
|-damage|p1a: Ogerpon|78/100 brn|[from] brn
|upkeep
|turn|8
|
|t:|1743856676
|move|p2a: Cinderace|U-turn|p1a: Ogerpon
|-damage|p1a: Ogerpon|48/100 brn
|
|t:|1743856681
|switch|p2a: Darkrai|Darkrai|32/100|[from] U-turn
|move|p1a: Ogerpon|Swords Dance|p1a: Ogerpon
|-boost|p1a: Ogerpon|atk|2
|
|-weather|none
|-damage|p1a: Ogerpon|42/100 brn|[from] brn
|upkeep
|turn|9
|
|t:|1743856687
|move|p2a: Darkrai|Dark Pulse|p1a: Ogerpon
|-damage|p1a: Ogerpon|0 fnt
|faint|p1a: Ogerpon
|
|upkeep
|
|t:|1743856692
|switch|p1a: Zapdos|Zapdos-Galar|100/100
|turn|10
|
|t:|1743856695
|switch|p2a: Alomomola|Alomomola, F|100/100
|move|p1a: Zapdos|U-turn|p2a: Alomomola
|-damage|p2a: Alomomola|83/100
|
|t:|1743856698
|switch|p1a: Politoed|Politoed, F|81/100|[from] U-turn
|-weather|RainDance|[from] ability: Drizzle|[of] p1a: Politoed
|
|-weather|RainDance|[upkeep]
|upkeep
|turn|11
|
|t:|1743856705
|move|p1a: Politoed|Hydro Pump|p2a: Alomomola
|-resisted|p2a: Alomomola
|-damage|p2a: Alomomola|64/100
|move|p2a: Alomomola|Flip Turn|p1a: Politoed
|-resisted|p1a: Politoed
|-damage|p1a: Politoed|68/100
|
|t:|1743856709
|switch|p2a: Darkrai|Darkrai|32/100|[from] Flip Turn
|
|-weather|RainDance|[upkeep]
|upkeep
|turn|12
|
|t:|1743856721
|switch|p1a: Cinderace|Cinderace, M|100/100
|move|p2a: Darkrai|Dark Pulse|p1a: Cinderace
|-damage|p1a: Cinderace|2/100
|
|-weather|RainDance|[upkeep]
|upkeep
|turn|13
|
|t:|1743856726
|move|p2a: Darkrai|Dark Pulse|p1a: Cinderace
|-damage|p1a: Cinderace|0 fnt
|faint|p1a: Cinderace
|
|-weather|RainDance|[upkeep]
|upkeep
|
|t:|1743856729
|switch|p1a: Zapdos|Zapdos-Galar|100/100
|turn|14
|
|t:|1743856734
|switch|p2a: Alomomola|Alomomola, F|97/100
|move|p1a: Zapdos|U-turn|p2a: Alomomola
|-damage|p2a: Alomomola|81/100
|
|t:|1743856736
|switch|p1a: Enamorus|Enamorus, F|100/100|[from] U-turn
|
|-weather|RainDance|[upkeep]
|upkeep
|turn|15
|
|t:|1743856741
|move|p1a: Enamorus|Superpower|p2a: Alomomola
|-damage|p2a: Alomomola|62/100
|-boost|p1a: Enamorus|atk|1
|-boost|p1a: Enamorus|def|1
|move|p2a: Alomomola|Flip Turn|p1a: Enamorus
|-damage|p1a: Enamorus|76/100
|
|t:|1743856744
|switch|p2a: Darkrai|Darkrai|32/100|[from] Flip Turn
|
|-weather|RainDance|[upkeep]
|upkeep
|turn|16
|
|t:|1743856753
|switch|p1a: Basculegion|Basculegion, M|100/100
|move|p2a: Darkrai|Sludge Bomb|p1a: Basculegion
|-resisted|p1a: Basculegion
|-damage|p1a: Basculegion|73/100
|-status|p1a: Basculegion|psn
|
|-weather|RainDance|[upkeep]
|-damage|p1a: Basculegion|61/100 psn|[from] psn
|upkeep
|turn|17
|
|t:|1743856759
|switch|p2a: Alomomola|Alomomola, F|95/100
|move|p1a: Basculegion|Flip Turn|p2a: Alomomola
|-resisted|p2a: Alomomola
|-damage|p2a: Alomomola|70/100
|
|t:|1743856762
|switch|p1a: Zapdos|Zapdos-Galar|100/100|[from] Flip Turn
|
|-weather|none
|upkeep
|turn|18
|
|t:|1743856768
|move|p1a: Zapdos|Thunderous Kick|p2a: Alomomola
|-damage|p2a: Alomomola|38/100
|-unboost|p2a: Alomomola|def|1
|move|p2a: Alomomola|Flip Turn|p1a: Zapdos
|-damage|p1a: Zapdos|81/100
|
|t:|1743856772
|switch|p2a: Cinderace|Cinderace, M|71/100|[from] Flip Turn
|
|upkeep
|turn|19
|
|t:|1743856777
|move|p1a: Zapdos|Thunderous Kick|p2a: Cinderace
|-damage|p2a: Cinderace|0 fnt
|faint|p2a: Cinderace
|
|upkeep
|
|t:|1743856782
|switch|p2a: Alomomola|Alomomola, F|71/100
|turn|20
|
|t:|1743856787
|move|p1a: Zapdos|Thunderous Kick|p2a: Alomomola
|-damage|p2a: Alomomola|39/100
|-unboost|p2a: Alomomola|def|1
|move|p2a: Alomomola|Scald|p1a: Zapdos
|-damage|p1a: Zapdos|66/100
|-status|p1a: Zapdos|brn
|
|-damage|p1a: Zapdos|59/100 brn|[from] brn
|upkeep
|turn|21
|
|t:|1743856796
|move|p1a: Zapdos|Thunderous Kick|p2a: Alomomola
|-damage|p2a: Alomomola|13/100
|-unboost|p2a: Alomomola|def|1
|move|p2a: Alomomola|Flip Turn|p1a: Zapdos
|-damage|p1a: Zapdos|40/100 brn
|
|t:|1743856799
|switch|p2a: Kingambit|Kingambit, M|100/100|[from] Flip Turn
|-activate|p2a: Kingambit|ability: Supreme Overlord
|-start|p2a: Kingambit|fallen3|[silent]
|
|-damage|p1a: Zapdos|34/100 brn|[from] brn
|upkeep
|turn|22
|
|t:|1743856803
|move|p2a: Kingambit|Sucker Punch|p1a: Zapdos
|-resisted|p1a: Zapdos
|-damage|p1a: Zapdos|0 fnt
|faint|p1a: Zapdos
|
|upkeep
|
|t:|1743856805
|switch|p1a: Politoed|Politoed, F|68/100
|-weather|RainDance|[from] ability: Drizzle|[of] p1a: Politoed
|turn|23
|
|t:|1743856808
|-end|p2a: Kingambit|fallen3|[silent]
|switch|p2a: Alomomola|Alomomola, F|46/100
|move|p1a: Politoed|Encore||[still]
|-fail|p1a: Politoed
|
|-weather|RainDance|[upkeep]
|upkeep
|turn|24
|
|t:|1743856815
|move|p1a: Politoed|Hydro Pump|p2a: Alomomola|[miss]
|-miss|p1a: Politoed|p2a: Alomomola
|move|p2a: Alomomola|Flip Turn|p1a: Politoed
|-resisted|p1a: Politoed
|-damage|p1a: Politoed|56/100
|
|t:|1743856818
|switch|p2a: Darkrai|Darkrai|32/100|[from] Flip Turn
|
|-weather|RainDance|[upkeep]
|upkeep
|turn|25
|
|t:|1743856824
|move|p2a: Darkrai|Dark Pulse|p1a: Politoed
|-damage|p1a: Politoed|0 fnt
|faint|p1a: Politoed
|
|-weather|RainDance|[upkeep]
|upkeep
|
|t:|1743856826
|switch|p1a: Basculegion|Basculegion, M|61/100 psn
|turn|26
|
|t:|1743856828
|switch|p2a: Alomomola|Alomomola, F|79/100
|move|p1a: Basculegion|Wave Crash|p2a: Alomomola
|-resisted|p2a: Alomomola
|-damage|p2a: Alomomola|36/100
|-damage|p1a: Basculegion|43/100 psn|[from] Recoil
|
|-weather|RainDance|[upkeep]
|-damage|p1a: Basculegion|31/100 psn|[from] psn
|upkeep
|turn|27
|
|t:|1743856842
|switch|p2a: Kingambit|Kingambit, M|100/100
|-activate|p2a: Kingambit|ability: Supreme Overlord
|-start|p2a: Kingambit|fallen3|[silent]
|move|p1a: Basculegion|Wave Crash|p2a: Kingambit
|-damage|p2a: Kingambit|0 fnt
|faint|p2a: Kingambit
|-end|p2a: Kingambit|fallen3|[silent]
|-damage|p1a: Basculegion|1/100 psn|[from] Recoil
|
|-weather|RainDance|[upkeep]
|-damage|p1a: Basculegion|0 fnt|[from] psn
|faint|p1a: Basculegion
|upkeep
|c|☆Itkenreiza|gg
|
|t:|1743856850
|switch|p1a: Enamorus|Enamorus, F|76/100
|switch|p2a: Darkrai|Darkrai|32/100
|turn|28
|
|t:|1743856854
|move|p2a: Darkrai|Ice Beam|p1a: Enamorus
|-supereffective|p1a: Enamorus
|-damage|p1a: Enamorus|0 fnt
|faint|p1a: Enamorus
|
|win|2(H2O)-Alt
|raw|Itkenreiza's rating: 1581 &rarr; <strong>1567</strong><br />(-14 for losing)
|raw|2(H2O)-Alt's rating: 1690 &rarr; <strong>1704</strong><br />(+14 for winning)
|c|☆2(H2O)-Alt|Gg
|l|☆Itkenreiza
|player|p1|
|l|☆2(H2O)-Alt
|player|p2|
