|j|☆LaffiDragon
|j|☆ianfer_15
|t:|1743886522
|gametype|singles
|player|p1|LaffiDragon|266|1208
|player|p2|ianfer_15|psychic|1194
|teamsize|p1|6
|teamsize|p2|6
|gen|9
|tier|[Gen 9] OU
|rated|
|rule|HP Percentage Mod: HP is shown in percentages
|rule|Endless Battle Clause: Forcing endless battles is banned
|rule|Species Clause: Limit one of each Pokémon
|rule|OHKO Clause: OHKO moves are banned
|rule|Evasion Items Clause: Evasion items are banned
|rule|Evasion Moves Clause: Evasion moves are banned
|rule|Sleep Moves Clause: Sleep-inducing moves are banned
|clearpoke
|poke|p1|Glimmora, M|
|poke|p1|Zamazenta-*|
|poke|p1|Latias, F|
|poke|p1|Gholdengo|
|poke|p1|Dragonite, F|
|poke|p1|Weavile, M|
|poke|p2|Meowscarada, M|
|poke|p2|Pawmot, M|
|poke|p2|Tinkaton, F|
|poke|p2|Tauros-Paldea-Aqua, M|
|poke|p2|Maushold-Four|
|poke|p2|Armarouge, M|
|teampreview
|inactive|Battle timer is ON: inactive players will automatically lose when time's up. (requested by ianfer_15)
|
|t:|1743886531
|start
|switch|p1a: Glimmora|Glimmora, M|100/100
|switch|p2a: Joker|Meowscarada, M|100/100
|turn|1
|
|t:|1743886537
|switch|p2a: Armarouge|Armarouge, M|100/100
|move|p1a: Glimmora|Spikes|p2a: Armarouge
|-sidestart|p2: ianfer_15|Spikes
|
|upkeep
|turn|2
|
|t:|1743886542
|move|p2a: Armarouge|Psyshock|p1a: Glimmora
|-supereffective|p1a: Glimmora
|-damage|p1a: Glimmora|23/100
|-enditem|p1a: Glimmora|Red Card|[of] p2a: Armarouge
|drag|p2a: Pawmot|Pawmot, M|100/100
|-damage|p2a: Pawmot|88/100|[from] Spikes
|move|p1a: Glimmora|Stealth Rock|p2a: Pawmot
|-sidestart|p2: ianfer_15|move: Stealth Rock
|
|upkeep
|turn|3
|
|t:|1743886550
|move|p2a: Pawmot|Thunder Punch|p1a: Glimmora
|-damage|p1a: Glimmora|0 fnt
|-activate|p1a: Glimmora|ability: Toxic Debris
|-sidestart|p2: ianfer_15|move: Toxic Spikes
|faint|p1a: Glimmora
|
|upkeep
|
|t:|1743886566
|switch|p1a: Zamazenta|Zamazenta|100/100
|-ability|p1a: Zamazenta|Dauntless Shield|boost
|-boost|p1a: Zamazenta|def|1
|turn|4
|
|t:|1743886571
|move|p1a: Zamazenta|Iron Defense|p1a: Zamazenta
|-boost|p1a: Zamazenta|def|2
|move|p2a: Pawmot|Nuzzle|p1a: Zamazenta
|-damage|p1a: Zamazenta|98/100
|-status|p1a: Zamazenta|par
|
|-heal|p1a: Zamazenta|100/100 par|[from] item: Leftovers
|upkeep
|turn|5
|
|t:|1743886578
|switch|p2a: Miss Trunchbull|Tinkaton, F|100/100
|-damage|p2a: Miss Trunchbull|88/100|[from] Spikes
|-damage|p2a: Miss Trunchbull|82/100|[from] Stealth Rock
|-ability|p2a: Miss Trunchbull|Mold Breaker
|cant|p1a: Zamazenta|par
|
|upkeep
|turn|6
|
|t:|1743886593
|move|p2a: Miss Trunchbull|Play Rough|p1a: Zamazenta
|-supereffective|p1a: Zamazenta
|-damage|p1a: Zamazenta|81/100 par
|move|p1a: Zamazenta|Body Press|p2a: Miss Trunchbull
|-damage|p2a: Miss Trunchbull|0 fnt
|-damage|p1a: Zamazenta|65/100 par|[from] item: Rocky Helmet|[of] p2a: Miss Trunchbull
|faint|p2a: Miss Trunchbull
|
|-heal|p1a: Zamazenta|71/100 par|[from] item: Leftovers
|upkeep
|
|t:|1743886600
|switch|p2a: Joker|Meowscarada, M|100/100
|-damage|p2a: Joker|88/100|[from] Spikes
|-damage|p2a: Joker|76/100|[from] Stealth Rock
|-status|p2a: Joker|psn
|turn|7
|
|t:|1743886608
|move|p2a: Joker|Flower Trick|p1a: Zamazenta
|-start|p2a: Joker|typechange|Grass|[from] ability: Protean
|-crit|p1a: Zamazenta
|-damage|p1a: Zamazenta|11/100 par
|move|p1a: Zamazenta|Iron Defense|p1a: Zamazenta
|-boost|p1a: Zamazenta|def|2
|
|-heal|p1a: Zamazenta|17/100 par|[from] item: Leftovers
|-damage|p2a: Joker|64/100 psn|[from] psn
|upkeep
|turn|8
|
|t:|1743886620
|move|p2a: Joker|Flower Trick|p1a: Zamazenta
|-crit|p1a: Zamazenta
|-damage|p1a: Zamazenta|0 fnt
|faint|p1a: Zamazenta
|
|-damage|p2a: Joker|51/100 psn|[from] psn
|upkeep
|
|t:|1743886627
|switch|p1a: Weavile|Weavile, M|100/100
|turn|9
|
|t:|1743886631
|move|p1a: Weavile|Triple Axel|p2a: Joker
|-supereffective|p2a: Joker
|-damage|p2a: Joker|14/100 psn
|-supereffective|p2a: Joker
|-damage|p2a: Joker|0 fnt
|faint|p2a: Joker
|-hitcount|p2: Joker|2
|-damage|p1a: Weavile|91/100|[from] item: Life Orb
|
|upkeep
|
|t:|1743886637
|switch|p2a: Asterius|Tauros-Paldea-Aqua, M|100/100
|-damage|p2a: Asterius|88/100|[from] Spikes
|-damage|p2a: Asterius|82/100|[from] Stealth Rock
|-status|p2a: Asterius|psn
|-ability|p2a: Asterius|Intimidate|boost
|-unboost|p1a: Weavile|atk|1
|turn|10
|
|t:|1743886653
|switch|p1a: Gholdengo|Gholdengo|100/100
|switch|p2a: Jaq & Gus|Maushold-Four|100/100
|-damage|p2a: Jaq & Gus|88/100|[from] Spikes
|-damage|p2a: Jaq & Gus|76/100|[from] Stealth Rock
|-status|p2a: Jaq & Gus|psn
|
|-damage|p2a: Jaq & Gus|63/100 psn|[from] psn
|upkeep
|turn|11
|
|t:|1743886666
|-terastallize|p1a: Gholdengo|Fairy
|move|p2a: Jaq & Gus|Tidy Up|p2a: Jaq & Gus
|-sideend|p2: ianfer_15|Spikes
|-sideend|p2: ianfer_15|Toxic Spikes
|-sideend|p2: ianfer_15|Stealth Rock
|-activate|p2a: Jaq & Gus|move: Tidy Up
|-boost|p2a: Jaq & Gus|atk|1
|-boost|p2a: Jaq & Gus|spe|1
|move|p1a: Gholdengo|Dazzling Gleam|p2a: Jaq & Gus
|-damage|p2a: Jaq & Gus|0 fnt
|faint|p2a: Jaq & Gus
|
|upkeep
|
|t:|1743886684
|switch|p2a: Asterius|Tauros-Paldea-Aqua, M|82/100 psn
|-ability|p2a: Asterius|Intimidate|boost
|-unboost|p1a: Gholdengo|atk|1
|turn|12
|
|t:|1743886690
|move|p2a: Asterius|Raging Bull|p1a: Gholdengo
|-damage|p1a: Gholdengo|60/100
|move|p1a: Gholdengo|Thunderbolt|p2a: Asterius
|-supereffective|p2a: Asterius
|-damage|p2a: Asterius|17/100 psn
|
|-damage|p2a: Asterius|4/100 psn|[from] psn
|upkeep
|turn|13
|
|t:|1743886698
|move|p2a: Asterius|Raging Bull|p1a: Gholdengo
|-damage|p1a: Gholdengo|18/100
|move|p1a: Gholdengo|Nasty Plot|p1a: Gholdengo
|-boost|p1a: Gholdengo|spa|2
|
|-damage|p2a: Asterius|0 fnt|[from] psn
|faint|p2a: Asterius
|upkeep
|
|t:|1743886704
|switch|p2a: Pawmot|Pawmot, M|88/100
|turn|14
|-enditem|p1a: Gholdengo|Custap Berry|[eat]
|-activate|p1a: Gholdengo|item: Custap Berry|[consumed]
|
|t:|1743886708
|move|p1a: Gholdengo|Dazzling Gleam|p2a: Pawmot
|-supereffective|p2a: Pawmot
|-damage|p2a: Pawmot|0 fnt
|faint|p2a: Pawmot
|
|upkeep
|
|t:|1743886713
|switch|p2a: Armarouge|Armarouge, M|100/100
|turn|15
|
|t:|1743886720
|move|p2a: Armarouge|Psyshock|p1a: Gholdengo
|-damage|p1a: Gholdengo|0 fnt
|faint|p1a: Gholdengo
|
|upkeep
|
|t:|1743886727
|switch|p1a: Dragonite|Dragonite, F|100/100
|turn|16
|
|t:|1743886731
|move|p2a: Armarouge|Psyshock|p1a: Dragonite
|-damage|p1a: Dragonite|78/100
|move|p1a: Dragonite|Earthquake|p2a: Armarouge
|-supereffective|p2a: Armarouge
|-damage|p2a: Armarouge|13/100
|-ability|p2a: Armarouge|Weak Armor|boost
|-unboost|p2a: Armarouge|def|1
|-boost|p2a: Armarouge|spe|2
|
|upkeep
|turn|17
|
|t:|1743886738
|move|p1a: Dragonite|Extreme Speed|p2a: Armarouge
|-damage|p2a: Armarouge|0 fnt
|faint|p2a: Armarouge
|
|win|LaffiDragon
|raw|LaffiDragon's rating: 1208 &rarr; <strong>1232</strong><br />(+24 for winning)
|raw|ianfer_15's rating: 1194 &rarr; <strong>1170</strong><br />(-24 for losing)
|l|☆LaffiDragon
|player|p1|
