|j|☆beertusV
|j|☆John L Pokemon
|t:|1743870664
|gametype|singles
|player|p1|beertusV|silver|1184
|player|p2|John L Pokemon|2|1134
|teamsize|p1|6
|teamsize|p2|6
|gen|9
|tier|[Gen 9] OU
|rated|
|rule|HP Percentage Mod: HP is shown in percentages
|rule|Endless Battle Clause: Forcing endless battles is banned
|rule|Species Clause: Limit one of each Pokémon
|rule|OHKO Clause: OHKO moves are banned
|rule|Evasion Items Clause: Evasion items are banned
|rule|Evasion Moves Clause: Evasion moves are banned
|rule|Sleep Moves Clause: Sleep-inducing moves are banned
|clearpoke
|poke|p1|Samurott-Hisui, M|
|poke|p1|Rhyperior, M|
|poke|p1|Mimikyu, F|
|poke|p1|Corviknight, F|
|poke|p1|Slowbro, M|
|poke|p1|Poliwrath, M|
|poke|p2|Pelipper, M|
|poke|p2|Kingdra, F|
|poke|p2|Galvantula, M|
|poke|p2|Toxicroak, M|
|poke|p2|Corviknight, M|
|poke|p2|Serperior, F|
|teampreview
|inactive|Battle timer is ON: inactive players will automatically lose when time's up. (requested by John L Pokemon)
|
|t:|1743870718
|start
|switch|p1a: Samurott|Samurott-Hisui, M|100/100
|switch|p2a: Serperior|Serperior, F|100/100
|turn|1
|
|t:|1743870728
|move|p2a: Serperior|Leaf Storm|p1a: Samurott
|-supereffective|p1a: Samurott
|-damage|p1a: Samurott|0 fnt
|-boost|p2a: Serperior|spa|2
|faint|p1a: Samurott
|
|upkeep
|
|t:|1743870749
|switch|p1a: mimy|Mimikyu, F|100/100
|turn|2
|
|t:|1743870767
|move|p2a: Serperior|Leaf Storm|p1a: mimy
|-activate|p1a: mimy|ability: Disguise
|-damage|p1a: mimy|100/100
|-boost|p2a: Serperior|spa|2
|detailschange|p1a: mimy|Mimikyu-Busted, F
|-damage|p1a: mimy|88/100|[from] pokemon: Mimikyu-Busted
|move|p1a: mimy|Curse|p2a: Serperior
|-start|p2a: Serperior|Curse|[of] p1a: mimy
|-damage|p1a: mimy|38/100
|
|-damage|p2a: Serperior|76/100|[from] Curse
|upkeep
|turn|3
|
|t:|1743870780
|move|p1a: mimy|Shadow Sneak|p2a: Serperior
|-damage|p2a: Serperior|52/100
|move|p2a: Serperior|Leaf Storm|p1a: mimy
|-damage|p1a: mimy|0 fnt
|-boost|p2a: Serperior|spa|2
|faint|p1a: mimy
|
|-damage|p2a: Serperior|27/100|[from] Curse
|upkeep
|
|t:|1743870788
|switch|p1a: BrandonLee|Corviknight, F, shiny|100/100
|turn|4
|
|t:|1743870804
|-terastallize|p2a: Serperior|Stellar
|move|p2a: Serperior|Tera Blast|p1a: BrandonLee|[anim] Tera Blast Stellar
|-damage|p1a: BrandonLee|38/100
|-boost|p2a: Serperior|atk|1
|move|p1a: BrandonLee|Iron Head|p2a: Serperior
|-crit|p2a: Serperior
|-damage|p2a: Serperior|0 fnt
|faint|p2a: Serperior
|
|-heal|p1a: BrandonLee|44/100|[from] item: Leftovers
|upkeep
|
|t:|1743870818
|switch|p2a: Pelipper|Pelipper, M|100/100
|-weather|RainDance|[from] ability: Drizzle|[of] p2a: Pelipper
|turn|5
|
|t:|1743870830
|switch|p1a: Slowbro|Slowbro, M|100/100
|move|p2a: Pelipper|U-turn|p1a: Slowbro
|-supereffective|p1a: Slowbro
|-damage|p1a: Slowbro|90/100
|
|t:|1743870839
|switch|p2a: Galvantula|Galvantula, M|100/100|[from] U-turn
|
|-weather|RainDance|[upkeep]
|-heal|p1a: Slowbro|96/100|[from] item: Leftovers
|upkeep
|turn|6
|
|t:|1743870848
|move|p2a: Galvantula|Sticky Web|p1a: Slowbro
|-sidestart|p1: beertusV|move: Sticky Web
|move|p1a: Slowbro|Scald|p2a: Galvantula
|-damage|p2a: Galvantula|25/100
|
|-weather|RainDance|[upkeep]
|-heal|p1a: Slowbro|100/100|[from] item: Leftovers
|upkeep
|turn|7
|
|t:|1743870857
|move|p2a: Galvantula|Thunder|p1a: Slowbro
|-supereffective|p1a: Slowbro
|-damage|p1a: Slowbro|2/100
|-status|p1a: Slowbro|par
|move|p1a: Slowbro|Scald|p2a: Galvantula
|-damage|p2a: Galvantula|0 fnt
|faint|p2a: Galvantula
|
|-weather|RainDance|[upkeep]
|-heal|p1a: Slowbro|8/100 par|[from] item: Leftovers
|upkeep
|
|t:|1743870868
|switch|p2a: Toxicroak|Toxicroak, M|100/100
|turn|8
|
|t:|1743870895
|switch|p1a: BrandonLee|Corviknight, F, shiny|44/100
|move|p2a: Toxicroak|Fake Out|p1a: BrandonLee
|-resisted|p1a: BrandonLee
|-damage|p1a: BrandonLee|39/100
|
|-weather|RainDance|[upkeep]
|-heal|p1a: BrandonLee|45/100|[from] item: Leftovers
|upkeep
|turn|9
|
|t:|1743870905
|move|p2a: Toxicroak|Close Combat|p1a: BrandonLee
|-damage|p1a: BrandonLee|4/100
|-unboost|p2a: Toxicroak|def|1
|-unboost|p2a: Toxicroak|spd|1
|move|p1a: BrandonLee|Iron Defense|p1a: BrandonLee
|-boost|p1a: BrandonLee|def|2
|
|-weather|RainDance|[upkeep]
|-heal|p1a: BrandonLee|10/100|[from] item: Leftovers
|upkeep
|turn|10
|
|t:|1743870915
|move|p2a: Toxicroak|Close Combat|p1a: BrandonLee
|-damage|p1a: BrandonLee|0 fnt
|-unboost|p2a: Toxicroak|def|1
|-unboost|p2a: Toxicroak|spd|1
|faint|p1a: BrandonLee
|
|-weather|RainDance|[upkeep]
|upkeep
|inactive|beertusV has 120 seconds left.
|
|t:|1743870949
|switch|p1a: Poliwrath|Poliwrath, M|100/100
|-activate|p1a: Poliwrath|move: Sticky Web
|-unboost|p1a: Poliwrath|spe|1
|turn|11
|
|t:|1743870973
|move|p2a: Toxicroak|Close Combat|p1a: Poliwrath
|-damage|p1a: Poliwrath|38/100
|-unboost|p2a: Toxicroak|def|1
|-unboost|p2a: Toxicroak|spd|1
|move|p1a: Poliwrath|Bulk Up|p1a: Poliwrath
|-boost|p1a: Poliwrath|atk|1
|-boost|p1a: Poliwrath|def|1
|
|-weather|RainDance|[upkeep]
|upkeep
|turn|12
|inactive|beertusV has 120 seconds left.
|
|t:|1743870990
|move|p2a: Toxicroak|Close Combat|p1a: Poliwrath
|-damage|p1a: Poliwrath|0 fnt
|-unboost|p2a: Toxicroak|def|1
|-unboost|p2a: Toxicroak|spd|1
|faint|p1a: Poliwrath
|
|-weather|none
|upkeep
|
|t:|1743870993
|switch|p1a: Goldknight|Rhyperior, M, shiny|100/100
|-activate|p1a: Goldknight|move: Sticky Web
|-unboost|p1a: Goldknight|spe|1
|turn|13
|
|t:|1743871003
|-terastallize|p1a: Goldknight|Flying
|move|p2a: Toxicroak|Close Combat|p1a: Goldknight
|-resisted|p1a: Goldknight
|-damage|p1a: Goldknight|83/100
|-unboost|p2a: Toxicroak|def|1
|-unboost|p2a: Toxicroak|spd|1
|move|p1a: Goldknight|Curse|p1a: Goldknight
|-unboost|p1a: Goldknight|spe|1
|-boost|p1a: Goldknight|atk|1
|-boost|p1a: Goldknight|def|1
|
|-heal|p1a: Goldknight|89/100|[from] item: Leftovers
|upkeep
|turn|14
|
|t:|1743871017
|switch|p2a: Pelipper|Pelipper, M|100/100
|-weather|RainDance|[from] ability: Drizzle|[of] p2a: Pelipper
|move|p1a: Goldknight|Drill Run|p2a: Pelipper
|-immune|p2a: Pelipper
|
|-weather|RainDance|[upkeep]
|-heal|p1a: Goldknight|95/100|[from] item: Leftovers
|upkeep
|turn|15
|
|t:|1743871027
|move|p2a: Pelipper|Weather Ball|p1a: Goldknight
|-damage|p1a: Goldknight|33/100
|move|p1a: Goldknight|Supercell Slam|p2a: Pelipper
|-supereffective|p2a: Pelipper
|-damage|p2a: Pelipper|0 fnt
|faint|p2a: Pelipper
|
|-weather|RainDance|[upkeep]
|-heal|p1a: Goldknight|39/100|[from] item: Leftovers
|upkeep
|
|t:|1743871038
|switch|p2a: Kingdra|Kingdra, F|100/100
|turn|16
|
|t:|1743871044
|move|p2a: Kingdra|Surf|p1a: Goldknight
|-damage|p1a: Goldknight|0 fnt
|faint|p1a: Goldknight
|
|-weather|RainDance|[upkeep]
|upkeep
|
|t:|1743871047
|switch|p1a: Slowbro|Slowbro, M|41/100 par
|-activate|p1a: Slowbro|move: Sticky Web
|-unboost|p1a: Slowbro|spe|1
|turn|17
|
|t:|1743871054
|move|p2a: Kingdra|Surf|p1a: Slowbro
|-resisted|p1a: Slowbro
|-damage|p1a: Slowbro|0 fnt
|faint|p1a: Slowbro
|
|win|John L Pokemon
|raw|beertusV's rating: 1184 &rarr; <strong>1155</strong><br />(-29 for losing)
|raw|John L Pokemon's rating: 1134 &rarr; <strong>1163</strong><br />(+29 for winning)
|l|☆beertusV
|player|p1|
|l|☆John L Pokemon
|player|p2|
