|j|☆Smurf account 6969
|j|☆Mr.White911
|t:|1743862678
|gametype|singles
|player|p1|Smurf account 6969|169|1371
|player|p2|Mr.White911|guitarist|1421
|teamsize|p1|6
|teamsize|p2|6
|gen|9
|tier|[Gen 9] OU
|rated|
|rule|HP Percentage Mod: HP is shown in percentages
|rule|Endless Battle Clause: Forcing endless battles is banned
|rule|Species Clause: Limit one of each Pokémon
|rule|OHKO Clause: OHKO moves are banned
|rule|Evasion Items Clause: Evasion items are banned
|rule|Evasion Moves Clause: Evasion moves are banned
|rule|Sleep Moves Clause: Sleep-inducing moves are banned
|clearpoke
|poke|p1|Dragonite, M|
|poke|p1|Ting-Lu|
|poke|p1|Iron Moth|
|poke|p1|Iron Valiant|
|poke|p1|Kyurem|
|poke|p1|Gholdengo|
|poke|p2|Gengar, M|
|poke|p2|Lilligant, F|
|poke|p2|Slowking-Galar, M|
|poke|p2|Mandibuzz, F|
|poke|p2|Lokix, F|
|poke|p2|Landorus-Therian, M|
|teampreview
|inactive|Battle timer is ON: inactive players will automatically lose when time's up. (requested by Mr.White911)
|
|t:|1743862691
|start
|switch|p1a: Ting-Lu|Ting-Lu|100/100
|switch|p2a: Landorus|Landorus-Therian, M|100/100
|-ability|p2a: Landorus|Intimidate|boost
|-unboost|p1a: Ting-Lu|atk|1
|-ability|p1a: Ting-Lu|Vessel of Ruin
|turn|1
|
|t:|1743862697
|move|p2a: Landorus|U-turn|p1a: Ting-Lu
|-supereffective|p1a: Ting-Lu
|-damage|p1a: Ting-Lu|74/100
|
|t:|1743862701
|switch|p2a: Lokix|Lokix, F|100/100|[from] U-turn
|move|p1a: Ting-Lu|Stealth Rock|p2a: Lokix
|-sidestart|p2: Mr.White911|move: Stealth Rock
|
|-heal|p1a: Ting-Lu|80/100|[from] item: Leftovers
|upkeep
|turn|2
|
|t:|1743862709
|switch|p1a: Dragonite|Dragonite, M|100/100
|move|p2a: Lokix|First Impression|p1a: Dragonite
|-resisted|p1a: Dragonite
|-damage|p1a: Dragonite|79/100
|
|upkeep
|turn|3
|
|t:|1743862714
|switch|p1a: Ting-Lu|Ting-Lu|80/100
|-ability|p1a: Ting-Lu|Vessel of Ruin
|move|p2a: Lokix|Knock Off|p1a: Ting-Lu
|-resisted|p1a: Ting-Lu
|-damage|p1a: Ting-Lu|58/100
|-enditem|p1a: Ting-Lu|Leftovers|[from] move: Knock Off|[of] p2a: Lokix
|
|upkeep
|turn|4
|
|t:|1743862724
|switch|p1a: Dragonite|Dragonite, M|79/100
|move|p2a: Lokix|U-turn|p1a: Dragonite
|-resisted|p1a: Dragonite
|-damage|p1a: Dragonite|46/100
|
|t:|1743862732
|switch|p2a: Slowking|Slowking-Galar, M|100/100|[from] U-turn
|-damage|p2a: Slowking|88/100|[from] Stealth Rock
|
|upkeep
|turn|5
|
|t:|1743862736
|switch|p1a: Ting-Lu|Ting-Lu|58/100
|-ability|p1a: Ting-Lu|Vessel of Ruin
|move|p2a: Slowking|Ice Beam|p1a: Ting-Lu
|-supereffective|p1a: Ting-Lu
|-damage|p1a: Ting-Lu|33/100
|
|upkeep
|turn|6
|
|t:|1743862766
|move|p1a: Ting-Lu|Spikes|p2a: Slowking
|-sidestart|p2: Mr.White911|Spikes
|move|p2a: Slowking|Ice Beam|p1a: Ting-Lu
|-supereffective|p1a: Ting-Lu
|-damage|p1a: Ting-Lu|11/100
|
|upkeep
|turn|7
|inactive|Smurf account 6969 has 120 seconds left.
|
|t:|1743862802
|move|p1a: Ting-Lu|Spikes|p2a: Slowking
|-sidestart|p2: Mr.White911|Spikes
|move|p2a: Slowking|Ice Beam|p1a: Ting-Lu
|-supereffective|p1a: Ting-Lu
|-damage|p1a: Ting-Lu|0 fnt
|faint|p1a: Ting-Lu
|
|upkeep
|
|t:|1743862816
|switch|p1a: Gholdengo|Gholdengo|100/100
|turn|8
|
|t:|1743862820
|move|p1a: Gholdengo|Trick|p2a: Slowking
|-activate|p1a: Gholdengo|move: Trick|[of] p2a: Slowking
|-item|p2a: Slowking|Choice Scarf|[from] move: Trick
|-item|p1a: Gholdengo|Assault Vest|[from] move: Trick
|move|p2a: Slowking|Flamethrower|p1a: Gholdengo
|-supereffective|p1a: Gholdengo
|-damage|p1a: Gholdengo|57/100
|
|upkeep
|turn|9
|inactive|Smurf account 6969 has 120 seconds left.
|
|t:|1743862838
|move|p1a: Gholdengo|Shadow Ball|p2a: Slowking
|-supereffective|p2a: Slowking
|-damage|p2a: Slowking|33/100
|move|p2a: Slowking|Flamethrower|p1a: Gholdengo
|-supereffective|p1a: Gholdengo
|-damage|p1a: Gholdengo|17/100
|
|upkeep
|turn|10
|inactive|Smurf account 6969 has 120 seconds left.
|
|t:|1743862846
|move|p1a: Gholdengo|Shadow Ball|p2a: Slowking
|-supereffective|p2a: Slowking
|-damage|p2a: Slowking|0 fnt
|faint|p2a: Slowking
|
|upkeep
|
|t:|1743862870
|switch|p2a: Landorus|Landorus-Therian, M|100/100
|-damage|p2a: Landorus|88/100|[from] Stealth Rock
|-ability|p2a: Landorus|Intimidate|boost
|-unboost|p1a: Gholdengo|atk|1
|turn|11
|inactive|Smurf account 6969 has 120 seconds left.
|
|t:|1743862898
|switch|p2a: Mandibuzz|Mandibuzz, F|100/100
|-damage|p2a: Mandibuzz|76/100|[from] Stealth Rock
|switch|p1a: Dragonite|Dragonite, M|46/100
|
|-heal|p2a: Mandibuzz|82/100|[from] item: Leftovers
|upkeep
|turn|12
|
|t:|1743862908
|switch|p1a: Gholdengo|Gholdengo|17/100
|move|p2a: Mandibuzz|Defog|p1a: Gholdengo
|-immune|p1a: Gholdengo|[from] ability: Good as Gold
|
|-heal|p2a: Mandibuzz|88/100|[from] item: Leftovers
|upkeep
|turn|13
|
|t:|1743862913
|move|p1a: Gholdengo|Dazzling Gleam|p2a: Mandibuzz
|-supereffective|p2a: Mandibuzz
|-damage|p2a: Mandibuzz|38/100
|move|p2a: Mandibuzz|Foul Play|p1a: Gholdengo
|-supereffective|p1a: Gholdengo
|-damage|p1a: Gholdengo|0 fnt
|faint|p1a: Gholdengo
|
|-heal|p2a: Mandibuzz|44/100|[from] item: Leftovers
|upkeep
|
|t:|1743862920
|switch|p1a: Kyurem|Kyurem|100/100
|-ability|p1a: Kyurem|Pressure
|turn|14
|
|t:|1743862924
|-terastallize|p2a: Mandibuzz|Water
|move|p1a: Kyurem|Icicle Spear|p2a: Mandibuzz
|-resisted|p2a: Mandibuzz
|-damage|p2a: Mandibuzz|40/100
|-resisted|p2a: Mandibuzz
|-damage|p2a: Mandibuzz|36/100
|-resisted|p2a: Mandibuzz
|-damage|p2a: Mandibuzz|32/100
|-resisted|p2a: Mandibuzz
|-damage|p2a: Mandibuzz|28/100
|-resisted|p2a: Mandibuzz
|-damage|p2a: Mandibuzz|25/100
|-hitcount|p2a: Mandibuzz|5
|move|p2a: Mandibuzz|Defog|p1a: Kyurem
|-unboost|p1a: Kyurem|evasion|1
|-sideend|p2: Mr.White911|Spikes|[from] move: Defog|[of] p2a: Mandibuzz
|-sideend|p2: Mr.White911|Stealth Rock|[from] move: Defog|[of] p2a: Mandibuzz
|
|-heal|p2a: Mandibuzz|31/100|[from] item: Leftovers
|upkeep
|turn|15
|
|t:|1743862932
|move|p1a: Kyurem|Scale Shot|p2a: Mandibuzz
|-damage|p2a: Mandibuzz|23/100
|-damage|p2a: Mandibuzz|14/100
|-damage|p2a: Mandibuzz|6/100
|-damage|p2a: Mandibuzz|0 fnt
|faint|p2a: Mandibuzz
|-hitcount|p2: Mandibuzz|4
|-unboost|p1a: Kyurem|def|1
|-boost|p1a: Kyurem|spe|1
|
|upkeep
|
|t:|1743862946
|switch|p2a: Lokix|Lokix, F|100/100
|turn|16
|
|t:|1743862953
|switch|p1a: Iron Valiant|Iron Valiant|100/100
|-enditem|p1a: Iron Valiant|Booster Energy
|-activate|p1a: Iron Valiant|ability: Quark Drive|[fromitem]
|-start|p1a: Iron Valiant|quarkdrivespe
|move|p2a: Lokix|First Impression|p1a: Iron Valiant
|-resisted|p1a: Iron Valiant
|-damage|p1a: Iron Valiant|75/100
|
|upkeep
|turn|17
|
|t:|1743862961
|switch|p2a: Landorus|Landorus-Therian, M|88/100
|-ability|p2a: Landorus|Intimidate|boost
|-unboost|p1a: Iron Valiant|atk|1
|move|p1a: Iron Valiant|Moonblast|p2a: Landorus
|-crit|p2a: Landorus
|-damage|p2a: Landorus|0 fnt
|faint|p2a: Landorus
|
|upkeep
|
|t:|1743862967
|switch|p2a: Lilligant|Lilligant, F, shiny|100/100
|turn|18
|
|t:|1743862976
|-end|p1a: Iron Valiant|Quark Drive|[silent]
|switch|p1a: Iron Moth|Iron Moth|100/100
|-enditem|p1a: Iron Moth|Booster Energy
|-activate|p1a: Iron Moth|ability: Quark Drive|[fromitem]
|-start|p1a: Iron Moth|quarkdrivespe
|move|p2a: Lilligant|Sunny Day|p2a: Lilligant
|-weather|SunnyDay
|
|-weather|SunnyDay|[upkeep]
|upkeep
|turn|19
|
|t:|1743862989
|move|p2a: Lilligant|Weather Ball|p1a: Iron Moth
|-resisted|p1a: Iron Moth
|-damage|p1a: Iron Moth|74/100
|move|p1a: Iron Moth|Fiery Dance|p2a: Lilligant
|-supereffective|p2a: Lilligant
|-damage|p2a: Lilligant|0 fnt
|-boost|p1a: Iron Moth|spa|1
|faint|p2a: Lilligant
|
|-weather|SunnyDay|[upkeep]
|upkeep
|
|t:|1743862994
|switch|p2a: Lokix|Lokix, F|100/100
|turn|20
|
|t:|1743862999
|move|p2a: Lokix|First Impression|p1a: Iron Moth
|-resisted|p1a: Iron Moth
|-damage|p1a: Iron Moth|46/100
|move|p1a: Iron Moth|Fiery Dance|p2a: Lokix
|-supereffective|p2a: Lokix
|-damage|p2a: Lokix|0 fnt
|faint|p2a: Lokix
|
|-weather|SunnyDay|[upkeep]
|upkeep
|
|t:|1743863001
|switch|p2a: Gengar|Gengar, M, shiny|100/100
|turn|21
|
|t:|1743863005
|move|p1a: Iron Moth|Fiery Dance|p2a: Gengar
|-damage|p2a: Gengar|0 fnt
|-boost|p1a: Iron Moth|spa|1
|faint|p2a: Gengar
|
|win|Smurf account 6969
|raw|Smurf account 6969's rating: 1371 &rarr; <strong>1394</strong><br />(+23 for winning)
|raw|Mr.White911's rating: 1421 &rarr; <strong>1398</strong><br />(-23 for losing)
|l|☆Mr.White911
|player|p2|
|l|☆Smurf account 6969
|player|p1|
