|j|☆skrimblo bimblo
|j|☆noahthebadplayer
|t:|1743901608
|gametype|singles
|player|p1|skrimblo bimblo|caitlin|1209
|player|p2|noahthebadplayer|2|1184
|teamsize|p1|6
|teamsize|p2|6
|gen|9
|tier|[Gen 9] OU
|rated|
|rule|HP Percentage Mod: HP is shown in percentages
|rule|Endless Battle Clause: Forcing endless battles is banned
|rule|Species Clause: Limit one of each Pokémon
|rule|OHKO Clause: OHKO moves are banned
|rule|Evasion Items Clause: Evasion items are banned
|rule|Evasion Moves Clause: Evasion moves are banned
|rule|Sleep Moves Clause: Sleep-inducing moves are banned
|clearpoke
|poke|p1|Araquanid, F|
|poke|p1|Dragapult, M|
|poke|p1|Fezandipiti, M|
|poke|p1|Kingambit, F|
|poke|p1|Zapdos|
|poke|p1|Samurott-Hisui, M|
|poke|p2|Iron Valiant|
|poke|p2|Latias, F|
|poke|p2|Glimmora, F|
|poke|p2|Krookodile, M|
|poke|p2|Thundurus-Therian, M|
|poke|p2|Perrserker, M|
|teampreview
|c|☆noahthebadplayer|Glhf
|
|t:|1743901616
|start
|switch|p1a: Araquanid|Araquanid, F|100/100
|switch|p2a: Glimmora|Glimmora, F, shiny|100/100
|-item|p2a: Glimmora|Air Balloon
|turn|1
|inactive|Battle timer is ON: inactive players will automatically lose when time's up. (requested by noahthebadplayer)
|
|t:|1743901622
|move|p2a: Glimmora|Stealth Rock|p1a: Araquanid
|-sidestart|p1: skrimblo bimblo|move: Stealth Rock
|move|p1a: Araquanid|Surf|p2a: Glimmora
|-supereffective|p2a: Glimmora
|-damage|p2a: Glimmora|0 fnt
|-enditem|p2a: Glimmora|Air Balloon
|faint|p2a: Glimmora
|
|upkeep
|
|t:|1743901631
|switch|p2a: Thundurus|Thundurus-Therian, M|100/100
|turn|2
|inactive|skrimblo bimblo has 120 seconds left.
|
|t:|1743901669
|move|p1a: Araquanid|Endure|p1a: Araquanid
|-singleturn|p1a: Araquanid|move: Endure
|move|p2a: Thundurus|Thunderbolt|p1a: Araquanid
|-supereffective|p1a: Araquanid
|-damage|p1a: Araquanid|14/100
|
|upkeep
|turn|3
|inactive|skrimblo bimblo has 120 seconds left.
|-enditem|p1a: Araquanid|Custap Berry|[eat]
|-activate|p1a: Araquanid|item: Custap Berry|[consumed]
|
|t:|1743901678
|move|p1a: Araquanid|Endeavor|p2a: Thundurus
|-damage|p2a: Thundurus|16/100
|move|p2a: Thundurus|Thunderbolt|p1a: Araquanid
|-supereffective|p1a: Araquanid
|-damage|p1a: Araquanid|0 fnt
|faint|p1a: Araquanid
|
|upkeep
|inactive|skrimblo bimblo has 120 seconds left.
|
|t:|1743901684
|switch|p1a: Fezandipiti|Fezandipiti, M|100/100
|-damage|p1a: Fezandipiti|88/100|[from] Stealth Rock
|turn|4
|
|t:|1743901697
|move|p2a: Thundurus|Thunderbolt|p1a: Fezandipiti
|-damage|p1a: Fezandipiti|39/100
|move|p1a: Fezandipiti|Play Rough|p2a: Thundurus
|-damage|p2a: Thundurus|0 fnt
|faint|p2a: Thundurus
|
|upkeep
|
|t:|1743901709
|switch|p2a: Krookodile|Krookodile, M|100/100
|turn|5
|
|t:|1743901714
|move|p1a: Fezandipiti|Play Rough|p2a: Krookodile
|-supereffective|p2a: Krookodile
|-damage|p2a: Krookodile|4/100
|move|p2a: Krookodile|Earthquake|p1a: Fezandipiti
|-supereffective|p1a: Fezandipiti
|-damage|p1a: Fezandipiti|0 fnt
|faint|p1a: Fezandipiti
|-ability|p2a: Krookodile|Moxie|boost
|-boost|p2a: Krookodile|atk|1
|
|upkeep
|
|t:|1743901722
|switch|p1a: Kingambit|Kingambit, F|100/100
|-damage|p1a: Kingambit|94/100|[from] Stealth Rock
|-activate|p1a: Kingambit|ability: Supreme Overlord
|-start|p1a: Kingambit|fallen2|[silent]
|turn|6
|
|t:|1743901725
|move|p1a: Kingambit|Sucker Punch|p2a: Krookodile
|-resisted|p2a: Krookodile
|-damage|p2a: Krookodile|0 fnt
|faint|p2a: Krookodile
|
|-heal|p1a: Kingambit|100/100|[from] item: Leftovers
|upkeep
|
|t:|1743901729
|switch|p2a: Iron Valiant|Iron Valiant|100/100
|turn|7
|
|t:|1743901731
|-terastallize|p1a: Kingambit|Ghost
|move|p1a: Kingambit|Sucker Punch|p2a: Iron Valiant
|-resisted|p2a: Iron Valiant
|-damage|p2a: Iron Valiant|84/100
|move|p2a: Iron Valiant|Close Combat|p1a: Kingambit
|-immune|p1a: Kingambit
|
|upkeep
|turn|8
|
|t:|1743901735
|-end|p2a: Iron Valiant|Quark Drive|[silent]
|switch|p2a: Perrserker|Perrserker, M, shiny|100/100
|move|p1a: Kingambit|Iron Head|p2a: Perrserker
|-resisted|p2a: Perrserker
|-damage|p2a: Perrserker|75/100
|
|-heal|p2a: Perrserker|81/100|[from] item: Leftovers
|upkeep
|turn|9
|
|t:|1743901741
|-terastallize|p2a: Perrserker|Fairy
|move|p1a: Kingambit|Kowtow Cleave|p2a: Perrserker
|-resisted|p2a: Perrserker
|-damage|p2a: Perrserker|53/100
|move|p2a: Perrserker|Knock Off|p1a: Kingambit
|-supereffective|p1a: Kingambit
|-damage|p1a: Kingambit|30/100
|-enditem|p1a: Kingambit|Leftovers|[from] move: Knock Off|[of] p2a: Perrserker
|
|-heal|p2a: Perrserker|59/100|[from] item: Leftovers
|upkeep
|turn|10
|
|t:|1743901756
|move|p1a: Kingambit|Iron Head|p2a: Perrserker
|-supereffective|p2a: Perrserker
|-damage|p2a: Perrserker|0 fnt
|faint|p2a: Perrserker
|
|upkeep
|
|t:|1743901759
|switch|p2a: Iron Valiant|Iron Valiant|84/100
|turn|11
|
|t:|1743901761
|move|p2a: Iron Valiant|Moonblast|p1a: Kingambit
|-damage|p1a: Kingambit|0 fnt
|faint|p1a: Kingambit
|-end|p1a: Kingambit|fallen2|[silent]
|-damage|p2a: Iron Valiant|74/100|[from] item: Life Orb
|
|upkeep
|
|t:|1743901778
|switch|p1a: Samurott|Samurott-Hisui, M|100/100
|turn|12
|
|t:|1743901786
|move|p2a: Iron Valiant|Moonblast|p1a: Samurott
|-supereffective|p1a: Samurott
|-damage|p1a: Samurott|0 fnt
|faint|p1a: Samurott
|-damage|p2a: Iron Valiant|64/100|[from] item: Life Orb
|
|upkeep
|
|t:|1743901788
|switch|p1a: Dragapult|Dragapult, M|100/100
|turn|13
|
|t:|1743901794
|move|p1a: Dragapult|Hex|p2a: Iron Valiant
|-damage|p2a: Iron Valiant|13/100
|move|p2a: Iron Valiant|Moonblast|p1a: Dragapult
|-supereffective|p1a: Dragapult
|-damage|p1a: Dragapult|0 fnt
|faint|p1a: Dragapult
|-damage|p2a: Iron Valiant|3/100|[from] item: Life Orb
|
|upkeep
|
|t:|1743901796
|switch|p1a: Zapdos|Zapdos|100/100
|turn|14
|
|t:|1743901804
|move|p2a: Iron Valiant|Moonblast|p1a: Zapdos
|-crit|p1a: Zapdos
|-damage|p1a: Zapdos|30/100
|-unboost|p1a: Zapdos|spa|1
|-damage|p2a: Iron Valiant|0 fnt|[from] item: Life Orb
|faint|p2a: Iron Valiant
|-end|p2a: Iron Valiant|Quark Drive|[silent]
|move|p1a: Zapdos|Roost|p1a: Zapdos
|-heal|p1a: Zapdos|80/100
|-singleturn|p1a: Zapdos|move: Roost
|
|upkeep
|
|t:|1743901813
|switch|p2a: Latias|Latias, F|100/100
|turn|15
|
|t:|1743901815
|move|p2a: Latias|Calm Mind|p2a: Latias
|-boost|p2a: Latias|spa|1
|-boost|p2a: Latias|spd|1
|move|p1a: Zapdos|Thunder Wave|p2a: Latias
|-status|p2a: Latias|par
|
|upkeep
|turn|16
|
|t:|1743901819
|move|p1a: Zapdos|Hurricane|p2a: Latias
|-damage|p2a: Latias|81/100 par
|cant|p2a: Latias|par
|
|upkeep
|turn|17
|
|t:|1743901824
|move|p1a: Zapdos|Hurricane|p2a: Latias
|-damage|p2a: Latias|61/100 par
|-start|p2a: Latias|confusion
|-activate|p2a: Latias|confusion
|move|p2a: Latias|Calm Mind|p2a: Latias
|-boost|p2a: Latias|spa|1
|-boost|p2a: Latias|spd|1
|
|upkeep
|turn|18
|
|t:|1743901832
|move|p1a: Zapdos|Hurricane|p2a: Latias|[miss]
|-miss|p1a: Zapdos|p2a: Latias
|-end|p2a: Latias|confusion
|move|p2a: Latias|Stored Power|p1a: Zapdos
|-damage|p1a: Zapdos|0 fnt
|faint|p1a: Zapdos
|
|win|noahthebadplayer
|raw|skrimblo bimblo's rating: 1209 &rarr; <strong>1182</strong><br />(-27 for losing)
|raw|noahthebadplayer's rating: 1184 &rarr; <strong>1211</strong><br />(+27 for winning)
|l|☆skrimblo bimblo
|player|p1|
|c|☆noahthebadplayer|Gg
