|j|☆Auburn Hills
|j|☆Choso2go
|t:|1743878257
|gametype|singles
|player|p1|Auburn Hills|alder|1589
|player|p2|Choso2go|roxie|1660
|teamsize|p1|6
|teamsize|p2|6
|gen|9
|tier|[Gen 9] OU
|rated|
|rule|HP Percentage Mod: HP is shown in percentages
|rule|Endless Battle Clause: Forcing endless battles is banned
|rule|Species Clause: Limit one of each Pokémon
|rule|OHKO Clause: OHKO moves are banned
|rule|Evasion Items Clause: Evasion items are banned
|rule|Evasion Moves Clause: Evasion moves are banned
|rule|Sleep Moves Clause: Sleep-inducing moves are banned
|clearpoke
|poke|p1|Iron Moth|
|poke|p1|Umbreon, M|
|poke|p1|Garchomp, M|
|poke|p1|Glimmora, F|
|poke|p1|Gholdengo|
|poke|p1|Dragonite, M|
|poke|p2|Torkoal, F|
|poke|p2|Ninetales, F|
|poke|p2|Walking Wake|
|poke|p2|Slither Wing|
|poke|p2|Great Tusk|
|poke|p2|Charizard, M|
|teampreview
|inactive|Battle timer is ON: inactive players will automatically lose when time's up. (requested by Auburn Hills)
|
|t:|1743878274
|start
|switch|p1a: Julia Jacklin|Glimmora, F|100/100
|switch|p2a: Torkoal|Torkoal, F, shiny|100/100
|-weather|SunnyDay|[from] ability: Drought|[of] p2a: Torkoal
|turn|1
|
|t:|1743878284
|move|p1a: Julia Jacklin|Stealth Rock|p2a: Torkoal
|-sidestart|p2: Choso2go|move: Stealth Rock
|move|p2a: Torkoal|Overheat|p1a: Julia Jacklin
|-resisted|p1a: Julia Jacklin
|-damage|p1a: Julia Jacklin|65/100
|-unboost|p2a: Torkoal|spa|2
|-enditem|p2a: Torkoal|Eject Pack
|
|t:|1743878300
|switch|p2a: Walking Wake|Walking Wake|100/100
|-damage|p2a: Walking Wake|88/100|[from] Stealth Rock
|-activate|p2a: Walking Wake|ability: Protosynthesis
|-start|p2a: Walking Wake|protosynthesisspe
|
|-weather|SunnyDay|[upkeep]
|upkeep
|turn|2
|
|t:|1743878313
|switch|p1a: Alvvays|Umbreon, M|100/100
|move|p2a: Walking Wake|Hydro Steam|p1a: Alvvays
|-crit|p1a: Alvvays
|-damage|p1a: Alvvays|31/100
|
|-weather|SunnyDay|[upkeep]
|-heal|p1a: Alvvays|37/100|[from] item: Leftovers
|upkeep
|turn|3
|
|t:|1743878324
|move|p1a: Alvvays|Protect|p1a: Alvvays
|-singleturn|p1a: Alvvays|Protect
|move|p2a: Walking Wake|Hydro Steam|p1a: Alvvays
|-activate|p1a: Alvvays|move: Protect
|
|-weather|SunnyDay|[upkeep]
|-heal|p1a: Alvvays|43/100|[from] item: Leftovers
|upkeep
|turn|4
|
|t:|1743878331
|move|p2a: Walking Wake|Hydro Steam|p1a: Alvvays
|-damage|p1a: Alvvays|0 fnt
|faint|p1a: Alvvays
|
|-weather|SunnyDay|[upkeep]
|upkeep
|
|t:|1743878334
|switch|p1a: Elucid|Dragonite, M|100/100
|turn|5
|
|t:|1743878342
|-end|p2a: Walking Wake|Protosynthesis|[silent]
|switch|p2a: Torkoal|Torkoal, F, shiny|100/100
|-damage|p2a: Torkoal|76/100|[from] Stealth Rock
|move|p1a: Elucid|Earthquake|p2a: Torkoal
|-supereffective|p2a: Torkoal
|-damage|p2a: Torkoal|27/100
|
|-weather|none
|upkeep
|turn|6
|
|t:|1743878348
|move|p1a: Elucid|Earthquake|p2a: Torkoal
|-supereffective|p2a: Torkoal
|-damage|p2a: Torkoal|0 fnt
|faint|p2a: Torkoal
|
|upkeep
|inactive|Choso2go has 120 seconds left.
|
|t:|1743878384
|switch|p2a: Great Tusk|Great Tusk, shiny|100/100
|-damage|p2a: Great Tusk|98/100|[from] Stealth Rock
|turn|7
|inactive|Choso2go has 120 seconds left.
|
|t:|1743878391
|switch|p1a: Smino|Gholdengo|100/100
|move|p2a: Great Tusk|Knock Off|p1a: Smino
|-supereffective|p1a: Smino
|-damage|p1a: Smino|24/100
|-enditem|p1a: Smino|Choice Scarf|[from] move: Knock Off|[of] p2a: Great Tusk
|
|upkeep
|turn|8
|
|t:|1743878406
|move|p2a: Great Tusk|Headlong Rush|p1a: Smino
|-supereffective|p1a: Smino
|-damage|p1a: Smino|0 fnt
|-unboost|p2a: Great Tusk|def|1
|-unboost|p2a: Great Tusk|spd|1
|-enditem|p2a: Great Tusk|Eject Pack
|faint|p1a: Smino
|
|t:|1743878410
|-end|p2a: Great Tusk|Protosynthesis|[silent]
|switch|p2a: Ninetales|Ninetales, F|100/100
|-damage|p2a: Ninetales|76/100|[from] Stealth Rock
|-weather|SunnyDay|[from] ability: Drought|[of] p2a: Ninetales
|
|-weather|SunnyDay|[upkeep]
|upkeep
|
|t:|1743878413
|switch|p1a: Rat Tally|Garchomp, M|100/100
|turn|9
|
|t:|1743878418
|move|p1a: Rat Tally|Scale Shot|p2a: Ninetales
|-damage|p2a: Ninetales|60/100
|-damage|p2a: Ninetales|44/100
|-damage|p2a: Ninetales|26/100
|-damage|p2a: Ninetales|10/100
|-hitcount|p2a: Ninetales|4
|-unboost|p1a: Rat Tally|def|1
|-boost|p1a: Rat Tally|spe|1
|move|p2a: Ninetales|Will-O-Wisp|p1a: Rat Tally
|-status|p1a: Rat Tally|brn
|
|-weather|SunnyDay|[upkeep]
|-damage|p1a: Rat Tally|94/100 brn|[from] brn
|upkeep
|turn|10
|
|t:|1743878426
|move|p1a: Rat Tally|Swords Dance|p1a: Rat Tally
|-boost|p1a: Rat Tally|atk|2
|move|p2a: Ninetales|Healing Wish|p2a: Ninetales
|faint|p2a: Ninetales
|
|-weather|SunnyDay|[upkeep]
|-damage|p1a: Rat Tally|88/100 brn|[from] brn
|upkeep
|
|t:|1743878439
|switch|p2a: Slither Wing|Slither Wing, shiny|100/100
|-damage|p2a: Slither Wing|88/100|[from] Stealth Rock
|-activate|p2a: Slither Wing|ability: Protosynthesis
|-start|p2a: Slither Wing|protosynthesisatk
|turn|11
|
|t:|1743878453
|switch|p1a: Julia Jacklin|Glimmora, F|65/100
|move|p2a: Slither Wing|U-turn|p1a: Julia Jacklin
|-resisted|p1a: Julia Jacklin
|-damage|p1a: Julia Jacklin|15/100
|-activate|p1a: Julia Jacklin|ability: Toxic Debris
|-sidestart|p2: Choso2go|move: Toxic Spikes
|
|t:|1743878456
|-end|p2a: Slither Wing|Protosynthesis|[silent]
|switch|p2a: Great Tusk|Great Tusk, shiny|98/100|[from] U-turn
|-heal|p2a: Great Tusk|100/100|[from] move: Healing Wish
|-damage|p2a: Great Tusk|98/100|[from] Stealth Rock
|-status|p2a: Great Tusk|psn
|-activate|p2a: Great Tusk|ability: Protosynthesis
|-start|p2a: Great Tusk|protosynthesisatk
|
|-weather|SunnyDay|[upkeep]
|-damage|p2a: Great Tusk|85/100 psn|[from] psn
|upkeep
|turn|12
|
|t:|1743878472
|-terastallize|p1a: Julia Jacklin|Ghost
|move|p2a: Great Tusk|Rapid Spin|p1a: Julia Jacklin
|-immune|p1a: Julia Jacklin
|move|p1a: Julia Jacklin|Earth Power|p2a: Great Tusk
|-damage|p2a: Great Tusk|34/100 psn
|
|-weather|SunnyDay|[upkeep]
|-damage|p2a: Great Tusk|22/100 psn|[from] psn
|upkeep
|turn|13
|
|t:|1743878476
|move|p2a: Great Tusk|Knock Off|p1a: Julia Jacklin
|-supereffective|p1a: Julia Jacklin
|-damage|p1a: Julia Jacklin|0 fnt
|-activate|p1a: Julia Jacklin|ability: Toxic Debris
|-sidestart|p2: Choso2go|move: Toxic Spikes
|-enditem|p1a: Julia Jacklin|Focus Sash|[from] move: Knock Off|[of] p2a: Great Tusk
|faint|p1a: Julia Jacklin
|
|-weather|SunnyDay|[upkeep]
|-damage|p2a: Great Tusk|9/100 psn|[from] psn
|upkeep
|
|t:|1743878479
|switch|p1a: Carly Rae|Iron Moth|100/100
|-enditem|p1a: Carly Rae|Booster Energy
|-activate|p1a: Carly Rae|ability: Quark Drive|[fromitem]
|-start|p1a: Carly Rae|quarkdrivespe
|turn|14
|
|t:|1743878483
|move|p1a: Carly Rae|Fiery Dance|p2a: Great Tusk
|-damage|p2a: Great Tusk|0 fnt
|faint|p2a: Great Tusk
|-end|p2a: Great Tusk|Protosynthesis|[silent]
|
|-weather|SunnyDay|[upkeep]
|upkeep
|
|t:|1743878492
|switch|p2a: Walking Wake|Walking Wake|88/100
|-damage|p2a: Walking Wake|76/100|[from] Stealth Rock
|-status|p2a: Walking Wake|tox
|-activate|p2a: Walking Wake|ability: Protosynthesis
|-start|p2a: Walking Wake|protosynthesisspe
|turn|15
|
|t:|1743878501
|move|p1a: Carly Rae|Dazzling Gleam|p2a: Walking Wake
|-supereffective|p2a: Walking Wake
|-damage|p2a: Walking Wake|14/100 tox
|move|p2a: Walking Wake|Draco Meteor|p1a: Carly Rae
|-damage|p1a: Carly Rae|0 fnt
|-unboost|p2a: Walking Wake|spa|2
|faint|p1a: Carly Rae
|-end|p1a: Carly Rae|Quark Drive|[silent]
|
|-weather|none
|-end|p2a: Walking Wake|Protosynthesis
|-damage|p2a: Walking Wake|8/100 tox|[from] psn
|upkeep
|
|t:|1743878506
|switch|p1a: Elucid|Dragonite, M|100/100
|turn|16
|
|t:|1743878508
|move|p2a: Walking Wake|Draco Meteor|p1a: Elucid|[miss]
|-miss|p2a: Walking Wake|p1a: Elucid
|move|p1a: Elucid|Dragon Dance|p1a: Elucid
|-boost|p1a: Elucid|atk|1
|-boost|p1a: Elucid|spe|1
|
|-damage|p2a: Walking Wake|0 fnt|[from] psn
|faint|p2a: Walking Wake
|-end|p2a: Walking Wake|Protosynthesis|[silent]
|upkeep
|
|t:|1743878513
|switch|p2a: Burn|Charizard, M, shiny|100/100
|-damage|p2a: Burn|50/100|[from] Stealth Rock
|turn|17
|
|t:|1743878533
|move|p1a: Elucid|Extreme Speed|p2a: Burn
|-damage|p2a: Burn|0 fnt
|faint|p2a: Burn
|
|upkeep
|
|t:|1743878552
|switch|p2a: Slither Wing|Slither Wing, shiny|88/100
|-damage|p2a: Slither Wing|75/100|[from] Stealth Rock
|-status|p2a: Slither Wing|tox
|turn|18
|
|t:|1743878559
|-terastallize|p2a: Slither Wing|Fire
|move|p1a: Elucid|Extreme Speed|p2a: Slither Wing
|-damage|p2a: Slither Wing|12/100 tox
|move|p2a: Slither Wing|Flare Blitz|p1a: Elucid
|-resisted|p1a: Elucid
|-damage|p1a: Elucid|71/100
|-damage|p2a: Slither Wing|2/100 tox|[from] Recoil
|
|-damage|p2a: Slither Wing|0 fnt|[from] psn
|faint|p2a: Slither Wing
|-end|p2a: Slither Wing|Protosynthesis|[silent]
|
|win|Auburn Hills
|raw|Auburn Hills's rating: 1589 &rarr; <strong>1613</strong><br />(+24 for winning)
|raw|Choso2go's rating: 1660 &rarr; <strong>1636</strong><br />(-24 for losing)
|l|☆Choso2go
|player|p2|
|l|☆Auburn Hills
|player|p1|
