|j|☆ichigo6047
|j|☆davo578
|t:|1743845585
|gametype|singles
|player|p1|ichigo6047|steven|1163
|player|p2|davo578|2|1146
|teamsize|p1|6
|teamsize|p2|6
|gen|9
|tier|[Gen 9] OU
|rated|
|rule|HP Percentage Mod: HP is shown in percentages
|rule|Endless Battle Clause: Forcing endless battles is banned
|rule|Species Clause: Limit one of each Pokémon
|rule|OHKO Clause: OHKO moves are banned
|rule|Evasion Items Clause: Evasion items are banned
|rule|Evasion Moves Clause: Evasion moves are banned
|rule|Sleep Moves Clause: Sleep-inducing moves are banned
|clearpoke
|poke|p1|Great Tusk|
|poke|p1|Rotom-Wash|
|poke|p1|Clefable, F|
|poke|p1|Scizor, F|
|poke|p1|Skeledirge, F|
|poke|p1|Kingambit, F|
|poke|p2|Gliscor, M|
|poke|p2|Heatran, F|
|poke|p2|Rotom-Frost|
|poke|p2|Alomomola, M|
|poke|p2|Slowking-Galar, F|
|poke|p2|Clefable, M|
|teampreview
|inactive|Battle timer is ON: inactive players will automatically lose when time's up. (requested by ichigo6047)
|inactive|davo578 has 120 seconds left.
|inactive|davo578 has 90 seconds left.
|
|t:|1743845653
|start
|switch|p1a: Scizor|Scizor, F|100/100
|switch|p2a: Rotom|Rotom-Frost|100/100
|turn|1
|
|t:|1743845664
|-terastallize|p2a: Rotom|Electric
|move|p2a: Rotom|Volt Switch|p1a: Scizor
|-damage|p1a: Scizor|42/100
|
|t:|1743845670
|switch|p2a: Alomomola|Alomomola, M|100/100|[from] Volt Switch
|move|p1a: Scizor|Knock Off|p2a: Alomomola
|-damage|p2a: Alomomola|72/100
|-damage|p1a: Scizor|25/100|[from] item: Rocky Helmet|[of] p2a: Alomomola
|-enditem|p2a: Alomomola|Rocky Helmet|[from] move: Knock Off|[of] p1a: Scizor
|
|upkeep
|turn|2
|
|t:|1743845678
|switch|p1a: Clefable|Clefable, F|100/100
|move|p2a: Alomomola|Flip Turn|p1a: Clefable
|-damage|p1a: Clefable|83/100
|
|t:|1743845692
|switch|p2a: Heatran|Heatran, F|100/100|[from] Flip Turn
|
|upkeep
|turn|3
|
|t:|1743845697
|move|p1a: Clefable|Stealth Rock|p2a: Heatran
|-sidestart|p2: davo578|move: Stealth Rock
|move|p2a: Heatran|Stealth Rock|p1a: Clefable
|-sidestart|p1: ichigo6047|move: Stealth Rock
|
|upkeep
|turn|4
|
|t:|1743845704
|move|p1a: Clefable|Wish|p1a: Clefable
|move|p2a: Heatran|Lava Plume|p1a: Clefable
|-damage|p1a: Clefable|39/100
|
|upkeep
|turn|5
|
|t:|1743845714
|switch|p1a: Great Tusk|Great Tusk|100/100
|-damage|p1a: Great Tusk|98/100|[from] Stealth Rock
|-enditem|p1a: Great Tusk|Booster Energy
|-activate|p1a: Great Tusk|ability: Protosynthesis|[fromitem]
|-start|p1a: Great Tusk|protosynthesisatk
|move|p2a: Heatran|Lava Plume|p1a: Great Tusk
|-damage|p1a: Great Tusk|32/100
|
|-heal|p1a: Great Tusk|83/100|[from] move: Wish|[wisher] Clefable
|upkeep
|turn|6
|
|t:|1743845722
|switch|p2a: Gliscor|Gliscor, M|100/100
|-damage|p2a: Gliscor|88/100|[from] Stealth Rock
|move|p1a: Great Tusk|Headlong Rush|p2a: Gliscor
|-immune|p2a: Gliscor
|
|-status|p2a: Gliscor|tox|[from] item: Toxic Orb
|upkeep
|turn|7
|
|t:|1743845731
|move|p1a: Great Tusk|Ice Spinner|p2a: Gliscor
|-supereffective|p2a: Gliscor
|-damage|p2a: Gliscor|0 fnt
|faint|p2a: Gliscor
|
|upkeep
|
|t:|1743845735
|switch|p2a: Rotom|Rotom-Frost, tera:Electric|100/100
|turn|8
|
|t:|1743845739
|-terastallize|p1a: Great Tusk|Ghost
|move|p1a: Great Tusk|Rapid Spin|p2a: Rotom
|-damage|p2a: Rotom|68/100
|-boost|p1a: Great Tusk|spe|1
|-sideend|p1: ichigo6047|Stealth Rock|[from] move: Rapid Spin|[of] p1a: Great Tusk
|move|p2a: Rotom|Blizzard|p1a: Great Tusk
|-damage|p1a: Great Tusk|9/100
|
|upkeep
|turn|9
|
|t:|1743845761
|-end|p1a: Great Tusk|Protosynthesis|[silent]
|switch|p1a: Kingambit|Kingambit, F|100/100
|switch|p2a: Alomomola|Alomomola, M|100/100
|-damage|p2a: Alomomola|88/100|[from] Stealth Rock
|
|upkeep
|turn|10
|inactive|davo578 has 120 seconds left.
|inactive|davo578 has 90 seconds left.
|
|t:|1743845833
|move|p2a: Alomomola|Flip Turn|p1a: Kingambit
|-damage|p1a: Kingambit|88/100
|
|t:|1743845837
|switch|p2a: Heatran|Heatran, F|100/100|[from] Flip Turn
|-damage|p2a: Heatran|88/100|[from] Stealth Rock
|move|p1a: Kingambit|Swords Dance|p1a: Kingambit
|-boost|p1a: Kingambit|atk|2
|
|-heal|p2a: Heatran|94/100|[from] item: Leftovers
|upkeep
|turn|11
|
|t:|1743845854
|-end|p1a: Kingambit|fallenundefined|[silent]
|switch|p1a: Rotom|Rotom-Wash|100/100
|move|p2a: Heatran|Lava Plume|p1a: Rotom
|-resisted|p1a: Rotom
|-damage|p1a: Rotom|76/100
|
|-heal|p1a: Rotom|82/100|[from] item: Leftovers
|-heal|p2a: Heatran|100/100|[from] item: Leftovers
|upkeep
|turn|12
|
|t:|1743845866
|move|p1a: Rotom|Nasty Plot|p1a: Rotom
|-boost|p1a: Rotom|spa|2
|move|p2a: Heatran|Stealth Rock|p1a: Rotom
|-sidestart|p1: ichigo6047|move: Stealth Rock
|
|-heal|p1a: Rotom|88/100|[from] item: Leftovers
|upkeep
|turn|13
|
|t:|1743845876
|switch|p2a: Slowking|Slowking-Galar, F|100/100
|-damage|p2a: Slowking|88/100|[from] Stealth Rock
|move|p1a: Rotom|Hydro Pump|p2a: Slowking
|-damage|p2a: Slowking|27/100
|
|-heal|p1a: Rotom|94/100|[from] item: Leftovers
|-heal|p2a: Slowking|33/100|[from] item: Black Sludge
|upkeep
|turn|14
|l|☆davo578
|inactive|davo578 disconnected and has a minute to reconnect!
|player|p2|
|inactive|davo578 has 30 seconds to reconnect!
|inactive|davo578 has 20 seconds to reconnect!
|inactive|davo578 has 15 seconds to reconnect!
|inactive|davo578 has 10 seconds to reconnect!
|inactive|davo578 has 5 seconds to reconnect!
|-message|davo578 lost due to inactivity.
|
|win|ichigo6047
|raw|ichigo6047's rating: 1163 &rarr; <strong>1187</strong><br />(+24 for winning)
|raw|davo578's rating: 1146 &rarr; <strong>1122</strong><br />(-24 for losing)
|l|☆ichigo6047
|player|p1|
