|j|☆Lupni
|j|☆popswrong4laughing
|t:|1743870645
|gametype|singles
|player|p1|Lupni|morty-masters|1351
|player|p2|popswrong4laughing|galacticgrunt|1397
|teamsize|p1|6
|teamsize|p2|6
|gen|9
|tier|[Gen 9] OU
|rated|
|rule|HP Percentage Mod: HP is shown in percentages
|rule|Endless Battle Clause: Forcing endless battles is banned
|rule|Species Clause: Limit one of each Pokémon
|rule|OHKO Clause: OHKO moves are banned
|rule|Evasion Items Clause: Evasion items are banned
|rule|Evasion Moves Clause: Evasion moves are banned
|rule|Sleep Moves Clause: Sleep-inducing moves are banned
|clearpoke
|poke|p1|Skarmory, M|
|poke|p1|Ting-Lu|
|poke|p1|Gholdengo|
|poke|p1|Glimmora, F|
|poke|p1|Iron Valiant|
|poke|p1|Crawdaunt, M|
|poke|p2|Diancie|
|poke|p2|Slowking-Galar, F|
|poke|p2|Cinderace, F|
|poke|p2|Ursaluna, M|
|poke|p2|Hatterene, F|
|poke|p2|Glastrier|
|teampreview
|
|t:|1743870649
|start
|switch|p1a: Ting-Lu|Ting-Lu|100/100
|switch|p2a: Cinderace|Cinderace, F|100/100
|-ability|p1a: Ting-Lu|Vessel of Ruin
|turn|1
|
|t:|1743870653
|move|p2a: Cinderace|High Jump Kick|p1a: Ting-Lu
|-start|p2a: Cinderace|typechange|Fighting|[from] ability: Libero
|-supereffective|p1a: Ting-Lu
|-damage|p1a: Ting-Lu|31/100
|move|p1a: Ting-Lu|Earthquake|p2a: Cinderace
|-damage|p2a: Cinderace|44/100
|
|-heal|p1a: Ting-Lu|37/100|[from] item: Leftovers
|upkeep
|turn|2
|
|t:|1743870662
|move|p2a: Cinderace|Pyro Ball|p1a: Ting-Lu
|-damage|p1a: Ting-Lu|15/100
|-status|p1a: Ting-Lu|brn
|move|p1a: Ting-Lu|Spikes|p2a: Cinderace
|-sidestart|p2: popswrong4laughing|Spikes
|
|-heal|p1a: Ting-Lu|21/100 brn|[from] item: Leftovers
|-damage|p1a: Ting-Lu|15/100 brn|[from] brn
|upkeep
|turn|3
|
|t:|1743870667
|move|p2a: Cinderace|Court Change|p2a: Cinderace
|-swapsideconditions
|-activate|p2a: Cinderace|move: Court Change
|move|p1a: Ting-Lu|Spikes|p2a: Cinderace
|-sidestart|p2: popswrong4laughing|Spikes
|
|-heal|p1a: Ting-Lu|21/100 brn|[from] item: Leftovers
|-damage|p1a: Ting-Lu|15/100 brn|[from] brn
|upkeep
|turn|4
|
|t:|1743870671
|move|p2a: Cinderace|Pyro Ball|p1a: Ting-Lu
|-damage|p1a: Ting-Lu|0 fnt
|faint|p1a: Ting-Lu
|
|upkeep
|
|t:|1743870675
|switch|p1a: Glimmora|Glimmora, F|100/100
|-damage|p1a: Glimmora|88/100|[from] Spikes
|turn|5
|
|t:|1743870677
|move|p2a: Cinderace|High Jump Kick|p1a: Glimmora
|-damage|p1a: Glimmora|17/100
|-activate|p1a: Glimmora|ability: Toxic Debris
|-sidestart|p2: popswrong4laughing|move: Toxic Spikes
|-enditem|p1a: Glimmora|Red Card|[of] p2a: Cinderace
|drag|p2a: Hatterene|Hatterene, F|100/100
|-item|p2a: Hatterene|Air Balloon
|move|p1a: Glimmora|Mortal Spin|p2a: Hatterene
|-supereffective|p2a: Hatterene
|-damage|p2a: Hatterene|87/100
|-status|p2a: Hatterene|psn
|-enditem|p2a: Hatterene|Air Balloon
|-sideend|p1: Lupni|Spikes|[from] move: Mortal Spin|[of] p1a: Glimmora
|
|-damage|p2a: Hatterene|75/100 psn|[from] psn
|upkeep
|turn|6
|
|t:|1743870715
|move|p1a: Glimmora|Sludge Wave|p2a: Hatterene
|-supereffective|p2a: Hatterene
|-damage|p2a: Hatterene|0 fnt
|faint|p2a: Hatterene
|
|upkeep
|
|t:|1743870726
|switch|p2a: Cinderace|Cinderace, F|44/100
|-damage|p2a: Cinderace|32/100|[from] Spikes
|-status|p2a: Cinderace|psn
|turn|7
|
|t:|1743870733
|move|p2a: Cinderace|Pyro Ball|p1a: Glimmora
|-resisted|p1a: Glimmora
|-damage|p1a: Glimmora|0 fnt
|-activate|p1a: Glimmora|ability: Toxic Debris
|-sidestart|p2: popswrong4laughing|move: Toxic Spikes
|faint|p1a: Glimmora
|
|-damage|p2a: Cinderace|20/100 psn|[from] psn
|upkeep
|
|t:|1743870742
|switch|p1a: Iron Valiant|Iron Valiant|100/100
|-enditem|p1a: Iron Valiant|Booster Energy
|-activate|p1a: Iron Valiant|ability: Quark Drive|[fromitem]
|-start|p1a: Iron Valiant|quarkdrivespe
|turn|8
|
|t:|1743870745
|switch|p2a: Slowking|Slowking-Galar, F|100/100
|-damage|p2a: Slowking|88/100|[from] Spikes
|-sideend|p2: popswrong4laughing|move: Toxic Spikes|[of] p2a: Slowking
|move|p1a: Iron Valiant|Moonblast|p2a: Slowking
|-resisted|p2a: Slowking
|-crit|p2a: Slowking
|-damage|p2a: Slowking|59/100
|
|upkeep
|turn|9
|
|t:|1743870749
|move|p1a: Iron Valiant|Shadow Ball|p2a: Slowking
|-supereffective|p2a: Slowking
|-damage|p2a: Slowking|13/100
|move|p2a: Slowking|Trick Room|p2a: Slowking
|-fieldstart|move: Trick Room|[of] p2a: Slowking
|
|upkeep
|turn|10
|
|t:|1743870755
|-prepare|p2a: Slowking|Chilly Reception|[premajor]
|move|p2a: Slowking|Chilly Reception|p2a: Slowking
|-weather|Snowscape
|
|t:|1743870756
|switch|p2a: Ursaluna|Ursaluna, M|100/100|[from] Chilly Reception
|-damage|p2a: Ursaluna|88/100|[from] Spikes
|move|p1a: Iron Valiant|Moonblast|p2a: Ursaluna
|-damage|p2a: Ursaluna|50/100
|
|-weather|Snowscape|[upkeep]
|-status|p2a: Ursaluna|brn|[from] item: Flame Orb
|upkeep
|turn|11
|
|t:|1743870767
|-end|p1a: Iron Valiant|Quark Drive|[silent]
|switch|p1a: Gholdengo|Gholdengo|100/100
|-item|p1a: Gholdengo|Air Balloon
|move|p2a: Ursaluna|Facade|p1a: Gholdengo
|-immune|p1a: Gholdengo
|
|-weather|Snowscape|[upkeep]
|-damage|p2a: Ursaluna|44/100 brn|[from] brn
|upkeep
|turn|12
|
|t:|1743870771
|move|p2a: Ursaluna|Fire Punch|p1a: Gholdengo
|-supereffective|p1a: Gholdengo
|-damage|p1a: Gholdengo|26/100
|-enditem|p1a: Gholdengo|Air Balloon
|move|p1a: Gholdengo|Make It Rain|p2a: Ursaluna
|-damage|p2a: Ursaluna|0 fnt
|-unboost|p1a: Gholdengo|spa|1
|faint|p2a: Ursaluna
|
|-weather|Snowscape|[upkeep]
|upkeep
|
|t:|1743870779
|switch|p2a: Chef John|Diancie|100/100
|-damage|p2a: Chef John|88/100|[from] Spikes
|turn|13
|
|t:|1743870784
|move|p2a: Chef John|Earth Power|p1a: Gholdengo
|-supereffective|p1a: Gholdengo
|-damage|p1a: Gholdengo|0 fnt
|faint|p1a: Gholdengo
|
|-weather|Snowscape|[upkeep]
|-fieldend|move: Trick Room
|upkeep
|
|t:|1743870786
|switch|p1a: Skarmory|Skarmory, M|100/100
|turn|14
|
|t:|1743870788
|move|p1a: Skarmory|Iron Head|p2a: Chef John
|-supereffective|p2a: Chef John
|-damage|p2a: Chef John|0 fnt
|faint|p2a: Chef John
|
|-weather|none
|upkeep
|inactive|Battle timer is ON: inactive players will automatically lose when time's up. (requested by Lupni)
|l|☆popswrong4laughing
|inactive|popswrong4laughing disconnected and has a minute to reconnect!
|player|p2|
|inactive|popswrong4laughing has 30 seconds to reconnect!
|inactive|popswrong4laughing has 20 seconds to reconnect!
|inactive|popswrong4laughing has 15 seconds to reconnect!
|inactive|popswrong4laughing has 10 seconds to reconnect!
|inactive|popswrong4laughing has 5 seconds to reconnect!
|-message|popswrong4laughing lost due to inactivity.
|
|win|Lupni
|raw|Lupni's rating: 1331 &rarr; <strong>1355</strong><br />(+24 for winning)
|raw|popswrong4laughing's rating: 1397 &rarr; <strong>1373</strong><br />(-24 for losing)
|l|☆Lupni
|player|p1|
