|j|☆R. Caroline
|j|☆Newslockingpikachu
|t:|1743912370
|gametype|singles
|player|p1|R. Caroline|pokemonrangerf-gen4|1521
|player|p2|Newslockingpikachu|wattson|1529
|teamsize|p1|6
|teamsize|p2|6
|gen|9
|tier|[Gen 9] OU
|rated|
|rule|HP Percentage Mod: HP is shown in percentages
|rule|Endless Battle Clause: Forcing endless battles is banned
|rule|Species Clause: Limit one of each Pokémon
|rule|OHKO Clause: OHKO moves are banned
|rule|Evasion Items Clause: Evasion items are banned
|rule|Evasion Moves Clause: Evasion moves are banned
|rule|Sleep Moves Clause: Sleep-inducing moves are banned
|clearpoke
|poke|p1|Latios, M|
|poke|p1|Chansey, F|
|poke|p1|Ursaluna, M|
|poke|p1|Scizor, M|
|poke|p1|Umbreon, F|
|poke|p1|Mew|
|poke|p2|Araquanid, M|
|poke|p2|Iron Treads|
|poke|p2|Cinderace, M|
|poke|p2|Kingambit, F|
|poke|p2|Pecharunt|
|poke|p2|Sawsbuck-Winter, F|
|teampreview
|inactive|Battle timer is ON: inactive players will automatically lose when time's up. (requested by Newslockingpikachu)
|
|t:|1743912375
|start
|switch|p1a: Boston|Mew, shiny|100/100
|switch|p2a: Sawsbuck|Sawsbuck-Winter, F|100/100
|turn|1
|
|t:|1743912381
|switch|p2a: Araquanid|Araquanid, M, shiny|100/100
|move|p1a: Boston|Volt Switch|p2a: Araquanid
|-supereffective|p2a: Araquanid
|-damage|p2a: Araquanid|65/100
|
|t:|1743912386
|switch|p1a: Etrig|Ursaluna, M, shiny|100/100|[from] Volt Switch
|
|upkeep
|turn|2
|
|t:|1743912389
|move|p1a: Etrig|Supercell Slam|p2a: Araquanid
|-supereffective|p2a: Araquanid
|-damage|p2a: Araquanid|6/100
|move|p2a: Araquanid|Liquidation|p1a: Etrig
|-supereffective|p1a: Etrig
|-damage|p1a: Etrig|39/100
|
|upkeep
|turn|3
|j| bybvdn
|
|t:|1743912399
|switch|p1a: Corrigan|Latios, M, shiny|100/100
|move|p2a: Araquanid|Sticky Web|p1a: Corrigan
|-sidestart|p1: R. Caroline|move: Sticky Web
|
|upkeep
|turn|4
|
|t:|1743912410
|move|p1a: Corrigan|Shadow Ball|p2a: Araquanid
|-damage|p2a: Araquanid|0 fnt
|faint|p2a: Araquanid
|
|upkeep
|
|t:|1743912415
|switch|p2a: Kingambit|Kingambit, F|100/100
|-activate|p2a: Kingambit|ability: Supreme Overlord
|-start|p2a: Kingambit|fallen1|[silent]
|turn|5
|
|t:|1743912419
|switch|p1a: Dinah|Umbreon, F|100/100
|-activate|p1a: Dinah|move: Sticky Web
|-unboost|p1a: Dinah|spe|1
|move|p2a: Kingambit|Swords Dance|p2a: Kingambit
|-boost|p2a: Kingambit|atk|2
|
|upkeep
|turn|6
|
|t:|1743912438
|move|p2a: Kingambit|Iron Head|p1a: Dinah
|-damage|p1a: Dinah|37/100
|-damage|p2a: Kingambit|84/100|[from] item: Rocky Helmet|[of] p1a: Dinah
|move|p1a: Dinah|Thunder Wave|p2a: Kingambit
|-status|p2a: Kingambit|par
|
|upkeep
|turn|7
|inactive|R. Caroline has 120 seconds left.
|
|t:|1743912484
|move|p1a: Dinah|Moonlight|p1a: Dinah
|-heal|p1a: Dinah|87/100
|move|p2a: Kingambit|Iron Head|p1a: Dinah
|-damage|p1a: Dinah|29/100
|-damage|p2a: Kingambit|68/100 par|[from] item: Rocky Helmet|[of] p1a: Dinah
|
|upkeep
|turn|8
|-message|Newslockingpikachu forfeited.
|
|win|R. Caroline
|raw|R. Caroline's rating: 1521 &rarr; <strong>1541</strong><br />(+20 for winning)
|raw|Newslockingpikachu's rating: 1529 &rarr; <strong>1509</strong><br />(-20 for losing)
|l|☆Newslockingpikachu
|player|p2|
|l| bybvdn
|l|☆R. Caroline
|player|p1|
