|j|☆mr tickley
|j|☆PICHUTTT
|t:|1743788107
|gametype|singles
|player|p1|mr tickley|170|1578
|player|p2|PICHUTTT|gladion-masters|1549
|teamsize|p1|6
|teamsize|p2|6
|gen|9
|tier|[Gen 9] OU
|rated|
|rule|HP Percentage Mod: HP is shown in percentages
|rule|Endless Battle Clause: Forcing endless battles is banned
|rule|Species Clause: Limit one of each Pokémon
|rule|OHKO Clause: OHKO moves are banned
|rule|Evasion Items Clause: Evasion items are banned
|rule|Evasion Moves Clause: Evasion moves are banned
|rule|Sleep Moves Clause: Sleep-inducing moves are banned
|clearpoke
|poke|p1|Jirachi|
|poke|p1|Hydreigon, F|
|poke|p1|Sandy Shocks|
|poke|p1|Garganacl, F|
|poke|p1|Ogerpon-Wellspring, F|
|poke|p1|Enamorus, F|
|poke|p2|Kyurem|
|poke|p2|Ogerpon-Wellspring, F|
|poke|p2|Iron Valiant|
|poke|p2|Dragonite, M|
|poke|p2|Iron Treads|
|poke|p2|Dragapult, F|
|teampreview
|inactive|Battle timer is ON: inactive players will automatically lose when time's up. (requested by mr tickley)
|
|t:|1743788131
|start
|switch|p1a: Ogerpon|Ogerpon-Wellspring, F|100/100
|switch|p2a: Ogerpon|Ogerpon-Wellspring, F|100/100
|turn|1
|
|t:|1743788136
|move|p2a: Ogerpon|U-turn|p1a: Ogerpon
|-supereffective|p1a: Ogerpon
|-damage|p1a: Ogerpon|28/100
|
|t:|1743788139
|switch|p2a: Dragapult|Dragapult, F|100/100|[from] U-turn
|move|p1a: Ogerpon|U-turn|p2a: Dragapult
|-resisted|p2a: Dragapult
|-damage|p2a: Dragapult|81/100
|
|t:|1743788145
|switch|p1a: Garganacl|Garganacl, F|100/100|[from] U-turn
|
|upkeep
|turn|2
|
|t:|1743788152
|switch|p2a: Ogerpon|Ogerpon-Wellspring, F|100/100
|move|p1a: Garganacl|Stealth Rock|p2a: Ogerpon
|-sidestart|p2: PICHUTTT|move: Stealth Rock
|
|upkeep
|turn|3
|
|t:|1743788163
|move|p2a: Ogerpon|Taunt|p1a: Garganacl
|-start|p1a: Garganacl|move: Taunt
|move|p1a: Garganacl|Salt Cure|p2a: Ogerpon
|-damage|p2a: Ogerpon|83/100
|-start|p2a: Ogerpon|Salt Cure
|
|-damage|p2a: Ogerpon|58/100|[from] Salt Cure
|upkeep
|turn|4
|
|t:|1743788183
|switch|p1a: Ogerpon|Ogerpon-Wellspring, F|28/100
|move|p2a: Ogerpon|U-turn|p1a: Ogerpon
|-supereffective|p1a: Ogerpon
|-damage|p1a: Ogerpon|0 fnt
|faint|p1a: Ogerpon
|
|t:|1743788202
|switch|p2a: Dragapult|Dragapult, F|81/100|[from] U-turn
|-damage|p2a: Dragapult|69/100|[from] Stealth Rock
|
|upkeep
|
|t:|1743788208
|switch|p1a: Enamorus|Enamorus, F|100/100
|turn|5
|
|t:|1743788226
|switch|p2a: Ogerpon|Ogerpon-Wellspring, F|58/100
|-damage|p2a: Ogerpon|45/100|[from] Stealth Rock
|move|p1a: Enamorus|Mystical Fire|p2a: Ogerpon
|-damage|p2a: Ogerpon|13/100
|-unboost|p2a: Ogerpon|spa|1
|
|upkeep
|turn|6
|
|t:|1743788233
|move|p1a: Enamorus|Mystical Fire|p2a: Ogerpon
|-damage|p2a: Ogerpon|0 fnt
|faint|p2a: Ogerpon
|
|upkeep
|
|t:|1743788236
|switch|p2a: Iron Treads|Iron Treads|100/100
|-damage|p2a: Iron Treads|97/100|[from] Stealth Rock
|-enditem|p2a: Iron Treads|Booster Energy
|-activate|p2a: Iron Treads|ability: Quark Drive|[fromitem]
|-start|p2a: Iron Treads|quarkdrivespe
|turn|7
|
|t:|1743788246
|move|p2a: Iron Treads|Rapid Spin|p1a: Enamorus
|-damage|p1a: Enamorus|83/100
|-boost|p2a: Iron Treads|spe|1
|-sideend|p2: PICHUTTT|Stealth Rock|[from] move: Rapid Spin|[of] p2a: Iron Treads
|move|p1a: Enamorus|Mystical Fire|p2a: Iron Treads
|-supereffective|p2a: Iron Treads
|-damage|p2a: Iron Treads|14/100
|-unboost|p2a: Iron Treads|spa|1
|
|upkeep
|turn|8
|
|t:|1743788255
|switch|p1a: Garganacl|Garganacl, F|100/100
|move|p2a: Iron Treads|Steel Beam|p1a: Garganacl
|-supereffective|p1a: Garganacl
|-damage|p1a: Garganacl|41/100
|-damage|p2a: Iron Treads|0 fnt|[from] steelbeam
|faint|p2a: Iron Treads
|-end|p2a: Iron Treads|Quark Drive|[silent]
|
|-heal|p1a: Garganacl|47/100|[from] item: Leftovers
|upkeep
|
|t:|1743788271
|switch|p2a: Iron Valiant|Iron Valiant|100/100
|-enditem|p2a: Iron Valiant|Booster Energy
|-activate|p2a: Iron Valiant|ability: Quark Drive|[fromitem]
|-start|p2a: Iron Valiant|quarkdrivespe
|turn|9
|
|t:|1743788287
|move|p2a: Iron Valiant|Close Combat|p1a: Garganacl
|-supereffective|p1a: Garganacl
|-damage|p1a: Garganacl|0 fnt
|-unboost|p2a: Iron Valiant|def|1
|-unboost|p2a: Iron Valiant|spd|1
|faint|p1a: Garganacl
|
|upkeep
|
|t:|1743788290
|switch|p1a: Jirachi|Jirachi|100/100
|turn|10
|
|t:|1743788297
|move|p2a: Iron Valiant|Knock Off|p1a: Jirachi
|-supereffective|p1a: Jirachi
|-damage|p1a: Jirachi|51/100
|-enditem|p1a: Jirachi|Leftovers|[from] move: Knock Off|[of] p2a: Iron Valiant
|move|p1a: Jirachi|Wish|p1a: Jirachi
|
|upkeep
|turn|11
|
|t:|1743788304
|move|p1a: Jirachi|Protect|p1a: Jirachi
|-singleturn|p1a: Jirachi|Protect
|move|p2a: Iron Valiant|Encore|p1a: Jirachi
|-activate|p1a: Jirachi|move: Protect
|
|-heal|p1a: Jirachi|100/100|[from] move: Wish|[wisher] Jirachi
|upkeep
|turn|12
|
|t:|1743788320
|move|p2a: Iron Valiant|Encore|p1a: Jirachi
|-start|p1a: Jirachi|Encore
|move|p1a: Jirachi|Protect||[still]
|-fail|p1a: Jirachi
|
|upkeep
|turn|13
|
|t:|1743788324
|move|p1a: Jirachi|Protect|p1a: Jirachi
|-singleturn|p1a: Jirachi|Protect
|move|p2a: Iron Valiant|Knock Off|p1a: Jirachi
|-activate|p1a: Jirachi|move: Protect
|
|upkeep
|turn|14
|
|t:|1743788336
|switch|p1a: Sandy Shocks|Sandy Shocks|100/100
|move|p2a: Iron Valiant|Knock Off|p1a: Sandy Shocks
|-damage|p1a: Sandy Shocks|68/100
|-enditem|p1a: Sandy Shocks|Heavy-Duty Boots|[from] move: Knock Off|[of] p2a: Iron Valiant
|
|upkeep
|turn|15
|
|t:|1743788346
|move|p2a: Iron Valiant|Moonblast|p1a: Sandy Shocks
|-damage|p1a: Sandy Shocks|13/100
|-unboost|p1a: Sandy Shocks|spa|1
|move|p1a: Sandy Shocks|Thunderbolt|p2a: Iron Valiant
|-damage|p2a: Iron Valiant|6/100
|
|upkeep
|turn|16
|-message|mr tickley forfeited.
|
|win|PICHUTTT
|raw|mr tickley's rating: 1578 &rarr; <strong>1556</strong><br />(-22 for losing)
|raw|PICHUTTT's rating: 1549 &rarr; <strong>1571</strong><br />(+22 for winning)
|l|☆mr tickley
|player|p1|
|l|☆PICHUTTT
|player|p2|
