|j|☆Arabesca
|j|☆Sans_The_Skelebone
|t:|1743828102
|gametype|singles
|player|p1|Arabesca|mom-hoenn|1095
|player|p2|Sans_The_Skelebone|dawn|1131
|teamsize|p1|6
|teamsize|p2|6
|gen|9
|tier|[Gen 9] OU
|rated|
|rule|HP Percentage Mod: HP is shown in percentages
|rule|Endless Battle Clause: Forcing endless battles is banned
|rule|Species Clause: Limit one of each Pokémon
|rule|OHKO Clause: OHKO moves are banned
|rule|Evasion Items Clause: Evasion items are banned
|rule|Evasion Moves Clause: Evasion moves are banned
|rule|Sleep Moves Clause: Sleep-inducing moves are banned
|clearpoke
|poke|p1|Vikavolt, M|
|poke|p1|Torterra, F|
|poke|p1|Articuno-Galar|
|poke|p1|Pawmot, M|
|poke|p1|Mismagius, F|
|poke|p1|Arcanine, F|
|poke|p2|Lycanroc, M|
|poke|p2|Kommo-o, F|
|poke|p2|Greninja-*, M|
|poke|p2|Dusknoir, F|
|poke|p2|Pawmot, F|
|poke|p2|Skeledirge, F|
|teampreview
|inactive|Battle timer is ON: inactive players will automatically lose when time's up. (requested by Sans_The_Skelebone)
|inactive|Arabesca has 120 seconds left.
|inactive|Arabesca has 90 seconds left.
|
|t:|1743828296
|start
|switch|p1a: Vikavolt|Vikavolt, M|100/100
|switch|p2a: Lycanroc|Lycanroc, M|100/100
|turn|1
|
|t:|1743828302
|move|p2a: Lycanroc|Stealth Rock|p1a: Vikavolt
|-sidestart|p1: Arabesca|move: Stealth Rock
|move|p1a: Vikavolt|Sticky Web|p2a: Lycanroc
|-sidestart|p2: Sans_The_Skelebone|move: Sticky Web
|
|upkeep
|turn|2
|
|t:|1743828307
|move|p2a: Lycanroc|Rock Blast|p1a: Vikavolt
|-supereffective|p1a: Vikavolt
|-damage|p1a: Vikavolt|68/100
|-supereffective|p1a: Vikavolt
|-damage|p1a: Vikavolt|39/100
|-supereffective|p1a: Vikavolt
|-damage|p1a: Vikavolt|11/100
|-hitcount|p1a: Vikavolt|3
|move|p1a: Vikavolt|Thunder Wave|p2a: Lycanroc
|-status|p2a: Lycanroc|par
|
|upkeep
|turn|3
|-enditem|p1a: Vikavolt|Custap Berry|[eat]
|-activate|p1a: Vikavolt|item: Custap Berry|[consumed]
|
|t:|1743828318
|move|p1a: Vikavolt|Bug Buzz|p2a: Lycanroc
|-enditem|p2a: Lycanroc|Focus Sash
|-damage|p2a: Lycanroc|1/100 par
|move|p2a: Lycanroc|Rock Blast|p1a: Vikavolt|[miss]
|-miss|p2a: Lycanroc|p1a: Vikavolt
|
|upkeep
|turn|4
|
|t:|1743828329
|move|p1a: Vikavolt|Bug Buzz|p2a: Lycanroc
|-damage|p2a: Lycanroc|0 fnt
|faint|p2a: Lycanroc
|
|upkeep
|
|t:|1743828334
|switch|p2a: Pawmot|Pawmot, F|100/100
|turn|5
|
|t:|1743828337
|move|p2a: Pawmot|Mach Punch|p1a: Vikavolt
|-resisted|p1a: Vikavolt
|-damage|p1a: Vikavolt|0 fnt
|faint|p1a: Vikavolt
|
|upkeep
|
|t:|1743828340
|switch|p1a: Torterra|Torterra, F|100/100
|-damage|p1a: Torterra|94/100|[from] Stealth Rock
|turn|6
|
|t:|1743828349
|switch|p2a: Skeledirge|Skeledirge, F|100/100
|-activate|p2a: Skeledirge|move: Sticky Web
|-unboost|p2a: Skeledirge|spe|1
|move|p1a: Torterra|Shell Smash|p1a: Torterra
|-unboost|p1a: Torterra|def|1
|-unboost|p1a: Torterra|spd|1
|-boost|p1a: Torterra|atk|2
|-boost|p1a: Torterra|spa|2
|-boost|p1a: Torterra|spe|2
|
|upkeep
|turn|7
|
|t:|1743828361
|move|p1a: Torterra|Earthquake|p2a: Skeledirge
|-supereffective|p2a: Skeledirge
|-damage|p2a: Skeledirge|23/100
|move|p2a: Skeledirge|Will-O-Wisp|p1a: Torterra
|-status|p1a: Torterra|brn
|
|-heal|p2a: Skeledirge|29/100|[from] item: Leftovers
|-damage|p1a: Torterra|88/100 brn|[from] brn
|upkeep
|turn|8
|
|t:|1743828370
|move|p1a: Torterra|Rock Blast|p2a: Skeledirge
|-supereffective|p2a: Skeledirge
|-damage|p2a: Skeledirge|23/100
|-supereffective|p2a: Skeledirge
|-damage|p2a: Skeledirge|17/100
|-supereffective|p2a: Skeledirge
|-damage|p2a: Skeledirge|10/100
|-supereffective|p2a: Skeledirge
|-damage|p2a: Skeledirge|3/100
|-hitcount|p2a: Skeledirge|4
|move|p2a: Skeledirge|Slack Off|p2a: Skeledirge
|-heal|p2a: Skeledirge|54/100
|
|-heal|p2a: Skeledirge|60/100|[from] item: Leftovers
|-damage|p1a: Torterra|82/100 brn|[from] brn
|upkeep
|turn|9
|
|t:|1743828384
|move|p1a: Torterra|Earthquake|p2a: Skeledirge
|-supereffective|p2a: Skeledirge
|-damage|p2a: Skeledirge|23/100
|move|p2a: Skeledirge|Hex|p1a: Torterra
|-damage|p1a: Torterra|23/100 brn
|
|-heal|p2a: Skeledirge|29/100|[from] item: Leftovers
|-damage|p1a: Torterra|17/100 brn|[from] brn
|upkeep
|turn|10
|
|t:|1743828394
|move|p1a: Torterra|Earthquake|p2a: Skeledirge
|-supereffective|p2a: Skeledirge
|-damage|p2a: Skeledirge|0 fnt
|faint|p2a: Skeledirge
|
|-damage|p1a: Torterra|11/100 brn|[from] brn
|upkeep
|
|t:|1743828402
|switch|p2a: Greninja|Greninja, M|100/100
|-activate|p2a: Greninja|move: Sticky Web
|-unboost|p2a: Greninja|spe|1
|turn|11
|
|t:|1743828406
|move|p1a: Torterra|Bullet Seed|p2a: Greninja
|-supereffective|p2a: Greninja
|-damage|p2a: Greninja|41/100
|-supereffective|p2a: Greninja
|-damage|p2a: Greninja|0 fnt
|faint|p2a: Greninja
|-hitcount|p2: Greninja|2
|
|-damage|p1a: Torterra|5/100 brn|[from] brn
|upkeep
|l|☆Arabesca
|inactive|Arabesca disconnected and has a minute to reconnect!
|player|p1|
|
|t:|1743828411
|switch|p2a: Dusknoir|Dusknoir, F|100/100
|-activate|p2a: Dusknoir|move: Sticky Web
|-unboost|p2a: Dusknoir|spe|1
|-ability|p2a: Dusknoir|Pressure
|turn|12
|c|☆Sans_The_Skelebone|Nemona team in a bad position here
|inactive|Arabesca has 30 seconds to reconnect!
|inactive|Arabesca has 20 seconds to reconnect!
|inactive|Arabesca has 15 seconds to reconnect!
|inactive|Arabesca has 10 seconds to reconnect!
|inactive|Arabesca has 5 seconds to reconnect!
|-message|Arabesca lost due to inactivity.
|
|win|Sans_The_Skelebone
|raw|Arabesca's rating: 1095 &rarr; <strong>1073</strong><br />(-22 for losing)
|raw|Sans_The_Skelebone's rating: 1131 &rarr; <strong>1153</strong><br />(+22 for winning)
|l|☆Sans_The_Skelebone
|player|p2|
