|j|☆Klamzzzz
|j|☆S26_Yt
|t:|1743857472
|gametype|singles
|player|p1|Klamzzzz|266|1127
|player|p2|S26_Yt|102|1116
|teamsize|p1|6
|teamsize|p2|6
|gen|9
|tier|[Gen 9] OU
|rated|
|rule|HP Percentage Mod: HP is shown in percentages
|rule|Endless Battle Clause: Forcing endless battles is banned
|rule|Species Clause: Limit one of each Pokémon
|rule|OHKO Clause: OHKO moves are banned
|rule|Evasion Items Clause: Evasion items are banned
|rule|Evasion Moves Clause: Evasion moves are banned
|rule|Sleep Moves Clause: Sleep-inducing moves are banned
|clearpoke
|poke|p1|Great Tusk|
|poke|p1|Serperior, M|
|poke|p1|Skeledirge, F|
|poke|p1|Raging Bolt|
|poke|p1|Kingambit, F|
|poke|p1|Skarmory, F|
|poke|p2|Azelf|
|poke|p2|Kommo-o, M|
|poke|p2|Lycanroc-Dusk, F|
|poke|p2|Moltres-Galar|
|poke|p2|Alcremie, F|
|poke|p2|Keldeo-Resolute|
|teampreview
|
|t:|1743857485
|start
|switch|p1a: Skarmory|Skarmory, F|100/100
|switch|p2a: Kommo-o|Kommo-o, M|100/100
|turn|1
|
|t:|1743857488
|move|p2a: Kommo-o|Taunt|p1a: Skarmory
|-start|p1a: Skarmory|move: Taunt
|cant|p1a: Skarmory|move: Taunt|Whirlwind
|
|upkeep
|turn|2
|
|t:|1743857502
|switch|p1a: Great Tusk|Great Tusk|100/100
|move|p2a: Kommo-o|Stealth Rock|p1a: Great Tusk
|-sidestart|p1: Klamzzzz|move: Stealth Rock
|
|upkeep
|turn|3
|
|t:|1743857507
|move|p1a: Great Tusk|Rapid Spin|p2a: Kommo-o
|-damage|p2a: Kommo-o|90/100
|-boost|p1a: Great Tusk|spe|1
|-sideend|p1: Klamzzzz|Stealth Rock|[from] move: Rapid Spin|[of] p1a: Great Tusk
|move|p2a: Kommo-o|Taunt|p1a: Great Tusk
|-start|p1a: Great Tusk|move: Taunt
|
|-heal|p2a: Kommo-o|96/100|[from] item: Leftovers
|upkeep
|turn|4
|
|t:|1743857515
|switch|p2a: Moltres|Moltres-Galar|100/100
|move|p1a: Great Tusk|Earthquake|p2a: Moltres
|-immune|p2a: Moltres
|
|upkeep
|turn|5
|
|t:|1743857527
|-end|p1a: Great Tusk|Protosynthesis|[silent]
|switch|p1a: Skarmory|Skarmory, F|100/100
|move|p2a: Moltres|Agility|p2a: Moltres
|-boost|p2a: Moltres|spe|2
|
|upkeep
|turn|6
|
|t:|1743857531
|move|p2a: Moltres|Fiery Wrath|p1a: Skarmory
|-damage|p1a: Skarmory|43/100
|move|p1a: Skarmory|Spikes|p2a: Moltres
|-sidestart|p2: S26_Yt|Spikes
|
|upkeep
|turn|7
|
|t:|1743857538
|switch|p1a: Skeledirge|Skeledirge, F|100/100
|move|p2a: Moltres|Fiery Wrath|p1a: Skeledirge
|-supereffective|p1a: Skeledirge
|-damage|p1a: Skeledirge|36/100
|
|upkeep
|turn|8
|
|t:|1743857549
|-terastallize|p1a: Skeledirge|Fairy
|move|p2a: Moltres|Fiery Wrath|p1a: Skeledirge
|-resisted|p1a: Skeledirge
|-damage|p1a: Skeledirge|21/100
|move|p1a: Skeledirge|Slack Off|p1a: Skeledirge
|-heal|p1a: Skeledirge|71/100
|
|upkeep
|turn|9
|
|t:|1743857562
|move|p2a: Moltres|Air Slash|p1a: Skeledirge
|-damage|p1a: Skeledirge|47/100
|cant|p1a: Skeledirge|flinch
|
|upkeep
|turn|10
|
|t:|1743857572
|move|p2a: Moltres|Air Slash|p1a: Skeledirge
|-damage|p1a: Skeledirge|22/100
|move|p1a: Skeledirge|Slack Off|p1a: Skeledirge
|-heal|p1a: Skeledirge|72/100
|
|upkeep
|turn|11
|
|t:|1743857579
|move|p2a: Moltres|Air Slash|p1a: Skeledirge|[miss]
|-miss|p2a: Moltres|p1a: Skeledirge
|move|p1a: Skeledirge|Torch Song|p2a: Moltres
|-damage|p2a: Moltres|74/100
|-boost|p1a: Skeledirge|spa|1
|
|upkeep
|turn|12
|
|t:|1743857589
|switch|p2a: Keldeo|Keldeo-Resolute|100/100
|-damage|p2a: Keldeo|88/100|[from] Spikes
|move|p1a: Skeledirge|Alluring Voice|p2a: Keldeo
|-supereffective|p2a: Keldeo
|-damage|p2a: Keldeo|0 fnt
|faint|p2a: Keldeo
|
|upkeep
|
|t:|1743857604
|switch|p2a: Azelf|Azelf|100/100
|turn|13
|
|t:|1743857612
|switch|p1a: Kingambit|Kingambit, F|100/100
|move|p2a: Azelf|Mystical Power|p1a: Kingambit
|-immune|p1a: Kingambit
|
|upkeep
|turn|14
|
|t:|1743857617
|move|p2a: Azelf|Flamethrower|p1a: Kingambit
|-supereffective|p1a: Kingambit
|-damage|p1a: Kingambit|12/100
|move|p1a: Kingambit|Swords Dance|p1a: Kingambit
|-boost|p1a: Kingambit|atk|2
|
|-heal|p1a: Kingambit|18/100|[from] item: Leftovers
|upkeep
|turn|15
|
|t:|1743857628
|switch|p2a: Kommo-o|Kommo-o, M|96/100
|-damage|p2a: Kommo-o|84/100|[from] Spikes
|move|p1a: Kingambit|Sucker Punch||[still]
|-fail|p1a: Kingambit
|
|-heal|p2a: Kommo-o|90/100|[from] item: Leftovers
|-heal|p1a: Kingambit|24/100|[from] item: Leftovers
|upkeep
|turn|16
|
|t:|1743857634
|-end|p1a: Kingambit|fallenundefined|[silent]
|switch|p1a: Great Tusk|Great Tusk|100/100
|move|p2a: Kommo-o|Body Press|p1a: Great Tusk
|-damage|p1a: Great Tusk|68/100
|
|-heal|p2a: Kommo-o|96/100|[from] item: Leftovers
|upkeep
|turn|17
|
|t:|1743857640
|switch|p2a: Moltres|Moltres-Galar|74/100
|move|p1a: Great Tusk|Close Combat|p2a: Moltres
|-damage|p2a: Moltres|3/100
|-unboost|p1a: Great Tusk|def|1
|-unboost|p1a: Great Tusk|spd|1
|-ability|p2a: Moltres|Berserk|boost
|-boost|p2a: Moltres|spa|1
|
|upkeep
|turn|18
|
|t:|1743857647
|-end|p1a: Great Tusk|Protosynthesis|[silent]
|switch|p1a: Raging Bolt|Raging Bolt|100/100
|move|p2a: Moltres|Air Slash|p1a: Raging Bolt|[miss]
|-miss|p2a: Moltres|p1a: Raging Bolt
|
|upkeep
|turn|19
|
|t:|1743857652
|move|p1a: Raging Bolt|Thunderclap||[still]
|-fail|p1a: Raging Bolt
|move|p2a: Moltres|Agility|p2a: Moltres
|-boost|p2a: Moltres|spe|2
|
|upkeep
|turn|20
|
|t:|1743857655
|move|p1a: Raging Bolt|Thunderclap|p2a: Moltres
|-supereffective|p2a: Moltres
|-damage|p2a: Moltres|0 fnt
|faint|p2a: Moltres
|
|upkeep
|
|t:|1743857660
|switch|p2a: Alcremie|Alcremie, F|100/100
|-damage|p2a: Alcremie|88/100|[from] Spikes
|turn|21
|
|t:|1743857667
|-end|p1a: Raging Bolt|Protosynthesis|[silent]
|switch|p1a: Skeledirge|Skeledirge, F, tera:Fairy|72/100
|move|p2a: Alcremie|Calm Mind|p2a: Alcremie
|-boost|p2a: Alcremie|spa|1
|-boost|p2a: Alcremie|spd|1
|
|-heal|p2a: Alcremie|94/100|[from] item: Leftovers
|upkeep
|turn|22
|
|t:|1743857672
|move|p1a: Skeledirge|Torch Song|p2a: Alcremie
|-damage|p2a: Alcremie|67/100
|-boost|p1a: Skeledirge|spa|1
|move|p2a: Alcremie|Acid Armor|p2a: Alcremie
|-boost|p2a: Alcremie|def|2
|
|-heal|p2a: Alcremie|73/100|[from] item: Leftovers
|upkeep
|turn|23
|
|t:|1743857678
|-terastallize|p2a: Alcremie|Water
|move|p1a: Skeledirge|Torch Song|p2a: Alcremie
|-resisted|p2a: Alcremie
|-damage|p2a: Alcremie|54/100
|-boost|p1a: Skeledirge|spa|1
|move|p2a: Alcremie|Calm Mind|p2a: Alcremie
|-boost|p2a: Alcremie|spa|1
|-boost|p2a: Alcremie|spd|1
|
|-heal|p2a: Alcremie|60/100|[from] item: Leftovers
|upkeep
|turn|24
|
|t:|1743857687
|move|p1a: Skeledirge|Alluring Voice|p2a: Alcremie
|-damage|p2a: Alcremie|11/100
|move|p2a: Alcremie|Calm Mind|p2a: Alcremie
|-boost|p2a: Alcremie|spa|1
|-boost|p2a: Alcremie|spd|1
|
|-heal|p2a: Alcremie|17/100|[from] item: Leftovers
|upkeep
|turn|25
|
|t:|1743857693
|move|p1a: Skeledirge|Alluring Voice|p2a: Alcremie
|-damage|p2a: Alcremie|0 fnt
|faint|p2a: Alcremie
|
|upkeep
|
|t:|1743857699
|switch|p2a: Azelf|Azelf|100/100
|turn|26
|
|t:|1743857709
|move|p2a: Azelf|Dazzling Gleam|p1a: Skeledirge
|-crit|p1a: Skeledirge
|-damage|p1a: Skeledirge|45/100
|move|p1a: Skeledirge|Torch Song|p2a: Azelf
|-damage|p2a: Azelf|4/100
|-boost|p1a: Skeledirge|spa|1
|
|upkeep
|turn|27
|
|t:|1743857712
|move|p2a: Azelf|Mystical Power|p1a: Skeledirge
|-damage|p1a: Skeledirge|21/100
|-boost|p2a: Azelf|spa|1
|move|p1a: Skeledirge|Slack Off|p1a: Skeledirge
|-heal|p1a: Skeledirge|71/100
|
|upkeep
|turn|28
|
|t:|1743857716
|move|p2a: Azelf|Mystical Power|p1a: Skeledirge
|-damage|p1a: Skeledirge|43/100
|-boost|p2a: Azelf|spa|1
|move|p1a: Skeledirge|Torch Song|p2a: Azelf
|-damage|p2a: Azelf|0 fnt
|-boost|p1a: Skeledirge|spa|1
|faint|p2a: Azelf
|
|upkeep
|
|t:|1743857723
|switch|p2a: Lycanroc|Lycanroc-Dusk, F|100/100
|-damage|p2a: Lycanroc|88/100|[from] Spikes
|turn|29
|
|t:|1743857726
|move|p2a: Lycanroc|Iron Head|p1a: Skeledirge
|-supereffective|p1a: Skeledirge
|-damage|p1a: Skeledirge|0 fnt
|faint|p1a: Skeledirge
|-damage|p2a: Lycanroc|78/100|[from] item: Life Orb
|
|upkeep
|
|t:|1743857730
|switch|p1a: Great Tusk|Great Tusk|68/100
|turn|30
|
|t:|1743857731
|move|p2a: Lycanroc|Psychic Fangs|p1a: Great Tusk
|-supereffective|p1a: Great Tusk
|-damage|p1a: Great Tusk|6/100
|-damage|p2a: Lycanroc|68/100|[from] item: Life Orb
|move|p1a: Great Tusk|Earthquake|p2a: Lycanroc
|-supereffective|p2a: Lycanroc
|-damage|p2a: Lycanroc|0 fnt
|faint|p2a: Lycanroc
|
|upkeep
|
|t:|1743857734
|switch|p2a: Kommo-o|Kommo-o, M|96/100
|-damage|p2a: Kommo-o|84/100|[from] Spikes
|turn|31
|
|t:|1743857737
|move|p1a: Great Tusk|Close Combat|p2a: Kommo-o
|-damage|p2a: Kommo-o|43/100
|-unboost|p1a: Great Tusk|def|1
|-unboost|p1a: Great Tusk|spd|1
|move|p2a: Kommo-o|Body Press|p1a: Great Tusk
|-damage|p1a: Great Tusk|0 fnt
|faint|p1a: Great Tusk
|-end|p1a: Great Tusk|Protosynthesis|[silent]
|
|-heal|p2a: Kommo-o|49/100|[from] item: Leftovers
|upkeep
|
|t:|1743857741
|switch|p1a: Serperior|Serperior, M|100/100
|turn|32
|
|t:|1743857745
|move|p1a: Serperior|Glare|p2a: Kommo-o
|-status|p2a: Kommo-o|par
|move|p2a: Kommo-o|Dragon Tail|p1a: Serperior
|-crit|p1a: Serperior
|-damage|p1a: Serperior|61/100
|drag|p1a: Raging Bolt|Raging Bolt|100/100
|
|-heal|p2a: Kommo-o|55/100 par|[from] item: Leftovers
|upkeep
|turn|33
|-message|S26_Yt forfeited.
|
|win|Klamzzzz
|raw|Klamzzzz's rating: 1127 &rarr; <strong>1151</strong><br />(+24 for winning)
|raw|S26_Yt's rating: 1116 &rarr; <strong>1092</strong><br />(-24 for losing)
|l|☆S26_Yt
|player|p2|
