|j|☆NeedSleep123
|j|☆jlightninbolt
|t:|1743809558
|gametype|singles
|player|p1|NeedSleep123|265|1517
|player|p2|jlightninbolt|102|1539
|teamsize|p1|6
|teamsize|p2|6
|gen|9
|tier|[Gen 9] OU
|rated|
|rule|HP Percentage Mod: HP is shown in percentages
|rule|Endless Battle Clause: Forcing endless battles is banned
|rule|Species Clause: Limit one of each Pokémon
|rule|OHKO Clause: OHKO moves are banned
|rule|Evasion Items Clause: Evasion items are banned
|rule|Evasion Moves Clause: Evasion moves are banned
|rule|Sleep Moves Clause: Sleep-inducing moves are banned
|clearpoke
|poke|p1|Thundurus-Therian, M|
|poke|p1|Samurott-Hisui, M|
|poke|p1|Sinistcha-Masterpiece|
|poke|p1|Gliscor, F|
|poke|p1|Zamazenta-*|
|poke|p1|Tinkaton, F|
|poke|p2|Duraludon, M|
|poke|p2|Primarina, F|
|poke|p2|Iron Valiant|
|poke|p2|Great Tusk|
|poke|p2|Dragapult, F|
|poke|p2|Corviknight, M|
|teampreview
|inactive|Battle timer is ON: inactive players will automatically lose when time's up. (requested by NeedSleep123)
|
|t:|1743809567
|start
|switch|p1a: Tinkaton|Tinkaton, F|100/100
|switch|p2a: Primarina|Primarina, F|100/100
|-ability|p1a: Tinkaton|Mold Breaker
|turn|1
|
|t:|1743809572
|move|p1a: Tinkaton|Stealth Rock|p2a: Primarina
|-sidestart|p2: jlightninbolt|move: Stealth Rock
|move|p2a: Primarina|Surf|p1a: Tinkaton
|-damage|p1a: Tinkaton|55/100
|
|upkeep
|turn|2
|
|t:|1743809577
|switch|p1a: Sinistcha|Sinistcha-Masterpiece|100/100
|move|p2a: Primarina|Surf|p1a: Sinistcha
|-resisted|p1a: Sinistcha
|-damage|p1a: Sinistcha|72/100
|
|upkeep
|turn|3
|
|t:|1743809589
|switch|p2a: Dragapult|Dragapult, F|100/100
|-damage|p2a: Dragapult|88/100|[from] Stealth Rock
|move|p1a: Sinistcha|Strength Sap|p2a: Dragapult
|-fail|p2a: Dragapult|unboost|[from] ability: Clear Body|[of] p2a: Dragapult
|-heal|p1a: Sinistcha|100/100
|
|upkeep
|turn|4
|
|t:|1743809593
|switch|p1a: Tinkaton|Tinkaton, F|55/100
|-ability|p1a: Tinkaton|Mold Breaker
|move|p2a: Dragapult|Shadow Ball|p1a: Tinkaton
|-damage|p1a: Tinkaton|6/100
|
|upkeep
|turn|5
|
|t:|1743809598
|switch|p1a: Samurott|Samurott-Hisui, M|100/100
|move|p2a: Dragapult|Shadow Ball|p1a: Samurott
|-resisted|p1a: Samurott
|-damage|p1a: Samurott|72/100
|
|upkeep
|turn|6
|
|t:|1743809602
|switch|p2a: Corviknight|Corviknight, M|100/100
|-damage|p2a: Corviknight|88/100|[from] Stealth Rock
|-ability|p2a: Corviknight|Pressure
|move|p1a: Samurott|Ceaseless Edge|p2a: Corviknight
|-damage|p2a: Corviknight|63/100
|-damage|p1a: Samurott|56/100|[from] item: Rocky Helmet|[of] p2a: Corviknight
|-sidestart|p2: jlightninbolt|Spikes
|
|upkeep
|turn|7
|
|t:|1743809614
|switch|p1a: Thundurus|Thundurus-Therian, M|100/100
|move|p2a: Corviknight|Defog|p1a: Thundurus
|-unboost|p1a: Thundurus|evasion|1
|-sideend|p2: jlightninbolt|Spikes|[from] move: Defog|[of] p2a: Corviknight
|-sideend|p2: jlightninbolt|Stealth Rock|[from] move: Defog|[of] p2a: Corviknight
|
|upkeep
|turn|8
|
|t:|1743809618
|switch|p2a: Great Tusk|Great Tusk|100/100
|-enditem|p2a: Great Tusk|Booster Energy
|-activate|p2a: Great Tusk|ability: Protosynthesis|[fromitem]
|-start|p2a: Great Tusk|protosynthesisatk
|move|p1a: Thundurus|Thunderbolt|p2a: Great Tusk
|-immune|p2a: Great Tusk
|
|upkeep
|turn|9
|
|t:|1743809624
|move|p1a: Thundurus|Grass Knot|p2a: Great Tusk
|-supereffective|p2a: Great Tusk
|-damage|p2a: Great Tusk|0 fnt
|faint|p2a: Great Tusk
|-end|p2a: Great Tusk|Protosynthesis|[silent]
|
|upkeep
|
|t:|1743809628
|switch|p2a: Dragapult|Dragapult, F|88/100
|turn|10
|
|t:|1743809636
|move|p2a: Dragapult|Shadow Ball|p1a: Thundurus
|-damage|p1a: Thundurus|30/100
|move|p1a: Thundurus|Knock Off|p2a: Dragapult
|-supereffective|p2a: Dragapult
|-damage|p2a: Dragapult|33/100
|-enditem|p2a: Dragapult|Choice Specs|[from] move: Knock Off|[of] p1a: Thundurus
|
|upkeep
|turn|11
|
|t:|1743809655
|switch|p1a: Samurott|Samurott-Hisui, M|56/100
|move|p2a: Dragapult|Shadow Ball|p1a: Samurott
|-resisted|p1a: Samurott
|-damage|p1a: Samurott|39/100
|-unboost|p1a: Samurott|spd|1
|
|upkeep
|turn|12
|
|t:|1743809660
|switch|p2a: Corviknight|Corviknight, M|63/100
|-ability|p2a: Corviknight|Pressure
|move|p1a: Samurott|Aqua Jet|p2a: Corviknight
|-damage|p2a: Corviknight|51/100
|-damage|p1a: Samurott|22/100|[from] item: Rocky Helmet|[of] p2a: Corviknight
|
|upkeep
|turn|13
|
|t:|1743809664
|switch|p1a: Thundurus|Thundurus-Therian, M|30/100
|move|p2a: Corviknight|Roost|p2a: Corviknight
|-heal|p2a: Corviknight|100/100
|-singleturn|p2a: Corviknight|move: Roost
|
|upkeep
|turn|14
|
|t:|1743809668
|switch|p2a: Duraludon|Duraludon, M|100/100
|move|p1a: Thundurus|Knock Off|p2a: Duraludon
|-damage|p2a: Duraludon|89/100
|-enditem|p2a: Duraludon|Eviolite|[from] move: Knock Off|[of] p1a: Thundurus
|
|upkeep
|turn|15
|
|t:|1743809675
|move|p1a: Thundurus|U-turn|p2a: Duraludon
|-resisted|p2a: Duraludon
|-damage|p2a: Duraludon|84/100
|
|t:|1743809677
|switch|p1a: Samurott|Samurott-Hisui, M|22/100|[from] U-turn
|move|p2a: Duraludon|Flash Cannon|p1a: Samurott
|-resisted|p1a: Samurott
|-damage|p1a: Samurott|6/100
|
|upkeep
|turn|16
|
|t:|1743809682
|switch|p2a: Corviknight|Corviknight, M|100/100
|-ability|p2a: Corviknight|Pressure
|move|p1a: Samurott|Ceaseless Edge|p2a: Corviknight
|-damage|p2a: Corviknight|73/100
|-damage|p1a: Samurott|0 fnt|[from] item: Rocky Helmet|[of] p2a: Corviknight
|faint|p1a: Samurott
|
|upkeep
|
|t:|1743809684
|switch|p1a: Thundurus|Thundurus-Therian, M|30/100
|turn|17
|
|t:|1743809688
|switch|p2a: Duraludon|Duraludon, M|84/100
|move|p1a: Thundurus|Thunderbolt|p2a: Duraludon
|-resisted|p2a: Duraludon
|-damage|p2a: Duraludon|50/100
|
|upkeep
|turn|18
|
|t:|1743809698
|move|p1a: Thundurus|U-turn|p2a: Duraludon
|-resisted|p2a: Duraludon
|-crit|p2a: Duraludon
|-damage|p2a: Duraludon|41/100
|
|t:|1743809701
|switch|p1a: Tinkaton|Tinkaton, F|6/100|[from] U-turn
|-ability|p1a: Tinkaton|Mold Breaker
|move|p2a: Duraludon|Metal Burst|p1a: Tinkaton
|-damage|p1a: Tinkaton|0 fnt
|faint|p1a: Tinkaton
|
|upkeep
|
|t:|1743809713
|switch|p1a: Sinistcha|Sinistcha-Masterpiece|100/100
|turn|19
|
|t:|1743809722
|switch|p2a: Dragapult|Dragapult, F|33/100
|move|p1a: Sinistcha|Calm Mind|p1a: Sinistcha
|-boost|p1a: Sinistcha|spa|1
|-boost|p1a: Sinistcha|spd|1
|
|upkeep
|turn|20
|
|t:|1743809725
|move|p2a: Dragapult|Shadow Ball|p1a: Sinistcha
|-supereffective|p1a: Sinistcha
|-damage|p1a: Sinistcha|45/100
|move|p1a: Sinistcha|Shadow Ball|p2a: Dragapult
|-supereffective|p2a: Dragapult
|-damage|p2a: Dragapult|0 fnt
|faint|p2a: Dragapult
|
|upkeep
|
|t:|1743809735
|switch|p2a: Primarina|Primarina, F|100/100
|turn|21
|
|t:|1743809741
|-terastallize|p2a: Primarina|Poison
|move|p1a: Sinistcha|Matcha Gotcha|p2a: Primarina
|-resisted|p2a: Primarina
|-damage|p2a: Primarina|86/100
|-heal|p1a: Sinistcha|53/100|[from] drain|[of] p2a: Primarina
|move|p2a: Primarina|Psychic Noise|p1a: Sinistcha
|-damage|p1a: Sinistcha|31/100
|-start|p1a: Sinistcha|move: Heal Block
|
|upkeep
|turn|22
|
|t:|1743809752
|move|p1a: Sinistcha|Shadow Ball|p2a: Primarina
|-damage|p2a: Primarina|58/100
|move|p2a: Primarina|Moonblast|p1a: Sinistcha
|-damage|p1a: Sinistcha|0 fnt
|faint|p1a: Sinistcha
|
|upkeep
|
|t:|1743809759
|switch|p1a: Thundurus|Thundurus-Therian, M|30/100
|turn|23
|
|t:|1743809774
|switch|p2a: Duraludon|Duraludon, M|41/100
|move|p1a: Thundurus|Thunderbolt|p2a: Duraludon
|-resisted|p2a: Duraludon
|-damage|p2a: Duraludon|5/100
|
|upkeep
|turn|24
|
|t:|1743809779
|move|p1a: Thundurus|Thunderbolt|p2a: Duraludon
|-resisted|p2a: Duraludon
|-damage|p2a: Duraludon|0 fnt
|faint|p2a: Duraludon
|
|upkeep
|
|t:|1743809780
|switch|p2a: Iron Valiant|Iron Valiant|100/100
|-enditem|p2a: Iron Valiant|Booster Energy
|-activate|p2a: Iron Valiant|ability: Quark Drive|[fromitem]
|-start|p2a: Iron Valiant|quarkdrivespe
|turn|25
|
|t:|1743809788
|move|p2a: Iron Valiant|Calm Mind|p2a: Iron Valiant
|-boost|p2a: Iron Valiant|spa|1
|-boost|p2a: Iron Valiant|spd|1
|move|p1a: Thundurus|Thunderbolt|p2a: Iron Valiant
|-damage|p2a: Iron Valiant|36/100
|
|upkeep
|turn|26
|
|t:|1743809805
|switch|p1a: Zamazenta|Zamazenta|100/100
|-ability|p1a: Zamazenta|Dauntless Shield|boost
|-boost|p1a: Zamazenta|def|1
|move|p2a: Iron Valiant|Moonblast|p1a: Zamazenta
|-supereffective|p1a: Zamazenta
|-damage|p1a: Zamazenta|0 fnt
|faint|p1a: Zamazenta
|
|upkeep
|
|t:|1743809807
|switch|p1a: Gliscor|Gliscor, F|100/100
|turn|27
|
|t:|1743809816
|move|p1a: Gliscor|Protect|p1a: Gliscor
|-singleturn|p1a: Gliscor|Protect
|move|p2a: Iron Valiant|Moonblast|p1a: Gliscor
|-activate|p1a: Gliscor|move: Protect
|
|-status|p1a: Gliscor|tox|[from] item: Toxic Orb
|upkeep
|turn|28
|
|t:|1743809819
|move|p2a: Iron Valiant|Moonblast|p1a: Gliscor
|-damage|p1a: Gliscor|3/100 tox
|move|p1a: Gliscor|Facade|p2a: Iron Valiant
|-damage|p2a: Iron Valiant|0 fnt
|faint|p2a: Iron Valiant
|-end|p2a: Iron Valiant|Quark Drive|[silent]
|
|-heal|p1a: Gliscor|16/100 tox|[from] ability: Poison Heal
|upkeep
|
|t:|1743809826
|switch|p2a: Primarina|Primarina, F, tera:Poison|58/100
|turn|29
|
|t:|1743809830
|switch|p2a: Corviknight|Corviknight, M|73/100
|-ability|p2a: Corviknight|Pressure
|move|p1a: Gliscor|Facade|p2a: Corviknight
|-resisted|p2a: Corviknight
|-damage|p2a: Corviknight|62/100
|-damage|p1a: Gliscor|0 fnt|[from] item: Rocky Helmet|[of] p2a: Corviknight
|faint|p1a: Gliscor
|
|upkeep
|
|t:|1743809833
|switch|p1a: Thundurus|Thundurus-Therian, M|30/100
|turn|30
|
|t:|1743809835
|move|p1a: Thundurus|Thunderbolt|p2a: Corviknight
|-supereffective|p2a: Corviknight
|-damage|p2a: Corviknight|0 fnt
|faint|p2a: Corviknight
|
|upkeep
|
|t:|1743809836
|switch|p2a: Primarina|Primarina, F, tera:Poison|58/100
|turn|31
|
|t:|1743809838
|-terastallize|p1a: Thundurus|Electric
|move|p1a: Thundurus|Thunderbolt|p2a: Primarina
|-damage|p2a: Primarina|22/100
|move|p2a: Primarina|Moonblast|p1a: Thundurus
|-damage|p1a: Thundurus|0 fnt
|faint|p1a: Thundurus
|
|win|jlightninbolt
|raw|NeedSleep123's rating: 1517 &rarr; <strong>1498</strong><br />(-19 for losing)
|raw|jlightninbolt's rating: 1539 &rarr; <strong>1558</strong><br />(+19 for winning)
|l|☆NeedSleep123
|player|p1|
|l|☆jlightninbolt
|player|p2|
