|j|☆Johnny987
|j|☆suparsayajin
|t:|1743808496
|gametype|singles
|player|p1|Johnny987|169|1514
|player|p2|suparsayajin|101|1538
|teamsize|p1|6
|teamsize|p2|6
|gen|9
|tier|[Gen 9] OU
|rated|
|rule|HP Percentage Mod: HP is shown in percentages
|rule|Endless Battle Clause: Forcing endless battles is banned
|rule|Species Clause: Limit one of each Pokémon
|rule|OHKO Clause: OHKO moves are banned
|rule|Evasion Items Clause: Evasion items are banned
|rule|Evasion Moves Clause: Evasion moves are banned
|rule|Sleep Moves Clause: Sleep-inducing moves are banned
|clearpoke
|poke|p1|Pyroar, F|
|poke|p1|Ninetales, F|
|poke|p1|Hatterene, F|
|poke|p1|Great Tusk|
|poke|p1|Walking Wake|
|poke|p1|Kingambit, F|
|poke|p2|Zapdos|
|poke|p2|Greninja-*, M|
|poke|p2|Weavile, M|
|poke|p2|Garchomp, F|
|poke|p2|Snorlax, F|
|poke|p2|Excadrill, F|
|teampreview
|inactive|Battle timer is ON: inactive players will automatically lose when time's up. (requested by suparsayajin)
|
|t:|1743808510
|start
|switch|p1a: Kim|Ninetales, F|100/100
|switch|p2a: Weavile|Weavile, M|100/100
|-ability|p2a: Weavile|Pressure
|-weather|SunnyDay|[from] ability: Drought|[of] p1a: Kim
|turn|1
|
|t:|1743808525
|switch|p1a: Cris|Hatterene, F|100/100
|move|p2a: Weavile|Knock Off|p1a: Cris
|-damage|p1a: Cris|56/100
|-enditem|p1a: Cris|Eject Button|[from] move: Knock Off|[of] p2a: Weavile
|
|-weather|SunnyDay|[upkeep]
|upkeep
|turn|2
|
|t:|1743808535
|move|p2a: Weavile|Triple Axel|p1a: Cris
|-damage|p1a: Cris|46/100
|-hitcount|p1a: Cris|1
|move|p1a: Cris|Nuzzle|p2a: Weavile
|-damage|p2a: Weavile|94/100
|-status|p2a: Weavile|par
|
|-weather|SunnyDay|[upkeep]
|upkeep
|turn|3
|
|t:|1743808552
|switch|p1a: Juni|Pyroar, F|100/100
|-ability|p1a: Juni|Unnerve
|move|p2a: Weavile|Triple Axel|p1a: Juni
|-resisted|p1a: Juni
|-crit|p1a: Juni
|-damage|p1a: Juni|90/100
|-resisted|p1a: Juni
|-damage|p1a: Juni|76/100
|-resisted|p1a: Juni
|-damage|p1a: Juni|54/100
|-hitcount|p1a: Juni|3
|
|-weather|SunnyDay|[upkeep]
|upkeep
|turn|4
|
|t:|1743808572
|move|p1a: Juni|Solar Beam||[still]
|-prepare|p1a: Juni|Solar Beam
|-anim|p1a: Juni|Solar Beam|p2a: Weavile
|-damage|p2a: Weavile|19/100 par
|move|p2a: Weavile|Knock Off|p1a: Juni
|-damage|p1a: Juni|0 fnt
|-enditem|p1a: Juni|Choice Specs|[from] move: Knock Off|[of] p2a: Weavile
|faint|p1a: Juni
|
|-weather|SunnyDay|[upkeep]
|upkeep
|
|t:|1743808584
|switch|p1a: Licha|Walking Wake|100/100
|-activate|p1a: Licha|ability: Protosynthesis
|-start|p1a: Licha|protosynthesisspe
|turn|5
|
|t:|1743808590
|-terastallize|p1a: Licha|Water
|move|p2a: Weavile|Ice Shard|p1a: Licha
|-resisted|p1a: Licha
|-damage|p1a: Licha|91/100
|move|p1a: Licha|Hydro Steam|p2a: Weavile
|-damage|p2a: Weavile|0 fnt
|faint|p2a: Weavile
|
|-weather|SunnyDay|[upkeep]
|upkeep
|
|t:|1743808603
|switch|p2a: Greninja|Greninja, M|100/100
|turn|6
|
|t:|1743808612
|-end|p1a: Licha|Protosynthesis|[silent]
|switch|p1a: Alex|Kingambit, F|100/100
|-activate|p1a: Alex|ability: Supreme Overlord
|-start|p1a: Alex|fallen1|[silent]
|move|p2a: Greninja|Dark Pulse|p1a: Alex
|-resisted|p1a: Alex
|-damage|p1a: Alex|82/100
|
|-weather|SunnyDay|[upkeep]
|-heal|p1a: Alex|89/100|[from] item: Leftovers
|upkeep
|turn|7
|
|t:|1743808626
|move|p2a: Greninja|Spikes|p1a: Alex
|-sidestart|p1: Johnny987|Spikes
|move|p1a: Alex|Swords Dance|p1a: Alex
|-boost|p1a: Alex|atk|2
|
|-weather|SunnyDay|[upkeep]
|-heal|p1a: Alex|95/100|[from] item: Leftovers
|upkeep
|turn|8
|
|t:|1743808634
|switch|p2a: Garchomp|Garchomp, F|100/100
|move|p1a: Alex|Kowtow Cleave|p2a: Garchomp
|-damage|p2a: Garchomp|0 fnt
|-damage|p1a: Alex|82/100|[from] ability: Rough Skin|[of] p2a: Garchomp
|-damage|p1a: Alex|66/100|[from] item: Rocky Helmet|[of] p2a: Garchomp
|faint|p2a: Garchomp
|
|-weather|none
|-heal|p1a: Alex|72/100|[from] item: Leftovers
|upkeep
|
|t:|1743808644
|switch|p2a: Greninja|Greninja, M|100/100
|turn|9
|
|t:|1743808649
|move|p2a: Greninja|Water Shuriken|p1a: Alex
|-damage|p1a: Alex|65/100
|-damage|p1a: Alex|58/100
|-hitcount|p1a: Alex|2
|move|p1a: Alex|Sucker Punch||[still]
|-fail|p1a: Alex
|
|-heal|p1a: Alex|64/100|[from] item: Leftovers
|upkeep
|turn|10
|
|t:|1743808659
|move|p2a: Greninja|Water Shuriken|p1a: Alex
|-damage|p1a: Alex|57/100
|-damage|p1a: Alex|50/100
|-crit|p1a: Alex
|-damage|p1a: Alex|40/100
|-hitcount|p1a: Alex|3
|move|p1a: Alex|Kowtow Cleave|p2a: Greninja
|-resisted|p2a: Greninja
|-damage|p2a: Greninja|13/100
|
|-heal|p1a: Alex|46/100|[from] item: Leftovers
|upkeep
|turn|11
|
|t:|1743808672
|move|p2a: Greninja|Spikes|p1a: Alex
|-sidestart|p1: Johnny987|Spikes
|move|p1a: Alex|Kowtow Cleave|p2a: Greninja
|-resisted|p2a: Greninja
|-damage|p2a: Greninja|0 fnt
|faint|p2a: Greninja
|
|-heal|p1a: Alex|52/100|[from] item: Leftovers
|upkeep
|
|t:|1743808675
|switch|p2a: Zapdos|Zapdos|100/100
|turn|12
|
|t:|1743808688
|move|p2a: Zapdos|Heat Wave|p1a: Alex
|-supereffective|p1a: Alex
|-damage|p1a: Alex|0 fnt
|faint|p1a: Alex
|-end|p1a: Alex|fallen1|[silent]
|
|upkeep
|
|t:|1743808698
|switch|p1a: Kim|Ninetales, F|100/100
|-damage|p1a: Kim|84/100|[from] Spikes
|-weather|SunnyDay|[from] ability: Drought|[of] p1a: Kim
|turn|13
|
|t:|1743808709
|switch|p2a: Snorlax|Snorlax, F|100/100
|switch|p1a: Cris|Hatterene, F|46/100
|-damage|p1a: Cris|29/100|[from] Spikes
|
|-weather|SunnyDay|[upkeep]
|upkeep
|turn|14
|
|t:|1743808718
|move|p1a: Cris|Nuzzle|p2a: Snorlax
|-damage|p2a: Snorlax|97/100
|-status|p2a: Snorlax|par
|move|p2a: Snorlax|Curse|p2a: Snorlax
|-unboost|p2a: Snorlax|spe|1
|-boost|p2a: Snorlax|atk|1
|-boost|p2a: Snorlax|def|1
|
|-weather|SunnyDay|[upkeep]
|-heal|p2a: Snorlax|100/100 par|[from] item: Leftovers
|upkeep
|turn|15
|
|t:|1743808731
|move|p1a: Cris|Healing Wish|p1a: Cris
|faint|p1a: Cris
|move|p2a: Snorlax|Curse|p2a: Snorlax
|-unboost|p2a: Snorlax|spe|1
|-boost|p2a: Snorlax|atk|1
|-boost|p2a: Snorlax|def|1
|
|-weather|SunnyDay|[upkeep]
|upkeep
|
|t:|1743808744
|switch|p1a: Greg|Great Tusk|100/100
|-damage|p1a: Greg|84/100|[from] Spikes
|-activate|p1a: Greg|ability: Protosynthesis
|-start|p1a: Greg|protosynthesisatk
|turn|16
|
|t:|1743808750
|-terastallize|p2a: Snorlax|Ghost
|move|p1a: Greg|Rapid Spin|p2a: Snorlax
|-immune|p2a: Snorlax
|move|p2a: Snorlax|Heat Crash|p1a: Greg
|-damage|p1a: Greg|62/100
|
|-weather|SunnyDay|[upkeep]
|upkeep
|turn|17
|
|t:|1743808760
|move|p1a: Greg|Knock Off|p2a: Snorlax
|-supereffective|p2a: Snorlax
|-damage|p2a: Snorlax|62/100 par
|-enditem|p2a: Snorlax|Leftovers|[from] move: Knock Off|[of] p1a: Greg
|cant|p2a: Snorlax|par
|
|-weather|SunnyDay|[upkeep]
|upkeep
|turn|18
|
|t:|1743808770
|move|p1a: Greg|Headlong Rush|p2a: Snorlax
|-damage|p2a: Snorlax|30/100 par
|-unboost|p1a: Greg|def|1
|-unboost|p1a: Greg|spd|1
|move|p2a: Snorlax|Body Slam|p1a: Greg
|-damage|p1a: Greg|0 fnt
|faint|p1a: Greg
|-end|p1a: Greg|Protosynthesis|[silent]
|
|-weather|SunnyDay|[upkeep]
|upkeep
|
|t:|1743808781
|switch|p1a: Licha|Walking Wake, tera:Water|91/100
|-heal|p1a: Licha|100/100|[from] move: Healing Wish
|-damage|p1a: Licha|84/100|[from] Spikes
|-activate|p1a: Licha|ability: Protosynthesis
|-start|p1a: Licha|protosynthesisspe
|turn|19
|
|t:|1743808788
|move|p1a: Licha|Hydro Steam|p2a: Snorlax
|-damage|p2a: Snorlax|0 fnt
|faint|p2a: Snorlax
|
|-weather|SunnyDay|[upkeep]
|upkeep
|
|t:|1743808793
|switch|p2a: Excadrill|Excadrill, F|100/100
|-ability|p2a: Excadrill|Mold Breaker
|-item|p2a: Excadrill|Air Balloon
|turn|20
|
|t:|1743808800
|move|p1a: Licha|Hydro Steam|p2a: Excadrill
|-supereffective|p2a: Excadrill
|-damage|p2a: Excadrill|0 fnt
|-enditem|p2a: Excadrill|Air Balloon
|faint|p2a: Excadrill
|
|-weather|none
|-end|p1a: Licha|Protosynthesis
|upkeep
|
|t:|1743808801
|switch|p2a: Zapdos|Zapdos|100/100
|turn|21
|
|t:|1743808810
|-end|p1a: Licha|Protosynthesis|[silent]
|switch|p1a: Kim|Ninetales, F|84/100
|-damage|p1a: Kim|67/100|[from] Spikes
|-weather|SunnyDay|[from] ability: Drought|[of] p1a: Kim
|move|p2a: Zapdos|Thunderbolt|p1a: Kim
|-damage|p1a: Kim|16/100
|
|-weather|SunnyDay|[upkeep]
|upkeep
|turn|22
|
|t:|1743808825
|move|p2a: Zapdos|Thunderbolt|p1a: Kim
|-damage|p1a: Kim|0 fnt
|faint|p1a: Kim
|
|-weather|SunnyDay|[upkeep]
|upkeep
|
|t:|1743808831
|switch|p1a: Licha|Walking Wake, tera:Water|84/100
|-damage|p1a: Licha|67/100|[from] Spikes
|-activate|p1a: Licha|ability: Protosynthesis
|-start|p1a: Licha|protosynthesisspe
|turn|23
|
|t:|1743808837
|move|p1a: Licha|Hydro Steam|p2a: Zapdos
|-damage|p2a: Zapdos|0 fnt
|faint|p2a: Zapdos
|
|win|Johnny987
|raw|Johnny987's rating: 1514 &rarr; <strong>1535</strong><br />(+21 for winning)
|raw|suparsayajin's rating: 1538 &rarr; <strong>1517</strong><br />(-21 for losing)
|l|☆suparsayajin
|player|p2|
|l|☆Johnny987
|player|p1|
