|j|☆vitamin-w
|j|☆tacopower1213
|t:|1743936661
|gametype|singles
|player|p1|vitamin-w|169|1268
|player|p2|tacopower1213|169|1258
|teamsize|p1|6
|teamsize|p2|6
|gen|9
|tier|[Gen 9] OU
|rated|
|rule|HP Percentage Mod: HP is shown in percentages
|rule|Endless Battle Clause: Forcing endless battles is banned
|rule|Species Clause: Limit one of each Pokémon
|rule|OHKO Clause: OHKO moves are banned
|rule|Evasion Items Clause: Evasion items are banned
|rule|Evasion Moves Clause: Evasion moves are banned
|rule|Sleep Moves Clause: Sleep-inducing moves are banned
|clearpoke
|poke|p1|Gholdengo|
|poke|p1|Ting-Lu|
|poke|p1|Zamazenta-*|
|poke|p1|Skarmory, M|
|poke|p1|Incineroar, F|
|poke|p1|Toxapex, M|
|poke|p2|Comfey, M|
|poke|p2|Torkoal, F|
|poke|p2|Great Tusk|
|poke|p2|Walking Wake|
|poke|p2|Kingambit, F|
|poke|p2|Zoroark-Hisui, F|
|teampreview
|
|t:|1743936675
|start
|switch|p1a: Toxapex|Toxapex, M|100/100
|switch|p2a: Torkoal|Torkoal, F|100/100
|-weather|SunnyDay|[from] ability: Drought|[of] p2a: Torkoal
|turn|1
|
|t:|1743936694
|move|p1a: Toxapex|Toxic|p2a: Torkoal
|-status|p2a: Torkoal|tox
|move|p2a: Torkoal|Stealth Rock|p1a: Toxapex
|-sidestart|p1: vitamin-w|move: Stealth Rock
|
|-weather|SunnyDay|[upkeep]
|-damage|p2a: Torkoal|94/100 tox|[from] psn
|upkeep
|turn|2
|
|t:|1743936703
|switch|p2a: Kingambit|Kingambit, F|100/100
|move|p1a: Toxapex|Surf|p2a: Kingambit
|-damage|p2a: Kingambit|81/100
|replace|p2a: Zoroark|Zoroark-Hisui, F
|-end|p2a: Zoroark|Illusion
|
|-weather|SunnyDay|[upkeep]
|upkeep
|turn|3
|
|t:|1743936711
|move|p2a: Zoroark|Hyper Voice|p1a: Toxapex
|-damage|p1a: Toxapex|40/100
|move|p1a: Toxapex|Toxic|p2a: Zoroark
|-status|p2a: Zoroark|tox
|
|-weather|SunnyDay|[upkeep]
|-damage|p2a: Zoroark|75/100 tox|[from] psn
|upkeep
|turn|4
|
|t:|1743936723
|switch|p1a: Ting-Lu|Ting-Lu|100/100
|-damage|p1a: Ting-Lu|94/100|[from] Stealth Rock
|-ability|p1a: Ting-Lu|Vessel of Ruin
|move|p2a: Zoroark|Hyper Voice|p1a: Ting-Lu
|-damage|p1a: Ting-Lu|67/100
|
|-weather|SunnyDay|[upkeep]
|-heal|p1a: Ting-Lu|73/100|[from] item: Leftovers
|-damage|p2a: Zoroark|63/100 tox|[from] psn
|upkeep
|turn|5
|
|t:|1743936728
|switch|p2a: Comfey|Comfey, M|100/100
|move|p1a: Ting-Lu|Stealth Rock|p2a: Comfey
|-sidestart|p2: tacopower1213|move: Stealth Rock
|
|-weather|SunnyDay|[upkeep]
|-heal|p1a: Ting-Lu|79/100|[from] item: Leftovers
|upkeep
|turn|6
|
|t:|1743936733
|move|p2a: Comfey|Growth|p2a: Comfey
|-boost|p2a: Comfey|atk|2
|-boost|p2a: Comfey|spa|2
|move|p1a: Ting-Lu|Whirlwind|p2a: Comfey
|drag|p2a: Walking Wake|Walking Wake|100/100
|-activate|p2a: Walking Wake|ability: Protosynthesis
|-start|p2a: Walking Wake|protosynthesisspa
|
|-weather|SunnyDay|[upkeep]
|-heal|p1a: Ting-Lu|86/100|[from] item: Leftovers
|upkeep
|turn|7
|
|t:|1743936752
|switch|p1a: Toxapex|Toxapex, M|73/100
|move|p2a: Walking Wake|Hydro Steam|p1a: Toxapex
|-resisted|p1a: Toxapex
|-damage|p1a: Toxapex|39/100
|
|-weather|SunnyDay|[upkeep]
|upkeep
|turn|8
|
|t:|1743936761
|move|p2a: Walking Wake|Draco Meteor|p1a: Toxapex
|-damage|p1a: Toxapex|0 fnt
|-unboost|p2a: Walking Wake|spa|2
|faint|p1a: Toxapex
|
|-weather|none
|-end|p2a: Walking Wake|Protosynthesis
|upkeep
|
|t:|1743936787
|switch|p1a: Skarmory|Skarmory, M|100/100
|-damage|p1a: Skarmory|88/100|[from] Stealth Rock
|turn|9
|
|t:|1743936796
|move|p2a: Walking Wake|Flip Turn|p1a: Skarmory
|-damage|p1a: Skarmory|78/100
|-damage|p2a: Walking Wake|84/100|[from] item: Rocky Helmet|[of] p1a: Skarmory
|
|t:|1743936798
|-end|p2a: Walking Wake|Protosynthesis|[silent]
|switch|p2a: Torkoal|Torkoal, F|94/100 tox|[from] Flip Turn
|-damage|p2a: Torkoal|70/100 tox|[from] Stealth Rock
|-weather|SunnyDay|[from] ability: Drought|[of] p2a: Torkoal
|move|p1a: Skarmory|Iron Defense|p1a: Skarmory
|-boost|p1a: Skarmory|def|2
|
|-weather|SunnyDay|[upkeep]
|-damage|p2a: Torkoal|63/100 tox|[from] psn
|upkeep
|turn|10
|
|t:|1743936819
|switch|p1a: Incineroar|Incineroar, F|100/100
|-ability|p1a: Incineroar|Intimidate|boost
|-unboost|p2a: Torkoal|atk|1
|move|p2a: Torkoal|Lava Plume|p1a: Incineroar
|-resisted|p1a: Incineroar
|-damage|p1a: Incineroar|89/100
|
|-weather|SunnyDay|[upkeep]
|-damage|p2a: Torkoal|51/100 tox|[from] psn
|upkeep
|turn|11
|
|t:|1743936826
|switch|p2a: Comfey|Comfey, M|100/100
|-damage|p2a: Comfey|88/100|[from] Stealth Rock
|move|p1a: Incineroar|Knock Off|p2a: Comfey
|-resisted|p2a: Comfey
|-damage|p2a: Comfey|65/100
|-enditem|p2a: Comfey|Leftovers|[from] move: Knock Off|[of] p1a: Incineroar
|
|-weather|SunnyDay|[upkeep]
|upkeep
|turn|12
|
|t:|1743936838
|move|p2a: Comfey|Growth|p2a: Comfey
|-boost|p2a: Comfey|atk|2
|-boost|p2a: Comfey|spa|2
|move|p1a: Incineroar|Parting Shot|p2a: Comfey
|-unboost|p2a: Comfey|atk|1
|-unboost|p2a: Comfey|spa|1
|
|t:|1743936841
|switch|p1a: Gholdengo|Gholdengo|100/100|[from] Parting Shot
|-damage|p1a: Gholdengo|94/100|[from] Stealth Rock
|
|-weather|SunnyDay|[upkeep]
|upkeep
|turn|13
|
|t:|1743936845
|move|p1a: Gholdengo|Make It Rain|p2a: Comfey
|-supereffective|p2a: Comfey
|-damage|p2a: Comfey|0 fnt
|-unboost|p1a: Gholdengo|spa|1
|faint|p2a: Comfey
|
|-weather|SunnyDay|[upkeep]
|upkeep
|
|t:|1743936852
|switch|p2a: Kingambit|Kingambit, F|63/100 tox
|-damage|p2a: Kingambit|51/100 tox|[from] Stealth Rock
|turn|14
|
|t:|1743936869
|switch|p1a: Ting-Lu|Ting-Lu|86/100
|-damage|p1a: Ting-Lu|79/100|[from] Stealth Rock
|-ability|p1a: Ting-Lu|Vessel of Ruin
|move|p2a: Kingambit|Shadow Ball|p1a: Ting-Lu
|-resisted|p1a: Ting-Lu
|-damage|p1a: Ting-Lu|66/100
|
|-weather|SunnyDay|[upkeep]
|-heal|p1a: Ting-Lu|72/100|[from] item: Leftovers
|-damage|p2a: Kingambit|45/100 tox|[from] psn
|upkeep
|turn|15
|
|t:|1743936876
|switch|p2a: Walking Wake|Walking Wake|84/100
|-activate|p2a: Walking Wake|ability: Protosynthesis
|-start|p2a: Walking Wake|protosynthesisspa
|move|p1a: Ting-Lu|Earthquake|p2a: Walking Wake
|-damage|p2a: Walking Wake|46/100
|
|-weather|SunnyDay|[upkeep]
|-heal|p1a: Ting-Lu|78/100|[from] item: Leftovers
|upkeep
|turn|16
|
|t:|1743936892
|switch|p1a: Skarmory|Skarmory, M|78/100
|-damage|p1a: Skarmory|66/100|[from] Stealth Rock
|move|p2a: Walking Wake|Hydro Steam|p1a: Skarmory
|-damage|p1a: Skarmory|0 fnt
|faint|p1a: Skarmory
|
|-weather|none
|-end|p2a: Walking Wake|Protosynthesis
|upkeep
|inactive|Battle timer is ON: inactive players will automatically lose when time's up. (requested by tacopower1213)
|
|t:|1743936904
|switch|p1a: Zamazenta|Zamazenta|100/100
|-ability|p1a: Zamazenta|Dauntless Shield|boost
|-boost|p1a: Zamazenta|def|1
|turn|17
|
|t:|1743936917
|-end|p2a: Walking Wake|Protosynthesis|[silent]
|switch|p2a: Kingambit|Kingambit, F|45/100 tox
|-damage|p2a: Kingambit|33/100 tox|[from] Stealth Rock
|move|p1a: Zamazenta|Close Combat|p2a: Kingambit
|-immune|p2a: Kingambit
|
|-damage|p2a: Kingambit|27/100 tox|[from] psn
|upkeep
|turn|18
|
|t:|1743936923
|move|p1a: Zamazenta|Crunch|p2a: Kingambit
|-supereffective|p2a: Kingambit
|-crit|p2a: Kingambit
|-damage|p2a: Kingambit|0 fnt
|replace|p2a: Zoroark|Zoroark-Hisui, F
|-end|p2a: Zoroark|Illusion
|faint|p2a: Zoroark
|
|upkeep
|
|t:|1743936927
|switch|p2a: Torkoal|Torkoal, F|51/100 tox
|-damage|p2a: Torkoal|26/100 tox|[from] Stealth Rock
|-weather|SunnyDay|[from] ability: Drought|[of] p2a: Torkoal
|turn|19
|
|t:|1743936930
|move|p1a: Zamazenta|Close Combat|p2a: Torkoal
|-damage|p2a: Torkoal|0 fnt
|-unboost|p1a: Zamazenta|def|1
|-unboost|p1a: Zamazenta|spd|1
|faint|p2a: Torkoal
|
|-weather|SunnyDay|[upkeep]
|upkeep
|
|t:|1743936940
|switch|p2a: Great Tusk|Great Tusk|100/100
|-damage|p2a: Great Tusk|98/100|[from] Stealth Rock
|-activate|p2a: Great Tusk|ability: Protosynthesis
|-start|p2a: Great Tusk|protosynthesisatk
|turn|20
|
|t:|1743936965
|move|p1a: Zamazenta|Ice Fang|p2a: Great Tusk
|-supereffective|p2a: Great Tusk
|-damage|p2a: Great Tusk|66/100
|-damage|p1a: Zamazenta|84/100|[from] item: Rocky Helmet|[of] p2a: Great Tusk
|move|p2a: Great Tusk|Rapid Spin|p1a: Zamazenta
|-damage|p1a: Zamazenta|65/100
|-boost|p2a: Great Tusk|spe|1
|-sideend|p2: tacopower1213|Stealth Rock|[from] move: Rapid Spin|[of] p2a: Great Tusk
|
|-weather|SunnyDay|[upkeep]
|upkeep
|turn|21
|
|t:|1743936975
|switch|p1a: Incineroar|Incineroar, F|89/100
|-ability|p1a: Incineroar|Intimidate|boost
|-unboost|p2a: Great Tusk|atk|1
|move|p2a: Great Tusk|Headlong Rush|p1a: Incineroar
|-supereffective|p1a: Incineroar
|-damage|p1a: Incineroar|0 fnt
|-unboost|p2a: Great Tusk|def|1
|-unboost|p2a: Great Tusk|spd|1
|faint|p1a: Incineroar
|
|-weather|SunnyDay|[upkeep]
|upkeep
|
|t:|1743936982
|switch|p1a: Gholdengo|Gholdengo|94/100
|-damage|p1a: Gholdengo|88/100|[from] Stealth Rock
|turn|22
|
|t:|1743936996
|move|p2a: Great Tusk|Headlong Rush|p1a: Gholdengo
|-supereffective|p1a: Gholdengo
|-damage|p1a: Gholdengo|0 fnt
|-unboost|p2a: Great Tusk|def|1
|-unboost|p2a: Great Tusk|spd|1
|faint|p1a: Gholdengo
|
|-weather|SunnyDay|[upkeep]
|upkeep
|
|t:|1743937002
|switch|p1a: Zamazenta|Zamazenta|65/100
|turn|23
|
|t:|1743937005
|move|p2a: Great Tusk|Headlong Rush|p1a: Zamazenta
|-damage|p1a: Zamazenta|21/100
|-unboost|p2a: Great Tusk|def|1
|-unboost|p2a: Great Tusk|spd|1
|move|p1a: Zamazenta|Ice Fang|p2a: Great Tusk
|-supereffective|p2a: Great Tusk
|-damage|p2a: Great Tusk|0 fnt
|-damage|p1a: Zamazenta|4/100|[from] item: Rocky Helmet|[of] p2a: Great Tusk
|faint|p2a: Great Tusk
|-end|p2a: Great Tusk|Protosynthesis|[silent]
|
|-weather|SunnyDay|[upkeep]
|upkeep
|
|t:|1743937010
|switch|p2a: Walking Wake|Walking Wake|46/100
|-activate|p2a: Walking Wake|ability: Protosynthesis
|-start|p2a: Walking Wake|protosynthesisspa
|turn|24
|
|t:|1743937016
|move|p1a: Zamazenta|Close Combat|p2a: Walking Wake
|-damage|p2a: Walking Wake|0 fnt
|-unboost|p1a: Zamazenta|def|1
|-unboost|p1a: Zamazenta|spd|1
|faint|p2a: Walking Wake
|-end|p2a: Walking Wake|Protosynthesis|[silent]
|
|-weather|SunnyDay|[upkeep]
|upkeep
|
|t:|1743937017
|switch|p2a: Kingambit|Kingambit, F|100/100
|-activate|p2a: Kingambit|ability: Supreme Overlord
|-start|p2a: Kingambit|fallen5|[silent]
|turn|25
|
|t:|1743937023
|-terastallize|p2a: Kingambit|Ghost
|move|p1a: Zamazenta|Close Combat|p2a: Kingambit
|-immune|p2a: Kingambit
|move|p2a: Kingambit|Swords Dance|p2a: Kingambit
|-boost|p2a: Kingambit|atk|2
|
|-weather|SunnyDay|[upkeep]
|upkeep
|turn|26
|
|t:|1743937029
|move|p2a: Kingambit|Sucker Punch|p1a: Zamazenta
|-resisted|p1a: Zamazenta
|-damage|p1a: Zamazenta|0 fnt
|faint|p1a: Zamazenta
|
|-weather|none
|upkeep
|
|t:|1743937032
|switch|p1a: Ting-Lu|Ting-Lu|78/100
|-damage|p1a: Ting-Lu|72/100|[from] Stealth Rock
|-ability|p1a: Ting-Lu|Vessel of Ruin
|turn|27
|
|t:|1743937040
|move|p2a: Kingambit|Swords Dance|p2a: Kingambit
|-boost|p2a: Kingambit|atk|2
|move|p1a: Ting-Lu|Ruination|p2a: Kingambit
|-damage|p2a: Kingambit|51/100
|
|-heal|p1a: Ting-Lu|78/100|[from] item: Leftovers
|upkeep
|turn|28
|
|t:|1743937042
|move|p2a: Kingambit|Iron Head|p1a: Ting-Lu
|-damage|p1a: Ting-Lu|0 fnt
|faint|p1a: Ting-Lu
|
|win|tacopower1213
|raw|vitamin-w's rating: 1268 &rarr; <strong>1242</strong><br />(-26 for losing)
|raw|tacopower1213's rating: 1258 &rarr; <strong>1284</strong><br />(+26 for winning)
|l|☆vitamin-w
|player|p1|
|l|☆tacopower1213
|player|p2|
