|j|☆tyranitarticuno
|j|☆gibelobe
|t:|1743831233
|gametype|singles
|player|p1|tyranitarticuno|blue|1572
|player|p2|gibelobe|170|1585
|teamsize|p1|6
|teamsize|p2|6
|gen|9
|tier|[Gen 9] OU
|rated|
|rule|HP Percentage Mod: HP is shown in percentages
|rule|Endless Battle Clause: Forcing endless battles is banned
|rule|Species Clause: Limit one of each Pokémon
|rule|OHKO Clause: OHKO moves are banned
|rule|Evasion Items Clause: Evasion items are banned
|rule|Evasion Moves Clause: Evasion moves are banned
|rule|Sleep Moves Clause: Sleep-inducing moves are banned
|clearpoke
|poke|p1|Hydrapple, M|
|poke|p1|Skarmory, F|
|poke|p1|Tyranitar, F|
|poke|p1|Alomomola, M|
|poke|p1|Clodsire, M|
|poke|p1|Clefable, M|
|poke|p2|Iron Valiant|
|poke|p2|Deoxys-Speed|
|poke|p2|Scizor, F|
|poke|p2|Walking Wake|
|poke|p2|Dragonite, M|
|poke|p2|Kyurem|
|teampreview
|
|t:|1743831255
|start
|switch|p1a: Alomomola|Alomomola, M, shiny|100/100
|switch|p2a: Deoxys|Deoxys-Speed|100/100
|-ability|p2a: Deoxys|Pressure
|turn|1
|
|t:|1743831262
|move|p2a: Deoxys|Stealth Rock|p1a: Alomomola
|-sidestart|p1: tyranitarticuno|move: Stealth Rock
|move|p1a: Alomomola|Flip Turn|p2a: Deoxys
|-damage|p2a: Deoxys|79/100
|
|t:|1743831268
|switch|p1a: Tyranitar|Tyranitar, F|100/100|[from] Flip Turn
|-weather|Sandstorm|[from] ability: Sand Stream|[of] p1a: Tyranitar
|
|-weather|Sandstorm|[upkeep]
|-damage|p2a: Deoxys|73/100|[from] Sandstorm
|upkeep
|turn|2
|
|t:|1743831277
|move|p2a: Deoxys|Taunt|p1a: Tyranitar
|-start|p1a: Tyranitar|move: Taunt
|cant|p1a: Tyranitar|move: Taunt|Stealth Rock
|
|-weather|Sandstorm|[upkeep]
|-damage|p2a: Deoxys|67/100|[from] Sandstorm
|upkeep
|turn|3
|
|t:|1743831285
|switch|p2a: Iron Valiant|Iron Valiant|100/100
|-enditem|p2a: Iron Valiant|Booster Energy
|-activate|p2a: Iron Valiant|ability: Quark Drive|[fromitem]
|-start|p2a: Iron Valiant|quarkdrivespe
|move|p1a: Tyranitar|Knock Off|p2a: Iron Valiant
|-resisted|p2a: Iron Valiant
|-damage|p2a: Iron Valiant|92/100
|
|-weather|Sandstorm|[upkeep]
|-damage|p2a: Iron Valiant|86/100|[from] Sandstorm
|upkeep
|turn|4
|
|t:|1743831299
|switch|p1a: Alomomola|Alomomola, M, shiny|100/100
|move|p2a: Iron Valiant|Swords Dance|p2a: Iron Valiant
|-boost|p2a: Iron Valiant|atk|2
|
|-weather|Sandstorm|[upkeep]
|-damage|p2a: Iron Valiant|80/100|[from] Sandstorm
|-damage|p1a: Alomomola|94/100|[from] Sandstorm
|upkeep
|turn|5
|inactive|Battle timer is ON: inactive players will automatically lose when time's up. (requested by tyranitarticuno)
|
|t:|1743831344
|switch|p1a: Hydrapple|Hydrapple, M|100/100
|move|p2a: Iron Valiant|Knock Off|p1a: Hydrapple
|-crit|p1a: Hydrapple
|-damage|p1a: Hydrapple|44/100
|-enditem|p1a: Hydrapple|Heavy-Duty Boots|[from] move: Knock Off|[of] p2a: Iron Valiant
|
|-weather|none
|upkeep
|turn|6
|
|t:|1743831352
|move|p2a: Iron Valiant|Moonblast|p1a: Hydrapple
|-supereffective|p1a: Hydrapple
|-damage|p1a: Hydrapple|0 fnt
|faint|p1a: Hydrapple
|
|upkeep
|
|t:|1743831355
|switch|p1a: Clefable|Clefable, M|100/100
|turn|7
|
|t:|1743831362
|-end|p2a: Iron Valiant|Quark Drive|[silent]
|switch|p2a: Scizor|Scizor, F|100/100
|move|p1a: Clefable|Moonblast|p2a: Scizor
|-resisted|p2a: Scizor
|-damage|p2a: Scizor|82/100
|
|upkeep
|turn|8
|
|t:|1743831373
|switch|p1a: Alomomola|Alomomola, M, shiny|100/100
|move|p2a: Scizor|Swords Dance|p2a: Scizor
|-boost|p2a: Scizor|atk|2
|
|upkeep
|turn|9
|
|t:|1743831379
|move|p2a: Scizor|Swords Dance|p2a: Scizor
|-boost|p2a: Scizor|atk|2
|move|p1a: Alomomola|Flip Turn|p2a: Scizor
|-damage|p2a: Scizor|65/100
|
|t:|1743831381
|switch|p1a: Clodsire|Clodsire, M|100/100|[from] Flip Turn
|
|upkeep
|turn|10
|
|t:|1743831387
|move|p2a: Scizor|Knock Off|p1a: Clodsire
|-damage|p1a: Clodsire|72/100
|-enditem|p1a: Clodsire|Heavy-Duty Boots|[from] move: Knock Off|[of] p2a: Scizor
|move|p1a: Clodsire|Earthquake|p2a: Scizor
|-damage|p2a: Scizor|37/100
|
|upkeep
|turn|11
|
|t:|1743831408
|switch|p2a: Walking Wake|Walking Wake|100/100
|-enditem|p2a: Walking Wake|Booster Energy
|-activate|p2a: Walking Wake|ability: Protosynthesis|[fromitem]
|-start|p2a: Walking Wake|protosynthesisspa
|move|p1a: Clodsire|Toxic|p2a: Walking Wake
|-status|p2a: Walking Wake|tox
|
|-damage|p2a: Walking Wake|94/100 tox|[from] psn
|upkeep
|turn|12
|
|t:|1743831424
|switch|p1a: Alomomola|Alomomola, M, shiny|100/100
|move|p2a: Walking Wake|Dragon Pulse|p1a: Alomomola
|-damage|p1a: Alomomola|44/100
|
|-damage|p2a: Walking Wake|82/100 tox|[from] psn
|upkeep
|turn|13
|
|t:|1743831432
|switch|p1a: Tyranitar|Tyranitar, F|100/100
|-weather|Sandstorm|[from] ability: Sand Stream|[of] p1a: Tyranitar
|move|p2a: Walking Wake|Hydro Pump|p1a: Tyranitar
|-supereffective|p1a: Tyranitar
|-damage|p1a: Tyranitar|30/100
|
|-weather|Sandstorm|[upkeep]
|-damage|p2a: Walking Wake|76/100 tox|[from] Sandstorm
|-damage|p2a: Walking Wake|58/100 tox|[from] psn
|upkeep
|turn|14
|
|t:|1743831443
|switch|p1a: Alomomola|Alomomola, M, shiny|78/100
|move|p2a: Walking Wake|Hydro Pump|p1a: Alomomola
|-resisted|p1a: Alomomola
|-damage|p1a: Alomomola|39/100
|
|-weather|Sandstorm|[upkeep]
|-damage|p2a: Walking Wake|52/100 tox|[from] Sandstorm
|-damage|p1a: Alomomola|33/100|[from] Sandstorm
|-damage|p2a: Walking Wake|28/100 tox|[from] psn
|upkeep
|turn|15
|
|t:|1743831453
|move|p1a: Alomomola|Protect|p1a: Alomomola
|-singleturn|p1a: Alomomola|Protect
|move|p2a: Walking Wake|Hydro Pump|p1a: Alomomola
|-activate|p1a: Alomomola|move: Protect
|
|-weather|Sandstorm|[upkeep]
|-damage|p2a: Walking Wake|22/100 tox|[from] Sandstorm
|-damage|p1a: Alomomola|27/100|[from] Sandstorm
|-damage|p2a: Walking Wake|0 fnt|[from] psn
|faint|p2a: Walking Wake
|-end|p2a: Walking Wake|Protosynthesis|[silent]
|upkeep
|
|t:|1743831468
|switch|p2a: Scizor|Scizor, F|37/100
|turn|16
|
|t:|1743831477
|switch|p1a: Clodsire|Clodsire, M|72/100
|-damage|p1a: Clodsire|66/100|[from] Stealth Rock
|move|p2a: Scizor|Knock Off|p1a: Clodsire
|-damage|p1a: Clodsire|47/100
|
|-weather|Sandstorm|[upkeep]
|upkeep
|turn|17
|
|t:|1743831480
|move|p2a: Scizor|Bullet Punch|p1a: Clodsire
|-damage|p1a: Clodsire|16/100
|move|p1a: Clodsire|Recover|p1a: Clodsire
|-heal|p1a: Clodsire|66/100
|
|-weather|none
|upkeep
|turn|18
|
|t:|1743831485
|switch|p2a: Deoxys|Deoxys-Speed|67/100
|-ability|p2a: Deoxys|Pressure
|move|p1a: Clodsire|Recover|p1a: Clodsire
|-heal|p1a: Clodsire|100/100
|
|upkeep
|turn|19
|
|t:|1743831504
|switch|p1a: Tyranitar|Tyranitar, F|30/100
|-weather|Sandstorm|[from] ability: Sand Stream|[of] p1a: Tyranitar
|move|p2a: Deoxys|Spikes|p1a: Tyranitar
|-sidestart|p1: tyranitarticuno|Spikes
|
|-weather|Sandstorm|[upkeep]
|-damage|p2a: Deoxys|61/100|[from] Sandstorm
|upkeep
|turn|20
|
|t:|1743831511
|move|p2a: Deoxys|Spikes|p1a: Tyranitar
|-sidestart|p1: tyranitarticuno|Spikes
|move|p1a: Tyranitar|Stealth Rock|p2a: Deoxys
|-sidestart|p2: gibelobe|move: Stealth Rock
|
|-weather|Sandstorm|[upkeep]
|-damage|p2a: Deoxys|55/100|[from] Sandstorm
|upkeep
|turn|21
|
|t:|1743831513
|move|p2a: Deoxys|Spikes|p1a: Tyranitar
|-sidestart|p1: tyranitarticuno|Spikes
|move|p1a: Tyranitar|Knock Off|p2a: Deoxys
|-supereffective|p2a: Deoxys
|-damage|p2a: Deoxys|0 fnt
|-enditem|p2a: Deoxys|Focus Sash|[from] move: Knock Off|[of] p1a: Tyranitar
|faint|p2a: Deoxys
|
|-weather|Sandstorm|[upkeep]
|upkeep
|
|t:|1743831535
|switch|p2a: Iron Valiant|Iron Valiant|80/100
|-damage|p2a: Iron Valiant|74/100|[from] Stealth Rock
|turn|22
|
|t:|1743831541
|switch|p1a: Clefable|Clefable, M|100/100
|move|p2a: Iron Valiant|Moonblast|p1a: Clefable
|-damage|p1a: Clefable|67/100
|
|-weather|Sandstorm|[upkeep]
|-damage|p2a: Iron Valiant|67/100|[from] Sandstorm
|upkeep
|turn|23
|
|t:|1743831563
|move|p2a: Iron Valiant|Moonblast|p1a: Clefable
|-damage|p1a: Clefable|29/100
|move|p1a: Clefable|Wish|p1a: Clefable
|
|-weather|none
|upkeep
|turn|24
|
|t:|1743831576
|move|p1a: Clefable|Protect|p1a: Clefable
|-singleturn|p1a: Clefable|Protect
|move|p2a: Iron Valiant|Knock Off|p1a: Clefable
|-activate|p1a: Clefable|move: Protect
|
|-heal|p1a: Clefable|79/100|[from] move: Wish|[wisher] Clefable
|upkeep
|turn|25
|
|t:|1743831580
|move|p2a: Iron Valiant|Knock Off|p1a: Clefable
|-resisted|p1a: Clefable
|-damage|p1a: Clefable|65/100
|move|p1a: Clefable|Wish|p1a: Clefable
|
|-damage|p2a: Iron Valiant|55/100|[from] item: Sticky Barb
|upkeep
|turn|26
|
|t:|1743831586
|move|p2a: Iron Valiant|Moonblast|p1a: Clefable
|-damage|p1a: Clefable|32/100
|move|p1a: Clefable|Moonblast|p2a: Iron Valiant
|-supereffective|p2a: Iron Valiant
|-damage|p2a: Iron Valiant|0 fnt
|faint|p2a: Iron Valiant
|-end|p2a: Iron Valiant|Quark Drive|[silent]
|
|-heal|p1a: Clefable|82/100|[from] move: Wish|[wisher] Clefable
|upkeep
|
|t:|1743831590
|switch|p2a: Scizor|Scizor, F|37/100
|-damage|p2a: Scizor|24/100|[from] Stealth Rock
|turn|27
|inactive|tyranitarticuno has 120 seconds left.
|
|t:|1743831627
|switch|p1a: Clodsire|Clodsire, M|100/100
|-damage|p1a: Clodsire|94/100|[from] Stealth Rock
|-damage|p1a: Clodsire|70/100|[from] Spikes
|move|p2a: Scizor|Swords Dance|p2a: Scizor
|-boost|p2a: Scizor|atk|2
|
|upkeep
|turn|28
|
|t:|1743831632
|move|p2a: Scizor|Bullet Punch|p1a: Clodsire
|-damage|p1a: Clodsire|38/100
|move|p1a: Clodsire|Rock Tomb|p2a: Scizor
|-damage|p2a: Scizor|14/100
|-unboost|p2a: Scizor|spe|1
|
|upkeep
|turn|29
|
|t:|1743831634
|move|p2a: Scizor|Bullet Punch|p1a: Clodsire
|-damage|p1a: Clodsire|7/100
|move|p1a: Clodsire|Recover|p1a: Clodsire
|-heal|p1a: Clodsire|57/100
|
|upkeep
|turn|30
|
|t:|1743831639
|switch|p2a: Kyurem|Kyurem|100/100
|-damage|p2a: Kyurem|76/100|[from] Stealth Rock
|-ability|p2a: Kyurem|Pressure
|move|p1a: Clodsire|Recover|p1a: Clodsire
|-heal|p1a: Clodsire|100/100
|
|upkeep
|turn|31
|
|t:|1743831644
|move|p2a: Kyurem|Icicle Spear|p1a: Clodsire
|-supereffective|p1a: Clodsire
|-damage|p1a: Clodsire|78/100
|-supereffective|p1a: Clodsire
|-damage|p1a: Clodsire|54/100
|-supereffective|p1a: Clodsire
|-damage|p1a: Clodsire|31/100
|-supereffective|p1a: Clodsire
|-damage|p1a: Clodsire|8/100
|-supereffective|p1a: Clodsire
|-damage|p1a: Clodsire|0 fnt
|faint|p1a: Clodsire
|-hitcount|p1: Clodsire|5
|
|upkeep
|
|t:|1743831663
|switch|p1a: Skarmory|Skarmory, F|100/100
|-damage|p1a: Skarmory|88/100|[from] Stealth Rock
|turn|32
|
|t:|1743831665
|-terastallize|p2a: Kyurem|Fire
|move|p2a: Kyurem|Tera Blast|p1a: Skarmory|[anim] Tera Blast Fire
|-supereffective|p1a: Skarmory
|-damage|p1a: Skarmory|34/100
|move|p1a: Skarmory|Iron Defense|p1a: Skarmory
|-boost|p1a: Skarmory|def|2
|
|upkeep
|turn|33
|
|t:|1743831678
|move|p2a: Kyurem|Dragon Dance|p2a: Kyurem
|-boost|p2a: Kyurem|atk|1
|-boost|p2a: Kyurem|spe|1
|move|p1a: Skarmory|Roost|p1a: Skarmory
|-heal|p1a: Skarmory|84/100
|-singleturn|p1a: Skarmory|move: Roost
|
|upkeep
|turn|34
|
|t:|1743831681
|move|p2a: Kyurem|Tera Blast|p1a: Skarmory|[anim] Tera Blast Fire
|-supereffective|p1a: Skarmory
|-damage|p1a: Skarmory|41/100
|move|p1a: Skarmory|Iron Defense|p1a: Skarmory
|-boost|p1a: Skarmory|def|2
|
|upkeep
|turn|35
|
|t:|1743831688
|move|p2a: Kyurem|Dragon Dance|p2a: Kyurem
|-boost|p2a: Kyurem|atk|1
|-boost|p2a: Kyurem|spe|1
|move|p1a: Skarmory|Roost|p1a: Skarmory
|-heal|p1a: Skarmory|91/100
|-singleturn|p1a: Skarmory|move: Roost
|
|upkeep
|turn|36
|
|t:|1743831690
|move|p2a: Kyurem|Tera Blast|p1a: Skarmory|[anim] Tera Blast Fire
|-supereffective|p1a: Skarmory
|-damage|p1a: Skarmory|55/100
|move|p1a: Skarmory|Body Press|p2a: Kyurem
|-damage|p2a: Kyurem|0 fnt
|faint|p2a: Kyurem
|
|upkeep
|
|t:|1743831694
|switch|p2a: Scizor|Scizor, F|14/100
|-damage|p2a: Scizor|2/100|[from] Stealth Rock
|turn|37
|
|t:|1743831699
|move|p1a: Skarmory|Roost|p1a: Skarmory
|-heal|p1a: Skarmory|100/100
|-singleturn|p1a: Skarmory|move: Roost
|move|p2a: Scizor|Close Combat|p1a: Skarmory
|-supereffective|p1a: Skarmory
|-damage|p1a: Skarmory|82/100
|-unboost|p2a: Scizor|def|1
|-unboost|p2a: Scizor|spd|1
|-damage|p2a: Scizor|0 fnt|[from] item: Rocky Helmet|[of] p1a: Skarmory
|faint|p2a: Scizor
|
|upkeep
|-message|gibelobe forfeited.
|
|win|tyranitarticuno
|raw|tyranitarticuno's rating: 1572 &rarr; <strong>1593</strong><br />(+21 for winning)
|raw|gibelobe's rating: 1585 &rarr; <strong>1564</strong><br />(-21 for losing)
|l|☆gibelobe
|player|p2|
