|j|☆RyvalMD
|j|☆youngfootsoldier
|t:|1743837290
|gametype|singles
|player|p1|RyvalMD|2|1618
|player|p2|youngfootsoldier|cyrus|1657
|teamsize|p1|6
|teamsize|p2|6
|gen|9
|tier|[Gen 9] OU
|rated|
|rule|HP Percentage Mod: HP is shown in percentages
|rule|Endless Battle Clause: Forcing endless battles is banned
|rule|Species Clause: Limit one of each Pokémon
|rule|OHKO Clause: OHKO moves are banned
|rule|Evasion Items Clause: Evasion items are banned
|rule|Evasion Moves Clause: Evasion moves are banned
|rule|Sleep Moves Clause: Sleep-inducing moves are banned
|clearpoke
|poke|p1|Clefable, M|
|poke|p1|Gliscor, F|
|poke|p1|Dragapult, M|
|poke|p1|Kingambit, M|
|poke|p1|Darkrai|
|poke|p1|Slowking-Galar, M|
|poke|p2|Ribombee, F|
|poke|p2|Raging Bolt|
|poke|p2|Gholdengo|
|poke|p2|Enamorus, F|
|poke|p2|Iron Moth|
|poke|p2|Kingambit, F|
|teampreview
|inactive|Battle timer is ON: inactive players will automatically lose when time's up. (requested by youngfootsoldier)
|
|t:|1743837303
|start
|switch|p1a: Gliscor|Gliscor, F|100/100
|switch|p2a: Ribombee|Ribombee, F|100/100
|turn|1
|
|t:|1743837305
|move|p1a: Gliscor|Protect|p1a: Gliscor
|-singleturn|p1a: Gliscor|Protect
|move|p2a: Ribombee|Stun Spore|p1a: Gliscor
|-activate|p1a: Gliscor|move: Protect
|
|-status|p1a: Gliscor|tox|[from] item: Toxic Orb
|upkeep
|turn|2
|
|t:|1743837311
|move|p2a: Ribombee|Sticky Web|p1a: Gliscor
|-sidestart|p1: RyvalMD|move: Sticky Web
|move|p1a: Gliscor|Toxic|p2a: Ribombee
|-status|p2a: Ribombee|tox
|
|-damage|p2a: Ribombee|94/100 tox|[from] psn
|upkeep
|turn|3
|
|t:|1743837314
|move|p2a: Ribombee|Moonblast|p1a: Gliscor
|-damage|p1a: Gliscor|51/100 tox
|move|p1a: Gliscor|Spikes|p2a: Ribombee
|-sidestart|p2: youngfootsoldier|Spikes
|
|-damage|p2a: Ribombee|82/100 tox|[from] psn
|-heal|p1a: Gliscor|63/100 tox|[from] ability: Poison Heal
|upkeep
|turn|4
|
|t:|1743837320
|move|p1a: Gliscor|Protect|p1a: Gliscor
|-singleturn|p1a: Gliscor|Protect
|move|p2a: Ribombee|Psychic Noise|p1a: Gliscor
|-activate|p1a: Gliscor|move: Protect
|
|-damage|p2a: Ribombee|64/100 tox|[from] psn
|-heal|p1a: Gliscor|76/100 tox|[from] ability: Poison Heal
|upkeep
|turn|5
|
|t:|1743837332
|switch|p1a: Clefable|Clefable, M|100/100
|-activate|p1a: Clefable|move: Sticky Web
|-unboost|p1a: Clefable|spe|1
|move|p2a: Ribombee|Psychic Noise|p1a: Clefable
|-damage|p1a: Clefable|80/100
|-start|p1a: Clefable|move: Heal Block
|
|-damage|p2a: Ribombee|39/100 tox|[from] psn
|upkeep
|turn|6
|
|t:|1743837339
|move|p2a: Ribombee|Stun Spore|p1a: Clefable
|-status|p1a: Clefable|par
|cant|p1a: Clefable|par
|
|-damage|p2a: Ribombee|9/100 tox|[from] psn
|-end|p1a: Clefable|move: Heal Block
|upkeep
|turn|7
|
|t:|1743837344
|move|p2a: Ribombee|Psychic Noise|p1a: Clefable
|-damage|p1a: Clefable|60/100 par
|-start|p1a: Clefable|move: Heal Block
|move|p1a: Clefable|Stealth Rock|p2a: Ribombee
|-sidestart|p2: youngfootsoldier|move: Stealth Rock
|
|-damage|p2a: Ribombee|0 fnt|[from] psn
|faint|p2a: Ribombee
|upkeep
|
|t:|1743837350
|switch|p2a: Iron Moth|Iron Moth|100/100
|-damage|p2a: Iron Moth|88/100|[from] Spikes
|-damage|p2a: Iron Moth|63/100|[from] Stealth Rock
|-enditem|p2a: Iron Moth|Booster Energy
|-activate|p2a: Iron Moth|ability: Quark Drive|[fromitem]
|-start|p2a: Iron Moth|quarkdrivespa
|turn|8
|
|t:|1743837357
|switch|p1a: Slowking|Slowking-Galar, M|100/100
|move|p2a: Iron Moth|Substitute|p2a: Iron Moth
|-start|p2a: Iron Moth|Substitute
|-damage|p2a: Iron Moth|38/100
|
|upkeep
|turn|9
|
|t:|1743837362
|move|p2a: Iron Moth|Fiery Dance|p1a: Slowking
|-damage|p1a: Slowking|65/100
|move|p1a: Slowking|Future Sight|p2a: Iron Moth
|-start|p1a: Slowking|move: Future Sight
|
|upkeep
|turn|10
|
|t:|1743837369
|move|p2a: Iron Moth|Fiery Dance|p1a: Slowking
|-damage|p1a: Slowking|32/100
|-prepare|p1a: Slowking|Chilly Reception|[premajor]
|move|p1a: Slowking|Chilly Reception|p1a: Slowking
|-weather|Snowscape
|
|t:|1743837375
|switch|p1a: Dragapult|Dragapult, M|100/100|[from] Chilly Reception
|
|-weather|Snowscape|[upkeep]
|upkeep
|turn|11
|
|t:|1743837378
|move|p1a: Dragapult|Dragon Darts|p2a: Iron Moth
|-damage|p2a: Iron Moth|6/100
|-anim|p1a: Dragapult|Dragon Darts|p2a: Iron Moth
|-damage|p2a: Iron Moth|0 fnt
|faint|p2a: Iron Moth
|-end|p2a: Iron Moth|Quark Drive|[silent]
|
|-weather|Snowscape|[upkeep]
|-hint|Future Sight did not hit because the target is fainted.
|upkeep
|
|t:|1743837382
|switch|p2a: Kingambit|Kingambit, F|100/100
|-damage|p2a: Kingambit|94/100|[from] Stealth Rock
|-activate|p2a: Kingambit|ability: Supreme Overlord
|-start|p2a: Kingambit|fallen2|[silent]
|-item|p2a: Kingambit|Air Balloon
|turn|12
|
|t:|1743837385
|move|p1a: Dragapult|Will-O-Wisp|p2a: Kingambit
|-status|p2a: Kingambit|brn
|move|p2a: Kingambit|Swords Dance|p2a: Kingambit
|-boost|p2a: Kingambit|atk|2
|
|-weather|Snowscape|[upkeep]
|-damage|p2a: Kingambit|88/100 brn|[from] brn
|upkeep
|turn|13
|
|t:|1743837392
|switch|p1a: Gliscor|Gliscor, F|76/100 tox
|move|p2a: Kingambit|Kowtow Cleave|p1a: Gliscor
|-damage|p1a: Gliscor|38/100 tox
|
|-weather|Snowscape|[upkeep]
|-heal|p1a: Gliscor|51/100 tox|[from] ability: Poison Heal
|-damage|p2a: Kingambit|82/100 brn|[from] brn
|upkeep
|turn|14
|
|t:|1743837402
|move|p1a: Gliscor|Protect|p1a: Gliscor
|-singleturn|p1a: Gliscor|Protect
|move|p2a: Kingambit|Swords Dance|p2a: Kingambit
|-boost|p2a: Kingambit|atk|2
|
|-weather|none
|-heal|p1a: Gliscor|63/100 tox|[from] ability: Poison Heal
|-damage|p2a: Kingambit|76/100 brn|[from] brn
|upkeep
|turn|15
|
|t:|1743837411
|switch|p1a: Clefable|Clefable, M|60/100 par
|-activate|p1a: Clefable|move: Sticky Web
|-unboost|p1a: Clefable|spe|1
|move|p2a: Kingambit|Kowtow Cleave|p1a: Clefable
|-resisted|p1a: Clefable
|-damage|p1a: Clefable|24/100 par
|-damage|p2a: Kingambit|59/100 brn|[from] item: Rocky Helmet|[of] p1a: Clefable
|
|-damage|p2a: Kingambit|53/100 brn|[from] brn
|upkeep
|turn|16
|
|t:|1743837420
|move|p2a: Kingambit|Kowtow Cleave|p1a: Clefable
|-resisted|p1a: Clefable
|-damage|p1a: Clefable|0 fnt
|-damage|p2a: Kingambit|37/100 brn|[from] item: Rocky Helmet|[of] p1a: Clefable
|faint|p1a: Clefable
|
|-damage|p2a: Kingambit|31/100 brn|[from] brn
|upkeep
|
|t:|1743837430
|switch|p1a: Kingambit|Kingambit, M|100/100
|-activate|p1a: Kingambit|ability: Supreme Overlord
|-start|p1a: Kingambit|fallen1|[silent]
|turn|17
|
|t:|1743837434
|move|p2a: Kingambit|Low Kick|p1a: Kingambit
|-supereffective|p1a: Kingambit
|-crit|p1a: Kingambit
|-damage|p1a: Kingambit|0 fnt
|faint|p1a: Kingambit
|-end|p1a: Kingambit|fallen1|[silent]
|
|-damage|p2a: Kingambit|25/100 brn|[from] brn
|upkeep
|c|☆youngfootsoldier|ain't matter
|
|t:|1743837440
|switch|p1a: Darkrai|Darkrai|100/100
|turn|18
|
|t:|1743837446
|-end|p2a: Kingambit|fallen2|[silent]
|switch|p2a: Gholdengo|Gholdengo|100/100
|-damage|p2a: Gholdengo|94/100|[from] Stealth Rock
|-item|p2a: Gholdengo|Air Balloon
|move|p1a: Darkrai|Dark Pulse|p2a: Gholdengo
|-supereffective|p2a: Gholdengo
|-crit|p2a: Gholdengo
|-damage|p2a: Gholdengo|0 fnt
|-enditem|p2a: Gholdengo|Air Balloon
|faint|p2a: Gholdengo
|
|upkeep
|
|t:|1743837449
|switch|p2a: Raging Bolt|Raging Bolt|100/100
|-damage|p2a: Raging Bolt|88/100|[from] Spikes
|-damage|p2a: Raging Bolt|76/100|[from] Stealth Rock
|-enditem|p2a: Raging Bolt|Booster Energy
|-activate|p2a: Raging Bolt|ability: Protosynthesis|[fromitem]
|-start|p2a: Raging Bolt|protosynthesisspa
|turn|19
|
|t:|1743837455
|move|p1a: Darkrai|Ice Beam|p2a: Raging Bolt
|-supereffective|p2a: Raging Bolt
|-damage|p2a: Raging Bolt|10/100
|move|p2a: Raging Bolt|Thunderbolt|p1a: Darkrai
|-damage|p1a: Darkrai|0 fnt
|faint|p1a: Darkrai
|
|upkeep
|
|t:|1743837460
|switch|p1a: Dragapult|Dragapult, M|100/100
|turn|20
|
|t:|1743837463
|move|p2a: Raging Bolt|Thunderclap|p1a: Dragapult
|-resisted|p1a: Dragapult
|-damage|p1a: Dragapult|62/100
|move|p1a: Dragapult|U-turn|p2a: Raging Bolt
|-damage|p2a: Raging Bolt|0 fnt
|faint|p2a: Raging Bolt
|-end|p2a: Raging Bolt|Protosynthesis|[silent]
|
|t:|1743837466
|switch|p1a: Slowking|Slowking-Galar, M|66/100|[from] U-turn
|
|upkeep
|
|t:|1743837470
|switch|p2a: Enamorus|Enamorus, F|100/100
|-damage|p2a: Enamorus|76/100|[from] Stealth Rock
|turn|21
|
|t:|1743837481
|move|p2a: Enamorus|Healing Wish|p2a: Enamorus
|faint|p2a: Enamorus
|-prepare|p1a: Slowking|Chilly Reception|[premajor]
|move|p1a: Slowking|Chilly Reception|p1a: Slowking
|-weather|Snowscape
|
|t:|1743837490
|switch|p1a: Dragapult|Dragapult, M|62/100|[from] Chilly Reception
|
|-weather|Snowscape|[upkeep]
|upkeep
|
|t:|1743837492
|switch|p2a: Kingambit|Kingambit, F|25/100 brn
|-heal|p2a: Kingambit|100/100|[from] move: Healing Wish
|-damage|p2a: Kingambit|94/100|[from] Stealth Rock
|-activate|p2a: Kingambit|ability: Supreme Overlord
|-start|p2a: Kingambit|fallen5|[silent]
|-item|p2a: Kingambit|Air Balloon
|turn|22
|
|t:|1743837496
|move|p1a: Dragapult|U-turn|p2a: Kingambit
|-damage|p2a: Kingambit|79/100
|-enditem|p2a: Kingambit|Air Balloon
|
|t:|1743837506
|switch|p1a: Gliscor|Gliscor, F|63/100 tox|[from] U-turn
|move|p2a: Kingambit|Kowtow Cleave|p1a: Gliscor
|-damage|p1a: Gliscor|16/100 tox
|
|-weather|Snowscape|[upkeep]
|-heal|p1a: Gliscor|29/100 tox|[from] ability: Poison Heal
|upkeep
|turn|23
|
|t:|1743837512
|move|p1a: Gliscor|Protect|p1a: Gliscor
|-singleturn|p1a: Gliscor|Protect
|move|p2a: Kingambit|Kowtow Cleave|p1a: Gliscor
|-activate|p1a: Gliscor|move: Protect
|
|-weather|Snowscape|[upkeep]
|-heal|p1a: Gliscor|41/100 tox|[from] ability: Poison Heal
|upkeep
|turn|24
|
|t:|1743837519
|move|p1a: Gliscor|Earthquake|p2a: Kingambit
|-supereffective|p2a: Kingambit
|-damage|p2a: Kingambit|23/100
|move|p2a: Kingambit|Kowtow Cleave|p1a: Gliscor
|-damage|p1a: Gliscor|0 fnt
|faint|p1a: Gliscor
|
|-weather|Snowscape|[upkeep]
|upkeep
|
|t:|1743837528
|switch|p1a: Dragapult|Dragapult, M|62/100
|turn|25
|j| frindlebabbin
|
|t:|1743837543
|move|p1a: Dragapult|Will-O-Wisp|p2a: Kingambit
|-status|p2a: Kingambit|brn
|move|p2a: Kingambit|Kowtow Cleave|p1a: Dragapult
|-supereffective|p1a: Dragapult
|-damage|p1a: Dragapult|0 fnt
|faint|p1a: Dragapult
|
|-weather|none
|-damage|p2a: Kingambit|17/100 brn|[from] brn
|upkeep
|
|t:|1743837549
|switch|p1a: Slowking|Slowking-Galar, M|99/100
|turn|26
|
|t:|1743837552
|-terastallize|p1a: Slowking|Water
|move|p2a: Kingambit|Kowtow Cleave|p1a: Slowking
|-damage|p1a: Slowking|62/100
|move|p1a: Slowking|Ice Beam|p2a: Kingambit
|-resisted|p2a: Kingambit
|-damage|p2a: Kingambit|4/100 brn
|
|-damage|p2a: Kingambit|0 fnt|[from] brn
|faint|p2a: Kingambit
|-end|p2a: Kingambit|fallen5|[silent]
|
|win|RyvalMD
|raw|RyvalMD's rating: 1618 &rarr; <strong>1640</strong><br />(+22 for winning)
|raw|youngfootsoldier's rating: 1657 &rarr; <strong>1635</strong><br />(-22 for losing)
|l| frindlebabbin
|l|☆youngfootsoldier
|player|p2|
|l|☆RyvalMD
|player|p1|
