|j|☆RyanBSS
|j|☆MisteryGold
|t:|1743816755
|gametype|singles
|player|p1|RyanBSS|az|1318
|player|p2|MisteryGold|marnie|1367
|teamsize|p1|6
|teamsize|p2|6
|gen|9
|tier|[Gen 9] OU
|rated|
|rule|HP Percentage Mod: HP is shown in percentages
|rule|Endless Battle Clause: Forcing endless battles is banned
|rule|Species Clause: Limit one of each Pokémon
|rule|OHKO Clause: OHKO moves are banned
|rule|Evasion Items Clause: Evasion items are banned
|rule|Evasion Moves Clause: Evasion moves are banned
|rule|Sleep Moves Clause: Sleep-inducing moves are banned
|clearpoke
|poke|p1|Zamazenta-*|
|poke|p1|Kingambit, M|
|poke|p1|Samurott-Hisui, F|
|poke|p1|Landorus-Therian, M|
|poke|p1|Iron Valiant|
|poke|p1|Iron Moth|
|poke|p2|Meowscarada, F|
|poke|p2|Yanmega, F|
|poke|p2|Ceruledge, M|
|poke|p2|Iron Treads|
|poke|p2|Greninja-*, F|
|poke|p2|Iron Hands|
|teampreview
|inactive|Battle timer is ON: inactive players will automatically lose when time's up. (requested by RyanBSS)
|inactive|MisteryGold also wants the timer to be on.
|
|t:|1743816784
|start
|switch|p1a: Samurott|Samurott-Hisui, F|100/100
|switch|p2a: Sinmega|Yanmega, F|100/100
|turn|1
|
|t:|1743816792
|move|p2a: Sinmega|Protect|p2a: Sinmega
|-singleturn|p2a: Sinmega|Protect
|move|p1a: Samurott|Ceaseless Edge|p2a: Sinmega
|-activate|p2a: Sinmega|move: Protect
|
|-ability|p2a: Sinmega|Speed Boost|boost
|-boost|p2a: Sinmega|spe|1
|upkeep
|turn|2
|
|t:|1743816796
|move|p2a: Sinmega|Giga Drain|p1a: Samurott
|-supereffective|p1a: Samurott
|-damage|p1a: Samurott|9/100
|-damage|p2a: Sinmega|91/100|[from] item: Life Orb
|move|p1a: Samurott|Ceaseless Edge|p2a: Sinmega
|-damage|p2a: Sinmega|33/100
|-sidestart|p2: MisteryGold|Spikes
|
|-ability|p2a: Sinmega|Speed Boost|boost
|-boost|p2a: Sinmega|spe|1
|upkeep
|turn|3
|
|t:|1743816801
|move|p2a: Sinmega|Giga Drain|p1a: Samurott
|-supereffective|p1a: Samurott
|-damage|p1a: Samurott|0 fnt
|-heal|p2a: Sinmega|38/100|[from] drain|[of] p1a: Samurott
|faint|p1a: Samurott
|-damage|p2a: Sinmega|28/100|[from] item: Life Orb
|
|-ability|p2a: Sinmega|Speed Boost|boost
|-boost|p2a: Sinmega|spe|1
|upkeep
|
|t:|1743816830
|switch|p1a: Iron Moth|Iron Moth|100/100
|-enditem|p1a: Iron Moth|Booster Energy
|-activate|p1a: Iron Moth|ability: Quark Drive|[fromitem]
|-start|p1a: Iron Moth|quarkdrivespe
|turn|4
|
|t:|1743816838
|-terastallize|p2a: Sinmega|Ground
|move|p2a: Sinmega|Tera Blast|p1a: Iron Moth|[anim] Tera Blast Ground
|-supereffective|p1a: Iron Moth
|-damage|p1a: Iron Moth|0 fnt
|faint|p1a: Iron Moth
|-end|p1a: Iron Moth|Quark Drive|[silent]
|-damage|p2a: Sinmega|18/100|[from] item: Life Orb
|
|-ability|p2a: Sinmega|Speed Boost|boost
|-boost|p2a: Sinmega|spe|1
|upkeep
|
|t:|1743816844
|switch|p1a: Landorus|Landorus-Therian, M|100/100
|-ability|p1a: Landorus|Intimidate|boost
|-unboost|p2a: Sinmega|atk|1
|turn|5
|
|t:|1743816851
|move|p2a: Sinmega|Air Slash|p1a: Landorus|[miss]
|-miss|p2a: Sinmega|p1a: Landorus
|move|p1a: Landorus|Earthquake|p2a: Sinmega
|-damage|p2a: Sinmega|0 fnt
|faint|p2a: Sinmega
|
|upkeep
|
|t:|1743816859
|switch|p2a: Frog 🐸|Greninja, F|100/100
|-damage|p2a: Frog 🐸|88/100|[from] Spikes
|turn|6
|
|t:|1743816865
|switch|p1a: Zamazenta|Zamazenta|100/100
|-ability|p1a: Zamazenta|Dauntless Shield|boost
|-boost|p1a: Zamazenta|def|1
|move|p2a: Frog 🐸|Surf|p1a: Zamazenta
|-start|p2a: Frog 🐸|typechange|Water|[from] ability: Protean
|-damage|p1a: Zamazenta|68/100
|
|-heal|p1a: Zamazenta|74/100|[from] item: Leftovers
|upkeep
|turn|7
|
|t:|1743816873
|move|p2a: Frog 🐸|Surf|p1a: Zamazenta
|-damage|p1a: Zamazenta|42/100
|move|p1a: Zamazenta|Iron Defense|p1a: Zamazenta
|-boost|p1a: Zamazenta|def|2
|
|-heal|p1a: Zamazenta|48/100|[from] item: Leftovers
|upkeep
|turn|8
|
|t:|1743816876
|move|p2a: Frog 🐸|Surf|p1a: Zamazenta
|-damage|p1a: Zamazenta|19/100
|move|p1a: Zamazenta|Body Press|p2a: Frog 🐸
|-crit|p2a: Frog 🐸
|-damage|p2a: Frog 🐸|0 fnt
|faint|p2a: Frog 🐸
|
|-heal|p1a: Zamazenta|25/100|[from] item: Leftovers
|upkeep
|
|t:|1743816879
|switch|p2a: Leo|Meowscarada, F|100/100
|-damage|p2a: Leo|88/100|[from] Spikes
|turn|9
|
|t:|1743816887
|move|p2a: Leo|Flower Trick|p1a: Zamazenta
|-start|p2a: Leo|typechange|Grass|[from] ability: Protean
|-crit|p1a: Zamazenta
|-damage|p1a: Zamazenta|0 fnt
|faint|p1a: Zamazenta
|
|upkeep
|
|t:|1743816890
|switch|p1a: Landorus|Landorus-Therian, M|100/100
|-ability|p1a: Landorus|Intimidate|boost
|-unboost|p2a: Leo|atk|1
|turn|10
|
|t:|1743816895
|switch|p2a: Ferreo palmadas|Iron Hands|100/100
|-damage|p2a: Ferreo palmadas|88/100|[from] Spikes
|move|p1a: Landorus|Stealth Rock|p2a: Ferreo palmadas
|-sidestart|p2: MisteryGold|move: Stealth Rock
|
|upkeep
|turn|11
|
|t:|1743816902
|-end|p2a: Ferreo palmadas|Quark Drive|[silent]
|switch|p2a: Leo|Meowscarada, F|88/100
|-damage|p2a: Leo|76/100|[from] Spikes
|-damage|p2a: Leo|64/100|[from] Stealth Rock
|move|p1a: Landorus|Earthquake|p2a: Leo
|-resisted|p2a: Leo
|-damage|p2a: Leo|26/100
|
|upkeep
|turn|12
|
|t:|1743816908
|move|p2a: Leo|Triple Axel|p1a: Landorus
|-start|p2a: Leo|typechange|Ice|[from] ability: Protean
|-supereffective|p1a: Landorus
|-damage|p1a: Landorus|63/100
|-damage|p2a: Leo|10/100|[from] item: Rocky Helmet|[of] p1a: Landorus
|-supereffective|p1a: Landorus
|-damage|p1a: Landorus|0 fnt
|-damage|p2a: Leo|0 fnt|[from] item: Rocky Helmet|[of] p1a: Landorus
|faint|p1a: Landorus
|faint|p2a: Leo
|-hitcount|p1: Landorus|2
|
|upkeep
|
|t:|1743816915
|switch|p2a: Donphan metálico|Iron Treads|100/100
|switch|p1a: Iron Valiant|Iron Valiant|100/100
|-damage|p2a: Donphan metálico|88/100|[from] Spikes
|-damage|p2a: Donphan metálico|85/100|[from] Stealth Rock
|-enditem|p1a: Iron Valiant|Booster Energy
|-activate|p1a: Iron Valiant|ability: Quark Drive|[fromitem]
|-start|p1a: Iron Valiant|quarkdrivespe
|-enditem|p2a: Donphan metálico|Booster Energy
|-activate|p2a: Donphan metálico|ability: Quark Drive|[fromitem]
|-start|p2a: Donphan metálico|quarkdrivespe
|turn|13
|
|t:|1743816925
|move|p1a: Iron Valiant|Moonblast|p2a: Donphan metálico
|-resisted|p2a: Donphan metálico
|-damage|p2a: Donphan metálico|50/100
|move|p2a: Donphan metálico|Rapid Spin|p1a: Iron Valiant
|-damage|p1a: Iron Valiant|82/100
|-boost|p2a: Donphan metálico|spe|1
|-sideend|p2: MisteryGold|Spikes|[from] move: Rapid Spin|[of] p2a: Donphan metálico
|-sideend|p2: MisteryGold|Stealth Rock|[from] move: Rapid Spin|[of] p2a: Donphan metálico
|
|upkeep
|turn|14
|
|t:|1743816929
|move|p2a: Donphan metálico|Earthquake|p1a: Iron Valiant
|-damage|p1a: Iron Valiant|24/100
|move|p1a: Iron Valiant|Moonblast|p2a: Donphan metálico
|-resisted|p2a: Donphan metálico
|-damage|p2a: Donphan metálico|18/100
|
|upkeep
|turn|15
|
|t:|1743816933
|move|p2a: Donphan metálico|Earthquake|p1a: Iron Valiant
|-damage|p1a: Iron Valiant|0 fnt
|faint|p1a: Iron Valiant
|-end|p1a: Iron Valiant|Quark Drive|[silent]
|
|upkeep
|
|t:|1743816935
|switch|p1a: Kingambit|Kingambit, M|100/100
|-activate|p1a: Kingambit|ability: Supreme Overlord
|-start|p1a: Kingambit|fallen5|[silent]
|turn|16
|
|t:|1743816938
|move|p1a: Kingambit|Sucker Punch|p2a: Donphan metálico
|-damage|p2a: Donphan metálico|0 fnt
|faint|p2a: Donphan metálico
|-end|p2a: Donphan metálico|Quark Drive|[silent]
|
|upkeep
|
|t:|1743816940
|switch|p2a: Ferreo palmadas|Iron Hands|88/100
|turn|17
|
|t:|1743816962
|-terastallize|p1a: Kingambit|Ghost
|move|p1a: Kingambit|Swords Dance|p1a: Kingambit
|-boost|p1a: Kingambit|atk|2
|move|p2a: Ferreo palmadas|Drain Punch|p1a: Kingambit
|-immune|p1a: Kingambit
|
|upkeep
|turn|18
|
|t:|1743816971
|move|p1a: Kingambit|Sucker Punch|p2a: Ferreo palmadas
|-resisted|p2a: Ferreo palmadas
|-damage|p2a: Ferreo palmadas|53/100
|move|p2a: Ferreo palmadas|Earthquake|p1a: Kingambit
|-damage|p1a: Kingambit|74/100
|
|-heal|p1a: Kingambit|80/100|[from] item: Leftovers
|upkeep
|turn|19
|
|t:|1743816986
|move|p1a: Kingambit|Kowtow Cleave|p2a: Ferreo palmadas
|-resisted|p2a: Ferreo palmadas
|-damage|p2a: Ferreo palmadas|8/100
|move|p2a: Ferreo palmadas|Earthquake|p1a: Kingambit
|-damage|p1a: Kingambit|52/100
|
|-heal|p1a: Kingambit|58/100|[from] item: Leftovers
|upkeep
|turn|20
|
|t:|1743816993
|move|p1a: Kingambit|Sucker Punch|p2a: Ferreo palmadas
|-resisted|p2a: Ferreo palmadas
|-damage|p2a: Ferreo palmadas|0 fnt
|faint|p2a: Ferreo palmadas
|-end|p2a: Ferreo palmadas|Quark Drive|[silent]
|
|-heal|p1a: Kingambit|64/100|[from] item: Leftovers
|upkeep
|
|t:|1743816995
|switch|p2a: Aika|Ceruledge, M|100/100
|turn|21
|
|t:|1743817000
|move|p1a: Kingambit|Sucker Punch||[still]
|-fail|p1a: Kingambit
|move|p2a: Aika|Substitute|p2a: Aika
|-start|p2a: Aika|Substitute
|-damage|p2a: Aika|76/100
|
|-heal|p2a: Aika|82/100|[from] item: Leftovers
|-heal|p1a: Kingambit|70/100|[from] item: Leftovers
|upkeep
|turn|22
|
|t:|1743817004
|move|p1a: Kingambit|Sucker Punch||[still]
|-fail|p1a: Kingambit
|move|p2a: Aika|Bulk Up|p2a: Aika
|-boost|p2a: Aika|atk|1
|-boost|p2a: Aika|def|1
|
|-heal|p2a: Aika|88/100|[from] item: Leftovers
|-heal|p1a: Kingambit|77/100|[from] item: Leftovers
|upkeep
|turn|23
|
|t:|1743817008
|move|p2a: Aika|Shadow Sneak|p1a: Kingambit
|-supereffective|p1a: Kingambit
|-damage|p1a: Kingambit|42/100
|move|p1a: Kingambit|Kowtow Cleave|p2a: Aika
|-supereffective|p2a: Aika
|-end|p2a: Aika|Substitute
|
|-heal|p2a: Aika|94/100|[from] item: Leftovers
|-heal|p1a: Kingambit|49/100|[from] item: Leftovers
|upkeep
|turn|24
|
|t:|1743817015
|move|p2a: Aika|Substitute|p2a: Aika
|-start|p2a: Aika|Substitute
|-damage|p2a: Aika|69/100
|move|p1a: Kingambit|Kowtow Cleave|p2a: Aika
|-supereffective|p2a: Aika
|-end|p2a: Aika|Substitute
|
|-heal|p2a: Aika|76/100|[from] item: Leftovers
|-heal|p1a: Kingambit|55/100|[from] item: Leftovers
|upkeep
|turn|25
|
|t:|1743817026
|move|p2a: Aika|Substitute|p2a: Aika
|-start|p2a: Aika|Substitute
|-damage|p2a: Aika|51/100
|move|p1a: Kingambit|Kowtow Cleave|p2a: Aika
|-supereffective|p2a: Aika
|-end|p2a: Aika|Substitute
|
|-heal|p2a: Aika|57/100|[from] item: Leftovers
|-heal|p1a: Kingambit|61/100|[from] item: Leftovers
|upkeep
|turn|26
|
|t:|1743817030
|move|p2a: Aika|Shadow Sneak|p1a: Kingambit
|-supereffective|p1a: Kingambit
|-damage|p1a: Kingambit|21/100
|move|p1a: Kingambit|Kowtow Cleave|p2a: Aika
|-supereffective|p2a: Aika
|-damage|p2a: Aika|0 fnt
|faint|p2a: Aika
|
|win|RyanBSS
|raw|RyanBSS's rating: 1318 &rarr; <strong>1341</strong><br />(+23 for winning)
|raw|MisteryGold's rating: 1367 &rarr; <strong>1344</strong><br />(-23 for losing)
