|j|☆font47
|j|☆False Security
|t:|1743788218
|gametype|singles
|player|p1|font47|1|1319
|player|p2|False Security|preschooler|1300
|teamsize|p1|6
|teamsize|p2|6
|gen|9
|tier|[Gen 9] OU
|rated|
|rule|HP Percentage Mod: HP is shown in percentages
|rule|Endless Battle Clause: Forcing endless battles is banned
|rule|Species Clause: Limit one of each Pokémon
|rule|OHKO Clause: OHKO moves are banned
|rule|Evasion Items Clause: Evasion items are banned
|rule|Evasion Moves Clause: Evasion moves are banned
|rule|Sleep Moves Clause: Sleep-inducing moves are banned
|clearpoke
|poke|p1|Zapdos|
|poke|p1|Toxapex, F|
|poke|p1|Darkrai|
|poke|p1|Iron Boulder|
|poke|p1|Mimikyu, F|
|poke|p1|Landorus-Therian, M|
|poke|p2|Garchomp, F|
|poke|p2|Slowbro, F|
|poke|p2|Kingambit, F|
|poke|p2|Gholdengo|
|poke|p2|Ogerpon-Wellspring, F|
|poke|p2|Cyclizar, F|
|teampreview
|inactive|Battle timer is ON: inactive players will automatically lose when time's up. (requested by False Security)
|
|t:|1743788244
|start
|switch|p1a: Darkrai|Darkrai|100/100
|switch|p2a: Garchomp|Garchomp, F|100/100
|turn|1
|
|t:|1743788264
|-terastallize|p2a: Garchomp|Ghost
|move|p1a: Darkrai|Ice Beam|p2a: Garchomp
|-damage|p2a: Garchomp|46/100
|move|p2a: Garchomp|Stealth Rock|p1a: Darkrai
|-sidestart|p1: font47|move: Stealth Rock
|
|upkeep
|turn|2
|
|t:|1743788273
|move|p1a: Darkrai|Ice Beam|p2a: Garchomp
|-damage|p2a: Garchomp|0 fnt
|faint|p2a: Garchomp
|
|upkeep
|
|t:|1743788282
|switch|p2a: Kingambit|Kingambit, F|100/100
|-activate|p2a: Kingambit|ability: Supreme Overlord
|-start|p2a: Kingambit|fallen1|[silent]
|turn|3
|
|t:|1743788299
|switch|p1a: Landorus|Landorus-Therian, M|100/100
|-damage|p1a: Landorus|88/100|[from] Stealth Rock
|-ability|p1a: Landorus|Intimidate|boost
|-unboost|p2a: Kingambit|atk|1
|move|p2a: Kingambit|Swords Dance|p2a: Kingambit
|-boost|p2a: Kingambit|atk|2
|
|upkeep
|turn|4
|inactive|font47 has 120 seconds left.
|
|t:|1743788326
|-end|p2a: Kingambit|fallen1|[silent]
|switch|p2a: Gholdengo|Gholdengo|100/100
|-item|p2a: Gholdengo|Air Balloon
|move|p1a: Landorus|Earthquake|p2a: Gholdengo
|-immune|p2a: Gholdengo
|
|upkeep
|turn|5
|
|t:|1743788333
|move|p1a: Landorus|U-turn|p2a: Gholdengo
|-resisted|p2a: Gholdengo
|-damage|p2a: Gholdengo|94/100
|-enditem|p2a: Gholdengo|Air Balloon
|inactive|font47 has 120 seconds left.
|
|t:|1743788350
|switch|p1a: Zapdos|Zapdos, shiny|100/100|[from] U-turn
|move|p2a: Gholdengo|Make It Rain|p1a: Zapdos
|-resisted|p1a: Zapdos
|-damage|p1a: Zapdos|63/100
|-unboost|p2a: Gholdengo|spa|1
|
|upkeep
|turn|6
|inactive|font47 has 120 seconds left.
|inactive|font47 has 90 seconds left.
|
|t:|1743788385
|switch|p2a: Cyclizar|Cyclizar, F|100/100
|-terastallize|p1a: Zapdos|Fire
|move|p1a: Zapdos|Heat Wave|p2a: Cyclizar
|-resisted|p2a: Cyclizar
|-damage|p2a: Cyclizar|67/100
|
|upkeep
|turn|7
|inactive|font47 has 90 seconds left.
|
|t:|1743788398
|move|p2a: Cyclizar|Knock Off|p1a: Zapdos
|-damage|p1a: Zapdos|38/100
|-enditem|p1a: Zapdos|Heavy-Duty Boots|[from] move: Knock Off|[of] p2a: Cyclizar
|move|p1a: Zapdos|Thunderbolt|p2a: Cyclizar
|-resisted|p2a: Cyclizar
|-damage|p2a: Cyclizar|37/100
|
|upkeep
|turn|8
|inactive|font47 has 90 seconds left.
|
|t:|1743788422
|move|p2a: Cyclizar|U-turn|p1a: Zapdos
|-resisted|p1a: Zapdos
|-damage|p1a: Zapdos|28/100
|
|t:|1743788440
|switch|p2a: Ogerpon|Ogerpon-Wellspring, F|100/100|[from] U-turn
|move|p1a: Zapdos|Roost|p1a: Zapdos
|-heal|p1a: Zapdos|78/100
|
|upkeep
|turn|9
|inactive|font47 has 90 seconds left.
|
|t:|1743788465
|move|p2a: Ogerpon|Trailblaze|p1a: Zapdos
|-resisted|p1a: Zapdos
|-damage|p1a: Zapdos|61/100
|-boost|p2a: Ogerpon|spe|1
|move|p1a: Zapdos|Thunderbolt|p2a: Ogerpon
|-damage|p2a: Ogerpon|37/100
|
|upkeep
|turn|10
|
|t:|1743788477
|move|p2a: Ogerpon|Ivy Cudgel|p1a: Zapdos|[anim] Ivy Cudgel Water
|-supereffective|p1a: Zapdos
|-crit|p1a: Zapdos
|-damage|p1a: Zapdos|0 fnt
|faint|p1a: Zapdos
|
|upkeep
|inactive|font47 has 60 seconds left.
|
|t:|1743788502
|switch|p1a: Darkrai|Darkrai|100/100
|-damage|p1a: Darkrai|88/100|[from] Stealth Rock
|turn|11
|
|t:|1743788506
|move|p2a: Ogerpon|Ivy Cudgel|p1a: Darkrai|[anim] Ivy Cudgel Water
|-damage|p1a: Darkrai|7/100
|move|p1a: Darkrai|Dark Pulse|p2a: Ogerpon
|-damage|p2a: Ogerpon|0 fnt
|faint|p2a: Ogerpon
|
|upkeep
|
|t:|1743788515
|switch|p2a: Kingambit|Kingambit, F|100/100
|-activate|p2a: Kingambit|ability: Supreme Overlord
|-start|p2a: Kingambit|fallen2|[silent]
|turn|12
|
|t:|1743788527
|move|p1a: Darkrai|Dark Pulse|p2a: Kingambit
|-resisted|p2a: Kingambit
|-damage|p2a: Kingambit|61/100
|cant|p2a: Kingambit|flinch
|
|upkeep
|turn|13
|
|t:|1743788536
|move|p1a: Darkrai|Dark Pulse|p2a: Kingambit
|-resisted|p2a: Kingambit
|-damage|p2a: Kingambit|27/100
|move|p2a: Kingambit|Swords Dance|p2a: Kingambit
|-boost|p2a: Kingambit|atk|2
|
|upkeep
|turn|14
|
|t:|1743788542
|move|p2a: Kingambit|Sucker Punch|p1a: Darkrai
|-resisted|p1a: Darkrai
|-damage|p1a: Darkrai|0 fnt
|faint|p1a: Darkrai
|
|upkeep
|inactive|font47 has 60 seconds left.
|
|t:|1743788563
|switch|p1a: Mimikyu|Mimikyu, F|100/100
|-damage|p1a: Mimikyu|88/100|[from] Stealth Rock
|turn|15
|l|☆False Security
|inactive|False Security disconnected and has a minute to reconnect!
|player|p2|
|j|☆False Security
|inactive|False Security reconnected and has 105 seconds left.
|player|p2|False Security|preschooler|
|
|t:|1743788617
|move|p2a: Kingambit|Sucker Punch|p1a: Mimikyu
|-activate|p1a: Mimikyu|ability: Disguise
|-damage|p1a: Mimikyu|88/100
|detailschange|p1a: Mimikyu|Mimikyu-Busted, F
|-damage|p1a: Mimikyu|76/100|[from] pokemon: Mimikyu-Busted
|move|p1a: Mimikyu|Play Rough|p2a: Kingambit
|-damage|p2a: Kingambit|0 fnt
|-damage|p1a: Mimikyu|59/100|[from] item: Rocky Helmet|[of] p2a: Kingambit
|faint|p2a: Kingambit
|-end|p2a: Kingambit|fallen2|[silent]
|-damage|p1a: Mimikyu|49/100|[from] item: Life Orb
|
|upkeep
|
|t:|1743788627
|switch|p2a: I love Slowbro|Slowbro, F|100/100
|turn|16
|
|t:|1743788640
|move|p1a: Mimikyu|Shadow Claw|p2a: I love Slowbro
|-supereffective|p2a: I love Slowbro
|-damage|p2a: I love Slowbro|32/100
|-damage|p1a: Mimikyu|39/100|[from] item: Life Orb
|move|p2a: I love Slowbro|Nasty Plot|p2a: I love Slowbro
|-boost|p2a: I love Slowbro|spa|2
|
|upkeep
|turn|17
|
|t:|1743788647
|switch|p2a: Cyclizar|Cyclizar, F|37/100
|move|p1a: Mimikyu|Shadow Claw|p2a: Cyclizar
|-immune|p2a: Cyclizar
|
|upkeep
|turn|18
|
|t:|1743788655
|move|p2a: Cyclizar|U-turn|p1a: Mimikyu
|-resisted|p1a: Mimikyu
|-damage|p1a: Mimikyu|33/100
|
|t:|1743788658
|switch|p2a: Gholdengo|Gholdengo|94/100|[from] U-turn
|move|p1a: Mimikyu|Play Rough|p2a: Gholdengo
|-resisted|p2a: Gholdengo
|-damage|p2a: Gholdengo|71/100
|-damage|p1a: Mimikyu|23/100|[from] item: Life Orb
|
|upkeep
|turn|19
|
|t:|1743788665
|switch|p2a: Cyclizar|Cyclizar, F|37/100
|move|p1a: Mimikyu|Shadow Claw|p2a: Cyclizar
|-immune|p2a: Cyclizar
|
|upkeep
|turn|20
|
|t:|1743788669
|move|p2a: Cyclizar|Knock Off|p1a: Mimikyu
|-damage|p1a: Mimikyu|0 fnt
|-enditem|p1a: Mimikyu|Life Orb|[from] move: Knock Off|[of] p2a: Cyclizar
|faint|p1a: Mimikyu
|
|upkeep
|
|t:|1743788685
|switch|p1a: Landorus|Landorus-Therian, M|88/100
|-damage|p1a: Landorus|76/100|[from] Stealth Rock
|-ability|p1a: Landorus|Intimidate|boost
|-unboost|p2a: Cyclizar|atk|1
|turn|21
|
|t:|1743788691
|move|p2a: Cyclizar|U-turn|p1a: Landorus
|-resisted|p1a: Landorus
|-damage|p1a: Landorus|72/100
|-damage|p2a: Cyclizar|20/100|[from] item: Rocky Helmet|[of] p1a: Landorus
|
|t:|1743788697
|switch|p2a: I love Slowbro|Slowbro, F|66/100|[from] U-turn
|move|p1a: Landorus|U-turn|p2a: I love Slowbro
|-supereffective|p2a: I love Slowbro
|-damage|p2a: I love Slowbro|21/100
|inactive|font47 has 90 seconds left.
|
|t:|1743788733
|switch|p1a: Iron Boulder|Iron Boulder|100/100|[from] U-turn
|-damage|p1a: Iron Boulder|88/100|[from] Stealth Rock
|-enditem|p1a: Iron Boulder|Booster Energy
|-activate|p1a: Iron Boulder|ability: Quark Drive|[fromitem]
|-start|p1a: Iron Boulder|quarkdrivespe
|
|upkeep
|turn|22
|
|t:|1743788744
|switch|p2a: Gholdengo|Gholdengo|71/100
|move|p1a: Iron Boulder|Swords Dance|p1a: Iron Boulder
|-boost|p1a: Iron Boulder|atk|2
|
|upkeep
|turn|23
|
|t:|1743788755
|move|p1a: Iron Boulder|Mighty Cleave|p2a: Gholdengo
|-resisted|p2a: Gholdengo
|-damage|p2a: Gholdengo|25/100
|move|p2a: Gholdengo|Make It Rain|p1a: Iron Boulder
|-supereffective|p1a: Iron Boulder
|-damage|p1a: Iron Boulder|0 fnt
|-unboost|p2a: Gholdengo|spa|1
|faint|p1a: Iron Boulder
|-end|p1a: Iron Boulder|Quark Drive|[silent]
|
|upkeep
|
|t:|1743788767
|switch|p1a: Toxapex|Toxapex, F|100/100
|-damage|p1a: Toxapex|88/100|[from] Stealth Rock
|turn|24
|
|t:|1743788771
|move|p2a: Gholdengo|Recover|p2a: Gholdengo
|-heal|p2a: Gholdengo|75/100
|move|p1a: Toxapex|Infestation|p2a: Gholdengo
|-resisted|p2a: Gholdengo
|-damage|p2a: Gholdengo|75/100
|-activate|p2a: Gholdengo|move: Infestation|[of] p1a: Toxapex
|
|-heal|p1a: Toxapex|94/100|[from] item: Leftovers
|-damage|p2a: Gholdengo|62/100|[from] move: Infestation|[partiallytrapped]
|upkeep
|turn|25
|inactive|font47 has 90 seconds left.
|
|t:|1743788784
|switch|p2a: I love Slowbro|Slowbro, F|54/100
|move|p1a: Toxapex|Baneful Bunker||[still]
|-fail|p1a: Toxapex
|
|-heal|p1a: Toxapex|99/100|[from] item: Leftovers
|upkeep
|turn|26
|inactive|font47 has 90 seconds left.
|
|t:|1743788795
|switch|p2a: Cyclizar|Cyclizar, F|20/100
|move|p1a: Toxapex|Infestation|p2a: Cyclizar
|-damage|p2a: Cyclizar|16/100
|-activate|p2a: Cyclizar|move: Infestation|[of] p1a: Toxapex
|
|-heal|p1a: Toxapex|100/100|[from] item: Leftovers
|-damage|p2a: Cyclizar|4/100|[from] move: Infestation|[partiallytrapped]
|upkeep
|turn|27
|
|t:|1743788801
|move|p1a: Toxapex|Baneful Bunker|p1a: Toxapex
|-singleturn|p1a: Toxapex|move: Protect
|move|p2a: Cyclizar|U-turn|p1a: Toxapex
|-activate|p1a: Toxapex|move: Protect
|-status|p2a: Cyclizar|psn
|
|-activate|p2a: Cyclizar|ability: Shed Skin
|-curestatus|p2a: Cyclizar|psn|[msg]
|-damage|p2a: Cyclizar|0 fnt|[from] move: Infestation|[partiallytrapped]
|faint|p2a: Cyclizar
|upkeep
|
|t:|1743788805
|switch|p2a: I love Slowbro|Slowbro, F|87/100
|turn|28
|
|t:|1743788810
|move|p1a: Toxapex|Toxic|p2a: I love Slowbro
|-status|p2a: I love Slowbro|tox
|move|p2a: I love Slowbro|Nasty Plot|p2a: I love Slowbro
|-boost|p2a: I love Slowbro|spa|2
|
|-damage|p2a: I love Slowbro|81/100 tox|[from] psn
|upkeep
|turn|29
|
|t:|1743788817
|move|p1a: Toxapex|Infestation|p2a: I love Slowbro
|-supereffective|p2a: I love Slowbro
|-damage|p2a: I love Slowbro|76/100 tox
|-activate|p2a: I love Slowbro|move: Infestation|[of] p1a: Toxapex
|move|p2a: I love Slowbro|Psyshock|p1a: Toxapex
|-supereffective|p1a: Toxapex
|-damage|p1a: Toxapex|28/100
|
|-heal|p1a: Toxapex|34/100|[from] item: Leftovers
|-damage|p2a: I love Slowbro|64/100 tox|[from] psn
|-damage|p2a: I love Slowbro|52/100 tox|[from] move: Infestation|[partiallytrapped]
|upkeep
|turn|30
|inactive|font47 has 120 seconds left.
|
|t:|1743788823
|move|p1a: Toxapex|Baneful Bunker|p1a: Toxapex
|-singleturn|p1a: Toxapex|move: Protect
|move|p2a: I love Slowbro|Slack Off|p2a: I love Slowbro
|-heal|p2a: I love Slowbro|100/100 tox
|
|-heal|p1a: Toxapex|40/100|[from] item: Leftovers
|-damage|p2a: I love Slowbro|82/100 tox|[from] psn
|-damage|p2a: I love Slowbro|70/100 tox|[from] move: Infestation|[partiallytrapped]
|upkeep
|turn|31
|
|t:|1743788832
|move|p1a: Toxapex|Baneful Bunker||[still]
|-fail|p1a: Toxapex
|move|p2a: I love Slowbro|Psyshock|p1a: Toxapex
|-supereffective|p1a: Toxapex
|-damage|p1a: Toxapex|0 fnt
|faint|p1a: Toxapex
|
|-damage|p2a: I love Slowbro|45/100 tox|[from] psn
|-end|p2a: I love Slowbro|Infestation|[partiallytrapped]|[silent]
|upkeep
|
|t:|1743788837
|switch|p1a: Landorus|Landorus-Therian, M|72/100
|-damage|p1a: Landorus|60/100|[from] Stealth Rock
|-ability|p1a: Landorus|Intimidate|boost
|-unboost|p2a: I love Slowbro|atk|1
|turn|32
|
|t:|1743788852
|switch|p2a: Gholdengo|Gholdengo|62/100
|move|p1a: Landorus|Earthquake|p2a: Gholdengo
|-supereffective|p2a: Gholdengo
|-damage|p2a: Gholdengo|0 fnt
|faint|p2a: Gholdengo
|
|upkeep
|
|t:|1743788855
|switch|p2a: I love Slowbro|Slowbro, F|79/100 tox
|turn|33
|
|t:|1743788865
|move|p1a: Landorus|Outrage|p2a: I love Slowbro
|-damage|p2a: I love Slowbro|39/100 tox
|move|p2a: I love Slowbro|Scald|p1a: Landorus
|-supereffective|p1a: Landorus
|-damage|p1a: Landorus|0 fnt
|faint|p1a: Landorus
|
|win|False Security
|raw|font47's rating: 1319 &rarr; <strong>1298</strong><br />(-21 for losing)
|raw|False Security's rating: 1300 &rarr; <strong>1326</strong><br />(+26 for winning)
|l|☆font47
|player|p1|
|l|☆False Security
|player|p2|
