|j|☆Route111Fan
|j|☆Eyzen
|t:|1743779961
|gametype|singles
|player|p1|Route111Fan|giovanni|1175
|player|p2|Eyzen|102|1180
|teamsize|p1|6
|teamsize|p2|6
|gen|9
|tier|[Gen 9] OU
|rated|
|rule|HP Percentage Mod: HP is shown in percentages
|rule|Endless Battle Clause: Forcing endless battles is banned
|rule|Species Clause: Limit one of each Pokémon
|rule|OHKO Clause: OHKO moves are banned
|rule|Evasion Items Clause: Evasion items are banned
|rule|Evasion Moves Clause: Evasion moves are banned
|rule|Sleep Moves Clause: Sleep-inducing moves are banned
|clearpoke
|poke|p1|Pelipper, M|
|poke|p1|Overqwil, M|
|poke|p1|Landorus-Therian, M|
|poke|p1|Thundurus-Therian, M|
|poke|p1|Tsareena, F|
|poke|p1|Poliwrath, F|
|poke|p2|Garchomp, M|
|poke|p2|Weavile, F|
|poke|p2|Clefable, M|
|poke|p2|Pecharunt|
|poke|p2|Gholdengo|
|poke|p2|Cinderace, F|
|teampreview
|inactive|Battle timer is ON: inactive players will automatically lose when time's up. (requested by Route111Fan)
|c|☆Eyzen|glhf
|
|t:|1743779966
|start
|switch|p1a: Pelipper|Pelipper, M|100/100
|switch|p2a: Garchomp|Garchomp, M|100/100
|-weather|RainDance|[from] ability: Drizzle|[of] p1a: Pelipper
|turn|1
|inactive|Route111Fan has 120 seconds left.
|
|t:|1743779998
|move|p2a: Garchomp|Stealth Rock|p1a: Pelipper
|-sidestart|p1: Route111Fan|move: Stealth Rock
|move|p1a: Pelipper|Weather Ball|p2a: Garchomp
|-damage|p2a: Garchomp|54/100
|
|-weather|RainDance|[upkeep]
|upkeep
|turn|2
|
|t:|1743780006
|switch|p1a: Landorus|Landorus-Therian, M|100/100
|-ability|p1a: Landorus|Intimidate|boost
|-unboost|p2a: Garchomp|atk|1
|move|p2a: Garchomp|Dragon Tail|p1a: Landorus
|-damage|p1a: Landorus|80/100
|drag|p1a: Thundurus|Thundurus-Therian, M|100/100
|-damage|p1a: Thundurus|76/100|[from] Stealth Rock
|
|-weather|RainDance|[upkeep]
|upkeep
|turn|3
|
|t:|1743780015
|move|p1a: Thundurus|Weather Ball|p2a: Garchomp
|-damage|p2a: Garchomp|0 fnt
|faint|p2a: Garchomp
|
|-weather|RainDance|[upkeep]
|upkeep
|
|t:|1743780021
|switch|p2a: Clefable|Clefable, M|100/100
|turn|4
|
|t:|1743780027
|switch|p1a: Tsareena|Tsareena, F|100/100
|-damage|p1a: Tsareena|88/100|[from] Stealth Rock
|move|p2a: Clefable|Trick|p1a: Tsareena
|-activate|p2a: Clefable|move: Trick|[of] p1a: Tsareena
|-item|p1a: Tsareena|Sticky Barb|[from] move: Trick
|-item|p2a: Clefable|Assault Vest|[from] move: Trick
|
|-weather|RainDance|[upkeep]
|-damage|p1a: Tsareena|76/100|[from] item: Sticky Barb
|upkeep
|turn|5
|
|t:|1743780040
|move|p1a: Tsareena|Knock Off|p2a: Clefable
|-resisted|p2a: Clefable
|-damage|p2a: Clefable|82/100
|-enditem|p2a: Clefable|Assault Vest|[from] move: Knock Off|[of] p1a: Tsareena
|move|p2a: Clefable|Moonblast|p1a: Tsareena
|-damage|p1a: Tsareena|40/100
|
|-weather|RainDance|[upkeep]
|-damage|p1a: Tsareena|28/100|[from] item: Sticky Barb
|upkeep
|turn|6
|
|t:|1743780050
|move|p1a: Tsareena|Rapid Spin|p2a: Clefable
|-damage|p2a: Clefable|64/100
|-boost|p1a: Tsareena|spe|1
|-sideend|p1: Route111Fan|Stealth Rock|[from] move: Rapid Spin|[of] p1a: Tsareena
|move|p2a: Clefable|Moonblast|p1a: Tsareena
|-damage|p1a: Tsareena|0 fnt
|faint|p1a: Tsareena
|
|-weather|RainDance|[upkeep]
|upkeep
|
|t:|1743780055
|switch|p1a: Thundurus|Thundurus-Therian, M|76/100
|turn|7
|
|t:|1743780060
|move|p1a: Thundurus|Weather Ball|p2a: Clefable
|-damage|p2a: Clefable|11/100
|move|p2a: Clefable|Moonblast|p1a: Thundurus
|-damage|p1a: Thundurus|32/100
|-unboost|p1a: Thundurus|spa|1
|
|-weather|RainDance|[upkeep]
|upkeep
|turn|8
|
|t:|1743780076
|switch|p2a: Gholdengo|Gholdengo|100/100
|move|p1a: Thundurus|Weather Ball|p2a: Gholdengo
|-damage|p2a: Gholdengo|34/100
|
|-weather|none
|upkeep
|turn|9
|
|t:|1743780090
|switch|p1a: Pelipper|Pelipper, M|100/100
|-weather|RainDance|[from] ability: Drizzle|[of] p1a: Pelipper
|move|p2a: Gholdengo|Make It Rain|p1a: Pelipper
|-resisted|p1a: Pelipper
|-damage|p1a: Pelipper|53/100
|-unboost|p2a: Gholdengo|spa|1
|
|-weather|RainDance|[upkeep]
|upkeep
|turn|10
|
|t:|1743780102
|switch|p2a: Clefable|Clefable, M|11/100
|switch|p1a: Poliwrath|Poliwrath, F|100/100
|
|-weather|RainDance|[upkeep]
|upkeep
|turn|11
|
|t:|1743780109
|move|p1a: Poliwrath|Liquidation|p2a: Clefable
|-damage|p2a: Clefable|0 fnt
|faint|p2a: Clefable
|
|-weather|RainDance|[upkeep]
|upkeep
|
|t:|1743780119
|switch|p2a: Pecharunt|Pecharunt|100/100
|turn|12
|
|t:|1743780136
|-terastallize|p1a: Poliwrath|Steel
|move|p1a: Poliwrath|Bulk Up|p1a: Poliwrath
|-boost|p1a: Poliwrath|atk|1
|-boost|p1a: Poliwrath|def|1
|move|p2a: Pecharunt|Night Shade|p1a: Poliwrath
|-damage|p1a: Poliwrath|74/100
|
|-weather|RainDance|[upkeep]
|-heal|p1a: Poliwrath|81/100|[from] item: Leftovers
|upkeep
|turn|13
|
|t:|1743780148
|move|p1a: Poliwrath|Bulk Up|p1a: Poliwrath
|-boost|p1a: Poliwrath|atk|1
|-boost|p1a: Poliwrath|def|1
|move|p2a: Pecharunt|Night Shade|p1a: Poliwrath
|-damage|p1a: Poliwrath|55/100
|
|-weather|RainDance|[upkeep]
|-heal|p1a: Poliwrath|61/100|[from] item: Leftovers
|upkeep
|turn|14
|
|t:|1743780156
|move|p1a: Poliwrath|Liquidation|p2a: Pecharunt
|-damage|p2a: Pecharunt|56/100
|move|p2a: Pecharunt|Night Shade|p1a: Poliwrath
|-damage|p1a: Poliwrath|35/100
|
|-weather|RainDance|[upkeep]
|-heal|p1a: Poliwrath|41/100|[from] item: Leftovers
|-heal|p2a: Pecharunt|62/100|[from] item: Black Sludge
|upkeep
|turn|15
|
|t:|1743780172
|switch|p1a: Landorus|Landorus-Therian, M|80/100
|-ability|p1a: Landorus|Intimidate|boost
|-unboost|p2a: Pecharunt|atk|1
|move|p2a: Pecharunt|Night Shade|p1a: Landorus
|-damage|p1a: Landorus|49/100
|
|-weather|RainDance|[upkeep]
|-heal|p2a: Pecharunt|68/100|[from] item: Black Sludge
|upkeep
|turn|16
|
|t:|1743780190
|switch|p2a: Gholdengo|Gholdengo|34/100
|move|p1a: Landorus|Earth Power|p2a: Gholdengo
|-supereffective|p2a: Gholdengo
|-damage|p2a: Gholdengo|0 fnt
|faint|p2a: Gholdengo
|
|-weather|none
|upkeep
|
|t:|1743780193
|switch|p2a: Weavile|Weavile, F|100/100
|turn|17
|
|t:|1743780200
|switch|p1a: Pelipper|Pelipper, M|53/100
|-weather|RainDance|[from] ability: Drizzle|[of] p1a: Pelipper
|move|p2a: Weavile|Triple Axel|p1a: Pelipper
|-damage|p1a: Pelipper|41/100
|-damage|p1a: Pelipper|17/100
|-damage|p1a: Pelipper|0 fnt
|faint|p1a: Pelipper
|-hitcount|p1: Pelipper|3
|
|-weather|RainDance|[upkeep]
|upkeep
|
|t:|1743780208
|switch|p1a: Poliwrath|Poliwrath, F, tera:Steel|41/100
|turn|18
|
|t:|1743780215
|switch|p2a: Pecharunt|Pecharunt|68/100
|move|p1a: Poliwrath|Liquidation|p2a: Pecharunt
|-damage|p2a: Pecharunt|45/100
|
|-weather|RainDance|[upkeep]
|-heal|p1a: Poliwrath|47/100|[from] item: Leftovers
|-heal|p2a: Pecharunt|51/100|[from] item: Black Sludge
|upkeep
|turn|19
|
|t:|1743780222
|switch|p1a: Landorus|Landorus-Therian, M|49/100
|-ability|p1a: Landorus|Intimidate|boost
|-unboost|p2a: Pecharunt|atk|1
|move|p2a: Pecharunt|Night Shade|p1a: Landorus
|-damage|p1a: Landorus|18/100
|
|-weather|RainDance|[upkeep]
|-heal|p2a: Pecharunt|57/100|[from] item: Black Sludge
|upkeep
|turn|20
|
|t:|1743780238
|move|p1a: Landorus|Earth Power|p2a: Pecharunt
|-supereffective|p2a: Pecharunt
|-damage|p2a: Pecharunt|0 fnt
|faint|p2a: Pecharunt
|
|-weather|RainDance|[upkeep]
|upkeep
|
|t:|1743780240
|switch|p2a: Cinderace|Cinderace, F|100/100
|turn|21
|
|t:|1743780249
|move|p2a: Cinderace|High Jump Kick|p1a: Landorus
|-start|p2a: Cinderace|typechange|Fighting|[from] ability: Libero
|-resisted|p1a: Landorus
|-damage|p1a: Landorus|0 fnt
|faint|p1a: Landorus
|
|-weather|RainDance|[upkeep]
|upkeep
|
|t:|1743780256
|switch|p1a: Overqwil|Overqwil, M|100/100
|turn|22
|
|t:|1743780265
|move|p1a: Overqwil|Gunk Shot|p2a: Cinderace|[miss]
|-miss|p1a: Overqwil|p2a: Cinderace
|move|p2a: Cinderace|High Jump Kick|p1a: Overqwil
|-damage|p1a: Overqwil|23/100
|
|-weather|RainDance|[upkeep]
|upkeep
|turn|23
|
|t:|1743780272
|move|p1a: Overqwil|Gunk Shot|p2a: Cinderace
|-damage|p2a: Cinderace|0 fnt
|faint|p2a: Cinderace
|
|-weather|RainDance|[upkeep]
|upkeep
|
|t:|1743780278
|switch|p2a: Weavile|Weavile, F|100/100
|turn|24
|
|t:|1743780283
|-terastallize|p2a: Weavile|Dark
|move|p1a: Overqwil|Gunk Shot|p2a: Weavile
|-damage|p2a: Weavile|0 fnt
|faint|p2a: Weavile
|
|win|Route111Fan
|raw|Route111Fan's rating: 1175 &rarr; <strong>1200</strong><br />(+25 for winning)
|raw|Eyzen's rating: 1180 &rarr; <strong>1155</strong><br />(-25 for losing)
|l|☆Route111Fan
|player|p1|
|c|☆Eyzen|gg wp
|l|☆Eyzen
|player|p2|
