|j|☆NGamerOP
|j|☆aquy
|t:|1743885362
|gametype|singles
|player|p1|NGamerOP|barry|1560
|player|p2|aquy|1|1609
|teamsize|p1|6
|teamsize|p2|6
|gen|9
|tier|[Gen 9] OU
|rated|
|rule|HP Percentage Mod: HP is shown in percentages
|rule|Endless Battle Clause: Forcing endless battles is banned
|rule|Species Clause: Limit one of each Pokémon
|rule|OHKO Clause: OHKO moves are banned
|rule|Evasion Items Clause: Evasion items are banned
|rule|Evasion Moves Clause: Evasion moves are banned
|rule|Sleep Moves Clause: Sleep-inducing moves are banned
|clearpoke
|poke|p1|Comfey, F|
|poke|p1|Whimsicott, M|
|poke|p1|Iron Moth|
|poke|p1|Walking Wake|
|poke|p1|Great Tusk|
|poke|p1|Ninetales, F|
|poke|p2|Weavile, F|
|poke|p2|Pecharunt|
|poke|p2|Ting-Lu|
|poke|p2|Tinkaton, F|
|poke|p2|Keldeo-Resolute|
|poke|p2|Dragonite, F|
|teampreview
|inactive|Battle timer is ON: inactive players will automatically lose when time's up. (requested by aquy)
|
|t:|1743885372
|start
|switch|p1a: Ninetales|Ninetales, F|100/100
|switch|p2a: Ting-Lu|Ting-Lu|100/100
|-weather|SunnyDay|[from] ability: Drought|[of] p1a: Ninetales
|-ability|p2a: Ting-Lu|Vessel of Ruin
|turn|1
|inactive|NGamerOP has 120 seconds left.
|
|t:|1743885412
|switch|p1a: Whimsicott|Whimsicott, M|100/100
|move|p2a: Ting-Lu|Spikes|p1a: Whimsicott
|-sidestart|p1: NGamerOP|Spikes
|
|-weather|SunnyDay|[upkeep]
|upkeep
|turn|2
|
|t:|1743885434
|switch|p2a: Pecharunt|Pecharunt|100/100
|move|p1a: Whimsicott|Growth|p1a: Whimsicott
|-boost|p1a: Whimsicott|atk|2
|-boost|p1a: Whimsicott|spa|2
|
|-weather|SunnyDay|[upkeep]
|upkeep
|turn|3
|
|t:|1743885442
|move|p1a: Whimsicott|Shadow Ball|p2a: Pecharunt
|-supereffective|p2a: Pecharunt
|-damage|p2a: Pecharunt|0 fnt
|faint|p2a: Pecharunt
|-damage|p1a: Whimsicott|91/100|[from] item: Life Orb
|
|-weather|SunnyDay|[upkeep]
|upkeep
|
|t:|1743885465
|switch|p2a: Tinkaton|Tinkaton, F|100/100
|-item|p2a: Tinkaton|Air Balloon
|turn|4
|
|t:|1743885485
|switch|p1a: Ninetales|Ninetales, F|100/100
|-damage|p1a: Ninetales|88/100|[from] Spikes
|-terastallize|p2a: Tinkaton|Water
|move|p2a: Tinkaton|Gigaton Hammer|p1a: Ninetales
|-resisted|p1a: Ninetales
|-damage|p1a: Ninetales|59/100
|
|-weather|SunnyDay|[upkeep]
|upkeep
|turn|5
|
|t:|1743885493
|move|p1a: Ninetales|Encore|p2a: Tinkaton
|-start|p2a: Tinkaton|Encore
|move|p2a: Tinkaton|Gigaton Hammer|p1a: Ninetales
|-resisted|p1a: Ninetales
|-damage|p1a: Ninetales|34/100
|-hint|Some effects can force a Pokemon to use Gigaton Hammer again in a row.
|
|-weather|SunnyDay|[upkeep]
|upkeep
|turn|6
|
|t:|1743885501
|switch|p2a: Dragonite|Dragonite, F|100/100
|move|p1a: Ninetales|Will-O-Wisp|p2a: Dragonite
|-status|p2a: Dragonite|brn
|
|-weather|SunnyDay|[upkeep]
|-damage|p2a: Dragonite|94/100 brn|[from] brn
|upkeep
|turn|7
|
|t:|1743885507
|switch|p1a: Great Tusk|Great Tusk|100/100
|-damage|p1a: Great Tusk|88/100|[from] Spikes
|-activate|p1a: Great Tusk|ability: Protosynthesis
|-start|p1a: Great Tusk|protosynthesisspe
|move|p2a: Dragonite|Earthquake|p1a: Great Tusk
|-damage|p1a: Great Tusk|75/100
|
|-weather|SunnyDay|[upkeep]
|-damage|p2a: Dragonite|88/100 brn|[from] brn
|upkeep
|turn|8
|
|t:|1743885511
|move|p1a: Great Tusk|Stealth Rock|p2a: Dragonite
|-sidestart|p2: aquy|move: Stealth Rock
|move|p2a: Dragonite|Hurricane|p1a: Great Tusk|[miss]
|-miss|p2a: Dragonite|p1a: Great Tusk
|
|-weather|none
|-end|p1a: Great Tusk|Protosynthesis
|-damage|p2a: Dragonite|82/100 brn|[from] brn
|upkeep
|turn|9
|
|t:|1743885520
|switch|p2a: Keldeo|Keldeo-Resolute|100/100
|move|p1a: Great Tusk|Ice Spinner|p2a: Keldeo
|-resisted|p2a: Keldeo
|-damage|p2a: Keldeo|88/100
|
|upkeep
|turn|10
|
|t:|1743885527
|-end|p1a: Great Tusk|Protosynthesis|[silent]
|switch|p1a: Comfey|Comfey, F|100/100
|-damage|p1a: Comfey|88/100|[from] Spikes
|move|p2a: Keldeo|Hydro Pump|p1a: Comfey
|-damage|p1a: Comfey|30/100
|
|upkeep
|turn|11
|
|t:|1743885533
|switch|p2a: Tinkaton|Tinkaton, F, tera:Water|100/100
|-damage|p2a: Tinkaton|88/100|[from] Stealth Rock
|-item|p2a: Tinkaton|Air Balloon
|move|p1a: Comfey|Synthesis|p1a: Comfey
|-heal|p1a: Comfey|80/100
|
|upkeep
|turn|12
|
|t:|1743885543
|switch|p1a: Iron Moth|Iron Moth|100/100
|-damage|p1a: Iron Moth|88/100|[from] Spikes
|-enditem|p1a: Iron Moth|Booster Energy
|-activate|p1a: Iron Moth|ability: Quark Drive|[fromitem]
|-start|p1a: Iron Moth|quarkdrivespa
|move|p2a: Tinkaton|Stealth Rock|p1a: Iron Moth
|-sidestart|p1: NGamerOP|move: Stealth Rock
|
|upkeep
|turn|13
|
|t:|1743885548
|switch|p2a: Ting-Lu|Ting-Lu|100/100
|-damage|p2a: Ting-Lu|94/100|[from] Stealth Rock
|-ability|p2a: Ting-Lu|Vessel of Ruin
|move|p1a: Iron Moth|Sludge Wave|p2a: Ting-Lu
|-resisted|p2a: Ting-Lu
|-damage|p2a: Ting-Lu|78/100
|
|upkeep
|turn|14
|
|t:|1743885552
|move|p1a: Iron Moth|Overheat|p2a: Ting-Lu
|-damage|p2a: Ting-Lu|35/100
|-unboost|p1a: Iron Moth|spa|2
|move|p2a: Ting-Lu|Earthquake|p1a: Iron Moth
|-supereffective|p1a: Iron Moth
|-damage|p1a: Iron Moth|0 fnt
|faint|p1a: Iron Moth
|-end|p1a: Iron Moth|Quark Drive|[silent]
|
|upkeep
|
|t:|1743885556
|switch|p1a: Walking Wake|Walking Wake|100/100
|-damage|p1a: Walking Wake|88/100|[from] Spikes
|-damage|p1a: Walking Wake|76/100|[from] Stealth Rock
|turn|15
|
|t:|1743885561
|move|p1a: Walking Wake|Hydro Steam|p2a: Ting-Lu
|-supereffective|p2a: Ting-Lu
|-damage|p2a: Ting-Lu|1/100
|move|p2a: Ting-Lu|Earthquake|p1a: Walking Wake
|-damage|p1a: Walking Wake|42/100
|
|upkeep
|turn|16
|
|t:|1743885565
|move|p1a: Walking Wake|Hydro Steam|p2a: Ting-Lu
|-supereffective|p2a: Ting-Lu
|-damage|p2a: Ting-Lu|0 fnt
|faint|p2a: Ting-Lu
|
|upkeep
|
|t:|1743885567
|switch|p2a: Keldeo|Keldeo-Resolute|88/100
|turn|17
|
|t:|1743885573
|move|p2a: Keldeo|Secret Sword|p1a: Walking Wake
|-damage|p1a: Walking Wake|0 fnt
|faint|p1a: Walking Wake
|-end|p1a: Walking Wake|Protosynthesis|[silent]
|
|upkeep
|
|t:|1743885579
|switch|p1a: Ninetales|Ninetales, F|34/100
|-damage|p1a: Ninetales|21/100|[from] Spikes
|-damage|p1a: Ninetales|0 fnt|[from] Stealth Rock
|faint|p1a: Ninetales
|
|t:|1743885582
|switch|p1a: Whimsicott|Whimsicott, M|91/100
|-damage|p1a: Whimsicott|78/100|[from] Spikes
|-damage|p1a: Whimsicott|66/100|[from] Stealth Rock
|turn|18
|
|t:|1743885589
|move|p2a: Keldeo|Flip Turn|p1a: Whimsicott
|-resisted|p1a: Whimsicott
|-damage|p1a: Whimsicott|56/100
|
|t:|1743885591
|switch|p2a: Dragonite|Dragonite, F|82/100 brn|[from] Flip Turn
|move|p1a: Whimsicott|Moonblast|p2a: Dragonite
|-supereffective|p2a: Dragonite
|-damage|p2a: Dragonite|0 fnt
|faint|p2a: Dragonite
|-damage|p1a: Whimsicott|46/100|[from] item: Life Orb
|
|upkeep
|
|t:|1743885593
|switch|p2a: Weavile|Weavile, F|100/100
|-ability|p2a: Weavile|Pressure
|turn|19
|
|t:|1743885606
|move|p2a: Weavile|Ice Shard|p1a: Whimsicott
|-supereffective|p1a: Whimsicott
|-damage|p1a: Whimsicott|0 fnt
|faint|p1a: Whimsicott
|
|upkeep
|
|t:|1743885608
|switch|p1a: Comfey|Comfey, F|80/100
|-damage|p1a: Comfey|67/100|[from] Spikes
|-damage|p1a: Comfey|55/100|[from] Stealth Rock
|turn|20
|
|t:|1743885619
|switch|p2a: Tinkaton|Tinkaton, F, tera:Water|88/100
|-damage|p2a: Tinkaton|76/100|[from] Stealth Rock
|-item|p2a: Tinkaton|Air Balloon
|-terastallize|p1a: Comfey|Water
|move|p1a: Comfey|Growth|p1a: Comfey
|-boost|p1a: Comfey|atk|1
|-boost|p1a: Comfey|spa|1
|
|upkeep
|turn|21
|
|t:|1743885636
|switch|p1a: Great Tusk|Great Tusk|75/100
|-damage|p1a: Great Tusk|63/100|[from] Spikes
|-damage|p1a: Great Tusk|60/100|[from] Stealth Rock
|move|p2a: Tinkaton|Thunder Wave|p1a: Great Tusk
|-immune|p1a: Great Tusk
|
|upkeep
|turn|22
|
|t:|1743885642
|switch|p2a: Keldeo|Keldeo-Resolute|88/100
|move|p1a: Great Tusk|Rapid Spin|p2a: Keldeo
|-damage|p2a: Keldeo|72/100
|-boost|p1a: Great Tusk|spe|1
|-sideend|p1: NGamerOP|Spikes|[from] move: Rapid Spin|[of] p1a: Great Tusk
|-sideend|p1: NGamerOP|Stealth Rock|[from] move: Rapid Spin|[of] p1a: Great Tusk
|
|upkeep
|turn|23
|
|t:|1743885652
|move|p1a: Great Tusk|Headlong Rush|p2a: Keldeo
|-damage|p2a: Keldeo|9/100
|-unboost|p1a: Great Tusk|def|1
|-unboost|p1a: Great Tusk|spd|1
|move|p2a: Keldeo|Hydro Pump|p1a: Great Tusk|[miss]
|-miss|p2a: Keldeo|p1a: Great Tusk
|
|upkeep
|turn|24
|
|t:|1743885659
|move|p2a: Keldeo|Vacuum Wave|p1a: Great Tusk
|-damage|p1a: Great Tusk|20/100
|move|p1a: Great Tusk|Rapid Spin|p2a: Keldeo
|-damage|p2a: Keldeo|0 fnt
|-boost|p1a: Great Tusk|spe|1
|faint|p2a: Keldeo
|
|upkeep
|
|t:|1743885662
|switch|p2a: Weavile|Weavile, F|100/100
|-ability|p2a: Weavile|Pressure
|turn|25
|
|t:|1743885666
|move|p2a: Weavile|Ice Shard|p1a: Great Tusk
|-supereffective|p1a: Great Tusk
|-damage|p1a: Great Tusk|0 fnt
|faint|p1a: Great Tusk
|-end|p1a: Great Tusk|Protosynthesis|[silent]
|
|upkeep
|
|t:|1743885668
|switch|p1a: Comfey|Comfey, F, tera:Water|55/100
|turn|26
|
|t:|1743885677
|switch|p2a: Tinkaton|Tinkaton, F, tera:Water|76/100
|-damage|p2a: Tinkaton|63/100|[from] Stealth Rock
|-item|p2a: Tinkaton|Air Balloon
|move|p1a: Comfey|Synthesis|p1a: Comfey
|-heal|p1a: Comfey|100/100
|
|upkeep
|turn|27
|
|t:|1743885681
|move|p1a: Comfey|Draining Kiss|p2a: Tinkaton
|-damage|p2a: Tinkaton|39/100
|-enditem|p2a: Tinkaton|Air Balloon
|-enditem|p1a: Comfey|Life Orb|[silent]|[from] ability: Pickpocket|[of] p1a: Comfey
|-item|p2a: Tinkaton|Life Orb|[from] ability: Pickpocket|[of] p1a: Comfey
|move|p2a: Tinkaton|Encore|p1a: Comfey
|-start|p1a: Comfey|Encore
|
|upkeep
|turn|28
|
|t:|1743885690
|move|p1a: Comfey|Draining Kiss|p2a: Tinkaton
|-damage|p2a: Tinkaton|21/100
|move|p2a: Tinkaton|Thunder Wave|p1a: Comfey|[miss]
|-miss|p2a: Tinkaton|p1a: Comfey
|
|upkeep
|turn|29
|
|t:|1743885698
|move|p1a: Comfey|Draining Kiss|p2a: Tinkaton
|-damage|p2a: Tinkaton|3/100
|move|p2a: Tinkaton|Gigaton Hammer|p1a: Comfey
|-resisted|p1a: Comfey
|-damage|p1a: Comfey|66/100
|-damage|p2a: Tinkaton|0 fnt|[from] item: Life Orb
|faint|p2a: Tinkaton
|
|upkeep
|
|t:|1743885701
|switch|p2a: Weavile|Weavile, F|100/100
|-ability|p2a: Weavile|Pressure
|turn|30
|
|t:|1743885703
|move|p1a: Comfey|Draining Kiss|p2a: Weavile
|-supereffective|p2a: Weavile
|-damage|p2a: Weavile|40/100
|-heal|p1a: Comfey|100/100|[from] drain|[of] p2a: Weavile
|move|p2a: Weavile|Triple Axel|p1a: Comfey
|-resisted|p1a: Comfey
|-damage|p1a: Comfey|95/100
|-resisted|p1a: Comfey
|-damage|p1a: Comfey|83/100
|-resisted|p1a: Comfey
|-damage|p1a: Comfey|65/100
|-hitcount|p1a: Comfey|3
|
|-end|p1a: Comfey|Encore
|upkeep
|turn|31
|c|☆NGamerOP|gg
|
|t:|1743885714
|move|p1a: Comfey|Draining Kiss|p2a: Weavile
|-supereffective|p2a: Weavile
|-damage|p2a: Weavile|0 fnt
|-heal|p1a: Comfey|92/100|[from] drain|[of] p2a: Weavile
|faint|p2a: Weavile
|
|win|NGamerOP
|raw|NGamerOP's rating: 1560 &rarr; <strong>1583</strong><br />(+23 for winning)
|raw|aquy's rating: 1609 &rarr; <strong>1586</strong><br />(-23 for losing)
|l|☆aquy
|player|p2|
|l|☆NGamerOP
|player|p1|
