|badge|p2|silver|gen9ou|30-5
|badge|p2|bronze|gen9ubers|100-5
|uhtml|medal-msg|<div class="broadcast-blue">Curious what those medals under the avatar are? PS now has Ladder Seasons! For more information, check out the <a href="https://www.smogon.com/forums/threads/3740067/">thread on Smogon.</a></div>
|j|☆alvar03
|j|☆block laflame
|t:|1743891480
|gametype|singles
|player|p1|alvar03|alder|1756
|player|p2|block laflame|marshal|1847
|teamsize|p1|6
|teamsize|p2|6
|gen|9
|tier|[Gen 9] OU
|rated|
|rule|HP Percentage Mod: HP is shown in percentages
|rule|Endless Battle Clause: Forcing endless battles is banned
|rule|Species Clause: Limit one of each Pokémon
|rule|OHKO Clause: OHKO moves are banned
|rule|Evasion Items Clause: Evasion items are banned
|rule|Evasion Moves Clause: Evasion moves are banned
|rule|Sleep Moves Clause: Sleep-inducing moves are banned
|clearpoke
|poke|p1|Ursaluna, M|
|poke|p1|Landorus-Therian, M|
|poke|p1|Cinderace, F|
|poke|p1|Dragapult, F|
|poke|p1|Kingambit, F|
|poke|p1|Slowking-Galar, F|
|poke|p2|Ribombee, M|
|poke|p2|Gholdengo|
|poke|p2|Great Tusk|
|poke|p2|Raging Bolt|
|poke|p2|Ogerpon-Cornerstone, F|
|poke|p2|Ceruledge, M|
|teampreview
|inactive|Battle timer is ON: inactive players will automatically lose when time's up. (requested by block laflame)
|
|t:|1743891487
|start
|switch|p1a: Slowking|Slowking-Galar, F|100/100
|switch|p2a: Ribombee|Ribombee, M, shiny|100/100
|turn|1
|
|t:|1743891491
|move|p2a: Ribombee|Sticky Web|p1a: Slowking
|-sidestart|p1: alvar03|move: Sticky Web
|move|p1a: Slowking|Sludge Bomb|p2a: Ribombee
|-supereffective|p2a: Ribombee
|-enditem|p2a: Ribombee|Focus Sash
|-damage|p2a: Ribombee|1/100
|
|upkeep
|turn|2
|j| dilf huntr
|
|t:|1743891511
|switch|p2a: Gholdengo|Gholdengo, shiny|100/100
|-item|p2a: Gholdengo|Air Balloon
|move|p1a: Slowking|Sludge Bomb|p2a: Gholdengo
|-immune|p2a: Gholdengo
|
|upkeep
|turn|3
|
|t:|1743891514
|move|p2a: Gholdengo|Shadow Ball|p1a: Slowking
|-supereffective|p1a: Slowking
|-damage|p1a: Slowking|57/100
|move|p1a: Slowking|Flamethrower|p2a: Gholdengo
|-supereffective|p2a: Gholdengo
|-damage|p2a: Gholdengo|34/100
|-enditem|p2a: Gholdengo|Air Balloon
|
|upkeep
|turn|4
|
|t:|1743891523
|switch|p1a: Landorus|Landorus-Therian, M|100/100
|-ability|p1a: Landorus|Intimidate|boost
|-unboost|p2a: Gholdengo|atk|1
|move|p2a: Gholdengo|Shadow Ball|p1a: Landorus
|-damage|p1a: Landorus|54/100
|-unboost|p1a: Landorus|spd|1
|
|upkeep
|turn|5
|
|t:|1743891527
|move|p1a: Landorus|Stealth Rock|p2a: Gholdengo
|-sidestart|p2: block laflame|move: Stealth Rock
|move|p2a: Gholdengo|Shadow Ball|p1a: Landorus
|-damage|p1a: Landorus|0 fnt
|faint|p1a: Landorus
|
|upkeep
|
|t:|1743891537
|switch|p1a: Cinderace|Cinderace, F|100/100
|turn|6
|
|t:|1743891542
|move|p1a: Cinderace|Pyro Ball|p2a: Gholdengo|[miss]
|-miss|p1a: Cinderace|p2a: Gholdengo
|move|p2a: Gholdengo|Focus Blast|p1a: Cinderace
|-damage|p1a: Cinderace|42/100
|
|upkeep
|turn|7
|j| mayomama
|
|t:|1743891550
|move|p1a: Cinderace|Pyro Ball|p2a: Gholdengo
|-supereffective|p2a: Gholdengo
|-damage|p2a: Gholdengo|0 fnt
|faint|p2a: Gholdengo
|
|upkeep
|l| mayomama
|j| mayomama
|j| alyras
|l| mayomama
|
|t:|1743891568
|switch|p2a: Great Tusk|Great Tusk, shiny|100/100
|-damage|p2a: Great Tusk|98/100|[from] Stealth Rock
|-enditem|p2a: Great Tusk|Booster Energy
|-activate|p2a: Great Tusk|ability: Protosynthesis|[fromitem]
|-start|p2a: Great Tusk|protosynthesisatk
|turn|8
|
|t:|1743891572
|move|p1a: Cinderace|Will-O-Wisp|p2a: Great Tusk
|-status|p2a: Great Tusk|brn
|move|p2a: Great Tusk|Rapid Spin|p1a: Cinderace
|-damage|p1a: Cinderace|29/100
|-boost|p2a: Great Tusk|spe|1
|-sideend|p2: block laflame|Stealth Rock|[from] move: Rapid Spin|[of] p2a: Great Tusk
|
|-damage|p2a: Great Tusk|91/100 brn|[from] brn
|upkeep
|turn|9
|
|t:|1743891580
|switch|p1a: Ursaluna|Ursaluna, M|100/100
|-activate|p1a: Ursaluna|move: Sticky Web
|-unboost|p1a: Ursaluna|spe|1
|move|p2a: Great Tusk|Headlong Rush|p1a: Ursaluna
|-damage|p1a: Ursaluna|69/100
|-unboost|p2a: Great Tusk|def|1
|-unboost|p2a: Great Tusk|spd|1
|
|-heal|p1a: Ursaluna|76/100|[from] item: Leftovers
|-damage|p2a: Great Tusk|85/100 brn|[from] brn
|upkeep
|turn|10
|
|t:|1743891587
|move|p2a: Great Tusk|Close Combat|p1a: Ursaluna
|-supereffective|p1a: Ursaluna
|-damage|p1a: Ursaluna|22/100
|-unboost|p2a: Great Tusk|def|1
|-unboost|p2a: Great Tusk|spd|1
|move|p1a: Ursaluna|Bulk Up|p1a: Ursaluna
|-boost|p1a: Ursaluna|atk|1
|-boost|p1a: Ursaluna|def|1
|
|-heal|p1a: Ursaluna|28/100|[from] item: Leftovers
|-damage|p2a: Great Tusk|79/100 brn|[from] brn
|upkeep
|turn|11
|
|t:|1743891590
|move|p2a: Great Tusk|Close Combat|p1a: Ursaluna
|-supereffective|p1a: Ursaluna
|-damage|p1a: Ursaluna|0 fnt
|-unboost|p2a: Great Tusk|def|1
|-unboost|p2a: Great Tusk|spd|1
|faint|p1a: Ursaluna
|
|-damage|p2a: Great Tusk|73/100 brn|[from] brn
|upkeep
|
|t:|1743891592
|switch|p1a: Dragapult|Dragapult, F|100/100
|turn|12
|
|t:|1743891596
|move|p2a: Great Tusk|Headlong Rush|p1a: Dragapult
|-damage|p1a: Dragapult|49/100
|-unboost|p2a: Great Tusk|def|1
|-unboost|p2a: Great Tusk|spd|1
|move|p1a: Dragapult|Hex|p2a: Great Tusk
|-damage|p2a: Great Tusk|0 fnt
|faint|p2a: Great Tusk
|-end|p2a: Great Tusk|Protosynthesis|[silent]
|
|upkeep
|
|t:|1743891603
|switch|p2a: Ceruledge|Ceruledge, M, shiny|100/100
|turn|13
|
|t:|1743891608
|move|p2a: Ceruledge|Shadow Sneak|p1a: Dragapult
|-supereffective|p1a: Dragapult
|-damage|p1a: Dragapult|0 fnt
|faint|p1a: Dragapult
|
|upkeep
|
|t:|1743891613
|switch|p1a: Kingambit|Kingambit, F|100/100
|-activate|p1a: Kingambit|move: Sticky Web
|-unboost|p1a: Kingambit|spe|1
|-activate|p1a: Kingambit|ability: Supreme Overlord
|-start|p1a: Kingambit|fallen3|[silent]
|turn|14
|
|t:|1743891620
|switch|p2a: Ribombee|Ribombee, M, shiny|1/100
|move|p1a: Kingambit|Kowtow Cleave|p2a: Ribombee
|-resisted|p2a: Ribombee
|-damage|p2a: Ribombee|0 fnt
|faint|p2a: Ribombee
|
|upkeep
|
|t:|1743891630
|switch|p2a: Ceruledge|Ceruledge, M, shiny|100/100
|turn|15
|
|t:|1743891634
|move|p2a: Ceruledge|Close Combat|p1a: Kingambit
|-supereffective|p1a: Kingambit
|-damage|p1a: Kingambit|0 fnt
|-unboost|p2a: Ceruledge|def|1
|-unboost|p2a: Ceruledge|spd|1
|faint|p1a: Kingambit
|-end|p1a: Kingambit|fallen3|[silent]
|
|upkeep
|-message|alvar03 forfeited.
|
|win|block laflame
|raw|alvar03's rating: 1756 &rarr; <strong>1741</strong><br />(-15 for losing)
|raw|block laflame's rating: 1847 &rarr; <strong>1862</strong><br />(+15 for winning)
|l|☆alvar03
|player|p1|
|l|☆block laflame
|player|p2|
|l| dilf huntr
