|j|☆lebronthegoat23
|j|☆CutestEduck1
|t:|1743782923
|gametype|singles
|player|p1|lebronthegoat23|hilda|1406
|player|p2|CutestEduck1|dawn-gen4pt|1433
|teamsize|p1|6
|teamsize|p2|6
|gen|9
|tier|[Gen 9] OU
|rated|
|rule|HP Percentage Mod: HP is shown in percentages
|rule|Endless Battle Clause: Forcing endless battles is banned
|rule|Species Clause: Limit one of each Pokémon
|rule|OHKO Clause: OHKO moves are banned
|rule|Evasion Items Clause: Evasion items are banned
|rule|Evasion Moves Clause: Evasion moves are banned
|rule|Sleep Moves Clause: Sleep-inducing moves are banned
|clearpoke
|poke|p1|Blissey, F|
|poke|p1|Dondozo, F|
|poke|p1|Corviknight, F|
|poke|p1|Sandy Shocks|
|poke|p1|Samurott-Hisui, M|
|poke|p1|Zamazenta-*|
|poke|p2|Meowscarada, M|
|poke|p2|Latios, M|
|poke|p2|Pecharunt|
|poke|p2|Tinkaton, F|
|poke|p2|Samurott-Hisui, F|
|poke|p2|Great Tusk|
|teampreview
|inactive|Battle timer is ON: inactive players will automatically lose when time's up. (requested by CutestEduck1)
|
|t:|1743782933
|start
|switch|p1a: Sandy Shocks|Sandy Shocks|100/100
|switch|p2a: Tinkaton|Tinkaton, F|100/100
|-ability|p2a: Tinkaton|Mold Breaker
|-item|p2a: Tinkaton|Air Balloon
|turn|1
|
|t:|1743782938
|move|p1a: Sandy Shocks|Volt Switch|p2a: Tinkaton
|-damage|p2a: Tinkaton|55/100
|-enditem|p2a: Tinkaton|Air Balloon
|
|t:|1743782945
|-end|p1a: Sandy Shocks|Protosynthesis|[silent]
|switch|p1a: Corviknight|Corviknight, F|100/100|[from] Volt Switch
|-ability|p1a: Corviknight|Pressure
|move|p2a: Tinkaton|Stealth Rock|p1a: Corviknight
|-sidestart|p1: lebronthegoat23|move: Stealth Rock
|
|upkeep
|turn|2
|
|t:|1743782950
|move|p2a: Tinkaton|Thunder Wave|p1a: Corviknight
|-status|p1a: Corviknight|par
|move|p1a: Corviknight|Defog|p2a: Tinkaton
|-unboost|p2a: Tinkaton|evasion|1
|-sideend|p1: lebronthegoat23|Stealth Rock|[from] move: Defog|[of] p1a: Corviknight
|
|upkeep
|turn|3
|
|t:|1743782954
|move|p2a: Tinkaton|Encore|p1a: Corviknight
|-start|p1a: Corviknight|Encore
|move|p1a: Corviknight|Defog|p2a: Tinkaton
|-unboost|p2a: Tinkaton|evasion|1
|
|upkeep
|turn|4
|
|t:|1743782957
|switch|p1a: Sandy Shocks|Sandy Shocks|100/100
|move|p2a: Tinkaton|Stealth Rock|p1a: Sandy Shocks
|-sidestart|p1: lebronthegoat23|move: Stealth Rock
|
|upkeep
|turn|5
|
|t:|1743782965
|switch|p2a: Meowscarada|Meowscarada, M|100/100
|move|p1a: Sandy Shocks|Thunderbolt|p2a: Meowscarada
|-resisted|p2a: Meowscarada
|-damage|p2a: Meowscarada|47/100
|
|upkeep
|turn|6
|
|t:|1743782978
|-end|p1a: Sandy Shocks|Protosynthesis|[silent]
|switch|p1a: Corviknight|Corviknight, F|100/100 par
|-damage|p1a: Corviknight|88/100 par|[from] Stealth Rock
|-ability|p1a: Corviknight|Pressure
|move|p2a: Meowscarada|Triple Axel|p1a: Corviknight
|-start|p2a: Meowscarada|typechange|Ice|[from] ability: Protean
|-damage|p1a: Corviknight|82/100 par
|-damage|p2a: Meowscarada|30/100|[from] item: Rocky Helmet|[of] p1a: Corviknight
|-damage|p1a: Corviknight|71/100 par
|-damage|p2a: Meowscarada|14/100|[from] item: Rocky Helmet|[of] p1a: Corviknight
|-damage|p1a: Corviknight|55/100 par
|-damage|p2a: Meowscarada|0 fnt|[from] item: Rocky Helmet|[of] p1a: Corviknight
|faint|p2a: Meowscarada
|-hitcount|p1a: Corviknight|3
|
|upkeep
|
|t:|1743782988
|switch|p2a: Samurott|Samurott-Hisui, F|100/100
|turn|7
|
|t:|1743782995
|move|p2a: Samurott|Aqua Cutter|p1a: Corviknight
|-damage|p1a: Corviknight|26/100 par
|move|p1a: Corviknight|Roost|p1a: Corviknight
|-heal|p1a: Corviknight|76/100 par
|-singleturn|p1a: Corviknight|move: Roost
|
|upkeep
|turn|8
|
|t:|1743782999
|move|p2a: Samurott|Aqua Cutter|p1a: Corviknight
|-damage|p1a: Corviknight|48/100 par
|move|p1a: Corviknight|Body Press|p2a: Samurott
|-supereffective|p2a: Samurott
|-crit|p2a: Samurott
|-damage|p2a: Samurott|6/100
|
|upkeep
|turn|9
|
|t:|1743783004
|switch|p2a: Pecharunt|Pecharunt|100/100
|cant|p1a: Corviknight|par
|
|upkeep
|turn|10
|
|t:|1743783006
|move|p2a: Pecharunt|Parting Shot|p1a: Corviknight
|-unboost|p1a: Corviknight|atk|1
|-unboost|p1a: Corviknight|spa|1
|
|t:|1743783010
|switch|p2a: Latios|Latios, M|100/100|[from] Parting Shot
|move|p1a: Corviknight|Roost|p1a: Corviknight
|-heal|p1a: Corviknight|98/100 par
|-singleturn|p1a: Corviknight|move: Roost
|
|upkeep
|turn|11
|
|t:|1743783014
|switch|p1a: Blissey|Blissey, F|100/100
|move|p2a: Latios|Thunderbolt|p1a: Blissey
|-damage|p1a: Blissey|86/100
|
|upkeep
|turn|12
|
|t:|1743783016
|switch|p2a: Pecharunt|Pecharunt|100/100
|move|p1a: Blissey|Seismic Toss|p2a: Pecharunt
|-immune|p2a: Pecharunt
|
|upkeep
|turn|13
|
|t:|1743783021
|move|p2a: Pecharunt|Malignant Chain|p1a: Blissey
|-damage|p1a: Blissey|77/100
|move|p1a: Blissey|Shadow Ball|p2a: Pecharunt
|-supereffective|p2a: Pecharunt
|-damage|p2a: Pecharunt|72/100
|
|upkeep
|turn|14
|
|t:|1743783026
|move|p2a: Pecharunt|Malignant Chain|p1a: Blissey
|-damage|p1a: Blissey|68/100
|move|p1a: Blissey|Shadow Ball|p2a: Pecharunt
|-supereffective|p2a: Pecharunt
|-damage|p2a: Pecharunt|43/100
|-unboost|p2a: Pecharunt|spd|1
|
|upkeep
|turn|15
|
|t:|1743783033
|move|p2a: Pecharunt|Recover|p2a: Pecharunt
|-heal|p2a: Pecharunt|93/100
|move|p1a: Blissey|Heal Bell|p1a: Blissey
|-activate|p1a: Blissey|move: Heal Bell
|-curestatus|p1: Corviknight|par|[msg]
|
|upkeep
|turn|16
|
|t:|1743783038
|move|p2a: Pecharunt|Parting Shot|p1a: Blissey
|-unboost|p1a: Blissey|atk|1
|-unboost|p1a: Blissey|spa|1
|
|t:|1743783043
|switch|p2a: Latios|Latios, M|100/100|[from] Parting Shot
|move|p1a: Blissey|Shadow Ball|p2a: Latios
|-supereffective|p2a: Latios
|-damage|p2a: Latios|79/100
|
|upkeep
|turn|17
|
|t:|1743783048
|move|p2a: Latios|Trick|p1a: Blissey
|-activate|p2a: Latios|move: Trick|[of] p1a: Blissey
|-item|p1a: Blissey|Choice Specs|[from] move: Trick
|-item|p2a: Latios|Heavy-Duty Boots|[from] move: Trick
|move|p1a: Blissey|Seismic Toss|p2a: Latios
|-damage|p2a: Latios|45/100
|
|upkeep
|turn|18
|
|t:|1743783052
|switch|p2a: Pecharunt|Pecharunt|93/100
|move|p1a: Blissey|Seismic Toss|p2a: Pecharunt
|-immune|p2a: Pecharunt
|
|upkeep
|turn|19
|
|t:|1743783057
|switch|p1a: Corviknight|Corviknight, F|98/100
|-damage|p1a: Corviknight|85/100|[from] Stealth Rock
|-ability|p1a: Corviknight|Pressure
|move|p2a: Pecharunt|Malignant Chain|p1a: Corviknight
|-immune|p1a: Corviknight
|
|upkeep
|turn|20
|
|t:|1743783061
|switch|p1a: Blissey|Blissey, F|68/100
|-damage|p1a: Blissey|55/100|[from] Stealth Rock
|move|p2a: Pecharunt|Parting Shot|p1a: Blissey
|-unboost|p1a: Blissey|atk|1
|-unboost|p1a: Blissey|spa|1
|
|t:|1743783063
|switch|p2a: Samurott|Samurott-Hisui, F|6/100|[from] Parting Shot
|
|upkeep
|turn|21
|
|t:|1743783068
|switch|p2a: Latios|Latios, M|45/100
|switch|p1a: Corviknight|Corviknight, F|85/100
|-damage|p1a: Corviknight|73/100|[from] Stealth Rock
|-ability|p1a: Corviknight|Pressure
|
|upkeep
|turn|22
|
|t:|1743783076
|move|p2a: Latios|Luster Purge|p1a: Corviknight
|-resisted|p1a: Corviknight
|-damage|p1a: Corviknight|45/100
|move|p1a: Corviknight|U-turn|p2a: Latios
|-supereffective|p2a: Latios
|-damage|p2a: Latios|5/100
|
|t:|1743783083
|switch|p1a: Samurott|Samurott-Hisui, M|100/100|[from] U-turn
|-damage|p1a: Samurott|88/100|[from] Stealth Rock
|
|upkeep
|turn|23
|
|t:|1743783089
|move|p1a: Samurott|Ceaseless Edge|p2a: Latios|[miss]
|-miss|p1a: Samurott|p2a: Latios
|move|p2a: Latios|Thunderbolt|p1a: Samurott
|-supereffective|p1a: Samurott
|-damage|p1a: Samurott|0 fnt
|faint|p1a: Samurott
|
|upkeep
|c|☆lebronthegoat23|ok
|c|☆lebronthegoat23|so fun
|c|☆CutestEduck1|it do be like that
|
|t:|1743783102
|switch|p1a: Zamazenta|Zamazenta|100/100
|-damage|p1a: Zamazenta|94/100|[from] Stealth Rock
|-ability|p1a: Zamazenta|Dauntless Shield|boost
|-boost|p1a: Zamazenta|def|1
|turn|24
|c|☆lebronthegoat23|stfuy
|
|t:|1743783107
|switch|p2a: Pecharunt|Pecharunt|93/100
|move|p1a: Zamazenta|Crunch|p2a: Pecharunt
|-supereffective|p2a: Pecharunt
|-damage|p2a: Pecharunt|66/100
|-unboost|p2a: Pecharunt|def|1
|
|-heal|p1a: Zamazenta|100/100|[from] item: Leftovers
|upkeep
|turn|25
|c|☆lebronthegoat23|btch
|c|☆lebronthegoat23|ive been doing ts
|c|☆lebronthegoat23|all fukn day
|c|☆lebronthegoat23|fukn dumbash
|
|t:|1743783121
|move|p1a: Zamazenta|Substitute|p1a: Zamazenta
|-start|p1a: Zamazenta|Substitute
|-damage|p1a: Zamazenta|76/100
|move|p2a: Pecharunt|Malignant Chain|p1a: Zamazenta
|-end|p1a: Zamazenta|Substitute
|
|-heal|p1a: Zamazenta|82/100|[from] item: Leftovers
|upkeep
|turn|26
|
|t:|1743783133
|move|p1a: Zamazenta|Substitute|p1a: Zamazenta
|-start|p1a: Zamazenta|Substitute
|-damage|p1a: Zamazenta|57/100
|move|p2a: Pecharunt|Malignant Chain|p1a: Zamazenta
|-end|p1a: Zamazenta|Substitute
|
|-heal|p1a: Zamazenta|63/100|[from] item: Leftovers
|upkeep
|turn|27
|
|t:|1743783139
|switch|p1a: Corviknight|Corviknight, F|45/100
|-damage|p1a: Corviknight|33/100|[from] Stealth Rock
|-ability|p1a: Corviknight|Pressure
|move|p2a: Pecharunt|Malignant Chain|p1a: Corviknight
|-immune|p1a: Corviknight
|
|upkeep
|turn|28
|
|t:|1743783142
|move|p2a: Pecharunt|Parting Shot|p1a: Corviknight
|-unboost|p1a: Corviknight|atk|1
|-unboost|p1a: Corviknight|spa|1
|
|t:|1743783145
|switch|p2a: Latios|Latios, M|5/100|[from] Parting Shot
|move|p1a: Corviknight|Roost|p1a: Corviknight
|-heal|p1a: Corviknight|83/100
|-singleturn|p1a: Corviknight|move: Roost
|
|upkeep
|turn|29
|
|t:|1743783148
|switch|p1a: Blissey|Blissey, F|55/100
|-damage|p1a: Blissey|43/100|[from] Stealth Rock
|move|p2a: Latios|Thunderbolt|p1a: Blissey
|-damage|p1a: Blissey|34/100
|
|upkeep
|turn|30
|
|t:|1743783157
|move|p2a: Latios|Luster Purge|p1a: Blissey
|-damage|p1a: Blissey|18/100
|-unboost|p1a: Blissey|spd|1
|move|p1a: Blissey|Soft-Boiled|p1a: Blissey
|-heal|p1a: Blissey|68/100
|
|upkeep
|turn|31
|
|t:|1743783160
|move|p2a: Latios|Luster Purge|p1a: Blissey
|-damage|p1a: Blissey|46/100
|-unboost|p1a: Blissey|spd|1
|move|p1a: Blissey|Soft-Boiled|p1a: Blissey
|-heal|p1a: Blissey|96/100
|
|upkeep
|turn|32
|
|t:|1743783164
|switch|p1a: Corviknight|Corviknight, F|83/100
|-damage|p1a: Corviknight|71/100|[from] Stealth Rock
|-ability|p1a: Corviknight|Pressure
|move|p2a: Latios|Luster Purge|p1a: Corviknight
|-resisted|p1a: Corviknight
|-damage|p1a: Corviknight|47/100
|-unboost|p1a: Corviknight|spd|1
|
|upkeep
|turn|33
|
|t:|1743783168
|switch|p1a: Blissey|Blissey, F|96/100
|-damage|p1a: Blissey|83/100|[from] Stealth Rock
|move|p2a: Latios|Thunderbolt|p1a: Blissey
|-damage|p1a: Blissey|73/100
|
|upkeep
|turn|34
|
|t:|1743783173
|switch|p2a: Pecharunt|Pecharunt|66/100
|move|p1a: Blissey|Shadow Ball|p2a: Pecharunt
|-supereffective|p2a: Pecharunt
|-damage|p2a: Pecharunt|24/100
|
|upkeep
|turn|35
|
|t:|1743783181
|switch|p2a: Tinkaton|Tinkaton, F|55/100
|-ability|p2a: Tinkaton|Mold Breaker
|move|p1a: Blissey|Shadow Ball|p2a: Tinkaton
|-damage|p2a: Tinkaton|37/100
|
|upkeep
|turn|36
|
|t:|1743783187
|switch|p1a: Corviknight|Corviknight, F|47/100
|-damage|p1a: Corviknight|34/100|[from] Stealth Rock
|-ability|p1a: Corviknight|Pressure
|move|p2a: Tinkaton|Gigaton Hammer|p1a: Corviknight
|-resisted|p1a: Corviknight
|-damage|p1a: Corviknight|22/100
|
|upkeep
|turn|37
|
|t:|1743783192
|move|p2a: Tinkaton|Thunder Wave|p1a: Corviknight
|-status|p1a: Corviknight|par
|move|p1a: Corviknight|Roost|p1a: Corviknight
|-heal|p1a: Corviknight|72/100 par
|-singleturn|p1a: Corviknight|move: Roost
|
|upkeep
|turn|38
|
|t:|1743783200
|switch|p1a: Sandy Shocks|Sandy Shocks|100/100
|-damage|p1a: Sandy Shocks|94/100|[from] Stealth Rock
|move|p2a: Tinkaton|Encore||[still]
|-fail|p2a: Tinkaton
|
|upkeep
|turn|39
|
|t:|1743783203
|switch|p2a: Great Tusk|Great Tusk|100/100
|move|p1a: Sandy Shocks|Volt Switch|p2a: Great Tusk
|-immune|p2a: Great Tusk
|
|upkeep
|turn|40
|
|t:|1743783210
|-end|p1a: Sandy Shocks|Protosynthesis|[silent]
|switch|p1a: Corviknight|Corviknight, F|72/100 par
|-damage|p1a: Corviknight|60/100 par|[from] Stealth Rock
|-ability|p1a: Corviknight|Pressure
|move|p2a: Great Tusk|Rapid Spin|p1a: Corviknight
|-resisted|p1a: Corviknight
|-damage|p1a: Corviknight|55/100 par
|-boost|p2a: Great Tusk|spe|1
|-damage|p2a: Great Tusk|84/100|[from] item: Rocky Helmet|[of] p1a: Corviknight
|
|upkeep
|turn|41
|
|t:|1743783221
|-end|p2a: Great Tusk|Protosynthesis|[silent]
|switch|p2a: Pecharunt|Pecharunt|24/100
|move|p1a: Corviknight|U-turn|p2a: Pecharunt
|-resisted|p2a: Pecharunt
|-damage|p2a: Pecharunt|22/100
|
|t:|1743783225
|switch|p1a: Blissey|Blissey, F|73/100|[from] U-turn
|-damage|p1a: Blissey|60/100|[from] Stealth Rock
|
|upkeep
|turn|42
|
|t:|1743783238
|switch|p2a: Latios|Latios, M|5/100
|move|p1a: Blissey|Shadow Ball|p2a: Latios
|-supereffective|p2a: Latios
|-damage|p2a: Latios|0 fnt
|faint|p2a: Latios
|
|upkeep
|
|t:|1743783240
|switch|p2a: Samurott|Samurott-Hisui, F|6/100
|turn|43
|
|t:|1743783243
|switch|p1a: Dondozo|Dondozo, F|100/100
|-damage|p1a: Dondozo|88/100|[from] Stealth Rock
|move|p2a: Samurott|Ceaseless Edge|p1a: Dondozo
|-damage|p1a: Dondozo|67/100
|-sidestart|p1: lebronthegoat23|Spikes
|
|-heal|p1a: Dondozo|73/100|[from] item: Leftovers
|upkeep
|turn|44
|
|t:|1743783247
|move|p2a: Samurott|Flip Turn|p1a: Dondozo
|-resisted|p1a: Dondozo
|-damage|p1a: Dondozo|67/100
|
|t:|1743783250
|switch|p2a: Pecharunt|Pecharunt|22/100|[from] Flip Turn
|move|p1a: Dondozo|Wave Crash|p2a: Pecharunt
|-damage|p2a: Pecharunt|0 fnt
|faint|p2a: Pecharunt
|-damage|p1a: Dondozo|62/100|[from] Recoil
|
|-heal|p1a: Dondozo|68/100|[from] item: Leftovers
|upkeep
|
|t:|1743783256
|switch|p2a: Tinkaton|Tinkaton, F|37/100
|-ability|p2a: Tinkaton|Mold Breaker
|turn|45
|
|t:|1743783263
|move|p2a: Tinkaton|Thunder Wave|p1a: Dondozo
|-status|p1a: Dondozo|par
|move|p1a: Dondozo|Curse|p1a: Dondozo
|-unboost|p1a: Dondozo|spe|1
|-boost|p1a: Dondozo|atk|1
|-boost|p1a: Dondozo|def|1
|
|-heal|p1a: Dondozo|74/100 par|[from] item: Leftovers
|upkeep
|turn|46
|
|t:|1743783266
|switch|p1a: Corviknight|Corviknight, F|55/100 par
|-damage|p1a: Corviknight|43/100 par|[from] Stealth Rock
|-ability|p1a: Corviknight|Pressure
|move|p2a: Tinkaton|Encore||[still]
|-fail|p2a: Tinkaton
|
|upkeep
|turn|47
|
|t:|1743783272
|move|p2a: Tinkaton|Gigaton Hammer|p1a: Corviknight
|-resisted|p1a: Corviknight
|-damage|p1a: Corviknight|31/100 par
|move|p1a: Corviknight|Defog|p2a: Tinkaton
|-unboost|p2a: Tinkaton|evasion|1
|-sideend|p1: lebronthegoat23|Spikes|[from] move: Defog|[of] p1a: Corviknight
|-sideend|p1: lebronthegoat23|Stealth Rock|[from] move: Defog|[of] p1a: Corviknight
|
|upkeep
|turn|48
|
|t:|1743783281
|switch|p1a: Dondozo|Dondozo, F|74/100 par
|move|p2a: Tinkaton|Stealth Rock|p1a: Dondozo
|-sidestart|p1: lebronthegoat23|move: Stealth Rock
|
|-heal|p1a: Dondozo|80/100 par|[from] item: Leftovers
|upkeep
|turn|49
|
|t:|1743783290
|move|p2a: Tinkaton|Gigaton Hammer|p1a: Dondozo
|-resisted|p1a: Dondozo
|-damage|p1a: Dondozo|71/100 par
|move|p1a: Dondozo|Curse|p1a: Dondozo
|-unboost|p1a: Dondozo|spe|1
|-boost|p1a: Dondozo|atk|1
|-boost|p1a: Dondozo|def|1
|
|-heal|p1a: Dondozo|77/100 par|[from] item: Leftovers
|upkeep
|turn|50
|
|t:|1743783297
|switch|p1a: Zamazenta|Zamazenta|63/100
|-damage|p1a: Zamazenta|57/100|[from] Stealth Rock
|move|p2a: Tinkaton|Encore||[still]
|-fail|p2a: Tinkaton
|
|-heal|p1a: Zamazenta|63/100|[from] item: Leftovers
|upkeep
|turn|51
|
|t:|1743783299
|move|p1a: Zamazenta|Substitute|p1a: Zamazenta
|-start|p1a: Zamazenta|Substitute
|-damage|p1a: Zamazenta|38/100
|move|p2a: Tinkaton|Thunder Wave||[still]
|-fail|p2a: Tinkaton
|
|-heal|p1a: Zamazenta|44/100|[from] item: Leftovers
|upkeep
|turn|52
|
|t:|1743783303
|move|p1a: Zamazenta|Body Press|p2a: Tinkaton
|-damage|p2a: Tinkaton|0 fnt
|faint|p2a: Tinkaton
|
|-heal|p1a: Zamazenta|50/100|[from] item: Leftovers
|upkeep
|
|t:|1743783306
|switch|p2a: Great Tusk|Great Tusk|84/100
|turn|53
|
|t:|1743783310
|move|p1a: Zamazenta|Iron Defense|p1a: Zamazenta
|-boost|p1a: Zamazenta|def|2
|move|p2a: Great Tusk|Ice Spinner|p1a: Zamazenta
|-activate|p1a: Zamazenta|move: Substitute|[damage]
|
|-heal|p1a: Zamazenta|57/100|[from] item: Leftovers
|upkeep
|turn|54
|
|t:|1743783312
|move|p1a: Zamazenta|Iron Defense|p1a: Zamazenta
|-boost|p1a: Zamazenta|def|2
|move|p2a: Great Tusk|Rapid Spin|p1a: Zamazenta
|-activate|p1a: Zamazenta|move: Substitute|[damage]
|-boost|p2a: Great Tusk|spe|1
|
|-heal|p1a: Zamazenta|63/100|[from] item: Leftovers
|upkeep
|turn|55
|-message|CutestEduck1 forfeited.
|
|win|lebronthegoat23
