|j|☆Rayno2
|j|☆Thelastdudemanpp
|t:|1743786121
|gametype|singles
|player|p1|Rayno2|2|1132
|player|p2|Thelastdudemanpp|wattson|1205
|teamsize|p1|6
|teamsize|p2|6
|gen|9
|tier|[Gen 9] OU
|rated|
|rule|HP Percentage Mod: HP is shown in percentages
|rule|Endless Battle Clause: Forcing endless battles is banned
|rule|Species Clause: Limit one of each Pokémon
|rule|OHKO Clause: OHKO moves are banned
|rule|Evasion Items Clause: Evasion items are banned
|rule|Evasion Moves Clause: Evasion moves are banned
|rule|Sleep Moves Clause: Sleep-inducing moves are banned
|clearpoke
|poke|p1|Galvantula, F|
|poke|p1|Regirock|
|poke|p1|Dragapult, F|
|poke|p1|Enamorus, F|
|poke|p1|Great Tusk|
|poke|p1|Iron Moth|
|poke|p2|Komala, M|
|poke|p2|Great Tusk|
|poke|p2|Scizor, M|
|poke|p2|Comfey, F|
|poke|p2|Salazzle, F|
|poke|p2|Mew|
|teampreview
|inactive|Battle timer is ON: inactive players will automatically lose when time's up. (requested by Thelastdudemanpp)
|
|t:|1743786140
|start
|switch|p1a: Galvantula|Galvantula, F|100/100
|switch|p2a: Iron Scissors|Scizor, M|100/100
|turn|1
|
|t:|1743786160
|move|p1a: Galvantula|Thunder Wave|p2a: Iron Scissors
|-status|p2a: Iron Scissors|par
|move|p2a: Iron Scissors|U-turn|p1a: Galvantula
|-damage|p1a: Galvantula|26/100
|
|t:|1743786167
|switch|p2a: Dave|Komala, M|100/100|[from] U-turn
|-ability|p2a: Dave|Comatose
|
|upkeep
|turn|2
|
|t:|1743786175
|switch|p1a: Regirock|Regirock|100/100
|move|p2a: Dave|Rapid Spin|p1a: Regirock
|-resisted|p1a: Regirock
|-damage|p1a: Regirock|93/100
|-boost|p2a: Dave|spe|1
|
|upkeep
|turn|3
|inactive|Thelastdudemanpp has 120 seconds left.
|inactive|Thelastdudemanpp has 90 seconds left.
|
|t:|1743786243
|switch|p2a: Iron Scissors|Scizor, M|100/100 par
|move|p1a: Regirock|Iron Defense|p1a: Regirock
|-boost|p1a: Regirock|def|2
|
|upkeep
|turn|4
|
|t:|1743786253
|cant|p2a: Iron Scissors|par
|move|p1a: Regirock|Iron Defense|p1a: Regirock
|-boost|p1a: Regirock|def|2
|
|upkeep
|turn|5
|
|t:|1743786261
|cant|p2a: Iron Scissors|par
|move|p1a: Regirock|Iron Defense|p1a: Regirock
|-boost|p1a: Regirock|def|2
|
|upkeep
|turn|6
|
|t:|1743786267
|move|p2a: Iron Scissors|Bullet Punch|p1a: Regirock
|-supereffective|p1a: Regirock
|-damage|p1a: Regirock|81/100
|move|p1a: Regirock|Body Press|p2a: Iron Scissors
|-damage|p2a: Iron Scissors|0 fnt
|faint|p2a: Iron Scissors
|
|upkeep
|
|t:|1743786281
|switch|p2a: Lizard Economy|Salazzle, F|100/100
|turn|7
|
|t:|1743786286
|move|p2a: Lizard Economy|Will-O-Wisp|p1a: Regirock|[miss]
|-miss|p2a: Lizard Economy|p1a: Regirock
|move|p1a: Regirock|Thunder Wave|p2a: Lizard Economy
|-status|p2a: Lizard Economy|par
|
|upkeep
|turn|8
|
|t:|1743786295
|cant|p2a: Lizard Economy|par
|move|p1a: Regirock|Body Press|p2a: Lizard Economy
|-resisted|p2a: Lizard Economy
|-damage|p2a: Lizard Economy|0 fnt
|faint|p2a: Lizard Economy
|
|upkeep
|-message|Thelastdudemanpp forfeited.
|
|win|Rayno2
|raw|Rayno2's rating: 1132 &rarr; <strong>1162</strong><br />(+30 for winning)
|raw|Thelastdudemanpp's rating: 1205 &rarr; <strong>1175</strong><br />(-30 for losing)
|l|☆Thelastdudemanpp
|player|p2|
|l|☆Rayno2
|player|p1|
