|j|☆Ml26
|j|☆SGT89
|t:|1743900369
|gametype|singles
|player|p1|Ml26|1|1394
|player|p2|SGT89|collector|1402
|teamsize|p1|6
|teamsize|p2|6
|gen|9
|tier|[Gen 9] OU
|rated|
|rule|HP Percentage Mod: HP is shown in percentages
|rule|Endless Battle Clause: Forcing endless battles is banned
|rule|Species Clause: Limit one of each Pokémon
|rule|OHKO Clause: OHKO moves are banned
|rule|Evasion Items Clause: Evasion items are banned
|rule|Evasion Moves Clause: Evasion moves are banned
|rule|Sleep Moves Clause: Sleep-inducing moves are banned
|clearpoke
|poke|p1|Great Tusk|
|poke|p1|Zapdos|
|poke|p1|Meowscarada, F|
|poke|p1|Kingambit, F|
|poke|p1|Dragapult, F|
|poke|p1|Clefable, F|
|poke|p2|Bellibolt, M|
|poke|p2|Basculegion, M|
|poke|p2|Dragonite, M|
|poke|p2|Iron Treads|
|poke|p2|Barraskewda, M|
|poke|p2|Pelipper, F|
|teampreview
|inactive|Battle timer is ON: inactive players will automatically lose when time's up. (requested by SGT89)
|
|t:|1743900393
|start
|switch|p1a: Zapdos|Zapdos|100/100
|switch|p2a: Basculegion|Basculegion, M|100/100
|turn|1
|
|t:|1743900400
|move|p1a: Zapdos|Volt Switch|p2a: Basculegion
|-supereffective|p2a: Basculegion
|-damage|p2a: Basculegion|34/100
|
|t:|1743900412
|switch|p1a: Kingambit|Kingambit, F|100/100|[from] Volt Switch
|-item|p1a: Kingambit|Air Balloon
|move|p2a: Basculegion|Wave Crash|p1a: Kingambit
|-damage|p1a: Kingambit|2/100
|-enditem|p1a: Kingambit|Air Balloon
|-damage|p2a: Basculegion|4/100|[from] Recoil
|
|upkeep
|turn|2
|
|t:|1743900425
|switch|p2a: Pelipper|Pelipper, F|100/100
|-weather|RainDance|[from] ability: Drizzle|[of] p2a: Pelipper
|move|p1a: Kingambit|Kowtow Cleave|p2a: Pelipper
|-damage|p2a: Pelipper|60/100
|
|-weather|RainDance|[upkeep]
|upkeep
|turn|3
|
|t:|1743900435
|move|p1a: Kingambit|Swords Dance|p1a: Kingambit
|-boost|p1a: Kingambit|atk|2
|move|p2a: Pelipper|U-turn|p1a: Kingambit
|-crit|p1a: Kingambit
|-damage|p1a: Kingambit|0 fnt
|faint|p1a: Kingambit
|-end|p1a: Kingambit|fallenundefined|[silent]
|
|t:|1743900447
|switch|p2a: Basculegion|Basculegion, M|4/100|[from] U-turn
|
|-weather|RainDance|[upkeep]
|upkeep
|inactive|Ml26 has 120 seconds left.
|
|t:|1743900483
|switch|p1a: Zapdos|Zapdos|100/100
|turn|4
|inactive|Ml26 has 120 seconds left.
|
|t:|1743900489
|move|p2a: Basculegion|Aqua Jet|p1a: Zapdos
|-damage|p1a: Zapdos|42/100
|move|p1a: Zapdos|Hurricane|p2a: Basculegion
|-damage|p2a: Basculegion|0 fnt
|faint|p2a: Basculegion
|
|-weather|RainDance|[upkeep]
|upkeep
|
|t:|1743900501
|switch|p2a: Iron Treads|Iron Treads|100/100
|turn|5
|inactive|Ml26 has 120 seconds left.
|
|t:|1743900519
|switch|p1a: Clefable|Clefable, F|100/100
|-end|p2a: Iron Treads|Quark Drive|[silent]
|switch|p2a: Bellibolt|Bellibolt, M, shiny|100/100
|
|-weather|RainDance|[upkeep]
|upkeep
|turn|6
|
|t:|1743900529
|move|p1a: Clefable|Stealth Rock|p2a: Bellibolt
|-sidestart|p2: SGT89|move: Stealth Rock
|move|p2a: Bellibolt|Weather Ball|p1a: Clefable
|-damage|p1a: Clefable|70/100
|
|-weather|RainDance|[upkeep]
|-heal|p1a: Clefable|76/100|[from] item: Leftovers
|upkeep
|turn|7
|
|t:|1743900538
|move|p1a: Clefable|Moonblast|p2a: Bellibolt
|-damage|p2a: Bellibolt|80/100
|-start|p2a: Bellibolt|Charge|Moonblast|[from] ability: Electromorphosis
|move|p2a: Bellibolt|Thunder|p1a: Clefable
|-damage|p1a: Clefable|7/100
|-status|p1a: Clefable|par
|-end|p2a: Bellibolt|Charge|[silent]
|
|-weather|RainDance|[upkeep]
|-heal|p1a: Clefable|13/100 par|[from] item: Leftovers
|upkeep
|turn|8
|
|t:|1743900552
|switch|p2a: Iron Treads|Iron Treads|100/100
|-damage|p2a: Iron Treads|98/100|[from] Stealth Rock
|move|p1a: Clefable|Moonblast|p2a: Iron Treads
|-resisted|p2a: Iron Treads
|-damage|p2a: Iron Treads|78/100
|-enditem|p2a: Iron Treads|Eject Button
|
|t:|1743900561
|-end|p2a: Iron Treads|Quark Drive|[silent]
|switch|p2a: Barraskewda|Barraskewda, M|100/100
|-damage|p2a: Barraskewda|88/100|[from] Stealth Rock
|
|-weather|RainDance|[upkeep]
|-heal|p1a: Clefable|19/100 par|[from] item: Leftovers
|upkeep
|turn|9
|
|t:|1743900569
|move|p2a: Barraskewda|Flip Turn|p1a: Clefable
|-damage|p1a: Clefable|0 fnt
|faint|p1a: Clefable
|
|t:|1743900579
|switch|p2a: Bellibolt|Bellibolt, M, shiny|80/100|[from] Flip Turn
|-damage|p2a: Bellibolt|67/100|[from] Stealth Rock
|
|-weather|none
|upkeep
|
|t:|1743900587
|switch|p1a: Dragapult|Dragapult, F|100/100
|turn|10
|
|t:|1743900594
|move|p1a: Dragapult|Substitute|p1a: Dragapult
|-start|p1a: Dragapult|Substitute
|-damage|p1a: Dragapult|76/100
|move|p2a: Bellibolt|Volt Switch|p1a: Dragapult
|-resisted|p1a: Dragapult
|-activate|p1a: Dragapult|move: Substitute|[damage]
|
|t:|1743900603
|switch|p2a: Pelipper|Pelipper, F|60/100|[from] Volt Switch
|-damage|p2a: Pelipper|35/100|[from] Stealth Rock
|-weather|RainDance|[from] ability: Drizzle|[of] p2a: Pelipper
|
|-weather|RainDance|[upkeep]
|-heal|p1a: Dragapult|82/100|[from] item: Leftovers
|upkeep
|turn|11
|
|t:|1743900613
|move|p1a: Dragapult|Dragon Darts|p2a: Pelipper
|-damage|p2a: Pelipper|19/100
|-anim|p1a: Dragapult|Dragon Darts|p2a: Pelipper
|-damage|p2a: Pelipper|3/100
|move|p2a: Pelipper|Hurricane|p1a: Dragapult
|-end|p1a: Dragapult|Substitute
|
|-weather|RainDance|[upkeep]
|-heal|p1a: Dragapult|88/100|[from] item: Leftovers
|upkeep
|turn|12
|
|t:|1743900633
|move|p1a: Dragapult|Hex|p2a: Pelipper
|-damage|p2a: Pelipper|0 fnt
|faint|p2a: Pelipper
|
|-weather|RainDance|[upkeep]
|-heal|p1a: Dragapult|94/100|[from] item: Leftovers
|upkeep
|
|t:|1743900641
|switch|p2a: Barraskewda|Barraskewda, M|88/100
|-damage|p2a: Barraskewda|76/100|[from] Stealth Rock
|turn|13
|
|t:|1743900659
|switch|p1a: Zapdos|Zapdos|42/100
|-terastallize|p2a: Barraskewda|Water
|move|p2a: Barraskewda|Liquidation|p1a: Zapdos
|-damage|p1a: Zapdos|0 fnt
|faint|p1a: Zapdos
|
|-weather|RainDance|[upkeep]
|upkeep
|
|t:|1743900677
|switch|p1a: Meowscarada|Meowscarada, F|100/100
|turn|14
|
|t:|1743900681
|move|p2a: Barraskewda|Liquidation|p1a: Meowscarada
|-resisted|p1a: Meowscarada
|-damage|p1a: Meowscarada|0 fnt
|faint|p1a: Meowscarada
|
|-weather|RainDance|[upkeep]
|upkeep
|
|t:|1743900691
|switch|p1a: Great Tusk|Great Tusk|100/100
|turn|15
|
|t:|1743900699
|move|p2a: Barraskewda|Liquidation|p1a: Great Tusk
|-supereffective|p1a: Great Tusk
|-damage|p1a: Great Tusk|0 fnt
|faint|p1a: Great Tusk
|-end|p1a: Great Tusk|Protosynthesis|[silent]
|
|-weather|RainDance|[upkeep]
|upkeep
|
|t:|1743900701
|switch|p1a: Dragapult|Dragapult, F|94/100
|turn|16
|
|t:|1743900708
|-terastallize|p1a: Dragapult|Ghost
|move|p2a: Barraskewda|Liquidation|p1a: Dragapult
|-damage|p1a: Dragapult|0 fnt
|faint|p1a: Dragapult
|
|win|SGT89
|raw|Ml26's rating: 1394 &rarr; <strong>1374</strong><br />(-20 for losing)
|raw|SGT89's rating: 1402 &rarr; <strong>1422</strong><br />(+20 for winning)
|l|☆Ml26
|player|p1|
