|j|☆riloid
|j|☆Panconprichas
|t:|1743876931
|gametype|singles
|player|p1|riloid|steven|1205
|player|p2|Panconprichas|dawn|1256
|teamsize|p1|6
|teamsize|p2|6
|gen|9
|tier|[Gen 9] OU
|rated|
|rule|HP Percentage Mod: HP is shown in percentages
|rule|Endless Battle Clause: Forcing endless battles is banned
|rule|Species Clause: Limit one of each Pokémon
|rule|OHKO Clause: OHKO moves are banned
|rule|Evasion Items Clause: Evasion items are banned
|rule|Evasion Moves Clause: Evasion moves are banned
|rule|Sleep Moves Clause: Sleep-inducing moves are banned
|clearpoke
|poke|p1|Snorlax, M|
|poke|p1|Meloetta|
|poke|p1|Porygon2|
|poke|p1|Dudunsparce-*, F|
|poke|p1|Ursaluna, F|
|poke|p1|Ditto|
|poke|p2|Garganacl, F|
|poke|p2|Dondozo, M|
|poke|p2|Alomomola, M|
|poke|p2|Walking Wake|
|poke|p2|Goodra-Hisui, M|
|poke|p2|Cyclizar, M|
|teampreview
|
|t:|1743876949
|start
|switch|p1a: witch|Meloetta|100/100
|switch|p2a: Alomomola|Alomomola, M|100/100
|turn|1
|
|t:|1743876956
|move|p1a: witch|Energy Ball|p2a: Alomomola
|-supereffective|p2a: Alomomola
|-damage|p2a: Alomomola|0 fnt
|faint|p2a: Alomomola
|
|upkeep
|
|t:|1743876965
|switch|p2a: Walking Wake|Walking Wake|100/100
|-enditem|p2a: Walking Wake|Booster Energy
|-activate|p2a: Walking Wake|ability: Protosynthesis|[fromitem]
|-start|p2a: Walking Wake|protosynthesisspa
|turn|2
|inactive|Battle timer is ON: inactive players will automatically lose when time's up. (requested by riloid)
|
|t:|1743876972
|move|p2a: Walking Wake|Dragon Pulse|p1a: witch
|-damage|p1a: witch|51/100
|move|p1a: witch|Energy Ball|p2a: Walking Wake
|-damage|p2a: Walking Wake|42/100
|
|upkeep
|turn|3
|
|t:|1743876985
|-end|p2a: Walking Wake|Protosynthesis|[silent]
|switch|p2a: Goodra|Goodra-Hisui, M, shiny|100/100
|move|p1a: witch|Energy Ball|p2a: Goodra
|-ability|p2a: Goodra|Sap Sipper|boost
|-boost|p2a: Goodra|atk|1
|
|upkeep
|turn|4
|
|t:|1743877007
|switch|p1a: Super Porygon|Porygon2, shiny|100/100
|-ability|p1a: Super Porygon|Sap Sipper|[from] ability: Trace|[of] p2a: Goodra
|move|p2a: Goodra|Ice Beam|p1a: Super Porygon
|-damage|p1a: Super Porygon|86/100
|
|upkeep
|turn|5
|inactive|riloid has 120 seconds left.
|
|t:|1743877028
|switch|p2a: Cyclizar|Cyclizar, M|100/100
|move|p1a: Super Porygon|Ice Beam|p2a: Cyclizar
|-supereffective|p2a: Cyclizar
|-damage|p2a: Cyclizar|13/100
|
|upkeep
|turn|6
|inactive|riloid has 120 seconds left.
|
|t:|1743877040
|move|p2a: Cyclizar|Knock Off|p1a: Super Porygon
|-damage|p1a: Super Porygon|73/100
|-enditem|p1a: Super Porygon|Eviolite|[from] move: Knock Off|[of] p2a: Cyclizar
|move|p1a: Super Porygon|Discharge|p2a: Cyclizar
|-resisted|p2a: Cyclizar
|-damage|p2a: Cyclizar|0 fnt
|faint|p2a: Cyclizar
|
|upkeep
|
|t:|1743877059
|switch|p2a: Walking Wake|Walking Wake|42/100
|turn|7
|
|t:|1743877068
|move|p2a: Walking Wake|Hydro Steam|p1a: Super Porygon
|-damage|p1a: Super Porygon|32/100
|move|p1a: Super Porygon|Discharge|p2a: Walking Wake
|-damage|p2a: Walking Wake|13/100
|
|upkeep
|turn|8
|
|t:|1743877086
|switch|p1a: Trap card|Ditto|100/100
|-transform|p1a: Trap card|p2a: Walking Wake|[from] ability: Imposter
|move|p2a: Walking Wake|Dragon Pulse|p1a: Trap card
|-supereffective|p1a: Trap card
|-damage|p1a: Trap card|0 fnt
|faint|p1a: Trap card
|-end|p1a: Trap card|Protosynthesis|[silent]
|
|upkeep
|
|t:|1743877099
|switch|p1a: game changer|Dudunsparce, F|100/100
|turn|9
|
|t:|1743877105
|move|p2a: Walking Wake|Dragon Pulse|p1a: game changer
|-damage|p1a: game changer|54/100
|move|p1a: game changer|Agility|p1a: game changer
|-boost|p1a: game changer|spe|2
|
|-heal|p1a: game changer|61/100|[from] item: Leftovers
|upkeep
|turn|10
|
|t:|1743877116
|move|p1a: game changer|Blizzard|p2a: Walking Wake|[miss]
|-miss|p1a: game changer|p2a: Walking Wake
|move|p2a: Walking Wake|Dragon Pulse|p1a: game changer
|-damage|p1a: game changer|16/100
|
|-heal|p1a: game changer|22/100|[from] item: Leftovers
|upkeep
|turn|11
|
|t:|1743877123
|move|p1a: game changer|Blizzard|p2a: Walking Wake
|-damage|p2a: Walking Wake|0 fnt
|faint|p2a: Walking Wake
|-end|p2a: Walking Wake|Protosynthesis|[silent]
|
|-heal|p1a: game changer|28/100|[from] item: Leftovers
|upkeep
|
|t:|1743877132
|switch|p2a: Dondozo|Dondozo, M|100/100
|turn|12
|
|t:|1743877137
|move|p1a: game changer|Air Slash|p2a: Dondozo
|-damage|p2a: Dondozo|78/100
|move|p2a: Dondozo|Waterfall|p1a: game changer
|-damage|p1a: game changer|2/100
|
|-heal|p1a: game changer|8/100|[from] item: Leftovers
|-heal|p2a: Dondozo|85/100|[from] item: Leftovers
|upkeep
|turn|13
|
|t:|1743877147
|move|p1a: game changer|Air Slash|p2a: Dondozo
|-damage|p2a: Dondozo|65/100
|cant|p2a: Dondozo|flinch
|
|-heal|p1a: game changer|14/100|[from] item: Leftovers
|-heal|p2a: Dondozo|71/100|[from] item: Leftovers
|upkeep
|turn|14
|
|t:|1743877154
|move|p1a: game changer|Air Slash|p2a: Dondozo
|-damage|p2a: Dondozo|51/100
|cant|p2a: Dondozo|flinch
|
|-heal|p1a: game changer|20/100|[from] item: Leftovers
|-heal|p2a: Dondozo|57/100|[from] item: Leftovers
|upkeep
|turn|15
|
|t:|1743877161
|move|p1a: game changer|Air Slash|p2a: Dondozo
|-damage|p2a: Dondozo|38/100
|cant|p2a: Dondozo|flinch
|
|-heal|p1a: game changer|27/100|[from] item: Leftovers
|-heal|p2a: Dondozo|44/100|[from] item: Leftovers
|upkeep
|turn|16
|
|t:|1743877171
|move|p1a: game changer|Air Slash|p2a: Dondozo|[miss]
|-miss|p1a: game changer|p2a: Dondozo
|move|p2a: Dondozo|Waterfall|p1a: game changer
|-damage|p1a: game changer|1/100
|
|-heal|p1a: game changer|7/100|[from] item: Leftovers
|-heal|p2a: Dondozo|50/100|[from] item: Leftovers
|upkeep
|turn|17
|
|t:|1743877178
|move|p1a: game changer|Air Slash|p2a: Dondozo
|-damage|p2a: Dondozo|28/100
|move|p2a: Dondozo|Waterfall|p1a: game changer
|-damage|p1a: game changer|0 fnt
|faint|p1a: game changer
|
|-heal|p2a: Dondozo|34/100|[from] item: Leftovers
|upkeep
|
|t:|1743877193
|switch|p1a: Super Porygon|Porygon2, shiny|32/100
|-ability|p1a: Super Porygon|Unaware|[from] ability: Trace|[of] p2a: Dondozo
|turn|18
|
|t:|1743877202
|move|p1a: Super Porygon|Discharge|p2a: Dondozo
|-supereffective|p2a: Dondozo
|-damage|p2a: Dondozo|0 fnt
|faint|p2a: Dondozo
|
|upkeep
|
|t:|1743877211
|switch|p2a: Garganacl|Garganacl, F, shiny|100/100
|turn|19
|inactive|riloid has 120 seconds left.
|
|t:|1743877243
|move|p1a: Super Porygon|Recover|p1a: Super Porygon
|-heal|p1a: Super Porygon|82/100
|move|p2a: Garganacl|Body Press|p1a: Super Porygon
|-supereffective|p1a: Super Porygon
|-damage|p1a: Super Porygon|18/100
|
|upkeep
|turn|20
|inactive|riloid has 120 seconds left.
|
|t:|1743877259
|switch|p1a: Redmoon|Ursaluna, F|100/100
|move|p2a: Garganacl|Salt Cure|p1a: Redmoon
|-resisted|p1a: Redmoon
|-damage|p1a: Redmoon|96/100
|-start|p1a: Redmoon|Salt Cure
|
|-damage|p1a: Redmoon|83/100|[from] Salt Cure
|-status|p1a: Redmoon|brn|[from] item: Flame Orb
|upkeep
|turn|21
|inactive|riloid has 120 seconds left.
|
|t:|1743877269
|move|p2a: Garganacl|Protect|p2a: Garganacl
|-singleturn|p2a: Garganacl|Protect
|move|p1a: Redmoon|Body Press|p2a: Garganacl
|-activate|p2a: Garganacl|move: Protect
|
|-damage|p1a: Redmoon|77/100 brn|[from] brn
|-damage|p1a: Redmoon|65/100 brn|[from] Salt Cure
|upkeep
|turn|22
|
|t:|1743877278
|-terastallize|p2a: Garganacl|Ghost
|move|p1a: Redmoon|Body Press|p2a: Garganacl
|-immune|p2a: Garganacl
|move|p2a: Garganacl|Body Press|p1a: Redmoon
|-supereffective|p1a: Redmoon
|-damage|p1a: Redmoon|19/100 brn
|
|-damage|p1a: Redmoon|13/100 brn|[from] brn
|-damage|p1a: Redmoon|1/100 brn|[from] Salt Cure
|upkeep
|turn|23
|inactive|riloid has 120 seconds left.
|
|t:|1743877311
|switch|p1a: witch|Meloetta|51/100
|move|p2a: Garganacl|Protect||[still]
|-fail|p2a: Garganacl
|
|upkeep
|turn|24
|
|t:|1743877317
|move|p2a: Garganacl|Protect|p2a: Garganacl
|-singleturn|p2a: Garganacl|Protect
|move|p1a: witch|Shadow Ball|p2a: Garganacl
|-activate|p2a: Garganacl|move: Protect
|
|upkeep
|turn|25
|
|t:|1743877324
|switch|p2a: Goodra|Goodra-Hisui, M, shiny|100/100
|move|p1a: witch|Shadow Ball|p2a: Goodra
|-damage|p2a: Goodra|86/100
|-unboost|p2a: Goodra|spd|1
|
|upkeep
|turn|26
|inactive|riloid has 120 seconds left.
|
|t:|1743877344
|switch|p1a: World|Snorlax, M, shiny|100/100
|move|p2a: Goodra|Flash Cannon|p1a: World
|-damage|p1a: World|82/100
|
|-heal|p1a: World|88/100|[from] item: Leftovers
|upkeep
|turn|27
|
|t:|1743877355
|switch|p2a: Garganacl|Garganacl, F, shiny, tera:Ghost|100/100
|move|p1a: World|Body Slam|p2a: Garganacl
|-immune|p2a: Garganacl
|
|-heal|p1a: World|94/100|[from] item: Leftovers
|upkeep
|turn|28
|inactive|riloid has 90 seconds left.
|
|t:|1743877385
|-terastallize|p1a: World|Ghost
|move|p2a: Garganacl|Body Press|p1a: World
|-immune|p1a: World
|move|p1a: World|Curse|p2a: Garganacl
|-start|p2a: Garganacl|Curse|[of] p1a: World
|-damage|p1a: World|44/100
|
|-heal|p1a: World|50/100|[from] item: Leftovers
|-damage|p2a: Garganacl|75/100|[from] Curse
|upkeep
|turn|29
|inactive|riloid has 90 seconds left.
|
|t:|1743877414
|switch|p2a: Goodra|Goodra-Hisui, M, shiny|86/100
|move|p1a: World|Rest|p1a: World
|-status|p1a: World|slp|[from] move: Rest
|-heal|p1a: World|100/100 slp|[silent]
|
|upkeep
|turn|30
|inactive|riloid has 90 seconds left.
|
|t:|1743877431
|switch|p2a: Garganacl|Garganacl, F, shiny, tera:Ghost|75/100
|cant|p1a: World|slp
|
|-heal|p2a: Garganacl|82/100|[from] item: Leftovers
|upkeep
|turn|31
|inactive|riloid has 90 seconds left.
|
|t:|1743877438
|move|p2a: Garganacl|Salt Cure|p1a: World
|-damage|p1a: World|87/100 slp
|-start|p1a: World|Salt Cure
|cant|p1a: World|slp
|
|-heal|p2a: Garganacl|88/100|[from] item: Leftovers
|-heal|p1a: World|93/100 slp|[from] item: Leftovers
|-damage|p1a: World|81/100 slp|[from] Salt Cure
|upkeep
|turn|32
|
|t:|1743877446
|move|p2a: Garganacl|Salt Cure|p1a: World
|-damage|p1a: World|68/100 slp
|-curestatus|p1a: World|slp|[msg]
|move|p1a: World|Heavy Slam|p2a: Garganacl
|-damage|p2a: Garganacl|81/100
|
|-heal|p2a: Garganacl|88/100|[from] item: Leftovers
|-heal|p1a: World|74/100|[from] item: Leftovers
|-damage|p1a: World|61/100|[from] Salt Cure
|upkeep
|turn|33
|inactive|riloid has 90 seconds left.
|
|t:|1743877490
|move|p2a: Garganacl|Protect|p2a: Garganacl
|-singleturn|p2a: Garganacl|Protect
|move|p1a: World|Curse|p2a: Garganacl
|-start|p2a: Garganacl|Curse|[of] p1a: World
|-damage|p1a: World|11/100
|
|-heal|p2a: Garganacl|94/100|[from] item: Leftovers
|-heal|p1a: World|17/100|[from] item: Leftovers
|-damage|p2a: Garganacl|69/100|[from] Curse
|-damage|p1a: World|5/100|[from] Salt Cure
|upkeep
|turn|34
|inactive|riloid has 60 seconds left.
|
|t:|1743877505
|switch|p1a: Super Porygon|Porygon2, shiny|18/100
|-ability|p1a: Super Porygon|Purifying Salt|[from] ability: Trace|[of] p2a: Garganacl
|move|p2a: Garganacl|Recover|p2a: Garganacl
|-heal|p2a: Garganacl|100/100
|
|-damage|p2a: Garganacl|75/100|[from] Curse
|upkeep
|turn|35
|
|t:|1743877515
|move|p1a: Super Porygon|Recover|p1a: Super Porygon
|-heal|p1a: Super Porygon|68/100
|move|p2a: Garganacl|Salt Cure|p1a: Super Porygon
|-damage|p1a: Super Porygon|55/100
|-start|p1a: Super Porygon|Salt Cure
|
|-heal|p2a: Garganacl|82/100|[from] item: Leftovers
|-damage|p2a: Garganacl|57/100|[from] Curse
|-damage|p1a: Super Porygon|42/100|[from] Salt Cure
|upkeep
|turn|36
|
|t:|1743877528
|switch|p2a: Goodra|Goodra-Hisui, M, shiny|86/100
|move|p1a: Super Porygon|Ice Beam|p2a: Goodra
|-damage|p2a: Goodra|77/100
|
|-damage|p1a: Super Porygon|30/100|[from] Salt Cure
|upkeep
|turn|37
|
|t:|1743877538
|move|p2a: Goodra|Flash Cannon|p1a: Super Porygon
|-damage|p1a: Super Porygon|3/100
|move|p1a: Super Porygon|Discharge|p2a: Goodra
|-resisted|p2a: Goodra
|-damage|p2a: Goodra|72/100
|-status|p2a: Goodra|par
|
|-damage|p1a: Super Porygon|0 fnt|[from] Salt Cure
|faint|p1a: Super Porygon
|upkeep
|inactive|riloid has 60 seconds left.
|
|t:|1743877566
|switch|p1a: Redmoon|Ursaluna, F|1/100 brn
|turn|38
|
|t:|1743877570
|switch|p2a: Garganacl|Garganacl, F, shiny, tera:Ghost|57/100
|move|p1a: Redmoon|Earthquake|p2a: Garganacl
|-damage|p2a: Garganacl|7/100
|
|-heal|p2a: Garganacl|13/100|[from] item: Leftovers
|-damage|p1a: Redmoon|0 fnt|[from] brn
|faint|p1a: Redmoon
|upkeep
|inactive|riloid has 60 seconds left.
|
|t:|1743877582
|switch|p1a: witch|Meloetta|51/100
|turn|39
|inactive|riloid has 60 seconds left.
|
|t:|1743877596
|move|p2a: Garganacl|Protect|p2a: Garganacl
|-singleturn|p2a: Garganacl|Protect
|move|p1a: witch|Shadow Ball|p2a: Garganacl
|-activate|p2a: Garganacl|move: Protect
|
|-heal|p2a: Garganacl|19/100|[from] item: Leftovers
|upkeep
|turn|40
|inactive|riloid has 60 seconds left.
|
|t:|1743877604
|switch|p2a: Goodra|Goodra-Hisui, M, shiny|72/100 par
|move|p1a: witch|Shadow Ball|p2a: Goodra
|-damage|p2a: Goodra|58/100 par
|-unboost|p2a: Goodra|spd|1
|
|upkeep
|turn|41
|
|t:|1743877611
|move|p1a: witch|Shadow Ball|p2a: Goodra
|-damage|p2a: Goodra|36/100 par
|-unboost|p2a: Goodra|spd|1
|cant|p2a: Goodra|par
|
|upkeep
|turn|42
|
|t:|1743877617
|move|p1a: witch|Shadow Ball|p2a: Goodra
|-damage|p2a: Goodra|7/100 par
|-unboost|p2a: Goodra|spd|1
|move|p2a: Goodra|Flash Cannon|p1a: witch
|-damage|p1a: witch|26/100
|
|upkeep
|turn|43
|
|t:|1743877624
|move|p1a: witch|Shadow Ball|p2a: Goodra
|-damage|p2a: Goodra|0 fnt
|faint|p2a: Goodra
|
|upkeep
|
|t:|1743877628
|switch|p2a: Garganacl|Garganacl, F, shiny, tera:Ghost|19/100
|turn|44
|c|☆riloid|gg?
|
|t:|1743877646
|move|p2a: Garganacl|Protect|p2a: Garganacl
|-singleturn|p2a: Garganacl|Protect
|move|p1a: witch|Shadow Ball|p2a: Garganacl
|-activate|p2a: Garganacl|move: Protect
|
|-heal|p2a: Garganacl|25/100|[from] item: Leftovers
|upkeep
|turn|45
|
|t:|1743877654
|move|p1a: witch|Shadow Ball|p2a: Garganacl
|-supereffective|p2a: Garganacl
|-damage|p2a: Garganacl|0 fnt
|faint|p2a: Garganacl
|
|win|riloid
|raw|riloid's rating: 1205 &rarr; <strong>1234</strong><br />(+29 for winning)
|raw|Panconprichas's rating: 1256 &rarr; <strong>1227</strong><br />(-29 for losing)
|l|☆Panconprichas
|player|p2|
|l|☆riloid
|player|p1|
