|j|☆trickhouseblitzin
|j|☆obusmaximus
|t:|1743900252
|gametype|singles
|player|p1|trickhouseblitzin|waiter-gen4dp|1056
|player|p2|obusmaximus|veteran|1000
|teamsize|p1|6
|teamsize|p2|6
|gen|9
|tier|[Gen 9] OU
|rated|
|rule|HP Percentage Mod: HP is shown in percentages
|rule|Endless Battle Clause: Forcing endless battles is banned
|rule|Species Clause: Limit one of each Pokémon
|rule|OHKO Clause: OHKO moves are banned
|rule|Evasion Items Clause: Evasion items are banned
|rule|Evasion Moves Clause: Evasion moves are banned
|rule|Sleep Moves Clause: Sleep-inducing moves are banned
|clearpoke
|poke|p1|Araquanid, F|
|poke|p1|Dragonite, F|
|poke|p1|Cinderace, F|
|poke|p1|Great Tusk|
|poke|p1|Iron Treads|
|poke|p1|Kingambit, M|
|poke|p2|Glimmora, F|
|poke|p2|Zamazenta-*|
|poke|p2|Latias, F|
|poke|p2|Gholdengo|
|poke|p2|Dragonite, M|
|poke|p2|Weavile, F|
|teampreview
|inactive|Battle timer is ON: inactive players will automatically lose when time's up. (requested by trickhouseblitzin)
|
|t:|1743900267
|start
|switch|p1a: Araquanid|Araquanid, F|100/100
|switch|p2a: Weavile|Weavile, F, shiny|100/100
|turn|1
|
|t:|1743900275
|move|p2a: Weavile|Knock Off|p1a: Araquanid
|-damage|p1a: Araquanid|39/100
|-enditem|p1a: Araquanid|Custap Berry|[from] move: Knock Off|[of] p2a: Weavile
|-damage|p2a: Weavile|91/100|[from] item: Life Orb
|move|p1a: Araquanid|Sticky Web|p2a: Weavile
|-sidestart|p2: obusmaximus|move: Sticky Web
|
|upkeep
|turn|2
|
|t:|1743900285
|move|p2a: Weavile|Knock Off|p1a: Araquanid
|-damage|p1a: Araquanid|1/100
|-damage|p2a: Weavile|81/100|[from] item: Life Orb
|move|p1a: Araquanid|Liquidation|p2a: Weavile
|-damage|p2a: Weavile|7/100
|
|upkeep
|turn|3
|
|t:|1743900298
|move|p2a: Weavile|Knock Off|p1a: Araquanid
|-damage|p1a: Araquanid|0 fnt
|faint|p1a: Araquanid
|-damage|p2a: Weavile|0 fnt|[from] item: Life Orb
|faint|p2a: Weavile
|
|upkeep
|
|t:|1743900313
|switch|p2a: Latias|Latias, F, shiny|100/100
|switch|p1a: Cinderace|Cinderace, F|100/100
|turn|4
|
|t:|1743900321
|move|p1a: Cinderace|U-turn|p2a: Latias
|-supereffective|p2a: Latias
|-damage|p2a: Latias|65/100
|
|t:|1743900337
|switch|p1a: Kingambit|Kingambit, M|100/100|[from] U-turn
|-activate|p1a: Kingambit|ability: Supreme Overlord
|-start|p1a: Kingambit|fallen1|[silent]
|move|p2a: Latias|Calm Mind|p2a: Latias
|-boost|p2a: Latias|spa|1
|-boost|p2a: Latias|spd|1
|
|-heal|p2a: Latias|71/100|[from] item: Leftovers
|upkeep
|turn|5
|
|t:|1743900351
|move|p2a: Latias|Draining Kiss|p1a: Kingambit
|-damage|p1a: Kingambit|76/100
|-heal|p2a: Latias|89/100|[from] drain|[of] p1a: Kingambit
|move|p1a: Kingambit|Kowtow Cleave|p2a: Latias
|-supereffective|p2a: Latias
|-damage|p2a: Latias|0 fnt
|faint|p2a: Latias
|
|upkeep
|
|t:|1743900362
|switch|p2a: Glimmora|Glimmora, F, shiny|100/100
|-activate|p2a: Glimmora|move: Sticky Web
|-unboost|p2a: Glimmora|spe|1
|turn|6
|
|t:|1743900373
|move|p1a: Kingambit|Iron Head|p2a: Glimmora
|-supereffective|p2a: Glimmora
|-damage|p2a: Glimmora|0 fnt
|-activate|p2a: Glimmora|ability: Toxic Debris
|-sidestart|p1: trickhouseblitzin|move: Toxic Spikes
|faint|p2a: Glimmora
|
|upkeep
|j| RocketGruntLudwig
|
|t:|1743900380
|switch|p2a: Dragonite|Dragonite, M, shiny|100/100
|turn|7
|j| toxic boosted
|inactive|trickhouseblitzin has 120 seconds left.
|
|t:|1743900429
|move|p2a: Dragonite|Dragon Dance|p2a: Dragonite
|-boost|p2a: Dragonite|atk|1
|-boost|p2a: Dragonite|spe|1
|move|p1a: Kingambit|Kowtow Cleave|p2a: Dragonite
|-damage|p2a: Dragonite|72/100
|
|upkeep
|turn|8
|
|t:|1743900441
|move|p2a: Dragonite|Earthquake|p1a: Kingambit
|-supereffective|p1a: Kingambit
|-damage|p1a: Kingambit|0 fnt
|faint|p1a: Kingambit
|-end|p1a: Kingambit|fallen1|[silent]
|
|upkeep
|
|t:|1743900444
|switch|p1a: Dragonite|Dragonite, F|100/100
|turn|9
|
|t:|1743900453
|-terastallize|p1a: Dragonite|Normal
|move|p2a: Dragonite|Ice Spinner|p1a: Dragonite
|-damage|p1a: Dragonite|75/100
|move|p1a: Dragonite|Ice Spinner|p2a: Dragonite
|-supereffective|p2a: Dragonite
|-damage|p2a: Dragonite|0 fnt
|faint|p2a: Dragonite
|
|upkeep
|
|t:|1743900464
|switch|p2a: Gholdengo|Gholdengo, shiny|100/100
|-activate|p2a: Gholdengo|move: Sticky Web
|-unboost|p2a: Gholdengo|spe|1
|turn|10
|
|t:|1743900472
|switch|p1a: Iron Treads|Iron Treads|100/100
|-enditem|p1a: Iron Treads|Booster Energy
|-activate|p1a: Iron Treads|ability: Quark Drive|[fromitem]
|-start|p1a: Iron Treads|quarkdriveatk
|-terastallize|p2a: Gholdengo|Fairy
|move|p2a: Gholdengo|Dazzling Gleam|p1a: Iron Treads
|-resisted|p1a: Iron Treads
|-damage|p1a: Iron Treads|71/100
|
|upkeep
|turn|11
|
|t:|1743900484
|move|p1a: Iron Treads|Iron Head|p2a: Gholdengo
|-supereffective|p2a: Gholdengo
|-damage|p2a: Gholdengo|0 fnt
|faint|p2a: Gholdengo
|
|upkeep
|
|t:|1743900490
|switch|p2a: Zamazenta|Zamazenta, shiny|100/100
|-activate|p2a: Zamazenta|move: Sticky Web
|-unboost|p2a: Zamazenta|spe|1
|-ability|p2a: Zamazenta|Dauntless Shield|boost
|-boost|p2a: Zamazenta|def|1
|turn|12
|
|t:|1743900497
|move|p1a: Iron Treads|Earthquake|p2a: Zamazenta
|-damage|p2a: Zamazenta|69/100
|move|p2a: Zamazenta|Body Press|p1a: Iron Treads
|-supereffective|p1a: Iron Treads
|-damage|p1a: Iron Treads|0 fnt
|faint|p1a: Iron Treads
|-end|p1a: Iron Treads|Quark Drive|[silent]
|
|-heal|p2a: Zamazenta|75/100|[from] item: Leftovers
|upkeep
|c| RocketGruntLudwig|...
|
|t:|1743900507
|switch|p1a: Great Tusk|Great Tusk|100/100
|-status|p1a: Great Tusk|psn
|-enditem|p1a: Great Tusk|Booster Energy
|-activate|p1a: Great Tusk|ability: Protosynthesis|[fromitem]
|-start|p1a: Great Tusk|protosynthesisatk
|turn|13
|j| The Hisui Region
|
|t:|1743900515
|move|p1a: Great Tusk|Headlong Rush|p2a: Zamazenta
|-damage|p2a: Zamazenta|34/100
|-unboost|p1a: Great Tusk|def|1
|-unboost|p1a: Great Tusk|spd|1
|move|p2a: Zamazenta|Body Press|p1a: Great Tusk
|-damage|p1a: Great Tusk|46/100 psn
|
|-heal|p2a: Zamazenta|40/100|[from] item: Leftovers
|-damage|p1a: Great Tusk|34/100 psn|[from] psn
|upkeep
|turn|14
|
|t:|1743900528
|move|p1a: Great Tusk|Headlong Rush|p2a: Zamazenta
|-damage|p2a: Zamazenta|0 fnt
|-unboost|p1a: Great Tusk|def|1
|-unboost|p1a: Great Tusk|spd|1
|faint|p2a: Zamazenta
|
|win|trickhouseblitzin
|raw|trickhouseblitzin's rating: 1056 &rarr; <strong>1083</strong><br />(+27 for winning)
|raw|obusmaximus's rating: 1000 &rarr; <strong>1000</strong><br />(+0 for losing)
|l|☆obusmaximus
|player|p2|
|c|☆trickhouseblitzin|!showteam
|c| trickhouseblitzin|/raw <div class="infobox"><details><summary>View team</summary>Araquanid (F) @ Custap Berry  <br />Ability: Water Bubble  <br />Tera Type: Ghost  <br />EVs: 248 HP &#x2f; 140 Def &#x2f; 112 SpD &#x2f; 8 Spe  <br />Careful Nature  <br />- Sticky Web  <br />- Liquidation  <br /><br />Dragonite (F) @ Heavy-Duty Boots  <br />Ability: Multiscale  <br />Tera Type: Normal  <br />EVs: 252 Atk &#x2f; 4 Def &#x2f; 252 Spe  <br />Adamant Nature  <br />- Dragon Dance  <br />- Ice Spinner  <br /><br />Cinderace (F) @ Heavy-Duty Boots  <br />Ability: Blaze  <br />Tera Type: Fire  <br />EVs: 224 HP &#x2f; 32 Atk &#x2f; 252 Spe  <br />Jolly Nature  <br />- Pyro Ball  <br />- U-turn  <br /><br />Great Tusk @ Booster Energy  <br />Ability: Protosynthesis  <br />Hidden Power: Fighting  <br />Tera Type: Ice  <br />EVs: 252 Atk &#x2f; 4 Def &#x2f; 252 Spe  <br />Jolly Nature  <br />- Headlong Rush  <br />- Ice Spinner  <br /><br />Iron Treads @ Booster Energy  <br />Ability: Quark Drive  <br />Tera Type: Ghost  <br />EVs: 252 Atk &#x2f; 4 SpD &#x2f; 252 Spe  <br />Serious Nature  <br />- Iron Head  <br />- Earthquake  <br /><br />Kingambit (M) @ Lum Berry  <br />Ability: Supreme Overlord  <br />Tera Type: Fairy  <br />EVs: 252 Atk &#x2f; 4 SpD &#x2f; 252 Spe  <br />Adamant Nature  <br />- Iron Head  <br />- Kowtow Cleave  <br /><br /></details></div>
