|j|☆buyibu
|j|☆Fakenshow
|t:|1743860174
|gametype|singles
|player|p1|buyibu|cynthia|1340
|player|p2|Fakenshow|170|1314
|teamsize|p1|6
|teamsize|p2|6
|gen|9
|tier|[Gen 9] OU
|rated|
|rule|HP Percentage Mod: HP is shown in percentages
|rule|Endless Battle Clause: Forcing endless battles is banned
|rule|Species Clause: Limit one of each Pokémon
|rule|OHKO Clause: OHKO moves are banned
|rule|Evasion Items Clause: Evasion items are banned
|rule|Evasion Moves Clause: Evasion moves are banned
|rule|Sleep Moves Clause: Sleep-inducing moves are banned
|clearpoke
|poke|p1|Latias, F|
|poke|p1|Maushold-Four|
|poke|p1|Hoopa-Unbound|
|poke|p1|Skeledirge, F|
|poke|p1|Kingambit, F|
|poke|p1|Hatterene, F|
|poke|p2|Samurott-Hisui, F|
|poke|p2|Gholdengo|
|poke|p2|Arcanine-Hisui, F|
|poke|p2|Torkoal, F|
|poke|p2|Zapdos|
|poke|p2|Lilligant-Hisui, F|
|teampreview
|inactive|Battle timer is ON: inactive players will automatically lose when time's up. (requested by Fakenshow)
|
|t:|1743860203
|start
|switch|p1a: Maushold|Maushold-Four|100/100
|switch|p2a: Samurott|Samurott-Hisui, F|100/100
|turn|1
|
|t:|1743860212
|move|p2a: Samurott|Ceaseless Edge|p1a: Maushold
|-damage|p1a: Maushold|32/100
|-sidestart|p1: buyibu|Spikes
|move|p1a: Maushold|U-turn|p2a: Samurott
|-supereffective|p2a: Samurott
|-crit|p2a: Samurott
|-damage|p2a: Samurott|39/100
|
|t:|1743860224
|switch|p1a: Latias|Latias, F|100/100|[from] U-turn
|
|upkeep
|turn|2
|
|t:|1743860227
|move|p2a: Samurott|Ceaseless Edge|p1a: Latias
|-supereffective|p1a: Latias
|-damage|p1a: Latias|26/100
|-enditem|p1a: Latias|Weakness Policy
|-boost|p1a: Latias|atk|2|[from] item: Weakness Policy
|-boost|p1a: Latias|spa|2|[from] item: Weakness Policy
|-sidestart|p1: buyibu|Spikes
|move|p1a: Latias|Agility|p1a: Latias
|-boost|p1a: Latias|spe|2
|
|upkeep
|turn|3
|
|t:|1743860234
|move|p1a: Latias|Aura Sphere|p2a: Samurott
|-supereffective|p2a: Samurott
|-damage|p2a: Samurott|0 fnt
|faint|p2a: Samurott
|
|upkeep
|
|t:|1743860237
|switch|p2a: Arcanine|Arcanine-Hisui, F|100/100
|turn|4
|
|t:|1743860243
|-terastallize|p1a: Latias|Steel
|move|p2a: Arcanine|Extreme Speed|p1a: Latias
|-resisted|p1a: Latias
|-damage|p1a: Latias|15/100
|move|p1a: Latias|Stored Power|p2a: Arcanine
|-damage|p2a: Arcanine|0 fnt
|faint|p2a: Arcanine
|
|upkeep
|
|t:|1743860253
|switch|p2a: Zapdos|Zapdos|100/100
|turn|5
|
|t:|1743860258
|move|p1a: Latias|Stored Power|p2a: Zapdos
|-damage|p2a: Zapdos|33/100
|move|p2a: Zapdos|Thunderbolt|p1a: Latias
|-damage|p1a: Latias|0 fnt
|faint|p1a: Latias
|
|upkeep
|
|t:|1743860268
|switch|p1a: Maushold|Maushold-Four|32/100
|-damage|p1a: Maushold|15/100|[from] Spikes
|turn|6
|
|t:|1743860275
|move|p1a: Maushold|Tidy Up|p1a: Maushold
|-sideend|p1: buyibu|Spikes
|-activate|p1a: Maushold|move: Tidy Up
|-boost|p1a: Maushold|atk|1
|-boost|p1a: Maushold|spe|1
|move|p2a: Zapdos|Thunderbolt|p1a: Maushold
|-damage|p1a: Maushold|0 fnt
|faint|p1a: Maushold
|
|upkeep
|
|t:|1743860282
|switch|p1a: Hoopa|Hoopa-Unbound|100/100
|turn|7
|
|t:|1743860286
|move|p1a: Hoopa|Hyperspace Fury|p2a: Zapdos
|-damage|p2a: Zapdos|0 fnt
|-unboost|p1a: Hoopa|def|1
|faint|p2a: Zapdos
|
|upkeep
|
|t:|1743860292
|switch|p2a: Lilligant|Lilligant-Hisui, F|100/100
|turn|8
|
|t:|1743860298
|switch|p1a: Skeledirge|Skeledirge, F|100/100
|move|p2a: Lilligant|Victory Dance|p2a: Lilligant
|-boost|p2a: Lilligant|atk|1
|-boost|p2a: Lilligant|def|1
|-boost|p2a: Lilligant|spe|1
|
|upkeep
|turn|9
|
|t:|1743860303
|switch|p2a: Torkoal|Torkoal, F|100/100
|-weather|SunnyDay|[from] ability: Drought|[of] p2a: Torkoal
|move|p1a: Skeledirge|Torch Song|p2a: Torkoal
|-resisted|p2a: Torkoal
|-damage|p2a: Torkoal|71/100
|-boost|p1a: Skeledirge|spa|1
|
|-weather|SunnyDay|[upkeep]
|upkeep
|turn|10
|
|t:|1743860311
|move|p1a: Skeledirge|Torch Song|p2a: Torkoal
|-resisted|p2a: Torkoal
|-damage|p2a: Torkoal|24/100
|-boost|p1a: Skeledirge|spa|1
|move|p2a: Torkoal|Clear Smog|p1a: Skeledirge
|-resisted|p1a: Skeledirge
|-damage|p1a: Skeledirge|95/100
|-clearboost|p1a: Skeledirge
|
|-weather|SunnyDay|[upkeep]
|upkeep
|turn|11
|
|t:|1743860316
|move|p1a: Skeledirge|Torch Song|p2a: Torkoal
|-resisted|p2a: Torkoal
|-damage|p2a: Torkoal|0 fnt
|-boost|p1a: Skeledirge|spa|1
|faint|p2a: Torkoal
|
|-weather|SunnyDay|[upkeep]
|upkeep
|
|t:|1743860320
|switch|p2a: Lilligant|Lilligant-Hisui, F|100/100
|turn|12
|
|t:|1743860324
|move|p2a: Lilligant|Solar Blade||[still]
|-prepare|p2a: Lilligant|Solar Blade
|-anim|p2a: Lilligant|Solar Blade|p1a: Skeledirge
|-resisted|p1a: Skeledirge
|-damage|p1a: Skeledirge|76/100
|move|p1a: Skeledirge|Torch Song|p2a: Lilligant
|-supereffective|p2a: Lilligant
|-enditem|p2a: Lilligant|Focus Sash
|-damage|p2a: Lilligant|1/100
|-boost|p1a: Skeledirge|spa|1
|
|-weather|SunnyDay|[upkeep]
|upkeep
|turn|13
|
|t:|1743860329
|move|p2a: Lilligant|Solar Blade||[still]
|-prepare|p2a: Lilligant|Solar Blade
|-anim|p2a: Lilligant|Solar Blade|p1a: Skeledirge
|-resisted|p1a: Skeledirge
|-damage|p1a: Skeledirge|57/100
|move|p1a: Skeledirge|Torch Song|p2a: Lilligant
|-supereffective|p2a: Lilligant
|-damage|p2a: Lilligant|0 fnt
|-boost|p1a: Skeledirge|spa|1
|faint|p2a: Lilligant
|
|-weather|SunnyDay|[upkeep]
|upkeep
|
|t:|1743860331
|switch|p2a: Gholdengo|Gholdengo|100/100
|-item|p2a: Gholdengo|Air Balloon
|turn|14
|
|t:|1743860333
|move|p2a: Gholdengo|Shadow Ball|p1a: Skeledirge
|-supereffective|p1a: Skeledirge
|-damage|p1a: Skeledirge|0 fnt
|faint|p1a: Skeledirge
|
|-weather|SunnyDay|[upkeep]
|upkeep
|
|t:|1743860336
|switch|p1a: Kingambit|Kingambit, F|100/100
|-activate|p1a: Kingambit|ability: Supreme Overlord
|-start|p1a: Kingambit|fallen3|[silent]
|turn|15
|
|t:|1743860342
|-terastallize|p2a: Gholdengo|Grass
|move|p1a: Kingambit|Sucker Punch||[still]
|-fail|p1a: Kingambit
|move|p2a: Gholdengo|Nasty Plot|p2a: Gholdengo
|-boost|p2a: Gholdengo|spa|2
|
|-weather|SunnyDay|[upkeep]
|upkeep
|turn|16
|
|t:|1743860348
|move|p2a: Gholdengo|Nasty Plot|p2a: Gholdengo
|-boost|p2a: Gholdengo|spa|2
|move|p1a: Kingambit|Iron Head|p2a: Gholdengo
|-damage|p2a: Gholdengo|39/100
|-enditem|p2a: Gholdengo|Air Balloon
|
|-weather|none
|upkeep
|turn|17
|
|t:|1743860354
|move|p1a: Kingambit|Sucker Punch||[still]
|-fail|p1a: Kingambit
|move|p2a: Gholdengo|Recover|p2a: Gholdengo
|-heal|p2a: Gholdengo|89/100
|
|upkeep
|turn|18
|
|t:|1743860360
|move|p1a: Kingambit|Sucker Punch|p2a: Gholdengo
|-damage|p2a: Gholdengo|28/100
|move|p2a: Gholdengo|Shadow Ball|p1a: Kingambit
|-resisted|p1a: Kingambit
|-damage|p1a: Kingambit|31/100
|
|upkeep
|turn|19
|
|t:|1743860363
|move|p2a: Gholdengo|Recover|p2a: Gholdengo
|-heal|p2a: Gholdengo|78/100
|move|p1a: Kingambit|Iron Head|p2a: Gholdengo
|-damage|p2a: Gholdengo|17/100
|
|upkeep
|turn|20
|
|t:|1743860368
|move|p2a: Gholdengo|Recover|p2a: Gholdengo
|-heal|p2a: Gholdengo|67/100
|move|p1a: Kingambit|Iron Head|p2a: Gholdengo
|-damage|p2a: Gholdengo|6/100
|
|upkeep
|turn|21
|
|t:|1743860372
|move|p2a: Gholdengo|Recover|p2a: Gholdengo
|-heal|p2a: Gholdengo|56/100
|move|p1a: Kingambit|Iron Head|p2a: Gholdengo
|-damage|p2a: Gholdengo|0 fnt
|faint|p2a: Gholdengo
|
|win|buyibu
|raw|buyibu's rating: 1340 &rarr; <strong>1359</strong><br />(+19 for winning)
|raw|Fakenshow's rating: 1314 &rarr; <strong>1295</strong><br />(-19 for losing)
|l|☆buyibu
|player|p1|
|l|☆Fakenshow
|player|p2|
