|j|☆MyStickyFingers
|j|☆jakelong556
|t:|1743833838
|gametype|singles
|player|p1|MyStickyFingers|veteran|1127
|player|p2|jakelong556|2|1112
|teamsize|p1|6
|teamsize|p2|6
|gen|9
|tier|[Gen 9] OU
|rated|
|rule|HP Percentage Mod: HP is shown in percentages
|rule|Endless Battle Clause: Forcing endless battles is banned
|rule|Species Clause: Limit one of each Pokémon
|rule|OHKO Clause: OHKO moves are banned
|rule|Evasion Items Clause: Evasion items are banned
|rule|Evasion Moves Clause: Evasion moves are banned
|rule|Sleep Moves Clause: Sleep-inducing moves are banned
|clearpoke
|poke|p1|Bronzong|
|poke|p1|Hydrapple, M|
|poke|p1|Cloyster, F|
|poke|p1|Landorus-Therian, M|
|poke|p1|Skeledirge, M|
|poke|p1|Rotom-Wash|
|poke|p2|Garganacl, M|
|poke|p2|Weezing-Galar, F|
|poke|p2|Corviknight, M|
|poke|p2|Dragapult, M|
|poke|p2|Slowking-Galar, F|
|poke|p2|Samurott-Hisui, F|
|teampreview
|
|t:|1743833867
|start
|switch|p1a: yapplechino|Hydrapple, M, shiny|100/100
|switch|p2a: Garganacl|Garganacl, M|100/100
|turn|1
|
|t:|1743833880
|-terastallize|p2a: Garganacl|Fairy
|move|p1a: yapplechino|Leaf Storm|p2a: Garganacl
|-damage|p2a: Garganacl|28/100
|-unboost|p1a: yapplechino|spa|2
|move|p2a: Garganacl|Salt Cure|p1a: yapplechino
|-damage|p1a: yapplechino|91/100
|-start|p1a: yapplechino|Salt Cure
|
|-heal|p2a: Garganacl|35/100|[from] item: Leftovers
|-damage|p1a: yapplechino|78/100|[from] Salt Cure
|upkeep
|turn|2
|
|t:|1743833891
|move|p1a: yapplechino|Leaf Storm|p2a: Garganacl
|-damage|p2a: Garganacl|0 fnt
|-unboost|p1a: yapplechino|spa|2
|faint|p2a: Garganacl
|
|-damage|p1a: yapplechino|66/100|[from] Salt Cure
|upkeep
|
|t:|1743833907
|switch|p2a: Slowking|Slowking-Galar, F|100/100
|turn|3
|
|t:|1743833927
|switch|p1a: woof|Landorus-Therian, M|100/100
|-ability|p1a: woof|Intimidate|boost
|-unboost|p2a: Slowking|atk|1
|move|p2a: Slowking|Flamethrower|p1a: woof
|-damage|p1a: woof|71/100
|
|upkeep
|turn|4
|inactive|Battle timer is ON: inactive players will automatically lose when time's up. (requested by MyStickyFingers)
|
|t:|1743833945
|switch|p2a: Samurott|Samurott-Hisui, F|100/100
|move|p1a: woof|Earthquake|p2a: Samurott
|-damage|p2a: Samurott|9/100
|-damage|p1a: woof|61/100|[from] item: Life Orb
|
|upkeep
|turn|5
|
|t:|1743833962
|move|p2a: Samurott|Razor Shell|p1a: woof
|-supereffective|p1a: woof
|-damage|p1a: woof|0 fnt
|faint|p1a: woof
|
|upkeep
|
|t:|1743833968
|switch|p1a: laundry|Rotom-Wash|100/100
|turn|6
|
|t:|1743833975
|switch|p2a: Dragapult|Dragapult, M|100/100
|move|p1a: laundry|Volt Switch|p2a: Dragapult
|-resisted|p2a: Dragapult
|-damage|p2a: Dragapult|78/100
|
|t:|1743833981
|switch|p1a: he dont bite|Skeledirge, M, shiny|100/100|[from] Volt Switch
|
|upkeep
|turn|7
|
|t:|1743833986
|move|p2a: Dragapult|U-turn|p1a: he dont bite
|-resisted|p1a: he dont bite
|-damage|p1a: he dont bite|97/100
|
|t:|1743833995
|switch|p2a: Slowking|Slowking-Galar, F|100/100|[from] U-turn
|move|p1a: he dont bite|Hex|p2a: Slowking
|-supereffective|p2a: Slowking
|-damage|p2a: Slowking|79/100
|
|upkeep
|turn|8
|
|t:|1743834010
|move|p1a: he dont bite|Will-O-Wisp|p2a: Slowking
|-status|p2a: Slowking|brn
|move|p2a: Slowking|Future Sight|p1a: he dont bite
|-start|p2a: Slowking|move: Future Sight
|
|-damage|p2a: Slowking|73/100 brn|[from] brn
|upkeep
|turn|9
|
|t:|1743834031
|move|p1a: he dont bite|Torch Song|p2a: Slowking
|-damage|p2a: Slowking|61/100 brn
|-boost|p1a: he dont bite|spa|1
|move|p2a: Slowking|Sludge Bomb|p1a: he dont bite
|-resisted|p1a: he dont bite
|-damage|p1a: he dont bite|81/100
|
|-damage|p2a: Slowking|55/100 brn|[from] brn
|upkeep
|turn|10
|
|t:|1743834046
|switch|p1a: bash|Cloyster, F, shiny|100/100
|move|p2a: Slowking|Psychic Noise|p1a: bash
|-damage|p1a: bash|20/100
|-start|p1a: bash|move: Heal Block
|
|-end|p1a: bash|move: Future Sight
|-damage|p1a: bash|0 fnt
|faint|p1a: bash
|-damage|p2a: Slowking|49/100 brn|[from] brn
|upkeep
|
|t:|1743834051
|switch|p1a: gong|Bronzong, shiny|100/100
|turn|11
|
|t:|1743834059
|move|p2a: Slowking|Future Sight|p1a: gong
|-start|p2a: Slowking|move: Future Sight
|move|p1a: gong|Trick Room|p1a: gong
|-fieldstart|move: Trick Room|[of] p1a: gong
|
|-damage|p2a: Slowking|42/100 brn|[from] brn
|upkeep
|turn|12
|
|t:|1743834069
|move|p1a: gong|Earthquake|p2a: Slowking
|-supereffective|p2a: Slowking
|-damage|p2a: Slowking|0 fnt
|faint|p2a: Slowking
|
|upkeep
|
|t:|1743834083
|switch|p2a: Corviknight|Corviknight, M|100/100
|-ability|p2a: Corviknight|Pressure
|turn|13
|
|t:|1743834089
|move|p1a: gong|Light Screen|p1a: gong
|-sidestart|p1: MyStickyFingers|move: Light Screen
|move|p2a: Corviknight|Iron Defense|p2a: Corviknight
|-boost|p2a: Corviknight|def|2
|
|-end|p1a: gong|move: Future Sight
|-resisted|p1a: gong
|-damage|p1a: gong|95/100
|upkeep
|turn|14
|
|t:|1743834096
|switch|p1a: he dont bite|Skeledirge, M, shiny|81/100
|move|p2a: Corviknight|Iron Defense|p2a: Corviknight
|-boost|p2a: Corviknight|def|2
|
|upkeep
|turn|15
|
|t:|1743834102
|move|p1a: he dont bite|Will-O-Wisp|p2a: Corviknight
|-status|p2a: Corviknight|brn
|move|p2a: Corviknight|Body Press|p1a: he dont bite
|-immune|p1a: he dont bite
|
|-damage|p2a: Corviknight|94/100 brn|[from] brn
|-fieldend|move: Trick Room
|upkeep
|turn|16
|
|t:|1743834122
|switch|p2a: Weezing|Weezing-Galar, F|100/100
|-ability|p2a: Weezing|Neutralizing Gas
|move|p1a: he dont bite|Hex|p2a: Weezing
|-damage|p2a: Weezing|65/100
|
|-heal|p2a: Weezing|71/100|[from] item: Black Sludge
|upkeep
|turn|17
|inactive|jakelong556 has 120 seconds left.
|
|t:|1743834148
|-terastallize|p1a: he dont bite|Poison
|move|p1a: he dont bite|Will-O-Wisp|p2a: Weezing
|-status|p2a: Weezing|brn
|move|p2a: Weezing|Strange Steam|p1a: he dont bite
|-resisted|p1a: he dont bite
|-damage|p1a: he dont bite|75/100
|
|-heal|p2a: Weezing|77/100 brn|[from] item: Black Sludge
|-damage|p2a: Weezing|71/100 brn|[from] brn
|-sideend|p1: MyStickyFingers|move: Light Screen
|upkeep
|turn|18
|inactive|jakelong556 has 120 seconds left.
|
|t:|1743834164
|move|p1a: he dont bite|Torch Song|p2a: Weezing
|-damage|p2a: Weezing|28/100 brn
|-boost|p1a: he dont bite|spa|1
|move|p2a: Weezing|Defog|p1a: he dont bite
|-unboost|p1a: he dont bite|evasion|1
|
|-heal|p2a: Weezing|34/100 brn|[from] item: Black Sludge
|-damage|p2a: Weezing|28/100 brn|[from] brn
|upkeep
|turn|19
|inactive|jakelong556 has 120 seconds left.
|
|t:|1743834174
|move|p1a: he dont bite|Torch Song|p2a: Weezing
|-damage|p2a: Weezing|0 fnt
|-boost|p1a: he dont bite|spa|1
|faint|p2a: Weezing
|-end|p2a: Weezing|ability: Neutralizing Gas
|
|upkeep
|inactive|jakelong556 has 120 seconds left.
|
|t:|1743834181
|switch|p2a: Dragapult|Dragapult, M|78/100
|turn|20
|
|t:|1743834190
|move|p2a: Dragapult|Will-O-Wisp|p1a: he dont bite
|-status|p1a: he dont bite|brn
|move|p1a: he dont bite|Hex|p2a: Dragapult
|-supereffective|p2a: Dragapult
|-damage|p2a: Dragapult|0 fnt
|faint|p2a: Dragapult
|
|-damage|p1a: he dont bite|69/100 brn|[from] brn
|upkeep
|
|t:|1743834198
|switch|p2a: Samurott|Samurott-Hisui, F|9/100
|turn|21
|
|t:|1743834210
|switch|p1a: gong|Bronzong, shiny|95/100
|move|p2a: Samurott|Razor Shell|p1a: gong
|-damage|p1a: gong|53/100
|-unboost|p1a: gong|def|1
|-damage|p2a: Samurott|0 fnt|[from] item: Rocky Helmet|[of] p1a: gong
|faint|p2a: Samurott
|
|upkeep
|
|t:|1743834218
|switch|p2a: Corviknight|Corviknight, M|94/100 brn
|-ability|p2a: Corviknight|Pressure
|turn|22
|
|t:|1743834225
|move|p2a: Corviknight|Body Press|p1a: gong
|-damage|p1a: gong|35/100
|-damage|p2a: Corviknight|78/100 brn|[from] item: Rocky Helmet|[of] p1a: gong
|move|p1a: gong|Trick Room|p1a: gong
|-fieldstart|move: Trick Room|[of] p1a: gong
|
|-damage|p2a: Corviknight|71/100 brn|[from] brn
|upkeep
|turn|23
|
|t:|1743834237
|move|p1a: gong|Light Screen|p1a: gong
|-sidestart|p1: MyStickyFingers|move: Light Screen
|move|p2a: Corviknight|Roost|p2a: Corviknight
|-heal|p2a: Corviknight|100/100 brn
|-singleturn|p2a: Corviknight|move: Roost
|
|-damage|p2a: Corviknight|94/100 brn|[from] brn
|upkeep
|turn|24
|
|t:|1743834249
|switch|p1a: he dont bite|Skeledirge, M, shiny, tera:Poison|69/100 brn
|move|p2a: Corviknight|Iron Defense|p2a: Corviknight
|-boost|p2a: Corviknight|def|2
|
|-damage|p1a: he dont bite|63/100 brn|[from] brn
|-damage|p2a: Corviknight|88/100 brn|[from] brn
|upkeep
|turn|25
|
|t:|1743834261
|move|p1a: he dont bite|Torch Song|p2a: Corviknight
|-supereffective|p2a: Corviknight
|-damage|p2a: Corviknight|24/100 brn
|-boost|p1a: he dont bite|spa|1
|move|p2a: Corviknight|Body Press|p1a: he dont bite
|-resisted|p1a: he dont bite
|-damage|p1a: he dont bite|59/100 brn
|
|-damage|p1a: he dont bite|52/100 brn|[from] brn
|-damage|p2a: Corviknight|18/100 brn|[from] brn
|upkeep
|turn|26
|-message|jakelong556 forfeited.
|
|win|MyStickyFingers
|raw|MyStickyFingers's rating: 1127 &rarr; <strong>1151</strong><br />(+24 for winning)
|raw|jakelong556's rating: 1112 &rarr; <strong>1088</strong><br />(-24 for losing)
|l|☆jakelong556
|player|p2|
|l|☆MyStickyFingers
|player|p1|
