|j|☆kownish
|j|☆agodamongallmen
|t:|1743880674
|gametype|singles
|player|p1|kownish|1|1498
|player|p2|agodamongallmen|266|1416
|teamsize|p1|6
|teamsize|p2|6
|gen|9
|tier|[Gen 9] OU
|rated|
|rule|HP Percentage Mod: HP is shown in percentages
|rule|Endless Battle Clause: Forcing endless battles is banned
|rule|Species Clause: Limit one of each Pokémon
|rule|OHKO Clause: OHKO moves are banned
|rule|Evasion Items Clause: Evasion items are banned
|rule|Evasion Moves Clause: Evasion moves are banned
|rule|Sleep Moves Clause: Sleep-inducing moves are banned
|clearpoke
|poke|p1|Glimmora, F|
|poke|p1|Zamazenta-*|
|poke|p1|Latias, F|
|poke|p1|Gholdengo|
|poke|p1|Dragonite, F|
|poke|p1|Weavile, F|
|poke|p2|Frosmoth, F|
|poke|p2|Cinccino, F|
|poke|p2|Incineroar, M|
|poke|p2|Weezing-Galar, M|
|poke|p2|Sinistcha|
|poke|p2|Alomomola, M|
|teampreview
|
|t:|1743880718
|start
|switch|p1a: Glimmora|Glimmora, F|100/100
|switch|p2a: Sinistcha|Sinistcha|100/100
|turn|1
|
|t:|1743880734
|switch|p1a: Weavile|Weavile, F|100/100
|-terastallize|p2a: Sinistcha|Poison
|move|p2a: Sinistcha|Calm Mind|p2a: Sinistcha
|-boost|p2a: Sinistcha|spa|1
|-boost|p2a: Sinistcha|spd|1
|
|upkeep
|turn|2
|
|t:|1743880744
|move|p1a: Weavile|Knock Off|p2a: Sinistcha
|-damage|p2a: Sinistcha|57/100
|-enditem|p2a: Sinistcha|Colbur Berry|[from] move: Knock Off|[of] p1a: Weavile
|-damage|p1a: Weavile|91/100|[from] item: Life Orb
|move|p2a: Sinistcha|Calm Mind|p2a: Sinistcha
|-boost|p2a: Sinistcha|spa|1
|-boost|p2a: Sinistcha|spd|1
|
|upkeep
|turn|3
|
|t:|1743880752
|move|p1a: Weavile|Swords Dance|p1a: Weavile
|-boost|p1a: Weavile|atk|2
|move|p2a: Sinistcha|Matcha Gotcha|p1a: Weavile
|-damage|p1a: Weavile|3/100
|-heal|p2a: Sinistcha|93/100|[from] drain|[of] p1a: Weavile
|
|upkeep
|turn|4
|
|t:|1743880760
|move|p1a: Weavile|Triple Axel|p2a: Sinistcha
|-damage|p2a: Sinistcha|76/100
|-crit|p2a: Sinistcha
|-damage|p2a: Sinistcha|27/100
|-crit|p2a: Sinistcha
|-damage|p2a: Sinistcha|0 fnt
|faint|p2a: Sinistcha
|-hitcount|p2: Sinistcha|3
|-damage|p1a: Weavile|0 fnt|[from] item: Life Orb
|faint|p1a: Weavile
|
|upkeep
|
|t:|1743880779
|switch|p1a: Glimmora|Glimmora, F|100/100
|switch|p2a: Frosmoth|Frosmoth, F|100/100
|turn|5
|
|t:|1743880787
|move|p1a: Glimmora|Power Gem|p2a: Frosmoth
|-supereffective|p2a: Frosmoth
|-damage|p2a: Frosmoth|45/100
|move|p2a: Frosmoth|Substitute|p2a: Frosmoth
|-start|p2a: Frosmoth|Substitute
|-damage|p2a: Frosmoth|20/100
|
|-heal|p2a: Frosmoth|26/100|[from] item: Leftovers
|upkeep
|turn|6
|
|t:|1743880792
|move|p1a: Glimmora|Power Gem|p2a: Frosmoth
|-supereffective|p2a: Frosmoth
|-end|p2a: Frosmoth|Substitute
|move|p2a: Frosmoth|Quiver Dance|p2a: Frosmoth
|-boost|p2a: Frosmoth|spa|1
|-boost|p2a: Frosmoth|spd|1
|-boost|p2a: Frosmoth|spe|1
|
|-heal|p2a: Frosmoth|32/100|[from] item: Leftovers
|upkeep
|turn|7
|
|t:|1743880796
|move|p2a: Frosmoth|Quiver Dance|p2a: Frosmoth
|-boost|p2a: Frosmoth|spa|1
|-boost|p2a: Frosmoth|spd|1
|-boost|p2a: Frosmoth|spe|1
|move|p1a: Glimmora|Power Gem|p2a: Frosmoth
|-supereffective|p2a: Frosmoth
|-damage|p2a: Frosmoth|5/100
|
|-heal|p2a: Frosmoth|11/100|[from] item: Leftovers
|upkeep
|turn|8
|
|t:|1743880798
|move|p2a: Frosmoth|Ice Beam|p1a: Glimmora
|-damage|p1a: Glimmora|39/100
|-enditem|p1a: Glimmora|Red Card|[of] p2a: Frosmoth
|drag|p2a: Incineroar|Incineroar, M|100/100
|-ability|p2a: Incineroar|Intimidate|boost
|-unboost|p1a: Glimmora|atk|1
|move|p1a: Glimmora|Power Gem|p2a: Incineroar
|-supereffective|p2a: Incineroar
|-damage|p2a: Incineroar|29/100
|
|upkeep
|turn|9
|
|t:|1743880807
|move|p1a: Glimmora|Stealth Rock|p2a: Incineroar
|-sidestart|p2: agodamongallmen|move: Stealth Rock
|move|p2a: Incineroar|Parting Shot|p1a: Glimmora
|-unboost|p1a: Glimmora|atk|1
|-unboost|p1a: Glimmora|spa|1
|
|t:|1743880813
|switch|p2a: Weezing|Weezing-Galar, M|100/100|[from] Parting Shot
|-ability|p2a: Weezing|Neutralizing Gas
|-damage|p2a: Weezing|88/100|[from] Stealth Rock
|
|upkeep
|turn|10
|inactive|Battle timer is ON: inactive players will automatically lose when time's up. (requested by kownish)
|
|t:|1743880822
|move|p1a: Glimmora|Spikes|p2a: Weezing
|-sidestart|p2: agodamongallmen|Spikes
|move|p2a: Weezing|Defog|p1a: Glimmora
|-unboost|p1a: Glimmora|evasion|1
|-sideend|p2: agodamongallmen|Spikes|[from] move: Defog|[of] p2a: Weezing
|-sideend|p2: agodamongallmen|Stealth Rock|[from] move: Defog|[of] p2a: Weezing
|
|upkeep
|turn|11
|
|t:|1743880830
|-end|p2a: Weezing|ability: Neutralizing Gas
|switch|p2a: Alomomola|Alomomola, M|100/100
|move|p1a: Glimmora|Stealth Rock|p2a: Alomomola
|-sidestart|p2: agodamongallmen|move: Stealth Rock
|
|upkeep
|turn|12
|
|t:|1743880838
|switch|p1a: Gholdengo|Gholdengo|100/100
|move|p2a: Alomomola|Wish|p2a: Alomomola
|
|upkeep
|turn|13
|
|t:|1743880845
|move|p1a: Gholdengo|Nasty Plot|p1a: Gholdengo
|-boost|p1a: Gholdengo|spa|2
|move|p2a: Alomomola|Flip Turn|p1a: Gholdengo
|-damage|p1a: Gholdengo|84/100
|
|t:|1743880847
|switch|p2a: Incineroar|Incineroar, M|29/100|[from] Flip Turn
|-ability|p2a: Incineroar|Intimidate|boost
|-unboost|p1a: Gholdengo|atk|1
|
|-heal|p2a: Incineroar|97/100|[from] move: Wish|[wisher] Alomomola
|upkeep
|turn|14
|
|t:|1743880854
|move|p1a: Gholdengo|Thunderbolt|p2a: Incineroar
|-damage|p2a: Incineroar|39/100
|move|p2a: Incineroar|Knock Off|p1a: Gholdengo
|-supereffective|p1a: Gholdengo
|-damage|p1a: Gholdengo|8/100
|-enditem|p1a: Gholdengo|Custap Berry|[from] move: Knock Off|[of] p2a: Incineroar
|
|upkeep
|turn|15
|
|t:|1743880872
|switch|p1a: Glimmora|Glimmora, F|39/100
|switch|p2a: Frosmoth|Frosmoth, F|11/100
|-damage|p2a: Frosmoth|0 fnt|[from] Stealth Rock
|faint|p2a: Frosmoth
|
|upkeep
|
|t:|1743880880
|switch|p2a: Cinccino|Cinccino, F|100/100
|-damage|p2a: Cinccino|88/100|[from] Stealth Rock
|turn|16
|
|t:|1743880887
|move|p2a: Cinccino|Tidy Up|p2a: Cinccino
|-sideend|p2: agodamongallmen|Stealth Rock
|-activate|p2a: Cinccino|move: Tidy Up
|-boost|p2a: Cinccino|atk|1
|-boost|p2a: Cinccino|spe|1
|move|p1a: Glimmora|Power Gem|p2a: Cinccino
|-damage|p2a: Cinccino|34/100
|
|upkeep
|turn|17
|
|t:|1743880902
|move|p2a: Cinccino|Triple Axel|p1a: Glimmora
|-damage|p1a: Glimmora|25/100
|-activate|p1a: Glimmora|ability: Toxic Debris
|-sidestart|p2: agodamongallmen|move: Toxic Spikes
|-damage|p1a: Glimmora|1/100
|-activate|p1a: Glimmora|ability: Toxic Debris
|-sidestart|p2: agodamongallmen|move: Toxic Spikes
|-damage|p1a: Glimmora|0 fnt
|faint|p1a: Glimmora
|-hitcount|p1: Glimmora|3
|
|upkeep
|
|t:|1743880909
|switch|p1a: Dragonite|Dragonite, F|100/100
|turn|18
|
|t:|1743880916
|switch|p2a: Weezing|Weezing-Galar, M|88/100
|-ability|p2a: Weezing|Neutralizing Gas
|-sideend|p2: agodamongallmen|move: Toxic Spikes|[of] p2a: Weezing
|-terastallize|p1a: Dragonite|Normal
|move|p1a: Dragonite|Extreme Speed|p2a: Weezing
|-damage|p2a: Weezing|58/100
|
|upkeep
|turn|19
|
|t:|1743880925
|switch|p1a: Gholdengo|Gholdengo|8/100
|move|p2a: Weezing|Toxic|p1a: Gholdengo
|-immune|p1a: Gholdengo
|
|upkeep
|turn|20
|
|t:|1743880937
|move|p1a: Gholdengo|Thunderbolt|p2a: Weezing
|-damage|p2a: Weezing|15/100
|-status|p2a: Weezing|par
|move|p2a: Weezing|Strange Steam|p1a: Gholdengo
|-resisted|p1a: Gholdengo
|-damage|p1a: Gholdengo|0 fnt
|faint|p1a: Gholdengo
|
|upkeep
|
|t:|1743880946
|switch|p1a: Dragonite|Dragonite, F, tera:Normal|100/100
|turn|21
|
|t:|1743880953
|move|p1a: Dragonite|Earthquake|p2a: Weezing
|-supereffective|p2a: Weezing
|-enditem|p2a: Weezing|Shuca Berry|[eat]
|-enditem|p2a: Weezing|Shuca Berry|[weaken]
|-damage|p2a: Weezing|0 fnt
|faint|p2a: Weezing
|-end|p2a: Weezing|ability: Neutralizing Gas
|
|upkeep
|
|t:|1743880959
|switch|p2a: Incineroar|Incineroar, M|39/100
|-ability|p2a: Incineroar|Intimidate|boost
|-unboost|p1a: Dragonite|atk|1
|turn|22
|
|t:|1743880963
|move|p1a: Dragonite|Earthquake|p2a: Incineroar
|-supereffective|p2a: Incineroar
|-damage|p2a: Incineroar|2/100
|move|p2a: Incineroar|Will-O-Wisp|p1a: Dragonite
|-status|p1a: Dragonite|brn
|
|-damage|p1a: Dragonite|94/100 brn|[from] brn
|upkeep
|turn|23
|
|t:|1743880971
|switch|p2a: Alomomola|Alomomola, M|100/100
|move|p1a: Dragonite|Earthquake|p2a: Alomomola
|-damage|p2a: Alomomola|92/100
|
|-damage|p1a: Dragonite|88/100 brn|[from] brn
|upkeep
|turn|24
|
|t:|1743880992
|switch|p1a: Latias|Latias, F|100/100
|move|p2a: Alomomola|Wish|p2a: Alomomola
|
|upkeep
|turn|25
|
|t:|1743881004
|switch|p1a: Zamazenta|Zamazenta|100/100
|-ability|p1a: Zamazenta|Dauntless Shield|boost
|-boost|p1a: Zamazenta|def|1
|move|p2a: Alomomola|Flip Turn|p1a: Zamazenta
|-damage|p1a: Zamazenta|92/100
|
|t:|1743881007
|switch|p2a: Incineroar|Incineroar, M|2/100|[from] Flip Turn
|-ability|p2a: Incineroar|Intimidate|boost
|-unboost|p1a: Zamazenta|atk|1
|
|-heal|p2a: Incineroar|70/100|[from] move: Wish|[wisher] Alomomola
|-heal|p1a: Zamazenta|98/100|[from] item: Leftovers
|upkeep
|turn|26
|
|t:|1743881018
|move|p1a: Zamazenta|Substitute|p1a: Zamazenta
|-start|p1a: Zamazenta|Substitute
|-damage|p1a: Zamazenta|73/100
|move|p2a: Incineroar|Will-O-Wisp||[still]
|-fail|p2a: Incineroar
|
|-heal|p1a: Zamazenta|80/100|[from] item: Leftovers
|upkeep
|turn|27
|
|t:|1743881027
|move|p1a: Zamazenta|Iron Defense|p1a: Zamazenta
|-boost|p1a: Zamazenta|def|2
|move|p2a: Incineroar|Flare Blitz|p1a: Zamazenta
|-activate|p1a: Zamazenta|move: Substitute|[damage]
|-damage|p2a: Incineroar|66/100|[from] Recoil|[of] p1a: Zamazenta
|
|-heal|p1a: Zamazenta|86/100|[from] item: Leftovers
|upkeep
|turn|28
|
|t:|1743881032
|move|p1a: Zamazenta|Substitute|p1a: Zamazenta
|-fail|p1a: Zamazenta|move: Substitute
|move|p2a: Incineroar|Flare Blitz|p1a: Zamazenta
|-end|p1a: Zamazenta|Substitute
|-damage|p2a: Incineroar|63/100|[from] Recoil|[of] p1a: Zamazenta
|
|-heal|p1a: Zamazenta|92/100|[from] item: Leftovers
|upkeep
|turn|29
|
|t:|1743881043
|switch|p2a: Alomomola|Alomomola, M|100/100
|move|p1a: Zamazenta|Substitute|p1a: Zamazenta
|-start|p1a: Zamazenta|Substitute
|-damage|p1a: Zamazenta|67/100
|
|-heal|p1a: Zamazenta|73/100|[from] item: Leftovers
|upkeep
|turn|30
|
|t:|1743881051
|move|p1a: Zamazenta|Iron Defense|p1a: Zamazenta
|-boost|p1a: Zamazenta|def|2
|move|p2a: Alomomola|Flip Turn|p1a: Zamazenta
|-activate|p1a: Zamazenta|move: Substitute|[damage]
|
|t:|1743881053
|switch|p2a: Incineroar|Incineroar, M|63/100|[from] Flip Turn
|-ability|p2a: Incineroar|Intimidate|boost
|-immune|p1a: Zamazenta
|
|-heal|p1a: Zamazenta|80/100|[from] item: Leftovers
|upkeep
|turn|31
|
|t:|1743881057
|move|p1a: Zamazenta|Body Press|p2a: Incineroar
|-supereffective|p2a: Incineroar
|-damage|p2a: Incineroar|0 fnt
|faint|p2a: Incineroar
|
|-heal|p1a: Zamazenta|86/100|[from] item: Leftovers
|upkeep
|-message|agodamongallmen forfeited.
|
|win|kownish
|raw|kownish's rating: 1498 &rarr; <strong>1513</strong><br />(+15 for winning)
|raw|agodamongallmen's rating: 1416 &rarr; <strong>1401</strong><br />(-15 for losing)
|l|☆agodamongallmen
|player|p2|
|l|☆kownish
|player|p1|
