|j|☆Bum_Muncha
|j|☆mr.diversity
|t:|1743890162
|gametype|singles
|player|p1|Bum_Muncha|102|1654
|player|p2|mr.diversity|bruno|1826
|teamsize|p1|6
|teamsize|p2|6
|gen|9
|tier|[Gen 9] OU
|rated|
|rule|HP Percentage Mod: HP is shown in percentages
|rule|Endless Battle Clause: Forcing endless battles is banned
|rule|Species Clause: Limit one of each Pokémon
|rule|OHKO Clause: OHKO moves are banned
|rule|Evasion Items Clause: Evasion items are banned
|rule|Evasion Moves Clause: Evasion moves are banned
|rule|Sleep Moves Clause: Sleep-inducing moves are banned
|clearpoke
|poke|p1|Ting-Lu|
|poke|p1|Gliscor, M|
|poke|p1|Sinistcha|
|poke|p1|Keldeo-Resolute|
|poke|p1|Tinkaton, F|
|poke|p1|Dragonite, M|
|poke|p2|Landorus-Therian, M|
|poke|p2|Cinderace, M|
|poke|p2|Great Tusk|
|poke|p2|Heatran, M|
|poke|p2|Clodsire, F|
|poke|p2|Armarouge, F|
|teampreview
|inactive|Battle timer is ON: inactive players will automatically lose when time's up. (requested by mr.diversity)
|
|t:|1743890168
|start
|switch|p1a: Keldeo|Keldeo-Resolute|100/100
|switch|p2a: Cinderace|Cinderace, M|100/100
|turn|1
|
|t:|1743890171
|move|p2a: Cinderace|High Jump Kick|p1a: Keldeo
|-start|p2a: Cinderace|typechange|Fighting|[from] ability: Libero
|-damage|p1a: Keldeo|2/100
|move|p1a: Keldeo|Secret Sword|p2a: Cinderace
|-damage|p2a: Cinderace|34/100
|
|upkeep
|turn|2
|
|t:|1743890174
|switch|p2a: Heatran|Heatran, M|100/100
|move|p1a: Keldeo|Vacuum Wave|p2a: Heatran
|-supereffective|p2a: Heatran
|-damage|p2a: Heatran|66/100
|
|upkeep
|turn|3
|
|t:|1743890178
|switch|p2a: Clodsire|Clodsire, F|100/100
|move|p1a: Keldeo|Secret Sword|p2a: Clodsire
|-resisted|p2a: Clodsire
|-damage|p2a: Clodsire|74/100
|
|-heal|p2a: Clodsire|80/100|[from] item: Leftovers
|upkeep
|turn|4
|
|t:|1743890188
|switch|p1a: Ting-Lu|Ting-Lu|100/100
|-ability|p1a: Ting-Lu|Vessel of Ruin
|move|p2a: Clodsire|Stealth Rock|p1a: Ting-Lu
|-sidestart|p1: Bum_Muncha|move: Stealth Rock
|
|-heal|p2a: Clodsire|87/100|[from] item: Leftovers
|upkeep
|turn|5
|
|t:|1743890190
|move|p1a: Ting-Lu|Spikes|p2a: Clodsire
|-sidestart|p2: mr.diversity|Spikes
|move|p2a: Clodsire|Toxic|p1a: Ting-Lu
|-status|p1a: Ting-Lu|tox
|
|-heal|p2a: Clodsire|93/100|[from] item: Leftovers
|-damage|p1a: Ting-Lu|94/100 tox|[from] psn
|upkeep
|turn|6
|
|t:|1743890193
|switch|p2a: Landorus|Landorus-Therian, M|100/100
|-ability|p2a: Landorus|Intimidate|boost
|-unboost|p1a: Ting-Lu|atk|1
|move|p1a: Ting-Lu|Ruination|p2a: Landorus
|-damage|p2a: Landorus|51/100
|
|-heal|p1a: Ting-Lu|100/100 tox|[from] item: Leftovers
|-damage|p1a: Ting-Lu|88/100 tox|[from] psn
|upkeep
|turn|7
|
|t:|1743890196
|switch|p1a: Tinkaton|Tinkaton, F|100/100
|-damage|p1a: Tinkaton|94/100|[from] Stealth Rock
|-ability|p1a: Tinkaton|Mold Breaker
|-item|p1a: Tinkaton|Air Balloon
|move|p2a: Landorus|U-turn|p1a: Tinkaton
|-resisted|p1a: Tinkaton
|-damage|p1a: Tinkaton|82/100
|-enditem|p1a: Tinkaton|Air Balloon
|
|t:|1743890198
|switch|p2a: Great Tusk|Great Tusk|100/100|[from] U-turn
|-damage|p2a: Great Tusk|88/100|[from] Spikes
|-enditem|p2a: Great Tusk|Booster Energy
|-activate|p2a: Great Tusk|ability: Protosynthesis|[fromitem]
|-start|p2a: Great Tusk|protosynthesisatk
|
|upkeep
|turn|8
|
|t:|1743890204
|move|p1a: Tinkaton|Gigaton Hammer|p2a: Great Tusk
|-damage|p2a: Great Tusk|58/100
|move|p2a: Great Tusk|Rapid Spin|p1a: Tinkaton
|-resisted|p1a: Tinkaton
|-damage|p1a: Tinkaton|71/100
|-boost|p2a: Great Tusk|spe|1
|-sideend|p2: mr.diversity|Spikes|[from] move: Rapid Spin|[of] p2a: Great Tusk
|
|upkeep
|turn|9
|
|t:|1743890213
|switch|p1a: Sinistcha|Sinistcha|100/100
|move|p2a: Great Tusk|Headlong Rush|p1a: Sinistcha
|-resisted|p1a: Sinistcha
|-damage|p1a: Sinistcha|74/100
|-unboost|p2a: Great Tusk|def|1
|-unboost|p2a: Great Tusk|spd|1
|
|upkeep
|turn|10
|
|t:|1743890218
|-terastallize|p2a: Great Tusk|Ice
|move|p2a: Great Tusk|Ice Spinner|p1a: Sinistcha
|-supereffective|p1a: Sinistcha
|-damage|p1a: Sinistcha|0 fnt
|faint|p1a: Sinistcha
|
|upkeep
|
|t:|1743890221
|switch|p1a: Keldeo|Keldeo-Resolute|2/100
|turn|11
|
|t:|1743890224
|-end|p2a: Great Tusk|Protosynthesis|[silent]
|switch|p2a: Clodsire|Clodsire, F|93/100
|move|p1a: Keldeo|Vacuum Wave|p2a: Clodsire
|-resisted|p2a: Clodsire
|-crit|p2a: Clodsire
|-damage|p2a: Clodsire|84/100
|
|-heal|p2a: Clodsire|90/100|[from] item: Leftovers
|upkeep
|turn|12
|
|t:|1743890227
|switch|p1a: Tinkaton|Tinkaton, F|71/100
|-damage|p1a: Tinkaton|65/100|[from] Stealth Rock
|-ability|p1a: Tinkaton|Mold Breaker
|move|p2a: Clodsire|Earthquake|p1a: Tinkaton
|-supereffective|p1a: Tinkaton
|-damage|p1a: Tinkaton|3/100
|
|-heal|p2a: Clodsire|96/100|[from] item: Leftovers
|upkeep
|turn|13
|
|t:|1743890229
|switch|p2a: Armarouge|Armarouge, F|100/100
|move|p1a: Tinkaton|Stealth Rock|p2a: Armarouge
|-sidestart|p2: mr.diversity|move: Stealth Rock
|
|upkeep
|turn|14
|
|t:|1743890232
|move|p1a: Tinkaton|Thunder Wave|p2a: Armarouge
|-status|p2a: Armarouge|par
|move|p2a: Armarouge|Armor Cannon|p1a: Tinkaton
|-supereffective|p1a: Tinkaton
|-damage|p1a: Tinkaton|0 fnt
|-unboost|p2a: Armarouge|def|1
|-unboost|p2a: Armarouge|spd|1
|faint|p1a: Tinkaton
|
|upkeep
|
|t:|1743890236
|switch|p1a: Dragonite|Dragonite, M|100/100
|turn|15
|
|t:|1743890240
|move|p1a: Dragonite|Earthquake|p2a: Armarouge
|-supereffective|p2a: Armarouge
|-damage|p2a: Armarouge|0 fnt
|faint|p2a: Armarouge
|
|upkeep
|
|t:|1743890243
|switch|p2a: Landorus|Landorus-Therian, M|51/100
|-damage|p2a: Landorus|38/100|[from] Stealth Rock
|-ability|p2a: Landorus|Intimidate|boost
|-unboost|p1a: Dragonite|atk|1
|turn|16
|
|t:|1743890262
|move|p2a: Landorus|Stone Edge|p1a: Dragonite
|-supereffective|p1a: Dragonite
|-damage|p1a: Dragonite|44/100
|move|p1a: Dragonite|Dragon Tail|p2a: Landorus
|-damage|p2a: Landorus|14/100
|drag|p2a: Clodsire|Clodsire, F|96/100
|-damage|p2a: Clodsire|90/100|[from] Stealth Rock
|
|-heal|p2a: Clodsire|96/100|[from] item: Leftovers
|upkeep
|turn|17
|
|t:|1743890271
|move|p1a: Dragonite|Roost|p1a: Dragonite
|-heal|p1a: Dragonite|95/100
|-singleturn|p1a: Dragonite|move: Roost
|move|p2a: Clodsire|Toxic|p1a: Dragonite
|-status|p1a: Dragonite|tox
|
|-heal|p2a: Clodsire|100/100|[from] item: Leftovers
|-damage|p1a: Dragonite|88/100 tox|[from] psn
|upkeep
|turn|18
|
|t:|1743890276
|switch|p1a: Ting-Lu|Ting-Lu|88/100 tox
|-damage|p1a: Ting-Lu|82/100 tox|[from] Stealth Rock
|-ability|p1a: Ting-Lu|Vessel of Ruin
|switch|p2a: Landorus|Landorus-Therian, M|14/100
|-damage|p2a: Landorus|2/100|[from] Stealth Rock
|-ability|p2a: Landorus|Intimidate|boost
|-unboost|p1a: Ting-Lu|atk|1
|
|-heal|p1a: Ting-Lu|88/100 tox|[from] item: Leftovers
|-damage|p1a: Ting-Lu|82/100 tox|[from] psn
|upkeep
|turn|19
|
|t:|1743890283
|move|p2a: Landorus|U-turn|p1a: Ting-Lu
|-supereffective|p1a: Ting-Lu
|-damage|p1a: Ting-Lu|34/100 tox
|
|t:|1743890285
|switch|p2a: Great Tusk|Great Tusk, tera:Ice|58/100|[from] U-turn
|-damage|p2a: Great Tusk|33/100|[from] Stealth Rock
|move|p1a: Ting-Lu|Whirlwind|p2a: Great Tusk
|-end|p2a: Great Tusk|Protosynthesis|[silent]
|drag|p2a: Landorus|Landorus-Therian, M|2/100
|-damage|p2a: Landorus|0 fnt|[from] Stealth Rock
|faint|p2a: Landorus
|
|-heal|p1a: Ting-Lu|41/100 tox|[from] item: Leftovers
|-damage|p1a: Ting-Lu|28/100 tox|[from] psn
|upkeep
|
|t:|1743890287
|switch|p2a: Great Tusk|Great Tusk, tera:Ice|33/100
|-damage|p2a: Great Tusk|9/100|[from] Stealth Rock
|turn|20
|
|t:|1743890299
|-terastallize|p1a: Ting-Lu|Ghost
|move|p2a: Great Tusk|Rapid Spin|p1a: Ting-Lu
|-immune|p1a: Ting-Lu
|move|p1a: Ting-Lu|Whirlwind|p2a: Great Tusk
|-end|p2a: Great Tusk|Protosynthesis|[silent]
|drag|p2a: Cinderace|Cinderace, M|34/100
|-damage|p2a: Cinderace|9/100|[from] Stealth Rock
|
|-heal|p1a: Ting-Lu|34/100 tox|[from] item: Leftovers
|-damage|p1a: Ting-Lu|16/100 tox|[from] psn
|upkeep
|turn|21
|
|t:|1743890306
|move|p2a: Cinderace|Pyro Ball|p1a: Ting-Lu
|-damage|p1a: Ting-Lu|0 fnt
|faint|p1a: Ting-Lu
|
|upkeep
|
|t:|1743890309
|switch|p1a: Keldeo|Keldeo-Resolute|2/100
|turn|22
|
|t:|1743890312
|move|p1a: Keldeo|Vacuum Wave|p2a: Cinderace
|-damage|p2a: Cinderace|0 fnt
|faint|p2a: Cinderace
|
|upkeep
|
|t:|1743890314
|switch|p2a: Clodsire|Clodsire, F|100/100
|-damage|p2a: Clodsire|94/100|[from] Stealth Rock
|turn|23
|-message|mr.diversity forfeited.
|
|win|Bum_Muncha
|raw|Bum_Muncha's rating: 1654 &rarr; <strong>1683</strong><br />(+29 for winning)
|raw|mr.diversity's rating: 1826 &rarr; <strong>1797</strong><br />(-29 for losing)
|l|☆mr.diversity
|player|p2|
|l|☆Bum_Muncha
|player|p1|
