|j|☆adci281998
|j|☆sevenight
|t:|1743863789
|gametype|singles
|player|p1|adci281998|lucas|1331
|player|p2|sevenight|266|1297
|teamsize|p1|6
|teamsize|p2|6
|gen|9
|tier|[Gen 9] OU
|rated|
|rule|HP Percentage Mod: HP is shown in percentages
|rule|Endless Battle Clause: Forcing endless battles is banned
|rule|Species Clause: Limit one of each Pokémon
|rule|OHKO Clause: OHKO moves are banned
|rule|Evasion Items Clause: Evasion items are banned
|rule|Evasion Moves Clause: Evasion moves are banned
|rule|Sleep Moves Clause: Sleep-inducing moves are banned
|clearpoke
|poke|p1|Great Tusk|
|poke|p1|Samurott-Hisui, M|
|poke|p1|Rillaboom, M|
|poke|p1|Dragapult, M|
|poke|p1|Gholdengo|
|poke|p1|Clefable, F|
|poke|p2|Cinccino, M|
|poke|p2|Primarina, F|
|poke|p2|Landorus-Therian, M|
|poke|p2|Walking Wake|
|poke|p2|Kyurem|
|poke|p2|Moltres|
|teampreview
|inactive|Battle timer is ON: inactive players will automatically lose when time's up. (requested by sevenight)
|
|t:|1743863808
|start
|switch|p1a: Great Tusk|Great Tusk|100/100
|switch|p2a: Cinccino|Cinccino, M|100/100
|turn|1
|
|t:|1743863814
|move|p2a: Cinccino|Bullet Seed|p1a: Great Tusk
|-supereffective|p1a: Great Tusk
|-damage|p1a: Great Tusk|88/100
|-supereffective|p1a: Great Tusk
|-crit|p1a: Great Tusk
|-damage|p1a: Great Tusk|68/100
|-supereffective|p1a: Great Tusk
|-damage|p1a: Great Tusk|55/100
|-supereffective|p1a: Great Tusk
|-damage|p1a: Great Tusk|43/100
|-hitcount|p1a: Great Tusk|4
|move|p1a: Great Tusk|Stealth Rock|p2a: Cinccino
|-sidestart|p2: sevenight|move: Stealth Rock
|
|upkeep
|turn|2
|
|t:|1743863819
|-end|p1a: Great Tusk|Protosynthesis|[silent]
|switch|p1a: Gholdengo|Gholdengo|100/100
|move|p2a: Cinccino|Bullet Seed|p1a: Gholdengo
|-resisted|p1a: Gholdengo
|-damage|p1a: Gholdengo|95/100
|-resisted|p1a: Gholdengo
|-damage|p1a: Gholdengo|89/100
|-resisted|p1a: Gholdengo
|-damage|p1a: Gholdengo|84/100
|-resisted|p1a: Gholdengo
|-damage|p1a: Gholdengo|78/100
|-resisted|p1a: Gholdengo
|-damage|p1a: Gholdengo|73/100
|-hitcount|p1a: Gholdengo|5
|
|upkeep
|turn|3
|
|t:|1743863827
|-terastallize|p1a: Gholdengo|Fighting
|move|p1a: Gholdengo|Tera Blast|p2a: Cinccino|[anim] Tera Blast Fighting
|-supereffective|p2a: Cinccino
|-damage|p2a: Cinccino|0 fnt
|faint|p2a: Cinccino
|
|upkeep
|inactive|sevenight has 120 seconds left.
|
|t:|1743863861
|switch|p2a: Moltres|Moltres|100/100
|turn|4
|inactive|sevenight has 120 seconds left.
|
|t:|1743863872
|switch|p1a: Dragapult|Dragapult, M|100/100
|move|p2a: Moltres|Flamethrower|p1a: Dragapult
|-resisted|p1a: Dragapult
|-damage|p1a: Dragapult|70/100
|
|upkeep
|turn|5
|
|t:|1743863878
|move|p1a: Dragapult|Shadow Ball|p2a: Moltres
|-crit|p2a: Moltres
|-damage|p2a: Moltres|4/100
|move|p2a: Moltres|Will-O-Wisp|p1a: Dragapult
|-status|p1a: Dragapult|brn
|
|-damage|p1a: Dragapult|64/100 brn|[from] brn
|upkeep
|turn|6
|
|t:|1743863890
|move|p1a: Dragapult|Shadow Ball|p2a: Moltres
|-damage|p2a: Moltres|0 fnt
|faint|p2a: Moltres
|
|-damage|p1a: Dragapult|58/100 brn|[from] brn
|upkeep
|
|t:|1743863894
|switch|p2a: Primarina|Primarina, F|100/100
|-damage|p2a: Primarina|88/100|[from] Stealth Rock
|turn|7
|
|t:|1743863904
|switch|p1a: Rillaboom|Rillaboom, M|100/100
|-fieldstart|move: Grassy Terrain|[from] ability: Grassy Surge|[of] p1a: Rillaboom
|move|p2a: Primarina|Moonblast|p1a: Rillaboom
|-damage|p1a: Rillaboom|45/100
|
|-heal|p1a: Rillaboom|51/100|[from] Grassy Terrain
|-heal|p2a: Primarina|94/100|[from] Grassy Terrain
|-heal|p2a: Primarina|99/100|[from] item: Leftovers
|upkeep
|turn|8
|
|t:|1743863909
|switch|p2a: Landorus|Landorus-Therian, M|100/100
|-damage|p2a: Landorus|88/100|[from] Stealth Rock
|-ability|p2a: Landorus|Intimidate|boost
|-unboost|p1a: Rillaboom|atk|1
|move|p1a: Rillaboom|Grassy Glide|p2a: Landorus
|-damage|p2a: Landorus|43/100
|
|-heal|p1a: Rillaboom|57/100|[from] Grassy Terrain
|upkeep
|turn|9
|
|t:|1743863920
|move|p1a: Rillaboom|Grassy Glide|p2a: Landorus
|-damage|p2a: Landorus|0 fnt
|faint|p2a: Landorus
|
|-heal|p1a: Rillaboom|63/100|[from] Grassy Terrain
|upkeep
|
|t:|1743863927
|switch|p2a: Kyurem|Kyurem|100/100
|-damage|p2a: Kyurem|76/100|[from] Stealth Rock
|-ability|p2a: Kyurem|Pressure
|turn|10
|
|t:|1743863935
|switch|p1a: Clefable|Clefable, F|100/100
|move|p2a: Kyurem|Scale Shot|p1a: Clefable
|-immune|p1a: Clefable
|
|-heal|p2a: Kyurem|82/100|[from] Grassy Terrain
|upkeep
|turn|11
|
|t:|1743863948
|switch|p2a: Walking Wake|Walking Wake|100/100
|-damage|p2a: Walking Wake|88/100|[from] Stealth Rock
|move|p1a: Clefable|Moonblast|p2a: Walking Wake
|-supereffective|p2a: Walking Wake
|-damage|p2a: Walking Wake|19/100
|-unboost|p2a: Walking Wake|spa|1
|
|-heal|p2a: Walking Wake|25/100|[from] Grassy Terrain
|-fieldend|move: Grassy Terrain
|upkeep
|turn|12
|
|t:|1743863964
|switch|p1a: Samurott|Samurott-Hisui, M|100/100
|move|p2a: Walking Wake|Hurricane|p1a: Samurott
|-damage|p1a: Samurott|48/100
|
|upkeep
|turn|13
|
|t:|1743863971
|move|p2a: Walking Wake|Hurricane|p1a: Samurott
|-damage|p1a: Samurott|0 fnt
|faint|p1a: Samurott
|
|upkeep
|
|t:|1743863974
|switch|p1a: Rillaboom|Rillaboom, M|63/100
|-fieldstart|move: Grassy Terrain|[from] ability: Grassy Surge|[of] p1a: Rillaboom
|turn|14
|
|t:|1743863977
|move|p1a: Rillaboom|Grassy Glide|p2a: Walking Wake
|-damage|p2a: Walking Wake|0 fnt
|faint|p2a: Walking Wake
|-end|p2a: Walking Wake|Protosynthesis|[silent]
|
|-heal|p1a: Rillaboom|69/100|[from] Grassy Terrain
|upkeep
|
|t:|1743863981
|switch|p2a: Kyurem|Kyurem|82/100
|-damage|p2a: Kyurem|57/100|[from] Stealth Rock
|-ability|p2a: Kyurem|Pressure
|turn|15
|
|t:|1743863986
|switch|p1a: Clefable|Clefable, F|100/100
|move|p2a: Kyurem|Icicle Spear|p1a: Clefable
|-damage|p1a: Clefable|85/100
|-damage|p1a: Clefable|70/100
|-damage|p1a: Clefable|52/100
|-damage|p1a: Clefable|37/100
|-damage|p1a: Clefable|21/100
|-hitcount|p1a: Clefable|5
|
|-heal|p2a: Kyurem|63/100|[from] Grassy Terrain
|-heal|p1a: Clefable|27/100|[from] Grassy Terrain
|-heal|p1a: Clefable|33/100|[from] item: Leftovers
|upkeep
|turn|16
|
|t:|1743863992
|switch|p1a: Gholdengo|Gholdengo, tera:Fighting|73/100
|move|p2a: Kyurem|Icicle Spear|p1a: Gholdengo
|-damage|p1a: Gholdengo|56/100
|-damage|p1a: Gholdengo|40/100
|-damage|p1a: Gholdengo|24/100
|-damage|p1a: Gholdengo|9/100
|-hitcount|p1a: Gholdengo|4
|
|-heal|p1a: Gholdengo|15/100|[from] Grassy Terrain
|-heal|p2a: Kyurem|69/100|[from] Grassy Terrain
|upkeep
|turn|17
|
|t:|1743864005
|switch|p2a: Primarina|Primarina, F|99/100
|-damage|p2a: Primarina|88/100|[from] Stealth Rock
|move|p1a: Gholdengo|Make It Rain|p2a: Primarina
|-damage|p2a: Primarina|39/100
|-unboost|p1a: Gholdengo|spa|1
|
|-heal|p1a: Gholdengo|21/100|[from] Grassy Terrain
|-heal|p2a: Primarina|45/100|[from] Grassy Terrain
|-heal|p2a: Primarina|51/100|[from] item: Leftovers
|upkeep
|turn|18
|
|t:|1743864018
|switch|p1a: Clefable|Clefable, F|33/100
|move|p2a: Primarina|Surf|p1a: Clefable
|-damage|p1a: Clefable|0 fnt
|faint|p1a: Clefable
|
|-heal|p2a: Primarina|57/100|[from] Grassy Terrain
|-heal|p2a: Primarina|63/100|[from] item: Leftovers
|-fieldend|move: Grassy Terrain
|upkeep
|
|t:|1743864020
|switch|p1a: Rillaboom|Rillaboom, M|69/100
|-fieldstart|move: Grassy Terrain|[from] ability: Grassy Surge|[of] p1a: Rillaboom
|turn|19
|
|t:|1743864027
|move|p1a: Rillaboom|Grassy Glide|p2a: Primarina
|-supereffective|p2a: Primarina
|-damage|p2a: Primarina|0 fnt
|faint|p2a: Primarina
|
|-heal|p1a: Rillaboom|75/100|[from] Grassy Terrain
|upkeep
|
|t:|1743864032
|switch|p2a: Kyurem|Kyurem|69/100
|-damage|p2a: Kyurem|44/100|[from] Stealth Rock
|-ability|p2a: Kyurem|Pressure
|turn|20
|
|t:|1743864040
|move|p1a: Rillaboom|Grassy Glide|p2a: Kyurem
|-resisted|p2a: Kyurem
|-damage|p2a: Kyurem|18/100
|move|p2a: Kyurem|Scale Shot|p1a: Rillaboom
|-damage|p1a: Rillaboom|61/100
|-damage|p1a: Rillaboom|46/100
|-damage|p1a: Rillaboom|33/100
|-damage|p1a: Rillaboom|19/100
|-damage|p1a: Rillaboom|4/100
|-hitcount|p1a: Rillaboom|5
|-unboost|p2a: Kyurem|def|1
|-boost|p2a: Kyurem|spe|1
|
|-heal|p2a: Kyurem|25/100|[from] Grassy Terrain
|-heal|p1a: Rillaboom|10/100|[from] Grassy Terrain
|upkeep
|turn|21
|
|t:|1743864054
|move|p1a: Rillaboom|Grassy Glide|p2a: Kyurem
|-resisted|p2a: Kyurem
|-damage|p2a: Kyurem|0 fnt
|faint|p2a: Kyurem
|
|win|adci281998
|raw|adci281998's rating: 1309 &rarr; <strong>1328</strong><br />(+19 for winning)
|raw|sevenight's rating: 1297 &rarr; <strong>1273</strong><br />(-24 for losing)
|l|☆sevenight
|player|p2|
|l|☆adci281998
|player|p1|
