|j|☆elviola
|j|☆TheLump
|t:|1743912248
|gametype|singles
|player|p1|elviola|swimmer-gen4dp|1157
|player|p2|TheLump|1|1138
|teamsize|p1|6
|teamsize|p2|6
|gen|9
|tier|[Gen 9] OU
|rated|
|rule|HP Percentage Mod: HP is shown in percentages
|rule|Endless Battle Clause: Forcing endless battles is banned
|rule|Species Clause: Limit one of each Pokémon
|rule|OHKO Clause: OHKO moves are banned
|rule|Evasion Items Clause: Evasion items are banned
|rule|Evasion Moves Clause: Evasion moves are banned
|rule|Sleep Moves Clause: Sleep-inducing moves are banned
|clearpoke
|poke|p1|Landorus-Therian, M|
|poke|p1|Zamazenta-*|
|poke|p1|Kingambit, F|
|poke|p1|Samurott-Hisui, M|
|poke|p1|Iron Valiant|
|poke|p1|Iron Moth|
|poke|p2|Venomoth, F|
|poke|p2|Victreebel, M|
|poke|p2|Torkoal, F|
|poke|p2|Iron Moth|
|poke|p2|Revavroom, M|
|poke|p2|Swalot, F|
|teampreview
|
|t:|1743912264
|start
|switch|p1a: Landorus|Landorus-Therian, M|100/100
|switch|p2a: Swalot|Swalot, F|100/100
|-ability|p1a: Landorus|Intimidate|boost
|-unboost|p2a: Swalot|atk|1
|turn|1
|
|t:|1743912270
|move|p1a: Landorus|Taunt|p2a: Swalot
|-start|p2a: Swalot|move: Taunt
|move|p2a: Swalot|Ice Beam|p1a: Landorus
|-supereffective|p1a: Landorus
|-damage|p1a: Landorus|37/100
|
|upkeep
|turn|2
|
|t:|1743912314
|move|p1a: Landorus|Earthquake|p2a: Swalot
|-supereffective|p2a: Swalot
|-damage|p2a: Swalot|0 fnt
|faint|p2a: Swalot
|
|upkeep
|inactive|Battle timer is ON: inactive players will automatically lose when time's up. (requested by elviola)
|
|t:|1743912347
|switch|p2a: Torkoal|Torkoal, F, shiny|100/100
|-weather|SunnyDay|[from] ability: Drought|[of] p2a: Torkoal
|turn|3
|
|t:|1743912350
|move|p1a: Landorus|Earthquake|p2a: Torkoal
|-supereffective|p2a: Torkoal
|-damage|p2a: Torkoal|36/100
|move|p2a: Torkoal|Lava Plume|p1a: Landorus
|-damage|p1a: Landorus|0 fnt
|faint|p1a: Landorus
|
|-weather|SunnyDay|[upkeep]
|upkeep
|
|t:|1743912373
|switch|p1a: Samurott|Samurott-Hisui, M|100/100
|turn|4
|
|t:|1743912379
|move|p1a: Samurott|Razor Shell|p2a: Torkoal
|-supereffective|p2a: Torkoal
|-damage|p2a: Torkoal|0 fnt
|faint|p2a: Torkoal
|
|-weather|SunnyDay|[upkeep]
|upkeep
|
|t:|1743912381
|switch|p2a: Lowi Trusmadi|Victreebel, M|100/100
|turn|5
|
|t:|1743912400
|switch|p1a: Iron Moth|Iron Moth|100/100
|-enditem|p1a: Iron Moth|Booster Energy
|-activate|p1a: Iron Moth|ability: Quark Drive|[fromitem]
|-start|p1a: Iron Moth|quarkdrivespe
|move|p2a: Lowi Trusmadi|Giga Drain|p1a: Iron Moth
|-resisted|p1a: Iron Moth
|-damage|p1a: Iron Moth|93/100
|
|-weather|SunnyDay|[upkeep]
|upkeep
|turn|6
|
|t:|1743912425
|switch|p2a: Iron Moth|Iron Moth|100/100
|-enditem|p2a: Iron Moth|Booster Energy
|-activate|p2a: Iron Moth|ability: Quark Drive|[fromitem]
|-start|p2a: Iron Moth|quarkdrivespe
|-terastallize|p1a: Iron Moth|Ground
|move|p1a: Iron Moth|Tera Blast|p2a: Iron Moth|[anim] Tera Blast Ground
|-supereffective|p2a: Iron Moth
|-damage|p2a: Iron Moth|0 fnt
|faint|p2a: Iron Moth
|-end|p2a: Iron Moth|Quark Drive|[silent]
|
|-weather|SunnyDay|[upkeep]
|upkeep
|c|☆elviola|THE READ
|c|☆elviola|THE READDDD
|
|t:|1743912431
|switch|p2a: Lowi Trusmadi|Victreebel, M|100/100
|turn|7
|c|☆elviola|LIKE A BOOKKKKKK
|
|t:|1743912442
|move|p1a: Iron Moth|Fiery Dance|p2a: Lowi Trusmadi
|-supereffective|p2a: Lowi Trusmadi
|-crit|p2a: Lowi Trusmadi
|-damage|p2a: Lowi Trusmadi|0 fnt
|-boost|p1a: Iron Moth|spa|1
|faint|p2a: Lowi Trusmadi
|
|-weather|SunnyDay|[upkeep]
|upkeep
|
|t:|1743912449
|switch|p2a: Revavroom|Revavroom, M|100/100
|turn|8
|c|☆elviola|READING YOUR ASS LIKE THE MORNING NEWSSSSS
|
|t:|1743912458
|-terastallize|p2a: Revavroom|Flying
|move|p1a: Iron Moth|Fiery Dance|p2a: Revavroom
|-damage|p2a: Revavroom|0 fnt
|faint|p2a: Revavroom
|
|-weather|SunnyDay|[upkeep]
|upkeep
|
|t:|1743912462
|switch|p2a: Venomoth|Venomoth, F|100/100
|turn|9
|
|t:|1743912467
|move|p1a: Iron Moth|Fiery Dance|p2a: Venomoth
|-supereffective|p2a: Venomoth
|-damage|p2a: Venomoth|0 fnt
|-boost|p1a: Iron Moth|spa|1
|faint|p2a: Venomoth
|
|win|elviola
|raw|elviola's rating: 1157 &rarr; <strong>1181</strong><br />(+24 for winning)
|raw|TheLump's rating: 1138 &rarr; <strong>1114</strong><br />(-24 for losing)
|l|☆TheLump
|player|p2|
