|j|☆Maitre chamalow
|j|☆CarrotStix
|t:|1743782539
|gametype|singles
|player|p1|Maitre chamalow|169|1283
|player|p2|CarrotStix|plasmagruntf-gen5bw|1328
|teamsize|p1|6
|teamsize|p2|6
|gen|9
|tier|[Gen 9] OU
|rated|
|rule|HP Percentage Mod: HP is shown in percentages
|rule|Endless Battle Clause: Forcing endless battles is banned
|rule|Species Clause: Limit one of each Pokémon
|rule|OHKO Clause: OHKO moves are banned
|rule|Evasion Items Clause: Evasion items are banned
|rule|Evasion Moves Clause: Evasion moves are banned
|rule|Sleep Moves Clause: Sleep-inducing moves are banned
|clearpoke
|poke|p1|Iron Leaves|
|poke|p1|Glimmora, F|
|poke|p1|Dragapult, F|
|poke|p1|Kingambit, M|
|poke|p1|Great Tusk|
|poke|p1|Iron Valiant|
|poke|p2|Great Tusk|
|poke|p2|Lilligant, F|
|poke|p2|Walking Wake|
|poke|p2|Torkoal, F|
|poke|p2|Raging Bolt|
|poke|p2|Cinderace, M|
|teampreview
|inactive|Battle timer is ON: inactive players will automatically lose when time's up. (requested by Maitre chamalow)
|
|t:|1743782554
|start
|switch|p1a: Glimmora|Glimmora, F|100/100
|switch|p2a: Rakwis|Torkoal, F, shiny|100/100
|-weather|SunnyDay|[from] ability: Drought|[of] p2a: Rakwis
|turn|1
|
|t:|1743782559
|switch|p2a: かぎやま ひな|Lilligant, F|100/100
|move|p1a: Glimmora|Power Gem|p2a: かぎやま ひな
|-damage|p2a: かぎやま ひな|36/100
|
|-weather|SunnyDay|[upkeep]
|upkeep
|turn|2
|
|t:|1743782567
|move|p2a: かぎやま ひな|Solar Beam||[still]
|-prepare|p2a: かぎやま ひな|Solar Beam
|-anim|p2a: かぎやま ひな|Solar Beam|p1a: Glimmora
|-enditem|p1a: Glimmora|Focus Sash
|-damage|p1a: Glimmora|1/100
|-damage|p2a: かぎやま ひな|26/100|[from] item: Life Orb
|move|p1a: Glimmora|Power Gem|p2a: かぎやま ひな
|-damage|p2a: かぎやま ひな|0 fnt
|faint|p2a: かぎやま ひな
|
|-weather|SunnyDay|[upkeep]
|upkeep
|
|t:|1743782573
|switch|p2a: U. ostrommaysi|Walking Wake|100/100
|-activate|p2a: U. ostrommaysi|ability: Protosynthesis
|-start|p2a: U. ostrommaysi|protosynthesisspa
|turn|3
|
|t:|1743782578
|move|p2a: U. ostrommaysi|Hydro Steam|p1a: Glimmora
|-supereffective|p1a: Glimmora
|-damage|p1a: Glimmora|0 fnt
|faint|p1a: Glimmora
|
|-weather|SunnyDay|[upkeep]
|upkeep
|
|t:|1743782583
|switch|p1a: Iron Leaves|Iron Leaves|100/100
|-enditem|p1a: Iron Leaves|Booster Energy
|-activate|p1a: Iron Leaves|ability: Quark Drive|[fromitem]
|-start|p1a: Iron Leaves|quarkdrivespe
|turn|4
|
|t:|1743782591
|move|p1a: Iron Leaves|Swords Dance|p1a: Iron Leaves
|-boost|p1a: Iron Leaves|atk|2
|move|p2a: U. ostrommaysi|Hydro Steam|p1a: Iron Leaves
|-resisted|p1a: Iron Leaves
|-damage|p1a: Iron Leaves|63/100
|
|-weather|SunnyDay|[upkeep]
|upkeep
|turn|5
|
|t:|1743782598
|-end|p2a: U. ostrommaysi|Protosynthesis|[silent]
|switch|p2a: Ichirin|Raging Bolt|100/100
|-activate|p2a: Ichirin|ability: Protosynthesis
|-start|p2a: Ichirin|protosynthesisspa
|move|p1a: Iron Leaves|Leaf Blade|p2a: Ichirin
|-resisted|p2a: Ichirin
|-damage|p2a: Ichirin|63/100
|
|-weather|SunnyDay|[upkeep]
|-heal|p2a: Ichirin|69/100|[from] item: Leftovers
|upkeep
|turn|6
|
|t:|1743782604
|move|p1a: Iron Leaves|Psyblade|p2a: Ichirin
|-damage|p2a: Ichirin|2/100
|move|p2a: Ichirin|Dragon Pulse|p1a: Iron Leaves
|-crit|p1a: Iron Leaves
|-damage|p1a: Iron Leaves|0 fnt
|faint|p1a: Iron Leaves
|-end|p1a: Iron Leaves|Quark Drive|[silent]
|
|-weather|SunnyDay|[upkeep]
|-heal|p2a: Ichirin|8/100|[from] item: Leftovers
|upkeep
|
|t:|1743782618
|switch|p1a: Dragapult|Dragapult, F|100/100
|turn|7
|
|t:|1743782625
|move|p2a: Ichirin|Thunderclap|p1a: Dragapult
|-resisted|p1a: Dragapult
|-crit|p1a: Dragapult
|-damage|p1a: Dragapult|42/100
|move|p1a: Dragapult|Dragon Darts|p2a: Ichirin
|-supereffective|p2a: Ichirin
|-damage|p2a: Ichirin|0 fnt
|faint|p2a: Ichirin
|-end|p2a: Ichirin|Protosynthesis|[silent]
|
|-weather|SunnyDay|[upkeep]
|upkeep
|
|t:|1743782632
|switch|p2a: U. ostrommaysi|Walking Wake|100/100
|-activate|p2a: U. ostrommaysi|ability: Protosynthesis
|-start|p2a: U. ostrommaysi|protosynthesisspa
|turn|8
|
|t:|1743782648
|move|p2a: U. ostrommaysi|Hydro Steam|p1a: Dragapult
|-resisted|p1a: Dragapult
|-damage|p1a: Dragapult|0 fnt
|faint|p1a: Dragapult
|
|-weather|none
|-end|p2a: U. ostrommaysi|Protosynthesis
|upkeep
|
|t:|1743782664
|switch|p1a: Great Tusk|Great Tusk|100/100
|-enditem|p1a: Great Tusk|Booster Energy
|-activate|p1a: Great Tusk|ability: Protosynthesis|[fromitem]
|-start|p1a: Great Tusk|protosynthesisatk
|turn|9
|
|t:|1743782667
|-end|p2a: U. ostrommaysi|Protosynthesis|[silent]
|switch|p2a: Rakwis|Torkoal, F, shiny|100/100
|-weather|SunnyDay|[from] ability: Drought|[of] p2a: Rakwis
|-terastallize|p1a: Great Tusk|Water
|move|p1a: Great Tusk|Rapid Spin|p2a: Rakwis
|-damage|p2a: Rakwis|84/100
|-boost|p1a: Great Tusk|spe|1
|
|-weather|SunnyDay|[upkeep]
|upkeep
|turn|10
|
|t:|1743782675
|move|p1a: Great Tusk|Rapid Spin|p2a: Rakwis
|-damage|p2a: Rakwis|68/100
|-boost|p1a: Great Tusk|spe|1
|move|p2a: Rakwis|Clear Smog|p1a: Great Tusk
|-damage|p1a: Great Tusk|84/100
|-clearboost|p1a: Great Tusk
|
|-weather|SunnyDay|[upkeep]
|upkeep
|turn|11
|
|t:|1743782691
|switch|p2a: U. ostrommaysi|Walking Wake|100/100
|-activate|p2a: U. ostrommaysi|ability: Protosynthesis
|-start|p2a: U. ostrommaysi|protosynthesisspa
|move|p1a: Great Tusk|Headlong Rush|p2a: U. ostrommaysi
|-damage|p2a: U. ostrommaysi|11/100
|-unboost|p1a: Great Tusk|def|1
|-unboost|p1a: Great Tusk|spd|1
|
|-weather|SunnyDay|[upkeep]
|upkeep
|turn|12
|
|t:|1743782696
|move|p2a: U. ostrommaysi|Draco Meteor|p1a: Great Tusk
|-damage|p1a: Great Tusk|0 fnt
|-unboost|p2a: U. ostrommaysi|spa|2
|faint|p1a: Great Tusk
|-end|p1a: Great Tusk|Protosynthesis|[silent]
|
|-weather|SunnyDay|[upkeep]
|upkeep
|
|t:|1743782698
|switch|p1a: Iron Valiant|Iron Valiant|100/100
|turn|13
|
|t:|1743782705
|-end|p2a: U. ostrommaysi|Protosynthesis|[silent]
|switch|p2a: The Fool|Cinderace, M|100/100
|move|p1a: Iron Valiant|Focus Blast|p2a: The Fool|[miss]
|-miss|p1a: Iron Valiant|p2a: The Fool
|
|-weather|SunnyDay|[upkeep]
|upkeep
|turn|14
|
|t:|1743782716
|move|p1a: Iron Valiant|Focus Blast|p2a: The Fool|[miss]
|-miss|p1a: Iron Valiant|p2a: The Fool
|move|p2a: The Fool|Pyro Ball|p1a: Iron Valiant
|-damage|p1a: Iron Valiant|0 fnt
|faint|p1a: Iron Valiant
|-end|p1a: Iron Valiant|Quark Drive|[silent]
|
|-weather|SunnyDay|[upkeep]
|upkeep
|
|t:|1743782721
|switch|p1a: Kingambit|Kingambit, M|100/100
|-activate|p1a: Kingambit|ability: Supreme Overlord
|-start|p1a: Kingambit|fallen5|[silent]
|turn|15
|
|t:|1743782726
|move|p1a: Kingambit|Sucker Punch|p2a: The Fool
|-damage|p2a: The Fool|7/100
|move|p2a: The Fool|Pyro Ball|p1a: Kingambit
|-supereffective|p1a: Kingambit
|-damage|p1a: Kingambit|0 fnt
|faint|p1a: Kingambit
|-end|p1a: Kingambit|fallen5|[silent]
|
|win|CarrotStix
|raw|Maitre chamalow's rating: 1283 &rarr; <strong>1261</strong><br />(-22 for losing)
|raw|CarrotStix's rating: 1328 &rarr; <strong>1345</strong><br />(+17 for winning)
|l|☆CarrotStix
|player|p2|
|l|☆Maitre chamalow
|player|p1|
