|j|☆CrimsonLeonidas
|j|☆RoutesReborn
|t:|1743811743
|gametype|singles
|player|p1|CrimsonLeonidas|101|1182
|player|p2|RoutesReborn|volkner|1199
|teamsize|p1|6
|teamsize|p2|6
|gen|9
|tier|[Gen 9] OU
|rated|
|rule|HP Percentage Mod: HP is shown in percentages
|rule|Endless Battle Clause: Forcing endless battles is banned
|rule|Species Clause: Limit one of each Pokémon
|rule|OHKO Clause: OHKO moves are banned
|rule|Evasion Items Clause: Evasion items are banned
|rule|Evasion Moves Clause: Evasion moves are banned
|rule|Sleep Moves Clause: Sleep-inducing moves are banned
|clearpoke
|poke|p1|Darkrai|
|poke|p1|Corviknight, M|
|poke|p1|Ursaluna, M|
|poke|p1|Lokix, F|
|poke|p1|Rillaboom, F|
|poke|p1|Primarina, M|
|poke|p2|Kingambit, M|
|poke|p2|Garchomp, M|
|poke|p2|Pecharunt|
|poke|p2|Darkrai|
|poke|p2|Kyurem|
|poke|p2|Zapdos-Galar|
|teampreview
|inactive|Battle timer is ON: inactive players will automatically lose when time's up. (requested by RoutesReborn)
|inactive|RoutesReborn has 120 seconds left.
|
|t:|1743811776
|start
|switch|p1a: Rillaboom|Rillaboom, F|100/100
|switch|p2a: Garchomp|Garchomp, M|100/100
|-fieldstart|move: Grassy Terrain|[from] ability: Grassy Surge|[of] p1a: Rillaboom
|turn|1
|
|t:|1743811803
|switch|p2a: Pecharunt|Pecharunt|100/100
|-item|p2a: Pecharunt|Air Balloon
|move|p1a: Rillaboom|Wood Hammer|p2a: Pecharunt
|-resisted|p2a: Pecharunt
|-damage|p2a: Pecharunt|68/100
|-enditem|p2a: Pecharunt|Air Balloon
|-damage|p1a: Rillaboom|88/100|[from] Recoil
|
|-heal|p1a: Rillaboom|95/100|[from] Grassy Terrain
|-heal|p2a: Pecharunt|74/100|[from] Grassy Terrain
|upkeep
|turn|2
|
|t:|1743811816
|switch|p1a: Ursaluna|Ursaluna, M|100/100
|move|p2a: Pecharunt|Parting Shot|p1a: Ursaluna
|-unboost|p1a: Ursaluna|atk|1
|-unboost|p1a: Ursaluna|spa|1
|
|t:|1743811830
|switch|p2a: Kyurem|Kyurem|100/100|[from] Parting Shot
|-ability|p2a: Kyurem|Pressure
|
|-status|p1a: Ursaluna|brn|[from] item: Flame Orb
|upkeep
|turn|3
|
|t:|1743811840
|switch|p1a: Primarina|Primarina, M|100/100
|move|p2a: Kyurem|Dragon Dance|p2a: Kyurem
|-boost|p2a: Kyurem|atk|1
|-boost|p2a: Kyurem|spe|1
|
|upkeep
|turn|4
|inactive|RoutesReborn has 120 seconds left.
|
|t:|1743811870
|switch|p2a: Pecharunt|Pecharunt|74/100
|move|p1a: Primarina|Moonblast|p2a: Pecharunt
|-resisted|p2a: Pecharunt
|-damage|p2a: Pecharunt|50/100
|
|-heal|p2a: Pecharunt|57/100|[from] Grassy Terrain
|upkeep
|turn|5
|
|t:|1743811880
|move|p2a: Pecharunt|Parting Shot|p1a: Primarina
|-unboost|p1a: Primarina|atk|1
|-unboost|p1a: Primarina|spa|1
|inactive|RoutesReborn has 120 seconds left.
|
|t:|1743811894
|switch|p2a: Zapdos|Zapdos-Galar|100/100|[from] Parting Shot
|move|p1a: Primarina|Psychic Noise|p2a: Zapdos
|-supereffective|p2a: Zapdos
|-damage|p2a: Zapdos|58/100
|-start|p2a: Zapdos|move: Heal Block
|
|-fieldend|move: Grassy Terrain
|upkeep
|turn|6
|inactive|RoutesReborn has 120 seconds left.
|
|t:|1743811905
|move|p2a: Zapdos|U-turn|p1a: Primarina
|-resisted|p1a: Primarina
|-damage|p1a: Primarina|85/100
|
|t:|1743811908
|switch|p2a: Pecharunt|Pecharunt|57/100|[from] U-turn
|move|p1a: Primarina|Moonblast|p2a: Pecharunt
|-resisted|p2a: Pecharunt
|-damage|p2a: Pecharunt|38/100
|
|upkeep
|turn|7
|
|t:|1743811936
|move|p2a: Pecharunt|Recover|p2a: Pecharunt
|-heal|p2a: Pecharunt|88/100
|move|p1a: Primarina|Flip Turn|p2a: Pecharunt
|-damage|p2a: Pecharunt|83/100
|
|t:|1743811941
|switch|p1a: Ursaluna|Ursaluna, M|100/100 brn|[from] Flip Turn
|
|-damage|p1a: Ursaluna|94/100 brn|[from] brn
|upkeep
|turn|8
|
|t:|1743811954
|move|p2a: Pecharunt|Parting Shot|p1a: Ursaluna
|-unboost|p1a: Ursaluna|atk|1
|-unboost|p1a: Ursaluna|spa|1
|
|t:|1743811957
|switch|p2a: Zapdos|Zapdos-Galar|58/100|[from] Parting Shot
|move|p1a: Ursaluna|Swords Dance|p1a: Ursaluna
|-boost|p1a: Ursaluna|atk|2
|
|-damage|p1a: Ursaluna|88/100 brn|[from] brn
|upkeep
|turn|9
|
|t:|1743811965
|-terastallize|p1a: Ursaluna|Ghost
|move|p2a: Zapdos|Close Combat|p1a: Ursaluna
|-immune|p1a: Ursaluna
|move|p1a: Ursaluna|Facade|p2a: Zapdos
|-damage|p2a: Zapdos|0 fnt
|faint|p2a: Zapdos
|
|-damage|p1a: Ursaluna|82/100 brn|[from] brn
|upkeep
|
|t:|1743811984
|switch|p2a: Pecharunt|Pecharunt|83/100
|turn|10
|
|t:|1743811993
|move|p2a: Pecharunt|Hex|p1a: Ursaluna
|-supereffective|p1a: Ursaluna
|-damage|p1a: Ursaluna|8/100 brn
|move|p1a: Ursaluna|Headlong Rush|p2a: Pecharunt
|-supereffective|p2a: Pecharunt
|-damage|p2a: Pecharunt|0 fnt
|-unboost|p1a: Ursaluna|def|1
|-unboost|p1a: Ursaluna|spd|1
|faint|p2a: Pecharunt
|
|-damage|p1a: Ursaluna|2/100 brn|[from] brn
|upkeep
|
|t:|1743812013
|switch|p2a: Kingambit|Kingambit, M|100/100
|-activate|p2a: Kingambit|ability: Supreme Overlord
|-start|p2a: Kingambit|fallen2|[silent]
|turn|11
|
|t:|1743812021
|move|p2a: Kingambit|Sucker Punch|p1a: Ursaluna
|-supereffective|p1a: Ursaluna
|-damage|p1a: Ursaluna|0 fnt
|faint|p1a: Ursaluna
|
|upkeep
|
|t:|1743812030
|switch|p1a: Lokix|Lokix, F|100/100
|turn|12
|
|t:|1743812044
|move|p1a: Lokix|First Impression|p2a: Kingambit
|-damage|p2a: Kingambit|62/100
|move|p2a: Kingambit|Iron Head|p1a: Lokix
|-damage|p1a: Lokix|16/100
|
|upkeep
|turn|13
|
|t:|1743812059
|-terastallize|p2a: Kingambit|Dark
|move|p1a: Lokix|U-turn|p2a: Kingambit
|-supereffective|p2a: Kingambit
|-damage|p2a: Kingambit|2/100
|
|t:|1743812064
|switch|p1a: Rillaboom|Rillaboom, F|95/100|[from] U-turn
|-fieldstart|move: Grassy Terrain|[from] ability: Grassy Surge|[of] p1a: Rillaboom
|move|p2a: Kingambit|Kowtow Cleave|p1a: Rillaboom
|-damage|p1a: Rillaboom|0 fnt
|faint|p1a: Rillaboom
|
|-heal|p2a: Kingambit|8/100|[from] Grassy Terrain
|upkeep
|
|t:|1743812070
|switch|p1a: Lokix|Lokix, F|16/100
|turn|14
|
|t:|1743812092
|-end|p2a: Kingambit|fallen2|[silent]
|switch|p2a: Garchomp|Garchomp, M|100/100
|move|p1a: Lokix|First Impression|p2a: Garchomp
|-damage|p2a: Garchomp|54/100
|-damage|p1a: Lokix|4/100|[from] ability: Rough Skin|[of] p2a: Garchomp
|
|-heal|p2a: Garchomp|60/100|[from] Grassy Terrain
|-heal|p1a: Lokix|10/100|[from] Grassy Terrain
|upkeep
|turn|15
|
|t:|1743812103
|switch|p1a: Corviknight|Corviknight, M|100/100
|-ability|p1a: Corviknight|Pressure
|move|p2a: Garchomp|Earthquake|p1a: Corviknight
|-immune|p1a: Corviknight
|
|-heal|p2a: Garchomp|66/100|[from] Grassy Terrain
|upkeep
|turn|16
|
|t:|1743812112
|move|p2a: Garchomp|Fire Blast|p1a: Corviknight
|-supereffective|p1a: Corviknight
|-damage|p1a: Corviknight|27/100
|-damage|p2a: Garchomp|57/100|[from] item: Life Orb
|move|p1a: Corviknight|Brave Bird|p2a: Garchomp
|-damage|p2a: Garchomp|20/100
|-damage|p1a: Corviknight|15/100|[from] ability: Rough Skin|[of] p2a: Garchomp
|-damage|p1a: Corviknight|4/100|[from] Recoil
|
|-heal|p2a: Garchomp|26/100|[from] Grassy Terrain
|upkeep
|turn|17
|
|t:|1743812124
|move|p2a: Garchomp|Stealth Rock|p1a: Corviknight
|-sidestart|p1: CrimsonLeonidas|move: Stealth Rock
|move|p1a: Corviknight|Brave Bird|p2a: Garchomp
|-damage|p2a: Garchomp|0 fnt
|-damage|p1a: Corviknight|0 fnt|[from] ability: Rough Skin|[of] p2a: Garchomp
|faint|p2a: Garchomp
|faint|p1a: Corviknight
|
|-fieldend|move: Grassy Terrain
|upkeep
|
|t:|1743812148
|switch|p2a: Kyurem|Kyurem|100/100
|switch|p1a: Lokix|Lokix, F|10/100
|-ability|p2a: Kyurem|Pressure
|turn|18
|
|t:|1743812157
|move|p1a: Lokix|First Impression|p2a: Kyurem
|-damage|p2a: Kyurem|61/100
|move|p2a: Kyurem|Dragon Dance|p2a: Kyurem
|-boost|p2a: Kyurem|atk|1
|-boost|p2a: Kyurem|spe|1
|
|upkeep
|turn|19
|
|t:|1743812170
|move|p2a: Kyurem|Icicle Spear|p1a: Lokix
|-damage|p1a: Lokix|0 fnt
|faint|p1a: Lokix
|-hitcount|p1: Lokix|1
|
|upkeep
|
|t:|1743812173
|switch|p1a: Primarina|Primarina, M|85/100
|-damage|p1a: Primarina|72/100|[from] Stealth Rock
|turn|20
|
|t:|1743812180
|move|p2a: Kyurem|Icicle Spear|p1a: Primarina
|-resisted|p1a: Primarina
|-damage|p1a: Primarina|57/100
|-resisted|p1a: Primarina
|-damage|p1a: Primarina|41/100
|-resisted|p1a: Primarina
|-damage|p1a: Primarina|28/100
|-resisted|p1a: Primarina
|-damage|p1a: Primarina|14/100
|-hitcount|p1a: Primarina|4
|move|p1a: Primarina|Moonblast|p2a: Kyurem
|-supereffective|p2a: Kyurem
|-damage|p2a: Kyurem|0 fnt
|faint|p2a: Kyurem
|
|upkeep
|inactive|RoutesReborn has 120 seconds left.
|
|t:|1743812207
|switch|p2a: Kingambit|Kingambit, M, tera:Dark|8/100
|-activate|p2a: Kingambit|ability: Supreme Overlord
|-start|p2a: Kingambit|fallen4|[silent]
|turn|21
|inactive|RoutesReborn has 120 seconds left.
|
|t:|1743812221
|move|p1a: Primarina|Moonblast|p2a: Kingambit
|-supereffective|p2a: Kingambit
|-damage|p2a: Kingambit|0 fnt
|faint|p2a: Kingambit
|-end|p2a: Kingambit|fallen4|[silent]
|
|upkeep
|
|t:|1743812224
|switch|p2a: Darkrai|Darkrai|100/100
|turn|22
|
|t:|1743812232
|move|p2a: Darkrai|Dark Pulse|p1a: Primarina
|-resisted|p1a: Primarina
|-damage|p1a: Primarina|0 fnt
|faint|p1a: Primarina
|
|upkeep
|
|t:|1743812234
|switch|p1a: Darkrai|Darkrai|100/100
|-damage|p1a: Darkrai|88/100|[from] Stealth Rock
|turn|23
|
|t:|1743812242
|move|p1a: Darkrai|Nasty Plot|p1a: Darkrai
|-boost|p1a: Darkrai|spa|2
|move|p2a: Darkrai|Focus Blast|p1a: Darkrai
|-supereffective|p1a: Darkrai
|-damage|p1a: Darkrai|0 fnt
|faint|p1a: Darkrai
|
|win|RoutesReborn
|raw|CrimsonLeonidas's rating: 1182 &rarr; <strong>1158</strong><br />(-24 for losing)
|raw|RoutesReborn's rating: 1199 &rarr; <strong>1223</strong><br />(+24 for winning)
|c|☆RoutesReborn|gg
|l|☆CrimsonLeonidas
|player|p1|
