|j|☆xD4xrKx
|j|☆xdfdghjk
|t:|1743832940
|gametype|singles
|player|p1|xD4xrKx|silver|1135
|player|p2|xdfdghjk|ingo|1094
|teamsize|p1|6
|teamsize|p2|6
|gen|9
|tier|[Gen 9] OU
|rated|
|rule|HP Percentage Mod: HP is shown in percentages
|rule|Endless Battle Clause: Forcing endless battles is banned
|rule|Species Clause: Limit one of each Pokémon
|rule|OHKO Clause: OHKO moves are banned
|rule|Evasion Items Clause: Evasion items are banned
|rule|Evasion Moves Clause: Evasion moves are banned
|rule|Sleep Moves Clause: Sleep-inducing moves are banned
|clearpoke
|poke|p1|Cinderace, F|
|poke|p1|Dragonite, F|
|poke|p1|Quaquaval, M|
|poke|p1|Garganacl, M|
|poke|p1|Gholdengo|
|poke|p1|Slowking-Galar, F|
|poke|p2|Samurott-Hisui, M|
|poke|p2|Arcanine-Hisui, M|
|poke|p2|Lilligant-Hisui, F|
|poke|p2|Electrode-Hisui|
|poke|p2|Zoroark-Hisui, M|
|poke|p2|Qwilfish-Hisui, M|
|teampreview
|inactive|Battle timer is ON: inactive players will automatically lose when time's up. (requested by xdfdghjk)
|
|t:|1743832943
|start
|switch|p1a: Slowking|Slowking-Galar, F|100/100
|switch|p2a: Kaiyo|Samurott-Hisui, M|100/100
|turn|1
|
|t:|1743832949
|move|p2a: Kaiyo|Knock Off|p1a: Slowking
|-supereffective|p1a: Slowking
|-damage|p1a: Slowking|11/100
|-enditem|p1a: Slowking|Heavy-Duty Boots|[from] move: Knock Off|[of] p2a: Kaiyo
|move|p1a: Slowking|Toxic|p2a: Kaiyo
|-status|p2a: Kaiyo|tox
|
|-damage|p2a: Kaiyo|94/100 tox|[from] psn
|upkeep
|turn|2
|
|t:|1743832971
|switch|p1a: Quaquaval|Quaquaval, M, shiny|100/100
|move|p2a: Kaiyo|Ceaseless Edge|p1a: Quaquaval
|-resisted|p1a: Quaquaval
|-damage|p1a: Quaquaval|72/100
|-sidestart|p1: xD4xrKx|Spikes
|
|-damage|p2a: Kaiyo|82/100 tox|[from] psn
|upkeep
|turn|3
|
|t:|1743832981
|switch|p2a: Van Loon|Qwilfish-Hisui, M, shiny|100/100
|-ability|p2a: Van Loon|Intimidate|boost
|-unboost|p1a: Quaquaval|atk|1
|move|p1a: Quaquaval|Close Combat|p2a: Van Loon
|-damage|p2a: Van Loon|79/100
|-unboost|p1a: Quaquaval|def|1
|-unboost|p1a: Quaquaval|spd|1
|
|upkeep
|turn|4
|inactive|xD4xrKx has 120 seconds left.
|
|t:|1743833002
|switch|p1a: Garganacl|Garganacl, M, shiny|100/100
|-damage|p1a: Garganacl|88/100|[from] Spikes
|move|p2a: Van Loon|Barb Barrage|p1a: Garganacl
|-resisted|p1a: Garganacl
|-damage|p1a: Garganacl|83/100
|
|upkeep
|turn|5
|inactive|xD4xrKx has 120 seconds left.
|
|t:|1743833012
|move|p2a: Van Loon|Taunt|p1a: Garganacl
|-start|p1a: Garganacl|move: Taunt
|cant|p1a: Garganacl|move: Taunt|Iron Defense
|
|upkeep
|turn|6
|
|t:|1743833020
|switch|p2a: Poison Ivy|Lilligant-Hisui, F, shiny|100/100
|move|p1a: Garganacl|Salt Cure|p2a: Poison Ivy
|-resisted|p2a: Poison Ivy
|-damage|p2a: Poison Ivy|91/100
|-start|p2a: Poison Ivy|Salt Cure
|
|-damage|p2a: Poison Ivy|78/100|[from] Salt Cure
|upkeep
|turn|7
|
|t:|1743833033
|-terastallize|p1a: Garganacl|Fighting
|move|p2a: Poison Ivy|Victory Dance|p2a: Poison Ivy
|-boost|p2a: Poison Ivy|atk|1
|-boost|p2a: Poison Ivy|def|1
|-boost|p2a: Poison Ivy|spe|1
|move|p1a: Garganacl|Body Press|p2a: Poison Ivy
|-damage|p2a: Poison Ivy|33/100
|
|-damage|p2a: Poison Ivy|21/100|[from] Salt Cure
|-end|p1a: Garganacl|move: Taunt
|upkeep
|-enditem|p2a: Poison Ivy|Liechi Berry|[eat]
|-boost|p2a: Poison Ivy|atk|1|[from] item: Liechi Berry
|turn|8
|
|t:|1743833045
|-terastallize|p2a: Poison Ivy|Flying
|move|p2a: Poison Ivy|Acrobatics|p1a: Garganacl
|-supereffective|p1a: Garganacl
|-damage|p1a: Garganacl|0 fnt
|-damage|p2a: Poison Ivy|4/100|[from] item: Rocky Helmet|[of] p1a: Garganacl
|faint|p1a: Garganacl
|
|-damage|p2a: Poison Ivy|0 fnt|[from] Salt Cure
|faint|p2a: Poison Ivy
|upkeep
|
|t:|1743833058
|switch|p2a: Kaiyo|Samurott-Hisui, M|82/100 tox
|switch|p1a: Slowking|Slowking-Galar, F|44/100
|-damage|p1a: Slowking|31/100|[from] Spikes
|turn|9
|
|t:|1743833068
|switch|p1a: Quaquaval|Quaquaval, M, shiny|72/100
|-damage|p1a: Quaquaval|59/100|[from] Spikes
|move|p2a: Kaiyo|Ceaseless Edge|p1a: Quaquaval
|-resisted|p1a: Quaquaval
|-crit|p1a: Quaquaval
|-damage|p1a: Quaquaval|12/100
|-sidestart|p1: xD4xrKx|Spikes
|
|-damage|p2a: Kaiyo|76/100 tox|[from] psn
|upkeep
|turn|10
|
|t:|1743833077
|move|p2a: Kaiyo|Sucker Punch|p1a: Quaquaval
|-resisted|p1a: Quaquaval
|-damage|p1a: Quaquaval|0 fnt
|faint|p1a: Quaquaval
|
|-damage|p2a: Kaiyo|63/100 tox|[from] psn
|upkeep
|
|t:|1743833097
|switch|p1a: Choca|Cinderace, F, shiny|100/100
|-damage|p1a: Choca|84/100|[from] Spikes
|turn|11
|
|t:|1743833104
|move|p1a: Choca|Iron Head|p2a: Kaiyo
|-start|p1a: Choca|typechange|Steel|[from] ability: Libero
|-resisted|p2a: Kaiyo
|-damage|p2a: Kaiyo|34/100 tox
|-damage|p1a: Choca|74/100|[from] item: Life Orb
|cant|p2a: Kaiyo|flinch
|
|-damage|p2a: Kaiyo|15/100 tox|[from] psn
|upkeep
|turn|12
|
|t:|1743833113
|move|p1a: Choca|Sucker Punch|p2a: Kaiyo
|-resisted|p2a: Kaiyo
|-damage|p2a: Kaiyo|0 fnt
|faint|p2a: Kaiyo
|-damage|p1a: Choca|64/100|[from] item: Life Orb
|
|upkeep
|
|t:|1743833117
|switch|p2a: Proton|Electrode-Hisui, shiny|100/100
|turn|13
|
|t:|1743833122
|move|p2a: Proton|Flamethrower|p1a: Choca
|-supereffective|p1a: Choca
|-damage|p1a: Choca|0 fnt
|faint|p1a: Choca
|
|upkeep
|
|t:|1743833133
|switch|p1a: Slowking|Slowking-Galar, F|65/100
|-damage|p1a: Slowking|48/100|[from] Spikes
|turn|14
|
|t:|1743833141
|switch|p2a: Van Loon|Qwilfish-Hisui, M, shiny|79/100
|-ability|p2a: Van Loon|Intimidate|boost
|-unboost|p1a: Slowking|atk|1
|move|p1a: Slowking|Psychic Noise|p2a: Van Loon
|-immune|p2a: Van Loon
|
|upkeep
|turn|15
|
|t:|1743833151
|move|p2a: Van Loon|Taunt|p1a: Slowking
|-start|p1a: Slowking|move: Taunt
|-prepare|p1a: Slowking|Chilly Reception|[premajor]
|cant|p1a: Slowking|move: Taunt|Chilly Reception
|
|upkeep
|turn|16
|
|t:|1743833161
|switch|p2a: Fairehund|Arcanine-Hisui, M|100/100
|switch|p1a: Gholdengo|Gholdengo|100/100
|-damage|p1a: Gholdengo|84/100|[from] Spikes
|
|-heal|p1a: Gholdengo|90/100|[from] item: Leftovers
|upkeep
|turn|17
|
|t:|1743833168
|move|p2a: Fairehund|Flare Blitz|p1a: Gholdengo
|-supereffective|p1a: Gholdengo
|-damage|p1a: Gholdengo|0 fnt
|faint|p1a: Gholdengo
|
|upkeep
|
|t:|1743833176
|switch|p1a: Fury|Dragonite, F|100/100
|turn|18
|
|t:|1743833183
|switch|p2a: Van Loon|Qwilfish-Hisui, M, shiny|79/100
|-ability|p2a: Van Loon|Intimidate|boost
|-unboost|p1a: Fury|atk|1
|move|p1a: Fury|Dragon Dance|p1a: Fury
|-boost|p1a: Fury|atk|1
|-boost|p1a: Fury|spe|1
|
|upkeep
|turn|19
|
|t:|1743833190
|move|p1a: Fury|Dragon Dance|p1a: Fury
|-boost|p1a: Fury|atk|1
|-boost|p1a: Fury|spe|1
|move|p2a: Van Loon|Toxic|p1a: Fury
|-status|p1a: Fury|tox
|
|-damage|p1a: Fury|94/100 tox|[from] psn
|upkeep
|turn|20
|
|t:|1743833198
|move|p1a: Fury|Outrage|p2a: Van Loon
|-damage|p2a: Van Loon|18/100
|move|p2a: Van Loon|Haze|p2a: Van Loon
|-clearallboost
|
|-damage|p1a: Fury|82/100 tox|[from] psn
|upkeep
|turn|21
|
|t:|1743833202
|move|p2a: Van Loon|Taunt|p1a: Fury
|-start|p1a: Fury|move: Taunt
|move|p1a: Fury|Outrage|p2a: Van Loon|[from] lockedmove
|-damage|p2a: Van Loon|0 fnt
|faint|p2a: Van Loon
|-start|p1a: Fury|confusion|[fatigue]
|
|-damage|p1a: Fury|63/100 tox|[from] psn
|upkeep
|
|t:|1743833212
|switch|p2a: Fairehund|Arcanine-Hisui, M|100/100
|turn|22
|
|t:|1743833220
|move|p2a: Fairehund|Head Smash|p1a: Fury
|-supereffective|p1a: Fury
|-damage|p1a: Fury|0 fnt
|faint|p1a: Fury
|
|upkeep
|
|t:|1743833223
|switch|p1a: Slowking|Slowking-Galar, F|81/100
|-damage|p1a: Slowking|65/100|[from] Spikes
|turn|23
|
|t:|1743833228
|move|p2a: Fairehund|Head Smash|p1a: Slowking
|-damage|p1a: Slowking|0 fnt
|faint|p1a: Slowking
|
|win|xdfdghjk
|raw|xD4xrKx's rating: 1135 &rarr; <strong>1107</strong><br />(-28 for losing)
|raw|xdfdghjk's rating: 1094 &rarr; <strong>1123</strong><br />(+29 for winning)
|l|☆xD4xrKx
|player|p1|
|l|☆xdfdghjk
|player|p2|
