|j|☆Assumpcao_fs
|j|☆Dadhurtme
|t:|1743904496
|gametype|singles
|player|p1|Assumpcao_fs|gentleman-gen4|1282
|player|p2|Dadhurtme|1|1238
|teamsize|p1|6
|teamsize|p2|6
|gen|9
|tier|[Gen 9] OU
|rated|
|rule|HP Percentage Mod: HP is shown in percentages
|rule|Endless Battle Clause: Forcing endless battles is banned
|rule|Species Clause: Limit one of each Pokémon
|rule|OHKO Clause: OHKO moves are banned
|rule|Evasion Items Clause: Evasion items are banned
|rule|Evasion Moves Clause: Evasion moves are banned
|rule|Sleep Moves Clause: Sleep-inducing moves are banned
|clearpoke
|poke|p1|Zoroark-Hisui, F|
|poke|p1|Garchomp, F|
|poke|p1|Ninetales-Alola, F|
|poke|p1|Salazzle, F|
|poke|p1|Darkrai|
|poke|p1|Hitmonlee, M|
|poke|p2|Maushold|
|poke|p2|Oricorio, F|
|poke|p2|Garchomp, M|
|poke|p2|Iron Crown|
|poke|p2|Comfey, F|
|poke|p2|Volcanion|
|teampreview
|
|t:|1743904511
|start
|switch|p1a: Darkrai|Darkrai, shiny|100/100
|switch|p2a: Volcanion|Volcanion|100/100
|turn|1
|inactive|Battle timer is ON: inactive players will automatically lose when time's up. (requested by Dadhurtme)
|
|t:|1743904541
|switch|p1a: Hitmonlee|Hitmonlee, M|100/100
|move|p2a: Volcanion|Will-O-Wisp|p1a: Hitmonlee
|-status|p1a: Hitmonlee|brn
|
|-damage|p1a: Hitmonlee|94/100 brn|[from] brn
|upkeep
|turn|2
|
|t:|1743904555
|move|p1a: Hitmonlee|Rock Slide|p2a: Volcanion
|-supereffective|p2a: Volcanion
|-damage|p2a: Volcanion|85/100
|move|p2a: Volcanion|Fire Spin|p1a: Hitmonlee
|-damage|p1a: Hitmonlee|74/100 brn
|-activate|p1a: Hitmonlee|move: Fire Spin|[of] p2a: Volcanion
|
|-heal|p2a: Volcanion|91/100|[from] item: Leftovers
|-damage|p1a: Hitmonlee|68/100 brn|[from] brn
|-damage|p1a: Hitmonlee|56/100 brn|[from] move: Fire Spin|[partiallytrapped]
|upkeep
|turn|3
|
|t:|1743904572
|move|p1a: Hitmonlee|Close Combat|p2a: Volcanion
|-damage|p2a: Volcanion|75/100
|-unboost|p1a: Hitmonlee|def|1
|-unboost|p1a: Hitmonlee|spd|1
|move|p2a: Volcanion|Fire Spin|p1a: Hitmonlee
|-damage|p1a: Hitmonlee|26/100 brn
|
|-heal|p2a: Volcanion|81/100|[from] item: Leftovers
|-damage|p1a: Hitmonlee|20/100 brn|[from] brn
|-damage|p1a: Hitmonlee|8/100 brn|[from] move: Fire Spin|[partiallytrapped]
|upkeep
|turn|4
|
|t:|1743904599
|move|p1a: Hitmonlee|Knock Off|p2a: Volcanion
|-damage|p2a: Volcanion|70/100
|-enditem|p2a: Volcanion|Leftovers|[from] move: Knock Off|[of] p1a: Hitmonlee
|move|p2a: Volcanion|Scald|p1a: Hitmonlee
|-damage|p1a: Hitmonlee|0 fnt
|faint|p1a: Hitmonlee
|
|upkeep
|
|t:|1743904602
|switch|p1a: Garchomp|Garchomp, F|100/100
|turn|5
|inactive|Dadhurtme has 120 seconds left.
|
|t:|1743904622
|move|p1a: Garchomp|Earthquake|p2a: Volcanion
|-supereffective|p2a: Volcanion
|-damage|p2a: Volcanion|19/100
|move|p2a: Volcanion|Will-O-Wisp|p1a: Garchomp
|-status|p1a: Garchomp|brn
|
|-damage|p1a: Garchomp|94/100 brn|[from] brn
|upkeep
|turn|6
|inactive|Dadhurtme has 120 seconds left.
|
|t:|1743904640
|move|p1a: Garchomp|Earthquake|p2a: Volcanion
|-supereffective|p2a: Volcanion
|-damage|p2a: Volcanion|0 fnt
|faint|p2a: Volcanion
|
|-damage|p1a: Garchomp|88/100 brn|[from] brn
|upkeep
|
|t:|1743904649
|switch|p2a: Oricorio|Oricorio, F, shiny|100/100
|turn|7
|
|t:|1743904656
|move|p2a: Oricorio|Quiver Dance|p2a: Oricorio
|-boost|p2a: Oricorio|spa|1
|-boost|p2a: Oricorio|spd|1
|-boost|p2a: Oricorio|spe|1
|move|p1a: Garchomp|Spikes|p2a: Oricorio
|-sidestart|p2: Dadhurtme|Spikes
|
|-damage|p1a: Garchomp|82/100 brn|[from] brn
|upkeep
|turn|8
|inactive|Dadhurtme has 120 seconds left.
|
|t:|1743904680
|move|p2a: Oricorio|Icy Wind|p1a: Garchomp
|-supereffective|p1a: Garchomp
|-crit|p1a: Garchomp
|-damage|p1a: Garchomp|0 fnt
|faint|p1a: Garchomp
|
|upkeep
|
|t:|1743904693
|switch|p1a: Salazzle|Salazzle, F|100/100
|turn|9
|
|t:|1743904700
|-terastallize|p1a: Salazzle|Ground
|move|p2a: Oricorio|Air Slash|p1a: Salazzle
|-damage|p1a: Salazzle|0 fnt
|faint|p1a: Salazzle
|
|upkeep
|
|t:|1743904705
|switch|p1a: Darkrai|Darkrai, shiny|100/100
|turn|10
|
|t:|1743904710
|move|p2a: Oricorio|Revelation Dance|p1a: Darkrai
|-damage|p1a: Darkrai|0 fnt
|replace|p1a: Zoroark|Zoroark-Hisui, F
|-end|p1a: Zoroark|Illusion
|faint|p1a: Zoroark
|
|upkeep
|
|t:|1743904713
|switch|p1a: Darkrai|Darkrai, shiny|100/100
|turn|11
|
|t:|1743904719
|move|p2a: Oricorio|Revelation Dance|p1a: Darkrai
|-damage|p1a: Darkrai|22/100
|move|p1a: Darkrai|Ice Beam|p2a: Oricorio
|-damage|p2a: Oricorio|59/100
|-damage|p1a: Darkrai|12/100|[from] item: Life Orb
|
|upkeep
|turn|12
|
|t:|1743904728
|move|p2a: Oricorio|Air Slash|p1a: Darkrai|[miss]
|-miss|p2a: Oricorio|p1a: Darkrai
|move|p1a: Darkrai|Sludge Bomb|p2a: Oricorio
|-damage|p2a: Oricorio|17/100
|-damage|p1a: Darkrai|2/100|[from] item: Life Orb
|
|upkeep
|turn|13
|
|t:|1743904736
|move|p2a: Oricorio|Icy Wind|p1a: Darkrai
|-damage|p1a: Darkrai|0 fnt
|faint|p1a: Darkrai
|
|upkeep
|
|t:|1743904739
|switch|p1a: Ninetales|Ninetales-Alola, F|100/100
|-weather|Snowscape|[from] ability: Snow Warning|[of] p1a: Ninetales
|turn|14
|
|t:|1743904745
|move|p2a: Oricorio|Revelation Dance|p1a: Ninetales
|-supereffective|p1a: Ninetales
|-damage|p1a: Ninetales|0 fnt
|faint|p1a: Ninetales
|
|win|Dadhurtme
|raw|Assumpcao_fs's rating: 1282 &rarr; <strong>1254</strong><br />(-28 for losing)
|raw|Dadhurtme's rating: 1238 &rarr; <strong>1266</strong><br />(+28 for winning)
|l|☆Assumpcao_fs
|player|p1|
|l|☆Dadhurtme
|player|p2|
