|j|☆CRPCgaming.TTV
|j|☆wtfdoimakemyname
|t:|1743875186
|gametype|singles
|player|p1|CRPCgaming.TTV|backersf|1342
|player|p2|wtfdoimakemyname|n|1322
|teamsize|p1|6
|teamsize|p2|6
|gen|9
|tier|[Gen 9] OU
|rated|
|rule|HP Percentage Mod: HP is shown in percentages
|rule|Endless Battle Clause: Forcing endless battles is banned
|rule|Species Clause: Limit one of each Pokémon
|rule|OHKO Clause: OHKO moves are banned
|rule|Evasion Items Clause: Evasion items are banned
|rule|Evasion Moves Clause: Evasion moves are banned
|rule|Sleep Moves Clause: Sleep-inducing moves are banned
|clearpoke
|poke|p1|Iron Moth|
|poke|p1|Cloyster, F|
|poke|p1|Latias, F|
|poke|p1|Hatterene, F|
|poke|p1|Garchomp, F|
|poke|p1|Tyranitar, F|
|poke|p2|Minior-Violet|
|poke|p2|Sinistcha|
|poke|p2|Gliscor, M|
|poke|p2|Thundurus, M|
|poke|p2|Tentacruel, F|
|poke|p2|Hoopa-Unbound|
|teampreview
|inactive|Battle timer is ON: inactive players will automatically lose when time's up. (requested by CRPCgaming.TTV)
|
|t:|1743875200
|start
|switch|p1a: Cloyster|Cloyster, F, shiny|100/100
|switch|p2a: john4|Gliscor, M|100/100
|turn|1
|
|t:|1743875215
|move|p1a: Cloyster|Icicle Spear|p2a: john4
|-supereffective|p2a: john4
|-damage|p2a: john4|67/100
|-supereffective|p2a: john4
|-damage|p2a: john4|38/100
|-supereffective|p2a: john4
|-damage|p2a: john4|6/100
|-supereffective|p2a: john4
|-damage|p2a: john4|0 fnt
|faint|p2a: john4
|-hitcount|p2: john4|4
|
|upkeep
|
|t:|1743875217
|switch|p2a: john2|Sinistcha|100/100
|turn|2
|
|t:|1743875225
|move|p1a: Cloyster|Shell Smash|p1a: Cloyster
|-unboost|p1a: Cloyster|def|1
|-unboost|p1a: Cloyster|spd|1
|-boost|p1a: Cloyster|atk|2
|-boost|p1a: Cloyster|spa|2
|-boost|p1a: Cloyster|spe|2
|move|p2a: john2|Shadow Ball|p1a: Cloyster
|-enditem|p1a: Cloyster|Focus Sash
|-damage|p1a: Cloyster|1/100
|
|upkeep
|turn|3
|
|t:|1743875239
|-terastallize|p2a: john2|Poison
|move|p1a: Cloyster|Icicle Spear|p2a: john2
|-damage|p2a: john2|85/100
|-damage|p2a: john2|71/100
|-damage|p2a: john2|55/100
|-damage|p2a: john2|40/100
|-damage|p2a: john2|27/100
|-hitcount|p2a: john2|5
|move|p2a: john2|Strength Sap|p1a: Cloyster
|-unboost|p1a: Cloyster|atk|1
|-heal|p2a: john2|100/100
|
|upkeep
|turn|4
|
|t:|1743875252
|move|p1a: Cloyster|Drill Run|p2a: john2
|-supereffective|p2a: john2
|-damage|p2a: john2|51/100
|move|p2a: john2|Strength Sap|p1a: Cloyster
|-unboost|p1a: Cloyster|atk|1
|-heal|p2a: john2|100/100
|
|upkeep
|turn|5
|
|t:|1743875260
|switch|p1a: Hatterene|Hatterene, F|100/100
|move|p2a: john2|Shadow Ball|p1a: Hatterene
|-supereffective|p1a: Hatterene
|-damage|p1a: Hatterene|31/100
|
|-heal|p1a: Hatterene|37/100|[from] item: Leftovers
|upkeep
|turn|6
|
|t:|1743875269
|move|p2a: john2|Shadow Ball|p1a: Hatterene
|-supereffective|p1a: Hatterene
|-damage|p1a: Hatterene|0 fnt
|faint|p1a: Hatterene
|
|upkeep
|
|t:|1743875276
|switch|p1a: Iron Moth|Iron Moth, shiny|100/100
|-enditem|p1a: Iron Moth|Booster Energy
|-activate|p1a: Iron Moth|ability: Quark Drive|[fromitem]
|-start|p1a: Iron Moth|quarkdrivespe
|turn|7
|
|t:|1743875286
|move|p1a: Iron Moth|Fiery Dance|p2a: john2
|-damage|p2a: john2|78/100
|-boost|p1a: Iron Moth|spa|1
|move|p2a: john2|Calm Mind|p2a: john2
|-boost|p2a: john2|spa|1
|-boost|p2a: john2|spd|1
|
|upkeep
|turn|8
|
|t:|1743875293
|move|p1a: Iron Moth|Fiery Dance|p2a: john2
|-damage|p2a: john2|54/100
|move|p2a: john2|Shadow Ball|p1a: Iron Moth
|-damage|p1a: Iron Moth|45/100
|
|upkeep
|turn|9
|
|t:|1743875300
|move|p1a: Iron Moth|Substitute|p1a: Iron Moth
|-start|p1a: Iron Moth|Substitute
|-damage|p1a: Iron Moth|20/100
|move|p2a: john2|Shadow Ball|p1a: Iron Moth
|-end|p1a: Iron Moth|Substitute
|
|upkeep
|turn|10
|
|t:|1743875308
|move|p1a: Iron Moth|Fiery Dance|p2a: john2
|-damage|p2a: john2|27/100
|-boost|p1a: Iron Moth|spa|1
|move|p2a: john2|Shadow Ball|p1a: Iron Moth
|-damage|p1a: Iron Moth|0 fnt
|faint|p1a: Iron Moth
|-end|p1a: Iron Moth|Quark Drive|[silent]
|
|upkeep
|
|t:|1743875316
|switch|p1a: Latias|Latias, F|100/100
|turn|11
|
|t:|1743875320
|move|p1a: Latias|Stored Power|p2a: john2
|-supereffective|p2a: john2
|-damage|p2a: john2|15/100
|move|p2a: john2|Strength Sap|p1a: Latias
|-unboost|p1a: Latias|atk|1
|-heal|p2a: john2|58/100
|
|upkeep
|turn|12
|
|t:|1743875328
|move|p1a: Latias|Agility|p1a: Latias
|-boost|p1a: Latias|spe|2
|move|p2a: john2|Shadow Ball|p1a: Latias
|-supereffective|p1a: Latias
|-crit|p1a: Latias
|-damage|p1a: Latias|0 fnt
|faint|p1a: Latias
|
|upkeep
|
|t:|1743875336
|switch|p1a: Tyranitar|Tyranitar, F, shiny|100/100
|-weather|Sandstorm|[from] ability: Sand Stream|[of] p1a: Tyranitar
|turn|13
|
|t:|1743875344
|move|p1a: Tyranitar|Dragon Dance|p1a: Tyranitar
|-boost|p1a: Tyranitar|atk|1
|-boost|p1a: Tyranitar|spe|1
|move|p2a: john2|Matcha Gotcha|p1a: Tyranitar
|-supereffective|p1a: Tyranitar
|-damage|p1a: Tyranitar|37/100
|-heal|p2a: john2|89/100|[from] drain|[of] p1a: Tyranitar
|
|-weather|Sandstorm|[upkeep]
|-damage|p2a: john2|83/100|[from] Sandstorm
|-heal|p1a: Tyranitar|43/100|[from] item: Leftovers
|upkeep
|turn|14
|
|t:|1743875357
|move|p1a: Tyranitar|Knock Off|p2a: john2
|-damage|p2a: john2|33/100
|-enditem|p2a: john2|Heavy-Duty Boots|[from] move: Knock Off|[of] p1a: Tyranitar
|move|p2a: john2|Matcha Gotcha|p1a: Tyranitar
|-supereffective|p1a: Tyranitar
|-damage|p1a: Tyranitar|0 fnt
|-heal|p2a: john2|55/100|[from] drain|[of] p1a: Tyranitar
|faint|p1a: Tyranitar
|
|-weather|Sandstorm|[upkeep]
|-damage|p2a: john2|49/100|[from] Sandstorm
|upkeep
|
|t:|1743875368
|switch|p1a: Cloyster|Cloyster, F, shiny|1/100
|turn|15
|
|t:|1743875374
|move|p1a: Cloyster|Drill Run|p2a: john2
|-supereffective|p2a: john2
|-crit|p2a: john2
|-damage|p2a: john2|3/100
|move|p2a: john2|Strength Sap|p1a: Cloyster
|-unboost|p1a: Cloyster|atk|1
|-heal|p2a: john2|87/100
|
|-weather|Sandstorm|[upkeep]
|-damage|p1a: Cloyster|0 fnt|[from] Sandstorm
|-damage|p2a: john2|80/100|[from] Sandstorm
|faint|p1a: Cloyster
|upkeep
|
|t:|1743875384
|switch|p1a: Garchomp|Garchomp, F, shiny|100/100
|turn|16
|
|t:|1743875389
|move|p1a: Garchomp|Swords Dance|p1a: Garchomp
|-boost|p1a: Garchomp|atk|2
|move|p2a: john2|Strength Sap|p1a: Garchomp
|-unboost|p1a: Garchomp|atk|1
|-heal|p2a: john2|100/100
|
|-weather|Sandstorm|[upkeep]
|-damage|p2a: john2|94/100|[from] Sandstorm
|upkeep
|turn|17
|
|t:|1743875398
|move|p1a: Garchomp|Swords Dance|p1a: Garchomp
|-boost|p1a: Garchomp|atk|2
|move|p2a: john2|Matcha Gotcha|p1a: Garchomp|[miss]
|-miss|p2a: john2|p1a: Garchomp
|
|-weather|none
|upkeep
|turn|18
|
|t:|1743875407
|-terastallize|p1a: Garchomp|Stellar
|move|p1a: Garchomp|Scale Shot|p2a: john2
|-damage|p2a: john2|63/100
|-damage|p2a: john2|29/100
|-damage|p2a: john2|0 fnt
|faint|p2a: john2
|-hitcount|p2: john2|3
|-unboost|p1a: Garchomp|def|1
|-boost|p1a: Garchomp|spe|1
|
|upkeep
|
|t:|1743875424
|switch|p2a: john5|Thundurus, M|100/100
|turn|19
|
|t:|1743875428
|move|p2a: john5|Thunder Wave|p1a: Garchomp
|-immune|p1a: Garchomp
|move|p1a: Garchomp|Scale Shot|p2a: john5
|-damage|p2a: john5|53/100
|-damage|p2a: john5|0 fnt
|faint|p2a: john5
|-hitcount|p2: john5|2
|-unboost|p1a: Garchomp|def|1
|-boost|p1a: Garchomp|spe|1
|
|upkeep
|
|t:|1743875438
|switch|p2a: john6|Tentacruel, F|100/100
|turn|20
|
|t:|1743875443
|move|p1a: Garchomp|Earthquake|p2a: john6
|-supereffective|p2a: john6
|-crit|p2a: john6
|-damage|p2a: john6|0 fnt
|faint|p2a: john6
|
|upkeep
|
|t:|1743875446
|switch|p2a: Hoopa|Hoopa-Unbound|100/100
|turn|21
|
|t:|1743875451
|move|p1a: Garchomp|Scale Shot|p2a: Hoopa
|-damage|p2a: Hoopa|44/100
|-damage|p2a: Hoopa|0 fnt
|faint|p2a: Hoopa
|-hitcount|p2: Hoopa|2
|-unboost|p1a: Garchomp|def|1
|-boost|p1a: Garchomp|spe|1
|
|upkeep
|
|t:|1743875453
|switch|p2a: john1|Minior-Violet|100/100
|-formechange|p2a: john1|Minior-Meteor||[from] ability: Shields Down
|turn|22
|c|☆wtfdoimakemyname|fairs lmaoo
|
|t:|1743875462
|move|p1a: Garchomp|Scale Shot|p2a: john1
|-damage|p2a: john1|53/100
|-damage|p2a: john1|5/100
|-damage|p2a: john1|0 fnt
|faint|p2a: john1
|-hitcount|p2: john1|3
|
|win|CRPCgaming.TTV
|raw|CRPCgaming.TTV's rating: 1342 &rarr; <strong>1361</strong><br />(+19 for winning)
|raw|wtfdoimakemyname's rating: 1322 &rarr; <strong>1303</strong><br />(-19 for losing)
|l|☆wtfdoimakemyname
|player|p2|
|l|☆CRPCgaming.TTV
|player|p1|
