|j|☆Anonymalous
|j|☆l67678
|t:|1743864826
|gametype|singles
|player|p1|Anonymalous|unknown|1264
|player|p2|l67678|lucas|1225
|teamsize|p1|6
|teamsize|p2|6
|gen|9
|tier|[Gen 9] OU
|rated|
|rule|HP Percentage Mod: HP is shown in percentages
|rule|Endless Battle Clause: Forcing endless battles is banned
|rule|Species Clause: Limit one of each Pokémon
|rule|OHKO Clause: OHKO moves are banned
|rule|Evasion Items Clause: Evasion items are banned
|rule|Evasion Moves Clause: Evasion moves are banned
|rule|Sleep Moves Clause: Sleep-inducing moves are banned
|clearpoke
|poke|p1|Darkrai|
|poke|p1|Kyurem|
|poke|p1|Enamorus, F|
|poke|p1|Iron Moth|
|poke|p1|Zamazenta-*|
|poke|p1|Kingambit, F|
|poke|p2|Iron Treads|
|poke|p2|Araquanid, F|
|poke|p2|Thundurus-Therian, M|
|poke|p2|Indeedee, M|
|poke|p2|Haxorus, F|
|poke|p2|Copperajah, M|
|teampreview
|
|t:|1743864840
|start
|switch|p1a: Kyurem|Kyurem, shiny|100/100
|switch|p2a: Copperajah|Copperajah, M|100/100
|-ability|p1a: Kyurem|Pressure
|turn|1
|
|t:|1743864853
|switch|p1a: Iron Moth|Iron Moth, shiny|100/100
|-enditem|p1a: Iron Moth|Booster Energy
|-activate|p1a: Iron Moth|ability: Quark Drive|[fromitem]
|-start|p1a: Iron Moth|quarkdrivespa
|move|p2a: Copperajah|Heavy Slam|p1a: Iron Moth
|-resisted|p1a: Iron Moth
|-damage|p1a: Iron Moth|40/100
|
|upkeep
|turn|2
|
|t:|1743864863
|-terastallize|p1a: Iron Moth|Ground
|move|p1a: Iron Moth|Tera Blast|p2a: Copperajah|[anim] Tera Blast Ground
|-supereffective|p2a: Copperajah
|-damage|p2a: Copperajah|0 fnt
|faint|p2a: Copperajah
|
|upkeep
|
|t:|1743864871
|switch|p2a: Indeedee|Indeedee, M, shiny|100/100
|-fieldstart|move: Psychic Terrain|[from] ability: Psychic Surge|[of] p2a: Indeedee
|turn|3
|
|t:|1743864883
|move|p2a: Indeedee|Expanding Force|p1a: Iron Moth
|-crit|p1a: Iron Moth
|-damage|p1a: Iron Moth|0 fnt
|faint|p1a: Iron Moth
|-end|p1a: Iron Moth|Quark Drive|[silent]
|
|upkeep
|
|t:|1743864891
|switch|p1a: Darkrai|Darkrai, shiny|100/100
|turn|4
|
|t:|1743864896
|switch|p2a: Araquanid|Araquanid, F, shiny|100/100
|move|p1a: Darkrai|Dark Pulse|p2a: Araquanid
|-damage|p2a: Araquanid|56/100
|
|upkeep
|turn|5
|
|t:|1743864906
|move|p1a: Darkrai|Dark Pulse|p2a: Araquanid
|-damage|p2a: Araquanid|7/100
|-enditem|p2a: Araquanid|Iapapa Berry|[eat]
|-heal|p2a: Araquanid|40/100|[from] item: Iapapa Berry
|move|p2a: Araquanid|Mirror Coat|p1a: Darkrai
|-immune|p1a: Darkrai
|
|upkeep
|turn|6
|
|t:|1743864915
|move|p1a: Darkrai|Dark Pulse|p2a: Araquanid
|-damage|p2a: Araquanid|0 fnt
|faint|p2a: Araquanid
|
|upkeep
|
|t:|1743864919
|switch|p2a: Indeedee|Indeedee, M, shiny|100/100
|turn|7
|
|t:|1743864921
|move|p2a: Indeedee|Dazzling Gleam|p1a: Darkrai
|-supereffective|p1a: Darkrai
|-damage|p1a: Darkrai|31/100
|move|p1a: Darkrai|Dark Pulse|p2a: Indeedee
|-supereffective|p2a: Indeedee
|-damage|p2a: Indeedee|0 fnt
|faint|p2a: Indeedee
|
|-fieldend|move: Psychic Terrain
|upkeep
|
|t:|1743864927
|switch|p2a: Haxorus|Haxorus, F, shiny|100/100
|-ability|p2a: Haxorus|Mold Breaker
|turn|8
|
|t:|1743864934
|move|p1a: Darkrai|Dark Pulse|p2a: Haxorus
|-damage|p2a: Haxorus|0 fnt
|faint|p2a: Haxorus
|
|upkeep
|-message|l67678 forfeited.
|
|win|Anonymalous
|raw|Anonymalous's rating: 1264 &rarr; <strong>1286</strong><br />(+22 for winning)
|raw|l67678's rating: 1225 &rarr; <strong>1203</strong><br />(-22 for losing)
|l|☆l67678
|player|p2|
|l|☆Anonymalous
|player|p1|
