|j|☆Lvl36Empoleon
|j|☆marioderenterich
|t:|1743798374
|gametype|singles
|player|p1|Lvl36Empoleon|psychic-gen4|1104
|player|p2|marioderenterich|1|1157
|teamsize|p1|6
|teamsize|p2|6
|gen|9
|tier|[Gen 9] OU
|rated|
|rule|HP Percentage Mod: HP is shown in percentages
|rule|Endless Battle Clause: Forcing endless battles is banned
|rule|Species Clause: Limit one of each Pokémon
|rule|OHKO Clause: OHKO moves are banned
|rule|Evasion Items Clause: Evasion items are banned
|rule|Evasion Moves Clause: Evasion moves are banned
|rule|Sleep Moves Clause: Sleep-inducing moves are banned
|clearpoke
|poke|p1|Iron Crown|
|poke|p1|Iron Hands|
|poke|p1|Grimmsnarl, M|
|poke|p1|Great Tusk|
|poke|p1|Dragonite, M|
|poke|p1|Glimmora, F|
|poke|p2|Glimmora, M|
|poke|p2|Zamazenta-*|
|poke|p2|Latias, F|
|poke|p2|Gholdengo|
|poke|p2|Dragonite, F|
|poke|p2|Weavile, F|
|teampreview
|inactive|Battle timer is ON: inactive players will automatically lose when time's up. (requested by marioderenterich)
|
|t:|1743798391
|start
|switch|p1a: Grimmsnarl|Grimmsnarl, M, shiny|100/100
|switch|p2a: Glimmora|Glimmora, M|100/100
|turn|1
|
|t:|1743798414
|move|p1a: Grimmsnarl|Light Screen|p1a: Grimmsnarl
|-sidestart|p1: Lvl36Empoleon|move: Light Screen
|move|p2a: Glimmora|Stealth Rock|p1a: Grimmsnarl
|-sidestart|p1: Lvl36Empoleon|move: Stealth Rock
|
|upkeep
|turn|2
|
|t:|1743798420
|move|p1a: Grimmsnarl|Reflect|p1a: Grimmsnarl
|-sidestart|p1: Lvl36Empoleon|Reflect
|move|p2a: Glimmora|Spikes|p1a: Grimmsnarl
|-sidestart|p1: Lvl36Empoleon|Spikes
|
|upkeep
|turn|3
|
|t:|1743798424
|move|p1a: Grimmsnarl|Parting Shot|p2a: Glimmora
|-unboost|p2a: Glimmora|atk|1
|-unboost|p2a: Glimmora|spa|1
|
|t:|1743798434
|switch|p1a: Great Tusk|Great Tusk|100/100|[from] Parting Shot
|-damage|p1a: Great Tusk|98/100|[from] Stealth Rock
|-damage|p1a: Great Tusk|85/100|[from] Spikes
|-enditem|p1a: Great Tusk|Booster Energy
|-activate|p1a: Great Tusk|ability: Protosynthesis|[fromitem]
|-start|p1a: Great Tusk|protosynthesisspe
|move|p2a: Glimmora|Spikes|p1a: Great Tusk
|-sidestart|p1: Lvl36Empoleon|Spikes
|
|upkeep
|turn|4
|
|t:|1743798444
|switch|p2a: Gholdengo|Gholdengo|100/100
|move|p1a: Great Tusk|Rapid Spin|p2a: Gholdengo
|-immune|p2a: Gholdengo
|
|upkeep
|turn|5
|
|t:|1743798457
|-end|p1a: Great Tusk|Protosynthesis|[silent]
|switch|p1a: Dragonite|Dragonite, M|100/100
|-damage|p1a: Dragonite|76/100|[from] Stealth Rock
|switch|p2a: Latias|Latias, F|100/100
|
|upkeep
|turn|6
|
|t:|1743798466
|move|p2a: Latias|Agility|p2a: Latias
|-boost|p2a: Latias|spe|2
|move|p1a: Dragonite|Scale Shot|p2a: Latias
|-supereffective|p2a: Latias
|-damage|p2a: Latias|74/100
|-enditem|p2a: Latias|Weakness Policy
|-boost|p2a: Latias|atk|2|[from] item: Weakness Policy
|-boost|p2a: Latias|spa|2|[from] item: Weakness Policy
|-supereffective|p2a: Latias
|-damage|p2a: Latias|45/100
|-supereffective|p2a: Latias
|-damage|p2a: Latias|18/100
|-supereffective|p2a: Latias
|-damage|p2a: Latias|0 fnt
|faint|p2a: Latias
|-hitcount|p2: Latias|4
|-unboost|p1a: Dragonite|def|1
|-boost|p1a: Dragonite|spe|1
|
|upkeep
|
|t:|1743798488
|switch|p2a: Dragonite|Dragonite, F|100/100
|turn|7
|
|t:|1743798506
|switch|p1a: Glimmora|Glimmora, F|100/100
|-damage|p1a: Glimmora|88/100|[from] Stealth Rock
|-damage|p1a: Glimmora|72/100|[from] Spikes
|-terastallize|p2a: Dragonite|Normal
|move|p2a: Dragonite|Ice Spinner|p1a: Glimmora
|-damage|p1a: Glimmora|52/100
|-activate|p1a: Glimmora|ability: Toxic Debris
|-sidestart|p2: marioderenterich|move: Toxic Spikes
|
|upkeep
|turn|8
|
|t:|1743798527
|switch|p1a: Po|Iron Hands|100/100
|-damage|p1a: Po|94/100|[from] Stealth Rock
|-damage|p1a: Po|78/100|[from] Spikes
|switch|p2a: Glimmora|Glimmora, M|100/100
|-sideend|p2: marioderenterich|move: Toxic Spikes|[of] p2a: Glimmora
|
|-heal|p1a: Po|84/100|[from] item: Leftovers
|-sideend|p1: Lvl36Empoleon|move: Light Screen
|upkeep
|turn|9
|
|t:|1743798536
|move|p2a: Glimmora|Earth Power|p1a: Po
|-supereffective|p1a: Po
|-damage|p1a: Po|45/100
|-unboost|p1a: Po|spd|1
|move|p1a: Po|Drain Punch|p2a: Glimmora
|-damage|p2a: Glimmora|62/100
|-heal|p1a: Po|59/100|[from] drain|[of] p2a: Glimmora
|-activate|p2a: Glimmora|ability: Toxic Debris
|-sidestart|p1: Lvl36Empoleon|move: Toxic Spikes
|-enditem|p2a: Glimmora|Red Card|[of] p1a: Po
|-end|p1a: Po|Quark Drive|[silent]
|drag|p1a: Dragonite|Dragonite, M|76/100
|-damage|p1a: Dragonite|51/100|[from] Stealth Rock
|
|-sideend|p1: Lvl36Empoleon|Reflect
|upkeep
|turn|10
|
|t:|1743798554
|move|p1a: Dragonite|Scale Shot|p2a: Glimmora
|-damage|p2a: Glimmora|47/100
|-activate|p2a: Glimmora|ability: Toxic Debris
|-sidestart|p1: Lvl36Empoleon|move: Toxic Spikes
|-damage|p2a: Glimmora|33/100
|-damage|p2a: Glimmora|18/100
|-damage|p2a: Glimmora|5/100
|-damage|p2a: Glimmora|0 fnt
|faint|p2a: Glimmora
|-hitcount|p2: Glimmora|5
|-unboost|p1a: Dragonite|def|1
|-boost|p1a: Dragonite|spe|1
|
|upkeep
|
|t:|1743798569
|switch|p2a: Dragonite|Dragonite, F, tera:Normal|100/100
|turn|11
|
|t:|1743798579
|move|p1a: Dragonite|Scale Shot|p2a: Dragonite
|-crit|p2a: Dragonite
|-damage|p2a: Dragonite|87/100
|-damage|p2a: Dragonite|70/100
|-damage|p2a: Dragonite|53/100
|-damage|p2a: Dragonite|36/100
|-damage|p2a: Dragonite|20/100
|-hitcount|p2a: Dragonite|5
|-unboost|p1a: Dragonite|def|1
|-boost|p1a: Dragonite|spe|1
|move|p2a: Dragonite|Dragon Dance|p2a: Dragonite
|-boost|p2a: Dragonite|atk|1
|-boost|p2a: Dragonite|spe|1
|
|upkeep
|turn|12
|
|t:|1743798594
|move|p2a: Dragonite|Extreme Speed|p1a: Dragonite
|-damage|p1a: Dragonite|0 fnt
|faint|p1a: Dragonite
|
|upkeep
|
|t:|1743798601
|switch|p1a: Great Tusk|Great Tusk|85/100
|-damage|p1a: Great Tusk|82/100|[from] Stealth Rock
|-damage|p1a: Great Tusk|65/100|[from] Spikes
|-status|p1a: Great Tusk|tox
|turn|13
|
|t:|1743798607
|switch|p2a: Gholdengo|Gholdengo|100/100
|move|p1a: Great Tusk|Ice Spinner|p2a: Gholdengo
|-resisted|p2a: Gholdengo
|-damage|p2a: Gholdengo|88/100
|
|-damage|p1a: Great Tusk|59/100 tox|[from] psn
|upkeep
|turn|14
|
|t:|1743798630
|-end|p1a: Great Tusk|Protosynthesis|[silent]
|switch|p1a: Glimmora|Glimmora, F|52/100
|-damage|p1a: Glimmora|40/100|[from] Stealth Rock
|-damage|p1a: Glimmora|23/100|[from] Spikes
|-sideend|p1: Lvl36Empoleon|move: Toxic Spikes|[of] p1a: Glimmora
|move|p2a: Gholdengo|Dazzling Gleam|p1a: Glimmora
|-resisted|p1a: Glimmora
|-damage|p1a: Glimmora|6/100
|
|upkeep
|turn|15
|
|t:|1743798639
|move|p1a: Glimmora|Dazzling Gleam|p2a: Gholdengo
|-resisted|p2a: Gholdengo
|-damage|p2a: Gholdengo|72/100
|move|p2a: Gholdengo|Shadow Ball|p1a: Glimmora
|-damage|p1a: Glimmora|0 fnt
|faint|p1a: Glimmora
|
|upkeep
|inactive|Lvl36Empoleon has 120 seconds left.
|
|t:|1743798658
|switch|p1a: Po|Iron Hands|59/100
|-damage|p1a: Po|53/100|[from] Stealth Rock
|-damage|p1a: Po|36/100|[from] Spikes
|turn|16
|
|t:|1743798668
|move|p2a: Gholdengo|Dazzling Gleam|p1a: Po
|-supereffective|p1a: Po
|-crit|p1a: Po
|-damage|p1a: Po|0 fnt
|faint|p1a: Po
|-end|p1a: Po|Quark Drive|[silent]
|
|upkeep
|
|t:|1743798673
|switch|p1a: Grimmsnarl|Grimmsnarl, M, shiny|100/100
|-damage|p1a: Grimmsnarl|88/100|[from] Stealth Rock
|-damage|p1a: Grimmsnarl|72/100|[from] Spikes
|turn|17
|
|t:|1743798679
|move|p2a: Gholdengo|Dazzling Gleam|p1a: Grimmsnarl
|-supereffective|p1a: Grimmsnarl
|-damage|p1a: Grimmsnarl|18/100
|move|p1a: Grimmsnarl|Spirit Break|p2a: Gholdengo
|-resisted|p2a: Gholdengo
|-damage|p2a: Gholdengo|56/100
|-unboost|p2a: Gholdengo|spa|1
|
|upkeep
|turn|18
|
|t:|1743798694
|switch|p2a: Zamazenta|Zamazenta|100/100
|-ability|p2a: Zamazenta|Dauntless Shield|boost
|-boost|p2a: Zamazenta|def|1
|move|p1a: Grimmsnarl|Light Screen|p1a: Grimmsnarl
|-sidestart|p1: Lvl36Empoleon|move: Light Screen
|
|upkeep
|turn|19
|
|t:|1743798701
|move|p1a: Grimmsnarl|Reflect|p1a: Grimmsnarl
|-sidestart|p1: Lvl36Empoleon|Reflect
|move|p2a: Zamazenta|Body Press|p1a: Grimmsnarl
|-damage|p1a: Grimmsnarl|0 fnt
|faint|p1a: Grimmsnarl
|
|upkeep
|
|t:|1743798706
|switch|p1a: Great Tusk|Great Tusk|59/100 tox
|-damage|p1a: Great Tusk|56/100 tox|[from] Stealth Rock
|-damage|p1a: Great Tusk|40/100 tox|[from] Spikes
|turn|20
|
|t:|1743798716
|switch|p2a: Gholdengo|Gholdengo|56/100
|move|p1a: Great Tusk|Bulk Up|p1a: Great Tusk
|-boost|p1a: Great Tusk|atk|1
|-boost|p1a: Great Tusk|def|1
|
|-damage|p1a: Great Tusk|33/100 tox|[from] psn
|upkeep
|turn|21
|
|t:|1743798724
|move|p1a: Great Tusk|Ice Spinner|p2a: Gholdengo
|-resisted|p2a: Gholdengo
|-damage|p2a: Gholdengo|40/100
|move|p2a: Gholdengo|Dazzling Gleam|p1a: Great Tusk
|-supereffective|p1a: Great Tusk
|-damage|p1a: Great Tusk|0 fnt
|faint|p1a: Great Tusk
|-end|p1a: Great Tusk|Protosynthesis|[silent]
|
|upkeep
|
|t:|1743798731
|switch|p1a: Iron Crown|Iron Crown|100/100
|-damage|p1a: Iron Crown|94/100|[from] Stealth Rock
|-damage|p1a: Iron Crown|78/100|[from] Spikes
|-enditem|p1a: Iron Crown|Booster Energy
|-activate|p1a: Iron Crown|ability: Quark Drive|[fromitem]
|-start|p1a: Iron Crown|quarkdrivespe
|turn|22
|
|t:|1743798755
|move|p1a: Iron Crown|Calm Mind|p1a: Iron Crown
|-boost|p1a: Iron Crown|spa|1
|-boost|p1a: Iron Crown|spd|1
|move|p2a: Gholdengo|Shadow Ball|p1a: Iron Crown
|-supereffective|p1a: Iron Crown
|-damage|p1a: Iron Crown|53/100
|
|upkeep
|turn|23
|
|t:|1743798765
|move|p1a: Iron Crown|Stored Power|p2a: Gholdengo
|-resisted|p2a: Gholdengo
|-damage|p2a: Gholdengo|17/100
|move|p2a: Gholdengo|Shadow Ball|p1a: Iron Crown
|-supereffective|p1a: Iron Crown
|-damage|p1a: Iron Crown|28/100
|
|upkeep
|turn|24
|-enditem|p2a: Gholdengo|Custap Berry|[eat]
|-activate|p2a: Gholdengo|item: Custap Berry|[consumed]
|
|t:|1743798772
|move|p2a: Gholdengo|Shadow Ball|p1a: Iron Crown
|-supereffective|p1a: Iron Crown
|-damage|p1a: Iron Crown|0 fnt
|faint|p1a: Iron Crown
|-end|p1a: Iron Crown|Quark Drive|[silent]
|
|win|marioderenterich
|raw|Lvl36Empoleon's rating: 1104 &rarr; <strong>1083</strong><br />(-21 for losing)
|raw|marioderenterich's rating: 1157 &rarr; <strong>1178</strong><br />(+21 for winning)
