|j|☆leihuo
|j|☆shinkuu8
|t:|1743939270
|gametype|singles
|player|p1|leihuo|102|1187
|player|p2|shinkuu8|clair|1310
|teamsize|p1|6
|teamsize|p2|6
|gen|9
|tier|[Gen 9] OU
|rated|
|rule|HP Percentage Mod: HP is shown in percentages
|rule|Endless Battle Clause: Forcing endless battles is banned
|rule|Species Clause: Limit one of each Pokémon
|rule|OHKO Clause: OHKO moves are banned
|rule|Evasion Items Clause: Evasion items are banned
|rule|Evasion Moves Clause: Evasion moves are banned
|rule|Sleep Moves Clause: Sleep-inducing moves are banned
|clearpoke
|poke|p1|Ninetales-Alola, F|
|poke|p1|Dragonite, M|
|poke|p1|Great Tusk|
|poke|p1|Revavroom, M|
|poke|p1|Polteageist-Antique|
|poke|p1|Weavile, M|
|poke|p2|Zamazenta-*|
|poke|p2|Slowking-Galar, F|
|poke|p2|Raging Bolt|
|poke|p2|Great Tusk|
|poke|p2|Mandibuzz, F|
|poke|p2|Ogerpon-Wellspring, F|
|teampreview
|inactive|Battle timer is ON: inactive players will automatically lose when time's up. (requested by shinkuu8)
|
|t:|1743939277
|start
|switch|p1a: Ninetales|Ninetales-Alola, F|100/100
|switch|p2a: Zamazenta|Zamazenta|100/100
|-ability|p2a: Zamazenta|Dauntless Shield|boost
|-boost|p2a: Zamazenta|def|1
|-weather|Snowscape|[from] ability: Snow Warning|[of] p1a: Ninetales
|turn|1
|
|t:|1743939280
|move|p2a: Zamazenta|Heavy Slam|p1a: Ninetales
|-supereffective|p1a: Ninetales
|-damage|p1a: Ninetales|0 fnt
|faint|p1a: Ninetales
|
|-weather|Snowscape|[upkeep]
|upkeep
|
|t:|1743939285
|switch|p1a: Polteageist|Polteageist-Antique|100/100
|turn|2
|
|t:|1743939292
|switch|p2a: Mandibuzz|Mandibuzz, F|100/100
|move|p1a: Polteageist|Shell Smash|p1a: Polteageist
|-unboost|p1a: Polteageist|def|1
|-unboost|p1a: Polteageist|spd|1
|-boost|p1a: Polteageist|atk|2
|-boost|p1a: Polteageist|spa|2
|-boost|p1a: Polteageist|spe|2
|-enditem|p1a: Polteageist|White Herb
|-clearnegativeboost|p1a: Polteageist|[silent]
|
|-weather|Snowscape|[upkeep]
|upkeep
|turn|3
|
|t:|1743939298
|move|p1a: Polteageist|Shadow Ball|p2a: Mandibuzz
|-resisted|p2a: Mandibuzz
|-damage|p2a: Mandibuzz|60/100
|-unboost|p2a: Mandibuzz|spd|1
|move|p2a: Mandibuzz|Foul Play|p1a: Polteageist
|-supereffective|p1a: Polteageist
|-damage|p1a: Polteageist|0 fnt
|faint|p1a: Polteageist
|
|-weather|Snowscape|[upkeep]
|upkeep
|
|t:|1743939307
|switch|p1a: Revavroom|Revavroom, M|100/100
|turn|4
|
|t:|1743939321
|switch|p2a: Great Tusk|Great Tusk|100/100
|move|p1a: Revavroom|Shift Gear|p1a: Revavroom
|-boost|p1a: Revavroom|spe|2
|-boost|p1a: Revavroom|atk|1
|
|-weather|Snowscape|[upkeep]
|upkeep
|turn|5
|
|t:|1743939331
|-terastallize|p1a: Revavroom|Flying
|move|p1a: Revavroom|Gunk Shot|p2a: Great Tusk
|-resisted|p2a: Great Tusk
|-damage|p2a: Great Tusk|58/100
|-status|p2a: Great Tusk|psn
|-damage|p1a: Revavroom|91/100|[from] item: Life Orb
|move|p2a: Great Tusk|Stealth Rock|p1a: Revavroom
|-sidestart|p1: leihuo|move: Stealth Rock
|
|-weather|none
|-damage|p2a: Great Tusk|46/100 psn|[from] psn
|upkeep
|turn|6
|
|t:|1743939339
|move|p1a: Revavroom|Iron Head|p2a: Great Tusk
|-damage|p2a: Great Tusk|0 fnt
|-damage|p1a: Revavroom|74/100|[from] item: Rocky Helmet|[of] p2a: Great Tusk
|faint|p2a: Great Tusk
|-end|p2a: Great Tusk|Protosynthesis|[silent]
|-damage|p1a: Revavroom|64/100|[from] item: Life Orb
|
|upkeep
|
|t:|1743939343
|switch|p2a: Raging Bolt|Raging Bolt|100/100
|turn|7
|
|t:|1743939347
|move|p2a: Raging Bolt|Thunderclap||[still]
|-fail|p2a: Raging Bolt
|move|p1a: Revavroom|Shift Gear|p1a: Revavroom
|-boost|p1a: Revavroom|spe|2
|-boost|p1a: Revavroom|atk|1
|
|upkeep
|turn|8
|
|t:|1743939351
|move|p2a: Raging Bolt|Thunderclap||[still]
|-fail|p2a: Raging Bolt
|move|p1a: Revavroom|Shift Gear|p1a: Revavroom
|-boost|p1a: Revavroom|spe|2
|-boost|p1a: Revavroom|atk|1
|
|upkeep
|turn|9
|
|t:|1743939355
|move|p2a: Raging Bolt|Thunderclap||[still]
|-fail|p2a: Raging Bolt
|move|p1a: Revavroom|Shift Gear|p1a: Revavroom
|-boost|p1a: Revavroom|spe|0
|-boost|p1a: Revavroom|atk|1
|
|upkeep
|turn|10
|
|t:|1743939361
|move|p1a: Revavroom|Iron Head|p2a: Raging Bolt
|-resisted|p2a: Raging Bolt
|-damage|p2a: Raging Bolt|24/100
|-damage|p1a: Revavroom|54/100|[from] item: Life Orb
|move|p2a: Raging Bolt|Volt Switch|p1a: Revavroom
|-supereffective|p1a: Revavroom
|-damage|p1a: Revavroom|0 fnt
|faint|p1a: Revavroom
|
|t:|1743939369
|-end|p2a: Raging Bolt|Protosynthesis|[silent]
|switch|p2a: Slowking|Slowking-Galar, F|100/100|[from] Volt Switch
|
|upkeep
|
|t:|1743939373
|switch|p1a: Weavile|Weavile, M|100/100
|-damage|p1a: Weavile|76/100|[from] Stealth Rock
|turn|11
|
|t:|1743939378
|switch|p2a: Raging Bolt|Raging Bolt|24/100
|move|p1a: Weavile|Swords Dance|p1a: Weavile
|-boost|p1a: Weavile|atk|2
|
|upkeep
|turn|12
|
|t:|1743939383
|move|p1a: Weavile|Upper Hand|p2a: Raging Bolt
|-damage|p2a: Raging Bolt|0 fnt
|faint|p2a: Raging Bolt
|-end|p2a: Raging Bolt|Protosynthesis|[silent]
|-damage|p1a: Weavile|66/100|[from] item: Life Orb
|
|upkeep
|
|t:|1743939387
|switch|p2a: Zamazenta|Zamazenta|100/100
|turn|13
|
|t:|1743939399
|switch|p1a: Great Tusk|Great Tusk|100/100
|-damage|p1a: Great Tusk|98/100|[from] Stealth Rock
|-enditem|p1a: Great Tusk|Booster Energy
|-activate|p1a: Great Tusk|ability: Protosynthesis|[fromitem]
|-start|p1a: Great Tusk|protosynthesisatk
|move|p2a: Zamazenta|Heavy Slam|p1a: Great Tusk
|-damage|p1a: Great Tusk|84/100
|
|upkeep
|turn|14
|
|t:|1743939407
|switch|p2a: Mandibuzz|Mandibuzz, F|60/100
|move|p1a: Great Tusk|Rapid Spin|p2a: Mandibuzz
|-damage|p2a: Mandibuzz|48/100
|-boost|p1a: Great Tusk|spe|1
|-sideend|p1: leihuo|Stealth Rock|[from] move: Rapid Spin|[of] p1a: Great Tusk
|
|upkeep
|turn|15
|
|t:|1743939409
|move|p1a: Great Tusk|Ice Spinner|p2a: Mandibuzz
|-supereffective|p2a: Mandibuzz
|-damage|p2a: Mandibuzz|5/100
|move|p2a: Mandibuzz|Toxic|p1a: Great Tusk
|-status|p1a: Great Tusk|tox
|
|-damage|p1a: Great Tusk|78/100 tox|[from] psn
|upkeep
|turn|16
|
|t:|1743939414
|move|p1a: Great Tusk|Ice Spinner|p2a: Mandibuzz
|-supereffective|p2a: Mandibuzz
|-damage|p2a: Mandibuzz|0 fnt
|faint|p2a: Mandibuzz
|
|-damage|p1a: Great Tusk|65/100 tox|[from] psn
|upkeep
|
|t:|1743939420
|switch|p2a: Ogerpon|Ogerpon-Wellspring, F|100/100
|turn|17
|
|t:|1743939424
|move|p1a: Great Tusk|Close Combat|p2a: Ogerpon
|-damage|p2a: Ogerpon|0 fnt
|-unboost|p1a: Great Tusk|def|1
|-unboost|p1a: Great Tusk|spd|1
|faint|p2a: Ogerpon
|
|-damage|p1a: Great Tusk|47/100 tox|[from] psn
|upkeep
|
|t:|1743939429
|switch|p2a: Zamazenta|Zamazenta|100/100
|turn|18
|
|t:|1743939435
|move|p1a: Great Tusk|Close Combat|p2a: Zamazenta
|-damage|p2a: Zamazenta|23/100
|-unboost|p1a: Great Tusk|def|1
|-unboost|p1a: Great Tusk|spd|1
|move|p2a: Zamazenta|Close Combat|p1a: Great Tusk
|-damage|p1a: Great Tusk|0 fnt
|-unboost|p2a: Zamazenta|def|1
|-unboost|p2a: Zamazenta|spd|1
|faint|p1a: Great Tusk
|-end|p1a: Great Tusk|Protosynthesis|[silent]
|
|upkeep
|
|t:|1743939442
|switch|p1a: Dragonite|Dragonite, M|100/100
|turn|19
|
|t:|1743939446
|switch|p2a: Slowking|Slowking-Galar, F|100/100
|move|p1a: Dragonite|Dragon Dance|p1a: Dragonite
|-boost|p1a: Dragonite|atk|1
|-boost|p1a: Dragonite|spe|1
|
|upkeep
|turn|20
|
|t:|1743939451
|-terastallize|p2a: Slowking|Water
|move|p1a: Dragonite|Earthquake|p2a: Slowking
|-damage|p2a: Slowking|39/100
|move|p2a: Slowking|Sludge Bomb|p1a: Dragonite
|-damage|p1a: Dragonite|82/100
|
|-heal|p1a: Dragonite|88/100|[from] item: Leftovers
|upkeep
|turn|21
|
|t:|1743939456
|move|p1a: Dragonite|Dragon Claw|p2a: Slowking
|-damage|p2a: Slowking|0 fnt
|faint|p2a: Slowking
|
|-heal|p1a: Dragonite|95/100|[from] item: Leftovers
|upkeep
|
|t:|1743939458
|switch|p2a: Zamazenta|Zamazenta|23/100
|turn|22
|
|t:|1743939461
|move|p1a: Dragonite|Extreme Speed|p2a: Zamazenta
|-damage|p2a: Zamazenta|0 fnt
|faint|p2a: Zamazenta
|
|win|leihuo
|raw|leihuo's rating: 1187 &rarr; <strong>1220</strong><br />(+33 for winning)
|raw|shinkuu8's rating: 1310 &rarr; <strong>1283</strong><br />(-27 for losing)
|l|☆shinkuu8
|player|p2|
|l|☆leihuo
|player|p1|
