|j|☆bsp1
|j|☆Dreadblaze
|t:|1743924271
|gametype|singles
|player|p1|bsp1|170|1666
|player|p2|Dreadblaze|linebacker|1652
|teamsize|p1|6
|teamsize|p2|6
|gen|9
|tier|[Gen 9] OU
|rated|
|rule|HP Percentage Mod: HP is shown in percentages
|rule|Endless Battle Clause: Forcing endless battles is banned
|rule|Species Clause: Limit one of each Pokémon
|rule|OHKO Clause: OHKO moves are banned
|rule|Evasion Items Clause: Evasion items are banned
|rule|Evasion Moves Clause: Evasion moves are banned
|rule|Sleep Moves Clause: Sleep-inducing moves are banned
|clearpoke
|poke|p1|Iron Crown|
|poke|p1|Enamorus, F|
|poke|p1|Great Tusk|
|poke|p1|Alomomola, M|
|poke|p1|Lokix, F|
|poke|p1|Dragapult, F|
|poke|p2|Zamazenta-*|
|poke|p2|Iron Treads|
|poke|p2|Okidogi, M|
|poke|p2|Garganacl, M|
|poke|p2|Ogerpon-Wellspring, F|
|poke|p2|Raging Bolt|
|teampreview
|inactive|Battle timer is ON: inactive players will automatically lose when time's up. (requested by Dreadblaze)
|
|t:|1743924287
|start
|switch|p1a: Dragapult|Dragapult, F|100/100
|switch|p2a: Okidogi|Okidogi, M|100/100
|turn|1
|
|t:|1743924295
|switch|p2a: Garganacl|Garganacl, M|100/100
|move|p1a: Dragapult|U-turn|p2a: Garganacl
|-damage|p2a: Garganacl|77/100
|
|t:|1743924301
|switch|p1a: Iron Crown|Iron Crown|100/100|[from] U-turn
|
|-heal|p2a: Garganacl|83/100|[from] item: Leftovers
|upkeep
|turn|2
|
|t:|1743924306
|-terastallize|p2a: Garganacl|Ghost
|move|p1a: Iron Crown|Tachyon Cutter|p2a: Garganacl
|-damage|p2a: Garganacl|57/100
|-damage|p2a: Garganacl|32/100
|-hitcount|p2a: Garganacl|2
|move|p2a: Garganacl|Salt Cure|p1a: Iron Crown
|-resisted|p1a: Iron Crown
|-damage|p1a: Iron Crown|94/100
|-start|p1a: Iron Crown|Salt Cure
|
|-heal|p2a: Garganacl|38/100|[from] item: Leftovers
|-damage|p1a: Iron Crown|69/100|[from] Salt Cure
|upkeep
|turn|3
|
|t:|1743924313
|switch|p2a: Ogerpon|Ogerpon-Wellspring, F|100/100
|move|p1a: Iron Crown|Tachyon Cutter|p2a: Ogerpon
|-resisted|p2a: Ogerpon
|-damage|p2a: Ogerpon|77/100
|-resisted|p2a: Ogerpon
|-crit|p2a: Ogerpon
|-damage|p2a: Ogerpon|45/100
|-hitcount|p2a: Ogerpon|2
|
|-damage|p1a: Iron Crown|44/100|[from] Salt Cure
|upkeep
|turn|4
|
|t:|1743924324
|-end|p1a: Iron Crown|Quark Drive|[silent]
|switch|p1a: Dragapult|Dragapult, F|100/100
|move|p2a: Ogerpon|Ivy Cudgel|p1a: Dragapult|[anim] Ivy Cudgel Water
|-resisted|p1a: Dragapult
|-damage|p1a: Dragapult|59/100
|
|upkeep
|turn|5
|
|t:|1743924334
|switch|p2a: Garganacl|Garganacl, M, tera:Ghost|38/100
|move|p1a: Dragapult|U-turn|p2a: Garganacl
|-resisted|p2a: Garganacl
|-damage|p2a: Garganacl|26/100
|
|t:|1743924355
|switch|p1a: Lokix|Lokix, F|100/100|[from] U-turn
|
|-heal|p2a: Garganacl|32/100|[from] item: Leftovers
|upkeep
|turn|6
|
|t:|1743924359
|switch|p2a: Okidogi|Okidogi, M|100/100
|move|p1a: Lokix|U-turn|p2a: Okidogi
|-resisted|p2a: Okidogi
|-damage|p2a: Okidogi|79/100
|-damage|p1a: Lokix|84/100|[from] item: Rocky Helmet|[of] p2a: Okidogi
|
|t:|1743924367
|switch|p1a: Great Tusk|Great Tusk|100/100|[from] U-turn
|
|upkeep
|turn|7
|
|t:|1743924377
|switch|p2a: Ogerpon|Ogerpon-Wellspring, F|45/100
|move|p1a: Great Tusk|Stealth Rock|p2a: Ogerpon
|-sidestart|p2: Dreadblaze|move: Stealth Rock
|
|upkeep
|turn|8
|
|t:|1743924387
|-end|p1a: Great Tusk|Protosynthesis|[silent]
|switch|p1a: Dragapult|Dragapult, F|59/100
|move|p2a: Ogerpon|Horn Leech|p1a: Dragapult
|-resisted|p1a: Dragapult
|-damage|p1a: Dragapult|27/100
|-heal|p2a: Ogerpon|62/100|[from] drain|[of] p1a: Dragapult
|
|upkeep
|turn|9
|
|t:|1743924400
|switch|p2a: Okidogi|Okidogi, M|79/100
|-damage|p2a: Okidogi|73/100|[from] Stealth Rock
|move|p1a: Dragapult|U-turn|p2a: Okidogi
|-resisted|p2a: Okidogi
|-damage|p2a: Okidogi|66/100
|-damage|p1a: Dragapult|10/100|[from] item: Rocky Helmet|[of] p2a: Okidogi
|
|t:|1743924410
|switch|p1a: Great Tusk|Great Tusk|100/100|[from] U-turn
|
|upkeep
|turn|10
|
|t:|1743924420
|switch|p2a: Ogerpon|Ogerpon-Wellspring, F|62/100
|-damage|p2a: Ogerpon|50/100|[from] Stealth Rock
|move|p1a: Great Tusk|Headlong Rush|p2a: Ogerpon
|-resisted|p2a: Ogerpon
|-damage|p2a: Ogerpon|9/100
|-unboost|p1a: Great Tusk|def|1
|-unboost|p1a: Great Tusk|spd|1
|
|upkeep
|turn|11
|j| stchaary
|
|t:|1743924432
|-end|p1a: Great Tusk|Protosynthesis|[silent]
|switch|p1a: Iron Crown|Iron Crown|44/100
|move|p2a: Ogerpon|Horn Leech|p1a: Iron Crown
|-resisted|p1a: Iron Crown
|-damage|p1a: Iron Crown|20/100
|-heal|p2a: Ogerpon|22/100|[from] drain|[of] p1a: Iron Crown
|
|upkeep
|turn|12
|j| victini05
|
|t:|1743924441
|move|p2a: Ogerpon|Horn Leech|p1a: Iron Crown
|-resisted|p1a: Iron Crown
|-damage|p1a: Iron Crown|0 fnt
|-heal|p2a: Ogerpon|32/100|[from] drain|[of] p1a: Iron Crown
|faint|p1a: Iron Crown
|-end|p1a: Iron Crown|Quark Drive|[silent]
|
|upkeep
|
|t:|1743924443
|switch|p1a: Dragapult|Dragapult, F|10/100
|turn|13
|l| stchaary
|
|t:|1743924451
|switch|p2a: Okidogi|Okidogi, M|66/100
|-damage|p2a: Okidogi|60/100|[from] Stealth Rock
|move|p1a: Dragapult|Dragon Darts|p2a: Okidogi
|-damage|p2a: Okidogi|29/100
|-anim|p1a: Dragapult|Dragon Darts|p2a: Okidogi
|-damage|p2a: Okidogi|0 fnt
|faint|p2a: Okidogi
|
|upkeep
|
|t:|1743924459
|switch|p2a: Iron Treads|Iron Treads|100/100
|-damage|p2a: Iron Treads|97/100|[from] Stealth Rock
|-enditem|p2a: Iron Treads|Booster Energy
|-activate|p2a: Iron Treads|ability: Quark Drive|[fromitem]
|-start|p2a: Iron Treads|quarkdrivespe
|turn|14
|
|t:|1743924463
|switch|p1a: Great Tusk|Great Tusk|100/100
|move|p2a: Iron Treads|Knock Off|p1a: Great Tusk
|-resisted|p1a: Great Tusk
|-damage|p1a: Great Tusk|90/100
|-enditem|p1a: Great Tusk|Heavy-Duty Boots|[from] move: Knock Off|[of] p2a: Iron Treads
|
|upkeep
|turn|15
|
|t:|1743924473
|move|p2a: Iron Treads|Rapid Spin|p1a: Great Tusk
|-damage|p1a: Great Tusk|78/100
|-boost|p2a: Iron Treads|spe|1
|-sideend|p2: Dreadblaze|Stealth Rock|[from] move: Rapid Spin|[of] p2a: Iron Treads
|move|p1a: Great Tusk|Headlong Rush|p2a: Iron Treads
|-supereffective|p2a: Iron Treads
|-damage|p2a: Iron Treads|0 fnt
|-unboost|p1a: Great Tusk|def|1
|-unboost|p1a: Great Tusk|spd|1
|faint|p2a: Iron Treads
|-end|p2a: Iron Treads|Quark Drive|[silent]
|
|upkeep
|
|t:|1743924482
|switch|p2a: Ogerpon|Ogerpon-Wellspring, F|32/100
|turn|16
|inactive|bsp1 has 120 seconds left.
|
|t:|1743924512
|-end|p1a: Great Tusk|Protosynthesis|[silent]
|switch|p1a: Lokix|Lokix, F|84/100
|move|p2a: Ogerpon|Ivy Cudgel|p1a: Lokix|[anim] Ivy Cudgel Water
|-damage|p1a: Lokix|0 fnt
|faint|p1a: Lokix
|
|upkeep
|inactive|bsp1 has 120 seconds left.
|
|t:|1743924518
|switch|p1a: Dragapult|Dragapult, F|10/100
|turn|17
|
|t:|1743924528
|switch|p2a: Zamazenta|Zamazenta|100/100
|-ability|p2a: Zamazenta|Dauntless Shield|boost
|-boost|p2a: Zamazenta|def|1
|move|p1a: Dragapult|U-turn|p2a: Zamazenta
|-resisted|p2a: Zamazenta
|-damage|p2a: Zamazenta|91/100
|
|t:|1743924535
|switch|p1a: Enamorus|Enamorus, F|100/100|[from] U-turn
|
|upkeep
|turn|18
|inactive|bsp1 has 120 seconds left.
|
|t:|1743924550
|move|p1a: Enamorus|Moonblast|p2a: Zamazenta
|-supereffective|p2a: Zamazenta
|-damage|p2a: Zamazenta|0 fnt
|faint|p2a: Zamazenta
|
|upkeep
|j| iamfrhaan007
|
|t:|1743924559
|switch|p2a: Raging Bolt|Raging Bolt|100/100
|-enditem|p2a: Raging Bolt|Booster Energy
|-activate|p2a: Raging Bolt|ability: Protosynthesis|[fromitem]
|-start|p2a: Raging Bolt|protosynthesisspa
|turn|19
|
|t:|1743924571
|switch|p1a: Great Tusk|Great Tusk|78/100
|move|p2a: Raging Bolt|Volt Switch|p1a: Great Tusk
|-immune|p1a: Great Tusk
|
|upkeep
|turn|20
|
|t:|1743924582
|-end|p2a: Raging Bolt|Protosynthesis|[silent]
|switch|p2a: Garganacl|Garganacl, M, tera:Ghost|32/100
|move|p1a: Great Tusk|Headlong Rush|p2a: Garganacl
|-damage|p2a: Garganacl|0 fnt
|-unboost|p1a: Great Tusk|def|1
|-unboost|p1a: Great Tusk|spd|1
|faint|p2a: Garganacl
|
|upkeep
|
|t:|1743924584
|switch|p2a: Ogerpon|Ogerpon-Wellspring, F|32/100
|turn|21
|
|t:|1743924589
|move|p2a: Ogerpon|Spikes|p1a: Great Tusk
|-sidestart|p1: bsp1|Spikes
|move|p1a: Great Tusk|Headlong Rush|p2a: Ogerpon
|-resisted|p2a: Ogerpon
|-damage|p2a: Ogerpon|0 fnt
|-unboost|p1a: Great Tusk|def|1
|-unboost|p1a: Great Tusk|spd|1
|faint|p2a: Ogerpon
|
|upkeep
|
|t:|1743924596
|switch|p2a: Raging Bolt|Raging Bolt|100/100
|turn|22
|
|t:|1743924599
|move|p1a: Great Tusk|Headlong Rush|p2a: Raging Bolt
|-supereffective|p2a: Raging Bolt
|-damage|p2a: Raging Bolt|0 fnt
|-unboost|p1a: Great Tusk|def|1
|-unboost|p1a: Great Tusk|spd|1
|faint|p2a: Raging Bolt
|-end|p2a: Raging Bolt|Protosynthesis|[silent]
|
|win|bsp1
|raw|bsp1's rating: 1666 &rarr; <strong>1685</strong><br />(+19 for winning)
|raw|Dreadblaze's rating: 1652 &rarr; <strong>1633</strong><br />(-19 for losing)
|l|☆Dreadblaze
|player|p2|
|l|☆bsp1
|player|p1|
|j| i was the rain xD
|l| iamfrhaan007
