|j|☆circus abuser
|j|☆Vbgr
|t:|1743872728
|gametype|singles
|player|p1|circus abuser|fisherman-gen4|1434
|player|p2|Vbgr|artist-gen4|1490
|teamsize|p1|6
|teamsize|p2|6
|gen|9
|tier|[Gen 9] OU
|rated|
|rule|HP Percentage Mod: HP is shown in percentages
|rule|Endless Battle Clause: Forcing endless battles is banned
|rule|Species Clause: Limit one of each Pokémon
|rule|OHKO Clause: OHKO moves are banned
|rule|Evasion Items Clause: Evasion items are banned
|rule|Evasion Moves Clause: Evasion moves are banned
|rule|Sleep Moves Clause: Sleep-inducing moves are banned
|clearpoke
|poke|p1|Kingambit, M|
|poke|p1|Garchomp, M|
|poke|p1|Pecharunt|
|poke|p1|Darkrai|
|poke|p1|Kyurem|
|poke|p1|Zapdos-Galar|
|poke|p2|Garganacl, M|
|poke|p2|Weezing-Galar, F|
|poke|p2|Corviknight, M|
|poke|p2|Dragapult, M|
|poke|p2|Slowking-Galar, M|
|poke|p2|Samurott-Hisui, F|
|teampreview
|
|t:|1743872738
|start
|switch|p1a: Zapdos|Zapdos-Galar|100/100
|switch|p2a: Nurse|Weezing-Galar, F|100/100
|-ability|p2a: Nurse|Neutralizing Gas
|turn|1
|inactive|Battle timer is ON: inactive players will automatically lose when time's up. (requested by circus abuser)
|
|t:|1743872742
|move|p1a: Zapdos|U-turn|p2a: Nurse
|-resisted|p2a: Nurse
|-damage|p2a: Nurse|96/100
|
|t:|1743872748
|switch|p1a: Pecharunt|Pecharunt|100/100|[from] U-turn
|-item|p1a: Pecharunt|Air Balloon
|move|p2a: Nurse|Will-O-Wisp|p1a: Pecharunt|[miss]
|-miss|p2a: Nurse|p1a: Pecharunt
|
|-heal|p2a: Nurse|100/100|[from] item: Black Sludge
|upkeep
|turn|2
|
|t:|1743872757
|-end|p2a: Nurse|ability: Neutralizing Gas
|switch|p2a: Acupuncturist|Samurott-Hisui, F|100/100
|move|p1a: Pecharunt|Parting Shot|p2a: Acupuncturist
|-unboost|p2a: Acupuncturist|atk|1
|-unboost|p2a: Acupuncturist|spa|1
|
|t:|1743872760
|switch|p1a: Zapdos|Zapdos-Galar|100/100|[from] Parting Shot
|
|upkeep
|turn|3
|
|t:|1743872764
|move|p1a: Zapdos|U-turn|p2a: Acupuncturist
|-supereffective|p2a: Acupuncturist
|-damage|p2a: Acupuncturist|39/100
|
|t:|1743872768
|switch|p1a: Garchomp|Garchomp, M|100/100|[from] U-turn
|move|p2a: Acupuncturist|Flip Turn|p1a: Garchomp
|-damage|p1a: Garchomp|83/100
|-damage|p2a: Acupuncturist|27/100|[from] ability: Rough Skin|[of] p1a: Garchomp
|
|t:|1743872778
|switch|p2a: Nurse|Weezing-Galar, F|100/100|[from] Flip Turn
|-ability|p2a: Nurse|Neutralizing Gas
|
|upkeep
|turn|4
|
|t:|1743872786
|move|p1a: Garchomp|Earthquake|p2a: Nurse
|-supereffective|p2a: Nurse
|-damage|p2a: Nurse|30/100
|-damage|p1a: Garchomp|73/100|[from] item: Life Orb
|move|p2a: Nurse|Will-O-Wisp|p1a: Garchomp
|-status|p1a: Garchomp|brn
|
|-heal|p2a: Nurse|36/100|[from] item: Black Sludge
|-damage|p1a: Garchomp|67/100 brn|[from] brn
|upkeep
|turn|5
|
|t:|1743872798
|move|p1a: Garchomp|Fire Blast|p2a: Nurse
|-damage|p2a: Nurse|0 fnt
|faint|p2a: Nurse
|-end|p2a: Nurse|ability: Neutralizing Gas
|-damage|p1a: Garchomp|57/100 brn|[from] item: Life Orb
|
|-damage|p1a: Garchomp|51/100 brn|[from] brn
|upkeep
|
|t:|1743872804
|switch|p2a: Specialist|Dragapult, M|100/100
|turn|6
|
|t:|1743872812
|move|p2a: Specialist|Dragon Darts|p1a: Garchomp
|-supereffective|p1a: Garchomp
|-damage|p1a: Garchomp|4/100 brn
|-anim|p2a: Specialist|Dragon Darts|p1a: Garchomp
|-supereffective|p1a: Garchomp
|-damage|p1a: Garchomp|0 fnt
|faint|p1a: Garchomp
|
|upkeep
|
|t:|1743872823
|switch|p1a: Zapdos|Zapdos-Galar|100/100
|turn|7
|
|t:|1743872830
|switch|p2a: Plague Doctor|Corviknight, M|100/100
|-ability|p2a: Plague Doctor|Pressure
|move|p1a: Zapdos|Brave Bird|p2a: Plague Doctor
|-resisted|p2a: Plague Doctor
|-crit|p2a: Plague Doctor
|-damage|p2a: Plague Doctor|74/100
|-damage|p1a: Zapdos|84/100|[from] item: Rocky Helmet|[of] p2a: Plague Doctor
|-damage|p1a: Zapdos|73/100|[from] Recoil
|
|upkeep
|turn|8
|inactive|Vbgr has 120 seconds left.
|
|t:|1743872871
|switch|p1a: Pecharunt|Pecharunt|100/100
|-item|p1a: Pecharunt|Air Balloon
|switch|p2a: Dr. Garg|Garganacl, M|100/100
|
|upkeep
|turn|9
|
|t:|1743872882
|move|p1a: Pecharunt|Parting Shot|p2a: Dr. Garg
|-unboost|p2a: Dr. Garg|atk|1
|-unboost|p2a: Dr. Garg|spa|1
|
|t:|1743872884
|switch|p1a: Zapdos|Zapdos-Galar|73/100|[from] Parting Shot
|move|p2a: Dr. Garg|Salt Cure|p1a: Zapdos
|-damage|p1a: Zapdos|62/100
|-start|p1a: Zapdos|Salt Cure
|
|-damage|p1a: Zapdos|50/100|[from] Salt Cure
|upkeep
|turn|10
|
|t:|1743872893
|switch|p1a: Darkrai|Darkrai|100/100
|move|p2a: Dr. Garg|Protect||[still]
|-fail|p2a: Dr. Garg
|
|upkeep
|turn|11
|
|t:|1743872898
|move|p1a: Darkrai|Nasty Plot|p1a: Darkrai
|-boost|p1a: Darkrai|spa|2
|move|p2a: Dr. Garg|Salt Cure|p1a: Darkrai
|-damage|p1a: Darkrai|88/100
|-start|p1a: Darkrai|Salt Cure
|
|-damage|p1a: Darkrai|75/100|[from] Salt Cure
|upkeep
|turn|12
|
|t:|1743872909
|move|p1a: Darkrai|Focus Blast|p2a: Dr. Garg
|-supereffective|p2a: Dr. Garg
|-damage|p2a: Dr. Garg|0 fnt
|faint|p2a: Dr. Garg
|
|-damage|p1a: Darkrai|63/100|[from] Salt Cure
|upkeep
|
|t:|1743872914
|switch|p2a: Acupuncturist|Samurott-Hisui, F|27/100
|turn|13
|
|t:|1743872918
|move|p2a: Acupuncturist|Razor Shell|p1a: Darkrai
|-damage|p1a: Darkrai|0 fnt
|faint|p1a: Darkrai
|
|upkeep
|
|t:|1743872921
|switch|p1a: Zapdos|Zapdos-Galar|50/100
|turn|14
|
|t:|1743872932
|switch|p2a: Plague Doctor|Corviknight, M|74/100
|-ability|p2a: Plague Doctor|Pressure
|move|p1a: Zapdos|U-turn|p2a: Plague Doctor
|-resisted|p2a: Plague Doctor
|-damage|p2a: Plague Doctor|71/100
|-damage|p1a: Zapdos|34/100|[from] item: Rocky Helmet|[of] p2a: Plague Doctor
|
|t:|1743872949
|switch|p1a: Pecharunt|Pecharunt|100/100|[from] U-turn
|-item|p1a: Pecharunt|Air Balloon
|
|upkeep
|turn|15
|
|t:|1743872960
|switch|p2a: Trudeau-king|Slowking-Galar, M|100/100
|move|p1a: Pecharunt|Malignant Chain|p2a: Trudeau-king
|-resisted|p2a: Trudeau-king
|-damage|p2a: Trudeau-king|94/100
|
|upkeep
|turn|16
|
|t:|1743872966
|move|p1a: Pecharunt|Parting Shot|p2a: Trudeau-king
|-unboost|p2a: Trudeau-king|atk|1
|-unboost|p2a: Trudeau-king|spa|1
|
|t:|1743872968
|switch|p1a: Kingambit|Kingambit, M|100/100|[from] Parting Shot
|-activate|p1a: Kingambit|ability: Supreme Overlord
|-start|p1a: Kingambit|fallen2|[silent]
|move|p2a: Trudeau-king|Psychic Noise|p1a: Kingambit
|-immune|p1a: Kingambit
|
|upkeep
|turn|17
|
|t:|1743872977
|switch|p2a: Plague Doctor|Corviknight, M|71/100
|-ability|p2a: Plague Doctor|Pressure
|move|p1a: Kingambit|Kowtow Cleave|p2a: Plague Doctor
|-damage|p2a: Plague Doctor|29/100
|-damage|p1a: Kingambit|84/100|[from] item: Rocky Helmet|[of] p2a: Plague Doctor
|
|upkeep
|turn|18
|
|t:|1743872981
|move|p1a: Kingambit|Kowtow Cleave|p2a: Plague Doctor
|-damage|p2a: Plague Doctor|0 fnt
|-damage|p1a: Kingambit|68/100|[from] item: Rocky Helmet|[of] p2a: Plague Doctor
|faint|p2a: Plague Doctor
|
|upkeep
|
|t:|1743872986
|switch|p2a: Specialist|Dragapult, M|100/100
|turn|19
|
|t:|1743872992
|-terastallize|p2a: Specialist|Dragon
|move|p2a: Specialist|Will-O-Wisp|p1a: Kingambit
|-status|p1a: Kingambit|brn
|move|p1a: Kingambit|Kowtow Cleave|p2a: Specialist
|-damage|p2a: Specialist|49/100
|
|-damage|p1a: Kingambit|61/100 brn|[from] brn
|upkeep
|turn|20
|
|t:|1743873002
|move|p2a: Specialist|Dragon Darts|p1a: Kingambit
|-resisted|p1a: Kingambit
|-crit|p1a: Kingambit
|-damage|p1a: Kingambit|42/100 brn
|-anim|p2a: Specialist|Dragon Darts|p1a: Kingambit
|-resisted|p1a: Kingambit
|-damage|p1a: Kingambit|27/100 brn
|move|p1a: Kingambit|Kowtow Cleave|p2a: Specialist
|-damage|p2a: Specialist|4/100
|
|-damage|p1a: Kingambit|20/100 brn|[from] brn
|upkeep
|turn|21
|
|t:|1743873013
|switch|p2a: Acupuncturist|Samurott-Hisui, F|27/100
|move|p1a: Kingambit|Sucker Punch||[still]
|-fail|p1a: Kingambit
|
|-damage|p1a: Kingambit|14/100 brn|[from] brn
|upkeep
|turn|22
|
|t:|1743873022
|switch|p2a: Specialist|Dragapult, M, tera:Dragon|4/100
|move|p1a: Kingambit|Sucker Punch||[still]
|-fail|p1a: Kingambit
|
|-damage|p1a: Kingambit|8/100 brn|[from] brn
|upkeep
|turn|23
|
|t:|1743873028
|move|p1a: Kingambit|Sucker Punch|p2a: Specialist
|-damage|p2a: Specialist|0 fnt
|faint|p2a: Specialist
|
|-damage|p1a: Kingambit|2/100 brn|[from] brn
|upkeep
|
|t:|1743873032
|switch|p2a: Acupuncturist|Samurott-Hisui, F|27/100
|turn|24
|
|t:|1743873037
|move|p1a: Kingambit|Sucker Punch|p2a: Acupuncturist
|-resisted|p2a: Acupuncturist
|-damage|p2a: Acupuncturist|9/100
|move|p2a: Acupuncturist|Ceaseless Edge|p1a: Kingambit
|-resisted|p1a: Kingambit
|-damage|p1a: Kingambit|0 fnt
|-sidestart|p1: circus abuser|Spikes
|faint|p1a: Kingambit
|-end|p1a: Kingambit|fallen2|[silent]
|
|upkeep
|
|t:|1743873042
|switch|p1a: Zapdos|Zapdos-Galar|34/100
|turn|25
|
|t:|1743873047
|move|p1a: Zapdos|U-turn|p2a: Acupuncturist
|-supereffective|p2a: Acupuncturist
|-crit|p2a: Acupuncturist
|-damage|p2a: Acupuncturist|0 fnt
|faint|p2a: Acupuncturist
|
|t:|1743873049
|switch|p1a: Kyurem|Kyurem|100/100|[from] U-turn
|-damage|p1a: Kyurem|88/100|[from] Spikes
|-ability|p1a: Kyurem|Pressure
|
|upkeep
|inactive|Vbgr has 120 seconds left.
|
|t:|1743873082
|switch|p2a: Trudeau-king|Slowking-Galar, M|100/100
|turn|26
|
|t:|1743873092
|-terastallize|p1a: Kyurem|Ground
|move|p1a: Kyurem|Tera Blast|p2a: Trudeau-king|[anim] Tera Blast Ground
|-supereffective|p2a: Trudeau-king
|-damage|p2a: Trudeau-king|0 fnt
|faint|p2a: Trudeau-king
|
|win|circus abuser
|raw|circus abuser's rating: 1434 &rarr; <strong>1457</strong><br />(+23 for winning)
|raw|Vbgr's rating: 1490 &rarr; <strong>1467</strong><br />(-23 for losing)
