|j|☆SamuB
|j|☆gatorskk
|t:|1743929660
|gametype|singles
|player|p1|SamuB|juggler|1402
|player|p2|gatorskk|battlegirl-gen4|1419
|teamsize|p1|6
|teamsize|p2|6
|gen|9
|tier|[Gen 9] OU
|rated|
|rule|HP Percentage Mod: HP is shown in percentages
|rule|Endless Battle Clause: Forcing endless battles is banned
|rule|Species Clause: Limit one of each Pokémon
|rule|OHKO Clause: OHKO moves are banned
|rule|Evasion Items Clause: Evasion items are banned
|rule|Evasion Moves Clause: Evasion moves are banned
|rule|Sleep Moves Clause: Sleep-inducing moves are banned
|clearpoke
|poke|p1|Maushold-Four|
|poke|p1|Hatterene, F|
|poke|p1|Ceruledge, F|
|poke|p1|Umbreon, F|
|poke|p1|Landorus-Therian, M|
|poke|p1|Cinderace, F|
|poke|p2|Kyurem|
|poke|p2|Weavile, F|
|poke|p2|Skarmory, M|
|poke|p2|Ting-Lu|
|poke|p2|Pecharunt|
|poke|p2|Primarina, M|
|teampreview
|inactive|Battle timer is ON: inactive players will automatically lose when time's up. (requested by gatorskk)
|inactive|SamuB also wants the timer to be on.
|inactive|gatorskk has 120 seconds left.
|
|t:|1743929698
|start
|switch|p1a: Cinderace|Cinderace, F, shiny|100/100
|switch|p2a: Pecharunt|Pecharunt|100/100
|-item|p2a: Pecharunt|Air Balloon
|turn|1
|
|t:|1743929709
|move|p1a: Cinderace|Pyro Ball|p2a: Pecharunt|[miss]
|-miss|p1a: Cinderace|p2a: Pecharunt
|move|p2a: Pecharunt|Malignant Chain|p1a: Cinderace
|-damage|p1a: Cinderace|57/100
|-status|p1a: Cinderace|tox
|-start|p1a: Cinderace|confusion|[from] ability: Poison Puppeteer|[of] p2a: Pecharunt
|
|-damage|p1a: Cinderace|51/100 tox|[from] psn
|upkeep
|turn|2
|c|☆SamuB|Nice
|
|t:|1743929732
|-activate|p1a: Cinderace|confusion
|-damage|p1a: Cinderace|34/100 tox|[from] confusion
|move|p2a: Pecharunt|Hex|p1a: Cinderace
|-damage|p1a: Cinderace|0 fnt
|faint|p1a: Cinderace
|
|upkeep
|
|t:|1743929741
|switch|p1a: Landorus|Landorus-Therian, M|100/100
|-ability|p1a: Landorus|Intimidate|boost
|-unboost|p2a: Pecharunt|atk|1
|turn|3
|inactive|gatorskk has 120 seconds left.
|
|t:|1743929777
|move|p2a: Pecharunt|Parting Shot|p1a: Landorus
|-unboost|p1a: Landorus|atk|1
|-unboost|p1a: Landorus|spa|1
|
|t:|1743929785
|switch|p2a: Skarmory|Skarmory, M|100/100|[from] Parting Shot
|move|p1a: Landorus|Crunch|p2a: Skarmory
|-damage|p2a: Skarmory|88/100
|-damage|p1a: Landorus|84/100|[from] item: Rocky Helmet|[of] p2a: Skarmory
|
|upkeep
|turn|4
|
|t:|1743929797
|move|p1a: Landorus|Smack Down|p2a: Skarmory
|-damage|p2a: Skarmory|80/100
|-start|p2a: Skarmory|Smack Down
|move|p2a: Skarmory|Whirlwind|p1a: Landorus
|drag|p1a: Ceruledge|Ceruledge, F|100/100
|
|upkeep
|turn|5
|inactive|gatorskk has 120 seconds left.
|
|t:|1743929809
|switch|p2a: Ting-Lu|Ting-Lu|100/100
|-ability|p2a: Ting-Lu|Vessel of Ruin
|move|p1a: Ceruledge|Swords Dance|p1a: Ceruledge
|-boost|p1a: Ceruledge|atk|2
|
|upkeep
|turn|6
|inactive|gatorskk has 120 seconds left.
|
|t:|1743929816
|move|p1a: Ceruledge|Bitter Blade|p2a: Ting-Lu
|-damage|p2a: Ting-Lu|47/100
|move|p2a: Ting-Lu|Earthquake|p1a: Ceruledge
|-supereffective|p1a: Ceruledge
|-crit|p1a: Ceruledge
|-enditem|p1a: Ceruledge|Focus Sash
|-damage|p1a: Ceruledge|1/100
|-ability|p1a: Ceruledge|Weak Armor|boost
|-unboost|p1a: Ceruledge|def|1
|-boost|p1a: Ceruledge|spe|2
|
|-heal|p2a: Ting-Lu|53/100|[from] item: Leftovers
|upkeep
|turn|7
|inactive|gatorskk has 120 seconds left.
|
|t:|1743929832
|move|p1a: Ceruledge|Bitter Blade|p2a: Ting-Lu
|-damage|p2a: Ting-Lu|0 fnt
|-heal|p1a: Ceruledge|47/100|[from] drain|[of] p2a: Ting-Lu
|faint|p2a: Ting-Lu
|
|upkeep
|inactive|gatorskk has 90 seconds left.
|
|t:|1743929865
|switch|p2a: Primarina|Primarina, M|100/100
|turn|8
|
|t:|1743929871
|move|p1a: Ceruledge|Poltergeist|p2a: Primarina
|-activate|p2a: Primarina|move: Poltergeist|Assault Vest
|-damage|p2a: Primarina|0 fnt
|faint|p2a: Primarina
|
|upkeep
|inactive|gatorskk has 90 seconds left.
|
|t:|1743929881
|switch|p2a: Skarmory|Skarmory, M|80/100
|turn|9
|
|t:|1743929884
|-terastallize|p2a: Skarmory|Dragon
|move|p1a: Ceruledge|Bitter Blade|p2a: Skarmory
|-resisted|p2a: Skarmory
|-damage|p2a: Skarmory|50/100
|-heal|p1a: Ceruledge|64/100|[from] drain|[of] p2a: Skarmory
|-damage|p1a: Ceruledge|48/100|[from] item: Rocky Helmet|[of] p2a: Skarmory
|move|p2a: Skarmory|Whirlwind|p1a: Ceruledge
|drag|p1a: Landorus|Landorus-Therian, M|84/100
|-ability|p1a: Landorus|Intimidate|boost
|-unboost|p2a: Skarmory|atk|1
|
|upkeep
|turn|10
|
|t:|1743929896
|move|p1a: Landorus|Earthquake|p2a: Skarmory
|-damage|p2a: Skarmory|16/100
|move|p2a: Skarmory|Roost|p2a: Skarmory
|-heal|p2a: Skarmory|66/100
|
|upkeep
|turn|11
|inactive|gatorskk has 90 seconds left.
|
|t:|1743929921
|move|p1a: Landorus|Earthquake|p2a: Skarmory
|-damage|p2a: Skarmory|30/100
|move|p2a: Skarmory|Roost|p2a: Skarmory
|-heal|p2a: Skarmory|80/100
|
|upkeep
|turn|12
|
|t:|1743929928
|move|p1a: Landorus|Earthquake|p2a: Skarmory
|-damage|p2a: Skarmory|44/100
|move|p2a: Skarmory|Spikes|p1a: Landorus
|-sidestart|p1: SamuB|Spikes
|
|upkeep
|turn|13
|
|t:|1743929932
|move|p1a: Landorus|Earthquake|p2a: Skarmory
|-damage|p2a: Skarmory|10/100
|move|p2a: Skarmory|Roost|p2a: Skarmory
|-heal|p2a: Skarmory|60/100
|
|upkeep
|turn|14
|
|t:|1743929936
|move|p1a: Landorus|Earthquake|p2a: Skarmory
|-damage|p2a: Skarmory|26/100
|move|p2a: Skarmory|Roost|p2a: Skarmory
|-heal|p2a: Skarmory|76/100
|
|upkeep
|turn|15
|inactive|gatorskk has 120 seconds left.
|
|t:|1743929941
|switch|p2a: Pecharunt|Pecharunt|100/100
|-item|p2a: Pecharunt|Air Balloon
|move|p1a: Landorus|Earthquake|p2a: Pecharunt
|-immune|p2a: Pecharunt
|
|upkeep
|turn|16
|
|t:|1743929949
|move|p2a: Pecharunt|Parting Shot|p1a: Landorus
|-unboost|p1a: Landorus|atk|1
|-unboost|p1a: Landorus|spa|1
|
|t:|1743929950
|switch|p2a: Skarmory|Skarmory, M, tera:Dragon|76/100|[from] Parting Shot
|move|p1a: Landorus|Crunch|p2a: Skarmory
|-damage|p2a: Skarmory|64/100
|-damage|p1a: Landorus|68/100|[from] item: Rocky Helmet|[of] p2a: Skarmory
|
|upkeep
|turn|17
|
|t:|1743929965
|move|p1a: Landorus|Earthquake|p2a: Skarmory
|-damage|p2a: Skarmory|42/100
|move|p2a: Skarmory|Spikes|p1a: Landorus
|-sidestart|p1: SamuB|Spikes
|
|upkeep
|turn|18
|
|t:|1743929969
|move|p1a: Landorus|Earthquake|p2a: Skarmory
|-damage|p2a: Skarmory|18/100
|move|p2a: Skarmory|Roost|p2a: Skarmory
|-heal|p2a: Skarmory|68/100
|
|upkeep
|turn|19
|
|t:|1743929977
|move|p1a: Landorus|Earthquake|p2a: Skarmory
|-damage|p2a: Skarmory|43/100
|move|p2a: Skarmory|Spikes|p1a: Landorus
|-sidestart|p1: SamuB|Spikes
|
|upkeep
|turn|20
|
|t:|1743929982
|move|p1a: Landorus|Earthquake|p2a: Skarmory
|-damage|p2a: Skarmory|18/100
|move|p2a: Skarmory|Roost|p2a: Skarmory
|-heal|p2a: Skarmory|68/100
|
|upkeep
|turn|21
|
|t:|1743929985
|switch|p2a: Pecharunt|Pecharunt|100/100
|-item|p2a: Pecharunt|Air Balloon
|move|p1a: Landorus|Earthquake|p2a: Pecharunt
|-immune|p2a: Pecharunt
|
|upkeep
|turn|22
|
|t:|1743929989
|move|p2a: Pecharunt|Parting Shot|p1a: Landorus
|-unboost|p1a: Landorus|atk|1
|-unboost|p1a: Landorus|spa|1
|
|t:|1743929991
|switch|p2a: Skarmory|Skarmory, M, tera:Dragon|68/100|[from] Parting Shot
|move|p1a: Landorus|Earthquake|p2a: Skarmory
|-damage|p2a: Skarmory|51/100
|
|upkeep
|turn|23
|
|t:|1743930003
|switch|p1a: Maushold|Maushold-Four|100/100
|-damage|p1a: Maushold|76/100|[from] Spikes
|move|p2a: Skarmory|Roost|p2a: Skarmory
|-heal|p2a: Skarmory|100/100
|
|upkeep
|turn|24
|
|t:|1743930009
|move|p1a: Maushold|Encore|p2a: Skarmory
|-start|p2a: Skarmory|Encore
|move|p2a: Skarmory|Roost||[still]
|-fail|p2a: Skarmory|heal
|
|-end|p2a: Skarmory|Encore
|upkeep
|turn|25
|
|t:|1743930013
|move|p1a: Maushold|Tidy Up|p1a: Maushold
|-sideend|p1: SamuB|Spikes
|-activate|p1a: Maushold|move: Tidy Up
|-boost|p1a: Maushold|atk|1
|-boost|p1a: Maushold|spe|1
|move|p2a: Skarmory|Body Press|p1a: Maushold
|-supereffective|p1a: Maushold
|-crit|p1a: Maushold
|-damage|p1a: Maushold|0 fnt
|faint|p1a: Maushold
|
|upkeep
|inactive|SamuB has 120 seconds left.
|c|☆SamuB|What??????
|inactive|SamuB has 90 seconds left.
|
|t:|1743930102
|switch|p1a: Hatterene|Hatterene, F|100/100
|turn|26
|
|t:|1743930118
|switch|p2a: Pecharunt|Pecharunt|100/100
|-item|p2a: Pecharunt|Air Balloon
|move|p1a: Hatterene|Calm Mind|p1a: Hatterene
|-boost|p1a: Hatterene|spa|1
|-boost|p1a: Hatterene|spd|1
|
|upkeep
|turn|27
|inactive|SamuB has 60 seconds left.
|
|t:|1743930149
|move|p2a: Pecharunt|Malignant Chain|p1a: Hatterene
|-supereffective|p1a: Hatterene
|-damage|p1a: Hatterene|53/100
|move|p1a: Hatterene|Psychic|p2a: Pecharunt
|-supereffective|p2a: Pecharunt
|-damage|p2a: Pecharunt|0 fnt
|-enditem|p2a: Pecharunt|Air Balloon
|faint|p2a: Pecharunt
|
|upkeep
|inactive|gatorskk has 120 seconds left.
|
|t:|1743930192
|switch|p2a: Weavile|Weavile, F|100/100
|-ability|p2a: Weavile|Pressure
|turn|28
|inactive|SamuB has 60 seconds left.
|
|t:|1743930212
|move|p2a: Weavile|Triple Axel|p1a: Hatterene
|-damage|p1a: Hatterene|44/100
|-damage|p2a: Weavile|84/100|[from] item: Rocky Helmet|[of] p1a: Hatterene
|-damage|p1a: Hatterene|29/100
|-damage|p2a: Weavile|68/100|[from] item: Rocky Helmet|[of] p1a: Hatterene
|-damage|p1a: Hatterene|5/100
|-damage|p2a: Weavile|51/100|[from] item: Rocky Helmet|[of] p1a: Hatterene
|-hitcount|p1a: Hatterene|3
|move|p1a: Hatterene|Draining Kiss|p2a: Weavile
|-supereffective|p2a: Weavile
|-damage|p2a: Weavile|0 fnt
|-heal|p1a: Hatterene|39/100|[from] drain|[of] p2a: Weavile
|faint|p2a: Weavile
|
|upkeep
|inactive|gatorskk has 90 seconds left.
|-message|gatorskk forfeited.
|
|win|SamuB
|raw|SamuB's rating: 1402 &rarr; <strong>1423</strong><br />(+21 for winning)
|raw|gatorskk's rating: 1419 &rarr; <strong>1398</strong><br />(-21 for losing)
|l|☆gatorskk
|player|p2|
