|j|☆iiZyd
|j|☆020q0wjsnwlszhs
|t:|1743938968
|gametype|singles
|player|p1|iiZyd|265|1119
|player|p2|020q0wjsnwlszhs|102|1061
|teamsize|p1|6
|teamsize|p2|6
|gen|9
|tier|[Gen 9] OU
|rated|
|rule|HP Percentage Mod: HP is shown in percentages
|rule|Endless Battle Clause: Forcing endless battles is banned
|rule|Species Clause: Limit one of each Pokémon
|rule|OHKO Clause: OHKO moves are banned
|rule|Evasion Items Clause: Evasion items are banned
|rule|Evasion Moves Clause: Evasion moves are banned
|rule|Sleep Moves Clause: Sleep-inducing moves are banned
|clearpoke
|poke|p1|Barraskewda, M|
|poke|p1|Basculegion, M|
|poke|p1|Bastiodon, M|
|poke|p1|Basculin, F|
|poke|p1|Bayleef, M|
|poke|p1|Beartic, F|
|poke|p2|Infernape, M|
|poke|p2|Dondozo, F|
|poke|p2|Cinderace, M|
|poke|p2|Rotom-Wash|
|poke|p2|Corviknight, M|
|poke|p2|Glimmora, M|
|teampreview
|inactive|Battle timer is ON: inactive players will automatically lose when time's up. (requested by iiZyd)
|
|t:|1743938989
|start
|switch|p1a: Bastiodon|Bastiodon, M|100/100
|switch|p2a: Infernape|Infernape, M, shiny|100/100
|turn|1
|
|t:|1743938995
|switch|p1a: Basculegion|Basculegion, M|100/100
|-ability|p1a: Basculegion|Mold Breaker
|-terastallize|p2a: Infernape|Fire
|move|p2a: Infernape|Overheat|p1a: Basculegion
|-resisted|p1a: Basculegion
|-damage|p1a: Basculegion|34/100
|-unboost|p2a: Infernape|spa|2
|
|upkeep
|turn|2
|
|t:|1743939015
|switch|p2a: Rotom|Rotom-Wash|100/100
|move|p1a: Basculegion|Flip Turn|p2a: Rotom
|-resisted|p2a: Rotom
|-damage|p2a: Rotom|82/100
|
|t:|1743939021
|switch|p1a: Barraskewda|Barraskewda, M|100/100|[from] Flip Turn
|
|-heal|p2a: Rotom|88/100|[from] item: Leftovers
|upkeep
|turn|3
|
|t:|1743939029
|move|p1a: Barraskewda|Close Combat|p2a: Rotom
|-damage|p2a: Rotom|6/100
|-unboost|p1a: Barraskewda|def|1
|-unboost|p1a: Barraskewda|spd|1
|move|p2a: Rotom|Sunny Day|p2a: Rotom
|-weather|SunnyDay
|
|-weather|SunnyDay|[upkeep]
|-heal|p2a: Rotom|12/100|[from] item: Leftovers
|upkeep
|turn|4
|
|t:|1743939040
|switch|p1a: Basculegion|Basculegion, M|34/100
|-ability|p1a: Basculegion|Mold Breaker
|move|p2a: Rotom|Volt Switch|p1a: Basculegion
|-supereffective|p1a: Basculegion
|-damage|p1a: Basculegion|0 fnt
|faint|p1a: Basculegion
|
|t:|1743939043
|switch|p2a: Infernape|Infernape, M, shiny, tera:Fire|100/100|[from] Volt Switch
|
|-weather|SunnyDay|[upkeep]
|upkeep
|
|t:|1743939050
|switch|p1a: Basculin|Basculin, F|100/100
|turn|5
|
|t:|1743939053
|move|p1a: Basculin|Head Smash|p2a: Infernape
|-supereffective|p2a: Infernape
|-damage|p2a: Infernape|0 fnt
|faint|p2a: Infernape
|-damage|p1a: Basculin|48/100|[from] Recoil
|
|-weather|SunnyDay|[upkeep]
|upkeep
|
|t:|1743939058
|switch|p2a: Cinderace|Cinderace, M, shiny|100/100
|turn|6
|
|t:|1743939061
|move|p1a: Basculin|Head Smash|p2a: Cinderace
|-supereffective|p2a: Cinderace
|-damage|p2a: Cinderace|0 fnt
|faint|p2a: Cinderace
|-damage|p1a: Basculin|0 fnt|[from] Recoil
|faint|p1a: Basculin
|
|-weather|SunnyDay|[upkeep]
|upkeep
|l|☆020q0wjsnwlszhs
|inactive|020q0wjsnwlszhs disconnected and has a minute to reconnect!
|player|p2|
|inactive|iiZyd has 120 seconds left.
|inactive|020q0wjsnwlszhs has 30 seconds to reconnect!
|inactive|020q0wjsnwlszhs has 20 seconds to reconnect!
|inactive|020q0wjsnwlszhs has 15 seconds to reconnect!
|inactive|020q0wjsnwlszhs has 10 seconds to reconnect!
|inactive|iiZyd has 90 seconds left.
|inactive|020q0wjsnwlszhs has 5 seconds to reconnect!
|-message|020q0wjsnwlszhs lost due to inactivity.
|
|win|iiZyd
|raw|iiZyd's rating: 1119 &rarr; <strong>1139</strong><br />(+20 for winning)
|raw|020q0wjsnwlszhs's rating: 1045 &rarr; <strong>1032</strong><br />(-13 for losing)
|l|☆iiZyd
|player|p1|
