|badge|p1|bronze|gen9ou|100-5
|uhtml|medal-msg|<div class="broadcast-blue">Curious what those medals under the avatar are? PS now has Ladder Seasons! For more information, check out the <a href="https://www.smogon.com/forums/threads/3740067/">thread on Smogon.</a></div>
|badge|p2|bronze|gen9ou|100-5
|uhtml|medal-msg|<div class="broadcast-blue">Curious what those medals under the avatar are? PS now has Ladder Seasons! For more information, check out the <a href="https://www.smogon.com/forums/threads/3740067/">thread on Smogon.</a></div>
|j|☆Trainer #39
|j|☆quinx of ladder
|t:|1743885327
|gametype|singles
|player|p1|Trainer #39|pokemonbreeder|1854
|player|p2|quinx of ladder|cheryl|1906
|teamsize|p1|6
|teamsize|p2|6
|gen|9
|tier|[Gen 9] OU
|rated|
|rule|HP Percentage Mod: HP is shown in percentages
|rule|Endless Battle Clause: Forcing endless battles is banned
|rule|Species Clause: Limit one of each Pokémon
|rule|OHKO Clause: OHKO moves are banned
|rule|Evasion Items Clause: Evasion items are banned
|rule|Evasion Moves Clause: Evasion moves are banned
|rule|Sleep Moves Clause: Sleep-inducing moves are banned
|clearpoke
|poke|p1|Blissey, F|
|poke|p1|Corviknight, M|
|poke|p1|Dondozo, M|
|poke|p1|Gliscor, M|
|poke|p1|Clefable, M|
|poke|p1|Slowking-Galar, M|
|poke|p2|Dragonite, M|
|poke|p2|Ting-Lu|
|poke|p2|Iron Moth|
|poke|p2|Iron Valiant|
|poke|p2|Kyurem|
|poke|p2|Gholdengo|
|teampreview
|
|t:|1743885331
|start
|switch|p1a: 🇮🇱=ter*orists|Gliscor, M|100/100
|switch|p2a: Ting-Lu|Ting-Lu|100/100
|-ability|p2a: Ting-Lu|Vessel of Ruin
|turn|1
|
|t:|1743885336
|move|p1a: 🇮🇱=ter*orists|Toxic|p2a: Ting-Lu
|-status|p2a: Ting-Lu|tox
|move|p2a: Ting-Lu|Taunt|p1a: 🇮🇱=ter*orists
|-start|p1a: 🇮🇱=ter*orists|move: Taunt
|
|-damage|p2a: Ting-Lu|94/100 tox|[from] psn
|-status|p1a: 🇮🇱=ter*orists|tox|[from] item: Toxic Orb
|upkeep
|turn|2
|j| alyras
|
|t:|1743885339
|move|p1a: 🇮🇱=ter*orists|Earthquake|p2a: Ting-Lu
|-damage|p2a: Ting-Lu|78/100 tox
|move|p2a: Ting-Lu|Stealth Rock|p1a: 🇮🇱=ter*orists
|-sidestart|p1: Trainer #39|move: Stealth Rock
|
|-damage|p2a: Ting-Lu|66/100 tox|[from] psn
|upkeep
|turn|3
|
|t:|1743885342
|move|p1a: 🇮🇱=ter*orists|Earthquake|p2a: Ting-Lu
|-damage|p2a: Ting-Lu|50/100 tox
|move|p2a: Ting-Lu|Ruination|p1a: 🇮🇱=ter*orists
|-damage|p1a: 🇮🇱=ter*orists|50/100 tox
|
|-heal|p1a: 🇮🇱=ter*orists|63/100 tox|[from] ability: Poison Heal
|-damage|p2a: Ting-Lu|31/100 tox|[from] psn
|upkeep
|turn|4
|
|t:|1743885344
|switch|p2a: Kyurem|Kyurem|100/100
|-ability|p2a: Kyurem|Pressure
|move|p1a: 🇮🇱=ter*orists|Earthquake|p2a: Kyurem
|-damage|p2a: Kyurem|71/100
|
|-heal|p1a: 🇮🇱=ter*orists|75/100 tox|[from] ability: Poison Heal
|-end|p1a: 🇮🇱=ter*orists|move: Taunt
|upkeep
|turn|5
|
|t:|1743885347
|switch|p1a: brat|Blissey, F|100/100
|move|p2a: Kyurem|Icicle Spear|p1a: brat
|-damage|p1a: brat|85/100
|-damage|p1a: brat|71/100
|-damage|p1a: brat|56/100
|-damage|p1a: brat|39/100
|-damage|p1a: brat|24/100
|-hitcount|p1a: brat|5
|
|upkeep
|turn|6
|
|t:|1743885350
|switch|p1a: 808 and curses|Dondozo, M|100/100
|-damage|p1a: 808 and curses|88/100|[from] Stealth Rock
|move|p2a: Kyurem|Scale Shot|p1a: 808 and curses
|-damage|p1a: 808 and curses|81/100
|-crit|p1a: 808 and curses
|-damage|p1a: 808 and curses|72/100
|-damage|p1a: 808 and curses|66/100
|-damage|p1a: 808 and curses|59/100
|-damage|p1a: 808 and curses|53/100
|-hitcount|p1a: 808 and curses|5
|-unboost|p2a: Kyurem|def|1
|-boost|p2a: Kyurem|spe|1
|
|-heal|p1a: 808 and curses|59/100|[from] item: Leftovers
|upkeep
|turn|7
|
|t:|1743885352
|move|p2a: Kyurem|Icicle Spear|p1a: 808 and curses
|-resisted|p1a: 808 and curses
|-damage|p1a: 808 and curses|56/100
|-resisted|p1a: 808 and curses
|-damage|p1a: 808 and curses|53/100
|-resisted|p1a: 808 and curses
|-damage|p1a: 808 and curses|50/100
|-resisted|p1a: 808 and curses
|-damage|p1a: 808 and curses|47/100
|-hitcount|p1a: 808 and curses|4
|move|p1a: 808 and curses|Curse|p1a: 808 and curses
|-unboost|p1a: 808 and curses|spe|1
|-boost|p1a: 808 and curses|atk|1
|-boost|p1a: 808 and curses|def|1
|
|-heal|p1a: 808 and curses|53/100|[from] item: Leftovers
|upkeep
|turn|8
|
|t:|1743885355
|switch|p2a: Iron Valiant|Iron Valiant|100/100
|-enditem|p2a: Iron Valiant|Booster Energy
|-activate|p2a: Iron Valiant|ability: Quark Drive|[fromitem]
|-start|p2a: Iron Valiant|quarkdrivespe
|move|p1a: 808 and curses|Waterfall|p2a: Iron Valiant
|-damage|p2a: Iron Valiant|45/100
|
|-heal|p1a: 808 and curses|59/100|[from] item: Leftovers
|upkeep
|turn|9
|
|t:|1743885358
|switch|p1a: Charli xcx|Clefable, M|100/100
|move|p2a: Iron Valiant|Knock Off|p1a: Charli xcx
|-resisted|p1a: Charli xcx
|-damage|p1a: Charli xcx|83/100
|-enditem|p1a: Charli xcx|Heavy-Duty Boots|[from] move: Knock Off|[of] p2a: Iron Valiant
|
|upkeep
|turn|10
|
|t:|1743885362
|-end|p2a: Iron Valiant|Quark Drive|[silent]
|switch|p2a: Iron Moth|Iron Moth|100/100
|-enditem|p2a: Iron Moth|Booster Energy
|-activate|p2a: Iron Moth|ability: Quark Drive|[fromitem]
|-start|p2a: Iron Moth|quarkdrivespe
|move|p1a: Charli xcx|Wish|p1a: Charli xcx
|
|upkeep
|turn|11
|
|t:|1743885367
|-end|p2a: Iron Moth|Quark Drive|[silent]
|switch|p2a: Iron Valiant|Iron Valiant|45/100
|switch|p1a: brat|Blissey, F|24/100
|
|-heal|p1a: brat|51/100|[from] move: Wish|[wisher] Charli xcx
|upkeep
|turn|12
|
|t:|1743885369
|switch|p1a: Charli xcx|Clefable, M|83/100
|-damage|p1a: Charli xcx|71/100|[from] Stealth Rock
|move|p2a: Iron Valiant|Knock Off|p1a: Charli xcx
|-resisted|p1a: Charli xcx
|-damage|p1a: Charli xcx|59/100
|
|upkeep
|turn|13
|
|t:|1743885372
|move|p2a: Iron Valiant|Moonblast|p1a: Charli xcx
|-damage|p1a: Charli xcx|31/100
|move|p1a: Charli xcx|Wish|p1a: Charli xcx
|
|upkeep
|turn|14
|
|t:|1743885375
|move|p2a: Iron Valiant|Moonblast|p1a: Charli xcx
|-damage|p1a: Charli xcx|2/100
|-unboost|p1a: Charli xcx|spa|1
|move|p1a: Charli xcx|Moonblast|p2a: Iron Valiant
|-supereffective|p2a: Iron Valiant
|-damage|p2a: Iron Valiant|0 fnt
|faint|p2a: Iron Valiant
|-end|p2a: Iron Valiant|Quark Drive|[silent]
|
|-heal|p1a: Charli xcx|52/100|[from] move: Wish|[wisher] Charli xcx
|upkeep
|
|t:|1743885379
|switch|p2a: Kyurem|Kyurem|71/100
|-ability|p2a: Kyurem|Pressure
|turn|15
|
|t:|1743885383
|switch|p1a: BIRDS OF A FEATHER|Corviknight, M|100/100
|-damage|p1a: BIRDS OF A FEATHER|88/100|[from] Stealth Rock
|-ability|p1a: BIRDS OF A FEATHER|Pressure
|move|p2a: Kyurem|Scale Shot|p1a: BIRDS OF A FEATHER
|-resisted|p1a: BIRDS OF A FEATHER
|-damage|p1a: BIRDS OF A FEATHER|84/100
|-resisted|p1a: BIRDS OF A FEATHER
|-damage|p1a: BIRDS OF A FEATHER|80/100
|-resisted|p1a: BIRDS OF A FEATHER
|-damage|p1a: BIRDS OF A FEATHER|76/100
|-resisted|p1a: BIRDS OF A FEATHER
|-damage|p1a: BIRDS OF A FEATHER|71/100
|-hitcount|p1a: BIRDS OF A FEATHER|4
|-unboost|p2a: Kyurem|def|1
|-boost|p2a: Kyurem|spe|1
|
|upkeep
|turn|16
|
|t:|1743885387
|-terastallize|p2a: Kyurem|Fire
|move|p2a: Kyurem|Tera Blast|p1a: BIRDS OF A FEATHER|[anim] Tera Blast Fire
|-supereffective|p1a: BIRDS OF A FEATHER
|-damage|p1a: BIRDS OF A FEATHER|19/100
|move|p1a: BIRDS OF A FEATHER|Defog|p2a: Kyurem
|-unboost|p2a: Kyurem|evasion|1
|-sideend|p1: Trainer #39|Stealth Rock|[from] move: Defog|[of] p1a: BIRDS OF A FEATHER
|
|upkeep
|turn|17
|
|t:|1743885390
|switch|p1a: 808 and curses|Dondozo, M|59/100
|move|p2a: Kyurem|Scale Shot|p1a: 808 and curses
|-damage|p1a: 808 and curses|53/100
|-damage|p1a: 808 and curses|47/100
|-damage|p1a: 808 and curses|40/100
|-damage|p1a: 808 and curses|34/100
|-hitcount|p1a: 808 and curses|4
|-unboost|p2a: Kyurem|def|1
|-boost|p2a: Kyurem|spe|1
|
|-heal|p1a: 808 and curses|40/100|[from] item: Leftovers
|upkeep
|turn|18
|j| union boss
|
|t:|1743885393
|move|p2a: Kyurem|Scale Shot|p1a: 808 and curses
|-damage|p1a: 808 and curses|33/100
|-damage|p1a: 808 and curses|27/100
|-damage|p1a: 808 and curses|21/100
|-damage|p1a: 808 and curses|14/100
|-hitcount|p1a: 808 and curses|4
|-unboost|p2a: Kyurem|def|1
|-boost|p2a: Kyurem|spe|1
|move|p1a: 808 and curses|Rest|p1a: 808 and curses
|-status|p1a: 808 and curses|slp|[from] move: Rest
|-heal|p1a: 808 and curses|100/100 slp|[silent]
|
|upkeep
|turn|19
|
|t:|1743885394
|switch|p2a: Ting-Lu|Ting-Lu|31/100 tox
|-ability|p2a: Ting-Lu|Vessel of Ruin
|cant|p1a: 808 and curses|slp
|move|p1a: 808 and curses|Sleep Talk|p1a: 808 and curses
|move|p1a: 808 and curses|Waterfall|p2a: Ting-Lu|[from] move: Sleep Talk
|-supereffective|p2a: Ting-Lu
|-damage|p2a: Ting-Lu|0 fnt
|-damage|p1a: 808 and curses|84/100 slp|[from] item: Rocky Helmet|[of] p2a: Ting-Lu
|faint|p2a: Ting-Lu
|
|-heal|p1a: 808 and curses|90/100 slp|[from] item: Leftovers
|upkeep
|
|t:|1743885400
|switch|p2a: Iron Moth|Iron Moth|100/100
|turn|20
|
|t:|1743885402
|switch|p1a: Kanye|Slowking-Galar, M|100/100
|move|p2a: Iron Moth|Fiery Dance|p1a: Kanye
|-damage|p1a: Kanye|69/100
|
|upkeep
|turn|21
|
|t:|1743885404
|move|p2a: Iron Moth|Fiery Dance|p1a: Kanye
|-damage|p1a: Kanye|37/100
|-boost|p2a: Iron Moth|spa|1
|move|p1a: Kanye|Future Sight|p2a: Iron Moth
|-start|p1a: Kanye|move: Future Sight
|
|upkeep
|turn|22
|
|t:|1743885406
|switch|p1a: brat|Blissey, F|51/100
|move|p2a: Iron Moth|Fiery Dance|p1a: brat
|-damage|p1a: brat|32/100
|-boost|p2a: Iron Moth|spa|1
|
|upkeep
|turn|23
|
|t:|1743885408
|move|p2a: Iron Moth|Sludge Wave|p1a: brat
|-damage|p1a: brat|0 fnt
|faint|p1a: brat
|
|-end|p2a: Iron Moth|move: Future Sight
|-supereffective|p2a: Iron Moth
|-crit|p2a: Iron Moth
|-damage|p2a: Iron Moth|0 fnt
|faint|p2a: Iron Moth
|-end|p2a: Iron Moth|Quark Drive|[silent]
|upkeep
|
|t:|1743885415
|switch|p2a: Kyurem|Kyurem, tera:Fire|71/100
|switch|p1a: 808 and curses|Dondozo, M|90/100 slp
|-ability|p2a: Kyurem|Pressure
|turn|24
|
|t:|1743885417
|switch|p2a: Gholdengo|Gholdengo|100/100
|cant|p1a: 808 and curses|slp
|move|p1a: 808 and curses|Sleep Talk|p1a: 808 and curses
|move|p1a: 808 and curses|Curse|p1a: 808 and curses|[from] move: Sleep Talk
|-unboost|p1a: 808 and curses|spe|1
|-boost|p1a: 808 and curses|atk|1
|-boost|p1a: 808 and curses|def|1
|
|-heal|p1a: 808 and curses|96/100 slp|[from] item: Leftovers
|upkeep
|turn|25
|
|t:|1743885419
|move|p2a: Gholdengo|Shadow Ball|p1a: 808 and curses
|-damage|p1a: 808 and curses|55/100 slp
|-curestatus|p1a: 808 and curses|slp|[msg]
|move|p1a: 808 and curses|Waterfall|p2a: Gholdengo
|-damage|p2a: Gholdengo|57/100
|
|-heal|p1a: 808 and curses|61/100|[from] item: Leftovers
|upkeep
|turn|26
|
|t:|1743885423
|move|p2a: Gholdengo|Shadow Ball|p1a: 808 and curses
|-damage|p1a: 808 and curses|19/100
|move|p1a: 808 and curses|Rest|p1a: 808 and curses
|-status|p1a: 808 and curses|slp|[from] move: Rest
|-heal|p1a: 808 and curses|100/100 slp|[silent]
|
|upkeep
|turn|27
|
|t:|1743885425
|move|p2a: Gholdengo|Shadow Ball|p1a: 808 and curses
|-damage|p1a: 808 and curses|62/100 slp
|-unboost|p1a: 808 and curses|spd|1
|cant|p1a: 808 and curses|slp
|move|p1a: 808 and curses|Sleep Talk|p1a: 808 and curses
|move|p1a: 808 and curses|Rest||[from] move: Sleep Talk|[still]
|-fail|p1a: 808 and curses
|
|-heal|p1a: 808 and curses|69/100 slp|[from] item: Leftovers
|upkeep
|turn|28
|
|t:|1743885428
|switch|p1a: BIRDS OF A FEATHER|Corviknight, M|19/100
|-ability|p1a: BIRDS OF A FEATHER|Pressure
|move|p2a: Gholdengo|Shadow Ball|p1a: BIRDS OF A FEATHER
|-damage|p1a: BIRDS OF A FEATHER|0 fnt
|faint|p1a: BIRDS OF A FEATHER
|
|upkeep
|
|t:|1743885430
|switch|p1a: Charli xcx|Clefable, M|52/100
|turn|29
|
|t:|1743885432
|move|p1a: Charli xcx|Protect|p1a: Charli xcx
|-singleturn|p1a: Charli xcx|Protect
|move|p2a: Gholdengo|Shadow Ball|p1a: Charli xcx
|-activate|p1a: Charli xcx|move: Protect
|
|upkeep
|turn|30
|
|t:|1743885435
|-terastallize|p1a: Charli xcx|Dark
|move|p2a: Gholdengo|Shadow Ball|p1a: Charli xcx
|-resisted|p1a: Charli xcx
|-damage|p1a: Charli xcx|38/100
|move|p1a: Charli xcx|Wish|p1a: Charli xcx
|
|upkeep
|turn|31
|
|t:|1743885438
|move|p1a: Charli xcx|Protect|p1a: Charli xcx
|-singleturn|p1a: Charli xcx|Protect
|move|p2a: Gholdengo|Shadow Ball|p1a: Charli xcx
|-activate|p1a: Charli xcx|move: Protect
|
|-heal|p1a: Charli xcx|88/100|[from] move: Wish|[wisher] Charli xcx
|upkeep
|turn|32
|
|t:|1743885440
|move|p2a: Gholdengo|Shadow Ball|p1a: Charli xcx
|-resisted|p1a: Charli xcx
|-damage|p1a: Charli xcx|75/100
|move|p1a: Charli xcx|Wish|p1a: Charli xcx
|
|upkeep
|turn|33
|
|t:|1743885443
|switch|p2a: Kyurem|Kyurem, tera:Fire|71/100
|-ability|p2a: Kyurem|Pressure
|move|p1a: Charli xcx|Knock Off|p2a: Kyurem
|-damage|p2a: Kyurem|49/100
|-enditem|p2a: Kyurem|Loaded Dice|[from] move: Knock Off|[of] p1a: Charli xcx
|
|-heal|p1a: Charli xcx|100/100|[from] move: Wish|[wisher] Charli xcx
|upkeep
|turn|34
|
|t:|1743885446
|switch|p1a: 808 and curses|Dondozo, M|69/100 slp
|move|p2a: Kyurem|Scale Shot|p1a: 808 and curses
|-damage|p1a: 808 and curses|62/100 slp
|-damage|p1a: 808 and curses|55/100 slp
|-damage|p1a: 808 and curses|49/100 slp
|-hitcount|p1a: 808 and curses|3
|-unboost|p2a: Kyurem|def|1
|-boost|p2a: Kyurem|spe|1
|
|-heal|p1a: 808 and curses|55/100 slp|[from] item: Leftovers
|upkeep
|turn|35
|
|t:|1743885448
|switch|p2a: Gholdengo|Gholdengo|57/100
|cant|p1a: 808 and curses|slp
|move|p1a: 808 and curses|Sleep Talk|p1a: 808 and curses
|move|p1a: 808 and curses|Waterfall|p2a: Gholdengo|[from] move: Sleep Talk
|-damage|p2a: Gholdengo|25/100
|
|-heal|p1a: 808 and curses|61/100 slp|[from] item: Leftovers
|upkeep
|turn|36
|
|t:|1743885450
|move|p2a: Gholdengo|Trick|p1a: 808 and curses
|-activate|p2a: Gholdengo|move: Trick|[of] p1a: 808 and curses
|-item|p1a: 808 and curses|Choice Scarf|[from] move: Trick
|-item|p2a: Gholdengo|Leftovers|[from] move: Trick
|-curestatus|p1a: 808 and curses|slp|[msg]
|move|p1a: 808 and curses|Rest|p1a: 808 and curses
|-status|p1a: 808 and curses|slp|[from] move: Rest
|-heal|p1a: 808 and curses|100/100 slp|[silent]
|
|-heal|p2a: Gholdengo|31/100|[from] item: Leftovers
|upkeep
|turn|37
|
|t:|1743885459
|switch|p1a: Charli xcx|Clefable, M, tera:Dark|100/100
|move|p2a: Gholdengo|Make It Rain|p1a: Charli xcx
|-damage|p1a: Charli xcx|57/100
|-unboost|p2a: Gholdengo|spa|1
|
|-heal|p2a: Gholdengo|37/100|[from] item: Leftovers
|upkeep
|turn|38
|
|t:|1743885462
|move|p2a: Gholdengo|Dazzling Gleam|p1a: Charli xcx
|-supereffective|p1a: Charli xcx
|-damage|p1a: Charli xcx|22/100
|move|p1a: Charli xcx|Wish|p1a: Charli xcx
|
|-heal|p2a: Gholdengo|43/100|[from] item: Leftovers
|upkeep
|turn|39
|
|t:|1743885466
|move|p1a: Charli xcx|Protect|p1a: Charli xcx
|-singleturn|p1a: Charli xcx|Protect
|move|p2a: Gholdengo|Dazzling Gleam|p1a: Charli xcx
|-activate|p1a: Charli xcx|move: Protect
|
|-heal|p1a: Charli xcx|72/100|[from] move: Wish|[wisher] Charli xcx
|-heal|p2a: Gholdengo|49/100|[from] item: Leftovers
|upkeep
|turn|40
|
|t:|1743885469
|switch|p1a: 🇮🇱=ter*orists|Gliscor, M|75/100 tox
|move|p2a: Gholdengo|Dazzling Gleam|p1a: 🇮🇱=ter*orists
|-damage|p1a: 🇮🇱=ter*orists|53/100 tox
|
|-heal|p2a: Gholdengo|55/100|[from] item: Leftovers
|-heal|p1a: 🇮🇱=ter*orists|66/100 tox|[from] ability: Poison Heal
|upkeep
|turn|41
|
|t:|1743885475
|switch|p2a: Dragonite|Dragonite, M|100/100
|move|p1a: 🇮🇱=ter*orists|Earthquake|p2a: Dragonite
|-immune|p2a: Dragonite
|
|-heal|p1a: 🇮🇱=ter*orists|78/100 tox|[from] ability: Poison Heal
|upkeep
|turn|42
|
|t:|1743885477
|move|p2a: Dragonite|Ice Spinner|p1a: 🇮🇱=ter*orists
|-supereffective|p1a: 🇮🇱=ter*orists
|-damage|p1a: 🇮🇱=ter*orists|4/100 tox
|move|p1a: 🇮🇱=ter*orists|Toxic|p2a: Dragonite
|-status|p2a: Dragonite|tox
|
|-damage|p2a: Dragonite|94/100 tox|[from] psn
|-heal|p1a: 🇮🇱=ter*orists|16/100 tox|[from] ability: Poison Heal
|upkeep
|turn|43
|
|t:|1743885480
|move|p1a: 🇮🇱=ter*orists|Protect|p1a: 🇮🇱=ter*orists
|-singleturn|p1a: 🇮🇱=ter*orists|Protect
|move|p2a: Dragonite|Ice Spinner|p1a: 🇮🇱=ter*orists
|-activate|p1a: 🇮🇱=ter*orists|move: Protect
|
|-damage|p2a: Dragonite|82/100 tox|[from] psn
|-heal|p1a: 🇮🇱=ter*orists|28/100 tox|[from] ability: Poison Heal
|upkeep
|turn|44
|
|t:|1743885484
|switch|p1a: Kanye|Slowking-Galar, M|70/100
|move|p2a: Dragonite|Ice Spinner|p1a: Kanye
|-damage|p1a: Kanye|33/100
|
|-damage|p2a: Dragonite|63/100 tox|[from] psn
|upkeep
|turn|45
|
|t:|1743885485
|switch|p1a: 808 and curses|Dondozo, M|100/100 slp
|move|p2a: Dragonite|Earthquake|p1a: 808 and curses
|-damage|p1a: 808 and curses|83/100 slp
|
|-damage|p2a: Dragonite|39/100 tox|[from] psn
|upkeep
|turn|46
|
|t:|1743885488
|move|p2a: Dragonite|Ice Spinner|p1a: 808 and curses
|-resisted|p1a: 808 and curses
|-damage|p1a: 808 and curses|77/100 slp
|cant|p1a: 808 and curses|slp
|move|p1a: 808 and curses|Sleep Talk|p1a: 808 and curses
|move|p1a: 808 and curses|Waterfall|p2a: Dragonite|[from] move: Sleep Talk
|-resisted|p2a: Dragonite
|-damage|p2a: Dragonite|24/100 tox
|
|-damage|p2a: Dragonite|0 fnt|[from] psn
|faint|p2a: Dragonite
|upkeep
|
|t:|1743885490
|switch|p2a: Gholdengo|Gholdengo|55/100
|turn|47
|
|t:|1743885494
|switch|p1a: Kanye|Slowking-Galar, M|66/100
|move|p2a: Gholdengo|Shadow Ball|p1a: Kanye
|-supereffective|p1a: Kanye
|-damage|p1a: Kanye|2/100
|
|-heal|p2a: Gholdengo|61/100|[from] item: Leftovers
|upkeep
|turn|48
|
|t:|1743885496
|move|p2a: Gholdengo|Shadow Ball|p1a: Kanye
|-supereffective|p1a: Kanye
|-damage|p1a: Kanye|0 fnt
|faint|p1a: Kanye
|
|-heal|p2a: Gholdengo|67/100|[from] item: Leftovers
|upkeep
|
|t:|1743885498
|switch|p1a: Charli xcx|Clefable, M, tera:Dark|72/100
|turn|49
|
|t:|1743885499
|move|p2a: Gholdengo|Dazzling Gleam|p1a: Charli xcx
|-supereffective|p1a: Charli xcx
|-damage|p1a: Charli xcx|37/100
|move|p1a: Charli xcx|Wish|p1a: Charli xcx
|
|-heal|p2a: Gholdengo|73/100|[from] item: Leftovers
|upkeep
|turn|50
|
|t:|1743885503
|move|p1a: Charli xcx|Protect|p1a: Charli xcx
|-singleturn|p1a: Charli xcx|Protect
|move|p2a: Gholdengo|Make It Rain|p1a: Charli xcx
|-activate|p1a: Charli xcx|move: Protect
|
|-heal|p1a: Charli xcx|87/100|[from] move: Wish|[wisher] Charli xcx
|-heal|p2a: Gholdengo|79/100|[from] item: Leftovers
|upkeep
|turn|51
|j| coinfliplol
|
|t:|1743885505
|move|p2a: Gholdengo|Dazzling Gleam|p1a: Charli xcx
|-supereffective|p1a: Charli xcx
|-damage|p1a: Charli xcx|49/100
|move|p1a: Charli xcx|Knock Off|p2a: Gholdengo
|-supereffective|p2a: Gholdengo
|-damage|p2a: Gholdengo|23/100
|-enditem|p2a: Gholdengo|Leftovers|[from] move: Knock Off|[of] p1a: Charli xcx
|
|upkeep
|turn|52
|
|t:|1743885509
|move|p2a: Gholdengo|Make It Rain|p1a: Charli xcx
|-damage|p1a: Charli xcx|8/100
|-unboost|p2a: Gholdengo|spa|1
|move|p1a: Charli xcx|Wish|p1a: Charli xcx
|
|upkeep
|turn|53
|
|t:|1743885511
|switch|p2a: Kyurem|Kyurem, tera:Fire|49/100
|-ability|p2a: Kyurem|Pressure
|move|p1a: Charli xcx|Protect||[still]
|-fail|p1a: Charli xcx
|
|-heal|p1a: Charli xcx|58/100|[from] move: Wish|[wisher] Charli xcx
|upkeep
|turn|54
|
|t:|1743885516
|switch|p2a: Gholdengo|Gholdengo|23/100
|move|p1a: Charli xcx|Protect||[still]
|-fail|p1a: Charli xcx
|
|upkeep
|turn|55
|
|t:|1743885519
|switch|p2a: Kyurem|Kyurem, tera:Fire|49/100
|-ability|p2a: Kyurem|Pressure
|move|p1a: Charli xcx|Wish|p1a: Charli xcx
|
|upkeep
|turn|56
|
|t:|1743885522
|switch|p2a: Gholdengo|Gholdengo|23/100
|move|p1a: Charli xcx|Protect||[still]
|-fail|p1a: Charli xcx
|
|-heal|p1a: Charli xcx|100/100|[from] move: Wish|[wisher] Charli xcx
|upkeep
|turn|57
|
|t:|1743885524
|switch|p2a: Kyurem|Kyurem, tera:Fire|49/100
|-ability|p2a: Kyurem|Pressure
|move|p1a: Charli xcx|Knock Off|p2a: Kyurem
|-crit|p2a: Kyurem
|-damage|p2a: Kyurem|24/100
|
|upkeep
|turn|58
|
|t:|1743885526
|move|p1a: Charli xcx|Protect|p1a: Charli xcx
|-singleturn|p1a: Charli xcx|Protect
|move|p2a: Kyurem|Icicle Spear|p1a: Charli xcx
|-activate|p1a: Charli xcx|move: Protect
|
|upkeep
|turn|59
|
|t:|1743885528
|switch|p2a: Gholdengo|Gholdengo|23/100
|switch|p1a: 808 and curses|Dondozo, M|77/100 slp
|
|upkeep
|turn|60
|
|t:|1743885531
|move|p2a: Gholdengo|Dazzling Gleam|p1a: 808 and curses
|-damage|p1a: 808 and curses|49/100 slp
|cant|p1a: 808 and curses|slp
|move|p1a: 808 and curses|Sleep Talk|p1a: 808 and curses
|move|p1a: 808 and curses|Rest||[from] move: Sleep Talk|[still]
|-fail|p1a: 808 and curses
|
|upkeep
|turn|61
|
|t:|1743885535
|switch|p1a: Charli xcx|Clefable, M, tera:Dark|100/100
|move|p2a: Gholdengo|Dazzling Gleam|p1a: Charli xcx
|-supereffective|p1a: Charli xcx
|-damage|p1a: Charli xcx|59/100
|
|upkeep
|turn|62
|
|t:|1743885538
|switch|p2a: Kyurem|Kyurem, tera:Fire|24/100
|-ability|p2a: Kyurem|Pressure
|move|p1a: Charli xcx|Wish|p1a: Charli xcx
|
|upkeep
|turn|63
|
|t:|1743885540
|switch|p2a: Gholdengo|Gholdengo|23/100
|move|p1a: Charli xcx|Protect||[still]
|-fail|p1a: Charli xcx
|
|-heal|p1a: Charli xcx|100/100|[from] move: Wish|[wisher] Charli xcx
|upkeep
|turn|64
|
|t:|1743885543
|switch|p2a: Kyurem|Kyurem, tera:Fire|24/100
|-ability|p2a: Kyurem|Pressure
|move|p1a: Charli xcx|Knock Off|p2a: Kyurem
|-damage|p2a: Kyurem|8/100
|
|upkeep
|turn|65
|
|t:|1743885549
|switch|p1a: 808 and curses|Dondozo, M|49/100 slp
|move|p2a: Kyurem|Icicle Spear|p1a: 808 and curses
|-resisted|p1a: 808 and curses
|-damage|p1a: 808 and curses|46/100 slp
|-resisted|p1a: 808 and curses
|-damage|p1a: 808 and curses|42/100 slp
|-resisted|p1a: 808 and curses
|-damage|p1a: 808 and curses|39/100 slp
|-resisted|p1a: 808 and curses
|-damage|p1a: 808 and curses|36/100 slp
|-resisted|p1a: 808 and curses
|-damage|p1a: 808 and curses|32/100 slp
|-hitcount|p1a: 808 and curses|5
|
|upkeep
|turn|66
|
|t:|1743885552
|move|p2a: Kyurem|Scale Shot|p1a: 808 and curses
|-damage|p1a: 808 and curses|26/100 slp
|-damage|p1a: 808 and curses|20/100 slp
|-damage|p1a: 808 and curses|13/100 slp
|-damage|p1a: 808 and curses|7/100 slp
|-damage|p1a: 808 and curses|0 fnt
|faint|p1a: 808 and curses
|-hitcount|p1: 808 and curses|5
|-unboost|p2a: Kyurem|def|1
|-boost|p2a: Kyurem|spe|1
|
|upkeep
|
|t:|1743885555
|switch|p1a: Charli xcx|Clefable, M, tera:Dark|100/100
|turn|67
|
|t:|1743885557
|move|p2a: Kyurem|Icicle Spear|p1a: Charli xcx
|-damage|p1a: Charli xcx|85/100
|-damage|p1a: Charli xcx|68/100
|-damage|p1a: Charli xcx|52/100
|-damage|p1a: Charli xcx|34/100
|-damage|p1a: Charli xcx|17/100
|-hitcount|p1a: Charli xcx|5
|move|p1a: Charli xcx|Knock Off|p2a: Kyurem
|-damage|p2a: Kyurem|0 fnt
|faint|p2a: Kyurem
|
|upkeep
|
|t:|1743885559
|switch|p2a: Gholdengo|Gholdengo|23/100
|turn|68
|
|t:|1743885562
|move|p1a: Charli xcx|Protect|p1a: Charli xcx
|-singleturn|p1a: Charli xcx|Protect
|move|p2a: Gholdengo|Dazzling Gleam|p1a: Charli xcx
|-activate|p1a: Charli xcx|move: Protect
|
|upkeep
|turn|69
|
|t:|1743885564
|move|p2a: Gholdengo|Dazzling Gleam|p1a: Charli xcx
|-supereffective|p1a: Charli xcx
|-crit|p1a: Charli xcx
|-damage|p1a: Charli xcx|0 fnt
|faint|p1a: Charli xcx
|
|upkeep
|
|t:|1743885565
|switch|p1a: 🇮🇱=ter*orists|Gliscor, M|28/100 tox
|turn|70
|
|t:|1743885566
|move|p1a: 🇮🇱=ter*orists|Protect|p1a: 🇮🇱=ter*orists
|-singleturn|p1a: 🇮🇱=ter*orists|Protect
|move|p2a: Gholdengo|Make It Rain|p1a: 🇮🇱=ter*orists
|-activate|p1a: 🇮🇱=ter*orists|move: Protect
|
|-heal|p1a: 🇮🇱=ter*orists|41/100 tox|[from] ability: Poison Heal
|upkeep
|turn|71
|
|t:|1743885568
|move|p2a: Gholdengo|Make It Rain|p1a: 🇮🇱=ter*orists
|-damage|p1a: 🇮🇱=ter*orists|0 fnt
|-unboost|p2a: Gholdengo|spa|1
|faint|p1a: 🇮🇱=ter*orists
|
|win|quinx of ladder
|raw|Trainer #39's rating: 1854 &rarr; <strong>1837</strong><br />(-17 for losing)
|raw|quinx of ladder's rating: 1906 &rarr; <strong>1923</strong><br />(+17 for winning)
|l|☆quinx of ladder
|player|p2|
|l|☆Trainer #39
|player|p1|
