|j|☆iciestdude
|j|☆Sindicate XI
|t:|1743865946
|gametype|singles
|player|p1|iciestdude|266|1436
|player|p2|Sindicate XI|2|1491
|teamsize|p1|6
|teamsize|p2|6
|gen|9
|tier|[Gen 9] OU
|rated|
|rule|HP Percentage Mod: HP is shown in percentages
|rule|Endless Battle Clause: Forcing endless battles is banned
|rule|Species Clause: Limit one of each Pokémon
|rule|OHKO Clause: OHKO moves are banned
|rule|Evasion Items Clause: Evasion items are banned
|rule|Evasion Moves Clause: Evasion moves are banned
|rule|Sleep Moves Clause: Sleep-inducing moves are banned
|clearpoke
|poke|p1|Rabsca, M|
|poke|p1|Slowking-Galar, F|
|poke|p1|Ursaluna, M|
|poke|p1|Azumarill, F|
|poke|p1|Mimikyu, M|
|poke|p1|Kingambit, F|
|poke|p2|Primarina, F|
|poke|p2|Dragapult, M|
|poke|p2|Cinderace, M|
|poke|p2|Pawmot, M|
|poke|p2|Great Tusk|
|poke|p2|Kyurem|
|teampreview
|inactive|Battle timer is ON: inactive players will automatically lose when time's up. (requested by Sindicate XI)
|c|☆Sindicate XI|it's reviving time
|c|☆iciestdude|hehe
|
|t:|1743865974
|start
|switch|p1a: Burr|Slowking-Galar, F|100/100
|switch|p2a: Dragapult|Dragapult, M|100/100
|turn|1
|
|t:|1743865979
|move|p2a: Dragapult|Dragon Darts|p1a: Burr
|-damage|p1a: Burr|72/100
|-anim|p2a: Dragapult|Dragon Darts|p1a: Burr
|-damage|p1a: Burr|44/100
|move|p1a: Burr|Trick Room|p1a: Burr
|-fieldstart|move: Trick Room|[of] p1a: Burr
|
|upkeep
|turn|2
|
|t:|1743865986
|switch|p1a: Chad|Azumarill, F|100/100
|move|p2a: Dragapult|Dragon Darts|p1a: Chad
|-immune|p1a: Chad
|
|upkeep
|turn|3
|
|t:|1743865988
|move|p1a: Chad|Knock Off|p2a: Dragapult
|-supereffective|p2a: Dragapult
|-enditem|p2a: Dragapult|Focus Sash
|-damage|p2a: Dragapult|1/100
|move|p2a: Dragapult|Will-O-Wisp|p1a: Chad
|-status|p1a: Chad|brn
|
|-damage|p1a: Chad|94/100 brn|[from] brn
|upkeep
|turn|4
|
|t:|1743865995
|switch|p2a: Primarina|Primarina, F|100/100
|move|p1a: Chad|Knock Off|p2a: Primarina
|-resisted|p2a: Primarina
|-damage|p2a: Primarina|88/100
|-enditem|p2a: Primarina|Custap Berry|[from] move: Knock Off|[of] p1a: Chad
|
|-damage|p1a: Chad|88/100 brn|[from] brn
|upkeep
|turn|5
|
|t:|1743866003
|move|p1a: Chad|Play Rough|p2a: Primarina
|-damage|p2a: Primarina|49/100
|move|p2a: Primarina|Moonblast|p1a: Chad
|-damage|p1a: Chad|54/100 brn
|-unboost|p1a: Chad|spa|1
|
|-damage|p1a: Chad|48/100 brn|[from] brn
|-fieldend|move: Trick Room
|upkeep
|turn|6
|
|t:|1743866007
|switch|p1a: Burr|Slowking-Galar, F|77/100
|move|p2a: Primarina|Moonblast|p1a: Burr
|-resisted|p1a: Burr
|-damage|p1a: Burr|59/100
|
|upkeep
|turn|7
|
|t:|1743866015
|move|p2a: Primarina|Flip Turn|p1a: Burr
|-damage|p1a: Burr|43/100
|
|t:|1743866022
|switch|p2a: Cinderace|Cinderace, M|100/100|[from] Flip Turn
|move|p1a: Burr|Trick Room|p1a: Burr
|-fieldstart|move: Trick Room|[of] p1a: Burr
|
|upkeep
|turn|8
|
|t:|1743866032
|switch|p1a: Village Crusher|Ursaluna, M|100/100
|move|p2a: Cinderace|Pyro Ball|p1a: Village Crusher
|-damage|p1a: Village Crusher|65/100
|
|-status|p1a: Village Crusher|brn|[from] item: Flame Orb
|upkeep
|turn|9
|
|t:|1743866041
|switch|p2a: Dragapult|Dragapult, M|1/100
|move|p1a: Village Crusher|Headlong Rush|p2a: Dragapult
|-damage|p2a: Dragapult|0 fnt
|-unboost|p1a: Village Crusher|def|1
|-unboost|p1a: Village Crusher|spd|1
|faint|p2a: Dragapult
|
|-damage|p1a: Village Crusher|59/100 brn|[from] brn
|upkeep
|inactive|Sindicate XI has 120 seconds left.
|
|t:|1743866073
|switch|p2a: Pawmot|Pawmot, M|100/100
|turn|10
|inactive|iciestdude has 120 seconds left.
|
|t:|1743866112
|move|p1a: Village Crusher|Headlong Rush|p2a: Pawmot
|-supereffective|p2a: Pawmot
|-enditem|p2a: Pawmot|Focus Sash
|-damage|p2a: Pawmot|1/100
|-unboost|p1a: Village Crusher|def|1
|-unboost|p1a: Village Crusher|spd|1
|move|p2a: Pawmot|Revival Blessing|p2a: Pawmot
|
|t:|1743866116
|-heal|p2: Dragapult|50/100|[from] move: Revival Blessing
|
|-damage|p1a: Village Crusher|53/100 brn|[from] brn
|upkeep
|turn|11
|
|t:|1743866119
|move|p2a: Pawmot|Mach Punch|p1a: Village Crusher
|-supereffective|p1a: Village Crusher
|-damage|p1a: Village Crusher|0 fnt
|faint|p1a: Village Crusher
|
|-fieldend|move: Trick Room
|upkeep
|
|t:|1743866130
|switch|p1a: Chad|Azumarill, F|48/100 brn
|turn|12
|
|t:|1743866135
|switch|p2a: Dragapult|Dragapult, M|50/100
|move|p1a: Chad|Aqua Jet|p2a: Dragapult
|-resisted|p2a: Dragapult
|-damage|p2a: Dragapult|41/100
|
|-damage|p1a: Chad|42/100 brn|[from] brn
|upkeep
|turn|13
|
|t:|1743866138
|move|p2a: Dragapult|Hex|p1a: Chad
|-damage|p1a: Chad|12/100 brn
|move|p1a: Chad|Knock Off|p2a: Dragapult
|-supereffective|p2a: Dragapult
|-damage|p2a: Dragapult|0 fnt
|faint|p2a: Dragapult
|
|-damage|p1a: Chad|6/100 brn|[from] brn
|upkeep
|
|t:|1743866145
|switch|p2a: Pawmot|Pawmot, M|1/100
|turn|14
|
|t:|1743866147
|move|p2a: Pawmot|Mach Punch|p1a: Chad
|-resisted|p1a: Chad
|-damage|p1a: Chad|0 fnt
|faint|p1a: Chad
|
|upkeep
|
|t:|1743866152
|switch|p1a: Decoy|Mimikyu, M|100/100
|turn|15
|
|t:|1743866158
|switch|p2a: Cinderace|Cinderace, M|100/100
|move|p1a: Decoy|Shadow Sneak|p2a: Cinderace
|-damage|p2a: Cinderace|78/100
|
|upkeep
|turn|16
|
|t:|1743866161
|move|p2a: Cinderace|U-turn|p1a: Decoy
|-activate|p1a: Decoy|ability: Disguise
|-damage|p1a: Decoy|100/100
|detailschange|p1a: Decoy|Mimikyu-Busted, M
|-damage|p1a: Decoy|88/100|[from] pokemon: Mimikyu-Busted
|
|t:|1743866166
|switch|p2a: Pawmot|Pawmot, M|1/100|[from] U-turn
|move|p1a: Decoy|Trick Room|p1a: Decoy
|-fieldstart|move: Trick Room|[of] p1a: Decoy
|
|upkeep
|turn|17
|
|t:|1743866171
|move|p1a: Decoy|Drain Punch|p2a: Pawmot
|-damage|p2a: Pawmot|0 fnt
|-heal|p1a: Decoy|88/100|[from] drain|[of] p2a: Pawmot
|faint|p2a: Pawmot
|
|upkeep
|
|t:|1743866187
|switch|p2a: Great Tusk|Great Tusk|100/100
|turn|18
|
|t:|1743866190
|move|p1a: Decoy|Play Rough|p2a: Great Tusk
|-supereffective|p2a: Great Tusk
|-damage|p2a: Great Tusk|42/100
|move|p2a: Great Tusk|Headlong Rush|p1a: Decoy
|-damage|p1a: Decoy|13/100
|-unboost|p2a: Great Tusk|def|1
|-unboost|p2a: Great Tusk|spd|1
|
|upkeep
|turn|19
|
|t:|1743866197
|-end|p2a: Great Tusk|Protosynthesis|[silent]
|switch|p2a: Cinderace|Cinderace, M|78/100
|move|p1a: Decoy|Drain Punch|p2a: Cinderace
|-damage|p2a: Cinderace|50/100
|-heal|p1a: Decoy|30/100|[from] drain|[of] p2a: Cinderace
|
|upkeep
|turn|20
|
|t:|1743866202
|move|p1a: Decoy|Drain Punch|p2a: Cinderace
|-damage|p2a: Cinderace|23/100
|-heal|p1a: Decoy|45/100|[from] drain|[of] p2a: Cinderace
|move|p2a: Cinderace|Pyro Ball|p1a: Decoy
|-damage|p1a: Decoy|0 fnt
|faint|p1a: Decoy
|
|-fieldend|move: Trick Room
|upkeep
|
|t:|1743866208
|switch|p1a: Atonement|Rabsca, M|100/100
|turn|21
|
|t:|1743866211
|-terastallize|p1a: Atonement|Water
|move|p2a: Cinderace|Pyro Ball|p1a: Atonement
|-resisted|p1a: Atonement
|-damage|p1a: Atonement|72/100
|move|p1a: Atonement|Revival Blessing|p1a: Atonement
|
|t:|1743866217
|-heal|p1: Village Crusher|50/100|[from] move: Revival Blessing
|
|upkeep
|turn|22
|
|t:|1743866235
|move|p2a: Cinderace|U-turn|p1a: Atonement
|-damage|p1a: Atonement|58/100
|c|☆iciestdude|no libero?
|
|t:|1743866248
|switch|p2a: Great Tusk|Great Tusk|42/100|[from] U-turn
|move|p1a: Atonement|Trick Room|p1a: Atonement
|-fieldstart|move: Trick Room|[of] p1a: Atonement
|
|upkeep
|turn|23
|
|t:|1743866257
|move|p1a: Atonement|Psychic|p2a: Great Tusk
|-supereffective|p2a: Great Tusk
|-damage|p2a: Great Tusk|0 fnt
|faint|p2a: Great Tusk
|-end|p2a: Great Tusk|Protosynthesis|[silent]
|
|upkeep
|
|t:|1743866264
|switch|p2a: Primarina|Primarina, F|49/100
|turn|24
|
|t:|1743866279
|switch|p1a: Burr|Slowking-Galar, F|76/100
|move|p2a: Primarina|Moonblast|p1a: Burr
|-resisted|p1a: Burr
|-damage|p1a: Burr|58/100
|-unboost|p1a: Burr|spa|1
|
|upkeep
|turn|25
|
|t:|1743866287
|move|p1a: Burr|Sludge Wave|p2a: Primarina
|-supereffective|p2a: Primarina
|-damage|p2a: Primarina|0 fnt
|faint|p2a: Primarina
|-damage|p1a: Burr|48/100|[from] item: Life Orb
|
|upkeep
|
|t:|1743866291
|switch|p2a: Kyurem|Kyurem|100/100
|-ability|p2a: Kyurem|Pressure
|turn|26
|
|t:|1743866299
|-terastallize|p2a: Kyurem|Ground
|move|p1a: Burr|Sludge Wave|p2a: Kyurem
|-resisted|p2a: Kyurem
|-damage|p2a: Kyurem|80/100
|-damage|p1a: Burr|38/100|[from] item: Life Orb
|move|p2a: Kyurem|Dragon Dance|p2a: Kyurem
|-boost|p2a: Kyurem|atk|1
|-boost|p2a: Kyurem|spe|1
|
|-fieldend|move: Trick Room
|upkeep
|turn|27
|
|t:|1743866308
|move|p2a: Kyurem|Icicle Spear|p1a: Burr
|-damage|p1a: Burr|16/100
|-damage|p1a: Burr|0 fnt
|faint|p1a: Burr
|-hitcount|p1: Burr|2
|
|upkeep
|
|t:|1743866311
|switch|p1a: Atonement|Rabsca, M, tera:Water|58/100
|turn|28
|
|t:|1743866321
|move|p2a: Kyurem|Tera Blast|p1a: Atonement|[anim] Tera Blast Ground
|-damage|p1a: Atonement|7/100
|move|p1a: Atonement|Trick Room|p1a: Atonement
|-fieldstart|move: Trick Room|[of] p1a: Atonement
|
|upkeep
|turn|29
|c|☆Sindicate XI|ah gg
|c|☆iciestdude|nah not yet
|
|t:|1743866341
|move|p1a: Atonement|Memento|p2a: Kyurem
|-unboost|p2a: Kyurem|atk|2
|-unboost|p2a: Kyurem|spa|2
|faint|p1a: Atonement
|move|p2a: Kyurem|Icicle Spear|p1: Atonement|[notarget]
|-fail|p2a: Kyurem
|
|upkeep
|
|t:|1743866348
|switch|p1a: Shogun|Kingambit, F|100/100
|-activate|p1a: Shogun|ability: Supreme Overlord
|-start|p1a: Shogun|fallen5|[silent]
|turn|30
|
|t:|1743866355
|switch|p2a: Cinderace|Cinderace, M|23/100
|move|p1a: Shogun|Kowtow Cleave|p2a: Cinderace
|-damage|p2a: Cinderace|0 fnt
|faint|p2a: Cinderace
|
|upkeep
|
|t:|1743866358
|switch|p2a: Kyurem|Kyurem, tera:Ground|80/100
|-ability|p2a: Kyurem|Pressure
|turn|31
|
|t:|1743866364
|move|p1a: Shogun|Kowtow Cleave|p2a: Kyurem
|-damage|p2a: Kyurem|0 fnt
|faint|p2a: Kyurem
|
|win|iciestdude
|raw|iciestdude's rating: 1436 &rarr; <strong>1459</strong><br />(+23 for winning)
|raw|Sindicate XI's rating: 1491 &rarr; <strong>1468</strong><br />(-23 for losing)
|c|☆iciestdude|gg
|l|☆Sindicate XI
|player|p2|
|l|☆iciestdude
|player|p1|
