|j|☆o magoooo
|j|☆SeigneurFou
|t:|1743851858
|gametype|singles
|player|p1|o magoooo|will|1836
|player|p2|SeigneurFou|2|1614
|teamsize|p1|6
|teamsize|p2|6
|gen|9
|tier|[Gen 9] OU
|rated|
|rule|HP Percentage Mod: HP is shown in percentages
|rule|Endless Battle Clause: Forcing endless battles is banned
|rule|Species Clause: Limit one of each Pokémon
|rule|OHKO Clause: OHKO moves are banned
|rule|Evasion Items Clause: Evasion items are banned
|rule|Evasion Moves Clause: Evasion moves are banned
|rule|Sleep Moves Clause: Sleep-inducing moves are banned
|clearpoke
|poke|p1|Iron Crown|
|poke|p1|Iron Valiant|
|poke|p1|Moltres|
|poke|p1|Ting-Lu|
|poke|p1|Tornadus-Therian, M|
|poke|p1|Kingambit, M|
|poke|p2|Pecharunt|
|poke|p2|Ting-Lu|
|poke|p2|Darkrai|
|poke|p2|Gholdengo|
|poke|p2|Dragonite, M|
|poke|p2|Zapdos|
|teampreview
|inactive|Battle timer is ON: inactive players will automatically lose when time's up. (requested by SeigneurFou)
|
|t:|1743851870
|start
|switch|p1a: AIRCRAFT|Tornadus-Therian, M|100/100
|switch|p2a: Ting-Lu|Ting-Lu|100/100
|-ability|p2a: Ting-Lu|Vessel of Ruin
|turn|1
|
|t:|1743851879
|switch|p2a: Zapdos|Zapdos|100/100
|move|p1a: AIRCRAFT|Knock Off|p2a: Zapdos
|-damage|p2a: Zapdos|80/100
|-enditem|p2a: Zapdos|Heavy-Duty Boots|[from] move: Knock Off|[of] p1a: AIRCRAFT
|
|upkeep
|turn|2
|
|t:|1743851888
|move|p1a: AIRCRAFT|U-turn|p2a: Zapdos
|-resisted|p2a: Zapdos
|-damage|p2a: Zapdos|72/100
|-status|p1a: AIRCRAFT|par|[from] ability: Static|[of] p2a: Zapdos
|
|t:|1743851890
|switch|p1a: MONTANHA|Ting-Lu|100/100|[from] U-turn
|-ability|p1a: MONTANHA|Vessel of Ruin
|move|p2a: Zapdos|Hurricane|p1a: MONTANHA
|-damage|p1a: MONTANHA|73/100
|
|-heal|p1a: MONTANHA|79/100|[from] item: Leftovers
|upkeep
|turn|3
|
|t:|1743851901
|switch|p2a: Ting-Lu|Ting-Lu|100/100
|-ability|p2a: Ting-Lu|Vessel of Ruin
|move|p1a: MONTANHA|Stealth Rock|p2a: Ting-Lu
|-sidestart|p2: SeigneurFou|move: Stealth Rock
|
|-heal|p1a: MONTANHA|86/100|[from] item: Leftovers
|upkeep
|turn|4
|
|t:|1743851907
|move|p1a: MONTANHA|Spikes|p2a: Ting-Lu
|-sidestart|p2: SeigneurFou|Spikes
|move|p2a: Ting-Lu|Stealth Rock|p1a: MONTANHA
|-sidestart|p1: o magoooo|move: Stealth Rock
|
|-heal|p1a: MONTANHA|92/100|[from] item: Leftovers
|upkeep
|turn|5
|
|t:|1743851912
|switch|p1a: AIRCRAFT|Tornadus-Therian, M|100/100 par
|move|p2a: Ting-Lu|Spikes|p1a: AIRCRAFT
|-sidestart|p1: o magoooo|Spikes
|
|upkeep
|turn|6
|
|t:|1743851917
|move|p1a: AIRCRAFT|Knock Off|p2a: Ting-Lu
|-resisted|p2a: Ting-Lu
|-damage|p2a: Ting-Lu|95/100
|-enditem|p2a: Ting-Lu|Leftovers|[from] move: Knock Off|[of] p1a: AIRCRAFT
|move|p2a: Ting-Lu|Spikes|p1a: AIRCRAFT
|-sidestart|p1: o magoooo|Spikes
|
|upkeep
|turn|7
|
|t:|1743851922
|cant|p1a: AIRCRAFT|par
|move|p2a: Ting-Lu|Spikes|p1a: AIRCRAFT
|-sidestart|p1: o magoooo|Spikes
|
|upkeep
|turn|8
|
|t:|1743851927
|switch|p2a: Gholdengo|Gholdengo|100/100
|-damage|p2a: Gholdengo|94/100|[from] Stealth Rock
|-damage|p2a: Gholdengo|82/100|[from] Spikes
|move|p1a: AIRCRAFT|Bleakwind Storm|p2a: Gholdengo
|-resisted|p2a: Gholdengo
|-damage|p2a: Gholdengo|63/100
|
|upkeep
|turn|9
|
|t:|1743851934
|move|p2a: Gholdengo|Recover|p2a: Gholdengo
|-heal|p2a: Gholdengo|100/100
|move|p1a: AIRCRAFT|U-turn|p2a: Gholdengo
|-resisted|p2a: Gholdengo
|-damage|p2a: Gholdengo|98/100
|
|t:|1743851939
|switch|p1a: PROMINENCE|Moltres|100/100|[from] U-turn
|
|upkeep
|turn|10
|
|t:|1743851943
|switch|p2a: Zapdos|Zapdos|72/100
|-damage|p2a: Zapdos|47/100|[from] Stealth Rock
|move|p1a: PROMINENCE|Flamethrower|p2a: Zapdos
|-damage|p2a: Zapdos|12/100
|
|upkeep
|turn|11
|
|t:|1743851951
|move|p2a: Zapdos|Roost|p2a: Zapdos
|-heal|p2a: Zapdos|62/100
|-singleturn|p2a: Zapdos|move: Roost
|move|p1a: PROMINENCE|Roar|p2a: Zapdos
|drag|p2a: Darkrai|Darkrai|100/100
|
|upkeep
|turn|12
|
|t:|1743851960
|move|p2a: Darkrai|Sludge Bomb|p1a: PROMINENCE
|-damage|p1a: PROMINENCE|71/100
|-status|p1a: PROMINENCE|psn
|move|p1a: PROMINENCE|Flamethrower|p2a: Darkrai
|-damage|p2a: Darkrai|50/100
|
|-damage|p1a: PROMINENCE|59/100 psn|[from] psn
|upkeep
|turn|13
|j| Jebus1989_
|
|t:|1743851981
|move|p2a: Darkrai|Dark Pulse|p1a: PROMINENCE
|-damage|p1a: PROMINENCE|19/100 psn
|cant|p1a: PROMINENCE|flinch
|
|-damage|p1a: PROMINENCE|7/100 psn|[from] psn
|upkeep
|turn|14
|
|t:|1743851998
|switch|p1a: MONTANHA|Ting-Lu|92/100
|-damage|p1a: MONTANHA|86/100|[from] Stealth Rock
|-damage|p1a: MONTANHA|61/100|[from] Spikes
|-ability|p1a: MONTANHA|Vessel of Ruin
|move|p2a: Darkrai|Ice Beam|p1a: MONTANHA
|-supereffective|p1a: MONTANHA
|-damage|p1a: MONTANHA|36/100
|-status|p1a: MONTANHA|frz
|
|-heal|p1a: MONTANHA|42/100 frz|[from] item: Leftovers
|upkeep
|turn|15
|l| Jebus1989_
|
|t:|1743852009
|move|p2a: Darkrai|Ice Beam|p1a: MONTANHA
|-supereffective|p1a: MONTANHA
|-damage|p1a: MONTANHA|16/100 frz
|cant|p1a: MONTANHA|frz
|
|-heal|p1a: MONTANHA|22/100 frz|[from] item: Leftovers
|upkeep
|turn|16
|
|t:|1743852015
|move|p2a: Darkrai|Ice Beam|p1a: MONTANHA
|-supereffective|p1a: MONTANHA
|-damage|p1a: MONTANHA|0 fnt
|faint|p1a: MONTANHA
|
|upkeep
|
|t:|1743852020
|switch|p1a: STARK|Iron Crown|100/100
|-damage|p1a: STARK|94/100|[from] Stealth Rock
|-damage|p1a: STARK|69/100|[from] Spikes
|turn|17
|
|t:|1743852030
|switch|p2a: Ting-Lu|Ting-Lu|95/100
|-damage|p2a: Ting-Lu|88/100|[from] Stealth Rock
|-damage|p2a: Ting-Lu|76/100|[from] Spikes
|-ability|p2a: Ting-Lu|Vessel of Ruin
|move|p1a: STARK|Tachyon Cutter|p2a: Ting-Lu
|-damage|p2a: Ting-Lu|65/100
|-damage|p2a: Ting-Lu|55/100
|-hitcount|p2a: Ting-Lu|2
|
|upkeep
|turn|18
|
|t:|1743852040
|-end|p1a: STARK|Quark Drive|[silent]
|switch|p1a: AIRCRAFT|Tornadus-Therian, M|100/100 par
|move|p2a: Ting-Lu|Whirlwind|p1a: AIRCRAFT
|drag|p1a: SHION|Iron Valiant|100/100
|-damage|p1a: SHION|94/100|[from] Stealth Rock
|-damage|p1a: SHION|69/100|[from] Spikes
|
|upkeep
|turn|19
|
|t:|1743852053
|move|p1a: SHION|Moonblast|p2a: Ting-Lu
|-supereffective|p2a: Ting-Lu
|-damage|p2a: Ting-Lu|0 fnt
|faint|p2a: Ting-Lu
|
|upkeep
|
|t:|1743852075
|switch|p2a: Gholdengo|Gholdengo|98/100
|-damage|p2a: Gholdengo|92/100|[from] Stealth Rock
|-damage|p2a: Gholdengo|80/100|[from] Spikes
|turn|20
|
|t:|1743852099
|move|p1a: SHION|Moonblast|p2a: Gholdengo
|-resisted|p2a: Gholdengo
|-damage|p2a: Gholdengo|43/100
|move|p2a: Gholdengo|Recover|p2a: Gholdengo
|-heal|p2a: Gholdengo|93/100
|
|upkeep
|turn|21
|
|t:|1743852105
|-end|p1a: SHION|Quark Drive|[silent]
|switch|p1a: Kingambit|Kingambit, M|100/100
|-damage|p1a: Kingambit|94/100|[from] Stealth Rock
|-damage|p1a: Kingambit|70/100|[from] Spikes
|-activate|p1a: Kingambit|ability: Supreme Overlord
|-start|p1a: Kingambit|fallen1|[silent]
|move|p2a: Gholdengo|Shadow Ball|p1a: Kingambit
|-resisted|p1a: Kingambit
|-damage|p1a: Kingambit|51/100
|
|-heal|p1a: Kingambit|57/100|[from] item: Leftovers
|upkeep
|turn|22
|
|t:|1743852123
|-terastallize|p2a: Gholdengo|Fighting
|move|p2a: Gholdengo|Tera Blast|p1a: Kingambit|[anim] Tera Blast Fighting
|-supereffective|p1a: Kingambit
|-damage|p1a: Kingambit|0 fnt
|faint|p1a: Kingambit
|-end|p1a: Kingambit|fallen1|[silent]
|
|upkeep
|
|t:|1743852127
|switch|p1a: SHION|Iron Valiant|69/100
|-damage|p1a: SHION|63/100|[from] Stealth Rock
|-damage|p1a: SHION|38/100|[from] Spikes
|turn|23
|
|t:|1743852143
|switch|p2a: Zapdos|Zapdos|62/100
|-damage|p2a: Zapdos|37/100|[from] Stealth Rock
|move|p1a: SHION|Moonblast|p2a: Zapdos
|-damage|p2a: Zapdos|0 fnt
|faint|p2a: Zapdos
|
|upkeep
|
|t:|1743852149
|switch|p2a: Pecharunt|Pecharunt|100/100
|turn|24
|
|t:|1743852162
|-end|p1a: SHION|Quark Drive|[silent]
|switch|p1a: AIRCRAFT|Tornadus-Therian, M|100/100 par
|move|p2a: Pecharunt|Shadow Ball|p1a: AIRCRAFT
|-damage|p1a: AIRCRAFT|76/100 par
|-unboost|p1a: AIRCRAFT|spd|1
|
|upkeep
|turn|25
|
|t:|1743852170
|move|p2a: Pecharunt|Nasty Plot|p2a: Pecharunt
|-boost|p2a: Pecharunt|spa|2
|move|p1a: AIRCRAFT|Knock Off|p2a: Pecharunt
|-supereffective|p2a: Pecharunt
|-damage|p2a: Pecharunt|80/100
|-enditem|p2a: Pecharunt|Heavy-Duty Boots|[from] move: Knock Off|[of] p1a: AIRCRAFT
|
|upkeep
|turn|26
|
|t:|1743852178
|move|p2a: Pecharunt|Shadow Ball|p1a: AIRCRAFT
|-damage|p1a: AIRCRAFT|4/100 par
|move|p1a: AIRCRAFT|U-turn|p2a: Pecharunt
|-resisted|p2a: Pecharunt
|-damage|p2a: Pecharunt|78/100
|
|t:|1743852189
|switch|p1a: STARK|Iron Crown|69/100|[from] U-turn
|-damage|p1a: STARK|63/100|[from] Stealth Rock
|-damage|p1a: STARK|38/100|[from] Spikes
|
|upkeep
|turn|27
|
|t:|1743852202
|-terastallize|p1a: STARK|Steel
|move|p1a: STARK|Tachyon Cutter|p2a: Pecharunt
|-damage|p2a: Pecharunt|47/100
|-damage|p2a: Pecharunt|14/100
|-hitcount|p2a: Pecharunt|2
|move|p2a: Pecharunt|Shadow Ball|p1a: STARK
|-damage|p1a: STARK|0 fnt
|faint|p1a: STARK
|-end|p1a: STARK|Quark Drive|[silent]
|
|upkeep
|-message|o magoooo forfeited.
|
|win|SeigneurFou
|raw|o magoooo's rating: 1836 &rarr; <strong>1805</strong><br />(-31 for losing)
|raw|SeigneurFou's rating: 1614 &rarr; <strong>1645</strong><br />(+31 for winning)
|l|☆o magoooo
|player|p1|
|l|☆SeigneurFou
|player|p2|
