|j|☆sebastian.gough
|j|☆ASSATFAO
|t:|1743821398
|gametype|singles
|player|p1|sebastian.gough|benga|1060
|player|p2|ASSATFAO|ghetsis|1114
|teamsize|p1|6
|teamsize|p2|6
|gen|9
|tier|[Gen 9] OU
|rated|
|rule|HP Percentage Mod: HP is shown in percentages
|rule|Endless Battle Clause: Forcing endless battles is banned
|rule|Species Clause: Limit one of each Pokémon
|rule|OHKO Clause: OHKO moves are banned
|rule|Evasion Items Clause: Evasion items are banned
|rule|Evasion Moves Clause: Evasion moves are banned
|rule|Sleep Moves Clause: Sleep-inducing moves are banned
|clearpoke
|poke|p1|Tyranitar, M|
|poke|p1|Cinderace, M|
|poke|p1|Greninja-*, M|
|poke|p1|Kingambit, M|
|poke|p1|Iron Hands|
|poke|p1|Dragonite, M|
|poke|p2|Inteleon, M|
|poke|p2|Dragapult, F|
|poke|p2|Cinderace, F|
|poke|p2|Corviknight, F|
|poke|p2|Alomomola, F|
|poke|p2|Ting-Lu|
|teampreview
|
|t:|1743821406
|start
|switch|p1a: Michael Jordan|Tyranitar, M|100/100
|switch|p2a: Dragapult|Dragapult, F|100/100
|-weather|Sandstorm|[from] ability: Sand Stream|[of] p1a: Michael Jordan
|turn|1
|
|t:|1743821416
|move|p2a: Dragapult|U-turn|p1a: Michael Jordan
|-supereffective|p1a: Michael Jordan
|-damage|p1a: Michael Jordan|50/100
|
|t:|1743821419
|switch|p2a: Alomomola|Alomomola, F|100/100|[from] U-turn
|move|p1a: Michael Jordan|Knock Off|p2a: Alomomola
|-damage|p2a: Alomomola|72/100
|-enditem|p2a: Alomomola|Heavy-Duty Boots|[from] move: Knock Off|[of] p1a: Michael Jordan
|
|-weather|Sandstorm|[upkeep]
|-damage|p2a: Alomomola|66/100|[from] Sandstorm
|upkeep
|turn|2
|
|t:|1743821446
|move|p2a: Alomomola|Flip Turn|p1a: Michael Jordan
|-supereffective|p1a: Michael Jordan
|-damage|p1a: Michael Jordan|24/100
|inactive|Battle timer is ON: inactive players will automatically lose when time's up. (requested by ASSATFAO)
|
|t:|1743821451
|switch|p2a: Ting-Lu|Ting-Lu|100/100|[from] Flip Turn
|-ability|p2a: Ting-Lu|Vessel of Ruin
|move|p1a: Michael Jordan|Thunder Punch|p2a: Ting-Lu
|-immune|p2a: Ting-Lu
|
|-weather|Sandstorm|[upkeep]
|upkeep
|turn|3
|
|t:|1743821465
|switch|p1a: Magnus Carlsen|Kingambit, M|100/100
|switch|p2a: Alomomola|Alomomola, F|99/100
|
|-weather|Sandstorm|[upkeep]
|-damage|p2a: Alomomola|93/100|[from] Sandstorm
|upkeep
|turn|4
|
|t:|1743821476
|move|p1a: Magnus Carlsen|Swords Dance|p1a: Magnus Carlsen
|-boost|p1a: Magnus Carlsen|atk|2
|move|p2a: Alomomola|Scald|p1a: Magnus Carlsen
|-damage|p1a: Magnus Carlsen|87/100
|-status|p1a: Magnus Carlsen|brn
|
|-weather|Sandstorm|[upkeep]
|-damage|p2a: Alomomola|87/100|[from] Sandstorm
|-heal|p1a: Magnus Carlsen|93/100 brn|[from] item: Leftovers
|-damage|p1a: Magnus Carlsen|87/100 brn|[from] brn
|upkeep
|turn|5
|
|t:|1743821491
|switch|p2a: Corviknight|Corviknight, F|100/100
|-ability|p2a: Corviknight|Pressure
|move|p1a: Magnus Carlsen|Sucker Punch||[still]
|-fail|p1a: Magnus Carlsen
|
|-weather|none
|-heal|p1a: Magnus Carlsen|93/100 brn|[from] item: Leftovers
|-damage|p1a: Magnus Carlsen|87/100 brn|[from] brn
|upkeep
|turn|6
|
|t:|1743821504
|move|p2a: Corviknight|Body Press|p1a: Magnus Carlsen
|-supereffective|p1a: Magnus Carlsen
|-damage|p1a: Magnus Carlsen|4/100 brn
|move|p1a: Magnus Carlsen|Iron Head|p2a: Corviknight
|-resisted|p2a: Corviknight
|-crit|p2a: Corviknight
|-damage|p2a: Corviknight|80/100
|-damage|p1a: Magnus Carlsen|0 fnt|[from] item: Rocky Helmet|[of] p2a: Corviknight
|faint|p1a: Magnus Carlsen
|-end|p1a: Magnus Carlsen|fallenundefined|[silent]
|
|upkeep
|c|☆ASSATFAO|Irom head?
|
|t:|1743821517
|switch|p1a: Tiger Woods|Dragonite, M|100/100
|turn|7
|
|t:|1743821522
|move|p1a: Tiger Woods|Dragon Dance|p1a: Tiger Woods
|-boost|p1a: Tiger Woods|atk|1
|-boost|p1a: Tiger Woods|spe|1
|move|p2a: Corviknight|Iron Defense|p2a: Corviknight
|-boost|p2a: Corviknight|def|2
|
|upkeep
|turn|8
|
|t:|1743821530
|move|p1a: Tiger Woods|Dragon Dance|p1a: Tiger Woods
|-boost|p1a: Tiger Woods|atk|1
|-boost|p1a: Tiger Woods|spe|1
|move|p2a: Corviknight|Body Press|p1a: Tiger Woods
|-resisted|p1a: Tiger Woods
|-damage|p1a: Tiger Woods|85/100
|
|upkeep
|turn|9
|
|t:|1743821538
|move|p1a: Tiger Woods|Dragon Dance|p1a: Tiger Woods
|-boost|p1a: Tiger Woods|atk|1
|-boost|p1a: Tiger Woods|spe|1
|move|p2a: Corviknight|Iron Defense|p2a: Corviknight
|-boost|p2a: Corviknight|def|2
|
|upkeep
|turn|10
|
|t:|1743821546
|move|p1a: Tiger Woods|Extreme Speed|p2a: Corviknight
|-resisted|p2a: Corviknight
|-damage|p2a: Corviknight|72/100
|-damage|p1a: Tiger Woods|69/100|[from] item: Rocky Helmet|[of] p2a: Corviknight
|move|p2a: Corviknight|Body Press|p1a: Tiger Woods
|-resisted|p1a: Tiger Woods
|-damage|p1a: Tiger Woods|28/100
|
|upkeep
|turn|11
|
|t:|1743821556
|move|p1a: Tiger Woods|Scale Shot|p2a: Corviknight
|-resisted|p2a: Corviknight
|-damage|p2a: Corviknight|68/100
|-resisted|p2a: Corviknight
|-damage|p2a: Corviknight|64/100
|-resisted|p2a: Corviknight
|-damage|p2a: Corviknight|60/100
|-resisted|p2a: Corviknight
|-damage|p2a: Corviknight|56/100
|-resisted|p2a: Corviknight
|-damage|p2a: Corviknight|52/100
|-hitcount|p2a: Corviknight|5
|-unboost|p1a: Tiger Woods|def|1
|-boost|p1a: Tiger Woods|spe|1
|move|p2a: Corviknight|Roost|p2a: Corviknight
|-heal|p2a: Corviknight|100/100
|-singleturn|p2a: Corviknight|move: Roost
|
|upkeep
|turn|12
|
|t:|1743821584
|move|p1a: Tiger Woods|Dragon Dance|p1a: Tiger Woods
|-boost|p1a: Tiger Woods|atk|1
|-boost|p1a: Tiger Woods|spe|1
|move|p2a: Corviknight|Body Press|p1a: Tiger Woods
|-resisted|p1a: Tiger Woods
|-damage|p1a: Tiger Woods|0 fnt
|faint|p1a: Tiger Woods
|
|upkeep
|c|☆ASSATFAO|If youre gonna run scale shot run it woth the encore fire punch set
|
|t:|1743821593
|switch|p1a: Doc Hudson|Greninja, M|100/100
|turn|13
|c|☆ASSATFAO|Also what ks this doing for you
|
|t:|1743821606
|move|p1a: Doc Hudson|Ice Beam|p2a: Corviknight
|-damage|p2a: Corviknight|56/100
|move|p2a: Corviknight|Body Press|p1a: Doc Hudson
|-supereffective|p1a: Doc Hudson
|-damage|p1a: Doc Hudson|0 fnt
|faint|p1a: Doc Hudson
|
|upkeep
|c|☆sebastian.gough|What
|inactive|sebastian.gough has 120 seconds left.
|c|☆ASSATFAO|Ddance spam then sacking gren
|
|t:|1743821634
|switch|p1a: Lionel Messi|Cinderace, M|100/100
|turn|14
|inactive|sebastian.gough has 120 seconds left.
|
|t:|1743821644
|move|p1a: Lionel Messi|Pyro Ball|p2a: Corviknight
|-supereffective|p2a: Corviknight
|-damage|p2a: Corviknight|31/100
|move|p2a: Corviknight|Roost|p2a: Corviknight
|-heal|p2a: Corviknight|82/100
|-singleturn|p2a: Corviknight|move: Roost
|
|upkeep
|turn|15
|inactive|sebastian.gough has 120 seconds left.
|c|☆sebastian.gough|I didn't want to pack gren
|c|☆ASSATFAO|Alright well this is game
|c|☆ASSATFAO|Gg
|inactive|ASSATFAO has 120 seconds left.
|
|t:|1743821674
|move|p1a: Lionel Messi|Pyro Ball|p2a: Corviknight
|-supereffective|p2a: Corviknight
|-damage|p2a: Corviknight|57/100
|move|p2a: Corviknight|Roost|p2a: Corviknight
|-heal|p2a: Corviknight|100/100
|-singleturn|p2a: Corviknight|move: Roost
|
|upkeep
|turn|16
|inactive|ASSATFAO has 120 seconds left.
|
|t:|1743821685
|move|p1a: Lionel Messi|Pyro Ball|p2a: Corviknight
|-supereffective|p2a: Corviknight
|-damage|p2a: Corviknight|77/100
|move|p2a: Corviknight|Body Press|p1a: Lionel Messi
|-damage|p1a: Lionel Messi|0 fnt
|faint|p1a: Lionel Messi
|
|upkeep
|
|t:|1743821697
|switch|p1a: Muhammad Ali|Iron Hands|100/100
|turn|17
|
|t:|1743821702
|move|p1a: Muhammad Ali|Fake Out|p2a: Corviknight
|-resisted|p2a: Corviknight
|-damage|p2a: Corviknight|76/100
|-damage|p1a: Muhammad Ali|84/100|[from] item: Rocky Helmet|[of] p2a: Corviknight
|cant|p2a: Corviknight|flinch
|
|upkeep
|turn|18
|inactive|sebastian.gough has 120 seconds left.
|
|t:|1743821710
|move|p2a: Corviknight|Body Press|p1a: Muhammad Ali
|-damage|p1a: Muhammad Ali|38/100
|move|p1a: Muhammad Ali|Thunder Punch|p2a: Corviknight
|-supereffective|p2a: Corviknight
|-damage|p2a: Corviknight|56/100
|-damage|p1a: Muhammad Ali|22/100|[from] item: Rocky Helmet|[of] p2a: Corviknight
|
|upkeep
|turn|19
|
|t:|1743821719
|move|p2a: Corviknight|Roost|p2a: Corviknight
|-heal|p2a: Corviknight|100/100
|-singleturn|p2a: Corviknight|move: Roost
|move|p1a: Muhammad Ali|Drain Punch|p2a: Corviknight
|-supereffective|p2a: Corviknight
|-damage|p2a: Corviknight|79/100
|-heal|p1a: Muhammad Ali|29/100|[from] drain|[of] p2a: Corviknight
|-damage|p1a: Muhammad Ali|13/100|[from] item: Rocky Helmet|[of] p2a: Corviknight
|
|upkeep
|turn|20
|inactive|sebastian.gough has 120 seconds left.
|c|☆ASSATFAO|Do you want to lose to bp or damage from helmet?
|
|t:|1743821744
|move|p2a: Corviknight|Iron Defense|p2a: Corviknight
|-boost|p2a: Corviknight|def|2
|move|p1a: Muhammad Ali|Drain Punch|p2a: Corviknight
|-damage|p2a: Corviknight|72/100
|-heal|p1a: Muhammad Ali|16/100|[from] drain|[of] p2a: Corviknight
|-damage|p1a: Muhammad Ali|0 fnt|[from] item: Rocky Helmet|[of] p2a: Corviknight
|faint|p1a: Muhammad Ali
|-end|p1a: Muhammad Ali|Quark Drive|[silent]
|
|upkeep
|inactive|sebastian.gough has 120 seconds left.
|-message|sebastian.gough forfeited.
|
|win|ASSATFAO
|raw|sebastian.gough's rating: 1060 &rarr; <strong>1044</strong><br />(-16 for losing)
|raw|ASSATFAO's rating: 1114 &rarr; <strong>1135</strong><br />(+21 for winning)
|l|☆sebastian.gough
|player|p1|
