|j|☆Latmolk
|j|☆IxAmxLegal
|t:|1743933066
|gametype|singles
|player|p1|Latmolk|1|1349
|player|p2|IxAmxLegal|cynthia-gen4|1429
|teamsize|p1|6
|teamsize|p2|6
|gen|9
|tier|[Gen 9] OU
|rated|
|rule|HP Percentage Mod: HP is shown in percentages
|rule|Endless Battle Clause: Forcing endless battles is banned
|rule|Species Clause: Limit one of each Pokémon
|rule|OHKO Clause: OHKO moves are banned
|rule|Evasion Items Clause: Evasion items are banned
|rule|Evasion Moves Clause: Evasion moves are banned
|rule|Sleep Moves Clause: Sleep-inducing moves are banned
|clearpoke
|poke|p1|Deoxys-Speed|
|poke|p1|Araquanid, M|
|poke|p1|Enamorus, F|
|poke|p1|Great Tusk|
|poke|p1|Iron Moth|
|poke|p1|Gholdengo|
|poke|p2|Great Tusk|
|poke|p2|Zapdos|
|poke|p2|Dragapult, F|
|poke|p2|Samurott-Hisui, F|
|poke|p2|Kingambit, M|
|poke|p2|Slowking-Galar, F|
|teampreview
|inactive|Battle timer is ON: inactive players will automatically lose when time's up. (requested by IxAmxLegal)
|
|t:|1743933073
|start
|switch|p1a: Araquanid|Araquanid, M|100/100
|switch|p2a: odin|Samurott-Hisui, F, shiny|100/100
|turn|1
|
|t:|1743933091
|move|p2a: odin|Ceaseless Edge|p1a: Araquanid
|-damage|p1a: Araquanid|53/100
|-sidestart|p1: Latmolk|Spikes
|-enditem|p1a: Araquanid|Red Card|[of] p2a: odin
|drag|p2a: Zaptwice|Zapdos, shiny|100/100
|move|p1a: Araquanid|Sticky Web|p2a: Zaptwice
|-sidestart|p2: IxAmxLegal|move: Sticky Web
|
|upkeep
|turn|2
|
|t:|1743933102
|move|p2a: Zaptwice|Volt Switch|p1a: Araquanid
|-supereffective|p1a: Araquanid
|-damage|p1a: Araquanid|7/100
|
|t:|1743933109
|switch|p2a: Slowking|Slowking-Galar, F|100/100|[from] Volt Switch
|-activate|p2a: Slowking|move: Sticky Web
|-unboost|p2a: Slowking|spe|1
|move|p1a: Araquanid|Surf|p2a: Slowking
|-damage|p2a: Slowking|75/100
|
|upkeep
|turn|3
|
|t:|1743933122
|move|p1a: Araquanid|Surf|p2a: Slowking
|-damage|p2a: Slowking|47/100
|move|p2a: Slowking|Psychic Noise|p1a: Araquanid
|-damage|p1a: Araquanid|0 fnt
|faint|p1a: Araquanid
|
|upkeep
|
|t:|1743933138
|switch|p1a: Great Tusk|Great Tusk|100/100
|-damage|p1a: Great Tusk|88/100|[from] Spikes
|-enditem|p1a: Great Tusk|Booster Energy
|-activate|p1a: Great Tusk|ability: Protosynthesis|[fromitem]
|-start|p1a: Great Tusk|protosynthesisatk
|turn|4
|
|t:|1743933157
|switch|p2a: Zaptwice|Zapdos, shiny|100/100
|move|p1a: Great Tusk|Head Smash|p2a: Zaptwice
|-supereffective|p2a: Zaptwice
|-damage|p2a: Zaptwice|9/100
|-status|p1a: Great Tusk|par|[from] ability: Static|[of] p2a: Zaptwice
|-damage|p1a: Great Tusk|42/100 par|[from] Recoil
|
|upkeep
|turn|5
|inactive|IxAmxLegal has 120 seconds left.
|
|t:|1743933188
|move|p2a: Zaptwice|Hurricane|p1a: Great Tusk
|-supereffective|p1a: Great Tusk
|-damage|p1a: Great Tusk|0 fnt
|faint|p1a: Great Tusk
|-end|p1a: Great Tusk|Protosynthesis|[silent]
|
|upkeep
|
|t:|1743933193
|switch|p1a: Enamorus|Enamorus, F|100/100
|turn|6
|
|t:|1743933198
|move|p1a: Enamorus|Moonblast|p2a: Zaptwice
|-damage|p2a: Zaptwice|0 fnt
|faint|p2a: Zaptwice
|-damage|p1a: Enamorus|91/100|[from] item: Life Orb
|
|upkeep
|
|t:|1743933203
|switch|p2a: Slowking|Slowking-Galar, F|81/100
|-activate|p2a: Slowking|move: Sticky Web
|-unboost|p2a: Slowking|spe|1
|turn|7
|
|t:|1743933213
|move|p1a: Enamorus|Earth Power|p2a: Slowking
|-supereffective|p2a: Slowking
|-damage|p2a: Slowking|35/100
|-damage|p1a: Enamorus|81/100|[from] item: Life Orb
|move|p2a: Slowking|Psychic Noise|p1a: Enamorus
|-damage|p1a: Enamorus|35/100
|-start|p1a: Enamorus|move: Heal Block
|
|upkeep
|turn|8
|
|t:|1743933229
|switch|p2a: odin|Samurott-Hisui, F, shiny|100/100
|-activate|p2a: odin|move: Sticky Web
|-unboost|p2a: odin|spe|1
|move|p1a: Enamorus|Earth Power|p2a: odin
|-damage|p2a: odin|36/100
|-damage|p1a: Enamorus|25/100|[from] item: Life Orb
|
|-end|p1a: Enamorus|move: Heal Block
|upkeep
|turn|9
|
|t:|1743933238
|move|p2a: odin|Aqua Jet|p1a: Enamorus
|-crit|p1a: Enamorus
|-damage|p1a: Enamorus|0 fnt
|faint|p1a: Enamorus
|
|upkeep
|
|t:|1743933246
|switch|p1a: Deoxys|Deoxys-Speed|100/100
|-damage|p1a: Deoxys|88/100|[from] Spikes
|-ability|p1a: Deoxys|Pressure
|turn|10
|
|t:|1743933260
|move|p1a: Deoxys|Psycho Boost|p2a: odin
|-immune|p2a: odin
|move|p2a: odin|Ceaseless Edge|p1a: Deoxys
|-supereffective|p1a: Deoxys
|-damage|p1a: Deoxys|0 fnt
|-sidestart|p1: Latmolk|Spikes
|faint|p1a: Deoxys
|
|upkeep
|
|t:|1743933270
|switch|p1a: Gholdengo|Gholdengo|100/100
|-item|p1a: Gholdengo|Air Balloon
|turn|11
|
|t:|1743933275
|move|p1a: Gholdengo|Focus Blast|p2a: odin
|-supereffective|p2a: odin
|-damage|p2a: odin|0 fnt
|faint|p2a: odin
|
|upkeep
|
|t:|1743933283
|switch|p2a: Manny|Great Tusk|100/100
|turn|12
|
|t:|1743933289
|-terastallize|p2a: Manny|Dark
|move|p2a: Manny|Knock Off|p1a: Gholdengo
|-supereffective|p1a: Gholdengo
|-damage|p1a: Gholdengo|0 fnt
|-enditem|p1a: Gholdengo|Air Balloon
|faint|p1a: Gholdengo
|
|upkeep
|
|t:|1743933295
|switch|p1a: Iron Moth|Iron Moth|100/100
|-damage|p1a: Iron Moth|84/100|[from] Spikes
|-enditem|p1a: Iron Moth|Booster Energy
|-activate|p1a: Iron Moth|ability: Quark Drive|[fromitem]
|-start|p1a: Iron Moth|quarkdrivespa
|turn|13
|
|t:|1743933303
|-terastallize|p1a: Iron Moth|Grass
|move|p1a: Iron Moth|Dazzling Gleam|p2a: Manny
|-supereffective|p2a: Manny
|-damage|p2a: Manny|0 fnt
|faint|p2a: Manny
|-end|p2a: Manny|Protosynthesis|[silent]
|
|upkeep
|
|t:|1743933310
|switch|p2a: Slowking|Slowking-Galar, F|68/100
|-activate|p2a: Slowking|move: Sticky Web
|-unboost|p2a: Slowking|spe|1
|turn|14
|
|t:|1743933314
|move|p1a: Iron Moth|Fiery Dance|p2a: Slowking
|-damage|p2a: Slowking|39/100
|-boost|p1a: Iron Moth|spa|1
|move|p2a: Slowking|Sludge Bomb|p1a: Iron Moth
|-supereffective|p1a: Iron Moth
|-damage|p1a: Iron Moth|3/100
|
|upkeep
|turn|15
|
|t:|1743933323
|switch|p2a: shogun shien|Kingambit, M|100/100
|-activate|p2a: shogun shien|move: Sticky Web
|-unboost|p2a: shogun shien|spe|1
|-activate|p2a: shogun shien|ability: Supreme Overlord
|-start|p2a: shogun shien|fallen3|[silent]
|move|p1a: Iron Moth|Fiery Dance|p2a: shogun shien
|-supereffective|p2a: shogun shien
|-damage|p2a: shogun shien|0 fnt
|faint|p2a: shogun shien
|-end|p2a: shogun shien|fallen3|[silent]
|
|upkeep
|
|t:|1743933330
|switch|p2a: Slowking|Slowking-Galar, F|72/100
|-activate|p2a: Slowking|move: Sticky Web
|-unboost|p2a: Slowking|spe|1
|turn|16
|
|t:|1743933339
|move|p1a: Iron Moth|Fiery Dance|p2a: Slowking
|-damage|p2a: Slowking|25/100
|-boost|p1a: Iron Moth|spa|1
|move|p2a: Slowking|Sludge Bomb|p1a: Iron Moth
|-supereffective|p1a: Iron Moth
|-damage|p1a: Iron Moth|0 fnt
|faint|p1a: Iron Moth
|-end|p1a: Iron Moth|Quark Drive|[silent]
|
|win|IxAmxLegal
|raw|Latmolk's rating: 1349 &rarr; <strong>1334</strong><br />(-15 for losing)
|raw|IxAmxLegal's rating: 1429 &rarr; <strong>1444</strong><br />(+15 for winning)
|l|☆IxAmxLegal
|player|p2|
|l|☆Latmolk
|player|p1|
