|j|☆WagwanWeed420
|j|☆yylz
|t:|1743780313
|gametype|singles
|player|p1|WagwanWeed420|blue|1101
|player|p2|yylz|dawn|1145
|teamsize|p1|6
|teamsize|p2|6
|gen|9
|tier|[Gen 9] OU
|rated|
|rule|HP Percentage Mod: HP is shown in percentages
|rule|Endless Battle Clause: Forcing endless battles is banned
|rule|Species Clause: Limit one of each Pokémon
|rule|OHKO Clause: OHKO moves are banned
|rule|Evasion Items Clause: Evasion items are banned
|rule|Evasion Moves Clause: Evasion moves are banned
|rule|Sleep Moves Clause: Sleep-inducing moves are banned
|clearpoke
|poke|p1|Cinderace, M|
|poke|p1|Dragapult, F|
|poke|p1|Weavile, M|
|poke|p1|Deoxys-Speed|
|poke|p1|Dragonite, F|
|poke|p1|Zamazenta-*|
|poke|p2|Pelipper, M|
|poke|p2|Barraskewda, M|
|poke|p2|Zapdos|
|poke|p2|Corviknight, M|
|poke|p2|Clodsire, M|
|poke|p2|Incineroar, M|
|teampreview
|inactive|Battle timer is ON: inactive players will automatically lose when time's up. (requested by WagwanWeed420)
|
|t:|1743780328
|start
|switch|p1a: Dragapult|Dragapult, F, shiny|100/100
|switch|p2a: Incineroar|Incineroar, M, shiny|100/100
|-ability|p2a: Incineroar|Intimidate|boost
|-unboost|p1a: Dragapult|atk|1
|turn|1
|
|t:|1743780336
|move|p1a: Dragapult|Thunder Wave|p2a: Incineroar
|-status|p2a: Incineroar|par
|move|p2a: Incineroar|Knock Off|p1a: Dragapult
|-supereffective|p1a: Dragapult
|-damage|p1a: Dragapult|0 fnt
|-enditem|p1a: Dragapult|Heavy-Duty Boots|[from] move: Knock Off|[of] p2a: Incineroar
|faint|p1a: Dragapult
|
|upkeep
|
|t:|1743780347
|switch|p1a: Zamazenta|Zamazenta, shiny|100/100
|-ability|p1a: Zamazenta|Dauntless Shield|boost
|-boost|p1a: Zamazenta|def|1
|turn|2
|
|t:|1743780351
|move|p1a: Zamazenta|Iron Defense|p1a: Zamazenta
|-boost|p1a: Zamazenta|def|2
|move|p2a: Incineroar|Will-O-Wisp|p1a: Zamazenta
|-status|p1a: Zamazenta|brn
|
|-damage|p1a: Zamazenta|94/100 brn|[from] brn
|upkeep
|turn|3
|
|t:|1743780357
|move|p1a: Zamazenta|Body Press|p2a: Incineroar
|-supereffective|p2a: Incineroar
|-damage|p2a: Incineroar|42/100 par
|move|p2a: Incineroar|Parting Shot|p1a: Zamazenta
|-unboost|p1a: Zamazenta|atk|1
|-unboost|p1a: Zamazenta|spa|1
|inactive|yylz has 120 seconds left.
|
|t:|1743780388
|switch|p2a: Clodsire|Clodsire, M|100/100|[from] Parting Shot
|
|-heal|p1a: Zamazenta|100/100 brn|[from] item: Leftovers
|-damage|p1a: Zamazenta|94/100 brn|[from] brn
|upkeep
|turn|4
|
|t:|1743780395
|move|p1a: Zamazenta|Body Press|p2a: Clodsire
|-resisted|p2a: Clodsire
|-damage|p2a: Clodsire|75/100
|move|p2a: Clodsire|Stealth Rock|p1a: Zamazenta
|-sidestart|p1: WagwanWeed420|move: Stealth Rock
|
|-heal|p1a: Zamazenta|100/100 brn|[from] item: Leftovers
|-heal|p2a: Clodsire|82/100|[from] item: Leftovers
|-damage|p1a: Zamazenta|94/100 brn|[from] brn
|upkeep
|turn|5
|
|t:|1743780405
|switch|p1a: Weavile|Weavile, M, shiny|100/100
|-damage|p1a: Weavile|76/100|[from] Stealth Rock
|-ability|p1a: Weavile|Pressure
|move|p2a: Clodsire|Earthquake|p1a: Weavile
|-damage|p1a: Weavile|31/100
|
|-heal|p2a: Clodsire|88/100|[from] item: Leftovers
|upkeep
|turn|6
|
|t:|1743780415
|switch|p2a: Corviknight|Corviknight, M, shiny|100/100
|-ability|p2a: Corviknight|Pressure
|move|p1a: Weavile|Triple Axel|p2a: Corviknight
|-damage|p2a: Corviknight|91/100
|-damage|p1a: Weavile|15/100|[from] item: Rocky Helmet|[of] p2a: Corviknight
|-hitcount|p2a: Corviknight|1
|
|upkeep
|turn|7
|
|t:|1743780427
|switch|p1a: Cinderace|Cinderace, M, shiny|100/100
|move|p2a: Corviknight|U-turn|p1a: Cinderace
|-resisted|p1a: Cinderace
|-crit|p1a: Cinderace
|-damage|p1a: Cinderace|87/100
|
|t:|1743780443
|switch|p2a: Barraskewda|Barraskewda, M|100/100|[from] U-turn
|
|upkeep
|turn|8
|
|t:|1743780450
|move|p2a: Barraskewda|Liquidation|p1a: Cinderace
|-supereffective|p1a: Cinderace
|-crit|p1a: Cinderace
|-damage|p1a: Cinderace|0 fnt
|faint|p1a: Cinderace
|
|upkeep
|
|t:|1743780470
|switch|p1a: Deoxys|Deoxys-Speed, shiny|100/100
|-damage|p1a: Deoxys|88/100|[from] Stealth Rock
|-ability|p1a: Deoxys|Pressure
|turn|9
|
|t:|1743780476
|switch|p2a: Incineroar|Incineroar, M, shiny|42/100 par
|-ability|p2a: Incineroar|Intimidate|boost
|-unboost|p1a: Deoxys|atk|1
|move|p1a: Deoxys|Thunderbolt|p2a: Incineroar
|-damage|p2a: Incineroar|10/100 par
|-damage|p1a: Deoxys|78/100|[from] item: Life Orb
|
|upkeep
|turn|10
|
|t:|1743780483
|move|p1a: Deoxys|Thunderbolt|p2a: Incineroar
|-damage|p2a: Incineroar|0 fnt
|faint|p2a: Incineroar
|-damage|p1a: Deoxys|68/100|[from] item: Life Orb
|
|upkeep
|
|t:|1743780493
|switch|p2a: Pelipper|Pelipper, M|100/100
|-weather|RainDance|[from] ability: Drizzle|[of] p2a: Pelipper
|turn|11
|
|t:|1743780498
|switch|p2a: Clodsire|Clodsire, M|88/100
|move|p1a: Deoxys|Thunderbolt|p2a: Clodsire
|-immune|p2a: Clodsire
|
|-weather|RainDance|[upkeep]
|-heal|p2a: Clodsire|94/100|[from] item: Leftovers
|upkeep
|turn|12
|
|t:|1743780506
|move|p1a: Deoxys|Psycho Boost|p2a: Clodsire|[miss]
|-miss|p1a: Deoxys|p2a: Clodsire
|move|p2a: Clodsire|Toxic|p1a: Deoxys
|-status|p1a: Deoxys|tox
|
|-weather|RainDance|[upkeep]
|-heal|p2a: Clodsire|100/100|[from] item: Leftovers
|-damage|p1a: Deoxys|62/100 tox|[from] psn
|upkeep
|turn|13
|
|t:|1743780523
|move|p1a: Deoxys|Psycho Boost|p2a: Clodsire
|-supereffective|p2a: Clodsire
|-damage|p2a: Clodsire|15/100
|-unboost|p1a: Deoxys|spa|2
|-damage|p1a: Deoxys|52/100 tox|[from] item: Life Orb
|move|p2a: Clodsire|Earthquake|p1a: Deoxys
|-damage|p1a: Deoxys|8/100 tox
|
|-weather|RainDance|[upkeep]
|-heal|p2a: Clodsire|21/100|[from] item: Leftovers
|-damage|p1a: Deoxys|0 fnt|[from] psn
|faint|p1a: Deoxys
|upkeep
|
|t:|1743780545
|switch|p1a: Weavile|Weavile, M, shiny|15/100
|-damage|p1a: Weavile|0 fnt|[from] Stealth Rock
|faint|p1a: Weavile
|
|t:|1743780548
|switch|p1a: Dragonite|Dragonite, F, shiny|100/100
|-damage|p1a: Dragonite|76/100|[from] Stealth Rock
|turn|14
|
|t:|1743780554
|switch|p2a: Corviknight|Corviknight, M, shiny|91/100
|-ability|p2a: Corviknight|Pressure
|-terastallize|p1a: Dragonite|Normal
|move|p1a: Dragonite|Extreme Speed|p2a: Corviknight
|-resisted|p2a: Corviknight
|-crit|p2a: Corviknight
|-damage|p2a: Corviknight|62/100
|-damage|p1a: Dragonite|59/100|[from] item: Rocky Helmet|[of] p2a: Corviknight
|
|-weather|RainDance|[upkeep]
|upkeep
|turn|15
|
|t:|1743780566
|move|p1a: Dragonite|Extreme Speed|p2a: Corviknight
|-resisted|p2a: Corviknight
|-damage|p2a: Corviknight|41/100
|-damage|p1a: Dragonite|43/100|[from] item: Rocky Helmet|[of] p2a: Corviknight
|move|p2a: Corviknight|Roost|p2a: Corviknight
|-heal|p2a: Corviknight|91/100
|-singleturn|p2a: Corviknight|move: Roost
|
|-weather|RainDance|[upkeep]
|upkeep
|turn|16
|
|t:|1743780571
|move|p1a: Dragonite|Extreme Speed|p2a: Corviknight
|-resisted|p2a: Corviknight
|-damage|p2a: Corviknight|69/100
|-damage|p1a: Dragonite|27/100|[from] item: Rocky Helmet|[of] p2a: Corviknight
|move|p2a: Corviknight|Body Press|p1a: Dragonite
|-supereffective|p1a: Dragonite
|-damage|p1a: Dragonite|0 fnt
|faint|p1a: Dragonite
|
|-weather|RainDance|[upkeep]
|upkeep
|
|t:|1743780578
|switch|p1a: Zamazenta|Zamazenta, shiny|94/100 brn
|-damage|p1a: Zamazenta|88/100 brn|[from] Stealth Rock
|turn|17
|
|t:|1743780582
|move|p1a: Zamazenta|Body Press|p2a: Corviknight
|-damage|p2a: Corviknight|59/100
|-damage|p1a: Zamazenta|72/100 brn|[from] item: Rocky Helmet|[of] p2a: Corviknight
|move|p2a: Corviknight|Body Press|p1a: Zamazenta
|-damage|p1a: Zamazenta|52/100 brn
|
|-weather|RainDance|[upkeep]
|-heal|p1a: Zamazenta|58/100 brn|[from] item: Leftovers
|-damage|p1a: Zamazenta|52/100 brn|[from] brn
|upkeep
|turn|18
|
|t:|1743780589
|move|p1a: Zamazenta|Iron Defense|p1a: Zamazenta
|-boost|p1a: Zamazenta|def|2
|move|p2a: Corviknight|Body Press|p1a: Zamazenta
|-damage|p1a: Zamazenta|42/100 brn
|
|-weather|none
|-heal|p1a: Zamazenta|48/100 brn|[from] item: Leftovers
|-damage|p1a: Zamazenta|42/100 brn|[from] brn
|upkeep
|turn|19
|
|t:|1743780592
|move|p1a: Zamazenta|Body Press|p2a: Corviknight
|-damage|p2a: Corviknight|41/100
|-damage|p1a: Zamazenta|26/100 brn|[from] item: Rocky Helmet|[of] p2a: Corviknight
|move|p2a: Corviknight|Roost|p2a: Corviknight
|-heal|p2a: Corviknight|91/100
|-singleturn|p2a: Corviknight|move: Roost
|
|-heal|p1a: Zamazenta|32/100 brn|[from] item: Leftovers
|-damage|p1a: Zamazenta|26/100 brn|[from] brn
|upkeep
|turn|20
|
|t:|1743780597
|move|p1a: Zamazenta|Crunch|p2a: Corviknight
|-damage|p2a: Corviknight|84/100
|-damage|p1a: Zamazenta|9/100 brn|[from] item: Rocky Helmet|[of] p2a: Corviknight
|move|p2a: Corviknight|Body Press|p1a: Zamazenta
|-damage|p1a: Zamazenta|0 fnt
|faint|p1a: Zamazenta
|
|win|yylz
|raw|WagwanWeed420's rating: 1101 &rarr; <strong>1079</strong><br />(-22 for losing)
|raw|yylz's rating: 1145 &rarr; <strong>1167</strong><br />(+22 for winning)
