|j|☆testskayo
|j|☆random tera ghost
|t:|1743851753
|gametype|singles
|player|p1|testskayo|2|1474
|player|p2|random tera ghost|169|1555
|teamsize|p1|6
|teamsize|p2|6
|gen|9
|tier|[Gen 9] OU
|rated|
|rule|HP Percentage Mod: HP is shown in percentages
|rule|Endless Battle Clause: Forcing endless battles is banned
|rule|Species Clause: Limit one of each Pokémon
|rule|OHKO Clause: OHKO moves are banned
|rule|Evasion Items Clause: Evasion items are banned
|rule|Evasion Moves Clause: Evasion moves are banned
|rule|Sleep Moves Clause: Sleep-inducing moves are banned
|clearpoke
|poke|p1|Samurott-Hisui, F|
|poke|p1|Rillaboom, F|
|poke|p1|Garchomp, F|
|poke|p1|Gholdengo|
|poke|p1|Slowking-Galar, M|
|poke|p1|Sceptile, F|
|poke|p2|Ninetales, F|
|poke|p2|Scovillain, M|
|poke|p2|Walking Wake|
|poke|p2|Hatterene, F|
|poke|p2|Great Tusk|
|poke|p2|Ceruledge, M|
|teampreview
|inactive|Battle timer is ON: inactive players will automatically lose when time's up. (requested by random tera ghost)
|j| Asphalt the pro
|
|t:|1743851775
|start
|switch|p1a: Slowking|Slowking-Galar, M|100/100
|switch|p2a: Ninetales|Ninetales, F|100/100
|-weather|SunnyDay|[from] ability: Drought|[of] p2a: Ninetales
|turn|1
|
|t:|1743851783
|move|p2a: Ninetales|Will-O-Wisp|p1a: Slowking|[miss]
|-miss|p2a: Ninetales|p1a: Slowking
|-prepare|p1a: Slowking|Chilly Reception|[premajor]
|move|p1a: Slowking|Chilly Reception|p1a: Slowking
|-weather|Snowscape
|
|t:|1743851811
|switch|p1a: Samurott|Samurott-Hisui, F|100/100|[from] Chilly Reception
|
|-weather|Snowscape|[upkeep]
|upkeep
|turn|2
|
|t:|1743851828
|switch|p2a: Hatterene|Hatterene, F|100/100
|move|p1a: Samurott|Ceaseless Edge|p2a: Hatterene|[miss]
|-miss|p1a: Samurott|p2a: Hatterene
|
|-weather|Snowscape|[upkeep]
|upkeep
|turn|3
|
|t:|1743851835
|switch|p1a: Slowking|Slowking-Galar, M|100/100
|switch|p2a: Don|Great Tusk|100/100
|
|-weather|Snowscape|[upkeep]
|upkeep
|turn|4
|
|t:|1743851841
|switch|p1a: Rillaboom|Rillaboom, F|100/100
|-fieldstart|move: Grassy Terrain|[from] ability: Grassy Surge|[of] p1a: Rillaboom
|move|p2a: Don|Ice Spinner|p1a: Rillaboom
|-supereffective|p1a: Rillaboom
|-damage|p1a: Rillaboom|41/100
|-fieldend|move: Grassy Terrain
|
|-weather|Snowscape|[upkeep]
|upkeep
|turn|5
|
|t:|1743851849
|-end|p2a: Don|Protosynthesis|[silent]
|switch|p2a: Ninetales|Ninetales, F|100/100
|-weather|SunnyDay|[from] ability: Drought|[of] p2a: Ninetales
|switch|p1a: Garchomp|Garchomp, F|100/100
|
|-weather|SunnyDay|[upkeep]
|upkeep
|turn|6
|
|t:|1743851854
|-terastallize|p2a: Ninetales|Flying
|move|p2a: Ninetales|Will-O-Wisp|p1a: Garchomp
|-status|p1a: Garchomp|brn
|move|p1a: Garchomp|Stealth Rock|p2a: Ninetales
|-sidestart|p2: random tera ghost|move: Stealth Rock
|
|-weather|SunnyDay|[upkeep]
|-damage|p1a: Garchomp|94/100 brn|[from] brn
|upkeep
|turn|7
|
|t:|1743851862
|switch|p2a: Don|Great Tusk|100/100
|-damage|p2a: Don|98/100|[from] Stealth Rock
|-activate|p2a: Don|ability: Protosynthesis
|-start|p2a: Don|protosynthesisatk
|move|p1a: Garchomp|Dragon Tail|p2a: Don|[miss]
|-miss|p1a: Garchomp|p2a: Don
|
|-weather|SunnyDay|[upkeep]
|-damage|p1a: Garchomp|88/100 brn|[from] brn
|upkeep
|turn|8
|
|t:|1743851868
|move|p1a: Garchomp|Protect|p1a: Garchomp
|-singleturn|p1a: Garchomp|Protect
|move|p2a: Don|Ice Spinner|p1a: Garchomp
|-activate|p1a: Garchomp|move: Protect
|
|-weather|SunnyDay|[upkeep]
|-damage|p1a: Garchomp|82/100 brn|[from] brn
|upkeep
|turn|9
|
|t:|1743851872
|move|p2a: Don|Rapid Spin|p1a: Garchomp
|-crit|p1a: Garchomp
|-damage|p1a: Garchomp|58/100 brn
|-boost|p2a: Don|spe|1
|-damage|p2a: Don|85/100|[from] ability: Rough Skin|[of] p1a: Garchomp
|-damage|p2a: Don|69/100|[from] item: Rocky Helmet|[of] p1a: Garchomp
|-sideend|p2: random tera ghost|Stealth Rock|[from] move: Rapid Spin|[of] p2a: Don
|move|p1a: Garchomp|Dragon Tail|p2a: Don
|-damage|p2a: Don|59/100
|-damage|p1a: Garchomp|41/100 brn|[from] item: Rocky Helmet|[of] p2a: Don
|-end|p2a: Don|Protosynthesis|[silent]
|drag|p2a: Ninetales|Ninetales, F, tera:Flying|100/100
|
|-weather|SunnyDay|[upkeep]
|-damage|p1a: Garchomp|35/100 brn|[from] brn
|upkeep
|turn|10
|
|t:|1743851879
|move|p2a: Ninetales|Encore|p1a: Garchomp
|-start|p1a: Garchomp|Encore
|move|p1a: Garchomp|Dragon Tail|p2a: Ninetales
|-damage|p2a: Ninetales|84/100
|drag|p2a: Walking Wake|Walking Wake|100/100
|-activate|p2a: Walking Wake|ability: Protosynthesis
|-start|p2a: Walking Wake|protosynthesisspa
|
|-weather|SunnyDay|[upkeep]
|-damage|p1a: Garchomp|29/100 brn|[from] brn
|upkeep
|turn|11
|
|t:|1743851884
|switch|p1a: Slowking|Slowking-Galar, M|100/100
|move|p2a: Walking Wake|Hydro Steam|p1a: Slowking
|-damage|p1a: Slowking|24/100
|
|-weather|SunnyDay|[upkeep]
|upkeep
|turn|12
|
|t:|1743851886
|move|p2a: Walking Wake|Hydro Steam|p1a: Slowking
|-damage|p1a: Slowking|0 fnt
|faint|p1a: Slowking
|
|-weather|none
|-end|p2a: Walking Wake|Protosynthesis
|upkeep
|
|t:|1743851889
|switch|p1a: Rillaboom|Rillaboom, F|41/100
|-fieldstart|move: Grassy Terrain|[from] ability: Grassy Surge|[of] p1a: Rillaboom
|turn|13
|
|t:|1743851893
|-end|p2a: Walking Wake|Protosynthesis|[silent]
|switch|p2a: Ninetales|Ninetales, F, tera:Flying|84/100
|-weather|SunnyDay|[from] ability: Drought|[of] p2a: Ninetales
|-terastallize|p1a: Rillaboom|Grass
|move|p1a: Rillaboom|Grassy Glide|p2a: Ninetales
|-resisted|p2a: Ninetales
|-damage|p2a: Ninetales|37/100
|
|-weather|SunnyDay|[upkeep]
|-heal|p1a: Rillaboom|47/100|[from] Grassy Terrain
|upkeep
|turn|14
|
|t:|1743851913
|switch|p2a: Hatterene|Hatterene, F|100/100
|move|p1a: Rillaboom|Grassy Glide|p2a: Hatterene
|-damage|p2a: Hatterene|30/100
|-enditem|p2a: Hatterene|Eject Button
|
|t:|1743851918
|switch|p2a: Scovillain|Scovillain, M, shiny|100/100
|
|-weather|SunnyDay|[upkeep]
|-heal|p1a: Rillaboom|53/100|[from] Grassy Terrain
|upkeep
|turn|15
|
|t:|1743851924
|switch|p1a: Garchomp|Garchomp, F|29/100 brn
|move|p2a: Scovillain|Growth|p2a: Scovillain
|-boost|p2a: Scovillain|atk|2
|-boost|p2a: Scovillain|spa|2
|
|-weather|SunnyDay|[upkeep]
|-heal|p1a: Garchomp|35/100 brn|[from] Grassy Terrain
|-damage|p1a: Garchomp|29/100 brn|[from] brn
|upkeep
|turn|16
|
|t:|1743851930
|move|p1a: Garchomp|Protect|p1a: Garchomp
|-singleturn|p1a: Garchomp|Protect
|move|p2a: Scovillain|Solar Beam||[still]
|-prepare|p2a: Scovillain|Solar Beam
|-anim|p2a: Scovillain|Solar Beam|p1a: Garchomp
|-activate|p1a: Garchomp|move: Protect
|
|-weather|SunnyDay|[upkeep]
|-heal|p1a: Garchomp|35/100 brn|[from] Grassy Terrain
|-damage|p1a: Garchomp|29/100 brn|[from] brn
|upkeep
|turn|17
|
|t:|1743851933
|move|p2a: Scovillain|Solar Beam||[still]
|-prepare|p2a: Scovillain|Solar Beam
|-anim|p2a: Scovillain|Solar Beam|p1a: Garchomp
|-damage|p1a: Garchomp|0 fnt
|faint|p1a: Garchomp
|-damage|p2a: Scovillain|91/100|[from] item: Life Orb
|
|-weather|SunnyDay|[upkeep]
|-heal|p2a: Scovillain|96/100|[from] Grassy Terrain
|-fieldend|move: Grassy Terrain
|upkeep
|
|t:|1743851944
|switch|p1a: Rillaboom|Rillaboom, F, tera:Grass|53/100
|-fieldstart|move: Grassy Terrain|[from] ability: Grassy Surge|[of] p1a: Rillaboom
|turn|18
|
|t:|1743851947
|move|p1a: Rillaboom|Grassy Glide|p2a: Scovillain
|-resisted|p2a: Scovillain
|-damage|p2a: Scovillain|59/100
|move|p2a: Scovillain|Flamethrower|p1a: Rillaboom
|-supereffective|p1a: Rillaboom
|-damage|p1a: Rillaboom|0 fnt
|faint|p1a: Rillaboom
|-damage|p2a: Scovillain|49/100|[from] item: Life Orb
|
|-weather|SunnyDay|[upkeep]
|-heal|p2a: Scovillain|55/100|[from] Grassy Terrain
|upkeep
|
|t:|1743851956
|switch|p1a: Sceptile|Sceptile, F|100/100
|-enditem|p1a: Sceptile|Grassy Seed
|-boost|p1a: Sceptile|def|1|[from] item: Grassy Seed
|turn|19
|
|t:|1743851968
|move|p1a: Sceptile|Acrobatics|p2a: Scovillain
|-supereffective|p2a: Scovillain
|-damage|p2a: Scovillain|0 fnt
|faint|p2a: Scovillain
|
|-weather|SunnyDay|[upkeep]
|upkeep
|
|t:|1743851981
|switch|p2a: Ceruledge|Ceruledge, M|100/100
|turn|20
|
|t:|1743851994
|move|p1a: Sceptile|Crunch|p2a: Ceruledge
|-supereffective|p2a: Ceruledge
|-damage|p2a: Ceruledge|37/100
|-ability|p2a: Ceruledge|Weak Armor|boost
|-unboost|p2a: Ceruledge|def|1
|-boost|p2a: Ceruledge|spe|2
|move|p2a: Ceruledge|Bitter Blade|p1a: Sceptile
|-supereffective|p1a: Sceptile
|-damage|p1a: Sceptile|0 fnt
|-heal|p2a: Ceruledge|85/100|[from] drain|[of] p1a: Sceptile
|faint|p1a: Sceptile
|
|-weather|none
|-heal|p2a: Ceruledge|91/100|[from] Grassy Terrain
|upkeep
|
|t:|1743852000
|switch|p1a: Samurott|Samurott-Hisui, F|100/100
|turn|21
|
|t:|1743852003
|switch|p2a: Ninetales|Ninetales, F, tera:Flying|37/100
|-weather|SunnyDay|[from] ability: Drought|[of] p2a: Ninetales
|move|p1a: Samurott|Ceaseless Edge|p2a: Ninetales
|-damage|p2a: Ninetales|0 fnt
|-sidestart|p2: random tera ghost|Spikes
|faint|p2a: Ninetales
|
|-weather|SunnyDay|[upkeep]
|upkeep
|
|t:|1743852008
|switch|p2a: Don|Great Tusk|59/100
|-damage|p2a: Don|47/100|[from] Spikes
|-activate|p2a: Don|ability: Protosynthesis
|-start|p2a: Don|protosynthesisatk
|turn|22
|
|t:|1743852026
|move|p2a: Don|Rapid Spin|p1a: Samurott
|-damage|p1a: Samurott|71/100
|-boost|p2a: Don|spe|1
|-sideend|p2: random tera ghost|Spikes|[from] move: Rapid Spin|[of] p2a: Don
|move|p1a: Samurott|Razor Shell|p2a: Don
|-supereffective|p2a: Don
|-damage|p2a: Don|6/100
|-damage|p1a: Samurott|54/100|[from] item: Rocky Helmet|[of] p2a: Don
|
|-weather|SunnyDay|[upkeep]
|-heal|p2a: Don|13/100|[from] Grassy Terrain
|-heal|p1a: Samurott|60/100|[from] Grassy Terrain
|-heal|p1a: Samurott|66/100|[from] item: Leftovers
|-fieldend|move: Grassy Terrain
|upkeep
|turn|23
|
|t:|1743852037
|move|p1a: Samurott|Sucker Punch|p2a: Don
|-resisted|p2a: Don
|-damage|p2a: Don|0 fnt
|-damage|p1a: Samurott|50/100|[from] item: Rocky Helmet|[of] p2a: Don
|faint|p2a: Don
|-end|p2a: Don|Protosynthesis|[silent]
|
|-weather|SunnyDay|[upkeep]
|-heal|p1a: Samurott|56/100|[from] item: Leftovers
|upkeep
|
|t:|1743852044
|switch|p2a: Walking Wake|Walking Wake|100/100
|-activate|p2a: Walking Wake|ability: Protosynthesis
|-start|p2a: Walking Wake|protosynthesisspa
|turn|24
|
|t:|1743852048
|move|p1a: Samurott|Sucker Punch|p2a: Walking Wake
|-damage|p2a: Walking Wake|65/100
|move|p2a: Walking Wake|Hydro Steam|p1a: Samurott
|-resisted|p1a: Samurott
|-damage|p1a: Samurott|0 fnt
|faint|p1a: Samurott
|
|-weather|SunnyDay|[upkeep]
|upkeep
|
|t:|1743852051
|switch|p1a: Gholdengo|Gholdengo|100/100
|turn|25
|
|t:|1743852054
|move|p1a: Gholdengo|Shadow Ball|p2a: Walking Wake
|-damage|p2a: Walking Wake|17/100
|move|p2a: Walking Wake|Hydro Steam|p1a: Gholdengo
|-damage|p1a: Gholdengo|0 fnt
|faint|p1a: Gholdengo
|
|win|random tera ghost
|raw|testskayo's rating: 1474 &rarr; <strong>1459</strong><br />(-15 for losing)
|raw|random tera ghost's rating: 1555 &rarr; <strong>1570</strong><br />(+15 for winning)
|l|☆random tera ghost
|player|p2|
|l|☆testskayo
|player|p1|
