|j|☆deathprofessor21
|j|☆Agent Killua
|t:|1743783487
|gametype|singles
|player|p1|deathprofessor21|170|1414
|player|p2|Agent Killua|miku-ground|1399
|teamsize|p1|6
|teamsize|p2|6
|gen|9
|tier|[Gen 9] OU
|rated|
|rule|HP Percentage Mod: HP is shown in percentages
|rule|Endless Battle Clause: Forcing endless battles is banned
|rule|Species Clause: Limit one of each Pokémon
|rule|OHKO Clause: OHKO moves are banned
|rule|Evasion Items Clause: Evasion items are banned
|rule|Evasion Moves Clause: Evasion moves are banned
|rule|Sleep Moves Clause: Sleep-inducing moves are banned
|clearpoke
|poke|p1|Hoopa-Unbound|
|poke|p1|Corviknight, F|
|poke|p1|Ting-Lu|
|poke|p1|Iron Moth|
|poke|p1|Raging Bolt|
|poke|p1|Rotom-Wash|
|poke|p2|Porygon-Z|
|poke|p2|Araquanid, M|
|poke|p2|Gholdengo|
|poke|p2|Great Tusk|
|poke|p2|Deoxys-Speed|
|poke|p2|Kyurem|
|teampreview
|inactive|Battle timer is ON: inactive players will automatically lose when time's up. (requested by deathprofessor21)
|
|t:|1743783507
|start
|switch|p1a: Ting-Lu|Ting-Lu|100/100
|switch|p2a: Droplet|Araquanid, M|100/100
|-ability|p1a: Ting-Lu|Vessel of Ruin
|turn|1
|
|t:|1743783515
|move|p2a: Droplet|Liquidation|p1a: Ting-Lu
|-supereffective|p1a: Ting-Lu
|-damage|p1a: Ting-Lu|56/100
|move|p1a: Ting-Lu|Ruination|p2a: Droplet
|-damage|p2a: Droplet|50/100
|
|-heal|p1a: Ting-Lu|62/100|[from] item: Leftovers
|upkeep
|turn|2
|
|t:|1743783522
|move|p2a: Droplet|Sticky Web|p1a: Ting-Lu
|-sidestart|p1: deathprofessor21|move: Sticky Web
|move|p1a: Ting-Lu|Spikes|p2a: Droplet
|-sidestart|p2: Agent Killua|Spikes
|
|-heal|p1a: Ting-Lu|68/100|[from] item: Leftovers
|upkeep
|turn|3
|
|t:|1743783526
|move|p2a: Droplet|Liquidation|p1a: Ting-Lu
|-supereffective|p1a: Ting-Lu
|-damage|p1a: Ting-Lu|25/100
|move|p1a: Ting-Lu|Whirlwind|p2a: Droplet
|drag|p2a: Jo|Gholdengo|100/100
|-item|p2a: Jo|Air Balloon
|
|-heal|p1a: Ting-Lu|31/100|[from] item: Leftovers
|upkeep
|turn|4
|
|t:|1743783537
|switch|p1a: Rotom|Rotom-Wash|100/100
|move|p2a: Jo|Dazzling Gleam|p1a: Rotom
|-damage|p1a: Rotom|67/100
|
|-heal|p1a: Rotom|73/100|[from] item: Leftovers
|upkeep
|turn|5
|
|t:|1743783545
|move|p1a: Rotom|Nasty Plot|p1a: Rotom
|-boost|p1a: Rotom|spa|2
|move|p2a: Jo|Nasty Plot|p2a: Jo
|-boost|p2a: Jo|spa|2
|
|-heal|p1a: Rotom|79/100|[from] item: Leftovers
|upkeep
|turn|6
|
|t:|1743783549
|move|p1a: Rotom|Hydro Pump|p2a: Jo
|-damage|p2a: Jo|7/100
|-enditem|p2a: Jo|Air Balloon
|move|p2a: Jo|Shadow Ball|p1a: Rotom
|-damage|p1a: Rotom|0 fnt
|faint|p1a: Rotom
|
|upkeep
|
|t:|1743783573
|switch|p1a: Hoopa|Hoopa-Unbound|100/100
|-activate|p1a: Hoopa|move: Sticky Web
|-unboost|p1a: Hoopa|spe|1
|turn|7
|
|t:|1743783580
|move|p2a: Jo|Dazzling Gleam|p1a: Hoopa
|-supereffective|p1a: Hoopa
|-crit|p1a: Hoopa
|-damage|p1a: Hoopa|35/100
|move|p1a: Hoopa|Knock Off|p2a: Jo
|-supereffective|p2a: Jo
|-damage|p2a: Jo|0 fnt
|faint|p2a: Jo
|
|upkeep
|
|t:|1743783593
|switch|p2a: Spin4Eva|Great Tusk|100/100
|-damage|p2a: Spin4Eva|88/100|[from] Spikes
|-enditem|p2a: Spin4Eva|Booster Energy
|-activate|p2a: Spin4Eva|ability: Protosynthesis|[fromitem]
|-start|p2a: Spin4Eva|protosynthesisatk
|turn|8
|
|t:|1743783598
|move|p2a: Spin4Eva|Headlong Rush|p1a: Hoopa
|-damage|p1a: Hoopa|0 fnt
|-unboost|p2a: Spin4Eva|def|1
|-unboost|p2a: Spin4Eva|spd|1
|faint|p1a: Hoopa
|
|upkeep
|
|t:|1743783608
|switch|p1a: Corviknight|Corviknight, F|100/100
|turn|9
|
|t:|1743783612
|move|p2a: Spin4Eva|Temper Flare|p1a: Corviknight
|-supereffective|p1a: Corviknight
|-damage|p1a: Corviknight|43/100
|move|p1a: Corviknight|Bulk Up|p1a: Corviknight
|-boost|p1a: Corviknight|atk|1
|-boost|p1a: Corviknight|def|1
|
|-heal|p1a: Corviknight|49/100|[from] item: Leftovers
|upkeep
|turn|10
|
|t:|1743783622
|move|p2a: Spin4Eva|Knock Off|p1a: Corviknight
|-crit|p1a: Corviknight
|-damage|p1a: Corviknight|0 fnt
|-enditem|p1a: Corviknight|Leftovers|[from] move: Knock Off|[of] p2a: Spin4Eva
|faint|p1a: Corviknight
|
|upkeep
|
|t:|1743783639
|switch|p1a: Raging Bolt|Raging Bolt|100/100
|-activate|p1a: Raging Bolt|move: Sticky Web
|-unboost|p1a: Raging Bolt|spe|1
|turn|11
|
|t:|1743783653
|-terastallize|p1a: Raging Bolt|Flying
|move|p2a: Spin4Eva|Headlong Rush|p1a: Raging Bolt
|-immune|p1a: Raging Bolt
|move|p1a: Raging Bolt|Tera Blast|p2a: Spin4Eva|[anim] Tera Blast Flying
|-supereffective|p2a: Spin4Eva
|-damage|p2a: Spin4Eva|0 fnt
|faint|p2a: Spin4Eva
|-end|p2a: Spin4Eva|Protosynthesis|[silent]
|
|upkeep
|
|t:|1743783663
|switch|p2a: Quantum Field|Porygon-Z|100/100
|-damage|p2a: Quantum Field|88/100|[from] Spikes
|-ability|p2a: Quantum Field|Download|boost
|-boost|p2a: Quantum Field|spa|1
|turn|12
|
|t:|1743783669
|-end|p1a: Raging Bolt|Protosynthesis|[silent]
|switch|p1a: Ting-Lu|Ting-Lu|31/100
|-activate|p1a: Ting-Lu|move: Sticky Web
|-unboost|p1a: Ting-Lu|spe|1
|-ability|p1a: Ting-Lu|Vessel of Ruin
|move|p2a: Quantum Field|Ice Beam|p1a: Ting-Lu
|-supereffective|p1a: Ting-Lu
|-damage|p1a: Ting-Lu|0 fnt
|faint|p1a: Ting-Lu
|
|upkeep
|
|t:|1743783672
|switch|p1a: Iron Moth|Iron Moth|100/100
|-activate|p1a: Iron Moth|move: Sticky Web
|-unboost|p1a: Iron Moth|spe|1
|-enditem|p1a: Iron Moth|Booster Energy
|-activate|p1a: Iron Moth|ability: Quark Drive|[fromitem]
|-start|p1a: Iron Moth|quarkdrivespa
|turn|13
|
|t:|1743783677
|-terastallize|p2a: Quantum Field|Ground
|move|p2a: Quantum Field|Tera Blast|p1a: Iron Moth|[anim] Tera Blast Ground
|-supereffective|p1a: Iron Moth
|-damage|p1a: Iron Moth|0 fnt
|faint|p1a: Iron Moth
|-end|p1a: Iron Moth|Quark Drive|[silent]
|
|upkeep
|
|t:|1743783684
|switch|p1a: Raging Bolt|Raging Bolt, tera:Flying|100/100
|turn|14
|
|t:|1743783688
|move|p2a: Quantum Field|Ice Beam|p1a: Raging Bolt
|-supereffective|p1a: Raging Bolt
|-damage|p1a: Raging Bolt|0 fnt
|faint|p1a: Raging Bolt
|-end|p1a: Raging Bolt|Protosynthesis|[silent]
|
|win|Agent Killua
|raw|deathprofessor21's rating: 1414 &rarr; <strong>1393</strong><br />(-21 for losing)
|raw|Agent Killua's rating: 1399 &rarr; <strong>1420</strong><br />(+21 for winning)
|l|☆Agent Killua
|player|p2|
