|j|☆goat3000
|j|☆AbyssalWerksHATER
|t:|1743861664
|gametype|singles
|player|p1|goat3000|101|1233
|player|p2|AbyssalWerksHATER|giovanni|1273
|teamsize|p1|6
|teamsize|p2|6
|gen|9
|tier|[Gen 9] OU
|rated|
|rule|HP Percentage Mod: HP is shown in percentages
|rule|Endless Battle Clause: Forcing endless battles is banned
|rule|Species Clause: Limit one of each Pokémon
|rule|OHKO Clause: OHKO moves are banned
|rule|Evasion Items Clause: Evasion items are banned
|rule|Evasion Moves Clause: Evasion moves are banned
|rule|Sleep Moves Clause: Sleep-inducing moves are banned
|clearpoke
|poke|p1|Garganacl, F|
|poke|p1|Skeledirge, F|
|poke|p1|Dragapult, F|
|poke|p1|Thundurus, M|
|poke|p1|Samurott-Hisui, M|
|poke|p1|Skarmory, F|
|poke|p2|Ting-Lu|
|poke|p2|Enamorus, F|
|poke|p2|Glimmora, F|
|poke|p2|Kingambit, F|
|poke|p2|Gliscor, F|
|poke|p2|Raging Bolt|
|teampreview
|inactive|Battle timer is ON: inactive players will automatically lose when time's up. (requested by AbyssalWerksHATER)
|
|t:|1743861673
|start
|switch|p1a: Samurott|Samurott-Hisui, M, shiny|100/100
|switch|p2a: Glimmora|Glimmora, F|100/100
|turn|1
|
|t:|1743861681
|move|p2a: Glimmora|Meteor Beam||[still]
|-prepare|p2a: Glimmora|Meteor Beam
|-boost|p2a: Glimmora|spa|1
|-enditem|p2a: Glimmora|Power Herb
|-anim|p2a: Glimmora|Meteor Beam|p1a: Samurott
|-damage|p1a: Samurott|0 fnt
|faint|p1a: Samurott
|
|upkeep
|
|t:|1743861694
|switch|p1a: Garganacl|Garganacl, F|100/100
|turn|2
|
|t:|1743861696
|move|p2a: Glimmora|Earth Power|p1a: Garganacl
|-supereffective|p1a: Garganacl
|-damage|p1a: Garganacl|6/100
|move|p1a: Garganacl|Salt Cure|p2a: Glimmora
|-damage|p2a: Glimmora|85/100
|-start|p2a: Glimmora|Salt Cure
|-activate|p2a: Glimmora|ability: Toxic Debris
|-sidestart|p1: goat3000|move: Toxic Spikes
|
|-heal|p1a: Garganacl|13/100|[from] item: Leftovers
|-damage|p2a: Glimmora|72/100|[from] Salt Cure
|upkeep
|turn|3
|
|t:|1743861703
|move|p1a: Garganacl|Protect|p1a: Garganacl
|-singleturn|p1a: Garganacl|Protect
|move|p2a: Glimmora|Power Gem|p1a: Garganacl
|-activate|p1a: Garganacl|move: Protect
|
|-heal|p1a: Garganacl|19/100|[from] item: Leftovers
|-damage|p2a: Glimmora|60/100|[from] Salt Cure
|upkeep
|turn|4
|
|t:|1743861710
|switch|p1a: Skarmory|Skarmory, F, shiny|100/100
|move|p2a: Glimmora|Power Gem|p1a: Skarmory
|-damage|p1a: Skarmory|33/100
|
|-damage|p2a: Glimmora|47/100|[from] Salt Cure
|upkeep
|turn|5
|
|t:|1743861719
|move|p2a: Glimmora|Power Gem|p1a: Skarmory
|-damage|p1a: Skarmory|0 fnt
|faint|p1a: Skarmory
|
|-damage|p2a: Glimmora|35/100|[from] Salt Cure
|upkeep
|
|t:|1743861725
|switch|p1a: Thundurus|Thundurus, M|100/100
|turn|6
|
|t:|1743861730
|move|p1a: Thundurus|Thunderbolt|p2a: Glimmora
|-damage|p2a: Glimmora|0 fnt
|faint|p2a: Glimmora
|
|upkeep
|
|t:|1743861736
|switch|p2a: Raging Bolt|Raging Bolt|100/100
|-enditem|p2a: Raging Bolt|Booster Energy
|-activate|p2a: Raging Bolt|ability: Protosynthesis|[fromitem]
|-start|p2a: Raging Bolt|protosynthesisspa
|turn|7
|
|t:|1743861745
|move|p1a: Thundurus|Nasty Plot|p1a: Thundurus
|-boost|p1a: Thundurus|spa|2
|move|p2a: Raging Bolt|Calm Mind|p2a: Raging Bolt
|-boost|p2a: Raging Bolt|spa|1
|-boost|p2a: Raging Bolt|spd|1
|
|upkeep
|turn|8
|
|t:|1743861750
|move|p1a: Thundurus|Tera Blast|p2a: Raging Bolt
|-damage|p2a: Raging Bolt|71/100
|move|p2a: Raging Bolt|Thunderbolt|p1a: Thundurus
|-damage|p1a: Thundurus|0 fnt
|faint|p1a: Thundurus
|
|upkeep
|
|t:|1743861756
|switch|p1a: Skeledirge|Skeledirge, F|100/100
|-status|p1a: Skeledirge|psn
|turn|9
|
|t:|1743861759
|move|p2a: Raging Bolt|Thunderbolt|p1a: Skeledirge
|-damage|p1a: Skeledirge|54/100 psn
|move|p1a: Skeledirge|Torch Song|p2a: Raging Bolt
|-resisted|p2a: Raging Bolt
|-damage|p2a: Raging Bolt|58/100
|-boost|p1a: Skeledirge|spa|1
|
|-heal|p1a: Skeledirge|60/100 psn|[from] item: Leftovers
|-damage|p1a: Skeledirge|47/100 psn|[from] psn
|upkeep
|turn|10
|
|t:|1743861767
|move|p2a: Raging Bolt|Thunderbolt|p1a: Skeledirge
|-damage|p1a: Skeledirge|0 fnt
|faint|p1a: Skeledirge
|
|upkeep
|
|t:|1743861771
|switch|p1a: Dragapult|Dragapult, F, shiny|100/100
|-status|p1a: Dragapult|psn
|turn|11
|
|t:|1743861773
|move|p2a: Raging Bolt|Thunderclap|p1a: Dragapult
|-resisted|p1a: Dragapult
|-damage|p1a: Dragapult|46/100 psn
|move|p1a: Dragapult|Dragon Darts|p2a: Raging Bolt
|-supereffective|p2a: Raging Bolt
|-damage|p2a: Raging Bolt|0 fnt
|faint|p2a: Raging Bolt
|-end|p2a: Raging Bolt|Protosynthesis|[silent]
|-damage|p1a: Dragapult|36/100 psn|[from] item: Life Orb
|
|-damage|p1a: Dragapult|24/100 psn|[from] psn
|upkeep
|
|t:|1743861778
|switch|p2a: Enamorus|Enamorus, F|100/100
|turn|12
|
|t:|1743861785
|move|p1a: Dragapult|Sucker Punch|p2a: Enamorus
|-resisted|p2a: Enamorus
|-damage|p2a: Enamorus|73/100
|-damage|p1a: Dragapult|14/100 psn|[from] item: Life Orb
|move|p2a: Enamorus|Moonblast|p1a: Dragapult
|-supereffective|p1a: Dragapult
|-damage|p1a: Dragapult|0 fnt
|faint|p1a: Dragapult
|
|upkeep
|
|t:|1743861791
|switch|p1a: Garganacl|Garganacl, F|19/100
|turn|13
|
|t:|1743861794
|move|p2a: Enamorus|Moonblast|p1a: Garganacl
|-damage|p1a: Garganacl|0 fnt
|faint|p1a: Garganacl
|
|win|AbyssalWerksHATER
|raw|goat3000's rating: 1233 &rarr; <strong>1211</strong><br />(-22 for losing)
|raw|AbyssalWerksHATER's rating: 1273 &rarr; <strong>1295</strong><br />(+22 for winning)
