|j|☆ChrisSweeps
|j|☆Tando-Lee
|t:|1743818631
|gametype|singles
|player|p1|ChrisSweeps|veteran|1368
|player|p2|Tando-Lee|miku-fire|1309
|teamsize|p1|6
|teamsize|p2|6
|gen|9
|tier|[Gen 9] OU
|rated|
|rule|HP Percentage Mod: HP is shown in percentages
|rule|Endless Battle Clause: Forcing endless battles is banned
|rule|Species Clause: Limit one of each Pokémon
|rule|OHKO Clause: OHKO moves are banned
|rule|Evasion Items Clause: Evasion items are banned
|rule|Evasion Moves Clause: Evasion moves are banned
|rule|Sleep Moves Clause: Sleep-inducing moves are banned
|clearpoke
|poke|p1|Blaziken, M|
|poke|p1|Dragapult, M|
|poke|p1|Dragonite, M|
|poke|p1|Great Tusk|
|poke|p1|Raging Bolt|
|poke|p1|Glimmora, M|
|poke|p2|Weavile, F|
|poke|p2|Pecharunt|
|poke|p2|Ting-Lu|
|poke|p2|Tinkaton, F|
|poke|p2|Keldeo-Resolute|
|poke|p2|Dragonite, F|
|teampreview
|inactive|Battle timer is ON: inactive players will automatically lose when time's up. (requested by ChrisSweeps)
|inactive|ChrisSweeps has 120 seconds left.
|
|t:|1743818670
|start
|switch|p1a: Glimmora|Glimmora, M|100/100
|switch|p2a: Ting-Lu|Ting-Lu|100/100
|-ability|p2a: Ting-Lu|Vessel of Ruin
|turn|1
|
|t:|1743818677
|move|p1a: Glimmora|Mortal Spin|p2a: Ting-Lu
|-resisted|p2a: Ting-Lu
|-crit|p2a: Ting-Lu
|-damage|p2a: Ting-Lu|98/100
|-status|p2a: Ting-Lu|psn
|-damage|p1a: Glimmora|84/100|[from] item: Rocky Helmet|[of] p2a: Ting-Lu
|move|p2a: Ting-Lu|Spikes|p1a: Glimmora
|-sidestart|p1: ChrisSweeps|Spikes
|
|-damage|p2a: Ting-Lu|86/100 psn|[from] psn
|upkeep
|turn|2
|
|t:|1743818689
|move|p1a: Glimmora|Stealth Rock|p2a: Ting-Lu
|-sidestart|p2: Tando-Lee|move: Stealth Rock
|move|p2a: Ting-Lu|Earthquake|p1a: Glimmora
|-supereffective|p1a: Glimmora
|-damage|p1a: Glimmora|0 fnt
|-activate|p1a: Glimmora|ability: Toxic Debris
|-sidestart|p2: Tando-Lee|move: Toxic Spikes
|faint|p1a: Glimmora
|
|-damage|p2a: Ting-Lu|73/100 psn|[from] psn
|upkeep
|
|t:|1743818700
|switch|p1a: Great Tusk|Great Tusk|100/100
|turn|3
|
|t:|1743818707
|switch|p2a: Pecharunt|Pecharunt|100/100
|-sideend|p2: Tando-Lee|move: Toxic Spikes|[of] p2a: Pecharunt
|move|p1a: Great Tusk|Headlong Rush|p2a: Pecharunt
|-supereffective|p2a: Pecharunt
|-damage|p2a: Pecharunt|44/100
|-unboost|p1a: Great Tusk|def|1
|-unboost|p1a: Great Tusk|spd|1
|
|upkeep
|turn|4
|c|☆ChrisSweeps|read
|inactive|ChrisSweeps has 120 seconds left.
|inactive|Tando-Lee has 120 seconds left.
|c|☆ChrisSweeps|now i’m ur head
|c|☆Tando-Lee|i mean its the safest midground for you
|c|☆Tando-Lee|i just needed tspieks gone
|c|☆ChrisSweeps|i could’ve went cc
|c|☆ChrisSweeps|or rapid
|
|t:|1743818758
|switch|p2a: Keldeo|Keldeo-Resolute|100/100
|move|p1a: Great Tusk|Headlong Rush|p2a: Keldeo
|-damage|p2a: Keldeo|22/100
|-unboost|p1a: Great Tusk|def|1
|-unboost|p1a: Great Tusk|spd|1
|
|upkeep
|turn|5
|inactive|ChrisSweeps has 90 seconds left.
|
|t:|1743818786
|-end|p1a: Great Tusk|Protosynthesis|[silent]
|switch|p1a: Dragapult|Dragapult, M|100/100
|move|p2a: Keldeo|Flip Turn|p1a: Dragapult
|-resisted|p1a: Dragapult
|-damage|p1a: Dragapult|91/100
|
|t:|1743818797
|switch|p2a: Tinkaton|Tinkaton, F|100/100|[from] Flip Turn
|-damage|p2a: Tinkaton|94/100|[from] Stealth Rock
|-item|p2a: Tinkaton|Air Balloon
|
|upkeep
|turn|6
|
|t:|1743818805
|move|p1a: Dragapult|Will-O-Wisp|p2a: Tinkaton
|-status|p2a: Tinkaton|brn
|move|p2a: Tinkaton|Stealth Rock|p1a: Dragapult
|-sidestart|p1: ChrisSweeps|move: Stealth Rock
|
|-damage|p2a: Tinkaton|88/100 brn|[from] brn
|upkeep
|turn|7
|inactive|Tando-Lee has 120 seconds left.
|
|t:|1743818815
|switch|p2a: Keldeo|Keldeo-Resolute|22/100
|move|p1a: Dragapult|Shadow Ball|p2a: Keldeo
|-damage|p2a: Keldeo|0 fnt
|faint|p2a: Keldeo
|
|upkeep
|
|t:|1743818819
|switch|p2a: Dragonite|Dragonite, F|100/100
|turn|8
|inactive|Tando-Lee has 120 seconds left.
|
|t:|1743818836
|move|p1a: Dragapult|Will-O-Wisp|p2a: Dragonite
|-status|p2a: Dragonite|brn
|move|p2a: Dragonite|Hurricane|p1a: Dragapult
|-damage|p1a: Dragapult|35/100
|
|-damage|p2a: Dragonite|94/100 brn|[from] brn
|upkeep
|turn|9
|inactive|Tando-Lee has 120 seconds left.
|c|☆ChrisSweeps|ggs
|
|t:|1743818846
|move|p1a: Dragapult|Draco Meteor|p2a: Dragonite
|-supereffective|p2a: Dragonite
|-damage|p2a: Dragonite|0 fnt
|-unboost|p1a: Dragapult|spa|2
|faint|p2a: Dragonite
|
|upkeep
|
|t:|1743818849
|switch|p2a: Weavile|Weavile, F|100/100
|-ability|p2a: Weavile|Pressure
|turn|10
|inactive|ChrisSweeps has 120 seconds left.
|
|t:|1743818856
|move|p1a: Dragapult|U-turn|p2a: Weavile
|-supereffective|p2a: Weavile
|-damage|p2a: Weavile|37/100
|inactive|ChrisSweeps has 120 seconds left.
|
|t:|1743818868
|switch|p1a: Blaziken|Blaziken, M, shiny|100/100|[from] U-turn
|-damage|p1a: Blaziken|88/100|[from] Spikes
|-damage|p1a: Blaziken|76/100|[from] Stealth Rock
|move|p2a: Weavile|Swords Dance|p2a: Weavile
|-boost|p2a: Weavile|atk|2
|
|-heal|p1a: Blaziken|82/100|[from] item: Leftovers
|upkeep
|turn|11
|inactive|ChrisSweeps has 120 seconds left.
|
|t:|1743818881
|move|p1a: Blaziken|Protect|p1a: Blaziken
|-singleturn|p1a: Blaziken|Protect
|move|p2a: Weavile|Triple Axel|p1a: Blaziken
|-activate|p1a: Blaziken|move: Protect
|
|-heal|p1a: Blaziken|88/100|[from] item: Leftovers
|-ability|p1a: Blaziken|Speed Boost|boost
|-boost|p1a: Blaziken|spe|1
|upkeep
|turn|12
|inactive|ChrisSweeps has 120 seconds left.
|inactive|Tando-Lee has 120 seconds left.
|
|t:|1743818909
|move|p2a: Weavile|Ice Shard|p1a: Blaziken
|-resisted|p1a: Blaziken
|-damage|p1a: Blaziken|60/100
|move|p1a: Blaziken|Flare Blitz|p2a: Weavile
|-supereffective|p2a: Weavile
|-damage|p2a: Weavile|0 fnt
|faint|p2a: Weavile
|-damage|p1a: Blaziken|49/100|[from] Recoil
|
|-heal|p1a: Blaziken|55/100|[from] item: Leftovers
|-ability|p1a: Blaziken|Speed Boost|boost
|-boost|p1a: Blaziken|spe|1
|upkeep
|
|t:|1743818912
|switch|p2a: Pecharunt|Pecharunt|44/100
|turn|13
|inactive|ChrisSweeps has 120 seconds left.
|
|t:|1743818931
|-terastallize|p1a: Blaziken|Fire
|move|p1a: Blaziken|Flare Blitz|p2a: Pecharunt
|-damage|p2a: Pecharunt|2/100
|-status|p2a: Pecharunt|brn
|-damage|p1a: Blaziken|38/100|[from] Recoil
|move|p2a: Pecharunt|Recover|p2a: Pecharunt
|-heal|p2a: Pecharunt|52/100 brn
|
|-heal|p1a: Blaziken|44/100|[from] item: Leftovers
|-damage|p2a: Pecharunt|46/100 brn|[from] brn
|-ability|p1a: Blaziken|Speed Boost|boost
|-boost|p1a: Blaziken|spe|1
|upkeep
|turn|14
|inactive|ChrisSweeps has 120 seconds left.
|
|t:|1743818946
|move|p1a: Blaziken|Protect|p1a: Blaziken
|-singleturn|p1a: Blaziken|Protect
|move|p2a: Pecharunt|Recover|p2a: Pecharunt
|-heal|p2a: Pecharunt|96/100 brn
|
|-heal|p1a: Blaziken|50/100|[from] item: Leftovers
|-damage|p2a: Pecharunt|90/100 brn|[from] brn
|-ability|p1a: Blaziken|Speed Boost|boost
|-boost|p1a: Blaziken|spe|1
|upkeep
|turn|15
|
|t:|1743818957
|move|p1a: Blaziken|Swords Dance|p1a: Blaziken
|-boost|p1a: Blaziken|atk|2
|move|p2a: Pecharunt|Parting Shot|p1a: Blaziken
|-unboost|p1a: Blaziken|atk|1
|-unboost|p1a: Blaziken|spa|1
|
|t:|1743818959
|switch|p2a: Ting-Lu|Ting-Lu|73/100 psn|[from] Parting Shot
|-damage|p2a: Ting-Lu|67/100 psn|[from] Stealth Rock
|-ability|p2a: Ting-Lu|Vessel of Ruin
|
|-heal|p1a: Blaziken|56/100|[from] item: Leftovers
|-damage|p2a: Ting-Lu|55/100 psn|[from] psn
|-ability|p1a: Blaziken|Speed Boost|boost
|-boost|p1a: Blaziken|spe|1
|upkeep
|turn|16
|inactive|ChrisSweeps has 120 seconds left.
|
|t:|1743818974
|-terastallize|p2a: Ting-Lu|Water
|move|p1a: Blaziken|Close Combat|p2a: Ting-Lu
|-damage|p2a: Ting-Lu|9/100 psn
|-unboost|p1a: Blaziken|def|1
|-unboost|p1a: Blaziken|spd|1
|-damage|p1a: Blaziken|39/100|[from] item: Rocky Helmet|[of] p2a: Ting-Lu
|move|p2a: Ting-Lu|Earthquake|p1a: Blaziken
|-supereffective|p1a: Blaziken
|-damage|p1a: Blaziken|0 fnt
|faint|p1a: Blaziken
|
|-damage|p2a: Ting-Lu|0 fnt|[from] psn
|faint|p2a: Ting-Lu
|upkeep
|inactive|ChrisSweeps has 120 seconds left.
|
|t:|1743819007
|switch|p1a: Dragapult|Dragapult, M|35/100
|switch|p2a: Pecharunt|Pecharunt|90/100 brn
|turn|17
|
|t:|1743819013
|switch|p2a: Tinkaton|Tinkaton, F|88/100 brn
|-damage|p2a: Tinkaton|82/100 brn|[from] Stealth Rock
|-item|p2a: Tinkaton|Air Balloon
|move|p1a: Dragapult|Shadow Ball|p2a: Tinkaton
|-damage|p2a: Tinkaton|53/100 brn
|-enditem|p2a: Tinkaton|Air Balloon
|
|-damage|p2a: Tinkaton|47/100 brn|[from] brn
|upkeep
|turn|18
|
|t:|1743819027
|move|p1a: Dragapult|U-turn|p2a: Tinkaton
|-resisted|p2a: Tinkaton
|-damage|p2a: Tinkaton|42/100 brn
|-enditem|p1a: Dragapult|Heavy-Duty Boots|[silent]|[from] ability: Pickpocket|[of] p1a: Dragapult
|-item|p2a: Tinkaton|Heavy-Duty Boots|[from] ability: Pickpocket|[of] p1a: Dragapult
|
|t:|1743819033
|switch|p1a: Great Tusk|Great Tusk|100/100|[from] U-turn
|move|p2a: Tinkaton|Thunder Wave|p1a: Great Tusk
|-immune|p1a: Great Tusk
|
|-damage|p2a: Tinkaton|36/100 brn|[from] brn
|upkeep
|turn|19
|
|t:|1743819045
|move|p2a: Tinkaton|Gigaton Hammer|p1a: Great Tusk
|-damage|p1a: Great Tusk|84/100
|move|p1a: Great Tusk|Headlong Rush|p2a: Tinkaton
|-supereffective|p2a: Tinkaton
|-damage|p2a: Tinkaton|0 fnt
|-unboost|p1a: Great Tusk|def|1
|-unboost|p1a: Great Tusk|spd|1
|faint|p2a: Tinkaton
|
|upkeep
|
|t:|1743819054
|switch|p2a: Pecharunt|Pecharunt|90/100 brn
|turn|20
|
|t:|1743819072
|move|p1a: Great Tusk|Headlong Rush|p2a: Pecharunt
|-supereffective|p2a: Pecharunt
|-damage|p2a: Pecharunt|32/100 brn
|-unboost|p1a: Great Tusk|def|1
|-unboost|p1a: Great Tusk|spd|1
|move|p2a: Pecharunt|Parting Shot|p1a: Great Tusk
|-unboost|p1a: Great Tusk|atk|1
|-unboost|p1a: Great Tusk|spa|1
|
|-damage|p2a: Pecharunt|26/100 brn|[from] brn
|upkeep
|turn|21
|
|t:|1743819084
|move|p1a: Great Tusk|Headlong Rush|p2a: Pecharunt
|-supereffective|p2a: Pecharunt
|-damage|p2a: Pecharunt|0 fnt
|-unboost|p1a: Great Tusk|def|1
|-unboost|p1a: Great Tusk|spd|1
|faint|p2a: Pecharunt
|
|win|ChrisSweeps
|raw|ChrisSweeps's rating: 1368 &rarr; <strong>1385</strong><br />(+17 for winning)
|raw|Tando-Lee's rating: 1309 &rarr; <strong>1292</strong><br />(-17 for losing)
|l|☆Tando-Lee
|player|p2|
