|j|☆Yecity
|j|☆Majiin red
|t:|1743913407
|gametype|singles
|player|p1|Yecity|rosa|1337
|player|p2|Majiin red|silver|1304
|teamsize|p1|6
|teamsize|p2|6
|gen|9
|tier|[Gen 9] OU
|rated|
|rule|HP Percentage Mod: HP is shown in percentages
|rule|Endless Battle Clause: Forcing endless battles is banned
|rule|Species Clause: Limit one of each Pokémon
|rule|OHKO Clause: OHKO moves are banned
|rule|Evasion Items Clause: Evasion items are banned
|rule|Evasion Moves Clause: Evasion moves are banned
|rule|Sleep Moves Clause: Sleep-inducing moves are banned
|clearpoke
|poke|p1|Gliscor, F|
|poke|p1|Blaziken, F|
|poke|p1|Heatran, F|
|poke|p1|Rillaboom, M|
|poke|p1|Dragonite, F|
|poke|p1|Latias, F|
|poke|p2|Ogerpon-Wellspring, F|
|poke|p2|Iron Valiant|
|poke|p2|Hatterene, F|
|poke|p2|Gliscor, M|
|poke|p2|Grimmsnarl, M|
|poke|p2|Moltres|
|teampreview
|inactive|Battle timer is ON: inactive players will automatically lose when time's up. (requested by Yecity)
|
|t:|1743913419
|start
|switch|p1a: Rillaboom|Rillaboom, M|100/100
|switch|p2a: Grimmsnarl|Grimmsnarl, M|100/100
|-fieldstart|move: Grassy Terrain|[from] ability: Grassy Surge|[of] p1a: Rillaboom
|turn|1
|
|t:|1743913433
|move|p1a: Rillaboom|Grassy Glide|p2a: Grimmsnarl
|-damage|p2a: Grimmsnarl|39/100
|move|p2a: Grimmsnarl|Reflect|p2a: Grimmsnarl
|-sidestart|p2: Majiin red|Reflect
|
|-heal|p2a: Grimmsnarl|46/100|[from] Grassy Terrain
|upkeep
|turn|2
|
|t:|1743913442
|move|p1a: Rillaboom|Grassy Glide|p2a: Grimmsnarl
|-damage|p2a: Grimmsnarl|16/100
|move|p2a: Grimmsnarl|Light Screen|p2a: Grimmsnarl
|-sidestart|p2: Majiin red|move: Light Screen
|
|-heal|p2a: Grimmsnarl|22/100|[from] Grassy Terrain
|upkeep
|turn|3
|
|t:|1743913450
|switch|p2a: Moltres|Moltres, shiny|100/100
|move|p1a: Rillaboom|Grassy Glide|p2a: Moltres
|-resisted|p2a: Moltres
|-damage|p2a: Moltres|96/100
|
|upkeep
|turn|4
|
|t:|1743913462
|switch|p1a: Heatran|Heatran, F|100/100
|move|p2a: Moltres|U-turn|p1a: Heatran
|-resisted|p1a: Heatran
|-damage|p1a: Heatran|98/100
|
|t:|1743913489
|switch|p2a: Iron Valiant|Iron Valiant|100/100|[from] U-turn
|-enditem|p2a: Iron Valiant|Booster Energy
|-activate|p2a: Iron Valiant|ability: Quark Drive|[fromitem]
|-start|p2a: Iron Valiant|quarkdrivespe
|
|-heal|p1a: Heatran|100/100|[from] Grassy Terrain
|upkeep
|turn|5
|
|t:|1743913502
|switch|p1a: Gliscor|Gliscor, F|100/100
|-terastallize|p2a: Iron Valiant|Fire
|move|p2a: Iron Valiant|Swords Dance|p2a: Iron Valiant
|-boost|p2a: Iron Valiant|atk|2
|
|-fieldend|move: Grassy Terrain
|-status|p1a: Gliscor|tox|[from] item: Toxic Orb
|upkeep
|turn|6
|
|t:|1743913513
|move|p2a: Iron Valiant|Swords Dance|p2a: Iron Valiant
|-boost|p2a: Iron Valiant|atk|2
|move|p1a: Gliscor|Earthquake|p2a: Iron Valiant
|-supereffective|p2a: Iron Valiant
|-damage|p2a: Iron Valiant|55/100
|
|upkeep
|turn|7
|
|t:|1743913524
|move|p2a: Iron Valiant|Spirit Break|p1a: Gliscor
|-damage|p1a: Gliscor|15/100 tox
|-unboost|p1a: Gliscor|spa|1
|move|p1a: Gliscor|Earthquake|p2a: Iron Valiant
|-supereffective|p2a: Iron Valiant
|-damage|p2a: Iron Valiant|9/100
|
|-heal|p1a: Gliscor|27/100 tox|[from] ability: Poison Heal
|upkeep
|turn|8
|
|t:|1743913534
|move|p1a: Gliscor|Protect|p1a: Gliscor
|-singleturn|p1a: Gliscor|Protect
|move|p2a: Iron Valiant|Drain Punch|p1a: Gliscor
|-activate|p1a: Gliscor|move: Protect
|
|-heal|p1a: Gliscor|39/100 tox|[from] ability: Poison Heal
|-sideend|p2: Majiin red|Reflect
|upkeep
|turn|9
|
|t:|1743913544
|move|p2a: Iron Valiant|Drain Punch|p1a: Gliscor
|-resisted|p1a: Gliscor
|-damage|p1a: Gliscor|0 fnt
|-heal|p2a: Iron Valiant|33/100|[from] drain|[of] p1a: Gliscor
|faint|p1a: Gliscor
|
|-sideend|p2: Majiin red|move: Light Screen
|upkeep
|
|t:|1743913552
|switch|p1a: Dragonite|Dragonite, F|100/100
|turn|10
|
|t:|1743913558
|move|p1a: Dragonite|Extreme Speed|p2a: Iron Valiant
|-damage|p2a: Iron Valiant|1/100
|move|p2a: Iron Valiant|Spirit Break|p1a: Dragonite
|-supereffective|p1a: Dragonite
|-damage|p1a: Dragonite|0 fnt
|-damage|p2a: Iron Valiant|0 fnt|[from] item: Rocky Helmet|[of] p1a: Dragonite
|faint|p1a: Dragonite
|faint|p2a: Iron Valiant
|-end|p2a: Iron Valiant|Quark Drive|[silent]
|
|upkeep
|
|t:|1743913570
|switch|p2a: Grimmsnarl|Grimmsnarl, M|22/100
|switch|p1a: Blaziken|Blaziken, F|100/100
|turn|11
|
|t:|1743913583
|move|p2a: Grimmsnarl|Reflect|p2a: Grimmsnarl
|-sidestart|p2: Majiin red|Reflect
|move|p1a: Blaziken|Swords Dance|p1a: Blaziken
|-boost|p1a: Blaziken|atk|2
|
|-ability|p1a: Blaziken|Speed Boost|boost
|-boost|p1a: Blaziken|spe|1
|upkeep
|turn|12
|
|t:|1743913594
|-terastallize|p1a: Blaziken|Dark
|move|p2a: Grimmsnarl|Light Screen|p2a: Grimmsnarl
|-sidestart|p2: Majiin red|move: Light Screen
|move|p1a: Blaziken|Swords Dance|p1a: Blaziken
|-boost|p1a: Blaziken|atk|2
|
|-ability|p1a: Blaziken|Speed Boost|boost
|-boost|p1a: Blaziken|spe|1
|upkeep
|turn|13
|
|t:|1743913604
|move|p1a: Blaziken|Swords Dance|p1a: Blaziken
|-boost|p1a: Blaziken|atk|2
|move|p2a: Grimmsnarl|Spirit Break|p1a: Blaziken
|-supereffective|p1a: Blaziken
|-damage|p1a: Blaziken|12/100
|-unboost|p1a: Blaziken|spa|1
|
|-heal|p1a: Blaziken|18/100|[from] item: Leftovers
|-ability|p1a: Blaziken|Speed Boost|boost
|-boost|p1a: Blaziken|spe|1
|upkeep
|turn|14
|
|t:|1743913616
|move|p1a: Blaziken|Knock Off|p2a: Grimmsnarl
|-resisted|p2a: Grimmsnarl
|-damage|p2a: Grimmsnarl|0 fnt
|-enditem|p2a: Grimmsnarl|Light Clay|[from] move: Knock Off|[of] p1a: Blaziken
|faint|p2a: Grimmsnarl
|
|-heal|p1a: Blaziken|24/100|[from] item: Leftovers
|-ability|p1a: Blaziken|Speed Boost|boost
|-boost|p1a: Blaziken|spe|1
|upkeep
|
|t:|1743913626
|switch|p2a: Moltres|Moltres, shiny|96/100
|turn|15
|
|t:|1743913633
|move|p1a: Blaziken|Knock Off|p2a: Moltres
|-damage|p2a: Moltres|35/100
|-enditem|p2a: Moltres|Heavy-Duty Boots|[from] move: Knock Off|[of] p1a: Blaziken
|move|p2a: Moltres|Flamethrower|p1a: Blaziken
|-damage|p1a: Blaziken|0 fnt
|faint|p1a: Blaziken
|
|upkeep
|
|t:|1743913642
|switch|p1a: Latias|Latias, F|100/100
|turn|16
|
|t:|1743913646
|move|p1a: Latias|Mist Ball|p2a: Moltres
|-damage|p2a: Moltres|13/100
|-unboost|p2a: Moltres|spa|1
|move|p2a: Moltres|U-turn|p1a: Latias
|-supereffective|p1a: Latias
|-damage|p1a: Latias|65/100
|-message|Yecity forfeited.
|
|win|Majiin red
|raw|Yecity's rating: 1337 &rarr; <strong>1315</strong><br />(-22 for losing)
|raw|Majiin red's rating: 1304 &rarr; <strong>1326</strong><br />(+22 for winning)
|l|☆Yecity
|player|p1|
|l|☆Majiin red
|player|p2|
