|j|☆ShawnHim
|j|☆nyxreborn
|t:|1743919483
|gametype|singles
|player|p1|ShawnHim|giovanni|1222
|player|p2|nyxreborn|lady-gen4|1256
|teamsize|p1|6
|teamsize|p2|6
|gen|9
|tier|[Gen 9] OU
|rated|
|rule|HP Percentage Mod: HP is shown in percentages
|rule|Endless Battle Clause: Forcing endless battles is banned
|rule|Species Clause: Limit one of each Pokémon
|rule|OHKO Clause: OHKO moves are banned
|rule|Evasion Items Clause: Evasion items are banned
|rule|Evasion Moves Clause: Evasion moves are banned
|rule|Sleep Moves Clause: Sleep-inducing moves are banned
|clearpoke
|poke|p1|Milotic, F|
|poke|p1|Gliscor, F|
|poke|p1|Blaziken, F|
|poke|p1|Gengar, M|
|poke|p1|Meowscarada, F|
|poke|p1|Chansey, F|
|poke|p2|Enamorus, F|
|poke|p2|Ogerpon-Wellspring, F|
|poke|p2|Blaziken, M|
|poke|p2|Glimmora, F|
|poke|p2|Great Tusk|
|poke|p2|Kyurem|
|teampreview
|inactive|Battle timer is ON: inactive players will automatically lose when time's up. (requested by nyxreborn)
|inactive|ShawnHim also wants the timer to be on.
|
|t:|1743919494
|start
|switch|p1a: Chansey|Chansey, F|100/100
|switch|p2a: Blaziken|Blaziken, M|100/100
|turn|1
|
|t:|1743919507
|move|p2a: Blaziken|Swords Dance|p2a: Blaziken
|-boost|p2a: Blaziken|atk|2
|move|p1a: Chansey|Stealth Rock|p2a: Blaziken
|-sidestart|p2: nyxreborn|move: Stealth Rock
|
|-ability|p2a: Blaziken|Speed Boost|boost
|-boost|p2a: Blaziken|spe|1
|upkeep
|turn|2
|
|t:|1743919511
|switch|p1a: Milotic|Milotic, F|100/100
|move|p2a: Blaziken|Close Combat|p1a: Milotic
|-crit|p1a: Milotic
|-damage|p1a: Milotic|0 fnt
|-unboost|p2a: Blaziken|def|1
|-unboost|p2a: Blaziken|spd|1
|faint|p1a: Milotic
|-damage|p2a: Blaziken|91/100|[from] item: Life Orb
|
|-ability|p2a: Blaziken|Speed Boost|boost
|-boost|p2a: Blaziken|spe|1
|upkeep
|
|t:|1743919516
|switch|p1a: Gengar|Gengar, M|100/100
|turn|3
|
|t:|1743919524
|switch|p1a: Gliscor|Gliscor, F|100/100
|move|p2a: Blaziken|Flare Blitz|p1a: Gliscor
|-damage|p1a: Gliscor|0 fnt
|faint|p1a: Gliscor
|-damage|p2a: Blaziken|52/100|[from] Recoil
|-damage|p2a: Blaziken|42/100|[from] item: Life Orb
|
|-ability|p2a: Blaziken|Speed Boost|boost
|-boost|p2a: Blaziken|spe|1
|upkeep
|
|t:|1743919533
|switch|p1a: Blaziken|Blaziken, F|100/100
|turn|4
|
|t:|1743919535
|move|p2a: Blaziken|Close Combat|p1a: Blaziken
|-damage|p1a: Blaziken|0 fnt
|-unboost|p2a: Blaziken|def|1
|-unboost|p2a: Blaziken|spd|1
|faint|p1a: Blaziken
|-damage|p2a: Blaziken|32/100|[from] item: Life Orb
|
|-ability|p2a: Blaziken|Speed Boost|boost
|-boost|p2a: Blaziken|spe|1
|upkeep
|
|t:|1743919546
|switch|p1a: Meowscarada|Meowscarada, F|100/100
|turn|5
|-message|ShawnHim forfeited.
|
|win|nyxreborn
|raw|ShawnHim's rating: 1198 &rarr; <strong>1177</strong><br />(-21 for losing)
|raw|nyxreborn's rating: 1256 &rarr; <strong>1277</strong><br />(+21 for winning)
|l|☆ShawnHim
|player|p1|
|l|☆nyxreborn
|player|p2|
