|j|☆OSAKA 2026
|j|☆Jebus1989_
|t:|1743925739
|gametype|singles
|player|p1|OSAKA 2026|backpackerf|1806
|player|p2|Jebus1989_|ethan|1709
|teamsize|p1|6
|teamsize|p2|6
|gen|9
|tier|[Gen 9] OU
|rated|
|rule|HP Percentage Mod: HP is shown in percentages
|rule|Endless Battle Clause: Forcing endless battles is banned
|rule|Species Clause: Limit one of each Pokémon
|rule|OHKO Clause: OHKO moves are banned
|rule|Evasion Items Clause: Evasion items are banned
|rule|Evasion Moves Clause: Evasion moves are banned
|rule|Sleep Moves Clause: Sleep-inducing moves are banned
|clearpoke
|poke|p1|Kyurem|
|poke|p1|Ogerpon-Wellspring, F|
|poke|p1|Scizor, F|
|poke|p1|Moltres|
|poke|p1|Great Tusk|
|poke|p1|Muk-Alola, M|
|poke|p2|Hawlucha, F|
|poke|p2|Weezing-Galar, F|
|poke|p2|Kingambit, M|
|poke|p2|Frosmoth, M|
|poke|p2|Vaporeon, F|
|poke|p2|Great Tusk|
|teampreview
|inactive|Battle timer is ON: inactive players will automatically lose when time's up. (requested by Jebus1989_)
|inactive|OSAKA 2026 has 120 seconds left.
|
|t:|1743925779
|start
|switch|p1a: Hebi|Scizor, F|100/100
|switch|p2a: Weezing|Weezing-Galar, F, shiny|100/100
|-fieldstart|move: Misty Terrain|[from] ability: Misty Surge|[of] p2a: Weezing
|turn|1
|j| sdksod
|
|t:|1743925789
|switch|p2a: Great Tusk|Great Tusk|100/100
|move|p1a: Hebi|U-turn|p2a: Great Tusk
|-resisted|p2a: Great Tusk
|-damage|p2a: Great Tusk|86/100
|-damage|p1a: Hebi|84/100|[from] item: Rocky Helmet|[of] p2a: Great Tusk
|
|t:|1743925797
|switch|p1a: Bijuu|Kyurem, shiny|100/100|[from] U-turn
|-ability|p1a: Bijuu|Pressure
|
|upkeep
|turn|2
|
|t:|1743925801
|-end|p2a: Great Tusk|Protosynthesis|[silent]
|switch|p2a: Frosmoth|Frosmoth, M|100/100
|move|p1a: Bijuu|Freeze-Dry|p2a: Frosmoth
|-resisted|p2a: Frosmoth
|-damage|p2a: Frosmoth|83/100
|
|-heal|p2a: Frosmoth|89/100|[from] item: Leftovers
|upkeep
|turn|3
|
|t:|1743925806
|switch|p1a: Akatsuki|Ogerpon-Wellspring, F|100/100
|move|p2a: Frosmoth|Ice Beam|p1a: Akatsuki
|-damage|p1a: Akatsuki|63/100
|
|-heal|p2a: Frosmoth|95/100|[from] item: Leftovers
|upkeep
|turn|4
|
|t:|1743925810
|switch|p2a: Kingambit|Kingambit, M|100/100
|move|p1a: Akatsuki|Ivy Cudgel|p2a: Kingambit|[anim] Ivy Cudgel Water
|-damage|p2a: Kingambit|70/100
|
|-heal|p2a: Kingambit|76/100|[from] item: Leftovers
|upkeep
|turn|5
|
|t:|1743925818
|switch|p1a: Greatest Summon|Great Tusk|100/100
|move|p2a: Kingambit|Kowtow Cleave|p1a: Greatest Summon
|-resisted|p1a: Greatest Summon
|-damage|p1a: Greatest Summon|89/100
|
|-heal|p1a: Greatest Summon|95/100|[from] item: Leftovers
|-heal|p2a: Kingambit|82/100|[from] item: Leftovers
|upkeep
|turn|6
|
|t:|1743925824
|-end|p2a: Kingambit|fallenundefined|[silent]
|switch|p2a: Great Tusk|Great Tusk|86/100
|move|p1a: Greatest Summon|Stealth Rock|p2a: Great Tusk
|-sidestart|p2: Jebus1989_|move: Stealth Rock
|
|-heal|p1a: Greatest Summon|100/100|[from] item: Leftovers
|upkeep
|turn|7
|
|t:|1743925827
|-end|p1a: Greatest Summon|Protosynthesis|[silent]
|switch|p1a: Bijuu|Kyurem, shiny|100/100
|-ability|p1a: Bijuu|Pressure
|move|p2a: Great Tusk|Rapid Spin|p1a: Bijuu
|-damage|p1a: Bijuu|87/100
|-boost|p2a: Great Tusk|spe|1
|-sideend|p2: Jebus1989_|Stealth Rock|[from] move: Rapid Spin|[of] p2a: Great Tusk
|
|upkeep
|turn|8
|
|t:|1743925833
|-end|p2a: Great Tusk|Protosynthesis|[silent]
|switch|p2a: Frosmoth|Frosmoth, M|95/100
|switch|p1a: Hebi|Scizor, F|84/100
|
|-heal|p2a: Frosmoth|100/100|[from] item: Leftovers
|-fieldend|Misty Terrain
|upkeep
|turn|9
|
|t:|1743925841
|switch|p2a: Weezing|Weezing-Galar, F, shiny|100/100
|-fieldstart|move: Misty Terrain|[from] ability: Misty Surge|[of] p2a: Weezing
|move|p1a: Hebi|Knock Off|p2a: Weezing
|-resisted|p2a: Weezing
|-damage|p2a: Weezing|74/100
|-enditem|p2a: Weezing|Terrain Extender|[from] move: Knock Off|[of] p1a: Hebi
|
|upkeep
|turn|10
|
|t:|1743925857
|switch|p2a: Great Tusk|Great Tusk|86/100
|switch|p1a: Taka|Moltres|100/100
|
|upkeep
|turn|11
|
|t:|1743925863
|-end|p2a: Great Tusk|Protosynthesis|[silent]
|switch|p2a: Vaporeon|Vaporeon, F|100/100
|move|p1a: Taka|Flamethrower|p2a: Vaporeon
|-resisted|p2a: Vaporeon
|-damage|p2a: Vaporeon|88/100
|
|-heal|p2a: Vaporeon|95/100|[from] item: Leftovers
|upkeep
|turn|12
|
|t:|1743925870
|move|p1a: Taka|U-turn|p2a: Vaporeon
|-damage|p2a: Vaporeon|84/100
|
|t:|1743925876
|switch|p1a: Akatsuki|Ogerpon-Wellspring, F|63/100|[from] U-turn
|move|p2a: Vaporeon|Wish|p2a: Vaporeon
|
|-heal|p2a: Vaporeon|90/100|[from] item: Leftovers
|upkeep
|turn|13
|
|t:|1743925881
|switch|p2a: Kingambit|Kingambit, M|82/100
|move|p1a: Akatsuki|Swords Dance|p1a: Akatsuki
|-boost|p1a: Akatsuki|atk|2
|
|-heal|p2a: Kingambit|100/100|[from] move: Wish|[wisher] Vaporeon
|upkeep
|turn|14
|
|t:|1743925886
|switch|p1a: Greatest Summon|Great Tusk|100/100
|move|p2a: Kingambit|Kowtow Cleave|p1a: Greatest Summon
|-resisted|p1a: Greatest Summon
|-damage|p1a: Greatest Summon|90/100
|
|-heal|p1a: Greatest Summon|96/100|[from] item: Leftovers
|upkeep
|turn|15
|
|t:|1743925897
|-end|p1a: Greatest Summon|Protosynthesis|[silent]
|switch|p1a: Bijuu|Kyurem, shiny|87/100
|-ability|p1a: Bijuu|Pressure
|-end|p2a: Kingambit|fallenundefined|[silent]
|switch|p2a: Great Tusk|Great Tusk|86/100
|
|upkeep
|turn|16
|
|t:|1743925905
|-end|p2a: Great Tusk|Protosynthesis|[silent]
|switch|p2a: Frosmoth|Frosmoth, M|100/100
|move|p1a: Bijuu|Draco Meteor|p2a: Frosmoth
|-damage|p2a: Frosmoth|65/100
|-unboost|p1a: Bijuu|spa|2
|
|-heal|p2a: Frosmoth|71/100|[from] item: Leftovers
|-fieldend|Misty Terrain
|upkeep
|turn|17
|j| EndlessDark9
|
|t:|1743925912
|switch|p1a: Hebi|Scizor, F|84/100
|move|p2a: Frosmoth|Ice Beam|p1a: Hebi
|-resisted|p1a: Hebi
|-damage|p1a: Hebi|59/100
|
|-heal|p2a: Frosmoth|77/100|[from] item: Leftovers
|upkeep
|turn|18
|
|t:|1743925921
|switch|p2a: Weezing|Weezing-Galar, F, shiny|74/100
|-fieldstart|move: Misty Terrain|[from] ability: Misty Surge|[of] p2a: Weezing
|move|p1a: Hebi|Knock Off|p2a: Weezing
|-resisted|p2a: Weezing
|-damage|p2a: Weezing|59/100
|
|upkeep
|turn|19
|j| LudocyelZ
|
|t:|1743925938
|switch|p2a: Vaporeon|Vaporeon, F|90/100
|switch|p1a: Three-Way Deadlock|Muk-Alola, M|100/100
|
|-heal|p2a: Vaporeon|96/100|[from] item: Leftovers
|upkeep
|turn|20
|j| frindlebabbin
|
|t:|1743925950
|switch|p2a: Weezing|Weezing-Galar, F, shiny|59/100
|move|p1a: Three-Way Deadlock|Knock Off|p2a: Weezing
|-resisted|p2a: Weezing
|-damage|p2a: Weezing|48/100
|
|upkeep
|turn|21
|
|t:|1743925959
|move|p2a: Weezing|Pain Split|p1a: Three-Way Deadlock
|-sethp|p1a: Three-Way Deadlock|67/100|[from] move: Pain Split|[silent]
|-sethp|p2a: Weezing|93/100|[from] move: Pain Split
|move|p1a: Three-Way Deadlock|Knock Off|p2a: Weezing
|-resisted|p2a: Weezing
|-damage|p2a: Weezing|82/100
|
|-heal|p1a: Three-Way Deadlock|73/100|[from] item: Leftovers
|upkeep
|turn|22
|
|t:|1743925966
|move|p2a: Weezing|Strange Steam|p1a: Three-Way Deadlock
|-damage|p1a: Three-Way Deadlock|53/100
|move|p1a: Three-Way Deadlock|Knock Off|p2a: Weezing
|-resisted|p2a: Weezing
|-damage|p2a: Weezing|71/100
|
|-heal|p1a: Three-Way Deadlock|59/100|[from] item: Leftovers
|-fieldend|Misty Terrain
|upkeep
|turn|23
|j| WangLinWL
|
|t:|1743925981
|move|p1a: Three-Way Deadlock|Protect|p1a: Three-Way Deadlock
|-singleturn|p1a: Three-Way Deadlock|Protect
|move|p2a: Weezing|Pain Split|p1a: Three-Way Deadlock
|-activate|p1a: Three-Way Deadlock|move: Protect
|
|-heal|p1a: Three-Way Deadlock|65/100|[from] item: Leftovers
|upkeep
|turn|24
|
|t:|1743925989
|switch|p1a: Hebi|Scizor, F|59/100
|move|p2a: Weezing|Overheat|p1a: Hebi
|-supereffective|p1a: Hebi
|-damage|p1a: Hebi|0 fnt
|-unboost|p2a: Weezing|spa|2
|faint|p1a: Hebi
|
|upkeep
|
|t:|1743925993
|switch|p1a: Akatsuki|Ogerpon-Wellspring, F|63/100
|turn|25
|
|t:|1743925997
|switch|p2a: Kingambit|Kingambit, M|100/100
|move|p1a: Akatsuki|Swords Dance|p1a: Akatsuki
|-boost|p1a: Akatsuki|atk|2
|
|upkeep
|turn|26
|c| frindlebabbin|the very well known frosmoth vaporeon core
|
|t:|1743926000
|-terastallize|p1a: Akatsuki|Water
|detailschange|p1a: Akatsuki|Ogerpon-Wellspring-Tera, F, tera:Water
|-ability|p1a: Akatsuki|Embody Aspect (Wellspring)|boost
|-boost|p1a: Akatsuki|spd|1
|move|p1a: Akatsuki|Ivy Cudgel|p2a: Kingambit|[anim] Ivy Cudgel Water
|-damage|p2a: Kingambit|19/100
|move|p2a: Kingambit|Kowtow Cleave|p1a: Akatsuki
|-crit|p1a: Akatsuki
|-damage|p1a: Akatsuki|0 fnt
|faint|p1a: Akatsuki
|
|-heal|p2a: Kingambit|25/100|[from] item: Leftovers
|upkeep
|
|t:|1743926006
|switch|p1a: Bijuu|Kyurem, shiny|87/100
|-ability|p1a: Bijuu|Pressure
|turn|27
|
|t:|1743926011
|switch|p1a: Taka|Moltres|100/100
|-end|p2a: Kingambit|fallenundefined|[silent]
|switch|p2a: Frosmoth|Frosmoth, M|77/100
|
|-heal|p2a: Frosmoth|83/100|[from] item: Leftovers
|upkeep
|turn|28
|
|t:|1743926017
|switch|p2a: Vaporeon|Vaporeon, F|96/100
|move|p1a: Taka|U-turn|p2a: Vaporeon
|-damage|p2a: Vaporeon|84/100
|l| LudocyelZ
|
|t:|1743926020
|switch|p1a: Three-Way Deadlock|Muk-Alola, M|65/100|[from] U-turn
|
|-heal|p2a: Vaporeon|90/100|[from] item: Leftovers
|-heal|p1a: Three-Way Deadlock|71/100|[from] item: Leftovers
|upkeep
|turn|29
|j| LudocyelZ
|
|t:|1743926027
|switch|p2a: Weezing|Weezing-Galar, F, shiny|71/100
|-fieldstart|move: Misty Terrain|[from] ability: Misty Surge|[of] p2a: Weezing
|switch|p1a: Greatest Summon|Great Tusk|96/100
|
|-heal|p1a: Greatest Summon|100/100|[from] item: Leftovers
|upkeep
|turn|30
|
|t:|1743926039
|switch|p2a: Great Tusk|Great Tusk|86/100
|move|p1a: Greatest Summon|Headlong Rush|p2a: Great Tusk
|-crit|p2a: Great Tusk
|-damage|p2a: Great Tusk|46/100
|-unboost|p1a: Greatest Summon|def|1
|-unboost|p1a: Greatest Summon|spd|1
|-damage|p1a: Greatest Summon|84/100|[from] item: Rocky Helmet|[of] p2a: Great Tusk
|
|-heal|p1a: Greatest Summon|90/100|[from] item: Leftovers
|upkeep
|turn|31
|
|t:|1743926045
|-end|p1a: Greatest Summon|Protosynthesis|[silent]
|switch|p1a: Taka|Moltres|100/100
|move|p2a: Great Tusk|Knock Off|p1a: Taka
|-damage|p1a: Taka|82/100
|-enditem|p1a: Taka|Heavy-Duty Boots|[from] move: Knock Off|[of] p2a: Great Tusk
|
|upkeep
|turn|32
|
|t:|1743926049
|move|p2a: Great Tusk|Stealth Rock|p1a: Taka
|-sidestart|p1: OSAKA 2026|move: Stealth Rock
|move|p1a: Taka|U-turn|p2a: Great Tusk
|-resisted|p2a: Great Tusk
|-damage|p2a: Great Tusk|42/100
|-damage|p1a: Taka|66/100|[from] item: Rocky Helmet|[of] p2a: Great Tusk
|
|t:|1743926051
|switch|p1a: Greatest Summon|Great Tusk|90/100|[from] U-turn
|-damage|p1a: Greatest Summon|87/100|[from] Stealth Rock
|
|-heal|p1a: Greatest Summon|93/100|[from] item: Leftovers
|upkeep
|turn|33
|
|t:|1743926054
|move|p1a: Greatest Summon|Rapid Spin|p2a: Great Tusk
|-damage|p2a: Great Tusk|35/100
|-boost|p1a: Greatest Summon|spe|1
|-damage|p1a: Greatest Summon|77/100|[from] item: Rocky Helmet|[of] p2a: Great Tusk
|-sideend|p1: OSAKA 2026|Stealth Rock|[from] move: Rapid Spin|[of] p1a: Greatest Summon
|move|p2a: Great Tusk|Knock Off|p1a: Greatest Summon
|-resisted|p1a: Greatest Summon
|-damage|p1a: Greatest Summon|69/100
|-enditem|p1a: Greatest Summon|Leftovers|[from] move: Knock Off|[of] p2a: Great Tusk
|
|-fieldend|Misty Terrain
|upkeep
|turn|34
|
|t:|1743926059
|-end|p2a: Great Tusk|Protosynthesis|[silent]
|switch|p2a: Vaporeon|Vaporeon, F|90/100
|move|p1a: Greatest Summon|Headlong Rush|p2a: Vaporeon
|-damage|p2a: Vaporeon|47/100
|-unboost|p1a: Greatest Summon|def|1
|-unboost|p1a: Greatest Summon|spd|1
|
|-heal|p2a: Vaporeon|53/100|[from] item: Leftovers
|upkeep
|turn|35
|c| WangLinWL|this core weaks golden
|
|t:|1743926066
|move|p1a: Greatest Summon|Stealth Rock|p2a: Vaporeon
|-sidestart|p2: Jebus1989_|move: Stealth Rock
|move|p2a: Vaporeon|Scald|p1a: Greatest Summon
|-supereffective|p1a: Greatest Summon
|-damage|p1a: Greatest Summon|0 fnt
|faint|p1a: Greatest Summon
|-end|p1a: Greatest Summon|Protosynthesis|[silent]
|
|-heal|p2a: Vaporeon|60/100|[from] item: Leftovers
|upkeep
|
|t:|1743926069
|switch|p1a: Bijuu|Kyurem, shiny|87/100
|-ability|p1a: Bijuu|Pressure
|turn|36
|c| WangLinWL|king deals this
|
|t:|1743926074
|move|p2a: Vaporeon|Protect|p2a: Vaporeon
|-singleturn|p2a: Vaporeon|Protect
|move|p1a: Bijuu|Ice Beam|p2a: Vaporeon
|-activate|p2a: Vaporeon|move: Protect
|
|-heal|p2a: Vaporeon|66/100|[from] item: Leftovers
|upkeep
|turn|37
|l| WangLinWL
|c| frindlebabbin|guessing thats why weezing has overheat
|j| WangLinWL
|inactive|Jebus1989_ has 120 seconds left.
|j| igotnunu
|inactive|Jebus1989_ has 90 seconds left.
|inactive|Jebus1989_ has 60 seconds left.
|
|t:|1743926172
|switch|p2a: Kingambit|Kingambit, M|25/100
|-damage|p2a: Kingambit|19/100|[from] Stealth Rock
|move|p1a: Bijuu|Ice Beam|p2a: Kingambit
|-resisted|p2a: Kingambit
|-damage|p2a: Kingambit|0 fnt
|faint|p2a: Kingambit
|-end|p2a: Kingambit|fallenundefined|[silent]
|
|upkeep
|
|t:|1743926174
|switch|p2a: Frosmoth|Frosmoth, M|83/100
|-damage|p2a: Frosmoth|33/100|[from] Stealth Rock
|turn|38
|
|t:|1743926180
|switch|p1a: Taka|Moltres|66/100
|move|p2a: Frosmoth|Quiver Dance|p2a: Frosmoth
|-boost|p2a: Frosmoth|spa|1
|-boost|p2a: Frosmoth|spd|1
|-boost|p2a: Frosmoth|spe|1
|
|-heal|p2a: Frosmoth|39/100|[from] item: Leftovers
|upkeep
|turn|39
|
|t:|1743926195
|-terastallize|p2a: Frosmoth|Ground
|move|p2a: Frosmoth|Ice Beam|p1a: Taka
|-crit|p1a: Taka
|-damage|p1a: Taka|0 fnt
|faint|p1a: Taka
|
|-heal|p2a: Frosmoth|45/100|[from] item: Leftovers
|upkeep
|
|t:|1743926200
|switch|p1a: Bijuu|Kyurem, shiny|87/100
|-ability|p1a: Bijuu|Pressure
|turn|40
|
|t:|1743926208
|move|p2a: Frosmoth|Ice Beam|p1a: Bijuu
|-damage|p1a: Bijuu|23/100
|move|p1a: Bijuu|Freeze-Dry|p2a: Frosmoth
|-supereffective|p2a: Frosmoth
|-damage|p2a: Frosmoth|0 fnt
|faint|p2a: Frosmoth
|
|upkeep
|l| igotnunu
|
|t:|1743926216
|switch|p2a: Hawlucha|Hawlucha, F, shiny|100/100
|-damage|p2a: Hawlucha|88/100|[from] Stealth Rock
|turn|41
|
|t:|1743926218
|switch|p1a: Three-Way Deadlock|Muk-Alola, M|71/100
|move|p2a: Hawlucha|Close Combat|p1a: Three-Way Deadlock
|-damage|p1a: Three-Way Deadlock|23/100
|-unboost|p2a: Hawlucha|def|1
|-unboost|p2a: Hawlucha|spd|1
|
|-heal|p1a: Three-Way Deadlock|29/100|[from] item: Leftovers
|upkeep
|turn|42
|
|t:|1743926221
|move|p2a: Hawlucha|Close Combat|p1a: Three-Way Deadlock
|-damage|p1a: Three-Way Deadlock|0 fnt
|-unboost|p2a: Hawlucha|def|1
|-unboost|p2a: Hawlucha|spd|1
|faint|p1a: Three-Way Deadlock
|
|upkeep
|-message|OSAKA 2026 forfeited.
|
|win|Jebus1989_
|raw|OSAKA 2026's rating: 1806 &rarr; <strong>1781</strong><br />(-25 for losing)
|raw|Jebus1989_'s rating: 1709 &rarr; <strong>1734</strong><br />(+25 for winning)
|l|☆OSAKA 2026
|player|p1|
|j| igotnunu
|l| frindlebabbin
|l| LudocyelZ
|l| sdksod
|l|☆Jebus1989_
|player|p2|
|j|☆Jebus1989_
|player|p2|Jebus1989_|ethan|
