|j|☆RocketGruntLudwig
|j|☆nocta_dz
|t:|1743786263
|gametype|singles
|player|p1|RocketGruntLudwig|rocketgrunt|1154
|player|p2|nocta_dz|hilbert|1150
|teamsize|p1|6
|teamsize|p2|6
|gen|9
|tier|[Gen 9] OU
|rated|
|rule|HP Percentage Mod: HP is shown in percentages
|rule|Endless Battle Clause: Forcing endless battles is banned
|rule|Species Clause: Limit one of each Pokémon
|rule|OHKO Clause: OHKO moves are banned
|rule|Evasion Items Clause: Evasion items are banned
|rule|Evasion Moves Clause: Evasion moves are banned
|rule|Sleep Moves Clause: Sleep-inducing moves are banned
|clearpoke
|poke|p1|Vileplume, F|
|poke|p1|Emboar, M|
|poke|p1|Tentacruel, F|
|poke|p1|Greninja-*, M|
|poke|p1|Umbreon, F|
|poke|p1|Weavile, F|
|poke|p2|Bisharp, M|
|poke|p2|Keldeo-Resolute|
|poke|p2|Hippowdon, F|
|poke|p2|Deoxys-Speed|
|poke|p2|Indeedee, M|
|poke|p2|Magnezone|
|teampreview
|c|☆RocketGruntLudwig|Prepare for trouble!
|
|t:|1743786292
|start
|switch|p1a: Moon Kitty|Umbreon, F|100/100
|switch|p2a: Hippowdon|Hippowdon, F, shiny|100/100
|-weather|Sandstorm|[from] ability: Sand Stream|[of] p2a: Hippowdon
|turn|1
|
|t:|1743786299
|move|p1a: Moon Kitty|Toxic|p2a: Hippowdon
|-status|p2a: Hippowdon|tox
|move|p2a: Hippowdon|Stealth Rock|p1a: Moon Kitty
|-sidestart|p1: RocketGruntLudwig|move: Stealth Rock
|
|-weather|Sandstorm|[upkeep]
|-damage|p1a: Moon Kitty|94/100|[from] Sandstorm
|-heal|p1a: Moon Kitty|100/100|[from] item: Leftovers
|-damage|p2a: Hippowdon|94/100 tox|[from] psn
|upkeep
|turn|2
|
|t:|1743786304
|move|p1a: Moon Kitty|Wish|p1a: Moon Kitty
|move|p2a: Hippowdon|Whirlwind|p1a: Moon Kitty
|drag|p1a: Ninji|Greninja, M|100/100
|-damage|p1a: Ninji|88/100|[from] Stealth Rock
|
|-weather|Sandstorm|[upkeep]
|-damage|p1a: Ninji|82/100|[from] Sandstorm
|-damage|p2a: Hippowdon|82/100 tox|[from] psn
|upkeep
|turn|3
|
|t:|1743786310
|move|p1a: Ninji|Spikes|p2a: Hippowdon
|-start|p1a: Ninji|typechange|Ground|[from] ability: Protean
|-sidestart|p2: nocta_dz|Spikes
|move|p2a: Hippowdon|Earthquake|p1a: Ninji
|-damage|p1a: Ninji|14/100
|
|-weather|Sandstorm|[upkeep]
|-heal|p1a: Ninji|83/100|[from] move: Wish|[wisher] Moon Kitty
|-damage|p2a: Hippowdon|63/100 tox|[from] psn
|upkeep
|turn|4
|
|t:|1743786318
|move|p1a: Ninji|Hydro Pump|p2a: Hippowdon
|-supereffective|p2a: Hippowdon
|-damage|p2a: Hippowdon|0 fnt
|faint|p2a: Hippowdon
|
|-weather|Sandstorm|[upkeep]
|upkeep
|
|t:|1743786333
|switch|p2a: Keldeo|Keldeo-Resolute|100/100
|-damage|p2a: Keldeo|88/100|[from] Spikes
|turn|5
|
|t:|1743786342
|switch|p1a: Ariana|Vileplume, F|100/100
|-damage|p1a: Ariana|88/100|[from] Stealth Rock
|move|p2a: Keldeo|Flip Turn|p1a: Ariana
|-resisted|p1a: Ariana
|-damage|p1a: Ariana|81/100
|
|t:|1743786350
|switch|p2a: Magnezone|Magnezone, shiny|100/100|[from] Flip Turn
|-damage|p2a: Magnezone|88/100|[from] Spikes
|
|-weather|none
|upkeep
|turn|6
|
|t:|1743786353
|move|p2a: Magnezone|Flash Cannon|p1a: Ariana
|-damage|p1a: Ariana|9/100
|move|p1a: Ariana|Leech Seed|p2a: Magnezone|[miss]
|-miss|p1a: Ariana|p2a: Magnezone
|
|upkeep
|turn|7
|c|☆RocketGruntLudwig|wtf
|
|t:|1743786357
|switch|p1a: Cruelty|Tentacruel, F|100/100
|-damage|p1a: Cruelty|88/100|[from] Stealth Rock
|move|p2a: Magnezone|Flash Cannon|p1a: Cruelty
|-resisted|p1a: Cruelty
|-damage|p1a: Cruelty|61/100
|
|-heal|p1a: Cruelty|67/100|[from] item: Leftovers
|upkeep
|turn|8
|
|t:|1743786366
|move|p1a: Cruelty|Rapid Spin|p2a: Magnezone
|-resisted|p2a: Magnezone
|-damage|p2a: Magnezone|81/100
|-boost|p1a: Cruelty|spe|1
|-sideend|p1: RocketGruntLudwig|Stealth Rock|[from] move: Rapid Spin|[of] p1a: Cruelty
|move|p2a: Magnezone|Flash Cannon|p1a: Cruelty
|-resisted|p1a: Cruelty
|-damage|p1a: Cruelty|42/100
|
|-heal|p1a: Cruelty|48/100|[from] item: Leftovers
|upkeep
|turn|9
|
|t:|1743786371
|move|p2a: Magnezone|Flash Cannon|p1a: Cruelty
|-resisted|p1a: Cruelty
|-crit|p1a: Cruelty
|-damage|p1a: Cruelty|8/100
|move|p1a: Cruelty|Mirror Coat|p2a: Magnezone
|-damage|p2a: Magnezone|0 fnt
|faint|p2a: Magnezone
|
|-heal|p1a: Cruelty|14/100|[from] item: Leftovers
|upkeep
|
|t:|1743786374
|switch|p2a: Bisharp|Bisharp, M, shiny|100/100
|-damage|p2a: Bisharp|88/100|[from] Spikes
|turn|10
|
|t:|1743786378
|move|p2a: Bisharp|Sucker Punch|p1a: Cruelty
|-damage|p1a: Cruelty|0 fnt
|faint|p1a: Cruelty
|
|upkeep
|
|t:|1743786382
|switch|p1a: Ganon|Emboar, M|100/100
|turn|11
|
|t:|1743786388
|-terastallize|p2a: Bisharp|Fire
|move|p2a: Bisharp|Swords Dance|p2a: Bisharp
|-boost|p2a: Bisharp|atk|2
|move|p1a: Ganon|Superpower|p2a: Bisharp
|-damage|p2a: Bisharp|39/100
|-unboost|p1a: Ganon|atk|1
|-unboost|p1a: Ganon|def|1
|
|upkeep
|turn|12
|j| Carolina6969
|
|t:|1743786400
|switch|p1a: Ariana|Vileplume, F|9/100
|move|p2a: Bisharp|Sucker Punch||[still]
|-fail|p2a: Bisharp
|
|upkeep
|turn|13
|
|t:|1743786404
|move|p2a: Bisharp|Iron Head|p1a: Ariana
|-damage|p1a: Ariana|0 fnt
|faint|p1a: Ariana
|
|upkeep
|l| Carolina6969
|
|t:|1743786408
|switch|p1a: Ninji|Greninja, M|83/100
|turn|14
|
|t:|1743786420
|move|p2a: Bisharp|Sucker Punch||[still]
|-fail|p2a: Bisharp
|move|p1a: Ninji|Spikes|p2a: Bisharp
|-start|p1a: Ninji|typechange|Ground|[from] ability: Protean
|-sidestart|p2: nocta_dz|Spikes
|
|upkeep
|turn|15
|
|t:|1743786426
|move|p2a: Bisharp|Sucker Punch||[still]
|-fail|p2a: Bisharp
|move|p1a: Ninji|Spikes|p2a: Bisharp
|-sidestart|p2: nocta_dz|Spikes
|
|upkeep
|turn|16
|
|t:|1743786429
|move|p2a: Bisharp|Sucker Punch|p1a: Ninji
|-damage|p1a: Ninji|0 fnt
|faint|p1a: Ninji
|
|upkeep
|
|t:|1743786431
|switch|p1a: Moon Kitty|Umbreon, F|100/100
|turn|17
|
|t:|1743786435
|move|p2a: Bisharp|Iron Head|p1a: Moon Kitty
|-damage|p1a: Moon Kitty|25/100
|move|p1a: Moon Kitty|Foul Play|p2a: Bisharp
|-damage|p2a: Bisharp|0 fnt
|faint|p2a: Bisharp
|
|-heal|p1a: Moon Kitty|31/100|[from] item: Leftovers
|upkeep
|
|t:|1743786439
|switch|p2a: Keldeo|Keldeo-Resolute|88/100
|-damage|p2a: Keldeo|63/100|[from] Spikes
|turn|18
|
|t:|1743786442
|move|p1a: Moon Kitty|Detect|p1a: Moon Kitty
|-singleturn|p1a: Moon Kitty|Protect
|move|p2a: Keldeo|Flip Turn|p1a: Moon Kitty
|-activate|p1a: Moon Kitty|move: Protect
|
|-heal|p1a: Moon Kitty|37/100|[from] item: Leftovers
|upkeep
|turn|19
|
|t:|1743786445
|move|p2a: Keldeo|Flip Turn|p1a: Moon Kitty
|-damage|p1a: Moon Kitty|26/100
|
|t:|1743786448
|switch|p2a: Indeedee|Indeedee, M, shiny|100/100|[from] Flip Turn
|-damage|p2a: Indeedee|75/100|[from] Spikes
|-fieldstart|move: Psychic Terrain|[from] ability: Psychic Surge|[of] p2a: Indeedee
|move|p1a: Moon Kitty|Foul Play|p2a: Indeedee
|-supereffective|p2a: Indeedee
|-crit|p2a: Indeedee
|-damage|p2a: Indeedee|0 fnt
|faint|p2a: Indeedee
|
|-heal|p1a: Moon Kitty|32/100|[from] item: Leftovers
|upkeep
|
|t:|1743786453
|switch|p2a: Keldeo|Keldeo-Resolute|63/100
|-damage|p2a: Keldeo|39/100|[from] Spikes
|turn|20
|
|t:|1743786459
|move|p1a: Moon Kitty|Detect|p1a: Moon Kitty
|-singleturn|p1a: Moon Kitty|Protect
|move|p2a: Keldeo|Vacuum Wave|p1a: Moon Kitty
|-activate|p1a: Moon Kitty|move: Psychic Terrain
|
|-heal|p1a: Moon Kitty|38/100|[from] item: Leftovers
|upkeep
|turn|21
|
|t:|1743786460
|move|p2a: Keldeo|Vacuum Wave|p1a: Moon Kitty
|-activate|p1a: Moon Kitty|move: Psychic Terrain
|move|p1a: Moon Kitty|Foul Play|p2a: Keldeo
|-resisted|p2a: Keldeo
|-damage|p2a: Keldeo|27/100
|-ability|p2a: Keldeo|Justified|boost
|-boost|p2a: Keldeo|atk|1
|
|-heal|p1a: Moon Kitty|44/100|[from] item: Leftovers
|upkeep
|turn|22
|
|t:|1743786464
|move|p2a: Keldeo|Vacuum Wave|p1a: Moon Kitty
|-activate|p1a: Moon Kitty|move: Psychic Terrain
|move|p1a: Moon Kitty|Foul Play|p2a: Keldeo
|-resisted|p2a: Keldeo
|-damage|p2a: Keldeo|7/100
|-ability|p2a: Keldeo|Justified|boost
|-boost|p2a: Keldeo|atk|1
|
|-heal|p1a: Moon Kitty|50/100|[from] item: Leftovers
|upkeep
|turn|23
|c|☆RocketGruntLudwig|...
|c|☆RocketGruntLudwig|??
|
|t:|1743786469
|move|p2a: Keldeo|Vacuum Wave|p1a: Moon Kitty
|-activate|p1a: Moon Kitty|move: Psychic Terrain
|move|p1a: Moon Kitty|Foul Play|p2a: Keldeo
|-resisted|p2a: Keldeo
|-damage|p2a: Keldeo|0 fnt
|faint|p2a: Keldeo
|
|-heal|p1a: Moon Kitty|56/100|[from] item: Leftovers
|upkeep
|
|t:|1743786471
|switch|p2a: Deoxys|Deoxys-Speed, shiny|100/100
|-damage|p2a: Deoxys|76/100|[from] Spikes
|-ability|p2a: Deoxys|Pressure
|turn|24
|
|t:|1743786477
|move|p1a: Moon Kitty|Detect|p1a: Moon Kitty
|-singleturn|p1a: Moon Kitty|Protect
|move|p2a: Deoxys|Focus Blast|p1a: Moon Kitty
|-activate|p1a: Moon Kitty|move: Protect
|
|-heal|p1a: Moon Kitty|62/100|[from] item: Leftovers
|upkeep
|turn|25
|
|t:|1743786479
|-terastallize|p1a: Moon Kitty|Poison
|move|p2a: Deoxys|Focus Blast|p1a: Moon Kitty
|-resisted|p1a: Moon Kitty
|-damage|p1a: Moon Kitty|50/100
|-damage|p2a: Deoxys|66/100|[from] item: Life Orb
|move|p1a: Moon Kitty|Foul Play|p2a: Deoxys
|-supereffective|p2a: Deoxys
|-damage|p2a: Deoxys|0 fnt
|faint|p2a: Deoxys
|
|win|RocketGruntLudwig
|raw|RocketGruntLudwig's rating: 1154 &rarr; <strong>1179</strong><br />(+25 for winning)
|raw|nocta_dz's rating: 1150 &rarr; <strong>1125</strong><br />(-25 for losing)
|c|☆RocketGruntLudwig|!showteam
|c| RocketGruntLudwig|/raw <div class="infobox"><details><summary>View team</summary>Ariana (Vileplume) (F) @ Big Root  <br />Ability: Effect Spore  <br />Tera Type: Water  <br />EVs: 252 Def &#x2f; 4 SpA &#x2f; 252 SpD  <br />Bold Nature  <br />IVs: 0 Atk  <br />- Leech Seed  <br />- Strength Sap  <br />- Giga Drain  <br />- Sludge Bomb  <br /><br />Ganon (Emboar) (M) @ Assault Vest  <br />Ability: Reckless  <br />Tera Type: Dark  <br />EVs: 248 HP &#x2f; 252 Atk &#x2f; 8 SpD  <br />Adamant Nature  <br />- Superpower  <br />- Sucker Punch  <br />- Wild Charge  <br />- Flare Blitz  <br /><br />Cruelty (Tentacruel) (F) @ Leftovers  <br />Ability: Liquid Ooze  <br />Tera Type: Normal  <br />EVs: 252 HP &#x2f; 252 Atk &#x2f; 4 Def  <br />Adamant Nature  <br />- Mirror Coat  <br />- Knock Off  <br />- Rapid Spin  <br />- Liquidation  <br /><br />Ninji (Greninja) (M) @ Mental Herb  <br />Ability: Protean  <br />Tera Type: Water  <br />EVs: 252 SpA &#x2f; 4 SpD &#x2f; 252 Spe  <br />Timid Nature  <br />IVs: 0 Atk  <br />- Toxic Spikes  <br />- Spikes  <br />- Ice Beam  <br />- Hydro Pump  <br /><br />Moon Kitty (Umbreon) (F) @ Leftovers  <br />Ability: Synchronize  <br />Tera Type: Poison  <br />EVs: 252 HP &#x2f; 4 Def &#x2f; 252 SpD  <br />Calm Nature  <br />IVs: 0 Atk  <br />- Detect  <br />- Wish  <br />- Foul Play  <br />- Toxic  <br /><br />Demyx (Weavile) (F) @ Never-Melt Ice  <br />Ability: Pickpocket  <br />Tera Type: Dark  <br />EVs: 252 Atk &#x2f; 4 SpD &#x2f; 252 Spe  <br />Jolly Nature  <br />- Icicle Crash  <br />- Ice Shard  <br />- Knock Off  <br />- Swords Dance  <br /><br /></details></div>
|l|☆nocta_dz
|player|p2|
|c|☆RocketGruntLudwig|The first two moves of each Pokémon's moveset are egg moves.
|c|☆RocketGruntLudwig|https://dex.pokemonshowdown.com/pokemon/vileplume
|c|☆RocketGruntLudwig|https://dex.pokemonshowdown.com/pokemon/emboar
|c|☆RocketGruntLudwig|https://dex.pokemonshowdown.com/pokemon/tentacruel
|c|☆RocketGruntLudwig|https://dex.pokemonshowdown.com/pokemon/greninja
|c|☆RocketGruntLudwig|https://dex.pokemonshowdown.com/pokemon/umbreon
|c|☆RocketGruntLudwig|https://dex.pokemonshowdown.com/pokemon/weavile
