|j|☆Monotyrant
|j|☆Yasmina93
|t:|1743886939
|gametype|singles
|player|p1|Monotyrant|170|1151
|player|p2|Yasmina93|swimmerf|1229
|teamsize|p1|6
|teamsize|p2|6
|gen|9
|tier|[Gen 9] OU
|rated|
|rule|HP Percentage Mod: HP is shown in percentages
|rule|Endless Battle Clause: Forcing endless battles is banned
|rule|Species Clause: Limit one of each Pokémon
|rule|OHKO Clause: OHKO moves are banned
|rule|Evasion Items Clause: Evasion items are banned
|rule|Evasion Moves Clause: Evasion moves are banned
|rule|Sleep Moves Clause: Sleep-inducing moves are banned
|clearpoke
|poke|p1|Pincurchin, M|
|poke|p1|Pelipper, M|
|poke|p1|Iron Jugulis|
|poke|p1|Iron Treads|
|poke|p1|Klefki, M|
|poke|p1|Luxray, M|
|poke|p2|Great Tusk|
|poke|p2|Kingambit, M|
|poke|p2|Moltres|
|poke|p2|Gholdengo|
|poke|p2|Glimmora, F|
|poke|p2|Primarina, M|
|teampreview
|
|t:|1743886980
|start
|switch|p1a: Iron Jugulis|Iron Jugulis, shiny|100/100
|switch|p2a: Glimmora|Glimmora, F|100/100
|turn|1
|
|t:|1743886989
|switch|p2a: Primarina|Primarina, M|100/100
|move|p1a: Iron Jugulis|U-turn|p2a: Primarina
|-resisted|p2a: Primarina
|-damage|p2a: Primarina|92/100
|
|t:|1743886993
|-end|p1a: Iron Jugulis|Quark Drive|[silent]
|switch|p1a: Luxray|Luxray, M, shiny|100/100|[from] U-turn
|
|-status|p1a: Luxray|brn|[from] item: Flame Orb
|upkeep
|turn|2
|
|t:|1743887048
|switch|p2a: Great Tusk|Great Tusk|100/100
|-enditem|p2a: Great Tusk|Booster Energy
|-activate|p2a: Great Tusk|ability: Protosynthesis|[fromitem]
|-start|p2a: Great Tusk|protosynthesisspe
|move|p1a: Luxray|Trailblaze|p2a: Great Tusk
|-supereffective|p2a: Great Tusk
|-damage|p2a: Great Tusk|69/100
|-boost|p1a: Luxray|spe|1
|
|-damage|p1a: Luxray|95/100 brn|[from] brn
|upkeep
|turn|3
|inactive|Battle timer is ON: inactive players will automatically lose when time's up. (requested by Monotyrant)
|
|t:|1743887071
|switch|p1a: Pelipper|Pelipper, M, shiny|100/100
|-weather|RainDance|[from] ability: Drizzle|[of] p1a: Pelipper
|move|p2a: Great Tusk|Headlong Rush|p1a: Pelipper
|-immune|p1a: Pelipper
|
|-weather|RainDance|[upkeep]
|upkeep
|turn|4
|
|t:|1743887079
|-end|p2a: Great Tusk|Protosynthesis|[silent]
|switch|p2a: Primarina|Primarina, M|92/100
|move|p1a: Pelipper|U-turn|p2a: Primarina
|-resisted|p2a: Primarina
|-damage|p2a: Primarina|87/100
|
|t:|1743887087
|switch|p1a: Luxray|Luxray, M, shiny|95/100 brn|[from] U-turn
|
|-weather|RainDance|[upkeep]
|-damage|p1a: Luxray|89/100 brn|[from] brn
|upkeep
|turn|5
|
|t:|1743887110
|-terastallize|p1a: Luxray|Normal
|move|p1a: Luxray|Facade|p2a: Primarina
|-damage|p2a: Primarina|0 fnt
|faint|p2a: Primarina
|
|-weather|RainDance|[upkeep]
|-damage|p1a: Luxray|83/100 brn|[from] brn
|upkeep
|-message|Yasmina93 forfeited.
|
|win|Monotyrant
|raw|Monotyrant's rating: 1151 &rarr; <strong>1182</strong><br />(+31 for winning)
|raw|Yasmina93's rating: 1229 &rarr; <strong>1198</strong><br />(-31 for losing)
|l|☆Yasmina93
|player|p2|
