|j|☆juanitron23
|j|☆staaars
|t:|1743794134
|gametype|singles
|player|p1|juanitron23|265|1151
|player|p2|staaars|petrel|1162
|teamsize|p1|6
|teamsize|p2|6
|gen|9
|tier|[Gen 9] OU
|rated|
|rule|HP Percentage Mod: HP is shown in percentages
|rule|Endless Battle Clause: Forcing endless battles is banned
|rule|Species Clause: Limit one of each Pokémon
|rule|OHKO Clause: OHKO moves are banned
|rule|Evasion Items Clause: Evasion items are banned
|rule|Evasion Moves Clause: Evasion moves are banned
|rule|Sleep Moves Clause: Sleep-inducing moves are banned
|clearpoke
|poke|p1|Garchomp, F|
|poke|p1|Enamorus, F|
|poke|p1|Corviknight, M|
|poke|p1|Slowking-Galar, F|
|poke|p1|Ting-Lu|
|poke|p1|Meowscarada, F|
|poke|p2|Weavile, F|
|poke|p2|Weezing-Galar, M|
|poke|p2|Alomomola, F|
|poke|p2|Ting-Lu|
|poke|p2|Corviknight, F|
|poke|p2|Dondozo, F|
|teampreview
|
|t:|1743794138
|start
|switch|p1a: Garchomp|Garchomp, F|100/100
|switch|p2a: Weavile|Weavile, F|100/100
|-ability|p2a: Weavile|Pressure
|turn|1
|
|t:|1743794144
|-terastallize|p1a: Garchomp|Steel
|move|p2a: Weavile|Icicle Crash|p1a: Garchomp
|-resisted|p1a: Garchomp
|-damage|p1a: Garchomp|78/100
|move|p1a: Garchomp|Swords Dance|p1a: Garchomp
|-boost|p1a: Garchomp|atk|2
|
|upkeep
|turn|2
|
|t:|1743794159
|switch|p2a: Dondozo|Dondozo, F|100/100
|move|p1a: Garchomp|Tera Blast|p2a: Dondozo|[anim] Tera Blast Steel
|-resisted|p2a: Dondozo
|-damage|p2a: Dondozo|89/100
|
|-heal|p2a: Dondozo|95/100|[from] item: Leftovers
|upkeep
|turn|3
|
|t:|1743794167
|move|p1a: Garchomp|Scale Shot|p2a: Dondozo
|-damage|p2a: Dondozo|86/100
|-damage|p2a: Dondozo|78/100
|-damage|p2a: Dondozo|69/100
|-damage|p2a: Dondozo|61/100
|-damage|p2a: Dondozo|53/100
|-hitcount|p2a: Dondozo|5
|-unboost|p1a: Garchomp|def|1
|-boost|p1a: Garchomp|spe|1
|move|p2a: Dondozo|Curse|p2a: Dondozo
|-unboost|p2a: Dondozo|spe|1
|-boost|p2a: Dondozo|atk|1
|-boost|p2a: Dondozo|def|1
|
|-heal|p2a: Dondozo|59/100|[from] item: Leftovers
|upkeep
|turn|4
|
|t:|1743794175
|move|p1a: Garchomp|Earthquake|p2a: Dondozo
|-damage|p2a: Dondozo|37/100
|move|p2a: Dondozo|Curse|p2a: Dondozo
|-unboost|p2a: Dondozo|spe|1
|-boost|p2a: Dondozo|atk|1
|-boost|p2a: Dondozo|def|1
|
|-heal|p2a: Dondozo|43/100|[from] item: Leftovers
|upkeep
|turn|5
|
|t:|1743794183
|move|p1a: Garchomp|Earthquake|p2a: Dondozo
|-damage|p2a: Dondozo|28/100
|move|p2a: Dondozo|Rest|p2a: Dondozo
|-status|p2a: Dondozo|slp|[from] move: Rest
|-heal|p2a: Dondozo|100/100 slp|[silent]
|
|upkeep
|turn|6
|
|t:|1743794189
|switch|p1a: Ting-Lu|Ting-Lu|100/100
|-ability|p1a: Ting-Lu|Vessel of Ruin
|cant|p2a: Dondozo|slp
|move|p2a: Dondozo|Sleep Talk|p2a: Dondozo
|move|p2a: Dondozo|Waterfall|p1a: Ting-Lu|[from] move: Sleep Talk
|-supereffective|p1a: Ting-Lu
|-damage|p1a: Ting-Lu|39/100
|
|-heal|p1a: Ting-Lu|45/100|[from] item: Leftovers
|upkeep
|turn|7
|
|t:|1743794193
|cant|p2a: Dondozo|slp
|move|p2a: Dondozo|Sleep Talk|p2a: Dondozo
|move|p2a: Dondozo|Rest||[from] move: Sleep Talk|[still]
|-fail|p2a: Dondozo
|move|p1a: Ting-Lu|Whirlwind|p2a: Dondozo
|drag|p2a: Corviknight|Corviknight, F|100/100
|-ability|p2a: Corviknight|Pressure
|
|-heal|p1a: Ting-Lu|51/100|[from] item: Leftovers
|upkeep
|turn|8
|
|t:|1743794204
|switch|p2a: Alomomola|Alomomola, F|100/100
|move|p1a: Ting-Lu|Throat Chop|p2a: Alomomola
|-damage|p2a: Alomomola|84/100
|-start|p2a: Alomomola|Throat Chop|[silent]
|
|-heal|p1a: Ting-Lu|57/100|[from] item: Leftovers
|-heal|p2a: Alomomola|90/100|[from] item: Leftovers
|upkeep
|turn|9
|
|t:|1743794211
|switch|p1a: Garchomp|Garchomp, F, tera:Steel|78/100
|move|p2a: Alomomola|Flip Turn|p1a: Garchomp
|-damage|p1a: Garchomp|61/100
|-damage|p2a: Alomomola|78/100|[from] ability: Rough Skin|[of] p1a: Garchomp
|
|t:|1743794224
|switch|p2a: Dondozo|Dondozo, F|100/100 slp|[from] Flip Turn
|
|upkeep
|turn|10
|
|t:|1743794229
|move|p1a: Garchomp|Swords Dance|p1a: Garchomp
|-boost|p1a: Garchomp|atk|2
|-curestatus|p2a: Dondozo|slp|[msg]
|move|p2a: Dondozo|Sleep Talk||[still]
|-fail|p2a: Dondozo
|
|upkeep
|turn|11
|
|t:|1743794237
|move|p1a: Garchomp|Scale Shot|p2a: Dondozo
|-damage|p2a: Dondozo|93/100
|-damage|p2a: Dondozo|85/100
|-damage|p2a: Dondozo|77/100
|-damage|p2a: Dondozo|69/100
|-hitcount|p2a: Dondozo|4
|-unboost|p1a: Garchomp|def|1
|-boost|p1a: Garchomp|spe|1
|move|p2a: Dondozo|Curse|p2a: Dondozo
|-unboost|p2a: Dondozo|spe|1
|-boost|p2a: Dondozo|atk|1
|-boost|p2a: Dondozo|def|1
|
|-heal|p2a: Dondozo|75/100|[from] item: Leftovers
|upkeep
|turn|12
|
|t:|1743794248
|move|p1a: Garchomp|Earthquake|p2a: Dondozo
|-damage|p2a: Dondozo|53/100
|move|p2a: Dondozo|Curse|p2a: Dondozo
|-unboost|p2a: Dondozo|spe|1
|-boost|p2a: Dondozo|atk|1
|-boost|p2a: Dondozo|def|1
|
|-heal|p2a: Dondozo|59/100|[from] item: Leftovers
|upkeep
|turn|13
|
|t:|1743794253
|move|p1a: Garchomp|Earthquake|p2a: Dondozo
|-damage|p2a: Dondozo|43/100
|move|p2a: Dondozo|Waterfall|p1a: Garchomp
|-damage|p1a: Garchomp|7/100
|-damage|p2a: Dondozo|31/100|[from] ability: Rough Skin|[of] p1a: Garchomp
|
|-heal|p2a: Dondozo|37/100|[from] item: Leftovers
|upkeep
|turn|14
|
|t:|1743794259
|move|p1a: Garchomp|Scale Shot|p2a: Dondozo
|-damage|p2a: Dondozo|33/100
|-crit|p2a: Dondozo
|-damage|p2a: Dondozo|20/100
|-damage|p2a: Dondozo|16/100
|-damage|p2a: Dondozo|12/100
|-hitcount|p2a: Dondozo|4
|-unboost|p1a: Garchomp|def|1
|-boost|p1a: Garchomp|spe|1
|move|p2a: Dondozo|Rest|p2a: Dondozo
|-status|p2a: Dondozo|slp|[from] move: Rest
|-heal|p2a: Dondozo|100/100 slp|[silent]
|
|upkeep
|turn|15
|
|t:|1743794267
|switch|p1a: Meowscarada|Meowscarada, F|100/100
|cant|p2a: Dondozo|slp
|move|p2a: Dondozo|Sleep Talk|p2a: Dondozo
|move|p2a: Dondozo|Curse|p2a: Dondozo|[from] move: Sleep Talk
|-unboost|p2a: Dondozo|spe|1
|-boost|p2a: Dondozo|atk|1
|-boost|p2a: Dondozo|def|1
|
|upkeep
|turn|16
|
|t:|1743794279
|move|p1a: Meowscarada|Flower Trick|p2a: Dondozo
|-start|p1a: Meowscarada|typechange|Grass|[from] ability: Protean
|-supereffective|p2a: Dondozo
|-crit|p2a: Dondozo
|-damage|p2a: Dondozo|44/100 slp
|cant|p2a: Dondozo|slp
|move|p2a: Dondozo|Sleep Talk|p2a: Dondozo
|move|p2a: Dondozo|Waterfall|p1a: Meowscarada|[from] move: Sleep Talk
|-resisted|p1a: Meowscarada
|-damage|p1a: Meowscarada|45/100
|
|-heal|p2a: Dondozo|50/100 slp|[from] item: Leftovers
|upkeep
|turn|17
|inactive|Battle timer is ON: inactive players will automatically lose when time's up. (requested by juanitron23)
|
|t:|1743794309
|switch|p2a: Corviknight|Corviknight, F|100/100
|-ability|p2a: Corviknight|Pressure
|move|p1a: Meowscarada|Flower Trick|p2a: Corviknight
|-resisted|p2a: Corviknight
|-crit|p2a: Corviknight
|-damage|p2a: Corviknight|92/100
|
|upkeep
|turn|18
|
|t:|1743794315
|switch|p1a: Tapu-Lele|Enamorus, F|100/100
|move|p2a: Corviknight|Brave Bird|p1a: Tapu-Lele
|-crit|p1a: Tapu-Lele
|-damage|p1a: Tapu-Lele|13/100
|-damage|p2a: Corviknight|69/100|[from] Recoil
|
|upkeep
|turn|19
|
|t:|1743794334
|switch|p2a: Ting-Lu|Ting-Lu|100/100
|-ability|p2a: Ting-Lu|Vessel of Ruin
|move|p1a: Tapu-Lele|Mystical Fire|p2a: Ting-Lu
|-damage|p2a: Ting-Lu|84/100
|-unboost|p2a: Ting-Lu|spa|1
|
|-heal|p2a: Ting-Lu|90/100|[from] item: Leftovers
|upkeep
|turn|20
|
|t:|1743794343
|switch|p1a: Meowscarada|Meowscarada, F|45/100
|move|p2a: Ting-Lu|Spikes|p1a: Meowscarada
|-sidestart|p1: juanitron23|Spikes
|
|-heal|p2a: Ting-Lu|96/100|[from] item: Leftovers
|upkeep
|turn|21
|
|t:|1743794352
|switch|p2a: Corviknight|Corviknight, F|69/100
|-ability|p2a: Corviknight|Pressure
|move|p1a: Meowscarada|Flower Trick|p2a: Corviknight
|-start|p1a: Meowscarada|typechange|Grass|[from] ability: Protean
|-resisted|p2a: Corviknight
|-crit|p2a: Corviknight
|-damage|p2a: Corviknight|60/100
|
|upkeep
|turn|22
|
|t:|1743794363
|switch|p1a: Slowking|Slowking-Galar, F|100/100
|-damage|p1a: Slowking|88/100|[from] Spikes
|move|p2a: Corviknight|Iron Defense|p2a: Corviknight
|-boost|p2a: Corviknight|def|2
|
|upkeep
|turn|23
|
|t:|1743794368
|switch|p2a: Ting-Lu|Ting-Lu|96/100
|-ability|p2a: Ting-Lu|Vessel of Ruin
|move|p1a: Slowking|Ice Beam|p2a: Ting-Lu
|-supereffective|p2a: Ting-Lu
|-damage|p2a: Ting-Lu|76/100
|
|-heal|p2a: Ting-Lu|82/100|[from] item: Leftovers
|upkeep
|turn|24
|
|t:|1743794378
|move|p2a: Ting-Lu|Earthquake|p1a: Slowking
|-supereffective|p1a: Slowking
|-damage|p1a: Slowking|13/100
|move|p1a: Slowking|Ice Beam|p2a: Ting-Lu
|-supereffective|p2a: Ting-Lu
|-damage|p2a: Ting-Lu|61/100
|
|-heal|p2a: Ting-Lu|68/100|[from] item: Leftovers
|upkeep
|turn|25
|-message|juanitron23 forfeited.
|
|win|staaars
|raw|juanitron23's rating: 1151 &rarr; <strong>1127</strong><br />(-24 for losing)
|raw|staaars's rating: 1162 &rarr; <strong>1186</strong><br />(+24 for winning)
