|j|☆Samaeeel
|j|☆MasterDelphox
|t:|1743912738
|gametype|singles
|player|p1|Samaeeel|blue|1082
|player|p2|MasterDelphox|buck|1082
|teamsize|p1|6
|teamsize|p2|6
|gen|9
|tier|[Gen 9] OU
|rated|
|rule|HP Percentage Mod: HP is shown in percentages
|rule|Endless Battle Clause: Forcing endless battles is banned
|rule|Species Clause: Limit one of each Pokémon
|rule|OHKO Clause: OHKO moves are banned
|rule|Evasion Items Clause: Evasion items are banned
|rule|Evasion Moves Clause: Evasion moves are banned
|rule|Sleep Moves Clause: Sleep-inducing moves are banned
|clearpoke
|poke|p1|Garganacl, M|
|poke|p1|Glimmora, F|
|poke|p1|Iron Valiant|
|poke|p1|Great Tusk|
|poke|p1|Walking Wake|
|poke|p1|Enamorus, F|
|poke|p2|Tauros-Paldea-Blaze, M|
|poke|p2|Milotic, F|
|poke|p2|Hydrapple, M|
|poke|p2|Bellibolt, M|
|poke|p2|Grafaiai, M|
|poke|p2|Gliscor, M|
|teampreview
|inactive|Battle timer is ON: inactive players will automatically lose when time's up. (requested by Samaeeel)
|
|t:|1743912762
|start
|switch|p1a: Garganacl|Garganacl, M|100/100
|switch|p2a: Grafaiai|Grafaiai, M|100/100
|turn|1
|
|t:|1743912782
|move|p2a: Grafaiai|Taunt|p1a: Garganacl
|-start|p1a: Garganacl|move: Taunt
|move|p1a: Garganacl|Salt Cure|p2a: Grafaiai
|-damage|p2a: Grafaiai|76/100
|-start|p2a: Grafaiai|Salt Cure
|
|-damage|p2a: Grafaiai|64/100|[from] Salt Cure
|upkeep
|turn|2
|
|t:|1743912796
|move|p2a: Grafaiai|Knock Off|p1a: Garganacl
|-damage|p1a: Garganacl|83/100
|-enditem|p1a: Garganacl|Leftovers|[from] move: Knock Off|[of] p2a: Grafaiai
|move|p1a: Garganacl|Salt Cure|p2a: Grafaiai
|-damage|p2a: Grafaiai|39/100
|
|-damage|p2a: Grafaiai|26/100|[from] Salt Cure
|upkeep
|turn|3
|
|t:|1743912804
|move|p2a: Grafaiai|Parting Shot|p1a: Garganacl
|-unboost|p1a: Garganacl|atk|1
|-unboost|p1a: Garganacl|spa|1
|
|t:|1743912810
|switch|p2a: Milotic|Milotic, F, shiny|100/100|[from] Parting Shot
|move|p1a: Garganacl|Salt Cure|p2a: Milotic
|-damage|p2a: Milotic|94/100
|-start|p2a: Milotic|Salt Cure
|
|-damage|p2a: Milotic|69/100|[from] Salt Cure
|-end|p1a: Garganacl|move: Taunt
|-status|p2a: Milotic|brn|[from] item: Flame Orb
|upkeep
|turn|4
|
|t:|1743912826
|-terastallize|p1a: Garganacl|Water
|move|p2a: Milotic|Scald|p1a: Garganacl
|-resisted|p1a: Garganacl
|-damage|p1a: Garganacl|74/100
|move|p1a: Garganacl|Stealth Rock|p2a: Milotic
|-sidestart|p2: MasterDelphox|move: Stealth Rock
|
|-damage|p2a: Milotic|63/100 brn|[from] brn
|-damage|p2a: Milotic|38/100 brn|[from] Salt Cure
|upkeep
|turn|5
|
|t:|1743912837
|switch|p2a: Bellibolt|Bellibolt, M|100/100
|-damage|p2a: Bellibolt|88/100|[from] Stealth Rock
|move|p1a: Garganacl|Salt Cure|p2a: Bellibolt
|-damage|p2a: Bellibolt|80/100
|-start|p2a: Bellibolt|Salt Cure
|-start|p2a: Bellibolt|Charge|Salt Cure|[from] ability: Electromorphosis
|
|-heal|p2a: Bellibolt|86/100|[from] item: Leftovers
|-damage|p2a: Bellibolt|73/100|[from] Salt Cure
|upkeep
|turn|6
|
|t:|1743912848
|switch|p1a: Great Tusk|Great Tusk|100/100
|move|p2a: Bellibolt|Chilling Water|p1a: Great Tusk
|-supereffective|p1a: Great Tusk
|-damage|p1a: Great Tusk|50/100
|-unboost|p1a: Great Tusk|atk|1
|
|-heal|p2a: Bellibolt|80/100|[from] item: Leftovers
|-damage|p2a: Bellibolt|67/100|[from] Salt Cure
|upkeep
|turn|7
|
|t:|1743912858
|switch|p2a: Gliscor|Gliscor, M|100/100
|-damage|p2a: Gliscor|88/100|[from] Stealth Rock
|move|p1a: Great Tusk|Knock Off|p2a: Gliscor
|-damage|p2a: Gliscor|68/100
|-enditem|p2a: Gliscor|Toxic Orb|[from] move: Knock Off|[of] p1a: Great Tusk
|
|upkeep
|turn|8
|
|t:|1743912866
|move|p2a: Gliscor|Earthquake|p1a: Great Tusk
|-damage|p1a: Great Tusk|20/100
|move|p1a: Great Tusk|Ice Spinner|p2a: Gliscor
|-supereffective|p2a: Gliscor
|-damage|p2a: Gliscor|0 fnt
|faint|p2a: Gliscor
|
|upkeep
|
|t:|1743912875
|switch|p2a: Milotic|Milotic, F, shiny|38/100 brn
|-damage|p2a: Milotic|26/100 brn|[from] Stealth Rock
|turn|9
|
|t:|1743912880
|move|p1a: Great Tusk|Headlong Rush|p2a: Milotic
|-damage|p2a: Milotic|4/100 brn
|-unboost|p1a: Great Tusk|def|1
|-unboost|p1a: Great Tusk|spd|1
|move|p2a: Milotic|Recover|p2a: Milotic
|-heal|p2a: Milotic|54/100 brn
|
|-damage|p2a: Milotic|48/100 brn|[from] brn
|upkeep
|turn|10
|
|t:|1743912896
|-end|p1a: Great Tusk|Protosynthesis|[silent]
|switch|p1a: Garganacl|Garganacl, M, tera:Water|74/100
|move|p2a: Milotic|Recover|p2a: Milotic
|-heal|p2a: Milotic|98/100 brn
|
|-damage|p2a: Milotic|92/100 brn|[from] brn
|upkeep
|turn|11
|
|t:|1743912904
|switch|p2a: Grafaiai|Grafaiai, M|26/100
|-damage|p2a: Grafaiai|14/100|[from] Stealth Rock
|move|p1a: Garganacl|Salt Cure|p2a: Grafaiai
|-damage|p2a: Grafaiai|0 fnt
|faint|p2a: Grafaiai
|
|upkeep
|
|t:|1743912914
|switch|p2a: Bellibolt|Bellibolt, M|67/100
|-damage|p2a: Bellibolt|55/100|[from] Stealth Rock
|turn|12
|
|t:|1743912922
|move|p2a: Bellibolt|Acid Spray|p1a: Garganacl
|-crit|p1a: Garganacl
|-damage|p1a: Garganacl|61/100
|-unboost|p1a: Garganacl|spd|2
|move|p1a: Garganacl|Recover|p1a: Garganacl
|-heal|p1a: Garganacl|100/100
|
|-heal|p2a: Bellibolt|61/100|[from] item: Leftovers
|upkeep
|turn|13
|
|t:|1743912931
|move|p2a: Bellibolt|Parabolic Charge|p1a: Garganacl
|-supereffective|p1a: Garganacl
|-damage|p1a: Garganacl|17/100
|-heal|p2a: Bellibolt|100/100|[from] drain|[of] p1a: Garganacl
|move|p1a: Garganacl|Salt Cure|p2a: Bellibolt
|-damage|p2a: Bellibolt|88/100
|-start|p2a: Bellibolt|Salt Cure
|-start|p2a: Bellibolt|Charge|Salt Cure|[from] ability: Electromorphosis
|
|-heal|p2a: Bellibolt|95/100|[from] item: Leftovers
|-damage|p2a: Bellibolt|82/100|[from] Salt Cure
|upkeep
|turn|14
|
|t:|1743912943
|switch|p1a: Great Tusk|Great Tusk|20/100
|move|p2a: Bellibolt|Chilling Water|p1a: Great Tusk
|-supereffective|p1a: Great Tusk
|-damage|p1a: Great Tusk|0 fnt
|faint|p1a: Great Tusk
|-end|p1a: Great Tusk|Protosynthesis|[silent]
|
|-heal|p2a: Bellibolt|88/100|[from] item: Leftovers
|-damage|p2a: Bellibolt|76/100|[from] Salt Cure
|upkeep
|
|t:|1743912953
|switch|p1a: Enamorus|Enamorus, F|100/100
|turn|15
|
|t:|1743912958
|move|p1a: Enamorus|Moonblast|p2a: Bellibolt
|-damage|p2a: Bellibolt|29/100
|-start|p2a: Bellibolt|Charge|Moonblast|[from] ability: Electromorphosis
|move|p2a: Bellibolt|Parabolic Charge|p1a: Enamorus
|-supereffective|p1a: Enamorus
|-damage|p1a: Enamorus|0 fnt
|-heal|p2a: Bellibolt|63/100|[from] drain|[of] p1a: Enamorus
|faint|p1a: Enamorus
|-end|p2a: Bellibolt|Charge|[silent]
|
|-heal|p2a: Bellibolt|69/100|[from] item: Leftovers
|-damage|p2a: Bellibolt|57/100|[from] Salt Cure
|upkeep
|
|t:|1743912971
|switch|p1a: Glimmora|Glimmora, F|100/100
|turn|16
|
|t:|1743912975
|switch|p2a: Milotic|Milotic, F, shiny|92/100 brn
|-damage|p2a: Milotic|80/100 brn|[from] Stealth Rock
|move|p1a: Glimmora|Earth Power|p2a: Milotic
|-crit|p2a: Milotic
|-damage|p2a: Milotic|45/100 brn
|
|-damage|p2a: Milotic|39/100 brn|[from] brn
|upkeep
|turn|17
|
|t:|1743912984
|move|p1a: Glimmora|Power Gem|p2a: Milotic
|-damage|p2a: Milotic|11/100 brn
|move|p2a: Milotic|Recover|p2a: Milotic
|-heal|p2a: Milotic|61/100 brn
|
|-damage|p2a: Milotic|55/100 brn|[from] brn
|upkeep
|turn|18
|
|t:|1743913001
|switch|p1a: Garganacl|Garganacl, M, tera:Water|17/100
|switch|p2a: Tauros|Tauros-Paldea-Blaze, M|100/100
|-damage|p2a: Tauros|88/100|[from] Stealth Rock
|-ability|p2a: Tauros|Intimidate|boost
|-unboost|p1a: Garganacl|atk|1
|
|upkeep
|turn|19
|
|t:|1743913010
|move|p2a: Tauros|Earthquake|p1a: Garganacl
|-crit|p1a: Garganacl
|-damage|p1a: Garganacl|0 fnt
|faint|p1a: Garganacl
|
|upkeep
|
|t:|1743913016
|switch|p1a: Walking Wake|Walking Wake|100/100
|-enditem|p1a: Walking Wake|Booster Energy
|-activate|p1a: Walking Wake|ability: Protosynthesis|[fromitem]
|-start|p1a: Walking Wake|protosynthesisspa
|turn|20
|
|t:|1743913027
|switch|p2a: Milotic|Milotic, F, shiny|55/100 brn
|-damage|p2a: Milotic|43/100 brn|[from] Stealth Rock
|move|p1a: Walking Wake|Draco Meteor|p2a: Milotic
|-damage|p2a: Milotic|0 fnt
|-unboost|p1a: Walking Wake|spa|2
|faint|p2a: Milotic
|
|upkeep
|
|t:|1743913036
|switch|p2a: Bellibolt|Bellibolt, M|57/100
|-damage|p2a: Bellibolt|45/100|[from] Stealth Rock
|turn|21
|
|t:|1743913040
|move|p1a: Walking Wake|Draco Meteor|p2a: Bellibolt
|-damage|p2a: Bellibolt|6/100
|-unboost|p1a: Walking Wake|spa|2
|-start|p2a: Bellibolt|Charge|Draco Meteor|[from] ability: Electromorphosis
|move|p2a: Bellibolt|Slack Off|p2a: Bellibolt
|-heal|p2a: Bellibolt|56/100
|
|-heal|p2a: Bellibolt|62/100|[from] item: Leftovers
|upkeep
|turn|22
|
|t:|1743913050
|-end|p1a: Walking Wake|Protosynthesis|[silent]
|switch|p1a: Glimmora|Glimmora, F|100/100
|move|p2a: Bellibolt|Slack Off|p2a: Bellibolt
|-heal|p2a: Bellibolt|100/100
|
|upkeep
|turn|23
|
|t:|1743913059
|move|p1a: Glimmora|Mortal Spin|p2a: Bellibolt
|-damage|p2a: Bellibolt|95/100
|-status|p2a: Bellibolt|psn
|-start|p2a: Bellibolt|Charge|Mortal Spin|[from] ability: Electromorphosis
|move|p2a: Bellibolt|Parabolic Charge|p1a: Glimmora
|-damage|p1a: Glimmora|13/100
|-heal|p2a: Bellibolt|100/100 psn|[from] drain|[of] p1a: Glimmora
|-end|p2a: Bellibolt|Charge|[silent]
|
|-damage|p2a: Bellibolt|88/100 psn|[from] psn
|upkeep
|turn|24
|
|t:|1743913071
|switch|p2a: Tauros|Tauros-Paldea-Blaze, M|88/100
|-damage|p2a: Tauros|76/100|[from] Stealth Rock
|-ability|p2a: Tauros|Intimidate|boost
|-unboost|p1a: Glimmora|atk|1
|move|p1a: Glimmora|Power Gem|p2a: Tauros
|-damage|p2a: Tauros|7/100
|
|upkeep
|turn|25
|
|t:|1743913079
|move|p2a: Tauros|Raging Bull|p1a: Glimmora
|-resisted|p1a: Glimmora
|-damage|p1a: Glimmora|0 fnt
|-activate|p1a: Glimmora|ability: Toxic Debris
|-sidestart|p2: MasterDelphox|move: Toxic Spikes
|faint|p1a: Glimmora
|
|upkeep
|
|t:|1743913085
|switch|p1a: Walking Wake|Walking Wake|100/100
|turn|26
|
|t:|1743913091
|move|p1a: Walking Wake|Hydro Steam|p2a: Tauros
|-supereffective|p2a: Tauros
|-crit|p2a: Tauros
|-damage|p2a: Tauros|0 fnt
|faint|p2a: Tauros
|
|upkeep
|
|t:|1743913098
|switch|p2a: Hydrapple|Hydrapple, M, shiny|100/100
|-damage|p2a: Hydrapple|88/100|[from] Stealth Rock
|-status|p2a: Hydrapple|psn
|turn|27
|
|t:|1743913105
|move|p1a: Walking Wake|Draco Meteor|p2a: Hydrapple
|-supereffective|p2a: Hydrapple
|-damage|p2a: Hydrapple|0 fnt
|-unboost|p1a: Walking Wake|spa|2
|faint|p2a: Hydrapple
|
|upkeep
|
|t:|1743913108
|switch|p2a: Bellibolt|Bellibolt, M|88/100 psn
|-damage|p2a: Bellibolt|76/100 psn|[from] Stealth Rock
|turn|28
|
|t:|1743913126
|-terastallize|p2a: Bellibolt|Electric
|move|p1a: Walking Wake|Hydro Steam|p2a: Bellibolt
|-damage|p2a: Bellibolt|55/100 psn
|-start|p2a: Bellibolt|Charge|Hydro Steam|[from] ability: Electromorphosis
|move|p2a: Bellibolt|Parabolic Charge|p1a: Walking Wake
|-damage|p1a: Walking Wake|2/100
|-heal|p2a: Bellibolt|95/100 psn|[from] drain|[of] p1a: Walking Wake
|-end|p2a: Bellibolt|Charge|[silent]
|
|-heal|p2a: Bellibolt|100/100 psn|[from] item: Leftovers
|-damage|p2a: Bellibolt|88/100 psn|[from] psn
|upkeep
|turn|29
|
|t:|1743913138
|move|p1a: Walking Wake|Hydro Steam|p2a: Bellibolt
|-damage|p2a: Bellibolt|70/100 psn
|-start|p2a: Bellibolt|Charge|Hydro Steam|[from] ability: Electromorphosis
|move|p2a: Bellibolt|Chilling Water|p1a: Walking Wake
|-resisted|p1a: Walking Wake
|-damage|p1a: Walking Wake|0 fnt
|faint|p1a: Walking Wake
|-end|p1a: Walking Wake|Protosynthesis|[silent]
|
|-heal|p2a: Bellibolt|76/100 psn|[from] item: Leftovers
|-damage|p2a: Bellibolt|64/100 psn|[from] psn
|upkeep
|
|t:|1743913148
|switch|p1a: Iron Valiant|Iron Valiant|100/100
|-enditem|p1a: Iron Valiant|Booster Energy
|-activate|p1a: Iron Valiant|ability: Quark Drive|[fromitem]
|-start|p1a: Iron Valiant|quarkdrivespe
|turn|30
|
|t:|1743913154
|move|p1a: Iron Valiant|Moonblast|p2a: Bellibolt
|-damage|p2a: Bellibolt|23/100 psn
|-start|p2a: Bellibolt|Charge|Moonblast|[from] ability: Electromorphosis
|move|p2a: Bellibolt|Parabolic Charge|p1a: Iron Valiant
|-damage|p1a: Iron Valiant|0 fnt
|-heal|p2a: Bellibolt|57/100 psn|[from] drain|[of] p1a: Iron Valiant
|faint|p1a: Iron Valiant
|-end|p1a: Iron Valiant|Quark Drive|[silent]
|-end|p2a: Bellibolt|Charge|[silent]
|
|win|MasterDelphox
|raw|Samaeeel's rating: 1082 &rarr; <strong>1060</strong><br />(-22 for losing)
|raw|MasterDelphox's rating: 1082 &rarr; <strong>1110</strong><br />(+28 for winning)
|l|☆Samaeeel
|player|p1|
|l|☆MasterDelphox
|player|p2|
