|j|☆adocks3
|j|☆Liiiy
|t:|1743802986
|gametype|singles
|player|p1|adocks3|red|1359
|player|p2|Liiiy|170|1396
|teamsize|p1|6
|teamsize|p2|6
|gen|9
|tier|[Gen 9] OU
|rated|
|rule|HP Percentage Mod: HP is shown in percentages
|rule|Endless Battle Clause: Forcing endless battles is banned
|rule|Species Clause: Limit one of each Pokémon
|rule|OHKO Clause: OHKO moves are banned
|rule|Evasion Items Clause: Evasion items are banned
|rule|Evasion Moves Clause: Evasion moves are banned
|rule|Sleep Moves Clause: Sleep-inducing moves are banned
|clearpoke
|poke|p1|Kingambit, M|
|poke|p1|Alomomola, F|
|poke|p1|Gliscor, M|
|poke|p1|Ogerpon-Wellspring, F|
|poke|p1|Excadrill, M|
|poke|p1|Pelipper, M|
|poke|p2|Exeggutor-Alola, F|
|poke|p2|Clefable, M|
|poke|p2|Great Tusk|
|poke|p2|Scizor, F|
|poke|p2|Moltres|
|poke|p2|Ogerpon-Cornerstone, F|
|teampreview
|inactive|Battle timer is ON: inactive players will automatically lose when time's up. (requested by Liiiy)
|
|t:|1743803003
|start
|switch|p1a: Pelipper|Pelipper, M, shiny|100/100
|switch|p2a: Ogerpon|Ogerpon-Cornerstone, F|100/100
|-weather|RainDance|[from] ability: Drizzle|[of] p1a: Pelipper
|turn|1
|
|t:|1743803027
|switch|p1a: Excadrill|Excadrill, M, shiny|100/100
|move|p2a: Ogerpon|Swords Dance|p2a: Ogerpon
|-boost|p2a: Ogerpon|atk|2
|
|-weather|RainDance|[upkeep]
|upkeep
|turn|2
|
|t:|1743803046
|move|p2a: Ogerpon|Trailblaze|p1a: Excadrill
|-damage|p1a: Excadrill|15/100
|-boost|p2a: Ogerpon|spe|1
|move|p1a: Excadrill|Rapid Spin|p2a: Ogerpon
|-resisted|p2a: Ogerpon
|-damage|p2a: Ogerpon|89/100
|-boost|p1a: Excadrill|spe|1
|
|-weather|RainDance|[upkeep]
|upkeep
|turn|3
|inactive|adocks3 has 120 seconds left.
|
|t:|1743803080
|move|p2a: Ogerpon|Ivy Cudgel|p1a: Excadrill|[anim] Ivy Cudgel Rock
|-resisted|p1a: Excadrill
|-damage|p1a: Excadrill|0 fnt
|faint|p1a: Excadrill
|
|-weather|RainDance|[upkeep]
|upkeep
|
|t:|1743803099
|switch|p1a: Kingambit|Kingambit, M, shiny|100/100
|-activate|p1a: Kingambit|ability: Supreme Overlord
|-start|p1a: Kingambit|fallen1|[silent]
|turn|4
|
|t:|1743803106
|switch|p2a: Great Tusk|Great Tusk|100/100
|move|p1a: Kingambit|Sucker Punch||[still]
|-fail|p1a: Kingambit
|
|-weather|RainDance|[upkeep]
|upkeep
|turn|5
|
|t:|1743803114
|-end|p1a: Kingambit|fallen1|[silent]
|switch|p1a: Pelipper|Pelipper, M, shiny|100/100
|move|p2a: Great Tusk|Knock Off|p1a: Pelipper
|-damage|p1a: Pelipper|80/100
|-enditem|p1a: Pelipper|Heavy-Duty Boots|[from] move: Knock Off|[of] p2a: Great Tusk
|
|-weather|none
|upkeep
|turn|6
|
|t:|1743803119
|-end|p2a: Great Tusk|Protosynthesis|[silent]
|switch|p2a: Clefable|Clefable, M|100/100
|move|p1a: Pelipper|U-turn|p2a: Clefable
|-resisted|p2a: Clefable
|-damage|p2a: Clefable|96/100
|
|t:|1743803129
|switch|p1a: Kingambit|Kingambit, M, shiny|100/100|[from] U-turn
|-activate|p1a: Kingambit|ability: Supreme Overlord
|-start|p1a: Kingambit|fallen1|[silent]
|
|-heal|p2a: Clefable|100/100|[from] item: Leftovers
|upkeep
|turn|7
|
|t:|1743803134
|switch|p2a: Great Tusk|Great Tusk|100/100
|move|p1a: Kingambit|Iron Head|p2a: Great Tusk
|-damage|p2a: Great Tusk|70/100
|-damage|p1a: Kingambit|84/100|[from] item: Rocky Helmet|[of] p2a: Great Tusk
|
|-heal|p1a: Kingambit|90/100|[from] item: Leftovers
|upkeep
|turn|8
|inactive|adocks3 has 120 seconds left.
|
|t:|1743803142
|-end|p2a: Great Tusk|Protosynthesis|[silent]
|switch|p2a: Scizor|Scizor, F|100/100
|-end|p1a: Kingambit|fallen1|[silent]
|switch|p1a: Pelipper|Pelipper, M, shiny|80/100
|-weather|RainDance|[from] ability: Drizzle|[of] p1a: Pelipper
|
|-weather|RainDance|[upkeep]
|upkeep
|turn|9
|
|t:|1743803148
|move|p2a: Scizor|U-turn|p1a: Pelipper
|-resisted|p1a: Pelipper
|-damage|p1a: Pelipper|55/100
|
|t:|1743803151
|switch|p2a: Clefable|Clefable, M|100/100|[from] U-turn
|move|p1a: Pelipper|Weather Ball|p2a: Clefable
|-damage|p2a: Clefable|65/100
|
|-weather|RainDance|[upkeep]
|-heal|p2a: Clefable|71/100|[from] item: Leftovers
|upkeep
|turn|10
|
|t:|1743803157
|move|p1a: Pelipper|Roost|p1a: Pelipper
|-heal|p1a: Pelipper|100/100
|-singleturn|p1a: Pelipper|move: Roost
|move|p2a: Clefable|Thunder Wave|p1a: Pelipper
|-status|p1a: Pelipper|par
|
|-weather|RainDance|[upkeep]
|-heal|p2a: Clefable|77/100|[from] item: Leftovers
|upkeep
|turn|11
|
|t:|1743803163
|move|p2a: Clefable|Stealth Rock|p1a: Pelipper
|-sidestart|p1: adocks3|move: Stealth Rock
|move|p1a: Pelipper|U-turn|p2a: Clefable
|-resisted|p2a: Clefable
|-damage|p2a: Clefable|73/100
|
|t:|1743803173
|switch|p1a: Ogerpon|Ogerpon-Wellspring, F|100/100|[from] U-turn
|-damage|p1a: Ogerpon|88/100|[from] Stealth Rock
|
|-weather|RainDance|[upkeep]
|-heal|p2a: Clefable|79/100|[from] item: Leftovers
|upkeep
|turn|12
|
|t:|1743803177
|switch|p2a: Raging Tree|Exeggutor-Alola, F|100/100
|move|p1a: Ogerpon|Swords Dance|p1a: Ogerpon
|-boost|p1a: Ogerpon|atk|2
|
|-weather|none
|upkeep
|turn|13
|
|t:|1743803187
|move|p2a: Raging Tree|Endure|p2a: Raging Tree
|-singleturn|p2a: Raging Tree|move: Endure
|move|p1a: Ogerpon|Play Rough|p2a: Raging Tree
|-supereffective|p2a: Raging Tree
|-activate|p2a: Raging Tree|move: Endure
|-damage|p2a: Raging Tree|1/100
|
|upkeep
|turn|14
|-enditem|p2a: Raging Tree|Custap Berry|[eat]
|-activate|p2a: Raging Tree|item: Custap Berry|[consumed]
|
|t:|1743803194
|move|p2a: Raging Tree|Energy Ball|p1a: Ogerpon
|-damage|p1a: Ogerpon|28/100
|move|p1a: Ogerpon|Trailblaze|p2a: Raging Tree
|-resisted|p2a: Raging Tree
|-damage|p2a: Raging Tree|0 fnt
|-boost|p1a: Ogerpon|spe|1
|faint|p2a: Raging Tree
|
|upkeep
|
|t:|1743803208
|switch|p2a: Scizor|Scizor, F|100/100
|turn|15
|
|t:|1743803224
|-terastallize|p2a: Scizor|Steel
|move|p2a: Scizor|Bullet Punch|p1a: Ogerpon
|-resisted|p1a: Ogerpon
|-damage|p1a: Ogerpon|0 fnt
|faint|p1a: Ogerpon
|
|upkeep
|
|t:|1743803234
|switch|p1a: Pelipper|Pelipper, M, shiny|100/100 par
|-damage|p1a: Pelipper|76/100 par|[from] Stealth Rock
|-weather|RainDance|[from] ability: Drizzle|[of] p1a: Pelipper
|turn|16
|
|t:|1743803241
|switch|p2a: Clefable|Clefable, M|79/100
|cant|p1a: Pelipper|par
|
|-weather|RainDance|[upkeep]
|-heal|p2a: Clefable|85/100|[from] item: Leftovers
|upkeep
|turn|17
|
|t:|1743803249
|move|p2a: Clefable|Moonblast|p1a: Pelipper
|-damage|p1a: Pelipper|27/100 par
|move|p1a: Pelipper|Hurricane|p2a: Clefable
|-damage|p2a: Clefable|59/100
|
|-weather|RainDance|[upkeep]
|-heal|p2a: Clefable|65/100|[from] item: Leftovers
|upkeep
|turn|18
|
|t:|1743803260
|move|p2a: Clefable|Moonblast|p1a: Pelipper
|-damage|p1a: Pelipper|0 fnt
|faint|p1a: Pelipper
|
|-weather|RainDance|[upkeep]
|-heal|p2a: Clefable|71/100|[from] item: Leftovers
|upkeep
|inactive|adocks3 has 120 seconds left.
|inactive|adocks3 has 90 seconds left.
|
|t:|1743803318
|switch|p1a: Alomomola|Alomomola, F|100/100
|turn|19
|
|t:|1743803321
|move|p2a: Clefable|Thunder Wave|p1a: Alomomola
|-status|p1a: Alomomola|par
|move|p1a: Alomomola|Flip Turn|p2a: Clefable
|-crit|p2a: Clefable
|-damage|p2a: Clefable|33/100
|
|t:|1743803331
|switch|p1a: Gliscor|Gliscor, M, shiny|100/100|[from] Flip Turn
|-damage|p1a: Gliscor|88/100|[from] Stealth Rock
|
|-weather|RainDance|[upkeep]
|-heal|p2a: Clefable|39/100|[from] item: Leftovers
|-status|p1a: Gliscor|tox|[from] item: Toxic Orb
|upkeep
|turn|20
|
|t:|1743803335
|move|p1a: Gliscor|Earthquake|p2a: Clefable
|-damage|p2a: Clefable|0 fnt
|faint|p2a: Clefable
|
|-weather|none
|-heal|p1a: Gliscor|100/100 tox|[from] ability: Poison Heal
|upkeep
|
|t:|1743803349
|switch|p2a: Scizor|Scizor, F, tera:Steel|100/100
|turn|21
|inactive|adocks3 has 120 seconds left.
|
|t:|1743803354
|switch|p2a: Moltres|Moltres|100/100
|move|p1a: Gliscor|Knock Off|p2a: Moltres
|-damage|p2a: Moltres|80/100
|-enditem|p2a: Moltres|Heavy-Duty Boots|[from] move: Knock Off|[of] p1a: Gliscor
|
|upkeep
|turn|22
|
|t:|1743803361
|move|p1a: Gliscor|Toxic|p2a: Moltres
|-status|p2a: Moltres|tox
|move|p2a: Moltres|Flamethrower|p1a: Gliscor
|-damage|p1a: Gliscor|52/100 tox
|
|-heal|p1a: Gliscor|65/100 tox|[from] ability: Poison Heal
|-damage|p2a: Moltres|74/100 tox|[from] psn
|upkeep
|turn|23
|
|t:|1743803367
|switch|p2a: Ogerpon|Ogerpon-Cornerstone, F|89/100
|move|p1a: Gliscor|Protect||[still]
|-fail|p1a: Gliscor
|
|-heal|p1a: Gliscor|77/100 tox|[from] ability: Poison Heal
|upkeep
|turn|24
|
|t:|1743803373
|move|p2a: Ogerpon|Encore|p1a: Gliscor
|-start|p1a: Gliscor|Encore
|move|p1a: Gliscor|Protect||[still]
|-fail|p1a: Gliscor
|
|-heal|p1a: Gliscor|89/100 tox|[from] ability: Poison Heal
|upkeep
|turn|25
|
|t:|1743803376
|switch|p1a: Alomomola|Alomomola, F|100/100 par
|move|p2a: Ogerpon|Ivy Cudgel|p1a: Alomomola|[anim] Ivy Cudgel Rock
|-damage|p1a: Alomomola|68/100 par
|
|upkeep
|turn|26
|
|t:|1743803383
|move|p2a: Ogerpon|Trailblaze|p1a: Alomomola
|-supereffective|p1a: Alomomola
|-damage|p1a: Alomomola|39/100 par
|-boost|p2a: Ogerpon|spe|1
|cant|p1a: Alomomola|par
|
|upkeep
|turn|27
|
|t:|1743803391
|move|p2a: Ogerpon|Swords Dance|p2a: Ogerpon
|-boost|p2a: Ogerpon|atk|2
|cant|p1a: Alomomola|par
|
|upkeep
|turn|28
|
|t:|1743803397
|move|p2a: Ogerpon|Ivy Cudgel|p1a: Alomomola|[anim] Ivy Cudgel Rock
|-damage|p1a: Alomomola|0 fnt
|faint|p1a: Alomomola
|
|upkeep
|
|t:|1743803402
|switch|p1a: Gliscor|Gliscor, M, shiny|89/100 tox
|-damage|p1a: Gliscor|77/100 tox|[from] Stealth Rock
|turn|29
|
|t:|1743803414
|move|p2a: Ogerpon|Ivy Cudgel|p1a: Gliscor|[anim] Ivy Cudgel Rock
|-damage|p1a: Gliscor|7/100 tox
|move|p1a: Gliscor|Earthquake|p2a: Ogerpon
|-damage|p2a: Ogerpon|42/100
|
|-heal|p1a: Gliscor|19/100 tox|[from] ability: Poison Heal
|upkeep
|turn|30
|
|t:|1743803425
|move|p2a: Ogerpon|Ivy Cudgel|p1a: Gliscor|[anim] Ivy Cudgel Rock
|-crit|p1a: Gliscor
|-damage|p1a: Gliscor|0 fnt
|faint|p1a: Gliscor
|
|upkeep
|
|t:|1743803427
|switch|p1a: Kingambit|Kingambit, M, shiny|90/100
|-damage|p1a: Kingambit|84/100|[from] Stealth Rock
|-activate|p1a: Kingambit|ability: Supreme Overlord
|-start|p1a: Kingambit|fallen5|[silent]
|turn|31
|
|t:|1743803434
|switch|p2a: Moltres|Moltres|74/100 tox
|move|p1a: Kingambit|Iron Head|p2a: Moltres
|-resisted|p2a: Moltres
|-damage|p2a: Moltres|39/100 tox
|-status|p1a: Kingambit|brn|[from] ability: Flame Body|[of] p2a: Moltres
|
|-heal|p1a: Kingambit|90/100 brn|[from] item: Leftovers
|-damage|p2a: Moltres|33/100 tox|[from] psn
|-damage|p1a: Kingambit|84/100 brn|[from] brn
|upkeep
|turn|32
|
|t:|1743803443
|-terastallize|p1a: Kingambit|Fairy
|move|p2a: Moltres|Flamethrower|p1a: Kingambit
|-damage|p1a: Kingambit|50/100 brn
|move|p1a: Kingambit|Swords Dance|p1a: Kingambit
|-boost|p1a: Kingambit|atk|2
|
|-heal|p1a: Kingambit|56/100 brn|[from] item: Leftovers
|-damage|p2a: Moltres|21/100 tox|[from] psn
|-damage|p1a: Kingambit|50/100 brn|[from] brn
|upkeep
|turn|33
|
|t:|1743803450
|move|p2a: Moltres|Flamethrower|p1a: Kingambit
|-damage|p1a: Kingambit|15/100 brn
|move|p1a: Kingambit|Swords Dance|p1a: Kingambit
|-boost|p1a: Kingambit|atk|2
|
|-heal|p1a: Kingambit|21/100 brn|[from] item: Leftovers
|-damage|p2a: Moltres|3/100 tox|[from] psn
|-damage|p1a: Kingambit|15/100 brn|[from] brn
|upkeep
|turn|34
|
|t:|1743803462
|move|p1a: Kingambit|Sucker Punch||[still]
|-fail|p1a: Kingambit
|move|p2a: Moltres|Roost|p2a: Moltres
|-heal|p2a: Moltres|54/100 tox
|-singleturn|p2a: Moltres|move: Roost
|
|-heal|p1a: Kingambit|21/100 brn|[from] item: Leftovers
|-damage|p2a: Moltres|29/100 tox|[from] psn
|-damage|p1a: Kingambit|15/100 brn|[from] brn
|upkeep
|turn|35
|
|t:|1743803473
|move|p1a: Kingambit|Sucker Punch|p2a: Moltres
|-crit|p2a: Moltres
|-damage|p2a: Moltres|0 fnt
|faint|p2a: Moltres
|
|-heal|p1a: Kingambit|21/100 brn|[from] item: Leftovers
|-damage|p1a: Kingambit|15/100 brn|[from] brn
|upkeep
|
|t:|1743803476
|switch|p2a: Scizor|Scizor, F, tera:Steel|100/100
|turn|36
|
|t:|1743803483
|move|p2a: Scizor|Bullet Punch|p1a: Kingambit
|-supereffective|p1a: Kingambit
|-damage|p1a: Kingambit|0 fnt
|faint|p1a: Kingambit
|-end|p1a: Kingambit|fallen5|[silent]
|
|win|Liiiy
|raw|adocks3's rating: 1359 &rarr; <strong>1341</strong><br />(-18 for losing)
|raw|Liiiy's rating: 1396 &rarr; <strong>1414</strong><br />(+18 for winning)
|l|☆adocks3
|player|p1|
|l|☆Liiiy
|player|p2|
