|j|☆Johnb777$$$
|j|☆Snowingmittens
|t:|1743866774
|gametype|singles
|player|p1|Johnb777$$$|266|1081
|player|p2|Snowingmittens|dawn-gen4pt|1082
|teamsize|p1|6
|teamsize|p2|6
|gen|9
|tier|[Gen 9] OU
|rated|
|rule|HP Percentage Mod: HP is shown in percentages
|rule|Endless Battle Clause: Forcing endless battles is banned
|rule|Species Clause: Limit one of each Pokémon
|rule|OHKO Clause: OHKO moves are banned
|rule|Evasion Items Clause: Evasion items are banned
|rule|Evasion Moves Clause: Evasion moves are banned
|rule|Sleep Moves Clause: Sleep-inducing moves are banned
|clearpoke
|poke|p1|Noivern, M|
|poke|p1|Revavroom, F|
|poke|p1|Ting-Lu|
|poke|p1|Cacturne, M|
|poke|p1|Armarouge, F|
|poke|p1|Inteleon, M|
|poke|p2|Alomomola, F|
|poke|p2|Cinderace, M|
|poke|p2|Greninja-*, F|
|poke|p2|Meowscarada, M|
|poke|p2|Tinkaton, F|
|poke|p2|Quaquaval, M|
|teampreview
|inactive|Battle timer is ON: inactive players will automatically lose when time's up. (requested by Snowingmittens)
|
|t:|1743866796
|start
|switch|p1a: Cacturne|Cacturne, M|100/100
|switch|p2a: Tinkaton|Tinkaton, F|100/100
|-item|p2a: Tinkaton|Air Balloon
|turn|1
|
|t:|1743866809
|move|p2a: Tinkaton|Thunder Wave|p1a: Cacturne
|-status|p1a: Cacturne|par
|move|p1a: Cacturne|Counter||[still]
|-fail|p1a: Cacturne
|
|upkeep
|turn|2
|
|t:|1743866816
|move|p2a: Tinkaton|Stealth Rock|p1a: Cacturne
|-sidestart|p1: Johnb777$$$|move: Stealth Rock
|move|p1a: Cacturne|Drain Punch|p2a: Tinkaton
|-damage|p2a: Tinkaton|66/100
|-enditem|p2a: Tinkaton|Air Balloon
|-enditem|p1a: Cacturne|Focus Sash|[silent]|[from] ability: Pickpocket|[of] p1a: Cacturne
|-item|p2a: Tinkaton|Focus Sash|[from] ability: Pickpocket|[of] p1a: Cacturne
|
|upkeep
|turn|3
|
|t:|1743866828
|move|p2a: Tinkaton|Ice Hammer|p1a: Cacturne
|-supereffective|p1a: Cacturne
|-damage|p1a: Cacturne|38/100 par
|-unboost|p2a: Tinkaton|spe|1
|cant|p1a: Cacturne|par
|
|upkeep
|turn|4
|
|t:|1743866844
|switch|p1a: Ting-Lu|Ting-Lu|100/100
|-damage|p1a: Ting-Lu|94/100|[from] Stealth Rock
|-ability|p1a: Ting-Lu|Vessel of Ruin
|move|p2a: Tinkaton|Ice Hammer|p1a: Ting-Lu
|-supereffective|p1a: Ting-Lu
|-damage|p1a: Ting-Lu|74/100
|-unboost|p2a: Tinkaton|spe|1
|
|-heal|p1a: Ting-Lu|81/100|[from] item: Leftovers
|upkeep
|turn|5
|
|t:|1743866857
|switch|p2a: Alomomola|Alomomola, F|100/100
|move|p1a: Ting-Lu|Stealth Rock|p2a: Alomomola
|-sidestart|p2: Snowingmittens|move: Stealth Rock
|
|-heal|p1a: Ting-Lu|87/100|[from] item: Leftovers
|upkeep
|turn|6
|
|t:|1743866866
|move|p1a: Ting-Lu|Protect|p1a: Ting-Lu
|-singleturn|p1a: Ting-Lu|Protect
|move|p2a: Alomomola|Flip Turn|p1a: Ting-Lu
|-activate|p1a: Ting-Lu|move: Protect
|
|-heal|p1a: Ting-Lu|93/100|[from] item: Leftovers
|upkeep
|turn|7
|
|t:|1743866875
|move|p2a: Alomomola|Flip Turn|p1a: Ting-Lu
|-supereffective|p1a: Ting-Lu
|-damage|p1a: Ting-Lu|80/100
|
|t:|1743866883
|switch|p2a: Greninja|Greninja, F|100/100|[from] Flip Turn
|-damage|p2a: Greninja|88/100|[from] Stealth Rock
|move|p1a: Ting-Lu|Spikes|p2a: Greninja
|-sidestart|p2: Snowingmittens|Spikes
|
|-heal|p1a: Ting-Lu|86/100|[from] item: Leftovers
|upkeep
|turn|8
|
|t:|1743866896
|switch|p1a: Inteleon|Inteleon, M|100/100
|move|p2a: Greninja|Ice Beam|p1a: Inteleon
|-start|p2a: Greninja|typechange|Ice|[from] ability: Protean
|-resisted|p1a: Inteleon
|-damage|p1a: Inteleon|51/100
|
|upkeep
|turn|9
|
|t:|1743866915
|switch|p1a: Armarouge|Armarouge, F|100/100
|-damage|p1a: Armarouge|76/100|[from] Stealth Rock
|-terastallize|p2a: Greninja|Ice
|move|p2a: Greninja|Ice Beam|p1a: Armarouge
|-resisted|p1a: Armarouge
|-damage|p1a: Armarouge|46/100
|
|upkeep
|turn|10
|
|t:|1743866931
|-terastallize|p1a: Armarouge|Fire
|move|p2a: Greninja|Ice Beam|p1a: Armarouge
|-resisted|p1a: Armarouge
|-damage|p1a: Armarouge|17/100
|move|p1a: Armarouge|Overheat|p2a: Greninja
|-supereffective|p2a: Greninja
|-damage|p2a: Greninja|0 fnt
|-unboost|p1a: Armarouge|spa|2
|faint|p2a: Greninja
|
|upkeep
|
|t:|1743866939
|switch|p2a: Quaquaval|Quaquaval, M|100/100
|-damage|p2a: Quaquaval|94/100|[from] Stealth Rock
|-damage|p2a: Quaquaval|82/100|[from] Spikes
|turn|11
|
|t:|1743866947
|switch|p1a: Noivern|Noivern, M, shiny|100/100
|-damage|p1a: Noivern|76/100|[from] Stealth Rock
|move|p2a: Quaquaval|Aqua Step|p1a: Noivern
|-resisted|p1a: Noivern
|-damage|p1a: Noivern|48/100
|-boost|p2a: Quaquaval|spe|1
|
|upkeep
|turn|12
|
|t:|1743866970
|switch|p2a: Alomomola|Alomomola, F|100/100
|-damage|p2a: Alomomola|88/100|[from] Stealth Rock
|-damage|p2a: Alomomola|76/100|[from] Spikes
|move|p1a: Noivern|Air Slash|p2a: Alomomola
|-damage|p2a: Alomomola|22/100
|
|upkeep
|turn|13
|
|t:|1743866979
|move|p1a: Noivern|Air Slash|p2a: Alomomola
|-damage|p2a: Alomomola|0 fnt
|faint|p2a: Alomomola
|
|upkeep
|
|t:|1743866985
|switch|p2a: Meowscarada|Meowscarada, M|100/100
|-damage|p2a: Meowscarada|88/100|[from] Stealth Rock
|-damage|p2a: Meowscarada|76/100|[from] Spikes
|turn|14
|
|t:|1743866996
|move|p2a: Meowscarada|Triple Axel|p1a: Noivern
|-start|p2a: Meowscarada|typechange|Ice|[from] ability: Protean
|-supereffective|p1a: Noivern
|-damage|p1a: Noivern|0 fnt
|faint|p1a: Noivern
|-hitcount|p1: Noivern|1
|
|upkeep
|-message|Johnb777$$$ forfeited.
|
|win|Snowingmittens
|raw|Johnb777$$$'s rating: 1081 &rarr; <strong>1059</strong><br />(-22 for losing)
|raw|Snowingmittens's rating: 1082 &rarr; <strong>1110</strong><br />(+28 for winning)
|l|☆Johnb777$$$
|player|p1|
|l|☆Snowingmittens
|player|p2|
