|j|☆GholdengoFinance
|j|☆lolcano46
|t:|1743881431
|gametype|singles
|player|p1|GholdengoFinance|leaf-masters2|1546
|player|p2|lolcano46|fisherman-gen4|1569
|teamsize|p1|6
|teamsize|p2|6
|gen|9
|tier|[Gen 9] OU
|rated|
|rule|HP Percentage Mod: HP is shown in percentages
|rule|Endless Battle Clause: Forcing endless battles is banned
|rule|Species Clause: Limit one of each Pokémon
|rule|OHKO Clause: OHKO moves are banned
|rule|Evasion Items Clause: Evasion items are banned
|rule|Evasion Moves Clause: Evasion moves are banned
|rule|Sleep Moves Clause: Sleep-inducing moves are banned
|clearpoke
|poke|p1|Tauros-Paldea-Blaze, M|
|poke|p1|Kingambit, M|
|poke|p1|Ting-Lu|
|poke|p1|Pecharunt|
|poke|p1|Ogerpon-Wellspring, F|
|poke|p1|Great Tusk|
|poke|p2|Azelf|
|poke|p2|Ogerpon-Wellspring, F|
|poke|p2|Scizor, M|
|poke|p2|Gengar, M|
|poke|p2|Raging Bolt|
|poke|p2|Cinderace, F|
|teampreview
|inactive|Battle timer is ON: inactive players will automatically lose when time's up. (requested by lolcano46)
|
|t:|1743881442
|start
|switch|p1a: Tauros|Tauros-Paldea-Blaze, M|100/100
|switch|p2a: Azelf|Azelf|100/100
|-ability|p1a: Tauros|Intimidate|boost
|-unboost|p2a: Azelf|atk|1
|turn|1
|
|t:|1743881447
|switch|p1a: Ting-Lu|Ting-Lu|100/100
|-ability|p1a: Ting-Lu|Vessel of Ruin
|move|p2a: Azelf|Psychic|p1a: Ting-Lu
|-immune|p1a: Ting-Lu
|
|upkeep
|turn|2
|
|t:|1743881450
|-terastallize|p2a: Azelf|Fairy
|move|p2a: Azelf|Dazzling Gleam|p1a: Ting-Lu
|-supereffective|p1a: Ting-Lu
|-damage|p1a: Ting-Lu|63/100
|move|p1a: Ting-Lu|Stealth Rock|p2a: Azelf
|-sidestart|p2: lolcano46|move: Stealth Rock
|
|-heal|p1a: Ting-Lu|70/100|[from] item: Leftovers
|upkeep
|turn|3
|
|t:|1743881458
|move|p2a: Azelf|Dazzling Gleam|p1a: Ting-Lu
|-supereffective|p1a: Ting-Lu
|-damage|p1a: Ting-Lu|27/100
|move|p1a: Ting-Lu|Whirlwind|p2a: Azelf
|drag|p2a: Ogerpon|Ogerpon-Wellspring, F|100/100
|-damage|p2a: Ogerpon|88/100|[from] Stealth Rock
|
|-heal|p1a: Ting-Lu|34/100|[from] item: Leftovers
|upkeep
|turn|4
|
|t:|1743881467
|switch|p1a: Pecharunt|Pecharunt|100/100
|move|p2a: Ogerpon|Swords Dance|p2a: Ogerpon
|-boost|p2a: Ogerpon|atk|2
|
|upkeep
|turn|5
|
|t:|1743881472
|move|p2a: Ogerpon|Ivy Cudgel|p1a: Pecharunt|[anim] Ivy Cudgel Water
|-damage|p1a: Pecharunt|43/100
|move|p1a: Pecharunt|Malignant Chain|p2a: Ogerpon
|-supereffective|p2a: Ogerpon
|-damage|p2a: Ogerpon|18/100
|
|upkeep
|turn|6
|
|t:|1743881480
|move|p2a: Ogerpon|Ivy Cudgel|p1a: Pecharunt|[anim] Ivy Cudgel Water
|-damage|p1a: Pecharunt|0 fnt
|faint|p1a: Pecharunt
|
|upkeep
|
|t:|1743881481
|switch|p1a: Ogerpon|Ogerpon-Wellspring, F|100/100
|turn|7
|
|t:|1743881486
|move|p1a: Ogerpon|Horn Leech|p2a: Ogerpon
|-damage|p2a: Ogerpon|0 fnt
|faint|p2a: Ogerpon
|
|upkeep
|
|t:|1743881490
|switch|p2a: Cinderace|Cinderace, F|100/100
|turn|8
|
|t:|1743881493
|switch|p1a: Tauros|Tauros-Paldea-Blaze, M|100/100
|-ability|p1a: Tauros|Intimidate|boost
|-unboost|p2a: Cinderace|atk|1
|move|p2a: Cinderace|U-turn|p1a: Tauros
|-start|p2a: Cinderace|typechange|Bug|[from] ability: Libero
|-resisted|p1a: Tauros
|-damage|p1a: Tauros|94/100
|
|t:|1743881500
|switch|p2a: Azelf|Azelf, tera:Fairy|100/100|[from] U-turn
|-damage|p2a: Azelf|88/100|[from] Stealth Rock
|
|upkeep
|turn|9
|
|t:|1743881505
|switch|p1a: Ting-Lu|Ting-Lu|34/100
|-ability|p1a: Ting-Lu|Vessel of Ruin
|move|p2a: Azelf|Psychic|p1a: Ting-Lu
|-immune|p1a: Ting-Lu
|
|-heal|p1a: Ting-Lu|40/100|[from] item: Leftovers
|upkeep
|turn|10
|
|t:|1743881512
|move|p2a: Azelf|Dazzling Gleam|p1a: Ting-Lu
|-supereffective|p1a: Ting-Lu
|-damage|p1a: Ting-Lu|0 fnt
|faint|p1a: Ting-Lu
|
|upkeep
|
|t:|1743881514
|switch|p1a: Kingambit|Kingambit, M|100/100
|-activate|p1a: Kingambit|ability: Supreme Overlord
|-start|p1a: Kingambit|fallen2|[silent]
|-item|p1a: Kingambit|Air Balloon
|turn|11
|
|t:|1743881519
|move|p2a: Azelf|Flamethrower|p1a: Kingambit
|-supereffective|p1a: Kingambit
|-damage|p1a: Kingambit|20/100
|-enditem|p1a: Kingambit|Air Balloon
|move|p1a: Kingambit|Kowtow Cleave|p2a: Azelf
|-resisted|p2a: Azelf
|-damage|p2a: Azelf|40/100
|
|upkeep
|turn|12
|
|t:|1743881527
|move|p1a: Kingambit|Sucker Punch|p2a: Azelf
|-resisted|p2a: Azelf
|-damage|p2a: Azelf|4/100
|move|p2a: Azelf|Flamethrower|p1a: Kingambit
|-supereffective|p1a: Kingambit
|-damage|p1a: Kingambit|0 fnt
|faint|p1a: Kingambit
|-end|p1a: Kingambit|fallen2|[silent]
|
|upkeep
|
|t:|1743881529
|switch|p1a: Ogerpon|Ogerpon-Wellspring, F|100/100
|turn|13
|
|t:|1743881536
|move|p2a: Azelf|Dazzling Gleam|p1a: Ogerpon
|-damage|p1a: Ogerpon|53/100
|move|p1a: Ogerpon|Ivy Cudgel|p2a: Azelf|[anim] Ivy Cudgel Water
|-damage|p2a: Azelf|0 fnt
|faint|p2a: Azelf
|
|upkeep
|
|t:|1743881544
|switch|p2a: Cinderace|Cinderace, F|100/100
|turn|14
|
|t:|1743881548
|switch|p1a: Tauros|Tauros-Paldea-Blaze, M|94/100
|-ability|p1a: Tauros|Intimidate|boost
|-unboost|p2a: Cinderace|atk|1
|move|p2a: Cinderace|Court Change|p2a: Cinderace
|-start|p2a: Cinderace|typechange|Normal|[from] ability: Libero
|-swapsideconditions
|-activate|p2a: Cinderace|move: Court Change
|
|upkeep
|turn|15
|
|t:|1743881556
|move|p2a: Cinderace|Pyro Ball|p1a: Tauros
|-resisted|p1a: Tauros
|-damage|p1a: Tauros|81/100
|move|p1a: Tauros|Flare Blitz|p2a: Cinderace
|-damage|p2a: Cinderace|0 fnt
|faint|p2a: Cinderace
|-damage|p1a: Tauros|47/100|[from] Recoil
|
|upkeep
|
|t:|1743881564
|switch|p2a: Gengar|Gengar, M|100/100
|turn|16
|
|t:|1743881567
|move|p2a: Gengar|Shadow Ball|p1a: Tauros
|-damage|p1a: Tauros|0 fnt
|faint|p1a: Tauros
|
|upkeep
|
|t:|1743881570
|switch|p1a: Ogerpon|Ogerpon-Wellspring, F|53/100
|-damage|p1a: Ogerpon|40/100|[from] Stealth Rock
|turn|17
|
|t:|1743881575
|move|p2a: Gengar|Shadow Ball|p1a: Ogerpon
|-damage|p1a: Ogerpon|0 fnt
|faint|p1a: Ogerpon
|
|upkeep
|
|t:|1743881577
|switch|p1a: Great Tusk|Great Tusk|100/100
|turn|18
|
|t:|1743881582
|move|p2a: Gengar|Shadow Ball|p1a: Great Tusk
|-crit|p1a: Great Tusk
|-damage|p1a: Great Tusk|2/100
|move|p1a: Great Tusk|Headlong Rush|p2a: Gengar
|-supereffective|p2a: Gengar
|-damage|p2a: Gengar|0 fnt
|-unboost|p1a: Great Tusk|def|1
|-unboost|p1a: Great Tusk|spd|1
|-start|p1a: Great Tusk|Disable|Headlong Rush|[from] ability: Cursed Body|[of] p2a: Gengar
|faint|p2a: Gengar
|
|upkeep
|
|t:|1743881587
|switch|p2a: Scizor|Scizor, M|100/100
|turn|19
|-message|GholdengoFinance forfeited.
|
|win|lolcano46
|raw|GholdengoFinance's rating: 1546 &rarr; <strong>1527</strong><br />(-19 for losing)
|raw|lolcano46's rating: 1569 &rarr; <strong>1588</strong><br />(+19 for winning)
|l|☆GholdengoFinance
|player|p1|
|l|☆lolcano46
|player|p2|
