|j|☆hulenghurefeiji
|j|☆vific
|t:|1743894726
|gametype|singles
|player|p1|hulenghurefeiji|pokemaniac-gen2|1249
|player|p2|vific|clown|1307
|teamsize|p1|6
|teamsize|p2|6
|gen|9
|tier|[Gen 9] OU
|rated|
|rule|HP Percentage Mod: HP is shown in percentages
|rule|Endless Battle Clause: Forcing endless battles is banned
|rule|Species Clause: Limit one of each Pokémon
|rule|OHKO Clause: OHKO moves are banned
|rule|Evasion Items Clause: Evasion items are banned
|rule|Evasion Moves Clause: Evasion moves are banned
|rule|Sleep Moves Clause: Sleep-inducing moves are banned
|clearpoke
|poke|p1|Tinkaton, F|
|poke|p1|Darkrai|
|poke|p1|Gholdengo|
|poke|p1|Pecharunt|
|poke|p1|Kingambit, F|
|poke|p1|Zapdos|
|poke|p2|Mienshao, F|
|poke|p2|Slowking-Galar, F|
|poke|p2|Lapras, M|
|poke|p2|Landorus-Therian, M|
|poke|p2|Heatran, M|
|poke|p2|Metagross|
|teampreview
|inactive|Battle timer is ON: inactive players will automatically lose when time's up. (requested by vific)
|
|t:|1743894733
|start
|switch|p1a: Pecharunt|Pecharunt|100/100
|switch|p2a: Metagross|Metagross|100/100
|turn|1
|
|t:|1743894744
|move|p1a: Pecharunt|Hex|p2a: Metagross
|-supereffective|p2a: Metagross
|-damage|p2a: Metagross|54/100
|move|p2a: Metagross|Psychic Noise|p1a: Pecharunt
|-supereffective|p1a: Pecharunt
|-damage|p1a: Pecharunt|56/100
|-start|p1a: Pecharunt|move: Heal Block
|
|upkeep
|turn|2
|
|t:|1743894758
|move|p1a: Pecharunt|Parting Shot|p2a: Metagross
|-fail|p2a: Metagross|unboost|[from] ability: Clear Body|[of] p2a: Metagross
|move|p2a: Metagross|Knock Off|p1a: Pecharunt
|-supereffective|p1a: Pecharunt
|-damage|p1a: Pecharunt|18/100
|-enditem|p1a: Pecharunt|Leftovers|[from] move: Knock Off|[of] p2a: Metagross
|
|-end|p1a: Pecharunt|move: Heal Block
|upkeep
|turn|3
|
|t:|1743894765
|move|p2a: Metagross|Bullet Punch|p1a: Pecharunt
|-damage|p1a: Pecharunt|7/100
|move|p1a: Pecharunt|Recover|p1a: Pecharunt
|-heal|p1a: Pecharunt|57/100
|
|upkeep
|turn|4
|
|t:|1743894783
|switch|p1a: Darkrai|Darkrai|100/100
|move|p2a: Metagross|Psychic Noise|p1a: Darkrai
|-immune|p1a: Darkrai
|
|upkeep
|turn|5
|
|t:|1743894794
|-terastallize|p2a: Metagross|Steel
|move|p1a: Darkrai|Dark Pulse|p2a: Metagross
|-damage|p2a: Metagross|0 fnt
|faint|p2a: Metagross
|
|upkeep
|
|t:|1743894799
|switch|p2a: Mienshao|Mienshao, F|100/100
|turn|6
|
|t:|1743894806
|switch|p1a: Pecharunt|Pecharunt|57/100
|move|p2a: Mienshao|Close Combat|p1a: Pecharunt
|-immune|p1a: Pecharunt
|
|upkeep
|turn|7
|
|t:|1743894820
|move|p2a: Mienshao|Knock Off|p1a: Pecharunt
|-supereffective|p1a: Pecharunt
|-damage|p1a: Pecharunt|27/100
|-damage|p2a: Mienshao|91/100|[from] item: Life Orb
|move|p1a: Pecharunt|Parting Shot|p2a: Mienshao
|-unboost|p2a: Mienshao|atk|1
|-unboost|p2a: Mienshao|spa|1
|
|t:|1743894836
|switch|p1a: Darkrai|Darkrai|100/100|[from] Parting Shot
|
|upkeep
|turn|8
|
|t:|1743894857
|switch|p2a: Slowking|Slowking-Galar, F|100/100
|move|p1a: Darkrai|Sludge Bomb|p2a: Slowking
|-resisted|p2a: Slowking
|-crit|p2a: Slowking
|-damage|p2a: Slowking|79/100
|
|upkeep
|turn|9
|
|t:|1743894866
|switch|p1a: Pecharunt|Pecharunt|27/100
|-prepare|p2a: Slowking|Chilly Reception|[premajor]
|move|p2a: Slowking|Chilly Reception|p2a: Slowking
|-weather|Snowscape
|
|t:|1743894878
|switch|p2a: Landorus|Landorus-Therian, M|100/100|[from] Chilly Reception
|-ability|p2a: Landorus|Intimidate|boost
|-unboost|p1a: Pecharunt|atk|1
|
|-weather|Snowscape|[upkeep]
|upkeep
|turn|10
|
|t:|1743894884
|move|p2a: Landorus|Earth Power|p1a: Pecharunt
|-supereffective|p1a: Pecharunt
|-crit|p1a: Pecharunt
|-damage|p1a: Pecharunt|0 fnt
|faint|p1a: Pecharunt
|
|-weather|Snowscape|[upkeep]
|upkeep
|
|t:|1743894901
|switch|p1a: Tinkaton|Tinkaton, F|100/100
|-ability|p1a: Tinkaton|Mold Breaker
|-item|p1a: Tinkaton|Air Balloon
|turn|11
|
|t:|1743894906
|move|p1a: Tinkaton|Ice Hammer|p2a: Landorus
|-supereffective|p2a: Landorus
|-damage|p2a: Landorus|10/100
|-unboost|p1a: Tinkaton|spe|1
|-damage|p1a: Tinkaton|84/100|[from] item: Rocky Helmet|[of] p2a: Landorus
|move|p2a: Landorus|U-turn|p1a: Tinkaton
|-resisted|p1a: Tinkaton
|-damage|p1a: Tinkaton|78/100
|-enditem|p1a: Tinkaton|Air Balloon
|
|t:|1743894910
|switch|p2a: Heatran|Heatran, M|100/100|[from] U-turn
|-item|p2a: Heatran|Air Balloon
|
|-weather|Snowscape|[upkeep]
|upkeep
|turn|12
|
|t:|1743894925
|switch|p1a: Zapdos|Zapdos|100/100
|move|p2a: Heatran|Magma Storm|p1a: Zapdos
|-damage|p1a: Zapdos|51/100
|-activate|p1a: Zapdos|move: Magma Storm|[of] p2a: Heatran
|
|-weather|Snowscape|[upkeep]
|-heal|p1a: Zapdos|58/100|[from] item: Leftovers
|-damage|p1a: Zapdos|45/100|[from] move: Magma Storm|[partiallytrapped]
|upkeep
|turn|13
|
|t:|1743894939
|switch|p2a: Landorus|Landorus-Therian, M|10/100
|-ability|p2a: Landorus|Intimidate|boost
|-unboost|p1a: Zapdos|atk|1
|move|p1a: Zapdos|Discharge|p2a: Landorus
|-immune|p2a: Landorus
|
|-weather|none
|-heal|p1a: Zapdos|51/100|[from] item: Leftovers
|-end|p1a: Zapdos|Magma Storm|[partiallytrapped]|[silent]
|upkeep
|turn|14
|
|t:|1743894949
|move|p2a: Landorus|Stealth Rock|p1a: Zapdos
|-sidestart|p1: hulenghurefeiji|move: Stealth Rock
|move|p1a: Zapdos|Heat Wave|p2a: Landorus
|-damage|p2a: Landorus|0 fnt
|faint|p2a: Landorus
|
|-heal|p1a: Zapdos|58/100|[from] item: Leftovers
|upkeep
|
|t:|1743894962
|switch|p2a: Lapras|Lapras, M|100/100
|turn|15
|
|t:|1743894966
|move|p1a: Zapdos|Discharge|p2a: Lapras
|-supereffective|p2a: Lapras
|-damage|p2a: Lapras|50/100
|move|p2a: Lapras|Freeze-Dry|p1a: Zapdos
|-supereffective|p1a: Zapdos
|-damage|p1a: Zapdos|0 fnt
|faint|p1a: Zapdos
|
|upkeep
|
|t:|1743894979
|switch|p1a: Tinkaton|Tinkaton, F|78/100
|-damage|p1a: Tinkaton|72/100|[from] Stealth Rock
|-ability|p1a: Tinkaton|Mold Breaker
|turn|16
|
|t:|1743894986
|move|p1a: Tinkaton|Thunder Wave|p2a: Lapras
|-status|p2a: Lapras|par
|cant|p2a: Lapras|par
|
|upkeep
|turn|17
|
|t:|1743894996
|move|p1a: Tinkaton|Gigaton Hammer|p2a: Lapras
|-damage|p2a: Lapras|2/100 par
|cant|p2a: Lapras|par
|
|upkeep
|turn|18
|
|t:|1743895003
|move|p2a: Lapras|Ice Shard|p1a: Tinkaton
|-resisted|p1a: Tinkaton
|-damage|p1a: Tinkaton|64/100
|move|p1a: Tinkaton|Play Rough|p2a: Lapras
|-damage|p2a: Lapras|0 fnt
|faint|p2a: Lapras
|
|upkeep
|
|t:|1743895007
|switch|p2a: Heatran|Heatran, M|100/100
|-item|p2a: Heatran|Air Balloon
|turn|19
|
|t:|1743895019
|move|p1a: Tinkaton|Thunder Wave|p2a: Heatran
|-status|p2a: Heatran|par
|move|p2a: Heatran|Magma Storm|p1a: Tinkaton
|-supereffective|p1a: Tinkaton
|-damage|p1a: Tinkaton|0 fnt
|faint|p1a: Tinkaton
|
|upkeep
|
|t:|1743895035
|switch|p1a: Darkrai|Darkrai|100/100
|-damage|p1a: Darkrai|88/100|[from] Stealth Rock
|turn|20
|
|t:|1743895041
|switch|p2a: Slowking|Slowking-Galar, F|100/100
|move|p1a: Darkrai|Hex|p2a: Slowking
|-supereffective|p2a: Slowking
|-damage|p2a: Slowking|56/100
|
|upkeep
|turn|21
|
|t:|1743895047
|move|p1a: Darkrai|Hex|p2a: Slowking
|-supereffective|p2a: Slowking
|-damage|p2a: Slowking|14/100
|move|p2a: Slowking|Thunder Wave|p1a: Darkrai
|-status|p1a: Darkrai|par
|
|upkeep
|turn|22
|
|t:|1743895053
|move|p1a: Darkrai|Hex|p2a: Slowking
|-supereffective|p2a: Slowking
|-damage|p2a: Slowking|0 fnt
|faint|p2a: Slowking
|
|upkeep
|
|t:|1743895055
|switch|p2a: Mienshao|Mienshao, F|100/100
|turn|23
|
|t:|1743895060
|switch|p1a: Gholdengo|Gholdengo|100/100
|-damage|p1a: Gholdengo|94/100|[from] Stealth Rock
|-item|p1a: Gholdengo|Air Balloon
|move|p2a: Mienshao|Close Combat|p1a: Gholdengo
|-immune|p1a: Gholdengo
|
|upkeep
|turn|24
|
|t:|1743895072
|move|p2a: Mienshao|Knock Off|p1a: Gholdengo
|-supereffective|p1a: Gholdengo
|-damage|p1a: Gholdengo|21/100
|-enditem|p1a: Gholdengo|Air Balloon
|-damage|p2a: Mienshao|91/100|[from] item: Life Orb
|move|p1a: Gholdengo|Thunder Wave|p2a: Mienshao
|-status|p2a: Mienshao|par
|
|upkeep
|turn|25
|
|t:|1743895087
|move|p1a: Gholdengo|Recover|p1a: Gholdengo
|-heal|p1a: Gholdengo|71/100
|move|p2a: Mienshao|U-turn|p1a: Gholdengo
|-resisted|p1a: Gholdengo
|-damage|p1a: Gholdengo|64/100
|-damage|p2a: Mienshao|81/100 par|[from] item: Life Orb
|
|t:|1743895089
|switch|p2a: Heatran|Heatran, M|100/100 par|[from] U-turn
|-item|p2a: Heatran|Air Balloon
|
|upkeep
|turn|26
|
|t:|1743895099
|move|p1a: Gholdengo|Hex|p2a: Heatran
|-damage|p2a: Heatran|41/100 par
|-enditem|p2a: Heatran|Air Balloon
|cant|p2a: Heatran|par
|
|upkeep
|turn|27
|-message|vific forfeited.
|
|win|hulenghurefeiji
|raw|hulenghurefeiji's rating: 1249 &rarr; <strong>1278</strong><br />(+29 for winning)
|raw|vific's rating: 1307 &rarr; <strong>1284</strong><br />(-23 for losing)
|l|☆vific
|player|p2|
|l|☆hulenghurefeiji
|player|p1|
|j|☆hulenghurefeiji
|player|p1|hulenghurefeiji|pokemaniac-gen2|
|l|☆hulenghurefeiji
|player|p1|
