|j|☆boyyyyyyyyyyyy
|j|☆sweeper(troll)
|t:|1743919465
|gametype|singles
|player|p1|boyyyyyyyyyyyy|2|1078
|player|p2|sweeper(troll)|265|1090
|teamsize|p1|6
|teamsize|p2|6
|gen|9
|tier|[Gen 9] OU
|rated|
|rule|HP Percentage Mod: HP is shown in percentages
|rule|Endless Battle Clause: Forcing endless battles is banned
|rule|Species Clause: Limit one of each Pokémon
|rule|OHKO Clause: OHKO moves are banned
|rule|Evasion Items Clause: Evasion items are banned
|rule|Evasion Moves Clause: Evasion moves are banned
|rule|Sleep Moves Clause: Sleep-inducing moves are banned
|clearpoke
|poke|p1|Snorlax, M|
|poke|p1|Blaziken, M|
|poke|p1|Dragonite, M|
|poke|p1|Gengar, M|
|poke|p1|Gyarados, M|
|poke|p1|Espeon, M|
|poke|p2|Dusclops, M|
|poke|p2|Hatterene, F|
|poke|p2|Jirachi|
|poke|p2|Cresselia, F|
|poke|p2|Kleavor, M|
|poke|p2|Mimikyu, F|
|teampreview
|inactive|Battle timer is ON: inactive players will automatically lose when time's up. (requested by sweeper(troll))
|
|t:|1743919474
|start
|switch|p1a: Snorlax|Snorlax, M, shiny|100/100
|switch|p2a: Kleavor|Kleavor, M|100/100
|turn|1
|
|t:|1743919482
|move|p2a: Kleavor|Stone Axe|p1a: Snorlax
|-damage|p1a: Snorlax|52/100
|-sidestart|p1: boyyyyyyyyyyyy|move: Stealth Rock
|move|p1a: Snorlax|Heat Crash|p2a: Kleavor
|-damage|p2a: Kleavor|52/100
|
|upkeep
|turn|2
|
|t:|1743919490
|move|p2a: Kleavor|Close Combat|p1a: Snorlax
|-supereffective|p1a: Snorlax
|-damage|p1a: Snorlax|0 fnt
|-unboost|p2a: Kleavor|def|1
|-unboost|p2a: Kleavor|spd|1
|faint|p1a: Snorlax
|
|upkeep
|
|t:|1743919497
|switch|p1a: Dragonite|Dragonite, M|100/100
|-damage|p1a: Dragonite|76/100|[from] Stealth Rock
|turn|3
|
|t:|1743919504
|move|p1a: Dragonite|Extreme Speed|p2a: Kleavor
|-resisted|p2a: Kleavor
|-damage|p2a: Kleavor|25/100
|move|p2a: Kleavor|Stone Axe|p1a: Dragonite
|-supereffective|p1a: Dragonite
|-damage|p1a: Dragonite|0 fnt
|faint|p1a: Dragonite
|
|upkeep
|
|t:|1743919516
|switch|p1a: Gengar|Gengar, M, shiny|100/100
|-damage|p1a: Gengar|88/100|[from] Stealth Rock
|turn|4
|
|t:|1743919521
|move|p1a: Gengar|Shadow Ball|p2a: Kleavor
|-damage|p2a: Kleavor|0 fnt
|faint|p2a: Kleavor
|
|upkeep
|
|t:|1743919523
|switch|p2a: Hatterene|Hatterene, F|100/100
|turn|5
|
|t:|1743919529
|move|p1a: Gengar|Sludge Bomb|p2a: Hatterene
|-supereffective|p2a: Hatterene
|-damage|p2a: Hatterene|26/100
|move|p2a: Hatterene|Trick Room|p2a: Hatterene
|-fieldstart|move: Trick Room|[of] p2a: Hatterene
|
|upkeep
|turn|6
|
|t:|1743919537
|move|p2a: Hatterene|Psychic Noise|p1a: Gengar
|-supereffective|p1a: Gengar
|-damage|p1a: Gengar|0 fnt
|faint|p1a: Gengar
|
|upkeep
|
|t:|1743919550
|switch|p1a: Espeon|Espeon, M|100/100
|-damage|p1a: Espeon|88/100|[from] Stealth Rock
|turn|7
|
|t:|1743919554
|move|p2a: Hatterene|Misty Explosion|p1a: Espeon
|-damage|p1a: Espeon|31/100
|faint|p2a: Hatterene
|move|p1a: Espeon|Psychic Terrain|p1a: Espeon
|-fieldstart|move: Psychic Terrain
|
|upkeep
|
|t:|1743919558
|switch|p2a: Dusclops|Dusclops, M|100/100
|-item|p1a: Espeon|Mind Plate|[from] ability: Frisk|[of] p2a: Dusclops
|turn|8
|
|t:|1743919571
|-terastallize|p2a: Dusclops|Poison
|move|p2a: Dusclops|Curse|p2a: Dusclops
|-unboost|p2a: Dusclops|spe|1
|-boost|p2a: Dusclops|atk|1
|-boost|p2a: Dusclops|def|1
|move|p1a: Espeon|Expanding Force|p2a: Dusclops
|-supereffective|p2a: Dusclops
|-damage|p2a: Dusclops|0 fnt
|faint|p2a: Dusclops
|
|upkeep
|-message|sweeper(troll) forfeited.
|
|win|boyyyyyyyyyyyy
|raw|boyyyyyyyyyyyy's rating: 1078 &rarr; <strong>1107</strong><br />(+29 for winning)
|raw|sweeper(troll)'s rating: 1090 &rarr; <strong>1066</strong><br />(-24 for losing)
|l|☆sweeper(troll)
|player|p2|
|l|☆boyyyyyyyyyyyy
|player|p1|
