|j|☆trovz
|j|☆ztxqwert
|t:|1743826261
|gametype|singles
|player|p1|trovz|pokemaniac|1109
|player|p2|ztxqwert|unknown|1162
|teamsize|p1|6
|teamsize|p2|6
|gen|9
|tier|[Gen 9] OU
|rated|
|rule|HP Percentage Mod: HP is shown in percentages
|rule|Endless Battle Clause: Forcing endless battles is banned
|rule|Species Clause: Limit one of each Pokémon
|rule|OHKO Clause: OHKO moves are banned
|rule|Evasion Items Clause: Evasion items are banned
|rule|Evasion Moves Clause: Evasion moves are banned
|rule|Sleep Moves Clause: Sleep-inducing moves are banned
|clearpoke
|poke|p1|Araquanid, F|
|poke|p1|Scizor, M|
|poke|p1|Gholdengo|
|poke|p1|Iron Moth|
|poke|p1|Sinistcha-Masterpiece|
|poke|p1|Samurott-Hisui, F|
|poke|p2|Meowscarada, F|
|poke|p2|Tinkaton, F|
|poke|p2|Tyranitar, M|
|poke|p2|Gholdengo|
|poke|p2|Great Tusk|
|poke|p2|Zapdos|
|teampreview
|inactive|Battle timer is ON: inactive players will automatically lose when time's up. (requested by trovz)
|
|t:|1743826285
|start
|switch|p1a: Cavatica|Araquanid, F|100/100
|switch|p2a: Meowscarada|Meowscarada, F|100/100
|turn|1
|
|t:|1743826296
|move|p2a: Meowscarada|U-turn|p1a: Cavatica
|-start|p2a: Meowscarada|typechange|Bug|[from] ability: Protean
|-damage|p1a: Cavatica|67/100
|
|t:|1743826313
|switch|p2a: Zapdos|Zapdos|100/100|[from] U-turn
|move|p1a: Cavatica|Leech Life|p2a: Zapdos
|-resisted|p2a: Zapdos
|-damage|p2a: Zapdos|90/100
|-heal|p1a: Cavatica|72/100|[from] drain|[of] p2a: Zapdos
|
|upkeep
|turn|2
|
|t:|1743826327
|move|p2a: Zapdos|Thunder Wave|p1a: Cavatica
|-status|p1a: Cavatica|par
|move|p1a: Cavatica|Liquidation|p2a: Zapdos
|-damage|p2a: Zapdos|44/100
|
|upkeep
|turn|3
|
|t:|1743826337
|move|p2a: Zapdos|Volt Switch|p1a: Cavatica
|-supereffective|p1a: Cavatica
|-damage|p1a: Cavatica|22/100 par
|
|t:|1743826355
|switch|p2a: Gholdengo|Gholdengo|100/100|[from] Volt Switch
|-item|p2a: Gholdengo|Air Balloon
|move|p1a: Cavatica|Liquidation|p2a: Gholdengo
|-damage|p2a: Gholdengo|53/100
|-enditem|p2a: Gholdengo|Air Balloon
|
|upkeep
|turn|4
|inactive|ztxqwert has 120 seconds left.
|-enditem|p1a: Cavatica|Custap Berry|[eat]
|-activate|p1a: Cavatica|item: Custap Berry|[consumed]
|
|t:|1743826376
|move|p1a: Cavatica|Crunch|p2a: Gholdengo
|-supereffective|p2a: Gholdengo
|-damage|p2a: Gholdengo|25/100
|-unboost|p2a: Gholdengo|def|1
|move|p2a: Gholdengo|Hex|p1a: Cavatica
|-damage|p1a: Cavatica|0 fnt
|faint|p1a: Cavatica
|
|upkeep
|
|t:|1743826385
|switch|p1a: The Grill|Scizor, M|100/100
|turn|5
|inactive|ztxqwert has 120 seconds left.
|
|t:|1743826415
|move|p1a: The Grill|Bullet Punch|p2a: Gholdengo
|-resisted|p2a: Gholdengo
|-damage|p2a: Gholdengo|2/100
|move|p2a: Gholdengo|Thunder Wave|p1a: The Grill
|-status|p1a: The Grill|par
|
|upkeep
|turn|6
|inactive|ztxqwert has 90 seconds left.
|
|t:|1743826458
|switch|p2a: Zapdos|Zapdos|44/100
|cant|p1a: The Grill|par
|
|upkeep
|turn|7
|
|t:|1743826479
|move|p1a: The Grill|Bullet Punch|p2a: Zapdos
|-resisted|p2a: Zapdos
|-damage|p2a: Zapdos|28/100
|move|p2a: Zapdos|Roost|p2a: Zapdos
|-heal|p2a: Zapdos|78/100
|-singleturn|p2a: Zapdos|move: Roost
|
|upkeep
|turn|8
|inactive|ztxqwert has 90 seconds left.
|
|t:|1743826494
|switch|p1a: Gholdengo|Gholdengo|100/100
|-item|p1a: Gholdengo|Air Balloon
|move|p2a: Zapdos|Volt Switch|p1a: Gholdengo
|-damage|p1a: Gholdengo|63/100
|-enditem|p1a: Gholdengo|Air Balloon
|
|t:|1743826503
|switch|p2a: Great Tusk|Great Tusk|100/100|[from] Volt Switch
|
|upkeep
|turn|9
|l|☆ztxqwert
|inactive|ztxqwert disconnected and has a minute to reconnect!
|player|p2|
|j|☆ztxqwert
|inactive|ztxqwert reconnected and has 85 seconds left.
|player|p2|ztxqwert|unknown|
|
|t:|1743826522
|switch|p1a: The Unc|Sinistcha-Masterpiece|100/100
|move|p2a: Great Tusk|Knock Off|p1a: The Unc
|-supereffective|p1a: The Unc
|-damage|p1a: The Unc|58/100
|-enditem|p1a: The Unc|Leftovers|[from] move: Knock Off|[of] p2a: Great Tusk
|
|upkeep
|turn|10
|
|t:|1743826546
|move|p2a: Great Tusk|Ice Spinner|p1a: The Unc
|-supereffective|p1a: The Unc
|-damage|p1a: The Unc|16/100
|move|p1a: The Unc|Strength Sap|p2a: Great Tusk
|-unboost|p2a: Great Tusk|atk|1
|-heal|p1a: The Unc|100/100
|
|upkeep
|turn|11
|inactive|ztxqwert has 60 seconds left.
|
|t:|1743826567
|-end|p2a: Great Tusk|Protosynthesis|[silent]
|switch|p2a: Tyranitar|Tyranitar, M|100/100
|-weather|Sandstorm|[from] ability: Sand Stream|[of] p2a: Tyranitar
|move|p1a: The Unc|Matcha Gotcha|p2a: Tyranitar
|-supereffective|p2a: Tyranitar
|-damage|p2a: Tyranitar|72/100
|
|-weather|Sandstorm|[upkeep]
|-damage|p1a: The Unc|94/100|[from] Sandstorm
|upkeep
|turn|12
|inactive|ztxqwert has 60 seconds left.
|
|t:|1743826581
|move|p2a: Tyranitar|Ice Beam|p1a: The Unc
|-supereffective|p1a: The Unc
|-crit|p1a: The Unc
|-damage|p1a: The Unc|26/100
|move|p1a: The Unc|Matcha Gotcha|p2a: Tyranitar
|-supereffective|p2a: Tyranitar
|-damage|p2a: Tyranitar|43/100
|-heal|p1a: The Unc|42/100|[from] drain|[of] p2a: Tyranitar
|
|-weather|Sandstorm|[upkeep]
|-damage|p1a: The Unc|36/100|[from] Sandstorm
|upkeep
|turn|13
|inactive|ztxqwert has 60 seconds left.
|
|t:|1743826606
|switch|p1a: The Grill|Scizor, M|100/100 par
|move|p2a: Tyranitar|Stone Edge|p1a: The Grill
|-damage|p1a: The Grill|35/100 par
|
|-weather|Sandstorm|[upkeep]
|upkeep
|turn|14
|inactive|ztxqwert has 60 seconds left.
|
|t:|1743826616
|switch|p2a: Tinkaton|Tinkaton, F, shiny|100/100
|-item|p2a: Tinkaton|Air Balloon
|cant|p1a: The Grill|par
|
|-weather|Sandstorm|[upkeep]
|upkeep
|turn|15
|
|t:|1743826623
|move|p1a: The Grill|Bullet Punch|p2a: Tinkaton
|-damage|p2a: Tinkaton|51/100
|-enditem|p2a: Tinkaton|Air Balloon
|-enditem|p1a: The Grill|Choice Band|[silent]|[from] ability: Pickpocket|[of] p1a: The Grill
|-item|p2a: Tinkaton|Choice Band|[from] ability: Pickpocket|[of] p1a: The Grill
|move|p2a: Tinkaton|Stealth Rock|p1a: The Grill
|-sidestart|p1: trovz|move: Stealth Rock
|
|-weather|none
|upkeep
|turn|16
|inactive|trovz has 120 seconds left.
|
|t:|1743826656
|switch|p2a: Zapdos|Zapdos|78/100
|cant|p1a: The Grill|par
|
|upkeep
|turn|17
|inactive|trovz has 120 seconds left.
|
|t:|1743826665
|move|p2a: Zapdos|Hurricane|p1a: The Grill
|-damage|p1a: The Grill|0 fnt
|faint|p1a: The Grill
|
|upkeep
|inactive|trovz has 120 seconds left.
|
|t:|1743826672
|switch|p1a: Gholdengo|Gholdengo|63/100
|-damage|p1a: Gholdengo|57/100|[from] Stealth Rock
|turn|18
|
|t:|1743826682
|move|p1a: Gholdengo|Power Gem|p2a: Zapdos
|-supereffective|p2a: Zapdos
|-damage|p2a: Zapdos|20/100
|move|p2a: Zapdos|Volt Switch|p1a: Gholdengo
|-damage|p1a: Gholdengo|26/100
|
|t:|1743826688
|switch|p2a: Meowscarada|Meowscarada, F|100/100|[from] Volt Switch
|
|upkeep
|turn|19
|
|t:|1743826708
|move|p2a: Meowscarada|Sucker Punch|p1a: Gholdengo
|-start|p2a: Meowscarada|typechange|Dark|[from] ability: Protean
|-supereffective|p1a: Gholdengo
|-damage|p1a: Gholdengo|0 fnt
|faint|p1a: Gholdengo
|
|upkeep
|
|t:|1743826721
|switch|p1a: The Unc|Sinistcha-Masterpiece|36/100
|-damage|p1a: The Unc|23/100|[from] Stealth Rock
|turn|20
|
|t:|1743826726
|move|p2a: Meowscarada|U-turn|p1a: The Unc
|-crit|p1a: The Unc
|-damage|p1a: The Unc|2/100
|inactive|ztxqwert has 90 seconds left.
|
|t:|1743826747
|switch|p2a: Gholdengo|Gholdengo|2/100|[from] U-turn
|move|p1a: The Unc|Strength Sap|p2a: Gholdengo
|-immune|p2a: Gholdengo|[from] ability: Good as Gold
|
|upkeep
|turn|21
|
|t:|1743826759
|move|p2a: Gholdengo|Make It Rain|p1a: The Unc
|-damage|p1a: The Unc|0 fnt
|-unboost|p2a: Gholdengo|spa|1
|faint|p1a: The Unc
|
|upkeep
|-message|trovz forfeited.
|
|win|ztxqwert
|raw|trovz's rating: 1109 &rarr; <strong>1088</strong><br />(-21 for losing)
|raw|ztxqwert's rating: 1162 &rarr; <strong>1183</strong><br />(+21 for winning)
|l|☆trovz
|player|p1|
|l|☆ztxqwert
|player|p2|
