|j|☆Blueyamadafr
|j|☆Ballsfarting12345
|t:|1743915168
|gametype|singles
|player|p1|Blueyamadafr|will|1098
|player|p2|Ballsfarting12345|102|1134
|teamsize|p1|6
|teamsize|p2|6
|gen|9
|tier|[Gen 9] OU
|rated|
|rule|HP Percentage Mod: HP is shown in percentages
|rule|Endless Battle Clause: Forcing endless battles is banned
|rule|Species Clause: Limit one of each Pokémon
|rule|OHKO Clause: OHKO moves are banned
|rule|Evasion Items Clause: Evasion items are banned
|rule|Evasion Moves Clause: Evasion moves are banned
|rule|Sleep Moves Clause: Sleep-inducing moves are banned
|clearpoke
|poke|p1|Entei|
|poke|p1|Azumarill, M|
|poke|p1|Tyranitar, F|
|poke|p1|Lokix, F|
|poke|p1|Hydreigon, F|
|poke|p1|Excadrill, M|
|poke|p2|Weavile, F|
|poke|p2|Volcanion|
|poke|p2|Corviknight, M|
|poke|p2|Kyurem|
|poke|p2|Slowking-Galar, M|
|poke|p2|Landorus-Therian, M|
|teampreview
|inactive|Battle timer is ON: inactive players will automatically lose when time's up. (requested by Blueyamadafr)
|
|t:|1743915196
|start
|switch|p1a: Hydreigon|Hydreigon, F|100/100
|switch|p2a: Landorus|Landorus-Therian, M|100/100
|-ability|p2a: Landorus|Intimidate|boost
|-unboost|p1a: Hydreigon|atk|1
|turn|1
|
|t:|1743915207
|move|p1a: Hydreigon|Focus Energy|p1a: Hydreigon
|-start|p1a: Hydreigon|move: Focus Energy
|move|p2a: Landorus|U-turn|p1a: Hydreigon
|-supereffective|p1a: Hydreigon
|-damage|p1a: Hydreigon|51/100
|
|t:|1743915210
|switch|p2a: Weavile|Weavile, F|100/100|[from] U-turn
|-ability|p2a: Weavile|Pressure
|
|upkeep
|turn|2
|
|t:|1743915214
|-terastallize|p1a: Hydreigon|Steel
|move|p2a: Weavile|Triple Axel|p1a: Hydreigon|[miss]
|-miss|p2a: Weavile|p1a: Hydreigon
|move|p1a: Hydreigon|Flash Cannon|p2a: Weavile
|-supereffective|p2a: Weavile
|-damage|p2a: Weavile|0 fnt
|faint|p2a: Weavile
|-damage|p1a: Hydreigon|41/100|[from] item: Life Orb
|
|upkeep
|
|t:|1743915236
|switch|p2a: Slowking|Slowking-Galar, M|100/100
|turn|3
|
|t:|1743915239
|move|p1a: Hydreigon|Dark Pulse|p2a: Slowking
|-supereffective|p2a: Slowking
|-crit|p2a: Slowking
|-damage|p2a: Slowking|11/100
|-damage|p1a: Hydreigon|31/100|[from] item: Life Orb
|cant|p2a: Slowking|flinch
|
|upkeep
|turn|4
|
|t:|1743915248
|move|p1a: Hydreigon|Dark Pulse|p2a: Slowking
|-supereffective|p2a: Slowking
|-damage|p2a: Slowking|0 fnt
|faint|p2a: Slowking
|-damage|p1a: Hydreigon|21/100|[from] item: Life Orb
|
|upkeep
|
|t:|1743915251
|switch|p2a: Volcanion|Volcanion|100/100
|turn|5
|
|t:|1743915257
|move|p1a: Hydreigon|Draco Meteor|p2a: Volcanion
|-damage|p2a: Volcanion|9/100
|-unboost|p1a: Hydreigon|spa|2
|-damage|p1a: Hydreigon|11/100|[from] item: Life Orb
|move|p2a: Volcanion|Fire Spin|p1a: Hydreigon
|-supereffective|p1a: Hydreigon
|-damage|p1a: Hydreigon|0 fnt
|faint|p1a: Hydreigon
|
|upkeep
|
|t:|1743915263
|switch|p1a: Entei|Entei|100/100
|turn|6
|
|t:|1743915270
|switch|p2a: Landorus|Landorus-Therian, M|100/100
|-ability|p2a: Landorus|Intimidate|boost
|-fail|p1a: Entei|unboost|Attack|[from] ability: Inner Focus|[of] p1a: Entei
|move|p1a: Entei|Extreme Speed|p2a: Landorus
|-damage|p2a: Landorus|65/100
|-damage|p1a: Entei|84/100|[from] item: Rocky Helmet|[of] p2a: Landorus
|
|upkeep
|turn|7
|
|t:|1743915282
|move|p1a: Entei|Extreme Speed|p2a: Landorus
|-damage|p2a: Landorus|29/100
|-damage|p1a: Entei|68/100|[from] item: Rocky Helmet|[of] p2a: Landorus
|move|p2a: Landorus|Stealth Rock|p1a: Entei
|-sidestart|p1: Blueyamadafr|move: Stealth Rock
|
|upkeep
|turn|8
|
|t:|1743915288
|move|p1a: Entei|Extreme Speed|p2a: Landorus
|-damage|p2a: Landorus|0 fnt
|-damage|p1a: Entei|51/100|[from] item: Rocky Helmet|[of] p2a: Landorus
|faint|p2a: Landorus
|
|upkeep
|
|t:|1743915293
|switch|p2a: Kyurem|Kyurem|100/100
|-ability|p2a: Kyurem|Pressure
|turn|9
|
|t:|1743915303
|move|p1a: Entei|Extreme Speed|p2a: Kyurem
|-crit|p2a: Kyurem
|-damage|p2a: Kyurem|41/100
|move|p2a: Kyurem|Dragon Dance|p2a: Kyurem
|-boost|p2a: Kyurem|atk|1
|-boost|p2a: Kyurem|spe|1
|
|upkeep
|turn|10
|-message|Ballsfarting12345 forfeited.
|
|win|Blueyamadafr
|raw|Blueyamadafr's rating: 1098 &rarr; <strong>1126</strong><br />(+28 for winning)
|raw|Ballsfarting12345's rating: 1134 &rarr; <strong>1106</strong><br />(-28 for losing)
|l|☆Ballsfarting12345
|player|p2|
|l|☆Blueyamadafr
|player|p1|
