|j|☆capoglo
|j|☆lupiit
|t:|1743908081
|gametype|singles
|player|p1|capoglo|266|1395
|player|p2|lupiit|dragontamer|1422
|teamsize|p1|6
|teamsize|p2|6
|gen|9
|tier|[Gen 9] OU
|rated|
|rule|HP Percentage Mod: HP is shown in percentages
|rule|Endless Battle Clause: Forcing endless battles is banned
|rule|Species Clause: Limit one of each Pokémon
|rule|OHKO Clause: OHKO moves are banned
|rule|Evasion Items Clause: Evasion items are banned
|rule|Evasion Moves Clause: Evasion moves are banned
|rule|Sleep Moves Clause: Sleep-inducing moves are banned
|clearpoke
|poke|p1|Meowscarada, F|
|poke|p1|Tinkaton, F|
|poke|p1|Ting-Lu|
|poke|p1|Zapdos|
|poke|p1|Oricorio-Sensu, M|
|poke|p1|Inteleon, M|
|poke|p2|Hoopa-Unbound|
|poke|p2|Ninetales-Alola, M|
|poke|p2|Incineroar, F|
|poke|p2|Kingambit, M|
|poke|p2|Dragapult, F|
|poke|p2|Mew|
|teampreview
|inactive|Battle timer is ON: inactive players will automatically lose when time's up. (requested by lupiit)
|
|t:|1743908093
|start
|switch|p1a: Meowscarada|Meowscarada, F|100/100
|switch|p2a: Ninetales|Ninetales-Alola, M|100/100
|-weather|Snowscape|[from] ability: Snow Warning|[of] p2a: Ninetales
|turn|1
|
|t:|1743908097
|move|p1a: Meowscarada|Knock Off|p2a: Ninetales
|-start|p1a: Meowscarada|typechange|Dark|[from] ability: Protean
|-resisted|p2a: Ninetales
|-damage|p2a: Ninetales|78/100
|-enditem|p2a: Ninetales|Light Clay|[from] move: Knock Off|[of] p1a: Meowscarada
|move|p2a: Ninetales|Blizzard|p1a: Meowscarada
|-damage|p1a: Meowscarada|41/100
|
|-weather|Snowscape|[upkeep]
|upkeep
|turn|2
|
|t:|1743908101
|move|p1a: Meowscarada|U-turn|p2a: Ninetales
|-resisted|p2a: Ninetales
|-damage|p2a: Ninetales|67/100
|
|t:|1743908105
|switch|p1a: Tinkaton|Tinkaton, F|100/100|[from] U-turn
|-item|p1a: Tinkaton|Air Balloon
|move|p2a: Ninetales|Blizzard|p1a: Tinkaton
|-resisted|p1a: Tinkaton
|-damage|p1a: Tinkaton|83/100
|-enditem|p1a: Tinkaton|Air Balloon
|
|-weather|Snowscape|[upkeep]
|upkeep
|turn|3
|
|t:|1743908110
|switch|p2a: Mew|Mew|100/100
|move|p1a: Tinkaton|Stealth Rock|p2a: Mew
|-sidestart|p2: lupiit|move: Stealth Rock
|
|-weather|Snowscape|[upkeep]
|upkeep
|turn|4
|
|t:|1743908115
|move|p2a: Mew|Super Fang|p1a: Tinkaton
|-damage|p1a: Tinkaton|42/100
|-enditem|p2a: Mew|Leftovers|[silent]|[from] ability: Pickpocket|[of] p2a: Mew
|-item|p1a: Tinkaton|Leftovers|[from] ability: Pickpocket|[of] p2a: Mew
|move|p1a: Tinkaton|Knock Off|p2a: Mew
|-supereffective|p2a: Mew
|-damage|p2a: Mew|78/100
|
|-weather|Snowscape|[upkeep]
|-heal|p1a: Tinkaton|48/100|[from] item: Leftovers
|upkeep
|turn|5
|
|t:|1743908125
|move|p2a: Mew|Stealth Rock|p1a: Tinkaton
|-sidestart|p1: capoglo|move: Stealth Rock
|move|p1a: Tinkaton|Encore|p2a: Mew
|-start|p2a: Mew|Encore
|
|-weather|none
|-heal|p1a: Tinkaton|54/100|[from] item: Leftovers
|upkeep
|turn|6
|
|t:|1743908131
|switch|p2a: Ninetales|Ninetales-Alola, M|67/100
|-damage|p2a: Ninetales|42/100|[from] Stealth Rock
|-weather|Snowscape|[from] ability: Snow Warning|[of] p2a: Ninetales
|move|p1a: Tinkaton|Knock Off|p2a: Ninetales
|-resisted|p2a: Ninetales
|-damage|p2a: Ninetales|37/100
|
|-weather|Snowscape|[upkeep]
|-heal|p1a: Tinkaton|60/100|[from] item: Leftovers
|upkeep
|turn|7
|
|t:|1743908139
|move|p2a: Ninetales|Aurora Veil|p2a: Ninetales
|-sidestart|p2: lupiit|move: Aurora Veil
|move|p1a: Tinkaton|Encore|p2a: Ninetales
|-start|p2a: Ninetales|Encore
|
|-weather|Snowscape|[upkeep]
|-heal|p1a: Tinkaton|67/100|[from] item: Leftovers
|upkeep
|turn|8
|
|t:|1743908148
|switch|p2a: Kingambit|Kingambit, M|100/100
|-damage|p2a: Kingambit|94/100|[from] Stealth Rock
|move|p1a: Tinkaton|Gigaton Hammer|p2a: Kingambit
|-resisted|p2a: Kingambit
|-damage|p2a: Kingambit|85/100
|
|-weather|Snowscape|[upkeep]
|-heal|p1a: Tinkaton|73/100|[from] item: Leftovers
|-heal|p2a: Kingambit|91/100|[from] item: Leftovers
|upkeep
|turn|9
|
|t:|1743908168
|switch|p1a: Ting-Lu|Ting-Lu|100/100
|-damage|p1a: Ting-Lu|94/100|[from] Stealth Rock
|-ability|p1a: Ting-Lu|Vessel of Ruin
|move|p2a: Kingambit|Iron Head|p1a: Ting-Lu
|-damage|p1a: Ting-Lu|74/100
|
|-weather|Snowscape|[upkeep]
|-heal|p2a: Kingambit|97/100|[from] item: Leftovers
|-heal|p1a: Ting-Lu|80/100|[from] item: Leftovers
|upkeep
|turn|10
|
|t:|1743908178
|move|p2a: Kingambit|Swords Dance|p2a: Kingambit
|-boost|p2a: Kingambit|atk|2
|move|p1a: Ting-Lu|Spikes|p2a: Kingambit
|-sidestart|p2: lupiit|Spikes
|
|-weather|none
|-heal|p2a: Kingambit|100/100|[from] item: Leftovers
|-heal|p1a: Ting-Lu|86/100|[from] item: Leftovers
|upkeep
|turn|11
|
|t:|1743908185
|move|p2a: Kingambit|Iron Head|p1a: Ting-Lu
|-damage|p1a: Ting-Lu|41/100
|cant|p1a: Ting-Lu|flinch
|
|-heal|p1a: Ting-Lu|48/100|[from] item: Leftovers
|-sideend|p2: lupiit|move: Aurora Veil
|upkeep
|turn|12
|c|☆lupiit|hhehehe
|
|t:|1743908193
|move|p2a: Kingambit|Iron Head|p1a: Ting-Lu
|-damage|p1a: Ting-Lu|7/100
|move|p1a: Ting-Lu|Whirlwind|p2a: Kingambit
|-end|p2a: Kingambit|fallenundefined|[silent]
|drag|p2a: Ninetales|Ninetales-Alola, M|37/100
|-damage|p2a: Ninetales|12/100|[from] Stealth Rock
|-damage|p2a: Ninetales|0 fnt|[from] Spikes
|faint|p2a: Ninetales
|
|-heal|p1a: Ting-Lu|13/100|[from] item: Leftovers
|upkeep
|
|t:|1743908208
|switch|p2a: Incineroar|Incineroar, F|100/100
|-ability|p2a: Incineroar|Intimidate|boost
|-unboost|p1a: Ting-Lu|atk|1
|turn|13
|
|t:|1743908227
|switch|p1a: Tinkaton|Tinkaton, F|73/100
|-damage|p1a: Tinkaton|67/100|[from] Stealth Rock
|move|p2a: Incineroar|Flare Blitz|p1a: Tinkaton
|-supereffective|p1a: Tinkaton
|-damage|p1a: Tinkaton|0 fnt
|faint|p1a: Tinkaton
|-damage|p2a: Incineroar|80/100|[from] Recoil
|
|upkeep
|
|t:|1743908233
|switch|p1a: Inteleon|Inteleon, M|100/100
|-damage|p1a: Inteleon|88/100|[from] Stealth Rock
|turn|14
|
|t:|1743908241
|move|p1a: Inteleon|Surf|p2a: Incineroar
|-supereffective|p2a: Incineroar
|-damage|p2a: Incineroar|0 fnt
|faint|p2a: Incineroar
|
|upkeep
|
|t:|1743908249
|switch|p2a: Mew|Mew|78/100
|-damage|p2a: Mew|65/100|[from] Stealth Rock
|-damage|p2a: Mew|53/100|[from] Spikes
|turn|15
|
|t:|1743908256
|move|p1a: Inteleon|Surf|p2a: Mew
|-damage|p2a: Mew|0 fnt
|faint|p2a: Mew
|
|upkeep
|
|t:|1743908261
|switch|p2a: Dragapult|Dragapult, F|100/100
|-damage|p2a: Dragapult|88/100|[from] Stealth Rock
|-damage|p2a: Dragapult|76/100|[from] Spikes
|turn|16
|
|t:|1743908269
|switch|p1a: Zapdos|Zapdos|100/100
|move|p2a: Dragapult|Dragon Darts|p1a: Zapdos
|-damage|p1a: Zapdos|77/100
|-anim|p2a: Dragapult|Dragon Darts|p1a: Zapdos
|-damage|p1a: Zapdos|49/100
|-damage|p2a: Dragapult|66/100|[from] item: Life Orb
|
|upkeep
|turn|17
|
|t:|1743908275
|move|p2a: Dragapult|Dragon Darts|p1a: Zapdos
|-damage|p1a: Zapdos|25/100
|-anim|p2a: Dragapult|Dragon Darts|p1a: Zapdos
|-damage|p1a: Zapdos|1/100
|-damage|p2a: Dragapult|56/100|[from] item: Life Orb
|move|p1a: Zapdos|Thunder Wave|p2a: Dragapult|[miss]
|-miss|p1a: Zapdos|p2a: Dragapult
|
|upkeep
|turn|18
|
|t:|1743908286
|move|p2a: Dragapult|Substitute|p2a: Dragapult
|-start|p2a: Dragapult|Substitute
|-damage|p2a: Dragapult|31/100
|move|p1a: Zapdos|Thunder Wave|p2a: Dragapult|[miss]
|-miss|p1a: Zapdos|p2a: Dragapult
|
|upkeep
|turn|19
|
|t:|1743908294
|move|p2a: Dragapult|Dragon Dance|p2a: Dragapult
|-boost|p2a: Dragapult|atk|1
|-boost|p2a: Dragapult|spe|1
|move|p1a: Zapdos|Hurricane|p2a: Dragapult
|-end|p2a: Dragapult|Substitute
|
|upkeep
|turn|20
|
|t:|1743908299
|move|p2a: Dragapult|Dragon Darts|p1a: Zapdos
|-damage|p1a: Zapdos|0 fnt
|faint|p1a: Zapdos
|-damage|p2a: Dragapult|22/100|[from] item: Life Orb
|
|upkeep
|
|t:|1743908303
|switch|p1a: Oricorio|Oricorio-Sensu, M|100/100
|turn|21
|
|t:|1743908316
|-terastallize|p2a: Dragapult|Fire
|-terastallize|p1a: Oricorio|Fairy
|move|p2a: Dragapult|Tera Blast|p1a: Oricorio|[anim] Tera Blast Fire
|-damage|p1a: Oricorio|19/100
|-damage|p2a: Dragapult|12/100|[from] item: Life Orb
|move|p1a: Oricorio|Revelation Dance|p2a: Dragapult
|-resisted|p2a: Dragapult
|-damage|p2a: Dragapult|0 fnt
|faint|p2a: Dragapult
|
|upkeep
|
|t:|1743908326
|switch|p2a: Kingambit|Kingambit, M|100/100
|-damage|p2a: Kingambit|94/100|[from] Stealth Rock
|-damage|p2a: Kingambit|82/100|[from] Spikes
|-activate|p2a: Kingambit|ability: Supreme Overlord
|-start|p2a: Kingambit|fallen4|[silent]
|turn|22
|
|t:|1743908348
|move|p1a: Oricorio|Revelation Dance|p2a: Kingambit
|-damage|p2a: Kingambit|49/100
|move|p2a: Kingambit|Iron Head|p1a: Oricorio
|-supereffective|p1a: Oricorio
|-damage|p1a: Oricorio|0 fnt
|faint|p1a: Oricorio
|
|-heal|p2a: Kingambit|55/100|[from] item: Leftovers
|upkeep
|inactive|capoglo has 120 seconds left.
|
|t:|1743908364
|switch|p1a: Inteleon|Inteleon, M|88/100
|-damage|p1a: Inteleon|76/100|[from] Stealth Rock
|turn|23
|
|t:|1743908371
|move|p2a: Kingambit|Sucker Punch|p1a: Inteleon
|-damage|p1a: Inteleon|0 fnt
|faint|p1a: Inteleon
|
|-heal|p2a: Kingambit|61/100|[from] item: Leftovers
|upkeep
|
|t:|1743908374
|switch|p1a: Meowscarada|Meowscarada, F|41/100
|turn|24
|
|t:|1743908385
|move|p2a: Kingambit|Sucker Punch|p1a: Meowscarada
|-resisted|p1a: Meowscarada
|-damage|p1a: Meowscarada|0 fnt
|faint|p1a: Meowscarada
|
|-heal|p2a: Kingambit|68/100|[from] item: Leftovers
|upkeep
|-message|capoglo forfeited.
|
|win|lupiit
|raw|capoglo's rating: 1395 &rarr; <strong>1378</strong><br />(-17 for losing)
|raw|lupiit's rating: 1447 &rarr; <strong>1464</strong><br />(+17 for winning)
|l|☆capoglo
|player|p1|
|l|☆lupiit
|player|p2|
