|j|☆Vince1314
|j|☆xAmethystx
|t:|1743783578
|gametype|singles
|player|p1|Vince1314|1|1530
|player|p2|xAmethystx|miku-ground|1525
|teamsize|p1|6
|teamsize|p2|6
|gen|9
|tier|[Gen 9] OU
|rated|
|rule|HP Percentage Mod: HP is shown in percentages
|rule|Endless Battle Clause: Forcing endless battles is banned
|rule|Species Clause: Limit one of each Pokémon
|rule|OHKO Clause: OHKO moves are banned
|rule|Evasion Items Clause: Evasion items are banned
|rule|Evasion Moves Clause: Evasion moves are banned
|rule|Sleep Moves Clause: Sleep-inducing moves are banned
|clearpoke
|poke|p1|Cinderace, F|
|poke|p1|Dragonite, M|
|poke|p1|Samurott-Hisui, F|
|poke|p1|Gholdengo|
|poke|p1|Clodsire, M|
|poke|p1|Greninja-*, M|
|poke|p2|Chandelure, F|
|poke|p2|Kingambit, M|
|poke|p2|Great Tusk|
|poke|p2|Corviknight, M|
|poke|p2|Rotom-Wash|
|poke|p2|Hatterene, F|
|teampreview
|inactive|Battle timer is ON: inactive players will automatically lose when time's up. (requested by Vince1314)
|
|t:|1743783594
|start
|switch|p1a: Samurott|Samurott-Hisui, F|100/100
|switch|p2a: Rotom|Rotom-Wash|100/100
|turn|1
|
|t:|1743783603
|switch|p1a: Clodsire|Clodsire, M|100/100
|move|p2a: Rotom|Will-O-Wisp|p1a: Clodsire
|-status|p1a: Clodsire|brn
|
|-damage|p1a: Clodsire|94/100 brn|[from] brn
|upkeep
|turn|2
|
|t:|1743783613
|move|p2a: Rotom|Hydro Pump|p1a: Clodsire
|-heal|p1a: Clodsire|100/100 brn|[from] ability: Water Absorb|[of] p2a: Rotom
|move|p1a: Clodsire|Toxic|p2a: Rotom
|-status|p2a: Rotom|tox
|
|-damage|p2a: Rotom|94/100 tox|[from] psn
|-damage|p1a: Clodsire|94/100 brn|[from] brn
|upkeep
|turn|3
|
|t:|1743783625
|switch|p2a: Hatterene|Hatterene, F|100/100
|move|p1a: Clodsire|Earthquake|p2a: Hatterene
|-damage|p2a: Hatterene|89/100
|
|-heal|p2a: Hatterene|95/100|[from] item: Leftovers
|-heal|p1a: Clodsire|100/100 brn|[from] item: Leftovers
|-damage|p1a: Clodsire|94/100 brn|[from] brn
|upkeep
|turn|4
|
|t:|1743783641
|switch|p1a: Samurott|Samurott-Hisui, F|100/100
|move|p2a: Hatterene|Nuzzle|p1a: Samurott
|-supereffective|p1a: Samurott
|-damage|p1a: Samurott|91/100
|-status|p1a: Samurott|par
|
|-heal|p2a: Hatterene|100/100|[from] item: Leftovers
|upkeep
|turn|5
|
|t:|1743783649
|cant|p1a: Samurott|par
|move|p2a: Hatterene|Draining Kiss|p1a: Samurott
|-supereffective|p1a: Samurott
|-damage|p1a: Samurott|18/100 par
|
|upkeep
|turn|6
|
|t:|1743783654
|move|p1a: Samurott|Ceaseless Edge|p2a: Hatterene
|-damage|p2a: Hatterene|67/100
|-sidestart|p2: xAmethystx|Spikes
|move|p2a: Hatterene|Draining Kiss|p1a: Samurott
|-supereffective|p1a: Samurott
|-damage|p1a: Samurott|0 fnt
|-heal|p2a: Hatterene|81/100|[from] drain|[of] p1a: Samurott
|faint|p1a: Samurott
|
|-heal|p2a: Hatterene|87/100|[from] item: Leftovers
|upkeep
|
|t:|1743783665
|switch|p1a: Gholdengo|Gholdengo|100/100
|-item|p1a: Gholdengo|Air Balloon
|turn|7
|
|t:|1743783669
|switch|p2a: Kingambit|Kingambit, M|100/100
|-damage|p2a: Kingambit|88/100|[from] Spikes
|move|p1a: Gholdengo|Make It Rain|p2a: Kingambit
|-resisted|p2a: Kingambit
|-crit|p2a: Kingambit
|-damage|p2a: Kingambit|66/100
|-unboost|p1a: Gholdengo|spa|1
|
|upkeep
|turn|8
|
|t:|1743783681
|switch|p1a: Cinderace|Cinderace, F|100/100
|move|p2a: Kingambit|Kowtow Cleave|p1a: Cinderace
|-damage|p1a: Cinderace|46/100
|
|upkeep
|turn|9
|
|t:|1743783689
|-end|p2a: Kingambit|fallenundefined|[silent]
|switch|p2a: Chandelure|Chandelure, F|100/100
|-damage|p2a: Chandelure|88/100|[from] Spikes
|move|p1a: Cinderace|Will-O-Wisp|p2a: Chandelure
|-start|p2a: Chandelure|ability: Flash Fire
|
|upkeep
|turn|10
|
|t:|1743783697
|move|p2a: Chandelure|Trick|p1a: Cinderace
|-activate|p2a: Chandelure|move: Trick|[of] p1a: Cinderace
|-item|p1a: Cinderace|Choice Scarf|[from] move: Trick
|-item|p2a: Chandelure|Heavy-Duty Boots|[from] move: Trick
|move|p1a: Cinderace|U-turn|p2a: Chandelure
|-start|p1a: Cinderace|typechange|Bug|[from] ability: Libero
|-resisted|p2a: Chandelure
|-damage|p2a: Chandelure|78/100
|
|t:|1743783703
|switch|p1a: Greninja|Greninja, M|100/100|[from] U-turn
|
|upkeep
|turn|11
|
|t:|1743783713
|-terastallize|p2a: Chandelure|Ghost
|move|p1a: Greninja|Hydro Pump|p2a: Chandelure|[miss]
|-miss|p1a: Greninja|p2a: Chandelure
|move|p2a: Chandelure|Energy Ball|p1a: Greninja
|-supereffective|p1a: Greninja
|-damage|p1a: Greninja|0 fnt
|faint|p1a: Greninja
|
|upkeep
|
|t:|1743783723
|switch|p1a: Gholdengo|Gholdengo|100/100
|-item|p1a: Gholdengo|Air Balloon
|turn|12
|
|t:|1743783739
|-end|p2a: Chandelure|ability: Flash Fire|[silent]
|switch|p2a: Kingambit|Kingambit, M|66/100
|-damage|p2a: Kingambit|54/100|[from] Spikes
|move|p1a: Gholdengo|Shadow Ball|p2a: Kingambit
|-resisted|p2a: Kingambit
|-damage|p2a: Kingambit|44/100
|
|upkeep
|turn|13
|
|t:|1743783749
|switch|p1a: Cinderace|Cinderace, F|46/100
|move|p2a: Kingambit|Kowtow Cleave|p1a: Cinderace
|-damage|p1a: Cinderace|0 fnt
|faint|p1a: Cinderace
|
|upkeep
|-message|Vince1314 forfeited.
|
|win|xAmethystx
|raw|Vince1314's rating: 1530 &rarr; <strong>1510</strong><br />(-20 for losing)
|raw|xAmethystx's rating: 1525 &rarr; <strong>1545</strong><br />(+20 for winning)
|l|☆Vince1314
|player|p1|
|l|☆xAmethystx
|player|p2|
