|j|☆Frost-Leopard
|j|☆Thenix12
|t:|1743883602
|gametype|singles
|player|p1|Frost-Leopard|unknownf|1212
|player|p2|Thenix12|nurse|1277
|teamsize|p1|6
|teamsize|p2|6
|gen|9
|tier|[Gen 9] OU
|rated|
|rule|HP Percentage Mod: HP is shown in percentages
|rule|Endless Battle Clause: Forcing endless battles is banned
|rule|Species Clause: Limit one of each Pokémon
|rule|OHKO Clause: OHKO moves are banned
|rule|Evasion Items Clause: Evasion items are banned
|rule|Evasion Moves Clause: Evasion moves are banned
|rule|Sleep Moves Clause: Sleep-inducing moves are banned
|clearpoke
|poke|p1|Meowscarada, M|
|poke|p1|Great Tusk|
|poke|p1|Gholdengo|
|poke|p1|Iron Valiant|
|poke|p1|Samurott-Hisui, M|
|poke|p1|Iron Moth|
|poke|p2|Emboar, M|
|poke|p2|Cinccino, F|
|poke|p2|Hydrapple, F|
|poke|p2|Iron Crown|
|poke|p2|Basculin-Blue-Striped, F|
|poke|p2|Clodsire, M|
|teampreview
|inactive|Battle timer is ON: inactive players will automatically lose when time's up. (requested by Frost-Leopard)
|
|t:|1743883609
|start
|switch|p1a: Samurai|Samurott-Hisui, M, shiny|100/100
|switch|p2a: Cinccino|Cinccino, F|100/100
|turn|1
|
|t:|1743883619
|move|p2a: Cinccino|Bullet Seed|p1a: Samurai
|-supereffective|p1a: Samurai
|-damage|p1a: Samurai|76/100
|-supereffective|p1a: Samurai
|-damage|p1a: Samurai|48/100
|-supereffective|p1a: Samurai
|-crit|p1a: Samurai
|-damage|p1a: Samurai|10/100
|-supereffective|p1a: Samurai
|-damage|p1a: Samurai|0 fnt
|faint|p1a: Samurai
|-hitcount|p1: Samurai|4
|
|upkeep
|
|t:|1743883629
|switch|p1a: Mator|Iron Moth, shiny|100/100
|-enditem|p1a: Mator|Booster Energy
|-activate|p1a: Mator|ability: Quark Drive|[fromitem]
|-start|p1a: Mator|quarkdrivespe
|turn|2
|
|t:|1743883637
|move|p1a: Mator|Fiery Dance|p2a: Cinccino
|-damage|p2a: Cinccino|29/100
|-boost|p1a: Mator|spa|1
|move|p2a: Cinccino|Tidy Up|p2a: Cinccino
|-boost|p2a: Cinccino|atk|1
|-boost|p2a: Cinccino|spe|1
|
|upkeep
|turn|3
|
|t:|1743883641
|move|p2a: Cinccino|Tail Slap|p1a: Mator
|-damage|p1a: Mator|67/100
|-damage|p1a: Mator|34/100
|-damage|p1a: Mator|3/100
|-damage|p1a: Mator|0 fnt
|faint|p1a: Mator
|-end|p1a: Mator|Quark Drive|[silent]
|-hitcount|p1: Mator|4
|
|upkeep
|
|t:|1743883647
|switch|p1a: Money Talks|Gholdengo, shiny|100/100
|-item|p1a: Money Talks|Air Balloon
|turn|4
|
|t:|1743883651
|move|p2a: Cinccino|Triple Axel|p1a: Money Talks|[miss]
|-miss|p2a: Cinccino|p1a: Money Talks
|move|p1a: Money Talks|Thunder Wave|p2a: Cinccino
|-status|p2a: Cinccino|par
|
|upkeep
|turn|5
|
|t:|1743883655
|move|p1a: Money Talks|Make It Rain|p2a: Cinccino
|-damage|p2a: Cinccino|0 fnt
|-unboost|p1a: Money Talks|spa|1
|faint|p2a: Cinccino
|
|upkeep
|
|t:|1743883669
|switch|p2a: Emboar|Emboar, M|100/100
|turn|6
|
|t:|1743883672
|move|p1a: Money Talks|Thunder Wave|p2a: Emboar
|-status|p2a: Emboar|par
|move|p2a: Emboar|Flare Blitz|p1a: Money Talks
|-supereffective|p1a: Money Talks
|-damage|p1a: Money Talks|0 fnt
|-enditem|p1a: Money Talks|Air Balloon
|faint|p1a: Money Talks
|-damage|p2a: Emboar|73/100 par|[from] Recoil
|
|upkeep
|
|t:|1743883676
|switch|p1a: Big Man|Great Tusk, shiny|100/100
|-enditem|p1a: Big Man|Booster Energy
|-activate|p1a: Big Man|ability: Protosynthesis|[fromitem]
|-start|p1a: Big Man|protosynthesisspe
|turn|7
|
|t:|1743883685
|switch|p2a: Hydrapple|Hydrapple, F|100/100
|move|p1a: Big Man|Bulk Up|p1a: Big Man
|-boost|p1a: Big Man|atk|1
|-boost|p1a: Big Man|def|1
|
|upkeep
|turn|8
|
|t:|1743883692
|move|p1a: Big Man|Ice Spinner|p2a: Hydrapple
|-supereffective|p2a: Hydrapple
|-damage|p2a: Hydrapple|25/100
|-damage|p1a: Big Man|84/100|[from] item: Rocky Helmet|[of] p2a: Hydrapple
|move|p2a: Hydrapple|Fickle Beam|p1a: Big Man|[anim] Fickle Beam All Out
|-activate|p2a: Hydrapple|move: Fickle Beam
|-damage|p1a: Big Man|0 fnt
|faint|p1a: Big Man
|-end|p1a: Big Man|Protosynthesis|[silent]
|
|upkeep
|
|t:|1743883696
|switch|p1a: Sir Gallium|Iron Valiant, shiny|100/100
|-enditem|p1a: Sir Gallium|Booster Energy
|-activate|p1a: Sir Gallium|ability: Quark Drive|[fromitem]
|-start|p1a: Sir Gallium|quarkdrivespe
|turn|9
|
|t:|1743883711
|switch|p2a: Clodsire|Clodsire, M|100/100
|-terastallize|p1a: Sir Gallium|Steel
|move|p1a: Sir Gallium|Calm Mind|p1a: Sir Gallium
|-boost|p1a: Sir Gallium|spa|1
|-boost|p1a: Sir Gallium|spd|1
|
|upkeep
|turn|10
|
|t:|1743883717
|move|p1a: Sir Gallium|Taunt|p2a: Clodsire
|-start|p2a: Clodsire|move: Taunt
|move|p2a: Clodsire|Earthquake|p1a: Sir Gallium
|-supereffective|p1a: Sir Gallium
|-damage|p1a: Sir Gallium|29/100
|
|upkeep
|turn|11
|
|t:|1743883723
|move|p1a: Sir Gallium|Shadow Ball|p2a: Clodsire
|-damage|p2a: Clodsire|87/100
|move|p2a: Clodsire|Earthquake|p1a: Sir Gallium
|-supereffective|p1a: Sir Gallium
|-damage|p1a: Sir Gallium|0 fnt
|faint|p1a: Sir Gallium
|-end|p1a: Sir Gallium|Quark Drive|[silent]
|
|-heal|p2a: Clodsire|93/100|[from] item: Leftovers
|upkeep
|
|t:|1743883726
|switch|p1a: Houdini|Meowscarada, M, shiny|100/100
|turn|12
|
|t:|1743883730
|switch|p2a: Hydrapple|Hydrapple, F|59/100
|move|p1a: Houdini|Knock Off|p2a: Hydrapple
|-start|p1a: Houdini|typechange|Dark|[from] ability: Protean
|-damage|p2a: Hydrapple|26/100
|-damage|p1a: Houdini|84/100|[from] item: Rocky Helmet|[of] p2a: Hydrapple
|-enditem|p2a: Hydrapple|Rocky Helmet|[from] move: Knock Off|[of] p1a: Houdini
|-damage|p1a: Houdini|74/100|[from] item: Life Orb
|
|upkeep
|turn|13
|
|t:|1743883739
|move|p1a: Houdini|U-turn|p2a: Hydrapple
|-supereffective|p2a: Hydrapple
|-damage|p2a: Hydrapple|0 fnt
|faint|p2a: Hydrapple
|-damage|p1a: Houdini|64/100|[from] item: Life Orb
|
|upkeep
|
|t:|1743883743
|switch|p2a: Emboar|Emboar, M|73/100 par
|turn|14
|
|t:|1743883748
|move|p1a: Houdini|Low Kick|p2a: Emboar
|-damage|p2a: Emboar|18/100 par
|-damage|p1a: Houdini|54/100|[from] item: Life Orb
|cant|p2a: Emboar|par
|
|upkeep
|turn|15
|
|t:|1743883753
|move|p2a: Emboar|Sucker Punch|p1a: Houdini
|-resisted|p1a: Houdini
|-damage|p1a: Houdini|27/100
|move|p1a: Houdini|Low Kick|p2a: Emboar
|-damage|p2a: Emboar|0 fnt
|faint|p2a: Emboar
|-damage|p1a: Houdini|17/100|[from] item: Life Orb
|
|upkeep
|
|t:|1743883756
|switch|p2a: Basculin|Basculin-Blue-Striped, F|100/100
|turn|16
|
|t:|1743883759
|move|p2a: Basculin|Aqua Jet|p1a: Houdini
|-damage|p1a: Houdini|0 fnt
|faint|p1a: Houdini
|
|win|Thenix12
|raw|Frost-Leopard's rating: 1212 &rarr; <strong>1192</strong><br />(-20 for losing)
|raw|Thenix12's rating: 1277 &rarr; <strong>1297</strong><br />(+20 for winning)
|l|☆Thenix12
|player|p2|
|l|☆Frost-Leopard
|player|p1|
