|j|☆ironplayer8967
|j|☆Kemekazee
|t:|1743831208
|gametype|singles
|player|p1|ironplayer8967|steven|1065
|player|p2|Kemekazee|169|1060
|teamsize|p1|6
|teamsize|p2|6
|gen|9
|tier|[Gen 9] OU
|rated|
|rule|HP Percentage Mod: HP is shown in percentages
|rule|Endless Battle Clause: Forcing endless battles is banned
|rule|Species Clause: Limit one of each Pokémon
|rule|OHKO Clause: OHKO moves are banned
|rule|Evasion Items Clause: Evasion items are banned
|rule|Evasion Moves Clause: Evasion moves are banned
|rule|Sleep Moves Clause: Sleep-inducing moves are banned
|clearpoke
|poke|p1|Spiritomb, F|
|poke|p1|Porygon-Z|
|poke|p1|Lucario, M|
|poke|p1|Milotic, F|
|poke|p1|Great Tusk|
|poke|p1|Garchomp, F|
|poke|p2|Revavroom, F|
|poke|p2|Palossand, F|
|poke|p2|Mienshao, M|
|poke|p2|Florges, F|
|poke|p2|Whimsicott, M|
|poke|p2|Corviknight, M|
|teampreview
|c|☆ironplayer8967|glhf
|
|t:|1743831219
|start
|switch|p1a: Spiritomb|Spiritomb, F|100/100
|switch|p2a: Revavroom|Revavroom, F|100/100
|-item|p2a: Revavroom|Air Balloon
|turn|1
|
|t:|1743831229
|move|p2a: Revavroom|Shift Gear|p2a: Revavroom
|-boost|p2a: Revavroom|spe|2
|-boost|p2a: Revavroom|atk|1
|move|p1a: Spiritomb|Will-O-Wisp|p2a: Revavroom|[miss]
|-miss|p1a: Spiritomb|p2a: Revavroom
|
|upkeep
|turn|2
|
|t:|1743831240
|move|p2a: Revavroom|Gunk Shot|p1a: Spiritomb|[miss]
|-miss|p2a: Revavroom|p1a: Spiritomb
|move|p1a: Spiritomb|Will-O-Wisp|p2a: Revavroom
|-status|p2a: Revavroom|brn
|
|-damage|p2a: Revavroom|95/100 brn|[from] brn
|upkeep
|turn|3
|
|t:|1743831249
|move|p2a: Revavroom|Shift Gear|p2a: Revavroom
|-boost|p2a: Revavroom|spe|2
|-boost|p2a: Revavroom|atk|1
|move|p1a: Spiritomb|Shadow Ball|p2a: Revavroom
|-damage|p2a: Revavroom|52/100 brn
|-enditem|p2a: Revavroom|Air Balloon
|
|-damage|p2a: Revavroom|46/100 brn|[from] brn
|upkeep
|turn|4
|
|t:|1743831255
|switch|p1a: Garchomp|Garchomp, F|100/100
|move|p2a: Revavroom|Gunk Shot|p1a: Garchomp
|-resisted|p1a: Garchomp
|-damage|p1a: Garchomp|75/100
|-status|p1a: Garchomp|psn
|
|-damage|p1a: Garchomp|62/100 psn|[from] psn
|-damage|p2a: Revavroom|40/100 brn|[from] brn
|upkeep
|turn|5
|
|t:|1743831273
|switch|p1a: Spiritomb|Spiritomb, F|100/100
|move|p2a: Revavroom|Gunk Shot|p1a: Spiritomb
|-resisted|p1a: Spiritomb
|-damage|p1a: Spiritomb|67/100
|
|-damage|p2a: Revavroom|34/100 brn|[from] brn
|upkeep
|turn|6
|
|t:|1743831277
|move|p2a: Revavroom|Toxic|p1a: Spiritomb
|-status|p1a: Spiritomb|tox
|move|p1a: Spiritomb|Dark Pulse|p2a: Revavroom
|-damage|p2a: Revavroom|0 fnt
|faint|p2a: Revavroom
|
|-damage|p1a: Spiritomb|62/100 tox|[from] psn
|upkeep
|
|t:|1743831292
|switch|p2a: Florges|Florges, F|100/100
|turn|7
|inactive|Battle timer is ON: inactive players will automatically lose when time's up. (requested by ironplayer8967)
|
|t:|1743831302
|switch|p1a: Milotic|Milotic, F|100/100
|move|p2a: Florges|Calm Mind|p2a: Florges
|-boost|p2a: Florges|spa|1
|-boost|p2a: Florges|spd|1
|
|upkeep
|turn|8
|
|t:|1743831316
|move|p1a: Milotic|Ice Beam|p2a: Florges
|-damage|p2a: Florges|91/100
|move|p2a: Florges|Wish|p2a: Florges
|
|-heal|p2a: Florges|97/100|[from] item: Leftovers
|upkeep
|turn|9
|
|t:|1743831324
|move|p2a: Florges|Calm Mind|p2a: Florges
|-boost|p2a: Florges|spa|1
|-boost|p2a: Florges|spd|1
|move|p1a: Milotic|Mirror Coat||[still]
|-fail|p1a: Milotic
|
|-heal|p2a: Florges|100/100|[from] move: Wish|[wisher] Florges
|upkeep
|turn|10
|
|t:|1743831326
|move|p1a: Milotic|Ice Beam|p2a: Florges
|-damage|p2a: Florges|93/100
|move|p2a: Florges|Alluring Voice|p1a: Milotic
|-damage|p1a: Milotic|57/100
|
|-heal|p1a: Milotic|63/100|[from] item: Leftovers
|-heal|p2a: Florges|99/100|[from] item: Leftovers
|upkeep
|turn|11
|
|t:|1743831334
|move|p1a: Milotic|Recover|p1a: Milotic
|-heal|p1a: Milotic|100/100
|move|p2a: Florges|Calm Mind|p2a: Florges
|-boost|p2a: Florges|spa|1
|-boost|p2a: Florges|spd|1
|
|-heal|p2a: Florges|100/100|[from] item: Leftovers
|upkeep
|turn|12
|
|t:|1743831338
|move|p2a: Florges|Giga Drain|p1a: Milotic
|-supereffective|p1a: Milotic
|-damage|p1a: Milotic|34/100
|move|p1a: Milotic|Mirror Coat|p2a: Florges
|-damage|p2a: Florges|0 fnt
|faint|p2a: Florges
|
|-heal|p1a: Milotic|40/100|[from] item: Leftovers
|upkeep
|
|t:|1743831346
|switch|p2a: Mienshao|Mienshao, M|100/100
|turn|13
|
|t:|1743831354
|switch|p1a: Spiritomb|Spiritomb, F|62/100 tox
|move|p2a: Mienshao|Close Combat|p1a: Spiritomb
|-immune|p1a: Spiritomb
|
|-damage|p1a: Spiritomb|56/100 tox|[from] psn
|upkeep
|turn|14
|
|t:|1743831360
|switch|p2a: Corviknight|Corviknight, M|100/100
|-ability|p2a: Corviknight|Pressure
|move|p1a: Spiritomb|Will-O-Wisp|p2a: Corviknight
|-status|p2a: Corviknight|brn
|
|-damage|p1a: Spiritomb|44/100 tox|[from] psn
|-damage|p2a: Corviknight|94/100 brn|[from] brn
|upkeep
|-enditem|p1a: Spiritomb|Sitrus Berry|[eat]
|-heal|p1a: Spiritomb|68/100 tox|[from] item: Sitrus Berry
|turn|15
|
|t:|1743831373
|switch|p2a: Whimsicott|Whimsicott, M|100/100
|switch|p1a: Milotic|Milotic, F|40/100
|
|-heal|p1a: Milotic|46/100|[from] item: Leftovers
|upkeep
|turn|16
|
|t:|1743831378
|move|p2a: Whimsicott|Stun Spore|p1a: Milotic|[miss]
|-miss|p2a: Whimsicott|p1a: Milotic
|move|p1a: Milotic|Recover|p1a: Milotic
|-heal|p1a: Milotic|97/100
|
|-heal|p1a: Milotic|100/100|[from] item: Leftovers
|upkeep
|turn|17
|
|t:|1743831381
|switch|p1a: Spiritomb|Spiritomb, F|68/100 tox
|move|p2a: Whimsicott|Stun Spore|p1a: Spiritomb
|-hint|Since gen 7, Dark is immune to Prankster moves.
|-immune|p1a: Spiritomb
|
|-damage|p1a: Spiritomb|63/100 tox|[from] psn
|upkeep
|turn|18
|
|t:|1743831386
|move|p2a: Whimsicott|Leech Seed|p1a: Spiritomb
|-hint|Since gen 7, Dark is immune to Prankster moves.
|-immune|p1a: Spiritomb
|move|p1a: Spiritomb|Will-O-Wisp|p2a: Whimsicott
|-status|p2a: Whimsicott|brn
|
|-damage|p1a: Spiritomb|51/100 tox|[from] psn
|-damage|p2a: Whimsicott|94/100 brn|[from] brn
|upkeep
|turn|19
|
|t:|1743831396
|switch|p1a: Lucario|Lucario, M|100/100
|move|p2a: Whimsicott|Moonblast|p1a: Lucario
|-damage|p1a: Lucario|60/100
|
|-heal|p2a: Whimsicott|100/100 brn|[from] item: Leftovers
|-damage|p2a: Whimsicott|94/100 brn|[from] brn
|upkeep
|turn|20
|
|t:|1743831402
|switch|p2a: Corviknight|Corviknight, M|94/100 brn
|-ability|p2a: Corviknight|Pressure
|move|p1a: Lucario|Meteor Mash|p2a: Corviknight
|-resisted|p2a: Corviknight
|-damage|p2a: Corviknight|76/100 brn
|
|-heal|p2a: Corviknight|82/100 brn|[from] item: Leftovers
|-damage|p2a: Corviknight|76/100 brn|[from] brn
|upkeep
|turn|21
|
|t:|1743831424
|move|p1a: Lucario|Swords Dance|p1a: Lucario
|-boost|p1a: Lucario|atk|2
|move|p2a: Corviknight|Bulk Up|p2a: Corviknight
|-boost|p2a: Corviknight|atk|1
|-boost|p2a: Corviknight|def|1
|
|-heal|p2a: Corviknight|82/100 brn|[from] item: Leftovers
|-damage|p2a: Corviknight|76/100 brn|[from] brn
|upkeep
|turn|22
|
|t:|1743831432
|-terastallize|p1a: Lucario|Fighting
|move|p1a: Lucario|Close Combat|p2a: Corviknight
|-damage|p2a: Corviknight|0 fnt
|-unboost|p1a: Lucario|def|1
|-unboost|p1a: Lucario|spd|1
|faint|p2a: Corviknight
|
|upkeep
|
|t:|1743831437
|switch|p2a: Whimsicott|Whimsicott, M|94/100 brn
|turn|23
|
|t:|1743831441
|move|p1a: Lucario|Extreme Speed|p2a: Whimsicott
|-damage|p2a: Whimsicott|49/100 brn
|move|p2a: Whimsicott|Stun Spore|p1a: Lucario|[miss]
|-miss|p2a: Whimsicott|p1a: Lucario
|
|-heal|p2a: Whimsicott|55/100 brn|[from] item: Leftovers
|-damage|p2a: Whimsicott|49/100 brn|[from] brn
|upkeep
|turn|24
|-message|Kemekazee forfeited.
|
|win|ironplayer8967
|raw|ironplayer8967's rating: 1065 &rarr; <strong>1095</strong><br />(+30 for winning)
|raw|Kemekazee's rating: 1060 &rarr; <strong>1041</strong><br />(-19 for losing)
|l|☆Kemekazee
|player|p2|
|c|☆ironplayer8967|gg
|l|☆ironplayer8967
|player|p1|
