|j|☆buttsauce requiem
|j|☆vergilspard4
|t:|1743871424
|gametype|singles
|player|p1|buttsauce requiem|barry|1071
|player|p2|vergilspard4|n|1122
|teamsize|p1|6
|teamsize|p2|6
|gen|9
|tier|[Gen 9] OU
|rated|
|rule|HP Percentage Mod: HP is shown in percentages
|rule|Endless Battle Clause: Forcing endless battles is banned
|rule|Species Clause: Limit one of each Pokémon
|rule|OHKO Clause: OHKO moves are banned
|rule|Evasion Items Clause: Evasion items are banned
|rule|Evasion Moves Clause: Evasion moves are banned
|rule|Sleep Moves Clause: Sleep-inducing moves are banned
|clearpoke
|poke|p1|Overqwil, M|
|poke|p1|Incineroar, M|
|poke|p1|Umbreon, M|
|poke|p1|Grimmsnarl, M|
|poke|p1|Samurott-Hisui, F|
|poke|p1|Hydreigon, M|
|poke|p2|Kingambit, M|
|poke|p2|Garganacl, M|
|poke|p2|Greninja-*, M|
|poke|p2|Iron Moth|
|poke|p2|Goodra-Hisui, M|
|poke|p2|Iron Leaves|
|teampreview
|inactive|Battle timer is ON: inactive players will automatically lose when time's up. (requested by buttsauce requiem)
|
|t:|1743871429
|start
|switch|p1a: Aona|Overqwil, M, shiny|100/100
|switch|p2a: Garganacl|Garganacl, M, shiny|100/100
|turn|1
|
|t:|1743871442
|move|p1a: Aona|Toxic Spikes|p2a: Garganacl
|-sidestart|p2: vergilspard4|move: Toxic Spikes
|move|p2a: Garganacl|Salt Cure|p1a: Aona
|-damage|p1a: Aona|90/100
|-start|p1a: Aona|Salt Cure
|
|-heal|p1a: Aona|96/100|[from] item: Black Sludge
|-damage|p1a: Aona|84/100|[from] Salt Cure
|upkeep
|turn|2
|c|☆vergilspard4|glhf
|
|t:|1743871455
|move|p1a: Aona|Toxic Spikes|p2a: Garganacl
|-sidestart|p2: vergilspard4|move: Toxic Spikes
|move|p2a: Garganacl|Salt Cure|p1a: Aona
|-damage|p1a: Aona|73/100
|
|-heal|p1a: Aona|79/100|[from] item: Black Sludge
|-damage|p1a: Aona|67/100|[from] Salt Cure
|upkeep
|turn|3
|
|t:|1743871467
|move|p1a: Aona|Substitute|p1a: Aona
|-start|p1a: Aona|Substitute
|-damage|p1a: Aona|42/100
|move|p2a: Garganacl|Salt Cure|p1a: Aona
|-activate|p1a: Aona|move: Substitute|[damage]
|
|-heal|p1a: Aona|48/100|[from] item: Black Sludge
|-damage|p1a: Aona|35/100|[from] Salt Cure
|upkeep
|turn|4
|
|t:|1743871480
|move|p2a: Garganacl|Protect|p2a: Garganacl
|-singleturn|p2a: Garganacl|Protect
|move|p1a: Aona|Agility|p1a: Aona
|-boost|p1a: Aona|spe|2
|
|-heal|p1a: Aona|41/100|[from] item: Black Sludge
|-damage|p1a: Aona|29/100|[from] Salt Cure
|upkeep
|turn|5
|
|t:|1743871491
|move|p1a: Aona|Agility|p1a: Aona
|-boost|p1a: Aona|spe|2
|move|p2a: Garganacl|Recover||[still]
|-fail|p2a: Garganacl|heal
|
|-heal|p1a: Aona|35/100|[from] item: Black Sludge
|-damage|p1a: Aona|22/100|[from] Salt Cure
|upkeep
|turn|6
|
|t:|1743871504
|move|p2a: Garganacl|Protect|p2a: Garganacl
|-singleturn|p2a: Garganacl|Protect
|move|p1a: Aona|Agility|p1a: Aona
|-boost|p1a: Aona|spe|2
|
|-heal|p1a: Aona|28/100|[from] item: Black Sludge
|-damage|p1a: Aona|16/100|[from] Salt Cure
|upkeep
|turn|7
|
|t:|1743871515
|move|p2a: Garganacl|Protect||[still]
|-fail|p2a: Garganacl
|move|p1a: Aona|Agility|p1a: Aona
|-boost|p1a: Aona|spe|0
|
|-heal|p1a: Aona|22/100|[from] item: Black Sludge
|-damage|p1a: Aona|9/100|[from] Salt Cure
|upkeep
|turn|8
|
|t:|1743871528
|move|p1a: Aona|Agility|p1a: Aona
|-boost|p1a: Aona|spe|0
|move|p2a: Garganacl|Salt Cure|p1a: Aona
|-activate|p1a: Aona|move: Substitute|[damage]
|
|-heal|p1a: Aona|16/100|[from] item: Black Sludge
|-damage|p1a: Aona|3/100|[from] Salt Cure
|upkeep
|turn|9
|
|t:|1743871539
|move|p1a: Aona|Destiny Bond|p1a: Aona
|-singlemove|p1a: Aona|Destiny Bond
|move|p2a: Garganacl|Salt Cure|p1a: Aona
|-end|p1a: Aona|Substitute
|
|-heal|p1a: Aona|9/100|[from] item: Black Sludge
|-damage|p1a: Aona|0 fnt|[from] Salt Cure
|faint|p1a: Aona
|upkeep
|
|t:|1743871554
|switch|p1a: Fin Sakai|Samurott-Hisui, F, shiny|100/100
|turn|10
|
|t:|1743871560
|move|p1a: Fin Sakai|Ceaseless Edge|p2a: Garganacl|[miss]
|-miss|p1a: Fin Sakai|p2a: Garganacl
|move|p2a: Garganacl|Salt Cure|p1a: Fin Sakai
|-damage|p1a: Fin Sakai|82/100
|-start|p1a: Fin Sakai|Salt Cure
|
|-damage|p1a: Fin Sakai|58/100|[from] Salt Cure
|upkeep
|turn|11
|
|t:|1743871570
|move|p1a: Fin Sakai|Ceaseless Edge|p2a: Garganacl
|-damage|p2a: Garganacl|77/100
|-sidestart|p2: vergilspard4|Spikes
|move|p2a: Garganacl|Thunder Punch|p1a: Fin Sakai
|-supereffective|p1a: Fin Sakai
|-damage|p1a: Fin Sakai|10/100
|
|-damage|p1a: Fin Sakai|0 fnt|[from] Salt Cure
|faint|p1a: Fin Sakai
|upkeep
|
|t:|1743871592
|switch|p1a: san.|Grimmsnarl, M, shiny|100/100
|turn|12
|
|t:|1743871597
|move|p1a: san.|Fake Out|p2a: Garganacl
|-resisted|p2a: Garganacl
|-damage|p2a: Garganacl|73/100
|cant|p2a: Garganacl|flinch
|
|upkeep
|turn|13
|
|t:|1743871607
|move|p1a: san.|Parting Shot|p2a: Garganacl
|-unboost|p2a: Garganacl|atk|1
|-unboost|p2a: Garganacl|spa|1
|
|t:|1743871610
|switch|p1a: Papyrus|Incineroar, M, shiny|100/100|[from] Parting Shot
|-ability|p1a: Papyrus|Intimidate|boost
|-unboost|p2a: Garganacl|atk|1
|move|p2a: Garganacl|Salt Cure|p1a: Papyrus
|-supereffective|p1a: Papyrus
|-damage|p1a: Papyrus|84/100
|-start|p1a: Papyrus|Salt Cure
|
|-damage|p1a: Papyrus|72/100|[from] Salt Cure
|upkeep
|turn|14
|
|t:|1743871623
|move|p1a: Papyrus|Trailblaze|p2a: Garganacl
|-supereffective|p2a: Garganacl
|-damage|p2a: Garganacl|55/100
|-boost|p1a: Papyrus|spe|1
|move|p2a: Garganacl|Salt Cure|p1a: Papyrus
|-supereffective|p1a: Papyrus
|-damage|p1a: Papyrus|57/100
|
|-damage|p1a: Papyrus|44/100|[from] Salt Cure
|upkeep
|turn|15
|
|t:|1743871635
|move|p1a: Papyrus|Parting Shot|p2a: Garganacl
|-unboost|p2a: Garganacl|atk|1
|-unboost|p2a: Garganacl|spa|1
|
|t:|1743871639
|switch|p1a: san.|Grimmsnarl, M, shiny|100/100|[from] Parting Shot
|move|p2a: Garganacl|Recover|p2a: Garganacl
|-heal|p2a: Garganacl|100/100
|
|upkeep
|turn|16
|
|t:|1743871649
|move|p1a: san.|Fake Out|p2a: Garganacl
|-resisted|p2a: Garganacl
|-damage|p2a: Garganacl|97/100
|cant|p2a: Garganacl|flinch
|
|upkeep
|turn|17
|
|t:|1743871661
|move|p1a: san.|False Surrender|p2a: Garganacl
|-damage|p2a: Garganacl|76/100
|move|p2a: Garganacl|Salt Cure|p1a: san.
|-damage|p1a: san.|94/100
|-start|p1a: san.|Salt Cure
|
|-damage|p1a: san.|81/100|[from] Salt Cure
|upkeep
|turn|18
|
|t:|1743871669
|move|p1a: san.|Parting Shot|p2a: Garganacl
|-unboost|p2a: Garganacl|atk|1
|-unboost|p2a: Garganacl|spa|1
|
|t:|1743871674
|switch|p1a: Megatron|Hydreigon, M, shiny|100/100|[from] Parting Shot
|move|p2a: Garganacl|Thunder Punch|p1a: Megatron
|-resisted|p1a: Megatron
|-damage|p1a: Megatron|97/100
|
|-heal|p1a: Megatron|100/100|[from] item: Leftovers
|upkeep
|turn|19
|
|t:|1743871687
|move|p1a: Megatron|Nasty Plot|p1a: Megatron
|-boost|p1a: Megatron|spa|2
|move|p2a: Garganacl|Salt Cure|p1a: Megatron
|-damage|p1a: Megatron|95/100
|-start|p1a: Megatron|Salt Cure
|
|-heal|p1a: Megatron|100/100|[from] item: Leftovers
|-damage|p1a: Megatron|88/100|[from] Salt Cure
|upkeep
|turn|20
|
|t:|1743871696
|move|p1a: Megatron|Nasty Plot|p1a: Megatron
|-boost|p1a: Megatron|spa|2
|move|p2a: Garganacl|Salt Cure|p1a: Megatron
|-damage|p1a: Megatron|83/100
|
|-heal|p1a: Megatron|89/100|[from] item: Leftovers
|-damage|p1a: Megatron|77/100|[from] Salt Cure
|upkeep
|turn|21
|
|t:|1743871706
|move|p1a: Megatron|Nasty Plot|p1a: Megatron
|-boost|p1a: Megatron|spa|2
|move|p2a: Garganacl|Salt Cure|p1a: Megatron
|-damage|p1a: Megatron|71/100
|
|-heal|p1a: Megatron|77/100|[from] item: Leftovers
|-damage|p1a: Megatron|65/100|[from] Salt Cure
|upkeep
|turn|22
|
|t:|1743871715
|move|p1a: Megatron|Draco Meteor|p2a: Garganacl
|-damage|p2a: Garganacl|0 fnt
|-unboost|p1a: Megatron|spa|2
|faint|p2a: Garganacl
|
|-heal|p1a: Megatron|71/100|[from] item: Leftovers
|-damage|p1a: Megatron|59/100|[from] Salt Cure
|upkeep
|
|t:|1743871722
|switch|p2a: Iron Moth|Iron Moth, shiny|100/100
|-sideend|p2: vergilspard4|move: Toxic Spikes|[of] p2a: Iron Moth
|-damage|p2a: Iron Moth|88/100|[from] Spikes
|-enditem|p2a: Iron Moth|Booster Energy
|-activate|p2a: Iron Moth|ability: Quark Drive|[fromitem]
|-start|p2a: Iron Moth|quarkdrivespa
|turn|23
|
|t:|1743871736
|move|p2a: Iron Moth|Dazzling Gleam|p1a: Megatron
|-supereffective|p1a: Megatron
|-damage|p1a: Megatron|0 fnt
|faint|p1a: Megatron
|
|upkeep
|
|t:|1743871741
|switch|p1a: Papyrus|Incineroar, M, shiny|44/100
|-ability|p1a: Papyrus|Intimidate|boost
|-unboost|p2a: Iron Moth|atk|1
|turn|24
|
|t:|1743871750
|move|p2a: Iron Moth|Dazzling Gleam|p1a: Papyrus
|-damage|p1a: Papyrus|5/100
|move|p1a: Papyrus|Parting Shot|p2a: Iron Moth
|-unboost|p2a: Iron Moth|atk|1
|-unboost|p2a: Iron Moth|spa|1
|
|t:|1743871757
|switch|p1a: san.|Grimmsnarl, M, shiny|81/100|[from] Parting Shot
|
|upkeep
|turn|25
|
|t:|1743871763
|move|p1a: san.|Fake Out|p2a: Iron Moth
|-damage|p2a: Iron Moth|62/100
|cant|p2a: Iron Moth|flinch
|
|upkeep
|turn|26
|
|t:|1743871768
|move|p1a: san.|Parting Shot|p2a: Iron Moth
|-unboost|p2a: Iron Moth|atk|1
|-unboost|p2a: Iron Moth|spa|1
|
|t:|1743871772
|switch|p1a: Papyrus|Incineroar, M, shiny|5/100|[from] Parting Shot
|-ability|p1a: Papyrus|Intimidate|boost
|-unboost|p2a: Iron Moth|atk|1
|move|p2a: Iron Moth|Sludge Wave|p1a: Papyrus
|-crit|p1a: Papyrus
|-damage|p1a: Papyrus|0 fnt
|faint|p1a: Papyrus
|
|upkeep
|
|t:|1743871782
|switch|p1a: san.|Grimmsnarl, M, shiny|81/100
|turn|27
|
|t:|1743871787
|-terastallize|p1a: san.|Normal
|move|p1a: san.|Fake Out|p2a: Iron Moth
|-damage|p2a: Iron Moth|27/100
|cant|p2a: Iron Moth|flinch
|
|upkeep
|turn|28
|
|t:|1743871794
|move|p1a: san.|Parting Shot|p2a: Iron Moth
|-unboost|p2a: Iron Moth|atk|1
|-unboost|p2a: Iron Moth|spa|1
|
|t:|1743871798
|switch|p1a: Umbreon|Umbreon, M, shiny|100/100|[from] Parting Shot
|move|p2a: Iron Moth|Fiery Dance|p1a: Umbreon
|-damage|p1a: Umbreon|88/100
|-boost|p2a: Iron Moth|spa|1
|
|upkeep
|turn|29
|
|t:|1743871808
|move|p2a: Iron Moth|Fiery Dance|p1a: Umbreon
|-damage|p1a: Umbreon|72/100
|move|p1a: Umbreon|Wish|p1a: Umbreon
|
|upkeep
|turn|30
|
|t:|1743871816
|switch|p1a: san.|Grimmsnarl, M, shiny, tera:Normal|81/100
|move|p2a: Iron Moth|Fiery Dance|p1a: san.
|-damage|p1a: san.|52/100
|-boost|p2a: Iron Moth|spa|1
|
|-heal|p1a: san.|100/100|[from] move: Wish|[wisher] Umbreon
|upkeep
|turn|31
|
|t:|1743871827
|move|p1a: san.|Fake Out|p2a: Iron Moth
|-damage|p2a: Iron Moth|0 fnt
|faint|p2a: Iron Moth
|-end|p2a: Iron Moth|Quark Drive|[silent]
|
|upkeep
|
|t:|1743871834
|switch|p2a: Goodra|Goodra-Hisui, M|100/100
|-damage|p2a: Goodra|88/100|[from] Spikes
|turn|32
|
|t:|1743871842
|move|p1a: san.|Spirit Break|p2a: Goodra
|-damage|p2a: Goodra|54/100
|-unboost|p2a: Goodra|spa|1
|move|p2a: Goodra|Curse|p2a: Goodra
|-unboost|p2a: Goodra|spe|1
|-boost|p2a: Goodra|atk|1
|-boost|p2a: Goodra|def|1
|
|-heal|p2a: Goodra|60/100|[from] item: Leftovers
|upkeep
|turn|33
|
|t:|1743871853
|move|p1a: san.|Parting Shot|p2a: Goodra
|-unboost|p2a: Goodra|atk|1
|-unboost|p2a: Goodra|spa|1
|
|t:|1743871856
|switch|p1a: Umbreon|Umbreon, M, shiny|72/100|[from] Parting Shot
|move|p2a: Goodra|Earthquake|p1a: Umbreon
|-crit|p1a: Umbreon
|-damage|p1a: Umbreon|46/100
|
|-heal|p2a: Goodra|66/100|[from] item: Leftovers
|upkeep
|turn|34
|
|t:|1743871866
|move|p1a: Umbreon|Wish|p1a: Umbreon
|move|p2a: Goodra|Curse|p2a: Goodra
|-unboost|p2a: Goodra|spe|1
|-boost|p2a: Goodra|atk|1
|-boost|p2a: Goodra|def|1
|
|-heal|p2a: Goodra|72/100|[from] item: Leftovers
|upkeep
|turn|35
|
|t:|1743871875
|move|p1a: Umbreon|Protect|p1a: Umbreon
|-singleturn|p1a: Umbreon|Protect
|move|p2a: Goodra|Curse|p2a: Goodra
|-unboost|p2a: Goodra|spe|1
|-boost|p2a: Goodra|atk|1
|-boost|p2a: Goodra|def|1
|
|-heal|p1a: Umbreon|96/100|[from] move: Wish|[wisher] Umbreon
|-heal|p2a: Goodra|78/100|[from] item: Leftovers
|upkeep
|turn|36
|
|t:|1743871887
|move|p1a: Umbreon|Foul Play|p2a: Goodra
|-damage|p2a: Goodra|56/100
|move|p2a: Goodra|Curse|p2a: Goodra
|-unboost|p2a: Goodra|spe|1
|-boost|p2a: Goodra|atk|1
|-boost|p2a: Goodra|def|1
|
|-heal|p2a: Goodra|62/100|[from] item: Leftovers
|upkeep
|turn|37
|
|t:|1743871897
|move|p1a: Umbreon|Foul Play|p2a: Goodra
|-damage|p2a: Goodra|37/100
|move|p2a: Goodra|Curse|p2a: Goodra
|-unboost|p2a: Goodra|spe|1
|-boost|p2a: Goodra|atk|1
|-boost|p2a: Goodra|def|1
|
|-heal|p2a: Goodra|43/100|[from] item: Leftovers
|upkeep
|turn|38
|
|t:|1743871906
|move|p1a: Umbreon|Foul Play|p2a: Goodra
|-damage|p2a: Goodra|17/100
|move|p2a: Goodra|Earthquake|p1a: Umbreon
|-damage|p1a: Umbreon|50/100
|
|-heal|p2a: Goodra|23/100|[from] item: Leftovers
|upkeep
|turn|39
|
|t:|1743871916
|move|p1a: Umbreon|Foul Play|p2a: Goodra
|-damage|p2a: Goodra|0 fnt
|faint|p2a: Goodra
|
|upkeep
|
|t:|1743871924
|switch|p2a: Greninja|Greninja, M, shiny|100/100
|-damage|p2a: Greninja|88/100|[from] Spikes
|turn|40
|
|t:|1743871930
|move|p2a: Greninja|Surf|p1a: Umbreon
|-start|p2a: Greninja|typechange|Water|[from] ability: Protean
|-damage|p1a: Umbreon|22/100
|-damage|p2a: Greninja|78/100|[from] item: Life Orb
|move|p1a: Umbreon|Wish|p1a: Umbreon
|
|upkeep
|turn|41
|
|t:|1743871938
|move|p1a: Umbreon|Protect|p1a: Umbreon
|-singleturn|p1a: Umbreon|Protect
|move|p2a: Greninja|Surf|p1a: Umbreon
|-activate|p1a: Umbreon|move: Protect
|
|-heal|p1a: Umbreon|72/100|[from] move: Wish|[wisher] Umbreon
|upkeep
|turn|42
|
|t:|1743871947
|move|p2a: Greninja|Surf|p1a: Umbreon
|-damage|p1a: Umbreon|42/100
|-damage|p2a: Greninja|69/100|[from] item: Life Orb
|move|p1a: Umbreon|Wish|p1a: Umbreon
|
|upkeep
|turn|43
|
|t:|1743871954
|move|p1a: Umbreon|Protect|p1a: Umbreon
|-singleturn|p1a: Umbreon|Protect
|move|p2a: Greninja|Surf|p1a: Umbreon
|-activate|p1a: Umbreon|move: Protect
|
|-heal|p1a: Umbreon|92/100|[from] move: Wish|[wisher] Umbreon
|upkeep
|turn|44
|
|t:|1743871965
|move|p2a: Greninja|Surf|p1a: Umbreon
|-damage|p1a: Umbreon|65/100
|-damage|p2a: Greninja|59/100|[from] item: Life Orb
|move|p1a: Umbreon|Foul Play|p2a: Greninja
|-damage|p2a: Greninja|22/100
|
|upkeep
|turn|45
|
|t:|1743871973
|move|p2a: Greninja|Surf|p1a: Umbreon
|-damage|p1a: Umbreon|33/100
|-damage|p2a: Greninja|12/100|[from] item: Life Orb
|move|p1a: Umbreon|Wish|p1a: Umbreon
|
|upkeep
|turn|46
|
|t:|1743871979
|move|p1a: Umbreon|Protect|p1a: Umbreon
|-singleturn|p1a: Umbreon|Protect
|move|p2a: Greninja|Surf|p1a: Umbreon
|-activate|p1a: Umbreon|move: Protect
|
|-heal|p1a: Umbreon|83/100|[from] move: Wish|[wisher] Umbreon
|upkeep
|turn|47
|
|t:|1743871988
|move|p2a: Greninja|Surf|p1a: Umbreon
|-damage|p1a: Umbreon|53/100
|-damage|p2a: Greninja|2/100|[from] item: Life Orb
|move|p1a: Umbreon|Foul Play|p2a: Greninja
|-damage|p2a: Greninja|0 fnt
|faint|p2a: Greninja
|
|upkeep
|
|t:|1743871992
|switch|p2a: Iron Leaves|Iron Leaves|100/100
|-damage|p2a: Iron Leaves|88/100|[from] Spikes
|-enditem|p2a: Iron Leaves|Booster Energy
|-activate|p2a: Iron Leaves|ability: Quark Drive|[fromitem]
|-start|p2a: Iron Leaves|quarkdriveatk
|turn|48
|
|t:|1743872004
|move|p2a: Iron Leaves|Sacred Sword|p1a: Umbreon
|-supereffective|p1a: Umbreon
|-damage|p1a: Umbreon|0 fnt
|-damage|p2a: Iron Leaves|72/100|[from] item: Rocky Helmet|[of] p1a: Umbreon
|faint|p1a: Umbreon
|
|upkeep
|
|t:|1743872023
|switch|p1a: san.|Grimmsnarl, M, shiny, tera:Normal|100/100
|turn|49
|
|t:|1743872026
|move|p1a: san.|Fake Out|p2a: Iron Leaves
|-damage|p2a: Iron Leaves|47/100
|cant|p2a: Iron Leaves|flinch
|
|upkeep
|turn|50
|
|t:|1743872032
|move|p2a: Iron Leaves|Sacred Sword|p1a: san.
|-supereffective|p1a: san.
|-damage|p1a: san.|0 fnt
|faint|p1a: san.
|
|win|vergilspard4
|raw|buttsauce requiem's rating: 1071 &rarr; <strong>1053</strong><br />(-18 for losing)
|raw|vergilspard4's rating: 1122 &rarr; <strong>1143</strong><br />(+21 for winning)
|l|☆vergilspard4
|player|p2|
|c|☆buttsauce requiem|Ggs
|l|☆buttsauce requiem
|player|p1|
