|j|☆94ChenYu5
|j|☆Josheh10
|t:|1743914949
|gametype|singles
|player|p1|94ChenYu5|1|1119
|player|p2|Josheh10|1|1143
|teamsize|p1|6
|teamsize|p2|6
|gen|9
|tier|[Gen 9] OU
|rated|
|rule|HP Percentage Mod: HP is shown in percentages
|rule|Endless Battle Clause: Forcing endless battles is banned
|rule|Species Clause: Limit one of each Pokémon
|rule|OHKO Clause: OHKO moves are banned
|rule|Evasion Items Clause: Evasion items are banned
|rule|Evasion Moves Clause: Evasion moves are banned
|rule|Sleep Moves Clause: Sleep-inducing moves are banned
|clearpoke
|poke|p1|Espeon, M|
|poke|p1|Dragonite, M|
|poke|p1|Tyranitar, M|
|poke|p1|Ditto|
|poke|p1|Polteageist|
|poke|p1|Landorus-Therian, M|
|poke|p2|Corviknight, M|
|poke|p2|Hatterene, F|
|poke|p2|Dragapult, F|
|poke|p2|Conkeldurr, F|
|poke|p2|Garchomp, M|
|poke|p2|Toxapex, F|
|teampreview
|
|t:|1743914956
|start
|switch|p1a: Espeon|Espeon, M, shiny|100/100
|switch|p2a: Moms Spaghetti|Hatterene, F|100/100
|turn|1
|
|t:|1743914964
|move|p1a: Espeon|Calm Mind|p1a: Espeon
|-boost|p1a: Espeon|spa|1
|-boost|p1a: Espeon|spd|1
|move|p2a: Moms Spaghetti|Trick Room|p2a: Moms Spaghetti
|-fieldstart|move: Trick Room|[of] p2a: Moms Spaghetti
|
|upkeep
|turn|2
|
|t:|1743914972
|move|p2a: Moms Spaghetti|Nuzzle|p1a: Espeon
|-damage|p1a: Espeon|92/100
|-status|p1a: Espeon|par
|move|p1a: Espeon|Calm Mind|p1a: Espeon
|-boost|p1a: Espeon|spa|1
|-boost|p1a: Espeon|spd|1
|
|upkeep
|turn|3
|
|t:|1743914986
|switch|p2a: Risky Reels|Toxapex, F|100/100
|cant|p1a: Espeon|par
|
|upkeep
|turn|4
|
|t:|1743914990
|move|p2a: Risky Reels|Toxic Spikes|p1a: Espeon
|move|p1a: Espeon|Toxic Spikes|p2a: Risky Reels|[from] ability: Magic Bounce
|-sidestart|p2: Josheh10|move: Toxic Spikes
|move|p1a: Espeon|Reflect|p1a: Espeon
|-sidestart|p1: 94ChenYu5|Reflect
|
|upkeep
|turn|5
|
|t:|1743914997
|switch|p2a: Burd|Corviknight, M|100/100
|move|p1a: Espeon|Calm Mind|p1a: Espeon
|-boost|p1a: Espeon|spa|1
|-boost|p1a: Espeon|spd|1
|
|-fieldend|move: Trick Room
|upkeep
|turn|6
|
|t:|1743915004
|switch|p2a: Risky Reels|Toxapex, F|100/100
|-sideend|p2: Josheh10|move: Toxic Spikes|[of] p2a: Risky Reels
|move|p1a: Espeon|Stored Power|p2a: Risky Reels
|-supereffective|p2a: Risky Reels
|-damage|p2a: Risky Reels|0 fnt
|faint|p2a: Risky Reels
|
|upkeep
|
|t:|1743915019
|switch|p2a: Lazy Links|Dragapult, F|100/100
|turn|7
|inactive|Battle timer is ON: inactive players will automatically lose when time's up. (requested by 94ChenYu5)
|
|t:|1743915023
|-terastallize|p2a: Lazy Links|Fire
|move|p2a: Lazy Links|Fire Blast|p1a: Espeon
|-damage|p1a: Espeon|54/100 par
|move|p1a: Espeon|Draining Kiss|p2a: Lazy Links
|-resisted|p2a: Lazy Links
|-crit|p2a: Lazy Links
|-damage|p2a: Lazy Links|58/100
|-heal|p1a: Espeon|91/100 par|[from] drain|[of] p2a: Lazy Links
|
|upkeep
|turn|8
|
|t:|1743915037
|move|p2a: Lazy Links|Fire Blast|p1a: Espeon
|-damage|p1a: Espeon|53/100 par
|move|p1a: Espeon|Calm Mind|p1a: Espeon
|-boost|p1a: Espeon|spa|1
|-boost|p1a: Espeon|spd|1
|
|upkeep
|turn|9
|
|t:|1743915043
|switch|p2a: FF|Garchomp, M|100/100
|move|p1a: Espeon|Draining Kiss|p2a: FF
|-supereffective|p2a: FF
|-damage|p2a: FF|11/100
|-heal|p1a: Espeon|100/100 par|[from] drain|[of] p2a: FF
|-damage|p1a: Espeon|88/100 par|[from] ability: Rough Skin|[of] p2a: FF
|-damage|p1a: Espeon|72/100 par|[from] item: Rocky Helmet|[of] p2a: FF
|
|upkeep
|turn|10
|
|t:|1743915055
|move|p2a: FF|Earthquake|p1a: Espeon
|-damage|p1a: Espeon|13/100 par
|move|p1a: Espeon|Draining Kiss|p2a: FF
|-supereffective|p2a: FF
|-damage|p2a: FF|0 fnt
|-heal|p1a: Espeon|26/100 par|[from] drain|[of] p2a: FF
|-damage|p1a: Espeon|13/100 par|[from] ability: Rough Skin|[of] p2a: FF
|-damage|p1a: Espeon|0 fnt|[from] item: Rocky Helmet|[of] p2a: FF
|faint|p2a: FF
|faint|p1a: Espeon
|
|upkeep
|-message|Josheh10 forfeited.
|
|win|94ChenYu5
|raw|94ChenYu5's rating: 1119 &rarr; <strong>1146</strong><br />(+27 for winning)
|raw|Josheh10's rating: 1143 &rarr; <strong>1116</strong><br />(-27 for losing)
|l|☆Josheh10
|player|p2|
|l|☆94ChenYu5
|player|p1|
