|j|☆zekoplayzr6
|j|☆huijiji
|t:|1743780746
|gametype|singles
|player|p1|zekoplayzr6|miku-grass|1156
|player|p2|huijiji|hilda|1134
|teamsize|p1|6
|teamsize|p2|6
|gen|9
|tier|[Gen 9] OU
|rated|
|rule|HP Percentage Mod: HP is shown in percentages
|rule|Endless Battle Clause: Forcing endless battles is banned
|rule|Species Clause: Limit one of each Pokémon
|rule|OHKO Clause: OHKO moves are banned
|rule|Evasion Items Clause: Evasion items are banned
|rule|Evasion Moves Clause: Evasion moves are banned
|rule|Sleep Moves Clause: Sleep-inducing moves are banned
|clearpoke
|poke|p1|Garganacl, F|
|poke|p1|Gholdengo|
|poke|p1|Enamorus, F|
|poke|p1|Gliscor, M|
|poke|p1|Iron Hands|
|poke|p1|Ogerpon-Wellspring, F|
|poke|p2|Kingambit, M|
|poke|p2|Samurott-Hisui, M|
|poke|p2|Heatran, M|
|poke|p2|Wo-Chien|
|poke|p2|Weezing-Galar, M|
|poke|p2|Alomomola, F|
|teampreview
|inactive|Battle timer is ON: inactive players will automatically lose when time's up. (requested by huijiji)
|
|t:|1743780771
|start
|switch|p1a: Iron Hands|Iron Hands|100/100
|switch|p2a: Wo-Chien|Wo-Chien|100/100
|-ability|p2a: Wo-Chien|Tablets of Ruin
|turn|1
|
|t:|1743780781
|move|p2a: Wo-Chien|Substitute|p2a: Wo-Chien
|-start|p2a: Wo-Chien|Substitute
|-damage|p2a: Wo-Chien|76/100
|move|p1a: Iron Hands|Drain Punch|p2a: Wo-Chien
|-supereffective|p2a: Wo-Chien
|-end|p2a: Wo-Chien|Substitute
|
|-heal|p2a: Wo-Chien|82/100|[from] item: Leftovers
|upkeep
|turn|2
|
|t:|1743780789
|move|p2a: Wo-Chien|Protect|p2a: Wo-Chien
|-singleturn|p2a: Wo-Chien|Protect
|move|p1a: Iron Hands|Drain Punch|p2a: Wo-Chien
|-activate|p2a: Wo-Chien|move: Protect
|
|-heal|p2a: Wo-Chien|88/100|[from] item: Leftovers
|upkeep
|turn|3
|
|t:|1743780802
|switch|p2a: Weezing|Weezing-Galar, M|100/100
|-ability|p2a: Weezing|Neutralizing Gas
|move|p1a: Iron Hands|Ice Punch|p2a: Weezing
|-damage|p2a: Weezing|80/100
|
|upkeep
|turn|4
|
|t:|1743780814
|move|p2a: Weezing|Toxic Spikes|p1a: Iron Hands
|-sidestart|p1: zekoplayzr6|move: Toxic Spikes
|move|p1a: Iron Hands|Earthquake|p2a: Weezing
|-supereffective|p2a: Weezing
|-damage|p2a: Weezing|25/100
|
|upkeep
|turn|5
|inactive|zekoplayzr6 has 120 seconds left.
|-enditem|p2a: Weezing|Custap Berry|[eat]
|-activate|p2a: Weezing|item: Custap Berry|[consumed]
|
|t:|1743780844
|move|p2a: Weezing|Destiny Bond|p2a: Weezing
|-singlemove|p2a: Weezing|Destiny Bond
|move|p1a: Iron Hands|Drain Punch|p2a: Weezing
|-resisted|p2a: Weezing
|-damage|p2a: Weezing|17/100
|
|upkeep
|turn|6
|
|t:|1743780853
|move|p2a: Weezing|Toxic Spikes|p1a: Iron Hands
|-sidestart|p1: zekoplayzr6|move: Toxic Spikes
|move|p1a: Iron Hands|Drain Punch|p2a: Weezing
|-resisted|p2a: Weezing
|-damage|p2a: Weezing|10/100
|
|upkeep
|turn|7
|
|t:|1743780858
|move|p2a: Weezing|Destiny Bond|p2a: Weezing
|-singlemove|p2a: Weezing|Destiny Bond
|move|p1a: Iron Hands|Drain Punch|p2a: Weezing
|-resisted|p2a: Weezing
|-damage|p2a: Weezing|1/100
|
|upkeep
|turn|8
|
|t:|1743780866
|move|p2a: Weezing|Strange Steam|p1a: Iron Hands
|-supereffective|p1a: Iron Hands
|-damage|p1a: Iron Hands|71/100
|move|p1a: Iron Hands|Ice Punch|p2a: Weezing
|-damage|p2a: Weezing|0 fnt
|faint|p2a: Weezing
|-end|p2a: Weezing|ability: Neutralizing Gas
|
|upkeep
|inactive|huijiji has 120 seconds left.
|
|t:|1743780903
|switch|p2a: Samurott|Samurott-Hisui, M|100/100
|turn|9
|
|t:|1743780905
|move|p2a: Samurott|Ceaseless Edge|p1a: Iron Hands
|-resisted|p1a: Iron Hands
|-damage|p1a: Iron Hands|55/100
|-sidestart|p1: zekoplayzr6|Spikes
|move|p1a: Iron Hands|Drain Punch|p2a: Samurott
|-supereffective|p2a: Samurott
|-damage|p2a: Samurott|0 fnt
|-heal|p1a: Iron Hands|91/100|[from] drain|[of] p2a: Samurott
|faint|p2a: Samurott
|
|upkeep
|inactive|huijiji has 120 seconds left.
|
|t:|1743780924
|switch|p2a: Alomomola|Alomomola, F|100/100
|turn|10
|
|t:|1743780926
|move|p2a: Alomomola|Chilling Water|p1a: Iron Hands
|-damage|p1a: Iron Hands|87/100
|-unboost|p1a: Iron Hands|atk|1
|move|p1a: Iron Hands|Thunder Punch|p2a: Alomomola
|-supereffective|p2a: Alomomola
|-damage|p2a: Alomomola|58/100
|-damage|p1a: Iron Hands|70/100|[from] item: Rocky Helmet|[of] p2a: Alomomola
|
|upkeep
|turn|11
|
|t:|1743780933
|move|p2a: Alomomola|Chilling Water|p1a: Iron Hands
|-damage|p1a: Iron Hands|66/100
|-unboost|p1a: Iron Hands|atk|1
|move|p1a: Iron Hands|Thunder Punch|p2a: Alomomola
|-supereffective|p2a: Alomomola
|-damage|p2a: Alomomola|27/100
|-damage|p1a: Iron Hands|49/100|[from] item: Rocky Helmet|[of] p2a: Alomomola
|
|upkeep
|turn|12
|
|t:|1743780938
|move|p2a: Alomomola|Chilling Water|p1a: Iron Hands
|-damage|p1a: Iron Hands|45/100
|-unboost|p1a: Iron Hands|atk|1
|move|p1a: Iron Hands|Thunder Punch|p2a: Alomomola
|-supereffective|p2a: Alomomola
|-damage|p2a: Alomomola|1/100
|-damage|p1a: Iron Hands|29/100|[from] item: Rocky Helmet|[of] p2a: Alomomola
|
|upkeep
|turn|13
|
|t:|1743780946
|switch|p2a: Wo-Chien|Wo-Chien|88/100
|-ability|p2a: Wo-Chien|Tablets of Ruin
|-end|p1a: Iron Hands|Quark Drive|[silent]
|switch|p1a: Ogerpon|Ogerpon-Wellspring, F|100/100
|-status|p1a: Ogerpon|tox
|-damage|p1a: Ogerpon|88/100 tox|[from] Spikes
|
|-heal|p2a: Wo-Chien|94/100|[from] item: Leftovers
|-damage|p1a: Ogerpon|82/100 tox|[from] psn
|upkeep
|turn|14
|
|t:|1743780958
|switch|p1a: Gholdengo|Gholdengo|100/100
|-damage|p1a: Gholdengo|88/100|[from] Spikes
|move|p2a: Wo-Chien|Substitute|p2a: Wo-Chien
|-start|p2a: Wo-Chien|Substitute
|-damage|p2a: Wo-Chien|69/100
|
|-heal|p2a: Wo-Chien|75/100|[from] item: Leftovers
|upkeep
|turn|15
|
|t:|1743780966
|move|p1a: Gholdengo|Nasty Plot|p1a: Gholdengo
|-boost|p1a: Gholdengo|spa|2
|move|p2a: Wo-Chien|Ruination|p1a: Gholdengo
|-damage|p1a: Gholdengo|44/100
|
|-heal|p2a: Wo-Chien|82/100|[from] item: Leftovers
|upkeep
|turn|16
|
|t:|1743780985
|move|p1a: Gholdengo|Dazzling Gleam|p2a: Wo-Chien
|-supereffective|p2a: Wo-Chien
|-end|p2a: Wo-Chien|Substitute
|move|p2a: Wo-Chien|Ruination|p1a: Gholdengo
|-damage|p1a: Gholdengo|22/100
|
|-heal|p2a: Wo-Chien|88/100|[from] item: Leftovers
|upkeep
|turn|17
|
|t:|1743780993
|switch|p2a: Heatran|Heatran, M|100/100
|-item|p2a: Heatran|Air Balloon
|move|p1a: Gholdengo|Dazzling Gleam|p2a: Heatran
|-resisted|p2a: Heatran
|-damage|p2a: Heatran|88/100
|-enditem|p2a: Heatran|Air Balloon
|
|upkeep
|turn|18
|
|t:|1743780999
|move|p1a: Gholdengo|Shadow Ball|p2a: Heatran
|-damage|p2a: Heatran|16/100
|move|p2a: Heatran|Earth Power|p1a: Gholdengo
|-supereffective|p1a: Gholdengo
|-damage|p1a: Gholdengo|0 fnt
|faint|p1a: Gholdengo
|
|upkeep
|
|t:|1743781002
|switch|p1a: Gliscor|Gliscor, M|100/100
|turn|19
|
|t:|1743781011
|move|p1a: Gliscor|Protect|p1a: Gliscor
|-singleturn|p1a: Gliscor|Protect
|move|p2a: Heatran|Magma Storm|p1a: Gliscor
|-activate|p1a: Gliscor|move: Protect
|
|-status|p1a: Gliscor|tox|[from] item: Toxic Orb
|upkeep
|turn|20
|
|t:|1743781013
|move|p1a: Gliscor|Earthquake|p2a: Heatran
|-supereffective|p2a: Heatran
|-damage|p2a: Heatran|0 fnt
|faint|p2a: Heatran
|
|upkeep
|
|t:|1743781017
|switch|p2a: Wo-Chien|Wo-Chien|88/100
|-ability|p2a: Wo-Chien|Tablets of Ruin
|turn|21
|
|t:|1743781021
|move|p1a: Gliscor|Toxic|p2a: Wo-Chien
|-status|p2a: Wo-Chien|tox
|move|p2a: Wo-Chien|Leech Seed|p1a: Gliscor
|-start|p1a: Gliscor|move: Leech Seed
|
|-heal|p2a: Wo-Chien|94/100 tox|[from] item: Leftovers
|-damage|p1a: Gliscor|88/100 tox|[from] Leech Seed|[of] p2a: Wo-Chien
|-heal|p2a: Wo-Chien|100/100 tox|[silent]
|-heal|p1a: Gliscor|100/100 tox|[from] ability: Poison Heal
|-damage|p2a: Wo-Chien|94/100 tox|[from] psn
|upkeep
|turn|22
|
|t:|1743781029
|-terastallize|p2a: Wo-Chien|Poison
|move|p1a: Gliscor|Spikes|p2a: Wo-Chien
|-sidestart|p2: huijiji|Spikes
|move|p2a: Wo-Chien|Substitute|p2a: Wo-Chien
|-start|p2a: Wo-Chien|Substitute
|-damage|p2a: Wo-Chien|69/100 tox
|
|-heal|p2a: Wo-Chien|76/100 tox|[from] item: Leftovers
|-damage|p1a: Gliscor|88/100 tox|[from] Leech Seed|[of] p2a: Wo-Chien
|-heal|p2a: Wo-Chien|87/100 tox|[silent]
|-heal|p1a: Gliscor|100/100 tox|[from] ability: Poison Heal
|-damage|p2a: Wo-Chien|75/100 tox|[from] psn
|upkeep
|turn|23
|
|t:|1743781041
|move|p1a: Gliscor|Spikes|p2a: Wo-Chien
|-sidestart|p2: huijiji|Spikes
|move|p2a: Wo-Chien|Ruination|p1a: Gliscor
|-damage|p1a: Gliscor|50/100 tox
|
|-heal|p2a: Wo-Chien|81/100 tox|[from] item: Leftovers
|-damage|p1a: Gliscor|38/100 tox|[from] Leech Seed|[of] p2a: Wo-Chien
|-heal|p2a: Wo-Chien|93/100 tox|[silent]
|-heal|p1a: Gliscor|50/100 tox|[from] ability: Poison Heal
|-damage|p2a: Wo-Chien|75/100 tox|[from] psn
|upkeep
|turn|24
|c|☆zekoplayzr6|tera poison wont save you from toxic chip
|
|t:|1743781046
|move|p1a: Gliscor|Spikes|p2a: Wo-Chien
|-sidestart|p2: huijiji|Spikes
|move|p2a: Wo-Chien|Ruination|p1a: Gliscor
|-damage|p1a: Gliscor|25/100 tox
|
|-heal|p2a: Wo-Chien|81/100 tox|[from] item: Leftovers
|-damage|p1a: Gliscor|13/100 tox|[from] Leech Seed|[of] p2a: Wo-Chien
|-heal|p2a: Wo-Chien|92/100 tox|[silent]
|-heal|p1a: Gliscor|25/100 tox|[from] ability: Poison Heal
|-damage|p2a: Wo-Chien|68/100 tox|[from] psn
|upkeep
|turn|25
|
|t:|1743781051
|move|p1a: Gliscor|Protect|p1a: Gliscor
|-singleturn|p1a: Gliscor|Protect
|move|p2a: Wo-Chien|Ruination|p1a: Gliscor
|-activate|p1a: Gliscor|move: Protect
|
|-heal|p2a: Wo-Chien|74/100 tox|[from] item: Leftovers
|-damage|p1a: Gliscor|13/100 tox|[from] Leech Seed|[of] p2a: Wo-Chien
|-heal|p2a: Wo-Chien|86/100 tox|[silent]
|-heal|p1a: Gliscor|25/100 tox|[from] ability: Poison Heal
|-damage|p2a: Wo-Chien|55/100 tox|[from] psn
|upkeep
|turn|26
|
|t:|1743781067
|switch|p1a: Enamorus|Enamorus, F|100/100
|move|p2a: Wo-Chien|Ruination|p1a: Enamorus
|-damage|p1a: Enamorus|51/100
|
|-heal|p2a: Wo-Chien|61/100 tox|[from] item: Leftovers
|-damage|p2a: Wo-Chien|24/100 tox|[from] psn
|upkeep
|turn|27
|
|t:|1743781070
|move|p1a: Enamorus|Moonblast|p2a: Wo-Chien
|-resisted|p2a: Wo-Chien
|-activate|p2a: Wo-Chien|move: Substitute|[damage]
|move|p2a: Wo-Chien|Leech Seed|p1a: Enamorus
|-start|p1a: Enamorus|move: Leech Seed
|
|-heal|p2a: Wo-Chien|30/100 tox|[from] item: Leftovers
|-damage|p1a: Enamorus|38/100|[from] Leech Seed|[of] p2a: Wo-Chien
|-heal|p2a: Wo-Chien|40/100 tox|[silent]
|-damage|p2a: Wo-Chien|0 fnt|[from] psn
|faint|p2a: Wo-Chien
|upkeep
|
|t:|1743781078
|switch|p2a: Kingambit|Kingambit, M|100/100
|-damage|p2a: Kingambit|75/100|[from] Spikes
|-activate|p2a: Kingambit|ability: Supreme Overlord
|-start|p2a: Kingambit|fallen4|[silent]
|turn|28
|
|t:|1743781084
|switch|p1a: Ogerpon|Ogerpon-Wellspring, F|82/100 tox
|-damage|p1a: Ogerpon|70/100 tox|[from] Spikes
|move|p2a: Kingambit|Swords Dance|p2a: Kingambit
|-boost|p2a: Kingambit|atk|2
|
|-damage|p1a: Ogerpon|64/100 tox|[from] psn
|upkeep
|turn|29
|
|t:|1743781095
|move|p2a: Kingambit|Sucker Punch|p1a: Ogerpon
|-damage|p1a: Ogerpon|0 fnt
|faint|p1a: Ogerpon
|
|upkeep
|
|t:|1743781097
|switch|p1a: Iron Hands|Iron Hands|29/100
|-status|p1a: Iron Hands|tox
|-damage|p1a: Iron Hands|16/100 tox|[from] Spikes
|turn|30
|
|t:|1743781102
|move|p2a: Kingambit|Sucker Punch|p1a: Iron Hands
|-resisted|p1a: Iron Hands
|-damage|p1a: Iron Hands|0 fnt
|faint|p1a: Iron Hands
|-end|p1a: Iron Hands|Quark Drive|[silent]
|
|upkeep
|
|t:|1743781104
|switch|p1a: Gliscor|Gliscor, M|25/100 tox
|turn|31
|
|t:|1743781110
|move|p1a: Gliscor|Protect|p1a: Gliscor
|-singleturn|p1a: Gliscor|Protect
|move|p2a: Kingambit|Swords Dance|p2a: Kingambit
|-boost|p2a: Kingambit|atk|2
|
|-heal|p1a: Gliscor|38/100 tox|[from] ability: Poison Heal
|upkeep
|turn|32
|
|t:|1743781124
|-terastallize|p1a: Gliscor|Water
|move|p2a: Kingambit|Sucker Punch||[still]
|-fail|p2a: Kingambit
|move|p1a: Gliscor|Spikes||[still]
|-fail|p1a: Gliscor
|
|-heal|p1a: Gliscor|50/100 tox|[from] ability: Poison Heal
|upkeep
|turn|33
|
|t:|1743781131
|move|p1a: Gliscor|Protect|p1a: Gliscor
|-singleturn|p1a: Gliscor|Protect
|move|p2a: Kingambit|Kowtow Cleave|p1a: Gliscor
|-activate|p1a: Gliscor|move: Protect
|
|-heal|p1a: Gliscor|63/100 tox|[from] ability: Poison Heal
|upkeep
|turn|34
|
|t:|1743781136
|move|p2a: Kingambit|Sucker Punch|p1a: Gliscor
|-damage|p1a: Gliscor|0 fnt
|faint|p1a: Gliscor
|
|upkeep
|
|t:|1743781138
|switch|p1a: Garganacl|Garganacl, F|100/100
|-damage|p1a: Garganacl|88/100|[from] Spikes
|turn|35
|
|t:|1743781142
|move|p2a: Kingambit|Iron Head|p1a: Garganacl
|-supereffective|p1a: Garganacl
|-damage|p1a: Garganacl|0 fnt
|faint|p1a: Garganacl
|
|upkeep
|
|t:|1743781144
|switch|p1a: Enamorus|Enamorus, F|38/100
|turn|36
|
|t:|1743781146
|move|p2a: Kingambit|Sucker Punch|p1a: Enamorus
|-resisted|p1a: Enamorus
|-damage|p1a: Enamorus|0 fnt
|faint|p1a: Enamorus
|
|win|huijiji
|raw|zekoplayzr6's rating: 1156 &rarr; <strong>1129</strong><br />(-27 for losing)
|raw|huijiji's rating: 1134 &rarr; <strong>1161</strong><br />(+27 for winning)
|c|☆zekoplayzr6|ggs
|l|☆zekoplayzr6
|player|p1|
