|j|‽Nate658
|j|☆pokepunchbattlesv3
|t:|1743922883
|gametype|singles
|player|p1|Nate658|266|1223
|player|p2|pokepunchbattlesv3|winona|1247
|teamsize|p1|6
|teamsize|p2|6
|gen|9
|tier|[Gen 9] OU
|rated|
|rule|HP Percentage Mod: HP is shown in percentages
|rule|Endless Battle Clause: Forcing endless battles is banned
|rule|Species Clause: Limit one of each Pokémon
|rule|OHKO Clause: OHKO moves are banned
|rule|Evasion Items Clause: Evasion items are banned
|rule|Evasion Moves Clause: Evasion moves are banned
|rule|Sleep Moves Clause: Sleep-inducing moves are banned
|clearpoke
|poke|p1|Garchomp, F|
|poke|p1|Ceruledge, M|
|poke|p1|Gyarados, M|
|poke|p1|Iron Crown|
|poke|p1|Raging Bolt|
|poke|p1|Dragonite, F|
|poke|p2|Tsareena, F|
|poke|p2|Alomomola, M|
|poke|p2|Great Tusk|
|poke|p2|Kingambit, F|
|poke|p2|Moltres|
|poke|p2|Slowking-Galar, F|
|teampreview
|
|t:|1743922894
|start
|switch|p1a: Gyarados|Gyarados, M, shiny|100/100
|switch|p2a: Great Tusk|Great Tusk|100/100
|turn|1
|
|t:|1743922922
|-end|p2a: Great Tusk|Protosynthesis|[silent]
|switch|p2a: Tsareena|Tsareena, F|100/100
|move|p1a: Gyarados|Dragon Dance|p1a: Gyarados
|-boost|p1a: Gyarados|atk|1
|-boost|p1a: Gyarados|spe|1
|
|upkeep
|turn|2
|
|t:|1743922926
|move|p1a: Gyarados|Dragon Dance|p1a: Gyarados
|-boost|p1a: Gyarados|atk|1
|-boost|p1a: Gyarados|spe|1
|move|p2a: Tsareena|Power Whip|p1a: Gyarados|[miss]
|-miss|p2a: Tsareena|p1a: Gyarados
|
|upkeep
|turn|3
|
|t:|1743922932
|move|p1a: Gyarados|Dragon Dance|p1a: Gyarados
|-boost|p1a: Gyarados|atk|1
|-boost|p1a: Gyarados|spe|1
|move|p2a: Tsareena|Power Whip|p1a: Gyarados
|-damage|p1a: Gyarados|30/100
|-enditem|p1a: Gyarados|Sitrus Berry|[eat]
|-heal|p1a: Gyarados|55/100|[from] item: Sitrus Berry
|
|upkeep
|turn|4
|
|t:|1743922939
|move|p1a: Gyarados|Ice Fang|p2a: Tsareena
|-supereffective|p2a: Tsareena
|-damage|p2a: Tsareena|2/100
|move|p2a: Tsareena|Power Whip|p1a: Gyarados
|-damage|p1a: Gyarados|0 fnt
|faint|p1a: Gyarados
|
|upkeep
|c|☆pokepunchbattlesv3|HOW
|
|t:|1743922952
|switch|p1a: Raging Bolt|Raging Bolt|100/100
|-enditem|p1a: Raging Bolt|Booster Energy
|-activate|p1a: Raging Bolt|ability: Protosynthesis|[fromitem]
|-start|p1a: Raging Bolt|protosynthesisspa
|turn|5
|
|t:|1743922958
|move|p1a: Raging Bolt|Thunderclap||[still]
|cant|p2a: Tsareena|ability: Queenly Majesty|Thunderclap|[of] p1a: Raging Bolt
|move|p2a: Tsareena|Triple Axel|p1a: Raging Bolt
|-supereffective|p1a: Raging Bolt
|-damage|p1a: Raging Bolt|90/100
|-supereffective|p1a: Raging Bolt
|-damage|p1a: Raging Bolt|69/100
|-supereffective|p1a: Raging Bolt
|-damage|p1a: Raging Bolt|41/100
|-hitcount|p1a: Raging Bolt|3
|
|upkeep
|turn|6
|
|t:|1743922973
|move|p1a: Raging Bolt|Draco Meteor|p2a: Tsareena
|-damage|p2a: Tsareena|0 fnt
|-unboost|p1a: Raging Bolt|spa|2
|faint|p2a: Tsareena
|
|upkeep
|
|t:|1743922999
|switch|p2a: Slowking|Slowking-Galar, F|100/100
|turn|7
|
|t:|1743923004
|move|p1a: Raging Bolt|Volt Switch|p2a: Slowking
|-damage|p2a: Slowking|85/100
|
|t:|1743923014
|-end|p1a: Raging Bolt|Protosynthesis|[silent]
|switch|p1a: Iron Crown|Iron Crown|100/100|[from] Volt Switch
|-enditem|p1a: Iron Crown|Booster Energy
|-activate|p1a: Iron Crown|ability: Quark Drive|[fromitem]
|-start|p1a: Iron Crown|quarkdrivespa
|move|p2a: Slowking|Future Sight|p1a: Iron Crown
|-start|p2a: Slowking|move: Future Sight
|
|-heal|p2a: Slowking|91/100|[from] item: Leftovers
|upkeep
|turn|8
|
|t:|1743923025
|move|p1a: Iron Crown|Agility|p1a: Iron Crown
|-boost|p1a: Iron Crown|spe|2
|move|p2a: Slowking|Future Sight||[still]
|-fail|p2a: Slowking
|
|-heal|p2a: Slowking|97/100|[from] item: Leftovers
|upkeep
|turn|9
|
|t:|1743923034
|move|p1a: Iron Crown|Psychic|p2a: Slowking
|-damage|p2a: Slowking|59/100
|-prepare|p2a: Slowking|Chilly Reception|[premajor]
|move|p2a: Slowking|Chilly Reception|p2a: Slowking
|-weather|Snowscape
|
|t:|1743923036
|switch|p2a: Kingambit|Kingambit, F|100/100|[from] Chilly Reception
|-activate|p2a: Kingambit|ability: Supreme Overlord
|-start|p2a: Kingambit|fallen1|[silent]
|
|-weather|Snowscape|[upkeep]
|-end|p1a: Iron Crown|move: Future Sight
|-resisted|p1a: Iron Crown
|-damage|p1a: Iron Crown|90/100
|upkeep
|turn|10
|
|t:|1743923050
|move|p1a: Iron Crown|Tachyon Cutter|p2a: Kingambit
|-resisted|p2a: Kingambit
|-damage|p2a: Kingambit|90/100
|-resisted|p2a: Kingambit
|-damage|p2a: Kingambit|79/100
|-hitcount|p2a: Kingambit|2
|move|p2a: Kingambit|Kowtow Cleave|p1a: Iron Crown
|-supereffective|p1a: Iron Crown
|-damage|p1a: Iron Crown|0 fnt
|faint|p1a: Iron Crown
|-end|p1a: Iron Crown|Quark Drive|[silent]
|
|-weather|Snowscape|[upkeep]
|upkeep
|
|t:|1743923059
|switch|p1a: Ceruledge|Ceruledge, M, shiny|100/100
|turn|11
|
|t:|1743923065
|switch|p1a: Raging Bolt|Raging Bolt|41/100
|-end|p2a: Kingambit|fallen1|[silent]
|switch|p2a: Great Tusk|Great Tusk|100/100
|
|-weather|Snowscape|[upkeep]
|upkeep
|turn|12
|
|t:|1743923071
|move|p2a: Great Tusk|Earthquake|p1a: Raging Bolt
|-supereffective|p1a: Raging Bolt
|-damage|p1a: Raging Bolt|0 fnt
|faint|p1a: Raging Bolt
|-end|p1a: Raging Bolt|Protosynthesis|[silent]
|
|-weather|Snowscape|[upkeep]
|upkeep
|
|t:|1743923077
|switch|p1a: Dragonite|Dragonite, F, shiny|100/100
|turn|13
|
|t:|1743923084
|move|p2a: Great Tusk|Rapid Spin|p1a: Dragonite
|-damage|p1a: Dragonite|94/100
|-boost|p2a: Great Tusk|spe|1
|move|p1a: Dragonite|Dragon Dance|p1a: Dragonite
|-boost|p1a: Dragonite|atk|1
|-boost|p1a: Dragonite|spe|1
|
|-weather|none
|-heal|p1a: Dragonite|99/100|[from] item: Leftovers
|upkeep
|turn|14
|
|t:|1743923089
|move|p2a: Great Tusk|Knock Off|p1a: Dragonite
|-damage|p1a: Dragonite|73/100
|-enditem|p1a: Dragonite|Leftovers|[from] move: Knock Off|[of] p2a: Great Tusk
|move|p1a: Dragonite|Dragon Dance|p1a: Dragonite
|-boost|p1a: Dragonite|atk|1
|-boost|p1a: Dragonite|spe|1
|
|upkeep
|turn|15
|
|t:|1743923096
|move|p1a: Dragonite|Dragon Dance|p1a: Dragonite
|-boost|p1a: Dragonite|atk|1
|-boost|p1a: Dragonite|spe|1
|move|p2a: Great Tusk|Knock Off|p1a: Dragonite
|-damage|p1a: Dragonite|55/100
|
|upkeep
|turn|16
|
|t:|1743923102
|move|p1a: Dragonite|Dragon Dance|p1a: Dragonite
|-boost|p1a: Dragonite|atk|1
|-boost|p1a: Dragonite|spe|1
|move|p2a: Great Tusk|Knock Off|p1a: Dragonite
|-damage|p1a: Dragonite|36/100
|
|upkeep
|turn|17
|
|t:|1743923108
|-terastallize|p1a: Dragonite|Normal
|move|p1a: Dragonite|Extreme Speed|p2a: Great Tusk
|-crit|p2a: Great Tusk
|-damage|p2a: Great Tusk|0 fnt
|faint|p2a: Great Tusk
|-end|p2a: Great Tusk|Protosynthesis|[silent]
|
|upkeep
|
|t:|1743923112
|switch|p2a: Kingambit|Kingambit, F|79/100
|-activate|p2a: Kingambit|ability: Supreme Overlord
|-start|p2a: Kingambit|fallen2|[silent]
|turn|18
|
|t:|1743923115
|move|p2a: Kingambit|Sucker Punch|p1a: Dragonite
|-damage|p1a: Dragonite|0 fnt
|faint|p1a: Dragonite
|
|upkeep
|
|t:|1743923118
|switch|p1a: Ceruledge|Ceruledge, M, shiny|100/100
|turn|19
|
|t:|1743923123
|-terastallize|p2a: Kingambit|Fairy
|move|p1a: Ceruledge|Endure|p1a: Ceruledge
|-singleturn|p1a: Ceruledge|move: Endure
|move|p2a: Kingambit|Kowtow Cleave|p1a: Ceruledge
|-supereffective|p1a: Ceruledge
|-activate|p1a: Ceruledge|move: Endure
|-damage|p1a: Ceruledge|1/100
|-ability|p1a: Ceruledge|Weak Armor|boost
|-unboost|p1a: Ceruledge|def|1
|-boost|p1a: Ceruledge|spe|2
|-enditem|p1a: Ceruledge|Weakness Policy
|-boost|p1a: Ceruledge|atk|2|[from] item: Weakness Policy
|-boost|p1a: Ceruledge|spa|2|[from] item: Weakness Policy
|
|upkeep
|turn|20
|
|t:|1743923131
|move|p1a: Ceruledge|Endure||[still]
|-fail|p1a: Ceruledge
|move|p2a: Kingambit|Sucker Punch||[still]
|-fail|p2a: Kingambit
|
|upkeep
|turn|21
|
|t:|1743923136
|move|p2a: Kingambit|Sucker Punch|p1a: Ceruledge
|-supereffective|p1a: Ceruledge
|-damage|p1a: Ceruledge|0 fnt
|faint|p1a: Ceruledge
|
|upkeep
|
|t:|1743923138
|switch|p1a: Garchomp|Garchomp, F, shiny|100/100
|turn|22
|
|t:|1743923155
|move|p1a: Garchomp|Poison Jab|p2a: Kingambit
|-supereffective|p2a: Kingambit
|-damage|p2a: Kingambit|16/100
|-status|p2a: Kingambit|psn
|move|p2a: Kingambit|Kowtow Cleave|p1a: Garchomp
|-damage|p1a: Garchomp|37/100
|-damage|p2a: Kingambit|4/100 psn|[from] ability: Rough Skin|[of] p1a: Garchomp
|
|-damage|p2a: Kingambit|0 fnt|[from] psn
|faint|p2a: Kingambit
|-end|p2a: Kingambit|fallen2|[silent]
|upkeep
|
|t:|1743923158
|switch|p2a: Alomomola|Alomomola, M|100/100
|turn|23
|
|t:|1743923162
|move|p1a: Garchomp|Poison Jab|p2a: Alomomola
|-damage|p2a: Alomomola|74/100
|-status|p2a: Alomomola|psn
|move|p2a: Alomomola|Scald|p1a: Garchomp
|-damage|p1a: Garchomp|23/100
|-status|p1a: Garchomp|brn
|
|-damage|p2a: Alomomola|61/100 psn|[from] psn
|-damage|p1a: Garchomp|16/100 brn|[from] brn
|upkeep
|turn|24
|inactive|Battle timer is ON: inactive players will automatically lose when time's up. (requested by pokepunchbattlesv3)
|inactive|Nate658 has 120 seconds left.
|inactive|Nate658 has 90 seconds left.
|inactive|Nate658 has 60 seconds left.
|inactive|Nate658 has 30 seconds left.
|inactive|Nate658 has 20 seconds left.
|inactive|Nate658 has 15 seconds left.
|
|t:|1743923429
|move|p1a: Garchomp|Poison Jab|p2a: Alomomola
|-damage|p2a: Alomomola|48/100 psn
|move|p2a: Alomomola|Wish|p2a: Alomomola
|
|-damage|p2a: Alomomola|35/100 psn|[from] psn
|-damage|p1a: Garchomp|10/100 brn|[from] brn
|upkeep
|turn|25
|inactive|Nate658 has 60 seconds left.
|inactive|Nate658 has 30 seconds left.
|inactive|Nate658 has 20 seconds left.
|inactive|Nate658 has 15 seconds left.
|inactive|Nate658 has 10 seconds left.
|inactive|Nate658 has 5 seconds left.
|-message|Nate658 lost due to inactivity.
|
|win|pokepunchbattlesv3
|raw|Nate658's rating: 1246 &rarr; <strong>1221</strong><br />(-25 for losing)
|raw|pokepunchbattlesv3's rating: 1247 &rarr; <strong>1272</strong><br />(+25 for winning)
|l|☆pokepunchbattlesv3
|player|p2|
