|j|☆alegthegoat
|j|☆Mattyl04
|t:|1743865740
|gametype|singles
|player|p1|alegthegoat|volkner|1209
|player|p2|Mattyl04|265|1275
|teamsize|p1|6
|teamsize|p2|6
|gen|9
|tier|[Gen 9] OU
|rated|
|rule|HP Percentage Mod: HP is shown in percentages
|rule|Endless Battle Clause: Forcing endless battles is banned
|rule|Species Clause: Limit one of each Pokémon
|rule|OHKO Clause: OHKO moves are banned
|rule|Evasion Items Clause: Evasion items are banned
|rule|Evasion Moves Clause: Evasion moves are banned
|rule|Sleep Moves Clause: Sleep-inducing moves are banned
|clearpoke
|poke|p1|Zamazenta-*|
|poke|p1|Rillaboom, M|
|poke|p1|Zarude-Dada|
|poke|p1|Hatterene, F|
|poke|p1|Landorus-Therian, M|
|poke|p1|Pecharunt|
|poke|p2|Sneasel-Hisui, M|
|poke|p2|Great Tusk|
|poke|p2|Gholdengo|
|poke|p2|Dragapult, F|
|poke|p2|Kingambit, F|
|poke|p2|Primarina, M|
|teampreview
|inactive|Battle timer is ON: inactive players will automatically lose when time's up. (requested by alegthegoat)
|
|t:|1743865771
|start
|switch|p1a: Hatterene|Hatterene, F|100/100
|switch|p2a: the burdened one|Sneasel-Hisui, M, shiny|100/100
|turn|1
|
|t:|1743865776
|switch|p1a: Landorus|Landorus-Therian, M|100/100
|-ability|p1a: Landorus|Intimidate|boost
|-fail|p2a: the burdened one|unboost|Attack|[from] ability: Inner Focus|[of] p2a: the burdened one
|move|p2a: the burdened one|Gunk Shot|p1a: Landorus
|-resisted|p1a: Landorus
|-damage|p1a: Landorus|77/100
|
|upkeep
|turn|2
|
|t:|1743865783
|switch|p2a: Primarina|Primarina, M|100/100
|move|p1a: Landorus|U-turn|p2a: Primarina
|-resisted|p2a: Primarina
|-damage|p2a: Primarina|86/100
|
|t:|1743865786
|switch|p1a: Pecharunt|Pecharunt|100/100|[from] U-turn
|-item|p1a: Pecharunt|Air Balloon
|
|upkeep
|turn|3
|
|t:|1743865792
|move|p1a: Pecharunt|Hex|p2a: Primarina
|-damage|p2a: Primarina|73/100
|move|p2a: Primarina|Psychic Noise|p1a: Pecharunt
|-damage|p1a: Pecharunt|62/100
|-start|p1a: Pecharunt|move: Heal Block
|-enditem|p1a: Pecharunt|Air Balloon
|
|upkeep
|turn|4
|
|t:|1743865805
|switch|p2a: Gholdengo|Gholdengo|100/100
|-item|p2a: Gholdengo|Air Balloon
|move|p1a: Pecharunt|Parting Shot|p2a: Gholdengo
|-immune|p2a: Gholdengo|[from] ability: Good as Gold
|
|-end|p1a: Pecharunt|move: Heal Block
|upkeep
|turn|5
|
|t:|1743865809
|switch|p1a: Rillaboom|Rillaboom, M|100/100
|-fieldstart|move: Grassy Terrain|[from] ability: Grassy Surge|[of] p1a: Rillaboom
|move|p2a: Gholdengo|Thunder Wave|p1a: Rillaboom
|-status|p1a: Rillaboom|par
|
|upkeep
|turn|6
|
|t:|1743865813
|move|p2a: Gholdengo|Hex|p1a: Rillaboom
|-damage|p1a: Rillaboom|26/100 par
|cant|p1a: Rillaboom|par
|
|-heal|p1a: Rillaboom|32/100 par|[from] Grassy Terrain
|upkeep
|turn|7
|
|t:|1743865818
|move|p1a: Rillaboom|Grassy Glide|p2a: Gholdengo
|-resisted|p2a: Gholdengo
|-damage|p2a: Gholdengo|87/100
|-enditem|p2a: Gholdengo|Air Balloon
|move|p2a: Gholdengo|Hex|p1a: Rillaboom
|-damage|p1a: Rillaboom|0 fnt
|faint|p1a: Rillaboom
|
|-heal|p2a: Gholdengo|93/100|[from] Grassy Terrain
|upkeep
|
|t:|1743865820
|switch|p1a: Landorus|Landorus-Therian, M|77/100
|-ability|p1a: Landorus|Intimidate|boost
|-unboost|p2a: Gholdengo|atk|1
|turn|8
|
|t:|1743865826
|switch|p2a: Great Tusk|Great Tusk|100/100
|move|p1a: Landorus|Earth Power|p2a: Great Tusk
|-damage|p2a: Great Tusk|54/100
|
|-heal|p2a: Great Tusk|61/100|[from] Grassy Terrain
|upkeep
|turn|9
|
|t:|1743865828
|move|p1a: Landorus|U-turn|p2a: Great Tusk
|-resisted|p2a: Great Tusk
|-crit|p2a: Great Tusk
|-damage|p2a: Great Tusk|49/100
|-damage|p1a: Landorus|61/100|[from] item: Rocky Helmet|[of] p2a: Great Tusk
|
|t:|1743865834
|switch|p1a: Zarude|Zarude-Dada|100/100|[from] U-turn
|move|p2a: Great Tusk|Knock Off|p1a: Zarude
|-resisted|p1a: Zarude
|-damage|p1a: Zarude|84/100
|-enditem|p1a: Zarude|Covert Cloak|[from] move: Knock Off|[of] p2a: Great Tusk
|
|-heal|p1a: Zarude|90/100|[from] Grassy Terrain
|-heal|p2a: Great Tusk|55/100|[from] Grassy Terrain
|upkeep
|turn|10
|
|t:|1743865842
|move|p1a: Zarude|Bulk Up|p1a: Zarude
|-boost|p1a: Zarude|atk|1
|-boost|p1a: Zarude|def|1
|move|p2a: Great Tusk|Stealth Rock|p1a: Zarude
|-sidestart|p1: alegthegoat|move: Stealth Rock
|
|-heal|p1a: Zarude|96/100|[from] Grassy Terrain
|-heal|p2a: Great Tusk|61/100|[from] Grassy Terrain
|upkeep
|turn|11
|
|t:|1743865849
|-end|p2a: Great Tusk|Protosynthesis|[silent]
|switch|p2a: the burdened one|Sneasel-Hisui, M, shiny|100/100
|move|p1a: Zarude|Bulk Up|p1a: Zarude
|-boost|p1a: Zarude|atk|1
|-boost|p1a: Zarude|def|1
|
|-heal|p1a: Zarude|100/100|[from] Grassy Terrain
|upkeep
|turn|12
|
|t:|1743865854
|-terastallize|p1a: Zarude|Poison
|move|p2a: the burdened one|Close Combat|p1a: Zarude
|-resisted|p1a: Zarude
|-damage|p1a: Zarude|88/100
|-unboost|p2a: the burdened one|def|1
|-unboost|p2a: the burdened one|spd|1
|move|p1a: Zarude|Drain Punch|p2a: the burdened one
|-resisted|p2a: the burdened one
|-damage|p2a: the burdened one|32/100
|-heal|p1a: Zarude|100/100|[from] drain|[of] p2a: the burdened one
|
|-heal|p2a: the burdened one|38/100|[from] Grassy Terrain
|-fieldend|move: Grassy Terrain
|upkeep
|turn|13
|
|t:|1743865860
|move|p2a: the burdened one|Shadow Claw|p1a: Zarude
|-damage|p1a: Zarude|91/100
|move|p1a: Zarude|Bulk Up|p1a: Zarude
|-boost|p1a: Zarude|atk|1
|-boost|p1a: Zarude|def|1
|
|upkeep
|turn|14
|
|t:|1743865868
|switch|p2a: Gholdengo|Gholdengo|93/100
|move|p1a: Zarude|Bulk Up|p1a: Zarude
|-boost|p1a: Zarude|atk|1
|-boost|p1a: Zarude|def|1
|
|upkeep
|turn|15
|
|t:|1743865870
|move|p1a: Zarude|Knock Off|p2a: Gholdengo
|-supereffective|p2a: Gholdengo
|-damage|p2a: Gholdengo|0 fnt
|faint|p2a: Gholdengo
|
|upkeep
|
|t:|1743865875
|switch|p2a: Primarina|Primarina, M|73/100
|turn|16
|
|t:|1743865879
|-terastallize|p2a: Primarina|Steel
|move|p1a: Zarude|Knock Off|p2a: Primarina
|-damage|p2a: Primarina|0 fnt
|-enditem|p2a: Primarina|Assault Vest|[from] move: Knock Off|[of] p1a: Zarude
|faint|p2a: Primarina
|
|upkeep
|l|☆Mattyl04
|inactive|Mattyl04 disconnected and has a minute to reconnect!
|player|p2|
|inactive|Mattyl04 has 30 seconds to reconnect!
|inactive|Mattyl04 has 20 seconds to reconnect!
|inactive|Mattyl04 has 15 seconds to reconnect!
|inactive|Mattyl04 has 10 seconds to reconnect!
|inactive|Mattyl04 has 5 seconds to reconnect!
|-message|Mattyl04 lost due to inactivity.
|
|win|alegthegoat
|raw|alegthegoat's rating: 1209 &rarr; <strong>1239</strong><br />(+30 for winning)
|raw|Mattyl04's rating: 1275 &rarr; <strong>1245</strong><br />(-30 for losing)
|l|☆alegthegoat
|player|p1|
