|j|☆Air Glider
|j|☆mathismathin
|t:|1743894435
|gametype|singles
|player|p1|Air Glider|2|1798
|player|p2|mathismathin|265|1806
|teamsize|p1|6
|teamsize|p2|6
|gen|9
|tier|[Gen 9] OU
|rated|
|rule|HP Percentage Mod: HP is shown in percentages
|rule|Endless Battle Clause: Forcing endless battles is banned
|rule|Species Clause: Limit one of each Pokémon
|rule|OHKO Clause: OHKO moves are banned
|rule|Evasion Items Clause: Evasion items are banned
|rule|Evasion Moves Clause: Evasion moves are banned
|rule|Sleep Moves Clause: Sleep-inducing moves are banned
|clearpoke
|poke|p1|Pelipper, F|
|poke|p1|Iron Treads|
|poke|p1|Basculegion, M|
|poke|p1|Latios, M|
|poke|p1|Keldeo-Resolute|
|poke|p1|Dragapult, M|
|poke|p2|Clefable, M|
|poke|p2|Excadrill, F|
|poke|p2|Greninja-*, M|
|poke|p2|Skarmory, M|
|poke|p2|Dragonite, F|
|poke|p2|Emboar, M|
|teampreview
|
|t:|1743894458
|start
|switch|p1a: Pelipper|Pelipper, F|100/100
|switch|p2a: Clefable|Clefable, M|100/100
|-weather|RainDance|[from] ability: Drizzle|[of] p1a: Pelipper
|turn|1
|inactive|Battle timer is ON: inactive players will automatically lose when time's up. (requested by Air Glider)
|
|t:|1743894471
|switch|p1a: Iron Treads|Iron Treads|100/100
|move|p2a: Clefable|Moonblast|p1a: Iron Treads
|-resisted|p1a: Iron Treads
|-damage|p1a: Iron Treads|81/100
|
|-weather|RainDance|[upkeep]
|-heal|p1a: Iron Treads|87/100|[from] item: Leftovers
|upkeep
|turn|2
|
|t:|1743894485
|switch|p2a: Skarmory|Skarmory, M|100/100
|move|p1a: Iron Treads|Stealth Rock|p2a: Skarmory
|-sidestart|p2: mathismathin|move: Stealth Rock
|
|-weather|RainDance|[upkeep]
|-heal|p1a: Iron Treads|93/100|[from] item: Leftovers
|upkeep
|turn|3
|
|t:|1743894492
|move|p1a: Iron Treads|Volt Switch|p2a: Skarmory
|-supereffective|p2a: Skarmory
|-damage|p2a: Skarmory|69/100
|
|t:|1743894498
|-end|p1a: Iron Treads|Quark Drive|[silent]
|switch|p1a: Keldeo|Keldeo-Resolute|100/100|[from] Volt Switch
|move|p2a: Skarmory|Stealth Rock|p1a: Keldeo
|-sidestart|p1: Air Glider|move: Stealth Rock
|
|-weather|RainDance|[upkeep]
|upkeep
|turn|4
|
|t:|1743894504
|switch|p2a: Dragonite|Dragonite, F|100/100
|move|p1a: Keldeo|Surf|p2a: Dragonite
|-resisted|p2a: Dragonite
|-damage|p2a: Dragonite|71/100
|
|-weather|RainDance|[upkeep]
|upkeep
|turn|5
|inactive|Air Glider has 120 seconds left.
|
|t:|1743894553
|-terastallize|p1a: Keldeo|Water
|move|p1a: Keldeo|Surf|p2a: Dragonite
|-resisted|p2a: Dragonite
|-damage|p2a: Dragonite|0 fnt
|faint|p2a: Dragonite
|
|-weather|RainDance|[upkeep]
|upkeep
|
|t:|1743894565
|switch|p2a: Excadrill|Excadrill, F|100/100
|-damage|p2a: Excadrill|97/100|[from] Stealth Rock
|-ability|p2a: Excadrill|Mold Breaker
|turn|6
|
|t:|1743894587
|move|p2a: Excadrill|Earthquake|p1a: Keldeo
|-damage|p1a: Keldeo|43/100
|move|p1a: Keldeo|Surf|p2a: Excadrill
|-supereffective|p2a: Excadrill
|-damage|p2a: Excadrill|0 fnt
|faint|p2a: Excadrill
|
|-weather|RainDance|[upkeep]
|upkeep
|
|t:|1743894596
|switch|p2a: Greninja|Greninja, M|100/100
|-damage|p2a: Greninja|88/100|[from] Stealth Rock
|turn|7
|
|t:|1743894610
|switch|p1a: Iron Treads|Iron Treads|93/100
|-damage|p1a: Iron Treads|90/100|[from] Stealth Rock
|move|p2a: Greninja|Dark Pulse|p1a: Iron Treads
|-damage|p1a: Iron Treads|50/100
|
|-weather|RainDance|[upkeep]
|-heal|p1a: Iron Treads|56/100|[from] item: Leftovers
|upkeep
|turn|8
|
|t:|1743894620
|switch|p2a: Skarmory|Skarmory, M|69/100
|-damage|p2a: Skarmory|56/100|[from] Stealth Rock
|move|p1a: Iron Treads|Volt Switch|p2a: Skarmory
|-supereffective|p2a: Skarmory
|-damage|p2a: Skarmory|24/100
|
|t:|1743894625
|-end|p1a: Iron Treads|Quark Drive|[silent]
|switch|p1a: Basculegion|Basculegion, M|100/100|[from] Volt Switch
|-damage|p1a: Basculegion|88/100|[from] Stealth Rock
|
|-weather|none
|upkeep
|turn|9
|
|t:|1743894628
|move|p1a: Basculegion|Flip Turn|p2a: Skarmory
|-damage|p2a: Skarmory|0 fnt
|-damage|p1a: Basculegion|72/100|[from] item: Rocky Helmet|[of] p2a: Skarmory
|faint|p2a: Skarmory
|
|t:|1743894642
|switch|p1a: Pelipper|Pelipper, F|100/100|[from] Flip Turn
|-damage|p1a: Pelipper|76/100|[from] Stealth Rock
|-weather|RainDance|[from] ability: Drizzle|[of] p1a: Pelipper
|
|-weather|RainDance|[upkeep]
|upkeep
|
|t:|1743894651
|switch|p2a: Greninja|Greninja, M|88/100
|-damage|p2a: Greninja|76/100|[from] Stealth Rock
|turn|10
|
|t:|1743894660
|move|p2a: Greninja|Dark Pulse|p1a: Pelipper
|-damage|p1a: Pelipper|1/100
|move|p1a: Pelipper|U-turn|p2a: Greninja
|-supereffective|p2a: Greninja
|-damage|p2a: Greninja|42/100
|
|t:|1743894662
|switch|p1a: Keldeo|Keldeo-Resolute, tera:Water|43/100|[from] U-turn
|-damage|p1a: Keldeo|31/100|[from] Stealth Rock
|
|-weather|RainDance|[upkeep]
|upkeep
|turn|11
|j| Minuano_Wind
|
|t:|1743894670
|-terastallize|p2a: Greninja|Water
|move|p2a: Greninja|Dark Pulse|p1a: Keldeo
|-damage|p1a: Keldeo|0 fnt
|faint|p1a: Keldeo
|-ability|p2a: Greninja|Battle Bond|boost
|-boost|p2a: Greninja|atk|1
|-boost|p2a: Greninja|spa|1
|-boost|p2a: Greninja|spe|1
|-activate|p2a: Greninja|ability: Battle Bond
|
|-weather|RainDance|[upkeep]
|upkeep
|
|t:|1743894690
|switch|p1a: Basculegion|Basculegion, M|72/100
|-damage|p1a: Basculegion|59/100|[from] Stealth Rock
|turn|12
|
|t:|1743894694
|move|p1a: Basculegion|Aqua Jet|p2a: Greninja
|-resisted|p2a: Greninja
|-crit|p2a: Greninja
|-damage|p2a: Greninja|0 fnt
|faint|p2a: Greninja
|
|-weather|RainDance|[upkeep]
|upkeep
|-message|mathismathin forfeited.
|
|win|Air Glider
|raw|Air Glider's rating: 1798 &rarr; <strong>1818</strong><br />(+20 for winning)
|raw|mathismathin's rating: 1806 &rarr; <strong>1786</strong><br />(-20 for losing)
|l|☆mathismathin
|player|p2|
|l| Minuano_Wind
|l|☆Air Glider
|player|p1|
