|j|☆9878998 Guest
|j|☆Papa Criv
|t:|1743916287
|gametype|singles
|player|p1|9878998 Guest|psychicf-gen4|1209
|player|p2|Papa Criv|acetrainer-gen4dp|1167
|teamsize|p1|6
|teamsize|p2|6
|gen|9
|tier|[Gen 9] OU
|rated|
|rule|HP Percentage Mod: HP is shown in percentages
|rule|Endless Battle Clause: Forcing endless battles is banned
|rule|Species Clause: Limit one of each Pokémon
|rule|OHKO Clause: OHKO moves are banned
|rule|Evasion Items Clause: Evasion items are banned
|rule|Evasion Moves Clause: Evasion moves are banned
|rule|Sleep Moves Clause: Sleep-inducing moves are banned
|clearpoke
|poke|p1|Dragapult, F|
|poke|p1|Kingambit, F|
|poke|p1|Enamorus, F|
|poke|p1|Ting-Lu|
|poke|p1|Iron Crown|
|poke|p1|Ogerpon-Cornerstone, F|
|poke|p2|Goodra-Hisui, F|
|poke|p2|Alomomola, M|
|poke|p2|Ting-Lu|
|poke|p2|Moltres|
|poke|p2|Donphan, F|
|poke|p2|Gholdengo|
|teampreview
|inactive|Battle timer is ON: inactive players will automatically lose when time's up. (requested by 9878998 Guest)
|
|t:|1743916295
|start
|switch|p1a: Ogerpon|Ogerpon-Cornerstone, F|100/100
|switch|p2a: Butta Dawg|Ting-Lu|100/100
|-ability|p2a: Butta Dawg|Vessel of Ruin
|turn|1
|
|t:|1743916303
|move|p1a: Ogerpon|Trailblaze|p2a: Butta Dawg
|-supereffective|p2a: Butta Dawg
|-damage|p2a: Butta Dawg|66/100
|-boost|p1a: Ogerpon|spe|1
|move|p2a: Butta Dawg|Ruination|p1a: Ogerpon
|-damage|p1a: Ogerpon|51/100
|
|-heal|p2a: Butta Dawg|72/100|[from] item: Leftovers
|upkeep
|turn|2
|
|t:|1743916319
|move|p1a: Ogerpon|Swords Dance|p1a: Ogerpon
|-boost|p1a: Ogerpon|atk|2
|move|p2a: Butta Dawg|Whirlwind|p1a: Ogerpon
|drag|p1a: Enamorus|Enamorus, F|100/100
|
|-heal|p2a: Butta Dawg|79/100|[from] item: Leftovers
|upkeep
|turn|3
|
|t:|1743916328
|switch|p1a: Ting-Lu|Ting-Lu|100/100
|-ability|p1a: Ting-Lu|Vessel of Ruin
|move|p2a: Butta Dawg|Spikes|p1a: Ting-Lu
|-sidestart|p1: 9878998 Guest|Spikes
|
|-heal|p2a: Butta Dawg|85/100|[from] item: Leftovers
|upkeep
|turn|4
|
|t:|1743916334
|move|p2a: Butta Dawg|Spikes|p1a: Ting-Lu
|-sidestart|p1: 9878998 Guest|Spikes
|move|p1a: Ting-Lu|Earthquake|p2a: Butta Dawg
|-damage|p2a: Butta Dawg|63/100
|
|-heal|p2a: Butta Dawg|69/100|[from] item: Leftovers
|upkeep
|turn|5
|
|t:|1743916341
|move|p2a: Butta Dawg|Spikes|p1a: Ting-Lu
|-sidestart|p1: 9878998 Guest|Spikes
|move|p1a: Ting-Lu|Earthquake|p2a: Butta Dawg
|-damage|p2a: Butta Dawg|50/100
|
|-heal|p2a: Butta Dawg|56/100|[from] item: Leftovers
|upkeep
|turn|6
|
|t:|1743916347
|move|p1a: Ting-Lu|Earthquake|p2a: Butta Dawg
|-damage|p2a: Butta Dawg|36/100
|move|p2a: Butta Dawg|Ruination|p1a: Ting-Lu
|-damage|p1a: Ting-Lu|51/100
|
|-heal|p1a: Ting-Lu|57/100|[from] item: Leftovers
|-heal|p2a: Butta Dawg|42/100|[from] item: Leftovers
|upkeep
|turn|7
|
|t:|1743916352
|move|p1a: Ting-Lu|Earthquake|p2a: Butta Dawg
|-damage|p2a: Butta Dawg|22/100
|move|p2a: Butta Dawg|Whirlwind|p1a: Ting-Lu
|drag|p1a: Ogerpon|Ogerpon-Cornerstone, F|51/100
|-damage|p1a: Ogerpon|26/100|[from] Spikes
|
|-heal|p2a: Butta Dawg|28/100|[from] item: Leftovers
|upkeep
|turn|8
|
|t:|1743916364
|move|p1a: Ogerpon|Trailblaze|p2a: Butta Dawg
|-supereffective|p2a: Butta Dawg
|-damage|p2a: Butta Dawg|0 fnt
|-boost|p1a: Ogerpon|spe|1
|faint|p2a: Butta Dawg
|
|upkeep
|
|t:|1743916377
|switch|p2a: Tusk Treads|Donphan, F|100/100
|turn|9
|
|t:|1743916381
|move|p1a: Ogerpon|Trailblaze|p2a: Tusk Treads
|-supereffective|p2a: Tusk Treads
|-damage|p2a: Tusk Treads|52/100
|-boost|p1a: Ogerpon|spe|1
|move|p2a: Tusk Treads|Earthquake|p1a: Ogerpon
|-damage|p1a: Ogerpon|0 fnt
|faint|p1a: Ogerpon
|
|upkeep
|
|t:|1743916392
|switch|p1a: Iron Crown|Iron Crown|100/100
|-damage|p1a: Iron Crown|76/100|[from] Spikes
|-enditem|p1a: Iron Crown|Booster Energy
|-activate|p1a: Iron Crown|ability: Quark Drive|[fromitem]
|-start|p1a: Iron Crown|quarkdrivespa
|turn|10
|
|t:|1743916400
|move|p1a: Iron Crown|Tachyon Cutter|p2a: Tusk Treads
|-damage|p2a: Tusk Treads|8/100
|-damage|p2a: Tusk Treads|0 fnt
|faint|p2a: Tusk Treads
|-hitcount|p2: Tusk Treads|2
|
|upkeep
|
|t:|1743916406
|switch|p2a: James|Moltres|100/100
|turn|11
|
|t:|1743916409
|move|p1a: Iron Crown|Psychic Noise|p2a: James
|-damage|p2a: James|50/100
|-start|p2a: James|move: Heal Block
|move|p2a: James|Flamethrower|p1a: Iron Crown
|-supereffective|p1a: Iron Crown
|-damage|p1a: Iron Crown|0 fnt
|faint|p1a: Iron Crown
|-end|p1a: Iron Crown|Quark Drive|[silent]
|
|upkeep
|
|t:|1743916421
|switch|p1a: Dragapult|Dragapult, F, shiny|100/100
|-damage|p1a: Dragapult|76/100|[from] Spikes
|turn|12
|
|t:|1743916427
|switch|p2a: Nicki Finaj|Alomomola, M|100/100
|move|p1a: Dragapult|Substitute|p1a: Dragapult
|-start|p1a: Dragapult|Substitute
|-damage|p1a: Dragapult|51/100
|
|upkeep
|turn|13
|
|t:|1743916430
|move|p1a: Dragapult|Dragon Dance|p1a: Dragapult
|-boost|p1a: Dragapult|atk|1
|-boost|p1a: Dragapult|spe|1
|move|p2a: Nicki Finaj|Wish|p2a: Nicki Finaj
|
|upkeep
|turn|14
|
|t:|1743916434
|move|p1a: Dragapult|Dragon Dance|p1a: Dragapult
|-boost|p1a: Dragapult|atk|1
|-boost|p1a: Dragapult|spe|1
|move|p2a: Nicki Finaj|Flip Turn|p1a: Dragapult
|-resisted|p1a: Dragapult
|-activate|p1a: Dragapult|move: Substitute|[damage]
|
|t:|1743916441
|switch|p2a: James|Moltres|50/100|[from] Flip Turn
|
|-heal|p2a: James|100/100|[from] move: Wish|[wisher] Nicki Finaj
|upkeep
|turn|15
|
|t:|1743916445
|move|p1a: Dragapult|Dragon Darts|p2a: James
|-damage|p2a: James|67/100
|-anim|p1a: Dragapult|Dragon Darts|p2a: James
|-damage|p2a: James|31/100
|move|p2a: James|Roar|p1a: Dragapult
|drag|p1a: Kingambit|Kingambit, F, shiny|100/100
|-damage|p1a: Kingambit|76/100|[from] Spikes
|-activate|p1a: Kingambit|ability: Supreme Overlord
|-start|p1a: Kingambit|fallen2|[silent]
|
|upkeep
|turn|16
|
|t:|1743916456
|move|p2a: James|Roost|p2a: James
|-heal|p2a: James|81/100
|-singleturn|p2a: James|move: Roost
|move|p1a: Kingambit|Assurance|p2a: James
|-damage|p2a: James|56/100
|
|upkeep
|turn|17
|
|t:|1743916464
|-end|p1a: Kingambit|fallen2|[silent]
|switch|p1a: Ting-Lu|Ting-Lu|57/100
|-damage|p1a: Ting-Lu|32/100|[from] Spikes
|-ability|p1a: Ting-Lu|Vessel of Ruin
|move|p2a: James|Roost|p2a: James
|-heal|p2a: James|100/100
|-singleturn|p2a: James|move: Roost
|
|-heal|p1a: Ting-Lu|38/100|[from] item: Leftovers
|upkeep
|turn|18
|
|t:|1743916473
|move|p1a: Ting-Lu|Rest|p1a: Ting-Lu
|-status|p1a: Ting-Lu|slp|[from] move: Rest
|-heal|p1a: Ting-Lu|100/100 slp|[silent]
|move|p2a: James|Roar|p1a: Ting-Lu
|drag|p1a: Dragapult|Dragapult, F, shiny|51/100
|-damage|p1a: Dragapult|26/100|[from] Spikes
|
|upkeep
|turn|19
|
|t:|1743916483
|move|p1a: Dragapult|Dragon Darts|p2a: James
|-damage|p2a: James|84/100
|-anim|p1a: Dragapult|Dragon Darts|p2a: James
|-damage|p2a: James|68/100
|move|p2a: James|Roar|p1a: Dragapult
|drag|p1a: Enamorus|Enamorus, F|100/100
|
|upkeep
|turn|20
|
|t:|1743916500
|switch|p1a: Dragapult|Dragapult, F, shiny|26/100
|-damage|p1a: Dragapult|1/100|[from] Spikes
|switch|p2a: Jim Cool|Gholdengo|100/100
|
|upkeep
|turn|21
|
|t:|1743916510
|move|p2a: Jim Cool|Shadow Ball|p1a: Dragapult
|-supereffective|p1a: Dragapult
|-damage|p1a: Dragapult|0 fnt
|faint|p1a: Dragapult
|
|upkeep
|
|t:|1743916521
|switch|p1a: Kingambit|Kingambit, F, shiny|76/100
|-damage|p1a: Kingambit|51/100|[from] Spikes
|-activate|p1a: Kingambit|ability: Supreme Overlord
|-start|p1a: Kingambit|fallen3|[silent]
|turn|22
|
|t:|1743916527
|switch|p2a: Nicki Finaj|Alomomola, M|100/100
|move|p1a: Kingambit|Swords Dance|p1a: Kingambit
|-boost|p1a: Kingambit|atk|2
|
|upkeep
|turn|23
|
|t:|1743916535
|move|p2a: Nicki Finaj|Wish|p2a: Nicki Finaj
|move|p1a: Kingambit|Iron Head|p2a: Nicki Finaj
|-resisted|p2a: Nicki Finaj
|-damage|p2a: Nicki Finaj|77/100
|
|upkeep
|turn|24
|
|t:|1743916547
|move|p1a: Kingambit|Sucker Punch|p2a: Nicki Finaj
|-damage|p2a: Nicki Finaj|26/100
|move|p2a: Nicki Finaj|Flip Turn|p1a: Kingambit
|-damage|p1a: Kingambit|39/100
|
|t:|1743916556
|switch|p2a: James|Moltres|68/100|[from] Flip Turn
|
|-heal|p2a: James|100/100|[from] move: Wish|[wisher] Nicki Finaj
|upkeep
|turn|25
|
|t:|1743916561
|move|p1a: Kingambit|Assurance|p2a: James
|-damage|p2a: James|47/100
|move|p2a: James|Roar|p1a: Kingambit
|-end|p1a: Kingambit|fallen3|[silent]
|drag|p1a: Enamorus|Enamorus, F|100/100
|
|upkeep
|turn|26
|
|t:|1743916574
|move|p1a: Enamorus|Calm Mind|p1a: Enamorus
|-boost|p1a: Enamorus|spa|1
|-boost|p1a: Enamorus|spd|1
|move|p2a: James|Roost|p2a: James
|-heal|p2a: James|97/100
|-singleturn|p2a: James|move: Roost
|
|upkeep
|turn|27
|
|t:|1743916581
|move|p1a: Enamorus|Calm Mind|p1a: Enamorus
|-boost|p1a: Enamorus|spa|1
|-boost|p1a: Enamorus|spd|1
|move|p2a: James|Roar|p1a: Enamorus
|drag|p1a: Kingambit|Kingambit, F, shiny|39/100
|-damage|p1a: Kingambit|15/100|[from] Spikes
|-activate|p1a: Kingambit|ability: Supreme Overlord
|-start|p1a: Kingambit|fallen3|[silent]
|
|upkeep
|turn|28
|
|t:|1743916586
|move|p1a: Kingambit|Sucker Punch|p2a: James
|-damage|p2a: James|63/100
|-status|p1a: Kingambit|brn|[from] ability: Flame Body|[of] p2a: James
|move|p2a: James|Flamethrower|p1a: Kingambit
|-supereffective|p1a: Kingambit
|-crit|p1a: Kingambit
|-damage|p1a: Kingambit|0 fnt
|faint|p1a: Kingambit
|-end|p1a: Kingambit|fallen3|[silent]
|
|upkeep
|
|t:|1743916599
|switch|p1a: Ting-Lu|Ting-Lu|100/100 slp
|-damage|p1a: Ting-Lu|76/100 slp|[from] Spikes
|-ability|p1a: Ting-Lu|Vessel of Ruin
|turn|29
|
|t:|1743916604
|cant|p1a: Ting-Lu|slp
|move|p1a: Ting-Lu|Sleep Talk|p1a: Ting-Lu
|move|p1a: Ting-Lu|Payback|p2a: James|[from] move: Sleep Talk
|-damage|p2a: James|51/100
|move|p2a: James|Roar|p1a: Ting-Lu
|drag|p1a: Enamorus|Enamorus, F|100/100
|
|upkeep
|turn|30
|
|t:|1743916611
|switch|p1a: Ting-Lu|Ting-Lu|76/100 slp
|-damage|p1a: Ting-Lu|51/100 slp|[from] Spikes
|-ability|p1a: Ting-Lu|Vessel of Ruin
|move|p2a: James|Roar|p1a: Ting-Lu
|drag|p1a: Enamorus|Enamorus, F|100/100
|
|upkeep
|turn|31
|
|t:|1743916620
|move|p1a: Enamorus|Calm Mind|p1a: Enamorus
|-boost|p1a: Enamorus|spa|1
|-boost|p1a: Enamorus|spd|1
|move|p2a: James|Roost|p2a: James
|-heal|p2a: James|100/100
|-singleturn|p2a: James|move: Roost
|
|upkeep
|turn|32
|
|t:|1743916624
|move|p1a: Enamorus|Calm Mind|p1a: Enamorus
|-boost|p1a: Enamorus|spa|1
|-boost|p1a: Enamorus|spd|1
|move|p2a: James|Roar|p1a: Enamorus
|drag|p1a: Ting-Lu|Ting-Lu|51/100 slp
|-damage|p1a: Ting-Lu|26/100 slp|[from] Spikes
|-ability|p1a: Ting-Lu|Vessel of Ruin
|
|-heal|p1a: Ting-Lu|32/100 slp|[from] item: Leftovers
|upkeep
|turn|33
|
|t:|1743916628
|cant|p1a: Ting-Lu|slp
|move|p1a: Ting-Lu|Sleep Talk|p1a: Ting-Lu
|move|p1a: Ting-Lu|Payback|p2a: James|[from] move: Sleep Talk
|-damage|p2a: James|87/100
|move|p2a: James|Roar|p1a: Ting-Lu
|drag|p1a: Enamorus|Enamorus, F|100/100
|
|upkeep
|turn|34
|
|t:|1743916633
|move|p1a: Enamorus|Calm Mind|p1a: Enamorus
|-boost|p1a: Enamorus|spa|1
|-boost|p1a: Enamorus|spd|1
|move|p2a: James|Roar|p1a: Enamorus
|drag|p1a: Ting-Lu|Ting-Lu|32/100 slp
|-damage|p1a: Ting-Lu|7/100 slp|[from] Spikes
|-ability|p1a: Ting-Lu|Vessel of Ruin
|
|-heal|p1a: Ting-Lu|13/100 slp|[from] item: Leftovers
|upkeep
|turn|35
|
|t:|1743916636
|move|p2a: James|Air Slash|p1a: Ting-Lu
|-damage|p1a: Ting-Lu|0 fnt
|faint|p1a: Ting-Lu
|
|upkeep
|
|t:|1743916639
|switch|p1a: Enamorus|Enamorus, F|100/100
|turn|36
|
|t:|1743916642
|move|p1a: Enamorus|Calm Mind|p1a: Enamorus
|-boost|p1a: Enamorus|spa|1
|-boost|p1a: Enamorus|spd|1
|move|p2a: James|Flamethrower|p1a: Enamorus
|-damage|p1a: Enamorus|62/100
|
|-heal|p1a: Enamorus|68/100|[from] item: Leftovers
|upkeep
|turn|37
|
|t:|1743916648
|switch|p2a: Jim Cool|Gholdengo|100/100
|move|p1a: Enamorus|Calm Mind|p1a: Enamorus
|-boost|p1a: Enamorus|spa|1
|-boost|p1a: Enamorus|spd|1
|
|-heal|p1a: Enamorus|75/100|[from] item: Leftovers
|upkeep
|turn|38
|
|t:|1743916652
|move|p2a: Jim Cool|Trick|p1a: Enamorus
|-activate|p2a: Jim Cool|move: Trick|[of] p1a: Enamorus
|-item|p1a: Enamorus|Choice Scarf|[from] move: Trick
|-item|p2a: Jim Cool|Leftovers|[from] move: Trick
|move|p1a: Enamorus|Draining Kiss|p2a: Jim Cool
|-resisted|p2a: Jim Cool
|-crit|p2a: Jim Cool
|-damage|p2a: Jim Cool|56/100
|-heal|p1a: Enamorus|100/100|[from] drain|[of] p2a: Jim Cool
|
|-heal|p2a: Jim Cool|62/100|[from] item: Leftovers
|upkeep
|turn|39
|
|t:|1743916661
|switch|p2a: James|Moltres|87/100
|move|p1a: Enamorus|Draining Kiss|p2a: James
|-resisted|p2a: James
|-damage|p2a: James|60/100
|
|upkeep
|turn|40
|
|t:|1743916672
|-terastallize|p2a: James|Fire
|move|p1a: Enamorus|Draining Kiss|p2a: James
|-resisted|p2a: James
|-damage|p2a: James|33/100
|move|p2a: James|Roost|p2a: James
|-heal|p2a: James|83/100
|
|upkeep
|turn|41
|
|t:|1743916682
|move|p1a: Enamorus|Draining Kiss|p2a: James
|-resisted|p2a: James
|-damage|p2a: James|55/100
|move|p2a: James|Flamethrower|p1a: Enamorus
|-damage|p1a: Enamorus|63/100
|
|upkeep
|turn|42
|
|t:|1743916685
|move|p1a: Enamorus|Draining Kiss|p2a: James
|-resisted|p2a: James
|-damage|p2a: James|26/100
|-heal|p1a: Enamorus|92/100|[from] drain|[of] p2a: James
|move|p2a: James|Flamethrower|p1a: Enamorus
|-damage|p1a: Enamorus|56/100
|
|upkeep
|turn|43
|
|t:|1743916688
|move|p1a: Enamorus|Draining Kiss|p2a: James
|-resisted|p2a: James
|-damage|p2a: James|0 fnt
|-heal|p1a: Enamorus|81/100|[from] drain|[of] p2a: James
|faint|p2a: James
|
|upkeep
|
|t:|1743916697
|switch|p2a: Nicki Finaj|Alomomola, M|59/100
|turn|44
|
|t:|1743916701
|move|p2a: Nicki Finaj|Protect|p2a: Nicki Finaj
|-singleturn|p2a: Nicki Finaj|Protect
|move|p1a: Enamorus|Draining Kiss|p2a: Nicki Finaj
|-activate|p2a: Nicki Finaj|move: Protect
|
|upkeep
|turn|45
|
|t:|1743916706
|switch|p2a: Jim Cool|Gholdengo|62/100
|move|p1a: Enamorus|Draining Kiss|p2a: Jim Cool
|-resisted|p2a: Jim Cool
|-damage|p2a: Jim Cool|29/100
|-heal|p1a: Enamorus|100/100|[from] drain|[of] p2a: Jim Cool
|
|-heal|p2a: Jim Cool|35/100|[from] item: Leftovers
|upkeep
|turn|46
|
|t:|1743916711
|move|p1a: Enamorus|Draining Kiss|p2a: Jim Cool
|-resisted|p2a: Jim Cool
|-damage|p2a: Jim Cool|2/100
|move|p2a: Jim Cool|Make It Rain|p1a: Enamorus
|-supereffective|p1a: Enamorus
|-damage|p1a: Enamorus|6/100
|-unboost|p2a: Jim Cool|spa|1
|
|-heal|p2a: Jim Cool|8/100|[from] item: Leftovers
|upkeep
|turn|47
|
|t:|1743916715
|move|p1a: Enamorus|Draining Kiss|p2a: Jim Cool
|-resisted|p2a: Jim Cool
|-damage|p2a: Jim Cool|0 fnt
|-heal|p1a: Enamorus|13/100|[from] drain|[of] p2a: Jim Cool
|faint|p2a: Jim Cool
|
|upkeep
|
|t:|1743916717
|switch|p2a: Nicki Finaj|Alomomola, M|92/100
|turn|48
|
|t:|1743916720
|move|p1a: Enamorus|Draining Kiss|p2a: Nicki Finaj
|-damage|p2a: Nicki Finaj|31/100
|-heal|p1a: Enamorus|97/100|[from] drain|[of] p2a: Nicki Finaj
|move|p2a: Nicki Finaj|Scald|p1a: Enamorus
|-damage|p1a: Enamorus|88/100
|
|upkeep
|turn|49
|
|t:|1743916725
|move|p2a: Nicki Finaj|Protect|p2a: Nicki Finaj
|-singleturn|p2a: Nicki Finaj|Protect
|move|p1a: Enamorus|Draining Kiss|p2a: Nicki Finaj
|-activate|p2a: Nicki Finaj|move: Protect
|
|upkeep
|turn|50
|
|t:|1743916728
|move|p2a: Nicki Finaj|Protect|p2a: Nicki Finaj
|-singleturn|p2a: Nicki Finaj|Protect
|move|p1a: Enamorus|Draining Kiss|p2a: Nicki Finaj
|-activate|p2a: Nicki Finaj|move: Protect
|
|upkeep
|turn|51
|
|t:|1743916731
|move|p2a: Nicki Finaj|Protect||[still]
|-fail|p2a: Nicki Finaj
|move|p1a: Enamorus|Draining Kiss|p2a: Nicki Finaj
|-damage|p2a: Nicki Finaj|0 fnt
|-heal|p1a: Enamorus|100/100|[from] drain|[of] p2a: Nicki Finaj
|faint|p2a: Nicki Finaj
|
|upkeep
|
|t:|1743916733
|switch|p2a: Heavy Weather|Goodra-Hisui, F, shiny|100/100
|turn|52
|
|t:|1743916740
|-terastallize|p1a: Enamorus|Steel
|move|p1a: Enamorus|Draining Kiss|p2a: Heavy Weather
|-damage|p2a: Heavy Weather|72/100
|move|p2a: Heavy Weather|Substitute|p2a: Heavy Weather
|-start|p2a: Heavy Weather|Substitute
|-damage|p2a: Heavy Weather|47/100
|
|-heal|p2a: Heavy Weather|53/100|[from] item: Leftovers
|upkeep
|turn|53
|
|t:|1743916746
|move|p1a: Enamorus|Draining Kiss|p2a: Heavy Weather
|-end|p2a: Heavy Weather|Substitute
|move|p2a: Heavy Weather|Acid Armor|p2a: Heavy Weather
|-boost|p2a: Heavy Weather|def|2
|
|-heal|p2a: Heavy Weather|59/100|[from] item: Leftovers
|upkeep
|turn|54
|
|t:|1743916749
|-activate|p1a: Enamorus|move: Struggle
|move|p1a: Enamorus|Struggle|p2a: Heavy Weather
|-damage|p2a: Heavy Weather|55/100
|-damage|p1a: Enamorus|76/100|[from] recoil
|move|p2a: Heavy Weather|Acid Armor|p2a: Heavy Weather
|-boost|p2a: Heavy Weather|def|2
|
|-heal|p2a: Heavy Weather|61/100|[from] item: Leftovers
|upkeep
|turn|55
|
|t:|1743916751
|-activate|p1a: Enamorus|move: Struggle
|move|p1a: Enamorus|Struggle|p2a: Heavy Weather
|-damage|p2a: Heavy Weather|57/100
|-damage|p1a: Enamorus|51/100|[from] recoil
|move|p2a: Heavy Weather|Acid Armor|p2a: Heavy Weather
|-boost|p2a: Heavy Weather|def|2
|
|-heal|p2a: Heavy Weather|63/100|[from] item: Leftovers
|upkeep
|turn|56
|
|t:|1743916754
|-activate|p1a: Enamorus|move: Struggle
|move|p1a: Enamorus|Struggle|p2a: Heavy Weather
|-damage|p2a: Heavy Weather|61/100
|-damage|p1a: Enamorus|26/100|[from] recoil
|move|p2a: Heavy Weather|Body Press|p1a: Enamorus
|-supereffective|p1a: Enamorus
|-damage|p1a: Enamorus|0 fnt
|faint|p1a: Enamorus
|
|win|Papa Criv
|raw|9878998 Guest's rating: 1209 &rarr; <strong>1181</strong><br />(-28 for losing)
|raw|Papa Criv's rating: 1167 &rarr; <strong>1195</strong><br />(+28 for winning)
|l|☆9878998 Guest
|player|p1|
