|j|☆godards
|j|☆q7tHNqZFBTiHRXwU
|t:|1743780958
|gametype|singles
|player|p1|godards|mars|1017
|player|p2|q7tHNqZFBTiHRXwU|266|1000
|teamsize|p1|6
|teamsize|p2|6
|gen|9
|tier|[Gen 9] OU
|rated|
|rule|HP Percentage Mod: HP is shown in percentages
|rule|Endless Battle Clause: Forcing endless battles is banned
|rule|Species Clause: Limit one of each Pokémon
|rule|OHKO Clause: OHKO moves are banned
|rule|Evasion Items Clause: Evasion items are banned
|rule|Evasion Moves Clause: Evasion moves are banned
|rule|Sleep Moves Clause: Sleep-inducing moves are banned
|clearpoke
|poke|p1|Cobalion|
|poke|p1|Metagross|
|poke|p1|Lucario, F|
|poke|p1|Bastiodon, F|
|poke|p1|Empoleon, M|
|poke|p1|Dugtrio-Alola, F|
|poke|p2|Comfey, F|
|poke|p2|Whimsicott, F|
|poke|p2|Iron Moth|
|poke|p2|Walking Wake|
|poke|p2|Great Tusk|
|poke|p2|Ninetales, M|
|teampreview
|inactive|Battle timer is ON: inactive players will automatically lose when time's up. (requested by q7tHNqZFBTiHRXwU)
|inactive|godards also wants the timer to be on.
|
|t:|1743780963
|start
|switch|p1a: Cobalion|Cobalion, shiny|100/100
|switch|p2a: Ninetales|Ninetales, M|100/100
|-weather|SunnyDay|[from] ability: Drought|[of] p2a: Ninetales
|turn|1
|
|t:|1743780972
|switch|p2a: Walking Wake|Walking Wake|100/100
|-activate|p2a: Walking Wake|ability: Protosynthesis
|-start|p2a: Walking Wake|protosynthesisspe
|move|p1a: Cobalion|Stealth Rock|p2a: Walking Wake
|-sidestart|p2: q7tHNqZFBTiHRXwU|move: Stealth Rock
|
|-weather|SunnyDay|[upkeep]
|upkeep
|turn|2
|
|t:|1743780978
|move|p2a: Walking Wake|Hydro Steam|p1a: Cobalion
|-damage|p1a: Cobalion|28/100
|move|p1a: Cobalion|Thunder Wave|p2a: Walking Wake|[miss]
|-miss|p1a: Cobalion|p2a: Walking Wake
|
|-weather|SunnyDay|[upkeep]
|upkeep
|turn|3
|
|t:|1743780987
|switch|p1a: Empoleon|Empoleon, M, shiny|100/100
|move|p2a: Walking Wake|Hydro Steam|p1a: Empoleon
|-resisted|p1a: Empoleon
|-damage|p1a: Empoleon|81/100
|
|-weather|SunnyDay|[upkeep]
|-heal|p1a: Empoleon|87/100|[from] item: Leftovers
|upkeep
|turn|4
|
|t:|1743780997
|-end|p2a: Walking Wake|Protosynthesis|[silent]
|switch|p2a: Great Tusk|Great Tusk|100/100
|-damage|p2a: Great Tusk|98/100|[from] Stealth Rock
|-activate|p2a: Great Tusk|ability: Protosynthesis
|-start|p2a: Great Tusk|protosynthesisspe
|move|p1a: Empoleon|Knock Off|p2a: Great Tusk
|-resisted|p2a: Great Tusk
|-damage|p2a: Great Tusk|92/100
|-damage|p1a: Empoleon|71/100|[from] item: Rocky Helmet|[of] p2a: Great Tusk
|-enditem|p2a: Great Tusk|Rocky Helmet|[from] move: Knock Off|[of] p1a: Empoleon
|
|-weather|SunnyDay|[upkeep]
|-heal|p1a: Empoleon|77/100|[from] item: Leftovers
|upkeep
|turn|5
|
|t:|1743781012
|switch|p1a: Bastiodon|Bastiodon, F, shiny|100/100
|move|p2a: Great Tusk|Rapid Spin|p1a: Bastiodon
|-resisted|p1a: Bastiodon
|-damage|p1a: Bastiodon|99/100
|-boost|p2a: Great Tusk|spe|1
|-sideend|p2: q7tHNqZFBTiHRXwU|Stealth Rock|[from] move: Rapid Spin|[of] p2a: Great Tusk
|
|-weather|SunnyDay|[upkeep]
|-heal|p1a: Bastiodon|100/100|[from] item: Leftovers
|upkeep
|turn|6
|
|t:|1743781025
|move|p2a: Great Tusk|Headlong Rush|p1a: Bastiodon
|-supereffective|p1a: Bastiodon
|-ability|p1a: Bastiodon|Sturdy
|-damage|p1a: Bastiodon|1/100
|-unboost|p2a: Great Tusk|def|1
|-unboost|p2a: Great Tusk|spd|1
|move|p1a: Bastiodon|Roar|p2a: Great Tusk
|-end|p2a: Great Tusk|Protosynthesis|[silent]
|drag|p2a: Ninetales|Ninetales, M|100/100
|
|-weather|SunnyDay|[upkeep]
|-heal|p1a: Bastiodon|7/100|[from] item: Leftovers
|upkeep
|turn|7
|
|t:|1743781039
|switch|p2a: Great Tusk|Great Tusk|92/100
|-activate|p2a: Great Tusk|ability: Protosynthesis
|-start|p2a: Great Tusk|protosynthesisspe
|move|p1a: Bastiodon|Protect||[still]
|-fail|p1a: Bastiodon
|
|-weather|SunnyDay|[upkeep]
|-heal|p1a: Bastiodon|13/100|[from] item: Leftovers
|upkeep
|turn|8
|
|t:|1743781042
|move|p2a: Great Tusk|Stealth Rock|p1a: Bastiodon
|-sidestart|p1: godards|move: Stealth Rock
|move|p1a: Bastiodon|Roar|p2a: Great Tusk
|-end|p2a: Great Tusk|Protosynthesis|[silent]
|drag|p2a: Comfey|Comfey, F|100/100
|
|-weather|none
|-heal|p1a: Bastiodon|19/100|[from] item: Leftovers
|upkeep
|turn|9
|
|t:|1743781049
|switch|p2a: Ninetales|Ninetales, M|100/100
|-weather|SunnyDay|[from] ability: Drought|[of] p2a: Ninetales
|move|p1a: Bastiodon|Heavy Slam|p2a: Ninetales
|-resisted|p2a: Ninetales
|-damage|p2a: Ninetales|86/100
|
|-weather|SunnyDay|[upkeep]
|-heal|p1a: Bastiodon|25/100|[from] item: Leftovers
|upkeep
|turn|10
|
|t:|1743781062
|switch|p2a: Iron Moth|Iron Moth|100/100
|-enditem|p2a: Iron Moth|Booster Energy
|-activate|p2a: Iron Moth|ability: Quark Drive|[fromitem]
|-start|p2a: Iron Moth|quarkdrivespa
|move|p1a: Bastiodon|Body Press|p2a: Iron Moth
|-resisted|p2a: Iron Moth
|-damage|p2a: Iron Moth|70/100
|
|-weather|SunnyDay|[upkeep]
|-heal|p1a: Bastiodon|32/100|[from] item: Leftovers
|upkeep
|turn|11
|
|t:|1743781069
|move|p1a: Bastiodon|Protect|p1a: Bastiodon
|-singleturn|p1a: Bastiodon|Protect
|move|p2a: Iron Moth|Fiery Dance|p1a: Bastiodon
|-activate|p1a: Bastiodon|move: Protect
|
|-weather|SunnyDay|[upkeep]
|-heal|p1a: Bastiodon|38/100|[from] item: Leftovers
|upkeep
|turn|12
|
|t:|1743781077
|switch|p1a: Empoleon|Empoleon, M, shiny|77/100
|-damage|p1a: Empoleon|71/100|[from] Stealth Rock
|move|p2a: Iron Moth|Fiery Dance|p1a: Empoleon
|-damage|p1a: Empoleon|14/100
|-boost|p2a: Iron Moth|spa|1
|
|-weather|SunnyDay|[upkeep]
|-heal|p1a: Empoleon|20/100|[from] item: Leftovers
|upkeep
|turn|13
|
|t:|1743781088
|move|p2a: Iron Moth|Fiery Dance|p1a: Empoleon
|-damage|p1a: Empoleon|0 fnt
|-boost|p2a: Iron Moth|spa|1
|faint|p1a: Empoleon
|
|-weather|SunnyDay|[upkeep]
|upkeep
|
|t:|1743781112
|switch|p1a: Dugtrio|Dugtrio-Alola, F, shiny|100/100
|-damage|p1a: Dugtrio|98/100|[from] Stealth Rock
|turn|14
|
|t:|1743781121
|move|p2a: Iron Moth|Fiery Dance|p1a: Dugtrio
|-supereffective|p1a: Dugtrio
|-damage|p1a: Dugtrio|0 fnt
|-boost|p2a: Iron Moth|spa|1
|faint|p1a: Dugtrio
|
|-weather|SunnyDay|[upkeep]
|upkeep
|
|t:|1743781132
|switch|p1a: Bastiodon|Bastiodon, F, shiny|38/100
|-damage|p1a: Bastiodon|32/100|[from] Stealth Rock
|turn|15
|
|t:|1743781137
|move|p1a: Bastiodon|Protect|p1a: Bastiodon
|-singleturn|p1a: Bastiodon|Protect
|move|p2a: Iron Moth|Fiery Dance|p1a: Bastiodon
|-activate|p1a: Bastiodon|move: Protect
|
|-weather|SunnyDay|[upkeep]
|-heal|p1a: Bastiodon|38/100|[from] item: Leftovers
|upkeep
|turn|16
|
|t:|1743781145
|move|p2a: Iron Moth|Fiery Dance|p1a: Bastiodon
|-damage|p1a: Bastiodon|0 fnt
|-boost|p2a: Iron Moth|spa|1
|faint|p1a: Bastiodon
|
|-weather|none
|upkeep
|
|t:|1743781157
|switch|p1a: Metagross|Metagross, shiny|100/100
|-damage|p1a: Metagross|94/100|[from] Stealth Rock
|turn|17
|
|t:|1743781168
|move|p2a: Iron Moth|Fiery Dance|p1a: Metagross
|-supereffective|p1a: Metagross
|-damage|p1a: Metagross|0 fnt
|-boost|p2a: Iron Moth|spa|1
|faint|p1a: Metagross
|
|upkeep
|
|t:|1743781174
|switch|p1a: Cobalion|Cobalion, shiny|28/100
|-damage|p1a: Cobalion|25/100|[from] Stealth Rock
|turn|18
|
|t:|1743781179
|move|p2a: Iron Moth|Fiery Dance|p1a: Cobalion
|-supereffective|p1a: Cobalion
|-damage|p1a: Cobalion|0 fnt
|faint|p1a: Cobalion
|
|upkeep
|
|t:|1743781183
|switch|p1a: Lucario|Lucario, F, shiny|100/100
|-damage|p1a: Lucario|98/100|[from] Stealth Rock
|turn|19
|
|t:|1743781194
|move|p2a: Iron Moth|Fiery Dance|p1a: Lucario
|-supereffective|p1a: Lucario
|-damage|p1a: Lucario|0 fnt
|faint|p1a: Lucario
|
|win|q7tHNqZFBTiHRXwU
|raw|godards's rating: 1017 &rarr; <strong>1004</strong><br />(-13 for losing)
|raw|q7tHNqZFBTiHRXwU's rating: 1000 &rarr; <strong>1042</strong><br />(+42 for winning)
|l|☆godards
|player|p1|
