|j|☆Cacterra
|j|☆Cattleya1
|t:|1743858907
|gametype|singles
|player|p1|Cacterra|bede|1252
|player|p2|Cattleya1|lady|1281
|teamsize|p1|6
|teamsize|p2|6
|gen|9
|tier|[Gen 9] OU
|rated|
|rule|HP Percentage Mod: HP is shown in percentages
|rule|Endless Battle Clause: Forcing endless battles is banned
|rule|Species Clause: Limit one of each Pokémon
|rule|OHKO Clause: OHKO moves are banned
|rule|Evasion Items Clause: Evasion items are banned
|rule|Evasion Moves Clause: Evasion moves are banned
|rule|Sleep Moves Clause: Sleep-inducing moves are banned
|clearpoke
|poke|p1|Iron Valiant|
|poke|p1|Iron Crown|
|poke|p1|Skeledirge, M|
|poke|p1|Kingambit, F|
|poke|p1|Great Tusk|
|poke|p1|Dondozo, M|
|poke|p2|Florges, F|
|poke|p2|Cinderace, F|
|poke|p2|Ting-Lu|
|poke|p2|Corviknight, F|
|poke|p2|Conkeldurr, M|
|poke|p2|Pecharunt|
|teampreview
|
|t:|1743858915
|start
|switch|p1a: Iron Crown|Iron Crown|100/100
|switch|p2a: Cinderace|Cinderace, F, shiny|100/100
|-enditem|p1a: Iron Crown|Booster Energy
|-activate|p1a: Iron Crown|ability: Quark Drive|[fromitem]
|-start|p1a: Iron Crown|quarkdrivespa
|turn|1
|
|t:|1743858924
|move|p1a: Iron Crown|Protect|p1a: Iron Crown
|-singleturn|p1a: Iron Crown|Protect
|move|p2a: Cinderace|U-turn|p1a: Iron Crown
|-start|p2a: Cinderace|typechange|Bug|[from] ability: Libero
|-activate|p1a: Iron Crown|move: Protect
|
|upkeep
|turn|2
|
|t:|1743858934
|-end|p1a: Iron Crown|Quark Drive|[silent]
|switch|p1a: Dondozo|Dondozo, M|100/100
|move|p2a: Cinderace|U-turn|p1a: Dondozo
|-damage|p1a: Dondozo|79/100
|
|t:|1743858936
|switch|p2a: Pecharunt|Pecharunt|100/100|[from] U-turn
|
|upkeep
|turn|3
|
|t:|1743858942
|move|p2a: Pecharunt|Shadow Ball|p1a: Dondozo
|-crit|p1a: Dondozo
|-damage|p1a: Dondozo|51/100
|move|p1a: Dondozo|Earthquake|p2a: Pecharunt
|-supereffective|p2a: Pecharunt
|-damage|p2a: Pecharunt|61/100
|
|-heal|p2a: Pecharunt|67/100|[from] item: Black Sludge
|upkeep
|turn|4
|
|t:|1743858950
|move|p2a: Pecharunt|Shadow Ball|p1a: Dondozo
|-damage|p1a: Dondozo|31/100
|move|p1a: Dondozo|Earthquake|p2a: Pecharunt
|-supereffective|p2a: Pecharunt
|-damage|p2a: Pecharunt|27/100
|
|-heal|p2a: Pecharunt|33/100|[from] item: Black Sludge
|upkeep
|turn|5
|
|t:|1743858958
|switch|p1a: Skeledirge|Skeledirge, M|100/100
|move|p2a: Pecharunt|Recover|p2a: Pecharunt
|-heal|p2a: Pecharunt|83/100
|
|-heal|p2a: Pecharunt|89/100|[from] item: Black Sludge
|upkeep
|turn|6
|
|t:|1743858967
|move|p2a: Pecharunt|Malignant Chain|p1a: Skeledirge
|-resisted|p1a: Skeledirge
|-damage|p1a: Skeledirge|81/100
|-status|p1a: Skeledirge|tox
|-start|p1a: Skeledirge|confusion|[from] ability: Poison Puppeteer|[of] p2a: Pecharunt
|-activate|p1a: Skeledirge|confusion
|move|p1a: Skeledirge|Torch Song|p2a: Pecharunt
|-damage|p2a: Pecharunt|48/100
|-boost|p1a: Skeledirge|spa|1
|
|-heal|p2a: Pecharunt|54/100|[from] item: Black Sludge
|-heal|p1a: Skeledirge|87/100 tox|[from] item: Leftovers
|-damage|p1a: Skeledirge|81/100 tox|[from] psn
|upkeep
|turn|7
|
|t:|1743858979
|move|p2a: Pecharunt|Parting Shot|p1a: Skeledirge
|-unboost|p1a: Skeledirge|atk|1
|-unboost|p1a: Skeledirge|spa|1
|
|t:|1743858981
|switch|p2a: Ting-Lu|Ting-Lu|100/100|[from] Parting Shot
|-ability|p2a: Ting-Lu|Vessel of Ruin
|-activate|p1a: Skeledirge|confusion
|move|p1a: Skeledirge|Shadow Ball|p2a: Ting-Lu
|-resisted|p2a: Ting-Lu
|-damage|p2a: Ting-Lu|93/100
|
|-heal|p1a: Skeledirge|87/100 tox|[from] item: Leftovers
|-heal|p2a: Ting-Lu|99/100|[from] item: Leftovers
|-damage|p1a: Skeledirge|75/100 tox|[from] psn
|upkeep
|turn|8
|
|t:|1743858993
|switch|p1a: Dondozo|Dondozo, M|31/100
|move|p2a: Ting-Lu|Stealth Rock|p1a: Dondozo
|-sidestart|p1: Cacterra|move: Stealth Rock
|
|-heal|p2a: Ting-Lu|100/100|[from] item: Leftovers
|upkeep
|turn|9
|
|t:|1743858999
|switch|p2a: Florges|Florges, F, shiny|100/100
|move|p1a: Dondozo|Liquidation|p2a: Florges
|-damage|p2a: Florges|50/100
|-unboost|p2a: Florges|def|1
|
|-heal|p2a: Florges|56/100|[from] item: Leftovers
|upkeep
|turn|10
|
|t:|1743859009
|move|p2a: Florges|Giga Drain|p1a: Dondozo
|-supereffective|p1a: Dondozo
|-damage|p1a: Dondozo|5/100
|-heal|p2a: Florges|72/100|[from] drain|[of] p1a: Dondozo
|move|p1a: Dondozo|Liquidation|p2a: Florges
|-damage|p2a: Florges|17/100
|
|-heal|p2a: Florges|23/100|[from] item: Leftovers
|upkeep
|turn|11
|
|t:|1743859018
|move|p2a: Florges|Moonblast|p1a: Dondozo
|-damage|p1a: Dondozo|0 fnt
|faint|p1a: Dondozo
|
|-heal|p2a: Florges|29/100|[from] item: Leftovers
|upkeep
|
|t:|1743859024
|switch|p1a: Great Tusk|Great Tusk|100/100
|-damage|p1a: Great Tusk|98/100|[from] Stealth Rock
|-enditem|p1a: Great Tusk|Booster Energy
|-activate|p1a: Great Tusk|ability: Protosynthesis|[fromitem]
|-start|p1a: Great Tusk|protosynthesisatk
|turn|12
|
|t:|1743859030
|move|p1a: Great Tusk|Ice Spinner|p2a: Florges
|-damage|p2a: Florges|0 fnt
|faint|p2a: Florges
|
|upkeep
|
|t:|1743859039
|switch|p2a: Corviknight|Corviknight, F, shiny|100/100
|-ability|p2a: Corviknight|Pressure
|turn|13
|
|t:|1743859043
|move|p1a: Great Tusk|Rapid Spin|p2a: Corviknight
|-resisted|p2a: Corviknight
|-damage|p2a: Corviknight|94/100
|-boost|p1a: Great Tusk|spe|1
|-damage|p1a: Great Tusk|81/100|[from] item: Rocky Helmet|[of] p2a: Corviknight
|-sideend|p1: Cacterra|Stealth Rock|[from] move: Rapid Spin|[of] p1a: Great Tusk
|move|p2a: Corviknight|Brave Bird|p1a: Great Tusk
|-supereffective|p1a: Great Tusk
|-damage|p1a: Great Tusk|28/100
|-damage|p2a: Corviknight|77/100|[from] Recoil
|
|upkeep
|turn|14
|
|t:|1743859052
|move|p1a: Great Tusk|Ice Spinner|p2a: Corviknight
|-damage|p2a: Corviknight|58/100
|-damage|p1a: Great Tusk|11/100|[from] item: Rocky Helmet|[of] p2a: Corviknight
|move|p2a: Corviknight|Brave Bird|p1a: Great Tusk
|-supereffective|p1a: Great Tusk
|-damage|p1a: Great Tusk|0 fnt
|faint|p1a: Great Tusk
|-end|p1a: Great Tusk|Protosynthesis|[silent]
|-damage|p2a: Corviknight|54/100|[from] Recoil
|
|upkeep
|
|t:|1743859062
|switch|p1a: Skeledirge|Skeledirge, M|75/100 tox
|turn|15
|
|t:|1743859065
|move|p2a: Corviknight|U-turn|p1a: Skeledirge
|-resisted|p1a: Skeledirge
|-damage|p1a: Skeledirge|71/100 tox
|
|t:|1743859068
|switch|p2a: Ting-Lu|Ting-Lu|100/100|[from] U-turn
|-ability|p2a: Ting-Lu|Vessel of Ruin
|move|p1a: Skeledirge|Torch Song|p2a: Ting-Lu
|-damage|p2a: Ting-Lu|84/100
|-boost|p1a: Skeledirge|spa|1
|
|-heal|p1a: Skeledirge|77/100 tox|[from] item: Leftovers
|-heal|p2a: Ting-Lu|90/100|[from] item: Leftovers
|-damage|p1a: Skeledirge|71/100 tox|[from] psn
|upkeep
|turn|16
|
|t:|1743859080
|move|p1a: Skeledirge|Torch Song|p2a: Ting-Lu
|-damage|p2a: Ting-Lu|65/100
|-boost|p1a: Skeledirge|spa|1
|move|p2a: Ting-Lu|Stealth Rock|p1a: Skeledirge
|-sidestart|p1: Cacterra|move: Stealth Rock
|
|-heal|p1a: Skeledirge|77/100 tox|[from] item: Leftovers
|-heal|p2a: Ting-Lu|71/100|[from] item: Leftovers
|-damage|p1a: Skeledirge|65/100 tox|[from] psn
|upkeep
|turn|17
|
|t:|1743859089
|move|p1a: Skeledirge|Torch Song|p2a: Ting-Lu
|-damage|p2a: Ting-Lu|38/100
|-boost|p1a: Skeledirge|spa|1
|move|p2a: Ting-Lu|Spikes|p1a: Skeledirge
|-sidestart|p1: Cacterra|Spikes
|
|-heal|p1a: Skeledirge|71/100 tox|[from] item: Leftovers
|-heal|p2a: Ting-Lu|44/100|[from] item: Leftovers
|-damage|p1a: Skeledirge|53/100 tox|[from] psn
|upkeep
|turn|18
|
|t:|1743859100
|move|p1a: Skeledirge|Torch Song|p2a: Ting-Lu
|-damage|p2a: Ting-Lu|5/100
|-boost|p1a: Skeledirge|spa|1
|move|p2a: Ting-Lu|Spikes|p1a: Skeledirge
|-sidestart|p1: Cacterra|Spikes
|
|-heal|p1a: Skeledirge|59/100 tox|[from] item: Leftovers
|-heal|p2a: Ting-Lu|11/100|[from] item: Leftovers
|-damage|p1a: Skeledirge|35/100 tox|[from] psn
|upkeep
|turn|19
|
|t:|1743859110
|move|p1a: Skeledirge|Torch Song|p2a: Ting-Lu
|-damage|p2a: Ting-Lu|0 fnt
|-boost|p1a: Skeledirge|spa|1
|faint|p2a: Ting-Lu
|
|-heal|p1a: Skeledirge|41/100 tox|[from] item: Leftovers
|-damage|p1a: Skeledirge|11/100 tox|[from] psn
|upkeep
|
|t:|1743859114
|switch|p2a: Pecharunt|Pecharunt|54/100
|turn|20
|
|t:|1743859119
|move|p2a: Pecharunt|Shadow Ball|p1a: Skeledirge
|-supereffective|p1a: Skeledirge
|-damage|p1a: Skeledirge|0 fnt
|faint|p1a: Skeledirge
|
|-heal|p2a: Pecharunt|60/100|[from] item: Black Sludge
|upkeep
|
|t:|1743859125
|switch|p1a: Kingambit|Kingambit, F|100/100
|-damage|p1a: Kingambit|94/100|[from] Stealth Rock
|-damage|p1a: Kingambit|78/100|[from] Spikes
|-activate|p1a: Kingambit|ability: Supreme Overlord
|-start|p1a: Kingambit|fallen3|[silent]
|turn|21
|
|t:|1743859131
|move|p2a: Pecharunt|Parting Shot|p1a: Kingambit
|-unboost|p1a: Kingambit|atk|1
|-unboost|p1a: Kingambit|spa|1
|
|t:|1743859134
|switch|p2a: Corviknight|Corviknight, F, shiny|54/100|[from] Parting Shot
|-ability|p2a: Corviknight|Pressure
|move|p1a: Kingambit|Kowtow Cleave|p2a: Corviknight
|-crit|p2a: Corviknight
|-damage|p2a: Corviknight|0 fnt
|-damage|p1a: Kingambit|61/100|[from] item: Rocky Helmet|[of] p2a: Corviknight
|faint|p2a: Corviknight
|
|upkeep
|
|t:|1743859138
|switch|p2a: Conkeldurr|Conkeldurr, M, shiny|100/100
|turn|22
|
|t:|1743859146
|-end|p1a: Kingambit|fallen3|[silent]
|switch|p1a: Iron Crown|Iron Crown|100/100
|-damage|p1a: Iron Crown|94/100|[from] Stealth Rock
|-damage|p1a: Iron Crown|78/100|[from] Spikes
|move|p2a: Conkeldurr|Drain Punch|p1a: Iron Crown
|-damage|p1a: Iron Crown|32/100
|
|upkeep
|turn|23
|
|t:|1743859160
|move|p2a: Conkeldurr|Mach Punch|p1a: Iron Crown
|-damage|p1a: Iron Crown|8/100
|move|p1a: Iron Crown|Psychic|p2a: Conkeldurr
|-supereffective|p2a: Conkeldurr
|-damage|p2a: Conkeldurr|31/100
|
|upkeep
|turn|24
|
|t:|1743859166
|move|p2a: Conkeldurr|Mach Punch|p1a: Iron Crown
|-damage|p1a: Iron Crown|0 fnt
|faint|p1a: Iron Crown
|-end|p1a: Iron Crown|Quark Drive|[silent]
|
|upkeep
|
|t:|1743859176
|switch|p1a: Iron Valiant|Iron Valiant|100/100
|-damage|p1a: Iron Valiant|94/100|[from] Stealth Rock
|-damage|p1a: Iron Valiant|78/100|[from] Spikes
|turn|25
|
|t:|1743859184
|move|p2a: Conkeldurr|Mach Punch|p1a: Iron Valiant
|-resisted|p1a: Iron Valiant
|-damage|p1a: Iron Valiant|61/100
|move|p1a: Iron Valiant|Moonblast|p2a: Conkeldurr
|-supereffective|p2a: Conkeldurr
|-damage|p2a: Conkeldurr|0 fnt
|faint|p2a: Conkeldurr
|
|upkeep
|
|t:|1743859187
|switch|p2a: Pecharunt|Pecharunt|60/100
|turn|26
|
|t:|1743859194
|-terastallize|p1a: Iron Valiant|Fairy
|move|p1a: Iron Valiant|Moonblast|p2a: Pecharunt
|-resisted|p2a: Pecharunt
|-damage|p2a: Pecharunt|14/100
|move|p2a: Pecharunt|Recover|p2a: Pecharunt
|-heal|p2a: Pecharunt|64/100
|
|-heal|p2a: Pecharunt|70/100|[from] item: Black Sludge
|upkeep
|turn|27
|
|t:|1743859202
|move|p1a: Iron Valiant|Moonblast|p2a: Pecharunt
|-resisted|p2a: Pecharunt
|-damage|p2a: Pecharunt|26/100
|move|p2a: Pecharunt|Recover|p2a: Pecharunt
|-heal|p2a: Pecharunt|76/100
|
|-heal|p2a: Pecharunt|82/100|[from] item: Black Sludge
|upkeep
|turn|28
|
|t:|1743859209
|move|p1a: Iron Valiant|Moonblast|p2a: Pecharunt
|-resisted|p2a: Pecharunt
|-damage|p2a: Pecharunt|35/100
|move|p2a: Pecharunt|Recover|p2a: Pecharunt
|-heal|p2a: Pecharunt|85/100
|
|-heal|p2a: Pecharunt|92/100|[from] item: Black Sludge
|upkeep
|turn|29
|
|t:|1743859216
|move|p1a: Iron Valiant|Moonblast|p2a: Pecharunt
|-resisted|p2a: Pecharunt
|-damage|p2a: Pecharunt|42/100
|-unboost|p2a: Pecharunt|spa|1
|move|p2a: Pecharunt|Malignant Chain|p1a: Iron Valiant
|-supereffective|p1a: Iron Valiant
|-damage|p1a: Iron Valiant|0 fnt
|faint|p1a: Iron Valiant
|-end|p1a: Iron Valiant|Quark Drive|[silent]
|
|-heal|p2a: Pecharunt|48/100|[from] item: Black Sludge
|upkeep
|
|t:|1743859225
|switch|p1a: Kingambit|Kingambit, F|61/100
|-damage|p1a: Kingambit|55/100|[from] Stealth Rock
|-damage|p1a: Kingambit|38/100|[from] Spikes
|-activate|p1a: Kingambit|ability: Supreme Overlord
|-start|p1a: Kingambit|fallen5|[silent]
|turn|30
|
|t:|1743859232
|move|p2a: Pecharunt|Shadow Ball|p1a: Kingambit
|-resisted|p1a: Kingambit
|-damage|p1a: Kingambit|26/100
|move|p1a: Kingambit|Kowtow Cleave|p2a: Pecharunt
|-supereffective|p2a: Pecharunt
|-damage|p2a: Pecharunt|0 fnt
|faint|p2a: Pecharunt
|
|upkeep
|
|t:|1743859235
|switch|p2a: Cinderace|Cinderace, F, shiny|100/100
|turn|31
|
|t:|1743859241
|move|p1a: Kingambit|Sucker Punch|p2a: Cinderace
|-damage|p2a: Cinderace|0 fnt
|faint|p2a: Cinderace
|
|win|Cacterra
|raw|Cacterra's rating: 1252 &rarr; <strong>1279</strong><br />(+27 for winning)
|raw|Cattleya1's rating: 1281 &rarr; <strong>1254</strong><br />(-27 for losing)
|l|☆Cattleya1
|player|p2|
|l|☆Cacterra
|player|p1|
