|j|☆DBZ_Beast_Curt
|j|☆YourSonis67
|t:|1743930209
|gametype|singles
|player|p1|DBZ_Beast_Curt|dawn|1099
|player|p2|YourSonis67|1|1102
|teamsize|p1|6
|teamsize|p2|6
|gen|9
|tier|[Gen 9] OU
|rated|
|rule|HP Percentage Mod: HP is shown in percentages
|rule|Endless Battle Clause: Forcing endless battles is banned
|rule|Species Clause: Limit one of each Pokémon
|rule|OHKO Clause: OHKO moves are banned
|rule|Evasion Items Clause: Evasion items are banned
|rule|Evasion Moves Clause: Evasion moves are banned
|rule|Sleep Moves Clause: Sleep-inducing moves are banned
|clearpoke
|poke|p1|Decidueye, F|
|poke|p1|Greninja-*, M|
|poke|p1|Blaziken, M|
|poke|p1|Hawlucha, M|
|poke|p1|Espeon, M|
|poke|p1|Garchomp, F|
|poke|p2|Samurott-Hisui, F|
|poke|p2|Hitmonlee, M|
|poke|p2|Toxicroak, M|
|poke|p2|Drednaw, M|
|poke|p2|Pelipper, F|
|poke|p2|Barraskewda, F|
|teampreview
|
|t:|1743930216
|start
|switch|p1a: Alien|Espeon, M|100/100
|switch|p2a: Samurott|Samurott-Hisui, F|100/100
|turn|1
|
|t:|1743930224
|move|p1a: Alien|Thunder Wave|p2a: Samurott
|-status|p2a: Samurott|par
|move|p2a: Samurott|Focus Energy|p2a: Samurott
|-start|p2a: Samurott|move: Focus Energy
|
|upkeep
|turn|2
|
|t:|1743930234
|move|p1a: Alien|Psyshock|p2a: Samurott
|-immune|p2a: Samurott
|move|p2a: Samurott|Night Slash|p1a: Alien
|-supereffective|p1a: Alien
|-crit|p1a: Alien
|-damage|p1a: Alien|0 fnt
|faint|p1a: Alien
|
|upkeep
|
|t:|1743930247
|switch|p1a: Lucha|Hawlucha, M|100/100
|turn|3
|
|t:|1743930254
|move|p1a: Lucha|Close Combat|p2a: Samurott
|-supereffective|p2a: Samurott
|-damage|p2a: Samurott|0 fnt
|-unboost|p1a: Lucha|def|1
|-unboost|p1a: Lucha|spd|1
|faint|p2a: Samurott
|
|upkeep
|
|t:|1743930261
|switch|p2a: Hitmonlee|Hitmonlee, M|100/100
|turn|4
|
|t:|1743930270
|move|p2a: Hitmonlee|Endure|p2a: Hitmonlee
|-singleturn|p2a: Hitmonlee|move: Endure
|move|p1a: Lucha|Stone Edge|p2a: Hitmonlee
|-resisted|p2a: Hitmonlee
|-damage|p2a: Hitmonlee|65/100
|
|upkeep
|turn|5
|
|t:|1743930293
|switch|p2a: Pelipper|Pelipper, F|100/100
|-weather|RainDance|[from] ability: Drizzle|[of] p2a: Pelipper
|move|p1a: Lucha|Close Combat|p2a: Pelipper
|-resisted|p2a: Pelipper
|-damage|p2a: Pelipper|80/100
|-unboost|p1a: Lucha|def|1
|-unboost|p1a: Lucha|spd|1
|
|-weather|RainDance|[upkeep]
|upkeep
|turn|6
|
|t:|1743930313
|switch|p1a: Ninja|Greninja, M|100/100
|switch|p2a: Drednaw|Drednaw, M|100/100
|
|-weather|RainDance|[upkeep]
|upkeep
|turn|7
|
|t:|1743930324
|move|p2a: Drednaw|Shell Smash|p2a: Drednaw
|-unboost|p2a: Drednaw|def|1
|-unboost|p2a: Drednaw|spd|1
|-boost|p2a: Drednaw|atk|2
|-boost|p2a: Drednaw|spa|2
|-boost|p2a: Drednaw|spe|2
|-enditem|p2a: Drednaw|White Herb
|-clearnegativeboost|p2a: Drednaw|[silent]
|move|p1a: Ninja|Dark Pulse|p2a: Drednaw
|-damage|p2a: Drednaw|45/100
|
|-weather|RainDance|[upkeep]
|upkeep
|turn|8
|
|t:|1743930336
|move|p2a: Drednaw|Rock Slide|p1a: Ninja
|-damage|p1a: Ninja|0 fnt
|faint|p1a: Ninja
|
|-weather|RainDance|[upkeep]
|upkeep
|
|t:|1743930346
|switch|p1a: Quincy|Decidueye, F|100/100
|turn|9
|
|t:|1743930352
|move|p2a: Drednaw|Jaw Lock|p1a: Quincy
|-supereffective|p1a: Quincy
|-damage|p1a: Quincy|0 fnt
|faint|p1a: Quincy
|
|-weather|none
|upkeep
|
|t:|1743930361
|switch|p1a: Lucha|Hawlucha, M|100/100
|turn|10
|
|t:|1743930365
|move|p2a: Drednaw|Rock Slide|p1a: Lucha
|-enditem|p1a: Lucha|Focus Sash
|-damage|p1a: Lucha|1/100
|cant|p1a: Lucha|flinch
|
|upkeep
|turn|11
|
|t:|1743930374
|move|p1a: Lucha|Close Combat|p2a: Drednaw
|-supereffective|p2a: Drednaw
|-damage|p2a: Drednaw|0 fnt
|-unboost|p1a: Lucha|def|1
|-unboost|p1a: Lucha|spd|1
|faint|p2a: Drednaw
|
|upkeep
|
|t:|1743930385
|switch|p2a: Barraskewda|Barraskewda, F|100/100
|turn|12
|
|t:|1743930392
|move|p1a: Lucha|Close Combat|p2a: Barraskewda
|-damage|p2a: Barraskewda|2/100
|-unboost|p1a: Lucha|def|1
|-unboost|p1a: Lucha|spd|1
|move|p2a: Barraskewda|Scale Shot|p1a: Lucha
|-damage|p1a: Lucha|0 fnt
|faint|p1a: Lucha
|-hitcount|p1: Lucha|1
|-unboost|p2a: Barraskewda|def|1
|-boost|p2a: Barraskewda|spe|1
|
|upkeep
|
|t:|1743930404
|switch|p1a: ChompchoMp|Garchomp, F|100/100
|turn|13
|
|t:|1743930409
|move|p2a: Barraskewda|Scale Shot|p1a: ChompchoMp|[miss]
|-miss|p2a: Barraskewda|p1a: ChompchoMp
|move|p1a: ChompchoMp|Iron Head|p2a: Barraskewda
|-resisted|p2a: Barraskewda
|-damage|p2a: Barraskewda|0 fnt
|faint|p2a: Barraskewda
|
|upkeep
|
|t:|1743930418
|switch|p2a: Hitmonlee|Hitmonlee, M|65/100
|turn|14
|
|t:|1743930422
|move|p2a: Hitmonlee|Endure|p2a: Hitmonlee
|-singleturn|p2a: Hitmonlee|move: Endure
|move|p1a: ChompchoMp|Swords Dance|p1a: ChompchoMp
|-boost|p1a: ChompchoMp|atk|2
|
|upkeep
|turn|15
|
|t:|1743930430
|move|p1a: ChompchoMp|Dragon Claw|p2a: Hitmonlee
|-damage|p2a: Hitmonlee|0 fnt
|faint|p2a: Hitmonlee
|
|upkeep
|
|t:|1743930435
|switch|p2a: Pelipper|Pelipper, F|80/100
|-weather|RainDance|[from] ability: Drizzle|[of] p2a: Pelipper
|turn|16
|
|t:|1743930443
|move|p1a: ChompchoMp|Swords Dance|p1a: ChompchoMp
|-boost|p1a: ChompchoMp|atk|2
|move|p2a: Pelipper|Weather Ball|p1a: ChompchoMp
|-damage|p1a: ChompchoMp|43/100
|
|-weather|RainDance|[upkeep]
|upkeep
|turn|17
|
|t:|1743930455
|move|p1a: ChompchoMp|Dragon Claw|p2a: Pelipper
|-damage|p2a: Pelipper|0 fnt
|faint|p2a: Pelipper
|
|-weather|RainDance|[upkeep]
|upkeep
|
|t:|1743930462
|switch|p2a: Toxicroak|Toxicroak, M|100/100
|turn|18
|
|t:|1743930468
|move|p1a: ChompchoMp|Dragon Claw|p2a: Toxicroak
|-damage|p2a: Toxicroak|0 fnt
|faint|p2a: Toxicroak
|
|win|DBZ_Beast_Curt
|raw|DBZ_Beast_Curt's rating: 1099 &rarr; <strong>1124</strong><br />(+25 for winning)
|raw|YourSonis67's rating: 1102 &rarr; <strong>1077</strong><br />(-25 for losing)
|l|☆DBZ_Beast_Curt
|player|p1|
