|j|☆chenjue陈珏
|j|☆buda88888
|t:|1743845948
|gametype|singles
|player|p1|chenjue陈珏|birdkeeper|1216
|player|p2|buda88888|cynthia|1222
|teamsize|p1|6
|teamsize|p2|6
|gen|9
|tier|[Gen 9] OU
|rated|
|rule|HP Percentage Mod: HP is shown in percentages
|rule|Endless Battle Clause: Forcing endless battles is banned
|rule|Species Clause: Limit one of each Pokémon
|rule|OHKO Clause: OHKO moves are banned
|rule|Evasion Items Clause: Evasion items are banned
|rule|Evasion Moves Clause: Evasion moves are banned
|rule|Sleep Moves Clause: Sleep-inducing moves are banned
|clearpoke
|poke|p1|Alomomola, F|
|poke|p1|Great Tusk|
|poke|p1|Kingambit, M|
|poke|p1|Raging Bolt|
|poke|p1|Dragapult, M|
|poke|p1|Clodsire, M|
|poke|p2|Gallade, M|
|poke|p2|Umbreon, F|
|poke|p2|Chesnaught, M|
|poke|p2|Greninja-*, M|
|poke|p2|Cosmoem|
|poke|p2|Quaquaval, F|
|teampreview
|inactive|Battle timer is ON: inactive players will automatically lose when time's up. (requested by buda88888)
|inactive|buda88888 has 120 seconds left.
|
|t:|1743845980
|start
|switch|p1a: 鼓鼓|Raging Bolt|100/100
|switch|p2a: Greninja|Greninja, M|100/100
|turn|1
|
|t:|1743845992
|switch|p2a: Cosmoem|Cosmoem|100/100
|move|p1a: 鼓鼓|Volt Switch|p2a: Cosmoem
|-damage|p2a: Cosmoem|69/100
|
|t:|1743845998
|-end|p1a: 鼓鼓|Protosynthesis|[silent]
|switch|p1a: 大将！|Kingambit, M|100/100|[from] Volt Switch
|
|upkeep
|turn|2
|
|t:|1743846001
|move|p1a: 大将！|Kowtow Cleave|p2a: Cosmoem
|-supereffective|p2a: Cosmoem
|-damage|p2a: Cosmoem|0 fnt
|faint|p2a: Cosmoem
|
|upkeep
|
|t:|1743846006
|switch|p2a: Gallade|Gallade, M, shiny|100/100
|turn|3
|
|t:|1743846012
|-end|p1a: 大将！|fallenundefined|[silent]
|switch|p1a: 啊？|Alomomola, F|100/100
|move|p2a: Gallade|Night Slash|p1a: 啊？
|-crit|p1a: 啊？
|-damage|p1a: 啊？|70/100
|
|upkeep
|turn|4
|
|t:|1743846019
|switch|p2a: Umbreon|Umbreon, F, shiny|100/100
|move|p1a: 啊？|Flip Turn|p2a: Umbreon
|-damage|p2a: Umbreon|90/100
|
|t:|1743846029
|switch|p1a: 牙牙|Great Tusk|100/100|[from] Flip Turn
|
|-heal|p2a: Umbreon|96/100|[from] item: Leftovers
|upkeep
|turn|5
|
|t:|1743846032
|switch|p2a: Chesnaught|Chesnaught, M|100/100
|move|p1a: 牙牙|Close Combat|p2a: Chesnaught
|-damage|p2a: Chesnaught|46/100
|-unboost|p1a: 牙牙|def|1
|-unboost|p1a: 牙牙|spd|1
|
|-heal|p2a: Chesnaught|52/100|[from] item: Leftovers
|upkeep
|turn|6
|
|t:|1743846048
|move|p1a: 牙牙|Close Combat|p2a: Chesnaught
|-damage|p2a: Chesnaught|0 fnt
|-unboost|p1a: 牙牙|def|1
|-unboost|p1a: 牙牙|spd|1
|faint|p2a: Chesnaught
|
|upkeep
|
|t:|1743846052
|switch|p2a: Greninja|Greninja, M|100/100
|turn|7
|
|t:|1743846073
|-end|p1a: 牙牙|Protosynthesis|[silent]
|switch|p1a: 你是猛雷鼓？|Clodsire, M|100/100
|move|p2a: Greninja|Ice Beam|p1a: 你是猛雷鼓？
|-supereffective|p1a: 你是猛雷鼓？
|-damage|p1a: 你是猛雷鼓？|71/100
|
|-heal|p1a: 你是猛雷鼓？|77/100|[from] item: Leftovers
|upkeep
|turn|8
|
|t:|1743846089
|switch|p2a: Gallade|Gallade, M, shiny|100/100
|move|p1a: 你是猛雷鼓？|Toxic|p2a: Gallade
|-status|p2a: Gallade|tox
|
|-heal|p1a: 你是猛雷鼓？|84/100|[from] item: Leftovers
|-damage|p2a: Gallade|94/100 tox|[from] psn
|upkeep
|turn|9
|
|t:|1743846102
|switch|p1a: 啊？|Alomomola, F|100/100
|move|p2a: Gallade|Psycho Cut|p1a: 啊？
|-crit|p1a: 啊？
|-damage|p1a: 啊？|54/100
|
|-damage|p2a: Gallade|82/100 tox|[from] psn
|upkeep
|turn|10
|
|t:|1743846111
|move|p1a: 啊？|Protect|p1a: 啊？
|-singleturn|p1a: 啊？|Protect
|move|p2a: Gallade|Psycho Cut|p1a: 啊？
|-activate|p1a: 啊？|move: Protect
|
|-damage|p2a: Gallade|64/100 tox|[from] psn
|upkeep
|turn|11
|
|t:|1743846115
|move|p2a: Gallade|Night Slash|p1a: 啊？
|-damage|p1a: 啊？|34/100
|move|p1a: 啊？|Wish|p1a: 啊？
|
|-damage|p2a: Gallade|39/100 tox|[from] psn
|upkeep
|turn|12
|
|t:|1743846121
|switch|p2a: Greninja|Greninja, M|100/100
|move|p1a: 啊？|Protect||[still]
|-fail|p1a: 啊？
|
|-heal|p1a: 啊？|84/100|[from] move: Wish|[wisher] 啊？
|upkeep
|turn|13
|
|t:|1743846125
|move|p2a: Greninja|Dark Pulse|p1a: 啊？
|-damage|p1a: 啊？|45/100
|cant|p1a: 啊？|flinch
|
|upkeep
|turn|14
|
|t:|1743846146
|switch|p1a: 你是猛雷鼓？|Clodsire, M|84/100
|move|p2a: Greninja|Dark Pulse|p1a: 你是猛雷鼓？
|-damage|p1a: 你是猛雷鼓？|65/100
|
|-heal|p1a: 你是猛雷鼓？|71/100|[from] item: Leftovers
|upkeep
|turn|15
|
|t:|1743846153
|switch|p2a: Gallade|Gallade, M, shiny|39/100 tox
|move|p1a: 你是猛雷鼓？|Toxic|p2a: Gallade
|-fail|p2a: Gallade|tox
|
|-heal|p1a: 你是猛雷鼓？|77/100|[from] item: Leftovers
|-damage|p2a: Gallade|33/100 tox|[from] psn
|upkeep
|turn|16
|
|t:|1743846157
|switch|p2a: Quaquaval|Quaquaval, F|100/100
|switch|p1a: 啊？|Alomomola, F|78/100
|
|upkeep
|turn|17
|
|t:|1743846185
|move|p2a: Quaquaval|Aqua Step|p1a: 啊？
|-resisted|p1a: 啊？
|-damage|p1a: 啊？|63/100
|-boost|p2a: Quaquaval|spe|1
|move|p1a: 啊？|Flip Turn|p2a: Quaquaval
|-resisted|p2a: Quaquaval
|-damage|p2a: Quaquaval|91/100
|
|t:|1743846190
|switch|p1a: 鼓鼓|Raging Bolt|100/100|[from] Flip Turn
|
|upkeep
|turn|18
|
|t:|1743846200
|switch|p2a: Gallade|Gallade, M, shiny|33/100 tox
|-terastallize|p1a: 鼓鼓|Flying
|move|p1a: 鼓鼓|Volt Switch|p2a: Gallade
|-damage|p2a: Gallade|0 fnt
|faint|p2a: Gallade
|inactive|chenjue陈珏 has 120 seconds left.
|
|t:|1743846215
|-end|p1a: 鼓鼓|Protosynthesis|[silent]
|switch|p1a: 少龙|Dragapult, M|100/100|[from] Volt Switch
|
|upkeep
|
|t:|1743846220
|switch|p2a: Greninja|Greninja, M|100/100
|turn|19
|
|t:|1743846226
|switch|p1a: 你是猛雷鼓？|Clodsire, M|77/100
|move|p2a: Greninja|Dark Pulse|p1a: 你是猛雷鼓？
|-crit|p1a: 你是猛雷鼓？
|-damage|p1a: 你是猛雷鼓？|51/100
|
|-heal|p1a: 你是猛雷鼓？|58/100|[from] item: Leftovers
|upkeep
|turn|20
|
|t:|1743846239
|move|p2a: Greninja|Ice Beam|p1a: 你是猛雷鼓？
|-supereffective|p1a: 你是猛雷鼓？
|-damage|p1a: 你是猛雷鼓？|29/100
|-status|p1a: 你是猛雷鼓？|frz
|cant|p1a: 你是猛雷鼓？|frz
|
|-heal|p1a: 你是猛雷鼓？|35/100 frz|[from] item: Leftovers
|upkeep
|turn|21
|
|t:|1743846246
|switch|p1a: 啊？|Alomomola, F|97/100
|move|p2a: Greninja|Ice Beam|p1a: 啊？
|-resisted|p1a: 啊？
|-damage|p1a: 啊？|81/100
|
|upkeep
|turn|22
|
|t:|1743846249
|move|p2a: Greninja|Dark Pulse|p1a: 啊？
|-damage|p1a: 啊？|35/100
|move|p1a: 啊？|Wish|p1a: 啊？
|
|upkeep
|turn|23
|
|t:|1743846255
|switch|p1a: 你是猛雷鼓？|Clodsire, M|35/100 frz
|move|p2a: Greninja|Dark Pulse|p1a: 你是猛雷鼓？
|-damage|p1a: 你是猛雷鼓？|17/100 frz
|
|-heal|p1a: 你是猛雷鼓？|74/100 frz|[from] move: Wish|[wisher] 啊？
|-heal|p1a: 你是猛雷鼓？|80/100 frz|[from] item: Leftovers
|upkeep
|turn|24
|
|t:|1743846259
|move|p2a: Greninja|Ice Beam|p1a: 你是猛雷鼓？
|-supereffective|p1a: 你是猛雷鼓？
|-damage|p1a: 你是猛雷鼓？|50/100 frz
|cant|p1a: 你是猛雷鼓？|frz
|
|-heal|p1a: 你是猛雷鼓？|56/100 frz|[from] item: Leftovers
|upkeep
|turn|25
|
|t:|1743846262
|move|p2a: Greninja|Ice Beam|p1a: 你是猛雷鼓？
|-supereffective|p1a: 你是猛雷鼓？
|-damage|p1a: 你是猛雷鼓？|28/100 frz
|cant|p1a: 你是猛雷鼓？|frz
|
|-heal|p1a: 你是猛雷鼓？|34/100 frz|[from] item: Leftovers
|upkeep
|turn|26
|
|t:|1743846266
|switch|p1a: 啊？|Alomomola, F|68/100
|move|p2a: Greninja|Ice Beam|p1a: 啊？
|-resisted|p1a: 啊？
|-damage|p1a: 啊？|53/100
|
|upkeep
|turn|27
|
|t:|1743846272
|move|p1a: 啊？|Protect|p1a: 啊？
|-singleturn|p1a: 啊？|Protect
|move|p2a: Greninja|Dark Pulse|p1a: 啊？
|-activate|p1a: 啊？|move: Protect
|
|upkeep
|turn|28
|
|t:|1743846278
|move|p2a: Greninja|Dark Pulse|p1a: 啊？
|-damage|p1a: 啊？|9/100
|cant|p1a: 啊？|flinch
|
|upkeep
|turn|29
|
|t:|1743846283
|switch|p1a: 你是猛雷鼓？|Clodsire, M|34/100 frz
|move|p2a: Greninja|Dark Pulse|p1a: 你是猛雷鼓？
|-damage|p1a: 你是猛雷鼓？|15/100 frz
|
|-heal|p1a: 你是猛雷鼓？|21/100 frz|[from] item: Leftovers
|upkeep
|turn|30
|
|t:|1743846288
|move|p2a: Greninja|Ice Beam|p1a: 你是猛雷鼓？
|-supereffective|p1a: 你是猛雷鼓？
|-damage|p1a: 你是猛雷鼓？|0 fnt
|faint|p1a: 你是猛雷鼓？
|-ability|p2a: Greninja|Battle Bond|boost
|-boost|p2a: Greninja|atk|1
|-boost|p2a: Greninja|spa|1
|-boost|p2a: Greninja|spe|1
|-activate|p2a: Greninja|ability: Battle Bond
|
|upkeep
|
|t:|1743846292
|switch|p1a: 鼓鼓|Raging Bolt, tera:Flying|100/100
|turn|31
|
|t:|1743846297
|-terastallize|p2a: Greninja|Ground
|move|p2a: Greninja|Ice Beam|p1a: 鼓鼓
|-supereffective|p1a: 鼓鼓
|-damage|p1a: 鼓鼓|39/100
|move|p1a: 鼓鼓|Thunderbolt|p2a: Greninja
|-immune|p2a: Greninja
|
|upkeep
|turn|32
|
|t:|1743846303
|move|p2a: Greninja|Ice Beam|p1a: 鼓鼓
|-supereffective|p1a: 鼓鼓
|-damage|p1a: 鼓鼓|0 fnt
|faint|p1a: 鼓鼓
|-end|p1a: 鼓鼓|Protosynthesis|[silent]
|
|upkeep
|
|t:|1743846306
|switch|p1a: 大将！|Kingambit, M|100/100
|-activate|p1a: 大将！|ability: Supreme Overlord
|-start|p1a: 大将！|fallen2|[silent]
|turn|33
|
|t:|1743846309
|move|p2a: Greninja|Upper Hand|p1a: 大将！
|-supereffective|p1a: 大将！
|-damage|p1a: 大将！|39/100
|cant|p1a: 大将！|flinch
|
|upkeep
|turn|34
|
|t:|1743846316
|move|p1a: 大将！|Sucker Punch|p2a: Greninja
|-damage|p2a: Greninja|0 fnt
|faint|p2a: Greninja
|
|upkeep
|
|t:|1743846330
|switch|p2a: Quaquaval|Quaquaval, F|91/100
|turn|35
|
|t:|1743846344
|-end|p1a: 大将！|fallen2|[silent]
|switch|p1a: 啊？|Alomomola, F|42/100
|move|p2a: Quaquaval|Aqua Step|p1a: 啊？
|-resisted|p1a: 啊？
|-damage|p1a: 啊？|25/100
|-boost|p2a: Quaquaval|spe|1
|
|upkeep
|turn|36
|inactive|buda88888 has 120 seconds left.
|
|t:|1743846378
|move|p2a: Quaquaval|Aqua Step|p1a: 啊？
|-resisted|p1a: 啊？
|-damage|p1a: 啊？|10/100
|-boost|p2a: Quaquaval|spe|1
|move|p1a: 啊？|Wish|p1a: 啊？
|
|upkeep
|turn|37
|
|t:|1743846384
|move|p1a: 啊？|Protect|p1a: 啊？
|-singleturn|p1a: 啊？|Protect
|move|p2a: Quaquaval|Aqua Step|p1a: 啊？
|-activate|p1a: 啊？|move: Protect
|
|-heal|p1a: 啊？|60/100|[from] move: Wish|[wisher] 啊？
|upkeep
|turn|38
|
|t:|1743846387
|move|p2a: Quaquaval|Aqua Step|p1a: 啊？
|-resisted|p1a: 啊？
|-damage|p1a: 啊？|43/100
|-boost|p2a: Quaquaval|spe|1
|move|p1a: 啊？|Wish|p1a: 啊？
|
|upkeep
|turn|39
|
|t:|1743846392
|move|p1a: 啊？|Protect|p1a: 啊？
|-singleturn|p1a: 啊？|Protect
|move|p2a: Quaquaval|Aqua Step|p1a: 啊？
|-activate|p1a: 啊？|move: Protect
|
|-heal|p1a: 啊？|93/100|[from] move: Wish|[wisher] 啊？
|upkeep
|turn|40
|
|t:|1743846395
|move|p2a: Quaquaval|Aqua Step|p1a: 啊？
|-resisted|p1a: 啊？
|-damage|p1a: 啊？|77/100
|-boost|p2a: Quaquaval|spe|1
|move|p1a: 啊？|Wish|p1a: 啊？
|
|upkeep
|turn|41
|
|t:|1743846406
|move|p2a: Quaquaval|Aqua Step|p1a: 啊？
|-resisted|p1a: 啊？
|-damage|p1a: 啊？|61/100
|-boost|p2a: Quaquaval|spe|1
|move|p1a: 啊？|Flip Turn|p2a: Quaquaval
|-resisted|p2a: Quaquaval
|-damage|p2a: Quaquaval|80/100
|
|t:|1743846408
|switch|p1a: 大将！|Kingambit, M|39/100|[from] Flip Turn
|-activate|p1a: 大将！|ability: Supreme Overlord
|-start|p1a: 大将！|fallen2|[silent]
|
|-heal|p1a: 大将！|100/100|[from] move: Wish|[wisher] 啊？
|upkeep
|turn|42
|
|t:|1743846412
|-end|p1a: 大将！|fallen2|[silent]
|switch|p1a: 啊？|Alomomola, F|95/100
|move|p2a: Quaquaval|Aqua Step|p1a: 啊？
|-resisted|p1a: 啊？
|-damage|p1a: 啊？|80/100
|-boost|p2a: Quaquaval|spe|1
|
|upkeep
|turn|43
|
|t:|1743846416
|move|p2a: Quaquaval|Aqua Step|p1a: 啊？
|-resisted|p1a: 啊？
|-damage|p1a: 啊？|64/100
|move|p1a: 啊？|Ice Beam|p2a: Quaquaval
|-resisted|p2a: Quaquaval
|-damage|p2a: Quaquaval|73/100
|
|upkeep
|turn|44
|
|t:|1743846420
|move|p2a: Quaquaval|Aqua Step|p1a: 啊？
|-resisted|p1a: 啊？
|-damage|p1a: 啊？|47/100
|move|p1a: 啊？|Ice Beam|p2a: Quaquaval
|-resisted|p2a: Quaquaval
|-damage|p2a: Quaquaval|65/100
|
|upkeep
|turn|45
|
|t:|1743846425
|move|p2a: Quaquaval|Aqua Step|p1a: 啊？
|-resisted|p1a: 啊？
|-damage|p1a: 啊？|31/100
|move|p1a: 啊？|Wish|p1a: 啊？
|
|upkeep
|turn|46
|
|t:|1743846429
|move|p1a: 啊？|Protect|p1a: 啊？
|-singleturn|p1a: 啊？|Protect
|move|p2a: Quaquaval|Aqua Step|p1a: 啊？
|-activate|p1a: 啊？|move: Protect
|
|-heal|p1a: 啊？|81/100|[from] move: Wish|[wisher] 啊？
|upkeep
|turn|47
|
|t:|1743846434
|move|p2a: Quaquaval|Aqua Step|p1a: 啊？
|-resisted|p1a: 啊？
|-damage|p1a: 啊？|66/100
|move|p1a: 啊？|Wish|p1a: 啊？
|
|upkeep
|turn|48
|
|t:|1743846437
|move|p2a: Quaquaval|Aqua Step|p1a: 啊？
|-resisted|p1a: 啊？
|-damage|p1a: 啊？|50/100
|move|p1a: 啊？|Ice Beam|p2a: Quaquaval
|-resisted|p2a: Quaquaval
|-damage|p2a: Quaquaval|58/100
|
|-heal|p1a: 啊？|100/100|[from] move: Wish|[wisher] 啊？
|upkeep
|turn|49
|
|t:|1743846440
|move|p1a: 啊？|Protect|p1a: 啊？
|-singleturn|p1a: 啊？|Protect
|move|p2a: Quaquaval|Aqua Step|p1a: 啊？
|-activate|p1a: 啊？|move: Protect
|
|upkeep
|turn|50
|
|t:|1743846446
|-activate|p2a: Quaquaval|move: Struggle
|move|p2a: Quaquaval|Struggle|p1a: 啊？
|-damage|p1a: 啊？|88/100
|-damage|p2a: Quaquaval|33/100|[from] recoil
|move|p1a: 啊？|Flip Turn|p2a: Quaquaval
|-resisted|p2a: Quaquaval
|-damage|p2a: Quaquaval|22/100
|
|t:|1743846449
|switch|p1a: 大将！|Kingambit, M|100/100|[from] Flip Turn
|-activate|p1a: 大将！|ability: Supreme Overlord
|-start|p1a: 大将！|fallen2|[silent]
|
|upkeep
|turn|51
|
|t:|1743846452
|-end|p1a: 大将！|fallen2|[silent]
|switch|p1a: 啊？|Alomomola, F|100/100
|-activate|p2a: Quaquaval|move: Struggle
|move|p2a: Quaquaval|Struggle|p1a: 啊？
|-damage|p1a: 啊？|88/100
|-damage|p2a: Quaquaval|0 fnt|[from] recoil
|faint|p2a: Quaquaval
|
|upkeep
|-message|buda88888 forfeited.
|
|win|chenjue陈珏
|raw|chenjue陈珏's rating: 1216 &rarr; <strong>1241</strong><br />(+25 for winning)
|raw|buda88888's rating: 1222 &rarr; <strong>1197</strong><br />(-25 for losing)
|l|☆buda88888
|player|p2|
|l|☆chenjue陈珏
|player|p1|
