|j|☆Grunkle G.
|j|☆you. clouds. rain
|t:|1743778485
|gametype|singles
|player|p1|Grunkle G.|sonia-professor|1562
|player|p2|you. clouds. rain|lyra|1609
|teamsize|p1|6
|teamsize|p2|6
|gen|9
|tier|[Gen 9] OU
|rated|
|rule|HP Percentage Mod: HP is shown in percentages
|rule|Endless Battle Clause: Forcing endless battles is banned
|rule|Species Clause: Limit one of each Pokémon
|rule|OHKO Clause: OHKO moves are banned
|rule|Evasion Items Clause: Evasion items are banned
|rule|Evasion Moves Clause: Evasion moves are banned
|rule|Sleep Moves Clause: Sleep-inducing moves are banned
|clearpoke
|poke|p1|Weavile, F|
|poke|p1|Sinistcha-Masterpiece|
|poke|p1|Ting-Lu|
|poke|p1|Tinkaton, F|
|poke|p1|Keldeo|
|poke|p1|Dragonite, M|
|poke|p2|Keldeo-Resolute|
|poke|p2|Weavile, F|
|poke|p2|Serperior, F|
|poke|p2|Zapdos|
|poke|p2|Hatterene, F|
|poke|p2|Landorus-Therian, M|
|teampreview
|inactive|Battle timer is ON: inactive players will automatically lose when time's up. (requested by Grunkle G.)
|inactive|Grunkle G. has 120 seconds left.
|inactive|Grunkle G. has 90 seconds left.
|l|☆you. clouds. rain
|inactive|you. clouds. rain disconnected and has a minute to reconnect!
|player|p2|
|j|☆you. clouds. rain
|inactive|you. clouds. rain reconnected.
|player|p2|you. clouds. rain|lyra|
|inactive|Grunkle G. has 60 seconds left.
|
|t:|1743778582
|start
|switch|p1a: Tink Floyd|Tinkaton, F|100/100
|switch|p2a: Landorus|Landorus-Therian, M|100/100
|-ability|p1a: Tink Floyd|Mold Breaker
|-item|p1a: Tink Floyd|Air Balloon
|-ability|p2a: Landorus|Intimidate|boost
|-unboost|p1a: Tink Floyd|atk|1
|turn|1
|inactive|Grunkle G. has 120 seconds left.
|
|t:|1743778588
|move|p1a: Tink Floyd|Stealth Rock|p2a: Landorus
|-sidestart|p2: you. clouds. rain|move: Stealth Rock
|move|p2a: Landorus|Stone Edge|p1a: Tink Floyd
|-resisted|p1a: Tink Floyd
|-damage|p1a: Tink Floyd|79/100
|-enditem|p1a: Tink Floyd|Air Balloon
|
|upkeep
|turn|2
|
|t:|1743778593
|move|p1a: Tink Floyd|Encore|p2a: Landorus
|-start|p2a: Landorus|Encore
|move|p2a: Landorus|Stone Edge|p1a: Tink Floyd|[miss]
|-miss|p2a: Landorus|p1a: Tink Floyd
|
|upkeep
|turn|3
|
|t:|1743778600
|switch|p2a: Serperior|Serperior, F, shiny|100/100
|-damage|p2a: Serperior|88/100|[from] Stealth Rock
|move|p1a: Tink Floyd|Gigaton Hammer|p2a: Serperior
|-damage|p2a: Serperior|59/100
|
|-heal|p2a: Serperior|65/100|[from] item: Leftovers
|upkeep
|turn|4
|
|t:|1743778605
|switch|p2a: Landorus|Landorus-Therian, M|100/100
|-damage|p2a: Landorus|88/100|[from] Stealth Rock
|-ability|p2a: Landorus|Intimidate|boost
|-unboost|p1a: Tink Floyd|atk|1
|move|p1a: Tink Floyd|Thunder Wave|p2a: Landorus
|-immune|p2a: Landorus
|
|upkeep
|turn|5
|
|t:|1743778613
|switch|p1a: Mega in Z-A Copium|Dragonite, M|100/100
|move|p2a: Landorus|Stealth Rock|p1a: Mega in Z-A Copium
|-sidestart|p1: Grunkle G.|move: Stealth Rock
|
|upkeep
|turn|6
|
|t:|1743778626
|switch|p1a: Runneth Over|Sinistcha-Masterpiece|100/100
|move|p2a: Landorus|U-turn|p1a: Runneth Over
|-damage|p1a: Runneth Over|83/100
|
|t:|1743778631
|switch|p2a: Serperior|Serperior, F, shiny|65/100|[from] U-turn
|-damage|p2a: Serperior|53/100|[from] Stealth Rock
|
|-heal|p2a: Serperior|59/100|[from] item: Leftovers
|upkeep
|turn|7
|
|t:|1743778640
|switch|p1a: Tink Floyd|Tinkaton, F|79/100
|-damage|p1a: Tink Floyd|72/100|[from] Stealth Rock
|-ability|p1a: Tink Floyd|Mold Breaker
|move|p2a: Serperior|Glare|p1a: Tink Floyd
|-status|p1a: Tink Floyd|par
|
|-heal|p2a: Serperior|65/100|[from] item: Leftovers
|upkeep
|turn|8
|
|t:|1743778647
|switch|p2a: Landorus|Landorus-Therian, M|88/100
|-damage|p2a: Landorus|76/100|[from] Stealth Rock
|-ability|p2a: Landorus|Intimidate|boost
|-unboost|p1a: Tink Floyd|atk|1
|cant|p1a: Tink Floyd|par
|
|upkeep
|turn|9
|
|t:|1743778660
|switch|p1a: Runneth Over|Sinistcha-Masterpiece|83/100
|move|p2a: Landorus|U-turn|p1a: Runneth Over
|-crit|p1a: Runneth Over
|-damage|p1a: Runneth Over|56/100
|
|t:|1743778665
|switch|p2a: Serperior|Serperior, F, shiny|65/100|[from] U-turn
|-damage|p2a: Serperior|53/100|[from] Stealth Rock
|
|-heal|p2a: Serperior|59/100|[from] item: Leftovers
|upkeep
|turn|10
|
|t:|1743778670
|switch|p1a: Tink Floyd|Tinkaton, F|72/100 par
|-damage|p1a: Tink Floyd|66/100 par|[from] Stealth Rock
|-ability|p1a: Tink Floyd|Mold Breaker
|move|p2a: Serperior|Leaf Storm|p1a: Tink Floyd
|-resisted|p1a: Tink Floyd
|-damage|p1a: Tink Floyd|51/100 par
|-boost|p2a: Serperior|spa|2
|
|-heal|p2a: Serperior|65/100|[from] item: Leftovers
|upkeep
|turn|11
|
|t:|1743778678
|move|p2a: Serperior|Leaf Storm|p1a: Tink Floyd
|-resisted|p1a: Tink Floyd
|-damage|p1a: Tink Floyd|22/100 par
|-boost|p2a: Serperior|spa|2
|move|p1a: Tink Floyd|Thunder Wave|p2a: Serperior
|-status|p2a: Serperior|par
|
|-heal|p2a: Serperior|72/100 par|[from] item: Leftovers
|upkeep
|turn|12
|
|t:|1743778686
|cant|p2a: Serperior|par
|move|p1a: Tink Floyd|Gigaton Hammer|p2a: Serperior
|-damage|p2a: Serperior|24/100 par
|
|-heal|p2a: Serperior|30/100 par|[from] item: Leftovers
|upkeep
|turn|13
|
|t:|1743778693
|move|p2a: Serperior|Synthesis|p2a: Serperior
|-heal|p2a: Serperior|80/100 par
|move|p1a: Tink Floyd|Encore|p2a: Serperior
|-start|p2a: Serperior|Encore
|
|-heal|p2a: Serperior|86/100 par|[from] item: Leftovers
|upkeep
|turn|14
|
|t:|1743778699
|switch|p2a: Landorus|Landorus-Therian, M|76/100
|-damage|p2a: Landorus|64/100|[from] Stealth Rock
|-ability|p2a: Landorus|Intimidate|boost
|-unboost|p1a: Tink Floyd|atk|1
|move|p1a: Tink Floyd|Thunder Wave|p2a: Landorus
|-immune|p2a: Landorus
|
|upkeep
|turn|15
|
|t:|1743778707
|move|p2a: Landorus|U-turn|p1a: Tink Floyd
|-resisted|p1a: Tink Floyd
|-damage|p1a: Tink Floyd|14/100 par
|
|t:|1743778709
|switch|p2a: Serperior|Serperior, F, shiny|86/100 par|[from] U-turn
|-damage|p2a: Serperior|74/100 par|[from] Stealth Rock
|cant|p1a: Tink Floyd|par
|
|-heal|p2a: Serperior|80/100 par|[from] item: Leftovers
|upkeep
|turn|16
|
|t:|1743778714
|move|p2a: Serperior|Leaf Storm|p1a: Tink Floyd
|-resisted|p1a: Tink Floyd
|-damage|p1a: Tink Floyd|0 fnt
|-boost|p2a: Serperior|spa|2
|faint|p1a: Tink Floyd
|
|-heal|p2a: Serperior|86/100 par|[from] item: Leftovers
|upkeep
|
|t:|1743778722
|switch|p1a: Shanoa|Weavile, F|100/100
|-ability|p1a: Shanoa|Pressure
|turn|17
|
|t:|1743778727
|move|p1a: Shanoa|Swords Dance|p1a: Shanoa
|-boost|p1a: Shanoa|atk|2
|move|p2a: Serperior|Glare|p1a: Shanoa
|-status|p1a: Shanoa|par
|
|-heal|p2a: Serperior|93/100 par|[from] item: Leftovers
|upkeep
|turn|18
|
|t:|1743778734
|cant|p1a: Shanoa|par
|move|p2a: Serperior|Leaf Storm|p1a: Shanoa
|-damage|p1a: Shanoa|3/100 par
|-boost|p2a: Serperior|spa|2
|
|-heal|p2a: Serperior|99/100 par|[from] item: Leftovers
|upkeep
|turn|19
|
|t:|1743778738
|move|p1a: Shanoa|Triple Axel|p2a: Serperior
|-supereffective|p2a: Serperior
|-damage|p2a: Serperior|57/100 par
|-supereffective|p2a: Serperior
|-damage|p2a: Serperior|0 fnt
|faint|p2a: Serperior
|-hitcount|p2: Serperior|2
|
|upkeep
|
|t:|1743778742
|switch|p2a: Weavile|Weavile, F|100/100
|-damage|p2a: Weavile|76/100|[from] Stealth Rock
|-ability|p2a: Weavile|Pressure
|turn|20
|
|t:|1743778746
|move|p2a: Weavile|Ice Shard|p1a: Shanoa
|-resisted|p1a: Shanoa
|-damage|p1a: Shanoa|0 fnt
|faint|p1a: Shanoa
|
|upkeep
|
|t:|1743778748
|switch|p1a: KelDio|Keldeo|100/100
|turn|21
|
|t:|1743778753
|switch|p2a: Hatterene|Hatterene, F|100/100
|-damage|p2a: Hatterene|88/100|[from] Stealth Rock
|move|p1a: KelDio|Surf|p2a: Hatterene
|-damage|p2a: Hatterene|59/100
|
|upkeep
|turn|22
|
|t:|1743778758
|move|p1a: KelDio|Flip Turn|p2a: Hatterene
|-damage|p2a: Hatterene|44/100
|
|t:|1743778762
|switch|p1a: Fallen Tingdom|Ting-Lu|100/100|[from] Flip Turn
|-damage|p1a: Fallen Tingdom|94/100|[from] Stealth Rock
|-ability|p1a: Fallen Tingdom|Vessel of Ruin
|move|p2a: Hatterene|Draining Kiss|p1a: Fallen Tingdom
|-supereffective|p1a: Fallen Tingdom
|-damage|p1a: Fallen Tingdom|70/100
|-heal|p2a: Hatterene|74/100|[from] drain|[of] p1a: Fallen Tingdom
|
|-heal|p1a: Fallen Tingdom|76/100|[from] item: Leftovers
|upkeep
|turn|23
|
|t:|1743778766
|move|p1a: Fallen Tingdom|Earthquake|p2a: Hatterene
|-damage|p2a: Hatterene|34/100
|move|p2a: Hatterene|Draining Kiss|p1a: Fallen Tingdom
|-supereffective|p1a: Fallen Tingdom
|-damage|p1a: Fallen Tingdom|51/100
|-heal|p2a: Hatterene|64/100|[from] drain|[of] p1a: Fallen Tingdom
|
|-heal|p1a: Fallen Tingdom|57/100|[from] item: Leftovers
|upkeep
|turn|24
|
|t:|1743778769
|move|p1a: Fallen Tingdom|Earthquake|p2a: Hatterene
|-damage|p2a: Hatterene|17/100
|move|p2a: Hatterene|Draining Kiss|p1a: Fallen Tingdom
|-supereffective|p1a: Fallen Tingdom
|-damage|p1a: Fallen Tingdom|33/100
|-heal|p2a: Hatterene|47/100|[from] drain|[of] p1a: Fallen Tingdom
|
|-heal|p1a: Fallen Tingdom|39/100|[from] item: Leftovers
|upkeep
|turn|25
|
|t:|1743778772
|switch|p2a: Landorus|Landorus-Therian, M|64/100
|-damage|p2a: Landorus|52/100|[from] Stealth Rock
|-ability|p2a: Landorus|Intimidate|boost
|-unboost|p1a: Fallen Tingdom|atk|1
|move|p1a: Fallen Tingdom|Earthquake|p2a: Landorus
|-immune|p2a: Landorus
|
|-heal|p1a: Fallen Tingdom|45/100|[from] item: Leftovers
|upkeep
|turn|26
|
|t:|1743778776
|move|p2a: Landorus|U-turn|p1a: Fallen Tingdom
|-supereffective|p1a: Fallen Tingdom
|-damage|p1a: Fallen Tingdom|19/100
|
|t:|1743778778
|switch|p2a: Hatterene|Hatterene, F|47/100|[from] U-turn
|-damage|p2a: Hatterene|35/100|[from] Stealth Rock
|move|p1a: Fallen Tingdom|Spikes|p2a: Hatterene
|move|p2a: Hatterene|Spikes|p1a: Fallen Tingdom|[from] ability: Magic Bounce
|-sidestart|p1: Grunkle G.|Spikes
|
|-heal|p1a: Fallen Tingdom|25/100|[from] item: Leftovers
|upkeep
|turn|27
|-message|Grunkle G. forfeited.
|
|win|you. clouds. rain
|raw|Grunkle G.'s rating: 1562 &rarr; <strong>1545</strong><br />(-17 for losing)
|raw|you. clouds. rain's rating: 1609 &rarr; <strong>1626</strong><br />(+17 for winning)
|l|☆Grunkle G.
|player|p1|
|l|☆you. clouds. rain
|player|p2|
