|j|☆ian_yo
|j|☆uniandes5
|t:|1743890118
|gametype|singles
|player|p1|ian_yo|skier|1451
|player|p2|uniandes5|266|1528
|teamsize|p1|6
|teamsize|p2|6
|gen|9
|tier|[Gen 9] OU
|rated|
|rule|HP Percentage Mod: HP is shown in percentages
|rule|Endless Battle Clause: Forcing endless battles is banned
|rule|Species Clause: Limit one of each Pokémon
|rule|OHKO Clause: OHKO moves are banned
|rule|Evasion Items Clause: Evasion items are banned
|rule|Evasion Moves Clause: Evasion moves are banned
|rule|Sleep Moves Clause: Sleep-inducing moves are banned
|clearpoke
|poke|p1|Torkoal, F|
|poke|p1|Klefki, F|
|poke|p1|Hatterene, F|
|poke|p1|Cresselia, F|
|poke|p1|Rabsca, M|
|poke|p1|Hattrem, F|
|poke|p2|Torkoal, F|
|poke|p2|Hatterene, F|
|poke|p2|Walking Wake|
|poke|p2|Great Tusk|
|poke|p2|Charizard, F|
|poke|p2|Latias, F|
|teampreview
|inactive|Battle timer is ON: inactive players will automatically lose when time's up. (requested by ian_yo)
|inactive|uniandes5 has 120 seconds left.
|
|t:|1743890166
|start
|switch|p1a: Hattrem|Hattrem, F|100/100
|switch|p2a: Walking Wake|Walking Wake|100/100
|turn|1
|
|t:|1743890170
|move|p2a: Walking Wake|Knock Off|p1a: Hattrem
|-supereffective|p1a: Hattrem
|-damage|p1a: Hattrem|67/100
|-enditem|p1a: Hattrem|Focus Sash|[from] move: Knock Off|[of] p2a: Walking Wake
|move|p1a: Hattrem|Trick Room|p1a: Hattrem
|-fieldstart|move: Trick Room|[of] p1a: Hattrem
|
|upkeep
|turn|2
|
|t:|1743890177
|-end|p2a: Walking Wake|Protosynthesis|[silent]
|switch|p2a: Torkoal|Torkoal, F|100/100
|-weather|SunnyDay|[from] ability: Drought|[of] p2a: Torkoal
|move|p1a: Hattrem|Psychic|p2a: Torkoal
|-damage|p2a: Torkoal|67/100
|
|-weather|SunnyDay|[upkeep]
|upkeep
|turn|3
|
|t:|1743890185
|switch|p2a: Hatterene|Hatterene, F|100/100
|move|p1a: Hattrem|Healing Wish|p1a: Hattrem
|faint|p1a: Hattrem
|
|-weather|SunnyDay|[upkeep]
|upkeep
|
|t:|1743890188
|switch|p1a: Torkoal|Torkoal, F|100/100
|turn|4
|
|t:|1743890195
|switch|p2a: Torkoal|Torkoal, F|67/100
|-terastallize|p1a: Torkoal|Fire
|move|p1a: Torkoal|Eruption|p2a: Torkoal
|-resisted|p2a: Torkoal
|-damage|p2a: Torkoal|0 fnt
|faint|p2a: Torkoal
|
|-weather|SunnyDay|[upkeep]
|upkeep
|
|t:|1743890211
|switch|p2a: Walking Wake|Walking Wake|100/100
|-activate|p2a: Walking Wake|ability: Protosynthesis
|-start|p2a: Walking Wake|protosynthesisspe
|turn|5
|
|t:|1743890216
|switch|p1a: Klefki|Klefki, F|100/100
|move|p2a: Walking Wake|Hydro Steam|p1a: Klefki
|-damage|p1a: Klefki|27/100
|
|-weather|SunnyDay|[upkeep]
|-fieldend|move: Trick Room
|upkeep
|turn|6
|
|t:|1743890219
|move|p1a: Klefki|Spikes|p2a: Walking Wake
|-sidestart|p2: uniandes5|Spikes
|move|p2a: Walking Wake|Hydro Steam|p1a: Klefki
|-damage|p1a: Klefki|0 fnt
|faint|p1a: Klefki
|
|-weather|SunnyDay|[upkeep]
|upkeep
|
|t:|1743890222
|switch|p1a: Hatterene|Hatterene, F|100/100
|turn|7
|
|t:|1743890226
|move|p2a: Walking Wake|Hydro Steam|p1a: Hatterene
|-damage|p1a: Hatterene|34/100
|move|p1a: Hatterene|Dazzling Gleam|p2a: Walking Wake
|-supereffective|p2a: Walking Wake
|-damage|p2a: Walking Wake|22/100
|
|-weather|SunnyDay|[upkeep]
|upkeep
|turn|8
|
|t:|1743890231
|move|p2a: Walking Wake|Hydro Steam|p1a: Hatterene
|-damage|p1a: Hatterene|0 fnt
|faint|p1a: Hatterene
|
|-weather|SunnyDay|[upkeep]
|upkeep
|
|t:|1743890241
|switch|p1a: Rabsca|Rabsca, M|100/100
|turn|9
|
|t:|1743890244
|move|p2a: Walking Wake|Flamethrower|p1a: Rabsca
|-supereffective|p1a: Rabsca
|-damage|p1a: Rabsca|12/100
|move|p1a: Rabsca|Trick Room|p1a: Rabsca
|-fieldstart|move: Trick Room|[of] p1a: Rabsca
|
|-weather|none
|-end|p2a: Walking Wake|Protosynthesis
|upkeep
|turn|10
|
|t:|1743890256
|move|p1a: Rabsca|Revival Blessing|p1a: Rabsca
|
|t:|1743890260
|-heal|p1: Hatterene|50/100|[from] move: Revival Blessing
|move|p2a: Walking Wake|Knock Off|p1a: Rabsca
|-supereffective|p1a: Rabsca
|-damage|p1a: Rabsca|0 fnt
|-enditem|p1a: Rabsca|Focus Sash|[from] move: Knock Off|[of] p2a: Walking Wake
|faint|p1a: Rabsca
|
|upkeep
|
|t:|1743890262
|switch|p1a: Torkoal|Torkoal, F, tera:Fire|100/100
|-weather|SunnyDay|[from] ability: Drought|[of] p1a: Torkoal
|-activate|p2a: Walking Wake|ability: Protosynthesis
|-start|p2a: Walking Wake|protosynthesisspe
|turn|11
|
|t:|1743890267
|move|p1a: Torkoal|Eruption|p2a: Walking Wake
|-resisted|p2a: Walking Wake
|-damage|p2a: Walking Wake|0 fnt
|faint|p2a: Walking Wake
|-end|p2a: Walking Wake|Protosynthesis|[silent]
|
|-weather|SunnyDay|[upkeep]
|upkeep
|
|t:|1743890282
|switch|p2a: StallMelter9000|Charizard, F|100/100
|turn|12
|
|t:|1743890290
|move|p1a: Torkoal|Eruption|p2a: StallMelter9000
|-resisted|p2a: StallMelter9000
|-damage|p2a: StallMelter9000|0 fnt
|faint|p2a: StallMelter9000
|
|-weather|SunnyDay|[upkeep]
|upkeep
|
|t:|1743890298
|switch|p2a: Latias|Latias, F|100/100
|turn|13
|
|t:|1743890302
|move|p1a: Torkoal|Eruption|p2a: Latias
|-resisted|p2a: Latias
|-damage|p2a: Latias|30/100
|move|p2a: Latias|Calm Mind|p2a: Latias
|-boost|p2a: Latias|spa|1
|-boost|p2a: Latias|spd|1
|
|-weather|SunnyDay|[upkeep]
|-fieldend|move: Trick Room
|upkeep
|turn|14
|
|t:|1743890308
|switch|p1a: Hatterene|Hatterene, F|50/100
|-heal|p1a: Hatterene|100/100|[from] move: Healing Wish
|move|p2a: Latias|Stored Power|p1a: Hatterene
|-resisted|p1a: Hatterene
|-damage|p1a: Hatterene|83/100
|
|-weather|SunnyDay|[upkeep]
|upkeep
|turn|15
|
|t:|1743890312
|move|p2a: Latias|Calm Mind|p2a: Latias
|-boost|p2a: Latias|spa|1
|-boost|p2a: Latias|spd|1
|move|p1a: Hatterene|Trick Room|p1a: Hatterene
|-fieldstart|move: Trick Room|[of] p1a: Hatterene
|
|-weather|none
|upkeep
|turn|16
|
|t:|1743890317
|move|p1a: Hatterene|Dazzling Gleam|p2a: Latias
|-supereffective|p2a: Latias
|-damage|p2a: Latias|0 fnt
|faint|p2a: Latias
|
|upkeep
|
|t:|1743890327
|switch|p2a: Hatterene|Hatterene, F|100/100
|-damage|p2a: Hatterene|88/100|[from] Spikes
|turn|17
|
|t:|1743890332
|switch|p1a: Torkoal|Torkoal, F, tera:Fire|100/100
|-weather|SunnyDay|[from] ability: Drought|[of] p1a: Torkoal
|move|p2a: Hatterene|Nuzzle|p1a: Torkoal
|-damage|p1a: Torkoal|97/100
|-status|p1a: Torkoal|par
|
|-weather|SunnyDay|[upkeep]
|upkeep
|turn|18
|
|t:|1743890339
|cant|p1a: Torkoal|par
|move|p2a: Hatterene|Dazzling Gleam|p1a: Torkoal
|-resisted|p1a: Torkoal
|-damage|p1a: Torkoal|74/100 par
|
|-weather|SunnyDay|[upkeep]
|upkeep
|turn|19
|
|t:|1743890346
|move|p1a: Torkoal|Weather Ball|p2a: Hatterene
|-damage|p2a: Hatterene|0 fnt
|faint|p2a: Hatterene
|
|-weather|SunnyDay|[upkeep]
|-fieldend|move: Trick Room
|upkeep
|
|t:|1743890350
|switch|p2a: Great Tusk|Great Tusk|100/100
|-damage|p2a: Great Tusk|88/100|[from] Spikes
|-activate|p2a: Great Tusk|ability: Protosynthesis
|-start|p2a: Great Tusk|protosynthesisatk
|turn|20
|
|t:|1743890356
|switch|p1a: Hatterene|Hatterene, F|83/100
|move|p2a: Great Tusk|Knock Off|p1a: Hatterene
|-damage|p1a: Hatterene|36/100
|-enditem|p1a: Hatterene|Focus Sash|[from] move: Knock Off|[of] p2a: Great Tusk
|
|-weather|SunnyDay|[upkeep]
|upkeep
|turn|21
|
|t:|1743890361
|move|p2a: Great Tusk|Knock Off|p1a: Hatterene
|-damage|p1a: Hatterene|0 fnt
|faint|p1a: Hatterene
|
|-weather|none
|-end|p2a: Great Tusk|Protosynthesis
|upkeep
|
|t:|1743890362
|switch|p1a: Cresselia|Cresselia, F|100/100
|turn|22
|
|t:|1743890365
|move|p2a: Great Tusk|Knock Off|p1a: Cresselia
|-supereffective|p1a: Cresselia
|-damage|p1a: Cresselia|53/100
|-enditem|p1a: Cresselia|Mental Herb|[from] move: Knock Off|[of] p2a: Great Tusk
|move|p1a: Cresselia|Trick Room|p1a: Cresselia
|-fieldstart|move: Trick Room|[of] p1a: Cresselia
|
|upkeep
|turn|23
|
|t:|1743890370
|move|p1a: Cresselia|Lunar Dance|p1a: Cresselia
|faint|p1a: Cresselia
|move|p2a: Great Tusk|Knock Off|p1: Cresselia|[notarget]
|-fail|p2a: Great Tusk
|
|upkeep
|
|t:|1743890373
|switch|p1a: Torkoal|Torkoal, F, tera:Fire|74/100 par
|-heal|p1a: Torkoal|100/100|[from] move: Lunar Dance
|-weather|SunnyDay|[from] ability: Drought|[of] p1a: Torkoal
|-activate|p2a: Great Tusk|ability: Protosynthesis
|-start|p2a: Great Tusk|protosynthesisatk
|turn|24
|-message|uniandes5 forfeited.
|
|win|ian_yo
|raw|ian_yo's rating: 1470 &rarr; <strong>1493</strong><br />(+23 for winning)
|raw|uniandes5's rating: 1528 &rarr; <strong>1505</strong><br />(-23 for losing)
|l|☆uniandes5
|player|p2|
|l|☆ian_yo
|player|p1|
