|j|☆TeaPause
|j|☆Team BBIO 38
|t:|1743884500
|gametype|singles
|player|p1|TeaPause|waiter|1402
|player|p2|Team BBIO 38|dragontamer|1401
|teamsize|p1|6
|teamsize|p2|6
|gen|9
|tier|[Gen 9] OU
|rated|
|rule|HP Percentage Mod: HP is shown in percentages
|rule|Endless Battle Clause: Forcing endless battles is banned
|rule|Species Clause: Limit one of each Pokémon
|rule|OHKO Clause: OHKO moves are banned
|rule|Evasion Items Clause: Evasion items are banned
|rule|Evasion Moves Clause: Evasion moves are banned
|rule|Sleep Moves Clause: Sleep-inducing moves are banned
|clearpoke
|poke|p1|Scyther, M|
|poke|p1|Great Tusk|
|poke|p1|Magnezone|
|poke|p1|Weavile, F|
|poke|p1|Slowking, F|
|poke|p1|Iron Valiant|
|poke|p2|Dusclops, M|
|poke|p2|Blissey, F|
|poke|p2|Flamigo, M|
|poke|p2|Mimikyu, M|
|poke|p2|Rotom-Wash|
|poke|p2|Alcremie, F|
|teampreview
|inactive|Battle timer is ON: inactive players will automatically lose when time's up. (requested by Team BBIO 38)
|inactive|TeaPause also wants the timer to be on.
|
|t:|1743884520
|start
|switch|p1a: Magnezone|Magnezone|100/100
|switch|p2a: Blissey|Blissey, F|100/100
|turn|1
|
|t:|1743884525
|move|p1a: Magnezone|Body Press|p2a: Blissey
|-supereffective|p2a: Blissey
|-crit|p2a: Blissey
|-damage|p2a: Blissey|27/100
|move|p2a: Blissey|Stealth Rock|p1a: Magnezone
|-sidestart|p1: TeaPause|move: Stealth Rock
|
|-heal|p2a: Blissey|33/100|[from] item: Leftovers
|upkeep
|turn|2
|
|t:|1743884538
|switch|p2a: Dusclops|Dusclops, M|100/100
|-item|p1a: Magnezone|Assault Vest|[from] ability: Frisk|[of] p2a: Dusclops
|move|p1a: Magnezone|Volt Switch|p2a: Dusclops
|-damage|p2a: Dusclops|70/100
|
|t:|1743884548
|switch|p1a: Iron Valiant|Iron Valiant|100/100|[from] Volt Switch
|-damage|p1a: Iron Valiant|94/100|[from] Stealth Rock
|
|upkeep
|turn|3
|
|t:|1743884552
|switch|p2a: Blissey|Blissey, F|33/100
|move|p1a: Iron Valiant|Trick|p2a: Blissey
|-activate|p1a: Iron Valiant|move: Trick|[of] p2a: Blissey
|-item|p2a: Blissey|Choice Scarf|[from] move: Trick
|-item|p1a: Iron Valiant|Leftovers|[from] move: Trick
|
|-heal|p1a: Iron Valiant|100/100|[from] item: Leftovers
|upkeep
|turn|4
|
|t:|1743884561
|move|p1a: Iron Valiant|Swords Dance|p1a: Iron Valiant
|-boost|p1a: Iron Valiant|atk|2
|move|p2a: Blissey|Soft-Boiled|p2a: Blissey
|-heal|p2a: Blissey|83/100
|
|upkeep
|turn|5
|
|t:|1743884568
|switch|p2a: Mimikyu|Mimikyu, M|100/100
|move|p1a: Iron Valiant|Moonblast|p2a: Mimikyu
|-activate|p2a: Mimikyu|ability: Disguise
|-damage|p2a: Mimikyu|100/100
|detailschange|p2a: Mimikyu|Mimikyu-Busted, M
|-damage|p2a: Mimikyu|88/100|[from] pokemon: Mimikyu-Busted
|-enditem|p2a: Mimikyu|Red Card|[of] p1a: Iron Valiant
|-end|p1a: Iron Valiant|Quark Drive|[silent]
|drag|p1a: Weavile|Weavile, F|100/100
|-damage|p1a: Weavile|76/100|[from] Stealth Rock
|-ability|p1a: Weavile|Pressure
|
|upkeep
|turn|6
|
|t:|1743884585
|move|p1a: Weavile|Knock Off|p2a: Mimikyu
|-damage|p2a: Mimikyu|16/100
|-damage|p1a: Weavile|66/100|[from] item: Life Orb
|move|p2a: Mimikyu|Play Rough|p1a: Weavile
|-supereffective|p1a: Weavile
|-damage|p1a: Weavile|0 fnt
|faint|p1a: Weavile
|
|upkeep
|
|t:|1743884601
|switch|p1a: Slowking|Slowking, F|100/100
|-damage|p1a: Slowking|88/100|[from] Stealth Rock
|turn|7
|
|t:|1743884610
|move|p2a: Mimikyu|Taunt|p1a: Slowking
|-start|p1a: Slowking|move: Taunt
|move|p1a: Slowking|Scald|p2a: Mimikyu
|-damage|p2a: Mimikyu|0 fnt
|faint|p2a: Mimikyu
|
|upkeep
|
|t:|1743884620
|switch|p2a: Rotom|Rotom-Wash|100/100
|turn|8
|
|t:|1743884637
|move|p2a: Rotom|Hydro Pump|p1a: Slowking
|-resisted|p1a: Slowking
|-damage|p1a: Slowking|60/100
|move|p1a: Slowking|Future Sight|p2a: Rotom
|-start|p1a: Slowking|move: Future Sight
|
|upkeep
|turn|9
|
|t:|1743884644
|switch|p2a: Blissey|Blissey, F|83/100
|switch|p1a: Magnezone|Magnezone|100/100
|-damage|p1a: Magnezone|95/100|[from] Stealth Rock
|
|upkeep
|turn|10
|
|t:|1743884655
|move|p2a: Blissey|Seismic Toss|p1a: Magnezone
|-damage|p1a: Magnezone|61/100
|move|p1a: Magnezone|Body Press|p2a: Blissey
|-supereffective|p2a: Blissey
|-damage|p2a: Blissey|24/100
|
|-end|p2a: Blissey|move: Future Sight
|-damage|p2a: Blissey|9/100
|upkeep
|turn|11
|
|t:|1743884666
|switch|p2a: Dusclops|Dusclops, M|70/100
|-item|p1a: Magnezone|Assault Vest|[from] ability: Frisk|[of] p2a: Dusclops
|move|p1a: Magnezone|Volt Switch|p2a: Dusclops
|-damage|p2a: Dusclops|41/100
|
|t:|1743884678
|switch|p1a: Iron Valiant|Iron Valiant|100/100|[from] Volt Switch
|-damage|p1a: Iron Valiant|94/100|[from] Stealth Rock
|
|-heal|p1a: Iron Valiant|100/100|[from] item: Leftovers
|upkeep
|turn|12
|
|t:|1743884685
|switch|p2a: Blissey|Blissey, F|9/100
|move|p1a: Iron Valiant|Moonblast|p2a: Blissey
|-damage|p2a: Blissey|0 fnt
|faint|p2a: Blissey
|
|upkeep
|
|t:|1743884692
|switch|p2a: Flamigo|Flamigo, M|100/100
|turn|13
|
|t:|1743884701
|-terastallize|p1a: Iron Valiant|Fairy
|move|p2a: Flamigo|Brave Bird|p1a: Iron Valiant
|-damage|p1a: Iron Valiant|32/100
|-damage|p2a: Flamigo|79/100|[from] Recoil
|move|p1a: Iron Valiant|Moonblast|p2a: Flamigo
|-supereffective|p2a: Flamigo
|-damage|p2a: Flamigo|0 fnt
|faint|p2a: Flamigo
|
|-heal|p1a: Iron Valiant|38/100|[from] item: Leftovers
|upkeep
|
|t:|1743884714
|switch|p2a: Rotom|Rotom-Wash|100/100
|turn|14
|
|t:|1743884720
|move|p1a: Iron Valiant|Moonblast|p2a: Rotom
|-damage|p2a: Rotom|35/100
|move|p2a: Rotom|Hydro Pump|p1a: Iron Valiant
|-damage|p1a: Iron Valiant|0 fnt
|faint|p1a: Iron Valiant
|-end|p1a: Iron Valiant|Quark Drive|[silent]
|
|upkeep
|
|t:|1743884729
|switch|p1a: Magnezone|Magnezone|61/100
|-damage|p1a: Magnezone|55/100|[from] Stealth Rock
|turn|15
|
|t:|1743884733
|move|p2a: Rotom|Hydro Pump|p1a: Magnezone|[miss]
|-miss|p2a: Rotom|p1a: Magnezone
|move|p1a: Magnezone|Volt Switch|p2a: Rotom
|-damage|p2a: Rotom|0 fnt
|faint|p2a: Rotom
|
|t:|1743884741
|switch|p1a: Great Tusk|Great Tusk|100/100|[from] Volt Switch
|-damage|p1a: Great Tusk|98/100|[from] Stealth Rock
|-enditem|p1a: Great Tusk|Booster Energy
|-activate|p1a: Great Tusk|ability: Protosynthesis|[fromitem]
|-start|p1a: Great Tusk|protosynthesisatk
|
|upkeep
|
|t:|1743884748
|switch|p2a: Dusclops|Dusclops, M|41/100
|turn|16
|
|t:|1743884752
|move|p1a: Great Tusk|Headlong Rush|p2a: Dusclops
|-crit|p2a: Dusclops
|-damage|p2a: Dusclops|0 fnt
|-unboost|p1a: Great Tusk|def|1
|-unboost|p1a: Great Tusk|spd|1
|faint|p2a: Dusclops
|
|upkeep
|
|t:|1743884758
|switch|p2a: Alcremie|Alcremie, F|100/100
|turn|17
|
|t:|1743884761
|move|p1a: Great Tusk|Rapid Spin|p2a: Alcremie
|-damage|p2a: Alcremie|81/100
|-boost|p1a: Great Tusk|spe|1
|-sideend|p1: TeaPause|Stealth Rock|[from] move: Rapid Spin|[of] p1a: Great Tusk
|move|p2a: Alcremie|Acid Armor|p2a: Alcremie
|-boost|p2a: Alcremie|def|2
|
|-heal|p2a: Alcremie|87/100|[from] item: Leftovers
|upkeep
|turn|18
|
|t:|1743884769
|-end|p1a: Great Tusk|Protosynthesis|[silent]
|switch|p1a: Magnezone|Magnezone|55/100
|move|p2a: Alcremie|Calm Mind|p2a: Alcremie
|-boost|p2a: Alcremie|spa|1
|-boost|p2a: Alcremie|spd|1
|
|-heal|p2a: Alcremie|93/100|[from] item: Leftovers
|upkeep
|turn|19
|
|t:|1743884777
|move|p2a: Alcremie|Calm Mind|p2a: Alcremie
|-boost|p2a: Alcremie|spa|1
|-boost|p2a: Alcremie|spd|1
|move|p1a: Magnezone|Flash Cannon|p2a: Alcremie
|-supereffective|p2a: Alcremie
|-damage|p2a: Alcremie|48/100
|
|-heal|p2a: Alcremie|54/100|[from] item: Leftovers
|upkeep
|turn|20
|
|t:|1743884786
|-terastallize|p2a: Alcremie|Steel
|move|p2a: Alcremie|Calm Mind|p2a: Alcremie
|-boost|p2a: Alcremie|spa|1
|-boost|p2a: Alcremie|spd|1
|move|p1a: Magnezone|Flash Cannon|p2a: Alcremie
|-resisted|p2a: Alcremie
|-damage|p2a: Alcremie|45/100
|
|-heal|p2a: Alcremie|51/100|[from] item: Leftovers
|upkeep
|turn|21
|
|t:|1743884795
|move|p2a: Alcremie|Acid Armor|p2a: Alcremie
|-boost|p2a: Alcremie|def|2
|move|p1a: Magnezone|Volt Switch|p2a: Alcremie
|-damage|p2a: Alcremie|34/100
|
|t:|1743884801
|switch|p1a: Great Tusk|Great Tusk|98/100|[from] Volt Switch
|
|-heal|p2a: Alcremie|40/100|[from] item: Leftovers
|upkeep
|turn|22
|
|t:|1743884806
|move|p1a: Great Tusk|Close Combat|p2a: Alcremie
|-supereffective|p2a: Alcremie
|-damage|p2a: Alcremie|3/100
|-unboost|p1a: Great Tusk|def|1
|-unboost|p1a: Great Tusk|spd|1
|move|p2a: Alcremie|Draining Kiss|p1a: Great Tusk
|-supereffective|p1a: Great Tusk
|-damage|p1a: Great Tusk|0 fnt
|-heal|p2a: Alcremie|84/100|[from] drain|[of] p1a: Great Tusk
|faint|p1a: Great Tusk
|-end|p1a: Great Tusk|Protosynthesis|[silent]
|
|-heal|p2a: Alcremie|90/100|[from] item: Leftovers
|upkeep
|
|t:|1743884821
|switch|p1a: Magnezone|Magnezone|55/100
|turn|23
|
|t:|1743884824
|move|p2a: Alcremie|Stored Power|p1a: Magnezone
|-resisted|p1a: Magnezone
|-damage|p1a: Magnezone|0 fnt
|faint|p1a: Magnezone
|
|-heal|p2a: Alcremie|96/100|[from] item: Leftovers
|upkeep
|-message|TeaPause forfeited.
|
|win|Team BBIO 38
|raw|TeaPause's rating: 1402 &rarr; <strong>1382</strong><br />(-20 for losing)
|raw|Team BBIO 38's rating: 1401 &rarr; <strong>1421</strong><br />(+20 for winning)
|l|☆TeaPause
|player|p1|
|l|☆Team BBIO 38
|player|p2|
