|badge|p1|bronze|gen9ou|100-5
|uhtml|medal-msg|<div class="broadcast-blue">Curious what those medals under the avatar are? PS now has Ladder Seasons! For more information, check out the <a href="https://www.smogon.com/forums/threads/3740067/">thread on Smogon.</a></div>
|j|☆Johnny tots
|j|☆bade bunningham
|t:|1743863918
|gametype|singles
|player|p1|Johnny tots|2|1836
|player|p2|bade bunningham|1|1715
|teamsize|p1|6
|teamsize|p2|6
|gen|9
|tier|[Gen 9] OU
|rated|
|rule|HP Percentage Mod: HP is shown in percentages
|rule|Endless Battle Clause: Forcing endless battles is banned
|rule|Species Clause: Limit one of each Pokémon
|rule|OHKO Clause: OHKO moves are banned
|rule|Evasion Items Clause: Evasion items are banned
|rule|Evasion Moves Clause: Evasion moves are banned
|rule|Sleep Moves Clause: Sleep-inducing moves are banned
|clearpoke
|poke|p1|Klefki, M|
|poke|p1|Manaphy|
|poke|p1|Kyurem|
|poke|p1|Cinderace, M|
|poke|p1|Iron Valiant|
|poke|p1|Clefable, M|
|poke|p2|Hydrapple, M|
|poke|p2|Tinkaton, F|
|poke|p2|Moltres|
|poke|p2|Rotom-Wash|
|poke|p2|Great Tusk|
|poke|p2|Darkrai|
|teampreview
|inactive|Battle timer is ON: inactive players will automatically lose when time's up. (requested by Johnny tots)
|
|t:|1743863960
|start
|switch|p1a: Klefki|Klefki, M|100/100
|switch|p2a: Tinkaton|Tinkaton, F|100/100
|-ability|p2a: Tinkaton|Mold Breaker
|turn|1
|
|t:|1743863981
|move|p1a: Klefki|Thunder Wave|p2a: Tinkaton
|-status|p2a: Tinkaton|par
|move|p2a: Tinkaton|Stealth Rock|p1a: Klefki
|-sidestart|p1: Johnny tots|move: Stealth Rock
|
|upkeep
|turn|2
|
|t:|1743863986
|move|p1a: Klefki|Spikes|p2a: Tinkaton
|-sidestart|p2: bade bunningham|Spikes
|move|p2a: Tinkaton|Encore|p1a: Klefki
|-start|p1a: Klefki|Encore
|
|upkeep
|turn|3
|
|t:|1743863990
|switch|p1a: Clefable|Clefable, M|100/100
|move|p2a: Tinkaton|Knock Off|p1a: Clefable
|-resisted|p1a: Clefable
|-damage|p1a: Clefable|92/100
|-enditem|p1a: Clefable|Leftovers|[from] move: Knock Off|[of] p2a: Tinkaton
|
|upkeep
|turn|4
|
|t:|1743864002
|move|p1a: Clefable|Fire Blast|p2a: Tinkaton
|-supereffective|p2a: Tinkaton
|-damage|p2a: Tinkaton|50/100 par
|move|p2a: Tinkaton|Gigaton Hammer|p1a: Clefable
|-supereffective|p1a: Clefable
|-damage|p1a: Clefable|5/100
|
|-heal|p2a: Tinkaton|56/100 par|[from] item: Leftovers
|upkeep
|turn|5
|
|t:|1743864008
|switch|p2a: Moltres|Moltres|100/100
|move|p1a: Clefable|Fire Blast|p2a: Moltres
|-resisted|p2a: Moltres
|-damage|p2a: Moltres|90/100
|
|upkeep
|turn|6
|
|t:|1743864018
|move|p2a: Moltres|Flamethrower|p1a: Clefable
|-damage|p1a: Clefable|0 fnt
|faint|p1a: Clefable
|
|upkeep
|
|t:|1743864022
|switch|p1a: Manaphy|Manaphy|100/100
|-damage|p1a: Manaphy|88/100|[from] Stealth Rock
|turn|7
|
|t:|1743864025
|move|p1a: Manaphy|Scald|p2a: Moltres
|-supereffective|p2a: Moltres
|-damage|p2a: Moltres|34/100
|move|p2a: Moltres|Roar|p1a: Manaphy
|drag|p1a: Kyurem|Kyurem|100/100
|-damage|p1a: Kyurem|75/100|[from] Stealth Rock
|-ability|p1a: Kyurem|Pressure
|
|upkeep
|turn|8
|
|t:|1743864053
|switch|p2a: Rotom|Rotom-Wash|100/100
|move|p1a: Kyurem|Scale Shot|p2a: Rotom
|-crit|p2a: Rotom
|-damage|p2a: Rotom|82/100
|-damage|p2a: Rotom|70/100
|-damage|p2a: Rotom|60/100
|-damage|p2a: Rotom|47/100
|-hitcount|p2a: Rotom|4
|-unboost|p1a: Kyurem|def|1
|-boost|p1a: Kyurem|spe|1
|
|upkeep
|turn|9
|
|t:|1743864067
|-terastallize|p2a: Rotom|Steel
|move|p1a: Kyurem|Scale Shot|p2a: Rotom
|-resisted|p2a: Rotom
|-crit|p2a: Rotom
|-damage|p2a: Rotom|39/100
|-resisted|p2a: Rotom
|-damage|p2a: Rotom|34/100
|-resisted|p2a: Rotom
|-damage|p2a: Rotom|28/100
|-resisted|p2a: Rotom
|-damage|p2a: Rotom|22/100
|-resisted|p2a: Rotom
|-damage|p2a: Rotom|17/100
|-hitcount|p2a: Rotom|5
|-unboost|p1a: Kyurem|def|1
|-boost|p1a: Kyurem|spe|1
|move|p2a: Rotom|Will-O-Wisp|p1a: Kyurem
|-status|p1a: Kyurem|brn
|
|-damage|p1a: Kyurem|69/100 brn|[from] brn
|upkeep
|turn|10
|
|t:|1743864089
|move|p1a: Kyurem|Icicle Spear|p2a: Rotom
|-resisted|p2a: Rotom
|-damage|p2a: Rotom|14/100
|-resisted|p2a: Rotom
|-damage|p2a: Rotom|11/100
|-resisted|p2a: Rotom
|-damage|p2a: Rotom|8/100
|-resisted|p2a: Rotom
|-damage|p2a: Rotom|5/100
|-hitcount|p2a: Rotom|4
|move|p2a: Rotom|Volt Switch|p1a: Kyurem
|-resisted|p1a: Kyurem
|-damage|p1a: Kyurem|58/100 brn
|inactive|bade bunningham has 120 seconds left.
|
|t:|1743864108
|switch|p2a: Moltres|Moltres|34/100|[from] Volt Switch
|
|-damage|p1a: Kyurem|52/100 brn|[from] brn
|upkeep
|turn|11
|
|t:|1743864113
|move|p1a: Kyurem|Icicle Spear|p2a: Moltres
|-damage|p2a: Moltres|27/100
|-damage|p2a: Moltres|19/100
|-damage|p2a: Moltres|12/100
|-crit|p2a: Moltres
|-damage|p2a: Moltres|0 fnt
|faint|p2a: Moltres
|-hitcount|p2: Moltres|4
|
|-damage|p1a: Kyurem|46/100 brn|[from] brn
|upkeep
|
|t:|1743864119
|switch|p2a: Darkrai|Darkrai|100/100
|-damage|p2a: Darkrai|88/100|[from] Spikes
|turn|12
|
|t:|1743864124
|move|p1a: Kyurem|Icicle Spear|p2a: Darkrai
|-damage|p2a: Darkrai|78/100
|-damage|p2a: Darkrai|69/100
|-damage|p2a: Darkrai|60/100
|-damage|p2a: Darkrai|51/100
|-damage|p2a: Darkrai|41/100
|-hitcount|p2a: Darkrai|5
|move|p2a: Darkrai|Dark Pulse|p1a: Kyurem
|-damage|p1a: Kyurem|6/100 brn
|
|-heal|p2a: Darkrai|47/100|[from] item: Leftovers
|-damage|p1a: Kyurem|0 fnt|[from] brn
|faint|p1a: Kyurem
|upkeep
|
|t:|1743864133
|switch|p1a: Cinderace|Cinderace, M|100/100
|turn|13
|
|t:|1743864144
|switch|p2a: Rotom|Rotom-Wash, tera:Steel|5/100
|move|p1a: Cinderace|Pyro Ball|p2a: Rotom|[miss]
|-miss|p1a: Cinderace|p2a: Rotom
|
|upkeep
|turn|14
|
|t:|1743864151
|move|p1a: Cinderace|Pyro Ball|p2a: Rotom
|-supereffective|p2a: Rotom
|-damage|p2a: Rotom|0 fnt
|faint|p2a: Rotom
|
|upkeep
|
|t:|1743864155
|switch|p2a: Great Tusk|Great Tusk|100/100
|turn|15
|
|t:|1743864163
|move|p1a: Cinderace|Pyro Ball|p2a: Great Tusk
|-damage|p2a: Great Tusk|62/100
|move|p2a: Great Tusk|Rapid Spin|p1a: Cinderace
|-damage|p1a: Cinderace|73/100
|-boost|p2a: Great Tusk|spe|1
|-sideend|p2: bade bunningham|Spikes|[from] move: Rapid Spin|[of] p2a: Great Tusk
|
|upkeep
|turn|16
|
|t:|1743864168
|move|p1a: Cinderace|Sucker Punch|p2a: Great Tusk
|-resisted|p2a: Great Tusk
|-damage|p2a: Great Tusk|53/100
|move|p2a: Great Tusk|Headlong Rush|p1a: Cinderace
|-supereffective|p1a: Cinderace
|-damage|p1a: Cinderace|0 fnt
|-unboost|p2a: Great Tusk|def|1
|-unboost|p2a: Great Tusk|spd|1
|faint|p1a: Cinderace
|
|upkeep
|
|t:|1743864170
|switch|p1a: Klefki|Klefki, M|100/100
|-damage|p1a: Klefki|95/100|[from] Stealth Rock
|turn|17
|
|t:|1743864178
|-end|p2a: Great Tusk|Protosynthesis|[silent]
|switch|p2a: Darkrai|Darkrai|47/100
|move|p1a: Klefki|Reflect|p1a: Klefki
|-sidestart|p1: Johnny tots|Reflect
|
|-heal|p2a: Darkrai|53/100|[from] item: Leftovers
|upkeep
|turn|18
|
|t:|1743864183
|move|p1a: Klefki|Light Screen|p1a: Klefki
|-sidestart|p1: Johnny tots|move: Light Screen
|move|p2a: Darkrai|Thunder Wave|p1a: Klefki|[miss]
|-miss|p2a: Darkrai|p1a: Klefki
|
|-heal|p2a: Darkrai|59/100|[from] item: Leftovers
|upkeep
|turn|19
|j| rei husabnd
|
|t:|1743864188
|move|p1a: Klefki|Spikes|p2a: Darkrai
|-sidestart|p2: bade bunningham|Spikes
|move|p2a: Darkrai|Nasty Plot|p2a: Darkrai
|-boost|p2a: Darkrai|spa|2
|
|-heal|p2a: Darkrai|65/100|[from] item: Leftovers
|upkeep
|turn|20
|
|t:|1743864190
|switch|p1a: Manaphy|Manaphy|88/100
|-damage|p1a: Manaphy|76/100|[from] Stealth Rock
|move|p2a: Darkrai|Nasty Plot|p2a: Darkrai
|-boost|p2a: Darkrai|spa|2
|
|-heal|p2a: Darkrai|71/100|[from] item: Leftovers
|-heal|p1a: Manaphy|82/100|[from] item: Leftovers
|upkeep
|turn|21
|
|t:|1743864193
|move|p2a: Darkrai|Thunder Wave|p1a: Manaphy
|-status|p1a: Manaphy|par
|move|p1a: Manaphy|Take Heart|p1a: Manaphy
|-boost|p1a: Manaphy|spa|1
|-boost|p1a: Manaphy|spd|1
|-curestatus|p1a: Manaphy|par|[msg]
|
|-heal|p2a: Darkrai|77/100|[from] item: Leftovers
|-heal|p1a: Manaphy|88/100|[from] item: Leftovers
|upkeep
|turn|22
|
|t:|1743864197
|move|p2a: Darkrai|Dark Pulse|p1a: Manaphy
|-damage|p1a: Manaphy|51/100
|cant|p1a: Manaphy|flinch
|
|-heal|p2a: Darkrai|83/100|[from] item: Leftovers
|-heal|p1a: Manaphy|57/100|[from] item: Leftovers
|upkeep
|turn|23
|
|t:|1743864201
|move|p2a: Darkrai|Dark Pulse|p1a: Manaphy
|-damage|p1a: Manaphy|18/100
|move|p1a: Manaphy|Scald|p2a: Darkrai
|-damage|p2a: Darkrai|13/100
|
|-heal|p2a: Darkrai|19/100|[from] item: Leftovers
|-heal|p1a: Manaphy|24/100|[from] item: Leftovers
|upkeep
|turn|24
|
|t:|1743864206
|move|p2a: Darkrai|Dark Pulse|p1a: Manaphy
|-damage|p1a: Manaphy|0 fnt
|faint|p1a: Manaphy
|
|-heal|p2a: Darkrai|25/100|[from] item: Leftovers
|-sideend|p1: Johnny tots|Reflect
|upkeep
|
|t:|1743864209
|switch|p1a: Iron Valiant|Iron Valiant|100/100
|-damage|p1a: Iron Valiant|94/100|[from] Stealth Rock
|-enditem|p1a: Iron Valiant|Booster Energy
|-activate|p1a: Iron Valiant|ability: Quark Drive|[fromitem]
|-start|p1a: Iron Valiant|quarkdrivespe
|turn|25
|
|t:|1743864237
|move|p1a: Iron Valiant|Moonblast|p2a: Darkrai
|-supereffective|p2a: Darkrai
|-damage|p2a: Darkrai|0 fnt
|faint|p2a: Darkrai
|
|-sideend|p1: Johnny tots|move: Light Screen
|upkeep
|
|t:|1743864242
|switch|p2a: Tinkaton|Tinkaton, F|56/100 par
|-damage|p2a: Tinkaton|44/100 par|[from] Spikes
|-ability|p2a: Tinkaton|Mold Breaker
|turn|26
|
|t:|1743864254
|-terastallize|p1a: Iron Valiant|Ghost
|move|p1a: Iron Valiant|Calm Mind|p1a: Iron Valiant
|-boost|p1a: Iron Valiant|spa|1
|-boost|p1a: Iron Valiant|spd|1
|cant|p2a: Tinkaton|par
|
|-heal|p2a: Tinkaton|50/100 par|[from] item: Leftovers
|upkeep
|turn|27
|
|t:|1743864267
|move|p1a: Iron Valiant|Shadow Ball|p2a: Tinkaton
|-damage|p2a: Tinkaton|2/100 par
|move|p2a: Tinkaton|Knock Off|p1a: Iron Valiant
|-supereffective|p1a: Iron Valiant
|-damage|p1a: Iron Valiant|60/100
|
|-heal|p2a: Tinkaton|9/100 par|[from] item: Leftovers
|upkeep
|turn|28
|
|t:|1743864275
|move|p1a: Iron Valiant|Shadow Ball|p2a: Tinkaton
|-damage|p2a: Tinkaton|0 fnt
|faint|p2a: Tinkaton
|
|upkeep
|
|t:|1743864282
|switch|p2a: Hydrapple|Hydrapple, M|100/100
|turn|29
|
|t:|1743864306
|move|p1a: Iron Valiant|Moonblast|p2a: Hydrapple
|-supereffective|p2a: Hydrapple
|-damage|p2a: Hydrapple|0 fnt
|faint|p2a: Hydrapple
|
|upkeep
|-message|bade bunningham forfeited.
|
|win|Johnny tots
|raw|Johnny tots's rating: 1836 &rarr; <strong>1849</strong><br />(+13 for winning)
|raw|bade bunningham's rating: 1715 &rarr; <strong>1702</strong><br />(-13 for losing)
|l|☆bade bunningham
|player|p2|
|l|☆Johnny tots
|player|p1|
