|j|☆IBBXEF
|j|☆tohelpu
|t:|1743844327
|gametype|singles
|player|p1|IBBXEF|scientist-gen4|1180
|player|p2|tohelpu|1|1202
|teamsize|p1|6
|teamsize|p2|6
|gen|9
|tier|[Gen 9] OU
|rated|
|rule|HP Percentage Mod: HP is shown in percentages
|rule|Endless Battle Clause: Forcing endless battles is banned
|rule|Species Clause: Limit one of each Pokémon
|rule|OHKO Clause: OHKO moves are banned
|rule|Evasion Items Clause: Evasion items are banned
|rule|Evasion Moves Clause: Evasion moves are banned
|rule|Sleep Moves Clause: Sleep-inducing moves are banned
|clearpoke
|poke|p1|Comfey, F|
|poke|p1|Ninetales-Alola, M|
|poke|p1|Moltres-Galar|
|poke|p1|Pelipper, M|
|poke|p1|Sandslash-Alola, F|
|poke|p1|Tornadus-Therian, M|
|poke|p2|Gumshoos, M|
|poke|p2|Magnezone|
|poke|p2|Enamorus-Therian, F|
|poke|p2|Sableye, F|
|poke|p2|Zapdos-Galar|
|poke|p2|Ursaluna, F|
|teampreview
|inactive|Battle timer is ON: inactive players will automatically lose when time's up. (requested by IBBXEF)
|
|t:|1743844344
|start
|switch|p1a: Ninetales|Ninetales-Alola, M|100/100
|switch|p2a: Zapdos|Zapdos-Galar|100/100
|-weather|Snowscape|[from] ability: Snow Warning|[of] p1a: Ninetales
|turn|1
|
|t:|1743844354
|move|p1a: Ninetales|Aurora Veil|p1a: Ninetales
|-sidestart|p1: IBBXEF|move: Aurora Veil
|move|p2a: Zapdos|Thunderous Kick|p1a: Ninetales
|-damage|p1a: Ninetales|77/100
|-unboost|p1a: Ninetales|def|1
|
|-weather|Snowscape|[upkeep]
|upkeep
|turn|2
|
|t:|1743844365
|switch|p1a: Sandslash|Sandslash-Alola, F|100/100
|move|p2a: Zapdos|Thunderous Kick|p1a: Sandslash
|-supereffective|p1a: Sandslash
|-damage|p1a: Sandslash|25/100
|-unboost|p1a: Sandslash|def|1
|-damage|p2a: Zapdos|84/100|[from] item: Rocky Helmet|[of] p1a: Sandslash
|
|-weather|Snowscape|[upkeep]
|upkeep
|turn|3
|
|t:|1743844382
|switch|p2a: Sableye|Sableye, F|100/100
|move|p1a: Sandslash|Stealth Rock|p2a: Sableye
|-sidestart|p2: tohelpu|move: Stealth Rock
|
|-weather|Snowscape|[upkeep]
|upkeep
|turn|4
|
|t:|1743844392
|switch|p1a: Comfey|Comfey, F|100/100
|move|p2a: Sableye|Will-O-Wisp|p1a: Comfey
|-status|p1a: Comfey|brn
|
|-weather|Snowscape|[upkeep]
|-damage|p1a: Comfey|94/100 brn|[from] brn
|upkeep
|turn|5
|
|t:|1743844402
|move|p1a: Comfey|Leech Seed|p2a: Sableye
|-start|p2a: Sableye|move: Leech Seed
|move|p2a: Sableye|Night Shade|p1a: Comfey
|-damage|p1a: Comfey|62/100 brn
|
|-weather|none
|-damage|p2a: Sableye|88/100|[from] Leech Seed|[of] p1a: Comfey
|-heal|p1a: Comfey|78/100 brn|[silent]
|-damage|p1a: Comfey|71/100 brn|[from] brn
|upkeep
|turn|6
|
|t:|1743844415
|move|p1a: Comfey|Draining Kiss|p2a: Sableye
|-supereffective|p2a: Sableye
|-damage|p2a: Sableye|14/100
|-heal|p1a: Comfey|100/100 brn|[from] drain|[of] p2a: Sableye
|move|p2a: Sableye|Night Shade|p1a: Comfey
|-damage|p1a: Comfey|68/100 brn
|
|-heal|p2a: Sableye|21/100|[from] item: Leftovers
|-damage|p2a: Sableye|8/100|[from] Leech Seed|[of] p1a: Comfey
|-heal|p1a: Comfey|84/100 brn|[silent]
|-damage|p1a: Comfey|78/100 brn|[from] brn
|upkeep
|turn|7
|
|t:|1743844429
|move|p1a: Comfey|Draining Kiss|p2a: Sableye
|-supereffective|p2a: Sableye
|-crit|p2a: Sableye
|-damage|p2a: Sableye|0 fnt
|-heal|p1a: Comfey|85/100 brn|[from] drain|[of] p2a: Sableye
|faint|p2a: Sableye
|
|-damage|p1a: Comfey|79/100 brn|[from] brn
|upkeep
|
|t:|1743844448
|switch|p2a: Gumshoos|Gumshoos, M|100/100
|-damage|p2a: Gumshoos|88/100|[from] Stealth Rock
|turn|8
|
|t:|1743844460
|move|p1a: Comfey|Leech Seed|p2a: Gumshoos
|-start|p2a: Gumshoos|move: Leech Seed
|move|p2a: Gumshoos|Knock Off|p1a: Comfey
|-resisted|p1a: Comfey
|-damage|p1a: Comfey|66/100 brn
|-enditem|p1a: Comfey|Big Root|[from] move: Knock Off|[of] p2a: Gumshoos
|
|-damage|p2a: Gumshoos|76/100|[from] Leech Seed|[of] p1a: Comfey
|-heal|p1a: Comfey|81/100 brn|[silent]
|-damage|p1a: Comfey|75/100 brn|[from] brn
|-sideend|p1: IBBXEF|move: Aurora Veil
|upkeep
|turn|9
|
|t:|1743844477
|move|p1a: Comfey|Giga Drain|p2a: Gumshoos
|-damage|p2a: Gumshoos|49/100
|-heal|p1a: Comfey|91/100 brn|[from] drain|[of] p2a: Gumshoos
|move|p2a: Gumshoos|Knock Off|p1a: Comfey
|-resisted|p1a: Comfey
|-damage|p1a: Comfey|74/100 brn
|
|-damage|p2a: Gumshoos|37/100|[from] Leech Seed|[of] p1a: Comfey
|-heal|p1a: Comfey|89/100 brn|[silent]
|-damage|p1a: Comfey|83/100 brn|[from] brn
|upkeep
|turn|10
|
|t:|1743844488
|move|p1a: Comfey|Giga Drain|p2a: Gumshoos
|-damage|p2a: Gumshoos|13/100
|-heal|p1a: Comfey|98/100 brn|[from] drain|[of] p2a: Gumshoos
|move|p2a: Gumshoos|Knock Off|p1a: Comfey
|-resisted|p1a: Comfey
|-damage|p1a: Comfey|82/100 brn
|
|-damage|p2a: Gumshoos|0 fnt|[from] Leech Seed|[of] p1a: Comfey
|-heal|p1a: Comfey|97/100 brn|[silent]
|faint|p2a: Gumshoos
|-damage|p1a: Comfey|91/100 brn|[from] brn
|upkeep
|
|t:|1743844498
|switch|p2a: Magnezone|Magnezone|100/100
|-damage|p2a: Magnezone|94/100|[from] Stealth Rock
|turn|11
|
|t:|1743844513
|switch|p1a: Sandslash|Sandslash-Alola, F|25/100
|move|p2a: Magnezone|Volt Switch|p1a: Sandslash
|-damage|p1a: Sandslash|0 fnt
|faint|p1a: Sandslash
|
|t:|1743844519
|switch|p2a: Zapdos|Zapdos-Galar|84/100|[from] Volt Switch
|-damage|p2a: Zapdos|71/100|[from] Stealth Rock
|
|upkeep
|
|t:|1743844528
|switch|p1a: Pelipper|Pelipper, M|100/100
|-weather|RainDance|[from] ability: Drizzle|[of] p1a: Pelipper
|turn|12
|
|t:|1743844533
|move|p2a: Zapdos|Drill Peck|p1a: Pelipper
|-damage|p1a: Pelipper|43/100
|move|p1a: Pelipper|Knock Off|p2a: Zapdos
|-resisted|p2a: Zapdos
|-damage|p2a: Zapdos|65/100
|-enditem|p2a: Zapdos|Choice Band|[from] move: Knock Off|[of] p1a: Pelipper
|
|-weather|RainDance|[upkeep]
|upkeep
|turn|13
|
|t:|1743844545
|move|p2a: Zapdos|Thunderous Kick|p1a: Pelipper
|-resisted|p1a: Pelipper
|-damage|p1a: Pelipper|19/100
|-unboost|p1a: Pelipper|def|1
|move|p1a: Pelipper|Roost|p1a: Pelipper
|-heal|p1a: Pelipper|69/100
|-singleturn|p1a: Pelipper|move: Roost
|
|-weather|RainDance|[upkeep]
|upkeep
|turn|14
|
|t:|1743844560
|switch|p1a: Comfey|Comfey, F|91/100 brn
|move|p2a: Zapdos|Drill Peck|p1a: Comfey
|-damage|p1a: Comfey|41/100 brn
|
|-weather|RainDance|[upkeep]
|-damage|p1a: Comfey|34/100 brn|[from] brn
|upkeep
|turn|15
|
|t:|1743844570
|switch|p2a: Magnezone|Magnezone|94/100
|-damage|p2a: Magnezone|88/100|[from] Stealth Rock
|move|p1a: Comfey|Draining Kiss|p2a: Magnezone
|-resisted|p2a: Magnezone
|-damage|p2a: Magnezone|76/100
|-heal|p1a: Comfey|45/100 brn|[from] drain|[of] p2a: Magnezone
|
|-weather|RainDance|[upkeep]
|-damage|p1a: Comfey|39/100 brn|[from] brn
|upkeep
|turn|16
|
|t:|1743844595
|switch|p1a: Pelipper|Pelipper, M|69/100
|move|p2a: Magnezone|Volt Switch|p1a: Pelipper
|-supereffective|p1a: Pelipper
|-damage|p1a: Pelipper|0 fnt
|faint|p1a: Pelipper
|
|t:|1743844603
|switch|p2a: Zapdos|Zapdos-Galar|65/100|[from] Volt Switch
|-damage|p2a: Zapdos|53/100|[from] Stealth Rock
|
|-weather|RainDance|[upkeep]
|upkeep
|
|t:|1743844612
|switch|p1a: Moltres|Moltres-Galar|100/100
|turn|17
|
|t:|1743844617
|move|p2a: Zapdos|Thunderous Kick|p1a: Moltres
|-damage|p1a: Moltres|57/100
|-unboost|p1a: Moltres|def|1
|move|p1a: Moltres|Agility|p1a: Moltres
|-boost|p1a: Moltres|spe|2
|
|-weather|RainDance|[upkeep]
|upkeep
|turn|18
|
|t:|1743844630
|move|p1a: Moltres|Hurricane|p2a: Zapdos
|-supereffective|p2a: Zapdos
|-damage|p2a: Zapdos|0 fnt
|faint|p2a: Zapdos
|
|-weather|RainDance|[upkeep]
|upkeep
|
|t:|1743844643
|switch|p2a: Magnezone|Magnezone|76/100
|-damage|p2a: Magnezone|70/100|[from] Stealth Rock
|turn|19
|
|t:|1743844653
|-terastallize|p1a: Moltres|Dark
|move|p1a: Moltres|Fiery Wrath|p2a: Magnezone
|-damage|p2a: Magnezone|3/100
|move|p2a: Magnezone|Flash Cannon|p1a: Moltres
|-damage|p1a: Moltres|6/100
|-ability|p1a: Moltres|Berserk|boost
|-boost|p1a: Moltres|spa|1
|
|-weather|none
|upkeep
|turn|20
|
|t:|1743844664
|move|p1a: Moltres|Fiery Wrath|p2a: Magnezone
|-crit|p2a: Magnezone
|-damage|p2a: Magnezone|0 fnt
|faint|p2a: Magnezone
|
|upkeep
|
|t:|1743844670
|switch|p2a: Ursaluna|Ursaluna, F|100/100
|-damage|p2a: Ursaluna|94/100|[from] Stealth Rock
|turn|21
|
|t:|1743844682
|switch|p1a: Ninetales|Ninetales-Alola, M|77/100
|-weather|Snowscape|[from] ability: Snow Warning|[of] p1a: Ninetales
|move|p2a: Ursaluna|Stone Edge|p1a: Ninetales
|-supereffective|p1a: Ninetales
|-crit|p1a: Ninetales
|-damage|p1a: Ninetales|13/100
|
|-weather|Snowscape|[upkeep]
|-heal|p2a: Ursaluna|100/100|[from] item: Leftovers
|upkeep
|turn|22
|
|t:|1743844694
|move|p1a: Ninetales|Aurora Veil|p1a: Ninetales
|-sidestart|p1: IBBXEF|move: Aurora Veil
|move|p2a: Ursaluna|Substitute|p2a: Ursaluna
|-start|p2a: Ursaluna|Substitute
|-damage|p2a: Ursaluna|75/100
|
|-weather|Snowscape|[upkeep]
|-heal|p2a: Ursaluna|82/100|[from] item: Leftovers
|upkeep
|turn|23
|
|t:|1743844702
|move|p1a: Ninetales|Blizzard|p2a: Ursaluna
|-supereffective|p2a: Ursaluna
|-end|p2a: Ursaluna|Substitute
|move|p2a: Ursaluna|Substitute|p2a: Ursaluna
|-start|p2a: Ursaluna|Substitute
|-damage|p2a: Ursaluna|57/100
|
|-weather|Snowscape|[upkeep]
|-heal|p2a: Ursaluna|63/100|[from] item: Leftovers
|upkeep
|turn|24
|
|t:|1743844712
|move|p1a: Ninetales|Blizzard|p2a: Ursaluna
|-supereffective|p2a: Ursaluna
|-end|p2a: Ursaluna|Substitute
|move|p2a: Ursaluna|Substitute|p2a: Ursaluna
|-start|p2a: Ursaluna|Substitute
|-damage|p2a: Ursaluna|38/100
|
|-weather|Snowscape|[upkeep]
|-heal|p2a: Ursaluna|44/100|[from] item: Leftovers
|upkeep
|turn|25
|
|t:|1743844722
|move|p1a: Ninetales|Blizzard|p2a: Ursaluna
|-supereffective|p2a: Ursaluna
|-end|p2a: Ursaluna|Substitute
|move|p2a: Ursaluna|Substitute|p2a: Ursaluna
|-start|p2a: Ursaluna|Substitute
|-damage|p2a: Ursaluna|19/100
|
|-weather|none
|-heal|p2a: Ursaluna|25/100|[from] item: Leftovers
|upkeep
|turn|26
|
|t:|1743844732
|move|p1a: Ninetales|Blizzard|p2a: Ursaluna
|-supereffective|p2a: Ursaluna
|-end|p2a: Ursaluna|Substitute
|move|p2a: Ursaluna|Substitute|p2a: Ursaluna
|-fail|p2a: Ursaluna|move: Substitute|[weak]
|
|-heal|p2a: Ursaluna|32/100|[from] item: Leftovers
|upkeep
|turn|27
|
|t:|1743844744
|move|p1a: Ninetales|Blizzard|p2a: Ursaluna|[miss]
|-miss|p1a: Ninetales|p2a: Ursaluna
|move|p2a: Ursaluna|Substitute|p2a: Ursaluna
|-start|p2a: Ursaluna|Substitute
|-damage|p2a: Ursaluna|7/100
|
|-heal|p2a: Ursaluna|13/100|[from] item: Leftovers
|upkeep
|turn|28
|
|t:|1743844753
|switch|p1a: Moltres|Moltres-Galar, tera:Dark|6/100
|move|p2a: Ursaluna|Earthquake|p1a: Moltres
|-damage|p1a: Moltres|0 fnt
|faint|p1a: Moltres
|
|-heal|p2a: Ursaluna|19/100|[from] item: Leftovers
|upkeep
|
|t:|1743844765
|switch|p1a: Ninetales|Ninetales-Alola, M|13/100
|-weather|Snowscape|[from] ability: Snow Warning|[of] p1a: Ninetales
|turn|29
|
|t:|1743844771
|move|p1a: Ninetales|Blizzard|p2a: Ursaluna
|-supereffective|p2a: Ursaluna
|-end|p2a: Ursaluna|Substitute
|move|p2a: Ursaluna|Earthquake|p1a: Ninetales
|-damage|p1a: Ninetales|0 fnt
|faint|p1a: Ninetales
|
|-weather|Snowscape|[upkeep]
|-heal|p2a: Ursaluna|25/100|[from] item: Leftovers
|-sideend|p1: IBBXEF|move: Aurora Veil
|upkeep
|
|t:|1743844783
|switch|p1a: Comfey|Comfey, F|39/100 brn
|turn|30
|
|t:|1743844789
|move|p1a: Comfey|Giga Drain|p2a: Ursaluna
|-supereffective|p2a: Ursaluna
|-damage|p2a: Ursaluna|1/100
|-heal|p1a: Comfey|57/100 brn|[from] drain|[of] p2a: Ursaluna
|move|p2a: Ursaluna|Earthquake|p1a: Comfey
|-damage|p1a: Comfey|5/100 brn
|
|-weather|Snowscape|[upkeep]
|-heal|p2a: Ursaluna|7/100|[from] item: Leftovers
|-damage|p1a: Comfey|0 fnt|[from] brn
|faint|p1a: Comfey
|upkeep
|
|t:|1743844802
|switch|p1a: Tornadus|Tornadus-Therian, M|100/100
|turn|31
|
|t:|1743844808
|move|p1a: Tornadus|Bleakwind Storm|p2a: Ursaluna
|-damage|p2a: Ursaluna|0 fnt
|faint|p2a: Ursaluna
|
|-weather|Snowscape|[upkeep]
|upkeep
|
|t:|1743844813
|switch|p2a: Enamorus|Enamorus-Therian, F|100/100
|-damage|p2a: Enamorus|76/100|[from] Stealth Rock
|turn|32
|
|t:|1743844818
|move|p1a: Tornadus|Bleakwind Storm|p2a: Enamorus
|-damage|p2a: Enamorus|3/100
|move|p2a: Enamorus|Calm Mind|p2a: Enamorus
|-boost|p2a: Enamorus|spa|1
|-boost|p2a: Enamorus|spd|1
|
|-weather|Snowscape|[upkeep]
|-heal|p2a: Enamorus|9/100|[from] item: Leftovers
|upkeep
|turn|33
|c|☆tohelpu|gg
|
|t:|1743844828
|move|p1a: Tornadus|Bleakwind Storm|p2a: Enamorus
|-damage|p2a: Enamorus|0 fnt
|faint|p2a: Enamorus
|
|win|IBBXEF
|raw|IBBXEF's rating: 1180 &rarr; <strong>1207</strong><br />(+27 for winning)
|raw|tohelpu's rating: 1202 &rarr; <strong>1175</strong><br />(-27 for losing)
|c|☆IBBXEF|Gg
|l|☆tohelpu
|player|p2|
|l|☆IBBXEF
|player|p1|
