|j|☆Seraph522
|j|☆typhoon9
|t:|1743887051
|gametype|singles
|player|p1|Seraph522|grimsley|1187
|player|p2|typhoon9|266|1156
|teamsize|p1|6
|teamsize|p2|6
|gen|9
|tier|[Gen 9] OU
|rated|
|rule|HP Percentage Mod: HP is shown in percentages
|rule|Endless Battle Clause: Forcing endless battles is banned
|rule|Species Clause: Limit one of each Pokémon
|rule|OHKO Clause: OHKO moves are banned
|rule|Evasion Items Clause: Evasion items are banned
|rule|Evasion Moves Clause: Evasion moves are banned
|rule|Sleep Moves Clause: Sleep-inducing moves are banned
|clearpoke
|poke|p1|Zamazenta-*|
|poke|p1|Ogerpon-Wellspring, F|
|poke|p1|Slowking-Galar, F|
|poke|p1|Great Tusk|
|poke|p1|Kingambit, M|
|poke|p1|Zapdos|
|poke|p2|Raging Bolt|
|poke|p2|Dragonite, F|
|poke|p2|Alomomola, M|
|poke|p2|Landorus-Therian, M|
|poke|p2|Rotom-Wash|
|poke|p2|Kingambit, M|
|teampreview
|inactive|Battle timer is ON: inactive players will automatically lose when time's up. (requested by typhoon9)
|
|t:|1743887070
|start
|switch|p1a: The Tusk|Great Tusk, shiny|100/100
|switch|p2a: Landorus|Landorus-Therian, M|100/100
|-ability|p2a: Landorus|Intimidate|boost
|-unboost|p1a: The Tusk|atk|1
|turn|1
|
|t:|1743887088
|move|p1a: The Tusk|Stealth Rock|p2a: Landorus
|-sidestart|p2: typhoon9|move: Stealth Rock
|move|p2a: Landorus|Taunt|p1a: The Tusk
|-start|p1a: The Tusk|move: Taunt
|
|upkeep
|turn|2
|
|t:|1743887101
|move|p1a: The Tusk|Ice Spinner|p2a: Landorus
|-supereffective|p2a: Landorus
|-damage|p2a: Landorus|31/100
|move|p2a: Landorus|U-turn|p1a: The Tusk
|-resisted|p1a: The Tusk
|-damage|p1a: The Tusk|92/100
|
|t:|1743887110
|switch|p2a: Rotom|Rotom-Wash|100/100|[from] U-turn
|-damage|p2a: Rotom|88/100|[from] Stealth Rock
|
|-heal|p2a: Rotom|94/100|[from] item: Leftovers
|upkeep
|turn|3
|
|t:|1743887127
|-end|p1a: The Tusk|Protosynthesis|[silent]
|switch|p1a: Thunderbird|Zapdos|100/100
|move|p2a: Rotom|Will-O-Wisp|p1a: Thunderbird
|-status|p1a: Thunderbird|brn
|
|-heal|p2a: Rotom|99/100|[from] item: Leftovers
|-damage|p1a: Thunderbird|94/100 brn|[from] brn
|upkeep
|turn|4
|
|t:|1743887140
|move|p1a: Thunderbird|Volt Switch|p2a: Rotom
|-damage|p2a: Rotom|74/100
|
|t:|1743887148
|switch|p1a: Queenie|Slowking-Galar, F|100/100|[from] Volt Switch
|move|p2a: Rotom|Volt Switch|p1a: Queenie
|-damage|p1a: Queenie|85/100
|
|t:|1743887156
|switch|p2a: Landorus|Landorus-Therian, M|31/100|[from] Volt Switch
|-ability|p2a: Landorus|Intimidate|boost
|-unboost|p1a: Queenie|atk|1
|
|upkeep
|turn|5
|
|t:|1743887175
|move|p2a: Landorus|Earthquake|p1a: Queenie
|-supereffective|p1a: Queenie
|-damage|p1a: Queenie|0 fnt
|faint|p1a: Queenie
|
|upkeep
|
|t:|1743887180
|switch|p1a: Thunderbird|Zapdos|94/100 brn
|turn|6
|
|t:|1743887189
|move|p1a: Thunderbird|Hurricane|p2a: Landorus
|-damage|p2a: Landorus|0 fnt
|faint|p2a: Landorus
|
|-damage|p1a: Thunderbird|88/100 brn|[from] brn
|upkeep
|
|t:|1743887201
|switch|p2a: Raging Bolt|Raging Bolt|100/100
|-damage|p2a: Raging Bolt|88/100|[from] Stealth Rock
|turn|7
|
|t:|1743887212
|move|p1a: Thunderbird|Volt Switch|p2a: Raging Bolt
|-resisted|p2a: Raging Bolt
|-damage|p2a: Raging Bolt|82/100
|
|t:|1743887217
|switch|p1a: The Tusk|Great Tusk, shiny|92/100|[from] Volt Switch
|move|p2a: Raging Bolt|Volt Switch|p1a: The Tusk
|-immune|p1a: The Tusk
|
|upkeep
|turn|8
|
|t:|1743887229
|-terastallize|p2a: Raging Bolt|Grass
|move|p1a: The Tusk|Ice Spinner|p2a: Raging Bolt
|-supereffective|p2a: Raging Bolt
|-damage|p2a: Raging Bolt|38/100
|move|p2a: Raging Bolt|Tera Blast|p1a: The Tusk|[anim] Tera Blast Grass
|-supereffective|p1a: The Tusk
|-damage|p1a: The Tusk|0 fnt
|faint|p1a: The Tusk
|-end|p1a: The Tusk|Protosynthesis|[silent]
|-damage|p2a: Raging Bolt|28/100|[from] item: Life Orb
|
|upkeep
|
|t:|1743887238
|switch|p1a: Thunderbird|Zapdos|88/100 brn
|turn|9
|
|t:|1743887257
|-end|p2a: Raging Bolt|Protosynthesis|[silent]
|switch|p2a: Rotom|Rotom-Wash|74/100
|-damage|p2a: Rotom|62/100|[from] Stealth Rock
|move|p1a: Thunderbird|Hurricane|p2a: Rotom|[miss]
|-miss|p1a: Thunderbird|p2a: Rotom
|
|-heal|p2a: Rotom|68/100|[from] item: Leftovers
|-damage|p1a: Thunderbird|82/100 brn|[from] brn
|upkeep
|turn|10
|
|t:|1743887270
|move|p1a: Thunderbird|Volt Switch|p2a: Rotom
|-damage|p2a: Rotom|40/100
|
|t:|1743887278
|switch|p1a: Fiona|Ogerpon-Wellspring, F|100/100|[from] Volt Switch
|move|p2a: Rotom|Volt Switch|p1a: Fiona
|-damage|p1a: Fiona|69/100
|
|t:|1743887292
|switch|p2a: Dragonite|Dragonite, F|100/100|[from] Volt Switch
|-damage|p2a: Dragonite|76/100|[from] Stealth Rock
|
|upkeep
|turn|11
|
|t:|1743887309
|move|p1a: Fiona|Knock Off|p2a: Dragonite
|-damage|p2a: Dragonite|33/100
|-enditem|p2a: Dragonite|Choice Band|[from] move: Knock Off|[of] p1a: Fiona
|move|p2a: Dragonite|Outrage|p1a: Fiona
|-damage|p1a: Fiona|0 fnt
|faint|p1a: Fiona
|
|upkeep
|
|t:|1743887323
|switch|p1a: Doggo|Zamazenta|100/100
|-ability|p1a: Doggo|Dauntless Shield|boost
|-boost|p1a: Doggo|def|1
|turn|12
|
|t:|1743887329
|move|p1a: Doggo|Ice Fang|p2a: Dragonite
|-supereffective|p2a: Dragonite
|-damage|p2a: Dragonite|0 fnt
|faint|p2a: Dragonite
|
|upkeep
|
|t:|1743887340
|switch|p2a: Alomomola|Alomomola, M|100/100
|-damage|p2a: Alomomola|88/100|[from] Stealth Rock
|turn|13
|
|t:|1743887348
|switch|p1a: Thunderbird|Zapdos|82/100 brn
|move|p2a: Alomomola|Wish|p2a: Alomomola
|
|-heal|p2a: Alomomola|94/100|[from] item: Leftovers
|-damage|p1a: Thunderbird|76/100 brn|[from] brn
|upkeep
|turn|14
|
|t:|1743887357
|move|p1a: Thunderbird|Thunder Wave|p2a: Alomomola
|-status|p2a: Alomomola|par
|cant|p2a: Alomomola|par
|
|-heal|p2a: Alomomola|100/100 par|[from] move: Wish|[wisher] Alomomola
|-damage|p1a: Thunderbird|70/100 brn|[from] brn
|upkeep
|turn|15
|
|t:|1743887370
|move|p1a: Thunderbird|Volt Switch|p2a: Alomomola
|-supereffective|p2a: Alomomola
|-damage|p2a: Alomomola|56/100 par
|
|t:|1743887374
|switch|p1a: Doggo|Zamazenta|100/100|[from] Volt Switch
|cant|p2a: Alomomola|par
|
|-heal|p2a: Alomomola|62/100 par|[from] item: Leftovers
|upkeep
|turn|16
|
|t:|1743887385
|move|p1a: Doggo|Close Combat|p2a: Alomomola
|-damage|p2a: Alomomola|14/100 par
|-unboost|p1a: Doggo|def|1
|-unboost|p1a: Doggo|spd|1
|move|p2a: Alomomola|Wish|p2a: Alomomola
|
|-heal|p2a: Alomomola|20/100 par|[from] item: Leftovers
|upkeep
|turn|17
|
|t:|1743887399
|move|p1a: Doggo|Close Combat|p2a: Alomomola
|-damage|p2a: Alomomola|0 fnt
|-unboost|p1a: Doggo|def|1
|-unboost|p1a: Doggo|spd|1
|faint|p2a: Alomomola
|
|upkeep
|
|t:|1743887406
|switch|p2a: Raging Bolt|Raging Bolt, tera:Grass|28/100
|-damage|p2a: Raging Bolt|16/100|[from] Stealth Rock
|turn|18
|
|t:|1743887413
|switch|p1a: Thunderbird|Zapdos|70/100 brn
|move|p2a: Raging Bolt|Thunderclap||[still]
|-fail|p2a: Raging Bolt
|
|-damage|p1a: Thunderbird|64/100 brn|[from] brn
|upkeep
|turn|19
|
|t:|1743887422
|move|p1a: Thunderbird|Roost|p1a: Thunderbird
|-heal|p1a: Thunderbird|100/100 brn
|-singleturn|p1a: Thunderbird|move: Roost
|move|p2a: Raging Bolt|Draco Meteor|p1a: Thunderbird
|-damage|p1a: Thunderbird|5/100 brn
|-unboost|p2a: Raging Bolt|spa|2
|-damage|p2a: Raging Bolt|6/100|[from] item: Life Orb
|
|-damage|p1a: Thunderbird|0 fnt|[from] brn
|faint|p1a: Thunderbird
|upkeep
|
|t:|1743887433
|switch|p1a: Doggo|Zamazenta|100/100
|turn|20
|
|t:|1743887438
|move|p2a: Raging Bolt|Thunderclap|p1a: Doggo
|-damage|p1a: Doggo|73/100
|-damage|p2a: Raging Bolt|0 fnt|[from] item: Life Orb
|faint|p2a: Raging Bolt
|-end|p2a: Raging Bolt|Protosynthesis|[silent]
|move|p1a: Doggo|Ice Fang|p2: Raging Bolt|[notarget]
|-fail|p1a: Doggo
|
|upkeep
|
|t:|1743887446
|switch|p2a: Rotom|Rotom-Wash|40/100
|-damage|p2a: Rotom|28/100|[from] Stealth Rock
|turn|21
|
|t:|1743887458
|switch|p1a: Shogun|Kingambit, M|100/100
|-activate|p1a: Shogun|ability: Supreme Overlord
|-start|p1a: Shogun|fallen4|[silent]
|move|p2a: Rotom|Will-O-Wisp|p1a: Shogun
|-status|p1a: Shogun|brn
|
|-heal|p2a: Rotom|34/100|[from] item: Leftovers
|-damage|p1a: Shogun|94/100 brn|[from] brn
|upkeep
|turn|22
|inactive|Seraph522 has 120 seconds left.
|
|t:|1743887491
|move|p2a: Rotom|Volt Switch|p1a: Shogun
|-damage|p1a: Shogun|66/100 brn
|
|t:|1743887494
|switch|p2a: Kingambit|Kingambit, M|100/100|[from] Volt Switch
|-damage|p2a: Kingambit|94/100|[from] Stealth Rock
|-activate|p2a: Kingambit|ability: Supreme Overlord
|-start|p2a: Kingambit|fallen4|[silent]
|move|p1a: Shogun|Swords Dance|p1a: Shogun
|-boost|p1a: Shogun|atk|2
|
|-heal|p1a: Shogun|73/100 brn|[from] item: Leftovers
|-damage|p1a: Shogun|66/100 brn|[from] brn
|upkeep
|turn|23
|inactive|Seraph522 has 120 seconds left.
|
|t:|1743887514
|-end|p1a: Shogun|fallen4|[silent]
|switch|p1a: Doggo|Zamazenta|73/100
|move|p2a: Kingambit|Swords Dance|p2a: Kingambit
|-boost|p2a: Kingambit|atk|2
|
|upkeep
|turn|24
|inactive|Seraph522 has 120 seconds left.
|
|t:|1743887523
|move|p2a: Kingambit|Sucker Punch|p1a: Doggo
|-resisted|p1a: Doggo
|-damage|p1a: Doggo|6/100
|-damage|p2a: Kingambit|84/100|[from] item: Life Orb
|move|p1a: Doggo|Close Combat|p2a: Kingambit
|-supereffective|p2a: Kingambit
|-damage|p2a: Kingambit|0 fnt
|-unboost|p1a: Doggo|def|1
|-unboost|p1a: Doggo|spd|1
|faint|p2a: Kingambit
|-end|p2a: Kingambit|fallen4|[silent]
|
|upkeep
|
|t:|1743887533
|switch|p2a: Rotom|Rotom-Wash|34/100
|-damage|p2a: Rotom|22/100|[from] Stealth Rock
|turn|25
|
|t:|1743887540
|move|p1a: Doggo|Close Combat|p2a: Rotom
|-damage|p2a: Rotom|0 fnt
|-unboost|p1a: Doggo|def|1
|-unboost|p1a: Doggo|spd|1
|faint|p2a: Rotom
|
|win|Seraph522
|raw|Seraph522's rating: 1187 &rarr; <strong>1210</strong><br />(+23 for winning)
|raw|typhoon9's rating: 1156 &rarr; <strong>1133</strong><br />(-23 for losing)
|l|☆typhoon9
|player|p2|
