|j|☆ejb14q
|j|☆Nhovah
|t:|1743825382
|gametype|singles
|player|p1|ejb14q|iris|1224
|player|p2|Nhovah|harlequin|1194
|teamsize|p1|6
|teamsize|p2|6
|gen|9
|tier|[Gen 9] OU
|rated|
|rule|HP Percentage Mod: HP is shown in percentages
|rule|Endless Battle Clause: Forcing endless battles is banned
|rule|Species Clause: Limit one of each Pokémon
|rule|OHKO Clause: OHKO moves are banned
|rule|Evasion Items Clause: Evasion items are banned
|rule|Evasion Moves Clause: Evasion moves are banned
|rule|Sleep Moves Clause: Sleep-inducing moves are banned
|clearpoke
|poke|p1|Great Tusk|
|poke|p1|Glimmora, F|
|poke|p1|Samurott-Hisui, F|
|poke|p1|Hatterene, F|
|poke|p1|Gholdengo|
|poke|p1|Meowscarada, F|
|poke|p2|Hydrapple, F|
|poke|p2|Tinkaton, F|
|poke|p2|Moltres|
|poke|p2|Rotom-Wash|
|poke|p2|Great Tusk|
|poke|p2|Darkrai|
|teampreview
|c|☆ejb14q|glhf
|
|t:|1743825422
|start
|switch|p1a: Glimmora|Glimmora, F|100/100
|switch|p2a: UwU|Tinkaton, F|100/100
|-ability|p2a: UwU|Mold Breaker
|turn|1
|inactive|Battle timer is ON: inactive players will automatically lose when time's up. (requested by ejb14q)
|
|t:|1743825431
|move|p2a: UwU|Stealth Rock|p1a: Glimmora
|-sidestart|p1: ejb14q|move: Stealth Rock
|move|p1a: Glimmora|Stealth Rock|p2a: UwU
|-sidestart|p2: Nhovah|move: Stealth Rock
|
|upkeep
|turn|2
|
|t:|1743825438
|move|p2a: UwU|Encore|p1a: Glimmora
|-start|p1a: Glimmora|Encore
|move|p1a: Glimmora|Stealth Rock||[still]
|-fail|p1a: Glimmora
|
|upkeep
|turn|3
|
|t:|1743825448
|switch|p1a: Great Tusk|Great Tusk|100/100
|-damage|p1a: Great Tusk|98/100|[from] Stealth Rock
|move|p2a: UwU|Knock Off|p1a: Great Tusk
|-resisted|p1a: Great Tusk
|-damage|p1a: Great Tusk|91/100
|-enditem|p1a: Great Tusk|Leftovers|[from] move: Knock Off|[of] p2a: UwU
|
|upkeep
|turn|4
|
|t:|1743825465
|switch|p2a: Washing Machine|Rotom-Wash|100/100
|-damage|p2a: Washing Machine|88/100|[from] Stealth Rock
|move|p1a: Great Tusk|Headlong Rush|p2a: Washing Machine
|-immune|p2a: Washing Machine|[from] ability: Levitate
|
|upkeep
|turn|5
|
|t:|1743825473
|move|p1a: Great Tusk|Rapid Spin|p2a: Washing Machine
|-damage|p2a: Washing Machine|74/100
|-boost|p1a: Great Tusk|spe|1
|-damage|p1a: Great Tusk|75/100|[from] item: Rocky Helmet|[of] p2a: Washing Machine
|-sideend|p1: ejb14q|Stealth Rock|[from] move: Rapid Spin|[of] p1a: Great Tusk
|move|p2a: Washing Machine|Will-O-Wisp|p1a: Great Tusk
|-status|p1a: Great Tusk|brn
|
|-damage|p1a: Great Tusk|68/100 brn|[from] brn
|upkeep
|turn|6
|
|t:|1743825497
|-end|p1a: Great Tusk|Protosynthesis|[silent]
|switch|p1a: Samurott|Samurott-Hisui, F|100/100
|move|p2a: Washing Machine|Hydro Pump|p1a: Samurott
|-resisted|p1a: Samurott
|-damage|p1a: Samurott|73/100
|
|upkeep
|turn|7
|
|t:|1743825509
|move|p1a: Samurott|Ceaseless Edge|p2a: Washing Machine
|-damage|p2a: Washing Machine|35/100
|-damage|p1a: Samurott|57/100|[from] item: Rocky Helmet|[of] p2a: Washing Machine
|-sidestart|p2: Nhovah|Spikes
|move|p2a: Washing Machine|Will-O-Wisp|p1a: Samurott
|-status|p1a: Samurott|brn
|
|-damage|p1a: Samurott|50/100 brn|[from] brn
|upkeep
|turn|8
|inactive|Nhovah has 120 seconds left.
|
|t:|1743825555
|move|p1a: Samurott|Ceaseless Edge|p2a: Washing Machine
|-damage|p2a: Washing Machine|14/100
|-damage|p1a: Samurott|34/100 brn|[from] item: Rocky Helmet|[of] p2a: Washing Machine
|-sidestart|p2: Nhovah|Spikes
|move|p2a: Washing Machine|Pain Split|p1a: Samurott
|-sethp|p1a: Samurott|24/100 brn|[from] move: Pain Split|[silent]
|-sethp|p2a: Washing Machine|25/100|[from] move: Pain Split
|
|-damage|p1a: Samurott|17/100 brn|[from] brn
|upkeep
|turn|9
|inactive|Nhovah has 90 seconds left.
|
|t:|1743825580
|move|p1a: Samurott|Ceaseless Edge|p2a: Washing Machine
|-damage|p2a: Washing Machine|5/100
|-damage|p1a: Samurott|1/100 brn|[from] item: Rocky Helmet|[of] p2a: Washing Machine
|-sidestart|p2: Nhovah|Spikes
|move|p2a: Washing Machine|Hydro Pump|p1a: Samurott
|-resisted|p1a: Samurott
|-damage|p1a: Samurott|0 fnt
|faint|p1a: Samurott
|
|upkeep
|
|t:|1743825591
|switch|p1a: Meowscarada|Meowscarada, F|100/100
|turn|10
|
|t:|1743825601
|move|p1a: Meowscarada|U-turn|p2a: Washing Machine
|-start|p1a: Meowscarada|typechange|Bug|[from] ability: Protean
|-damage|p2a: Washing Machine|0 fnt
|-damage|p1a: Meowscarada|84/100|[from] item: Rocky Helmet|[of] p2a: Washing Machine
|faint|p2a: Washing Machine
|
|t:|1743825615
|switch|p1a: Hatterene|Hatterene, F|100/100|[from] U-turn
|
|upkeep
|
|t:|1743825632
|switch|p2a: Fireborb|Moltres|100/100
|turn|11
|
|t:|1743825646
|move|p2a: Fireborb|U-turn|p1a: Hatterene
|-damage|p1a: Hatterene|85/100
|inactive|Nhovah has 90 seconds left.
|
|t:|1743825668
|switch|p2a: UwU|Tinkaton, F|100/100|[from] U-turn
|-damage|p2a: UwU|94/100|[from] Stealth Rock
|-damage|p2a: UwU|69/100|[from] Spikes
|-ability|p2a: UwU|Mold Breaker
|move|p1a: Hatterene|Healing Wish|p1a: Hatterene
|faint|p1a: Hatterene
|
|-heal|p2a: UwU|76/100|[from] item: Leftovers
|upkeep
|
|t:|1743825678
|switch|p1a: Glimmora|Glimmora, F|100/100
|turn|12
|inactive|Nhovah has 90 seconds left.
|
|t:|1743825694
|move|p2a: UwU|Stealth Rock|p1a: Glimmora
|-sidestart|p1: ejb14q|move: Stealth Rock
|move|p1a: Glimmora|Earth Power|p2a: UwU
|-supereffective|p2a: UwU
|-damage|p2a: UwU|25/100
|-unboost|p2a: UwU|spd|1
|
|-heal|p2a: UwU|31/100|[from] item: Leftovers
|upkeep
|turn|13
|inactive|Nhovah has 60 seconds left.
|
|t:|1743825746
|-terastallize|p2a: UwU|Water
|move|p2a: UwU|Gigaton Hammer|p1a: Glimmora
|-supereffective|p1a: Glimmora
|-enditem|p1a: Glimmora|Focus Sash
|-damage|p1a: Glimmora|1/100
|-activate|p1a: Glimmora|ability: Toxic Debris
|-sidestart|p2: Nhovah|move: Toxic Spikes
|move|p1a: Glimmora|Earth Power|p2a: UwU
|-damage|p2a: UwU|0 fnt
|faint|p2a: UwU
|
|upkeep
|
|t:|1743825759
|switch|p2a: Big Donphan|Great Tusk|100/100
|turn|14
|
|t:|1743825779
|switch|p1a: Gholdengo|Gholdengo|100/100
|-damage|p1a: Gholdengo|94/100|[from] Stealth Rock
|-item|p1a: Gholdengo|Air Balloon
|move|p2a: Big Donphan|Knock Off|p1a: Gholdengo
|-supereffective|p1a: Gholdengo
|-damage|p1a: Gholdengo|20/100
|-enditem|p1a: Gholdengo|Air Balloon
|
|upkeep
|turn|15
|inactive|ejb14q has 120 seconds left.
|inactive|Nhovah has 30 seconds left.
|
|t:|1743825801
|move|p2a: Big Donphan|Knock Off|p1a: Gholdengo
|-supereffective|p1a: Gholdengo
|-damage|p1a: Gholdengo|0 fnt
|faint|p1a: Gholdengo
|
|upkeep
|
|t:|1743825805
|switch|p1a: Glimmora|Glimmora, F|1/100
|-heal|p1a: Glimmora|100/100|[from] move: Healing Wish
|-damage|p1a: Glimmora|88/100|[from] Stealth Rock
|turn|16
|c|☆Nhovah|!data healing wish
|raw|<ul class="utilichart"><li class="result"><span class="col movenamecol"><a href="https://dex.pokemonshowdown.com/moves/healingwish">Healing Wish</a></span> <span class="col typecol"><img src="//play.pokemonshowdown.com/sprites/types/Psychic.png" alt="Psychic" width="32" height="14"><img src="//play.pokemonshowdown.com/sprites/categories/Status.png" alt="Status" width="32" height="14"></span> <span class="col widelabelcol"><em>Accuracy</em><br>—</span> <span class="col pplabelcol"><em>PP</em><br>16</span> <span class="col movedesccol">User faints. Next hurt Pokemon is fully healed.</span> </li><li style="clear:both"></li></ul>

|c|☆Nhovah|ah
|inactive|Nhovah has 30 seconds left.
|
|t:|1743825825
|move|p2a: Big Donphan|Headlong Rush|p1a: Glimmora
|-supereffective|p1a: Glimmora
|-damage|p1a: Glimmora|0 fnt
|-unboost|p2a: Big Donphan|def|1
|-unboost|p2a: Big Donphan|spd|1
|-activate|p1a: Glimmora|ability: Toxic Debris
|-sidestart|p2: Nhovah|move: Toxic Spikes
|faint|p1a: Glimmora
|
|upkeep
|inactive|Nhovah has 30 seconds left this turn.
|
|t:|1743825833
|switch|p1a: Meowscarada|Meowscarada, F|84/100
|-damage|p1a: Meowscarada|72/100|[from] Stealth Rock
|turn|17
|inactive|Nhovah has 30 seconds left.
|inactive|ejb14q has 120 seconds left.
|c|☆ejb14q|ye once I figured out it doesn't just heal the next Pokemon ive been abusing it lmao
|
|t:|1743825880
|-end|p2a: Big Donphan|Protosynthesis|[silent]
|switch|p2a: Fireborb|Moltres|100/100
|move|p1a: Meowscarada|Flower Trick|p2a: Fireborb
|-start|p1a: Meowscarada|typechange|Grass|[from] ability: Protean
|-resisted|p2a: Fireborb
|-crit|p2a: Fireborb
|-damage|p2a: Fireborb|82/100
|
|upkeep
|turn|18
|inactive|Nhovah has 30 seconds left.
|-message|ejb14q forfeited.
|
|win|Nhovah
|inactive|Nhovah has 30 seconds left this turn.
|raw|ejb14q's rating: 1224 &rarr; <strong>1197</strong><br />(-27 for losing)
|raw|Nhovah's rating: 1194 &rarr; <strong>1221</strong><br />(+27 for winning)
|l|☆ejb14q
|player|p1|
|c|☆Nhovah|gg
|l|☆Nhovah
|player|p2|
