|j|☆Princessjosie1001
|j|☆Faerstalker
|t:|1743863001
|gametype|singles
|player|p1|Princessjosie1001|nurse|1220
|player|p2|Faerstalker|2|1288
|teamsize|p1|6
|teamsize|p2|6
|gen|9
|tier|[Gen 9] OU
|rated|
|rule|HP Percentage Mod: HP is shown in percentages
|rule|Endless Battle Clause: Forcing endless battles is banned
|rule|Species Clause: Limit one of each Pokémon
|rule|OHKO Clause: OHKO moves are banned
|rule|Evasion Items Clause: Evasion items are banned
|rule|Evasion Moves Clause: Evasion moves are banned
|rule|Sleep Moves Clause: Sleep-inducing moves are banned
|clearpoke
|poke|p1|Cinderace, M|
|poke|p1|Cloyster, F|
|poke|p1|Hatterene, F|
|poke|p1|Espeon, M|
|poke|p1|Jirachi|
|poke|p1|Yanmega, F|
|poke|p2|Garganacl, F|
|poke|p2|Primarina, M|
|poke|p2|Trevenant, F|
|poke|p2|Torkoal, M|
|poke|p2|Iron Hands|
|poke|p2|Moltres-Galar|
|teampreview
|inactive|Battle timer is ON: inactive players will automatically lose when time's up. (requested by Faerstalker)
|
|t:|1743863006
|start
|switch|p1a: Yanmega|Yanmega, F|100/100
|switch|p2a: Torkoal|Torkoal, M|100/100
|-weather|SunnyDay|[from] ability: Drought|[of] p2a: Torkoal
|turn|1
|
|t:|1743863012
|move|p1a: Yanmega|Air Slash|p2a: Torkoal
|-damage|p2a: Torkoal|38/100
|-damage|p1a: Yanmega|91/100|[from] item: Life Orb
|move|p2a: Torkoal|Flamethrower|p1a: Yanmega
|-supereffective|p1a: Yanmega
|-damage|p1a: Yanmega|0 fnt
|faint|p1a: Yanmega
|
|-weather|SunnyDay|[upkeep]
|upkeep
|
|t:|1743863020
|switch|p1a: Jirachi|Jirachi|100/100
|turn|2
|
|t:|1743863024
|move|p1a: Jirachi|U-turn|p2a: Torkoal
|-resisted|p2a: Torkoal
|-damage|p2a: Torkoal|30/100
|
|t:|1743863031
|switch|p1a: No hazard allowed|Espeon, M|100/100|[from] U-turn
|move|p2a: Torkoal|Flamethrower|p1a: No hazard allowed
|-damage|p1a: No hazard allowed|21/100
|-status|p1a: No hazard allowed|brn
|
|-weather|SunnyDay|[upkeep]
|-damage|p1a: No hazard allowed|15/100 brn|[from] brn
|upkeep
|turn|3
|
|t:|1743863044
|switch|p2a: Trevenant|Trevenant, F|100/100
|move|p1a: No hazard allowed|Psychic|p2a: Trevenant
|-damage|p2a: Trevenant|65/100
|
|-weather|SunnyDay|[upkeep]
|-damage|p1a: No hazard allowed|9/100 brn|[from] brn
|upkeep
|turn|4
|
|t:|1743863052
|switch|p1a: Hatterene|Hatterene, F|100/100
|move|p2a: Trevenant|Leech Seed|p1a: Hatterene
|move|p1a: Hatterene|Leech Seed|p2a: Trevenant|[from] ability: Magic Bounce
|-immune|p2a: Trevenant
|
|-weather|SunnyDay|[upkeep]
|upkeep
|turn|5
|
|t:|1743863060
|move|p2a: Trevenant|Poltergeist|p1a: Hatterene
|-activate|p1a: Hatterene|move: Poltergeist|Focus Sash
|-supereffective|p1a: Hatterene
|-enditem|p1a: Hatterene|Focus Sash
|-damage|p1a: Hatterene|1/100
|move|p1a: Hatterene|Nuzzle|p2a: Trevenant
|-resisted|p2a: Trevenant
|-damage|p2a: Trevenant|62/100
|-status|p2a: Trevenant|par
|
|-weather|SunnyDay|[upkeep]
|upkeep
|turn|6
|
|t:|1743863072
|move|p1a: Hatterene|Mystical Fire|p2a: Trevenant
|-supereffective|p2a: Trevenant
|-damage|p2a: Trevenant|1/100 par
|-unboost|p2a: Trevenant|spa|1
|-enditem|p2a: Trevenant|Starf Berry|[eat]
|-boost|p2a: Trevenant|spe|2|[from] item: Starf Berry
|cant|p2a: Trevenant|par
|
|-weather|SunnyDay|[upkeep]
|-item|p2a: Trevenant|Starf Berry|[from] ability: Harvest
|upkeep
|-enditem|p2a: Trevenant|Starf Berry|[eat]
|-boost|p2a: Trevenant|atk|2|[from] item: Starf Berry
|turn|7
|
|t:|1743863085
|move|p2a: Trevenant|Horn Leech|p1a: Hatterene
|-damage|p1a: Hatterene|0 fnt
|-heal|p2a: Trevenant|1/100 par|[from] drain|[of] p1a: Hatterene
|faint|p1a: Hatterene
|
|-weather|SunnyDay|[upkeep]
|-item|p2a: Trevenant|Starf Berry|[from] ability: Harvest
|upkeep
|-enditem|p2a: Trevenant|Starf Berry|[eat]
|-boost|p2a: Trevenant|spe|2|[from] item: Starf Berry
|
|t:|1743863096
|switch|p1a: Cloyster|Cloyster, F|100/100
|turn|8
|
|t:|1743863107
|move|p1a: Cloyster|Ice Shard|p2a: Trevenant
|-supereffective|p2a: Trevenant
|-damage|p2a: Trevenant|0 fnt
|faint|p2a: Trevenant
|
|-weather|none
|upkeep
|
|t:|1743863114
|switch|p2a: Iron Hands|Iron Hands|100/100
|turn|9
|
|t:|1743863126
|switch|p1a: Cinderace|Cinderace, M|100/100
|move|p2a: Iron Hands|Drain Punch|p1a: Cinderace
|-damage|p1a: Cinderace|35/100
|
|upkeep
|turn|10
|
|t:|1743863133
|move|p1a: Cinderace|Pyro Ball|p2a: Iron Hands|[miss]
|-miss|p1a: Cinderace|p2a: Iron Hands
|move|p2a: Iron Hands|Earthquake|p1a: Cinderace
|-supereffective|p1a: Cinderace
|-damage|p1a: Cinderace|0 fnt
|faint|p1a: Cinderace
|
|upkeep
|
|t:|1743863141
|switch|p1a: Jirachi|Jirachi|100/100
|turn|11
|
|t:|1743863150
|move|p1a: Jirachi|Zen Headbutt|p2a: Iron Hands
|-supereffective|p2a: Iron Hands
|-damage|p2a: Iron Hands|53/100
|move|p2a: Iron Hands|Earthquake|p1a: Jirachi
|-supereffective|p1a: Jirachi
|-damage|p1a: Jirachi|13/100
|
|upkeep
|turn|12
|
|t:|1743863157
|-end|p2a: Iron Hands|Quark Drive|[silent]
|switch|p2a: Moltres|Moltres-Galar|100/100
|move|p1a: Jirachi|Zen Headbutt|p2a: Moltres
|-immune|p2a: Moltres
|
|upkeep
|turn|13
|
|t:|1743863163
|switch|p1a: No hazard allowed|Espeon, M|9/100 brn
|move|p2a: Moltres|Agility|p2a: Moltres
|-boost|p2a: Moltres|spe|2
|
|-damage|p1a: No hazard allowed|3/100 brn|[from] brn
|upkeep
|turn|14
|
|t:|1743863170
|move|p2a: Moltres|Fiery Wrath|p1a: No hazard allowed
|-supereffective|p1a: No hazard allowed
|-damage|p1a: No hazard allowed|0 fnt
|faint|p1a: No hazard allowed
|
|upkeep
|
|t:|1743863176
|switch|p1a: Cloyster|Cloyster, F|100/100
|turn|15
|
|t:|1743863179
|move|p2a: Moltres|Fiery Wrath|p1a: Cloyster
|-crit|p1a: Cloyster
|-enditem|p1a: Cloyster|Focus Sash
|-damage|p1a: Cloyster|1/100
|move|p1a: Cloyster|Shell Smash|p1a: Cloyster
|-unboost|p1a: Cloyster|def|1
|-unboost|p1a: Cloyster|spd|1
|-boost|p1a: Cloyster|atk|2
|-boost|p1a: Cloyster|spa|2
|-boost|p1a: Cloyster|spe|2
|
|upkeep
|turn|16
|
|t:|1743863190
|-terastallize|p1a: Cloyster|Ice
|move|p1a: Cloyster|Ice Shard|p2a: Moltres
|-supereffective|p2a: Moltres
|-damage|p2a: Moltres|0 fnt
|faint|p2a: Moltres
|
|upkeep
|
|t:|1743863197
|switch|p2a: Primarina|Primarina, M|100/100
|turn|17
|
|t:|1743863200
|move|p2a: Primarina|Aqua Jet|p1a: Cloyster
|-damage|p1a: Cloyster|0 fnt
|faint|p1a: Cloyster
|
|upkeep
|
|t:|1743863204
|switch|p1a: Jirachi|Jirachi|13/100
|turn|18
|
|t:|1743863207
|move|p1a: Jirachi|Iron Head|p2a: Primarina
|-damage|p2a: Primarina|56/100
|move|p2a: Primarina|Hyper Voice|p1a: Jirachi
|-damage|p1a: Jirachi|0 fnt
|faint|p1a: Jirachi
|
|win|Faerstalker
|raw|Princessjosie1001's rating: 1220 &rarr; <strong>1200</strong><br />(-20 for losing)
|raw|Faerstalker's rating: 1288 &rarr; <strong>1308</strong><br />(+20 for winning)
|l|☆Princessjosie1001
|player|p1|
|l|☆Faerstalker
|player|p2|
