|j|☆Plata251
|j|‽honeyfee
|t:|1743813460
|gametype|singles
|player|p1|Plata251|pokefan-gen2|1267
|player|p2|honeyfee|ltsurge|1304
|teamsize|p1|6
|teamsize|p2|6
|gen|9
|tier|[Gen 9] OU
|rated|
|rule|HP Percentage Mod: HP is shown in percentages
|rule|Endless Battle Clause: Forcing endless battles is banned
|rule|Species Clause: Limit one of each Pokémon
|rule|OHKO Clause: OHKO moves are banned
|rule|Evasion Items Clause: Evasion items are banned
|rule|Evasion Moves Clause: Evasion moves are banned
|rule|Sleep Moves Clause: Sleep-inducing moves are banned
|clearpoke
|poke|p1|Delphox, M|
|poke|p1|Ting-Lu|
|poke|p1|Garganacl, M|
|poke|p1|Gholdengo|
|poke|p1|Great Tusk|
|poke|p1|Ribombee, M|
|poke|p2|Samurott-Hisui, F|
|poke|p2|Glimmora, F|
|poke|p2|Kingambit, M|
|poke|p2|Iron Moth|
|poke|p2|Zamazenta-*|
|poke|p2|Iron Valiant|
|teampreview
|inactive|Battle timer is ON: inactive players will automatically lose when time's up. (requested by honeyfee)
|
|t:|1743813495
|start
|switch|p1a: Garganacl|Garganacl, M|100/100
|switch|p2a: Glimmora|Glimmora, F|100/100
|turn|1
|
|t:|1743813500
|move|p2a: Glimmora|Stealth Rock|p1a: Garganacl
|-sidestart|p1: Plata251|move: Stealth Rock
|move|p1a: Garganacl|Block|p2a: Glimmora
|-activate|p2a: Glimmora|trapped
|
|upkeep
|turn|2
|
|t:|1743813505
|move|p2a: Glimmora|Earth Power|p1a: Garganacl
|-supereffective|p1a: Garganacl
|-damage|p1a: Garganacl|55/100
|move|p1a: Garganacl|Salt Cure|p2a: Glimmora
|-damage|p2a: Glimmora|84/100
|-start|p2a: Glimmora|Salt Cure
|-activate|p2a: Glimmora|ability: Toxic Debris
|-sidestart|p1: Plata251|move: Toxic Spikes
|
|-heal|p1a: Garganacl|62/100|[from] item: Leftovers
|-damage|p2a: Glimmora|72/100|[from] Salt Cure
|upkeep
|turn|3
|
|t:|1743813518
|move|p1a: Garganacl|Protect|p1a: Garganacl
|-singleturn|p1a: Garganacl|Protect
|move|p2a: Glimmora|Mortal Spin|p1a: Garganacl
|-activate|p1a: Garganacl|move: Protect
|
|-heal|p1a: Garganacl|68/100|[from] item: Leftovers
|-damage|p2a: Glimmora|59/100|[from] Salt Cure
|upkeep
|turn|4
|
|t:|1743813529
|-terastallize|p1a: Garganacl|Water
|move|p2a: Glimmora|Mortal Spin|p1a: Garganacl
|-damage|p1a: Garganacl|64/100
|move|p1a: Garganacl|Salt Cure|p2a: Glimmora
|-crit|p2a: Glimmora
|-damage|p2a: Glimmora|35/100
|-activate|p2a: Glimmora|ability: Toxic Debris
|-sidestart|p1: Plata251|move: Toxic Spikes
|
|-heal|p1a: Garganacl|70/100|[from] item: Leftovers
|-damage|p2a: Glimmora|22/100|[from] Salt Cure
|upkeep
|turn|5
|
|t:|1743813539
|move|p1a: Garganacl|Protect|p1a: Garganacl
|-singleturn|p1a: Garganacl|Protect
|move|p2a: Glimmora|Earth Power|p1a: Garganacl
|-activate|p1a: Garganacl|move: Protect
|
|-heal|p1a: Garganacl|76/100|[from] item: Leftovers
|-damage|p2a: Glimmora|10/100|[from] Salt Cure
|upkeep
|turn|6
|
|t:|1743813542
|move|p2a: Glimmora|Earth Power|p1a: Garganacl
|-damage|p1a: Garganacl|54/100
|move|p1a: Garganacl|Recover|p1a: Garganacl
|-heal|p1a: Garganacl|100/100
|
|-damage|p2a: Glimmora|0 fnt|[from] Salt Cure
|faint|p2a: Glimmora
|upkeep
|
|t:|1743813559
|switch|p2a: Samurott|Samurott-Hisui, F|100/100
|turn|7
|
|t:|1743813564
|move|p2a: Samurott|Swords Dance|p2a: Samurott
|-boost|p2a: Samurott|atk|2
|move|p1a: Garganacl|Salt Cure|p2a: Samurott
|-damage|p2a: Samurott|85/100
|-start|p2a: Samurott|Salt Cure
|
|-damage|p2a: Samurott|60/100|[from] Salt Cure
|upkeep
|turn|8
|
|t:|1743813575
|move|p2a: Samurott|Swords Dance|p2a: Samurott
|-boost|p2a: Samurott|atk|2
|move|p1a: Garganacl|Block|p2a: Samurott
|-activate|p2a: Samurott|trapped
|
|-damage|p2a: Samurott|35/100|[from] Salt Cure
|upkeep
|turn|9
|
|t:|1743813582
|move|p1a: Garganacl|Protect|p1a: Garganacl
|-singleturn|p1a: Garganacl|Protect
|move|p2a: Samurott|Ceaseless Edge|p1a: Garganacl
|-activate|p1a: Garganacl|move: Protect
|
|-damage|p2a: Samurott|10/100|[from] Salt Cure
|upkeep
|turn|10
|
|t:|1743813586
|move|p2a: Samurott|Ceaseless Edge|p1a: Garganacl
|-damage|p1a: Garganacl|5/100
|-sidestart|p1: Plata251|Spikes
|move|p1a: Garganacl|Recover|p1a: Garganacl
|-heal|p1a: Garganacl|55/100
|
|-heal|p1a: Garganacl|61/100|[from] item: Leftovers
|-damage|p2a: Samurott|0 fnt|[from] Salt Cure
|faint|p2a: Samurott
|upkeep
|
|t:|1743813599
|switch|p2a: Iron Valiant|Iron Valiant|100/100
|-enditem|p2a: Iron Valiant|Booster Energy
|-activate|p2a: Iron Valiant|ability: Quark Drive|[fromitem]
|-start|p2a: Iron Valiant|quarkdrivespe
|turn|11
|
|t:|1743813604
|move|p1a: Garganacl|Protect|p1a: Garganacl
|-singleturn|p1a: Garganacl|Protect
|move|p2a: Iron Valiant|Encore|p1a: Garganacl
|-activate|p1a: Garganacl|move: Protect
|
|-heal|p1a: Garganacl|67/100|[from] item: Leftovers
|upkeep
|turn|12
|
|t:|1743813610
|switch|p1a: Gholdengo|Gholdengo|100/100
|-damage|p1a: Gholdengo|94/100|[from] Stealth Rock
|-item|p1a: Gholdengo|Air Balloon
|move|p2a: Iron Valiant|Encore|p1a: Gholdengo
|-immune|p1a: Gholdengo|[from] ability: Good as Gold
|
|upkeep
|turn|13
|
|t:|1743813615
|move|p2a: Iron Valiant|Knock Off|p1a: Gholdengo
|-supereffective|p1a: Gholdengo
|-damage|p1a: Gholdengo|46/100
|-enditem|p1a: Gholdengo|Air Balloon
|move|p1a: Gholdengo|Thunder Wave|p2a: Iron Valiant|[miss]
|-miss|p1a: Gholdengo|p2a: Iron Valiant
|
|upkeep
|turn|14
|
|t:|1743813625
|move|p2a: Iron Valiant|Swords Dance|p2a: Iron Valiant
|-boost|p2a: Iron Valiant|atk|2
|move|p1a: Gholdengo|Thunder Wave|p2a: Iron Valiant
|-status|p2a: Iron Valiant|par
|
|upkeep
|turn|15
|
|t:|1743813638
|move|p2a: Iron Valiant|Knock Off|p1a: Gholdengo
|-supereffective|p1a: Gholdengo
|-damage|p1a: Gholdengo|0 fnt
|faint|p1a: Gholdengo
|
|upkeep
|
|t:|1743813642
|switch|p1a: Great Tusk|Great Tusk|100/100
|turn|16
|
|t:|1743813648
|move|p1a: Great Tusk|Rapid Spin|p2a: Iron Valiant
|-damage|p2a: Iron Valiant|83/100 par
|-boost|p1a: Great Tusk|spe|1
|-sideend|p1: Plata251|Spikes|[from] move: Rapid Spin|[of] p1a: Great Tusk
|-sideend|p1: Plata251|Toxic Spikes|[from] move: Rapid Spin|[of] p1a: Great Tusk
|-sideend|p1: Plata251|Stealth Rock|[from] move: Rapid Spin|[of] p1a: Great Tusk
|move|p2a: Iron Valiant|Close Combat|p1a: Great Tusk
|-damage|p1a: Great Tusk|27/100
|-unboost|p2a: Iron Valiant|def|1
|-unboost|p2a: Iron Valiant|spd|1
|
|upkeep
|turn|17
|
|t:|1743813656
|move|p1a: Great Tusk|Earthquake|p2a: Iron Valiant
|-damage|p2a: Iron Valiant|0 fnt
|faint|p2a: Iron Valiant
|-end|p2a: Iron Valiant|Quark Drive|[silent]
|
|upkeep
|
|t:|1743813661
|switch|p2a: Zamazenta|Zamazenta|100/100
|-ability|p2a: Zamazenta|Dauntless Shield|boost
|-boost|p2a: Zamazenta|def|1
|turn|18
|
|t:|1743813667
|move|p1a: Great Tusk|Knock Off|p2a: Zamazenta
|-resisted|p2a: Zamazenta
|-damage|p2a: Zamazenta|94/100
|-enditem|p2a: Zamazenta|Leftovers|[from] move: Knock Off|[of] p1a: Great Tusk
|move|p2a: Zamazenta|Iron Defense|p2a: Zamazenta
|-boost|p2a: Zamazenta|def|2
|
|upkeep
|turn|19
|
|t:|1743813671
|-end|p1a: Great Tusk|Protosynthesis|[silent]
|switch|p1a: Delphox|Delphox, M|100/100
|move|p2a: Zamazenta|Iron Defense|p2a: Zamazenta
|-boost|p2a: Zamazenta|def|2
|
|upkeep
|turn|20
|
|t:|1743813679
|switch|p1a: Great Tusk|Great Tusk|27/100
|move|p2a: Zamazenta|Body Press|p1a: Great Tusk
|-damage|p1a: Great Tusk|0 fnt
|faint|p1a: Great Tusk
|-end|p1a: Great Tusk|Protosynthesis|[silent]
|
|upkeep
|
|t:|1743813682
|switch|p1a: Ribombee|Ribombee, M|100/100
|turn|21
|
|t:|1743813690
|move|p2a: Zamazenta|Body Press|p1a: Ribombee
|-resisted|p1a: Ribombee
|-damage|p1a: Ribombee|38/100
|move|p1a: Ribombee|Stun Spore|p2a: Zamazenta
|-status|p2a: Zamazenta|par
|
|upkeep
|turn|22
|
|t:|1743813697
|move|p1a: Ribombee|Sticky Web|p2a: Zamazenta
|-sidestart|p2: honeyfee|move: Sticky Web
|cant|p2a: Zamazenta|par
|
|upkeep
|turn|23
|
|t:|1743813700
|move|p1a: Ribombee|Moonblast|p2a: Zamazenta
|-supereffective|p2a: Zamazenta
|-damage|p2a: Zamazenta|33/100 par
|move|p2a: Zamazenta|Body Press|p1a: Ribombee
|-resisted|p1a: Ribombee
|-damage|p1a: Ribombee|0 fnt
|faint|p1a: Ribombee
|
|upkeep
|
|t:|1743813707
|switch|p1a: Delphox|Delphox, M|100/100
|turn|24
|
|t:|1743813709
|move|p1a: Delphox|Fire Blast|p2a: Zamazenta
|-crit|p2a: Zamazenta
|-damage|p2a: Zamazenta|0 fnt
|faint|p2a: Zamazenta
|
|upkeep
|
|t:|1743813711
|switch|p2a: Iron Moth|Iron Moth|100/100
|-activate|p2a: Iron Moth|move: Sticky Web
|-unboost|p2a: Iron Moth|spe|1
|-enditem|p2a: Iron Moth|Booster Energy
|-activate|p2a: Iron Moth|ability: Quark Drive|[fromitem]
|-start|p2a: Iron Moth|quarkdrivespa
|turn|25
|
|t:|1743813715
|move|p1a: Delphox|Psyshock|p2a: Iron Moth
|-supereffective|p2a: Iron Moth
|-damage|p2a: Iron Moth|0 fnt
|faint|p2a: Iron Moth
|-end|p2a: Iron Moth|Quark Drive|[silent]
|
|upkeep
|
|t:|1743813718
|switch|p2a: Kingambit|Kingambit, M|100/100
|-activate|p2a: Kingambit|move: Sticky Web
|-unboost|p2a: Kingambit|spe|1
|-activate|p2a: Kingambit|ability: Supreme Overlord
|-start|p2a: Kingambit|fallen5|[silent]
|turn|26
|
|t:|1743813720
|move|p2a: Kingambit|Sucker Punch||[still]
|-fail|p2a: Kingambit
|move|p1a: Delphox|Nasty Plot|p1a: Delphox
|-boost|p1a: Delphox|spa|2
|
|upkeep
|turn|27
|
|t:|1743813722
|move|p2a: Kingambit|Sucker Punch||[still]
|-fail|p2a: Kingambit
|move|p1a: Delphox|Encore|p2a: Kingambit
|-start|p2a: Kingambit|Encore
|
|upkeep
|turn|28
|
|t:|1743813724
|move|p2a: Kingambit|Sucker Punch||[still]
|-fail|p2a: Kingambit
|move|p1a: Delphox|Nasty Plot|p1a: Delphox
|-boost|p1a: Delphox|spa|2
|
|upkeep
|turn|29
|
|t:|1743813726
|move|p2a: Kingambit|Sucker Punch||[still]
|-fail|p2a: Kingambit
|move|p1a: Delphox|Nasty Plot|p1a: Delphox
|-boost|p1a: Delphox|spa|2
|
|upkeep
|turn|30
|-message|honeyfee forfeited.
|
|win|Plata251
|raw|Plata251's rating: 1267 &rarr; <strong>1295</strong><br />(+28 for winning)
|raw|honeyfee's rating: 1304 &rarr; <strong>1282</strong><br />(-22 for losing)
|l|‽honeyfee
|player|p2|
|l|☆Plata251
|player|p1|
