|j|☆akumoa
|j|☆LaironOnTop
|t:|1743858917
|gametype|singles
|player|p1|akumoa|2|1240
|player|p2|LaironOnTop|iris|1247
|teamsize|p1|6
|teamsize|p2|6
|gen|9
|tier|[Gen 9] OU
|rated|
|rule|HP Percentage Mod: HP is shown in percentages
|rule|Endless Battle Clause: Forcing endless battles is banned
|rule|Species Clause: Limit one of each Pokémon
|rule|OHKO Clause: OHKO moves are banned
|rule|Evasion Items Clause: Evasion items are banned
|rule|Evasion Moves Clause: Evasion moves are banned
|rule|Sleep Moves Clause: Sleep-inducing moves are banned
|clearpoke
|poke|p1|Dragapult, F|
|poke|p1|Bisharp, F|
|poke|p1|Ogerpon-Wellspring, F|
|poke|p1|Kyurem|
|poke|p1|Hoopa-Unbound|
|poke|p1|Landorus-Therian, M|
|poke|p2|Darkrai|
|poke|p2|Tinkaton, F|
|poke|p2|Ting-Lu|
|poke|p2|Great Tusk|
|poke|p2|Primarina, F|
|poke|p2|Zapdos|
|teampreview
|c|☆LaironOnTop|glhf#
|
|t:|1743858949
|start
|switch|p1a: Bishop|Bisharp, F|100/100
|switch|p2a: Tinkaton|Tinkaton, F|100/100
|-ability|p2a: Tinkaton|Mold Breaker
|-item|p2a: Tinkaton|Air Balloon
|turn|1
|c|☆LaironOnTop|im feelingnice today
|
|t:|1743858958
|move|p2a: Tinkaton|Knock Off|p1a: Bishop
|-resisted|p1a: Bishop
|-damage|p1a: Bishop|95/100
|-enditem|p1a: Bishop|Eviolite|[from] move: Knock Off|[of] p2a: Tinkaton
|move|p1a: Bishop|Stealth Rock|p2a: Tinkaton
|-sidestart|p2: LaironOnTop|move: Stealth Rock
|
|upkeep
|turn|2
|c|☆akumoa|let's fix that, shall we?
|
|t:|1743858975
|move|p2a: Tinkaton|Encore|p1a: Bishop
|-start|p1a: Bishop|Encore
|move|p1a: Bishop|Stealth Rock||[still]
|-fail|p1a: Bishop
|
|upkeep
|turn|3
|
|t:|1743858981
|switch|p1a: Ogre Pond|Ogerpon-Wellspring, F|100/100
|move|p2a: Tinkaton|Stealth Rock|p1a: Ogre Pond
|-sidestart|p1: akumoa|move: Stealth Rock
|
|upkeep
|turn|4
|
|t:|1743858987
|move|p1a: Ogre Pond|Ivy Cudgel|p2a: Tinkaton|[anim] Ivy Cudgel Water
|-damage|p2a: Tinkaton|34/100
|-enditem|p2a: Tinkaton|Air Balloon
|move|p2a: Tinkaton|Thunder Wave|p1a: Ogre Pond
|-status|p1a: Ogre Pond|par
|
|upkeep
|turn|5
|c|☆LaironOnTop|sure
|
|t:|1743859002
|switch|p2a: Primarina|Primarina, F|100/100
|-damage|p2a: Primarina|88/100|[from] Stealth Rock
|move|p1a: Ogre Pond|U-turn|p2a: Primarina
|-resisted|p2a: Primarina
|-damage|p2a: Primarina|72/100
|
|t:|1743859011
|switch|p1a: Bishop|Bisharp, F|95/100|[from] U-turn
|-damage|p1a: Bishop|89/100|[from] Stealth Rock
|
|upkeep
|turn|6
|
|t:|1743859050
|move|p1a: Bishop|Iron Head|p2a: Primarina
|-damage|p2a: Primarina|20/100
|move|p2a: Primarina|Moonblast|p1a: Bishop
|-damage|p1a: Bishop|12/100
|
|upkeep
|turn|7
|
|t:|1743859078
|switch|p2a: Zapdos|Zapdos|100/100
|-damage|p2a: Zapdos|76/100|[from] Stealth Rock
|move|p1a: Bishop|Sucker Punch||[still]
|-fail|p1a: Bishop
|
|upkeep
|turn|8
|
|t:|1743859101
|move|p2a: Zapdos|Volt Switch|p1a: Bishop
|-damage|p1a: Bishop|0 fnt
|faint|p1a: Bishop
|
|t:|1743859117
|switch|p2a: Ting-Lu|Ting-Lu|100/100|[from] Volt Switch
|-damage|p2a: Ting-Lu|94/100|[from] Stealth Rock
|-ability|p2a: Ting-Lu|Vessel of Ruin
|
|-heal|p2a: Ting-Lu|100/100|[from] item: Leftovers
|upkeep
|
|t:|1743859133
|switch|p1a: Frieza|Kyurem|100/100
|-damage|p1a: Frieza|76/100|[from] Stealth Rock
|-ability|p1a: Frieza|Pressure
|turn|9
|
|t:|1743859141
|move|p1a: Frieza|Freeze-Dry|p2a: Ting-Lu
|-supereffective|p2a: Ting-Lu
|-damage|p2a: Ting-Lu|71/100
|move|p2a: Ting-Lu|Earthquake|p1a: Frieza
|-damage|p1a: Frieza|40/100
|
|-heal|p2a: Ting-Lu|78/100|[from] item: Leftovers
|upkeep
|turn|10
|-message|akumoa forfeited.
|
|win|LaironOnTop
|raw|akumoa's rating: 1240 &rarr; <strong>1216</strong><br />(-24 for losing)
|raw|LaironOnTop's rating: 1247 &rarr; <strong>1271</strong><br />(+24 for winning)
|l|☆akumoa
|player|p1|
|l|☆LaironOnTop
|player|p2|
