|j|☆Be happy every
|j|☆jushudawu
|t:|1743829151
|gametype|singles
|player|p1|Be happy every|n|1252
|player|p2|jushudawu|steven-masters2|1172
|teamsize|p1|6
|teamsize|p2|6
|gen|9
|tier|[Gen 9] OU
|rated|
|rule|HP Percentage Mod: HP is shown in percentages
|rule|Endless Battle Clause: Forcing endless battles is banned
|rule|Species Clause: Limit one of each Pokémon
|rule|OHKO Clause: OHKO moves are banned
|rule|Evasion Items Clause: Evasion items are banned
|rule|Evasion Moves Clause: Evasion moves are banned
|rule|Sleep Moves Clause: Sleep-inducing moves are banned
|clearpoke
|poke|p1|Zamazenta-*|
|poke|p1|Enamorus, F|
|poke|p1|Corviknight, F|
|poke|p1|Darkrai|
|poke|p1|Maushold-Four|
|poke|p1|Pecharunt|
|poke|p2|Iron Valiant|
|poke|p2|Great Tusk|
|poke|p2|Gholdengo|
|poke|p2|Rotom-Wash|
|poke|p2|Kingambit, F|
|poke|p2|Sandy Shocks|
|teampreview
|inactive|Battle timer is ON: inactive players will automatically lose when time's up. (requested by Be happy every)
|
|t:|1743829171
|start
|switch|p1a: Zamazenta|Zamazenta|100/100
|switch|p2a: Rotom|Rotom-Wash|100/100
|-ability|p1a: Zamazenta|Dauntless Shield|boost
|-boost|p1a: Zamazenta|def|1
|turn|1
|
|t:|1743829180
|move|p2a: Rotom|Will-O-Wisp|p1a: Zamazenta
|-status|p1a: Zamazenta|brn
|move|p1a: Zamazenta|Crunch|p2a: Rotom
|-damage|p2a: Rotom|75/100
|-damage|p1a: Zamazenta|91/100 brn|[from] item: Life Orb
|
|-damage|p1a: Zamazenta|84/100 brn|[from] brn
|upkeep
|turn|2
|
|t:|1743829187
|switch|p2a: Great Tusk|Great Tusk|100/100
|move|p1a: Zamazenta|Close Combat|p2a: Great Tusk
|-damage|p2a: Great Tusk|79/100
|-unboost|p1a: Zamazenta|def|1
|-unboost|p1a: Zamazenta|spd|1
|-damage|p1a: Zamazenta|75/100 brn|[from] item: Life Orb
|
|-heal|p2a: Great Tusk|85/100|[from] item: Leftovers
|-damage|p1a: Zamazenta|68/100 brn|[from] brn
|upkeep
|turn|3
|
|t:|1743829196
|switch|p1a: Enamorus|Enamorus, F|100/100
|move|p2a: Great Tusk|Stealth Rock|p1a: Enamorus
|-sidestart|p1: Be happy every|move: Stealth Rock
|
|-heal|p2a: Great Tusk|91/100|[from] item: Leftovers
|upkeep
|turn|4
|
|t:|1743829208
|-end|p2a: Great Tusk|Protosynthesis|[silent]
|switch|p2a: Gholdengo|Gholdengo|100/100
|-item|p2a: Gholdengo|Air Balloon
|move|p1a: Enamorus|Moonblast|p2a: Gholdengo
|-resisted|p2a: Gholdengo
|-crit|p2a: Gholdengo
|-damage|p2a: Gholdengo|57/100
|-unboost|p2a: Gholdengo|spa|1
|-enditem|p2a: Gholdengo|Air Balloon
|
|upkeep
|turn|5
|
|t:|1743829213
|switch|p1a: Corviknight|Corviknight, F|100/100
|-ability|p1a: Corviknight|Pressure
|move|p2a: Gholdengo|Recover|p2a: Gholdengo
|-heal|p2a: Gholdengo|100/100
|
|upkeep
|turn|6
|
|t:|1743829216
|switch|p2a: Rotom|Rotom-Wash|75/100
|move|p1a: Corviknight|U-turn|p2a: Rotom
|-damage|p2a: Rotom|55/100
|
|t:|1743829226
|switch|p1a: Enamorus|Enamorus, F|100/100|[from] U-turn
|-damage|p1a: Enamorus|76/100|[from] Stealth Rock
|
|upkeep
|turn|7
|
|t:|1743829234
|move|p1a: Enamorus|Moonblast|p2a: Rotom
|-damage|p2a: Rotom|0 fnt
|faint|p2a: Rotom
|
|upkeep
|
|t:|1743829238
|switch|p2a: Gholdengo|Gholdengo|100/100
|turn|8
|
|t:|1743829250
|switch|p1a: Zamazenta|Zamazenta|68/100 brn
|-damage|p1a: Zamazenta|62/100 brn|[from] Stealth Rock
|move|p2a: Gholdengo|Nasty Plot|p2a: Gholdengo
|-boost|p2a: Gholdengo|spa|2
|
|-damage|p1a: Zamazenta|56/100 brn|[from] brn
|upkeep
|turn|9
|
|t:|1743829254
|move|p1a: Zamazenta|Crunch|p2a: Gholdengo
|-supereffective|p2a: Gholdengo
|-damage|p2a: Gholdengo|56/100
|-damage|p1a: Zamazenta|46/100 brn|[from] item: Life Orb
|move|p2a: Gholdengo|Shadow Ball|p1a: Zamazenta
|-damage|p1a: Zamazenta|0 fnt
|faint|p1a: Zamazenta
|
|upkeep
|
|t:|1743829259
|switch|p1a: Darkrai|Darkrai|100/100
|-damage|p1a: Darkrai|88/100|[from] Stealth Rock
|turn|10
|
|t:|1743829265
|switch|p2a: Iron Valiant|Iron Valiant|100/100
|-enditem|p2a: Iron Valiant|Booster Energy
|-activate|p2a: Iron Valiant|ability: Quark Drive|[fromitem]
|-start|p2a: Iron Valiant|quarkdrivespe
|move|p1a: Darkrai|Dark Pulse|p2a: Iron Valiant
|-resisted|p2a: Iron Valiant
|-damage|p2a: Iron Valiant|69/100
|
|upkeep
|turn|11
|
|t:|1743829273
|switch|p1a: Pecharunt|Pecharunt|100/100
|-damage|p1a: Pecharunt|88/100|[from] Stealth Rock
|move|p2a: Iron Valiant|Calm Mind|p2a: Iron Valiant
|-boost|p2a: Iron Valiant|spa|1
|-boost|p2a: Iron Valiant|spd|1
|
|-heal|p1a: Pecharunt|94/100|[from] item: Leftovers
|upkeep
|turn|12
|
|t:|1743829278
|-terastallize|p1a: Pecharunt|Fairy
|move|p2a: Iron Valiant|Psyshock|p1a: Pecharunt
|-damage|p1a: Pecharunt|69/100
|move|p1a: Pecharunt|Malignant Chain|p2a: Iron Valiant
|-supereffective|p2a: Iron Valiant
|-damage|p2a: Iron Valiant|0 fnt
|faint|p2a: Iron Valiant
|-end|p2a: Iron Valiant|Quark Drive|[silent]
|
|-heal|p1a: Pecharunt|75/100|[from] item: Leftovers
|upkeep
|
|t:|1743829283
|switch|p2a: Kingambit|Kingambit, F|100/100
|-activate|p2a: Kingambit|ability: Supreme Overlord
|-start|p2a: Kingambit|fallen2|[silent]
|turn|13
|
|t:|1743829290
|switch|p1a: Corviknight|Corviknight, F|100/100
|-ability|p1a: Corviknight|Pressure
|move|p2a: Kingambit|Swords Dance|p2a: Kingambit
|-boost|p2a: Kingambit|atk|2
|
|upkeep
|turn|14
|
|t:|1743829293
|-terastallize|p2a: Kingambit|Dark
|move|p1a: Corviknight|U-turn|p2a: Kingambit
|-supereffective|p2a: Kingambit
|-damage|p2a: Kingambit|78/100
|
|t:|1743829305
|switch|p1a: Pecharunt|Pecharunt, tera:Fairy|75/100|[from] U-turn
|-damage|p1a: Pecharunt|62/100|[from] Stealth Rock
|move|p2a: Kingambit|Kowtow Cleave|p1a: Pecharunt
|-resisted|p1a: Pecharunt
|-damage|p1a: Pecharunt|2/100
|
|-heal|p1a: Pecharunt|8/100|[from] item: Leftovers
|upkeep
|turn|15
|
|t:|1743829309
|move|p1a: Pecharunt|Recover|p1a: Pecharunt
|-heal|p1a: Pecharunt|58/100
|move|p2a: Kingambit|Kowtow Cleave|p1a: Pecharunt
|-resisted|p1a: Pecharunt
|-damage|p1a: Pecharunt|3/100
|
|-heal|p1a: Pecharunt|9/100|[from] item: Leftovers
|upkeep
|turn|16
|
|t:|1743829314
|move|p1a: Pecharunt|Malignant Chain|p2a: Kingambit
|-damage|p2a: Kingambit|32/100
|move|p2a: Kingambit|Iron Head|p1a: Pecharunt
|-supereffective|p1a: Pecharunt
|-damage|p1a: Pecharunt|0 fnt
|faint|p1a: Pecharunt
|
|upkeep
|
|t:|1743829324
|switch|p1a: Enamorus|Enamorus, F|76/100
|-damage|p1a: Enamorus|51/100|[from] Stealth Rock
|turn|17
|
|t:|1743829329
|move|p2a: Kingambit|Sucker Punch|p1a: Enamorus
|-resisted|p1a: Enamorus
|-damage|p1a: Enamorus|0 fnt
|faint|p1a: Enamorus
|
|upkeep
|
|t:|1743829335
|switch|p1a: Darkrai|Darkrai|88/100
|-damage|p1a: Darkrai|76/100|[from] Stealth Rock
|turn|18
|
|t:|1743829346
|move|p2a: Kingambit|Sucker Punch|p1a: Darkrai
|-resisted|p1a: Darkrai
|-damage|p1a: Darkrai|0 fnt
|faint|p1a: Darkrai
|
|upkeep
|
|t:|1743829350
|switch|p1a: Maushold|Maushold-Four|100/100
|-damage|p1a: Maushold|88/100|[from] Stealth Rock
|turn|19
|
|t:|1743829356
|switch|p1a: Corviknight|Corviknight, F|100/100
|-ability|p1a: Corviknight|Pressure
|move|p2a: Kingambit|Kowtow Cleave|p1a: Corviknight
|-damage|p1a: Corviknight|0 fnt
|faint|p1a: Corviknight
|
|upkeep
|
|t:|1743829357
|switch|p1a: Maushold|Maushold-Four|88/100
|-damage|p1a: Maushold|76/100|[from] Stealth Rock
|turn|20
|
|t:|1743829366
|move|p1a: Maushold|Population Bomb|p2a: Kingambit
|-damage|p2a: Kingambit|23/100
|-damage|p2a: Kingambit|14/100
|-crit|p2a: Kingambit
|-damage|p2a: Kingambit|3/100
|-damage|p2a: Kingambit|0 fnt
|faint|p2a: Kingambit
|-end|p2a: Kingambit|fallen2|[silent]
|-hitcount|p2: Kingambit|4
|
|upkeep
|
|t:|1743829372
|switch|p2a: Great Tusk|Great Tusk|91/100
|turn|21
|
|t:|1743829381
|move|p1a: Maushold|Bite|p2a: Great Tusk
|-resisted|p2a: Great Tusk
|-damage|p2a: Great Tusk|86/100
|move|p2a: Great Tusk|Earthquake|p1a: Maushold
|-damage|p1a: Maushold|7/100
|
|-heal|p2a: Great Tusk|92/100|[from] item: Leftovers
|upkeep
|turn|22
|
|t:|1743829387
|move|p1a: Maushold|Bite|p2a: Great Tusk
|-resisted|p2a: Great Tusk
|-damage|p2a: Great Tusk|87/100
|move|p2a: Great Tusk|Rapid Spin|p1a: Maushold
|-damage|p1a: Maushold|0 fnt
|-boost|p2a: Great Tusk|spe|1
|faint|p1a: Maushold
|
|win|jushudawu
|raw|Be happy every's rating: 1252 &rarr; <strong>1221</strong><br />(-31 for losing)
|raw|jushudawu's rating: 1172 &rarr; <strong>1203</strong><br />(+31 for winning)
|l|☆Be happy every
|player|p1|
|l|☆jushudawu
|player|p2|
