|j|☆btchiness
|j|☆The_Constance_Evil
|t:|1743794607
|gametype|singles
|player|p1|btchiness|265|1144
|player|p2|The_Constance_Evil|ghetsis-gen5bw|1118
|teamsize|p1|6
|teamsize|p2|6
|gen|9
|tier|[Gen 9] OU
|rated|
|rule|HP Percentage Mod: HP is shown in percentages
|rule|Endless Battle Clause: Forcing endless battles is banned
|rule|Species Clause: Limit one of each Pokémon
|rule|OHKO Clause: OHKO moves are banned
|rule|Evasion Items Clause: Evasion items are banned
|rule|Evasion Moves Clause: Evasion moves are banned
|rule|Sleep Moves Clause: Sleep-inducing moves are banned
|clearpoke
|poke|p1|Pecharunt|
|poke|p1|Incineroar, M|
|poke|p1|Shiftry, F|
|poke|p1|Darkrai|
|poke|p1|Clefable, M|
|poke|p1|Thundurus-Therian, M|
|poke|p2|Illumise, F|
|poke|p2|Araquanid, F|
|poke|p2|Landorus-Therian, M|
|poke|p2|Weavile, M|
|poke|p2|Bombirdier, F|
|poke|p2|Bulbasaur, M|
|teampreview
|inactive|Battle timer is ON: inactive players will automatically lose when time's up. (requested by btchiness)
|
|t:|1743794613
|start
|switch|p1a: Thundurus|Thundurus-Therian, M|100/100
|switch|p2a: Araquanid|Araquanid, F|100/100
|turn|1
|
|t:|1743794619
|switch|p2a: Landorus|Landorus-Therian, M|100/100
|-ability|p2a: Landorus|Intimidate|boost
|-unboost|p1a: Thundurus|atk|1
|move|p1a: Thundurus|Thunderbolt|p2a: Landorus
|-immune|p2a: Landorus
|
|upkeep
|turn|2
|
|t:|1743794632
|switch|p1a: Shiftry|Shiftry, F|100/100
|move|p2a: Landorus|Outrage|p1a: Shiftry
|-crit|p1a: Shiftry
|-enditem|p1a: Shiftry|Focus Sash
|-damage|p1a: Shiftry|1/100
|
|upkeep
|turn|3
|
|t:|1743794640
|switch|p1a: Clefable|Clefable, M|100/100
|move|p2a: Landorus|Outrage|p1a: Clefable|[from] lockedmove
|-immune|p1a: Clefable
|
|upkeep
|turn|4
|
|t:|1743794650
|switch|p2a: Hector's Fear|Illumise, F|100/100
|move|p1a: Clefable|Stealth Rock|p2a: Hector's Fear
|-sidestart|p2: The_Constance_Evil|move: Stealth Rock
|
|upkeep
|turn|5
|
|t:|1743794658
|move|p2a: Hector's Fear|Thunder Wave|p1a: Clefable
|-status|p1a: Clefable|par
|move|p1a: Clefable|Encore|p2a: Hector's Fear
|-start|p2a: Hector's Fear|Encore
|
|upkeep
|turn|6
|
|t:|1743794669
|switch|p2a: Araquanid|Araquanid, F|100/100
|-damage|p2a: Araquanid|76/100|[from] Stealth Rock
|move|p1a: Clefable|Moonblast|p2a: Araquanid
|-damage|p2a: Araquanid|44/100
|
|-heal|p2a: Araquanid|50/100|[from] item: Leftovers
|upkeep
|turn|7
|
|t:|1743794687
|switch|p1a: Darkrai|Darkrai|100/100
|move|p2a: Araquanid|Sticky Web|p1a: Darkrai
|-sidestart|p1: btchiness|move: Sticky Web
|
|-heal|p2a: Araquanid|57/100|[from] item: Leftovers
|upkeep
|turn|8
|
|t:|1743794696
|move|p1a: Darkrai|Dark Pulse|p2a: Araquanid
|-damage|p2a: Araquanid|0 fnt
|faint|p2a: Araquanid
|
|upkeep
|
|t:|1743794709
|switch|p2a: Hector's Fear|Illumise, F|100/100
|-damage|p2a: Hector's Fear|76/100|[from] Stealth Rock
|turn|9
|l|☆The_Constance_Evil
|inactive|The_Constance_Evil disconnected and has a minute to reconnect!
|player|p2|
|
|t:|1743794716
|-terastallize|p1a: Darkrai|Electric
|move|p2a: Hector's Fear|Thunder Wave|p1a: Darkrai
|-immune|p1a: Darkrai
|move|p1a: Darkrai|Dark Pulse|p2a: Hector's Fear
|-damage|p2a: Hector's Fear|7/100
|
|upkeep
|turn|10
|j|☆The_Constance_Evil
|inactive|The_Constance_Evil reconnected and has 150 seconds left.
|player|p2|The_Constance_Evil|ghetsis-gen5bw|
|
|t:|1743794730
|move|p2a: Hector's Fear|Sunny Day|p2a: Hector's Fear
|-weather|SunnyDay
|move|p1a: Darkrai|Dark Pulse|p2a: Hector's Fear
|-damage|p2a: Hector's Fear|0 fnt
|faint|p2a: Hector's Fear
|
|-weather|SunnyDay|[upkeep]
|upkeep
|
|t:|1743794737
|switch|p2a: Hector's Demise|Bulbasaur, M|100/100
|-damage|p2a: Hector's Demise|88/100|[from] Stealth Rock
|turn|11
|
|t:|1743794744
|move|p2a: Hector's Demise|Swords Dance|p2a: Hector's Demise
|-boost|p2a: Hector's Demise|atk|2
|move|p1a: Darkrai|Dark Pulse|p2a: Hector's Demise
|-damage|p2a: Hector's Demise|0 fnt
|faint|p2a: Hector's Demise
|
|-weather|SunnyDay|[upkeep]
|upkeep
|c|☆The_Constance_Evil|:(
|-message|The_Constance_Evil forfeited.
|
|win|btchiness
|raw|btchiness's rating: 1144 &rarr; <strong>1167</strong><br />(+23 for winning)
|raw|The_Constance_Evil's rating: 1118 &rarr; <strong>1095</strong><br />(-23 for losing)
|c|☆btchiness|lol
|l|☆The_Constance_Evil
|player|p2|
|l|☆btchiness
|player|p1|
