|j|☆saturnette
|j|☆RW Tobirama
|t:|1743895407
|gametype|singles
|player|p1|saturnette|mela|
|player|p2|RW Tobirama|265|
|teamsize|p1|6
|teamsize|p2|6
|gen|9
|tier|[Gen 9] OU
|rule|HP Percentage Mod: HP is shown in percentages
|rule|Endless Battle Clause: Forcing endless battles is banned
|rule|Species Clause: Limit one of each Pokémon
|rule|OHKO Clause: OHKO moves are banned
|rule|Evasion Items Clause: Evasion items are banned
|rule|Evasion Moves Clause: Evasion moves are banned
|rule|Sleep Moves Clause: Sleep-inducing moves are banned
|clearpoke
|poke|p1|Dragapult, M|
|poke|p1|Rotom-Wash|
|poke|p1|Landorus-Therian, M|
|poke|p1|Clefable, F|
|poke|p1|Zamazenta-*|
|poke|p1|Samurott-Hisui, F|
|poke|p2|Zapdos|
|poke|p2|Iron Crown|
|poke|p2|Garganacl, M|
|poke|p2|Great Tusk|
|poke|p2|Samurott-Hisui, F|
|poke|p2|Dragapult, M|
|teampreview
|
|t:|1743895440
|start
|switch|p1a: Samurott|Samurott-Hisui, F|100/100
|switch|p2a: Club Paratwice|Zapdos|100/100
|turn|1
|
|t:|1743895450
|switch|p1a: Rotom|Rotom-Wash|100/100
|move|p2a: Club Paratwice|Volt Switch|p1a: Rotom
|-damage|p1a: Rotom|71/100
|
|t:|1743895470
|switch|p2a: Dragapult|Dragapult, M|100/100|[from] Volt Switch
|
|-heal|p1a: Rotom|77/100|[from] item: Leftovers
|upkeep
|turn|2
|
|t:|1743895487
|move|p2a: Dragapult|Will-O-Wisp|p1a: Rotom
|-status|p1a: Rotom|brn
|move|p1a: Rotom|Thunder Wave|p2a: Dragapult|[miss]
|-miss|p1a: Rotom|p2a: Dragapult
|
|-heal|p1a: Rotom|83/100 brn|[from] item: Leftovers
|-damage|p1a: Rotom|77/100 brn|[from] brn
|upkeep
|turn|3
|c|☆saturnette|:'V
|c|☆RW Tobirama|perdon jaja
|
|t:|1743895518
|switch|p2a: Club Paratwice|Zapdos|100/100
|switch|p1a: Samurott|Samurott-Hisui, F|100/100
|
|upkeep
|turn|4
|
|t:|1743895533
|switch|p1a: Landorus|Landorus-Therian, M|100/100
|-ability|p1a: Landorus|Intimidate|boost
|-unboost|p2a: Club Paratwice|atk|1
|move|p2a: Club Paratwice|Thunder Wave|p1a: Landorus
|-immune|p1a: Landorus
|
|upkeep
|turn|5
|
|t:|1743895545
|move|p1a: Landorus|Stealth Rock|p2a: Club Paratwice
|-sidestart|p2: RW Tobirama|move: Stealth Rock
|move|p2a: Club Paratwice|Volt Switch|p1a: Landorus
|-immune|p1a: Landorus
|
|upkeep
|turn|6
|
|t:|1743895553
|move|p1a: Landorus|Smack Down|p2a: Club Paratwice
|-supereffective|p2a: Club Paratwice
|-damage|p2a: Club Paratwice|72/100
|-start|p2a: Club Paratwice|Smack Down
|move|p2a: Club Paratwice|Hurricane|p1a: Landorus|[miss]
|-miss|p2a: Club Paratwice|p1a: Landorus
|
|upkeep
|turn|7
|
|t:|1743895565
|switch|p2a: Great Tusk|Great Tusk|100/100
|-damage|p2a: Great Tusk|98/100|[from] Stealth Rock
|move|p1a: Landorus|Earthquake|p2a: Great Tusk
|-damage|p2a: Great Tusk|44/100
|
|upkeep
|turn|8
|
|t:|1743895604
|move|p1a: Landorus|Earthquake|p2a: Great Tusk
|-damage|p2a: Great Tusk|0 fnt
|faint|p2a: Great Tusk
|-end|p2a: Great Tusk|Protosynthesis|[silent]
|
|upkeep
|
|t:|1743895618
|switch|p2a: Dragapult|Dragapult, M|100/100
|turn|9
|
|t:|1743895663
|switch|p1a: Clefable|Clefable, F|100/100
|move|p2a: Dragapult|U-turn|p1a: Clefable
|-resisted|p1a: Clefable
|-damage|p1a: Clefable|92/100
|
|t:|1743895706
|switch|p2a: Club Paratwice|Zapdos|72/100|[from] U-turn
|
|upkeep
|turn|10
|
|t:|1743895723
|move|p2a: Club Paratwice|Thunder Wave|p1a: Clefable
|-status|p1a: Clefable|par
|move|p1a: Clefable|Calm Mind|p1a: Clefable
|-boost|p1a: Clefable|spa|1
|-boost|p1a: Clefable|spd|1
|
|upkeep
|turn|11
|
|t:|1743895772
|move|p2a: Club Paratwice|Volt Switch|p1a: Clefable
|-damage|p1a: Clefable|73/100 par
|
|t:|1743895785
|switch|p2a: Iron Crown|Iron Crown|100/100|[from] Volt Switch
|-damage|p2a: Iron Crown|94/100|[from] Stealth Rock
|move|p1a: Clefable|Moonblast|p2a: Iron Crown
|-resisted|p2a: Iron Crown
|-damage|p2a: Iron Crown|71/100
|
|upkeep
|turn|12
|
|t:|1743895810
|switch|p1a: Rotom|Rotom-Wash|77/100 brn
|move|p2a: Iron Crown|Psychic Noise|p1a: Rotom
|-damage|p1a: Rotom|22/100 brn
|-start|p1a: Rotom|move: Heal Block
|
|-damage|p1a: Rotom|15/100 brn|[from] brn
|upkeep
|turn|13
|
|t:|1743895856
|-end|p2a: Iron Crown|Quark Drive|[silent]
|switch|p2a: Dragapult|Dragapult, M|100/100
|move|p1a: Rotom|Thunder Wave|p2a: Dragapult
|-status|p2a: Dragapult|par
|
|-damage|p1a: Rotom|9/100 brn|[from] brn
|-end|p1a: Rotom|move: Heal Block
|upkeep
|turn|14
|
|t:|1743895865
|move|p1a: Rotom|Pain Split|p2a: Dragapult
|-sethp|p2a: Dragapult|54/100 par|[from] move: Pain Split|[silent]
|-sethp|p1a: Rotom|57/100 brn|[from] move: Pain Split
|move|p2a: Dragapult|U-turn|p1a: Rotom
|-damage|p1a: Rotom|39/100 brn
|
|t:|1743895890
|switch|p2a: Iron Crown|Iron Crown|71/100|[from] U-turn
|-damage|p2a: Iron Crown|65/100|[from] Stealth Rock
|
|-heal|p1a: Rotom|45/100 brn|[from] item: Leftovers
|-damage|p1a: Rotom|39/100 brn|[from] brn
|upkeep
|turn|15
|
|t:|1743895910
|move|p2a: Iron Crown|Psyshock|p1a: Rotom
|-damage|p1a: Rotom|0 fnt
|faint|p1a: Rotom
|
|upkeep
|
|t:|1743895926
|switch|p1a: Samurott|Samurott-Hisui, F|100/100
|turn|16
|
|t:|1743895938
|-end|p2a: Iron Crown|Quark Drive|[silent]
|switch|p2a: Dragapult|Dragapult, M|54/100 par
|move|p1a: Samurott|Ceaseless Edge|p2a: Dragapult|[miss]
|-miss|p1a: Samurott|p2a: Dragapult
|
|upkeep
|turn|17
|
|t:|1743895957
|move|p1a: Samurott|Ceaseless Edge|p2a: Dragapult
|-supereffective|p2a: Dragapult
|-damage|p2a: Dragapult|0 fnt
|-sidestart|p2: RW Tobirama|Spikes
|faint|p2a: Dragapult
|
|upkeep
|
|t:|1743895976
|switch|p2a: Club Paratwice|Zapdos|72/100
|turn|18
|
|t:|1743896010
|switch|p1a: Landorus|Landorus-Therian, M|100/100
|-ability|p1a: Landorus|Intimidate|boost
|-unboost|p2a: Club Paratwice|atk|1
|move|p2a: Club Paratwice|Hurricane|p1a: Landorus
|-damage|p1a: Landorus|44/100
|-start|p1a: Landorus|confusion
|
|upkeep
|turn|19
|
|t:|1743896019
|-activate|p1a: Landorus|confusion
|move|p1a: Landorus|Smack Down|p2a: Club Paratwice
|-supereffective|p2a: Club Paratwice
|-damage|p2a: Club Paratwice|43/100
|-start|p2a: Club Paratwice|Smack Down
|move|p2a: Club Paratwice|Hurricane|p1a: Landorus
|-crit|p1a: Landorus
|-damage|p1a: Landorus|0 fnt
|faint|p1a: Landorus
|
|upkeep
|
|t:|1743896044
|switch|p1a: Zamazenta|Zamazenta|100/100
|-ability|p1a: Zamazenta|Dauntless Shield|boost
|-boost|p1a: Zamazenta|def|1
|turn|20
|
|t:|1743896074
|move|p1a: Zamazenta|Stone Edge|p2a: Club Paratwice
|-supereffective|p2a: Club Paratwice
|-damage|p2a: Club Paratwice|0 fnt
|faint|p2a: Club Paratwice
|-damage|p1a: Zamazenta|91/100|[from] item: Life Orb
|
|upkeep
|
|t:|1743896086
|switch|p2a: Garganacl|Garganacl, M|100/100
|-damage|p2a: Garganacl|88/100|[from] Stealth Rock
|-damage|p2a: Garganacl|76/100|[from] Spikes
|turn|21
|
|t:|1743896113
|-terastallize|p2a: Garganacl|Water
|move|p1a: Zamazenta|Close Combat|p2a: Garganacl
|-damage|p2a: Garganacl|27/100
|-unboost|p1a: Zamazenta|def|1
|-unboost|p1a: Zamazenta|spd|1
|-damage|p1a: Zamazenta|81/100|[from] item: Life Orb
|move|p2a: Garganacl|Curse|p2a: Garganacl
|-unboost|p2a: Garganacl|spe|1
|-boost|p2a: Garganacl|atk|1
|-boost|p2a: Garganacl|def|1
|
|-heal|p2a: Garganacl|34/100|[from] item: Leftovers
|upkeep
|turn|22
|
|t:|1743896141
|switch|p1a: Clefable|Clefable, F|73/100 par
|move|p2a: Garganacl|Recover|p2a: Garganacl
|-heal|p2a: Garganacl|84/100
|
|-heal|p2a: Garganacl|90/100|[from] item: Leftovers
|upkeep
|turn|23
|
|t:|1743896148
|move|p1a: Clefable|Calm Mind|p1a: Clefable
|-boost|p1a: Clefable|spa|1
|-boost|p1a: Clefable|spd|1
|move|p2a: Garganacl|Salt Cure|p1a: Clefable
|-damage|p1a: Clefable|58/100 par
|-start|p1a: Clefable|Salt Cure
|
|-heal|p2a: Garganacl|96/100|[from] item: Leftovers
|upkeep
|turn|24
|
|t:|1743896164
|move|p1a: Clefable|Moonlight|p1a: Clefable
|-heal|p1a: Clefable|100/100 par
|move|p2a: Garganacl|Earthquake|p1a: Clefable
|-damage|p1a: Clefable|76/100 par
|
|-heal|p2a: Garganacl|100/100|[from] item: Leftovers
|upkeep
|turn|25
|
|t:|1743896185
|switch|p2a: Iron Crown|Iron Crown|65/100
|-damage|p2a: Iron Crown|58/100|[from] Stealth Rock
|-damage|p2a: Iron Crown|46/100|[from] Spikes
|move|p1a: Clefable|Calm Mind|p1a: Clefable
|-boost|p1a: Clefable|spa|1
|-boost|p1a: Clefable|spd|1
|
|upkeep
|turn|26
|
|t:|1743896336
|switch|p1a: Samurott|Samurott-Hisui, F|100/100
|move|p2a: Iron Crown|Psyshock|p1a: Samurott
|-immune|p1a: Samurott
|
|upkeep
|turn|27
|
|t:|1743896347
|-end|p2a: Iron Crown|Quark Drive|[silent]
|switch|p2a: Garganacl|Garganacl, M, tera:Water|100/100
|-damage|p2a: Garganacl|88/100|[from] Stealth Rock
|-damage|p2a: Garganacl|76/100|[from] Spikes
|move|p1a: Samurott|Ceaseless Edge|p2a: Garganacl|[miss]
|-miss|p1a: Samurott|p2a: Garganacl
|
|-heal|p2a: Garganacl|82/100|[from] item: Leftovers
|upkeep
|turn|28
|
|t:|1743896365
|move|p1a: Samurott|Knock Off|p2a: Garganacl
|-damage|p2a: Garganacl|52/100
|-enditem|p2a: Garganacl|Leftovers|[from] move: Knock Off|[of] p1a: Samurott
|move|p2a: Garganacl|Curse|p2a: Garganacl
|-unboost|p2a: Garganacl|spe|1
|-boost|p2a: Garganacl|atk|1
|-boost|p2a: Garganacl|def|1
|
|upkeep
|turn|29
|
|t:|1743896371
|switch|p1a: Clefable|Clefable, F|76/100 par
|move|p2a: Garganacl|Earthquake|p1a: Clefable
|-damage|p1a: Clefable|48/100 par
|
|upkeep
|turn|30
|
|t:|1743896393
|cant|p1a: Clefable|par
|move|p2a: Garganacl|Earthquake|p1a: Clefable
|-damage|p1a: Clefable|24/100 par
|
|upkeep
|turn|31
|
|t:|1743896398
|move|p1a: Clefable|Moonlight|p1a: Clefable
|-heal|p1a: Clefable|74/100 par
|move|p2a: Garganacl|Earthquake|p1a: Clefable
|-damage|p1a: Clefable|49/100 par
|
|upkeep
|turn|32
|
|t:|1743896410
|move|p1a: Clefable|Moonlight|p1a: Clefable
|-heal|p1a: Clefable|99/100 par
|move|p2a: Garganacl|Curse|p2a: Garganacl
|-unboost|p2a: Garganacl|spe|1
|-boost|p2a: Garganacl|atk|1
|-boost|p2a: Garganacl|def|1
|
|upkeep
|turn|33
|
|t:|1743896420
|move|p1a: Clefable|Calm Mind|p1a: Clefable
|-boost|p1a: Clefable|spa|1
|-boost|p1a: Clefable|spd|1
|move|p2a: Garganacl|Curse|p2a: Garganacl
|-unboost|p2a: Garganacl|spe|1
|-boost|p2a: Garganacl|atk|1
|-boost|p2a: Garganacl|def|1
|
|upkeep
|turn|34
|
|t:|1743896425
|move|p1a: Clefable|Moonblast|p2a: Garganacl
|-damage|p2a: Garganacl|23/100
|move|p2a: Garganacl|Recover|p2a: Garganacl
|-heal|p2a: Garganacl|73/100
|
|upkeep
|turn|35
|
|t:|1743896433
|move|p1a: Clefable|Moonblast|p2a: Garganacl
|-damage|p2a: Garganacl|40/100
|-unboost|p2a: Garganacl|spa|1
|move|p2a: Garganacl|Recover|p2a: Garganacl
|-heal|p2a: Garganacl|90/100
|
|upkeep
|turn|36
|
|t:|1743896440
|move|p1a: Clefable|Calm Mind|p1a: Clefable
|-boost|p1a: Clefable|spa|1
|-boost|p1a: Clefable|spd|1
|move|p2a: Garganacl|Earthquake|p1a: Clefable
|-damage|p1a: Clefable|58/100 par
|
|upkeep
|turn|37
|
|t:|1743896447
|move|p1a: Clefable|Moonblast|p2a: Garganacl
|-damage|p2a: Garganacl|46/100
|move|p2a: Garganacl|Earthquake|p1a: Clefable
|-damage|p1a: Clefable|17/100 par
|
|upkeep
|turn|38
|
|t:|1743896456
|cant|p1a: Clefable|par
|move|p2a: Garganacl|Recover|p2a: Garganacl
|-heal|p2a: Garganacl|96/100
|
|upkeep
|turn|39
|
|t:|1743896464
|cant|p1a: Clefable|par
|move|p2a: Garganacl|Curse|p2a: Garganacl
|-unboost|p2a: Garganacl|spe|1
|-boost|p2a: Garganacl|atk|1
|-boost|p2a: Garganacl|def|1
|
|upkeep
|turn|40
|c|☆saturnette|nah gg
|c|☆saturnette|xd
|
|t:|1743896472
|move|p1a: Clefable|Moonblast|p2a: Garganacl
|-crit|p2a: Garganacl
|-damage|p2a: Garganacl|37/100
|move|p2a: Garganacl|Earthquake|p1a: Clefable
|-damage|p1a: Clefable|0 fnt
|faint|p1a: Clefable
|
|upkeep
|
|t:|1743896494
|switch|p1a: Dragapult|Dragapult, M|100/100
|turn|41
|
|t:|1743896511
|move|p1a: Dragapult|Hex|p2a: Garganacl
|-damage|p2a: Garganacl|27/100
|move|p2a: Garganacl|Recover|p2a: Garganacl
|-heal|p2a: Garganacl|77/100
|
|upkeep
|turn|42
|
|t:|1743896518
|move|p1a: Dragapult|Hex|p2a: Garganacl
|-damage|p2a: Garganacl|68/100
|move|p2a: Garganacl|Earthquake|p1a: Dragapult
|-damage|p1a: Dragapult|12/100
|
|upkeep
|turn|43
|
|t:|1743896524
|move|p1a: Dragapult|Hex|p2a: Garganacl
|-damage|p2a: Garganacl|59/100
|move|p2a: Garganacl|Earthquake|p1a: Dragapult
|-damage|p1a: Dragapult|0 fnt
|faint|p1a: Dragapult
|
|upkeep
|
|t:|1743896527
|switch|p1a: Samurott|Samurott-Hisui, F|100/100
|turn|44
|
|t:|1743896534
|move|p1a: Samurott|Ceaseless Edge|p2a: Garganacl
|-damage|p2a: Garganacl|49/100
|-sidestart|p2: RW Tobirama|Spikes
|move|p2a: Garganacl|Recover|p2a: Garganacl
|-heal|p2a: Garganacl|99/100
|
|upkeep
|turn|45
|
|t:|1743896550
|move|p1a: Samurott|Ceaseless Edge|p2a: Garganacl
|-damage|p2a: Garganacl|88/100
|-sidestart|p2: RW Tobirama|Spikes
|move|p2a: Garganacl|Earthquake|p1a: Samurott
|-damage|p1a: Samurott|22/100
|
|upkeep
|turn|46
|
|t:|1743896555
|move|p1a: Samurott|Ceaseless Edge|p2a: Garganacl
|-damage|p2a: Garganacl|78/100
|move|p2a: Garganacl|Earthquake|p1a: Samurott
|-damage|p1a: Samurott|0 fnt
|faint|p1a: Samurott
|
|upkeep
|
|t:|1743896559
|switch|p1a: Zamazenta|Zamazenta|81/100
|turn|47
|
|t:|1743896562
|move|p1a: Zamazenta|Close Combat|p2a: Garganacl
|-damage|p2a: Garganacl|62/100
|-unboost|p1a: Zamazenta|def|1
|-unboost|p1a: Zamazenta|spd|1
|-damage|p1a: Zamazenta|71/100|[from] item: Life Orb
|move|p2a: Garganacl|Earthquake|p1a: Zamazenta
|-damage|p1a: Zamazenta|0 fnt
|faint|p1a: Zamazenta
|
|win|RW Tobirama
|c|☆RW Tobirama|gg
