|j|☆tdd20070517兹伏奇三吾
|j|☆ezpzlemon
|t:|1743785330
|gametype|singles
|player|p1|tdd20070517兹伏奇三吾|steven|1633
|player|p2|ezpzlemon|1|1579
|teamsize|p1|6
|teamsize|p2|6
|gen|9
|tier|[Gen 9] OU
|rated|
|rule|HP Percentage Mod: HP is shown in percentages
|rule|Endless Battle Clause: Forcing endless battles is banned
|rule|Species Clause: Limit one of each Pokémon
|rule|OHKO Clause: OHKO moves are banned
|rule|Evasion Items Clause: Evasion items are banned
|rule|Evasion Moves Clause: Evasion moves are banned
|rule|Sleep Moves Clause: Sleep-inducing moves are banned
|clearpoke
|poke|p1|Zamazenta-*|
|poke|p1|Walking Wake|
|poke|p1|Ting-Lu|
|poke|p1|Goodra-Hisui, M|
|poke|p1|Skeledirge, F|
|poke|p1|Corviknight, M|
|poke|p2|Dragapult, M|
|poke|p2|Quaquaval, M|
|poke|p2|Scizor, M|
|poke|p2|Heatran, F|
|poke|p2|Darkrai|
|poke|p2|Latias, F|
|teampreview
|
|t:|1743785341
|start
|switch|p1a: Walking Wake|Walking Wake|100/100
|switch|p2a: Heatran|Heatran, F|100/100
|-item|p2a: Heatran|Air Balloon
|turn|1
|
|t:|1743785345
|move|p1a: Walking Wake|Surf|p2a: Heatran
|-supereffective|p2a: Heatran
|-damage|p2a: Heatran|19/100
|-enditem|p2a: Heatran|Air Balloon
|move|p2a: Heatran|Stealth Rock|p1a: Walking Wake
|-sidestart|p1: tdd20070517兹伏奇三吾|move: Stealth Rock
|
|upkeep
|turn|2
|
|t:|1743785354
|switch|p2a: Dragapult|Dragapult, M|100/100
|move|p1a: Walking Wake|Surf|p2a: Dragapult
|-resisted|p2a: Dragapult
|-damage|p2a: Dragapult|75/100
|
|upkeep
|turn|3
|
|t:|1743785364
|-end|p1a: Walking Wake|Protosynthesis|[silent]
|switch|p1a: 前面忘了|Ting-Lu|100/100
|-damage|p1a: 前面忘了|94/100|[from] Stealth Rock
|-ability|p1a: 前面忘了|Vessel of Ruin
|move|p2a: Dragapult|Dragon Darts|p1a: 前面忘了
|-damage|p1a: 前面忘了|79/100
|-anim|p2a: Dragapult|Dragon Darts|p1a: 前面忘了
|-damage|p1a: 前面忘了|63/100
|
|upkeep
|turn|4
|
|t:|1743785369
|switch|p2a: Quaquaval|Quaquaval, M|100/100
|move|p1a: 前面忘了|Throat Chop|p2a: Quaquaval
|-resisted|p2a: Quaquaval
|-damage|p2a: Quaquaval|78/100
|-start|p2a: Quaquaval|Throat Chop|[silent]
|
|upkeep
|turn|5
|
|t:|1743785372
|switch|p1a: 中间忘了|Skeledirge, F|100/100
|move|p2a: Quaquaval|U-turn|p1a: 中间忘了
|-resisted|p1a: 中间忘了
|-damage|p1a: 中间忘了|96/100
|
|t:|1743785374
|switch|p2a: Darkrai|Darkrai|100/100|[from] U-turn
|
|upkeep
|turn|6
|
|t:|1743785377
|switch|p1a: 我需要再生力|Goodra-Hisui, M|100/100
|-damage|p1a: 我需要再生力|94/100|[from] Stealth Rock
|move|p2a: Darkrai|Nasty Plot|p2a: Darkrai
|-boost|p2a: Darkrai|spa|2
|
|upkeep
|turn|7
|
|t:|1743785383
|move|p2a: Darkrai|Dark Pulse|p1a: 我需要再生力
|-damage|p1a: 我需要再生力|36/100
|move|p1a: 我需要再生力|Draco Meteor|p2a: Darkrai
|-damage|p2a: Darkrai|0 fnt
|-unboost|p1a: 我需要再生力|spa|2
|faint|p2a: Darkrai
|
|upkeep
|
|t:|1743785392
|switch|p2a: Quaquaval|Quaquaval, M|78/100
|turn|8
|
|t:|1743785395
|move|p2a: Quaquaval|Close Combat|p1a: 我需要再生力
|-supereffective|p1a: 我需要再生力
|-damage|p1a: 我需要再生力|0 fnt
|-unboost|p2a: Quaquaval|def|1
|-unboost|p2a: Quaquaval|spd|1
|faint|p1a: 我需要再生力
|-ability|p2a: Quaquaval|Moxie|boost
|-boost|p2a: Quaquaval|atk|1
|
|upkeep
|
|t:|1743785398
|switch|p1a: 中间忘了|Skeledirge, F|96/100
|turn|9
|
|t:|1743785403
|switch|p2a: Dragapult|Dragapult, M|75/100
|-terastallize|p1a: 中间忘了|Fairy
|move|p1a: 中间忘了|Hex|p2a: Dragapult
|-supereffective|p2a: Dragapult
|-damage|p2a: Dragapult|11/100
|
|upkeep
|turn|10
|j| akko hd
|
|t:|1743785410
|move|p2a: Dragapult|Phantom Force||[still]
|-prepare|p2a: Dragapult|Phantom Force
|move|p1a: 中间忘了|Hex|p2a: Dragapult|[miss]
|-miss|p1a: 中间忘了|p2a: Dragapult
|
|upkeep
|turn|11
|
|t:|1743785413
|move|p2a: Dragapult|Phantom Force|p1a: 中间忘了|[from] lockedmove
|-damage|p1a: 中间忘了|71/100
|move|p1a: 中间忘了|Hex|p2a: Dragapult
|-supereffective|p2a: Dragapult
|-damage|p2a: Dragapult|0 fnt
|faint|p2a: Dragapult
|
|upkeep
|c| akko hd|Oh you in here getting spanked
|c| akko hd|shesh
|l| akko hd
|inactive|Battle timer is ON: inactive players will automatically lose when time's up. (requested by tdd20070517兹伏奇三吾)
|inactive|ezpzlemon has 120 seconds left.
|
|t:|1743785481
|switch|p2a: Scizor|Scizor, M|100/100
|turn|12
|
|t:|1743785484
|move|p2a: Scizor|Bullet Punch|p1a: 中间忘了
|-supereffective|p1a: 中间忘了
|-damage|p1a: 中间忘了|17/100
|move|p1a: 中间忘了|Torch Song|p2a: Scizor
|-supereffective|p2a: Scizor
|-damage|p2a: Scizor|0 fnt
|-boost|p1a: 中间忘了|spa|1
|faint|p2a: Scizor
|
|upkeep
|
|t:|1743785490
|switch|p2a: Quaquaval|Quaquaval, M|78/100
|turn|13
|
|t:|1743785498
|move|p2a: Quaquaval|Aqua Step|p1a: 中间忘了
|-damage|p1a: 中间忘了|0 fnt
|-boost|p2a: Quaquaval|spe|1
|faint|p1a: 中间忘了
|-ability|p2a: Quaquaval|Moxie|boost
|-boost|p2a: Quaquaval|atk|1
|
|upkeep
|
|t:|1743785506
|switch|p1a: 我需要格子|Zamazenta|100/100
|-damage|p1a: 我需要格子|94/100|[from] Stealth Rock
|-ability|p1a: 我需要格子|Dauntless Shield|boost
|-boost|p1a: 我需要格子|def|1
|turn|14
|
|t:|1743785520
|move|p2a: Quaquaval|Aqua Step|p1a: 我需要格子
|-damage|p1a: 我需要格子|44/100
|-boost|p2a: Quaquaval|spe|1
|move|p1a: 我需要格子|Close Combat|p2a: Quaquaval
|-damage|p2a: Quaquaval|0 fnt
|-unboost|p1a: 我需要格子|def|1
|-unboost|p1a: 我需要格子|spd|1
|faint|p2a: Quaquaval
|
|upkeep
|
|t:|1743785528
|switch|p2a: Heatran|Heatran, F|19/100
|turn|15
|
|t:|1743785532
|move|p1a: 我需要格子|Close Combat|p2a: Heatran
|-supereffective|p2a: Heatran
|-damage|p2a: Heatran|0 fnt
|-unboost|p1a: 我需要格子|def|1
|-unboost|p1a: 我需要格子|spd|1
|-status|p1a: 我需要格子|brn|[from] ability: Flame Body|[of] p2a: Heatran
|faint|p2a: Heatran
|
|-damage|p1a: 我需要格子|37/100 brn|[from] brn
|upkeep
|
|t:|1743785534
|switch|p2a: Latias|Latias, F|100/100
|turn|16
|
|t:|1743785537
|switch|p1a: Walking Wake|Walking Wake|100/100
|move|p2a: Latias|Calm Mind|p2a: Latias
|-boost|p2a: Latias|spa|1
|-boost|p2a: Latias|spd|1
|
|upkeep
|turn|17
|
|t:|1743785555
|move|p1a: Walking Wake|Draco Meteor|p2a: Latias
|-supereffective|p2a: Latias
|-damage|p2a: Latias|39/100
|-unboost|p1a: Walking Wake|spa|2
|-enditem|p2a: Latias|Weakness Policy
|-boost|p2a: Latias|atk|2|[from] item: Weakness Policy
|-boost|p2a: Latias|spa|2|[from] item: Weakness Policy
|move|p2a: Latias|Agility|p2a: Latias
|-boost|p2a: Latias|spe|2
|
|upkeep
|turn|18
|
|t:|1743785577
|-terastallize|p2a: Latias|Poison
|move|p2a: Latias|Stored Power|p1a: Walking Wake
|-damage|p1a: Walking Wake|0 fnt
|faint|p1a: Walking Wake
|-end|p1a: Walking Wake|Protosynthesis|[silent]
|
|upkeep
|
|t:|1743785581
|switch|p1a: 前面忘了|Ting-Lu|63/100
|-damage|p1a: 前面忘了|57/100|[from] Stealth Rock
|-ability|p1a: 前面忘了|Vessel of Ruin
|turn|19
|
|t:|1743785584
|move|p2a: Latias|Aura Sphere|p1a: 前面忘了
|-supereffective|p1a: 前面忘了
|-damage|p1a: 前面忘了|20/100
|move|p1a: 前面忘了|Earthquake|p2a: Latias
|-immune|p2a: Latias|[from] ability: Levitate
|
|upkeep
|turn|20
|
|t:|1743785588
|move|p2a: Latias|Aura Sphere|p1a: 前面忘了
|-supereffective|p1a: 前面忘了
|-damage|p1a: 前面忘了|0 fnt
|faint|p1a: 前面忘了
|
|upkeep
|
|t:|1743785590
|switch|p1a: 我需要格子|Zamazenta|37/100 brn
|-damage|p1a: 我需要格子|31/100 brn|[from] Stealth Rock
|turn|21
|
|t:|1743785592
|move|p2a: Latias|Stored Power|p1a: 我需要格子
|-supereffective|p1a: 我需要格子
|-damage|p1a: 我需要格子|0 fnt
|faint|p1a: 我需要格子
|
|upkeep
|
|t:|1743785593
|switch|p1a: 后面忘了|Corviknight, M|100/100
|-damage|p1a: 后面忘了|88/100|[from] Stealth Rock
|turn|22
|
|t:|1743785599
|move|p2a: Latias|Stored Power|p1a: 后面忘了
|-resisted|p1a: 后面忘了
|-damage|p1a: 后面忘了|6/100
|move|p1a: 后面忘了|Body Press|p2a: Latias
|-resisted|p2a: Latias
|-damage|p2a: Latias|28/100
|
|upkeep
|turn|23
|
|t:|1743785602
|move|p2a: Latias|Stored Power|p1a: 后面忘了
|-resisted|p1a: 后面忘了
|-damage|p1a: 后面忘了|0 fnt
|faint|p1a: 后面忘了
|
|win|ezpzlemon
