|j|☆JAYDENSON
|j|☆RazMaster
|t:|1743888649
|gametype|singles
|player|p1|JAYDENSON|artist-gen4|1094
|player|p2|RazMaster|aaron|1088
|teamsize|p1|6
|teamsize|p2|6
|gen|9
|tier|[Gen 9] OU
|rated|
|rule|HP Percentage Mod: HP is shown in percentages
|rule|Endless Battle Clause: Forcing endless battles is banned
|rule|Species Clause: Limit one of each Pokémon
|rule|OHKO Clause: OHKO moves are banned
|rule|Evasion Items Clause: Evasion items are banned
|rule|Evasion Moves Clause: Evasion moves are banned
|rule|Sleep Moves Clause: Sleep-inducing moves are banned
|clearpoke
|poke|p1|Pelipper, M|
|poke|p1|Feraligatr, M|
|poke|p1|Slowking-Galar, F|
|poke|p1|Appletun, M|
|poke|p1|Raichu, F|
|poke|p1|Skeledirge, F|
|poke|p2|Samurott-Hisui, M|
|poke|p2|Enamorus, F|
|poke|p2|Kingambit, M|
|poke|p2|Thundurus-Therian, M|
|poke|p2|Dragapult, F|
|poke|p2|Ogerpon-Wellspring, F|
|teampreview
|
|t:|1743888667
|start
|switch|p1a: Pelipper|Pelipper, M|100/100
|switch|p2a: Thundurus|Thundurus-Therian, M|100/100
|-weather|RainDance|[from] ability: Drizzle|[of] p1a: Pelipper
|turn|1
|
|t:|1743888681
|move|p2a: Thundurus|Discharge|p1a: Pelipper
|-supereffective|p1a: Pelipper
|-damage|p1a: Pelipper|0 fnt
|faint|p1a: Pelipper
|
|-weather|RainDance|[upkeep]
|upkeep
|
|t:|1743888688
|switch|p1a: Feraligatr|Feraligatr, M|100/100
|turn|2
|inactive|Battle timer is ON: inactive players will automatically lose when time's up. (requested by RazMaster)
|
|t:|1743888691
|-terastallize|p1a: Feraligatr|Ground
|move|p2a: Thundurus|Discharge|p1a: Feraligatr
|-immune|p1a: Feraligatr
|move|p1a: Feraligatr|Dragon Dance|p1a: Feraligatr
|-boost|p1a: Feraligatr|atk|1
|-boost|p1a: Feraligatr|spe|1
|
|-weather|RainDance|[upkeep]
|upkeep
|turn|3
|
|t:|1743888703
|switch|p2a: Ogerpon|Ogerpon-Wellspring, F|100/100
|move|p1a: Feraligatr|Dragon Dance|p1a: Feraligatr
|-boost|p1a: Feraligatr|atk|1
|-boost|p1a: Feraligatr|spe|1
|
|-weather|RainDance|[upkeep]
|upkeep
|turn|4
|
|t:|1743888715
|move|p1a: Feraligatr|Ice Fang|p2a: Ogerpon
|-damage|p2a: Ogerpon|0 fnt
|faint|p2a: Ogerpon
|
|-weather|RainDance|[upkeep]
|upkeep
|
|t:|1743888723
|switch|p2a: Thundurus|Thundurus-Therian, M|100/100
|turn|5
|
|t:|1743888728
|move|p1a: Feraligatr|Liquidation|p2a: Thundurus
|-damage|p2a: Thundurus|0 fnt
|faint|p2a: Thundurus
|
|-weather|RainDance|[upkeep]
|upkeep
|
|t:|1743888752
|switch|p2a: Enamorus|Enamorus, F|100/100
|turn|6
|
|t:|1743888759
|move|p1a: Feraligatr|Liquidation|p2a: Enamorus
|-damage|p2a: Enamorus|0 fnt
|faint|p2a: Enamorus
|
|-weather|RainDance|[upkeep]
|upkeep
|
|t:|1743888764
|switch|p2a: Kingambit|Kingambit, M|100/100
|-activate|p2a: Kingambit|ability: Supreme Overlord
|-start|p2a: Kingambit|fallen3|[silent]
|turn|7
|
|t:|1743888781
|move|p1a: Feraligatr|Earthquake|p2a: Kingambit
|-supereffective|p2a: Kingambit
|-damage|p2a: Kingambit|0 fnt
|faint|p2a: Kingambit
|-end|p2a: Kingambit|fallen3|[silent]
|-damage|p1a: Feraligatr|91/100|[from] item: Life Orb
|
|-weather|RainDance|[upkeep]
|upkeep
|
|t:|1743888789
|switch|p2a: Dragapult|Dragapult, F|100/100
|turn|8
|inactive|RazMaster has 120 seconds left.
|
|t:|1743888818
|move|p2a: Dragapult|Sucker Punch|p1a: Feraligatr
|-damage|p1a: Feraligatr|49/100
|move|p1a: Feraligatr|Ice Fang|p2a: Dragapult
|-supereffective|p2a: Dragapult
|-damage|p2a: Dragapult|0 fnt
|faint|p2a: Dragapult
|
|-weather|none
|upkeep
|inactive|RazMaster has 120 seconds left.
|
|t:|1743888825
|switch|p2a: Samurott|Samurott-Hisui, M|100/100
|turn|9
|
|t:|1743888844
|-terastallize|p2a: Samurott|Water
|move|p1a: Feraligatr|Liquidation|p2a: Samurott
|-resisted|p2a: Samurott
|-damage|p2a: Samurott|12/100
|move|p2a: Samurott|Razor Shell|p1a: Feraligatr|[miss]
|-miss|p2a: Samurott|p1a: Feraligatr
|
|upkeep
|turn|10
|
|t:|1743888853
|move|p1a: Feraligatr|Liquidation|p2a: Samurott
|-resisted|p2a: Samurott
|-damage|p2a: Samurott|0 fnt
|faint|p2a: Samurott
|
|win|JAYDENSON
|raw|JAYDENSON's rating: 1094 &rarr; <strong>1119</strong><br />(+25 for winning)
|raw|RazMaster's rating: 1088 &rarr; <strong>1065</strong><br />(-23 for losing)
