|j|☆Sbksbk
|j|☆Vizaco72
|t:|1743800290
|gametype|singles
|player|p1|Sbksbk|102|1089
|player|p2|Vizaco72|swimmer-gen4|1107
|teamsize|p1|6
|teamsize|p2|6
|gen|9
|tier|[Gen 9] OU
|rated|
|rule|HP Percentage Mod: HP is shown in percentages
|rule|Endless Battle Clause: Forcing endless battles is banned
|rule|Species Clause: Limit one of each Pokémon
|rule|OHKO Clause: OHKO moves are banned
|rule|Evasion Items Clause: Evasion items are banned
|rule|Evasion Moves Clause: Evasion moves are banned
|rule|Sleep Moves Clause: Sleep-inducing moves are banned
|clearpoke
|poke|p1|Azumarill, M|
|poke|p1|Glimmora, M|
|poke|p1|Arboliva, F|
|poke|p1|Gholdengo|
|poke|p1|Hatterene, F|
|poke|p1|Talonflame, F|
|poke|p2|Iron Valiant|
|poke|p2|Gliscor, F|
|poke|p2|Slowking-Galar, M|
|poke|p2|Great Tusk|
|poke|p2|Dragapult, F|
|poke|p2|Kingambit, M|
|teampreview
|inactive|Battle timer is ON: inactive players will automatically lose when time's up. (requested by Vizaco72)
|inactive|Sbksbk also wants the timer to be on.
|
|t:|1743800297
|start
|switch|p1a: Big cheek guy|Glimmora, M, shiny|100/100
|switch|p2a: Gliscor|Gliscor, F|100/100
|turn|1
|
|t:|1743800304
|move|p1a: Big cheek guy|Reflect|p1a: Big cheek guy
|-sidestart|p1: Sbksbk|Reflect
|move|p2a: Gliscor|Spikes|p1a: Big cheek guy
|-sidestart|p1: Sbksbk|Spikes
|
|-status|p2a: Gliscor|tox|[from] item: Toxic Orb
|upkeep
|turn|2
|
|t:|1743800310
|move|p1a: Big cheek guy|Light Screen|p1a: Big cheek guy
|-sidestart|p1: Sbksbk|move: Light Screen
|move|p2a: Gliscor|Spikes|p1a: Big cheek guy
|-sidestart|p1: Sbksbk|Spikes
|
|upkeep
|turn|3
|
|t:|1743800317
|move|p1a: Big cheek guy|Stealth Rock|p2a: Gliscor
|-sidestart|p2: Vizaco72|move: Stealth Rock
|move|p2a: Gliscor|Knock Off|p1a: Big cheek guy
|-damage|p1a: Big cheek guy|91/100
|-activate|p1a: Big cheek guy|ability: Toxic Debris
|-sidestart|p2: Vizaco72|move: Toxic Spikes
|-enditem|p1a: Big cheek guy|Light Clay|[from] move: Knock Off|[of] p2a: Gliscor
|
|upkeep
|turn|4
|
|t:|1743800330
|switch|p1a: Food inhaler|Azumarill, M, shiny|100/100
|-damage|p1a: Food inhaler|84/100|[from] Spikes
|move|p2a: Gliscor|Spikes|p1a: Food inhaler
|-sidestart|p1: Sbksbk|Spikes
|
|upkeep
|turn|5
|
|t:|1743800345
|move|p2a: Gliscor|Knock Off|p1a: Food inhaler
|-resisted|p1a: Food inhaler
|-damage|p1a: Food inhaler|79/100
|-enditem|p1a: Food inhaler|Assault Vest|[from] move: Knock Off|[of] p2a: Gliscor
|move|p1a: Food inhaler|Waterfall|p2a: Gliscor
|-supereffective|p2a: Gliscor
|-damage|p2a: Gliscor|23/100 tox
|
|-heal|p2a: Gliscor|36/100 tox|[from] ability: Poison Heal
|upkeep
|turn|6
|
|t:|1743800354
|move|p2a: Gliscor|Protect|p2a: Gliscor
|-singleturn|p2a: Gliscor|Protect
|move|p1a: Food inhaler|Aqua Jet|p2a: Gliscor
|-activate|p2a: Gliscor|move: Protect
|
|-heal|p2a: Gliscor|48/100 tox|[from] ability: Poison Heal
|upkeep
|turn|7
|
|t:|1743800361
|-terastallize|p1a: Food inhaler|Water
|move|p1a: Food inhaler|Aqua Jet|p2a: Gliscor
|-supereffective|p2a: Gliscor
|-damage|p2a: Gliscor|0 fnt
|faint|p2a: Gliscor
|
|upkeep
|
|t:|1743800373
|switch|p2a: Iron Valiant|Iron Valiant|100/100
|-damage|p2a: Iron Valiant|94/100|[from] Stealth Rock
|-status|p2a: Iron Valiant|psn
|-enditem|p2a: Iron Valiant|Booster Energy
|-activate|p2a: Iron Valiant|ability: Quark Drive|[fromitem]
|-start|p2a: Iron Valiant|quarkdrivespe
|turn|8
|
|t:|1743800381
|move|p2a: Iron Valiant|Thunderbolt|p1a: Food inhaler
|-supereffective|p1a: Food inhaler
|-damage|p1a: Food inhaler|51/100
|move|p1a: Food inhaler|Play Rough|p2a: Iron Valiant
|-supereffective|p2a: Iron Valiant
|-damage|p2a: Iron Valiant|0 fnt
|faint|p2a: Iron Valiant
|-end|p2a: Iron Valiant|Quark Drive|[silent]
|
|-sideend|p1: Sbksbk|Reflect
|upkeep
|
|t:|1743800390
|switch|p2a: Slowking|Slowking-Galar, M|100/100
|-sideend|p2: Vizaco72|move: Toxic Spikes|[of] p2a: Slowking
|turn|9
|
|t:|1743800396
|move|p1a: Food inhaler|Ice Punch|p2a: Slowking
|-damage|p2a: Slowking|66/100
|move|p2a: Slowking|Toxic|p1a: Food inhaler
|-status|p1a: Food inhaler|tox
|
|-damage|p1a: Food inhaler|45/100 tox|[from] psn
|-sideend|p1: Sbksbk|move: Light Screen
|upkeep
|turn|10
|
|t:|1743800405
|move|p1a: Food inhaler|Waterfall|p2a: Slowking
|-damage|p2a: Slowking|0 fnt
|faint|p2a: Slowking
|
|-damage|p1a: Food inhaler|33/100 tox|[from] psn
|upkeep
|c|☆Vizaco72|thats a thick bunny wtf
|
|t:|1743800424
|switch|p2a: Dragapult|Dragapult, F|100/100
|turn|11
|
|t:|1743800437
|move|p2a: Dragapult|Shadow Ball|p1a: Food inhaler
|-damage|p1a: Food inhaler|0 fnt
|faint|p1a: Food inhaler
|
|upkeep
|
|t:|1743800453
|switch|p1a: Larry|Hatterene, F, shiny|100/100
|turn|12
|
|t:|1743800468
|move|p2a: Dragapult|U-turn|p1a: Larry
|-damage|p1a: Larry|80/100
|
|t:|1743800471
|switch|p2a: Great Tusk|Great Tusk|100/100|[from] U-turn
|move|p1a: Larry|Dark Pulse|p2a: Great Tusk
|-resisted|p2a: Great Tusk
|-damage|p2a: Great Tusk|75/100
|
|upkeep
|turn|13
|c|☆Sbksbk|I know
|
|t:|1743800482
|move|p2a: Great Tusk|Headlong Rush|p1a: Larry
|-crit|p1a: Larry
|-damage|p1a: Larry|0 fnt
|-unboost|p2a: Great Tusk|def|1
|-unboost|p2a: Great Tusk|spd|1
|faint|p1a: Larry
|
|upkeep
|
|t:|1743800491
|switch|p1a: señor beatdown|Arboliva, F|100/100
|-damage|p1a: señor beatdown|76/100|[from] Spikes
|turn|14
|
|t:|1743800502
|move|p2a: Great Tusk|Ice Spinner|p1a: señor beatdown
|-supereffective|p1a: señor beatdown
|-damage|p1a: señor beatdown|13/100
|-enditem|p1a: señor beatdown|Sitrus Berry|[eat]
|-heal|p1a: señor beatdown|38/100|[from] item: Sitrus Berry
|move|p1a: señor beatdown|Strength Sap|p2a: Great Tusk
|-unboost|p2a: Great Tusk|atk|1
|-heal|p1a: señor beatdown|100/100
|
|upkeep
|turn|15
|
|t:|1743800513
|move|p2a: Great Tusk|Rapid Spin|p1a: señor beatdown
|-damage|p1a: señor beatdown|87/100
|-boost|p2a: Great Tusk|spe|1
|-sideend|p2: Vizaco72|Stealth Rock|[from] move: Rapid Spin|[of] p2a: Great Tusk
|move|p1a: señor beatdown|Leech Seed|p2a: Great Tusk
|-start|p2a: Great Tusk|move: Leech Seed
|
|-damage|p2a: Great Tusk|63/100|[from] Leech Seed|[of] p1a: señor beatdown
|-heal|p1a: señor beatdown|99/100|[silent]
|upkeep
|turn|16
|
|t:|1743800527
|move|p2a: Great Tusk|Ice Spinner|p1a: señor beatdown
|-supereffective|p1a: señor beatdown
|-damage|p1a: señor beatdown|60/100
|move|p1a: señor beatdown|Giga Drain|p2a: Great Tusk
|-supereffective|p2a: Great Tusk
|-damage|p2a: Great Tusk|0 fnt
|-heal|p1a: señor beatdown|92/100|[from] drain|[of] p2a: Great Tusk
|faint|p2a: Great Tusk
|-end|p2a: Great Tusk|Protosynthesis|[silent]
|
|upkeep
|
|t:|1743800533
|switch|p2a: Dragapult|Dragapult, F|100/100
|turn|17
|
|t:|1743800538
|move|p2a: Dragapult|Flamethrower|p1a: señor beatdown
|-supereffective|p1a: señor beatdown
|-damage|p1a: señor beatdown|61/100
|move|p1a: señor beatdown|Leech Seed|p2a: Dragapult
|-start|p2a: Dragapult|move: Leech Seed
|
|-damage|p2a: Dragapult|88/100|[from] Leech Seed|[of] p1a: señor beatdown
|-heal|p1a: señor beatdown|72/100|[silent]
|-item|p1a: señor beatdown|Sitrus Berry|[from] ability: Harvest
|upkeep
|turn|18
|
|t:|1743800547
|move|p2a: Dragapult|Flamethrower|p1a: señor beatdown
|-supereffective|p1a: señor beatdown
|-damage|p1a: señor beatdown|37/100
|-enditem|p1a: señor beatdown|Sitrus Berry|[eat]
|-heal|p1a: señor beatdown|62/100|[from] item: Sitrus Berry
|move|p1a: señor beatdown|Earth Power|p2a: Dragapult
|-damage|p2a: Dragapult|51/100
|
|-damage|p2a: Dragapult|38/100|[from] Leech Seed|[of] p1a: señor beatdown
|-heal|p1a: señor beatdown|73/100|[silent]
|upkeep
|turn|19
|
|t:|1743800560
|move|p2a: Dragapult|Draco Meteor|p1a: señor beatdown
|-damage|p1a: señor beatdown|38/100
|-unboost|p2a: Dragapult|spa|2
|move|p1a: señor beatdown|Earth Power|p2a: Dragapult
|-damage|p2a: Dragapult|1/100
|
|-damage|p2a: Dragapult|0 fnt|[from] Leech Seed|[of] p1a: señor beatdown
|-heal|p1a: señor beatdown|38/100|[silent]
|faint|p2a: Dragapult
|upkeep
|
|t:|1743800564
|switch|p2a: Kingambit|Kingambit, M|100/100
|-activate|p2a: Kingambit|ability: Supreme Overlord
|-start|p2a: Kingambit|fallen5|[silent]
|turn|20
|
|t:|1743800573
|move|p2a: Kingambit|Swords Dance|p2a: Kingambit
|-boost|p2a: Kingambit|atk|2
|move|p1a: señor beatdown|Strength Sap|p2a: Kingambit
|-unboost|p2a: Kingambit|atk|1
|-heal|p1a: señor beatdown|100/100
|
|-item|p1a: señor beatdown|Sitrus Berry|[from] ability: Harvest
|upkeep
|turn|21
|
|t:|1743800583
|move|p2a: Kingambit|Kowtow Cleave|p1a: señor beatdown
|-damage|p1a: señor beatdown|0 fnt
|faint|p1a: señor beatdown
|
|upkeep
|
|t:|1743800594
|switch|p1a: Big cheek guy|Glimmora, M, shiny|91/100
|-damage|p1a: Big cheek guy|66/100|[from] Spikes
|turn|22
|
|t:|1743800608
|move|p1a: Big cheek guy|Reflect|p1a: Big cheek guy
|-sidestart|p1: Sbksbk|Reflect
|move|p2a: Kingambit|Kowtow Cleave|p1a: Big cheek guy
|-damage|p1a: Big cheek guy|13/100
|-activate|p1a: Big cheek guy|ability: Toxic Debris
|-sidestart|p2: Vizaco72|move: Toxic Spikes
|
|upkeep
|turn|23
|
|t:|1743800621
|move|p1a: Big cheek guy|Light Screen|p1a: Big cheek guy
|-sidestart|p1: Sbksbk|move: Light Screen
|move|p2a: Kingambit|Kowtow Cleave|p1a: Big cheek guy
|-damage|p1a: Big cheek guy|0 fnt
|-activate|p1a: Big cheek guy|ability: Toxic Debris
|-sidestart|p2: Vizaco72|move: Toxic Spikes
|faint|p1a: Big cheek guy
|
|upkeep
|
|t:|1743800632
|switch|p1a: Yapper|Talonflame, F|100/100
|turn|24
|
|t:|1743800636
|move|p2a: Kingambit|Sucker Punch|p1a: Yapper
|-damage|p1a: Yapper|30/100
|move|p1a: Yapper|Flame Charge|p2a: Kingambit
|-supereffective|p2a: Kingambit
|-damage|p2a: Kingambit|72/100
|-boost|p1a: Yapper|spe|1
|
|-heal|p2a: Kingambit|78/100|[from] item: Leftovers
|upkeep
|turn|25
|
|t:|1743800645
|move|p2a: Kingambit|Sucker Punch||[still]
|-fail|p2a: Kingambit
|move|p1a: Yapper|Roost|p1a: Yapper
|-heal|p1a: Yapper|80/100
|-singleturn|p1a: Yapper|move: Roost
|
|-heal|p2a: Kingambit|85/100|[from] item: Leftovers
|upkeep
|turn|26
|
|t:|1743800657
|move|p2a: Kingambit|Sucker Punch||[still]
|-fail|p2a: Kingambit
|move|p1a: Yapper|Roost|p1a: Yapper
|-heal|p1a: Yapper|100/100
|-singleturn|p1a: Yapper|move: Roost
|
|-heal|p2a: Kingambit|91/100|[from] item: Leftovers
|-sideend|p1: Sbksbk|Reflect
|upkeep
|turn|27
|
|t:|1743800672
|move|p1a: Yapper|Roost||[still]
|-fail|p1a: Yapper|heal
|move|p2a: Kingambit|Sucker Punch||[still]
|-fail|p2a: Kingambit
|
|-heal|p2a: Kingambit|97/100|[from] item: Leftovers
|-sideend|p1: Sbksbk|move: Light Screen
|upkeep
|turn|28
|
|t:|1743800681
|move|p1a: Yapper|Roost||[still]
|-fail|p1a: Yapper|heal
|move|p2a: Kingambit|Kowtow Cleave|p1a: Yapper
|-damage|p1a: Yapper|0 fnt
|faint|p1a: Yapper
|
|-heal|p2a: Kingambit|100/100|[from] item: Leftovers
|upkeep
|
|t:|1743800688
|switch|p1a: Halloween joe|Gholdengo|100/100
|-damage|p1a: Halloween joe|76/100|[from] Spikes
|turn|29
|
|t:|1743800692
|move|p2a: Kingambit|Sucker Punch|p1a: Halloween joe
|-supereffective|p1a: Halloween joe
|-damage|p1a: Halloween joe|0 fnt
|faint|p1a: Halloween joe
|
|win|Vizaco72
|raw|Sbksbk's rating: 1089 &rarr; <strong>1067</strong><br />(-22 for losing)
|raw|Vizaco72's rating: 1107 &rarr; <strong>1131</strong><br />(+24 for winning)
|c|☆Vizaco72|chupa
|c|☆Vizaco72|gg
