|j|☆laneXYZ
|j|☆Kroketys
|t:|1743794461
|gametype|singles
|player|p1|laneXYZ|wallace|1060
|player|p2|Kroketys|169|1098
|teamsize|p1|6
|teamsize|p2|5
|gen|9
|tier|[Gen 9] OU
|rated|
|rule|HP Percentage Mod: HP is shown in percentages
|rule|Endless Battle Clause: Forcing endless battles is banned
|rule|Species Clause: Limit one of each Pokémon
|rule|OHKO Clause: OHKO moves are banned
|rule|Evasion Items Clause: Evasion items are banned
|rule|Evasion Moves Clause: Evasion moves are banned
|rule|Sleep Moves Clause: Sleep-inducing moves are banned
|clearpoke
|poke|p1|Deoxys-Speed|
|poke|p1|Dragapult, M|
|poke|p1|Enamorus, F|
|poke|p1|Great Tusk|
|poke|p1|Toxapex, F|
|poke|p1|Corviknight, F|
|poke|p2|Breloom, M|
|poke|p2|Appletun, M|
|poke|p2|Ribombee, F|
|poke|p2|Corviknight, M|
|poke|p2|Maushold-Four|
|teampreview
|inactive|Battle timer is ON: inactive players will automatically lose when time's up. (requested by laneXYZ)
|
|t:|1743794473
|start
|switch|p1a: Deoxys|Deoxys-Speed, shiny|100/100
|switch|p2a: Ribombee|Ribombee, F|100/100
|-ability|p1a: Deoxys|Pressure
|turn|1
|
|t:|1743794477
|move|p1a: Deoxys|Taunt|p2a: Ribombee
|-start|p2a: Ribombee|move: Taunt
|cant|p2a: Ribombee|move: Taunt|Sticky Web
|
|upkeep
|turn|2
|
|t:|1743794481
|move|p1a: Deoxys|Stealth Rock|p2a: Ribombee
|-sidestart|p2: Kroketys|move: Stealth Rock
|move|p2a: Ribombee|Bug Buzz|p1a: Deoxys
|-supereffective|p1a: Deoxys
|-enditem|p1a: Deoxys|Focus Sash
|-damage|p1a: Deoxys|1/100
|
|upkeep
|turn|3
|l|☆Kroketys
|inactive|Kroketys disconnected and has a minute to reconnect!
|player|p2|
|inactive|Kroketys has 30 seconds to reconnect!
|inactive|Kroketys has 20 seconds to reconnect!
|inactive|Kroketys has 15 seconds to reconnect!
|inactive|Kroketys has 10 seconds to reconnect!
|j|☆Kroketys
|inactive|Kroketys reconnected and has 75 seconds left.
|player|p2|Kroketys|169|
|
|t:|1743794566
|move|p1a: Deoxys|Spikes|p2a: Ribombee
|-sidestart|p2: Kroketys|Spikes
|move|p2a: Ribombee|Bug Buzz|p1a: Deoxys
|-supereffective|p1a: Deoxys
|-damage|p1a: Deoxys|0 fnt
|faint|p1a: Deoxys
|
|-end|p2a: Ribombee|move: Taunt
|upkeep
|inactive|laneXYZ has 120 seconds left.
|inactive|laneXYZ has 90 seconds left.
|
|t:|1743794638
|switch|p1a: Corviknight|Corviknight, F, shiny|100/100
|-ability|p1a: Corviknight|Pressure
|turn|4
|
|t:|1743794646
|switch|p2a: Corviknight|Corviknight, M|100/100
|-damage|p2a: Corviknight|88/100|[from] Stealth Rock
|move|p1a: Corviknight|Brave Bird|p2a: Corviknight
|-resisted|p2a: Corviknight
|-damage|p2a: Corviknight|72/100
|-damage|p1a: Corviknight|84/100|[from] item: Rocky Helmet|[of] p2a: Corviknight
|-damage|p1a: Corviknight|79/100|[from] Recoil
|
|-heal|p1a: Corviknight|85/100|[from] item: Leftovers
|upkeep
|turn|5
|
|t:|1743794656
|switch|p1a: Enamorus|Enamorus, F, shiny|100/100
|move|p2a: Corviknight|Iron Defense|p2a: Corviknight
|-boost|p2a: Corviknight|def|2
|
|upkeep
|turn|6
|inactive|Kroketys has 90 seconds left.
|
|t:|1743794663
|move|p1a: Enamorus|Mystical Fire|p2a: Corviknight
|-supereffective|p2a: Corviknight
|-damage|p2a: Corviknight|12/100
|-ability|p2a: Corviknight|Mirror Armor
|-boost|p1a: Enamorus|spa|1
|move|p2a: Corviknight|Roost|p2a: Corviknight
|-heal|p2a: Corviknight|62/100
|-singleturn|p2a: Corviknight|move: Roost
|
|upkeep
|turn|7
|
|t:|1743794671
|switch|p2a: Appletun|Appletun, M|100/100
|-damage|p2a: Appletun|88/100|[from] Stealth Rock
|-damage|p2a: Appletun|75/100|[from] Spikes
|move|p1a: Enamorus|Mystical Fire|p2a: Appletun
|-damage|p2a: Appletun|55/100
|-unboost|p2a: Appletun|spa|1
|
|-heal|p2a: Appletun|61/100|[from] item: Leftovers
|upkeep
|turn|8
|
|t:|1743794682
|switch|p1a: Great Tusk|Great Tusk, shiny|100/100
|move|p2a: Appletun|Leech Seed|p1a: Great Tusk
|-start|p1a: Great Tusk|move: Leech Seed
|
|-heal|p2a: Appletun|67/100|[from] item: Leftovers
|-damage|p1a: Great Tusk|88/100|[from] Leech Seed|[of] p2a: Appletun
|-heal|p2a: Appletun|80/100|[silent]
|upkeep
|turn|9
|
|t:|1743794691
|move|p1a: Great Tusk|Ice Spinner|p2a: Appletun
|-supereffective|p2a: Appletun
|-damage|p2a: Appletun|37/100
|move|p2a: Appletun|Apple Acid|p1a: Great Tusk
|-supereffective|p1a: Great Tusk
|-damage|p1a: Great Tusk|40/100
|-unboost|p1a: Great Tusk|spd|1
|
|-heal|p2a: Appletun|43/100|[from] item: Leftovers
|-damage|p1a: Great Tusk|27/100|[from] Leech Seed|[of] p2a: Appletun
|-heal|p2a: Appletun|56/100|[silent]
|upkeep
|turn|10
|inactive|laneXYZ has 120 seconds left.
|
|t:|1743794701
|move|p2a: Appletun|Protect|p2a: Appletun
|-singleturn|p2a: Appletun|Protect
|move|p1a: Great Tusk|Knock Off|p2a: Appletun
|-activate|p2a: Appletun|move: Protect
|
|-heal|p2a: Appletun|62/100|[from] item: Leftovers
|-damage|p1a: Great Tusk|15/100|[from] Leech Seed|[of] p2a: Appletun
|-heal|p2a: Appletun|75/100|[silent]
|upkeep
|turn|11
|
|t:|1743794711
|switch|p2a: Corviknight|Corviknight, M|62/100
|-damage|p2a: Corviknight|50/100|[from] Stealth Rock
|move|p1a: Great Tusk|Knock Off|p2a: Corviknight
|-damage|p2a: Corviknight|28/100
|-damage|p1a: Great Tusk|0 fnt|[from] item: Rocky Helmet|[of] p2a: Corviknight
|faint|p1a: Great Tusk
|-end|p1a: Great Tusk|Protosynthesis|[silent]
|
|upkeep
|
|t:|1743794719
|switch|p1a: Enamorus|Enamorus, F, shiny|100/100
|turn|12
|
|t:|1743794742
|move|p1a: Enamorus|Moonblast|p2a: Corviknight
|-resisted|p2a: Corviknight
|-damage|p2a: Corviknight|4/100
|move|p2a: Corviknight|Roost|p2a: Corviknight
|-heal|p2a: Corviknight|54/100
|-singleturn|p2a: Corviknight|move: Roost
|
|upkeep
|turn|13
|
|t:|1743794750
|switch|p1a: Dragapult|Dragapult, M, shiny|100/100
|move|p2a: Corviknight|Roost|p2a: Corviknight
|-heal|p2a: Corviknight|100/100
|-singleturn|p2a: Corviknight|move: Roost
|
|upkeep
|turn|14
|
|t:|1743794758
|-terastallize|p1a: Dragapult|Ghost
|move|p1a: Dragapult|Dragon Darts|p2a: Corviknight
|-resisted|p2a: Corviknight
|-damage|p2a: Corviknight|84/100
|-anim|p1a: Dragapult|Dragon Darts|p2a: Corviknight
|-resisted|p2a: Corviknight
|-damage|p2a: Corviknight|70/100
|move|p2a: Corviknight|Iron Defense|p2a: Corviknight
|-boost|p2a: Corviknight|def|2
|
|upkeep
|turn|15
|
|t:|1743794766
|switch|p1a: Enamorus|Enamorus, F, shiny|100/100
|move|p2a: Corviknight|Roost|p2a: Corviknight
|-heal|p2a: Corviknight|100/100
|-singleturn|p2a: Corviknight|move: Roost
|
|upkeep
|turn|16
|
|t:|1743794771
|move|p1a: Enamorus|Mystical Fire|p2a: Corviknight
|-supereffective|p2a: Corviknight
|-damage|p2a: Corviknight|41/100
|-ability|p2a: Corviknight|Mirror Armor
|-boost|p1a: Enamorus|spa|1
|move|p2a: Corviknight|Roost|p2a: Corviknight
|-heal|p2a: Corviknight|91/100
|-singleturn|p2a: Corviknight|move: Roost
|
|upkeep
|turn|17
|
|t:|1743794777
|switch|p2a: Appletun|Appletun, M|75/100
|-damage|p2a: Appletun|63/100|[from] Stealth Rock
|-damage|p2a: Appletun|50/100|[from] Spikes
|move|p1a: Enamorus|Mystical Fire|p2a: Appletun
|-damage|p2a: Appletun|28/100
|-unboost|p2a: Appletun|spa|1
|
|-heal|p2a: Appletun|34/100|[from] item: Leftovers
|upkeep
|turn|18
|
|t:|1743794787
|move|p2a: Appletun|Protect|p2a: Appletun
|-singleturn|p2a: Appletun|Protect
|move|p1a: Enamorus|Mystical Fire|p2a: Appletun
|-activate|p2a: Appletun|move: Protect
|
|-heal|p2a: Appletun|40/100|[from] item: Leftovers
|upkeep
|turn|19
|
|t:|1743794790
|move|p1a: Enamorus|Mystical Fire|p2a: Appletun
|-damage|p2a: Appletun|21/100
|-unboost|p2a: Appletun|spa|1
|move|p2a: Appletun|Leech Seed|p1a: Enamorus
|-start|p1a: Enamorus|move: Leech Seed
|
|-heal|p2a: Appletun|27/100|[from] item: Leftovers
|-damage|p1a: Enamorus|88/100|[from] Leech Seed|[of] p2a: Appletun
|-heal|p2a: Appletun|35/100|[silent]
|upkeep
|turn|20
|
|t:|1743794798
|switch|p1a: Toxapex|Toxapex, F, shiny|100/100
|move|p2a: Appletun|Protect||[still]
|-fail|p2a: Appletun
|
|-heal|p2a: Appletun|41/100|[from] item: Leftovers
|upkeep
|turn|21
|
|t:|1743794802
|move|p1a: Toxapex|Toxic|p2a: Appletun
|-status|p2a: Appletun|tox
|move|p2a: Appletun|Leech Seed|p1a: Toxapex
|-start|p1a: Toxapex|move: Leech Seed
|
|-heal|p2a: Appletun|47/100 tox|[from] item: Leftovers
|-damage|p1a: Toxapex|88/100|[from] Leech Seed|[of] p2a: Appletun
|-heal|p2a: Appletun|56/100 tox|[silent]
|-damage|p2a: Appletun|50/100 tox|[from] psn
|upkeep
|turn|22
|
|t:|1743794808
|switch|p2a: Maushold|Maushold-Four|100/100
|-damage|p2a: Maushold|88/100|[from] Stealth Rock
|-damage|p2a: Maushold|76/100|[from] Spikes
|move|p1a: Toxapex|Surf|p2a: Maushold
|-damage|p2a: Maushold|49/100
|
|-damage|p1a: Toxapex|76/100|[from] Leech Seed|[of] p2a: Maushold
|-heal|p2a: Maushold|61/100|[silent]
|upkeep
|turn|23
|
|t:|1743794812
|move|p2a: Maushold|Tidy Up|p2a: Maushold
|-sideend|p2: Kroketys|Spikes
|-sideend|p2: Kroketys|Stealth Rock
|-activate|p2a: Maushold|move: Tidy Up
|-boost|p2a: Maushold|atk|1
|-boost|p2a: Maushold|spe|1
|move|p1a: Toxapex|Toxic|p2a: Maushold
|-status|p2a: Maushold|tox
|
|-damage|p1a: Toxapex|64/100|[from] Leech Seed|[of] p2a: Maushold
|-heal|p2a: Maushold|74/100 tox|[silent]
|-damage|p2a: Maushold|68/100 tox|[from] psn
|upkeep
|turn|24
|
|t:|1743794819
|switch|p1a: Enamorus|Enamorus, F, shiny|88/100
|move|p2a: Maushold|Population Bomb|p1a: Enamorus
|-damage|p1a: Enamorus|61/100
|-damage|p1a: Enamorus|34/100
|-damage|p1a: Enamorus|7/100
|-damage|p1a: Enamorus|0 fnt
|faint|p1a: Enamorus
|-hitcount|p1: Enamorus|4
|
|-damage|p2a: Maushold|56/100 tox|[from] psn
|upkeep
|
|t:|1743794826
|switch|p1a: Dragapult|Dragapult, M, shiny, tera:Ghost|100/100
|turn|25
|
|t:|1743794832
|move|p2a: Maushold|Thunder Wave|p1a: Dragapult
|-status|p1a: Dragapult|par
|cant|p1a: Dragapult|par
|
|-damage|p2a: Maushold|37/100 tox|[from] psn
|upkeep
|turn|26
|
|t:|1743794836
|move|p2a: Maushold|U-turn|p1a: Dragapult
|-resisted|p1a: Dragapult
|-damage|p1a: Dragapult|83/100 par
|
|t:|1743794846
|switch|p2a: Corviknight|Corviknight, M|91/100|[from] U-turn
|move|p1a: Dragapult|Dragon Darts|p2a: Corviknight
|-resisted|p2a: Corviknight
|-damage|p2a: Corviknight|77/100
|-anim|p1a: Dragapult|Dragon Darts|p2a: Corviknight
|-resisted|p2a: Corviknight
|-damage|p2a: Corviknight|61/100
|
|upkeep
|turn|27
|-message|laneXYZ forfeited.
|
|win|Kroketys
|raw|laneXYZ's rating: 1060 &rarr; <strong>1043</strong><br />(-17 for losing)
|raw|Kroketys's rating: 1098 &rarr; <strong>1121</strong><br />(+23 for winning)
|l|☆laneXYZ
|player|p1|
|l|☆Kroketys
|player|p2|
