|j|☆Aggron
|j|☆insane pastor
|t:|1743911787
|gametype|singles
|player|p1|Aggron|266|1476
|player|p2|insane pastor|lady-gen4|1519
|teamsize|p1|6
|teamsize|p2|6
|gen|9
|tier|[Gen 9] OU
|rated|
|rule|HP Percentage Mod: HP is shown in percentages
|rule|Endless Battle Clause: Forcing endless battles is banned
|rule|Species Clause: Limit one of each Pokémon
|rule|OHKO Clause: OHKO moves are banned
|rule|Evasion Items Clause: Evasion items are banned
|rule|Evasion Moves Clause: Evasion moves are banned
|rule|Sleep Moves Clause: Sleep-inducing moves are banned
|clearpoke
|poke|p1|Grafaiai, M|
|poke|p1|Lokix, M|
|poke|p1|Excadrill, F|
|poke|p1|Enamorus, F|
|poke|p1|Garchomp, F|
|poke|p1|Araquanid, M|
|poke|p2|Gliscor, M|
|poke|p2|Great Tusk|
|poke|p2|Slowking-Galar, F|
|poke|p2|Zamazenta-*|
|poke|p2|Sinistcha|
|poke|p2|Alomomola, M|
|teampreview
|inactive|Battle timer is ON: inactive players will automatically lose when time's up. (requested by insane pastor)
|inactive|Aggron also wants the timer to be on.
|
|t:|1743911812
|start
|switch|p1a: Araquanid|Araquanid, M|100/100
|switch|p2a: Gliscor|Gliscor, M|100/100
|turn|1
|
|t:|1743911815
|move|p2a: Gliscor|Protect|p2a: Gliscor
|-singleturn|p2a: Gliscor|Protect
|move|p1a: Araquanid|Sticky Web|p2a: Gliscor
|-sidestart|p2: insane pastor|move: Sticky Web
|
|-status|p2a: Gliscor|tox|[from] item: Toxic Orb
|upkeep
|turn|2
|
|t:|1743911821
|switch|p2a: Alomomola|Alomomola, M|100/100
|-activate|p2a: Alomomola|move: Sticky Web
|-unboost|p2a: Alomomola|spe|1
|move|p1a: Araquanid|Liquidation|p2a: Alomomola
|-resisted|p2a: Alomomola
|-damage|p2a: Alomomola|79/100
|-unboost|p2a: Alomomola|def|1
|
|upkeep
|turn|3
|
|t:|1743911830
|switch|p1a: Grafaiai|Grafaiai, M|100/100
|move|p2a: Alomomola|Flip Turn|p1a: Grafaiai
|-damage|p1a: Grafaiai|84/100
|
|t:|1743911855
|switch|p2a: Great Tusk|Great Tusk|100/100|[from] Flip Turn
|
|-heal|p1a: Grafaiai|90/100|[from] item: Black Sludge
|upkeep
|turn|4
|
|t:|1743911864
|-terastallize|p1a: Grafaiai|Ghost
|move|p1a: Grafaiai|Toxic|p2a: Great Tusk
|-status|p2a: Great Tusk|tox
|move|p2a: Great Tusk|Rapid Spin|p1a: Grafaiai
|-immune|p1a: Grafaiai
|
|-damage|p1a: Grafaiai|77/100|[from] item: Black Sludge
|-damage|p2a: Great Tusk|94/100 tox|[from] psn
|upkeep
|turn|5
|
|t:|1743911869
|move|p1a: Grafaiai|Encore|p2a: Great Tusk
|-start|p2a: Great Tusk|Encore
|move|p2a: Great Tusk|Rapid Spin|p1a: Grafaiai
|-immune|p1a: Grafaiai
|
|-damage|p1a: Grafaiai|65/100|[from] item: Black Sludge
|-damage|p2a: Great Tusk|82/100 tox|[from] psn
|upkeep
|turn|6
|
|t:|1743911879
|-end|p2a: Great Tusk|Protosynthesis|[silent]
|switch|p2a: Gliscor|Gliscor, M|100/100 tox
|move|p1a: Grafaiai|Parting Shot|p2a: Gliscor
|-unboost|p2a: Gliscor|atk|1
|-unboost|p2a: Gliscor|spa|1
|
|t:|1743911892
|switch|p1a: Araquanid|Araquanid, M|100/100|[from] Parting Shot
|
|upkeep
|turn|7
|
|t:|1743911899
|move|p2a: Gliscor|Protect|p2a: Gliscor
|-singleturn|p2a: Gliscor|Protect
|move|p1a: Araquanid|Liquidation|p2a: Gliscor
|-activate|p2a: Gliscor|move: Protect
|
|upkeep
|turn|8
|
|t:|1743911911
|move|p2a: Gliscor|Stealth Rock|p1a: Araquanid
|-sidestart|p1: Aggron|move: Stealth Rock
|move|p1a: Araquanid|Liquidation|p2a: Gliscor
|-supereffective|p2a: Gliscor
|-damage|p2a: Gliscor|7/100 tox
|
|-heal|p2a: Gliscor|19/100 tox|[from] ability: Poison Heal
|upkeep
|turn|9
|
|t:|1743911916
|switch|p1a: Garchomp|Garchomp, F|100/100
|-damage|p1a: Garchomp|94/100|[from] Stealth Rock
|move|p2a: Gliscor|Protect||[still]
|-fail|p2a: Gliscor
|
|-heal|p2a: Gliscor|32/100 tox|[from] ability: Poison Heal
|upkeep
|turn|10
|
|t:|1743911926
|switch|p2a: Sinistcha|Sinistcha|100/100
|move|p1a: Garchomp|Stealth Rock|p2a: Sinistcha
|-sidestart|p2: insane pastor|move: Stealth Rock
|
|upkeep
|turn|11
|
|t:|1743911938
|move|p1a: Garchomp|Spikes|p2a: Sinistcha
|-sidestart|p2: insane pastor|Spikes
|move|p2a: Sinistcha|Matcha Gotcha|p1a: Garchomp
|-damage|p1a: Garchomp|65/100
|
|upkeep
|turn|12
|
|t:|1743911950
|move|p2a: Sinistcha|Matcha Gotcha|p1a: Garchomp
|-damage|p1a: Garchomp|36/100
|move|p1a: Garchomp|Dragon Tail|p2a: Sinistcha
|-damage|p2a: Sinistcha|80/100
|drag|p2a: Alomomola|Alomomola, M|100/100
|-activate|p2a: Alomomola|move: Sticky Web
|-unboost|p2a: Alomomola|spe|1
|-damage|p2a: Alomomola|88/100|[from] Stealth Rock
|-damage|p2a: Alomomola|76/100|[from] Spikes
|
|upkeep
|turn|13
|
|t:|1743911962
|move|p1a: Garchomp|Earthquake|p2a: Alomomola
|-damage|p2a: Alomomola|47/100
|move|p2a: Alomomola|Scald|p1a: Garchomp
|-damage|p1a: Garchomp|24/100
|-status|p1a: Garchomp|brn
|
|-damage|p1a: Garchomp|18/100 brn|[from] brn
|upkeep
|turn|14
|
|t:|1743911974
|switch|p2a: Great Tusk|Great Tusk|82/100 tox
|move|p1a: Garchomp|Spikes|p2a: Great Tusk
|-sidestart|p2: insane pastor|Spikes
|
|-damage|p2a: Great Tusk|76/100 tox|[from] psn
|-damage|p1a: Garchomp|11/100 brn|[from] brn
|upkeep
|turn|15
|
|t:|1743911984
|switch|p1a: Grafaiai|Grafaiai, M, tera:Ghost|65/100
|-damage|p1a: Grafaiai|53/100|[from] Stealth Rock
|move|p2a: Great Tusk|Knock Off|p1a: Grafaiai
|-supereffective|p1a: Grafaiai
|-damage|p1a: Grafaiai|0 fnt
|-enditem|p1a: Grafaiai|Black Sludge|[from] move: Knock Off|[of] p2a: Great Tusk
|faint|p1a: Grafaiai
|
|-damage|p2a: Great Tusk|63/100 tox|[from] psn
|upkeep
|
|t:|1743911991
|switch|p1a: Enamorus|Enamorus, F|100/100
|-damage|p1a: Enamorus|76/100|[from] Stealth Rock
|turn|16
|
|t:|1743911997
|-end|p2a: Great Tusk|Protosynthesis|[silent]
|switch|p2a: Slowking|Slowking-Galar, F|100/100
|-activate|p2a: Slowking|move: Sticky Web
|-unboost|p2a: Slowking|spe|1
|-damage|p2a: Slowking|88/100|[from] Stealth Rock
|-damage|p2a: Slowking|72/100|[from] Spikes
|move|p1a: Enamorus|Moonblast|p2a: Slowking
|-resisted|p2a: Slowking
|-damage|p2a: Slowking|57/100
|
|upkeep
|turn|17
|
|t:|1743912019
|switch|p1a: Garchomp|Garchomp, F|11/100 brn
|-damage|p1a: Garchomp|5/100 brn|[from] Stealth Rock
|move|p2a: Slowking|Flamethrower|p1a: Garchomp
|-resisted|p1a: Garchomp
|-damage|p1a: Garchomp|0 fnt
|faint|p1a: Garchomp
|
|upkeep
|inactive|Aggron has 120 seconds left.
|
|t:|1743912047
|switch|p1a: Lokix|Lokix, M|100/100
|turn|18
|inactive|Aggron has 120 seconds left.
|
|t:|1743912068
|move|p1a: Lokix|Knock Off|p2a: Slowking
|-supereffective|p2a: Slowking
|-damage|p2a: Slowking|0 fnt
|-enditem|p2a: Slowking|Assault Vest|[from] move: Knock Off|[of] p1a: Lokix
|faint|p2a: Slowking
|
|upkeep
|
|t:|1743912072
|switch|p2a: Great Tusk|Great Tusk|63/100 tox
|turn|19
|inactive|Aggron has 120 seconds left.
|
|t:|1743912092
|move|p2a: Great Tusk|Rapid Spin|p1a: Lokix
|-damage|p1a: Lokix|76/100
|-boost|p2a: Great Tusk|spe|1
|-sideend|p2: insane pastor|Spikes|[from] move: Rapid Spin|[of] p2a: Great Tusk
|-sideend|p2: insane pastor|Stealth Rock|[from] move: Rapid Spin|[of] p2a: Great Tusk
|-sideend|p2: insane pastor|Sticky Web|[from] move: Rapid Spin|[of] p2a: Great Tusk
|move|p1a: Lokix|Swords Dance|p1a: Lokix
|-boost|p1a: Lokix|atk|2
|
|-damage|p2a: Great Tusk|57/100 tox|[from] psn
|upkeep
|turn|20
|inactive|Aggron has 120 seconds left.
|
|t:|1743912114
|move|p2a: Great Tusk|Knock Off|p1a: Lokix
|-resisted|p1a: Lokix
|-damage|p1a: Lokix|50/100
|-enditem|p1a: Lokix|Heavy-Duty Boots|[from] move: Knock Off|[of] p2a: Great Tusk
|move|p1a: Lokix|Leech Life|p2a: Great Tusk
|-resisted|p2a: Great Tusk
|-damage|p2a: Great Tusk|0 fnt
|-heal|p1a: Lokix|87/100|[from] drain|[of] p2a: Great Tusk
|faint|p2a: Great Tusk
|-end|p2a: Great Tusk|Protosynthesis|[silent]
|
|upkeep
|
|t:|1743912126
|switch|p2a: Zamazenta|Zamazenta|100/100
|-ability|p2a: Zamazenta|Dauntless Shield|boost
|-boost|p2a: Zamazenta|def|1
|turn|21
|inactive|Aggron has 120 seconds left.
|inactive|insane pastor has 120 seconds left.
|
|t:|1743912145
|move|p2a: Zamazenta|Close Combat|p1a: Lokix
|-damage|p1a: Lokix|0 fnt
|-unboost|p2a: Zamazenta|def|1
|-unboost|p2a: Zamazenta|spd|1
|faint|p1a: Lokix
|
|upkeep
|inactive|Aggron has 120 seconds left.
|
|t:|1743912151
|switch|p1a: Enamorus|Enamorus, F|76/100
|-damage|p1a: Enamorus|51/100|[from] Stealth Rock
|turn|22
|
|t:|1743912158
|switch|p2a: Alomomola|Alomomola, M|80/100
|move|p1a: Enamorus|Moonblast|p2a: Alomomola
|-damage|p2a: Alomomola|51/100
|-unboost|p2a: Alomomola|spa|1
|
|upkeep
|turn|23
|
|t:|1743912170
|switch|p1a: Araquanid|Araquanid, M|100/100
|-damage|p1a: Araquanid|76/100|[from] Stealth Rock
|move|p2a: Alomomola|Flip Turn|p1a: Araquanid
|-resisted|p1a: Araquanid
|-damage|p1a: Araquanid|66/100
|inactive|insane pastor has 120 seconds left.
|-message|Aggron forfeited.
|
|win|insane pastor
|raw|Aggron's rating: 1476 &rarr; <strong>1458</strong><br />(-18 for losing)
|raw|insane pastor's rating: 1519 &rarr; <strong>1537</strong><br />(+18 for winning)
|l|☆Aggron
|player|p1|
|l|☆insane pastor
|player|p2|
|j|☆Aggron
|player|p1|Aggron|266|
