|j|☆lilcpenjoyer
|j|☆Emonstar
|t:|1743890230
|gametype|singles
|player|p1|lilcpenjoyer|2|1227
|player|p2|Emonstar|102|1204
|teamsize|p1|6
|teamsize|p2|6
|gen|9
|tier|[Gen 9] OU
|rated|
|rule|HP Percentage Mod: HP is shown in percentages
|rule|Endless Battle Clause: Forcing endless battles is banned
|rule|Species Clause: Limit one of each Pokémon
|rule|OHKO Clause: OHKO moves are banned
|rule|Evasion Items Clause: Evasion items are banned
|rule|Evasion Moves Clause: Evasion moves are banned
|rule|Sleep Moves Clause: Sleep-inducing moves are banned
|clearpoke
|poke|p1|Slowking-Galar, F|
|poke|p1|Zamazenta-*|
|poke|p1|Landorus-Therian, M|
|poke|p1|Kingambit, F|
|poke|p1|Dragapult, F|
|poke|p1|Ogerpon-Wellspring, F|
|poke|p2|Klefki, F|
|poke|p2|Poliwrath, F|
|poke|p2|Armarouge, M|
|poke|p2|Frosmoth, F|
|poke|p2|Garchomp, M|
|poke|p2|Magnezone|
|teampreview
|inactive|Battle timer is ON: inactive players will automatically lose when time's up. (requested by lilcpenjoyer)
|
|t:|1743890246
|start
|switch|p1a: Dragapult|Dragapult, F|100/100
|switch|p2a: Poliwrath|Poliwrath, F|100/100
|turn|1
|
|t:|1743890252
|move|p1a: Dragapult|Will-O-Wisp|p2a: Poliwrath
|-status|p2a: Poliwrath|brn
|move|p2a: Poliwrath|Knock Off|p1a: Dragapult
|-supereffective|p1a: Dragapult
|-damage|p1a: Dragapult|38/100
|-enditem|p1a: Dragapult|Heavy-Duty Boots|[from] move: Knock Off|[of] p2a: Poliwrath
|
|-damage|p2a: Poliwrath|94/100 brn|[from] brn
|upkeep
|turn|2
|
|t:|1743890264
|move|p1a: Dragapult|U-turn|p2a: Poliwrath
|-resisted|p2a: Poliwrath
|-damage|p2a: Poliwrath|82/100 brn
|
|t:|1743890268
|switch|p1a: Landorus|Landorus-Therian, M|100/100|[from] U-turn
|-ability|p1a: Landorus|Intimidate|boost
|-unboost|p2a: Poliwrath|atk|1
|move|p2a: Poliwrath|Knock Off|p1a: Landorus
|-damage|p1a: Landorus|90/100
|-damage|p2a: Poliwrath|66/100 brn|[from] item: Rocky Helmet|[of] p1a: Landorus
|-enditem|p1a: Landorus|Rocky Helmet|[from] move: Knock Off|[of] p2a: Poliwrath
|
|-damage|p2a: Poliwrath|60/100 brn|[from] brn
|upkeep
|turn|3
|
|t:|1743890294
|switch|p2a: Garchomp|Garchomp, M|100/100
|move|p1a: Landorus|Stealth Rock|p2a: Garchomp
|-sidestart|p2: Emonstar|move: Stealth Rock
|
|upkeep
|turn|4
|
|t:|1743890302
|move|p1a: Landorus|U-turn|p2a: Garchomp
|-damage|p2a: Garchomp|89/100
|-damage|p1a: Landorus|77/100|[from] ability: Rough Skin|[of] p2a: Garchomp
|-damage|p1a: Landorus|61/100|[from] item: Rocky Helmet|[of] p2a: Garchomp
|
|t:|1743890330
|switch|p1a: Dragapult|Dragapult, F|38/100|[from] U-turn
|move|p2a: Garchomp|Stealth Rock|p1a: Dragapult
|-sidestart|p1: lilcpenjoyer|move: Stealth Rock
|
|upkeep
|turn|5
|
|t:|1743890335
|move|p1a: Dragapult|Will-O-Wisp|p2a: Garchomp
|-status|p2a: Garchomp|brn
|move|p2a: Garchomp|Dragon Tail|p1a: Dragapult
|-supereffective|p1a: Dragapult
|-damage|p1a: Dragapult|0 fnt
|faint|p1a: Dragapult
|
|-damage|p2a: Garchomp|82/100 brn|[from] brn
|upkeep
|
|t:|1743890342
|switch|p1a: Slowking|Slowking-Galar, F|100/100
|turn|6
|
|t:|1743890354
|move|p1a: Slowking|Future Sight|p2a: Garchomp
|-start|p1a: Slowking|move: Future Sight
|move|p2a: Garchomp|Dragon Tail|p1a: Slowking
|-damage|p1a: Slowking|87/100
|drag|p1a: Zamazenta|Zamazenta|100/100
|-ability|p1a: Zamazenta|Dauntless Shield|boost
|-boost|p1a: Zamazenta|def|1
|
|-damage|p2a: Garchomp|76/100 brn|[from] brn
|upkeep
|turn|7
|
|t:|1743890368
|move|p1a: Zamazenta|Stone Edge|p2a: Garchomp
|-resisted|p2a: Garchomp
|-damage|p2a: Garchomp|67/100 brn
|move|p2a: Garchomp|Dragon Tail|p1a: Zamazenta
|-damage|p1a: Zamazenta|93/100
|drag|p1a: Kingambit|Kingambit, F|100/100
|-damage|p1a: Kingambit|94/100|[from] Stealth Rock
|-activate|p1a: Kingambit|ability: Supreme Overlord
|-start|p1a: Kingambit|fallen1|[silent]
|
|-damage|p2a: Garchomp|61/100 brn|[from] brn
|upkeep
|turn|8
|
|t:|1743890381
|-end|p1a: Kingambit|fallen1|[silent]
|switch|p1a: Landorus|Landorus-Therian, M|61/100
|-damage|p1a: Landorus|48/100|[from] Stealth Rock
|-ability|p1a: Landorus|Intimidate|boost
|-unboost|p2a: Garchomp|atk|1
|move|p2a: Garchomp|Earthquake|p1a: Landorus
|-immune|p1a: Landorus
|
|-end|p2a: Garchomp|move: Future Sight
|-damage|p2a: Garchomp|18/100 brn
|-damage|p2a: Garchomp|11/100 brn|[from] brn
|upkeep
|turn|9
|
|t:|1743890393
|move|p1a: Landorus|Earth Power|p2a: Garchomp
|-damage|p2a: Garchomp|0 fnt
|faint|p2a: Garchomp
|
|upkeep
|inactive|Emonstar has 120 seconds left.
|
|t:|1743890425
|switch|p2a: Magnezone|Magnezone|100/100
|-damage|p2a: Magnezone|94/100|[from] Stealth Rock
|turn|10
|inactive|Emonstar has 120 seconds left.
|
|t:|1743890436
|move|p2a: Magnezone|Steel Beam|p1a: Landorus
|-damage|p1a: Landorus|0 fnt
|-damage|p2a: Magnezone|44/100|[from] steelbeam
|faint|p1a: Landorus
|
|upkeep
|
|t:|1743890444
|switch|p1a: Kingambit|Kingambit, F|94/100
|-damage|p1a: Kingambit|88/100|[from] Stealth Rock
|-activate|p1a: Kingambit|ability: Supreme Overlord
|-start|p1a: Kingambit|fallen2|[silent]
|turn|11
|inactive|Emonstar has 120 seconds left.
|
|t:|1743890463
|switch|p2a: Poliwrath|Poliwrath, F|60/100 brn
|-damage|p2a: Poliwrath|53/100 brn|[from] Stealth Rock
|move|p1a: Kingambit|Swords Dance|p1a: Kingambit
|-boost|p1a: Kingambit|atk|2
|
|-damage|p2a: Poliwrath|47/100 brn|[from] brn
|upkeep
|turn|12
|
|t:|1743890483
|move|p1a: Kingambit|Sucker Punch|p2a: Poliwrath
|-resisted|p2a: Poliwrath
|-damage|p2a: Poliwrath|0 fnt
|faint|p2a: Poliwrath
|
|upkeep
|inactive|Emonstar has 120 seconds left.
|
|t:|1743890500
|switch|p2a: Klefki|Klefki, F|100/100
|-damage|p2a: Klefki|95/100|[from] Stealth Rock
|turn|13
|inactive|Emonstar has 120 seconds left.
|
|t:|1743890520
|move|p2a: Klefki|Spikes|p1a: Kingambit
|-sidestart|p1: lilcpenjoyer|Spikes
|move|p1a: Kingambit|Iron Head|p2a: Klefki
|-damage|p2a: Klefki|4/100
|
|upkeep
|turn|14
|inactive|Emonstar has 120 seconds left.
|
|t:|1743890527
|move|p2a: Klefki|Rain Dance|p2a: Klefki
|-weather|RainDance
|move|p1a: Kingambit|Iron Head|p2a: Klefki
|-damage|p2a: Klefki|0 fnt
|faint|p2a: Klefki
|
|-weather|RainDance|[upkeep]
|upkeep
|inactive|Emonstar has 120 seconds left.
|
|t:|1743890533
|switch|p2a: Magnezone|Magnezone|44/100
|-damage|p2a: Magnezone|38/100|[from] Stealth Rock
|turn|15
|
|t:|1743890538
|-terastallize|p2a: Magnezone|Fighting
|move|p2a: Magnezone|Body Press|p1a: Kingambit
|-supereffective|p1a: Kingambit
|-damage|p1a: Kingambit|0 fnt
|faint|p1a: Kingambit
|-end|p1a: Kingambit|fallen2|[silent]
|
|-weather|RainDance|[upkeep]
|upkeep
|
|t:|1743890549
|switch|p1a: Ogerpon|Ogerpon-Wellspring, F|100/100
|-damage|p1a: Ogerpon|88/100|[from] Stealth Rock
|-damage|p1a: Ogerpon|76/100|[from] Spikes
|turn|16
|
|t:|1743890556
|move|p2a: Magnezone|Body Press|p1a: Ogerpon
|-damage|p1a: Ogerpon|24/100
|move|p1a: Ogerpon|Ivy Cudgel|p2a: Magnezone|[anim] Ivy Cudgel Water
|-damage|p2a: Magnezone|0 fnt
|faint|p2a: Magnezone
|
|-weather|RainDance|[upkeep]
|upkeep
|
|t:|1743890563
|switch|p2a: Frosmoth|Frosmoth, F|100/100
|-damage|p2a: Frosmoth|51/100|[from] Stealth Rock
|turn|17
|
|t:|1743890569
|move|p1a: Ogerpon|Ivy Cudgel|p2a: Frosmoth|[anim] Ivy Cudgel Water
|-damage|p2a: Frosmoth|0 fnt
|faint|p2a: Frosmoth
|
|-weather|RainDance|[upkeep]
|upkeep
|c|☆lilcpenjoyer|gg
|
|t:|1743890574
|switch|p2a: Armarouge|Armarouge, M|100/100
|-damage|p2a: Armarouge|75/100|[from] Stealth Rock
|turn|18
|
|t:|1743890580
|-terastallize|p1a: Ogerpon|Water
|detailschange|p1a: Ogerpon|Ogerpon-Wellspring-Tera, F, tera:Water
|-ability|p1a: Ogerpon|Embody Aspect (Wellspring)|boost
|-boost|p1a: Ogerpon|spd|1
|move|p1a: Ogerpon|Ivy Cudgel|p2a: Armarouge|[anim] Ivy Cudgel Water
|-supereffective|p2a: Armarouge
|-damage|p2a: Armarouge|0 fnt
|faint|p2a: Armarouge
|
|win|lilcpenjoyer
|raw|lilcpenjoyer's rating: 1227 &rarr; <strong>1250</strong><br />(+23 for winning)
|raw|Emonstar's rating: 1204 &rarr; <strong>1181</strong><br />(-23 for losing)
|l|☆Emonstar
|player|p2|
|l|☆lilcpenjoyer
|player|p1|
