|j|☆emi-wa
|j|☆TOXICccccccccccccc
|t:|1743784175
|gametype|singles
|player|p1|emi-wa|cynthia-masters3|1095
|player|p2|TOXICccccccccccccc|hiker-gen4|1127
|teamsize|p1|6
|teamsize|p2|6
|gen|9
|tier|[Gen 9] OU
|rated|
|rule|HP Percentage Mod: HP is shown in percentages
|rule|Endless Battle Clause: Forcing endless battles is banned
|rule|Species Clause: Limit one of each Pokémon
|rule|OHKO Clause: OHKO moves are banned
|rule|Evasion Items Clause: Evasion items are banned
|rule|Evasion Moves Clause: Evasion moves are banned
|rule|Sleep Moves Clause: Sleep-inducing moves are banned
|clearpoke
|poke|p1|Great Tusk|
|poke|p1|Arcanine-Hisui, M|
|poke|p1|Meowscarada, F|
|poke|p1|Gallade, M|
|poke|p1|Slowbro-Galar, M|
|poke|p1|Jirachi|
|poke|p2|Glimmora, M|
|poke|p2|Salazzle, F|
|poke|p2|Pecharunt|
|poke|p2|Alomomola, F|
|poke|p2|Samurott-Hisui, M|
|poke|p2|Garchomp, M|
|teampreview
|inactive|Battle timer is ON: inactive players will automatically lose when time's up. (requested by TOXICccccccccccccc)
|
|t:|1743784191
|start
|switch|p1a: ヒットラー|Great Tusk|100/100
|switch|p2a: Samurott|Samurott-Hisui, M|100/100
|turn|1
|
|t:|1743784201
|move|p2a: Samurott|Flip Turn|p1a: ヒットラー
|-supereffective|p1a: ヒットラー
|-damage|p1a: ヒットラー|64/100
|
|t:|1743784204
|switch|p2a: Alomomola|Alomomola, F|100/100|[from] Flip Turn
|move|p1a: ヒットラー|Close Combat|p2a: Alomomola
|-damage|p2a: Alomomola|72/100
|-unboost|p1a: ヒットラー|def|1
|-unboost|p1a: ヒットラー|spd|1
|
|upkeep
|turn|2
|
|t:|1743784220
|-end|p1a: ヒットラー|Protosynthesis|[silent]
|switch|p1a: すみれの花|Meowscarada, F|100/100
|move|p2a: Alomomola|Flip Turn|p1a: すみれの花
|-resisted|p1a: すみれの花
|-damage|p1a: すみれの花|87/100
|
|t:|1743784223
|switch|p2a: Samurott|Samurott-Hisui, M|100/100|[from] Flip Turn
|
|upkeep
|turn|3
|
|t:|1743784244
|move|p2a: Samurott|Sacred Sword|p1a: すみれの花
|-supereffective|p1a: すみれの花
|-damage|p1a: すみれの花|0 fnt
|faint|p1a: すみれの花
|
|upkeep
|
|t:|1743784253
|switch|p1a: 伝説の剣|Gallade, M|100/100
|turn|4
|
|t:|1743784259
|switch|p2a: Alomomola|Alomomola, F|100/100
|move|p1a: 伝説の剣|Sacred Sword|p2a: Alomomola
|-damage|p2a: Alomomola|65/100
|
|upkeep
|turn|5
|
|t:|1743784268
|move|p1a: 伝説の剣|Sacred Sword|p2a: Alomomola
|-damage|p2a: Alomomola|27/100
|move|p2a: Alomomola|Flip Turn|p1a: 伝説の剣
|-damage|p1a: 伝説の剣|75/100
|
|t:|1743784271
|switch|p2a: Garchomp|Garchomp, M|100/100|[from] Flip Turn
|
|upkeep
|turn|6
|
|t:|1743784280
|move|p2a: Garchomp|Scale Shot|p1a: 伝説の剣
|-damage|p1a: 伝説の剣|55/100
|-damage|p1a: 伝説の剣|36/100
|-damage|p1a: 伝説の剣|16/100
|-damage|p1a: 伝説の剣|0 fnt
|faint|p1a: 伝説の剣
|-hitcount|p1: 伝説の剣|4
|-unboost|p2a: Garchomp|def|1
|-boost|p2a: Garchomp|spe|1
|
|upkeep
|
|t:|1743784290
|switch|p1a: お薦|Slowbro-Galar, M|100/100
|turn|7
|-activate|p1a: お薦|ability: Quick Draw
|
|t:|1743784296
|move|p1a: お薦|Ice Beam|p2a: Garchomp
|-supereffective|p2a: Garchomp
|-damage|p2a: Garchomp|0 fnt
|faint|p2a: Garchomp
|
|upkeep
|
|t:|1743784300
|switch|p2a: Glimmora|Glimmora, M|100/100
|turn|8
|
|t:|1743784311
|-terastallize|p1a: お薦|Ground
|move|p2a: Glimmora|Toxic|p1a: お薦
|-status|p1a: お薦|tox
|move|p1a: お薦|Tera Blast|p2a: Glimmora|[anim] Tera Blast Ground
|-supereffective|p2a: Glimmora
|-damage|p2a: Glimmora|0 fnt
|faint|p2a: Glimmora
|
|-damage|p1a: お薦|94/100 tox|[from] psn
|upkeep
|
|t:|1743784318
|switch|p2a: Samurott|Samurott-Hisui, M|100/100
|turn|9
|
|t:|1743784331
|switch|p1a: 運命|Jirachi|100/100
|move|p2a: Samurott|Aqua Cutter|p1a: 運命
|-crit|p1a: 運命
|-damage|p1a: 運命|43/100
|
|-heal|p1a: 運命|50/100|[from] item: Leftovers
|upkeep
|turn|10
|
|t:|1743784344
|move|p2a: Samurott|Aqua Cutter|p1a: 運命
|-damage|p1a: 運命|9/100
|move|p1a: 運命|Play Rough|p2a: Samurott
|-supereffective|p2a: Samurott
|-damage|p2a: Samurott|45/100
|
|-heal|p1a: 運命|15/100|[from] item: Leftovers
|upkeep
|turn|11
|
|t:|1743784353
|move|p2a: Samurott|Aqua Cutter|p1a: 運命
|-damage|p1a: 運命|0 fnt
|faint|p1a: 運命
|
|upkeep
|
|t:|1743784362
|switch|p1a: ヘルハウンド|Arcanine-Hisui, M|100/100
|turn|12
|
|t:|1743784369
|move|p2a: Samurott|Aqua Cutter|p1a: ヘルハウンド
|-supereffective|p1a: ヘルハウンド
|-damage|p1a: ヘルハウンド|0 fnt
|faint|p1a: ヘルハウンド
|
|upkeep
|
|t:|1743784373
|switch|p1a: お薦|Slowbro-Galar, M, tera:Ground|94/100 tox
|turn|13
|-activate|p1a: お薦|ability: Quick Draw
|
|t:|1743784379
|move|p1a: お薦|Shell Side Arm|p2a: Samurott|[anim] Shell Side Arm Special
|-damage|p2a: Samurott|0 fnt
|-hint|Special Shell Side Arm
|faint|p2a: Samurott
|
|-damage|p1a: お薦|88/100 tox|[from] psn
|upkeep
|
|t:|1743784386
|switch|p2a: Salazzle|Salazzle, F|100/100
|turn|14
|
|t:|1743784390
|move|p2a: Salazzle|Encore|p1a: お薦
|-start|p1a: お薦|Encore
|move|p1a: お薦|Shell Side Arm|p2a: Salazzle|[anim] Shell Side Arm Special
|-resisted|p2a: Salazzle
|-damage|p2a: Salazzle|70/100
|-hint|Special Shell Side Arm
|
|-heal|p2a: Salazzle|76/100|[from] item: Leftovers
|-damage|p1a: お薦|76/100 tox|[from] psn
|upkeep
|turn|15
|
|t:|1743784396
|switch|p1a: ヒットラー|Great Tusk|64/100
|move|p2a: Salazzle|Substitute|p2a: Salazzle
|-start|p2a: Salazzle|Substitute
|-damage|p2a: Salazzle|51/100
|
|-heal|p2a: Salazzle|57/100|[from] item: Leftovers
|upkeep
|turn|16
|
|t:|1743784404
|move|p2a: Salazzle|Toxic|p1a: ヒットラー
|-status|p1a: ヒットラー|tox
|move|p1a: ヒットラー|Headlong Rush|p2a: Salazzle
|-supereffective|p2a: Salazzle
|-end|p2a: Salazzle|Substitute
|-unboost|p1a: ヒットラー|def|1
|-unboost|p1a: ヒットラー|spd|1
|
|-heal|p2a: Salazzle|63/100|[from] item: Leftovers
|-damage|p1a: ヒットラー|58/100 tox|[from] psn
|upkeep
|turn|17
|
|t:|1743784409
|move|p2a: Salazzle|Protect|p2a: Salazzle
|-singleturn|p2a: Salazzle|Protect
|move|p1a: ヒットラー|Headlong Rush|p2a: Salazzle
|-activate|p2a: Salazzle|move: Protect
|
|-heal|p2a: Salazzle|69/100|[from] item: Leftovers
|-damage|p1a: ヒットラー|45/100 tox|[from] psn
|upkeep
|turn|18
|
|t:|1743784412
|move|p2a: Salazzle|Substitute|p2a: Salazzle
|-start|p2a: Salazzle|Substitute
|-damage|p2a: Salazzle|44/100
|move|p1a: ヒットラー|Headlong Rush|p2a: Salazzle
|-supereffective|p2a: Salazzle
|-end|p2a: Salazzle|Substitute
|-unboost|p1a: ヒットラー|def|1
|-unboost|p1a: ヒットラー|spd|1
|
|-heal|p2a: Salazzle|50/100|[from] item: Leftovers
|-damage|p1a: ヒットラー|27/100 tox|[from] psn
|upkeep
|turn|19
|
|t:|1743784425
|move|p2a: Salazzle|Protect|p2a: Salazzle
|-singleturn|p2a: Salazzle|Protect
|move|p1a: ヒットラー|Rapid Spin|p2a: Salazzle
|-activate|p2a: Salazzle|move: Protect
|
|-heal|p2a: Salazzle|57/100|[from] item: Leftovers
|-damage|p1a: ヒットラー|2/100 tox|[from] psn
|upkeep
|turn|20
|
|t:|1743784429
|move|p2a: Salazzle|Substitute|p2a: Salazzle
|-start|p2a: Salazzle|Substitute
|-damage|p2a: Salazzle|32/100
|move|p1a: ヒットラー|Headlong Rush|p2a: Salazzle
|-supereffective|p2a: Salazzle
|-end|p2a: Salazzle|Substitute
|-unboost|p1a: ヒットラー|def|1
|-unboost|p1a: ヒットラー|spd|1
|
|-heal|p2a: Salazzle|38/100|[from] item: Leftovers
|-damage|p1a: ヒットラー|0 fnt|[from] psn
|faint|p1a: ヒットラー
|-end|p1a: ヒットラー|Protosynthesis|[silent]
|upkeep
|
|t:|1743784432
|switch|p1a: お薦|Slowbro-Galar, M, tera:Ground|76/100 tox
|turn|21
|
|t:|1743784435
|move|p2a: Salazzle|Protect|p2a: Salazzle
|-singleturn|p2a: Salazzle|Protect
|move|p1a: お薦|Tera Blast|p2a: Salazzle|[anim] Tera Blast Ground
|-activate|p2a: Salazzle|move: Protect
|
|-heal|p2a: Salazzle|44/100|[from] item: Leftovers
|-damage|p1a: お薦|70/100 tox|[from] psn
|upkeep
|turn|22
|-activate|p1a: お薦|ability: Quick Draw
|
|t:|1743784439
|move|p1a: お薦|Tera Blast|p2a: Salazzle|[anim] Tera Blast Ground
|-supereffective|p2a: Salazzle
|-damage|p2a: Salazzle|0 fnt
|faint|p2a: Salazzle
|
|-damage|p1a: お薦|58/100 tox|[from] psn
|upkeep
|
|t:|1743784443
|switch|p2a: Alomomola|Alomomola, F|61/100
|turn|23
|
|t:|1743784454
|move|p2a: Alomomola|Wish|p2a: Alomomola
|move|p1a: お薦|Shell Side Arm|p2a: Alomomola|[anim] Shell Side Arm Special
|-damage|p2a: Alomomola|18/100
|-hint|Special Shell Side Arm
|
|-damage|p1a: お薦|40/100 tox|[from] psn
|upkeep
|turn|24
|
|t:|1743784459
|switch|p2a: Pecharunt|Pecharunt|100/100
|-item|p2a: Pecharunt|Air Balloon
|move|p1a: お薦|Shell Side Arm|p2a: Pecharunt|[anim] Shell Side Arm Special
|-resisted|p2a: Pecharunt
|-damage|p2a: Pecharunt|92/100
|-hint|Special Shell Side Arm
|-enditem|p2a: Pecharunt|Air Balloon
|
|-heal|p2a: Pecharunt|100/100|[from] move: Wish|[wisher] Alomomola
|-damage|p1a: お薦|15/100 tox|[from] psn
|upkeep
|turn|25
|-activate|p1a: お薦|ability: Quick Draw
|
|t:|1743784462
|move|p1a: お薦|Tera Blast|p2a: Pecharunt|[anim] Tera Blast Ground
|-supereffective|p2a: Pecharunt
|-damage|p2a: Pecharunt|33/100
|move|p2a: Pecharunt|Shadow Ball|p1a: お薦
|-damage|p1a: お薦|0 fnt
|faint|p1a: お薦
|
|win|TOXICccccccccccccc
|raw|emi-wa's rating: 1095 &rarr; <strong>1073</strong><br />(-22 for losing)
|raw|TOXICccccccccccccc's rating: 1127 &rarr; <strong>1150</strong><br />(+23 for winning)
