|j|☆LIOM891
|j|☆Lifeshatter14
|t:|1743814852
|gametype|singles
|player|p1|LIOM891|crasherwake|1035
|player|p2|Lifeshatter14|rika|1000
|teamsize|p1|6
|teamsize|p2|6
|gen|9
|tier|[Gen 9] OU
|rated|
|rule|HP Percentage Mod: HP is shown in percentages
|rule|Endless Battle Clause: Forcing endless battles is banned
|rule|Species Clause: Limit one of each Pokémon
|rule|OHKO Clause: OHKO moves are banned
|rule|Evasion Items Clause: Evasion items are banned
|rule|Evasion Moves Clause: Evasion moves are banned
|rule|Sleep Moves Clause: Sleep-inducing moves are banned
|clearpoke
|poke|p1|Greninja-*, F|
|poke|p1|Dragapult, M|
|poke|p1|Metagross|
|poke|p1|Iron Valiant|
|poke|p1|Gengar, M|
|poke|p1|Enamorus, F|
|poke|p2|Garganacl, M|
|poke|p2|Gholdengo|
|poke|p2|Weavile, M|
|poke|p2|Iron Valiant|
|poke|p2|Ogerpon-Wellspring, F|
|poke|p2|Great Tusk|
|teampreview
|inactive|Battle timer is ON: inactive players will automatically lose when time's up. (requested by Lifeshatter14)
|
|t:|1743814860
|start
|switch|p1a: Dragapult|Dragapult, M|100/100
|switch|p2a: Garganacl|Garganacl, M|100/100
|turn|1
|
|t:|1743814866
|move|p1a: Dragapult|Dragon Dance|p1a: Dragapult
|-boost|p1a: Dragapult|atk|1
|-boost|p1a: Dragapult|spe|1
|move|p2a: Garganacl|Stealth Rock|p1a: Dragapult
|-sidestart|p1: LIOM891|move: Stealth Rock
|
|upkeep
|turn|2
|
|t:|1743814874
|move|p1a: Dragapult|Dragon Darts|p2a: Garganacl
|-damage|p2a: Garganacl|72/100
|-anim|p1a: Dragapult|Dragon Darts|p2a: Garganacl
|-damage|p2a: Garganacl|47/100
|move|p2a: Garganacl|Salt Cure|p1a: Dragapult
|-damage|p1a: Dragapult|80/100
|-start|p1a: Dragapult|Salt Cure
|
|-heal|p1a: Dragapult|86/100|[from] item: Leftovers
|-heal|p2a: Garganacl|53/100|[from] item: Leftovers
|-damage|p1a: Dragapult|74/100|[from] Salt Cure
|upkeep
|turn|3
|
|t:|1743814886
|move|p2a: Garganacl|Protect|p2a: Garganacl
|-singleturn|p2a: Garganacl|Protect
|move|p1a: Dragapult|Dragon Darts|p2a: Garganacl
|-activate|p2a: Garganacl|move: Protect
|
|-heal|p1a: Dragapult|80/100|[from] item: Leftovers
|-heal|p2a: Garganacl|59/100|[from] item: Leftovers
|-damage|p1a: Dragapult|68/100|[from] Salt Cure
|upkeep
|turn|4
|
|t:|1743814896
|move|p1a: Dragapult|Dragon Dance|p1a: Dragapult
|-boost|p1a: Dragapult|atk|1
|-boost|p1a: Dragapult|spe|1
|move|p2a: Garganacl|Recover|p2a: Garganacl
|-heal|p2a: Garganacl|100/100
|
|-heal|p1a: Dragapult|74/100|[from] item: Leftovers
|-damage|p1a: Dragapult|61/100|[from] Salt Cure
|upkeep
|turn|5
|
|t:|1743814904
|move|p1a: Dragapult|Dragon Dance|p1a: Dragapult
|-boost|p1a: Dragapult|atk|1
|-boost|p1a: Dragapult|spe|1
|move|p2a: Garganacl|Salt Cure|p1a: Dragapult
|-damage|p1a: Dragapult|43/100
|
|-heal|p1a: Dragapult|49/100|[from] item: Leftovers
|-damage|p1a: Dragapult|37/100|[from] Salt Cure
|upkeep
|turn|6
|
|t:|1743814913
|move|p2a: Garganacl|Protect|p2a: Garganacl
|-singleturn|p2a: Garganacl|Protect
|move|p1a: Dragapult|Phantom Force||[still]
|-prepare|p1a: Dragapult|Phantom Force
|
|-heal|p1a: Dragapult|43/100|[from] item: Leftovers
|-damage|p1a: Dragapult|31/100|[from] Salt Cure
|upkeep
|turn|7
|
|t:|1743814927
|move|p1a: Dragapult|Phantom Force|p2a: Garganacl|[from] lockedmove
|-damage|p2a: Garganacl|62/100
|move|p2a: Garganacl|Salt Cure|p1a: Dragapult
|-damage|p1a: Dragapult|13/100
|
|-heal|p1a: Dragapult|19/100|[from] item: Leftovers
|-heal|p2a: Garganacl|68/100|[from] item: Leftovers
|-damage|p1a: Dragapult|7/100|[from] Salt Cure
|upkeep
|turn|8
|
|t:|1743814940
|move|p1a: Dragapult|Dragon Darts|p2a: Garganacl
|-damage|p2a: Garganacl|24/100
|-anim|p1a: Dragapult|Dragon Darts|p2a: Garganacl
|-damage|p2a: Garganacl|0 fnt
|faint|p2a: Garganacl
|
|-heal|p1a: Dragapult|13/100|[from] item: Leftovers
|-damage|p1a: Dragapult|1/100|[from] Salt Cure
|upkeep
|
|t:|1743814961
|switch|p2a: Great Tusk|Great Tusk|100/100
|turn|9
|
|t:|1743814967
|move|p1a: Dragapult|Dragon Darts|p2a: Great Tusk
|-damage|p2a: Great Tusk|53/100
|-anim|p1a: Dragapult|Dragon Darts|p2a: Great Tusk
|-damage|p2a: Great Tusk|2/100
|move|p2a: Great Tusk|Ice Spinner|p1a: Dragapult
|-supereffective|p1a: Dragapult
|-damage|p1a: Dragapult|0 fnt
|faint|p1a: Dragapult
|
|upkeep
|
|t:|1743814981
|switch|p1a: Greninja|Greninja, F|100/100
|-damage|p1a: Greninja|88/100|[from] Stealth Rock
|turn|10
|
|t:|1743814990
|move|p1a: Greninja|U-turn|p2a: Great Tusk
|-start|p1a: Greninja|typechange|Bug|[from] ability: Protean
|-resisted|p2a: Great Tusk
|-damage|p2a: Great Tusk|0 fnt
|-damage|p1a: Greninja|72/100|[from] item: Rocky Helmet|[of] p2a: Great Tusk
|faint|p2a: Great Tusk
|-end|p2a: Great Tusk|Protosynthesis|[silent]
|-damage|p1a: Greninja|62/100|[from] item: Life Orb
|
|t:|1743815002
|switch|p1a: Metagross|Metagross, shiny|100/100|[from] U-turn
|
|upkeep
|
|t:|1743815011
|switch|p2a: Gholdengo|Gholdengo|100/100
|-item|p2a: Gholdengo|Air Balloon
|turn|11
|
|t:|1743815021
|-terastallize|p1a: Metagross|Steel
|move|p2a: Gholdengo|Nasty Plot|p2a: Gholdengo
|-boost|p2a: Gholdengo|spa|2
|move|p1a: Metagross|Earthquake|p2a: Gholdengo
|-immune|p2a: Gholdengo
|
|upkeep
|turn|12
|
|t:|1743815030
|move|p2a: Gholdengo|Shadow Ball|p1a: Metagross
|-damage|p1a: Metagross|21/100
|move|p1a: Metagross|Thunder Punch|p2a: Gholdengo
|-damage|p2a: Gholdengo|68/100
|-enditem|p2a: Gholdengo|Air Balloon
|
|upkeep
|turn|13
|
|t:|1743815039
|move|p1a: Metagross|Bullet Punch|p2a: Gholdengo
|-resisted|p2a: Gholdengo
|-damage|p2a: Gholdengo|51/100
|move|p2a: Gholdengo|Shadow Ball|p1a: Metagross
|-damage|p1a: Metagross|0 fnt
|faint|p1a: Metagross
|
|upkeep
|
|t:|1743815047
|switch|p1a: Iron Valiant|Iron Valiant|100/100
|-damage|p1a: Iron Valiant|94/100|[from] Stealth Rock
|-enditem|p1a: Iron Valiant|Booster Energy
|-activate|p1a: Iron Valiant|ability: Quark Drive|[fromitem]
|-start|p1a: Iron Valiant|quarkdrivespe
|turn|14
|
|t:|1743815064
|move|p1a: Iron Valiant|Energy Ball|p2a: Gholdengo
|-resisted|p2a: Gholdengo
|-damage|p2a: Gholdengo|36/100
|-unboost|p2a: Gholdengo|spd|1
|move|p2a: Gholdengo|Psyshock|p1a: Iron Valiant
|-supereffective|p1a: Iron Valiant
|-damage|p1a: Iron Valiant|0 fnt
|faint|p1a: Iron Valiant
|-end|p1a: Iron Valiant|Quark Drive|[silent]
|
|upkeep
|
|t:|1743815082
|switch|p1a: Gengar|Gengar, M|100/100
|-damage|p1a: Gengar|88/100|[from] Stealth Rock
|turn|15
|
|t:|1743815087
|move|p1a: Gengar|Shadow Ball|p2a: Gholdengo
|-supereffective|p2a: Gholdengo
|-damage|p2a: Gholdengo|0 fnt
|faint|p2a: Gholdengo
|
|upkeep
|
|t:|1743815099
|switch|p2a: Weavile|Weavile, M|100/100
|turn|16
|
|t:|1743815110
|move|p1a: Gengar|Focus Blast|p2a: Weavile
|-supereffective|p2a: Weavile
|-damage|p2a: Weavile|0 fnt
|faint|p2a: Weavile
|
|upkeep
|
|t:|1743815117
|switch|p2a: Iron Valiant|Iron Valiant|100/100
|-enditem|p2a: Iron Valiant|Booster Energy
|-activate|p2a: Iron Valiant|ability: Quark Drive|[fromitem]
|-start|p2a: Iron Valiant|quarkdrivespe
|turn|17
|
|t:|1743815146
|-terastallize|p2a: Iron Valiant|Ghost
|move|p2a: Iron Valiant|Calm Mind|p2a: Iron Valiant
|-boost|p2a: Iron Valiant|spa|1
|-boost|p2a: Iron Valiant|spd|1
|move|p1a: Gengar|Dark Pulse|p2a: Iron Valiant
|-supereffective|p2a: Iron Valiant
|-crit|p2a: Iron Valiant
|-damage|p2a: Iron Valiant|0 fnt
|faint|p2a: Iron Valiant
|-end|p2a: Iron Valiant|Quark Drive|[silent]
|
|upkeep
|
|t:|1743815158
|switch|p2a: Ogerpon|Ogerpon-Wellspring, F|100/100
|turn|18
|
|t:|1743815175
|move|p1a: Gengar|Dark Pulse|p2a: Ogerpon
|-damage|p2a: Ogerpon|66/100
|move|p2a: Ogerpon|Ivy Cudgel|p1a: Gengar|[anim] Ivy Cudgel Water
|-damage|p1a: Gengar|0 fnt
|-start|p2a: Ogerpon|Disable|Ivy Cudgel|[from] ability: Cursed Body|[of] p1a: Gengar
|faint|p1a: Gengar
|
|upkeep
|inactive|LIOM891 has 120 seconds left.
|
|t:|1743815201
|switch|p1a: Greninja|Greninja, F|62/100
|-damage|p1a: Greninja|50/100|[from] Stealth Rock
|turn|19
|
|t:|1743815210
|move|p1a: Greninja|U-turn|p2a: Ogerpon
|-start|p1a: Greninja|typechange|Bug|[from] ability: Protean
|-supereffective|p2a: Ogerpon
|-damage|p2a: Ogerpon|0 fnt
|faint|p2a: Ogerpon
|-damage|p1a: Greninja|40/100|[from] item: Life Orb
|
|win|LIOM891
|raw|LIOM891's rating: 1035 &rarr; <strong>1066</strong><br />(+31 for winning)
|raw|Lifeshatter14's rating: 1000 &rarr; <strong>1000</strong><br />(+0 for losing)
|c|☆Lifeshatter14|gg
|l|☆Lifeshatter14
|player|p2|
|c|☆LIOM891|Gg
|c|☆LIOM891|gg
