|j|☆mansonabuluting
|j|☆DunkPepe
|t:|1743874591
|gametype|singles
|player|p1|mansonabuluting|102|1696
|player|p2|DunkPepe|2|1651
|teamsize|p1|6
|teamsize|p2|6
|gen|9
|tier|[Gen 9] OU
|rated|
|rule|HP Percentage Mod: HP is shown in percentages
|rule|Endless Battle Clause: Forcing endless battles is banned
|rule|Species Clause: Limit one of each Pokémon
|rule|OHKO Clause: OHKO moves are banned
|rule|Evasion Items Clause: Evasion items are banned
|rule|Evasion Moves Clause: Evasion moves are banned
|rule|Sleep Moves Clause: Sleep-inducing moves are banned
|clearpoke
|poke|p1|Volcanion|
|poke|p1|Rillaboom, M|
|poke|p1|Hawlucha, F|
|poke|p1|Goodra-Hisui, M|
|poke|p1|Thundurus-Therian, M|
|poke|p1|Great Tusk|
|poke|p2|Pecharunt|
|poke|p2|Iron Crown|
|poke|p2|Great Tusk|
|poke|p2|Zapdos|
|poke|p2|Dragapult, F|
|poke|p2|Lokix, M|
|teampreview
|inactive|Battle timer is ON: inactive players will automatically lose when time's up. (requested by DunkPepe)
|
|t:|1743874600
|start
|switch|p1a: Volcanion|Volcanion|100/100
|switch|p2a: Lokix|Lokix, M|100/100
|turn|1
|
|t:|1743874607
|move|p2a: Lokix|First Impression|p1a: Volcanion
|-resisted|p1a: Volcanion
|-damage|p1a: Volcanion|46/100
|move|p1a: Volcanion|Steam Eruption|p2a: Lokix
|-damage|p2a: Lokix|0 fnt
|faint|p2a: Lokix
|
|upkeep
|
|t:|1743874615
|switch|p2a: Dragapult|Dragapult, F|100/100
|turn|2
|
|t:|1743874622
|switch|p1a: Rillaboom|Rillaboom, M|100/100
|-fieldstart|move: Grassy Terrain|[from] ability: Grassy Surge|[of] p1a: Rillaboom
|move|p2a: Dragapult|Shadow Ball|p1a: Rillaboom
|-damage|p1a: Rillaboom|39/100
|-unboost|p1a: Rillaboom|spd|1
|
|-heal|p1a: Rillaboom|45/100|[from] Grassy Terrain
|upkeep
|turn|3
|
|t:|1743874628
|move|p1a: Rillaboom|Grassy Glide|p2a: Dragapult
|-resisted|p2a: Dragapult
|-damage|p2a: Dragapult|56/100
|move|p2a: Dragapult|Shadow Ball|p1a: Rillaboom
|-damage|p1a: Rillaboom|0 fnt
|faint|p1a: Rillaboom
|
|-heal|p2a: Dragapult|62/100|[from] Grassy Terrain
|upkeep
|
|t:|1743874636
|switch|p1a: Hawlucha|Hawlucha, F|100/100
|-enditem|p1a: Hawlucha|Grassy Seed
|-boost|p1a: Hawlucha|def|1|[from] item: Grassy Seed
|turn|4
|
|t:|1743874639
|switch|p2a: Zapdos|Zapdos|100/100
|move|p1a: Hawlucha|Acrobatics|p2a: Zapdos
|-resisted|p2a: Zapdos
|-damage|p2a: Zapdos|74/100
|
|upkeep
|turn|5
|
|t:|1743874645
|switch|p1a: Goodra|Goodra-Hisui, M|100/100
|move|p2a: Zapdos|Thunder Wave|p1a: Goodra
|-status|p1a: Goodra|par
|
|upkeep
|turn|6
|
|t:|1743874648
|move|p2a: Zapdos|Volt Switch|p1a: Goodra
|-resisted|p1a: Goodra
|-damage|p1a: Goodra|94/100 par
|
|t:|1743874650
|switch|p2a: Great Tusk|Great Tusk|100/100|[from] Volt Switch
|move|p1a: Goodra|Draco Meteor|p2a: Great Tusk
|-damage|p2a: Great Tusk|1/100
|-unboost|p1a: Goodra|spa|2
|
|-heal|p2a: Great Tusk|7/100|[from] Grassy Terrain
|-heal|p1a: Goodra|99/100 par|[from] Grassy Terrain
|-fieldend|move: Grassy Terrain
|upkeep
|turn|7
|
|t:|1743874656
|switch|p1a: Great Tusk|Great Tusk|100/100
|move|p2a: Great Tusk|Stealth Rock|p1a: Great Tusk
|-sidestart|p1: mansonabuluting|move: Stealth Rock
|
|upkeep
|turn|8
|
|t:|1743874662
|-end|p2a: Great Tusk|Protosynthesis|[silent]
|switch|p2a: Pecharunt|Pecharunt|100/100
|move|p1a: Great Tusk|Stealth Rock|p2a: Pecharunt
|-sidestart|p2: DunkPepe|move: Stealth Rock
|
|upkeep
|turn|9
|
|t:|1743874679
|-terastallize|p1a: Great Tusk|Ground
|move|p2a: Pecharunt|Parting Shot|p1a: Great Tusk
|-unboost|p1a: Great Tusk|atk|1
|-unboost|p1a: Great Tusk|spa|1
|
|t:|1743874682
|switch|p2a: Zapdos|Zapdos|74/100|[from] Parting Shot
|move|p1a: Great Tusk|Headlong Rush|p2a: Zapdos
|-immune|p2a: Zapdos
|
|upkeep
|turn|10
|
|t:|1743874695
|-end|p1a: Great Tusk|Protosynthesis|[silent]
|switch|p1a: Hawlucha|Hawlucha, F|100/100
|-damage|p1a: Hawlucha|88/100|[from] Stealth Rock
|move|p2a: Zapdos|Hurricane|p1a: Hawlucha
|-supereffective|p1a: Hawlucha
|-damage|p1a: Hawlucha|0 fnt
|faint|p1a: Hawlucha
|
|upkeep
|
|t:|1743874700
|switch|p1a: Thundurus|Thundurus-Therian, M|100/100
|-damage|p1a: Thundurus|76/100|[from] Stealth Rock
|turn|11
|
|t:|1743874704
|switch|p2a: Iron Crown|Iron Crown|100/100
|-damage|p2a: Iron Crown|94/100|[from] Stealth Rock
|move|p1a: Thundurus|Volt Switch|p2a: Iron Crown
|-damage|p2a: Iron Crown|63/100
|
|t:|1743874708
|switch|p1a: Goodra|Goodra-Hisui, M|99/100 par|[from] Volt Switch
|-damage|p1a: Goodra|94/100 par|[from] Stealth Rock
|
|upkeep
|turn|12
|
|t:|1743874710
|move|p2a: Iron Crown|Focus Blast|p1a: Goodra|[miss]
|-miss|p2a: Iron Crown|p1a: Goodra
|cant|p1a: Goodra|par
|
|upkeep
|turn|13
|
|t:|1743874714
|move|p2a: Iron Crown|Focus Blast|p1a: Goodra
|-supereffective|p1a: Goodra
|-damage|p1a: Goodra|58/100 par
|cant|p1a: Goodra|par
|
|upkeep
|turn|14
|
|t:|1743874717
|move|p2a: Iron Crown|Focus Blast|p1a: Goodra|[miss]
|-miss|p2a: Iron Crown|p1a: Goodra
|cant|p1a: Goodra|par
|
|upkeep
|turn|15
|
|t:|1743874721
|move|p2a: Iron Crown|Focus Blast|p1a: Goodra
|-supereffective|p1a: Goodra
|-damage|p1a: Goodra|22/100 par
|move|p1a: Goodra|Flamethrower|p2a: Iron Crown
|-supereffective|p2a: Iron Crown
|-damage|p2a: Iron Crown|24/100
|
|upkeep
|turn|16
|
|t:|1743874725
|move|p2a: Iron Crown|Focus Blast|p1a: Goodra|[miss]
|-miss|p2a: Iron Crown|p1a: Goodra
|cant|p1a: Goodra|par
|
|upkeep
|turn|17
|
|t:|1743874731
|move|p2a: Iron Crown|Focus Blast|p1a: Goodra
|-supereffective|p1a: Goodra
|-damage|p1a: Goodra|0 fnt
|faint|p1a: Goodra
|
|upkeep
|
|t:|1743874735
|switch|p1a: Thundurus|Thundurus-Therian, M|76/100
|-damage|p1a: Thundurus|51/100|[from] Stealth Rock
|turn|18
|
|t:|1743874739
|-end|p2a: Iron Crown|Quark Drive|[silent]
|switch|p2a: Great Tusk|Great Tusk|7/100
|move|p1a: Thundurus|Volt Switch|p2a: Great Tusk
|-immune|p2a: Great Tusk
|
|upkeep
|turn|19
|
|t:|1743874744
|switch|p1a: Great Tusk|Great Tusk, tera:Ground|100/100
|-damage|p1a: Great Tusk|94/100|[from] Stealth Rock
|move|p2a: Great Tusk|Rapid Spin|p1a: Great Tusk
|-damage|p1a: Great Tusk|86/100
|-boost|p2a: Great Tusk|spe|1
|-damage|p2a: Great Tusk|0 fnt|[from] item: Rocky Helmet|[of] p1a: Great Tusk
|faint|p2a: Great Tusk
|-end|p2a: Great Tusk|Protosynthesis|[silent]
|
|upkeep
|
|t:|1743874749
|switch|p2a: Dragapult|Dragapult, F|62/100
|-damage|p2a: Dragapult|50/100|[from] Stealth Rock
|turn|20
|
|t:|1743874754
|-end|p1a: Great Tusk|Protosynthesis|[silent]
|switch|p1a: Volcanion|Volcanion|46/100
|-damage|p1a: Volcanion|21/100|[from] Stealth Rock
|move|p2a: Dragapult|Draco Meteor|p1a: Volcanion
|-damage|p1a: Volcanion|0 fnt
|-unboost|p2a: Dragapult|spa|2
|faint|p1a: Volcanion
|
|upkeep
|
|t:|1743874757
|switch|p1a: Thundurus|Thundurus-Therian, M|51/100
|-damage|p1a: Thundurus|26/100|[from] Stealth Rock
|turn|21
|
|t:|1743874760
|move|p1a: Thundurus|Volt Switch|p2a: Dragapult
|-resisted|p2a: Dragapult
|-damage|p2a: Dragapult|20/100
|
|t:|1743874763
|switch|p1a: Great Tusk|Great Tusk, tera:Ground|86/100|[from] Volt Switch
|-damage|p1a: Great Tusk|80/100|[from] Stealth Rock
|move|p2a: Dragapult|Draco Meteor|p1a: Great Tusk|[miss]
|-miss|p2a: Dragapult|p1a: Great Tusk
|
|upkeep
|turn|22
|
|t:|1743874768
|switch|p2a: Iron Crown|Iron Crown|24/100
|-damage|p2a: Iron Crown|18/100|[from] Stealth Rock
|move|p1a: Great Tusk|Ice Spinner|p2a: Iron Crown
|-resisted|p2a: Iron Crown
|-crit|p2a: Iron Crown
|-damage|p2a: Iron Crown|0 fnt
|faint|p2a: Iron Crown
|-end|p2a: Iron Crown|Quark Drive|[silent]
|
|upkeep
|
|t:|1743874772
|switch|p2a: Dragapult|Dragapult, F|20/100
|-damage|p2a: Dragapult|8/100|[from] Stealth Rock
|turn|23
|
|t:|1743874777
|move|p2a: Dragapult|Draco Meteor|p1a: Great Tusk|[miss]
|-miss|p2a: Dragapult|p1a: Great Tusk
|move|p1a: Great Tusk|Ice Spinner|p2a: Dragapult
|-supereffective|p2a: Dragapult
|-damage|p2a: Dragapult|0 fnt
|faint|p2a: Dragapult
|
|upkeep
|
|t:|1743874781
|switch|p2a: Pecharunt|Pecharunt|100/100
|turn|24
|
|t:|1743874784
|-terastallize|p2a: Pecharunt|Dark
|move|p2a: Pecharunt|Malignant Chain|p1a: Great Tusk
|-resisted|p1a: Great Tusk
|-damage|p1a: Great Tusk|59/100
|move|p1a: Great Tusk|Headlong Rush|p2a: Pecharunt
|-damage|p2a: Pecharunt|68/100
|-unboost|p1a: Great Tusk|def|1
|-unboost|p1a: Great Tusk|spd|1
|
|upkeep
|turn|25
|
|t:|1743874794
|move|p2a: Pecharunt|Malignant Chain|p1a: Great Tusk
|-resisted|p1a: Great Tusk
|-damage|p1a: Great Tusk|28/100
|move|p1a: Great Tusk|Headlong Rush|p2a: Pecharunt
|-damage|p2a: Pecharunt|34/100
|-unboost|p1a: Great Tusk|def|1
|-unboost|p1a: Great Tusk|spd|1
|
|upkeep
|turn|26
|
|t:|1743874797
|move|p2a: Pecharunt|Recover|p2a: Pecharunt
|-heal|p2a: Pecharunt|84/100
|move|p1a: Great Tusk|Headlong Rush|p2a: Pecharunt
|-damage|p2a: Pecharunt|53/100
|-unboost|p1a: Great Tusk|def|1
|-unboost|p1a: Great Tusk|spd|1
|
|upkeep
|turn|27
|
|t:|1743874805
|move|p2a: Pecharunt|Recover|p2a: Pecharunt
|-heal|p2a: Pecharunt|100/100
|move|p1a: Great Tusk|Headlong Rush|p2a: Pecharunt
|-crit|p2a: Pecharunt
|-damage|p2a: Pecharunt|53/100
|-unboost|p1a: Great Tusk|def|1
|-unboost|p1a: Great Tusk|spd|1
|
|upkeep
|turn|28
|
|t:|1743874811
|move|p2a: Pecharunt|Recover|p2a: Pecharunt
|-heal|p2a: Pecharunt|100/100
|move|p1a: Great Tusk|Headlong Rush|p2a: Pecharunt
|-damage|p2a: Pecharunt|68/100
|-unboost|p1a: Great Tusk|def|1
|-unboost|p1a: Great Tusk|spd|1
|
|upkeep
|turn|29
|
|t:|1743874814
|move|p2a: Pecharunt|Shadow Ball|p1a: Great Tusk
|-damage|p1a: Great Tusk|0 fnt
|faint|p1a: Great Tusk
|-end|p1a: Great Tusk|Protosynthesis|[silent]
|
|upkeep
|
|t:|1743874817
|switch|p1a: Thundurus|Thundurus-Therian, M|26/100
|-damage|p1a: Thundurus|2/100|[from] Stealth Rock
|turn|30
|
|t:|1743874820
|move|p1a: Thundurus|Volt Switch|p2a: Pecharunt
|-damage|p2a: Pecharunt|23/100
|move|p2a: Pecharunt|Shadow Ball|p1a: Thundurus
|-damage|p1a: Thundurus|0 fnt
|faint|p1a: Thundurus
|
|win|DunkPepe
|raw|mansonabuluting's rating: 1696 &rarr; <strong>1673</strong><br />(-23 for losing)
|raw|DunkPepe's rating: 1651 &rarr; <strong>1674</strong><br />(+23 for winning)
|l|☆DunkPepe
|player|p2|
|l|☆mansonabuluting
|player|p1|
