|j|☆chunguslover12345
|j|☆zora n1
|t:|1743863136
|gametype|singles
|player|p1|chunguslover12345|101|1103
|player|p2|zora n1|swimmer|1092
|teamsize|p1|6
|teamsize|p2|6
|gen|9
|tier|[Gen 9] OU
|rated|
|rule|HP Percentage Mod: HP is shown in percentages
|rule|Endless Battle Clause: Forcing endless battles is banned
|rule|Species Clause: Limit one of each Pokémon
|rule|OHKO Clause: OHKO moves are banned
|rule|Evasion Items Clause: Evasion items are banned
|rule|Evasion Moves Clause: Evasion moves are banned
|rule|Sleep Moves Clause: Sleep-inducing moves are banned
|clearpoke
|poke|p1|Comfey, M|
|poke|p1|Whimsicott, F|
|poke|p1|Iron Moth|
|poke|p1|Walking Wake|
|poke|p1|Great Tusk|
|poke|p1|Ninetales, M|
|poke|p2|Gholdengo|
|poke|p2|Quaquaval, M|
|poke|p2|Cinderace, F|
|poke|p2|Raging Bolt|
|poke|p2|Iron Valiant|
|poke|p2|Landorus-Therian, M|
|teampreview
|
|t:|1743863151
|start
|switch|p1a: Walking Wake|Walking Wake|100/100
|switch|p2a: Cinderace|Cinderace, F|100/100
|turn|1
|
|t:|1743863160
|move|p2a: Cinderace|U-turn|p1a: Walking Wake
|-start|p2a: Cinderace|typechange|Bug|[from] ability: Libero
|-damage|p1a: Walking Wake|69/100
|
|t:|1743863166
|switch|p2a: Raging Bolt|Raging Bolt|100/100|[from] U-turn
|-enditem|p2a: Raging Bolt|Booster Energy
|-activate|p2a: Raging Bolt|ability: Protosynthesis|[fromitem]
|-start|p2a: Raging Bolt|protosynthesisspa
|move|p1a: Walking Wake|Flip Turn|p2a: Raging Bolt
|-resisted|p2a: Raging Bolt
|-damage|p2a: Raging Bolt|93/100
|
|t:|1743863174
|-end|p1a: Walking Wake|Protosynthesis|[silent]
|switch|p1a: Ninetales|Ninetales, M|100/100|[from] Flip Turn
|-weather|SunnyDay|[from] ability: Drought|[of] p1a: Ninetales
|
|-weather|SunnyDay|[upkeep]
|upkeep
|turn|2
|
|t:|1743863183
|move|p1a: Ninetales|Will-O-Wisp|p2a: Raging Bolt
|-status|p2a: Raging Bolt|brn
|move|p2a: Raging Bolt|Calm Mind|p2a: Raging Bolt
|-boost|p2a: Raging Bolt|spa|1
|-boost|p2a: Raging Bolt|spd|1
|
|-weather|SunnyDay|[upkeep]
|-damage|p2a: Raging Bolt|86/100 brn|[from] brn
|upkeep
|turn|3
|
|t:|1743863191
|move|p1a: Ninetales|Encore|p2a: Raging Bolt
|-start|p2a: Raging Bolt|Encore
|move|p2a: Raging Bolt|Calm Mind|p2a: Raging Bolt
|-boost|p2a: Raging Bolt|spa|1
|-boost|p2a: Raging Bolt|spd|1
|
|-weather|SunnyDay|[upkeep]
|-damage|p2a: Raging Bolt|80/100 brn|[from] brn
|upkeep
|turn|4
|
|t:|1743863198
|move|p1a: Ninetales|Weather Ball|p2a: Raging Bolt
|-resisted|p2a: Raging Bolt
|-damage|p2a: Raging Bolt|70/100 brn
|move|p2a: Raging Bolt|Calm Mind|p2a: Raging Bolt
|-boost|p2a: Raging Bolt|spa|1
|-boost|p2a: Raging Bolt|spd|1
|
|-weather|SunnyDay|[upkeep]
|-damage|p2a: Raging Bolt|63/100 brn|[from] brn
|upkeep
|turn|5
|
|t:|1743863206
|move|p1a: Ninetales|Weather Ball|p2a: Raging Bolt
|-resisted|p2a: Raging Bolt
|-damage|p2a: Raging Bolt|54/100 brn
|move|p2a: Raging Bolt|Calm Mind|p2a: Raging Bolt
|-boost|p2a: Raging Bolt|spa|1
|-boost|p2a: Raging Bolt|spd|1
|
|-weather|SunnyDay|[upkeep]
|-damage|p2a: Raging Bolt|48/100 brn|[from] brn
|-end|p2a: Raging Bolt|Encore
|upkeep
|turn|6
|
|t:|1743863216
|move|p1a: Ninetales|Encore|p2a: Raging Bolt
|-start|p2a: Raging Bolt|Encore
|move|p2a: Raging Bolt|Calm Mind|p2a: Raging Bolt
|-boost|p2a: Raging Bolt|spa|1
|-boost|p2a: Raging Bolt|spd|1
|
|-weather|SunnyDay|[upkeep]
|-damage|p2a: Raging Bolt|42/100 brn|[from] brn
|upkeep
|turn|7
|
|t:|1743863226
|switch|p1a: Great Tusk|Great Tusk|100/100
|-activate|p1a: Great Tusk|ability: Protosynthesis
|-start|p1a: Great Tusk|protosynthesisspe
|move|p2a: Raging Bolt|Calm Mind|p2a: Raging Bolt
|-boost|p2a: Raging Bolt|spa|1
|-boost|p2a: Raging Bolt|spd|1
|
|-weather|SunnyDay|[upkeep]
|-damage|p2a: Raging Bolt|36/100 brn|[from] brn
|upkeep
|turn|8
|
|t:|1743863235
|-terastallize|p2a: Raging Bolt|Flying
|move|p1a: Great Tusk|Ice Spinner|p2a: Raging Bolt
|-supereffective|p2a: Raging Bolt
|-damage|p2a: Raging Bolt|0 fnt
|faint|p2a: Raging Bolt
|-end|p2a: Raging Bolt|Protosynthesis|[silent]
|
|-weather|none
|-end|p1a: Great Tusk|Protosynthesis
|upkeep
|
|t:|1743863244
|switch|p2a: Quaquaval|Quaquaval, M|100/100
|turn|9
|
|t:|1743863249
|-end|p1a: Great Tusk|Protosynthesis|[silent]
|switch|p1a: Ninetales|Ninetales, M|100/100
|-weather|SunnyDay|[from] ability: Drought|[of] p1a: Ninetales
|move|p2a: Quaquaval|Aqua Step|p1a: Ninetales
|-supereffective|p1a: Ninetales
|-damage|p1a: Ninetales|51/100
|-boost|p2a: Quaquaval|spe|1
|
|-weather|SunnyDay|[upkeep]
|upkeep
|turn|10
|
|t:|1743863258
|switch|p1a: Walking Wake|Walking Wake|69/100
|-activate|p1a: Walking Wake|ability: Protosynthesis
|-start|p1a: Walking Wake|protosynthesisspe
|move|p2a: Quaquaval|Aqua Step|p1a: Walking Wake
|-resisted|p1a: Walking Wake
|-damage|p1a: Walking Wake|64/100
|-boost|p2a: Quaquaval|spe|1
|
|-weather|SunnyDay|[upkeep]
|upkeep
|turn|11
|
|t:|1743863268
|move|p2a: Quaquaval|Knock Off|p1a: Walking Wake
|-damage|p1a: Walking Wake|36/100
|-enditem|p1a: Walking Wake|Assault Vest|[from] move: Knock Off|[of] p2a: Quaquaval
|move|p1a: Walking Wake|Draco Meteor|p2a: Quaquaval
|-damage|p2a: Quaquaval|47/100
|-unboost|p1a: Walking Wake|spa|2
|
|-weather|SunnyDay|[upkeep]
|upkeep
|turn|12
|
|t:|1743863277
|move|p2a: Quaquaval|Close Combat|p1a: Walking Wake
|-damage|p1a: Walking Wake|0 fnt
|-unboost|p2a: Quaquaval|def|1
|-unboost|p2a: Quaquaval|spd|1
|faint|p1a: Walking Wake
|-end|p1a: Walking Wake|Protosynthesis|[silent]
|-ability|p2a: Quaquaval|Moxie|boost
|-boost|p2a: Quaquaval|atk|1
|
|-weather|SunnyDay|[upkeep]
|upkeep
|
|t:|1743863293
|switch|p1a: Comfey|Comfey, M|100/100
|turn|13
|
|t:|1743863304
|move|p1a: Comfey|Draining Kiss|p2a: Quaquaval
|-supereffective|p2a: Quaquaval
|-damage|p2a: Quaquaval|0 fnt
|faint|p2a: Quaquaval
|-damage|p1a: Comfey|91/100|[from] item: Life Orb
|
|-weather|SunnyDay|[upkeep]
|upkeep
|
|t:|1743863316
|switch|p2a: Gholdengo|Gholdengo|100/100
|turn|14
|
|t:|1743863324
|move|p2a: Gholdengo|Nasty Plot|p2a: Gholdengo
|-boost|p2a: Gholdengo|spa|2
|move|p1a: Comfey|Growth|p1a: Comfey
|-boost|p1a: Comfey|atk|2
|-boost|p1a: Comfey|spa|2
|
|-weather|SunnyDay|[upkeep]
|upkeep
|turn|15
|
|t:|1743863330
|move|p1a: Comfey|Draining Kiss|p2a: Gholdengo
|-resisted|p2a: Gholdengo
|-damage|p2a: Gholdengo|70/100
|-heal|p1a: Comfey|100/100|[from] drain|[of] p2a: Gholdengo
|-damage|p1a: Comfey|91/100|[from] item: Life Orb
|move|p2a: Gholdengo|Make It Rain|p1a: Comfey
|-supereffective|p1a: Comfey
|-damage|p1a: Comfey|0 fnt
|-unboost|p2a: Gholdengo|spa|1
|faint|p1a: Comfey
|
|-weather|SunnyDay|[upkeep]
|upkeep
|
|t:|1743863340
|switch|p1a: Great Tusk|Great Tusk|100/100
|-activate|p1a: Great Tusk|ability: Protosynthesis
|-start|p1a: Great Tusk|protosynthesisspe
|turn|16
|
|t:|1743863348
|move|p1a: Great Tusk|Ice Spinner|p2a: Gholdengo
|-resisted|p2a: Gholdengo
|-damage|p2a: Gholdengo|57/100
|move|p2a: Gholdengo|Make It Rain|p1a: Great Tusk
|-damage|p1a: Great Tusk|0 fnt
|-unboost|p2a: Gholdengo|spa|1
|faint|p1a: Great Tusk
|-end|p1a: Great Tusk|Protosynthesis|[silent]
|
|-weather|none
|upkeep
|
|t:|1743863355
|switch|p1a: Iron Moth|Iron Moth|100/100
|-enditem|p1a: Iron Moth|Booster Energy
|-activate|p1a: Iron Moth|ability: Quark Drive|[fromitem]
|-start|p1a: Iron Moth|quarkdrivespa
|turn|17
|
|t:|1743863364
|move|p1a: Iron Moth|Fiery Dance|p2a: Gholdengo
|-supereffective|p2a: Gholdengo
|-damage|p2a: Gholdengo|0 fnt
|-boost|p1a: Iron Moth|spa|1
|faint|p2a: Gholdengo
|
|upkeep
|
|t:|1743863372
|switch|p2a: Landorus|Landorus-Therian, M|100/100
|-ability|p2a: Landorus|Intimidate|boost
|-unboost|p1a: Iron Moth|atk|1
|turn|18
|
|t:|1743863381
|move|p2a: Landorus|Earthquake|p1a: Iron Moth
|-supereffective|p1a: Iron Moth
|-crit|p1a: Iron Moth
|-damage|p1a: Iron Moth|0 fnt
|faint|p1a: Iron Moth
|-end|p1a: Iron Moth|Quark Drive|[silent]
|
|upkeep
|
|t:|1743863386
|switch|p1a: Whimsicott|Whimsicott, F|100/100
|turn|19
|
|t:|1743863393
|move|p2a: Landorus|Earthquake|p1a: Whimsicott
|-resisted|p1a: Whimsicott
|-damage|p1a: Whimsicott|61/100
|move|p1a: Whimsicott|Growth|p1a: Whimsicott
|-boost|p1a: Whimsicott|atk|1
|-boost|p1a: Whimsicott|spa|1
|
|upkeep
|turn|20
|
|t:|1743863399
|move|p2a: Landorus|Earthquake|p1a: Whimsicott
|-resisted|p1a: Whimsicott
|-damage|p1a: Whimsicott|24/100
|move|p1a: Whimsicott|Giga Drain|p2a: Landorus
|-damage|p2a: Landorus|25/100
|-heal|p1a: Whimsicott|64/100|[from] drain|[of] p2a: Landorus
|-damage|p1a: Whimsicott|54/100|[from] item: Life Orb
|
|upkeep
|turn|21
|
|t:|1743863407
|move|p2a: Landorus|Earthquake|p1a: Whimsicott
|-resisted|p1a: Whimsicott
|-damage|p1a: Whimsicott|19/100
|move|p1a: Whimsicott|Giga Drain|p2a: Landorus
|-damage|p2a: Landorus|0 fnt
|-heal|p1a: Whimsicott|32/100|[from] drain|[of] p2a: Landorus
|faint|p2a: Landorus
|-damage|p1a: Whimsicott|22/100|[from] item: Life Orb
|
|upkeep
|
|t:|1743863416
|switch|p2a: Cinderace|Cinderace, F|100/100
|turn|22
|
|t:|1743863422
|switch|p1a: Ninetales|Ninetales, M|51/100
|-weather|SunnyDay|[from] ability: Drought|[of] p1a: Ninetales
|move|p2a: Cinderace|U-turn|p1a: Ninetales
|-start|p2a: Cinderace|typechange|Bug|[from] ability: Libero
|-resisted|p1a: Ninetales
|-damage|p1a: Ninetales|31/100
|
|t:|1743863429
|switch|p2a: Iron Valiant|Iron Valiant, shiny|100/100|[from] U-turn
|-enditem|p2a: Iron Valiant|Booster Energy
|-activate|p2a: Iron Valiant|ability: Quark Drive|[fromitem]
|-start|p2a: Iron Valiant|quarkdrivespe
|
|-weather|SunnyDay|[upkeep]
|upkeep
|turn|23
|
|t:|1743863443
|move|p2a: Iron Valiant|Shadow Ball|p1a: Ninetales
|-damage|p1a: Ninetales|4/100
|move|p1a: Ninetales|Healing Wish|p1a: Ninetales
|faint|p1a: Ninetales
|
|-weather|SunnyDay|[upkeep]
|upkeep
|
|t:|1743863449
|switch|p1a: Whimsicott|Whimsicott, F|22/100
|-heal|p1a: Whimsicott|100/100|[from] move: Healing Wish
|turn|24
|
|t:|1743863455
|move|p1a: Whimsicott|Growth|p1a: Whimsicott
|-boost|p1a: Whimsicott|atk|2
|-boost|p1a: Whimsicott|spa|2
|move|p2a: Iron Valiant|Shadow Ball|p1a: Whimsicott
|-damage|p1a: Whimsicott|64/100
|
|-weather|SunnyDay|[upkeep]
|upkeep
|turn|25
|
|t:|1743863469
|move|p1a: Whimsicott|Moonblast|p2a: Iron Valiant
|-supereffective|p2a: Iron Valiant
|-damage|p2a: Iron Valiant|0 fnt
|faint|p2a: Iron Valiant
|-end|p2a: Iron Valiant|Quark Drive|[silent]
|-damage|p1a: Whimsicott|55/100|[from] item: Life Orb
|
|-weather|SunnyDay|[upkeep]
|upkeep
|
|t:|1743863478
|switch|p2a: Cinderace|Cinderace, F|100/100
|turn|26
|c|☆zora n1|joue ta sour la put
|inactive|Battle timer is ON: inactive players will automatically lose when time's up. (requested by zora n1)
|
|t:|1743863542
|-terastallize|p1a: Whimsicott|Ghost
|move|p1a: Whimsicott|Shadow Ball|p2a: Cinderace
|-damage|p2a: Cinderace|0 fnt
|faint|p2a: Cinderace
|-damage|p1a: Whimsicott|45/100|[from] item: Life Orb
|
|win|chunguslover12345
