|j|☆emi-wa
|j|☆yushih
|t:|1743914626
|gametype|singles
|player|p1|emi-wa|cynthia-masters3|1084
|player|p2|yushih|1|1083
|teamsize|p1|6
|teamsize|p2|6
|gen|9
|tier|[Gen 9] OU
|rated|
|rule|HP Percentage Mod: HP is shown in percentages
|rule|Endless Battle Clause: Forcing endless battles is banned
|rule|Species Clause: Limit one of each Pokémon
|rule|OHKO Clause: OHKO moves are banned
|rule|Evasion Items Clause: Evasion items are banned
|rule|Evasion Moves Clause: Evasion moves are banned
|rule|Sleep Moves Clause: Sleep-inducing moves are banned
|clearpoke
|poke|p1|Quagsire, M|
|poke|p1|Meowscarada, F|
|poke|p1|Galvantula, M|
|poke|p1|Slowbro-Galar, M|
|poke|p1|Articuno|
|poke|p1|Great Tusk|
|poke|p2|Dragapult, F|
|poke|p2|Gholdengo|
|poke|p2|Pecharunt|
|poke|p2|Ceruledge, M|
|poke|p2|Polteageist|
|poke|p2|Golurk|
|teampreview
|
|t:|1743914655
|start
|switch|p1a: ヘルハウンド|Quagsire, M|100/100
|switch|p2a: Ceruledge|Ceruledge, M|100/100
|turn|1
|
|t:|1743914667
|move|p2a: Ceruledge|Swords Dance|p2a: Ceruledge
|-boost|p2a: Ceruledge|atk|2
|move|p1a: ヘルハウンド|Earth Power|p2a: Ceruledge
|-supereffective|p2a: Ceruledge
|-damage|p2a: Ceruledge|32/100
|
|upkeep
|turn|2
|
|t:|1743914689
|move|p2a: Ceruledge|Shadow Sneak|p1a: ヘルハウンド
|-damage|p1a: ヘルハウンド|80/100
|move|p1a: ヘルハウンド|Earth Power|p2a: Ceruledge
|-supereffective|p2a: Ceruledge
|-damage|p2a: Ceruledge|0 fnt
|faint|p2a: Ceruledge
|
|-heal|p1a: ヘルハウンド|86/100|[from] item: Leftovers
|upkeep
|
|t:|1743914703
|switch|p2a: Polteageist|Polteageist|100/100
|turn|3
|
|t:|1743914715
|move|p2a: Polteageist|Giga Drain|p1a: ヘルハウンド
|-supereffective|p1a: ヘルハウンド
|-damage|p1a: ヘルハウンド|0 fnt
|faint|p1a: ヘルハウンド
|
|upkeep
|
|t:|1743914730
|switch|p1a: すみれの花|Meowscarada, F|100/100
|turn|4
|
|t:|1743914736
|move|p1a: すみれの花|Knock Off|p2a: Polteageist
|-start|p1a: すみれの花|typechange|Dark|[from] ability: Protean
|-supereffective|p2a: Polteageist
|-enditem|p2a: Polteageist|Focus Sash
|-damage|p2a: Polteageist|1/100
|-ability|p2a: Polteageist|Weak Armor|boost
|-unboost|p2a: Polteageist|def|1
|-boost|p2a: Polteageist|spe|2
|move|p2a: Polteageist|Nasty Plot|p2a: Polteageist
|-boost|p2a: Polteageist|spa|2
|
|upkeep
|turn|5
|
|t:|1743914756
|move|p1a: すみれの花|Knock Off|p2a: Polteageist
|-supereffective|p2a: Polteageist
|-damage|p2a: Polteageist|0 fnt
|faint|p2a: Polteageist
|
|upkeep
|
|t:|1743914785
|switch|p2a: Gholdengo|Gholdengo|100/100
|turn|6
|
|t:|1743914792
|move|p1a: すみれの花|Knock Off|p2a: Gholdengo
|-supereffective|p2a: Gholdengo
|-damage|p2a: Gholdengo|0 fnt
|-enditem|p2a: Gholdengo|Salac Berry|[from] move: Knock Off|[of] p1a: すみれの花
|faint|p2a: Gholdengo
|
|upkeep
|
|t:|1743914800
|switch|p2a: Dragapult|Dragapult, F|100/100
|turn|7
|
|t:|1743914808
|move|p1a: すみれの花|Knock Off|p2a: Dragapult
|-supereffective|p2a: Dragapult
|-enditem|p2a: Dragapult|Focus Sash
|-damage|p2a: Dragapult|1/100
|move|p2a: Dragapult|Dragon Dance|p2a: Dragapult
|-boost|p2a: Dragapult|atk|1
|-boost|p2a: Dragapult|spe|1
|
|upkeep
|turn|8
|
|t:|1743914818
|move|p2a: Dragapult|Dragon Darts|p1a: すみれの花
|-damage|p1a: すみれの花|41/100
|-anim|p2a: Dragapult|Dragon Darts|p1a: すみれの花
|-damage|p1a: すみれの花|0 fnt
|faint|p1a: すみれの花
|
|upkeep
|
|t:|1743914829
|switch|p1a: お薦|Slowbro-Galar, M|100/100
|turn|9
|-activate|p1a: お薦|ability: Quick Draw
|
|t:|1743914841
|move|p2a: Dragapult|Sucker Punch|p1a: お薦
|-supereffective|p1a: お薦
|-damage|p1a: お薦|31/100
|move|p1a: お薦|Flamethrower|p2a: Dragapult
|-resisted|p2a: Dragapult
|-damage|p2a: Dragapult|0 fnt
|faint|p2a: Dragapult
|
|upkeep
|
|t:|1743914851
|switch|p2a: Golurk|Golurk|100/100
|turn|10
|
|t:|1743914860
|move|p2a: Golurk|Earthquake|p1a: お薦
|-supereffective|p1a: お薦
|-damage|p1a: お薦|0 fnt
|faint|p1a: お薦
|-damage|p2a: Golurk|91/100|[from] item: Life Orb
|
|upkeep
|
|t:|1743914874
|switch|p1a: リヴァイアサン|Galvantula, M, shiny|100/100
|turn|11
|
|t:|1743914887
|move|p1a: リヴァイアサン|Energy Ball|p2a: Golurk
|-supereffective|p2a: Golurk
|-damage|p2a: Golurk|44/100
|move|p2a: Golurk|Earthquake|p1a: リヴァイアサン
|-damage|p1a: リヴァイアサン|0 fnt
|faint|p1a: リヴァイアサン
|-damage|p2a: Golurk|35/100|[from] item: Life Orb
|
|upkeep
|
|t:|1743914893
|switch|p1a: 運命|Articuno|100/100
|-ability|p1a: 運命|Pressure
|turn|12
|
|t:|1743914905
|move|p1a: 運命|Ice Beam|p2a: Golurk
|-supereffective|p2a: Golurk
|-damage|p2a: Golurk|0 fnt
|faint|p2a: Golurk
|
|upkeep
|
|t:|1743914911
|switch|p2a: Pecharunt|Pecharunt|100/100
|turn|13
|
|t:|1743914926
|move|p2a: Pecharunt|Toxic|p1a: 運命
|-status|p1a: 運命|tox
|-start|p1a: 運命|confusion|[from] ability: Poison Puppeteer|[of] p2a: Pecharunt
|-activate|p1a: 運命|confusion
|move|p1a: 運命|Ice Beam|p2a: Pecharunt
|-damage|p2a: Pecharunt|41/100
|
|-heal|p2a: Pecharunt|47/100|[from] item: Black Sludge
|-damage|p1a: 運命|94/100 tox|[from] psn
|upkeep
|turn|14
|
|t:|1743914944
|move|p2a: Pecharunt|Protect|p2a: Pecharunt
|-singleturn|p2a: Pecharunt|Protect
|-activate|p1a: 運命|confusion
|move|p1a: 運命|Ice Beam|p2a: Pecharunt
|-activate|p2a: Pecharunt|move: Protect
|
|-heal|p2a: Pecharunt|53/100|[from] item: Black Sludge
|-damage|p1a: 運命|82/100 tox|[from] psn
|upkeep
|turn|15
|
|t:|1743914959
|move|p2a: Pecharunt|Protect||[still]
|-fail|p2a: Pecharunt
|-activate|p1a: 運命|confusion
|move|p1a: 運命|Ice Beam|p2a: Pecharunt
|-damage|p2a: Pecharunt|0 fnt
|faint|p2a: Pecharunt
|
|win|emi-wa
|raw|emi-wa's rating: 1084 &rarr; <strong>1111</strong><br />(+27 for winning)
|raw|yushih's rating: 1083 &rarr; <strong>1061</strong><br />(-22 for losing)
|l|☆yushih
|player|p2|
|l|☆emi-wa
|player|p1|
