|j|‽bazusogrimes
|j|☆gregegeg
|t:|1743835998
|gametype|singles
|player|p1|bazusogrimes|169|1112
|player|p2|gregegeg|266|1148
|teamsize|p1|6
|teamsize|p2|6
|gen|9
|tier|[Gen 9] OU
|rated|
|rule|HP Percentage Mod: HP is shown in percentages
|rule|Endless Battle Clause: Forcing endless battles is banned
|rule|Species Clause: Limit one of each Pokémon
|rule|OHKO Clause: OHKO moves are banned
|rule|Evasion Items Clause: Evasion items are banned
|rule|Evasion Moves Clause: Evasion moves are banned
|rule|Sleep Moves Clause: Sleep-inducing moves are banned
|clearpoke
|poke|p1|Blissey, F|
|poke|p1|Clefable, F|
|poke|p1|Gliscor, F|
|poke|p1|Ting-Lu|
|poke|p1|Dondozo, F|
|poke|p1|Amoonguss, F|
|poke|p2|Blaziken, M|
|poke|p2|Ludicolo, F|
|poke|p2|Gyarados, M|
|poke|p2|Darkrai|
|poke|p2|Corviknight, F|
|poke|p2|Clodsire, M|
|teampreview
|n|!gregegeg|gregegeg
|
|t:|1743836025
|start
|switch|p1a: Ting-Lu|Ting-Lu|100/100
|switch|p2a: Clodsire|Clodsire, M|100/100
|-ability|p1a: Ting-Lu|Vessel of Ruin
|turn|1
|
|t:|1743836036
|switch|p1a: Gliscor|Gliscor, F|100/100
|move|p2a: Clodsire|Toxic|p1a: Gliscor
|-status|p1a: Gliscor|tox
|
|upkeep
|turn|2
|
|t:|1743836052
|switch|p2a: Gyarados|Gyarados, M, shiny|100/100
|-ability|p2a: Gyarados|Intimidate|boost
|-unboost|p1a: Gliscor|atk|1
|move|p1a: Gliscor|Spikes|p2a: Gyarados
|-sidestart|p2: gregegeg|Spikes
|
|upkeep
|turn|3
|inactive|Battle timer is ON: inactive players will automatically lose when time's up. (requested by gregegeg)
|
|t:|1743836085
|switch|p1a: Dondozo|Dondozo, F|100/100
|move|p2a: Gyarados|Waterfall|p1a: Dondozo
|-resisted|p1a: Dondozo
|-damage|p1a: Dondozo|91/100
|
|upkeep
|turn|4
|
|t:|1743836099
|switch|p2a: Ludicolo|Ludicolo, F, shiny|100/100
|-damage|p2a: Ludicolo|88/100|[from] Spikes
|move|p1a: Dondozo|Curse|p1a: Dondozo
|-unboost|p1a: Dondozo|spe|1
|-boost|p1a: Dondozo|atk|1
|-boost|p1a: Dondozo|def|1
|
|-heal|p2a: Ludicolo|94/100|[from] item: Leftovers
|upkeep
|turn|5
|
|t:|1743836121
|switch|p1a: Blissey|Blissey, F|100/100
|move|p2a: Ludicolo|Leech Seed|p1a: Blissey|[miss]
|-miss|p2a: Ludicolo|p1a: Blissey
|
|-heal|p2a: Ludicolo|99/100|[from] item: Leftovers
|upkeep
|turn|6
|
|t:|1743836133
|move|p2a: Ludicolo|Leech Seed|p1a: Blissey
|-start|p1a: Blissey|move: Leech Seed
|move|p1a: Blissey|Flamethrower|p2a: Ludicolo
|-damage|p2a: Ludicolo|90/100
|
|-heal|p2a: Ludicolo|96/100|[from] item: Leftovers
|-damage|p1a: Blissey|88/100|[from] Leech Seed|[of] p2a: Ludicolo
|-heal|p2a: Ludicolo|100/100|[silent]
|upkeep
|turn|7
|
|t:|1743836145
|move|p2a: Ludicolo|Rain Dance|p2a: Ludicolo
|-weather|RainDance
|move|p1a: Blissey|Calm Mind|p1a: Blissey
|-boost|p1a: Blissey|spa|1
|-boost|p1a: Blissey|spd|1
|
|-weather|RainDance|[upkeep]
|-damage|p1a: Blissey|76/100|[from] Leech Seed|[of] p2a: Ludicolo
|upkeep
|turn|8
|
|t:|1743836159
|move|p2a: Ludicolo|Giga Drain|p1a: Blissey
|-damage|p1a: Blissey|71/100
|move|p1a: Blissey|Seismic Toss|p2a: Ludicolo
|-damage|p2a: Ludicolo|73/100
|
|-weather|RainDance|[upkeep]
|-heal|p2a: Ludicolo|79/100|[from] ability: Rain Dish
|-heal|p2a: Ludicolo|85/100|[from] item: Leftovers
|-damage|p1a: Blissey|58/100|[from] Leech Seed|[of] p2a: Ludicolo
|-heal|p2a: Ludicolo|100/100|[silent]
|upkeep
|turn|9
|
|t:|1743836173
|move|p2a: Ludicolo|Giga Drain|p1a: Blissey
|-damage|p1a: Blissey|53/100
|move|p1a: Blissey|Soft-Boiled|p1a: Blissey
|-heal|p1a: Blissey|100/100
|
|-weather|RainDance|[upkeep]
|-damage|p1a: Blissey|88/100|[from] Leech Seed|[of] p2a: Ludicolo
|upkeep
|turn|10
|
|t:|1743836184
|move|p2a: Ludicolo|Giga Drain|p1a: Blissey
|-damage|p1a: Blissey|83/100
|move|p1a: Blissey|Calm Mind|p1a: Blissey
|-boost|p1a: Blissey|spa|1
|-boost|p1a: Blissey|spd|1
|
|-weather|RainDance|[upkeep]
|-damage|p1a: Blissey|71/100|[from] Leech Seed|[of] p2a: Ludicolo
|upkeep
|turn|11
|
|t:|1743836196
|move|p2a: Ludicolo|Giga Drain|p1a: Blissey
|-damage|p1a: Blissey|68/100
|move|p1a: Blissey|Calm Mind|p1a: Blissey
|-boost|p1a: Blissey|spa|1
|-boost|p1a: Blissey|spd|1
|
|-weather|none
|-damage|p1a: Blissey|55/100|[from] Leech Seed|[of] p2a: Ludicolo
|upkeep
|turn|12
|
|t:|1743836205
|move|p2a: Ludicolo|Giga Drain|p1a: Blissey
|-damage|p1a: Blissey|52/100
|move|p1a: Blissey|Soft-Boiled|p1a: Blissey
|-heal|p1a: Blissey|100/100
|
|-damage|p1a: Blissey|88/100|[from] Leech Seed|[of] p2a: Ludicolo
|upkeep
|turn|13
|
|t:|1743836214
|move|p2a: Ludicolo|Giga Drain|p1a: Blissey
|-damage|p1a: Blissey|85/100
|move|p1a: Blissey|Flamethrower|p2a: Ludicolo
|-damage|p2a: Ludicolo|71/100
|
|-heal|p2a: Ludicolo|77/100|[from] item: Leftovers
|-damage|p1a: Blissey|73/100|[from] Leech Seed|[of] p2a: Ludicolo
|-heal|p2a: Ludicolo|99/100|[silent]
|upkeep
|turn|14
|
|t:|1743836224
|move|p2a: Ludicolo|Giga Drain|p1a: Blissey
|-damage|p1a: Blissey|70/100
|-heal|p2a: Ludicolo|100/100|[from] drain|[of] p1a: Blissey
|move|p1a: Blissey|Calm Mind|p1a: Blissey
|-boost|p1a: Blissey|spa|1
|-boost|p1a: Blissey|spd|1
|
|-damage|p1a: Blissey|57/100|[from] Leech Seed|[of] p2a: Ludicolo
|upkeep
|turn|15
|
|t:|1743836234
|move|p2a: Ludicolo|Rain Dance|p2a: Ludicolo
|-weather|RainDance
|move|p1a: Blissey|Soft-Boiled|p1a: Blissey
|-heal|p1a: Blissey|100/100
|
|-weather|RainDance|[upkeep]
|-damage|p1a: Blissey|88/100|[from] Leech Seed|[of] p2a: Ludicolo
|upkeep
|turn|16
|
|t:|1743836248
|move|p2a: Ludicolo|Protect|p2a: Ludicolo
|-singleturn|p2a: Ludicolo|Protect
|move|p1a: Blissey|Calm Mind|p1a: Blissey
|-boost|p1a: Blissey|spa|1
|-boost|p1a: Blissey|spd|1
|
|-weather|RainDance|[upkeep]
|-damage|p1a: Blissey|76/100|[from] Leech Seed|[of] p2a: Ludicolo
|upkeep
|turn|17
|
|t:|1743836259
|move|p2a: Ludicolo|Giga Drain|p1a: Blissey
|-damage|p1a: Blissey|73/100
|move|p1a: Blissey|Flamethrower|p2a: Ludicolo
|-damage|p2a: Ludicolo|80/100
|
|-weather|RainDance|[upkeep]
|-heal|p2a: Ludicolo|86/100|[from] ability: Rain Dish
|-heal|p2a: Ludicolo|92/100|[from] item: Leftovers
|-damage|p1a: Blissey|61/100|[from] Leech Seed|[of] p2a: Ludicolo
|-heal|p2a: Ludicolo|100/100|[silent]
|upkeep
|turn|18
|
|t:|1743836271
|move|p2a: Ludicolo|Protect|p2a: Ludicolo
|-singleturn|p2a: Ludicolo|Protect
|move|p1a: Blissey|Calm Mind|p1a: Blissey
|-boost|p1a: Blissey|spa|1
|-boost|p1a: Blissey|spd|1
|
|-weather|RainDance|[upkeep]
|-damage|p1a: Blissey|49/100|[from] Leech Seed|[of] p2a: Ludicolo
|upkeep
|turn|19
|
|t:|1743836287
|move|p2a: Ludicolo|Giga Drain|p1a: Blissey
|-damage|p1a: Blissey|47/100
|move|p1a: Blissey|Soft-Boiled|p1a: Blissey
|-heal|p1a: Blissey|97/100
|
|-weather|none
|-damage|p1a: Blissey|84/100|[from] Leech Seed|[of] p2a: Ludicolo
|upkeep
|turn|20
|
|t:|1743836303
|move|p2a: Ludicolo|Rain Dance|p2a: Ludicolo
|-weather|RainDance
|move|p1a: Blissey|Flamethrower|p2a: Ludicolo
|-damage|p2a: Ludicolo|79/100
|
|-weather|RainDance|[upkeep]
|-heal|p2a: Ludicolo|85/100|[from] ability: Rain Dish
|-heal|p2a: Ludicolo|91/100|[from] item: Leftovers
|-damage|p1a: Blissey|72/100|[from] Leech Seed|[of] p2a: Ludicolo
|-heal|p2a: Ludicolo|100/100|[silent]
|upkeep
|turn|21
|inactive|bazusogrimes has 120 seconds left.
|
|t:|1743836326
|move|p2a: Ludicolo|Protect|p2a: Ludicolo
|-singleturn|p2a: Ludicolo|Protect
|move|p1a: Blissey|Calm Mind|p1a: Blissey
|-boost|p1a: Blissey|spa|0
|-boost|p1a: Blissey|spd|0
|
|-weather|RainDance|[upkeep]
|-damage|p1a: Blissey|59/100|[from] Leech Seed|[of] p2a: Ludicolo
|upkeep
|turn|22
|inactive|bazusogrimes has 120 seconds left.
|
|t:|1743836343
|move|p2a: Ludicolo|Giga Drain|p1a: Blissey
|-damage|p1a: Blissey|57/100
|move|p1a: Blissey|Calm Mind|p1a: Blissey
|-boost|p1a: Blissey|spa|0
|-boost|p1a: Blissey|spd|0
|
|-weather|RainDance|[upkeep]
|-damage|p1a: Blissey|45/100|[from] Leech Seed|[of] p2a: Ludicolo
|upkeep
|turn|23
|inactive|bazusogrimes has 120 seconds left.
|
|t:|1743836352
|move|p2a: Ludicolo|Protect|p2a: Ludicolo
|-singleturn|p2a: Ludicolo|Protect
|move|p1a: Blissey|Soft-Boiled|p1a: Blissey
|-heal|p1a: Blissey|95/100
|
|-weather|RainDance|[upkeep]
|-damage|p1a: Blissey|82/100|[from] Leech Seed|[of] p2a: Ludicolo
|upkeep
|turn|24
|
|t:|1743836361
|move|p2a: Ludicolo|Protect||[still]
|-fail|p2a: Ludicolo
|move|p1a: Blissey|Flamethrower|p2a: Ludicolo
|-damage|p2a: Ludicolo|79/100
|
|-weather|none
|-heal|p2a: Ludicolo|85/100|[from] item: Leftovers
|-damage|p1a: Blissey|70/100|[from] Leech Seed|[of] p2a: Ludicolo
|-heal|p2a: Ludicolo|100/100|[silent]
|upkeep
|turn|25
|
|t:|1743836374
|move|p2a: Ludicolo|Protect|p2a: Ludicolo
|-singleturn|p2a: Ludicolo|Protect
|move|p1a: Blissey|Seismic Toss|p2a: Ludicolo
|-activate|p2a: Ludicolo|move: Protect
|
|-damage|p1a: Blissey|58/100|[from] Leech Seed|[of] p2a: Ludicolo
|upkeep
|turn|26
|
|t:|1743836384
|move|p2a: Ludicolo|Rain Dance|p2a: Ludicolo
|-weather|RainDance
|move|p1a: Blissey|Seismic Toss|p2a: Ludicolo
|-damage|p2a: Ludicolo|73/100
|
|-weather|RainDance|[upkeep]
|-heal|p2a: Ludicolo|79/100|[from] ability: Rain Dish
|-heal|p2a: Ludicolo|85/100|[from] item: Leftovers
|-damage|p1a: Blissey|45/100|[from] Leech Seed|[of] p2a: Ludicolo
|-heal|p2a: Ludicolo|100/100|[silent]
|upkeep
|turn|27
|
|t:|1743836395
|move|p2a: Ludicolo|Leech Seed||[still]
|-fail|p2a: Ludicolo
|move|p1a: Blissey|Soft-Boiled|p1a: Blissey
|-heal|p1a: Blissey|95/100
|
|-weather|RainDance|[upkeep]
|-damage|p1a: Blissey|83/100|[from] Leech Seed|[of] p2a: Ludicolo
|upkeep
|turn|28
|
|t:|1743836406
|move|p2a: Ludicolo|Protect|p2a: Ludicolo
|-singleturn|p2a: Ludicolo|Protect
|move|p1a: Blissey|Seismic Toss|p2a: Ludicolo
|-activate|p2a: Ludicolo|move: Protect
|
|-weather|RainDance|[upkeep]
|-damage|p1a: Blissey|70/100|[from] Leech Seed|[of] p2a: Ludicolo
|upkeep
|turn|29
|
|t:|1743836416
|move|p2a: Ludicolo|Leech Seed||[still]
|-fail|p2a: Ludicolo
|move|p1a: Blissey|Seismic Toss|p2a: Ludicolo
|-damage|p2a: Ludicolo|73/100
|
|-weather|RainDance|[upkeep]
|-heal|p2a: Ludicolo|79/100|[from] ability: Rain Dish
|-heal|p2a: Ludicolo|85/100|[from] item: Leftovers
|-damage|p1a: Blissey|58/100|[from] Leech Seed|[of] p2a: Ludicolo
|-heal|p2a: Ludicolo|100/100|[silent]
|upkeep
|turn|30
|n|☆gregegeg|gregegeg
|
|t:|1743836427
|move|p2a: Ludicolo|Protect|p2a: Ludicolo
|-singleturn|p2a: Ludicolo|Protect
|move|p1a: Blissey|Soft-Boiled|p1a: Blissey
|-heal|p1a: Blissey|100/100
|
|-weather|none
|-damage|p1a: Blissey|88/100|[from] Leech Seed|[of] p2a: Ludicolo
|upkeep
|turn|31
|c|☆gregegeg|how long you wanna do this for
|
|t:|1743836438
|move|p2a: Ludicolo|Rain Dance|p2a: Ludicolo
|-weather|RainDance
|move|p1a: Blissey|Flamethrower|p2a: Ludicolo
|-crit|p2a: Ludicolo
|-damage|p2a: Ludicolo|67/100
|
|-weather|RainDance|[upkeep]
|-heal|p2a: Ludicolo|73/100|[from] ability: Rain Dish
|-heal|p2a: Ludicolo|79/100|[from] item: Leftovers
|-damage|p1a: Blissey|76/100|[from] Leech Seed|[of] p2a: Ludicolo
|-heal|p2a: Ludicolo|100/100|[silent]
|upkeep
|turn|32
|c|☆gregegeg|you could switch and make this better for both of us
|
|t:|1743836455
|move|p2a: Ludicolo|Leech Seed||[still]
|-fail|p2a: Ludicolo
|move|p1a: Blissey|Flamethrower|p2a: Ludicolo
|-damage|p2a: Ludicolo|80/100
|
|-weather|RainDance|[upkeep]
|-heal|p2a: Ludicolo|86/100|[from] ability: Rain Dish
|-heal|p2a: Ludicolo|92/100|[from] item: Leftovers
|-damage|p1a: Blissey|63/100|[from] Leech Seed|[of] p2a: Ludicolo
|-heal|p2a: Ludicolo|100/100|[silent]
|upkeep
|turn|33
|
|t:|1743836472
|switch|p1a: Dondozo|Dondozo, F|91/100
|move|p2a: Ludicolo|Protect||[still]
|-fail|p2a: Ludicolo
|
|-weather|RainDance|[upkeep]
|upkeep
|turn|34
|c|☆gregegeg|good boy1
|c|☆gregegeg|!
|
|t:|1743836485
|move|p2a: Ludicolo|Leech Seed|p1a: Dondozo
|-start|p1a: Dondozo|move: Leech Seed
|move|p1a: Dondozo|Curse|p1a: Dondozo
|-unboost|p1a: Dondozo|spe|1
|-boost|p1a: Dondozo|atk|1
|-boost|p1a: Dondozo|def|1
|
|-weather|RainDance|[upkeep]
|-damage|p1a: Dondozo|78/100|[from] Leech Seed|[of] p2a: Ludicolo
|upkeep
|turn|35
|inactive|bazusogrimes has 120 seconds left.
|
|t:|1743836505
|move|p2a: Ludicolo|Giga Drain|p1a: Dondozo
|-supereffective|p1a: Dondozo
|-damage|p1a: Dondozo|30/100
|move|p1a: Dondozo|Curse|p1a: Dondozo
|-unboost|p1a: Dondozo|spe|1
|-boost|p1a: Dondozo|atk|1
|-boost|p1a: Dondozo|def|1
|
|-weather|none
|-damage|p1a: Dondozo|18/100|[from] Leech Seed|[of] p2a: Ludicolo
|upkeep
|turn|36
|inactive|bazusogrimes has 120 seconds left.
|
|t:|1743836517
|move|p2a: Ludicolo|Giga Drain|p1a: Dondozo
|-supereffective|p1a: Dondozo
|-damage|p1a: Dondozo|0 fnt
|faint|p1a: Dondozo
|
|upkeep
|inactive|bazusogrimes has 120 seconds left.
|
|t:|1743836526
|switch|p1a: Amoonguss|Amoonguss, F|100/100
|turn|37
|
|t:|1743836537
|switch|p2a: Clodsire|Clodsire, M|100/100
|-damage|p2a: Clodsire|88/100|[from] Spikes
|move|p1a: Amoonguss|Toxic|p2a: Clodsire
|-immune|p2a: Clodsire
|
|upkeep
|turn|38
|inactive|bazusogrimes has 120 seconds left.
|
|t:|1743836568
|switch|p1a: Gliscor|Gliscor, F|100/100 tox
|move|p2a: Clodsire|Stealth Rock|p1a: Gliscor
|-sidestart|p1: bazusogrimes|move: Stealth Rock
|
|upkeep
|turn|39
|
|t:|1743836577
|switch|p2a: Gyarados|Gyarados, M, shiny|100/100
|-ability|p2a: Gyarados|Intimidate|boost
|-unboost|p1a: Gliscor|atk|1
|move|p1a: Gliscor|Spikes|p2a: Gyarados
|-sidestart|p2: gregegeg|Spikes
|
|upkeep
|turn|40
|inactive|bazusogrimes has 120 seconds left.
|
|t:|1743836591
|switch|p1a: Clefable|Clefable, F|100/100
|move|p2a: Gyarados|Waterfall|p1a: Clefable
|-damage|p1a: Clefable|69/100
|
|upkeep
|turn|41
|inactive|bazusogrimes has 120 seconds left.
|
|t:|1743836602
|move|p2a: Gyarados|Dragon Dance|p2a: Gyarados
|-boost|p2a: Gyarados|atk|1
|-boost|p2a: Gyarados|spe|1
|move|p1a: Clefable|Wish|p1a: Clefable
|
|upkeep
|turn|42
|
|t:|1743836611
|switch|p1a: Amoonguss|Amoonguss, F|100/100
|move|p2a: Gyarados|Dragon Dance|p2a: Gyarados
|-boost|p2a: Gyarados|atk|1
|-boost|p2a: Gyarados|spe|1
|
|upkeep
|turn|43
|
|t:|1743836621
|move|p2a: Gyarados|Earthquake|p1a: Amoonguss
|-damage|p1a: Amoonguss|45/100
|move|p1a: Amoonguss|Foul Play|p2a: Gyarados
|-damage|p2a: Gyarados|14/100
|
|-heal|p2a: Gyarados|20/100|[from] item: Leftovers
|upkeep
|turn|44
|inactive|bazusogrimes has 120 seconds left.
|
|t:|1743836643
|switch|p1a: Ting-Lu|Ting-Lu|100/100
|-ability|p1a: Ting-Lu|Vessel of Ruin
|move|p2a: Gyarados|Earthquake|p1a: Ting-Lu
|-damage|p1a: Ting-Lu|60/100
|
|-heal|p2a: Gyarados|26/100|[from] item: Leftovers
|upkeep
|turn|45
|inactive|bazusogrimes has 120 seconds left.
|
|t:|1743836659
|move|p2a: Gyarados|Waterfall|p1a: Ting-Lu
|-supereffective|p1a: Ting-Lu
|-damage|p1a: Ting-Lu|0 fnt
|faint|p1a: Ting-Lu
|
|-heal|p2a: Gyarados|33/100|[from] item: Leftovers
|upkeep
|
|t:|1743836668
|switch|p1a: Amoonguss|Amoonguss, F|79/100
|turn|46
|
|t:|1743836679
|move|p2a: Gyarados|Earthquake|p1a: Amoonguss
|-damage|p1a: Amoonguss|29/100
|move|p1a: Amoonguss|Toxic|p2a: Gyarados
|-status|p2a: Gyarados|tox
|
|-heal|p2a: Gyarados|39/100 tox|[from] item: Leftovers
|-damage|p2a: Gyarados|33/100 tox|[from] psn
|upkeep
|turn|47
|
|t:|1743836689
|switch|p1a: Blissey|Blissey, F|63/100
|move|p2a: Gyarados|Earthquake|p1a: Blissey
|-damage|p1a: Blissey|0 fnt
|faint|p1a: Blissey
|
|-heal|p2a: Gyarados|39/100 tox|[from] item: Leftovers
|-damage|p2a: Gyarados|26/100 tox|[from] psn
|upkeep
|
|t:|1743836697
|switch|p1a: Amoonguss|Amoonguss, F|63/100
|turn|48
|
|t:|1743836700
|move|p2a: Gyarados|Earthquake|p1a: Amoonguss
|-damage|p1a: Amoonguss|13/100
|move|p1a: Amoonguss|Foul Play|p2a: Gyarados
|-damage|p2a: Gyarados|0 fnt
|faint|p2a: Gyarados
|
|upkeep
|
|t:|1743836707
|switch|p2a: Darkrai|Darkrai|100/100
|-damage|p2a: Darkrai|84/100|[from] Spikes
|turn|49
|
|t:|1743836713
|move|p2a: Darkrai|Dark Pulse|p1a: Amoonguss
|-damage|p1a: Amoonguss|0 fnt
|faint|p1a: Amoonguss
|
|upkeep
|
|t:|1743836720
|switch|p1a: Gliscor|Gliscor, F|100/100 tox
|-damage|p1a: Gliscor|88/100 tox|[from] Stealth Rock
|turn|50
|
|t:|1743836725
|move|p2a: Darkrai|Dark Pulse|p1a: Gliscor
|-damage|p1a: Gliscor|37/100 tox
|cant|p1a: Gliscor|flinch
|
|-heal|p1a: Gliscor|49/100 tox|[from] ability: Poison Heal
|upkeep
|turn|51
|
|t:|1743836735
|move|p2a: Darkrai|Ice Beam|p1a: Gliscor
|-supereffective|p1a: Gliscor
|-damage|p1a: Gliscor|0 fnt
|faint|p1a: Gliscor
|
|upkeep
|
|t:|1743836740
|switch|p1a: Clefable|Clefable, F|69/100
|turn|52
|
|t:|1743836743
|move|p2a: Darkrai|Ice Beam|p1a: Clefable
|-damage|p1a: Clefable|38/100
|move|p1a: Clefable|Moonlight|p1a: Clefable
|-heal|p1a: Clefable|88/100
|
|upkeep
|turn|53
|
|t:|1743836752
|-terastallize|p1a: Clefable|Steel
|move|p2a: Darkrai|Thunder Wave|p1a: Clefable|[miss]
|-miss|p2a: Darkrai|p1a: Clefable
|move|p1a: Clefable|Moonblast|p2a: Darkrai
|-supereffective|p2a: Darkrai
|-damage|p2a: Darkrai|4/100
|
|upkeep
|turn|54
|
|t:|1743836763
|move|p2a: Darkrai|Thunder Wave|p1a: Clefable
|-status|p1a: Clefable|par
|move|p1a: Clefable|Moonblast|p2a: Darkrai
|-supereffective|p2a: Darkrai
|-damage|p2a: Darkrai|0 fnt
|faint|p2a: Darkrai
|
|upkeep
|
|t:|1743836770
|switch|p2a: Blaziken|Blaziken, M|100/100
|-damage|p2a: Blaziken|84/100|[from] Spikes
|turn|55
|
|t:|1743836777
|move|p2a: Blaziken|Protect|p2a: Blaziken
|-singleturn|p2a: Blaziken|Protect
|move|p1a: Clefable|Wish|p1a: Clefable
|
|-heal|p2a: Blaziken|90/100|[from] item: Leftovers
|-ability|p2a: Blaziken|Speed Boost|boost
|-boost|p2a: Blaziken|spe|1
|upkeep
|turn|56
|
|t:|1743836787
|-terastallize|p2a: Blaziken|Fire
|move|p2a: Blaziken|Fire Punch|p1a: Clefable
|-supereffective|p1a: Clefable
|-damage|p1a: Clefable|10/100 par
|move|p1a: Clefable|Moonblast|p2a: Blaziken
|-resisted|p2a: Blaziken
|-damage|p2a: Blaziken|68/100
|
|-heal|p1a: Clefable|60/100 par|[from] move: Wish|[wisher] Clefable
|-heal|p2a: Blaziken|74/100|[from] item: Leftovers
|-ability|p2a: Blaziken|Speed Boost|boost
|-boost|p2a: Blaziken|spe|1
|upkeep
|turn|57
|-message|bazusogrimes forfeited.
|
|win|gregegeg
