|j|☆SahilChant
|j|☆kenxniper
|t:|1743787947
|gametype|singles
|player|p1|SahilChant|1|1117
|player|p2|kenxniper|gladion-masters|1172
|teamsize|p1|6
|teamsize|p2|6
|gen|9
|tier|[Gen 9] OU
|rated|
|rule|HP Percentage Mod: HP is shown in percentages
|rule|Endless Battle Clause: Forcing endless battles is banned
|rule|Species Clause: Limit one of each Pokémon
|rule|OHKO Clause: OHKO moves are banned
|rule|Evasion Items Clause: Evasion items are banned
|rule|Evasion Moves Clause: Evasion moves are banned
|rule|Sleep Moves Clause: Sleep-inducing moves are banned
|clearpoke
|poke|p1|Ursaluna, M|
|poke|p1|Iron Valiant|
|poke|p1|Infernape, M|
|poke|p1|Kingambit, M|
|poke|p1|Meowstic, M|
|poke|p1|Garchomp, F|
|poke|p2|Porygon-Z|
|poke|p2|Gholdengo|
|poke|p2|Gliscor, F|
|poke|p2|Great Tusk|
|poke|p2|Toxapex, F|
|poke|p2|Manaphy|
|teampreview
|inactive|Battle timer is ON: inactive players will automatically lose when time's up. (requested by SahilChant)
|
|t:|1743787953
|start
|switch|p1a: Meowstic|Meowstic, M|100/100
|switch|p2a: Gliscor|Gliscor, F|100/100
|turn|1
|
|t:|1743787966
|move|p2a: Gliscor|Protect|p2a: Gliscor
|-singleturn|p2a: Gliscor|Protect
|move|p1a: Meowstic|Trick Room|p1a: Meowstic
|-fieldstart|move: Trick Room|[of] p1a: Meowstic
|
|-status|p2a: Gliscor|tox|[from] item: Toxic Orb
|upkeep
|turn|2
|
|t:|1743787975
|switch|p1a: Ursaluna|Ursaluna, M, shiny|100/100
|move|p2a: Gliscor|Spikes|p1a: Ursaluna
|-sidestart|p1: SahilChant|Spikes
|
|-status|p1a: Ursaluna|brn|[from] item: Flame Orb
|upkeep
|turn|3
|
|t:|1743787984
|move|p1a: Ursaluna|Facade|p2a: Gliscor
|-damage|p2a: Gliscor|17/100 tox
|move|p2a: Gliscor|Spikes|p1a: Ursaluna
|-sidestart|p1: SahilChant|Spikes
|
|-heal|p2a: Gliscor|29/100 tox|[from] ability: Poison Heal
|-damage|p1a: Ursaluna|94/100 brn|[from] brn
|upkeep
|turn|4
|
|t:|1743787993
|move|p2a: Gliscor|Protect|p2a: Gliscor
|-singleturn|p2a: Gliscor|Protect
|move|p1a: Ursaluna|Facade|p2a: Gliscor
|-activate|p2a: Gliscor|move: Protect
|
|-heal|p2a: Gliscor|41/100 tox|[from] ability: Poison Heal
|-damage|p1a: Ursaluna|88/100 brn|[from] brn
|upkeep
|turn|5
|
|t:|1743788003
|move|p1a: Ursaluna|Facade|p2a: Gliscor
|-crit|p2a: Gliscor
|-damage|p2a: Gliscor|0 fnt
|faint|p2a: Gliscor
|
|-damage|p1a: Ursaluna|82/100 brn|[from] brn
|-fieldend|move: Trick Room
|upkeep
|
|t:|1743788014
|switch|p2a: Manaphy|Manaphy|100/100
|turn|6
|
|t:|1743788019
|move|p2a: Manaphy|Take Heart|p2a: Manaphy
|-boost|p2a: Manaphy|spa|1
|-boost|p2a: Manaphy|spd|1
|move|p1a: Ursaluna|Facade|p2a: Manaphy
|-damage|p2a: Manaphy|0 fnt
|faint|p2a: Manaphy
|
|-damage|p1a: Ursaluna|76/100 brn|[from] brn
|upkeep
|
|t:|1743788030
|switch|p2a: Porygon-Z|Porygon-Z|100/100
|turn|7
|
|t:|1743788033
|move|p2a: Porygon-Z|Tri Attack|p1a: Ursaluna
|-damage|p1a: Ursaluna|18/100 brn
|move|p1a: Ursaluna|Facade|p2a: Porygon-Z
|-damage|p2a: Porygon-Z|0 fnt
|faint|p2a: Porygon-Z
|
|-damage|p1a: Ursaluna|12/100 brn|[from] brn
|upkeep
|
|t:|1743788042
|switch|p2a: Great Tusk|Great Tusk|100/100
|turn|8
|
|t:|1743788048
|move|p2a: Great Tusk|Rapid Spin|p1a: Ursaluna
|-damage|p1a: Ursaluna|0 fnt
|-boost|p2a: Great Tusk|spe|1
|faint|p1a: Ursaluna
|
|upkeep
|
|t:|1743788071
|switch|p1a: Garchomp|Garchomp, F|100/100
|-damage|p1a: Garchomp|84/100|[from] Spikes
|turn|9
|
|t:|1743788076
|move|p2a: Great Tusk|Stealth Rock|p1a: Garchomp
|-sidestart|p1: SahilChant|move: Stealth Rock
|move|p1a: Garchomp|Swords Dance|p1a: Garchomp
|-boost|p1a: Garchomp|atk|2
|
|upkeep
|turn|10
|
|t:|1743788083
|move|p2a: Great Tusk|Headlong Rush|p1a: Garchomp
|-damage|p1a: Garchomp|23/100
|-unboost|p2a: Great Tusk|def|1
|-unboost|p2a: Great Tusk|spd|1
|-damage|p2a: Great Tusk|88/100|[from] ability: Rough Skin|[of] p1a: Garchomp
|move|p1a: Garchomp|Scale Shot|p2a: Great Tusk
|-damage|p2a: Great Tusk|57/100
|-damage|p2a: Great Tusk|30/100
|-damage|p2a: Great Tusk|0 fnt
|faint|p2a: Great Tusk
|-end|p2a: Great Tusk|Protosynthesis|[silent]
|-hitcount|p2: Great Tusk|3
|-unboost|p1a: Garchomp|def|1
|-boost|p1a: Garchomp|spe|1
|
|upkeep
|
|t:|1743788097
|switch|p2a: Toxapex|Toxapex, F|100/100
|turn|11
|
|t:|1743788103
|move|p1a: Garchomp|Earthquake|p2a: Toxapex
|-supereffective|p2a: Toxapex
|-damage|p2a: Toxapex|0 fnt
|faint|p2a: Toxapex
|
|upkeep
|
|t:|1743788112
|switch|p2a: Gholdengo|Gholdengo|100/100
|turn|12
|
|t:|1743788120
|-terastallize|p2a: Gholdengo|Flying
|move|p1a: Garchomp|Earthquake|p2a: Gholdengo
|-immune|p2a: Gholdengo
|move|p2a: Gholdengo|Hex|p1a: Garchomp
|-damage|p1a: Garchomp|0 fnt
|faint|p1a: Garchomp
|
|upkeep
|
|t:|1743788131
|switch|p1a: Meowstic|Meowstic, M|100/100
|turn|13
|
|t:|1743788140
|move|p1a: Meowstic|Light Screen|p1a: Meowstic
|-sidestart|p1: SahilChant|move: Light Screen
|move|p2a: Gholdengo|Nasty Plot|p2a: Gholdengo
|-boost|p2a: Gholdengo|spa|2
|
|upkeep
|turn|14
|
|t:|1743788147
|switch|p1a: Kingambit|Kingambit, M|100/100
|-damage|p1a: Kingambit|84/100|[from] Spikes
|-damage|p1a: Kingambit|78/100|[from] Stealth Rock
|-activate|p1a: Kingambit|ability: Supreme Overlord
|-start|p1a: Kingambit|fallen2|[silent]
|move|p2a: Gholdengo|Thunder Wave|p1a: Kingambit
|-status|p1a: Kingambit|par
|
|upkeep
|turn|15
|
|t:|1743788158
|-terastallize|p1a: Kingambit|Dark
|cant|p1a: Kingambit|par
|move|p2a: Gholdengo|Hex|p1a: Kingambit
|-resisted|p1a: Kingambit
|-crit|p1a: Kingambit
|-damage|p1a: Kingambit|0 fnt
|faint|p1a: Kingambit
|-end|p1a: Kingambit|fallen2|[silent]
|
|upkeep
|
|t:|1743788173
|switch|p1a: Infernape|Infernape, M|100/100
|-damage|p1a: Infernape|84/100|[from] Spikes
|-damage|p1a: Infernape|72/100|[from] Stealth Rock
|turn|16
|
|t:|1743788179
|move|p1a: Infernape|Thunder Punch|p2a: Gholdengo
|-supereffective|p2a: Gholdengo
|-damage|p2a: Gholdengo|38/100
|-damage|p1a: Infernape|62/100|[from] item: Life Orb
|move|p2a: Gholdengo|Hex|p1a: Infernape
|-damage|p1a: Infernape|6/100
|
|-heal|p2a: Gholdengo|44/100|[from] item: Leftovers
|upkeep
|turn|17
|
|t:|1743788189
|move|p1a: Infernape|Thunder Punch|p2a: Gholdengo
|-supereffective|p2a: Gholdengo
|-damage|p2a: Gholdengo|0 fnt
|faint|p2a: Gholdengo
|-damage|p1a: Infernape|0 fnt|[from] item: Life Orb
|faint|p1a: Infernape
|
|win|SahilChant
|raw|SahilChant's rating: 1117 &rarr; <strong>1146</strong><br />(+29 for winning)
|raw|kenxniper's rating: 1172 &rarr; <strong>1143</strong><br />(-29 for losing)
|l|☆kenxniper
|player|p2|
|l|☆SahilChant
|player|p1|
