|j|☆banjin
|j|☆LQSS
|t:|1743818239
|gametype|singles
|player|p1|banjin|beauty-gen6xy|1380
|player|p2|LQSS|swimmer-gen4dp|1402
|teamsize|p1|6
|teamsize|p2|6
|gen|9
|tier|[Gen 9] OU
|rated|
|rule|HP Percentage Mod: HP is shown in percentages
|rule|Endless Battle Clause: Forcing endless battles is banned
|rule|Species Clause: Limit one of each Pokémon
|rule|OHKO Clause: OHKO moves are banned
|rule|Evasion Items Clause: Evasion items are banned
|rule|Evasion Moves Clause: Evasion moves are banned
|rule|Sleep Moves Clause: Sleep-inducing moves are banned
|clearpoke
|poke|p1|Minior-Blue|
|poke|p1|Lokix, F|
|poke|p1|Thundurus-Therian, M|
|poke|p1|Muk-Alola, M|
|poke|p1|Emboar, F|
|poke|p1|Ditto|
|poke|p2|Pelipper, M|
|poke|p2|Barraskewda, F|
|poke|p2|Zapdos|
|poke|p2|Corviknight, M|
|poke|p2|Clodsire, F|
|poke|p2|Incineroar, F|
|teampreview
|inactive|Battle timer is ON: inactive players will automatically lose when time's up. (requested by banjin)
|
|t:|1743818251
|start
|switch|p1a: Dragmire|Emboar, F, shiny|100/100
|switch|p2a: Zapdos|Zapdos, shiny|100/100
|turn|1
|
|t:|1743818263
|switch|p1a: Paws|Thundurus-Therian, M|100/100
|move|p2a: Zapdos|Volt Switch|p1a: Paws
|-immune|p1a: Paws|[from] ability: Volt Absorb
|
|upkeep
|turn|2
|
|t:|1743818269
|switch|p2a: Clodsire|Clodsire, F|100/100
|move|p1a: Paws|Nasty Plot|p1a: Paws
|-boost|p1a: Paws|spa|2
|
|upkeep
|turn|3
|
|t:|1743818273
|switch|p1a: Mr. Brightside|Minior-Blue|100/100
|-formechange|p1a: Mr. Brightside|Minior-Meteor||[from] ability: Shields Down
|move|p2a: Clodsire|Toxic|p1a: Mr. Brightside
|-immune|p1a: Mr. Brightside|[from] ability: Shields Down
|
|upkeep
|turn|4
|inactive|LQSS has 120 seconds left.
|
|t:|1743818307
|switch|p2a: Incineroar|Incineroar, F, shiny|100/100
|-ability|p2a: Incineroar|Intimidate|boost
|-unboost|p1a: Mr. Brightside|atk|1
|-enditem|p1a: Mr. Brightside|White Herb
|-clearnegativeboost|p1a: Mr. Brightside|[silent]
|move|p1a: Mr. Brightside|Shell Smash|p1a: Mr. Brightside
|-unboost|p1a: Mr. Brightside|def|1
|-unboost|p1a: Mr. Brightside|spd|1
|-boost|p1a: Mr. Brightside|atk|2
|-boost|p1a: Mr. Brightside|spa|2
|-boost|p1a: Mr. Brightside|spe|2
|
|upkeep
|turn|5
|inactive|LQSS has 120 seconds left.
|
|t:|1743818331
|switch|p2a: Corviknight|Corviknight, M, shiny|100/100
|-ability|p2a: Corviknight|Pressure
|move|p1a: Mr. Brightside|Earthquake|p2a: Corviknight
|-immune|p2a: Corviknight
|
|upkeep
|turn|6
|
|t:|1743818336
|move|p1a: Mr. Brightside|Acrobatics|p2a: Corviknight
|-resisted|p2a: Corviknight
|-damage|p2a: Corviknight|77/100
|-damage|p1a: Mr. Brightside|84/100|[from] item: Rocky Helmet|[of] p2a: Corviknight
|move|p2a: Corviknight|U-turn|p1a: Mr. Brightside
|-resisted|p1a: Mr. Brightside
|-damage|p1a: Mr. Brightside|69/100
|
|t:|1743818343
|switch|p2a: Barraskewda|Barraskewda, F|100/100|[from] U-turn
|
|upkeep
|turn|7
|
|t:|1743818352
|-terastallize|p2a: Barraskewda|Water
|move|p2a: Barraskewda|Aqua Jet|p1a: Mr. Brightside
|-supereffective|p1a: Mr. Brightside
|-damage|p1a: Mr. Brightside|0 fnt
|faint|p1a: Mr. Brightside
|
|upkeep
|inactive|banjin has 120 seconds left.
|
|t:|1743818390
|switch|p1a: Dragmire|Emboar, F, shiny|100/100
|turn|8
|
|t:|1743818401
|switch|p2a: Incineroar|Incineroar, F, shiny|100/100
|-ability|p2a: Incineroar|Intimidate|boost
|-unboost|p1a: Dragmire|atk|1
|move|p1a: Dragmire|Wild Charge|p2a: Incineroar
|-damage|p2a: Incineroar|83/100
|-damage|p1a: Dragmire|96/100|[from] Recoil
|
|upkeep
|turn|9
|inactive|LQSS has 120 seconds left.
|
|t:|1743818430
|switch|p2a: Zapdos|Zapdos, shiny|100/100
|move|p1a: Dragmire|Drain Punch|p2a: Zapdos
|-resisted|p2a: Zapdos
|-damage|p2a: Zapdos|85/100
|-heal|p1a: Dragmire|100/100|[from] drain|[of] p2a: Zapdos
|
|upkeep
|turn|10
|inactive|LQSS has 120 seconds left.
|
|t:|1743818439
|switch|p2a: Clodsire|Clodsire, F|100/100
|switch|p1a: Paws|Thundurus-Therian, M|100/100
|
|upkeep
|turn|11
|
|t:|1743818460
|switch|p1a: Beppo|Muk-Alola, M|100/100
|move|p2a: Clodsire|Stealth Rock|p1a: Beppo
|-sidestart|p1: banjin|move: Stealth Rock
|
|upkeep
|turn|12
|inactive|LQSS has 120 seconds left.
|
|t:|1743818482
|switch|p2a: Corviknight|Corviknight, M, shiny|77/100
|-ability|p2a: Corviknight|Pressure
|move|p1a: Beppo|Knock Off|p2a: Corviknight
|-damage|p2a: Corviknight|51/100
|-damage|p1a: Beppo|84/100|[from] item: Rocky Helmet|[of] p2a: Corviknight
|-enditem|p2a: Corviknight|Rocky Helmet|[from] move: Knock Off|[of] p1a: Beppo
|
|upkeep
|turn|13
|
|t:|1743818490
|move|p1a: Beppo|Drain Punch|p2a: Corviknight
|-crit|p2a: Corviknight
|-damage|p2a: Corviknight|28/100
|-heal|p1a: Beppo|95/100|[from] drain|[of] p2a: Corviknight
|move|p2a: Corviknight|Roost|p2a: Corviknight
|-heal|p2a: Corviknight|78/100
|-singleturn|p2a: Corviknight|move: Roost
|
|upkeep
|turn|14
|
|t:|1743818505
|switch|p1a: Paws|Thundurus-Therian, M|100/100
|-damage|p1a: Paws|76/100|[from] Stealth Rock
|move|p2a: Corviknight|U-turn|p1a: Paws
|-resisted|p1a: Paws
|-crit|p1a: Paws
|-damage|p1a: Paws|60/100
|-message|banjin forfeited.
|
|win|LQSS
|raw|banjin's rating: 1380 &rarr; <strong>1361</strong><br />(-19 for losing)
|raw|LQSS's rating: 1402 &rarr; <strong>1421</strong><br />(+19 for winning)
|l|☆banjin
|player|p1|
|l|☆LQSS
|player|p2|
