|j|☆rolendice
|j|☆berlious
|t:|1743809206
|gametype|singles
|player|p1|rolendice|cynthia-gen4|1247
|player|p2|berlious|266|1254
|teamsize|p1|6
|teamsize|p2|6
|gen|9
|tier|[Gen 9] OU
|rated|
|rule|HP Percentage Mod: HP is shown in percentages
|rule|Endless Battle Clause: Forcing endless battles is banned
|rule|Species Clause: Limit one of each Pokémon
|rule|OHKO Clause: OHKO moves are banned
|rule|Evasion Items Clause: Evasion items are banned
|rule|Evasion Moves Clause: Evasion moves are banned
|rule|Sleep Moves Clause: Sleep-inducing moves are banned
|clearpoke
|poke|p1|Ninetales, F|
|poke|p1|Leafeon, F|
|poke|p1|Manaphy|
|poke|p1|Mienshao, F|
|poke|p1|Umbreon, F|
|poke|p1|Espeon, F|
|poke|p2|Great Tusk|
|poke|p2|Ogerpon-Wellspring, F|
|poke|p2|Kingambit, M|
|poke|p2|Kyurem|
|poke|p2|Landorus-Therian, M|
|poke|p2|Raging Bolt|
|teampreview
|inactive|Battle timer is ON: inactive players will automatically lose when time's up. (requested by rolendice)
|
|t:|1743809224
|start
|switch|p1a: Mienshao|Mienshao, F, shiny|100/100
|switch|p2a: Landorus|Landorus-Therian, M|100/100
|-ability|p2a: Landorus|Intimidate|boost
|-unboost|p1a: Mienshao|atk|1
|turn|1
|
|t:|1743809232
|move|p1a: Mienshao|U-turn|p2a: Landorus
|-resisted|p2a: Landorus
|-damage|p2a: Landorus|93/100
|
|t:|1743809233
|switch|p1a: Espeon|Espeon, F, shiny|100/100|[from] U-turn
|move|p2a: Landorus|Stealth Rock|p1a: Espeon
|move|p1a: Espeon|Stealth Rock|p2a: Landorus|[from] ability: Magic Bounce
|-sidestart|p2: berlious|move: Stealth Rock
|
|-heal|p2a: Landorus|99/100|[from] item: Leftovers
|upkeep
|turn|2
|
|t:|1743809244
|move|p1a: Espeon|Psyshock|p2a: Landorus
|-damage|p2a: Landorus|56/100
|move|p2a: Landorus|U-turn|p1a: Espeon
|-supereffective|p1a: Espeon
|-damage|p1a: Espeon|0 fnt
|faint|p1a: Espeon
|
|t:|1743809250
|switch|p2a: Great Tusk|Great Tusk|100/100|[from] U-turn
|
|upkeep
|
|t:|1743809256
|switch|p1a: Manaphy|Manaphy, shiny|100/100
|turn|3
|
|t:|1743809269
|-end|p2a: Great Tusk|Protosynthesis|[silent]
|switch|p2a: Raging Bolt|Raging Bolt|100/100
|-damage|p2a: Raging Bolt|88/100|[from] Stealth Rock
|-enditem|p2a: Raging Bolt|Booster Energy
|-activate|p2a: Raging Bolt|ability: Protosynthesis|[fromitem]
|-start|p2a: Raging Bolt|protosynthesisspa
|move|p1a: Manaphy|Acid Armor|p1a: Manaphy
|-boost|p1a: Manaphy|def|2
|
|upkeep
|turn|4
|
|t:|1743809279
|switch|p1a: Umbreon|Umbreon, F, shiny|100/100
|move|p2a: Raging Bolt|Thunderbolt|p1a: Umbreon
|-damage|p1a: Umbreon|58/100
|
|-heal|p1a: Umbreon|64/100|[from] item: Leftovers
|upkeep
|turn|5
|
|t:|1743809290
|move|p2a: Raging Bolt|Draco Meteor|p1a: Umbreon
|-damage|p1a: Umbreon|10/100
|-unboost|p2a: Raging Bolt|spa|2
|move|p1a: Umbreon|Moonlight|p1a: Umbreon
|-heal|p1a: Umbreon|60/100
|
|-heal|p1a: Umbreon|66/100|[from] item: Leftovers
|upkeep
|turn|6
|
|t:|1743809307
|-end|p2a: Raging Bolt|Protosynthesis|[silent]
|switch|p2a: Great Tusk|Great Tusk|100/100
|move|p1a: Umbreon|Moonlight|p1a: Umbreon
|-heal|p1a: Umbreon|100/100
|
|upkeep
|turn|7
|
|t:|1743809313
|switch|p1a: Manaphy|Manaphy, shiny|100/100
|move|p2a: Great Tusk|Stealth Rock|p1a: Manaphy
|-sidestart|p1: rolendice|move: Stealth Rock
|
|upkeep
|turn|8
|
|t:|1743809329
|move|p1a: Manaphy|Take Heart|p1a: Manaphy
|-boost|p1a: Manaphy|spa|1
|-boost|p1a: Manaphy|spd|1
|move|p2a: Great Tusk|Rapid Spin|p1a: Manaphy
|-damage|p1a: Manaphy|85/100
|-boost|p2a: Great Tusk|spe|1
|-sideend|p2: berlious|Stealth Rock|[from] move: Rapid Spin|[of] p2a: Great Tusk
|
|-heal|p1a: Manaphy|91/100|[from] item: Leftovers
|upkeep
|turn|9
|
|t:|1743809347
|-end|p2a: Great Tusk|Protosynthesis|[silent]
|switch|p2a: Raging Bolt|Raging Bolt|88/100
|move|p1a: Manaphy|Acid Armor|p1a: Manaphy
|-boost|p1a: Manaphy|def|2
|
|-heal|p1a: Manaphy|97/100|[from] item: Leftovers
|upkeep
|turn|10
|
|t:|1743809354
|move|p2a: Raging Bolt|Thunderclap|p1a: Manaphy
|-supereffective|p1a: Manaphy
|-damage|p1a: Manaphy|60/100
|move|p1a: Manaphy|Ice Beam|p2a: Raging Bolt
|-supereffective|p2a: Raging Bolt
|-damage|p2a: Raging Bolt|40/100
|
|-heal|p1a: Manaphy|66/100|[from] item: Leftovers
|upkeep
|turn|11
|
|t:|1743809365
|move|p1a: Manaphy|Take Heart|p1a: Manaphy
|-boost|p1a: Manaphy|spa|1
|-boost|p1a: Manaphy|spd|1
|move|p2a: Raging Bolt|Thunderbolt|p1a: Manaphy
|-supereffective|p1a: Manaphy
|-damage|p1a: Manaphy|30/100
|
|-heal|p1a: Manaphy|36/100|[from] item: Leftovers
|upkeep
|turn|12
|
|t:|1743809379
|move|p1a: Manaphy|Ice Beam|p2a: Raging Bolt
|-supereffective|p2a: Raging Bolt
|-damage|p2a: Raging Bolt|0 fnt
|faint|p2a: Raging Bolt
|-end|p2a: Raging Bolt|Protosynthesis|[silent]
|
|-heal|p1a: Manaphy|42/100|[from] item: Leftovers
|upkeep
|
|t:|1743809388
|switch|p2a: Kyurem|Kyurem|100/100
|-ability|p2a: Kyurem|Pressure
|turn|13
|
|t:|1743809393
|move|p1a: Manaphy|Ice Beam|p2a: Kyurem
|-damage|p2a: Kyurem|64/100
|move|p2a: Kyurem|Roar|p1a: Manaphy
|drag|p1a: Mienshao|Mienshao, F, shiny|100/100
|-damage|p1a: Mienshao|94/100|[from] Stealth Rock
|
|upkeep
|turn|14
|
|t:|1743809421
|switch|p2a: Landorus|Landorus-Therian, M|56/100
|-ability|p2a: Landorus|Intimidate|boost
|-unboost|p1a: Mienshao|atk|1
|move|p1a: Mienshao|High Jump Kick|p2a: Landorus
|-resisted|p2a: Landorus
|-damage|p2a: Landorus|31/100
|
|-heal|p2a: Landorus|37/100|[from] item: Leftovers
|upkeep
|turn|15
|
|t:|1743809431
|switch|p1a: Manaphy|Manaphy, shiny|42/100
|-damage|p1a: Manaphy|30/100|[from] Stealth Rock
|-terastallize|p2a: Landorus|Flying
|move|p2a: Landorus|Tera Blast|p1a: Manaphy|[anim] Tera Blast Flying
|-damage|p1a: Manaphy|0 fnt
|faint|p1a: Manaphy
|
|-heal|p2a: Landorus|43/100|[from] item: Leftovers
|upkeep
|
|t:|1743809447
|switch|p1a: Ninetales|Ninetales, F, shiny|100/100
|-damage|p1a: Ninetales|76/100|[from] Stealth Rock
|-weather|SunnyDay|[from] ability: Drought|[of] p1a: Ninetales
|turn|16
|
|t:|1743809459
|move|p1a: Ninetales|Flamethrower|p2a: Landorus
|-damage|p2a: Landorus|0 fnt
|faint|p2a: Landorus
|
|-weather|SunnyDay|[upkeep]
|upkeep
|
|t:|1743809476
|switch|p2a: Great Tusk|Great Tusk|100/100
|-activate|p2a: Great Tusk|ability: Protosynthesis
|-start|p2a: Great Tusk|protosynthesisatk
|turn|17
|
|t:|1743809484
|move|p1a: Ninetales|Solar Beam||[still]
|-prepare|p1a: Ninetales|Solar Beam
|-anim|p1a: Ninetales|Solar Beam|p2a: Great Tusk
|-supereffective|p2a: Great Tusk
|-damage|p2a: Great Tusk|20/100
|move|p2a: Great Tusk|Headlong Rush|p1a: Ninetales
|-supereffective|p1a: Ninetales
|-damage|p1a: Ninetales|0 fnt
|-unboost|p2a: Great Tusk|def|1
|-unboost|p2a: Great Tusk|spd|1
|faint|p1a: Ninetales
|
|-weather|SunnyDay|[upkeep]
|upkeep
|
|t:|1743809489
|switch|p1a: Leafeon|Leafeon, F, shiny|100/100
|-damage|p1a: Leafeon|88/100|[from] Stealth Rock
|turn|18
|
|t:|1743809509
|-end|p2a: Great Tusk|Protosynthesis|[silent]
|switch|p2a: Kyurem|Kyurem|64/100
|-ability|p2a: Kyurem|Pressure
|move|p1a: Leafeon|Swords Dance|p1a: Leafeon
|-boost|p1a: Leafeon|atk|2
|
|-weather|SunnyDay|[upkeep]
|upkeep
|turn|19
|
|t:|1743809518
|-terastallize|p1a: Leafeon|Fire
|move|p1a: Leafeon|Tera Blast|p2a: Kyurem|[anim] Tera Blast Fire
|-crit|p2a: Kyurem
|-damage|p2a: Kyurem|0 fnt
|faint|p2a: Kyurem
|
|-weather|SunnyDay|[upkeep]
|upkeep
|
|t:|1743809529
|switch|p2a: Ogerpon|Ogerpon-Wellspring, F|100/100
|turn|20
|
|t:|1743809535
|move|p1a: Leafeon|Tera Blast|p2a: Ogerpon|[anim] Tera Blast Fire
|-damage|p2a: Ogerpon|0 fnt
|faint|p2a: Ogerpon
|
|-weather|SunnyDay|[upkeep]
|upkeep
|
|t:|1743809546
|switch|p2a: Great Tusk|Great Tusk|20/100
|-activate|p2a: Great Tusk|ability: Protosynthesis
|-start|p2a: Great Tusk|protosynthesisatk
|turn|21
|
|t:|1743809554
|move|p1a: Leafeon|Tera Blast|p2a: Great Tusk|[anim] Tera Blast Fire
|-damage|p2a: Great Tusk|0 fnt
|faint|p2a: Great Tusk
|-end|p2a: Great Tusk|Protosynthesis|[silent]
|
|-weather|SunnyDay|[upkeep]
|upkeep
|
|t:|1743809561
|switch|p2a: Kingambit|Kingambit, M|100/100
|-activate|p2a: Kingambit|ability: Supreme Overlord
|-start|p2a: Kingambit|fallen5|[silent]
|turn|22
|
|t:|1743809565
|move|p2a: Kingambit|Sucker Punch|p1a: Leafeon
|-damage|p1a: Leafeon|36/100
|move|p1a: Leafeon|Tera Blast|p2a: Kingambit|[anim] Tera Blast Fire
|-supereffective|p2a: Kingambit
|-damage|p2a: Kingambit|0 fnt
|faint|p2a: Kingambit
|-end|p2a: Kingambit|fallen5|[silent]
|
|win|rolendice
|raw|rolendice's rating: 1247 &rarr; <strong>1273</strong><br />(+26 for winning)
|raw|berlious's rating: 1254 &rarr; <strong>1228</strong><br />(-26 for losing)
