|j|☆ichigo39
|j|☆noahthebadplayer
|t:|1743811943
|gametype|singles
|player|p1|ichigo39|blackbelt-gen4dp|1215
|player|p2|noahthebadplayer|1|1178
|teamsize|p1|6
|teamsize|p2|6
|gen|9
|tier|[Gen 9] OU
|rated|
|rule|HP Percentage Mod: HP is shown in percentages
|rule|Endless Battle Clause: Forcing endless battles is banned
|rule|Species Clause: Limit one of each Pokémon
|rule|OHKO Clause: OHKO moves are banned
|rule|Evasion Items Clause: Evasion items are banned
|rule|Evasion Moves Clause: Evasion moves are banned
|rule|Sleep Moves Clause: Sleep-inducing moves are banned
|clearpoke
|poke|p1|Ting-Lu|
|poke|p1|Gholdengo|
|poke|p1|Deoxys-Speed|
|poke|p1|Dragonite, F|
|poke|p1|Okidogi, M|
|poke|p1|Kyurem|
|poke|p2|Gholdengo|
|poke|p2|Enamorus, F|
|poke|p2|Uxie|
|poke|p2|Swampert, F|
|poke|p2|Wartortle, M|
|poke|p2|Ursaluna, F|
|teampreview
|inactive|Battle timer is ON: inactive players will automatically lose when time's up. (requested by ichigo39)
|c|☆noahthebadplayer|Glhf
|c|☆ichigo39|u2
|
|t:|1743811959
|start
|switch|p1a: Deoxys|Deoxys-Speed|100/100
|switch|p2a: Uxie|Uxie|100/100
|-ability|p1a: Deoxys|Pressure
|turn|1
|
|t:|1743811963
|move|p1a: Deoxys|Knock Off|p2a: Uxie
|-supereffective|p2a: Uxie
|-damage|p2a: Uxie|58/100
|-enditem|p2a: Uxie|Choice Specs|[from] move: Knock Off|[of] p1a: Deoxys
|move|p2a: Uxie|U-turn|p1a: Deoxys
|-supereffective|p1a: Deoxys
|-damage|p1a: Deoxys|75/100
|-enditem|p1a: Deoxys|Red Card|[of] p2a: Uxie
|drag|p2a: Wartortle|Wartortle, M, shiny|100/100
|
|upkeep
|turn|2
|
|t:|1743811976
|move|p1a: Deoxys|Stealth Rock|p2a: Wartortle
|-sidestart|p2: noahthebadplayer|move: Stealth Rock
|move|p2a: Wartortle|Flip Turn|p1a: Deoxys
|-crit|p1a: Deoxys
|-damage|p1a: Deoxys|56/100
|
|t:|1743811981
|switch|p2a: Ursaluna|Ursaluna, F|100/100|[from] Flip Turn
|-damage|p2a: Ursaluna|94/100|[from] Stealth Rock
|
|-status|p2a: Ursaluna|brn|[from] item: Flame Orb
|upkeep
|turn|3
|
|t:|1743812000
|-terastallize|p1a: Deoxys|Ghost
|move|p1a: Deoxys|Superpower|p2a: Ursaluna
|-supereffective|p2a: Ursaluna
|-damage|p2a: Ursaluna|55/100 brn
|-unboost|p1a: Deoxys|atk|1
|-unboost|p1a: Deoxys|def|1
|move|p2a: Ursaluna|Facade|p1a: Deoxys
|-immune|p1a: Deoxys
|
|-damage|p2a: Ursaluna|49/100 brn|[from] brn
|upkeep
|turn|4
|
|t:|1743812014
|move|p1a: Deoxys|Psychic Noise|p2a: Ursaluna
|-damage|p2a: Ursaluna|26/100 brn
|-start|p2a: Ursaluna|move: Heal Block
|move|p2a: Ursaluna|Earthquake|p1a: Deoxys
|-damage|p1a: Deoxys|0 fnt
|faint|p1a: Deoxys
|
|-damage|p2a: Ursaluna|20/100 brn|[from] brn
|upkeep
|
|t:|1743812024
|switch|p1a: Dragonite|Dragonite, F|100/100
|turn|5
|
|t:|1743812027
|move|p2a: Ursaluna|Protect|p2a: Ursaluna
|-singleturn|p2a: Ursaluna|Protect
|move|p1a: Dragonite|Extreme Speed|p2a: Ursaluna
|-activate|p2a: Ursaluna|move: Protect
|
|-damage|p2a: Ursaluna|14/100 brn|[from] brn
|-end|p2a: Ursaluna|move: Heal Block
|upkeep
|turn|6
|
|t:|1743812032
|move|p1a: Dragonite|Extreme Speed|p2a: Ursaluna
|-damage|p2a: Ursaluna|0 fnt
|faint|p2a: Ursaluna
|
|upkeep
|
|t:|1743812035
|switch|p2a: Wartortle|Wartortle, M, shiny|100/100
|-damage|p2a: Wartortle|88/100|[from] Stealth Rock
|turn|7
|
|t:|1743812048
|move|p1a: Dragonite|Dragon Dance|p1a: Dragonite
|-boost|p1a: Dragonite|atk|1
|-boost|p1a: Dragonite|spe|1
|move|p2a: Wartortle|Rapid Spin|p1a: Dragonite
|-damage|p1a: Dragonite|97/100
|-boost|p2a: Wartortle|spe|1
|-sideend|p2: noahthebadplayer|Stealth Rock|[from] move: Rapid Spin|[of] p2a: Wartortle
|
|upkeep
|turn|8
|
|t:|1743812052
|move|p1a: Dragonite|Dragon Dance|p1a: Dragonite
|-boost|p1a: Dragonite|atk|1
|-boost|p1a: Dragonite|spe|1
|move|p2a: Wartortle|Ice Beam|p1a: Dragonite
|-supereffective|p1a: Dragonite
|-damage|p1a: Dragonite|0 fnt
|faint|p1a: Dragonite
|
|upkeep
|
|t:|1743812058
|switch|p1a: Ting-Lu|Ting-Lu|100/100
|-ability|p1a: Ting-Lu|Vessel of Ruin
|turn|9
|
|t:|1743812064
|move|p2a: Wartortle|Flip Turn|p1a: Ting-Lu
|-supereffective|p1a: Ting-Lu
|-damage|p1a: Ting-Lu|86/100
|-damage|p2a: Wartortle|72/100|[from] item: Rocky Helmet|[of] p1a: Ting-Lu
|
|t:|1743812068
|switch|p2a: Enamorus|Enamorus, F|100/100|[from] Flip Turn
|move|p1a: Ting-Lu|Earthquake|p2a: Enamorus
|-immune|p2a: Enamorus
|
|upkeep
|turn|10
|
|t:|1743812080
|move|p2a: Enamorus|Superpower|p1a: Ting-Lu
|-supereffective|p1a: Ting-Lu
|-damage|p1a: Ting-Lu|44/100
|-boost|p2a: Enamorus|atk|1
|-boost|p2a: Enamorus|def|1
|-damage|p2a: Enamorus|84/100|[from] item: Rocky Helmet|[of] p1a: Ting-Lu
|move|p1a: Ting-Lu|Ruination|p2a: Enamorus
|-damage|p2a: Enamorus|42/100
|
|upkeep
|turn|11
|
|t:|1743812088
|switch|p1a: Gholdengo|Gholdengo|100/100
|move|p2a: Enamorus|Superpower|p1a: Gholdengo
|-immune|p1a: Gholdengo
|
|upkeep
|turn|12
|
|t:|1743812101
|switch|p2a: Uxie|Uxie|58/100
|move|p1a: Gholdengo|Shadow Ball|p2a: Uxie
|-supereffective|p2a: Uxie
|-damage|p2a: Uxie|0 fnt
|faint|p2a: Uxie
|
|upkeep
|
|t:|1743812110
|switch|p2a: Swampert|Swampert, F|100/100
|turn|13
|
|t:|1743812116
|switch|p1a: Okidogi|Okidogi, M|100/100
|move|p2a: Swampert|Knock Off|p1a: Okidogi
|-resisted|p1a: Okidogi
|-damage|p1a: Okidogi|87/100
|-enditem|p1a: Okidogi|Leftovers|[from] move: Knock Off|[of] p2a: Swampert
|
|upkeep
|turn|14
|
|t:|1743812124
|move|p1a: Okidogi|Bulk Up|p1a: Okidogi
|-boost|p1a: Okidogi|atk|1
|-boost|p1a: Okidogi|def|1
|move|p2a: Swampert|Earthquake|p1a: Okidogi
|-supereffective|p1a: Okidogi
|-damage|p1a: Okidogi|35/100
|
|upkeep
|turn|15
|
|t:|1743812130
|move|p1a: Okidogi|Drain Punch|p2a: Swampert
|-damage|p2a: Swampert|57/100
|-heal|p1a: Okidogi|58/100|[from] drain|[of] p2a: Swampert
|move|p2a: Swampert|Earthquake|p1a: Okidogi
|-supereffective|p1a: Okidogi
|-damage|p1a: Okidogi|0 fnt
|faint|p1a: Okidogi
|
|-heal|p2a: Swampert|64/100|[from] item: Leftovers
|upkeep
|
|t:|1743812139
|switch|p1a: Kyurem|Kyurem|100/100
|-ability|p1a: Kyurem|Pressure
|turn|16
|
|t:|1743812142
|move|p1a: Kyurem|Dragon Dance|p1a: Kyurem
|-boost|p1a: Kyurem|atk|1
|-boost|p1a: Kyurem|spe|1
|move|p2a: Swampert|Knock Off|p1a: Kyurem
|-damage|p1a: Kyurem|66/100
|-enditem|p1a: Kyurem|Loaded Dice|[from] move: Knock Off|[of] p2a: Swampert
|
|-heal|p2a: Swampert|70/100|[from] item: Leftovers
|upkeep
|turn|17
|
|t:|1743812151
|move|p1a: Kyurem|Scale Shot|p2a: Swampert|[miss]
|-miss|p1a: Kyurem|p2a: Swampert
|move|p2a: Swampert|Earthquake|p1a: Kyurem
|-damage|p1a: Kyurem|17/100
|
|-heal|p2a: Swampert|76/100|[from] item: Leftovers
|upkeep
|turn|18
|
|t:|1743812160
|move|p1a: Kyurem|Scale Shot|p2a: Swampert
|-damage|p2a: Swampert|58/100
|-damage|p2a: Swampert|41/100
|-damage|p2a: Swampert|23/100
|-hitcount|p2a: Swampert|3
|-unboost|p1a: Kyurem|def|1
|-boost|p1a: Kyurem|spe|1
|move|p2a: Swampert|Earthquake|p1a: Kyurem
|-damage|p1a: Kyurem|0 fnt
|faint|p1a: Kyurem
|
|-heal|p2a: Swampert|29/100|[from] item: Leftovers
|upkeep
|-message|ichigo39 forfeited.
|
|win|noahthebadplayer
|raw|ichigo39's rating: 1215 &rarr; <strong>1187</strong><br />(-28 for losing)
|raw|noahthebadplayer's rating: 1178 &rarr; <strong>1206</strong><br />(+28 for winning)
|l|☆ichigo39
|player|p1|
|l|☆noahthebadplayer
|player|p2|
