|j|☆shupple
|j|☆The black dress
|t:|1743856089
|gametype|singles
|player|p1|shupple|elesa|1231
|player|p2|The black dress|cynthia-gen4|1275
|teamsize|p1|6
|teamsize|p2|6
|gen|9
|tier|[Gen 9] OU
|rated|
|rule|HP Percentage Mod: HP is shown in percentages
|rule|Endless Battle Clause: Forcing endless battles is banned
|rule|Species Clause: Limit one of each Pokémon
|rule|OHKO Clause: OHKO moves are banned
|rule|Evasion Items Clause: Evasion items are banned
|rule|Evasion Moves Clause: Evasion moves are banned
|rule|Sleep Moves Clause: Sleep-inducing moves are banned
|clearpoke
|poke|p1|Bellibolt, M|
|poke|p1|Rillaboom, F|
|poke|p1|Great Tusk|
|poke|p1|Dragapult, F|
|poke|p1|Kingambit, M|
|poke|p1|Cloyster, M|
|poke|p2|Zamazenta-*|
|poke|p2|Iron Valiant|
|poke|p2|Landorus-Therian, M|
|poke|p2|Primarina, F|
|poke|p2|Dragonite, M|
|poke|p2|Slowking-Galar, M|
|teampreview
|inactive|Battle timer is ON: inactive players will automatically lose when time's up. (requested by The black dress)
|
|t:|1743856096
|start
|switch|p1a: Cloyster|Cloyster, M|100/100
|switch|p2a: Landorus|Landorus-Therian, M, shiny|100/100
|-ability|p2a: Landorus|Intimidate|boost
|-unboost|p1a: Cloyster|atk|1
|turn|1
|
|t:|1743856106
|move|p1a: Cloyster|Shell Smash|p1a: Cloyster
|-unboost|p1a: Cloyster|def|1
|-unboost|p1a: Cloyster|spd|1
|-boost|p1a: Cloyster|atk|2
|-boost|p1a: Cloyster|spa|2
|-boost|p1a: Cloyster|spe|2
|move|p2a: Landorus|Taunt|p1a: Cloyster
|-start|p1a: Cloyster|move: Taunt
|
|upkeep
|turn|2
|inactive|The black dress has 120 seconds left.
|inactive|The black dress has 90 seconds left.
|
|t:|1743856168
|switch|p2a: Zamazenta|Zamazenta|100/100
|-ability|p2a: Zamazenta|Dauntless Shield|boost
|-boost|p2a: Zamazenta|def|1
|move|p1a: Cloyster|Icicle Spear|p2a: Zamazenta
|-damage|p2a: Zamazenta|91/100
|-damage|p2a: Zamazenta|82/100
|-damage|p2a: Zamazenta|73/100
|-damage|p2a: Zamazenta|65/100
|-damage|p2a: Zamazenta|57/100
|-hitcount|p2a: Zamazenta|5
|
|upkeep
|turn|3
|inactive|The black dress has 90 seconds left.
|
|t:|1743856183
|move|p1a: Cloyster|Icicle Spear|p2a: Zamazenta
|-damage|p2a: Zamazenta|48/100
|-damage|p2a: Zamazenta|40/100
|-damage|p2a: Zamazenta|32/100
|-damage|p2a: Zamazenta|24/100
|-damage|p2a: Zamazenta|16/100
|-hitcount|p2a: Zamazenta|5
|move|p2a: Zamazenta|Body Press|p1a: Cloyster
|-supereffective|p1a: Cloyster
|-enditem|p1a: Cloyster|Focus Sash
|-damage|p1a: Cloyster|1/100
|
|upkeep
|turn|4
|inactive|The black dress has 90 seconds left.
|
|t:|1743856201
|move|p1a: Cloyster|Icicle Spear|p2a: Zamazenta
|-damage|p2a: Zamazenta|6/100
|-damage|p2a: Zamazenta|0 fnt
|faint|p2a: Zamazenta
|-hitcount|p2: Zamazenta|2
|
|-end|p1a: Cloyster|move: Taunt
|upkeep
|
|t:|1743856216
|switch|p2a: Iron Valiant|Iron Valiant|100/100
|-enditem|p2a: Iron Valiant|Booster Energy
|-activate|p2a: Iron Valiant|ability: Quark Drive|[fromitem]
|-start|p2a: Iron Valiant|quarkdrivespe
|turn|5
|
|t:|1743856226
|move|p2a: Iron Valiant|Moonblast|p1a: Cloyster
|-damage|p1a: Cloyster|0 fnt
|faint|p1a: Cloyster
|
|upkeep
|inactive|shupple has 120 seconds left.
|
|t:|1743856266
|switch|p1a: Rillaboom|Rillaboom, F|100/100
|-fieldstart|move: Grassy Terrain|[from] ability: Grassy Surge|[of] p1a: Rillaboom
|turn|6
|inactive|The black dress has 90 seconds left.
|
|t:|1743856284
|-end|p2a: Iron Valiant|Quark Drive|[silent]
|switch|p2a: Landorus|Landorus-Therian, M, shiny|100/100
|-ability|p2a: Landorus|Intimidate|boost
|-unboost|p1a: Rillaboom|atk|1
|move|p1a: Rillaboom|Wood Hammer|p2a: Landorus
|-damage|p2a: Landorus|51/100
|-damage|p1a: Rillaboom|83/100|[from] Recoil
|-damage|p1a: Rillaboom|73/100|[from] item: Life Orb
|
|-heal|p1a: Rillaboom|79/100|[from] Grassy Terrain
|upkeep
|turn|7
|inactive|shupple has 120 seconds left.
|
|t:|1743856293
|switch|p1a: Great Tusk|Great Tusk|100/100
|move|p2a: Landorus|Taunt|p1a: Great Tusk
|-start|p1a: Great Tusk|move: Taunt
|
|upkeep
|turn|8
|inactive|shupple has 120 seconds left.
|inactive|The black dress has 90 seconds left.
|-message|The black dress forfeited.
|
|win|shupple
|raw|shupple's rating: 1231 &rarr; <strong>1259</strong><br />(+28 for winning)
|raw|The black dress's rating: 1275 &rarr; <strong>1247</strong><br />(-28 for losing)
|l|☆The black dress
|player|p2|
|l|☆shupple
|player|p1|
