|j|☆why clap
|j|☆jatt on a sidewalk
|inactive|Battle timer is ON: inactive players will automatically lose when time's up.
|t:|1743861546
|gametype|singles
|player|p1|why clap|1|
|player|p2|jatt on a sidewalk|rancher|
|teamsize|p1|6
|teamsize|p2|6
|gen|9
|tier|[Gen 9] OU
|rated|Tournament battle
|rule|HP Percentage Mod: HP is shown in percentages
|rule|Endless Battle Clause: Forcing endless battles is banned
|rule|Species Clause: Limit one of each Pokémon
|rule|OHKO Clause: OHKO moves are banned
|rule|Evasion Items Clause: Evasion items are banned
|rule|Evasion Moves Clause: Evasion moves are banned
|rule|Sleep Moves Clause: Sleep-inducing moves are banned
|clearpoke
|poke|p1|Alomomola, F|
|poke|p1|Kyurem|
|poke|p1|Ting-Lu|
|poke|p1|Corviknight, M|
|poke|p1|Weezing-Galar, F|
|poke|p1|Ditto|
|poke|p2|Ogerpon, F|
|poke|p2|Clefable, M|
|poke|p2|Corviknight, F|
|poke|p2|Great Tusk|
|poke|p2|Ting-Lu|
|poke|p2|Darkrai|
|teampreview
|j| u glazin
|c|☆jatt on a sidewalk|hf brodie
|c|☆why clap|Hf
|j| Lavisse
|j| Adoptapet
|l| Lavisse
|inactive|why clap has 120 seconds left.
|j| dawniscute_uwu
|l| u glazin
|
|t:|1743861598
|start
|switch|p1a: Weezing|Weezing-Galar, F|100/100
|switch|p2a: Darkrai|Darkrai|100/100
|-ability|p1a: Weezing|Neutralizing Gas
|turn|1
|j| arnavgupta
|
|t:|1743861605
|switch|p2a: Clefable|Clefable, M|100/100
|-end|p1a: Weezing|ability: Neutralizing Gas
|switch|p1a: Ting-Lu|Ting-Lu|100/100
|-ability|p1a: Ting-Lu|Vessel of Ruin
|
|upkeep
|turn|2
|
|t:|1743861613
|switch|p1a: Weezing|Weezing-Galar, F|100/100
|-ability|p1a: Weezing|Neutralizing Gas
|move|p2a: Clefable|Moonblast|p1a: Weezing
|-resisted|p1a: Weezing
|-crit|p1a: Weezing
|-damage|p1a: Weezing|69/100
|
|-heal|p1a: Weezing|75/100|[from] item: Leftovers
|upkeep
|turn|3
|c|☆why clap|I can tell
|inactive|jatt on a sidewalk has 120 seconds left.
|c|☆why clap|this is gonna be a long long day
|
|t:|1743861649
|-terastallize|p2a: Clefable|Fire
|move|p2a: Clefable|Calm Mind|p2a: Clefable
|-boost|p2a: Clefable|spa|1
|-boost|p2a: Clefable|spd|1
|move|p1a: Weezing|Will-O-Wisp|p2a: Clefable|[miss]
|-miss|p1a: Weezing|p2a: Clefable
|
|-heal|p1a: Weezing|81/100|[from] item: Leftovers
|upkeep
|turn|4
|inactive|jatt on a sidewalk has 120 seconds left.
|inactive|why clap has 120 seconds left.
|
|t:|1743861681
|-end|p1a: Weezing|ability: Neutralizing Gas
|switch|p1a: Ting-Lu|Ting-Lu|100/100
|-ability|p1a: Ting-Lu|Vessel of Ruin
|move|p2a: Clefable|Calm Mind|p2a: Clefable
|-boost|p2a: Clefable|spa|1
|-boost|p2a: Clefable|spd|1
|
|upkeep
|turn|5
|inactive|why clap has 120 seconds left.
|
|t:|1743861692
|-terastallize|p1a: Ting-Lu|Grass
|move|p2a: Clefable|Moonblast|p1a: Ting-Lu
|-damage|p1a: Ting-Lu|73/100
|move|p1a: Ting-Lu|Earthquake|p2a: Clefable
|-supereffective|p2a: Clefable
|-damage|p2a: Clefable|44/100
|
|-heal|p2a: Clefable|50/100|[from] item: Leftovers
|-heal|p1a: Ting-Lu|79/100|[from] item: Leftovers
|upkeep
|turn|6
|
|t:|1743861700
|switch|p2a: Corviknight|Corviknight, F|100/100
|-ability|p2a: Corviknight|Pressure
|move|p1a: Ting-Lu|Earthquake|p2a: Corviknight
|-immune|p2a: Corviknight
|
|-heal|p1a: Ting-Lu|85/100|[from] item: Leftovers
|upkeep
|turn|7
|
|t:|1743861709
|switch|p1a: Alomomola|Alomomola, F|100/100
|move|p2a: Corviknight|U-turn|p1a: Alomomola
|-damage|p1a: Alomomola|92/100
|
|t:|1743861719
|switch|p2a: Clefable|Clefable, M, tera:Fire|50/100|[from] U-turn
|
|-heal|p2a: Clefable|56/100|[from] item: Leftovers
|-heal|p1a: Alomomola|98/100|[from] item: Leftovers
|upkeep
|turn|8
|
|t:|1743861722
|switch|p2a: Corviknight|Corviknight, F|100/100
|-ability|p2a: Corviknight|Pressure
|move|p1a: Alomomola|Flip Turn|p2a: Corviknight
|-damage|p2a: Corviknight|90/100
|
|t:|1743861729
|switch|p1a: Kyurem|Kyurem|100/100|[from] Flip Turn
|-ability|p1a: Kyurem|Pressure
|
|-heal|p2a: Corviknight|96/100|[from] item: Leftovers
|upkeep
|turn|9
|
|t:|1743861734
|move|p1a: Kyurem|Dragon Dance|p1a: Kyurem
|-boost|p1a: Kyurem|atk|1
|-boost|p1a: Kyurem|spe|1
|move|p2a: Corviknight|Iron Defense|p2a: Corviknight
|-boost|p2a: Corviknight|def|2
|
|-heal|p2a: Corviknight|100/100|[from] item: Leftovers
|upkeep
|turn|10
|
|t:|1743861738
|move|p1a: Kyurem|Substitute|p1a: Kyurem
|-start|p1a: Kyurem|Substitute
|-damage|p1a: Kyurem|76/100
|move|p2a: Corviknight|Body Press|p1a: Kyurem
|-supereffective|p1a: Kyurem
|-end|p1a: Kyurem|Substitute
|
|-heal|p1a: Kyurem|82/100|[from] item: Leftovers
|upkeep
|turn|11
|
|t:|1743861741
|move|p1a: Kyurem|Protect|p1a: Kyurem
|-singleturn|p1a: Kyurem|Protect
|move|p2a: Corviknight|Iron Defense|p2a: Corviknight
|-boost|p2a: Corviknight|def|2
|
|-heal|p1a: Kyurem|88/100|[from] item: Leftovers
|upkeep
|turn|12
|
|t:|1743861748
|move|p1a: Kyurem|Substitute|p1a: Kyurem
|-start|p1a: Kyurem|Substitute
|-damage|p1a: Kyurem|63/100
|move|p2a: Corviknight|Body Press|p1a: Kyurem
|-supereffective|p1a: Kyurem
|-end|p1a: Kyurem|Substitute
|
|-heal|p1a: Kyurem|69/100|[from] item: Leftovers
|upkeep
|turn|13
|
|t:|1743861754
|move|p1a: Kyurem|Substitute|p1a: Kyurem
|-start|p1a: Kyurem|Substitute
|-damage|p1a: Kyurem|44/100
|move|p2a: Corviknight|Body Press|p1a: Kyurem
|-supereffective|p1a: Kyurem
|-end|p1a: Kyurem|Substitute
|
|-heal|p1a: Kyurem|51/100|[from] item: Leftovers
|upkeep
|turn|14
|
|t:|1743861760
|move|p1a: Kyurem|Protect|p1a: Kyurem
|-singleturn|p1a: Kyurem|Protect
|move|p2a: Corviknight|Body Press|p1a: Kyurem
|-activate|p1a: Kyurem|move: Protect
|
|-heal|p1a: Kyurem|57/100|[from] item: Leftovers
|upkeep
|turn|15
|
|t:|1743861766
|move|p1a: Kyurem|Substitute|p1a: Kyurem
|-start|p1a: Kyurem|Substitute
|-damage|p1a: Kyurem|32/100
|move|p2a: Corviknight|Body Press|p1a: Kyurem
|-supereffective|p1a: Kyurem
|-end|p1a: Kyurem|Substitute
|
|-heal|p1a: Kyurem|38/100|[from] item: Leftovers
|upkeep
|turn|16
|
|t:|1743861773
|move|p1a: Kyurem|Protect|p1a: Kyurem
|-singleturn|p1a: Kyurem|Protect
|move|p2a: Corviknight|Iron Defense|p2a: Corviknight
|-boost|p2a: Corviknight|def|2
|
|-heal|p1a: Kyurem|44/100|[from] item: Leftovers
|upkeep
|turn|17
|
|t:|1743861793
|move|p1a: Kyurem|Substitute|p1a: Kyurem
|-start|p1a: Kyurem|Substitute
|-damage|p1a: Kyurem|19/100
|move|p2a: Corviknight|Body Press|p1a: Kyurem
|-supereffective|p1a: Kyurem
|-end|p1a: Kyurem|Substitute
|
|-heal|p1a: Kyurem|26/100|[from] item: Leftovers
|upkeep
|turn|18
|
|t:|1743861799
|move|p1a: Kyurem|Protect|p1a: Kyurem
|-singleturn|p1a: Kyurem|Protect
|move|p2a: Corviknight|Iron Defense|p2a: Corviknight
|-boost|p2a: Corviknight|def|0
|
|-heal|p1a: Kyurem|32/100|[from] item: Leftovers
|upkeep
|turn|19
|
|t:|1743861806
|move|p1a: Kyurem|Substitute|p1a: Kyurem
|-start|p1a: Kyurem|Substitute
|-damage|p1a: Kyurem|7/100
|move|p2a: Corviknight|Body Press|p1a: Kyurem
|-supereffective|p1a: Kyurem
|-end|p1a: Kyurem|Substitute
|
|-heal|p1a: Kyurem|13/100|[from] item: Leftovers
|upkeep
|turn|20
|
|t:|1743861809
|move|p1a: Kyurem|Protect|p1a: Kyurem
|-singleturn|p1a: Kyurem|Protect
|move|p2a: Corviknight|Iron Defense|p2a: Corviknight
|-boost|p2a: Corviknight|def|0
|
|-heal|p1a: Kyurem|19/100|[from] item: Leftovers
|upkeep
|turn|21
|
|t:|1743861816
|move|p1a: Kyurem|Protect|p1a: Kyurem
|-singleturn|p1a: Kyurem|Protect
|move|p2a: Corviknight|U-turn|p1a: Kyurem
|-activate|p1a: Kyurem|move: Protect
|
|-heal|p1a: Kyurem|25/100|[from] item: Leftovers
|upkeep
|turn|22
|
|t:|1743861824
|move|p1a: Kyurem|Icicle Spear|p2a: Corviknight
|-damage|p2a: Corviknight|97/100
|-damage|p2a: Corviknight|94/100
|-damage|p2a: Corviknight|91/100
|-damage|p2a: Corviknight|88/100
|-damage|p2a: Corviknight|84/100
|-hitcount|p2a: Corviknight|5
|move|p2a: Corviknight|Body Press|p1a: Kyurem
|-supereffective|p1a: Kyurem
|-damage|p1a: Kyurem|0 fnt
|faint|p1a: Kyurem
|
|-heal|p2a: Corviknight|90/100|[from] item: Leftovers
|upkeep
|c|☆jatt on a sidewalk|???
|
|t:|1743861840
|switch|p1a: Weezing|Weezing-Galar, F|81/100
|-ability|p1a: Weezing|Neutralizing Gas
|turn|23
|
|t:|1743861847
|move|p2a: Corviknight|U-turn|p1a: Weezing
|-resisted|p1a: Weezing
|-damage|p1a: Weezing|78/100
|
|t:|1743861849
|switch|p2a: Clefable|Clefable, M, tera:Fire|56/100|[from] U-turn
|move|p1a: Weezing|Toxic Spikes|p2a: Clefable
|-sidestart|p2: jatt on a sidewalk|move: Toxic Spikes
|
|-heal|p1a: Weezing|84/100|[from] item: Leftovers
|-heal|p2a: Clefable|62/100|[from] item: Leftovers
|upkeep
|turn|24
|
|t:|1743861859
|-end|p1a: Weezing|ability: Neutralizing Gas
|switch|p1a: Ting-Lu|Ting-Lu, tera:Grass|85/100
|-ability|p1a: Ting-Lu|Vessel of Ruin
|move|p2a: Clefable|Moonlight|p2a: Clefable
|-heal|p2a: Clefable|100/100
|
|-heal|p1a: Ting-Lu|92/100|[from] item: Leftovers
|upkeep
|turn|25
|
|t:|1743861864
|switch|p2a: Corviknight|Corviknight, F|90/100
|-ability|p2a: Corviknight|Pressure
|move|p1a: Ting-Lu|Earthquake|p2a: Corviknight
|-immune|p2a: Corviknight
|
|-heal|p2a: Corviknight|96/100|[from] item: Leftovers
|-heal|p1a: Ting-Lu|98/100|[from] item: Leftovers
|upkeep
|turn|26
|
|t:|1743861872
|move|p2a: Corviknight|U-turn|p1a: Ting-Lu
|-supereffective|p1a: Ting-Lu
|-damage|p1a: Ting-Lu|82/100
|
|t:|1743861874
|switch|p2a: Ting-Lu|Ting-Lu|100/100|[from] U-turn
|-status|p2a: Ting-Lu|psn
|-ability|p2a: Ting-Lu|Vessel of Ruin
|move|p1a: Ting-Lu|Ruination|p2a: Ting-Lu
|-damage|p2a: Ting-Lu|50/100 psn
|
|-heal|p1a: Ting-Lu|88/100|[from] item: Leftovers
|-heal|p2a: Ting-Lu|57/100 psn|[from] item: Leftovers
|-damage|p2a: Ting-Lu|44/100 psn|[from] psn
|upkeep
|turn|27
|c|☆why clap|Rest talk?
|
|t:|1743861886
|move|p1a: Ting-Lu|Ruination|p2a: Ting-Lu
|-damage|p2a: Ting-Lu|22/100 psn
|move|p2a: Ting-Lu|Rest|p2a: Ting-Lu
|-status|p2a: Ting-Lu|slp|[from] move: Rest
|-heal|p2a: Ting-Lu|100/100 slp|[silent]
|
|-heal|p1a: Ting-Lu|95/100|[from] item: Leftovers
|upkeep
|turn|28
|c|☆jatt on a sidewalk|I know u seen my sets cuz u werent scared of fire blast clef silly
|
|t:|1743861903
|switch|p1a: Corviknight|Corviknight, M|100/100
|-ability|p1a: Corviknight|Pressure
|switch|p2a: Corviknight|Corviknight, F|96/100
|-ability|p2a: Corviknight|Pressure
|
|-heal|p2a: Corviknight|100/100|[from] item: Leftovers
|upkeep
|turn|29
|c|☆why clap|I was scared
|c|☆jatt on a sidewalk|so you decided to risk ur  tera and ting lu at the same time?
|c|☆jatt on a sidewalk|that's just nonsense!
|inactive|why clap has 120 seconds left.
|l| dawniscute_uwu
|c|☆why clap|Fireblast doesn’t kill even at +2 I think
|c|☆why clap|if yourdefensive
|c|☆why clap|and thats all I need lu for
|inactive|why clap has 90 seconds left.
|c|☆why clap|Oh shit the darkrai
|j| shymor
|c|☆jatt on a sidewalk|not much a 20% ting lu is getting u these days
|
|t:|1743861972
|move|p1a: Corviknight|Body Press|p2a: Corviknight
|-damage|p2a: Corviknight|84/100
|move|p2a: Corviknight|U-turn|p1a: Corviknight
|-resisted|p1a: Corviknight
|-damage|p1a: Corviknight|98/100
|-damage|p2a: Corviknight|67/100|[from] item: Rocky Helmet|[of] p1a: Corviknight
|c|☆why clap|Ye
|
|t:|1743861994
|switch|p2a: Great Tusk|Great Tusk|100/100|[from] U-turn
|-status|p2a: Great Tusk|psn
|
|-damage|p2a: Great Tusk|88/100 psn|[from] psn
|upkeep
|turn|30
|
|t:|1743862001
|move|p2a: Great Tusk|Rapid Spin|p1a: Corviknight
|-resisted|p1a: Corviknight
|-damage|p1a: Corviknight|93/100
|-boost|p2a: Great Tusk|spe|1
|-damage|p2a: Great Tusk|72/100 psn|[from] item: Rocky Helmet|[of] p1a: Corviknight
|-sideend|p2: jatt on a sidewalk|Toxic Spikes|[from] move: Rapid Spin|[of] p2a: Great Tusk
|move|p1a: Corviknight|Body Press|p2a: Great Tusk
|-damage|p2a: Great Tusk|51/100 psn
|-damage|p1a: Corviknight|76/100|[from] item: Rocky Helmet|[of] p2a: Great Tusk
|
|-damage|p2a: Great Tusk|39/100 psn|[from] psn
|upkeep
|turn|31
|l| arnavgupta
|
|t:|1743862008
|move|p2a: Great Tusk|Stealth Rock|p1a: Corviknight
|-sidestart|p1: why clap|move: Stealth Rock
|move|p1a: Corviknight|U-turn|p2a: Great Tusk
|-resisted|p2a: Great Tusk
|-damage|p2a: Great Tusk|33/100 psn
|-damage|p1a: Corviknight|60/100|[from] item: Rocky Helmet|[of] p2a: Great Tusk
|
|t:|1743862014
|switch|p1a: Alomomola|Alomomola, F|100/100|[from] U-turn
|-damage|p1a: Alomomola|88/100|[from] Stealth Rock
|
|-heal|p1a: Alomomola|94/100|[from] item: Leftovers
|-damage|p2a: Great Tusk|21/100 psn|[from] psn
|upkeep
|turn|32
|
|t:|1743862018
|-end|p2a: Great Tusk|Protosynthesis|[silent]
|switch|p2a: Darkrai|Darkrai|100/100
|move|p1a: Alomomola|Flip Turn|p2a: Darkrai
|-damage|p2a: Darkrai|78/100
|
|t:|1743862022
|switch|p1a: Ting-Lu|Ting-Lu, tera:Grass|95/100|[from] Flip Turn
|-damage|p1a: Ting-Lu|82/100|[from] Stealth Rock
|-ability|p1a: Ting-Lu|Vessel of Ruin
|
|-heal|p2a: Darkrai|84/100|[from] item: Leftovers
|-heal|p1a: Ting-Lu|88/100|[from] item: Leftovers
|upkeep
|turn|33
|
|t:|1743862027
|move|p2a: Darkrai|Will-O-Wisp|p1a: Ting-Lu
|-status|p1a: Ting-Lu|brn
|move|p1a: Ting-Lu|Ruination|p2a: Darkrai
|-damage|p2a: Darkrai|42/100
|
|-heal|p2a: Darkrai|48/100|[from] item: Leftovers
|-heal|p1a: Ting-Lu|95/100 brn|[from] item: Leftovers
|-damage|p1a: Ting-Lu|88/100 brn|[from] brn
|upkeep
|turn|34
|
|t:|1743862038
|switch|p2a: Ogerpon|Ogerpon, F|100/100
|move|p1a: Ting-Lu|Rest|p1a: Ting-Lu
|-status|p1a: Ting-Lu|slp|[from] move: Rest
|-heal|p1a: Ting-Lu|100/100 slp|[silent]
|
|upkeep
|turn|35
|
|t:|1743862044
|switch|p1a: Corviknight|Corviknight, M|60/100
|-damage|p1a: Corviknight|48/100|[from] Stealth Rock
|-ability|p1a: Corviknight|Pressure
|move|p2a: Ogerpon|Knock Off|p1a: Corviknight
|-damage|p1a: Corviknight|27/100
|-damage|p2a: Ogerpon|84/100|[from] item: Rocky Helmet|[of] p1a: Corviknight
|-enditem|p1a: Corviknight|Rocky Helmet|[from] move: Knock Off|[of] p2a: Ogerpon
|
|upkeep
|turn|36
|
|t:|1743862052
|move|p2a: Ogerpon|U-turn|p1a: Corviknight
|-resisted|p1a: Corviknight
|-damage|p1a: Corviknight|24/100
|
|t:|1743862054
|switch|p2a: Clefable|Clefable, M, tera:Fire|100/100|[from] U-turn
|move|p1a: Corviknight|Roost|p1a: Corviknight
|-heal|p1a: Corviknight|74/100
|-singleturn|p1a: Corviknight|move: Roost
|
|upkeep
|turn|37
|
|t:|1743862072
|switch|p1a: Ting-Lu|Ting-Lu, tera:Grass|100/100 slp
|-damage|p1a: Ting-Lu|88/100 slp|[from] Stealth Rock
|-ability|p1a: Ting-Lu|Vessel of Ruin
|move|p2a: Clefable|Calm Mind|p2a: Clefable
|-boost|p2a: Clefable|spa|1
|-boost|p2a: Clefable|spd|1
|
|-heal|p1a: Ting-Lu|94/100 slp|[from] item: Leftovers
|upkeep
|turn|38
|
|t:|1743862081
|move|p2a: Clefable|Moonblast|p1a: Ting-Lu
|-damage|p1a: Ting-Lu|74/100 slp
|cant|p1a: Ting-Lu|slp
|move|p1a: Ting-Lu|Sleep Talk|p1a: Ting-Lu
|move|p1a: Ting-Lu|Rest||[from] move: Sleep Talk|[still]
|-fail|p1a: Ting-Lu
|
|-heal|p1a: Ting-Lu|80/100 slp|[from] item: Leftovers
|upkeep
|turn|39
|j| zamnazenta
|
|t:|1743862101
|switch|p2a: Ogerpon|Ogerpon, F|84/100
|cant|p1a: Ting-Lu|slp
|move|p1a: Ting-Lu|Sleep Talk|p1a: Ting-Lu
|move|p1a: Ting-Lu|Ruination|p2a: Ogerpon|[from] move: Sleep Talk
|-damage|p2a: Ogerpon|42/100
|
|-heal|p1a: Ting-Lu|87/100 slp|[from] item: Leftovers
|upkeep
|turn|40
|
|t:|1743862111
|switch|p1a: Weezing|Weezing-Galar, F|84/100
|-ability|p1a: Weezing|Neutralizing Gas
|-damage|p1a: Weezing|72/100|[from] Stealth Rock
|move|p2a: Ogerpon|U-turn|p1a: Weezing
|-resisted|p1a: Weezing
|-damage|p1a: Weezing|68/100
|
|t:|1743862123
|switch|p2a: Clefable|Clefable, M, tera:Fire|100/100|[from] U-turn
|
|-heal|p1a: Weezing|74/100|[from] item: Leftovers
|upkeep
|turn|41
|
|t:|1743862126
|move|p1a: Weezing|Defog|p2a: Clefable
|-unboost|p2a: Clefable|evasion|1
|-sideend|p1: why clap|Stealth Rock|[from] move: Defog|[of] p1a: Weezing
|move|p2a: Clefable|Thunder|p1a: Weezing
|-damage|p1a: Weezing|43/100
|-status|p1a: Weezing|par
|
|-heal|p1a: Weezing|49/100 par|[from] item: Leftovers
|upkeep
|turn|42
|
|t:|1743862138
|-end|p1a: Weezing|ability: Neutralizing Gas
|switch|p1a: Ting-Lu|Ting-Lu, tera:Grass|87/100 slp
|-ability|p1a: Ting-Lu|Vessel of Ruin
|move|p2a: Clefable|Thunder|p1a: Ting-Lu
|-resisted|p1a: Ting-Lu
|-damage|p1a: Ting-Lu|82/100 slp
|
|-heal|p1a: Ting-Lu|88/100 slp|[from] item: Leftovers
|upkeep
|turn|43
|
|t:|1743862144
|switch|p2a: Corviknight|Corviknight, F|67/100
|-ability|p2a: Corviknight|Pressure
|-curestatus|p1a: Ting-Lu|slp|[msg]
|move|p1a: Ting-Lu|Ruination|p2a: Corviknight
|-damage|p2a: Corviknight|34/100
|
|-heal|p2a: Corviknight|40/100|[from] item: Leftovers
|-heal|p1a: Ting-Lu|94/100|[from] item: Leftovers
|upkeep
|turn|44
|
|t:|1743862149
|switch|p1a: Alomomola|Alomomola, F|100/100
|move|p2a: Corviknight|Roost|p2a: Corviknight
|-heal|p2a: Corviknight|90/100
|-singleturn|p2a: Corviknight|move: Roost
|
|-heal|p2a: Corviknight|96/100|[from] item: Leftovers
|upkeep
|turn|45
|l| Adoptapet
|
|t:|1743862160
|move|p2a: Corviknight|U-turn|p1a: Alomomola
|-damage|p1a: Alomomola|93/100
|
|t:|1743862162
|switch|p2a: Darkrai|Darkrai|48/100|[from] U-turn
|move|p1a: Alomomola|Flip Turn|p2a: Darkrai
|-damage|p2a: Darkrai|25/100
|
|t:|1743862172
|switch|p1a: Ditto|Ditto|100/100|[from] Flip Turn
|-transform|p1a: Ditto|p2a: Darkrai|[from] ability: Imposter
|
|-heal|p2a: Darkrai|31/100|[from] item: Leftovers
|upkeep
|turn|46
|
|t:|1743862177
|switch|p2a: Ting-Lu|Ting-Lu|100/100 slp
|-ability|p2a: Ting-Lu|Vessel of Ruin
|move|p1a: Ditto|Sludge Bomb|p2a: Ting-Lu
|-resisted|p2a: Ting-Lu
|-damage|p2a: Ting-Lu|94/100 slp
|
|-heal|p2a: Ting-Lu|99/100 slp|[from] item: Leftovers
|-damage|p2a: Ting-Lu|88/100 slp|[from] ability: Bad Dreams|[of] p1a: Ditto
|upkeep
|turn|47
|
|t:|1743862184
|switch|p1a: Corviknight|Corviknight, M|74/100
|-ability|p1a: Corviknight|Pressure
|switch|p2a: Darkrai|Darkrai|31/100
|
|-heal|p2a: Darkrai|37/100|[from] item: Leftovers
|upkeep
|turn|48
|
|t:|1743862204
|switch|p2a: Clefable|Clefable, M, tera:Fire|100/100
|switch|p1a: Ting-Lu|Ting-Lu, tera:Grass|94/100
|-ability|p1a: Ting-Lu|Vessel of Ruin
|
|-heal|p1a: Ting-Lu|99/100|[from] item: Leftovers
|upkeep
|turn|49
|
|t:|1743862209
|switch|p2a: Corviknight|Corviknight, F|96/100
|-ability|p2a: Corviknight|Pressure
|move|p1a: Ting-Lu|Ruination|p2a: Corviknight
|-damage|p2a: Corviknight|48/100
|
|-heal|p2a: Corviknight|54/100|[from] item: Leftovers
|-heal|p1a: Ting-Lu|100/100|[from] item: Leftovers
|upkeep
|turn|50
|
|t:|1743862219
|move|p2a: Corviknight|Iron Defense|p2a: Corviknight
|-boost|p2a: Corviknight|def|2
|move|p1a: Ting-Lu|Ruination|p2a: Corviknight
|-damage|p2a: Corviknight|28/100
|
|-heal|p2a: Corviknight|34/100|[from] item: Leftovers
|upkeep
|turn|51
|
|t:|1743862230
|switch|p1a: Alomomola|Alomomola, F|100/100
|move|p2a: Corviknight|Roost|p2a: Corviknight
|-heal|p2a: Corviknight|84/100
|-singleturn|p2a: Corviknight|move: Roost
|
|-heal|p2a: Corviknight|90/100|[from] item: Leftovers
|upkeep
|turn|52
|
|t:|1743862233
|move|p2a: Corviknight|U-turn|p1a: Alomomola
|-damage|p1a: Alomomola|93/100
|
|t:|1743862239
|switch|p2a: Ogerpon|Ogerpon, F|42/100|[from] U-turn
|move|p1a: Alomomola|Wish|p1a: Alomomola
|
|-heal|p1a: Alomomola|99/100|[from] item: Leftovers
|upkeep
|turn|53
|
|t:|1743862246
|switch|p1a: Weezing|Weezing-Galar, F|49/100 par
|-ability|p1a: Weezing|Neutralizing Gas
|move|p2a: Ogerpon|Knock Off|p1a: Weezing
|-resisted|p1a: Weezing
|-damage|p1a: Weezing|38/100 par
|-enditem|p1a: Weezing|Leftovers|[from] move: Knock Off|[of] p2a: Ogerpon
|
|-heal|p1a: Weezing|100/100 par|[from] move: Wish|[wisher] Alomomola
|upkeep
|turn|54
|
|t:|1743862253
|move|p2a: Ogerpon|U-turn|p1a: Weezing
|-resisted|p1a: Weezing
|-damage|p1a: Weezing|97/100 par
|
|t:|1743862257
|switch|p2a: Clefable|Clefable, M, tera:Fire|100/100|[from] U-turn
|move|p1a: Weezing|Toxic Spikes|p2a: Clefable
|-sidestart|p2: jatt on a sidewalk|move: Toxic Spikes
|
|upkeep
|turn|55
|j| N0AH__123__
|
|t:|1743862276
|switch|p2a: Corviknight|Corviknight, F|90/100
|-end|p1a: Weezing|ability: Neutralizing Gas
|-ability|p2a: Corviknight|Pressure
|switch|p1a: Ting-Lu|Ting-Lu, tera:Grass|100/100
|-ability|p1a: Ting-Lu|Vessel of Ruin
|
|-heal|p2a: Corviknight|96/100|[from] item: Leftovers
|upkeep
|turn|56
|
|t:|1743862288
|move|p2a: Corviknight|U-turn|p1a: Ting-Lu
|-supereffective|p1a: Ting-Lu
|-damage|p1a: Ting-Lu|85/100
|
|t:|1743862293
|switch|p2a: Ting-Lu|Ting-Lu|88/100 slp|[from] U-turn
|-ability|p2a: Ting-Lu|Vessel of Ruin
|move|p1a: Ting-Lu|Ruination|p2a: Ting-Lu
|-damage|p2a: Ting-Lu|44/100 slp
|
|-heal|p1a: Ting-Lu|91/100|[from] item: Leftovers
|-heal|p2a: Ting-Lu|50/100 slp|[from] item: Leftovers
|upkeep
|turn|57
|
|t:|1743862301
|move|p1a: Ting-Lu|Ruination|p2a: Ting-Lu
|-damage|p2a: Ting-Lu|26/100 slp
|cant|p2a: Ting-Lu|slp
|move|p2a: Ting-Lu|Sleep Talk|p2a: Ting-Lu
|move|p2a: Ting-Lu|Rest||[from] move: Sleep Talk|[still]
|-fail|p2a: Ting-Lu
|
|-heal|p1a: Ting-Lu|97/100|[from] item: Leftovers
|-heal|p2a: Ting-Lu|32/100 slp|[from] item: Leftovers
|upkeep
|turn|58
|
|t:|1743862312
|switch|p2a: Corviknight|Corviknight, F|96/100
|-ability|p2a: Corviknight|Pressure
|move|p1a: Ting-Lu|Earthquake|p2a: Corviknight
|-immune|p2a: Corviknight
|
|-heal|p2a: Corviknight|100/100|[from] item: Leftovers
|-heal|p1a: Ting-Lu|100/100|[from] item: Leftovers
|upkeep
|turn|59
|
|t:|1743862320
|switch|p1a: Corviknight|Corviknight, M|74/100
|-ability|p1a: Corviknight|Pressure
|move|p2a: Corviknight|Iron Defense|p2a: Corviknight
|-boost|p2a: Corviknight|def|2
|
|upkeep
|turn|60
|
|t:|1743862326
|move|p1a: Corviknight|Body Press|p2a: Corviknight
|-damage|p2a: Corviknight|93/100
|move|p2a: Corviknight|U-turn|p1a: Corviknight
|-resisted|p1a: Corviknight
|-damage|p1a: Corviknight|72/100
|
|t:|1743862332
|switch|p2a: Ting-Lu|Ting-Lu|32/100 slp|[from] U-turn
|-ability|p2a: Ting-Lu|Vessel of Ruin
|
|-heal|p2a: Ting-Lu|38/100 slp|[from] item: Leftovers
|upkeep
|turn|61
|
|t:|1743862336
|switch|p2a: Corviknight|Corviknight, F|93/100
|-ability|p2a: Corviknight|Pressure
|move|p1a: Corviknight|Body Press|p2a: Corviknight
|-damage|p2a: Corviknight|78/100
|
|-heal|p2a: Corviknight|84/100|[from] item: Leftovers
|upkeep
|turn|62
|
|t:|1743862339
|move|p1a: Corviknight|U-turn|p2a: Corviknight
|-resisted|p2a: Corviknight
|-damage|p2a: Corviknight|82/100
|
|t:|1743862344
|switch|p1a: Weezing|Weezing-Galar, F|97/100 par|[from] U-turn
|-ability|p1a: Weezing|Neutralizing Gas
|move|p2a: Corviknight|U-turn|p1a: Weezing
|-resisted|p1a: Weezing
|-damage|p1a: Weezing|94/100 par
|
|t:|1743862350
|switch|p2a: Ting-Lu|Ting-Lu|38/100 slp|[from] U-turn
|
|-heal|p2a: Ting-Lu|44/100 slp|[from] item: Leftovers
|upkeep
|turn|63
|
|t:|1743862366
|cant|p2a: Ting-Lu|slp
|move|p2a: Ting-Lu|Sleep Talk|p2a: Ting-Lu
|move|p2a: Ting-Lu|Earthquake|p1a: Weezing|[from] move: Sleep Talk
|-supereffective|p1a: Weezing
|-damage|p1a: Weezing|41/100 par
|move|p1a: Weezing|Strange Steam|p2a: Ting-Lu
|-supereffective|p2a: Ting-Lu
|-damage|p2a: Ting-Lu|15/100 slp
|
|-heal|p2a: Ting-Lu|21/100 slp|[from] item: Leftovers
|upkeep
|turn|64
|
|t:|1743862377
|-end|p1a: Weezing|ability: Neutralizing Gas
|-ability|p2a: Ting-Lu|Vessel of Ruin
|switch|p1a: Corviknight|Corviknight, M|72/100
|-ability|p1a: Corviknight|Pressure
|-curestatus|p2a: Ting-Lu|slp|[msg]
|move|p2a: Ting-Lu|Rest|p2a: Ting-Lu
|-status|p2a: Ting-Lu|slp|[from] move: Rest
|-heal|p2a: Ting-Lu|100/100 slp|[silent]
|
|upkeep
|turn|65
|
|t:|1743862384
|switch|p2a: Corviknight|Corviknight, F|82/100
|-ability|p2a: Corviknight|Pressure
|move|p1a: Corviknight|U-turn|p2a: Corviknight
|-resisted|p2a: Corviknight
|-damage|p2a: Corviknight|80/100
|
|t:|1743862387
|switch|p1a: Alomomola|Alomomola, F|100/100|[from] U-turn
|
|-heal|p2a: Corviknight|86/100|[from] item: Leftovers
|upkeep
|turn|66
|l| N0AH__123__
|j| Punfy
|inactive|jatt on a sidewalk has 120 seconds left.
|
|t:|1743862419
|move|p2a: Corviknight|Iron Defense|p2a: Corviknight
|-boost|p2a: Corviknight|def|2
|move|p1a: Alomomola|Wish|p1a: Alomomola
|
|-heal|p2a: Corviknight|92/100|[from] item: Leftovers
|upkeep
|turn|67
|
|t:|1743862424
|move|p2a: Corviknight|Iron Defense|p2a: Corviknight
|-boost|p2a: Corviknight|def|2
|move|p1a: Alomomola|Flip Turn|p2a: Corviknight
|-damage|p2a: Corviknight|89/100
|
|t:|1743862426
|switch|p1a: Weezing|Weezing-Galar, F|41/100 par|[from] Flip Turn
|-ability|p1a: Weezing|Neutralizing Gas
|
|-heal|p1a: Weezing|100/100 par|[from] move: Wish|[wisher] Alomomola
|-heal|p2a: Corviknight|95/100|[from] item: Leftovers
|upkeep
|turn|68
|
|t:|1743862436
|move|p2a: Corviknight|U-turn|p1a: Weezing
|-resisted|p1a: Weezing
|-damage|p1a: Weezing|98/100 par
|
|t:|1743862439
|switch|p2a: Ting-Lu|Ting-Lu|100/100 slp|[from] U-turn
|move|p1a: Weezing|Will-O-Wisp||[still]
|-fail|p1a: Weezing
|
|upkeep
|turn|69
|
|t:|1743862458
|-end|p1a: Weezing|ability: Neutralizing Gas
|-ability|p2a: Ting-Lu|Vessel of Ruin
|switch|p1a: Corviknight|Corviknight, M|72/100
|-ability|p1a: Corviknight|Pressure
|cant|p2a: Ting-Lu|slp
|
|upkeep
|turn|70
|
|t:|1743862476
|switch|p2a: Corviknight|Corviknight, F|95/100
|-ability|p2a: Corviknight|Pressure
|move|p1a: Corviknight|U-turn|p2a: Corviknight
|-resisted|p2a: Corviknight
|-damage|p2a: Corviknight|93/100
|
|t:|1743862480
|switch|p1a: Weezing|Weezing-Galar, F|98/100 par|[from] U-turn
|-ability|p1a: Weezing|Neutralizing Gas
|
|-heal|p2a: Corviknight|99/100|[from] item: Leftovers
|upkeep
|turn|71
|
|t:|1743862486
|switch|p2a: Ting-Lu|Ting-Lu|100/100 slp
|move|p1a: Weezing|Will-O-Wisp|p2a: Ting-Lu|[miss]
|-miss|p1a: Weezing|p2a: Ting-Lu
|
|upkeep
|turn|72
|
|t:|1743862501
|-end|p1a: Weezing|ability: Neutralizing Gas
|-ability|p2a: Ting-Lu|Vessel of Ruin
|switch|p1a: Corviknight|Corviknight, M|72/100
|-ability|p1a: Corviknight|Pressure
|cant|p2a: Ting-Lu|slp
|
|upkeep
|turn|73
|
|t:|1743862511
|move|p1a: Corviknight|Body Press|p2a: Ting-Lu
|-supereffective|p2a: Ting-Lu
|-damage|p2a: Ting-Lu|74/100 slp
|-curestatus|p2a: Ting-Lu|slp|[msg]
|move|p2a: Ting-Lu|Earthquake|p1a: Corviknight
|-immune|p1a: Corviknight
|
|-heal|p2a: Ting-Lu|80/100|[from] item: Leftovers
|upkeep
|turn|74
|
|t:|1743862516
|switch|p2a: Corviknight|Corviknight, F|99/100
|-ability|p2a: Corviknight|Pressure
|move|p1a: Corviknight|U-turn|p2a: Corviknight
|-resisted|p2a: Corviknight
|-damage|p2a: Corviknight|97/100
|
|t:|1743862523
|switch|p1a: Weezing|Weezing-Galar, F|98/100 par|[from] U-turn
|-ability|p1a: Weezing|Neutralizing Gas
|
|-heal|p2a: Corviknight|100/100|[from] item: Leftovers
|upkeep
|turn|75
|
|t:|1743862529
|switch|p2a: Ting-Lu|Ting-Lu|80/100
|-status|p2a: Ting-Lu|psn
|cant|p1a: Weezing|par
|
|-heal|p2a: Ting-Lu|86/100 psn|[from] item: Leftovers
|-damage|p2a: Ting-Lu|74/100 psn|[from] psn
|upkeep
|turn|76
|inactive|jatt on a sidewalk has 120 seconds left.
|
|t:|1743862562
|-end|p1a: Weezing|ability: Neutralizing Gas
|-ability|p2a: Ting-Lu|Vessel of Ruin
|switch|p1a: Corviknight|Corviknight, M|72/100
|-ability|p1a: Corviknight|Pressure
|move|p2a: Ting-Lu|Earthquake|p1a: Corviknight
|-immune|p1a: Corviknight
|
|-heal|p2a: Ting-Lu|80/100 psn|[from] item: Leftovers
|-damage|p2a: Ting-Lu|67/100 psn|[from] psn
|upkeep
|turn|77
|inactive|jatt on a sidewalk has 120 seconds left.
|
|t:|1743862573
|move|p1a: Corviknight|U-turn|p2a: Ting-Lu
|-supereffective|p2a: Ting-Lu
|-damage|p2a: Ting-Lu|53/100 psn
|j| sgt. unicorn
|
|t:|1743862583
|switch|p1a: Ting-Lu|Ting-Lu, tera:Grass|100/100|[from] U-turn
|-ability|p1a: Ting-Lu|Vessel of Ruin
|move|p2a: Ting-Lu|Rest|p2a: Ting-Lu
|-status|p2a: Ting-Lu|slp|[from] move: Rest
|-heal|p2a: Ting-Lu|100/100 slp|[silent]
|
|upkeep
|turn|78
|
|t:|1743862586
|move|p1a: Ting-Lu|Ruination|p2a: Ting-Lu
|-damage|p2a: Ting-Lu|50/100 slp
|cant|p2a: Ting-Lu|slp
|move|p2a: Ting-Lu|Sleep Talk|p2a: Ting-Lu
|move|p2a: Ting-Lu|Earthquake|p1a: Ting-Lu|[from] move: Sleep Talk
|-resisted|p1a: Ting-Lu
|-damage|p1a: Ting-Lu|91/100
|
|-heal|p1a: Ting-Lu|97/100|[from] item: Leftovers
|-heal|p2a: Ting-Lu|57/100 slp|[from] item: Leftovers
|upkeep
|turn|79
|
|t:|1743862592
|move|p1a: Ting-Lu|Ruination|p2a: Ting-Lu
|-damage|p2a: Ting-Lu|29/100 slp
|cant|p2a: Ting-Lu|slp
|move|p2a: Ting-Lu|Sleep Talk|p2a: Ting-Lu
|move|p2a: Ting-Lu|Payback|p1a: Ting-Lu|[from] move: Sleep Talk
|-damage|p1a: Ting-Lu|75/100
|
|-heal|p1a: Ting-Lu|81/100|[from] item: Leftovers
|-heal|p2a: Ting-Lu|35/100 slp|[from] item: Leftovers
|upkeep
|turn|80
|
|t:|1743862602
|switch|p1a: Corviknight|Corviknight, M|72/100
|-ability|p1a: Corviknight|Pressure
|-curestatus|p2a: Ting-Lu|slp|[msg]
|move|p2a: Ting-Lu|Rest|p2a: Ting-Lu
|-status|p2a: Ting-Lu|slp|[from] move: Rest
|-heal|p2a: Ting-Lu|100/100 slp|[silent]
|
|upkeep
|turn|81
|l| sgt. unicorn
|
|t:|1743862618
|switch|p2a: Corviknight|Corviknight, F|100/100
|-ability|p2a: Corviknight|Pressure
|move|p1a: Corviknight|U-turn|p2a: Corviknight
|-resisted|p2a: Corviknight
|-damage|p2a: Corviknight|98/100
|
|t:|1743862624
|switch|p1a: Weezing|Weezing-Galar, F|98/100 par|[from] U-turn
|-ability|p1a: Weezing|Neutralizing Gas
|
|-heal|p2a: Corviknight|100/100|[from] item: Leftovers
|upkeep
|turn|82
|c|☆why clap|Peak gameplay
|c|☆jatt on a sidewalk|ye
|inactive|why clap has 120 seconds left.
|c|☆jatt on a sidewalk|I killed a pokemon so I'm cooler
|c|☆why clap|:(
|c|☆why clap|Well I uhh…
|c|☆jatt on a sidewalk|pp stalled body press?
|c|☆jatt on a sidewalk|not cool.
|c|☆why clap|Chipped your tusk!
|c|☆why clap|yes
|j| Adoptapet
|inactive|why clap has 90 seconds left.
|c|☆why clap|chipped your tusk
|c| Adoptapet|82 turns
|c|☆jatt on a sidewalk|that's not chipped
|c| Adoptapet|T-T
|
|t:|1743862685
|switch|p2a: Ting-Lu|Ting-Lu|100/100 slp
|-end|p1a: Weezing|ability: Neutralizing Gas
|-ability|p2a: Ting-Lu|Vessel of Ruin
|switch|p1a: Alomomola|Alomomola, F|100/100
|
|upkeep
|turn|83
|l| Adoptapet
|c|☆jatt on a sidewalk|don't use emoticons in my battle
|c|☆jatt on a sidewalk|novice
|
|t:|1743862694
|switch|p2a: Corviknight|Corviknight, F|100/100
|-ability|p2a: Corviknight|Pressure
|switch|p1a: Corviknight|Corviknight, M|72/100
|-ability|p1a: Corviknight|Pressure
|
|upkeep
|turn|84
|c|☆why clap|Lol
|
|t:|1743862711
|switch|p2a: Ting-Lu|Ting-Lu|100/100 slp
|-ability|p2a: Ting-Lu|Vessel of Ruin
|switch|p1a: Weezing|Weezing-Galar, F|98/100 par
|-ability|p1a: Weezing|Neutralizing Gas
|
|upkeep
|turn|85
|
|t:|1743862721
|-end|p1a: Weezing|ability: Neutralizing Gas
|-ability|p2a: Ting-Lu|Vessel of Ruin
|switch|p1a: Corviknight|Corviknight, M|72/100
|-ability|p1a: Corviknight|Pressure
|cant|p2a: Ting-Lu|slp
|
|upkeep
|turn|86
|
|t:|1743862734
|switch|p1a: Alomomola|Alomomola, F|100/100
|cant|p2a: Ting-Lu|slp
|move|p2a: Ting-Lu|Sleep Talk|p2a: Ting-Lu
|move|p2a: Ting-Lu|Payback|p1a: Alomomola|[from] move: Sleep Talk
|-damage|p1a: Alomomola|90/100
|
|-heal|p1a: Alomomola|96/100|[from] item: Leftovers
|upkeep
|turn|87
|c|☆jatt on a sidewalk|10%
|inactive|why clap has 60 seconds left.
|c|☆jatt on a sidewalk|remember that
|
|t:|1743862748
|switch|p2a: Corviknight|Corviknight, F|100/100
|-ability|p2a: Corviknight|Pressure
|move|p1a: Alomomola|Flip Turn|p2a: Corviknight
|-damage|p2a: Corviknight|90/100
|c|☆why clap|Aight
|inactive|why clap has 60 seconds left.
|
|t:|1743862767
|switch|p1a: Weezing|Weezing-Galar, F|98/100 par|[from] Flip Turn
|-ability|p1a: Weezing|Neutralizing Gas
|
|-heal|p2a: Corviknight|96/100|[from] item: Leftovers
|upkeep
|turn|88
|c|☆jatt on a sidewalk|starting to think I should've saved my tera for my wincon
|j| Lavisse
|inactive|jatt on a sidewalk has 120 seconds left.
|
|t:|1743862784
|switch|p2a: Ting-Lu|Ting-Lu|100/100 slp
|move|p1a: Weezing|Strange Steam|p2a: Ting-Lu
|-supereffective|p2a: Ting-Lu
|-damage|p2a: Ting-Lu|68/100 slp
|
|-heal|p2a: Ting-Lu|74/100 slp|[from] item: Leftovers
|upkeep
|turn|89
|inactive|jatt on a sidewalk has 120 seconds left.
|c|☆why clap|Both of our wincons are nonexistent
|j| Adoptapet
|j| sgt. unicorn
|c|☆jatt on a sidewalk|darkrai was
|
|t:|1743862807
|switch|p2a: Great Tusk|Great Tusk|21/100 psn
|-end|p1a: Weezing|ability: Neutralizing Gas
|switch|p1a: Corviknight|Corviknight, M|72/100
|-ability|p1a: Corviknight|Pressure
|
|-damage|p2a: Great Tusk|8/100 psn|[from] psn
|upkeep
|turn|90
|c|☆jatt on a sidewalk|existent
|inactive|jatt on a sidewalk has 120 seconds left.
|
|t:|1743862813
|move|p2a: Great Tusk|Rapid Spin|p1a: Corviknight
|-resisted|p1a: Corviknight
|-damage|p1a: Corviknight|66/100
|-boost|p2a: Great Tusk|spe|1
|-sideend|p2: jatt on a sidewalk|Toxic Spikes|[from] move: Rapid Spin|[of] p2a: Great Tusk
|move|p1a: Corviknight|U-turn|p2a: Great Tusk
|-resisted|p2a: Great Tusk
|-damage|p2a: Great Tusk|3/100 psn
|-damage|p1a: Corviknight|50/100|[from] item: Rocky Helmet|[of] p2a: Great Tusk
|
|t:|1743862817
|switch|p1a: Weezing|Weezing-Galar, F|98/100 par|[from] U-turn
|-ability|p1a: Weezing|Neutralizing Gas
|
|-damage|p2a: Great Tusk|0 fnt|[from] psn
|faint|p2a: Great Tusk
|-end|p2a: Great Tusk|Protosynthesis|[silent]
|upkeep
|c|☆jatt on a sidewalk|good job tusk.
|l| sgt. unicorn
|j| Electric win
|c|☆jatt on a sidewalk|proud of you
|l| Electric win
|inactive|jatt on a sidewalk has 120 seconds left.
|c|☆why clap|Type shit
|c| zamnazenta|shit
|
|t:|1743862852
|switch|p2a: Darkrai|Darkrai|37/100
|turn|91
|
|t:|1743862859
|move|p2a: Darkrai|Sludge Bomb|p1a: Weezing
|-damage|p1a: Weezing|57/100 par
|move|p1a: Weezing|Strange Steam|p2a: Darkrai
|-supereffective|p2a: Darkrai
|-damage|p2a: Darkrai|0 fnt
|faint|p2a: Darkrai
|
|upkeep
|
|t:|1743862865
|switch|p2a: Ting-Lu|Ting-Lu|74/100 slp
|turn|92
|
|t:|1743862871
|switch|p2a: Clefable|Clefable, M, tera:Fire|100/100
|-end|p1a: Weezing|ability: Neutralizing Gas
|switch|p1a: Alomomola|Alomomola, F|100/100
|
|upkeep
|turn|93
|
|t:|1743862878
|move|p2a: Clefable|Calm Mind|p2a: Clefable
|-boost|p2a: Clefable|spa|1
|-boost|p2a: Clefable|spd|1
|move|p1a: Alomomola|Wish|p1a: Alomomola
|
|upkeep
|turn|94
|
|t:|1743862884
|switch|p1a: Ting-Lu|Ting-Lu, tera:Grass|81/100
|-ability|p1a: Ting-Lu|Vessel of Ruin
|move|p2a: Clefable|Thunder|p1a: Ting-Lu
|-resisted|p1a: Ting-Lu
|-damage|p1a: Ting-Lu|74/100
|-status|p1a: Ting-Lu|par
|
|-heal|p1a: Ting-Lu|100/100 par|[from] move: Wish|[wisher] Alomomola
|upkeep
|turn|95
|
|t:|1743862895
|switch|p2a: Corviknight|Corviknight, F|96/100
|-ability|p2a: Corviknight|Pressure
|move|p1a: Ting-Lu|Earthquake|p2a: Corviknight
|-immune|p2a: Corviknight
|
|-heal|p2a: Corviknight|100/100|[from] item: Leftovers
|upkeep
|turn|96
|
|t:|1743862902
|switch|p2a: Clefable|Clefable, M, tera:Fire|100/100
|switch|p1a: Alomomola|Alomomola, F|100/100
|
|upkeep
|turn|97
|
|t:|1743862906
|move|p2a: Clefable|Calm Mind|p2a: Clefable
|-boost|p2a: Clefable|spa|1
|-boost|p2a: Clefable|spd|1
|move|p1a: Alomomola|Flip Turn|p2a: Clefable
|-supereffective|p2a: Clefable
|-damage|p2a: Clefable|78/100
|
|t:|1743862909
|switch|p1a: Ting-Lu|Ting-Lu, tera:Grass|100/100 par|[from] Flip Turn
|-ability|p1a: Ting-Lu|Vessel of Ruin
|
|-heal|p2a: Clefable|84/100|[from] item: Leftovers
|upkeep
|turn|98
|
|t:|1743862912
|switch|p2a: Corviknight|Corviknight, F|100/100
|-ability|p2a: Corviknight|Pressure
|cant|p1a: Ting-Lu|par
|
|upkeep
|turn|99
|c|☆jatt on a sidewalk|dont para
|
|t:|1743862921
|switch|p2a: Clefable|Clefable, M, tera:Fire|84/100
|switch|p1a: Alomomola|Alomomola, F|100/100
|
|-heal|p2a: Clefable|90/100|[from] item: Leftovers
|upkeep
|turn|100
|
|t:|1743862925
|switch|p1a: Ting-Lu|Ting-Lu, tera:Grass|100/100 par
|-ability|p1a: Ting-Lu|Vessel of Ruin
|move|p2a: Clefable|Calm Mind|p2a: Clefable
|-boost|p2a: Clefable|spa|1
|-boost|p2a: Clefable|spd|1
|
|-heal|p2a: Clefable|96/100|[from] item: Leftovers
|upkeep
|turn|101
|
|t:|1743862931
|move|p2a: Clefable|Thunder|p1a: Ting-Lu
|-resisted|p1a: Ting-Lu
|-damage|p1a: Ting-Lu|93/100 par
|cant|p1a: Ting-Lu|par
|
|-heal|p2a: Clefable|100/100|[from] item: Leftovers
|-heal|p1a: Ting-Lu|99/100 par|[from] item: Leftovers
|upkeep
|turn|102
|
|t:|1743862935
|switch|p2a: Corviknight|Corviknight, F|100/100
|-ability|p2a: Corviknight|Pressure
|move|p1a: Ting-Lu|Rest|p1a: Ting-Lu
|-status|p1a: Ting-Lu|slp|[from] move: Rest
|-heal|p1a: Ting-Lu|100/100 slp|[silent]
|
|upkeep
|turn|103
|
|t:|1743862941
|switch|p2a: Clefable|Clefable, M, tera:Fire|100/100
|switch|p1a: Alomomola|Alomomola, F|100/100
|
|upkeep
|turn|104
|c|☆why clap|100 turns
|c|☆jatt on a sidewalk|thnk u
|inactive|why clap has 90 seconds left.
|
|t:|1743862948
|move|p2a: Clefable|Calm Mind|p2a: Clefable
|-boost|p2a: Clefable|spa|1
|-boost|p2a: Clefable|spd|1
|move|p1a: Alomomola|Flip Turn|p2a: Clefable
|-supereffective|p2a: Clefable
|-damage|p2a: Clefable|76/100
|
|t:|1743862949
|switch|p1a: Ting-Lu|Ting-Lu, tera:Grass|100/100 slp|[from] Flip Turn
|-ability|p1a: Ting-Lu|Vessel of Ruin
|
|-heal|p2a: Clefable|82/100|[from] item: Leftovers
|upkeep
|turn|105
|l| Adoptapet
|c|☆why clap|Feel bad for the finals guy
|inactive|why clap has 90 seconds left.
|c|☆jatt on a sidewalk|let him suffer
|c|☆why clap|Yes
|c|☆why clap|let him know that this is a harsh workd
|c|☆why clap|World*
|
|t:|1743862989
|move|p2a: Clefable|Calm Mind|p2a: Clefable
|-boost|p2a: Clefable|spa|1
|-boost|p2a: Clefable|spd|1
|cant|p1a: Ting-Lu|slp
|
|-heal|p2a: Clefable|88/100|[from] item: Leftovers
|upkeep
|turn|106
|
|t:|1743862999
|move|p2a: Clefable|Calm Mind|p2a: Clefable
|-boost|p2a: Clefable|spa|1
|-boost|p2a: Clefable|spd|1
|cant|p1a: Ting-Lu|slp
|move|p1a: Ting-Lu|Sleep Talk|p1a: Ting-Lu
|move|p1a: Ting-Lu|Ruination|p2a: Clefable|[from] move: Sleep Talk
|-damage|p2a: Clefable|44/100
|
|-heal|p2a: Clefable|50/100|[from] item: Leftovers
|upkeep
|turn|107
|
|t:|1743863006
|switch|p2a: Corviknight|Corviknight, F|100/100
|-ability|p2a: Corviknight|Pressure
|-curestatus|p1a: Ting-Lu|slp|[msg]
|move|p1a: Ting-Lu|Earthquake|p2a: Corviknight
|-immune|p2a: Corviknight
|
|upkeep
|turn|108
|
|t:|1743863018
|switch|p1a: Alomomola|Alomomola, F|100/100
|move|p2a: Corviknight|Iron Defense|p2a: Corviknight
|-boost|p2a: Corviknight|def|2
|
|upkeep
|turn|109
|
|t:|1743863023
|move|p2a: Corviknight|U-turn|p1a: Alomomola
|-damage|p1a: Alomomola|93/100
|
|t:|1743863024
|switch|p2a: Ting-Lu|Ting-Lu|74/100 slp|[from] U-turn
|-ability|p2a: Ting-Lu|Vessel of Ruin
|move|p1a: Alomomola|Wish|p1a: Alomomola
|
|-heal|p2a: Ting-Lu|80/100 slp|[from] item: Leftovers
|-heal|p1a: Alomomola|99/100|[from] item: Leftovers
|upkeep
|turn|110
|
|t:|1743863032
|-curestatus|p2a: Ting-Lu|slp|[msg]
|move|p2a: Ting-Lu|Earthquake|p1a: Alomomola
|-damage|p1a: Alomomola|79/100
|move|p1a: Alomomola|Flip Turn|p2a: Ting-Lu
|-supereffective|p2a: Ting-Lu
|-damage|p2a: Ting-Lu|64/100
|
|t:|1743863036
|switch|p1a: Weezing|Weezing-Galar, F|57/100 par|[from] Flip Turn
|-ability|p1a: Weezing|Neutralizing Gas
|
|-heal|p1a: Weezing|100/100 par|[from] move: Wish|[wisher] Alomomola
|-heal|p2a: Ting-Lu|70/100|[from] item: Leftovers
|upkeep
|turn|111
|
|t:|1743863039
|move|p2a: Ting-Lu|Earthquake|p1a: Weezing
|-supereffective|p1a: Weezing
|-damage|p1a: Weezing|49/100 par
|cant|p1a: Weezing|par
|
|-heal|p2a: Ting-Lu|76/100|[from] item: Leftovers
|upkeep
|turn|112
|
|t:|1743863045
|switch|p2a: Clefable|Clefable, M, tera:Fire|50/100
|-end|p1a: Weezing|ability: Neutralizing Gas
|switch|p1a: Alomomola|Alomomola, F|100/100
|
|-heal|p2a: Clefable|56/100|[from] item: Leftovers
|upkeep
|turn|113
|
|t:|1743863051
|move|p2a: Clefable|Moonlight|p2a: Clefable
|-heal|p2a: Clefable|100/100
|move|p1a: Alomomola|Flip Turn|p2a: Clefable
|-supereffective|p2a: Clefable
|-damage|p2a: Clefable|76/100
|
|t:|1743863053
|switch|p1a: Ting-Lu|Ting-Lu, tera:Grass|100/100|[from] Flip Turn
|-ability|p1a: Ting-Lu|Vessel of Ruin
|
|-heal|p2a: Clefable|82/100|[from] item: Leftovers
|upkeep
|turn|114
|
|t:|1743863056
|switch|p2a: Corviknight|Corviknight, F|100/100
|-ability|p2a: Corviknight|Pressure
|move|p1a: Ting-Lu|Ruination|p2a: Corviknight
|-damage|p2a: Corviknight|51/100
|
|-heal|p2a: Corviknight|57/100|[from] item: Leftovers
|upkeep
|turn|115
|
|t:|1743863067
|switch|p1a: Weezing|Weezing-Galar, F|49/100 par
|-ability|p1a: Weezing|Neutralizing Gas
|move|p2a: Corviknight|U-turn|p1a: Weezing
|-resisted|p1a: Weezing
|-crit|p1a: Weezing
|-damage|p1a: Weezing|46/100 par
|
|t:|1743863069
|switch|p2a: Ting-Lu|Ting-Lu|76/100|[from] U-turn
|
|-heal|p2a: Ting-Lu|82/100|[from] item: Leftovers
|upkeep
|turn|116
|
|t:|1743863072
|switch|p2a: Clefable|Clefable, M, tera:Fire|82/100
|-end|p1a: Weezing|ability: Neutralizing Gas
|switch|p1a: Corviknight|Corviknight, M|50/100
|-ability|p1a: Corviknight|Pressure
|
|-heal|p2a: Clefable|88/100|[from] item: Leftovers
|upkeep
|turn|117
|
|t:|1743863077
|switch|p1a: Ting-Lu|Ting-Lu, tera:Grass|100/100
|-ability|p1a: Ting-Lu|Vessel of Ruin
|move|p2a: Clefable|Calm Mind|p2a: Clefable
|-boost|p2a: Clefable|spa|1
|-boost|p2a: Clefable|spd|1
|
|-heal|p2a: Clefable|94/100|[from] item: Leftovers
|upkeep
|turn|118
|
|t:|1743863082
|switch|p2a: Corviknight|Corviknight, F|57/100
|-ability|p2a: Corviknight|Pressure
|move|p1a: Ting-Lu|Sleep Talk||[still]
|-fail|p1a: Ting-Lu
|
|-heal|p2a: Corviknight|63/100|[from] item: Leftovers
|upkeep
|turn|119
|
|t:|1743863089
|switch|p2a: Clefable|Clefable, M, tera:Fire|94/100
|switch|p1a: Alomomola|Alomomola, F|100/100
|
|-heal|p2a: Clefable|99/100|[from] item: Leftovers
|upkeep
|turn|120
|
|t:|1743863098
|move|p2a: Clefable|Thunder|p1a: Alomomola|[miss]
|-miss|p2a: Clefable|p1a: Alomomola
|move|p1a: Alomomola|Body Slam|p2a: Clefable
|-damage|p2a: Clefable|88/100
|
|-heal|p2a: Clefable|94/100|[from] item: Leftovers
|upkeep
|turn|121
|c|☆jatt on a sidewalk|hey what the hell clefable
|
|t:|1743863107
|move|p2a: Clefable|Calm Mind|p2a: Clefable
|-boost|p2a: Clefable|spa|1
|-boost|p2a: Clefable|spd|1
|move|p1a: Alomomola|Body Slam|p2a: Clefable
|-damage|p2a: Clefable|81/100
|-status|p2a: Clefable|par
|
|-heal|p2a: Clefable|87/100 par|[from] item: Leftovers
|upkeep
|turn|122
|c|☆jatt on a sidewalk|wow
|
|t:|1743863114
|switch|p1a: Ting-Lu|Ting-Lu, tera:Grass|100/100
|-ability|p1a: Ting-Lu|Vessel of Ruin
|cant|p2a: Clefable|par
|
|-heal|p2a: Clefable|93/100 par|[from] item: Leftovers
|upkeep
|turn|123
|c|☆why clap|Actually I want you to use your moves
|
|t:|1743863122
|switch|p2a: Corviknight|Corviknight, F|63/100
|-ability|p2a: Corviknight|Pressure
|move|p1a: Ting-Lu|Sleep Talk||[still]
|-fail|p1a: Ting-Lu
|
|-heal|p2a: Corviknight|69/100|[from] item: Leftovers
|upkeep
|turn|124
|c|☆jatt on a sidewalk|but u clicked body slam
|c|☆why clap|My mistake
|
|t:|1743863140
|switch|p2a: Clefable|Clefable, M, tera:Fire|93/100 par
|switch|p1a: Alomomola|Alomomola, F|100/100
|
|-heal|p2a: Clefable|99/100 par|[from] item: Leftovers
|upkeep
|turn|125
|c|☆jatt on a sidewalk|now I'm slower than alo
|j| jibreel69
|c| zamnazenta|is it not magic guard
|
|t:|1743863152
|switch|p1a: Ting-Lu|Ting-Lu, tera:Grass|100/100
|-ability|p1a: Ting-Lu|Vessel of Ruin
|move|p2a: Clefable|Calm Mind|p2a: Clefable
|-boost|p2a: Clefable|spa|1
|-boost|p2a: Clefable|spd|1
|
|-heal|p2a: Clefable|100/100 par|[from] item: Leftovers
|upkeep
|turn|126
|c|☆jatt on a sidewalk|and u cant pass to weezing if I'm +1
|
|t:|1743863159
|switch|p2a: Corviknight|Corviknight, F|69/100
|-ability|p2a: Corviknight|Pressure
|move|p1a: Ting-Lu|Sleep Talk||[still]
|-fail|p1a: Ting-Lu
|
|-heal|p2a: Corviknight|75/100|[from] item: Leftovers
|upkeep
|turn|127
|c|☆jatt on a sidewalk|it's magic guard
|c|☆why clap|If Im asleep
|c| zamnazenta|ah
|c|☆jatt on a sidewalk|if he gets up tspikes
|c|☆why clap|it doesn’t deduct pp
|inactive|why clap has 120 seconds left.
|c| jibreel69|holy stalls
|c|☆jatt on a sidewalk|he cant n gas my
|c| jibreel69|haram game
|c|☆why clap|Holy shit I fucked up
|c|☆jatt on a sidewalk|this is cinema
|
|t:|1743863196
|switch|p2a: Clefable|Clefable, M, tera:Fire|100/100 par
|switch|p1a: Alomomola|Alomomola, F|100/100
|
|upkeep
|turn|128
|c|☆jatt on a sidewalk|if you dont have the attention span to keep up with 2 geniuses then just sa so
|
|t:|1743863207
|switch|p1a: Ting-Lu|Ting-Lu, tera:Grass|100/100
|-ability|p1a: Ting-Lu|Vessel of Ruin
|move|p2a: Clefable|Calm Mind|p2a: Clefable
|-boost|p2a: Clefable|spa|1
|-boost|p2a: Clefable|spd|1
|
|upkeep
|turn|129
|
|t:|1743863219
|switch|p1a: Alomomola|Alomomola, F|100/100
|move|p2a: Clefable|Calm Mind|p2a: Clefable
|-boost|p2a: Clefable|spa|1
|-boost|p2a: Clefable|spd|1
|
|upkeep
|turn|130
|
|t:|1743863227
|switch|p1a: Ting-Lu|Ting-Lu, tera:Grass|100/100
|-ability|p1a: Ting-Lu|Vessel of Ruin
|move|p2a: Clefable|Calm Mind|p2a: Clefable
|-boost|p2a: Clefable|spa|1
|-boost|p2a: Clefable|spd|1
|
|upkeep
|turn|131
|
|t:|1743863232
|switch|p2a: Corviknight|Corviknight, F|75/100
|-ability|p2a: Corviknight|Pressure
|move|p1a: Ting-Lu|Rest|p1a: Ting-Lu
|-fail|p1a: Ting-Lu|heal
|
|-heal|p2a: Corviknight|81/100|[from] item: Leftovers
|upkeep
|turn|132
|c| jibreel69|bruh
|c| zamnazenta|isnt alomo side just completely losing now
|l| Punfy
|c|☆why clap|Wait im full
|inactive|why clap has 90 seconds left.
|c|☆jatt on a sidewalk|yes
|
|t:|1743863253
|switch|p2a: Clefable|Clefable, M, tera:Fire|100/100 par
|move|p1a: Ting-Lu|Rest|p1a: Ting-Lu
|-fail|p1a: Ting-Lu|heal
|
|upkeep
|turn|133
|c|☆jatt on a sidewalk|im keeping u full
|c|☆jatt on a sidewalk|so u cant reserve pp
|c| jibreel69|bro said 2 geniuses
|
|t:|1743863267
|switch|p2a: Corviknight|Corviknight, F|81/100
|-ability|p2a: Corviknight|Pressure
|move|p1a: Ting-Lu|Earthquake|p2a: Corviknight
|-immune|p2a: Corviknight
|
|-heal|p2a: Corviknight|87/100|[from] item: Leftovers
|upkeep
|turn|134
|c| zamnazenta|insane strats
|c|☆jatt on a sidewalk|one genius
|
|t:|1743863277
|switch|p2a: Clefable|Clefable, M, tera:Fire|100/100 par
|switch|p1a: Alomomola|Alomomola, F|100/100
|
|upkeep
|turn|135
|c| zamnazenta|2 more earthquakes and its over
|c|☆jatt on a sidewalk|can u forfeit man
|c|☆why clap|Hmm
|inactive|jatt on a sidewalk has 120 seconds left.
|c|☆why clap|i’ll think about it
|
|t:|1743863297
|switch|p1a: Weezing|Weezing-Galar, F|46/100 par
|-ability|p1a: Weezing|Neutralizing Gas
|move|p2a: Clefable|Calm Mind|p2a: Clefable
|-boost|p2a: Clefable|spa|1
|-boost|p2a: Clefable|spd|1
|
|upkeep
|turn|136
|c|☆jatt on a sidewalk|alright
|inactive|jatt on a sidewalk has 120 seconds left.
|c|☆jatt on a sidewalk|get back to me in 5-10 business turns
|
|t:|1743863306
|-end|p1a: Weezing|ability: Neutralizing Gas
|switch|p1a: Ting-Lu|Ting-Lu, tera:Grass|100/100
|-ability|p1a: Ting-Lu|Vessel of Ruin
|move|p2a: Clefable|Calm Mind|p2a: Clefable
|-boost|p2a: Clefable|spa|1
|-boost|p2a: Clefable|spd|1
|
|upkeep
|turn|137
|
|t:|1743863316
|move|p1a: Ting-Lu|Sleep Talk||[still]
|-fail|p1a: Ting-Lu
|move|p2a: Clefable|Calm Mind|p2a: Clefable
|-boost|p2a: Clefable|spa|1
|-boost|p2a: Clefable|spd|1
|
|upkeep
|turn|138
|
|t:|1743863328
|move|p1a: Ting-Lu|Ruination|p2a: Clefable
|-damage|p2a: Clefable|50/100 par
|cant|p2a: Clefable|par
|
|-heal|p2a: Clefable|57/100 par|[from] item: Leftovers
|upkeep
|turn|139
|
|t:|1743863337
|switch|p1a: Weezing|Weezing-Galar, F|46/100 par
|-ability|p1a: Weezing|Neutralizing Gas
|switch|p2a: Corviknight|Corviknight, F|87/100
|
|-heal|p2a: Corviknight|93/100|[from] item: Leftovers
|upkeep
|turn|140
|
|t:|1743863341
|switch|p2a: Clefable|Clefable, M, tera:Fire|57/100 par
|move|p1a: Weezing|Toxic Spikes|p2a: Clefable
|-sidestart|p2: jatt on a sidewalk|move: Toxic Spikes
|
|-heal|p2a: Clefable|63/100 par|[from] item: Leftovers
|upkeep
|turn|141
|c|☆why clap|Aight thats progress
|inactive|why clap has 60 seconds left.
|c|☆jatt on a sidewalk|what does tspikes do
|
|t:|1743863359
|-end|p1a: Weezing|ability: Neutralizing Gas
|switch|p1a: Alomomola|Alomomola, F|100/100
|move|p2a: Clefable|Moonlight|p2a: Clefable
|-heal|p2a: Clefable|100/100 par
|
|upkeep
|turn|142
|c| zamnazenta|it only affects oger
|inactive|why clap has 60 seconds left.
|c|☆why clap|Oger is hdb
|c|☆jatt on a sidewalk|im boots oger
|c|☆why clap|so idrk
|c|☆jatt on a sidewalk|it does nothing
|c|☆jatt on a sidewalk|cuz he parad me
|c| zamnazenta|tspikes literally does nothing then
|j| N0AH__123__
|inactive|jatt on a sidewalk has 120 seconds left.
|
|t:|1743863385
|move|p1a: Alomomola|Flip Turn|p2a: Clefable
|-supereffective|p2a: Clefable
|-damage|p2a: Clefable|75/100 par
|
|t:|1743863388
|switch|p1a: Ting-Lu|Ting-Lu, tera:Grass|100/100|[from] Flip Turn
|-ability|p1a: Ting-Lu|Vessel of Ruin
|cant|p2a: Clefable|par
|
|-heal|p2a: Clefable|81/100 par|[from] item: Leftovers
|upkeep
|turn|143
|c| zamnazenta|shouldve kept kyurem alive fr
|inactive|jatt on a sidewalk has 120 seconds left.
|c|☆jatt on a sidewalk|yeah but idbp corvi 6-0s him kinda
|c|☆jatt on a sidewalk|so it wasnt an awful trade
|
|t:|1743863410
|switch|p1a: Alomomola|Alomomola, F|100/100
|switch|p2a: Ting-Lu|Ting-Lu|82/100
|-status|p2a: Ting-Lu|psn
|-ability|p2a: Ting-Lu|Vessel of Ruin
|
|-heal|p2a: Ting-Lu|88/100 psn|[from] item: Leftovers
|-damage|p2a: Ting-Lu|76/100 psn|[from] psn
|upkeep
|turn|144
|c| zamnazenta|ah
|c|☆why clap|Fire clef just kinda checks kyu
|c|☆why clap|so it wasn’t worth keeping it
|c|☆jatt on a sidewalk|now that I look at it
|inactive|jatt on a sidewalk has 90 seconds left.
|c|☆jatt on a sidewalk|tspikes make it so he can never deny my ting lu rest
|
|t:|1743863440
|switch|p2a: Corviknight|Corviknight, F|93/100
|-ability|p2a: Corviknight|Pressure
|move|p1a: Alomomola|Wish|p1a: Alomomola
|
|-heal|p2a: Corviknight|99/100|[from] item: Leftovers
|upkeep
|turn|145
|c|☆jatt on a sidewalk|yippee
|inactive|jatt on a sidewalk has 90 seconds left.
|c|☆why clap|So smart
|
|t:|1743863448
|switch|p1a: Corviknight|Corviknight, M|50/100
|-ability|p1a: Corviknight|Pressure
|move|p2a: Corviknight|Iron Defense|p2a: Corviknight
|-boost|p2a: Corviknight|def|2
|
|-heal|p1a: Corviknight|100/100|[from] move: Wish|[wisher] Alomomola
|-heal|p2a: Corviknight|100/100|[from] item: Leftovers
|upkeep
|turn|146
|inactive|jatt on a sidewalk has 90 seconds left.
|c|☆why clap|im just a cowardly HO player
|c|☆why clap|trying semi-stall for the first time
|inactive|why clap has 30 seconds left.
|c|☆jatt on a sidewalk|yeah bro why u pull up to me with this ho team
|c|☆jatt on a sidewalk|I use honest balance
|
|t:|1743863472
|switch|p1a: Alomomola|Alomomola, F|100/100
|move|p2a: Corviknight|U-turn|p1a: Alomomola
|-damage|p1a: Alomomola|93/100
|inactive|why clap has 30 seconds left this turn.
|j| Adoptapet
|inactive|jatt on a sidewalk has 90 seconds left.
|
|t:|1743863479
|switch|p2a: Clefable|Clefable, M, tera:Fire|81/100 par|[from] U-turn
|
|-heal|p1a: Alomomola|99/100|[from] item: Leftovers
|-heal|p2a: Clefable|87/100 par|[from] item: Leftovers
|upkeep
|turn|147
|inactive|why clap has 30 seconds left.
|
|t:|1743863489
|move|p1a: Alomomola|Wish|p1a: Alomomola
|move|p2a: Clefable|Calm Mind|p2a: Clefable
|-boost|p2a: Clefable|spa|1
|-boost|p2a: Clefable|spd|1
|
|-heal|p1a: Alomomola|100/100|[from] item: Leftovers
|-heal|p2a: Clefable|93/100 par|[from] item: Leftovers
|upkeep
|turn|148
|inactive|why clap has 30 seconds left this turn.
|
|t:|1743863496
|switch|p1a: Weezing|Weezing-Galar, F|46/100 par
|-ability|p1a: Weezing|Neutralizing Gas
|move|p2a: Clefable|Thunder|p1a: Weezing|[miss]
|-miss|p2a: Clefable|p1a: Weezing
|
|-heal|p1a: Weezing|100/100 par|[from] move: Wish|[wisher] Alomomola
|-heal|p2a: Clefable|99/100 par|[from] item: Leftovers
|upkeep
|turn|149
|inactive|why clap has 30 seconds left.
|c|☆jatt on a sidewalk|unfortunate
|c|☆why clap|Ooo im lucky
|inactive|jatt on a sidewalk has 90 seconds left.
|
|t:|1743863510
|-end|p1a: Weezing|ability: Neutralizing Gas
|switch|p1a: Ting-Lu|Ting-Lu, tera:Grass|100/100
|-ability|p1a: Ting-Lu|Vessel of Ruin
|cant|p2a: Clefable|par
|
|-heal|p2a: Clefable|100/100 par|[from] item: Leftovers
|upkeep
|turn|150
|inactive|why clap has 30 seconds left this turn.
|c| Adoptapet|fissure ting liu trust
|
|t:|1743863517
|switch|p1a: Ditto|Ditto|100/100
|-transform|p1a: Ditto|p2a: Clefable|[from] ability: Imposter
|move|p2a: Clefable|Calm Mind|p2a: Clefable
|-boost|p2a: Clefable|spa|1
|-boost|p2a: Clefable|spd|1
|
|upkeep
|turn|151
|inactive|why clap has 30 seconds left this turn.
|inactive|why clap has 20 seconds left.
|inactive|jatt on a sidewalk has 90 seconds left.
|inactive|why clap has 15 seconds left.
|c|☆why clap|I think this ditto got inf pp
|
|t:|1743863535
|move|p1a: Ditto|Thunder|p2a: Clefable
|-damage|p2a: Clefable|83/100 par
|cant|p2a: Clefable|par
|
|-heal|p2a: Clefable|89/100 par|[from] item: Leftovers
|upkeep
|turn|152
|inactive|why clap has 20 seconds left this turn.
|inactive|why clap has 15 seconds left.
|
|t:|1743863541
|switch|p1a: Ting-Lu|Ting-Lu, tera:Grass|100/100
|-ability|p1a: Ting-Lu|Vessel of Ruin
|move|p2a: Clefable|Calm Mind|p2a: Clefable
|-boost|p2a: Clefable|spa|1
|-boost|p2a: Clefable|spd|1
|
|-heal|p2a: Clefable|95/100 par|[from] item: Leftovers
|upkeep
|turn|153
|inactive|why clap has 20 seconds left this turn.
|
|t:|1743863550
|switch|p1a: Ditto|Ditto|100/100
|-transform|p1a: Ditto|p2a: Clefable|[from] ability: Imposter
|move|p2a: Clefable|Calm Mind|p2a: Clefable
|-boost|p2a: Clefable|spa|1
|-boost|p2a: Clefable|spd|1
|
|-heal|p2a: Clefable|100/100 par|[from] item: Leftovers
|upkeep
|turn|154
|inactive|why clap has 25 seconds left this turn.
|
|t:|1743863557
|switch|p1a: Ting-Lu|Ting-Lu, tera:Grass|100/100
|-ability|p1a: Ting-Lu|Vessel of Ruin
|move|p2a: Clefable|Calm Mind|p2a: Clefable
|-boost|p2a: Clefable|spa|1
|-boost|p2a: Clefable|spd|1
|
|upkeep
|turn|155
|inactive|why clap has 30 seconds left this turn.
|
|t:|1743863564
|move|p1a: Ting-Lu|Earthquake|p2a: Clefable
|-supereffective|p2a: Clefable
|-damage|p2a: Clefable|39/100 par
|move|p2a: Clefable|Moonblast|p1a: Ting-Lu
|-damage|p1a: Ting-Lu|53/100
|-unboost|p1a: Ting-Lu|spa|1
|
|-heal|p1a: Ting-Lu|59/100|[from] item: Leftovers
|-heal|p2a: Clefable|45/100 par|[from] item: Leftovers
|upkeep
|turn|156
|inactive|why clap has 30 seconds left.
|
|t:|1743863575
|switch|p2a: Corviknight|Corviknight, F|100/100
|-ability|p2a: Corviknight|Pressure
|move|p1a: Ting-Lu|Rest|p1a: Ting-Lu
|-status|p1a: Ting-Lu|slp|[from] move: Rest
|-heal|p1a: Ting-Lu|100/100 slp|[silent]
|
|upkeep
|turn|157
|inactive|why clap has 30 seconds left this turn.
|
|t:|1743863584
|switch|p1a: Weezing|Weezing-Galar, F|100/100 par
|-ability|p1a: Weezing|Neutralizing Gas
|move|p2a: Corviknight|U-turn|p1a: Weezing
|-resisted|p1a: Weezing
|-damage|p1a: Weezing|98/100 par
|inactive|why clap has 30 seconds left this turn.
|
|t:|1743863586
|switch|p2a: Clefable|Clefable, M, tera:Fire|45/100 par|[from] U-turn
|
|-heal|p2a: Clefable|51/100 par|[from] item: Leftovers
|upkeep
|turn|158
|inactive|why clap has 30 seconds left.
|
|t:|1743863594
|-end|p1a: Weezing|ability: Neutralizing Gas
|switch|p1a: Ting-Lu|Ting-Lu, tera:Grass|100/100 slp
|-ability|p1a: Ting-Lu|Vessel of Ruin
|move|p2a: Clefable|Moonlight|p2a: Clefable
|-heal|p2a: Clefable|100/100 par
|
|upkeep
|turn|159
|inactive|why clap has 30 seconds left.
|
|t:|1743863602
|switch|p2a: Corviknight|Corviknight, F|100/100
|-ability|p2a: Corviknight|Pressure
|cant|p1a: Ting-Lu|slp
|move|p1a: Ting-Lu|Sleep Talk|p1a: Ting-Lu
|move|p1a: Ting-Lu|Ruination|p2a: Corviknight|[from] move: Sleep Talk
|-damage|p2a: Corviknight|51/100
|
|-heal|p2a: Corviknight|57/100|[from] item: Leftovers
|upkeep
|turn|160
|
|t:|1743863611
|switch|p1a: Corviknight|Corviknight, M|100/100
|-ability|p1a: Corviknight|Pressure
|move|p2a: Corviknight|Roost|p2a: Corviknight
|-heal|p2a: Corviknight|100/100
|-singleturn|p2a: Corviknight|move: Roost
|
|upkeep
|turn|161
|
|t:|1743863614
|move|p2a: Corviknight|U-turn|p1a: Corviknight
|-resisted|p1a: Corviknight
|-damage|p1a: Corviknight|98/100
|
|t:|1743863616
|switch|p2a: Clefable|Clefable, M, tera:Fire|100/100 par|[from] U-turn
|move|p1a: Corviknight|Defog|p2a: Clefable
|-unboost|p2a: Clefable|evasion|1
|-sideend|p2: jatt on a sidewalk|Toxic Spikes|[from] move: Defog|[of] p1a: Corviknight
|
|upkeep
|turn|162
|c|☆why clap|There no more tspikes
|
|t:|1743863623
|switch|p1a: Ting-Lu|Ting-Lu, tera:Grass|100/100 slp
|-ability|p1a: Ting-Lu|Vessel of Ruin
|switch|p2a: Corviknight|Corviknight, F|100/100
|-ability|p2a: Corviknight|Pressure
|
|upkeep
|turn|163
|inactive|jatt on a sidewalk has 120 seconds left.
|
|t:|1743863631
|switch|p2a: Ting-Lu|Ting-Lu|76/100 psn
|-ability|p2a: Ting-Lu|Vessel of Ruin
|switch|p1a: Weezing|Weezing-Galar, F|98/100 par
|-ability|p1a: Weezing|Neutralizing Gas
|
|-heal|p2a: Ting-Lu|82/100 psn|[from] item: Leftovers
|-damage|p2a: Ting-Lu|70/100 psn|[from] psn
|upkeep
|turn|164
|c|☆jatt on a sidewalk|interesting
|inactive|jatt on a sidewalk has 120 seconds left.
|
|t:|1743863641
|switch|p2a: Ogerpon|Ogerpon, F|42/100
|-end|p1a: Weezing|ability: Neutralizing Gas
|switch|p1a: Corviknight|Corviknight, M|98/100
|-ability|p1a: Corviknight|Pressure
|
|upkeep
|turn|165
|
|t:|1743863650
|move|p2a: Ogerpon|U-turn|p1a: Corviknight
|-resisted|p1a: Corviknight
|-damage|p1a: Corviknight|95/100
|
|t:|1743863652
|switch|p2a: Corviknight|Corviknight, F|100/100|[from] U-turn
|-ability|p2a: Corviknight|Pressure
|move|p1a: Corviknight|U-turn|p2a: Corviknight
|-resisted|p2a: Corviknight
|-damage|p2a: Corviknight|98/100
|inactive|why clap has 30 seconds left.
|c|☆jatt on a sidewalk|I love pocket monst
|c|☆why clap|You don’t know what goes on in the mind of a HO player
|inactive|why clap has 20 seconds left.
|c|☆why clap|playing fat
|
|t:|1743863674
|switch|p1a: Weezing|Weezing-Galar, F|98/100 par|[from] U-turn
|-ability|p1a: Weezing|Neutralizing Gas
|
|-heal|p2a: Corviknight|100/100|[from] item: Leftovers
|upkeep
|turn|166
|inactive|why clap has 25 seconds left this turn.
|c|☆jatt on a sidewalk|I don't like HO
|
|t:|1743863679
|-end|p1a: Weezing|ability: Neutralizing Gas
|-ability|p2a: Corviknight|Pressure
|switch|p1a: Corviknight|Corviknight, M|95/100
|-ability|p1a: Corviknight|Pressure
|move|p2a: Corviknight|U-turn|p1a: Corviknight
|-resisted|p1a: Corviknight
|-damage|p1a: Corviknight|93/100
|inactive|why clap has 25 seconds left this turn.
|c|☆why clap|I love Ho
|
|t:|1743863683
|switch|p2a: Clefable|Clefable, M, tera:Fire|100/100 par|[from] U-turn
|
|upkeep
|turn|167
|inactive|why clap has 30 seconds left this turn.
|inactive|jatt on a sidewalk has 120 seconds left.
|
|t:|1743863694
|switch|p1a: Ting-Lu|Ting-Lu, tera:Grass|100/100 slp
|-ability|p1a: Ting-Lu|Vessel of Ruin
|move|p2a: Clefable|Calm Mind|p2a: Clefable
|-boost|p2a: Clefable|spa|1
|-boost|p2a: Clefable|spd|1
|
|upkeep
|turn|168
|inactive|why clap has 30 seconds left this turn.
|inactive|why clap has 20 seconds left.
|inactive|why clap has 15 seconds left.
|inactive|why clap has 10 seconds left.
|
|t:|1743863714
|switch|p2a: Corviknight|Corviknight, F|100/100
|-ability|p2a: Corviknight|Pressure
|cant|p1a: Ting-Lu|slp
|move|p1a: Ting-Lu|Sleep Talk|p1a: Ting-Lu
|move|p1a: Ting-Lu|Earthquake|p2a: Corviknight|[from] move: Sleep Talk
|-immune|p2a: Corviknight
|
|upkeep
|turn|169
|inactive|why clap has 15 seconds left this turn.
|
|t:|1743863726
|switch|p2a: Clefable|Clefable, M, tera:Fire|100/100 par
|switch|p1a: Weezing|Weezing-Galar, F|98/100 par
|-ability|p1a: Weezing|Neutralizing Gas
|
|upkeep
|turn|170
|inactive|why clap has 15 seconds left this turn.
|
|t:|1743863739
|switch|p2a: Corviknight|Corviknight, F|100/100
|-end|p1a: Weezing|ability: Neutralizing Gas
|-ability|p2a: Corviknight|Pressure
|switch|p1a: Ting-Lu|Ting-Lu, tera:Grass|100/100 slp
|-ability|p1a: Ting-Lu|Vessel of Ruin
|
|upkeep
|turn|171
|inactive|why clap has 20 seconds left this turn.
|inactive|why clap has 15 seconds left.
|
|t:|1743863748
|switch|p2a: Clefable|Clefable, M, tera:Fire|100/100 par
|switch|p1a: Weezing|Weezing-Galar, F|98/100 par
|-ability|p1a: Weezing|Neutralizing Gas
|
|upkeep
|turn|172
|inactive|why clap has 15 seconds left this turn.
|inactive|why clap has 10 seconds left.
|
|t:|1743863757
|-end|p1a: Weezing|ability: Neutralizing Gas
|switch|p1a: Ting-Lu|Ting-Lu, tera:Grass|100/100 slp
|-ability|p1a: Ting-Lu|Vessel of Ruin
|cant|p2a: Clefable|par
|
|upkeep
|turn|173
|inactive|why clap has 15 seconds left this turn.
|
|t:|1743863761
|switch|p1a: Weezing|Weezing-Galar, F|98/100 par
|-ability|p1a: Weezing|Neutralizing Gas
|move|p2a: Clefable|Calm Mind|p2a: Clefable
|-boost|p2a: Clefable|spa|1
|-boost|p2a: Clefable|spd|1
|
|upkeep
|turn|174
|inactive|why clap has 15 seconds left this turn.
|
|t:|1743863766
|-end|p1a: Weezing|ability: Neutralizing Gas
|switch|p1a: Ting-Lu|Ting-Lu, tera:Grass|100/100 slp
|-ability|p1a: Ting-Lu|Vessel of Ruin
|move|p2a: Clefable|Calm Mind|p2a: Clefable
|-boost|p2a: Clefable|spa|1
|-boost|p2a: Clefable|spd|1
|
|upkeep
|turn|175
|inactive|why clap has 20 seconds left this turn.
|
|t:|1743863772
|-curestatus|p1a: Ting-Lu|slp|[msg]
|move|p1a: Ting-Lu|Sleep Talk||[still]
|-fail|p1a: Ting-Lu
|move|p2a: Clefable|Calm Mind|p2a: Clefable
|-boost|p2a: Clefable|spa|1
|-boost|p2a: Clefable|spd|1
|
|upkeep
|turn|176
|inactive|why clap has 20 seconds left this turn.
|inactive|why clap has 15 seconds left.
|
|t:|1743863778
|switch|p1a: Weezing|Weezing-Galar, F|98/100 par
|-ability|p1a: Weezing|Neutralizing Gas
|move|p2a: Clefable|Moonlight|p2a: Clefable
|-fail|p2a: Clefable|heal
|
|upkeep
|turn|177
|inactive|why clap has 20 seconds left this turn.
|
|t:|1743863783
|-end|p1a: Weezing|ability: Neutralizing Gas
|switch|p1a: Ting-Lu|Ting-Lu, tera:Grass|100/100
|-ability|p1a: Ting-Lu|Vessel of Ruin
|move|p2a: Clefable|Calm Mind|p2a: Clefable
|-boost|p2a: Clefable|spa|1
|-boost|p2a: Clefable|spd|1
|
|upkeep
|turn|178
|inactive|why clap has 20 seconds left this turn.
|
|t:|1743863787
|move|p1a: Ting-Lu|Earthquake|p2a: Clefable
|-supereffective|p2a: Clefable
|-damage|p2a: Clefable|49/100 par
|cant|p2a: Clefable|par
|
|-heal|p2a: Clefable|55/100 par|[from] item: Leftovers
|upkeep
|turn|179
|inactive|why clap has 25 seconds left this turn.
|inactive|why clap has 20 seconds left.
|
|t:|1743863795
|switch|p1a: Weezing|Weezing-Galar, F|98/100 par
|-ability|p1a: Weezing|Neutralizing Gas
|switch|p2a: Corviknight|Corviknight, F|100/100
|
|upkeep
|turn|180
|inactive|why clap has 20 seconds left this turn.
|c| Adoptapet|my eyes
|
|t:|1743863799
|switch|p2a: Clefable|Clefable, M, tera:Fire|55/100 par
|-end|p1a: Weezing|ability: Neutralizing Gas
|switch|p1a: Ting-Lu|Ting-Lu, tera:Grass|100/100
|-ability|p1a: Ting-Lu|Vessel of Ruin
|
|-heal|p2a: Clefable|61/100 par|[from] item: Leftovers
|upkeep
|turn|181
|inactive|why clap has 25 seconds left this turn.
|inactive|why clap has 20 seconds left.
|
|t:|1743863807
|switch|p1a: Weezing|Weezing-Galar, F|98/100 par
|-ability|p1a: Weezing|Neutralizing Gas
|switch|p2a: Corviknight|Corviknight, F|100/100
|
|upkeep
|turn|182
|inactive|why clap has 20 seconds left this turn.
|inactive|why clap has 15 seconds left.
|
|t:|1743863813
|switch|p2a: Clefable|Clefable, M, tera:Fire|61/100 par
|-end|p1a: Weezing|ability: Neutralizing Gas
|switch|p1a: Ting-Lu|Ting-Lu, tera:Grass|100/100
|-ability|p1a: Ting-Lu|Vessel of Ruin
|
|-heal|p2a: Clefable|67/100 par|[from] item: Leftovers
|upkeep
|turn|183
|inactive|why clap has 20 seconds left this turn.
|
|t:|1743863821
|switch|p1a: Weezing|Weezing-Galar, F|98/100 par
|-ability|p1a: Weezing|Neutralizing Gas
|switch|p2a: Corviknight|Corviknight, F|100/100
|
|upkeep
|turn|184
|inactive|why clap has 20 seconds left this turn.
|
|t:|1743863824
|switch|p2a: Clefable|Clefable, M, tera:Fire|67/100 par
|-end|p1a: Weezing|ability: Neutralizing Gas
|switch|p1a: Ting-Lu|Ting-Lu, tera:Grass|100/100
|-ability|p1a: Ting-Lu|Vessel of Ruin
|
|-heal|p2a: Clefable|73/100 par|[from] item: Leftovers
|upkeep
|turn|185
|inactive|why clap has 25 seconds left this turn.
|
|t:|1743863830
|switch|p1a: Weezing|Weezing-Galar, F|98/100 par
|-ability|p1a: Weezing|Neutralizing Gas
|cant|p2a: Clefable|par
|
|-heal|p2a: Clefable|79/100 par|[from] item: Leftovers
|upkeep
|turn|186
|inactive|why clap has 25 seconds left this turn.
|inactive|why clap has 20 seconds left.
|
|t:|1743863836
|move|p2a: Clefable|Calm Mind|p2a: Clefable
|-boost|p2a: Clefable|spa|1
|-boost|p2a: Clefable|spd|1
|move|p1a: Weezing|Strange Steam|p2a: Clefable
|-resisted|p2a: Clefable
|-damage|p2a: Clefable|70/100 par
|
|-heal|p2a: Clefable|76/100 par|[from] item: Leftovers
|upkeep
|turn|187
|inactive|why clap has 25 seconds left this turn.
|
|t:|1743863841
|move|p2a: Clefable|Calm Mind|p2a: Clefable
|-boost|p2a: Clefable|spa|1
|-boost|p2a: Clefable|spd|1
|cant|p1a: Weezing|par
|
|-heal|p2a: Clefable|82/100 par|[from] item: Leftovers
|upkeep
|turn|188
|inactive|why clap has 25 seconds left this turn.
|inactive|why clap has 20 seconds left.
|
|t:|1743863850
|cant|p1a: Weezing|par
|move|p2a: Clefable|Calm Mind|p2a: Clefable
|-boost|p2a: Clefable|spa|1
|-boost|p2a: Clefable|spd|1
|
|-heal|p2a: Clefable|89/100 par|[from] item: Leftovers
|upkeep
|turn|189
|inactive|why clap has 25 seconds left this turn.
|c|☆jatt on a sidewalk|enough tomfoolery
|
|t:|1743863855
|-end|p1a: Weezing|ability: Neutralizing Gas
|switch|p1a: Ting-Lu|Ting-Lu, tera:Grass|100/100
|-ability|p1a: Ting-Lu|Vessel of Ruin
|cant|p2a: Clefable|par
|
|-heal|p2a: Clefable|95/100 par|[from] item: Leftovers
|upkeep
|turn|190
|inactive|why clap has 25 seconds left this turn.
|inactive|why clap has 20 seconds left.
|c| Adoptapet|does galarian wheezing get levitate?
|
|t:|1743863862
|switch|p1a: Weezing|Weezing-Galar, F|98/100 par
|-ability|p1a: Weezing|Neutralizing Gas
|move|p2a: Clefable|Calm Mind|p2a: Clefable
|-boost|p2a: Clefable|spa|1
|-boost|p2a: Clefable|spd|1
|
|-heal|p2a: Clefable|100/100 par|[from] item: Leftovers
|upkeep
|turn|191
|inactive|why clap has 25 seconds left this turn.
|c| zamnazenta|yeah
|c| Adoptapet|woah
|
|t:|1743863871
|-end|p1a: Weezing|ability: Neutralizing Gas
|switch|p1a: Ting-Lu|Ting-Lu, tera:Grass|100/100
|-ability|p1a: Ting-Lu|Vessel of Ruin
|move|p2a: Clefable|Moonblast|p1a: Ting-Lu
|-damage|p1a: Ting-Lu|59/100
|-unboost|p1a: Ting-Lu|spa|1
|
|-heal|p1a: Ting-Lu|66/100|[from] item: Leftovers
|upkeep
|turn|192
|inactive|why clap has 25 seconds left this turn.
|inactive|why clap has 20 seconds left.
|
|t:|1743863877
|move|p1a: Ting-Lu|Rest|p1a: Ting-Lu
|-status|p1a: Ting-Lu|slp|[from] move: Rest
|-heal|p1a: Ting-Lu|100/100 slp|[silent]
|move|p2a: Clefable|Moonblast|p1a: Ting-Lu
|-damage|p1a: Ting-Lu|62/100 slp
|-unboost|p1a: Ting-Lu|spa|1
|
|-heal|p1a: Ting-Lu|68/100 slp|[from] item: Leftovers
|upkeep
|turn|193
|inactive|why clap has 25 seconds left this turn.
|c| Adoptapet|i wish gengar still had levitave
|inactive|why clap has 20 seconds left.
|
|t:|1743863885
|switch|p1a: Ditto|Ditto|100/100
|-transform|p1a: Ditto|p2a: Clefable|[from] ability: Imposter
|cant|p2a: Clefable|par
|
|upkeep
|turn|194
|inactive|why clap has 20 seconds left this turn.
|inactive|why clap has 15 seconds left.
|c| zamnazenta|it would still be uu
|
|t:|1743863894
|move|p1a: Ditto|Thunder|p2a: Clefable
|-damage|p2a: Clefable|77/100 par
|move|p2a: Clefable|Thunder|p1a: Ditto
|-damage|p1a: Ditto|73/100
|
|-heal|p2a: Clefable|83/100 par|[from] item: Leftovers
|upkeep
|turn|195
|inactive|why clap has 20 seconds left this turn.
|inactive|why clap has 15 seconds left.
|
|t:|1743863901
|move|p1a: Ditto|Thunder|p2a: Clefable
|-damage|p2a: Clefable|59/100 par
|cant|p2a: Clefable|par
|
|-heal|p2a: Clefable|65/100 par|[from] item: Leftovers
|upkeep
|turn|196
|inactive|why clap has 15 seconds left this turn.
|inactive|why clap has 10 seconds left.
|
|t:|1743863906
|move|p1a: Ditto|Thunder|p2a: Clefable
|-damage|p2a: Clefable|44/100 par
|move|p2a: Clefable|Moonblast|p1a: Ditto
|-damage|p1a: Ditto|35/100
|
|-heal|p2a: Clefable|50/100 par|[from] item: Leftovers
|upkeep
|turn|197
|inactive|why clap has 15 seconds left this turn.
|
|t:|1743863911
|move|p1a: Ditto|Thunder|p2a: Clefable
|-damage|p2a: Clefable|27/100 par
|move|p2a: Clefable|Moonlight|p2a: Clefable
|-heal|p2a: Clefable|77/100 par
|
|-heal|p2a: Clefable|83/100 par|[from] item: Leftovers
|upkeep
|turn|198
|inactive|why clap has 15 seconds left this turn.
|
|t:|1743863914
|move|p1a: Ditto|Thunder|p2a: Clefable
|-damage|p2a: Clefable|61/100 par
|move|p2a: Clefable|Moonblast|p1a: Ditto
|-damage|p1a: Ditto|0 fnt
|faint|p1a: Ditto
|
|-heal|p2a: Clefable|67/100 par|[from] item: Leftovers
|upkeep
|inactive|why clap has 20 seconds left this turn.
|
|t:|1743863918
|switch|p1a: Ting-Lu|Ting-Lu, tera:Grass|68/100 slp
|-ability|p1a: Ting-Lu|Vessel of Ruin
|turn|199
|inactive|why clap has 20 seconds left this turn.
|
|t:|1743863921
|cant|p1a: Ting-Lu|slp
|move|p1a: Ting-Lu|Sleep Talk|p1a: Ting-Lu
|move|p1a: Ting-Lu|Ruination|p2a: Clefable|[from] move: Sleep Talk
|-damage|p2a: Clefable|34/100 par
|move|p2a: Clefable|Moonblast|p1a: Ting-Lu
|-damage|p1a: Ting-Lu|31/100 slp
|
|-heal|p1a: Ting-Lu|37/100 slp|[from] item: Leftovers
|-heal|p2a: Clefable|40/100 par|[from] item: Leftovers
|upkeep
|turn|200
|inactive|why clap has 25 seconds left this turn.
|inactive|why clap has 20 seconds left.
|c| Adoptapet|ig
|j| Punfy
|
|t:|1743863931
|cant|p1a: Ting-Lu|slp
|move|p1a: Ting-Lu|Sleep Talk|p1a: Ting-Lu
|move|p1a: Ting-Lu|Ruination|p2a: Clefable|[from] move: Sleep Talk
|-damage|p2a: Clefable|20/100 par
|move|p2a: Clefable|Moonblast|p1a: Ting-Lu
|-damage|p1a: Ting-Lu|1/100 slp
|-unboost|p1a: Ting-Lu|spa|1
|
|-heal|p1a: Ting-Lu|7/100 slp|[from] item: Leftovers
|-heal|p2a: Clefable|26/100 par|[from] item: Leftovers
|upkeep
|turn|201
|inactive|why clap has 20 seconds left this turn.
|inactive|why clap has 15 seconds left.
|inactive|why clap has 10 seconds left.
|j| sgt. unicorn
|
|t:|1743863945
|switch|p2a: Ogerpon|Ogerpon, F|42/100
|-curestatus|p1a: Ting-Lu|slp|[msg]
|move|p1a: Ting-Lu|Rest|p1a: Ting-Lu
|-status|p1a: Ting-Lu|slp|[from] move: Rest
|-heal|p1a: Ting-Lu|100/100 slp|[silent]
|
|upkeep
|turn|202
|inactive|why clap has 15 seconds left this turn.
|l| Punfy
|c| zamnazenta|predicted....
|inactive|jatt on a sidewalk has 90 seconds left.
|
|t:|1743863956
|switch|p1a: Corviknight|Corviknight, M|93/100
|-ability|p1a: Corviknight|Pressure
|move|p2a: Ogerpon|U-turn|p1a: Corviknight
|-resisted|p1a: Corviknight
|-damage|p1a: Corviknight|90/100
|inactive|why clap has 15 seconds left this turn.
|
|t:|1743863959
|switch|p2a: Clefable|Clefable, M, tera:Fire|26/100 par|[from] U-turn
|
|-heal|p2a: Clefable|32/100 par|[from] item: Leftovers
|upkeep
|turn|203
|inactive|why clap has 20 seconds left this turn.
|c| jibreel69|....
|
|t:|1743863964
|switch|p2a: Corviknight|Corviknight, F|100/100
|-ability|p2a: Corviknight|Pressure
|move|p1a: Corviknight|U-turn|p2a: Corviknight
|-resisted|p2a: Corviknight
|-damage|p2a: Corviknight|98/100
|inactive|why clap has 20 seconds left this turn.
|
|t:|1743863966
|switch|p1a: Weezing|Weezing-Galar, F|98/100 par|[from] U-turn
|-ability|p1a: Weezing|Neutralizing Gas
|
|-heal|p2a: Corviknight|100/100|[from] item: Leftovers
|upkeep
|turn|204
|inactive|why clap has 25 seconds left this turn.
|
|t:|1743863972
|-end|p1a: Weezing|ability: Neutralizing Gas
|-ability|p2a: Corviknight|Pressure
|switch|p1a: Ting-Lu|Ting-Lu, tera:Grass|100/100 slp
|-ability|p1a: Ting-Lu|Vessel of Ruin
|move|p2a: Corviknight|U-turn|p1a: Ting-Lu
|-supereffective|p1a: Ting-Lu
|-damage|p1a: Ting-Lu|85/100 slp
|inactive|why clap has 25 seconds left this turn.
|c| Adoptapet|just end me
|c| zamnazenta|comeback might actually be possible
|inactive|jatt on a sidewalk has 90 seconds left.
|
|t:|1743863979
|switch|p2a: Clefable|Clefable, M, tera:Fire|32/100 par|[from] U-turn
|
|-heal|p1a: Ting-Lu|92/100 slp|[from] item: Leftovers
|-heal|p2a: Clefable|39/100 par|[from] item: Leftovers
|upkeep
|turn|205
|inactive|why clap has 30 seconds left this turn.
|
|t:|1743863983
|switch|p2a: Corviknight|Corviknight, F|100/100
|-ability|p2a: Corviknight|Pressure
|cant|p1a: Ting-Lu|slp
|move|p1a: Ting-Lu|Sleep Talk|p1a: Ting-Lu
|move|p1a: Ting-Lu|Earthquake|p2a: Corviknight|[from] move: Sleep Talk
|-immune|p2a: Corviknight
|
|-heal|p1a: Ting-Lu|98/100 slp|[from] item: Leftovers
|upkeep
|turn|206
|inactive|why clap has 30 seconds left this turn.
|inactive|jatt on a sidewalk has 90 seconds left.
|
|t:|1743863994
|switch|p2a: Ting-Lu|Ting-Lu|70/100 psn
|-ability|p2a: Ting-Lu|Vessel of Ruin
|switch|p1a: Weezing|Weezing-Galar, F|98/100 par
|-ability|p1a: Weezing|Neutralizing Gas
|
|-heal|p2a: Ting-Lu|76/100 psn|[from] item: Leftovers
|-damage|p2a: Ting-Lu|64/100 psn|[from] psn
|upkeep
|turn|207
|inactive|why clap has 30 seconds left this turn.
|c|☆why clap|Hmm
|c|☆why clap|atp im just struggling
|c|☆why clap|so
|inactive|why clap has 20 seconds left.
|l| sgt. unicorn
|c|☆why clap|gg
|c|☆jatt on a sidewalk|gg
|inactive|why clap has 15 seconds left.
|c|☆why clap|fine gentlemen
|c|☆why clap|gl on finals
|c| zamnazenta|only took 200 turns
|c| Adoptapet|ts crazy
|inactive|why clap has 10 seconds left.
|-message|why clap forfeited.
|
|win|jatt on a sidewalk
|inactive|why clap has 15 seconds left this turn.
|n|☆why clap|whyclap
|n|☆jatt on a sidewalk|jattonasidewalk
|n| shymor|shymor
|n| zamnazenta|zamnazenta
|n| Lavisse|lavisse
|n| jibreel69|jibreel69
|n| N0AH__123__|n0ah123
|n| Adoptapet|adoptapet
|l| N0AH__123__
