|j|☆ikthoizzykil
|j|☆bigballsinmyface
|t:|1743899400
|gametype|singles
|player|p1|ikthoizzykil|101|1329
|player|p2|bigballsinmyface|2|1330
|teamsize|p1|6
|teamsize|p2|6
|gen|9
|tier|[Gen 9] OU
|rated|
|rule|HP Percentage Mod: HP is shown in percentages
|rule|Endless Battle Clause: Forcing endless battles is banned
|rule|Species Clause: Limit one of each Pokémon
|rule|OHKO Clause: OHKO moves are banned
|rule|Evasion Items Clause: Evasion items are banned
|rule|Evasion Moves Clause: Evasion moves are banned
|rule|Sleep Moves Clause: Sleep-inducing moves are banned
|clearpoke
|poke|p1|Ogerpon-Cornerstone, F|
|poke|p1|Zamazenta-*|
|poke|p1|Kingambit, F|
|poke|p1|Great Tusk|
|poke|p1|Dragonite, F|
|poke|p1|Primarina, M|
|poke|p2|Entei|
|poke|p2|Hydrapple, M|
|poke|p2|Dondozo, F|
|poke|p2|Weezing-Galar, M|
|poke|p2|Pecharunt|
|poke|p2|Ting-Lu|
|teampreview
|inactive|Battle timer is ON: inactive players will automatically lose when time's up. (requested by ikthoizzykil)
|
|t:|1743899417
|start
|switch|p1a: Ogerpon|Ogerpon-Cornerstone, F|100/100
|switch|p2a: Hydrapple|Hydrapple, M|100/100
|turn|1
|
|t:|1743899447
|move|p1a: Ogerpon|Swords Dance|p1a: Ogerpon
|-boost|p1a: Ogerpon|atk|2
|move|p2a: Hydrapple|Giga Drain|p1a: Ogerpon
|-damage|p1a: Ogerpon|34/100
|-damage|p2a: Hydrapple|91/100|[from] item: Life Orb
|
|upkeep
|turn|2
|
|t:|1743899461
|switch|p2a: Dondozo|Dondozo, F|100/100
|move|p1a: Ogerpon|Ivy Cudgel|p2a: Dondozo|[anim] Ivy Cudgel Rock
|-damage|p2a: Dondozo|64/100
|
|-heal|p2a: Dondozo|70/100|[from] item: Leftovers
|upkeep
|turn|3
|
|t:|1743899469
|switch|p2a: Pecharunt|Pecharunt|100/100
|move|p1a: Ogerpon|Horn Leech|p2a: Pecharunt
|-resisted|p2a: Pecharunt
|-damage|p2a: Pecharunt|79/100
|-heal|p1a: Ogerpon|48/100|[from] drain|[of] p2a: Pecharunt
|
|upkeep
|turn|4
|
|t:|1743899476
|move|p1a: Ogerpon|Knock Off|p2a: Pecharunt
|-supereffective|p2a: Pecharunt
|-damage|p2a: Pecharunt|2/100
|-enditem|p2a: Pecharunt|Heavy-Duty Boots|[from] move: Knock Off|[of] p1a: Ogerpon
|move|p2a: Pecharunt|Malignant Chain|p1a: Ogerpon
|-damage|p1a: Ogerpon|10/100
|-status|p1a: Ogerpon|tox
|-start|p1a: Ogerpon|confusion|[from] ability: Poison Puppeteer|[of] p2a: Pecharunt
|
|-damage|p1a: Ogerpon|4/100 tox|[from] psn
|upkeep
|turn|5
|
|t:|1743899487
|-activate|p1a: Ogerpon|confusion
|move|p1a: Ogerpon|Ivy Cudgel|p2a: Pecharunt|[anim] Ivy Cudgel Rock
|-damage|p2a: Pecharunt|0 fnt
|faint|p2a: Pecharunt
|
|-damage|p1a: Ogerpon|0 fnt|[from] psn
|faint|p1a: Ogerpon
|upkeep
|
|t:|1743899502
|switch|p1a: Primarina|Primarina, M|100/100
|switch|p2a: Weezing|Weezing-Galar, M|100/100
|-ability|p2a: Weezing|Neutralizing Gas
|turn|6
|
|t:|1743899526
|move|p1a: Primarina|Psychic Noise|p2a: Weezing
|-supereffective|p2a: Weezing
|-damage|p2a: Weezing|27/100
|-start|p2a: Weezing|move: Heal Block
|move|p2a: Weezing|Strange Steam|p1a: Primarina
|-damage|p1a: Primarina|72/100
|
|upkeep
|turn|7
|inactive|ikthoizzykil has 120 seconds left.
|
|t:|1743899547
|-end|p2a: Weezing|ability: Neutralizing Gas
|switch|p2a: Ting-Lu|Ting-Lu|100/100
|-ability|p2a: Ting-Lu|Vessel of Ruin
|move|p1a: Primarina|Surf|p2a: Ting-Lu
|-supereffective|p2a: Ting-Lu
|-damage|p2a: Ting-Lu|60/100
|
|-heal|p2a: Ting-Lu|66/100|[from] item: Leftovers
|upkeep
|turn|8
|-message|bigballsinmyface forfeited.
|
|win|ikthoizzykil
|raw|ikthoizzykil's rating: 1329 &rarr; <strong>1349</strong><br />(+20 for winning)
|raw|bigballsinmyface's rating: 1330 &rarr; <strong>1310</strong><br />(-20 for losing)
|l|☆bigballsinmyface
|player|p2|
