|j|☆Araciel
|j|☆sandro001
|t:|1743813836
|gametype|singles
|player|p1|Araciel|169|1146
|player|p2|sandro001|1|1107
|teamsize|p1|6
|teamsize|p2|6
|gen|9
|tier|[Gen 9] OU
|rated|
|rule|HP Percentage Mod: HP is shown in percentages
|rule|Endless Battle Clause: Forcing endless battles is banned
|rule|Species Clause: Limit one of each Pokémon
|rule|OHKO Clause: OHKO moves are banned
|rule|Evasion Items Clause: Evasion items are banned
|rule|Evasion Moves Clause: Evasion moves are banned
|rule|Sleep Moves Clause: Sleep-inducing moves are banned
|clearpoke
|poke|p1|Articuno|
|poke|p1|Greninja-*, M|
|poke|p1|Iron Valiant|
|poke|p1|Iron Moth|
|poke|p1|Excadrill, F|
|poke|p1|Rillaboom, F|
|poke|p2|Corviknight, F|
|poke|p2|Rotom-Wash|
|poke|p2|Blaziken, M|
|poke|p2|Iron Valiant|
|poke|p2|Gholdengo|
|poke|p2|Landorus-Therian, M|
|teampreview
|
|t:|1743813840
|start
|switch|p1a: Articuno|Articuno, shiny|100/100
|switch|p2a: Blaziken|Blaziken, M|100/100
|-ability|p1a: Articuno|Pressure
|turn|1
|inactive|Battle timer is ON: inactive players will automatically lose when time's up. (requested by Araciel)
|inactive|sandro001 also wants the timer to be on.
|
|t:|1743813852
|-terastallize|p1a: Articuno|Ground
|move|p2a: Blaziken|Swords Dance|p2a: Blaziken
|-boost|p2a: Blaziken|atk|2
|move|p1a: Articuno|Tera Blast|p2a: Blaziken|[anim] Tera Blast Ground
|-supereffective|p2a: Blaziken
|-damage|p2a: Blaziken|3/100
|
|-ability|p2a: Blaziken|Speed Boost|boost
|-boost|p2a: Blaziken|spe|1
|upkeep
|turn|2
|
|t:|1743813865
|move|p2a: Blaziken|Close Combat|p1a: Articuno
|-damage|p1a: Articuno|0 fnt
|-unboost|p2a: Blaziken|def|1
|-unboost|p2a: Blaziken|spd|1
|faint|p1a: Articuno
|-damage|p2a: Blaziken|0 fnt|[from] item: Life Orb
|faint|p2a: Blaziken
|
|upkeep
|
|t:|1743813879
|switch|p2a: Rotom|Rotom-Wash|100/100
|switch|p1a: Rillaboom|Rillaboom, F|100/100
|-fieldstart|move: Grassy Terrain|[from] ability: Grassy Surge|[of] p1a: Rillaboom
|turn|3
|
|t:|1743813885
|move|p2a: Rotom|Trick|p1a: Rillaboom
|-activate|p2a: Rotom|move: Trick|[of] p1a: Rillaboom
|-item|p1a: Rillaboom|Choice Scarf|[from] move: Trick
|-item|p2a: Rotom|Rocky Helmet|[from] move: Trick
|move|p1a: Rillaboom|U-turn|p2a: Rotom
|-damage|p2a: Rotom|81/100
|-damage|p1a: Rillaboom|84/100|[from] item: Rocky Helmet|[of] p2a: Rotom
|
|t:|1743813895
|switch|p1a: Iron Moth|Iron Moth|100/100|[from] U-turn
|-enditem|p1a: Iron Moth|Booster Energy
|-activate|p1a: Iron Moth|ability: Quark Drive|[fromitem]
|-start|p1a: Iron Moth|quarkdrivespe
|
|upkeep
|turn|4
|
|t:|1743813902
|move|p1a: Iron Moth|Energy Ball|p2a: Rotom
|-supereffective|p2a: Rotom
|-damage|p2a: Rotom|0 fnt
|faint|p2a: Rotom
|
|upkeep
|
|t:|1743813908
|switch|p2a: Landorus|Landorus-Therian, M|100/100
|-ability|p2a: Landorus|Intimidate|boost
|-unboost|p1a: Iron Moth|atk|1
|turn|5
|
|t:|1743813913
|move|p1a: Iron Moth|Fiery Dance|p2a: Landorus
|-damage|p2a: Landorus|46/100
|-boost|p1a: Iron Moth|spa|1
|move|p2a: Landorus|Earthquake|p1a: Iron Moth
|-supereffective|p1a: Iron Moth
|-damage|p1a: Iron Moth|0 fnt
|faint|p1a: Iron Moth
|-end|p1a: Iron Moth|Quark Drive|[silent]
|
|-heal|p2a: Landorus|52/100|[from] item: Leftovers
|upkeep
|
|t:|1743813924
|switch|p1a: Greninja|Greninja, M|100/100
|turn|6
|
|t:|1743813928
|move|p1a: Greninja|Water Shuriken|p2a: Landorus
|-supereffective|p2a: Landorus
|-damage|p2a: Landorus|34/100
|-supereffective|p2a: Landorus
|-damage|p2a: Landorus|17/100
|-supereffective|p2a: Landorus
|-damage|p2a: Landorus|0 fnt
|faint|p2a: Landorus
|-ability|p1a: Greninja|Battle Bond|boost
|-boost|p1a: Greninja|atk|1
|-boost|p1a: Greninja|spa|1
|-boost|p1a: Greninja|spe|1
|-activate|p1a: Greninja|ability: Battle Bond
|-hitcount|p2: Landorus|3
|
|upkeep
|-message|sandro001 forfeited.
|
|win|Araciel
|raw|Araciel's rating: 1146 &rarr; <strong>1168</strong><br />(+22 for winning)
|raw|sandro001's rating: 1107 &rarr; <strong>1085</strong><br />(-22 for losing)
|l|☆sandro001
|player|p2|
|l|☆Araciel
|player|p1|
