|badge|p1|silver|gen9ou|30-5
|uhtml|medal-msg|<div class="broadcast-blue">Curious what those medals under the avatar are? PS now has Ladder Seasons! For more information, check out the <a href="https://www.smogon.com/forums/threads/3740067/">thread on Smogon.</a></div>
|badge|p2|bronze|gen9ou|100-5
|uhtml|medal-msg|<div class="broadcast-blue">Curious what those medals under the avatar are? PS now has Ladder Seasons! For more information, check out the <a href="https://www.smogon.com/forums/threads/3740067/">thread on Smogon.</a></div>
|j|☆Joltinjoe18
|j|☆mr.diversity
|t:|1743811450
|gametype|singles
|player|p1|Joltinjoe18|colress|1936
|player|p2|mr.diversity|bruno|1943
|teamsize|p1|6
|teamsize|p2|6
|gen|9
|tier|[Gen 9] OU
|rated|
|rule|HP Percentage Mod: HP is shown in percentages
|rule|Endless Battle Clause: Forcing endless battles is banned
|rule|Species Clause: Limit one of each Pokémon
|rule|OHKO Clause: OHKO moves are banned
|rule|Evasion Items Clause: Evasion items are banned
|rule|Evasion Moves Clause: Evasion moves are banned
|rule|Sleep Moves Clause: Sleep-inducing moves are banned
|clearpoke
|poke|p1|Heatran, F|
|poke|p1|Landorus-Therian, M|
|poke|p1|Zamazenta-*|
|poke|p1|Dragapult, M|
|poke|p1|Quaquaval, M|
|poke|p1|Slowking-Galar, F|
|poke|p2|Landorus-Therian, M|
|poke|p2|Cinderace, M|
|poke|p2|Great Tusk|
|poke|p2|Heatran, M|
|poke|p2|Clodsire, F|
|poke|p2|Armarouge, F|
|teampreview
|inactive|Battle timer is ON: inactive players will automatically lose when time's up. (requested by mr.diversity)
|
|t:|1743811464
|start
|switch|p1a: Slowking|Slowking-Galar, F|100/100
|switch|p2a: Cinderace|Cinderace, M|100/100
|turn|1
|
|t:|1743811476
|move|p2a: Cinderace|Pyro Ball|p1a: Slowking|[miss]
|-miss|p2a: Cinderace|p1a: Slowking
|move|p1a: Slowking|Future Sight|p2a: Cinderace
|-start|p1a: Slowking|move: Future Sight
|
|upkeep
|turn|2
|
|t:|1743811487
|switch|p2a: Clodsire|Clodsire, F|100/100
|move|p1a: Slowking|Toxic|p2a: Clodsire
|-immune|p2a: Clodsire
|
|upkeep
|turn|3
|
|t:|1743811490
|move|p2a: Clodsire|Stealth Rock|p1a: Slowking
|-sidestart|p1: Joltinjoe18|move: Stealth Rock
|-prepare|p1a: Slowking|Chilly Reception|[premajor]
|move|p1a: Slowking|Chilly Reception|p1a: Slowking
|-weather|Snowscape
|
|t:|1743811510
|switch|p1a: Landorus|Landorus-Therian, M|100/100|[from] Chilly Reception
|-damage|p1a: Landorus|88/100|[from] Stealth Rock
|-ability|p1a: Landorus|Intimidate|boost
|-unboost|p2a: Clodsire|atk|1
|
|-weather|Snowscape|[upkeep]
|-end|p2a: Clodsire|move: Future Sight
|-supereffective|p2a: Clodsire
|-damage|p2a: Clodsire|54/100
|-heal|p2a: Clodsire|60/100|[from] item: Leftovers
|upkeep
|turn|4
|
|t:|1743811516
|switch|p2a: Great Tusk|Great Tusk|100/100
|-enditem|p2a: Great Tusk|Booster Energy
|-activate|p2a: Great Tusk|ability: Protosynthesis|[fromitem]
|-start|p2a: Great Tusk|protosynthesisatk
|move|p1a: Landorus|U-turn|p2a: Great Tusk
|-resisted|p2a: Great Tusk
|-damage|p2a: Great Tusk|86/100
|
|t:|1743811521
|switch|p1a: Dragapult|Dragapult, M|100/100|[from] U-turn
|
|-weather|Snowscape|[upkeep]
|upkeep
|turn|5
|
|t:|1743811524
|move|p1a: Dragapult|Will-O-Wisp|p2a: Great Tusk
|-status|p2a: Great Tusk|brn
|move|p2a: Great Tusk|Headlong Rush|p1a: Dragapult
|-damage|p1a: Dragapult|48/100
|-unboost|p2a: Great Tusk|def|1
|-unboost|p2a: Great Tusk|spd|1
|
|-weather|Snowscape|[upkeep]
|-damage|p2a: Great Tusk|80/100 brn|[from] brn
|upkeep
|turn|6
|
|t:|1743811529
|-end|p2a: Great Tusk|Protosynthesis|[silent]
|switch|p2a: Clodsire|Clodsire, F|60/100
|move|p1a: Dragapult|Hex|p2a: Clodsire
|-damage|p2a: Clodsire|44/100
|
|-weather|Snowscape|[upkeep]
|-heal|p2a: Clodsire|50/100|[from] item: Leftovers
|upkeep
|turn|7
|
|t:|1743811537
|move|p1a: Dragapult|Will-O-Wisp|p2a: Clodsire|[miss]
|-miss|p1a: Dragapult|p2a: Clodsire
|move|p2a: Clodsire|Recover|p2a: Clodsire
|-heal|p2a: Clodsire|99/100
|
|-weather|none
|-heal|p2a: Clodsire|100/100|[from] item: Leftovers
|upkeep
|turn|8
|
|t:|1743811541
|move|p1a: Dragapult|U-turn|p2a: Clodsire
|-resisted|p2a: Clodsire
|-damage|p2a: Clodsire|90/100
|
|t:|1743811544
|switch|p1a: Slowking|Slowking-Galar, F|100/100|[from] U-turn
|move|p2a: Clodsire|Toxic|p1a: Slowking
|-immune|p1a: Slowking
|
|-heal|p2a: Clodsire|96/100|[from] item: Leftovers
|upkeep
|turn|9
|
|t:|1743811547
|move|p2a: Clodsire|Earthquake|p1a: Slowking
|-supereffective|p1a: Slowking
|-damage|p1a: Slowking|56/100
|move|p1a: Slowking|Future Sight|p2a: Clodsire
|-start|p1a: Slowking|move: Future Sight
|
|-heal|p2a: Clodsire|100/100|[from] item: Leftovers
|upkeep
|turn|10
|j| Franco4140
|
|t:|1743811551
|switch|p1a: Heatran|Heatran, F|100/100
|-damage|p1a: Heatran|88/100|[from] Stealth Rock
|-item|p1a: Heatran|Air Balloon
|move|p2a: Clodsire|Earthquake|p1a: Heatran
|-immune|p1a: Heatran
|
|upkeep
|turn|11
|
|t:|1743811558
|switch|p2a: Heatran|Heatran, M|100/100
|move|p1a: Heatran|Magma Storm|p2a: Heatran
|-damage|p2a: Heatran|68/100
|-activate|p2a: Heatran|move: Magma Storm|[of] p1a: Heatran
|
|-end|p2a: Heatran|move: Future Sight
|-resisted|p2a: Heatran
|-damage|p2a: Heatran|49/100
|-damage|p2a: Heatran|37/100|[from] move: Magma Storm|[partiallytrapped]
|upkeep
|turn|12
|
|t:|1743811564
|move|p1a: Heatran|Earth Power|p2a: Heatran
|-supereffective|p2a: Heatran
|-damage|p2a: Heatran|0 fnt
|faint|p2a: Heatran
|
|upkeep
|
|t:|1743811570
|switch|p2a: Great Tusk|Great Tusk|80/100 brn
|turn|13
|
|t:|1743811577
|move|p2a: Great Tusk|Ice Spinner|p1a: Heatran
|-resisted|p1a: Heatran
|-damage|p1a: Heatran|85/100
|-enditem|p1a: Heatran|Air Balloon
|move|p1a: Heatran|Stealth Rock|p2a: Great Tusk
|-sidestart|p2: mr.diversity|move: Stealth Rock
|
|-damage|p2a: Great Tusk|74/100 brn|[from] brn
|upkeep
|turn|14
|
|t:|1743811581
|switch|p1a: Dragapult|Dragapult, M|48/100
|move|p2a: Great Tusk|Ice Spinner|p1a: Dragapult
|-supereffective|p1a: Dragapult
|-damage|p1a: Dragapult|11/100
|
|-damage|p2a: Great Tusk|68/100 brn|[from] brn
|upkeep
|turn|15
|
|t:|1743811583
|move|p1a: Dragapult|Hex|p2a: Great Tusk
|-damage|p2a: Great Tusk|0 fnt
|faint|p2a: Great Tusk
|-end|p2a: Great Tusk|Protosynthesis|[silent]
|
|upkeep
|
|t:|1743811586
|switch|p2a: Clodsire|Clodsire, F|100/100
|-damage|p2a: Clodsire|94/100|[from] Stealth Rock
|turn|16
|
|t:|1743811599
|move|p1a: Dragapult|Will-O-Wisp|p2a: Clodsire
|-status|p2a: Clodsire|brn
|move|p2a: Clodsire|Toxic|p1a: Dragapult
|-status|p1a: Dragapult|tox
|
|-heal|p2a: Clodsire|100/100 brn|[from] item: Leftovers
|-damage|p1a: Dragapult|5/100 tox|[from] psn
|-damage|p2a: Clodsire|94/100 brn|[from] brn
|upkeep
|turn|17
|
|t:|1743811603
|move|p1a: Dragapult|U-turn|p2a: Clodsire
|-resisted|p2a: Clodsire
|-damage|p2a: Clodsire|82/100 brn
|
|t:|1743811606
|switch|p1a: Slowking|Slowking-Galar, F|89/100|[from] U-turn
|move|p2a: Clodsire|Recover|p2a: Clodsire
|-heal|p2a: Clodsire|100/100 brn
|
|-damage|p2a: Clodsire|94/100 brn|[from] brn
|upkeep
|turn|18
|
|t:|1743811609
|move|p2a: Clodsire|Earthquake|p1a: Slowking
|-supereffective|p1a: Slowking
|-damage|p1a: Slowking|65/100
|move|p1a: Slowking|Ice Beam|p2a: Clodsire
|-supereffective|p2a: Clodsire
|-damage|p2a: Clodsire|70/100 brn
|
|-heal|p2a: Clodsire|76/100 brn|[from] item: Leftovers
|-damage|p2a: Clodsire|70/100 brn|[from] brn
|upkeep
|turn|19
|
|t:|1743811611
|move|p2a: Clodsire|Earthquake|p1a: Slowking
|-supereffective|p1a: Slowking
|-damage|p1a: Slowking|42/100
|move|p1a: Slowking|Future Sight|p2a: Clodsire
|-start|p1a: Slowking|move: Future Sight
|
|-heal|p2a: Clodsire|76/100 brn|[from] item: Leftovers
|-damage|p2a: Clodsire|70/100 brn|[from] brn
|upkeep
|turn|20
|
|t:|1743811614
|move|p2a: Clodsire|Recover|p2a: Clodsire
|-heal|p2a: Clodsire|100/100 brn
|-prepare|p1a: Slowking|Chilly Reception|[premajor]
|move|p1a: Slowking|Chilly Reception|p1a: Slowking
|-weather|Snowscape
|
|t:|1743811620
|switch|p1a: Quaquaval|Quaquaval, M|100/100|[from] Chilly Reception
|-damage|p1a: Quaquaval|94/100|[from] Stealth Rock
|
|-weather|Snowscape|[upkeep]
|-damage|p2a: Clodsire|94/100 brn|[from] brn
|upkeep
|turn|21
|
|t:|1743811623
|switch|p1a: Slowking|Slowking-Galar, F|75/100
|move|p2a: Clodsire|Toxic|p1a: Slowking
|-immune|p1a: Slowking
|
|-weather|Snowscape|[upkeep]
|-end|p2a: Clodsire|move: Future Sight
|-supereffective|p2a: Clodsire
|-damage|p2a: Clodsire|50/100 brn
|-heal|p2a: Clodsire|57/100 brn|[from] item: Leftovers
|-damage|p2a: Clodsire|50/100 brn|[from] brn
|upkeep
|turn|22
|j| TheTyranitard
|
|t:|1743811626
|move|p2a: Clodsire|Earthquake|p1a: Slowking
|-supereffective|p1a: Slowking
|-damage|p1a: Slowking|54/100
|move|p1a: Slowking|Future Sight|p2a: Clodsire
|-start|p1a: Slowking|move: Future Sight
|
|-weather|Snowscape|[upkeep]
|-heal|p2a: Clodsire|57/100 brn|[from] item: Leftovers
|-damage|p2a: Clodsire|50/100 brn|[from] brn
|upkeep
|turn|23
|
|t:|1743811628
|move|p2a: Clodsire|Recover|p2a: Clodsire
|-heal|p2a: Clodsire|99/100 brn
|move|p1a: Slowking|Ice Beam|p2a: Clodsire
|-supereffective|p2a: Clodsire
|-damage|p2a: Clodsire|78/100 brn
|
|-weather|Snowscape|[upkeep]
|-heal|p2a: Clodsire|85/100 brn|[from] item: Leftovers
|-damage|p2a: Clodsire|78/100 brn|[from] brn
|upkeep
|turn|24
|
|t:|1743811631
|switch|p2a: Cinderace|Cinderace, M|100/100
|-damage|p2a: Cinderace|76/100|[from] Stealth Rock
|move|p1a: Slowking|Ice Beam|p2a: Cinderace
|-resisted|p2a: Cinderace
|-damage|p2a: Cinderace|60/100
|
|-weather|none
|-end|p2a: Cinderace|move: Future Sight
|-damage|p2a: Cinderace|0 fnt
|faint|p2a: Cinderace
|upkeep
|
|t:|1743811639
|switch|p2a: Landorus|Landorus-Therian, M|100/100
|-damage|p2a: Landorus|88/100|[from] Stealth Rock
|-ability|p2a: Landorus|Intimidate|boost
|-unboost|p1a: Slowking|atk|1
|turn|25
|
|t:|1743811650
|switch|p1a: Landorus|Landorus-Therian, M|88/100
|-damage|p1a: Landorus|76/100|[from] Stealth Rock
|-ability|p1a: Landorus|Intimidate|boost
|-unboost|p2a: Landorus|atk|1
|-terastallize|p2a: Landorus|Flying
|move|p2a: Landorus|Tera Blast|p1a: Landorus|[anim] Tera Blast Flying
|-damage|p1a: Landorus|5/100
|
|upkeep
|turn|26
|
|t:|1743811660
|move|p1a: Landorus|U-turn|p2a: Landorus
|-resisted|p2a: Landorus
|-damage|p2a: Landorus|68/100
|
|t:|1743811663
|switch|p1a: Slowking|Slowking-Galar, F|87/100|[from] U-turn
|move|p2a: Landorus|Tera Blast|p1a: Slowking|[anim] Tera Blast Flying
|-damage|p1a: Slowking|29/100
|
|upkeep
|turn|27
|
|t:|1743811666
|switch|p1a: Landorus|Landorus-Therian, M|5/100
|-damage|p1a: Landorus|0 fnt|[from] Stealth Rock
|faint|p1a: Landorus
|move|p2a: Landorus|Tera Blast|p1: Landorus|[notarget]
|-fail|p2a: Landorus
|
|upkeep
|
|t:|1743811676
|switch|p1a: Heatran|Heatran, F|85/100
|-damage|p1a: Heatran|73/100|[from] Stealth Rock
|turn|28
|
|t:|1743811678
|switch|p2a: Clodsire|Clodsire, F|78/100 brn
|-damage|p2a: Clodsire|72/100 brn|[from] Stealth Rock
|move|p1a: Heatran|Magma Storm|p2a: Clodsire|[miss]
|-miss|p1a: Heatran|p2a: Clodsire
|
|-heal|p2a: Clodsire|78/100 brn|[from] item: Leftovers
|-damage|p2a: Clodsire|72/100 brn|[from] brn
|upkeep
|turn|29
|
|t:|1743811681
|switch|p1a: Slowking|Slowking-Galar, F|63/100
|move|p2a: Clodsire|Earthquake|p1a: Slowking
|-supereffective|p1a: Slowking
|-damage|p1a: Slowking|41/100
|
|-heal|p2a: Clodsire|78/100 brn|[from] item: Leftovers
|-damage|p2a: Clodsire|72/100 brn|[from] brn
|upkeep
|turn|30
|
|t:|1743811684
|move|p2a: Clodsire|Earthquake|p1a: Slowking
|-supereffective|p1a: Slowking
|-damage|p1a: Slowking|21/100
|move|p1a: Slowking|Future Sight|p2a: Clodsire
|-start|p1a: Slowking|move: Future Sight
|
|-heal|p2a: Clodsire|78/100 brn|[from] item: Leftovers
|-damage|p2a: Clodsire|72/100 brn|[from] brn
|upkeep
|turn|31
|
|t:|1743811695
|switch|p1a: Heatran|Heatran, F|73/100
|-damage|p1a: Heatran|60/100|[from] Stealth Rock
|move|p2a: Clodsire|Earthquake|p1a: Heatran
|-supereffective|p1a: Heatran
|-damage|p1a: Heatran|18/100
|
|-heal|p2a: Clodsire|78/100 brn|[from] item: Leftovers
|-damage|p2a: Clodsire|72/100 brn|[from] brn
|upkeep
|turn|32
|
|t:|1743811698
|move|p1a: Heatran|Earth Power|p2a: Clodsire
|-supereffective|p2a: Clodsire
|-damage|p2a: Clodsire|44/100 brn
|move|p2a: Clodsire|Earthquake|p1a: Heatran
|-supereffective|p1a: Heatran
|-damage|p1a: Heatran|0 fnt
|faint|p1a: Heatran
|
|-end|p2a: Clodsire|move: Future Sight
|-supereffective|p2a: Clodsire
|-damage|p2a: Clodsire|0 fnt
|faint|p2a: Clodsire
|upkeep
|j| tikiweaki
|
|t:|1743811705
|switch|p1a: Slowking|Slowking-Galar, F|54/100
|switch|p2a: Armarouge|Armarouge, F|100/100
|-damage|p2a: Armarouge|76/100|[from] Stealth Rock
|turn|33
|
|t:|1743811707
|move|p2a: Armarouge|Armor Cannon|p1a: Slowking
|-damage|p1a: Slowking|9/100
|-unboost|p2a: Armarouge|def|1
|-unboost|p2a: Armarouge|spd|1
|move|p1a: Slowking|Toxic|p2a: Armarouge
|-status|p2a: Armarouge|tox
|
|-damage|p2a: Armarouge|70/100 tox|[from] psn
|upkeep
|turn|34
|
|t:|1743811710
|move|p2a: Armarouge|Armor Cannon|p1a: Slowking
|-damage|p1a: Slowking|0 fnt
|-unboost|p2a: Armarouge|def|1
|-unboost|p2a: Armarouge|spd|1
|faint|p1a: Slowking
|
|-damage|p2a: Armarouge|57/100 tox|[from] psn
|upkeep
|
|t:|1743811712
|switch|p1a: Quaquaval|Quaquaval, M|94/100
|-damage|p1a: Quaquaval|88/100|[from] Stealth Rock
|turn|35
|
|t:|1743811715
|move|p1a: Quaquaval|Aqua Step|p2a: Armarouge
|-supereffective|p2a: Armarouge
|-damage|p2a: Armarouge|0 fnt
|-boost|p1a: Quaquaval|spe|1
|faint|p2a: Armarouge
|-ability|p1a: Quaquaval|Moxie|boost
|-boost|p1a: Quaquaval|atk|1
|
|upkeep
|
|t:|1743811717
|switch|p2a: Landorus|Landorus-Therian, M, tera:Flying|68/100
|-damage|p2a: Landorus|43/100|[from] Stealth Rock
|-ability|p2a: Landorus|Intimidate|boost
|-unboost|p1a: Quaquaval|atk|1
|turn|36
|
|t:|1743811720
|-terastallize|p1a: Quaquaval|Electric
|move|p1a: Quaquaval|Aqua Step|p2a: Landorus
|-damage|p2a: Landorus|4/100
|-boost|p1a: Quaquaval|spe|1
|move|p2a: Landorus|Tera Blast|p1a: Quaquaval|[anim] Tera Blast Flying
|-resisted|p1a: Quaquaval
|-damage|p1a: Quaquaval|22/100
|
|upkeep
|turn|37
|
|t:|1743811722
|move|p1a: Quaquaval|Aqua Step|p2a: Landorus
|-damage|p2a: Landorus|0 fnt
|-boost|p1a: Quaquaval|spe|1
|faint|p2a: Landorus
|
|win|Joltinjoe18
|raw|Joltinjoe18's rating: 1936 &rarr; <strong>1956</strong><br />(+20 for winning)
|raw|mr.diversity's rating: 1943 &rarr; <strong>1923</strong><br />(-20 for losing)
|l|☆mr.diversity
|player|p2|
|l| Franco4140
|j| Franco4140
|l| Franco4140
|l| TheTyranitard
|j| Franco4140
