|badge|p2|silver|gen9ou|30-5
|uhtml|medal-msg|<div class="broadcast-blue">Curious what those medals under the avatar are? PS now has Ladder Seasons! For more information, check out the <a href="https://www.smogon.com/forums/threads/3740067/">thread on Smogon.</a></div>
|j|☆Sanesa8724
|j|☆elpets
|t:|1743863920
|gametype|singles
|player|p1|Sanesa8724|buck|1811
|player|p2|elpets|infielder|1927
|teamsize|p1|6
|teamsize|p2|6
|gen|9
|tier|[Gen 9] OU
|rated|
|rule|HP Percentage Mod: HP is shown in percentages
|rule|Endless Battle Clause: Forcing endless battles is banned
|rule|Species Clause: Limit one of each Pokémon
|rule|OHKO Clause: OHKO moves are banned
|rule|Evasion Items Clause: Evasion items are banned
|rule|Evasion Moves Clause: Evasion moves are banned
|rule|Sleep Moves Clause: Sleep-inducing moves are banned
|clearpoke
|poke|p1|Orthworm, F|
|poke|p1|Clodsire, F|
|poke|p1|Pecharunt|
|poke|p1|Great Tusk|
|poke|p1|Slowking, M|
|poke|p1|Weavile, F|
|poke|p2|Hatterene, F|
|poke|p2|Dragonite, F|
|poke|p2|Breloom, M|
|poke|p2|Azumarill, F|
|poke|p2|Great Tusk|
|poke|p2|Skeledirge, F|
|teampreview
|c|☆Sanesa8724|glhf
|
|t:|1743863931
|start
|switch|p1a: Pecha rating|Pecharunt|100/100
|switch|p2a: Azumarill|Azumarill, F|100/100
|turn|1
|
|t:|1743863933
|switch|p2a: Skeledirge|Skeledirge, F|100/100
|move|p1a: Pecha rating|Malignant Chain|p2a: Skeledirge
|-resisted|p2a: Skeledirge
|-damage|p2a: Skeledirge|85/100
|
|upkeep
|turn|2
|j| tapu moxo
|
|t:|1743863938
|move|p1a: Pecha rating|Parting Shot|p2a: Skeledirge
|-unboost|p2a: Skeledirge|atk|1
|-unboost|p2a: Skeledirge|spa|1
|inactive|Battle timer is ON: inactive players will automatically lose when time's up. (requested by elpets)
|
|t:|1743863951
|switch|p1a: Metaking|Clodsire, F, shiny|100/100|[from] Parting Shot
|move|p2a: Skeledirge|Torch Song|p1a: Metaking
|-damage|p1a: Metaking|83/100
|-boost|p2a: Skeledirge|spa|1
|
|-heal|p1a: Metaking|90/100|[from] item: Leftovers
|upkeep
|turn|3
|
|t:|1743863955
|switch|p2a: Hatterene|Hatterene, F|100/100
|move|p1a: Metaking|Earthquake|p2a: Hatterene
|-damage|p2a: Hatterene|72/100
|
|-heal|p1a: Metaking|96/100|[from] item: Leftovers
|-heal|p2a: Hatterene|78/100|[from] item: Leftovers
|upkeep
|turn|4
|
|t:|1743863960
|switch|p1a: Headache = Genius?|Slowking, M, shiny|100/100
|move|p2a: Hatterene|Draining Kiss|p1a: Headache = Genius?
|-damage|p1a: Headache = Genius?|83/100
|-heal|p2a: Hatterene|94/100|[from] drain|[of] p1a: Headache = Genius?
|
|-heal|p2a: Hatterene|99/100|[from] item: Leftovers
|upkeep
|turn|5
|
|t:|1743863963
|switch|p2a: Azumarill|Azumarill, F|100/100
|move|p1a: Headache = Genius?|Scald|p2a: Azumarill
|-resisted|p2a: Azumarill
|-damage|p2a: Azumarill|91/100
|
|upkeep
|turn|6
|
|t:|1743863967
|switch|p1a: Pecha rating|Pecharunt|100/100
|move|p2a: Azumarill|Knock Off|p1a: Pecha rating
|-supereffective|p1a: Pecha rating
|-damage|p1a: Pecha rating|60/100
|-enditem|p1a: Pecha rating|Heavy-Duty Boots|[from] move: Knock Off|[of] p2a: Azumarill
|
|upkeep
|turn|7
|
|t:|1743863980
|switch|p2a: Dragonite|Dragonite, F|100/100
|move|p1a: Pecha rating|Recover|p1a: Pecha rating
|-heal|p1a: Pecha rating|100/100
|
|upkeep
|turn|8
|
|t:|1743863985
|switch|p1a: G.O.A.T.|Orthworm, F, shiny|100/100
|move|p2a: Dragonite|Dragon Dance|p2a: Dragonite
|-boost|p2a: Dragonite|atk|1
|-boost|p2a: Dragonite|spe|1
|
|upkeep
|turn|9
|
|t:|1743863990
|-terastallize|p2a: Dragonite|Fire
|move|p2a: Dragonite|Fire Punch|p1a: G.O.A.T.
|-supereffective|p1a: G.O.A.T.
|-damage|p1a: G.O.A.T.|38/100
|-damage|p2a: Dragonite|84/100|[from] item: Rocky Helmet|[of] p1a: G.O.A.T.
|move|p1a: G.O.A.T.|Body Press|p2a: Dragonite
|-crit|p2a: Dragonite
|-damage|p2a: Dragonite|29/100
|
|upkeep
|turn|10
|inactive|Sanesa8724 has 120 seconds left.
|inactive|Sanesa8724 has 90 seconds left.
|
|t:|1743864050
|switch|p1a: Pecha rating|Pecharunt|100/100
|move|p2a: Dragonite|Outrage|p1a: Pecha rating
|-damage|p1a: Pecha rating|57/100
|
|upkeep
|turn|11
|inactive|Sanesa8724 has 90 seconds left.
|
|t:|1743864061
|move|p2a: Dragonite|Outrage|p1a: Pecha rating|[from] lockedmove
|-damage|p1a: Pecha rating|8/100
|-start|p2a: Dragonite|confusion|[fatigue]
|-enditem|p2a: Dragonite|Lum Berry|[eat]
|-end|p2a: Dragonite|confusion
|move|p1a: Pecha rating|Recover|p1a: Pecha rating
|-heal|p1a: Pecha rating|58/100
|
|upkeep
|turn|12
|
|t:|1743864069
|move|p2a: Dragonite|Outrage|p1a: Pecha rating
|-damage|p1a: Pecha rating|17/100
|move|p1a: Pecha rating|Malignant Chain|p2a: Dragonite
|-damage|p2a: Dragonite|0 fnt
|faint|p2a: Dragonite
|
|upkeep
|
|t:|1743864076
|switch|p2a: Skeledirge|Skeledirge, F|85/100
|turn|13
|
|t:|1743864081
|move|p1a: Pecha rating|Parting Shot|p2a: Skeledirge
|-unboost|p2a: Skeledirge|atk|1
|-unboost|p2a: Skeledirge|spa|1
|
|t:|1743864086
|switch|p1a: Headache = Genius?|Slowking, M, shiny|100/100|[from] Parting Shot
|move|p2a: Skeledirge|Torch Song|p1a: Headache = Genius?
|-resisted|p1a: Headache = Genius?
|-damage|p1a: Headache = Genius?|94/100
|-boost|p2a: Skeledirge|spa|1
|
|upkeep
|turn|14
|l| tapu moxo
|
|t:|1743864090
|switch|p2a: Azumarill|Azumarill, F|91/100
|move|p1a: Headache = Genius?|Future Sight|p2a: Azumarill
|-start|p1a: Headache = Genius?|move: Future Sight
|
|upkeep
|turn|15
|
|t:|1743864099
|move|p2a: Azumarill|Knock Off|p1a: Headache = Genius?
|-supereffective|p1a: Headache = Genius?
|-damage|p1a: Headache = Genius?|5/100
|-enditem|p1a: Headache = Genius?|Heavy-Duty Boots|[from] move: Knock Off|[of] p2a: Azumarill
|-prepare|p1a: Headache = Genius?|Chilly Reception|[premajor]
|move|p1a: Headache = Genius?|Chilly Reception|p1a: Headache = Genius?
|-weather|Snowscape
|
|t:|1743864107
|switch|p1a: Pecha rating|Pecharunt|17/100|[from] Chilly Reception
|
|-weather|Snowscape|[upkeep]
|upkeep
|turn|16
|
|t:|1743864111
|switch|p2a: Hatterene|Hatterene, F|99/100
|move|p1a: Pecha rating|Recover|p1a: Pecha rating
|-heal|p1a: Pecha rating|67/100
|
|-weather|Snowscape|[upkeep]
|-end|p2a: Hatterene|move: Future Sight
|-resisted|p2a: Hatterene
|-damage|p2a: Hatterene|79/100
|-heal|p2a: Hatterene|85/100|[from] item: Leftovers
|upkeep
|turn|17
|
|t:|1743864128
|move|p1a: Pecha rating|Parting Shot|p2a: Hatterene
|move|p2a: Hatterene|Parting Shot|p1a: Pecha rating|[from] ability: Magic Bounce
|-unboost|p1a: Pecha rating|atk|1
|-unboost|p1a: Pecha rating|spa|1
|
|t:|1743864138
|switch|p2a: Great Tusk|Great Tusk|100/100|[from] Parting Shot
|-enditem|p2a: Great Tusk|Booster Energy
|-activate|p2a: Great Tusk|ability: Protosynthesis|[fromitem]
|-start|p2a: Great Tusk|protosynthesisatk
|
|-weather|Snowscape|[upkeep]
|upkeep
|turn|18
|
|t:|1743864141
|switch|p1a: G.O.A.T.|Orthworm, F, shiny|38/100
|move|p2a: Great Tusk|Supercell Slam|p1a: G.O.A.T.|[miss]
|-miss|p2a: Great Tusk|p1a: G.O.A.T.
|-damage|p2a: Great Tusk|51/100|[from] supercellslam
|
|-weather|Snowscape|[upkeep]
|upkeep
|turn|19
|
|t:|1743864160
|-end|p2a: Great Tusk|Protosynthesis|[silent]
|switch|p2a: Skeledirge|Skeledirge, F|85/100
|move|p1a: G.O.A.T.|Body Press|p2a: Skeledirge
|-immune|p2a: Skeledirge
|
|-weather|none
|upkeep
|turn|20
|c|☆Sanesa8724|mb
|
|t:|1743864167
|switch|p2a: Great Tusk|Great Tusk|51/100
|switch|p1a: Metaking|Clodsire, F, shiny|96/100
|
|-heal|p1a: Metaking|100/100|[from] item: Leftovers
|upkeep
|turn|21
|
|t:|1743864169
|switch|p1a: G.O.A.T.|Orthworm, F, shiny|38/100
|move|p2a: Great Tusk|Ice Spinner|p1a: G.O.A.T.
|-resisted|p1a: G.O.A.T.
|-damage|p1a: G.O.A.T.|30/100
|-damage|p2a: Great Tusk|34/100|[from] item: Rocky Helmet|[of] p1a: G.O.A.T.
|
|upkeep
|turn|22
|
|t:|1743864177
|-end|p2a: Great Tusk|Protosynthesis|[silent]
|switch|p2a: Skeledirge|Skeledirge, F|85/100
|move|p1a: G.O.A.T.|Heavy Slam|p2a: Skeledirge
|-resisted|p2a: Skeledirge
|-damage|p2a: Skeledirge|81/100
|
|upkeep
|turn|23
|j| rei husabnd
|
|t:|1743864182
|switch|p2a: Ippo|Breloom, M|100/100
|switch|p1a: Metaking|Clodsire, F, shiny|100/100
|
|upkeep
|turn|24
|
|t:|1743864194
|move|p2a: Ippo|Swords Dance|p2a: Ippo
|-boost|p2a: Ippo|atk|2
|move|p1a: Metaking|Toxic|p2a: Ippo
|-status|p2a: Ippo|tox
|
|-damage|p2a: Ippo|94/100 tox|[from] psn
|upkeep
|turn|25
|
|t:|1743864220
|switch|p1a: Pecha rating|Pecharunt|67/100
|move|p2a: Ippo|Bullet Seed|p1a: Pecha rating
|-resisted|p1a: Pecha rating
|-crit|p1a: Pecha rating
|-damage|p1a: Pecha rating|50/100
|-resisted|p1a: Pecha rating
|-damage|p1a: Pecha rating|40/100
|-hitcount|p1a: Pecha rating|2
|
|-damage|p2a: Ippo|82/100 tox|[from] psn
|upkeep
|turn|26
|
|t:|1743864225
|move|p2a: Ippo|Bullet Seed|p1a: Pecha rating
|-resisted|p1a: Pecha rating
|-damage|p1a: Pecha rating|31/100
|-resisted|p1a: Pecha rating
|-damage|p1a: Pecha rating|22/100
|-resisted|p1a: Pecha rating
|-damage|p1a: Pecha rating|12/100
|-hitcount|p1a: Pecha rating|3
|move|p1a: Pecha rating|Recover|p1a: Pecha rating
|-heal|p1a: Pecha rating|62/100
|
|-damage|p2a: Ippo|64/100 tox|[from] psn
|upkeep
|turn|27
|j| kingambit player
|
|t:|1743864237
|move|p2a: Ippo|Rock Tomb|p1a: Pecha rating
|-damage|p1a: Pecha rating|27/100
|-unboost|p1a: Pecha rating|spe|1
|move|p1a: Pecha rating|Recover|p1a: Pecha rating
|-heal|p1a: Pecha rating|77/100
|
|-damage|p2a: Ippo|39/100 tox|[from] psn
|upkeep
|turn|28
|
|t:|1743864241
|switch|p2a: Great Tusk|Great Tusk|34/100
|move|p1a: Pecha rating|Recover|p1a: Pecha rating
|-heal|p1a: Pecha rating|100/100
|
|upkeep
|turn|29
|j| DozoTheGozo
|
|t:|1743864244
|switch|p1a: G.O.A.T.|Orthworm, F, shiny|30/100
|move|p2a: Great Tusk|Supercell Slam|p1a: G.O.A.T.
|-damage|p1a: G.O.A.T.|9/100
|-damage|p2a: Great Tusk|18/100|[from] item: Rocky Helmet|[of] p1a: G.O.A.T.
|
|upkeep
|turn|30
|
|t:|1743864253
|switch|p1a: Fantastic Tusk|Great Tusk, shiny|100/100
|move|p2a: Great Tusk|Ice Spinner|p1a: Fantastic Tusk
|-supereffective|p1a: Fantastic Tusk
|-damage|p1a: Fantastic Tusk|58/100
|
|upkeep
|turn|31
|
|t:|1743864260
|-end|p2a: Great Tusk|Protosynthesis|[silent]
|switch|p2a: Ippo|Breloom, M|39/100 tox
|move|p1a: Fantastic Tusk|Headlong Rush|p2a: Ippo
|-resisted|p2a: Ippo
|-damage|p2a: Ippo|0 fnt
|-unboost|p1a: Fantastic Tusk|def|1
|-unboost|p1a: Fantastic Tusk|spd|1
|faint|p2a: Ippo
|
|upkeep
|
|t:|1743864263
|switch|p2a: Azumarill|Azumarill, F|91/100
|turn|32
|inactive|Sanesa8724 has 120 seconds left.
|
|t:|1743864309
|-end|p1a: Fantastic Tusk|Protosynthesis|[silent]
|switch|p1a: Pecha rating|Pecharunt|100/100
|move|p2a: Azumarill|Aqua Jet|p1a: Pecha rating
|-damage|p1a: Pecha rating|89/100
|
|upkeep
|turn|33
|
|t:|1743864316
|switch|p2a: Skeledirge|Skeledirge, F|81/100
|move|p1a: Pecha rating|Malignant Chain|p2a: Skeledirge
|-resisted|p2a: Skeledirge
|-damage|p2a: Skeledirge|65/100
|
|upkeep
|turn|34
|
|t:|1743864321
|move|p1a: Pecha rating|Parting Shot|p2a: Skeledirge
|-unboost|p2a: Skeledirge|atk|1
|-unboost|p2a: Skeledirge|spa|1
|
|t:|1743864325
|switch|p1a: Fantastic Tusk|Great Tusk, shiny|58/100|[from] Parting Shot
|move|p2a: Skeledirge|Slack Off|p2a: Skeledirge
|-heal|p2a: Skeledirge|100/100
|
|upkeep
|turn|35
|inactive|elpets has 120 seconds left.
|
|t:|1743864368
|switch|p2a: Hatterene|Hatterene, F|85/100
|move|p1a: Fantastic Tusk|Knock Off|p2a: Hatterene
|-damage|p2a: Hatterene|44/100
|-enditem|p2a: Hatterene|Leftovers|[from] move: Knock Off|[of] p1a: Fantastic Tusk
|
|upkeep
|turn|36
|
|t:|1743864376
|move|p1a: Fantastic Tusk|Headlong Rush|p2a: Hatterene
|-damage|p2a: Hatterene|0 fnt
|-unboost|p1a: Fantastic Tusk|def|1
|-unboost|p1a: Fantastic Tusk|spd|1
|faint|p2a: Hatterene
|
|upkeep
|inactive|elpets has 120 seconds left.
|j| Noamm
|inactive|elpets has 90 seconds left.
|
|t:|1743864418
|switch|p2a: Azumarill|Azumarill, F|91/100
|turn|37
|c| Noamm|Oh heaven
|c|☆Sanesa8724|its kind of a sad mu
|inactive|Sanesa8724 has 120 seconds left.
|c|☆Sanesa8724|Everytime I face him I farm him
|c|☆Sanesa8724|and hes at high elo
|c|☆Sanesa8724|just an impossible mu for him
|c|☆Sanesa8724|or her idk
|
|t:|1743864465
|-end|p1a: Fantastic Tusk|Protosynthesis|[silent]
|switch|p1a: Pecha rating|Pecharunt|89/100
|move|p2a: Azumarill|Liquidation|p1a: Pecha rating
|-damage|p1a: Pecha rating|63/100
|
|upkeep
|turn|38
|c|☆elpets|it's a bad matchup but tbf anything with pecha its a bad matchup
|inactive|elpets has 90 seconds left.
|
|t:|1743864485
|move|p1a: Pecha rating|Malignant Chain|p2a: Azumarill
|-supereffective|p2a: Azumarill
|-damage|p2a: Azumarill|45/100
|move|p2a: Azumarill|Knock Off|p1a: Pecha rating
|-supereffective|p1a: Pecha rating
|-damage|p1a: Pecha rating|39/100
|
|upkeep
|turn|39
|
|t:|1743864492
|switch|p2a: Skeledirge|Skeledirge, F|100/100
|move|p1a: Pecha rating|Recover|p1a: Pecha rating
|-heal|p1a: Pecha rating|89/100
|
|upkeep
|turn|40
|l| DozoTheGozo
|
|t:|1743864495
|move|p1a: Pecha rating|Parting Shot|p2a: Skeledirge
|-unboost|p2a: Skeledirge|atk|1
|-unboost|p2a: Skeledirge|spa|1
|
|t:|1743864498
|switch|p1a: Fantastic Tusk|Great Tusk, shiny|58/100|[from] Parting Shot
|move|p2a: Skeledirge|Shadow Ball|p1a: Fantastic Tusk
|-crit|p1a: Fantastic Tusk
|-damage|p1a: Fantastic Tusk|0 fnt
|faint|p1a: Fantastic Tusk
|-end|p1a: Fantastic Tusk|Protosynthesis|[silent]
|
|upkeep
|inactive|Sanesa8724 has 120 seconds left.
|
|t:|1743864512
|switch|p1a: 72 9% my ass|Weavile, F, shiny|100/100
|-ability|p1a: 72 9% my ass|Pressure
|turn|41
|
|t:|1743864516
|move|p1a: 72 9% my ass|Knock Off|p2a: Skeledirge
|-supereffective|p2a: Skeledirge
|-damage|p2a: Skeledirge|43/100
|-enditem|p2a: Skeledirge|Covert Cloak|[from] move: Knock Off|[of] p1a: 72 9% my ass
|move|p2a: Skeledirge|Torch Song|p1a: 72 9% my ass
|-supereffective|p1a: 72 9% my ass
|-damage|p1a: 72 9% my ass|44/100
|-boost|p2a: Skeledirge|spa|1
|
|upkeep
|turn|42
|
|t:|1743864526
|switch|p1a: Metaking|Clodsire, F, shiny|100/100
|move|p2a: Skeledirge|Slack Off|p2a: Skeledirge
|-heal|p2a: Skeledirge|93/100
|
|upkeep
|turn|43
|
|t:|1743864529
|switch|p2a: Azumarill|Azumarill, F|45/100
|move|p1a: Metaking|Toxic|p2a: Azumarill
|-status|p2a: Azumarill|tox
|
|-damage|p2a: Azumarill|38/100 tox|[from] psn
|upkeep
|turn|44
|
|t:|1743864533
|switch|p1a: Pecha rating|Pecharunt|89/100
|move|p2a: Azumarill|Liquidation|p1a: Pecha rating
|-damage|p1a: Pecha rating|65/100
|
|-damage|p2a: Azumarill|26/100 tox|[from] psn
|upkeep
|turn|45
|-message|elpets forfeited.
|
|win|Sanesa8724
|raw|Sanesa8724's rating: 1811 &rarr; <strong>1838</strong><br />(+27 for winning)
|raw|elpets's rating: 1942 &rarr; <strong>1915</strong><br />(-27 for losing)
|l|☆elpets
|player|p2|
|c|☆Sanesa8724|gg
|c|☆Sanesa8724|hi Noamm btw
|c| Noamm|Yo
|l| Noamm
|l|☆Sanesa8724
|player|p1|
