|j|☆moronicmonki
|j|☆tammy2cheeks
|t:|1743777944
|gametype|singles
|player|p1|moronicmonki|iris-gen5bw2|1523
|player|p2|tammy2cheeks|dahlia|1542
|teamsize|p1|6
|teamsize|p2|6
|gen|9
|tier|[Gen 9] OU
|rated|
|rule|HP Percentage Mod: HP is shown in percentages
|rule|Endless Battle Clause: Forcing endless battles is banned
|rule|Species Clause: Limit one of each Pokémon
|rule|OHKO Clause: OHKO moves are banned
|rule|Evasion Items Clause: Evasion items are banned
|rule|Evasion Moves Clause: Evasion moves are banned
|rule|Sleep Moves Clause: Sleep-inducing moves are banned
|clearpoke
|poke|p1|Iron Valiant|
|poke|p1|Rillaboom, M|
|poke|p1|Arcanine-Hisui, M|
|poke|p1|Primarina, M|
|poke|p1|Kingambit, F|
|poke|p1|Corviknight, M|
|poke|p2|Walking Wake|
|poke|p2|Meowscarada, F|
|poke|p2|Landorus-Therian, M|
|poke|p2|Zamazenta-*|
|poke|p2|Slowking-Galar, F|
|poke|p2|Cinderace, M|
|teampreview
|inactive|Battle timer is ON: inactive players will automatically lose when time's up. (requested by moronicmonki)
|
|t:|1743777956
|start
|switch|p1a: Corviknight|Corviknight, M|100/100
|switch|p2a: Cinderace|Cinderace, M|100/100
|-ability|p1a: Corviknight|Pressure
|turn|1
|
|t:|1743777965
|switch|p1a: Arcanine|Arcanine-Hisui, M|100/100
|-ability|p1a: Arcanine|Intimidate|boost
|-unboost|p2a: Cinderace|atk|1
|move|p2a: Cinderace|Pyro Ball|p1a: Arcanine
|-resisted|p1a: Arcanine
|-damage|p1a: Arcanine|95/100
|
|upkeep
|turn|2
|
|t:|1743777975
|move|p2a: Cinderace|High Jump Kick|p1a: Arcanine
|-start|p2a: Cinderace|typechange|Fighting|[from] ability: Libero
|-supereffective|p1a: Arcanine
|-damage|p1a: Arcanine|41/100
|move|p1a: Arcanine|Stealth Rock|p2a: Cinderace
|-sidestart|p2: tammy2cheeks|move: Stealth Rock
|
|upkeep
|turn|3
|
|t:|1743777989
|switch|p1a: Corviknight|Corviknight, M|100/100
|-ability|p1a: Corviknight|Pressure
|move|p2a: Cinderace|High Jump Kick|p1a: Corviknight
|-damage|p1a: Corviknight|81/100
|-damage|p2a: Cinderace|84/100|[from] item: Rocky Helmet|[of] p1a: Corviknight
|
|upkeep
|turn|4
|
|t:|1743778015
|move|p2a: Cinderace|Court Change|p2a: Cinderace
|-swapsideconditions
|-activate|p2a: Cinderace|move: Court Change
|move|p1a: Corviknight|U-turn|p2a: Cinderace
|-resisted|p2a: Cinderace
|-damage|p2a: Cinderace|75/100
|
|t:|1743778020
|switch|p1a: Arcanine|Arcanine-Hisui, M|41/100|[from] U-turn
|-ability|p1a: Arcanine|Intimidate|boost
|-unboost|p2a: Cinderace|atk|1
|
|upkeep
|turn|5
|
|t:|1743778035
|switch|p1a: Corviknight|Corviknight, M|81/100
|-damage|p1a: Corviknight|69/100|[from] Stealth Rock
|-ability|p1a: Corviknight|Pressure
|move|p2a: Cinderace|U-turn|p1a: Corviknight
|-resisted|p1a: Corviknight
|-damage|p1a: Corviknight|67/100
|-damage|p2a: Cinderace|59/100|[from] item: Rocky Helmet|[of] p1a: Corviknight
|
|t:|1743778044
|switch|p2a: Walking Wake|Walking Wake|100/100|[from] U-turn
|
|upkeep
|turn|6
|
|t:|1743778060
|switch|p1a: Primarina|Primarina, M|100/100
|-damage|p1a: Primarina|88/100|[from] Stealth Rock
|move|p2a: Walking Wake|Flip Turn|p1a: Primarina
|-resisted|p1a: Primarina
|-damage|p1a: Primarina|78/100
|inactive|tammy2cheeks has 120 seconds left.
|
|t:|1743778078
|-end|p2a: Walking Wake|Protosynthesis|[silent]
|switch|p2a: Slowking|Slowking-Galar, F|100/100|[from] Flip Turn
|
|upkeep
|turn|7
|
|t:|1743778085
|move|p1a: Primarina|Flip Turn|p2a: Slowking
|-damage|p2a: Slowking|87/100
|
|t:|1743778088
|switch|p1a: Kingambit|Kingambit, F|100/100|[from] Flip Turn
|-damage|p1a: Kingambit|94/100|[from] Stealth Rock
|move|p2a: Slowking|Thunder Wave|p1a: Kingambit
|-status|p1a: Kingambit|par
|
|-heal|p1a: Kingambit|100/100 par|[from] item: Leftovers
|upkeep
|turn|8
|
|t:|1743778105
|-end|p1a: Kingambit|fallenundefined|[silent]
|switch|p1a: Corviknight|Corviknight, M|67/100
|-damage|p1a: Corviknight|55/100|[from] Stealth Rock
|-ability|p1a: Corviknight|Pressure
|switch|p2a: Zamazenta|Zamazenta|100/100
|-ability|p2a: Zamazenta|Dauntless Shield|boost
|-boost|p2a: Zamazenta|def|1
|
|upkeep
|turn|9
|
|t:|1743778115
|move|p2a: Zamazenta|Close Combat|p1a: Corviknight
|-damage|p1a: Corviknight|6/100
|-unboost|p2a: Zamazenta|def|1
|-unboost|p2a: Zamazenta|spd|1
|-damage|p2a: Zamazenta|84/100|[from] item: Rocky Helmet|[of] p1a: Corviknight
|move|p1a: Corviknight|U-turn|p2a: Zamazenta
|-resisted|p2a: Zamazenta
|-crit|p2a: Zamazenta
|-damage|p2a: Zamazenta|74/100
|
|t:|1743778124
|switch|p1a: Iron Valiant|Iron Valiant|100/100|[from] U-turn
|-damage|p1a: Iron Valiant|94/100|[from] Stealth Rock
|-enditem|p1a: Iron Valiant|Booster Energy
|-activate|p1a: Iron Valiant|ability: Quark Drive|[fromitem]
|-start|p1a: Iron Valiant|quarkdrivespe
|
|upkeep
|turn|10
|
|t:|1743778132
|switch|p2a: Slowking|Slowking-Galar, F|100/100
|move|p1a: Iron Valiant|Calm Mind|p1a: Iron Valiant
|-boost|p1a: Iron Valiant|spa|1
|-boost|p1a: Iron Valiant|spd|1
|
|upkeep
|turn|11
|
|t:|1743778141
|-terastallize|p2a: Slowking|Water
|move|p1a: Iron Valiant|Shadow Ball|p2a: Slowking
|-damage|p2a: Slowking|77/100
|move|p2a: Slowking|Thunder Wave|p1a: Iron Valiant
|-status|p1a: Iron Valiant|par
|
|upkeep
|turn|12
|
|t:|1743778147
|move|p1a: Iron Valiant|Encore|p2a: Slowking
|-start|p2a: Slowking|Encore
|move|p2a: Slowking|Thunder Wave|p1a: Iron Valiant
|-fail|p1a: Iron Valiant|par
|
|upkeep
|turn|13
|
|t:|1743778156
|switch|p2a: Landorus|Landorus-Therian, M|100/100
|-ability|p2a: Landorus|Intimidate|boost
|-unboost|p1a: Iron Valiant|atk|1
|move|p1a: Iron Valiant|Moonblast|p2a: Landorus
|-damage|p2a: Landorus|23/100
|
|upkeep
|turn|14
|
|t:|1743778162
|move|p1a: Iron Valiant|Shadow Ball|p2a: Landorus
|-damage|p2a: Landorus|0 fnt
|faint|p2a: Landorus
|
|upkeep
|
|t:|1743778163
|switch|p2a: Zamazenta|Zamazenta|74/100
|turn|15
|
|t:|1743778174
|move|p2a: Zamazenta|Heavy Slam|p1a: Iron Valiant
|-supereffective|p1a: Iron Valiant
|-crit|p1a: Iron Valiant
|-damage|p1a: Iron Valiant|0 fnt
|faint|p1a: Iron Valiant
|-end|p1a: Iron Valiant|Quark Drive|[silent]
|
|upkeep
|
|t:|1743778181
|switch|p1a: Arcanine|Arcanine-Hisui, M|41/100
|-ability|p1a: Arcanine|Intimidate|boost
|-unboost|p2a: Zamazenta|atk|1
|turn|16
|
|t:|1743778210
|switch|p2a: Slowking|Slowking-Galar, F, tera:Water|100/100
|move|p1a: Arcanine|Stealth Rock|p2a: Slowking
|-sidestart|p2: tammy2cheeks|move: Stealth Rock
|
|upkeep
|turn|17
|
|t:|1743778221
|move|p1a: Arcanine|Morning Sun|p1a: Arcanine
|-heal|p1a: Arcanine|91/100
|-prepare|p2a: Slowking|Chilly Reception|[premajor]
|move|p2a: Slowking|Chilly Reception|p2a: Slowking
|-weather|Snowscape
|
|t:|1743778230
|switch|p2a: Zamazenta|Zamazenta|74/100|[from] Chilly Reception
|-damage|p2a: Zamazenta|68/100|[from] Stealth Rock
|
|-weather|Snowscape|[upkeep]
|upkeep
|turn|18
|
|t:|1743778243
|switch|p1a: Corviknight|Corviknight, M|6/100
|-damage|p1a: Corviknight|0 fnt|[from] Stealth Rock
|faint|p1a: Corviknight
|move|p2a: Zamazenta|Close Combat|p1: Corviknight|[notarget]
|-fail|p2a: Zamazenta
|
|-weather|Snowscape|[upkeep]
|upkeep
|
|t:|1743778252
|switch|p1a: Primarina|Primarina, M|78/100
|-damage|p1a: Primarina|65/100|[from] Stealth Rock
|turn|19
|
|t:|1743778256
|switch|p2a: Slowking|Slowking-Galar, F, tera:Water|100/100
|move|p1a: Primarina|Moonblast|p2a: Slowking
|-damage|p2a: Slowking|53/100
|-unboost|p2a: Slowking|spa|1
|
|-weather|Snowscape|[upkeep]
|upkeep
|turn|20
|
|t:|1743778270
|move|p1a: Primarina|Moonblast|p2a: Slowking
|-damage|p2a: Slowking|10/100
|-prepare|p2a: Slowking|Chilly Reception|[premajor]
|move|p2a: Slowking|Chilly Reception|p2a: Slowking
|
|t:|1743778279
|switch|p2a: Meowscarada|Meowscarada, F, shiny|100/100|[from] Chilly Reception
|-damage|p2a: Meowscarada|88/100|[from] Stealth Rock
|
|-weather|Snowscape|[upkeep]
|upkeep
|turn|21
|
|t:|1743778291
|switch|p1a: Arcanine|Arcanine-Hisui, M|91/100
|-ability|p1a: Arcanine|Intimidate|boost
|-unboost|p2a: Meowscarada|atk|1
|move|p2a: Meowscarada|Flower Trick|p1a: Arcanine
|-start|p2a: Meowscarada|typechange|Grass|[from] ability: Protean
|-crit|p1a: Arcanine
|-damage|p1a: Arcanine|55/100
|
|-weather|none
|upkeep
|turn|22
|
|t:|1743778298
|switch|p2a: Slowking|Slowking-Galar, F, tera:Water|43/100
|move|p1a: Arcanine|Will-O-Wisp|p2a: Slowking|[miss]
|-miss|p1a: Arcanine|p2a: Slowking
|
|upkeep
|turn|23
|
|t:|1743778308
|move|p1a: Arcanine|Head Smash|p2a: Slowking
|-damage|p2a: Slowking|0 fnt
|faint|p2a: Slowking
|-damage|p1a: Arcanine|33/100|[from] Recoil
|
|upkeep
|
|t:|1743778311
|switch|p2a: Zamazenta|Zamazenta|68/100
|-damage|p2a: Zamazenta|62/100|[from] Stealth Rock
|turn|24
|
|t:|1743778318
|-terastallize|p1a: Arcanine|Ghost
|move|p2a: Zamazenta|Close Combat|p1a: Arcanine
|-immune|p1a: Arcanine
|move|p1a: Arcanine|Morning Sun|p1a: Arcanine
|-heal|p1a: Arcanine|83/100
|
|upkeep
|turn|25
|
|t:|1743778344
|switch|p2a: Walking Wake|Walking Wake|100/100
|-damage|p2a: Walking Wake|88/100|[from] Stealth Rock
|move|p1a: Arcanine|Will-O-Wisp|p2a: Walking Wake
|-status|p2a: Walking Wake|brn
|
|-damage|p2a: Walking Wake|82/100 brn|[from] brn
|upkeep
|turn|26
|
|t:|1743778354
|switch|p1a: Rillaboom|Rillaboom, M|100/100
|-damage|p1a: Rillaboom|88/100|[from] Stealth Rock
|-fieldstart|move: Grassy Terrain|[from] ability: Grassy Surge|[of] p1a: Rillaboom
|move|p2a: Walking Wake|Hydro Pump|p1a: Rillaboom
|-resisted|p1a: Rillaboom
|-damage|p1a: Rillaboom|42/100
|
|-heal|p2a: Walking Wake|88/100 brn|[from] Grassy Terrain
|-heal|p1a: Rillaboom|48/100|[from] Grassy Terrain
|-damage|p2a: Walking Wake|82/100 brn|[from] brn
|upkeep
|turn|27
|inactive|tammy2cheeks has 120 seconds left.
|
|t:|1743778384
|move|p2a: Walking Wake|Hydro Pump|p1a: Rillaboom
|-resisted|p1a: Rillaboom
|-damage|p1a: Rillaboom|0 fnt
|faint|p1a: Rillaboom
|
|-heal|p2a: Walking Wake|88/100 brn|[from] Grassy Terrain
|-damage|p2a: Walking Wake|82/100 brn|[from] brn
|upkeep
|
|t:|1743778392
|switch|p1a: Primarina|Primarina, M|65/100
|-damage|p1a: Primarina|53/100|[from] Stealth Rock
|turn|28
|inactive|tammy2cheeks has 120 seconds left.
|
|t:|1743778419
|-end|p2a: Walking Wake|Protosynthesis|[silent]
|switch|p2a: Cinderace|Cinderace, M|59/100
|move|p1a: Primarina|Moonblast|p2a: Cinderace
|-resisted|p2a: Cinderace
|-damage|p2a: Cinderace|14/100
|
|-heal|p2a: Cinderace|20/100|[from] Grassy Terrain
|-heal|p1a: Primarina|59/100|[from] Grassy Terrain
|upkeep
|turn|29
|
|t:|1743778434
|switch|p1a: Arcanine|Arcanine-Hisui, M, tera:Ghost|83/100
|-ability|p1a: Arcanine|Intimidate|boost
|-unboost|p2a: Cinderace|atk|1
|move|p2a: Cinderace|Pyro Ball|p1a: Arcanine
|-damage|p1a: Arcanine|58/100
|
|-heal|p2a: Cinderace|26/100|[from] Grassy Terrain
|-heal|p1a: Arcanine|64/100|[from] Grassy Terrain
|upkeep
|turn|30
|
|t:|1743778441
|move|p2a: Cinderace|U-turn|p1a: Arcanine
|-start|p2a: Cinderace|typechange|Bug|[from] ability: Libero
|-resisted|p1a: Arcanine
|-damage|p1a: Arcanine|57/100
|
|t:|1743778455
|switch|p2a: Walking Wake|Walking Wake|82/100 brn|[from] U-turn
|-damage|p2a: Walking Wake|70/100 brn|[from] Stealth Rock
|move|p1a: Arcanine|Morning Sun|p1a: Arcanine
|-heal|p1a: Arcanine|100/100
|
|-heal|p2a: Walking Wake|76/100 brn|[from] Grassy Terrain
|-damage|p2a: Walking Wake|70/100 brn|[from] brn
|upkeep
|turn|31
|
|t:|1743778483
|switch|p1a: Kingambit|Kingambit, F|100/100 par
|-damage|p1a: Kingambit|94/100 par|[from] Stealth Rock
|-activate|p1a: Kingambit|ability: Supreme Overlord
|-start|p1a: Kingambit|fallen3|[silent]
|move|p2a: Walking Wake|Hydro Pump|p1a: Kingambit
|-damage|p1a: Kingambit|14/100 par
|
|-heal|p2a: Walking Wake|76/100 brn|[from] Grassy Terrain
|-heal|p1a: Kingambit|20/100 par|[from] Grassy Terrain
|-heal|p1a: Kingambit|26/100 par|[from] item: Leftovers
|-damage|p2a: Walking Wake|70/100 brn|[from] brn
|upkeep
|turn|32
|
|t:|1743778493
|move|p1a: Kingambit|Sucker Punch|p2a: Walking Wake
|-damage|p2a: Walking Wake|15/100 brn
|move|p2a: Walking Wake|Hydro Pump|p1a: Kingambit
|-damage|p1a: Kingambit|0 fnt
|faint|p1a: Kingambit
|-end|p1a: Kingambit|fallen3|[silent]
|
|-heal|p2a: Walking Wake|21/100 brn|[from] Grassy Terrain
|-damage|p2a: Walking Wake|15/100 brn|[from] brn
|upkeep
|
|t:|1743778502
|switch|p1a: Primarina|Primarina, M|59/100
|-damage|p1a: Primarina|47/100|[from] Stealth Rock
|turn|33
|inactive|tammy2cheeks has 120 seconds left.
|
|t:|1743778514
|move|p2a: Walking Wake|Hydro Pump|p1a: Primarina
|-resisted|p1a: Primarina
|-damage|p1a: Primarina|11/100
|move|p1a: Primarina|Moonblast|p2a: Walking Wake
|-supereffective|p2a: Walking Wake
|-damage|p2a: Walking Wake|0 fnt
|faint|p2a: Walking Wake
|-end|p2a: Walking Wake|Protosynthesis|[silent]
|
|-heal|p1a: Primarina|17/100|[from] Grassy Terrain
|-fieldend|move: Grassy Terrain
|upkeep
|inactive|tammy2cheeks has 120 seconds left.
|
|t:|1743778543
|switch|p2a: Meowscarada|Meowscarada, F, shiny|88/100
|-damage|p2a: Meowscarada|76/100|[from] Stealth Rock
|turn|34
|inactive|tammy2cheeks has 90 seconds left.
|
|t:|1743778581
|move|p2a: Meowscarada|Knock Off|p1a: Primarina
|-start|p2a: Meowscarada|typechange|Dark|[from] ability: Protean
|-resisted|p1a: Primarina
|-damage|p1a: Primarina|0 fnt
|-enditem|p1a: Primarina|Choice Specs|[from] move: Knock Off|[of] p2a: Meowscarada
|faint|p1a: Primarina
|
|upkeep
|
|t:|1743778587
|switch|p1a: Arcanine|Arcanine-Hisui, M, tera:Ghost|100/100
|-ability|p1a: Arcanine|Intimidate|boost
|-unboost|p2a: Meowscarada|atk|1
|turn|35
|
|t:|1743778589
|switch|p2a: Cinderace|Cinderace, M|26/100
|move|p1a: Arcanine|Will-O-Wisp|p2a: Cinderace|[miss]
|-miss|p1a: Arcanine|p2a: Cinderace
|
|upkeep
|turn|36
|
|t:|1743778598
|move|p2a: Cinderace|Pyro Ball|p1a: Arcanine
|-damage|p1a: Arcanine|65/100
|move|p1a: Arcanine|Morning Sun|p1a: Arcanine
|-heal|p1a: Arcanine|100/100
|
|upkeep
|turn|37
|
|t:|1743778604
|move|p2a: Cinderace|Pyro Ball|p1a: Arcanine
|-damage|p1a: Arcanine|68/100
|move|p1a: Arcanine|Head Smash|p2a: Cinderace|[miss]
|-miss|p1a: Arcanine|p2a: Cinderace
|
|upkeep
|turn|38
|
|t:|1743778607
|move|p2a: Cinderace|Pyro Ball|p1a: Arcanine
|-damage|p1a: Arcanine|31/100
|move|p1a: Arcanine|Morning Sun|p1a: Arcanine
|-heal|p1a: Arcanine|81/100
|
|upkeep
|turn|39
|
|t:|1743778611
|move|p2a: Cinderace|Pyro Ball|p1a: Arcanine
|-damage|p1a: Arcanine|46/100
|move|p1a: Arcanine|Morning Sun|p1a: Arcanine
|-heal|p1a: Arcanine|96/100
|
|upkeep
|turn|40
|
|t:|1743778619
|move|p2a: Cinderace|Pyro Ball|p1a: Arcanine
|-damage|p1a: Arcanine|61/100
|move|p1a: Arcanine|Head Smash|p2a: Cinderace
|-supereffective|p2a: Cinderace
|-damage|p2a: Cinderace|0 fnt
|faint|p2a: Cinderace
|-damage|p1a: Arcanine|50/100|[from] Recoil
|
|upkeep
|inactive|tammy2cheeks has 120 seconds left.
|
|t:|1743778634
|switch|p2a: Zamazenta|Zamazenta|62/100
|-damage|p2a: Zamazenta|56/100|[from] Stealth Rock
|turn|41
|
|t:|1743778642
|move|p2a: Zamazenta|Crunch|p1a: Arcanine
|-supereffective|p1a: Arcanine
|-damage|p1a: Arcanine|0 fnt
|faint|p1a: Arcanine
|
|win|tammy2cheeks
|raw|moronicmonki's rating: 1523 &rarr; <strong>1504</strong><br />(-19 for losing)
|raw|tammy2cheeks's rating: 1542 &rarr; <strong>1561</strong><br />(+19 for winning)
|l|☆moronicmonki
|player|p1|
|l|☆tammy2cheeks
|player|p2|
