|j|☆zac_idk
|j|☆Xaymo Clubhouse
|t:|1743802430
|gametype|singles
|player|p1|zac_idk|swimmerf|1101
|player|p2|Xaymo Clubhouse|101|1070
|teamsize|p1|6
|teamsize|p2|6
|gen|9
|tier|[Gen 9] OU
|rated|
|rule|HP Percentage Mod: HP is shown in percentages
|rule|Endless Battle Clause: Forcing endless battles is banned
|rule|Species Clause: Limit one of each Pokémon
|rule|OHKO Clause: OHKO moves are banned
|rule|Evasion Items Clause: Evasion items are banned
|rule|Evasion Moves Clause: Evasion moves are banned
|rule|Sleep Moves Clause: Sleep-inducing moves are banned
|clearpoke
|poke|p1|Meowscarada, F|
|poke|p1|Garchomp, F|
|poke|p1|Hydreigon, M|
|poke|p1|Gholdengo|
|poke|p1|Articuno-Galar|
|poke|p1|Diancie|
|poke|p2|Blissey, F|
|poke|p2|Clefable, F|
|poke|p2|Gliscor, F|
|poke|p2|Ting-Lu|
|poke|p2|Dondozo, F|
|poke|p2|Amoonguss, F|
|teampreview
|inactive|Battle timer is ON: inactive players will automatically lose when time's up. (requested by Xaymo Clubhouse)
|
|t:|1743802447
|start
|switch|p1a: Hydreigon|Hydreigon, M|100/100
|switch|p2a: Clefable|Clefable, F|100/100
|turn|1
|
|t:|1743802462
|move|p1a: Hydreigon|Dark Pulse|p2a: Clefable
|-resisted|p2a: Clefable
|-damage|p2a: Clefable|82/100
|move|p2a: Clefable|Knock Off|p1a: Hydreigon
|-resisted|p1a: Hydreigon
|-damage|p1a: Hydreigon|92/100
|-enditem|p1a: Hydreigon|Rocky Helmet|[from] move: Knock Off|[of] p2a: Clefable
|
|upkeep
|turn|2
|
|t:|1743802475
|switch|p1a: Diancie|Diancie|100/100
|move|p2a: Clefable|Moonblast|p1a: Diancie
|-damage|p1a: Diancie|73/100
|
|upkeep
|turn|3
|
|t:|1743802487
|switch|p2a: Amoonguss|Amoonguss, F|100/100
|move|p1a: Diancie|Body Press|p2a: Amoonguss
|-resisted|p2a: Amoonguss
|-damage|p2a: Amoonguss|90/100
|
|upkeep
|turn|4
|
|t:|1743802495
|move|p1a: Diancie|Diamond Storm|p2a: Amoonguss
|-damage|p2a: Amoonguss|63/100
|-boost|p1a: Diancie|def|2
|move|p2a: Amoonguss|Toxic|p1a: Diancie
|-status|p1a: Diancie|tox
|
|-damage|p1a: Diancie|66/100 tox|[from] psn
|upkeep
|turn|5
|
|t:|1743802509
|move|p1a: Diancie|Dazzling Gleam|p2a: Amoonguss
|-resisted|p2a: Amoonguss
|-crit|p2a: Amoonguss
|-damage|p2a: Amoonguss|41/100
|move|p2a: Amoonguss|Synthesis|p2a: Amoonguss
|-heal|p2a: Amoonguss|91/100
|
|-damage|p1a: Diancie|54/100 tox|[from] psn
|upkeep
|turn|6
|
|t:|1743802520
|switch|p1a: Meowscarada|Meowscarada, F|100/100
|move|p2a: Amoonguss|Seed Bomb|p1a: Meowscarada
|-resisted|p1a: Meowscarada
|-damage|p1a: Meowscarada|82/100
|
|upkeep
|turn|7
|
|t:|1743802529
|switch|p2a: Dondozo|Dondozo, F|100/100
|move|p1a: Meowscarada|Triple Axel|p2a: Dondozo
|-start|p1a: Meowscarada|typechange|Ice|[from] ability: Protean
|-resisted|p2a: Dondozo
|-damage|p2a: Dondozo|97/100
|-resisted|p2a: Dondozo
|-damage|p2a: Dondozo|90/100
|-resisted|p2a: Dondozo
|-damage|p2a: Dondozo|80/100
|-hitcount|p2a: Dondozo|3
|
|upkeep
|turn|8
|
|t:|1743802543
|switch|p1a: Hydreigon|Hydreigon, M|92/100
|move|p2a: Dondozo|Waterfall|p1a: Hydreigon
|-resisted|p1a: Hydreigon
|-damage|p1a: Hydreigon|76/100
|
|upkeep
|turn|9
|
|t:|1743802554
|switch|p2a: Clefable|Clefable, F|82/100
|move|p1a: Hydreigon|Dragon Pulse|p2a: Clefable
|-immune|p2a: Clefable
|
|upkeep
|turn|10
|
|t:|1743802564
|switch|p1a: Articuno|Articuno-Galar|100/100
|move|p2a: Clefable|Wish|p2a: Clefable
|
|upkeep
|turn|11
|
|t:|1743802571
|switch|p2a: Blissey|Blissey, F|100/100
|move|p1a: Articuno|Calm Mind|p1a: Articuno
|-boost|p1a: Articuno|spa|1
|-boost|p1a: Articuno|spd|1
|
|upkeep
|turn|12
|
|t:|1743802581
|switch|p1a: Cheese|Gholdengo|100/100
|move|p2a: Blissey|Calm Mind|p2a: Blissey
|-boost|p2a: Blissey|spa|1
|-boost|p2a: Blissey|spd|1
|
|upkeep
|turn|13
|
|t:|1743802593
|move|p1a: Cheese|Make It Rain|p2a: Blissey
|-damage|p2a: Blissey|87/100
|-unboost|p1a: Cheese|spa|1
|move|p2a: Blissey|Calm Mind|p2a: Blissey
|-boost|p2a: Blissey|spa|1
|-boost|p2a: Blissey|spd|1
|
|upkeep
|turn|14
|
|t:|1743802606
|switch|p1a: Garchomp|Garchomp, F|100/100
|move|p2a: Blissey|Calm Mind|p2a: Blissey
|-boost|p2a: Blissey|spa|1
|-boost|p2a: Blissey|spd|1
|
|upkeep
|turn|15
|
|t:|1743802620
|switch|p2a: Amoonguss|Amoonguss, F|100/100
|move|p1a: Garchomp|Earthquake|p2a: Amoonguss
|-damage|p2a: Amoonguss|61/100
|
|upkeep
|turn|16
|
|t:|1743802631
|move|p1a: Garchomp|Swords Dance|p1a: Garchomp
|-boost|p1a: Garchomp|atk|2
|move|p2a: Amoonguss|Toxic|p1a: Garchomp
|-status|p1a: Garchomp|tox
|
|-damage|p1a: Garchomp|94/100 tox|[from] psn
|upkeep
|turn|17
|
|t:|1743802640
|switch|p2a: Dondozo|Dondozo, F|80/100
|move|p1a: Garchomp|Earthquake|p2a: Dondozo
|-damage|p2a: Dondozo|57/100
|
|-damage|p1a: Garchomp|82/100 tox|[from] psn
|upkeep
|turn|18
|
|t:|1743802651
|move|p1a: Garchomp|Iron Head|p2a: Dondozo
|-resisted|p2a: Dondozo
|-damage|p2a: Dondozo|51/100
|cant|p2a: Dondozo|flinch
|
|-damage|p1a: Garchomp|64/100 tox|[from] psn
|upkeep
|turn|19
|
|t:|1743802666
|move|p1a: Garchomp|Iron Head|p2a: Dondozo
|-resisted|p2a: Dondozo
|-damage|p2a: Dondozo|44/100
|move|p2a: Dondozo|Rest|p2a: Dondozo
|-status|p2a: Dondozo|slp|[from] move: Rest
|-heal|p2a: Dondozo|100/100 slp|[silent]
|
|-damage|p1a: Garchomp|39/100 tox|[from] psn
|upkeep
|turn|20
|
|t:|1743802680
|move|p1a: Garchomp|Swords Dance|p1a: Garchomp
|-boost|p1a: Garchomp|atk|2
|cant|p2a: Dondozo|slp
|move|p2a: Dondozo|Sleep Talk|p2a: Dondozo
|move|p2a: Dondozo|Waterfall|p1a: Garchomp|[from] move: Sleep Talk
|-damage|p1a: Garchomp|11/100 tox
|-damage|p2a: Dondozo|88/100 slp|[from] ability: Rough Skin|[of] p1a: Garchomp
|-damage|p2a: Dondozo|71/100 slp|[from] item: Rocky Helmet|[of] p1a: Garchomp
|
|-damage|p1a: Garchomp|0 fnt|[from] psn
|faint|p1a: Garchomp
|upkeep
|
|t:|1743802697
|switch|p1a: Cheese|Gholdengo|100/100
|turn|21
|
|t:|1743802701
|switch|p2a: Blissey|Blissey, F|87/100
|move|p1a: Cheese|Make It Rain|p2a: Blissey
|-damage|p2a: Blissey|66/100
|-unboost|p1a: Cheese|spa|1
|
|upkeep
|turn|22
|
|t:|1743802712
|switch|p1a: Meowscarada|Meowscarada, F|82/100
|move|p2a: Blissey|Soft-Boiled|p2a: Blissey
|-heal|p2a: Blissey|100/100
|
|upkeep
|turn|23
|
|t:|1743802722
|switch|p2a: Clefable|Clefable, F|82/100
|move|p1a: Meowscarada|Flower Trick|p2a: Clefable
|-start|p1a: Meowscarada|typechange|Grass|[from] ability: Protean
|-crit|p2a: Clefable
|-damage|p2a: Clefable|19/100
|
|upkeep
|turn|24
|
|t:|1743802734
|switch|p1a: Cheese|Gholdengo|100/100
|switch|p2a: Amoonguss|Amoonguss, F|94/100
|
|upkeep
|turn|25
|
|t:|1743802757
|switch|p2a: Ting-Lu|Ting-Lu|100/100
|-ability|p2a: Ting-Lu|Vessel of Ruin
|move|p1a: Cheese|Thunderbolt|p2a: Ting-Lu
|-immune|p2a: Ting-Lu
|
|upkeep
|turn|26
|
|t:|1743802768
|switch|p1a: Meowscarada|Meowscarada, F|82/100
|move|p2a: Ting-Lu|Stealth Rock|p1a: Meowscarada
|-sidestart|p1: zac_idk|move: Stealth Rock
|
|upkeep
|turn|27
|
|t:|1743802779
|move|p2a: Ting-Lu|Protect|p2a: Ting-Lu
|-singleturn|p2a: Ting-Lu|Protect
|move|p1a: Meowscarada|Triple Axel|p2a: Ting-Lu
|-start|p1a: Meowscarada|typechange|Ice|[from] ability: Protean
|-activate|p2a: Ting-Lu|move: Protect
|
|upkeep
|turn|28
|
|t:|1743802788
|switch|p2a: Dondozo|Dondozo, F|71/100 slp
|move|p1a: Meowscarada|Triple Axel|p2a: Dondozo
|-resisted|p2a: Dondozo
|-damage|p2a: Dondozo|68/100 slp
|-hitcount|p2a: Dondozo|1
|
|upkeep
|turn|29
|
|t:|1743802798
|switch|p1a: Articuno|Articuno-Galar|100/100
|-damage|p1a: Articuno|76/100|[from] Stealth Rock
|cant|p2a: Dondozo|slp
|move|p2a: Dondozo|Sleep Talk|p2a: Dondozo
|move|p2a: Dondozo|Rest||[from] move: Sleep Talk|[still]
|-fail|p2a: Dondozo
|
|-heal|p1a: Articuno|82/100|[from] item: Leftovers
|upkeep
|turn|30
|
|t:|1743802814
|switch|p2a: Blissey|Blissey, F|100/100
|move|p1a: Articuno|Calm Mind|p1a: Articuno
|-boost|p1a: Articuno|spa|1
|-boost|p1a: Articuno|spd|1
|
|-heal|p1a: Articuno|88/100|[from] item: Leftovers
|upkeep
|turn|31
|
|t:|1743802824
|move|p1a: Articuno|Ancient Power|p2a: Blissey
|-damage|p2a: Blissey|92/100
|move|p2a: Blissey|Calm Mind|p2a: Blissey
|-boost|p2a: Blissey|spa|1
|-boost|p2a: Blissey|spd|1
|
|-heal|p1a: Articuno|94/100|[from] item: Leftovers
|upkeep
|turn|32
|
|t:|1743802833
|move|p1a: Articuno|Calm Mind|p1a: Articuno
|-boost|p1a: Articuno|spa|1
|-boost|p1a: Articuno|spd|1
|move|p2a: Blissey|Calm Mind|p2a: Blissey
|-boost|p2a: Blissey|spa|1
|-boost|p2a: Blissey|spd|1
|
|-heal|p1a: Articuno|99/100|[from] item: Leftovers
|upkeep
|turn|33
|
|t:|1743802842
|move|p1a: Articuno|Calm Mind|p1a: Articuno
|-boost|p1a: Articuno|spa|1
|-boost|p1a: Articuno|spd|1
|move|p2a: Blissey|Calm Mind|p2a: Blissey
|-boost|p2a: Blissey|spa|1
|-boost|p2a: Blissey|spd|1
|
|-heal|p1a: Articuno|100/100|[from] item: Leftovers
|upkeep
|turn|34
|
|t:|1743802853
|move|p1a: Articuno|Calm Mind|p1a: Articuno
|-boost|p1a: Articuno|spa|1
|-boost|p1a: Articuno|spd|1
|move|p2a: Blissey|Seismic Toss|p1a: Articuno
|-damage|p1a: Articuno|71/100
|
|-heal|p1a: Articuno|77/100|[from] item: Leftovers
|upkeep
|turn|35
|
|t:|1743802865
|move|p1a: Articuno|Calm Mind|p1a: Articuno
|-boost|p1a: Articuno|spa|1
|-boost|p1a: Articuno|spd|1
|move|p2a: Blissey|Seismic Toss|p1a: Articuno
|-damage|p1a: Articuno|48/100
|
|-heal|p1a: Articuno|54/100|[from] item: Leftovers
|upkeep
|turn|36
|
|t:|1743802874
|move|p1a: Articuno|Calm Mind|p1a: Articuno
|-boost|p1a: Articuno|spa|1
|-boost|p1a: Articuno|spd|1
|move|p2a: Blissey|Seismic Toss|p1a: Articuno
|-damage|p1a: Articuno|25/100
|
|-heal|p1a: Articuno|31/100|[from] item: Leftovers
|upkeep
|turn|37
|
|t:|1743802889
|move|p1a: Articuno|Freezing Glare|p2a: Blissey
|-damage|p2a: Blissey|72/100
|move|p2a: Blissey|Seismic Toss|p1a: Articuno
|-damage|p1a: Articuno|2/100
|
|-heal|p1a: Articuno|8/100|[from] item: Leftovers
|upkeep
|turn|38
|
|t:|1743802899
|move|p1a: Articuno|Shadow Ball|p2a: Blissey
|-immune|p2a: Blissey
|move|p2a: Blissey|Seismic Toss|p1a: Articuno
|-damage|p1a: Articuno|0 fnt
|faint|p1a: Articuno
|
|upkeep
|
|t:|1743802909
|switch|p1a: Cheese|Gholdengo|100/100
|-damage|p1a: Cheese|94/100|[from] Stealth Rock
|turn|39
|
|t:|1743802916
|move|p1a: Cheese|Thunderbolt|p2a: Blissey
|-damage|p2a: Blissey|68/100
|move|p2a: Blissey|Flamethrower|p1a: Cheese
|-supereffective|p1a: Cheese
|-damage|p1a: Cheese|11/100
|
|upkeep
|turn|40
|
|t:|1743802925
|switch|p1a: Diancie|Diancie|54/100 tox
|-damage|p1a: Diancie|42/100 tox|[from] Stealth Rock
|move|p2a: Blissey|Soft-Boiled|p2a: Blissey
|-heal|p2a: Blissey|100/100
|
|-damage|p1a: Diancie|35/100 tox|[from] psn
|upkeep
|turn|41
|inactive|zac_idk has 120 seconds left.
|
|t:|1743802981
|switch|p2a: Gliscor|Gliscor, F|100/100
|move|p1a: Diancie|Dazzling Gleam|p2a: Gliscor
|-damage|p2a: Gliscor|59/100
|
|-damage|p1a: Diancie|23/100 tox|[from] psn
|-status|p2a: Gliscor|tox|[from] item: Toxic Orb
|upkeep
|turn|42
|
|t:|1743803002
|switch|p1a: Meowscarada|Meowscarada, F|82/100
|-damage|p1a: Meowscarada|70/100|[from] Stealth Rock
|move|p2a: Gliscor|Protect||[still]
|-fail|p2a: Gliscor
|
|-heal|p2a: Gliscor|72/100 tox|[from] ability: Poison Heal
|upkeep
|turn|43
|
|t:|1743803014
|move|p2a: Gliscor|Protect|p2a: Gliscor
|-singleturn|p2a: Gliscor|Protect
|move|p1a: Meowscarada|Triple Axel|p2a: Gliscor
|-start|p1a: Meowscarada|typechange|Ice|[from] ability: Protean
|-activate|p2a: Gliscor|move: Protect
|
|-heal|p2a: Gliscor|84/100 tox|[from] ability: Poison Heal
|upkeep
|turn|44
|
|t:|1743803025
|switch|p2a: Dondozo|Dondozo, F|68/100 slp
|move|p1a: Meowscarada|Triple Axel|p2a: Dondozo
|-resisted|p2a: Dondozo
|-damage|p2a: Dondozo|64/100 slp
|-resisted|p2a: Dondozo
|-damage|p2a: Dondozo|58/100 slp
|-resisted|p2a: Dondozo
|-damage|p2a: Dondozo|47/100 slp
|-hitcount|p2a: Dondozo|3
|
|upkeep
|turn|45
|
|t:|1743803037
|move|p1a: Meowscarada|Triple Axel|p2a: Dondozo
|-resisted|p2a: Dondozo
|-damage|p2a: Dondozo|44/100 slp
|-resisted|p2a: Dondozo
|-damage|p2a: Dondozo|37/100 slp
|-resisted|p2a: Dondozo
|-damage|p2a: Dondozo|27/100 slp
|-hitcount|p2a: Dondozo|3
|-curestatus|p2a: Dondozo|slp|[msg]
|move|p2a: Dondozo|Rest|p2a: Dondozo
|-status|p2a: Dondozo|slp|[from] move: Rest
|-heal|p2a: Dondozo|100/100 slp|[silent]
|
|upkeep
|turn|46
|
|t:|1743803051
|switch|p1a: Hydreigon|Hydreigon, M|76/100
|-damage|p1a: Hydreigon|64/100|[from] Stealth Rock
|cant|p2a: Dondozo|slp
|move|p2a: Dondozo|Sleep Talk|p2a: Dondozo
|move|p2a: Dondozo|Rest||[from] move: Sleep Talk|[still]
|-fail|p2a: Dondozo
|
|upkeep
|turn|47
|
|t:|1743803063
|switch|p1a: Meowscarada|Meowscarada, F|70/100
|-damage|p1a: Meowscarada|57/100|[from] Stealth Rock
|switch|p2a: Ting-Lu|Ting-Lu|100/100
|-ability|p2a: Ting-Lu|Vessel of Ruin
|
|upkeep
|turn|48
|
|t:|1743803073
|move|p2a: Ting-Lu|Protect|p2a: Ting-Lu
|-singleturn|p2a: Ting-Lu|Protect
|move|p1a: Meowscarada|Triple Axel|p2a: Ting-Lu
|-start|p1a: Meowscarada|typechange|Ice|[from] ability: Protean
|-activate|p2a: Ting-Lu|move: Protect
|
|upkeep
|turn|49
|
|t:|1743803082
|switch|p2a: Dondozo|Dondozo, F|100/100 slp
|move|p1a: Meowscarada|Triple Axel|p2a: Dondozo
|-resisted|p2a: Dondozo
|-damage|p2a: Dondozo|97/100 slp
|-resisted|p2a: Dondozo
|-damage|p2a: Dondozo|90/100 slp
|-resisted|p2a: Dondozo
|-damage|p2a: Dondozo|80/100 slp
|-hitcount|p2a: Dondozo|3
|
|upkeep
|turn|50
|
|t:|1743803094
|switch|p1a: Diancie|Diancie|23/100 tox
|-damage|p1a: Diancie|10/100 tox|[from] Stealth Rock
|cant|p2a: Dondozo|slp
|move|p2a: Dondozo|Sleep Talk|p2a: Dondozo
|move|p2a: Dondozo|Curse|p2a: Dondozo|[from] move: Sleep Talk
|-unboost|p2a: Dondozo|spe|1
|-boost|p2a: Dondozo|atk|1
|-boost|p2a: Dondozo|def|1
|
|-damage|p1a: Diancie|4/100 tox|[from] psn
|upkeep
|turn|51
|
|t:|1743803110
|switch|p2a: Gliscor|Gliscor, F|84/100 tox
|move|p1a: Diancie|Body Press|p2a: Gliscor
|-resisted|p2a: Gliscor
|-damage|p2a: Gliscor|76/100 tox
|
|-heal|p2a: Gliscor|88/100 tox|[from] ability: Poison Heal
|-damage|p1a: Diancie|0 fnt|[from] psn
|faint|p1a: Diancie
|upkeep
|inactive|zac_idk has 90 seconds left.
|
|t:|1743803126
|switch|p1a: Meowscarada|Meowscarada, F|57/100
|-damage|p1a: Meowscarada|45/100|[from] Stealth Rock
|turn|52
|
|t:|1743803136
|move|p2a: Gliscor|Protect|p2a: Gliscor
|-singleturn|p2a: Gliscor|Protect
|move|p1a: Meowscarada|Flower Trick|p2a: Gliscor
|-start|p1a: Meowscarada|typechange|Grass|[from] ability: Protean
|-activate|p2a: Gliscor|move: Protect
|
|-heal|p2a: Gliscor|100/100 tox|[from] ability: Poison Heal
|upkeep
|turn|53
|
|t:|1743803147
|move|p1a: Meowscarada|Flower Trick|p2a: Gliscor
|-crit|p2a: Gliscor
|-damage|p2a: Gliscor|50/100 tox
|move|p2a: Gliscor|Spikes|p1a: Meowscarada
|-sidestart|p1: zac_idk|Spikes
|
|-heal|p2a: Gliscor|63/100 tox|[from] ability: Poison Heal
|upkeep
|turn|54
|
|t:|1743803156
|move|p2a: Gliscor|Protect|p2a: Gliscor
|-singleturn|p2a: Gliscor|Protect
|move|p1a: Meowscarada|Flower Trick|p2a: Gliscor
|-activate|p2a: Gliscor|move: Protect
|
|-heal|p2a: Gliscor|75/100 tox|[from] ability: Poison Heal
|upkeep
|turn|55
|inactive|zac_idk has 90 seconds left.
|
|t:|1743803177
|switch|p2a: Amoonguss|Amoonguss, F|100/100
|move|p1a: Meowscarada|Flower Trick|p2a: Amoonguss
|-resisted|p2a: Amoonguss
|-crit|p2a: Amoonguss
|-damage|p2a: Amoonguss|87/100
|
|upkeep
|turn|56
|
|t:|1743803186
|switch|p1a: Cheese|Gholdengo|11/100
|-damage|p1a: Cheese|5/100|[from] Stealth Rock
|-damage|p1a: Cheese|0 fnt|[from] Spikes
|faint|p1a: Cheese
|move|p2a: Amoonguss|Toxic|p1: Cheese|[notarget]
|-fail|p2a: Amoonguss
|
|upkeep
|inactive|zac_idk has 90 seconds left.
|
|t:|1743803201
|switch|p1a: Hydreigon|Hydreigon, M|64/100
|-damage|p1a: Hydreigon|51/100|[from] Stealth Rock
|turn|57
|inactive|zac_idk has 90 seconds left.
|
|t:|1743803209
|move|p1a: Hydreigon|Earthquake|p2a: Amoonguss
|-damage|p2a: Amoonguss|68/100
|move|p2a: Amoonguss|Toxic|p1a: Hydreigon
|-status|p1a: Hydreigon|tox
|
|-damage|p1a: Hydreigon|45/100 tox|[from] psn
|upkeep
|turn|58
|inactive|zac_idk has 90 seconds left.
|c|☆zac_idk|Crazy stall
|n|☆Xaymo Clubhouse|xaymoclubhouse
|inactive|zac_idk has 60 seconds left.
|c|☆Xaymo Clubhouse|👍
|inactive|zac_idk has 30 seconds left.
|inactive|zac_idk has 20 seconds left.
|inactive|zac_idk has 15 seconds left.
|inactive|zac_idk has 10 seconds left.
|inactive|zac_idk has 5 seconds left.
|-message|zac_idk lost due to inactivity.
|
|win|Xaymo Clubhouse
|raw|zac_idk's rating: 1101 &rarr; <strong>1074</strong><br />(-27 for losing)
|raw|Xaymo Clubhouse's rating: 1070 &rarr; <strong>1102</strong><br />(+32 for winning)
