|j|☆BadSinBad
|j|☆akko hd
|t:|1743794317
|gametype|singles
|player|p1|BadSinBad|roughneck-gen4|1472
|player|p2|akko hd|169|1469
|teamsize|p1|6
|teamsize|p2|6
|gen|9
|tier|[Gen 9] OU
|rated|
|rule|HP Percentage Mod: HP is shown in percentages
|rule|Endless Battle Clause: Forcing endless battles is banned
|rule|Species Clause: Limit one of each Pokémon
|rule|OHKO Clause: OHKO moves are banned
|rule|Evasion Items Clause: Evasion items are banned
|rule|Evasion Moves Clause: Evasion moves are banned
|rule|Sleep Moves Clause: Sleep-inducing moves are banned
|clearpoke
|poke|p1|Meowscarada, F|
|poke|p1|Gliscor, F|
|poke|p1|Ursaluna, F|
|poke|p1|Skarmory, M|
|poke|p1|Dragapult, F|
|poke|p1|Slowking-Galar, M|
|poke|p2|Moltres|
|poke|p2|Kingambit, F|
|poke|p2|Raging Bolt|
|poke|p2|Grimmsnarl, M|
|poke|p2|Great Tusk|
|poke|p2|Ogerpon-Wellspring, F|
|teampreview
|inactive|Battle timer is ON: inactive players will automatically lose when time's up. (requested by akko hd)
|
|t:|1743794329
|start
|switch|p1a: Meowscarada|Meowscarada, F|100/100
|switch|p2a: Grimmsnarl|Grimmsnarl, M|100/100
|turn|1
|
|t:|1743794354
|switch|p1a: Gliscor|Gliscor, F|100/100
|switch|p2a: Moltres|Moltres|100/100
|
|-status|p1a: Gliscor|tox|[from] item: Toxic Orb
|upkeep
|turn|2
|
|t:|1743794361
|move|p1a: Gliscor|Swords Dance|p1a: Gliscor
|-boost|p1a: Gliscor|atk|2
|move|p2a: Moltres|U-turn|p1a: Gliscor
|-resisted|p1a: Gliscor
|-damage|p1a: Gliscor|95/100 tox
|
|t:|1743794368
|switch|p2a: Ogerpon|Ogerpon-Wellspring, F|100/100|[from] U-turn
|
|-heal|p1a: Gliscor|100/100 tox|[from] ability: Poison Heal
|upkeep
|turn|3
|
|t:|1743794370
|-terastallize|p1a: Gliscor|Normal
|move|p2a: Ogerpon|Encore|p1a: Gliscor
|-start|p1a: Gliscor|Encore
|move|p1a: Gliscor|Swords Dance|p1a: Gliscor
|-boost|p1a: Gliscor|atk|2
|
|upkeep
|turn|4
|
|t:|1743794376
|switch|p1a: Skarmory|Skarmory, M|100/100
|move|p2a: Ogerpon|Swords Dance|p2a: Ogerpon
|-boost|p2a: Ogerpon|atk|2
|
|upkeep
|turn|5
|
|t:|1743794380
|move|p2a: Ogerpon|Ivy Cudgel|p1a: Skarmory|[anim] Ivy Cudgel Water
|-damage|p1a: Skarmory|33/100
|move|p1a: Skarmory|Brave Bird|p2a: Ogerpon
|-supereffective|p2a: Ogerpon
|-damage|p2a: Ogerpon|5/100
|-damage|p1a: Skarmory|5/100|[from] Recoil
|
|upkeep
|turn|6
|
|t:|1743794394
|switch|p1a: Meowscarada|Meowscarada, F|100/100
|move|p2a: Ogerpon|Ivy Cudgel|p1a: Meowscarada|[anim] Ivy Cudgel Water
|-resisted|p1a: Meowscarada
|-damage|p1a: Meowscarada|12/100
|
|upkeep
|turn|7
|
|t:|1743794403
|switch|p2a: Moltres|Moltres|100/100
|move|p1a: Meowscarada|Knock Off|p2a: Moltres
|-start|p1a: Meowscarada|typechange|Dark|[from] ability: Protean
|-damage|p2a: Moltres|60/100
|-enditem|p2a: Moltres|Heavy-Duty Boots|[from] move: Knock Off|[of] p1a: Meowscarada
|
|upkeep
|turn|8
|
|t:|1743794408
|move|p1a: Meowscarada|Spikes|p2a: Moltres
|-sidestart|p2: akko hd|Spikes
|move|p2a: Moltres|U-turn|p1a: Meowscarada
|-supereffective|p1a: Meowscarada
|-damage|p1a: Meowscarada|0 fnt
|faint|p1a: Meowscarada
|
|t:|1743794422
|switch|p2a: Grimmsnarl|Grimmsnarl, M|100/100|[from] U-turn
|-damage|p2a: Grimmsnarl|88/100|[from] Spikes
|
|upkeep
|
|t:|1743794427
|switch|p1a: Skarmory|Skarmory, M|5/100
|turn|9
|
|t:|1743794430
|move|p2a: Grimmsnarl|Thunder Wave|p1a: Skarmory
|-status|p1a: Skarmory|par
|move|p1a: Skarmory|Roost|p1a: Skarmory
|-heal|p1a: Skarmory|55/100 par
|-singleturn|p1a: Skarmory|move: Roost
|
|upkeep
|turn|10
|
|t:|1743794435
|move|p2a: Grimmsnarl|Parting Shot|p1a: Skarmory
|-unboost|p1a: Skarmory|atk|1
|-unboost|p1a: Skarmory|spa|1
|
|t:|1743794439
|switch|p2a: Moltres|Moltres|60/100|[from] Parting Shot
|move|p1a: Skarmory|Stealth Rock|p2a: Moltres
|-sidestart|p2: akko hd|move: Stealth Rock
|
|upkeep
|turn|11
|
|t:|1743794443
|switch|p1a: Gliscor|Gliscor, F, tera:Normal|100/100 tox
|move|p2a: Moltres|Heat Wave|p1a: Gliscor
|-damage|p1a: Gliscor|51/100 tox
|
|-heal|p1a: Gliscor|64/100 tox|[from] ability: Poison Heal
|upkeep
|turn|12
|
|t:|1743794451
|move|p1a: Gliscor|Facade|p2a: Moltres
|-damage|p2a: Moltres|18/100
|move|p2a: Moltres|U-turn|p1a: Gliscor
|-damage|p1a: Gliscor|52/100 tox
|
|t:|1743794459
|switch|p2a: Grimmsnarl|Grimmsnarl, M|88/100|[from] U-turn
|-damage|p2a: Grimmsnarl|76/100|[from] Spikes
|-damage|p2a: Grimmsnarl|63/100|[from] Stealth Rock
|
|-heal|p1a: Gliscor|65/100 tox|[from] ability: Poison Heal
|upkeep
|turn|13
|
|t:|1743794464
|move|p2a: Grimmsnarl|Reflect|p2a: Grimmsnarl
|-sidestart|p2: akko hd|Reflect
|move|p1a: Gliscor|Swords Dance|p1a: Gliscor
|-boost|p1a: Gliscor|atk|2
|
|-heal|p1a: Gliscor|77/100 tox|[from] ability: Poison Heal
|upkeep
|turn|14
|
|t:|1743794468
|move|p2a: Grimmsnarl|Light Screen|p2a: Grimmsnarl
|-sidestart|p2: akko hd|move: Light Screen
|move|p1a: Gliscor|Knock Off|p2a: Grimmsnarl
|-resisted|p2a: Grimmsnarl
|-damage|p2a: Grimmsnarl|57/100
|-enditem|p2a: Grimmsnarl|Light Clay|[from] move: Knock Off|[of] p1a: Gliscor
|
|-heal|p1a: Gliscor|89/100 tox|[from] ability: Poison Heal
|upkeep
|turn|15
|
|t:|1743794473
|move|p2a: Grimmsnarl|Parting Shot|p1a: Gliscor
|-unboost|p1a: Gliscor|atk|1
|-unboost|p1a: Gliscor|spa|1
|
|t:|1743794475
|switch|p2a: Ogerpon|Ogerpon-Wellspring, F|5/100|[from] Parting Shot
|-damage|p2a: Ogerpon|0 fnt|[from] Spikes
|faint|p2a: Ogerpon
|move|p1a: Gliscor|Swords Dance|p1a: Gliscor
|-boost|p1a: Gliscor|atk|2
|
|-heal|p1a: Gliscor|100/100 tox|[from] ability: Poison Heal
|upkeep
|
|t:|1743794485
|switch|p2a: Kingambit|Kingambit, F, shiny|100/100
|-damage|p2a: Kingambit|94/100|[from] Stealth Rock
|-activate|p2a: Kingambit|ability: Supreme Overlord
|-start|p2a: Kingambit|fallen1|[silent]
|-item|p2a: Kingambit|Air Balloon
|turn|16
|
|t:|1743794503
|move|p1a: Gliscor|Facade|p2a: Kingambit
|-resisted|p2a: Kingambit
|-crit|p2a: Kingambit
|-damage|p2a: Kingambit|36/100
|-enditem|p2a: Kingambit|Air Balloon
|move|p2a: Kingambit|Swords Dance|p2a: Kingambit
|-boost|p2a: Kingambit|atk|2
|
|upkeep
|turn|17
|c|☆akko hd|bro
|
|t:|1743794522
|-terastallize|p2a: Kingambit|Flying
|move|p1a: Gliscor|Facade|p2a: Kingambit
|-damage|p2a: Kingambit|0 fnt
|faint|p2a: Kingambit
|-end|p2a: Kingambit|fallen1|[silent]
|
|upkeep
|c|☆akko hd|your luck is crazy
|-message|akko hd forfeited.
|
|win|BadSinBad
|raw|BadSinBad's rating: 1472 &rarr; <strong>1492</strong><br />(+20 for winning)
|raw|akko hd's rating: 1469 &rarr; <strong>1449</strong><br />(-20 for losing)
|l|☆akko hd
|player|p2|
