|j|☆juicelightning
|j|☆1lamafarmer
|t:|1743786821
|gametype|singles
|player|p1|juicelightning|benga|1417
|player|p2|1lamafarmer|265|1412
|teamsize|p1|6
|teamsize|p2|6
|gen|9
|tier|[Gen 9] OU
|rated|
|rule|HP Percentage Mod: HP is shown in percentages
|rule|Endless Battle Clause: Forcing endless battles is banned
|rule|Species Clause: Limit one of each Pokémon
|rule|OHKO Clause: OHKO moves are banned
|rule|Evasion Items Clause: Evasion items are banned
|rule|Evasion Moves Clause: Evasion moves are banned
|rule|Sleep Moves Clause: Sleep-inducing moves are banned
|clearpoke
|poke|p1|Cinderace, F|
|poke|p1|Ogerpon, F|
|poke|p1|Milotic, F|
|poke|p1|Ribombee, F|
|poke|p1|Kingambit, F|
|poke|p1|Malamar, M|
|poke|p2|Garganacl, M|
|poke|p2|Weezing-Galar, F|
|poke|p2|Corviknight, M|
|poke|p2|Dragapult, M|
|poke|p2|Slowking-Galar, M|
|poke|p2|Samurott-Hisui, F|
|teampreview
|inactive|Battle timer is ON: inactive players will automatically lose when time's up. (requested by juicelightning)
|
|t:|1743786839
|start
|switch|p1a: Ribombee|Ribombee, F|100/100
|switch|p2a: Garganacl|Garganacl, M|100/100
|turn|1
|
|t:|1743786848
|move|p1a: Ribombee|Sticky Web|p2a: Garganacl
|-sidestart|p2: 1lamafarmer|move: Sticky Web
|move|p2a: Garganacl|Stealth Rock|p1a: Ribombee
|-sidestart|p1: juicelightning|move: Stealth Rock
|
|upkeep
|turn|2
|
|t:|1743786852
|move|p1a: Ribombee|Grass Knot|p2a: Garganacl
|-supereffective|p2a: Garganacl
|-damage|p2a: Garganacl|50/100
|move|p2a: Garganacl|Salt Cure|p1a: Ribombee
|-supereffective|p1a: Ribombee
|-damage|p1a: Ribombee|42/100
|
|-heal|p2a: Garganacl|57/100|[from] item: Leftovers
|upkeep
|turn|3
|
|t:|1743786861
|switch|p2a: Weezing|Weezing-Galar, F|100/100
|-ability|p2a: Weezing|Neutralizing Gas
|move|p1a: Ribombee|Grass Knot|p2a: Weezing
|-resisted|p2a: Weezing
|-damage|p2a: Weezing|93/100
|
|upkeep
|turn|4
|
|t:|1743786878
|switch|p1a: Ogerpon|Ogerpon, F|100/100
|-damage|p1a: Ogerpon|88/100|[from] Stealth Rock
|move|p2a: Weezing|Strange Steam|p1a: Ogerpon
|-damage|p1a: Ogerpon|59/100
|-start|p1a: Ogerpon|confusion
|
|upkeep
|turn|5
|
|t:|1743786900
|-activate|p1a: Ogerpon|confusion
|-damage|p1a: Ogerpon|41/100|[from] confusion
|move|p2a: Weezing|Will-O-Wisp|p1a: Ogerpon
|-status|p1a: Ogerpon|brn
|
|-damage|p1a: Ogerpon|35/100 brn|[from] brn
|upkeep
|turn|6
|
|t:|1743786924
|-end|p1a: Ogerpon|confusion
|move|p1a: Ogerpon|Knock Off|p2a: Weezing
|-resisted|p2a: Weezing
|-damage|p2a: Weezing|87/100
|-enditem|p2a: Weezing|Heavy-Duty Boots|[from] move: Knock Off|[of] p1a: Ogerpon
|move|p2a: Weezing|Strange Steam|p1a: Ogerpon
|-damage|p1a: Ogerpon|4/100 brn
|-start|p1a: Ogerpon|confusion
|
|-damage|p1a: Ogerpon|0 fnt|[from] brn
|faint|p1a: Ogerpon
|upkeep
|
|t:|1743786934
|switch|p1a: Cinderace|Cinderace, F|100/100
|turn|7
|
|t:|1743786946
|-end|p2a: Weezing|ability: Neutralizing Gas
|switch|p2a: Garganacl|Garganacl, M|57/100
|-activate|p2a: Garganacl|move: Sticky Web
|-unboost|p2a: Garganacl|spe|1
|move|p1a: Cinderace|Court Change|p1a: Cinderace
|-start|p1a: Cinderace|typechange|Normal|[from] ability: Libero
|-swapsideconditions
|-activate|p1a: Cinderace|move: Court Change
|
|-heal|p2a: Garganacl|63/100|[from] item: Leftovers
|upkeep
|turn|8
|
|t:|1743786966
|move|p1a: Cinderace|High Jump Kick|p2a: Garganacl|[miss]
|-miss|p1a: Cinderace|p2a: Garganacl
|-damage|p1a: Cinderace|51/100|[from] highjumpkick
|move|p2a: Garganacl|Salt Cure|p1a: Cinderace
|-damage|p1a: Cinderace|29/100
|-start|p1a: Cinderace|Salt Cure
|
|-heal|p2a: Garganacl|69/100|[from] item: Leftovers
|-damage|p1a: Cinderace|17/100|[from] Salt Cure
|upkeep
|turn|9
|
|t:|1743786978
|switch|p1a: Ribombee|Ribombee, F|42/100
|-activate|p1a: Ribombee|move: Sticky Web
|-unboost|p1a: Ribombee|spe|1
|switch|p2a: Weezing|Weezing-Galar, F|87/100
|-ability|p2a: Weezing|Neutralizing Gas
|-damage|p2a: Weezing|75/100|[from] Stealth Rock
|
|upkeep
|turn|10
|inactive|1lamafarmer has 120 seconds left.
|
|t:|1743786994
|move|p1a: Ribombee|Psychic|p2a: Weezing
|-supereffective|p2a: Weezing
|-damage|p2a: Weezing|5/100
|move|p2a: Weezing|Defog|p1a: Ribombee
|-unboost|p1a: Ribombee|evasion|1
|-sideend|p1: juicelightning|Sticky Web|[from] move: Defog|[of] p2a: Weezing
|-sideend|p2: 1lamafarmer|Stealth Rock|[from] move: Defog|[of] p2a: Weezing
|
|upkeep
|turn|11
|inactive|1lamafarmer has 120 seconds left.
|
|t:|1743787013
|-end|p2a: Weezing|ability: Neutralizing Gas
|switch|p2a: Garganacl|Garganacl, M|69/100
|move|p1a: Ribombee|Sticky Web|p2a: Garganacl
|-sidestart|p2: 1lamafarmer|move: Sticky Web
|
|-heal|p2a: Garganacl|75/100|[from] item: Leftovers
|upkeep
|turn|12
|inactive|1lamafarmer has 120 seconds left.
|
|t:|1743787022
|move|p1a: Ribombee|Grass Knot|p2a: Garganacl
|-supereffective|p2a: Garganacl
|-damage|p2a: Garganacl|27/100
|move|p2a: Garganacl|Stealth Rock|p1a: Ribombee
|-sidestart|p1: juicelightning|move: Stealth Rock
|
|-heal|p2a: Garganacl|33/100|[from] item: Leftovers
|upkeep
|turn|13
|inactive|1lamafarmer has 120 seconds left.
|
|t:|1743787037
|switch|p2a: Corviknight|Corviknight, M|100/100
|-ability|p2a: Corviknight|Pressure
|move|p1a: Ribombee|Grass Knot|p2a: Corviknight
|-resisted|p2a: Corviknight
|-damage|p2a: Corviknight|95/100
|-damage|p1a: Ribombee|26/100|[from] item: Rocky Helmet|[of] p2a: Corviknight
|
|upkeep
|turn|14
|inactive|1lamafarmer has 120 seconds left.
|
|t:|1743787051
|switch|p1a: Milotic|Milotic, F|100/100
|-damage|p1a: Milotic|88/100|[from] Stealth Rock
|move|p2a: Corviknight|Brave Bird|p1a: Milotic
|-damage|p1a: Milotic|49/100
|-damage|p2a: Corviknight|82/100|[from] Recoil
|
|-heal|p1a: Milotic|55/100|[from] item: Leftovers
|upkeep
|turn|15
|inactive|1lamafarmer has 120 seconds left.
|
|t:|1743787072
|switch|p2a: Samurott|Samurott-Hisui, F|100/100
|-activate|p2a: Samurott|move: Sticky Web
|-unboost|p2a: Samurott|spe|1
|move|p1a: Milotic|Recover|p1a: Milotic
|-heal|p1a: Milotic|100/100
|
|upkeep
|turn|16
|
|t:|1743787081
|move|p2a: Samurott|Ceaseless Edge|p1a: Milotic
|-damage|p1a: Milotic|56/100
|-sidestart|p1: juicelightning|Spikes
|move|p1a: Milotic|Coil|p1a: Milotic
|-boost|p1a: Milotic|atk|1
|-boost|p1a: Milotic|def|1
|-boost|p1a: Milotic|accuracy|1
|
|-heal|p1a: Milotic|62/100|[from] item: Leftovers
|upkeep
|turn|17
|inactive|1lamafarmer has 120 seconds left.
|
|t:|1743787092
|switch|p2a: Corviknight|Corviknight, M|82/100
|-ability|p2a: Corviknight|Pressure
|move|p1a: Milotic|Recover|p1a: Milotic
|-heal|p1a: Milotic|100/100
|
|upkeep
|turn|18
|inactive|1lamafarmer has 120 seconds left.
|
|t:|1743787099
|move|p1a: Milotic|Coil|p1a: Milotic
|-boost|p1a: Milotic|atk|1
|-boost|p1a: Milotic|def|1
|-boost|p1a: Milotic|accuracy|1
|move|p2a: Corviknight|Iron Defense|p2a: Corviknight
|-boost|p2a: Corviknight|def|2
|
|upkeep
|turn|19
|
|t:|1743787107
|move|p1a: Milotic|Hydro Pump|p2a: Corviknight
|-crit|p2a: Corviknight
|-damage|p2a: Corviknight|18/100
|move|p2a: Corviknight|Iron Defense|p2a: Corviknight
|-boost|p2a: Corviknight|def|2
|
|upkeep
|turn|20
|
|t:|1743787118
|switch|p2a: Dragapult|Dragapult, M|100/100
|move|p1a: Milotic|Hydro Pump|p2a: Dragapult
|-resisted|p2a: Dragapult
|-damage|p2a: Dragapult|65/100
|
|upkeep
|turn|21
|
|t:|1743787128
|move|p2a: Dragapult|Will-O-Wisp|p1a: Milotic
|-status|p1a: Milotic|brn
|move|p1a: Milotic|Blizzard|p2a: Dragapult
|-supereffective|p2a: Dragapult
|-damage|p2a: Dragapult|0 fnt
|faint|p2a: Dragapult
|
|-damage|p1a: Milotic|94/100 brn|[from] brn
|upkeep
|c|☆1lamafarmer|lol this is the most ridiculous set i've ever seen
|inactive|1lamafarmer has 120 seconds left.
|c|☆1lamafarmer|what is happening
|
|t:|1743787151
|switch|p2a: Slowking|Slowking-Galar, M|100/100
|-activate|p2a: Slowking|move: Sticky Web
|-unboost|p2a: Slowking|spe|1
|turn|22
|inactive|1lamafarmer has 120 seconds left.
|
|t:|1743787158
|move|p1a: Milotic|Hydro Pump|p2a: Slowking
|-damage|p2a: Slowking|81/100
|move|p2a: Slowking|Future Sight|p1a: Milotic
|-start|p2a: Slowking|move: Future Sight
|
|-heal|p1a: Milotic|100/100 brn|[from] item: Leftovers
|-damage|p1a: Milotic|94/100 brn|[from] brn
|upkeep
|turn|23
|
|t:|1743787166
|move|p1a: Milotic|Blizzard|p2a: Slowking
|-damage|p2a: Slowking|66/100
|move|p2a: Slowking|Psychic Noise|p1a: Milotic
|-damage|p1a: Milotic|75/100 brn
|-start|p1a: Milotic|move: Heal Block
|
|-damage|p1a: Milotic|69/100 brn|[from] brn
|upkeep
|turn|24
|inactive|1lamafarmer has 120 seconds left.
|
|t:|1743787183
|switch|p1a: Malamar|Malamar, M|100/100
|-damage|p1a: Malamar|88/100|[from] Stealth Rock
|-damage|p1a: Malamar|76/100|[from] Spikes
|-terastallize|p2a: Slowking|Water
|move|p2a: Slowking|Psychic Noise|p1a: Malamar
|-immune|p1a: Malamar
|
|-end|p1a: Malamar|move: Future Sight
|-immune|p1a: Malamar
|upkeep
|turn|25
|inactive|1lamafarmer has 120 seconds left.
|
|t:|1743787209
|move|p1a: Malamar|Superpower|p2a: Slowking
|-damage|p2a: Slowking|33/100
|-boost|p1a: Malamar|atk|1
|-boost|p1a: Malamar|def|1
|move|p2a: Slowking|Sludge Bomb|p1a: Malamar
|-damage|p1a: Malamar|21/100
|
|upkeep
|turn|26
|c|☆juicelightning|everythings purpose is reverse webs
|
|t:|1743787228
|switch|p2a: Corviknight|Corviknight, M|18/100
|-ability|p2a: Corviknight|Pressure
|move|p1a: Malamar|Superpower|p2a: Corviknight
|-damage|p2a: Corviknight|0 fnt
|-boost|p1a: Malamar|atk|1
|-boost|p1a: Malamar|def|1
|-damage|p1a: Malamar|4/100|[from] item: Rocky Helmet|[of] p2a: Corviknight
|faint|p2a: Corviknight
|
|upkeep
|
|t:|1743787237
|switch|p2a: Samurott|Samurott-Hisui, F|100/100
|-activate|p2a: Samurott|move: Sticky Web
|-unboost|p2a: Samurott|spe|1
|turn|27
|
|t:|1743787249
|move|p2a: Samurott|Ceaseless Edge|p1a: Malamar
|-damage|p1a: Malamar|0 fnt
|-sidestart|p1: juicelightning|Spikes
|faint|p1a: Malamar
|
|upkeep
|
|t:|1743787256
|switch|p1a: Cinderace|Cinderace, F|17/100
|turn|28
|
|t:|1743787266
|switch|p2a: Garganacl|Garganacl, M|33/100
|-activate|p2a: Garganacl|move: Sticky Web
|-unboost|p2a: Garganacl|spe|1
|move|p1a: Cinderace|Court Change|p1a: Cinderace
|-start|p1a: Cinderace|typechange|Normal|[from] ability: Libero
|-swapsideconditions
|-activate|p1a: Cinderace|move: Court Change
|
|-heal|p2a: Garganacl|39/100|[from] item: Leftovers
|upkeep
|turn|29
|inactive|1lamafarmer has 120 seconds left.
|
|t:|1743787276
|switch|p1a: Ribombee|Ribombee, F|26/100
|-activate|p1a: Ribombee|move: Sticky Web
|-unboost|p1a: Ribombee|spe|1
|move|p2a: Garganacl|Protect||[still]
|-fail|p2a: Garganacl
|
|-heal|p2a: Garganacl|45/100|[from] item: Leftovers
|upkeep
|turn|30
|inactive|1lamafarmer has 120 seconds left.
|
|t:|1743787299
|switch|p2a: Slowking|Slowking-Galar, M, tera:Water|66/100
|-damage|p2a: Slowking|53/100|[from] Stealth Rock
|-damage|p2a: Slowking|37/100|[from] Spikes
|move|p1a: Ribombee|Grass Knot|p2a: Slowking
|-supereffective|p2a: Slowking
|-damage|p2a: Slowking|19/100
|
|upkeep
|turn|31
|
|t:|1743787310
|move|p1a: Ribombee|Grass Knot|p2a: Slowking
|-supereffective|p2a: Slowking
|-damage|p2a: Slowking|1/100
|move|p2a: Slowking|Flamethrower|p1a: Ribombee
|-supereffective|p1a: Ribombee
|-damage|p1a: Ribombee|0 fnt
|faint|p1a: Ribombee
|
|upkeep
|
|t:|1743787326
|switch|p1a: Cinderace|Cinderace, F|17/100
|turn|32
|
|t:|1743787330
|move|p1a: Cinderace|High Jump Kick|p2a: Slowking
|-start|p1a: Cinderace|typechange|Fighting|[from] ability: Libero
|-damage|p2a: Slowking|0 fnt
|faint|p2a: Slowking
|
|upkeep
|inactive|1lamafarmer has 120 seconds left.
|
|t:|1743787339
|switch|p2a: Samurott|Samurott-Hisui, F|100/100
|-damage|p2a: Samurott|88/100|[from] Stealth Rock
|-damage|p2a: Samurott|72/100|[from] Spikes
|turn|33
|inactive|1lamafarmer has 120 seconds left.
|
|t:|1743787351
|move|p2a: Samurott|Flip Turn|p1a: Cinderace
|-damage|p1a: Cinderace|0 fnt
|faint|p1a: Cinderace
|inactive|1lamafarmer has 120 seconds left.
|
|t:|1743787356
|switch|p2a: Weezing|Weezing-Galar, F|5/100|[from] Flip Turn
|-ability|p2a: Weezing|Neutralizing Gas
|-damage|p2a: Weezing|0 fnt|[from] Stealth Rock
|faint|p2a: Weezing
|-end|p2a: Weezing|ability: Neutralizing Gas
|
|upkeep
|
|t:|1743787368
|switch|p1a: Kingambit|Kingambit, F|100/100
|switch|p2a: Samurott|Samurott-Hisui, F|72/100
|-damage|p2a: Samurott|59/100|[from] Stealth Rock
|-damage|p2a: Samurott|43/100|[from] Spikes
|-activate|p1a: Kingambit|move: Sticky Web
|-unboost|p1a: Kingambit|spe|1
|-ability|p1a: Kingambit|Defiant|boost
|-boost|p1a: Kingambit|atk|2
|turn|34
|
|t:|1743787377
|move|p1a: Kingambit|Sucker Punch|p2a: Samurott
|-resisted|p2a: Samurott
|-damage|p2a: Samurott|0 fnt
|faint|p2a: Samurott
|
|upkeep
|-message|1lamafarmer forfeited.
|
|win|juicelightning
|raw|juicelightning's rating: 1417 &rarr; <strong>1437</strong><br />(+20 for winning)
|raw|1lamafarmer's rating: 1412 &rarr; <strong>1392</strong><br />(-20 for losing)
|l|☆1lamafarmer
|player|p2|
|l|☆juicelightning
|player|p1|
