|j|☆An!elt0n D
|j|☆CRPCgaming.TTV
|t:|1743870531
|gametype|singles
|player|p1|An!elt0n D|grimsley|1402
|player|p2|CRPCgaming.TTV|backersf|1395
|teamsize|p1|6
|teamsize|p2|6
|gen|9
|tier|[Gen 9] OU
|rated|
|rule|HP Percentage Mod: HP is shown in percentages
|rule|Endless Battle Clause: Forcing endless battles is banned
|rule|Species Clause: Limit one of each Pokémon
|rule|OHKO Clause: OHKO moves are banned
|rule|Evasion Items Clause: Evasion items are banned
|rule|Evasion Moves Clause: Evasion moves are banned
|rule|Sleep Moves Clause: Sleep-inducing moves are banned
|clearpoke
|poke|p1|Iron Treads|
|poke|p1|Cloyster, M|
|poke|p1|Garchomp, M|
|poke|p1|Glimmora, F|
|poke|p1|Garganacl, M|
|poke|p1|Mimikyu, F|
|poke|p2|Dragonite, F|
|poke|p2|Glimmora, M|
|poke|p2|Iron Moth|
|poke|p2|Cloyster, F|
|poke|p2|Latias, F|
|poke|p2|Hatterene, F|
|teampreview
|inactive|Battle timer is ON: inactive players will automatically lose when time's up. (requested by CRPCgaming.TTV)
|
|t:|1743870540
|start
|switch|p1a: Toxic friend|Glimmora, F, shiny|100/100
|switch|p2a: Hatterene|Hatterene, F|100/100
|turn|1
|
|t:|1743870547
|move|p1a: Toxic friend|Sludge Bomb|p2a: Hatterene
|-supereffective|p2a: Hatterene
|-damage|p2a: Hatterene|7/100
|-status|p2a: Hatterene|psn
|move|p2a: Hatterene|Thunder Wave|p1a: Toxic friend
|-status|p1a: Toxic friend|par
|
|-heal|p2a: Hatterene|13/100 psn|[from] item: Leftovers
|-damage|p2a: Hatterene|1/100 psn|[from] psn
|upkeep
|turn|2
|
|t:|1743870559
|move|p1a: Toxic friend|Mortal Spin|p2a: Hatterene
|-supereffective|p2a: Hatterene
|-damage|p2a: Hatterene|0 fnt
|faint|p2a: Hatterene
|
|upkeep
|
|t:|1743870567
|switch|p2a: Iron Moth|Iron Moth, shiny|100/100
|-enditem|p2a: Iron Moth|Booster Energy
|-activate|p2a: Iron Moth|ability: Quark Drive|[fromitem]
|-start|p2a: Iron Moth|quarkdrivespe
|turn|3
|
|t:|1743870573
|move|p2a: Iron Moth|Fiery Dance|p1a: Toxic friend
|-resisted|p1a: Toxic friend
|-damage|p1a: Toxic friend|73/100 par
|-boost|p2a: Iron Moth|spa|1
|move|p1a: Toxic friend|Earth Power|p2a: Iron Moth
|-supereffective|p2a: Iron Moth
|-damage|p2a: Iron Moth|0 fnt
|faint|p2a: Iron Moth
|-end|p2a: Iron Moth|Quark Drive|[silent]
|
|upkeep
|
|t:|1743870585
|switch|p2a: Glimmora|Glimmora, M|100/100
|turn|4
|
|t:|1743870588
|move|p2a: Glimmora|Earth Power|p1a: Toxic friend
|-supereffective|p1a: Toxic friend
|-damage|p1a: Toxic friend|0 fnt
|faint|p1a: Toxic friend
|
|upkeep
|
|t:|1743870596
|switch|p1a: The Garchomp|Garchomp, M, shiny|100/100
|turn|5
|
|t:|1743870600
|move|p1a: The Garchomp|Swords Dance|p1a: The Garchomp
|-boost|p1a: The Garchomp|atk|2
|move|p2a: Glimmora|Mortal Spin|p1a: The Garchomp
|-resisted|p1a: The Garchomp
|-damage|p1a: The Garchomp|97/100
|-status|p1a: The Garchomp|psn
|-damage|p2a: Glimmora|88/100|[from] ability: Rough Skin|[of] p1a: The Garchomp
|
|-damage|p1a: The Garchomp|85/100 psn|[from] psn
|upkeep
|turn|6
|
|t:|1743870610
|move|p1a: The Garchomp|Scale Shot|p2a: Glimmora
|-damage|p2a: Glimmora|58/100
|-activate|p2a: Glimmora|ability: Toxic Debris
|-sidestart|p1: An!elt0n D|move: Toxic Spikes
|-damage|p2a: Glimmora|25/100
|-activate|p2a: Glimmora|ability: Toxic Debris
|-sidestart|p1: An!elt0n D|move: Toxic Spikes
|-damage|p2a: Glimmora|0 fnt
|faint|p2a: Glimmora
|-hitcount|p2: Glimmora|3
|-unboost|p1a: The Garchomp|def|1
|-boost|p1a: The Garchomp|spe|1
|
|-damage|p1a: The Garchomp|73/100 psn|[from] psn
|upkeep
|
|t:|1743870622
|switch|p2a: Cloyster|Cloyster, F, shiny|100/100
|turn|7
|
|t:|1743870626
|move|p1a: The Garchomp|Scale Shot|p2a: Cloyster
|-damage|p2a: Cloyster|78/100
|-damage|p2a: Cloyster|57/100
|-crit|p2a: Cloyster
|-damage|p2a: Cloyster|22/100
|-damage|p2a: Cloyster|0 fnt
|faint|p2a: Cloyster
|-hitcount|p2: Cloyster|4
|-unboost|p1a: The Garchomp|def|1
|-boost|p1a: The Garchomp|spe|1
|
|-damage|p1a: The Garchomp|60/100 psn|[from] psn
|upkeep
|
|t:|1743870638
|switch|p2a: Latias|Latias, F|100/100
|turn|8
|
|t:|1743870642
|move|p1a: The Garchomp|Scale Shot|p2a: Latias
|-supereffective|p2a: Latias
|-damage|p2a: Latias|50/100
|-enditem|p2a: Latias|Weakness Policy
|-boost|p2a: Latias|atk|2|[from] item: Weakness Policy
|-boost|p2a: Latias|spa|2|[from] item: Weakness Policy
|-supereffective|p2a: Latias
|-damage|p2a: Latias|1/100
|-supereffective|p2a: Latias
|-damage|p2a: Latias|0 fnt
|faint|p2a: Latias
|-hitcount|p2: Latias|3
|-unboost|p1a: The Garchomp|def|1
|-boost|p1a: The Garchomp|spe|1
|
|-damage|p1a: The Garchomp|48/100 psn|[from] psn
|upkeep
|
|t:|1743870654
|switch|p2a: Puff|Dragonite, F, shiny|100/100
|turn|9
|
|t:|1743870658
|-terastallize|p2a: Puff|Normal
|move|p1a: The Garchomp|Scale Shot|p2a: Puff
|-damage|p2a: Puff|86/100
|-damage|p2a: Puff|57/100
|-damage|p2a: Puff|28/100
|-damage|p2a: Puff|0 fnt
|faint|p2a: Puff
|-hitcount|p2: Puff|4
|
|win|An!elt0n D
|raw|An!elt0n D's rating: 1402 &rarr; <strong>1422</strong><br />(+20 for winning)
|raw|CRPCgaming.TTV's rating: 1395 &rarr; <strong>1375</strong><br />(-20 for losing)
|c|☆An!elt0n D|Gg
|l|☆An!elt0n D
|player|p1|
|l|☆CRPCgaming.TTV
|player|p2|
