|j|☆Retien
|j|☆kanob55
|t:|1743804344
|gametype|singles
|player|p1|Retien|depotagent|1181
|player|p2|kanob55|acetrainerf-gen4dp|1186
|teamsize|p1|6
|teamsize|p2|6
|gen|9
|tier|[Gen 9] OU
|rated|
|rule|HP Percentage Mod: HP is shown in percentages
|rule|Endless Battle Clause: Forcing endless battles is banned
|rule|Species Clause: Limit one of each Pokémon
|rule|OHKO Clause: OHKO moves are banned
|rule|Evasion Items Clause: Evasion items are banned
|rule|Evasion Moves Clause: Evasion moves are banned
|rule|Sleep Moves Clause: Sleep-inducing moves are banned
|clearpoke
|poke|p1|Regigigas|
|poke|p1|Araquanid, F|
|poke|p1|Ogerpon-Wellspring, F|
|poke|p1|Zapdos|
|poke|p1|Pecharunt|
|poke|p1|Samurott-Hisui, M|
|poke|p2|Iron Treads|
|poke|p2|Dragapult, F|
|poke|p2|Samurott-Hisui, M|
|poke|p2|Serperior, F|
|poke|p2|Zapdos|
|poke|p2|Clefable, M|
|teampreview
|inactive|Battle timer is ON: inactive players will automatically lose when time's up. (requested by kanob55)
|l|☆Retien
|inactive|Retien disconnected and has a minute to reconnect!
|player|p1|
|inactive|Retien has 30 seconds to reconnect!
|inactive|Retien has 20 seconds to reconnect!
|j|☆Retien
|inactive|Retien reconnected and has 100 seconds left.
|player|p1|Retien|depotagent|
|inactive|Retien also wants the timer to be on.
|
|t:|1743804399
|start
|switch|p1a: MAUCH|Araquanid, F|100/100
|switch|p2a: Ceci|Samurott-Hisui, M, shiny|100/100
|turn|1
|
|t:|1743804406
|move|p2a: Ceci|Ceaseless Edge|p1a: MAUCH
|-crit|p1a: MAUCH
|-damage|p1a: MAUCH|29/100
|-sidestart|p1: Retien|Spikes
|move|p1a: MAUCH|Sticky Web|p2a: Ceci
|-sidestart|p2: kanob55|move: Sticky Web
|
|upkeep
|turn|2
|
|t:|1743804414
|switch|p2a: Iron Treads|Iron Treads|100/100
|-activate|p2a: Iron Treads|move: Sticky Web
|-unboost|p2a: Iron Treads|spe|1
|move|p1a: MAUCH|Endure||[still]
|-fail|p1a: MAUCH
|
|upkeep
|turn|3
|
|t:|1743804420
|move|p1a: MAUCH|Endure|p1a: MAUCH
|-singleturn|p1a: MAUCH|move: Endure
|move|p2a: Iron Treads|Rapid Spin|p1a: MAUCH
|-damage|p1a: MAUCH|11/100
|-boost|p2a: Iron Treads|spe|1
|-sideend|p2: kanob55|Sticky Web|[from] move: Rapid Spin|[of] p2a: Iron Treads
|
|upkeep
|turn|4
|-enditem|p1a: MAUCH|Custap Berry|[eat]
|-activate|p1a: MAUCH|item: Custap Berry|[consumed]
|
|t:|1743804427
|move|p1a: MAUCH|Endeavor|p2a: Iron Treads
|-damage|p2a: Iron Treads|12/100
|move|p2a: Iron Treads|Rapid Spin|p1a: MAUCH
|-damage|p1a: MAUCH|0 fnt
|-boost|p2a: Iron Treads|spe|1
|faint|p1a: MAUCH
|
|-heal|p2a: Iron Treads|18/100|[from] item: Leftovers
|upkeep
|
|t:|1743804433
|switch|p1a: Static 100%|Zapdos|100/100
|turn|5
|
|t:|1743804443
|move|p2a: Iron Treads|Ice Spinner|p1a: Static 100%
|-supereffective|p1a: Static 100%
|-damage|p1a: Static 100%|51/100
|move|p1a: Static 100%|Hurricane|p2a: Iron Treads
|-resisted|p2a: Iron Treads
|-damage|p2a: Iron Treads|0 fnt
|faint|p2a: Iron Treads
|-end|p2a: Iron Treads|Quark Drive|[silent]
|
|upkeep
|
|t:|1743804451
|switch|p2a: Dragapult|Dragapult, F|100/100
|turn|6
|
|t:|1743804464
|move|p2a: Dragapult|Dragon Darts|p1a: Static 100%
|-damage|p1a: Static 100%|14/100
|-anim|p2a: Dragapult|Dragon Darts|p1a: Static 100%
|-damage|p1a: Static 100%|0 fnt
|faint|p1a: Static 100%
|
|upkeep
|
|t:|1743804481
|switch|p1a: PAS LUI|Samurott-Hisui, M|100/100
|turn|7
|
|t:|1743804488
|move|p2a: Dragapult|Dragon Darts|p1a: PAS LUI
|-damage|p1a: PAS LUI|55/100
|-anim|p2a: Dragapult|Dragon Darts|p1a: PAS LUI
|-damage|p1a: PAS LUI|11/100
|move|p1a: PAS LUI|Ceaseless Edge|p2a: Dragapult
|-supereffective|p2a: Dragapult
|-damage|p2a: Dragapult|0 fnt
|-sidestart|p2: kanob55|Spikes
|faint|p2a: Dragapult
|
|upkeep
|
|t:|1743804496
|switch|p2a: Ceci|Samurott-Hisui, M, shiny|100/100
|-damage|p2a: Ceci|88/100|[from] Spikes
|turn|8
|
|t:|1743804507
|move|p2a: Ceci|Aqua Jet|p1a: PAS LUI
|-resisted|p1a: PAS LUI
|-damage|p1a: PAS LUI|0 fnt
|faint|p1a: PAS LUI
|
|upkeep
|
|t:|1743804511
|switch|p1a: LA TUEUR|Regigigas|100/100
|-damage|p1a: LA TUEUR|88/100|[from] Spikes
|-start|p1a: LA TUEUR|ability: Slow Start
|turn|9
|
|t:|1743804521
|move|p2a: Ceci|Sacred Sword|p1a: LA TUEUR
|-supereffective|p1a: LA TUEUR
|-damage|p1a: LA TUEUR|14/100
|move|p1a: LA TUEUR|Rest|p1a: LA TUEUR
|-status|p1a: LA TUEUR|slp|[from] move: Rest
|-heal|p1a: LA TUEUR|100/100 slp|[silent]
|
|upkeep
|turn|10
|
|t:|1743804528
|move|p2a: Ceci|Ceaseless Edge|p1a: LA TUEUR|[miss]
|-miss|p2a: Ceci|p1a: LA TUEUR
|cant|p1a: LA TUEUR|slp
|move|p1a: LA TUEUR|Sleep Talk|p1a: LA TUEUR
|move|p1a: LA TUEUR|Facade|p2a: Ceci|[from] move: Sleep Talk
|-damage|p2a: Ceci|61/100
|
|upkeep
|turn|11
|
|t:|1743804546
|move|p2a: Ceci|Ceaseless Edge|p1a: LA TUEUR
|-damage|p1a: LA TUEUR|62/100 slp
|-sidestart|p1: Retien|Spikes
|cant|p1a: LA TUEUR|slp
|move|p1a: LA TUEUR|Sleep Talk|p1a: LA TUEUR
|move|p1a: LA TUEUR|Earthquake|p2a: Ceci|[from] move: Sleep Talk
|-damage|p2a: Ceci|33/100
|
|upkeep
|turn|12
|
|t:|1743804555
|move|p2a: Ceci|Sacred Sword|p1a: LA TUEUR
|-supereffective|p1a: LA TUEUR
|-damage|p1a: LA TUEUR|0 fnt
|faint|p1a: LA TUEUR
|-end|p1a: LA TUEUR|Slow Start|[silent]
|
|upkeep
|
|t:|1743804557
|switch|p1a: Gna|Pecharunt|100/100
|-item|p1a: Gna|Air Balloon
|turn|13
|
|t:|1743804570
|-terastallize|p2a: Ceci|Steel
|move|p2a: Ceci|Ceaseless Edge|p1a: Gna
|-supereffective|p1a: Gna
|-damage|p1a: Gna|56/100
|-enditem|p1a: Gna|Air Balloon
|-sidestart|p1: Retien|Spikes
|move|p1a: Gna|Malignant Chain|p2a: Ceci
|-immune|p2a: Ceci
|
|upkeep
|turn|14
|
|t:|1743804584
|move|p2a: Ceci|Ceaseless Edge|p1a: Gna
|-supereffective|p1a: Gna
|-damage|p1a: Gna|12/100
|move|p1a: Gna|Parting Shot|p2a: Ceci
|-unboost|p2a: Ceci|atk|1
|-unboost|p2a: Ceci|spa|1
|inactive|Retien has 120 seconds left.
|
|t:|1743804619
|switch|p1a: AHHHHHH|Ogerpon-Wellspring, F|100/100|[from] Parting Shot
|-damage|p1a: AHHHHHH|76/100|[from] Spikes
|
|upkeep
|turn|15
|-message|Retien forfeited.
|
|win|kanob55
|raw|Retien's rating: 1181 &rarr; <strong>1156</strong><br />(-25 for losing)
|raw|kanob55's rating: 1186 &rarr; <strong>1211</strong><br />(+25 for winning)
|l|☆Retien
|player|p1|
|c|☆kanob55|GG
|l|☆kanob55
|player|p2|
