|j|☆Matatex
|j|☆domaltan
|t:|1743803630
|gametype|singles
|player|p1|Matatex|hiker|1337
|player|p2|domaltan|elesa|1307
|teamsize|p1|6
|teamsize|p2|6
|gen|9
|tier|[Gen 9] OU
|rated|
|rule|HP Percentage Mod: HP is shown in percentages
|rule|Endless Battle Clause: Forcing endless battles is banned
|rule|Species Clause: Limit one of each Pokémon
|rule|OHKO Clause: OHKO moves are banned
|rule|Evasion Items Clause: Evasion items are banned
|rule|Evasion Moves Clause: Evasion moves are banned
|rule|Sleep Moves Clause: Sleep-inducing moves are banned
|clearpoke
|poke|p1|Darkrai|
|poke|p1|Blaziken, M|
|poke|p1|Great Tusk|
|poke|p1|Primarina, M|
|poke|p1|Raging Bolt|
|poke|p1|Rillaboom, M|
|poke|p2|Dragonite, M|
|poke|p2|Ting-Lu|
|poke|p2|Iron Moth|
|poke|p2|Iron Valiant|
|poke|p2|Kyurem|
|poke|p2|Gholdengo|
|teampreview
|
|t:|1743803638
|start
|switch|p1a: Rillaboom|Rillaboom, M|100/100
|switch|p2a: Ting-Lu|Ting-Lu|100/100
|-ability|p2a: Ting-Lu|Vessel of Ruin
|-fieldstart|move: Grassy Terrain|[from] ability: Grassy Surge|[of] p1a: Rillaboom
|turn|1
|
|t:|1743803648
|switch|p2a: Iron Moth|Iron Moth|100/100
|-enditem|p2a: Iron Moth|Booster Energy
|-activate|p2a: Iron Moth|ability: Quark Drive|[fromitem]
|-start|p2a: Iron Moth|quarkdrivespe
|move|p1a: Rillaboom|Leech Seed|p2a: Iron Moth
|-start|p2a: Iron Moth|move: Leech Seed
|
|-damage|p2a: Iron Moth|88/100|[from] Leech Seed|[of] p1a: Rillaboom
|upkeep
|turn|2
|
|t:|1743803660
|switch|p1a: Primarina|Primarina, M|100/100
|move|p2a: Iron Moth|Sludge Wave|p1a: Primarina
|-supereffective|p1a: Primarina
|-damage|p1a: Primarina|42/100
|
|-heal|p2a: Iron Moth|94/100|[from] Grassy Terrain
|-heal|p1a: Primarina|48/100|[from] Grassy Terrain
|-damage|p2a: Iron Moth|82/100|[from] Leech Seed|[of] p1a: Primarina
|-heal|p1a: Primarina|60/100|[silent]
|upkeep
|turn|3
|
|t:|1743803670
|-terastallize|p1a: Primarina|Steel
|move|p2a: Iron Moth|Sludge Wave|p1a: Primarina
|-immune|p1a: Primarina
|move|p1a: Primarina|Surf|p2a: Iron Moth
|-supereffective|p2a: Iron Moth
|-damage|p2a: Iron Moth|0 fnt
|faint|p2a: Iron Moth
|-end|p2a: Iron Moth|Quark Drive|[silent]
|
|-heal|p1a: Primarina|66/100|[from] Grassy Terrain
|upkeep
|
|t:|1743803676
|switch|p2a: Iron Valiant|Iron Valiant|100/100
|-enditem|p2a: Iron Valiant|Booster Energy
|-activate|p2a: Iron Valiant|ability: Quark Drive|[fromitem]
|-start|p2a: Iron Valiant|quarkdrivespe
|turn|4
|
|t:|1743803679
|move|p2a: Iron Valiant|Close Combat|p1a: Primarina
|-supereffective|p1a: Primarina
|-damage|p1a: Primarina|0 fnt
|-unboost|p2a: Iron Valiant|def|1
|-unboost|p2a: Iron Valiant|spd|1
|faint|p1a: Primarina
|
|upkeep
|
|t:|1743803682
|switch|p1a: Blaziken|Blaziken, M|100/100
|turn|5
|
|t:|1743803689
|move|p1a: Blaziken|Protect|p1a: Blaziken
|-singleturn|p1a: Blaziken|Protect
|move|p2a: Iron Valiant|Moonblast|p1a: Blaziken
|-activate|p1a: Blaziken|move: Protect
|
|-fieldend|move: Grassy Terrain
|-ability|p1a: Blaziken|Speed Boost|boost
|-boost|p1a: Blaziken|spe|1
|upkeep
|turn|6
|
|t:|1743803697
|move|p2a: Iron Valiant|Encore|p1a: Blaziken
|-start|p1a: Blaziken|Encore
|move|p1a: Blaziken|Protect||[still]
|-fail|p1a: Blaziken
|
|-ability|p1a: Blaziken|Speed Boost|boost
|-boost|p1a: Blaziken|spe|1
|upkeep
|turn|7
|
|t:|1743803704
|switch|p1a: Raging Bolt|Raging Bolt|100/100
|-enditem|p1a: Raging Bolt|Booster Energy
|-activate|p1a: Raging Bolt|ability: Protosynthesis|[fromitem]
|-start|p1a: Raging Bolt|protosynthesisspa
|move|p2a: Iron Valiant|Moonblast|p1a: Raging Bolt
|-supereffective|p1a: Raging Bolt
|-damage|p1a: Raging Bolt|15/100
|-unboost|p1a: Raging Bolt|spa|1
|
|upkeep
|turn|8
|
|t:|1743803723
|-end|p2a: Iron Valiant|Quark Drive|[silent]
|switch|p2a: Ting-Lu|Ting-Lu|100/100
|-ability|p2a: Ting-Lu|Vessel of Ruin
|move|p1a: Raging Bolt|Thunderclap||[still]
|-fail|p1a: Raging Bolt
|
|upkeep
|turn|9
|
|t:|1743803731
|-end|p1a: Raging Bolt|Protosynthesis|[silent]
|switch|p1a: Rillaboom|Rillaboom, M|100/100
|-fieldstart|move: Grassy Terrain|[from] ability: Grassy Surge|[of] p1a: Rillaboom
|move|p2a: Ting-Lu|Stealth Rock|p1a: Rillaboom
|-sidestart|p1: Matatex|move: Stealth Rock
|
|upkeep
|turn|10
|
|t:|1743803739
|switch|p2a: Dragonite|Dragonite, M|100/100
|move|p1a: Rillaboom|Leech Seed|p2a: Dragonite
|-start|p2a: Dragonite|move: Leech Seed
|
|-damage|p2a: Dragonite|88/100|[from] Leech Seed|[of] p1a: Rillaboom
|upkeep
|turn|11
|
|t:|1743803747
|move|p2a: Dragonite|Dragon Dance|p2a: Dragonite
|-boost|p2a: Dragonite|atk|1
|-boost|p2a: Dragonite|spe|1
|move|p1a: Rillaboom|Substitute|p1a: Rillaboom
|-start|p1a: Rillaboom|Substitute
|-damage|p1a: Rillaboom|75/100
|
|-heal|p1a: Rillaboom|82/100|[from] Grassy Terrain
|-heal|p1a: Rillaboom|88/100|[from] item: Leftovers
|-damage|p2a: Dragonite|76/100|[from] Leech Seed|[of] p1a: Rillaboom
|-heal|p1a: Rillaboom|98/100|[silent]
|upkeep
|turn|12
|
|t:|1743803759
|move|p1a: Rillaboom|Grassy Glide|p2a: Dragonite
|-resisted|p2a: Dragonite
|-damage|p2a: Dragonite|68/100
|move|p2a: Dragonite|Ice Spinner|p1a: Rillaboom
|-supereffective|p1a: Rillaboom
|-end|p1a: Rillaboom|Substitute
|-fieldend|move: Grassy Terrain
|
|-heal|p1a: Rillaboom|100/100|[from] item: Leftovers
|-damage|p2a: Dragonite|55/100|[from] Leech Seed|[of] p1a: Rillaboom
|upkeep
|turn|13
|
|t:|1743803768
|switch|p1a: Great Tusk|Great Tusk|100/100
|-damage|p1a: Great Tusk|98/100|[from] Stealth Rock
|move|p2a: Dragonite|Ice Spinner|p1a: Great Tusk
|-supereffective|p1a: Great Tusk
|-damage|p1a: Great Tusk|57/100
|-damage|p2a: Dragonite|39/100|[from] item: Rocky Helmet|[of] p1a: Great Tusk
|
|-damage|p2a: Dragonite|27/100|[from] Leech Seed|[of] p1a: Great Tusk
|-heal|p1a: Great Tusk|66/100|[silent]
|upkeep
|turn|14
|
|t:|1743803777
|switch|p2a: Iron Valiant|Iron Valiant|100/100
|move|p1a: Great Tusk|Rapid Spin|p2a: Iron Valiant
|-damage|p2a: Iron Valiant|80/100
|-boost|p1a: Great Tusk|spe|1
|-sideend|p1: Matatex|Stealth Rock|[from] move: Rapid Spin|[of] p1a: Great Tusk
|
|upkeep
|turn|15
|
|t:|1743803791
|-end|p1a: Great Tusk|Protosynthesis|[silent]
|switch|p1a: Raging Bolt|Raging Bolt|15/100
|move|p2a: Iron Valiant|Moonblast|p1a: Raging Bolt
|-supereffective|p1a: Raging Bolt
|-crit|p1a: Raging Bolt
|-damage|p1a: Raging Bolt|0 fnt
|faint|p1a: Raging Bolt
|-end|p1a: Raging Bolt|Protosynthesis|[silent]
|
|upkeep
|
|t:|1743803796
|switch|p1a: Darkrai|Darkrai|100/100
|turn|16
|
|t:|1743803816
|-end|p2a: Iron Valiant|Quark Drive|[silent]
|switch|p2a: Ting-Lu|Ting-Lu|100/100
|-ability|p2a: Ting-Lu|Vessel of Ruin
|move|p1a: Darkrai|Ice Beam|p2a: Ting-Lu
|-supereffective|p2a: Ting-Lu
|-damage|p2a: Ting-Lu|63/100
|
|upkeep
|turn|17
|
|t:|1743803824
|move|p1a: Darkrai|Ice Beam|p2a: Ting-Lu
|-supereffective|p2a: Ting-Lu
|-damage|p2a: Ting-Lu|22/100
|move|p2a: Ting-Lu|Stealth Rock|p1a: Darkrai
|-sidestart|p1: Matatex|move: Stealth Rock
|
|upkeep
|turn|18
|
|t:|1743803829
|move|p1a: Darkrai|Ice Beam|p2a: Ting-Lu
|-supereffective|p2a: Ting-Lu
|-damage|p2a: Ting-Lu|0 fnt
|faint|p2a: Ting-Lu
|
|upkeep
|
|t:|1743803833
|switch|p2a: Gholdengo|Gholdengo|100/100
|turn|19
|
|t:|1743803842
|switch|p1a: Rillaboom|Rillaboom, M|100/100
|-damage|p1a: Rillaboom|88/100|[from] Stealth Rock
|-fieldstart|move: Grassy Terrain|[from] ability: Grassy Surge|[of] p1a: Rillaboom
|move|p2a: Gholdengo|Dazzling Gleam|p1a: Rillaboom
|-damage|p1a: Rillaboom|54/100
|
|-heal|p1a: Rillaboom|60/100|[from] Grassy Terrain
|-heal|p1a: Rillaboom|66/100|[from] item: Leftovers
|upkeep
|turn|20
|
|t:|1743803857
|move|p2a: Gholdengo|Dazzling Gleam|p1a: Rillaboom
|-damage|p1a: Rillaboom|37/100
|move|p1a: Rillaboom|Leech Seed|p2a: Gholdengo
|-immune|p2a: Gholdengo|[from] ability: Good as Gold
|
|-heal|p1a: Rillaboom|43/100|[from] Grassy Terrain
|-heal|p1a: Rillaboom|49/100|[from] item: Leftovers
|upkeep
|turn|21
|
|t:|1743803875
|switch|p1a: Blaziken|Blaziken, M|100/100
|-damage|p1a: Blaziken|88/100|[from] Stealth Rock
|move|p2a: Gholdengo|Dazzling Gleam|p1a: Blaziken
|-damage|p1a: Blaziken|47/100
|
|-heal|p1a: Blaziken|53/100|[from] Grassy Terrain
|upkeep
|turn|22
|
|t:|1743803891
|switch|p2a: Iron Valiant|Iron Valiant|80/100
|move|p1a: Blaziken|Protect||[still]
|-fail|p1a: Blaziken
|
|-heal|p2a: Iron Valiant|87/100|[from] Grassy Terrain
|-heal|p1a: Blaziken|59/100|[from] Grassy Terrain
|-ability|p1a: Blaziken|Speed Boost|boost
|-boost|p1a: Blaziken|spe|1
|upkeep
|turn|23
|inactive|Battle timer is ON: inactive players will automatically lose when time's up. (requested by domaltan)
|
|t:|1743803916
|move|p1a: Blaziken|Flare Blitz|p2a: Iron Valiant
|-damage|p2a: Iron Valiant|0 fnt
|faint|p2a: Iron Valiant
|-end|p2a: Iron Valiant|Quark Drive|[silent]
|-damage|p1a: Blaziken|31/100|[from] Recoil
|-damage|p1a: Blaziken|21/100|[from] item: Life Orb
|
|-heal|p1a: Blaziken|27/100|[from] Grassy Terrain
|-fieldend|move: Grassy Terrain
|-ability|p1a: Blaziken|Speed Boost|boost
|-boost|p1a: Blaziken|spe|1
|upkeep
|
|t:|1743803921
|switch|p2a: Dragonite|Dragonite, M|27/100
|turn|24
|
|t:|1743803927
|move|p1a: Blaziken|Protect|p1a: Blaziken
|-singleturn|p1a: Blaziken|Protect
|move|p2a: Dragonite|Extreme Speed|p1a: Blaziken
|-activate|p1a: Blaziken|move: Protect
|
|-ability|p1a: Blaziken|Speed Boost|boost
|-boost|p1a: Blaziken|spe|1
|upkeep
|turn|25
|
|t:|1743803933
|switch|p1a: Great Tusk|Great Tusk|66/100
|-damage|p1a: Great Tusk|63/100|[from] Stealth Rock
|move|p2a: Dragonite|Extreme Speed|p1a: Great Tusk
|-damage|p1a: Great Tusk|50/100
|-damage|p2a: Dragonite|10/100|[from] item: Rocky Helmet|[of] p1a: Great Tusk
|
|upkeep
|turn|26
|
|t:|1743803948
|switch|p2a: Gholdengo|Gholdengo|100/100
|move|p1a: Great Tusk|Headlong Rush|p2a: Gholdengo
|-supereffective|p2a: Gholdengo
|-damage|p2a: Gholdengo|0 fnt
|-unboost|p1a: Great Tusk|def|1
|-unboost|p1a: Great Tusk|spd|1
|faint|p2a: Gholdengo
|
|upkeep
|
|t:|1743803957
|switch|p2a: Kyurem|Kyurem|100/100
|-ability|p2a: Kyurem|Pressure
|turn|27
|
|t:|1743803966
|-end|p1a: Great Tusk|Protosynthesis|[silent]
|switch|p1a: Blaziken|Blaziken, M|27/100
|-damage|p1a: Blaziken|15/100|[from] Stealth Rock
|move|p2a: Kyurem|Dragon Dance|p2a: Kyurem
|-boost|p2a: Kyurem|atk|1
|-boost|p2a: Kyurem|spe|1
|
|upkeep
|turn|28
|
|t:|1743803973
|move|p1a: Blaziken|Protect|p1a: Blaziken
|-singleturn|p1a: Blaziken|Protect
|move|p2a: Kyurem|Dragon Dance|p2a: Kyurem
|-boost|p2a: Kyurem|atk|1
|-boost|p2a: Kyurem|spe|1
|
|-ability|p1a: Blaziken|Speed Boost|boost
|-boost|p1a: Blaziken|spe|1
|upkeep
|turn|29
|
|t:|1743803984
|move|p2a: Kyurem|Icicle Spear|p1a: Blaziken
|-resisted|p1a: Blaziken
|-damage|p1a: Blaziken|0 fnt
|faint|p1a: Blaziken
|-hitcount|p1: Blaziken|1
|
|upkeep
|
|t:|1743803992
|switch|p1a: Darkrai|Darkrai|100/100
|-damage|p1a: Darkrai|88/100|[from] Stealth Rock
|turn|30
|
|t:|1743803998
|move|p2a: Kyurem|Icicle Spear|p1a: Darkrai
|-damage|p1a: Darkrai|46/100
|-damage|p1a: Darkrai|10/100
|-damage|p1a: Darkrai|0 fnt
|faint|p1a: Darkrai
|-hitcount|p1: Darkrai|3
|
|upkeep
|-message|Matatex forfeited.
|
|win|domaltan
|raw|Matatex's rating: 1337 &rarr; <strong>1314</strong><br />(-23 for losing)
|raw|domaltan's rating: 1283 &rarr; <strong>1312</strong><br />(+29 for winning)
|l|☆Matatex
|player|p1|
|c|☆domaltan|gg
