|j|☆nuke_site
|j|☆ThylaFishie
|t:|1743869374
|gametype|singles
|player|p1|nuke_site|benga|1510
|player|p2|ThylaFishie|fisherman-gen4|1470
|teamsize|p1|6
|teamsize|p2|6
|gen|9
|tier|[Gen 9] OU
|rated|
|rule|HP Percentage Mod: HP is shown in percentages
|rule|Endless Battle Clause: Forcing endless battles is banned
|rule|Species Clause: Limit one of each Pokémon
|rule|OHKO Clause: OHKO moves are banned
|rule|Evasion Items Clause: Evasion items are banned
|rule|Evasion Moves Clause: Evasion moves are banned
|rule|Sleep Moves Clause: Sleep-inducing moves are banned
|clearpoke
|poke|p1|Gliscor, M|
|poke|p1|Gholdengo|
|poke|p1|Primarina, F|
|poke|p1|Muk-Alola, F|
|poke|p1|Zamazenta-*|
|poke|p1|Ting-Lu|
|poke|p2|Tsareena, F|
|poke|p2|Landorus-Therian, M|
|poke|p2|Gastrodon-East, M|
|poke|p2|Great Tusk|
|poke|p2|Tinkaton, F|
|poke|p2|Darkrai|
|teampreview
|inactive|Battle timer is ON: inactive players will automatically lose when time's up. (requested by nuke_site)
|inactive|ThylaFishie also wants the timer to be on.
|
|t:|1743869394
|start
|switch|p1a: Pitbull named|Primarina, F|100/100
|switch|p2a: Landorus|Landorus-Therian, M|100/100
|-ability|p2a: Landorus|Intimidate|boost
|-unboost|p1a: Pitbull named|atk|1
|turn|1
|
|t:|1743869397
|move|p2a: Landorus|U-turn|p1a: Pitbull named
|-resisted|p1a: Pitbull named
|-damage|p1a: Pitbull named|86/100
|
|t:|1743869399
|switch|p2a: Gastrodon|Gastrodon-East, M|100/100|[from] U-turn
|move|p1a: Pitbull named|Surf|p2a: Gastrodon
|-ability|p2a: Gastrodon|Storm Drain|boost
|-boost|p2a: Gastrodon|spa|1
|
|upkeep
|turn|2
|
|t:|1743869407
|switch|p1a: icup|Muk-Alola, F|100/100
|move|p2a: Gastrodon|Ice Beam|p1a: icup
|-damage|p1a: icup|83/100
|
|-heal|p1a: icup|89/100|[from] item: Leftovers
|upkeep
|turn|3
|
|t:|1743869412
|switch|p2a: Landorus|Landorus-Therian, M|100/100
|-ability|p2a: Landorus|Intimidate|boost
|-unboost|p1a: icup|atk|1
|move|p1a: icup|Knock Off|p2a: Landorus
|-damage|p2a: Landorus|78/100
|-damage|p1a: icup|73/100|[from] item: Rocky Helmet|[of] p2a: Landorus
|-enditem|p2a: Landorus|Rocky Helmet|[from] move: Knock Off|[of] p1a: icup
|
|-heal|p1a: icup|79/100|[from] item: Leftovers
|upkeep
|turn|4
|
|t:|1743869418
|switch|p1a: rock lobster|Gliscor, M|100/100
|move|p2a: Landorus|Stealth Rock|p1a: rock lobster
|-sidestart|p1: nuke_site|move: Stealth Rock
|
|-status|p1a: rock lobster|tox|[from] item: Toxic Orb
|upkeep
|turn|5
|
|t:|1743869420
|move|p2a: Landorus|Taunt|p1a: rock lobster
|-start|p1a: rock lobster|move: Taunt
|cant|p1a: rock lobster|move: Taunt|Stealth Rock
|
|upkeep
|turn|6
|
|t:|1743869424
|move|p2a: Landorus|U-turn|p1a: rock lobster
|-resisted|p1a: rock lobster
|-damage|p1a: rock lobster|93/100 tox
|
|t:|1743869429
|switch|p2a: Great Tusk|Great Tusk|100/100|[from] U-turn
|move|p1a: rock lobster|Knock Off|p2a: Great Tusk
|-resisted|p2a: Great Tusk
|-damage|p2a: Great Tusk|92/100
|-enditem|p2a: Great Tusk|Heavy-Duty Boots|[from] move: Knock Off|[of] p1a: rock lobster
|
|-heal|p1a: rock lobster|100/100 tox|[from] ability: Poison Heal
|upkeep
|turn|7
|
|t:|1743869440
|switch|p1a: Pitbull named|Primarina, F|86/100
|move|p2a: Great Tusk|Knock Off|p1a: Pitbull named
|-resisted|p1a: Pitbull named
|-damage|p1a: Pitbull named|63/100
|-enditem|p1a: Pitbull named|Heavy-Duty Boots|[from] move: Knock Off|[of] p2a: Great Tusk
|
|upkeep
|turn|8
|
|t:|1743869445
|move|p2a: Great Tusk|Earthquake|p1a: Pitbull named
|-damage|p1a: Pitbull named|0 fnt
|faint|p1a: Pitbull named
|
|upkeep
|
|t:|1743869450
|switch|p1a: Princess|Zamazenta|100/100
|-ability|p1a: Princess|Dauntless Shield|boost
|-boost|p1a: Princess|def|1
|turn|9
|
|t:|1743869455
|move|p1a: Princess|Iron Defense|p1a: Princess
|-boost|p1a: Princess|def|2
|move|p2a: Great Tusk|Knock Off|p1a: Princess
|-resisted|p1a: Princess
|-damage|p1a: Princess|95/100
|-enditem|p1a: Princess|Heavy-Duty Boots|[from] move: Knock Off|[of] p2a: Great Tusk
|
|upkeep
|turn|10
|
|t:|1743869459
|-end|p2a: Great Tusk|Protosynthesis|[silent]
|switch|p2a: Landorus|Landorus-Therian, M|78/100
|-ability|p2a: Landorus|Intimidate|boost
|-unboost|p1a: Princess|atk|1
|move|p1a: Princess|Iron Defense|p1a: Princess
|-boost|p1a: Princess|def|2
|
|upkeep
|turn|11
|
|t:|1743869462
|move|p1a: Princess|Body Press|p2a: Landorus
|-resisted|p2a: Landorus
|-damage|p2a: Landorus|25/100
|move|p2a: Landorus|Earth Power|p1a: Princess
|-damage|p1a: Princess|72/100
|
|upkeep
|turn|12
|
|t:|1743869468
|move|p1a: Princess|Body Press|p2a: Landorus
|-resisted|p2a: Landorus
|-damage|p2a: Landorus|0 fnt
|faint|p2a: Landorus
|
|upkeep
|
|t:|1743869476
|switch|p2a: Darkrai|Darkrai|100/100
|turn|13
|
|t:|1743869479
|-terastallize|p2a: Darkrai|Poison
|move|p1a: Princess|Body Press|p2a: Darkrai
|-resisted|p2a: Darkrai
|-damage|p2a: Darkrai|22/100
|move|p2a: Darkrai|Sludge Bomb|p1a: Princess
|-damage|p1a: Princess|14/100
|
|upkeep
|turn|14
|
|t:|1743869487
|move|p1a: Princess|Body Press|p2a: Darkrai
|-resisted|p2a: Darkrai
|-damage|p2a: Darkrai|0 fnt
|faint|p2a: Darkrai
|
|upkeep
|
|t:|1743869491
|switch|p2a: Gastrodon|Gastrodon-East, M|100/100
|turn|15
|
|t:|1743869494
|move|p1a: Princess|Body Press|p2a: Gastrodon
|-damage|p2a: Gastrodon|0 fnt
|faint|p2a: Gastrodon
|
|upkeep
|
|t:|1743869497
|switch|p2a: Tinkaton|Tinkaton, F|100/100
|-ability|p2a: Tinkaton|Mold Breaker
|turn|16
|-message|ThylaFishie forfeited.
|
|win|nuke_site
|raw|nuke_site's rating: 1510 &rarr; <strong>1528</strong><br />(+18 for winning)
|raw|ThylaFishie's rating: 1470 &rarr; <strong>1452</strong><br />(-18 for losing)
|l|☆ThylaFishie
|player|p2|
|c|☆nuke_site|gg
|l|☆nuke_site
|player|p1|
