|j|☆acidosis
|j|☆Johnny987
|t:|1743800836
|gametype|singles
|player|p1|acidosis|266|1460
|player|p2|Johnny987|169|1416
|teamsize|p1|6
|teamsize|p2|6
|gen|9
|tier|[Gen 9] OU
|rated|
|rule|HP Percentage Mod: HP is shown in percentages
|rule|Endless Battle Clause: Forcing endless battles is banned
|rule|Species Clause: Limit one of each Pokémon
|rule|OHKO Clause: OHKO moves are banned
|rule|Evasion Items Clause: Evasion items are banned
|rule|Evasion Moves Clause: Evasion moves are banned
|rule|Sleep Moves Clause: Sleep-inducing moves are banned
|clearpoke
|poke|p1|Araquanid, M|
|poke|p1|Raging Bolt|
|poke|p1|Iron Moth|
|poke|p1|Great Tusk|
|poke|p1|Gholdengo|
|poke|p1|Kingambit, F|
|poke|p2|Pyroar, F|
|poke|p2|Ninetales, F|
|poke|p2|Hatterene, F|
|poke|p2|Great Tusk|
|poke|p2|Walking Wake|
|poke|p2|Kingambit, F|
|teampreview
|inactive|Battle timer is ON: inactive players will automatically lose when time's up. (requested by Johnny987)
|
|t:|1743800850
|start
|switch|p1a: Araquanid|Araquanid, M|100/100
|switch|p2a: Kim|Ninetales, F|100/100
|-weather|SunnyDay|[from] ability: Drought|[of] p2a: Kim
|turn|1
|
|t:|1743800860
|switch|p2a: Cris|Hatterene, F|100/100
|switch|p1a: Iron Moth|Iron Moth|100/100
|-enditem|p1a: Iron Moth|Booster Energy
|-activate|p1a: Iron Moth|ability: Quark Drive|[fromitem]
|-start|p1a: Iron Moth|quarkdrivespa
|
|-weather|SunnyDay|[upkeep]
|upkeep
|turn|2
|
|t:|1743800870
|move|p1a: Iron Moth|Sludge Wave|p2a: Cris
|-supereffective|p2a: Cris
|-damage|p2a: Cris|0 fnt
|faint|p2a: Cris
|
|-weather|SunnyDay|[upkeep]
|upkeep
|
|t:|1743800880
|switch|p2a: Licha|Walking Wake|100/100
|-activate|p2a: Licha|ability: Protosynthesis
|-start|p2a: Licha|protosynthesisspe
|turn|3
|
|t:|1743800892
|-end|p1a: Iron Moth|Quark Drive|[silent]
|switch|p1a: Araquanid|Araquanid, M|100/100
|move|p2a: Licha|Draco Meteor|p1a: Araquanid
|-damage|p1a: Araquanid|36/100
|-unboost|p2a: Licha|spa|2
|
|-weather|SunnyDay|[upkeep]
|upkeep
|turn|4
|
|t:|1743800900
|move|p2a: Licha|Draco Meteor|p1a: Araquanid
|-damage|p1a: Araquanid|0 fnt
|-unboost|p2a: Licha|spa|2
|faint|p1a: Araquanid
|
|-weather|SunnyDay|[upkeep]
|upkeep
|
|t:|1743800911
|switch|p1a: Raging Bolt|Raging Bolt|100/100
|-activate|p1a: Raging Bolt|ability: Protosynthesis
|-start|p1a: Raging Bolt|protosynthesisspa
|turn|5
|
|t:|1743800933
|-end|p2a: Licha|Protosynthesis|[silent]
|switch|p2a: Alex|Kingambit, F|100/100
|-activate|p2a: Alex|ability: Supreme Overlord
|-start|p2a: Alex|fallen1|[silent]
|move|p1a: Raging Bolt|Calm Mind|p1a: Raging Bolt
|-boost|p1a: Raging Bolt|spa|1
|-boost|p1a: Raging Bolt|spd|1
|
|-weather|SunnyDay|[upkeep]
|upkeep
|turn|6
|
|t:|1743800943
|-end|p2a: Alex|fallen1|[silent]
|switch|p2a: Greg|Great Tusk|100/100
|-activate|p2a: Greg|ability: Protosynthesis
|-start|p2a: Greg|protosynthesisatk
|move|p1a: Raging Bolt|Thunderbolt|p2a: Greg
|-immune|p2a: Greg
|
|-weather|SunnyDay|[upkeep]
|upkeep
|turn|7
|
|t:|1743800954
|-terastallize|p1a: Raging Bolt|Bug
|move|p2a: Greg|Headlong Rush|p1a: Raging Bolt
|-resisted|p1a: Raging Bolt
|-damage|p1a: Raging Bolt|64/100
|-unboost|p2a: Greg|def|1
|-unboost|p2a: Greg|spd|1
|move|p1a: Raging Bolt|Calm Mind|p1a: Raging Bolt
|-boost|p1a: Raging Bolt|spa|1
|-boost|p1a: Raging Bolt|spd|1
|
|-weather|SunnyDay|[upkeep]
|upkeep
|turn|8
|
|t:|1743800967
|move|p2a: Greg|Ice Spinner|p1a: Raging Bolt
|-damage|p1a: Raging Bolt|32/100
|move|p1a: Raging Bolt|Dragon Pulse|p2a: Greg
|-damage|p2a: Greg|0 fnt
|faint|p2a: Greg
|-end|p2a: Greg|Protosynthesis|[silent]
|
|-weather|none
|-end|p1a: Raging Bolt|Protosynthesis
|upkeep
|-enditem|p1a: Raging Bolt|Booster Energy
|-activate|p1a: Raging Bolt|ability: Protosynthesis|[fromitem]
|-start|p1a: Raging Bolt|protosynthesisspa
|inactive|Johnny987 has 120 seconds left.
|
|t:|1743800990
|switch|p2a: Licha|Walking Wake|100/100
|turn|9
|inactive|Johnny987 has 120 seconds left.
|
|t:|1743801006
|-end|p2a: Licha|Protosynthesis|[silent]
|switch|p2a: Kim|Ninetales, F|100/100
|-weather|SunnyDay|[from] ability: Drought|[of] p2a: Kim
|move|p1a: Raging Bolt|Thunderclap||[still]
|-fail|p1a: Raging Bolt
|
|-weather|SunnyDay|[upkeep]
|upkeep
|turn|10
|inactive|Johnny987 has 120 seconds left.
|
|t:|1743801014
|-end|p1a: Raging Bolt|Protosynthesis|[silent]
|switch|p1a: Iron Moth|Iron Moth|100/100
|move|p2a: Kim|Encore||[still]
|-fail|p2a: Kim
|
|-weather|SunnyDay|[upkeep]
|upkeep
|turn|11
|inactive|Johnny987 has 120 seconds left.
|
|t:|1743801039
|move|p1a: Iron Moth|Sludge Wave|p2a: Kim
|-damage|p2a: Kim|50/100
|move|p2a: Kim|Encore|p1a: Iron Moth
|-start|p1a: Iron Moth|Encore
|
|-weather|SunnyDay|[upkeep]
|upkeep
|turn|12
|
|t:|1743801054
|-end|p1a: Iron Moth|Quark Drive|[silent]
|switch|p1a: Gholdengo|Gholdengo|100/100
|-item|p1a: Gholdengo|Air Balloon
|switch|p2a: Licha|Walking Wake|100/100
|-activate|p2a: Licha|ability: Protosynthesis
|-start|p2a: Licha|protosynthesisspe
|
|-weather|SunnyDay|[upkeep]
|upkeep
|turn|13
|inactive|Johnny987 has 120 seconds left.
|
|t:|1743801073
|move|p2a: Licha|Flamethrower|p1a: Gholdengo
|-supereffective|p1a: Gholdengo
|-damage|p1a: Gholdengo|0 fnt
|-enditem|p1a: Gholdengo|Air Balloon
|faint|p1a: Gholdengo
|
|-weather|SunnyDay|[upkeep]
|upkeep
|
|t:|1743801090
|switch|p1a: Great Tusk|Great Tusk|100/100
|-activate|p1a: Great Tusk|ability: Protosynthesis
|-start|p1a: Great Tusk|protosynthesisatk
|turn|14
|inactive|Johnny987 has 120 seconds left.
|
|t:|1743801112
|-end|p2a: Licha|Protosynthesis|[silent]
|switch|p2a: Juni|Pyroar, F|100/100
|-ability|p2a: Juni|Unnerve
|move|p1a: Great Tusk|Rapid Spin|p2a: Juni
|-crit|p2a: Juni
|-damage|p2a: Juni|49/100
|-boost|p1a: Great Tusk|spe|1
|
|-weather|SunnyDay|[upkeep]
|upkeep
|turn|15
|
|t:|1743801124
|move|p1a: Great Tusk|Headlong Rush|p2a: Juni
|-supereffective|p2a: Juni
|-damage|p2a: Juni|0 fnt
|-unboost|p1a: Great Tusk|def|1
|-unboost|p1a: Great Tusk|spd|1
|faint|p2a: Juni
|
|-weather|SunnyDay|[upkeep]
|upkeep
|
|t:|1743801132
|switch|p2a: Licha|Walking Wake|100/100
|-activate|p2a: Licha|ability: Protosynthesis
|-start|p2a: Licha|protosynthesisspe
|turn|16
|
|t:|1743801154
|-end|p1a: Great Tusk|Protosynthesis|[silent]
|switch|p1a: Iron Moth|Iron Moth|100/100
|move|p2a: Licha|Hydro Steam|p1a: Iron Moth
|-supereffective|p1a: Iron Moth
|-damage|p1a: Iron Moth|0 fnt
|faint|p1a: Iron Moth
|-end|p1a: Iron Moth|Quark Drive|[silent]
|
|-weather|none
|-end|p2a: Licha|Protosynthesis
|upkeep
|
|t:|1743801161
|switch|p1a: Kingambit|Kingambit, F|100/100
|-activate|p1a: Kingambit|ability: Supreme Overlord
|-start|p1a: Kingambit|fallen3|[silent]
|turn|17
|inactive|Johnny987 has 90 seconds left.
|
|t:|1743801193
|-end|p2a: Licha|Protosynthesis|[silent]
|switch|p2a: Kim|Ninetales, F|50/100
|-weather|SunnyDay|[from] ability: Drought|[of] p2a: Kim
|move|p1a: Kingambit|Kowtow Cleave|p2a: Kim
|-damage|p2a: Kim|0 fnt
|faint|p2a: Kim
|
|-weather|SunnyDay|[upkeep]
|upkeep
|inactive|Johnny987 has 90 seconds left.
|
|t:|1743801203
|switch|p2a: Licha|Walking Wake|100/100
|-activate|p2a: Licha|ability: Protosynthesis
|-start|p2a: Licha|protosynthesisspe
|turn|18
|inactive|Johnny987 has 90 seconds left.
|
|t:|1743801229
|move|p1a: Kingambit|Sucker Punch|p2a: Licha
|-damage|p2a: Licha|39/100
|move|p2a: Licha|Flamethrower|p1a: Kingambit
|-supereffective|p1a: Kingambit
|-damage|p1a: Kingambit|0 fnt
|faint|p1a: Kingambit
|-end|p1a: Kingambit|fallen3|[silent]
|
|-weather|SunnyDay|[upkeep]
|upkeep
|
|t:|1743801237
|switch|p1a: Raging Bolt|Raging Bolt, tera:Bug|32/100
|-activate|p1a: Raging Bolt|ability: Protosynthesis
|-start|p1a: Raging Bolt|protosynthesisspa
|turn|19
|
|t:|1743801249
|move|p2a: Licha|Flamethrower|p1a: Raging Bolt
|-supereffective|p1a: Raging Bolt
|-damage|p1a: Raging Bolt|0 fnt
|faint|p1a: Raging Bolt
|-end|p1a: Raging Bolt|Protosynthesis|[silent]
|
|-weather|SunnyDay|[upkeep]
|upkeep
|l|☆acidosis
|inactive|acidosis disconnected and has a minute to reconnect!
|player|p1|
|inactive|acidosis has 30 seconds to reconnect!
|inactive|acidosis has 20 seconds to reconnect!
|inactive|acidosis has 15 seconds to reconnect!
|inactive|acidosis has 10 seconds to reconnect!
|inactive|acidosis has 5 seconds to reconnect!
|-message|acidosis lost due to inactivity.
|
|win|Johnny987
|raw|acidosis's rating: 1460 &rarr; <strong>1437</strong><br />(-23 for losing)
|raw|Johnny987's rating: 1416 &rarr; <strong>1439</strong><br />(+23 for winning)
|l|☆Johnny987
|player|p2|
