|j|☆weird mon
|j|☆misplayin
|t:|1743834728
|gametype|singles
|player|p1|weird mon|battlegirl-gen4|1667
|player|p2|misplayin|bugsy|1575
|teamsize|p1|6
|teamsize|p2|6
|gen|9
|tier|[Gen 9] OU
|rated|
|rule|HP Percentage Mod: HP is shown in percentages
|rule|Endless Battle Clause: Forcing endless battles is banned
|rule|Species Clause: Limit one of each Pokémon
|rule|OHKO Clause: OHKO moves are banned
|rule|Evasion Items Clause: Evasion items are banned
|rule|Evasion Moves Clause: Evasion moves are banned
|rule|Sleep Moves Clause: Sleep-inducing moves are banned
|clearpoke
|poke|p1|Araquanid, M|
|poke|p1|Pecharunt|
|poke|p1|Moltres-Galar|
|poke|p1|Great Tusk|
|poke|p1|Kingambit, F|
|poke|p1|Iron Valiant|
|poke|p2|Dragapult, F|
|poke|p2|Moltres|
|poke|p2|Garchomp, F|
|poke|p2|Magnezone|
|poke|p2|Latios, M|
|poke|p2|Corviknight, F|
|teampreview
|inactive|Battle timer is ON: inactive players will automatically lose when time's up. (requested by misplayin)
|
|t:|1743834745
|start
|switch|p1a: Araquanid|Araquanid, M|100/100
|switch|p2a: Magnezone|Magnezone|100/100
|turn|1
|
|t:|1743834756
|move|p2a: Magnezone|Volt Switch|p1a: Araquanid
|-supereffective|p1a: Araquanid
|-damage|p1a: Araquanid|26/100
|
|t:|1743834769
|switch|p2a: Dragapult|Dragapult, F|100/100|[from] Volt Switch
|move|p1a: Araquanid|Sticky Web|p2a: Dragapult
|-sidestart|p2: misplayin|move: Sticky Web
|
|upkeep
|turn|2
|
|t:|1743834776
|move|p2a: Dragapult|Dragon Darts|p1a: Araquanid
|-crit|p1a: Araquanid
|-damage|p1a: Araquanid|0 fnt
|faint|p1a: Araquanid
|
|upkeep
|
|t:|1743834780
|switch|p1a: Moltres|Moltres-Galar|100/100
|turn|3
|
|t:|1743834799
|move|p2a: Dragapult|U-turn|p1a: Moltres
|-damage|p1a: Moltres|77/100
|
|t:|1743834807
|switch|p2a: Garchomp|Garchomp, F|100/100|[from] U-turn
|-activate|p2a: Garchomp|move: Sticky Web
|-unboost|p2a: Garchomp|spe|1
|move|p1a: Moltres|Fiery Wrath|p2a: Garchomp
|-damage|p2a: Garchomp|61/100
|
|upkeep
|turn|4
|
|t:|1743834814
|move|p1a: Moltres|Fiery Wrath|p2a: Garchomp
|-damage|p2a: Garchomp|23/100
|move|p2a: Garchomp|Dragon Tail|p1a: Moltres
|-damage|p1a: Moltres|49/100
|-ability|p1a: Moltres|Berserk|boost
|-boost|p1a: Moltres|spa|1
|drag|p1a: Kingambit|Kingambit, F|100/100
|-activate|p1a: Kingambit|ability: Supreme Overlord
|-start|p1a: Kingambit|fallen1|[silent]
|
|upkeep
|turn|5
|
|t:|1743834822
|move|p2a: Garchomp|Stealth Rock|p1a: Kingambit
|-sidestart|p1: weird mon|move: Stealth Rock
|move|p1a: Kingambit|Kowtow Cleave|p2a: Garchomp
|-damage|p2a: Garchomp|0 fnt
|-damage|p1a: Kingambit|88/100|[from] ability: Rough Skin|[of] p2a: Garchomp
|-damage|p1a: Kingambit|72/100|[from] item: Rocky Helmet|[of] p2a: Garchomp
|faint|p2a: Garchomp
|
|upkeep
|
|t:|1743834830
|switch|p2a: Moltres|Moltres|100/100
|turn|6
|
|t:|1743834837
|-end|p1a: Kingambit|fallen1|[silent]
|switch|p1a: Moltres|Moltres-Galar|49/100
|-enditem|p1a: Moltres|Sitrus Berry|[eat]
|-heal|p1a: Moltres|74/100|[from] item: Sitrus Berry
|-damage|p1a: Moltres|49/100|[from] Stealth Rock
|move|p2a: Moltres|Will-O-Wisp|p1a: Moltres
|-status|p1a: Moltres|brn
|
|-damage|p1a: Moltres|43/100 brn|[from] brn
|upkeep
|turn|7
|
|t:|1743834841
|switch|p2a: Corviknight|Corviknight, F|100/100
|move|p1a: Moltres|Fiery Wrath|p2a: Corviknight
|-damage|p2a: Corviknight|68/100
|
|-heal|p2a: Corviknight|74/100|[from] item: Leftovers
|-damage|p1a: Moltres|37/100 brn|[from] brn
|upkeep
|turn|8
|
|t:|1743834846
|move|p1a: Moltres|Taunt|p2a: Corviknight
|-start|p2a: Corviknight|move: Taunt
|cant|p2a: Corviknight|move: Taunt|Roost
|
|-heal|p2a: Corviknight|81/100|[from] item: Leftovers
|-damage|p1a: Moltres|31/100 brn|[from] brn
|upkeep
|turn|9
|
|t:|1743834849
|move|p1a: Moltres|Fiery Wrath|p2a: Corviknight
|-damage|p2a: Corviknight|49/100
|cant|p2a: Corviknight|flinch
|
|-heal|p2a: Corviknight|55/100|[from] item: Leftovers
|-damage|p1a: Moltres|25/100 brn|[from] brn
|upkeep
|turn|10
|
|t:|1743834854
|move|p1a: Moltres|Fiery Wrath|p2a: Corviknight
|-damage|p2a: Corviknight|20/100
|move|p2a: Corviknight|U-turn|p1a: Moltres
|-damage|p1a: Moltres|10/100 brn
|
|t:|1743834861
|switch|p2a: Dragapult|Dragapult, F|100/100|[from] U-turn
|
|-damage|p1a: Moltres|4/100 brn|[from] brn
|upkeep
|turn|11
|
|t:|1743834868
|move|p2a: Dragapult|U-turn|p1a: Moltres
|-damage|p1a: Moltres|0 fnt
|faint|p1a: Moltres
|
|t:|1743834870
|switch|p2a: Moltres|Moltres|100/100|[from] U-turn
|
|upkeep
|
|t:|1743834877
|switch|p1a: Iron Valiant|Iron Valiant|100/100
|-damage|p1a: Iron Valiant|94/100|[from] Stealth Rock
|-enditem|p1a: Iron Valiant|Booster Energy
|-activate|p1a: Iron Valiant|ability: Quark Drive|[fromitem]
|-start|p1a: Iron Valiant|quarkdrivespa
|turn|12
|
|t:|1743834887
|switch|p2a: Corviknight|Corviknight, F|20/100
|-terastallize|p1a: Iron Valiant|Electric
|move|p1a: Iron Valiant|Thunderbolt|p2a: Corviknight
|-supereffective|p2a: Corviknight
|-damage|p2a: Corviknight|0 fnt
|faint|p2a: Corviknight
|
|upkeep
|
|t:|1743834899
|switch|p2a: Magnezone|Magnezone|100/100
|-activate|p2a: Magnezone|move: Sticky Web
|-unboost|p2a: Magnezone|spe|1
|turn|13
|
|t:|1743834904
|move|p1a: Iron Valiant|Calm Mind|p1a: Iron Valiant
|-boost|p1a: Iron Valiant|spa|1
|-boost|p1a: Iron Valiant|spd|1
|move|p2a: Magnezone|Thunderbolt|p1a: Iron Valiant
|-resisted|p1a: Iron Valiant
|-damage|p1a: Iron Valiant|34/100
|
|upkeep
|turn|14
|
|t:|1743834912
|move|p1a: Iron Valiant|Vacuum Wave|p2a: Magnezone
|-supereffective|p2a: Magnezone
|-damage|p2a: Magnezone|0 fnt
|faint|p2a: Magnezone
|
|upkeep
|
|t:|1743834915
|switch|p2a: Dragapult|Dragapult, F|100/100
|turn|15
|
|t:|1743834919
|move|p2a: Dragapult|Dragon Darts|p1a: Iron Valiant
|-damage|p1a: Iron Valiant|4/100
|-anim|p2a: Dragapult|Dragon Darts|p1a: Iron Valiant
|-damage|p1a: Iron Valiant|0 fnt
|faint|p1a: Iron Valiant
|-end|p1a: Iron Valiant|Quark Drive|[silent]
|
|upkeep
|
|t:|1743834933
|switch|p1a: Pecharunt|Pecharunt|100/100
|-damage|p1a: Pecharunt|88/100|[from] Stealth Rock
|-item|p1a: Pecharunt|Air Balloon
|turn|16
|
|t:|1743834942
|move|p2a: Dragapult|U-turn|p1a: Pecharunt
|-resisted|p1a: Pecharunt
|-damage|p1a: Pecharunt|84/100
|-enditem|p1a: Pecharunt|Air Balloon
|
|t:|1743834944
|switch|p2a: Latios|Latios, M|100/100|[from] U-turn
|move|p1a: Pecharunt|Hex|p2a: Latios
|-supereffective|p2a: Latios
|-damage|p2a: Latios|49/100
|
|upkeep
|turn|17
|
|t:|1743834953
|move|p2a: Latios|Aura Sphere|p1a: Pecharunt
|-immune|p1a: Pecharunt
|move|p1a: Pecharunt|Hex|p2a: Latios
|-supereffective|p2a: Latios
|-damage|p2a: Latios|0 fnt
|faint|p2a: Latios
|
|upkeep
|
|t:|1743834959
|switch|p2a: Dragapult|Dragapult, F|100/100
|turn|18
|
|t:|1743834968
|switch|p1a: Kingambit|Kingambit, F|72/100
|-damage|p1a: Kingambit|66/100|[from] Stealth Rock
|-activate|p1a: Kingambit|ability: Supreme Overlord
|-start|p1a: Kingambit|fallen3|[silent]
|move|p2a: Dragapult|Phantom Force||[still]
|-prepare|p2a: Dragapult|Phantom Force
|
|upkeep
|turn|19
|-message|misplayin forfeited.
|
|win|weird mon
|raw|weird mon's rating: 1667 &rarr; <strong>1682</strong><br />(+15 for winning)
|raw|misplayin's rating: 1575 &rarr; <strong>1560</strong><br />(-15 for losing)
|l|☆misplayin
|player|p2|
|c|☆weird mon|hahahahahaha
|l|☆weird mon
|player|p1|
