|j|☆12345Carter
|j|☆stingraygucci
|t:|1743829352
|gametype|singles
|player|p1|12345Carter|marshal|1172
|player|p2|stingraygucci|guitarist|1119
|teamsize|p1|6
|teamsize|p2|6
|gen|9
|tier|[Gen 9] OU
|rated|
|rule|HP Percentage Mod: HP is shown in percentages
|rule|Endless Battle Clause: Forcing endless battles is banned
|rule|Species Clause: Limit one of each Pokémon
|rule|OHKO Clause: OHKO moves are banned
|rule|Evasion Items Clause: Evasion items are banned
|rule|Evasion Moves Clause: Evasion moves are banned
|rule|Sleep Moves Clause: Sleep-inducing moves are banned
|clearpoke
|poke|p1|Ceruledge, M|
|poke|p1|Dondozo, M|
|poke|p1|Corviknight, F|
|poke|p1|Glimmora, F|
|poke|p1|Hoopa-Unbound|
|poke|p1|Weavile, F|
|poke|p2|Landorus-Therian, M|
|poke|p2|Ursaluna, M|
|poke|p2|Glastrier|
|poke|p2|Samurott-Hisui, M|
|poke|p2|Hatterene, F|
|poke|p2|Slowking-Galar, M|
|teampreview
|inactive|Battle timer is ON: inactive players will automatically lose when time's up. (requested by stingraygucci)
|
|t:|1743829365
|start
|switch|p1a: Glimmora|Glimmora, F|100/100
|switch|p2a: Samurott|Samurott-Hisui, M|100/100
|turn|1
|
|t:|1743829380
|move|p2a: Samurott|Razor Shell|p1a: Glimmora
|-supereffective|p1a: Glimmora
|-enditem|p1a: Glimmora|Focus Sash
|-damage|p1a: Glimmora|1/100
|-unboost|p1a: Glimmora|def|1
|-activate|p1a: Glimmora|ability: Toxic Debris
|-sidestart|p2: stingraygucci|move: Toxic Spikes
|move|p1a: Glimmora|Stealth Rock|p2a: Samurott
|-sidestart|p2: stingraygucci|move: Stealth Rock
|
|upkeep
|turn|2
|
|t:|1743829391
|move|p1a: Glimmora|Spiky Shield|p1a: Glimmora
|-singleturn|p1a: Glimmora|move: Protect
|move|p2a: Samurott|Razor Shell|p1a: Glimmora
|-activate|p1a: Glimmora|move: Protect
|-damage|p2a: Samurott|88/100|[from] Spiky Shield|[of] p1a: Glimmora
|
|upkeep
|turn|3
|
|t:|1743829408
|move|p2a: Samurott|Razor Shell|p1a: Glimmora
|-supereffective|p1a: Glimmora
|-crit|p1a: Glimmora
|-damage|p1a: Glimmora|0 fnt
|-activate|p1a: Glimmora|ability: Toxic Debris
|-sidestart|p2: stingraygucci|move: Toxic Spikes
|faint|p1a: Glimmora
|
|upkeep
|
|t:|1743829419
|switch|p1a: Dondozo|Dondozo, M|100/100
|turn|4
|
|t:|1743829437
|switch|p2a: Slowking|Slowking-Galar, M|100/100
|-sideend|p2: stingraygucci|move: Toxic Spikes|[of] p2a: Slowking
|-damage|p2a: Slowking|88/100|[from] Stealth Rock
|move|p1a: Dondozo|Curse|p1a: Dondozo
|-unboost|p1a: Dondozo|spe|1
|-boost|p1a: Dondozo|atk|1
|-boost|p1a: Dondozo|def|1
|
|upkeep
|turn|5
|
|t:|1743829446
|move|p1a: Dondozo|Earthquake|p2a: Slowking
|-supereffective|p2a: Slowking
|-damage|p2a: Slowking|21/100
|move|p2a: Slowking|Trick Room|p2a: Slowking
|-fieldstart|move: Trick Room|[of] p2a: Slowking
|
|upkeep
|turn|6
|
|t:|1743829458
|move|p1a: Dondozo|Earthquake|p2a: Slowking
|-supereffective|p2a: Slowking
|-damage|p2a: Slowking|0 fnt
|faint|p2a: Slowking
|
|upkeep
|
|t:|1743829476
|switch|p2a: Big Chill|Glastrier|100/100
|turn|7
|
|t:|1743829485
|-terastallize|p2a: Big Chill|Electric
|move|p2a: Big Chill|Tera Blast|p1a: Dondozo|[anim] Tera Blast Electric
|-supereffective|p1a: Dondozo
|-damage|p1a: Dondozo|61/100
|move|p1a: Dondozo|Wave Crash|p2a: Big Chill
|-damage|p2a: Big Chill|38/100
|-damage|p1a: Dondozo|45/100|[from] Recoil
|
|upkeep
|turn|8
|
|t:|1743829492
|move|p2a: Big Chill|Tera Blast|p1a: Dondozo|[anim] Tera Blast Electric
|-supereffective|p1a: Dondozo
|-damage|p1a: Dondozo|2/100
|move|p1a: Dondozo|Rest|p1a: Dondozo
|-status|p1a: Dondozo|slp|[from] move: Rest
|-heal|p1a: Dondozo|100/100 slp|[silent]
|-enditem|p1a: Dondozo|Chesto Berry|[eat]
|-curestatus|p1a: Dondozo|slp|[msg]
|
|upkeep
|turn|9
|
|t:|1743829502
|move|p2a: Big Chill|Tera Blast|p1a: Dondozo|[anim] Tera Blast Electric
|-supereffective|p1a: Dondozo
|-damage|p1a: Dondozo|58/100
|move|p1a: Dondozo|Earthquake|p2a: Big Chill
|-supereffective|p2a: Big Chill
|-damage|p2a: Big Chill|0 fnt
|faint|p2a: Big Chill
|
|-fieldend|move: Trick Room
|upkeep
|
|t:|1743829513
|switch|p2a: Landorus|Landorus-Therian, M, shiny|100/100
|-damage|p2a: Landorus|88/100|[from] Stealth Rock
|-ability|p2a: Landorus|Intimidate|boost
|-unboost|p1a: Dondozo|atk|1
|turn|10
|
|t:|1743829522
|move|p2a: Landorus|Taunt|p1a: Dondozo
|-start|p1a: Dondozo|move: Taunt
|move|p1a: Dondozo|Wave Crash|p2a: Landorus
|-supereffective|p2a: Landorus
|-damage|p2a: Landorus|0 fnt
|-damage|p1a: Dondozo|41/100|[from] item: Rocky Helmet|[of] p2a: Landorus
|faint|p2a: Landorus
|-damage|p1a: Dondozo|19/100|[from] Recoil
|
|upkeep
|
|t:|1743829530
|switch|p2a: Hatterene|Hatterene, F|100/100
|-damage|p2a: Hatterene|88/100|[from] Stealth Rock
|turn|11
|
|t:|1743829540
|move|p1a: Dondozo|Wave Crash|p2a: Hatterene
|-damage|p2a: Hatterene|30/100
|-damage|p1a: Dondozo|7/100|[from] Recoil
|move|p2a: Hatterene|Psychic Noise|p1a: Dondozo
|-damage|p1a: Dondozo|0 fnt
|faint|p1a: Dondozo
|
|upkeep
|
|t:|1743829555
|switch|p1a: Weavile|Weavile, F|100/100
|-ability|p1a: Weavile|Pressure
|turn|12
|
|t:|1743829569
|move|p1a: Weavile|Fake Out|p2a: Hatterene
|-damage|p2a: Hatterene|15/100
|cant|p2a: Hatterene|flinch
|
|upkeep
|turn|13
|
|t:|1743829584
|move|p1a: Weavile|Knock Off|p2a: Hatterene
|-damage|p2a: Hatterene|0 fnt
|-enditem|p2a: Hatterene|Focus Sash|[from] move: Knock Off|[of] p1a: Weavile
|faint|p2a: Hatterene
|
|upkeep
|
|t:|1743829588
|switch|p2a: Samurott|Samurott-Hisui, M|88/100
|-damage|p2a: Samurott|76/100|[from] Stealth Rock
|turn|14
|
|t:|1743829601
|move|p2a: Samurott|Ceaseless Edge|p1a: Weavile
|-resisted|p1a: Weavile
|-damage|p1a: Weavile|64/100
|-sidestart|p1: 12345Carter|Spikes
|move|p1a: Weavile|X-Scissor|p2a: Samurott
|-supereffective|p2a: Samurott
|-damage|p2a: Samurott|13/100
|
|upkeep
|turn|15
|inactive|stingraygucci has 120 seconds left.
|
|t:|1743829633
|move|p2a: Samurott|Ceaseless Edge|p1a: Weavile|[miss]
|-miss|p2a: Samurott|p1a: Weavile
|move|p1a: Weavile|Knock Off|p2a: Samurott
|-resisted|p2a: Samurott
|-damage|p2a: Samurott|0 fnt
|-enditem|p2a: Samurott|Choice Scarf|[from] move: Knock Off|[of] p1a: Weavile
|faint|p2a: Samurott
|
|upkeep
|
|t:|1743829636
|switch|p2a: Ursaluna|Ursaluna, M|100/100
|-damage|p2a: Ursaluna|94/100|[from] Stealth Rock
|turn|16
|
|t:|1743829645
|move|p1a: Weavile|Triple Axel|p2a: Ursaluna
|-supereffective|p2a: Ursaluna
|-damage|p2a: Ursaluna|76/100
|-supereffective|p2a: Ursaluna
|-damage|p2a: Ursaluna|44/100
|-supereffective|p2a: Ursaluna
|-damage|p2a: Ursaluna|0 fnt
|faint|p2a: Ursaluna
|-hitcount|p2: Ursaluna|3
|
|win|12345Carter
|raw|12345Carter's rating: 1172 &rarr; <strong>1193</strong><br />(+21 for winning)
|raw|stingraygucci's rating: 1119 &rarr; <strong>1098</strong><br />(-21 for losing)
|l|☆stingraygucci
|player|p2|
|l|☆12345Carter
|player|p1|
