|j|☆torokaaa
|j|☆Absoljaya
|t:|1743815768
|gametype|singles
|player|p1|torokaaa|blackbelt|1479
|player|p2|Absoljaya|gladion|1527
|teamsize|p1|6
|teamsize|p2|6
|gen|9
|tier|[Gen 9] OU
|rated|
|rule|HP Percentage Mod: HP is shown in percentages
|rule|Endless Battle Clause: Forcing endless battles is banned
|rule|Species Clause: Limit one of each Pokémon
|rule|OHKO Clause: OHKO moves are banned
|rule|Evasion Items Clause: Evasion items are banned
|rule|Evasion Moves Clause: Evasion moves are banned
|rule|Sleep Moves Clause: Sleep-inducing moves are banned
|clearpoke
|poke|p1|Zamazenta-*|
|poke|p1|Ogerpon-Wellspring, F|
|poke|p1|Slowking-Galar, M|
|poke|p1|Great Tusk|
|poke|p1|Kingambit, M|
|poke|p1|Zapdos|
|poke|p2|Great Tusk|
|poke|p2|Cinderace, F|
|poke|p2|Dragapult, F|
|poke|p2|Zoroark-Hisui, F|
|poke|p2|Vaporeon, M|
|poke|p2|Sylveon, M|
|teampreview
|inactive|Battle timer is ON: inactive players will automatically lose when time's up. (requested by torokaaa)
|
|t:|1743815806
|start
|switch|p1a: Zapdos|Zapdos|100/100
|switch|p2a: Great Tusk|Great Tusk|100/100
|turn|1
|
|t:|1743815812
|-end|p2a: Great Tusk|Protosynthesis|[silent]
|switch|p2a: Sylveon|Sylveon, M|100/100
|move|p1a: Zapdos|Hurricane|p2a: Sylveon
|-damage|p2a: Sylveon|86/100
|
|upkeep
|turn|2
|
|t:|1743815817
|move|p1a: Zapdos|Thunder Wave|p2a: Sylveon
|-status|p2a: Sylveon|par
|move|p2a: Sylveon|Psyshock|p1a: Zapdos
|-damage|p1a: Zapdos|85/100
|
|upkeep
|turn|3
|
|t:|1743815823
|move|p1a: Zapdos|Volt Switch|p2a: Sylveon
|-damage|p2a: Sylveon|74/100 par
|
|t:|1743815830
|switch|p1a: Kingambit|Kingambit, M|100/100|[from] Volt Switch
|move|p2a: Sylveon|Hyper Voice|p1a: Kingambit
|-damage|p1a: Kingambit|59/100
|
|-heal|p1a: Kingambit|65/100|[from] item: Leftovers
|upkeep
|turn|4
|
|t:|1743815840
|-end|p1a: Kingambit|fallenundefined|[silent]
|switch|p1a: Slowking|Slowking-Galar, M|100/100
|switch|p2a: Great Tusk|Great Tusk|100/100
|
|upkeep
|turn|5
|
|t:|1743815846
|switch|p1a: Zapdos|Zapdos|85/100
|move|p2a: Great Tusk|Knock Off|p1a: Zapdos
|-damage|p1a: Zapdos|59/100
|-enditem|p1a: Zapdos|Heavy-Duty Boots|[from] move: Knock Off|[of] p2a: Great Tusk
|
|upkeep
|turn|6
|
|t:|1743815867
|-end|p2a: Great Tusk|Protosynthesis|[silent]
|switch|p2a: Dragapult|Dragapult, F|100/100
|move|p1a: Zapdos|Hurricane|p2a: Dragapult|[miss]
|-miss|p1a: Zapdos|p2a: Dragapult
|
|upkeep
|turn|7
|
|t:|1743815872
|move|p2a: Dragapult|Dragon Darts|p1a: Zapdos
|-damage|p1a: Zapdos|32/100
|-anim|p2a: Dragapult|Dragon Darts|p1a: Zapdos
|-damage|p1a: Zapdos|6/100
|move|p1a: Zapdos|Thunder Wave|p2a: Dragapult
|-status|p2a: Dragapult|par
|
|upkeep
|turn|8
|inactive|torokaaa has 120 seconds left.
|
|t:|1743815929
|switch|p1a: Great Tusk|Great Tusk, shiny|100/100
|cant|p2a: Dragapult|par
|
|upkeep
|turn|9
|
|t:|1743815948
|switch|p2a: Vaporeon|Vaporeon, M|100/100
|move|p1a: Great Tusk|Headlong Rush|p2a: Vaporeon
|-damage|p2a: Vaporeon|58/100
|-unboost|p1a: Great Tusk|def|1
|-unboost|p1a: Great Tusk|spd|1
|
|-heal|p2a: Vaporeon|64/100|[from] item: Leftovers
|upkeep
|turn|10
|
|t:|1743815956
|-end|p1a: Great Tusk|Protosynthesis|[silent]
|switch|p1a: Ogerpon|Ogerpon-Wellspring, F|100/100
|move|p2a: Vaporeon|Wish|p2a: Vaporeon
|
|-heal|p2a: Vaporeon|70/100|[from] item: Leftovers
|upkeep
|turn|11
|
|t:|1743815966
|switch|p2a: Cinderace|Cinderace, F|100/100
|move|p1a: Ogerpon|Knock Off|p2a: Cinderace
|-damage|p2a: Cinderace|53/100
|-enditem|p2a: Cinderace|Heavy-Duty Boots|[from] move: Knock Off|[of] p1a: Ogerpon
|
|-heal|p2a: Cinderace|100/100|[from] move: Wish|[wisher] Vaporeon
|upkeep
|turn|12
|
|t:|1743815984
|switch|p1a: Great Tusk|Great Tusk, shiny|100/100
|move|p2a: Cinderace|Will-O-Wisp|p1a: Great Tusk
|-status|p1a: Great Tusk|brn
|
|-damage|p1a: Great Tusk|94/100 brn|[from] brn
|upkeep
|turn|13
|
|t:|1743815993
|switch|p2a: Vaporeon|Vaporeon, M|70/100
|move|p1a: Great Tusk|Stealth Rock|p2a: Vaporeon
|-sidestart|p2: Absoljaya|move: Stealth Rock
|
|-heal|p2a: Vaporeon|76/100|[from] item: Leftovers
|-damage|p1a: Great Tusk|88/100 brn|[from] brn
|upkeep
|turn|14
|
|t:|1743816000
|-end|p1a: Great Tusk|Protosynthesis|[silent]
|switch|p1a: Zapdos|Zapdos|6/100
|move|p2a: Vaporeon|Wish|p2a: Vaporeon
|
|-heal|p2a: Vaporeon|83/100|[from] item: Leftovers
|upkeep
|turn|15
|
|t:|1743816006
|move|p1a: Zapdos|Roost|p1a: Zapdos
|-heal|p1a: Zapdos|56/100
|-singleturn|p1a: Zapdos|move: Roost
|move|p2a: Vaporeon|Scald|p1a: Zapdos
|-damage|p1a: Zapdos|26/100
|
|-heal|p2a: Vaporeon|100/100|[from] move: Wish|[wisher] Vaporeon
|upkeep
|turn|16
|inactive|torokaaa has 120 seconds left.
|
|t:|1743816019
|move|p1a: Zapdos|Thunder Wave|p2a: Vaporeon
|-status|p2a: Vaporeon|par
|move|p2a: Vaporeon|Scald|p1a: Zapdos
|-damage|p1a: Zapdos|0 fnt
|faint|p1a: Zapdos
|
|upkeep
|inactive|torokaaa has 120 seconds left.
|
|t:|1743816028
|switch|p1a: Slowking|Slowking-Galar, M|100/100
|turn|17
|
|t:|1743816032
|move|p1a: Slowking|Psyshock|p2a: Vaporeon
|-damage|p2a: Vaporeon|71/100 par
|move|p2a: Vaporeon|Flip Turn|p1a: Slowking
|-damage|p1a: Slowking|87/100
|
|t:|1743816036
|switch|p2a: Great Tusk|Great Tusk|100/100|[from] Flip Turn
|-damage|p2a: Great Tusk|98/100|[from] Stealth Rock
|
|upkeep
|turn|18
|inactive|torokaaa has 120 seconds left.
|
|t:|1743816072
|switch|p1a: Ogerpon|Ogerpon-Wellspring, F|100/100
|move|p2a: Great Tusk|Headlong Rush|p1a: Ogerpon
|-resisted|p1a: Ogerpon
|-damage|p1a: Ogerpon|56/100
|-unboost|p2a: Great Tusk|def|1
|-unboost|p2a: Great Tusk|spd|1
|
|upkeep
|turn|19
|
|t:|1743816086
|-end|p2a: Great Tusk|Protosynthesis|[silent]
|switch|p2a: Vaporeon|Vaporeon, M|71/100 par
|-damage|p2a: Vaporeon|58/100 par|[from] Stealth Rock
|move|p1a: Ogerpon|Power Whip|p2a: Vaporeon
|-supereffective|p2a: Vaporeon
|-damage|p2a: Vaporeon|0 fnt
|faint|p2a: Vaporeon
|
|upkeep
|
|t:|1743816093
|switch|p2a: Cinderace|Cinderace, F|100/100
|-damage|p2a: Cinderace|76/100|[from] Stealth Rock
|turn|20
|inactive|torokaaa has 120 seconds left.
|
|t:|1743816101
|switch|p1a: Great Tusk|Great Tusk, shiny|88/100 brn
|move|p2a: Cinderace|Pyro Ball|p1a: Great Tusk
|-damage|p1a: Great Tusk|54/100 brn
|
|-damage|p1a: Great Tusk|48/100 brn|[from] brn
|upkeep
|turn|21
|
|t:|1743816110
|switch|p2a: Great Tusk|Great Tusk|98/100
|-damage|p2a: Great Tusk|95/100|[from] Stealth Rock
|move|p1a: Great Tusk|Headlong Rush|p2a: Great Tusk
|-damage|p2a: Great Tusk|71/100
|-unboost|p1a: Great Tusk|def|1
|-unboost|p1a: Great Tusk|spd|1
|-damage|p1a: Great Tusk|31/100 brn|[from] item: Rocky Helmet|[of] p2a: Great Tusk
|
|-damage|p1a: Great Tusk|25/100 brn|[from] brn
|upkeep
|turn|22
|inactive|torokaaa has 120 seconds left.
|
|t:|1743816125
|move|p2a: Great Tusk|Rapid Spin|p1a: Great Tusk
|-damage|p1a: Great Tusk|5/100 brn
|-boost|p2a: Great Tusk|spe|1
|-sideend|p2: Absoljaya|Stealth Rock|[from] move: Rapid Spin|[of] p2a: Great Tusk
|move|p1a: Great Tusk|Ice Spinner|p2a: Great Tusk
|-supereffective|p2a: Great Tusk
|-damage|p2a: Great Tusk|51/100
|-damage|p1a: Great Tusk|0 fnt|[from] item: Rocky Helmet|[of] p2a: Great Tusk
|faint|p1a: Great Tusk
|-end|p1a: Great Tusk|Protosynthesis|[silent]
|
|upkeep
|inactive|torokaaa has 120 seconds left.
|
|t:|1743816144
|switch|p1a: Ogerpon|Ogerpon-Wellspring, F|56/100
|turn|23
|
|t:|1743816155
|-end|p2a: Great Tusk|Protosynthesis|[silent]
|switch|p2a: Dragapult|Dragapult, F|100/100 par
|move|p1a: Ogerpon|U-turn|p2a: Dragapult
|-resisted|p2a: Dragapult
|-damage|p2a: Dragapult|81/100 par
|
|t:|1743816163
|switch|p1a: Zamazenta|Zamazenta|100/100|[from] U-turn
|-ability|p1a: Zamazenta|Dauntless Shield|boost
|-boost|p1a: Zamazenta|def|1
|
|upkeep
|turn|24
|
|t:|1743816169
|move|p1a: Zamazenta|Crunch|p2a: Dragapult
|-supereffective|p2a: Dragapult
|-damage|p2a: Dragapult|2/100 par
|move|p2a: Dragapult|U-turn|p1a: Zamazenta
|-resisted|p1a: Zamazenta
|-damage|p1a: Zamazenta|89/100
|
|t:|1743816174
|switch|p2a: Sylveon|Sylveon, M|74/100 par|[from] U-turn
|
|upkeep
|turn|25
|inactive|torokaaa has 120 seconds left.
|
|t:|1743816212
|switch|p1a: Slowking|Slowking-Galar, M|100/100
|cant|p2a: Sylveon|par
|
|upkeep
|turn|26
|
|t:|1743816230
|move|p1a: Slowking|Sludge Bomb|p2a: Sylveon
|-supereffective|p2a: Sylveon
|-damage|p2a: Sylveon|40/100 par
|move|p2a: Sylveon|Psyshock|p1a: Slowking
|-damage|p1a: Slowking|77/100
|
|upkeep
|turn|27
|
|t:|1743816244
|switch|p2a: Dragapult|Dragapult, F|100/100
|move|p1a: Slowking|Sludge Bomb|p2a: Dragapult
|-resisted|p2a: Dragapult
|-damage|p2a: Dragapult|55/100
|-status|p2a: Dragapult|psn
|replace|p2a: Zoroark|Zoroark-Hisui, F
|-end|p2a: Zoroark|Illusion
|
|-damage|p2a: Zoroark|42/100 psn|[from] psn
|upkeep
|turn|28
|
|t:|1743816257
|move|p2a: Zoroark|Flamethrower|p1a: Slowking
|-damage|p1a: Slowking|52/100
|move|p1a: Slowking|Sludge Bomb|p2a: Zoroark
|-resisted|p2a: Zoroark
|-damage|p2a: Zoroark|0 fnt
|faint|p2a: Zoroark
|
|upkeep
|
|t:|1743816259
|switch|p2a: Dragapult|Dragapult, F|2/100 par
|turn|29
|
|t:|1743816271
|switch|p1a: Zamazenta|Zamazenta|89/100
|move|p2a: Dragapult|Dragon Darts|p1a: Zamazenta
|-damage|p1a: Zamazenta|56/100
|-anim|p2a: Dragapult|Dragon Darts|p1a: Zamazenta
|-damage|p1a: Zamazenta|18/100
|
|upkeep
|turn|30
|
|t:|1743816280
|switch|p2a: Sylveon|Sylveon, M|40/100 par
|move|p1a: Zamazenta|Crunch|p2a: Sylveon
|-resisted|p2a: Sylveon
|-damage|p2a: Sylveon|24/100 par
|
|upkeep
|turn|31
|
|t:|1743816296
|switch|p2a: Great Tusk|Great Tusk|51/100
|move|p1a: Zamazenta|Ice Fang|p2a: Great Tusk
|-supereffective|p2a: Great Tusk
|-damage|p2a: Great Tusk|12/100
|-damage|p1a: Zamazenta|2/100|[from] item: Rocky Helmet|[of] p2a: Great Tusk
|
|upkeep
|turn|32
|inactive|torokaaa has 90 seconds left.
|
|t:|1743816336
|switch|p1a: Kingambit|Kingambit, M|65/100
|-activate|p1a: Kingambit|ability: Supreme Overlord
|-start|p1a: Kingambit|fallen2|[silent]
|move|p2a: Great Tusk|Rapid Spin|p1a: Kingambit
|-resisted|p1a: Kingambit
|-damage|p1a: Kingambit|59/100
|-boost|p2a: Great Tusk|spe|1
|
|-heal|p1a: Kingambit|65/100|[from] item: Leftovers
|upkeep
|turn|33
|
|t:|1743816347
|move|p1a: Kingambit|Sucker Punch|p2a: Great Tusk
|-resisted|p2a: Great Tusk
|-damage|p2a: Great Tusk|0 fnt
|-damage|p1a: Kingambit|49/100|[from] item: Rocky Helmet|[of] p2a: Great Tusk
|faint|p2a: Great Tusk
|-end|p2a: Great Tusk|Protosynthesis|[silent]
|
|-heal|p1a: Kingambit|55/100|[from] item: Leftovers
|upkeep
|
|t:|1743816349
|switch|p2a: Cinderace|Cinderace, F|76/100
|turn|34
|
|t:|1743816354
|move|p2a: Cinderace|Will-O-Wisp|p1a: Kingambit
|-status|p1a: Kingambit|brn
|move|p1a: Kingambit|Kowtow Cleave|p2a: Cinderace
|-crit|p2a: Cinderace
|-damage|p2a: Cinderace|24/100
|
|-heal|p1a: Kingambit|61/100 brn|[from] item: Leftovers
|-damage|p1a: Kingambit|55/100 brn|[from] brn
|upkeep
|turn|35
|
|t:|1743816366
|switch|p2a: Dragapult|Dragapult, F|2/100 par
|move|p1a: Kingambit|Kowtow Cleave|p2a: Dragapult
|-supereffective|p2a: Dragapult
|-damage|p2a: Dragapult|0 fnt
|faint|p2a: Dragapult
|
|-heal|p1a: Kingambit|61/100 brn|[from] item: Leftovers
|-damage|p1a: Kingambit|55/100 brn|[from] brn
|upkeep
|
|t:|1743816369
|switch|p2a: Cinderace|Cinderace, F|24/100
|turn|36
|
|t:|1743816377
|move|p1a: Kingambit|Sucker Punch|p2a: Cinderace
|-damage|p2a: Cinderace|0 fnt
|faint|p2a: Cinderace
|
|-heal|p1a: Kingambit|61/100 brn|[from] item: Leftovers
|-damage|p1a: Kingambit|55/100 brn|[from] brn
|upkeep
|-message|Absoljaya forfeited.
|
|win|torokaaa
|raw|torokaaa's rating: 1479 &rarr; <strong>1502</strong><br />(+23 for winning)
|raw|Absoljaya's rating: 1527 &rarr; <strong>1504</strong><br />(-23 for losing)
|l|☆Absoljaya
|player|p2|
|c|☆torokaaa|gg
