|j|☆tap water gang
|j|☆Jolacoda
|t:|1743871527
|gametype|singles
|player|p1|tap water gang|sage-gen2jp|1395
|player|p2|Jolacoda|170|1387
|teamsize|p1|6
|teamsize|p2|6
|gen|9
|tier|[Gen 9] OU
|rated|
|rule|HP Percentage Mod: HP is shown in percentages
|rule|Endless Battle Clause: Forcing endless battles is banned
|rule|Species Clause: Limit one of each Pokémon
|rule|OHKO Clause: OHKO moves are banned
|rule|Evasion Items Clause: Evasion items are banned
|rule|Evasion Moves Clause: Evasion moves are banned
|rule|Sleep Moves Clause: Sleep-inducing moves are banned
|clearpoke
|poke|p1|Gholdengo|
|poke|p1|Keldeo|
|poke|p1|Zapdos|
|poke|p1|Kyurem|
|poke|p1|Scream Tail|
|poke|p1|Garchomp, M|
|poke|p2|Glimmora, F|
|poke|p2|Dragonite, M|
|poke|p2|Torkoal, F|
|poke|p2|Walking Wake|
|poke|p2|Lilligant-Hisui, F|
|poke|p2|Quaquaval, F|
|teampreview
|inactive|Battle timer is ON: inactive players will automatically lose when time's up. (requested by Jolacoda)
|
|t:|1743871533
|start
|switch|p1a: Scream Tail|Scream Tail|100/100
|switch|p2a: Needle|Glimmora, F|100/100
|turn|1
|
|t:|1743871549
|-end|p1a: Scream Tail|Protosynthesis|[silent]
|switch|p1a: Keldeo|Keldeo|100/100
|move|p2a: Needle|Stealth Rock|p1a: Keldeo
|-sidestart|p1: tap water gang|move: Stealth Rock
|
|upkeep
|turn|2
|
|t:|1743871560
|move|p1a: Keldeo|Aura Sphere|p2a: Needle
|-damage|p2a: Needle|41/100
|move|p2a: Needle|Sludge Wave|p1a: Keldeo
|-damage|p1a: Keldeo|43/100
|
|upkeep
|turn|3
|
|t:|1743871567
|move|p1a: Keldeo|Aura Sphere|p2a: Needle
|-damage|p2a: Needle|0 fnt
|faint|p2a: Needle
|
|upkeep
|
|t:|1743871581
|switch|p2a: DumbButLovely|Torkoal, F|100/100
|-weather|SunnyDay|[from] ability: Drought|[of] p2a: DumbButLovely
|turn|4
|
|t:|1743871589
|move|p1a: Keldeo|Aura Sphere|p2a: DumbButLovely
|-damage|p2a: DumbButLovely|60/100
|move|p2a: DumbButLovely|Lava Plume|p1a: Keldeo
|-resisted|p1a: Keldeo
|-damage|p1a: Keldeo|23/100
|-status|p1a: Keldeo|brn
|
|-weather|SunnyDay|[upkeep]
|-damage|p1a: Keldeo|17/100 brn|[from] brn
|upkeep
|turn|5
|
|t:|1743871600
|switch|p2a: Suicunebutdragon|Walking Wake|100/100
|-activate|p2a: Suicunebutdragon|ability: Protosynthesis
|-start|p2a: Suicunebutdragon|protosynthesisspa
|move|p1a: Keldeo|Flip Turn|p2a: Suicunebutdragon
|-resisted|p2a: Suicunebutdragon
|-damage|p2a: Suicunebutdragon|99/100
|
|t:|1743871606
|switch|p1a: Scream Tail|Scream Tail|100/100|[from] Flip Turn
|-damage|p1a: Scream Tail|88/100|[from] Stealth Rock
|-activate|p1a: Scream Tail|ability: Protosynthesis
|-start|p1a: Scream Tail|protosynthesisspe
|
|-weather|SunnyDay|[upkeep]
|-heal|p1a: Scream Tail|94/100|[from] item: Leftovers
|upkeep
|turn|6
|
|t:|1743871618
|-terastallize|p1a: Scream Tail|Water
|move|p1a: Scream Tail|Dazzling Gleam|p2a: Suicunebutdragon
|-supereffective|p2a: Suicunebutdragon
|-damage|p2a: Suicunebutdragon|51/100
|move|p2a: Suicunebutdragon|Agility|p2a: Suicunebutdragon
|-boost|p2a: Suicunebutdragon|spe|2
|
|-weather|SunnyDay|[upkeep]
|-heal|p1a: Scream Tail|100/100|[from] item: Leftovers
|upkeep
|turn|7
|
|t:|1743871630
|move|p2a: Suicunebutdragon|Dragon Pulse|p1a: Scream Tail
|-damage|p1a: Scream Tail|56/100
|move|p1a: Scream Tail|Encore|p2a: Suicunebutdragon
|-start|p2a: Suicunebutdragon|Encore
|
|-weather|SunnyDay|[upkeep]
|-heal|p1a: Scream Tail|62/100|[from] item: Leftovers
|upkeep
|turn|8
|
|t:|1743871644
|-end|p1a: Scream Tail|Protosynthesis|[silent]
|switch|p1a: Keldeo|Keldeo|17/100 brn
|move|p2a: Suicunebutdragon|Dragon Pulse|p1a: Keldeo
|-damage|p1a: Keldeo|0 fnt
|faint|p1a: Keldeo
|
|-weather|SunnyDay|[upkeep]
|upkeep
|
|t:|1743871649
|switch|p1a: Gholdengo|Gholdengo|100/100
|-damage|p1a: Gholdengo|94/100|[from] Stealth Rock
|turn|9
|
|t:|1743871662
|move|p2a: Suicunebutdragon|Dragon Pulse|p1a: Gholdengo
|-resisted|p1a: Gholdengo
|-damage|p1a: Gholdengo|60/100
|move|p1a: Gholdengo|Make It Rain|p2a: Suicunebutdragon
|-resisted|p2a: Suicunebutdragon
|-damage|p2a: Suicunebutdragon|0 fnt
|-unboost|p1a: Gholdengo|spa|1
|faint|p2a: Suicunebutdragon
|-end|p2a: Suicunebutdragon|Protosynthesis|[silent]
|
|-weather|SunnyDay|[upkeep]
|upkeep
|
|t:|1743871676
|switch|p2a: Huggerboi|Dragonite, M|100/100
|turn|10
|
|t:|1743871681
|switch|p1a: Scream Tail|Scream Tail, tera:Water|62/100
|-damage|p1a: Scream Tail|49/100|[from] Stealth Rock
|-activate|p1a: Scream Tail|ability: Protosynthesis
|-start|p1a: Scream Tail|protosynthesisspe
|move|p2a: Huggerboi|Dragon Dance|p2a: Huggerboi
|-boost|p2a: Huggerboi|atk|1
|-boost|p2a: Huggerboi|spe|1
|
|-weather|SunnyDay|[upkeep]
|-heal|p1a: Scream Tail|56/100|[from] item: Leftovers
|upkeep
|turn|11
|
|t:|1743871694
|move|p1a: Scream Tail|Encore|p2a: Huggerboi
|-start|p2a: Huggerboi|Encore
|move|p2a: Huggerboi|Dragon Dance|p2a: Huggerboi
|-boost|p2a: Huggerboi|atk|1
|-boost|p2a: Huggerboi|spe|1
|
|-weather|none
|-end|p1a: Scream Tail|Protosynthesis
|-heal|p1a: Scream Tail|62/100|[from] item: Leftovers
|upkeep
|turn|12
|
|t:|1743871716
|switch|p2a: DumbButLovely|Torkoal, F|60/100
|-weather|SunnyDay|[from] ability: Drought|[of] p2a: DumbButLovely
|-activate|p1a: Scream Tail|ability: Protosynthesis
|-start|p1a: Scream Tail|protosynthesisspe
|-end|p1a: Scream Tail|Protosynthesis|[silent]
|switch|p1a: Kyurem|Kyurem|100/100
|-damage|p1a: Kyurem|76/100|[from] Stealth Rock
|-ability|p1a: Kyurem|Pressure
|
|-weather|SunnyDay|[upkeep]
|upkeep
|turn|13
|
|t:|1743871728
|move|p1a: Kyurem|Scale Shot|p2a: DumbButLovely
|-damage|p2a: DumbButLovely|51/100
|-crit|p2a: DumbButLovely
|-damage|p2a: DumbButLovely|37/100
|-damage|p2a: DumbButLovely|28/100
|-damage|p2a: DumbButLovely|18/100
|-damage|p2a: DumbButLovely|9/100
|-hitcount|p2a: DumbButLovely|5
|-unboost|p1a: Kyurem|def|1
|-boost|p1a: Kyurem|spe|1
|move|p2a: DumbButLovely|Lava Plume|p1a: Kyurem
|-damage|p1a: Kyurem|39/100
|
|-weather|SunnyDay|[upkeep]
|upkeep
|turn|14
|
|t:|1743871743
|move|p1a: Kyurem|Icicle Spear|p2a: DumbButLovely
|-resisted|p2a: DumbButLovely
|-damage|p2a: DumbButLovely|4/100
|-resisted|p2a: DumbButLovely
|-damage|p2a: DumbButLovely|0 fnt
|faint|p2a: DumbButLovely
|-hitcount|p2: DumbButLovely|2
|
|-weather|SunnyDay|[upkeep]
|upkeep
|inactive|Jolacoda has 120 seconds left.
|
|t:|1743871757
|switch|p2a: Ouch|Lilligant-Hisui, F|100/100
|turn|15
|
|t:|1743871761
|switch|p1a: Zapdos|Zapdos|100/100
|-damage|p1a: Zapdos|76/100|[from] Stealth Rock
|move|p2a: Ouch|Victory Dance|p2a: Ouch
|-boost|p2a: Ouch|atk|1
|-boost|p2a: Ouch|def|1
|-boost|p2a: Ouch|spe|1
|
|-weather|SunnyDay|[upkeep]
|upkeep
|turn|16
|
|t:|1743871773
|move|p2a: Ouch|Ice Spinner|p1a: Zapdos
|-supereffective|p1a: Zapdos
|-damage|p1a: Zapdos|0 fnt
|faint|p1a: Zapdos
|-damage|p2a: Ouch|91/100|[from] item: Life Orb
|
|-weather|SunnyDay|[upkeep]
|upkeep
|
|t:|1743871776
|switch|p1a: Garchomp|Garchomp, M|100/100
|-damage|p1a: Garchomp|94/100|[from] Stealth Rock
|turn|17
|
|t:|1743871785
|move|p2a: Ouch|Ice Spinner|p1a: Garchomp
|-supereffective|p1a: Garchomp
|-damage|p1a: Garchomp|0 fnt
|-damage|p2a: Ouch|78/100|[from] ability: Rough Skin|[of] p1a: Garchomp
|-damage|p2a: Ouch|62/100|[from] item: Rocky Helmet|[of] p1a: Garchomp
|faint|p1a: Garchomp
|-damage|p2a: Ouch|52/100|[from] item: Life Orb
|
|-weather|SunnyDay|[upkeep]
|upkeep
|
|t:|1743871787
|switch|p1a: Scream Tail|Scream Tail, tera:Water|62/100
|-damage|p1a: Scream Tail|49/100|[from] Stealth Rock
|-activate|p1a: Scream Tail|ability: Protosynthesis
|-start|p1a: Scream Tail|protosynthesisspe
|turn|18
|
|t:|1743871801
|-end|p1a: Scream Tail|Protosynthesis|[silent]
|switch|p1a: Gholdengo|Gholdengo|60/100
|-damage|p1a: Gholdengo|54/100|[from] Stealth Rock
|move|p2a: Ouch|Leaf Blade|p1a: Gholdengo
|-resisted|p1a: Gholdengo
|-crit|p1a: Gholdengo
|-damage|p1a: Gholdengo|0 fnt
|faint|p1a: Gholdengo
|-damage|p2a: Ouch|42/100|[from] item: Life Orb
|
|-weather|SunnyDay|[upkeep]
|upkeep
|
|t:|1743871804
|switch|p1a: Scream Tail|Scream Tail, tera:Water|49/100
|-damage|p1a: Scream Tail|37/100|[from] Stealth Rock
|-activate|p1a: Scream Tail|ability: Protosynthesis
|-start|p1a: Scream Tail|protosynthesisspe
|turn|19
|
|t:|1743871817
|move|p2a: Ouch|Leaf Blade|p1a: Scream Tail
|-supereffective|p1a: Scream Tail
|-damage|p1a: Scream Tail|0 fnt
|faint|p1a: Scream Tail
|-end|p1a: Scream Tail|Protosynthesis|[silent]
|-damage|p2a: Ouch|32/100|[from] item: Life Orb
|
|-weather|none
|upkeep
|
|t:|1743871820
|switch|p1a: Kyurem|Kyurem|39/100
|-damage|p1a: Kyurem|14/100|[from] Stealth Rock
|-ability|p1a: Kyurem|Pressure
|turn|20
|
|t:|1743871830
|move|p2a: Ouch|Close Combat|p1a: Kyurem
|-supereffective|p1a: Kyurem
|-damage|p1a: Kyurem|0 fnt
|-unboost|p2a: Ouch|def|1
|-unboost|p2a: Ouch|spd|1
|faint|p1a: Kyurem
|-damage|p2a: Ouch|22/100|[from] item: Life Orb
|
|win|Jolacoda
|raw|tap water gang's rating: 1395 &rarr; <strong>1375</strong><br />(-20 for losing)
|raw|Jolacoda's rating: 1387 &rarr; <strong>1407</strong><br />(+20 for winning)
|l|☆tap water gang
|player|p1|
|c|☆Jolacoda|GG
|l|☆Jolacoda
|player|p2|
