|j|☆Phanthom_Ex4
|j|☆ILUVHRT
|t:|1743782495
|gametype|singles
|player|p1|Phanthom_Ex4|burglar|1374
|player|p2|ILUVHRT|cowgirl|1396
|teamsize|p1|6
|teamsize|p2|6
|gen|9
|tier|[Gen 9] OU
|rated|
|rule|HP Percentage Mod: HP is shown in percentages
|rule|Endless Battle Clause: Forcing endless battles is banned
|rule|Species Clause: Limit one of each Pokémon
|rule|OHKO Clause: OHKO moves are banned
|rule|Evasion Items Clause: Evasion items are banned
|rule|Evasion Moves Clause: Evasion moves are banned
|rule|Sleep Moves Clause: Sleep-inducing moves are banned
|clearpoke
|poke|p1|Lokix, M|
|poke|p1|Heatran, M|
|poke|p1|Ribombee, F|
|poke|p1|Thundurus-Therian, M|
|poke|p1|Okidogi, M|
|poke|p1|Brambleghast, M|
|poke|p2|Ting-Lu|
|poke|p2|Dragonite, F|
|poke|p2|Zamazenta-*|
|poke|p2|Rotom-Wash|
|poke|p2|Darkrai|
|poke|p2|Slowking-Galar, F|
|teampreview
|inactive|Battle timer is ON: inactive players will automatically lose when time's up. (requested by ILUVHRT)
|
|t:|1743782514
|start
|switch|p1a: Ribombee|Ribombee, F|100/100
|switch|p2a: Rotom|Rotom-Wash|100/100
|turn|1
|
|t:|1743782520
|move|p1a: Ribombee|Sticky Web|p2a: Rotom
|-sidestart|p2: ILUVHRT|move: Sticky Web
|move|p2a: Rotom|Hydro Pump|p1a: Ribombee
|-damage|p1a: Ribombee|32/100
|
|upkeep
|turn|2
|
|t:|1743782524
|switch|p1a: Brambleghast|Brambleghast, M|100/100
|move|p2a: Rotom|Volt Switch|p1a: Brambleghast
|-resisted|p1a: Brambleghast
|-damage|p1a: Brambleghast|79/100
|
|t:|1743782530
|switch|p2a: Darkrai|Darkrai|100/100|[from] Volt Switch
|
|upkeep
|turn|3
|
|t:|1743782535
|switch|p1a: Okidogi|Okidogi, M|100/100
|move|p2a: Darkrai|Dark Pulse|p1a: Okidogi
|-resisted|p1a: Okidogi
|-damage|p1a: Okidogi|83/100
|
|upkeep
|turn|4
|
|t:|1743782545
|switch|p2a: Rotom|Rotom-Wash|100/100
|move|p1a: Okidogi|Knock Off|p2a: Rotom
|-damage|p2a: Rotom|76/100
|-enditem|p2a: Rotom|Leftovers|[from] move: Knock Off|[of] p1a: Okidogi
|
|upkeep
|turn|5
|
|t:|1743782558
|switch|p1a: Heatran|Heatran, M|100/100
|move|p2a: Rotom|Will-O-Wisp|p1a: Heatran
|-start|p1a: Heatran|ability: Flash Fire
|
|upkeep
|turn|6
|
|t:|1743782567
|move|p2a: Rotom|Hydro Pump|p1a: Heatran
|-supereffective|p1a: Heatran
|-damage|p1a: Heatran|45/100
|move|p1a: Heatran|Stealth Rock|p2a: Rotom
|-sidestart|p2: ILUVHRT|move: Stealth Rock
|
|-heal|p1a: Heatran|51/100|[from] item: Leftovers
|upkeep
|turn|7
|
|t:|1743782573
|-end|p1a: Heatran|ability: Flash Fire|[silent]
|switch|p1a: Thundurus|Thundurus-Therian, M|100/100
|move|p2a: Rotom|Hydro Pump|p1a: Thundurus
|-damage|p1a: Thundurus|51/100
|
|upkeep
|turn|8
|
|t:|1743782579
|switch|p2a: Ting-Lu|Ting-Lu|100/100
|-activate|p2a: Ting-Lu|move: Sticky Web
|-unboost|p2a: Ting-Lu|spe|1
|-damage|p2a: Ting-Lu|94/100|[from] Stealth Rock
|-ability|p2a: Ting-Lu|Vessel of Ruin
|move|p1a: Thundurus|Thunderbolt|p2a: Ting-Lu
|-immune|p2a: Ting-Lu
|
|-heal|p2a: Ting-Lu|100/100|[from] item: Leftovers
|upkeep
|turn|9
|
|t:|1743782582
|switch|p1a: Ribombee|Ribombee, F|32/100
|move|p2a: Ting-Lu|Spikes|p1a: Ribombee
|-sidestart|p1: Phanthom_Ex4|Spikes
|
|upkeep
|turn|10
|
|t:|1743782586
|switch|p2a: Rotom|Rotom-Wash|76/100
|-damage|p2a: Rotom|64/100|[from] Stealth Rock
|move|p1a: Ribombee|Trick|p2a: Rotom
|-activate|p1a: Ribombee|move: Trick|[of] p2a: Rotom
|-item|p2a: Rotom|Choice Scarf|[from] move: Trick
|-enditem|p1a: Ribombee|Choice Scarf|[silent]|[from] move: Trick
|
|upkeep
|turn|11
|
|t:|1743782600
|switch|p1a: Thundurus|Thundurus-Therian, M|51/100
|move|p2a: Rotom|Volt Switch|p1a: Thundurus
|-heal|p1a: Thundurus|76/100|[from] ability: Volt Absorb|[of] p2a: Rotom
|
|upkeep
|turn|12
|
|t:|1743782604
|switch|p2a: Ting-Lu|Ting-Lu|100/100
|-activate|p2a: Ting-Lu|move: Sticky Web
|-unboost|p2a: Ting-Lu|spe|1
|-damage|p2a: Ting-Lu|94/100|[from] Stealth Rock
|-ability|p2a: Ting-Lu|Vessel of Ruin
|move|p1a: Thundurus|Grass Knot|p2a: Ting-Lu
|-supereffective|p2a: Ting-Lu
|-damage|p2a: Ting-Lu|58/100
|
|-heal|p2a: Ting-Lu|65/100|[from] item: Leftovers
|upkeep
|turn|13
|
|t:|1743782619
|switch|p1a: Ribombee|Ribombee, F|32/100
|-damage|p1a: Ribombee|20/100|[from] Spikes
|move|p2a: Ting-Lu|Spikes|p1a: Ribombee
|-sidestart|p1: Phanthom_Ex4|Spikes
|
|-heal|p2a: Ting-Lu|71/100|[from] item: Leftovers
|upkeep
|turn|14
|
|t:|1743782626
|switch|p2a: Rotom|Rotom-Wash|64/100
|-damage|p2a: Rotom|51/100|[from] Stealth Rock
|move|p1a: Ribombee|Moonblast|p2a: Rotom
|-damage|p2a: Rotom|11/100
|
|upkeep
|turn|15
|
|t:|1743782632
|switch|p1a: Brambleghast|Brambleghast, M|79/100
|-damage|p1a: Brambleghast|63/100|[from] Spikes
|move|p2a: Rotom|Pain Split|p1a: Brambleghast
|-sethp|p1a: Brambleghast|38/100|[from] move: Pain Split|[silent]
|-sethp|p2a: Rotom|32/100|[from] move: Pain Split
|
|upkeep
|turn|16
|
|t:|1743782643
|switch|p2a: Slowking|Slowking-Galar, F|100/100
|move|p1a: Brambleghast|Rapid Spin|p2a: Slowking
|-damage|p2a: Slowking|85/100
|-boost|p1a: Brambleghast|spe|1
|-sideend|p1: Phanthom_Ex4|Spikes|[from] move: Rapid Spin|[of] p1a: Brambleghast
|
|upkeep
|turn|17
|
|t:|1743782649
|move|p1a: Brambleghast|Poltergeist|p2a: Slowking
|-activate|p2a: Slowking|move: Poltergeist|Heavy-Duty Boots
|-supereffective|p2a: Slowking
|-damage|p2a: Slowking|0 fnt
|faint|p2a: Slowking
|
|upkeep
|
|t:|1743782653
|switch|p2a: Darkrai|Darkrai|100/100
|turn|18
|
|t:|1743782668
|switch|p1a: Lokix|Lokix, M|100/100
|move|p2a: Darkrai|Dark Pulse|p1a: Lokix
|-resisted|p1a: Lokix
|-damage|p1a: Lokix|60/100
|
|upkeep
|turn|19
|
|t:|1743782676
|switch|p2a: Zamazenta|Zamazenta|100/100
|-ability|p2a: Zamazenta|Dauntless Shield|boost
|-boost|p2a: Zamazenta|def|1
|move|p1a: Lokix|First Impression|p2a: Zamazenta
|-resisted|p2a: Zamazenta
|-damage|p2a: Zamazenta|67/100
|-damage|p1a: Lokix|50/100|[from] item: Life Orb
|
|upkeep
|turn|20
|
|t:|1743782689
|switch|p1a: Ribombee|Ribombee, F|20/100
|move|p2a: Zamazenta|Stone Edge|p1a: Ribombee
|-supereffective|p1a: Ribombee
|-damage|p1a: Ribombee|0 fnt
|faint|p1a: Ribombee
|
|upkeep
|
|t:|1743782695
|switch|p1a: Okidogi|Okidogi, M|83/100
|turn|21
|
|t:|1743782712
|move|p2a: Zamazenta|Close Combat|p1a: Okidogi
|-resisted|p1a: Okidogi
|-damage|p1a: Okidogi|57/100
|-unboost|p2a: Zamazenta|def|1
|-unboost|p2a: Zamazenta|spd|1
|move|p1a: Okidogi|Knock Off|p2a: Zamazenta
|-resisted|p2a: Zamazenta
|-damage|p2a: Zamazenta|51/100
|-status|p2a: Zamazenta|tox|[from] ability: Toxic Chain|[of] p1a: Okidogi
|-enditem|p2a: Zamazenta|Heavy-Duty Boots|[from] move: Knock Off|[of] p1a: Okidogi
|
|-damage|p2a: Zamazenta|45/100 tox|[from] psn
|upkeep
|turn|22
|
|t:|1743782730
|move|p2a: Zamazenta|Close Combat|p1a: Okidogi
|-resisted|p1a: Okidogi
|-damage|p1a: Okidogi|26/100
|-unboost|p2a: Zamazenta|def|1
|-unboost|p2a: Zamazenta|spd|1
|move|p1a: Okidogi|Knock Off|p2a: Zamazenta
|-resisted|p2a: Zamazenta
|-damage|p2a: Zamazenta|29/100 tox
|
|-damage|p2a: Zamazenta|17/100 tox|[from] psn
|upkeep
|turn|23
|
|t:|1743782736
|move|p2a: Zamazenta|Close Combat|p1a: Okidogi
|-resisted|p1a: Okidogi
|-damage|p1a: Okidogi|0 fnt
|-unboost|p2a: Zamazenta|def|1
|-unboost|p2a: Zamazenta|spd|1
|faint|p1a: Okidogi
|
|-damage|p2a: Zamazenta|0 fnt|[from] psn
|faint|p2a: Zamazenta
|upkeep
|
|t:|1743782746
|switch|p2a: Rotom|Rotom-Wash|32/100
|switch|p1a: Lokix|Lokix, M|50/100
|-damage|p2a: Rotom|19/100|[from] Stealth Rock
|turn|24
|
|t:|1743782762
|move|p1a: Lokix|First Impression|p2a: Rotom
|-damage|p2a: Rotom|0 fnt
|faint|p2a: Rotom
|-damage|p1a: Lokix|40/100|[from] item: Life Orb
|
|upkeep
|
|t:|1743782765
|switch|p2a: Darkrai|Darkrai|100/100
|turn|25
|
|t:|1743782780
|switch|p1a: Heatran|Heatran, M|51/100
|-terastallize|p2a: Darkrai|Poison
|move|p2a: Darkrai|Dark Pulse|p1a: Heatran
|-damage|p1a: Heatran|17/100
|
|-heal|p1a: Heatran|23/100|[from] item: Leftovers
|upkeep
|turn|26
|
|t:|1743782793
|move|p2a: Darkrai|Dark Pulse|p1a: Heatran
|-damage|p1a: Heatran|0 fnt
|faint|p1a: Heatran
|
|upkeep
|
|t:|1743782813
|switch|p1a: Lokix|Lokix, M|40/100
|turn|27
|
|t:|1743782817
|move|p1a: Lokix|First Impression|p2a: Darkrai
|-resisted|p2a: Darkrai
|-crit|p2a: Darkrai
|-damage|p2a: Darkrai|0 fnt
|faint|p2a: Darkrai
|-damage|p1a: Lokix|30/100|[from] item: Life Orb
|
|upkeep
|c|☆ILUVHRT|oh my god
|
|t:|1743782826
|switch|p2a: Dragonite|Dragonite, F|100/100
|turn|28
|
|t:|1743782832
|switch|p1a: Brambleghast|Brambleghast, M|38/100
|move|p2a: Dragonite|Dragon Dance|p2a: Dragonite
|-boost|p2a: Dragonite|atk|1
|-boost|p2a: Dragonite|spe|1
|
|upkeep
|turn|29
|
|t:|1743782841
|move|p2a: Dragonite|Ice Spinner|p1a: Brambleghast
|-supereffective|p1a: Brambleghast
|-damage|p1a: Brambleghast|0 fnt
|faint|p1a: Brambleghast
|
|upkeep
|
|t:|1743782849
|switch|p1a: Thundurus|Thundurus-Therian, M|76/100
|turn|30
|
|t:|1743782854
|-terastallize|p1a: Thundurus|Ice
|move|p2a: Dragonite|Extreme Speed|p1a: Thundurus
|-damage|p1a: Thundurus|6/100
|move|p1a: Thundurus|Tera Blast|p2a: Dragonite|[anim] Tera Blast Ice
|-supereffective|p2a: Dragonite
|-damage|p2a: Dragonite|0 fnt
|faint|p2a: Dragonite
|
|upkeep
|c|☆ILUVHRT|tera ice thundurus
|c|☆ILUVHRT|well played
|-message|ILUVHRT forfeited.
|
|win|Phanthom_Ex4
|raw|Phanthom_Ex4's rating: 1374 &rarr; <strong>1395</strong><br />(+21 for winning)
|raw|ILUVHRT's rating: 1396 &rarr; <strong>1375</strong><br />(-21 for losing)
|l|☆ILUVHRT
|player|p2|
|l|☆Phanthom_Ex4
|player|p1|
