|j|☆ectozzzz
|j|☆Kato K
|t:|1743887310
|gametype|singles
|player|p1|ectozzzz|n|1289
|player|p2|Kato K|101|1340
|teamsize|p1|6
|teamsize|p2|6
|gen|9
|tier|[Gen 9] OU
|rated|
|rule|HP Percentage Mod: HP is shown in percentages
|rule|Endless Battle Clause: Forcing endless battles is banned
|rule|Species Clause: Limit one of each Pokémon
|rule|OHKO Clause: OHKO moves are banned
|rule|Evasion Items Clause: Evasion items are banned
|rule|Evasion Moves Clause: Evasion moves are banned
|rule|Sleep Moves Clause: Sleep-inducing moves are banned
|clearpoke
|poke|p1|Walking Wake|
|poke|p1|Torkoal, M|
|poke|p1|Venusaur, F|
|poke|p1|Hatterene, F|
|poke|p1|Dragonite, F|
|poke|p1|Kingambit, M|
|poke|p2|Ninetales-Alola, F|
|poke|p2|Kyurem|
|poke|p2|Great Tusk|
|poke|p2|Beartic, F|
|poke|p2|Slowking-Galar, F|
|poke|p2|Primarina, M|
|teampreview
|inactive|Battle timer is ON: inactive players will automatically lose when time's up. (requested by ectozzzz)
|
|t:|1743887319
|start
|switch|p1a: JESE-PAMEC|Torkoal, M|100/100
|switch|p2a: Great Tusk|Great Tusk|100/100
|-weather|SunnyDay|[from] ability: Drought|[of] p1a: JESE-PAMEC
|-activate|p2a: Great Tusk|ability: Protosynthesis
|-start|p2a: Great Tusk|protosynthesisatk
|turn|1
|
|t:|1743887323
|-terastallize|p1a: JESE-PAMEC|Flying
|move|p2a: Great Tusk|Knock Off|p1a: JESE-PAMEC
|-crit|p1a: JESE-PAMEC
|-damage|p1a: JESE-PAMEC|61/100
|-enditem|p1a: JESE-PAMEC|Heat Rock|[from] move: Knock Off|[of] p2a: Great Tusk
|move|p1a: JESE-PAMEC|Will-O-Wisp|p2a: Great Tusk
|-status|p2a: Great Tusk|brn
|
|-weather|SunnyDay|[upkeep]
|-damage|p2a: Great Tusk|94/100 brn|[from] brn
|upkeep
|turn|2
|
|t:|1743887331
|move|p2a: Great Tusk|Ice Spinner|p1a: JESE-PAMEC
|-supereffective|p1a: JESE-PAMEC
|-damage|p1a: JESE-PAMEC|40/100
|move|p1a: JESE-PAMEC|Stealth Rock|p2a: Great Tusk
|-sidestart|p2: Kato K|move: Stealth Rock
|
|-weather|SunnyDay|[upkeep]
|-damage|p2a: Great Tusk|88/100 brn|[from] brn
|upkeep
|turn|3
|
|t:|1743887337
|switch|p1a: MOIJOZEUH|Hatterene, F|100/100
|move|p2a: Great Tusk|Rapid Spin|p1a: MOIJOZEUH
|-damage|p1a: MOIJOZEUH|89/100
|-boost|p2a: Great Tusk|spe|1
|-damage|p2a: Great Tusk|72/100 brn|[from] item: Rocky Helmet|[of] p1a: MOIJOZEUH
|-sideend|p2: Kato K|Stealth Rock|[from] move: Rapid Spin|[of] p2a: Great Tusk
|
|-weather|SunnyDay|[upkeep]
|-damage|p2a: Great Tusk|65/100 brn|[from] brn
|upkeep
|turn|4
|
|t:|1743887342
|-end|p2a: Great Tusk|Protosynthesis|[silent]
|switch|p2a: Slowking|Slowking-Galar, F|100/100
|move|p1a: MOIJOZEUH|Psychic|p2a: Slowking
|-damage|p2a: Slowking|80/100
|
|-weather|SunnyDay|[upkeep]
|upkeep
|turn|5
|
|t:|1743887346
|switch|p1a: pffffffffffff|Walking Wake|100/100
|-activate|p1a: pffffffffffff|ability: Protosynthesis
|-start|p1a: pffffffffffff|protosynthesisspe
|move|p2a: Slowking|Flamethrower|p1a: pffffffffffff
|-resisted|p1a: pffffffffffff
|-damage|p1a: pffffffffffff|88/100
|
|-weather|SunnyDay|[upkeep]
|upkeep
|turn|6
|
|t:|1743887349
|move|p1a: pffffffffffff|Hydro Steam|p2a: Slowking
|-damage|p2a: Slowking|38/100
|move|p2a: Slowking|Ice Beam|p1a: pffffffffffff
|-damage|p1a: pffffffffffff|54/100
|
|-weather|SunnyDay|[upkeep]
|upkeep
|turn|7
|
|t:|1743887358
|switch|p2a: Ninetales|Ninetales-Alola, F|100/100
|-weather|Snowscape|[from] ability: Snow Warning|[of] p2a: Ninetales
|-end|p1a: pffffffffffff|Protosynthesis
|move|p1a: pffffffffffff|Hydro Steam|p2a: Ninetales
|-damage|p2a: Ninetales|41/100
|
|-weather|Snowscape|[upkeep]
|upkeep
|turn|8
|
|t:|1743887364
|switch|p2a: Kyurem|Kyurem|100/100
|-ability|p2a: Kyurem|Pressure
|move|p1a: pffffffffffff|Hydro Steam|p2a: Kyurem
|-resisted|p2a: Kyurem
|-crit|p2a: Kyurem
|-damage|p2a: Kyurem|59/100
|
|-weather|Snowscape|[upkeep]
|upkeep
|turn|9
|
|t:|1743887371
|-end|p1a: pffffffffffff|Protosynthesis|[silent]
|switch|p1a: JESE-PAMEC|Torkoal, M, tera:Flying|40/100
|-weather|SunnyDay|[from] ability: Drought|[of] p1a: JESE-PAMEC
|move|p2a: Kyurem|Freeze-Dry|p1a: JESE-PAMEC
|-supereffective|p1a: JESE-PAMEC
|-damage|p1a: JESE-PAMEC|0 fnt
|faint|p1a: JESE-PAMEC
|
|-weather|SunnyDay|[upkeep]
|upkeep
|
|t:|1743887376
|switch|p1a: ANTONY|Venusaur, F|100/100
|turn|10
|
|t:|1743887379
|switch|p2a: Ninetales|Ninetales-Alola, F|41/100
|-weather|Snowscape|[from] ability: Snow Warning|[of] p2a: Ninetales
|move|p1a: ANTONY|Weather Ball|p2a: Ninetales
|-resisted|p2a: Ninetales
|-damage|p2a: Ninetales|21/100
|-damage|p1a: ANTONY|91/100|[from] item: Life Orb
|
|-weather|Snowscape|[upkeep]
|upkeep
|turn|11
|
|t:|1743887385
|move|p2a: Ninetales|Aurora Veil|p2a: Ninetales
|-sidestart|p2: Kato K|move: Aurora Veil
|move|p1a: ANTONY|Earth Power|p2a: Ninetales
|-damage|p2a: Ninetales|3/100
|-damage|p1a: ANTONY|81/100|[from] item: Life Orb
|
|-weather|Snowscape|[upkeep]
|upkeep
|turn|12
|
|t:|1743887394
|move|p2a: Ninetales|Freeze-Dry|p1a: ANTONY
|-supereffective|p1a: ANTONY
|-damage|p1a: ANTONY|33/100
|move|p1a: ANTONY|Earth Power|p2a: Ninetales
|-damage|p2a: Ninetales|0 fnt
|faint|p2a: Ninetales
|-damage|p1a: ANTONY|23/100|[from] item: Life Orb
|
|-weather|Snowscape|[upkeep]
|upkeep
|inactive|Kato K has 120 seconds left.
|
|t:|1743887434
|switch|p2a: Kyurem|Kyurem|59/100
|-ability|p2a: Kyurem|Pressure
|turn|13
|
|t:|1743887436
|move|p2a: Kyurem|Blizzard|p1a: ANTONY
|-supereffective|p1a: ANTONY
|-damage|p1a: ANTONY|0 fnt
|faint|p1a: ANTONY
|
|-weather|Snowscape|[upkeep]
|upkeep
|
|t:|1743887439
|switch|p1a: pffffffffffff|Walking Wake|54/100
|turn|14
|
|t:|1743887444
|move|p1a: pffffffffffff|Dragon Pulse|p2a: Kyurem
|-supereffective|p2a: Kyurem
|-damage|p2a: Kyurem|0 fnt
|faint|p2a: Kyurem
|
|-weather|Snowscape|[upkeep]
|upkeep
|
|t:|1743887447
|switch|p2a: Primarina|Primarina, M|100/100
|turn|15
|
|t:|1743887457
|-end|p1a: pffffffffffff|Protosynthesis|[silent]
|switch|p1a: MOIJOZEUH|Hatterene, F|89/100
|move|p2a: Primarina|Calm Mind|p2a: Primarina
|-boost|p2a: Primarina|spa|1
|-boost|p2a: Primarina|spd|1
|
|-weather|Snowscape|[upkeep]
|-sideend|p2: Kato K|move: Aurora Veil
|upkeep
|turn|16
|
|t:|1743887466
|move|p2a: Primarina|Surf|p1a: MOIJOZEUH
|-damage|p1a: MOIJOZEUH|20/100
|move|p1a: MOIJOZEUH|Nuzzle|p2a: Primarina
|-supereffective|p2a: Primarina
|-damage|p2a: Primarina|89/100
|-status|p2a: Primarina|par
|
|-weather|Snowscape|[upkeep]
|-heal|p2a: Primarina|95/100 par|[from] item: Leftovers
|upkeep
|turn|17
|
|t:|1743887475
|move|p1a: MOIJOZEUH|Psychic|p2a: Primarina
|-damage|p2a: Primarina|70/100 par
|move|p2a: Primarina|Surf|p1a: MOIJOZEUH
|-damage|p1a: MOIJOZEUH|0 fnt
|faint|p1a: MOIJOZEUH
|
|-weather|none
|-heal|p2a: Primarina|76/100 par|[from] item: Leftovers
|upkeep
|
|t:|1743887482
|switch|p1a: POING SUCANT|Kingambit, M|100/100
|-activate|p1a: POING SUCANT|ability: Supreme Overlord
|-start|p1a: POING SUCANT|fallen3|[silent]
|turn|18
|
|t:|1743887485
|move|p1a: POING SUCANT|Iron Head|p2a: Primarina
|-damage|p2a: Primarina|0 fnt
|faint|p2a: Primarina
|
|upkeep
|
|t:|1743887499
|switch|p2a: Great Tusk|Great Tusk|65/100 brn
|turn|19
|
|t:|1743887504
|move|p1a: POING SUCANT|Sucker Punch|p2a: Great Tusk
|-resisted|p2a: Great Tusk
|-damage|p2a: Great Tusk|44/100 brn
|-damage|p1a: POING SUCANT|84/100|[from] item: Rocky Helmet|[of] p2a: Great Tusk
|move|p2a: Great Tusk|Headlong Rush|p1a: POING SUCANT
|-supereffective|p1a: POING SUCANT
|-damage|p1a: POING SUCANT|30/100
|-unboost|p2a: Great Tusk|def|1
|-unboost|p2a: Great Tusk|spd|1
|
|-damage|p2a: Great Tusk|37/100 brn|[from] brn
|upkeep
|turn|20
|
|t:|1743887517
|move|p1a: POING SUCANT|Sucker Punch|p2a: Great Tusk
|-resisted|p2a: Great Tusk
|-damage|p2a: Great Tusk|1/100 brn
|-damage|p1a: POING SUCANT|14/100|[from] item: Rocky Helmet|[of] p2a: Great Tusk
|move|p2a: Great Tusk|Headlong Rush|p1a: POING SUCANT
|-supereffective|p1a: POING SUCANT
|-damage|p1a: POING SUCANT|0 fnt
|-unboost|p2a: Great Tusk|def|1
|-unboost|p2a: Great Tusk|spd|1
|faint|p1a: POING SUCANT
|-end|p1a: POING SUCANT|fallen3|[silent]
|
|-damage|p2a: Great Tusk|0 fnt|[from] brn
|faint|p2a: Great Tusk
|-end|p2a: Great Tusk|Protosynthesis|[silent]
|upkeep
|
|t:|1743887528
|switch|p2a: Beartic|Beartic, F|100/100
|switch|p1a: pffffffffffff|Walking Wake|54/100
|turn|21
|inactive|Kato K has 120 seconds left.
|
|t:|1743887560
|switch|p2a: Slowking|Slowking-Galar, F|71/100
|move|p1a: pffffffffffff|Flamethrower|p2a: Slowking
|-damage|p2a: Slowking|50/100
|
|upkeep
|turn|22
|
|t:|1743887569
|move|p1a: pffffffffffff|Flamethrower|p2a: Slowking
|-crit|p2a: Slowking
|-damage|p2a: Slowking|19/100
|move|p2a: Slowking|Sludge Bomb|p1a: pffffffffffff
|-damage|p1a: pffffffffffff|9/100
|
|upkeep
|turn|23
|
|t:|1743887573
|move|p1a: pffffffffffff|Flamethrower|p2a: Slowking
|-damage|p2a: Slowking|0 fnt
|faint|p2a: Slowking
|
|upkeep
|
|t:|1743887577
|switch|p2a: Beartic|Beartic, F|100/100
|turn|24
|
|t:|1743887579
|-terastallize|p2a: Beartic|Water
|move|p1a: pffffffffffff|Flamethrower|p2a: Beartic
|-resisted|p2a: Beartic
|-damage|p2a: Beartic|72/100
|move|p2a: Beartic|Swords Dance|p2a: Beartic
|-boost|p2a: Beartic|atk|2
|
|upkeep
|turn|25
|
|t:|1743887588
|-end|p1a: pffffffffffff|Protosynthesis|[silent]
|switch|p1a: IDEKA|Dragonite, F|100/100
|move|p2a: Beartic|Aqua Jet|p1a: IDEKA
|-resisted|p1a: IDEKA
|-damage|p1a: IDEKA|90/100
|
|upkeep
|turn|26
|
|t:|1743887595
|move|p1a: IDEKA|Extreme Speed|p2a: Beartic
|-damage|p2a: Beartic|36/100
|move|p2a: Beartic|Icicle Spear|p1a: IDEKA
|-supereffective|p1a: IDEKA
|-damage|p1a: IDEKA|0 fnt
|faint|p1a: IDEKA
|-hitcount|p1: IDEKA|1
|
|upkeep
|
|t:|1743887599
|switch|p1a: pffffffffffff|Walking Wake|9/100
|turn|27
|
|t:|1743887604
|move|p2a: Beartic|Aqua Jet|p1a: pffffffffffff
|-resisted|p1a: pffffffffffff
|-damage|p1a: pffffffffffff|0 fnt
|faint|p1a: pffffffffffff
|-end|p1a: pffffffffffff|Protosynthesis|[silent]
|
|win|Kato K
|raw|ectozzzz's rating: 1289 &rarr; <strong>1268</strong><br />(-21 for losing)
|raw|Kato K's rating: 1340 &rarr; <strong>1357</strong><br />(+17 for winning)
|l|☆Kato K
|player|p2|
|l|☆ectozzzz
|player|p1|
