|j|☆hugokokoko
|j|☆disordarts56
|t:|1743925826
|gametype|singles
|player|p1|hugokokoko|1|1348
|player|p2|disordarts56|ash-kalos|1274
|teamsize|p1|6
|teamsize|p2|6
|gen|9
|tier|[Gen 9] OU
|rated|
|rule|HP Percentage Mod: HP is shown in percentages
|rule|Endless Battle Clause: Forcing endless battles is banned
|rule|Species Clause: Limit one of each Pokémon
|rule|OHKO Clause: OHKO moves are banned
|rule|Evasion Items Clause: Evasion items are banned
|rule|Evasion Moves Clause: Evasion moves are banned
|rule|Sleep Moves Clause: Sleep-inducing moves are banned
|clearpoke
|poke|p1|Blissey, F|
|poke|p1|Dondozo, M|
|poke|p1|Gliscor, F|
|poke|p1|Toxapex, M|
|poke|p1|Clefable, M|
|poke|p1|Clodsire, F|
|poke|p2|Great Tusk|
|poke|p2|Dragonite, M|
|poke|p2|Iron Valiant|
|poke|p2|Metagross|
|poke|p2|Garganacl, F|
|poke|p2|Raging Bolt|
|teampreview
|inactive|Battle timer is ON: inactive players will automatically lose when time's up. (requested by hugokokoko)
|
|t:|1743925834
|start
|switch|p1a: Toxapex|Toxapex, M|100/100
|switch|p2a: Garganacl|Garganacl, F|100/100
|turn|1
|c|☆disordarts56|stall team sucks
|
|t:|1743925849
|move|p2a: Garganacl|Salt Cure|p1a: Toxapex
|-damage|p1a: Toxapex|93/100
|-start|p1a: Toxapex|Salt Cure
|move|p1a: Toxapex|Toxic Spikes|p2a: Garganacl
|-sidestart|p2: disordarts56|move: Toxic Spikes
|
|-damage|p1a: Toxapex|68/100|[from] Salt Cure
|upkeep
|turn|2
|
|t:|1743925857
|switch|p1a: Clefable|Clefable, M|100/100
|move|p2a: Garganacl|Stealth Rock|p1a: Clefable
|-sidestart|p1: hugokokoko|move: Stealth Rock
|
|upkeep
|turn|3
|
|t:|1743925862
|move|p1a: Clefable|Knock Off|p2a: Garganacl
|-damage|p2a: Garganacl|93/100
|-enditem|p2a: Garganacl|Rocky Helmet|[from] move: Knock Off|[of] p1a: Clefable
|move|p2a: Garganacl|Salt Cure|p1a: Clefable
|-damage|p1a: Clefable|90/100
|-start|p1a: Clefable|Salt Cure
|
|upkeep
|turn|4
|
|t:|1743925873
|move|p1a: Clefable|Moonblast|p2a: Garganacl
|-damage|p2a: Garganacl|66/100
|move|p2a: Garganacl|Salt Cure|p1a: Clefable
|-damage|p1a: Clefable|79/100
|
|upkeep
|turn|5
|
|t:|1743925883
|move|p1a: Clefable|Moonblast|p2a: Garganacl
|-damage|p2a: Garganacl|35/100
|-unboost|p2a: Garganacl|spa|1
|move|p2a: Garganacl|Salt Cure|p1a: Clefable
|-damage|p1a: Clefable|69/100
|
|upkeep
|turn|6
|
|t:|1743925898
|move|p1a: Clefable|Calm Mind|p1a: Clefable
|-boost|p1a: Clefable|spa|1
|-boost|p1a: Clefable|spd|1
|move|p2a: Garganacl|Recover|p2a: Garganacl
|-heal|p2a: Garganacl|85/100
|
|upkeep
|turn|7
|
|t:|1743925906
|switch|p2a: Metagross|Metagross, shiny|100/100
|move|p1a: Clefable|Moonlight|p1a: Clefable
|-heal|p1a: Clefable|100/100
|
|upkeep
|turn|8
|
|t:|1743925914
|switch|p1a: Gliscor|Gliscor, F|100/100
|-damage|p1a: Gliscor|88/100|[from] Stealth Rock
|move|p2a: Metagross|Iron Head|p1a: Gliscor
|-damage|p1a: Gliscor|61/100
|
|-status|p1a: Gliscor|tox|[from] item: Toxic Orb
|upkeep
|turn|9
|
|t:|1743925925
|switch|p2a: Great Tusk|Great Tusk|100/100
|-status|p2a: Great Tusk|psn
|-enditem|p2a: Great Tusk|Booster Energy
|-activate|p2a: Great Tusk|ability: Protosynthesis|[fromitem]
|-start|p2a: Great Tusk|protosynthesisatk
|move|p1a: Gliscor|Knock Off|p2a: Great Tusk
|-resisted|p2a: Great Tusk
|-damage|p2a: Great Tusk|96/100 psn
|
|-damage|p2a: Great Tusk|83/100 psn|[from] psn
|-heal|p1a: Gliscor|73/100 tox|[from] ability: Poison Heal
|upkeep
|turn|10
|
|t:|1743925936
|move|p1a: Gliscor|Protect|p1a: Gliscor
|-singleturn|p1a: Gliscor|Protect
|move|p2a: Great Tusk|Rapid Spin|p1a: Gliscor
|-activate|p1a: Gliscor|move: Protect
|
|-damage|p2a: Great Tusk|71/100 psn|[from] psn
|-heal|p1a: Gliscor|86/100 tox|[from] ability: Poison Heal
|upkeep
|turn|11
|
|t:|1743925945
|switch|p1a: Clefable|Clefable, M|100/100
|move|p2a: Great Tusk|Rapid Spin|p1a: Clefable
|-damage|p1a: Clefable|83/100
|-boost|p2a: Great Tusk|spe|1
|-sideend|p2: disordarts56|Toxic Spikes|[from] move: Rapid Spin|[of] p2a: Great Tusk
|
|-damage|p2a: Great Tusk|58/100 psn|[from] psn
|-damage|p2a: Great Tusk|46/100 psn|[from] item: Sticky Barb
|upkeep
|turn|12
|
|t:|1743925953
|switch|p1a: Gliscor|Gliscor, F|86/100 tox
|-damage|p1a: Gliscor|73/100 tox|[from] Stealth Rock
|move|p2a: Great Tusk|Head Smash|p1a: Gliscor
|-crit|p1a: Gliscor
|-damage|p1a: Gliscor|10/100 tox
|-damage|p2a: Great Tusk|16/100 psn|[from] Recoil
|
|-damage|p2a: Great Tusk|4/100 psn|[from] psn
|-heal|p1a: Gliscor|23/100 tox|[from] ability: Poison Heal
|-damage|p2a: Great Tusk|0 fnt|[from] item: Sticky Barb
|faint|p2a: Great Tusk
|-end|p2a: Great Tusk|Protosynthesis|[silent]
|upkeep
|
|t:|1743925965
|switch|p2a: MrBeast|Dragonite, M|100/100
|turn|13
|
|t:|1743925973
|move|p2a: MrBeast|Extreme Speed|p1a: Gliscor
|-damage|p1a: Gliscor|3/100 tox
|move|p1a: Gliscor|Knock Off|p2a: MrBeast
|-damage|p2a: MrBeast|88/100
|-enditem|p2a: MrBeast|Leftovers|[from] move: Knock Off|[of] p1a: Gliscor
|
|-heal|p1a: Gliscor|15/100 tox|[from] ability: Poison Heal
|upkeep
|turn|14
|
|t:|1743925980
|move|p1a: Gliscor|Protect|p1a: Gliscor
|-singleturn|p1a: Gliscor|Protect
|move|p2a: MrBeast|Dragon Dance|p2a: MrBeast
|-boost|p2a: MrBeast|atk|1
|-boost|p2a: MrBeast|spe|1
|
|-heal|p1a: Gliscor|28/100 tox|[from] ability: Poison Heal
|upkeep
|turn|15
|
|t:|1743925989
|switch|p1a: Dondozo|Dondozo, M|100/100
|move|p2a: MrBeast|Extreme Speed|p1a: Dondozo
|-damage|p1a: Dondozo|88/100
|
|upkeep
|turn|16
|
|t:|1743926004
|switch|p2a: Raging Bolt|Raging Bolt|100/100
|-enditem|p2a: Raging Bolt|Booster Energy
|-activate|p2a: Raging Bolt|ability: Protosynthesis|[fromitem]
|-start|p2a: Raging Bolt|protosynthesisspa
|move|p1a: Dondozo|Curse|p1a: Dondozo
|-unboost|p1a: Dondozo|spe|1
|-boost|p1a: Dondozo|atk|1
|-boost|p1a: Dondozo|def|1
|
|upkeep
|turn|17
|
|t:|1743926012
|switch|p1a: Clodsire|Clodsire, F|100/100
|move|p2a: Raging Bolt|Draco Meteor|p1a: Clodsire
|-damage|p1a: Clodsire|43/100
|-unboost|p2a: Raging Bolt|spa|2
|
|upkeep
|turn|18
|
|t:|1743926024
|-end|p2a: Raging Bolt|Protosynthesis|[silent]
|switch|p2a: Metagross|Metagross, shiny|100/100
|switch|p1a: Clefable|Clefable, M|83/100
|
|upkeep
|turn|19
|
|t:|1743926035
|switch|p1a: Toxapex|Toxapex, M|100/100
|move|p2a: Metagross|Psychic Fangs|p1a: Toxapex
|-supereffective|p1a: Toxapex
|-damage|p1a: Toxapex|37/100
|
|upkeep
|turn|20
|
|t:|1743926042
|move|p2a: Metagross|Agility|p2a: Metagross
|-boost|p2a: Metagross|spe|2
|move|p1a: Toxapex|Toxic Spikes|p2a: Metagross
|-sidestart|p2: disordarts56|move: Toxic Spikes
|
|upkeep
|turn|21
|
|t:|1743926051
|switch|p1a: Dondozo|Dondozo, M|88/100
|move|p2a: Metagross|Psychic Fangs|p1a: Dondozo
|-damage|p1a: Dondozo|64/100
|
|upkeep
|turn|22
|
|t:|1743926063
|move|p2a: Metagross|Psychic Fangs|p1a: Dondozo
|-damage|p1a: Dondozo|40/100
|move|p1a: Dondozo|Curse|p1a: Dondozo
|-unboost|p1a: Dondozo|spe|1
|-boost|p1a: Dondozo|atk|1
|-boost|p1a: Dondozo|def|1
|
|upkeep
|turn|23
|
|t:|1743926071
|move|p2a: Metagross|Psychic Fangs|p1a: Dondozo
|-damage|p1a: Dondozo|26/100
|move|p1a: Dondozo|Rest|p1a: Dondozo
|-status|p1a: Dondozo|slp|[from] move: Rest
|-heal|p1a: Dondozo|100/100 slp|[silent]
|
|upkeep
|turn|24
|
|t:|1743926075
|switch|p2a: Raging Bolt|Raging Bolt|100/100
|-status|p2a: Raging Bolt|psn
|cant|p1a: Dondozo|slp
|move|p1a: Dondozo|Sleep Talk|p1a: Dondozo
|move|p1a: Dondozo|Waterfall|p2a: Raging Bolt|[from] move: Sleep Talk
|-resisted|p2a: Raging Bolt
|-damage|p2a: Raging Bolt|85/100 psn
|
|-damage|p2a: Raging Bolt|73/100 psn|[from] psn
|upkeep
|turn|25
|
|t:|1743926084
|switch|p1a: Gliscor|Gliscor, F|28/100 tox
|-damage|p1a: Gliscor|15/100 tox|[from] Stealth Rock
|move|p2a: Raging Bolt|Thunderclap||[still]
|-fail|p2a: Raging Bolt
|
|-heal|p1a: Gliscor|28/100 tox|[from] ability: Poison Heal
|-damage|p2a: Raging Bolt|60/100 psn|[from] psn
|upkeep
|turn|26
|
|t:|1743926092
|move|p1a: Gliscor|Earthquake|p2a: Raging Bolt
|-supereffective|p2a: Raging Bolt
|-damage|p2a: Raging Bolt|2/100 psn
|move|p2a: Raging Bolt|Draco Meteor|p1a: Gliscor|[miss]
|-miss|p2a: Raging Bolt|p1a: Gliscor
|
|-heal|p1a: Gliscor|40/100 tox|[from] ability: Poison Heal
|-damage|p2a: Raging Bolt|0 fnt|[from] psn
|faint|p2a: Raging Bolt
|-end|p2a: Raging Bolt|Protosynthesis|[silent]
|upkeep
|
|t:|1743926113
|switch|p2a: MrBeast|Dragonite, M|88/100
|turn|27
|
|t:|1743926133
|switch|p1a: Dondozo|Dondozo, M|100/100 slp
|move|p2a: MrBeast|Dragon Dance|p2a: MrBeast
|-boost|p2a: MrBeast|atk|1
|-boost|p2a: MrBeast|spe|1
|
|upkeep
|turn|28
|
|t:|1743926136
|move|p2a: MrBeast|Dragon Dance|p2a: MrBeast
|-boost|p2a: MrBeast|atk|1
|-boost|p2a: MrBeast|spe|1
|cant|p1a: Dondozo|slp
|move|p1a: Dondozo|Sleep Talk|p1a: Dondozo
|move|p1a: Dondozo|Waterfall|p2a: MrBeast|[from] move: Sleep Talk
|-resisted|p2a: MrBeast
|-damage|p2a: MrBeast|73/100
|
|upkeep
|turn|29
|
|t:|1743926138
|move|p2a: MrBeast|Dragon Dance|p2a: MrBeast
|-boost|p2a: MrBeast|atk|1
|-boost|p2a: MrBeast|spe|1
|-curestatus|p1a: Dondozo|slp|[msg]
|move|p1a: Dondozo|Curse|p1a: Dondozo
|-unboost|p1a: Dondozo|spe|1
|-boost|p1a: Dondozo|atk|1
|-boost|p1a: Dondozo|def|1
|
|upkeep
|turn|30
|
|t:|1743926144
|move|p2a: MrBeast|Outrage|p1a: Dondozo
|-damage|p1a: Dondozo|80/100
|move|p1a: Dondozo|Curse|p1a: Dondozo
|-unboost|p1a: Dondozo|spe|1
|-boost|p1a: Dondozo|atk|1
|-boost|p1a: Dondozo|def|1
|
|upkeep
|turn|31
|
|t:|1743926152
|move|p2a: MrBeast|Outrage|p1a: Dondozo|[from] lockedmove
|-damage|p1a: Dondozo|64/100
|move|p1a: Dondozo|Curse|p1a: Dondozo
|-unboost|p1a: Dondozo|spe|1
|-boost|p1a: Dondozo|atk|1
|-boost|p1a: Dondozo|def|1
|
|upkeep
|turn|32
|
|t:|1743926158
|move|p2a: MrBeast|Outrage|p1a: Dondozo|[from] lockedmove
|-damage|p1a: Dondozo|53/100
|-start|p2a: MrBeast|confusion|[fatigue]
|move|p1a: Dondozo|Waterfall|p2a: MrBeast
|-resisted|p2a: MrBeast
|-damage|p2a: MrBeast|34/100
|
|upkeep
|turn|33
|c|☆disordarts56|u will die as gay bro
|inactive|disordarts56 has 120 seconds left.
|
|t:|1743926188
|switch|p2a: Garganacl|Garganacl, F|85/100
|move|p1a: Dondozo|Rest|p1a: Dondozo
|-status|p1a: Dondozo|slp|[from] move: Rest
|-heal|p1a: Dondozo|100/100 slp|[silent]
|
|upkeep
|turn|34
|
|t:|1743926196
|switch|p1a: Clefable|Clefable, M|83/100
|move|p2a: Garganacl|Salt Cure|p1a: Clefable
|-damage|p1a: Clefable|71/100
|-start|p1a: Clefable|Salt Cure
|
|upkeep
|turn|35
|
|t:|1743926201
|switch|p2a: Metagross|Metagross, shiny|100/100
|move|p1a: Clefable|Calm Mind|p1a: Clefable
|-boost|p1a: Clefable|spa|1
|-boost|p1a: Clefable|spd|1
|
|upkeep
|turn|36
|
|t:|1743926208
|switch|p1a: Dondozo|Dondozo, M|100/100 slp
|move|p2a: Metagross|Psychic Fangs|p1a: Dondozo
|-damage|p1a: Dondozo|78/100 slp
|
|upkeep
|turn|37
|
|t:|1743926216
|switch|p2a: Garganacl|Garganacl, F|85/100
|cant|p1a: Dondozo|slp
|move|p1a: Dondozo|Sleep Talk|p1a: Dondozo
|move|p1a: Dondozo|Curse|p1a: Dondozo|[from] move: Sleep Talk
|-unboost|p1a: Dondozo|spe|1
|-boost|p1a: Dondozo|atk|1
|-boost|p1a: Dondozo|def|1
|
|upkeep
|turn|38
|
|t:|1743926226
|switch|p1a: Clefable|Clefable, M|71/100
|move|p2a: Garganacl|Salt Cure|p1a: Clefable
|-damage|p1a: Clefable|60/100
|-start|p1a: Clefable|Salt Cure
|
|upkeep
|turn|39
|l|☆hugokokoko
|inactive|hugokokoko disconnected and has a minute to reconnect!
|player|p1|
|
|t:|1743926235
|switch|p2a: Metagross|Metagross, shiny|100/100
|move|p1a: Clefable|Moonlight|p1a: Clefable
|-heal|p1a: Clefable|100/100
|
|upkeep
|turn|40
|inactive|hugokokoko has 30 seconds to reconnect!
|inactive|hugokokoko has 20 seconds to reconnect!
|inactive|hugokokoko has 15 seconds to reconnect!
|j|☆hugokokoko
|inactive|hugokokoko reconnected and has 105 seconds left.
|player|p1|hugokokoko|1|
|
|t:|1743926288
|switch|p1a: Dondozo|Dondozo, M|78/100 slp
|move|p2a: Metagross|Iron Head|p1a: Dondozo
|-resisted|p1a: Dondozo
|-damage|p1a: Dondozo|67/100 slp
|
|upkeep
|turn|41
|
|t:|1743926296
|switch|p2a: Garganacl|Garganacl, F|85/100
|cant|p1a: Dondozo|slp
|move|p1a: Dondozo|Sleep Talk|p1a: Dondozo
|move|p1a: Dondozo|Curse|p1a: Dondozo|[from] move: Sleep Talk
|-unboost|p1a: Dondozo|spe|1
|-boost|p1a: Dondozo|atk|1
|-boost|p1a: Dondozo|def|1
|
|upkeep
|turn|42
|
|t:|1743926305
|switch|p1a: Blissey|Blissey, F|100/100
|move|p2a: Garganacl|Salt Cure|p1a: Blissey
|-crit|p1a: Blissey
|-damage|p1a: Blissey|80/100
|-start|p1a: Blissey|Salt Cure
|
|-damage|p1a: Blissey|68/100|[from] Salt Cure
|upkeep
|turn|43
|
|t:|1743926312
|move|p1a: Blissey|Stealth Rock|p2a: Garganacl
|-sidestart|p2: disordarts56|move: Stealth Rock
|move|p2a: Garganacl|Body Press|p1a: Blissey
|-supereffective|p1a: Blissey
|-damage|p1a: Blissey|0 fnt
|faint|p1a: Blissey
|
|upkeep
|
|t:|1743926317
|switch|p1a: Clefable|Clefable, M|100/100
|turn|44
|
|t:|1743926321
|switch|p2a: Metagross|Metagross, shiny|100/100
|-damage|p2a: Metagross|95/100|[from] Stealth Rock
|move|p1a: Clefable|Knock Off|p2a: Metagross
|-supereffective|p2a: Metagross
|-damage|p2a: Metagross|67/100
|-enditem|p2a: Metagross|Leftovers|[from] move: Knock Off|[of] p1a: Clefable
|
|upkeep
|turn|45
|
|t:|1743926329
|switch|p1a: Dondozo|Dondozo, M|67/100 slp
|move|p2a: Metagross|Iron Head|p1a: Dondozo
|-resisted|p1a: Dondozo
|-damage|p1a: Dondozo|57/100 slp
|
|upkeep
|turn|46
|
|t:|1743926336
|move|p2a: Metagross|Psychic Fangs|p1a: Dondozo
|-damage|p1a: Dondozo|32/100 slp
|-curestatus|p1a: Dondozo|slp|[msg]
|move|p1a: Dondozo|Rest|p1a: Dondozo
|-status|p1a: Dondozo|slp|[from] move: Rest
|-heal|p1a: Dondozo|100/100 slp|[silent]
|
|upkeep
|turn|47
|
|t:|1743926347
|move|p2a: Metagross|Psychic Fangs|p1a: Dondozo
|-damage|p1a: Dondozo|76/100 slp
|cant|p1a: Dondozo|slp
|move|p1a: Dondozo|Sleep Talk|p1a: Dondozo
|move|p1a: Dondozo|Curse|p1a: Dondozo|[from] move: Sleep Talk
|-unboost|p1a: Dondozo|spe|1
|-boost|p1a: Dondozo|atk|1
|-boost|p1a: Dondozo|def|1
|
|upkeep
|turn|48
|
|t:|1743926377
|switch|p2a: Garganacl|Garganacl, F|85/100
|-damage|p2a: Garganacl|73/100|[from] Stealth Rock
|cant|p1a: Dondozo|slp
|move|p1a: Dondozo|Sleep Talk|p1a: Dondozo
|move|p1a: Dondozo|Rest||[from] move: Sleep Talk|[still]
|-fail|p1a: Dondozo
|
|upkeep
|turn|49
|
|t:|1743926385
|switch|p1a: Clefable|Clefable, M|100/100
|move|p2a: Garganacl|Salt Cure|p1a: Clefable
|-damage|p1a: Clefable|90/100
|-start|p1a: Clefable|Salt Cure
|
|upkeep
|turn|50
|
|t:|1743926392
|move|p1a: Clefable|Moonblast|p2a: Garganacl
|-damage|p2a: Garganacl|45/100
|move|p2a: Garganacl|Recover|p2a: Garganacl
|-heal|p2a: Garganacl|95/100
|
|upkeep
|turn|51
|
|t:|1743926401
|move|p1a: Clefable|Moonblast|p2a: Garganacl
|-damage|p2a: Garganacl|67/100
|-unboost|p2a: Garganacl|spa|1
|move|p2a: Garganacl|Body Press|p1a: Clefable
|-resisted|p1a: Clefable
|-damage|p1a: Clefable|78/100
|
|upkeep
|turn|52
|
|t:|1743926408
|move|p1a: Clefable|Moonblast|p2a: Garganacl
|-damage|p2a: Garganacl|38/100
|move|p2a: Garganacl|Salt Cure|p1a: Clefable
|-damage|p1a: Clefable|67/100
|
|upkeep
|turn|53
|
|t:|1743926414
|move|p1a: Clefable|Calm Mind|p1a: Clefable
|-boost|p1a: Clefable|spa|1
|-boost|p1a: Clefable|spd|1
|move|p2a: Garganacl|Recover|p2a: Garganacl
|-heal|p2a: Garganacl|88/100
|
|upkeep
|turn|54
|
|t:|1743926420
|switch|p2a: Metagross|Metagross, shiny|67/100
|-damage|p2a: Metagross|61/100|[from] Stealth Rock
|move|p1a: Clefable|Moonblast|p2a: Metagross
|-resisted|p2a: Metagross
|-damage|p2a: Metagross|32/100
|
|upkeep
|turn|55
|
|t:|1743926429
|switch|p1a: Dondozo|Dondozo, M|76/100 slp
|move|p2a: Metagross|Iron Head|p1a: Dondozo
|-resisted|p1a: Dondozo
|-damage|p1a: Dondozo|65/100 slp
|
|upkeep
|turn|56
|
|t:|1743926436
|move|p2a: Metagross|Psychic Fangs|p1a: Dondozo
|-damage|p1a: Dondozo|44/100 slp
|-curestatus|p1a: Dondozo|slp|[msg]
|move|p1a: Dondozo|Waterfall|p2a: Metagross
|-damage|p2a: Metagross|6/100
|
|upkeep
|turn|57
|
|t:|1743926443
|move|p2a: Metagross|Psychic Fangs|p1a: Dondozo
|-damage|p1a: Dondozo|22/100
|move|p1a: Dondozo|Rest|p1a: Dondozo
|-status|p1a: Dondozo|slp|[from] move: Rest
|-heal|p1a: Dondozo|100/100 slp|[silent]
|
|upkeep
|turn|58
|
|t:|1743926446
|move|p2a: Metagross|Psychic Fangs|p1a: Dondozo
|-damage|p1a: Dondozo|76/100 slp
|cant|p1a: Dondozo|slp
|move|p1a: Dondozo|Sleep Talk|p1a: Dondozo
|move|p1a: Dondozo|Waterfall|p2a: Metagross|[from] move: Sleep Talk
|-damage|p2a: Metagross|0 fnt
|faint|p2a: Metagross
|
|upkeep
|
|t:|1743926450
|switch|p2a: Iron Valiant|Iron Valiant, shiny|100/100
|-status|p2a: Iron Valiant|psn
|-damage|p2a: Iron Valiant|94/100 psn|[from] Stealth Rock
|-enditem|p2a: Iron Valiant|Booster Energy
|-activate|p2a: Iron Valiant|ability: Quark Drive|[fromitem]
|-start|p2a: Iron Valiant|quarkdrivespe
|turn|59
|
|t:|1743926456
|switch|p1a: Toxapex|Toxapex, M|70/100
|move|p2a: Iron Valiant|Spirit Break|p1a: Toxapex
|-resisted|p1a: Toxapex
|-damage|p1a: Toxapex|59/100
|-unboost|p1a: Toxapex|spa|1
|
|-damage|p2a: Iron Valiant|82/100 psn|[from] psn
|upkeep
|turn|60
|c|☆disordarts56|fck u man
|-message|disordarts56 forfeited.
|
|win|hugokokoko
