|j|☆w33df1sh
|j|☆CRPCgaming.TTV
|t:|1743865427
|gametype|singles
|player|p1|w33df1sh|169|1411
|player|p2|CRPCgaming.TTV|backersf|1373
|teamsize|p1|6
|teamsize|p2|6
|gen|9
|tier|[Gen 9] OU
|rated|
|rule|HP Percentage Mod: HP is shown in percentages
|rule|Endless Battle Clause: Forcing endless battles is banned
|rule|Species Clause: Limit one of each Pokémon
|rule|OHKO Clause: OHKO moves are banned
|rule|Evasion Items Clause: Evasion items are banned
|rule|Evasion Moves Clause: Evasion moves are banned
|rule|Sleep Moves Clause: Sleep-inducing moves are banned
|clearpoke
|poke|p1|Araquanid, M|
|poke|p1|Raging Bolt|
|poke|p1|Iron Moth|
|poke|p1|Great Tusk|
|poke|p1|Gholdengo|
|poke|p1|Kingambit, F|
|poke|p2|Dragonite, F|
|poke|p2|Glimmora, F|
|poke|p2|Iron Moth|
|poke|p2|Cloyster, M|
|poke|p2|Latias, F|
|poke|p2|Hatterene, F|
|teampreview
|inactive|Battle timer is ON: inactive players will automatically lose when time's up. (requested by CRPCgaming.TTV)
|
|t:|1743865444
|start
|switch|p1a: Araquanid|Araquanid, M|100/100
|switch|p2a: Cloyster|Cloyster, M, shiny|100/100
|turn|1
|
|t:|1743865459
|move|p2a: Cloyster|Shell Smash|p2a: Cloyster
|-unboost|p2a: Cloyster|def|1
|-unboost|p2a: Cloyster|spd|1
|-boost|p2a: Cloyster|atk|2
|-boost|p2a: Cloyster|spa|2
|-boost|p2a: Cloyster|spe|2
|move|p1a: Araquanid|Lunge|p2a: Cloyster
|-damage|p2a: Cloyster|75/100
|-unboost|p2a: Cloyster|atk|1
|
|upkeep
|turn|2
|
|t:|1743865484
|switch|p1a: Gholdengo|Gholdengo|100/100
|-item|p1a: Gholdengo|Air Balloon
|move|p2a: Cloyster|Rock Blast|p1a: Gholdengo
|-resisted|p1a: Gholdengo
|-damage|p1a: Gholdengo|94/100
|-enditem|p1a: Gholdengo|Air Balloon
|-resisted|p1a: Gholdengo
|-damage|p1a: Gholdengo|87/100
|-resisted|p1a: Gholdengo
|-damage|p1a: Gholdengo|82/100
|-resisted|p1a: Gholdengo
|-crit|p1a: Gholdengo
|-damage|p1a: Gholdengo|73/100
|-resisted|p1a: Gholdengo
|-damage|p1a: Gholdengo|67/100
|-hitcount|p1a: Gholdengo|5
|
|upkeep
|turn|3
|
|t:|1743865498
|move|p2a: Cloyster|Drill Run|p1a: Gholdengo
|-supereffective|p1a: Gholdengo
|-damage|p1a: Gholdengo|0 fnt
|faint|p1a: Gholdengo
|
|upkeep
|inactive|w33df1sh has 120 seconds left.
|
|t:|1743865509
|switch|p1a: Raging Bolt|Raging Bolt|100/100
|-enditem|p1a: Raging Bolt|Booster Energy
|-activate|p1a: Raging Bolt|ability: Protosynthesis|[fromitem]
|-start|p1a: Raging Bolt|protosynthesisspa
|turn|4
|
|t:|1743865516
|move|p1a: Raging Bolt|Thunderclap|p2a: Cloyster
|-supereffective|p2a: Cloyster
|-damage|p2a: Cloyster|0 fnt
|faint|p2a: Cloyster
|
|upkeep
|
|t:|1743865521
|switch|p2a: Glimmora|Glimmora, F|100/100
|turn|5
|
|t:|1743865530
|move|p2a: Glimmora|Stealth Rock|p1a: Raging Bolt
|-sidestart|p1: w33df1sh|move: Stealth Rock
|move|p1a: Raging Bolt|Thunderbolt|p2a: Glimmora
|-damage|p2a: Glimmora|15/100
|-status|p2a: Glimmora|par
|
|upkeep
|turn|6
|
|t:|1743865538
|move|p1a: Raging Bolt|Thunderbolt|p2a: Glimmora
|-damage|p2a: Glimmora|0 fnt
|faint|p2a: Glimmora
|
|upkeep
|
|t:|1743865543
|switch|p2a: Hatterene|Hatterene, F|100/100
|turn|7
|
|t:|1743865549
|move|p1a: Raging Bolt|Thunderbolt|p2a: Hatterene
|-damage|p2a: Hatterene|25/100
|move|p2a: Hatterene|Draining Kiss|p1a: Raging Bolt
|-supereffective|p1a: Raging Bolt
|-damage|p1a: Raging Bolt|54/100
|-heal|p2a: Hatterene|68/100|[from] drain|[of] p1a: Raging Bolt
|
|-heal|p2a: Hatterene|74/100|[from] item: Leftovers
|upkeep
|turn|8
|
|t:|1743865558
|move|p1a: Raging Bolt|Thunderbolt|p2a: Hatterene
|-damage|p2a: Hatterene|0 fnt
|faint|p2a: Hatterene
|
|upkeep
|
|t:|1743865564
|switch|p2a: Iron Moth|Iron Moth, shiny|100/100
|-enditem|p2a: Iron Moth|Booster Energy
|-activate|p2a: Iron Moth|ability: Quark Drive|[fromitem]
|-start|p2a: Iron Moth|quarkdrivespe
|turn|9
|
|t:|1743865569
|move|p2a: Iron Moth|Dazzling Gleam|p1a: Raging Bolt
|-supereffective|p1a: Raging Bolt
|-damage|p1a: Raging Bolt|4/100
|move|p1a: Raging Bolt|Thunderbolt|p2a: Iron Moth
|-damage|p2a: Iron Moth|23/100
|
|upkeep
|turn|10
|
|t:|1743865587
|move|p1a: Raging Bolt|Thunderclap||[still]
|-fail|p1a: Raging Bolt
|move|p2a: Iron Moth|Substitute|p2a: Iron Moth
|-fail|p2a: Iron Moth|move: Substitute|[weak]
|
|upkeep
|turn|11
|
|t:|1743865592
|move|p1a: Raging Bolt|Thunderclap||[still]
|-fail|p1a: Raging Bolt
|move|p2a: Iron Moth|Substitute|p2a: Iron Moth
|-fail|p2a: Iron Moth|move: Substitute|[weak]
|
|upkeep
|turn|12
|
|t:|1743865597
|move|p1a: Raging Bolt|Thunderclap||[still]
|-fail|p1a: Raging Bolt
|move|p2a: Iron Moth|Substitute|p2a: Iron Moth
|-fail|p2a: Iron Moth|move: Substitute|[weak]
|
|upkeep
|turn|13
|
|t:|1743865602
|move|p1a: Raging Bolt|Thunderclap|p2a: Iron Moth
|-damage|p2a: Iron Moth|0 fnt
|faint|p2a: Iron Moth
|-end|p2a: Iron Moth|Quark Drive|[silent]
|
|upkeep
|c|☆CRPCgaming.TTV|lol
|
|t:|1743865608
|switch|p2a: Puff|Dragonite, F, shiny|100/100
|turn|14
|
|t:|1743865613
|move|p2a: Puff|Dragon Dance|p2a: Puff
|-boost|p2a: Puff|atk|1
|-boost|p2a: Puff|spe|1
|move|p1a: Raging Bolt|Dragon Pulse|p2a: Puff
|-supereffective|p2a: Puff
|-damage|p2a: Puff|35/100
|-enditem|p2a: Puff|Weakness Policy
|-boost|p2a: Puff|atk|2|[from] item: Weakness Policy
|-boost|p2a: Puff|spa|2|[from] item: Weakness Policy
|
|upkeep
|turn|15
|
|t:|1743865622
|move|p2a: Puff|Extreme Speed|p1a: Raging Bolt
|-damage|p1a: Raging Bolt|0 fnt
|faint|p1a: Raging Bolt
|-end|p1a: Raging Bolt|Protosynthesis|[silent]
|
|upkeep
|inactive|w33df1sh has 120 seconds left.
|
|t:|1743865663
|switch|p1a: Great Tusk|Great Tusk|100/100
|-damage|p1a: Great Tusk|98/100|[from] Stealth Rock
|-enditem|p1a: Great Tusk|Booster Energy
|-activate|p1a: Great Tusk|ability: Protosynthesis|[fromitem]
|-start|p1a: Great Tusk|protosynthesisatk
|turn|16
|
|t:|1743865674
|-terastallize|p1a: Great Tusk|Ice
|move|p2a: Puff|Earthquake|p1a: Great Tusk
|-damage|p1a: Great Tusk|30/100
|move|p1a: Great Tusk|Rapid Spin|p2a: Puff
|-damage|p2a: Puff|9/100
|-boost|p1a: Great Tusk|spe|1
|-sideend|p1: w33df1sh|Stealth Rock|[from] move: Rapid Spin|[of] p1a: Great Tusk
|
|upkeep
|turn|17
|inactive|w33df1sh has 120 seconds left.
|c|☆w33df1sh|i super threw
|
|t:|1743865707
|move|p2a: Puff|Extreme Speed|p1a: Great Tusk
|-damage|p1a: Great Tusk|0 fnt
|faint|p1a: Great Tusk
|-end|p1a: Great Tusk|Protosynthesis|[silent]
|
|upkeep
|
|t:|1743865710
|switch|p1a: Araquanid|Araquanid, M|100/100
|turn|18
|
|t:|1743865719
|move|p2a: Puff|Extreme Speed|p1a: Araquanid
|-damage|p1a: Araquanid|23/100
|move|p1a: Araquanid|Liquidation|p2a: Puff
|-resisted|p2a: Puff
|-damage|p2a: Puff|0 fnt
|faint|p2a: Puff
|
|upkeep
|
|t:|1743865725
|switch|p2a: Latias|Latias, F|100/100
|turn|19
|inactive|w33df1sh has 120 seconds left.
|-enditem|p1a: Araquanid|Custap Berry|[eat]
|-activate|p1a: Araquanid|item: Custap Berry|[consumed]
|
|t:|1743865731
|move|p1a: Araquanid|Liquidation|p2a: Latias
|-resisted|p2a: Latias
|-damage|p2a: Latias|81/100
|move|p2a: Latias|Agility|p2a: Latias
|-boost|p2a: Latias|spe|2
|
|upkeep
|turn|20
|
|t:|1743865741
|move|p2a: Latias|Stored Power|p1a: Araquanid
|-damage|p1a: Araquanid|8/100
|move|p1a: Araquanid|Lunge|p2a: Latias
|-supereffective|p2a: Latias
|-crit|p2a: Latias
|-damage|p2a: Latias|27/100
|-unboost|p2a: Latias|atk|1
|-enditem|p2a: Latias|Weakness Policy
|-boost|p2a: Latias|atk|2|[from] item: Weakness Policy
|-boost|p2a: Latias|spa|2|[from] item: Weakness Policy
|
|upkeep
|turn|21
|
|t:|1743865753
|move|p2a: Latias|Stored Power|p1a: Araquanid
|-damage|p1a: Araquanid|0 fnt
|faint|p1a: Araquanid
|
|upkeep
|
|t:|1743865755
|switch|p1a: Kingambit|Kingambit, F|100/100
|-activate|p1a: Kingambit|ability: Supreme Overlord
|-start|p1a: Kingambit|fallen4|[silent]
|turn|22
|
|t:|1743865761
|-terastallize|p2a: Latias|Electric
|move|p2a: Latias|Aura Sphere|p1a: Kingambit
|-supereffective|p1a: Kingambit
|-damage|p1a: Kingambit|0 fnt
|faint|p1a: Kingambit
|-end|p1a: Kingambit|fallen4|[silent]
|
|upkeep
|
|t:|1743865763
|switch|p1a: Iron Moth|Iron Moth|100/100
|-enditem|p1a: Iron Moth|Booster Energy
|-activate|p1a: Iron Moth|ability: Quark Drive|[fromitem]
|-start|p1a: Iron Moth|quarkdrivespa
|turn|23
|
|t:|1743865771
|move|p2a: Latias|Stored Power|p1a: Iron Moth
|-supereffective|p1a: Iron Moth
|-damage|p1a: Iron Moth|0 fnt
|faint|p1a: Iron Moth
|-end|p1a: Iron Moth|Quark Drive|[silent]
|
|win|CRPCgaming.TTV
|raw|w33df1sh's rating: 1411 &rarr; <strong>1389</strong><br />(-22 for losing)
|raw|CRPCgaming.TTV's rating: 1373 &rarr; <strong>1395</strong><br />(+22 for winning)
|c|☆w33df1sh|ggs
|l|☆w33df1sh
|player|p1|
