|j|☆xlacx
|j|☆CutestEduck1
|t:|1743787373
|gametype|singles
|player|p1|xlacx|rosa|1419
|player|p2|CutestEduck1|dawn-gen4pt|1411
|teamsize|p1|6
|teamsize|p2|6
|gen|9
|tier|[Gen 9] OU
|rated|
|rule|HP Percentage Mod: HP is shown in percentages
|rule|Endless Battle Clause: Forcing endless battles is banned
|rule|Species Clause: Limit one of each Pokémon
|rule|OHKO Clause: OHKO moves are banned
|rule|Evasion Items Clause: Evasion items are banned
|rule|Evasion Moves Clause: Evasion moves are banned
|rule|Sleep Moves Clause: Sleep-inducing moves are banned
|clearpoke
|poke|p1|Ribombee, M|
|poke|p1|Rillaboom, M|
|poke|p1|Gholdengo|
|poke|p1|Ceruledge, M|
|poke|p1|Hawlucha, M|
|poke|p1|Salamence, M|
|poke|p2|Meowscarada, F|
|poke|p2|Latios, M|
|poke|p2|Pecharunt|
|poke|p2|Tinkaton, F|
|poke|p2|Samurott-Hisui, F|
|poke|p2|Great Tusk|
|teampreview
|inactive|Battle timer is ON: inactive players will automatically lose when time's up. (requested by CutestEduck1)
|
|t:|1743787383
|start
|switch|p1a: Ribombee|Ribombee, M, shiny|100/100
|switch|p2a: Meowscarada|Meowscarada, F|100/100
|turn|1
|
|t:|1743787407
|switch|p1a: Ceruledge|Ceruledge, M, shiny|100/100
|move|p2a: Meowscarada|Triple Axel|p1a: Ceruledge
|-start|p2a: Meowscarada|typechange|Ice|[from] ability: Protean
|-resisted|p1a: Ceruledge
|-damage|p1a: Ceruledge|94/100
|-ability|p1a: Ceruledge|Weak Armor|boost
|-unboost|p1a: Ceruledge|def|1
|-boost|p1a: Ceruledge|spe|2
|-resisted|p1a: Ceruledge
|-damage|p1a: Ceruledge|76/100
|-ability|p1a: Ceruledge|Weak Armor|boost
|-unboost|p1a: Ceruledge|def|1
|-boost|p1a: Ceruledge|spe|2
|-resisted|p1a: Ceruledge
|-damage|p1a: Ceruledge|34/100
|-ability|p1a: Ceruledge|Weak Armor|boost
|-unboost|p1a: Ceruledge|def|1
|-boost|p1a: Ceruledge|spe|2
|-hitcount|p1a: Ceruledge|3
|
|upkeep
|turn|2
|inactive|xlacx has 120 seconds left.
|
|t:|1743787432
|switch|p2a: Samurott|Samurott-Hisui, F|100/100
|move|p1a: Ceruledge|Bitter Blade|p2a: Samurott
|-resisted|p2a: Samurott
|-damage|p2a: Samurott|74/100
|-heal|p1a: Ceruledge|51/100|[from] drain|[of] p2a: Samurott
|
|upkeep
|turn|3
|inactive|xlacx has 120 seconds left.
|
|t:|1743787455
|switch|p1a: Salamence|Salamence, M|100/100
|-ability|p1a: Salamence|Intimidate|boost
|-unboost|p2a: Samurott|atk|1
|move|p2a: Samurott|Ceaseless Edge|p1a: Salamence
|-damage|p1a: Salamence|71/100
|-sidestart|p1: xlacx|Spikes
|
|upkeep
|turn|4
|
|t:|1743787469
|switch|p2a: Tinkaton|Tinkaton, F|100/100
|-ability|p2a: Tinkaton|Mold Breaker
|-item|p2a: Tinkaton|Air Balloon
|move|p1a: Salamence|Hurricane|p2a: Tinkaton|[miss]
|-miss|p1a: Salamence|p2a: Tinkaton
|
|upkeep
|turn|5
|
|t:|1743787478
|move|p2a: Tinkaton|Thunder Wave|p1a: Salamence
|-status|p1a: Salamence|par
|move|p1a: Salamence|Flamethrower|p2a: Tinkaton
|-supereffective|p2a: Tinkaton
|-damage|p2a: Tinkaton|29/100
|-enditem|p2a: Tinkaton|Air Balloon
|-damage|p1a: Salamence|61/100 par|[from] item: Life Orb
|
|upkeep
|turn|6
|
|t:|1743787489
|move|p2a: Tinkaton|Stealth Rock|p1a: Salamence
|-sidestart|p1: xlacx|move: Stealth Rock
|move|p1a: Salamence|Flamethrower|p2a: Tinkaton
|-supereffective|p2a: Tinkaton
|-damage|p2a: Tinkaton|0 fnt
|faint|p2a: Tinkaton
|-damage|p1a: Salamence|51/100 par|[from] item: Life Orb
|
|upkeep
|
|t:|1743787495
|switch|p2a: Samurott|Samurott-Hisui, F|74/100
|turn|7
|inactive|xlacx has 120 seconds left.
|
|t:|1743787502
|move|p2a: Samurott|Ceaseless Edge|p1a: Salamence
|-damage|p1a: Salamence|8/100 par
|-sidestart|p1: xlacx|Spikes
|move|p1a: Salamence|Hurricane|p2a: Samurott
|-damage|p2a: Samurott|22/100
|-damage|p1a: Salamence|0 fnt|[from] item: Life Orb
|faint|p1a: Salamence
|
|upkeep
|inactive|xlacx has 120 seconds left.
|
|t:|1743787515
|switch|p1a: Rillaboom|Rillaboom, M|100/100
|-damage|p1a: Rillaboom|84/100|[from] Spikes
|-damage|p1a: Rillaboom|72/100|[from] Stealth Rock
|-fieldstart|move: Grassy Terrain|[from] ability: Grassy Surge|[of] p1a: Rillaboom
|turn|8
|inactive|xlacx has 120 seconds left.
|
|t:|1743787529
|switch|p2a: Pecharunt|Pecharunt|100/100
|move|p1a: Rillaboom|Grassy Glide|p2a: Pecharunt
|-resisted|p2a: Pecharunt
|-damage|p2a: Pecharunt|88/100
|
|-heal|p2a: Pecharunt|94/100|[from] Grassy Terrain
|-heal|p1a: Rillaboom|78/100|[from] Grassy Terrain
|upkeep
|turn|9
|inactive|xlacx has 120 seconds left.
|
|t:|1743787555
|move|p2a: Pecharunt|Malignant Chain|p1a: Rillaboom
|-supereffective|p1a: Rillaboom
|-damage|p1a: Rillaboom|38/100
|-status|p1a: Rillaboom|tox
|-start|p1a: Rillaboom|confusion|[from] ability: Poison Puppeteer|[of] p2a: Pecharunt
|-activate|p1a: Rillaboom|confusion
|move|p1a: Rillaboom|Knock Off|p2a: Pecharunt
|-supereffective|p2a: Pecharunt
|-damage|p2a: Pecharunt|53/100
|-enditem|p2a: Pecharunt|Heavy-Duty Boots|[from] move: Knock Off|[of] p1a: Rillaboom
|
|-heal|p2a: Pecharunt|59/100|[from] Grassy Terrain
|-heal|p1a: Rillaboom|44/100 tox|[from] Grassy Terrain
|-damage|p1a: Rillaboom|38/100 tox|[from] psn
|upkeep
|turn|10
|
|t:|1743787571
|switch|p1a: Ribombee|Ribombee, M, shiny|100/100
|-damage|p1a: Ribombee|84/100|[from] Spikes
|-damage|p1a: Ribombee|59/100|[from] Stealth Rock
|move|p2a: Pecharunt|Recover|p2a: Pecharunt
|-heal|p2a: Pecharunt|100/100
|
|-heal|p1a: Ribombee|65/100|[from] Grassy Terrain
|upkeep
|turn|11
|
|t:|1743787584
|switch|p2a: Meowscarada|Meowscarada, F|100/100
|move|p1a: Ribombee|Sticky Web|p2a: Meowscarada
|-sidestart|p2: CutestEduck1|move: Sticky Web
|
|-heal|p1a: Ribombee|71/100|[from] Grassy Terrain
|upkeep
|turn|12
|
|t:|1743787591
|move|p2a: Meowscarada|Triple Axel|p1a: Ribombee
|-start|p2a: Meowscarada|typechange|Ice|[from] ability: Protean
|-damage|p1a: Ribombee|53/100
|-damage|p1a: Ribombee|13/100
|-damage|p1a: Ribombee|0 fnt
|faint|p1a: Ribombee
|-hitcount|p1: Ribombee|3
|
|-fieldend|move: Grassy Terrain
|upkeep
|inactive|xlacx has 90 seconds left.
|
|t:|1743787610
|switch|p1a: Gholdengo|Gholdengo|100/100
|-damage|p1a: Gholdengo|94/100|[from] Stealth Rock
|-item|p1a: Gholdengo|Air Balloon
|turn|13
|inactive|xlacx has 90 seconds left.
|
|t:|1743787624
|switch|p2a: Samurott|Samurott-Hisui, F|22/100
|-activate|p2a: Samurott|move: Sticky Web
|-unboost|p2a: Samurott|spe|1
|move|p1a: Gholdengo|Nasty Plot|p1a: Gholdengo
|-boost|p1a: Gholdengo|spa|2
|
|upkeep
|turn|14
|inactive|xlacx has 90 seconds left.
|
|t:|1743787640
|move|p2a: Samurott|Sucker Punch|p1a: Gholdengo
|-supereffective|p1a: Gholdengo
|-damage|p1a: Gholdengo|25/100
|-enditem|p1a: Gholdengo|Air Balloon
|move|p1a: Gholdengo|Shadow Ball|p2a: Samurott
|-resisted|p2a: Samurott
|-damage|p2a: Samurott|0 fnt
|faint|p2a: Samurott
|
|upkeep
|
|t:|1743787650
|switch|p2a: Latios|Latios, M|100/100
|turn|15
|inactive|xlacx has 90 seconds left.
|
|t:|1743787674
|move|p2a: Latios|Luster Purge|p1a: Gholdengo
|-resisted|p1a: Gholdengo
|-damage|p1a: Gholdengo|0 fnt
|faint|p1a: Gholdengo
|
|upkeep
|
|t:|1743787691
|switch|p1a: Ceruledge|Ceruledge, M, shiny|51/100
|turn|16
|
|t:|1743787719
|move|p1a: Ceruledge|Shadow Sneak|p2a: Latios
|-supereffective|p2a: Latios
|-damage|p2a: Latios|42/100
|move|p2a: Latios|Luster Purge|p1a: Ceruledge
|-damage|p1a: Ceruledge|0 fnt
|faint|p1a: Ceruledge
|
|upkeep
|
|t:|1743787725
|switch|p1a: Rillaboom|Rillaboom, M|38/100 tox
|-damage|p1a: Rillaboom|21/100 tox|[from] Spikes
|-damage|p1a: Rillaboom|9/100 tox|[from] Stealth Rock
|-fieldstart|move: Grassy Terrain|[from] ability: Grassy Surge|[of] p1a: Rillaboom
|turn|17
|
|t:|1743787733
|move|p1a: Rillaboom|Grassy Glide|p2a: Latios
|-resisted|p2a: Latios
|-damage|p2a: Latios|16/100
|move|p2a: Latios|Luster Purge|p1a: Rillaboom
|-damage|p1a: Rillaboom|0 fnt
|faint|p1a: Rillaboom
|
|upkeep
|
|t:|1743787741
|switch|p1a: Hawlucha|Hawlucha, M|100/100
|-damage|p1a: Hawlucha|88/100|[from] Stealth Rock
|-enditem|p1a: Hawlucha|Grassy Seed
|-boost|p1a: Hawlucha|def|1|[from] item: Grassy Seed
|turn|18
|
|t:|1743787751
|move|p1a: Hawlucha|Acrobatics|p2a: Latios
|-damage|p2a: Latios|0 fnt
|faint|p2a: Latios
|
|upkeep
|
|t:|1743787754
|switch|p2a: Pecharunt|Pecharunt|100/100
|-activate|p2a: Pecharunt|move: Sticky Web
|-unboost|p2a: Pecharunt|spe|1
|turn|19
|inactive|xlacx has 90 seconds left.
|
|t:|1743787761
|-terastallize|p1a: Hawlucha|Steel
|move|p1a: Hawlucha|Swords Dance|p1a: Hawlucha
|-boost|p1a: Hawlucha|atk|2
|move|p2a: Pecharunt|Malignant Chain|p1a: Hawlucha
|-immune|p1a: Hawlucha
|
|-heal|p1a: Hawlucha|94/100|[from] Grassy Terrain
|upkeep
|turn|20
|
|t:|1743787769
|move|p1a: Hawlucha|Swords Dance|p1a: Hawlucha
|-boost|p1a: Hawlucha|atk|2
|move|p2a: Pecharunt|Parting Shot|p1a: Hawlucha
|-unboost|p1a: Hawlucha|atk|1
|-unboost|p1a: Hawlucha|spa|1
|
|t:|1743787778
|switch|p2a: Great Tusk|Great Tusk|100/100|[from] Parting Shot
|
|-heal|p1a: Hawlucha|100/100|[from] Grassy Terrain
|upkeep
|turn|21
|
|t:|1743787786
|-terastallize|p2a: Great Tusk|Ground
|move|p1a: Hawlucha|Acrobatics|p2a: Great Tusk
|-damage|p2a: Great Tusk|29/100
|move|p2a: Great Tusk|Close Combat|p1a: Hawlucha
|-supereffective|p1a: Hawlucha
|-damage|p1a: Hawlucha|11/100
|-unboost|p2a: Great Tusk|def|1
|-unboost|p2a: Great Tusk|spd|1
|
|-heal|p1a: Hawlucha|17/100|[from] Grassy Terrain
|-heal|p2a: Great Tusk|35/100|[from] Grassy Terrain
|-fieldend|move: Grassy Terrain
|upkeep
|turn|22
|
|t:|1743787799
|move|p1a: Hawlucha|Acrobatics|p2a: Great Tusk
|-crit|p2a: Great Tusk
|-damage|p2a: Great Tusk|0 fnt
|faint|p2a: Great Tusk
|-end|p2a: Great Tusk|Protosynthesis|[silent]
|
|upkeep
|
|t:|1743787803
|switch|p2a: Pecharunt|Pecharunt|100/100
|-activate|p2a: Pecharunt|move: Sticky Web
|-unboost|p2a: Pecharunt|spe|1
|turn|23
|
|t:|1743787815
|move|p1a: Hawlucha|Acrobatics|p2a: Pecharunt
|-damage|p2a: Pecharunt|39/100
|move|p2a: Pecharunt|Hex|p1a: Hawlucha
|-damage|p1a: Hawlucha|0 fnt
|faint|p1a: Hawlucha
|
|win|CutestEduck1
|raw|xlacx's rating: 1419 &rarr; <strong>1399</strong><br />(-20 for losing)
|raw|CutestEduck1's rating: 1411 &rarr; <strong>1431</strong><br />(+20 for winning)
|l|☆xlacx
|player|p1|
