|j|☆nautillect
|j|☆xoxo.yuna
|t:|1743932698
|gametype|singles
|player|p1|nautillect|clair|1561
|player|p2|xoxo.yuna|may|1606
|teamsize|p1|6
|teamsize|p2|6
|gen|9
|tier|[Gen 9] OU
|rated|
|rule|HP Percentage Mod: HP is shown in percentages
|rule|Endless Battle Clause: Forcing endless battles is banned
|rule|Species Clause: Limit one of each Pokémon
|rule|OHKO Clause: OHKO moves are banned
|rule|Evasion Items Clause: Evasion items are banned
|rule|Evasion Moves Clause: Evasion moves are banned
|rule|Sleep Moves Clause: Sleep-inducing moves are banned
|clearpoke
|poke|p1|Metagross|
|poke|p1|Ogerpon-Wellspring, F|
|poke|p1|Raging Bolt|
|poke|p1|Cinderace, M|
|poke|p1|Landorus-Therian, M|
|poke|p1|Slowking-Galar, F|
|poke|p2|Kyurem|
|poke|p2|Ogerpon-Wellspring, F|
|poke|p2|Moltres|
|poke|p2|Slowking-Galar, M|
|poke|p2|Scizor, M|
|poke|p2|Tinkaton, F|
|teampreview
|inactive|Battle timer is ON: inactive players will automatically lose when time's up. (requested by xoxo.yuna)
|
|t:|1743932728
|start
|switch|p1a: Cinderace|Cinderace, M|100/100
|switch|p2a: Kyurem|Kyurem|100/100
|-ability|p2a: Kyurem|Pressure
|turn|1
|
|t:|1743932738
|switch|p2a: Moltres|Moltres|100/100
|move|p1a: Cinderace|U-turn|p2a: Moltres
|-resisted|p2a: Moltres
|-damage|p2a: Moltres|97/100
|
|t:|1743932747
|switch|p1a: Raging Bolt|Raging Bolt|100/100|[from] U-turn
|-enditem|p1a: Raging Bolt|Booster Energy
|-activate|p1a: Raging Bolt|ability: Protosynthesis|[fromitem]
|-start|p1a: Raging Bolt|protosynthesisspa
|
|upkeep
|turn|2
|inactive|xoxo.yuna has 120 seconds left.
|
|t:|1743932780
|move|p1a: Raging Bolt|Calm Mind|p1a: Raging Bolt
|-boost|p1a: Raging Bolt|spa|1
|-boost|p1a: Raging Bolt|spd|1
|move|p2a: Moltres|U-turn|p1a: Raging Bolt
|-damage|p1a: Raging Bolt|86/100
|
|t:|1743932783
|switch|p2a: Tinkaton|Tinkaton, F|100/100|[from] U-turn
|-item|p2a: Tinkaton|Air Balloon
|
|upkeep
|turn|3
|
|t:|1743932788
|-end|p1a: Raging Bolt|Protosynthesis|[silent]
|switch|p1a: Landorus|Landorus-Therian, M|100/100
|-ability|p1a: Landorus|Intimidate|boost
|-unboost|p2a: Tinkaton|atk|1
|move|p2a: Tinkaton|Encore||[still]
|-fail|p2a: Tinkaton
|
|upkeep
|turn|4
|
|t:|1743932797
|switch|p2a: Ogerpon|Ogerpon-Wellspring, F|100/100
|move|p1a: Landorus|U-turn|p2a: Ogerpon
|-supereffective|p2a: Ogerpon
|-damage|p2a: Ogerpon|47/100
|
|t:|1743932804
|switch|p1a: Raging Bolt|Raging Bolt|86/100|[from] U-turn
|
|upkeep
|turn|5
|
|t:|1743932810
|move|p2a: Ogerpon|Synthesis|p2a: Ogerpon
|-heal|p2a: Ogerpon|97/100
|move|p1a: Raging Bolt|Thunderbolt|p2a: Ogerpon
|-damage|p2a: Ogerpon|32/100
|
|upkeep
|turn|6
|
|t:|1743932822
|move|p2a: Ogerpon|U-turn|p1a: Raging Bolt
|-damage|p1a: Raging Bolt|62/100
|
|t:|1743932826
|switch|p2a: Slowking|Slowking-Galar, M|100/100|[from] U-turn
|move|p1a: Raging Bolt|Thunderbolt|p2a: Slowking
|-damage|p2a: Slowking|66/100
|
|upkeep
|turn|7
|
|t:|1743932835
|-end|p1a: Raging Bolt|Protosynthesis|[silent]
|switch|p1a: Slowking|Slowking-Galar, F|100/100
|-prepare|p2a: Slowking|Chilly Reception|[premajor]
|move|p2a: Slowking|Chilly Reception|p2a: Slowking
|-weather|Snowscape
|inactive|xoxo.yuna has 120 seconds left.
|
|t:|1743932879
|switch|p2a: Tinkaton|Tinkaton, F|100/100|[from] Chilly Reception
|-item|p2a: Tinkaton|Air Balloon
|
|-weather|Snowscape|[upkeep]
|upkeep
|turn|8
|
|t:|1743932885
|move|p2a: Tinkaton|Stealth Rock|p1a: Slowking
|-sidestart|p1: nautillect|move: Stealth Rock
|move|p1a: Slowking|Thunder Wave|p2a: Tinkaton
|-status|p2a: Tinkaton|par
|
|-weather|Snowscape|[upkeep]
|upkeep
|turn|9
|inactive|xoxo.yuna has 120 seconds left.
|
|t:|1743932896
|cant|p2a: Tinkaton|par
|move|p1a: Slowking|Psychic Noise|p2a: Tinkaton
|-resisted|p2a: Tinkaton
|-damage|p2a: Tinkaton|88/100 par
|-start|p2a: Tinkaton|move: Heal Block
|-enditem|p2a: Tinkaton|Air Balloon
|
|-weather|Snowscape|[upkeep]
|upkeep
|turn|10
|
|t:|1743932903
|switch|p2a: Kyurem|Kyurem|100/100
|-ability|p2a: Kyurem|Pressure
|-prepare|p1a: Slowking|Chilly Reception|[premajor]
|move|p1a: Slowking|Chilly Reception|p1a: Slowking
|
|t:|1743932916
|switch|p1a: Metagross|Metagross|100/100|[from] Chilly Reception
|-damage|p1a: Metagross|95/100|[from] Stealth Rock
|
|-weather|Snowscape|[upkeep]
|upkeep
|turn|11
|j| Undenuen
|j| plaketdefrein
|inactive|xoxo.yuna has 120 seconds left.
|
|t:|1743932940
|-terastallize|p2a: Kyurem|Ground
|move|p2a: Kyurem|Substitute|p2a: Kyurem
|-start|p2a: Kyurem|Substitute
|-damage|p2a: Kyurem|76/100
|move|p1a: Metagross|Psychic Noise|p2a: Kyurem
|-damage|p2a: Kyurem|53/100
|-start|p2a: Kyurem|move: Heal Block
|
|-weather|none
|upkeep
|turn|12
|inactive|xoxo.yuna has 120 seconds left.
|
|t:|1743932959
|move|p2a: Kyurem|Earth Power|p1a: Metagross
|-supereffective|p1a: Metagross
|-enditem|p1a: Metagross|Shuca Berry|[eat]
|-enditem|p1a: Metagross|Shuca Berry|[weaken]
|-damage|p1a: Metagross|45/100
|move|p1a: Metagross|Psychic Noise|p2a: Kyurem
|-damage|p2a: Kyurem|27/100
|
|-end|p2a: Kyurem|move: Heal Block
|upkeep
|turn|13
|inactive|xoxo.yuna has 120 seconds left.
|
|t:|1743932973
|switch|p1a: Slowking|Slowking-Galar, F|100/100
|-damage|p1a: Slowking|88/100|[from] Stealth Rock
|move|p2a: Kyurem|Earth Power|p1a: Slowking
|-supereffective|p1a: Slowking
|-damage|p1a: Slowking|36/100
|
|upkeep
|turn|14
|
|t:|1743932984
|-terastallize|p1a: Slowking|Normal
|move|p2a: Kyurem|Earth Power|p1a: Slowking
|-damage|p1a: Slowking|9/100
|move|p1a: Slowking|Psychic Noise|p2a: Kyurem
|-damage|p2a: Kyurem|0 fnt
|faint|p2a: Kyurem
|
|upkeep
|inactive|xoxo.yuna has 120 seconds left.
|j| OneHitKoAlways
|
|t:|1743933004
|switch|p2a: Scizor|Scizor, M|100/100
|turn|15
|
|t:|1743933019
|switch|p1a: Landorus|Landorus-Therian, M|100/100
|-damage|p1a: Landorus|88/100|[from] Stealth Rock
|-ability|p1a: Landorus|Intimidate|boost
|-unboost|p2a: Scizor|atk|1
|move|p2a: Scizor|U-turn|p1a: Landorus
|-resisted|p1a: Landorus
|-damage|p1a: Landorus|68/100
|-damage|p2a: Scizor|84/100|[from] item: Rocky Helmet|[of] p1a: Landorus
|
|t:|1743933025
|switch|p2a: Ogerpon|Ogerpon-Wellspring, F|32/100|[from] U-turn
|
|upkeep
|turn|16
|
|t:|1743933031
|move|p2a: Ogerpon|Ivy Cudgel|p1a: Landorus|[anim] Ivy Cudgel Water
|-supereffective|p1a: Landorus
|-damage|p1a: Landorus|0 fnt
|faint|p1a: Landorus
|
|upkeep
|
|t:|1743933039
|switch|p1a: Cinderace|Cinderace, M|100/100
|turn|17
|
|t:|1743933046
|switch|p2a: Moltres|Moltres|97/100
|move|p1a: Cinderace|Court Change|p1a: Cinderace
|-swapsideconditions
|-activate|p1a: Cinderace|move: Court Change
|
|upkeep
|turn|18
|
|t:|1743933055
|move|p1a: Cinderace|U-turn|p2a: Moltres
|-resisted|p2a: Moltres
|-damage|p2a: Moltres|94/100
|
|t:|1743933058
|switch|p1a: Raging Bolt|Raging Bolt|62/100|[from] U-turn
|move|p2a: Moltres|U-turn|p1a: Raging Bolt
|-damage|p1a: Raging Bolt|49/100
|
|t:|1743933073
|switch|p2a: Scizor|Scizor, M|84/100|[from] U-turn
|-damage|p2a: Scizor|72/100|[from] Stealth Rock
|
|upkeep
|turn|19
|l| OneHitKoAlways
|
|t:|1743933091
|move|p1a: Raging Bolt|Thunderbolt|p2a: Scizor
|-damage|p2a: Scizor|0 fnt
|faint|p2a: Scizor
|
|upkeep
|
|t:|1743933110
|switch|p2a: Slowking|Slowking-Galar, M|99/100
|turn|20
|
|t:|1743933132
|-end|p1a: Raging Bolt|Protosynthesis|[silent]
|switch|p1a: Slowking|Slowking-Galar, F, tera:Normal|42/100
|move|p2a: Slowking|Psyshock|p1a: Slowking
|-damage|p1a: Slowking|11/100
|
|upkeep
|turn|21
|
|t:|1743933136
|switch|p1a: Metagross|Metagross|45/100
|move|p2a: Slowking|Psyshock|p1a: Metagross
|-resisted|p1a: Metagross
|-damage|p1a: Metagross|39/100
|
|upkeep
|turn|22
|
|t:|1743933145
|move|p1a: Metagross|Psychic Noise|p2a: Slowking
|-damage|p2a: Slowking|83/100
|-start|p2a: Slowking|move: Heal Block
|move|p2a: Slowking|Thunder Wave|p1a: Metagross
|-status|p1a: Metagross|par
|
|upkeep
|turn|23
|
|t:|1743933156
|move|p1a: Metagross|Bullet Punch|p2a: Slowking
|-damage|p2a: Slowking|60/100
|move|p2a: Slowking|Future Sight|p1a: Metagross
|-start|p2a: Slowking|move: Future Sight
|
|-end|p2a: Slowking|move: Heal Block
|upkeep
|turn|24
|
|t:|1743933165
|switch|p1a: Slowking|Slowking-Galar, F, tera:Normal|44/100
|-prepare|p2a: Slowking|Chilly Reception|[premajor]
|move|p2a: Slowking|Chilly Reception|p2a: Slowking
|-weather|Snowscape
|
|t:|1743933167
|switch|p2a: Ogerpon|Ogerpon-Wellspring, F|32/100|[from] Chilly Reception
|-damage|p2a: Ogerpon|19/100|[from] Stealth Rock
|
|-weather|Snowscape|[upkeep]
|upkeep
|turn|25
|
|t:|1743933180
|switch|p1a: Metagross|Metagross|39/100 par
|move|p2a: Ogerpon|Trailblaze|p1a: Metagross
|-resisted|p1a: Metagross
|-damage|p1a: Metagross|27/100 par
|-boost|p2a: Ogerpon|spe|1
|
|-weather|Snowscape|[upkeep]
|-end|p1a: Metagross|move: Future Sight
|-resisted|p1a: Metagross
|-damage|p1a: Metagross|15/100 par
|upkeep
|turn|26
|
|t:|1743933186
|switch|p1a: Ogerpon|Ogerpon-Wellspring, F|100/100
|move|p2a: Ogerpon|Synthesis|p2a: Ogerpon
|-heal|p2a: Ogerpon|44/100
|
|-weather|Snowscape|[upkeep]
|upkeep
|turn|27
|
|t:|1743933191
|move|p2a: Ogerpon|U-turn|p1a: Ogerpon
|-supereffective|p1a: Ogerpon
|-damage|p1a: Ogerpon|30/100
|
|t:|1743933195
|switch|p2a: Moltres|Moltres|94/100|[from] U-turn
|move|p1a: Ogerpon|Power Whip|p2a: Moltres
|-resisted|p2a: Moltres
|-damage|p2a: Moltres|81/100
|
|-weather|Snowscape|[upkeep]
|upkeep
|turn|28
|
|t:|1743933205
|move|p1a: Ogerpon|Ivy Cudgel|p2a: Moltres|[anim] Ivy Cudgel Water
|-supereffective|p2a: Moltres
|-crit|p2a: Moltres
|-damage|p2a: Moltres|0 fnt
|faint|p2a: Moltres
|
|-weather|none
|upkeep
|
|t:|1743933209
|switch|p2a: Ogerpon|Ogerpon-Wellspring, F|44/100
|-damage|p2a: Ogerpon|32/100|[from] Stealth Rock
|turn|29
|
|t:|1743933224
|switch|p1a: Metagross|Metagross|15/100 par
|move|p2a: Ogerpon|U-turn|p1a: Metagross
|-damage|p1a: Metagross|0 fnt
|faint|p1a: Metagross
|
|t:|1743933231
|switch|p2a: Slowking|Slowking-Galar, M|93/100|[from] U-turn
|
|upkeep
|
|t:|1743933241
|switch|p1a: Slowking|Slowking-Galar, F, tera:Normal|77/100
|turn|30
|
|t:|1743933244
|move|p1a: Slowking|Thunder Wave|p2a: Slowking
|-status|p2a: Slowking|par
|move|p2a: Slowking|Thunder Wave|p1a: Slowking
|-status|p1a: Slowking|par
|
|upkeep
|turn|31
|
|t:|1743933255
|-prepare|p1a: Slowking|Chilly Reception|[premajor]
|move|p1a: Slowking|Chilly Reception|p1a: Slowking
|-weather|Snowscape
|
|t:|1743933260
|switch|p1a: Raging Bolt|Raging Bolt|49/100|[from] Chilly Reception
|move|p2a: Slowking|Future Sight|p1a: Raging Bolt
|-start|p2a: Slowking|move: Future Sight
|
|-weather|Snowscape|[upkeep]
|upkeep
|turn|32
|
|t:|1743933265
|move|p1a: Raging Bolt|Calm Mind|p1a: Raging Bolt
|-boost|p1a: Raging Bolt|spa|1
|-boost|p1a: Raging Bolt|spd|1
|move|p2a: Slowking|Psyshock|p1a: Raging Bolt
|-damage|p1a: Raging Bolt|19/100
|
|-weather|Snowscape|[upkeep]
|upkeep
|turn|33
|
|t:|1743933271
|move|p1a: Raging Bolt|Thunderbolt|p2a: Slowking
|-damage|p2a: Slowking|44/100 par
|move|p2a: Slowking|Psyshock|p1a: Raging Bolt
|-damage|p1a: Raging Bolt|0 fnt
|faint|p1a: Raging Bolt
|-end|p1a: Raging Bolt|Protosynthesis|[silent]
|
|-weather|Snowscape|[upkeep]
|-hint|Future Sight did not hit because the target is fainted.
|upkeep
|
|t:|1743933277
|switch|p1a: Ogerpon|Ogerpon-Wellspring, F|30/100
|turn|34
|
|t:|1743933290
|move|p1a: Ogerpon|Knock Off|p2a: Slowking
|-supereffective|p2a: Slowking
|-damage|p2a: Slowking|0 fnt
|-enditem|p2a: Slowking|Heavy-Duty Boots|[from] move: Knock Off|[of] p1a: Ogerpon
|faint|p2a: Slowking
|
|-weather|Snowscape|[upkeep]
|upkeep
|
|t:|1743933292
|switch|p2a: Tinkaton|Tinkaton, F|88/100 par
|-damage|p2a: Tinkaton|82/100 par|[from] Stealth Rock
|turn|35
|
|t:|1743933303
|move|p1a: Ogerpon|Ivy Cudgel|p2a: Tinkaton|[anim] Ivy Cudgel Water
|-damage|p2a: Tinkaton|14/100 par
|move|p2a: Tinkaton|Thunder Wave|p1a: Ogerpon
|-status|p1a: Ogerpon|par
|
|-weather|none
|upkeep
|turn|36
|
|t:|1743933317
|switch|p1a: Slowking|Slowking-Galar, F, tera:Normal|100/100 par
|move|p2a: Tinkaton|Gigaton Hammer|p1a: Slowking
|-damage|p1a: Slowking|57/100 par
|
|upkeep
|turn|37
|
|t:|1743933325
|cant|p2a: Tinkaton|par
|-prepare|p1a: Slowking|Chilly Reception|[premajor]
|cant|p1a: Slowking|par
|
|upkeep
|turn|38
|
|t:|1743933334
|move|p2a: Tinkaton|Stealth Rock|p1a: Slowking
|-sidestart|p1: nautillect|move: Stealth Rock
|-prepare|p1a: Slowking|Chilly Reception|[premajor]
|move|p1a: Slowking|Chilly Reception|p1a: Slowking
|-weather|Snowscape
|
|t:|1743933338
|switch|p1a: Cinderace|Cinderace, M|100/100|[from] Chilly Reception
|
|-weather|Snowscape|[upkeep]
|upkeep
|turn|39
|
|t:|1743933346
|move|p1a: Cinderace|Pyro Ball|p2a: Tinkaton
|-supereffective|p2a: Tinkaton
|-damage|p2a: Tinkaton|0 fnt
|faint|p2a: Tinkaton
|
|-weather|Snowscape|[upkeep]
|upkeep
|
|t:|1743933347
|switch|p2a: Ogerpon|Ogerpon-Wellspring, F|32/100
|-damage|p2a: Ogerpon|20/100|[from] Stealth Rock
|turn|40
|
|t:|1743933353
|move|p1a: Cinderace|U-turn|p2a: Ogerpon
|-supereffective|p2a: Ogerpon
|-damage|p2a: Ogerpon|0 fnt
|faint|p2a: Ogerpon
|
|win|nautillect
|raw|nautillect's rating: 1561 &rarr; <strong>1584</strong><br />(+23 for winning)
|raw|xoxo.yuna's rating: 1606 &rarr; <strong>1583</strong><br />(-23 for losing)
|l|☆xoxo.yuna
|player|p2|
|l| plaketdefrein
|l|☆nautillect
|player|p1|
