|j|☆Monsieur Callisto
|j|☆naotokuro
|t:|1743915739
|gametype|singles
|player|p1|Monsieur Callisto|gentleman-gen4|1053
|player|p2|naotokuro|265|1102
|teamsize|p1|6
|teamsize|p2|6
|gen|9
|tier|[Gen 9] OU
|rated|
|rule|HP Percentage Mod: HP is shown in percentages
|rule|Endless Battle Clause: Forcing endless battles is banned
|rule|Species Clause: Limit one of each Pokémon
|rule|OHKO Clause: OHKO moves are banned
|rule|Evasion Items Clause: Evasion items are banned
|rule|Evasion Moves Clause: Evasion moves are banned
|rule|Sleep Moves Clause: Sleep-inducing moves are banned
|clearpoke
|poke|p1|Regirock|
|poke|p1|Regice|
|poke|p1|Registeel|
|poke|p1|Yanmega, M|
|poke|p1|Blastoise, M|
|poke|p1|Mamoswine, M|
|poke|p2|Sandslash-Alola, F|
|poke|p2|Ninetales-Alola, M|
|poke|p2|Charizard, M|
|poke|p2|Blastoise, F|
|poke|p2|Pikachu-Hoenn, M|
|poke|p2|Espeon, F|
|teampreview
|
|t:|1743915752
|start
|switch|p1a: Regirock|Regirock|100/100
|switch|p2a: Ninetales|Ninetales-Alola, M|100/100
|-weather|Snowscape|[from] ability: Snow Warning|[of] p2a: Ninetales
|turn|1
|
|t:|1743915761
|move|p2a: Ninetales|Aurora Veil|p2a: Ninetales
|-sidestart|p2: naotokuro|move: Aurora Veil
|move|p1a: Regirock|Heavy Slam|p2a: Ninetales
|-supereffective|p2a: Ninetales
|-crit|p2a: Ninetales
|-damage|p2a: Ninetales|0 fnt
|faint|p2a: Ninetales
|
|-weather|Snowscape|[upkeep]
|upkeep
|
|t:|1743915766
|switch|p2a: Sandslash|Sandslash-Alola, F, shiny|100/100
|turn|2
|
|t:|1743915774
|-terastallize|p2a: Sandslash|Dragon
|move|p2a: Sandslash|Swords Dance|p2a: Sandslash
|-boost|p2a: Sandslash|atk|2
|move|p1a: Regirock|Thunder Wave|p2a: Sandslash
|-status|p2a: Sandslash|par
|
|-weather|Snowscape|[upkeep]
|upkeep
|turn|3
|
|t:|1743915785
|move|p2a: Sandslash|Swords Dance|p2a: Sandslash
|-boost|p2a: Sandslash|atk|2
|move|p1a: Regirock|Stealth Rock|p2a: Sandslash
|-sidestart|p2: naotokuro|move: Stealth Rock
|
|-weather|Snowscape|[upkeep]
|upkeep
|turn|4
|
|t:|1743915793
|cant|p2a: Sandslash|par
|move|p1a: Regirock|Stone Edge|p2a: Sandslash
|-damage|p2a: Sandslash|75/100 par
|
|-weather|Snowscape|[upkeep]
|upkeep
|turn|5
|
|t:|1743915800
|cant|p2a: Sandslash|par
|move|p1a: Regirock|Stone Edge|p2a: Sandslash
|-damage|p2a: Sandslash|51/100 par
|
|-weather|none
|-sideend|p2: naotokuro|move: Aurora Veil
|upkeep
|turn|6
|
|t:|1743915809
|move|p1a: Regirock|Stone Edge|p2a: Sandslash
|-damage|p2a: Sandslash|6/100 par
|move|p2a: Sandslash|Rapid Spin|p1a: Regirock
|-resisted|p1a: Regirock
|-damage|p1a: Regirock|89/100
|-boost|p2a: Sandslash|spe|1
|-sideend|p2: naotokuro|Stealth Rock|[from] move: Rapid Spin|[of] p2a: Sandslash
|
|upkeep
|turn|7
|
|t:|1743915818
|move|p2a: Sandslash|Icicle Spear|p1a: Regirock
|-damage|p1a: Regirock|70/100
|-damage|p1a: Regirock|51/100
|-damage|p1a: Regirock|32/100
|-damage|p1a: Regirock|13/100
|-hitcount|p1a: Regirock|4
|move|p1a: Regirock|Stealth Rock|p2a: Sandslash
|-sidestart|p2: naotokuro|move: Stealth Rock
|
|upkeep
|turn|8
|-enditem|p1a: Regirock|Custap Berry|[eat]
|-activate|p1a: Regirock|item: Custap Berry|[consumed]
|
|t:|1743915830
|move|p1a: Regirock|Heavy Slam|p2a: Sandslash
|-damage|p2a: Sandslash|0 fnt
|faint|p2a: Sandslash
|
|upkeep
|
|t:|1743915843
|switch|p2a: Espeon|Espeon, F|100/100
|-damage|p2a: Espeon|88/100|[from] Stealth Rock
|turn|9
|
|t:|1743915849
|move|p2a: Espeon|Calm Mind|p2a: Espeon
|-boost|p2a: Espeon|spa|1
|-boost|p2a: Espeon|spd|1
|move|p1a: Regirock|Stone Edge|p2a: Espeon
|-damage|p2a: Espeon|0 fnt
|faint|p2a: Espeon
|
|upkeep
|
|t:|1743915855
|switch|p2a: Charizard|Charizard, M|100/100
|turn|10
|
|t:|1743915859
|move|p2a: Charizard|Scorching Sands|p1a: Regirock
|-supereffective|p1a: Regirock
|-damage|p1a: Regirock|0 fnt
|faint|p1a: Regirock
|
|upkeep
|
|t:|1743915866
|switch|p1a: Blastoise|Blastoise, M|100/100
|turn|11
|
|t:|1743915874
|switch|p2a: Blastoise|Blastoise, F|100/100
|-damage|p2a: Blastoise|88/100|[from] Stealth Rock
|move|p1a: Blastoise|Surf|p2a: Blastoise
|-resisted|p2a: Blastoise
|-damage|p2a: Blastoise|74/100
|
|upkeep
|turn|12
|
|t:|1743915884
|-terastallize|p1a: Blastoise|Grass
|move|p1a: Blastoise|Tera Blast|p2a: Blastoise|[anim] Tera Blast Grass
|-supereffective|p2a: Blastoise
|-damage|p2a: Blastoise|23/100
|move|p2a: Blastoise|Rapid Spin|p1a: Blastoise
|-damage|p1a: Blastoise|90/100
|-boost|p2a: Blastoise|spe|1
|-sideend|p2: naotokuro|Stealth Rock|[from] move: Rapid Spin|[of] p2a: Blastoise
|
|upkeep
|turn|13
|
|t:|1743915895
|move|p2a: Blastoise|Life Dew|p2a: Blastoise
|-heal|p2a: Blastoise|48/100
|move|p1a: Blastoise|Tera Blast|p2a: Blastoise|[anim] Tera Blast Grass
|-supereffective|p2a: Blastoise
|-damage|p2a: Blastoise|0 fnt
|faint|p2a: Blastoise
|
|upkeep
|
|t:|1743915900
|switch|p2a: Pikachu|Pikachu-Hoenn, M|100/100
|turn|14
|
|t:|1743915906
|move|p2a: Pikachu|Fake Out|p1a: Blastoise
|-damage|p1a: Blastoise|80/100
|cant|p1a: Blastoise|flinch
|
|upkeep
|turn|15
|
|t:|1743915913
|move|p2a: Pikachu|Volt Switch|p1a: Blastoise
|-resisted|p1a: Blastoise
|-damage|p1a: Blastoise|70/100
|
|t:|1743915917
|switch|p2a: Charizard|Charizard, M|100/100|[from] Volt Switch
|move|p1a: Blastoise|Tera Blast|p2a: Charizard|[anim] Tera Blast Grass
|-resisted|p2a: Charizard
|-damage|p2a: Charizard|92/100
|
|upkeep
|turn|16
|
|t:|1743915924
|move|p2a: Charizard|Hurricane|p1a: Blastoise
|-supereffective|p1a: Blastoise
|-damage|p1a: Blastoise|10/100
|move|p1a: Blastoise|Surf|p2a: Charizard
|-supereffective|p2a: Charizard
|-damage|p2a: Charizard|0 fnt
|faint|p2a: Charizard
|
|upkeep
|
|t:|1743915930
|switch|p2a: Pikachu|Pikachu-Hoenn, M|100/100
|turn|17
|
|t:|1743915935
|move|p2a: Pikachu|Fake Out|p1a: Blastoise
|-damage|p1a: Blastoise|0 fnt
|faint|p1a: Blastoise
|
|upkeep
|
|t:|1743915941
|switch|p1a: Mamoswine|Mamoswine, M|100/100
|turn|18
|
|t:|1743915945
|move|p2a: Pikachu|Play Rough|p1a: Mamoswine
|-damage|p1a: Mamoswine|67/100
|move|p1a: Mamoswine|Earthquake|p2a: Pikachu
|-supereffective|p2a: Pikachu
|-damage|p2a: Pikachu|0 fnt
|faint|p2a: Pikachu
|
|win|Monsieur Callisto
|raw|Monsieur Callisto's rating: 1053 &rarr; <strong>1090</strong><br />(+37 for winning)
|raw|naotokuro's rating: 1102 &rarr; <strong>1073</strong><br />(-29 for losing)
|l|☆naotokuro
|player|p2|
|l|☆Monsieur Callisto
|player|p1|
