|j|☆Eliano030
|j|☆High Mighty Weasel
|t:|1743937677
|gametype|singles
|player|p1|Eliano030|102|1580
|player|p2|High Mighty Weasel|zinnia|1610
|teamsize|p1|6
|teamsize|p2|6
|gen|9
|tier|[Gen 9] OU
|rated|
|rule|HP Percentage Mod: HP is shown in percentages
|rule|Endless Battle Clause: Forcing endless battles is banned
|rule|Species Clause: Limit one of each Pokémon
|rule|OHKO Clause: OHKO moves are banned
|rule|Evasion Items Clause: Evasion items are banned
|rule|Evasion Moves Clause: Evasion moves are banned
|rule|Sleep Moves Clause: Sleep-inducing moves are banned
|clearpoke
|poke|p1|Meowscarada, F|
|poke|p1|Cinderace, M|
|poke|p1|Greninja-*, M|
|poke|p1|Garganacl, M|
|poke|p1|Bronzong|
|poke|p1|Donphan, L1, M|
|poke|p2|Scizor, F|
|poke|p2|Garchomp, M|
|poke|p2|Primarina, M|
|poke|p2|Great Tusk|
|poke|p2|Ogerpon-Wellspring, F|
|poke|p2|Zapdos|
|teampreview
|inactive|Battle timer is ON: inactive players will automatically lose when time's up. (requested by Eliano030)
|
|t:|1743937686
|start
|switch|p1a: Mr Frogston|Greninja, M|100/100
|switch|p2a: Garchomp|Garchomp, M|100/100
|turn|1
|
|t:|1743937696
|switch|p1a: Meow Meow|Meowscarada, F|100/100
|switch|p2a: Primarina|Primarina, M, shiny|100/100
|
|upkeep
|turn|2
|
|t:|1743937702
|switch|p2a: Scizor|Scizor, F|100/100
|move|p1a: Meow Meow|Knock Off|p2a: Scizor
|-start|p1a: Meow Meow|typechange|Dark|[from] ability: Protean
|-damage|p2a: Scizor|54/100
|-enditem|p2a: Scizor|Choice Band|[from] move: Knock Off|[of] p1a: Meow Meow
|
|upkeep
|turn|3
|
|t:|1743937708
|switch|p1a: Saltilter|Garganacl, M|100/100
|move|p2a: Scizor|U-turn|p1a: Saltilter
|-damage|p1a: Saltilter|80/100
|
|t:|1743937713
|switch|p2a: Garchomp|Garchomp, M|100/100|[from] U-turn
|
|-heal|p1a: Saltilter|86/100|[from] item: Leftovers
|upkeep
|turn|4
|
|t:|1743937729
|move|p2a: Garchomp|Stealth Rock|p1a: Saltilter
|-sidestart|p1: Eliano030|move: Stealth Rock
|move|p1a: Saltilter|Salt Cure|p2a: Garchomp
|-resisted|p2a: Garchomp
|-damage|p2a: Garchomp|94/100
|-start|p2a: Garchomp|Salt Cure
|
|-heal|p1a: Saltilter|93/100|[from] item: Leftovers
|-damage|p2a: Garchomp|81/100|[from] Salt Cure
|upkeep
|turn|5
|
|t:|1743937735
|move|p1a: Saltilter|Protect|p1a: Saltilter
|-singleturn|p1a: Saltilter|Protect
|move|p2a: Garchomp|Earthquake|p1a: Saltilter
|-activate|p1a: Saltilter|move: Protect
|
|-heal|p1a: Saltilter|99/100|[from] item: Leftovers
|-damage|p2a: Garchomp|69/100|[from] Salt Cure
|upkeep
|turn|6
|
|t:|1743937742
|switch|p2a: Great Tusk|Great Tusk, shiny|100/100
|move|p1a: Saltilter|Salt Cure|p2a: Great Tusk
|-resisted|p2a: Great Tusk
|-damage|p2a: Great Tusk|98/100
|-start|p2a: Great Tusk|Salt Cure
|
|-heal|p1a: Saltilter|100/100|[from] item: Leftovers
|-damage|p2a: Great Tusk|85/100|[from] Salt Cure
|upkeep
|turn|7
|
|t:|1743937748
|-end|p2a: Great Tusk|Protosynthesis|[silent]
|switch|p2a: Garchomp|Garchomp, M|69/100
|move|p1a: Saltilter|Body Press|p2a: Garchomp
|-damage|p2a: Garchomp|37/100
|-damage|p1a: Saltilter|88/100|[from] ability: Rough Skin|[of] p2a: Garchomp
|
|-heal|p1a: Saltilter|94/100|[from] item: Leftovers
|upkeep
|turn|8
|
|t:|1743937754
|move|p2a: Garchomp|Earthquake|p1a: Saltilter
|-supereffective|p1a: Saltilter
|-damage|p1a: Saltilter|38/100
|-damage|p2a: Garchomp|27/100|[from] item: Life Orb
|move|p1a: Saltilter|Salt Cure|p2a: Garchomp
|-resisted|p2a: Garchomp
|-damage|p2a: Garchomp|20/100
|-start|p2a: Garchomp|Salt Cure
|
|-heal|p1a: Saltilter|45/100|[from] item: Leftovers
|-damage|p2a: Garchomp|8/100|[from] Salt Cure
|upkeep
|turn|9
|
|t:|1743937763
|move|p2a: Garchomp|Earthquake|p1a: Saltilter
|-supereffective|p1a: Saltilter
|-damage|p1a: Saltilter|0 fnt
|faint|p1a: Saltilter
|-damage|p2a: Garchomp|0 fnt|[from] item: Life Orb
|faint|p2a: Garchomp
|
|upkeep
|c|☆Eliano030|:(
|
|t:|1743937771
|switch|p2a: Primarina|Primarina, M, shiny|100/100
|switch|p1a: Bugs Bunny|Cinderace, M|100/100
|turn|10
|j| Sanesa8724
|
|t:|1743937787
|switch|p2a: Great Tusk|Great Tusk, shiny|85/100
|move|p1a: Bugs Bunny|Court Change|p1a: Bugs Bunny
|-start|p1a: Bugs Bunny|typechange|Normal|[from] ability: Libero
|-swapsideconditions
|-activate|p1a: Bugs Bunny|move: Court Change
|
|upkeep
|turn|11
|
|t:|1743937791
|move|p1a: Bugs Bunny|Pyro Ball|p2a: Great Tusk|[miss]
|-miss|p1a: Bugs Bunny|p2a: Great Tusk
|move|p2a: Great Tusk|Rapid Spin|p1a: Bugs Bunny
|-damage|p1a: Bugs Bunny|76/100
|-boost|p2a: Great Tusk|spe|1
|-sideend|p2: High Mighty Weasel|Stealth Rock|[from] move: Rapid Spin|[of] p2a: Great Tusk
|
|upkeep
|turn|12
|
|t:|1743937801
|switch|p1a: Bronthong|Bronzong, shiny|100/100
|move|p2a: Great Tusk|Headlong Rush|p1a: Bronthong
|-immune|p1a: Bronthong|[from] ability: Levitate
|
|upkeep
|turn|13
|
|t:|1743937806
|-end|p2a: Great Tusk|Protosynthesis|[silent]
|switch|p2a: Primarina|Primarina, M, shiny|100/100
|move|p1a: Bronthong|Future Sight|p2a: Primarina
|-start|p1a: Bronthong|move: Future Sight
|
|upkeep
|turn|14
|
|t:|1743937812
|move|p2a: Primarina|Psychic Noise|p1a: Bronthong
|-damage|p1a: Bronthong|73/100
|-start|p1a: Bronthong|move: Heal Block
|move|p1a: Bronthong|Gyro Ball|p2a: Primarina
|-damage|p2a: Primarina|75/100
|
|upkeep
|turn|15
|
|t:|1743937823
|move|p2a: Primarina|Flip Turn|p1a: Bronthong
|-damage|p1a: Bronthong|60/100
|
|t:|1743937826
|switch|p2a: Scizor|Scizor, F|54/100|[from] Flip Turn
|move|p1a: Bronthong|Gyro Ball|p2a: Scizor
|-resisted|p2a: Scizor
|-damage|p2a: Scizor|42/100
|
|-end|p2a: Scizor|move: Future Sight
|-resisted|p2a: Scizor
|-damage|p2a: Scizor|22/100
|-end|p1a: Bronthong|move: Heal Block
|upkeep
|turn|16
|
|t:|1743937836
|move|p1a: Bronthong|Protect|p1a: Bronthong
|-singleturn|p1a: Bronthong|Protect
|move|p2a: Scizor|Knock Off|p1a: Bronthong
|-activate|p1a: Bronthong|move: Protect
|
|-heal|p1a: Bronthong|66/100|[from] item: Leftovers
|upkeep
|turn|17
|
|t:|1743937840
|move|p2a: Scizor|Knock Off|p1a: Bronthong
|-supereffective|p1a: Bronthong
|-damage|p1a: Bronthong|0 fnt
|-enditem|p1a: Bronthong|Leftovers|[from] move: Knock Off|[of] p2a: Scizor
|faint|p1a: Bronthong
|
|upkeep
|
|t:|1743937846
|switch|p1a: Mr Frogston|Greninja, M|100/100
|turn|18
|
|t:|1743937850
|switch|p2a: Primarina|Primarina, M, shiny|75/100
|move|p1a: Mr Frogston|Hydro Pump|p2a: Primarina
|-resisted|p2a: Primarina
|-damage|p2a: Primarina|59/100
|
|upkeep
|turn|19
|
|t:|1743937860
|switch|p1a: Meow Meow|Meowscarada, F|100/100
|move|p2a: Primarina|Flip Turn|p1a: Meow Meow
|-resisted|p1a: Meow Meow
|-damage|p1a: Meow Meow|90/100
|
|t:|1743937875
|switch|p2a: Zapdos|Zapdos|100/100|[from] Flip Turn
|
|upkeep
|turn|20
|
|t:|1743937881
|move|p1a: Meow Meow|Knock Off|p2a: Zapdos
|-start|p1a: Meow Meow|typechange|Dark|[from] ability: Protean
|-damage|p2a: Zapdos|61/100
|-enditem|p2a: Zapdos|Heavy-Duty Boots|[from] move: Knock Off|[of] p1a: Meow Meow
|move|p2a: Zapdos|Hurricane|p1a: Meow Meow
|-damage|p1a: Meow Meow|15/100
|-start|p1a: Meow Meow|confusion
|
|upkeep
|turn|21
|
|t:|1743937890
|switch|p1a: Bugs Bunny|Cinderace, M|76/100
|move|p2a: Zapdos|Roost|p2a: Zapdos
|-heal|p2a: Zapdos|100/100
|-singleturn|p2a: Zapdos|move: Roost
|
|upkeep
|turn|22
|l| Sanesa8724
|
|t:|1743937894
|move|p1a: Bugs Bunny|Pyro Ball|p2a: Zapdos
|-damage|p2a: Zapdos|51/100
|move|p2a: Zapdos|Thunder Wave|p1a: Bugs Bunny
|-status|p1a: Bugs Bunny|par
|
|upkeep
|turn|23
|
|t:|1743937898
|move|p2a: Zapdos|Roost|p2a: Zapdos
|-heal|p2a: Zapdos|100/100
|-singleturn|p2a: Zapdos|move: Roost
|move|p1a: Bugs Bunny|Pyro Ball|p2a: Zapdos
|-damage|p2a: Zapdos|49/100
|-status|p2a: Zapdos|brn
|
|-damage|p2a: Zapdos|43/100 brn|[from] brn
|upkeep
|turn|24
|
|t:|1743937901
|move|p2a: Zapdos|Roost|p2a: Zapdos
|-heal|p2a: Zapdos|93/100 brn
|-singleturn|p2a: Zapdos|move: Roost
|move|p1a: Bugs Bunny|Pyro Ball|p2a: Zapdos
|-damage|p2a: Zapdos|43/100 brn
|
|-damage|p2a: Zapdos|37/100 brn|[from] brn
|upkeep
|turn|25
|
|t:|1743937903
|move|p2a: Zapdos|Roost|p2a: Zapdos
|-heal|p2a: Zapdos|87/100 brn
|-singleturn|p2a: Zapdos|move: Roost
|cant|p1a: Bugs Bunny|par
|
|-damage|p2a: Zapdos|81/100 brn|[from] brn
|upkeep
|turn|26
|
|t:|1743937907
|move|p2a: Zapdos|Hurricane|p1a: Bugs Bunny|[miss]
|-miss|p2a: Zapdos|p1a: Bugs Bunny
|cant|p1a: Bugs Bunny|par
|
|-damage|p2a: Zapdos|74/100 brn|[from] brn
|upkeep
|turn|27
|
|t:|1743937911
|switch|p1a: Mr Frogston|Greninja, M|100/100
|move|p2a: Zapdos|Hurricane|p1a: Mr Frogston|[miss]
|-miss|p2a: Zapdos|p1a: Mr Frogston
|
|-damage|p2a: Zapdos|68/100 brn|[from] brn
|upkeep
|turn|28
|
|t:|1743937934
|switch|p2a: Ogerpon|Ogerpon-Wellspring, F|100/100
|move|p1a: Mr Frogston|Ice Beam|p2a: Ogerpon
|-damage|p2a: Ogerpon|67/100
|-status|p2a: Ogerpon|frz
|
|upkeep
|turn|29
|
|t:|1743937941
|cant|p2a: Ogerpon|frz
|move|p1a: Mr Frogston|Dark Pulse|p2a: Ogerpon
|-damage|p2a: Ogerpon|17/100 frz
|
|upkeep
|turn|30
|
|t:|1743937948
|switch|p2a: Primarina|Primarina, M, shiny|59/100
|switch|p1a: Bugs Bunny|Cinderace, M|76/100 par
|
|upkeep
|turn|31
|
|t:|1743937955
|move|p1a: Bugs Bunny|Pyro Ball|p2a: Primarina
|-resisted|p2a: Primarina
|-damage|p2a: Primarina|25/100
|move|p2a: Primarina|Psychic Noise|p1a: Bugs Bunny
|-supereffective|p1a: Bugs Bunny
|-damage|p1a: Bugs Bunny|0 fnt
|faint|p1a: Bugs Bunny
|
|upkeep
|
|t:|1743937962
|switch|p1a: Mr Frogston|Greninja, M|100/100
|turn|32
|
|t:|1743937974
|switch|p1a: Meow Meow|Meowscarada, F|15/100
|move|p2a: Primarina|Draining Kiss|p1a: Meow Meow
|-supereffective|p1a: Meow Meow
|-damage|p1a: Meow Meow|0 fnt
|-heal|p2a: Primarina|34/100|[from] drain|[of] p1a: Meow Meow
|faint|p1a: Meow Meow
|
|upkeep
|
|t:|1743937977
|switch|p1a: Goobatron|Donphan, L1, M|100/100
|turn|33
|
|t:|1743937982
|switch|p2a: Ogerpon|Ogerpon-Wellspring, F|17/100 frz
|move|p1a: Goobatron|Endeavor|p2a: Ogerpon
|-damage|p2a: Ogerpon|5/100 frz
|
|upkeep
|turn|34
|
|t:|1743937990
|cant|p2a: Ogerpon|frz
|move|p1a: Goobatron|Sandstorm|p1a: Goobatron
|-weather|Sandstorm
|
|-weather|Sandstorm|[upkeep]
|-damage|p2a: Ogerpon|0 fnt|[from] Sandstorm
|faint|p2a: Ogerpon
|upkeep
|
|t:|1743937999
|switch|p2a: Scizor|Scizor, F|22/100
|turn|35
|
|t:|1743938003
|move|p2a: Scizor|Dual Wingbeat|p1a: Goobatron
|-ability|p1a: Goobatron|Sturdy
|-damage|p1a: Goobatron|8/100
|-damage|p1a: Goobatron|0 fnt
|faint|p1a: Goobatron
|-hitcount|p1: Goobatron|2
|
|-weather|Sandstorm|[upkeep]
|upkeep
|
|t:|1743938006
|switch|p1a: Mr Frogston|Greninja, M|100/100
|turn|36
|c|☆Eliano030|mr frogs ton plz
|inactive|High Mighty Weasel has 120 seconds left.
|
|t:|1743938044
|switch|p2a: Zapdos|Zapdos|68/100 brn
|-terastallize|p1a: Mr Frogston|Water
|move|p1a: Mr Frogston|Water Shuriken|p2a: Zapdos
|-damage|p2a: Zapdos|58/100 brn
|-damage|p2a: Zapdos|48/100 brn
|-damage|p2a: Zapdos|39/100 brn
|-damage|p2a: Zapdos|29/100 brn
|-damage|p2a: Zapdos|19/100 brn
|-hitcount|p2a: Zapdos|5
|
|-weather|Sandstorm|[upkeep]
|-damage|p1a: Mr Frogston|95/100|[from] Sandstorm
|-damage|p2a: Zapdos|13/100 brn|[from] Sandstorm
|-damage|p2a: Zapdos|7/100 brn|[from] brn
|upkeep
|turn|37
|inactive|High Mighty Weasel has 120 seconds left.
|inactive|High Mighty Weasel has 90 seconds left.
|inactive|High Mighty Weasel has 60 seconds left.
|
|t:|1743938109
|move|p1a: Mr Frogston|Dark Pulse|p2a: Zapdos
|-damage|p2a: Zapdos|0 fnt
|faint|p2a: Zapdos
|-ability|p1a: Mr Frogston|Battle Bond|boost
|-boost|p1a: Mr Frogston|atk|1
|-boost|p1a: Mr Frogston|spa|1
|-boost|p1a: Mr Frogston|spe|1
|-activate|p1a: Mr Frogston|ability: Battle Bond
|
|-weather|Sandstorm|[upkeep]
|-damage|p1a: Mr Frogston|89/100|[from] Sandstorm
|upkeep
|inactive|High Mighty Weasel has 60 seconds left.
|
|t:|1743938142
|switch|p2a: Great Tusk|Great Tusk, shiny|85/100
|turn|38
|
|t:|1743938159
|move|p1a: Mr Frogston|Hydro Pump|p2a: Great Tusk
|-supereffective|p2a: Great Tusk
|-damage|p2a: Great Tusk|0 fnt
|faint|p2a: Great Tusk
|-end|p2a: Great Tusk|Protosynthesis|[silent]
|
|-weather|none
|upkeep
|
|t:|1743938165
|switch|p2a: Scizor|Scizor, F|22/100
|turn|39
|
|t:|1743938168
|-terastallize|p2a: Scizor|Steel
|move|p1a: Mr Frogston|Water Shuriken|p2a: Scizor
|-damage|p2a: Scizor|5/100
|-damage|p2a: Scizor|0 fnt
|faint|p2a: Scizor
|-hitcount|p2: Scizor|2
|
|upkeep
|
|t:|1743938172
|switch|p2a: Primarina|Primarina, M, shiny|34/100
|turn|40
|
|t:|1743938177
|move|p1a: Mr Frogston|Hydro Pump|p2a: Primarina
|-resisted|p2a: Primarina
|-damage|p2a: Primarina|6/100
|move|p2a: Primarina|Moonblast|p1a: Mr Frogston
|-damage|p1a: Mr Frogston|0 fnt
|faint|p1a: Mr Frogston
|
|win|High Mighty Weasel
|raw|Eliano030's rating: 1580 &rarr; <strong>1562</strong><br />(-18 for losing)
|raw|High Mighty Weasel's rating: 1610 &rarr; <strong>1628</strong><br />(+18 for winning)
|l|☆Eliano030
|player|p1|
|l|☆High Mighty Weasel
|player|p2|
