|j|☆3phaseshort
|j|☆Daniytori
|t:|1743851608
|gametype|singles
|player|p1|3phaseshort|n|1544
|player|p2|Daniytori|steven|1508
|teamsize|p1|6
|teamsize|p2|6
|gen|9
|tier|[Gen 9] OU
|rated|
|rule|HP Percentage Mod: HP is shown in percentages
|rule|Endless Battle Clause: Forcing endless battles is banned
|rule|Species Clause: Limit one of each Pokémon
|rule|OHKO Clause: OHKO moves are banned
|rule|Evasion Items Clause: Evasion items are banned
|rule|Evasion Moves Clause: Evasion moves are banned
|rule|Sleep Moves Clause: Sleep-inducing moves are banned
|clearpoke
|poke|p1|Hydrapple, M|
|poke|p1|Skarmory, F|
|poke|p1|Tyranitar, F|
|poke|p1|Alomomola, M|
|poke|p1|Clodsire, M|
|poke|p1|Clefable, M|
|poke|p2|Chesnaught, M|
|poke|p2|Moltres|
|poke|p2|Ting-Lu|
|poke|p2|Gliscor, F|
|poke|p2|Dragapult, M|
|poke|p2|Slowking-Galar, F|
|teampreview
|inactive|Battle timer is ON: inactive players will automatically lose when time's up. (requested by Daniytori)
|
|t:|1743851642
|start
|switch|p1a: Tyranitar|Tyranitar, F|100/100
|switch|p2a: Slowking|Slowking-Galar, F|100/100
|-weather|Sandstorm|[from] ability: Sand Stream|[of] p1a: Tyranitar
|turn|1
|
|t:|1743851648
|switch|p2a: Chesnaught|Chesnaught, M|100/100
|move|p1a: Tyranitar|Knock Off|p2a: Chesnaught
|-resisted|p2a: Chesnaught
|-damage|p2a: Chesnaught|88/100
|-damage|p1a: Tyranitar|84/100|[from] item: Rocky Helmet|[of] p2a: Chesnaught
|-enditem|p2a: Chesnaught|Rocky Helmet|[from] move: Knock Off|[of] p1a: Tyranitar
|
|-weather|Sandstorm|[upkeep]
|-damage|p2a: Chesnaught|82/100|[from] Sandstorm
|upkeep
|turn|2
|
|t:|1743851655
|switch|p1a: Clefable|Clefable, M|100/100
|move|p2a: Chesnaught|Knock Off|p1a: Clefable
|-resisted|p1a: Clefable
|-damage|p1a: Clefable|91/100
|
|-weather|Sandstorm|[upkeep]
|-damage|p2a: Chesnaught|76/100|[from] Sandstorm
|-damage|p2a: Chesnaught|63/100|[from] item: Sticky Barb
|upkeep
|turn|3
|
|t:|1743851680
|switch|p2a: Slowking|Slowking-Galar, F|100/100
|move|p1a: Clefable|Wish|p1a: Clefable
|
|-weather|Sandstorm|[upkeep]
|-damage|p2a: Slowking|94/100|[from] Sandstorm
|upkeep
|turn|4
|
|t:|1743851683
|move|p1a: Clefable|Knock Off|p2a: Slowking
|-supereffective|p2a: Slowking
|-damage|p2a: Slowking|64/100
|-enditem|p2a: Slowking|Heavy-Duty Boots|[from] move: Knock Off|[of] p1a: Clefable
|move|p2a: Slowking|Thunder Wave|p1a: Clefable
|-status|p1a: Clefable|par
|
|-weather|Sandstorm|[upkeep]
|-damage|p2a: Slowking|58/100|[from] Sandstorm
|-heal|p1a: Clefable|100/100 par|[from] move: Wish|[wisher] Clefable
|upkeep
|turn|5
|
|t:|1743851696
|switch|p1a: Tyranitar|Tyranitar, F|84/100
|-prepare|p2a: Slowking|Chilly Reception|[premajor]
|move|p2a: Slowking|Chilly Reception|p2a: Slowking
|-weather|Snowscape
|
|t:|1743851708
|switch|p2a: Ting-Lu|Ting-Lu|100/100|[from] Chilly Reception
|-ability|p2a: Ting-Lu|Vessel of Ruin
|
|-weather|Snowscape|[upkeep]
|upkeep
|turn|6
|
|t:|1743851713
|switch|p1a: Skarmory|Skarmory, F|100/100
|move|p2a: Ting-Lu|Stealth Rock|p1a: Skarmory
|-sidestart|p1: 3phaseshort|move: Stealth Rock
|
|-weather|Snowscape|[upkeep]
|upkeep
|turn|7
|
|t:|1743851740
|move|p1a: Skarmory|Spikes|p2a: Ting-Lu
|-sidestart|p2: Daniytori|Spikes
|move|p2a: Ting-Lu|Ruination|p1a: Skarmory
|-damage|p1a: Skarmory|50/100
|
|-weather|Snowscape|[upkeep]
|upkeep
|turn|8
|
|t:|1743851745
|switch|p2a: Moltres|Moltres|100/100
|move|p1a: Skarmory|Spikes|p2a: Moltres
|-sidestart|p2: Daniytori|Spikes
|
|-weather|Snowscape|[upkeep]
|upkeep
|turn|9
|
|t:|1743851752
|switch|p1a: Alomomola|Alomomola, M, shiny|100/100
|move|p2a: Moltres|Will-O-Wisp|p1a: Alomomola
|-status|p1a: Alomomola|brn
|
|-weather|none
|-damage|p1a: Alomomola|94/100 brn|[from] brn
|upkeep
|turn|10
|
|t:|1743851755
|switch|p2a: Chesnaught|Chesnaught, M|63/100
|-damage|p2a: Chesnaught|47/100|[from] Spikes
|move|p1a: Alomomola|Flip Turn|p2a: Chesnaught
|-resisted|p2a: Chesnaught
|-damage|p2a: Chesnaught|45/100
|
|t:|1743851760
|switch|p1a: Skarmory|Skarmory, F|50/100|[from] Flip Turn
|-damage|p1a: Skarmory|38/100|[from] Stealth Rock
|
|-damage|p2a: Chesnaught|32/100|[from] item: Sticky Barb
|upkeep
|turn|11
|
|t:|1743851775
|move|p1a: Skarmory|Roost|p1a: Skarmory
|-heal|p1a: Skarmory|88/100
|-singleturn|p1a: Skarmory|move: Roost
|move|p2a: Chesnaught|Synthesis|p2a: Chesnaught
|-heal|p2a: Chesnaught|82/100
|
|-damage|p2a: Chesnaught|70/100|[from] item: Sticky Barb
|upkeep
|turn|12
|
|t:|1743851779
|move|p1a: Skarmory|Spikes|p2a: Chesnaught
|-sidestart|p2: Daniytori|Spikes
|move|p2a: Chesnaught|Knock Off|p1a: Skarmory
|-damage|p1a: Skarmory|73/100
|-damage|p2a: Chesnaught|53/100|[from] item: Rocky Helmet|[of] p1a: Skarmory
|-enditem|p1a: Skarmory|Rocky Helmet|[from] move: Knock Off|[of] p2a: Chesnaught
|
|-damage|p2a: Chesnaught|41/100|[from] item: Sticky Barb
|upkeep
|turn|13
|
|t:|1743851789
|switch|p1a: Clefable|Clefable, M|100/100 par
|move|p2a: Chesnaught|Spikes|p1a: Clefable
|-sidestart|p1: 3phaseshort|Spikes
|
|-damage|p2a: Chesnaught|29/100|[from] item: Sticky Barb
|upkeep
|turn|14
|
|t:|1743851804
|switch|p1a: Clodsire|Clodsire, M|100/100
|move|p2a: Chesnaught|Synthesis|p2a: Chesnaught
|-heal|p2a: Chesnaught|79/100
|
|-damage|p2a: Chesnaught|66/100|[from] item: Sticky Barb
|upkeep
|turn|15
|
|t:|1743851816
|switch|p1a: Clefable|Clefable, M|100/100 par
|move|p2a: Chesnaught|Knock Off|p1a: Clefable
|-resisted|p1a: Clefable
|-damage|p1a: Clefable|95/100 par
|
|-damage|p2a: Chesnaught|54/100|[from] item: Sticky Barb
|upkeep
|turn|16
|
|t:|1743851821
|move|p2a: Chesnaught|Synthesis|p2a: Chesnaught
|-heal|p2a: Chesnaught|100/100
|move|p1a: Clefable|Moonblast|p2a: Chesnaught
|-supereffective|p2a: Chesnaught
|-damage|p2a: Chesnaught|25/100
|
|-damage|p2a: Chesnaught|12/100|[from] item: Sticky Barb
|upkeep
|turn|17
|
|t:|1743851828
|switch|p1a: Clodsire|Clodsire, M|100/100
|move|p2a: Chesnaught|Spikes|p1a: Clodsire
|-sidestart|p1: 3phaseshort|Spikes
|
|-damage|p2a: Chesnaught|0 fnt|[from] item: Sticky Barb
|faint|p2a: Chesnaught
|upkeep
|
|t:|1743851839
|switch|p2a: Slowking|Slowking-Galar, F|91/100
|-damage|p2a: Slowking|66/100|[from] Spikes
|turn|18
|
|t:|1743851856
|switch|p2a: Ting-Lu|Ting-Lu|100/100
|-damage|p2a: Ting-Lu|76/100|[from] Spikes
|-ability|p2a: Ting-Lu|Vessel of Ruin
|move|p1a: Clodsire|Earthquake|p2a: Ting-Lu
|-damage|p2a: Ting-Lu|62/100
|
|-heal|p2a: Ting-Lu|68/100|[from] item: Leftovers
|upkeep
|turn|19
|
|t:|1743851866
|switch|p1a: Hydrapple|Hydrapple, M|100/100
|move|p2a: Ting-Lu|Whirlwind|p1a: Hydrapple
|drag|p1a: Tyranitar|Tyranitar, F|84/100
|-weather|Sandstorm|[from] ability: Sand Stream|[of] p1a: Tyranitar
|
|-weather|Sandstorm|[upkeep]
|-heal|p2a: Ting-Lu|74/100|[from] item: Leftovers
|upkeep
|turn|20
|
|t:|1743851877
|switch|p1a: Hydrapple|Hydrapple, M|100/100
|move|p2a: Ting-Lu|Earthquake|p1a: Hydrapple
|-resisted|p1a: Hydrapple
|-damage|p1a: Hydrapple|90/100
|
|-weather|Sandstorm|[upkeep]
|-damage|p1a: Hydrapple|84/100|[from] Sandstorm
|-heal|p2a: Ting-Lu|80/100|[from] item: Leftovers
|upkeep
|turn|21
|
|t:|1743851880
|switch|p2a: Slowking|Slowking-Galar, F|99/100
|-damage|p2a: Slowking|75/100|[from] Spikes
|move|p1a: Hydrapple|Giga Drain|p2a: Slowking
|-resisted|p2a: Slowking
|-damage|p2a: Slowking|64/100
|-heal|p1a: Hydrapple|88/100|[from] drain|[of] p2a: Slowking
|
|-weather|Sandstorm|[upkeep]
|-damage|p1a: Hydrapple|82/100|[from] Sandstorm
|-damage|p2a: Slowking|58/100|[from] Sandstorm
|upkeep
|turn|22
|
|t:|1743851891
|move|p1a: Hydrapple|Earth Power|p2a: Slowking
|-supereffective|p2a: Slowking
|-damage|p2a: Slowking|30/100
|move|p2a: Slowking|Future Sight|p1a: Hydrapple
|-start|p2a: Slowking|move: Future Sight
|
|-weather|Sandstorm|[upkeep]
|-damage|p1a: Hydrapple|76/100|[from] Sandstorm
|-damage|p2a: Slowking|24/100|[from] Sandstorm
|upkeep
|turn|23
|
|t:|1743851901
|switch|p2a: Ting-Lu|Ting-Lu|80/100
|-damage|p2a: Ting-Lu|55/100|[from] Spikes
|-ability|p2a: Ting-Lu|Vessel of Ruin
|move|p1a: Hydrapple|Fickle Beam|p2a: Ting-Lu
|-damage|p2a: Ting-Lu|42/100
|
|-weather|none
|-heal|p2a: Ting-Lu|48/100|[from] item: Leftovers
|upkeep
|turn|24
|
|t:|1743851913
|switch|p2a: Slowking|Slowking-Galar, F|57/100
|-damage|p2a: Slowking|32/100|[from] Spikes
|move|p1a: Hydrapple|Giga Drain|p2a: Slowking
|-resisted|p2a: Slowking
|-damage|p2a: Slowking|23/100
|-heal|p1a: Hydrapple|81/100|[from] drain|[of] p2a: Slowking
|
|-end|p1a: Hydrapple|move: Future Sight
|-damage|p1a: Hydrapple|34/100
|upkeep
|turn|25
|
|t:|1743851922
|move|p1a: Hydrapple|Earth Power|p2a: Slowking
|-supereffective|p2a: Slowking
|-damage|p2a: Slowking|0 fnt
|faint|p2a: Slowking
|
|upkeep
|
|t:|1743851931
|switch|p2a: Dragapult|Dragapult, M|100/100
|turn|26
|
|t:|1743851938
|switch|p1a: Alomomola|Alomomola, M, shiny|100/100 brn
|move|p2a: Dragapult|U-turn|p1a: Alomomola
|-damage|p1a: Alomomola|88/100 brn
|
|t:|1743851944
|switch|p2a: Gliscor|Gliscor, F|100/100|[from] U-turn
|
|-damage|p1a: Alomomola|82/100 brn|[from] brn
|-status|p2a: Gliscor|tox|[from] item: Toxic Orb
|upkeep
|turn|27
|
|t:|1743851948
|move|p2a: Gliscor|Swords Dance|p2a: Gliscor
|-boost|p2a: Gliscor|atk|2
|move|p1a: Alomomola|Flip Turn|p2a: Gliscor
|-supereffective|p2a: Gliscor
|-damage|p2a: Gliscor|87/100 tox
|
|t:|1743851974
|switch|p1a: Tyranitar|Tyranitar, F|84/100|[from] Flip Turn
|-weather|Sandstorm|[from] ability: Sand Stream|[of] p1a: Tyranitar
|
|-weather|Sandstorm|[upkeep]
|-heal|p2a: Gliscor|99/100 tox|[from] ability: Poison Heal
|upkeep
|turn|28
|
|t:|1743851989
|move|p2a: Gliscor|Earthquake|p1a: Tyranitar
|-supereffective|p1a: Tyranitar
|-damage|p1a: Tyranitar|0 fnt
|faint|p1a: Tyranitar
|
|-weather|Sandstorm|[upkeep]
|-heal|p2a: Gliscor|100/100 tox|[from] ability: Poison Heal
|upkeep
|
|t:|1743851999
|switch|p1a: Skarmory|Skarmory, F|73/100
|-damage|p1a: Skarmory|61/100|[from] Stealth Rock
|turn|29
|
|t:|1743852004
|move|p2a: Gliscor|Swords Dance|p2a: Gliscor
|-boost|p2a: Gliscor|atk|2
|move|p1a: Skarmory|Iron Defense|p1a: Skarmory
|-boost|p1a: Skarmory|def|2
|
|-weather|Sandstorm|[upkeep]
|upkeep
|turn|30
|
|t:|1743852008
|switch|p2a: Moltres|Moltres|100/100
|move|p1a: Skarmory|Iron Defense|p1a: Skarmory
|-boost|p1a: Skarmory|def|2
|
|-weather|Sandstorm|[upkeep]
|-damage|p2a: Moltres|94/100|[from] Sandstorm
|upkeep
|turn|31
|
|t:|1743852013
|switch|p1a: Clodsire|Clodsire, M|100/100
|move|p2a: Moltres|Flamethrower|p1a: Clodsire
|-damage|p1a: Clodsire|73/100
|
|-weather|none
|upkeep
|turn|32
|
|t:|1743852025
|switch|p1a: Alomomola|Alomomola, M, shiny|100/100 brn
|move|p2a: Moltres|Will-O-Wisp|p1a: Alomomola
|-fail|p1a: Alomomola|brn
|
|-damage|p1a: Alomomola|94/100 brn|[from] brn
|upkeep
|turn|33
|
|t:|1743852028
|move|p1a: Alomomola|Flip Turn|p2a: Moltres
|-supereffective|p2a: Moltres
|-crit|p2a: Moltres
|-damage|p2a: Moltres|78/100
|
|t:|1743852037
|switch|p1a: Hydrapple|Hydrapple, M|67/100|[from] Flip Turn
|move|p2a: Moltres|Roar|p1a: Hydrapple
|drag|p1a: Clefable|Clefable, M|95/100 par
|
|upkeep
|turn|34
|
|t:|1743852047
|switch|p1a: Alomomola|Alomomola, M, shiny|100/100 brn
|move|p2a: Moltres|Flamethrower|p1a: Alomomola
|-resisted|p1a: Alomomola
|-damage|p1a: Alomomola|84/100 brn
|
|-damage|p1a: Alomomola|78/100 brn|[from] brn
|upkeep
|turn|35
|
|t:|1743852061
|move|p2a: Moltres|Flamethrower|p1a: Alomomola
|-resisted|p1a: Alomomola
|-damage|p1a: Alomomola|61/100 brn
|move|p1a: Alomomola|Flip Turn|p2a: Moltres
|-supereffective|p2a: Moltres
|-damage|p2a: Moltres|66/100
|
|t:|1743852069
|switch|p1a: Clefable|Clefable, M|95/100 par|[from] Flip Turn
|
|upkeep
|turn|36
|
|t:|1743852095
|switch|p1a: Alomomola|Alomomola, M, shiny|95/100 brn
|move|p2a: Moltres|Roost|p2a: Moltres
|-heal|p2a: Moltres|100/100
|-singleturn|p2a: Moltres|move: Roost
|
|-damage|p1a: Alomomola|89/100 brn|[from] brn
|upkeep
|turn|37
|
|t:|1743852098
|switch|p2a: Dragapult|Dragapult, M|100/100
|move|p1a: Alomomola|Flip Turn|p2a: Dragapult
|-resisted|p2a: Dragapult
|-crit|p2a: Dragapult
|-damage|p2a: Dragapult|92/100
|
|t:|1743852103
|switch|p1a: Clefable|Clefable, M|95/100 par|[from] Flip Turn
|
|upkeep
|turn|38
|
|t:|1743852113
|cant|p1a: Clefable|par
|move|p2a: Dragapult|Hex|p1a: Clefable
|-damage|p1a: Clefable|46/100 par
|
|upkeep
|turn|39
|
|t:|1743852124
|switch|p1a: Alomomola|Alomomola, M, shiny|100/100 brn
|move|p2a: Dragapult|Hex|p1a: Alomomola
|-damage|p1a: Alomomola|53/100 brn
|
|-damage|p1a: Alomomola|46/100 brn|[from] brn
|upkeep
|turn|40
|
|t:|1743852133
|switch|p1a: Hydrapple|Hydrapple, M|99/100
|move|p2a: Dragapult|Hex|p1a: Hydrapple
|-damage|p1a: Hydrapple|76/100
|
|upkeep
|turn|41
|
|t:|1743852138
|-terastallize|p1a: Hydrapple|Steel
|move|p2a: Dragapult|Dragon Darts|p1a: Hydrapple
|-resisted|p1a: Hydrapple
|-damage|p1a: Hydrapple|69/100
|-anim|p2a: Dragapult|Dragon Darts|p1a: Hydrapple
|-resisted|p1a: Hydrapple
|-damage|p1a: Hydrapple|63/100
|move|p1a: Hydrapple|Fickle Beam|p2a: Dragapult|[anim] Fickle Beam All Out
|-activate|p1a: Hydrapple|move: Fickle Beam
|-supereffective|p2a: Dragapult
|-damage|p2a: Dragapult|0 fnt
|faint|p2a: Dragapult
|
|upkeep
|
|t:|1743852143
|switch|p2a: Moltres|Moltres|100/100
|turn|42
|l|☆Daniytori
|inactive|Daniytori disconnected and has a minute to reconnect!
|player|p2|
|inactive|Daniytori has 30 seconds to reconnect!
|inactive|Daniytori has 20 seconds to reconnect!
|inactive|Daniytori has 15 seconds to reconnect!
|inactive|Daniytori has 10 seconds to reconnect!
|inactive|Daniytori has 5 seconds to reconnect!
|-message|Daniytori lost due to inactivity.
|
|win|3phaseshort
|raw|3phaseshort's rating: 1544 &rarr; <strong>1562</strong><br />(+18 for winning)
|raw|Daniytori's rating: 1508 &rarr; <strong>1490</strong><br />(-18 for losing)
|l|☆3phaseshort
|player|p1|
