|j|‽norebuhl
|j|☆shazcollectibles
|t:|1743887175
|gametype|singles
|player|p1|norebuhl|101|1407
|player|p2|shazcollectibles|170|1351
|teamsize|p1|6
|teamsize|p2|6
|gen|9
|tier|[Gen 9] OU
|rated|
|rule|HP Percentage Mod: HP is shown in percentages
|rule|Endless Battle Clause: Forcing endless battles is banned
|rule|Species Clause: Limit one of each Pokémon
|rule|OHKO Clause: OHKO moves are banned
|rule|Evasion Items Clause: Evasion items are banned
|rule|Evasion Moves Clause: Evasion moves are banned
|rule|Sleep Moves Clause: Sleep-inducing moves are banned
|clearpoke
|poke|p1|Kyurem|
|poke|p1|Iron Valiant|
|poke|p1|Kingambit, M|
|poke|p1|Samurott-Hisui, M|
|poke|p1|Great Tusk|
|poke|p1|Gholdengo|
|poke|p2|Magnezone|
|poke|p2|Garchomp, M|
|poke|p2|Staraptor, F|
|poke|p2|Floatzel, M|
|poke|p2|Mismagius, F|
|poke|p2|Infernape, M|
|teampreview
|inactive|Battle timer is ON: inactive players will automatically lose when time's up. (requested by shazcollectibles)
|
|t:|1743887191
|start
|switch|p1a: Samurott|Samurott-Hisui, M|100/100
|switch|p2a: Floatzel|Floatzel, M|100/100
|turn|1
|
|t:|1743887199
|move|p2a: Floatzel|Low Kick|p1a: Samurott
|-supereffective|p1a: Samurott
|-damage|p1a: Samurott|29/100
|move|p1a: Samurott|Ceaseless Edge|p2a: Floatzel
|-damage|p2a: Floatzel|19/100
|-sidestart|p2: shazcollectibles|Spikes
|
|upkeep
|turn|2
|inactive|shazcollectibles has 120 seconds left.
|
|t:|1743887239
|switch|p1a: Gholdengo|Gholdengo|100/100
|move|p2a: Floatzel|Low Kick|p1a: Gholdengo
|-immune|p1a: Gholdengo
|
|upkeep
|turn|3
|inactive|norebuhl has 120 seconds left.
|
|t:|1743887260
|switch|p2a: Magnezone|Magnezone|100/100
|-damage|p2a: Magnezone|88/100|[from] Spikes
|switch|p1a: Great Tusk|Great Tusk|100/100
|
|upkeep
|turn|4
|
|t:|1743887267
|switch|p2a: Mismagius|Mismagius, F|100/100
|move|p1a: Great Tusk|Knock Off|p2a: Mismagius
|-supereffective|p2a: Mismagius
|-damage|p2a: Mismagius|0 fnt
|-enditem|p2a: Mismagius|Aguav Berry|[from] move: Knock Off|[of] p1a: Great Tusk
|faint|p2a: Mismagius
|
|upkeep
|
|t:|1743887273
|switch|p2a: Floatzel|Floatzel, M|19/100
|-damage|p2a: Floatzel|7/100|[from] Spikes
|turn|5
|
|t:|1743887284
|-end|p1a: Great Tusk|Protosynthesis|[silent]
|switch|p1a: Kyurem|Kyurem|100/100
|-ability|p1a: Kyurem|Pressure
|move|p2a: Floatzel|Flip Turn|p1a: Kyurem
|-resisted|p1a: Kyurem
|-damage|p1a: Kyurem|86/100
|
|t:|1743887289
|switch|p2a: Magnezone|Magnezone|88/100|[from] Flip Turn
|-damage|p2a: Magnezone|75/100|[from] Spikes
|
|upkeep
|turn|6
|
|t:|1743887301
|-terastallize|p1a: Kyurem|Ground
|move|p1a: Kyurem|Dragon Dance|p1a: Kyurem
|-boost|p1a: Kyurem|atk|1
|-boost|p1a: Kyurem|spe|1
|move|p2a: Magnezone|Flash Cannon|p1a: Kyurem
|-damage|p1a: Kyurem|8/100
|
|upkeep
|turn|7
|inactive|shazcollectibles has 120 seconds left.
|
|t:|1743887343
|switch|p2a: Staraptor|Staraptor, F|100/100
|move|p1a: Kyurem|Tera Blast|p2a: Staraptor|[anim] Tera Blast Ground
|-immune|p2a: Staraptor
|
|upkeep
|turn|8
|
|t:|1743887353
|move|p2a: Staraptor|Quick Attack|p1a: Kyurem
|-damage|p1a: Kyurem|0 fnt
|faint|p1a: Kyurem
|
|upkeep
|
|t:|1743887366
|switch|p1a: Kingambit|Kingambit, M|100/100
|-activate|p1a: Kingambit|ability: Supreme Overlord
|-start|p1a: Kingambit|fallen1|[silent]
|turn|9
|inactive|shazcollectibles has 120 seconds left.
|
|t:|1743887388
|move|p2a: Staraptor|Close Combat|p1a: Kingambit
|-supereffective|p1a: Kingambit
|-damage|p1a: Kingambit|0 fnt
|-unboost|p2a: Staraptor|def|1
|-unboost|p2a: Staraptor|spd|1
|faint|p1a: Kingambit
|-end|p1a: Kingambit|fallen1|[silent]
|
|upkeep
|
|t:|1743887398
|switch|p1a: Iron Valiant|Iron Valiant|100/100
|-enditem|p1a: Iron Valiant|Booster Energy
|-activate|p1a: Iron Valiant|ability: Quark Drive|[fromitem]
|-start|p1a: Iron Valiant|quarkdrivespe
|turn|10
|inactive|shazcollectibles has 120 seconds left.
|
|t:|1743887409
|switch|p2a: Floatzel|Floatzel, M|7/100
|-damage|p2a: Floatzel|0 fnt|[from] Spikes
|faint|p2a: Floatzel
|move|p1a: Iron Valiant|Encore|p2: Floatzel|[notarget]
|-fail|p1a: Iron Valiant
|
|upkeep
|
|t:|1743887412
|switch|p2a: Staraptor|Staraptor, F|100/100
|turn|11
|
|t:|1743887424
|move|p1a: Iron Valiant|Moonblast|p2a: Staraptor
|-damage|p2a: Staraptor|26/100
|move|p2a: Staraptor|Brave Bird|p1a: Iron Valiant
|-supereffective|p1a: Iron Valiant
|-damage|p1a: Iron Valiant|0 fnt
|faint|p1a: Iron Valiant
|-end|p1a: Iron Valiant|Quark Drive|[silent]
|-damage|p2a: Staraptor|0 fnt|[from] Recoil
|faint|p2a: Staraptor
|
|upkeep
|inactive|norebuhl has 120 seconds left.
|
|t:|1743887459
|switch|p1a: Samurott|Samurott-Hisui, M|29/100
|switch|p2a: Garchomp|Garchomp, M|100/100
|-damage|p2a: Garchomp|88/100|[from] Spikes
|turn|12
|inactive|norebuhl has 120 seconds left.
|
|t:|1743887468
|move|p2a: Garchomp|Scale Shot|p1a: Samurott
|-damage|p1a: Samurott|6/100
|-damage|p1a: Samurott|0 fnt
|faint|p1a: Samurott
|-hitcount|p1: Samurott|2
|-unboost|p2a: Garchomp|def|1
|-boost|p2a: Garchomp|spe|1
|-damage|p2a: Garchomp|78/100|[from] item: Life Orb
|
|upkeep
|
|t:|1743887471
|switch|p1a: Great Tusk|Great Tusk|100/100
|turn|13
|
|t:|1743887475
|switch|p2a: Magnezone|Magnezone|75/100
|-damage|p2a: Magnezone|63/100|[from] Spikes
|move|p1a: Great Tusk|Rapid Spin|p2a: Magnezone
|-resisted|p2a: Magnezone
|-damage|p2a: Magnezone|57/100
|-boost|p1a: Great Tusk|spe|1
|
|upkeep
|turn|14
|
|t:|1743887483
|-terastallize|p2a: Magnezone|Bug
|move|p1a: Great Tusk|Headlong Rush|p2a: Magnezone
|-resisted|p2a: Magnezone
|-damage|p2a: Magnezone|35/100
|-unboost|p1a: Great Tusk|def|1
|-unboost|p1a: Great Tusk|spd|1
|move|p2a: Magnezone|Flash Cannon|p1a: Great Tusk
|-damage|p1a: Great Tusk|0 fnt
|faint|p1a: Great Tusk
|-end|p1a: Great Tusk|Protosynthesis|[silent]
|
|upkeep
|
|t:|1743887493
|switch|p1a: Gholdengo|Gholdengo|100/100
|turn|15
|
|t:|1743887503
|move|p1a: Gholdengo|Shadow Ball|p2a: Magnezone
|-damage|p2a: Magnezone|0 fnt
|faint|p2a: Magnezone
|
|upkeep
|
|t:|1743887506
|switch|p2a: Garchomp|Garchomp, M|78/100
|-damage|p2a: Garchomp|66/100|[from] Spikes
|turn|16
|
|t:|1743887525
|move|p1a: Gholdengo|Shadow Ball|p2a: Garchomp
|-damage|p2a: Garchomp|22/100
|move|p2a: Garchomp|Earthquake|p1a: Gholdengo
|-supereffective|p1a: Gholdengo
|-damage|p1a: Gholdengo|0 fnt
|faint|p1a: Gholdengo
|-damage|p2a: Garchomp|12/100|[from] item: Life Orb
|
|win|shazcollectibles
|raw|norebuhl's rating: 1407 &rarr; <strong>1384</strong><br />(-23 for losing)
|raw|shazcollectibles's rating: 1351 &rarr; <strong>1374</strong><br />(+23 for winning)
|l|‽norebuhl
|player|p1|
|l|☆shazcollectibles
|player|p2|
