|j|☆ironplayer8967
|j|☆Mr. Entei
|t:|1743831864
|gametype|singles
|player|p1|ironplayer8967|steven|1123
|player|p2|Mr. Entei|170|1085
|teamsize|p1|6
|teamsize|p2|6
|gen|9
|tier|[Gen 9] OU
|rated|
|rule|HP Percentage Mod: HP is shown in percentages
|rule|Endless Battle Clause: Forcing endless battles is banned
|rule|Species Clause: Limit one of each Pokémon
|rule|OHKO Clause: OHKO moves are banned
|rule|Evasion Items Clause: Evasion items are banned
|rule|Evasion Moves Clause: Evasion moves are banned
|rule|Sleep Moves Clause: Sleep-inducing moves are banned
|clearpoke
|poke|p1|Spiritomb, F|
|poke|p1|Porygon-Z|
|poke|p1|Lucario, M|
|poke|p1|Milotic, M|
|poke|p1|Great Tusk|
|poke|p1|Garchomp, M|
|poke|p2|Scream Tail|
|poke|p2|Gliscor, F|
|poke|p2|Corviknight, M|
|poke|p2|Glimmora, M|
|poke|p2|Dondozo, M|
|poke|p2|Ninetales, F|
|teampreview
|inactive|Battle timer is ON: inactive players will automatically lose when time's up. (requested by Mr. Entei)
|c|☆ironplayer8967|glhf
|
|t:|1743831877
|start
|switch|p1a: Spiritomb|Spiritomb, F|100/100
|switch|p2a: Scream Tail|Scream Tail|100/100
|turn|1
|
|t:|1743831884
|move|p2a: Scream Tail|Trick|p1a: Spiritomb
|-activate|p2a: Scream Tail|move: Trick|[of] p1a: Spiritomb
|-item|p1a: Spiritomb|Choice Band|[from] move: Trick
|-item|p2a: Scream Tail|Sitrus Berry|[from] move: Trick
|move|p1a: Spiritomb|Taunt|p2a: Scream Tail
|-start|p2a: Scream Tail|move: Taunt
|
|upkeep
|turn|2
|
|t:|1743831896
|-end|p2a: Scream Tail|Protosynthesis|[silent]
|switch|p2a: Gliscor|Gliscor, F|100/100
|switch|p1a: Milotic|Milotic, M|100/100
|
|-status|p2a: Gliscor|tox|[from] item: Toxic Orb
|upkeep
|turn|3
|
|t:|1743831911
|move|p2a: Gliscor|Toxic|p1a: Milotic
|-status|p1a: Milotic|tox
|move|p1a: Milotic|Ice Beam|p2a: Gliscor
|-supereffective|p2a: Gliscor
|-damage|p2a: Gliscor|0 fnt
|faint|p2a: Gliscor
|
|-damage|p1a: Milotic|95/100 tox|[from] psn
|upkeep
|
|t:|1743831921
|switch|p2a: Scream Tail|Scream Tail|100/100
|turn|4
|
|t:|1743831929
|switch|p1a: Lucario|Lucario, M|100/100
|move|p2a: Scream Tail|Encore||[still]
|-fail|p2a: Scream Tail
|
|upkeep
|turn|5
|
|t:|1743831938
|-end|p2a: Scream Tail|Protosynthesis|[silent]
|switch|p2a: Glimmora|Glimmora, M|100/100
|move|p1a: Lucario|Meteor Mash|p2a: Glimmora
|-supereffective|p2a: Glimmora
|-enditem|p2a: Glimmora|Focus Sash
|-damage|p2a: Glimmora|1/100
|-activate|p2a: Glimmora|ability: Toxic Debris
|-sidestart|p1: ironplayer8967|move: Toxic Spikes
|
|upkeep
|turn|6
|
|t:|1743831952
|switch|p2a: Corviknight|Corviknight, M|100/100
|move|p1a: Lucario|Extreme Speed|p2a: Corviknight
|-resisted|p2a: Corviknight
|-damage|p2a: Corviknight|88/100
|-damage|p1a: Lucario|84/100|[from] item: Rocky Helmet|[of] p2a: Corviknight
|
|upkeep
|turn|7
|
|t:|1743831962
|switch|p1a: Great Tusk|Great Tusk|100/100
|-status|p1a: Great Tusk|psn
|move|p2a: Corviknight|Agility|p2a: Corviknight
|-boost|p2a: Corviknight|spe|2
|
|-damage|p1a: Great Tusk|88/100 psn|[from] psn
|upkeep
|turn|8
|
|t:|1743831973
|move|p2a: Corviknight|Iron Defense|p2a: Corviknight
|-boost|p2a: Corviknight|def|2
|move|p1a: Great Tusk|Rapid Spin|p2a: Corviknight
|-resisted|p2a: Corviknight
|-damage|p2a: Corviknight|83/100
|-boost|p1a: Great Tusk|spe|1
|-damage|p1a: Great Tusk|71/100 psn|[from] item: Rocky Helmet|[of] p2a: Corviknight
|-sideend|p1: ironplayer8967|Toxic Spikes|[from] move: Rapid Spin|[of] p1a: Great Tusk
|
|-damage|p1a: Great Tusk|59/100 psn|[from] psn
|upkeep
|turn|9
|
|t:|1743831984
|move|p2a: Corviknight|Hone Claws|p2a: Corviknight
|-boost|p2a: Corviknight|atk|1
|-boost|p2a: Corviknight|accuracy|1
|move|p1a: Great Tusk|Close Combat|p2a: Corviknight
|-damage|p2a: Corviknight|49/100
|-unboost|p1a: Great Tusk|def|1
|-unboost|p1a: Great Tusk|spd|1
|-damage|p1a: Great Tusk|42/100 psn|[from] item: Rocky Helmet|[of] p2a: Corviknight
|
|-damage|p1a: Great Tusk|30/100 psn|[from] psn
|upkeep
|turn|10
|
|t:|1743831996
|move|p2a: Corviknight|Iron Defense|p2a: Corviknight
|-boost|p2a: Corviknight|def|2
|move|p1a: Great Tusk|Close Combat|p2a: Corviknight
|-damage|p2a: Corviknight|26/100
|-unboost|p1a: Great Tusk|def|1
|-unboost|p1a: Great Tusk|spd|1
|-damage|p1a: Great Tusk|13/100 psn|[from] item: Rocky Helmet|[of] p2a: Corviknight
|
|-damage|p1a: Great Tusk|1/100 psn|[from] psn
|upkeep
|turn|11
|
|t:|1743832007
|move|p2a: Corviknight|Power Trip|p1a: Great Tusk
|-resisted|p1a: Great Tusk
|-damage|p1a: Great Tusk|0 fnt
|faint|p1a: Great Tusk
|-end|p1a: Great Tusk|Protosynthesis|[silent]
|
|upkeep
|
|t:|1743832017
|switch|p1a: Porygon-Z|Porygon-Z|100/100
|turn|12
|
|t:|1743832021
|move|p2a: Corviknight|Power Trip|p1a: Porygon-Z
|-damage|p1a: Porygon-Z|0 fnt
|faint|p1a: Porygon-Z
|
|upkeep
|
|t:|1743832025
|switch|p1a: Milotic|Milotic, M|95/100 tox
|turn|13
|
|t:|1743832029
|move|p2a: Corviknight|Power Trip|p1a: Milotic
|-damage|p1a: Milotic|49/100 tox
|move|p1a: Milotic|Scald|p2a: Corviknight
|-damage|p2a: Corviknight|0 fnt
|faint|p2a: Corviknight
|
|-heal|p1a: Milotic|55/100 tox|[from] item: Leftovers
|-damage|p1a: Milotic|49/100 tox|[from] psn
|upkeep
|
|t:|1743832053
|switch|p2a: Scream Tail|Scream Tail|100/100
|turn|14
|
|t:|1743832063
|switch|p1a: Lucario|Lucario, M|84/100
|move|p2a: Scream Tail|Perish Song|p2a: Scream Tail
|-start|p1a: Lucario|perish3|[silent]
|-start|p2a: Scream Tail|perish3|[silent]
|-fieldactivate|move: Perish Song
|
|-start|p2a: Scream Tail|perish3
|-start|p1a: Lucario|perish3
|upkeep
|turn|15
|
|t:|1743832072
|-end|p2a: Scream Tail|Protosynthesis|[silent]
|switch|p2a: Glimmora|Glimmora, M|1/100
|switch|p1a: Milotic|Milotic, M|49/100 tox
|
|-heal|p1a: Milotic|55/100 tox|[from] item: Leftovers
|-damage|p1a: Milotic|49/100 tox|[from] psn
|upkeep
|turn|16
|
|t:|1743832081
|move|p2a: Glimmora|Energy Ball|p1a: Milotic
|-supereffective|p1a: Milotic
|-damage|p1a: Milotic|6/100 tox
|move|p1a: Milotic|Recover|p1a: Milotic
|-heal|p1a: Milotic|56/100 tox
|
|-heal|p1a: Milotic|62/100 tox|[from] item: Leftovers
|-damage|p1a: Milotic|50/100 tox|[from] psn
|upkeep
|turn|17
|
|t:|1743832091
|switch|p1a: Lucario|Lucario, M|84/100
|move|p2a: Glimmora|Energy Ball|p1a: Lucario
|-resisted|p1a: Lucario
|-damage|p1a: Lucario|60/100
|
|upkeep
|turn|18
|
|t:|1743832099
|move|p2a: Glimmora|Sand Tomb|p1a: Lucario
|-supereffective|p1a: Lucario
|-crit|p1a: Lucario
|-damage|p1a: Lucario|34/100
|-activate|p1a: Lucario|move: Sand Tomb|[of] p2a: Glimmora
|move|p1a: Lucario|Meteor Mash|p2a: Glimmora
|-supereffective|p2a: Glimmora
|-crit|p2a: Glimmora
|-damage|p2a: Glimmora|0 fnt
|-activate|p2a: Glimmora|ability: Toxic Debris
|-sidestart|p1: ironplayer8967|move: Toxic Spikes
|faint|p2a: Glimmora
|
|-end|p1a: Lucario|Sand Tomb|[partiallytrapped]|[silent]
|upkeep
|
|t:|1743832110
|switch|p2a: Ninetales|Ninetales, F|100/100
|-weather|SunnyDay|[from] ability: Drought|[of] p2a: Ninetales
|turn|19
|
|t:|1743832116
|move|p1a: Lucario|Extreme Speed|p2a: Ninetales
|-damage|p2a: Ninetales|63/100
|move|p2a: Ninetales|Flamethrower|p1a: Lucario
|-supereffective|p1a: Lucario
|-damage|p1a: Lucario|0 fnt
|faint|p1a: Lucario
|
|-weather|SunnyDay|[upkeep]
|upkeep
|
|t:|1743832122
|switch|p1a: Garchomp|Garchomp, M|100/100
|-status|p1a: Garchomp|psn
|turn|20
|
|t:|1743832133
|move|p2a: Ninetales|Protect|p2a: Ninetales
|-singleturn|p2a: Ninetales|Protect
|move|p1a: Garchomp|Swords Dance|p1a: Garchomp
|-boost|p1a: Garchomp|atk|2
|
|-weather|SunnyDay|[upkeep]
|-damage|p1a: Garchomp|88/100 psn|[from] psn
|upkeep
|turn|21
|
|t:|1743832141
|switch|p2a: Dondozo|Dondozo, M|100/100
|move|p1a: Garchomp|Scale Shot|p2a: Dondozo
|-damage|p2a: Dondozo|92/100
|-damage|p2a: Dondozo|84/100
|-crit|p2a: Dondozo
|-damage|p2a: Dondozo|69/100
|-crit|p2a: Dondozo
|-damage|p2a: Dondozo|57/100
|-hitcount|p2a: Dondozo|4
|-unboost|p1a: Garchomp|def|1
|-boost|p1a: Garchomp|spe|1
|
|-weather|SunnyDay|[upkeep]
|-damage|p1a: Garchomp|76/100 psn|[from] psn
|upkeep
|turn|22
|
|t:|1743832157
|move|p1a: Garchomp|Scale Shot|p2a: Dondozo
|-damage|p2a: Dondozo|48/100
|-damage|p2a: Dondozo|39/100
|-damage|p2a: Dondozo|29/100
|-damage|p2a: Dondozo|20/100
|-hitcount|p2a: Dondozo|4
|-unboost|p1a: Garchomp|def|1
|-boost|p1a: Garchomp|spe|1
|move|p2a: Dondozo|Avalanche|p1a: Garchomp
|-supereffective|p1a: Garchomp
|-damage|p1a: Garchomp|0 fnt
|-damage|p2a: Dondozo|7/100|[from] ability: Rough Skin|[of] p1a: Garchomp
|faint|p1a: Garchomp
|
|-weather|SunnyDay|[upkeep]
|upkeep
|
|t:|1743832170
|switch|p1a: Milotic|Milotic, M|50/100 tox
|turn|23
|
|t:|1743832179
|move|p1a: Milotic|Ice Beam|p2a: Dondozo
|-resisted|p2a: Dondozo
|-damage|p2a: Dondozo|0 fnt
|faint|p2a: Dondozo
|
|-weather|SunnyDay|[upkeep]
|-heal|p1a: Milotic|56/100 tox|[from] item: Leftovers
|-damage|p1a: Milotic|50/100 tox|[from] psn
|upkeep
|
|t:|1743832188
|switch|p2a: Scream Tail|Scream Tail|100/100
|-activate|p2a: Scream Tail|ability: Protosynthesis
|-start|p2a: Scream Tail|protosynthesisspe
|turn|24
|
|t:|1743832193
|move|p2a: Scream Tail|Encore|p1a: Milotic
|-start|p1a: Milotic|Encore
|move|p1a: Milotic|Ice Beam|p2a: Scream Tail
|-damage|p2a: Scream Tail|86/100
|
|-weather|SunnyDay|[upkeep]
|-heal|p1a: Milotic|56/100 tox|[from] item: Leftovers
|-damage|p1a: Milotic|44/100 tox|[from] psn
|upkeep
|turn|25
|
|t:|1743832202
|switch|p1a: Spiritomb|Spiritomb, F|100/100
|-status|p1a: Spiritomb|psn
|move|p2a: Scream Tail|Disable||[still]
|-fail|p2a: Scream Tail
|
|-weather|SunnyDay|[upkeep]
|-damage|p1a: Spiritomb|88/100 psn|[from] psn
|upkeep
|turn|26
|
|t:|1743832223
|move|p2a: Scream Tail|Perish Song|p2a: Scream Tail
|-start|p1a: Spiritomb|perish3|[silent]
|-start|p2a: Scream Tail|perish3|[silent]
|-fieldactivate|move: Perish Song
|move|p1a: Spiritomb|Taunt|p2a: Scream Tail
|-start|p2a: Scream Tail|move: Taunt
|
|-weather|none
|-end|p2a: Scream Tail|Protosynthesis
|-damage|p1a: Spiritomb|76/100 psn|[from] psn
|-start|p2a: Scream Tail|perish3
|-start|p1a: Spiritomb|perish3
|upkeep
|turn|27
|
|t:|1743832234
|-end|p2a: Scream Tail|Protosynthesis|[silent]
|switch|p2a: Ninetales|Ninetales, F|63/100
|-weather|SunnyDay|[from] ability: Drought|[of] p2a: Ninetales
|switch|p1a: Milotic|Milotic, M|44/100 tox
|
|-weather|SunnyDay|[upkeep]
|-heal|p1a: Milotic|50/100 tox|[from] item: Leftovers
|-damage|p1a: Milotic|44/100 tox|[from] psn
|upkeep
|turn|28
|
|t:|1743832245
|-terastallize|p1a: Milotic|Fairy
|move|p2a: Ninetales|Solar Beam||[still]
|-prepare|p2a: Ninetales|Solar Beam
|-anim|p2a: Ninetales|Solar Beam|p1a: Milotic
|-damage|p1a: Milotic|22/100 tox
|move|p1a: Milotic|Recover|p1a: Milotic
|-heal|p1a: Milotic|72/100 tox
|
|-weather|SunnyDay|[upkeep]
|-heal|p1a: Milotic|78/100 tox|[from] item: Leftovers
|-damage|p1a: Milotic|66/100 tox|[from] psn
|upkeep
|turn|29
|
|t:|1743832257
|switch|p2a: Scream Tail|Scream Tail|86/100
|-activate|p2a: Scream Tail|ability: Protosynthesis
|-start|p2a: Scream Tail|protosynthesisspe
|move|p1a: Milotic|Scald|p2a: Scream Tail
|-damage|p2a: Scream Tail|75/100
|
|-weather|SunnyDay|[upkeep]
|-heal|p1a: Milotic|72/100 tox|[from] item: Leftovers
|-damage|p1a: Milotic|54/100 tox|[from] psn
|upkeep
|turn|30
|
|t:|1743832270
|switch|p1a: Spiritomb|Spiritomb, F|76/100 psn
|move|p2a: Scream Tail|Encore||[still]
|-fail|p2a: Scream Tail
|
|-weather|SunnyDay|[upkeep]
|-damage|p1a: Spiritomb|64/100 psn|[from] psn
|upkeep
|turn|31
|
|t:|1743832278
|move|p2a: Scream Tail|Perish Song|p2a: Scream Tail
|-start|p1a: Spiritomb|perish3|[silent]
|-start|p2a: Scream Tail|perish3|[silent]
|-fieldactivate|move: Perish Song
|move|p1a: Spiritomb|Taunt|p2a: Scream Tail
|-start|p2a: Scream Tail|move: Taunt
|
|-weather|SunnyDay|[upkeep]
|-damage|p1a: Spiritomb|52/100 psn|[from] psn
|-start|p2a: Scream Tail|perish3
|-start|p1a: Spiritomb|perish3
|upkeep
|turn|32
|
|t:|1743832300
|-end|p2a: Scream Tail|Protosynthesis|[silent]
|switch|p2a: Ninetales|Ninetales, F|63/100
|switch|p1a: Milotic|Milotic, M, tera:Fairy|54/100 tox
|
|-weather|SunnyDay|[upkeep]
|-heal|p1a: Milotic|60/100 tox|[from] item: Leftovers
|-damage|p1a: Milotic|54/100 tox|[from] psn
|upkeep
|turn|33
|
|t:|1743832310
|switch|p2a: Scream Tail|Scream Tail|75/100
|-activate|p2a: Scream Tail|ability: Protosynthesis
|-start|p2a: Scream Tail|protosynthesisspe
|move|p1a: Milotic|Recover|p1a: Milotic
|-heal|p1a: Milotic|100/100 tox
|
|-weather|SunnyDay|[upkeep]
|-damage|p1a: Milotic|89/100 tox|[from] psn
|upkeep
|turn|34
|
|t:|1743832321
|switch|p1a: Spiritomb|Spiritomb, F|52/100 psn
|move|p2a: Scream Tail|Perish Song|p2a: Scream Tail
|-start|p1a: Spiritomb|perish3|[silent]
|-start|p2a: Scream Tail|perish3|[silent]
|-fieldactivate|move: Perish Song
|
|-weather|none
|-end|p2a: Scream Tail|Protosynthesis
|-damage|p1a: Spiritomb|39/100 psn|[from] psn
|-start|p2a: Scream Tail|perish3
|-start|p1a: Spiritomb|perish3
|upkeep
|turn|35
|
|t:|1743832341
|-end|p2a: Scream Tail|Protosynthesis|[silent]
|switch|p2a: Ninetales|Ninetales, F|63/100
|-weather|SunnyDay|[from] ability: Drought|[of] p2a: Ninetales
|move|p1a: Spiritomb|Dark Pulse|p2a: Ninetales
|-damage|p2a: Ninetales|29/100
|
|-weather|SunnyDay|[upkeep]
|-damage|p1a: Spiritomb|27/100 psn|[from] psn
|-start|p1a: Spiritomb|perish2
|upkeep
|turn|36
|
|t:|1743832356
|move|p2a: Ninetales|Solar Beam||[still]
|-prepare|p2a: Ninetales|Solar Beam
|-anim|p2a: Ninetales|Solar Beam|p1a: Spiritomb
|-damage|p1a: Spiritomb|2/100 psn
|move|p1a: Spiritomb|Dark Pulse|p2a: Ninetales
|-damage|p2a: Ninetales|1/100
|
|-weather|SunnyDay|[upkeep]
|-damage|p1a: Spiritomb|0 fnt|[from] psn
|faint|p1a: Spiritomb
|upkeep
|
|t:|1743832358
|switch|p1a: Milotic|Milotic, M, tera:Fairy|89/100 tox
|turn|37
|
|t:|1743832370
|move|p2a: Ninetales|Flamethrower|p1a: Milotic
|-damage|p1a: Milotic|52/100 tox
|move|p1a: Milotic|Scald|p2a: Ninetales
|-supereffective|p2a: Ninetales
|-damage|p2a: Ninetales|0 fnt
|faint|p2a: Ninetales
|
|-weather|SunnyDay|[upkeep]
|-heal|p1a: Milotic|58/100 tox|[from] item: Leftovers
|-damage|p1a: Milotic|52/100 tox|[from] psn
|upkeep
|
|t:|1743832382
|switch|p2a: Scream Tail|Scream Tail|75/100
|-activate|p2a: Scream Tail|ability: Protosynthesis
|-start|p2a: Scream Tail|protosynthesisspe
|turn|38
|
|t:|1743832386
|move|p2a: Scream Tail|Encore|p1a: Milotic
|-start|p1a: Milotic|Encore
|move|p1a: Milotic|Scald|p2a: Scream Tail
|-damage|p2a: Scream Tail|65/100
|
|-weather|SunnyDay|[upkeep]
|-heal|p1a: Milotic|58/100 tox|[from] item: Leftovers
|-damage|p1a: Milotic|46/100 tox|[from] psn
|upkeep
|turn|39
|c|☆ironplayer8967|gg
|c|☆ironplayer8967|wp
|
|t:|1743832396
|move|p2a: Scream Tail|Disable|p1a: Milotic
|-start|p1a: Milotic|Disable|Scald
|cant|p1a: Milotic|Disable|Scald
|
|-weather|SunnyDay|[upkeep]
|-heal|p1a: Milotic|52/100 tox|[from] item: Leftovers
|-damage|p1a: Milotic|34/100 tox|[from] psn
|upkeep
|turn|40
|
|t:|1743832405
|move|p2a: Scream Tail|Perish Song|p2a: Scream Tail
|-start|p1a: Milotic|perish3|[silent]
|-start|p2a: Scream Tail|perish3|[silent]
|-fieldactivate|move: Perish Song
|-activate|p1a: Milotic|move: Struggle
|move|p1a: Milotic|Struggle|p2a: Scream Tail
|-damage|p2a: Scream Tail|60/100
|-damage|p1a: Milotic|9/100 tox|[from] recoil
|
|-weather|SunnyDay|[upkeep]
|-heal|p1a: Milotic|15/100 tox|[from] item: Leftovers
|-damage|p1a: Milotic|0 fnt|[from] psn
|faint|p1a: Milotic
|
|win|Mr. Entei
|raw|ironplayer8967's rating: 1123 &rarr; <strong>1095</strong><br />(-28 for losing)
|raw|Mr. Entei's rating: 1085 &rarr; <strong>1115</strong><br />(+30 for winning)
|l|☆Mr. Entei
|player|p2|
