|j|☆mamabama
|j|☆memecookieree
|t:|1743919559
|gametype|singles
|player|p1|mamabama|brycenman|1552
|player|p2|memecookieree|hilbert-wonderlauncher|1516
|teamsize|p1|6
|teamsize|p2|6
|gen|9
|tier|[Gen 9] OU
|rated|
|rule|HP Percentage Mod: HP is shown in percentages
|rule|Endless Battle Clause: Forcing endless battles is banned
|rule|Species Clause: Limit one of each Pokémon
|rule|OHKO Clause: OHKO moves are banned
|rule|Evasion Items Clause: Evasion items are banned
|rule|Evasion Moves Clause: Evasion moves are banned
|rule|Sleep Moves Clause: Sleep-inducing moves are banned
|clearpoke
|poke|p1|Conkeldurr, F|
|poke|p1|Gholdengo|
|poke|p1|Greninja-*, M|
|poke|p1|Ninetales-Alola, M|
|poke|p1|Garchomp, F|
|poke|p1|Glimmora, M|
|poke|p2|Araquanid, F|
|poke|p2|Ogerpon-Cornerstone, F|
|poke|p2|Great Tusk|
|poke|p2|Pecharunt|
|poke|p2|Dragonite, F|
|poke|p2|Kingambit, F|
|teampreview
|inactive|Battle timer is ON: inactive players will automatically lose when time's up. (requested by memecookieree)
|
|t:|1743919563
|start
|switch|p1a: Conkeldurr|Conkeldurr, F|100/100
|switch|p2a: Araquanid|Araquanid, F|100/100
|turn|1
|
|t:|1743919570
|move|p1a: Conkeldurr|Rock Slide|p2a: Araquanid
|-supereffective|p2a: Araquanid
|-damage|p2a: Araquanid|0 fnt
|faint|p2a: Araquanid
|
|upkeep
|
|t:|1743919581
|switch|p2a: Pecharunt|Pecharunt|100/100
|turn|2
|
|t:|1743919585
|switch|p1a: Gholdengo|Gholdengo|100/100
|move|p2a: Pecharunt|Malignant Chain|p1a: Gholdengo
|-immune|p1a: Gholdengo
|
|upkeep
|turn|3
|
|t:|1743919590
|move|p2a: Pecharunt|Shadow Ball|p1a: Gholdengo
|-supereffective|p1a: Gholdengo
|-damage|p1a: Gholdengo|54/100
|move|p1a: Gholdengo|Shadow Ball|p2a: Pecharunt
|-supereffective|p2a: Pecharunt
|-damage|p2a: Pecharunt|35/100
|
|-heal|p1a: Gholdengo|60/100|[from] item: Leftovers
|upkeep
|turn|4
|
|t:|1743919596
|switch|p2a: Kingambit|Kingambit, F|100/100
|-activate|p2a: Kingambit|ability: Supreme Overlord
|-start|p2a: Kingambit|fallen1|[silent]
|-item|p2a: Kingambit|Air Balloon
|move|p1a: Gholdengo|Shadow Ball|p2a: Kingambit
|-resisted|p2a: Kingambit
|-damage|p2a: Kingambit|80/100
|-unboost|p2a: Kingambit|spd|1
|-enditem|p2a: Kingambit|Air Balloon
|
|-heal|p1a: Gholdengo|66/100|[from] item: Leftovers
|upkeep
|turn|5
|
|t:|1743919599
|switch|p1a: Garchomp|Garchomp, F|100/100
|move|p2a: Kingambit|Iron Head|p1a: Garchomp
|-damage|p1a: Garchomp|66/100
|-damage|p2a: Kingambit|68/100|[from] ability: Rough Skin|[of] p1a: Garchomp
|-damage|p2a: Kingambit|51/100|[from] item: Rocky Helmet|[of] p1a: Garchomp
|
|upkeep
|turn|6
|
|t:|1743919606
|-end|p2a: Kingambit|fallen1|[silent]
|switch|p2a: Great Tusk|Great Tusk|100/100
|-enditem|p2a: Great Tusk|Booster Energy
|-activate|p2a: Great Tusk|ability: Protosynthesis|[fromitem]
|-start|p2a: Great Tusk|protosynthesisatk
|move|p1a: Garchomp|Stealth Rock|p2a: Great Tusk
|-sidestart|p2: memecookieree|move: Stealth Rock
|
|upkeep
|turn|7
|
|t:|1743919610
|move|p2a: Great Tusk|Bulk Up|p2a: Great Tusk
|-boost|p2a: Great Tusk|atk|1
|-boost|p2a: Great Tusk|def|1
|move|p1a: Garchomp|Dragon Tail|p2a: Great Tusk
|-damage|p2a: Great Tusk|86/100
|-end|p2a: Great Tusk|Protosynthesis|[silent]
|drag|p2a: Pecharunt|Pecharunt|35/100
|
|upkeep
|turn|8
|
|t:|1743919615
|move|p2a: Pecharunt|Recover|p2a: Pecharunt
|-heal|p2a: Pecharunt|85/100
|move|p1a: Garchomp|Earthquake|p2a: Pecharunt
|-supereffective|p2a: Pecharunt
|-damage|p2a: Pecharunt|33/100
|
|upkeep
|turn|9
|
|t:|1743919618
|move|p2a: Pecharunt|Parting Shot|p1a: Garchomp
|-unboost|p1a: Garchomp|atk|1
|-unboost|p1a: Garchomp|spa|1
|
|t:|1743919619
|switch|p2a: Great Tusk|Great Tusk|86/100|[from] Parting Shot
|-damage|p2a: Great Tusk|83/100|[from] Stealth Rock
|move|p1a: Garchomp|Earthquake|p2a: Great Tusk
|-damage|p2a: Great Tusk|58/100
|
|upkeep
|turn|10
|
|t:|1743919625
|switch|p1a: Ninetales|Ninetales-Alola, M|100/100
|-weather|Snowscape|[from] ability: Snow Warning|[of] p1a: Ninetales
|move|p2a: Great Tusk|Ice Spinner|p1a: Ninetales
|-resisted|p1a: Ninetales
|-damage|p1a: Ninetales|86/100
|
|-weather|Snowscape|[upkeep]
|upkeep
|turn|11
|
|t:|1743919633
|-end|p2a: Great Tusk|Protosynthesis|[silent]
|switch|p2a: Ogerpon|Ogerpon-Cornerstone, F|100/100
|-damage|p2a: Ogerpon|88/100|[from] Stealth Rock
|move|p1a: Ninetales|Moonblast|p2a: Ogerpon
|-damage|p2a: Ogerpon|49/100
|
|-weather|Snowscape|[upkeep]
|upkeep
|turn|12
|
|t:|1743919636
|switch|p1a: Garchomp|Garchomp, F|66/100
|move|p2a: Ogerpon|Ivy Cudgel|p1a: Garchomp|[anim] Ivy Cudgel Rock
|-resisted|p1a: Garchomp
|-damage|p1a: Garchomp|46/100
|
|-weather|Snowscape|[upkeep]
|upkeep
|turn|13
|
|t:|1743919641
|move|p2a: Ogerpon|Power Whip|p1a: Garchomp
|-damage|p1a: Garchomp|0 fnt
|-damage|p2a: Ogerpon|37/100|[from] ability: Rough Skin|[of] p1a: Garchomp
|-damage|p2a: Ogerpon|20/100|[from] item: Rocky Helmet|[of] p1a: Garchomp
|faint|p1a: Garchomp
|
|-weather|Snowscape|[upkeep]
|upkeep
|
|t:|1743919647
|switch|p1a: Greninja|Greninja, M|100/100
|turn|14
|
|t:|1743919652
|move|p1a: Greninja|Water Shuriken|p2a: Ogerpon
|-damage|p2a: Ogerpon|11/100
|-damage|p2a: Ogerpon|2/100
|-damage|p2a: Ogerpon|0 fnt
|faint|p2a: Ogerpon
|-ability|p1a: Greninja|Battle Bond|boost
|-boost|p1a: Greninja|atk|1
|-boost|p1a: Greninja|spa|1
|-boost|p1a: Greninja|spe|1
|-activate|p1a: Greninja|ability: Battle Bond
|-hitcount|p2: Ogerpon|3
|
|-weather|none
|upkeep
|
|t:|1743919658
|switch|p2a: Dragonite|Dragonite, F|100/100
|-damage|p2a: Dragonite|76/100|[from] Stealth Rock
|turn|15
|
|t:|1743919663
|-terastallize|p2a: Dragonite|Fire
|move|p1a: Greninja|Ice Beam|p2a: Dragonite
|-resisted|p2a: Dragonite
|-damage|p2a: Dragonite|52/100
|move|p2a: Dragonite|Scale Shot|p1a: Greninja
|-damage|p1a: Greninja|76/100
|-damage|p1a: Greninja|53/100
|-damage|p1a: Greninja|27/100
|-damage|p1a: Greninja|3/100
|-hitcount|p1a: Greninja|4
|-unboost|p2a: Dragonite|def|1
|-boost|p2a: Dragonite|spe|1
|
|upkeep
|turn|16
|
|t:|1743919670
|move|p2a: Dragonite|Extreme Speed|p1a: Greninja
|-damage|p1a: Greninja|0 fnt
|faint|p1a: Greninja
|
|upkeep
|
|t:|1743919673
|switch|p1a: Glimmora|Glimmora, M|100/100
|-item|p1a: Glimmora|Air Balloon
|turn|17
|
|t:|1743919683
|switch|p2a: Great Tusk|Great Tusk|58/100
|-damage|p2a: Great Tusk|55/100|[from] Stealth Rock
|move|p1a: Glimmora|Earth Power|p2a: Great Tusk
|-damage|p2a: Great Tusk|15/100
|-unboost|p2a: Great Tusk|spd|1
|
|upkeep
|turn|18
|
|t:|1743919690
|move|p1a: Glimmora|Protect|p1a: Glimmora
|-singleturn|p1a: Glimmora|Protect
|move|p2a: Great Tusk|Rapid Spin|p1a: Glimmora
|-activate|p1a: Glimmora|move: Protect
|
|upkeep
|turn|19
|
|t:|1743919693
|-terastallize|p1a: Glimmora|Ghost
|move|p2a: Great Tusk|Headlong Rush|p1a: Glimmora
|-immune|p1a: Glimmora
|move|p1a: Glimmora|Earth Power|p2a: Great Tusk
|-damage|p2a: Great Tusk|0 fnt
|faint|p2a: Great Tusk
|-end|p2a: Great Tusk|Protosynthesis|[silent]
|
|upkeep
|
|t:|1743919696
|switch|p2a: Pecharunt|Pecharunt|33/100
|turn|20
|
|t:|1743919698
|move|p2a: Pecharunt|Shadow Ball|p1a: Glimmora
|-supereffective|p1a: Glimmora
|-damage|p1a: Glimmora|42/100
|-enditem|p1a: Glimmora|Air Balloon
|move|p1a: Glimmora|Earth Power|p2a: Pecharunt
|-supereffective|p2a: Pecharunt
|-damage|p2a: Pecharunt|0 fnt
|faint|p2a: Pecharunt
|
|upkeep
|
|t:|1743919704
|switch|p2a: Dragonite|Dragonite, F, tera:Fire|52/100
|-damage|p2a: Dragonite|27/100|[from] Stealth Rock
|turn|21
|
|t:|1743919709
|move|p1a: Glimmora|Earth Power|p2a: Dragonite
|-supereffective|p2a: Dragonite
|-damage|p2a: Dragonite|0 fnt
|faint|p2a: Dragonite
|
|upkeep
|
|t:|1743919711
|switch|p2a: Kingambit|Kingambit, F|51/100
|-damage|p2a: Kingambit|45/100|[from] Stealth Rock
|-activate|p2a: Kingambit|ability: Supreme Overlord
|-start|p2a: Kingambit|fallen5|[silent]
|turn|22
|
|t:|1743919714
|switch|p1a: Ninetales|Ninetales-Alola, M|86/100
|-weather|Snowscape|[from] ability: Snow Warning|[of] p1a: Ninetales
|move|p2a: Kingambit|Swords Dance|p2a: Kingambit
|-boost|p2a: Kingambit|atk|2
|
|-weather|Snowscape|[upkeep]
|upkeep
|turn|23
|
|t:|1743919719
|move|p1a: Ninetales|Encore|p2a: Kingambit
|-start|p2a: Kingambit|Encore
|move|p2a: Kingambit|Swords Dance|p2a: Kingambit
|-boost|p2a: Kingambit|atk|2
|
|-weather|Snowscape|[upkeep]
|upkeep
|turn|24
|-message|memecookieree forfeited.
|
|win|mamabama
|raw|mamabama's rating: 1552 &rarr; <strong>1570</strong><br />(+18 for winning)
|raw|memecookieree's rating: 1516 &rarr; <strong>1498</strong><br />(-18 for losing)
|l|☆memecookieree
|player|p2|
|l|☆mamabama
|player|p1|
