|j|☆andrewtb491
|j|☆lovexingyue
|t:|1743876760
|gametype|singles
|player|p1|andrewtb491|266|1454
|player|p2|lovexingyue|hilda|1474
|teamsize|p1|6
|teamsize|p2|6
|gen|9
|tier|[Gen 9] OU
|rated|
|rule|HP Percentage Mod: HP is shown in percentages
|rule|Endless Battle Clause: Forcing endless battles is banned
|rule|Species Clause: Limit one of each Pokémon
|rule|OHKO Clause: OHKO moves are banned
|rule|Evasion Items Clause: Evasion items are banned
|rule|Evasion Moves Clause: Evasion moves are banned
|rule|Sleep Moves Clause: Sleep-inducing moves are banned
|clearpoke
|poke|p1|Greninja-*, M|
|poke|p1|Landorus-Therian, M|
|poke|p1|Conkeldurr, F|
|poke|p1|Slowking-Galar, F|
|poke|p1|Cinderace, F|
|poke|p1|Dragapult, M|
|poke|p2|Moltres|
|poke|p2|Gholdengo|
|poke|p2|Samurott-Hisui, M|
|poke|p2|Iron Treads|
|poke|p2|Serperior, M|
|poke|p2|Iron Moth|
|teampreview
|
|t:|1743876779
|start
|switch|p1a: Conkeldurr|Conkeldurr, F|100/100
|switch|p2a: Samurott|Samurott-Hisui, M, shiny|100/100
|turn|1
|
|t:|1743876793
|switch|p2a: Moltres|Moltres|100/100
|move|p1a: Conkeldurr|Knock Off|p2a: Moltres
|-damage|p2a: Moltres|68/100
|-enditem|p2a: Moltres|Heavy-Duty Boots|[from] move: Knock Off|[of] p1a: Conkeldurr
|
|-status|p1a: Conkeldurr|brn|[from] item: Flame Orb
|upkeep
|turn|2
|
|t:|1743876807
|switch|p1a: Slowking|Slowking-Galar, F|100/100
|move|p2a: Moltres|Hurricane|p1a: Slowking
|-damage|p1a: Slowking|61/100
|-start|p1a: Slowking|confusion
|
|-heal|p1a: Slowking|67/100|[from] item: Leftovers
|upkeep
|turn|3
|
|t:|1743876817
|move|p2a: Moltres|Roost|p2a: Moltres
|-heal|p2a: Moltres|100/100
|-singleturn|p2a: Moltres|move: Roost
|-prepare|p1a: Slowking|Chilly Reception|[premajor]
|-activate|p1a: Slowking|confusion
|move|p1a: Slowking|Chilly Reception|p1a: Slowking
|-weather|Snowscape
|
|t:|1743876824
|switch|p1a: Dragapult|Dragapult, M|100/100|[from] Chilly Reception
|
|-weather|Snowscape|[upkeep]
|upkeep
|turn|4
|
|t:|1743876842
|switch|p2a: Samurott|Samurott-Hisui, M, shiny|100/100
|move|p1a: Dragapult|Draco Meteor|p2a: Samurott
|-damage|p2a: Samurott|0 fnt
|-unboost|p1a: Dragapult|spa|2
|faint|p2a: Samurott
|
|-weather|Snowscape|[upkeep]
|upkeep
|
|t:|1743876869
|switch|p2a: Serperior|Serperior, M, shiny|100/100
|turn|5
|
|t:|1743876877
|switch|p1a: Slowking|Slowking-Galar, F|99/100
|move|p2a: Serperior|Glare|p1a: Slowking
|-status|p1a: Slowking|par
|
|-weather|Snowscape|[upkeep]
|-heal|p1a: Slowking|100/100 par|[from] item: Leftovers
|upkeep
|turn|6
|
|t:|1743876886
|move|p2a: Serperior|Substitute|p2a: Serperior
|-start|p2a: Serperior|Substitute
|-damage|p2a: Serperior|76/100
|move|p1a: Slowking|Future Sight|p2a: Serperior
|-start|p1a: Slowking|move: Future Sight
|
|-weather|Snowscape|[upkeep]
|-heal|p2a: Serperior|82/100|[from] item: Leftovers
|upkeep
|turn|7
|
|t:|1743876894
|move|p2a: Serperior|Leaf Storm|p1a: Slowking
|-resisted|p1a: Slowking
|-damage|p1a: Slowking|84/100 par
|-boost|p2a: Serperior|spa|2
|move|p1a: Slowking|Sludge Bomb|p2a: Serperior
|-supereffective|p2a: Serperior
|-end|p2a: Serperior|Substitute
|
|-weather|none
|-heal|p2a: Serperior|88/100|[from] item: Leftovers
|-heal|p1a: Slowking|90/100 par|[from] item: Leftovers
|upkeep
|turn|8
|
|t:|1743876907
|move|p2a: Serperior|Substitute|p2a: Serperior
|-start|p2a: Serperior|Substitute
|-damage|p2a: Serperior|63/100
|-prepare|p1a: Slowking|Chilly Reception|[premajor]
|move|p1a: Slowking|Chilly Reception|p1a: Slowking
|-weather|Snowscape
|
|t:|1743876913
|switch|p1a: Dragapult|Dragapult, M|100/100|[from] Chilly Reception
|
|-weather|Snowscape|[upkeep]
|-end|p2a: Serperior|move: Future Sight
|-end|p2a: Serperior|Substitute
|-heal|p2a: Serperior|69/100|[from] item: Leftovers
|upkeep
|turn|9
|
|t:|1743876927
|switch|p2a: Moltres|Moltres|100/100
|move|p1a: Dragapult|Draco Meteor|p2a: Moltres
|-damage|p2a: Moltres|18/100
|-unboost|p1a: Dragapult|spa|2
|
|-weather|Snowscape|[upkeep]
|upkeep
|turn|10
|
|t:|1743876938
|switch|p2a: Iron Treads|Iron Treads, shiny|100/100
|-item|p2a: Iron Treads|Air Balloon
|move|p1a: Dragapult|Draco Meteor|p2a: Iron Treads
|-resisted|p2a: Iron Treads
|-damage|p2a: Iron Treads|70/100
|-unboost|p1a: Dragapult|spa|2
|-enditem|p2a: Iron Treads|Air Balloon
|
|-weather|Snowscape|[upkeep]
|upkeep
|turn|11
|
|t:|1743876955
|switch|p1a: Conkeldurr|Conkeldurr, F|100/100 brn
|move|p2a: Iron Treads|Ice Spinner|p1a: Conkeldurr
|-damage|p1a: Conkeldurr|78/100 brn
|
|-weather|Snowscape|[upkeep]
|-damage|p1a: Conkeldurr|72/100 brn|[from] brn
|upkeep
|turn|12
|
|t:|1743876966
|-end|p2a: Iron Treads|Quark Drive|[silent]
|switch|p2a: Gholdengo|Gholdengo, shiny|100/100
|-item|p2a: Gholdengo|Air Balloon
|move|p1a: Conkeldurr|Knock Off|p2a: Gholdengo
|-supereffective|p2a: Gholdengo
|-damage|p2a: Gholdengo|18/100
|-enditem|p2a: Gholdengo|Air Balloon
|
|-weather|none
|-damage|p1a: Conkeldurr|66/100 brn|[from] brn
|upkeep
|turn|13
|
|t:|1743876982
|switch|p1a: Cinderace|Cinderace, F|100/100
|move|p2a: Gholdengo|Recover|p2a: Gholdengo
|-heal|p2a: Gholdengo|68/100
|
|upkeep
|turn|14
|
|t:|1743876990
|-terastallize|p2a: Gholdengo|Flying
|move|p1a: Cinderace|Pyro Ball|p2a: Gholdengo
|-damage|p2a: Gholdengo|26/100
|move|p2a: Gholdengo|Thunder Wave|p1a: Cinderace
|-status|p1a: Cinderace|par
|
|upkeep
|turn|15
|
|t:|1743876999
|move|p2a: Gholdengo|Recover|p2a: Gholdengo
|-heal|p2a: Gholdengo|76/100
|move|p1a: Cinderace|U-turn|p2a: Gholdengo
|-start|p1a: Cinderace|typechange|Bug|[from] ability: Libero
|-resisted|p2a: Gholdengo
|-damage|p2a: Gholdengo|65/100
|
|t:|1743877009
|switch|p1a: Dragapult|Dragapult, M|100/100|[from] U-turn
|
|upkeep
|turn|16
|
|t:|1743877019
|switch|p2a: Moltres|Moltres|18/100
|move|p1a: Dragapult|Draco Meteor|p2a: Moltres
|-damage|p2a: Moltres|0 fnt
|-unboost|p1a: Dragapult|spa|2
|faint|p2a: Moltres
|
|upkeep
|
|t:|1743877029
|switch|p2a: Iron Treads|Iron Treads, shiny|70/100
|turn|17
|
|t:|1743877035
|switch|p1a: Conkeldurr|Conkeldurr, F|66/100 brn
|move|p2a: Iron Treads|Stealth Rock|p1a: Conkeldurr
|-sidestart|p1: andrewtb491|move: Stealth Rock
|
|-damage|p1a: Conkeldurr|60/100 brn|[from] brn
|upkeep
|turn|18
|
|t:|1743877050
|move|p2a: Iron Treads|Earthquake|p1a: Conkeldurr
|-damage|p1a: Conkeldurr|18/100 brn
|move|p1a: Conkeldurr|Ice Punch|p2a: Iron Treads
|-crit|p2a: Iron Treads
|-damage|p2a: Iron Treads|6/100
|
|-damage|p1a: Conkeldurr|12/100 brn|[from] brn
|upkeep
|turn|19
|
|t:|1743877063
|-end|p2a: Iron Treads|Quark Drive|[silent]
|switch|p2a: Iron Moth|Iron Moth|100/100
|move|p1a: Conkeldurr|Mach Punch|p2a: Iron Moth
|-resisted|p2a: Iron Moth
|-damage|p2a: Iron Moth|70/100
|
|-damage|p1a: Conkeldurr|6/100 brn|[from] brn
|upkeep
|turn|20
|
|t:|1743877074
|-end|p2a: Iron Moth|Quark Drive|[silent]
|switch|p2a: Gholdengo|Gholdengo, shiny, tera:Flying|65/100
|move|p1a: Conkeldurr|Mach Punch|p2a: Gholdengo
|-resisted|p2a: Gholdengo
|-damage|p2a: Gholdengo|52/100
|
|-damage|p1a: Conkeldurr|0 fnt|[from] brn
|faint|p1a: Conkeldurr
|upkeep
|
|t:|1743877084
|switch|p1a: Greninja|Greninja, M|100/100
|-damage|p1a: Greninja|88/100|[from] Stealth Rock
|turn|21
|
|t:|1743877091
|-terastallize|p1a: Greninja|Water
|move|p1a: Greninja|Surf|p2a: Gholdengo
|-damage|p2a: Gholdengo|0 fnt
|faint|p2a: Gholdengo
|-ability|p1a: Greninja|Battle Bond|boost
|-boost|p1a: Greninja|atk|1
|-boost|p1a: Greninja|spa|1
|-boost|p1a: Greninja|spe|1
|-activate|p1a: Greninja|ability: Battle Bond
|-damage|p1a: Greninja|78/100|[from] item: Life Orb
|
|upkeep
|
|t:|1743877105
|switch|p2a: Serperior|Serperior, M, shiny|69/100
|turn|22
|
|t:|1743877111
|move|p1a: Greninja|Ice Beam|p2a: Serperior
|-supereffective|p2a: Serperior
|-damage|p2a: Serperior|0 fnt
|faint|p2a: Serperior
|-damage|p1a: Greninja|69/100|[from] item: Life Orb
|
|upkeep
|
|t:|1743877118
|switch|p2a: Iron Moth|Iron Moth|70/100
|turn|23
|
|t:|1743877129
|move|p1a: Greninja|Surf|p2a: Iron Moth
|-supereffective|p2a: Iron Moth
|-damage|p2a: Iron Moth|0 fnt
|faint|p2a: Iron Moth
|-end|p2a: Iron Moth|Quark Drive|[silent]
|-damage|p1a: Greninja|59/100|[from] item: Life Orb
|
|upkeep
|
|t:|1743877135
|switch|p2a: Iron Treads|Iron Treads, shiny|6/100
|turn|24
|
|t:|1743877139
|move|p1a: Greninja|Surf|p2a: Iron Treads
|-supereffective|p2a: Iron Treads
|-damage|p2a: Iron Treads|0 fnt
|faint|p2a: Iron Treads
|-end|p2a: Iron Treads|Quark Drive|[silent]
|-damage|p1a: Greninja|49/100|[from] item: Life Orb
|
|win|andrewtb491
|raw|andrewtb491's rating: 1454 &rarr; <strong>1475</strong><br />(+21 for winning)
|raw|lovexingyue's rating: 1474 &rarr; <strong>1453</strong><br />(-21 for losing)
|l|☆lovexingyue
|player|p2|
