|j|☆SIGM4
|j|☆Velvety Worm
|t:|1743852115
|gametype|singles
|player|p1|SIGM4|gentleman-gen4|1222
|player|p2|Velvety Worm|pokemaniac|1185
|teamsize|p1|6
|teamsize|p2|6
|gen|9
|tier|[Gen 9] OU
|rated|
|rule|HP Percentage Mod: HP is shown in percentages
|rule|Endless Battle Clause: Forcing endless battles is banned
|rule|Species Clause: Limit one of each Pokémon
|rule|OHKO Clause: OHKO moves are banned
|rule|Evasion Items Clause: Evasion items are banned
|rule|Evasion Moves Clause: Evasion moves are banned
|rule|Sleep Moves Clause: Sleep-inducing moves are banned
|clearpoke
|poke|p1|Iron Moth|
|poke|p1|Umbreon, F|
|poke|p1|Kingambit, F|
|poke|p1|Rillaboom, F|
|poke|p1|Slowking, M|
|poke|p1|Great Tusk|
|poke|p2|Goodra-Hisui, M|
|poke|p2|Gastrodon, F|
|poke|p2|Comfey, M|
|poke|p2|Ceruledge, M|
|poke|p2|Weavile, M|
|poke|p2|Weezing-Galar, F|
|teampreview
|
|t:|1743852141
|start
|switch|p1a: Umbreon|Umbreon, F, shiny|100/100
|switch|p2a: Weavile|Weavile, M|100/100
|-ability|p2a: Weavile|Pressure
|turn|1
|
|t:|1743852150
|move|p2a: Weavile|Low Kick|p1a: Umbreon
|-supereffective|p1a: Umbreon
|-damage|p1a: Umbreon|69/100
|-damage|p2a: Weavile|91/100|[from] item: Life Orb
|move|p1a: Umbreon|Toxic|p2a: Weavile
|-status|p2a: Weavile|tox
|
|-heal|p1a: Umbreon|75/100|[from] item: Leftovers
|-damage|p2a: Weavile|84/100 tox|[from] psn
|upkeep
|turn|2
|
|t:|1743852162
|move|p1a: Umbreon|Protect|p1a: Umbreon
|-singleturn|p1a: Umbreon|Protect
|move|p2a: Weavile|Knock Off|p1a: Umbreon
|-activate|p1a: Umbreon|move: Protect
|
|-heal|p1a: Umbreon|81/100|[from] item: Leftovers
|-damage|p2a: Weavile|72/100 tox|[from] psn
|upkeep
|turn|3
|
|t:|1743852172
|switch|p2a: Weezing|Weezing-Galar, F|100/100
|-ability|p2a: Weezing|Neutralizing Gas
|move|p1a: Umbreon|Foul Play|p2a: Weezing
|-resisted|p2a: Weezing
|-damage|p2a: Weezing|90/100
|
|-heal|p1a: Umbreon|87/100|[from] item: Leftovers
|upkeep
|turn|4
|
|t:|1743852185
|switch|p1a: bite-de-fer|Iron Moth|100/100
|move|p2a: Weezing|Strange Steam|p1a: bite-de-fer
|-resisted|p1a: bite-de-fer
|-damage|p1a: bite-de-fer|94/100
|
|upkeep
|turn|5
|
|t:|1743852216
|-end|p2a: Weezing|ability: Neutralizing Gas
|switch|p2a: Gastrodon|Gastrodon, F|100/100
|move|p1a: bite-de-fer|Overheat|p2a: Gastrodon
|-resisted|p2a: Gastrodon
|-damage|p2a: Gastrodon|53/100
|-unboost|p1a: bite-de-fer|spa|2
|
|-heal|p2a: Gastrodon|59/100|[from] item: Leftovers
|upkeep
|turn|6
|
|t:|1743852275
|-end|p1a: bite-de-fer|Quark Drive|[silent]
|switch|p1a: Jack|Rillaboom, F|100/100
|-fieldstart|move: Grassy Terrain|[from] ability: Grassy Surge|[of] p1a: Jack
|move|p2a: Gastrodon|Earth Power|p1a: Jack
|-resisted|p1a: Jack
|-damage|p1a: Jack|74/100
|
|-heal|p1a: Jack|80/100|[from] Grassy Terrain
|-heal|p2a: Gastrodon|65/100|[from] Grassy Terrain
|-heal|p2a: Gastrodon|71/100|[from] item: Leftovers
|upkeep
|turn|7
|
|t:|1743852294
|switch|p2a: Goodra|Goodra-Hisui, M|100/100
|move|p1a: Jack|Earthquake|p2a: Goodra
|-supereffective|p2a: Goodra
|-damage|p2a: Goodra|53/100
|
|-heal|p1a: Jack|86/100|[from] Grassy Terrain
|-heal|p2a: Goodra|59/100|[from] Grassy Terrain
|upkeep
|turn|8
|
|t:|1743852306
|move|p1a: Jack|Earthquake|p2a: Goodra
|-supereffective|p2a: Goodra
|-damage|p2a: Goodra|11/100
|move|p2a: Goodra|Gyro Ball|p1a: Jack
|-damage|p1a: Jack|57/100
|
|-heal|p1a: Jack|63/100|[from] Grassy Terrain
|-heal|p2a: Goodra|17/100|[from] Grassy Terrain
|upkeep
|turn|9
|
|t:|1743852317
|switch|p2a: Comfey|Comfey, M|100/100
|move|p1a: Jack|Earthquake|p2a: Comfey
|-damage|p2a: Comfey|64/100
|
|-heal|p2a: Comfey|70/100|[from] Grassy Terrain
|-heal|p1a: Jack|69/100|[from] Grassy Terrain
|upkeep
|turn|10
|
|t:|1743852328
|switch|p1a: Umbreon|Umbreon, F, shiny|87/100
|move|p2a: Comfey|Calm Mind|p2a: Comfey
|-boost|p2a: Comfey|spa|1
|-boost|p2a: Comfey|spd|1
|
|-heal|p2a: Comfey|76/100|[from] Grassy Terrain
|-heal|p1a: Umbreon|93/100|[from] Grassy Terrain
|-heal|p1a: Umbreon|99/100|[from] item: Leftovers
|-fieldend|move: Grassy Terrain
|upkeep
|turn|11
|
|t:|1743852350
|switch|p2a: Goodra|Goodra-Hisui, M|17/100
|-terastallize|p1a: Umbreon|Fairy
|move|p1a: Umbreon|Toxic|p2a: Goodra
|-immune|p2a: Goodra
|
|-heal|p1a: Umbreon|100/100|[from] item: Leftovers
|upkeep
|turn|12
|
|t:|1743852366
|switch|p1a: flopman|Slowking, M|100/100
|move|p2a: Goodra|Gyro Ball|p1a: flopman
|-resisted|p1a: flopman
|-damage|p1a: flopman|96/100
|
|-heal|p1a: flopman|100/100|[from] item: Leftovers
|upkeep
|turn|13
|
|t:|1743852384
|move|p2a: Goodra|Thunderbolt|p1a: flopman
|-supereffective|p1a: flopman
|-damage|p1a: flopman|63/100
|move|p1a: flopman|Scald|p2a: Goodra
|-resisted|p2a: Goodra
|-crit|p2a: Goodra
|-damage|p2a: Goodra|7/100
|
|-heal|p1a: flopman|70/100|[from] item: Leftovers
|upkeep
|turn|14
|
|t:|1743852397
|move|p2a: Goodra|Thunderbolt|p1a: flopman
|-supereffective|p1a: flopman
|-damage|p1a: flopman|36/100
|move|p1a: flopman|Scald|p2a: Goodra
|-resisted|p2a: Goodra
|-damage|p2a: Goodra|0 fnt
|faint|p2a: Goodra
|
|-heal|p1a: flopman|42/100|[from] item: Leftovers
|upkeep
|
|t:|1743852403
|switch|p2a: Weavile|Weavile, M|72/100 tox
|-ability|p2a: Weavile|Pressure
|turn|15
|
|t:|1743852412
|switch|p1a: Umbreon|Umbreon, F, shiny, tera:Fairy|100/100
|move|p2a: Weavile|Knock Off|p1a: Umbreon
|-resisted|p1a: Umbreon
|-damage|p1a: Umbreon|82/100
|-enditem|p1a: Umbreon|Leftovers|[from] move: Knock Off|[of] p2a: Weavile
|-damage|p2a: Weavile|62/100 tox|[from] item: Life Orb
|
|-damage|p2a: Weavile|56/100 tox|[from] psn
|upkeep
|turn|16
|
|t:|1743852429
|move|p2a: Weavile|Icicle Crash|p1a: Umbreon
|-damage|p1a: Umbreon|50/100
|-damage|p2a: Weavile|46/100 tox|[from] item: Life Orb
|move|p1a: Umbreon|Foul Play|p2a: Weavile
|-resisted|p2a: Weavile
|-crit|p2a: Weavile
|-damage|p2a: Weavile|0 fnt
|faint|p2a: Weavile
|
|upkeep
|
|t:|1743852443
|switch|p2a: Weezing|Weezing-Galar, F|90/100
|-ability|p2a: Weezing|Neutralizing Gas
|turn|17
|
|t:|1743852467
|switch|p1a: bite-de-fer|Iron Moth|94/100
|move|p2a: Weezing|Will-O-Wisp|p1a: bite-de-fer
|-immune|p1a: bite-de-fer
|
|upkeep
|turn|18
|
|t:|1743852483
|-end|p2a: Weezing|ability: Neutralizing Gas
|switch|p2a: Comfey|Comfey, M|76/100
|move|p1a: bite-de-fer|Energy Ball|p2a: Comfey
|-damage|p2a: Comfey|11/100
|
|upkeep
|turn|19
|
|t:|1743852496
|move|p2a: Comfey|Draining Kiss|p1a: bite-de-fer
|-resisted|p1a: bite-de-fer
|-crit|p1a: bite-de-fer
|-damage|p1a: bite-de-fer|85/100
|-heal|p2a: Comfey|19/100|[from] drain|[of] p1a: bite-de-fer
|-damage|p2a: Comfey|10/100|[from] item: Life Orb
|move|p1a: bite-de-fer|Energy Ball|p2a: Comfey
|-damage|p2a: Comfey|0 fnt
|faint|p2a: Comfey
|
|upkeep
|
|t:|1743852499
|switch|p2a: Ceruledge|Ceruledge, M|100/100
|turn|20
|
|t:|1743852518
|-end|p1a: bite-de-fer|Quark Drive|[silent]
|switch|p1a: flopman|Slowking, M|75/100
|move|p2a: Ceruledge|Swords Dance|p2a: Ceruledge
|-boost|p2a: Ceruledge|atk|2
|
|-heal|p1a: flopman|81/100|[from] item: Leftovers
|upkeep
|turn|21
|
|t:|1743852531
|move|p2a: Ceruledge|Shadow Sneak|p1a: flopman
|-supereffective|p1a: flopman
|-damage|p1a: flopman|25/100
|move|p1a: flopman|Scald|p2a: Ceruledge
|-supereffective|p2a: Ceruledge
|-damage|p2a: Ceruledge|42/100
|
|-heal|p1a: flopman|31/100|[from] item: Leftovers
|upkeep
|turn|22
|
|t:|1743852541
|switch|p1a: Umbreon|Umbreon, F, shiny, tera:Fairy|50/100
|move|p2a: Ceruledge|Shadow Sneak|p1a: Umbreon
|-damage|p1a: Umbreon|22/100
|
|upkeep
|turn|23
|
|t:|1743852550
|move|p2a: Ceruledge|Shadow Sneak|p1a: Umbreon
|-damage|p1a: Umbreon|0 fnt
|faint|p1a: Umbreon
|
|upkeep
|
|t:|1743852555
|switch|p1a: bite-de-fer|Iron Moth|85/100
|turn|24
|
|t:|1743852565
|move|p1a: bite-de-fer|Dazzling Gleam|p2a: Ceruledge
|-resisted|p2a: Ceruledge
|-damage|p2a: Ceruledge|18/100
|move|p2a: Ceruledge|Bitter Blade|p1a: bite-de-fer
|-resisted|p1a: bite-de-fer
|-crit|p1a: bite-de-fer
|-damage|p1a: bite-de-fer|0 fnt
|-heal|p2a: Ceruledge|62/100|[from] drain|[of] p1a: bite-de-fer
|faint|p1a: bite-de-fer
|-end|p1a: bite-de-fer|Quark Drive|[silent]
|
|upkeep
|
|t:|1743852575
|switch|p1a: Great Tusk|Great Tusk|100/100
|turn|25
|
|t:|1743852585
|-terastallize|p2a: Ceruledge|Stellar
|move|p2a: Ceruledge|Shadow Sneak|p1a: Great Tusk
|-damage|p1a: Great Tusk|58/100
|move|p1a: Great Tusk|Headlong Rush|p2a: Ceruledge
|-supereffective|p2a: Ceruledge
|-damage|p2a: Ceruledge|0 fnt
|-unboost|p1a: Great Tusk|def|1
|-unboost|p1a: Great Tusk|spd|1
|faint|p2a: Ceruledge
|
|upkeep
|
|t:|1743852592
|switch|p2a: Gastrodon|Gastrodon, F|71/100
|turn|26
|
|t:|1743852640
|-end|p1a: Great Tusk|Protosynthesis|[silent]
|switch|p1a: Jack|Rillaboom, F|69/100
|-fieldstart|move: Grassy Terrain|[from] ability: Grassy Surge|[of] p1a: Jack
|move|p2a: Gastrodon|Muddy Water|p1a: Jack
|-resisted|p1a: Jack
|-damage|p1a: Jack|44/100
|-unboost|p1a: Jack|accuracy|1
|
|-heal|p1a: Jack|51/100|[from] Grassy Terrain
|-heal|p2a: Gastrodon|77/100|[from] Grassy Terrain
|-heal|p2a: Gastrodon|83/100|[from] item: Leftovers
|upkeep
|turn|27
|
|t:|1743852656
|move|p1a: Jack|Earthquake|p2a: Gastrodon|[miss]
|-miss|p1a: Jack|p2a: Gastrodon
|move|p2a: Gastrodon|Sludge Bomb|p1a: Jack
|-supereffective|p1a: Jack
|-damage|p1a: Jack|0 fnt
|faint|p1a: Jack
|
|-heal|p2a: Gastrodon|89/100|[from] Grassy Terrain
|-heal|p2a: Gastrodon|95/100|[from] item: Leftovers
|upkeep
|
|t:|1743852671
|switch|p1a: Great Tusk|Great Tusk|58/100
|turn|28
|
|t:|1743852680
|move|p1a: Great Tusk|Headlong Rush|p2a: Gastrodon
|-damage|p2a: Gastrodon|21/100
|-unboost|p1a: Great Tusk|def|1
|-unboost|p1a: Great Tusk|spd|1
|move|p2a: Gastrodon|Muddy Water|p1a: Great Tusk
|-supereffective|p1a: Great Tusk
|-damage|p1a: Great Tusk|0 fnt
|faint|p1a: Great Tusk
|-end|p1a: Great Tusk|Protosynthesis|[silent]
|
|-heal|p2a: Gastrodon|27/100|[from] Grassy Terrain
|-heal|p2a: Gastrodon|34/100|[from] item: Leftovers
|upkeep
|
|t:|1743852692
|switch|p1a: Mifune|Kingambit, F|100/100
|-activate|p1a: Mifune|ability: Supreme Overlord
|-start|p1a: Mifune|fallen4|[silent]
|turn|29
|
|t:|1743852699
|move|p1a: Mifune|Sucker Punch||[still]
|-fail|p1a: Mifune
|move|p2a: Gastrodon|Recover|p2a: Gastrodon
|-heal|p2a: Gastrodon|84/100
|
|-heal|p2a: Gastrodon|90/100|[from] Grassy Terrain
|-heal|p2a: Gastrodon|96/100|[from] item: Leftovers
|upkeep
|turn|30
|
|t:|1743852708
|move|p1a: Mifune|Swords Dance|p1a: Mifune
|-boost|p1a: Mifune|atk|2
|move|p2a: Gastrodon|Earth Power|p1a: Mifune
|-supereffective|p1a: Mifune
|-damage|p1a: Mifune|23/100
|
|-heal|p1a: Mifune|29/100|[from] Grassy Terrain
|-heal|p1a: Mifune|35/100|[from] item: Leftovers
|-heal|p2a: Gastrodon|100/100|[from] Grassy Terrain
|-fieldend|move: Grassy Terrain
|upkeep
|turn|31
|
|t:|1743852720
|switch|p2a: Weezing|Weezing-Galar, F|90/100
|-ability|p2a: Weezing|Neutralizing Gas
|move|p1a: Mifune|Sucker Punch||[still]
|-fail|p1a: Mifune
|
|-heal|p1a: Mifune|41/100|[from] item: Leftovers
|upkeep
|turn|32
|
|t:|1743852730
|move|p2a: Weezing|Will-O-Wisp|p1a: Mifune
|-status|p1a: Mifune|brn
|move|p1a: Mifune|Iron Head|p2a: Weezing
|-supereffective|p2a: Weezing
|-damage|p2a: Weezing|3/100
|
|-heal|p1a: Mifune|48/100 brn|[from] item: Leftovers
|-damage|p1a: Mifune|41/100 brn|[from] brn
|upkeep
|turn|33
|
|t:|1743852747
|move|p1a: Mifune|Sucker Punch||[still]
|-fail|p1a: Mifune
|move|p2a: Weezing|Pain Split|p1a: Mifune
|-sethp|p1a: Mifune|22/100 brn|[from] move: Pain Split|[silent]
|-sethp|p2a: Weezing|26/100|[from] move: Pain Split
|
|-heal|p1a: Mifune|28/100 brn|[from] item: Leftovers
|-damage|p1a: Mifune|22/100 brn|[from] brn
|upkeep
|turn|34
|
|t:|1743852766
|move|p1a: Mifune|Sucker Punch|p2a: Weezing
|-resisted|p2a: Weezing
|-damage|p2a: Weezing|9/100
|move|p2a: Weezing|Strange Steam|p1a: Mifune
|-damage|p1a: Mifune|0 fnt
|faint|p1a: Mifune
|-end|p1a: Mifune|fallen4|[silent]
|
|upkeep
|-message|SIGM4 forfeited.
|
|win|Velvety Worm
|raw|SIGM4's rating: 1222 &rarr; <strong>1194</strong><br />(-28 for losing)
|raw|Velvety Worm's rating: 1185 &rarr; <strong>1213</strong><br />(+28 for winning)
|l|☆SIGM4
|player|p1|
|l|☆Velvety Worm
|player|p2|
