|j|☆Ball17
|j|☆EchoInTheDrk
|t:|1743827077
|gametype|singles
|player|p1|Ball17|102|1130
|player|p2|EchoInTheDrk|101|1109
|teamsize|p1|6
|teamsize|p2|6
|gen|9
|tier|[Gen 9] OU
|rated|
|rule|HP Percentage Mod: HP is shown in percentages
|rule|Endless Battle Clause: Forcing endless battles is banned
|rule|Species Clause: Limit one of each Pokémon
|rule|OHKO Clause: OHKO moves are banned
|rule|Evasion Items Clause: Evasion items are banned
|rule|Evasion Moves Clause: Evasion moves are banned
|rule|Sleep Moves Clause: Sleep-inducing moves are banned
|clearpoke
|poke|p1|Barraskewda, M|
|poke|p1|Delibird, F|
|poke|p1|Hatterene, F|
|poke|p1|Infernape, M|
|poke|p1|Orthworm, F|
|poke|p1|Iron Hands|
|poke|p2|Samurott-Hisui, F|
|poke|p2|Kingambit, M|
|poke|p2|Great Tusk|
|poke|p2|Slowking, M|
|poke|p2|Maushold|
|poke|p2|Toxapex, M|
|teampreview
|
|t:|1743827093
|start
|switch|p1a: Barraskewda|Barraskewda, M|100/100
|switch|p2a: Mr. Cool|Samurott-Hisui, F|100/100
|turn|1
|
|t:|1743827099
|move|p1a: Barraskewda|Close Combat|p2a: Mr. Cool
|-supereffective|p2a: Mr. Cool
|-enditem|p2a: Mr. Cool|Focus Sash
|-damage|p2a: Mr. Cool|1/100
|-unboost|p1a: Barraskewda|def|1
|-unboost|p1a: Barraskewda|spd|1
|move|p2a: Mr. Cool|Ceaseless Edge|p1a: Barraskewda
|-damage|p1a: Barraskewda|9/100
|-sidestart|p1: Ball17|Spikes
|
|upkeep
|turn|2
|
|t:|1743827114
|move|p2a: Mr. Cool|Aqua Jet|p1a: Barraskewda
|-resisted|p1a: Barraskewda
|-damage|p1a: Barraskewda|0 fnt
|faint|p1a: Barraskewda
|
|upkeep
|
|t:|1743827120
|switch|p1a: Delibird|Delibird, F|100/100
|turn|3
|
|t:|1743827124
|move|p2a: Mr. Cool|Ceaseless Edge|p1a: Delibird
|-damage|p1a: Delibird|14/100
|-sidestart|p1: Ball17|Spikes
|move|p1a: Delibird|Rapid Spin|p2a: Mr. Cool
|-damage|p2a: Mr. Cool|0 fnt
|-boost|p1a: Delibird|spe|1
|-sideend|p1: Ball17|Spikes|[from] move: Rapid Spin|[of] p1a: Delibird
|faint|p2a: Mr. Cool
|
|upkeep
|
|t:|1743827139
|switch|p2a: Credit Card|Maushold|100/100
|turn|4
|
|t:|1743827148
|move|p1a: Delibird|Freeze-Dry|p2a: Credit Card
|-damage|p2a: Credit Card|64/100
|move|p2a: Credit Card|Taunt|p1a: Delibird
|-start|p1a: Delibird|move: Taunt
|
|upkeep
|turn|5
|
|t:|1743827154
|move|p1a: Delibird|Freeze-Dry|p2a: Credit Card
|-damage|p2a: Credit Card|28/100
|move|p2a: Credit Card|Tidy Up|p2a: Credit Card
|-boost|p2a: Credit Card|atk|1
|-boost|p2a: Credit Card|spe|1
|
|upkeep
|turn|6
|
|t:|1743827166
|move|p2a: Credit Card|Population Bomb|p1a: Delibird
|-damage|p1a: Delibird|0 fnt
|faint|p1a: Delibird
|-hitcount|p1: Delibird|1
|
|upkeep
|
|t:|1743827175
|switch|p1a: Hatterene|Hatterene, F|100/100
|turn|7
|
|t:|1743827177
|move|p2a: Credit Card|Population Bomb|p1a: Hatterene
|-damage|p1a: Hatterene|81/100
|-damage|p1a: Hatterene|64/100
|-crit|p1a: Hatterene
|-damage|p1a: Hatterene|34/100
|-damage|p1a: Hatterene|15/100
|-damage|p1a: Hatterene|0 fnt
|faint|p1a: Hatterene
|-hitcount|p1: Hatterene|5
|
|upkeep
|
|t:|1743827190
|switch|p1a: Iron Hands|Iron Hands|100/100
|turn|8
|
|t:|1743827197
|move|p2a: Credit Card|Population Bomb|p1a: Iron Hands
|-damage|p1a: Iron Hands|89/100
|-damage|p1a: Iron Hands|79/100
|-damage|p1a: Iron Hands|68/100
|-damage|p1a: Iron Hands|57/100
|-damage|p1a: Iron Hands|45/100
|-damage|p1a: Iron Hands|33/100
|-damage|p1a: Iron Hands|22/100
|-damage|p1a: Iron Hands|12/100
|-hitcount|p1a: Iron Hands|8
|move|p1a: Iron Hands|Drain Punch|p2a: Credit Card
|-supereffective|p2a: Credit Card
|-damage|p2a: Credit Card|0 fnt
|-heal|p1a: Iron Hands|20/100|[from] drain|[of] p2a: Credit Card
|faint|p2a: Credit Card
|
|upkeep
|
|t:|1743827216
|switch|p2a: StupidtheElephant|Great Tusk|100/100
|turn|9
|
|t:|1743827223
|-terastallize|p1a: Iron Hands|Flying
|move|p2a: StupidtheElephant|Headlong Rush|p1a: Iron Hands
|-immune|p1a: Iron Hands
|move|p1a: Iron Hands|Ice Punch|p2a: StupidtheElephant
|-supereffective|p2a: StupidtheElephant
|-damage|p2a: StupidtheElephant|57/100
|-damage|p1a: Iron Hands|3/100|[from] item: Rocky Helmet|[of] p2a: StupidtheElephant
|
|upkeep
|turn|10
|
|t:|1743827233
|move|p2a: StupidtheElephant|Stealth Rock|p1a: Iron Hands
|-sidestart|p1: Ball17|move: Stealth Rock
|move|p1a: Iron Hands|Ice Punch|p2a: StupidtheElephant
|-supereffective|p2a: StupidtheElephant
|-damage|p2a: StupidtheElephant|9/100
|-status|p2a: StupidtheElephant|frz
|-damage|p1a: Iron Hands|0 fnt|[from] item: Rocky Helmet|[of] p2a: StupidtheElephant
|faint|p1a: Iron Hands
|-end|p1a: Iron Hands|Quark Drive|[silent]
|
|upkeep
|
|t:|1743827244
|switch|p1a: Orthworm|Orthworm, F|100/100
|-damage|p1a: Orthworm|94/100|[from] Stealth Rock
|turn|11
|
|t:|1743827250
|-curestatus|p2a: StupidtheElephant|frz|[msg]
|move|p2a: StupidtheElephant|Headlong Rush|p1a: Orthworm
|-heal|p1a: Orthworm|100/100|[from] ability: Earth Eater|[of] p2a: StupidtheElephant
|move|p1a: Orthworm|Coil|p1a: Orthworm
|-boost|p1a: Orthworm|atk|1
|-boost|p1a: Orthworm|def|1
|-boost|p1a: Orthworm|accuracy|1
|
|upkeep
|turn|12
|
|t:|1743827263
|move|p2a: StupidtheElephant|Ice Spinner|p1a: Orthworm
|-resisted|p1a: Orthworm
|-damage|p1a: Orthworm|94/100
|move|p1a: Orthworm|Earthquake|p2a: StupidtheElephant
|-damage|p2a: StupidtheElephant|0 fnt
|faint|p2a: StupidtheElephant
|-end|p2a: StupidtheElephant|Protosynthesis|[silent]
|
|-heal|p1a: Orthworm|100/100|[from] item: Leftovers
|upkeep
|
|t:|1743827274
|switch|p2a: Wet Socks|Toxapex, M|100/100
|turn|13
|
|t:|1743827278
|move|p1a: Orthworm|Earthquake|p2a: Wet Socks
|-supereffective|p2a: Wet Socks
|-damage|p2a: Wet Socks|46/100
|move|p2a: Wet Socks|Haze|p2a: Wet Socks
|-clearallboost
|
|-heal|p2a: Wet Socks|52/100|[from] item: Black Sludge
|upkeep
|turn|14
|
|t:|1743827287
|move|p1a: Orthworm|Coil|p1a: Orthworm
|-boost|p1a: Orthworm|atk|1
|-boost|p1a: Orthworm|def|1
|-boost|p1a: Orthworm|accuracy|1
|move|p2a: Wet Socks|Recover|p2a: Wet Socks
|-heal|p2a: Wet Socks|100/100
|
|upkeep
|turn|15
|
|t:|1743827293
|move|p1a: Orthworm|Earthquake|p2a: Wet Socks
|-supereffective|p2a: Wet Socks
|-damage|p2a: Wet Socks|48/100
|move|p2a: Wet Socks|Haze|p2a: Wet Socks
|-clearallboost
|
|-heal|p2a: Wet Socks|54/100|[from] item: Black Sludge
|upkeep
|turn|16
|
|t:|1743827303
|move|p1a: Orthworm|Earthquake|p2a: Wet Socks
|-supereffective|p2a: Wet Socks
|-damage|p2a: Wet Socks|17/100
|move|p2a: Wet Socks|Haze|p2a: Wet Socks
|-clearallboost
|
|-heal|p2a: Wet Socks|23/100|[from] item: Black Sludge
|upkeep
|turn|17
|
|t:|1743827313
|move|p1a: Orthworm|Earthquake|p2a: Wet Socks
|-supereffective|p2a: Wet Socks
|-damage|p2a: Wet Socks|0 fnt
|faint|p2a: Wet Socks
|
|upkeep
|
|t:|1743827318
|switch|p2a: Bullshot|Kingambit, M|100/100
|-activate|p2a: Bullshot|ability: Supreme Overlord
|-start|p2a: Bullshot|fallen4|[silent]
|-item|p2a: Bullshot|Air Balloon
|turn|18
|
|t:|1743827323
|move|p1a: Orthworm|Body Press|p2a: Bullshot
|-supereffective|p2a: Bullshot
|-damage|p2a: Bullshot|21/100
|-enditem|p2a: Bullshot|Air Balloon
|move|p2a: Bullshot|Kowtow Cleave|p1a: Orthworm
|-damage|p1a: Orthworm|49/100
|
|-heal|p1a: Orthworm|56/100|[from] item: Leftovers
|upkeep
|turn|19
|
|t:|1743827339
|-terastallize|p2a: Bullshot|Flying
|move|p1a: Orthworm|Body Press|p2a: Bullshot
|-resisted|p2a: Bullshot
|-damage|p2a: Bullshot|13/100
|move|p2a: Bullshot|Kowtow Cleave|p1a: Orthworm
|-damage|p1a: Orthworm|6/100
|
|-heal|p1a: Orthworm|12/100|[from] item: Leftovers
|upkeep
|turn|20
|
|t:|1743827348
|move|p2a: Bullshot|Sucker Punch|p1a: Orthworm
|-damage|p1a: Orthworm|0 fnt
|faint|p1a: Orthworm
|
|upkeep
|
|t:|1743827351
|switch|p1a: Infernape|Infernape, M|100/100
|-damage|p1a: Infernape|88/100|[from] Stealth Rock
|turn|21
|
|t:|1743827357
|move|p1a: Infernape|Fire Punch|p2a: Bullshot
|-damage|p2a: Bullshot|0 fnt
|faint|p2a: Bullshot
|-end|p2a: Bullshot|fallen4|[silent]
|
|upkeep
|
|t:|1743827361
|switch|p2a: Duface|Slowking, M|100/100
|turn|22
|
|t:|1743827371
|move|p1a: Infernape|Thunder Punch|p2a: Duface
|-supereffective|p2a: Duface
|-damage|p2a: Duface|29/100
|move|p2a: Duface|Future Sight|p1a: Infernape
|-start|p2a: Duface|move: Future Sight
|
|-heal|p2a: Duface|35/100|[from] item: Leftovers
|upkeep
|turn|23
|
|t:|1743827378
|move|p1a: Infernape|Thunder Punch|p2a: Duface
|-supereffective|p2a: Duface
|-damage|p2a: Duface|0 fnt
|faint|p2a: Duface
|
|win|Ball17
|raw|Ball17's rating: 1130 &rarr; <strong>1153</strong><br />(+23 for winning)
|raw|EchoInTheDrk's rating: 1109 &rarr; <strong>1086</strong><br />(-23 for losing)
|c|☆Ball17|gg
|c|☆EchoInTheDrk|gg
|l|☆Ball17
|player|p1|
|l|☆EchoInTheDrk
|player|p2|
