|j|☆SSE
|j|☆porygon_zi
|t:|1743817129
|gametype|singles
|player|p1|SSE|roxie|1331
|player|p2|porygon_zi|bellepa|1324
|teamsize|p1|6
|teamsize|p2|6
|gen|9
|tier|[Gen 9] OU
|rated|
|rule|HP Percentage Mod: HP is shown in percentages
|rule|Endless Battle Clause: Forcing endless battles is banned
|rule|Species Clause: Limit one of each Pokémon
|rule|OHKO Clause: OHKO moves are banned
|rule|Evasion Items Clause: Evasion items are banned
|rule|Evasion Moves Clause: Evasion moves are banned
|rule|Sleep Moves Clause: Sleep-inducing moves are banned
|clearpoke
|poke|p1|Glimmora, M|
|poke|p1|Zamazenta-*|
|poke|p1|Latias, F|
|poke|p1|Gholdengo|
|poke|p1|Dragonite, M|
|poke|p1|Weavile, F|
|poke|p2|Bellibolt, F|
|poke|p2|Feraligatr, M|
|poke|p2|Dragonite, M|
|poke|p2|Iron Treads|
|poke|p2|Barraskewda, F|
|poke|p2|Pelipper, F|
|teampreview
|inactive|Battle timer is ON: inactive players will automatically lose when time's up. (requested by porygon_zi)
|
|t:|1743817142
|start
|switch|p1a: Glimmora|Glimmora, M|100/100
|switch|p2a: Pelipper|Pelipper, F|100/100
|-weather|RainDance|[from] ability: Drizzle|[of] p2a: Pelipper
|turn|1
|
|t:|1743817153
|move|p1a: Glimmora|Power Gem|p2a: Pelipper
|-supereffective|p2a: Pelipper
|-damage|p2a: Pelipper|5/100
|move|p2a: Pelipper|Surf|p1a: Glimmora
|-supereffective|p1a: Glimmora
|-damage|p1a: Glimmora|31/100
|-enditem|p1a: Glimmora|Red Card|[of] p2a: Pelipper
|drag|p2a: Dragonite|Dragonite, M|100/100
|
|-weather|RainDance|[upkeep]
|upkeep
|turn|2
|
|t:|1743817170
|move|p2a: Dragonite|Draco Meteor|p1a: Glimmora
|-damage|p1a: Glimmora|0 fnt
|-unboost|p2a: Dragonite|spa|2
|-enditem|p2a: Dragonite|Eject Pack
|faint|p1a: Glimmora
|
|t:|1743817188
|switch|p2a: Barraskewda|Barraskewda, F|100/100
|
|-weather|RainDance|[upkeep]
|upkeep
|
|t:|1743817197
|switch|p1a: Dragonite|Dragonite, M|100/100
|turn|3
|
|t:|1743817216
|move|p2a: Barraskewda|Flip Turn|p1a: Dragonite
|-resisted|p1a: Dragonite
|-damage|p1a: Dragonite|83/100
|
|t:|1743817223
|switch|p2a: Bellibolt|Bellibolt, F|100/100|[from] Flip Turn
|move|p1a: Dragonite|Dragon Dance|p1a: Dragonite
|-boost|p1a: Dragonite|atk|1
|-boost|p1a: Dragonite|spe|1
|
|-weather|RainDance|[upkeep]
|upkeep
|turn|4
|
|t:|1743817229
|-terastallize|p2a: Bellibolt|Fairy
|move|p1a: Dragonite|Earthquake|p2a: Bellibolt
|-damage|p2a: Bellibolt|46/100
|-start|p2a: Bellibolt|Charge|Earthquake|[from] ability: Electromorphosis
|move|p2a: Bellibolt|Tera Blast|p1a: Dragonite|[anim] Tera Blast Fairy
|-supereffective|p1a: Dragonite
|-damage|p1a: Dragonite|3/100
|
|-weather|RainDance|[upkeep]
|upkeep
|turn|5
|
|t:|1743817239
|move|p1a: Dragonite|Earthquake|p2a: Bellibolt
|-damage|p2a: Bellibolt|0 fnt
|faint|p2a: Bellibolt
|
|-weather|RainDance|[upkeep]
|upkeep
|
|t:|1743817246
|switch|p2a: Barraskewda|Barraskewda, F|100/100
|turn|6
|
|t:|1743817258
|-terastallize|p1a: Dragonite|Normal
|move|p1a: Dragonite|Extreme Speed|p2a: Barraskewda
|-damage|p2a: Barraskewda|0 fnt
|faint|p2a: Barraskewda
|
|-weather|RainDance|[upkeep]
|upkeep
|
|t:|1743817266
|switch|p2a: Iron Treads|Iron Treads|100/100
|turn|7
|
|t:|1743817270
|move|p1a: Dragonite|Earthquake|p2a: Iron Treads
|-supereffective|p2a: Iron Treads
|-damage|p2a: Iron Treads|5/100
|-enditem|p2a: Iron Treads|Eject Button
|
|t:|1743817273
|-end|p2a: Iron Treads|Quark Drive|[silent]
|switch|p2a: Dragonite|Dragonite, M|100/100
|
|-weather|RainDance|[upkeep]
|upkeep
|turn|8
|-message|porygon_zi forfeited.
|
|win|SSE
|raw|SSE's rating: 1331 &rarr; <strong>1351</strong><br />(+20 for winning)
|raw|porygon_zi's rating: 1324 &rarr; <strong>1304</strong><br />(-20 for losing)
|l|☆porygon_zi
|player|p2|
|l|☆SSE
|player|p1|
