|j|☆HearthSD
|j|☆bigballsinmyface
|t:|1743912010
|gametype|singles
|player|p1|HearthSD|n|1404
|player|p2|bigballsinmyface|102|1316
|teamsize|p1|6
|teamsize|p2|6
|gen|9
|tier|[Gen 9] OU
|rated|
|rule|HP Percentage Mod: HP is shown in percentages
|rule|Endless Battle Clause: Forcing endless battles is banned
|rule|Species Clause: Limit one of each Pokémon
|rule|OHKO Clause: OHKO moves are banned
|rule|Evasion Items Clause: Evasion items are banned
|rule|Evasion Moves Clause: Evasion moves are banned
|rule|Sleep Moves Clause: Sleep-inducing moves are banned
|clearpoke
|poke|p1|Dragonite, F|
|poke|p1|Zamazenta-*|
|poke|p1|Ogerpon-Wellspring, F|
|poke|p1|Iron Valiant|
|poke|p1|Iron Crown|
|poke|p1|Gholdengo|
|poke|p2|Landorus-Therian, M|
|poke|p2|Heatran, M|
|poke|p2|Ogerpon-Wellspring, F|
|poke|p2|Weezing-Galar, F|
|poke|p2|Dragonite, M|
|poke|p2|Slither Wing|
|teampreview
|inactive|Battle timer is ON: inactive players will automatically lose when time's up. (requested by HearthSD)
|
|t:|1743912021
|start
|switch|p1a: Ogerpon|Ogerpon-Wellspring, F|100/100
|switch|p2a: Weezing|Weezing-Galar, F|100/100
|-ability|p2a: Weezing|Neutralizing Gas
|turn|1
|
|t:|1743912028
|move|p1a: Ogerpon|U-turn|p2a: Weezing
|-resisted|p2a: Weezing
|-damage|p2a: Weezing|96/100
|
|t:|1743912033
|switch|p1a: Gholdengo|Gholdengo|100/100|[from] U-turn
|-item|p1a: Gholdengo|Air Balloon
|move|p2a: Weezing|Will-O-Wisp|p1a: Gholdengo|[miss]
|-miss|p2a: Weezing|p1a: Gholdengo
|
|upkeep
|turn|2
|
|t:|1743912043
|-end|p2a: Weezing|ability: Neutralizing Gas
|switch|p2a: Landorus|Landorus-Therian, M|100/100
|-ability|p2a: Landorus|Intimidate|boost
|-unboost|p1a: Gholdengo|atk|1
|move|p1a: Gholdengo|Nasty Plot|p1a: Gholdengo
|-boost|p1a: Gholdengo|spa|2
|
|upkeep
|turn|3
|
|t:|1743912050
|move|p2a: Landorus|U-turn|p1a: Gholdengo
|-resisted|p1a: Gholdengo
|-damage|p1a: Gholdengo|95/100
|-enditem|p1a: Gholdengo|Air Balloon
|
|t:|1743912052
|switch|p2a: Ogerpon|Ogerpon-Wellspring, F|100/100|[from] U-turn
|move|p1a: Gholdengo|Make It Rain|p2a: Ogerpon
|-resisted|p2a: Ogerpon
|-damage|p2a: Ogerpon|12/100
|-unboost|p1a: Gholdengo|spa|1
|
|upkeep
|turn|4
|inactive|HearthSD has 120 seconds left.
|
|t:|1743912082
|switch|p1a: Zamazenta|Zamazenta|100/100
|-ability|p1a: Zamazenta|Dauntless Shield|boost
|-boost|p1a: Zamazenta|def|1
|move|p2a: Ogerpon|Ivy Cudgel|p1a: Zamazenta|[anim] Ivy Cudgel Water
|-damage|p1a: Zamazenta|73/100
|
|-heal|p1a: Zamazenta|79/100|[from] item: Leftovers
|upkeep
|turn|5
|
|t:|1743912089
|switch|p2a: Slither Wing|Slither Wing|100/100
|move|p1a: Zamazenta|Substitute|p1a: Zamazenta
|-start|p1a: Zamazenta|Substitute
|-damage|p1a: Zamazenta|54/100
|
|-heal|p1a: Zamazenta|60/100|[from] item: Leftovers
|upkeep
|turn|6
|
|t:|1743912094
|move|p1a: Zamazenta|Iron Defense|p1a: Zamazenta
|-boost|p1a: Zamazenta|def|2
|move|p2a: Slither Wing|U-turn|p1a: Zamazenta
|-resisted|p1a: Zamazenta
|-activate|p1a: Zamazenta|move: Substitute|[damage]
|
|t:|1743912098
|-end|p2a: Slither Wing|Protosynthesis|[silent]
|switch|p2a: Weezing|Weezing-Galar, F|96/100|[from] U-turn
|-ability|p2a: Weezing|Neutralizing Gas
|
|-heal|p1a: Zamazenta|66/100|[from] item: Leftovers
|upkeep
|turn|7
|
|t:|1743912103
|move|p1a: Zamazenta|Iron Defense|p1a: Zamazenta
|-boost|p1a: Zamazenta|def|2
|move|p2a: Weezing|Strange Steam|p1a: Zamazenta
|-supereffective|p1a: Zamazenta
|-end|p1a: Zamazenta|Substitute
|
|-heal|p1a: Zamazenta|72/100|[from] item: Leftovers
|upkeep
|turn|8
|
|t:|1743912109
|switch|p1a: Gholdengo|Gholdengo|95/100
|move|p2a: Weezing|Strange Steam|p1a: Gholdengo
|-resisted|p1a: Gholdengo
|-damage|p1a: Gholdengo|83/100
|-start|p1a: Gholdengo|confusion
|
|upkeep
|turn|9
|
|t:|1743912113
|-end|p2a: Weezing|ability: Neutralizing Gas
|switch|p2a: Ogerpon|Ogerpon-Wellspring, F|12/100
|-activate|p1a: Gholdengo|confusion
|move|p1a: Gholdengo|Make It Rain|p2a: Ogerpon
|-resisted|p2a: Ogerpon
|-damage|p2a: Ogerpon|0 fnt
|-unboost|p1a: Gholdengo|spa|1
|faint|p2a: Ogerpon
|
|upkeep
|
|t:|1743912116
|switch|p2a: Heatran|Heatran, M|100/100
|turn|10
|
|t:|1743912123
|switch|p1a: Ogerpon|Ogerpon-Wellspring, F|100/100
|move|p2a: Heatran|Magma Storm|p1a: Ogerpon
|-damage|p1a: Ogerpon|43/100
|-activate|p1a: Ogerpon|move: Magma Storm|[of] p2a: Heatran
|
|-damage|p1a: Ogerpon|31/100|[from] move: Magma Storm|[partiallytrapped]
|upkeep
|turn|11
|
|t:|1743912127
|move|p2a: Heatran|Protect|p2a: Heatran
|-singleturn|p2a: Heatran|Protect
|move|p1a: Ogerpon|Ivy Cudgel|p2a: Heatran|[anim] Ivy Cudgel Water
|-activate|p2a: Heatran|move: Protect
|
|-damage|p1a: Ogerpon|19/100|[from] move: Magma Storm|[partiallytrapped]
|upkeep
|turn|12
|
|t:|1743912130
|switch|p2a: Slither Wing|Slither Wing|100/100
|move|p1a: Ogerpon|Ivy Cudgel|p2a: Slither Wing|[anim] Ivy Cudgel Water
|-damage|p2a: Slither Wing|51/100
|
|-end|p1a: Ogerpon|Magma Storm|[partiallytrapped]|[silent]
|upkeep
|turn|13
|
|t:|1743912134
|switch|p1a: Gholdengo|Gholdengo|83/100
|move|p2a: Slither Wing|First Impression|p1a: Gholdengo
|-resisted|p1a: Gholdengo
|-damage|p1a: Gholdengo|73/100
|
|upkeep
|turn|14
|
|t:|1743912138
|move|p1a: Gholdengo|Shadow Ball|p2a: Slither Wing
|-damage|p2a: Slither Wing|7/100
|move|p2a: Slither Wing|Morning Sun|p2a: Slither Wing
|-heal|p2a: Slither Wing|57/100
|
|upkeep
|turn|15
|
|t:|1743912145
|move|p1a: Gholdengo|Nasty Plot|p1a: Gholdengo
|-boost|p1a: Gholdengo|spa|2
|move|p2a: Slither Wing|U-turn|p1a: Gholdengo
|-resisted|p1a: Gholdengo
|-damage|p1a: Gholdengo|65/100
|
|t:|1743912147
|-end|p2a: Slither Wing|Protosynthesis|[silent]
|switch|p2a: Landorus|Landorus-Therian, M|100/100|[from] U-turn
|-ability|p2a: Landorus|Intimidate|boost
|-unboost|p1a: Gholdengo|atk|1
|
|upkeep
|turn|16
|
|t:|1743912152
|switch|p1a: Dragonite|Dragonite, F|100/100
|move|p2a: Landorus|Earth Power|p1a: Dragonite
|-immune|p1a: Dragonite
|
|upkeep
|turn|17
|
|t:|1743912157
|move|p2a: Landorus|U-turn|p1a: Dragonite
|-resisted|p1a: Dragonite
|-damage|p1a: Dragonite|89/100
|
|t:|1743912158
|switch|p2a: Weezing|Weezing-Galar, F|96/100|[from] U-turn
|-ability|p2a: Weezing|Neutralizing Gas
|move|p1a: Dragonite|Dragon Dance|p1a: Dragonite
|-boost|p1a: Dragonite|atk|1
|-boost|p1a: Dragonite|spe|1
|
|upkeep
|turn|18
|
|t:|1743912173
|-terastallize|p1a: Dragonite|Ground
|-terastallize|p2a: Weezing|Flying
|move|p1a: Dragonite|Earthquake|p2a: Weezing
|-immune|p2a: Weezing
|move|p2a: Weezing|Will-O-Wisp|p1a: Dragonite
|-status|p1a: Dragonite|brn
|
|-damage|p1a: Dragonite|83/100 brn|[from] brn
|upkeep
|turn|19
|
|t:|1743912198
|-end|p2a: Weezing|ability: Neutralizing Gas
|switch|p2a: Landorus|Landorus-Therian, M|100/100
|-ability|p2a: Landorus|Intimidate|boost
|-fail|p1a: Dragonite|unboost|Attack|[from] ability: Inner Focus|[of] p1a: Dragonite
|move|p1a: Dragonite|Dragon Dance|p1a: Dragonite
|-boost|p1a: Dragonite|atk|1
|-boost|p1a: Dragonite|spe|1
|
|-damage|p1a: Dragonite|77/100 brn|[from] brn
|upkeep
|turn|20
|
|t:|1743912202
|move|p1a: Dragonite|Extreme Speed|p2a: Landorus
|-damage|p2a: Landorus|69/100
|-damage|p1a: Dragonite|60/100 brn|[from] item: Rocky Helmet|[of] p2a: Landorus
|move|p2a: Landorus|Stealth Rock|p1a: Dragonite
|-sidestart|p1: HearthSD|move: Stealth Rock
|
|-damage|p1a: Dragonite|54/100 brn|[from] brn
|upkeep
|turn|21
|
|t:|1743912208
|move|p1a: Dragonite|Dragon Dance|p1a: Dragonite
|-boost|p1a: Dragonite|atk|1
|-boost|p1a: Dragonite|spe|1
|move|p2a: Landorus|U-turn|p1a: Dragonite
|-damage|p1a: Dragonite|32/100 brn
|
|t:|1743912209
|switch|p2a: Slither Wing|Slither Wing|57/100|[from] U-turn
|
|-damage|p1a: Dragonite|26/100 brn|[from] brn
|upkeep
|turn|22
|
|t:|1743912219
|move|p1a: Dragonite|Extreme Speed|p2a: Slither Wing
|-damage|p2a: Slither Wing|26/100
|move|p2a: Slither Wing|Morning Sun|p2a: Slither Wing
|-heal|p2a: Slither Wing|76/100
|
|-damage|p1a: Dragonite|20/100 brn|[from] brn
|upkeep
|turn|23
|
|t:|1743912234
|move|p2a: Slither Wing|Morning Sun|p2a: Slither Wing
|-heal|p2a: Slither Wing|100/100
|move|p1a: Dragonite|Dragon Tail|p2a: Slither Wing
|-damage|p2a: Slither Wing|67/100
|-end|p2a: Slither Wing|Protosynthesis|[silent]
|drag|p2a: Weezing|Weezing-Galar, F, tera:Flying|96/100
|-ability|p2a: Weezing|Neutralizing Gas
|
|-damage|p1a: Dragonite|14/100 brn|[from] brn
|upkeep
|turn|24
|
|t:|1743912245
|-end|p2a: Weezing|ability: Neutralizing Gas
|switch|p2a: Heatran|Heatran, M|100/100
|move|p1a: Dragonite|Extreme Speed|p2a: Heatran
|-resisted|p2a: Heatran
|-damage|p2a: Heatran|81/100
|
|-heal|p2a: Heatran|87/100|[from] item: Leftovers
|-damage|p1a: Dragonite|8/100 brn|[from] brn
|upkeep
|turn|25
|
|t:|1743912250
|move|p2a: Heatran|Protect|p2a: Heatran
|-singleturn|p2a: Heatran|Protect
|move|p1a: Dragonite|Extreme Speed|p2a: Heatran
|-activate|p2a: Heatran|move: Protect
|
|-heal|p2a: Heatran|93/100|[from] item: Leftovers
|-damage|p1a: Dragonite|1/100 brn|[from] brn
|upkeep
|turn|26
|
|t:|1743912258
|switch|p2a: Landorus|Landorus-Therian, M|69/100
|-ability|p2a: Landorus|Intimidate|boost
|-fail|p1a: Dragonite|unboost|Attack|[from] ability: Inner Focus|[of] p1a: Dragonite
|move|p1a: Dragonite|Earthquake|p2a: Landorus
|-immune|p2a: Landorus
|
|-damage|p1a: Dragonite|0 fnt|[from] brn
|faint|p1a: Dragonite
|upkeep
|
|t:|1743912264
|switch|p1a: Ogerpon|Ogerpon-Wellspring, F|19/100
|-damage|p1a: Ogerpon|6/100|[from] Stealth Rock
|turn|27
|
|t:|1743912269
|switch|p2a: Slither Wing|Slither Wing|67/100
|move|p1a: Ogerpon|Swords Dance|p1a: Ogerpon
|-boost|p1a: Ogerpon|atk|2
|
|upkeep
|turn|28
|
|t:|1743912271
|move|p2a: Slither Wing|First Impression|p1a: Ogerpon
|-supereffective|p1a: Ogerpon
|-crit|p1a: Ogerpon
|-damage|p1a: Ogerpon|0 fnt
|faint|p1a: Ogerpon
|
|upkeep
|l|☆HearthSD
|inactive|HearthSD disconnected and has a minute to reconnect!
|player|p1|
|inactive|HearthSD has 30 seconds to reconnect!
|inactive|HearthSD has 20 seconds to reconnect!
|inactive|HearthSD has 15 seconds to reconnect!
|inactive|HearthSD has 10 seconds to reconnect!
|inactive|HearthSD has 5 seconds to reconnect!
|-message|HearthSD lost due to inactivity.
|
|win|bigballsinmyface
|raw|HearthSD's rating: 1404 &rarr; <strong>1379</strong><br />(-25 for losing)
|raw|bigballsinmyface's rating: 1316 &rarr; <strong>1341</strong><br />(+25 for winning)
|l|☆bigballsinmyface
|player|p2|
