|j|☆JoeJPotato
|j|☆ChrisSweeps
|t:|1743894032
|gametype|singles
|player|p1|JoeJPotato|ethan|
|player|p2|ChrisSweeps|veteran|
|teamsize|p1|6
|teamsize|p2|6
|gen|9
|tier|[Gen 9] OU
|rule|HP Percentage Mod: HP is shown in percentages
|rule|Endless Battle Clause: Forcing endless battles is banned
|rule|Species Clause: Limit one of each Pokémon
|rule|OHKO Clause: OHKO moves are banned
|rule|Evasion Items Clause: Evasion items are banned
|rule|Evasion Moves Clause: Evasion moves are banned
|rule|Sleep Moves Clause: Sleep-inducing moves are banned
|clearpoke
|poke|p1|Dragonite, M|
|poke|p1|Ceruledge, M|
|poke|p1|Garganacl, M|
|poke|p1|Toxtricity, M|
|poke|p1|Great Tusk|
|poke|p1|Pecharunt|
|poke|p2|Blaziken, M|
|poke|p2|Kyurem|
|poke|p2|Scizor, M|
|poke|p2|Landorus-Therian, M|
|poke|p2|Hatterene, F|
|poke|p2|Darkrai|
|teampreview
|inactive|Battle timer is ON: inactive players will automatically lose when time's up. (requested by ChrisSweeps)
|c|☆ChrisSweeps|that garganacl 😭
|
|t:|1743894056
|start
|switch|p1a: Dwayne|Garganacl, M, shiny|100/100
|switch|p2a: Landorus|Landorus-Therian, M|100/100
|-ability|p2a: Landorus|Intimidate|boost
|-unboost|p1a: Dwayne|atk|1
|turn|1
|
|t:|1743894075
|move|p2a: Landorus|Earthquake|p1a: Dwayne
|-supereffective|p1a: Dwayne
|-damage|p1a: Dwayne|47/100
|move|p1a: Dwayne|Stealth Rock|p2a: Landorus
|-sidestart|p2: ChrisSweeps|move: Stealth Rock
|
|upkeep
|turn|2
|
|t:|1743894084
|move|p2a: Landorus|Earthquake|p1a: Dwayne
|-supereffective|p1a: Dwayne
|-damage|p1a: Dwayne|0 fnt
|faint|p1a: Dwayne
|
|upkeep
|
|t:|1743894103
|switch|p1a: Pecharunt|Pecharunt|100/100
|turn|3
|c|☆ChrisSweeps|and pecharunt 😭
|c|☆ChrisSweeps|the 2 best walls of gen 9
|
|t:|1743894129
|move|p2a: Landorus|Taunt|p1a: Pecharunt
|-start|p1a: Pecharunt|move: Taunt
|cant|p1a: Pecharunt|move: Taunt|Curse
|
|upkeep
|turn|4
|
|t:|1743894137
|move|p2a: Landorus|Earthquake|p1a: Pecharunt
|-supereffective|p1a: Pecharunt
|-crit|p1a: Pecharunt
|-damage|p1a: Pecharunt|16/100
|move|p1a: Pecharunt|Malignant Chain|p2a: Landorus
|-resisted|p2a: Landorus
|-crit|p2a: Landorus
|-damage|p2a: Landorus|73/100
|
|upkeep
|turn|5
|
|t:|1743894146
|move|p2a: Landorus|Earthquake|p1a: Pecharunt
|-supereffective|p1a: Pecharunt
|-damage|p1a: Pecharunt|0 fnt
|faint|p1a: Pecharunt
|
|upkeep
|
|t:|1743894160
|switch|p1a: Toxtricity|Toxtricity, M|100/100
|-item|p1a: Toxtricity|Air Balloon
|turn|6
|
|t:|1743894184
|-terastallize|p1a: Toxtricity|Water
|move|p2a: Landorus|Taunt|p1a: Toxtricity
|-start|p1a: Toxtricity|move: Taunt
|move|p1a: Toxtricity|Tera Blast|p2a: Landorus|[anim] Tera Blast Water
|-supereffective|p2a: Landorus
|-damage|p2a: Landorus|0 fnt
|faint|p2a: Landorus
|
|upkeep
|
|t:|1743894213
|switch|p2a: Scizor|Scizor, M|100/100
|-damage|p2a: Scizor|88/100|[from] Stealth Rock
|turn|7
|
|t:|1743894227
|move|p1a: Toxtricity|Overdrive|p2a: Scizor
|-damage|p2a: Scizor|7/100
|move|p2a: Scizor|Swords Dance|p2a: Scizor
|-boost|p2a: Scizor|atk|2
|
|-heal|p2a: Scizor|13/100|[from] item: Leftovers
|upkeep
|turn|8
|
|t:|1743894237
|move|p2a: Scizor|Bullet Punch|p1a: Toxtricity
|-resisted|p1a: Toxtricity
|-damage|p1a: Toxtricity|56/100
|-enditem|p1a: Toxtricity|Air Balloon
|move|p1a: Toxtricity|Overdrive|p2a: Scizor
|-damage|p2a: Scizor|0 fnt
|faint|p2a: Scizor
|
|-end|p1a: Toxtricity|move: Taunt
|upkeep
|
|t:|1743894251
|switch|p2a: Darkrai|Darkrai|100/100
|turn|9
|inactive|ChrisSweeps has 270 seconds left.
|
|t:|1743894276
|move|p2a: Darkrai|Nasty Plot|p2a: Darkrai
|-boost|p2a: Darkrai|spa|2
|move|p1a: Toxtricity|Overdrive|p2a: Darkrai
|-damage|p2a: Darkrai|24/100
|
|upkeep
|turn|10
|
|t:|1743894283
|move|p2a: Darkrai|Dark Pulse|p1a: Toxtricity
|-damage|p1a: Toxtricity|0 fnt
|faint|p1a: Toxtricity
|
|upkeep
|
|t:|1743894293
|switch|p1a: Choppa|Dragonite, M|100/100
|turn|11
|
|t:|1743894299
|-terastallize|p2a: Darkrai|Ghost
|move|p1a: Choppa|Extreme Speed|p2a: Darkrai
|-immune|p2a: Darkrai
|move|p2a: Darkrai|Ice Beam|p1a: Choppa
|-supereffective|p1a: Choppa
|-damage|p1a: Choppa|0 fnt
|faint|p1a: Choppa
|
|upkeep
|
|t:|1743894310
|switch|p1a: Great Tusk|Great Tusk|100/100
|-enditem|p1a: Great Tusk|Booster Energy
|-activate|p1a: Great Tusk|ability: Protosynthesis|[fromitem]
|-start|p1a: Great Tusk|protosynthesisatk
|turn|12
|c|☆ChrisSweeps|what a read
|
|t:|1743894328
|move|p2a: Darkrai|Will-O-Wisp|p1a: Great Tusk
|-status|p1a: Great Tusk|brn
|move|p1a: Great Tusk|Knock Off|p2a: Darkrai
|-supereffective|p2a: Darkrai
|-damage|p2a: Darkrai|0 fnt
|-enditem|p2a: Darkrai|Heavy-Duty Boots|[from] move: Knock Off|[of] p1a: Great Tusk
|faint|p2a: Darkrai
|
|-damage|p1a: Great Tusk|94/100 brn|[from] brn
|upkeep
|
|t:|1743894340
|switch|p2a: Kyurem|Kyurem|100/100
|-damage|p2a: Kyurem|76/100|[from] Stealth Rock
|-ability|p2a: Kyurem|Pressure
|turn|13
|c|☆ChrisSweeps|i should’ve just killed ngl
|
|t:|1743894359
|move|p1a: Great Tusk|Close Combat|p2a: Kyurem
|-supereffective|p2a: Kyurem
|-damage|p2a: Kyurem|4/100
|-unboost|p1a: Great Tusk|def|1
|-unboost|p1a: Great Tusk|spd|1
|move|p2a: Kyurem|Icicle Spear|p1a: Great Tusk
|-supereffective|p1a: Great Tusk
|-damage|p1a: Great Tusk|63/100 brn
|-supereffective|p1a: Great Tusk
|-damage|p1a: Great Tusk|33/100 brn
|-supereffective|p1a: Great Tusk
|-damage|p1a: Great Tusk|0 fnt
|faint|p1a: Great Tusk
|-end|p1a: Great Tusk|Protosynthesis|[silent]
|-hitcount|p1: Great Tusk|3
|
|upkeep
|
|t:|1743894371
|switch|p1a: Ceruledge|Ceruledge, M, shiny|100/100
|turn|14
|
|t:|1743894378
|move|p1a: Ceruledge|Swords Dance|p1a: Ceruledge
|-boost|p1a: Ceruledge|atk|2
|move|p2a: Kyurem|Icicle Spear|p1a: Ceruledge
|-resisted|p1a: Ceruledge
|-damage|p1a: Ceruledge|90/100
|-ability|p1a: Ceruledge|Weak Armor|boost
|-unboost|p1a: Ceruledge|def|1
|-boost|p1a: Ceruledge|spe|2
|-enditem|p1a: Ceruledge|White Herb
|-clearnegativeboost|p1a: Ceruledge|[silent]
|-resisted|p1a: Ceruledge
|-damage|p1a: Ceruledge|80/100
|-ability|p1a: Ceruledge|Weak Armor|boost
|-unboost|p1a: Ceruledge|def|1
|-boost|p1a: Ceruledge|spe|2
|-resisted|p1a: Ceruledge
|-damage|p1a: Ceruledge|64/100
|-ability|p1a: Ceruledge|Weak Armor|boost
|-unboost|p1a: Ceruledge|def|1
|-boost|p1a: Ceruledge|spe|2
|-resisted|p1a: Ceruledge
|-damage|p1a: Ceruledge|44/100
|-ability|p1a: Ceruledge|Weak Armor|boost
|-unboost|p1a: Ceruledge|def|1
|-resisted|p1a: Ceruledge
|-damage|p1a: Ceruledge|18/100
|-ability|p1a: Ceruledge|Weak Armor|boost
|-unboost|p1a: Ceruledge|def|1
|-hitcount|p1a: Ceruledge|5
|
|upkeep
|turn|15
|
|t:|1743894407
|move|p1a: Ceruledge|Shadow Sneak|p2a: Kyurem
|-damage|p2a: Kyurem|0 fnt
|faint|p2a: Kyurem
|
|upkeep
|
|t:|1743894412
|switch|p2a: Hatterene|Hatterene, F|100/100
|-damage|p2a: Hatterene|88/100|[from] Stealth Rock
|turn|16
|
|t:|1743894420
|move|p1a: Ceruledge|Phantom Force||[still]
|-prepare|p1a: Ceruledge|Phantom Force
|move|p2a: Hatterene|Nuzzle|p1a: Ceruledge|[miss]
|-miss|p2a: Hatterene|p1a: Ceruledge
|
|upkeep
|turn|17
|
|t:|1743894428
|move|p1a: Ceruledge|Phantom Force|p2a: Hatterene|[from] lockedmove
|-supereffective|p2a: Hatterene
|-damage|p2a: Hatterene|0 fnt
|faint|p2a: Hatterene
|
|upkeep
|
|t:|1743894433
|switch|p2a: Blaziken|Blaziken, M, shiny|100/100
|-damage|p2a: Blaziken|88/100|[from] Stealth Rock
|turn|18
|
|t:|1743894439
|move|p1a: Ceruledge|Phantom Force||[still]
|-prepare|p1a: Ceruledge|Phantom Force
|move|p2a: Blaziken|Flare Blitz|p1a: Ceruledge|[miss]
|-miss|p2a: Blaziken|p1a: Ceruledge
|
|-heal|p2a: Blaziken|94/100|[from] item: Leftovers
|-ability|p2a: Blaziken|Speed Boost|boost
|-boost|p2a: Blaziken|spe|1
|upkeep
|turn|19
|
|t:|1743894449
|move|p1a: Ceruledge|Phantom Force|p2a: Blaziken|[from] lockedmove
|-damage|p2a: Blaziken|0 fnt
|faint|p2a: Blaziken
|
|win|JoeJPotato
|c|☆ChrisSweeps|rematch
