|j|☆Pump a Hydro
|j|☆salazar1911
|t:|1743857526
|gametype|singles
|player|p1|Pump a Hydro|102|1213
|player|p2|salazar1911|101|1208
|teamsize|p1|6
|teamsize|p2|6
|gen|9
|tier|[Gen 9] OU
|rated|
|rule|HP Percentage Mod: HP is shown in percentages
|rule|Endless Battle Clause: Forcing endless battles is banned
|rule|Species Clause: Limit one of each Pokémon
|rule|OHKO Clause: OHKO moves are banned
|rule|Evasion Items Clause: Evasion items are banned
|rule|Evasion Moves Clause: Evasion moves are banned
|rule|Sleep Moves Clause: Sleep-inducing moves are banned
|clearpoke
|poke|p1|Breloom, M|
|poke|p1|Ninetales, M|
|poke|p1|Sunflora, M|
|poke|p1|Skeledirge, M|
|poke|p1|Great Tusk|
|poke|p1|Hoopa-Unbound|
|poke|p2|Gliscor, M|
|poke|p2|Kingambit, F|
|poke|p2|Emboar, M|
|poke|p2|Clefable, F|
|poke|p2|Alomomola, F|
|poke|p2|Meowscarada, M|
|teampreview
|
|t:|1743857550
|start
|switch|p1a: Hot|Ninetales, M|100/100
|switch|p2a: Emboar|Emboar, M, shiny|100/100
|-weather|SunnyDay|[from] ability: Drought|[of] p1a: Hot
|turn|1
|
|t:|1743857565
|switch|p1a: Hoopa|Hoopa-Unbound|100/100
|move|p2a: Emboar|Double-Edge|p1a: Hoopa
|-damage|p1a: Hoopa|27/100
|-damage|p2a: Emboar|76/100|[from] Recoil
|
|-weather|SunnyDay|[upkeep]
|upkeep
|turn|2
|
|t:|1743857573
|move|p2a: Emboar|Double-Edge|p1a: Hoopa
|-damage|p1a: Hoopa|0 fnt
|faint|p1a: Hoopa
|-damage|p2a: Emboar|67/100|[from] Recoil
|
|-weather|SunnyDay|[upkeep]
|upkeep
|
|t:|1743857576
|switch|p1a: Shine bright|Sunflora, M|100/100
|turn|3
|
|t:|1743857594
|move|p2a: Emboar|Double-Edge|p1a: Shine bright
|-damage|p1a: Shine bright|19/100
|-damage|p2a: Emboar|41/100|[from] Recoil
|move|p1a: Shine bright|Earth Power|p2a: Emboar
|-supereffective|p2a: Emboar
|-damage|p2a: Emboar|0 fnt
|faint|p2a: Emboar
|
|-weather|SunnyDay|[upkeep]
|-damage|p1a: Shine bright|7/100|[from] ability: Solar Power|[of] p1a: Shine bright
|upkeep
|
|t:|1743857602
|switch|p2a: Kingambit|Kingambit, F|100/100
|turn|4
|
|t:|1743857606
|move|p2a: Kingambit|Sucker Punch|p1a: Shine bright
|-damage|p1a: Shine bright|0 fnt
|faint|p1a: Shine bright
|
|-weather|SunnyDay|[upkeep]
|upkeep
|
|t:|1743857610
|switch|p1a: Skeledirge|Skeledirge, M|100/100
|turn|5
|
|t:|1743857619
|-terastallize|p2a: Kingambit|Dark
|move|p1a: Skeledirge|Torch Song|p2a: Kingambit
|-damage|p2a: Kingambit|42/100
|-boost|p1a: Skeledirge|spa|1
|move|p2a: Kingambit|Kowtow Cleave|p1a: Skeledirge
|-supereffective|p1a: Skeledirge
|-damage|p1a: Skeledirge|0 fnt
|faint|p1a: Skeledirge
|
|-weather|SunnyDay|[upkeep]
|upkeep
|
|t:|1743857629
|switch|p1a: SHROOMMSS|Breloom, M, shiny|100/100
|turn|6
|inactive|Battle timer is ON: inactive players will automatically lose when time's up. (requested by salazar1911)
|
|t:|1743857638
|switch|p2a: Gliscor|Gliscor, M|100/100
|move|p1a: SHROOMMSS|Bullet Seed|p2a: Gliscor
|-damage|p2a: Gliscor|82/100
|-damage|p2a: Gliscor|61/100
|-damage|p2a: Gliscor|41/100
|-hitcount|p2a: Gliscor|3
|
|-weather|SunnyDay|[upkeep]
|-status|p2a: Gliscor|tox|[from] item: Toxic Orb
|upkeep
|turn|7
|
|t:|1743857647
|move|p2a: Gliscor|Protect|p2a: Gliscor
|-singleturn|p2a: Gliscor|Protect
|move|p1a: SHROOMMSS|Bullet Seed|p2a: Gliscor
|-activate|p2a: Gliscor|move: Protect
|
|-weather|SunnyDay|[upkeep]
|-heal|p2a: Gliscor|54/100 tox|[from] ability: Poison Heal
|upkeep
|turn|8
|
|t:|1743857670
|switch|p2a: Clefable|Clefable, F|100/100
|-terastallize|p1a: SHROOMMSS|Rock
|move|p1a: SHROOMMSS|Bullet Seed|p2a: Clefable
|-damage|p2a: Clefable|77/100
|-damage|p2a: Clefable|51/100
|-damage|p2a: Clefable|27/100
|-damage|p2a: Clefable|4/100
|-damage|p2a: Clefable|0 fnt
|faint|p2a: Clefable
|-hitcount|p2: Clefable|5
|
|-weather|none
|upkeep
|
|t:|1743857682
|switch|p2a: Meowscarada|Meowscarada, M|100/100
|turn|9
|
|t:|1743857685
|move|p2a: Meowscarada|Flower Trick|p1a: SHROOMMSS
|-start|p2a: Meowscarada|typechange|Grass|[from] ability: Protean
|-supereffective|p1a: SHROOMMSS
|-crit|p1a: SHROOMMSS
|-damage|p1a: SHROOMMSS|0 fnt
|faint|p1a: SHROOMMSS
|
|upkeep
|
|t:|1743857691
|switch|p1a: Hot|Ninetales, M|100/100
|-weather|SunnyDay|[from] ability: Drought|[of] p1a: Hot
|turn|10
|
|t:|1743857704
|switch|p2a: Alomomola|Alomomola, F|100/100
|move|p1a: Hot|Fire Blast|p2a: Alomomola|[miss]
|-miss|p1a: Hot|p2a: Alomomola
|
|-weather|SunnyDay|[upkeep]
|upkeep
|turn|11
|inactive|Pump a Hydro has 120 seconds left.
|
|t:|1743857742
|move|p1a: Hot|Will-O-Wisp|p2a: Alomomola
|-status|p2a: Alomomola|brn
|move|p2a: Alomomola|Flip Turn|p1a: Hot
|-supereffective|p1a: Hot
|-damage|p1a: Hot|92/100
|
|t:|1743857748
|switch|p2a: Gliscor|Gliscor, M|54/100 tox|[from] Flip Turn
|
|-weather|SunnyDay|[upkeep]
|-heal|p2a: Gliscor|66/100 tox|[from] ability: Poison Heal
|upkeep
|turn|12
|inactive|Pump a Hydro has 120 seconds left.
|
|t:|1743857759
|move|p2a: Gliscor|Protect|p2a: Gliscor
|-singleturn|p2a: Gliscor|Protect
|move|p1a: Hot|Fire Blast|p2a: Gliscor
|-activate|p2a: Gliscor|move: Protect
|
|-weather|SunnyDay|[upkeep]
|-heal|p2a: Gliscor|79/100 tox|[from] ability: Poison Heal
|upkeep
|turn|13
|inactive|Pump a Hydro has 120 seconds left.
|
|t:|1743857778
|move|p2a: Gliscor|Earthquake|p1a: Hot
|-supereffective|p1a: Hot
|-damage|p1a: Hot|9/100
|move|p1a: Hot|Fire Blast|p2a: Gliscor
|-damage|p2a: Gliscor|0 fnt
|faint|p2a: Gliscor
|
|-weather|SunnyDay|[upkeep]
|upkeep
|
|t:|1743857787
|switch|p2a: Meowscarada|Meowscarada, M|100/100
|turn|14
|
|t:|1743857791
|move|p2a: Meowscarada|Flower Trick|p1a: Hot
|-start|p2a: Meowscarada|typechange|Grass|[from] ability: Protean
|-resisted|p1a: Hot
|-crit|p1a: Hot
|-damage|p1a: Hot|0 fnt
|faint|p1a: Hot
|
|-weather|SunnyDay|[upkeep]
|upkeep
|
|t:|1743857794
|switch|p1a: Great Tusk|Great Tusk|100/100
|-activate|p1a: Great Tusk|ability: Protosynthesis
|-start|p1a: Great Tusk|protosynthesisatk
|turn|15
|
|t:|1743857800
|move|p2a: Meowscarada|Flower Trick|p1a: Great Tusk
|-supereffective|p1a: Great Tusk
|-crit|p1a: Great Tusk
|-damage|p1a: Great Tusk|1/100
|move|p1a: Great Tusk|Ice Spinner|p2a: Meowscarada
|-supereffective|p2a: Meowscarada
|-damage|p2a: Meowscarada|0 fnt
|faint|p2a: Meowscarada
|
|-weather|SunnyDay|[upkeep]
|upkeep
|
|t:|1743857808
|switch|p2a: Alomomola|Alomomola, F|100/100 brn
|turn|16
|
|t:|1743857812
|move|p1a: Great Tusk|Close Combat|p2a: Alomomola
|-damage|p2a: Alomomola|56/100 brn
|-unboost|p1a: Great Tusk|def|1
|-unboost|p1a: Great Tusk|spd|1
|move|p2a: Alomomola|Scald|p1a: Great Tusk
|-supereffective|p1a: Great Tusk
|-damage|p1a: Great Tusk|0 fnt
|faint|p1a: Great Tusk
|-end|p1a: Great Tusk|Protosynthesis|[silent]
|
|win|salazar1911
|raw|Pump a Hydro's rating: 1213 &rarr; <strong>1188</strong><br />(-25 for losing)
|raw|salazar1911's rating: 1208 &rarr; <strong>1233</strong><br />(+25 for winning)
|l|☆Pump a Hydro
|player|p1|
|l|☆salazar1911
|player|p2|
