|j|☆bnk1801
|j|☆shadowslayer123
|t:|1743868615
|gametype|singles
|player|p1|bnk1801|acetrainer|1307
|player|p2|shadowslayer123|266|1321
|teamsize|p1|6
|teamsize|p2|6
|gen|9
|tier|[Gen 9] OU
|rated|
|rule|HP Percentage Mod: HP is shown in percentages
|rule|Endless Battle Clause: Forcing endless battles is banned
|rule|Species Clause: Limit one of each Pokémon
|rule|OHKO Clause: OHKO moves are banned
|rule|Evasion Items Clause: Evasion items are banned
|rule|Evasion Moves Clause: Evasion moves are banned
|rule|Sleep Moves Clause: Sleep-inducing moves are banned
|clearpoke
|poke|p1|Mimikyu, F|
|poke|p1|Enamorus-Therian, F|
|poke|p1|Ursaluna, F|
|poke|p1|Indeedee-F, F|
|poke|p1|Kingambit, M|
|poke|p1|Torkoal, M|
|poke|p2|Iron Moth|
|poke|p2|Slowking-Galar, F|
|poke|p2|Dragonite, F|
|poke|p2|Kingambit, M|
|poke|p2|Quaquaval, M|
|poke|p2|Landorus-Therian, M|
|teampreview
|inactive|Battle timer is ON: inactive players will automatically lose when time's up. (requested by bnk1801)
|
|t:|1743868629
|start
|switch|p1a: Mimikyu|Mimikyu, F|100/100
|switch|p2a: Landorus|Landorus-Therian, M|100/100
|-ability|p2a: Landorus|Intimidate|boost
|-unboost|p1a: Mimikyu|atk|1
|turn|1
|
|t:|1743868643
|switch|p1a: Ursaluna|Ursaluna, F|100/100
|move|p2a: Landorus|Taunt|p1a: Ursaluna
|-start|p1a: Ursaluna|move: Taunt
|
|-status|p1a: Ursaluna|brn|[from] item: Flame Orb
|upkeep
|turn|2
|
|t:|1743868651
|move|p2a: Landorus|U-turn|p1a: Ursaluna
|-damage|p1a: Ursaluna|85/100 brn
|
|t:|1743868668
|switch|p2a: Slowking|Slowking-Galar, F|100/100|[from] U-turn
|move|p1a: Ursaluna|Smack Down|p2a: Slowking
|-damage|p2a: Slowking|70/100
|
|-damage|p1a: Ursaluna|79/100 brn|[from] brn
|upkeep
|turn|3
|
|t:|1743868677
|switch|p2a: Landorus|Landorus-Therian, M|100/100
|-ability|p2a: Landorus|Intimidate|boost
|-unboost|p1a: Ursaluna|atk|1
|move|p1a: Ursaluna|Headlong Rush|p2a: Landorus
|-immune|p2a: Landorus
|
|-damage|p1a: Ursaluna|73/100 brn|[from] brn
|-end|p1a: Ursaluna|move: Taunt
|upkeep
|turn|4
|
|t:|1743868686
|move|p2a: Landorus|U-turn|p1a: Ursaluna
|-damage|p1a: Ursaluna|59/100 brn
|
|t:|1743868687
|switch|p2a: Slowking|Slowking-Galar, F|100/100|[from] U-turn
|move|p1a: Ursaluna|Facade|p2a: Slowking
|-damage|p2a: Slowking|18/100
|
|-damage|p1a: Ursaluna|53/100 brn|[from] brn
|upkeep
|turn|5
|
|t:|1743868697
|switch|p1a: Kingambit|Kingambit, M|100/100
|switch|p2a: Landorus|Landorus-Therian, M|100/100
|-ability|p2a: Landorus|Intimidate|boost
|-unboost|p1a: Kingambit|atk|1
|
|upkeep
|turn|6
|
|t:|1743868706
|move|p2a: Landorus|Earth Power|p1a: Kingambit
|-supereffective|p1a: Kingambit
|-damage|p1a: Kingambit|44/100
|move|p1a: Kingambit|Kowtow Cleave|p2a: Landorus
|-damage|p2a: Landorus|69/100
|-damage|p1a: Kingambit|27/100|[from] item: Rocky Helmet|[of] p2a: Landorus
|-damage|p1a: Kingambit|17/100|[from] item: Life Orb
|
|upkeep
|turn|7
|
|t:|1743868716
|-end|p1a: Kingambit|fallenundefined|[silent]
|switch|p1a: Enamorus|Enamorus-Therian, F|100/100
|move|p2a: Landorus|Earth Power|p1a: Enamorus
|-immune|p1a: Enamorus
|
|upkeep
|turn|8
|
|t:|1743868732
|move|p2a: Landorus|Stealth Rock|p1a: Enamorus
|-sidestart|p1: bnk1801|move: Stealth Rock
|move|p1a: Enamorus|Mystical Fire|p2a: Landorus
|-damage|p2a: Landorus|24/100
|-unboost|p2a: Landorus|spa|1
|
|upkeep
|turn|9
|
|t:|1743868739
|switch|p2a: Slowking|Slowking-Galar, F|52/100
|move|p1a: Enamorus|Mystical Fire|p2a: Slowking
|-damage|p2a: Slowking|27/100
|-unboost|p2a: Slowking|spa|1
|
|upkeep
|turn|10
|
|t:|1743868751
|move|p1a: Enamorus|Mystical Fire|p2a: Slowking
|-damage|p2a: Slowking|3/100
|-unboost|p2a: Slowking|spa|1
|-prepare|p2a: Slowking|Chilly Reception|[premajor]
|move|p2a: Slowking|Chilly Reception|p2a: Slowking
|-weather|Snowscape
|
|t:|1743868763
|switch|p2a: Iron Moth|Iron Moth|100/100|[from] Chilly Reception
|
|-weather|Snowscape|[upkeep]
|upkeep
|turn|11
|
|t:|1743868777
|switch|p1a: Kingambit|Kingambit, M|17/100
|-damage|p1a: Kingambit|11/100|[from] Stealth Rock
|move|p2a: Iron Moth|Fiery Dance|p1a: Kingambit
|-supereffective|p1a: Kingambit
|-damage|p1a: Kingambit|0 fnt
|-boost|p2a: Iron Moth|spa|1
|faint|p1a: Kingambit
|-end|p1a: Kingambit|fallenundefined|[silent]
|
|-weather|Snowscape|[upkeep]
|upkeep
|
|t:|1743868782
|switch|p1a: Mimikyu|Mimikyu, F|100/100
|-damage|p1a: Mimikyu|88/100|[from] Stealth Rock
|turn|12
|
|t:|1743868794
|-end|p2a: Iron Moth|Quark Drive|[silent]
|switch|p2a: Landorus|Landorus-Therian, M|24/100
|-ability|p2a: Landorus|Intimidate|boost
|-unboost|p1a: Mimikyu|atk|1
|move|p1a: Mimikyu|Trick Room|p1a: Mimikyu
|-fieldstart|move: Trick Room|[of] p1a: Mimikyu
|
|-weather|Snowscape|[upkeep]
|upkeep
|turn|13
|
|t:|1743868806
|switch|p1a: Enamorus|Enamorus-Therian, F|100/100
|-damage|p1a: Enamorus|76/100|[from] Stealth Rock
|move|p2a: Landorus|Taunt|p1a: Enamorus
|-start|p1a: Enamorus|move: Taunt
|
|-weather|Snowscape|[upkeep]
|upkeep
|turn|14
|
|t:|1743868828
|switch|p2a: Slowking|Slowking-Galar, F|37/100
|move|p1a: Enamorus|Psychic|p2a: Slowking
|-damage|p2a: Slowking|8/100
|
|-weather|none
|upkeep
|turn|15
|
|t:|1743868835
|move|p2a: Slowking|Sludge Bomb|p1a: Enamorus
|-supereffective|p1a: Enamorus
|-damage|p1a: Enamorus|7/100
|move|p1a: Enamorus|Psychic|p2a: Slowking
|-damage|p2a: Slowking|0 fnt
|faint|p2a: Slowking
|
|-end|p1a: Enamorus|move: Taunt
|upkeep
|
|t:|1743868852
|switch|p2a: Kingambit|Kingambit, M|100/100
|-activate|p2a: Kingambit|ability: Supreme Overlord
|-start|p2a: Kingambit|fallen1|[silent]
|turn|16
|
|t:|1743868865
|switch|p1a: Mimikyu|Mimikyu, F|88/100
|-damage|p1a: Mimikyu|76/100|[from] Stealth Rock
|move|p2a: Kingambit|Sucker Punch||[still]
|-fail|p2a: Kingambit
|
|-fieldend|move: Trick Room
|upkeep
|turn|17
|
|t:|1743868873
|move|p2a: Kingambit|Kowtow Cleave|p1a: Mimikyu
|-activate|p1a: Mimikyu|ability: Disguise
|-damage|p1a: Mimikyu|76/100
|-damage|p2a: Kingambit|84/100|[from] item: Rocky Helmet|[of] p1a: Mimikyu
|detailschange|p1a: Mimikyu|Mimikyu-Busted, F
|-damage|p1a: Mimikyu|63/100|[from] pokemon: Mimikyu-Busted
|move|p1a: Mimikyu|Trick Room|p1a: Mimikyu
|-fieldstart|move: Trick Room|[of] p1a: Mimikyu
|
|-heal|p2a: Kingambit|90/100|[from] item: Leftovers
|upkeep
|turn|18
|
|t:|1743868884
|move|p1a: Mimikyu|Destiny Bond|p1a: Mimikyu
|-singlemove|p1a: Mimikyu|Destiny Bond
|move|p2a: Kingambit|Iron Head|p1a: Mimikyu
|-supereffective|p1a: Mimikyu
|-damage|p1a: Mimikyu|0 fnt
|-damage|p2a: Kingambit|74/100|[from] item: Rocky Helmet|[of] p1a: Mimikyu
|faint|p1a: Mimikyu
|-activate|p1a: Mimikyu|move: Destiny Bond
|faint|p2a: Kingambit
|-end|p2a: Kingambit|fallen1|[silent]
|
|upkeep
|
|t:|1743868895
|switch|p1a: Ursaluna|Ursaluna, F|53/100 brn
|switch|p2a: Landorus|Landorus-Therian, M|24/100
|-damage|p1a: Ursaluna|47/100 brn|[from] Stealth Rock
|-ability|p2a: Landorus|Intimidate|boost
|-unboost|p1a: Ursaluna|atk|1
|turn|19
|
|t:|1743868904
|move|p1a: Ursaluna|Facade|p2a: Landorus
|-damage|p2a: Landorus|0 fnt
|-damage|p1a: Ursaluna|30/100 brn|[from] item: Rocky Helmet|[of] p2a: Landorus
|faint|p2a: Landorus
|
|-damage|p1a: Ursaluna|24/100 brn|[from] brn
|upkeep
|
|t:|1743868913
|switch|p2a: Dragonite|Dragonite, F|100/100
|turn|20
|
|t:|1743868931
|move|p2a: Dragonite|Extreme Speed|p1a: Ursaluna
|-damage|p1a: Ursaluna|2/100 brn
|move|p1a: Ursaluna|Facade|p2a: Dragonite
|-damage|p2a: Dragonite|57/100
|
|-damage|p1a: Ursaluna|0 fnt|[from] brn
|faint|p1a: Ursaluna
|upkeep
|
|t:|1743868941
|switch|p1a: Indeedee|Indeedee-F, F|100/100
|-damage|p1a: Indeedee|88/100|[from] Stealth Rock
|-fieldstart|move: Psychic Terrain|[from] ability: Psychic Surge|[of] p1a: Indeedee
|turn|21
|
|t:|1743868954
|move|p2a: Dragonite|Earthquake|p1a: Indeedee
|-damage|p1a: Indeedee|34/100
|move|p1a: Indeedee|Trick Room|p1a: Indeedee
|-fieldend|move: Trick Room
|
|upkeep
|turn|22
|
|t:|1743868969
|switch|p1a: Enamorus|Enamorus-Therian, F|7/100
|-damage|p1a: Enamorus|0 fnt|[from] Stealth Rock
|faint|p1a: Enamorus
|move|p2a: Dragonite|Earthquake|p1: Enamorus|[notarget]
|-fail|p2a: Dragonite
|
|upkeep
|
|t:|1743868974
|switch|p1a: Torkoal|Torkoal, M|100/100
|-damage|p1a: Torkoal|75/100|[from] Stealth Rock
|-weather|SunnyDay|[from] ability: Drought|[of] p1a: Torkoal
|turn|23
|
|t:|1743868983
|-terastallize|p1a: Torkoal|Fire
|move|p2a: Dragonite|Earthquake|p1a: Torkoal
|-supereffective|p1a: Torkoal
|-damage|p1a: Torkoal|20/100
|move|p1a: Torkoal|Overheat|p2a: Dragonite
|-resisted|p2a: Dragonite
|-damage|p2a: Dragonite|0 fnt
|-unboost|p1a: Torkoal|spa|2
|faint|p2a: Dragonite
|
|-weather|SunnyDay|[upkeep]
|upkeep
|
|t:|1743868990
|switch|p2a: Duckular|Quaquaval, M|100/100
|turn|24
|
|t:|1743868995
|switch|p1a: Indeedee|Indeedee-F, F|34/100
|-damage|p1a: Indeedee|22/100|[from] Stealth Rock
|move|p2a: Duckular|Aqua Step|p1a: Indeedee
|-damage|p1a: Indeedee|0 fnt
|-boost|p2a: Duckular|spe|1
|faint|p1a: Indeedee
|-ability|p2a: Duckular|Moxie|boost
|-boost|p2a: Duckular|atk|1
|
|-weather|SunnyDay|[upkeep]
|upkeep
|-message|bnk1801 forfeited.
|
|win|shadowslayer123
|raw|bnk1801's rating: 1307 &rarr; <strong>1288</strong><br />(-19 for losing)
|raw|shadowslayer123's rating: 1321 &rarr; <strong>1340</strong><br />(+19 for winning)
|l|☆bnk1801
|player|p1|
|l|☆shadowslayer123
|player|p2|
