|j|☆Boneyard00
|j|☆awtkss
|t:|1743801359
|gametype|singles
|player|p1|Boneyard00|acetrainer-gen4dp|1191
|player|p2|awtkss|nate|1187
|teamsize|p1|6
|teamsize|p2|6
|gen|9
|tier|[Gen 9] OU
|rated|
|rule|HP Percentage Mod: HP is shown in percentages
|rule|Endless Battle Clause: Forcing endless battles is banned
|rule|Species Clause: Limit one of each Pokémon
|rule|OHKO Clause: OHKO moves are banned
|rule|Evasion Items Clause: Evasion items are banned
|rule|Evasion Moves Clause: Evasion moves are banned
|rule|Sleep Moves Clause: Sleep-inducing moves are banned
|clearpoke
|poke|p1|Talonflame, F|
|poke|p1|Sawsbuck-Winter, M|
|poke|p1|Basculegion, M|
|poke|p1|Electivire, F|
|poke|p1|Avalugg, M|
|poke|p1|Vespiquen, F|
|poke|p2|Dragapult, M|
|poke|p2|Primarina, M|
|poke|p2|Darkrai|
|poke|p2|Iron Moth|
|poke|p2|Gliscor, M|
|poke|p2|Ogerpon-Wellspring, F|
|teampreview
|
|t:|1743801375
|start
|switch|p1a: Haywire|Electivire, F|100/100
|switch|p2a: Gliscor|Gliscor, M|100/100
|turn|1
|inactive|Battle timer is ON: inactive players will automatically lose when time's up. (requested by Boneyard00)
|
|t:|1743801380
|move|p1a: Haywire|Knock Off|p2a: Gliscor
|-damage|p2a: Gliscor|81/100
|-enditem|p2a: Gliscor|Toxic Orb|[from] move: Knock Off|[of] p1a: Haywire
|move|p2a: Gliscor|Spikes|p1a: Haywire
|-sidestart|p1: Boneyard00|Spikes
|
|upkeep
|turn|2
|
|t:|1743801384
|switch|p1a: Laurentor|Avalugg, M|100/100
|-damage|p1a: Laurentor|88/100|[from] Spikes
|move|p2a: Gliscor|Spikes|p1a: Laurentor
|-sidestart|p1: Boneyard00|Spikes
|
|upkeep
|turn|3
|
|t:|1743801392
|move|p2a: Gliscor|Protect|p2a: Gliscor
|-singleturn|p2a: Gliscor|Protect
|move|p1a: Laurentor|Avalanche|p2a: Gliscor
|-activate|p2a: Gliscor|move: Protect
|
|upkeep
|turn|4
|
|t:|1743801403
|move|p2a: Gliscor|Spikes|p1a: Laurentor
|-sidestart|p1: Boneyard00|Spikes
|move|p1a: Laurentor|Rapid Spin|p2a: Gliscor
|-damage|p2a: Gliscor|73/100
|-boost|p1a: Laurentor|spe|1
|-sideend|p1: Boneyard00|Spikes|[from] move: Rapid Spin|[of] p1a: Laurentor
|
|upkeep
|turn|5
|
|t:|1743801410
|move|p2a: Gliscor|Toxic|p1a: Laurentor
|-status|p1a: Laurentor|tox
|move|p1a: Laurentor|Avalanche|p2a: Gliscor
|-supereffective|p2a: Gliscor
|-damage|p2a: Gliscor|4/100
|
|-damage|p1a: Laurentor|82/100 tox|[from] psn
|upkeep
|turn|6
|
|t:|1743801413
|move|p2a: Gliscor|Protect|p2a: Gliscor
|-singleturn|p2a: Gliscor|Protect
|move|p1a: Laurentor|Rapid Spin|p2a: Gliscor
|-activate|p2a: Gliscor|move: Protect
|
|-damage|p1a: Laurentor|70/100 tox|[from] psn
|upkeep
|turn|7
|
|t:|1743801424
|move|p2a: Gliscor|Spikes|p1a: Laurentor
|-sidestart|p1: Boneyard00|Spikes
|move|p1a: Laurentor|Rapid Spin|p2a: Gliscor
|-crit|p2a: Gliscor
|-damage|p2a: Gliscor|0 fnt
|-boost|p1a: Laurentor|spe|1
|-sideend|p1: Boneyard00|Spikes|[from] move: Rapid Spin|[of] p1a: Laurentor
|faint|p2a: Gliscor
|
|-damage|p1a: Laurentor|52/100 tox|[from] psn
|upkeep
|inactive|awtkss has 120 seconds left.
|
|t:|1743801456
|switch|p2a: Darkrai|Darkrai|100/100
|turn|8
|
|t:|1743801459
|move|p2a: Darkrai|Focus Blast|p1a: Laurentor|[miss]
|-miss|p2a: Darkrai|p1a: Laurentor
|move|p1a: Laurentor|Body Press|p2a: Darkrai
|-supereffective|p2a: Darkrai
|-damage|p2a: Darkrai|10/100
|
|-damage|p1a: Laurentor|27/100 tox|[from] psn
|upkeep
|turn|9
|
|t:|1743801469
|switch|p1a: Bashigon|Basculegion, M|100/100
|move|p2a: Darkrai|Dark Pulse|p1a: Bashigon
|-supereffective|p1a: Bashigon
|-damage|p1a: Bashigon|0 fnt
|faint|p1a: Bashigon
|-damage|p2a: Darkrai|0 fnt|[from] item: Life Orb
|faint|p2a: Darkrai
|
|upkeep
|c|☆Boneyard00|Damm jt
|
|t:|1743801487
|switch|p2a: Iron Moth|Iron Moth|100/100
|switch|p1a: Caribbean|Talonflame, F|100/100
|-enditem|p2a: Iron Moth|Booster Energy
|-activate|p2a: Iron Moth|ability: Quark Drive|[fromitem]
|-start|p2a: Iron Moth|quarkdrivespe
|turn|10
|
|t:|1743801495
|move|p2a: Iron Moth|Sludge Wave|p1a: Caribbean
|-damage|p1a: Caribbean|23/100
|move|p1a: Caribbean|Taunt|p2a: Iron Moth
|-start|p2a: Iron Moth|move: Taunt
|
|upkeep
|turn|11
|
|t:|1743801502
|move|p2a: Iron Moth|Sludge Wave|p1a: Caribbean
|-damage|p1a: Caribbean|0 fnt
|faint|p1a: Caribbean
|
|upkeep
|
|t:|1743801505
|switch|p1a: Haywire|Electivire, F|100/100
|turn|12
|
|t:|1743801511
|move|p2a: Iron Moth|Fiery Dance|p1a: Haywire
|-damage|p1a: Haywire|67/100
|-boost|p2a: Iron Moth|spa|1
|move|p1a: Haywire|Earthquake|p2a: Iron Moth
|-supereffective|p2a: Iron Moth
|-damage|p2a: Iron Moth|0 fnt
|faint|p2a: Iron Moth
|-end|p2a: Iron Moth|Quark Drive|[silent]
|
|upkeep
|
|t:|1743801521
|switch|p2a: Dragapult|Dragapult, M|100/100
|turn|13
|
|t:|1743801530
|-terastallize|p2a: Dragapult|Dragon
|move|p2a: Dragapult|Dragon Darts|p1a: Haywire
|-damage|p1a: Haywire|3/100
|-anim|p2a: Dragapult|Dragon Darts|p1a: Haywire
|-crit|p1a: Haywire
|-damage|p1a: Haywire|0 fnt
|faint|p1a: Haywire
|
|upkeep
|
|t:|1743801535
|switch|p1a: Vicky|Vespiquen, F|100/100
|-ability|p1a: Vicky|Pressure
|turn|14
|
|t:|1743801540
|-terastallize|p1a: Vicky|Steel
|move|p2a: Dragapult|Dragon Darts|p1a: Vicky
|-resisted|p1a: Vicky
|-damage|p1a: Vicky|77/100
|-anim|p2a: Dragapult|Dragon Darts|p1a: Vicky
|-resisted|p1a: Vicky
|-damage|p1a: Vicky|54/100
|move|p1a: Vicky|Defend Order|p1a: Vicky
|-boost|p1a: Vicky|def|1
|-boost|p1a: Vicky|spd|1
|
|-heal|p1a: Vicky|60/100|[from] item: Leftovers
|upkeep
|turn|15
|
|t:|1743801559
|switch|p2a: Ogerpon|Ogerpon-Wellspring, F|100/100
|move|p1a: Vicky|Roost|p1a: Vicky
|-heal|p1a: Vicky|100/100
|
|upkeep
|turn|16
|
|t:|1743801567
|move|p2a: Ogerpon|Encore|p1a: Vicky
|-start|p1a: Vicky|Encore
|move|p1a: Vicky|Roost||[still]
|-fail|p1a: Vicky|heal
|
|upkeep
|turn|17
|
|t:|1743801571
|switch|p1a: Laurentor|Avalugg, M|27/100 tox
|move|p2a: Ogerpon|Swords Dance|p2a: Ogerpon
|-boost|p2a: Ogerpon|atk|2
|
|-damage|p1a: Laurentor|21/100 tox|[from] psn
|upkeep
|turn|18
|
|t:|1743801582
|move|p2a: Ogerpon|Ivy Cudgel|p1a: Laurentor|[anim] Ivy Cudgel Water
|-damage|p1a: Laurentor|0 fnt
|faint|p1a: Laurentor
|
|upkeep
|
|t:|1743801586
|switch|p1a: Vicky|Vespiquen, F, tera:Steel|100/100
|-ability|p1a: Vicky|Pressure
|turn|19
|
|t:|1743801605
|move|p2a: Ogerpon|Ivy Cudgel|p1a: Vicky|[anim] Ivy Cudgel Water
|-damage|p1a: Vicky|0 fnt
|faint|p1a: Vicky
|
|upkeep
|c|☆Boneyard00|I hate this thing
|
|t:|1743801610
|switch|p1a: Milwauk|Sawsbuck-Winter, M, shiny|100/100
|turn|20
|c|☆awtkss|sorry
|c|☆Boneyard00|All good
|inactive|awtkss has 120 seconds left.
|
|t:|1743801641
|move|p2a: Ogerpon|Ivy Cudgel|p1a: Milwauk|[anim] Ivy Cudgel Water
|-resisted|p1a: Milwauk
|-damage|p1a: Milwauk|10/100
|move|p1a: Milwauk|Headbutt|p2a: Ogerpon
|-damage|p2a: Ogerpon|51/100
|-damage|p1a: Milwauk|0 fnt|[from] item: Life Orb
|faint|p1a: Milwauk
|
|win|awtkss
|raw|Boneyard00's rating: 1191 &rarr; <strong>1166</strong><br />(-25 for losing)
|raw|awtkss's rating: 1187 &rarr; <strong>1212</strong><br />(+25 for winning)
|l|☆Boneyard00
|player|p1|
|l|☆awtkss
|player|p2|
