|j|☆Ndi Eze
|j|☆stallkiller393
|t:|1743808260
|gametype|singles
|player|p1|Ndi Eze|alder|1199
|player|p2|stallkiller393|rocketgrunt|1159
|teamsize|p1|6
|teamsize|p2|6
|gen|9
|tier|[Gen 9] OU
|rated|
|rule|HP Percentage Mod: HP is shown in percentages
|rule|Endless Battle Clause: Forcing endless battles is banned
|rule|Species Clause: Limit one of each Pokémon
|rule|OHKO Clause: OHKO moves are banned
|rule|Evasion Items Clause: Evasion items are banned
|rule|Evasion Moves Clause: Evasion moves are banned
|rule|Sleep Moves Clause: Sleep-inducing moves are banned
|clearpoke
|poke|p1|Garganacl, M|
|poke|p1|Ting-Lu|
|poke|p1|Primarina, F|
|poke|p1|Magnezone|
|poke|p1|Okidogi, M|
|poke|p1|Weavile, F|
|poke|p2|Rampardos, M|
|poke|p2|Kommo-o, M|
|poke|p2|Sawsbuck, M|
|poke|p2|Torkoal, M|
|poke|p2|Scream Tail|
|poke|p2|Pecharunt|
|teampreview
|inactive|Battle timer is ON: inactive players will automatically lose when time's up. (requested by Ndi Eze)
|
|t:|1743808275
|start
|switch|p1a: Ting-Lu|Ting-Lu|100/100
|switch|p2a: Torkoal|Torkoal, M|100/100
|-ability|p1a: Ting-Lu|Vessel of Ruin
|-weather|SunnyDay|[from] ability: Drought|[of] p2a: Torkoal
|turn|1
|
|t:|1743808288
|move|p1a: Ting-Lu|Sand Tomb|p2a: Torkoal|[miss]
|-miss|p1a: Ting-Lu|p2a: Torkoal
|move|p2a: Torkoal|Stealth Rock|p1a: Ting-Lu
|-sidestart|p1: Ndi Eze|move: Stealth Rock
|
|-weather|SunnyDay|[upkeep]
|upkeep
|turn|2
|
|t:|1743808302
|switch|p2a: Scream Tail|Scream Tail|100/100
|-activate|p2a: Scream Tail|ability: Protosynthesis
|-start|p2a: Scream Tail|protosynthesisspe
|move|p1a: Ting-Lu|Stealth Rock|p2a: Scream Tail
|-sidestart|p2: stallkiller393|move: Stealth Rock
|
|-weather|SunnyDay|[upkeep]
|upkeep
|turn|3
|
|t:|1743808312
|move|p2a: Scream Tail|Boomburst|p1a: Ting-Lu
|-crit|p1a: Ting-Lu
|-damage|p1a: Ting-Lu|71/100
|-enditem|p2a: Scream Tail|Throat Spray
|-boost|p2a: Scream Tail|spa|1|[from] item: Throat Spray
|move|p1a: Ting-Lu|Sand Tomb|p2a: Scream Tail
|-damage|p2a: Scream Tail|89/100
|-activate|p2a: Scream Tail|move: Sand Tomb|[of] p1a: Ting-Lu
|
|-weather|SunnyDay|[upkeep]
|-heal|p1a: Ting-Lu|78/100|[from] item: Leftovers
|-damage|p2a: Scream Tail|76/100|[from] move: Sand Tomb|[partiallytrapped]
|upkeep
|turn|4
|
|t:|1743808320
|move|p2a: Scream Tail|Dazzling Gleam|p1a: Ting-Lu
|-supereffective|p1a: Ting-Lu
|-damage|p1a: Ting-Lu|23/100
|move|p1a: Ting-Lu|Ruination|p2a: Scream Tail
|-damage|p2a: Scream Tail|38/100
|
|-weather|SunnyDay|[upkeep]
|-heal|p1a: Ting-Lu|30/100|[from] item: Leftovers
|-damage|p2a: Scream Tail|26/100|[from] move: Sand Tomb|[partiallytrapped]
|upkeep
|turn|5
|
|t:|1743808332
|move|p1a: Ting-Lu|Protect|p1a: Ting-Lu
|-singleturn|p1a: Ting-Lu|Protect
|move|p2a: Scream Tail|Dazzling Gleam|p1a: Ting-Lu
|-activate|p1a: Ting-Lu|move: Protect
|
|-weather|none
|-end|p2a: Scream Tail|Protosynthesis
|-heal|p1a: Ting-Lu|36/100|[from] item: Leftovers
|-damage|p2a: Scream Tail|13/100|[from] move: Sand Tomb|[partiallytrapped]
|upkeep
|turn|6
|
|t:|1743808341
|-terastallize|p1a: Ting-Lu|Ghost
|move|p2a: Scream Tail|Dazzling Gleam|p1a: Ting-Lu
|-damage|p1a: Ting-Lu|10/100
|move|p1a: Ting-Lu|Ruination|p2a: Scream Tail
|-damage|p2a: Scream Tail|7/100
|
|-heal|p1a: Ting-Lu|16/100|[from] item: Leftovers
|-damage|p2a: Scream Tail|0 fnt|[from] move: Sand Tomb|[partiallytrapped]
|faint|p2a: Scream Tail
|-end|p2a: Scream Tail|Protosynthesis|[silent]
|upkeep
|
|t:|1743808351
|switch|p2a: Torkoal|Torkoal, M|100/100
|-weather|SunnyDay|[from] ability: Drought|[of] p2a: Torkoal
|turn|7
|inactive|Ndi Eze has 120 seconds left.
|
|t:|1743808393
|switch|p2a: Sawsbuck|Sawsbuck, M|100/100
|-damage|p2a: Sawsbuck|88/100|[from] Stealth Rock
|move|p1a: Ting-Lu|Sand Tomb|p2a: Sawsbuck
|-resisted|p2a: Sawsbuck
|-damage|p2a: Sawsbuck|81/100
|-activate|p2a: Sawsbuck|move: Sand Tomb|[of] p1a: Ting-Lu
|
|-weather|SunnyDay|[upkeep]
|-heal|p1a: Ting-Lu|23/100|[from] item: Leftovers
|-damage|p2a: Sawsbuck|68/100|[from] move: Sand Tomb|[partiallytrapped]
|upkeep
|turn|8
|
|t:|1743808402
|move|p2a: Sawsbuck|Swords Dance|p2a: Sawsbuck
|-boost|p2a: Sawsbuck|atk|2
|move|p1a: Ting-Lu|Ruination|p2a: Sawsbuck
|-damage|p2a: Sawsbuck|34/100
|
|-weather|SunnyDay|[upkeep]
|-heal|p1a: Ting-Lu|29/100|[from] item: Leftovers
|-damage|p2a: Sawsbuck|22/100|[from] move: Sand Tomb|[partiallytrapped]
|upkeep
|turn|9
|inactive|Ndi Eze has 120 seconds left.
|
|t:|1743808414
|move|p1a: Ting-Lu|Protect|p1a: Ting-Lu
|-singleturn|p1a: Ting-Lu|Protect
|move|p2a: Sawsbuck|Horn Leech|p1a: Ting-Lu
|-activate|p1a: Ting-Lu|move: Protect
|
|-weather|SunnyDay|[upkeep]
|-heal|p1a: Ting-Lu|35/100|[from] item: Leftovers
|-damage|p2a: Sawsbuck|10/100|[from] move: Sand Tomb|[partiallytrapped]
|upkeep
|turn|10
|inactive|Ndi Eze has 120 seconds left.
|
|t:|1743808425
|move|p1a: Ting-Lu|Protect|p1a: Ting-Lu
|-singleturn|p1a: Ting-Lu|Protect
|move|p2a: Sawsbuck|Horn Leech|p1a: Ting-Lu
|-activate|p1a: Ting-Lu|move: Protect
|
|-weather|SunnyDay|[upkeep]
|-heal|p1a: Ting-Lu|41/100|[from] item: Leftovers
|-damage|p2a: Sawsbuck|0 fnt|[from] move: Sand Tomb|[partiallytrapped]
|faint|p2a: Sawsbuck
|upkeep
|c|☆stallkiller393|ofc
|c|☆stallkiller393|so lucky
|
|t:|1743808444
|switch|p2a: Torkoal|Torkoal, M|100/100
|turn|11
|inactive|Ndi Eze has 120 seconds left.
|c|☆stallkiller393|hurry up
|c|☆stallkiller393|it's not hard to stall and click buttons my guy
|inactive|Ndi Eze has 90 seconds left.
|
|t:|1743808501
|switch|p1a: Primarina|Primarina, F|100/100
|-damage|p1a: Primarina|88/100|[from] Stealth Rock
|move|p2a: Torkoal|Lava Plume|p1a: Primarina
|-resisted|p1a: Primarina
|-damage|p1a: Primarina|75/100
|
|-weather|none
|upkeep
|turn|12
|l|☆Ndi Eze
|inactive|Ndi Eze disconnected and has a minute to reconnect!
|player|p1|
|
|t:|1743808517
|move|p1a: Primarina|Hyper Voice|p2a: Torkoal
|-supereffective|p2a: Torkoal
|-damage|p2a: Torkoal|0 fnt
|faint|p2a: Torkoal
|
|upkeep
|j|☆Ndi Eze
|inactive|Ndi Eze reconnected.
|player|p1|Ndi Eze|alder|
|c|☆Ndi Eze|U mad lil bra
|c|☆stallkiller393|not at all
|inactive|stallkiller393 has 120 seconds left.
|c|☆stallkiller393|just want you to hurry up
|c|☆Ndi Eze|immcooking stfu
|c|☆Ndi Eze|U hurry up
|c|☆stallkiller393|okay
|c|☆stallkiller393|just hurry up next time
|c|☆stallkiller393|good boy
|inactive|stallkiller393 has 90 seconds left.
|
|t:|1743808568
|switch|p2a: Pecharunt|Pecharunt|100/100
|-damage|p2a: Pecharunt|88/100|[from] Stealth Rock
|-item|p2a: Pecharunt|Air Balloon
|turn|13
|inactive|stallkiller393 has 90 seconds left.
|
|t:|1743808580
|switch|p1a: Magnezone|Magnezone|100/100
|-damage|p1a: Magnezone|94/100|[from] Stealth Rock
|-item|p1a: Magnezone|Air Balloon
|move|p2a: Pecharunt|Nasty Plot|p2a: Pecharunt
|-boost|p2a: Pecharunt|spa|2
|
|upkeep
|turn|14
|c|☆Ndi Eze|Lmao u mad
|inactive|stallkiller393 has 90 seconds left.
|c|☆stallkiller393|literally not at all
|c|☆stallkiller393|like I said just hurry up
|c|☆stallkiller393|or be silent
|inactive|stallkiller393 has 60 seconds left.
|
|t:|1743808642
|-terastallize|p2a: Pecharunt|Fighting
|move|p2a: Pecharunt|Tera Blast|p1a: Magnezone|[anim] Tera Blast Fighting
|-supereffective|p1a: Magnezone
|-damage|p1a: Magnezone|0 fnt
|-enditem|p1a: Magnezone|Air Balloon
|faint|p1a: Magnezone
|
|upkeep
|inactive|Ndi Eze has 90 seconds left.
|
|t:|1743808663
|switch|p1a: Primarina|Primarina, F|75/100
|-damage|p1a: Primarina|62/100|[from] Stealth Rock
|turn|15
|
|t:|1743808668
|move|p2a: Pecharunt|Malignant Chain|p1a: Primarina
|-supereffective|p1a: Primarina
|-damage|p1a: Primarina|0 fnt
|faint|p1a: Primarina
|
|upkeep
|c|☆Ndi Eze|Lmao
|inactive|Ndi Eze has 90 seconds left.
|c|☆Ndi Eze|im cooking lil boy relax
|
|t:|1743808688
|switch|p1a: Weavile|Weavile, F|100/100
|turn|16
|c|☆stallkiller393|that's faster that's a bit better
|c|☆stallkiller393|you're learning
|inactive|stallkiller393 has 60 seconds left.
|
|t:|1743808696
|move|p1a: Weavile|Knock Off|p2a: Pecharunt
|-resisted|p2a: Pecharunt
|-damage|p2a: Pecharunt|72/100
|-enditem|p2a: Pecharunt|Air Balloon
|move|p2a: Pecharunt|Tera Blast|p1a: Weavile|[anim] Tera Blast Fighting
|-supereffective|p1a: Weavile
|-damage|p1a: Weavile|0 fnt
|faint|p1a: Weavile
|
|upkeep
|
|t:|1743808702
|switch|p1a: Okidogi|Okidogi, M|100/100
|-damage|p1a: Okidogi|94/100|[from] Stealth Rock
|turn|17
|inactive|stallkiller393 has 60 seconds left.
|c|☆Ndi Eze|Hurry noob
|
|t:|1743808724
|move|p2a: Pecharunt|Shadow Ball|p1a: Okidogi
|-damage|p1a: Okidogi|48/100
|-unboost|p1a: Okidogi|spd|1
|move|p1a: Okidogi|Poison Jab|p2a: Pecharunt
|-damage|p2a: Pecharunt|47/100
|-status|p2a: Pecharunt|psn
|
|-heal|p1a: Okidogi|54/100|[from] item: Leftovers
|-damage|p2a: Pecharunt|35/100 psn|[from] psn
|upkeep
|turn|18
|inactive|stallkiller393 has 60 seconds left.
|
|t:|1743808741
|move|p2a: Pecharunt|Shadow Ball|p1a: Okidogi
|-damage|p1a: Okidogi|0 fnt
|faint|p1a: Okidogi
|
|-damage|p2a: Pecharunt|22/100 psn|[from] psn
|upkeep
|
|t:|1743808743
|switch|p1a: Ting-Lu|Ting-Lu, tera:Ghost|41/100
|-damage|p1a: Ting-Lu|29/100|[from] Stealth Rock
|-ability|p1a: Ting-Lu|Vessel of Ruin
|turn|19
|inactive|stallkiller393 has 60 seconds left.
|
|t:|1743808757
|move|p1a: Ting-Lu|Protect|p1a: Ting-Lu
|-singleturn|p1a: Ting-Lu|Protect
|move|p2a: Pecharunt|Shadow Ball|p1a: Ting-Lu
|-activate|p1a: Ting-Lu|move: Protect
|
|-heal|p1a: Ting-Lu|35/100|[from] item: Leftovers
|-damage|p2a: Pecharunt|10/100 psn|[from] psn
|upkeep
|turn|20
|inactive|Ndi Eze has 120 seconds left.
|
|t:|1743808764
|move|p1a: Ting-Lu|Protect||[still]
|-fail|p1a: Ting-Lu
|move|p2a: Pecharunt|Shadow Ball|p1a: Ting-Lu
|-supereffective|p1a: Ting-Lu
|-damage|p1a: Ting-Lu|0 fnt
|faint|p1a: Ting-Lu
|
|-damage|p2a: Pecharunt|0 fnt|[from] psn
|faint|p2a: Pecharunt
|upkeep
|
|t:|1743808777
|switch|p2a: Rampardos|Rampardos, M|100/100
|switch|p1a: Garganacl|Garganacl, M, shiny|100/100
|-damage|p2a: Rampardos|88/100|[from] Stealth Rock
|-damage|p1a: Garganacl|88/100|[from] Stealth Rock
|turn|21
|
|t:|1743808784
|move|p2a: Rampardos|Iron Head|p1a: Garganacl
|-supereffective|p1a: Garganacl
|-damage|p1a: Garganacl|22/100
|move|p1a: Garganacl|Iron Defense|p1a: Garganacl
|-boost|p1a: Garganacl|def|2
|
|-heal|p1a: Garganacl|28/100|[from] item: Leftovers
|upkeep
|turn|22
|c|☆stallkiller393|what a cook from you
|c|☆stallkiller393|you're terrible
|c|☆Ndi Eze|Lmao rm then
|c|☆stallkiller393|you got cocky and lost
|c|☆Ndi Eze|im not even focused
|c|☆stallkiller393|why would I rematch someone as bad as you?
|c|☆Ndi Eze|nah lol u a bum
|inactive|stallkiller393 has 60 seconds left.
|c|☆Ndi Eze|u scared but ok
|c|☆stallkiller393|You thought you won and you see how chilled I was
|c|☆Ndi Eze|gg
|c|☆stallkiller393|you're awful
|c|☆Ndi Eze|I didn’t lol
|c|☆stallkiller393|I'm scared how?
|c|☆Ndi Eze|rm or stfu
|c|☆Ndi Eze|simple
|c|☆stallkiller393|i don't even want the win
|inactive|stallkiller393 has 30 seconds left.
|c|☆stallkiller393|If I win that easily to people like you
|c|☆Ndi Eze|lmao aught kid
|inactive|stallkiller393 has 20 seconds left.
|c|☆stallkiller393|I want actuall challenges
|l|☆Ndi Eze
|inactive|Ndi Eze disconnected and has a minute to reconnect!
|player|p1|
|c|☆stallkiller393|you're terrible
|inactive|stallkiller393 has 15 seconds left.
|-message|stallkiller393 forfeited.
|
|win|Ndi Eze
|inactive|stallkiller393 has 20 seconds left this turn.
|raw|Ndi Eze's rating: 1199 &rarr; <strong>1221</strong><br />(+22 for winning)
|raw|stallkiller393's rating: 1159 &rarr; <strong>1137</strong><br />(-22 for losing)
|l|☆stallkiller393
|player|p2|
