|j|☆lupiit
|j|☆huanghunqingyue
|t:|1743827846
|gametype|singles
|player|p1|lupiit|dragontamer|1329
|player|p2|huanghunqingyue|1|1340
|teamsize|p1|6
|teamsize|p2|6
|gen|9
|tier|[Gen 9] OU
|rated|
|rule|HP Percentage Mod: HP is shown in percentages
|rule|Endless Battle Clause: Forcing endless battles is banned
|rule|Species Clause: Limit one of each Pokémon
|rule|OHKO Clause: OHKO moves are banned
|rule|Evasion Items Clause: Evasion items are banned
|rule|Evasion Moves Clause: Evasion moves are banned
|rule|Sleep Moves Clause: Sleep-inducing moves are banned
|clearpoke
|poke|p1|Blissey, F|
|poke|p1|Hoopa-Unbound|
|poke|p1|Smeargle, M|
|poke|p1|Breloom, F|
|poke|p1|Dondozo, F|
|poke|p1|Comfey, F|
|poke|p2|Gliscor, F|
|poke|p2|Toxapex, M|
|poke|p2|Great Tusk|
|poke|p2|Gholdengo|
|poke|p2|Dondozo, M|
|poke|p2|Chansey, F|
|teampreview
|inactive|Battle timer is ON: inactive players will automatically lose when time's up. (requested by huanghunqingyue)
|
|t:|1743827878
|start
|switch|p1a: Breloom|Breloom, F|100/100
|switch|p2a: Toxapex|Toxapex, M|100/100
|turn|1
|c|☆lupiit|gg
|
|t:|1743827888
|move|p1a: Breloom|Swords Dance|p1a: Breloom
|-boost|p1a: Breloom|atk|2
|move|p2a: Toxapex|Toxic Spikes|p1a: Breloom
|-sidestart|p1: lupiit|move: Toxic Spikes
|
|upkeep
|turn|2
|c|☆lupiit|already LOL
|
|t:|1743827896
|move|p1a: Breloom|Bullet Seed|p2a: Toxapex
|-damage|p2a: Toxapex|76/100
|-damage|p2a: Toxapex|51/100
|-damage|p2a: Toxapex|25/100
|-damage|p2a: Toxapex|1/100
|-hitcount|p2a: Toxapex|4
|move|p2a: Toxapex|Haze|p2a: Toxapex
|-clearallboost
|
|-heal|p2a: Toxapex|8/100|[from] item: Leftovers
|upkeep
|turn|3
|c|☆lupiit|ofc max phys def
|
|t:|1743827904
|switch|p2a: Dondozo|Dondozo, M|100/100
|move|p1a: Breloom|Swords Dance|p1a: Breloom
|-boost|p1a: Breloom|atk|2
|
|upkeep
|turn|4
|
|t:|1743827907
|-terastallize|p2a: Dondozo|Fairy
|move|p1a: Breloom|Bullet Seed|p2a: Dondozo
|-damage|p2a: Dondozo|91/100
|-crit|p2a: Dondozo
|-damage|p2a: Dondozo|77/100
|-damage|p2a: Dondozo|68/100
|-damage|p2a: Dondozo|59/100
|-damage|p2a: Dondozo|50/100
|-hitcount|p2a: Dondozo|5
|move|p2a: Dondozo|Avalanche|p1a: Breloom
|-supereffective|p1a: Breloom
|-damage|p1a: Breloom|18/100
|
|-heal|p2a: Dondozo|56/100|[from] item: Leftovers
|upkeep
|turn|5
|c|☆lupiit|tera
|
|t:|1743827913
|move|p1a: Breloom|Bullet Seed|p2a: Dondozo
|-damage|p2a: Dondozo|46/100
|-damage|p2a: Dondozo|36/100
|-damage|p2a: Dondozo|27/100
|-damage|p2a: Dondozo|18/100
|-hitcount|p2a: Dondozo|4
|move|p2a: Dondozo|Rest|p2a: Dondozo
|-status|p2a: Dondozo|slp|[from] move: Rest
|-heal|p2a: Dondozo|100/100 slp|[silent]
|
|upkeep
|turn|6
|
|t:|1743827916
|move|p1a: Breloom|Bullet Seed|p2a: Dondozo
|-damage|p2a: Dondozo|92/100 slp
|-crit|p2a: Dondozo
|-damage|p2a: Dondozo|77/100 slp
|-damage|p2a: Dondozo|67/100 slp
|-damage|p2a: Dondozo|58/100 slp
|-damage|p2a: Dondozo|49/100 slp
|-hitcount|p2a: Dondozo|5
|cant|p2a: Dondozo|slp
|move|p2a: Dondozo|Sleep Talk|p2a: Dondozo
|move|p2a: Dondozo|Rest||[from] move: Sleep Talk|[still]
|-fail|p2a: Dondozo
|
|-heal|p2a: Dondozo|55/100 slp|[from] item: Leftovers
|upkeep
|turn|7
|
|t:|1743827920
|move|p1a: Breloom|Bullet Seed|p2a: Dondozo
|-damage|p2a: Dondozo|45/100 slp
|-damage|p2a: Dondozo|36/100 slp
|-damage|p2a: Dondozo|26/100 slp
|-damage|p2a: Dondozo|17/100 slp
|-hitcount|p2a: Dondozo|4
|cant|p2a: Dondozo|slp
|move|p2a: Dondozo|Sleep Talk|p2a: Dondozo
|move|p2a: Dondozo|Avalanche|p1a: Breloom|[from] move: Sleep Talk
|-supereffective|p1a: Breloom
|-damage|p1a: Breloom|0 fnt
|faint|p1a: Breloom
|
|-heal|p2a: Dondozo|23/100 slp|[from] item: Leftovers
|upkeep
|inactive|lupiit has 120 seconds left.
|
|t:|1743827955
|switch|p1a: Blissey|Blissey, F|100/100
|turn|8
|
|t:|1743827965
|switch|p2a: Gliscor|Gliscor, F|100/100
|move|p1a: Blissey|Seismic Toss|p2a: Gliscor
|-damage|p2a: Gliscor|72/100
|
|-status|p2a: Gliscor|tox|[from] item: Toxic Orb
|upkeep
|turn|9
|
|t:|1743827972
|move|p2a: Gliscor|Knock Off|p1a: Blissey
|-damage|p1a: Blissey|80/100
|-enditem|p1a: Blissey|Heavy-Duty Boots|[from] move: Knock Off|[of] p2a: Gliscor
|move|p1a: Blissey|Seismic Toss|p2a: Gliscor
|-damage|p2a: Gliscor|44/100 tox
|
|-heal|p2a: Gliscor|56/100 tox|[from] ability: Poison Heal
|upkeep
|turn|10
|
|t:|1743827976
|move|p2a: Gliscor|Protect|p2a: Gliscor
|-singleturn|p2a: Gliscor|Protect
|move|p1a: Blissey|Seismic Toss|p2a: Gliscor
|-activate|p2a: Gliscor|move: Protect
|
|-heal|p2a: Gliscor|69/100 tox|[from] ability: Poison Heal
|upkeep
|turn|11
|
|t:|1743827981
|move|p2a: Gliscor|Spikes|p1a: Blissey
|-sidestart|p1: lupiit|Spikes
|move|p1a: Blissey|Stealth Rock|p2a: Gliscor
|-sidestart|p2: huanghunqingyue|move: Stealth Rock
|
|-heal|p2a: Gliscor|81/100 tox|[from] ability: Poison Heal
|upkeep
|turn|12
|
|t:|1743827983
|move|p2a: Gliscor|Spikes|p1a: Blissey
|-sidestart|p1: lupiit|Spikes
|move|p1a: Blissey|Seismic Toss|p2a: Gliscor
|-damage|p2a: Gliscor|53/100 tox
|
|-heal|p2a: Gliscor|65/100 tox|[from] ability: Poison Heal
|upkeep
|turn|13
|
|t:|1743827988
|move|p2a: Gliscor|Protect|p2a: Gliscor
|-singleturn|p2a: Gliscor|Protect
|move|p1a: Blissey|Seismic Toss|p2a: Gliscor
|-activate|p2a: Gliscor|move: Protect
|
|-heal|p2a: Gliscor|78/100 tox|[from] ability: Poison Heal
|upkeep
|turn|14
|
|t:|1743827990
|move|p2a: Gliscor|Spikes|p1a: Blissey
|-sidestart|p1: lupiit|Spikes
|move|p1a: Blissey|Seismic Toss|p2a: Gliscor
|-damage|p2a: Gliscor|50/100 tox
|
|-heal|p2a: Gliscor|62/100 tox|[from] ability: Poison Heal
|upkeep
|turn|15
|
|t:|1743827993
|switch|p2a: Chansey|Chansey, F|100/100
|-damage|p2a: Chansey|88/100|[from] Stealth Rock
|move|p1a: Blissey|Seismic Toss|p2a: Chansey
|-damage|p2a: Chansey|74/100
|
|upkeep
|turn|16
|
|t:|1743827998
|switch|p1a: Smeargle|Smeargle, M|100/100
|-status|p1a: Smeargle|psn
|-damage|p1a: Smeargle|76/100 psn|[from] Spikes
|move|p2a: Chansey|Stealth Rock|p1a: Smeargle
|-sidestart|p1: lupiit|move: Stealth Rock
|
|-damage|p1a: Smeargle|63/100 psn|[from] psn
|upkeep
|turn|17
|c|☆lupiit|peace be with you brother
|c|☆lupiit|gg
|inactive|huanghunqingyue has 120 seconds left.
|
|t:|1743828034
|switch|p2a: Great Tusk|Great Tusk|100/100
|-damage|p2a: Great Tusk|98/100|[from] Stealth Rock
|move|p1a: Smeargle|Court Change|p1a: Smeargle
|-swapsideconditions
|-activate|p1a: Smeargle|move: Court Change
|
|-heal|p2a: Great Tusk|100/100|[from] item: Leftovers
|-damage|p1a: Smeargle|51/100 psn|[from] psn
|upkeep
|turn|18
|inactive|huanghunqingyue has 120 seconds left.
|
|t:|1743828041
|move|p1a: Smeargle|Burning Bulwark|p1a: Smeargle
|-singleturn|p1a: Smeargle|move: Protect
|move|p2a: Great Tusk|Rapid Spin|p1a: Smeargle
|-activate|p1a: Smeargle|move: Protect
|-status|p2a: Great Tusk|brn
|
|-damage|p1a: Smeargle|38/100 psn|[from] psn
|-damage|p2a: Great Tusk|94/100 brn|[from] brn
|upkeep
|turn|19
|
|t:|1743828049
|switch|p1a: Comfey|Comfey, F|100/100
|-damage|p1a: Comfey|88/100|[from] Stealth Rock
|move|p2a: Great Tusk|Rapid Spin|p1a: Comfey
|-damage|p1a: Comfey|79/100
|-boost|p2a: Great Tusk|spe|1
|-sideend|p2: huanghunqingyue|Spikes|[from] move: Rapid Spin|[of] p2a: Great Tusk
|-sideend|p2: huanghunqingyue|Toxic Spikes|[from] move: Rapid Spin|[of] p2a: Great Tusk
|-sideend|p2: huanghunqingyue|Stealth Rock|[from] move: Rapid Spin|[of] p2a: Great Tusk
|
|-heal|p2a: Great Tusk|100/100 brn|[from] item: Leftovers
|-damage|p2a: Great Tusk|94/100 brn|[from] brn
|upkeep
|turn|20
|inactive|huanghunqingyue has 120 seconds left.
|
|t:|1743828082
|-end|p2a: Great Tusk|Protosynthesis|[silent]
|switch|p2a: Chansey|Chansey, F|74/100
|move|p1a: Comfey|Draining Kiss|p2a: Chansey
|-damage|p2a: Chansey|69/100
|-heal|p1a: Comfey|87/100|[from] drain|[of] p2a: Chansey
|
|upkeep
|turn|21
|
|t:|1743828089
|move|p1a: Comfey|Substitute|p1a: Comfey
|-start|p1a: Comfey|Substitute
|-damage|p1a: Comfey|63/100
|move|p2a: Chansey|Seismic Toss|p1a: Comfey
|-end|p1a: Comfey|Substitute
|
|upkeep
|turn|22
|
|t:|1743828096
|switch|p1a: Blissey|Blissey, F|80/100
|-damage|p1a: Blissey|67/100|[from] Stealth Rock
|move|p2a: Chansey|Seismic Toss|p1a: Blissey
|-damage|p1a: Blissey|52/100
|
|upkeep
|turn|23
|
|t:|1743828101
|switch|p2a: Gliscor|Gliscor, F|62/100 tox
|move|p1a: Blissey|Stealth Rock|p2a: Gliscor
|-sidestart|p2: huanghunqingyue|move: Stealth Rock
|
|-heal|p2a: Gliscor|75/100 tox|[from] ability: Poison Heal
|upkeep
|turn|24
|
|t:|1743828111
|switch|p1a: Hoopa|Hoopa-Unbound|100/100
|-damage|p1a: Hoopa|88/100|[from] Stealth Rock
|move|p2a: Gliscor|Spikes|p1a: Hoopa
|-sidestart|p1: lupiit|Spikes
|
|-heal|p1a: Hoopa|94/100|[from] item: Leftovers
|-heal|p2a: Gliscor|87/100 tox|[from] ability: Poison Heal
|upkeep
|turn|25
|
|t:|1743828118
|switch|p2a: Gholdengo|Gholdengo|100/100
|-damage|p2a: Gholdengo|94/100|[from] Stealth Rock
|-item|p2a: Gholdengo|Air Balloon
|move|p1a: Hoopa|Dark Pulse|p2a: Gholdengo
|-supereffective|p2a: Gholdengo
|-damage|p2a: Gholdengo|0 fnt
|-enditem|p2a: Gholdengo|Air Balloon
|faint|p2a: Gholdengo
|
|-heal|p1a: Hoopa|99/100|[from] item: Leftovers
|upkeep
|c|☆lupiit|?
|
|t:|1743828125
|switch|p2a: Chansey|Chansey, F|69/100
|-damage|p2a: Chansey|56/100|[from] Stealth Rock
|turn|26
|
|t:|1743828130
|-terastallize|p1a: Hoopa|Ghost
|move|p1a: Hoopa|Substitute|p1a: Hoopa
|-start|p1a: Hoopa|Substitute
|-damage|p1a: Hoopa|75/100
|move|p2a: Chansey|Soft-Boiled|p2a: Chansey
|-heal|p2a: Chansey|100/100
|
|-heal|p1a: Hoopa|81/100|[from] item: Leftovers
|upkeep
|turn|27
|
|t:|1743828136
|move|p1a: Hoopa|Calm Mind|p1a: Hoopa
|-boost|p1a: Hoopa|spa|1
|-boost|p1a: Hoopa|spd|1
|move|p2a: Chansey|Calm Mind|p2a: Chansey
|-boost|p2a: Chansey|spa|1
|-boost|p2a: Chansey|spd|1
|
|-heal|p1a: Hoopa|87/100|[from] item: Leftovers
|upkeep
|turn|28
|
|t:|1743828141
|move|p1a: Hoopa|Calm Mind|p1a: Hoopa
|-boost|p1a: Hoopa|spa|1
|-boost|p1a: Hoopa|spd|1
|move|p2a: Chansey|Calm Mind|p2a: Chansey
|-boost|p2a: Chansey|spa|1
|-boost|p2a: Chansey|spd|1
|
|-heal|p1a: Hoopa|93/100|[from] item: Leftovers
|upkeep
|turn|29
|
|t:|1743828144
|move|p1a: Hoopa|Calm Mind|p1a: Hoopa
|-boost|p1a: Hoopa|spa|1
|-boost|p1a: Hoopa|spd|1
|move|p2a: Chansey|Calm Mind|p2a: Chansey
|-boost|p2a: Chansey|spa|1
|-boost|p2a: Chansey|spd|1
|
|-heal|p1a: Hoopa|99/100|[from] item: Leftovers
|upkeep
|turn|30
|
|t:|1743828146
|move|p1a: Hoopa|Psyshock|p2a: Chansey
|-damage|p2a: Chansey|0 fnt
|faint|p2a: Chansey
|
|-heal|p1a: Hoopa|100/100|[from] item: Leftovers
|upkeep
|c|☆lupiit|????????????????????????????????????????????
|-message|huanghunqingyue forfeited.
|
|win|lupiit
|raw|lupiit's rating: 1329 &rarr; <strong>1350</strong><br />(+21 for winning)
|raw|huanghunqingyue's rating: 1340 &rarr; <strong>1319</strong><br />(-21 for losing)
|l|☆huanghunqingyue
|player|p2|
