|j|‽smogonules
|j|☆andy miloknockis
|t:|1743787958
|gametype|singles
|player|p1|smogonules|2|1422
|player|p2|andy miloknockis|flannery|1359
|teamsize|p1|6
|teamsize|p2|6
|gen|9
|tier|[Gen 9] OU
|rated|
|rule|HP Percentage Mod: HP is shown in percentages
|rule|Endless Battle Clause: Forcing endless battles is banned
|rule|Species Clause: Limit one of each Pokémon
|rule|OHKO Clause: OHKO moves are banned
|rule|Evasion Items Clause: Evasion items are banned
|rule|Evasion Moves Clause: Evasion moves are banned
|rule|Sleep Moves Clause: Sleep-inducing moves are banned
|clearpoke
|poke|p1|Jirachi|
|poke|p1|Great Tusk|
|poke|p1|Latios, M|
|poke|p1|Gardevoir, M|
|poke|p1|Polteageist|
|poke|p1|Crawdaunt, M|
|poke|p2|Scizor, M|
|poke|p2|Grafaiai, F|
|poke|p2|Gholdengo|
|poke|p2|Ting-Lu|
|poke|p2|Volcanion|
|poke|p2|Electivire, F|
|teampreview
|
|t:|1743787965
|start
|switch|p1a: Jirachi|Jirachi|100/100
|switch|p2a: Ting-Lu|Ting-Lu|100/100
|-ability|p2a: Ting-Lu|Vessel of Ruin
|turn|1
|
|t:|1743787988
|move|p1a: Jirachi|Stealth Rock|p2a: Ting-Lu
|-sidestart|p2: andy miloknockis|move: Stealth Rock
|move|p2a: Ting-Lu|Stealth Rock|p1a: Jirachi
|-sidestart|p1: smogonules|move: Stealth Rock
|
|upkeep
|turn|2
|
|t:|1743787990
|move|p1a: Jirachi|Ice Punch|p2a: Ting-Lu
|-supereffective|p2a: Ting-Lu
|-damage|p2a: Ting-Lu|82/100
|-status|p2a: Ting-Lu|frz
|cant|p2a: Ting-Lu|frz
|
|upkeep
|turn|3
|
|t:|1743787994
|move|p1a: Jirachi|Iron Head|p2a: Ting-Lu
|-damage|p2a: Ting-Lu|68/100 frz
|cant|p2a: Ting-Lu|frz
|
|upkeep
|turn|4
|
|t:|1743787997
|move|p1a: Jirachi|Iron Head|p2a: Ting-Lu
|-damage|p2a: Ting-Lu|53/100 frz
|cant|p2a: Ting-Lu|frz
|
|upkeep
|turn|5
|
|t:|1743787999
|move|p1a: Jirachi|Iron Head|p2a: Ting-Lu
|-damage|p2a: Ting-Lu|39/100 frz
|cant|p2a: Ting-Lu|frz
|
|upkeep
|turn|6
|
|t:|1743788002
|move|p1a: Jirachi|Iron Head|p2a: Ting-Lu
|-damage|p2a: Ting-Lu|26/100 frz
|cant|p2a: Ting-Lu|frz
|
|upkeep
|turn|7
|
|t:|1743788003
|move|p1a: Jirachi|Iron Head|p2a: Ting-Lu
|-damage|p2a: Ting-Lu|12/100 frz
|cant|p2a: Ting-Lu|frz
|
|upkeep
|turn|8
|
|t:|1743788006
|move|p1a: Jirachi|Iron Head|p2a: Ting-Lu
|-damage|p2a: Ting-Lu|0 fnt
|faint|p2a: Ting-Lu
|
|upkeep
|
|t:|1743788011
|switch|p2a: Volcanion|Volcanion|100/100
|turn|9
|
|t:|1743788013
|move|p1a: Jirachi|Thunder Wave|p2a: Volcanion
|-status|p2a: Volcanion|par
|cant|p2a: Volcanion|par
|
|upkeep
|turn|10
|
|t:|1743788017
|move|p1a: Jirachi|Iron Head|p2a: Volcanion
|-resisted|p2a: Volcanion
|-damage|p2a: Volcanion|95/100 par
|move|p2a: Volcanion|Flamethrower|p1a: Jirachi
|-supereffective|p1a: Jirachi
|-damage|p1a: Jirachi|18/100
|
|upkeep
|turn|11
|
|t:|1743788023
|move|p1a: Jirachi|Iron Head|p2a: Volcanion
|-resisted|p2a: Volcanion
|-crit|p2a: Volcanion
|-damage|p2a: Volcanion|88/100 par
|cant|p2a: Volcanion|par
|
|upkeep
|turn|12
|
|t:|1743788025
|move|p1a: Jirachi|Iron Head|p2a: Volcanion
|-resisted|p2a: Volcanion
|-damage|p2a: Volcanion|83/100 par
|cant|p2a: Volcanion|flinch
|
|upkeep
|turn|13
|
|t:|1743788026
|move|p1a: Jirachi|Iron Head|p2a: Volcanion
|-resisted|p2a: Volcanion
|-damage|p2a: Volcanion|78/100 par
|cant|p2a: Volcanion|flinch
|
|upkeep
|turn|14
|
|t:|1743788028
|move|p1a: Jirachi|Iron Head|p2a: Volcanion
|-resisted|p2a: Volcanion
|-damage|p2a: Volcanion|73/100 par
|move|p2a: Volcanion|Rest|p2a: Volcanion
|-status|p2a: Volcanion|slp|[from] move: Rest
|-heal|p2a: Volcanion|100/100 slp|[silent]
|
|upkeep
|turn|15
|
|t:|1743788033
|switch|p1a: Great Tusk|Great Tusk|100/100
|cant|p2a: Volcanion|slp
|
|upkeep
|turn|16
|
|t:|1743788034
|switch|p2a: Gholdengo|Gholdengo|100/100
|-damage|p2a: Gholdengo|94/100|[from] Stealth Rock
|-item|p2a: Gholdengo|Air Balloon
|move|p1a: Great Tusk|Rapid Spin|p2a: Gholdengo
|-immune|p2a: Gholdengo
|
|upkeep
|turn|17
|
|t:|1743788036
|move|p1a: Great Tusk|Ice Spinner|p2a: Gholdengo
|-resisted|p2a: Gholdengo
|-damage|p2a: Gholdengo|86/100
|-enditem|p2a: Gholdengo|Air Balloon
|move|p2a: Gholdengo|Make It Rain|p1a: Great Tusk
|-damage|p1a: Great Tusk|26/100
|-unboost|p2a: Gholdengo|spa|1
|
|upkeep
|turn|18
|
|t:|1743788040
|-end|p1a: Great Tusk|Protosynthesis|[silent]
|switch|p1a: Jirachi|Jirachi|18/100
|-damage|p1a: Jirachi|12/100|[from] Stealth Rock
|move|p2a: Gholdengo|Make It Rain|p1a: Jirachi
|-resisted|p1a: Jirachi
|-damage|p1a: Jirachi|0 fnt
|-unboost|p2a: Gholdengo|spa|1
|faint|p1a: Jirachi
|
|upkeep
|
|t:|1743788046
|switch|p1a: Gardevoir|Gardevoir, M|100/100
|-damage|p1a: Gardevoir|88/100|[from] Stealth Rock
|-ability|p1a: Gardevoir|Good as Gold|[from] ability: Trace|[of] p2a: Gholdengo
|turn|19
|
|t:|1743788058
|-terastallize|p1a: Gardevoir|Steel
|move|p1a: Gardevoir|Calm Mind|p1a: Gardevoir
|-boost|p1a: Gardevoir|spa|1
|-boost|p1a: Gardevoir|spd|1
|move|p2a: Gholdengo|Thunder Wave|p1a: Gardevoir
|-immune|p1a: Gardevoir|[from] ability: Good as Gold
|
|upkeep
|turn|20
|
|t:|1743788065
|switch|p2a: Grafaiai|Grafaiai, F|100/100
|move|p1a: Gardevoir|Substitute|p1a: Gardevoir
|-start|p1a: Gardevoir|Substitute
|-damage|p1a: Gardevoir|63/100
|
|upkeep
|turn|21
|
|t:|1743788067
|move|p2a: Grafaiai|Encore|p1a: Gardevoir
|-immune|p1a: Gardevoir|[from] ability: Good as Gold
|move|p1a: Gardevoir|Calm Mind|p1a: Gardevoir
|-boost|p1a: Gardevoir|spa|1
|-boost|p1a: Gardevoir|spd|1
|
|upkeep
|turn|22
|
|t:|1743788070
|move|p1a: Gardevoir|Calm Mind|p1a: Gardevoir
|-boost|p1a: Gardevoir|spa|1
|-boost|p1a: Gardevoir|spd|1
|move|p2a: Grafaiai|Low Sweep|p1a: Gardevoir
|-supereffective|p1a: Gardevoir
|-end|p1a: Gardevoir|Substitute
|
|upkeep
|turn|23
|
|t:|1743788075
|move|p2a: Grafaiai|Copycat|p2a: Grafaiai
|move|p2a: Grafaiai|Low Sweep|p1a: Gardevoir|[from] move: Copycat
|-supereffective|p1a: Gardevoir
|-damage|p1a: Gardevoir|1/100
|-unboost|p1a: Gardevoir|spe|1
|-enditem|p1a: Gardevoir|Salac Berry|[eat]
|-boost|p1a: Gardevoir|spe|1|[from] item: Salac Berry
|move|p1a: Gardevoir|Stored Power|p2a: Grafaiai
|-supereffective|p2a: Grafaiai
|-damage|p2a: Grafaiai|0 fnt
|faint|p2a: Grafaiai
|
|upkeep
|
|t:|1743788083
|switch|p2a: Scizor|Scizor, M|100/100
|turn|24
|
|t:|1743788085
|move|p2a: Scizor|Bullet Punch|p1a: Gardevoir
|-resisted|p1a: Gardevoir
|-damage|p1a: Gardevoir|0 fnt
|faint|p1a: Gardevoir
|
|upkeep
|
|t:|1743788088
|switch|p1a: Crawdaunt|Crawdaunt, M|100/100
|-damage|p1a: Crawdaunt|88/100|[from] Stealth Rock
|turn|25
|
|t:|1743788096
|move|p1a: Crawdaunt|Knock Off|p2a: Scizor
|-damage|p2a: Scizor|8/100
|-enditem|p2a: Scizor|Heavy-Duty Boots|[from] move: Knock Off|[of] p1a: Crawdaunt
|-damage|p1a: Crawdaunt|78/100|[from] item: Life Orb
|move|p2a: Scizor|Close Combat|p1a: Crawdaunt
|-supereffective|p1a: Crawdaunt
|-damage|p1a: Crawdaunt|0 fnt
|-unboost|p2a: Scizor|def|1
|-unboost|p2a: Scizor|spd|1
|faint|p1a: Crawdaunt
|
|upkeep
|
|t:|1743788101
|switch|p1a: Latios|Latios, M|100/100
|-damage|p1a: Latios|88/100|[from] Stealth Rock
|turn|26
|
|t:|1743788104
|move|p2a: Scizor|Bullet Punch|p1a: Latios
|-damage|p1a: Latios|41/100
|move|p1a: Latios|Luster Purge|p2a: Scizor
|-resisted|p2a: Scizor
|-damage|p2a: Scizor|0 fnt
|faint|p2a: Scizor
|
|upkeep
|
|t:|1743788111
|switch|p2a: Gholdengo|Gholdengo|86/100
|-damage|p2a: Gholdengo|80/100|[from] Stealth Rock
|turn|27
|
|t:|1743788118
|move|p1a: Latios|Luster Purge|p2a: Gholdengo
|-resisted|p2a: Gholdengo
|-damage|p2a: Gholdengo|59/100
|move|p2a: Gholdengo|Hex|p1a: Latios
|-supereffective|p1a: Latios
|-damage|p1a: Latios|0 fnt
|faint|p1a: Latios
|
|upkeep
|
|t:|1743788120
|switch|p1a: Great Tusk|Great Tusk|26/100
|turn|28
|
|t:|1743788125
|move|p1a: Great Tusk|Earthquake|p2a: Gholdengo
|-supereffective|p2a: Gholdengo
|-damage|p2a: Gholdengo|0 fnt
|faint|p2a: Gholdengo
|
|upkeep
|
|t:|1743788128
|switch|p2a: Electivire|Electivire, F|100/100
|-damage|p2a: Electivire|88/100|[from] Stealth Rock
|-item|p2a: Electivire|Air Balloon
|turn|29
|
|t:|1743788132
|-terastallize|p2a: Electivire|Fairy
|move|p1a: Great Tusk|Rapid Spin|p2a: Electivire
|-damage|p2a: Electivire|58/100
|-boost|p1a: Great Tusk|spe|1
|-enditem|p2a: Electivire|Air Balloon
|-sideend|p1: smogonules|Stealth Rock|[from] move: Rapid Spin|[of] p1a: Great Tusk
|move|p2a: Electivire|Tera Blast|p1a: Great Tusk|[anim] Tera Blast Fairy
|-supereffective|p1a: Great Tusk
|-damage|p1a: Great Tusk|0 fnt
|faint|p1a: Great Tusk
|-end|p1a: Great Tusk|Protosynthesis|[silent]
|
|upkeep
|
|t:|1743788135
|switch|p1a: Polteageist|Polteageist|100/100
|turn|30
|
|t:|1743788138
|move|p2a: Electivire|Supercell Slam|p1a: Polteageist
|-enditem|p1a: Polteageist|Focus Sash
|-damage|p1a: Polteageist|1/100
|-ability|p1a: Polteageist|Weak Armor|boost
|-unboost|p1a: Polteageist|def|1
|-boost|p1a: Polteageist|spe|2
|move|p1a: Polteageist|Shell Smash|p1a: Polteageist
|-unboost|p1a: Polteageist|def|1
|-unboost|p1a: Polteageist|spd|1
|-boost|p1a: Polteageist|atk|2
|-boost|p1a: Polteageist|spa|2
|-boost|p1a: Polteageist|spe|2
|
|upkeep
|turn|31
|-message|andy miloknockis forfeited.
|
|win|smogonules
|raw|smogonules's rating: 1422 &rarr; <strong>1438</strong><br />(+16 for winning)
|raw|andy miloknockis's rating: 1359 &rarr; <strong>1343</strong><br />(-16 for losing)
|l|☆andy miloknockis
|player|p2|
|l|‽smogonules
|player|p1|
