|j|☆Luizmkit
|j|☆KidBombC
|t:|1743778544
|gametype|singles
|player|p1|Luizmkit|2|1043
|player|p2|KidBombC|266|1046
|teamsize|p1|6
|teamsize|p2|6
|gen|9
|tier|[Gen 9] OU
|rated|
|rule|HP Percentage Mod: HP is shown in percentages
|rule|Endless Battle Clause: Forcing endless battles is banned
|rule|Species Clause: Limit one of each Pokémon
|rule|OHKO Clause: OHKO moves are banned
|rule|Evasion Items Clause: Evasion items are banned
|rule|Evasion Moves Clause: Evasion moves are banned
|rule|Sleep Moves Clause: Sleep-inducing moves are banned
|clearpoke
|poke|p1|Salamence, M|
|poke|p1|Magnezone|
|poke|p1|Landorus-Therian, M|
|poke|p1|Cresselia, F|
|poke|p1|Torkoal, M|
|poke|p1|Primarina, M|
|poke|p2|Ambipom, M|
|poke|p2|Toxtricity, M|
|poke|p2|Basculegion-F, F|
|poke|p2|Arcanine-Hisui, M|
|poke|p2|Deoxys-Speed|
|poke|p2|Jirachi|
|teampreview
|
|t:|1743778556
|start
|switch|p1a: Torkoal|Torkoal, M|100/100
|switch|p2a: Clock Daniel|Ambipom, M|100/100
|turn|1
|
|t:|1743778565
|move|p2a: Clock Daniel|Fake Out|p1a: Torkoal
|-damage|p1a: Torkoal|75/100
|-damage|p2a: Clock Daniel|91/100|[from] item: Life Orb
|cant|p1a: Torkoal|flinch
|
|-heal|p1a: Torkoal|81/100|[from] item: Leftovers
|upkeep
|turn|2
|
|t:|1743778574
|switch|p2a: Rocky Road|Arcanine-Hisui, M|100/100
|move|p1a: Torkoal|Will-O-Wisp|p2a: Rocky Road
|-immune|p2a: Rocky Road
|
|-heal|p1a: Torkoal|87/100|[from] item: Leftovers
|upkeep
|turn|3
|
|t:|1743778583
|switch|p1a: Landorus|Landorus-Therian, M|100/100
|-ability|p1a: Landorus|Intimidate|boost
|-unboost|p2a: Rocky Road|atk|1
|move|p2a: Rocky Road|Head Smash|p1a: Landorus
|-damage|p1a: Landorus|48/100
|
|upkeep
|turn|4
|
|t:|1743778599
|switch|p2a: Clock Daniel|Ambipom, M|91/100
|move|p1a: Landorus|U-turn|p2a: Clock Daniel
|-damage|p2a: Clock Daniel|49/100
|
|t:|1743778604
|switch|p1a: Torkoal|Torkoal, M|87/100|[from] U-turn
|
|-heal|p1a: Torkoal|94/100|[from] item: Leftovers
|upkeep
|turn|5
|
|t:|1743778610
|move|p1a: Torkoal|Protect|p1a: Torkoal
|-singleturn|p1a: Torkoal|Protect
|move|p2a: Clock Daniel|Fake Out|p1a: Torkoal
|-activate|p1a: Torkoal|move: Protect
|
|-heal|p1a: Torkoal|99/100|[from] item: Leftovers
|upkeep
|turn|6
|
|t:|1743778625
|switch|p2a: Rocky Road|Arcanine-Hisui, M|100/100
|move|p1a: Torkoal|Stealth Rock|p2a: Rocky Road
|-sidestart|p2: KidBombC|move: Stealth Rock
|
|-heal|p1a: Torkoal|100/100|[from] item: Leftovers
|upkeep
|turn|7
|
|t:|1743778635
|move|p1a: Torkoal|Protect|p1a: Torkoal
|-singleturn|p1a: Torkoal|Protect
|move|p2a: Rocky Road|Head Smash|p1a: Torkoal
|-activate|p1a: Torkoal|move: Protect
|
|upkeep
|turn|8
|
|t:|1743778658
|switch|p1a: Magnezone|Magnezone|100/100
|move|p2a: Rocky Road|Head Smash|p1a: Magnezone
|-resisted|p1a: Magnezone
|-crit|p1a: Magnezone
|-damage|p1a: Magnezone|54/100
|
|upkeep
|turn|9
|
|t:|1743778667
|move|p2a: Rocky Road|Flare Blitz|p1a: Magnezone
|-supereffective|p1a: Magnezone
|-crit|p1a: Magnezone
|-damage|p1a: Magnezone|0 fnt
|faint|p1a: Magnezone
|
|upkeep
|
|t:|1743778687
|switch|p1a: Landorus|Landorus-Therian, M|48/100
|-ability|p1a: Landorus|Intimidate|boost
|-unboost|p2a: Rocky Road|atk|1
|turn|10
|
|t:|1743778695
|switch|p2a: Clock Daniel|Ambipom, M|49/100
|-damage|p2a: Clock Daniel|37/100|[from] Stealth Rock
|move|p1a: Landorus|Earthquake|p2a: Clock Daniel
|-damage|p2a: Clock Daniel|0 fnt
|faint|p2a: Clock Daniel
|
|upkeep
|
|t:|1743778707
|switch|p2a: Majura Mystica|Basculegion-F, F|100/100
|-damage|p2a: Majura Mystica|88/100|[from] Stealth Rock
|turn|11
|
|t:|1743778728
|switch|p1a: Primarina|Primarina, M|100/100
|move|p2a: Majura Mystica|Hydro Pump|p1a: Primarina|[miss]
|-miss|p2a: Majura Mystica|p1a: Primarina
|
|upkeep
|turn|12
|
|t:|1743778754
|switch|p2a: GilvaSunner|Toxtricity, M|100/100
|-damage|p2a: GilvaSunner|88/100|[from] Stealth Rock
|move|p1a: Primarina|Calm Mind|p1a: Primarina
|-boost|p1a: Primarina|spa|1
|-boost|p1a: Primarina|spd|1
|
|upkeep
|turn|13
|
|t:|1743778773
|move|p2a: GilvaSunner|Acid Spray|p1a: Primarina
|-supereffective|p1a: Primarina
|-damage|p1a: Primarina|63/100
|-unboost|p1a: Primarina|spd|2
|move|p1a: Primarina|Moonblast|p2a: GilvaSunner
|-resisted|p2a: GilvaSunner
|-damage|p2a: GilvaSunner|53/100
|
|upkeep
|turn|14
|
|t:|1743778783
|move|p2a: GilvaSunner|Acid Spray|p1a: Primarina
|-supereffective|p1a: Primarina
|-damage|p1a: Primarina|0 fnt
|faint|p1a: Primarina
|
|upkeep
|
|t:|1743778790
|switch|p1a: Landorus|Landorus-Therian, M|48/100
|-ability|p1a: Landorus|Intimidate|boost
|-unboost|p2a: GilvaSunner|atk|1
|turn|15
|
|t:|1743778804
|move|p1a: Landorus|Earthquake|p2a: GilvaSunner
|-supereffective|p2a: GilvaSunner
|-crit|p2a: GilvaSunner
|-damage|p2a: GilvaSunner|0 fnt
|faint|p2a: GilvaSunner
|
|upkeep
|
|t:|1743778821
|switch|p2a: Majura Mystica|Basculegion-F, F|88/100
|-damage|p2a: Majura Mystica|76/100|[from] Stealth Rock
|turn|16
|
|t:|1743778828
|switch|p1a: Cresselia|Cresselia, F|100/100
|move|p2a: Majura Mystica|Hydro Pump|p1a: Cresselia
|-damage|p1a: Cresselia|69/100
|
|-heal|p1a: Cresselia|75/100|[from] item: Leftovers
|upkeep
|turn|17
|
|t:|1743778841
|-terastallize|p2a: Majura Mystica|Ghost
|move|p1a: Cresselia|Light Screen|p1a: Cresselia
|-sidestart|p1: Luizmkit|move: Light Screen
|move|p2a: Majura Mystica|Shadow Ball|p1a: Cresselia
|-supereffective|p1a: Cresselia
|-damage|p1a: Cresselia|46/100
|
|-heal|p1a: Cresselia|52/100|[from] item: Leftovers
|upkeep
|turn|18
|
|t:|1743778853
|move|p1a: Cresselia|Reflect|p1a: Cresselia
|-sidestart|p1: Luizmkit|Reflect
|move|p2a: Majura Mystica|Shadow Ball|p1a: Cresselia
|-supereffective|p1a: Cresselia
|-damage|p1a: Cresselia|23/100
|
|-heal|p1a: Cresselia|29/100|[from] item: Leftovers
|upkeep
|turn|19
|
|t:|1743778870
|move|p1a: Cresselia|Lunar Dance|p1a: Cresselia
|faint|p1a: Cresselia
|move|p2a: Majura Mystica|Shadow Ball|p1: Cresselia|[notarget]
|-fail|p2a: Majura Mystica
|
|upkeep
|
|t:|1743778876
|switch|p1a: Landorus|Landorus-Therian, M|48/100
|-heal|p1a: Landorus|100/100|[from] move: Lunar Dance
|-ability|p1a: Landorus|Intimidate|boost
|-unboost|p2a: Majura Mystica|atk|1
|turn|20
|
|t:|1743778903
|move|p1a: Landorus|Earthquake|p2a: Majura Mystica
|-damage|p2a: Majura Mystica|10/100
|move|p2a: Majura Mystica|Hydro Pump|p1a: Landorus
|-supereffective|p1a: Landorus
|-damage|p1a: Landorus|30/100
|
|upkeep
|turn|21
|
|t:|1743778912
|move|p2a: Majura Mystica|Aqua Jet|p1a: Landorus
|-supereffective|p1a: Landorus
|-damage|p1a: Landorus|20/100
|move|p1a: Landorus|Earthquake|p2a: Majura Mystica
|-damage|p2a: Majura Mystica|0 fnt
|faint|p2a: Majura Mystica
|
|-sideend|p1: Luizmkit|move: Light Screen
|upkeep
|
|t:|1743778923
|switch|p2a: Rocky Road|Arcanine-Hisui, M|100/100
|turn|22
|
|t:|1743778930
|move|p2a: Rocky Road|Extreme Speed|p1a: Landorus
|-damage|p1a: Landorus|6/100
|move|p1a: Landorus|Earthquake|p2a: Rocky Road
|-supereffective|p2a: Rocky Road
|-damage|p2a: Rocky Road|0 fnt
|faint|p2a: Rocky Road
|
|-sideend|p1: Luizmkit|Reflect
|upkeep
|
|t:|1743778939
|switch|p2a: Hyperlight Blaster|Deoxys-Speed|100/100
|-damage|p2a: Hyperlight Blaster|88/100|[from] Stealth Rock
|-ability|p2a: Hyperlight Blaster|Pressure
|turn|23
|
|t:|1743778963
|switch|p1a: Torkoal|Torkoal, M|100/100
|move|p2a: Hyperlight Blaster|Shadow Ball|p1a: Torkoal
|-damage|p1a: Torkoal|70/100
|
|-heal|p1a: Torkoal|76/100|[from] item: Leftovers
|upkeep
|turn|24
|
|t:|1743778973
|move|p2a: Hyperlight Blaster|Shadow Ball|p1a: Torkoal
|-damage|p1a: Torkoal|44/100
|move|p1a: Torkoal|Will-O-Wisp|p2a: Hyperlight Blaster
|-status|p2a: Hyperlight Blaster|brn
|
|-heal|p1a: Torkoal|50/100|[from] item: Leftovers
|-damage|p2a: Hyperlight Blaster|82/100 brn|[from] brn
|upkeep
|turn|25
|
|t:|1743778985
|move|p1a: Torkoal|Protect|p1a: Torkoal
|-singleturn|p1a: Torkoal|Protect
|move|p2a: Hyperlight Blaster|Shadow Ball|p1a: Torkoal
|-activate|p1a: Torkoal|move: Protect
|
|-heal|p1a: Torkoal|56/100|[from] item: Leftovers
|-damage|p2a: Hyperlight Blaster|76/100 brn|[from] brn
|upkeep
|turn|26
|
|t:|1743778995
|move|p2a: Hyperlight Blaster|Shadow Ball|p1a: Torkoal
|-damage|p1a: Torkoal|24/100
|move|p1a: Torkoal|Rapid Spin|p2a: Hyperlight Blaster
|-damage|p2a: Hyperlight Blaster|62/100 brn
|-boost|p1a: Torkoal|spe|1
|
|-heal|p1a: Torkoal|30/100|[from] item: Leftovers
|-damage|p2a: Hyperlight Blaster|56/100 brn|[from] brn
|upkeep
|turn|27
|
|t:|1743779007
|switch|p2a: Heaven's Demon|Jirachi|100/100
|-damage|p2a: Heaven's Demon|94/100|[from] Stealth Rock
|move|p1a: Torkoal|Protect||[still]
|-fail|p1a: Torkoal
|
|-heal|p2a: Heaven's Demon|100/100|[from] item: Leftovers
|-heal|p1a: Torkoal|36/100|[from] item: Leftovers
|upkeep
|turn|28
|
|t:|1743779020
|move|p2a: Heaven's Demon|Iron Head|p1a: Torkoal
|-resisted|p1a: Torkoal
|-damage|p1a: Torkoal|22/100
|cant|p1a: Torkoal|flinch
|
|-heal|p1a: Torkoal|28/100|[from] item: Leftovers
|upkeep
|turn|29
|
|t:|1743779030
|move|p2a: Heaven's Demon|Iron Head|p1a: Torkoal
|-resisted|p1a: Torkoal
|-damage|p1a: Torkoal|15/100
|move|p1a: Torkoal|Will-O-Wisp|p2a: Heaven's Demon|[miss]
|-miss|p1a: Torkoal|p2a: Heaven's Demon
|
|-heal|p1a: Torkoal|21/100|[from] item: Leftovers
|upkeep
|turn|30
|
|t:|1743779039
|move|p2a: Heaven's Demon|Thunder Wave|p1a: Torkoal
|-status|p1a: Torkoal|par
|move|p1a: Torkoal|Will-O-Wisp|p2a: Heaven's Demon
|-status|p2a: Heaven's Demon|brn
|
|-heal|p1a: Torkoal|27/100 par|[from] item: Leftovers
|-damage|p2a: Heaven's Demon|94/100 brn|[from] brn
|upkeep
|turn|31
|
|t:|1743779053
|move|p1a: Torkoal|Protect|p1a: Torkoal
|-singleturn|p1a: Torkoal|Protect
|move|p2a: Heaven's Demon|Dazzling Gleam|p1a: Torkoal
|-activate|p1a: Torkoal|move: Protect
|
|-heal|p2a: Heaven's Demon|100/100 brn|[from] item: Leftovers
|-heal|p1a: Torkoal|33/100 par|[from] item: Leftovers
|-damage|p2a: Heaven's Demon|94/100 brn|[from] brn
|upkeep
|turn|32
|
|t:|1743779064
|move|p2a: Heaven's Demon|Dazzling Gleam|p1a: Torkoal
|-resisted|p1a: Torkoal
|-damage|p1a: Torkoal|25/100 par
|cant|p1a: Torkoal|par
|
|-heal|p2a: Heaven's Demon|100/100 brn|[from] item: Leftovers
|-heal|p1a: Torkoal|31/100 par|[from] item: Leftovers
|-damage|p2a: Heaven's Demon|94/100 brn|[from] brn
|upkeep
|turn|33
|
|t:|1743779079
|move|p2a: Heaven's Demon|Drain Punch|p1a: Torkoal
|-damage|p1a: Torkoal|22/100 par
|-heal|p2a: Heaven's Demon|98/100 brn|[from] drain|[of] p1a: Torkoal
|cant|p1a: Torkoal|par
|
|-heal|p2a: Heaven's Demon|100/100 brn|[from] item: Leftovers
|-heal|p1a: Torkoal|28/100 par|[from] item: Leftovers
|-damage|p2a: Heaven's Demon|94/100 brn|[from] brn
|upkeep
|turn|34
|
|t:|1743779091
|move|p2a: Heaven's Demon|Iron Head|p1a: Torkoal
|-resisted|p1a: Torkoal
|-crit|p1a: Torkoal
|-damage|p1a: Torkoal|18/100 par
|cant|p1a: Torkoal|flinch
|
|-heal|p2a: Heaven's Demon|100/100 brn|[from] item: Leftovers
|-heal|p1a: Torkoal|24/100 par|[from] item: Leftovers
|-damage|p2a: Heaven's Demon|94/100 brn|[from] brn
|upkeep
|turn|35
|
|t:|1743779103
|move|p1a: Torkoal|Protect|p1a: Torkoal
|-singleturn|p1a: Torkoal|Protect
|move|p2a: Heaven's Demon|Iron Head|p1a: Torkoal
|-activate|p1a: Torkoal|move: Protect
|
|-heal|p2a: Heaven's Demon|100/100 brn|[from] item: Leftovers
|-heal|p1a: Torkoal|30/100 par|[from] item: Leftovers
|-damage|p2a: Heaven's Demon|94/100 brn|[from] brn
|upkeep
|turn|36
|
|t:|1743779116
|move|p2a: Heaven's Demon|Drain Punch|p1a: Torkoal
|-damage|p1a: Torkoal|22/100 par
|-heal|p2a: Heaven's Demon|98/100 brn|[from] drain|[of] p1a: Torkoal
|move|p1a: Torkoal|Rapid Spin|p2a: Heaven's Demon
|-resisted|p2a: Heaven's Demon
|-damage|p2a: Heaven's Demon|94/100 brn
|-boost|p1a: Torkoal|spe|1
|
|-heal|p2a: Heaven's Demon|99/100 brn|[from] item: Leftovers
|-heal|p1a: Torkoal|28/100 par|[from] item: Leftovers
|-damage|p2a: Heaven's Demon|94/100 brn|[from] brn
|upkeep
|turn|37
|
|t:|1743779134
|switch|p2a: Hyperlight Blaster|Deoxys-Speed|56/100 brn
|-damage|p2a: Hyperlight Blaster|44/100 brn|[from] Stealth Rock
|-ability|p2a: Hyperlight Blaster|Pressure
|move|p1a: Torkoal|Protect||[still]
|-fail|p1a: Torkoal
|
|-heal|p1a: Torkoal|34/100 par|[from] item: Leftovers
|-damage|p2a: Hyperlight Blaster|37/100 brn|[from] brn
|upkeep
|turn|38
|
|t:|1743779149
|move|p1a: Torkoal|Protect|p1a: Torkoal
|-singleturn|p1a: Torkoal|Protect
|move|p2a: Hyperlight Blaster|Psychic|p1a: Torkoal
|-activate|p1a: Torkoal|move: Protect
|
|-heal|p1a: Torkoal|40/100 par|[from] item: Leftovers
|-damage|p2a: Hyperlight Blaster|31/100 brn|[from] brn
|upkeep
|turn|39
|
|t:|1743779160
|move|p2a: Hyperlight Blaster|Psychic|p1a: Torkoal
|-damage|p1a: Torkoal|0 fnt
|faint|p1a: Torkoal
|
|-damage|p2a: Hyperlight Blaster|25/100 brn|[from] brn
|upkeep
|
|t:|1743779171
|switch|p1a: Salamence|Salamence, M|100/100
|-ability|p1a: Salamence|Intimidate|boost
|-unboost|p2a: Hyperlight Blaster|atk|1
|turn|40
|
|t:|1743779178
|move|p2a: Hyperlight Blaster|Psychic|p1a: Salamence
|-damage|p1a: Salamence|30/100
|move|p1a: Salamence|Outrage|p2a: Hyperlight Blaster
|-damage|p2a: Hyperlight Blaster|0 fnt
|faint|p2a: Hyperlight Blaster
|
|upkeep
|
|t:|1743779187
|switch|p2a: Heaven's Demon|Jirachi|94/100 brn
|-damage|p2a: Heaven's Demon|88/100 brn|[from] Stealth Rock
|turn|41
|
|t:|1743779192
|move|p1a: Salamence|Outrage|p2a: Heaven's Demon|[from] lockedmove
|-resisted|p2a: Heaven's Demon
|-damage|p2a: Heaven's Demon|51/100 brn
|-start|p1a: Salamence|confusion|[fatigue]
|-enditem|p1a: Salamence|Lum Berry|[eat]
|-end|p1a: Salamence|confusion
|move|p2a: Heaven's Demon|Thunder Wave|p1a: Salamence
|-status|p1a: Salamence|par
|
|-heal|p2a: Heaven's Demon|57/100 brn|[from] item: Leftovers
|-damage|p2a: Heaven's Demon|51/100 brn|[from] brn
|upkeep
|turn|42
|
|t:|1743779209
|move|p2a: Heaven's Demon|Dazzling Gleam|p1a: Salamence
|-supereffective|p1a: Salamence
|-damage|p1a: Salamence|0 fnt
|faint|p1a: Salamence
|
|-heal|p2a: Heaven's Demon|57/100 brn|[from] item: Leftovers
|-damage|p2a: Heaven's Demon|51/100 brn|[from] brn
|upkeep
|
|t:|1743779218
|switch|p1a: Landorus|Landorus-Therian, M|6/100
|-ability|p1a: Landorus|Intimidate|boost
|-unboost|p2a: Heaven's Demon|atk|1
|turn|43
|
|t:|1743779261
|move|p1a: Landorus|Earthquake|p2a: Heaven's Demon
|-supereffective|p2a: Heaven's Demon
|-damage|p2a: Heaven's Demon|0 fnt
|faint|p2a: Heaven's Demon
|
|win|Luizmkit
|raw|Luizmkit's rating: 1043 &rarr; <strong>1077</strong><br />(+34 for winning)
|raw|KidBombC's rating: 1046 &rarr; <strong>1029</strong><br />(-17 for losing)
|l|☆KidBombC
|player|p2|
