|j|☆biscuitmartial205
|j|☆rocky012
|t:|1743787731
|gametype|singles
|player|p1|biscuitmartial205|steven|1601
|player|p2|rocky012|102|1665
|teamsize|p1|6
|teamsize|p2|6
|gen|9
|tier|[Gen 9] OU
|rated|
|rule|HP Percentage Mod: HP is shown in percentages
|rule|Endless Battle Clause: Forcing endless battles is banned
|rule|Species Clause: Limit one of each Pokémon
|rule|OHKO Clause: OHKO moves are banned
|rule|Evasion Items Clause: Evasion items are banned
|rule|Evasion Moves Clause: Evasion moves are banned
|rule|Sleep Moves Clause: Sleep-inducing moves are banned
|clearpoke
|poke|p1|Iron Treads|
|poke|p1|Pelipper, F|
|poke|p1|Kingdra, F|
|poke|p1|Rillaboom, F|
|poke|p1|Basculegion, M|
|poke|p1|Raging Bolt|
|poke|p2|Weavile, M|
|poke|p2|Samurott-Hisui, F|
|poke|p2|Slowking-Galar, F|
|poke|p2|Iron Valiant|
|poke|p2|Landorus-Therian, M|
|poke|p2|Ogerpon-Wellspring, F|
|teampreview
|inactive|Battle timer is ON: inactive players will automatically lose when time's up. (requested by biscuitmartial205)
|
|t:|1743787749
|start
|switch|p1a: Pelipper|Pelipper, F|100/100
|switch|p2a: Slowking|Slowking-Galar, F|100/100
|-weather|RainDance|[from] ability: Drizzle|[of] p1a: Pelipper
|turn|1
|
|t:|1743787753
|move|p1a: Pelipper|U-turn|p2a: Slowking
|-damage|p2a: Slowking|92/100
|
|t:|1743787763
|switch|p1a: Iron Treads|Iron Treads|100/100|[from] U-turn
|-enditem|p1a: Iron Treads|Booster Energy
|-activate|p1a: Iron Treads|ability: Quark Drive|[fromitem]
|-start|p1a: Iron Treads|quarkdrivespe
|-prepare|p2a: Slowking|Chilly Reception|[premajor]
|move|p2a: Slowking|Chilly Reception|p2a: Slowking
|-weather|Snowscape
|
|t:|1743787771
|switch|p2a: Landorus|Landorus-Therian, M|100/100|[from] Chilly Reception
|-ability|p2a: Landorus|Intimidate|boost
|-unboost|p1a: Iron Treads|atk|1
|
|-weather|Snowscape|[upkeep]
|upkeep
|turn|2
|
|t:|1743787777
|-end|p1a: Iron Treads|Quark Drive|[silent]
|switch|p1a: Pelipper|Pelipper, F|100/100
|-weather|RainDance|[from] ability: Drizzle|[of] p1a: Pelipper
|move|p2a: Landorus|Stealth Rock|p1a: Pelipper
|-sidestart|p1: biscuitmartial205|move: Stealth Rock
|
|-weather|RainDance|[upkeep]
|upkeep
|turn|3
|
|t:|1743787783
|move|p2a: Landorus|U-turn|p1a: Pelipper
|-resisted|p1a: Pelipper
|-damage|p1a: Pelipper|92/100
|
|t:|1743787786
|switch|p2a: Slowking|Slowking-Galar, F|100/100|[from] U-turn
|move|p1a: Pelipper|U-turn|p2a: Slowking
|-damage|p2a: Slowking|92/100
|
|t:|1743787792
|switch|p1a: Basculegion|Basculegion, M|100/100|[from] U-turn
|-damage|p1a: Basculegion|88/100|[from] Stealth Rock
|
|-weather|RainDance|[upkeep]
|upkeep
|turn|4
|
|t:|1743787801
|switch|p2a: Samurott|Samurott-Hisui, F|100/100
|move|p1a: Basculegion|Wave Crash|p2a: Samurott
|-resisted|p2a: Samurott
|-damage|p2a: Samurott|16/100
|-damage|p1a: Basculegion|65/100|[from] Recoil
|
|-weather|RainDance|[upkeep]
|upkeep
|turn|5
|
|t:|1743787811
|move|p1a: Basculegion|Wave Crash|p2a: Samurott
|-resisted|p2a: Samurott
|-damage|p2a: Samurott|0 fnt
|faint|p2a: Samurott
|-damage|p1a: Basculegion|60/100|[from] Recoil
|
|-weather|RainDance|[upkeep]
|upkeep
|
|t:|1743787813
|switch|p2a: Ogerpon|Ogerpon-Wellspring, F|100/100
|turn|6
|
|t:|1743787817
|switch|p1a: Rillaboom|Rillaboom, F|100/100
|-damage|p1a: Rillaboom|88/100|[from] Stealth Rock
|-fieldstart|move: Grassy Terrain|[from] ability: Grassy Surge|[of] p1a: Rillaboom
|move|p2a: Ogerpon|U-turn|p1a: Rillaboom
|-supereffective|p1a: Rillaboom
|-damage|p1a: Rillaboom|37/100
|
|t:|1743787823
|switch|p2a: Landorus|Landorus-Therian, M|100/100|[from] U-turn
|-ability|p2a: Landorus|Intimidate|boost
|-unboost|p1a: Rillaboom|atk|1
|
|-weather|RainDance|[upkeep]
|-heal|p1a: Rillaboom|43/100|[from] Grassy Terrain
|upkeep
|turn|7
|
|t:|1743787830
|move|p2a: Landorus|U-turn|p1a: Rillaboom
|-supereffective|p1a: Rillaboom
|-damage|p1a: Rillaboom|6/100
|
|t:|1743787834
|switch|p2a: Slowking|Slowking-Galar, F|100/100|[from] U-turn
|move|p1a: Rillaboom|U-turn|p2a: Slowking
|-damage|p2a: Slowking|83/100
|
|t:|1743787847
|switch|p1a: Kingdra|Kingdra, F|100/100|[from] U-turn
|-damage|p1a: Kingdra|88/100|[from] Stealth Rock
|
|-weather|RainDance|[upkeep]
|-heal|p1a: Kingdra|94/100|[from] Grassy Terrain
|-heal|p2a: Slowking|90/100|[from] Grassy Terrain
|upkeep
|turn|8
|
|t:|1743787851
|-terastallize|p2a: Slowking|Grass
|move|p1a: Kingdra|Wave Crash|p2a: Slowking
|-resisted|p2a: Slowking
|-crit|p2a: Slowking
|-damage|p2a: Slowking|33/100
|-damage|p1a: Kingdra|69/100|[from] Recoil
|-damage|p1a: Kingdra|59/100|[from] item: Life Orb
|-prepare|p2a: Slowking|Chilly Reception|[premajor]
|move|p2a: Slowking|Chilly Reception|p2a: Slowking
|-weather|Snowscape
|
|t:|1743787863
|switch|p2a: Weavile|Weavile, M|100/100|[from] Chilly Reception
|-ability|p2a: Weavile|Pressure
|
|-weather|Snowscape|[upkeep]
|-heal|p1a: Kingdra|65/100|[from] Grassy Terrain
|upkeep
|turn|9
|
|t:|1743787868
|switch|p1a: Rillaboom|Rillaboom, F|6/100
|-damage|p1a: Rillaboom|0 fnt|[from] Stealth Rock
|faint|p1a: Rillaboom
|move|p2a: Weavile|Icicle Crash|p1: Rillaboom|[notarget]
|-fail|p2a: Weavile
|
|-weather|Snowscape|[upkeep]
|upkeep
|
|t:|1743787875
|switch|p1a: Pelipper|Pelipper, F|92/100
|-damage|p1a: Pelipper|67/100|[from] Stealth Rock
|-weather|RainDance|[from] ability: Drizzle|[of] p1a: Pelipper
|turn|10
|
|t:|1743787881
|move|p2a: Weavile|Icicle Crash|p1a: Pelipper
|-damage|p1a: Pelipper|29/100
|move|p1a: Pelipper|Hurricane|p2a: Weavile
|-damage|p2a: Weavile|50/100
|
|-weather|RainDance|[upkeep]
|-heal|p2a: Weavile|56/100|[from] Grassy Terrain
|-fieldend|move: Grassy Terrain
|upkeep
|turn|11
|
|t:|1743787894
|move|p2a: Weavile|Knock Off|p1a: Pelipper
|-damage|p1a: Pelipper|0 fnt
|-enditem|p1a: Pelipper|Damp Rock|[from] move: Knock Off|[of] p2a: Weavile
|faint|p1a: Pelipper
|
|-weather|RainDance|[upkeep]
|upkeep
|
|t:|1743787899
|switch|p1a: Kingdra|Kingdra, F|65/100
|-damage|p1a: Kingdra|53/100|[from] Stealth Rock
|turn|12
|
|t:|1743787910
|move|p2a: Weavile|Ice Shard|p1a: Kingdra
|-damage|p1a: Kingdra|30/100
|move|p1a: Kingdra|Hurricane|p2a: Weavile
|-damage|p2a: Weavile|0 fnt
|faint|p2a: Weavile
|-damage|p1a: Kingdra|20/100|[from] item: Life Orb
|
|-weather|RainDance|[upkeep]
|upkeep
|
|t:|1743787917
|switch|p2a: Slowking|Slowking-Galar, F, tera:Grass|67/100
|turn|13
|l|☆biscuitmartial205
|inactive|biscuitmartial205 disconnected and has a minute to reconnect!
|player|p1|
|inactive|biscuitmartial205 has 30 seconds to reconnect!
|inactive|biscuitmartial205 has 20 seconds to reconnect!
|inactive|biscuitmartial205 has 15 seconds to reconnect!
|inactive|biscuitmartial205 has 10 seconds to reconnect!
|j|☆biscuitmartial205
|inactive|biscuitmartial205 reconnected and has 95 seconds left.
|player|p1|biscuitmartial205|steven|
|inactive|biscuitmartial205 has 90 seconds left.
|
|t:|1743787983
|move|p1a: Kingdra|Hurricane|p2a: Slowking
|-supereffective|p2a: Slowking
|-crit|p2a: Slowking
|-damage|p2a: Slowking|0 fnt
|faint|p2a: Slowking
|-damage|p1a: Kingdra|10/100|[from] item: Life Orb
|
|-weather|RainDance|[upkeep]
|upkeep
|
|t:|1743787990
|switch|p2a: Landorus|Landorus-Therian, M|100/100
|-ability|p2a: Landorus|Intimidate|boost
|-unboost|p1a: Kingdra|atk|1
|turn|14
|
|t:|1743787995
|switch|p2a: Ogerpon|Ogerpon-Wellspring, F|100/100
|move|p1a: Kingdra|Draco Meteor|p2a: Ogerpon
|-damage|p2a: Ogerpon|21/100
|-unboost|p1a: Kingdra|spa|2
|-damage|p1a: Kingdra|0 fnt|[from] item: Life Orb
|faint|p1a: Kingdra
|
|-weather|RainDance|[upkeep]
|upkeep
|inactive|biscuitmartial205 has 90 seconds left.
|
|t:|1743788007
|switch|p1a: Basculegion|Basculegion, M|60/100
|-damage|p1a: Basculegion|48/100|[from] Stealth Rock
|turn|15
|
|t:|1743788010
|switch|p2a: Landorus|Landorus-Therian, M|100/100
|-ability|p2a: Landorus|Intimidate|boost
|-unboost|p1a: Basculegion|atk|1
|move|p1a: Basculegion|Ice Fang|p2a: Landorus
|-supereffective|p2a: Landorus
|-damage|p2a: Landorus|43/100
|-damage|p1a: Basculegion|32/100|[from] item: Rocky Helmet|[of] p2a: Landorus
|
|-weather|RainDance|[upkeep]
|upkeep
|turn|16
|
|t:|1743788020
|move|p1a: Basculegion|Ice Fang|p2a: Landorus|[miss]
|-miss|p1a: Basculegion|p2a: Landorus
|move|p2a: Landorus|Earthquake|p1a: Basculegion
|-damage|p1a: Basculegion|0 fnt
|faint|p1a: Basculegion
|
|-weather|RainDance|[upkeep]
|upkeep
|
|t:|1743788025
|switch|p1a: Iron Treads|Iron Treads|100/100
|-damage|p1a: Iron Treads|97/100|[from] Stealth Rock
|turn|17
|
|t:|1743788028
|move|p1a: Iron Treads|Steel Beam|p2a: Landorus|[miss]
|-miss|p1a: Iron Treads|p2a: Landorus
|-damage|p1a: Iron Treads|47/100|[from] steelbeam
|move|p2a: Landorus|Earthquake|p1a: Iron Treads
|-supereffective|p1a: Iron Treads
|-damage|p1a: Iron Treads|0 fnt
|faint|p1a: Iron Treads
|-end|p1a: Iron Treads|Quark Drive|[silent]
|
|-weather|none
|upkeep
|
|t:|1743788031
|switch|p1a: Raging Bolt|Raging Bolt|100/100
|-damage|p1a: Raging Bolt|88/100|[from] Stealth Rock
|turn|18
|
|t:|1743788033
|move|p1a: Raging Bolt|Calm Mind|p1a: Raging Bolt
|-boost|p1a: Raging Bolt|spa|1
|-boost|p1a: Raging Bolt|spd|1
|move|p2a: Landorus|Earthquake|p1a: Raging Bolt
|-supereffective|p1a: Raging Bolt
|-enditem|p1a: Raging Bolt|Shuca Berry|[eat]
|-enditem|p1a: Raging Bolt|Shuca Berry|[weaken]
|-damage|p1a: Raging Bolt|48/100
|
|upkeep
|turn|19
|
|t:|1743788039
|-terastallize|p1a: Raging Bolt|Fairy
|move|p1a: Raging Bolt|Dragon Pulse|p2a: Landorus
|-damage|p2a: Landorus|0 fnt
|faint|p2a: Landorus
|
|upkeep
|
|t:|1743788051
|switch|p2a: Ogerpon|Ogerpon-Wellspring, F|21/100
|turn|20
|
|t:|1743788054
|move|p1a: Raging Bolt|Thunderclap||[still]
|-fail|p1a: Raging Bolt
|move|p2a: Ogerpon|Encore|p1a: Raging Bolt
|-start|p1a: Raging Bolt|Encore
|
|upkeep
|turn|21
|
|t:|1743788064
|switch|p2a: Iron Valiant|Iron Valiant|100/100
|-enditem|p2a: Iron Valiant|Booster Energy
|-activate|p2a: Iron Valiant|ability: Quark Drive|[fromitem]
|-start|p2a: Iron Valiant|quarkdrivespe
|move|p1a: Raging Bolt|Thunderclap||[still]
|-fail|p1a: Raging Bolt
|
|upkeep
|turn|22
|
|t:|1743788067
|move|p1a: Raging Bolt|Thunderclap||[still]
|-fail|p1a: Raging Bolt
|move|p2a: Iron Valiant|Calm Mind|p2a: Iron Valiant
|-boost|p2a: Iron Valiant|spa|1
|-boost|p2a: Iron Valiant|spd|1
|
|upkeep
|turn|23
|
|t:|1743788070
|move|p1a: Raging Bolt|Thunderclap||[still]
|-fail|p1a: Raging Bolt
|move|p2a: Iron Valiant|Calm Mind|p2a: Iron Valiant
|-boost|p2a: Iron Valiant|spa|1
|-boost|p2a: Iron Valiant|spd|1
|
|-end|p1a: Raging Bolt|Encore
|upkeep
|turn|24
|
|t:|1743788074
|move|p1a: Raging Bolt|Thunderclap|p2a: Iron Valiant
|-crit|p2a: Iron Valiant
|-damage|p2a: Iron Valiant|0 fnt
|faint|p2a: Iron Valiant
|-end|p2a: Iron Valiant|Quark Drive|[silent]
|
|upkeep
|
|t:|1743788079
|switch|p2a: Ogerpon|Ogerpon-Wellspring, F|21/100
|turn|25
|
|t:|1743788081
|move|p2a: Ogerpon|Encore|p1a: Raging Bolt
|-start|p1a: Raging Bolt|Encore
|move|p1a: Raging Bolt|Thunderclap||[still]
|-fail|p1a: Raging Bolt
|
|upkeep
|turn|26
|
|t:|1743788085
|move|p1a: Raging Bolt|Thunderclap||[still]
|-fail|p1a: Raging Bolt
|move|p2a: Ogerpon|Encore||[still]
|-fail|p2a: Ogerpon
|
|upkeep
|turn|27
|
|t:|1743788088
|move|p1a: Raging Bolt|Thunderclap||[still]
|-fail|p1a: Raging Bolt
|move|p2a: Ogerpon|Encore||[still]
|-fail|p2a: Ogerpon
|
|-end|p1a: Raging Bolt|Encore
|upkeep
|turn|28
|
|t:|1743788090
|move|p2a: Ogerpon|Ivy Cudgel|p1a: Raging Bolt|[anim] Ivy Cudgel Water
|-crit|p1a: Raging Bolt
|-damage|p1a: Raging Bolt|0 fnt
|faint|p1a: Raging Bolt
|-end|p1a: Raging Bolt|Protosynthesis|[silent]
|
|win|rocky012
|raw|biscuitmartial205's rating: 1601 &rarr; <strong>1585</strong><br />(-16 for losing)
|raw|rocky012's rating: 1665 &rarr; <strong>1681</strong><br />(+16 for winning)
|l|☆biscuitmartial205
|player|p1|
|c|☆rocky012|what was that game
|l|☆rocky012
|player|p2|
