|j|☆Coochigrip34
|j|☆Dimpchampa
|t:|1743923192
|gametype|singles
|player|p1|Coochigrip34|benga|1060
|player|p2|Dimpchampa|2|1069
|teamsize|p1|6
|teamsize|p2|6
|gen|9
|tier|[Gen 9] OU
|rated|
|rule|HP Percentage Mod: HP is shown in percentages
|rule|Endless Battle Clause: Forcing endless battles is banned
|rule|Species Clause: Limit one of each Pokémon
|rule|OHKO Clause: OHKO moves are banned
|rule|Evasion Items Clause: Evasion items are banned
|rule|Evasion Moves Clause: Evasion moves are banned
|rule|Sleep Moves Clause: Sleep-inducing moves are banned
|clearpoke
|poke|p1|Incineroar, M|
|poke|p1|Dragonite, F|
|poke|p1|Ogerpon-Wellspring, F|
|poke|p1|Snorlax, M|
|poke|p1|Sandaconda, M|
|poke|p1|Gliscor, M|
|poke|p2|Kingdra, M|
|poke|p2|Dudunsparce-*, M|
|poke|p2|Kingambit, M|
|poke|p2|Mudsdale, F|
|poke|p2|Gastrodon, M|
|poke|p2|Eelektross, M|
|teampreview
|
|t:|1743923199
|start
|switch|p1a: Gliscor|Gliscor, M, shiny|100/100
|switch|p2a: Dudunsparce|Dudunsparce, M|100/100
|turn|1
|
|t:|1743923213
|move|p1a: Gliscor|Toxic|p2a: Dudunsparce
|-status|p2a: Dudunsparce|tox
|move|p2a: Dudunsparce|Body Slam|p1a: Gliscor
|-damage|p1a: Gliscor|82/100
|-status|p1a: Gliscor|par
|
|-damage|p2a: Dudunsparce|94/100 tox|[from] psn
|upkeep
|turn|2
|
|t:|1743923234
|switch|p2a: Kingdra|Kingdra, M|100/100
|cant|p1a: Gliscor|par
|
|upkeep
|turn|3
|
|t:|1743923242
|cant|p1a: Gliscor|par
|move|p2a: Kingdra|Focus Energy|p2a: Kingdra
|-start|p2a: Kingdra|move: Focus Energy
|
|upkeep
|turn|4
|
|t:|1743923249
|-terastallize|p2a: Kingdra|Water
|move|p2a: Kingdra|Surf|p1a: Gliscor
|-supereffective|p1a: Gliscor
|-crit|p1a: Gliscor
|-damage|p1a: Gliscor|0 fnt
|faint|p1a: Gliscor
|
|upkeep
|
|t:|1743923267
|switch|p1a: Ogerpon|Ogerpon-Wellspring, F|100/100
|turn|5
|
|t:|1743923272
|move|p1a: Ogerpon|Swords Dance|p1a: Ogerpon
|-boost|p1a: Ogerpon|atk|2
|move|p2a: Kingdra|Ice Beam|p1a: Ogerpon
|-crit|p1a: Ogerpon
|-damage|p1a: Ogerpon|50/100
|
|upkeep
|turn|6
|
|t:|1743923283
|move|p1a: Ogerpon|Power Whip|p2a: Kingdra
|-supereffective|p2a: Kingdra
|-damage|p2a: Kingdra|0 fnt
|faint|p2a: Kingdra
|
|upkeep
|
|t:|1743923290
|switch|p2a: Dudunsparce|Dudunsparce, M|94/100 tox
|turn|7
|
|t:|1743923303
|move|p1a: Ogerpon|Power Whip|p2a: Dudunsparce
|-damage|p2a: Dudunsparce|0 fnt
|-damage|p1a: Ogerpon|33/100|[from] item: Rocky Helmet|[of] p2a: Dudunsparce
|faint|p2a: Dudunsparce
|
|upkeep
|
|t:|1743923317
|switch|p2a: Kingambit|Kingambit, M|100/100
|-activate|p2a: Kingambit|ability: Supreme Overlord
|-start|p2a: Kingambit|fallen2|[silent]
|turn|8
|
|t:|1743923329
|move|p2a: Kingambit|Sucker Punch|p1a: Ogerpon
|-damage|p1a: Ogerpon|0 fnt
|faint|p1a: Ogerpon
|
|upkeep
|
|t:|1743923337
|switch|p1a: Incineroar|Incineroar, M|100/100
|-ability|p1a: Incineroar|Intimidate|boost
|-unboost|p2a: Kingambit|atk|1
|turn|9
|
|t:|1743923343
|move|p1a: Incineroar|Fake Out|p2a: Kingambit
|-resisted|p2a: Kingambit
|-damage|p2a: Kingambit|96/100
|cant|p2a: Kingambit|flinch
|
|upkeep
|turn|10
|
|t:|1743923353
|move|p1a: Incineroar|Knock Off|p2a: Kingambit
|-resisted|p2a: Kingambit
|-damage|p2a: Kingambit|76/100
|-enditem|p2a: Kingambit|Assault Vest|[from] move: Knock Off|[of] p1a: Incineroar
|move|p2a: Kingambit|Brick Break|p1a: Incineroar
|-supereffective|p1a: Incineroar
|-crit|p1a: Incineroar
|-damage|p1a: Incineroar|0 fnt
|faint|p1a: Incineroar
|
|upkeep
|
|t:|1743923364
|switch|p1a: Sandaconda|Sandaconda, M, shiny|100/100
|turn|11
|
|t:|1743923371
|move|p2a: Kingambit|Sucker Punch||[still]
|-fail|p2a: Kingambit
|move|p1a: Sandaconda|Stealth Rock|p2a: Kingambit
|-sidestart|p2: Dimpchampa|move: Stealth Rock
|
|upkeep
|turn|12
|
|t:|1743923378
|move|p1a: Sandaconda|Earthquake|p2a: Kingambit
|-supereffective|p2a: Kingambit
|-damage|p2a: Kingambit|21/100
|move|p2a: Kingambit|Foul Play|p1a: Sandaconda
|-damage|p1a: Sandaconda|77/100
|-damage|p2a: Kingambit|5/100|[from] item: Rocky Helmet|[of] p1a: Sandaconda
|
|upkeep
|turn|13
|
|t:|1743923387
|move|p1a: Sandaconda|Rock Blast|p2a: Kingambit
|-resisted|p2a: Kingambit
|-damage|p2a: Kingambit|3/100
|-resisted|p2a: Kingambit
|-damage|p2a: Kingambit|0 fnt
|faint|p2a: Kingambit
|-end|p2a: Kingambit|fallen2|[silent]
|-hitcount|p2: Kingambit|2
|
|upkeep
|
|t:|1743923395
|switch|p2a: Gastrodon|Gastrodon, M|100/100
|-damage|p2a: Gastrodon|94/100|[from] Stealth Rock
|turn|14
|
|t:|1743923419
|move|p1a: Sandaconda|Earthquake|p2a: Gastrodon
|-damage|p2a: Gastrodon|64/100
|move|p2a: Gastrodon|Surf|p1a: Sandaconda
|-supereffective|p1a: Sandaconda
|-damage|p1a: Sandaconda|6/100
|
|upkeep
|turn|15
|
|t:|1743923428
|move|p1a: Sandaconda|Earthquake|p2a: Gastrodon
|-damage|p2a: Gastrodon|32/100
|-enditem|p2a: Gastrodon|Sitrus Berry|[eat]
|-heal|p2a: Gastrodon|57/100|[from] item: Sitrus Berry
|move|p2a: Gastrodon|Surf|p1a: Sandaconda
|-supereffective|p1a: Sandaconda
|-damage|p1a: Sandaconda|0 fnt
|faint|p1a: Sandaconda
|
|upkeep
|
|t:|1743923438
|switch|p1a: Dragonite|Dragonite, F, shiny|100/100
|turn|16
|
|t:|1743923441
|move|p1a: Dragonite|Dragon Dance|p1a: Dragonite
|-boost|p1a: Dragonite|atk|1
|-boost|p1a: Dragonite|spe|1
|move|p2a: Gastrodon|Recover|p2a: Gastrodon
|-heal|p2a: Gastrodon|100/100
|
|upkeep
|turn|17
|
|t:|1743923448
|move|p1a: Dragonite|Dragon Dance|p1a: Dragonite
|-boost|p1a: Dragonite|atk|1
|-boost|p1a: Dragonite|spe|1
|move|p2a: Gastrodon|Spikes|p1a: Dragonite
|-sidestart|p1: Coochigrip34|Spikes
|
|upkeep
|turn|18
|
|t:|1743923455
|-terastallize|p1a: Dragonite|Normal
|move|p1a: Dragonite|Extreme Speed|p2a: Gastrodon
|-damage|p2a: Gastrodon|28/100
|move|p2a: Gastrodon|Stealth Rock|p1a: Dragonite
|-sidestart|p1: Coochigrip34|move: Stealth Rock
|
|upkeep
|turn|19
|
|t:|1743923463
|move|p1a: Dragonite|Extreme Speed|p2a: Gastrodon
|-damage|p2a: Gastrodon|0 fnt
|faint|p2a: Gastrodon
|
|upkeep
|
|t:|1743923470
|switch|p2a: Eelektross|Eelektross, M|100/100
|-damage|p2a: Eelektross|88/100|[from] Stealth Rock
|turn|20
|
|t:|1743923485
|move|p1a: Dragonite|Extreme Speed|p2a: Eelektross
|-damage|p2a: Eelektross|17/100
|move|p2a: Eelektross|Knock Off|p1a: Dragonite
|-damage|p1a: Dragonite|84/100
|-enditem|p1a: Dragonite|Focus Sash|[from] move: Knock Off|[of] p2a: Eelektross
|
|upkeep
|turn|21
|
|t:|1743923494
|move|p1a: Dragonite|Extreme Speed|p2a: Eelektross
|-damage|p2a: Eelektross|0 fnt
|faint|p2a: Eelektross
|
|upkeep
|
|t:|1743923500
|switch|p2a: Mudsdale|Mudsdale, F|100/100
|-damage|p2a: Mudsdale|94/100|[from] Stealth Rock
|turn|22
|
|t:|1743923505
|move|p1a: Dragonite|Extreme Speed|p2a: Mudsdale
|-damage|p2a: Mudsdale|30/100
|-ability|p2a: Mudsdale|Stamina|boost
|-boost|p2a: Mudsdale|def|1
|move|p2a: Mudsdale|Body Press|p1a: Dragonite
|-supereffective|p1a: Dragonite
|-damage|p1a: Dragonite|0 fnt
|faint|p1a: Dragonite
|
|-heal|p2a: Mudsdale|36/100|[from] item: Leftovers
|upkeep
|
|t:|1743923516
|switch|p1a: Snorlax|Snorlax, M, shiny|100/100
|-damage|p1a: Snorlax|88/100|[from] Spikes
|-damage|p1a: Snorlax|76/100|[from] Stealth Rock
|turn|23
|
|t:|1743923537
|move|p1a: Snorlax|Body Slam|p2a: Mudsdale
|-damage|p2a: Mudsdale|21/100
|-ability|p2a: Mudsdale|Stamina|boost
|-boost|p2a: Mudsdale|def|1
|move|p2a: Mudsdale|Body Press|p1a: Snorlax
|-supereffective|p1a: Snorlax
|-damage|p1a: Snorlax|0 fnt
|faint|p1a: Snorlax
|
|win|Dimpchampa
|raw|Coochigrip34's rating: 1060 &rarr; <strong>1041</strong><br />(-19 for losing)
|raw|Dimpchampa's rating: 1069 &rarr; <strong>1098</strong><br />(+29 for winning)
|l|☆Dimpchampa
|player|p2|
|l|☆Coochigrip34
|player|p1|
