|j|☆chewfive
|j|☆NotVeryGood12
|t:|1743869099
|gametype|singles
|player|p1|chewfive|265|1238
|player|p2|NotVeryGood12|byron|1312
|teamsize|p1|6
|teamsize|p2|6
|gen|9
|tier|[Gen 9] OU
|rated|
|rule|HP Percentage Mod: HP is shown in percentages
|rule|Endless Battle Clause: Forcing endless battles is banned
|rule|Species Clause: Limit one of each Pokémon
|rule|OHKO Clause: OHKO moves are banned
|rule|Evasion Items Clause: Evasion items are banned
|rule|Evasion Moves Clause: Evasion moves are banned
|rule|Sleep Moves Clause: Sleep-inducing moves are banned
|clearpoke
|poke|p1|Hoopa-Unbound|
|poke|p1|Torterra, F|
|poke|p1|Skuntank, M|
|poke|p1|Sinistcha|
|poke|p1|Rampardos, F|
|poke|p1|Smeargle, F|
|poke|p2|Moltres-Galar|
|poke|p2|Iron Treads|
|poke|p2|Keldeo-Resolute|
|poke|p2|Enamorus-Therian, F|
|poke|p2|Araquanid, M|
|poke|p2|Slowking-Galar, F|
|teampreview
|inactive|Battle timer is ON: inactive players will automatically lose when time's up. (requested by NotVeryGood12)
|
|t:|1743869125
|start
|switch|p1a: u ready?|Sinistcha|100/100
|switch|p2a: Araquanid|Araquanid, M|100/100
|turn|1
|
|t:|1743869133
|move|p2a: Araquanid|Sticky Web|p1a: u ready?
|-sidestart|p1: chewfive|move: Sticky Web
|move|p1a: u ready?|Trick Room|p1a: u ready?
|-fieldstart|move: Trick Room|[of] p1a: u ready?
|
|upkeep
|turn|2
|
|t:|1743869141
|switch|p2a: Slacking|Slowking-Galar, F|100/100
|move|p1a: u ready?|Calm Mind|p1a: u ready?
|-boost|p1a: u ready?|spa|1
|-boost|p1a: u ready?|spd|1
|
|upkeep
|turn|3
|
|t:|1743869147
|move|p2a: Slacking|Sludge Bomb|p1a: u ready?
|-damage|p1a: u ready?|68/100
|move|p1a: u ready?|Hex|p2a: Slacking
|-supereffective|p2a: Slacking
|-damage|p2a: Slacking|52/100
|
|upkeep
|turn|4
|
|t:|1743869161
|move|p2a: Slacking|Ice Beam|p1a: u ready?
|-supereffective|p1a: u ready?
|-damage|p1a: u ready?|27/100
|move|p1a: u ready?|Matcha Gotcha|p2a: Slacking
|-resisted|p2a: Slacking
|-damage|p2a: Slacking|35/100
|-heal|p1a: u ready?|40/100|[from] drain|[of] p2a: Slacking
|
|upkeep
|turn|5
|inactive|chewfive has 120 seconds left.
|
|t:|1743869191
|switch|p1a: almighty skunk|Skuntank, M|100/100
|-activate|p1a: almighty skunk|move: Sticky Web
|-unboost|p1a: almighty skunk|spe|1
|move|p2a: Slacking|Ice Beam|p1a: almighty skunk
|-damage|p1a: almighty skunk|72/100
|
|-fieldend|move: Trick Room
|upkeep
|turn|6
|inactive|chewfive has 120 seconds left.
|
|t:|1743869207
|switch|p2a: Keldeo|Keldeo-Resolute|100/100
|move|p1a: almighty skunk|Substitute|p1a: almighty skunk
|-start|p1a: almighty skunk|Substitute
|-damage|p1a: almighty skunk|48/100
|
|upkeep
|turn|7
|inactive|chewfive has 120 seconds left.
|
|t:|1743869216
|move|p2a: Keldeo|Secret Sword|p1a: almighty skunk
|-crit|p1a: almighty skunk
|-end|p1a: almighty skunk|Substitute
|-damage|p2a: Keldeo|91/100|[from] item: Life Orb
|move|p1a: almighty skunk|Poison Jab|p2a: Keldeo
|-damage|p2a: Keldeo|62/100
|-status|p2a: Keldeo|psn
|
|-damage|p2a: Keldeo|50/100 psn|[from] psn
|upkeep
|turn|8
|inactive|chewfive has 120 seconds left.
|
|t:|1743869227
|switch|p1a: u ready?|Sinistcha|40/100
|-activate|p1a: u ready?|move: Sticky Web
|-unboost|p1a: u ready?|spe|1
|move|p2a: Keldeo|Secret Sword|p1a: u ready?
|-immune|p1a: u ready?
|
|-damage|p2a: Keldeo|38/100 psn|[from] psn
|upkeep
|turn|9
|inactive|chewfive has 120 seconds left.
|
|t:|1743869248
|move|p2a: Keldeo|Hydro Pump|p1a: u ready?|[miss]
|-miss|p2a: Keldeo|p1a: u ready?
|move|p1a: u ready?|Hex|p2a: Keldeo
|-damage|p2a: Keldeo|0 fnt
|faint|p2a: Keldeo
|
|upkeep
|
|t:|1743869254
|switch|p2a: Moltres|Moltres-Galar|100/100
|turn|10
|inactive|chewfive has 120 seconds left.
|
|t:|1743869277
|move|p2a: Moltres|Fiery Wrath|p1a: u ready?
|-supereffective|p1a: u ready?
|-damage|p1a: u ready?|0 fnt
|faint|p1a: u ready?
|
|upkeep
|inactive|chewfive has 90 seconds left.
|
|t:|1743869314
|switch|p1a: TERA DEATH|Torterra, F|100/100
|-activate|p1a: TERA DEATH|move: Sticky Web
|-unboost|p1a: TERA DEATH|spe|1
|turn|11
|
|t:|1743869322
|-terastallize|p1a: TERA DEATH|Poison
|move|p2a: Moltres|Taunt|p1a: TERA DEATH
|-start|p1a: TERA DEATH|move: Taunt
|cant|p1a: TERA DEATH|move: Taunt|Stockpile
|
|upkeep
|turn|12
|
|t:|1743869330
|switch|p2a: Iron Treads|Iron Treads|100/100
|switch|p1a: almighty skunk|Skuntank, M|48/100
|-activate|p1a: almighty skunk|move: Sticky Web
|-unboost|p1a: almighty skunk|spe|1
|
|upkeep
|turn|13
|-message|chewfive forfeited.
|
|win|NotVeryGood12
|raw|chewfive's rating: 1238 &rarr; <strong>1218</strong><br />(-20 for losing)
|raw|NotVeryGood12's rating: 1312 &rarr; <strong>1328</strong><br />(+16 for winning)
|l|☆chewfive
|player|p1|
|l|☆NotVeryGood12
|player|p2|
