|j|☆A1980217
|j|☆Diarreia Mortal
|t:|1743845597
|gametype|singles
|player|p1|A1980217|266|1280
|player|p2|Diarreia Mortal|fisherman-gen4|1224
|teamsize|p1|6
|teamsize|p2|6
|gen|9
|tier|[Gen 9] OU
|rated|
|rule|HP Percentage Mod: HP is shown in percentages
|rule|Endless Battle Clause: Forcing endless battles is banned
|rule|Species Clause: Limit one of each Pokémon
|rule|OHKO Clause: OHKO moves are banned
|rule|Evasion Items Clause: Evasion items are banned
|rule|Evasion Moves Clause: Evasion moves are banned
|rule|Sleep Moves Clause: Sleep-inducing moves are banned
|clearpoke
|poke|p1|Zamazenta-*|
|poke|p1|Ogerpon-Wellspring, F|
|poke|p1|Garganacl, F|
|poke|p1|Samurott-Hisui, F|
|poke|p1|Dragonite, M|
|poke|p1|Cinderace, M|
|poke|p2|Toxtricity, F|
|poke|p2|Mew|
|poke|p2|Ninetales-Alola, F|
|poke|p2|Salamence, F|
|poke|p2|Toucannon, F|
|poke|p2|Ditto|
|teampreview
|inactive|Battle timer is ON: inactive players will automatically lose when time's up. (requested by A1980217)
|
|t:|1743845603
|start
|switch|p1a: Samurott|Samurott-Hisui, F|100/100
|switch|p2a: Toxtricity|Toxtricity, F|100/100
|turn|1
|
|t:|1743845614
|move|p1a: Samurott|Ceaseless Edge|p2a: Toxtricity
|-damage|p2a: Toxtricity|44/100
|-sidestart|p2: Diarreia Mortal|Spikes
|move|p2a: Toxtricity|Boomburst|p1a: Samurott
|-damage|p1a: Samurott|0 fnt
|faint|p1a: Samurott
|
|upkeep
|
|t:|1743845624
|switch|p1a: Dragonite|Dragonite, M|100/100
|turn|2
|
|t:|1743845627
|move|p1a: Dragonite|Dragon Dance|p1a: Dragonite
|-boost|p1a: Dragonite|atk|1
|-boost|p1a: Dragonite|spe|1
|move|p2a: Toxtricity|Boomburst|p1a: Dragonite
|-damage|p1a: Dragonite|54/100
|
|upkeep
|turn|3
|
|t:|1743845631
|move|p1a: Dragonite|Earthquake|p2a: Toxtricity
|-supereffective|p2a: Toxtricity
|-damage|p2a: Toxtricity|0 fnt
|faint|p2a: Toxtricity
|
|upkeep
|
|t:|1743845634
|switch|p2a: Ditto|Ditto|100/100
|-damage|p2a: Ditto|88/100|[from] Spikes
|-transform|p2a: Ditto|p1a: Dragonite|[from] ability: Imposter
|turn|4
|
|t:|1743845649
|move|p2a: Ditto|Extreme Speed|p1a: Dragonite
|-damage|p1a: Dragonite|3/100
|move|p1a: Dragonite|Extreme Speed|p2a: Ditto
|-damage|p2a: Ditto|31/100
|
|upkeep
|turn|5
|
|t:|1743845656
|switch|p1a: Garganacl|Garganacl, F|100/100
|move|p2a: Ditto|Extreme Speed|p1a: Garganacl
|-resisted|p1a: Garganacl
|-damage|p1a: Garganacl|86/100
|
|-heal|p1a: Garganacl|92/100|[from] item: Leftovers
|upkeep
|turn|6
|
|t:|1743845677
|switch|p2a: Salamence|Salamence, F|100/100
|move|p1a: Garganacl|Salt Cure|p2a: Salamence
|-supereffective|p2a: Salamence
|-damage|p2a: Salamence|64/100
|-start|p2a: Salamence|Salt Cure
|-enditem|p2a: Salamence|Weakness Policy
|-boost|p2a: Salamence|atk|2|[from] item: Weakness Policy
|-boost|p2a: Salamence|spa|2|[from] item: Weakness Policy
|
|-heal|p1a: Garganacl|98/100|[from] item: Leftovers
|-damage|p2a: Salamence|52/100|[from] Salt Cure
|upkeep
|turn|7
|
|t:|1743845689
|move|p2a: Salamence|Earthquake|p1a: Garganacl
|-supereffective|p1a: Garganacl
|-damage|p1a: Garganacl|0 fnt
|faint|p1a: Garganacl
|-ability|p2a: Salamence|Moxie|boost
|-boost|p2a: Salamence|atk|1
|
|-damage|p2a: Salamence|39/100|[from] Salt Cure
|upkeep
|
|t:|1743845701
|switch|p1a: Dragonite|Dragonite, M|3/100
|turn|8
|
|t:|1743845719
|move|p1a: Dragonite|Extreme Speed|p2a: Salamence
|-damage|p2a: Salamence|0 fnt
|faint|p2a: Salamence
|
|upkeep
|
|t:|1743845722
|switch|p2a: Ninetales|Ninetales-Alola, F|100/100
|-damage|p2a: Ninetales|88/100|[from] Spikes
|-weather|Snowscape|[from] ability: Snow Warning|[of] p2a: Ninetales
|turn|9
|
|t:|1743845731
|move|p2a: Ninetales|Aurora Veil|p2a: Ninetales
|-sidestart|p2: Diarreia Mortal|move: Aurora Veil
|move|p1a: Dragonite|Fire Punch|p2a: Ninetales
|-supereffective|p2a: Ninetales
|-damage|p2a: Ninetales|60/100
|
|-weather|Snowscape|[upkeep]
|upkeep
|turn|10
|
|t:|1743845737
|move|p1a: Dragonite|Extreme Speed|p2a: Ninetales
|-damage|p2a: Ninetales|44/100
|move|p2a: Ninetales|Draining Kiss|p1a: Dragonite
|-supereffective|p1a: Dragonite
|-damage|p1a: Dragonite|0 fnt
|-heal|p2a: Ninetales|46/100|[from] drain|[of] p1a: Dragonite
|faint|p1a: Dragonite
|
|-weather|Snowscape|[upkeep]
|upkeep
|
|t:|1743845740
|switch|p1a: Zamazenta|Zamazenta|100/100
|-ability|p1a: Zamazenta|Dauntless Shield|boost
|-boost|p1a: Zamazenta|def|1
|turn|11
|
|t:|1743845755
|move|p1a: Zamazenta|Heavy Slam|p2a: Ninetales
|-supereffective|p2a: Ninetales
|-damage|p2a: Ninetales|0 fnt
|faint|p2a: Ninetales
|
|-weather|Snowscape|[upkeep]
|upkeep
|
|t:|1743845762
|switch|p2a: Toucannon|Toucannon, F|100/100
|turn|12
|
|t:|1743845768
|switch|p1a: Cinderace|Cinderace, M|100/100
|-singleturn|p2a: Toucannon|move: Beak Blast
|move|p2a: Toucannon|Beak Blast|p1a: Cinderace
|-damage|p1a: Cinderace|0 fnt
|faint|p1a: Cinderace
|
|-weather|Snowscape|[upkeep]
|upkeep
|
|t:|1743845772
|switch|p1a: Ogerpon|Ogerpon-Wellspring, F|100/100
|turn|13
|
|t:|1743845779
|-terastallize|p1a: Ogerpon|Water
|detailschange|p1a: Ogerpon|Ogerpon-Wellspring-Tera, F, tera:Water
|-ability|p1a: Ogerpon|Embody Aspect (Wellspring)|boost
|-boost|p1a: Ogerpon|spd|1
|-singleturn|p2a: Toucannon|move: Beak Blast
|move|p1a: Ogerpon|Ivy Cudgel|p2a: Toucannon|[anim] Ivy Cudgel Water
|-crit|p2a: Toucannon
|-damage|p2a: Toucannon|0 fnt
|faint|p2a: Toucannon
|
|-weather|none
|upkeep
|
|t:|1743845788
|switch|p2a: Mew|Mew|100/100
|-damage|p2a: Mew|88/100|[from] Spikes
|turn|14
|
|t:|1743845792
|move|p1a: Ogerpon|Ivy Cudgel|p2a: Mew|[anim] Ivy Cudgel Water
|-crit|p2a: Mew
|-damage|p2a: Mew|0 fnt
|faint|p2a: Mew
|
|upkeep
|
|t:|1743845798
|switch|p2a: Ditto|Ditto|31/100
|-damage|p2a: Ditto|19/100|[from] Spikes
|turn|15
|
|t:|1743845807
|move|p1a: Ogerpon|Ivy Cudgel|p2a: Ditto|[anim] Ivy Cudgel Water
|-damage|p2a: Ditto|0 fnt
|faint|p2a: Ditto
|
|win|A1980217
|raw|A1980217's rating: 1280 &rarr; <strong>1303</strong><br />(+23 for winning)
|raw|Diarreia Mortal's rating: 1247 &rarr; <strong>1224</strong><br />(-23 for losing)
|l|☆A1980217
|player|p1|
|l|☆Diarreia Mortal
|player|p2|
