|j|☆maractus' no1 fan
|j|☆metakill4r
|t:|1743811151
|gametype|singles
|player|p1|maractus' no1 fan|pokemonbreeder-gen4|1560
|player|p2|metakill4r|boarder|1563
|teamsize|p1|6
|teamsize|p2|6
|gen|9
|tier|[Gen 9] OU
|rated|
|rule|HP Percentage Mod: HP is shown in percentages
|rule|Endless Battle Clause: Forcing endless battles is banned
|rule|Species Clause: Limit one of each Pokémon
|rule|OHKO Clause: OHKO moves are banned
|rule|Evasion Items Clause: Evasion items are banned
|rule|Evasion Moves Clause: Evasion moves are banned
|rule|Sleep Moves Clause: Sleep-inducing moves are banned
|clearpoke
|poke|p1|Blastoise, M|
|poke|p1|Pelipper, F|
|poke|p1|Dragapult, F|
|poke|p1|Latias, F|
|poke|p1|Azumarill, F|
|poke|p1|Iron Treads|
|poke|p2|Ninetales-Alola, F|
|poke|p2|Great Tusk|
|poke|p2|Slowking-Galar, M|
|poke|p2|Kyurem|
|poke|p2|Gholdengo|
|poke|p2|Greninja-*, M|
|teampreview
|
|t:|1743811173
|start
|switch|p1a: Dragapult|Dragapult, F|100/100
|switch|p2a: Ninetales|Ninetales-Alola, F|100/100
|-weather|Snowscape|[from] ability: Snow Warning|[of] p2a: Ninetales
|turn|1
|
|t:|1743811182
|move|p1a: Dragapult|Flamethrower|p2a: Ninetales
|-supereffective|p2a: Ninetales
|-damage|p2a: Ninetales|30/100
|move|p2a: Ninetales|Aurora Veil|p2a: Ninetales
|-sidestart|p2: metakill4r|move: Aurora Veil
|
|-weather|Snowscape|[upkeep]
|upkeep
|turn|2
|
|t:|1743811194
|switch|p2a: Slowking|Slowking-Galar, M|100/100
|move|p1a: Dragapult|Flamethrower|p2a: Slowking
|-damage|p2a: Slowking|81/100
|
|-weather|Snowscape|[upkeep]
|upkeep
|turn|3
|
|t:|1743811202
|switch|p1a: Pelipper|Pelipper, F|100/100
|-weather|RainDance|[from] ability: Drizzle|[of] p1a: Pelipper
|move|p2a: Slowking|Sludge Bomb|p1a: Pelipper
|-damage|p1a: Pelipper|44/100
|
|-weather|RainDance|[upkeep]
|upkeep
|turn|4
|
|t:|1743811209
|move|p1a: Pelipper|U-turn|p2a: Slowking
|-damage|p2a: Slowking|76/100
|
|t:|1743811212
|switch|p1a: Iron Treads|Iron Treads|100/100|[from] U-turn
|move|p2a: Slowking|Ice Beam|p1a: Iron Treads
|-damage|p1a: Iron Treads|62/100
|
|-weather|RainDance|[upkeep]
|upkeep
|turn|5
|
|t:|1743811219
|-end|p1a: Iron Treads|Quark Drive|[silent]
|switch|p1a: Azumarill|Azumarill, F|100/100
|switch|p2a: Temu Mamo|Great Tusk|100/100
|-enditem|p2a: Temu Mamo|Booster Energy
|-activate|p2a: Temu Mamo|ability: Protosynthesis|[fromitem]
|-start|p2a: Temu Mamo|protosynthesisatk
|
|-weather|RainDance|[upkeep]
|upkeep
|turn|6
|
|t:|1743811230
|move|p2a: Temu Mamo|Headlong Rush|p1a: Azumarill
|-damage|p1a: Azumarill|17/100
|-unboost|p2a: Temu Mamo|def|1
|-unboost|p2a: Temu Mamo|spd|1
|-enditem|p1a: Azumarill|Sitrus Berry|[eat]
|-heal|p1a: Azumarill|42/100|[from] item: Sitrus Berry
|move|p1a: Azumarill|Liquidation|p2a: Temu Mamo
|-supereffective|p2a: Temu Mamo
|-damage|p2a: Temu Mamo|10/100
|-unboost|p2a: Temu Mamo|def|1
|
|-weather|RainDance|[upkeep]
|upkeep
|turn|7
|inactive|Battle timer is ON: inactive players will automatically lose when time's up. (requested by metakill4r)
|
|t:|1743811239
|-end|p2a: Temu Mamo|Protosynthesis|[silent]
|switch|p2a: Ninetales|Ninetales-Alola, F|30/100
|-weather|Snowscape|[from] ability: Snow Warning|[of] p2a: Ninetales
|move|p1a: Azumarill|Aqua Jet|p2a: Ninetales
|-damage|p2a: Ninetales|20/100
|
|-weather|Snowscape|[upkeep]
|upkeep
|turn|8
|
|t:|1743811248
|move|p1a: Azumarill|Aqua Jet|p2a: Ninetales
|-damage|p2a: Ninetales|10/100
|move|p2a: Ninetales|Freeze-Dry|p1a: Azumarill
|-supereffective|p1a: Azumarill
|-damage|p1a: Azumarill|1/100
|
|-weather|Snowscape|[upkeep]
|-sideend|p2: metakill4r|move: Aurora Veil
|upkeep
|turn|9
|
|t:|1743811263
|switch|p2a: Temu Mamo|Great Tusk|10/100
|move|p1a: Azumarill|Aqua Jet|p2a: Temu Mamo
|-supereffective|p2a: Temu Mamo
|-damage|p2a: Temu Mamo|0 fnt
|faint|p2a: Temu Mamo
|-end|p2a: Temu Mamo|Protosynthesis|[silent]
|
|-weather|Snowscape|[upkeep]
|upkeep
|
|t:|1743811270
|switch|p2a: Greninja|Greninja, M|100/100
|turn|10
|
|t:|1743811284
|switch|p1a: Latias|Latias, F|100/100
|move|p2a: Greninja|Water Shuriken|p1a: Latias
|-resisted|p1a: Latias
|-damage|p1a: Latias|97/100
|-resisted|p1a: Latias
|-damage|p1a: Latias|94/100
|-resisted|p1a: Latias
|-damage|p1a: Latias|91/100
|-hitcount|p1a: Latias|3
|-damage|p2a: Greninja|91/100|[from] item: Life Orb
|
|-weather|Snowscape|[upkeep]
|upkeep
|turn|11
|
|t:|1743811293
|move|p2a: Greninja|Dark Pulse|p1a: Latias
|-supereffective|p1a: Latias
|-damage|p1a: Latias|25/100
|-enditem|p1a: Latias|Weakness Policy
|-boost|p1a: Latias|atk|2|[from] item: Weakness Policy
|-boost|p1a: Latias|spa|2|[from] item: Weakness Policy
|-damage|p2a: Greninja|81/100|[from] item: Life Orb
|cant|p1a: Latias|flinch
|
|-weather|none
|upkeep
|turn|12
|
|t:|1743811303
|move|p2a: Greninja|Dark Pulse|p1a: Latias
|-supereffective|p1a: Latias
|-crit|p1a: Latias
|-damage|p1a: Latias|0 fnt
|faint|p1a: Latias
|-ability|p2a: Greninja|Battle Bond|boost
|-boost|p2a: Greninja|atk|1
|-boost|p2a: Greninja|spa|1
|-boost|p2a: Greninja|spe|1
|-activate|p2a: Greninja|ability: Battle Bond
|-damage|p2a: Greninja|71/100|[from] item: Life Orb
|
|upkeep
|
|t:|1743811318
|switch|p1a: Pelipper|Pelipper, F|44/100
|-weather|RainDance|[from] ability: Drizzle|[of] p1a: Pelipper
|turn|13
|
|t:|1743811334
|move|p2a: Greninja|Dark Pulse|p1a: Pelipper
|-damage|p1a: Pelipper|0 fnt
|faint|p1a: Pelipper
|-damage|p2a: Greninja|61/100|[from] item: Life Orb
|
|-weather|RainDance|[upkeep]
|upkeep
|
|t:|1743811338
|switch|p1a: Azumarill|Azumarill, F|1/100
|turn|14
|
|t:|1743811344
|move|p2a: Greninja|Water Shuriken|p1a: Azumarill
|-resisted|p1a: Azumarill
|-damage|p1a: Azumarill|0 fnt
|faint|p1a: Azumarill
|-hitcount|p1: Azumarill|1
|-damage|p2a: Greninja|51/100|[from] item: Life Orb
|
|-weather|RainDance|[upkeep]
|upkeep
|
|t:|1743811353
|switch|p1a: Blastoise|Blastoise, M|100/100
|turn|15
|
|t:|1743811362
|move|p2a: Greninja|Dark Pulse|p1a: Blastoise
|-damage|p1a: Blastoise|26/100
|-damage|p2a: Greninja|42/100|[from] item: Life Orb
|move|p1a: Blastoise|Wave Crash|p2a: Greninja
|-resisted|p2a: Greninja
|-damage|p2a: Greninja|0 fnt
|faint|p2a: Greninja
|-damage|p1a: Blastoise|13/100|[from] Recoil
|
|-weather|RainDance|[upkeep]
|-heal|p1a: Blastoise|19/100|[from] ability: Rain Dish
|-heal|p1a: Blastoise|25/100|[from] item: Leftovers
|upkeep
|
|t:|1743811371
|switch|p2a: Ninetales|Ninetales-Alola, F|10/100
|-weather|Snowscape|[from] ability: Snow Warning|[of] p2a: Ninetales
|turn|16
|
|t:|1743811376
|move|p1a: Blastoise|Aqua Jet|p2a: Ninetales
|-damage|p2a: Ninetales|0 fnt
|faint|p2a: Ninetales
|
|-weather|Snowscape|[upkeep]
|-heal|p1a: Blastoise|31/100|[from] item: Leftovers
|upkeep
|
|t:|1743811382
|switch|p2a: Kyurem|Kyurem|100/100
|-ability|p2a: Kyurem|Pressure
|turn|17
|
|t:|1743811386
|move|p2a: Kyurem|Scale Shot|p1a: Blastoise|[miss]
|-miss|p2a: Kyurem|p1a: Blastoise
|move|p1a: Blastoise|Wave Crash|p2a: Kyurem
|-resisted|p2a: Kyurem
|-damage|p2a: Kyurem|87/100
|-damage|p1a: Blastoise|25/100|[from] Recoil
|
|-weather|Snowscape|[upkeep]
|-heal|p1a: Blastoise|31/100|[from] item: Leftovers
|upkeep
|turn|18
|
|t:|1743811396
|move|p2a: Kyurem|Scale Shot|p1a: Blastoise
|-damage|p1a: Blastoise|15/100
|-damage|p1a: Blastoise|0 fnt
|faint|p1a: Blastoise
|-hitcount|p1: Blastoise|2
|-unboost|p2a: Kyurem|def|1
|-boost|p2a: Kyurem|spe|1
|
|-weather|Snowscape|[upkeep]
|upkeep
|
|t:|1743811400
|switch|p1a: Iron Treads|Iron Treads|62/100
|turn|19
|
|t:|1743811408
|-terastallize|p2a: Kyurem|Fire
|move|p2a: Kyurem|Tera Blast|p1a: Iron Treads|[anim] Tera Blast Fire
|-supereffective|p1a: Iron Treads
|-damage|p1a: Iron Treads|0 fnt
|faint|p1a: Iron Treads
|-end|p1a: Iron Treads|Quark Drive|[silent]
|
|-weather|Snowscape|[upkeep]
|upkeep
|
|t:|1743811412
|switch|p1a: Dragapult|Dragapult, F|100/100
|turn|20
|
|t:|1743811417
|-terastallize|p1a: Dragapult|Ghost
|move|p2a: Kyurem|Icicle Spear|p1a: Dragapult
|-damage|p1a: Dragapult|83/100
|-damage|p1a: Dragapult|67/100
|-damage|p1a: Dragapult|48/100
|-damage|p1a: Dragapult|29/100
|-hitcount|p1a: Dragapult|4
|move|p1a: Dragapult|Shadow Ball|p2a: Kyurem
|-crit|p2a: Kyurem
|-damage|p2a: Kyurem|0 fnt
|faint|p2a: Kyurem
|
|-weather|none
|upkeep
|
|t:|1743811421
|switch|p2a: Gholdengo|Gholdengo|100/100
|turn|21
|
|t:|1743811424
|move|p2a: Gholdengo|Shadow Ball|p1a: Dragapult
|-supereffective|p1a: Dragapult
|-damage|p1a: Dragapult|0 fnt
|faint|p1a: Dragapult
|
|win|metakill4r
|raw|maractus&apos; no1 fan's rating: 1560 &rarr; <strong>1540</strong><br />(-20 for losing)
|raw|metakill4r's rating: 1563 &rarr; <strong>1583</strong><br />(+20 for winning)
|l|☆metakill4r
|player|p2|
|l|☆maractus' no1 fan
|player|p1|
