|j|☆EpicUmbreon29
|j|☆RoaringMoonlight2
|t:|1743881067
|gametype|singles
|player|p1|EpicUmbreon29|grimsley|1663
|player|p2|RoaringMoonlight2|2|1686
|teamsize|p1|6
|teamsize|p2|6
|gen|9
|tier|[Gen 9] OU
|rated|
|rule|HP Percentage Mod: HP is shown in percentages
|rule|Endless Battle Clause: Forcing endless battles is banned
|rule|Species Clause: Limit one of each Pokémon
|rule|OHKO Clause: OHKO moves are banned
|rule|Evasion Items Clause: Evasion items are banned
|rule|Evasion Moves Clause: Evasion moves are banned
|rule|Sleep Moves Clause: Sleep-inducing moves are banned
|clearpoke
|poke|p1|Kyurem|
|poke|p1|Gengar, M|
|poke|p1|Araquanid, F|
|poke|p1|Indeedee, M|
|poke|p1|Hawlucha, M|
|poke|p1|Great Tusk|
|poke|p2|Iron Valiant|
|poke|p2|Raging Bolt|
|poke|p2|Pecharunt|
|poke|p2|Iron Moth|
|poke|p2|Zamazenta-*|
|poke|p2|Samurott-Hisui, M|
|teampreview
|inactive|Battle timer is ON: inactive players will automatically lose when time's up. (requested by RoaringMoonlight2)
|
|t:|1743881084
|start
|switch|p1a: Kyurem|Kyurem|100/100
|switch|p2a: Samurott|Samurott-Hisui, M|100/100
|-ability|p1a: Kyurem|Pressure
|turn|1
|j| Quietstrangyr
|
|t:|1743881093
|move|p2a: Samurott|Ceaseless Edge|p1a: Kyurem
|-damage|p1a: Kyurem|59/100
|-sidestart|p1: EpicUmbreon29|Spikes
|move|p1a: Kyurem|Draco Meteor|p2a: Samurott
|-enditem|p2a: Samurott|Focus Sash
|-damage|p2a: Samurott|1/100
|-unboost|p1a: Kyurem|spa|2
|
|upkeep
|turn|2
|
|t:|1743881101
|move|p2a: Samurott|Ceaseless Edge|p1a: Kyurem|[miss]
|-miss|p2a: Samurott|p1a: Kyurem
|move|p1a: Kyurem|Draco Meteor|p2a: Samurott
|-damage|p2a: Samurott|0 fnt
|-unboost|p1a: Kyurem|spa|2
|faint|p2a: Samurott
|
|upkeep
|
|t:|1743881104
|switch|p2a: Terminator|Iron Valiant|100/100
|-enditem|p2a: Terminator|Booster Energy
|-activate|p2a: Terminator|ability: Quark Drive|[fromitem]
|-start|p2a: Terminator|quarkdrivespe
|turn|3
|
|t:|1743881107
|switch|p1a: Araquanid|Araquanid, F|100/100
|-damage|p1a: Araquanid|88/100|[from] Spikes
|move|p2a: Terminator|Swords Dance|p2a: Terminator
|-boost|p2a: Terminator|atk|2
|
|upkeep
|turn|4
|
|t:|1743881114
|move|p1a: Araquanid|Endure|p1a: Araquanid
|-singleturn|p1a: Araquanid|move: Endure
|move|p2a: Terminator|Knock Off|p1a: Araquanid
|-damage|p1a: Araquanid|18/100
|-enditem|p1a: Araquanid|Custap Berry|[from] move: Knock Off|[of] p2a: Terminator
|
|upkeep
|turn|5
|
|t:|1743881120
|move|p2a: Terminator|Spirit Break|p1a: Araquanid
|-damage|p1a: Araquanid|0 fnt
|faint|p1a: Araquanid
|
|upkeep
|
|t:|1743881130
|switch|p1a: Indeedee|Indeedee, M|100/100
|-damage|p1a: Indeedee|88/100|[from] Spikes
|-fieldstart|move: Psychic Terrain|[from] ability: Psychic Surge|[of] p1a: Indeedee
|turn|6
|
|t:|1743881133
|switch|p1a: Gengar|Gengar, M|100/100
|-damage|p1a: Gengar|88/100|[from] Spikes
|move|p2a: Terminator|Spirit Break|p1a: Gengar
|-resisted|p1a: Gengar
|-damage|p1a: Gengar|48/100
|-unboost|p1a: Gengar|spa|1
|
|-heal|p1a: Gengar|54/100|[from] item: Leftovers
|upkeep
|turn|7
|
|t:|1743881145
|move|p2a: Terminator|Knock Off|p1a: Gengar
|-supereffective|p1a: Gengar
|-damage|p1a: Gengar|0 fnt
|-start|p2a: Terminator|Disable|Knock Off|[from] ability: Cursed Body|[of] p1a: Gengar
|-enditem|p1a: Gengar|Leftovers|[from] move: Knock Off|[of] p2a: Terminator
|faint|p1a: Gengar
|
|upkeep
|
|t:|1743881157
|switch|p1a: Hawlucha|Hawlucha, M|100/100
|-enditem|p1a: Hawlucha|Psychic Seed
|-boost|p1a: Hawlucha|spd|1|[from] item: Psychic Seed
|turn|8
|
|t:|1743881163
|-terastallize|p1a: Hawlucha|Fire
|move|p1a: Hawlucha|Swords Dance|p1a: Hawlucha
|-boost|p1a: Hawlucha|atk|2
|move|p2a: Terminator|Spirit Break|p1a: Hawlucha
|-resisted|p1a: Hawlucha
|-damage|p1a: Hawlucha|45/100
|-unboost|p1a: Hawlucha|spa|1
|
|upkeep
|turn|9
|
|t:|1743881169
|move|p1a: Hawlucha|Acrobatics|p2a: Terminator
|-supereffective|p2a: Terminator
|-damage|p2a: Terminator|0 fnt
|faint|p2a: Terminator
|-end|p2a: Terminator|Quark Drive|[silent]
|
|upkeep
|
|t:|1743881173
|switch|p2a: Momo|Pecharunt|100/100
|turn|10
|
|t:|1743881177
|move|p1a: Hawlucha|Acrobatics|p2a: Momo
|-damage|p2a: Momo|30/100
|move|p2a: Momo|Malignant Chain|p1a: Hawlucha
|-damage|p1a: Hawlucha|8/100
|-status|p1a: Hawlucha|tox
|-start|p1a: Hawlucha|confusion|[from] ability: Poison Puppeteer|[of] p2a: Momo
|
|-heal|p2a: Momo|36/100|[from] item: Leftovers
|-damage|p1a: Hawlucha|2/100 tox|[from] psn
|upkeep
|turn|11
|
|t:|1743881184
|-activate|p1a: Hawlucha|confusion
|move|p1a: Hawlucha|Acrobatics|p2a: Momo
|-damage|p2a: Momo|0 fnt
|faint|p2a: Momo
|
|-damage|p1a: Hawlucha|0 fnt|[from] psn
|faint|p1a: Hawlucha
|upkeep
|
|t:|1743881191
|switch|p1a: Kyurem|Kyurem|59/100
|switch|p2a: Rideau de Fer|Zamazenta|100/100
|-ability|p2a: Rideau de Fer|Dauntless Shield|boost
|-boost|p2a: Rideau de Fer|def|1
|-damage|p1a: Kyurem|47/100|[from] Spikes
|-ability|p1a: Kyurem|Pressure
|turn|12
|
|t:|1743881194
|move|p2a: Rideau de Fer|Stone Edge|p1a: Kyurem|[miss]
|-miss|p2a: Rideau de Fer|p1a: Kyurem
|move|p1a: Kyurem|Draco Meteor|p2a: Rideau de Fer
|-damage|p2a: Rideau de Fer|0 fnt
|-unboost|p1a: Kyurem|spa|2
|faint|p2a: Rideau de Fer
|
|upkeep
|
|t:|1743881197
|switch|p2a: Faux Soleil|Iron Moth|100/100
|turn|13
|
|t:|1743881202
|move|p2a: Faux Soleil|Fiery Dance|p1a: Kyurem
|-damage|p1a: Kyurem|0 fnt
|faint|p1a: Kyurem
|
|-fieldend|move: Psychic Terrain
|upkeep
|
|t:|1743881206
|switch|p1a: Indeedee|Indeedee, M|88/100
|-damage|p1a: Indeedee|76/100|[from] Spikes
|-fieldstart|move: Psychic Terrain|[from] ability: Psychic Surge|[of] p1a: Indeedee
|turn|14
|
|t:|1743881208
|move|p2a: Faux Soleil|Fiery Dance|p1a: Indeedee
|-damage|p1a: Indeedee|0 fnt
|-boost|p2a: Faux Soleil|spa|1
|faint|p1a: Indeedee
|
|upkeep
|
|t:|1743881210
|switch|p1a: Great Tusk|Great Tusk|100/100
|-damage|p1a: Great Tusk|88/100|[from] Spikes
|-enditem|p1a: Great Tusk|Booster Energy
|-activate|p1a: Great Tusk|ability: Protosynthesis|[fromitem]
|-start|p1a: Great Tusk|protosynthesisspe
|turn|15
|
|t:|1743881212
|-terastallize|p2a: Faux Soleil|Fairy
|move|p1a: Great Tusk|Headlong Rush|p2a: Faux Soleil
|-damage|p2a: Faux Soleil|16/100
|-unboost|p1a: Great Tusk|def|1
|-unboost|p1a: Great Tusk|spd|1
|move|p2a: Faux Soleil|Fiery Dance|p1a: Great Tusk
|-damage|p1a: Great Tusk|0 fnt
|-boost|p2a: Faux Soleil|spa|1
|faint|p1a: Great Tusk
|-end|p1a: Great Tusk|Protosynthesis|[silent]
|
|win|RoaringMoonlight2
|raw|EpicUmbreon29's rating: 1663 &rarr; <strong>1644</strong><br />(-19 for losing)
|raw|RoaringMoonlight2's rating: 1686 &rarr; <strong>1705</strong><br />(+19 for winning)
|l|☆EpicUmbreon29
|player|p1|
|l|☆RoaringMoonlight2
|player|p2|
|l| Quietstrangyr
