|j|☆dolliv garden
|j|☆chsjzkaosooss
|t:|1743890905
|gametype|singles
|player|p1|dolliv garden|miku-ground|1042
|player|p2|chsjzkaosooss|skierf|1000
|teamsize|p1|6
|teamsize|p2|6
|gen|9
|tier|[Gen 9] OU
|rated|
|rule|HP Percentage Mod: HP is shown in percentages
|rule|Endless Battle Clause: Forcing endless battles is banned
|rule|Species Clause: Limit one of each Pokémon
|rule|OHKO Clause: OHKO moves are banned
|rule|Evasion Items Clause: Evasion items are banned
|rule|Evasion Moves Clause: Evasion moves are banned
|rule|Sleep Moves Clause: Sleep-inducing moves are banned
|clearpoke
|poke|p1|Weezing-Galar, M|
|poke|p1|Cinderace, F|
|poke|p1|Kyurem|
|poke|p1|Zamazenta-*|
|poke|p1|Hatterene, F|
|poke|p1|Scizor, F|
|poke|p2|Kingambit, F|
|poke|p2|Cinderace, F|
|poke|p2|Landorus-Therian, M|
|poke|p2|Iron Valiant|
|poke|p2|Kyurem|
|poke|p2|Slowking-Galar, M|
|teampreview
|inactive|Battle timer is ON: inactive players will automatically lose when time's up. (requested by dolliv garden)
|inactive|dolliv garden has 120 seconds left.
|
|t:|1743890955
|start
|switch|p1a: Scizor|Scizor, F|100/100
|switch|p2a: Chillionaire|Slowking-Galar, M, shiny|100/100
|turn|1
|
|t:|1743890966
|move|p1a: Scizor|U-turn|p2a: Chillionaire
|-damage|p2a: Chillionaire|41/100
|
|t:|1743890981
|switch|p1a: Cinderace|Cinderace, F|100/100|[from] U-turn
|-prepare|p2a: Chillionaire|Chilly Reception|[premajor]
|move|p2a: Chillionaire|Chilly Reception|p2a: Chillionaire
|-weather|Snowscape
|
|t:|1743890996
|switch|p2a: Mr. Freeze|Kyurem, shiny|100/100|[from] Chilly Reception
|-ability|p2a: Mr. Freeze|Pressure
|
|-weather|Snowscape|[upkeep]
|upkeep
|turn|2
|
|t:|1743891005
|move|p1a: Cinderace|U-turn|p2a: Mr. Freeze
|-damage|p2a: Mr. Freeze|90/100
|
|t:|1743891016
|switch|p1a: Hatterene|Hatterene, F|100/100|[from] U-turn
|move|p2a: Mr. Freeze|Earth Power|p1a: Hatterene
|-damage|p1a: Hatterene|68/100
|
|-weather|Snowscape|[upkeep]
|-heal|p2a: Mr. Freeze|96/100|[from] item: Leftovers
|upkeep
|turn|3
|
|t:|1743891043
|switch|p2a: Chillionaire|Slowking-Galar, M, shiny|75/100
|move|p1a: Hatterene|Trick Room|p1a: Hatterene
|-fieldstart|move: Trick Room|[of] p1a: Hatterene
|
|-weather|Snowscape|[upkeep]
|upkeep
|turn|4
|
|t:|1743891056
|move|p1a: Hatterene|Psyshock|p2a: Chillionaire
|-damage|p2a: Chillionaire|25/100
|-damage|p1a: Hatterene|59/100|[from] item: Life Orb
|move|p2a: Chillionaire|Sludge Bomb|p1a: Hatterene
|-supereffective|p1a: Hatterene
|-damage|p1a: Hatterene|0 fnt
|faint|p1a: Hatterene
|
|-weather|Snowscape|[upkeep]
|upkeep
|
|t:|1743891062
|switch|p1a: Scizor|Scizor, F|100/100
|turn|5
|
|t:|1743891072
|switch|p2a: Kristine|Cinderace, F, shiny|100/100
|move|p1a: Scizor|Bullet Punch|p2a: Kristine
|-resisted|p2a: Kristine
|-damage|p2a: Kristine|70/100
|
|-weather|none
|upkeep
|turn|6
|
|t:|1743891083
|switch|p1a: Cinderace|Cinderace, F|100/100
|move|p2a: Kristine|Pyro Ball|p1a: Cinderace|[miss]
|-miss|p2a: Kristine|p1a: Cinderace
|
|upkeep
|turn|7
|
|t:|1743891092
|move|p1a: Cinderace|Pyro Ball|p2a: Kristine
|-resisted|p2a: Kristine
|-damage|p2a: Kristine|39/100
|move|p2a: Kristine|Pyro Ball|p1a: Cinderace|[miss]
|-miss|p2a: Kristine|p1a: Cinderace
|
|-fieldend|move: Trick Room
|upkeep
|turn|8
|c|☆dolliv garden|unfortunate
|c|☆dolliv garden|my bad
|
|t:|1743891116
|move|p2a: Kristine|Pyro Ball|p1a: Cinderace
|-resisted|p1a: Cinderace
|-damage|p1a: Cinderace|70/100
|move|p1a: Cinderace|Pyro Ball|p2a: Kristine
|-resisted|p2a: Kristine
|-damage|p2a: Kristine|12/100
|
|upkeep
|turn|9
|
|t:|1743891128
|move|p2a: Kristine|Pyro Ball|p1a: Cinderace|[miss]
|-miss|p2a: Kristine|p1a: Cinderace
|move|p1a: Cinderace|Pyro Ball|p2a: Kristine
|-resisted|p2a: Kristine
|-damage|p2a: Kristine|0 fnt
|faint|p2a: Kristine
|
|upkeep
|
|t:|1743891132
|switch|p2a: Homelandor|Landorus-Therian, M, shiny|100/100
|-ability|p2a: Homelandor|Intimidate|boost
|-unboost|p1a: Cinderace|atk|1
|turn|10
|
|t:|1743891137
|move|p1a: Cinderace|Will-O-Wisp|p2a: Homelandor
|-status|p2a: Homelandor|brn
|move|p2a: Homelandor|Earthquake|p1a: Cinderace
|-supereffective|p1a: Cinderace
|-damage|p1a: Cinderace|14/100
|
|-damage|p2a: Homelandor|95/100 brn|[from] brn
|upkeep
|turn|11
|
|t:|1743891155
|move|p1a: Cinderace|Pyro Ball|p2a: Homelandor
|-damage|p2a: Homelandor|49/100 brn
|move|p2a: Homelandor|Earthquake|p1a: Cinderace
|-supereffective|p1a: Cinderace
|-damage|p1a: Cinderace|0 fnt
|faint|p1a: Cinderace
|
|-damage|p2a: Homelandor|43/100 brn|[from] brn
|upkeep
|
|t:|1743891165
|switch|p1a: Scizor|Scizor, F|100/100
|turn|12
|
|t:|1743891170
|move|p1a: Scizor|Bullet Punch|p2a: Homelandor
|-damage|p2a: Homelandor|0 fnt
|-damage|p1a: Scizor|84/100|[from] item: Rocky Helmet|[of] p2a: Homelandor
|faint|p2a: Homelandor
|
|upkeep
|
|t:|1743891175
|switch|p2a: Daenerys|Kingambit, F|100/100
|-activate|p2a: Daenerys|ability: Supreme Overlord
|-start|p2a: Daenerys|fallen2|[silent]
|turn|13
|
|t:|1743891189
|switch|p1a: Zamazenta|Zamazenta|100/100
|-ability|p1a: Zamazenta|Dauntless Shield|boost
|-boost|p1a: Zamazenta|def|1
|-end|p2a: Daenerys|fallen2|[silent]
|switch|p2a: Chillionaire|Slowking-Galar, M, shiny|58/100
|
|upkeep
|turn|14
|
|t:|1743891200
|move|p1a: Zamazenta|Heavy Slam|p2a: Chillionaire
|-damage|p2a: Chillionaire|37/100
|move|p2a: Chillionaire|Thunder Wave|p1a: Zamazenta
|-status|p1a: Zamazenta|par
|
|upkeep
|turn|15
|
|t:|1743891227
|switch|p2a: WALL-Y|Iron Valiant|100/100
|-enditem|p2a: WALL-Y|Booster Energy
|-activate|p2a: WALL-Y|ability: Quark Drive|[fromitem]
|-start|p2a: WALL-Y|quarkdrivespe
|move|p1a: Zamazenta|Heavy Slam|p2a: WALL-Y
|-supereffective|p2a: WALL-Y
|-damage|p2a: WALL-Y|0 fnt
|faint|p2a: WALL-Y
|-end|p2a: WALL-Y|Quark Drive|[silent]
|
|upkeep
|
|t:|1743891234
|switch|p2a: Chillionaire|Slowking-Galar, M, shiny|70/100
|turn|16
|
|t:|1743891239
|move|p1a: Zamazenta|Crunch|p2a: Chillionaire
|-supereffective|p2a: Chillionaire
|-damage|p2a: Chillionaire|3/100
|-prepare|p2a: Chillionaire|Chilly Reception|[premajor]
|move|p2a: Chillionaire|Chilly Reception|p2a: Chillionaire
|-weather|Snowscape
|
|t:|1743891249
|switch|p2a: Mr. Freeze|Kyurem, shiny|96/100|[from] Chilly Reception
|-ability|p2a: Mr. Freeze|Pressure
|
|-weather|Snowscape|[upkeep]
|-heal|p2a: Mr. Freeze|100/100|[from] item: Leftovers
|upkeep
|turn|17
|
|t:|1743891255
|move|p2a: Mr. Freeze|Substitute|p2a: Mr. Freeze
|-start|p2a: Mr. Freeze|Substitute
|-damage|p2a: Mr. Freeze|76/100
|cant|p1a: Zamazenta|par
|
|-weather|Snowscape|[upkeep]
|-heal|p2a: Mr. Freeze|82/100|[from] item: Leftovers
|upkeep
|turn|18
|
|t:|1743891289
|switch|p1a: Kyurem|Kyurem|100/100
|-ability|p1a: Kyurem|Pressure
|move|p2a: Mr. Freeze|Freeze-Dry|p1a: Kyurem
|-damage|p1a: Kyurem|67/100
|
|-weather|Snowscape|[upkeep]
|-heal|p1a: Kyurem|73/100|[from] item: Leftovers
|-heal|p2a: Mr. Freeze|88/100|[from] item: Leftovers
|upkeep
|turn|19
|
|t:|1743891295
|move|p1a: Kyurem|Protect|p1a: Kyurem
|-singleturn|p1a: Kyurem|Protect
|move|p2a: Mr. Freeze|Freeze-Dry|p1a: Kyurem
|-activate|p1a: Kyurem|move: Protect
|
|-weather|Snowscape|[upkeep]
|-heal|p1a: Kyurem|79/100|[from] item: Leftovers
|-heal|p2a: Mr. Freeze|94/100|[from] item: Leftovers
|upkeep
|turn|20
|
|t:|1743891302
|move|p2a: Mr. Freeze|Freeze-Dry|p1a: Kyurem
|-damage|p1a: Kyurem|50/100
|move|p1a: Kyurem|Freeze-Dry|p2a: Mr. Freeze
|-end|p2a: Mr. Freeze|Substitute
|
|-weather|none
|-heal|p2a: Mr. Freeze|99/100|[from] item: Leftovers
|-heal|p1a: Kyurem|56/100|[from] item: Leftovers
|upkeep
|turn|21
|
|t:|1743891308
|move|p1a: Kyurem|Substitute|p1a: Kyurem
|-start|p1a: Kyurem|Substitute
|-damage|p1a: Kyurem|31/100
|move|p2a: Mr. Freeze|Freeze-Dry|p1a: Kyurem
|-end|p1a: Kyurem|Substitute
|
|-heal|p2a: Mr. Freeze|100/100|[from] item: Leftovers
|-heal|p1a: Kyurem|37/100|[from] item: Leftovers
|upkeep
|turn|22
|
|t:|1743891316
|move|p1a: Kyurem|Substitute|p1a: Kyurem
|-start|p1a: Kyurem|Substitute
|-damage|p1a: Kyurem|12/100
|move|p2a: Mr. Freeze|Freeze-Dry|p1a: Kyurem
|-end|p1a: Kyurem|Substitute
|
|-heal|p1a: Kyurem|18/100|[from] item: Leftovers
|upkeep
|turn|23
|
|t:|1743891320
|move|p2a: Mr. Freeze|Earth Power|p1a: Kyurem
|-damage|p1a: Kyurem|0 fnt
|faint|p1a: Kyurem
|
|upkeep
|
|t:|1743891328
|switch|p1a: Scizor|Scizor, F|84/100
|turn|24
|
|t:|1743891349
|-terastallize|p2a: Mr. Freeze|Ground
|move|p2a: Mr. Freeze|Earth Power|p1a: Scizor
|-damage|p1a: Scizor|20/100
|move|p1a: Scizor|U-turn|p2a: Mr. Freeze
|-damage|p2a: Mr. Freeze|50/100
|
|t:|1743891357
|switch|p1a: Zamazenta|Zamazenta|100/100 par|[from] U-turn
|
|-heal|p2a: Mr. Freeze|56/100|[from] item: Leftovers
|upkeep
|turn|25
|
|t:|1743891373
|switch|p2a: Chillionaire|Slowking-Galar, M, shiny|36/100
|move|p1a: Zamazenta|Heavy Slam|p2a: Chillionaire
|-damage|p2a: Chillionaire|14/100
|
|upkeep
|turn|26
|
|t:|1743891380
|move|p1a: Zamazenta|Crunch|p2a: Chillionaire
|-supereffective|p2a: Chillionaire
|-damage|p2a: Chillionaire|0 fnt
|faint|p2a: Chillionaire
|
|upkeep
|
|t:|1743891383
|switch|p2a: Mr. Freeze|Kyurem, shiny, tera:Ground|56/100
|-ability|p2a: Mr. Freeze|Pressure
|turn|27
|
|t:|1743891388
|move|p2a: Mr. Freeze|Earth Power|p1a: Zamazenta
|-damage|p1a: Zamazenta|55/100 par
|move|p1a: Zamazenta|Close Combat|p2a: Mr. Freeze
|-damage|p2a: Mr. Freeze|0 fnt
|-unboost|p1a: Zamazenta|def|1
|-unboost|p1a: Zamazenta|spd|1
|faint|p2a: Mr. Freeze
|
|upkeep
|
|t:|1743891393
|switch|p2a: Daenerys|Kingambit, F|100/100
|-activate|p2a: Daenerys|ability: Supreme Overlord
|-start|p2a: Daenerys|fallen5|[silent]
|turn|28
|inactive|chsjzkaosooss has 120 seconds left.
|inactive|dolliv garden has 120 seconds left.
|
|t:|1743891441
|cant|p1a: Zamazenta|par
|move|p2a: Daenerys|Swords Dance|p2a: Daenerys
|-boost|p2a: Daenerys|atk|2
|
|upkeep
|turn|29
|
|t:|1743891449
|switch|p1a: Weezing|Weezing-Galar, M|100/100
|-ability|p1a: Weezing|Neutralizing Gas
|move|p2a: Daenerys|Sucker Punch||[still]
|-fail|p2a: Daenerys
|
|upkeep
|turn|30
|inactive|dolliv garden has 120 seconds left.
|
|t:|1743891480
|move|p2a: Daenerys|Swords Dance|p2a: Daenerys
|-boost|p2a: Daenerys|atk|2
|move|p1a: Weezing|Will-O-Wisp|p2a: Daenerys
|-status|p2a: Daenerys|brn
|
|-damage|p2a: Daenerys|94/100 brn|[from] brn
|upkeep
|turn|31
|
|t:|1743891488
|move|p2a: Daenerys|Swords Dance|p2a: Daenerys
|-boost|p2a: Daenerys|atk|2
|move|p1a: Weezing|Pain Split|p2a: Daenerys
|-sethp|p2a: Daenerys|92/100 brn|[from] move: Pain Split|[silent]
|-sethp|p1a: Weezing|100/100|[from] move: Pain Split
|
|-heal|p2a: Daenerys|98/100 brn|[from] item: Leftovers
|-damage|p2a: Daenerys|92/100 brn|[from] brn
|upkeep
|turn|32
|
|t:|1743891495
|move|p2a: Daenerys|Iron Head|p1a: Weezing
|-supereffective|p1a: Weezing
|-damage|p1a: Weezing|0 fnt
|faint|p1a: Weezing
|-end|p1a: Weezing|ability: Neutralizing Gas
|-activate|p2a: Daenerys|ability: Supreme Overlord
|-start|p2a: Daenerys|fallen5|[silent]
|
|-heal|p2a: Daenerys|98/100 brn|[from] item: Leftovers
|-damage|p2a: Daenerys|92/100 brn|[from] brn
|upkeep
|
|t:|1743891506
|switch|p1a: Zamazenta|Zamazenta|55/100 par
|turn|33
|
|t:|1743891515
|move|p2a: Daenerys|Sucker Punch|p1a: Zamazenta
|-resisted|p1a: Zamazenta
|-damage|p1a: Zamazenta|0 fnt
|faint|p1a: Zamazenta
|
|-heal|p2a: Daenerys|98/100 brn|[from] item: Leftovers
|-damage|p2a: Daenerys|92/100 brn|[from] brn
|upkeep
|
|t:|1743891517
|switch|p1a: Scizor|Scizor, F|20/100
|turn|34
|inactive|dolliv garden has 120 seconds left.
|
|t:|1743891529
|-terastallize|p1a: Scizor|Steel
|move|p1a: Scizor|Bullet Punch|p2a: Daenerys
|-resisted|p2a: Daenerys
|-damage|p2a: Daenerys|64/100 brn
|move|p2a: Daenerys|Sucker Punch||[still]
|-fail|p2a: Daenerys
|
|-heal|p2a: Daenerys|70/100 brn|[from] item: Leftovers
|-damage|p2a: Daenerys|64/100 brn|[from] brn
|upkeep
|turn|35
|
|t:|1743891536
|move|p1a: Scizor|Bullet Punch|p2a: Daenerys
|-resisted|p2a: Daenerys
|-damage|p2a: Daenerys|38/100 brn
|move|p2a: Daenerys|Kowtow Cleave|p1a: Scizor
|-damage|p1a: Scizor|0 fnt
|faint|p1a: Scizor
|
|win|chsjzkaosooss
|raw|dolliv garden's rating: 1042 &rarr; <strong>1024</strong><br />(-18 for losing)
|raw|chsjzkaosooss's rating: 1000 &rarr; <strong>1045</strong><br />(+45 for winning)
|c|☆dolliv garden|gg
|c|☆chsjzkaosooss|GG
|l|☆dolliv garden
|player|p1|
|l|☆chsjzkaosooss
|player|p2|
|j|☆dolliv garden
|player|p1|dolliv garden|miku-ground|
