|j|☆EpicAMC
|j|☆werdnaluas
|t:|1743911621
|gametype|singles
|player|p1|EpicAMC|psychic-gen4|1105
|player|p2|werdnaluas|marlon|1136
|teamsize|p1|6
|teamsize|p2|6
|gen|9
|tier|[Gen 9] OU
|rated|
|rule|HP Percentage Mod: HP is shown in percentages
|rule|Endless Battle Clause: Forcing endless battles is banned
|rule|Species Clause: Limit one of each Pokémon
|rule|OHKO Clause: OHKO moves are banned
|rule|Evasion Items Clause: Evasion items are banned
|rule|Evasion Moves Clause: Evasion moves are banned
|rule|Sleep Moves Clause: Sleep-inducing moves are banned
|clearpoke
|poke|p1|Arcanine-Hisui, M|
|poke|p1|Enamorus, F|
|poke|p1|Great Tusk|
|poke|p1|Corviknight, F|
|poke|p1|Alomomola, M|
|poke|p1|Meowscarada, M|
|poke|p2|Mew|
|poke|p2|Regirock|
|poke|p2|Shaymin|
|poke|p2|Volcanion|
|poke|p2|Thundurus, M|
|poke|p2|Kyurem|
|teampreview
|inactive|Battle timer is ON: inactive players will automatically lose when time's up. (requested by werdnaluas)
|
|t:|1743911644
|start
|switch|p1a: Alomomola|Alomomola, M|100/100
|switch|p2a: Volcanion|Volcanion|100/100
|-item|p2a: Volcanion|Air Balloon
|turn|1
|
|t:|1743911656
|move|p2a: Volcanion|Will-O-Wisp|p1a: Alomomola
|-status|p1a: Alomomola|brn
|move|p1a: Alomomola|Play Rough|p2a: Volcanion
|-resisted|p2a: Volcanion
|-damage|p2a: Volcanion|97/100
|-enditem|p2a: Volcanion|Air Balloon
|
|-damage|p1a: Alomomola|94/100 brn|[from] brn
|upkeep
|turn|2
|
|t:|1743911685
|move|p2a: Volcanion|Earth Power|p1a: Alomomola
|-damage|p1a: Alomomola|75/100 brn
|move|p1a: Alomomola|Mirror Coat|p2a: Volcanion
|-damage|p2a: Volcanion|48/100
|
|-damage|p1a: Alomomola|69/100 brn|[from] brn
|upkeep
|turn|3
|
|t:|1743911709
|switch|p2a: Thundurus|Thundurus, M|100/100
|switch|p1a: Corviknight|Corviknight, F|100/100
|-ability|p1a: Corviknight|Pressure
|
|upkeep
|turn|4
|inactive|EpicAMC has 120 seconds left.
|
|t:|1743911743
|switch|p1a: Meowscarada|Meowscarada, M|100/100
|move|p2a: Thundurus|Fling|p1a: Meowscarada
|-resisted|p1a: Meowscarada
|-damage|p1a: Meowscarada|65/100
|-enditem|p2a: Thundurus|Big Nugget|[from] move: Fling
|
|upkeep
|turn|5
|
|t:|1743911756
|move|p1a: Meowscarada|Play Rough|p2a: Thundurus|[miss]
|-start|p1a: Meowscarada|typechange|Fairy|[from] ability: Protean
|-miss|p1a: Meowscarada|p2a: Thundurus
|move|p2a: Thundurus|Acrobatics|p1a: Meowscarada
|-damage|p1a: Meowscarada|0 fnt
|faint|p1a: Meowscarada
|
|upkeep
|
|t:|1743911773
|switch|p1a: Corviknight|Corviknight, F|100/100
|-ability|p1a: Corviknight|Pressure
|turn|6
|
|t:|1743911779
|move|p2a: Thundurus|Thunder Punch|p1a: Corviknight
|-supereffective|p1a: Corviknight
|-damage|p1a: Corviknight|56/100
|move|p1a: Corviknight|Brave Bird|p2a: Thundurus
|-resisted|p2a: Thundurus
|-damage|p2a: Thundurus|74/100
|-damage|p1a: Corviknight|50/100|[from] Recoil
|
|-heal|p1a: Corviknight|56/100|[from] item: Leftovers
|upkeep
|turn|7
|
|t:|1743911789
|move|p2a: Thundurus|Knock Off|p1a: Corviknight
|-damage|p1a: Corviknight|36/100
|-enditem|p1a: Corviknight|Leftovers|[from] move: Knock Off|[of] p2a: Thundurus
|move|p1a: Corviknight|Roost|p1a: Corviknight
|-heal|p1a: Corviknight|86/100
|-singleturn|p1a: Corviknight|move: Roost
|
|upkeep
|turn|8
|
|t:|1743911804
|move|p2a: Thundurus|Thunder Punch|p1a: Corviknight
|-supereffective|p1a: Corviknight
|-damage|p1a: Corviknight|42/100
|move|p1a: Corviknight|U-turn|p2a: Thundurus
|-resisted|p2a: Thundurus
|-damage|p2a: Thundurus|63/100
|inactive|EpicAMC has 90 seconds left.
|
|t:|1743911830
|switch|p1a: Great Tusk|Great Tusk|100/100|[from] U-turn
|
|upkeep
|turn|9
|
|t:|1743911835
|move|p2a: Thundurus|Acrobatics|p1a: Great Tusk
|-supereffective|p1a: Great Tusk
|-damage|p1a: Great Tusk|20/100
|-damage|p2a: Thundurus|47/100|[from] item: Rocky Helmet|[of] p1a: Great Tusk
|move|p1a: Great Tusk|Ice Spinner|p2a: Thundurus
|-supereffective|p2a: Thundurus
|-damage|p2a: Thundurus|0 fnt
|faint|p2a: Thundurus
|
|upkeep
|
|t:|1743911848
|switch|p2a: Kyurem|Kyurem|100/100
|-ability|p2a: Kyurem|Pressure
|turn|10
|inactive|EpicAMC has 90 seconds left.
|
|t:|1743911876
|move|p1a: Great Tusk|Stealth Rock|p2a: Kyurem
|-sidestart|p2: werdnaluas|move: Stealth Rock
|move|p2a: Kyurem|Dragon Dance|p2a: Kyurem
|-boost|p2a: Kyurem|atk|1
|-boost|p2a: Kyurem|spe|1
|
|upkeep
|turn|11
|
|t:|1743911883
|move|p2a: Kyurem|Dragon Dance|p2a: Kyurem
|-boost|p2a: Kyurem|atk|1
|-boost|p2a: Kyurem|spe|1
|move|p1a: Great Tusk|Headlong Rush|p2a: Kyurem
|-damage|p2a: Kyurem|55/100
|-unboost|p1a: Great Tusk|def|1
|-unboost|p1a: Great Tusk|spd|1
|
|upkeep
|turn|12
|inactive|EpicAMC has 90 seconds left.
|
|t:|1743911893
|move|p2a: Kyurem|Ice Fang|p1a: Great Tusk
|-supereffective|p1a: Great Tusk
|-crit|p1a: Great Tusk
|-damage|p1a: Great Tusk|0 fnt
|-damage|p2a: Kyurem|38/100|[from] item: Rocky Helmet|[of] p1a: Great Tusk
|faint|p1a: Great Tusk
|-end|p1a: Great Tusk|Protosynthesis|[silent]
|-damage|p2a: Kyurem|28/100|[from] item: Life Orb
|
|upkeep
|inactive|EpicAMC has 90 seconds left.
|
|t:|1743911917
|switch|p1a: Alomomola|Alomomola, M|100/100 brn
|turn|13
|
|t:|1743911922
|move|p2a: Kyurem|Dragon Claw|p1a: Alomomola
|-damage|p1a: Alomomola|36/100 brn
|-damage|p2a: Kyurem|18/100|[from] item: Life Orb
|move|p1a: Alomomola|Play Rough|p2a: Kyurem|[miss]
|-miss|p1a: Alomomola|p2a: Kyurem
|
|-damage|p1a: Alomomola|30/100 brn|[from] brn
|upkeep
|turn|14
|inactive|EpicAMC has 90 seconds left.
|
|t:|1743911937
|move|p2a: Kyurem|Dragon Claw|p1a: Alomomola
|-damage|p1a: Alomomola|0 fnt
|faint|p1a: Alomomola
|-damage|p2a: Kyurem|8/100|[from] item: Life Orb
|
|upkeep
|
|t:|1743911949
|switch|p1a: Enamorus|Enamorus, F|100/100
|turn|15
|
|t:|1743911960
|switch|p1a: Corviknight|Corviknight, F|42/100
|-ability|p1a: Corviknight|Pressure
|move|p2a: Kyurem|Ice Fang|p1a: Corviknight
|-damage|p1a: Corviknight|0 fnt
|faint|p1a: Corviknight
|-damage|p2a: Kyurem|0 fnt|[from] item: Life Orb
|faint|p2a: Kyurem
|
|upkeep
|
|t:|1743911975
|switch|p2a: Volcanion|Volcanion|48/100
|switch|p1a: Arcanine|Arcanine-Hisui, M|100/100
|-damage|p2a: Volcanion|23/100|[from] Stealth Rock
|turn|16
|inactive|EpicAMC has 60 seconds left.
|
|t:|1743912013
|-terastallize|p1a: Arcanine|Grass
|move|p1a: Arcanine|Tera Blast|p2a: Volcanion|[anim] Tera Blast Grass
|-damage|p2a: Volcanion|0 fnt
|faint|p2a: Volcanion
|-damage|p1a: Arcanine|91/100|[from] item: Life Orb
|
|upkeep
|inactive|werdnaluas has 120 seconds left.
|
|t:|1743912048
|switch|p2a: Mew|Mew|100/100
|turn|17
|inactive|EpicAMC has 60 seconds left.
|
|t:|1743912055
|move|p2a: Mew|Imprison|p2a: Mew
|-start|p2a: Mew|move: Imprison
|move|p1a: Arcanine|Flare Blitz|p2a: Mew
|-damage|p2a: Mew|28/100
|-damage|p1a: Arcanine|81/100|[from] item: Life Orb
|
|upkeep
|turn|18
|inactive|EpicAMC has 60 seconds left.
|
|t:|1743912065
|move|p2a: Mew|Transform|p1a: Arcanine
|-transform|p2a: Mew|p1a: Arcanine
|cant|p1a: Arcanine|move: Imprison|Flare Blitz
|
|upkeep
|-start|p2a: Mew|typechange|Fire/Rock|[silent]
|turn|19
|
|t:|1743912073
|switch|p1a: Enamorus|Enamorus, F|100/100
|move|p2a: Mew|Head Smash|p1a: Enamorus|[miss]
|-miss|p2a: Mew|p1a: Enamorus
|
|upkeep
|turn|20
|inactive|EpicAMC has 60 seconds left.
|
|t:|1743912092
|switch|p2a: Shaymin|Shaymin|100/100
|-damage|p2a: Shaymin|88/100|[from] Stealth Rock
|move|p1a: Enamorus|Earth Power|p2a: Shaymin
|-resisted|p2a: Shaymin
|-damage|p2a: Shaymin|77/100
|
|upkeep
|turn|21
|
|t:|1743912100
|switch|p1a: Arcanine|Arcanine-Hisui, M, tera:Grass|81/100
|move|p2a: Shaymin|Leech Seed|p1a: Arcanine
|-immune|p1a: Arcanine
|
|upkeep
|turn|22
|
|t:|1743912108
|switch|p1a: Enamorus|Enamorus, F|100/100
|move|p2a: Shaymin|Substitute|p2a: Shaymin
|-start|p2a: Shaymin|Substitute
|-damage|p2a: Shaymin|52/100
|
|upkeep
|turn|23
|
|t:|1743912115
|move|p1a: Enamorus|Moonblast|p2a: Shaymin
|-end|p2a: Shaymin|Substitute
|move|p2a: Shaymin|Giga Drain|p1a: Enamorus
|-resisted|p1a: Enamorus
|-damage|p1a: Enamorus|81/100
|-heal|p2a: Shaymin|62/100|[from] drain|[of] p1a: Enamorus
|
|upkeep
|turn|24
|
|t:|1743912122
|move|p1a: Enamorus|Moonblast|p2a: Shaymin
|-damage|p2a: Shaymin|29/100
|move|p2a: Shaymin|Leech Seed|p1a: Enamorus
|-start|p1a: Enamorus|move: Leech Seed
|
|-damage|p1a: Enamorus|68/100|[from] Leech Seed|[of] p2a: Shaymin
|-heal|p2a: Shaymin|41/100|[silent]
|upkeep
|turn|25
|
|t:|1743912132
|move|p1a: Enamorus|Moonblast|p2a: Shaymin
|-damage|p2a: Shaymin|11/100
|move|p2a: Shaymin|Substitute|p2a: Shaymin
|-fail|p2a: Shaymin|move: Substitute|[weak]
|
|-damage|p1a: Enamorus|56/100|[from] Leech Seed|[of] p2a: Shaymin
|-heal|p2a: Shaymin|23/100|[silent]
|upkeep
|turn|26
|inactive|EpicAMC has 90 seconds left.
|
|t:|1743912143
|move|p2a: Shaymin|Protect|p2a: Shaymin
|-singleturn|p2a: Shaymin|Protect
|move|p1a: Enamorus|Moonblast|p2a: Shaymin
|-activate|p2a: Shaymin|move: Protect
|
|-damage|p1a: Enamorus|43/100|[from] Leech Seed|[of] p2a: Shaymin
|-heal|p2a: Shaymin|34/100|[silent]
|upkeep
|turn|27
|
|t:|1743912153
|move|p1a: Enamorus|Moonblast|p2a: Shaymin
|-damage|p2a: Shaymin|4/100
|-unboost|p2a: Shaymin|spa|1
|move|p2a: Shaymin|Giga Drain|p1a: Enamorus
|-resisted|p1a: Enamorus
|-damage|p1a: Enamorus|31/100
|-heal|p2a: Shaymin|9/100|[from] drain|[of] p1a: Enamorus
|
|-damage|p1a: Enamorus|18/100|[from] Leech Seed|[of] p2a: Shaymin
|-heal|p2a: Shaymin|21/100|[silent]
|upkeep
|turn|28
|
|t:|1743912163
|switch|p1a: Arcanine|Arcanine-Hisui, M, tera:Grass|81/100
|move|p2a: Shaymin|Protect||[still]
|-fail|p2a: Shaymin
|
|upkeep
|turn|29
|
|t:|1743912173
|move|p2a: Shaymin|Protect|p2a: Shaymin
|-singleturn|p2a: Shaymin|Protect
|move|p1a: Arcanine|Agility|p1a: Arcanine
|-boost|p1a: Arcanine|spe|2
|
|upkeep
|turn|30
|
|t:|1743912185
|move|p1a: Arcanine|Flare Blitz|p2a: Shaymin
|-supereffective|p2a: Shaymin
|-crit|p2a: Shaymin
|-damage|p2a: Shaymin|0 fnt
|faint|p2a: Shaymin
|-damage|p1a: Arcanine|71/100|[from] item: Life Orb
|
|upkeep
|
|t:|1743912193
|switch|p2a: Mew|Mew|28/100
|turn|31
|
|t:|1743912199
|move|p1a: Arcanine|Flare Blitz|p2a: Mew
|-damage|p2a: Mew|0 fnt
|faint|p2a: Mew
|-damage|p1a: Arcanine|61/100|[from] item: Life Orb
|
|upkeep
|
|t:|1743912207
|switch|p2a: Regirock|Regirock|100/100
|-damage|p2a: Regirock|88/100|[from] Stealth Rock
|turn|32
|
|t:|1743912214
|move|p1a: Arcanine|Tera Blast|p2a: Regirock|[anim] Tera Blast Grass
|-supereffective|p2a: Regirock
|-damage|p2a: Regirock|38/100
|-damage|p1a: Arcanine|51/100|[from] item: Life Orb
|move|p2a: Regirock|Body Press|p1a: Arcanine
|-damage|p1a: Arcanine|0 fnt
|faint|p1a: Arcanine
|
|-heal|p2a: Regirock|44/100|[from] item: Leftovers
|upkeep
|
|t:|1743912224
|switch|p1a: Enamorus|Enamorus, F|18/100
|turn|33
|
|t:|1743912231
|move|p1a: Enamorus|Earth Power|p2a: Regirock
|-supereffective|p2a: Regirock
|-crit|p2a: Regirock
|-damage|p2a: Regirock|0 fnt
|faint|p2a: Regirock
|
|win|EpicAMC
|raw|EpicAMC's rating: 1105 &rarr; <strong>1132</strong><br />(+27 for winning)
|raw|werdnaluas's rating: 1136 &rarr; <strong>1109</strong><br />(-27 for losing)
|c|☆EpicAMC|gg
|l|☆werdnaluas
|player|p2|
|l|☆EpicAMC
|player|p1|
