|j|☆AbyssaIHunter
|j|☆poisonstingpete
|t:|1743829501
|gametype|singles
|player|p1|AbyssaIHunter|cynthia|1171
|player|p2|poisonstingpete|bugcatcher-gen4dp|1178
|teamsize|p1|6
|teamsize|p2|6
|gen|9
|tier|[Gen 9] OU
|rated|
|rule|HP Percentage Mod: HP is shown in percentages
|rule|Endless Battle Clause: Forcing endless battles is banned
|rule|Species Clause: Limit one of each Pokémon
|rule|OHKO Clause: OHKO moves are banned
|rule|Evasion Items Clause: Evasion items are banned
|rule|Evasion Moves Clause: Evasion moves are banned
|rule|Sleep Moves Clause: Sleep-inducing moves are banned
|clearpoke
|poke|p1|Comfey, F|
|poke|p1|Whimsicott, F|
|poke|p1|Iron Moth|
|poke|p1|Walking Wake|
|poke|p1|Great Tusk|
|poke|p1|Ninetales, F|
|poke|p2|Cinderace, M|
|poke|p2|Hatterene, F|
|poke|p2|Ogerpon-Wellspring, F|
|poke|p2|Landorus-Therian, M|
|poke|p2|Heatran, M|
|poke|p2|Sinistcha|
|teampreview
|inactive|Battle timer is ON: inactive players will automatically lose when time's up. (requested by AbyssaIHunter)
|
|t:|1743829510
|start
|switch|p1a: Ninetales|Ninetales, F|100/100
|switch|p2a: Sinistcha|Sinistcha|100/100
|-weather|SunnyDay|[from] ability: Drought|[of] p1a: Ninetales
|turn|1
|
|t:|1743829518
|switch|p2a: Heatran|Heatran, M|100/100
|move|p1a: Ninetales|Weather Ball|p2a: Heatran
|-start|p2a: Heatran|ability: Flash Fire
|
|-weather|SunnyDay|[upkeep]
|upkeep
|turn|2
|
|t:|1743829527
|switch|p1a: Great Tusk|Great Tusk|100/100
|-activate|p1a: Great Tusk|ability: Protosynthesis
|-start|p1a: Great Tusk|protosynthesisspe
|move|p2a: Heatran|Fire Blast|p1a: Great Tusk
|-crit|p1a: Great Tusk
|-damage|p1a: Great Tusk|0 fnt
|faint|p1a: Great Tusk
|-end|p1a: Great Tusk|Protosynthesis|[silent]
|
|-weather|SunnyDay|[upkeep]
|upkeep
|
|t:|1743829535
|switch|p1a: Walking Wake|Walking Wake|100/100
|-activate|p1a: Walking Wake|ability: Protosynthesis
|-start|p1a: Walking Wake|protosynthesisspe
|turn|3
|
|t:|1743829539
|-end|p2a: Heatran|ability: Flash Fire|[silent]
|switch|p2a: Ogerpon|Ogerpon-Wellspring, F|100/100
|move|p1a: Walking Wake|Hydro Steam|p2a: Ogerpon
|-immune|p2a: Ogerpon|[from] ability: Water Absorb
|
|-weather|SunnyDay|[upkeep]
|upkeep
|turn|4
|
|t:|1743829550
|-end|p1a: Walking Wake|Protosynthesis|[silent]
|switch|p1a: Whimsicott|Whimsicott, F|100/100
|move|p2a: Ogerpon|Encore||[still]
|-fail|p2a: Ogerpon
|
|-weather|SunnyDay|[upkeep]
|upkeep
|turn|5
|
|t:|1743829558
|switch|p2a: Heatran|Heatran, M|100/100
|move|p1a: Whimsicott|Growth|p1a: Whimsicott
|-boost|p1a: Whimsicott|atk|2
|-boost|p1a: Whimsicott|spa|2
|
|-weather|SunnyDay|[upkeep]
|upkeep
|turn|6
|
|t:|1743829566
|-terastallize|p1a: Whimsicott|Ghost
|move|p1a: Whimsicott|Growth|p1a: Whimsicott
|-boost|p1a: Whimsicott|atk|2
|-boost|p1a: Whimsicott|spa|2
|move|p2a: Heatran|Fire Blast|p1a: Whimsicott
|-damage|p1a: Whimsicott|0 fnt
|faint|p1a: Whimsicott
|
|-weather|SunnyDay|[upkeep]
|upkeep
|
|t:|1743829581
|switch|p1a: Walking Wake|Walking Wake|100/100
|-activate|p1a: Walking Wake|ability: Protosynthesis
|-start|p1a: Walking Wake|protosynthesisspe
|turn|7
|
|t:|1743829585
|switch|p2a: Ogerpon|Ogerpon-Wellspring, F|100/100
|move|p1a: Walking Wake|Draco Meteor|p2a: Ogerpon
|-damage|p2a: Ogerpon|31/100
|-unboost|p1a: Walking Wake|spa|2
|
|-weather|SunnyDay|[upkeep]
|upkeep
|turn|8
|
|t:|1743829591
|move|p1a: Walking Wake|Knock Off|p2a: Ogerpon
|-damage|p2a: Ogerpon|15/100
|move|p2a: Ogerpon|Horn Leech|p1a: Walking Wake
|-damage|p1a: Walking Wake|58/100
|-heal|p2a: Ogerpon|43/100|[from] drain|[of] p1a: Walking Wake
|
|-weather|none
|-end|p1a: Walking Wake|Protosynthesis
|upkeep
|turn|9
|
|t:|1743829598
|-end|p1a: Walking Wake|Protosynthesis|[silent]
|switch|p1a: Ninetales|Ninetales, F|100/100
|-weather|SunnyDay|[from] ability: Drought|[of] p1a: Ninetales
|move|p2a: Ogerpon|Encore||[still]
|-fail|p2a: Ogerpon
|
|-weather|SunnyDay|[upkeep]
|upkeep
|turn|10
|
|t:|1743829605
|move|p2a: Ogerpon|Ivy Cudgel|p1a: Ninetales|[anim] Ivy Cudgel Water
|-supereffective|p1a: Ninetales
|-damage|p1a: Ninetales|26/100
|move|p1a: Ninetales|Will-O-Wisp|p2a: Ogerpon
|-status|p2a: Ogerpon|brn
|
|-weather|SunnyDay|[upkeep]
|-damage|p2a: Ogerpon|37/100 brn|[from] brn
|upkeep
|turn|11
|
|t:|1743829617
|switch|p1a: Iron Moth|Iron Moth|100/100
|-enditem|p1a: Iron Moth|Booster Energy
|-activate|p1a: Iron Moth|ability: Quark Drive|[fromitem]
|-start|p1a: Iron Moth|quarkdrivespa
|move|p2a: Ogerpon|Encore||[still]
|-fail|p2a: Ogerpon
|
|-weather|SunnyDay|[upkeep]
|-damage|p2a: Ogerpon|31/100 brn|[from] brn
|upkeep
|turn|12
|
|t:|1743829627
|move|p2a: Ogerpon|Ivy Cudgel|p1a: Iron Moth|[anim] Ivy Cudgel Water
|-supereffective|p1a: Iron Moth
|-damage|p1a: Iron Moth|51/100
|move|p1a: Iron Moth|Solar Beam||[still]
|-prepare|p1a: Iron Moth|Solar Beam
|-anim|p1a: Iron Moth|Solar Beam|p2a: Ogerpon
|-damage|p2a: Ogerpon|0 fnt
|faint|p2a: Ogerpon
|
|-weather|SunnyDay|[upkeep]
|upkeep
|
|t:|1743829632
|switch|p2a: Heatran|Heatran, M|100/100
|turn|13
|
|t:|1743829644
|-end|p1a: Iron Moth|Quark Drive|[silent]
|switch|p1a: Walking Wake|Walking Wake|58/100
|-activate|p1a: Walking Wake|ability: Protosynthesis
|-start|p1a: Walking Wake|protosynthesisspe
|move|p2a: Heatran|Earth Power|p1a: Walking Wake
|-damage|p1a: Walking Wake|36/100
|
|-weather|SunnyDay|[upkeep]
|upkeep
|turn|14
|
|t:|1743829655
|switch|p2a: Sinistcha|Sinistcha|100/100
|move|p1a: Walking Wake|Hydro Steam|p2a: Sinistcha
|-resisted|p2a: Sinistcha
|-damage|p2a: Sinistcha|70/100
|
|-weather|SunnyDay|[upkeep]
|upkeep
|turn|15
|
|t:|1743829661
|move|p1a: Walking Wake|Draco Meteor|p2a: Sinistcha
|-damage|p2a: Sinistcha|4/100
|-unboost|p1a: Walking Wake|spa|2
|move|p2a: Sinistcha|Shadow Ball|p1a: Walking Wake
|-damage|p1a: Walking Wake|9/100
|-unboost|p1a: Walking Wake|spd|1
|
|-weather|SunnyDay|[upkeep]
|upkeep
|turn|16
|
|t:|1743829668
|move|p1a: Walking Wake|Knock Off|p2a: Sinistcha
|-supereffective|p2a: Sinistcha
|-crit|p2a: Sinistcha
|-damage|p2a: Sinistcha|0 fnt
|-enditem|p2a: Sinistcha|Weakness Policy|[from] move: Knock Off|[of] p1a: Walking Wake
|faint|p2a: Sinistcha
|
|-weather|none
|-end|p1a: Walking Wake|Protosynthesis
|upkeep
|
|t:|1743829681
|switch|p2a: Heatran|Heatran, M|100/100
|turn|17
|
|t:|1743829685
|-end|p1a: Walking Wake|Protosynthesis|[silent]
|switch|p1a: Ninetales|Ninetales, F|26/100
|-weather|SunnyDay|[from] ability: Drought|[of] p1a: Ninetales
|move|p2a: Heatran|Fire Blast|p1a: Ninetales
|-resisted|p1a: Ninetales
|-damage|p1a: Ninetales|0 fnt
|faint|p1a: Ninetales
|
|-weather|SunnyDay|[upkeep]
|upkeep
|
|t:|1743829692
|switch|p1a: Walking Wake|Walking Wake|9/100
|-activate|p1a: Walking Wake|ability: Protosynthesis
|-start|p1a: Walking Wake|protosynthesisspe
|turn|18
|
|t:|1743829694
|move|p1a: Walking Wake|Hydro Steam|p2a: Heatran
|-supereffective|p2a: Heatran
|-damage|p2a: Heatran|0 fnt
|faint|p2a: Heatran
|
|-weather|SunnyDay|[upkeep]
|upkeep
|
|t:|1743829698
|switch|p2a: Cinderace|Cinderace, M|100/100
|turn|19
|
|t:|1743829702
|move|p1a: Walking Wake|Hydro Steam|p2a: Cinderace
|-supereffective|p2a: Cinderace
|-crit|p2a: Cinderace
|-damage|p2a: Cinderace|0 fnt
|faint|p2a: Cinderace
|
|-weather|SunnyDay|[upkeep]
|upkeep
|
|t:|1743829709
|switch|p2a: Hatterene|Hatterene, F|100/100
|turn|20
|
|t:|1743829715
|move|p1a: Walking Wake|Hydro Steam|p2a: Hatterene
|-damage|p2a: Hatterene|63/100
|move|p2a: Hatterene|Psyshock|p1a: Walking Wake
|-damage|p1a: Walking Wake|0 fnt
|faint|p1a: Walking Wake
|-end|p1a: Walking Wake|Protosynthesis|[silent]
|
|-weather|SunnyDay|[upkeep]
|upkeep
|
|t:|1743829721
|switch|p1a: Comfey|Comfey, F|100/100
|turn|21
|
|t:|1743829725
|move|p1a: Comfey|Growth|p1a: Comfey
|-boost|p1a: Comfey|atk|2
|-boost|p1a: Comfey|spa|2
|move|p2a: Hatterene|Mystical Fire|p1a: Comfey
|-damage|p1a: Comfey|59/100
|-unboost|p1a: Comfey|spa|1
|
|-weather|SunnyDay|[upkeep]
|upkeep
|turn|22
|
|t:|1743829733
|move|p1a: Comfey|Growth|p1a: Comfey
|-boost|p1a: Comfey|atk|2
|-boost|p1a: Comfey|spa|2
|move|p2a: Hatterene|Psyshock|p1a: Comfey
|-damage|p1a: Comfey|0 fnt
|faint|p1a: Comfey
|
|-weather|SunnyDay|[upkeep]
|upkeep
|
|t:|1743829739
|switch|p1a: Iron Moth|Iron Moth|51/100
|turn|23
|
|t:|1743829742
|move|p1a: Iron Moth|Sludge Wave|p2a: Hatterene
|-supereffective|p2a: Hatterene
|-damage|p2a: Hatterene|0 fnt
|faint|p2a: Hatterene
|
|-weather|SunnyDay|[upkeep]
|upkeep
|
|t:|1743829744
|switch|p2a: Landorus|Landorus-Therian, M|100/100
|-ability|p2a: Landorus|Intimidate|boost
|-unboost|p1a: Iron Moth|atk|1
|turn|24
|
|t:|1743829746
|move|p1a: Iron Moth|Overheat|p2a: Landorus
|-damage|p2a: Landorus|0 fnt
|-unboost|p1a: Iron Moth|spa|2
|faint|p2a: Landorus
|
|win|AbyssaIHunter
|raw|AbyssaIHunter's rating: 1171 &rarr; <strong>1197</strong><br />(+26 for winning)
|raw|poisonstingpete's rating: 1178 &rarr; <strong>1152</strong><br />(-26 for losing)
|c|☆poisonstingpete|Gg
|l|☆AbyssaIHunter
|player|p1|
|l|☆poisonstingpete
|player|p2|
