|j|☆Umbny
|j|☆Boneyard00
|t:|1743801129
|gametype|singles
|player|p1|Umbny|linebacker|1246
|player|p2|Boneyard00|acetrainer-gen4dp|1214
|teamsize|p1|6
|teamsize|p2|6
|gen|9
|tier|[Gen 9] OU
|rated|
|rule|HP Percentage Mod: HP is shown in percentages
|rule|Endless Battle Clause: Forcing endless battles is banned
|rule|Species Clause: Limit one of each Pokémon
|rule|OHKO Clause: OHKO moves are banned
|rule|Evasion Items Clause: Evasion items are banned
|rule|Evasion Moves Clause: Evasion moves are banned
|rule|Sleep Moves Clause: Sleep-inducing moves are banned
|clearpoke
|poke|p1|Dragapult, M|
|poke|p1|Gliscor, F|
|poke|p1|Great Tusk|
|poke|p1|Gholdengo|
|poke|p1|Primarina, M|
|poke|p1|Moltres|
|poke|p2|Talonflame, F|
|poke|p2|Sawsbuck-Winter, M|
|poke|p2|Basculegion, M|
|poke|p2|Electivire, F|
|poke|p2|Avalugg, M|
|poke|p2|Vespiquen, F|
|teampreview
|
|t:|1743801139
|start
|switch|p1a: Dragapult|Dragapult, M|100/100
|switch|p2a: Caribbean|Talonflame, F|100/100
|turn|1
|
|t:|1743801161
|switch|p1a: Gliscor|Gliscor, F|100/100
|move|p2a: Caribbean|U-turn|p1a: Gliscor
|-resisted|p1a: Gliscor
|-crit|p1a: Gliscor
|-damage|p1a: Gliscor|89/100
|
|t:|1743801167
|switch|p2a: Bashigon|Basculegion, M|100/100|[from] U-turn
|
|-status|p1a: Gliscor|tox|[from] item: Toxic Orb
|upkeep
|turn|2
|
|t:|1743801173
|move|p1a: Gliscor|Protect|p1a: Gliscor
|-singleturn|p1a: Gliscor|Protect
|move|p2a: Bashigon|Wave Crash|p1a: Gliscor
|-activate|p1a: Gliscor|move: Protect
|
|-heal|p1a: Gliscor|100/100 tox|[from] ability: Poison Heal
|upkeep
|turn|3
|inactive|Battle timer is ON: inactive players will automatically lose when time's up. (requested by Boneyard00)
|
|t:|1743801206
|-terastallize|p1a: Gliscor|Water
|move|p2a: Bashigon|Wave Crash|p1a: Gliscor
|-resisted|p1a: Gliscor
|-damage|p1a: Gliscor|55/100 tox
|-damage|p2a: Bashigon|87/100|[from] Recoil
|move|p1a: Gliscor|Knock Off|p2a: Bashigon
|-supereffective|p2a: Bashigon
|-damage|p2a: Bashigon|32/100
|-enditem|p2a: Bashigon|Choice Band|[from] move: Knock Off|[of] p1a: Gliscor
|
|-heal|p1a: Gliscor|68/100 tox|[from] ability: Poison Heal
|upkeep
|turn|4
|
|t:|1743801219
|move|p2a: Bashigon|Flip Turn|p1a: Gliscor
|-resisted|p1a: Gliscor
|-damage|p1a: Gliscor|51/100 tox
|
|t:|1743801221
|switch|p2a: Milwauk|Sawsbuck-Winter, M, shiny|100/100|[from] Flip Turn
|move|p1a: Gliscor|Stealth Rock|p2a: Milwauk
|-sidestart|p2: Boneyard00|move: Stealth Rock
|
|-heal|p1a: Gliscor|64/100 tox|[from] ability: Poison Heal
|upkeep
|turn|5
|
|t:|1743801231
|move|p1a: Gliscor|Protect|p1a: Gliscor
|-singleturn|p1a: Gliscor|Protect
|move|p2a: Milwauk|Swords Dance|p2a: Milwauk
|-boost|p2a: Milwauk|atk|2
|
|-heal|p1a: Gliscor|76/100 tox|[from] ability: Poison Heal
|upkeep
|turn|6
|
|t:|1743801239
|move|p2a: Milwauk|Horn Leech|p1a: Gliscor
|-supereffective|p1a: Gliscor
|-damage|p1a: Gliscor|0 fnt
|faint|p1a: Gliscor
|-damage|p2a: Milwauk|91/100|[from] item: Life Orb
|
|upkeep
|
|t:|1743801253
|switch|p1a: Dragapult|Dragapult, M|100/100
|turn|7
|
|t:|1743801257
|move|p1a: Dragapult|Flamethrower|p2a: Milwauk
|-supereffective|p2a: Milwauk
|-damage|p2a: Milwauk|0 fnt
|faint|p2a: Milwauk
|
|upkeep
|
|t:|1743801261
|switch|p2a: Laurentor|Avalugg, M|100/100
|-damage|p2a: Laurentor|76/100|[from] Stealth Rock
|turn|8
|
|t:|1743801265
|move|p1a: Dragapult|Flamethrower|p2a: Laurentor
|-supereffective|p2a: Laurentor
|-damage|p2a: Laurentor|0 fnt
|faint|p2a: Laurentor
|
|upkeep
|
|t:|1743801272
|switch|p2a: Haywire|Electivire, F|100/100
|-damage|p2a: Haywire|88/100|[from] Stealth Rock
|turn|9
|
|t:|1743801279
|switch|p1a: Great Tusk|Great Tusk|100/100
|move|p2a: Haywire|Knock Off|p1a: Great Tusk
|-resisted|p1a: Great Tusk
|-damage|p1a: Great Tusk|91/100
|-enditem|p1a: Great Tusk|Leftovers|[from] move: Knock Off|[of] p2a: Haywire
|
|upkeep
|turn|10
|
|t:|1743801291
|switch|p2a: Caribbean|Talonflame, F|100/100
|move|p1a: Great Tusk|Knock Off|p2a: Caribbean
|-damage|p2a: Caribbean|53/100
|-status|p1a: Great Tusk|brn|[from] ability: Flame Body|[of] p2a: Caribbean
|-enditem|p2a: Caribbean|Heavy-Duty Boots|[from] move: Knock Off|[of] p1a: Great Tusk
|
|-damage|p1a: Great Tusk|85/100 brn|[from] brn
|upkeep
|turn|11
|
|t:|1743801305
|-end|p1a: Great Tusk|Protosynthesis|[silent]
|switch|p1a: Moltres|Moltres|100/100
|move|p2a: Caribbean|Brave Bird|p1a: Moltres
|-damage|p1a: Moltres|67/100
|-damage|p2a: Caribbean|38/100|[from] Recoil
|
|upkeep
|turn|12
|
|t:|1743801318
|move|p2a: Caribbean|Taunt|p1a: Moltres
|-start|p1a: Moltres|move: Taunt
|cant|p1a: Moltres|move: Taunt|Roost
|
|upkeep
|turn|13
|
|t:|1743801326
|move|p2a: Caribbean|U-turn|p1a: Moltres
|-resisted|p1a: Moltres
|-damage|p1a: Moltres|63/100
|
|t:|1743801329
|switch|p2a: Bashigon|Basculegion, M|32/100|[from] U-turn
|-damage|p2a: Bashigon|20/100|[from] Stealth Rock
|move|p1a: Moltres|U-turn|p2a: Bashigon
|-resisted|p2a: Bashigon
|-damage|p2a: Bashigon|11/100
|
|t:|1743801342
|switch|p1a: Dragapult|Dragapult, M|100/100|[from] U-turn
|
|upkeep
|turn|14
|
|t:|1743801346
|move|p1a: Dragapult|Shadow Ball|p2a: Bashigon
|-supereffective|p2a: Bashigon
|-crit|p2a: Bashigon
|-damage|p2a: Bashigon|0 fnt
|faint|p2a: Bashigon
|
|upkeep
|
|t:|1743801351
|switch|p2a: Haywire|Electivire, F|88/100
|-damage|p2a: Haywire|76/100|[from] Stealth Rock
|turn|15
|-message|Boneyard00 forfeited.
|
|win|Umbny
|raw|Umbny's rating: 1246 &rarr; <strong>1269</strong><br />(+23 for winning)
|raw|Boneyard00's rating: 1214 &rarr; <strong>1191</strong><br />(-23 for losing)
|l|☆Boneyard00
|player|p2|
|c|☆Umbny|g
|l|☆Umbny
|player|p1|
