|j|☆gatorskk
|j|☆jhonss
|t:|1743832642
|gametype|singles
|player|p1|gatorskk|battlegirl-gen4|1251
|player|p2|jhonss|clown|1233
|teamsize|p1|6
|teamsize|p2|6
|gen|9
|tier|[Gen 9] OU
|rated|
|rule|HP Percentage Mod: HP is shown in percentages
|rule|Endless Battle Clause: Forcing endless battles is banned
|rule|Species Clause: Limit one of each Pokémon
|rule|OHKO Clause: OHKO moves are banned
|rule|Evasion Items Clause: Evasion items are banned
|rule|Evasion Moves Clause: Evasion moves are banned
|rule|Sleep Moves Clause: Sleep-inducing moves are banned
|clearpoke
|poke|p1|Gholdengo|
|poke|p1|Alomomola, M|
|poke|p1|Zapdos|
|poke|p1|Clefable, F|
|poke|p1|Meowscarada, F|
|poke|p1|Ursaluna, M|
|poke|p2|Walking Wake|
|poke|p2|Torkoal, M|
|poke|p2|Lilligant-Hisui, F|
|poke|p2|Thundurus, M|
|poke|p2|Gholdengo|
|poke|p2|Great Tusk|
|teampreview
|inactive|Battle timer is ON: inactive players will automatically lose when time's up. (requested by gatorskk)
|
|t:|1743832670
|start
|switch|p1a: Clefable|Clefable, F|100/100
|switch|p2a: Thundurus|Thundurus, M, shiny|100/100
|turn|1
|
|t:|1743832678
|move|p2a: Thundurus|Knock Off|p1a: Clefable
|-resisted|p1a: Clefable
|-damage|p1a: Clefable|90/100
|-enditem|p1a: Clefable|Sticky Barb|[from] move: Knock Off|[of] p2a: Thundurus
|move|p1a: Clefable|Stealth Rock|p2a: Thundurus
|-sidestart|p2: jhonss|move: Stealth Rock
|
|upkeep
|turn|2
|
|t:|1743832700
|move|p2a: Thundurus|Thunder Wave|p1a: Clefable
|-status|p1a: Clefable|par
|move|p1a: Clefable|Moonblast|p2a: Thundurus
|-damage|p2a: Thundurus|75/100
|
|upkeep
|turn|3
|inactive|gatorskk has 120 seconds left.
|
|t:|1743832731
|move|p2a: Thundurus|Sunny Day|p2a: Thundurus
|-weather|SunnyDay
|cant|p1a: Clefable|par
|
|-weather|SunnyDay|[upkeep]
|upkeep
|turn|4
|
|t:|1743832737
|move|p2a: Thundurus|U-turn|p1a: Clefable
|-resisted|p1a: Clefable
|-damage|p1a: Clefable|84/100 par
|
|t:|1743832752
|switch|p2a: Torkoal|Torkoal, M|100/100|[from] U-turn
|-damage|p2a: Torkoal|76/100|[from] Stealth Rock
|move|p1a: Clefable|Moonblast|p2a: Torkoal
|-resisted|p2a: Torkoal
|-damage|p2a: Torkoal|54/100
|
|-weather|SunnyDay|[upkeep]
|upkeep
|turn|5
|inactive|gatorskk has 120 seconds left.
|inactive|gatorskk has 90 seconds left.
|
|t:|1743832807
|move|p1a: Clefable|Thunder Wave|p2a: Torkoal
|-status|p2a: Torkoal|par
|move|p2a: Torkoal|Stealth Rock|p1a: Clefable
|-sidestart|p1: gatorskk|move: Stealth Rock
|
|-weather|SunnyDay|[upkeep]
|upkeep
|turn|6
|inactive|jhonss has 120 seconds left.
|inactive|gatorskk has 60 seconds left.
|
|t:|1743832843
|switch|p1a: Ursaluna|Ursaluna, M|100/100
|cant|p2a: Torkoal|par
|
|-weather|SunnyDay|[upkeep]
|upkeep
|turn|7
|
|t:|1743832849
|-terastallize|p2a: Torkoal|Flying
|move|p1a: Ursaluna|Headlong Rush|p2a: Torkoal
|-immune|p2a: Torkoal
|move|p2a: Torkoal|Rapid Spin|p1a: Ursaluna
|-damage|p1a: Ursaluna|93/100
|-boost|p2a: Torkoal|spe|1
|-sideend|p2: jhonss|Stealth Rock|[from] move: Rapid Spin|[of] p2a: Torkoal
|
|-weather|SunnyDay|[upkeep]
|upkeep
|turn|8
|inactive|gatorskk has 60 seconds left.
|
|t:|1743832881
|switch|p2a: Thundurus|Thundurus, M, shiny|75/100
|move|p1a: Ursaluna|Ice Punch|p2a: Thundurus
|-supereffective|p2a: Thundurus
|-damage|p2a: Thundurus|10/100
|
|-weather|SunnyDay|[upkeep]
|upkeep
|turn|9
|
|t:|1743832903
|move|p2a: Thundurus|Knock Off|p1a: Ursaluna
|-damage|p1a: Ursaluna|74/100
|-enditem|p1a: Ursaluna|Heavy-Duty Boots|[from] move: Knock Off|[of] p2a: Thundurus
|move|p1a: Ursaluna|Ice Punch|p2a: Thundurus
|-supereffective|p2a: Thundurus
|-damage|p2a: Thundurus|0 fnt
|faint|p2a: Thundurus
|
|-weather|SunnyDay|[upkeep]
|upkeep
|
|t:|1743832913
|switch|p2a: Lilligant|Lilligant-Hisui, F, shiny|100/100
|turn|10
|inactive|gatorskk has 60 seconds left.
|
|t:|1743832922
|switch|p1a: Zapdos|Zapdos|100/100
|move|p2a: Lilligant|Triple Axel|p1a: Zapdos
|-supereffective|p1a: Zapdos
|-damage|p1a: Zapdos|88/100
|-supereffective|p1a: Zapdos
|-damage|p1a: Zapdos|62/100
|-supereffective|p1a: Zapdos
|-damage|p1a: Zapdos|26/100
|-hitcount|p1a: Zapdos|3
|-damage|p2a: Lilligant|91/100|[from] item: Life Orb
|
|-weather|none
|upkeep
|turn|11
|inactive|gatorskk has 60 seconds left.
|
|t:|1743832948
|switch|p2a: Torkoal|Torkoal, M, tera:Flying|54/100 par
|-weather|SunnyDay|[from] ability: Drought|[of] p2a: Torkoal
|-terastallize|p1a: Zapdos|Steel
|move|p1a: Zapdos|Roost|p1a: Zapdos
|-heal|p1a: Zapdos|76/100
|
|-weather|SunnyDay|[upkeep]
|upkeep
|turn|12
|
|t:|1743832965
|switch|p2a: Great Tusk|Great Tusk|100/100
|-activate|p2a: Great Tusk|ability: Protosynthesis
|-start|p2a: Great Tusk|protosynthesisatk
|move|p1a: Zapdos|Discharge|p2a: Great Tusk
|-immune|p2a: Great Tusk
|
|-weather|SunnyDay|[upkeep]
|upkeep
|turn|13
|inactive|gatorskk has 30 seconds left.
|inactive|gatorskk has 20 seconds left.
|inactive|gatorskk has 15 seconds left.
|inactive|gatorskk has 10 seconds left.
|inactive|gatorskk has 5 seconds left.
|-message|gatorskk lost due to inactivity.
|
|win|jhonss
|raw|gatorskk's rating: 1251 &rarr; <strong>1225</strong><br />(-26 for losing)
|raw|jhonss's rating: 1233 &rarr; <strong>1259</strong><br />(+26 for winning)
|l|☆gatorskk
|player|p1|
|l|☆jhonss
|player|p2|
