|j|☆CyanIdle
|j|☆tasty sardine 408
|t:|1743884979
|gametype|singles
|player|p1|CyanIdle|janine|1412
|player|p2|tasty sardine 408|harlequin|1408
|teamsize|p1|6
|teamsize|p2|6
|gen|9
|tier|[Gen 9] OU
|rated|
|rule|HP Percentage Mod: HP is shown in percentages
|rule|Endless Battle Clause: Forcing endless battles is banned
|rule|Species Clause: Limit one of each Pokémon
|rule|OHKO Clause: OHKO moves are banned
|rule|Evasion Items Clause: Evasion items are banned
|rule|Evasion Moves Clause: Evasion moves are banned
|rule|Sleep Moves Clause: Sleep-inducing moves are banned
|clearpoke
|poke|p1|Zamazenta-*|
|poke|p1|Kingambit, F|
|poke|p1|Samurott-Hisui, F|
|poke|p1|Landorus-Therian, M|
|poke|p1|Iron Valiant|
|poke|p1|Iron Moth|
|poke|p2|Feraligatr, M|
|poke|p2|Umbreon, M|
|poke|p2|Serperior, M|
|poke|p2|Cresselia, F|
|poke|p2|Revavroom, M|
|poke|p2|Entei|
|teampreview
|inactive|Battle timer is ON: inactive players will automatically lose when time's up. (requested by CyanIdle)
|
|t:|1743884989
|start
|switch|p1a: Landorus|Landorus-Therian, M|100/100
|switch|p2a: Serpy|Serperior, M|100/100
|-ability|p1a: Landorus|Intimidate|boost
|-boost|p2a: Serpy|atk|1
|turn|1
|
|t:|1743885003
|move|p2a: Serpy|Leaf Storm|p1a: Landorus
|-damage|p1a: Landorus|63/100
|-boost|p2a: Serpy|spa|2
|move|p1a: Landorus|Stealth Rock|p2a: Serpy
|-sidestart|p2: tasty sardine 408|move: Stealth Rock
|
|upkeep
|turn|2
|
|t:|1743885011
|move|p2a: Serpy|Leaf Storm|p1a: Landorus
|-damage|p1a: Landorus|0 fnt
|-boost|p2a: Serpy|spa|2
|faint|p1a: Landorus
|
|upkeep
|
|t:|1743885014
|switch|p1a: Iron Moth|Iron Moth|100/100
|-enditem|p1a: Iron Moth|Booster Energy
|-activate|p1a: Iron Moth|ability: Quark Drive|[fromitem]
|-start|p1a: Iron Moth|quarkdrivespe
|turn|3
|
|t:|1743885021
|-terastallize|p2a: Serpy|Electric
|move|p1a: Iron Moth|Fiery Dance|p2a: Serpy
|-damage|p2a: Serpy|59/100
|move|p2a: Serpy|Tera Blast|p1a: Iron Moth|[anim] Tera Blast Electric
|-crit|p1a: Iron Moth
|-damage|p1a: Iron Moth|0 fnt
|faint|p1a: Iron Moth
|-end|p1a: Iron Moth|Quark Drive|[silent]
|
|-heal|p2a: Serpy|65/100|[from] item: Leftovers
|upkeep
|
|t:|1743885034
|switch|p1a: Iron Valiant|Iron Valiant|100/100
|-enditem|p1a: Iron Valiant|Booster Energy
|-activate|p1a: Iron Valiant|ability: Quark Drive|[fromitem]
|-start|p1a: Iron Valiant|quarkdrivespe
|turn|4
|
|t:|1743885044
|move|p1a: Iron Valiant|Moonblast|p2a: Serpy
|-damage|p2a: Serpy|20/100
|-boost|p2a: Serpy|spa|1
|move|p2a: Serpy|Leaf Storm|p1a: Iron Valiant
|-damage|p1a: Iron Valiant|0 fnt
|-boost|p2a: Serpy|spa|1
|faint|p1a: Iron Valiant
|-end|p1a: Iron Valiant|Quark Drive|[silent]
|
|-heal|p2a: Serpy|26/100|[from] item: Leftovers
|upkeep
|
|t:|1743885048
|switch|p1a: Samurott|Samurott-Hisui, F|100/100
|turn|5
|
|t:|1743885051
|move|p2a: Serpy|Synthesis|p2a: Serpy
|-heal|p2a: Serpy|76/100
|move|p1a: Samurott|Ceaseless Edge|p2a: Serpy
|-damage|p2a: Serpy|25/100
|-sidestart|p2: tasty sardine 408|Spikes
|
|-heal|p2a: Serpy|31/100|[from] item: Leftovers
|upkeep
|turn|6
|
|t:|1743885054
|move|p2a: Serpy|Tera Blast|p1a: Samurott|[anim] Tera Blast Electric
|-supereffective|p1a: Samurott
|-enditem|p1a: Samurott|Focus Sash
|-damage|p1a: Samurott|1/100
|move|p1a: Samurott|Ceaseless Edge|p2a: Serpy
|-damage|p2a: Serpy|0 fnt
|-sidestart|p2: tasty sardine 408|Spikes
|faint|p2a: Serpy
|
|upkeep
|
|t:|1743885061
|switch|p2a: Revy|Revavroom, M|100/100
|-damage|p2a: Revy|94/100|[from] Stealth Rock
|-item|p2a: Revy|Air Balloon
|turn|7
|
|t:|1743885067
|move|p1a: Samurott|Knock Off|p2a: Revy
|-damage|p2a: Revy|44/100
|-enditem|p2a: Revy|Air Balloon
|move|p2a: Revy|Shift Gear|p2a: Revy
|-boost|p2a: Revy|spe|2
|-boost|p2a: Revy|atk|1
|
|upkeep
|turn|8
|
|t:|1743885072
|move|p2a: Revy|Iron Head|p1a: Samurott
|-resisted|p1a: Samurott
|-damage|p1a: Samurott|0 fnt
|faint|p1a: Samurott
|
|upkeep
|
|t:|1743885077
|switch|p1a: Kingambit|Kingambit, F|100/100
|-activate|p1a: Kingambit|ability: Supreme Overlord
|-start|p1a: Kingambit|fallen4|[silent]
|turn|9
|
|t:|1743885083
|move|p1a: Kingambit|Sucker Punch|p2a: Revy
|-damage|p2a: Revy|0 fnt
|faint|p2a: Revy
|
|upkeep
|
|t:|1743885087
|switch|p2a: Enty|Entei|100/100
|-damage|p2a: Enty|76/100|[from] Stealth Rock
|-damage|p2a: Enty|59/100|[from] Spikes
|turn|10
|
|t:|1743885095
|-end|p1a: Kingambit|fallen4|[silent]
|switch|p1a: Zamazenta|Zamazenta|100/100
|-ability|p1a: Zamazenta|Dauntless Shield|boost
|-boost|p1a: Zamazenta|def|1
|move|p2a: Enty|Sacred Fire|p1a: Zamazenta
|-damage|p1a: Zamazenta|62/100
|
|-heal|p1a: Zamazenta|69/100|[from] item: Leftovers
|upkeep
|turn|11
|
|t:|1743885099
|-terastallize|p1a: Zamazenta|Fire
|move|p1a: Zamazenta|Iron Defense|p1a: Zamazenta
|-boost|p1a: Zamazenta|def|2
|move|p2a: Enty|Sacred Fire|p1a: Zamazenta
|-resisted|p1a: Zamazenta
|-damage|p1a: Zamazenta|58/100
|
|-heal|p1a: Zamazenta|65/100|[from] item: Leftovers
|upkeep
|turn|12
|
|t:|1743885108
|switch|p2a: Cressy|Cresselia, F|100/100
|-damage|p2a: Cressy|88/100|[from] Stealth Rock
|move|p1a: Zamazenta|Body Press|p2a: Cressy
|-resisted|p2a: Cressy
|-damage|p2a: Cressy|67/100
|
|-heal|p1a: Zamazenta|71/100|[from] item: Leftovers
|-heal|p2a: Cressy|73/100|[from] item: Leftovers
|upkeep
|turn|13
|
|t:|1743885115
|move|p1a: Zamazenta|Crunch|p2a: Cressy
|-supereffective|p2a: Cressy
|-damage|p2a: Cressy|51/100
|move|p2a: Cressy|Calm Mind|p2a: Cressy
|-boost|p2a: Cressy|spa|1
|-boost|p2a: Cressy|spd|1
|
|-heal|p1a: Zamazenta|77/100|[from] item: Leftovers
|-heal|p2a: Cressy|57/100|[from] item: Leftovers
|upkeep
|turn|14
|
|t:|1743885120
|move|p1a: Zamazenta|Crunch|p2a: Cressy
|-supereffective|p2a: Cressy
|-damage|p2a: Cressy|36/100
|-unboost|p2a: Cressy|def|1
|move|p2a: Cressy|Moonlight|p2a: Cressy
|-heal|p2a: Cressy|86/100
|
|-heal|p1a: Zamazenta|83/100|[from] item: Leftovers
|-heal|p2a: Cressy|92/100|[from] item: Leftovers
|upkeep
|turn|15
|
|t:|1743885126
|move|p2a: Cressy|Calm Mind|p2a: Cressy
|-boost|p2a: Cressy|spa|1
|-boost|p2a: Cressy|spd|1
|move|p1a: Zamazenta|Roar|p2a: Cressy
|drag|p2a: Umbry|Umbreon, M, shiny|100/100
|-damage|p2a: Umbry|88/100|[from] Stealth Rock
|-damage|p2a: Umbry|72/100|[from] Spikes
|
|-heal|p1a: Zamazenta|90/100|[from] item: Leftovers
|-heal|p2a: Umbry|78/100|[from] item: Leftovers
|upkeep
|turn|16
|
|t:|1743885130
|move|p2a: Umbry|Protect|p2a: Umbry
|-singleturn|p2a: Umbry|Protect
|move|p1a: Zamazenta|Body Press|p2a: Umbry
|-activate|p2a: Umbry|move: Protect
|
|-heal|p1a: Zamazenta|96/100|[from] item: Leftovers
|-heal|p2a: Umbry|84/100|[from] item: Leftovers
|upkeep
|turn|17
|
|t:|1743885134
|move|p2a: Umbry|Toxic|p1a: Zamazenta
|-status|p1a: Zamazenta|tox
|move|p1a: Zamazenta|Roar|p2a: Umbry
|drag|p2a: Fergy|Feraligatr, M|100/100
|-damage|p2a: Fergy|88/100|[from] Stealth Rock
|-damage|p2a: Fergy|72/100|[from] Spikes
|
|-heal|p1a: Zamazenta|100/100 tox|[from] item: Leftovers
|-damage|p1a: Zamazenta|94/100 tox|[from] psn
|upkeep
|turn|18
|
|t:|1743885138
|move|p1a: Zamazenta|Body Press|p2a: Fergy
|-damage|p2a: Fergy|0 fnt
|faint|p2a: Fergy
|
|-heal|p1a: Zamazenta|100/100 tox|[from] item: Leftovers
|-damage|p1a: Zamazenta|88/100 tox|[from] psn
|upkeep
|
|t:|1743885141
|switch|p2a: Cressy|Cresselia, F|92/100
|-damage|p2a: Cressy|80/100|[from] Stealth Rock
|turn|19
|
|t:|1743885145
|move|p2a: Cressy|Moonblast|p1a: Zamazenta
|-resisted|p1a: Zamazenta
|-damage|p1a: Zamazenta|82/100 tox
|move|p1a: Zamazenta|Roar|p2a: Cressy
|drag|p2a: Umbry|Umbreon, M, shiny|84/100
|-damage|p2a: Umbry|71/100|[from] Stealth Rock
|-damage|p2a: Umbry|55/100|[from] Spikes
|
|-heal|p1a: Zamazenta|88/100 tox|[from] item: Leftovers
|-heal|p2a: Umbry|61/100|[from] item: Leftovers
|-damage|p1a: Zamazenta|69/100 tox|[from] psn
|upkeep
|turn|20
|
|t:|1743885151
|move|p2a: Umbry|Protect|p2a: Umbry
|-singleturn|p2a: Umbry|Protect
|move|p1a: Zamazenta|Body Press|p2a: Umbry
|-activate|p2a: Umbry|move: Protect
|
|-heal|p1a: Zamazenta|75/100 tox|[from] item: Leftovers
|-heal|p2a: Umbry|67/100|[from] item: Leftovers
|-damage|p1a: Zamazenta|50/100 tox|[from] psn
|upkeep
|turn|21
|
|t:|1743885154
|move|p2a: Umbry|Protect|p2a: Umbry
|-singleturn|p2a: Umbry|Protect
|move|p1a: Zamazenta|Crunch|p2a: Umbry
|-activate|p2a: Umbry|move: Protect
|
|-heal|p1a: Zamazenta|57/100 tox|[from] item: Leftovers
|-heal|p2a: Umbry|73/100|[from] item: Leftovers
|-damage|p1a: Zamazenta|25/100 tox|[from] psn
|upkeep
|turn|22
|
|t:|1743885157
|move|p2a: Umbry|Protect||[still]
|-fail|p2a: Umbry
|move|p1a: Zamazenta|Body Press|p2a: Umbry
|-supereffective|p2a: Umbry
|-crit|p2a: Umbry
|-damage|p2a: Umbry|0 fnt
|faint|p2a: Umbry
|
|-heal|p1a: Zamazenta|32/100 tox|[from] item: Leftovers
|-damage|p1a: Zamazenta|0 fnt|[from] psn
|faint|p1a: Zamazenta
|upkeep
|
|t:|1743885163
|switch|p1a: Kingambit|Kingambit, F|100/100
|switch|p2a: Enty|Entei|59/100
|-damage|p2a: Enty|34/100|[from] Stealth Rock
|-damage|p2a: Enty|18/100|[from] Spikes
|-activate|p1a: Kingambit|ability: Supreme Overlord
|-start|p1a: Kingambit|fallen5|[silent]
|turn|23
|
|t:|1743885167
|move|p2a: Enty|Extreme Speed|p1a: Kingambit
|-resisted|p1a: Kingambit
|-damage|p1a: Kingambit|87/100
|move|p1a: Kingambit|Sucker Punch||[still]
|-fail|p1a: Kingambit
|
|-heal|p1a: Kingambit|93/100|[from] item: Leftovers
|upkeep
|turn|24
|
|t:|1743885170
|move|p2a: Enty|Extreme Speed|p1a: Kingambit
|-resisted|p1a: Kingambit
|-damage|p1a: Kingambit|78/100
|move|p1a: Kingambit|Iron Head|p2a: Enty
|-resisted|p2a: Enty
|-damage|p2a: Enty|0 fnt
|faint|p2a: Enty
|
|-heal|p1a: Kingambit|84/100|[from] item: Leftovers
|upkeep
|
|t:|1743885174
|switch|p2a: Cressy|Cresselia, F|80/100
|-damage|p2a: Cressy|67/100|[from] Stealth Rock
|turn|25
|
|t:|1743885176
|move|p2a: Cressy|Calm Mind|p2a: Cressy
|-boost|p2a: Cressy|spa|1
|-boost|p2a: Cressy|spd|1
|move|p1a: Kingambit|Kowtow Cleave|p2a: Cressy
|-supereffective|p2a: Cressy
|-damage|p2a: Cressy|0 fnt
|faint|p2a: Cressy
|
|win|CyanIdle
|raw|CyanIdle's rating: 1412 &rarr; <strong>1432</strong><br />(+20 for winning)
|raw|tasty sardine 408's rating: 1408 &rarr; <strong>1388</strong><br />(-20 for losing)
|l|☆CyanIdle
|player|p1|
|l|☆tasty sardine 408
|player|p2|
