|j|☆Cm7XgT
|j|☆UltraAero
|t:|1743792428
|gametype|singles
|player|p1|Cm7XgT|170|1115
|player|p2|UltraAero|dawn-gen4pt|1142
|teamsize|p1|6
|teamsize|p2|6
|gen|9
|tier|[Gen 9] OU
|rated|
|rule|HP Percentage Mod: HP is shown in percentages
|rule|Endless Battle Clause: Forcing endless battles is banned
|rule|Species Clause: Limit one of each Pokémon
|rule|OHKO Clause: OHKO moves are banned
|rule|Evasion Items Clause: Evasion items are banned
|rule|Evasion Moves Clause: Evasion moves are banned
|rule|Sleep Moves Clause: Sleep-inducing moves are banned
|clearpoke
|poke|p1|Electrode-Hisui|
|poke|p1|Cinderace, F|
|poke|p1|Goodra-Hisui, F|
|poke|p1|Gastrodon-East, M|
|poke|p1|Great Tusk|
|poke|p1|Gardevoir, F|
|poke|p2|Cinderace, M|
|poke|p2|Zapdos-Galar|
|poke|p2|Gogoat, F|
|poke|p2|Vaporeon, M|
|poke|p2|Iron Valiant|
|poke|p2|Gliscor, M|
|teampreview
|
|t:|1743792442
|start
|switch|p1a: Gardevoir|Gardevoir, F, shiny|100/100
|switch|p2a: Cinderace|Cinderace, M|100/100
|turn|1
|
|t:|1743792449
|move|p1a: Gardevoir|Psychic Noise|p2a: Cinderace
|-damage|p2a: Cinderace|51/100
|-start|p2a: Cinderace|move: Heal Block
|move|p2a: Cinderace|Iron Head|p1a: Gardevoir
|-start|p2a: Cinderace|typechange|Steel|[from] ability: Libero
|-supereffective|p1a: Gardevoir
|-damage|p1a: Gardevoir|0 fnt
|faint|p1a: Gardevoir
|
|upkeep
|
|t:|1743792462
|switch|p1a: Cinderace|Cinderace, F, shiny|100/100
|turn|2
|
|t:|1743792469
|switch|p2a: Vaporeon|Vaporeon, M|100/100
|move|p1a: Cinderace|Pyro Ball|p2a: Vaporeon|[miss]
|-miss|p1a: Cinderace|p2a: Vaporeon
|
|upkeep
|turn|3
|
|t:|1743792475
|move|p1a: Cinderace|U-turn|p2a: Vaporeon
|-start|p1a: Cinderace|typechange|Bug|[from] ability: Libero
|-damage|p2a: Vaporeon|60/100
|
|t:|1743792480
|switch|p1a: Gastrodon|Gastrodon-East, M, shiny|100/100|[from] U-turn
|move|p2a: Vaporeon|Calm Mind|p2a: Vaporeon
|-boost|p2a: Vaporeon|spa|1
|-boost|p2a: Vaporeon|spd|1
|
|-heal|p2a: Vaporeon|66/100|[from] item: Leftovers
|upkeep
|turn|4
|
|t:|1743792486
|move|p2a: Vaporeon|Ice Beam|p1a: Gastrodon
|-damage|p1a: Gastrodon|61/100
|move|p1a: Gastrodon|Clear Smog|p2a: Vaporeon
|-crit|p2a: Vaporeon
|-damage|p2a: Vaporeon|53/100
|-clearboost|p2a: Vaporeon
|
|-heal|p2a: Vaporeon|59/100|[from] item: Leftovers
|-heal|p1a: Gastrodon|67/100|[from] item: Leftovers
|upkeep
|turn|5
|
|t:|1743792498
|switch|p2a: Gogoat|Gogoat, F|100/100
|switch|p1a: Goodra|Goodra-Hisui, F, shiny|100/100
|
|upkeep
|turn|6
|
|t:|1743792503
|move|p2a: Gogoat|Bulk Up|p2a: Gogoat
|-boost|p2a: Gogoat|atk|1
|-boost|p2a: Gogoat|def|1
|move|p1a: Goodra|Knock Off|p2a: Gogoat
|-damage|p2a: Gogoat|85/100
|-enditem|p2a: Gogoat|Heavy-Duty Boots|[from] move: Knock Off|[of] p1a: Goodra
|
|upkeep
|turn|7
|
|t:|1743792510
|move|p2a: Gogoat|Earthquake|p1a: Goodra
|-supereffective|p1a: Goodra
|-damage|p1a: Goodra|20/100
|move|p1a: Goodra|Dragon Pulse|p2a: Gogoat
|-damage|p2a: Gogoat|54/100
|
|-heal|p1a: Goodra|26/100|[from] item: Leftovers
|upkeep
|turn|8
|
|t:|1743792521
|move|p2a: Gogoat|Earthquake|p1a: Goodra
|-supereffective|p1a: Goodra
|-damage|p1a: Goodra|0 fnt
|faint|p1a: Goodra
|
|upkeep
|
|t:|1743792530
|switch|p1a: Great Tusk|Great Tusk, shiny|100/100
|turn|9
|
|t:|1743792534
|-terastallize|p2a: Gogoat|Fire
|move|p1a: Great Tusk|Close Combat|p2a: Gogoat
|-damage|p2a: Gogoat|5/100
|-unboost|p1a: Great Tusk|def|1
|-unboost|p1a: Great Tusk|spd|1
|move|p2a: Gogoat|Horn Leech|p1a: Great Tusk
|-supereffective|p1a: Great Tusk
|-damage|p1a: Great Tusk|0 fnt
|-heal|p2a: Gogoat|46/100|[from] drain|[of] p1a: Great Tusk
|faint|p1a: Great Tusk
|-end|p1a: Great Tusk|Protosynthesis|[silent]
|
|upkeep
|
|t:|1743792546
|switch|p1a: Electrode|Electrode-Hisui, shiny|100/100
|turn|10
|
|t:|1743792552
|move|p1a: Electrode|Thunderbolt|p2a: Gogoat
|-damage|p2a: Gogoat|6/100
|move|p2a: Gogoat|Earthquake|p1a: Electrode
|-damage|p1a: Electrode|30/100
|
|upkeep
|turn|11
|
|t:|1743792568
|-terastallize|p1a: Electrode|Fairy
|move|p1a: Electrode|Volt Switch|p2a: Gogoat
|-damage|p2a: Gogoat|0 fnt
|faint|p2a: Gogoat
|
|t:|1743792571
|switch|p1a: Cinderace|Cinderace, F, shiny|100/100|[from] Volt Switch
|
|upkeep
|
|t:|1743792576
|switch|p2a: Vaporeon|Vaporeon, M|59/100
|turn|12
|
|t:|1743792582
|move|p1a: Cinderace|U-turn|p2a: Vaporeon
|-start|p1a: Cinderace|typechange|Bug|[from] ability: Libero
|-damage|p2a: Vaporeon|23/100
|
|t:|1743792585
|switch|p1a: Gastrodon|Gastrodon-East, M, shiny|67/100|[from] U-turn
|move|p2a: Vaporeon|Ice Beam|p1a: Gastrodon
|-crit|p1a: Gastrodon
|-damage|p1a: Gastrodon|29/100
|
|-heal|p2a: Vaporeon|29/100|[from] item: Leftovers
|-heal|p1a: Gastrodon|35/100|[from] item: Leftovers
|upkeep
|turn|13
|
|t:|1743792593
|move|p2a: Vaporeon|Ice Beam|p1a: Gastrodon
|-damage|p1a: Gastrodon|10/100
|move|p1a: Gastrodon|Recover|p1a: Gastrodon
|-heal|p1a: Gastrodon|60/100
|
|-heal|p2a: Vaporeon|35/100|[from] item: Leftovers
|-heal|p1a: Gastrodon|66/100|[from] item: Leftovers
|upkeep
|turn|14
|
|t:|1743792601
|switch|p2a: Zapdos|Zapdos-Galar|100/100
|move|p1a: Gastrodon|Earth Power|p2a: Zapdos
|-immune|p2a: Zapdos
|
|-heal|p1a: Gastrodon|72/100|[from] item: Leftovers
|upkeep
|turn|15
|
|t:|1743792608
|move|p2a: Zapdos|Acrobatics|p1a: Gastrodon
|-damage|p1a: Gastrodon|47/100
|move|p1a: Gastrodon|Surf|p2a: Zapdos
|-damage|p2a: Zapdos|69/100
|
|-heal|p1a: Gastrodon|53/100|[from] item: Leftovers
|upkeep
|turn|16
|
|t:|1743792616
|move|p2a: Zapdos|Knock Off|p1a: Gastrodon
|-damage|p1a: Gastrodon|24/100
|-enditem|p1a: Gastrodon|Leftovers|[from] move: Knock Off|[of] p2a: Zapdos
|move|p1a: Gastrodon|Recover|p1a: Gastrodon
|-heal|p1a: Gastrodon|74/100
|
|upkeep
|turn|17
|
|t:|1743792622
|move|p2a: Zapdos|Trailblaze|p1a: Gastrodon
|-supereffective|p1a: Gastrodon
|-damage|p1a: Gastrodon|20/100
|-boost|p2a: Zapdos|spe|1
|move|p1a: Gastrodon|Recover|p1a: Gastrodon
|-heal|p1a: Gastrodon|70/100
|
|upkeep
|turn|18
|
|t:|1743792629
|switch|p1a: Cinderace|Cinderace, F, shiny|100/100
|move|p2a: Zapdos|Trailblaze|p1a: Cinderace
|-resisted|p1a: Cinderace
|-damage|p1a: Cinderace|88/100
|-boost|p2a: Zapdos|spe|1
|
|upkeep
|turn|19
|
|t:|1743792636
|move|p2a: Zapdos|Thunderous Kick|p1a: Cinderace
|-damage|p1a: Cinderace|20/100
|-unboost|p1a: Cinderace|def|1
|move|p1a: Cinderace|Pyro Ball|p2a: Zapdos
|-damage|p2a: Zapdos|0 fnt
|faint|p2a: Zapdos
|
|upkeep
|
|t:|1743792645
|switch|p2a: Gliscor|Gliscor, M|100/100
|turn|20
|
|t:|1743792652
|move|p1a: Cinderace|U-turn|p2a: Gliscor
|-start|p1a: Cinderace|typechange|Bug|[from] ability: Libero
|-resisted|p2a: Gliscor
|-damage|p2a: Gliscor|91/100
|
|t:|1743792654
|switch|p1a: Gastrodon|Gastrodon-East, M, shiny|70/100|[from] U-turn
|move|p2a: Gliscor|Earthquake|p1a: Gastrodon
|-damage|p1a: Gastrodon|41/100
|
|-status|p2a: Gliscor|tox|[from] item: Toxic Orb
|upkeep
|turn|21
|
|t:|1743792662
|move|p2a: Gliscor|Toxic|p1a: Gastrodon
|-status|p1a: Gastrodon|tox
|move|p1a: Gastrodon|Recover|p1a: Gastrodon
|-heal|p1a: Gastrodon|91/100 tox
|
|-heal|p2a: Gliscor|100/100 tox|[from] ability: Poison Heal
|-damage|p1a: Gastrodon|85/100 tox|[from] psn
|upkeep
|turn|22
|
|t:|1743792670
|move|p2a: Gliscor|Toxic Spikes|p1a: Gastrodon
|-sidestart|p1: Cm7XgT|move: Toxic Spikes
|move|p1a: Gastrodon|Surf|p2a: Gliscor
|-supereffective|p2a: Gliscor
|-damage|p2a: Gliscor|28/100 tox
|
|-heal|p2a: Gliscor|40/100 tox|[from] ability: Poison Heal
|-damage|p1a: Gastrodon|73/100 tox|[from] psn
|upkeep
|turn|23
|
|t:|1743792678
|switch|p2a: Vaporeon|Vaporeon, M|35/100
|move|p1a: Gastrodon|Recover|p1a: Gastrodon
|-heal|p1a: Gastrodon|100/100 tox
|
|-heal|p2a: Vaporeon|41/100|[from] item: Leftovers
|-damage|p1a: Gastrodon|82/100 tox|[from] psn
|upkeep
|turn|24
|
|t:|1743792689
|move|p2a: Vaporeon|Calm Mind|p2a: Vaporeon
|-boost|p2a: Vaporeon|spa|1
|-boost|p2a: Vaporeon|spd|1
|move|p1a: Gastrodon|Earth Power|p2a: Vaporeon
|-crit|p2a: Vaporeon
|-damage|p2a: Vaporeon|10/100
|
|-heal|p2a: Vaporeon|16/100|[from] item: Leftovers
|-damage|p1a: Gastrodon|58/100 tox|[from] psn
|upkeep
|turn|25
|
|t:|1743792697
|move|p2a: Vaporeon|Ice Beam|p1a: Gastrodon
|-damage|p1a: Gastrodon|17/100 tox
|move|p1a: Gastrodon|Earth Power|p2a: Vaporeon
|-damage|p2a: Vaporeon|0 fnt
|faint|p2a: Vaporeon
|
|-damage|p1a: Gastrodon|0 fnt|[from] psn
|faint|p1a: Gastrodon
|upkeep
|
|t:|1743792706
|switch|p2a: Cinderace|Cinderace, M|51/100
|switch|p1a: Electrode|Electrode-Hisui, shiny, tera:Fairy|30/100
|-status|p1a: Electrode|psn
|turn|26
|
|t:|1743792718
|move|p2a: Cinderace|Iron Head|p1a: Electrode
|-start|p2a: Cinderace|typechange|Steel|[from] ability: Libero
|-supereffective|p1a: Electrode
|-damage|p1a: Electrode|0 fnt
|-status|p2a: Cinderace|par|[from] ability: Static|[of] p1a: Electrode
|faint|p1a: Electrode
|
|upkeep
|
|t:|1743792720
|switch|p1a: Cinderace|Cinderace, F, shiny|20/100
|turn|27
|
|t:|1743792726
|cant|p2a: Cinderace|par
|move|p1a: Cinderace|Pyro Ball|p2a: Cinderace
|-supereffective|p2a: Cinderace
|-damage|p2a: Cinderace|0 fnt
|faint|p2a: Cinderace
|
|upkeep
|
|t:|1743792731
|switch|p2a: Iron Valiant|Iron Valiant|100/100
|-enditem|p2a: Iron Valiant|Booster Energy
|-activate|p2a: Iron Valiant|ability: Quark Drive|[fromitem]
|-start|p2a: Iron Valiant|quarkdrivespe
|turn|28
|
|t:|1743792736
|move|p1a: Cinderace|Sucker Punch|p2a: Iron Valiant
|-start|p1a: Cinderace|typechange|Dark|[from] ability: Libero
|-resisted|p2a: Iron Valiant
|-damage|p2a: Iron Valiant|90/100
|move|p2a: Iron Valiant|Close Combat|p1a: Cinderace
|-supereffective|p1a: Cinderace
|-damage|p1a: Cinderace|0 fnt
|-unboost|p2a: Iron Valiant|def|1
|-unboost|p2a: Iron Valiant|spd|1
|faint|p1a: Cinderace
|
|win|UltraAero
|raw|Cm7XgT's rating: 1115 &rarr; <strong>1092</strong><br />(-23 for losing)
|raw|UltraAero's rating: 1142 &rarr; <strong>1165</strong><br />(+23 for winning)
|l|☆Cm7XgT
|player|p1|
|l|☆UltraAero
|player|p2|
