|j|☆Louhitar
|j|☆AbyssalWerksHATER
|t:|1743860773
|gametype|singles
|player|p1|Louhitar|jupiter|1251
|player|p2|AbyssalWerksHATER|giovanni|1239
|teamsize|p1|6
|teamsize|p2|6
|gen|9
|tier|[Gen 9] OU
|rated|
|rule|HP Percentage Mod: HP is shown in percentages
|rule|Endless Battle Clause: Forcing endless battles is banned
|rule|Species Clause: Limit one of each Pokémon
|rule|OHKO Clause: OHKO moves are banned
|rule|Evasion Items Clause: Evasion items are banned
|rule|Evasion Moves Clause: Evasion moves are banned
|rule|Sleep Moves Clause: Sleep-inducing moves are banned
|clearpoke
|poke|p1|Ninetales-Alola, M|
|poke|p1|Kyurem|
|poke|p1|Great Tusk|
|poke|p1|Iron Moth|
|poke|p1|Manaphy|
|poke|p1|Rillaboom, M|
|poke|p2|Azelf|
|poke|p2|Iron Valiant|
|poke|p2|Glimmora, M|
|poke|p2|Great Tusk|
|poke|p2|Kingambit, M|
|poke|p2|Dragonite, M|
|teampreview
|inactive|Battle timer is ON: inactive players will automatically lose when time's up. (requested by AbyssalWerksHATER)
|inactive|Louhitar also wants the timer to be on.
|
|t:|1743860782
|start
|switch|p1a: Finn|Ninetales-Alola, M|100/100
|switch|p2a: My Main Goal...|Azelf|100/100
|-weather|Snowscape|[from] ability: Snow Warning|[of] p1a: Finn
|turn|1
|
|t:|1743860788
|move|p2a: My Main Goal...|Taunt|p1a: Finn
|-start|p1a: Finn|move: Taunt
|cant|p1a: Finn|move: Taunt|Aurora Veil
|
|-weather|Snowscape|[upkeep]
|upkeep
|turn|2
|
|t:|1743860795
|switch|p1a: Rory|Rillaboom, M|100/100
|-fieldstart|move: Grassy Terrain|[from] ability: Grassy Surge|[of] p1a: Rory
|move|p2a: My Main Goal...|Stealth Rock|p1a: Rory
|-sidestart|p1: Louhitar|move: Stealth Rock
|
|-weather|Snowscape|[upkeep]
|upkeep
|turn|3
|
|t:|1743860802
|move|p2a: My Main Goal...|U-turn|p1a: Rory
|-supereffective|p1a: Rory
|-damage|p1a: Rory|52/100
|
|t:|1743860805
|switch|p2a: 87 hazards|Glimmora, M|100/100|[from] U-turn
|move|p1a: Rory|Knock Off|p2a: 87 hazards
|-damage|p2a: 87 hazards|32/100
|-activate|p2a: 87 hazards|ability: Toxic Debris
|-sidestart|p1: Louhitar|move: Toxic Spikes
|-enditem|p2a: 87 hazards|Power Herb|[from] move: Knock Off|[of] p1a: Rory
|
|-weather|Snowscape|[upkeep]
|-heal|p2a: 87 hazards|38/100|[from] Grassy Terrain
|-heal|p1a: Rory|58/100|[from] Grassy Terrain
|upkeep
|turn|4
|
|t:|1743860816
|move|p2a: 87 hazards|Sludge Wave|p1a: Rory
|-supereffective|p1a: Rory
|-damage|p1a: Rory|0 fnt
|faint|p1a: Rory
|
|-weather|Snowscape|[upkeep]
|-heal|p2a: 87 hazards|44/100|[from] Grassy Terrain
|upkeep
|
|t:|1743860823
|switch|p1a: Jenks|Great Tusk|100/100
|-damage|p1a: Jenks|98/100|[from] Stealth Rock
|-status|p1a: Jenks|psn
|-enditem|p1a: Jenks|Booster Energy
|-activate|p1a: Jenks|ability: Protosynthesis|[fromitem]
|-start|p1a: Jenks|protosynthesisspe
|turn|5
|
|t:|1743860830
|move|p1a: Jenks|Headlong Rush|p2a: 87 hazards
|-supereffective|p2a: 87 hazards
|-damage|p2a: 87 hazards|0 fnt
|-unboost|p1a: Jenks|def|1
|-unboost|p1a: Jenks|spd|1
|-activate|p2a: 87 hazards|ability: Toxic Debris
|-sidestart|p1: Louhitar|move: Toxic Spikes
|faint|p2a: 87 hazards
|
|-weather|none
|-heal|p1a: Jenks|100/100 psn|[from] Grassy Terrain
|-damage|p1a: Jenks|88/100 psn|[from] psn
|upkeep
|
|t:|1743860835
|switch|p2a: 87 different sets|Iron Valiant|100/100
|-enditem|p2a: 87 different sets|Booster Energy
|-activate|p2a: 87 different sets|ability: Quark Drive|[fromitem]
|-start|p2a: 87 different sets|quarkdrivespe
|turn|6
|
|t:|1743860845
|move|p2a: 87 different sets|Moonblast|p1a: Jenks
|-supereffective|p1a: Jenks
|-damage|p1a: Jenks|0 fnt
|faint|p1a: Jenks
|-end|p1a: Jenks|Protosynthesis|[silent]
|
|-fieldend|move: Grassy Terrain
|upkeep
|
|t:|1743860851
|switch|p1a: Finn|Ninetales-Alola, M|100/100
|-damage|p1a: Finn|76/100|[from] Stealth Rock
|-status|p1a: Finn|tox
|-weather|Snowscape|[from] ability: Snow Warning|[of] p1a: Finn
|turn|7
|
|t:|1743860858
|move|p2a: 87 different sets|Moonblast|p1a: Finn
|-damage|p1a: Finn|26/100 tox
|move|p1a: Finn|Aurora Veil|p1a: Finn
|-sidestart|p1: Louhitar|move: Aurora Veil
|
|-weather|Snowscape|[upkeep]
|-damage|p1a: Finn|20/100 tox|[from] psn
|upkeep
|turn|8
|
|t:|1743860867
|switch|p1a: Manny|Manaphy|100/100
|-damage|p1a: Manny|88/100|[from] Stealth Rock
|-status|p1a: Manny|tox
|move|p2a: 87 different sets|Moonblast|p1a: Manny
|-damage|p1a: Manny|64/100 tox
|-unboost|p1a: Manny|spa|1
|
|-weather|Snowscape|[upkeep]
|-heal|p1a: Manny|70/100 tox|[from] item: Leftovers
|-damage|p1a: Manny|64/100 tox|[from] psn
|upkeep
|turn|9
|
|t:|1743860878
|move|p2a: 87 different sets|Calm Mind|p2a: 87 different sets
|-boost|p2a: 87 different sets|spa|1
|-boost|p2a: 87 different sets|spd|1
|move|p1a: Manny|Tail Glow|p1a: Manny
|-boost|p1a: Manny|spa|3
|
|-weather|Snowscape|[upkeep]
|-heal|p1a: Manny|70/100 tox|[from] item: Leftovers
|-damage|p1a: Manny|58/100 tox|[from] psn
|upkeep
|turn|10
|
|t:|1743860886
|-terastallize|p2a: 87 different sets|Electric
|move|p2a: 87 different sets|Thunderbolt|p1a: Manny
|-supereffective|p1a: Manny
|-damage|p1a: Manny|0 fnt
|faint|p1a: Manny
|
|-weather|Snowscape|[upkeep]
|upkeep
|
|t:|1743860895
|switch|p1a: Corey|Kyurem|100/100
|-damage|p1a: Corey|76/100|[from] Stealth Rock
|-status|p1a: Corey|tox
|-ability|p1a: Corey|Pressure
|turn|11
|
|t:|1743860907
|-terastallize|p1a: Corey|Fire
|move|p2a: 87 different sets|Moonblast|p1a: Corey
|-resisted|p1a: Corey
|-damage|p1a: Corey|58/100 tox
|move|p1a: Corey|Scale Shot|p2a: 87 different sets
|-damage|p2a: 87 different sets|85/100
|-damage|p2a: 87 different sets|67/100
|-damage|p2a: 87 different sets|49/100
|-damage|p2a: 87 different sets|32/100
|-hitcount|p2a: 87 different sets|4
|-unboost|p1a: Corey|def|1
|-boost|p1a: Corey|spe|1
|
|-weather|none
|-damage|p1a: Corey|52/100 tox|[from] psn
|upkeep
|turn|12
|
|t:|1743860921
|move|p2a: 87 different sets|Thunderbolt|p1a: Corey
|-damage|p1a: Corey|22/100 tox
|move|p1a: Corey|Scale Shot|p2a: 87 different sets|[miss]
|-miss|p1a: Corey|p2a: 87 different sets
|
|-damage|p1a: Corey|10/100 tox|[from] psn
|upkeep
|turn|13
|c|☆Louhitar|:c
|
|t:|1743860931
|move|p2a: 87 different sets|Thunderbolt|p1a: Corey
|-damage|p1a: Corey|0 fnt
|faint|p1a: Corey
|
|upkeep
|
|t:|1743860938
|switch|p1a: Ren|Iron Moth|100/100
|-damage|p1a: Ren|76/100|[from] Stealth Rock
|-sideend|p1: Louhitar|move: Toxic Spikes|[of] p1a: Ren
|-enditem|p1a: Ren|Booster Energy
|-activate|p1a: Ren|ability: Quark Drive|[fromitem]
|-start|p1a: Ren|quarkdrivespe
|turn|14
|
|t:|1743860946
|move|p2a: 87 different sets|Thunderbolt|p1a: Ren
|-damage|p1a: Ren|39/100
|move|p1a: Ren|Fiery Dance|p2a: 87 different sets
|-damage|p2a: 87 different sets|0 fnt
|faint|p2a: 87 different sets
|-end|p2a: 87 different sets|Quark Drive|[silent]
|
|-sideend|p1: Louhitar|move: Aurora Veil
|upkeep
|
|t:|1743860951
|switch|p2a: My Main Goal...|Azelf|100/100
|turn|15
|
|t:|1743860958
|move|p1a: Ren|Fiery Dance|p2a: My Main Goal...
|-damage|p2a: My Main Goal...|32/100
|-boost|p1a: Ren|spa|1
|move|p2a: My Main Goal...|Explosion|p1a: Ren
|-damage|p1a: Ren|0 fnt
|faint|p2a: My Main Goal...
|faint|p1a: Ren
|-end|p1a: Ren|Quark Drive|[silent]
|
|upkeep
|
|t:|1743860966
|switch|p2a: Rocks aren't real|Dragonite, M|100/100
|switch|p1a: Finn|Ninetales-Alola, M|20/100 tox
|-damage|p1a: Finn|0 fnt|[from] Stealth Rock
|faint|p1a: Finn
|
|win|AbyssalWerksHATER
|raw|Louhitar's rating: 1251 &rarr; <strong>1225</strong><br />(-26 for losing)
|raw|AbyssalWerksHATER's rating: 1239 &rarr; <strong>1265</strong><br />(+26 for winning)
|l|☆Louhitar
|player|p1|
|l|☆AbyssalWerksHATER
|player|p2|
