|j|☆Lemalifice
|j|☆vngsth
|t:|1743921016
|gametype|singles
|player|p1|Lemalifice|1|1148
|player|p2|vngsth|1|1146
|teamsize|p1|6
|teamsize|p2|6
|gen|9
|tier|[Gen 9] OU
|rated|
|rule|HP Percentage Mod: HP is shown in percentages
|rule|Endless Battle Clause: Forcing endless battles is banned
|rule|Species Clause: Limit one of each Pokémon
|rule|OHKO Clause: OHKO moves are banned
|rule|Evasion Items Clause: Evasion items are banned
|rule|Evasion Moves Clause: Evasion moves are banned
|rule|Sleep Moves Clause: Sleep-inducing moves are banned
|clearpoke
|poke|p1|Great Tusk|
|poke|p1|Gholdengo|
|poke|p1|Iron Valiant|
|poke|p1|Kingambit, M|
|poke|p1|Raging Bolt|
|poke|p1|Ogerpon-Wellspring, F|
|poke|p2|Breloom, M|
|poke|p2|Goodra-Hisui, M|
|poke|p2|Rotom-Wash|
|poke|p2|Iron Moth|
|poke|p2|Gardevoir, F|
|poke|p2|Great Tusk|
|teampreview
|
|t:|1743921041
|start
|switch|p1a: Ogerpon|Ogerpon-Wellspring, F|100/100
|switch|p2a: BreDOOM|Breloom, M|100/100
|turn|1
|
|t:|1743921056
|switch|p1a: Iron Valiant|Iron Valiant|100/100
|-enditem|p1a: Iron Valiant|Booster Energy
|-activate|p1a: Iron Valiant|ability: Quark Drive|[fromitem]
|-start|p1a: Iron Valiant|quarkdrivespe
|move|p2a: BreDOOM|Rock Tomb|p1a: Iron Valiant
|-resisted|p1a: Iron Valiant
|-damage|p1a: Iron Valiant|81/100
|-unboost|p1a: Iron Valiant|spe|1
|
|upkeep
|turn|2
|
|t:|1743921068
|move|p1a: Iron Valiant|Expanding Force|p2a: BreDOOM
|-supereffective|p2a: BreDOOM
|-enditem|p2a: BreDOOM|Focus Sash
|-damage|p2a: BreDOOM|1/100
|move|p2a: BreDOOM|Bullet Seed|p1a: Iron Valiant
|-damage|p1a: Iron Valiant|58/100
|-damage|p1a: Iron Valiant|35/100
|-hitcount|p1a: Iron Valiant|2
|
|upkeep
|turn|3
|
|t:|1743921077
|move|p2a: BreDOOM|Mach Punch|p1a: Iron Valiant
|-resisted|p1a: Iron Valiant
|-damage|p1a: Iron Valiant|15/100
|move|p1a: Iron Valiant|Shadow Ball|p2a: BreDOOM
|-crit|p2a: BreDOOM
|-damage|p2a: BreDOOM|0 fnt
|faint|p2a: BreDOOM
|
|upkeep
|
|t:|1743921096
|switch|p2a: Morningstar|Iron Moth|100/100
|turn|4
|
|t:|1743921123
|-end|p1a: Iron Valiant|Quark Drive|[silent]
|switch|p1a: Great Tusk|Great Tusk, shiny|100/100
|move|p2a: Morningstar|Fiery Dance|p1a: Great Tusk
|-damage|p1a: Great Tusk|39/100
|
|upkeep
|turn|5
|
|t:|1743921136
|move|p2a: Morningstar|Fiery Dance|p1a: Great Tusk
|-damage|p1a: Great Tusk|0 fnt
|faint|p1a: Great Tusk
|-end|p1a: Great Tusk|Protosynthesis|[silent]
|
|upkeep
|
|t:|1743921149
|switch|p1a: Ogerpon|Ogerpon-Wellspring, F|100/100
|turn|6
|
|t:|1743921160
|-terastallize|p2a: Morningstar|Grass
|move|p2a: Morningstar|Air Slash|p1a: Ogerpon
|-supereffective|p1a: Ogerpon
|-damage|p1a: Ogerpon|45/100
|move|p1a: Ogerpon|Ivy Cudgel|p2a: Morningstar|[anim] Ivy Cudgel Water
|-resisted|p2a: Morningstar
|-damage|p2a: Morningstar|52/100
|
|upkeep
|turn|7
|
|t:|1743921182
|switch|p1a: Raging Bolt|Raging Bolt|100/100
|-enditem|p1a: Raging Bolt|Booster Energy
|-activate|p1a: Raging Bolt|ability: Protosynthesis|[fromitem]
|-start|p1a: Raging Bolt|protosynthesisspa
|move|p2a: Morningstar|Air Slash|p1a: Raging Bolt
|-resisted|p1a: Raging Bolt
|-damage|p1a: Raging Bolt|88/100
|
|upkeep
|turn|8
|
|t:|1743921194
|move|p2a: Morningstar|Sludge Wave|p1a: Raging Bolt
|-damage|p1a: Raging Bolt|37/100
|move|p1a: Raging Bolt|Thunder|p2a: Morningstar
|-resisted|p2a: Morningstar
|-damage|p2a: Morningstar|12/100
|
|upkeep
|turn|9
|
|t:|1743921201
|move|p1a: Raging Bolt|Thunderclap|p2a: Morningstar
|-resisted|p2a: Morningstar
|-damage|p2a: Morningstar|0 fnt
|faint|p2a: Morningstar
|-end|p2a: Morningstar|Quark Drive|[silent]
|
|upkeep
|
|t:|1743921208
|switch|p2a: Mr. Clean|Rotom-Wash|100/100
|turn|10
|
|t:|1743921215
|move|p2a: Mr. Clean|Hydro Pump|p1a: Raging Bolt
|-resisted|p1a: Raging Bolt
|-damage|p1a: Raging Bolt|14/100
|move|p1a: Raging Bolt|Thunder|p2a: Mr. Clean
|-damage|p2a: Mr. Clean|0 fnt
|faint|p2a: Mr. Clean
|
|upkeep
|
|t:|1743921225
|switch|p2a: Tusk Til Tawn|Great Tusk|100/100
|turn|11
|
|t:|1743921238
|move|p2a: Tusk Til Tawn|Rapid Spin|p1a: Raging Bolt
|-damage|p1a: Raging Bolt|0 fnt
|-boost|p2a: Tusk Til Tawn|spe|1
|faint|p1a: Raging Bolt
|-end|p1a: Raging Bolt|Protosynthesis|[silent]
|
|upkeep
|
|t:|1743921248
|switch|p1a: Kingambit|Kingambit, M|100/100
|-activate|p1a: Kingambit|ability: Supreme Overlord
|-start|p1a: Kingambit|fallen2|[silent]
|turn|12
|
|t:|1743921308
|move|p1a: Kingambit|Sucker Punch|p2a: Tusk Til Tawn
|-resisted|p2a: Tusk Til Tawn
|-damage|p2a: Tusk Til Tawn|87/100
|-damage|p1a: Kingambit|84/100|[from] item: Rocky Helmet|[of] p2a: Tusk Til Tawn
|move|p2a: Tusk Til Tawn|Body Press|p1a: Kingambit
|-supereffective|p1a: Kingambit
|-damage|p1a: Kingambit|0 fnt
|faint|p1a: Kingambit
|-end|p1a: Kingambit|fallen2|[silent]
|
|upkeep
|inactive|Battle timer is ON: inactive players will automatically lose when time's up. (requested by Lemalifice)
|
|t:|1743921323
|switch|p1a: Ogerpon|Ogerpon-Wellspring, F|45/100
|turn|13
|
|t:|1743921329
|move|p2a: Tusk Til Tawn|Body Press|p1a: Ogerpon
|-damage|p1a: Ogerpon|0 fnt
|faint|p1a: Ogerpon
|
|upkeep
|
|t:|1743921338
|switch|p1a: Iron Valiant|Iron Valiant|15/100
|turn|14
|
|t:|1743921350
|move|p2a: Tusk Til Tawn|Headlong Rush|p1a: Iron Valiant
|-damage|p1a: Iron Valiant|0 fnt
|-unboost|p2a: Tusk Til Tawn|def|1
|-unboost|p2a: Tusk Til Tawn|spd|1
|faint|p1a: Iron Valiant
|-end|p1a: Iron Valiant|Quark Drive|[silent]
|
|upkeep
|
|t:|1743921357
|switch|p1a: Gholdengo|Gholdengo|100/100
|turn|15
|
|t:|1743921366
|move|p1a: Gholdengo|Focus Blast|p2a: Tusk Til Tawn
|-damage|p2a: Tusk Til Tawn|0 fnt
|faint|p2a: Tusk Til Tawn
|-end|p2a: Tusk Til Tawn|Protosynthesis|[silent]
|
|upkeep
|
|t:|1743921375
|switch|p2a: Hermione|Gardevoir, F|100/100
|-ability|p2a: Hermione|Good as Gold|[from] ability: Trace|[of] p1a: Gholdengo
|turn|16
|
|t:|1743921383
|switch|p2a: Majin Guu|Goodra-Hisui, M|100/100
|move|p1a: Gholdengo|Focus Blast|p2a: Majin Guu
|-supereffective|p2a: Majin Guu
|-damage|p2a: Majin Guu|44/100
|
|upkeep
|turn|17
|
|t:|1743921389
|move|p1a: Gholdengo|Focus Blast|p2a: Majin Guu|[miss]
|-miss|p1a: Gholdengo|p2a: Majin Guu
|move|p2a: Majin Guu|Heavy Slam|p1a: Gholdengo
|-resisted|p1a: Gholdengo
|-damage|p1a: Gholdengo|66/100
|
|upkeep
|turn|18
|
|t:|1743921395
|move|p1a: Gholdengo|Focus Blast|p2a: Majin Guu
|-supereffective|p2a: Majin Guu
|-damage|p2a: Majin Guu|0 fnt
|faint|p2a: Majin Guu
|
|upkeep
|
|t:|1743921398
|switch|p2a: Hermione|Gardevoir, F|100/100
|-ability|p2a: Hermione|Good as Gold|[from] ability: Trace|[of] p1a: Gholdengo
|turn|19
|
|t:|1743921403
|move|p1a: Gholdengo|Focus Blast|p2a: Hermione|[miss]
|-miss|p1a: Gholdengo|p2a: Hermione
|move|p2a: Hermione|Thunderbolt|p1a: Gholdengo
|-crit|p1a: Gholdengo
|-damage|p1a: Gholdengo|12/100
|
|upkeep
|turn|20
|
|t:|1743921409
|move|p1a: Gholdengo|Focus Blast|p2a: Hermione
|-resisted|p2a: Hermione
|-damage|p2a: Hermione|92/100
|-unboost|p2a: Hermione|spd|1
|move|p2a: Hermione|Thunderbolt|p1a: Gholdengo
|-damage|p1a: Gholdengo|0 fnt
|faint|p1a: Gholdengo
|
|win|vngsth
|raw|Lemalifice's rating: 1148 &rarr; <strong>1123</strong><br />(-25 for losing)
|raw|vngsth's rating: 1146 &rarr; <strong>1171</strong><br />(+25 for winning)
|l|☆vngsth
|player|p2|
|l|☆Lemalifice
|player|p1|
