|j|☆Frostywingz
|j|☆cacaculococo
|t:|1743859471
|gametype|singles
|player|p1|Frostywingz|sabrina|1181
|player|p2|cacaculococo|elesa|1200
|teamsize|p1|6
|teamsize|p2|6
|gen|9
|tier|[Gen 9] OU
|rated|
|rule|HP Percentage Mod: HP is shown in percentages
|rule|Endless Battle Clause: Forcing endless battles is banned
|rule|Species Clause: Limit one of each Pokémon
|rule|OHKO Clause: OHKO moves are banned
|rule|Evasion Items Clause: Evasion items are banned
|rule|Evasion Moves Clause: Evasion moves are banned
|rule|Sleep Moves Clause: Sleep-inducing moves are banned
|clearpoke
|poke|p1|Dusclops, F|
|poke|p1|Articuno|
|poke|p1|Cinccino, F|
|poke|p1|Meowstic, M|
|poke|p1|Iron Valiant|
|poke|p1|Ribombee, F|
|poke|p2|Avalugg-Hisui, M|
|poke|p2|Chansey, F|
|poke|p2|Noctowl, F|
|poke|p2|Toxapex, M|
|poke|p2|Darkrai|
|poke|p2|Blaziken, M|
|teampreview
|inactive|Battle timer is ON: inactive players will automatically lose when time's up. (requested by Frostywingz)
|
|t:|1743859487
|start
|switch|p1a: Ribombee|Ribombee, F|100/100
|switch|p2a: effrey Jepstein|Noctowl, F, shiny|100/100
|turn|1
|
|t:|1743859497
|move|p1a: Ribombee|Quiver Dance|p1a: Ribombee
|-boost|p1a: Ribombee|spa|1
|-boost|p1a: Ribombee|spd|1
|-boost|p1a: Ribombee|spe|1
|move|p2a: effrey Jepstein|Air Slash|p1a: Ribombee
|-supereffective|p1a: Ribombee
|-enditem|p1a: Ribombee|Focus Sash
|-damage|p1a: Ribombee|1/100
|
|upkeep
|turn|2
|
|t:|1743859521
|move|p1a: Ribombee|Sticky Web|p2a: effrey Jepstein
|-sidestart|p2: cacaculococo|move: Sticky Web
|move|p2a: effrey Jepstein|Air Slash|p1a: Ribombee
|-supereffective|p1a: Ribombee
|-damage|p1a: Ribombee|0 fnt
|faint|p1a: Ribombee
|
|upkeep
|
|t:|1743859528
|switch|p1a: Articuno|Articuno|100/100
|-ability|p1a: Articuno|Pressure
|turn|3
|
|t:|1743859549
|switch|p2a: harvey weintein|Chansey, F|100/100
|-activate|p2a: harvey weintein|move: Sticky Web
|-unboost|p2a: harvey weintein|spe|1
|move|p1a: Articuno|Freeze-Dry|p2a: harvey weintein
|-damage|p2a: harvey weintein|89/100
|
|upkeep
|turn|4
|
|t:|1743859558
|switch|p1a: Meowstic|Meowstic, M|100/100
|move|p2a: harvey weintein|Thunder Wave|p1a: Meowstic
|-status|p1a: Meowstic|par
|
|upkeep
|turn|5
|
|t:|1743859564
|move|p2a: harvey weintein|Protect|p2a: harvey weintein
|-singleturn|p2a: harvey weintein|Protect
|cant|p1a: Meowstic|par
|
|upkeep
|turn|6
|
|t:|1743859570
|switch|p2a: p diddy|Darkrai|100/100
|-activate|p2a: p diddy|move: Sticky Web
|-unboost|p2a: p diddy|spe|1
|move|p1a: Meowstic|Reflect|p1a: Meowstic
|-sidestart|p1: Frostywingz|Reflect
|
|upkeep
|turn|7
|
|t:|1743859573
|move|p1a: Meowstic|Light Screen|p1a: Meowstic
|-sidestart|p1: Frostywingz|move: Light Screen
|move|p2a: p diddy|Dark Pulse|p1a: Meowstic
|-supereffective|p1a: Meowstic
|-damage|p1a: Meowstic|34/100 par
|
|upkeep
|turn|8
|
|t:|1743859579
|move|p1a: Meowstic|Thunder Wave|p2a: p diddy
|-hint|Since gen 7, Dark is immune to Prankster moves.
|-immune|p2a: p diddy
|move|p2a: p diddy|Dark Pulse|p1a: Meowstic
|-supereffective|p1a: Meowstic
|-crit|p1a: Meowstic
|-damage|p1a: Meowstic|0 fnt
|faint|p1a: Meowstic
|
|upkeep
|
|t:|1743859582
|switch|p1a: Iron Valiant|Iron Valiant|100/100
|-enditem|p1a: Iron Valiant|Booster Energy
|-activate|p1a: Iron Valiant|ability: Quark Drive|[fromitem]
|-start|p1a: Iron Valiant|quarkdrivespe
|turn|9
|c|☆cacaculococo|? why was he immune?
|
|t:|1743859601
|switch|p2a: bill clinton|Toxapex, M|100/100
|-activate|p2a: bill clinton|move: Sticky Web
|-unboost|p2a: bill clinton|spe|1
|-terastallize|p1a: Iron Valiant|Dark
|move|p1a: Iron Valiant|Swords Dance|p1a: Iron Valiant
|-boost|p1a: Iron Valiant|atk|2
|
|upkeep
|turn|10
|
|t:|1743859608
|move|p1a: Iron Valiant|Swords Dance|p1a: Iron Valiant
|-boost|p1a: Iron Valiant|atk|2
|move|p2a: bill clinton|Iron Defense|p2a: bill clinton
|-boost|p2a: bill clinton|def|2
|
|upkeep
|turn|11
|
|t:|1743859612
|move|p1a: Iron Valiant|Knock Off|p2a: bill clinton
|-damage|p2a: bill clinton|48/100
|-enditem|p2a: bill clinton|Leftovers|[from] move: Knock Off|[of] p1a: Iron Valiant
|move|p2a: bill clinton|Iron Defense|p2a: bill clinton
|-boost|p2a: bill clinton|def|2
|
|upkeep
|turn|12
|
|t:|1743859619
|move|p1a: Iron Valiant|Swords Dance|p1a: Iron Valiant
|-boost|p1a: Iron Valiant|atk|2
|move|p2a: bill clinton|Recover|p2a: bill clinton
|-heal|p2a: bill clinton|98/100
|
|upkeep
|turn|13
|
|t:|1743859625
|move|p2a: bill clinton|Baneful Bunker|p2a: bill clinton
|-singleturn|p2a: bill clinton|move: Protect
|move|p1a: Iron Valiant|Knock Off|p2a: bill clinton
|-activate|p2a: bill clinton|move: Protect
|-status|p1a: Iron Valiant|psn
|
|-damage|p1a: Iron Valiant|88/100 psn|[from] psn
|-sideend|p1: Frostywingz|Reflect
|upkeep
|turn|14
|
|t:|1743859634
|-end|p1a: Iron Valiant|Quark Drive|[silent]
|switch|p1a: Articuno|Articuno|100/100
|-ability|p1a: Articuno|Pressure
|move|p2a: bill clinton|Iron Defense|p2a: bill clinton
|-boost|p2a: bill clinton|def|2
|
|-sideend|p1: Frostywingz|move: Light Screen
|upkeep
|turn|15
|
|t:|1743859638
|move|p1a: Articuno|Freeze-Dry|p2a: bill clinton
|-supereffective|p2a: bill clinton
|-damage|p2a: bill clinton|37/100
|move|p2a: bill clinton|Ice Beam|p1a: Articuno
|-damage|p1a: Articuno|88/100
|
|upkeep
|turn|16
|
|t:|1743859647
|switch|p2a: harvey weintein|Chansey, F|89/100
|-activate|p2a: harvey weintein|move: Sticky Web
|-unboost|p2a: harvey weintein|spe|1
|move|p1a: Articuno|Freeze-Dry|p2a: harvey weintein
|-damage|p2a: harvey weintein|79/100
|
|upkeep
|turn|17
|
|t:|1743859655
|switch|p1a: Dusclops|Dusclops, F|100/100
|-item|p2a: harvey weintein|Eviolite|[from] ability: Frisk|[of] p1a: Dusclops
|move|p2a: harvey weintein|Thunder Wave|p1a: Dusclops
|-status|p1a: Dusclops|par
|
|upkeep
|turn|18
|
|t:|1743859665
|switch|p2a: muhammad|Blaziken, M|100/100
|-item|p2a: muhammad|Air Balloon
|switch|p1a: Iron Valiant|Iron Valiant, tera:Dark|88/100 psn
|
|-damage|p1a: Iron Valiant|76/100 psn|[from] psn
|upkeep
|turn|19
|
|t:|1743859670
|move|p2a: muhammad|Protect|p2a: muhammad
|-singleturn|p2a: muhammad|Protect
|move|p1a: Iron Valiant|Spirit Break|p2a: muhammad
|-activate|p2a: muhammad|move: Protect
|
|-damage|p1a: Iron Valiant|63/100 psn|[from] psn
|-ability|p2a: muhammad|Speed Boost|boost
|-boost|p2a: muhammad|spe|1
|upkeep
|turn|20
|
|t:|1743859679
|-end|p1a: Iron Valiant|Quark Drive|[silent]
|switch|p1a: Dusclops|Dusclops, F|100/100 par
|-item|p2a: muhammad|Air Balloon|[from] ability: Frisk|[of] p1a: Dusclops
|move|p2a: muhammad|Close Combat|p1a: Dusclops
|-immune|p1a: Dusclops
|
|-ability|p2a: muhammad|Speed Boost|boost
|-boost|p2a: muhammad|spe|1
|upkeep
|turn|21
|
|t:|1743859684
|move|p2a: muhammad|Flare Blitz|p1a: Dusclops
|-damage|p1a: Dusclops|61/100 par
|-damage|p2a: muhammad|88/100|[from] Recoil
|move|p1a: Dusclops|Calm Mind|p1a: Dusclops
|-boost|p1a: Dusclops|spa|1
|-boost|p1a: Dusclops|spd|1
|
|-ability|p2a: muhammad|Speed Boost|boost
|-boost|p2a: muhammad|spe|1
|upkeep
|turn|22
|
|t:|1743859690
|move|p2a: muhammad|Bulk Up|p2a: muhammad
|-boost|p2a: muhammad|atk|1
|-boost|p2a: muhammad|def|1
|move|p1a: Dusclops|Shadow Ball|p2a: muhammad
|-damage|p2a: muhammad|19/100
|-unboost|p2a: muhammad|spd|1
|-enditem|p2a: muhammad|Air Balloon
|
|-ability|p2a: muhammad|Speed Boost|boost
|-boost|p2a: muhammad|spe|1
|upkeep
|turn|23
|
|t:|1743859694
|move|p2a: muhammad|Flare Blitz|p1a: Dusclops
|-damage|p1a: Dusclops|0 fnt
|faint|p1a: Dusclops
|-damage|p2a: muhammad|0 fnt|[from] Recoil
|faint|p2a: muhammad
|
|upkeep
|
|t:|1743859709
|switch|p2a: effrey Jepstein|Noctowl, F, shiny|100/100
|switch|p1a: Articuno|Articuno|88/100
|-ability|p1a: Articuno|Pressure
|turn|24
|
|t:|1743859712
|move|p1a: Articuno|Freeze-Dry|p2a: effrey Jepstein
|-supereffective|p2a: effrey Jepstein
|-damage|p2a: effrey Jepstein|29/100
|-status|p2a: effrey Jepstein|frz
|cant|p2a: effrey Jepstein|frz
|
|upkeep
|turn|25
|
|t:|1743859722
|switch|p1a: Cinccino|Cinccino, F|100/100
|switch|p2a: harvey weintein|Chansey, F|79/100
|-activate|p2a: harvey weintein|move: Sticky Web
|-unboost|p2a: harvey weintein|spe|1
|
|upkeep
|turn|26
|
|t:|1743859724
|switch|p2a: bill clinton|Toxapex, M|70/100
|-activate|p2a: bill clinton|move: Sticky Web
|-unboost|p2a: bill clinton|spe|1
|move|p1a: Cinccino|Knock Off|p2a: bill clinton
|-damage|p2a: bill clinton|57/100
|
|upkeep
|turn|27
|
|t:|1743859729
|switch|p1a: Articuno|Articuno|88/100
|-ability|p1a: Articuno|Pressure
|move|p2a: bill clinton|Iron Defense|p2a: bill clinton
|-boost|p2a: bill clinton|def|2
|
|upkeep
|turn|28
|
|t:|1743859745
|switch|p2a: harvey weintein|Chansey, F|79/100
|-activate|p2a: harvey weintein|move: Sticky Web
|-unboost|p2a: harvey weintein|spe|1
|move|p1a: Articuno|Freeze-Dry|p2a: harvey weintein
|-damage|p2a: harvey weintein|69/100
|
|upkeep
|turn|29
|
|t:|1743859750
|switch|p1a: Iron Valiant|Iron Valiant, tera:Dark|63/100 psn
|move|p2a: harvey weintein|Seismic Toss|p1a: Iron Valiant
|-damage|p1a: Iron Valiant|29/100 psn
|
|-damage|p1a: Iron Valiant|16/100 psn|[from] psn
|upkeep
|turn|30
|
|t:|1743859757
|move|p2a: harvey weintein|Protect|p2a: harvey weintein
|-singleturn|p2a: harvey weintein|Protect
|move|p1a: Iron Valiant|Knock Off|p2a: harvey weintein
|-activate|p2a: harvey weintein|move: Protect
|
|-damage|p1a: Iron Valiant|4/100 psn|[from] psn
|upkeep
|turn|31
|
|t:|1743859765
|switch|p2a: effrey Jepstein|Noctowl, F, shiny|29/100 frz
|move|p1a: Iron Valiant|Close Combat|p2a: effrey Jepstein
|-damage|p2a: effrey Jepstein|0 fnt
|-unboost|p1a: Iron Valiant|def|1
|-unboost|p1a: Iron Valiant|spd|1
|faint|p2a: effrey Jepstein
|
|-damage|p1a: Iron Valiant|0 fnt|[from] psn
|faint|p1a: Iron Valiant
|-end|p1a: Iron Valiant|Quark Drive|[silent]
|upkeep
|
|t:|1743859771
|switch|p1a: Articuno|Articuno|88/100
|switch|p2a: bill cosby|Avalugg-Hisui, M|100/100
|-ability|p1a: Articuno|Pressure
|turn|32
|
|t:|1743859776
|switch|p2a: harvey weintein|Chansey, F|69/100
|-activate|p2a: harvey weintein|move: Sticky Web
|-unboost|p2a: harvey weintein|spe|1
|move|p1a: Articuno|Freeze-Dry|p2a: harvey weintein
|-damage|p2a: harvey weintein|58/100
|
|upkeep
|turn|33
|
|t:|1743859779
|move|p1a: Articuno|Freeze-Dry|p2a: harvey weintein
|-damage|p2a: harvey weintein|48/100
|move|p2a: harvey weintein|Thunder Wave|p1a: Articuno
|-status|p1a: Articuno|par
|
|upkeep
|turn|34
|
|t:|1743859785
|switch|p1a: Cinccino|Cinccino, F|100/100
|move|p2a: harvey weintein|Seismic Toss|p1a: Cinccino
|-damage|p1a: Cinccino|66/100
|
|upkeep
|turn|35
|
|t:|1743859792
|switch|p2a: bill clinton|Toxapex, M|90/100
|-activate|p2a: bill clinton|move: Sticky Web
|-unboost|p2a: bill clinton|spe|1
|move|p1a: Cinccino|Tail Slap|p2a: bill clinton
|-damage|p2a: bill clinton|80/100
|-damage|p2a: bill clinton|69/100
|-damage|p2a: bill clinton|58/100
|-damage|p2a: bill clinton|46/100
|-damage|p2a: bill clinton|35/100
|-hitcount|p2a: bill clinton|5
|
|upkeep
|turn|36
|
|t:|1743859797
|move|p2a: bill clinton|Baneful Bunker|p2a: bill clinton
|-singleturn|p2a: bill clinton|move: Protect
|move|p1a: Cinccino|Tail Slap|p2a: bill clinton
|-activate|p2a: bill clinton|move: Protect
|-status|p1a: Cinccino|psn
|
|-damage|p1a: Cinccino|54/100 psn|[from] psn
|upkeep
|turn|37
|
|t:|1743859808
|move|p1a: Cinccino|Tail Slap|p2a: bill clinton
|-damage|p2a: bill clinton|25/100
|-damage|p2a: bill clinton|13/100
|-damage|p2a: bill clinton|1/100
|-damage|p2a: bill clinton|0 fnt
|faint|p2a: bill clinton
|-hitcount|p2: bill clinton|4
|
|-damage|p1a: Cinccino|41/100 psn|[from] psn
|upkeep
|
|t:|1743859817
|switch|p2a: bill cosby|Avalugg-Hisui, M|100/100
|turn|38
|
|t:|1743859822
|move|p1a: Cinccino|Bullet Seed|p2a: bill cosby
|-supereffective|p2a: bill cosby
|-damage|p2a: bill cosby|92/100
|-supereffective|p2a: bill cosby
|-damage|p2a: bill cosby|83/100
|-supereffective|p2a: bill cosby
|-damage|p2a: bill cosby|74/100
|-supereffective|p2a: bill cosby
|-damage|p2a: bill cosby|64/100
|-supereffective|p2a: bill cosby
|-damage|p2a: bill cosby|56/100
|-hitcount|p2a: bill cosby|5
|move|p2a: bill cosby|Body Press|p1a: Cinccino
|-supereffective|p1a: Cinccino
|-damage|p1a: Cinccino|0 fnt
|faint|p1a: Cinccino
|
|upkeep
|
|t:|1743859824
|switch|p1a: Articuno|Articuno|88/100 par
|-ability|p1a: Articuno|Pressure
|turn|39
|-message|Frostywingz forfeited.
|
|win|cacaculococo
|raw|Frostywingz's rating: 1181 &rarr; <strong>1157</strong><br />(-24 for losing)
|raw|cacaculococo's rating: 1200 &rarr; <strong>1224</strong><br />(+24 for winning)
|l|☆Frostywingz
|player|p1|
|c|☆cacaculococo|gg
|l|☆cacaculococo
|player|p2|
