|j|☆superawsmlandot
|j|☆tyranitarticuno
|t:|1743830210
|gametype|singles
|player|p1|superawsmlandot|leaf-masters|1481
|player|p2|tyranitarticuno|blue|1572
|teamsize|p1|6
|teamsize|p2|6
|gen|9
|tier|[Gen 9] OU
|rated|
|rule|HP Percentage Mod: HP is shown in percentages
|rule|Endless Battle Clause: Forcing endless battles is banned
|rule|Species Clause: Limit one of each Pokémon
|rule|OHKO Clause: OHKO moves are banned
|rule|Evasion Items Clause: Evasion items are banned
|rule|Evasion Moves Clause: Evasion moves are banned
|rule|Sleep Moves Clause: Sleep-inducing moves are banned
|clearpoke
|poke|p1|Ting-Lu|
|poke|p1|Sinistcha|
|poke|p1|Keldeo|
|poke|p1|Tinkaton, F|
|poke|p1|Dragonite, M|
|poke|p1|Landorus-Therian, M|
|poke|p2|Hydrapple, M|
|poke|p2|Skarmory, M|
|poke|p2|Tyranitar, F|
|poke|p2|Alomomola, M|
|poke|p2|Clodsire, M|
|poke|p2|Clefable, F|
|teampreview
|inactive|Battle timer is ON: inactive players will automatically lose when time's up. (requested by superawsmlandot)
|inactive|superawsmlandot has 120 seconds left.
|inactive|tyranitarticuno has 120 seconds left.
|
|t:|1743830253
|start
|switch|p1a: Tinkaton|Tinkaton, F|100/100
|switch|p2a: Clodsire|Clodsire, M|100/100
|-item|p1a: Tinkaton|Air Balloon
|turn|1
|
|t:|1743830280
|move|p1a: Tinkaton|Stealth Rock|p2a: Clodsire
|-sidestart|p2: tyranitarticuno|move: Stealth Rock
|move|p2a: Clodsire|Rock Tomb|p1a: Tinkaton
|-resisted|p1a: Tinkaton
|-damage|p1a: Tinkaton|95/100
|-unboost|p1a: Tinkaton|spe|1
|-enditem|p1a: Tinkaton|Air Balloon
|
|upkeep
|turn|2
|
|t:|1743830290
|move|p1a: Tinkaton|Knock Off|p2a: Clodsire
|-damage|p2a: Clodsire|87/100
|-enditem|p2a: Clodsire|Heavy-Duty Boots|[from] move: Knock Off|[of] p1a: Tinkaton
|move|p2a: Clodsire|Earthquake|p1a: Tinkaton
|-supereffective|p1a: Tinkaton
|-damage|p1a: Tinkaton|39/100
|
|upkeep
|turn|3
|inactive|superawsmlandot has 120 seconds left.
|
|t:|1743830320
|switch|p1a: Landorus|Landorus-Therian, M|100/100
|-ability|p1a: Landorus|Intimidate|boost
|-unboost|p2a: Clodsire|atk|1
|move|p2a: Clodsire|Toxic|p1a: Landorus
|-status|p1a: Landorus|tox
|
|-damage|p1a: Landorus|95/100 tox|[from] psn
|upkeep
|turn|4
|inactive|superawsmlandot has 120 seconds left.
|inactive|tyranitarticuno has 120 seconds left.
|
|t:|1743830357
|switch|p1a: Sinistcha|Sinistcha|100/100
|switch|p2a: Alomomola|Alomomola, M, shiny|100/100
|
|upkeep
|turn|5
|inactive|superawsmlandot has 120 seconds left.
|
|t:|1743830368
|move|p1a: Sinistcha|Calm Mind|p1a: Sinistcha
|-boost|p1a: Sinistcha|spa|1
|-boost|p1a: Sinistcha|spd|1
|move|p2a: Alomomola|Flip Turn|p1a: Sinistcha
|-resisted|p1a: Sinistcha
|-damage|p1a: Sinistcha|95/100
|
|t:|1743830372
|switch|p2a: Clodsire|Clodsire, M|87/100|[from] Flip Turn
|-damage|p2a: Clodsire|81/100|[from] Stealth Rock
|
|upkeep
|turn|6
|inactive|superawsmlandot has 120 seconds left.
|inactive|superawsmlandot has 90 seconds left.
|
|t:|1743830418
|switch|p1a: Landorus|Landorus-Therian, M|95/100 tox
|-ability|p1a: Landorus|Intimidate|boost
|-unboost|p2a: Clodsire|atk|1
|move|p2a: Clodsire|Toxic|p1a: Landorus
|-fail|p1a: Landorus|tox
|
|-damage|p1a: Landorus|89/100 tox|[from] psn
|upkeep
|turn|7
|inactive|superawsmlandot has 90 seconds left.
|
|t:|1743830429
|switch|p2a: Alomomola|Alomomola, M, shiny|100/100
|move|p1a: Landorus|Earthquake|p2a: Alomomola
|-damage|p2a: Alomomola|60/100
|
|-damage|p1a: Landorus|77/100 tox|[from] psn
|upkeep
|turn|8
|inactive|superawsmlandot has 90 seconds left.
|
|t:|1743830446
|switch|p1a: Keldeo|Keldeo|100/100
|switch|p2a: Hydrapple|Hydrapple, M|100/100
|
|upkeep
|turn|9
|
|t:|1743830451
|move|p1a: Keldeo|Flip Turn|p2a: Hydrapple
|-resisted|p2a: Hydrapple
|-damage|p2a: Hydrapple|98/100
|
|t:|1743830455
|switch|p1a: Tinkaton|Tinkaton, F|39/100|[from] Flip Turn
|move|p2a: Hydrapple|Nasty Plot|p2a: Hydrapple
|-boost|p2a: Hydrapple|spa|2
|
|upkeep
|turn|10
|
|t:|1743830462
|switch|p2a: Clodsire|Clodsire, M|81/100
|-damage|p2a: Clodsire|75/100|[from] Stealth Rock
|move|p1a: Tinkaton|Thunder Wave|p2a: Clodsire
|-immune|p2a: Clodsire
|
|upkeep
|turn|11
|
|t:|1743830466
|move|p1a: Tinkaton|Gigaton Hammer|p2a: Clodsire
|-damage|p2a: Clodsire|41/100
|move|p2a: Clodsire|Rock Tomb|p1a: Tinkaton
|-resisted|p1a: Tinkaton
|-damage|p1a: Tinkaton|33/100
|-unboost|p1a: Tinkaton|spe|1
|
|upkeep
|turn|12
|inactive|superawsmlandot has 120 seconds left.
|
|t:|1743830484
|switch|p1a: Landorus|Landorus-Therian, M|77/100 tox
|-ability|p1a: Landorus|Intimidate|boost
|-unboost|p2a: Clodsire|atk|1
|move|p2a: Clodsire|Recover|p2a: Clodsire
|-heal|p2a: Clodsire|91/100
|
|-damage|p1a: Landorus|71/100 tox|[from] psn
|upkeep
|turn|13
|inactive|superawsmlandot has 120 seconds left.
|
|t:|1743830500
|switch|p2a: Skarmory|Skarmory, M|100/100
|-damage|p2a: Skarmory|88/100|[from] Stealth Rock
|move|p1a: Landorus|U-turn|p2a: Skarmory
|-resisted|p2a: Skarmory
|-damage|p2a: Skarmory|84/100
|-damage|p1a: Landorus|54/100 tox|[from] item: Rocky Helmet|[of] p2a: Skarmory
|
|t:|1743830505
|switch|p1a: Sinistcha|Sinistcha|95/100|[from] U-turn
|
|upkeep
|turn|14
|
|t:|1743830514
|switch|p2a: Clodsire|Clodsire, M|91/100
|-damage|p2a: Clodsire|85/100|[from] Stealth Rock
|move|p1a: Sinistcha|Calm Mind|p1a: Sinistcha
|-boost|p1a: Sinistcha|spa|1
|-boost|p1a: Sinistcha|spd|1
|
|upkeep
|turn|15
|inactive|superawsmlandot has 120 seconds left.
|
|t:|1743830525
|-terastallize|p1a: Sinistcha|Poison
|move|p1a: Sinistcha|Calm Mind|p1a: Sinistcha
|-boost|p1a: Sinistcha|spa|1
|-boost|p1a: Sinistcha|spd|1
|move|p2a: Clodsire|Toxic|p1a: Sinistcha
|-immune|p1a: Sinistcha
|
|upkeep
|turn|16
|inactive|superawsmlandot has 120 seconds left.
|
|t:|1743830539
|move|p1a: Sinistcha|Matcha Gotcha|p2a: Clodsire
|-damage|p2a: Clodsire|64/100
|-heal|p1a: Sinistcha|100/100|[from] drain|[of] p2a: Clodsire
|move|p2a: Clodsire|Earthquake|p1a: Sinistcha
|-supereffective|p1a: Sinistcha
|-damage|p1a: Sinistcha|63/100
|
|upkeep
|turn|17
|
|t:|1743830548
|move|p1a: Sinistcha|Matcha Gotcha|p2a: Clodsire
|-damage|p2a: Clodsire|44/100
|-heal|p1a: Sinistcha|77/100|[from] drain|[of] p2a: Clodsire
|move|p2a: Clodsire|Rock Tomb|p1a: Sinistcha
|-damage|p1a: Sinistcha|70/100
|-unboost|p1a: Sinistcha|spe|1
|
|upkeep
|turn|18
|
|t:|1743830555
|move|p1a: Sinistcha|Calm Mind|p1a: Sinistcha
|-boost|p1a: Sinistcha|spa|1
|-boost|p1a: Sinistcha|spd|1
|move|p2a: Clodsire|Recover|p2a: Clodsire
|-heal|p2a: Clodsire|94/100
|
|upkeep
|turn|19
|
|t:|1743830563
|move|p1a: Sinistcha|Matcha Gotcha|p2a: Clodsire
|-damage|p2a: Clodsire|73/100
|-heal|p1a: Sinistcha|85/100|[from] drain|[of] p2a: Clodsire
|move|p2a: Clodsire|Earthquake|p1a: Sinistcha
|-supereffective|p1a: Sinistcha
|-damage|p1a: Sinistcha|48/100
|
|upkeep
|turn|20
|
|t:|1743830571
|move|p1a: Sinistcha|Matcha Gotcha|p2a: Clodsire
|-damage|p2a: Clodsire|50/100
|-heal|p1a: Sinistcha|64/100|[from] drain|[of] p2a: Clodsire
|move|p2a: Clodsire|Rock Tomb|p1a: Sinistcha
|-damage|p1a: Sinistcha|57/100
|-unboost|p1a: Sinistcha|spe|1
|
|upkeep
|turn|21
|
|t:|1743830576
|move|p1a: Sinistcha|Matcha Gotcha|p2a: Clodsire
|-damage|p2a: Clodsire|26/100
|-heal|p1a: Sinistcha|73/100|[from] drain|[of] p2a: Clodsire
|move|p2a: Clodsire|Recover|p2a: Clodsire
|-heal|p2a: Clodsire|76/100
|
|upkeep
|turn|22
|-message|superawsmlandot forfeited.
|
|win|tyranitarticuno
|raw|superawsmlandot's rating: 1481 &rarr; <strong>1466</strong><br />(-15 for losing)
|raw|tyranitarticuno's rating: 1572 &rarr; <strong>1587</strong><br />(+15 for winning)
|l|☆superawsmlandot
|player|p1|
|l|☆tyranitarticuno
|player|p2|
