|j|☆falconnnn
|j|☆EvoLbt
|t:|1743864057
|gametype|singles
|player|p1|falconnnn|youngn|1286
|player|p2|EvoLbt|crasherwake|1232
|teamsize|p1|6
|teamsize|p2|6
|gen|9
|tier|[Gen 9] OU
|rated|
|rule|HP Percentage Mod: HP is shown in percentages
|rule|Endless Battle Clause: Forcing endless battles is banned
|rule|Species Clause: Limit one of each Pokémon
|rule|OHKO Clause: OHKO moves are banned
|rule|Evasion Items Clause: Evasion items are banned
|rule|Evasion Moves Clause: Evasion moves are banned
|rule|Sleep Moves Clause: Sleep-inducing moves are banned
|clearpoke
|poke|p1|Iron Crown|
|poke|p1|Iron Valiant|
|poke|p1|Great Tusk|
|poke|p1|Landorus-Therian, M|
|poke|p1|Slowking-Galar, F|
|poke|p1|Meowscarada, F|
|poke|p2|Landorus-Therian, M|
|poke|p2|Iron Moth|
|poke|p2|Samurott-Hisui, F|
|poke|p2|Braviary-Hisui, M|
|poke|p2|Enamorus, F|
|poke|p2|Raging Bolt|
|teampreview
|
|t:|1743864069
|start
|switch|p1a: Meowscarada|Meowscarada, F|100/100
|switch|p2a: Samurott|Samurott-Hisui, F|100/100
|turn|1
|
|t:|1743864088
|switch|p2a: Enamorus|Enamorus, F|100/100
|move|p1a: Meowscarada|U-turn|p2a: Enamorus
|-start|p1a: Meowscarada|typechange|Bug|[from] ability: Protean
|-resisted|p2a: Enamorus
|-damage|p2a: Enamorus|89/100
|
|t:|1743864119
|switch|p1a: Slowking|Slowking-Galar, F|100/100|[from] U-turn
|
|upkeep
|turn|2
|inactive|Battle timer is ON: inactive players will automatically lose when time's up. (requested by falconnnn)
|
|t:|1743864173
|switch|p2a: Braviary|Braviary-Hisui, M|100/100
|-prepare|p1a: Slowking|Chilly Reception|[premajor]
|move|p1a: Slowking|Chilly Reception|p1a: Slowking
|-weather|Snowscape
|inactive|falconnnn has 120 seconds left.
|inactive|falconnnn has 90 seconds left.
|
|t:|1743864235
|switch|p1a: Meowscarada|Meowscarada, F|100/100|[from] Chilly Reception
|
|-weather|Snowscape|[upkeep]
|upkeep
|turn|3
|l|☆EvoLbt
|inactive|EvoLbt disconnected and has a minute to reconnect!
|player|p2|
|j|☆EvoLbt
|inactive|EvoLbt reconnected and has 100 seconds left.
|player|p2|EvoLbt|crasherwake|
|
|t:|1743864292
|move|p1a: Meowscarada|U-turn|p2a: Braviary
|-start|p1a: Meowscarada|typechange|Bug|[from] ability: Protean
|-damage|p2a: Braviary|64/100
|inactive|falconnnn has 90 seconds left.
|
|t:|1743864320
|switch|p1a: Slowking|Slowking-Galar, F|100/100|[from] U-turn
|move|p2a: Braviary|U-turn|p1a: Slowking
|-damage|p1a: Slowking|88/100
|
|t:|1743864333
|switch|p2a: Samurott|Samurott-Hisui, F|100/100|[from] U-turn
|
|-weather|Snowscape|[upkeep]
|upkeep
|turn|4
|inactive|falconnnn has 90 seconds left.
|inactive|falconnnn has 60 seconds left.
|
|t:|1743864386
|switch|p1a: Landorus|Landorus-Therian, M|100/100
|-ability|p1a: Landorus|Intimidate|boost
|-unboost|p2a: Samurott|atk|1
|move|p2a: Samurott|Ceaseless Edge|p1a: Landorus
|-damage|p1a: Landorus|69/100
|-damage|p2a: Samurott|84/100|[from] item: Rocky Helmet|[of] p1a: Landorus
|-sidestart|p1: falconnnn|Spikes
|-damage|p2a: Samurott|74/100|[from] item: Life Orb
|
|-weather|Snowscape|[upkeep]
|upkeep
|turn|5
|
|t:|1743864400
|switch|p2a: Enamorus|Enamorus, F|89/100
|move|p1a: Landorus|U-turn|p2a: Enamorus
|-resisted|p2a: Enamorus
|-damage|p2a: Enamorus|81/100
|
|t:|1743864405
|switch|p1a: Slowking|Slowking-Galar, F|100/100|[from] U-turn
|
|-weather|Snowscape|[upkeep]
|upkeep
|turn|6
|
|t:|1743864417
|switch|p2a: Samurott|Samurott-Hisui, F|74/100
|-prepare|p1a: Slowking|Chilly Reception|[premajor]
|move|p1a: Slowking|Chilly Reception|p1a: Slowking
|inactive|falconnnn has 30 seconds left.
|
|t:|1743864449
|switch|p1a: Meowscarada|Meowscarada, F|100/100|[from] Chilly Reception
|-damage|p1a: Meowscarada|88/100|[from] Spikes
|
|-weather|none
|upkeep
|turn|7
|inactive|falconnnn has 30 seconds left.
|inactive|EvoLbt has 120 seconds left.
|
|t:|1743864463
|switch|p2a: Iron Moth|Iron Moth|100/100
|-enditem|p2a: Iron Moth|Booster Energy
|-activate|p2a: Iron Moth|ability: Quark Drive|[fromitem]
|-start|p2a: Iron Moth|quarkdrivespe
|move|p1a: Meowscarada|U-turn|p2a: Iron Moth
|-start|p1a: Meowscarada|typechange|Bug|[from] ability: Protean
|-resisted|p2a: Iron Moth
|-damage|p2a: Iron Moth|87/100
|inactive|falconnnn has 30 seconds left.
|inactive|falconnnn has 20 seconds left.
|inactive|falconnnn has 15 seconds left.
|inactive|falconnnn has 10 seconds left.
|inactive|falconnnn has 5 seconds left.
|-message|falconnnn lost due to inactivity.
|
|win|EvoLbt
|raw|falconnnn's rating: 1286 &rarr; <strong>1257</strong><br />(-29 for losing)
|raw|EvoLbt's rating: 1232 &rarr; <strong>1261</strong><br />(+29 for winning)
|l|☆falconnnn
|player|p1|
|l|☆EvoLbt
|player|p2|
