|j|☆johnnyranking
|j|☆l_am_not_a_bot
|t:|1743870846
|gametype|singles
|player|p1|johnnyranking|265|1188
|player|p2|l_am_not_a_bot|idol|1149
|teamsize|p1|6
|teamsize|p2|6
|gen|9
|tier|[Gen 9] OU
|rated|
|rule|HP Percentage Mod: HP is shown in percentages
|rule|Endless Battle Clause: Forcing endless battles is banned
|rule|Species Clause: Limit one of each Pokémon
|rule|OHKO Clause: OHKO moves are banned
|rule|Evasion Items Clause: Evasion items are banned
|rule|Evasion Moves Clause: Evasion moves are banned
|rule|Sleep Moves Clause: Sleep-inducing moves are banned
|clearpoke
|poke|p1|Blissey, F|
|poke|p1|Electrode-Hisui|
|poke|p1|Gliscor, F|
|poke|p1|Kyurem|
|poke|p1|Revavroom, M|
|poke|p1|Zamazenta-*|
|poke|p2|Walking Wake|
|poke|p2|Arboliva, F|
|poke|p2|Dragapult, M|
|poke|p2|Lilligant-Hisui, F|
|poke|p2|Kingambit, M|
|poke|p2|Porygon-Z|
|teampreview
|
|t:|1743870866
|start
|switch|p1a: Century Egg|Electrode-Hisui, shiny|100/100
|switch|p2a: Time and end|Arboliva, F|100/100
|turn|1
|
|t:|1743870876
|move|p1a: Century Egg|Volt Switch|p2a: Time and end
|-resisted|p2a: Time and end
|-damage|p2a: Time and end|84/100
|
|t:|1743870890
|switch|p1a: Frozen Chicken|Kyurem, shiny|100/100|[from] Volt Switch
|-ability|p1a: Frozen Chicken|Pressure
|move|p2a: Time and end|Sunny Day|p2a: Time and end
|-weather|SunnyDay
|
|-weather|SunnyDay|[upkeep]
|upkeep
|turn|2
|
|t:|1743870900
|move|p1a: Frozen Chicken|Freeze-Dry|p2a: Time and end
|-supereffective|p2a: Time and end
|-crit|p2a: Time and end
|-damage|p2a: Time and end|0 fnt
|faint|p2a: Time and end
|
|-weather|SunnyDay|[upkeep]
|upkeep
|
|t:|1743870905
|switch|p2a: Stay Hydrated|Walking Wake|100/100
|-activate|p2a: Stay Hydrated|ability: Protosynthesis
|-start|p2a: Stay Hydrated|protosynthesisspa
|turn|3
|
|t:|1743870915
|-terastallize|p2a: Stay Hydrated|Water
|move|p2a: Stay Hydrated|Hydro Steam|p1a: Frozen Chicken
|-resisted|p1a: Frozen Chicken
|-damage|p1a: Frozen Chicken|24/100
|move|p1a: Frozen Chicken|Freeze-Dry|p2a: Stay Hydrated
|-supereffective|p2a: Stay Hydrated
|-damage|p2a: Stay Hydrated|0 fnt
|faint|p2a: Stay Hydrated
|-end|p2a: Stay Hydrated|Protosynthesis|[silent]
|
|-weather|SunnyDay|[upkeep]
|upkeep
|
|t:|1743870935
|switch|p2a: Ƶ-ꞤꝊ⅁⅄ᴚꝊԀ|Porygon-Z, shiny|100/100
|turn|4
|
|t:|1743870943
|switch|p1a: Bubblegum|Blissey, F, shiny|100/100
|move|p2a: Ƶ-ꞤꝊ⅁⅄ᴚꝊԀ|Tri Attack|p1a: Bubblegum
|-damage|p1a: Bubblegum|77/100
|
|-weather|SunnyDay|[upkeep]
|upkeep
|turn|5
|
|t:|1743870959
|move|p2a: Ƶ-ꞤꝊ⅁⅄ᴚꝊԀ|Tri Attack|p1a: Bubblegum
|-damage|p1a: Bubblegum|53/100
|move|p1a: Bubblegum|Thunder Wave|p2a: Ƶ-ꞤꝊ⅁⅄ᴚꝊԀ
|-status|p2a: Ƶ-ꞤꝊ⅁⅄ᴚꝊԀ|par
|
|-weather|none
|upkeep
|turn|6
|
|t:|1743870969
|move|p2a: Ƶ-ꞤꝊ⅁⅄ᴚꝊԀ|Tri Attack|p1a: Bubblegum
|-crit|p1a: Bubblegum
|-damage|p1a: Bubblegum|14/100
|move|p1a: Bubblegum|Seismic Toss|p2a: Ƶ-ꞤꝊ⅁⅄ᴚꝊԀ
|-damage|p2a: Ƶ-ꞤꝊ⅁⅄ᴚꝊԀ|68/100 par
|
|upkeep
|turn|7
|
|t:|1743870978
|-terastallize|p1a: Bubblegum|Ghost
|move|p2a: Ƶ-ꞤꝊ⅁⅄ᴚꝊԀ|Tri Attack|p1a: Bubblegum
|-immune|p1a: Bubblegum
|move|p1a: Bubblegum|Soft-Boiled|p1a: Bubblegum
|-heal|p1a: Bubblegum|64/100
|
|upkeep
|turn|8
|
|t:|1743870990
|switch|p2a: Lizard|Dragapult, M|100/100
|move|p1a: Bubblegum|Seismic Toss|p2a: Lizard
|-immune|p2a: Lizard
|
|upkeep
|turn|9
|l|☆l_am_not_a_bot
|player|p2|
|inactive|Battle timer is ON: inactive players will automatically lose when time's up. (requested by johnnyranking)
|j|☆l_am_not_a_bot
|inactive|l_am_not_a_bot reconnected and has 130 seconds left.
|player|p2|l_am_not_a_bot|idol|
|
|t:|1743871061
|switch|p1a: Blue Steamed Crab|Gliscor, F, shiny|100/100
|move|p2a: Lizard|Shadow Ball|p1a: Blue Steamed Crab
|-damage|p1a: Blue Steamed Crab|41/100
|
|-status|p1a: Blue Steamed Crab|tox|[from] item: Toxic Orb
|upkeep
|turn|10
|
|t:|1743871072
|move|p1a: Blue Steamed Crab|Protect|p1a: Blue Steamed Crab
|-singleturn|p1a: Blue Steamed Crab|Protect
|move|p2a: Lizard|Shadow Ball|p1a: Blue Steamed Crab
|-activate|p1a: Blue Steamed Crab|move: Protect
|
|-heal|p1a: Blue Steamed Crab|53/100 tox|[from] ability: Poison Heal
|upkeep
|turn|11
|
|t:|1743871083
|move|p1a: Blue Steamed Crab|Protect||[still]
|-fail|p1a: Blue Steamed Crab
|move|p2a: Lizard|Shadow Ball|p1a: Blue Steamed Crab
|-damage|p1a: Blue Steamed Crab|0 fnt
|faint|p1a: Blue Steamed Crab
|
|upkeep
|
|t:|1743871095
|switch|p1a: Century Egg|Electrode-Hisui, shiny|100/100
|turn|12
|
|t:|1743871102
|move|p1a: Century Egg|Volt Switch|p2a: Lizard
|-resisted|p2a: Lizard
|-damage|p2a: Lizard|75/100
|
|t:|1743871111
|switch|p1a: Pica Dream|Revavroom, M, shiny|100/100|[from] Volt Switch
|-item|p1a: Pica Dream|Air Balloon
|move|p2a: Lizard|Shadow Ball|p1a: Pica Dream
|-damage|p1a: Pica Dream|39/100
|-enditem|p1a: Pica Dream|Air Balloon
|
|upkeep
|turn|13
|
|t:|1743871125
|move|p2a: Lizard|Shadow Ball|p1a: Pica Dream
|-damage|p1a: Pica Dream|0 fnt
|faint|p1a: Pica Dream
|
|upkeep
|
|t:|1743871141
|switch|p1a: Century Egg|Electrode-Hisui, shiny|100/100
|turn|14
|
|t:|1743871146
|move|p1a: Century Egg|Leaf Storm|p2a: Lizard
|-resisted|p2a: Lizard
|-damage|p2a: Lizard|22/100
|-unboost|p1a: Century Egg|spa|2
|move|p2a: Lizard|Shadow Ball|p1a: Century Egg
|-damage|p1a: Century Egg|24/100
|
|upkeep
|turn|15
|
|t:|1743871155
|switch|p2a: OwO|Lilligant-Hisui, F, shiny|100/100
|move|p1a: Century Egg|Leaf Storm|p2a: OwO
|-resisted|p2a: OwO
|-damage|p2a: OwO|74/100
|-unboost|p1a: Century Egg|spa|2
|
|upkeep
|turn|16
|
|t:|1743871167
|switch|p1a: Bosintang|Zamazenta, shiny|100/100
|-ability|p1a: Bosintang|Dauntless Shield|boost
|-boost|p1a: Bosintang|def|1
|move|p2a: OwO|Triple Axel|p1a: Bosintang
|-damage|p1a: Bosintang|95/100
|-damage|p1a: Bosintang|85/100
|-crit|p1a: Bosintang
|-damage|p1a: Bosintang|44/100
|-hitcount|p1a: Bosintang|3
|-damage|p2a: OwO|64/100|[from] item: Life Orb
|
|-heal|p1a: Bosintang|50/100|[from] item: Leftovers
|upkeep
|turn|17
|l|☆l_am_not_a_bot
|inactive|l_am_not_a_bot disconnected and has a minute to reconnect!
|player|p2|
|j|☆l_am_not_a_bot
|inactive|l_am_not_a_bot reconnected and has 110 seconds left.
|player|p2|l_am_not_a_bot|idol|
|
|t:|1743871210
|move|p1a: Bosintang|Body Press|p2a: OwO
|-damage|p2a: OwO|0 fnt
|faint|p2a: OwO
|
|-heal|p1a: Bosintang|56/100|[from] item: Leftovers
|upkeep
|
|t:|1743871217
|switch|p2a: Lizard|Dragapult, M|22/100
|turn|18
|
|t:|1743871224
|move|p2a: Lizard|Shadow Ball|p1a: Bosintang
|-damage|p1a: Bosintang|12/100
|move|p1a: Bosintang|Crunch|p2a: Lizard
|-supereffective|p2a: Lizard
|-damage|p2a: Lizard|0 fnt
|faint|p2a: Lizard
|
|-heal|p1a: Bosintang|19/100|[from] item: Leftovers
|upkeep
|inactive|l_am_not_a_bot has 120 seconds left.
|
|t:|1743871230
|switch|p2a: Ƶ-ꞤꝊ⅁⅄ᴚꝊԀ|Porygon-Z, shiny|68/100 par
|turn|19
|
|t:|1743871239
|move|p1a: Bosintang|Body Press|p2a: Ƶ-ꞤꝊ⅁⅄ᴚꝊԀ
|-supereffective|p2a: Ƶ-ꞤꝊ⅁⅄ᴚꝊԀ
|-damage|p2a: Ƶ-ꞤꝊ⅁⅄ᴚꝊԀ|0 fnt
|faint|p2a: Ƶ-ꞤꝊ⅁⅄ᴚꝊԀ
|
|-heal|p1a: Bosintang|25/100|[from] item: Leftovers
|upkeep
|
|t:|1743871244
|switch|p2a: U KilledMyFriends|Kingambit, M|100/100
|-activate|p2a: U KilledMyFriends|ability: Supreme Overlord
|-start|p2a: U KilledMyFriends|fallen5|[silent]
|turn|20
|
|t:|1743871250
|move|p2a: U KilledMyFriends|Sucker Punch||[still]
|-fail|p2a: U KilledMyFriends
|move|p1a: Bosintang|Iron Defense|p1a: Bosintang
|-boost|p1a: Bosintang|def|2
|
|-heal|p1a: Bosintang|31/100|[from] item: Leftovers
|upkeep
|turn|21
|
|t:|1743871261
|move|p1a: Bosintang|Body Press|p2a: U KilledMyFriends
|-supereffective|p2a: U KilledMyFriends
|-enditem|p2a: U KilledMyFriends|Focus Sash
|-damage|p2a: U KilledMyFriends|1/100
|move|p2a: U KilledMyFriends|Poison Jab|p1a: Bosintang
|-damage|p1a: Bosintang|18/100
|-status|p1a: Bosintang|psn
|
|-heal|p1a: Bosintang|25/100 psn|[from] item: Leftovers
|-damage|p1a: Bosintang|12/100 psn|[from] psn
|upkeep
|turn|22
|
|t:|1743871274
|move|p1a: Bosintang|Iron Defense|p1a: Bosintang
|-boost|p1a: Bosintang|def|2
|move|p2a: U KilledMyFriends|Reversal|p1a: Bosintang
|-damage|p1a: Bosintang|0 fnt
|faint|p1a: Bosintang
|
|upkeep
|
|t:|1743871282
|switch|p1a: Century Egg|Electrode-Hisui, shiny|24/100
|turn|23
|
|t:|1743871288
|switch|p1a: Bubblegum|Blissey, F, shiny, tera:Ghost|64/100
|move|p2a: U KilledMyFriends|Sucker Punch||[still]
|-fail|p2a: U KilledMyFriends
|
|upkeep
|turn|24
|
|t:|1743871295
|move|p2a: U KilledMyFriends|Sucker Punch||[still]
|-fail|p2a: U KilledMyFriends
|move|p1a: Bubblegum|Thunder Wave|p2a: U KilledMyFriends
|-status|p2a: U KilledMyFriends|par
|
|upkeep
|turn|25
|
|t:|1743871305
|cant|p2a: U KilledMyFriends|par
|move|p1a: Bubblegum|Shadow Ball|p2a: U KilledMyFriends
|-resisted|p2a: U KilledMyFriends
|-damage|p2a: U KilledMyFriends|0 fnt
|faint|p2a: U KilledMyFriends
|-end|p2a: U KilledMyFriends|fallen5|[silent]
|
|win|johnnyranking
|raw|johnnyranking's rating: 1188 &rarr; <strong>1210</strong><br />(+22 for winning)
|raw|l_am_not_a_bot's rating: 1149 &rarr; <strong>1127</strong><br />(-22 for losing)
|c|☆johnnyranking|gg
|c|☆l_am_not_a_bot|gg
|l|☆l_am_not_a_bot
|player|p2|
|l|☆johnnyranking
|player|p1|
