|j|☆Scizzor97
|j|‽JackRG1
|t:|1743811118
|gametype|singles
|player|p1|Scizzor97|1|1419
|player|p2|JackRG1|iris|1446
|teamsize|p1|6
|teamsize|p2|6
|gen|9
|tier|[Gen 9] OU
|rated|
|rule|HP Percentage Mod: HP is shown in percentages
|rule|Endless Battle Clause: Forcing endless battles is banned
|rule|Species Clause: Limit one of each Pokémon
|rule|OHKO Clause: OHKO moves are banned
|rule|Evasion Items Clause: Evasion items are banned
|rule|Evasion Moves Clause: Evasion moves are banned
|rule|Sleep Moves Clause: Sleep-inducing moves are banned
|clearpoke
|poke|p1|Iron Hands|
|poke|p1|Tatsugiri-Stretchy, M|
|poke|p1|Corviknight, M|
|poke|p1|Coalossal, F|
|poke|p1|Hydreigon, F|
|poke|p1|Toxicroak, F|
|poke|p2|Weavile, F|
|poke|p2|Garganacl, F|
|poke|p2|Clodsire, F|
|poke|p2|Moltres|
|poke|p2|Sinistcha|
|poke|p2|Skarmory, F|
|teampreview
|inactive|Battle timer is ON: inactive players will automatically lose when time's up. (requested by JackRG1)
|
|t:|1743811133
|start
|switch|p1a: Corviknight|Corviknight, M, shiny|100/100
|switch|p2a: Clodsire|Clodsire, F|100/100
|-ability|p1a: Corviknight|Pressure
|turn|1
|
|t:|1743811136
|move|p1a: Corviknight|Brave Bird|p2a: Clodsire
|-damage|p2a: Clodsire|58/100
|-damage|p1a: Corviknight|84/100|[from] Recoil
|move|p2a: Clodsire|Stealth Rock|p1a: Corviknight
|-sidestart|p1: Scizzor97|move: Stealth Rock
|
|upkeep
|turn|2
|
|t:|1743811141
|switch|p2a: Moltres|Moltres|100/100
|-ability|p2a: Moltres|Pressure
|move|p1a: Corviknight|Defog|p2a: Moltres
|-unboost|p2a: Moltres|evasion|1
|-sideend|p1: Scizzor97|Stealth Rock|[from] move: Defog|[of] p1a: Corviknight
|
|upkeep
|turn|3
|
|t:|1743811144
|switch|p2a: Clodsire|Clodsire, F|58/100
|switch|p1a: Coalossal|Coalossal, F, shiny|100/100
|
|upkeep
|turn|4
|
|t:|1743811151
|switch|p1a: Corviknight|Corviknight, M, shiny|84/100
|-ability|p1a: Corviknight|Pressure
|move|p2a: Clodsire|Recover|p2a: Clodsire
|-heal|p2a: Clodsire|100/100
|
|upkeep
|turn|5
|
|t:|1743811159
|switch|p2a: Skarmory|Skarmory, F|100/100
|move|p1a: Corviknight|Brave Bird|p2a: Skarmory
|-resisted|p2a: Skarmory
|-damage|p2a: Skarmory|89/100
|-damage|p1a: Corviknight|67/100|[from] item: Rocky Helmet|[of] p2a: Skarmory
|-damage|p1a: Corviknight|64/100|[from] Recoil
|
|upkeep
|turn|6
|
|t:|1743811166
|switch|p1a: Iron Hands|Iron Hands, shiny|100/100
|move|p2a: Skarmory|Spikes|p1a: Iron Hands
|-sidestart|p1: Scizzor97|Spikes
|
|upkeep
|turn|7
|
|t:|1743811173
|switch|p2a: Sinistcha|Sinistcha|100/100
|move|p1a: Iron Hands|Swords Dance|p1a: Iron Hands
|-boost|p1a: Iron Hands|atk|2
|
|upkeep
|turn|8
|
|t:|1743811178
|move|p2a: Sinistcha|Matcha Gotcha|p1a: Iron Hands
|-damage|p1a: Iron Hands|76/100
|move|p1a: Iron Hands|Ice Punch|p2a: Sinistcha
|-supereffective|p2a: Sinistcha
|-damage|p2a: Sinistcha|2/100
|-damage|p1a: Iron Hands|66/100|[from] item: Life Orb
|
|upkeep
|turn|9
|
|t:|1743811186
|-end|p1a: Iron Hands|Quark Drive|[silent]
|switch|p1a: Corviknight|Corviknight, M, shiny|64/100
|-ability|p1a: Corviknight|Pressure
|move|p2a: Sinistcha|Strength Sap|p1a: Corviknight
|-unboost|p1a: Corviknight|atk|1
|-heal|p2a: Sinistcha|63/100
|
|upkeep
|turn|10
|
|t:|1743811190
|switch|p2a: Moltres|Moltres|100/100
|-ability|p2a: Moltres|Pressure
|move|p1a: Corviknight|Brave Bird|p2a: Moltres
|-damage|p2a: Moltres|75/100
|-damage|p1a: Corviknight|56/100|[from] Recoil
|
|upkeep
|turn|11
|
|t:|1743811194
|switch|p1a: Coalossal|Coalossal, F, shiny|100/100
|-damage|p1a: Coalossal|88/100|[from] Spikes
|move|p2a: Moltres|Will-O-Wisp|p1a: Coalossal
|-immune|p1a: Coalossal
|
|upkeep
|turn|12
|
|t:|1743811203
|switch|p2a: Clodsire|Clodsire, F|100/100
|move|p1a: Coalossal|Will-O-Wisp|p2a: Clodsire
|-status|p2a: Clodsire|brn
|
|-damage|p2a: Clodsire|94/100 brn|[from] brn
|upkeep
|turn|13
|
|t:|1743811208
|switch|p1a: Corviknight|Corviknight, M, shiny|56/100
|-ability|p1a: Corviknight|Pressure
|move|p2a: Clodsire|Stealth Rock|p1a: Corviknight
|-sidestart|p1: Scizzor97|move: Stealth Rock
|
|-damage|p2a: Clodsire|88/100 brn|[from] brn
|upkeep
|turn|14
|
|t:|1743811210
|switch|p2a: Moltres|Moltres|75/100
|-ability|p2a: Moltres|Pressure
|move|p1a: Corviknight|Roost|p1a: Corviknight
|-heal|p1a: Corviknight|100/100
|-singleturn|p1a: Corviknight|move: Roost
|
|upkeep
|turn|15
|
|t:|1743811214
|move|p2a: Moltres|Will-O-Wisp|p1a: Corviknight
|-status|p1a: Corviknight|brn
|move|p1a: Corviknight|Defog|p2a: Moltres
|-unboost|p2a: Moltres|evasion|1
|-sideend|p1: Scizzor97|Spikes|[from] move: Defog|[of] p1a: Corviknight
|-sideend|p1: Scizzor97|Stealth Rock|[from] move: Defog|[of] p1a: Corviknight
|
|-damage|p1a: Corviknight|94/100 brn|[from] brn
|upkeep
|turn|16
|
|t:|1743811225
|switch|p2a: Clodsire|Clodsire, F|88/100 brn
|switch|p1a: Tatsugiri|Tatsugiri-Stretchy, M, shiny|100/100
|
|-damage|p2a: Clodsire|82/100 brn|[from] brn
|upkeep
|turn|17
|
|t:|1743811234
|-terastallize|p2a: Clodsire|Dark
|move|p1a: Tatsugiri|Surf|p2a: Clodsire
|-damage|p2a: Clodsire|57/100 brn
|move|p2a: Clodsire|Toxic|p1a: Tatsugiri
|-status|p1a: Tatsugiri|tox
|
|-damage|p1a: Tatsugiri|94/100 tox|[from] psn
|-damage|p2a: Clodsire|51/100 brn|[from] brn
|upkeep
|turn|18
|
|t:|1743811241
|move|p1a: Tatsugiri|Whirlpool|p2a: Clodsire
|-damage|p2a: Clodsire|42/100 brn
|-activate|p2a: Clodsire|move: Whirlpool|[of] p1a: Tatsugiri
|move|p2a: Clodsire|Recover|p2a: Clodsire
|-heal|p2a: Clodsire|92/100 brn
|
|-damage|p1a: Tatsugiri|82/100 tox|[from] psn
|-damage|p2a: Clodsire|86/100 brn|[from] brn
|-damage|p2a: Clodsire|69/100 brn|[from] move: Whirlpool|[partiallytrapped]
|upkeep
|turn|19
|
|t:|1743811245
|move|p1a: Tatsugiri|Draco Meteor|p2a: Clodsire|[miss]
|-miss|p1a: Tatsugiri|p2a: Clodsire
|move|p2a: Clodsire|Stealth Rock|p1a: Tatsugiri
|-sidestart|p1: Scizzor97|move: Stealth Rock
|
|-damage|p1a: Tatsugiri|64/100 tox|[from] psn
|-damage|p2a: Clodsire|63/100 brn|[from] brn
|-damage|p2a: Clodsire|47/100 brn|[from] move: Whirlpool|[partiallytrapped]
|upkeep
|turn|20
|
|t:|1743811248
|move|p1a: Tatsugiri|Draco Meteor|p2a: Clodsire
|-damage|p2a: Clodsire|15/100 brn
|-unboost|p1a: Tatsugiri|spa|2
|move|p2a: Clodsire|Recover|p2a: Clodsire
|-heal|p2a: Clodsire|65/100 brn
|
|-damage|p1a: Tatsugiri|39/100 tox|[from] psn
|-damage|p2a: Clodsire|59/100 brn|[from] brn
|-damage|p2a: Clodsire|42/100 brn|[from] move: Whirlpool|[partiallytrapped]
|upkeep
|turn|21
|
|t:|1743811251
|move|p1a: Tatsugiri|Draco Meteor|p2a: Clodsire
|-damage|p2a: Clodsire|7/100 brn
|-unboost|p1a: Tatsugiri|spa|2
|move|p2a: Clodsire|Recover|p2a: Clodsire
|-heal|p2a: Clodsire|58/100 brn
|
|-damage|p1a: Tatsugiri|8/100 tox|[from] psn
|-damage|p2a: Clodsire|51/100 brn|[from] brn
|-damage|p2a: Clodsire|35/100 brn|[from] move: Whirlpool|[partiallytrapped]
|upkeep
|turn|22
|
|t:|1743811257
|move|p1a: Tatsugiri|Rapid Spin|p2a: Clodsire
|-damage|p2a: Clodsire|27/100 brn
|-boost|p1a: Tatsugiri|spe|1
|-sideend|p1: Scizzor97|Stealth Rock|[from] move: Rapid Spin|[of] p1a: Tatsugiri
|move|p2a: Clodsire|Recover|p2a: Clodsire
|-heal|p2a: Clodsire|78/100 brn
|
|-damage|p1a: Tatsugiri|0 fnt|[from] psn
|faint|p1a: Tatsugiri
|-damage|p2a: Clodsire|72/100 brn|[from] brn
|-end|p2a: Clodsire|Whirlpool|[partiallytrapped]
|upkeep
|
|t:|1743811262
|switch|p1a: Iron Hands|Iron Hands, shiny|66/100
|turn|23
|
|t:|1743811265
|switch|p2a: Sinistcha|Sinistcha|63/100
|move|p1a: Iron Hands|Drain Punch|p2a: Sinistcha
|-immune|p2a: Sinistcha
|
|upkeep
|turn|24
|
|t:|1743811269
|-end|p1a: Iron Hands|Quark Drive|[silent]
|switch|p1a: Corviknight|Corviknight, M, shiny|94/100 brn
|-ability|p1a: Corviknight|Pressure
|move|p2a: Sinistcha|Matcha Gotcha|p1a: Corviknight
|-resisted|p1a: Corviknight
|-damage|p1a: Corviknight|86/100 brn
|-heal|p2a: Sinistcha|68/100|[from] drain|[of] p1a: Corviknight
|
|-damage|p1a: Corviknight|80/100 brn|[from] brn
|upkeep
|turn|25
|
|t:|1743811273
|switch|p2a: Clodsire|Clodsire, F, tera:Dark|72/100 brn
|move|p1a: Corviknight|Brave Bird|p2a: Clodsire
|-damage|p2a: Clodsire|52/100 brn
|-damage|p1a: Corviknight|72/100 brn|[from] Recoil
|
|-damage|p1a: Corviknight|66/100 brn|[from] brn
|-damage|p2a: Clodsire|46/100 brn|[from] brn
|upkeep
|turn|26
|
|t:|1743811279
|move|p1a: Corviknight|Body Press|p2a: Clodsire
|-supereffective|p2a: Clodsire
|-damage|p2a: Clodsire|15/100 brn
|move|p2a: Clodsire|Recover|p2a: Clodsire
|-heal|p2a: Clodsire|65/100 brn
|
|-damage|p1a: Corviknight|60/100 brn|[from] brn
|-damage|p2a: Clodsire|59/100 brn|[from] brn
|upkeep
|turn|27
|
|t:|1743811283
|move|p1a: Corviknight|Body Press|p2a: Clodsire
|-supereffective|p2a: Clodsire
|-damage|p2a: Clodsire|27/100 brn
|move|p2a: Clodsire|Recover|p2a: Clodsire
|-heal|p2a: Clodsire|77/100 brn
|
|-damage|p1a: Corviknight|54/100 brn|[from] brn
|-damage|p2a: Clodsire|71/100 brn|[from] brn
|upkeep
|turn|28
|
|t:|1743811301
|switch|p2a: Skarmory|Skarmory, F|89/100
|move|p1a: Corviknight|Body Press|p2a: Skarmory
|-damage|p2a: Skarmory|80/100
|-damage|p1a: Corviknight|38/100 brn|[from] item: Rocky Helmet|[of] p2a: Skarmory
|
|-damage|p1a: Corviknight|32/100 brn|[from] brn
|upkeep
|turn|29
|
|t:|1743811311
|move|p2a: Skarmory|Spikes|p1a: Corviknight
|-sidestart|p1: Scizzor97|Spikes
|move|p1a: Corviknight|Roost|p1a: Corviknight
|-heal|p1a: Corviknight|82/100 brn
|-singleturn|p1a: Corviknight|move: Roost
|
|-damage|p1a: Corviknight|76/100 brn|[from] brn
|upkeep
|turn|30
|
|t:|1743811317
|move|p2a: Skarmory|Body Press|p1a: Corviknight
|-damage|p1a: Corviknight|57/100 brn
|-damage|p2a: Skarmory|64/100|[from] item: Rocky Helmet|[of] p1a: Corviknight
|move|p1a: Corviknight|Defog|p2a: Skarmory
|-unboost|p2a: Skarmory|evasion|1
|-sideend|p1: Scizzor97|Spikes|[from] move: Defog|[of] p1a: Corviknight
|
|-damage|p1a: Corviknight|51/100 brn|[from] brn
|upkeep
|turn|31
|
|t:|1743811335
|switch|p1a: Hydreigon|Hydreigon, F|100/100
|move|p2a: Skarmory|Spikes|p1a: Hydreigon
|-sidestart|p1: Scizzor97|Spikes
|
|upkeep
|turn|32
|
|t:|1743811344
|switch|p2a: Moltres|Moltres|75/100
|-ability|p2a: Moltres|Pressure
|move|p1a: Hydreigon|Nasty Plot|p1a: Hydreigon
|-boost|p1a: Hydreigon|spa|2
|
|upkeep
|turn|33
|
|t:|1743811356
|move|p1a: Hydreigon|Tailwind|p1a: Hydreigon
|-sidestart|p1: Scizzor97|move: Tailwind
|move|p2a: Moltres|Will-O-Wisp|p1a: Hydreigon
|-status|p1a: Hydreigon|brn
|
|-damage|p1a: Hydreigon|94/100 brn|[from] brn
|upkeep
|turn|34
|
|t:|1743811363
|move|p1a: Hydreigon|Nasty Plot|p1a: Hydreigon
|-boost|p1a: Hydreigon|spa|2
|move|p2a: Moltres|Roar|p1a: Hydreigon
|drag|p1a: Iron Hands|Iron Hands, shiny|66/100
|-damage|p1a: Iron Hands|54/100|[from] Spikes
|
|upkeep
|turn|35
|
|t:|1743811370
|move|p1a: Iron Hands|Thunder Punch|p2a: Moltres
|-supereffective|p2a: Moltres
|-damage|p2a: Moltres|0 fnt
|faint|p2a: Moltres
|-damage|p1a: Iron Hands|44/100|[from] item: Life Orb
|
|upkeep
|
|t:|1743811373
|switch|p2a: Sinistcha|Sinistcha|68/100
|turn|36
|
|t:|1743811375
|move|p1a: Iron Hands|Ice Punch|p2a: Sinistcha
|-supereffective|p2a: Sinistcha
|-damage|p2a: Sinistcha|17/100
|-damage|p1a: Iron Hands|34/100|[from] item: Life Orb
|move|p2a: Sinistcha|Strength Sap|p1a: Iron Hands
|-unboost|p1a: Iron Hands|atk|1
|-heal|p2a: Sinistcha|100/100
|
|-sideend|p1: Scizzor97|move: Tailwind
|upkeep
|turn|37
|
|t:|1743811382
|-end|p1a: Iron Hands|Quark Drive|[silent]
|switch|p1a: Corviknight|Corviknight, M, shiny|51/100 brn
|-ability|p1a: Corviknight|Pressure
|move|p2a: Sinistcha|Matcha Gotcha|p1a: Corviknight
|-resisted|p1a: Corviknight
|-damage|p1a: Corviknight|44/100 brn
|
|-damage|p1a: Corviknight|38/100 brn|[from] brn
|upkeep
|turn|38
|
|t:|1743811387
|move|p2a: Sinistcha|Calm Mind|p2a: Sinistcha
|-boost|p2a: Sinistcha|spa|1
|-boost|p2a: Sinistcha|spd|1
|move|p1a: Corviknight|Roost|p1a: Corviknight
|-heal|p1a: Corviknight|88/100 brn
|-singleturn|p1a: Corviknight|move: Roost
|
|-damage|p1a: Corviknight|82/100 brn|[from] brn
|upkeep
|turn|39
|
|t:|1743811389
|move|p2a: Sinistcha|Shadow Ball|p1a: Corviknight
|-crit|p1a: Corviknight
|-damage|p1a: Corviknight|12/100 brn
|move|p1a: Corviknight|Brave Bird|p2a: Sinistcha
|-supereffective|p2a: Sinistcha
|-damage|p2a: Sinistcha|72/100
|-damage|p1a: Corviknight|4/100 brn|[from] Recoil
|
|-damage|p1a: Corviknight|0 fnt|[from] brn
|faint|p1a: Corviknight
|upkeep
|
|t:|1743811394
|switch|p1a: Hydreigon|Hydreigon, F|94/100 brn
|turn|40
|
|t:|1743811400
|switch|p2a: Weavile|Weavile, F|100/100
|-ability|p2a: Weavile|Pressure
|move|p1a: Hydreigon|Nasty Plot|p1a: Hydreigon
|-boost|p1a: Hydreigon|spa|2
|
|-damage|p1a: Hydreigon|88/100 brn|[from] brn
|upkeep
|turn|41
|
|t:|1743811408
|-terastallize|p1a: Hydreigon|Fire
|move|p2a: Weavile|Triple Axel|p1a: Hydreigon
|-resisted|p1a: Hydreigon
|-damage|p1a: Hydreigon|82/100 brn
|-resisted|p1a: Hydreigon
|-damage|p1a: Hydreigon|71/100 brn
|-resisted|p1a: Hydreigon
|-damage|p1a: Hydreigon|55/100 brn
|-hitcount|p1a: Hydreigon|3
|move|p1a: Hydreigon|Fire Blast|p2a: Weavile|[miss]
|-miss|p1a: Hydreigon|p2a: Weavile
|
|-damage|p1a: Hydreigon|48/100 brn|[from] brn
|upkeep
|turn|42
|
|t:|1743811413
|move|p2a: Weavile|Knock Off|p1a: Hydreigon
|-damage|p1a: Hydreigon|0 fnt
|-enditem|p1a: Hydreigon|Chople Berry|[from] move: Knock Off|[of] p2a: Weavile
|faint|p1a: Hydreigon
|
|upkeep
|
|t:|1743811418
|switch|p1a: Coalossal|Coalossal, F, shiny|88/100
|-damage|p1a: Coalossal|76/100|[from] Spikes
|turn|43
|
|t:|1743811422
|switch|p2a: Clodsire|Clodsire, F, tera:Dark|71/100 brn
|move|p1a: Coalossal|Meteor Beam||[still]
|-prepare|p1a: Coalossal|Meteor Beam
|-boost|p1a: Coalossal|spa|1
|-enditem|p1a: Coalossal|Power Herb
|-anim|p1a: Coalossal|Meteor Beam|p2a: Clodsire
|-damage|p2a: Clodsire|43/100 brn
|
|-damage|p2a: Clodsire|37/100 brn|[from] brn
|upkeep
|turn|44
|
|t:|1743811434
|move|p1a: Coalossal|Fire Blast|p2a: Clodsire
|-damage|p2a: Clodsire|12/100 brn
|move|p2a: Clodsire|Stealth Rock|p1a: Coalossal
|-sidestart|p1: Scizzor97|move: Stealth Rock
|
|-damage|p2a: Clodsire|5/100 brn|[from] brn
|upkeep
|turn|45
|
|t:|1743811440
|move|p1a: Coalossal|Scald|p2a: Clodsire
|-damage|p2a: Clodsire|0 fnt
|faint|p2a: Clodsire
|
|upkeep
|
|t:|1743811444
|switch|p2a: Garganacl|Garganacl, F|100/100
|turn|46
|
|t:|1743811451
|move|p1a: Coalossal|Meteor Beam||[still]
|-prepare|p1a: Coalossal|Meteor Beam
|-boost|p1a: Coalossal|spa|1
|move|p2a: Garganacl|Earthquake|p1a: Coalossal
|-supereffective|p1a: Coalossal
|-damage|p1a: Coalossal|2/100
|
|upkeep
|turn|47
|
|t:|1743811456
|move|p1a: Coalossal|Meteor Beam|p2a: Garganacl|[from] lockedmove
|-damage|p2a: Garganacl|36/100
|move|p2a: Garganacl|Earthquake|p1a: Coalossal
|-supereffective|p1a: Coalossal
|-damage|p1a: Coalossal|0 fnt
|faint|p1a: Coalossal
|
|upkeep
|
|t:|1743811460
|switch|p1a: Iron Hands|Iron Hands, shiny|34/100
|-damage|p1a: Iron Hands|21/100|[from] Spikes
|-damage|p1a: Iron Hands|15/100|[from] Stealth Rock
|turn|48
|
|t:|1743811469
|move|p1a: Iron Hands|Ice Punch|p2a: Garganacl
|-damage|p2a: Garganacl|14/100
|-damage|p1a: Iron Hands|5/100|[from] item: Life Orb
|move|p2a: Garganacl|Earthquake|p1a: Iron Hands
|-supereffective|p1a: Iron Hands
|-damage|p1a: Iron Hands|0 fnt
|faint|p1a: Iron Hands
|-end|p1a: Iron Hands|Quark Drive|[silent]
|
|upkeep
|
|t:|1743811472
|switch|p1a: Toxicroak|Toxicroak, F, shiny|100/100
|-damage|p1a: Toxicroak|88/100|[from] Spikes
|-damage|p1a: Toxicroak|82/100|[from] Stealth Rock
|turn|49
|
|t:|1743811481
|move|p1a: Toxicroak|Swords Dance|p1a: Toxicroak
|-boost|p1a: Toxicroak|atk|2
|move|p2a: Garganacl|Salt Cure|p1a: Toxicroak
|-resisted|p1a: Toxicroak
|-damage|p1a: Toxicroak|71/100
|-start|p1a: Toxicroak|Salt Cure
|
|-damage|p1a: Toxicroak|58/100|[from] Salt Cure
|upkeep
|turn|50
|
|t:|1743811485
|move|p1a: Toxicroak|Knock Off|p2a: Garganacl
|-damage|p2a: Garganacl|0 fnt
|-enditem|p2a: Garganacl|Heavy-Duty Boots|[from] move: Knock Off|[of] p1a: Toxicroak
|faint|p2a: Garganacl
|
|-damage|p1a: Toxicroak|46/100|[from] Salt Cure
|upkeep
|
|t:|1743811489
|switch|p2a: Weavile|Weavile, F|100/100
|-ability|p2a: Weavile|Pressure
|turn|51
|
|t:|1743811492
|move|p2a: Weavile|Triple Axel|p1a: Toxicroak
|-damage|p1a: Toxicroak|29/100
|-damage|p1a: Toxicroak|0 fnt
|faint|p1a: Toxicroak
|-hitcount|p1: Toxicroak|2
|
|win|JackRG1
|raw|Scizzor97's rating: 1419 &rarr; <strong>1401</strong><br />(-18 for losing)
|raw|JackRG1's rating: 1446 &rarr; <strong>1464</strong><br />(+18 for winning)
|l|☆Scizzor97
|player|p1|
|l|‽JackRG1
|player|p2|
