|j|☆uglybarnacles
|j|☆Zinkio
|t:|1743787385
|gametype|singles
|player|p1|uglybarnacles|102|1098
|player|p2|Zinkio|clerkf|1139
|teamsize|p1|6
|teamsize|p2|6
|gen|9
|tier|[Gen 9] OU
|rated|
|rule|HP Percentage Mod: HP is shown in percentages
|rule|Endless Battle Clause: Forcing endless battles is banned
|rule|Species Clause: Limit one of each Pokémon
|rule|OHKO Clause: OHKO moves are banned
|rule|Evasion Items Clause: Evasion items are banned
|rule|Evasion Moves Clause: Evasion moves are banned
|rule|Sleep Moves Clause: Sleep-inducing moves are banned
|clearpoke
|poke|p1|Rampardos, F|
|poke|p1|Serperior, M|
|poke|p1|Chandelure, F|
|poke|p1|Milotic, M|
|poke|p1|Granbull, F|
|poke|p1|Iron Treads|
|poke|p2|Garganacl, F|
|poke|p2|Meowscarada, F|
|poke|p2|Hatterene, F|
|poke|p2|Dondozo, M|
|poke|p2|Komala, F|
|poke|p2|Gholdengo|
|teampreview
|inactive|Battle timer is ON: inactive players will automatically lose when time's up. (requested by Zinkio)
|
|t:|1743787405
|start
|switch|p1a: Iron Treads|Iron Treads, shiny|100/100
|switch|p2a: Hat-two|Hatterene, F|100/100
|-item|p1a: Iron Treads|Air Balloon
|turn|1
|
|t:|1743787418
|move|p1a: Iron Treads|Knock Off|p2a: Hat-two
|-damage|p2a: Hat-two|74/100
|-damage|p1a: Iron Treads|84/100|[from] item: Rocky Helmet|[of] p2a: Hat-two
|-enditem|p2a: Hat-two|Rocky Helmet|[from] move: Knock Off|[of] p1a: Iron Treads
|move|p2a: Hat-two|Reflect|p2a: Hat-two
|-sidestart|p2: Zinkio|Reflect
|
|upkeep
|turn|2
|
|t:|1743787429
|-end|p1a: Iron Treads|Quark Drive|[silent]
|switch|p1a: Chandelure|Chandelure, F, shiny|100/100
|move|p2a: Hat-two|Light Screen|p2a: Hat-two
|-sidestart|p2: Zinkio|move: Light Screen
|
|upkeep
|turn|3
|
|t:|1743787439
|switch|p2a: Ur Mum LUL|Dondozo, M|100/100
|move|p1a: Chandelure|Shadow Ball|p2a: Ur Mum LUL
|-damage|p2a: Ur Mum LUL|70/100
|
|-heal|p2a: Ur Mum LUL|76/100|[from] item: Leftovers
|upkeep
|turn|4
|
|t:|1743787450
|switch|p1a: Milotic|Milotic, M|100/100
|move|p2a: Ur Mum LUL|Waterfall|p1a: Milotic
|-resisted|p1a: Milotic
|-damage|p1a: Milotic|90/100
|
|-heal|p2a: Ur Mum LUL|82/100|[from] item: Leftovers
|upkeep
|turn|5
|
|t:|1743787463
|switch|p2a: Treeson|Komala, F|100/100
|-ability|p2a: Treeson|Comatose
|move|p1a: Milotic|Scald|p2a: Treeson
|-damage|p2a: Treeson|84/100
|
|-sideend|p2: Zinkio|Reflect
|upkeep
|turn|6
|
|t:|1743787477
|move|p2a: Treeson|Wood Hammer|p1a: Milotic
|-supereffective|p1a: Milotic
|-damage|p1a: Milotic|33/100
|-damage|p2a: Treeson|57/100|[from] Recoil
|move|p1a: Milotic|Flip Turn|p2a: Treeson
|-damage|p2a: Treeson|36/100
|
|t:|1743787486
|switch|p1a: Iron Treads|Iron Treads, shiny|84/100|[from] Flip Turn
|-item|p1a: Iron Treads|Air Balloon
|
|-sideend|p2: Zinkio|move: Light Screen
|upkeep
|turn|7
|
|t:|1743787493
|-terastallize|p2a: Treeson|Fighting
|move|p2a: Treeson|Superpower|p1a: Iron Treads
|-supereffective|p1a: Iron Treads
|-damage|p1a: Iron Treads|0 fnt
|-unboost|p2a: Treeson|atk|1
|-unboost|p2a: Treeson|def|1
|-enditem|p1a: Iron Treads|Air Balloon
|faint|p1a: Iron Treads
|-end|p1a: Iron Treads|Quark Drive|[silent]
|
|upkeep
|
|t:|1743787516
|switch|p1a: Granbull|Granbull, F|100/100
|-ability|p1a: Granbull|Intimidate|boost
|-unboost|p2a: Treeson|atk|1
|turn|8
|inactive|Zinkio has 120 seconds left.
|
|t:|1743787555
|switch|p2a: Hat-two|Hatterene, F|74/100
|move|p1a: Granbull|Trailblaze|p2a: Hat-two
|-damage|p2a: Hat-two|54/100
|-boost|p1a: Granbull|spe|1
|
|upkeep
|turn|9
|inactive|Zinkio has 120 seconds left.
|
|t:|1743787577
|move|p1a: Granbull|Play Rough|p2a: Hat-two
|-damage|p2a: Hat-two|3/100
|move|p2a: Hat-two|Reflect|p2a: Hat-two
|-sidestart|p2: Zinkio|Reflect
|
|upkeep
|turn|10
|inactive|Zinkio has 120 seconds left.
|
|t:|1743787596
|switch|p2a: Ur Mum LUL|Dondozo, M|82/100
|move|p1a: Granbull|Trailblaze|p2a: Ur Mum LUL
|-supereffective|p2a: Ur Mum LUL
|-damage|p2a: Ur Mum LUL|74/100
|-boost|p1a: Granbull|spe|1
|
|-heal|p2a: Ur Mum LUL|80/100|[from] item: Leftovers
|upkeep
|turn|11
|inactive|Zinkio has 120 seconds left.
|
|t:|1743787608
|move|p1a: Granbull|Play Rough|p2a: Ur Mum LUL
|-damage|p2a: Ur Mum LUL|70/100
|move|p2a: Ur Mum LUL|Avalanche|p1a: Granbull
|-damage|p1a: Granbull|70/100
|
|-heal|p2a: Ur Mum LUL|76/100|[from] item: Leftovers
|upkeep
|turn|12
|inactive|Zinkio has 120 seconds left.
|
|t:|1743787623
|move|p1a: Granbull|Play Rough|p2a: Ur Mum LUL
|-damage|p2a: Ur Mum LUL|65/100
|move|p2a: Ur Mum LUL|Avalanche|p1a: Granbull
|-damage|p1a: Granbull|37/100
|
|-heal|p2a: Ur Mum LUL|71/100|[from] item: Leftovers
|upkeep
|turn|13
|
|t:|1743787633
|move|p1a: Granbull|Play Rough|p2a: Ur Mum LUL
|-damage|p2a: Ur Mum LUL|60/100
|move|p2a: Ur Mum LUL|Waterfall|p1a: Granbull
|-damage|p1a: Granbull|4/100
|
|-heal|p2a: Ur Mum LUL|66/100|[from] item: Leftovers
|-sideend|p2: Zinkio|Reflect
|upkeep
|turn|14
|
|t:|1743787641
|move|p1a: Granbull|Trailblaze|p2a: Ur Mum LUL
|-supereffective|p2a: Ur Mum LUL
|-damage|p2a: Ur Mum LUL|49/100
|-boost|p1a: Granbull|spe|1
|move|p2a: Ur Mum LUL|Waterfall|p1a: Granbull
|-damage|p1a: Granbull|0 fnt
|faint|p1a: Granbull
|
|-heal|p2a: Ur Mum LUL|55/100|[from] item: Leftovers
|upkeep
|
|t:|1743787651
|switch|p1a: Serperior|Serperior, M|100/100
|turn|15
|
|t:|1743787655
|move|p1a: Serperior|Leaf Storm|p2a: Ur Mum LUL
|-supereffective|p2a: Ur Mum LUL
|-damage|p2a: Ur Mum LUL|0 fnt
|-boost|p1a: Serperior|spa|2
|faint|p2a: Ur Mum LUL
|
|upkeep
|
|t:|1743787661
|switch|p2a: Kat Kit|Meowscarada, F|100/100
|turn|16
|
|t:|1743787681
|switch|p1a: Chandelure|Chandelure, F, shiny|100/100
|move|p2a: Kat Kit|Triple Axel|p1a: Chandelure
|-start|p2a: Kat Kit|typechange|Ice|[from] ability: Protean
|-resisted|p1a: Chandelure
|-damage|p1a: Chandelure|94/100
|-resisted|p1a: Chandelure
|-damage|p1a: Chandelure|80/100
|-resisted|p1a: Chandelure
|-damage|p1a: Chandelure|62/100
|-hitcount|p1a: Chandelure|3
|
|upkeep
|turn|17
|
|t:|1743787699
|switch|p2a: soap.|Garganacl, F|100/100
|-item|p2a: soap.|Air Balloon
|move|p1a: Chandelure|Trick|p2a: soap.
|-activate|p1a: Chandelure|move: Trick|[of] p2a: soap.
|-item|p2a: soap.|Choice Specs|[from] move: Trick
|-item|p1a: Chandelure|Air Balloon
|-item|p1a: Chandelure|Air Balloon|[from] move: Trick
|
|upkeep
|turn|18
|
|t:|1743787713
|move|p1a: Chandelure|Energy Ball|p2a: soap.
|-supereffective|p2a: soap.
|-damage|p2a: soap.|53/100
|move|p2a: soap.|Salt Cure|p1a: Chandelure
|-supereffective|p1a: Chandelure
|-damage|p1a: Chandelure|20/100
|-start|p1a: Chandelure|Salt Cure
|-enditem|p1a: Chandelure|Air Balloon
|
|-damage|p1a: Chandelure|7/100|[from] Salt Cure
|upkeep
|turn|19
|
|t:|1743787726
|move|p1a: Chandelure|Energy Ball|p2a: soap.
|-supereffective|p2a: soap.
|-damage|p2a: soap.|1/100
|move|p2a: soap.|Salt Cure|p1a: Chandelure
|-supereffective|p1a: Chandelure
|-damage|p1a: Chandelure|0 fnt
|faint|p1a: Chandelure
|
|upkeep
|
|t:|1743787733
|switch|p1a: Serperior|Serperior, M|100/100
|turn|20
|
|t:|1743787737
|move|p1a: Serperior|Leaf Storm|p2a: soap.
|-supereffective|p2a: soap.
|-damage|p2a: soap.|0 fnt
|-boost|p1a: Serperior|spa|2
|faint|p2a: soap.
|
|upkeep
|
|t:|1743787750
|switch|p2a: Hat-two|Hatterene, F|3/100
|turn|21
|
|t:|1743787761
|switch|p2a: Kat Kit|Meowscarada, F|100/100
|move|p1a: Serperior|Leaf Storm|p2a: Kat Kit
|-resisted|p2a: Kat Kit
|-damage|p2a: Kat Kit|22/100
|-boost|p1a: Serperior|spa|2
|
|upkeep
|turn|22
|
|t:|1743787768
|move|p2a: Kat Kit|Triple Axel|p1a: Serperior
|-start|p2a: Kat Kit|typechange|Ice|[from] ability: Protean
|-supereffective|p1a: Serperior
|-damage|p1a: Serperior|78/100
|-supereffective|p1a: Serperior
|-damage|p1a: Serperior|34/100
|-supereffective|p1a: Serperior
|-damage|p1a: Serperior|0 fnt
|faint|p1a: Serperior
|-hitcount|p1: Serperior|3
|
|upkeep
|
|t:|1743787786
|switch|p1a: Rampardos|Rampardos, F, shiny|100/100
|-ability|p1a: Rampardos|Mold Breaker
|turn|23
|
|t:|1743787797
|-terastallize|p1a: Rampardos|Flying
|move|p2a: Kat Kit|Triple Axel|p1a: Rampardos
|-supereffective|p1a: Rampardos
|-damage|p1a: Rampardos|70/100
|-hitcount|p1a: Rampardos|1
|move|p1a: Rampardos|Tera Blast|p2a: Kat Kit|[anim] Tera Blast Flying
|-damage|p2a: Kat Kit|0 fnt
|faint|p2a: Kat Kit
|
|upkeep
|
|t:|1743787806
|switch|p2a: Treeson|Komala, F, tera:Fighting|36/100
|-ability|p2a: Treeson|Comatose
|turn|24
|
|t:|1743787810
|move|p1a: Rampardos|Tera Blast|p2a: Treeson|[anim] Tera Blast Flying
|-supereffective|p2a: Treeson
|-damage|p2a: Treeson|0 fnt
|faint|p2a: Treeson
|
|upkeep
|
|t:|1743787814
|switch|p2a: Ponyboy|Gholdengo|100/100
|-item|p2a: Ponyboy|Air Balloon
|turn|25
|
|t:|1743787843
|switch|p1a: Milotic|Milotic, M|33/100
|move|p2a: Ponyboy|Nasty Plot|p2a: Ponyboy
|-boost|p2a: Ponyboy|spa|2
|
|upkeep
|turn|26
|
|t:|1743787858
|move|p2a: Ponyboy|Nasty Plot|p2a: Ponyboy
|-boost|p2a: Ponyboy|spa|2
|move|p1a: Milotic|Scald|p2a: Ponyboy
|-damage|p2a: Ponyboy|73/100
|-status|p2a: Ponyboy|brn
|-enditem|p2a: Ponyboy|Air Balloon
|
|-damage|p2a: Ponyboy|67/100 brn|[from] brn
|upkeep
|turn|27
|
|t:|1743787869
|move|p2a: Ponyboy|Nasty Plot|p2a: Ponyboy
|-boost|p2a: Ponyboy|spa|2
|move|p1a: Milotic|Recover|p1a: Milotic
|-heal|p1a: Milotic|83/100
|
|-damage|p2a: Ponyboy|61/100 brn|[from] brn
|upkeep
|turn|28
|
|t:|1743787877
|move|p2a: Ponyboy|Make It Rain|p1a: Milotic
|-resisted|p1a: Milotic
|-damage|p1a: Milotic|0 fnt
|-unboost|p2a: Ponyboy|spa|1
|faint|p1a: Milotic
|
|-damage|p2a: Ponyboy|54/100 brn|[from] brn
|upkeep
|
|t:|1743787886
|switch|p1a: Rampardos|Rampardos, F, shiny, tera:Flying|70/100
|-ability|p1a: Rampardos|Mold Breaker
|turn|29
|
|t:|1743787892
|move|p1a: Rampardos|Earthquake|p2a: Ponyboy
|-supereffective|p2a: Ponyboy
|-damage|p2a: Ponyboy|0 fnt
|faint|p2a: Ponyboy
|
|upkeep
|
|t:|1743787897
|switch|p2a: Hat-two|Hatterene, F|3/100
|turn|30
|
|t:|1743787899
|move|p1a: Rampardos|Earthquake|p2a: Hat-two
|-damage|p2a: Hat-two|0 fnt
|faint|p2a: Hat-two
|
|win|uglybarnacles
|raw|uglybarnacles's rating: 1098 &rarr; <strong>1126</strong><br />(+28 for winning)
|raw|Zinkio's rating: 1139 &rarr; <strong>1111</strong><br />(-28 for losing)
|c|☆uglybarnacles|gg
|c|☆Zinkio|gg
|l|☆uglybarnacles
|player|p1|
|l|☆Zinkio
|player|p2|
