|j|☆gjhgjhgjj
|j|☆rrbrru
|t:|1743860238
|gametype|singles
|player|p1|gjhgjhgjj|2|1428
|player|p2|rrbrru|roxie|1392
|teamsize|p1|6
|teamsize|p2|6
|gen|9
|tier|[Gen 9] OU
|rated|
|rule|HP Percentage Mod: HP is shown in percentages
|rule|Endless Battle Clause: Forcing endless battles is banned
|rule|Species Clause: Limit one of each Pokémon
|rule|OHKO Clause: OHKO moves are banned
|rule|Evasion Items Clause: Evasion items are banned
|rule|Evasion Moves Clause: Evasion moves are banned
|rule|Sleep Moves Clause: Sleep-inducing moves are banned
|clearpoke
|poke|p1|Ribombee, F|
|poke|p1|Gholdengo|
|poke|p1|Pecharunt|
|poke|p1|Landorus-Therian, M|
|poke|p1|Raging Bolt|
|poke|p1|Ceruledge, M|
|poke|p2|Deoxys-Speed|
|poke|p2|Landorus-Therian, M|
|poke|p2|Araquanid, M|
|poke|p2|Sableye, F|
|poke|p2|Darkrai|
|poke|p2|Serperior, M|
|teampreview
|
|t:|1743860250
|start
|switch|p1a: Ribombee|Ribombee, F|100/100
|switch|p2a: Sableye|Sableye, F|100/100
|turn|1
|
|t:|1743860260
|move|p2a: Sableye|Taunt|p1a: Ribombee
|-start|p1a: Ribombee|move: Taunt
|cant|p1a: Ribombee|move: Taunt|Sticky Web
|
|upkeep
|turn|2
|
|t:|1743860264
|switch|p1a: Ceruledge|Ceruledge, M|100/100
|move|p2a: Sableye|Gravity|p2a: Sableye
|-fieldstart|move: Gravity
|
|upkeep
|turn|3
|
|t:|1743860276
|move|p2a: Sableye|Will-O-Wisp|p1a: Ceruledge
|-immune|p1a: Ceruledge
|move|p1a: Ceruledge|Bitter Blade|p2a: Sableye
|-damage|p2a: Sableye|37/100
|-enditem|p2a: Sableye|Eject Button
|
|t:|1743860284
|switch|p2a: Araquanid|Araquanid, M|100/100
|
|upkeep
|turn|4
|
|t:|1743860288
|switch|p1a: Ribombee|Ribombee, F|100/100
|move|p2a: Araquanid|Sticky Web|p1a: Ribombee
|-sidestart|p1: gjhgjhgjj|move: Sticky Web
|
|upkeep
|turn|5
|
|t:|1743860299
|switch|p2a: Darkrai|Darkrai|100/100
|move|p1a: Ribombee|Sticky Web|p2a: Darkrai
|-sidestart|p2: rrbrru|move: Sticky Web
|
|upkeep
|turn|6
|
|t:|1743860303
|move|p2a: Darkrai|Sludge Bomb|p1a: Ribombee
|-supereffective|p1a: Ribombee
|-enditem|p1a: Ribombee|Focus Sash
|-damage|p1a: Ribombee|1/100
|move|p1a: Ribombee|Stun Spore|p2a: Darkrai
|-status|p2a: Darkrai|par
|
|-fieldend|move: Gravity
|upkeep
|turn|7
|
|t:|1743860314
|move|p1a: Ribombee|Skill Swap|p2a: Darkrai
|-activate|p1a: Ribombee|move: Skill Swap|Bad Dreams|Shield Dust|[of] p2a: Darkrai
|move|p2a: Darkrai|Sludge Bomb|p1a: Ribombee
|-supereffective|p1a: Ribombee
|-damage|p1a: Ribombee|0 fnt
|faint|p1a: Ribombee
|
|upkeep
|
|t:|1743860325
|switch|p1a: Ceruledge|Ceruledge, M|100/100
|-activate|p1a: Ceruledge|move: Sticky Web
|-unboost|p1a: Ceruledge|spe|1
|turn|8
|
|t:|1743860330
|move|p1a: Ceruledge|Swords Dance|p1a: Ceruledge
|-boost|p1a: Ceruledge|atk|2
|cant|p2a: Darkrai|par
|
|upkeep
|turn|9
|
|t:|1743860337
|move|p1a: Ceruledge|Swords Dance|p1a: Ceruledge
|-boost|p1a: Ceruledge|atk|2
|move|p2a: Darkrai|Dark Pulse|p1a: Ceruledge
|-supereffective|p1a: Ceruledge
|-enditem|p1a: Ceruledge|Focus Sash
|-damage|p1a: Ceruledge|1/100
|
|upkeep
|turn|10
|
|t:|1743860340
|move|p1a: Ceruledge|Bitter Blade|p2a: Darkrai
|-crit|p2a: Darkrai
|-damage|p2a: Darkrai|0 fnt
|-heal|p1a: Ceruledge|49/100|[from] drain|[of] p2a: Darkrai
|faint|p2a: Darkrai
|
|upkeep
|
|t:|1743860342
|switch|p2a: Serperior|Serperior, M|100/100
|-activate|p2a: Serperior|move: Sticky Web
|-boost|p2a: Serperior|spe|1
|turn|11
|
|t:|1743860349
|-terastallize|p2a: Serperior|Ground
|move|p1a: Ceruledge|Shadow Sneak|p2a: Serperior
|-damage|p2a: Serperior|26/100
|move|p2a: Serperior|Tera Blast|p1a: Ceruledge|[anim] Tera Blast Ground
|-supereffective|p1a: Ceruledge
|-damage|p1a: Ceruledge|0 fnt
|faint|p1a: Ceruledge
|
|-heal|p2a: Serperior|32/100|[from] item: Leftovers
|upkeep
|
|t:|1743860360
|switch|p1a: Pecharunt|Pecharunt|100/100
|-item|p1a: Pecharunt|Air Balloon
|turn|12
|
|t:|1743860363
|move|p2a: Serperior|Substitute|p2a: Serperior
|-start|p2a: Serperior|Substitute
|-damage|p2a: Serperior|8/100
|move|p1a: Pecharunt|Malignant Chain|p2a: Serperior
|-resisted|p2a: Serperior
|-activate|p2a: Serperior|move: Substitute|[damage]
|
|-heal|p2a: Serperior|14/100|[from] item: Leftovers
|upkeep
|turn|13
|
|t:|1743860373
|move|p2a: Serperior|Leaf Storm|p1a: Pecharunt
|-resisted|p1a: Pecharunt
|-damage|p1a: Pecharunt|72/100
|-boost|p2a: Serperior|spa|2
|-enditem|p1a: Pecharunt|Air Balloon
|move|p1a: Pecharunt|Shadow Ball|p2a: Serperior
|-end|p2a: Serperior|Substitute
|
|-heal|p2a: Serperior|20/100|[from] item: Leftovers
|upkeep
|turn|14
|
|t:|1743860379
|move|p2a: Serperior|Tera Blast|p1a: Pecharunt|[anim] Tera Blast Ground
|-supereffective|p1a: Pecharunt
|-damage|p1a: Pecharunt|0 fnt
|faint|p1a: Pecharunt
|
|-heal|p2a: Serperior|26/100|[from] item: Leftovers
|upkeep
|
|t:|1743860382
|switch|p1a: Landorus|Landorus-Therian, M|100/100
|-ability|p1a: Landorus|Intimidate|boost
|-boost|p2a: Serperior|atk|1
|turn|15
|
|t:|1743860387
|move|p2a: Serperior|Leaf Storm|p1a: Landorus
|-enditem|p1a: Landorus|Focus Sash
|-damage|p1a: Landorus|1/100
|-boost|p2a: Serperior|spa|2
|move|p1a: Landorus|Earthquake|p2a: Serperior
|-damage|p2a: Serperior|0 fnt
|faint|p2a: Serperior
|
|upkeep
|
|t:|1743860391
|switch|p2a: Araquanid|Araquanid, M|100/100
|-activate|p2a: Araquanid|move: Sticky Web
|-unboost|p2a: Araquanid|spe|1
|turn|16
|
|t:|1743860397
|move|p1a: Landorus|Stealth Rock|p2a: Araquanid
|-sidestart|p2: rrbrru|move: Stealth Rock
|move|p2a: Araquanid|Surf|p1a: Landorus
|-supereffective|p1a: Landorus
|-damage|p1a: Landorus|0 fnt
|faint|p1a: Landorus
|
|upkeep
|
|t:|1743860402
|switch|p1a: Raging Bolt|Raging Bolt|100/100
|-activate|p1a: Raging Bolt|move: Sticky Web
|-unboost|p1a: Raging Bolt|spe|1
|-enditem|p1a: Raging Bolt|Booster Energy
|-activate|p1a: Raging Bolt|ability: Protosynthesis|[fromitem]
|-start|p1a: Raging Bolt|protosynthesisspa
|turn|17
|
|t:|1743860408
|switch|p2a: Landorus|Landorus-Therian, M|100/100
|-ability|p2a: Landorus|Intimidate|boost
|-unboost|p1a: Raging Bolt|atk|1
|move|p1a: Raging Bolt|Thunderbolt|p2a: Landorus
|-immune|p2a: Landorus
|
|upkeep
|turn|18
|
|t:|1743860413
|move|p2a: Landorus|Earthquake|p1a: Raging Bolt
|-supereffective|p1a: Raging Bolt
|-damage|p1a: Raging Bolt|0 fnt
|faint|p1a: Raging Bolt
|-end|p1a: Raging Bolt|Protosynthesis|[silent]
|
|upkeep
|
|t:|1743860415
|switch|p1a: Gholdengo|Gholdengo|100/100
|-item|p1a: Gholdengo|Air Balloon
|turn|19
|
|t:|1743860419
|move|p2a: Landorus|Gravity|p2a: Landorus
|-fieldstart|move: Gravity
|move|p1a: Gholdengo|Nasty Plot|p1a: Gholdengo
|-boost|p1a: Gholdengo|spa|2
|
|upkeep
|turn|20
|
|t:|1743860425
|-terastallize|p1a: Gholdengo|Fighting
|move|p2a: Landorus|Earthquake|p1a: Gholdengo
|-damage|p1a: Gholdengo|39/100
|-enditem|p1a: Gholdengo|Air Balloon
|move|p1a: Gholdengo|Shadow Ball|p2a: Landorus
|-damage|p2a: Landorus|0 fnt
|faint|p2a: Landorus
|
|upkeep
|
|t:|1743860432
|switch|p2a: Deoxys|Deoxys-Speed|100/100
|-activate|p2a: Deoxys|move: Sticky Web
|-unboost|p2a: Deoxys|spe|1
|-damage|p2a: Deoxys|88/100|[from] Stealth Rock
|-ability|p2a: Deoxys|Pressure
|turn|21
|
|t:|1743860437
|move|p2a: Deoxys|Psycho Boost|p1a: Gholdengo
|-supereffective|p1a: Gholdengo
|-damage|p1a: Gholdengo|0 fnt
|-unboost|p2a: Deoxys|spa|2
|faint|p1a: Gholdengo
|
|win|rrbrru
|raw|gjhgjhgjj's rating: 1428 &rarr; <strong>1406</strong><br />(-22 for losing)
|raw|rrbrru's rating: 1392 &rarr; <strong>1414</strong><br />(+22 for winning)
|l|☆rrbrru
|player|p2|
|l|☆gjhgjhgjj
|player|p1|
