|j|☆Itsterra
|j|☆End of dream
|t:|1743905102
|gametype|singles
|player|p1|Itsterra|lacey|1652
|player|p2|End of dream|zinnia-masters|1623
|teamsize|p1|6
|teamsize|p2|6
|gen|9
|tier|[Gen 9] OU
|rated|
|rule|HP Percentage Mod: HP is shown in percentages
|rule|Endless Battle Clause: Forcing endless battles is banned
|rule|Species Clause: Limit one of each Pokémon
|rule|OHKO Clause: OHKO moves are banned
|rule|Evasion Items Clause: Evasion items are banned
|rule|Evasion Moves Clause: Evasion moves are banned
|rule|Sleep Moves Clause: Sleep-inducing moves are banned
|clearpoke
|poke|p1|Dragapult, M|
|poke|p1|Primarina, M|
|poke|p1|Iron Crown|
|poke|p1|Samurott-Hisui, M|
|poke|p1|Kingambit, M|
|poke|p1|Landorus-Therian, M|
|poke|p2|Ursaluna, M|
|poke|p2|Raging Bolt|
|poke|p2|Corviknight, M|
|poke|p2|Dragapult, F|
|poke|p2|Ogerpon-Wellspring, F|
|poke|p2|Slowking-Galar, M|
|teampreview
|inactive|Battle timer is ON: inactive players will automatically lose when time's up. (requested by End of dream)
|
|t:|1743905123
|start
|switch|p1a: Dragapult|Dragapult, M|100/100
|switch|p2a: Dragapult|Dragapult, F, shiny|100/100
|turn|1
|
|t:|1743905141
|switch|p1a: Primarina|Primarina, M|100/100
|move|p2a: Dragapult|Dragon Darts|p1a: Primarina
|-immune|p1a: Primarina
|
|upkeep
|turn|2
|
|t:|1743905150
|switch|p2a: Slowking|Slowking-Galar, M|100/100
|switch|p1a: Samurott|Samurott-Hisui, M|100/100
|
|upkeep
|turn|3
|
|t:|1743905158
|switch|p2a: Corviknight|Corviknight, M|100/100
|-ability|p2a: Corviknight|Pressure
|move|p1a: Samurott|Ceaseless Edge|p2a: Corviknight
|-damage|p2a: Corviknight|73/100
|-damage|p1a: Samurott|84/100|[from] item: Rocky Helmet|[of] p2a: Corviknight
|-sidestart|p2: End of dream|Spikes
|
|upkeep
|turn|4
|inactive|Itsterra has 120 seconds left.
|
|t:|1743905188
|move|p1a: Samurott|Knock Off|p2a: Corviknight
|-damage|p2a: Corviknight|44/100
|-damage|p1a: Samurott|67/100|[from] item: Rocky Helmet|[of] p2a: Corviknight
|-enditem|p2a: Corviknight|Rocky Helmet|[from] move: Knock Off|[of] p1a: Samurott
|move|p2a: Corviknight|U-turn|p1a: Samurott
|-supereffective|p1a: Samurott
|-damage|p1a: Samurott|28/100
|
|t:|1743905199
|switch|p2a: Ogerpon|Ogerpon-Wellspring, F|100/100|[from] U-turn
|-damage|p2a: Ogerpon|88/100|[from] Spikes
|
|upkeep
|turn|5
|inactive|Itsterra has 120 seconds left.
|
|t:|1743905225
|move|p2a: Ogerpon|U-turn|p1a: Samurott
|-supereffective|p1a: Samurott
|-damage|p1a: Samurott|0 fnt
|faint|p1a: Samurott
|
|t:|1743905234
|switch|p2a: Slowking|Slowking-Galar, M|100/100|[from] U-turn
|-damage|p2a: Slowking|88/100|[from] Spikes
|
|-heal|p2a: Slowking|94/100|[from] item: Leftovers
|upkeep
|
|t:|1743905252
|switch|p1a: Kingambit|Kingambit, M|100/100
|-activate|p1a: Kingambit|ability: Supreme Overlord
|-start|p1a: Kingambit|fallen1|[silent]
|turn|6
|
|t:|1743905270
|move|p1a: Kingambit|Swords Dance|p1a: Kingambit
|-boost|p1a: Kingambit|atk|2
|move|p2a: Slowking|Focus Blast|p1a: Kingambit|[miss]
|-miss|p2a: Slowking|p1a: Kingambit
|
|-heal|p2a: Slowking|99/100|[from] item: Leftovers
|upkeep
|turn|7
|
|t:|1743905288
|-terastallize|p2a: Slowking|Fairy
|move|p1a: Kingambit|Kowtow Cleave|p2a: Slowking
|-resisted|p2a: Slowking
|-damage|p2a: Slowking|49/100
|move|p2a: Slowking|Focus Blast|p1a: Kingambit
|-supereffective|p1a: Kingambit
|-damage|p1a: Kingambit|0 fnt
|faint|p1a: Kingambit
|-end|p1a: Kingambit|fallen1|[silent]
|
|-heal|p2a: Slowking|56/100|[from] item: Leftovers
|upkeep
|inactive|Itsterra has 90 seconds left.
|
|t:|1743905298
|switch|p1a: Iron Crown|Iron Crown|100/100
|turn|8
|inactive|Itsterra has 90 seconds left.
|
|t:|1743905312
|move|p1a: Iron Crown|Tachyon Cutter|p2a: Slowking
|-supereffective|p2a: Slowking
|-damage|p2a: Slowking|23/100
|-supereffective|p2a: Slowking
|-damage|p2a: Slowking|0 fnt
|faint|p2a: Slowking
|-hitcount|p2: Slowking|2
|
|upkeep
|
|t:|1743905318
|switch|p2a: Ursaluna|Ursaluna, M|100/100
|-damage|p2a: Ursaluna|88/100|[from] Spikes
|turn|9
|inactive|Itsterra has 90 seconds left.
|
|t:|1743905358
|-terastallize|p1a: Iron Crown|Fighting
|move|p1a: Iron Crown|Focus Blast|p2a: Ursaluna
|-supereffective|p2a: Ursaluna
|-damage|p2a: Ursaluna|0 fnt
|faint|p2a: Ursaluna
|
|upkeep
|
|t:|1743905369
|switch|p2a: Dragapult|Dragapult, F, shiny|100/100
|-damage|p2a: Dragapult|88/100|[from] Spikes
|turn|10
|inactive|Itsterra has 60 seconds left.
|
|t:|1743905392
|-end|p1a: Iron Crown|Quark Drive|[silent]
|switch|p1a: Primarina|Primarina, M|100/100
|move|p2a: Dragapult|Psychic Fangs|p1a: Primarina
|-damage|p1a: Primarina|46/100
|
|upkeep
|turn|11
|inactive|Itsterra has 60 seconds left.
|
|t:|1743905425
|switch|p1a: Landorus|Landorus-Therian, M|100/100
|-ability|p1a: Landorus|Intimidate|boost
|-fail|p2a: Dragapult|unboost|[from] ability: Clear Body|[of] p2a: Dragapult
|move|p2a: Dragapult|Psychic Fangs|p1a: Landorus
|-damage|p1a: Landorus|70/100
|-damage|p2a: Dragapult|72/100|[from] item: Rocky Helmet|[of] p1a: Landorus
|
|upkeep
|turn|12
|
|t:|1743905437
|switch|p2a: Corviknight|Corviknight, M|44/100
|-ability|p2a: Corviknight|Pressure
|move|p1a: Landorus|U-turn|p2a: Corviknight
|-resisted|p2a: Corviknight
|-damage|p2a: Corviknight|41/100
|
|t:|1743905446
|switch|p1a: Iron Crown|Iron Crown, tera:Fighting|100/100|[from] U-turn
|
|upkeep
|turn|13
|inactive|Itsterra has 30 seconds left.
|
|t:|1743905473
|move|p1a: Iron Crown|Volt Switch|p2a: Corviknight
|-supereffective|p2a: Corviknight
|-damage|p2a: Corviknight|0 fnt
|faint|p2a: Corviknight
|inactive|Itsterra has 30 seconds left this turn.
|inactive|Itsterra has 20 seconds left.
|
|t:|1743905485
|-end|p1a: Iron Crown|Quark Drive|[silent]
|switch|p1a: Primarina|Primarina, M|46/100|[from] Volt Switch
|
|upkeep
|inactive|Itsterra has 25 seconds left this turn.
|
|t:|1743905490
|switch|p2a: Ogerpon|Ogerpon-Wellspring, F|88/100
|-damage|p2a: Ogerpon|76/100|[from] Spikes
|turn|14
|inactive|Itsterra has 30 seconds left.
|
|t:|1743905509
|switch|p1a: Iron Crown|Iron Crown, tera:Fighting|100/100
|move|p2a: Ogerpon|Spikes|p1a: Iron Crown
|-sidestart|p1: Itsterra|Spikes
|
|upkeep
|turn|15
|inactive|Itsterra has 30 seconds left.
|
|t:|1743905516
|move|p2a: Ogerpon|Ivy Cudgel|p1a: Iron Crown|[anim] Ivy Cudgel Water
|-damage|p1a: Iron Crown|36/100
|move|p1a: Iron Crown|Volt Switch|p2a: Ogerpon
|-damage|p2a: Ogerpon|49/100
|inactive|Itsterra has 30 seconds left.
|
|t:|1743905522
|-end|p1a: Iron Crown|Quark Drive|[silent]
|switch|p1a: Dragapult|Dragapult, M|100/100|[from] Volt Switch
|-damage|p1a: Dragapult|88/100|[from] Spikes
|
|upkeep
|turn|16
|inactive|Itsterra has 30 seconds left.
|
|t:|1743905540
|move|p1a: Dragapult|Dragon Darts|p2a: Ogerpon
|-damage|p2a: Ogerpon|2/100
|-anim|p1a: Dragapult|Dragon Darts|p2a: Ogerpon
|-damage|p2a: Ogerpon|0 fnt
|faint|p2a: Ogerpon
|
|upkeep
|
|t:|1743905550
|switch|p2a: Dragapult|Dragapult, F, shiny|72/100
|-damage|p2a: Dragapult|59/100|[from] Spikes
|turn|17
|
|t:|1743905560
|switch|p1a: Iron Crown|Iron Crown, tera:Fighting|36/100
|-damage|p1a: Iron Crown|24/100|[from] Spikes
|move|p2a: Dragapult|Dragon Darts|p1a: Iron Crown
|-damage|p1a: Iron Crown|0 fnt
|faint|p1a: Iron Crown
|-end|p1a: Iron Crown|Quark Drive|[silent]
|
|upkeep
|
|t:|1743905566
|switch|p1a: Primarina|Primarina, M|46/100
|turn|18
|
|t:|1743905570
|switch|p2a: Raging Bolt|Raging Bolt|100/100
|-damage|p2a: Raging Bolt|88/100|[from] Spikes
|move|p1a: Primarina|Moonblast|p2a: Raging Bolt
|-supereffective|p2a: Raging Bolt
|-damage|p2a: Raging Bolt|2/100
|
|upkeep
|turn|19
|
|t:|1743905581
|switch|p1a: Landorus|Landorus-Therian, M|70/100
|-ability|p1a: Landorus|Intimidate|boost
|-unboost|p2a: Raging Bolt|atk|1
|move|p2a: Raging Bolt|Draco Meteor|p1a: Landorus
|-damage|p1a: Landorus|0 fnt
|-unboost|p2a: Raging Bolt|spa|2
|faint|p1a: Landorus
|
|upkeep
|
|t:|1743905600
|switch|p1a: Dragapult|Dragapult, M|88/100
|-damage|p1a: Dragapult|76/100|[from] Spikes
|turn|20
|
|t:|1743905612
|move|p1a: Dragapult|Dragon Darts|p2a: Raging Bolt
|-supereffective|p2a: Raging Bolt
|-damage|p2a: Raging Bolt|0 fnt
|faint|p2a: Raging Bolt
|-end|p2a: Raging Bolt|Protosynthesis|[silent]
|
|upkeep
|
|t:|1743905615
|switch|p2a: Dragapult|Dragapult, F, shiny|59/100
|-damage|p2a: Dragapult|47/100|[from] Spikes
|turn|21
|
|t:|1743905619
|move|p1a: Dragapult|Dragon Darts|p2a: Dragapult
|-supereffective|p2a: Dragapult
|-damage|p2a: Dragapult|0 fnt
|faint|p2a: Dragapult
|
|win|Itsterra
|raw|Itsterra's rating: 1652 &rarr; <strong>1670</strong><br />(+18 for winning)
|raw|End of dream's rating: 1623 &rarr; <strong>1605</strong><br />(-18 for losing)
|l|☆End of dream
|player|p2|
