|j|☆123lyf
|j|☆Dimitry5000
|t:|1743925992
|gametype|singles
|player|p1|123lyf|265|1373
|player|p2|Dimitry5000|cyclistf-gen4|1394
|teamsize|p1|6
|teamsize|p2|6
|gen|9
|tier|[Gen 9] OU
|rated|
|rule|HP Percentage Mod: HP is shown in percentages
|rule|Endless Battle Clause: Forcing endless battles is banned
|rule|Species Clause: Limit one of each Pokémon
|rule|OHKO Clause: OHKO moves are banned
|rule|Evasion Items Clause: Evasion items are banned
|rule|Evasion Moves Clause: Evasion moves are banned
|rule|Sleep Moves Clause: Sleep-inducing moves are banned
|clearpoke
|poke|p1|Chandelure, M|
|poke|p1|Araquanid, F|
|poke|p1|Kingambit, M|
|poke|p1|Landorus-Therian, M|
|poke|p1|Kyurem|
|poke|p1|Glimmora, F|
|poke|p2|Toxapex, M|
|poke|p2|Gliscor, M|
|poke|p2|Dondozo, M|
|poke|p2|Blissey, F|
|poke|p2|Corviknight, M|
|poke|p2|Garganacl, F|
|teampreview
|inactive|Battle timer is ON: inactive players will automatically lose when time's up. (requested by 123lyf)
|
|t:|1743926000
|start
|switch|p1a: Kyurem|Kyurem|100/100
|switch|p2a: Toxapex|Toxapex, M|100/100
|-ability|p1a: Kyurem|Pressure
|turn|1
|j| Snoring Goob
|
|t:|1743926014
|move|p1a: Kyurem|Substitute|p1a: Kyurem
|-start|p1a: Kyurem|Substitute
|-damage|p1a: Kyurem|76/100
|move|p2a: Toxapex|Toxic Spikes|p1a: Kyurem
|-sidestart|p1: 123lyf|move: Toxic Spikes
|
|upkeep
|turn|2
|
|t:|1743926020
|move|p1a: Kyurem|Dragon Dance|p1a: Kyurem
|-boost|p1a: Kyurem|atk|1
|-boost|p1a: Kyurem|spe|1
|move|p2a: Toxapex|Toxic Spikes|p1a: Kyurem
|-sidestart|p1: 123lyf|move: Toxic Spikes
|
|upkeep
|turn|3
|
|t:|1743926026
|switch|p2a: Dondozo|Dondozo, M|100/100
|move|p1a: Kyurem|Dragon Dance|p1a: Kyurem
|-boost|p1a: Kyurem|atk|1
|-boost|p1a: Kyurem|spe|1
|
|upkeep
|turn|4
|
|t:|1743926034
|move|p1a: Kyurem|Scale Shot|p2a: Dondozo
|-damage|p2a: Dondozo|94/100
|-damage|p2a: Dondozo|88/100
|-damage|p2a: Dondozo|81/100
|-damage|p2a: Dondozo|74/100
|-hitcount|p2a: Dondozo|4
|-unboost|p1a: Kyurem|def|1
|-boost|p1a: Kyurem|spe|1
|move|p2a: Dondozo|Waterfall|p1a: Kyurem
|-resisted|p1a: Kyurem
|-activate|p1a: Kyurem|move: Substitute|[damage]
|
|-heal|p2a: Dondozo|80/100|[from] item: Leftovers
|upkeep
|turn|5
|
|t:|1743926056
|move|p1a: Kyurem|Scale Shot|p2a: Dondozo
|-damage|p2a: Dondozo|74/100
|-damage|p2a: Dondozo|67/100
|-damage|p2a: Dondozo|60/100
|-damage|p2a: Dondozo|54/100
|-hitcount|p2a: Dondozo|4
|-unboost|p1a: Kyurem|def|1
|-boost|p1a: Kyurem|spe|1
|move|p2a: Dondozo|Curse|p2a: Dondozo
|-unboost|p2a: Dondozo|spe|1
|-boost|p2a: Dondozo|atk|1
|-boost|p2a: Dondozo|def|1
|
|-heal|p2a: Dondozo|60/100|[from] item: Leftovers
|upkeep
|turn|6
|
|t:|1743926069
|move|p1a: Kyurem|Scale Shot|p2a: Dondozo
|-damage|p2a: Dondozo|56/100
|-damage|p2a: Dondozo|51/100
|-damage|p2a: Dondozo|47/100
|-damage|p2a: Dondozo|43/100
|-hitcount|p2a: Dondozo|4
|-unboost|p1a: Kyurem|def|1
|-boost|p1a: Kyurem|spe|1
|move|p2a: Dondozo|Curse|p2a: Dondozo
|-unboost|p2a: Dondozo|spe|1
|-boost|p2a: Dondozo|atk|1
|-boost|p2a: Dondozo|def|1
|
|-heal|p2a: Dondozo|49/100|[from] item: Leftovers
|upkeep
|turn|7
|
|t:|1743926083
|move|p1a: Kyurem|Icicle Spear|p2a: Dondozo
|-resisted|p2a: Dondozo
|-damage|p2a: Dondozo|47/100
|-resisted|p2a: Dondozo
|-crit|p2a: Dondozo
|-damage|p2a: Dondozo|43/100
|-resisted|p2a: Dondozo
|-damage|p2a: Dondozo|41/100
|-resisted|p2a: Dondozo
|-damage|p2a: Dondozo|40/100
|-hitcount|p2a: Dondozo|4
|move|p2a: Dondozo|Waterfall|p1a: Kyurem
|-resisted|p1a: Kyurem
|-end|p1a: Kyurem|Substitute
|
|-heal|p2a: Dondozo|46/100|[from] item: Leftovers
|upkeep
|turn|8
|
|t:|1743926096
|move|p1a: Kyurem|Substitute|p1a: Kyurem
|-start|p1a: Kyurem|Substitute
|-damage|p1a: Kyurem|51/100
|move|p2a: Dondozo|Waterfall|p1a: Kyurem
|-resisted|p1a: Kyurem
|-end|p1a: Kyurem|Substitute
|
|-heal|p2a: Dondozo|52/100|[from] item: Leftovers
|upkeep
|turn|9
|
|t:|1743926103
|move|p1a: Kyurem|Scale Shot|p2a: Dondozo
|-damage|p2a: Dondozo|49/100
|-damage|p2a: Dondozo|46/100
|-damage|p2a: Dondozo|43/100
|-damage|p2a: Dondozo|39/100
|-hitcount|p2a: Dondozo|4
|-unboost|p1a: Kyurem|def|1
|-boost|p1a: Kyurem|spe|1
|move|p2a: Dondozo|Waterfall|p1a: Kyurem
|-resisted|p1a: Kyurem
|-damage|p1a: Kyurem|22/100
|
|-heal|p2a: Dondozo|45/100|[from] item: Leftovers
|upkeep
|turn|10
|
|t:|1743926116
|move|p1a: Kyurem|Scale Shot|p2a: Dondozo
|-damage|p2a: Dondozo|42/100
|-damage|p2a: Dondozo|38/100
|-damage|p2a: Dondozo|35/100
|-damage|p2a: Dondozo|32/100
|-hitcount|p2a: Dondozo|4
|-unboost|p1a: Kyurem|def|1
|move|p2a: Dondozo|Waterfall|p1a: Kyurem
|-resisted|p1a: Kyurem
|-damage|p1a: Kyurem|0 fnt
|faint|p1a: Kyurem
|
|-heal|p2a: Dondozo|38/100|[from] item: Leftovers
|upkeep
|
|t:|1743926124
|switch|p1a: Chandelure|Chandelure, M|100/100
|-status|p1a: Chandelure|tox
|turn|11
|
|t:|1743926132
|move|p1a: Chandelure|Energy Ball|p2a: Dondozo
|-supereffective|p2a: Dondozo
|-damage|p2a: Dondozo|0 fnt
|faint|p2a: Dondozo
|-damage|p1a: Chandelure|91/100 tox|[from] item: Life Orb
|
|-damage|p1a: Chandelure|84/100 tox|[from] psn
|upkeep
|
|t:|1743926146
|switch|p2a: Toxapex|Toxapex, M|100/100
|turn|12
|
|t:|1743926153
|move|p1a: Chandelure|Shadow Ball|p2a: Toxapex
|-damage|p2a: Toxapex|50/100
|-damage|p1a: Chandelure|74/100 tox|[from] item: Life Orb
|move|p2a: Toxapex|Surf|p1a: Chandelure
|-supereffective|p1a: Chandelure
|-damage|p1a: Chandelure|24/100 tox
|
|-damage|p1a: Chandelure|12/100 tox|[from] psn
|upkeep
|turn|13
|
|t:|1743926168
|switch|p2a: Blissey|Blissey, F|100/100
|move|p1a: Chandelure|Shadow Ball|p2a: Blissey
|-immune|p2a: Blissey
|
|-damage|p1a: Chandelure|0 fnt|[from] psn
|faint|p1a: Chandelure
|upkeep
|
|t:|1743926176
|switch|p1a: Glimmora|Glimmora, F|100/100
|-sideend|p1: 123lyf|move: Toxic Spikes|[of] p1a: Glimmora
|turn|14
|
|t:|1743926182
|move|p1a: Glimmora|Sludge Wave|p2a: Blissey
|-damage|p2a: Blissey|87/100
|move|p2a: Blissey|Calm Mind|p2a: Blissey
|-boost|p2a: Blissey|spa|1
|-boost|p2a: Blissey|spd|1
|
|upkeep
|turn|15
|
|t:|1743926196
|switch|p1a: Araquanid|Araquanid, F|100/100
|move|p2a: Blissey|Seismic Toss|p1a: Araquanid
|-damage|p1a: Araquanid|71/100
|-enditem|p1a: Araquanid|Red Card|[of] p2a: Blissey
|drag|p2a: Toxapex|Toxapex, M|84/100
|
|upkeep
|turn|16
|
|t:|1743926209
|move|p1a: Araquanid|Leech Life|p2a: Toxapex
|-resisted|p2a: Toxapex
|-damage|p2a: Toxapex|75/100
|-heal|p1a: Araquanid|75/100|[from] drain|[of] p2a: Toxapex
|-damage|p1a: Araquanid|59/100|[from] item: Rocky Helmet|[of] p2a: Toxapex
|move|p2a: Toxapex|Toxic Spikes|p1a: Araquanid
|-sidestart|p1: 123lyf|move: Toxic Spikes
|
|upkeep
|turn|17
|l| Snoring Goob
|
|t:|1743926222
|switch|p1a: Glimmora|Glimmora, F|100/100
|-sideend|p1: 123lyf|move: Toxic Spikes|[of] p1a: Glimmora
|move|p2a: Toxapex|Toxic Spikes|p1a: Glimmora
|-sidestart|p1: 123lyf|move: Toxic Spikes
|
|upkeep
|turn|18
|
|t:|1743926230
|switch|p2a: Blissey|Blissey, F|87/100
|move|p1a: Glimmora|Power Gem|p2a: Blissey
|-damage|p2a: Blissey|73/100
|
|upkeep
|turn|19
|
|t:|1743926237
|switch|p1a: Kingambit|Kingambit, M|100/100
|-activate|p1a: Kingambit|ability: Supreme Overlord
|-start|p1a: Kingambit|fallen2|[silent]
|move|p2a: Blissey|Seismic Toss|p1a: Kingambit
|-damage|p1a: Kingambit|76/100
|
|upkeep
|turn|20
|
|t:|1743926246
|switch|p2a: Toxapex|Toxapex, M|100/100
|move|p1a: Kingambit|Low Kick|p2a: Toxapex
|-resisted|p2a: Toxapex
|-damage|p2a: Toxapex|92/100
|-damage|p1a: Kingambit|59/100|[from] item: Rocky Helmet|[of] p2a: Toxapex
|
|upkeep
|turn|21
|
|t:|1743926255
|-end|p1a: Kingambit|fallen2|[silent]
|switch|p1a: Glimmora|Glimmora, F|100/100
|-sideend|p1: 123lyf|move: Toxic Spikes|[of] p1a: Glimmora
|move|p2a: Toxapex|Toxic Spikes|p1a: Glimmora
|-sidestart|p1: 123lyf|move: Toxic Spikes
|
|upkeep
|turn|22
|
|t:|1743926262
|switch|p1a: Landorus|Landorus-Therian, M|100/100
|-ability|p1a: Landorus|Intimidate|boost
|-unboost|p2a: Toxapex|atk|1
|move|p2a: Toxapex|Surf|p1a: Landorus
|-supereffective|p1a: Landorus
|-damage|p1a: Landorus|52/100
|
|upkeep
|turn|23
|
|t:|1743926282
|switch|p2a: Corviknight|Corviknight, M|100/100
|move|p1a: Landorus|Stealth Rock|p2a: Corviknight
|-sidestart|p2: Dimitry5000|move: Stealth Rock
|
|upkeep
|turn|24
|
|t:|1743926290
|move|p1a: Landorus|U-turn|p2a: Corviknight
|-resisted|p2a: Corviknight
|-damage|p2a: Corviknight|96/100
|-damage|p1a: Landorus|35/100|[from] item: Rocky Helmet|[of] p2a: Corviknight
|
|t:|1743926297
|switch|p1a: Glimmora|Glimmora, F|100/100|[from] U-turn
|-sideend|p1: 123lyf|move: Toxic Spikes|[of] p1a: Glimmora
|move|p2a: Corviknight|Defog|p1a: Glimmora
|-unboost|p1a: Glimmora|evasion|1
|-sideend|p2: Dimitry5000|Stealth Rock|[from] move: Defog|[of] p2a: Corviknight
|
|upkeep
|turn|25
|
|t:|1743926311
|switch|p2a: Blissey|Blissey, F|73/100
|move|p1a: Glimmora|Power Gem|p2a: Blissey
|-damage|p2a: Blissey|59/100
|
|upkeep
|turn|26
|
|t:|1743926317
|move|p1a: Glimmora|Sludge Wave|p2a: Blissey
|-damage|p2a: Blissey|43/100
|move|p2a: Blissey|Soft-Boiled|p2a: Blissey
|-heal|p2a: Blissey|93/100
|
|upkeep
|turn|27
|
|t:|1743926325
|switch|p1a: Kingambit|Kingambit, M|59/100
|-activate|p1a: Kingambit|ability: Supreme Overlord
|-start|p1a: Kingambit|fallen2|[silent]
|move|p2a: Blissey|Seismic Toss|p1a: Kingambit
|-damage|p1a: Kingambit|34/100
|
|upkeep
|turn|28
|
|t:|1743926335
|switch|p2a: Toxapex|Toxapex, M|100/100
|move|p1a: Kingambit|Kowtow Cleave|p2a: Toxapex
|-damage|p2a: Toxapex|44/100
|-damage|p1a: Kingambit|18/100|[from] item: Rocky Helmet|[of] p2a: Toxapex
|
|upkeep
|turn|29
|
|t:|1743926341
|switch|p2a: Corviknight|Corviknight, M|96/100
|move|p1a: Kingambit|Kowtow Cleave|p2a: Corviknight
|-damage|p2a: Corviknight|43/100
|-damage|p1a: Kingambit|1/100|[from] item: Rocky Helmet|[of] p2a: Corviknight
|
|upkeep
|turn|30
|
|t:|1743926352
|switch|p2a: Toxapex|Toxapex, M|77/100
|-end|p1a: Kingambit|fallen2|[silent]
|switch|p1a: Glimmora|Glimmora, F|100/100
|
|upkeep
|turn|31
|
|t:|1743926369
|switch|p2a: Blissey|Blissey, F|93/100
|move|p1a: Glimmora|Sludge Wave|p2a: Blissey
|-damage|p2a: Blissey|77/100
|
|upkeep
|turn|32
|
|t:|1743926378
|switch|p1a: Araquanid|Araquanid, F|59/100
|move|p2a: Blissey|Seismic Toss|p1a: Araquanid
|-damage|p1a: Araquanid|29/100
|
|upkeep
|turn|33
|
|t:|1743926387
|switch|p2a: Toxapex|Toxapex, M|100/100
|move|p1a: Araquanid|Leech Life|p2a: Toxapex
|-resisted|p2a: Toxapex
|-damage|p2a: Toxapex|92/100
|-heal|p1a: Araquanid|33/100|[from] drain|[of] p2a: Toxapex
|-damage|p1a: Araquanid|17/100|[from] item: Rocky Helmet|[of] p2a: Toxapex
|
|upkeep
|turn|34
|
|t:|1743926396
|move|p1a: Araquanid|Liquidation|p2a: Toxapex
|-resisted|p2a: Toxapex
|-damage|p2a: Toxapex|74/100
|-unboost|p2a: Toxapex|def|1
|-damage|p1a: Araquanid|0 fnt|[from] item: Rocky Helmet|[of] p2a: Toxapex
|faint|p1a: Araquanid
|move|p2a: Toxapex|Surf|p1: Araquanid|[notarget]
|-fail|p2a: Toxapex
|
|upkeep
|
|t:|1743926402
|switch|p1a: Landorus|Landorus-Therian, M|35/100
|-ability|p1a: Landorus|Intimidate|boost
|-unboost|p2a: Toxapex|atk|1
|turn|35
|
|t:|1743926414
|switch|p2a: Corviknight|Corviknight, M|43/100
|-terastallize|p1a: Landorus|Ice
|move|p1a: Landorus|Tera Blast|p2a: Corviknight|[anim] Tera Blast Ice
|-damage|p2a: Corviknight|13/100
|
|upkeep
|turn|36
|
|t:|1743926426
|switch|p2a: Toxapex|Toxapex, M|100/100
|move|p1a: Landorus|Tera Blast|p2a: Toxapex|[anim] Tera Blast Ice
|-resisted|p2a: Toxapex
|-damage|p2a: Toxapex|86/100
|
|upkeep
|turn|37
|
|t:|1743926434
|move|p1a: Landorus|Earthquake|p2a: Toxapex
|-supereffective|p2a: Toxapex
|-damage|p2a: Toxapex|16/100
|move|p2a: Toxapex|Surf|p1a: Landorus
|-damage|p1a: Landorus|12/100
|
|upkeep
|turn|38
|
|t:|1743926445
|switch|p2a: Corviknight|Corviknight, M|13/100
|move|p1a: Landorus|Earthquake|p2a: Corviknight
|-immune|p2a: Corviknight
|
|upkeep
|turn|39
|
|t:|1743926454
|move|p1a: Landorus|Tera Blast|p2a: Corviknight|[anim] Tera Blast Ice
|-damage|p2a: Corviknight|0 fnt
|faint|p2a: Corviknight
|
|upkeep
|
|t:|1743926459
|switch|p2a: Toxapex|Toxapex, M|50/100
|turn|40
|
|t:|1743926464
|switch|p2a: Gliscor|Gliscor, M|100/100
|move|p1a: Landorus|Earthquake|p2a: Gliscor
|-immune|p2a: Gliscor
|
|-status|p2a: Gliscor|tox|[from] item: Toxic Orb
|upkeep
|turn|41
|
|t:|1743926473
|move|p2a: Gliscor|Knock Off|p1a: Landorus
|-damage|p1a: Landorus|0 fnt
|-damage|p2a: Gliscor|84/100 tox|[from] item: Rocky Helmet|[of] p1a: Landorus
|-enditem|p1a: Landorus|Rocky Helmet|[from] move: Knock Off|[of] p2a: Gliscor
|faint|p1a: Landorus
|
|-heal|p2a: Gliscor|96/100 tox|[from] ability: Poison Heal
|upkeep
|
|t:|1743926480
|switch|p1a: Kingambit|Kingambit, M|1/100
|-activate|p1a: Kingambit|ability: Supreme Overlord
|-start|p1a: Kingambit|fallen4|[silent]
|turn|42
|
|t:|1743926487
|move|p1a: Kingambit|Sucker Punch|p2a: Gliscor
|-damage|p2a: Gliscor|29/100 tox
|move|p2a: Gliscor|Knock Off|p1a: Kingambit
|-resisted|p1a: Kingambit
|-damage|p1a: Kingambit|0 fnt
|-enditem|p1a: Kingambit|Choice Band|[from] move: Knock Off|[of] p2a: Gliscor
|faint|p1a: Kingambit
|-end|p1a: Kingambit|fallen4|[silent]
|
|-heal|p2a: Gliscor|42/100 tox|[from] ability: Poison Heal
|upkeep
|
|t:|1743926491
|switch|p1a: Glimmora|Glimmora, F|100/100
|turn|43
|
|t:|1743926505
|move|p2a: Gliscor|Protect|p2a: Gliscor
|-singleturn|p2a: Gliscor|Protect
|move|p1a: Glimmora|Sludge Wave|p2a: Gliscor
|-activate|p2a: Gliscor|move: Protect
|
|-heal|p2a: Gliscor|54/100 tox|[from] ability: Poison Heal
|upkeep
|turn|44
|
|t:|1743926512
|move|p2a: Gliscor|Substitute|p2a: Gliscor
|-start|p2a: Gliscor|Substitute
|-damage|p2a: Gliscor|29/100 tox
|move|p1a: Glimmora|Sludge Wave|p2a: Gliscor
|-resisted|p2a: Gliscor
|-end|p2a: Gliscor|Substitute
|
|-heal|p2a: Gliscor|42/100 tox|[from] ability: Poison Heal
|upkeep
|turn|45
|
|t:|1743926521
|move|p2a: Gliscor|Protect|p2a: Gliscor
|-singleturn|p2a: Gliscor|Protect
|move|p1a: Glimmora|Sludge Wave|p2a: Gliscor
|-activate|p2a: Gliscor|move: Protect
|
|-heal|p2a: Gliscor|54/100 tox|[from] ability: Poison Heal
|upkeep
|turn|46
|
|t:|1743926528
|move|p2a: Gliscor|Substitute|p2a: Gliscor
|-start|p2a: Gliscor|Substitute
|-damage|p2a: Gliscor|29/100 tox
|move|p1a: Glimmora|Sludge Wave|p2a: Gliscor
|-resisted|p2a: Gliscor
|-end|p2a: Gliscor|Substitute
|
|-heal|p2a: Gliscor|42/100 tox|[from] ability: Poison Heal
|upkeep
|turn|47
|
|t:|1743926541
|move|p2a: Gliscor|Protect|p2a: Gliscor
|-singleturn|p2a: Gliscor|Protect
|move|p1a: Glimmora|Power Gem|p2a: Gliscor
|-activate|p2a: Gliscor|move: Protect
|
|-heal|p2a: Gliscor|54/100 tox|[from] ability: Poison Heal
|upkeep
|turn|48
|
|t:|1743926549
|move|p2a: Gliscor|Substitute|p2a: Gliscor
|-start|p2a: Gliscor|Substitute
|-damage|p2a: Gliscor|29/100 tox
|move|p1a: Glimmora|Sludge Wave|p2a: Gliscor
|-resisted|p2a: Gliscor
|-end|p2a: Gliscor|Substitute
|
|-heal|p2a: Gliscor|42/100 tox|[from] ability: Poison Heal
|upkeep
|turn|49
|
|t:|1743926562
|move|p2a: Gliscor|Knock Off|p1a: Glimmora
|-damage|p1a: Glimmora|72/100
|-activate|p1a: Glimmora|ability: Toxic Debris
|-sidestart|p2: Dimitry5000|move: Toxic Spikes
|-enditem|p1a: Glimmora|Focus Sash|[from] move: Knock Off|[of] p2a: Gliscor
|move|p1a: Glimmora|Earth Power|p2a: Gliscor
|-immune|p2a: Gliscor
|
|-heal|p2a: Gliscor|54/100 tox|[from] ability: Poison Heal
|upkeep
|turn|50
|
|t:|1743926572
|move|p2a: Gliscor|Protect|p2a: Gliscor
|-singleturn|p2a: Gliscor|Protect
|move|p1a: Glimmora|Sludge Wave|p2a: Gliscor
|-activate|p2a: Gliscor|move: Protect
|
|-heal|p2a: Gliscor|67/100 tox|[from] ability: Poison Heal
|upkeep
|turn|51
|
|t:|1743926579
|move|p2a: Gliscor|Substitute|p2a: Gliscor
|-start|p2a: Gliscor|Substitute
|-damage|p2a: Gliscor|42/100 tox
|move|p1a: Glimmora|Sludge Wave|p2a: Gliscor
|-resisted|p2a: Gliscor
|-end|p2a: Gliscor|Substitute
|
|-heal|p2a: Gliscor|54/100 tox|[from] ability: Poison Heal
|upkeep
|turn|52
|
|t:|1743926587
|move|p2a: Gliscor|Protect|p2a: Gliscor
|-singleturn|p2a: Gliscor|Protect
|move|p1a: Glimmora|Sludge Wave|p2a: Gliscor
|-activate|p2a: Gliscor|move: Protect
|
|-heal|p2a: Gliscor|67/100 tox|[from] ability: Poison Heal
|upkeep
|turn|53
|
|t:|1743926594
|move|p2a: Gliscor|Substitute|p2a: Gliscor
|-start|p2a: Gliscor|Substitute
|-damage|p2a: Gliscor|42/100 tox
|move|p1a: Glimmora|Sludge Wave|p2a: Gliscor
|-resisted|p2a: Gliscor
|-end|p2a: Gliscor|Substitute
|
|-heal|p2a: Gliscor|54/100 tox|[from] ability: Poison Heal
|upkeep
|turn|54
|
|t:|1743926602
|move|p2a: Gliscor|Protect|p2a: Gliscor
|-singleturn|p2a: Gliscor|Protect
|move|p1a: Glimmora|Earth Power|p2a: Gliscor
|-activate|p2a: Gliscor|move: Protect
|
|-heal|p2a: Gliscor|67/100 tox|[from] ability: Poison Heal
|upkeep
|turn|55
|
|t:|1743926609
|move|p2a: Gliscor|Substitute|p2a: Gliscor
|-start|p2a: Gliscor|Substitute
|-damage|p2a: Gliscor|42/100 tox
|move|p1a: Glimmora|Sludge Wave|p2a: Gliscor
|-resisted|p2a: Gliscor
|-end|p2a: Gliscor|Substitute
|
|-heal|p2a: Gliscor|54/100 tox|[from] ability: Poison Heal
|upkeep
|turn|56
|
|t:|1743926617
|move|p2a: Gliscor|Substitute|p2a: Gliscor
|-start|p2a: Gliscor|Substitute
|-damage|p2a: Gliscor|29/100 tox
|move|p1a: Glimmora|Sludge Wave|p2a: Gliscor
|-resisted|p2a: Gliscor
|-end|p2a: Gliscor|Substitute
|
|-heal|p2a: Gliscor|42/100 tox|[from] ability: Poison Heal
|upkeep
|turn|57
|
|t:|1743926625
|move|p2a: Gliscor|Protect|p2a: Gliscor
|-singleturn|p2a: Gliscor|Protect
|move|p1a: Glimmora|Sludge Wave|p2a: Gliscor
|-activate|p2a: Gliscor|move: Protect
|
|-heal|p2a: Gliscor|54/100 tox|[from] ability: Poison Heal
|upkeep
|turn|58
|
|t:|1743926633
|move|p2a: Gliscor|Substitute|p2a: Gliscor
|-start|p2a: Gliscor|Substitute
|-damage|p2a: Gliscor|29/100 tox
|move|p1a: Glimmora|Energy Ball|p2a: Gliscor
|-end|p2a: Gliscor|Substitute
|
|-heal|p2a: Gliscor|42/100 tox|[from] ability: Poison Heal
|upkeep
|turn|59
|
|t:|1743926651
|move|p2a: Gliscor|Protect|p2a: Gliscor
|-singleturn|p2a: Gliscor|Protect
|move|p1a: Glimmora|Energy Ball|p2a: Gliscor
|-activate|p2a: Gliscor|move: Protect
|
|-heal|p2a: Gliscor|54/100 tox|[from] ability: Poison Heal
|upkeep
|turn|60
|
|t:|1743926663
|move|p2a: Gliscor|Substitute|p2a: Gliscor
|-start|p2a: Gliscor|Substitute
|-damage|p2a: Gliscor|29/100 tox
|move|p1a: Glimmora|Energy Ball|p2a: Gliscor
|-end|p2a: Gliscor|Substitute
|
|-heal|p2a: Gliscor|42/100 tox|[from] ability: Poison Heal
|upkeep
|turn|61
|
|t:|1743926670
|move|p2a: Gliscor|Protect|p2a: Gliscor
|-singleturn|p2a: Gliscor|Protect
|move|p1a: Glimmora|Energy Ball|p2a: Gliscor
|-activate|p2a: Gliscor|move: Protect
|
|-heal|p2a: Gliscor|54/100 tox|[from] ability: Poison Heal
|upkeep
|turn|62
|
|t:|1743926678
|switch|p2a: Toxapex|Toxapex, M|83/100
|-sideend|p2: Dimitry5000|move: Toxic Spikes|[of] p2a: Toxapex
|move|p1a: Glimmora|Energy Ball|p2a: Toxapex
|-damage|p2a: Toxapex|56/100
|
|upkeep
|turn|63
|
|t:|1743926686
|move|p1a: Glimmora|Power Gem|p2a: Toxapex
|-damage|p2a: Toxapex|22/100
|move|p2a: Toxapex|Recover|p2a: Toxapex
|-heal|p2a: Toxapex|72/100
|
|upkeep
|turn|64
|
|t:|1743926695
|switch|p2a: Blissey|Blissey, F|77/100
|move|p1a: Glimmora|Power Gem|p2a: Blissey
|-damage|p2a: Blissey|63/100
|
|upkeep
|turn|65
|
|t:|1743926702
|move|p1a: Glimmora|Earth Power|p2a: Blissey
|-damage|p2a: Blissey|53/100
|move|p2a: Blissey|Seismic Toss|p1a: Glimmora
|-damage|p1a: Glimmora|40/100
|-activate|p1a: Glimmora|ability: Toxic Debris
|-sidestart|p2: Dimitry5000|move: Toxic Spikes
|
|upkeep
|turn|66
|
|t:|1743926710
|move|p1a: Glimmora|Energy Ball|p2a: Blissey
|-damage|p2a: Blissey|43/100
|move|p2a: Blissey|Seismic Toss|p1a: Glimmora
|-damage|p1a: Glimmora|7/100
|-activate|p1a: Glimmora|ability: Toxic Debris
|-sidestart|p2: Dimitry5000|move: Toxic Spikes
|
|upkeep
|turn|67
|
|t:|1743926717
|move|p1a: Glimmora|Sludge Wave|p2a: Blissey
|-damage|p2a: Blissey|29/100
|move|p2a: Blissey|Seismic Toss|p1a: Glimmora
|-damage|p1a: Glimmora|0 fnt
|faint|p1a: Glimmora
|
|win|Dimitry5000
|raw|123lyf's rating: 1373 &rarr; <strong>1354</strong><br />(-19 for losing)
|raw|Dimitry5000's rating: 1394 &rarr; <strong>1413</strong><br />(+19 for winning)
|l|☆Dimitry5000
|player|p2|
|l|☆123lyf
|player|p1|
