|j|‽cmac1030
|j|☆2ptQMumwOr0bO72P
|t:|1743783253
|gametype|singles
|player|p1|cmac1030|266|1000
|player|p2|2ptQMumwOr0bO72P|1|1000
|teamsize|p1|6
|teamsize|p2|6
|gen|9
|tier|[Gen 9] OU
|rated|
|rule|HP Percentage Mod: HP is shown in percentages
|rule|Endless Battle Clause: Forcing endless battles is banned
|rule|Species Clause: Limit one of each Pokémon
|rule|OHKO Clause: OHKO moves are banned
|rule|Evasion Items Clause: Evasion items are banned
|rule|Evasion Moves Clause: Evasion moves are banned
|rule|Sleep Moves Clause: Sleep-inducing moves are banned
|clearpoke
|poke|p1|Zamazenta-*|
|poke|p1|Cresselia, F|
|poke|p1|Hoopa-Unbound|
|poke|p1|Goodra-Hisui, M|
|poke|p1|Kingambit, M|
|poke|p1|Great Tusk|
|poke|p2|Comfey, F|
|poke|p2|Whimsicott, M|
|poke|p2|Iron Moth|
|poke|p2|Walking Wake|
|poke|p2|Great Tusk|
|poke|p2|Ninetales, F|
|teampreview
|inactive|Battle timer is ON: inactive players will automatically lose when time's up. (requested by 2ptQMumwOr0bO72P)
|
|t:|1743783259
|start
|switch|p1a: Goodra|Goodra-Hisui, M|100/100
|switch|p2a: Ninetales|Ninetales, F|100/100
|-weather|SunnyDay|[from] ability: Drought|[of] p2a: Ninetales
|turn|1
|
|t:|1743783280
|switch|p2a: Great Tusk|Great Tusk|100/100
|-activate|p2a: Great Tusk|ability: Protosynthesis
|-start|p2a: Great Tusk|protosynthesisspe
|switch|p1a: Great Tusk|Great Tusk, shiny|100/100
|-activate|p1a: Great Tusk|ability: Protosynthesis
|-start|p1a: Great Tusk|protosynthesisdef
|
|-weather|SunnyDay|[upkeep]
|upkeep
|turn|2
|inactive|cmac1030 has 120 seconds left.
|
|t:|1743783305
|-end|p2a: Great Tusk|Protosynthesis|[silent]
|switch|p2a: Whimsicott|Whimsicott, M|100/100
|-terastallize|p1a: Great Tusk|Water
|move|p1a: Great Tusk|Earthquake|p2a: Whimsicott
|-resisted|p2a: Whimsicott
|-damage|p2a: Whimsicott|74/100
|
|-weather|SunnyDay|[upkeep]
|upkeep
|turn|3
|
|t:|1743783314
|move|p2a: Whimsicott|Growth|p2a: Whimsicott
|-boost|p2a: Whimsicott|atk|2
|-boost|p2a: Whimsicott|spa|2
|move|p1a: Great Tusk|Stealth Rock|p2a: Whimsicott
|-sidestart|p2: 2ptQMumwOr0bO72P|move: Stealth Rock
|
|-weather|SunnyDay|[upkeep]
|upkeep
|turn|4
|
|t:|1743783322
|move|p2a: Whimsicott|Growth|p2a: Whimsicott
|-boost|p2a: Whimsicott|atk|2
|-boost|p2a: Whimsicott|spa|2
|move|p1a: Great Tusk|Stealth Rock||[still]
|-fail|p1a: Great Tusk
|
|-weather|SunnyDay|[upkeep]
|upkeep
|turn|5
|inactive|cmac1030 has 120 seconds left.
|
|t:|1743783347
|-end|p1a: Great Tusk|Protosynthesis|[silent]
|switch|p1a: Zamazenta|Zamazenta|100/100
|-ability|p1a: Zamazenta|Dauntless Shield|boost
|-boost|p1a: Zamazenta|def|1
|move|p2a: Whimsicott|Growth|p2a: Whimsicott
|-boost|p2a: Whimsicott|atk|2
|-boost|p2a: Whimsicott|spa|2
|
|-weather|SunnyDay|[upkeep]
|upkeep
|turn|6
|
|t:|1743783355
|move|p2a: Whimsicott|Moonblast|p1a: Zamazenta
|-supereffective|p1a: Zamazenta
|-damage|p1a: Zamazenta|0 fnt
|faint|p1a: Zamazenta
|-damage|p2a: Whimsicott|64/100|[from] item: Life Orb
|
|-weather|SunnyDay|[upkeep]
|upkeep
|
|t:|1743783359
|switch|p1a: Kingambit|Kingambit, M|100/100
|-activate|p1a: Kingambit|ability: Supreme Overlord
|-start|p1a: Kingambit|fallen1|[silent]
|turn|7
|
|t:|1743783366
|move|p2a: Whimsicott|Moonblast|p1a: Kingambit
|-damage|p1a: Kingambit|0 fnt
|faint|p1a: Kingambit
|-end|p1a: Kingambit|fallen1|[silent]
|-damage|p2a: Whimsicott|54/100|[from] item: Life Orb
|
|-weather|SunnyDay|[upkeep]
|upkeep
|
|t:|1743783370
|switch|p1a: Goodra|Goodra-Hisui, M|100/100
|turn|8
|
|t:|1743783376
|move|p2a: Whimsicott|Moonblast|p1a: Goodra
|-damage|p1a: Goodra|0 fnt
|faint|p1a: Goodra
|-damage|p2a: Whimsicott|44/100|[from] item: Life Orb
|
|-weather|none
|upkeep
|
|t:|1743783378
|switch|p1a: Hoopa|Hoopa-Unbound|100/100
|turn|9
|
|t:|1743783383
|move|p2a: Whimsicott|Moonblast|p1a: Hoopa
|-supereffective|p1a: Hoopa
|-damage|p1a: Hoopa|0 fnt
|faint|p1a: Hoopa
|-damage|p2a: Whimsicott|35/100|[from] item: Life Orb
|
|upkeep
|
|t:|1743783386
|switch|p1a: Great Tusk|Great Tusk, shiny, tera:Water|100/100
|turn|10
|
|t:|1743783388
|move|p2a: Whimsicott|Giga Drain|p1a: Great Tusk
|-supereffective|p1a: Great Tusk
|-damage|p1a: Great Tusk|0 fnt
|-heal|p2a: Whimsicott|100/100|[from] drain|[of] p1a: Great Tusk
|faint|p1a: Great Tusk
|-end|p1a: Great Tusk|Protosynthesis|[silent]
|-damage|p2a: Whimsicott|91/100|[from] item: Life Orb
|
|upkeep
|
|t:|1743783391
|switch|p1a: Cresselia|Cresselia, F, shiny|100/100
|turn|11
|
|t:|1743783395
|-terastallize|p2a: Whimsicott|Ghost
|move|p2a: Whimsicott|Shadow Ball|p1a: Cresselia
|-supereffective|p1a: Cresselia
|-damage|p1a: Cresselia|0 fnt
|faint|p1a: Cresselia
|-damage|p2a: Whimsicott|81/100|[from] item: Life Orb
|
|win|2ptQMumwOr0bO72P
|raw|cmac1030's rating: 1000 &rarr; <strong>1000</strong><br />(+0 for losing)
|raw|2ptQMumwOr0bO72P's rating: 1000 &rarr; <strong>1040</strong><br />(+40 for winning)
