|j|☆sumerand
|j|☆raichu a luv songg
|t:|1743890350
|gametype|singles
|player|p1|sumerand|ghetsis|1307
|player|p2|raichu a luv songg|170|1314
|teamsize|p1|6
|teamsize|p2|6
|gen|9
|tier|[Gen 9] OU
|rated|
|rule|HP Percentage Mod: HP is shown in percentages
|rule|Endless Battle Clause: Forcing endless battles is banned
|rule|Species Clause: Limit one of each Pokémon
|rule|OHKO Clause: OHKO moves are banned
|rule|Evasion Items Clause: Evasion items are banned
|rule|Evasion Moves Clause: Evasion moves are banned
|rule|Sleep Moves Clause: Sleep-inducing moves are banned
|clearpoke
|poke|p1|Inteleon, M|
|poke|p1|Dragapult, F|
|poke|p1|Cinderace, M|
|poke|p1|Corviknight, F|
|poke|p1|Alomomola, M|
|poke|p1|Ting-Lu|
|poke|p2|Incineroar, M|
|poke|p2|Alomomola, M|
|poke|p2|Zamazenta-*|
|poke|p2|Gliscor, M|
|poke|p2|Corviknight, M|
|poke|p2|Primarina, M|
|teampreview
|inactive|Battle timer is ON: inactive players will automatically lose when time's up. (requested by sumerand)
|
|t:|1743890358
|start
|switch|p1a: Ting-Lu|Ting-Lu|100/100
|switch|p2a: Gliscor|Gliscor, M|100/100
|-ability|p1a: Ting-Lu|Vessel of Ruin
|turn|1
|
|t:|1743890365
|move|p2a: Gliscor|Toxic|p1a: Ting-Lu
|-status|p1a: Ting-Lu|tox
|move|p1a: Ting-Lu|Stealth Rock|p2a: Gliscor
|-sidestart|p2: raichu a luv songg|move: Stealth Rock
|
|-damage|p1a: Ting-Lu|94/100 tox|[from] psn
|-status|p2a: Gliscor|tox|[from] item: Toxic Orb
|upkeep
|turn|2
|
|t:|1743890374
|move|p2a: Gliscor|Stealth Rock|p1a: Ting-Lu
|-sidestart|p1: sumerand|move: Stealth Rock
|move|p1a: Ting-Lu|Ruination|p2a: Gliscor
|-damage|p2a: Gliscor|50/100 tox
|
|-heal|p1a: Ting-Lu|100/100 tox|[from] item: Leftovers
|-heal|p2a: Gliscor|63/100 tox|[from] ability: Poison Heal
|-damage|p1a: Ting-Lu|88/100 tox|[from] psn
|upkeep
|turn|3
|
|t:|1743890384
|move|p2a: Gliscor|Protect|p2a: Gliscor
|-singleturn|p2a: Gliscor|Protect
|move|p1a: Ting-Lu|Whirlwind|p2a: Gliscor
|drag|p2a: Zamazenta|Zamazenta|100/100
|-ability|p2a: Zamazenta|Dauntless Shield|boost
|-boost|p2a: Zamazenta|def|1
|
|-heal|p1a: Ting-Lu|94/100 tox|[from] item: Leftovers
|-damage|p1a: Ting-Lu|76/100 tox|[from] psn
|upkeep
|turn|4
|
|t:|1743890395
|switch|p1a: Alomomola|Alomomola, M|100/100
|move|p2a: Zamazenta|Iron Defense|p2a: Zamazenta
|-boost|p2a: Zamazenta|def|2
|
|upkeep
|turn|5
|
|t:|1743890401
|move|p2a: Zamazenta|Body Press|p1a: Alomomola
|-damage|p1a: Alomomola|60/100
|move|p1a: Alomomola|Scald|p2a: Zamazenta
|-damage|p2a: Zamazenta|89/100
|
|upkeep
|turn|6
|
|t:|1743890412
|switch|p2a: Primarina|Primarina, M|100/100
|-damage|p2a: Primarina|88/100|[from] Stealth Rock
|move|p1a: Alomomola|Scald|p2a: Primarina
|-resisted|p2a: Primarina
|-damage|p2a: Primarina|83/100
|
|-heal|p2a: Primarina|89/100|[from] item: Leftovers
|upkeep
|turn|7
|
|t:|1743890422
|switch|p1a: Ting-Lu|Ting-Lu|76/100 tox
|-damage|p1a: Ting-Lu|69/100 tox|[from] Stealth Rock
|-ability|p1a: Ting-Lu|Vessel of Ruin
|move|p2a: Primarina|Substitute|p2a: Primarina
|-start|p2a: Primarina|Substitute
|-damage|p2a: Primarina|64/100
|
|-heal|p2a: Primarina|70/100|[from] item: Leftovers
|-heal|p1a: Ting-Lu|76/100 tox|[from] item: Leftovers
|-damage|p1a: Ting-Lu|69/100 tox|[from] psn
|upkeep
|turn|8
|
|t:|1743890435
|move|p2a: Primarina|Hydro Pump|p1a: Ting-Lu
|-supereffective|p1a: Ting-Lu
|-damage|p1a: Ting-Lu|16/100 tox
|move|p1a: Ting-Lu|Whirlwind|p2a: Primarina
|drag|p2a: Incineroar|Incineroar, M|100/100
|-ability|p2a: Incineroar|Intimidate|boost
|-unboost|p1a: Ting-Lu|atk|1
|
|-heal|p1a: Ting-Lu|23/100 tox|[from] item: Leftovers
|-damage|p1a: Ting-Lu|10/100 tox|[from] psn
|upkeep
|turn|9
|
|t:|1743890447
|switch|p1a: Alomomola|Alomomola, M|93/100
|move|p2a: Incineroar|Parting Shot|p1a: Alomomola
|-unboost|p1a: Alomomola|atk|1
|-unboost|p1a: Alomomola|spa|1
|
|t:|1743890453
|switch|p2a: Primarina|Primarina, M|70/100|[from] Parting Shot
|-damage|p2a: Primarina|58/100|[from] Stealth Rock
|
|-heal|p2a: Primarina|64/100|[from] item: Leftovers
|upkeep
|turn|10
|
|t:|1743890463
|move|p2a: Primarina|Substitute|p2a: Primarina
|-start|p2a: Primarina|Substitute
|-damage|p2a: Primarina|39/100
|move|p1a: Alomomola|Flip Turn|p2a: Primarina
|-resisted|p2a: Primarina
|-activate|p2a: Primarina|move: Substitute|[damage]
|
|t:|1743890473
|switch|p1a: Cinderace|Cinderace, M|100/100|[from] Flip Turn
|
|-heal|p2a: Primarina|45/100|[from] item: Leftovers
|upkeep
|turn|11
|
|t:|1743890479
|move|p1a: Cinderace|Pyro Ball|p2a: Primarina
|-resisted|p2a: Primarina
|-end|p2a: Primarina|Substitute
|move|p2a: Primarina|Hydro Pump|p1a: Cinderace
|-supereffective|p1a: Cinderace
|-damage|p1a: Cinderace|0 fnt
|faint|p1a: Cinderace
|
|-heal|p2a: Primarina|51/100|[from] item: Leftovers
|upkeep
|
|t:|1743890489
|switch|p1a: Dragapult|Dragapult, F|100/100
|-damage|p1a: Dragapult|88/100|[from] Stealth Rock
|turn|12
|
|t:|1743890496
|switch|p2a: Alomomola|Alomomola, M|100/100
|-terastallize|p1a: Dragapult|Ghost
|move|p1a: Dragapult|Tera Blast|p2a: Alomomola|[anim] Tera Blast Ghost
|-damage|p2a: Alomomola|52/100
|
|upkeep
|turn|13
|
|t:|1743890505
|move|p1a: Dragapult|Tera Blast|p2a: Alomomola|[anim] Tera Blast Ghost
|-damage|p2a: Alomomola|0 fnt
|faint|p2a: Alomomola
|
|upkeep
|
|t:|1743890511
|switch|p2a: Incineroar|Incineroar, M|100/100
|-ability|p2a: Incineroar|Intimidate|boost
|-fail|p1a: Dragapult|unboost|[from] ability: Clear Body|[of] p1a: Dragapult
|turn|14
|
|t:|1743890516
|switch|p1a: Alomomola|Alomomola, M|100/100
|move|p2a: Incineroar|Knock Off|p1a: Alomomola
|-damage|p1a: Alomomola|81/100
|-enditem|p1a: Alomomola|Heavy-Duty Boots|[from] move: Knock Off|[of] p2a: Incineroar
|
|upkeep
|turn|15
|
|t:|1743890523
|move|p1a: Alomomola|Flip Turn|p2a: Incineroar
|-supereffective|p2a: Incineroar
|-damage|p2a: Incineroar|72/100
|
|t:|1743890527
|switch|p1a: Ting-Lu|Ting-Lu|10/100 tox|[from] Flip Turn
|-damage|p1a: Ting-Lu|4/100 tox|[from] Stealth Rock
|-ability|p1a: Ting-Lu|Vessel of Ruin
|move|p2a: Incineroar|Taunt|p1a: Ting-Lu
|-start|p1a: Ting-Lu|move: Taunt
|
|-heal|p1a: Ting-Lu|10/100 tox|[from] item: Leftovers
|-damage|p1a: Ting-Lu|4/100 tox|[from] psn
|upkeep
|turn|16
|
|t:|1743890540
|move|p2a: Incineroar|Knock Off|p1a: Ting-Lu
|-resisted|p1a: Ting-Lu
|-damage|p1a: Ting-Lu|0 fnt
|-enditem|p1a: Ting-Lu|Leftovers|[from] move: Knock Off|[of] p2a: Incineroar
|faint|p1a: Ting-Lu
|
|upkeep
|
|t:|1743890546
|switch|p1a: Inteleon|Inteleon, M|100/100
|-damage|p1a: Inteleon|88/100|[from] Stealth Rock
|turn|17
|
|t:|1743890561
|switch|p2a: Gliscor|Gliscor, M|63/100 tox
|-damage|p2a: Gliscor|50/100 tox|[from] Stealth Rock
|move|p1a: Inteleon|Surf|p2a: Gliscor
|-supereffective|p2a: Gliscor
|-damage|p2a: Gliscor|0 fnt
|faint|p2a: Gliscor
|
|upkeep
|
|t:|1743890574
|switch|p2a: Primarina|Primarina, M|51/100
|-damage|p2a: Primarina|39/100|[from] Stealth Rock
|turn|18
|
|t:|1743890578
|move|p1a: Inteleon|Surf|p2a: Primarina
|-resisted|p2a: Primarina
|-damage|p2a: Primarina|8/100
|move|p2a: Primarina|Moonblast|p1a: Inteleon
|-damage|p1a: Inteleon|0 fnt
|faint|p1a: Inteleon
|
|-heal|p2a: Primarina|14/100|[from] item: Leftovers
|upkeep
|
|t:|1743890589
|switch|p1a: Dragapult|Dragapult, F, tera:Ghost|88/100
|-damage|p1a: Dragapult|76/100|[from] Stealth Rock
|turn|19
|
|t:|1743890595
|switch|p2a: Incineroar|Incineroar, M|72/100
|-ability|p2a: Incineroar|Intimidate|boost
|-fail|p1a: Dragapult|unboost|[from] ability: Clear Body|[of] p1a: Dragapult
|move|p1a: Dragapult|Tera Blast|p2a: Incineroar|[anim] Tera Blast Ghost
|-resisted|p2a: Incineroar
|-damage|p2a: Incineroar|32/100
|
|upkeep
|turn|20
|
|t:|1743890603
|move|p1a: Dragapult|Tera Blast|p2a: Incineroar|[anim] Tera Blast Ghost
|-resisted|p2a: Incineroar
|-damage|p2a: Incineroar|0 fnt
|faint|p2a: Incineroar
|
|upkeep
|
|t:|1743890607
|switch|p2a: Corviknight|Corviknight, M|100/100
|-damage|p2a: Corviknight|88/100|[from] Stealth Rock
|-ability|p2a: Corviknight|Pressure
|turn|21
|
|t:|1743890613
|move|p1a: Dragapult|Tera Blast|p2a: Corviknight|[anim] Tera Blast Ghost
|-damage|p2a: Corviknight|39/100
|move|p2a: Corviknight|Defog|p1a: Dragapult
|-fail|p1a: Dragapult|unboost|[from] ability: Clear Body|[of] p1a: Dragapult
|-sideend|p1: sumerand|Stealth Rock|[from] move: Defog|[of] p2a: Corviknight
|-sideend|p2: raichu a luv songg|Stealth Rock|[from] move: Defog|[of] p2a: Corviknight
|
|upkeep
|turn|22
|
|t:|1743890624
|move|p1a: Dragapult|Tera Blast|p2a: Corviknight|[anim] Tera Blast Ghost
|-damage|p2a: Corviknight|0 fnt
|faint|p2a: Corviknight
|
|upkeep
|
|t:|1743890626
|switch|p2a: Zamazenta|Zamazenta|89/100
|turn|23
|
|t:|1743890636
|switch|p1a: Corviknight|Corviknight, F|100/100
|-ability|p1a: Corviknight|Pressure
|move|p2a: Zamazenta|Iron Defense|p2a: Zamazenta
|-boost|p2a: Zamazenta|def|2
|
|upkeep
|turn|24
|
|t:|1743890644
|move|p2a: Zamazenta|Iron Defense|p2a: Zamazenta
|-boost|p2a: Zamazenta|def|2
|move|p1a: Corviknight|Iron Defense|p1a: Corviknight
|-boost|p1a: Corviknight|def|2
|
|upkeep
|turn|25
|
|t:|1743890650
|move|p2a: Zamazenta|Iron Defense|p2a: Zamazenta
|-boost|p2a: Zamazenta|def|2
|move|p1a: Corviknight|Iron Defense|p1a: Corviknight
|-boost|p1a: Corviknight|def|2
|
|upkeep
|turn|26
|
|t:|1743890658
|move|p2a: Zamazenta|Body Press|p1a: Corviknight
|-damage|p1a: Corviknight|70/100
|-damage|p2a: Zamazenta|73/100|[from] item: Rocky Helmet|[of] p1a: Corviknight
|move|p1a: Corviknight|Iron Defense|p1a: Corviknight
|-boost|p1a: Corviknight|def|2
|
|upkeep
|turn|27
|
|t:|1743890665
|move|p2a: Zamazenta|Body Press|p1a: Corviknight
|-damage|p1a: Corviknight|48/100
|-damage|p2a: Zamazenta|56/100|[from] item: Rocky Helmet|[of] p1a: Corviknight
|move|p1a: Corviknight|Body Press|p2a: Zamazenta
|-damage|p2a: Zamazenta|32/100
|
|upkeep
|turn|28
|
|t:|1743890673
|switch|p2a: Primarina|Primarina, M|14/100
|move|p1a: Corviknight|Roost|p1a: Corviknight
|-heal|p1a: Corviknight|98/100
|-singleturn|p1a: Corviknight|move: Roost
|
|-heal|p2a: Primarina|21/100|[from] item: Leftovers
|upkeep
|turn|29
|
|t:|1743890683
|switch|p1a: Alomomola|Alomomola, M|100/100
|move|p2a: Primarina|Hydro Pump|p1a: Alomomola|[miss]
|-miss|p2a: Primarina|p1a: Alomomola
|
|-heal|p2a: Primarina|27/100|[from] item: Leftovers
|upkeep
|turn|30
|
|t:|1743890691
|move|p2a: Primarina|Substitute|p2a: Primarina
|-start|p2a: Primarina|Substitute
|-damage|p2a: Primarina|2/100
|move|p1a: Alomomola|Play Rough|p2a: Primarina
|-activate|p2a: Primarina|move: Substitute|[damage]
|
|-heal|p2a: Primarina|8/100|[from] item: Leftovers
|upkeep
|turn|31
|
|t:|1743890700
|-terastallize|p2a: Primarina|Steel
|move|p2a: Primarina|Calm Mind|p2a: Primarina
|-boost|p2a: Primarina|spa|1
|-boost|p2a: Primarina|spd|1
|move|p1a: Alomomola|Flip Turn|p2a: Primarina
|-end|p2a: Primarina|Substitute
|-message|raichu a luv songg forfeited.
|
|win|sumerand
|raw|sumerand's rating: 1307 &rarr; <strong>1327</strong><br />(+20 for winning)
|raw|raichu a luv songg's rating: 1314 &rarr; <strong>1294</strong><br />(-20 for losing)
|l|☆raichu a luv songg
|player|p2|
