|j|☆Oyayo Ai Hoshino
|j|☆xAmethystx
|t:|1743791962
|gametype|singles
|player|p1|Oyayo Ai Hoshino|kris-masters|1585
|player|p2|xAmethystx|miku-ground|1543
|teamsize|p1|6
|teamsize|p2|6
|gen|9
|tier|[Gen 9] OU
|rated|
|rule|HP Percentage Mod: HP is shown in percentages
|rule|Endless Battle Clause: Forcing endless battles is banned
|rule|Species Clause: Limit one of each Pokémon
|rule|OHKO Clause: OHKO moves are banned
|rule|Evasion Items Clause: Evasion items are banned
|rule|Evasion Moves Clause: Evasion moves are banned
|rule|Sleep Moves Clause: Sleep-inducing moves are banned
|clearpoke
|poke|p1|Dragapult, M|
|poke|p1|Darkrai|
|poke|p1|Corviknight, F|
|poke|p1|Fezandipiti, M|
|poke|p1|Ting-Lu|
|poke|p1|Pecharunt|
|poke|p2|Chandelure, M|
|poke|p2|Kingambit, F|
|poke|p2|Great Tusk|
|poke|p2|Corviknight, F|
|poke|p2|Rotom-Wash|
|poke|p2|Hatterene, F|
|teampreview
|inactive|Battle timer is ON: inactive players will automatically lose when time's up. (requested by Oyayo Ai Hoshino)
|
|t:|1743791979
|start
|switch|p1a: Dragapult|Dragapult, M|100/100
|switch|p2a: Rotom|Rotom-Wash|100/100
|turn|1
|
|t:|1743791985
|move|p1a: Dragapult|Will-O-Wisp|p2a: Rotom
|-status|p2a: Rotom|brn
|move|p2a: Rotom|Will-O-Wisp|p1a: Dragapult
|-status|p1a: Dragapult|brn
|
|-damage|p1a: Dragapult|95/100 brn|[from] brn
|-damage|p2a: Rotom|94/100 brn|[from] brn
|upkeep
|turn|2
|
|t:|1743791989
|move|p2a: Rotom|Protect|p2a: Rotom
|-singleturn|p2a: Rotom|Protect
|move|p1a: Dragapult|Hex|p2a: Rotom
|-activate|p2a: Rotom|move: Protect
|
|-heal|p2a: Rotom|100/100 brn|[from] item: Leftovers
|-damage|p1a: Dragapult|89/100 brn|[from] brn
|-damage|p2a: Rotom|94/100 brn|[from] brn
|upkeep
|turn|3
|
|t:|1743792002
|move|p1a: Dragapult|Hex|p2a: Rotom
|-damage|p2a: Rotom|34/100 brn
|move|p2a: Rotom|Volt Switch|p1a: Dragapult
|-resisted|p1a: Dragapult
|-damage|p1a: Dragapult|70/100 brn
|
|t:|1743792025
|switch|p2a: Hatterene|Hatterene, F|100/100|[from] Volt Switch
|
|-damage|p1a: Dragapult|64/100 brn|[from] brn
|upkeep
|turn|4
|
|t:|1743792049
|move|p1a: Dragapult|U-turn|p2a: Hatterene
|-damage|p2a: Hatterene|93/100
|
|t:|1743792053
|switch|p1a: Fezandipiti|Fezandipiti, M|100/100|[from] U-turn
|move|p2a: Hatterene|Psyshock|p1a: Fezandipiti
|-supereffective|p1a: Fezandipiti
|-damage|p1a: Fezandipiti|24/100
|
|-heal|p2a: Hatterene|99/100|[from] item: Leftovers
|upkeep
|turn|5
|
|t:|1743792060
|switch|p2a: Corviknight|Corviknight, F, shiny|100/100
|move|p1a: Fezandipiti|Sludge Bomb|p2a: Corviknight
|-immune|p2a: Corviknight
|
|upkeep
|turn|6
|
|t:|1743792089
|move|p1a: Fezandipiti|Roost|p1a: Fezandipiti
|-heal|p1a: Fezandipiti|74/100
|-singleturn|p1a: Fezandipiti|move: Roost
|move|p2a: Corviknight|U-turn|p1a: Fezandipiti
|-resisted|p1a: Fezandipiti
|-damage|p1a: Fezandipiti|70/100
|
|t:|1743792109
|switch|p2a: Kingambit|Kingambit, F|100/100|[from] U-turn
|
|upkeep
|turn|7
|
|t:|1743792124
|switch|p1a: Corviknight|Corviknight, F|100/100
|-ability|p1a: Corviknight|Pressure
|-end|p2a: Kingambit|fallenundefined|[silent]
|switch|p2a: Corviknight|Corviknight, F, shiny|100/100
|
|upkeep
|turn|8
|
|t:|1743792131
|move|p1a: Corviknight|U-turn|p2a: Corviknight
|-resisted|p2a: Corviknight
|-damage|p2a: Corviknight|98/100
|
|t:|1743792135
|switch|p1a: Pecharunt|Pecharunt|100/100|[from] U-turn
|move|p2a: Corviknight|U-turn|p1a: Pecharunt
|-resisted|p1a: Pecharunt
|-damage|p1a: Pecharunt|99/100
|
|t:|1743792139
|switch|p2a: Great Tusk|Great Tusk|100/100|[from] U-turn
|
|upkeep
|turn|9
|
|t:|1743792163
|switch|p1a: Corviknight|Corviknight, F|100/100
|-ability|p1a: Corviknight|Pressure
|move|p2a: Great Tusk|Supercell Slam|p1a: Corviknight
|-supereffective|p1a: Corviknight
|-crit|p1a: Corviknight
|-damage|p1a: Corviknight|2/100
|
|upkeep
|turn|10
|
|t:|1743792172
|switch|p1a: Pecharunt|Pecharunt|99/100
|move|p2a: Great Tusk|Supercell Slam|p1a: Pecharunt
|-damage|p1a: Pecharunt|74/100
|
|upkeep
|turn|11
|
|t:|1743792187
|-end|p2a: Great Tusk|Protosynthesis|[silent]
|switch|p2a: Kingambit|Kingambit, F|100/100
|move|p1a: Pecharunt|Malignant Chain|p2a: Kingambit
|-immune|p2a: Kingambit
|
|upkeep
|turn|12
|
|t:|1743792197
|move|p1a: Pecharunt|Parting Shot|p2a: Kingambit
|-unboost|p2a: Kingambit|atk|1
|-unboost|p2a: Kingambit|spa|1
|inactive|Oyayo Ai Hoshino has 120 seconds left.
|
|t:|1743792252
|switch|p1a: Ting-Lu|Ting-Lu|100/100|[from] Parting Shot
|-ability|p1a: Ting-Lu|Vessel of Ruin
|move|p2a: Kingambit|Kowtow Cleave|p1a: Ting-Lu
|-resisted|p1a: Ting-Lu
|-damage|p1a: Ting-Lu|93/100
|
|-heal|p1a: Ting-Lu|99/100|[from] item: Leftovers
|upkeep
|turn|13
|
|t:|1743792259
|-end|p2a: Kingambit|fallenundefined|[silent]
|switch|p2a: Hatterene|Hatterene, F|99/100
|move|p1a: Ting-Lu|Stealth Rock|p2a: Hatterene
|move|p2a: Hatterene|Stealth Rock|p1a: Ting-Lu|[from] ability: Magic Bounce
|-sidestart|p1: Oyayo Ai Hoshino|move: Stealth Rock
|
|-heal|p1a: Ting-Lu|100/100|[from] item: Leftovers
|-heal|p2a: Hatterene|100/100|[from] item: Leftovers
|upkeep
|turn|14
|
|t:|1743792285
|move|p1a: Ting-Lu|Earthquake|p2a: Hatterene
|-damage|p2a: Hatterene|72/100
|move|p2a: Hatterene|Calm Mind|p2a: Hatterene
|-boost|p2a: Hatterene|spa|1
|-boost|p2a: Hatterene|spd|1
|
|-heal|p2a: Hatterene|78/100|[from] item: Leftovers
|upkeep
|turn|15
|
|t:|1743792294
|switch|p1a: Fezandipiti|Fezandipiti, M|70/100
|move|p2a: Hatterene|Draining Kiss|p1a: Fezandipiti
|-resisted|p1a: Fezandipiti
|-damage|p1a: Fezandipiti|59/100
|-heal|p2a: Hatterene|88/100|[from] drain|[of] p1a: Fezandipiti
|
|-heal|p2a: Hatterene|94/100|[from] item: Leftovers
|upkeep
|turn|16
|
|t:|1743792300
|move|p1a: Fezandipiti|Sludge Bomb|p2a: Hatterene
|-supereffective|p2a: Hatterene
|-damage|p2a: Hatterene|56/100
|move|p2a: Hatterene|Psyshock|p1a: Fezandipiti
|-supereffective|p1a: Fezandipiti
|-damage|p1a: Fezandipiti|0 fnt
|faint|p1a: Fezandipiti
|
|-heal|p2a: Hatterene|62/100|[from] item: Leftovers
|upkeep
|
|t:|1743792317
|switch|p1a: Pecharunt|Pecharunt|74/100
|turn|17
|
|t:|1743792323
|-terastallize|p2a: Hatterene|Steel
|move|p1a: Pecharunt|Malignant Chain|p2a: Hatterene
|-immune|p2a: Hatterene
|move|p2a: Hatterene|Psyshock|p1a: Pecharunt
|-supereffective|p1a: Pecharunt
|-damage|p1a: Pecharunt|21/100
|
|-heal|p2a: Hatterene|68/100|[from] item: Leftovers
|upkeep
|turn|18
|
|t:|1743792330
|move|p1a: Pecharunt|Parting Shot|p2a: Hatterene
|move|p2a: Hatterene|Parting Shot|p1a: Pecharunt|[from] ability: Magic Bounce
|-unboost|p1a: Pecharunt|atk|1
|-unboost|p1a: Pecharunt|spa|1
|
|t:|1743792342
|switch|p2a: Great Tusk|Great Tusk|100/100|[from] Parting Shot
|
|upkeep
|turn|19
|
|t:|1743792347
|switch|p1a: Corviknight|Corviknight, F|2/100
|-damage|p1a: Corviknight|0 fnt|[from] Stealth Rock
|faint|p1a: Corviknight
|move|p2a: Great Tusk|Headlong Rush|p1: Corviknight|[notarget]
|-fail|p2a: Great Tusk
|
|upkeep
|
|t:|1743792353
|switch|p1a: Darkrai|Darkrai|100/100
|turn|20
|
|t:|1743792357
|move|p1a: Darkrai|Ice Beam|p2a: Great Tusk
|-supereffective|p2a: Great Tusk
|-damage|p2a: Great Tusk|8/100
|move|p2a: Great Tusk|Headlong Rush|p1a: Darkrai
|-damage|p1a: Darkrai|0 fnt
|-unboost|p2a: Great Tusk|def|1
|-unboost|p2a: Great Tusk|spd|1
|faint|p1a: Darkrai
|
|upkeep
|
|t:|1743792363
|switch|p1a: Dragapult|Dragapult, M|64/100 brn
|turn|21
|
|t:|1743792369
|-end|p2a: Great Tusk|Protosynthesis|[silent]
|switch|p2a: Rotom|Rotom-Wash|34/100 brn
|move|p1a: Dragapult|Hex|p2a: Rotom
|-damage|p2a: Rotom|0 fnt
|faint|p2a: Rotom
|
|-damage|p1a: Dragapult|58/100 brn|[from] brn
|upkeep
|
|t:|1743792384
|switch|p2a: Hatterene|Hatterene, F, tera:Steel|68/100
|turn|22
|
|t:|1743792394
|move|p1a: Dragapult|U-turn|p2a: Hatterene
|-resisted|p2a: Hatterene
|-damage|p2a: Hatterene|64/100
|
|t:|1743792395
|switch|p1a: Ting-Lu|Ting-Lu|100/100|[from] U-turn
|-damage|p1a: Ting-Lu|94/100|[from] Stealth Rock
|-ability|p1a: Ting-Lu|Vessel of Ruin
|move|p2a: Hatterene|Draining Kiss|p1a: Ting-Lu
|-supereffective|p1a: Ting-Lu
|-damage|p1a: Ting-Lu|74/100
|-heal|p2a: Hatterene|89/100|[from] drain|[of] p1a: Ting-Lu
|
|-heal|p1a: Ting-Lu|80/100|[from] item: Leftovers
|-heal|p2a: Hatterene|95/100|[from] item: Leftovers
|upkeep
|turn|23
|
|t:|1743792401
|move|p1a: Ting-Lu|Earthquake|p2a: Hatterene
|-supereffective|p2a: Hatterene
|-damage|p2a: Hatterene|37/100
|move|p2a: Hatterene|Calm Mind|p2a: Hatterene
|-boost|p2a: Hatterene|spa|1
|-boost|p2a: Hatterene|spd|1
|
|-heal|p1a: Ting-Lu|86/100|[from] item: Leftovers
|-heal|p2a: Hatterene|43/100|[from] item: Leftovers
|upkeep
|turn|24
|
|t:|1743792409
|switch|p2a: Corviknight|Corviknight, F, shiny|98/100
|move|p1a: Ting-Lu|Earthquake|p2a: Corviknight
|-immune|p2a: Corviknight
|
|-heal|p2a: Corviknight|100/100|[from] item: Leftovers
|-heal|p1a: Ting-Lu|93/100|[from] item: Leftovers
|upkeep
|turn|25
|
|t:|1743792415
|move|p2a: Corviknight|U-turn|p1a: Ting-Lu
|-supereffective|p1a: Ting-Lu
|-damage|p1a: Ting-Lu|76/100
|
|t:|1743792417
|switch|p2a: Hatterene|Hatterene, F, tera:Steel|43/100|[from] U-turn
|move|p1a: Ting-Lu|Spikes|p2a: Hatterene
|move|p2a: Hatterene|Spikes|p1a: Ting-Lu|[from] ability: Magic Bounce
|-sidestart|p1: Oyayo Ai Hoshino|Spikes
|
|-heal|p1a: Ting-Lu|82/100|[from] item: Leftovers
|-heal|p2a: Hatterene|49/100|[from] item: Leftovers
|upkeep
|turn|26
|
|t:|1743792422
|switch|p2a: Corviknight|Corviknight, F, shiny|100/100
|move|p1a: Ting-Lu|Earthquake|p2a: Corviknight
|-immune|p2a: Corviknight
|
|-heal|p1a: Ting-Lu|88/100|[from] item: Leftovers
|upkeep
|turn|27
|
|t:|1743792425
|move|p2a: Corviknight|U-turn|p1a: Ting-Lu
|-supereffective|p1a: Ting-Lu
|-damage|p1a: Ting-Lu|73/100
|
|t:|1743792427
|switch|p2a: Hatterene|Hatterene, F, tera:Steel|49/100|[from] U-turn
|move|p1a: Ting-Lu|Earthquake|p2a: Hatterene
|-supereffective|p2a: Hatterene
|-damage|p2a: Hatterene|0 fnt
|faint|p2a: Hatterene
|
|-heal|p1a: Ting-Lu|79/100|[from] item: Leftovers
|upkeep
|
|t:|1743792430
|switch|p2a: Great Tusk|Great Tusk|8/100
|turn|28
|
|t:|1743792440
|-terastallize|p1a: Ting-Lu|Water
|move|p2a: Great Tusk|Headlong Rush|p1a: Ting-Lu
|-damage|p1a: Ting-Lu|30/100
|-unboost|p2a: Great Tusk|def|1
|-unboost|p2a: Great Tusk|spd|1
|move|p1a: Ting-Lu|Earthquake|p2a: Great Tusk
|-damage|p2a: Great Tusk|0 fnt
|faint|p2a: Great Tusk
|-end|p2a: Great Tusk|Protosynthesis|[silent]
|
|-heal|p1a: Ting-Lu|37/100|[from] item: Leftovers
|upkeep
|
|t:|1743792464
|switch|p2a: Chandelure|Chandelure, M|100/100
|turn|29
|
|t:|1743792467
|move|p2a: Chandelure|Energy Ball|p1a: Ting-Lu
|-supereffective|p1a: Ting-Lu
|-crit|p1a: Ting-Lu
|-damage|p1a: Ting-Lu|0 fnt
|faint|p1a: Ting-Lu
|
|upkeep
|
|t:|1743792473
|switch|p1a: Pecharunt|Pecharunt|21/100
|turn|30
|
|t:|1743792476
|switch|p2a: Kingambit|Kingambit, F|100/100
|-activate|p2a: Kingambit|ability: Supreme Overlord
|-start|p2a: Kingambit|fallen3|[silent]
|move|p1a: Pecharunt|Recover|p1a: Pecharunt
|-heal|p1a: Pecharunt|71/100
|
|upkeep
|turn|31
|
|t:|1743792480
|move|p1a: Pecharunt|Parting Shot|p2a: Kingambit
|-unboost|p2a: Kingambit|atk|1
|-unboost|p2a: Kingambit|spa|1
|
|t:|1743792481
|switch|p1a: Dragapult|Dragapult, M|58/100 brn|[from] Parting Shot
|move|p2a: Kingambit|Kowtow Cleave|p1a: Dragapult
|-supereffective|p1a: Dragapult
|-damage|p1a: Dragapult|0 fnt
|faint|p1a: Dragapult
|
|upkeep
|-message|Oyayo Ai Hoshino forfeited.
|
|win|xAmethystx
|raw|Oyayo Ai Hoshino's rating: 1599 &rarr; <strong>1576</strong><br />(-23 for losing)
|raw|xAmethystx's rating: 1543 &rarr; <strong>1566</strong><br />(+23 for winning)
|l|☆Oyayo Ai Hoshino
|player|p1|
|l|☆xAmethystx
|player|p2|
