|j|☆Kishon234
|j|☆jibreel69
|t:|1743832664
|gametype|singles
|player|p1|Kishon234|101|1243
|player|p2|jibreel69|clair|1220
|teamsize|p1|6
|teamsize|p2|6
|gen|9
|tier|[Gen 9] OU
|rated|
|rule|HP Percentage Mod: HP is shown in percentages
|rule|Endless Battle Clause: Forcing endless battles is banned
|rule|Species Clause: Limit one of each Pokémon
|rule|OHKO Clause: OHKO moves are banned
|rule|Evasion Items Clause: Evasion items are banned
|rule|Evasion Moves Clause: Evasion moves are banned
|rule|Sleep Moves Clause: Sleep-inducing moves are banned
|clearpoke
|poke|p1|Iron Boulder|
|poke|p1|Garchomp, M|
|poke|p1|Corviknight, M|
|poke|p1|Raging Bolt|
|poke|p1|Hoopa-Unbound|
|poke|p1|Slowking-Galar, F|
|poke|p2|Thundurus-Therian, M|
|poke|p2|Cinderace, F|
|poke|p2|Corviknight, M|
|poke|p2|Alomomola, M|
|poke|p2|Iron Treads|
|poke|p2|Walking Wake|
|teampreview
|
|t:|1743832676
|start
|switch|p1a: Iron Boulder|Iron Boulder|100/100
|switch|p2a: Walking Wake|Walking Wake|100/100
|turn|1
|inactive|Battle timer is ON: inactive players will automatically lose when time's up. (requested by jibreel69)
|
|t:|1743832727
|-end|p1a: Iron Boulder|Quark Drive|[silent]
|switch|p1a: Slowking|Slowking-Galar, F|100/100
|move|p2a: Walking Wake|Hydro Steam|p1a: Slowking
|-damage|p1a: Slowking|82/100
|
|upkeep
|turn|2
|
|t:|1743832751
|move|p2a: Walking Wake|Knock Off|p1a: Slowking
|-supereffective|p1a: Slowking
|-damage|p1a: Slowking|44/100
|-enditem|p1a: Slowking|Assault Vest|[from] move: Knock Off|[of] p2a: Walking Wake
|move|p1a: Slowking|Flamethrower|p2a: Walking Wake
|-resisted|p2a: Walking Wake
|-damage|p2a: Walking Wake|95/100
|
|upkeep
|turn|3
|
|t:|1743832761
|switch|p1a: Corviknight|Corviknight, M|100/100
|-ability|p1a: Corviknight|Pressure
|move|p2a: Walking Wake|Knock Off|p1a: Corviknight
|-damage|p1a: Corviknight|89/100
|-enditem|p1a: Corviknight|Leftovers|[from] move: Knock Off|[of] p2a: Walking Wake
|
|upkeep
|turn|4
|
|t:|1743832770
|move|p2a: Walking Wake|Hydro Steam|p1a: Corviknight
|-crit|p1a: Corviknight
|-damage|p1a: Corviknight|37/100
|move|p1a: Corviknight|U-turn|p2a: Walking Wake
|-damage|p2a: Walking Wake|81/100
|
|t:|1743832786
|switch|p1a: Raging Bolt|Raging Bolt|100/100|[from] U-turn
|-enditem|p1a: Raging Bolt|Booster Energy
|-activate|p1a: Raging Bolt|ability: Protosynthesis|[fromitem]
|-start|p1a: Raging Bolt|protosynthesisspa
|
|upkeep
|turn|5
|
|t:|1743832805
|move|p1a: Raging Bolt|Thunderclap|p2a: Walking Wake
|-damage|p2a: Walking Wake|47/100
|move|p2a: Walking Wake|Draco Meteor|p1a: Raging Bolt
|-supereffective|p1a: Raging Bolt
|-damage|p1a: Raging Bolt|0 fnt
|-unboost|p2a: Walking Wake|spa|2
|faint|p1a: Raging Bolt
|-end|p1a: Raging Bolt|Protosynthesis|[silent]
|
|upkeep
|
|t:|1743832813
|switch|p1a: Iron Boulder|Iron Boulder|100/100
|turn|6
|
|t:|1743832824
|move|p1a: Iron Boulder|Mighty Cleave|p2a: Walking Wake
|-damage|p2a: Walking Wake|0 fnt
|faint|p2a: Walking Wake
|-end|p2a: Walking Wake|Protosynthesis|[silent]
|
|upkeep
|
|t:|1743832835
|switch|p2a: Iron Treads|Iron Treads|100/100
|turn|7
|
|t:|1743832841
|-end|p1a: Iron Boulder|Quark Drive|[silent]
|switch|p1a: Corviknight|Corviknight, M|37/100
|-ability|p1a: Corviknight|Pressure
|move|p2a: Iron Treads|Earthquake|p1a: Corviknight
|-immune|p1a: Corviknight
|
|upkeep
|turn|8
|
|t:|1743832845
|move|p2a: Iron Treads|Supercell Slam|p1a: Corviknight
|-supereffective|p1a: Corviknight
|-damage|p1a: Corviknight|0 fnt
|faint|p1a: Corviknight
|
|upkeep
|
|t:|1743832852
|switch|p1a: Iron Boulder|Iron Boulder|100/100
|turn|9
|
|t:|1743832856
|move|p1a: Iron Boulder|Close Combat|p2a: Iron Treads
|-supereffective|p2a: Iron Treads
|-damage|p2a: Iron Treads|0 fnt
|-unboost|p1a: Iron Boulder|def|1
|-unboost|p1a: Iron Boulder|spd|1
|faint|p2a: Iron Treads
|-end|p2a: Iron Treads|Quark Drive|[silent]
|
|upkeep
|
|t:|1743832867
|switch|p2a: Alomomola|Alomomola, M, shiny|100/100
|turn|10
|inactive|Kishon234 has 120 seconds left.
|
|t:|1743832903
|-end|p1a: Iron Boulder|Quark Drive|[silent]
|switch|p1a: Garchomp|Garchomp, M|100/100
|move|p2a: Alomomola|Flip Turn|p1a: Garchomp
|-damage|p1a: Garchomp|90/100
|-damage|p2a: Alomomola|88/100|[from] ability: Rough Skin|[of] p1a: Garchomp
|-damage|p2a: Alomomola|72/100|[from] item: Rocky Helmet|[of] p1a: Garchomp
|
|t:|1743832924
|switch|p2a: Thundurus|Thundurus-Therian, M, shiny|100/100|[from] Flip Turn
|
|upkeep
|turn|11
|inactive|Kishon234 has 120 seconds left.
|
|t:|1743832936
|switch|p1a: Slowking|Slowking-Galar, F|77/100
|-terastallize|p2a: Thundurus|Fairy
|move|p2a: Thundurus|Tera Blast|p1a: Slowking|[anim] Tera Blast Fairy
|-resisted|p1a: Slowking
|-damage|p1a: Slowking|51/100
|
|upkeep
|turn|12
|
|t:|1743832945
|switch|p2a: Corviknight|Corviknight, M|100/100
|-ability|p2a: Corviknight|Pressure
|move|p1a: Slowking|Sludge Bomb|p2a: Corviknight
|-immune|p2a: Corviknight
|
|upkeep
|turn|13
|
|t:|1743832952
|move|p2a: Corviknight|Brave Bird|p1a: Slowking
|-damage|p1a: Slowking|10/100
|-damage|p2a: Corviknight|87/100|[from] Recoil
|move|p1a: Slowking|Flamethrower|p2a: Corviknight
|-supereffective|p2a: Corviknight
|-damage|p2a: Corviknight|27/100
|
|upkeep
|turn|14
|
|t:|1743832962
|switch|p1a: Garchomp|Garchomp, M|90/100
|move|p2a: Corviknight|Brave Bird|p1a: Garchomp
|-damage|p1a: Garchomp|68/100
|-damage|p2a: Corviknight|15/100|[from] ability: Rough Skin|[of] p1a: Garchomp
|-damage|p2a: Corviknight|0 fnt|[from] item: Rocky Helmet|[of] p1a: Garchomp
|faint|p2a: Corviknight
|
|upkeep
|
|t:|1743832973
|switch|p2a: Thundurus|Thundurus-Therian, M, shiny, tera:Fairy|100/100
|turn|15
|
|t:|1743832986
|switch|p1a: Slowking|Slowking-Galar, F|43/100
|move|p2a: Thundurus|Dark Pulse|p1a: Slowking
|-supereffective|p1a: Slowking
|-damage|p1a: Slowking|0 fnt
|faint|p1a: Slowking
|
|upkeep
|
|t:|1743832991
|switch|p1a: Iron Boulder|Iron Boulder|100/100
|turn|16
|
|t:|1743833006
|move|p1a: Iron Boulder|Mighty Cleave|p2a: Thundurus
|-damage|p2a: Thundurus|0 fnt
|faint|p2a: Thundurus
|
|upkeep
|
|t:|1743833011
|switch|p2a: Alomomola|Alomomola, M, shiny|100/100
|turn|17
|
|t:|1743833035
|-end|p1a: Iron Boulder|Quark Drive|[silent]
|switch|p1a: Garchomp|Garchomp, M|68/100
|move|p2a: Alomomola|Flip Turn|p1a: Garchomp
|-damage|p1a: Garchomp|57/100
|-damage|p2a: Alomomola|88/100|[from] ability: Rough Skin|[of] p1a: Garchomp
|-damage|p2a: Alomomola|72/100|[from] item: Rocky Helmet|[of] p1a: Garchomp
|
|t:|1743833043
|switch|p2a: Cinderace|Cinderace, F|100/100|[from] Flip Turn
|
|upkeep
|turn|18
|
|t:|1743833052
|move|p2a: Cinderace|U-turn|p1a: Garchomp
|-start|p2a: Cinderace|typechange|Bug|[from] ability: Libero
|-damage|p1a: Garchomp|37/100
|-damage|p2a: Cinderace|88/100|[from] ability: Rough Skin|[of] p1a: Garchomp
|-damage|p2a: Cinderace|72/100|[from] item: Rocky Helmet|[of] p1a: Garchomp
|
|t:|1743833057
|switch|p2a: Alomomola|Alomomola, M, shiny|100/100|[from] U-turn
|move|p1a: Garchomp|Earthquake|p2a: Alomomola
|-damage|p2a: Alomomola|76/100
|
|upkeep
|turn|19
|
|t:|1743833065
|move|p2a: Alomomola|Wish|p2a: Alomomola
|move|p1a: Garchomp|Dragon Tail|p2a: Alomomola
|-damage|p2a: Alomomola|61/100
|-damage|p1a: Garchomp|20/100|[from] item: Rocky Helmet|[of] p2a: Alomomola
|drag|p2a: Cinderace|Cinderace, F|72/100
|
|upkeep
|turn|20
|
|t:|1743833092
|move|p2a: Cinderace|Pyro Ball|p1a: Garchomp|[miss]
|-miss|p2a: Cinderace|p1a: Garchomp
|move|p1a: Garchomp|Earthquake|p2a: Cinderace
|-supereffective|p2a: Cinderace
|-damage|p2a: Cinderace|0 fnt
|faint|p2a: Cinderace
|
|upkeep
|c|☆jibreel69|c0inderace u clown
|
|t:|1743833110
|switch|p2a: Alomomola|Alomomola, M, shiny|94/100
|turn|21
|inactive|Kishon234 has 120 seconds left.
|
|t:|1743833159
|move|p2a: Alomomola|Wish|p2a: Alomomola
|move|p1a: Garchomp|Dragon Tail|p2a: Alomomola
|-damage|p2a: Alomomola|79/100
|-damage|p1a: Garchomp|4/100|[from] item: Rocky Helmet|[of] p2a: Alomomola
|
|upkeep
|turn|22
|
|t:|1743833167
|move|p1a: Garchomp|Earthquake|p2a: Alomomola
|-damage|p2a: Alomomola|50/100
|move|p2a: Alomomola|Flip Turn|p1a: Garchomp
|-damage|p1a: Garchomp|0 fnt
|-damage|p2a: Alomomola|38/100|[from] ability: Rough Skin|[of] p1a: Garchomp
|-damage|p2a: Alomomola|21/100|[from] item: Rocky Helmet|[of] p1a: Garchomp
|faint|p1a: Garchomp
|
|-heal|p2a: Alomomola|71/100|[from] move: Wish|[wisher] Alomomola
|upkeep
|
|t:|1743833173
|switch|p1a: Hoopa|Hoopa-Unbound|100/100
|turn|23
|
|t:|1743833180
|move|p1a: Hoopa|Trick|p2a: Alomomola
|-activate|p1a: Hoopa|move: Trick|[of] p2a: Alomomola
|-item|p2a: Alomomola|Choice Scarf|[from] move: Trick
|-item|p1a: Hoopa|Rocky Helmet|[from] move: Trick
|move|p2a: Alomomola|Wish|p2a: Alomomola
|
|upkeep
|turn|24
|c|☆jibreel69|this guy
|c|☆Kishon234|gg
|
|t:|1743833197
|move|p1a: Hoopa|Psychic|p2a: Alomomola
|-damage|p2a: Alomomola|31/100
|move|p2a: Alomomola|Wish||[still]
|-fail|p2a: Alomomola
|
|-heal|p2a: Alomomola|80/100|[from] move: Wish|[wisher] Alomomola
|upkeep
|turn|25
|c|☆jibreel69|gg mayn
|c|☆Kishon234|gg
|-message|jibreel69 forfeited.
|
|win|Kishon234
|raw|Kishon234's rating: 1243 &rarr; <strong>1266</strong><br />(+23 for winning)
|raw|jibreel69's rating: 1220 &rarr; <strong>1197</strong><br />(-23 for losing)
