|j|☆DayBreak0911
|j|☆leihuo
|t:|1743937460
|gametype|singles
|player|p1|DayBreak0911|hooligans|1121
|player|p2|leihuo|102|1170
|teamsize|p1|6
|teamsize|p2|6
|gen|9
|tier|[Gen 9] OU
|rated|
|rule|HP Percentage Mod: HP is shown in percentages
|rule|Endless Battle Clause: Forcing endless battles is banned
|rule|Species Clause: Limit one of each Pokémon
|rule|OHKO Clause: OHKO moves are banned
|rule|Evasion Items Clause: Evasion items are banned
|rule|Evasion Moves Clause: Evasion moves are banned
|rule|Sleep Moves Clause: Sleep-inducing moves are banned
|clearpoke
|poke|p1|Arboliva, F|
|poke|p1|Sandaconda, M|
|poke|p1|Scream Tail|
|poke|p1|Uxie|
|poke|p1|Deoxys-Defense|
|poke|p1|Tentacruel, F|
|poke|p2|Ninetales-Alola, F|
|poke|p2|Dragonite, M|
|poke|p2|Great Tusk|
|poke|p2|Garganacl, F|
|poke|p2|Ogerpon-Wellspring, F|
|poke|p2|Revavroom, F|
|teampreview
|inactive|Battle timer is ON: inactive players will automatically lose when time's up. (requested by DayBreak0911)
|
|t:|1743937465
|start
|switch|p1a: Beeg brain|Uxie|100/100
|switch|p2a: Ninetales|Ninetales-Alola, F|100/100
|-weather|Snowscape|[from] ability: Snow Warning|[of] p2a: Ninetales
|turn|1
|
|t:|1743937469
|move|p2a: Ninetales|Aurora Veil|p2a: Ninetales
|-sidestart|p2: leihuo|move: Aurora Veil
|move|p1a: Beeg brain|Nasty Plot|p1a: Beeg brain
|-boost|p1a: Beeg brain|spa|2
|
|-weather|Snowscape|[upkeep]
|upkeep
|turn|2
|
|t:|1743937474
|move|p2a: Ninetales|Encore|p1a: Beeg brain
|-start|p1a: Beeg brain|Encore
|move|p1a: Beeg brain|Nasty Plot|p1a: Beeg brain
|-boost|p1a: Beeg brain|spa|2
|
|-weather|Snowscape|[upkeep]
|upkeep
|turn|3
|
|t:|1743937481
|switch|p2a: Revavroom|Revavroom, F|100/100
|move|p1a: Beeg brain|Nasty Plot|p1a: Beeg brain
|-boost|p1a: Beeg brain|spa|2
|
|-weather|Snowscape|[upkeep]
|upkeep
|turn|4
|
|t:|1743937489
|move|p1a: Beeg brain|Nasty Plot|p1a: Beeg brain
|-boost|p1a: Beeg brain|spa|0
|move|p2a: Revavroom|Shift Gear|p2a: Revavroom
|-boost|p2a: Revavroom|spe|2
|-boost|p2a: Revavroom|atk|1
|
|-weather|Snowscape|[upkeep]
|-end|p1a: Beeg brain|Encore
|upkeep
|turn|5
|
|t:|1743937495
|move|p2a: Revavroom|Gunk Shot|p1a: Beeg brain
|-damage|p1a: Beeg brain|0 fnt
|faint|p1a: Beeg brain
|-damage|p2a: Revavroom|91/100|[from] item: Life Orb
|
|-weather|none
|upkeep
|
|t:|1743937500
|switch|p1a: Chonky dratini|Sandaconda, M, shiny|100/100
|turn|6
|
|t:|1743937507
|-terastallize|p2a: Revavroom|Ghost
|move|p2a: Revavroom|Iron Head|p1a: Chonky dratini
|-damage|p1a: Chonky dratini|20/100
|-damage|p2a: Revavroom|81/100|[from] item: Life Orb
|move|p1a: Chonky dratini|Coil|p1a: Chonky dratini
|-boost|p1a: Chonky dratini|atk|1
|-boost|p1a: Chonky dratini|def|1
|-boost|p1a: Chonky dratini|accuracy|1
|
|upkeep
|turn|7
|-message|DayBreak0911 forfeited.
|
|win|leihuo
|raw|DayBreak0911's rating: 1121 &rarr; <strong>1100</strong><br />(-21 for losing)
|raw|leihuo's rating: 1170 &rarr; <strong>1191</strong><br />(+21 for winning)
|l|☆DayBreak0911
|player|p1|
|l|☆leihuo
|player|p2|
