|j|☆kshuaib734
|j|☆SushiSlice
|t:|1743812807
|gametype|singles
|player|p1|kshuaib734|steven|1621
|player|p2|SushiSlice|dawn|1622
|teamsize|p1|6
|teamsize|p2|6
|gen|9
|tier|[Gen 9] OU
|rated|
|rule|HP Percentage Mod: HP is shown in percentages
|rule|Endless Battle Clause: Forcing endless battles is banned
|rule|Species Clause: Limit one of each Pokémon
|rule|OHKO Clause: OHKO moves are banned
|rule|Evasion Items Clause: Evasion items are banned
|rule|Evasion Moves Clause: Evasion moves are banned
|rule|Sleep Moves Clause: Sleep-inducing moves are banned
|clearpoke
|poke|p1|Tyranitar, F|
|poke|p1|Jolteon, F|
|poke|p1|Pelipper, F|
|poke|p1|Quaquaval, M|
|poke|p1|Qwilfish-Hisui, F|
|poke|p1|Excadrill, F|
|poke|p2|Zamazenta-*|
|poke|p2|Gliscor, F|
|poke|p2|Kingambit, F|
|poke|p2|Great Tusk|
|poke|p2|Gholdengo|
|poke|p2|Ogerpon-Wellspring, F|
|teampreview
|inactive|Battle timer is ON: inactive players will automatically lose when time's up. (requested by kshuaib734)
|
|t:|1743812820
|start
|switch|p1a: King Tyrant|Tyranitar, F|100/100
|switch|p2a: Zamazenta|Zamazenta|100/100
|-ability|p2a: Zamazenta|Dauntless Shield|boost
|-boost|p2a: Zamazenta|def|1
|-weather|Sandstorm|[from] ability: Sand Stream|[of] p1a: King Tyrant
|turn|1
|
|t:|1743812837
|-terastallize|p1a: King Tyrant|Ghost
|move|p2a: Zamazenta|Light Screen|p2a: Zamazenta
|-sidestart|p2: SushiSlice|move: Light Screen
|move|p1a: King Tyrant|Knock Off|p2a: Zamazenta
|-resisted|p2a: Zamazenta
|-damage|p2a: Zamazenta|88/100
|-enditem|p2a: Zamazenta|Light Clay|[from] move: Knock Off|[of] p1a: King Tyrant
|
|-weather|Sandstorm|[upkeep]
|-damage|p2a: Zamazenta|82/100|[from] Sandstorm
|-damage|p1a: King Tyrant|94/100|[from] Sandstorm
|upkeep
|turn|2
|j| Kingo123456789
|
|t:|1743812846
|move|p2a: Zamazenta|Reflect|p2a: Zamazenta
|-sidestart|p2: SushiSlice|Reflect
|move|p1a: King Tyrant|Stealth Rock|p2a: Zamazenta
|-sidestart|p2: SushiSlice|move: Stealth Rock
|
|-weather|Sandstorm|[upkeep]
|-damage|p2a: Zamazenta|76/100|[from] Sandstorm
|-damage|p1a: King Tyrant|88/100|[from] Sandstorm
|upkeep
|turn|3
|l| Kingo123456789
|
|t:|1743812852
|switch|p2a: Ogerpon|Ogerpon-Wellspring, F|100/100
|-damage|p2a: Ogerpon|88/100|[from] Stealth Rock
|switch|p1a: Tyrant's Downpour|Pelipper, F|100/100
|-weather|RainDance|[from] ability: Drizzle|[of] p1a: Tyrant's Downpour
|
|-weather|RainDance|[upkeep]
|upkeep
|turn|4
|
|t:|1743812873
|-terastallize|p2a: Ogerpon|Water
|detailschange|p2a: Ogerpon|Ogerpon-Wellspring-Tera, F, tera:Water
|-ability|p2a: Ogerpon|Embody Aspect (Wellspring)|boost
|-boost|p2a: Ogerpon|spd|1
|move|p2a: Ogerpon|Swords Dance|p2a: Ogerpon
|-boost|p2a: Ogerpon|atk|2
|move|p1a: Tyrant's Downpour|U-turn|p2a: Ogerpon
|-damage|p2a: Ogerpon|82/100
|
|t:|1743812881
|switch|p1a: Tyrant's Envoy|Jolteon, F|100/100|[from] U-turn
|
|-weather|RainDance|[upkeep]
|-status|p1a: Tyrant's Envoy|brn|[from] item: Flame Orb
|upkeep
|turn|5
|
|t:|1743812889
|move|p1a: Tyrant's Envoy|Volt Switch|p2a: Ogerpon
|-supereffective|p2a: Ogerpon
|-crit|p2a: Ogerpon
|-damage|p2a: Ogerpon|0 fnt
|faint|p2a: Ogerpon
|c|☆kshuaib734|sorry
|
|t:|1743812895
|switch|p1a: Tyrant's Enforcer|Qwilfish-Hisui, F|100/100|[from] Volt Switch
|
|-weather|RainDance|[upkeep]
|upkeep
|
|t:|1743812906
|switch|p2a: Gliscor|Gliscor, F|100/100
|-damage|p2a: Gliscor|88/100|[from] Stealth Rock
|turn|6
|
|t:|1743812912
|move|p1a: Tyrant's Enforcer|Spikes|p2a: Gliscor
|-sidestart|p2: SushiSlice|Spikes
|move|p2a: Gliscor|Agility|p2a: Gliscor
|-boost|p2a: Gliscor|spe|2
|
|-weather|RainDance|[upkeep]
|-sideend|p2: SushiSlice|Reflect
|-status|p2a: Gliscor|tox|[from] item: Toxic Orb
|upkeep
|turn|7
|
|t:|1743812920
|move|p2a: Gliscor|Agility|p2a: Gliscor
|-boost|p2a: Gliscor|spe|2
|move|p1a: Tyrant's Enforcer|Liquidation|p2a: Gliscor
|-supereffective|p2a: Gliscor
|-damage|p2a: Gliscor|22/100 tox
|
|-weather|RainDance|[upkeep]
|-heal|p2a: Gliscor|34/100 tox|[from] ability: Poison Heal
|upkeep
|turn|8
|
|t:|1743812930
|move|p2a: Gliscor|Earthquake|p1a: Tyrant's Enforcer
|-supereffective|p1a: Tyrant's Enforcer
|-damage|p1a: Tyrant's Enforcer|27/100
|move|p1a: Tyrant's Enforcer|Liquidation|p2a: Gliscor
|-supereffective|p2a: Gliscor
|-damage|p2a: Gliscor|0 fnt
|faint|p2a: Gliscor
|
|-weather|RainDance|[upkeep]
|-sideend|p2: SushiSlice|move: Light Screen
|upkeep
|-message|SushiSlice forfeited.
|
|win|kshuaib734
|raw|kshuaib734's rating: 1621 &rarr; <strong>1641</strong><br />(+20 for winning)
|raw|SushiSlice's rating: 1622 &rarr; <strong>1602</strong><br />(-20 for losing)
|l|☆SushiSlice
|player|p2|
|l|☆kshuaib734
|player|p1|
