|j|☆ToastSpirit
|j|‽JackRG1
|t:|1743878296
|gametype|singles
|player|p1|ToastSpirit|n|1582
|player|p2|JackRG1|iris|1594
|teamsize|p1|6
|teamsize|p2|6
|gen|9
|tier|[Gen 9] OU
|rated|
|rule|HP Percentage Mod: HP is shown in percentages
|rule|Endless Battle Clause: Forcing endless battles is banned
|rule|Species Clause: Limit one of each Pokémon
|rule|OHKO Clause: OHKO moves are banned
|rule|Evasion Items Clause: Evasion items are banned
|rule|Evasion Moves Clause: Evasion moves are banned
|rule|Sleep Moves Clause: Sleep-inducing moves are banned
|clearpoke
|poke|p1|Iron Boulder|
|poke|p1|Ogerpon-Wellspring, F|
|poke|p1|Glimmora, F|
|poke|p1|Kingambit, M|
|poke|p1|Dragapult, F|
|poke|p1|Iron Valiant|
|poke|p2|Slowking-Galar, M|
|poke|p2|Corviknight, M|
|poke|p2|Cinderace, M|
|poke|p2|Zamazenta-*|
|poke|p2|Sinistcha|
|poke|p2|Clodsire, F|
|teampreview
|inactive|Battle timer is ON: inactive players will automatically lose when time's up. (requested by JackRG1)
|c|☆ToastSpirit|clod
|inactive|ToastSpirit has 120 seconds left.
|
|t:|1743878334
|start
|switch|p1a: :)|Dragapult, F|100/100
|switch|p2a: Clodsire|Clodsire, F|100/100
|turn|1
|c|☆ToastSpirit|clod.
|
|t:|1743878343
|move|p1a: :)|Shadow Ball|p2a: Clodsire
|-damage|p2a: Clodsire|82/100
|-unboost|p2a: Clodsire|spd|1
|move|p2a: Clodsire|Toxic|p1a: :)
|-status|p1a: :)|tox
|
|-damage|p1a: :)|95/100 tox|[from] psn
|upkeep
|turn|2
|
|t:|1743878349
|switch|p2a: Slowking|Slowking-Galar, M|100/100
|move|p1a: :)|U-turn|p2a: Slowking
|-crit|p2a: Slowking
|-damage|p2a: Slowking|82/100
|
|t:|1743878357
|switch|p1a: sharp!|Kingambit, M|100/100|[from] U-turn
|
|upkeep
|turn|3
|
|t:|1743878363
|switch|p2a: Corviknight|Corviknight, M, shiny|100/100
|-ability|p2a: Corviknight|Pressure
|move|p1a: sharp!|Iron Head|p2a: Corviknight
|-resisted|p2a: Corviknight
|-damage|p2a: Corviknight|86/100
|-damage|p1a: sharp!|84/100|[from] item: Rocky Helmet|[of] p2a: Corviknight
|
|-heal|p1a: sharp!|90/100|[from] item: Leftovers
|upkeep
|turn|4
|
|t:|1743878372
|switch|p2a: Clodsire|Clodsire, F|82/100
|-end|p1a: sharp!|fallenundefined|[silent]
|switch|p1a: :)|Dragapult, F|95/100 tox
|
|-damage|p1a: :)|89/100 tox|[from] psn
|upkeep
|turn|5
|inactive|ToastSpirit has 120 seconds left.
|
|t:|1743878417
|move|p1a: :)|U-turn|p2a: Clodsire
|-resisted|p2a: Clodsire
|-damage|p2a: Clodsire|72/100
|
|t:|1743878422
|switch|p1a: sharp!|Kingambit, M|90/100|[from] U-turn
|move|p2a: Clodsire|Stealth Rock|p1a: sharp!
|-sidestart|p1: ToastSpirit|move: Stealth Rock
|
|-heal|p1a: sharp!|96/100|[from] item: Leftovers
|upkeep
|turn|6
|
|t:|1743878428
|switch|p2a: Corviknight|Corviknight, M, shiny|86/100
|-ability|p2a: Corviknight|Pressure
|move|p1a: sharp!|Swords Dance|p1a: sharp!
|-boost|p1a: sharp!|atk|2
|
|-heal|p1a: sharp!|100/100|[from] item: Leftovers
|upkeep
|turn|7
|inactive|ToastSpirit has 120 seconds left.
|
|t:|1743878466
|move|p2a: Corviknight|Body Press|p1a: sharp!
|-supereffective|p1a: sharp!
|-damage|p1a: sharp!|28/100
|move|p1a: sharp!|Low Kick|p2a: Corviknight
|-damage|p2a: Corviknight|49/100
|-damage|p1a: sharp!|12/100|[from] item: Rocky Helmet|[of] p2a: Corviknight
|
|-heal|p1a: sharp!|18/100|[from] item: Leftovers
|upkeep
|turn|8
|
|t:|1743878472
|move|p1a: sharp!|Sucker Punch||[still]
|-fail|p1a: sharp!
|move|p2a: Corviknight|Roost|p2a: Corviknight
|-heal|p2a: Corviknight|99/100
|-singleturn|p2a: Corviknight|move: Roost
|
|-heal|p1a: sharp!|24/100|[from] item: Leftovers
|upkeep
|turn|9
|
|t:|1743878482
|-end|p1a: sharp!|fallenundefined|[silent]
|switch|p1a: :)|Dragapult, F|89/100 tox
|move|p2a: Corviknight|Body Press|p1a: :)
|-immune|p1a: :)
|
|-damage|p1a: :)|83/100 tox|[from] psn
|upkeep
|turn|10
|
|t:|1743878488
|switch|p2a: Clodsire|Clodsire, F|72/100
|move|p1a: :)|Draco Meteor|p2a: Clodsire
|-damage|p2a: Clodsire|42/100
|-unboost|p1a: :)|spa|2
|
|-damage|p1a: :)|71/100 tox|[from] psn
|upkeep
|turn|11
|
|t:|1743878493
|move|p1a: :)|Draco Meteor|p2a: Clodsire
|-damage|p2a: Clodsire|13/100
|-unboost|p1a: :)|spa|2
|move|p2a: Clodsire|Recover|p2a: Clodsire
|-heal|p2a: Clodsire|63/100
|
|-damage|p1a: :)|53/100 tox|[from] psn
|upkeep
|turn|12
|
|t:|1743878497
|move|p1a: :)|Draco Meteor|p2a: Clodsire
|-damage|p2a: Clodsire|34/100
|-unboost|p1a: :)|spa|2
|move|p2a: Clodsire|Recover|p2a: Clodsire
|-heal|p2a: Clodsire|84/100
|
|-damage|p1a: :)|29/100 tox|[from] psn
|upkeep
|turn|13
|
|t:|1743878502
|move|p1a: :)|U-turn|p2a: Clodsire
|-resisted|p2a: Clodsire
|-damage|p2a: Clodsire|75/100
|
|t:|1743878504
|switch|p1a: watr|Ogerpon-Wellspring, F|100/100|[from] U-turn
|-damage|p1a: watr|88/100|[from] Stealth Rock
|move|p2a: Clodsire|Recover|p2a: Clodsire
|-heal|p2a: Clodsire|100/100
|
|upkeep
|turn|14
|
|t:|1743878508
|switch|p2a: Zamazenta|Zamazenta|100/100
|-ability|p2a: Zamazenta|Dauntless Shield|boost
|-boost|p2a: Zamazenta|def|1
|move|p1a: watr|Swords Dance|p1a: watr
|-boost|p1a: watr|atk|2
|
|upkeep
|turn|15
|
|t:|1743878514
|move|p2a: Zamazenta|Close Combat|p1a: watr
|-damage|p1a: watr|0 fnt
|-unboost|p2a: Zamazenta|def|1
|-unboost|p2a: Zamazenta|spd|1
|faint|p1a: watr
|
|upkeep
|
|t:|1743878518
|switch|p1a: :3|Iron Valiant|100/100
|-damage|p1a: :3|94/100|[from] Stealth Rock
|-enditem|p1a: :3|Booster Energy
|-activate|p1a: :3|ability: Quark Drive|[fromitem]
|-start|p1a: :3|quarkdrivespe
|turn|16
|
|t:|1743878521
|switch|p2a: Slowking|Slowking-Galar, M|100/100
|move|p1a: :3|Moonblast|p2a: Slowking
|-resisted|p2a: Slowking
|-damage|p2a: Slowking|82/100
|
|upkeep
|turn|17
|
|t:|1743878525
|-terastallize|p1a: :3|Ghost
|move|p1a: :3|Calm Mind|p1a: :3
|-boost|p1a: :3|spa|1
|-boost|p1a: :3|spd|1
|move|p2a: Slowking|Thunder Wave|p1a: :3
|-status|p1a: :3|par
|
|upkeep
|turn|18
|
|t:|1743878530
|move|p1a: :3|Calm Mind|p1a: :3
|-boost|p1a: :3|spa|1
|-boost|p1a: :3|spd|1
|-prepare|p2a: Slowking|Chilly Reception|[premajor]
|move|p2a: Slowking|Chilly Reception|p2a: Slowking
|-weather|Snowscape
|
|t:|1743878535
|switch|p2a: Zamazenta|Zamazenta|100/100|[from] Chilly Reception
|
|-weather|Snowscape|[upkeep]
|upkeep
|turn|19
|
|t:|1743878539
|move|p2a: Zamazenta|Crunch|p1a: :3
|-supereffective|p1a: :3
|-damage|p1a: :3|0 fnt
|faint|p1a: :3
|-end|p1a: :3|Quark Drive|[silent]
|
|-weather|Snowscape|[upkeep]
|upkeep
|
|t:|1743878545
|switch|p1a: boldr|Iron Boulder|100/100
|-damage|p1a: boldr|88/100|[from] Stealth Rock
|-enditem|p1a: boldr|Booster Energy
|-activate|p1a: boldr|ability: Quark Drive|[fromitem]
|-start|p1a: boldr|quarkdrivespe
|turn|20
|
|t:|1743878547
|move|p1a: boldr|Zen Headbutt|p2a: Zamazenta
|-supereffective|p2a: Zamazenta
|-damage|p2a: Zamazenta|34/100
|move|p2a: Zamazenta|Crunch|p1a: boldr
|-supereffective|p1a: boldr
|-damage|p1a: boldr|0 fnt
|faint|p1a: boldr
|-end|p1a: boldr|Quark Drive|[silent]
|
|-weather|Snowscape|[upkeep]
|upkeep
|
|t:|1743878553
|switch|p1a: :)|Dragapult, F|29/100 tox
|turn|21
|
|t:|1743878557
|switch|p2a: Clodsire|Clodsire, F|100/100
|move|p1a: :)|Shadow Ball|p2a: Clodsire
|-damage|p2a: Clodsire|82/100
|
|-weather|Snowscape|[upkeep]
|-damage|p1a: :)|23/100 tox|[from] psn
|upkeep
|turn|22
|-message|ToastSpirit forfeited.
|
|win|JackRG1
|raw|ToastSpirit's rating: 1582 &rarr; <strong>1563</strong><br />(-19 for losing)
|raw|JackRG1's rating: 1594 &rarr; <strong>1613</strong><br />(+19 for winning)
|l|☆ToastSpirit
|player|p1|
|l|‽JackRG1
|player|p2|
