|j|☆PapsIGuess31
|j|☆Dribblz
|t:|1743928257
|gametype|singles
|player|p1|PapsIGuess31|ingo|1133
|player|p2|Dribblz|roxanne|1140
|teamsize|p1|6
|teamsize|p2|6
|gen|9
|tier|[Gen 9] OU
|rated|
|rule|HP Percentage Mod: HP is shown in percentages
|rule|Endless Battle Clause: Forcing endless battles is banned
|rule|Species Clause: Limit one of each Pokémon
|rule|OHKO Clause: OHKO moves are banned
|rule|Evasion Items Clause: Evasion items are banned
|rule|Evasion Moves Clause: Evasion moves are banned
|rule|Sleep Moves Clause: Sleep-inducing moves are banned
|clearpoke
|poke|p1|Hydrapple, M|
|poke|p1|Ceruledge, M|
|poke|p1|Iron Valiant|
|poke|p1|Serperior, M|
|poke|p1|Inteleon, M|
|poke|p1|Excadrill, M|
|poke|p2|Toucannon, M|
|poke|p2|Gholdengo|
|poke|p2|Masquerain, F|
|poke|p2|Garganacl, F|
|poke|p2|Espeon, M|
|poke|p2|Kleavor, F|
|teampreview
|c|☆PapsIGuess31|glhf!
|
|t:|1743928266
|start
|switch|p1a: Inteleon|Inteleon, M|100/100
|switch|p2a: Masquerain|Masquerain, F|100/100
|-ability|p2a: Masquerain|Intimidate|boost
|-unboost|p1a: Inteleon|atk|1
|turn|1
|
|t:|1743928275
|move|p1a: Inteleon|Ice Beam|p2a: Masquerain
|-supereffective|p2a: Masquerain
|-damage|p2a: Masquerain|13/100
|move|p2a: Masquerain|Quiver Dance|p2a: Masquerain
|-boost|p2a: Masquerain|spa|1
|-boost|p2a: Masquerain|spd|1
|-boost|p2a: Masquerain|spe|1
|
|upkeep
|turn|2
|
|t:|1743928284
|move|p2a: Masquerain|Bug Buzz|p1a: Inteleon
|-damage|p1a: Inteleon|0 fnt
|faint|p1a: Inteleon
|
|upkeep
|
|t:|1743928287
|switch|p1a: Ceruledge|Ceruledge, M|100/100
|turn|3
|
|t:|1743928295
|move|p1a: Ceruledge|Shadow Sneak|p2a: Masquerain
|-damage|p2a: Masquerain|0 fnt
|faint|p2a: Masquerain
|
|upkeep
|
|t:|1743928302
|switch|p2a: Kleavor|Kleavor, F|100/100
|turn|4
|
|t:|1743928308
|switch|p1a: Excadrill|Excadrill, M|100/100
|-ability|p1a: Excadrill|Mold Breaker
|move|p2a: Kleavor|Stone Axe|p1a: Excadrill
|-resisted|p1a: Excadrill
|-damage|p1a: Excadrill|81/100
|-sidestart|p1: PapsIGuess31|move: Stealth Rock
|
|upkeep
|turn|5
|
|t:|1743928318
|switch|p2a: Toucey!|Toucannon, M|100/100
|move|p1a: Excadrill|Iron Head|p2a: Toucey!
|-damage|p2a: Toucey!|51/100
|
|upkeep
|turn|6
|
|t:|1743928327
|move|p1a: Excadrill|Iron Head|p2a: Toucey!
|-damage|p2a: Toucey!|3/100
|move|p2a: Toucey!|Bullet Seed|p1a: Excadrill
|-damage|p1a: Excadrill|62/100
|-damage|p1a: Excadrill|44/100
|-damage|p1a: Excadrill|24/100
|-damage|p1a: Excadrill|5/100
|-damage|p1a: Excadrill|0 fnt
|faint|p1a: Excadrill
|-hitcount|p1: Excadrill|5
|
|upkeep
|
|t:|1743928336
|switch|p1a: Serperior|Serperior, M|100/100
|-damage|p1a: Serperior|88/100|[from] Stealth Rock
|turn|7
|
|t:|1743928347
|switch|p2a: Gholdengo|Gholdengo|100/100
|move|p1a: Serperior|Leaf Storm|p2a: Gholdengo
|-resisted|p2a: Gholdengo
|-damage|p2a: Gholdengo|89/100
|-boost|p1a: Serperior|spa|2
|
|-heal|p1a: Serperior|94/100|[from] item: Leftovers
|-heal|p2a: Gholdengo|95/100|[from] item: Leftovers
|upkeep
|turn|8
|
|t:|1743928368
|switch|p1a: Hydrapple|Hydrapple, M, shiny|100/100
|-damage|p1a: Hydrapple|88/100|[from] Stealth Rock
|-ability|p1a: Hydrapple|Supersweet Syrup
|-unboost|p2a: Gholdengo|evasion|1
|move|p2a: Gholdengo|Thunder Wave|p1a: Hydrapple
|-status|p1a: Hydrapple|par
|
|-heal|p2a: Gholdengo|100/100|[from] item: Leftovers
|-heal|p1a: Hydrapple|94/100 par|[from] item: Leftovers
|upkeep
|turn|9
|
|t:|1743928385
|switch|p2a: Espeon|Espeon, M|100/100
|move|p1a: Hydrapple|Earth Power|p2a: Espeon
|-damage|p2a: Espeon|79/100
|
|-heal|p1a: Hydrapple|99/100 par|[from] item: Leftovers
|upkeep
|turn|10
|
|t:|1743928395
|move|p2a: Espeon|Draining Kiss|p1a: Hydrapple
|-supereffective|p1a: Hydrapple
|-damage|p1a: Hydrapple|75/100 par
|-heal|p2a: Espeon|100/100|[from] drain|[of] p1a: Hydrapple
|move|p1a: Hydrapple|Fickle Beam|p2a: Espeon
|-damage|p2a: Espeon|74/100
|
|-heal|p1a: Hydrapple|81/100 par|[from] item: Leftovers
|upkeep
|turn|11
|
|t:|1743928406
|move|p2a: Espeon|Draining Kiss|p1a: Hydrapple
|-supereffective|p1a: Hydrapple
|-damage|p1a: Hydrapple|55/100 par
|-heal|p2a: Espeon|100/100|[from] drain|[of] p1a: Hydrapple
|move|p1a: Hydrapple|Nasty Plot|p1a: Hydrapple
|-boost|p1a: Hydrapple|spa|2
|
|-heal|p1a: Hydrapple|61/100 par|[from] item: Leftovers
|upkeep
|turn|12
|
|t:|1743928418
|switch|p2a: Toucey!|Toucannon, M|3/100
|cant|p1a: Hydrapple|par
|
|-heal|p1a: Hydrapple|67/100 par|[from] item: Leftovers
|upkeep
|turn|13
|
|t:|1743928427
|move|p2a: Toucey!|Fury Attack|p1a: Hydrapple
|-damage|p1a: Hydrapple|59/100 par
|-damage|p1a: Hydrapple|50/100 par
|-damage|p1a: Hydrapple|42/100 par
|-damage|p1a: Hydrapple|33/100 par
|-damage|p1a: Hydrapple|25/100 par
|-hitcount|p1a: Hydrapple|5
|move|p1a: Hydrapple|Giga Drain|p2a: Toucey!
|-resisted|p2a: Toucey!
|-damage|p2a: Toucey!|0 fnt
|-heal|p1a: Hydrapple|26/100 par|[from] drain|[of] p2a: Toucey!
|faint|p2a: Toucey!
|
|-heal|p1a: Hydrapple|32/100 par|[from] item: Leftovers
|upkeep
|
|t:|1743928443
|switch|p2a: Kleavor|Kleavor, F|100/100
|turn|14
|
|t:|1743928449
|move|p2a: Kleavor|X-Scissor|p1a: Hydrapple
|-supereffective|p1a: Hydrapple
|-damage|p1a: Hydrapple|0 fnt
|faint|p1a: Hydrapple
|
|upkeep
|
|t:|1743928456
|switch|p1a: Iron Valiant|Iron Valiant|100/100
|-damage|p1a: Iron Valiant|94/100|[from] Stealth Rock
|-enditem|p1a: Iron Valiant|Booster Energy
|-activate|p1a: Iron Valiant|ability: Quark Drive|[fromitem]
|-start|p1a: Iron Valiant|quarkdrivespe
|turn|15
|
|t:|1743928469
|switch|p2a: Gholdengo|Gholdengo|100/100
|move|p1a: Iron Valiant|Spirit Break|p2a: Gholdengo
|-resisted|p2a: Gholdengo
|-damage|p2a: Gholdengo|82/100
|-unboost|p2a: Gholdengo|spa|1
|
|-heal|p2a: Gholdengo|88/100|[from] item: Leftovers
|upkeep
|turn|16
|
|t:|1743928479
|move|p1a: Iron Valiant|Shadow Sneak|p2a: Gholdengo
|-supereffective|p2a: Gholdengo
|-damage|p2a: Gholdengo|63/100
|move|p2a: Gholdengo|Thunder Wave|p1a: Iron Valiant
|-status|p1a: Iron Valiant|par
|
|-heal|p2a: Gholdengo|70/100|[from] item: Leftovers
|upkeep
|turn|17
|
|t:|1743928491
|move|p1a: Iron Valiant|Swords Dance|p1a: Iron Valiant
|-boost|p1a: Iron Valiant|atk|2
|move|p2a: Gholdengo|Make It Rain|p1a: Iron Valiant
|-supereffective|p1a: Iron Valiant
|-damage|p1a: Iron Valiant|0 fnt
|-unboost|p2a: Gholdengo|spa|1
|faint|p1a: Iron Valiant
|-end|p1a: Iron Valiant|Quark Drive|[silent]
|
|-heal|p2a: Gholdengo|76/100|[from] item: Leftovers
|upkeep
|
|t:|1743928494
|switch|p1a: Ceruledge|Ceruledge, M|100/100
|-damage|p1a: Ceruledge|75/100|[from] Stealth Rock
|turn|18
|
|t:|1743928509
|switch|p2a: Garganacl|Garganacl, F|100/100
|-terastallize|p1a: Ceruledge|Fighting
|move|p1a: Ceruledge|Bitter Blade|p2a: Garganacl
|-resisted|p2a: Garganacl
|-damage|p2a: Garganacl|87/100
|-heal|p1a: Ceruledge|86/100|[from] drain|[of] p2a: Garganacl
|
|-heal|p2a: Garganacl|93/100|[from] item: Leftovers
|upkeep
|turn|19
|
|t:|1743928524
|move|p1a: Ceruledge|Brick Break|p2a: Garganacl
|-supereffective|p2a: Garganacl
|-damage|p2a: Garganacl|49/100
|move|p2a: Garganacl|Iron Defense|p2a: Garganacl
|-boost|p2a: Garganacl|def|2
|
|-heal|p2a: Garganacl|55/100|[from] item: Leftovers
|upkeep
|turn|20
|
|t:|1743928534
|move|p1a: Ceruledge|Brick Break|p2a: Garganacl
|-supereffective|p2a: Garganacl
|-damage|p2a: Garganacl|33/100
|move|p2a: Garganacl|Salt Cure|p1a: Ceruledge
|-resisted|p1a: Ceruledge
|-damage|p1a: Ceruledge|77/100
|-start|p1a: Ceruledge|Salt Cure
|
|-heal|p2a: Garganacl|39/100|[from] item: Leftovers
|-damage|p1a: Ceruledge|65/100|[from] Salt Cure
|upkeep
|turn|21
|
|t:|1743928545
|switch|p1a: Serperior|Serperior, M|94/100
|-damage|p1a: Serperior|82/100|[from] Stealth Rock
|move|p2a: Garganacl|Protect||[still]
|-fail|p2a: Garganacl
|
|-heal|p1a: Serperior|88/100|[from] item: Leftovers
|-heal|p2a: Garganacl|45/100|[from] item: Leftovers
|upkeep
|turn|22
|
|t:|1743928556
|switch|p2a: Gholdengo|Gholdengo|76/100
|move|p1a: Serperior|Leaf Storm|p2a: Gholdengo
|-resisted|p2a: Gholdengo
|-damage|p2a: Gholdengo|63/100
|-boost|p1a: Serperior|spa|2
|
|-heal|p1a: Serperior|94/100|[from] item: Leftovers
|-heal|p2a: Gholdengo|69/100|[from] item: Leftovers
|upkeep
|turn|23
|
|t:|1743928567
|move|p1a: Serperior|Taunt|p2a: Gholdengo
|-immune|p2a: Gholdengo|[from] ability: Good as Gold
|move|p2a: Gholdengo|Thunder Wave|p1a: Serperior
|-status|p1a: Serperior|par
|
|-heal|p2a: Gholdengo|75/100|[from] item: Leftovers
|-heal|p1a: Serperior|100/100 par|[from] item: Leftovers
|upkeep
|turn|24
|
|t:|1743928578
|move|p2a: Gholdengo|Hex|p1a: Serperior
|-damage|p1a: Serperior|40/100 par
|cant|p1a: Serperior|par
|
|-heal|p2a: Gholdengo|81/100|[from] item: Leftovers
|-heal|p1a: Serperior|47/100 par|[from] item: Leftovers
|upkeep
|turn|25
|c|☆PapsIGuess31|I constantly forget how good as gold works lol
|
|t:|1743928588
|move|p2a: Gholdengo|Hex|p1a: Serperior
|-crit|p1a: Serperior
|-damage|p1a: Serperior|0 fnt
|faint|p1a: Serperior
|
|-heal|p2a: Gholdengo|87/100|[from] item: Leftovers
|upkeep
|
|t:|1743928590
|switch|p1a: Ceruledge|Ceruledge, M, tera:Fighting|65/100
|-damage|p1a: Ceruledge|58/100|[from] Stealth Rock
|turn|26
|
|t:|1743928601
|move|p1a: Ceruledge|Bitter Blade|p2a: Gholdengo
|-supereffective|p2a: Gholdengo
|-damage|p2a: Gholdengo|0 fnt
|-heal|p1a: Ceruledge|100/100|[from] drain|[of] p2a: Gholdengo
|faint|p2a: Gholdengo
|
|upkeep
|
|t:|1743928608
|switch|p2a: Espeon|Espeon, M|100/100
|turn|27
|
|t:|1743928612
|move|p1a: Ceruledge|Shadow Sneak|p2a: Espeon
|-supereffective|p2a: Espeon
|-damage|p2a: Espeon|13/100
|move|p2a: Espeon|Psychic|p1a: Ceruledge
|-supereffective|p1a: Ceruledge
|-damage|p1a: Ceruledge|8/100
|
|upkeep
|turn|28
|
|t:|1743928622
|move|p1a: Ceruledge|Shadow Sneak|p2a: Espeon
|-supereffective|p2a: Espeon
|-damage|p2a: Espeon|0 fnt
|faint|p2a: Espeon
|
|upkeep
|
|t:|1743928628
|switch|p2a: Garganacl|Garganacl, F|45/100
|turn|29
|
|t:|1743928632
|-terastallize|p2a: Garganacl|Ghost
|move|p1a: Ceruledge|Brick Break|p2a: Garganacl
|-immune|p2a: Garganacl
|move|p2a: Garganacl|Salt Cure|p1a: Ceruledge
|-resisted|p1a: Ceruledge
|-damage|p1a: Ceruledge|0 fnt
|faint|p1a: Ceruledge
|
|win|Dribblz
|raw|PapsIGuess31's rating: 1133 &rarr; <strong>1109</strong><br />(-24 for losing)
|raw|Dribblz's rating: 1140 &rarr; <strong>1164</strong><br />(+24 for winning)
|c|☆PapsIGuess31|gg wp
|l|☆PapsIGuess31
|player|p1|
|l|☆Dribblz
|player|p2|
