|j|☆ducklordquackers
|j|☆Vieilbisail
|t:|1743828888
|gametype|singles
|player|p1|ducklordquackers|102|1132
|player|p2|Vieilbisail|rood|1103
|teamsize|p1|6
|teamsize|p2|6
|gen|9
|tier|[Gen 9] OU
|rated|
|rule|HP Percentage Mod: HP is shown in percentages
|rule|Endless Battle Clause: Forcing endless battles is banned
|rule|Species Clause: Limit one of each Pokémon
|rule|OHKO Clause: OHKO moves are banned
|rule|Evasion Items Clause: Evasion items are banned
|rule|Evasion Moves Clause: Evasion moves are banned
|rule|Sleep Moves Clause: Sleep-inducing moves are banned
|clearpoke
|poke|p1|Overqwil, M|
|poke|p1|Klefki, M|
|poke|p1|Sylveon, M|
|poke|p1|Kleavor, M|
|poke|p1|Decidueye, F|
|poke|p1|Volcanion|
|poke|p2|Iron Valiant|
|poke|p2|Glimmora, F|
|poke|p2|Dragonite, F|
|poke|p2|Pecharunt|
|poke|p2|Great Tusk|
|poke|p2|Kingambit, F|
|teampreview
|inactive|Battle timer is ON: inactive players will automatically lose when time's up. (requested by ducklordquackers)
|
|t:|1743828900
|start
|switch|p1a: Kleavor|Kleavor, M|100/100
|switch|p2a: Fyulapp|Iron Valiant|100/100
|turn|1
|
|t:|1743828909
|-end|p2a: Fyulapp|Quark Drive|[silent]
|switch|p2a: Zaxesic|Glimmora, F, shiny|100/100
|move|p1a: Kleavor|U-turn|p2a: Zaxesic
|-resisted|p2a: Zaxesic
|-damage|p2a: Zaxesic|83/100
|-damage|p1a: Kleavor|84/100|[from] item: Rocky Helmet|[of] p2a: Zaxesic
|-activate|p2a: Zaxesic|ability: Toxic Debris
|-sidestart|p1: ducklordquackers|move: Toxic Spikes
|inactive|ducklordquackers has 120 seconds left.
|
|t:|1743828940
|switch|p1a: Klefki|Klefki, M|100/100|[from] U-turn
|
|upkeep
|turn|2
|
|t:|1743828953
|move|p1a: Klefki|Switcheroo|p2a: Zaxesic
|-activate|p1a: Klefki|move: Trick|[of] p2a: Zaxesic
|-item|p2a: Zaxesic|Choice Scarf|[from] move: Switcheroo
|-item|p1a: Klefki|Rocky Helmet|[from] move: Switcheroo
|move|p2a: Zaxesic|Smack Down|p1a: Klefki
|-resisted|p1a: Klefki
|-damage|p1a: Klefki|96/100
|
|upkeep
|turn|3
|
|t:|1743828973
|switch|p2a: Arkh|Great Tusk, shiny|100/100
|move|p1a: Klefki|Magnet Rise|p1a: Klefki
|-start|p1a: Klefki|Magnet Rise
|
|upkeep
|turn|4
|
|t:|1743828982
|move|p1a: Klefki|Switcheroo|p2a: Arkh
|-activate|p1a: Klefki|move: Trick|[of] p2a: Arkh
|-item|p2a: Arkh|Rocky Helmet|[from] move: Switcheroo
|-item|p1a: Klefki|Heavy-Duty Boots|[from] move: Switcheroo
|move|p2a: Arkh|Earthquake|p1a: Klefki
|-immune|p1a: Klefki
|
|upkeep
|turn|5
|
|t:|1743828988
|move|p2a: Arkh|Smack Down|p1a: Klefki
|-resisted|p1a: Klefki
|-damage|p1a: Klefki|89/100
|-start|p1a: Klefki|Smack Down
|move|p1a: Klefki|Play Rough|p2a: Arkh|[miss]
|-miss|p1a: Klefki|p2a: Arkh
|
|upkeep
|turn|6
|
|t:|1743828995
|move|p1a: Klefki|Magnet Rise||[still]
|-fail|p1a: Klefki
|move|p2a: Arkh|Earthquake|p1a: Klefki
|-supereffective|p1a: Klefki
|-damage|p1a: Klefki|1/100
|
|upkeep
|turn|7
|
|t:|1743829016
|switch|p1a: Decidueye|Decidueye, F|100/100
|-status|p1a: Decidueye|psn
|-terastallize|p2a: Arkh|Water
|move|p2a: Arkh|Rapid Spin|p1a: Decidueye
|-immune|p1a: Decidueye
|
|-damage|p1a: Decidueye|88/100 psn|[from] psn
|upkeep
|turn|8
|
|t:|1743829027
|-end|p2a: Arkh|Protosynthesis|[silent]
|switch|p2a: Zaxesic|Glimmora, F, shiny|83/100
|move|p1a: Decidueye|Defog|p2a: Zaxesic
|-unboost|p2a: Zaxesic|evasion|1
|-sideend|p1: ducklordquackers|Toxic Spikes|[from] move: Defog|[of] p1a: Decidueye
|
|-damage|p1a: Decidueye|76/100 psn|[from] psn
|upkeep
|turn|9
|
|t:|1743829035
|switch|p1a: Klefki|Klefki, M|1/100
|move|p2a: Zaxesic|Spikes|p1a: Klefki
|-sidestart|p1: ducklordquackers|Spikes
|
|upkeep
|turn|10
|
|t:|1743829048
|switch|p2a: Samwell|Dragonite, F|100/100
|switch|p1a: Volcanion|Volcanion|100/100
|-damage|p1a: Volcanion|88/100|[from] Spikes
|
|upkeep
|turn|11
|
|t:|1743829056
|move|p2a: Samwell|Thunder|p1a: Volcanion
|-supereffective|p1a: Volcanion
|-damage|p1a: Volcanion|55/100
|move|p1a: Volcanion|Steam Eruption|p2a: Samwell
|-resisted|p2a: Samwell
|-damage|p2a: Samwell|90/100
|-status|p2a: Samwell|brn
|
|-damage|p2a: Samwell|84/100 brn|[from] brn
|upkeep
|turn|12
|
|t:|1743829067
|switch|p1a: Sylveon|Sylveon, M|100/100
|-damage|p1a: Sylveon|88/100|[from] Spikes
|move|p2a: Samwell|Earthquake|p1a: Sylveon
|-damage|p1a: Sylveon|63/100
|
|-heal|p1a: Sylveon|69/100|[from] item: Leftovers
|-damage|p2a: Samwell|78/100 brn|[from] brn
|upkeep
|turn|13
|
|t:|1743829077
|switch|p2a: Cymbal|Kingambit, F, shiny|100/100
|move|p1a: Sylveon|Calm Mind|p1a: Sylveon
|-boost|p1a: Sylveon|spa|1
|-boost|p1a: Sylveon|spd|1
|
|-heal|p1a: Sylveon|75/100|[from] item: Leftovers
|upkeep
|turn|14
|
|t:|1743829083
|switch|p1a: Klefki|Klefki, M|1/100
|move|p2a: Cymbal|Iron Head|p1a: Klefki
|-damage|p1a: Klefki|0 fnt
|faint|p1a: Klefki
|
|upkeep
|
|t:|1743829088
|switch|p1a: Kleavor|Kleavor, M|84/100
|-damage|p1a: Kleavor|71/100|[from] Spikes
|turn|15
|
|t:|1743829096
|move|p1a: Kleavor|Brick Break|p2a: Cymbal
|-supereffective|p2a: Cymbal
|-damage|p2a: Cymbal|13/100
|move|p2a: Cymbal|Iron Head|p1a: Kleavor
|-supereffective|p1a: Kleavor
|-damage|p1a: Kleavor|0 fnt
|faint|p1a: Kleavor
|
|-heal|p2a: Cymbal|19/100|[from] item: Leftovers
|upkeep
|-message|ducklordquackers forfeited.
|
|win|Vieilbisail
|raw|ducklordquackers's rating: 1132 &rarr; <strong>1105</strong><br />(-27 for losing)
|raw|Vieilbisail's rating: 1103 &rarr; <strong>1130</strong><br />(+27 for winning)
|l|☆ducklordquackers
|player|p1|
|l|☆Vieilbisail
|player|p2|
