|j|☆tap water gang
|j|☆keksauce
|t:|1743866834
|gametype|singles
|player|p1|tap water gang|sage-gen2jp|1498
|player|p2|keksauce|102|1538
|teamsize|p1|6
|teamsize|p2|6
|gen|9
|tier|[Gen 9] OU
|rated|
|rule|HP Percentage Mod: HP is shown in percentages
|rule|Endless Battle Clause: Forcing endless battles is banned
|rule|Species Clause: Limit one of each Pokémon
|rule|OHKO Clause: OHKO moves are banned
|rule|Evasion Items Clause: Evasion items are banned
|rule|Evasion Moves Clause: Evasion moves are banned
|rule|Sleep Moves Clause: Sleep-inducing moves are banned
|clearpoke
|poke|p1|Gholdengo|
|poke|p1|Ting-Lu|
|poke|p1|Zapdos|
|poke|p1|Kyurem|
|poke|p1|Alomomola, F|
|poke|p1|Great Tusk|
|poke|p2|Landorus-Therian, M|
|poke|p2|Zamazenta-*|
|poke|p2|Kingambit, F|
|poke|p2|Samurott-Hisui, M|
|poke|p2|Pecharunt|
|poke|p2|Hydreigon, F|
|teampreview
|inactive|Battle timer is ON: inactive players will automatically lose when time's up. (requested by keksauce)
|inactive|keksauce has 120 seconds left.
|
|t:|1743866889
|start
|switch|p1a: Great Tusk|Great Tusk|100/100
|switch|p2a: Samurott|Samurott-Hisui, M|100/100
|turn|1
|
|t:|1743866897
|move|p1a: Great Tusk|Rapid Spin|p2a: Samurott
|-damage|p2a: Samurott|81/100
|-boost|p1a: Great Tusk|spe|1
|move|p2a: Samurott|Razor Shell|p1a: Great Tusk
|-supereffective|p1a: Great Tusk
|-damage|p1a: Great Tusk|26/100
|-unboost|p1a: Great Tusk|def|1
|-damage|p2a: Samurott|64/100|[from] item: Rocky Helmet|[of] p1a: Great Tusk
|
|upkeep
|turn|2
|
|t:|1743866908
|move|p1a: Great Tusk|Headlong Rush|p2a: Samurott
|-damage|p2a: Samurott|0 fnt
|-unboost|p1a: Great Tusk|def|1
|-unboost|p1a: Great Tusk|spd|1
|faint|p2a: Samurott
|
|upkeep
|
|t:|1743866919
|switch|p2a: Landorus|Landorus-Therian, M|100/100
|-ability|p2a: Landorus|Intimidate|boost
|-unboost|p1a: Great Tusk|atk|1
|turn|3
|
|t:|1743866923
|move|p1a: Great Tusk|Ice Spinner|p2a: Landorus
|-supereffective|p2a: Landorus
|-damage|p2a: Landorus|33/100
|-damage|p1a: Great Tusk|9/100|[from] item: Rocky Helmet|[of] p2a: Landorus
|move|p2a: Landorus|Stealth Rock|p1a: Great Tusk
|-sidestart|p1: tap water gang|move: Stealth Rock
|
|upkeep
|turn|4
|
|t:|1743866929
|move|p1a: Great Tusk|Stealth Rock|p2a: Landorus
|-sidestart|p2: keksauce|move: Stealth Rock
|move|p2a: Landorus|Stealth Rock||[still]
|-fail|p2a: Landorus
|
|upkeep
|turn|5
|
|t:|1743866935
|move|p1a: Great Tusk|Ice Spinner|p2a: Landorus
|-supereffective|p2a: Landorus
|-damage|p2a: Landorus|0 fnt
|-damage|p1a: Great Tusk|0 fnt|[from] item: Rocky Helmet|[of] p2a: Landorus
|faint|p2a: Landorus
|faint|p1a: Great Tusk
|-end|p1a: Great Tusk|Protosynthesis|[silent]
|
|upkeep
|
|t:|1743866943
|switch|p2a: Hydreigon|Hydreigon, F|100/100
|switch|p1a: Zapdos|Zapdos|100/100
|-damage|p1a: Zapdos|76/100|[from] Stealth Rock
|-damage|p2a: Hydreigon|88/100|[from] Stealth Rock
|turn|6
|
|t:|1743866948
|move|p1a: Zapdos|Hurricane|p2a: Hydreigon
|-damage|p2a: Hydreigon|12/100
|-damage|p1a: Zapdos|66/100|[from] item: Life Orb
|move|p2a: Hydreigon|Substitute|p2a: Hydreigon
|-fail|p2a: Hydreigon|move: Substitute|[weak]
|
|-heal|p2a: Hydreigon|19/100|[from] item: Leftovers
|upkeep
|turn|7
|
|t:|1743866955
|switch|p2a: Kingambit|Kingambit, F|100/100
|-damage|p2a: Kingambit|94/100|[from] Stealth Rock
|-activate|p2a: Kingambit|ability: Supreme Overlord
|-start|p2a: Kingambit|fallen2|[silent]
|move|p1a: Zapdos|Heat Wave|p2a: Kingambit
|-supereffective|p2a: Kingambit
|-damage|p2a: Kingambit|0 fnt
|faint|p2a: Kingambit
|-end|p2a: Kingambit|fallen2|[silent]
|-damage|p1a: Zapdos|56/100|[from] item: Life Orb
|
|upkeep
|
|t:|1743866958
|switch|p2a: Zamazenta|Zamazenta|100/100
|-ability|p2a: Zamazenta|Dauntless Shield|boost
|-boost|p2a: Zamazenta|def|1
|turn|8
|
|t:|1743866961
|move|p2a: Zamazenta|Stone Edge|p1a: Zapdos
|-supereffective|p1a: Zapdos
|-damage|p1a: Zapdos|0 fnt
|faint|p1a: Zapdos
|
|upkeep
|
|t:|1743866967
|switch|p1a: Gholdengo|Gholdengo|100/100
|-damage|p1a: Gholdengo|94/100|[from] Stealth Rock
|turn|9
|
|t:|1743866971
|-terastallize|p1a: Gholdengo|Steel
|move|p2a: Zamazenta|Crunch|p1a: Gholdengo
|-damage|p1a: Gholdengo|65/100
|move|p1a: Gholdengo|Make It Rain|p2a: Zamazenta
|-damage|p2a: Zamazenta|0 fnt
|-unboost|p1a: Gholdengo|spa|1
|faint|p2a: Zamazenta
|
|upkeep
|
|t:|1743866985
|switch|p2a: Hydreigon|Hydreigon, F|19/100
|-damage|p2a: Hydreigon|6/100|[from] Stealth Rock
|turn|10
|
|t:|1743866987
|switch|p1a: Alomomola|Alomomola, F|100/100
|move|p2a: Hydreigon|Draco Meteor|p1a: Alomomola
|-damage|p1a: Alomomola|25/100
|-unboost|p2a: Hydreigon|spa|2
|
|-heal|p2a: Hydreigon|12/100|[from] item: Leftovers
|upkeep
|turn|11
|
|t:|1743866993
|switch|p1a: Ting-Lu|Ting-Lu|100/100
|-damage|p1a: Ting-Lu|94/100|[from] Stealth Rock
|-ability|p1a: Ting-Lu|Vessel of Ruin
|move|p2a: Hydreigon|Draco Meteor|p1a: Ting-Lu
|-damage|p1a: Ting-Lu|81/100
|-unboost|p2a: Hydreigon|spa|2
|
|-heal|p2a: Hydreigon|19/100|[from] item: Leftovers
|-heal|p1a: Ting-Lu|87/100|[from] item: Leftovers
|upkeep
|turn|12
|
|t:|1743866999
|switch|p2a: Pecharunt|Pecharunt|100/100
|move|p1a: Ting-Lu|Ruination|p2a: Pecharunt
|-damage|p2a: Pecharunt|51/100
|
|-heal|p1a: Ting-Lu|93/100|[from] item: Leftovers
|upkeep
|turn|13
|
|t:|1743867006
|switch|p1a: Gholdengo|Gholdengo, tera:Steel|65/100
|-damage|p1a: Gholdengo|59/100|[from] Stealth Rock
|move|p2a: Pecharunt|Malignant Chain|p1a: Gholdengo
|-immune|p1a: Gholdengo
|
|upkeep
|turn|14
|
|t:|1743867010
|move|p2a: Pecharunt|Hex|p1a: Gholdengo
|-damage|p1a: Gholdengo|33/100
|move|p1a: Gholdengo|Make It Rain|p2a: Pecharunt
|-damage|p2a: Pecharunt|0 fnt
|-unboost|p1a: Gholdengo|spa|1
|faint|p2a: Pecharunt
|
|upkeep
|
|t:|1743867013
|switch|p2a: Hydreigon|Hydreigon, F|19/100
|-damage|p2a: Hydreigon|6/100|[from] Stealth Rock
|turn|15
|
|t:|1743867023
|-terastallize|p2a: Hydreigon|Steel
|move|p2a: Hydreigon|Flash Cannon|p1a: Gholdengo
|-resisted|p1a: Gholdengo
|-damage|p1a: Gholdengo|11/100
|move|p1a: Gholdengo|Make It Rain|p2a: Hydreigon
|-resisted|p2a: Hydreigon
|-damage|p2a: Hydreigon|0 fnt
|-unboost|p1a: Gholdengo|spa|1
|faint|p2a: Hydreigon
|
|win|tap water gang
|raw|tap water gang's rating: 1498 &rarr; <strong>1520</strong><br />(+22 for winning)
|raw|keksauce's rating: 1538 &rarr; <strong>1516</strong><br />(-22 for losing)
|l|☆tap water gang
|player|p1|
|l|☆keksauce
|player|p2|
