|j|☆reldr
|j|☆Emmacomedora
|t:|1743834912
|gametype|singles
|player|p1|reldr|shadowtriad|1250
|player|p2|Emmacomedora|roughneck-gen4|1356
|teamsize|p1|6
|teamsize|p2|6
|gen|9
|tier|[Gen 9] OU
|rated|
|rule|HP Percentage Mod: HP is shown in percentages
|rule|Endless Battle Clause: Forcing endless battles is banned
|rule|Species Clause: Limit one of each Pokémon
|rule|OHKO Clause: OHKO moves are banned
|rule|Evasion Items Clause: Evasion items are banned
|rule|Evasion Moves Clause: Evasion moves are banned
|rule|Sleep Moves Clause: Sleep-inducing moves are banned
|clearpoke
|poke|p1|Ogerpon-Wellspring, F|
|poke|p1|Landorus-Therian, M|
|poke|p1|Iron Valiant|
|poke|p1|Dragapult, M|
|poke|p1|Meowscarada, M|
|poke|p1|Iron Crown|
|poke|p2|Swampert, M|
|poke|p2|Samurott-Hisui, M|
|poke|p2|Dondozo, M|
|poke|p2|Primarina, F|
|poke|p2|Volcanion|
|poke|p2|Rotom-Wash|
|teampreview
|inactive|Battle timer is ON: inactive players will automatically lose when time's up. (requested by reldr)
|
|t:|1743834927
|start
|switch|p1a: Meowscarada|Meowscarada, M|100/100
|switch|p2a: Volcanion|Volcanion|100/100
|turn|1
|
|t:|1743834938
|move|p1a: Meowscarada|U-turn|p2a: Volcanion
|-start|p1a: Meowscarada|typechange|Bug|[from] ability: Protean
|-resisted|p2a: Volcanion
|-damage|p2a: Volcanion|88/100
|
|t:|1743834941
|switch|p1a: Ogerpon|Ogerpon-Wellspring, F|100/100|[from] U-turn
|move|p2a: Volcanion|Sludge Bomb|p1a: Ogerpon
|-supereffective|p1a: Ogerpon
|-crit|p1a: Ogerpon
|-damage|p1a: Ogerpon|0 fnt
|faint|p1a: Ogerpon
|
|upkeep
|
|t:|1743834948
|switch|p1a: Landorus|Landorus-Therian, M|100/100
|-ability|p1a: Landorus|Intimidate|boost
|-unboost|p2a: Volcanion|atk|1
|turn|2
|
|t:|1743834960
|switch|p2a: Rotom|Rotom-Wash, shiny|100/100
|move|p1a: Landorus|U-turn|p2a: Rotom
|-damage|p2a: Rotom|69/100
|
|t:|1743834965
|switch|p1a: Meowscarada|Meowscarada, M|100/100|[from] U-turn
|
|upkeep
|turn|3
|
|t:|1743834970
|move|p1a: Meowscarada|Flower Trick|p2a: Rotom
|-start|p1a: Meowscarada|typechange|Grass|[from] ability: Protean
|-supereffective|p2a: Rotom
|-crit|p2a: Rotom
|-damage|p2a: Rotom|0 fnt
|faint|p2a: Rotom
|
|upkeep
|
|t:|1743834977
|switch|p2a: Dondozo|Dondozo, M|100/100
|turn|4
|
|t:|1743834982
|-terastallize|p2a: Dondozo|Dragon
|move|p1a: Meowscarada|Flower Trick|p2a: Dondozo
|-resisted|p2a: Dondozo
|-crit|p2a: Dondozo
|-damage|p2a: Dondozo|86/100
|move|p2a: Dondozo|Body Slam|p1a: Meowscarada
|-damage|p1a: Meowscarada|57/100
|-status|p1a: Meowscarada|par
|
|upkeep
|turn|5
|c|☆Emmacomedora|GG
|
|t:|1743834996
|move|p1a: Meowscarada|Triple Axel|p2a: Dondozo
|-supereffective|p2a: Dondozo
|-damage|p2a: Dondozo|77/100
|-damage|p1a: Meowscarada|40/100 par|[from] item: Rocky Helmet|[of] p2a: Dondozo
|-supereffective|p2a: Dondozo
|-damage|p2a: Dondozo|62/100
|-damage|p1a: Meowscarada|24/100 par|[from] item: Rocky Helmet|[of] p2a: Dondozo
|-supereffective|p2a: Dondozo
|-damage|p2a: Dondozo|38/100
|-damage|p1a: Meowscarada|8/100 par|[from] item: Rocky Helmet|[of] p2a: Dondozo
|-hitcount|p2a: Dondozo|3
|move|p2a: Dondozo|Zen Headbutt|p1a: Meowscarada
|-damage|p1a: Meowscarada|0 fnt
|faint|p1a: Meowscarada
|
|upkeep
|c|☆reldr|Gg
|
|t:|1743835005
|switch|p1a: Iron Valiant|Iron Valiant|100/100
|-enditem|p1a: Iron Valiant|Booster Energy
|-activate|p1a: Iron Valiant|ability: Quark Drive|[fromitem]
|-start|p1a: Iron Valiant|quarkdrivespe
|turn|6
|
|t:|1743835016
|switch|p2a: Volcanion|Volcanion|88/100
|-terastallize|p1a: Iron Valiant|Steel
|move|p1a: Iron Valiant|Swords Dance|p1a: Iron Valiant
|-boost|p1a: Iron Valiant|atk|2
|
|upkeep
|turn|7
|
|t:|1743835023
|move|p1a: Iron Valiant|Close Combat|p2a: Volcanion
|-damage|p2a: Volcanion|0 fnt
|-unboost|p1a: Iron Valiant|def|1
|-unboost|p1a: Iron Valiant|spd|1
|faint|p2a: Volcanion
|
|upkeep
|
|t:|1743835029
|switch|p2a: Dondozo|Dondozo, M, tera:Dragon|38/100
|turn|8
|
|t:|1743835036
|move|p1a: Iron Valiant|Spirit Break|p2a: Dondozo
|-supereffective|p2a: Dondozo
|-damage|p2a: Dondozo|0 fnt
|-damage|p1a: Iron Valiant|84/100|[from] item: Rocky Helmet|[of] p2a: Dondozo
|faint|p2a: Dondozo
|
|upkeep
|
|t:|1743835046
|switch|p2a: McSapão|Swampert, M|100/100
|turn|9
|
|t:|1743835051
|move|p1a: Iron Valiant|Close Combat|p2a: McSapão
|-damage|p2a: McSapão|0 fnt
|-unboost|p1a: Iron Valiant|def|1
|-unboost|p1a: Iron Valiant|spd|1
|faint|p2a: McSapão
|
|upkeep
|
|t:|1743835057
|switch|p2a: Samurott|Samurott-Hisui, M, shiny|100/100
|turn|10
|
|t:|1743835062
|move|p2a: Samurott|Sucker Punch|p1a: Iron Valiant
|-damage|p1a: Iron Valiant|0 fnt
|faint|p1a: Iron Valiant
|-end|p1a: Iron Valiant|Quark Drive|[silent]
|-damage|p2a: Samurott|91/100|[from] item: Life Orb
|
|upkeep
|
|t:|1743835073
|switch|p1a: Dragapult|Dragapult, M|100/100
|turn|11
|
|t:|1743835075
|move|p2a: Samurott|Sucker Punch||[still]
|-fail|p2a: Samurott
|move|p1a: Dragapult|Substitute|p1a: Dragapult
|-start|p1a: Dragapult|Substitute
|-damage|p1a: Dragapult|76/100
|
|upkeep
|turn|12
|
|t:|1743835082
|switch|p2a: Primarina|Primarina, F, shiny|100/100
|move|p1a: Dragapult|Dragon Darts|p2a: Primarina
|-immune|p2a: Primarina
|
|upkeep
|turn|13
|
|t:|1743835089
|switch|p1a: Iron Crown|Iron Crown|100/100
|move|p2a: Primarina|Hyper Voice|p1a: Iron Crown
|-damage|p1a: Iron Crown|51/100
|-enditem|p2a: Primarina|Throat Spray
|-boost|p2a: Primarina|spa|1|[from] item: Throat Spray
|
|upkeep
|turn|14
|
|t:|1743835097
|move|p1a: Iron Crown|Tachyon Cutter|p2a: Primarina
|-damage|p2a: Primarina|78/100
|-damage|p2a: Primarina|57/100
|-hitcount|p2a: Primarina|2
|move|p2a: Primarina|Hyper Voice|p1a: Iron Crown
|-damage|p1a: Iron Crown|0 fnt
|faint|p1a: Iron Crown
|-end|p1a: Iron Crown|Quark Drive|[silent]
|
|upkeep
|
|t:|1743835105
|switch|p1a: Dragapult|Dragapult, M|76/100
|turn|15
|
|t:|1743835110
|move|p1a: Dragapult|Phantom Force||[still]
|-prepare|p1a: Dragapult|Phantom Force
|move|p2a: Primarina|Draining Kiss|p1a: Dragapult|[miss]
|-miss|p2a: Primarina|p1a: Dragapult
|
|upkeep
|turn|16
|
|t:|1743835124
|move|p1a: Dragapult|Phantom Force|p2a: Primarina|[from] lockedmove
|-damage|p2a: Primarina|0 fnt
|faint|p2a: Primarina
|
|upkeep
|
|t:|1743835128
|switch|p2a: Samurott|Samurott-Hisui, M, shiny|91/100
|turn|17
|
|t:|1743835134
|move|p1a: Dragapult|Substitute|p1a: Dragapult
|-start|p1a: Dragapult|Substitute
|-damage|p1a: Dragapult|51/100
|move|p2a: Samurott|Ceaseless Edge|p1a: Dragapult
|-supereffective|p1a: Dragapult
|-end|p1a: Dragapult|Substitute
|-sidestart|p1: reldr|Spikes
|-damage|p2a: Samurott|81/100|[from] item: Life Orb
|
|upkeep
|turn|18
|
|t:|1743835143
|move|p1a: Dragapult|Substitute|p1a: Dragapult
|-start|p1a: Dragapult|Substitute
|-damage|p1a: Dragapult|26/100
|move|p2a: Samurott|Ceaseless Edge|p1a: Dragapult
|-supereffective|p1a: Dragapult
|-end|p1a: Dragapult|Substitute
|-sidestart|p1: reldr|Spikes
|-damage|p2a: Samurott|71/100|[from] item: Life Orb
|
|upkeep
|turn|19
|
|t:|1743835151
|move|p1a: Dragapult|Dragon Darts|p2a: Samurott
|-damage|p2a: Samurott|36/100
|-anim|p1a: Dragapult|Dragon Darts|p2a: Samurott
|-damage|p2a: Samurott|0 fnt
|faint|p2a: Samurott
|
|win|reldr
|raw|reldr's rating: 1250 &rarr; <strong>1282</strong><br />(+32 for winning)
|raw|Emmacomedora's rating: 1356 &rarr; <strong>1330</strong><br />(-26 for losing)
|l|☆Emmacomedora
|player|p2|
|l|☆reldr
|player|p1|
