|j|☆Adlet
|j|☆Kiwi Weewee
|t:|1743827018
|gametype|singles
|player|p1|Adlet|169|1114
|player|p2|Kiwi Weewee|265|1088
|teamsize|p1|6
|teamsize|p2|6
|gen|9
|tier|[Gen 9] OU
|rated|
|rule|HP Percentage Mod: HP is shown in percentages
|rule|Endless Battle Clause: Forcing endless battles is banned
|rule|Species Clause: Limit one of each Pokémon
|rule|OHKO Clause: OHKO moves are banned
|rule|Evasion Items Clause: Evasion items are banned
|rule|Evasion Moves Clause: Evasion moves are banned
|rule|Sleep Moves Clause: Sleep-inducing moves are banned
|clearpoke
|poke|p1|Serperior, F|
|poke|p1|Weavile, F|
|poke|p1|Alomomola, M|
|poke|p1|Moltres|
|poke|p1|Iron Treads|
|poke|p1|Dragapult, M|
|poke|p2|Weavile, F|
|poke|p2|Ditto|
|poke|p2|Great Tusk|
|poke|p2|Dragapult, M|
|poke|p2|Clodsire, M|
|poke|p2|Blaziken, F|
|teampreview
|inactive|Battle timer is ON: inactive players will automatically lose when time's up. (requested by Adlet)
|
|t:|1743827040
|start
|switch|p1a: Iron Treads|Iron Treads|100/100
|switch|p2a: Blaziken|Blaziken, F|100/100
|turn|1
|
|t:|1743827055
|move|p2a: Blaziken|Protect|p2a: Blaziken
|-singleturn|p2a: Blaziken|Protect
|move|p1a: Iron Treads|Earthquake|p2a: Blaziken
|-activate|p2a: Blaziken|move: Protect
|
|-ability|p2a: Blaziken|Speed Boost|boost
|-boost|p2a: Blaziken|spe|1
|upkeep
|turn|2
|
|t:|1743827067
|-end|p1a: Iron Treads|Quark Drive|[silent]
|switch|p1a: Moltres|Moltres|100/100
|move|p2a: Blaziken|Close Combat|p1a: Moltres
|-resisted|p1a: Moltres
|-damage|p1a: Moltres|72/100
|-unboost|p2a: Blaziken|def|1
|-unboost|p2a: Blaziken|spd|1
|-damage|p2a: Blaziken|91/100|[from] item: Life Orb
|
|-ability|p2a: Blaziken|Speed Boost|boost
|-boost|p2a: Blaziken|spe|1
|upkeep
|turn|3
|
|t:|1743827085
|switch|p2a: Clodsire|Clodsire, M|100/100
|move|p1a: Moltres|Roar|p2a: Clodsire
|drag|p2a: Great Tusk|Great Tusk|100/100
|
|upkeep
|turn|4
|
|t:|1743827099
|-end|p2a: Great Tusk|Protosynthesis|[silent]
|switch|p2a: Clodsire|Clodsire, M|100/100
|move|p1a: Moltres|Will-O-Wisp|p2a: Clodsire
|-status|p2a: Clodsire|brn
|
|-damage|p2a: Clodsire|94/100 brn|[from] brn
|upkeep
|turn|5
|
|t:|1743827116
|switch|p1a: Iron Treads|Iron Treads|100/100
|move|p2a: Clodsire|Toxic|p1a: Iron Treads
|-immune|p1a: Iron Treads
|
|-heal|p2a: Clodsire|100/100 brn|[from] item: Black Sludge
|-damage|p2a: Clodsire|94/100 brn|[from] brn
|upkeep
|turn|6
|
|t:|1743827127
|move|p1a: Iron Treads|Stealth Rock|p2a: Clodsire
|-sidestart|p2: Kiwi Weewee|move: Stealth Rock
|move|p2a: Clodsire|Earthquake|p1a: Iron Treads
|-supereffective|p1a: Iron Treads
|-damage|p1a: Iron Treads|78/100
|
|-heal|p1a: Iron Treads|84/100|[from] item: Leftovers
|-heal|p2a: Clodsire|100/100 brn|[from] item: Black Sludge
|-damage|p2a: Clodsire|94/100 brn|[from] brn
|upkeep
|turn|7
|
|t:|1743827139
|move|p1a: Iron Treads|Earthquake|p2a: Clodsire
|-supereffective|p2a: Clodsire
|-damage|p2a: Clodsire|13/100 brn
|move|p2a: Clodsire|Earthquake|p1a: Iron Treads
|-supereffective|p1a: Iron Treads
|-damage|p1a: Iron Treads|62/100
|
|-heal|p1a: Iron Treads|68/100|[from] item: Leftovers
|-heal|p2a: Clodsire|19/100 brn|[from] item: Black Sludge
|-damage|p2a: Clodsire|13/100 brn|[from] brn
|upkeep
|turn|8
|
|t:|1743827150
|move|p1a: Iron Treads|Earthquake|p2a: Clodsire
|-supereffective|p2a: Clodsire
|-damage|p2a: Clodsire|0 fnt
|faint|p2a: Clodsire
|
|-heal|p1a: Iron Treads|74/100|[from] item: Leftovers
|upkeep
|inactive|Kiwi Weewee has 120 seconds left.
|
|t:|1743827182
|switch|p2a: Dragapult|Dragapult, M|100/100
|-damage|p2a: Dragapult|88/100|[from] Stealth Rock
|turn|9
|
|t:|1743827191
|-end|p1a: Iron Treads|Quark Drive|[silent]
|switch|p1a: Alomomola|Alomomola, M|100/100
|move|p2a: Dragapult|Shadow Ball|p1a: Alomomola
|-damage|p1a: Alomomola|56/100
|
|upkeep
|turn|10
|
|t:|1743827211
|move|p2a: Dragapult|Shadow Ball|p1a: Alomomola
|-damage|p1a: Alomomola|12/100
|-unboost|p1a: Alomomola|spd|1
|move|p1a: Alomomola|Wish|p1a: Alomomola
|
|upkeep
|turn|11
|
|t:|1743827222
|switch|p1a: Weavile|Weavile, F|100/100
|-ability|p1a: Weavile|Pressure
|move|p2a: Dragapult|Shadow Ball|p1a: Weavile
|-resisted|p1a: Weavile
|-damage|p1a: Weavile|64/100
|
|-heal|p1a: Weavile|100/100|[from] move: Wish|[wisher] Alomomola
|upkeep
|turn|12
|
|t:|1743827239
|switch|p2a: Ditto|Ditto|100/100
|-damage|p2a: Ditto|88/100|[from] Stealth Rock
|-transform|p2a: Ditto|p1a: Weavile|[from] ability: Imposter
|-ability|p2a: Ditto|Pressure
|move|p1a: Weavile|Knock Off|p2a: Ditto
|-resisted|p2a: Ditto
|-damage|p2a: Ditto|30/100
|-enditem|p2a: Ditto|Choice Scarf|[from] move: Knock Off|[of] p1a: Weavile
|
|upkeep
|turn|13
|inactive|Adlet has 120 seconds left.
|
|t:|1743827260
|move|p2a: Ditto|Knock Off|p1a: Weavile
|-resisted|p1a: Weavile
|-damage|p1a: Weavile|53/100
|-enditem|p1a: Weavile|Choice Band|[from] move: Knock Off|[of] p2a: Ditto
|move|p1a: Weavile|Knock Off|p2a: Ditto
|-resisted|p2a: Ditto
|-damage|p2a: Ditto|1/100
|
|upkeep
|turn|14
|
|t:|1743827270
|move|p1a: Weavile|Ice Shard|p2a: Ditto
|-resisted|p2a: Ditto
|-damage|p2a: Ditto|0 fnt
|faint|p2a: Ditto
|
|upkeep
|
|t:|1743827274
|switch|p2a: Blaziken|Blaziken, F|91/100
|-damage|p2a: Blaziken|78/100|[from] Stealth Rock
|turn|15
|inactive|Adlet has 120 seconds left.
|
|t:|1743827306
|switch|p1a: Dragapult|Dragapult, M|100/100
|move|p2a: Blaziken|Protect||[still]
|-fail|p2a: Blaziken
|
|-ability|p2a: Blaziken|Speed Boost|boost
|-boost|p2a: Blaziken|spe|1
|upkeep
|turn|16
|
|t:|1743827318
|-terastallize|p2a: Blaziken|Fire
|move|p1a: Dragapult|Dragon Darts|p2a: Blaziken
|-damage|p2a: Blaziken|41/100
|-anim|p1a: Dragapult|Dragon Darts|p2a: Blaziken
|-damage|p2a: Blaziken|6/100
|move|p2a: Blaziken|Overheat|p1a: Dragapult
|-resisted|p1a: Dragapult
|-damage|p1a: Dragapult|38/100
|-unboost|p2a: Blaziken|spa|2
|-damage|p2a: Blaziken|0 fnt|[from] item: Life Orb
|faint|p2a: Blaziken
|
|upkeep
|
|t:|1743827328
|switch|p2a: Weavile|Weavile, F|100/100
|-damage|p2a: Weavile|76/100|[from] Stealth Rock
|-ability|p2a: Weavile|Pressure
|turn|17
|-message|Kiwi Weewee forfeited.
|
|win|Adlet
|raw|Adlet's rating: 1114 &rarr; <strong>1137</strong><br />(+23 for winning)
|raw|Kiwi Weewee's rating: 1088 &rarr; <strong>1067</strong><br />(-21 for losing)
|l|☆Kiwi Weewee
|player|p2|
|l|☆Adlet
|player|p1|
