|j|☆chilah
|j|☆feeeeeeeeeeet
|t:|1743866602
|gametype|singles
|player|p1|chilah|1|1225
|player|p2|feeeeeeeeeeet|may-contest|1288
|teamsize|p1|6
|teamsize|p2|6
|gen|9
|tier|[Gen 9] OU
|rated|
|rule|HP Percentage Mod: HP is shown in percentages
|rule|Endless Battle Clause: Forcing endless battles is banned
|rule|Species Clause: Limit one of each Pokémon
|rule|OHKO Clause: OHKO moves are banned
|rule|Evasion Items Clause: Evasion items are banned
|rule|Evasion Moves Clause: Evasion moves are banned
|rule|Sleep Moves Clause: Sleep-inducing moves are banned
|clearpoke
|poke|p1|Torkoal, M|
|poke|p1|Corviknight, F|
|poke|p1|Venusaur, F|
|poke|p1|Great Tusk|
|poke|p1|Typhlosion-Hisui, M|
|poke|p1|Walking Wake|
|poke|p2|Dragapult, M|
|poke|p2|Primarina, F|
|poke|p2|Iron Crown|
|poke|p2|Samurott-Hisui, F|
|poke|p2|Kingambit, F|
|poke|p2|Landorus-Therian, M|
|teampreview
|inactive|Battle timer is ON: inactive players will automatically lose when time's up. (requested by feeeeeeeeeeet)
|
|t:|1743866609
|start
|switch|p1a: Dubya|Walking Wake|100/100
|switch|p2a: Samurott|Samurott-Hisui, F|100/100
|turn|1
|
|t:|1743866619
|move|p1a: Dubya|Draco Meteor|p2a: Samurott
|-damage|p2a: Samurott|0 fnt
|-unboost|p1a: Dubya|spa|2
|faint|p2a: Samurott
|
|upkeep
|inactive|feeeeeeeeeeet has 120 seconds left.
|
|t:|1743866653
|switch|p2a: Primarina|Primarina, F|100/100
|turn|2
|
|t:|1743866662
|-end|p1a: Dubya|Protosynthesis|[silent]
|switch|p1a: T= r*Fsin(theta)|Torkoal, M|100/100
|-weather|SunnyDay|[from] ability: Drought|[of] p1a: T= r*Fsin(theta)
|move|p2a: Primarina|Calm Mind|p2a: Primarina
|-boost|p2a: Primarina|spa|1
|-boost|p2a: Primarina|spd|1
|
|-weather|SunnyDay|[upkeep]
|upkeep
|turn|3
|
|t:|1743866685
|switch|p1a: Corvfefe|Corviknight, F|100/100
|-ability|p1a: Corvfefe|Pressure
|move|p2a: Primarina|Calm Mind|p2a: Primarina
|-boost|p2a: Primarina|spa|1
|-boost|p2a: Primarina|spd|1
|
|-weather|SunnyDay|[upkeep]
|upkeep
|turn|4
|
|t:|1743866695
|move|p2a: Primarina|Surf|p1a: Corvfefe
|-damage|p1a: Corvfefe|60/100
|move|p1a: Corvfefe|Brave Bird|p2a: Primarina
|-damage|p2a: Primarina|56/100
|-damage|p1a: Corvfefe|46/100|[from] Recoil
|
|-weather|SunnyDay|[upkeep]
|upkeep
|turn|5
|
|t:|1743866705
|move|p2a: Primarina|Surf|p1a: Corvfefe
|-crit|p1a: Corvfefe
|-damage|p1a: Corvfefe|0 fnt
|faint|p1a: Corvfefe
|
|-weather|SunnyDay|[upkeep]
|upkeep
|
|t:|1743866719
|switch|p1a: I Serve The Face|Great Tusk|100/100
|-activate|p1a: I Serve The Face|ability: Protosynthesis
|-start|p1a: I Serve The Face|protosynthesisatk
|turn|6
|
|t:|1743866729
|move|p1a: I Serve The Face|Close Combat|p2a: Primarina
|-resisted|p2a: Primarina
|-damage|p2a: Primarina|7/100
|-unboost|p1a: I Serve The Face|def|1
|-unboost|p1a: I Serve The Face|spd|1
|-enditem|p1a: I Serve The Face|Eject Pack
|
|t:|1743866744
|-end|p1a: I Serve The Face|Protosynthesis|[silent]
|switch|p1a: VVS Diamonds|Venusaur, F|100/100
|move|p2a: Primarina|Moonblast|p1a: VVS Diamonds
|-resisted|p1a: VVS Diamonds
|-damage|p1a: VVS Diamonds|47/100
|-unboost|p1a: VVS Diamonds|spa|1
|
|-weather|SunnyDay|[upkeep]
|upkeep
|turn|7
|
|t:|1743866755
|move|p1a: VVS Diamonds|Giga Drain|p2a: Primarina
|-supereffective|p2a: Primarina
|-damage|p2a: Primarina|0 fnt
|-heal|p1a: VVS Diamonds|51/100|[from] drain|[of] p2a: Primarina
|faint|p2a: Primarina
|-damage|p1a: VVS Diamonds|41/100|[from] item: Life Orb
|
|-weather|SunnyDay|[upkeep]
|upkeep
|
|t:|1743866764
|switch|p2a: Iron Crown|Iron Crown|100/100
|turn|8
|
|t:|1743866772
|move|p1a: VVS Diamonds|Earth Power|p2a: Iron Crown
|-supereffective|p2a: Iron Crown
|-damage|p2a: Iron Crown|64/100
|-damage|p1a: VVS Diamonds|31/100|[from] item: Life Orb
|move|p2a: Iron Crown|Future Sight|p1a: VVS Diamonds
|-start|p2a: Iron Crown|move: Future Sight
|
|-weather|SunnyDay|[upkeep]
|upkeep
|turn|9
|
|t:|1743866781
|move|p1a: VVS Diamonds|Earth Power|p2a: Iron Crown
|-supereffective|p2a: Iron Crown
|-damage|p2a: Iron Crown|31/100
|-damage|p1a: VVS Diamonds|21/100|[from] item: Life Orb
|move|p2a: Iron Crown|Tachyon Cutter|p1a: VVS Diamonds
|-damage|p1a: VVS Diamonds|0 fnt
|faint|p1a: VVS Diamonds
|-hitcount|p1: VVS Diamonds|1
|
|-weather|none
|upkeep
|
|t:|1743866795
|switch|p1a: T= r*Fsin(theta)|Torkoal, M|100/100
|-weather|SunnyDay|[from] ability: Drought|[of] p1a: T= r*Fsin(theta)
|turn|10
|
|t:|1743866812
|move|p2a: Iron Crown|Tachyon Cutter|p1a: T= r*Fsin(theta)
|-resisted|p1a: T= r*Fsin(theta)
|-damage|p1a: T= r*Fsin(theta)|87/100
|-resisted|p1a: T= r*Fsin(theta)
|-damage|p1a: T= r*Fsin(theta)|74/100
|-hitcount|p1a: T= r*Fsin(theta)|2
|move|p1a: T= r*Fsin(theta)|Lava Plume|p2a: Iron Crown
|-supereffective|p2a: Iron Crown
|-damage|p2a: Iron Crown|0 fnt
|faint|p2a: Iron Crown
|-end|p2a: Iron Crown|Quark Drive|[silent]
|
|-weather|SunnyDay|[upkeep]
|-end|p1a: T= r*Fsin(theta)|move: Future Sight
|-damage|p1a: T= r*Fsin(theta)|14/100
|upkeep
|
|t:|1743866829
|switch|p2a: Dragapult|Dragapult, M, shiny|100/100
|turn|11
|
|t:|1743866835
|move|p2a: Dragapult|Dragon Darts|p1a: T= r*Fsin(theta)
|-damage|p1a: T= r*Fsin(theta)|0 fnt
|faint|p1a: T= r*Fsin(theta)
|
|-weather|SunnyDay|[upkeep]
|upkeep
|
|t:|1743866842
|switch|p1a: Dubya|Walking Wake|100/100
|-activate|p1a: Dubya|ability: Protosynthesis
|-start|p1a: Dubya|protosynthesisspe
|turn|12
|
|t:|1743866855
|switch|p2a: Landorus|Landorus-Therian, M|100/100
|-ability|p2a: Landorus|Intimidate|boost
|-unboost|p1a: Dubya|atk|1
|-terastallize|p1a: Dubya|Fairy
|move|p1a: Dubya|Dragon Pulse|p2a: Landorus
|-damage|p2a: Landorus|30/100
|
|-weather|SunnyDay|[upkeep]
|upkeep
|turn|13
|
|t:|1743866870
|move|p1a: Dubya|Dragon Pulse|p2a: Landorus
|-damage|p2a: Landorus|0 fnt
|faint|p2a: Landorus
|
|-weather|SunnyDay|[upkeep]
|upkeep
|
|t:|1743866880
|switch|p2a: Dragapult|Dragapult, M, shiny|100/100
|turn|14
|
|t:|1743866886
|-terastallize|p2a: Dragapult|Ghost
|move|p1a: Dubya|Dragon Pulse|p2a: Dragapult
|-damage|p2a: Dragapult|7/100
|move|p2a: Dragapult|Tera Blast|p1a: Dubya|[anim] Tera Blast Ghost
|-damage|p1a: Dubya|11/100
|
|-weather|SunnyDay|[upkeep]
|upkeep
|turn|15
|
|t:|1743866896
|switch|p2a: Kingambit|Kingambit, F|100/100
|-activate|p2a: Kingambit|ability: Supreme Overlord
|-start|p2a: Kingambit|fallen4|[silent]
|move|p1a: Dubya|Dragon Pulse|p2a: Kingambit
|-resisted|p2a: Kingambit
|-damage|p2a: Kingambit|67/100
|
|-weather|SunnyDay|[upkeep]
|-heal|p2a: Kingambit|73/100|[from] item: Leftovers
|upkeep
|turn|16
|
|t:|1743866908
|move|p1a: Dubya|Dragon Pulse|p2a: Kingambit
|-resisted|p2a: Kingambit
|-damage|p2a: Kingambit|42/100
|move|p2a: Kingambit|Swords Dance|p2a: Kingambit
|-boost|p2a: Kingambit|atk|2
|
|-weather|SunnyDay|[upkeep]
|-heal|p2a: Kingambit|49/100|[from] item: Leftovers
|upkeep
|turn|17
|
|t:|1743866917
|move|p2a: Kingambit|Sucker Punch|p1a: Dubya
|-resisted|p1a: Dubya
|-damage|p1a: Dubya|0 fnt
|faint|p1a: Dubya
|-end|p1a: Dubya|Protosynthesis|[silent]
|
|-weather|none
|-heal|p2a: Kingambit|55/100|[from] item: Leftovers
|upkeep
|
|t:|1743866924
|switch|p1a: Ty Collar Sign|Typhlosion-Hisui, M|100/100
|turn|18
|
|t:|1743866944
|move|p2a: Kingambit|Sucker Punch||[still]
|-fail|p2a: Kingambit
|move|p1a: Ty Collar Sign|Will-O-Wisp|p2a: Kingambit
|-status|p2a: Kingambit|brn
|
|-heal|p2a: Kingambit|61/100 brn|[from] item: Leftovers
|-damage|p2a: Kingambit|55/100 brn|[from] brn
|upkeep
|turn|19
|
|t:|1743866954
|switch|p1a: I Serve The Face|Great Tusk|100/100
|move|p2a: Kingambit|Sucker Punch||[still]
|-fail|p2a: Kingambit
|
|-heal|p2a: Kingambit|61/100 brn|[from] item: Leftovers
|-damage|p2a: Kingambit|55/100 brn|[from] brn
|upkeep
|turn|20
|
|t:|1743866972
|move|p1a: I Serve The Face|Headlong Rush|p2a: Kingambit
|-supereffective|p2a: Kingambit
|-damage|p2a: Kingambit|0 fnt
|-unboost|p1a: I Serve The Face|def|1
|-unboost|p1a: I Serve The Face|spd|1
|faint|p2a: Kingambit
|-end|p2a: Kingambit|fallen4|[silent]
|
|upkeep
|
|t:|1743866976
|switch|p2a: Dragapult|Dragapult, M, shiny, tera:Ghost|7/100
|turn|21
|
|t:|1743866991
|move|p2a: Dragapult|Dragon Darts|p1a: I Serve The Face
|-damage|p1a: I Serve The Face|59/100
|-anim|p2a: Dragapult|Dragon Darts|p1a: I Serve The Face
|-damage|p1a: I Serve The Face|18/100
|move|p1a: I Serve The Face|Ice Spinner|p2a: Dragapult
|-damage|p2a: Dragapult|0 fnt
|faint|p2a: Dragapult
|
|win|chilah
|raw|chilah's rating: 1225 &rarr; <strong>1254</strong><br />(+29 for winning)
|raw|feeeeeeeeeeet's rating: 1288 &rarr; <strong>1259</strong><br />(-29 for losing)
|l|☆feeeeeeeeeeet
|player|p2|
|l|☆chilah
|player|p1|
