|j|☆Skakakak
|j|☆Hush Is Here
|t:|1743797382
|gametype|singles
|player|p1|Skakakak|101|1060
|player|p2|Hush Is Here|caitlin|1061
|teamsize|p1|6
|teamsize|p2|6
|gen|9
|tier|[Gen 9] OU
|rated|
|rule|HP Percentage Mod: HP is shown in percentages
|rule|Endless Battle Clause: Forcing endless battles is banned
|rule|Species Clause: Limit one of each Pokémon
|rule|OHKO Clause: OHKO moves are banned
|rule|Evasion Items Clause: Evasion items are banned
|rule|Evasion Moves Clause: Evasion moves are banned
|rule|Sleep Moves Clause: Sleep-inducing moves are banned
|clearpoke
|poke|p1|Blissey, F|
|poke|p1|Amoonguss, M|
|poke|p1|Bronzong|
|poke|p1|Gliscor, M|
|poke|p1|Dondozo, F|
|poke|p1|Alomomola, M|
|poke|p2|Lurantis, F|
|poke|p2|Cresselia, F|
|poke|p2|Hatterene, F|
|poke|p2|Chandelure, M|
|poke|p2|Azumarill, F|
|poke|p2|Hariyama, F|
|teampreview
|
|t:|1743797400
|start
|switch|p1a: Gliscor|Gliscor, M|100/100
|switch|p2a: Bimpo|Chandelure, M|100/100
|turn|1
|
|t:|1743797412
|move|p1a: Gliscor|Protect|p1a: Gliscor
|-singleturn|p1a: Gliscor|Protect
|move|p2a: Bimpo|Trick Room|p2a: Bimpo
|-fieldstart|move: Trick Room|[of] p2a: Bimpo
|
|-status|p1a: Gliscor|tox|[from] item: Toxic Orb
|upkeep
|turn|2
|
|t:|1743797428
|move|p2a: Bimpo|Overheat|p1a: Gliscor
|-damage|p1a: Gliscor|47/100 tox
|-unboost|p2a: Bimpo|spa|2
|-enditem|p2a: Bimpo|Eject Pack
|
|t:|1743797439
|switch|p2a: Doom Bringer|Lurantis, F|100/100
|move|p1a: Gliscor|Spikes|p2a: Doom Bringer
|-sidestart|p2: Hush Is Here|Spikes
|
|-heal|p1a: Gliscor|59/100 tox|[from] ability: Poison Heal
|upkeep
|turn|3
|
|t:|1743797447
|move|p1a: Gliscor|Protect|p1a: Gliscor
|-singleturn|p1a: Gliscor|Protect
|move|p2a: Doom Bringer|Superpower|p1a: Gliscor
|-activate|p1a: Gliscor|move: Protect
|
|-heal|p1a: Gliscor|72/100 tox|[from] ability: Poison Heal
|upkeep
|turn|4
|
|t:|1743797454
|move|p2a: Doom Bringer|Superpower|p1a: Gliscor
|-resisted|p1a: Gliscor
|-damage|p1a: Gliscor|57/100 tox
|-boost|p2a: Doom Bringer|atk|1
|-boost|p2a: Doom Bringer|def|1
|move|p1a: Gliscor|Knock Off|p2a: Doom Bringer
|-crit|p2a: Doom Bringer
|-damage|p2a: Doom Bringer|66/100
|-enditem|p2a: Doom Bringer|Figy Berry|[from] move: Knock Off|[of] p1a: Gliscor
|
|-heal|p1a: Gliscor|70/100 tox|[from] ability: Poison Heal
|upkeep
|turn|5
|
|t:|1743797468
|switch|p1a: Dondozo|Dondozo, F|100/100
|move|p2a: Doom Bringer|Leaf Blade|p1a: Dondozo
|-supereffective|p1a: Dondozo
|-damage|p1a: Dondozo|58/100
|
|-fieldend|move: Trick Room
|upkeep
|turn|6
|
|t:|1743797491
|switch|p1a: Amoonguss|Amoonguss, M|100/100
|move|p2a: Doom Bringer|Leaf Blade|p1a: Amoonguss
|-resisted|p1a: Amoonguss
|-damage|p1a: Amoonguss|88/100
|
|upkeep
|turn|7
|
|t:|1743797499
|move|p2a: Doom Bringer|Superpower|p1a: Amoonguss
|-resisted|p1a: Amoonguss
|-damage|p1a: Amoonguss|67/100
|-boost|p2a: Doom Bringer|atk|1
|-boost|p2a: Doom Bringer|def|1
|move|p1a: Amoonguss|Clear Smog|p2a: Doom Bringer
|-supereffective|p2a: Doom Bringer
|-damage|p2a: Doom Bringer|31/100
|-clearboost|p2a: Doom Bringer
|
|upkeep
|turn|8
|
|t:|1743797514
|switch|p2a: Zorpo|Cresselia, F|100/100
|move|p1a: Amoonguss|Toxic|p2a: Zorpo
|-status|p2a: Zorpo|tox
|
|-damage|p2a: Zorpo|94/100 tox|[from] psn
|upkeep
|turn|9
|
|t:|1743797523
|switch|p1a: Bronzong|Bronzong|100/100
|move|p2a: Zorpo|Trick Room|p2a: Zorpo
|-fieldstart|move: Trick Room|[of] p2a: Zorpo
|
|-damage|p2a: Zorpo|82/100 tox|[from] psn
|upkeep
|turn|10
|
|t:|1743797552
|move|p1a: Bronzong|Stealth Rock|p2a: Zorpo
|-sidestart|p2: Hush Is Here|move: Stealth Rock
|move|p2a: Zorpo|Moonblast|p1a: Bronzong
|-resisted|p1a: Bronzong
|-damage|p1a: Bronzong|95/100
|
|-heal|p1a: Bronzong|100/100|[from] item: Leftovers
|-damage|p2a: Zorpo|64/100 tox|[from] psn
|upkeep
|turn|11
|
|t:|1743797561
|move|p1a: Bronzong|Protect|p1a: Bronzong
|-singleturn|p1a: Bronzong|Protect
|move|p2a: Zorpo|Ice Beam|p1a: Bronzong
|-activate|p1a: Bronzong|move: Protect
|
|-damage|p2a: Zorpo|40/100 tox|[from] psn
|upkeep
|turn|12
|-message|Hush Is Here forfeited.
|
|win|Skakakak
|raw|Skakakak's rating: 1060 &rarr; <strong>1091</strong><br />(+31 for winning)
|raw|Hush Is Here's rating: 1061 &rarr; <strong>1042</strong><br />(-19 for losing)
|l|☆Hush Is Here
|player|p2|
