|j|☆mayomama
|j|☆maitt
|t:|1743794656
|gametype|singles
|player|p1|mayomama|170|1232
|player|p2|maitt|lucas|1245
|teamsize|p1|6
|teamsize|p2|6
|gen|9
|tier|[Gen 9] OU
|rated|
|rule|HP Percentage Mod: HP is shown in percentages
|rule|Endless Battle Clause: Forcing endless battles is banned
|rule|Species Clause: Limit one of each Pokémon
|rule|OHKO Clause: OHKO moves are banned
|rule|Evasion Items Clause: Evasion items are banned
|rule|Evasion Moves Clause: Evasion moves are banned
|rule|Sleep Moves Clause: Sleep-inducing moves are banned
|clearpoke
|poke|p1|Tornadus-Therian, M|
|poke|p1|Meowscarada, F|
|poke|p1|Slither Wing|
|poke|p1|Kyurem|
|poke|p1|Munkidori, M|
|poke|p1|Iron Treads|
|poke|p2|Venusaur, F|
|poke|p2|Torkoal, F|
|poke|p2|Zapdos|
|poke|p2|Ceruledge, M|
|poke|p2|Mamoswine, F|
|poke|p2|Greninja-*, M|
|teampreview
|inactive|Battle timer is ON: inactive players will automatically lose when time's up. (requested by maitt)
|inactive|mayomama also wants the timer to be on.
|
|t:|1743794669
|start
|switch|p1a: Munkidori|Munkidori, M|100/100
|switch|p2a: Greninja|Greninja, M|100/100
|turn|1
|
|t:|1743794679
|switch|p1a: Meowscarada|Meowscarada, F|100/100
|move|p2a: Greninja|Dark Pulse|p1a: Meowscarada
|-resisted|p1a: Meowscarada
|-crit|p1a: Meowscarada
|-damage|p1a: Meowscarada|57/100
|
|upkeep
|turn|2
|
|t:|1743794684
|move|p1a: Meowscarada|U-turn|p2a: Greninja
|-start|p1a: Meowscarada|typechange|Bug|[from] ability: Protean
|-supereffective|p2a: Greninja
|-enditem|p2a: Greninja|Focus Sash
|-damage|p2a: Greninja|1/100
|
|t:|1743794688
|switch|p1a: Slither Wing|Slither Wing|100/100|[from] U-turn
|move|p2a: Greninja|Ice Beam|p1a: Slither Wing
|-damage|p1a: Slither Wing|78/100
|
|upkeep
|turn|3
|
|t:|1743794702
|switch|p2a: Torkoal|Torkoal, F|100/100
|-weather|SunnyDay|[from] ability: Drought|[of] p2a: Torkoal
|-activate|p1a: Slither Wing|ability: Protosynthesis
|-start|p1a: Slither Wing|protosynthesisatk
|move|p1a: Slither Wing|First Impression|p2a: Torkoal
|-resisted|p2a: Torkoal
|-damage|p2a: Torkoal|81/100
|
|-weather|SunnyDay|[upkeep]
|upkeep
|turn|4
|
|t:|1743794710
|move|p1a: Slither Wing|U-turn|p2a: Torkoal
|-resisted|p2a: Torkoal
|-damage|p2a: Torkoal|66/100
|
|t:|1743794713
|-end|p1a: Slither Wing|Protosynthesis|[silent]
|switch|p1a: Tornadus|Tornadus-Therian, M|100/100|[from] U-turn
|move|p2a: Torkoal|Lava Plume|p1a: Tornadus
|-damage|p1a: Tornadus|60/100
|
|-weather|SunnyDay|[upkeep]
|upkeep
|turn|5
|
|t:|1743794718
|move|p1a: Tornadus|Air Slash|p2a: Torkoal
|-damage|p2a: Torkoal|20/100
|move|p2a: Torkoal|Stealth Rock|p1a: Tornadus
|-sidestart|p1: mayomama|move: Stealth Rock
|
|-weather|SunnyDay|[upkeep]
|upkeep
|turn|6
|
|t:|1743794722
|move|p1a: Tornadus|Air Slash|p2a: Torkoal
|-crit|p2a: Torkoal
|-damage|p2a: Torkoal|0 fnt
|faint|p2a: Torkoal
|
|-weather|SunnyDay|[upkeep]
|upkeep
|
|t:|1743794732
|switch|p2a: Greninja|Greninja, M|1/100
|turn|7
|
|t:|1743794736
|switch|p1a: Slither Wing|Slither Wing|78/100
|-activate|p1a: Slither Wing|ability: Protosynthesis
|-start|p1a: Slither Wing|protosynthesisatk
|move|p2a: Greninja|Ice Beam|p1a: Slither Wing
|-damage|p1a: Slither Wing|55/100
|
|-weather|SunnyDay|[upkeep]
|upkeep
|turn|8
|
|t:|1743794741
|move|p2a: Greninja|Sludge Wave|p1a: Slither Wing
|-damage|p1a: Slither Wing|30/100
|move|p1a: Slither Wing|U-turn|p2a: Greninja
|-supereffective|p2a: Greninja
|-damage|p2a: Greninja|0 fnt
|faint|p2a: Greninja
|
|t:|1743794753
|-end|p1a: Slither Wing|Protosynthesis|[silent]
|switch|p1a: Munkidori|Munkidori, M|100/100|[from] U-turn
|-damage|p1a: Munkidori|88/100|[from] Stealth Rock
|
|-weather|SunnyDay|[upkeep]
|upkeep
|
|t:|1743794756
|switch|p2a: Venusaur|Venusaur, F|100/100
|turn|9
|
|t:|1743794763
|switch|p1a: Tornadus|Tornadus-Therian, M|93/100
|move|p2a: Venusaur|Earth Power|p1a: Tornadus
|-immune|p1a: Tornadus
|
|-weather|SunnyDay|[upkeep]
|upkeep
|turn|10
|
|t:|1743794771
|switch|p1a: Slither Wing|Slither Wing|30/100
|-activate|p1a: Slither Wing|ability: Protosynthesis
|-start|p1a: Slither Wing|protosynthesisatk
|move|p2a: Venusaur|Weather Ball|p1a: Slither Wing
|-supereffective|p1a: Slither Wing
|-damage|p1a: Slither Wing|0 fnt
|faint|p1a: Slither Wing
|-end|p1a: Slither Wing|Protosynthesis|[silent]
|
|-weather|none
|upkeep
|
|t:|1743794781
|switch|p1a: Tornadus|Tornadus-Therian, M|100/100
|turn|11
|
|t:|1743794788
|switch|p2a: Zapdos|Zapdos|100/100
|-ability|p2a: Zapdos|Pressure
|move|p1a: Tornadus|Substitute|p1a: Tornadus
|-start|p1a: Tornadus|Substitute
|-damage|p1a: Tornadus|76/100
|
|upkeep
|turn|12
|
|t:|1743794790
|move|p1a: Tornadus|Heat Wave|p2a: Zapdos
|-damage|p2a: Zapdos|68/100
|move|p2a: Zapdos|Discharge|p1a: Tornadus
|-supereffective|p1a: Tornadus
|-end|p1a: Tornadus|Substitute
|
|upkeep
|turn|13
|
|t:|1743794802
|switch|p1a: Iron Treads|Iron Treads|100/100
|-damage|p1a: Iron Treads|97/100|[from] Stealth Rock
|move|p2a: Zapdos|Discharge|p1a: Iron Treads
|-immune|p1a: Iron Treads
|
|upkeep
|turn|14
|
|t:|1743794805
|switch|p2a: Venusaur|Venusaur, F|100/100
|move|p1a: Iron Treads|Stealth Rock|p2a: Venusaur
|-sidestart|p2: maitt|move: Stealth Rock
|
|upkeep
|turn|15
|
|t:|1743794812
|move|p1a: Iron Treads|Earthquake|p2a: Venusaur
|-damage|p2a: Venusaur|50/100
|move|p2a: Venusaur|Solar Beam||[still]
|-prepare|p2a: Venusaur|Solar Beam
|
|upkeep
|turn|16
|
|t:|1743794816
|-end|p1a: Iron Treads|Quark Drive|[silent]
|switch|p1a: Tornadus|Tornadus-Therian, M|100/100
|move|p2a: Venusaur|Solar Beam|p1a: Tornadus|[from] lockedmove
|-resisted|p1a: Tornadus
|-damage|p1a: Tornadus|72/100
|
|upkeep
|turn|17
|
|t:|1743794821
|switch|p2a: Zapdos|Zapdos|68/100
|-ability|p2a: Zapdos|Pressure
|move|p1a: Tornadus|Air Slash|p2a: Zapdos
|-resisted|p2a: Zapdos
|-damage|p2a: Zapdos|48/100
|
|upkeep
|turn|18
|
|t:|1743794824
|switch|p1a: Iron Treads|Iron Treads|97/100
|-damage|p1a: Iron Treads|94/100|[from] Stealth Rock
|move|p2a: Zapdos|Roost|p2a: Zapdos
|-heal|p2a: Zapdos|98/100
|-singleturn|p2a: Zapdos|move: Roost
|
|upkeep
|turn|19
|
|t:|1743794851
|switch|p2a: Venusaur|Venusaur, F|50/100
|-damage|p2a: Venusaur|38/100|[from] Stealth Rock
|move|p1a: Iron Treads|Rapid Spin|p2a: Venusaur
|-damage|p2a: Venusaur|21/100
|-boost|p1a: Iron Treads|spe|1
|-sideend|p1: mayomama|Stealth Rock|[from] move: Rapid Spin|[of] p1a: Iron Treads
|
|upkeep
|turn|20
|
|t:|1743794855
|move|p1a: Iron Treads|Earthquake|p2a: Venusaur
|-damage|p2a: Venusaur|0 fnt
|faint|p2a: Venusaur
|
|upkeep
|
|t:|1743794858
|switch|p2a: Ceruledge|Ceruledge, M|100/100
|-damage|p2a: Ceruledge|76/100|[from] Stealth Rock
|turn|21
|
|t:|1743794862
|move|p1a: Iron Treads|Earthquake|p2a: Ceruledge
|-supereffective|p2a: Ceruledge
|-damage|p2a: Ceruledge|0 fnt
|faint|p2a: Ceruledge
|
|upkeep
|
|t:|1743794864
|switch|p2a: Mamoswine|Mamoswine, F|100/100
|-damage|p2a: Mamoswine|88/100|[from] Stealth Rock
|turn|22
|
|t:|1743794867
|move|p1a: Iron Treads|Iron Head|p2a: Mamoswine
|-supereffective|p2a: Mamoswine
|-crit|p2a: Mamoswine
|-damage|p2a: Mamoswine|12/100
|cant|p2a: Mamoswine|flinch
|
|-heal|p2a: Mamoswine|18/100|[from] item: Leftovers
|upkeep
|turn|23
|
|t:|1743794871
|move|p1a: Iron Treads|Iron Head|p2a: Mamoswine
|-supereffective|p2a: Mamoswine
|-damage|p2a: Mamoswine|0 fnt
|faint|p2a: Mamoswine
|
|upkeep
|-message|maitt forfeited.
|
|win|mayomama
|raw|mayomama's rating: 1232 &rarr; <strong>1258</strong><br />(+26 for winning)
|raw|maitt's rating: 1245 &rarr; <strong>1219</strong><br />(-26 for losing)
|l|☆maitt
|player|p2|
|l|☆mayomama
|player|p1|
