|j|☆Quintesshou
|j|☆wangyuhua
|t:|1743937030
|gametype|singles
|player|p1|Quintesshou|pokemonbreederf-gen4|1117
|player|p2|wangyuhua|101|1131
|teamsize|p1|6
|teamsize|p2|6
|gen|9
|tier|[Gen 9] OU
|rated|
|rule|HP Percentage Mod: HP is shown in percentages
|rule|Endless Battle Clause: Forcing endless battles is banned
|rule|Species Clause: Limit one of each Pokémon
|rule|OHKO Clause: OHKO moves are banned
|rule|Evasion Items Clause: Evasion items are banned
|rule|Evasion Moves Clause: Evasion moves are banned
|rule|Sleep Moves Clause: Sleep-inducing moves are banned
|clearpoke
|poke|p1|Meowscarada, F|
|poke|p1|Serperior, F|
|poke|p1|Lurantis, F|
|poke|p1|Whimsicott, F|
|poke|p1|Meganium, F|
|poke|p1|Brambleghast, F|
|poke|p2|Kyurem|
|poke|p2|Kingambit, F|
|poke|p2|Iron Valiant|
|poke|p2|Great Tusk|
|poke|p2|Blaziken, F|
|poke|p2|Raging Bolt|
|teampreview
|inactive|Battle timer is ON: inactive players will automatically lose when time's up. (requested by Quintesshou)
|
|t:|1743937050
|start
|switch|p1a: Meganium|Meganium, F|100/100
|switch|p2a: Blaziken|Blaziken, F|100/100
|turn|1
|
|t:|1743937062
|move|p2a: Blaziken|Swords Dance|p2a: Blaziken
|-boost|p2a: Blaziken|atk|2
|move|p1a: Meganium|Reflect|p1a: Meganium
|-sidestart|p1: Quintesshou|Reflect
|
|-ability|p2a: Blaziken|Speed Boost|boost
|-boost|p2a: Blaziken|spe|1
|upkeep
|turn|2
|
|t:|1743937068
|move|p2a: Blaziken|Swords Dance|p2a: Blaziken
|-boost|p2a: Blaziken|atk|2
|move|p1a: Meganium|Leech Seed|p2a: Blaziken
|-start|p2a: Blaziken|move: Leech Seed
|
|-damage|p2a: Blaziken|88/100|[from] Leech Seed|[of] p1a: Meganium
|-ability|p2a: Blaziken|Speed Boost|boost
|-boost|p2a: Blaziken|spe|1
|upkeep
|turn|3
|
|t:|1743937078
|move|p2a: Blaziken|Flare Blitz|p1a: Meganium
|-supereffective|p1a: Meganium
|-damage|p1a: Meganium|0 fnt
|faint|p1a: Meganium
|-damage|p2a: Blaziken|48/100|[from] Recoil
|-damage|p2a: Blaziken|38/100|[from] item: Life Orb
|
|-ability|p2a: Blaziken|Speed Boost|boost
|-boost|p2a: Blaziken|spe|1
|upkeep
|
|t:|1743937087
|switch|p1a: Whimsicott|Whimsicott, F, shiny|100/100
|turn|4
|
|t:|1743937102
|move|p1a: Whimsicott|Tailwind|p1a: Whimsicott
|-sidestart|p1: Quintesshou|move: Tailwind
|move|p2a: Blaziken|Flare Blitz|p1a: Whimsicott
|-supereffective|p1a: Whimsicott
|-damage|p1a: Whimsicott|0 fnt
|faint|p1a: Whimsicott
|-damage|p2a: Blaziken|3/100|[from] Recoil
|-damage|p2a: Blaziken|0 fnt|[from] item: Life Orb
|faint|p2a: Blaziken
|
|upkeep
|
|t:|1743937118
|switch|p1a: Brambleghast|Brambleghast, F, shiny|100/100
|switch|p2a: Kyurem|Kyurem|100/100
|-ability|p1a: Brambleghast|Wind Rider|boost
|-boost|p1a: Brambleghast|atk|1
|-ability|p2a: Kyurem|Pressure
|turn|5
|
|t:|1743937130
|-terastallize|p1a: Brambleghast|Ghost
|move|p1a: Brambleghast|Poltergeist|p2a: Kyurem
|-activate|p2a: Kyurem|move: Poltergeist|Loaded Dice
|-damage|p2a: Kyurem|0 fnt
|faint|p2a: Kyurem
|-damage|p1a: Brambleghast|91/100|[from] item: Life Orb
|
|-sideend|p1: Quintesshou|Reflect
|upkeep
|
|t:|1743937140
|switch|p2a: Iron Valiant|Iron Valiant|100/100
|-enditem|p2a: Iron Valiant|Booster Energy
|-activate|p2a: Iron Valiant|ability: Quark Drive|[fromitem]
|-start|p2a: Iron Valiant|quarkdrivespe
|turn|6
|
|t:|1743937169
|move|p1a: Brambleghast|Poltergeist||[still]
|-fail|p1a: Brambleghast
|move|p2a: Iron Valiant|Moonblast|p1a: Brambleghast
|-damage|p1a: Brambleghast|4/100
|-unboost|p1a: Brambleghast|spa|1
|
|upkeep
|turn|7
|
|t:|1743937185
|move|p1a: Brambleghast|Power Whip|p2a: Iron Valiant
|-damage|p2a: Iron Valiant|0 fnt
|faint|p2a: Iron Valiant
|-end|p2a: Iron Valiant|Quark Drive|[silent]
|-damage|p1a: Brambleghast|0 fnt|[from] item: Life Orb
|faint|p1a: Brambleghast
|
|-sideend|p1: Quintesshou|move: Tailwind
|upkeep
|
|t:|1743937203
|switch|p2a: Raging Bolt|Raging Bolt|100/100
|switch|p1a: Meowscarada|Meowscarada, F, shiny|100/100
|-enditem|p2a: Raging Bolt|Booster Energy
|-activate|p2a: Raging Bolt|ability: Protosynthesis|[fromitem]
|-start|p2a: Raging Bolt|protosynthesisspa
|turn|8
|inactive|wangyuhua has 120 seconds left.
|
|t:|1743937219
|-terastallize|p2a: Raging Bolt|Fairy
|move|p1a: Meowscarada|Triple Axel|p2a: Raging Bolt
|-start|p1a: Meowscarada|typechange|Ice|[from] ability: Protean
|-damage|p2a: Raging Bolt|91/100
|-damage|p2a: Raging Bolt|73/100
|-damage|p2a: Raging Bolt|49/100
|-hitcount|p2a: Raging Bolt|3
|move|p2a: Raging Bolt|Draco Meteor|p1a: Meowscarada
|-damage|p1a: Meowscarada|0 fnt
|-unboost|p2a: Raging Bolt|spa|2
|faint|p1a: Meowscarada
|
|upkeep
|
|t:|1743937234
|switch|p1a: Lurantis|Lurantis, F|100/100
|turn|9
|
|t:|1743937244
|-end|p2a: Raging Bolt|Protosynthesis|[silent]
|switch|p2a: Great Tusk|Great Tusk|100/100
|-enditem|p2a: Great Tusk|Booster Energy
|-activate|p2a: Great Tusk|ability: Protosynthesis|[fromitem]
|-start|p2a: Great Tusk|protosynthesisatk
|move|p1a: Lurantis|Poison Jab|p2a: Great Tusk
|-resisted|p2a: Great Tusk
|-damage|p2a: Great Tusk|90/100
|-status|p2a: Great Tusk|psn
|
|-damage|p2a: Great Tusk|78/100 psn|[from] psn
|upkeep
|turn|10
|
|t:|1743937260
|move|p2a: Great Tusk|Rapid Spin|p1a: Lurantis
|-damage|p1a: Lurantis|68/100
|-boost|p2a: Great Tusk|spe|1
|move|p1a: Lurantis|Knock Off|p2a: Great Tusk
|-resisted|p2a: Great Tusk
|-damage|p2a: Great Tusk|70/100 psn
|
|-damage|p2a: Great Tusk|58/100 psn|[from] psn
|upkeep
|turn|11
|
|t:|1743937270
|move|p2a: Great Tusk|Ice Spinner|p1a: Lurantis
|-supereffective|p1a: Lurantis
|-damage|p1a: Lurantis|0 fnt
|faint|p1a: Lurantis
|
|-damage|p2a: Great Tusk|46/100 psn|[from] psn
|upkeep
|
|t:|1743937278
|switch|p1a: Serperior|Serperior, F|100/100
|turn|12
|
|t:|1743937282
|move|p1a: Serperior|Leaf Storm|p2a: Great Tusk
|-supereffective|p2a: Great Tusk
|-damage|p2a: Great Tusk|0 fnt
|-boost|p1a: Serperior|spa|2
|faint|p2a: Great Tusk
|-end|p2a: Great Tusk|Protosynthesis|[silent]
|
|upkeep
|
|t:|1743937286
|switch|p2a: Kingambit|Kingambit, F, shiny|100/100
|-activate|p2a: Kingambit|ability: Supreme Overlord
|-start|p2a: Kingambit|fallen4|[silent]
|-item|p2a: Kingambit|Air Balloon
|turn|13
|
|t:|1743937291
|move|p1a: Serperior|Leaf Storm|p2a: Kingambit
|-resisted|p2a: Kingambit
|-damage|p2a: Kingambit|50/100
|-boost|p1a: Serperior|spa|2
|-enditem|p2a: Kingambit|Air Balloon
|move|p2a: Kingambit|Kowtow Cleave|p1a: Serperior
|-damage|p1a: Serperior|22/100
|
|upkeep
|turn|14
|
|t:|1743937301
|move|p2a: Kingambit|Sucker Punch|p1a: Serperior
|-damage|p1a: Serperior|0 fnt
|faint|p1a: Serperior
|
|win|wangyuhua
|raw|Quintesshou's rating: 1117 &rarr; <strong>1093</strong><br />(-24 for losing)
|raw|wangyuhua's rating: 1131 &rarr; <strong>1155</strong><br />(+24 for winning)
|l|☆Quintesshou
|player|p1|
|l|☆wangyuhua
|player|p2|
