|j|☆Dr.Beak101
|j|☆Barronmaster
|t:|1743913518
|gametype|singles
|player|p1|Dr.Beak101|scientist-gen4dp|1448
|player|p2|Barronmaster|2|1459
|teamsize|p1|6
|teamsize|p2|6
|gen|9
|tier|[Gen 9] OU
|rated|
|rule|HP Percentage Mod: HP is shown in percentages
|rule|Endless Battle Clause: Forcing endless battles is banned
|rule|Species Clause: Limit one of each Pokémon
|rule|OHKO Clause: OHKO moves are banned
|rule|Evasion Items Clause: Evasion items are banned
|rule|Evasion Moves Clause: Evasion moves are banned
|rule|Sleep Moves Clause: Sleep-inducing moves are banned
|clearpoke
|poke|p1|Garganacl, M|
|poke|p1|Dragapult, M|
|poke|p1|Hatterene, F|
|poke|p1|Kingambit, M|
|poke|p1|Ting-Lu|
|poke|p1|Samurott-Hisui, M|
|poke|p2|Hoopa-Unbound|
|poke|p2|Ninetales-Alola, M|
|poke|p2|Slowking-Galar, F|
|poke|p2|Cloyster, F|
|poke|p2|Zoroark, F|
|poke|p2|Indeedee, M|
|teampreview
|
|t:|1743913538
|start
|switch|p1a: Dragapult|Dragapult, M, shiny|100/100
|switch|p2a: Ninetales|Ninetales-Alola, M|100/100
|turn|1
|
|t:|1743913543
|move|p2a: Ninetales|Sucker Punch|p1a: Dragapult
|-supereffective|p1a: Dragapult
|-damage|p1a: Dragapult|0 fnt
|faint|p1a: Dragapult
|-damage|p2a: Ninetales|91/100|[from] item: Life Orb
|
|upkeep
|
|t:|1743913550
|switch|p1a: Ting-Lu|Ting-Lu|100/100
|-ability|p1a: Ting-Lu|Vessel of Ruin
|turn|2
|
|t:|1743913554
|move|p2a: Ninetales|Knock Off|p1a: Ting-Lu
|-resisted|p1a: Ting-Lu
|-damage|p1a: Ting-Lu|85/100
|-enditem|p1a: Ting-Lu|Leftovers|[from] move: Knock Off|[of] p2a: Ninetales
|-damage|p2a: Ninetales|81/100|[from] item: Life Orb
|move|p1a: Ting-Lu|Stealth Rock|p2a: Ninetales
|-sidestart|p2: Barronmaster|move: Stealth Rock
|
|upkeep
|turn|3
|
|t:|1743913557
|move|p2a: Ninetales|U-turn|p1a: Ting-Lu
|-supereffective|p1a: Ting-Lu
|-damage|p1a: Ting-Lu|54/100
|-damage|p2a: Ninetales|71/100|[from] item: Life Orb
|
|t:|1743913560
|switch|p2a: Ninetales|Ninetales-Alola, M|100/100|[from] U-turn
|-damage|p2a: Ninetales|75/100|[from] Stealth Rock
|-weather|Snowscape|[from] ability: Snow Warning|[of] p2a: Ninetales
|move|p1a: Ting-Lu|Earthquake|p2a: Ninetales
|-damage|p2a: Ninetales|35/100
|
|-weather|Snowscape|[upkeep]
|upkeep
|turn|4
|
|t:|1743913567
|move|p2a: Ninetales|Aurora Veil|p2a: Ninetales
|-sidestart|p2: Barronmaster|move: Aurora Veil
|move|p1a: Ting-Lu|Rock Slide|p2a: Ninetales
|-supereffective|p2a: Ninetales
|-damage|p2a: Ninetales|17/100
|
|-weather|Snowscape|[upkeep]
|upkeep
|turn|5
|
|t:|1743913571
|move|p2a: Ninetales|Blizzard|p1a: Ting-Lu
|-supereffective|p1a: Ting-Lu
|-damage|p1a: Ting-Lu|15/100
|move|p1a: Ting-Lu|Rock Slide|p2a: Ninetales
|-supereffective|p2a: Ninetales
|-damage|p2a: Ninetales|0 fnt
|faint|p2a: Ninetales
|
|-weather|Snowscape|[upkeep]
|upkeep
|
|t:|1743913574
|switch|p2a: Cloyster|Cloyster, F|100/100
|turn|6
|
|t:|1743913577
|move|p2a: Cloyster|Shell Smash|p2a: Cloyster
|-unboost|p2a: Cloyster|def|1
|-unboost|p2a: Cloyster|spd|1
|-boost|p2a: Cloyster|atk|2
|-boost|p2a: Cloyster|spa|2
|-boost|p2a: Cloyster|spe|2
|move|p1a: Ting-Lu|Ruination|p2a: Cloyster
|-damage|p2a: Cloyster|51/100
|
|-weather|Snowscape|[upkeep]
|upkeep
|turn|7
|
|t:|1743913585
|move|p2a: Cloyster|Icicle Spear|p1a: Ting-Lu
|-supereffective|p1a: Ting-Lu
|-crit|p1a: Ting-Lu
|-damage|p1a: Ting-Lu|0 fnt
|faint|p1a: Ting-Lu
|-hitcount|p1: Ting-Lu|1
|
|-weather|none
|upkeep
|
|t:|1743913589
|switch|p1a: Samurott|Samurott-Hisui, M, shiny|100/100
|turn|8
|
|t:|1743913592
|move|p2a: Cloyster|Rock Blast|p1a: Samurott
|-damage|p1a: Samurott|80/100
|-damage|p1a: Samurott|62/100
|-damage|p1a: Samurott|41/100
|-damage|p1a: Samurott|20/100
|-damage|p1a: Samurott|0 fnt
|faint|p1a: Samurott
|-hitcount|p1: Samurott|5
|
|upkeep
|
|t:|1743913602
|switch|p1a: Garganacl|Garganacl, M, shiny|100/100
|turn|9
|
|t:|1743913608
|move|p2a: Cloyster|Icicle Spear|p1a: Garganacl
|-damage|p1a: Garganacl|88/100
|-damage|p1a: Garganacl|74/100
|-crit|p1a: Garganacl
|-damage|p1a: Garganacl|56/100
|-damage|p1a: Garganacl|44/100
|-crit|p1a: Garganacl
|-damage|p1a: Garganacl|25/100
|-hitcount|p1a: Garganacl|5
|move|p1a: Garganacl|Iron Defense|p1a: Garganacl
|-boost|p1a: Garganacl|def|2
|
|-heal|p1a: Garganacl|31/100|[from] item: Leftovers
|upkeep
|turn|10
|
|t:|1743913610
|move|p2a: Cloyster|Icicle Spear|p1a: Garganacl
|-damage|p1a: Garganacl|25/100
|-damage|p1a: Garganacl|19/100
|-damage|p1a: Garganacl|12/100
|-damage|p1a: Garganacl|6/100
|-damage|p1a: Garganacl|0 fnt
|faint|p1a: Garganacl
|-hitcount|p1: Garganacl|5
|
|upkeep
|
|t:|1743913613
|switch|p1a: Kingambit|Kingambit, M, shiny|100/100
|-activate|p1a: Kingambit|ability: Supreme Overlord
|-start|p1a: Kingambit|fallen4|[silent]
|turn|11
|
|t:|1743913618
|-terastallize|p1a: Kingambit|Dark
|move|p1a: Kingambit|Sucker Punch|p2a: Cloyster
|-damage|p2a: Cloyster|0 fnt
|faint|p2a: Cloyster
|
|-sideend|p2: Barronmaster|move: Aurora Veil
|upkeep
|
|t:|1743913620
|switch|p2a: Indeedee|Indeedee, M|100/100
|-damage|p2a: Indeedee|88/100|[from] Stealth Rock
|-fieldstart|move: Psychic Terrain|[from] ability: Psychic Surge|[of] p2a: Indeedee
|turn|12
|
|t:|1743913625
|-terastallize|p2a: Indeedee|Fairy
|move|p2a: Indeedee|Dazzling Gleam|p1a: Kingambit
|-supereffective|p1a: Kingambit
|-damage|p1a: Kingambit|8/100
|-damage|p2a: Indeedee|78/100|[from] item: Life Orb
|move|p1a: Kingambit|Kowtow Cleave|p2a: Indeedee
|-resisted|p2a: Indeedee
|-damage|p2a: Indeedee|0 fnt
|faint|p2a: Indeedee
|
|upkeep
|
|t:|1743913629
|switch|p2a: Hoopa|Hoopa-Unbound|71/100
|-damage|p2a: Hoopa|58/100|[from] Stealth Rock
|turn|13
|
|t:|1743913637
|move|p2a: Hoopa|Knock Off|p1a: Kingambit
|-resisted|p1a: Kingambit
|-damage|p1a: Kingambit|0 fnt
|-enditem|p1a: Kingambit|Black Glasses|[from] move: Knock Off|[of] p2a: Hoopa
|faint|p1a: Kingambit
|-end|p1a: Kingambit|fallen4|[silent]
|-damage|p2a: Hoopa|48/100|[from] item: Life Orb
|
|upkeep
|
|t:|1743913639
|switch|p1a: Hatterene|Hatterene, F, shiny|100/100
|turn|14
|
|t:|1743913641
|move|p2a: Hoopa|Knock Off|p1a: Hatterene
|-damage|p1a: Hatterene|54/100
|-enditem|p1a: Hatterene|Covert Cloak|[from] move: Knock Off|[of] p2a: Hoopa
|-damage|p2a: Hoopa|38/100|[from] item: Life Orb
|move|p1a: Hatterene|Draining Kiss|p2a: Hoopa
|-supereffective|p2a: Hoopa
|-damage|p2a: Hoopa|0 fnt
|-heal|p1a: Hatterene|77/100|[from] drain|[of] p2a: Hoopa
|replace|p2a: Zoroark|Zoroark, F
|-end|p2a: Zoroark|Illusion
|faint|p2a: Zoroark
|
|upkeep
|
|t:|1743913646
|switch|p2a: Hoopa|Hoopa-Unbound|100/100
|-damage|p2a: Hoopa|88/100|[from] Stealth Rock
|turn|15
|
|t:|1743913649
|move|p2a: Hoopa|Psychic Noise|p1a: Hatterene
|-resisted|p1a: Hatterene
|-damage|p1a: Hatterene|46/100
|-start|p1a: Hatterene|move: Heal Block
|cant|p1a: Hatterene|move: Heal Block|Draining Kiss
|
|-heal|p2a: Hoopa|94/100|[from] item: Leftovers
|upkeep
|turn|16
|
|t:|1743913657
|move|p2a: Hoopa|Thunderbolt|p1a: Hatterene
|-damage|p1a: Hatterene|4/100
|move|p1a: Hatterene|Nuzzle|p2a: Hoopa
|-damage|p2a: Hoopa|88/100
|-status|p2a: Hoopa|par
|
|-heal|p2a: Hoopa|94/100 par|[from] item: Leftovers
|-end|p1a: Hatterene|move: Heal Block
|-fieldend|move: Psychic Terrain
|upkeep
|turn|17
|
|t:|1743913661
|move|p1a: Hatterene|Draining Kiss|p2a: Hoopa
|-supereffective|p2a: Hoopa
|-damage|p2a: Hoopa|63/100 par
|-heal|p1a: Hatterene|28/100|[from] drain|[of] p2a: Hoopa
|cant|p2a: Hoopa|par
|
|-heal|p2a: Hoopa|69/100 par|[from] item: Leftovers
|upkeep
|turn|18
|
|t:|1743913664
|switch|p2a: Slowking|Slowking-Galar, F|100/100
|-damage|p2a: Slowking|88/100|[from] Stealth Rock
|move|p1a: Hatterene|Draining Kiss|p2a: Slowking
|-resisted|p2a: Slowking
|-damage|p2a: Slowking|79/100
|-heal|p1a: Hatterene|36/100|[from] drain|[of] p2a: Slowking
|
|-heal|p2a: Slowking|85/100|[from] item: Leftovers
|upkeep
|turn|19
|
|t:|1743913670
|move|p1a: Hatterene|Nuzzle|p2a: Slowking
|-damage|p2a: Slowking|81/100
|-status|p2a: Slowking|par
|move|p2a: Slowking|Trick Room|p2a: Slowking
|-fieldstart|move: Trick Room|[of] p2a: Slowking
|
|-heal|p2a: Slowking|87/100 par|[from] item: Leftovers
|upkeep
|turn|20
|
|t:|1743913674
|move|p2a: Slowking|Psychic Noise|p1a: Hatterene
|-resisted|p1a: Hatterene
|-damage|p1a: Hatterene|15/100
|-start|p1a: Hatterene|move: Heal Block
|move|p1a: Hatterene|Mystical Fire|p2a: Slowking
|-damage|p2a: Slowking|69/100 par
|-unboost|p2a: Slowking|spa|1
|
|-heal|p2a: Slowking|75/100 par|[from] item: Leftovers
|upkeep
|turn|21
|
|t:|1743913677
|cant|p2a: Slowking|par
|move|p1a: Hatterene|Mystical Fire|p2a: Slowking
|-damage|p2a: Slowking|59/100 par
|-unboost|p2a: Slowking|spa|1
|
|-heal|p2a: Slowking|65/100 par|[from] item: Leftovers
|-end|p1a: Hatterene|move: Heal Block
|upkeep
|turn|22
|
|t:|1743913681
|move|p2a: Slowking|Nasty Plot|p2a: Slowking
|-boost|p2a: Slowking|spa|2
|move|p1a: Hatterene|Mystical Fire|p2a: Slowking
|-damage|p2a: Slowking|48/100 par
|-unboost|p2a: Slowking|spa|1
|
|-heal|p2a: Slowking|54/100 par|[from] item: Leftovers
|upkeep
|turn|23
|
|t:|1743913684
|move|p2a: Slowking|Flamethrower|p1a: Hatterene
|-damage|p1a: Hatterene|0 fnt
|faint|p1a: Hatterene
|
|win|Barronmaster
|raw|Dr.Beak101's rating: 1448 &rarr; <strong>1429</strong><br />(-19 for losing)
|raw|Barronmaster's rating: 1459 &rarr; <strong>1478</strong><br />(+19 for winning)
|l|☆Dr.Beak101
|player|p1|
|l|☆Barronmaster
|player|p2|
