|j|☆UncleQuack
|j|☆Estradiol5mg
|t:|1743921591
|gametype|singles
|player|p1|UncleQuack|2|1197
|player|p2|Estradiol5mg|plasmagruntf|1151
|teamsize|p1|6
|teamsize|p2|6
|gen|9
|tier|[Gen 9] OU
|rated|
|rule|HP Percentage Mod: HP is shown in percentages
|rule|Endless Battle Clause: Forcing endless battles is banned
|rule|Species Clause: Limit one of each Pokémon
|rule|OHKO Clause: OHKO moves are banned
|rule|Evasion Items Clause: Evasion items are banned
|rule|Evasion Moves Clause: Evasion moves are banned
|rule|Sleep Moves Clause: Sleep-inducing moves are banned
|clearpoke
|poke|p1|Greninja-*, F|
|poke|p1|Iron Valiant|
|poke|p1|Pincurchin, F|
|poke|p1|Indeedee, M|
|poke|p1|Raichu-Alola, F|
|poke|p1|Iron Moth|
|poke|p2|Ting-Lu|
|poke|p2|Skarmory, F|
|poke|p2|Gholdengo|
|poke|p2|Slowking-Galar, F|
|poke|p2|Weavile, F|
|poke|p2|Salamence, F|
|teampreview
|inactive|Battle timer is ON: inactive players will automatically lose when time's up. (requested by Estradiol5mg)
|
|t:|1743921606
|start
|switch|p1a: Pincurchin|Pincurchin, F|100/100
|switch|p2a: Skarmory|Skarmory, F|100/100
|-fieldstart|move: Electric Terrain|[from] ability: Electric Surge|[of] p1a: Pincurchin
|-item|p1a: Pincurchin|Air Balloon
|turn|1
|
|t:|1743921622
|move|p2a: Skarmory|Spikes|p1a: Pincurchin
|-sidestart|p1: UncleQuack|Spikes
|move|p1a: Pincurchin|Discharge|p2a: Skarmory
|-supereffective|p2a: Skarmory
|-damage|p2a: Skarmory|32/100
|
|upkeep
|turn|2
|
|t:|1743921629
|switch|p2a: Ting-Lu|Ting-Lu|100/100
|-ability|p2a: Ting-Lu|Vessel of Ruin
|move|p1a: Pincurchin|Discharge|p2a: Ting-Lu
|-immune|p2a: Ting-Lu
|
|upkeep
|turn|3
|
|t:|1743921640
|switch|p1a: Raichu|Raichu-Alola, F|100/100
|-damage|p1a: Raichu|88/100|[from] Spikes
|move|p2a: Ting-Lu|Stealth Rock|p1a: Raichu
|-sidestart|p1: UncleQuack|move: Stealth Rock
|
|upkeep
|turn|4
|
|t:|1743921650
|move|p1a: Raichu|Grass Knot|p2a: Ting-Lu
|-supereffective|p2a: Ting-Lu
|-damage|p2a: Ting-Lu|74/100
|move|p2a: Ting-Lu|Earthquake|p1a: Raichu
|-supereffective|p1a: Raichu
|-damage|p1a: Raichu|0 fnt
|faint|p1a: Raichu
|
|upkeep
|
|t:|1743921664
|switch|p1a: Iron Moth|Iron Moth|100/100
|-damage|p1a: Iron Moth|88/100|[from] Spikes
|-damage|p1a: Iron Moth|63/100|[from] Stealth Rock
|-activate|p1a: Iron Moth|ability: Quark Drive
|-start|p1a: Iron Moth|quarkdrivespa
|turn|5
|
|t:|1743921672
|move|p1a: Iron Moth|Solar Beam||[still]
|-prepare|p1a: Iron Moth|Solar Beam
|-enditem|p1a: Iron Moth|Power Herb
|-anim|p1a: Iron Moth|Solar Beam|p2a: Ting-Lu
|-supereffective|p2a: Ting-Lu
|-damage|p2a: Ting-Lu|30/100
|move|p2a: Ting-Lu|Earthquake|p1a: Iron Moth
|-supereffective|p1a: Iron Moth
|-damage|p1a: Iron Moth|0 fnt
|faint|p1a: Iron Moth
|-end|p1a: Iron Moth|Quark Drive|[silent]
|
|-fieldend|move: Electric Terrain
|upkeep
|
|t:|1743921683
|switch|p1a: Greninja|Greninja, F|100/100
|-damage|p1a: Greninja|88/100|[from] Spikes
|-damage|p1a: Greninja|76/100|[from] Stealth Rock
|turn|6
|
|t:|1743921699
|switch|p2a: Skarmory|Skarmory, F|32/100
|move|p1a: Greninja|Ice Beam|p2a: Skarmory
|-start|p1a: Greninja|typechange|Ice|[from] ability: Protean
|-damage|p2a: Skarmory|0 fnt
|faint|p2a: Skarmory
|
|upkeep
|
|t:|1743921707
|switch|p2a: Weavile|Weavile, F|100/100
|-ability|p2a: Weavile|Pressure
|turn|7
|inactive|UncleQuack has 120 seconds left.
|
|t:|1743921746
|switch|p1a: Iron Valiant|Iron Valiant|100/100
|-damage|p1a: Iron Valiant|88/100|[from] Spikes
|-damage|p1a: Iron Valiant|82/100|[from] Stealth Rock
|move|p2a: Weavile|Low Kick|p1a: Iron Valiant
|-resisted|p1a: Iron Valiant
|-damage|p1a: Iron Valiant|70/100
|
|upkeep
|turn|8
|inactive|UncleQuack has 120 seconds left.
|
|t:|1743921776
|move|p2a: Weavile|Triple Axel|p1a: Iron Valiant|[miss]
|-miss|p2a: Weavile|p1a: Iron Valiant
|move|p1a: Iron Valiant|Shadow Ball|p2a: Weavile
|-resisted|p2a: Weavile
|-damage|p2a: Weavile|83/100
|
|upkeep
|turn|9
|
|t:|1743921780
|move|p2a: Weavile|Triple Axel|p1a: Iron Valiant
|-damage|p1a: Iron Valiant|57/100
|-damage|p1a: Iron Valiant|30/100
|-damage|p1a: Iron Valiant|0 fnt
|faint|p1a: Iron Valiant
|-end|p1a: Iron Valiant|Quark Drive|[silent]
|-hitcount|p1: Iron Valiant|3
|
|upkeep
|
|t:|1743921788
|switch|p1a: Pincurchin|Pincurchin, F|100/100
|-damage|p1a: Pincurchin|88/100|[from] Stealth Rock
|-fieldstart|move: Electric Terrain|[from] ability: Electric Surge|[of] p1a: Pincurchin
|-item|p1a: Pincurchin|Air Balloon
|turn|10
|
|t:|1743921808
|switch|p1a: Greninja|Greninja, F|76/100
|-damage|p1a: Greninja|64/100|[from] Spikes
|-damage|p1a: Greninja|51/100|[from] Stealth Rock
|move|p2a: Weavile|Triple Axel|p1a: Greninja
|-resisted|p1a: Greninja
|-damage|p1a: Greninja|44/100
|-resisted|p1a: Greninja
|-damage|p1a: Greninja|27/100
|-resisted|p1a: Greninja
|-damage|p1a: Greninja|2/100
|-hitcount|p1a: Greninja|3
|
|upkeep
|turn|11
|c|☆Estradiol5mg|this mon is literally lebron in this game
|
|t:|1743921822
|move|p2a: Weavile|Ice Shard|p1a: Greninja
|-resisted|p1a: Greninja
|-damage|p1a: Greninja|0 fnt
|faint|p1a: Greninja
|
|upkeep
|
|t:|1743921825
|switch|p1a: Indeedee|Indeedee, M|100/100
|-fieldstart|move: Psychic Terrain|[from] ability: Psychic Surge|[of] p1a: Indeedee
|turn|12
|
|t:|1743921836
|move|p2a: Weavile|Knock Off|p1a: Indeedee
|-supereffective|p1a: Indeedee
|-damage|p1a: Indeedee|0 fnt
|-enditem|p1a: Indeedee|Heavy-Duty Boots|[from] move: Knock Off|[of] p2a: Weavile
|faint|p1a: Indeedee
|
|upkeep
|
|t:|1743921839
|switch|p1a: Pincurchin|Pincurchin, F|88/100
|-damage|p1a: Pincurchin|76/100|[from] Stealth Rock
|-fieldstart|move: Electric Terrain|[from] ability: Electric Surge|[of] p1a: Pincurchin
|-item|p1a: Pincurchin|Air Balloon
|turn|13
|c|☆Estradiol5mg|like literally lebron james
|inactive|UncleQuack has 120 seconds left.
|
|t:|1743921849
|move|p2a: Weavile|Triple Axel|p1a: Pincurchin
|-damage|p1a: Pincurchin|67/100
|-enditem|p1a: Pincurchin|Air Balloon
|-crit|p1a: Pincurchin
|-damage|p1a: Pincurchin|44/100
|-damage|p1a: Pincurchin|18/100
|-hitcount|p1a: Pincurchin|3
|move|p1a: Pincurchin|Scald|p2a: Weavile
|-damage|p2a: Weavile|60/100
|
|upkeep
|turn|14
|-message|UncleQuack forfeited.
|
|win|Estradiol5mg
|raw|UncleQuack's rating: 1197 &rarr; <strong>1169</strong><br />(-28 for losing)
|raw|Estradiol5mg's rating: 1151 &rarr; <strong>1179</strong><br />(+28 for winning)
|l|☆UncleQuack
|player|p1|
|l|☆Estradiol5mg
|player|p2|
