|j|☆ADIVADER19
|j|☆Teo12_12
|t:|1743778733
|gametype|singles
|player|p1|ADIVADER19|101|1537
|player|p2|Teo12_12|rocketgrunt|1450
|teamsize|p1|6
|teamsize|p2|6
|gen|9
|tier|[Gen 9] OU
|rated|
|rule|HP Percentage Mod: HP is shown in percentages
|rule|Endless Battle Clause: Forcing endless battles is banned
|rule|Species Clause: Limit one of each Pokémon
|rule|OHKO Clause: OHKO moves are banned
|rule|Evasion Items Clause: Evasion items are banned
|rule|Evasion Moves Clause: Evasion moves are banned
|rule|Sleep Moves Clause: Sleep-inducing moves are banned
|clearpoke
|poke|p1|Iron Valiant|
|poke|p1|Iron Boulder|
|poke|p1|Volcanion|
|poke|p1|Landorus-Therian, M|
|poke|p1|Corviknight, F|
|poke|p1|Dragapult, M|
|poke|p2|Breloom, M|
|poke|p2|Bisharp, M|
|poke|p2|Regidrago|
|poke|p2|Maushold-Four|
|poke|p2|Armarouge, F|
|poke|p2|Magnezone|
|teampreview
|inactive|Battle timer is ON: inactive players will automatically lose when time's up. (requested by Teo12_12)
|inactive|ADIVADER19 also wants the timer to be on.
|inactive|ADIVADER19 has 120 seconds left.
|
|t:|1743778793
|start
|switch|p1a: Dragapult|Dragapult, M|100/100
|switch|p2a: Magnezone|Magnezone|100/100
|turn|1
|
|t:|1743778795
|move|p1a: Dragapult|U-turn|p2a: Magnezone
|-resisted|p2a: Magnezone
|-damage|p2a: Magnezone|93/100
|
|t:|1743778799
|switch|p1a: Landorus|Landorus-Therian, M|100/100|[from] U-turn
|-ability|p1a: Landorus|Intimidate|boost
|-unboost|p2a: Magnezone|atk|1
|move|p2a: Magnezone|Flash Cannon|p1a: Landorus
|-damage|p1a: Landorus|53/100
|
|upkeep
|turn|2
|
|t:|1743778802
|-terastallize|p2a: Magnezone|Flying
|move|p1a: Landorus|Earthquake|p2a: Magnezone
|-immune|p2a: Magnezone
|move|p2a: Magnezone|Flash Cannon|p1a: Landorus
|-damage|p1a: Landorus|0 fnt
|faint|p1a: Landorus
|
|upkeep
|
|t:|1743778808
|switch|p1a: Iron Boulder|Iron Boulder|100/100
|-enditem|p1a: Iron Boulder|Booster Energy
|-activate|p1a: Iron Boulder|ability: Quark Drive|[fromitem]
|-start|p1a: Iron Boulder|quarkdrivespe
|turn|3
|
|t:|1743778811
|switch|p2a: Armarouge|Armarouge, F|100/100
|move|p1a: Iron Boulder|Mighty Cleave|p2a: Armarouge
|-supereffective|p2a: Armarouge
|-damage|p2a: Armarouge|7/100
|-ability|p2a: Armarouge|Weak Armor|boost
|-unboost|p2a: Armarouge|def|1
|-boost|p2a: Armarouge|spe|2
|-enditem|p2a: Armarouge|Weakness Policy
|-boost|p2a: Armarouge|atk|2|[from] item: Weakness Policy
|-boost|p2a: Armarouge|spa|2|[from] item: Weakness Policy
|
|upkeep
|turn|4
|
|t:|1743778819
|move|p2a: Armarouge|Endure|p2a: Armarouge
|-singleturn|p2a: Armarouge|move: Endure
|move|p1a: Iron Boulder|Mighty Cleave|p2a: Armarouge
|-supereffective|p2a: Armarouge
|-activate|p2a: Armarouge|move: Endure
|-damage|p2a: Armarouge|1/100
|-ability|p2a: Armarouge|Weak Armor|boost
|-unboost|p2a: Armarouge|def|1
|-boost|p2a: Armarouge|spe|2
|
|upkeep
|turn|5
|
|t:|1743778830
|move|p2a: Armarouge|Endure||[still]
|-fail|p2a: Armarouge
|move|p1a: Iron Boulder|Mighty Cleave|p2a: Armarouge
|-supereffective|p2a: Armarouge
|-damage|p2a: Armarouge|0 fnt
|faint|p2a: Armarouge
|
|upkeep
|
|t:|1743778832
|switch|p2a: Bisharp|Bisharp, M|100/100
|turn|6
|
|t:|1743778839
|-terastallize|p1a: Iron Boulder|Fighting
|move|p2a: Bisharp|Sucker Punch||[still]
|-fail|p2a: Bisharp
|move|p1a: Iron Boulder|Swords Dance|p1a: Iron Boulder
|-boost|p1a: Iron Boulder|atk|2
|
|upkeep
|turn|7
|
|t:|1743778844
|move|p1a: Iron Boulder|Earthquake|p2a: Bisharp
|-supereffective|p2a: Bisharp
|-damage|p2a: Bisharp|15/100
|move|p2a: Bisharp|Iron Head|p1a: Iron Boulder
|-damage|p1a: Iron Boulder|39/100
|
|upkeep
|turn|8
|
|t:|1743778849
|move|p2a: Bisharp|Sucker Punch|p1a: Iron Boulder
|-resisted|p1a: Iron Boulder
|-damage|p1a: Iron Boulder|12/100
|move|p1a: Iron Boulder|Earthquake|p2a: Bisharp
|-supereffective|p2a: Bisharp
|-damage|p2a: Bisharp|0 fnt
|faint|p2a: Bisharp
|
|upkeep
|
|t:|1743778852
|switch|p2a: Breloom|Breloom, M|100/100
|turn|9
|
|t:|1743778858
|move|p2a: Breloom|Mach Punch|p1a: Iron Boulder
|-damage|p1a: Iron Boulder|0 fnt
|faint|p1a: Iron Boulder
|-end|p1a: Iron Boulder|Quark Drive|[silent]
|
|upkeep
|
|t:|1743778860
|switch|p1a: Volcanion|Volcanion|100/100
|turn|10
|
|t:|1743778870
|switch|p2a: Magnezone|Magnezone, tera:Flying|93/100
|move|p1a: Volcanion|Flamethrower|p2a: Magnezone
|-damage|p2a: Magnezone|56/100
|
|upkeep
|turn|11
|
|t:|1743778875
|move|p1a: Volcanion|Flamethrower|p2a: Magnezone
|-damage|p2a: Magnezone|17/100
|move|p2a: Magnezone|Discharge|p1a: Volcanion
|-supereffective|p1a: Volcanion
|-damage|p1a: Volcanion|21/100
|
|upkeep
|turn|12
|
|t:|1743778880
|move|p1a: Volcanion|Flamethrower|p2a: Magnezone
|-damage|p2a: Magnezone|0 fnt
|faint|p2a: Magnezone
|
|upkeep
|
|t:|1743778882
|switch|p2a: Maushold|Maushold-Four|100/100
|turn|13
|
|t:|1743778885
|move|p2a: Maushold|Population Bomb|p1a: Volcanion
|-damage|p1a: Volcanion|12/100
|-damage|p1a: Volcanion|2/100
|-damage|p1a: Volcanion|0 fnt
|faint|p1a: Volcanion
|-hitcount|p1: Volcanion|3
|
|upkeep
|
|t:|1743778888
|switch|p1a: Dragapult|Dragapult, M|100/100
|turn|14
|
|t:|1743778891
|move|p1a: Dragapult|Draco Meteor|p2a: Maushold
|-crit|p2a: Maushold
|-damage|p2a: Maushold|0 fnt
|-unboost|p1a: Dragapult|spa|2
|faint|p2a: Maushold
|
|upkeep
|
|t:|1743778894
|switch|p2a: Regidrago|Regidrago|100/100
|turn|15
|
|t:|1743778896
|move|p2a: Regidrago|Earth Power|p1a: Dragapult
|-damage|p1a: Dragapult|65/100
|move|p1a: Dragapult|Draco Meteor|p2a: Regidrago
|-supereffective|p2a: Regidrago
|-damage|p2a: Regidrago|5/100
|-unboost|p1a: Dragapult|spa|2
|
|upkeep
|turn|16
|
|t:|1743778899
|move|p2a: Regidrago|Earth Power|p1a: Dragapult
|-damage|p1a: Dragapult|29/100
|move|p1a: Dragapult|Draco Meteor|p2a: Regidrago
|-supereffective|p2a: Regidrago
|-damage|p2a: Regidrago|0 fnt
|-unboost|p1a: Dragapult|spa|2
|faint|p2a: Regidrago
|
|upkeep
|
|t:|1743778903
|switch|p2a: Breloom|Breloom, M|100/100
|turn|17
|
|t:|1743778905
|switch|p1a: Corviknight|Corviknight, F|100/100
|-ability|p1a: Corviknight|Pressure
|move|p2a: Breloom|Swords Dance|p2a: Breloom
|-boost|p2a: Breloom|atk|2
|
|upkeep
|turn|18
|
|t:|1743778908
|move|p2a: Breloom|Rock Tomb|p1a: Corviknight
|-damage|p1a: Corviknight|61/100
|-unboost|p1a: Corviknight|spe|1
|move|p1a: Corviknight|Brave Bird|p2a: Breloom
|-supereffective|p2a: Breloom
|-damage|p2a: Breloom|0 fnt
|faint|p2a: Breloom
|-damage|p1a: Corviknight|39/100|[from] Recoil
|
|win|ADIVADER19
|raw|ADIVADER19's rating: 1537 &rarr; <strong>1552</strong><br />(+15 for winning)
|raw|Teo12_12's rating: 1450 &rarr; <strong>1435</strong><br />(-15 for losing)
|l|☆Teo12_12
|player|p2|
|l|☆ADIVADER19
|player|p1|
