|j|☆Wahter
|j|☆R41d3njh3m
|t:|1743871674
|gametype|singles
|player|p1|Wahter|101|1137
|player|p2|R41d3njh3m|lucas-gen4pt|1155
|teamsize|p1|6
|teamsize|p2|6
|gen|9
|tier|[Gen 9] OU
|rated|
|rule|HP Percentage Mod: HP is shown in percentages
|rule|Endless Battle Clause: Forcing endless battles is banned
|rule|Species Clause: Limit one of each Pokémon
|rule|OHKO Clause: OHKO moves are banned
|rule|Evasion Items Clause: Evasion items are banned
|rule|Evasion Moves Clause: Evasion moves are banned
|rule|Sleep Moves Clause: Sleep-inducing moves are banned
|clearpoke
|poke|p1|Glimmora, F|
|poke|p1|Grafaiai, M|
|poke|p1|Tinkaton, F|
|poke|p1|Leafeon, M|
|poke|p1|Torkoal, F|
|poke|p1|Exeggutor, F|
|poke|p2|Gliscor, F|
|poke|p2|Ogerpon-Wellspring, F|
|poke|p2|Hatterene, F|
|poke|p2|Iron Moth|
|poke|p2|Kingambit, M|
|poke|p2|Frosmoth, M|
|teampreview
|inactive|Battle timer is ON: inactive players will automatically lose when time's up. (requested by R41d3njh3m)
|inactive|Wahter also wants the timer to be on.
|
|t:|1743871684
|start
|switch|p1a: Glimmora|Glimmora, F|100/100
|switch|p2a: Hatterene|Hatterene, F, shiny|100/100
|turn|1
|
|t:|1743871695
|switch|p1a: Tinkaton|Tinkaton, F|100/100
|-ability|p1a: Tinkaton|Mold Breaker
|move|p2a: Hatterene|Light Screen|p2a: Hatterene
|-sidestart|p2: R41d3njh3m|move: Light Screen
|
|upkeep
|turn|2
|
|t:|1743871702
|-terastallize|p2a: Hatterene|Steel
|move|p1a: Tinkaton|Fake Out|p2a: Hatterene
|-resisted|p2a: Hatterene
|-damage|p2a: Hatterene|95/100
|cant|p2a: Hatterene|flinch
|
|-heal|p2a: Hatterene|100/100|[from] item: Leftovers
|upkeep
|turn|3
|
|t:|1743871728
|switch|p1a: Grafaiai|Grafaiai, M|100/100
|move|p2a: Hatterene|Reflect|p2a: Hatterene
|-sidestart|p2: R41d3njh3m|Reflect
|
|upkeep
|turn|4
|
|t:|1743871736
|switch|p2a: Frosmoth|Frosmoth, M, shiny|100/100
|move|p1a: Grafaiai|Swords Dance|p1a: Grafaiai
|-boost|p1a: Grafaiai|atk|2
|
|upkeep
|turn|5
|
|t:|1743871744
|move|p1a: Grafaiai|Knock Off|p2a: Frosmoth
|-damage|p2a: Frosmoth|45/100
|-enditem|p2a: Frosmoth|Weakness Policy|[from] move: Knock Off|[of] p1a: Grafaiai
|move|p2a: Frosmoth|Quiver Dance|p2a: Frosmoth
|-boost|p2a: Frosmoth|spa|1
|-boost|p2a: Frosmoth|spd|1
|-boost|p2a: Frosmoth|spe|1
|
|-sideend|p2: R41d3njh3m|move: Light Screen
|upkeep
|turn|6
|
|t:|1743871754
|move|p2a: Frosmoth|Giga Drain|p1a: Grafaiai
|-resisted|p1a: Grafaiai
|-damage|p1a: Grafaiai|66/100
|-heal|p2a: Frosmoth|61/100|[from] drain|[of] p1a: Grafaiai
|move|p1a: Grafaiai|Gunk Shot|p2a: Frosmoth|[miss]
|-miss|p1a: Grafaiai|p2a: Frosmoth
|
|upkeep
|turn|7
|
|t:|1743871761
|move|p2a: Frosmoth|Quiver Dance|p2a: Frosmoth
|-boost|p2a: Frosmoth|spa|1
|-boost|p2a: Frosmoth|spd|1
|-boost|p2a: Frosmoth|spe|1
|move|p1a: Grafaiai|Gunk Shot|p2a: Frosmoth
|-crit|p2a: Frosmoth
|-damage|p2a: Frosmoth|0 fnt
|faint|p2a: Frosmoth
|
|-sideend|p2: R41d3njh3m|Reflect
|upkeep
|
|t:|1743871772
|switch|p2a: Iron Moth|Iron Moth, shiny|100/100
|-enditem|p2a: Iron Moth|Booster Energy
|-activate|p2a: Iron Moth|ability: Quark Drive|[fromitem]
|-start|p2a: Iron Moth|quarkdrivespe
|turn|8
|
|t:|1743871780
|move|p2a: Iron Moth|Fiery Dance|p1a: Grafaiai
|-damage|p1a: Grafaiai|3/100
|move|p1a: Grafaiai|Double-Edge|p2a: Iron Moth
|-damage|p2a: Iron Moth|0 fnt
|faint|p2a: Iron Moth
|-end|p2a: Iron Moth|Quark Drive|[silent]
|-damage|p1a: Grafaiai|0 fnt|[from] Recoil
|faint|p1a: Grafaiai
|
|upkeep
|
|t:|1743871790
|switch|p2a: Hatterene|Hatterene, F, shiny, tera:Steel|100/100
|switch|p1a: Glimmora|Glimmora, F|100/100
|turn|9
|
|t:|1743871795
|move|p1a: Glimmora|Earth Power|p2a: Hatterene
|-supereffective|p2a: Hatterene
|-damage|p2a: Hatterene|39/100
|move|p2a: Hatterene|Light Screen|p2a: Hatterene
|-sidestart|p2: R41d3njh3m|move: Light Screen
|
|-heal|p2a: Hatterene|45/100|[from] item: Leftovers
|upkeep
|turn|10
|
|t:|1743871803
|move|p1a: Glimmora|Earth Power|p2a: Hatterene
|-supereffective|p2a: Hatterene
|-damage|p2a: Hatterene|14/100
|move|p2a: Hatterene|Reflect|p2a: Hatterene
|-sidestart|p2: R41d3njh3m|Reflect
|
|-heal|p2a: Hatterene|20/100|[from] item: Leftovers
|upkeep
|turn|11
|
|t:|1743871811
|switch|p2a: Gliscor|Gliscor, F, shiny|100/100
|move|p1a: Glimmora|Earth Power|p2a: Gliscor
|-immune|p2a: Gliscor
|
|-status|p2a: Gliscor|tox|[from] item: Toxic Orb
|upkeep
|turn|12
|
|t:|1743871819
|switch|p1a: Exeggutor|Exeggutor, F|100/100
|move|p2a: Gliscor|Swords Dance|p2a: Gliscor
|-boost|p2a: Gliscor|atk|2
|
|upkeep
|turn|13
|
|t:|1743871829
|move|p2a: Gliscor|Dual Wingbeat|p1a: Exeggutor
|-supereffective|p1a: Exeggutor
|-damage|p1a: Exeggutor|17/100
|-supereffective|p1a: Exeggutor
|-damage|p1a: Exeggutor|0 fnt
|faint|p1a: Exeggutor
|-hitcount|p1: Exeggutor|2
|
|-sideend|p2: R41d3njh3m|move: Light Screen
|upkeep
|
|t:|1743871839
|switch|p1a: Glimmora|Glimmora, F|100/100
|turn|14
|
|t:|1743871843
|move|p2a: Gliscor|Earthquake|p1a: Glimmora
|-supereffective|p1a: Glimmora
|-damage|p1a: Glimmora|0 fnt
|-activate|p1a: Glimmora|ability: Toxic Debris
|-sidestart|p2: R41d3njh3m|move: Toxic Spikes
|faint|p1a: Glimmora
|
|-sideend|p2: R41d3njh3m|Reflect
|upkeep
|
|t:|1743871846
|switch|p1a: Torkoal|Torkoal, F|100/100
|-weather|SunnyDay|[from] ability: Drought|[of] p1a: Torkoal
|turn|15
|
|t:|1743871853
|switch|p1a: Leafeon|Leafeon, M, shiny|100/100
|move|p2a: Gliscor|Earthquake|p1a: Leafeon
|-resisted|p1a: Leafeon
|-damage|p1a: Leafeon|68/100
|
|-weather|SunnyDay|[upkeep]
|upkeep
|turn|16
|
|t:|1743871861
|-terastallize|p1a: Leafeon|Grass
|move|p1a: Leafeon|Solar Blade||[still]
|-prepare|p1a: Leafeon|Solar Blade
|-anim|p1a: Leafeon|Solar Blade|p2a: Gliscor
|-damage|p2a: Gliscor|0 fnt
|faint|p2a: Gliscor
|-damage|p1a: Leafeon|58/100|[from] item: Life Orb
|
|-weather|SunnyDay|[upkeep]
|upkeep
|
|t:|1743871872
|switch|p2a: Kingambit|Kingambit, M, shiny|100/100
|-activate|p2a: Kingambit|ability: Supreme Overlord
|-start|p2a: Kingambit|fallen3|[silent]
|-item|p2a: Kingambit|Air Balloon
|turn|17
|
|t:|1743871877
|move|p2a: Kingambit|Sucker Punch|p1a: Leafeon
|-crit|p1a: Leafeon
|-damage|p1a: Leafeon|0 fnt
|faint|p1a: Leafeon
|
|-weather|SunnyDay|[upkeep]
|upkeep
|
|t:|1743871880
|switch|p1a: Tinkaton|Tinkaton, F|100/100
|-ability|p1a: Tinkaton|Mold Breaker
|turn|18
|-message|Wahter forfeited.
|
|win|R41d3njh3m
|raw|Wahter's rating: 1137 &rarr; <strong>1113</strong><br />(-24 for losing)
|raw|R41d3njh3m's rating: 1155 &rarr; <strong>1179</strong><br />(+24 for winning)
|l|☆Wahter
|player|p1|
|l|☆R41d3njh3m
|player|p2|
