|j|☆EndlessDark9
|j|☆Yashish677
|t:|1743778417
|gametype|singles
|player|p1|EndlessDark9|iono|1360
|player|p2|Yashish677|psychic-gen4|1334
|teamsize|p1|6
|teamsize|p2|6
|gen|9
|tier|[Gen 9] OU
|rated|
|rule|HP Percentage Mod: HP is shown in percentages
|rule|Endless Battle Clause: Forcing endless battles is banned
|rule|Species Clause: Limit one of each Pokémon
|rule|OHKO Clause: OHKO moves are banned
|rule|Evasion Items Clause: Evasion items are banned
|rule|Evasion Moves Clause: Evasion moves are banned
|rule|Sleep Moves Clause: Sleep-inducing moves are banned
|clearpoke
|poke|p1|Ting-Lu|
|poke|p1|Pecharunt|
|poke|p1|Kingambit, M|
|poke|p1|Great Tusk|
|poke|p1|Ogerpon-Wellspring, F|
|poke|p1|Raging Bolt|
|poke|p2|Hawlucha, F|
|poke|p2|Serperior, M|
|poke|p2|Scrafty, F|
|poke|p2|Ceruledge, M|
|poke|p2|Iron Treads|
|poke|p2|Tatsugiri, M|
|teampreview
|inactive|Battle timer is ON: inactive players will automatically lose when time's up. (requested by Yashish677)
|inactive|EndlessDark9 also wants the timer to be on.
|inactive|EndlessDark9 has 120 seconds left.
|
|t:|1743778449
|start
|switch|p1a: Ogerpon|Ogerpon-Wellspring, F|100/100
|switch|p2a: Tatsugiri|Tatsugiri, M|100/100
|turn|1
|
|t:|1743778459
|move|p1a: Ogerpon|Horn Leech|p2a: Tatsugiri
|-damage|p2a: Tatsugiri|18/100
|move|p2a: Tatsugiri|Nasty Plot|p2a: Tatsugiri
|-boost|p2a: Tatsugiri|spa|2
|
|upkeep
|turn|2
|c|☆Yashish677|oh jeez
|c|☆Yashish677|not even boosted
|
|t:|1743778483
|move|p1a: Ogerpon|U-turn|p2a: Tatsugiri
|-damage|p2a: Tatsugiri|0 fnt
|faint|p2a: Tatsugiri
|inactive|EndlessDark9 has 120 seconds left.
|
|t:|1743778521
|switch|p1a: Ting-Lu|Ting-Lu|100/100|[from] U-turn
|-ability|p1a: Ting-Lu|Vessel of Ruin
|
|upkeep
|
|t:|1743778532
|switch|p2a: Serperior|Serperior, M|100/100
|turn|3
|
|t:|1743778537
|-terastallize|p1a: Ting-Lu|Poison
|move|p2a: Serperior|Leaf Storm|p1a: Ting-Lu
|-resisted|p1a: Ting-Lu
|-damage|p1a: Ting-Lu|91/100
|-boost|p2a: Serperior|spa|2
|move|p1a: Ting-Lu|Spikes|p2a: Serperior
|-sidestart|p2: Yashish677|Spikes
|
|-heal|p1a: Ting-Lu|97/100|[from] item: Leftovers
|upkeep
|turn|4
|
|t:|1743778553
|switch|p2a: Iron Treads|Iron Treads|100/100
|move|p1a: Ting-Lu|Spikes|p2a: Iron Treads
|-sidestart|p2: Yashish677|Spikes
|
|-heal|p1a: Ting-Lu|100/100|[from] item: Leftovers
|upkeep
|turn|5
|
|t:|1743778568
|switch|p1a: Pecharunt|Pecharunt|100/100
|move|p2a: Iron Treads|Earthquake|p1a: Pecharunt
|-supereffective|p1a: Pecharunt
|-damage|p1a: Pecharunt|40/100
|
|upkeep
|turn|6
|
|t:|1743778584
|switch|p1a: Ogerpon|Ogerpon-Wellspring, F|100/100
|move|p2a: Iron Treads|Earthquake|p1a: Ogerpon
|-resisted|p1a: Ogerpon
|-damage|p1a: Ogerpon|71/100
|
|upkeep
|turn|7
|
|t:|1743778597
|-end|p2a: Iron Treads|Quark Drive|[silent]
|switch|p2a: Serperior|Serperior, M|100/100
|-damage|p2a: Serperior|84/100|[from] Spikes
|move|p1a: Ogerpon|Ivy Cudgel|p2a: Serperior|[anim] Ivy Cudgel Water
|-resisted|p2a: Serperior
|-damage|p2a: Serperior|48/100
|-enditem|p2a: Serperior|Sitrus Berry|[eat]
|-heal|p2a: Serperior|73/100|[from] item: Sitrus Berry
|
|upkeep
|turn|8
|
|t:|1743778612
|move|p2a: Serperior|Glare|p1a: Ogerpon
|-status|p1a: Ogerpon|par
|move|p1a: Ogerpon|U-turn|p2a: Serperior
|-supereffective|p2a: Serperior
|-damage|p2a: Serperior|7/100
|
|t:|1743778620
|switch|p1a: Great Tusk|Great Tusk|100/100|[from] U-turn
|
|upkeep
|turn|9
|
|t:|1743778626
|-end|p1a: Great Tusk|Protosynthesis|[silent]
|switch|p1a: Ting-Lu|Ting-Lu, tera:Poison|100/100
|-ability|p1a: Ting-Lu|Vessel of Ruin
|move|p2a: Serperior|Leaf Storm|p1a: Ting-Lu
|-resisted|p1a: Ting-Lu
|-damage|p1a: Ting-Lu|92/100
|-boost|p2a: Serperior|spa|2
|
|-heal|p1a: Ting-Lu|98/100|[from] item: Leftovers
|upkeep
|turn|10
|
|t:|1743778643
|move|p2a: Serperior|Dragon Pulse|p1a: Ting-Lu
|-damage|p1a: Ting-Lu|80/100
|move|p1a: Ting-Lu|Whirlwind|p2a: Serperior
|drag|p2a: Scrafty|Scrafty, F|100/100
|-damage|p2a: Scrafty|84/100|[from] Spikes
|
|-heal|p1a: Ting-Lu|86/100|[from] item: Leftovers
|upkeep
|turn|11
|
|t:|1743778657
|move|p2a: Scrafty|Knock Off|p1a: Ting-Lu
|-damage|p1a: Ting-Lu|57/100
|-enditem|p1a: Ting-Lu|Leftovers|[from] move: Knock Off|[of] p2a: Scrafty
|-damage|p2a: Scrafty|74/100|[from] item: Life Orb
|move|p1a: Ting-Lu|Ruination|p2a: Scrafty
|-damage|p2a: Scrafty|37/100
|
|upkeep
|turn|12
|inactive|Yashish677 has 120 seconds left.
|
|t:|1743778689
|move|p2a: Scrafty|Drain Punch|p1a: Ting-Lu
|-resisted|p1a: Ting-Lu
|-crit|p1a: Ting-Lu
|-damage|p1a: Ting-Lu|42/100
|-heal|p2a: Scrafty|52/100|[from] drain|[of] p1a: Ting-Lu
|-damage|p2a: Scrafty|42/100|[from] item: Life Orb
|move|p1a: Ting-Lu|Spikes|p2a: Scrafty
|-sidestart|p2: Yashish677|Spikes
|
|upkeep
|turn|13
|inactive|Yashish677 has 120 seconds left.
|
|t:|1743778717
|move|p2a: Scrafty|Dragon Dance|p2a: Scrafty
|-boost|p2a: Scrafty|atk|1
|-boost|p2a: Scrafty|spe|1
|move|p1a: Ting-Lu|Earthquake|p2a: Scrafty
|-damage|p2a: Scrafty|1/100
|
|upkeep
|turn|14
|
|t:|1743778722
|move|p2a: Scrafty|Drain Punch|p1a: Ting-Lu
|-resisted|p1a: Ting-Lu
|-damage|p1a: Ting-Lu|25/100
|-heal|p2a: Scrafty|17/100|[from] drain|[of] p1a: Ting-Lu
|-damage|p2a: Scrafty|7/100|[from] item: Life Orb
|move|p1a: Ting-Lu|Earthquake|p2a: Scrafty
|-damage|p2a: Scrafty|0 fnt
|faint|p2a: Scrafty
|
|upkeep
|
|t:|1743778726
|switch|p2a: Iron Treads|Iron Treads|100/100
|turn|15
|
|t:|1743778735
|move|p2a: Iron Treads|Rapid Spin|p1a: Ting-Lu
|-damage|p1a: Ting-Lu|17/100
|-boost|p2a: Iron Treads|spe|1
|-sideend|p2: Yashish677|Spikes|[from] move: Rapid Spin|[of] p2a: Iron Treads
|move|p1a: Ting-Lu|Earthquake|p2a: Iron Treads
|-supereffective|p2a: Iron Treads
|-crit|p2a: Iron Treads
|-damage|p2a: Iron Treads|0 fnt
|faint|p2a: Iron Treads
|-end|p2a: Iron Treads|Quark Drive|[silent]
|
|upkeep
|inactive|Yashish677 has 120 seconds left.
|inactive|Yashish677 has 90 seconds left.
|inactive|Yashish677 has 60 seconds left.
|c|☆EndlessDark9|ticking away~
|
|t:|1743778841
|switch|p2a: Ceruledge|Ceruledge, M|100/100
|turn|16
|
|t:|1743778847
|move|p2a: Ceruledge|Swords Dance|p2a: Ceruledge
|-boost|p2a: Ceruledge|atk|2
|move|p1a: Ting-Lu|Earthquake|p2a: Ceruledge
|-supereffective|p2a: Ceruledge
|-enditem|p2a: Ceruledge|Focus Sash
|-damage|p2a: Ceruledge|1/100
|-ability|p2a: Ceruledge|Weak Armor|boost
|-unboost|p2a: Ceruledge|def|1
|-boost|p2a: Ceruledge|spe|2
|
|upkeep
|turn|17
|
|t:|1743778859
|move|p2a: Ceruledge|Bitter Blade|p1a: Ting-Lu
|-damage|p1a: Ting-Lu|0 fnt
|-heal|p2a: Ceruledge|16/100|[from] drain|[of] p1a: Ting-Lu
|faint|p1a: Ting-Lu
|
|upkeep
|
|t:|1743778868
|switch|p1a: Raging Bolt|Raging Bolt|100/100
|turn|18
|
|t:|1743778876
|move|p2a: Ceruledge|Shadow Sneak|p1a: Raging Bolt
|-damage|p1a: Raging Bolt|65/100
|move|p1a: Raging Bolt|Thunderclap||[still]
|-fail|p1a: Raging Bolt
|
|upkeep
|turn|19
|
|t:|1743778892
|move|p1a: Raging Bolt|Thunderclap|p2a: Ceruledge
|-damage|p2a: Ceruledge|0 fnt
|faint|p2a: Ceruledge
|
|upkeep
|
|t:|1743778896
|switch|p2a: Serperior|Serperior, M|7/100
|turn|20
|
|t:|1743778907
|move|p1a: Raging Bolt|Thunderclap||[still]
|-fail|p1a: Raging Bolt
|move|p2a: Serperior|Glare|p1a: Raging Bolt
|-immune|p1a: Raging Bolt
|
|upkeep
|turn|21
|
|t:|1743778915
|move|p2a: Serperior|Glare|p1a: Raging Bolt
|-immune|p1a: Raging Bolt
|move|p1a: Raging Bolt|Draco Meteor|p2a: Serperior
|-damage|p2a: Serperior|0 fnt
|-unboost|p1a: Raging Bolt|spa|2
|faint|p2a: Serperior
|
|upkeep
|
|t:|1743778919
|switch|p2a: Hawlucha|Hawlucha, F|100/100
|turn|22
|
|t:|1743778928
|move|p2a: Hawlucha|Swords Dance|p2a: Hawlucha
|-boost|p2a: Hawlucha|atk|2
|move|p1a: Raging Bolt|Volt Switch|p2a: Hawlucha
|-supereffective|p2a: Hawlucha
|-damage|p2a: Hawlucha|34/100
|-enditem|p2a: Hawlucha|Sitrus Berry|[eat]
|-heal|p2a: Hawlucha|59/100|[from] item: Sitrus Berry
|
|t:|1743778941
|-end|p1a: Raging Bolt|Protosynthesis|[silent]
|switch|p1a: Pecharunt|Pecharunt|40/100|[from] Volt Switch
|
|upkeep
|turn|23
|
|t:|1743778946
|move|p2a: Hawlucha|Acrobatics|p1a: Pecharunt
|-damage|p1a: Pecharunt|0 fnt
|faint|p1a: Pecharunt
|
|upkeep
|
|t:|1743778950
|switch|p1a: Raging Bolt|Raging Bolt|65/100
|turn|24
|inactive|Yashish677 has 120 seconds left.
|
|t:|1743778956
|move|p2a: Hawlucha|Substitute|p2a: Hawlucha
|-start|p2a: Hawlucha|Substitute
|-damage|p2a: Hawlucha|34/100
|move|p1a: Raging Bolt|Volt Switch|p2a: Hawlucha
|-supereffective|p2a: Hawlucha
|-end|p2a: Hawlucha|Substitute
|
|t:|1743778960
|-end|p1a: Raging Bolt|Protosynthesis|[silent]
|switch|p1a: Kingambit|Kingambit, M|100/100|[from] Volt Switch
|-activate|p1a: Kingambit|ability: Supreme Overlord
|-start|p1a: Kingambit|fallen2|[silent]
|
|upkeep
|turn|25
|
|t:|1743778965
|move|p2a: Hawlucha|Close Combat|p1a: Kingambit
|-supereffective|p1a: Kingambit
|-damage|p1a: Kingambit|0 fnt
|-unboost|p2a: Hawlucha|def|1
|-unboost|p2a: Hawlucha|spd|1
|faint|p1a: Kingambit
|-end|p1a: Kingambit|fallen2|[silent]
|
|upkeep
|
|t:|1743778969
|switch|p1a: Raging Bolt|Raging Bolt|65/100
|turn|26
|
|t:|1743778972
|move|p1a: Raging Bolt|Thunderclap|p2a: Hawlucha
|-supereffective|p2a: Hawlucha
|-damage|p2a: Hawlucha|0 fnt
|faint|p2a: Hawlucha
|
|win|EndlessDark9
|raw|EndlessDark9's rating: 1360 &rarr; <strong>1379</strong><br />(+19 for winning)
|raw|Yashish677's rating: 1334 &rarr; <strong>1315</strong><br />(-19 for losing)
|l|☆Yashish677
|player|p2|
|l|☆EndlessDark9
|player|p1|
