|j|☆Xatuned
|j|☆EM3RLD
|t:|1743832674
|gametype|singles
|player|p1|Xatuned|wallace|1476
|player|p2|EM3RLD|266|1560
|teamsize|p1|6
|teamsize|p2|6
|gen|9
|tier|[Gen 9] OU
|rated|
|rule|HP Percentage Mod: HP is shown in percentages
|rule|Endless Battle Clause: Forcing endless battles is banned
|rule|Species Clause: Limit one of each Pokémon
|rule|OHKO Clause: OHKO moves are banned
|rule|Evasion Items Clause: Evasion items are banned
|rule|Evasion Moves Clause: Evasion moves are banned
|rule|Sleep Moves Clause: Sleep-inducing moves are banned
|clearpoke
|poke|p1|Slowking-Galar, M|
|poke|p1|Kingambit, F|
|poke|p1|Landorus-Therian, M|
|poke|p1|Dragapult, F|
|poke|p1|Ogerpon-Wellspring, F|
|poke|p1|Kyurem|
|poke|p2|Zamazenta-*|
|poke|p2|Gholdengo|
|poke|p2|Rillaboom, M|
|poke|p2|Glimmora, M|
|poke|p2|Enamorus, F|
|poke|p2|Raging Bolt|
|teampreview
|inactive|Battle timer is ON: inactive players will automatically lose when time's up. (requested by EM3RLD)
|inactive|EM3RLD has 120 seconds left.
|inactive|Xatuned has 120 seconds left.
|inactive|EM3RLD has 90 seconds left.
|inactive|EM3RLD has 60 seconds left.
|
|t:|1743832792
|start
|switch|p1a: Dragapult|Dragapult, F|100/100
|switch|p2a: Glimmora|Glimmora, M|100/100
|turn|1
|
|t:|1743832798
|move|p1a: Dragapult|Shadow Ball|p2a: Glimmora
|-damage|p2a: Glimmora|28/100
|move|p2a: Glimmora|Stealth Rock|p1a: Dragapult
|-sidestart|p1: Xatuned|move: Stealth Rock
|
|upkeep
|turn|2
|
|t:|1743832818
|switch|p2a: Enamorus|Enamorus, F|100/100
|move|p1a: Dragapult|Shadow Ball|p2a: Enamorus
|-damage|p2a: Enamorus|26/100
|
|upkeep
|turn|3
|
|t:|1743832832
|move|p2a: Enamorus|Moonblast|p1a: Dragapult
|-supereffective|p1a: Dragapult
|-damage|p1a: Dragapult|0 fnt
|faint|p1a: Dragapult
|
|upkeep
|
|t:|1743832845
|switch|p1a: Slowking|Slowking-Galar, M, shiny|100/100
|-damage|p1a: Slowking|88/100|[from] Stealth Rock
|turn|4
|
|t:|1743832857
|switch|p2a: Gholdengo|Gholdengo|100/100
|-item|p2a: Gholdengo|Air Balloon
|move|p1a: Slowking|Sludge Bomb|p2a: Gholdengo
|-immune|p2a: Gholdengo
|
|upkeep
|turn|5
|
|t:|1743832865
|-terastallize|p1a: Slowking|Water
|move|p2a: Gholdengo|Make It Rain|p1a: Slowking
|-resisted|p1a: Slowking
|-damage|p1a: Slowking|76/100
|-unboost|p2a: Gholdengo|spa|1
|move|p1a: Slowking|Flamethrower|p2a: Gholdengo
|-supereffective|p2a: Gholdengo
|-damage|p2a: Gholdengo|49/100
|-status|p2a: Gholdengo|brn
|-enditem|p2a: Gholdengo|Air Balloon
|
|-damage|p2a: Gholdengo|43/100 brn|[from] brn
|upkeep
|turn|6
|inactive|EM3RLD has 120 seconds left.
|
|t:|1743832887
|switch|p2a: Raging Bolt|Raging Bolt|100/100
|-enditem|p2a: Raging Bolt|Booster Energy
|-activate|p2a: Raging Bolt|ability: Protosynthesis|[fromitem]
|-start|p2a: Raging Bolt|protosynthesisspa
|move|p1a: Slowking|Flamethrower|p2a: Raging Bolt
|-resisted|p2a: Raging Bolt
|-damage|p2a: Raging Bolt|87/100
|-status|p2a: Raging Bolt|brn
|
|-damage|p2a: Raging Bolt|81/100 brn|[from] brn
|upkeep
|turn|7
|
|t:|1743832901
|-end|p2a: Raging Bolt|Protosynthesis|[silent]
|switch|p2a: Rillaboom|Rillaboom, M|100/100
|-fieldstart|move: Grassy Terrain|[from] ability: Grassy Surge|[of] p2a: Rillaboom
|move|p1a: Slowking|Ice Beam|p2a: Rillaboom
|-supereffective|p2a: Rillaboom
|-damage|p2a: Rillaboom|32/100
|
|-heal|p2a: Rillaboom|38/100|[from] Grassy Terrain
|-heal|p1a: Slowking|82/100|[from] Grassy Terrain
|upkeep
|turn|8
|
|t:|1743832927
|switch|p1a: Landorus|Landorus-Therian, M|100/100
|-damage|p1a: Landorus|88/100|[from] Stealth Rock
|-ability|p1a: Landorus|Intimidate|boost
|-unboost|p2a: Rillaboom|atk|1
|move|p2a: Rillaboom|Knock Off|p1a: Landorus
|-damage|p1a: Landorus|62/100
|-enditem|p1a: Landorus|Choice Scarf|[from] move: Knock Off|[of] p2a: Rillaboom
|
|-heal|p2a: Rillaboom|44/100|[from] Grassy Terrain
|upkeep
|turn|9
|
|t:|1743832931
|switch|p2a: Enamorus|Enamorus, F|26/100
|move|p1a: Landorus|U-turn|p2a: Enamorus
|-resisted|p2a: Enamorus
|-damage|p2a: Enamorus|15/100
|
|t:|1743832936
|switch|p1a: Slowking|Slowking-Galar, M, shiny, tera:Water|100/100|[from] U-turn
|-damage|p1a: Slowking|88/100|[from] Stealth Rock
|
|-heal|p1a: Slowking|94/100|[from] Grassy Terrain
|upkeep
|turn|10
|
|t:|1743832941
|move|p2a: Enamorus|Healing Wish|p2a: Enamorus
|faint|p2a: Enamorus
|move|p1a: Slowking|Flamethrower|p2: Enamorus|[notarget]
|-fail|p1a: Slowking
|
|-heal|p1a: Slowking|99/100|[from] Grassy Terrain
|upkeep
|
|t:|1743832949
|switch|p2a: Zamazenta|Zamazenta|100/100
|-ability|p2a: Zamazenta|Dauntless Shield|boost
|-boost|p2a: Zamazenta|def|1
|turn|11
|
|t:|1743832959
|move|p2a: Zamazenta|Iron Defense|p2a: Zamazenta
|-boost|p2a: Zamazenta|def|2
|move|p1a: Slowking|Psyshock|p2a: Zamazenta
|-supereffective|p2a: Zamazenta
|-damage|p2a: Zamazenta|78/100
|
|-heal|p2a: Zamazenta|85/100|[from] Grassy Terrain
|-heal|p2a: Zamazenta|91/100|[from] item: Leftovers
|-heal|p1a: Slowking|100/100|[from] Grassy Terrain
|upkeep
|turn|12
|
|t:|1743832964
|switch|p1a: Landorus|Landorus-Therian, M|62/100
|-damage|p1a: Landorus|50/100|[from] Stealth Rock
|-ability|p1a: Landorus|Intimidate|boost
|-unboost|p2a: Zamazenta|atk|1
|move|p2a: Zamazenta|Iron Defense|p2a: Zamazenta
|-boost|p2a: Zamazenta|def|2
|
|-heal|p2a: Zamazenta|97/100|[from] Grassy Terrain
|-heal|p2a: Zamazenta|100/100|[from] item: Leftovers
|upkeep
|turn|13
|
|t:|1743832968
|move|p2a: Zamazenta|Body Press|p1a: Landorus
|-resisted|p1a: Landorus
|-crit|p1a: Landorus
|-damage|p1a: Landorus|0 fnt
|faint|p1a: Landorus
|
|upkeep
|
|t:|1743832973
|switch|p1a: Kyurem|Kyurem, shiny|100/100
|-damage|p1a: Kyurem|76/100|[from] Stealth Rock
|-ability|p1a: Kyurem|Pressure
|turn|14
|
|t:|1743832975
|move|p2a: Zamazenta|Body Press|p1a: Kyurem
|-supereffective|p1a: Kyurem
|-damage|p1a: Kyurem|0 fnt
|faint|p1a: Kyurem
|
|-fieldend|move: Grassy Terrain
|upkeep
|
|t:|1743832980
|switch|p1a: Slowking|Slowking-Galar, M, shiny, tera:Water|100/100
|-damage|p1a: Slowking|88/100|[from] Stealth Rock
|turn|15
|c|☆EM3RLD|Gg
|
|t:|1743832984
|move|p2a: Zamazenta|Body Press|p1a: Slowking
|-damage|p1a: Slowking|0 fnt
|faint|p1a: Slowking
|
|upkeep
|-message|Xatuned forfeited.
|
|win|EM3RLD
|raw|Xatuned's rating: 1476 &rarr; <strong>1461</strong><br />(-15 for losing)
|raw|EM3RLD's rating: 1560 &rarr; <strong>1575</strong><br />(+15 for winning)
|l|☆Xatuned
|player|p1|
|l|☆EM3RLD
|player|p2|
