|j|☆King Keita
|j|☆Aperore
|t:|1743806686
|gametype|singles
|player|p1|King Keita|dancer|1315
|player|p2|Aperore|pokemonbreeder-gen4|1307
|teamsize|p1|6
|teamsize|p2|6
|gen|9
|tier|[Gen 9] OU
|rated|
|rule|HP Percentage Mod: HP is shown in percentages
|rule|Endless Battle Clause: Forcing endless battles is banned
|rule|Species Clause: Limit one of each Pokémon
|rule|OHKO Clause: OHKO moves are banned
|rule|Evasion Items Clause: Evasion items are banned
|rule|Evasion Moves Clause: Evasion moves are banned
|rule|Sleep Moves Clause: Sleep-inducing moves are banned
|clearpoke
|poke|p1|Hitmonchan, M|
|poke|p1|Shiftry, M|
|poke|p1|Typhlosion, M|
|poke|p1|Vikavolt, M|
|poke|p1|Noivern, M|
|poke|p1|Porygon-Z|
|poke|p2|Goodra, F|
|poke|p2|Gholdengo|
|poke|p2|Clodsire, M|
|poke|p2|Mandibuzz, F|
|poke|p2|Ogerpon-Wellspring, F|
|poke|p2|Kingambit, F|
|teampreview
|inactive|Battle timer is ON: inactive players will automatically lose when time's up. (requested by King Keita)
|
|t:|1743806699
|start
|switch|p1a: Vikavolt|Vikavolt, M, shiny|100/100
|switch|p2a: Maskass|Ogerpon-Wellspring, F|100/100
|turn|1
|
|t:|1743806708
|move|p2a: Maskass|U-turn|p1a: Vikavolt
|-damage|p1a: Vikavolt|71/100
|
|t:|1743806715
|switch|p2a: Limule|Clodsire, M|100/100|[from] U-turn
|move|p1a: Vikavolt|Bug Buzz|p2a: Limule
|-resisted|p2a: Limule
|-crit|p2a: Limule
|-damage|p2a: Limule|79/100
|
|-heal|p2a: Limule|85/100|[from] item: Black Sludge
|upkeep
|turn|2
|
|t:|1743806728
|switch|p1a: Hitmonchan|Hitmonchan, M, shiny|100/100
|move|p2a: Limule|Stealth Rock|p1a: Hitmonchan
|-sidestart|p1: King Keita|move: Stealth Rock
|
|-heal|p2a: Limule|92/100|[from] item: Black Sludge
|upkeep
|turn|3
|
|t:|1743806739
|switch|p2a: Ficello|Gholdengo, shiny|100/100
|move|p1a: Hitmonchan|Ice Punch|p2a: Ficello
|-resisted|p2a: Ficello
|-damage|p2a: Ficello|86/100
|
|upkeep
|turn|4
|
|t:|1743806749
|switch|p1a: Vikavolt|Vikavolt, M, shiny|71/100
|-damage|p1a: Vikavolt|46/100|[from] Stealth Rock
|move|p2a: Ficello|Make It Rain|p1a: Vikavolt
|-resisted|p1a: Vikavolt
|-damage|p1a: Vikavolt|20/100
|-unboost|p2a: Ficello|spa|1
|
|upkeep
|turn|5
|
|t:|1743806759
|switch|p2a: Limule|Clodsire, M|92/100
|move|p1a: Vikavolt|Discharge|p2a: Limule
|-immune|p2a: Limule
|
|-heal|p2a: Limule|98/100|[from] item: Black Sludge
|upkeep
|turn|6
|
|t:|1743806771
|move|p1a: Vikavolt|Energy Ball|p2a: Limule
|-damage|p2a: Limule|76/100
|move|p2a: Limule|Poison Jab|p1a: Vikavolt
|-damage|p1a: Vikavolt|0 fnt
|faint|p1a: Vikavolt
|
|-heal|p2a: Limule|83/100|[from] item: Black Sludge
|upkeep
|
|t:|1743806791
|switch|p1a: Hitmonchan|Hitmonchan, M, shiny|100/100
|-damage|p1a: Hitmonchan|94/100|[from] Stealth Rock
|turn|7
|
|t:|1743806796
|switch|p2a: Ficello|Gholdengo, shiny|86/100
|move|p1a: Hitmonchan|Ice Punch|p2a: Ficello
|-resisted|p2a: Ficello
|-damage|p2a: Ficello|70/100
|
|upkeep
|turn|8
|
|t:|1743806804
|move|p2a: Ficello|Make It Rain|p1a: Hitmonchan
|-damage|p1a: Hitmonchan|16/100
|-unboost|p2a: Ficello|spa|1
|move|p1a: Hitmonchan|Thunder Punch|p2a: Ficello
|-damage|p2a: Ficello|38/100
|
|upkeep
|turn|9
|
|t:|1743806817
|move|p1a: Hitmonchan|Bullet Punch|p2a: Ficello
|-resisted|p2a: Ficello
|-damage|p2a: Ficello|30/100
|move|p2a: Ficello|Make It Rain|p1a: Hitmonchan
|-damage|p1a: Hitmonchan|0 fnt
|-unboost|p2a: Ficello|spa|1
|faint|p1a: Hitmonchan
|
|upkeep
|
|t:|1743806830
|switch|p1a: Typhlosion|Typhlosion, M, shiny|100/100
|-damage|p1a: Typhlosion|76/100|[from] Stealth Rock
|turn|10
|
|t:|1743806836
|switch|p2a: Gloomy|Goodra, F|100/100
|move|p1a: Typhlosion|Eruption|p2a: Gloomy
|-resisted|p2a: Gloomy
|-damage|p2a: Gloomy|88/100
|
|upkeep
|turn|11
|
|t:|1743806854
|switch|p1a: Shiftry|Shiftry, M, shiny|100/100
|-damage|p1a: Shiftry|88/100|[from] Stealth Rock
|move|p2a: Gloomy|Thunderbolt|p1a: Shiftry
|-resisted|p1a: Shiftry
|-damage|p1a: Shiftry|64/100
|
|upkeep
|turn|12
|
|t:|1743806864
|move|p1a: Shiftry|Tailwind|p1a: Shiftry
|-sidestart|p1: King Keita|move: Tailwind
|-ability|p1a: Shiftry|Wind Rider|boost
|-boost|p1a: Shiftry|atk|1
|move|p2a: Gloomy|Ice Beam|p1a: Shiftry
|-supereffective|p1a: Shiftry
|-damage|p1a: Shiftry|0 fnt
|faint|p1a: Shiftry
|
|upkeep
|
|t:|1743806876
|switch|p1a: Noivern|Noivern, M, shiny|100/100
|-damage|p1a: Noivern|75/100|[from] Stealth Rock
|turn|13
|
|t:|1743806884
|-terastallize|p2a: Gloomy|Electric
|move|p1a: Noivern|Dragon Pulse|p2a: Gloomy
|-damage|p2a: Gloomy|71/100
|move|p2a: Gloomy|Ice Beam|p1a: Noivern
|-supereffective|p1a: Noivern
|-damage|p1a: Noivern|0 fnt
|faint|p1a: Noivern
|
|upkeep
|
|t:|1743806894
|switch|p1a: Typhlosion|Typhlosion, M, shiny|76/100
|-damage|p1a: Typhlosion|51/100|[from] Stealth Rock
|turn|14
|
|t:|1743806898
|move|p1a: Typhlosion|Scorching Sands|p2a: Gloomy
|-supereffective|p2a: Gloomy
|-damage|p2a: Gloomy|53/100
|move|p2a: Gloomy|Earthquake|p1a: Typhlosion
|-supereffective|p1a: Typhlosion
|-damage|p1a: Typhlosion|0 fnt
|faint|p1a: Typhlosion
|
|upkeep
|
|t:|1743806907
|switch|p1a: Porygon-Z|Porygon-Z, shiny|100/100
|-damage|p1a: Porygon-Z|88/100|[from] Stealth Rock
|-ability|p1a: Porygon-Z|Download|boost
|-boost|p1a: Porygon-Z|atk|1
|turn|15
|
|t:|1743806913
|move|p1a: Porygon-Z|Tri Attack|p2a: Gloomy
|-damage|p2a: Gloomy|35/100
|move|p2a: Gloomy|Draco Meteor|p1a: Porygon-Z
|-damage|p1a: Porygon-Z|0 fnt
|-unboost|p2a: Gloomy|spa|2
|faint|p1a: Porygon-Z
|
|win|Aperore
|raw|King Keita's rating: 1315 &rarr; <strong>1295</strong><br />(-20 for losing)
|raw|Aperore's rating: 1307 &rarr; <strong>1327</strong><br />(+20 for winning)
|c|☆King Keita|Ggs
|c|☆Aperore|gg
|l|☆Aperore
|player|p2|
|l|☆King Keita
|player|p1|
