|j|☆Anathema666
|j|☆hbdfxgsdrg
|t:|1743893287
|gametype|singles
|player|p1|Anathema666|265|1112
|player|p2|hbdfxgsdrg|2|1170
|teamsize|p1|6
|teamsize|p2|6
|gen|9
|tier|[Gen 9] OU
|rated|
|rule|HP Percentage Mod: HP is shown in percentages
|rule|Endless Battle Clause: Forcing endless battles is banned
|rule|Species Clause: Limit one of each Pokémon
|rule|OHKO Clause: OHKO moves are banned
|rule|Evasion Items Clause: Evasion items are banned
|rule|Evasion Moves Clause: Evasion moves are banned
|rule|Sleep Moves Clause: Sleep-inducing moves are banned
|clearpoke
|poke|p1|Gligar, F|
|poke|p1|Smeargle, M|
|poke|p1|Nosepass, F|
|poke|p1|Venomoth, M|
|poke|p1|Victreebel, M|
|poke|p1|Shelgon, M|
|poke|p2|Samurott-Hisui, M|
|poke|p2|Iron Valiant|
|poke|p2|Ogerpon-Cornerstone, F|
|poke|p2|Corviknight, F|
|poke|p2|Zamazenta-*|
|poke|p2|Walking Wake|
|teampreview
|
|t:|1743893299
|start
|switch|p1a: Victreebel|Victreebel, M|100/100
|switch|p2a: Samurott|Samurott-Hisui, M|100/100
|turn|1
|
|t:|1743893310
|move|p2a: Samurott|Ceaseless Edge|p1a: Victreebel
|-damage|p1a: Victreebel|47/100
|-sidestart|p1: Anathema666|Spikes
|move|p1a: Victreebel|Leech Life|p2a: Samurott
|-supereffective|p2a: Samurott
|-damage|p2a: Samurott|50/100
|-heal|p1a: Victreebel|83/100|[from] drain|[of] p2a: Samurott
|
|upkeep
|turn|2
|
|t:|1743893318
|move|p2a: Samurott|Ceaseless Edge|p1a: Victreebel|[miss]
|-miss|p2a: Samurott|p1a: Victreebel
|move|p1a: Victreebel|Leech Life|p2a: Samurott
|-supereffective|p2a: Samurott
|-damage|p2a: Samurott|4/100
|-heal|p1a: Victreebel|100/100|[from] drain|[of] p2a: Samurott
|
|upkeep
|turn|3
|
|t:|1743893339
|move|p2a: Samurott|Ceaseless Edge|p1a: Victreebel
|-damage|p1a: Victreebel|44/100
|-sidestart|p1: Anathema666|Spikes
|move|p1a: Victreebel|Stockpile|p1a: Victreebel
|-start|p1a: Victreebel|stockpile1
|-boost|p1a: Victreebel|def|1
|-boost|p1a: Victreebel|spd|1
|
|upkeep
|turn|4
|
|t:|1743893347
|move|p2a: Samurott|Ceaseless Edge|p1a: Victreebel
|-damage|p1a: Victreebel|9/100
|-sidestart|p1: Anathema666|Spikes
|move|p1a: Victreebel|Synthesis|p1a: Victreebel
|-heal|p1a: Victreebel|59/100
|
|upkeep
|turn|5
|
|t:|1743893357
|move|p2a: Samurott|Knock Off|p1a: Victreebel
|-damage|p1a: Victreebel|24/100
|-enditem|p1a: Victreebel|Big Root|[from] move: Knock Off|[of] p2a: Samurott
|move|p1a: Victreebel|Synthesis|p1a: Victreebel
|-heal|p1a: Victreebel|74/100
|
|upkeep
|turn|6
|
|t:|1743893366
|switch|p2a: Walking Wake|Walking Wake|100/100
|-enditem|p2a: Walking Wake|Booster Energy
|-activate|p2a: Walking Wake|ability: Protosynthesis|[fromitem]
|-start|p2a: Walking Wake|protosynthesisspa
|move|p1a: Victreebel|Synthesis|p1a: Victreebel
|-heal|p1a: Victreebel|100/100
|
|upkeep
|turn|7
|
|t:|1743893373
|move|p2a: Walking Wake|Flamethrower|p1a: Victreebel
|-supereffective|p1a: Victreebel
|-damage|p1a: Victreebel|47/100
|move|p1a: Victreebel|Leech Life|p2a: Walking Wake
|-damage|p2a: Walking Wake|81/100
|-heal|p1a: Victreebel|59/100|[from] drain|[of] p2a: Walking Wake
|
|upkeep
|turn|8
|
|t:|1743893411
|move|p2a: Walking Wake|Flamethrower|p1a: Victreebel
|-supereffective|p1a: Victreebel
|-damage|p1a: Victreebel|7/100
|move|p1a: Victreebel|Leech Life|p2a: Walking Wake
|-crit|p2a: Walking Wake
|-damage|p2a: Walking Wake|50/100
|-heal|p1a: Victreebel|24/100|[from] drain|[of] p2a: Walking Wake
|
|upkeep
|turn|9
|
|t:|1743893425
|move|p2a: Walking Wake|Flamethrower|p1a: Victreebel
|-supereffective|p1a: Victreebel
|-damage|p1a: Victreebel|0 fnt
|faint|p1a: Victreebel
|
|upkeep
|
|t:|1743893434
|switch|p1a: Shelgon|Shelgon, M|100/100
|-damage|p1a: Shelgon|76/100|[from] Spikes
|turn|10
|
|t:|1743893439
|move|p2a: Walking Wake|Hurricane|p1a: Shelgon
|-damage|p1a: Shelgon|10/100
|-start|p1a: Shelgon|confusion
|-activate|p1a: Shelgon|confusion
|move|p1a: Shelgon|Iron Defense|p1a: Shelgon
|-boost|p1a: Shelgon|def|2
|
|upkeep
|turn|11
|
|t:|1743893448
|move|p2a: Walking Wake|Scald|p1a: Shelgon
|-resisted|p1a: Shelgon
|-damage|p1a: Shelgon|0 fnt
|faint|p1a: Shelgon
|
|upkeep
|
|t:|1743893454
|switch|p1a: Gligar|Gligar, F|100/100
|turn|12
|
|t:|1743893458
|move|p2a: Walking Wake|Scald|p1a: Gligar
|-supereffective|p1a: Gligar
|-damage|p1a: Gligar|13/100
|-status|p1a: Gligar|brn
|move|p1a: Gligar|Swords Dance|p1a: Gligar
|-boost|p1a: Gligar|atk|2
|
|-damage|p1a: Gligar|8/100 brn|[from] brn
|upkeep
|turn|13
|
|t:|1743893470
|move|p1a: Gligar|Quick Attack|p2a: Walking Wake
|-damage|p2a: Walking Wake|42/100
|move|p2a: Walking Wake|Scald|p1a: Gligar
|-supereffective|p1a: Gligar
|-damage|p1a: Gligar|0 fnt
|faint|p1a: Gligar
|
|upkeep
|-message|Anathema666 forfeited.
|
|win|hbdfxgsdrg
|raw|Anathema666's rating: 1112 &rarr; <strong>1091</strong><br />(-21 for losing)
|raw|hbdfxgsdrg's rating: 1170 &rarr; <strong>1191</strong><br />(+21 for winning)
|l|☆Anathema666
|player|p1|
|l|☆hbdfxgsdrg
|player|p2|
