|j|☆918kw
|j|☆d4ni3lb3rry
|t:|1743827654
|gametype|singles
|player|p1|918kw|lucas|1164
|player|p2|d4ni3lb3rry|aaron|1126
|teamsize|p1|6
|teamsize|p2|6
|gen|9
|tier|[Gen 9] OU
|rated|
|rule|HP Percentage Mod: HP is shown in percentages
|rule|Endless Battle Clause: Forcing endless battles is banned
|rule|Species Clause: Limit one of each Pokémon
|rule|OHKO Clause: OHKO moves are banned
|rule|Evasion Items Clause: Evasion items are banned
|rule|Evasion Moves Clause: Evasion moves are banned
|rule|Sleep Moves Clause: Sleep-inducing moves are banned
|clearpoke
|poke|p1|Pelipper, M|
|poke|p1|Beartic, M|
|poke|p1|Incineroar, M|
|poke|p1|Araquanid, M|
|poke|p1|Grimmsnarl, M|
|poke|p1|Basculegion, M|
|poke|p2|Glimmora, M|
|poke|p2|Kyurem|
|poke|p2|Dragonite, M|
|poke|p2|Hoopa-Unbound|
|poke|p2|Azumarill, F|
|poke|p2|Cinderace, M|
|teampreview
|inactive|Battle timer is ON: inactive players will automatically lose when time's up. (requested by d4ni3lb3rry)
|
|t:|1743827658
|start
|switch|p1a: Basculegion|Basculegion, M|100/100
|switch|p2a: Glimmora|Glimmora, M|100/100
|turn|1
|
|t:|1743827664
|move|p2a: Glimmora|Stealth Rock|p1a: Basculegion
|-sidestart|p1: 918kw|move: Stealth Rock
|move|p1a: Basculegion|Wave Crash|p2a: Glimmora
|-supereffective|p2a: Glimmora
|-crit|p2a: Glimmora
|-enditem|p2a: Glimmora|Focus Sash
|-damage|p2a: Glimmora|1/100
|-activate|p2a: Glimmora|ability: Toxic Debris
|-sidestart|p1: 918kw|move: Toxic Spikes
|-damage|p1a: Basculegion|74/100|[from] Recoil
|
|upkeep
|turn|2
|
|t:|1743827668
|move|p2a: Glimmora|Spikes|p1a: Basculegion
|-sidestart|p1: 918kw|Spikes
|move|p1a: Basculegion|Agility|p1a: Basculegion
|-boost|p1a: Basculegion|spe|2
|
|upkeep
|turn|3
|
|t:|1743827673
|move|p1a: Basculegion|Psychic Fangs|p2a: Glimmora
|-supereffective|p2a: Glimmora
|-damage|p2a: Glimmora|0 fnt
|-activate|p2a: Glimmora|ability: Toxic Debris
|-sidestart|p1: 918kw|move: Toxic Spikes
|faint|p2a: Glimmora
|
|upkeep
|
|t:|1743827679
|switch|p2a: Azumarill|Azumarill, F|100/100
|turn|4
|
|t:|1743827685
|move|p1a: Basculegion|Phantom Force||[still]
|-prepare|p1a: Basculegion|Phantom Force
|move|p2a: Azumarill|Knock Off|p1a: Basculegion|[miss]
|-miss|p2a: Azumarill|p1a: Basculegion
|
|upkeep
|turn|5
|
|t:|1743827689
|move|p1a: Basculegion|Phantom Force|p2a: Azumarill|[from] lockedmove
|-damage|p2a: Azumarill|27/100
|move|p2a: Azumarill|Knock Off|p1a: Basculegion
|-supereffective|p1a: Basculegion
|-damage|p1a: Basculegion|0 fnt
|-enditem|p1a: Basculegion|Spooky Plate|[from] move: Knock Off|[of] p2a: Azumarill
|faint|p1a: Basculegion
|
|-heal|p2a: Azumarill|33/100|[from] item: Leftovers
|upkeep
|
|t:|1743827702
|switch|p1a: Pelipper|Pelipper, M|100/100
|-damage|p1a: Pelipper|76/100|[from] Stealth Rock
|-weather|RainDance|[from] ability: Drizzle|[of] p1a: Pelipper
|turn|6
|
|t:|1743827710
|move|p1a: Pelipper|Hurricane|p2a: Azumarill
|-damage|p2a: Azumarill|0 fnt
|faint|p2a: Azumarill
|
|-weather|RainDance|[upkeep]
|upkeep
|
|t:|1743827716
|switch|p2a: Kyurem|Kyurem|100/100
|-ability|p2a: Kyurem|Pressure
|turn|7
|
|t:|1743827728
|move|p2a: Kyurem|Freeze-Dry|p1a: Pelipper
|-supereffective|p1a: Pelipper
|-damage|p1a: Pelipper|0 fnt
|faint|p1a: Pelipper
|
|-weather|RainDance|[upkeep]
|upkeep
|
|t:|1743827730
|switch|p1a: Beartic|Beartic, M|100/100
|-damage|p1a: Beartic|76/100|[from] Stealth Rock
|-status|p1a: Beartic|tox
|-damage|p1a: Beartic|63/100 tox|[from] Spikes
|turn|8
|
|t:|1743827739
|switch|p2a: Cinderace|Cinderace, M|100/100
|move|p1a: Beartic|Close Combat|p2a: Cinderace
|-damage|p2a: Cinderace|33/100
|-unboost|p1a: Beartic|def|1
|-unboost|p1a: Beartic|spd|1
|
|-weather|RainDance|[upkeep]
|-damage|p1a: Beartic|57/100 tox|[from] psn
|upkeep
|turn|9
|
|t:|1743827753
|move|p1a: Beartic|Rock Slide|p2a: Cinderace
|-supereffective|p2a: Cinderace
|-damage|p2a: Cinderace|0 fnt
|faint|p2a: Cinderace
|
|-weather|RainDance|[upkeep]
|-damage|p1a: Beartic|45/100 tox|[from] psn
|upkeep
|
|t:|1743827757
|switch|p2a: Hoopa|Hoopa-Unbound|100/100
|turn|10
|
|t:|1743827769
|move|p1a: Beartic|Close Combat|p2a: Hoopa
|-damage|p2a: Hoopa|16/100
|-unboost|p1a: Beartic|def|1
|-unboost|p1a: Beartic|spd|1
|move|p2a: Hoopa|Drain Punch|p1a: Beartic
|-supereffective|p1a: Beartic
|-damage|p1a: Beartic|0 fnt
|-heal|p2a: Hoopa|41/100|[from] drain|[of] p1a: Beartic
|faint|p1a: Beartic
|
|-weather|RainDance|[upkeep]
|upkeep
|
|t:|1743827776
|switch|p1a: Araquanid|Araquanid, M|100/100
|-damage|p1a: Araquanid|76/100|[from] Stealth Rock
|-status|p1a: Araquanid|tox
|-damage|p1a: Araquanid|63/100 tox|[from] Spikes
|turn|11
|
|t:|1743827782
|move|p2a: Hoopa|Drain Punch|p1a: Araquanid
|-resisted|p1a: Araquanid
|-damage|p1a: Araquanid|41/100 tox
|-heal|p2a: Hoopa|51/100|[from] drain|[of] p1a: Araquanid
|move|p1a: Araquanid|Liquidation|p2a: Hoopa
|-damage|p2a: Hoopa|0 fnt
|faint|p2a: Hoopa
|
|-weather|RainDance|[upkeep]
|-damage|p1a: Araquanid|35/100 tox|[from] psn
|upkeep
|
|t:|1743827796
|switch|p2a: Dragonite|Dragonite, M|100/100
|turn|12
|
|t:|1743827808
|move|p2a: Dragonite|Dragon Dance|p2a: Dragonite
|-boost|p2a: Dragonite|atk|1
|-boost|p2a: Dragonite|spe|1
|move|p1a: Araquanid|Lunge|p2a: Dragonite
|-resisted|p2a: Dragonite
|-damage|p2a: Dragonite|92/100
|-unboost|p2a: Dragonite|atk|1
|
|-weather|RainDance|[upkeep]
|-heal|p2a: Dragonite|99/100|[from] item: Leftovers
|-damage|p1a: Araquanid|23/100 tox|[from] psn
|upkeep
|turn|13
|
|t:|1743827816
|move|p2a: Dragonite|Dragon Dance|p2a: Dragonite
|-boost|p2a: Dragonite|atk|1
|-boost|p2a: Dragonite|spe|1
|move|p1a: Araquanid|Liquidation|p2a: Dragonite
|-resisted|p2a: Dragonite
|-damage|p2a: Dragonite|31/100
|-unboost|p2a: Dragonite|def|1
|
|-weather|none
|-heal|p2a: Dragonite|37/100|[from] item: Leftovers
|-damage|p1a: Araquanid|4/100 tox|[from] psn
|upkeep
|turn|14
|
|t:|1743827825
|-terastallize|p2a: Dragonite|Dragon
|move|p2a: Dragonite|Extreme Speed|p1a: Araquanid
|-damage|p1a: Araquanid|0 fnt
|faint|p1a: Araquanid
|
|-heal|p2a: Dragonite|44/100|[from] item: Leftovers
|upkeep
|
|t:|1743827830
|switch|p1a: Incineroar|Incineroar, M|100/100
|-damage|p1a: Incineroar|76/100|[from] Stealth Rock
|-status|p1a: Incineroar|tox
|-damage|p1a: Incineroar|63/100 tox|[from] Spikes
|-ability|p1a: Incineroar|Intimidate|boost
|-unboost|p2a: Dragonite|atk|1
|turn|15
|
|t:|1743827834
|move|p2a: Dragonite|Earthquake|p1a: Incineroar
|-supereffective|p1a: Incineroar
|-damage|p1a: Incineroar|0 fnt
|faint|p1a: Incineroar
|
|-heal|p2a: Dragonite|50/100|[from] item: Leftovers
|upkeep
|
|t:|1743827837
|switch|p1a: Grimmsnarl|Grimmsnarl, M|100/100
|-damage|p1a: Grimmsnarl|88/100|[from] Stealth Rock
|-status|p1a: Grimmsnarl|tox
|-damage|p1a: Grimmsnarl|76/100 tox|[from] Spikes
|turn|16
|
|t:|1743827839
|-terastallize|p1a: Grimmsnarl|Dark
|move|p2a: Dragonite|Outrage|p1a: Grimmsnarl
|-damage|p1a: Grimmsnarl|0 fnt
|faint|p1a: Grimmsnarl
|
|win|d4ni3lb3rry
|raw|918kw's rating: 1186 &rarr; <strong>1157</strong><br />(-29 for losing)
|raw|d4ni3lb3rry's rating: 1126 &rarr; <strong>1155</strong><br />(+29 for winning)
|l|☆918kw
|player|p1|
|l|☆d4ni3lb3rry
|player|p2|
