|j|☆Parapa da Vrrrrr
|j|☆oreomaster360
|t:|1743893581
|gametype|singles
|player|p1|Parapa da Vrrrrr|265|1224
|player|p2|oreomaster360|janitor|1282
|teamsize|p1|6
|teamsize|p2|6
|gen|9
|tier|[Gen 9] OU
|rated|
|rule|HP Percentage Mod: HP is shown in percentages
|rule|Endless Battle Clause: Forcing endless battles is banned
|rule|Species Clause: Limit one of each Pokémon
|rule|OHKO Clause: OHKO moves are banned
|rule|Evasion Items Clause: Evasion items are banned
|rule|Evasion Moves Clause: Evasion moves are banned
|rule|Sleep Moves Clause: Sleep-inducing moves are banned
|clearpoke
|poke|p1|Dragonite, M|
|poke|p1|Gholdengo|
|poke|p1|Cinderace, M|
|poke|p1|Raging Bolt|
|poke|p1|Gliscor, M|
|poke|p1|Sinistcha|
|poke|p2|Serperior, F|
|poke|p2|Great Tusk|
|poke|p2|Alomomola, F|
|poke|p2|Zapdos|
|poke|p2|Dragapult, F|
|poke|p2|Iron Crown|
|teampreview
|inactive|Battle timer is ON: inactive players will automatically lose when time's up. (requested by oreomaster360)
|inactive|Parapa da Vrrrrr also wants the timer to be on.
|
|t:|1743893597
|start
|switch|p1a: Bugz|Cinderace, M|100/100
|switch|p2a: Serperior|Serperior, F, shiny|100/100
|turn|1
|
|t:|1743893605
|switch|p2a: Alomomola|Alomomola, F|100/100
|move|p1a: Bugz|U-turn|p2a: Alomomola
|-damage|p2a: Alomomola|84/100
|
|t:|1743893614
|switch|p1a: Gliscor|Gliscor, M|100/100|[from] U-turn
|
|-status|p1a: Gliscor|tox|[from] item: Toxic Orb
|upkeep
|turn|2
|
|t:|1743893625
|move|p1a: Gliscor|U-turn|p2a: Alomomola
|-damage|p2a: Alomomola|72/100
|
|t:|1743893640
|switch|p1a: Sinistcha|Sinistcha|100/100|[from] U-turn
|move|p2a: Alomomola|Scald|p1a: Sinistcha
|-resisted|p1a: Sinistcha
|-damage|p1a: Sinistcha|92/100
|
|upkeep
|turn|3
|
|t:|1743893652
|move|p1a: Sinistcha|Matcha Gotcha|p2a: Alomomola
|-supereffective|p2a: Alomomola
|-damage|p2a: Alomomola|39/100
|-heal|p1a: Sinistcha|100/100|[from] drain|[of] p2a: Alomomola
|move|p2a: Alomomola|Flip Turn|p1a: Sinistcha
|-resisted|p1a: Sinistcha
|-damage|p1a: Sinistcha|94/100
|
|t:|1743893656
|switch|p2a: Serperior|Serperior, F, shiny|100/100|[from] Flip Turn
|
|upkeep
|turn|4
|
|t:|1743893679
|switch|p1a: Bugz|Cinderace, M|100/100
|-terastallize|p2a: Serperior|Stellar
|move|p2a: Serperior|Tera Blast|p1a: Bugz|[anim] Tera Blast Stellar
|-damage|p1a: Bugz|58/100
|-unboost|p2a: Serperior|atk|1
|-unboost|p2a: Serperior|spa|1
|
|upkeep
|turn|5
|
|t:|1743893688
|move|p2a: Serperior|Tera Blast|p1a: Bugz|[anim] Tera Blast Stellar
|-damage|p1a: Bugz|35/100
|-unboost|p2a: Serperior|atk|1
|-unboost|p2a: Serperior|spa|1
|move|p1a: Bugz|Pyro Ball|p2a: Serperior
|-supereffective|p2a: Serperior
|-damage|p2a: Serperior|0 fnt
|faint|p2a: Serperior
|
|upkeep
|-message|oreomaster360 forfeited.
|
|win|Parapa da Vrrrrr
|raw|Parapa da Vrrrrr's rating: 1224 &rarr; <strong>1253</strong><br />(+29 for winning)
|raw|oreomaster360's rating: 1282 &rarr; <strong>1253</strong><br />(-29 for losing)
|l|☆oreomaster360
|player|p2|
