|j|☆ASilentKingambitX
|j|☆T-Garchomp
|t:|1743810357
|gametype|singles
|player|p1|ASilentKingambitX|red|1337
|player|p2|T-Garchomp|ghetsis-gen5bw|1301
|teamsize|p1|6
|teamsize|p2|6
|gen|9
|tier|[Gen 9] OU
|rated|
|rule|HP Percentage Mod: HP is shown in percentages
|rule|Endless Battle Clause: Forcing endless battles is banned
|rule|Species Clause: Limit one of each Pokémon
|rule|OHKO Clause: OHKO moves are banned
|rule|Evasion Items Clause: Evasion items are banned
|rule|Evasion Moves Clause: Evasion moves are banned
|rule|Sleep Moves Clause: Sleep-inducing moves are banned
|clearpoke
|poke|p1|Charizard, M|
|poke|p1|Snorlax, M|
|poke|p1|Venusaur, F|
|poke|p1|Dragonite, M|
|poke|p1|Golem, M|
|poke|p1|Arcanine, F|
|poke|p2|Iron Valiant|
|poke|p2|Samurott-Hisui, F|
|poke|p2|Dragonite, M|
|poke|p2|Pecharunt|
|poke|p2|Great Tusk|
|poke|p2|Kingambit, F|
|teampreview
|inactive|Battle timer is ON: inactive players will automatically lose when time's up. (requested by ASilentKingambitX)
|inactive|T-Garchomp has 120 seconds left.
|
|t:|1743810390
|start
|switch|p1a: Golem|Golem, M|100/100
|switch|p2a: Brah|Samurott-Hisui, F, shiny|100/100
|turn|1
|
|t:|1743810398
|move|p2a: Brah|Razor Shell|p1a: Golem
|-supereffective|p1a: Golem
|-ability|p1a: Golem|Sturdy
|-damage|p1a: Golem|1/100
|-unboost|p1a: Golem|def|1
|move|p1a: Golem|Stealth Rock|p2a: Brah
|-sidestart|p2: T-Garchomp|move: Stealth Rock
|
|upkeep
|turn|2
|-enditem|p1a: Golem|Custap Berry|[eat]
|-activate|p1a: Golem|item: Custap Berry|[consumed]
|
|t:|1743810405
|move|p1a: Golem|Explosion|p2a: Brah
|-damage|p2a: Brah|0 fnt
|faint|p1a: Golem
|faint|p2a: Brah
|
|upkeep
|
|t:|1743810416
|switch|p2a: Elephant|Great Tusk|100/100
|switch|p1a: Charizard|Charizard, M|100/100
|-damage|p2a: Elephant|98/100|[from] Stealth Rock
|turn|3
|
|t:|1743810421
|move|p1a: Charizard|Air Slash|p2a: Elephant
|-supereffective|p2a: Elephant
|-damage|p2a: Elephant|3/100
|move|p2a: Elephant|Stealth Rock|p1a: Charizard
|-sidestart|p1: ASilentKingambitX|move: Stealth Rock
|
|upkeep
|turn|4
|
|t:|1743810427
|move|p1a: Charizard|Air Slash|p2a: Elephant
|-supereffective|p2a: Elephant
|-damage|p2a: Elephant|0 fnt
|faint|p2a: Elephant
|-end|p2a: Elephant|Protosynthesis|[silent]
|
|upkeep
|
|t:|1743810436
|switch|p2a: Dragonite|Dragonite, M, shiny|100/100
|turn|5
|
|t:|1743810438
|move|p1a: Charizard|Air Slash|p2a: Dragonite
|-damage|p2a: Dragonite|84/100
|cant|p2a: Dragonite|flinch
|
|upkeep
|turn|6
|
|t:|1743810441
|move|p1a: Charizard|Air Slash|p2a: Dragonite
|-crit|p2a: Dragonite
|-damage|p2a: Dragonite|27/100
|cant|p2a: Dragonite|flinch
|
|upkeep
|turn|7
|
|t:|1743810445
|move|p1a: Charizard|Air Slash|p2a: Dragonite
|-damage|p2a: Dragonite|0 fnt
|faint|p2a: Dragonite
|
|upkeep
|-message|T-Garchomp forfeited.
|
|win|ASilentKingambitX
|raw|ASilentKingambitX's rating: 1337 &rarr; <strong>1355</strong><br />(+18 for winning)
|raw|T-Garchomp's rating: 1301 &rarr; <strong>1283</strong><br />(-18 for losing)
|l|☆T-Garchomp
|player|p2|
