|j|☆mala☆huju
|j|☆Chtipeper69
|t:|1743834436
|gametype|singles
|player|p1|mala☆huju|steven|1501
|player|p2|Chtipeper69|steven|1497
|teamsize|p1|6
|teamsize|p2|6
|gen|9
|tier|[Gen 9] OU
|rated|
|rule|HP Percentage Mod: HP is shown in percentages
|rule|Endless Battle Clause: Forcing endless battles is banned
|rule|Species Clause: Limit one of each Pokémon
|rule|OHKO Clause: OHKO moves are banned
|rule|Evasion Items Clause: Evasion items are banned
|rule|Evasion Moves Clause: Evasion moves are banned
|rule|Sleep Moves Clause: Sleep-inducing moves are banned
|clearpoke
|poke|p1|Kyurem|
|poke|p1|Corviknight, M|
|poke|p1|Slowking-Galar, F|
|poke|p1|Samurott-Hisui, F|
|poke|p1|Great Tusk|
|poke|p1|Sinistcha|
|poke|p2|Glimmora, M|
|poke|p2|Ogerpon-Wellspring, F|
|poke|p2|Dragonite, F|
|poke|p2|Zamazenta-*|
|poke|p2|Slowking-Galar, M|
|poke|p2|Primarina, F|
|teampreview
|inactive|Battle timer is ON: inactive players will automatically lose when time's up. (requested by Chtipeper69)
|c|☆mala☆huju|hf
|inactive|mala☆huju has 120 seconds left.
|
|t:|1743834474
|start
|switch|p1a: Samurott|Samurott-Hisui, F|100/100
|switch|p2a: Floréclat|Glimmora, M, shiny|100/100
|turn|1
|
|t:|1743834483
|move|p2a: Floréclat|Power Gem|p1a: Samurott
|-damage|p1a: Samurott|41/100
|move|p1a: Samurott|Ceaseless Edge|p2a: Floréclat
|-damage|p2a: Floréclat|47/100
|-activate|p2a: Floréclat|ability: Toxic Debris
|-sidestart|p1: mala☆huju|move: Toxic Spikes
|-sidestart|p2: Chtipeper69|Spikes
|
|upkeep
|turn|2
|
|t:|1743834500
|move|p2a: Floréclat|Power Gem|p1a: Samurott
|-damage|p1a: Samurott|0 fnt
|faint|p1a: Samurott
|
|upkeep
|
|t:|1743834504
|switch|p1a: Slowking|Slowking-Galar, F|100/100
|-sideend|p1: mala☆huju|move: Toxic Spikes|[of] p1a: Slowking
|turn|3
|
|t:|1743834510
|switch|p1a: Corviknight|Corviknight, M|100/100
|-ability|p1a: Corviknight|Pressure
|move|p2a: Floréclat|Mortal Spin|p1a: Corviknight
|-immune|p1a: Corviknight
|
|upkeep
|turn|4
|
|t:|1743834516
|move|p2a: Floréclat|Power Gem|p1a: Corviknight
|-damage|p1a: Corviknight|62/100
|move|p1a: Corviknight|Iron Defense|p1a: Corviknight
|-boost|p1a: Corviknight|def|2
|
|upkeep
|turn|5
|
|t:|1743834527
|move|p2a: Floréclat|Stealth Rock|p1a: Corviknight
|-sidestart|p1: mala☆huju|move: Stealth Rock
|move|p1a: Corviknight|Roost|p1a: Corviknight
|-heal|p1a: Corviknight|100/100
|-singleturn|p1a: Corviknight|move: Roost
|
|upkeep
|turn|6
|
|t:|1743834530
|move|p2a: Floréclat|Power Gem|p1a: Corviknight
|-damage|p1a: Corviknight|63/100
|move|p1a: Corviknight|Iron Defense|p1a: Corviknight
|-boost|p1a: Corviknight|def|2
|
|upkeep
|turn|7
|
|t:|1743834534
|move|p2a: Floréclat|Power Gem|p1a: Corviknight
|-damage|p1a: Corviknight|22/100
|move|p1a: Corviknight|Roost|p1a: Corviknight
|-heal|p1a: Corviknight|72/100
|-singleturn|p1a: Corviknight|move: Roost
|
|upkeep
|turn|8
|
|t:|1743834541
|move|p2a: Floréclat|Power Gem|p1a: Corviknight
|-damage|p1a: Corviknight|34/100
|move|p1a: Corviknight|Roost|p1a: Corviknight
|-heal|p1a: Corviknight|84/100
|-singleturn|p1a: Corviknight|move: Roost
|
|upkeep
|turn|9
|
|t:|1743834549
|move|p2a: Floréclat|Power Gem|p1a: Corviknight
|-damage|p1a: Corviknight|41/100
|move|p1a: Corviknight|Body Press|p2a: Floréclat
|-damage|p2a: Floréclat|0 fnt
|-activate|p2a: Floréclat|ability: Toxic Debris
|-sidestart|p1: mala☆huju|move: Toxic Spikes
|faint|p2a: Floréclat
|
|upkeep
|
|t:|1743834554
|switch|p2a: Roigada|Slowking-Galar, M, shiny|100/100
|-damage|p2a: Roigada|88/100|[from] Spikes
|turn|10
|
|t:|1743834558
|move|p1a: Corviknight|Roost|p1a: Corviknight
|-heal|p1a: Corviknight|91/100
|-singleturn|p1a: Corviknight|move: Roost
|move|p2a: Roigada|Flamethrower|p1a: Corviknight
|-supereffective|p1a: Corviknight
|-crit|p1a: Corviknight
|-damage|p1a: Corviknight|2/100
|
|upkeep
|turn|11
|
|t:|1743834571
|switch|p1a: Slowking|Slowking-Galar, F|100/100
|-sideend|p1: mala☆huju|move: Toxic Spikes|[of] p1a: Slowking
|move|p2a: Roigada|Flamethrower|p1a: Slowking
|-damage|p1a: Slowking|83/100
|
|upkeep
|turn|12
|
|t:|1743834577
|move|p2a: Roigada|Psyshock|p1a: Slowking
|-damage|p1a: Slowking|44/100
|move|p1a: Slowking|Future Sight|p2a: Roigada
|-start|p1a: Slowking|move: Future Sight
|
|upkeep
|turn|13
|
|t:|1743834584
|switch|p2a: Ogerpon|Ogerpon-Wellspring, F|100/100
|-damage|p2a: Ogerpon|88/100|[from] Spikes
|-prepare|p1a: Slowking|Chilly Reception|[premajor]
|move|p1a: Slowking|Chilly Reception|p1a: Slowking
|-weather|Snowscape
|
|t:|1743834591
|switch|p1a: Kyurem|Kyurem|100/100|[from] Chilly Reception
|-damage|p1a: Kyurem|75/100|[from] Stealth Rock
|-ability|p1a: Kyurem|Pressure
|
|-weather|Snowscape|[upkeep]
|-heal|p1a: Kyurem|82/100|[from] item: Leftovers
|upkeep
|turn|14
|
|t:|1743834598
|move|p2a: Ogerpon|Knock Off|p1a: Kyurem
|-damage|p1a: Kyurem|56/100
|-enditem|p1a: Kyurem|Leftovers|[from] move: Knock Off|[of] p2a: Ogerpon
|move|p1a: Kyurem|Freeze-Dry|p2a: Ogerpon
|-supereffective|p2a: Ogerpon
|-damage|p2a: Ogerpon|0 fnt
|faint|p2a: Ogerpon
|
|-weather|Snowscape|[upkeep]
|-hint|Future Sight did not hit because the target is fainted.
|upkeep
|
|t:|1743834613
|switch|p2a: Roigada|Slowking-Galar, M, shiny|100/100
|-damage|p2a: Roigada|88/100|[from] Spikes
|turn|15
|
|t:|1743834619
|move|p1a: Kyurem|Earth Power|p2a: Roigada
|-supereffective|p2a: Roigada
|-damage|p2a: Roigada|58/100
|move|p2a: Roigada|Flamethrower|p1a: Kyurem
|-damage|p1a: Kyurem|28/100
|-status|p1a: Kyurem|brn
|
|-weather|Snowscape|[upkeep]
|-damage|p1a: Kyurem|22/100 brn|[from] brn
|upkeep
|turn|16
|
|t:|1743834637
|switch|p2a: Oratoria|Primarina, F, shiny|100/100
|-damage|p2a: Oratoria|88/100|[from] Spikes
|move|p1a: Kyurem|Earth Power|p2a: Oratoria
|-damage|p2a: Oratoria|59/100
|
|-weather|Snowscape|[upkeep]
|-heal|p2a: Oratoria|66/100|[from] item: Leftovers
|-damage|p1a: Kyurem|16/100 brn|[from] brn
|upkeep
|turn|17
|
|t:|1743834648
|switch|p2a: Roigada|Slowking-Galar, M, shiny|91/100
|-damage|p2a: Roigada|79/100|[from] Spikes
|move|p1a: Kyurem|Freeze-Dry|p2a: Roigada
|-damage|p2a: Roigada|61/100
|
|-weather|none
|-damage|p1a: Kyurem|10/100 brn|[from] brn
|upkeep
|turn|18
|
|t:|1743834660
|move|p1a: Kyurem|Earth Power|p2a: Roigada
|-supereffective|p2a: Roigada
|-damage|p2a: Roigada|30/100
|move|p2a: Roigada|Ice Beam|p1a: Kyurem
|-damage|p1a: Kyurem|0 fnt
|faint|p1a: Kyurem
|
|upkeep
|
|t:|1743834666
|switch|p1a: Great Tusk|Great Tusk|100/100
|-damage|p1a: Great Tusk|97/100|[from] Stealth Rock
|turn|19
|
|t:|1743834679
|switch|p2a: Dracolosse|Dragonite, F|100/100
|move|p1a: Great Tusk|Headlong Rush|p2a: Dracolosse
|-immune|p2a: Dracolosse
|
|upkeep
|turn|20
|
|t:|1743834690
|move|p1a: Great Tusk|Rapid Spin|p2a: Dracolosse
|-damage|p2a: Dracolosse|92/100
|-boost|p1a: Great Tusk|spe|1
|-sideend|p1: mala☆huju|Stealth Rock|[from] move: Rapid Spin|[of] p1a: Great Tusk
|move|p2a: Dracolosse|Ice Spinner|p1a: Great Tusk
|-supereffective|p1a: Great Tusk
|-damage|p1a: Great Tusk|55/100
|-damage|p2a: Dracolosse|75/100|[from] item: Rocky Helmet|[of] p1a: Great Tusk
|
|upkeep
|turn|21
|
|t:|1743834702
|switch|p2a: Oratoria|Primarina, F, shiny|66/100
|-damage|p2a: Oratoria|53/100|[from] Spikes
|move|p1a: Great Tusk|Ice Spinner|p2a: Oratoria
|-resisted|p2a: Oratoria
|-damage|p2a: Oratoria|36/100
|
|-heal|p2a: Oratoria|43/100|[from] item: Leftovers
|upkeep
|turn|22
|
|t:|1743834708
|move|p1a: Great Tusk|Headlong Rush|p2a: Oratoria
|-damage|p2a: Oratoria|0 fnt
|-unboost|p1a: Great Tusk|def|1
|-unboost|p1a: Great Tusk|spd|1
|faint|p2a: Oratoria
|
|upkeep
|
|t:|1743834718
|switch|p2a: Dracolosse|Dragonite, F|75/100
|turn|23
|
|t:|1743834722
|move|p2a: Dracolosse|Extreme Speed|p1a: Great Tusk
|-damage|p1a: Great Tusk|23/100
|-damage|p2a: Dracolosse|59/100|[from] item: Rocky Helmet|[of] p1a: Great Tusk
|move|p1a: Great Tusk|Ice Spinner|p2a: Dracolosse
|-supereffective|p2a: Dracolosse
|-damage|p2a: Dracolosse|0 fnt
|faint|p2a: Dracolosse
|
|upkeep
|
|t:|1743834730
|switch|p2a: Zamazenta|Zamazenta|100/100
|-damage|p2a: Zamazenta|88/100|[from] Spikes
|-ability|p2a: Zamazenta|Dauntless Shield|boost
|-boost|p2a: Zamazenta|def|1
|turn|24
|c|☆mala☆huju|gg
|
|t:|1743834752
|move|p1a: Great Tusk|Stealth Rock|p2a: Zamazenta
|-sidestart|p2: Chtipeper69|move: Stealth Rock
|move|p2a: Zamazenta|Crunch|p1a: Great Tusk
|-resisted|p1a: Great Tusk
|-damage|p1a: Great Tusk|13/100
|-damage|p2a: Zamazenta|72/100|[from] item: Rocky Helmet|[of] p1a: Great Tusk
|
|-heal|p2a: Zamazenta|78/100|[from] item: Leftovers
|upkeep
|turn|25
|
|t:|1743834762
|move|p1a: Great Tusk|Headlong Rush|p2a: Zamazenta
|-damage|p2a: Zamazenta|54/100
|-unboost|p1a: Great Tusk|def|1
|-unboost|p1a: Great Tusk|spd|1
|move|p2a: Zamazenta|Body Press|p1a: Great Tusk
|-damage|p1a: Great Tusk|0 fnt
|-damage|p2a: Zamazenta|37/100|[from] item: Rocky Helmet|[of] p1a: Great Tusk
|faint|p1a: Great Tusk
|-end|p1a: Great Tusk|Protosynthesis|[silent]
|
|-heal|p2a: Zamazenta|43/100|[from] item: Leftovers
|upkeep
|
|t:|1743834767
|switch|p1a: Sinistcha|Sinistcha|100/100
|turn|26
|
|t:|1743834770
|move|p2a: Zamazenta|Crunch|p1a: Sinistcha
|-supereffective|p1a: Sinistcha
|-damage|p1a: Sinistcha|71/100
|-unboost|p1a: Sinistcha|def|1
|move|p1a: Sinistcha|Strength Sap|p2a: Zamazenta
|-unboost|p2a: Zamazenta|atk|1
|-heal|p1a: Sinistcha|100/100
|
|-heal|p2a: Zamazenta|49/100|[from] item: Leftovers
|upkeep
|turn|27
|
|t:|1743834777
|move|p1a: Sinistcha|Matcha Gotcha|p2a: Zamazenta
|-damage|p2a: Zamazenta|24/100
|move|p2a: Zamazenta|Roar|p1a: Sinistcha
|drag|p1a: Corviknight|Corviknight, M|2/100
|-ability|p1a: Corviknight|Pressure
|
|-heal|p2a: Zamazenta|31/100|[from] item: Leftovers
|upkeep
|turn|28
|
|t:|1743834784
|move|p2a: Zamazenta|Crunch|p1a: Corviknight
|-damage|p1a: Corviknight|0 fnt
|faint|p1a: Corviknight
|
|-heal|p2a: Zamazenta|37/100|[from] item: Leftovers
|upkeep
|
|t:|1743834790
|switch|p1a: Slowking|Slowking-Galar, F|78/100
|turn|29
|
|t:|1743834797
|move|p2a: Zamazenta|Crunch|p1a: Slowking
|-supereffective|p1a: Slowking
|-damage|p1a: Slowking|47/100
|move|p1a: Slowking|Future Sight|p2a: Zamazenta
|-start|p1a: Slowking|move: Future Sight
|
|-heal|p2a: Zamazenta|43/100|[from] item: Leftovers
|upkeep
|turn|30
|
|t:|1743834802
|move|p2a: Zamazenta|Crunch|p1a: Slowking
|-supereffective|p1a: Slowking
|-damage|p1a: Slowking|18/100
|-prepare|p1a: Slowking|Chilly Reception|[premajor]
|move|p1a: Slowking|Chilly Reception|p1a: Slowking
|-weather|Snowscape
|
|t:|1743834807
|switch|p1a: Sinistcha|Sinistcha|100/100|[from] Chilly Reception
|
|-weather|Snowscape|[upkeep]
|-heal|p2a: Zamazenta|49/100|[from] item: Leftovers
|upkeep
|turn|31
|
|t:|1743834812
|move|p2a: Zamazenta|Crunch|p1a: Sinistcha
|-supereffective|p1a: Sinistcha
|-damage|p1a: Sinistcha|79/100
|-unboost|p1a: Sinistcha|def|1
|move|p1a: Sinistcha|Shadow Ball|p2a: Zamazenta
|-damage|p2a: Zamazenta|23/100
|
|-weather|Snowscape|[upkeep]
|-end|p2a: Zamazenta|move: Future Sight
|-supereffective|p2a: Zamazenta
|-damage|p2a: Zamazenta|0 fnt
|faint|p2a: Zamazenta
|upkeep
|
|t:|1743834815
|switch|p2a: Roigada|Slowking-Galar, M, shiny|63/100
|-damage|p2a: Roigada|51/100|[from] Spikes
|-damage|p2a: Roigada|39/100|[from] Stealth Rock
|turn|32
|
|t:|1743834824
|move|p1a: Sinistcha|Shadow Ball|p2a: Roigada
|-supereffective|p2a: Roigada
|-damage|p2a: Roigada|7/100
|move|p2a: Roigada|Ice Beam|p1a: Sinistcha
|-supereffective|p1a: Sinistcha
|-damage|p1a: Sinistcha|14/100
|
|-weather|Snowscape|[upkeep]
|upkeep
|turn|33
|
|t:|1743834828
|move|p1a: Sinistcha|Shadow Ball|p2a: Roigada
|-supereffective|p2a: Roigada
|-damage|p2a: Roigada|0 fnt
|faint|p2a: Roigada
|
|win|mala☆huju
|raw|mala☆huju's rating: 1501 &rarr; <strong>1521</strong><br />(+20 for winning)
|raw|Chtipeper69's rating: 1497 &rarr; <strong>1477</strong><br />(-20 for losing)
|l|☆Chtipeper69
|player|p2|
|l|☆mala☆huju
|player|p1|
