|j|☆andreharris
|j|☆Xwipe Serious
|t:|1743876889
|gametype|singles
|player|p1|andreharris|palmer|1696
|player|p2|Xwipe Serious|plasmagrunt|1707
|teamsize|p1|6
|teamsize|p2|6
|gen|9
|tier|[Gen 9] OU
|rated|
|rule|HP Percentage Mod: HP is shown in percentages
|rule|Endless Battle Clause: Forcing endless battles is banned
|rule|Species Clause: Limit one of each Pokémon
|rule|OHKO Clause: OHKO moves are banned
|rule|Evasion Items Clause: Evasion items are banned
|rule|Evasion Moves Clause: Evasion moves are banned
|rule|Sleep Moves Clause: Sleep-inducing moves are banned
|clearpoke
|poke|p1|Toxtricity, F|
|poke|p1|Kingambit, F|
|poke|p1|Enamorus, F|
|poke|p1|Samurott-Hisui, F|
|poke|p1|Great Tusk|
|poke|p1|Sinistcha|
|poke|p2|Kingambit, F|
|poke|p2|Garchomp, F|
|poke|p2|Dragonite, M|
|poke|p2|Ogerpon-Wellspring, F|
|poke|p2|Gholdengo|
|poke|p2|Samurott-Hisui, M|
|teampreview
|
|t:|1743876901
|start
|switch|p1a: Toxtricity|Toxtricity, F|100/100
|switch|p2a: do not spin|Garchomp, F|100/100
|turn|1
|inactive|Battle timer is ON: inactive players will automatically lose when time's up. (requested by Xwipe Serious)
|
|t:|1743876914
|switch|p1a: Great Tusk|Great Tusk|100/100
|-enditem|p1a: Great Tusk|Booster Energy
|-activate|p1a: Great Tusk|ability: Protosynthesis|[fromitem]
|-start|p1a: Great Tusk|protosynthesisatk
|move|p2a: do not spin|Stone Edge|p1a: Great Tusk
|-resisted|p1a: Great Tusk
|-damage|p1a: Great Tusk|95/100
|
|upkeep
|turn|2
|
|t:|1743876923
|-terastallize|p2a: do not spin|Fairy
|move|p2a: do not spin|Stealth Rock|p1a: Great Tusk
|-sidestart|p1: andreharris|move: Stealth Rock
|move|p1a: Great Tusk|Ice Spinner|p2a: do not spin
|-damage|p2a: do not spin|64/100
|-damage|p1a: Great Tusk|83/100|[from] ability: Rough Skin|[of] p2a: do not spin
|-damage|p1a: Great Tusk|66/100|[from] item: Rocky Helmet|[of] p2a: do not spin
|
|upkeep
|turn|3
|
|t:|1743876929
|move|p2a: do not spin|Draco Meteor|p1a: Great Tusk
|-damage|p1a: Great Tusk|0 fnt
|-unboost|p2a: do not spin|spa|2
|faint|p1a: Great Tusk
|-end|p1a: Great Tusk|Protosynthesis|[silent]
|
|upkeep
|
|t:|1743876949
|switch|p1a: Toxtricity|Toxtricity, F|100/100
|-damage|p1a: Toxtricity|88/100|[from] Stealth Rock
|turn|4
|
|t:|1743876953
|move|p1a: Toxtricity|Overdrive|p2a: do not spin
|-damage|p2a: do not spin|0 fnt
|faint|p2a: do not spin
|
|upkeep
|
|t:|1743876965
|switch|p2a: Armani style|Kingambit, F|100/100
|-activate|p2a: Armani style|ability: Supreme Overlord
|-start|p2a: Armani style|fallen1|[silent]
|turn|5
|
|t:|1743876973
|move|p1a: Toxtricity|Overdrive|p2a: Armani style
|-damage|p2a: Armani style|60/100
|move|p2a: Armani style|Kowtow Cleave|p1a: Toxtricity
|-damage|p1a: Toxtricity|13/100
|
|upkeep
|turn|6
|
|t:|1743876982
|switch|p1a: Kingambit|Kingambit, F|100/100
|-damage|p1a: Kingambit|94/100|[from] Stealth Rock
|-activate|p1a: Kingambit|ability: Supreme Overlord
|-start|p1a: Kingambit|fallen1|[silent]
|-item|p1a: Kingambit|Air Balloon
|move|p2a: Armani style|Low Kick|p1a: Kingambit
|-supereffective|p1a: Kingambit
|-damage|p1a: Kingambit|0 fnt
|-enditem|p1a: Kingambit|Air Balloon
|faint|p1a: Kingambit
|-end|p1a: Kingambit|fallen1|[silent]
|
|upkeep
|
|t:|1743876986
|switch|p1a: Samurott|Samurott-Hisui, F|100/100
|-damage|p1a: Samurott|88/100|[from] Stealth Rock
|turn|7
|
|t:|1743876989
|-end|p2a: Armani style|fallen1|[silent]
|switch|p2a: Ogerpon|Ogerpon-Wellspring, F|100/100
|move|p1a: Samurott|Razor Shell|p2a: Ogerpon
|-immune|p2a: Ogerpon|[from] ability: Water Absorb
|
|upkeep
|turn|8
|
|t:|1743876996
|move|p2a: Ogerpon|Horn Leech|p1a: Samurott
|-supereffective|p1a: Samurott
|-damage|p1a: Samurott|0 fnt
|faint|p1a: Samurott
|
|upkeep
|
|t:|1743877001
|switch|p1a: Toxtricity|Toxtricity, F|13/100
|-damage|p1a: Toxtricity|0 fnt|[from] Stealth Rock
|faint|p1a: Toxtricity
|
|t:|1743877003
|switch|p1a: Sinistcha|Sinistcha|100/100
|-damage|p1a: Sinistcha|88/100|[from] Stealth Rock
|turn|9
|
|t:|1743877011
|switch|p2a: Kababoum|Dragonite, M|100/100
|move|p1a: Sinistcha|Calm Mind|p1a: Sinistcha
|-boost|p1a: Sinistcha|spa|1
|-boost|p1a: Sinistcha|spd|1
|
|-heal|p1a: Sinistcha|94/100|[from] item: Leftovers
|upkeep
|turn|10
|
|t:|1743877015
|move|p2a: Kababoum|Fire Punch|p1a: Sinistcha
|-supereffective|p1a: Sinistcha
|-damage|p1a: Sinistcha|62/100
|move|p1a: Sinistcha|Matcha Gotcha|p2a: Kababoum
|-resisted|p2a: Kababoum
|-damage|p2a: Kababoum|95/100
|-heal|p1a: Sinistcha|66/100|[from] drain|[of] p2a: Kababoum
|
|-heal|p1a: Sinistcha|72/100|[from] item: Leftovers
|upkeep
|turn|11
|
|t:|1743877019
|move|p2a: Kababoum|Fire Punch|p1a: Sinistcha
|-supereffective|p1a: Sinistcha
|-damage|p1a: Sinistcha|43/100
|-status|p1a: Sinistcha|brn
|move|p1a: Sinistcha|Strength Sap|p2a: Kababoum
|-unboost|p2a: Kababoum|atk|1
|-heal|p1a: Sinistcha|100/100 brn
|
|-damage|p1a: Sinistcha|98/100 brn|[from] brn
|upkeep
|turn|12
|
|t:|1743877023
|switch|p2a: Samurott|Samurott-Hisui, M|100/100
|move|p1a: Sinistcha|Calm Mind|p1a: Sinistcha
|-boost|p1a: Sinistcha|spa|1
|-boost|p1a: Sinistcha|spd|1
|
|-heal|p1a: Sinistcha|100/100 brn|[from] item: Leftovers
|-damage|p1a: Sinistcha|98/100 brn|[from] brn
|upkeep
|turn|13
|
|t:|1743877026
|move|p2a: Samurott|Encore|p1a: Sinistcha
|-start|p1a: Sinistcha|Encore
|move|p1a: Sinistcha|Calm Mind|p1a: Sinistcha
|-boost|p1a: Sinistcha|spa|1
|-boost|p1a: Sinistcha|spd|1
|
|-heal|p1a: Sinistcha|100/100 brn|[from] item: Leftovers
|-damage|p1a: Sinistcha|98/100 brn|[from] brn
|upkeep
|turn|14
|
|t:|1743877029
|switch|p1a: Enamorus|Enamorus, F|100/100
|-damage|p1a: Enamorus|76/100|[from] Stealth Rock
|move|p2a: Samurott|Ceaseless Edge|p1a: Enamorus
|-resisted|p1a: Enamorus
|-damage|p1a: Enamorus|39/100
|-sidestart|p1: andreharris|Spikes
|
|upkeep
|turn|15
|
|t:|1743877035
|switch|p2a: Kababoum|Dragonite, M|95/100
|move|p1a: Enamorus|Moonblast|p2a: Kababoum
|-supereffective|p2a: Kababoum
|-damage|p2a: Kababoum|0 fnt
|faint|p2a: Kababoum
|
|upkeep
|
|t:|1743877038
|switch|p2a: Gholdengo|Gholdengo|100/100
|-item|p2a: Gholdengo|Air Balloon
|turn|16
|
|t:|1743877045
|move|p1a: Enamorus|Moonblast|p2a: Gholdengo
|-resisted|p2a: Gholdengo
|-damage|p2a: Gholdengo|75/100
|-enditem|p2a: Gholdengo|Air Balloon
|move|p2a: Gholdengo|Nasty Plot|p2a: Gholdengo
|-boost|p2a: Gholdengo|spa|2
|
|upkeep
|turn|17
|
|t:|1743877057
|switch|p1a: Sinistcha|Sinistcha|98/100 brn
|-damage|p1a: Sinistcha|85/100 brn|[from] Stealth Rock
|-damage|p1a: Sinistcha|73/100 brn|[from] Spikes
|move|p2a: Gholdengo|Shadow Ball|p1a: Sinistcha
|-supereffective|p1a: Sinistcha
|-damage|p1a: Sinistcha|0 fnt
|faint|p1a: Sinistcha
|
|upkeep
|
|t:|1743877059
|switch|p1a: Enamorus|Enamorus, F|39/100
|-damage|p1a: Enamorus|14/100|[from] Stealth Rock
|turn|18
|
|t:|1743877062
|-terastallize|p1a: Enamorus|Ground
|move|p1a: Enamorus|Earth Power|p2a: Gholdengo
|-supereffective|p2a: Gholdengo
|-damage|p2a: Gholdengo|0 fnt
|faint|p2a: Gholdengo
|
|upkeep
|
|t:|1743877064
|switch|p2a: Ogerpon|Ogerpon-Wellspring, F|100/100
|turn|19
|-message|andreharris forfeited.
|
|win|Xwipe Serious
|raw|andreharris's rating: 1696 &rarr; <strong>1677</strong><br />(-19 for losing)
|raw|Xwipe Serious's rating: 1707 &rarr; <strong>1726</strong><br />(+19 for winning)
|l|☆andreharris
|player|p1|
|l|☆Xwipe Serious
|player|p2|
