|j|☆Ballsfarting12345
|j|☆Mig_04
|t:|1743913099
|gametype|singles
|player|p1|Ballsfarting12345|102|1077
|player|p2|Mig_04|266|1133
|teamsize|p1|6
|teamsize|p2|6
|gen|9
|tier|[Gen 9] OU
|rated|
|rule|HP Percentage Mod: HP is shown in percentages
|rule|Endless Battle Clause: Forcing endless battles is banned
|rule|Species Clause: Limit one of each Pokémon
|rule|OHKO Clause: OHKO moves are banned
|rule|Evasion Items Clause: Evasion items are banned
|rule|Evasion Moves Clause: Evasion moves are banned
|rule|Sleep Moves Clause: Sleep-inducing moves are banned
|clearpoke
|poke|p1|Raging Bolt|
|poke|p1|Salamence, F|
|poke|p1|Deoxys-Speed|
|poke|p1|Kyurem|
|poke|p1|Gholdengo|
|poke|p1|Dragonite, M|
|poke|p2|Kyurem|
|poke|p2|Sinistcha|
|poke|p2|Galvantula, F|
|poke|p2|Talonflame, M|
|poke|p2|Glimmora, M|
|poke|p2|Walking Wake|
|teampreview
|inactive|Battle timer is ON: inactive players will automatically lose when time's up. (requested by Ballsfarting12345)
|
|t:|1743913122
|start
|switch|p1a: Deoxys|Deoxys-Speed|100/100
|switch|p2a: Glimmora|Glimmora, M|100/100
|-ability|p1a: Deoxys|Pressure
|-item|p2a: Glimmora|Air Balloon
|turn|1
|
|t:|1743913132
|-terastallize|p2a: Glimmora|Rock
|move|p1a: Deoxys|Taunt|p2a: Glimmora
|-start|p2a: Glimmora|move: Taunt
|cant|p2a: Glimmora|move: Taunt|Toxic
|
|upkeep
|turn|2
|
|t:|1743913142
|move|p1a: Deoxys|Psychic Noise|p2a: Glimmora
|-damage|p2a: Glimmora|56/100
|-start|p2a: Glimmora|move: Heal Block
|-enditem|p2a: Glimmora|Air Balloon
|move|p2a: Glimmora|Mortal Spin|p1a: Deoxys
|-damage|p1a: Deoxys|91/100
|-status|p1a: Deoxys|psn
|
|-damage|p1a: Deoxys|78/100 psn|[from] psn
|upkeep
|turn|3
|
|t:|1743913164
|move|p1a: Deoxys|Psychic Noise|p2a: Glimmora
|-damage|p2a: Glimmora|10/100
|move|p2a: Glimmora|Sludge Wave|p1a: Deoxys
|-damage|p1a: Deoxys|10/100 psn
|
|-damage|p1a: Deoxys|0 fnt|[from] psn
|faint|p1a: Deoxys
|-end|p2a: Glimmora|move: Taunt
|-end|p2a: Glimmora|move: Heal Block
|upkeep
|
|t:|1743913172
|switch|p1a: Salamence|Salamence, F|100/100
|turn|4
|
|t:|1743913188
|move|p1a: Salamence|Earthquake|p2a: Glimmora
|-supereffective|p2a: Glimmora
|-damage|p2a: Glimmora|0 fnt
|faint|p2a: Glimmora
|-ability|p1a: Salamence|Moxie|boost
|-boost|p1a: Salamence|atk|1
|
|upkeep
|
|t:|1743913194
|switch|p2a: Galvantula|Galvantula, F|100/100
|turn|5
|
|t:|1743913199
|switch|p1a: Raging Bolt|Raging Bolt|100/100
|-enditem|p1a: Raging Bolt|Booster Energy
|-activate|p1a: Raging Bolt|ability: Protosynthesis|[fromitem]
|-start|p1a: Raging Bolt|protosynthesisspa
|move|p2a: Galvantula|Thunder Wave|p1a: Raging Bolt
|-immune|p1a: Raging Bolt
|
|upkeep
|turn|6
|
|t:|1743913211
|move|p2a: Galvantula|Sticky Web|p1a: Raging Bolt
|-sidestart|p1: Ballsfarting12345|move: Sticky Web
|move|p1a: Raging Bolt|Calm Mind|p1a: Raging Bolt
|-boost|p1a: Raging Bolt|spa|1
|-boost|p1a: Raging Bolt|spd|1
|
|upkeep
|turn|7
|
|t:|1743913219
|switch|p2a: Kyurem|Kyurem|100/100
|-ability|p2a: Kyurem|Pressure
|move|p1a: Raging Bolt|Calm Mind|p1a: Raging Bolt
|-boost|p1a: Raging Bolt|spa|1
|-boost|p1a: Raging Bolt|spd|1
|
|upkeep
|turn|8
|
|t:|1743913230
|move|p2a: Kyurem|Icicle Spear|p1a: Raging Bolt
|-supereffective|p1a: Raging Bolt
|-damage|p1a: Raging Bolt|80/100
|-supereffective|p1a: Raging Bolt
|-damage|p1a: Raging Bolt|60/100
|-supereffective|p1a: Raging Bolt
|-damage|p1a: Raging Bolt|41/100
|-supereffective|p1a: Raging Bolt
|-damage|p1a: Raging Bolt|19/100
|-hitcount|p1a: Raging Bolt|4
|move|p1a: Raging Bolt|Dragon Pulse|p2a: Kyurem
|-supereffective|p2a: Kyurem
|-damage|p2a: Kyurem|0 fnt
|faint|p2a: Kyurem
|
|upkeep
|
|t:|1743913245
|switch|p2a: Walking Wake|Walking Wake|100/100
|turn|9
|
|t:|1743913250
|move|p1a: Raging Bolt|Thunderclap|p2a: Walking Wake
|-damage|p2a: Walking Wake|0 fnt
|faint|p2a: Walking Wake
|-end|p2a: Walking Wake|Protosynthesis|[silent]
|
|upkeep
|
|t:|1743913259
|switch|p2a: Sinistcha|Sinistcha|100/100
|turn|10
|
|t:|1743913265
|move|p1a: Raging Bolt|Dragon Pulse|p2a: Sinistcha
|-damage|p2a: Sinistcha|0 fnt
|faint|p2a: Sinistcha
|
|upkeep
|
|t:|1743913270
|switch|p2a: Galvantula|Galvantula, F|100/100
|turn|11
|
|t:|1743913280
|move|p1a: Raging Bolt|Thunderclap|p2a: Galvantula
|-resisted|p2a: Galvantula
|-enditem|p2a: Galvantula|Focus Sash
|-damage|p2a: Galvantula|1/100
|move|p2a: Galvantula|Energy Ball|p1a: Raging Bolt
|-resisted|p1a: Raging Bolt
|-damage|p1a: Raging Bolt|12/100
|
|upkeep
|turn|12
|
|t:|1743913291
|move|p2a: Galvantula|Discharge|p1a: Raging Bolt
|-resisted|p1a: Raging Bolt
|-crit|p1a: Raging Bolt
|-damage|p1a: Raging Bolt|1/100
|move|p1a: Raging Bolt|Thunderbolt|p2a: Galvantula
|-resisted|p2a: Galvantula
|-damage|p2a: Galvantula|0 fnt
|faint|p2a: Galvantula
|
|upkeep
|
|t:|1743913300
|switch|p2a: Talonflame|Talonflame, M|100/100
|turn|13
|
|t:|1743913309
|move|p1a: Raging Bolt|Thunderclap|p2a: Talonflame
|-supereffective|p2a: Talonflame
|-damage|p2a: Talonflame|0 fnt
|faint|p2a: Talonflame
|
|win|Ballsfarting12345
|raw|Ballsfarting12345's rating: 1077 &rarr; <strong>1110</strong><br />(+33 for winning)
|raw|Mig_04's rating: 1133 &rarr; <strong>1104</strong><br />(-29 for losing)
|l|☆Mig_04
|player|p2|
|l|☆Ballsfarting12345
|player|p1|
