|j|☆shindig42
|j|☆OUZQ Kus
|t:|1743877545
|gametype|singles
|player|p1|shindig42|brycen|1496
|player|p2|OUZQ Kus|rosa-masters|1506
|teamsize|p1|6
|teamsize|p2|6
|gen|9
|tier|[Gen 9] OU
|rated|
|rule|HP Percentage Mod: HP is shown in percentages
|rule|Endless Battle Clause: Forcing endless battles is banned
|rule|Species Clause: Limit one of each Pokémon
|rule|OHKO Clause: OHKO moves are banned
|rule|Evasion Items Clause: Evasion items are banned
|rule|Evasion Moves Clause: Evasion moves are banned
|rule|Sleep Moves Clause: Sleep-inducing moves are banned
|clearpoke
|poke|p1|Pelipper, F|
|poke|p1|Barraskewda, F|
|poke|p1|Kingdra, M|
|poke|p1|Tornadus-Therian, M|
|poke|p1|Raging Bolt|
|poke|p1|Iron Treads|
|poke|p2|Dondozo, F|
|poke|p2|Decidueye-Hisui, F|
|poke|p2|Florges, F|
|poke|p2|Landorus-Therian, M|
|poke|p2|Dragapult, F|
|poke|p2|Iron Crown|
|teampreview
|inactive|Battle timer is ON: inactive players will automatically lose when time's up. (requested by shindig42)
|
|t:|1743877564
|start
|switch|p1a: Pelipper|Pelipper, F|100/100
|switch|p2a: Iron Crown|Iron Crown|100/100
|-weather|RainDance|[from] ability: Drizzle|[of] p1a: Pelipper
|turn|1
|
|t:|1743877572
|-end|p2a: Iron Crown|Quark Drive|[silent]
|switch|p2a: Decidueye|Decidueye-Hisui, F|100/100
|switch|p1a: Iron Treads|Iron Treads|100/100
|
|-weather|RainDance|[upkeep]
|upkeep
|turn|2
|
|t:|1743877577
|-end|p1a: Iron Treads|Quark Drive|[silent]
|switch|p1a: Tornadus|Tornadus-Therian, M|100/100
|move|p2a: Decidueye|Triple Arrows|p1a: Tornadus
|-resisted|p1a: Tornadus
|-crit|p1a: Tornadus
|-damage|p1a: Tornadus|55/100
|-unboost|p1a: Tornadus|def|1
|
|-weather|RainDance|[upkeep]
|upkeep
|turn|3
|
|t:|1743877587
|switch|p2a: Iron Crown|Iron Crown|100/100
|move|p1a: Tornadus|Bleakwind Storm|p2a: Iron Crown
|-resisted|p2a: Iron Crown
|-damage|p2a: Iron Crown|84/100
|-unboost|p2a: Iron Crown|spe|1
|
|-weather|RainDance|[upkeep]
|upkeep
|turn|4
|
|t:|1743877594
|move|p1a: Tornadus|U-turn|p2a: Iron Crown
|-damage|p2a: Iron Crown|70/100
|
|t:|1743877597
|switch|p1a: Iron Treads|Iron Treads|100/100|[from] U-turn
|move|p2a: Iron Crown|Future Sight|p1a: Iron Treads
|-start|p2a: Iron Crown|move: Future Sight
|
|-weather|RainDance|[upkeep]
|upkeep
|turn|5
|
|t:|1743877609
|-end|p2a: Iron Crown|Quark Drive|[silent]
|switch|p2a: Decidueye|Decidueye-Hisui, F|100/100
|move|p1a: Iron Treads|Stealth Rock|p2a: Decidueye
|-sidestart|p2: OUZQ Kus|move: Stealth Rock
|
|-weather|RainDance|[upkeep]
|upkeep
|turn|6
|
|t:|1743877614
|move|p1a: Iron Treads|Knock Off|p2a: Decidueye
|-resisted|p2a: Decidueye
|-damage|p2a: Decidueye|89/100
|-enditem|p2a: Decidueye|Scope Lens|[from] move: Knock Off|[of] p1a: Iron Treads
|move|p2a: Decidueye|Triple Arrows|p1a: Iron Treads
|-supereffective|p1a: Iron Treads
|-damage|p1a: Iron Treads|40/100
|-unboost|p1a: Iron Treads|def|1
|-enditem|p1a: Iron Treads|Eject Button
|
|t:|1743877624
|-end|p1a: Iron Treads|Quark Drive|[silent]
|switch|p1a: Tornadus|Tornadus-Therian, M|88/100
|
|-weather|RainDance|[upkeep]
|-end|p1a: Tornadus|move: Future Sight
|-damage|p1a: Tornadus|38/100
|upkeep
|turn|7
|
|t:|1743877632
|switch|p2a: Florges|Florges, F|100/100
|-damage|p2a: Florges|88/100|[from] Stealth Rock
|move|p1a: Tornadus|Bleakwind Storm|p2a: Florges
|-crit|p2a: Florges
|-damage|p2a: Florges|54/100
|
|-weather|RainDance|[upkeep]
|-heal|p2a: Florges|60/100|[from] item: Leftovers
|upkeep
|turn|8
|
|t:|1743877643
|move|p1a: Tornadus|Sludge Wave|p2a: Florges
|-supereffective|p2a: Florges
|-damage|p2a: Florges|30/100
|move|p2a: Florges|Wish|p2a: Florges
|
|-weather|none
|-heal|p2a: Florges|36/100|[from] item: Leftovers
|upkeep
|turn|9
|
|t:|1743877648
|move|p2a: Florges|Protect|p2a: Florges
|-singleturn|p2a: Florges|Protect
|move|p1a: Tornadus|U-turn|p2a: Florges
|-activate|p2a: Florges|move: Protect
|
|-heal|p2a: Florges|86/100|[from] move: Wish|[wisher] Florges
|-heal|p2a: Florges|92/100|[from] item: Leftovers
|upkeep
|turn|10
|
|t:|1743877650
|move|p1a: Tornadus|U-turn|p2a: Florges
|-resisted|p2a: Florges
|-damage|p2a: Florges|83/100
|
|t:|1743877654
|switch|p1a: Iron Treads|Iron Treads|40/100|[from] U-turn
|move|p2a: Florges|Wish|p2a: Florges
|
|-heal|p2a: Florges|89/100|[from] item: Leftovers
|upkeep
|turn|11
|
|t:|1743877660
|switch|p2a: Decidueye|Decidueye-Hisui, F|89/100
|-damage|p2a: Decidueye|83/100|[from] Stealth Rock
|move|p1a: Iron Treads|Knock Off|p2a: Decidueye
|-resisted|p2a: Decidueye
|-damage|p2a: Decidueye|75/100
|
|-heal|p2a: Decidueye|100/100|[from] move: Wish|[wisher] Florges
|upkeep
|turn|12
|
|t:|1743877676
|-end|p1a: Iron Treads|Quark Drive|[silent]
|switch|p1a: Pelipper|Pelipper, F|100/100
|-weather|RainDance|[from] ability: Drizzle|[of] p1a: Pelipper
|move|p2a: Decidueye|Defog|p1a: Pelipper
|-unboost|p1a: Pelipper|evasion|1
|-sideend|p2: OUZQ Kus|Stealth Rock|[from] move: Defog|[of] p2a: Decidueye
|
|-weather|RainDance|[upkeep]
|upkeep
|turn|13
|
|t:|1743877683
|switch|p2a: Iron Crown|Iron Crown|70/100
|move|p1a: Pelipper|Hurricane|p2a: Iron Crown
|-resisted|p2a: Iron Crown
|-damage|p2a: Iron Crown|57/100
|
|-weather|RainDance|[upkeep]
|upkeep
|turn|14
|
|t:|1743877690
|switch|p1a: Iron Treads|Iron Treads|40/100
|move|p2a: Iron Crown|Tachyon Cutter|p1a: Iron Treads
|-resisted|p1a: Iron Treads
|-damage|p1a: Iron Treads|25/100
|-resisted|p1a: Iron Treads
|-damage|p1a: Iron Treads|8/100
|-hitcount|p1a: Iron Treads|2
|
|-weather|RainDance|[upkeep]
|upkeep
|turn|15
|
|t:|1743877698
|-end|p2a: Iron Crown|Quark Drive|[silent]
|switch|p2a: Landorus|Landorus-Therian, M|100/100
|-ability|p2a: Landorus|Intimidate|boost
|-unboost|p1a: Iron Treads|atk|1
|move|p1a: Iron Treads|Knock Off|p2a: Landorus
|-damage|p2a: Landorus|85/100
|-damage|p1a: Iron Treads|0 fnt|[from] item: Rocky Helmet|[of] p2a: Landorus
|faint|p1a: Iron Treads
|-end|p1a: Iron Treads|Quark Drive|[silent]
|
|-weather|RainDance|[upkeep]
|upkeep
|
|t:|1743877708
|switch|p1a: Kingdra|Kingdra, M|100/100
|turn|16
|
|t:|1743877718
|switch|p2a: Decidueye|Decidueye-Hisui, F|100/100
|move|p1a: Kingdra|Ice Beam|p2a: Decidueye
|-supereffective|p2a: Decidueye
|-damage|p2a: Decidueye|38/100
|-damage|p1a: Kingdra|91/100|[from] item: Life Orb
|
|-weather|RainDance|[upkeep]
|upkeep
|turn|17
|
|t:|1743877725
|switch|p2a: Florges|Florges, F|89/100
|move|p1a: Kingdra|Ice Beam|p2a: Florges
|-damage|p2a: Florges|72/100
|-damage|p1a: Kingdra|81/100|[from] item: Life Orb
|
|-weather|RainDance|[upkeep]
|-heal|p2a: Florges|78/100|[from] item: Leftovers
|upkeep
|turn|18
|
|t:|1743877728
|move|p1a: Kingdra|Flip Turn|p2a: Florges
|-damage|p2a: Florges|34/100
|-damage|p1a: Kingdra|71/100|[from] item: Life Orb
|
|t:|1743877731
|switch|p1a: Barraskewda|Barraskewda, F|100/100|[from] Flip Turn
|move|p2a: Florges|Wish|p2a: Florges
|
|-weather|RainDance|[upkeep]
|-heal|p2a: Florges|40/100|[from] item: Leftovers
|upkeep
|turn|19
|
|t:|1743877738
|move|p2a: Florges|Protect|p2a: Florges
|-singleturn|p2a: Florges|Protect
|move|p1a: Barraskewda|Liquidation|p2a: Florges
|-activate|p2a: Florges|move: Protect
|
|-weather|none
|-heal|p2a: Florges|90/100|[from] move: Wish|[wisher] Florges
|-heal|p2a: Florges|96/100|[from] item: Leftovers
|upkeep
|turn|20
|
|t:|1743877749
|switch|p1a: Pelipper|Pelipper, F|100/100
|-weather|RainDance|[from] ability: Drizzle|[of] p1a: Pelipper
|switch|p2a: Dragapult|Dragapult, F|100/100
|
|-weather|RainDance|[upkeep]
|upkeep
|turn|21
|
|t:|1743877765
|switch|p1a: Raging Bolt|Raging Bolt|100/100
|move|p2a: Dragapult|Dragon Darts|p1a: Raging Bolt
|-supereffective|p1a: Raging Bolt
|-damage|p1a: Raging Bolt|68/100
|-anim|p2a: Dragapult|Dragon Darts|p1a: Raging Bolt
|-supereffective|p1a: Raging Bolt
|-damage|p1a: Raging Bolt|33/100
|
|-weather|RainDance|[upkeep]
|upkeep
|turn|22
|
|t:|1743877772
|move|p1a: Raging Bolt|Thunderclap|p2a: Dragapult
|-resisted|p2a: Dragapult
|-damage|p2a: Dragapult|55/100
|move|p2a: Dragapult|U-turn|p1a: Raging Bolt
|-damage|p1a: Raging Bolt|17/100
|
|t:|1743877778
|switch|p2a: Florges|Florges, F|96/100|[from] U-turn
|
|-weather|RainDance|[upkeep]
|-heal|p2a: Florges|100/100|[from] item: Leftovers
|upkeep
|turn|23
|
|t:|1743877783
|-end|p1a: Raging Bolt|Protosynthesis|[silent]
|switch|p1a: Barraskewda|Barraskewda, F|100/100
|move|p2a: Florges|Wish|p2a: Florges
|
|-weather|RainDance|[upkeep]
|upkeep
|turn|24
|
|t:|1743877788
|switch|p2a: Decidueye|Decidueye-Hisui, F|38/100
|move|p1a: Barraskewda|Liquidation|p2a: Decidueye
|-resisted|p2a: Decidueye
|-damage|p2a: Decidueye|0 fnt
|faint|p2a: Decidueye
|
|-weather|RainDance|[upkeep]
|upkeep
|
|t:|1743877795
|switch|p2a: Landorus|Landorus-Therian, M|85/100
|-ability|p2a: Landorus|Intimidate|boost
|-unboost|p1a: Barraskewda|atk|1
|turn|25
|
|t:|1743877798
|-terastallize|p2a: Landorus|Grass
|move|p1a: Barraskewda|Liquidation|p2a: Landorus
|-resisted|p2a: Landorus
|-damage|p2a: Landorus|51/100
|-damage|p1a: Barraskewda|84/100|[from] item: Rocky Helmet|[of] p2a: Landorus
|move|p2a: Landorus|Stealth Rock|p1a: Barraskewda
|-sidestart|p1: shindig42|move: Stealth Rock
|
|-weather|RainDance|[upkeep]
|upkeep
|turn|26
|
|t:|1743877801
|switch|p1a: Raging Bolt|Raging Bolt|17/100
|-damage|p1a: Raging Bolt|4/100|[from] Stealth Rock
|move|p2a: Landorus|U-turn|p1a: Raging Bolt
|-damage|p1a: Raging Bolt|0 fnt
|faint|p1a: Raging Bolt
|-end|p1a: Raging Bolt|Protosynthesis|[silent]
|
|t:|1743877809
|switch|p2a: Florges|Florges, F|100/100|[from] U-turn
|
|-weather|RainDance|[upkeep]
|upkeep
|
|t:|1743877816
|switch|p1a: Barraskewda|Barraskewda, F|84/100
|-damage|p1a: Barraskewda|72/100|[from] Stealth Rock
|turn|27
|
|t:|1743877820
|move|p2a: Florges|Protect|p2a: Florges
|-singleturn|p2a: Florges|Protect
|move|p1a: Barraskewda|Flip Turn|p2a: Florges
|-activate|p2a: Florges|move: Protect
|
|-weather|none
|upkeep
|turn|28
|
|t:|1743877824
|move|p1a: Barraskewda|Flip Turn|p2a: Florges
|-damage|p2a: Florges|39/100
|
|t:|1743877828
|switch|p1a: Pelipper|Pelipper, F|100/100|[from] Flip Turn
|-damage|p1a: Pelipper|76/100|[from] Stealth Rock
|-weather|RainDance|[from] ability: Drizzle|[of] p1a: Pelipper
|move|p2a: Florges|Wish|p2a: Florges
|
|-weather|RainDance|[upkeep]
|-heal|p2a: Florges|45/100|[from] item: Leftovers
|upkeep
|turn|29
|
|t:|1743877838
|move|p2a: Florges|Protect|p2a: Florges
|-singleturn|p2a: Florges|Protect
|move|p1a: Pelipper|Roost|p1a: Pelipper
|-heal|p1a: Pelipper|100/100
|-singleturn|p1a: Pelipper|move: Roost
|
|-weather|RainDance|[upkeep]
|-heal|p2a: Florges|95/100|[from] move: Wish|[wisher] Florges
|-heal|p2a: Florges|100/100|[from] item: Leftovers
|upkeep
|turn|30
|
|t:|1743877842
|move|p2a: Florges|Wish|p2a: Florges
|move|p1a: Pelipper|U-turn|p2a: Florges
|-resisted|p2a: Florges
|-damage|p2a: Florges|95/100
|
|t:|1743877845
|switch|p1a: Barraskewda|Barraskewda, F|72/100|[from] U-turn
|-damage|p1a: Barraskewda|60/100|[from] Stealth Rock
|
|-weather|RainDance|[upkeep]
|-heal|p2a: Florges|100/100|[from] item: Leftovers
|upkeep
|turn|31
|
|t:|1743877849
|switch|p2a: Landorus|Landorus-Therian, M, tera:Grass|51/100
|-ability|p2a: Landorus|Intimidate|boost
|-unboost|p1a: Barraskewda|atk|1
|move|p1a: Barraskewda|Liquidation|p2a: Landorus
|-resisted|p2a: Landorus
|-damage|p2a: Landorus|14/100
|-damage|p1a: Barraskewda|43/100|[from] item: Rocky Helmet|[of] p2a: Landorus
|
|-weather|RainDance|[upkeep]
|-heal|p2a: Landorus|61/100|[from] move: Wish|[wisher] Florges
|upkeep
|turn|32
|
|t:|1743877853
|switch|p1a: Tornadus|Tornadus-Therian, M|71/100
|-damage|p1a: Tornadus|47/100|[from] Stealth Rock
|move|p2a: Landorus|U-turn|p1a: Tornadus
|-resisted|p1a: Tornadus
|-crit|p1a: Tornadus
|-damage|p1a: Tornadus|24/100
|
|t:|1743877856
|switch|p2a: Dragapult|Dragapult, F|55/100|[from] U-turn
|
|-weather|RainDance|[upkeep]
|upkeep
|turn|33
|
|t:|1743877865
|move|p2a: Dragapult|Dragon Darts|p1a: Tornadus
|-damage|p1a: Tornadus|0 fnt
|faint|p1a: Tornadus
|
|-weather|RainDance|[upkeep]
|upkeep
|
|t:|1743877867
|switch|p1a: Kingdra|Kingdra, M|71/100
|-damage|p1a: Kingdra|58/100|[from] Stealth Rock
|turn|34
|
|t:|1743877874
|move|p1a: Kingdra|Flip Turn|p2a: Dragapult
|-resisted|p2a: Dragapult
|-damage|p2a: Dragapult|29/100
|-damage|p1a: Kingdra|48/100|[from] item: Life Orb
|
|t:|1743877878
|switch|p1a: Pelipper|Pelipper, F|100/100|[from] Flip Turn
|-damage|p1a: Pelipper|76/100|[from] Stealth Rock
|move|p2a: Dragapult|Dragon Darts|p1a: Pelipper
|-crit|p1a: Pelipper
|-damage|p1a: Pelipper|50/100
|-anim|p2a: Dragapult|Dragon Darts|p1a: Pelipper
|-damage|p1a: Pelipper|33/100
|
|-weather|RainDance|[upkeep]
|upkeep
|turn|35
|
|t:|1743877885
|switch|p1a: Kingdra|Kingdra, M|48/100
|-damage|p1a: Kingdra|36/100|[from] Stealth Rock
|move|p2a: Dragapult|Will-O-Wisp|p1a: Kingdra
|-status|p1a: Kingdra|brn
|
|-weather|none
|-damage|p1a: Kingdra|30/100 brn|[from] brn
|upkeep
|turn|36
|
|t:|1743877891
|move|p2a: Dragapult|Hex|p1a: Kingdra
|-damage|p1a: Kingdra|0 fnt
|faint|p1a: Kingdra
|
|upkeep
|
|t:|1743877892
|switch|p1a: Pelipper|Pelipper, F|33/100
|-damage|p1a: Pelipper|8/100|[from] Stealth Rock
|-weather|RainDance|[from] ability: Drizzle|[of] p1a: Pelipper
|turn|37
|
|t:|1743877894
|move|p2a: Dragapult|Hex|p1a: Pelipper
|-damage|p1a: Pelipper|0 fnt
|faint|p1a: Pelipper
|
|-weather|RainDance|[upkeep]
|upkeep
|
|t:|1743877895
|switch|p1a: Barraskewda|Barraskewda, F|43/100
|-damage|p1a: Barraskewda|31/100|[from] Stealth Rock
|turn|38
|
|t:|1743877899
|switch|p2a: Landorus|Landorus-Therian, M, tera:Grass|61/100
|-ability|p2a: Landorus|Intimidate|boost
|-unboost|p1a: Barraskewda|atk|1
|-terastallize|p1a: Barraskewda|Water
|move|p1a: Barraskewda|Liquidation|p2a: Landorus
|-resisted|p2a: Landorus
|-damage|p2a: Landorus|12/100
|-damage|p1a: Barraskewda|15/100|[from] item: Rocky Helmet|[of] p2a: Landorus
|
|-weather|RainDance|[upkeep]
|upkeep
|turn|39
|
|t:|1743877901
|switch|p2a: Dragapult|Dragapult, F|29/100
|move|p1a: Barraskewda|Liquidation|p2a: Dragapult
|-resisted|p2a: Dragapult
|-damage|p2a: Dragapult|0 fnt
|faint|p2a: Dragapult
|
|-weather|RainDance|[upkeep]
|upkeep
|
|t:|1743877902
|switch|p2a: Landorus|Landorus-Therian, M, tera:Grass|12/100
|-ability|p2a: Landorus|Intimidate|boost
|-unboost|p1a: Barraskewda|atk|1
|turn|40
|
|t:|1743877904
|move|p1a: Barraskewda|Liquidation|p2a: Landorus
|-resisted|p2a: Landorus
|-damage|p2a: Landorus|0 fnt
|-damage|p1a: Barraskewda|0 fnt|[from] item: Rocky Helmet|[of] p2a: Landorus
|faint|p2a: Landorus
|faint|p1a: Barraskewda
|
|win|OUZQ Kus
|raw|shindig42's rating: 1496 &rarr; <strong>1477</strong><br />(-19 for losing)
|raw|OUZQ Kus's rating: 1506 &rarr; <strong>1525</strong><br />(+19 for winning)
|l|☆shindig42
|player|p1|
|l|☆OUZQ Kus
|player|p2|
