|j|☆JoinNewStallCord
|j|☆Sleepy7634
|t:|1743927838
|gametype|singles
|player|p1|JoinNewStallCord|102|1276
|player|p2|Sleepy7634|koga|1249
|teamsize|p1|6
|teamsize|p2|6
|gen|9
|tier|[Gen 9] OU
|rated|
|rule|HP Percentage Mod: HP is shown in percentages
|rule|Endless Battle Clause: Forcing endless battles is banned
|rule|Species Clause: Limit one of each Pokémon
|rule|OHKO Clause: OHKO moves are banned
|rule|Evasion Items Clause: Evasion items are banned
|rule|Evasion Moves Clause: Evasion moves are banned
|rule|Sleep Moves Clause: Sleep-inducing moves are banned
|clearpoke
|poke|p1|Gliscor, F|
|poke|p1|Garganacl, M|
|poke|p1|Pecharunt|
|poke|p1|Ting-Lu|
|poke|p1|Zamazenta-*|
|poke|p1|Tinkaton, F|
|poke|p2|Garchomp, F|
|poke|p2|Rillaboom, M|
|poke|p2|Primarina, M|
|poke|p2|Tinkaton, F|
|poke|p2|Meowscarada, M|
|poke|p2|Dragapult, M|
|teampreview
|inactive|Battle timer is ON: inactive players will automatically lose when time's up. (requested by JoinNewStallCord)
|
|t:|1743927852
|start
|switch|p1a: Tinkaton|Tinkaton, F|100/100
|switch|p2a: Garchomp|Garchomp, F, shiny|100/100
|-ability|p1a: Tinkaton|Mold Breaker
|turn|1
|inactive|Sleepy7634 has 120 seconds left.
|
|t:|1743927886
|move|p1a: Tinkaton|Stealth Rock|p2a: Garchomp
|-sidestart|p2: Sleepy7634|move: Stealth Rock
|move|p2a: Garchomp|Earthquake|p1a: Tinkaton
|-supereffective|p1a: Tinkaton
|-damage|p1a: Tinkaton|7/100
|
|upkeep
|turn|2
|
|t:|1743927892
|switch|p1a: Gliscor|Gliscor, F|100/100
|move|p2a: Garchomp|Stealth Rock|p1a: Gliscor
|-sidestart|p1: JoinNewStallCord|move: Stealth Rock
|
|-status|p1a: Gliscor|tox|[from] item: Toxic Orb
|upkeep
|turn|3
|inactive|Sleepy7634 has 120 seconds left.
|
|t:|1743927909
|move|p1a: Gliscor|Swords Dance|p1a: Gliscor
|-boost|p1a: Gliscor|atk|2
|move|p2a: Garchomp|Dragon Tail|p1a: Gliscor
|-damage|p1a: Gliscor|81/100 tox
|drag|p1a: Pecharunt|Pecharunt|100/100
|
|upkeep
|turn|4
|inactive|Sleepy7634 has 120 seconds left.
|
|t:|1743927922
|move|p2a: Garchomp|Spikes|p1a: Pecharunt
|-sidestart|p1: JoinNewStallCord|Spikes
|move|p1a: Pecharunt|Malignant Chain|p2a: Garchomp
|-resisted|p2a: Garchomp
|-damage|p2a: Garchomp|87/100
|
|upkeep
|turn|5
|
|t:|1743927932
|switch|p2a: PP-Mitch|Tinkaton, F, shiny|100/100
|-damage|p2a: PP-Mitch|94/100|[from] Stealth Rock
|-item|p2a: PP-Mitch|Air Balloon
|move|p1a: Pecharunt|Parting Shot|p2a: PP-Mitch
|-unboost|p2a: PP-Mitch|atk|1
|-unboost|p2a: PP-Mitch|spa|1
|
|t:|1743927938
|switch|p1a: Gliscor|Gliscor, F|81/100 tox|[from] Parting Shot
|-damage|p1a: Gliscor|69/100 tox|[from] Stealth Rock
|
|-heal|p1a: Gliscor|81/100 tox|[from] ability: Poison Heal
|upkeep
|turn|6
|inactive|Sleepy7634 has 120 seconds left.
|
|t:|1743927960
|switch|p2a: Dragapult|Dragapult, M, shiny|100/100
|-damage|p2a: Dragapult|88/100|[from] Stealth Rock
|move|p1a: Gliscor|Knock Off|p2a: Dragapult
|-supereffective|p2a: Dragapult
|-damage|p2a: Dragapult|27/100
|-enditem|p2a: Dragapult|Choice Specs|[from] move: Knock Off|[of] p1a: Gliscor
|
|-heal|p1a: Gliscor|94/100 tox|[from] ability: Poison Heal
|upkeep
|turn|7
|inactive|Sleepy7634 has 120 seconds left.
|
|t:|1743927980
|move|p2a: Dragapult|Draco Meteor|p1a: Gliscor|[miss]
|-miss|p2a: Dragapult|p1a: Gliscor
|move|p1a: Gliscor|Knock Off|p2a: Dragapult
|-supereffective|p2a: Dragapult
|-damage|p2a: Dragapult|0 fnt
|faint|p2a: Dragapult
|
|-heal|p1a: Gliscor|100/100 tox|[from] ability: Poison Heal
|upkeep
|c|☆JoinNewStallCord|Sry
|
|t:|1743927991
|switch|p2a: Meowscarada|Meowscarada, M, shiny|100/100
|-damage|p2a: Meowscarada|88/100|[from] Stealth Rock
|turn|8
|
|t:|1743928004
|move|p1a: Gliscor|Protect|p1a: Gliscor
|-singleturn|p1a: Gliscor|Protect
|move|p2a: Meowscarada|Triple Axel|p1a: Gliscor
|-start|p2a: Meowscarada|typechange|Ice|[from] ability: Protean
|-activate|p1a: Gliscor|move: Protect
|
|upkeep
|turn|9
|
|t:|1743928017
|switch|p1a: Zamazenta|Zamazenta|100/100
|-ability|p1a: Zamazenta|Dauntless Shield|boost
|-boost|p1a: Zamazenta|def|1
|move|p2a: Meowscarada|Triple Axel|p1a: Zamazenta
|-damage|p1a: Zamazenta|95/100
|-damage|p1a: Zamazenta|84/100
|-damage|p1a: Zamazenta|65/100
|-hitcount|p1a: Zamazenta|3
|
|upkeep
|turn|10
|inactive|Sleepy7634 has 120 seconds left.
|
|t:|1743928029
|switch|p2a: Hannah Montana|Primarina, M, shiny|100/100
|-damage|p2a: Hannah Montana|88/100|[from] Stealth Rock
|move|p1a: Zamazenta|Close Combat|p2a: Hannah Montana
|-resisted|p2a: Hannah Montana
|-damage|p2a: Hannah Montana|48/100
|-unboost|p1a: Zamazenta|def|1
|-unboost|p1a: Zamazenta|spd|1
|
|upkeep
|turn|11
|inactive|Sleepy7634 has 120 seconds left.
|
|t:|1743928044
|switch|p1a: Tinkaton|Tinkaton, F|7/100
|-ability|p1a: Tinkaton|Mold Breaker
|move|p2a: Hannah Montana|Flip Turn|p1a: Tinkaton
|-damage|p1a: Tinkaton|0 fnt
|faint|p1a: Tinkaton
|
|t:|1743928060
|switch|p2a: Garchomp|Garchomp, F, shiny|87/100|[from] Flip Turn
|-damage|p2a: Garchomp|81/100|[from] Stealth Rock
|
|upkeep
|
|t:|1743928068
|switch|p1a: Zamazenta|Zamazenta|65/100
|turn|12
|
|t:|1743928079
|move|p1a: Zamazenta|Ice Fang|p2a: Garchomp
|-supereffective|p2a: Garchomp
|-damage|p2a: Garchomp|29/100
|-damage|p1a: Zamazenta|53/100|[from] ability: Rough Skin|[of] p2a: Garchomp
|-damage|p1a: Zamazenta|36/100|[from] item: Rocky Helmet|[of] p2a: Garchomp
|move|p2a: Garchomp|Dragon Tail|p1a: Zamazenta
|-damage|p1a: Zamazenta|13/100
|drag|p1a: Pecharunt|Pecharunt|100/100
|
|upkeep
|turn|13
|
|t:|1743928093
|switch|p2a: PP-Mitch|Tinkaton, F, shiny|94/100
|-damage|p2a: PP-Mitch|88/100|[from] Stealth Rock
|-item|p2a: PP-Mitch|Air Balloon
|move|p1a: Pecharunt|Hex|p2a: PP-Mitch
|-damage|p2a: PP-Mitch|71/100
|-enditem|p2a: PP-Mitch|Air Balloon
|
|upkeep
|turn|14
|
|t:|1743928113
|switch|p1a: Gliscor|Gliscor, F|100/100 tox
|-damage|p1a: Gliscor|88/100 tox|[from] Stealth Rock
|move|p2a: PP-Mitch|Gigaton Hammer|p1a: Gliscor
|-damage|p1a: Gliscor|53/100 tox
|
|-heal|p1a: Gliscor|66/100 tox|[from] ability: Poison Heal
|upkeep
|turn|15
|
|t:|1743928129
|switch|p2a: Questlove|Rillaboom, M, shiny|100/100
|-damage|p2a: Questlove|88/100|[from] Stealth Rock
|-fieldstart|move: Grassy Terrain|[from] ability: Grassy Surge|[of] p2a: Questlove
|move|p1a: Gliscor|Facade|p2a: Questlove
|-damage|p2a: Questlove|56/100
|
|-heal|p2a: Questlove|62/100|[from] Grassy Terrain
|-heal|p1a: Gliscor|78/100 tox|[from] ability: Poison Heal
|upkeep
|turn|16
|
|t:|1743928144
|move|p1a: Gliscor|Protect|p1a: Gliscor
|-singleturn|p1a: Gliscor|Protect
|move|p2a: Questlove|Knock Off|p1a: Gliscor
|-activate|p1a: Gliscor|move: Protect
|
|-heal|p2a: Questlove|68/100|[from] Grassy Terrain
|-heal|p1a: Gliscor|91/100 tox|[from] ability: Poison Heal
|upkeep
|turn|17
|
|t:|1743928153
|move|p2a: Questlove|Knock Off|p1a: Gliscor
|-damage|p1a: Gliscor|46/100 tox
|-enditem|p1a: Gliscor|Toxic Orb|[from] move: Knock Off|[of] p2a: Questlove
|move|p1a: Gliscor|Facade|p2a: Questlove
|-damage|p2a: Questlove|32/100
|
|-heal|p2a: Questlove|38/100|[from] Grassy Terrain
|-heal|p1a: Gliscor|59/100 tox|[from] ability: Poison Heal
|upkeep
|turn|18
|
|t:|1743928161
|switch|p2a: PP-Mitch|Tinkaton, F, shiny|71/100
|-damage|p2a: PP-Mitch|64/100|[from] Stealth Rock
|move|p1a: Gliscor|Facade|p2a: PP-Mitch
|-resisted|p2a: PP-Mitch
|-damage|p2a: PP-Mitch|48/100
|
|-heal|p2a: PP-Mitch|54/100|[from] Grassy Terrain
|-heal|p1a: Gliscor|71/100 tox|[from] ability: Poison Heal
|upkeep
|turn|19
|inactive|Sleepy7634 has 120 seconds left.
|
|t:|1743928189
|move|p2a: PP-Mitch|Encore|p1a: Gliscor
|-start|p1a: Gliscor|Encore
|move|p1a: Gliscor|Facade|p2a: PP-Mitch
|-resisted|p2a: PP-Mitch
|-damage|p2a: PP-Mitch|36/100
|
|-heal|p2a: PP-Mitch|42/100|[from] Grassy Terrain
|-heal|p1a: Gliscor|84/100 tox|[from] ability: Poison Heal
|-fieldend|move: Grassy Terrain
|upkeep
|turn|20
|
|t:|1743928204
|switch|p2a: Garchomp|Garchomp, F, shiny|29/100
|-damage|p2a: Garchomp|22/100|[from] Stealth Rock
|move|p1a: Gliscor|Facade|p2a: Garchomp
|-damage|p2a: Garchomp|3/100
|-damage|p1a: Gliscor|71/100 tox|[from] ability: Rough Skin|[of] p2a: Garchomp
|-damage|p1a: Gliscor|55/100 tox|[from] item: Rocky Helmet|[of] p2a: Garchomp
|
|-heal|p1a: Gliscor|67/100 tox|[from] ability: Poison Heal
|upkeep
|turn|21
|
|t:|1743928214
|move|p2a: Garchomp|Spikes|p1a: Gliscor
|-sidestart|p1: JoinNewStallCord|Spikes
|move|p1a: Gliscor|Facade|p2a: Garchomp
|-damage|p2a: Garchomp|0 fnt
|-damage|p1a: Gliscor|55/100 tox|[from] ability: Rough Skin|[of] p2a: Garchomp
|-damage|p1a: Gliscor|38/100 tox|[from] item: Rocky Helmet|[of] p2a: Garchomp
|faint|p2a: Garchomp
|
|-heal|p1a: Gliscor|51/100 tox|[from] ability: Poison Heal
|-end|p1a: Gliscor|Encore
|upkeep
|
|t:|1743928224
|switch|p2a: Meowscarada|Meowscarada, M, shiny|88/100
|-damage|p2a: Meowscarada|76/100|[from] Stealth Rock
|turn|22
|
|t:|1743928228
|move|p1a: Gliscor|Protect|p1a: Gliscor
|-singleturn|p1a: Gliscor|Protect
|move|p2a: Meowscarada|Flower Trick|p1a: Gliscor
|-start|p2a: Meowscarada|typechange|Grass|[from] ability: Protean
|-activate|p1a: Gliscor|move: Protect
|
|-heal|p1a: Gliscor|63/100 tox|[from] ability: Poison Heal
|upkeep
|turn|23
|
|t:|1743928236
|switch|p1a: Pecharunt|Pecharunt|100/100
|move|p2a: Meowscarada|Flower Trick|p1a: Pecharunt
|-resisted|p1a: Pecharunt
|-crit|p1a: Pecharunt
|-damage|p1a: Pecharunt|90/100
|
|upkeep
|turn|24
|
|t:|1743928249
|switch|p2a: PP-Mitch|Tinkaton, F, shiny|42/100
|-damage|p2a: PP-Mitch|36/100|[from] Stealth Rock
|move|p1a: Pecharunt|Parting Shot|p2a: PP-Mitch
|-unboost|p2a: PP-Mitch|atk|1
|-unboost|p2a: PP-Mitch|spa|1
|
|t:|1743928258
|switch|p1a: Gliscor|Gliscor, F|63/100 tox|[from] Parting Shot
|-damage|p1a: Gliscor|51/100 tox|[from] Stealth Rock
|
|-heal|p1a: Gliscor|63/100 tox|[from] ability: Poison Heal
|upkeep
|turn|25
|inactive|Sleepy7634 has 120 seconds left.
|
|t:|1743928266
|switch|p2a: Hannah Montana|Primarina, M, shiny|48/100
|-damage|p2a: Hannah Montana|36/100|[from] Stealth Rock
|move|p1a: Gliscor|Facade|p2a: Hannah Montana
|-damage|p2a: Hannah Montana|0 fnt
|faint|p2a: Hannah Montana
|
|-heal|p1a: Gliscor|76/100 tox|[from] ability: Poison Heal
|upkeep
|inactive|Sleepy7634 has 120 seconds left.
|
|t:|1743928272
|switch|p2a: Questlove|Rillaboom, M, shiny|38/100
|-damage|p2a: Questlove|26/100|[from] Stealth Rock
|-fieldstart|move: Grassy Terrain|[from] ability: Grassy Surge|[of] p2a: Questlove
|turn|26
|
|t:|1743928280
|switch|p2a: Meowscarada|Meowscarada, M, shiny|76/100
|-damage|p2a: Meowscarada|64/100|[from] Stealth Rock
|move|p1a: Gliscor|Protect||[still]
|-fail|p1a: Gliscor
|
|-heal|p2a: Meowscarada|70/100|[from] Grassy Terrain
|-heal|p1a: Gliscor|88/100 tox|[from] ability: Poison Heal
|upkeep
|turn|27
|
|t:|1743928292
|move|p1a: Gliscor|Protect|p1a: Gliscor
|-singleturn|p1a: Gliscor|Protect
|move|p2a: Meowscarada|Triple Axel|p1a: Gliscor
|-start|p2a: Meowscarada|typechange|Ice|[from] ability: Protean
|-activate|p1a: Gliscor|move: Protect
|
|-heal|p2a: Meowscarada|76/100|[from] Grassy Terrain
|-heal|p1a: Gliscor|100/100 tox|[from] ability: Poison Heal
|upkeep
|turn|28
|
|t:|1743928301
|switch|p2a: Questlove|Rillaboom, M, shiny|26/100
|-damage|p2a: Questlove|14/100|[from] Stealth Rock
|switch|p1a: Pecharunt|Pecharunt|90/100
|
|-heal|p2a: Questlove|20/100|[from] Grassy Terrain
|-heal|p1a: Pecharunt|96/100|[from] Grassy Terrain
|upkeep
|turn|29
|
|t:|1743928311
|switch|p1a: Gliscor|Gliscor, F|100/100 tox
|-damage|p1a: Gliscor|88/100 tox|[from] Stealth Rock
|move|p2a: Questlove|U-turn|p1a: Gliscor
|-resisted|p1a: Gliscor
|-damage|p1a: Gliscor|74/100 tox
|-message|Sleepy7634 forfeited.
|
|win|JoinNewStallCord
|raw|JoinNewStallCord's rating: 1276 &rarr; <strong>1299</strong><br />(+23 for winning)
|raw|Sleepy7634's rating: 1249 &rarr; <strong>1226</strong><br />(-23 for losing)
|l|☆Sleepy7634
|player|p2|
|c|☆JoinNewStallCord|gg
