|j|☆DizzyAnimations
|j|☆neeben
|t:|1743802858
|gametype|singles
|player|p1|DizzyAnimations|2|
|player|p2|neeben|steven|
|teamsize|p1|6
|teamsize|p2|6
|gen|9
|tier|[Gen 9] OU
|rule|HP Percentage Mod: HP is shown in percentages
|rule|Endless Battle Clause: Forcing endless battles is banned
|rule|Species Clause: Limit one of each Pokémon
|rule|OHKO Clause: OHKO moves are banned
|rule|Evasion Items Clause: Evasion items are banned
|rule|Evasion Moves Clause: Evasion moves are banned
|rule|Sleep Moves Clause: Sleep-inducing moves are banned
|clearpoke
|poke|p1|Iron Hands|
|poke|p1|Skeledirge, M|
|poke|p1|Swampert, F|
|poke|p1|Fezandipiti, M|
|poke|p1|Corviknight, M|
|poke|p1|Latios, M|
|poke|p2|Mamoswine, M|
|poke|p2|Sinistcha|
|poke|p2|Ogerpon-Wellspring, F|
|poke|p2|Raging Bolt|
|poke|p2|Cresselia, F|
|poke|p2|Glastrier|
|teampreview
|
|t:|1743802885
|start
|switch|p1a: Corviknight|Corviknight, M|100/100
|switch|p2a: Auron|Raging Bolt|100/100
|-ability|p1a: Corviknight|Pressure
|turn|1
|
|t:|1743802925
|move|p2a: Auron|Draco Meteor|p1a: Corviknight
|-resisted|p1a: Corviknight
|-damage|p1a: Corviknight|74/100
|-unboost|p2a: Auron|spa|2
|-enditem|p2a: Auron|Eject Pack
|
|t:|1743802943
|-end|p2a: Auron|Protosynthesis|[silent]
|switch|p2a: Jecht|Mamoswine, M|100/100
|move|p1a: Corviknight|Taunt|p2a: Jecht
|-start|p2a: Jecht|move: Taunt
|
|-heal|p1a: Corviknight|80/100|[from] item: Leftovers
|upkeep
|turn|2
|
|t:|1743802962
|move|p2a: Jecht|Knock Off|p1a: Corviknight
|-damage|p1a: Corviknight|50/100
|-enditem|p1a: Corviknight|Leftovers|[from] move: Knock Off|[of] p2a: Jecht
|move|p1a: Corviknight|Brave Bird|p2a: Jecht
|-damage|p2a: Jecht|65/100
|-damage|p1a: Corviknight|39/100|[from] Recoil
|
|upkeep
|turn|3
|
|t:|1743802976
|switch|p2a: Auron|Raging Bolt|100/100
|move|p1a: Corviknight|Roost|p1a: Corviknight
|-heal|p1a: Corviknight|89/100
|-singleturn|p1a: Corviknight|move: Roost
|
|upkeep
|turn|4
|
|t:|1743803027
|switch|p1a: Skeledirge|Skeledirge, M|100/100
|move|p2a: Auron|Volt Switch|p1a: Skeledirge
|-damage|p1a: Skeledirge|72/100
|
|t:|1743803039
|-end|p2a: Auron|Protosynthesis|[silent]
|switch|p2a: Jecht|Mamoswine, M|65/100|[from] Volt Switch
|
|-heal|p1a: Skeledirge|78/100|[from] item: Leftovers
|upkeep
|turn|5
|
|t:|1743803088
|switch|p1a: Corviknight|Corviknight, M|89/100
|-ability|p1a: Corviknight|Pressure
|move|p2a: Jecht|Earthquake|p1a: Corviknight
|-immune|p1a: Corviknight
|
|upkeep
|turn|6
|
|t:|1743803103
|switch|p2a: Lulu|Cresselia, F, shiny|100/100
|move|p1a: Corviknight|Brave Bird|p2a: Lulu
|-damage|p2a: Lulu|78/100
|-damage|p1a: Corviknight|81/100|[from] Recoil
|
|upkeep
|turn|7
|
|t:|1743803122
|move|p1a: Corviknight|Taunt|p2a: Lulu
|-start|p2a: Lulu|move: Taunt
|cant|p2a: Lulu|move: Taunt|Trick Room
|
|upkeep
|turn|8
|
|t:|1743803139
|switch|p2a: Auron|Raging Bolt|100/100
|move|p1a: Corviknight|Iron Defense|p1a: Corviknight
|-boost|p1a: Corviknight|def|2
|
|upkeep
|turn|9
|
|t:|1743803168
|switch|p1a: Iron Hands|Iron Hands|100/100
|-enditem|p1a: Iron Hands|Booster Energy
|-activate|p1a: Iron Hands|ability: Quark Drive|[fromitem]
|-start|p1a: Iron Hands|quarkdriveatk
|move|p2a: Auron|Volt Switch|p1a: Iron Hands
|-resisted|p1a: Iron Hands
|-damage|p1a: Iron Hands|82/100
|
|t:|1743803180
|-end|p2a: Auron|Protosynthesis|[silent]
|switch|p2a: Jecht|Mamoswine, M|65/100|[from] Volt Switch
|
|upkeep
|turn|10
|
|t:|1743803240
|-terastallize|p1a: Iron Hands|Fighting
|move|p2a: Jecht|Earthquake|p1a: Iron Hands
|-crit|p1a: Iron Hands
|-damage|p1a: Iron Hands|23/100
|move|p1a: Iron Hands|Close Combat|p2a: Jecht
|-supereffective|p2a: Jecht
|-damage|p2a: Jecht|0 fnt
|-unboost|p1a: Iron Hands|def|1
|-unboost|p1a: Iron Hands|spd|1
|faint|p2a: Jecht
|
|upkeep
|
|t:|1743803286
|switch|p2a: Tidus|Ogerpon-Wellspring, F|100/100
|turn|11
|
|t:|1743803309
|move|p2a: Tidus|Ivy Cudgel|p1a: Iron Hands|[anim] Ivy Cudgel Water
|-damage|p1a: Iron Hands|0 fnt
|faint|p1a: Iron Hands
|-end|p1a: Iron Hands|Quark Drive|[silent]
|
|upkeep
|
|t:|1743803338
|switch|p1a: Corviknight|Corviknight, M|81/100
|-ability|p1a: Corviknight|Pressure
|turn|12
|
|t:|1743803346
|move|p2a: Tidus|Ivy Cudgel|p1a: Corviknight|[anim] Ivy Cudgel Water
|-damage|p1a: Corviknight|32/100
|move|p1a: Corviknight|Brave Bird|p2a: Tidus
|-supereffective|p2a: Tidus
|-damage|p2a: Tidus|4/100
|-damage|p1a: Corviknight|8/100|[from] Recoil
|
|upkeep
|turn|13
|
|t:|1743803381
|move|p2a: Tidus|Ivy Cudgel|p1a: Corviknight|[anim] Ivy Cudgel Water
|-damage|p1a: Corviknight|0 fnt
|faint|p1a: Corviknight
|
|upkeep
|
|t:|1743803384
|switch|p1a: Fezandipiti|Fezandipiti, M|100/100
|turn|14
|
|t:|1743803406
|switch|p2a: Lulu|Cresselia, F, shiny|78/100
|move|p1a: Fezandipiti|Quick Attack|p2a: Lulu
|-damage|p2a: Lulu|69/100
|-status|p2a: Lulu|tox|[from] ability: Toxic Chain|[of] p1a: Fezandipiti
|
|-damage|p2a: Lulu|62/100 tox|[from] psn
|upkeep
|turn|15
|
|t:|1743803418
|switch|p1a: Swampert|Swampert, F|100/100
|move|p2a: Lulu|Psychic|p1a: Swampert
|-damage|p1a: Swampert|76/100
|
|-damage|p2a: Lulu|50/100 tox|[from] psn
|upkeep
|-enditem|p2a: Lulu|Sitrus Berry|[eat]
|-heal|p2a: Lulu|75/100 tox|[from] item: Sitrus Berry
|turn|16
|
|t:|1743803446
|switch|p2a: Auron|Raging Bolt|100/100
|move|p1a: Swampert|Knock Off|p2a: Auron
|-damage|p2a: Auron|75/100
|
|upkeep
|turn|17
|
|t:|1743803478
|-end|p2a: Auron|Protosynthesis|[silent]
|switch|p2a: Wakka|Sinistcha|100/100
|switch|p1a: Fezandipiti|Fezandipiti, M|100/100
|
|upkeep
|turn|18
|
|t:|1743803496
|switch|p2a: Lulu|Cresselia, F, shiny|75/100 tox
|move|p1a: Fezandipiti|Gunk Shot|p2a: Lulu|[miss]
|-miss|p1a: Fezandipiti|p2a: Lulu
|
|-damage|p2a: Lulu|69/100 tox|[from] psn
|upkeep
|turn|19
|
|t:|1743803519
|switch|p1a: Skeledirge|Skeledirge, M|78/100
|move|p2a: Lulu|Trick Room|p2a: Lulu
|-fieldstart|move: Trick Room|[of] p2a: Lulu
|
|-heal|p1a: Skeledirge|84/100|[from] item: Leftovers
|-damage|p2a: Lulu|57/100 tox|[from] psn
|upkeep
|turn|20
|
|t:|1743803536
|move|p2a: Lulu|Psychic|p1a: Skeledirge
|-damage|p1a: Skeledirge|66/100
|move|p1a: Skeledirge|Hex|p2a: Lulu
|-supereffective|p2a: Lulu
|-damage|p2a: Lulu|0 fnt
|faint|p2a: Lulu
|
|-heal|p1a: Skeledirge|72/100|[from] item: Leftovers
|upkeep
|
|t:|1743803544
|switch|p2a: Seymour|Glastrier|100/100
|turn|21
|
|t:|1743803556
|move|p2a: Seymour|High Horsepower|p1a: Skeledirge
|-supereffective|p1a: Skeledirge
|-damage|p1a: Skeledirge|10/100
|move|p1a: Skeledirge|Will-O-Wisp|p2a: Seymour
|-status|p2a: Seymour|brn
|
|-heal|p1a: Skeledirge|16/100|[from] item: Leftovers
|-damage|p2a: Seymour|94/100 brn|[from] brn
|upkeep
|turn|22
|
|t:|1743803573
|switch|p1a: Swampert|Swampert, F|76/100
|move|p2a: Seymour|Icicle Crash|p1a: Swampert
|-damage|p1a: Swampert|50/100
|
|-damage|p2a: Seymour|88/100 brn|[from] brn
|upkeep
|turn|23
|
|t:|1743803613
|move|p2a: Seymour|Icicle Crash|p1a: Swampert
|-damage|p1a: Swampert|26/100
|move|p1a: Swampert|Liquidation|p2a: Seymour
|-damage|p2a: Seymour|27/100 brn
|
|-damage|p2a: Seymour|21/100 brn|[from] brn
|-fieldend|move: Trick Room
|upkeep
|turn|24
|
|t:|1743803624
|move|p1a: Swampert|Liquidation|p2a: Seymour
|-damage|p2a: Seymour|0 fnt
|faint|p2a: Seymour
|
|upkeep
|
|t:|1743803657
|switch|p2a: Tidus|Ogerpon-Wellspring, F|4/100
|turn|25
|
|t:|1743803689
|move|p2a: Tidus|Horn Leech|p1a: Swampert
|-supereffective|p1a: Swampert
|-damage|p1a: Swampert|0 fnt
|-heal|p2a: Tidus|21/100|[from] drain|[of] p1a: Swampert
|faint|p1a: Swampert
|
|upkeep
|
|t:|1743803702
|switch|p1a: Fezandipiti|Fezandipiti, M|100/100
|turn|26
|
|t:|1743803712
|switch|p2a: Wakka|Sinistcha|100/100
|move|p1a: Fezandipiti|Gunk Shot|p2a: Wakka|[miss]
|-miss|p1a: Fezandipiti|p2a: Wakka
|
|upkeep
|turn|27
|c|☆neeben|thats actually so unfortunate
|c|☆DizzyAnimations|very
|c|☆DizzyAnimations|I'm in shambles
|c|☆DizzyAnimations|this brother stinks
|
|t:|1743803760
|move|p1a: Fezandipiti|Gunk Shot|p2a: Wakka
|-damage|p2a: Wakka|49/100
|move|p2a: Wakka|Shadow Ball|p1a: Fezandipiti
|-damage|p1a: Fezandipiti|74/100
|
|-heal|p2a: Wakka|55/100|[from] item: Leftovers
|upkeep
|turn|28
|
|t:|1743803767
|move|p1a: Fezandipiti|Gunk Shot|p2a: Wakka
|-damage|p2a: Wakka|9/100
|move|p2a: Wakka|Strength Sap|p1a: Fezandipiti
|-unboost|p1a: Fezandipiti|atk|1
|-heal|p2a: Wakka|90/100
|
|-heal|p2a: Wakka|96/100|[from] item: Leftovers
|upkeep
|turn|29
|
|t:|1743803792
|move|p1a: Fezandipiti|Gunk Shot|p2a: Wakka
|-damage|p2a: Wakka|61/100
|move|p2a: Wakka|Shadow Ball|p1a: Fezandipiti
|-damage|p1a: Fezandipiti|46/100
|-unboost|p1a: Fezandipiti|spd|1
|
|-heal|p2a: Wakka|67/100|[from] item: Leftovers
|upkeep
|turn|30
|
|t:|1743803800
|move|p1a: Fezandipiti|Gunk Shot|p2a: Wakka
|-damage|p2a: Wakka|33/100
|-status|p2a: Wakka|tox|[from] ability: Toxic Chain|[of] p1a: Fezandipiti
|move|p2a: Wakka|Matcha Gotcha|p1a: Fezandipiti
|-resisted|p1a: Fezandipiti
|-damage|p1a: Fezandipiti|25/100
|-heal|p2a: Wakka|43/100 tox|[from] drain|[of] p1a: Fezandipiti
|
|-heal|p2a: Wakka|49/100 tox|[from] item: Leftovers
|-damage|p2a: Wakka|43/100 tox|[from] psn
|upkeep
|turn|31
|
|t:|1743803813
|switch|p1a: Skeledirge|Skeledirge, M|16/100
|move|p2a: Wakka|Matcha Gotcha|p1a: Skeledirge
|-resisted|p1a: Skeledirge
|-damage|p1a: Skeledirge|4/100
|-heal|p2a: Wakka|50/100 tox|[from] drain|[of] p1a: Skeledirge
|
|-heal|p1a: Skeledirge|10/100|[from] item: Leftovers
|-heal|p2a: Wakka|56/100 tox|[from] item: Leftovers
|-damage|p2a: Wakka|44/100 tox|[from] psn
|upkeep
|turn|32
|
|t:|1743803867
|move|p1a: Skeledirge|Hex|p2a: Wakka
|-supereffective|p2a: Wakka
|-damage|p2a: Wakka|0 fnt
|faint|p2a: Wakka
|
|-heal|p1a: Skeledirge|16/100|[from] item: Leftovers
|upkeep
|
|t:|1743803869
|switch|p2a: Auron|Raging Bolt|75/100
|turn|33
|
|t:|1743803889
|move|p2a: Auron|Thunderclap||[still]
|-fail|p2a: Auron
|move|p1a: Skeledirge|Will-O-Wisp|p2a: Auron
|-status|p2a: Auron|brn
|
|-heal|p1a: Skeledirge|22/100|[from] item: Leftovers
|-damage|p2a: Auron|68/100 brn|[from] brn
|upkeep
|turn|34
|
|t:|1743803897
|move|p2a: Auron|Volt Switch|p1a: Skeledirge
|-damage|p1a: Skeledirge|0 fnt
|faint|p1a: Skeledirge
|
|t:|1743803901
|-end|p2a: Auron|Protosynthesis|[silent]
|switch|p2a: Tidus|Ogerpon-Wellspring, F|21/100|[from] Volt Switch
|
|upkeep
|
|t:|1743803912
|switch|p1a: Fezandipiti|Fezandipiti, M|25/100
|turn|35
|
|t:|1743803926
|move|p2a: Tidus|Ivy Cudgel|p1a: Fezandipiti|[anim] Ivy Cudgel Water
|-damage|p1a: Fezandipiti|0 fnt
|faint|p1a: Fezandipiti
|
|upkeep
|
|t:|1743803931
|switch|p1a: Latios|Latios, M|100/100
|turn|36
|
|t:|1743803938
|move|p1a: Latios|Shadow Ball|p2a: Tidus
|-damage|p2a: Tidus|0 fnt
|faint|p2a: Tidus
|
|upkeep
|
|t:|1743803942
|switch|p2a: Auron|Raging Bolt|68/100 brn
|turn|37
|
|t:|1743803956
|-terastallize|p2a: Auron|Grass
|move|p1a: Latios|Draco Meteor|p2a: Auron
|-damage|p2a: Auron|10/100 brn
|-unboost|p1a: Latios|spa|2
|move|p2a: Auron|Draco Meteor|p1a: Latios
|-supereffective|p1a: Latios
|-damage|p1a: Latios|0 fnt
|-unboost|p2a: Auron|spa|2
|faint|p1a: Latios
|
|win|neeben
|c|☆neeben|holy shit gg
|c|☆DizzyAnimations|aye good play GG
|c|☆neeben|want me to send?
