|j|☆sorrybutimoutside
|j|☆mrguestbs
|t:|1743917849
|gametype|singles
|player|p1|sorrybutimoutside|n-masters|1201
|player|p2|mrguestbs|roxie|1128
|teamsize|p1|6
|teamsize|p2|6
|gen|9
|tier|[Gen 9] OU
|rated|
|rule|HP Percentage Mod: HP is shown in percentages
|rule|Endless Battle Clause: Forcing endless battles is banned
|rule|Species Clause: Limit one of each Pokémon
|rule|OHKO Clause: OHKO moves are banned
|rule|Evasion Items Clause: Evasion items are banned
|rule|Evasion Moves Clause: Evasion moves are banned
|rule|Sleep Moves Clause: Sleep-inducing moves are banned
|clearpoke
|poke|p1|Ribombee, F|
|poke|p1|Kyurem|
|poke|p1|Raging Bolt|
|poke|p1|Iron Valiant|
|poke|p1|Gholdengo|
|poke|p1|Iron Moth|
|poke|p2|Kilowattrel, F|
|poke|p2|Rillaboom, F|
|poke|p2|Pecharunt|
|poke|p2|Kleavor, F|
|poke|p2|Enamorus, F|
|poke|p2|Maushold-Four|
|teampreview
|inactive|Battle timer is ON: inactive players will automatically lose when time's up. (requested by sorrybutimoutside)
|
|t:|1743917857
|start
|switch|p1a: Ribombee|Ribombee, F|100/100
|switch|p2a: Maushold|Maushold-Four|100/100
|turn|1
|
|t:|1743917870
|move|p1a: Ribombee|Sticky Web|p2a: Maushold
|-sidestart|p2: mrguestbs|move: Sticky Web
|move|p2a: Maushold|Tidy Up|p2a: Maushold
|-sideend|p2: mrguestbs|Sticky Web
|-activate|p2a: Maushold|move: Tidy Up
|-boost|p2a: Maushold|atk|1
|-boost|p2a: Maushold|spe|1
|
|upkeep
|turn|2
|
|t:|1743917881
|-terastallize|p1a: Ribombee|Ghost
|move|p2a: Maushold|Tidy Up|p2a: Maushold
|-boost|p2a: Maushold|atk|1
|-boost|p2a: Maushold|spe|1
|move|p1a: Ribombee|Moonblast|p2a: Maushold
|-damage|p2a: Maushold|37/100
|
|upkeep
|turn|3
|
|t:|1743917889
|move|p2a: Maushold|Bite|p1a: Ribombee
|-supereffective|p1a: Ribombee
|-enditem|p1a: Ribombee|Focus Sash
|-damage|p1a: Ribombee|1/100
|move|p1a: Ribombee|Moonblast|p2a: Maushold
|-damage|p2a: Maushold|0 fnt
|faint|p2a: Maushold
|
|upkeep
|
|t:|1743917901
|switch|p2a: Kilowattrel|Kilowattrel, F|100/100
|turn|4
|
|t:|1743917907
|switch|p1a: Raging Bolt|Raging Bolt|100/100
|-enditem|p1a: Raging Bolt|Booster Energy
|-activate|p1a: Raging Bolt|ability: Protosynthesis|[fromitem]
|-start|p1a: Raging Bolt|protosynthesisspa
|move|p2a: Kilowattrel|Volt Switch|p1a: Raging Bolt
|-resisted|p1a: Raging Bolt
|-damage|p1a: Raging Bolt|93/100
|
|t:|1743917919
|switch|p2a: Kleavor|Kleavor, F|100/100|[from] Volt Switch
|
|upkeep
|turn|5
|
|t:|1743917923
|move|p1a: Raging Bolt|Thunderbolt|p2a: Kleavor
|-damage|p2a: Kleavor|38/100
|move|p2a: Kleavor|Stone Axe|p1a: Raging Bolt
|-damage|p1a: Raging Bolt|55/100
|-sidestart|p1: sorrybutimoutside|move: Stealth Rock
|
|upkeep
|turn|6
|
|t:|1743917931
|move|p1a: Raging Bolt|Dragon Pulse|p2a: Kleavor
|-damage|p2a: Kleavor|0 fnt
|faint|p2a: Kleavor
|
|upkeep
|
|t:|1743917940
|switch|p2a: Kilowattrel|Kilowattrel, F|100/100
|turn|7
|
|t:|1743917957
|move|p2a: Kilowattrel|Air Slash|p1a: Raging Bolt
|-resisted|p1a: Raging Bolt
|-damage|p1a: Raging Bolt|37/100
|move|p1a: Raging Bolt|Dragon Pulse|p2a: Kilowattrel
|-enditem|p2a: Kilowattrel|Focus Sash
|-damage|p2a: Kilowattrel|1/100
|
|upkeep
|turn|8
|
|t:|1743917964
|move|p2a: Kilowattrel|Air Slash|p1a: Raging Bolt
|-resisted|p1a: Raging Bolt
|-damage|p1a: Raging Bolt|22/100
|cant|p1a: Raging Bolt|flinch
|
|upkeep
|turn|9
|
|t:|1743917968
|move|p2a: Kilowattrel|Air Slash|p1a: Raging Bolt
|-resisted|p1a: Raging Bolt
|-damage|p1a: Raging Bolt|4/100
|cant|p1a: Raging Bolt|flinch
|
|upkeep
|turn|10
|
|t:|1743917978
|move|p2a: Kilowattrel|Air Slash|p1a: Raging Bolt
|-resisted|p1a: Raging Bolt
|-damage|p1a: Raging Bolt|0 fnt
|faint|p1a: Raging Bolt
|-end|p1a: Raging Bolt|Protosynthesis|[silent]
|
|upkeep
|
|t:|1743917980
|switch|p1a: Kyurem|Kyurem|100/100
|-damage|p1a: Kyurem|76/100|[from] Stealth Rock
|-ability|p1a: Kyurem|Pressure
|turn|11
|
|t:|1743917989
|move|p2a: Kilowattrel|Electro Ball|p1a: Kyurem
|-resisted|p1a: Kyurem
|-damage|p1a: Kyurem|64/100
|move|p1a: Kyurem|Dragon Dance|p1a: Kyurem
|-boost|p1a: Kyurem|atk|1
|-boost|p1a: Kyurem|spe|1
|
|upkeep
|turn|12
|
|t:|1743917995
|move|p1a: Kyurem|Dragon Dance|p1a: Kyurem
|-boost|p1a: Kyurem|atk|1
|-boost|p1a: Kyurem|spe|1
|move|p2a: Kilowattrel|Tailwind|p2a: Kilowattrel
|-sidestart|p2: mrguestbs|move: Tailwind
|-start|p2a: Kilowattrel|Charge|Tailwind|[from] ability: Wind Power
|
|upkeep
|turn|13
|
|t:|1743918002
|move|p2a: Kilowattrel|Electro Ball|p1a: Kyurem
|-resisted|p1a: Kyurem
|-damage|p1a: Kyurem|37/100
|-end|p2a: Kilowattrel|Charge|[silent]
|move|p1a: Kyurem|Icicle Spear|p2a: Kilowattrel
|-supereffective|p2a: Kilowattrel
|-damage|p2a: Kilowattrel|0 fnt
|faint|p2a: Kilowattrel
|-hitcount|p2: Kilowattrel|1
|
|upkeep
|
|t:|1743918016
|switch|p2a: Pecharunt|Pecharunt|100/100
|turn|14
|
|t:|1743918020
|move|p2a: Pecharunt|Malignant Chain|p1a: Kyurem
|-damage|p1a: Kyurem|5/100
|-status|p1a: Kyurem|tox
|-start|p1a: Kyurem|confusion|[from] ability: Poison Puppeteer|[of] p2a: Pecharunt
|-activate|p1a: Kyurem|confusion
|move|p1a: Kyurem|Icicle Spear|p2a: Pecharunt
|-damage|p2a: Pecharunt|82/100
|-crit|p2a: Pecharunt
|-damage|p2a: Pecharunt|55/100
|-damage|p2a: Pecharunt|38/100
|-damage|p2a: Pecharunt|21/100
|-damage|p2a: Pecharunt|5/100
|-hitcount|p2a: Pecharunt|5
|
|-heal|p2a: Pecharunt|11/100|[from] item: Leftovers
|-damage|p1a: Kyurem|0 fnt|[from] psn
|faint|p1a: Kyurem
|upkeep
|
|t:|1743918026
|switch|p1a: Gholdengo|Gholdengo|100/100
|-damage|p1a: Gholdengo|95/100|[from] Stealth Rock
|-item|p1a: Gholdengo|Air Balloon
|turn|15
|
|t:|1743918046
|switch|p2a: Enamorus|Enamorus, F|100/100
|switch|p1a: Ribombee|Ribombee, F, tera:Ghost|1/100
|-damage|p1a: Ribombee|0 fnt|[from] Stealth Rock
|faint|p1a: Ribombee
|
|-sideend|p2: mrguestbs|move: Tailwind
|upkeep
|
|t:|1743918054
|switch|p1a: Gholdengo|Gholdengo|95/100
|-damage|p1a: Gholdengo|89/100|[from] Stealth Rock
|-item|p1a: Gholdengo|Air Balloon
|turn|16
|
|t:|1743918064
|-terastallize|p2a: Enamorus|Stellar
|move|p2a: Enamorus|Mystical Fire|p1a: Gholdengo
|-supereffective|p1a: Gholdengo
|-damage|p1a: Gholdengo|23/100
|-unboost|p1a: Gholdengo|spa|1
|-enditem|p1a: Gholdengo|Air Balloon
|move|p1a: Gholdengo|Make It Rain|p2a: Enamorus
|-supereffective|p2a: Enamorus
|-enditem|p2a: Enamorus|Focus Sash
|-damage|p2a: Enamorus|1/100
|-unboost|p1a: Gholdengo|spa|1
|
|upkeep
|turn|17
|
|t:|1743918081
|move|p2a: Enamorus|Tera Blast|p1a: Gholdengo|[anim] Tera Blast Stellar
|-damage|p1a: Gholdengo|0 fnt
|-boost|p2a: Enamorus|atk|1
|-boost|p2a: Enamorus|spa|1
|faint|p1a: Gholdengo
|
|upkeep
|
|t:|1743918085
|switch|p1a: Iron Moth|Iron Moth|100/100
|-damage|p1a: Iron Moth|76/100|[from] Stealth Rock
|-enditem|p1a: Iron Moth|Booster Energy
|-activate|p1a: Iron Moth|ability: Quark Drive|[fromitem]
|-start|p1a: Iron Moth|quarkdrivespa
|turn|18
|
|t:|1743918093
|move|p1a: Iron Moth|Fiery Dance|p2a: Enamorus
|-damage|p2a: Enamorus|0 fnt
|-boost|p1a: Iron Moth|spa|1
|faint|p2a: Enamorus
|
|upkeep
|
|t:|1743918099
|switch|p2a: Rillaboom|Rillaboom, F|100/100
|-fieldstart|move: Grassy Terrain|[from] ability: Grassy Surge|[of] p2a: Rillaboom
|turn|19
|
|t:|1743918104
|move|p1a: Iron Moth|Fiery Dance|p2a: Rillaboom
|-supereffective|p2a: Rillaboom
|-damage|p2a: Rillaboom|0 fnt
|faint|p2a: Rillaboom
|
|-heal|p1a: Iron Moth|82/100|[from] Grassy Terrain
|upkeep
|
|t:|1743918110
|switch|p2a: Pecharunt|Pecharunt|11/100
|turn|20
|
|t:|1743918115
|move|p1a: Iron Moth|Fiery Dance|p2a: Pecharunt
|-damage|p2a: Pecharunt|0 fnt
|-boost|p1a: Iron Moth|spa|1
|faint|p2a: Pecharunt
|
|win|sorrybutimoutside
|raw|sorrybutimoutside's rating: 1201 &rarr; <strong>1221</strong><br />(+20 for winning)
|raw|mrguestbs's rating: 1128 &rarr; <strong>1108</strong><br />(-20 for losing)
|l|☆sorrybutimoutside
|player|p1|
|l|☆mrguestbs
|player|p2|
