|j|☆Rollinos
|j|☆madermen
|inactive|Battle timer is ON: inactive players will automatically lose when time's up.
|t:|1743782368
|gametype|singles
|player|p1|Rollinos|266|
|player|p2|madermen|jasmine|
|teamsize|p1|3
|teamsize|p2|3
|gen|9
|tier|[Gen 9] OU
|rated|Tournament battle
|rule|HP Percentage Mod: HP is shown in percentages
|rule|Endless Battle Clause: Forcing endless battles is banned
|rule|Species Clause: Limit one of each Pokémon
|rule|OHKO Clause: OHKO moves are banned
|rule|Evasion Items Clause: Evasion items are banned
|rule|Evasion Moves Clause: Evasion moves are banned
|rule|Sleep Moves Clause: Sleep-inducing moves are banned
|clearpoke
|poke|p1|Shiftry, M|
|poke|p1|Copperajah, M|
|poke|p1|Pawmo, F|
|poke|p2|Venomoth, M|
|poke|p2|Girafarig, M|
|poke|p2|Rhydon, F|
|teampreview
|j|*Lady Monita ❄
|inactive|Rollinos also wants the timer to be on.
|j| Inthefun08
|
|t:|1743782382
|start
|switch|p1a: Shiftry|Shiftry, M|100/100
|switch|p2a: Rhydon|Rhydon, F|100/100
|turn|1
|
|t:|1743782391
|move|p1a: Shiftry|Sunny Day|p1a: Shiftry
|-weather|SunnyDay
|move|p2a: Rhydon|Ice Punch|p1a: Shiftry
|-supereffective|p1a: Shiftry
|-damage|p1a: Shiftry|26/100
|
|-weather|SunnyDay|[upkeep]
|upkeep
|turn|2
|
|t:|1743782399
|move|p1a: Shiftry|Solar Blade||[still]
|-prepare|p1a: Shiftry|Solar Blade
|-anim|p1a: Shiftry|Solar Blade|p2a: Rhydon
|-supereffective|p2a: Rhydon
|-damage|p2a: Rhydon|0 fnt
|faint|p2a: Rhydon
|-damage|p1a: Shiftry|16/100|[from] item: Life Orb
|
|-weather|SunnyDay|[upkeep]
|upkeep
|
|t:|1743782405
|switch|p2a: Venomoth|Venomoth, M|100/100
|turn|3
|
|t:|1743782410
|move|p1a: Shiftry|Weather Ball|p2a: Venomoth
|-supereffective|p2a: Venomoth
|-enditem|p2a: Venomoth|Focus Sash
|-damage|p2a: Venomoth|1/100
|-damage|p1a: Shiftry|6/100|[from] item: Life Orb
|move|p2a: Venomoth|Bug Buzz|p1a: Shiftry
|-supereffective|p1a: Shiftry
|-damage|p1a: Shiftry|0 fnt
|faint|p1a: Shiftry
|
|-weather|SunnyDay|[upkeep]
|upkeep
|
|t:|1743782417
|switch|p1a: Pawmo|Pawmo, F|100/100
|turn|4
|
|t:|1743782420
|move|p1a: Pawmo|Fake Out|p2a: Venomoth
|-damage|p2a: Venomoth|0 fnt
|faint|p2a: Venomoth
|
|-weather|SunnyDay|[upkeep]
|upkeep
|
|t:|1743782422
|switch|p2a: Girafarig|Girafarig, M|100/100
|turn|5
|
|t:|1743782429
|move|p2a: Girafarig|Calm Mind|p2a: Girafarig
|-boost|p2a: Girafarig|spa|1
|-boost|p2a: Girafarig|spd|1
|move|p1a: Pawmo|Nuzzle|p2a: Girafarig
|-damage|p2a: Girafarig|94/100
|-status|p2a: Girafarig|par
|
|-weather|none
|upkeep
|turn|6
|
|t:|1743782434
|move|p1a: Pawmo|Super Fang|p2a: Girafarig|[miss]
|-miss|p1a: Pawmo|p2a: Girafarig
|move|p2a: Girafarig|Psychic Noise|p1a: Pawmo
|-supereffective|p1a: Pawmo
|-damage|p1a: Pawmo|1/100
|-start|p1a: Pawmo|move: Heal Block
|
|upkeep
|turn|7
|
|t:|1743782440
|move|p1a: Pawmo|Super Fang|p2a: Girafarig
|-damage|p2a: Girafarig|47/100 par
|move|p2a: Girafarig|Psychic Noise|p1a: Pawmo
|-supereffective|p1a: Pawmo
|-damage|p1a: Pawmo|0 fnt
|faint|p1a: Pawmo
|
|upkeep
|
|t:|1743782444
|switch|p1a: Copperajah|Copperajah, M|100/100
|turn|8
|
|t:|1743782449
|-terastallize|p1a: Copperajah|Steel
|move|p2a: Girafarig|Shadow Ball|p1a: Copperajah
|-damage|p1a: Copperajah|82/100
|-unboost|p1a: Copperajah|spd|1
|move|p1a: Copperajah|Heavy Slam|p2a: Girafarig
|-damage|p2a: Girafarig|0 fnt
|faint|p2a: Girafarig
|
|win|Rollinos
|n|☆Rollinos|rollinos
|n|☆madermen|madermen
|n|*Lady Monita ❄|ladymonita
|n| Inthefun08|inthefun08
