|j|☆sad132
|j|☆lethalwolf
|t:|1743914135
|gametype|singles
|player|p1|sad132|102|1230
|player|p2|lethalwolf|ethan|1188
|teamsize|p1|6
|teamsize|p2|6
|gen|9
|tier|[Gen 9] OU
|rated|
|rule|HP Percentage Mod: HP is shown in percentages
|rule|Endless Battle Clause: Forcing endless battles is banned
|rule|Species Clause: Limit one of each Pokémon
|rule|OHKO Clause: OHKO moves are banned
|rule|Evasion Items Clause: Evasion items are banned
|rule|Evasion Moves Clause: Evasion moves are banned
|rule|Sleep Moves Clause: Sleep-inducing moves are banned
|clearpoke
|poke|p1|Glimmora, F|
|poke|p1|Ogerpon-Wellspring, F|
|poke|p1|Iron Crown|
|poke|p1|Dragonite, M|
|poke|p1|Quaquaval, M|
|poke|p1|Raging Bolt|
|poke|p2|Araquanid, M|
|poke|p2|Darkrai|
|poke|p2|Zamazenta-*|
|poke|p2|Cinderace, M|
|poke|p2|Heatran, M|
|poke|p2|Zapdos|
|teampreview
|inactive|Battle timer is ON: inactive players will automatically lose when time's up. (requested by lethalwolf)
|
|t:|1743914144
|start
|switch|p1a: Glimmora|Glimmora, F|100/100
|switch|p2a: Zapdos|Zapdos|100/100
|turn|1
|
|t:|1743914149
|move|p1a: Glimmora|Stealth Rock|p2a: Zapdos
|-sidestart|p2: lethalwolf|move: Stealth Rock
|move|p2a: Zapdos|Volt Switch|p1a: Glimmora
|-damage|p1a: Glimmora|62/100
|
|t:|1743914168
|switch|p2a: Darkrai|Darkrai|100/100|[from] Volt Switch
|-damage|p2a: Darkrai|88/100|[from] Stealth Rock
|
|upkeep
|turn|2
|
|t:|1743914182
|move|p2a: Darkrai|Dark Pulse|p1a: Glimmora
|-damage|p1a: Glimmora|1/100
|cant|p1a: Glimmora|flinch
|
|upkeep
|turn|3
|
|t:|1743914192
|move|p2a: Darkrai|Dark Pulse|p1a: Glimmora
|-damage|p1a: Glimmora|0 fnt
|faint|p1a: Glimmora
|
|upkeep
|
|t:|1743914197
|switch|p1a: Quaquaval|Quaquaval, M|100/100
|turn|4
|
|t:|1743914205
|switch|p2a: Zapdos|Zapdos|100/100
|move|p1a: Quaquaval|Knock Off|p2a: Zapdos
|-damage|p2a: Zapdos|68/100
|-enditem|p2a: Zapdos|Heavy-Duty Boots|[from] move: Knock Off|[of] p1a: Quaquaval
|-damage|p1a: Quaquaval|91/100|[from] item: Life Orb
|
|upkeep
|turn|5
|
|t:|1743914215
|move|p1a: Quaquaval|Ice Spinner|p2a: Zapdos
|-supereffective|p2a: Zapdos
|-damage|p2a: Zapdos|20/100
|-damage|p1a: Quaquaval|81/100|[from] item: Life Orb
|move|p2a: Zapdos|Roost|p2a: Zapdos
|-heal|p2a: Zapdos|70/100
|-singleturn|p2a: Zapdos|move: Roost
|
|upkeep
|turn|6
|
|t:|1743914224
|move|p1a: Quaquaval|Ice Spinner|p2a: Zapdos
|-supereffective|p2a: Zapdos
|-damage|p2a: Zapdos|25/100
|-status|p1a: Quaquaval|par|[from] ability: Static|[of] p2a: Zapdos
|-damage|p1a: Quaquaval|71/100 par|[from] item: Life Orb
|move|p2a: Zapdos|Roost|p2a: Zapdos
|-heal|p2a: Zapdos|75/100
|-singleturn|p2a: Zapdos|move: Roost
|
|upkeep
|turn|7
|
|t:|1743914230
|move|p2a: Zapdos|Volt Switch|p1a: Quaquaval
|-supereffective|p1a: Quaquaval
|-damage|p1a: Quaquaval|0 fnt
|faint|p1a: Quaquaval
|
|t:|1743914236
|switch|p2a: Cinderace|Cinderace, M|100/100|[from] Volt Switch
|
|upkeep
|
|t:|1743914243
|switch|p1a: Dragonite|Dragonite, M|100/100
|turn|8
|
|t:|1743914248
|move|p2a: Cinderace|Court Change|p2a: Cinderace
|-start|p2a: Cinderace|typechange|Normal|[from] ability: Libero
|-swapsideconditions
|-activate|p2a: Cinderace|move: Court Change
|move|p1a: Dragonite|Dragon Dance|p1a: Dragonite
|-boost|p1a: Dragonite|atk|1
|-boost|p1a: Dragonite|spe|1
|
|upkeep
|turn|9
|
|t:|1743914254
|switch|p2a: Zapdos|Zapdos|75/100
|move|p1a: Dragonite|Dragon Dance|p1a: Dragonite
|-boost|p1a: Dragonite|atk|1
|-boost|p1a: Dragonite|spe|1
|
|upkeep
|turn|10
|
|t:|1743914261
|move|p1a: Dragonite|Tera Blast|p2a: Zapdos
|-damage|p2a: Zapdos|60/100
|move|p2a: Zapdos|Roost|p2a: Zapdos
|-heal|p2a: Zapdos|100/100
|-singleturn|p2a: Zapdos|move: Roost
|
|upkeep
|turn|11
|
|t:|1743914272
|move|p1a: Dragonite|Earthquake|p2a: Zapdos
|-immune|p2a: Zapdos
|move|p2a: Zapdos|Hurricane|p1a: Dragonite
|-damage|p1a: Dragonite|78/100
|
|upkeep
|turn|12
|
|t:|1743914278
|-terastallize|p1a: Dragonite|Flying
|move|p1a: Dragonite|Tera Blast|p2a: Zapdos|[anim] Tera Blast Flying
|-resisted|p2a: Zapdos
|-damage|p2a: Zapdos|59/100
|move|p2a: Zapdos|Hurricane|p1a: Dragonite
|-damage|p1a: Dragonite|25/100
|
|upkeep
|turn|13
|c|☆sad132|Im trying my best here
|
|t:|1743914287
|move|p1a: Dragonite|Roost|p1a: Dragonite
|-heal|p1a: Dragonite|75/100
|-hint|If a Terastallized Pokemon uses Roost, it remains Flying-type.
|move|p2a: Zapdos|Volt Switch|p1a: Dragonite
|-supereffective|p1a: Dragonite
|-damage|p1a: Dragonite|11/100
|inactive|lethalwolf has 120 seconds left.
|
|t:|1743914322
|switch|p2a: Cinderace|Cinderace, M|100/100|[from] Volt Switch
|
|upkeep
|turn|14
|
|t:|1743914327
|move|p2a: Cinderace|Sucker Punch|p1a: Dragonite
|-start|p2a: Cinderace|typechange|Dark|[from] ability: Libero
|-damage|p1a: Dragonite|0 fnt
|faint|p1a: Dragonite
|
|upkeep
|
|t:|1743914330
|switch|p1a: Ogerpon|Ogerpon-Wellspring, F|100/100
|-damage|p1a: Ogerpon|88/100|[from] Stealth Rock
|turn|15
|
|t:|1743914335
|move|p2a: Cinderace|U-turn|p1a: Ogerpon
|-supereffective|p1a: Ogerpon
|-damage|p1a: Ogerpon|31/100
|
|t:|1743914339
|switch|p2a: Zapdos|Zapdos|59/100|[from] U-turn
|move|p1a: Ogerpon|Swords Dance|p1a: Ogerpon
|-boost|p1a: Ogerpon|atk|2
|
|upkeep
|turn|16
|
|t:|1743914345
|move|p1a: Ogerpon|Ivy Cudgel|p2a: Zapdos|[anim] Ivy Cudgel Water
|-damage|p2a: Zapdos|0 fnt
|faint|p2a: Zapdos
|
|upkeep
|
|t:|1743914353
|switch|p2a: Zamazenta|Zamazenta|100/100
|-ability|p2a: Zamazenta|Dauntless Shield|boost
|-boost|p2a: Zamazenta|def|1
|turn|17
|
|t:|1743914358
|move|p2a: Zamazenta|Iron Defense|p2a: Zamazenta
|-boost|p2a: Zamazenta|def|2
|move|p1a: Ogerpon|Ivy Cudgel|p2a: Zamazenta|[anim] Ivy Cudgel Water
|-crit|p2a: Zamazenta
|-damage|p2a: Zamazenta|0 fnt
|faint|p2a: Zamazenta
|
|upkeep
|
|t:|1743914368
|switch|p2a: Araquanid|Araquanid, M|100/100
|turn|18
|
|t:|1743914371
|move|p1a: Ogerpon|Power Whip|p2a: Araquanid
|-damage|p2a: Araquanid|0 fnt
|faint|p2a: Araquanid
|
|upkeep
|
|t:|1743914378
|switch|p2a: Darkrai|Darkrai|88/100
|turn|19
|
|t:|1743914384
|move|p2a: Darkrai|Dark Pulse|p1a: Ogerpon
|-crit|p1a: Ogerpon
|-damage|p1a: Ogerpon|0 fnt
|faint|p1a: Ogerpon
|
|upkeep
|
|t:|1743914388
|switch|p1a: Raging Bolt|Raging Bolt|100/100
|-damage|p1a: Raging Bolt|88/100|[from] Stealth Rock
|turn|20
|
|t:|1743914402
|move|p2a: Darkrai|Dark Pulse|p1a: Raging Bolt
|-damage|p1a: Raging Bolt|52/100
|move|p1a: Raging Bolt|Dragon Pulse|p2a: Darkrai
|-damage|p2a: Darkrai|17/100
|
|-heal|p1a: Raging Bolt|58/100|[from] item: Leftovers
|upkeep
|turn|21
|
|t:|1743914411
|move|p1a: Raging Bolt|Thunderclap|p2a: Darkrai
|-damage|p2a: Darkrai|0 fnt
|faint|p2a: Darkrai
|
|-heal|p1a: Raging Bolt|64/100|[from] item: Leftovers
|upkeep
|
|t:|1743914414
|switch|p2a: Heatran|Heatran, M|100/100
|turn|22
|
|t:|1743914419
|move|p1a: Raging Bolt|Thunderclap|p2a: Heatran
|-damage|p2a: Heatran|76/100
|move|p2a: Heatran|Earth Power|p1a: Raging Bolt
|-supereffective|p1a: Raging Bolt
|-damage|p1a: Raging Bolt|23/100
|
|-heal|p2a: Heatran|83/100|[from] item: Leftovers
|-heal|p1a: Raging Bolt|29/100|[from] item: Leftovers
|upkeep
|turn|23
|
|t:|1743914424
|move|p1a: Raging Bolt|Thunderclap|p2a: Heatran
|-damage|p2a: Heatran|55/100
|move|p2a: Heatran|Earth Power|p1a: Raging Bolt
|-supereffective|p1a: Raging Bolt
|-damage|p1a: Raging Bolt|0 fnt
|faint|p1a: Raging Bolt
|-end|p1a: Raging Bolt|Protosynthesis|[silent]
|
|-heal|p2a: Heatran|62/100|[from] item: Leftovers
|upkeep
|
|t:|1743914428
|switch|p1a: Iron Crown|Iron Crown|100/100
|-damage|p1a: Iron Crown|94/100|[from] Stealth Rock
|-enditem|p1a: Iron Crown|Booster Energy
|-activate|p1a: Iron Crown|ability: Quark Drive|[fromitem]
|-start|p1a: Iron Crown|quarkdrivespe
|turn|24
|
|t:|1743914432
|move|p1a: Iron Crown|Tachyon Cutter|p2a: Heatran
|-resisted|p2a: Heatran
|-damage|p2a: Heatran|58/100
|-resisted|p2a: Heatran
|-damage|p2a: Heatran|54/100
|-hitcount|p2a: Heatran|2
|move|p2a: Heatran|Magma Storm|p1a: Iron Crown
|-supereffective|p1a: Iron Crown
|-damage|p1a: Iron Crown|20/100
|-activate|p1a: Iron Crown|move: Magma Storm|[of] p2a: Heatran
|
|-heal|p2a: Heatran|60/100|[from] item: Leftovers
|-damage|p1a: Iron Crown|8/100|[from] move: Magma Storm|[partiallytrapped]
|upkeep
|turn|25
|
|t:|1743914435
|move|p1a: Iron Crown|Psyshock|p2a: Heatran
|-resisted|p2a: Heatran
|-damage|p2a: Heatran|45/100
|move|p2a: Heatran|Earth Power|p1a: Iron Crown
|-supereffective|p1a: Iron Crown
|-damage|p1a: Iron Crown|0 fnt
|faint|p1a: Iron Crown
|-end|p1a: Iron Crown|Quark Drive|[silent]
|
|win|lethalwolf
|raw|sad132's rating: 1230 &rarr; <strong>1202</strong><br />(-28 for losing)
|raw|lethalwolf's rating: 1188 &rarr; <strong>1216</strong><br />(+28 for winning)
|l|☆sad132
|player|p1|
|l|☆lethalwolf
|player|p2|
