|j|☆Pronkie
|j|☆CharlyPG
|t:|1743840716
|gametype|singles
|player|p1|Pronkie|ninjaboy|1241
|player|p2|CharlyPG|1|1204
|teamsize|p1|6
|teamsize|p2|6
|gen|9
|tier|[Gen 9] OU
|rated|
|rule|HP Percentage Mod: HP is shown in percentages
|rule|Endless Battle Clause: Forcing endless battles is banned
|rule|Species Clause: Limit one of each Pokémon
|rule|OHKO Clause: OHKO moves are banned
|rule|Evasion Items Clause: Evasion items are banned
|rule|Evasion Moves Clause: Evasion moves are banned
|rule|Sleep Moves Clause: Sleep-inducing moves are banned
|clearpoke
|poke|p1|Ogerpon-Wellspring, F|
|poke|p1|Raging Bolt|
|poke|p1|Great Tusk|
|poke|p1|Heatran, F|
|poke|p1|Enamorus, F|
|poke|p1|Kingambit, M|
|poke|p2|Moltres-Galar|
|poke|p2|Clefable, F|
|poke|p2|Conkeldurr, F|
|poke|p2|Quaquaval, M|
|poke|p2|Slowking-Galar, M|
|poke|p2|Kyurem|
|teampreview
|inactive|Battle timer is ON: inactive players will automatically lose when time's up. (requested by Pronkie)
|
|t:|1743840746
|start
|switch|p1a: Heatran|Heatran, F, shiny|100/100
|switch|p2a: Clefable|Clefable, F|100/100
|turn|1
|
|t:|1743840755
|switch|p2a: Conkeldurr|Conkeldurr, F|100/100
|move|p1a: Heatran|Stealth Rock|p2a: Conkeldurr
|-sidestart|p2: CharlyPG|move: Stealth Rock
|
|-status|p2a: Conkeldurr|brn|[from] item: Flame Orb
|upkeep
|turn|2
|inactive|Pronkie has 120 seconds left.
|
|t:|1743840788
|switch|p1a: Enamorus|Enamorus, F|100/100
|move|p2a: Conkeldurr|Defog|p1a: Enamorus
|-boost|p1a: Enamorus|evasion|1
|-sideend|p2: CharlyPG|Stealth Rock|[from] move: Defog|[of] p2a: Conkeldurr
|
|-damage|p2a: Conkeldurr|94/100 brn|[from] brn
|upkeep
|turn|3
|
|t:|1743840799
|-terastallize|p2a: Conkeldurr|Normal
|move|p1a: Enamorus|Moonblast|p2a: Conkeldurr
|-crit|p2a: Conkeldurr
|-damage|p2a: Conkeldurr|12/100 brn
|move|p2a: Conkeldurr|Facade|p1a: Enamorus
|-damage|p1a: Enamorus|0 fnt
|faint|p1a: Enamorus
|
|-damage|p2a: Conkeldurr|6/100 brn|[from] brn
|upkeep
|inactive|Pronkie has 120 seconds left.
|
|t:|1743840811
|switch|p1a: Raging Bolt|Raging Bolt|100/100
|turn|4
|
|t:|1743840816
|move|p1a: Raging Bolt|Thunderclap|p2a: Conkeldurr
|-damage|p2a: Conkeldurr|0 fnt
|faint|p2a: Conkeldurr
|
|upkeep
|
|t:|1743840827
|switch|p2a: Kyurem|Kyurem|100/100
|-ability|p2a: Kyurem|Pressure
|turn|5
|
|t:|1743840840
|-end|p1a: Raging Bolt|Protosynthesis|[silent]
|switch|p1a: Heatran|Heatran, F, shiny|100/100
|move|p2a: Kyurem|Scale Shot|p1a: Heatran
|-resisted|p1a: Heatran
|-crit|p1a: Heatran
|-damage|p1a: Heatran|91/100
|-resisted|p1a: Heatran
|-damage|p1a: Heatran|85/100
|-resisted|p1a: Heatran
|-damage|p1a: Heatran|80/100
|-resisted|p1a: Heatran
|-damage|p1a: Heatran|74/100
|-hitcount|p1a: Heatran|4
|-unboost|p2a: Kyurem|def|1
|-boost|p2a: Kyurem|spe|1
|
|-heal|p1a: Heatran|80/100|[from] item: Leftovers
|upkeep
|turn|6
|
|t:|1743840858
|switch|p2a: Moltres|Moltres-Galar, shiny|100/100
|move|p1a: Heatran|Magma Storm|p2a: Moltres
|-damage|p2a: Moltres|65/100
|-activate|p2a: Moltres|move: Magma Storm|[of] p1a: Heatran
|
|-heal|p1a: Heatran|86/100|[from] item: Leftovers
|-damage|p2a: Moltres|53/100|[from] move: Magma Storm|[partiallytrapped]
|upkeep
|turn|7
|
|t:|1743840868
|move|p2a: Moltres|Fiery Wrath|p1a: Heatran
|-damage|p1a: Heatran|60/100
|cant|p1a: Heatran|flinch
|
|-heal|p1a: Heatran|67/100|[from] item: Leftovers
|-damage|p2a: Moltres|40/100|[from] move: Magma Storm|[partiallytrapped]
|upkeep
|turn|8
|
|t:|1743840873
|move|p2a: Moltres|Fiery Wrath|p1a: Heatran
|-damage|p1a: Heatran|40/100
|move|p1a: Heatran|Stealth Rock|p2a: Moltres
|-sidestart|p2: CharlyPG|move: Stealth Rock
|
|-heal|p1a: Heatran|46/100|[from] item: Leftovers
|-damage|p2a: Moltres|28/100|[from] move: Magma Storm|[partiallytrapped]
|upkeep
|turn|9
|
|t:|1743840881
|move|p2a: Moltres|Fiery Wrath|p1a: Heatran
|-damage|p1a: Heatran|20/100
|move|p1a: Heatran|Magma Storm|p2a: Moltres
|-damage|p2a: Moltres|0 fnt
|faint|p2a: Moltres
|
|-heal|p1a: Heatran|26/100|[from] item: Leftovers
|upkeep
|
|t:|1743840888
|switch|p2a: Quaquaval|Quaquaval, M|100/100
|-damage|p2a: Quaquaval|94/100|[from] Stealth Rock
|turn|10
|
|t:|1743840895
|switch|p1a: Ogerpon|Ogerpon-Wellspring, F|100/100
|move|p2a: Quaquaval|Flip Turn|p1a: Ogerpon
|-immune|p1a: Ogerpon|[from] ability: Water Absorb
|
|upkeep
|turn|11
|
|t:|1743840903
|move|p1a: Ogerpon|Trailblaze|p2a: Quaquaval
|-supereffective|p2a: Quaquaval
|-damage|p2a: Quaquaval|21/100
|-boost|p1a: Ogerpon|spe|1
|move|p2a: Quaquaval|Close Combat|p1a: Ogerpon
|-damage|p1a: Ogerpon|20/100
|-unboost|p2a: Quaquaval|def|1
|-unboost|p2a: Quaquaval|spd|1
|
|upkeep
|turn|12
|
|t:|1743840920
|switch|p2a: Slowking|Slowking-Galar, M|100/100
|-damage|p2a: Slowking|88/100|[from] Stealth Rock
|move|p1a: Ogerpon|Trailblaze|p2a: Slowking
|-resisted|p2a: Slowking
|-damage|p2a: Slowking|71/100
|-boost|p1a: Ogerpon|spe|1
|
|upkeep
|turn|13
|
|t:|1743840936
|move|p1a: Ogerpon|Ivy Cudgel|p2a: Slowking|[anim] Ivy Cudgel Water
|-damage|p2a: Slowking|12/100
|move|p2a: Slowking|Trick||[still]
|-fail|p2a: Slowking
|
|upkeep
|turn|14
|
|t:|1743840946
|move|p1a: Ogerpon|Ivy Cudgel|p2a: Slowking|[anim] Ivy Cudgel Water
|-damage|p2a: Slowking|0 fnt
|faint|p2a: Slowking
|
|upkeep
|inactive|CharlyPG has 120 seconds left.
|
|t:|1743840985
|switch|p2a: Clefable|Clefable, F|100/100
|turn|15
|
|t:|1743840992
|move|p1a: Ogerpon|Ivy Cudgel|p2a: Clefable|[anim] Ivy Cudgel Water
|-damage|p2a: Clefable|33/100
|move|p2a: Clefable|Moonblast|p1a: Ogerpon
|-damage|p1a: Ogerpon|0 fnt
|faint|p1a: Ogerpon
|
|upkeep
|inactive|Pronkie has 120 seconds left.
|
|t:|1743841023
|switch|p1a: Heatran|Heatran, F, shiny|26/100
|turn|16
|
|t:|1743841028
|move|p1a: Heatran|Magma Storm|p2a: Clefable|[miss]
|-miss|p1a: Heatran|p2a: Clefable
|move|p2a: Clefable|Moonblast|p1a: Heatran
|-resisted|p1a: Heatran
|-damage|p1a: Heatran|18/100
|
|-heal|p1a: Heatran|24/100|[from] item: Leftovers
|upkeep
|turn|17
|
|t:|1743841035
|move|p1a: Heatran|Magma Storm|p2a: Clefable
|-damage|p2a: Clefable|0 fnt
|faint|p2a: Clefable
|
|-heal|p1a: Heatran|30/100|[from] item: Leftovers
|upkeep
|
|t:|1743841038
|switch|p2a: Quaquaval|Quaquaval, M|21/100
|-damage|p2a: Quaquaval|15/100|[from] Stealth Rock
|turn|18
|
|t:|1743841056
|-terastallize|p1a: Heatran|Grass
|move|p2a: Quaquaval|Aqua Step|p1a: Heatran
|-resisted|p1a: Heatran
|-damage|p1a: Heatran|11/100
|-boost|p2a: Quaquaval|spe|1
|move|p1a: Heatran|Earth Power|p2a: Quaquaval
|-damage|p2a: Quaquaval|0 fnt
|faint|p2a: Quaquaval
|
|-heal|p1a: Heatran|17/100|[from] item: Leftovers
|upkeep
|-message|CharlyPG forfeited.
|
|win|Pronkie
|raw|Pronkie's rating: 1241 &rarr; <strong>1263</strong><br />(+22 for winning)
|raw|CharlyPG's rating: 1204 &rarr; <strong>1182</strong><br />(-22 for losing)
|l|☆CharlyPG
|player|p2|
|l|☆Pronkie
|player|p1|
