|j|☆blufferfish2009!
|j|☆Eliano030
|t:|1743938895
|gametype|singles
|player|p1|blufferfish2009!|iris-gen5bw2|1626
|player|p2|Eliano030|102|1589
|teamsize|p1|6
|teamsize|p2|6
|gen|9
|tier|[Gen 9] OU
|rated|
|rule|HP Percentage Mod: HP is shown in percentages
|rule|Endless Battle Clause: Forcing endless battles is banned
|rule|Species Clause: Limit one of each Pokémon
|rule|OHKO Clause: OHKO moves are banned
|rule|Evasion Items Clause: Evasion items are banned
|rule|Evasion Moves Clause: Evasion moves are banned
|rule|Sleep Moves Clause: Sleep-inducing moves are banned
|clearpoke
|poke|p1|Rillaboom, F|
|poke|p1|Ursaluna, F|
|poke|p1|Raging Bolt|
|poke|p1|Enamorus, F|
|poke|p1|Great Tusk|
|poke|p1|Iron Crown|
|poke|p2|Meowscarada, F|
|poke|p2|Cinderace, M|
|poke|p2|Greninja-*, M|
|poke|p2|Garganacl, M|
|poke|p2|Bronzong|
|poke|p2|Donphan, L1, F|
|teampreview
|inactive|Battle timer is ON: inactive players will automatically lose when time's up. (requested by Eliano030)
|
|t:|1743938905
|start
|switch|p1a: Iron Crown|Iron Crown|100/100
|switch|p2a: Goobatron|Donphan, L1, F|100/100
|turn|1
|
|t:|1743938909
|switch|p2a: Bronthong|Bronzong, shiny|100/100
|move|p1a: Iron Crown|Tachyon Cutter|p2a: Bronthong
|-resisted|p2a: Bronthong
|-damage|p2a: Bronthong|88/100
|-resisted|p2a: Bronthong
|-crit|p2a: Bronthong
|-damage|p2a: Bronthong|71/100
|-hitcount|p2a: Bronthong|2
|
|-heal|p2a: Bronthong|77/100|[from] item: Leftovers
|upkeep
|turn|2
|
|t:|1743938915
|-end|p1a: Iron Crown|Quark Drive|[silent]
|switch|p1a: Rillaboom|Rillaboom, F|100/100
|-fieldstart|move: Grassy Terrain|[from] ability: Grassy Surge|[of] p1a: Rillaboom
|move|p2a: Bronthong|Body Press|p1a: Rillaboom
|-damage|p1a: Rillaboom|79/100
|
|-heal|p1a: Rillaboom|85/100|[from] Grassy Terrain
|-heal|p2a: Bronthong|83/100|[from] item: Leftovers
|upkeep
|turn|3
|
|t:|1743938920
|move|p2a: Bronthong|Protect|p2a: Bronthong
|-singleturn|p2a: Bronthong|Protect
|move|p1a: Rillaboom|Knock Off|p2a: Bronthong
|-activate|p2a: Bronthong|move: Protect
|
|-heal|p1a: Rillaboom|91/100|[from] Grassy Terrain
|-heal|p2a: Bronthong|89/100|[from] item: Leftovers
|upkeep
|turn|4
|
|t:|1743938932
|switch|p2a: Saltilter|Garganacl, M|100/100
|move|p1a: Rillaboom|Knock Off|p2a: Saltilter
|-damage|p2a: Saltilter|73/100
|-enditem|p2a: Saltilter|Leftovers|[from] move: Knock Off|[of] p1a: Rillaboom
|
|-heal|p1a: Rillaboom|98/100|[from] Grassy Terrain
|-heal|p2a: Saltilter|79/100|[from] Grassy Terrain
|upkeep
|turn|5
|
|t:|1743938941
|switch|p1a: Ursaluna|Ursaluna, F, shiny|100/100
|move|p2a: Saltilter|Protect||[still]
|-fail|p2a: Saltilter
|
|-heal|p2a: Saltilter|85/100|[from] Grassy Terrain
|upkeep
|turn|6
|
|t:|1743938946
|move|p1a: Ursaluna|Bulk Up|p1a: Ursaluna
|-boost|p1a: Ursaluna|atk|1
|-boost|p1a: Ursaluna|def|1
|move|p2a: Saltilter|Salt Cure|p1a: Ursaluna
|-resisted|p1a: Ursaluna
|-damage|p1a: Ursaluna|97/100
|-start|p1a: Ursaluna|Salt Cure
|
|-heal|p1a: Ursaluna|100/100|[from] Grassy Terrain
|-heal|p2a: Saltilter|91/100|[from] Grassy Terrain
|-damage|p1a: Ursaluna|88/100|[from] Salt Cure
|-fieldend|move: Grassy Terrain
|upkeep
|turn|7
|
|t:|1743938951
|move|p1a: Ursaluna|Bulk Up|p1a: Ursaluna
|-boost|p1a: Ursaluna|atk|1
|-boost|p1a: Ursaluna|def|1
|move|p2a: Saltilter|Body Press|p1a: Ursaluna
|-supereffective|p1a: Ursaluna
|-damage|p1a: Ursaluna|67/100
|
|-heal|p1a: Ursaluna|74/100|[from] item: Leftovers
|-damage|p1a: Ursaluna|61/100|[from] Salt Cure
|upkeep
|turn|8
|
|t:|1743938955
|move|p1a: Ursaluna|Earthquake|p2a: Saltilter
|-supereffective|p2a: Saltilter
|-crit|p2a: Saltilter
|-damage|p2a: Saltilter|0 fnt
|faint|p2a: Saltilter
|
|-heal|p1a: Ursaluna|67/100|[from] item: Leftovers
|-damage|p1a: Ursaluna|55/100|[from] Salt Cure
|upkeep
|
|t:|1743938961
|switch|p2a: Mr Frogston|Greninja, M|100/100
|turn|9
|
|t:|1743938989
|switch|p1a: Raging Bolt|Raging Bolt|100/100
|-enditem|p1a: Raging Bolt|Booster Energy
|-activate|p1a: Raging Bolt|ability: Protosynthesis|[fromitem]
|-start|p1a: Raging Bolt|protosynthesisspa
|move|p2a: Mr Frogston|Hydro Pump|p1a: Raging Bolt
|-resisted|p1a: Raging Bolt
|-damage|p1a: Raging Bolt|78/100
|
|upkeep
|turn|10
|
|t:|1743938997
|switch|p2a: Bronthong|Bronzong, shiny|89/100
|move|p1a: Raging Bolt|Dragon Pulse|p2a: Bronthong
|-resisted|p2a: Bronthong
|-damage|p2a: Bronthong|67/100
|
|-heal|p2a: Bronthong|73/100|[from] item: Leftovers
|upkeep
|turn|11
|
|t:|1743939003
|move|p1a: Raging Bolt|Calm Mind|p1a: Raging Bolt
|-boost|p1a: Raging Bolt|spa|1
|-boost|p1a: Raging Bolt|spd|1
|move|p2a: Bronthong|Future Sight|p1a: Raging Bolt
|-start|p2a: Bronthong|move: Future Sight
|
|-heal|p2a: Bronthong|79/100|[from] item: Leftovers
|upkeep
|turn|12
|
|t:|1743939006
|move|p1a: Raging Bolt|Discharge|p2a: Bronthong
|-damage|p2a: Bronthong|17/100
|move|p2a: Bronthong|Body Press|p1a: Raging Bolt
|-damage|p1a: Raging Bolt|60/100
|
|-heal|p2a: Bronthong|23/100|[from] item: Leftovers
|upkeep
|turn|13
|
|t:|1743939013
|move|p1a: Raging Bolt|Discharge|p2a: Bronthong
|-damage|p2a: Bronthong|0 fnt
|faint|p2a: Bronthong
|
|-end|p1a: Raging Bolt|move: Future Sight
|-damage|p1a: Raging Bolt|38/100
|upkeep
|
|t:|1743939017
|switch|p2a: Goobatron|Donphan, L1, F|100/100
|turn|14
|
|t:|1743939019
|move|p1a: Raging Bolt|Dragon Pulse|p2a: Goobatron
|-ability|p2a: Goobatron|Sturdy
|-damage|p2a: Goobatron|8/100
|move|p2a: Goobatron|Endeavor|p1a: Raging Bolt
|-damage|p1a: Raging Bolt|1/100
|-heal|p2a: Goobatron|100/100|[from] item: Shell Bell|[of] p1a: Raging Bolt
|
|upkeep
|turn|15
|
|t:|1743939033
|-end|p1a: Raging Bolt|Protosynthesis|[silent]
|switch|p1a: Ursaluna|Ursaluna, F, shiny|55/100
|move|p2a: Goobatron|Ice Shard|p1a: Ursaluna
|-supereffective|p1a: Ursaluna
|-damage|p1a: Ursaluna|54/100
|
|-heal|p1a: Ursaluna|61/100|[from] item: Leftovers
|upkeep
|turn|16
|
|t:|1743939040
|move|p1a: Ursaluna|Bulk Up|p1a: Ursaluna
|-boost|p1a: Ursaluna|atk|1
|-boost|p1a: Ursaluna|def|1
|move|p2a: Goobatron|Endeavor|p1a: Ursaluna
|-damage|p1a: Ursaluna|3/100
|
|-heal|p1a: Ursaluna|9/100|[from] item: Leftovers
|upkeep
|turn|17
|
|t:|1743939046
|switch|p2a: Meow Meow|Meowscarada, F|100/100
|move|p1a: Ursaluna|Body Slam|p2a: Meow Meow
|-damage|p2a: Meow Meow|5/100
|
|-heal|p1a: Ursaluna|15/100|[from] item: Leftovers
|upkeep
|turn|18
|
|t:|1743939053
|move|p2a: Meow Meow|Knock Off|p1a: Ursaluna
|-start|p2a: Meow Meow|typechange|Dark|[from] ability: Protean
|-damage|p1a: Ursaluna|0 fnt
|-enditem|p1a: Ursaluna|Leftovers|[from] move: Knock Off|[of] p2a: Meow Meow
|faint|p1a: Ursaluna
|
|upkeep
|
|t:|1743939068
|switch|p1a: Enamorus|Enamorus, F|100/100
|turn|19
|
|t:|1743939075
|move|p2a: Meow Meow|Knock Off|p1a: Enamorus
|-resisted|p1a: Enamorus
|-damage|p1a: Enamorus|63/100
|-enditem|p1a: Enamorus|Choice Scarf|[from] move: Knock Off|[of] p2a: Meow Meow
|move|p1a: Enamorus|Earth Power|p2a: Meow Meow
|-damage|p2a: Meow Meow|0 fnt
|faint|p2a: Meow Meow
|
|upkeep
|
|t:|1743939081
|switch|p2a: Bugs Bunny|Cinderace, M|100/100
|turn|20
|
|t:|1743939105
|move|p2a: Bugs Bunny|Pyro Ball|p1a: Enamorus|[miss]
|-miss|p2a: Bugs Bunny|p1a: Enamorus
|move|p1a: Enamorus|Earth Power|p2a: Bugs Bunny
|-supereffective|p2a: Bugs Bunny
|-damage|p2a: Bugs Bunny|3/100
|
|upkeep
|turn|21
|
|t:|1743939110
|move|p2a: Bugs Bunny|Pyro Ball|p1a: Enamorus
|-damage|p1a: Enamorus|0 fnt
|faint|p1a: Enamorus
|
|upkeep
|c|☆Eliano030|-.-
|
|t:|1743939117
|switch|p1a: Rillaboom|Rillaboom, F|98/100
|-fieldstart|move: Grassy Terrain|[from] ability: Grassy Surge|[of] p1a: Rillaboom
|turn|22
|
|t:|1743939120
|move|p1a: Rillaboom|Grassy Glide|p2a: Bugs Bunny
|-resisted|p2a: Bugs Bunny
|-damage|p2a: Bugs Bunny|0 fnt
|faint|p2a: Bugs Bunny
|
|-heal|p1a: Rillaboom|100/100|[from] Grassy Terrain
|upkeep
|
|t:|1743939123
|switch|p2a: Goobatron|Donphan, L1, F|100/100
|turn|23
|c|☆blufferfish2009!|sorry man
|
|t:|1743939130
|switch|p1a: Raging Bolt|Raging Bolt|1/100
|move|p2a: Goobatron|Endeavor|p1a: Raging Bolt
|-immune|p1a: Raging Bolt
|
|-heal|p1a: Raging Bolt|7/100|[from] Grassy Terrain
|upkeep
|turn|24
|
|t:|1743939143
|move|p2a: Goobatron|Protect|p2a: Goobatron
|-singleturn|p2a: Goobatron|Protect
|move|p1a: Raging Bolt|Discharge|p2a: Goobatron
|-activate|p2a: Goobatron|move: Protect
|
|-heal|p1a: Raging Bolt|13/100|[from] Grassy Terrain
|upkeep
|turn|25
|c|☆Eliano030|damn i misplayed
|inactive|Eliano030 has 120 seconds left.
|
|t:|1743939174
|move|p1a: Raging Bolt|Discharge|p2a: Goobatron
|-immune|p2a: Goobatron
|move|p2a: Goobatron|Sandstorm|p2a: Goobatron
|-weather|Sandstorm
|
|-weather|Sandstorm|[upkeep]
|-damage|p1a: Raging Bolt|7/100|[from] Sandstorm
|-heal|p1a: Raging Bolt|13/100|[from] Grassy Terrain
|upkeep
|turn|26
|inactive|Eliano030 has 120 seconds left.
|
|t:|1743939186
|-end|p1a: Raging Bolt|Protosynthesis|[silent]
|switch|p1a: Great Tusk|Great Tusk, shiny|100/100
|move|p2a: Goobatron|Endeavor|p1a: Great Tusk
|-damage|p1a: Great Tusk|4/100
|-damage|p2a: Goobatron|85/100|[from] item: Rocky Helmet|[of] p1a: Great Tusk
|-heal|p2a: Goobatron|100/100|[from] item: Shell Bell|[of] p1a: Great Tusk
|
|-weather|Sandstorm|[upkeep]
|-heal|p1a: Great Tusk|10/100|[from] Grassy Terrain
|-fieldend|move: Grassy Terrain
|upkeep
|turn|27
|inactive|Eliano030 has 120 seconds left.
|
|t:|1743939207
|switch|p2a: Mr Frogston|Greninja, M|100/100
|move|p1a: Great Tusk|Rapid Spin|p2a: Mr Frogston
|-damage|p2a: Mr Frogston|78/100
|-boost|p1a: Great Tusk|spe|1
|
|-weather|Sandstorm|[upkeep]
|-damage|p2a: Mr Frogston|72/100|[from] Sandstorm
|upkeep
|turn|28
|
|t:|1743939218
|move|p1a: Great Tusk|Headlong Rush|p2a: Mr Frogston
|-damage|p2a: Mr Frogston|0 fnt
|-unboost|p1a: Great Tusk|def|1
|-unboost|p1a: Great Tusk|spd|1
|faint|p2a: Mr Frogston
|
|-weather|Sandstorm|[upkeep]
|upkeep
|c|☆blufferfish2009!|gg
|c|☆Eliano030|gg
|-message|Eliano030 forfeited.
|
|win|blufferfish2009!
|raw|blufferfish2009!'s rating: 1626 &rarr; <strong>1644</strong><br />(+18 for winning)
|raw|Eliano030's rating: 1589 &rarr; <strong>1571</strong><br />(-18 for losing)
|l|☆Eliano030
|player|p2|
|l|☆blufferfish2009!
|player|p1|
|j| DesertGardener
|l| DesertGardener
