|j|☆Mister_ttar
|j|☆Jeeeeemo
|t:|1743869973
|gametype|singles
|player|p1|Mister_ttar|doctor-gen8|1587
|player|p2|Jeeeeemo|li|1490
|teamsize|p1|6
|teamsize|p2|6
|gen|9
|tier|[Gen 9] OU
|rated|
|rule|HP Percentage Mod: HP is shown in percentages
|rule|Endless Battle Clause: Forcing endless battles is banned
|rule|Species Clause: Limit one of each Pokémon
|rule|OHKO Clause: OHKO moves are banned
|rule|Evasion Items Clause: Evasion items are banned
|rule|Evasion Moves Clause: Evasion moves are banned
|rule|Sleep Moves Clause: Sleep-inducing moves are banned
|clearpoke
|poke|p1|Garganacl, M|
|poke|p1|Weezing-Galar, F|
|poke|p1|Corviknight, M|
|poke|p1|Dragapult, M|
|poke|p1|Slowking-Galar, M|
|poke|p1|Samurott-Hisui, F|
|poke|p2|Ceruledge, M|
|poke|p2|Dondozo, M|
|poke|p2|Maushold-Four|
|poke|p2|Tinkaton, F|
|poke|p2|Ditto|
|poke|p2|Dudunsparce-*, F|
|teampreview
|inactive|Battle timer is ON: inactive players will automatically lose when time's up. (requested by Jeeeeemo)
|
|t:|1743869995
|start
|switch|p1a: Garganacl|Garganacl, M|100/100
|switch|p2a: Tinkaton|Tinkaton, F|100/100
|-item|p2a: Tinkaton|Air Balloon
|turn|1
|
|t:|1743870006
|switch|p1a: Corviknight|Corviknight, M|100/100
|-ability|p1a: Corviknight|Pressure
|move|p2a: Tinkaton|Gigaton Hammer|p1a: Corviknight
|-resisted|p1a: Corviknight
|-damage|p1a: Corviknight|84/100
|
|upkeep
|turn|2
|
|t:|1743870014
|move|p2a: Tinkaton|Swords Dance|p2a: Tinkaton
|-boost|p2a: Tinkaton|atk|2
|move|p1a: Corviknight|Body Press|p2a: Tinkaton
|-damage|p2a: Tinkaton|64/100
|-enditem|p2a: Tinkaton|Air Balloon
|-enditem|p1a: Corviknight|Rocky Helmet|[silent]|[from] ability: Pickpocket|[of] p1a: Corviknight
|-item|p2a: Tinkaton|Rocky Helmet|[from] ability: Pickpocket|[of] p1a: Corviknight
|
|upkeep
|turn|3
|inactive|Jeeeeemo has 120 seconds left.
|inactive|Jeeeeemo has 90 seconds left.
|
|t:|1743870098
|move|p2a: Tinkaton|Knock Off|p1a: Corviknight
|-damage|p1a: Corviknight|65/100
|move|p1a: Corviknight|Iron Defense|p1a: Corviknight
|-boost|p1a: Corviknight|def|2
|
|upkeep
|turn|4
|
|t:|1743870107
|switch|p2a: Ditto|Ditto, shiny|100/100
|-transform|p2a: Ditto|p1a: Corviknight|[from] ability: Imposter
|-ability|p2a: Ditto|Pressure
|move|p1a: Corviknight|Roost|p1a: Corviknight
|-heal|p1a: Corviknight|100/100
|-singleturn|p1a: Corviknight|move: Roost
|
|upkeep
|turn|5
|
|t:|1743870122
|switch|p2a: Dondozo|Dondozo, M|100/100
|move|p1a: Corviknight|Body Press|p2a: Dondozo
|-damage|p2a: Dondozo|89/100
|-damage|p1a: Corviknight|84/100|[from] item: Rocky Helmet|[of] p2a: Dondozo
|
|upkeep
|turn|6
|
|t:|1743870132
|switch|p1a: Slowking|Slowking-Galar, M|100/100
|switch|p2a: Ditto|Ditto, shiny|100/100
|-transform|p2a: Ditto|p1a: Slowking|[from] ability: Imposter
|
|upkeep
|turn|7
|
|t:|1743870144
|switch|p2a: Dudunsparce|Dudunsparce, F|100/100
|move|p1a: Slowking|Future Sight|p2a: Dudunsparce
|-start|p1a: Slowking|move: Future Sight
|
|upkeep
|turn|8
|
|t:|1743870150
|move|p2a: Dudunsparce|Glare|p1a: Slowking
|-status|p1a: Slowking|par
|move|p1a: Slowking|Psychic Noise|p2a: Dudunsparce
|-damage|p2a: Dudunsparce|79/100
|-start|p2a: Dudunsparce|move: Heal Block
|
|upkeep
|turn|9
|inactive|Jeeeeemo has 90 seconds left.
|
|t:|1743870163
|move|p2a: Dudunsparce|Coil|p2a: Dudunsparce
|-boost|p2a: Dudunsparce|atk|1
|-boost|p2a: Dudunsparce|def|1
|-boost|p2a: Dudunsparce|accuracy|1
|move|p1a: Slowking|Sludge Bomb|p2a: Dudunsparce
|-damage|p2a: Dudunsparce|55/100
|
|-end|p2a: Dudunsparce|move: Future Sight
|-damage|p2a: Dudunsparce|25/100
|-end|p2a: Dudunsparce|move: Heal Block
|upkeep
|turn|10
|inactive|Jeeeeemo has 90 seconds left.
|
|t:|1743870175
|move|p2a: Dudunsparce|Roost|p2a: Dudunsparce
|-heal|p2a: Dudunsparce|75/100
|-singleturn|p2a: Dudunsparce|move: Roost
|cant|p1a: Slowking|par
|
|-heal|p2a: Dudunsparce|82/100|[from] item: Leftovers
|upkeep
|turn|11
|
|t:|1743870183
|move|p2a: Dudunsparce|Rock Slide|p1a: Slowking
|-damage|p1a: Slowking|72/100 par
|move|p1a: Slowking|Sludge Bomb|p2a: Dudunsparce
|-damage|p2a: Dudunsparce|59/100
|
|-heal|p2a: Dudunsparce|65/100|[from] item: Leftovers
|upkeep
|turn|12
|
|t:|1743870195
|move|p2a: Dudunsparce|Coil|p2a: Dudunsparce
|-boost|p2a: Dudunsparce|atk|1
|-boost|p2a: Dudunsparce|def|1
|-boost|p2a: Dudunsparce|accuracy|1
|move|p1a: Slowking|Sludge Bomb|p2a: Dudunsparce
|-damage|p2a: Dudunsparce|39/100
|
|-heal|p2a: Dudunsparce|45/100|[from] item: Leftovers
|upkeep
|turn|13
|
|t:|1743870203
|move|p2a: Dudunsparce|Rock Slide|p1a: Slowking
|-damage|p1a: Slowking|35/100 par
|cant|p1a: Slowking|flinch
|
|-heal|p2a: Dudunsparce|52/100|[from] item: Leftovers
|upkeep
|turn|14
|inactive|Jeeeeemo has 120 seconds left.
|
|t:|1743870214
|switch|p1a: Corviknight|Corviknight, M|84/100
|-ability|p1a: Corviknight|Pressure
|move|p2a: Dudunsparce|Rock Slide|p1a: Corviknight
|-damage|p1a: Corviknight|64/100
|
|-heal|p2a: Dudunsparce|58/100|[from] item: Leftovers
|upkeep
|turn|15
|
|t:|1743870221
|move|p1a: Corviknight|Roost|p1a: Corviknight
|-heal|p1a: Corviknight|100/100
|-singleturn|p1a: Corviknight|move: Roost
|move|p2a: Dudunsparce|Glare|p1a: Corviknight
|-status|p1a: Corviknight|par
|
|-heal|p2a: Dudunsparce|64/100|[from] item: Leftovers
|upkeep
|turn|16
|
|t:|1743870225
|move|p2a: Dudunsparce|Coil|p2a: Dudunsparce
|-boost|p2a: Dudunsparce|atk|1
|-boost|p2a: Dudunsparce|def|1
|-boost|p2a: Dudunsparce|accuracy|1
|move|p1a: Corviknight|Iron Defense|p1a: Corviknight
|-boost|p1a: Corviknight|def|2
|
|-heal|p2a: Dudunsparce|70/100|[from] item: Leftovers
|upkeep
|turn|17
|
|t:|1743870231
|move|p2a: Dudunsparce|Coil|p2a: Dudunsparce
|-boost|p2a: Dudunsparce|atk|1
|-boost|p2a: Dudunsparce|def|1
|-boost|p2a: Dudunsparce|accuracy|1
|move|p1a: Corviknight|Iron Defense|p1a: Corviknight
|-boost|p1a: Corviknight|def|2
|
|-heal|p2a: Dudunsparce|76/100|[from] item: Leftovers
|upkeep
|turn|18
|
|t:|1743870236
|move|p2a: Dudunsparce|Coil|p2a: Dudunsparce
|-boost|p2a: Dudunsparce|atk|1
|-boost|p2a: Dudunsparce|def|1
|-boost|p2a: Dudunsparce|accuracy|1
|cant|p1a: Corviknight|par
|
|-heal|p2a: Dudunsparce|82/100|[from] item: Leftovers
|upkeep
|turn|19
|
|t:|1743870242
|move|p2a: Dudunsparce|Coil|p2a: Dudunsparce
|-boost|p2a: Dudunsparce|atk|1
|-boost|p2a: Dudunsparce|def|1
|-boost|p2a: Dudunsparce|accuracy|1
|move|p1a: Corviknight|Iron Defense|p1a: Corviknight
|-boost|p1a: Corviknight|def|2
|
|-heal|p2a: Dudunsparce|89/100|[from] item: Leftovers
|upkeep
|turn|20
|
|t:|1743870249
|move|p2a: Dudunsparce|Rock Slide|p1a: Corviknight
|-damage|p1a: Corviknight|89/100 par
|cant|p1a: Corviknight|flinch
|
|-heal|p2a: Dudunsparce|95/100|[from] item: Leftovers
|upkeep
|turn|21
|
|t:|1743870262
|switch|p2a: Dondozo|Dondozo, M|89/100
|move|p1a: Corviknight|Body Press|p2a: Dondozo
|-damage|p2a: Dondozo|77/100
|-damage|p1a: Corviknight|73/100 par|[from] item: Rocky Helmet|[of] p2a: Dondozo
|
|upkeep
|turn|22
|
|t:|1743870270
|switch|p2a: Ditto|Ditto, shiny|100/100
|-transform|p2a: Ditto|p1a: Corviknight|[from] ability: Imposter
|-ability|p2a: Ditto|Pressure
|switch|p1a: Slowking|Slowking-Galar, M|68/100 par
|
|upkeep
|turn|23
|-activate|p2a: Ditto|item: Quick Claw
|
|t:|1743870276
|move|p2a: Ditto|Body Press|p1a: Slowking
|-resisted|p1a: Slowking
|-damage|p1a: Slowking|41/100 par
|move|p1a: Slowking|Flamethrower|p2a: Ditto
|-supereffective|p2a: Ditto
|-damage|p2a: Ditto|38/100
|
|upkeep
|turn|24
|
|t:|1743870285
|switch|p2a: Ceruledge|Ceruledge, M|100/100
|cant|p1a: Slowking|par
|
|upkeep
|turn|25
|
|t:|1743870295
|switch|p1a: Garganacl|Garganacl, M|100/100
|move|p2a: Ceruledge|Close Combat|p1a: Garganacl
|-supereffective|p1a: Garganacl
|-damage|p1a: Garganacl|52/100
|-unboost|p2a: Ceruledge|def|1
|-unboost|p2a: Ceruledge|spd|1
|
|-heal|p1a: Garganacl|58/100|[from] item: Leftovers
|upkeep
|turn|26
|
|t:|1743870308
|move|p2a: Ceruledge|Close Combat|p1a: Garganacl
|-supereffective|p1a: Garganacl
|-damage|p1a: Garganacl|7/100
|-unboost|p2a: Ceruledge|def|1
|-unboost|p2a: Ceruledge|spd|1
|move|p1a: Garganacl|Recover|p1a: Garganacl
|-heal|p1a: Garganacl|57/100
|
|-heal|p1a: Garganacl|63/100|[from] item: Leftovers
|upkeep
|turn|27
|
|t:|1743870315
|switch|p2a: Maushold|Maushold-Four|100/100
|move|p1a: Garganacl|Salt Cure|p2a: Maushold
|-damage|p2a: Maushold|77/100
|-start|p2a: Maushold|Salt Cure
|
|-heal|p1a: Garganacl|69/100|[from] item: Leftovers
|-damage|p2a: Maushold|64/100|[from] Salt Cure
|upkeep
|turn|28
|
|t:|1743870322
|switch|p2a: Ditto|Ditto, shiny|38/100
|-transform|p2a: Ditto|p1a: Garganacl|[from] ability: Imposter
|move|p1a: Garganacl|Stealth Rock|p2a: Ditto
|-sidestart|p2: Jeeeeemo|move: Stealth Rock
|
|-heal|p1a: Garganacl|75/100|[from] item: Leftovers
|upkeep
|turn|29
|
|t:|1743870325
|move|p1a: Garganacl|Salt Cure|p2a: Ditto
|-damage|p2a: Ditto|25/100
|-start|p2a: Ditto|Salt Cure
|move|p2a: Ditto|Recover|p2a: Ditto
|-heal|p2a: Ditto|75/100
|
|-heal|p1a: Garganacl|81/100|[from] item: Leftovers
|-damage|p2a: Ditto|63/100|[from] Salt Cure
|upkeep
|turn|30
|-activate|p2a: Ditto|item: Quick Claw
|
|t:|1743870331
|move|p2a: Ditto|Salt Cure|p1a: Garganacl
|-damage|p1a: Garganacl|73/100
|-start|p1a: Garganacl|Salt Cure
|move|p1a: Garganacl|Salt Cure|p2a: Ditto
|-damage|p2a: Ditto|52/100
|
|-heal|p1a: Garganacl|79/100|[from] item: Leftovers
|-damage|p1a: Garganacl|66/100|[from] Salt Cure
|-damage|p2a: Ditto|39/100|[from] Salt Cure
|upkeep
|turn|31
|-activate|p2a: Ditto|item: Quick Claw
|
|t:|1743870337
|switch|p1a: Weezing|Weezing-Galar, F|100/100
|-ability|p1a: Weezing|Neutralizing Gas
|move|p2a: Ditto|Recover|p2a: Ditto
|-heal|p2a: Ditto|89/100
|
|-damage|p2a: Ditto|77/100|[from] Salt Cure
|upkeep
|turn|32
|
|t:|1743870347
|move|p1a: Weezing|Will-O-Wisp|p2a: Ditto
|-status|p2a: Ditto|brn
|move|p2a: Ditto|Stealth Rock|p1a: Weezing
|-sidestart|p1: Mister_ttar|move: Stealth Rock
|
|-damage|p2a: Ditto|71/100 brn|[from] brn
|-damage|p2a: Ditto|59/100 brn|[from] Salt Cure
|upkeep
|turn|33
|-activate|p2a: Ditto|item: Quick Claw
|
|t:|1743870356
|move|p2a: Ditto|Recover|p2a: Ditto
|-heal|p2a: Ditto|100/100 brn
|move|p1a: Weezing|Strange Steam|p2a: Ditto
|-damage|p2a: Ditto|77/100 brn
|
|-damage|p2a: Ditto|71/100 brn|[from] brn
|-damage|p2a: Ditto|59/100 brn|[from] Salt Cure
|upkeep
|turn|34
|
|t:|1743870362
|move|p1a: Weezing|Will-O-Wisp|p2a: Ditto
|-fail|p2a: Ditto|brn
|move|p2a: Ditto|Salt Cure|p1a: Weezing
|-damage|p1a: Weezing|96/100
|-start|p1a: Weezing|Salt Cure
|
|-damage|p2a: Ditto|53/100 brn|[from] brn
|-damage|p1a: Weezing|84/100|[from] Salt Cure
|-damage|p2a: Ditto|40/100 brn|[from] Salt Cure
|upkeep
|turn|35
|
|t:|1743870371
|-end|p1a: Weezing|ability: Neutralizing Gas
|switch|p1a: Garganacl|Garganacl, M|66/100
|-damage|p1a: Garganacl|54/100|[from] Stealth Rock
|move|p2a: Ditto|Recover|p2a: Ditto
|-heal|p2a: Ditto|90/100 brn
|
|-heal|p1a: Garganacl|60/100|[from] item: Leftovers
|-damage|p2a: Ditto|84/100 brn|[from] brn
|-damage|p2a: Ditto|72/100 brn|[from] Salt Cure
|upkeep
|turn|36
|-activate|p2a: Ditto|item: Quick Claw
|
|t:|1743870377
|move|p1a: Garganacl|Protect|p1a: Garganacl
|-singleturn|p1a: Garganacl|Protect
|move|p2a: Ditto|Salt Cure|p1a: Garganacl
|-activate|p1a: Garganacl|move: Protect
|
|-heal|p1a: Garganacl|66/100|[from] item: Leftovers
|-damage|p2a: Ditto|66/100 brn|[from] brn
|-damage|p2a: Ditto|54/100 brn|[from] Salt Cure
|upkeep
|turn|37
|
|t:|1743870397
|move|p1a: Garganacl|Recover|p1a: Garganacl
|-heal|p1a: Garganacl|100/100
|move|p2a: Ditto|Recover|p2a: Ditto
|-heal|p2a: Ditto|100/100 brn
|
|-damage|p2a: Ditto|94/100 brn|[from] brn
|-damage|p2a: Ditto|82/100 brn|[from] Salt Cure
|upkeep
|turn|38
|
|t:|1743870404
|move|p1a: Garganacl|Protect|p1a: Garganacl
|-singleturn|p1a: Garganacl|Protect
|move|p2a: Ditto|Salt Cure|p1a: Garganacl
|-activate|p1a: Garganacl|move: Protect
|
|-damage|p2a: Ditto|76/100 brn|[from] brn
|-damage|p2a: Ditto|64/100 brn|[from] Salt Cure
|upkeep
|turn|39
|
|t:|1743870412
|move|p2a: Ditto|Salt Cure|p1a: Garganacl
|-damage|p1a: Garganacl|96/100
|-start|p1a: Garganacl|Salt Cure
|move|p1a: Garganacl|Salt Cure|p2a: Ditto
|-damage|p2a: Ditto|51/100 brn
|
|-heal|p1a: Garganacl|100/100|[from] item: Leftovers
|-damage|p2a: Ditto|45/100 brn|[from] brn
|-damage|p2a: Ditto|32/100 brn|[from] Salt Cure
|-damage|p1a: Garganacl|88/100|[from] Salt Cure
|upkeep
|turn|40
|
|t:|1743870424
|switch|p2a: Tinkaton|Tinkaton, F|64/100
|-damage|p2a: Tinkaton|58/100|[from] Stealth Rock
|move|p1a: Garganacl|Salt Cure|p2a: Tinkaton
|-resisted|p2a: Tinkaton
|-damage|p2a: Tinkaton|49/100
|-start|p2a: Tinkaton|Salt Cure
|
|-heal|p1a: Garganacl|94/100|[from] item: Leftovers
|-damage|p2a: Tinkaton|25/100|[from] Salt Cure
|-damage|p1a: Garganacl|82/100|[from] Salt Cure
|upkeep
|turn|41
|
|t:|1743870431
|switch|p2a: Ditto|Ditto, shiny|32/100 brn
|-damage|p2a: Ditto|20/100 brn|[from] Stealth Rock
|-transform|p2a: Ditto|p1a: Garganacl|[from] ability: Imposter
|move|p1a: Garganacl|Protect||[still]
|-fail|p1a: Garganacl
|
|-heal|p1a: Garganacl|88/100|[from] item: Leftovers
|-damage|p2a: Ditto|14/100 brn|[from] brn
|-damage|p1a: Garganacl|76/100|[from] Salt Cure
|upkeep
|turn|42
|-activate|p2a: Ditto|item: Quick Claw
|
|t:|1743870434
|move|p2a: Ditto|Recover|p2a: Ditto
|-heal|p2a: Ditto|64/100 brn
|move|p1a: Garganacl|Salt Cure|p2a: Ditto
|-damage|p2a: Ditto|53/100 brn
|-start|p2a: Ditto|Salt Cure
|
|-heal|p1a: Garganacl|82/100|[from] item: Leftovers
|-damage|p2a: Ditto|47/100 brn|[from] brn
|-damage|p2a: Ditto|34/100 brn|[from] Salt Cure
|-damage|p1a: Garganacl|70/100|[from] Salt Cure
|upkeep
|turn|43
|
|t:|1743870438
|switch|p1a: Weezing|Weezing-Galar, F|84/100
|-ability|p1a: Weezing|Neutralizing Gas
|move|p2a: Ditto|Recover|p2a: Ditto
|-heal|p2a: Ditto|84/100 brn
|
|-damage|p2a: Ditto|78/100 brn|[from] brn
|-damage|p2a: Ditto|66/100 brn|[from] Salt Cure
|upkeep
|turn|44
|
|t:|1743870445
|move|p1a: Weezing|Strange Steam|p2a: Ditto
|-damage|p2a: Ditto|42/100 brn
|move|p2a: Ditto|Salt Cure|p1a: Weezing
|-damage|p1a: Weezing|80/100
|-start|p1a: Weezing|Salt Cure
|
|-damage|p2a: Ditto|36/100 brn|[from] brn
|-damage|p1a: Weezing|67/100|[from] Salt Cure
|-damage|p2a: Ditto|24/100 brn|[from] Salt Cure
|upkeep
|turn|45
|
|t:|1743870458
|move|p1a: Weezing|Strange Steam|p2a: Ditto
|-damage|p2a: Ditto|0 fnt
|faint|p2a: Ditto
|
|-damage|p1a: Weezing|55/100|[from] Salt Cure
|upkeep
|
|t:|1743870468
|switch|p2a: Maushold|Maushold-Four|64/100
|-damage|p2a: Maushold|52/100|[from] Stealth Rock
|turn|46
|
|t:|1743870475
|move|p2a: Maushold|Tidy Up|p2a: Maushold
|-sideend|p2: Jeeeeemo|Stealth Rock
|-sideend|p1: Mister_ttar|Stealth Rock
|-activate|p2a: Maushold|move: Tidy Up
|-boost|p2a: Maushold|atk|1
|-boost|p2a: Maushold|spe|1
|move|p1a: Weezing|Will-O-Wisp|p2a: Maushold
|-status|p2a: Maushold|brn
|
|-damage|p2a: Maushold|45/100 brn|[from] brn
|-damage|p1a: Weezing|43/100|[from] Salt Cure
|upkeep
|turn|47
|
|t:|1743870482
|-end|p1a: Weezing|ability: Neutralizing Gas
|switch|p1a: Garganacl|Garganacl, M|70/100
|move|p2a: Maushold|Population Bomb|p1a: Garganacl
|-resisted|p1a: Garganacl
|-damage|p1a: Garganacl|67/100
|-resisted|p1a: Garganacl
|-damage|p1a: Garganacl|64/100
|-resisted|p1a: Garganacl
|-damage|p1a: Garganacl|62/100
|-resisted|p1a: Garganacl
|-damage|p1a: Garganacl|59/100
|-resisted|p1a: Garganacl
|-damage|p1a: Garganacl|56/100
|-resisted|p1a: Garganacl
|-damage|p1a: Garganacl|54/100
|-resisted|p1a: Garganacl
|-damage|p1a: Garganacl|51/100
|-resisted|p1a: Garganacl
|-damage|p1a: Garganacl|48/100
|-resisted|p1a: Garganacl
|-damage|p1a: Garganacl|46/100
|-resisted|p1a: Garganacl
|-damage|p1a: Garganacl|43/100
|-hitcount|p1a: Garganacl|10
|
|-heal|p1a: Garganacl|49/100|[from] item: Leftovers
|-damage|p2a: Maushold|39/100 brn|[from] brn
|upkeep
|turn|48
|
|t:|1743870489
|move|p2a: Maushold|Population Bomb|p1a: Garganacl
|-resisted|p1a: Garganacl
|-damage|p1a: Garganacl|47/100
|-resisted|p1a: Garganacl
|-damage|p1a: Garganacl|44/100
|-resisted|p1a: Garganacl
|-damage|p1a: Garganacl|41/100
|-resisted|p1a: Garganacl
|-damage|p1a: Garganacl|39/100
|-resisted|p1a: Garganacl
|-damage|p1a: Garganacl|36/100
|-resisted|p1a: Garganacl
|-damage|p1a: Garganacl|33/100
|-resisted|p1a: Garganacl
|-damage|p1a: Garganacl|31/100
|-resisted|p1a: Garganacl
|-damage|p1a: Garganacl|28/100
|-resisted|p1a: Garganacl
|-damage|p1a: Garganacl|26/100
|-resisted|p1a: Garganacl
|-damage|p1a: Garganacl|23/100
|-hitcount|p1a: Garganacl|10
|move|p1a: Garganacl|Recover|p1a: Garganacl
|-heal|p1a: Garganacl|73/100
|
|-heal|p1a: Garganacl|79/100|[from] item: Leftovers
|-damage|p2a: Maushold|33/100 brn|[from] brn
|upkeep
|turn|49
|
|t:|1743870494
|move|p2a: Maushold|Encore|p1a: Garganacl
|-start|p1a: Garganacl|Encore
|move|p1a: Garganacl|Recover|p1a: Garganacl
|-heal|p1a: Garganacl|100/100
|
|-damage|p2a: Maushold|27/100 brn|[from] brn
|upkeep
|turn|50
|
|t:|1743870501
|switch|p1a: Corviknight|Corviknight, M|73/100 par
|-ability|p1a: Corviknight|Pressure
|move|p2a: Maushold|Tidy Up|p2a: Maushold
|-boost|p2a: Maushold|atk|1
|-boost|p2a: Maushold|spe|1
|
|-damage|p2a: Maushold|21/100 brn|[from] brn
|upkeep
|turn|51
|
|t:|1743870508
|move|p2a: Maushold|Population Bomb|p1a: Corviknight
|-resisted|p1a: Corviknight
|-damage|p1a: Corviknight|69/100 par
|-resisted|p1a: Corviknight
|-damage|p1a: Corviknight|66/100 par
|-resisted|p1a: Corviknight
|-damage|p1a: Corviknight|63/100 par
|-resisted|p1a: Corviknight
|-damage|p1a: Corviknight|60/100 par
|-resisted|p1a: Corviknight
|-damage|p1a: Corviknight|57/100 par
|-resisted|p1a: Corviknight
|-crit|p1a: Corviknight
|-damage|p1a: Corviknight|52/100 par
|-resisted|p1a: Corviknight
|-damage|p1a: Corviknight|49/100 par
|-resisted|p1a: Corviknight
|-damage|p1a: Corviknight|46/100 par
|-resisted|p1a: Corviknight
|-damage|p1a: Corviknight|43/100 par
|-resisted|p1a: Corviknight
|-damage|p1a: Corviknight|40/100 par
|-hitcount|p1a: Corviknight|10
|cant|p1a: Corviknight|par
|
|-damage|p2a: Maushold|14/100 brn|[from] brn
|upkeep
|turn|52
|
|t:|1743870516
|move|p2a: Maushold|Population Bomb|p1a: Corviknight|[miss]
|-miss|p2a: Maushold|p1a: Corviknight
|move|p1a: Corviknight|Roost|p1a: Corviknight
|-heal|p1a: Corviknight|90/100 par
|-singleturn|p1a: Corviknight|move: Roost
|
|-damage|p2a: Maushold|8/100 brn|[from] brn
|upkeep
|turn|53
|
|t:|1743870522
|switch|p1a: Dragapult|Dragapult, M|100/100
|move|p2a: Maushold|Population Bomb|p1a: Dragapult
|-immune|p1a: Dragapult
|
|-damage|p2a: Maushold|2/100 brn|[from] brn
|upkeep
|turn|54
|
|t:|1743870528
|switch|p1a: Weezing|Weezing-Galar, F|43/100
|-ability|p1a: Weezing|Neutralizing Gas
|move|p2a: Maushold|Thief|p1a: Weezing
|-resisted|p1a: Weezing
|-damage|p1a: Weezing|39/100
|
|-damage|p2a: Maushold|0 fnt|[from] brn
|faint|p2a: Maushold
|upkeep
|
|t:|1743870532
|switch|p2a: Tinkaton|Tinkaton, F|25/100
|turn|55
|
|t:|1743870545
|-end|p1a: Weezing|ability: Neutralizing Gas
|switch|p1a: Samurott|Samurott-Hisui, F|100/100
|move|p2a: Tinkaton|Gigaton Hammer|p1a: Samurott
|-resisted|p1a: Samurott
|-damage|p1a: Samurott|65/100
|
|upkeep
|turn|56
|
|t:|1743870552
|move|p1a: Samurott|Ceaseless Edge|p2a: Tinkaton
|-resisted|p2a: Tinkaton
|-damage|p2a: Tinkaton|0 fnt
|-damage|p1a: Samurott|49/100|[from] item: Rocky Helmet|[of] p2a: Tinkaton
|-sidestart|p2: Jeeeeemo|Spikes
|faint|p2a: Tinkaton
|
|upkeep
|
|t:|1743870559
|switch|p2a: Dudunsparce|Dudunsparce, F|95/100
|-damage|p2a: Dudunsparce|82/100|[from] Spikes
|turn|57
|
|t:|1743870577
|switch|p1a: Garganacl|Garganacl, M|100/100
|move|p2a: Dudunsparce|Coil|p2a: Dudunsparce
|-boost|p2a: Dudunsparce|atk|1
|-boost|p2a: Dudunsparce|def|1
|-boost|p2a: Dudunsparce|accuracy|1
|
|-heal|p2a: Dudunsparce|89/100|[from] item: Leftovers
|upkeep
|turn|58
|
|t:|1743870582
|move|p2a: Dudunsparce|Coil|p2a: Dudunsparce
|-boost|p2a: Dudunsparce|atk|1
|-boost|p2a: Dudunsparce|def|1
|-boost|p2a: Dudunsparce|accuracy|1
|move|p1a: Garganacl|Salt Cure|p2a: Dudunsparce
|-damage|p2a: Dudunsparce|83/100
|-start|p2a: Dudunsparce|Salt Cure
|
|-heal|p2a: Dudunsparce|89/100|[from] item: Leftovers
|-damage|p2a: Dudunsparce|76/100|[from] Salt Cure
|upkeep
|turn|59
|-message|Jeeeeemo forfeited.
|
|win|Mister_ttar
|raw|Mister_ttar's rating: 1587 &rarr; <strong>1602</strong><br />(+15 for winning)
|raw|Jeeeeemo's rating: 1490 &rarr; <strong>1475</strong><br />(-15 for losing)
|l|☆Jeeeeemo
|player|p2|
|l|☆Mister_ttar
|player|p1|
