|j|☆Boiplay Carti
|j|☆vale812003
|t:|1743876098
|gametype|singles
|player|p1|Boiplay Carti|plasmagrunt|1183
|player|p2|vale812003|brycenman|1218
|teamsize|p1|6
|teamsize|p2|6
|gen|9
|tier|[Gen 9] OU
|rated|
|rule|HP Percentage Mod: HP is shown in percentages
|rule|Endless Battle Clause: Forcing endless battles is banned
|rule|Species Clause: Limit one of each Pokémon
|rule|OHKO Clause: OHKO moves are banned
|rule|Evasion Items Clause: Evasion items are banned
|rule|Evasion Moves Clause: Evasion moves are banned
|rule|Sleep Moves Clause: Sleep-inducing moves are banned
|clearpoke
|poke|p1|Zapdos|
|poke|p1|Slowking-Galar, M|
|poke|p1|Iron Valiant|
|poke|p1|Hawlucha, F|
|poke|p1|Weavile, M|
|poke|p1|Metagross|
|poke|p2|Kingambit, F|
|poke|p2|Kommo-o, F|
|poke|p2|Zamazenta-*|
|poke|p2|Polteageist|
|poke|p2|Slowking-Galar, F|
|poke|p2|Sinistcha|
|teampreview
|inactive|Battle timer is ON: inactive players will automatically lose when time's up. (requested by vale812003)
|inactive|Boiplay Carti also wants the timer to be on.
|l|☆vale812003
|inactive|vale812003 disconnected and has a minute to reconnect!
|player|p2|
|j|☆vale812003
|inactive|vale812003 reconnected and has 130 seconds left.
|player|p2|vale812003|brycenman|
|inactive|vale812003 has 120 seconds left.
|
|t:|1743876134
|start
|switch|p1a: dodo|Zapdos|100/100
|switch|p2a: Sinistcha|Sinistcha|100/100
|turn|1
|
|t:|1743876140
|move|p1a: dodo|Heat Wave|p2a: Sinistcha
|-supereffective|p2a: Sinistcha
|-damage|p2a: Sinistcha|56/100
|move|p2a: Sinistcha|Calm Mind|p2a: Sinistcha
|-boost|p2a: Sinistcha|spa|1
|-boost|p2a: Sinistcha|spd|1
|
|-heal|p2a: Sinistcha|62/100|[from] item: Leftovers
|upkeep
|turn|2
|
|t:|1743876147
|move|p1a: dodo|Heat Wave|p2a: Sinistcha
|-supereffective|p2a: Sinistcha
|-damage|p2a: Sinistcha|32/100
|move|p2a: Sinistcha|Calm Mind|p2a: Sinistcha
|-boost|p2a: Sinistcha|spa|1
|-boost|p2a: Sinistcha|spd|1
|
|-heal|p2a: Sinistcha|38/100|[from] item: Leftovers
|upkeep
|turn|3
|
|t:|1743876166
|move|p1a: dodo|U-turn|p2a: Sinistcha
|-damage|p2a: Sinistcha|28/100
|
|t:|1743876168
|switch|p1a: chacha|Hawlucha, F|100/100|[from] U-turn
|-ability|p1a: chacha|Mold Breaker
|move|p2a: Sinistcha|Strength Sap|p1a: chacha
|-unboost|p1a: chacha|atk|1
|-heal|p2a: Sinistcha|100/100
|
|upkeep
|turn|4
|
|t:|1743876180
|move|p1a: chacha|U-turn|p2a: Sinistcha
|-crit|p2a: Sinistcha
|-damage|p2a: Sinistcha|80/100
|
|t:|1743876182
|switch|p1a: chopped chin|Weavile, M|100/100|[from] U-turn
|-ability|p1a: chopped chin|Pressure
|move|p2a: Sinistcha|Shadow Ball|p1a: chopped chin
|-resisted|p1a: chopped chin
|-damage|p1a: chopped chin|58/100
|
|-heal|p2a: Sinistcha|86/100|[from] item: Leftovers
|upkeep
|turn|5
|
|t:|1743876192
|move|p1a: chopped chin|Knock Off|p2a: Sinistcha
|-supereffective|p2a: Sinistcha
|-damage|p2a: Sinistcha|12/100
|-enditem|p2a: Sinistcha|Leftovers|[from] move: Knock Off|[of] p1a: chopped chin
|move|p2a: Sinistcha|Strength Sap|p1a: chopped chin
|-unboost|p1a: chopped chin|atk|1
|-heal|p2a: Sinistcha|100/100
|
|upkeep
|turn|6
|
|t:|1743876204
|switch|p1a: chacha|Hawlucha, F|100/100
|-ability|p1a: chacha|Mold Breaker
|move|p2a: Sinistcha|Matcha Gotcha|p1a: chacha
|-resisted|p1a: chacha
|-damage|p1a: chacha|50/100
|-status|p1a: chacha|brn
|
|-damage|p1a: chacha|44/100 brn|[from] brn
|upkeep
|turn|7
|
|t:|1743876214
|move|p1a: chacha|Dual Wingbeat|p2a: Sinistcha
|-supereffective|p2a: Sinistcha
|-damage|p2a: Sinistcha|88/100
|-supereffective|p2a: Sinistcha
|-crit|p2a: Sinistcha
|-damage|p2a: Sinistcha|72/100
|-hitcount|p2a: Sinistcha|2
|move|p2a: Sinistcha|Matcha Gotcha|p1a: chacha
|-resisted|p1a: chacha
|-damage|p1a: chacha|0 fnt
|-heal|p2a: Sinistcha|92/100|[from] drain|[of] p1a: chacha
|faint|p1a: chacha
|
|upkeep
|
|t:|1743876221
|switch|p1a: chopped chin|Weavile, M|58/100
|-ability|p1a: chopped chin|Pressure
|turn|8
|
|t:|1743876228
|move|p1a: chopped chin|Ice Spinner|p2a: Sinistcha
|-supereffective|p2a: Sinistcha
|-damage|p2a: Sinistcha|36/100
|move|p2a: Sinistcha|Matcha Gotcha|p1a: chopped chin
|-damage|p1a: chopped chin|0 fnt
|-heal|p2a: Sinistcha|59/100|[from] drain|[of] p1a: chopped chin
|faint|p1a: chopped chin
|
|upkeep
|
|t:|1743876234
|switch|p1a: iron ho|Iron Valiant|100/100
|turn|9
|
|t:|1743876239
|move|p1a: iron ho|Taunt|p2a: Sinistcha
|-start|p2a: Sinistcha|move: Taunt
|move|p2a: Sinistcha|Matcha Gotcha|p1a: iron ho|[miss]
|-miss|p2a: Sinistcha|p1a: iron ho
|
|upkeep
|turn|10
|
|t:|1743876254
|-end|p1a: iron ho|Quark Drive|[silent]
|switch|p1a: dave blunts|Slowking-Galar, M|100/100
|move|p2a: Sinistcha|Matcha Gotcha|p1a: dave blunts
|-resisted|p1a: dave blunts
|-damage|p1a: dave blunts|78/100
|-heal|p2a: Sinistcha|72/100|[from] drain|[of] p1a: dave blunts
|
|-heal|p1a: dave blunts|84/100|[from] item: Black Sludge
|upkeep
|turn|11
|
|t:|1743876259
|move|p2a: Sinistcha|Shadow Ball|p1a: dave blunts
|-supereffective|p1a: dave blunts
|-damage|p1a: dave blunts|0 fnt
|faint|p1a: dave blunts
|
|-end|p2a: Sinistcha|move: Taunt
|upkeep
|-message|Boiplay Carti forfeited.
|
|win|vale812003
|raw|Boiplay Carti's rating: 1183 &rarr; <strong>1161</strong><br />(-22 for losing)
|raw|vale812003's rating: 1218 &rarr; <strong>1240</strong><br />(+22 for winning)
|l|☆Boiplay Carti
|player|p1|
