|j|☆Xism
|j|☆jeheheyehwuiwhw
|t:|1743901676
|gametype|singles
|player|p1|Xism|265|1029
|player|p2|jeheheyehwuiwhw|266|1046
|teamsize|p1|6
|teamsize|p2|6
|gen|9
|tier|[Gen 9] OU
|rated|
|rule|HP Percentage Mod: HP is shown in percentages
|rule|Endless Battle Clause: Forcing endless battles is banned
|rule|Species Clause: Limit one of each Pokémon
|rule|OHKO Clause: OHKO moves are banned
|rule|Evasion Items Clause: Evasion items are banned
|rule|Evasion Moves Clause: Evasion moves are banned
|rule|Sleep Moves Clause: Sleep-inducing moves are banned
|clearpoke
|poke|p1|Garchomp, M|
|poke|p1|Dragonite, M|
|poke|p1|Ludicolo, F|
|poke|p1|Hippowdon, M|
|poke|p1|Skarmory, M|
|poke|p1|Scizor, F|
|poke|p2|Salazzle, F|
|poke|p2|Araquanid, F|
|poke|p2|Dragapult, F|
|poke|p2|Samurott-Hisui, M|
|poke|p2|Kyurem|
|poke|p2|Enamorus, F|
|teampreview
|
|t:|1743901702
|start
|switch|p1a: Hippowdon|Hippowdon, M|100/100
|switch|p2a: Enamorus|Enamorus, F|100/100
|-weather|Sandstorm|[from] ability: Sand Stream|[of] p1a: Hippowdon
|turn|1
|
|t:|1743901711
|move|p2a: Enamorus|Moonblast|p1a: Hippowdon
|-damage|p1a: Hippowdon|45/100
|-damage|p2a: Enamorus|91/100|[from] item: Life Orb
|move|p1a: Hippowdon|Stealth Rock|p2a: Enamorus
|-sidestart|p2: jeheheyehwuiwhw|move: Stealth Rock
|
|-weather|Sandstorm|[upkeep]
|-damage|p2a: Enamorus|85/100|[from] Sandstorm
|-heal|p1a: Hippowdon|52/100|[from] item: Leftovers
|upkeep
|turn|2
|
|t:|1743901724
|switch|p1a: Ludicolo|Ludicolo, F|100/100
|move|p2a: Enamorus|Mystical Fire|p1a: Ludicolo
|-damage|p1a: Ludicolo|61/100
|-unboost|p1a: Ludicolo|spa|1
|-damage|p2a: Enamorus|75/100|[from] item: Life Orb
|
|-weather|Sandstorm|[upkeep]
|-damage|p2a: Enamorus|69/100|[from] Sandstorm
|-damage|p1a: Ludicolo|55/100|[from] Sandstorm
|upkeep
|turn|3
|
|t:|1743901735
|move|p2a: Enamorus|Moonblast|p1a: Ludicolo
|-damage|p1a: Ludicolo|0 fnt
|faint|p1a: Ludicolo
|-damage|p2a: Enamorus|59/100|[from] item: Life Orb
|
|-weather|Sandstorm|[upkeep]
|-damage|p2a: Enamorus|53/100|[from] Sandstorm
|upkeep
|
|t:|1743901743
|switch|p1a: Garchomp|Garchomp, M|100/100
|turn|4
|
|t:|1743901748
|move|p2a: Enamorus|Moonblast|p1a: Garchomp
|-supereffective|p1a: Garchomp
|-damage|p1a: Garchomp|0 fnt
|faint|p1a: Garchomp
|-damage|p2a: Enamorus|43/100|[from] item: Life Orb
|
|-weather|Sandstorm|[upkeep]
|-damage|p2a: Enamorus|37/100|[from] Sandstorm
|upkeep
|
|t:|1743901756
|switch|p1a: Dragonite|Dragonite, M|100/100
|turn|5
|
|t:|1743901760
|move|p2a: Enamorus|Moonblast|p1a: Dragonite
|-supereffective|p1a: Dragonite
|-damage|p1a: Dragonite|36/100
|-damage|p2a: Enamorus|27/100|[from] item: Life Orb
|move|p1a: Dragonite|Dragon Dance|p1a: Dragonite
|-boost|p1a: Dragonite|atk|1
|-boost|p1a: Dragonite|spe|1
|
|-weather|none
|-heal|p1a: Dragonite|42/100|[from] item: Leftovers
|upkeep
|turn|6
|
|t:|1743901770
|move|p1a: Dragonite|Thunder Punch|p2a: Enamorus
|-supereffective|p2a: Enamorus
|-damage|p2a: Enamorus|0 fnt
|faint|p2a: Enamorus
|
|-heal|p1a: Dragonite|48/100|[from] item: Leftovers
|upkeep
|
|t:|1743901772
|switch|p2a: Dragapult|Dragapult, F|100/100
|-damage|p2a: Dragapult|88/100|[from] Stealth Rock
|turn|7
|
|t:|1743901780
|move|p2a: Dragapult|Dragon Darts|p1a: Dragonite
|-supereffective|p1a: Dragonite
|-damage|p1a: Dragonite|0 fnt
|faint|p1a: Dragonite
|
|upkeep
|
|t:|1743901787
|switch|p1a: Hippowdon|Hippowdon, M|52/100
|-weather|Sandstorm|[from] ability: Sand Stream|[of] p1a: Hippowdon
|turn|8
|
|t:|1743901792
|move|p2a: Dragapult|Dragon Darts|p1a: Hippowdon
|-damage|p1a: Hippowdon|30/100
|-anim|p2a: Dragapult|Dragon Darts|p1a: Hippowdon
|-damage|p1a: Hippowdon|7/100
|move|p1a: Hippowdon|Slack Off|p1a: Hippowdon
|-heal|p1a: Hippowdon|57/100
|
|-weather|Sandstorm|[upkeep]
|-damage|p2a: Dragapult|82/100|[from] Sandstorm
|-heal|p1a: Hippowdon|63/100|[from] item: Leftovers
|upkeep
|turn|9
|
|t:|1743901802
|switch|p2a: Araquanid|Araquanid, F|100/100
|-damage|p2a: Araquanid|76/100|[from] Stealth Rock
|move|p1a: Hippowdon|Slack Off|p1a: Hippowdon
|-heal|p1a: Hippowdon|100/100
|
|-weather|Sandstorm|[upkeep]
|-damage|p2a: Araquanid|70/100|[from] Sandstorm
|upkeep
|turn|10
|
|t:|1743901818
|switch|p1a: Scizor|Scizor, F|100/100
|move|p2a: Araquanid|Waterfall|p1a: Scizor
|-damage|p1a: Scizor|51/100
|
|-weather|Sandstorm|[upkeep]
|-damage|p2a: Araquanid|63/100|[from] Sandstorm
|upkeep
|turn|11
|
|t:|1743901830
|move|p1a: Scizor|Bullet Punch|p2a: Araquanid
|-resisted|p2a: Araquanid
|-damage|p2a: Araquanid|54/100
|move|p2a: Araquanid|Waterfall|p1a: Scizor
|-damage|p1a: Scizor|4/100
|
|-weather|Sandstorm|[upkeep]
|-damage|p2a: Araquanid|48/100|[from] Sandstorm
|upkeep
|turn|12
|
|t:|1743901838
|move|p1a: Scizor|Close Combat|p2a: Araquanid
|-resisted|p2a: Araquanid
|-damage|p2a: Araquanid|29/100
|-unboost|p1a: Scizor|def|1
|-unboost|p1a: Scizor|spd|1
|move|p2a: Araquanid|Waterfall|p1a: Scizor
|-damage|p1a: Scizor|0 fnt
|faint|p1a: Scizor
|
|-weather|none
|upkeep
|
|t:|1743901848
|switch|p1a: Hippowdon|Hippowdon, M|100/100
|-weather|Sandstorm|[from] ability: Sand Stream|[of] p1a: Hippowdon
|turn|13
|
|t:|1743901854
|move|p1a: Hippowdon|Body Press|p2a: Araquanid
|-resisted|p2a: Araquanid
|-damage|p2a: Araquanid|16/100
|move|p2a: Araquanid|Endeavor|p1a: Hippowdon
|-damage|p1a: Hippowdon|13/100
|
|-weather|Sandstorm|[upkeep]
|-damage|p2a: Araquanid|10/100|[from] Sandstorm
|-heal|p1a: Hippowdon|19/100|[from] item: Leftovers
|upkeep
|turn|14
|-enditem|p2a: Araquanid|Custap Berry|[eat]
|-activate|p2a: Araquanid|item: Custap Berry|[consumed]
|
|t:|1743901864
|move|p2a: Araquanid|Waterfall|p1a: Hippowdon
|-supereffective|p1a: Hippowdon
|-damage|p1a: Hippowdon|0 fnt
|faint|p1a: Hippowdon
|
|-weather|Sandstorm|[upkeep]
|-damage|p2a: Araquanid|3/100|[from] Sandstorm
|upkeep
|
|t:|1743901871
|switch|p1a: Skarmory|Skarmory, M|100/100
|turn|15
|
|t:|1743901883
|move|p1a: Skarmory|Roost||[still]
|-fail|p1a: Skarmory|heal
|move|p2a: Araquanid|Endeavor|p1a: Skarmory
|-damage|p1a: Skarmory|3/100
|-damage|p2a: Araquanid|0 fnt|[from] item: Rocky Helmet|[of] p1a: Skarmory
|faint|p2a: Araquanid
|
|-weather|Sandstorm|[upkeep]
|upkeep
|
|t:|1743901885
|switch|p2a: Dragapult|Dragapult, F|82/100
|-damage|p2a: Dragapult|70/100|[from] Stealth Rock
|turn|16
|
|t:|1743901893
|move|p2a: Dragapult|Dragon Darts|p1a: Skarmory
|-resisted|p1a: Skarmory
|-damage|p1a: Skarmory|0 fnt
|faint|p1a: Skarmory
|
|win|jeheheyehwuiwhw
|raw|Xism's rating: 1029 &rarr; <strong>1017</strong><br />(-12 for losing)
|raw|jeheheyehwuiwhw's rating: 1075 &rarr; <strong>1100</strong><br />(+25 for winning)
|l|☆Xism
|player|p1|
