|j|☆Nsnajaakak
|j|☆johnnyranking
|t:|1743788411
|gametype|singles
|player|p1|Nsnajaakak|policeman-gen4|1206
|player|p2|johnnyranking|swimmer-gen4|1241
|teamsize|p1|6
|teamsize|p2|6
|gen|9
|tier|[Gen 9] OU
|rated|
|rule|HP Percentage Mod: HP is shown in percentages
|rule|Endless Battle Clause: Forcing endless battles is banned
|rule|Species Clause: Limit one of each Pokémon
|rule|OHKO Clause: OHKO moves are banned
|rule|Evasion Items Clause: Evasion items are banned
|rule|Evasion Moves Clause: Evasion moves are banned
|rule|Sleep Moves Clause: Sleep-inducing moves are banned
|clearpoke
|poke|p1|Deoxys-Defense|
|poke|p1|Samurott-Hisui, F|
|poke|p1|Great Tusk|
|poke|p1|Serperior, F|
|poke|p1|Slowking-Galar, F|
|poke|p1|Corviknight, F|
|poke|p2|Blissey, F|
|poke|p2|Electrode-Hisui|
|poke|p2|Enamorus-Therian, F|
|poke|p2|Kyurem|
|poke|p2|Revavroom, F|
|poke|p2|Zamazenta-*|
|teampreview
|
|t:|1743788427
|start
|switch|p1a: Samurott|Samurott-Hisui, F|100/100
|switch|p2a: Century Egg|Electrode-Hisui, shiny|100/100
|turn|1
|
|t:|1743788438
|move|p2a: Century Egg|Leaf Storm|p1a: Samurott
|-supereffective|p1a: Samurott
|-enditem|p1a: Samurott|Focus Sash
|-damage|p1a: Samurott|1/100
|-unboost|p2a: Century Egg|spa|2
|move|p1a: Samurott|Ceaseless Edge|p2a: Century Egg
|-damage|p2a: Century Egg|34/100
|-sidestart|p2: johnnyranking|Spikes
|
|upkeep
|turn|2
|
|t:|1743788448
|move|p1a: Samurott|Sucker Punch|p2a: Century Egg
|-damage|p2a: Century Egg|0 fnt
|-damage|p1a: Samurott|0 fnt|[from] ability: Aftermath|[of] p2a: Century Egg
|faint|p2a: Century Egg
|faint|p1a: Samurott
|
|upkeep
|
|t:|1743788472
|switch|p2a: Pica Dream|Revavroom, F, shiny|100/100
|switch|p1a: Deoxys|Deoxys-Defense|100/100
|-ability|p1a: Deoxys|Pressure
|-item|p2a: Pica Dream|Air Balloon
|turn|3
|
|t:|1743788484
|move|p2a: Pica Dream|Shift Gear|p2a: Pica Dream
|-boost|p2a: Pica Dream|spe|2
|-boost|p2a: Pica Dream|atk|1
|move|p1a: Deoxys|Cosmic Power|p1a: Deoxys
|-boost|p1a: Deoxys|def|1
|-boost|p1a: Deoxys|spd|1
|
|upkeep
|turn|4
|
|t:|1743788497
|move|p2a: Pica Dream|Shift Gear|p2a: Pica Dream
|-boost|p2a: Pica Dream|spe|2
|-boost|p2a: Pica Dream|atk|1
|move|p1a: Deoxys|Cosmic Power|p1a: Deoxys
|-boost|p1a: Deoxys|def|1
|-boost|p1a: Deoxys|spd|1
|
|upkeep
|turn|5
|
|t:|1743788505
|move|p2a: Pica Dream|Gunk Shot|p1a: Deoxys|[miss]
|-miss|p2a: Pica Dream|p1a: Deoxys
|move|p1a: Deoxys|Cosmic Power|p1a: Deoxys
|-boost|p1a: Deoxys|def|1
|-boost|p1a: Deoxys|spd|1
|
|upkeep
|turn|6
|
|t:|1743788512
|move|p2a: Pica Dream|Temper Flare|p1a: Deoxys
|-damage|p1a: Deoxys|70/100
|move|p1a: Deoxys|Stored Power|p2a: Pica Dream
|-damage|p2a: Pica Dream|57/100
|-enditem|p2a: Pica Dream|Air Balloon
|
|-heal|p1a: Deoxys|76/100|[from] item: Leftovers
|upkeep
|turn|7
|
|t:|1743788524
|move|p2a: Pica Dream|Gunk Shot|p1a: Deoxys
|-damage|p1a: Deoxys|42/100
|move|p1a: Deoxys|Cosmic Power|p1a: Deoxys
|-boost|p1a: Deoxys|def|1
|-boost|p1a: Deoxys|spd|1
|
|-heal|p1a: Deoxys|48/100|[from] item: Leftovers
|upkeep
|turn|8
|
|t:|1743788534
|move|p2a: Pica Dream|Shift Gear|p2a: Pica Dream
|-boost|p2a: Pica Dream|spe|2
|-boost|p2a: Pica Dream|atk|1
|move|p1a: Deoxys|Recover|p1a: Deoxys
|-heal|p1a: Deoxys|98/100
|
|-heal|p1a: Deoxys|100/100|[from] item: Leftovers
|upkeep
|turn|9
|
|t:|1743788541
|move|p2a: Pica Dream|Gunk Shot|p1a: Deoxys
|-damage|p1a: Deoxys|66/100
|move|p1a: Deoxys|Stored Power|p2a: Pica Dream
|-damage|p2a: Pica Dream|2/100
|
|-heal|p1a: Deoxys|72/100|[from] item: Leftovers
|upkeep
|turn|10
|
|t:|1743788548
|move|p2a: Pica Dream|Gunk Shot|p1a: Deoxys
|-damage|p1a: Deoxys|38/100
|move|p1a: Deoxys|Stored Power|p2a: Pica Dream
|-damage|p2a: Pica Dream|0 fnt
|faint|p2a: Pica Dream
|
|-heal|p1a: Deoxys|45/100|[from] item: Leftovers
|upkeep
|
|t:|1743788560
|switch|p2a: Bosintang|Zamazenta|100/100
|-damage|p2a: Bosintang|88/100|[from] Spikes
|-ability|p2a: Bosintang|Dauntless Shield|boost
|-boost|p2a: Bosintang|def|1
|turn|11
|
|t:|1743788567
|move|p2a: Bosintang|Crunch|p1a: Deoxys
|-supereffective|p1a: Deoxys
|-damage|p1a: Deoxys|34/100
|move|p1a: Deoxys|Cosmic Power|p1a: Deoxys
|-boost|p1a: Deoxys|def|1
|-boost|p1a: Deoxys|spd|1
|
|-heal|p2a: Bosintang|94/100|[from] item: Leftovers
|-heal|p1a: Deoxys|40/100|[from] item: Leftovers
|upkeep
|turn|12
|-message|johnnyranking forfeited.
|
|win|Nsnajaakak
|raw|Nsnajaakak's rating: 1206 &rarr; <strong>1234</strong><br />(+28 for winning)
|raw|johnnyranking's rating: 1241 &rarr; <strong>1213</strong><br />(-28 for losing)
|l|☆johnnyranking
|player|p2|
