|j|☆hshfhshsgf
|j|☆edinfy
|t:|1743837134
|gametype|singles
|player|p1|hshfhshsgf|265|1157
|player|p2|edinfy|brock|1153
|teamsize|p1|6
|teamsize|p2|6
|gen|9
|tier|[Gen 9] OU
|rated|
|rule|HP Percentage Mod: HP is shown in percentages
|rule|Endless Battle Clause: Forcing endless battles is banned
|rule|Species Clause: Limit one of each Pokémon
|rule|OHKO Clause: OHKO moves are banned
|rule|Evasion Items Clause: Evasion items are banned
|rule|Evasion Moves Clause: Evasion moves are banned
|rule|Sleep Moves Clause: Sleep-inducing moves are banned
|clearpoke
|poke|p1|Landorus-Therian, M|
|poke|p1|Dondozo, F|
|poke|p1|Iron Moth|
|poke|p1|Maushold|
|poke|p1|Mew|
|poke|p1|Duraludon, F|
|poke|p2|Garganacl, F|
|poke|p2|Weezing-Galar, M|
|poke|p2|Corviknight, F|
|poke|p2|Dragapult, F|
|poke|p2|Slowking-Galar, F|
|poke|p2|Samurott-Hisui, M|
|teampreview
|inactive|Battle timer is ON: inactive players will automatically lose when time's up. (requested by edinfy)
|
|t:|1743837136
|start
|switch|p1a: Mew|Mew|100/100
|switch|p2a: Samurott|Samurott-Hisui, M|100/100
|turn|1
|
|t:|1743837149
|move|p2a: Samurott|Ceaseless Edge|p1a: Mew
|-supereffective|p1a: Mew
|-damage|p1a: Mew|18/100
|-enditem|p1a: Mew|Weakness Policy
|-boost|p1a: Mew|atk|2|[from] item: Weakness Policy
|-boost|p1a: Mew|spa|2|[from] item: Weakness Policy
|-sidestart|p1: hshfhshsgf|Spikes
|move|p1a: Mew|Thunder Wave|p2a: Samurott
|-status|p2a: Samurott|par
|
|upkeep
|turn|2
|
|t:|1743837158
|move|p1a: Mew|Stealth Rock|p2a: Samurott
|-sidestart|p2: edinfy|move: Stealth Rock
|move|p2a: Samurott|Ceaseless Edge|p1a: Mew
|-supereffective|p1a: Mew
|-damage|p1a: Mew|0 fnt
|-sidestart|p1: hshfhshsgf|Spikes
|faint|p1a: Mew
|
|upkeep
|
|t:|1743837169
|switch|p1a: Iron Moth|Iron Moth, shiny|100/100
|-damage|p1a: Iron Moth|84/100|[from] Spikes
|-enditem|p1a: Iron Moth|Booster Energy
|-activate|p1a: Iron Moth|ability: Quark Drive|[fromitem]
|-start|p1a: Iron Moth|quarkdrivespa
|turn|3
|
|t:|1743837178
|switch|p2a: Garganacl|Garganacl, F|100/100
|-damage|p2a: Garganacl|88/100|[from] Stealth Rock
|-terastallize|p1a: Iron Moth|Grass
|move|p1a: Iron Moth|Energy Ball|p2a: Garganacl
|-supereffective|p2a: Garganacl
|-damage|p2a: Garganacl|0 fnt
|faint|p2a: Garganacl
|
|upkeep
|
|t:|1743837199
|switch|p2a: Slowking|Slowking-Galar, F|100/100
|-damage|p2a: Slowking|88/100|[from] Stealth Rock
|turn|4
|
|t:|1743837205
|move|p1a: Iron Moth|Fiery Dance|p2a: Slowking
|-damage|p2a: Slowking|48/100
|-boost|p1a: Iron Moth|spa|1
|move|p2a: Slowking|Sludge Bomb|p1a: Iron Moth
|-supereffective|p1a: Iron Moth
|-damage|p1a: Iron Moth|11/100
|-status|p1a: Iron Moth|psn
|
|-heal|p2a: Slowking|54/100|[from] item: Black Sludge
|-damage|p1a: Iron Moth|0 fnt|[from] psn
|faint|p1a: Iron Moth
|-end|p1a: Iron Moth|Quark Drive|[silent]
|upkeep
|
|t:|1743837219
|switch|p1a: Landorus|Landorus-Therian, M|100/100
|-ability|p1a: Landorus|Intimidate|boost
|-unboost|p2a: Slowking|atk|1
|turn|5
|
|t:|1743837229
|switch|p2a: Samurott|Samurott-Hisui, M|100/100 par
|-damage|p2a: Samurott|88/100 par|[from] Stealth Rock
|move|p1a: Landorus|Stone Edge|p2a: Samurott
|-damage|p2a: Samurott|36/100 par
|
|upkeep
|turn|6
|
|t:|1743837236
|move|p1a: Landorus|Earthquake|p2a: Samurott
|-damage|p2a: Samurott|0 fnt
|faint|p2a: Samurott
|
|upkeep
|
|t:|1743837247
|switch|p2a: Corviknight|Corviknight, F|100/100
|-damage|p2a: Corviknight|88/100|[from] Stealth Rock
|-ability|p2a: Corviknight|Pressure
|turn|7
|
|t:|1743837253
|move|p1a: Landorus|Stone Edge|p2a: Corviknight
|-damage|p2a: Corviknight|66/100
|move|p2a: Corviknight|Iron Defense|p2a: Corviknight
|-boost|p2a: Corviknight|def|2
|
|upkeep
|turn|8
|
|t:|1743837260
|move|p1a: Landorus|U-turn|p2a: Corviknight
|-resisted|p2a: Corviknight
|-damage|p2a: Corviknight|64/100
|-damage|p1a: Landorus|84/100|[from] item: Rocky Helmet|[of] p2a: Corviknight
|
|t:|1743837265
|switch|p1a: Dondozo|Dondozo, F|100/100|[from] U-turn
|-damage|p1a: Dondozo|84/100|[from] Spikes
|move|p2a: Corviknight|Roost|p2a: Corviknight
|-heal|p2a: Corviknight|100/100
|-singleturn|p2a: Corviknight|move: Roost
|
|-heal|p1a: Dondozo|90/100|[from] item: Leftovers
|upkeep
|turn|9
|
|t:|1743837275
|move|p2a: Corviknight|Body Press|p1a: Dondozo
|-damage|p1a: Dondozo|76/100
|move|p1a: Dondozo|Body Press|p2a: Corviknight
|-damage|p2a: Corviknight|85/100
|-damage|p1a: Dondozo|59/100|[from] item: Rocky Helmet|[of] p2a: Corviknight
|
|-heal|p1a: Dondozo|65/100|[from] item: Leftovers
|upkeep
|turn|10
|
|t:|1743837284
|move|p2a: Corviknight|Iron Defense|p2a: Corviknight
|-boost|p2a: Corviknight|def|2
|move|p1a: Dondozo|Wave Crash|p2a: Corviknight
|-damage|p2a: Corviknight|53/100
|-damage|p1a: Dondozo|49/100|[from] item: Rocky Helmet|[of] p2a: Corviknight
|-damage|p1a: Dondozo|39/100|[from] Recoil
|
|-heal|p1a: Dondozo|46/100|[from] item: Leftovers
|upkeep
|turn|11
|
|t:|1743837306
|move|p2a: Corviknight|Body Press|p1a: Dondozo
|-damage|p1a: Dondozo|32/100
|move|p1a: Dondozo|Body Press|p2a: Corviknight
|-damage|p2a: Corviknight|37/100
|-damage|p1a: Dondozo|16/100|[from] item: Rocky Helmet|[of] p2a: Corviknight
|
|-heal|p1a: Dondozo|22/100|[from] item: Leftovers
|upkeep
|turn|12
|
|t:|1743837314
|move|p2a: Corviknight|Roost|p2a: Corviknight
|-heal|p2a: Corviknight|87/100
|-singleturn|p2a: Corviknight|move: Roost
|move|p1a: Dondozo|Body Press|p2a: Corviknight
|-supereffective|p2a: Corviknight
|-damage|p2a: Corviknight|53/100
|-damage|p1a: Dondozo|5/100|[from] item: Rocky Helmet|[of] p2a: Corviknight
|
|-heal|p1a: Dondozo|11/100|[from] item: Leftovers
|upkeep
|turn|13
|
|t:|1743837324
|move|p2a: Corviknight|Body Press|p1a: Dondozo
|-damage|p1a: Dondozo|0 fnt
|faint|p1a: Dondozo
|
|upkeep
|
|t:|1743837335
|switch|p1a: Maushold|Maushold|100/100
|-damage|p1a: Maushold|84/100|[from] Spikes
|turn|14
|
|t:|1743837340
|move|p1a: Maushold|Tidy Up|p1a: Maushold
|-sideend|p1: hshfhshsgf|Spikes
|-sideend|p2: edinfy|Stealth Rock
|-activate|p1a: Maushold|move: Tidy Up
|-boost|p1a: Maushold|atk|1
|-boost|p1a: Maushold|spe|1
|move|p2a: Corviknight|Body Press|p1a: Maushold
|-supereffective|p1a: Maushold
|-damage|p1a: Maushold|0 fnt
|faint|p1a: Maushold
|
|upkeep
|
|t:|1743837348
|switch|p1a: Duraludon|Duraludon, F, shiny|100/100
|turn|15
|
|t:|1743837352
|move|p2a: Corviknight|Body Press|p1a: Duraludon
|-supereffective|p1a: Duraludon
|-damage|p1a: Duraludon|11/100
|move|p1a: Duraludon|Mirror Coat||[still]
|-fail|p1a: Duraludon
|
|upkeep
|turn|16
|
|t:|1743837358
|move|p2a: Corviknight|Body Press|p1a: Duraludon
|-supereffective|p1a: Duraludon
|-damage|p1a: Duraludon|0 fnt
|faint|p1a: Duraludon
|
|upkeep
|-message|hshfhshsgf forfeited.
|
|win|edinfy
|raw|hshfhshsgf's rating: 1157 &rarr; <strong>1132</strong><br />(-25 for losing)
|raw|edinfy's rating: 1153 &rarr; <strong>1178</strong><br />(+25 for winning)
|l|☆hshfhshsgf
|player|p1|
|l|☆edinfy
|player|p2|
