|j|☆ThickNoodles09
|j|☆heartsxyz
|t:|1743828234
|gametype|singles
|player|p1|ThickNoodles09|pokekid|1158
|player|p2|heartsxyz|veteran|1212
|teamsize|p1|6
|teamsize|p2|6
|gen|9
|tier|[Gen 9] OU
|rated|
|rule|HP Percentage Mod: HP is shown in percentages
|rule|Endless Battle Clause: Forcing endless battles is banned
|rule|Species Clause: Limit one of each Pokémon
|rule|OHKO Clause: OHKO moves are banned
|rule|Evasion Items Clause: Evasion items are banned
|rule|Evasion Moves Clause: Evasion moves are banned
|rule|Sleep Moves Clause: Sleep-inducing moves are banned
|clearpoke
|poke|p1|Keldeo-Resolute|
|poke|p1|Meloetta|
|poke|p1|Landorus-Therian, M|
|poke|p1|Cobalion|
|poke|p1|Thundurus, M|
|poke|p1|Excadrill, M|
|poke|p2|Pelipper, F|
|poke|p2|Zapdos|
|poke|p2|Primarina, M|
|poke|p2|Barraskewda, M|
|poke|p2|Magnezone|
|poke|p2|Tsareena, F|
|teampreview
|inactive|Battle timer is ON: inactive players will automatically lose when time's up. (requested by ThickNoodles09)
|
|t:|1743828246
|start
|switch|p1a: Thundurus|Thundurus, M|100/100
|switch|p2a: Zapdos|Zapdos|100/100
|turn|1
|
|t:|1743828251
|move|p2a: Zapdos|Volt Switch|p1a: Thundurus
|-crit|p1a: Thundurus
|-damage|p1a: Thundurus|21/100
|
|t:|1743828255
|switch|p2a: Tsareena|Tsareena, F|100/100|[from] Volt Switch
|move|p1a: Thundurus|Volt Switch|p2a: Tsareena
|-resisted|p2a: Tsareena
|-damage|p2a: Tsareena|89/100
|
|t:|1743828261
|switch|p1a: Excadrill|Excadrill, M|100/100|[from] Volt Switch
|-ability|p1a: Excadrill|Mold Breaker
|
|upkeep
|turn|2
|
|t:|1743828274
|move|p1a: Excadrill|Swords Dance|p1a: Excadrill
|-boost|p1a: Excadrill|atk|2
|move|p2a: Tsareena|Trop Kick|p1a: Excadrill
|-damage|p1a: Excadrill|41/100
|-unboost|p1a: Excadrill|atk|1
|
|upkeep
|turn|3
|
|t:|1743828281
|move|p1a: Excadrill|Iron Head|p2a: Tsareena
|-damage|p2a: Tsareena|29/100
|move|p2a: Tsareena|Knock Off|p1a: Excadrill
|-damage|p1a: Excadrill|0 fnt
|-enditem|p1a: Excadrill|Focus Sash|[from] move: Knock Off|[of] p2a: Tsareena
|faint|p1a: Excadrill
|
|upkeep
|
|t:|1743828286
|switch|p1a: Landorus|Landorus-Therian, M|100/100
|-ability|p1a: Landorus|Intimidate|boost
|-unboost|p2a: Tsareena|atk|1
|turn|4
|
|t:|1743828290
|move|p1a: Landorus|U-turn|p2a: Tsareena
|-supereffective|p2a: Tsareena
|-damage|p2a: Tsareena|0 fnt
|faint|p2a: Tsareena
|
|t:|1743828300
|switch|p1a: Thundurus|Thundurus, M|21/100|[from] U-turn
|
|upkeep
|
|t:|1743828311
|switch|p2a: Magnezone|Magnezone|100/100
|turn|5
|
|t:|1743828316
|move|p1a: Thundurus|Volt Switch|p2a: Magnezone
|-resisted|p2a: Magnezone
|-damage|p2a: Magnezone|87/100
|
|t:|1743828320
|switch|p1a: Landorus|Landorus-Therian, M|100/100|[from] Volt Switch
|-ability|p1a: Landorus|Intimidate|boost
|-unboost|p2a: Magnezone|atk|1
|move|p2a: Magnezone|Volt Switch|p1a: Landorus
|-immune|p1a: Landorus
|
|upkeep
|turn|6
|
|t:|1743828323
|switch|p2a: Pelipper|Pelipper, F|100/100
|-weather|RainDance|[from] ability: Drizzle|[of] p2a: Pelipper
|move|p1a: Landorus|Earthquake|p2a: Pelipper
|-immune|p2a: Pelipper
|
|-weather|RainDance|[upkeep]
|upkeep
|turn|7
|
|t:|1743828328
|switch|p1a: Thundurus|Thundurus, M|21/100
|move|p2a: Pelipper|Knock Off|p1a: Thundurus
|-damage|p1a: Thundurus|3/100
|-enditem|p1a: Thundurus|Heavy-Duty Boots|[from] move: Knock Off|[of] p2a: Pelipper
|
|-weather|RainDance|[upkeep]
|upkeep
|turn|8
|
|t:|1743828332
|switch|p2a: Magnezone|Magnezone|87/100
|move|p1a: Thundurus|Volt Switch|p2a: Magnezone
|-resisted|p2a: Magnezone
|-damage|p2a: Magnezone|74/100
|
|t:|1743828335
|switch|p1a: Landorus|Landorus-Therian, M|100/100|[from] Volt Switch
|-ability|p1a: Landorus|Intimidate|boost
|-unboost|p2a: Magnezone|atk|1
|
|-weather|RainDance|[upkeep]
|upkeep
|turn|9
|
|t:|1743828340
|move|p1a: Landorus|U-turn|p2a: Magnezone
|-resisted|p2a: Magnezone
|-damage|p2a: Magnezone|64/100
|
|t:|1743828344
|switch|p1a: Meloetta|Meloetta|100/100|[from] U-turn
|move|p2a: Magnezone|Flash Cannon|p1a: Meloetta
|-damage|p1a: Meloetta|81/100
|
|-weather|RainDance|[upkeep]
|upkeep
|turn|10
|
|t:|1743828348
|move|p1a: Meloetta|Knock Off|p2a: Magnezone
|-damage|p2a: Magnezone|48/100
|-enditem|p2a: Magnezone|Assault Vest|[from] move: Knock Off|[of] p1a: Meloetta
|move|p2a: Magnezone|Thunder|p1a: Meloetta
|-damage|p1a: Meloetta|52/100
|
|-weather|RainDance|[upkeep]
|upkeep
|turn|11
|
|t:|1743828351
|move|p1a: Meloetta|Close Combat|p2a: Magnezone
|-supereffective|p2a: Magnezone
|-damage|p2a: Magnezone|12/100
|-unboost|p1a: Meloetta|def|1
|-unboost|p1a: Meloetta|spd|1
|move|p2a: Magnezone|Volt Switch|p1a: Meloetta
|-damage|p1a: Meloetta|25/100
|
|t:|1743828356
|switch|p2a: Barraskewda|Barraskewda, M|100/100|[from] Volt Switch
|
|-weather|RainDance|[upkeep]
|upkeep
|turn|12
|
|t:|1743828359
|move|p2a: Barraskewda|Flip Turn|p1a: Meloetta
|-damage|p1a: Meloetta|0 fnt
|faint|p1a: Meloetta
|
|t:|1743828362
|switch|p2a: Zapdos|Zapdos|100/100|[from] Flip Turn
|
|-weather|RainDance|[upkeep]
|upkeep
|
|t:|1743828365
|switch|p1a: Landorus|Landorus-Therian, M|100/100
|-ability|p1a: Landorus|Intimidate|boost
|-unboost|p2a: Zapdos|atk|1
|turn|13
|
|t:|1743828368
|-terastallize|p1a: Landorus|Ice
|move|p1a: Landorus|Tera Blast|p2a: Zapdos|[anim] Tera Blast Ice
|-supereffective|p2a: Zapdos
|-damage|p2a: Zapdos|0 fnt
|faint|p2a: Zapdos
|
|-weather|none
|upkeep
|
|t:|1743828375
|switch|p2a: Pelipper|Pelipper, F|100/100
|-weather|RainDance|[from] ability: Drizzle|[of] p2a: Pelipper
|turn|14
|
|t:|1743828385
|switch|p2a: Magnezone|Magnezone|12/100
|move|p1a: Landorus|Tera Blast|p2a: Magnezone|[anim] Tera Blast Ice
|-resisted|p2a: Magnezone
|-damage|p2a: Magnezone|0 fnt
|faint|p2a: Magnezone
|
|-weather|RainDance|[upkeep]
|upkeep
|
|t:|1743828388
|switch|p2a: Primarina|Primarina, M|100/100
|turn|15
|c|☆heartsxyz|!weak ice
|c| heartsxyz|/raw <div class="infobox">Ice:<br /><span class="message-effect-weak">Weaknesses</span>: Fighting, Fire, Rock, Steel<br /><span class="message-effect-resist">Resistances</span>: Ice<br /><span class="message-effect-immune">Immunities</span>: Frozen, Hail damage</div>
|
|t:|1743828398
|switch|p1a: Thundurus|Thundurus, M|3/100
|move|p2a: Primarina|Surf|p1a: Thundurus
|-damage|p1a: Thundurus|0 fnt
|faint|p1a: Thundurus
|
|-weather|RainDance|[upkeep]
|upkeep
|
|t:|1743828403
|switch|p1a: Landorus|Landorus-Therian, M, tera:Ice|100/100
|-ability|p1a: Landorus|Intimidate|boost
|-unboost|p2a: Primarina|atk|1
|turn|16
|
|t:|1743828406
|move|p1a: Landorus|Earthquake|p2a: Primarina
|-damage|p2a: Primarina|27/100
|move|p2a: Primarina|Surf|p1a: Landorus
|-crit|p1a: Landorus
|-damage|p1a: Landorus|0 fnt
|faint|p1a: Landorus
|
|-weather|RainDance|[upkeep]
|upkeep
|
|t:|1743828409
|switch|p1a: Keldeo|Keldeo-Resolute|100/100
|turn|17
|
|t:|1743828413
|move|p1a: Keldeo|Surf|p2a: Primarina
|-resisted|p2a: Primarina
|-damage|p2a: Primarina|0 fnt
|faint|p2a: Primarina
|
|-weather|RainDance|[upkeep]
|upkeep
|
|t:|1743828415
|switch|p2a: Barraskewda|Barraskewda, M|100/100
|turn|18
|
|t:|1743828418
|move|p2a: Barraskewda|Psychic Fangs|p1a: Keldeo
|-supereffective|p1a: Keldeo
|-damage|p1a: Keldeo|1/100
|move|p1a: Keldeo|Surf|p2a: Barraskewda
|-resisted|p2a: Barraskewda
|-damage|p2a: Barraskewda|0 fnt
|faint|p2a: Barraskewda
|
|-weather|RainDance|[upkeep]
|upkeep
|
|t:|1743828422
|switch|p2a: Pelipper|Pelipper, F|100/100
|turn|19
|
|t:|1743828424
|move|p1a: Keldeo|Surf|p2a: Pelipper
|-resisted|p2a: Pelipper
|-damage|p2a: Pelipper|30/100
|move|p2a: Pelipper|Hurricane|p1a: Keldeo
|-supereffective|p1a: Keldeo
|-damage|p1a: Keldeo|0 fnt
|faint|p1a: Keldeo
|
|-weather|RainDance|[upkeep]
|upkeep
|
|t:|1743828426
|switch|p1a: Cobalion|Cobalion|100/100
|turn|20
|
|t:|1743828429
|move|p1a: Cobalion|Body Press|p2a: Pelipper
|-resisted|p2a: Pelipper
|-damage|p2a: Pelipper|11/100
|move|p2a: Pelipper|Hurricane|p1a: Cobalion
|-damage|p1a: Cobalion|57/100
|-start|p1a: Cobalion|confusion
|
|-weather|RainDance|[upkeep]
|upkeep
|turn|21
|
|t:|1743828432
|-activate|p1a: Cobalion|confusion
|-damage|p1a: Cobalion|52/100|[from] confusion
|move|p2a: Pelipper|Roost|p2a: Pelipper
|-heal|p2a: Pelipper|61/100
|-singleturn|p2a: Pelipper|move: Roost
|
|-weather|none
|upkeep
|turn|22
|
|t:|1743828436
|-activate|p1a: Cobalion|confusion
|-damage|p1a: Cobalion|46/100|[from] confusion
|move|p2a: Pelipper|Roost|p2a: Pelipper
|-heal|p2a: Pelipper|100/100
|-singleturn|p2a: Pelipper|move: Roost
|
|upkeep
|turn|23
|
|t:|1743828439
|-activate|p1a: Cobalion|confusion
|move|p1a: Cobalion|Iron Defense|p1a: Cobalion
|-boost|p1a: Cobalion|def|2
|move|p2a: Pelipper|Hurricane|p1a: Cobalion
|-damage|p1a: Cobalion|1/100
|
|upkeep
|turn|24
|
|t:|1743828443
|-activate|p1a: Cobalion|confusion
|move|p1a: Cobalion|Body Press|p2a: Pelipper
|-resisted|p2a: Pelipper
|-damage|p2a: Pelipper|65/100
|move|p2a: Pelipper|Knock Off|p1a: Cobalion
|-resisted|p1a: Cobalion
|-damage|p1a: Cobalion|0 fnt
|-damage|p2a: Pelipper|48/100|[from] item: Rocky Helmet|[of] p1a: Cobalion
|-enditem|p1a: Cobalion|Rocky Helmet|[from] move: Knock Off|[of] p2a: Pelipper
|faint|p1a: Cobalion
|
|win|heartsxyz
|raw|ThickNoodles09's rating: 1158 &rarr; <strong>1137</strong><br />(-21 for losing)
|raw|heartsxyz's rating: 1212 &rarr; <strong>1233</strong><br />(+21 for winning)
|l|☆ThickNoodles09
|player|p1|
|l|☆heartsxyz
|player|p2|
