|j|☆mikey28i2
|j|☆GaenorGrindset
|t:|1743870742
|gametype|singles
|player|p1|mikey28i2|morty|1066
|player|p2|GaenorGrindset|chuck|1076
|teamsize|p1|6
|teamsize|p2|6
|gen|9
|tier|[Gen 9] OU
|rated|
|rule|HP Percentage Mod: HP is shown in percentages
|rule|Endless Battle Clause: Forcing endless battles is banned
|rule|Species Clause: Limit one of each Pokémon
|rule|OHKO Clause: OHKO moves are banned
|rule|Evasion Items Clause: Evasion items are banned
|rule|Evasion Moves Clause: Evasion moves are banned
|rule|Sleep Moves Clause: Sleep-inducing moves are banned
|clearpoke
|poke|p1|Dragapult, F|
|poke|p1|Rotom-Wash|
|poke|p1|Landorus-Therian, M|
|poke|p1|Clefable, F|
|poke|p1|Zamazenta-*|
|poke|p1|Samurott-Hisui, M|
|poke|p2|Gliscor, M|
|poke|p2|Tentacruel, M|
|poke|p2|Toxapex, F|
|poke|p2|Corviknight, M|
|poke|p2|Umbreon, F|
|poke|p2|Clefable, F|
|teampreview
|
|t:|1743870753
|start
|switch|p1a: Landorus|Landorus-Therian, M|100/100
|switch|p2a: Tentacruel|Tentacruel, M|100/100
|-ability|p1a: Landorus|Intimidate|boost
|-fail|p2a: Tentacruel|unboost|[from] ability: Clear Body|[of] p2a: Tentacruel
|turn|1
|
|t:|1743870762
|move|p1a: Landorus|Stealth Rock|p2a: Tentacruel
|-sidestart|p2: GaenorGrindset|move: Stealth Rock
|move|p2a: Tentacruel|Toxic Spikes|p1a: Landorus
|-sidestart|p1: mikey28i2|move: Toxic Spikes
|
|upkeep
|turn|2
|
|t:|1743870767
|move|p1a: Landorus|Earthquake|p2a: Tentacruel
|-supereffective|p2a: Tentacruel
|-damage|p2a: Tentacruel|0 fnt
|faint|p2a: Tentacruel
|
|upkeep
|
|t:|1743870781
|switch|p2a: Corviknight|Corviknight, M, shiny|100/100
|-damage|p2a: Corviknight|88/100|[from] Stealth Rock
|turn|3
|
|t:|1743870786
|move|p1a: Landorus|Smack Down|p2a: Corviknight
|-damage|p2a: Corviknight|76/100
|-start|p2a: Corviknight|Smack Down
|move|p2a: Corviknight|Defog|p1a: Landorus
|-unboost|p1a: Landorus|evasion|1
|-sideend|p1: mikey28i2|Toxic Spikes|[from] move: Defog|[of] p2a: Corviknight
|-sideend|p2: GaenorGrindset|Stealth Rock|[from] move: Defog|[of] p2a: Corviknight
|
|upkeep
|turn|4
|
|t:|1743870796
|move|p1a: Landorus|Earthquake|p2a: Corviknight
|-supereffective|p2a: Corviknight
|-damage|p2a: Corviknight|0 fnt
|faint|p2a: Corviknight
|
|upkeep
|
|t:|1743870803
|switch|p2a: Gliscor|Gliscor, M|100/100
|turn|5
|
|t:|1743870811
|move|p1a: Landorus|Stealth Rock|p2a: Gliscor
|-sidestart|p2: GaenorGrindset|move: Stealth Rock
|move|p2a: Gliscor|Toxic|p1a: Landorus
|-status|p1a: Landorus|tox
|
|-damage|p1a: Landorus|94/100 tox|[from] psn
|upkeep
|turn|6
|
|t:|1743870817
|move|p1a: Landorus|Smack Down|p2a: Gliscor
|-damage|p2a: Gliscor|88/100
|-start|p2a: Gliscor|Smack Down
|move|p2a: Gliscor|Earthquake|p1a: Landorus
|-immune|p1a: Landorus
|
|-damage|p1a: Landorus|82/100 tox|[from] psn
|upkeep
|turn|7
|
|t:|1743870827
|move|p1a: Landorus|Earthquake|p2a: Gliscor
|-damage|p2a: Gliscor|45/100
|move|p2a: Gliscor|Spikes|p1a: Landorus
|-sidestart|p1: mikey28i2|Spikes
|
|-damage|p1a: Landorus|63/100 tox|[from] psn
|upkeep
|turn|8
|
|t:|1743870844
|switch|p2a: Toxapex|Toxapex, F, shiny|100/100
|-damage|p2a: Toxapex|88/100|[from] Stealth Rock
|move|p1a: Landorus|Earthquake|p2a: Toxapex
|-supereffective|p2a: Toxapex
|-damage|p2a: Toxapex|5/100
|
|-heal|p2a: Toxapex|11/100|[from] item: Black Sludge
|-damage|p1a: Landorus|38/100 tox|[from] psn
|upkeep
|turn|9
|
|t:|1743870856
|move|p1a: Landorus|Earthquake|p2a: Toxapex
|-supereffective|p2a: Toxapex
|-damage|p2a: Toxapex|0 fnt
|faint|p2a: Toxapex
|
|-damage|p1a: Landorus|7/100 tox|[from] psn
|upkeep
|
|t:|1743870871
|switch|p2a: Umbreon|Umbreon, F, shiny|100/100
|-damage|p2a: Umbreon|88/100|[from] Stealth Rock
|turn|10
|
|t:|1743870876
|move|p1a: Landorus|U-turn|p2a: Umbreon
|-supereffective|p2a: Umbreon
|-damage|p2a: Umbreon|44/100
|
|t:|1743870885
|switch|p1a: Zamazenta|Zamazenta|100/100|[from] U-turn
|-damage|p1a: Zamazenta|88/100|[from] Spikes
|-ability|p1a: Zamazenta|Dauntless Shield|boost
|-boost|p1a: Zamazenta|def|1
|move|p2a: Umbreon|Foul Play|p1a: Zamazenta
|-resisted|p1a: Zamazenta
|-damage|p1a: Zamazenta|74/100
|
|-heal|p2a: Umbreon|50/100|[from] item: Leftovers
|upkeep
|turn|11
|
|t:|1743870899
|move|p1a: Zamazenta|Close Combat|p2a: Umbreon
|-supereffective|p2a: Umbreon
|-damage|p2a: Umbreon|0 fnt
|-unboost|p1a: Zamazenta|def|1
|-unboost|p1a: Zamazenta|spd|1
|faint|p2a: Umbreon
|-damage|p1a: Zamazenta|64/100|[from] item: Life Orb
|
|upkeep
|
|t:|1743870906
|switch|p2a: Clefable|Clefable, F|100/100
|-damage|p2a: Clefable|88/100|[from] Stealth Rock
|turn|12
|
|t:|1743870911
|move|p1a: Zamazenta|Heavy Slam|p2a: Clefable
|-supereffective|p2a: Clefable
|-damage|p2a: Clefable|7/100
|-damage|p1a: Zamazenta|54/100|[from] item: Life Orb
|move|p2a: Clefable|Moonblast|p1a: Zamazenta
|-supereffective|p1a: Zamazenta
|-damage|p1a: Zamazenta|0 fnt
|faint|p1a: Zamazenta
|
|-heal|p2a: Clefable|13/100|[from] item: Leftovers
|upkeep
|
|t:|1743870923
|switch|p1a: Dragapult|Dragapult, F|100/100
|turn|13
|
|t:|1743870929
|move|p1a: Dragapult|U-turn|p2a: Clefable
|-resisted|p2a: Clefable
|-damage|p2a: Clefable|5/100
|
|t:|1743870937
|switch|p1a: Landorus|Landorus-Therian, M|7/100 tox|[from] U-turn
|-ability|p1a: Landorus|Intimidate|boost
|-unboost|p2a: Clefable|atk|1
|move|p2a: Clefable|Moonlight|p2a: Clefable
|-heal|p2a: Clefable|55/100
|
|-heal|p2a: Clefable|61/100|[from] item: Leftovers
|-damage|p1a: Landorus|1/100 tox|[from] psn
|upkeep
|turn|14
|
|t:|1743870951
|move|p1a: Landorus|Smack Down|p2a: Clefable
|-damage|p2a: Clefable|46/100
|move|p2a: Clefable|Moonlight|p2a: Clefable
|-heal|p2a: Clefable|96/100
|
|-heal|p2a: Clefable|100/100|[from] item: Leftovers
|-damage|p1a: Landorus|0 fnt|[from] psn
|faint|p1a: Landorus
|upkeep
|
|t:|1743870965
|switch|p1a: Clefable|Clefable, F|100/100
|turn|15
|
|t:|1743870980
|switch|p1a: Rotom|Rotom-Wash|100/100
|move|p2a: Clefable|Thunder Wave|p1a: Rotom
|-immune|p1a: Rotom
|
|upkeep
|turn|16
|
|t:|1743870989
|move|p1a: Rotom|Thunder Wave|p2a: Clefable
|-status|p2a: Clefable|par
|cant|p2a: Clefable|par
|
|upkeep
|turn|17
|
|t:|1743870995
|move|p1a: Rotom|Hydro Pump|p2a: Clefable
|-damage|p2a: Clefable|66/100 par
|move|p2a: Clefable|Encore|p1a: Rotom
|-start|p1a: Rotom|Encore
|
|-heal|p2a: Clefable|72/100 par|[from] item: Leftovers
|upkeep
|turn|18
|
|t:|1743871003
|move|p1a: Rotom|Hydro Pump|p2a: Clefable
|-damage|p2a: Clefable|37/100 par
|cant|p2a: Clefable|par
|
|-heal|p2a: Clefable|43/100 par|[from] item: Leftovers
|upkeep
|turn|19
|
|t:|1743871009
|move|p1a: Rotom|Hydro Pump|p2a: Clefable|[miss]
|-miss|p1a: Rotom|p2a: Clefable
|move|p2a: Clefable|Moonblast|p1a: Rotom
|-damage|p1a: Rotom|65/100
|
|-heal|p1a: Rotom|71/100|[from] item: Leftovers
|-heal|p2a: Clefable|49/100 par|[from] item: Leftovers
|upkeep
|turn|20
|
|t:|1743871017
|move|p1a: Rotom|Hydro Pump|p2a: Clefable
|-damage|p2a: Clefable|8/100 par
|move|p2a: Clefable|Moonlight|p2a: Clefable
|-heal|p2a: Clefable|58/100 par
|
|-heal|p1a: Rotom|77/100|[from] item: Leftovers
|-heal|p2a: Clefable|64/100 par|[from] item: Leftovers
|-end|p1a: Rotom|Encore
|upkeep
|turn|21
|
|t:|1743871034
|move|p1a: Rotom|Volt Switch|p2a: Clefable
|-damage|p2a: Clefable|41/100 par
|
|t:|1743871042
|switch|p1a: Samurott|Samurott-Hisui, M|100/100|[from] Volt Switch
|cant|p2a: Clefable|par
|
|-heal|p2a: Clefable|47/100 par|[from] item: Leftovers
|upkeep
|turn|22
|
|t:|1743871052
|move|p1a: Samurott|Razor Shell|p2a: Clefable|[miss]
|-miss|p1a: Samurott|p2a: Clefable
|move|p2a: Clefable|Moonlight|p2a: Clefable
|-heal|p2a: Clefable|97/100 par
|
|-heal|p2a: Clefable|100/100 par|[from] item: Leftovers
|upkeep
|turn|23
|
|t:|1743871061
|move|p1a: Samurott|Razor Shell|p2a: Clefable
|-damage|p2a: Clefable|65/100 par
|move|p2a: Clefable|Moonblast|p1a: Samurott
|-supereffective|p1a: Samurott
|-damage|p1a: Samurott|14/100
|
|-heal|p2a: Clefable|71/100 par|[from] item: Leftovers
|upkeep
|turn|24
|
|t:|1743871068
|move|p1a: Samurott|Razor Shell|p2a: Clefable
|-damage|p2a: Clefable|30/100 par
|-unboost|p2a: Clefable|def|1
|cant|p2a: Clefable|par
|
|-heal|p2a: Clefable|36/100 par|[from] item: Leftovers
|upkeep
|turn|25
|
|t:|1743871077
|move|p1a: Samurott|Razor Shell|p2a: Clefable
|-damage|p2a: Clefable|0 fnt
|faint|p2a: Clefable
|
|upkeep
|
|t:|1743871081
|switch|p2a: Gliscor|Gliscor, M|45/100
|-damage|p2a: Gliscor|33/100|[from] Stealth Rock
|turn|26
|
|t:|1743871085
|move|p1a: Samurott|Razor Shell|p2a: Gliscor
|-supereffective|p2a: Gliscor
|-damage|p2a: Gliscor|0 fnt
|-damage|p1a: Samurott|0 fnt|[from] item: Rocky Helmet|[of] p2a: Gliscor
|faint|p2a: Gliscor
|faint|p1a: Samurott
|
|win|mikey28i2
|raw|mikey28i2's rating: 1066 &rarr; <strong>1097</strong><br />(+31 for winning)
|raw|GaenorGrindset's rating: 1076 &rarr; <strong>1054</strong><br />(-22 for losing)
|c|☆mikey28i2|ffs
|c|☆mikey28i2|ggs*
