|j|☆Raul2004
|j|☆4G3NC Teo
|t:|1743879410
|gametype|singles
|player|p1|Raul2004|gentleman-gen4|1540
|player|p2|4G3NC Teo|psychic|1642
|teamsize|p1|6
|teamsize|p2|6
|gen|9
|tier|[Gen 9] OU
|rated|
|rule|HP Percentage Mod: HP is shown in percentages
|rule|Endless Battle Clause: Forcing endless battles is banned
|rule|Species Clause: Limit one of each Pokémon
|rule|OHKO Clause: OHKO moves are banned
|rule|Evasion Items Clause: Evasion items are banned
|rule|Evasion Moves Clause: Evasion moves are banned
|rule|Sleep Moves Clause: Sleep-inducing moves are banned
|clearpoke
|poke|p1|Corviknight, F|
|poke|p1|Clodsire, M|
|poke|p1|Zoroark-Hisui, F|
|poke|p1|Primarina, M|
|poke|p1|Serperior, M|
|poke|p1|Kommo-o, M|
|poke|p2|Bellossom, M|
|poke|p2|Dragapult, M|
|poke|p2|Great Tusk|
|poke|p2|Kingambit, F|
|poke|p2|Azumarill, M|
|poke|p2|Garganacl, M|
|teampreview
|inactive|Battle timer is ON: inactive players will automatically lose when time's up. (requested by 4G3NC Teo)
|
|t:|1743879430
|start
|switch|p1a: Serperior|Serperior, M|100/100
|switch|p2a: Ik|Azumarill, M|100/100
|turn|1
|
|t:|1743879445
|switch|p2a: Phobie D'impulsion|Dragapult, M|100/100
|move|p1a: Serperior|Shadow Ball|p2a: Phobie D'impulsion
|-supereffective|p2a: Phobie D'impulsion
|-damage|p2a: Phobie D'impulsion|0 fnt
|faint|p2a: Phobie D'impulsion
|
|upkeep
|
|t:|1743879448
|switch|p2a: Eyesore|Garganacl, M|100/100
|turn|2
|
|t:|1743879453
|switch|p1a: Primarina|Primarina, M|100/100
|move|p2a: Eyesore|Stealth Rock|p1a: Primarina
|-sidestart|p1: Raul2004|move: Stealth Rock
|
|upkeep
|turn|3
|
|t:|1743879470
|switch|p2a: Ik|Azumarill, M|100/100
|move|p1a: Primarina|Flip Turn|p2a: Ik
|-resisted|p2a: Ik
|-damage|p2a: Ik|94/100
|
|t:|1743879473
|switch|p1a: Serperior|Serperior, M|100/100|[from] Flip Turn
|-damage|p1a: Serperior|88/100|[from] Stealth Rock
|
|-heal|p1a: Serperior|94/100|[from] item: Leftovers
|upkeep
|turn|4
|
|t:|1743879483
|switch|p2a: Naturale|Bellossom, M|100/100
|move|p1a: Serperior|Glare|p2a: Naturale
|-status|p2a: Naturale|par
|
|-heal|p1a: Serperior|100/100|[from] item: Leftovers
|upkeep
|turn|5
|
|t:|1743879490
|switch|p1a: Corviknight|Corviknight, F|100/100
|-ability|p1a: Corviknight|Pressure
|move|p2a: Naturale|Tera Blast|p1a: Corviknight
|-resisted|p1a: Corviknight
|-damage|p1a: Corviknight|92/100
|
|upkeep
|turn|6
|
|t:|1743879493
|switch|p2a: Eyesore|Garganacl, M|100/100
|move|p1a: Corviknight|Defog|p2a: Eyesore
|-unboost|p2a: Eyesore|evasion|1
|-sideend|p1: Raul2004|Stealth Rock|[from] move: Defog|[of] p1a: Corviknight
|
|upkeep
|turn|7
|
|t:|1743879498
|switch|p1a: Serperior|Serperior, M|100/100
|move|p2a: Eyesore|Salt Cure|p1a: Serperior
|-damage|p1a: Serperior|87/100
|-start|p1a: Serperior|Salt Cure
|
|-heal|p1a: Serperior|93/100|[from] item: Leftovers
|-damage|p1a: Serperior|81/100|[from] Salt Cure
|upkeep
|turn|8
|
|t:|1743879503
|move|p2a: Eyesore|Protect|p2a: Eyesore
|-singleturn|p2a: Eyesore|Protect
|move|p1a: Serperior|Leech Seed|p2a: Eyesore
|-activate|p2a: Eyesore|move: Protect
|
|-heal|p1a: Serperior|87/100|[from] item: Leftovers
|-damage|p1a: Serperior|74/100|[from] Salt Cure
|upkeep
|turn|9
|
|t:|1743879514
|switch|p1a: Kommo-o|Kommo-o, M|100/100
|move|p2a: Eyesore|Stealth Rock|p1a: Kommo-o
|-sidestart|p1: Raul2004|move: Stealth Rock
|
|upkeep
|turn|10
|
|t:|1743879520
|switch|p2a: Ik|Azumarill, M|94/100
|move|p1a: Kommo-o|Bulk Up|p1a: Kommo-o
|-boost|p1a: Kommo-o|atk|1
|-boost|p1a: Kommo-o|def|1
|
|upkeep
|turn|11
|
|t:|1743879532
|-terastallize|p1a: Kommo-o|Fairy
|move|p1a: Kommo-o|Bulk Up|p1a: Kommo-o
|-boost|p1a: Kommo-o|atk|1
|-boost|p1a: Kommo-o|def|1
|move|p2a: Ik|Play Rough|p1a: Kommo-o
|-damage|p1a: Kommo-o|79/100
|
|upkeep
|turn|12
|-message|4G3NC Teo forfeited.
|
|win|Raul2004
|raw|Raul2004's rating: 1540 &rarr; <strong>1566</strong><br />(+26 for winning)
|raw|4G3NC Teo's rating: 1642 &rarr; <strong>1616</strong><br />(-26 for losing)
|l|☆4G3NC Teo
|player|p2|
|l|☆Raul2004
|player|p1|
