|j|☆Dr. Drake6782
|j|☆cookielking
|t:|1743881473
|gametype|singles
|player|p1|Dr. Drake6782|lance-lgpe|1107
|player|p2|cookielking|blaine|1112
|teamsize|p1|6
|teamsize|p2|6
|gen|9
|tier|[Gen 9] OU
|rated|
|rule|HP Percentage Mod: HP is shown in percentages
|rule|Endless Battle Clause: Forcing endless battles is banned
|rule|Species Clause: Limit one of each Pokémon
|rule|OHKO Clause: OHKO moves are banned
|rule|Evasion Items Clause: Evasion items are banned
|rule|Evasion Moves Clause: Evasion moves are banned
|rule|Sleep Moves Clause: Sleep-inducing moves are banned
|clearpoke
|poke|p1|Alomomola, F|
|poke|p1|Weezing-Galar, M|
|poke|p1|Garganacl, M|
|poke|p1|Kyurem|
|poke|p1|Ting-Lu|
|poke|p1|Iron Crown|
|poke|p2|Gliscor, F|
|poke|p2|Gholdengo|
|poke|p2|Ting-Lu|
|poke|p2|Iron Valiant|
|poke|p2|Haxorus, F|
|poke|p2|Ogerpon-Wellspring, F|
|teampreview
|inactive|Battle timer is ON: inactive players will automatically lose when time's up. (requested by Dr. Drake6782)
|
|t:|1743881483
|start
|switch|p1a: Kyurem|Kyurem, shiny|100/100
|switch|p2a: Ogerpon|Ogerpon-Wellspring, F|100/100
|-ability|p1a: Kyurem|Pressure
|turn|1
|
|t:|1743881492
|switch|p2a: Iron Valiant|Iron Valiant|100/100
|-terastallize|p1a: Kyurem|Ice
|move|p1a: Kyurem|Freeze-Dry|p2a: Iron Valiant
|-damage|p2a: Iron Valiant|14/100
|
|-heal|p2a: Iron Valiant|20/100|[from] item: Leftovers
|upkeep
|turn|2
|
|t:|1743881498
|move|p1a: Kyurem|Freeze-Dry|p2a: Iron Valiant
|-damage|p2a: Iron Valiant|0 fnt
|faint|p2a: Iron Valiant
|-end|p2a: Iron Valiant|Quark Drive|[silent]
|
|upkeep
|
|t:|1743881509
|switch|p2a: Gholdengo|Gholdengo|100/100
|turn|3
|inactive|Dr. Drake6782 has 120 seconds left.
|inactive|Dr. Drake6782 has 90 seconds left.
|
|t:|1743881570
|switch|p1a: Iron Crown|Iron Crown|100/100
|-enditem|p1a: Iron Crown|Booster Energy
|-activate|p1a: Iron Crown|ability: Quark Drive|[fromitem]
|-start|p1a: Iron Crown|quarkdrivespa
|move|p2a: Gholdengo|Nasty Plot|p2a: Gholdengo
|-boost|p2a: Gholdengo|spa|2
|
|upkeep
|turn|4
|
|t:|1743881589
|move|p1a: Iron Crown|Calm Mind|p1a: Iron Crown
|-boost|p1a: Iron Crown|spa|1
|-boost|p1a: Iron Crown|spd|1
|move|p2a: Gholdengo|Shadow Ball|p1a: Iron Crown
|-supereffective|p1a: Iron Crown
|-damage|p1a: Iron Crown|1/100
|-unboost|p1a: Iron Crown|spd|1
|
|upkeep
|turn|5
|
|t:|1743881598
|move|p1a: Iron Crown|Tachyon Cutter|p2a: Gholdengo
|-resisted|p2a: Gholdengo
|-damage|p2a: Gholdengo|72/100
|-resisted|p2a: Gholdengo
|-damage|p2a: Gholdengo|47/100
|-enditem|p2a: Gholdengo|Sitrus Berry|[eat]
|-heal|p2a: Gholdengo|71/100|[from] item: Sitrus Berry
|-hitcount|p2a: Gholdengo|2
|move|p2a: Gholdengo|Shadow Ball|p1a: Iron Crown
|-supereffective|p1a: Iron Crown
|-damage|p1a: Iron Crown|0 fnt
|faint|p1a: Iron Crown
|-end|p1a: Iron Crown|Quark Drive|[silent]
|
|upkeep
|
|t:|1743881603
|switch|p1a: Garganacl|Garganacl, M, shiny|100/100
|turn|6
|
|t:|1743881619
|switch|p1a: Alomomola|Alomomola, F|100/100
|move|p2a: Gholdengo|Shadow Ball|p1a: Alomomola
|-damage|p1a: Alomomola|22/100
|
|upkeep
|turn|7
|
|t:|1743881628
|switch|p1a: Ting-Lu|Ting-Lu|100/100
|-ability|p1a: Ting-Lu|Vessel of Ruin
|move|p2a: Gholdengo|Shadow Ball|p1a: Ting-Lu
|-resisted|p1a: Ting-Lu
|-damage|p1a: Ting-Lu|84/100
|
|-heal|p1a: Ting-Lu|90/100|[from] item: Leftovers
|upkeep
|turn|8
|
|t:|1743881649
|switch|p2a: Ting-Lu|Ting-Lu|100/100
|-ability|p2a: Ting-Lu|Vessel of Ruin
|move|p1a: Ting-Lu|Earthquake|p2a: Ting-Lu
|-damage|p2a: Ting-Lu|81/100
|
|-heal|p2a: Ting-Lu|87/100|[from] item: Leftovers
|-heal|p1a: Ting-Lu|97/100|[from] item: Leftovers
|upkeep
|turn|9
|
|t:|1743881658
|switch|p1a: Kyurem|Kyurem, shiny, tera:Ice|100/100
|-ability|p1a: Kyurem|Pressure
|move|p2a: Ting-Lu|Spikes|p1a: Kyurem
|-sidestart|p1: Dr. Drake6782|Spikes
|
|-heal|p2a: Ting-Lu|94/100|[from] item: Leftovers
|upkeep
|turn|10
|
|t:|1743881680
|-terastallize|p2a: Ting-Lu|Dark
|move|p1a: Kyurem|Ice Beam|p2a: Ting-Lu
|-damage|p2a: Ting-Lu|55/100
|move|p2a: Ting-Lu|Facade|p1a: Kyurem
|-damage|p1a: Kyurem|82/100
|
|-heal|p2a: Ting-Lu|61/100|[from] item: Leftovers
|upkeep
|turn|11
|
|t:|1743881691
|move|p1a: Kyurem|Ice Beam|p2a: Ting-Lu
|-damage|p2a: Ting-Lu|21/100
|move|p2a: Ting-Lu|Spikes|p1a: Kyurem
|-sidestart|p1: Dr. Drake6782|Spikes
|
|-heal|p2a: Ting-Lu|27/100|[from] item: Leftovers
|upkeep
|turn|12
|
|t:|1743881694
|move|p1a: Kyurem|Ice Beam|p2a: Ting-Lu
|-damage|p2a: Ting-Lu|0 fnt
|faint|p2a: Ting-Lu
|
|upkeep
|
|t:|1743881700
|switch|p2a: Gholdengo|Gholdengo|71/100
|turn|13
|inactive|Dr. Drake6782 has 120 seconds left.
|
|t:|1743881732
|switch|p1a: Ting-Lu|Ting-Lu|97/100
|-damage|p1a: Ting-Lu|80/100|[from] Spikes
|-ability|p1a: Ting-Lu|Vessel of Ruin
|move|p2a: Gholdengo|Make It Rain|p1a: Ting-Lu
|-damage|p1a: Ting-Lu|56/100
|-unboost|p2a: Gholdengo|spa|1
|
|-heal|p1a: Ting-Lu|62/100|[from] item: Leftovers
|upkeep
|turn|14
|inactive|Dr. Drake6782 has 120 seconds left.
|
|t:|1743881748
|switch|p2a: Gliscor|Gliscor, F|100/100
|move|p1a: Ting-Lu|Earthquake|p2a: Gliscor
|-immune|p2a: Gliscor
|
|-heal|p1a: Ting-Lu|68/100|[from] item: Leftovers
|-status|p2a: Gliscor|tox|[from] item: Toxic Orb
|upkeep
|turn|15
|
|t:|1743881754
|move|p2a: Gliscor|Toxic|p1a: Ting-Lu
|-status|p1a: Ting-Lu|tox
|move|p1a: Ting-Lu|Stealth Rock|p2a: Gliscor
|-sidestart|p2: cookielking|move: Stealth Rock
|
|-heal|p1a: Ting-Lu|74/100 tox|[from] item: Leftovers
|-damage|p1a: Ting-Lu|68/100 tox|[from] psn
|upkeep
|turn|16
|
|t:|1743881760
|switch|p1a: Kyurem|Kyurem, shiny, tera:Ice|82/100
|-damage|p1a: Kyurem|65/100|[from] Spikes
|-ability|p1a: Kyurem|Pressure
|move|p2a: Gliscor|Ice Fang|p1a: Kyurem
|-resisted|p1a: Kyurem
|-damage|p1a: Kyurem|57/100
|
|upkeep
|turn|17
|
|t:|1743881774
|move|p2a: Gliscor|Protect|p2a: Gliscor
|-singleturn|p2a: Gliscor|Protect
|move|p1a: Kyurem|Ice Beam|p2a: Gliscor
|-activate|p2a: Gliscor|move: Protect
|
|upkeep
|turn|18
|
|t:|1743881778
|switch|p2a: Gholdengo|Gholdengo|71/100
|-damage|p2a: Gholdengo|65/100|[from] Stealth Rock
|move|p1a: Kyurem|Ice Beam|p2a: Gholdengo
|-resisted|p2a: Gholdengo
|-damage|p2a: Gholdengo|29/100
|-status|p2a: Gholdengo|frz
|
|upkeep
|turn|19
|
|t:|1743881784
|move|p1a: Kyurem|Ice Beam|p2a: Gholdengo
|-resisted|p2a: Gholdengo
|-damage|p2a: Gholdengo|0 fnt
|faint|p2a: Gholdengo
|
|upkeep
|
|t:|1743881792
|switch|p2a: Haxorus|Haxorus, F|100/100
|-damage|p2a: Haxorus|88/100|[from] Stealth Rock
|-ability|p2a: Haxorus|Mold Breaker
|turn|20
|
|t:|1743881799
|move|p1a: Kyurem|Ice Beam|p2a: Haxorus
|-supereffective|p2a: Haxorus
|-damage|p2a: Haxorus|0 fnt
|faint|p2a: Haxorus
|
|upkeep
|
|t:|1743881801
|switch|p2a: Ogerpon|Ogerpon-Wellspring, F|100/100
|-damage|p2a: Ogerpon|88/100|[from] Stealth Rock
|turn|21
|
|t:|1743881807
|switch|p1a: Ting-Lu|Ting-Lu|68/100 tox
|-damage|p1a: Ting-Lu|51/100 tox|[from] Spikes
|-ability|p1a: Ting-Lu|Vessel of Ruin
|move|p2a: Ogerpon|Ivy Cudgel|p1a: Ting-Lu|[anim] Ivy Cudgel Water
|-supereffective|p1a: Ting-Lu
|-damage|p1a: Ting-Lu|0 fnt
|faint|p1a: Ting-Lu
|
|upkeep
|
|t:|1743881809
|switch|p1a: Kyurem|Kyurem, shiny, tera:Ice|57/100
|-damage|p1a: Kyurem|40/100|[from] Spikes
|-ability|p1a: Kyurem|Pressure
|turn|22
|
|t:|1743881814
|move|p1a: Kyurem|Freeze-Dry|p2a: Ogerpon
|-supereffective|p2a: Ogerpon
|-damage|p2a: Ogerpon|0 fnt
|faint|p2a: Ogerpon
|
|upkeep
|
|t:|1743881816
|switch|p2a: Gliscor|Gliscor, F|100/100 tox
|-damage|p2a: Gliscor|88/100 tox|[from] Stealth Rock
|turn|23
|
|t:|1743881832
|move|p1a: Kyurem|Freeze-Dry|p2a: Gliscor
|-supereffective|p2a: Gliscor
|-damage|p2a: Gliscor|0 fnt
|faint|p2a: Gliscor
|
|win|Dr. Drake6782
|raw|Dr. Drake6782's rating: 1135 &rarr; <strong>1158</strong><br />(+23 for winning)
|raw|cookielking's rating: 1112 &rarr; <strong>1089</strong><br />(-23 for losing)
