|j|☆The Name Change
|j|☆thebigclimb
|t:|1743835066
|gametype|singles
|player|p1|The Name Change|1|1511
|player|p2|thebigclimb|burglar|1520
|teamsize|p1|6
|teamsize|p2|6
|gen|9
|tier|[Gen 9] OU
|rated|
|rule|HP Percentage Mod: HP is shown in percentages
|rule|Endless Battle Clause: Forcing endless battles is banned
|rule|Species Clause: Limit one of each Pokémon
|rule|OHKO Clause: OHKO moves are banned
|rule|Evasion Items Clause: Evasion items are banned
|rule|Evasion Moves Clause: Evasion moves are banned
|rule|Sleep Moves Clause: Sleep-inducing moves are banned
|clearpoke
|poke|p1|Gliscor, M|
|poke|p1|Keldeo|
|poke|p1|Ting-Lu|
|poke|p1|Sinistcha-Masterpiece|
|poke|p1|Tinkaton, F|
|poke|p1|Dragonite, F|
|poke|p2|Alomomola, F|
|poke|p2|Hatterene, F|
|poke|p2|Heatran, F|
|poke|p2|Slaking, M|
|poke|p2|Gliscor, M|
|poke|p2|Dragapult, M|
|teampreview
|c|☆thebigclimb|gl hf
|
|t:|1743835097
|start
|switch|p1a: Tinkaton|Tinkaton, F|100/100
|switch|p2a: Slaking|Slaking, M|100/100
|-ability|p1a: Tinkaton|Mold Breaker
|-item|p1a: Tinkaton|Air Balloon
|turn|1
|inactive|Battle timer is ON: inactive players will automatically lose when time's up. (requested by thebigclimb)
|
|t:|1743835116
|move|p2a: Slaking|Knock Off|p1a: Tinkaton
|-resisted|p1a: Tinkaton
|-damage|p1a: Tinkaton|67/100
|-enditem|p1a: Tinkaton|Air Balloon
|move|p1a: Tinkaton|Thunder Wave|p2a: Slaking
|-status|p2a: Slaking|par
|
|upkeep
|turn|2
|
|t:|1743835130
|switch|p2a: Gliscor|Gliscor, M|100/100
|move|p1a: Tinkaton|Stealth Rock|p2a: Gliscor
|-sidestart|p2: thebigclimb|move: Stealth Rock
|
|-status|p2a: Gliscor|tox|[from] item: Toxic Orb
|upkeep
|turn|3
|
|t:|1743835142
|switch|p1a: Gliscor|Gliscor, M|100/100
|move|p2a: Gliscor|U-turn|p1a: Gliscor
|-resisted|p1a: Gliscor
|-damage|p1a: Gliscor|94/100
|
|t:|1743835162
|switch|p2a: Slaking|Slaking, M|100/100 par|[from] U-turn
|-damage|p2a: Slaking|88/100 par|[from] Stealth Rock
|
|-status|p1a: Gliscor|tox|[from] item: Toxic Orb
|upkeep
|turn|4
|
|t:|1743835171
|move|p1a: Gliscor|Protect|p1a: Gliscor
|-singleturn|p1a: Gliscor|Protect
|move|p2a: Slaking|Double-Edge|p1a: Gliscor
|-activate|p1a: Gliscor|move: Protect
|
|-heal|p1a: Gliscor|100/100 tox|[from] ability: Poison Heal
|upkeep
|turn|5
|
|t:|1743835183
|move|p1a: Gliscor|Swords Dance|p1a: Gliscor
|-boost|p1a: Gliscor|atk|2
|cant|p2a: Slaking|ability: Truant
|
|upkeep
|turn|6
|
|t:|1743835194
|switch|p2a: Alomomola|Alomomola, F|100/100
|move|p1a: Gliscor|Swords Dance|p1a: Gliscor
|-boost|p1a: Gliscor|atk|2
|
|upkeep
|turn|7
|
|t:|1743835201
|-terastallize|p1a: Gliscor|Normal
|move|p1a: Gliscor|Facade|p2a: Alomomola
|-damage|p2a: Alomomola|28/100
|move|p2a: Alomomola|Flip Turn|p1a: Gliscor
|-damage|p1a: Gliscor|87/100 tox
|
|t:|1743835210
|switch|p2a: Dragapult|Dragapult, M|100/100|[from] Flip Turn
|-damage|p2a: Dragapult|88/100|[from] Stealth Rock
|
|-heal|p1a: Gliscor|99/100 tox|[from] ability: Poison Heal
|upkeep
|turn|8
|
|t:|1743835218
|move|p2a: Dragapult|Draco Meteor|p1a: Gliscor
|-damage|p1a: Gliscor|0 fnt
|-unboost|p2a: Dragapult|spa|2
|faint|p1a: Gliscor
|
|upkeep
|
|t:|1743835234
|switch|p1a: Sinistcha|Sinistcha-Masterpiece|100/100
|turn|9
|
|t:|1743835247
|switch|p2a: Heatran|Heatran, F|100/100
|-damage|p2a: Heatran|88/100|[from] Stealth Rock
|move|p1a: Sinistcha|Calm Mind|p1a: Sinistcha
|-boost|p1a: Sinistcha|spa|1
|-boost|p1a: Sinistcha|spd|1
|
|-heal|p2a: Heatran|94/100|[from] item: Leftovers
|upkeep
|turn|10
|
|t:|1743835263
|move|p2a: Heatran|Stealth Rock|p1a: Sinistcha
|-sidestart|p1: The Name Change|move: Stealth Rock
|move|p1a: Sinistcha|Calm Mind|p1a: Sinistcha
|-boost|p1a: Sinistcha|spa|1
|-boost|p1a: Sinistcha|spd|1
|
|-heal|p2a: Heatran|100/100|[from] item: Leftovers
|upkeep
|turn|11
|
|t:|1743835277
|move|p2a: Heatran|Taunt|p1a: Sinistcha
|-start|p1a: Sinistcha|move: Taunt
|cant|p1a: Sinistcha|move: Taunt|Calm Mind
|
|upkeep
|turn|12
|
|t:|1743835282
|move|p2a: Heatran|Magma Storm|p1a: Sinistcha
|-supereffective|p1a: Sinistcha
|-damage|p1a: Sinistcha|76/100
|-activate|p1a: Sinistcha|move: Magma Storm|[of] p2a: Heatran
|move|p1a: Sinistcha|Shadow Ball|p2a: Heatran
|-damage|p2a: Heatran|61/100
|-unboost|p2a: Heatran|spd|1
|
|-heal|p2a: Heatran|67/100|[from] item: Leftovers
|-damage|p1a: Sinistcha|63/100|[from] move: Magma Storm|[partiallytrapped]
|upkeep
|turn|13
|
|t:|1743835292
|switch|p2a: Slaking|Slaking, M|88/100 par
|-damage|p2a: Slaking|76/100 par|[from] Stealth Rock
|move|p1a: Sinistcha|Shadow Ball|p2a: Slaking
|-immune|p2a: Slaking
|
|-end|p1a: Sinistcha|Magma Storm|[partiallytrapped]|[silent]
|-end|p1a: Sinistcha|move: Taunt
|upkeep
|turn|14
|
|t:|1743835302
|move|p1a: Sinistcha|Strength Sap|p2a: Slaking
|-unboost|p2a: Slaking|atk|1
|-heal|p1a: Sinistcha|100/100
|move|p2a: Slaking|Knock Off|p1a: Sinistcha
|-supereffective|p1a: Sinistcha
|-damage|p1a: Sinistcha|48/100
|-enditem|p1a: Sinistcha|Heavy-Duty Boots|[from] move: Knock Off|[of] p2a: Slaking
|
|upkeep
|turn|15
|
|t:|1743835316
|switch|p2a: Dragapult|Dragapult, M|88/100
|-damage|p2a: Dragapult|76/100|[from] Stealth Rock
|move|p1a: Sinistcha|Matcha Gotcha|p2a: Dragapult
|-resisted|p2a: Dragapult
|-damage|p2a: Dragapult|30/100
|-heal|p1a: Sinistcha|69/100|[from] drain|[of] p2a: Dragapult
|-status|p2a: Dragapult|brn
|
|-damage|p2a: Dragapult|24/100 brn|[from] brn
|upkeep
|turn|16
|
|t:|1743835329
|move|p2a: Dragapult|Shadow Ball|p1a: Sinistcha
|-supereffective|p1a: Sinistcha
|-damage|p1a: Sinistcha|3/100
|move|p1a: Sinistcha|Matcha Gotcha|p2a: Dragapult
|-resisted|p2a: Dragapult
|-damage|p2a: Dragapult|0 fnt
|-heal|p1a: Sinistcha|13/100|[from] drain|[of] p2a: Dragapult
|faint|p2a: Dragapult
|
|upkeep
|inactive|thebigclimb has 120 seconds left.
|
|t:|1743835361
|switch|p2a: Heatran|Heatran, F|67/100
|-damage|p2a: Heatran|54/100|[from] Stealth Rock
|turn|17
|inactive|thebigclimb has 120 seconds left.
|
|t:|1743835371
|switch|p1a: Ting-Lu|Ting-Lu|100/100
|-damage|p1a: Ting-Lu|94/100|[from] Stealth Rock
|-ability|p1a: Ting-Lu|Vessel of Ruin
|move|p2a: Heatran|Magma Storm|p1a: Ting-Lu
|-damage|p1a: Ting-Lu|76/100
|-activate|p1a: Ting-Lu|move: Magma Storm|[of] p2a: Heatran
|
|-heal|p2a: Heatran|61/100|[from] item: Leftovers
|-heal|p1a: Ting-Lu|82/100|[from] item: Leftovers
|-damage|p1a: Ting-Lu|70/100|[from] move: Magma Storm|[partiallytrapped]
|upkeep
|turn|18
|inactive|thebigclimb has 120 seconds left.
|
|t:|1743835388
|switch|p2a: Hatterene|Hatterene, F|100/100
|-damage|p2a: Hatterene|88/100|[from] Stealth Rock
|move|p1a: Ting-Lu|Ruination|p2a: Hatterene
|-damage|p2a: Hatterene|45/100
|-enditem|p2a: Hatterene|Eject Button
|
|t:|1743835398
|switch|p2a: Slaking|Slaking, M|76/100 par
|-damage|p2a: Slaking|63/100 par|[from] Stealth Rock
|
|-heal|p1a: Ting-Lu|76/100|[from] item: Leftovers
|-end|p1a: Ting-Lu|Magma Storm|[partiallytrapped]|[silent]
|upkeep
|turn|19
|inactive|thebigclimb has 120 seconds left.
|
|t:|1743835419
|move|p2a: Slaking|Knock Off|p1a: Ting-Lu
|-resisted|p1a: Ting-Lu
|-damage|p1a: Ting-Lu|59/100
|-enditem|p1a: Ting-Lu|Leftovers|[from] move: Knock Off|[of] p2a: Slaking
|move|p1a: Ting-Lu|Spikes|p2a: Slaking
|-sidestart|p2: thebigclimb|Spikes
|
|upkeep
|turn|20
|
|t:|1743835427
|switch|p2a: Alomomola|Alomomola, F|62/100
|switch|p1a: Sinistcha|Sinistcha-Masterpiece|13/100
|-damage|p1a: Sinistcha|1/100|[from] Stealth Rock
|
|upkeep
|turn|21
|inactive|thebigclimb has 120 seconds left.
|
|t:|1743835442
|switch|p2a: Heatran|Heatran, F|61/100
|-damage|p2a: Heatran|48/100|[from] Stealth Rock
|-damage|p2a: Heatran|36/100|[from] Spikes
|move|p1a: Sinistcha|Strength Sap|p2a: Heatran
|-unboost|p2a: Heatran|atk|1
|-heal|p1a: Sinistcha|49/100
|
|-heal|p2a: Heatran|42/100|[from] item: Leftovers
|upkeep
|turn|22
|inactive|thebigclimb has 120 seconds left.
|
|t:|1743835457
|switch|p1a: Ting-Lu|Ting-Lu|59/100
|-damage|p1a: Ting-Lu|52/100|[from] Stealth Rock
|-ability|p1a: Ting-Lu|Vessel of Ruin
|move|p2a: Heatran|Magma Storm|p1a: Ting-Lu
|-damage|p1a: Ting-Lu|33/100
|-activate|p1a: Ting-Lu|move: Magma Storm|[of] p2a: Heatran
|
|-heal|p2a: Heatran|48/100|[from] item: Leftovers
|-damage|p1a: Ting-Lu|20/100|[from] move: Magma Storm|[partiallytrapped]
|upkeep
|turn|23
|inactive|thebigclimb has 120 seconds left.
|
|t:|1743835473
|move|p2a: Heatran|Magma Storm|p1a: Ting-Lu
|-damage|p1a: Ting-Lu|1/100
|move|p1a: Ting-Lu|Ruination|p2a: Heatran
|-damage|p2a: Heatran|24/100
|
|-heal|p2a: Heatran|31/100|[from] item: Leftovers
|-damage|p1a: Ting-Lu|0 fnt|[from] move: Magma Storm|[partiallytrapped]
|faint|p1a: Ting-Lu
|upkeep
|
|t:|1743835480
|switch|p1a: Keldeo|Keldeo|100/100
|turn|24
|inactive|thebigclimb has 120 seconds left.
|
|t:|1743835492
|switch|p2a: Alomomola|Alomomola, F|95/100
|move|p1a: Keldeo|Aura Sphere|p2a: Alomomola
|-damage|p2a: Alomomola|50/100
|
|upkeep
|turn|25
|inactive|thebigclimb has 120 seconds left.
|
|t:|1743835505
|move|p2a: Alomomola|Protect|p2a: Alomomola
|-singleturn|p2a: Alomomola|Protect
|move|p1a: Keldeo|Aura Sphere|p2a: Alomomola
|-activate|p2a: Alomomola|move: Protect
|
|upkeep
|turn|26
|
|t:|1743835511
|switch|p2a: Gliscor|Gliscor, M|100/100 tox
|-damage|p2a: Gliscor|88/100 tox|[from] Stealth Rock
|move|p1a: Keldeo|Aura Sphere|p2a: Gliscor
|-resisted|p2a: Gliscor
|-damage|p2a: Gliscor|70/100 tox
|
|-heal|p2a: Gliscor|82/100 tox|[from] ability: Poison Heal
|upkeep
|turn|27
|
|t:|1743835524
|move|p1a: Keldeo|Surf|p2a: Gliscor
|-supereffective|p2a: Gliscor
|-damage|p2a: Gliscor|0 fnt
|faint|p2a: Gliscor
|
|upkeep
|inactive|thebigclimb has 120 seconds left.
|
|t:|1743835535
|switch|p2a: Slaking|Slaking, M|63/100 par
|-damage|p2a: Slaking|51/100 par|[from] Stealth Rock
|-damage|p2a: Slaking|38/100 par|[from] Spikes
|turn|28
|c|☆thebigclimb|gg
|inactive|thebigclimb has 120 seconds left.
|-message|thebigclimb forfeited.
|
|win|The Name Change
|raw|The Name Change's rating: 1511 &rarr; <strong>1532</strong><br />(+21 for winning)
|raw|thebigclimb's rating: 1520 &rarr; <strong>1499</strong><br />(-21 for losing)
|l|☆thebigclimb
|player|p2|
|c|☆The Name Change|why
|l|☆The Name Change
|player|p1|
