|j|☆WEBBERRYAN98
|j|☆Kriy
|t:|1743825427
|gametype|singles
|player|p1|WEBBERRYAN98|102|1185
|player|p2|Kriy|ethan|1226
|teamsize|p1|6
|teamsize|p2|6
|gen|9
|tier|[Gen 9] OU
|rated|
|rule|HP Percentage Mod: HP is shown in percentages
|rule|Endless Battle Clause: Forcing endless battles is banned
|rule|Species Clause: Limit one of each Pokémon
|rule|OHKO Clause: OHKO moves are banned
|rule|Evasion Items Clause: Evasion items are banned
|rule|Evasion Moves Clause: Evasion moves are banned
|rule|Sleep Moves Clause: Sleep-inducing moves are banned
|clearpoke
|poke|p1|Ursaluna, M|
|poke|p1|Magnezone|
|poke|p1|Sinistcha|
|poke|p1|Hydreigon, M|
|poke|p1|Iron Valiant|
|poke|p1|Forretress, F|
|poke|p2|Dragonite, M|
|poke|p2|Primarina, F|
|poke|p2|Darkrai|
|poke|p2|Landorus-Therian, M|
|poke|p2|Kingambit, M|
|poke|p2|Blaziken, M|
|teampreview
|inactive|Battle timer is ON: inactive players will automatically lose when time's up. (requested by Kriy)
|
|t:|1743825451
|start
|switch|p1a: Hydreigon|Hydreigon, M|100/100
|switch|p2a: Landorus|Landorus-Therian, M|100/100
|-ability|p2a: Landorus|Intimidate|boost
|-unboost|p1a: Hydreigon|atk|1
|turn|1
|
|t:|1743825455
|move|p1a: Hydreigon|Draco Meteor|p2a: Landorus
|-damage|p2a: Landorus|29/100
|-unboost|p1a: Hydreigon|spa|2
|move|p2a: Landorus|Taunt|p1a: Hydreigon
|-start|p1a: Hydreigon|move: Taunt
|
|upkeep
|turn|2
|
|t:|1743825463
|switch|p2a: Primarina|Primarina, F|100/100
|move|p1a: Hydreigon|Draco Meteor|p2a: Primarina
|-immune|p2a: Primarina
|
|upkeep
|turn|3
|
|t:|1743825471
|switch|p1a: Sinistcha|Sinistcha|100/100
|move|p2a: Primarina|Substitute|p2a: Primarina
|-start|p2a: Primarina|Substitute
|-damage|p2a: Primarina|76/100
|
|-heal|p2a: Primarina|82/100|[from] item: Leftovers
|upkeep
|turn|4
|
|t:|1743825487
|move|p1a: Sinistcha|Matcha Gotcha|p2a: Primarina
|-supereffective|p2a: Primarina
|-end|p2a: Primarina|Substitute
|move|p2a: Primarina|Moonblast|p1a: Sinistcha
|-damage|p1a: Sinistcha|63/100
|-unboost|p1a: Sinistcha|spa|1
|
|-heal|p1a: Sinistcha|69/100|[from] item: Leftovers
|-heal|p2a: Primarina|88/100|[from] item: Leftovers
|upkeep
|turn|5
|
|t:|1743825511
|switch|p1a: Magnezone|Magnezone|100/100
|move|p2a: Primarina|Moonblast|p1a: Magnezone
|-resisted|p1a: Magnezone
|-damage|p1a: Magnezone|76/100
|
|-heal|p2a: Primarina|94/100|[from] item: Leftovers
|upkeep
|turn|6
|inactive|WEBBERRYAN98 has 120 seconds left.
|
|t:|1743825546
|switch|p2a: Landorus|Landorus-Therian, M|29/100
|-ability|p2a: Landorus|Intimidate|boost
|-unboost|p1a: Magnezone|atk|1
|move|p1a: Magnezone|Flash Cannon|p2a: Landorus
|-damage|p2a: Landorus|0 fnt
|faint|p2a: Landorus
|
|upkeep
|
|t:|1743825554
|switch|p2a: Blaziken|Blaziken, M|100/100
|turn|7
|inactive|WEBBERRYAN98 has 120 seconds left.
|
|t:|1743825581
|switch|p1a: Iron Valiant|Iron Valiant|100/100
|-enditem|p1a: Iron Valiant|Booster Energy
|-activate|p1a: Iron Valiant|ability: Quark Drive|[fromitem]
|-start|p1a: Iron Valiant|quarkdrivespe
|move|p2a: Blaziken|Swords Dance|p2a: Blaziken
|-boost|p2a: Blaziken|atk|2
|
|-ability|p2a: Blaziken|Speed Boost|boost
|-boost|p2a: Blaziken|spe|1
|upkeep
|turn|8
|inactive|WEBBERRYAN98 has 90 seconds left.
|
|t:|1743825602
|move|p2a: Blaziken|Protect|p2a: Blaziken
|-singleturn|p2a: Blaziken|Protect
|move|p1a: Iron Valiant|Moonblast|p2a: Blaziken
|-activate|p2a: Blaziken|move: Protect
|
|-ability|p2a: Blaziken|Speed Boost|boost
|-boost|p2a: Blaziken|spe|1
|upkeep
|turn|9
|
|t:|1743825615
|move|p2a: Blaziken|Flare Blitz|p1a: Iron Valiant
|-damage|p1a: Iron Valiant|0 fnt
|faint|p1a: Iron Valiant
|-end|p1a: Iron Valiant|Quark Drive|[silent]
|-damage|p2a: Blaziken|69/100|[from] Recoil
|-damage|p2a: Blaziken|59/100|[from] item: Life Orb
|
|-ability|p2a: Blaziken|Speed Boost|boost
|-boost|p2a: Blaziken|spe|1
|upkeep
|inactive|WEBBERRYAN98 has 90 seconds left.
|
|t:|1743825639
|switch|p1a: Ursaluna|Ursaluna, M|100/100
|turn|10
|inactive|WEBBERRYAN98 has 90 seconds left.
|
|t:|1743825652
|-terastallize|p1a: Ursaluna|Ghost
|move|p2a: Blaziken|Close Combat|p1a: Ursaluna
|-immune|p1a: Ursaluna
|move|p1a: Ursaluna|Headlong Rush|p2a: Blaziken
|-supereffective|p2a: Blaziken
|-damage|p2a: Blaziken|0 fnt
|-unboost|p1a: Ursaluna|def|1
|-unboost|p1a: Ursaluna|spd|1
|faint|p2a: Blaziken
|
|-status|p1a: Ursaluna|brn|[from] item: Flame Orb
|upkeep
|
|t:|1743825670
|switch|p2a: Darkrai|Darkrai|100/100
|turn|11
|inactive|WEBBERRYAN98 has 90 seconds left.
|
|t:|1743825688
|switch|p1a: Hydreigon|Hydreigon, M|100/100
|move|p2a: Darkrai|Dark Pulse|p1a: Hydreigon
|-resisted|p1a: Hydreigon
|-damage|p1a: Hydreigon|76/100
|
|upkeep
|turn|12
|inactive|WEBBERRYAN98 has 90 seconds left.
|
|t:|1743825693
|move|p1a: Hydreigon|U-turn|p2a: Darkrai
|-supereffective|p2a: Darkrai
|-damage|p2a: Darkrai|62/100
|inactive|WEBBERRYAN98 has 90 seconds left.
|
|t:|1743825704
|switch|p1a: Forretress|Forretress, F|100/100|[from] U-turn
|move|p2a: Darkrai|Focus Blast|p1a: Forretress
|-damage|p1a: Forretress|41/100
|
|-heal|p1a: Forretress|47/100|[from] item: Leftovers
|upkeep
|turn|13
|inactive|WEBBERRYAN98 has 90 seconds left.
|
|t:|1743825714
|move|p2a: Darkrai|Focus Blast|p1a: Forretress
|-damage|p1a: Forretress|0 fnt
|faint|p1a: Forretress
|
|upkeep
|inactive|WEBBERRYAN98 has 90 seconds left.
|
|t:|1743825737
|switch|p1a: Hydreigon|Hydreigon, M|76/100
|turn|14
|
|t:|1743825742
|switch|p2a: Primarina|Primarina, F|94/100
|move|p1a: Hydreigon|Draco Meteor|p2a: Primarina
|-immune|p2a: Primarina
|
|-heal|p2a: Primarina|99/100|[from] item: Leftovers
|upkeep
|turn|15
|inactive|WEBBERRYAN98 has 90 seconds left.
|
|t:|1743825751
|switch|p1a: Magnezone|Magnezone|76/100
|move|p2a: Primarina|Substitute|p2a: Primarina
|-start|p2a: Primarina|Substitute
|-damage|p2a: Primarina|75/100
|
|-heal|p2a: Primarina|81/100|[from] item: Leftovers
|upkeep
|turn|16
|
|t:|1743825756
|move|p1a: Magnezone|Volt Switch|p2a: Primarina
|-supereffective|p2a: Primarina
|-end|p2a: Primarina|Substitute
|
|t:|1743825761
|switch|p1a: Sinistcha|Sinistcha|69/100|[from] Volt Switch
|move|p2a: Primarina|Psychic Noise|p1a: Sinistcha
|-resisted|p1a: Sinistcha
|-damage|p1a: Sinistcha|55/100
|-start|p1a: Sinistcha|move: Heal Block
|
|-heal|p2a: Primarina|87/100|[from] item: Leftovers
|upkeep
|turn|17
|
|t:|1743825778
|move|p1a: Sinistcha|Calm Mind|p1a: Sinistcha
|-boost|p1a: Sinistcha|spa|1
|-boost|p1a: Sinistcha|spd|1
|move|p2a: Primarina|Moonblast|p1a: Sinistcha
|-damage|p1a: Sinistcha|33/100
|-unboost|p1a: Sinistcha|spa|1
|
|-heal|p2a: Primarina|93/100|[from] item: Leftovers
|-end|p1a: Sinistcha|move: Heal Block
|upkeep
|turn|18
|
|t:|1743825789
|move|p1a: Sinistcha|Matcha Gotcha|p2a: Primarina
|-supereffective|p2a: Primarina
|-damage|p2a: Primarina|43/100
|-heal|p1a: Sinistcha|59/100|[from] drain|[of] p2a: Primarina
|move|p2a: Primarina|Psychic Noise|p1a: Sinistcha
|-resisted|p1a: Sinistcha
|-damage|p1a: Sinistcha|50/100
|-start|p1a: Sinistcha|move: Heal Block
|
|-heal|p2a: Primarina|49/100|[from] item: Leftovers
|upkeep
|turn|19
|
|t:|1743825799
|move|p1a: Sinistcha|Shadow Ball|p2a: Primarina
|-damage|p2a: Primarina|21/100
|-unboost|p2a: Primarina|spd|1
|move|p2a: Primarina|Moonblast|p1a: Sinistcha
|-damage|p1a: Sinistcha|26/100
|
|-heal|p2a: Primarina|27/100|[from] item: Leftovers
|-end|p1a: Sinistcha|move: Heal Block
|upkeep
|turn|20
|
|t:|1743825806
|move|p1a: Sinistcha|Matcha Gotcha|p2a: Primarina
|-supereffective|p2a: Primarina
|-damage|p2a: Primarina|0 fnt
|-heal|p1a: Sinistcha|40/100|[from] drain|[of] p2a: Primarina
|faint|p2a: Primarina
|
|-heal|p1a: Sinistcha|46/100|[from] item: Leftovers
|upkeep
|
|t:|1743825810
|switch|p2a: Darkrai|Darkrai|62/100
|turn|21
|
|t:|1743825836
|move|p2a: Darkrai|Dark Pulse|p1a: Sinistcha
|-supereffective|p1a: Sinistcha
|-damage|p1a: Sinistcha|0 fnt
|faint|p1a: Sinistcha
|
|upkeep
|inactive|WEBBERRYAN98 has 90 seconds left.
|
|t:|1743825851
|switch|p1a: Hydreigon|Hydreigon, M|76/100
|turn|22
|inactive|WEBBERRYAN98 has 90 seconds left.
|
|t:|1743825865
|switch|p2a: Kingambit|Kingambit, M|100/100
|-activate|p2a: Kingambit|ability: Supreme Overlord
|-start|p2a: Kingambit|fallen3|[silent]
|move|p1a: Hydreigon|Draco Meteor|p2a: Kingambit
|-resisted|p2a: Kingambit
|-damage|p2a: Kingambit|68/100
|-unboost|p1a: Hydreigon|spa|2
|
|-heal|p2a: Kingambit|75/100|[from] item: Leftovers
|upkeep
|turn|23
|inactive|WEBBERRYAN98 has 90 seconds left.
|
|t:|1743825875
|switch|p1a: Ursaluna|Ursaluna, M, tera:Ghost|100/100 brn
|move|p2a: Kingambit|Low Kick|p1a: Ursaluna
|-immune|p1a: Ursaluna
|
|-heal|p2a: Kingambit|81/100|[from] item: Leftovers
|-damage|p1a: Ursaluna|94/100 brn|[from] brn
|upkeep
|turn|24
|inactive|WEBBERRYAN98 has 90 seconds left.
|inactive|Kriy has 120 seconds left.
|
|t:|1743825905
|switch|p1a: Hydreigon|Hydreigon, M|76/100
|move|p2a: Kingambit|Sucker Punch||[still]
|-fail|p2a: Kingambit
|
|-heal|p2a: Kingambit|87/100|[from] item: Leftovers
|upkeep
|turn|25
|inactive|WEBBERRYAN98 has 90 seconds left.
|inactive|Kriy has 120 seconds left.
|
|t:|1743825918
|move|p1a: Hydreigon|U-turn|p2a: Kingambit
|-damage|p2a: Kingambit|74/100
|inactive|WEBBERRYAN98 has 60 seconds left.
|
|t:|1743825955
|switch|p1a: Ursaluna|Ursaluna, M, tera:Ghost|94/100 brn|[from] U-turn
|move|p2a: Kingambit|Low Kick|p1a: Ursaluna
|-immune|p1a: Ursaluna
|
|-heal|p2a: Kingambit|80/100|[from] item: Leftovers
|-damage|p1a: Ursaluna|88/100 brn|[from] brn
|upkeep
|turn|26
|inactive|WEBBERRYAN98 has 60 seconds left.
|
|t:|1743825967
|move|p2a: Kingambit|Iron Head|p1a: Ursaluna
|-damage|p1a: Ursaluna|46/100 brn
|cant|p1a: Ursaluna|flinch
|
|-heal|p2a: Kingambit|87/100|[from] item: Leftovers
|-damage|p1a: Ursaluna|40/100 brn|[from] brn
|upkeep
|turn|27
|inactive|WEBBERRYAN98 has 60 seconds left.
|inactive|Kriy has 120 seconds left.
|
|t:|1743825987
|move|p2a: Kingambit|Iron Head|p1a: Ursaluna
|-damage|p1a: Ursaluna|0 fnt
|faint|p1a: Ursaluna
|
|-heal|p2a: Kingambit|93/100|[from] item: Leftovers
|upkeep
|
|t:|1743825995
|switch|p1a: Magnezone|Magnezone|76/100
|turn|28
|
|t:|1743825998
|move|p1a: Magnezone|Discharge|p2a: Kingambit
|-damage|p2a: Kingambit|31/100
|-status|p2a: Kingambit|par
|cant|p2a: Kingambit|par
|
|-heal|p2a: Kingambit|37/100 par|[from] item: Leftovers
|upkeep
|turn|29
|
|t:|1743826006
|move|p1a: Magnezone|Discharge|p2a: Kingambit
|-damage|p2a: Kingambit|0 fnt
|faint|p2a: Kingambit
|-end|p2a: Kingambit|fallen3|[silent]
|
|upkeep
|
|t:|1743826011
|switch|p2a: Dragonite|Dragonite, M|100/100
|turn|30
|
|t:|1743826020
|move|p2a: Dragonite|Earthquake|p1a: Magnezone
|-supereffective|p1a: Magnezone
|-damage|p1a: Magnezone|0 fnt
|faint|p1a: Magnezone
|
|upkeep
|
|t:|1743826024
|switch|p1a: Hydreigon|Hydreigon, M|76/100
|turn|31
|inactive|WEBBERRYAN98 has 90 seconds left.
|inactive|Kriy has 120 seconds left.
|inactive|Kriy has 90 seconds left.
|inactive|Kriy has 60 seconds left.
|inactive|Kriy has 30 seconds left.
|inactive|Kriy has 20 seconds left.
|inactive|Kriy has 15 seconds left.
|inactive|Kriy has 10 seconds left.
|
|t:|1743826166
|-terastallize|p2a: Dragonite|Normal
|move|p2a: Dragonite|Extreme Speed|p1a: Hydreigon
|-damage|p1a: Hydreigon|17/100
|move|p1a: Hydreigon|Draco Meteor|p2a: Dragonite
|-damage|p2a: Dragonite|69/100
|-unboost|p1a: Hydreigon|spa|2
|
|upkeep
|turn|32
|inactive|Kriy has 20 seconds left this turn.
|c|☆Kriy|srry
|inactive|WEBBERRYAN98 has 90 seconds left.
|-message|WEBBERRYAN98 forfeited.
|
|win|Kriy
|inactive|Kriy has 25 seconds left this turn.
|raw|WEBBERRYAN98's rating: 1185 &rarr; <strong>1163</strong><br />(-22 for losing)
|raw|Kriy's rating: 1226 &rarr; <strong>1248</strong><br />(+22 for winning)
|l|☆WEBBERRYAN98
|player|p1|
|l|☆Kriy
|player|p2|
