|j|☆ETESANTI
|j|☆DogShed
|t:|1743936144
|gametype|singles
|player|p1|ETESANTI|2|1294
|player|p2|DogShed|266|1344
|teamsize|p1|6
|teamsize|p2|6
|gen|9
|tier|[Gen 9] OU
|rated|
|rule|HP Percentage Mod: HP is shown in percentages
|rule|Endless Battle Clause: Forcing endless battles is banned
|rule|Species Clause: Limit one of each Pokémon
|rule|OHKO Clause: OHKO moves are banned
|rule|Evasion Items Clause: Evasion items are banned
|rule|Evasion Moves Clause: Evasion moves are banned
|rule|Sleep Moves Clause: Sleep-inducing moves are banned
|clearpoke
|poke|p1|Garganacl, M|
|poke|p1|Weezing-Galar, F|
|poke|p1|Corviknight, M|
|poke|p1|Dragapult, M|
|poke|p1|Slowking-Galar, M|
|poke|p1|Samurott-Hisui, F|
|poke|p2|Dragalge, F|
|poke|p2|Alomomola, F|
|poke|p2|Gliscor, M|
|poke|p2|Great Tusk|
|poke|p2|Enamorus, F|
|poke|p2|Kingambit, F|
|teampreview
|inactive|Battle timer is ON: inactive players will automatically lose when time's up. (requested by ETESANTI)
|
|t:|1743936160
|start
|switch|p1a: Acupuncturist|Samurott-Hisui, F|100/100
|switch|p2a: Gliscor|Gliscor, M|100/100
|turn|1
|
|t:|1743936183
|switch|p1a: Nurse|Weezing-Galar, F|100/100
|-ability|p1a: Nurse|Neutralizing Gas
|move|p2a: Gliscor|Protect||[still]
|-fail|p2a: Gliscor
|
|-status|p2a: Gliscor|tox|[from] item: Toxic Orb
|upkeep
|turn|2
|
|t:|1743936197
|switch|p2a: Dragalge|Dragalge, F|100/100
|move|p1a: Nurse|Will-O-Wisp|p2a: Dragalge
|-status|p2a: Dragalge|brn
|
|-damage|p2a: Dragalge|94/100 brn|[from] brn
|upkeep
|turn|3
|
|t:|1743936209
|-end|p1a: Nurse|ability: Neutralizing Gas
|switch|p1a: Trudeau-king|Slowking-Galar, M|100/100
|move|p2a: Dragalge|Sludge Wave|p1a: Trudeau-king
|-resisted|p1a: Trudeau-king
|-damage|p1a: Trudeau-king|88/100
|
|-heal|p2a: Dragalge|100/100 brn|[from] item: Leftovers
|-damage|p2a: Dragalge|94/100 brn|[from] brn
|upkeep
|turn|4
|inactive|ETESANTI has 120 seconds left.
|inactive|ETESANTI has 90 seconds left.
|
|t:|1743936283
|switch|p2a: Kingambit|Kingambit, F|100/100
|move|p1a: Trudeau-king|Future Sight|p2a: Kingambit
|-start|p1a: Trudeau-king|move: Future Sight
|
|upkeep
|turn|5
|
|t:|1743936293
|switch|p1a: Plague Doctor|Corviknight, M|100/100
|-ability|p1a: Plague Doctor|Pressure
|move|p2a: Kingambit|Swords Dance|p2a: Kingambit
|-boost|p2a: Kingambit|atk|2
|
|upkeep
|turn|6
|
|t:|1743936301
|move|p2a: Kingambit|Kowtow Cleave|p1a: Plague Doctor
|-damage|p1a: Plague Doctor|44/100
|-damage|p2a: Kingambit|84/100|[from] item: Rocky Helmet|[of] p1a: Plague Doctor
|move|p1a: Plague Doctor|Body Press|p2a: Kingambit
|-supereffective|p2a: Kingambit
|-crit|p2a: Kingambit
|-damage|p2a: Kingambit|0 fnt
|faint|p2a: Kingambit
|-end|p2a: Kingambit|fallenundefined|[silent]
|
|-hint|Future Sight did not hit because the target is fainted.
|upkeep
|
|t:|1743936317
|switch|p2a: Enamorus|Enamorus, F|100/100
|turn|7
|-message|DogShed forfeited.
|
|win|ETESANTI
|raw|ETESANTI's rating: 1294 &rarr; <strong>1323</strong><br />(+29 for winning)
|raw|DogShed's rating: 1344 &rarr; <strong>1321</strong><br />(-23 for losing)
|l|☆DogShed
|player|p2|
|l|☆ETESANTI
|player|p1|
