|j|☆surprise blissey
|j|☆random tera ghost
|t:|1743812011
|gametype|singles
|player|p1|surprise blissey|blaine|1510
|player|p2|random tera ghost|170|1532
|teamsize|p1|6
|teamsize|p2|6
|gen|9
|tier|[Gen 9] OU
|rated|
|rule|HP Percentage Mod: HP is shown in percentages
|rule|Endless Battle Clause: Forcing endless battles is banned
|rule|Species Clause: Limit one of each Pokémon
|rule|OHKO Clause: OHKO moves are banned
|rule|Evasion Items Clause: Evasion items are banned
|rule|Evasion Moves Clause: Evasion moves are banned
|rule|Sleep Moves Clause: Sleep-inducing moves are banned
|clearpoke
|poke|p1|Blissey, F|
|poke|p1|Dondozo, F|
|poke|p1|Gliscor, F|
|poke|p1|Pecharunt|
|poke|p1|Regice|
|poke|p1|Clefable, F|
|poke|p2|Ninetales, F|
|poke|p2|Scovillain, M|
|poke|p2|Walking Wake|
|poke|p2|Hatterene, F|
|poke|p2|Great Tusk|
|poke|p2|Ceruledge, M|
|teampreview
|inactive|Battle timer is ON: inactive players will automatically lose when time's up. (requested by surprise blissey)
|
|t:|1743812028
|start
|switch|p1a: Gliscor|Gliscor, F|100/100
|switch|p2a: Ninetales|Ninetales, F|100/100
|-weather|SunnyDay|[from] ability: Drought|[of] p2a: Ninetales
|turn|1
|
|t:|1743812031
|move|p1a: Gliscor|Protect|p1a: Gliscor
|-singleturn|p1a: Gliscor|Protect
|move|p2a: Ninetales|Will-O-Wisp|p1a: Gliscor
|-activate|p1a: Gliscor|move: Protect
|
|-weather|SunnyDay|[upkeep]
|-status|p1a: Gliscor|tox|[from] item: Toxic Orb
|upkeep
|turn|2
|
|t:|1743812051
|move|p2a: Ninetales|Encore|p1a: Gliscor
|-start|p1a: Gliscor|Encore
|move|p1a: Gliscor|Protect||[still]
|-fail|p1a: Gliscor
|
|-weather|SunnyDay|[upkeep]
|upkeep
|turn|3
|
|t:|1743812075
|switch|p1a: Clefable|Clefable, F|100/100
|move|p2a: Ninetales|Will-O-Wisp|p1a: Clefable
|-status|p1a: Clefable|brn
|
|-weather|SunnyDay|[upkeep]
|upkeep
|turn|4
|
|t:|1743812084
|switch|p2a: Hatterene|Hatterene, F|100/100
|move|p1a: Clefable|Knock Off|p2a: Hatterene
|-damage|p2a: Hatterene|94/100
|-enditem|p2a: Hatterene|Eject Button|[from] move: Knock Off|[of] p1a: Clefable
|
|-weather|SunnyDay|[upkeep]
|upkeep
|turn|5
|
|t:|1743812099
|move|p1a: Clefable|Calm Mind|p1a: Clefable
|-boost|p1a: Clefable|spa|1
|-boost|p1a: Clefable|spd|1
|move|p2a: Hatterene|Mystical Fire|p1a: Clefable
|-damage|p1a: Clefable|81/100 brn
|-unboost|p1a: Clefable|spa|1
|
|-weather|SunnyDay|[upkeep]
|upkeep
|turn|6
|
|t:|1743812106
|move|p1a: Clefable|Knock Off|p2a: Hatterene
|-damage|p2a: Hatterene|89/100
|move|p2a: Hatterene|Psyshock|p1a: Clefable
|-damage|p1a: Clefable|55/100 brn
|
|-weather|SunnyDay|[upkeep]
|upkeep
|turn|7
|inactive|random tera ghost has 120 seconds left.
|
|t:|1743812138
|move|p1a: Clefable|Knock Off|p2a: Hatterene
|-damage|p2a: Hatterene|84/100
|move|p2a: Hatterene|Psyshock|p1a: Clefable
|-damage|p1a: Clefable|29/100 brn
|
|-weather|SunnyDay|[upkeep]
|upkeep
|turn|8
|
|t:|1743812152
|move|p1a: Clefable|Moonlight|p1a: Clefable
|-heal|p1a: Clefable|96/100 brn
|move|p2a: Hatterene|Draining Kiss|p1a: Clefable
|-damage|p1a: Clefable|82/100 brn
|-heal|p2a: Hatterene|97/100|[from] drain|[of] p1a: Clefable
|
|-weather|none
|-damage|p2a: Hatterene|84/100|[from] item: Sticky Barb
|upkeep
|turn|9
|
|t:|1743812155
|move|p1a: Clefable|Calm Mind|p1a: Clefable
|-boost|p1a: Clefable|spa|1
|-boost|p1a: Clefable|spd|1
|move|p2a: Hatterene|Mystical Fire|p1a: Clefable
|-damage|p1a: Clefable|71/100 brn
|-unboost|p1a: Clefable|spa|1
|
|-damage|p2a: Hatterene|72/100|[from] item: Sticky Barb
|upkeep
|turn|10
|
|t:|1743812162
|move|p1a: Clefable|Calm Mind|p1a: Clefable
|-boost|p1a: Clefable|spa|1
|-boost|p1a: Clefable|spd|1
|move|p2a: Hatterene|Mystical Fire|p1a: Clefable
|-damage|p1a: Clefable|62/100 brn
|-unboost|p1a: Clefable|spa|1
|
|-damage|p2a: Hatterene|60/100|[from] item: Sticky Barb
|upkeep
|turn|11
|
|t:|1743812174
|switch|p2a: Ninetales|Ninetales, F|100/100
|-weather|SunnyDay|[from] ability: Drought|[of] p2a: Ninetales
|move|p1a: Clefable|Knock Off|p2a: Ninetales
|-damage|p2a: Ninetales|89/100
|-enditem|p2a: Ninetales|Heat Rock|[from] move: Knock Off|[of] p1a: Clefable
|
|-weather|SunnyDay|[upkeep]
|upkeep
|turn|12
|
|t:|1743812184
|switch|p2a: Ceruledge|Ceruledge, M|100/100
|move|p1a: Clefable|Knock Off|p2a: Ceruledge
|-supereffective|p2a: Ceruledge
|-damage|p2a: Ceruledge|77/100
|-ability|p2a: Ceruledge|Weak Armor|boost
|-unboost|p2a: Ceruledge|def|1
|-boost|p2a: Ceruledge|spe|2
|-enditem|p2a: Ceruledge|Focus Sash|[from] move: Knock Off|[of] p1a: Clefable
|
|-weather|SunnyDay|[upkeep]
|upkeep
|turn|13
|
|t:|1743812189
|switch|p1a: Dondozo|Dondozo, F|100/100
|move|p2a: Ceruledge|Swords Dance|p2a: Ceruledge
|-boost|p2a: Ceruledge|atk|2
|
|-weather|SunnyDay|[upkeep]
|upkeep
|turn|14
|
|t:|1743812201
|-terastallize|p2a: Ceruledge|Grass
|move|p2a: Ceruledge|Solar Blade||[still]
|-prepare|p2a: Ceruledge|Solar Blade
|-anim|p2a: Ceruledge|Solar Blade|p1a: Dondozo
|-supereffective|p1a: Dondozo
|-damage|p1a: Dondozo|42/100
|move|p1a: Dondozo|Avalanche|p2a: Ceruledge
|-supereffective|p2a: Ceruledge
|-damage|p2a: Ceruledge|7/100
|-ability|p2a: Ceruledge|Weak Armor|boost
|-unboost|p2a: Ceruledge|def|1
|-boost|p2a: Ceruledge|spe|2
|
|-weather|SunnyDay|[upkeep]
|upkeep
|turn|15
|
|t:|1743812223
|-terastallize|p1a: Dondozo|Fighting
|move|p2a: Ceruledge|Bitter Blade|p1a: Dondozo
|-damage|p1a: Dondozo|6/100
|-heal|p2a: Ceruledge|38/100|[from] drain|[of] p1a: Dondozo
|move|p1a: Dondozo|Rest|p1a: Dondozo
|-status|p1a: Dondozo|slp|[from] move: Rest
|-heal|p1a: Dondozo|100/100 slp|[silent]
|
|-weather|SunnyDay|[upkeep]
|upkeep
|turn|16
|
|t:|1743812229
|move|p2a: Ceruledge|Bitter Blade|p1a: Dondozo
|-damage|p1a: Dondozo|69/100 slp
|-heal|p2a: Ceruledge|65/100|[from] drain|[of] p1a: Dondozo
|cant|p1a: Dondozo|slp
|move|p1a: Dondozo|Sleep Talk|p1a: Dondozo
|move|p1a: Dondozo|Avalanche|p2a: Ceruledge|[from] move: Sleep Talk
|-supereffective|p2a: Ceruledge
|-crit|p2a: Ceruledge
|-damage|p2a: Ceruledge|0 fnt
|faint|p2a: Ceruledge
|
|-weather|SunnyDay|[upkeep]
|upkeep
|
|t:|1743812242
|switch|p2a: Walking Wake|Walking Wake|100/100
|-activate|p2a: Walking Wake|ability: Protosynthesis
|-start|p2a: Walking Wake|protosynthesisspa
|turn|17
|
|t:|1743812253
|move|p2a: Walking Wake|Hydro Steam|p1a: Dondozo
|-damage|p1a: Dondozo|0 fnt
|faint|p1a: Dondozo
|
|-weather|SunnyDay|[upkeep]
|upkeep
|
|t:|1743812260
|switch|p1a: Regice|Regice|100/100
|turn|18
|
|t:|1743812265
|-end|p2a: Walking Wake|Protosynthesis|[silent]
|switch|p2a: Hatterene|Hatterene, F|60/100
|move|p1a: Regice|Amnesia|p1a: Regice
|-boost|p1a: Regice|spd|2
|
|-weather|none
|-damage|p2a: Hatterene|48/100|[from] item: Sticky Barb
|upkeep
|turn|19
|
|t:|1743812270
|switch|p1a: Clefable|Clefable, F|62/100 brn
|move|p2a: Hatterene|Nuzzle|p1a: Clefable
|-damage|p1a: Clefable|59/100 brn
|
|-damage|p2a: Hatterene|35/100|[from] item: Sticky Barb
|upkeep
|turn|20
|
|t:|1743812276
|switch|p2a: Ninetales|Ninetales, F|89/100
|-weather|SunnyDay|[from] ability: Drought|[of] p2a: Ninetales
|move|p1a: Clefable|Knock Off|p2a: Ninetales
|-damage|p2a: Ninetales|83/100
|
|-weather|SunnyDay|[upkeep]
|upkeep
|turn|21
|
|t:|1743812284
|move|p2a: Ninetales|Encore|p1a: Clefable
|-start|p1a: Clefable|Encore
|move|p1a: Clefable|Knock Off|p2a: Ninetales
|-damage|p2a: Ninetales|76/100
|
|-weather|SunnyDay|[upkeep]
|upkeep
|turn|22
|
|t:|1743812295
|move|p2a: Ninetales|Weather Ball|p1a: Clefable
|-damage|p1a: Clefable|16/100 brn
|move|p1a: Clefable|Knock Off|p2a: Ninetales
|-damage|p2a: Ninetales|69/100
|
|-weather|SunnyDay|[upkeep]
|upkeep
|turn|23
|
|t:|1743812307
|switch|p1a: Blissey|Blissey, F|100/100
|move|p2a: Ninetales|Will-O-Wisp|p1a: Blissey|[miss]
|-miss|p2a: Ninetales|p1a: Blissey
|
|-weather|SunnyDay|[upkeep]
|upkeep
|turn|24
|
|t:|1743812312
|switch|p2a: Hatterene|Hatterene, F|35/100
|move|p1a: Blissey|Seismic Toss|p2a: Hatterene
|-damage|p2a: Hatterene|4/100
|
|-weather|none
|-damage|p2a: Hatterene|0 fnt|[from] item: Sticky Barb
|faint|p2a: Hatterene
|upkeep
|
|t:|1743812318
|switch|p2a: Don|Great Tusk|100/100
|turn|25
|
|t:|1743812326
|switch|p1a: Clefable|Clefable, F|16/100 brn
|move|p2a: Don|Ice Spinner|p1a: Clefable
|-damage|p1a: Clefable|0 fnt
|faint|p1a: Clefable
|
|upkeep
|
|t:|1743812331
|switch|p1a: Blissey|Blissey, F|100/100
|turn|26
|
|t:|1743812337
|-end|p2a: Don|Protosynthesis|[silent]
|switch|p2a: Ninetales|Ninetales, F|69/100
|-weather|SunnyDay|[from] ability: Drought|[of] p2a: Ninetales
|move|p1a: Blissey|Stealth Rock|p2a: Ninetales
|-sidestart|p2: random tera ghost|move: Stealth Rock
|
|-weather|SunnyDay|[upkeep]
|upkeep
|turn|27
|
|t:|1743812343
|switch|p1a: Gliscor|Gliscor, F|100/100 tox
|move|p2a: Ninetales|Will-O-Wisp||[still]
|-fail|p2a: Ninetales
|
|-weather|SunnyDay|[upkeep]
|upkeep
|turn|28
|
|t:|1743812347
|switch|p2a: Don|Great Tusk|100/100
|-damage|p2a: Don|98/100|[from] Stealth Rock
|-activate|p2a: Don|ability: Protosynthesis
|-start|p2a: Don|protosynthesisatk
|move|p1a: Gliscor|Facade|p2a: Don
|-damage|p2a: Don|75/100
|-damage|p1a: Gliscor|84/100 tox|[from] item: Rocky Helmet|[of] p2a: Don
|
|-weather|SunnyDay|[upkeep]
|-heal|p1a: Gliscor|96/100 tox|[from] ability: Poison Heal
|upkeep
|turn|29
|
|t:|1743812354
|switch|p1a: Pecharunt|Pecharunt|100/100
|move|p2a: Don|Ice Spinner|p1a: Pecharunt
|-damage|p1a: Pecharunt|78/100
|
|-weather|SunnyDay|[upkeep]
|upkeep
|turn|30
|
|t:|1743812357
|move|p1a: Pecharunt|Toxic|p2a: Don
|-status|p2a: Don|tox
|-start|p2a: Don|confusion|[from] ability: Poison Puppeteer|[of] p1a: Pecharunt
|-activate|p2a: Don|confusion
|-damage|p2a: Don|64/100 tox|[from] confusion
|
|-weather|none
|-end|p2a: Don|Protosynthesis
|-damage|p2a: Don|58/100 tox|[from] psn
|upkeep
|turn|31
|
|t:|1743812367
|-end|p2a: Don|Protosynthesis|[silent]
|switch|p2a: Ninetales|Ninetales, F|69/100
|-damage|p2a: Ninetales|44/100|[from] Stealth Rock
|-weather|SunnyDay|[from] ability: Drought|[of] p2a: Ninetales
|move|p1a: Pecharunt|Hex|p2a: Ninetales
|-damage|p2a: Ninetales|23/100
|
|-weather|SunnyDay|[upkeep]
|upkeep
|turn|32
|
|t:|1743812375
|switch|p1a: Blissey|Blissey, F|100/100
|move|p2a: Ninetales|Weather Ball|p1a: Blissey
|-damage|p1a: Blissey|86/100
|
|-weather|SunnyDay|[upkeep]
|upkeep
|turn|33
|
|t:|1743812378
|move|p2a: Ninetales|Will-O-Wisp|p1a: Blissey
|-status|p1a: Blissey|brn
|move|p1a: Blissey|Seismic Toss|p2a: Ninetales
|-damage|p2a: Ninetales|0 fnt
|faint|p2a: Ninetales
|
|-weather|SunnyDay|[upkeep]
|-damage|p1a: Blissey|80/100 brn|[from] brn
|upkeep
|
|t:|1743812382
|switch|p2a: Don|Great Tusk|58/100 tox
|-damage|p2a: Don|55/100 tox|[from] Stealth Rock
|-activate|p2a: Don|ability: Protosynthesis
|-start|p2a: Don|protosynthesisatk
|turn|34
|
|t:|1743812386
|move|p2a: Don|Ice Spinner|p1a: Blissey
|-damage|p1a: Blissey|42/100 brn
|move|p1a: Blissey|Seismic Toss|p2a: Don
|-damage|p2a: Don|28/100 tox
|-damage|p1a: Blissey|25/100 brn|[from] item: Rocky Helmet|[of] p2a: Don
|
|-weather|SunnyDay|[upkeep]
|-damage|p2a: Don|22/100 tox|[from] psn
|-damage|p1a: Blissey|19/100 brn|[from] brn
|upkeep
|turn|35
|
|t:|1743812391
|-curestatus|p1a: Blissey|brn|[from] ability: Natural Cure
|switch|p1a: Pecharunt|Pecharunt|78/100
|move|p2a: Don|Rapid Spin|p1a: Pecharunt
|-immune|p1a: Pecharunt
|
|-weather|none
|-end|p2a: Don|Protosynthesis
|-damage|p2a: Don|9/100 tox|[from] psn
|upkeep
|turn|36
|
|t:|1743812395
|move|p1a: Pecharunt|Hex|p2a: Don
|-damage|p2a: Don|0 fnt
|faint|p2a: Don
|-end|p2a: Don|Protosynthesis|[silent]
|
|upkeep
|
|t:|1743812397
|switch|p2a: Walking Wake|Walking Wake|100/100
|-damage|p2a: Walking Wake|88/100|[from] Stealth Rock
|turn|37
|
|t:|1743812401
|switch|p1a: Blissey|Blissey, F|19/100
|move|p2a: Walking Wake|Hydro Steam|p1a: Blissey
|-damage|p1a: Blissey|0 fnt
|faint|p1a: Blissey
|
|upkeep
|
|t:|1743812404
|switch|p1a: Regice|Regice|100/100
|turn|38
|
|t:|1743812407
|-end|p2a: Walking Wake|Protosynthesis|[silent]
|switch|p2a: Scovillain|Scovillain, M, shiny|100/100
|-damage|p2a: Scovillain|76/100|[from] Stealth Rock
|move|p1a: Regice|Amnesia|p1a: Regice
|-boost|p1a: Regice|spd|2
|
|upkeep
|turn|39
|
|t:|1743812410
|move|p2a: Scovillain|Flamethrower|p1a: Regice
|-supereffective|p1a: Regice
|-damage|p1a: Regice|77/100
|-damage|p2a: Scovillain|66/100|[from] item: Life Orb
|move|p1a: Regice|Amnesia|p1a: Regice
|-boost|p1a: Regice|spd|2
|
|upkeep
|turn|40
|
|t:|1743812412
|move|p2a: Scovillain|Flamethrower|p1a: Regice
|-supereffective|p1a: Regice
|-damage|p1a: Regice|59/100
|-damage|p2a: Scovillain|56/100|[from] item: Life Orb
|move|p1a: Regice|Amnesia|p1a: Regice
|-boost|p1a: Regice|spd|2
|
|upkeep
|turn|41
|
|t:|1743812414
|move|p2a: Scovillain|Flamethrower|p1a: Regice
|-supereffective|p1a: Regice
|-damage|p1a: Regice|46/100
|-damage|p2a: Scovillain|46/100|[from] item: Life Orb
|move|p1a: Regice|Ice Beam|p2a: Scovillain
|-damage|p2a: Scovillain|0 fnt
|faint|p2a: Scovillain
|
|upkeep
|
|t:|1743812417
|switch|p2a: Walking Wake|Walking Wake|88/100
|-damage|p2a: Walking Wake|76/100|[from] Stealth Rock
|turn|42
|
|t:|1743812421
|move|p2a: Walking Wake|Hydro Steam|p1a: Regice
|-damage|p1a: Regice|39/100
|move|p1a: Regice|Rest|p1a: Regice
|-status|p1a: Regice|slp|[from] move: Rest
|-heal|p1a: Regice|100/100 slp|[silent]
|
|upkeep
|turn|43
|
|t:|1743812424
|move|p2a: Walking Wake|Hydro Steam|p1a: Regice
|-damage|p1a: Regice|93/100 slp
|cant|p1a: Regice|slp
|
|upkeep
|turn|44
|
|t:|1743812425
|move|p2a: Walking Wake|Hydro Steam|p1a: Regice
|-damage|p1a: Regice|85/100 slp
|cant|p1a: Regice|slp
|
|upkeep
|turn|45
|
|t:|1743812427
|move|p2a: Walking Wake|Hydro Steam|p1a: Regice
|-damage|p1a: Regice|77/100 slp
|-curestatus|p1a: Regice|slp|[msg]
|move|p1a: Regice|Ice Beam|p2a: Walking Wake
|-damage|p2a: Walking Wake|38/100
|
|upkeep
|turn|46
|
|t:|1743812429
|move|p2a: Walking Wake|Hydro Steam|p1a: Regice
|-damage|p1a: Regice|69/100
|move|p1a: Regice|Ice Beam|p2a: Walking Wake
|-damage|p2a: Walking Wake|1/100
|
|upkeep
|turn|47
|
|t:|1743812437
|move|p2a: Walking Wake|Hydro Steam|p1a: Regice
|-damage|p1a: Regice|61/100
|move|p1a: Regice|Rest|p1a: Regice
|-status|p1a: Regice|slp|[from] move: Rest
|-heal|p1a: Regice|100/100 slp|[silent]
|
|upkeep
|turn|48
|
|t:|1743812441
|move|p2a: Walking Wake|Hydro Steam|p1a: Regice
|-damage|p1a: Regice|93/100 slp
|cant|p1a: Regice|slp
|
|upkeep
|turn|49
|
|t:|1743812444
|move|p2a: Walking Wake|Hydro Steam|p1a: Regice
|-damage|p1a: Regice|85/100 slp
|cant|p1a: Regice|slp
|
|upkeep
|turn|50
|
|t:|1743812445
|move|p2a: Walking Wake|Hydro Steam|p1a: Regice
|-damage|p1a: Regice|78/100 slp
|-curestatus|p1a: Regice|slp|[msg]
|move|p1a: Regice|Rest|p1a: Regice
|-status|p1a: Regice|slp|[from] move: Rest
|-heal|p1a: Regice|100/100 slp|[silent]
|
|upkeep
|turn|51
|
|t:|1743812447
|move|p2a: Walking Wake|Hydro Steam|p1a: Regice
|-damage|p1a: Regice|93/100 slp
|cant|p1a: Regice|slp
|
|upkeep
|turn|52
|
|t:|1743812449
|move|p2a: Walking Wake|Hydro Steam|p1a: Regice
|-damage|p1a: Regice|85/100 slp
|cant|p1a: Regice|slp
|
|upkeep
|turn|53
|
|t:|1743812451
|move|p2a: Walking Wake|Hydro Steam|p1a: Regice
|-damage|p1a: Regice|78/100 slp
|-curestatus|p1a: Regice|slp|[msg]
|move|p1a: Regice|Rest|p1a: Regice
|-status|p1a: Regice|slp|[from] move: Rest
|-heal|p1a: Regice|100/100 slp|[silent]
|
|upkeep
|turn|54
|
|t:|1743812459
|move|p2a: Walking Wake|Hydro Steam|p1a: Regice
|-damage|p1a: Regice|93/100 slp
|cant|p1a: Regice|slp
|
|upkeep
|turn|55
|
|t:|1743812461
|move|p2a: Walking Wake|Hydro Steam|p1a: Regice
|-damage|p1a: Regice|85/100 slp
|cant|p1a: Regice|slp
|
|upkeep
|turn|56
|
|t:|1743812463
|move|p2a: Walking Wake|Hydro Steam|p1a: Regice
|-damage|p1a: Regice|77/100 slp
|-curestatus|p1a: Regice|slp|[msg]
|move|p1a: Regice|Rest|p1a: Regice
|-status|p1a: Regice|slp|[from] move: Rest
|-heal|p1a: Regice|100/100 slp|[silent]
|
|upkeep
|turn|57
|
|t:|1743812465
|move|p2a: Walking Wake|Hydro Steam|p1a: Regice
|-damage|p1a: Regice|93/100 slp
|cant|p1a: Regice|slp
|
|upkeep
|turn|58
|
|t:|1743812467
|move|p2a: Walking Wake|Hydro Steam|p1a: Regice
|-damage|p1a: Regice|85/100 slp
|cant|p1a: Regice|slp
|
|upkeep
|turn|59
|
|t:|1743812470
|move|p2a: Walking Wake|Hydro Steam|p1a: Regice
|-damage|p1a: Regice|77/100 slp
|-curestatus|p1a: Regice|slp|[msg]
|move|p1a: Regice|Rest|p1a: Regice
|-status|p1a: Regice|slp|[from] move: Rest
|-heal|p1a: Regice|100/100 slp|[silent]
|
|upkeep
|turn|60
|
|t:|1743812472
|move|p2a: Walking Wake|Hydro Steam|p1a: Regice
|-damage|p1a: Regice|93/100 slp
|cant|p1a: Regice|slp
|
|upkeep
|turn|61
|
|t:|1743812474
|move|p2a: Walking Wake|Hydro Steam|p1a: Regice
|-damage|p1a: Regice|85/100 slp
|cant|p1a: Regice|slp
|
|upkeep
|turn|62
|
|t:|1743812481
|move|p2a: Walking Wake|Hydro Steam|p1a: Regice
|-damage|p1a: Regice|78/100 slp
|-curestatus|p1a: Regice|slp|[msg]
|move|p1a: Regice|Amnesia|p1a: Regice
|-boost|p1a: Regice|spd|0
|
|upkeep
|turn|63
|
|t:|1743812484
|move|p2a: Walking Wake|Hydro Steam|p1a: Regice
|-crit|p1a: Regice
|-damage|p1a: Regice|29/100
|move|p1a: Regice|Rest|p1a: Regice
|-status|p1a: Regice|slp|[from] move: Rest
|-heal|p1a: Regice|100/100 slp|[silent]
|
|upkeep
|turn|64
|
|t:|1743812489
|-activate|p2a: Walking Wake|move: Struggle
|move|p2a: Walking Wake|Struggle|p1a: Regice
|-crit|p1a: Regice
|-damage|p1a: Regice|90/100 slp
|-damage|p2a: Walking Wake|0 fnt|[from] recoil
|faint|p2a: Walking Wake
|-end|p2a: Walking Wake|Protosynthesis|[silent]
|
|win|surprise blissey
|raw|surprise blissey's rating: 1510 &rarr; <strong>1531</strong><br />(+21 for winning)
|raw|random tera ghost's rating: 1532 &rarr; <strong>1511</strong><br />(-21 for losing)
|c|☆surprise blissey|Gg
|n|☆random tera ghost|randomteraghost
|c|☆random tera ghost|Great
|c|☆random tera ghost|Imma report you for stalling for no reason
|l|☆random tera ghost
|player|p2|
|c|☆surprise blissey|LOL
