|j|☆gander dander
|j|☆souless_129
|t:|1743827431
|gametype|singles
|player|p1|gander dander|blaine|1059
|player|p2|souless_129|dawn|1069
|teamsize|p1|6
|teamsize|p2|6
|gen|9
|tier|[Gen 9] OU
|rated|
|rule|HP Percentage Mod: HP is shown in percentages
|rule|Endless Battle Clause: Forcing endless battles is banned
|rule|Species Clause: Limit one of each Pokémon
|rule|OHKO Clause: OHKO moves are banned
|rule|Evasion Items Clause: Evasion items are banned
|rule|Evasion Moves Clause: Evasion moves are banned
|rule|Sleep Moves Clause: Sleep-inducing moves are banned
|clearpoke
|poke|p1|Ting-Lu|
|poke|p1|Tinkaton, F|
|poke|p1|Gholdengo|
|poke|p1|Zapdos|
|poke|p1|Clodsire, M|
|poke|p1|Weavile, F|
|poke|p2|Gastrodon-East, F|
|poke|p2|Magnezone|
|poke|p2|Hippowdon, M|
|poke|p2|Tyranitar, M|
|poke|p2|Ogerpon-Cornerstone, F|
|poke|p2|Minior|
|teampreview
|inactive|Battle timer is ON: inactive players will automatically lose when time's up. (requested by gander dander)
|
|t:|1743827445
|start
|switch|p1a: Tinkaton|Tinkaton, F|100/100
|switch|p2a: Hip-hop|Hippowdon, M|100/100
|-ability|p1a: Tinkaton|Mold Breaker
|-item|p1a: Tinkaton|Air Balloon
|-weather|Sandstorm|[from] ability: Sand Stream|[of] p2a: Hip-hop
|turn|1
|
|t:|1743827456
|move|p1a: Tinkaton|Stealth Rock|p2a: Hip-hop
|-sidestart|p2: souless_129|move: Stealth Rock
|move|p2a: Hip-hop|Stealth Rock|p1a: Tinkaton
|-sidestart|p1: gander dander|move: Stealth Rock
|
|-weather|Sandstorm|[upkeep]
|upkeep
|turn|2
|
|t:|1743827463
|switch|p1a: Ting-Lu|Ting-Lu|100/100
|-damage|p1a: Ting-Lu|94/100|[from] Stealth Rock
|-ability|p1a: Ting-Lu|Vessel of Ruin
|move|p2a: Hip-hop|Body Press|p1a: Ting-Lu
|-supereffective|p1a: Ting-Lu
|-damage|p1a: Ting-Lu|65/100
|
|-weather|Sandstorm|[upkeep]
|-heal|p1a: Ting-Lu|71/100|[from] item: Leftovers
|upkeep
|turn|3
|
|t:|1743827482
|move|p2a: Hip-hop|Body Press|p1a: Ting-Lu
|-supereffective|p1a: Ting-Lu
|-damage|p1a: Ting-Lu|39/100
|move|p1a: Ting-Lu|Spikes|p2a: Hip-hop
|-sidestart|p2: souless_129|Spikes
|
|-weather|Sandstorm|[upkeep]
|-heal|p1a: Ting-Lu|45/100|[from] item: Leftovers
|upkeep
|turn|4
|
|t:|1743827494
|switch|p2a: Meteohr|Minior|100/100
|-damage|p2a: Meteohr|76/100|[from] Stealth Rock
|-formechange|p2a: Meteohr|Minior-Meteor||[from] ability: Shields Down
|move|p1a: Ting-Lu|Spikes|p2a: Meteohr
|-sidestart|p2: souless_129|Spikes
|
|-weather|Sandstorm|[upkeep]
|-heal|p1a: Ting-Lu|51/100|[from] item: Leftovers
|upkeep
|turn|5
|
|t:|1743827504
|move|p2a: Meteohr|Shell Smash|p2a: Meteohr
|-unboost|p2a: Meteohr|def|1
|-unboost|p2a: Meteohr|spd|1
|-boost|p2a: Meteohr|atk|2
|-boost|p2a: Meteohr|spa|2
|-boost|p2a: Meteohr|spe|2
|-enditem|p2a: Meteohr|White Herb
|-clearnegativeboost|p2a: Meteohr|[silent]
|move|p1a: Ting-Lu|Whirlwind|p2a: Meteohr
|drag|p2a: Bubbles|Gastrodon-East, F|100/100
|-damage|p2a: Bubbles|94/100|[from] Stealth Rock
|-damage|p2a: Bubbles|78/100|[from] Spikes
|
|-weather|Sandstorm|[upkeep]
|-heal|p1a: Ting-Lu|58/100|[from] item: Leftovers
|-heal|p2a: Bubbles|84/100|[from] item: Leftovers
|upkeep
|turn|6
|
|t:|1743827520
|move|p1a: Ting-Lu|Spikes|p2a: Bubbles
|-sidestart|p2: souless_129|Spikes
|move|p2a: Bubbles|Surf|p1a: Ting-Lu
|-supereffective|p1a: Ting-Lu
|-damage|p1a: Ting-Lu|34/100
|
|-weather|Sandstorm|[upkeep]
|-heal|p1a: Ting-Lu|41/100|[from] item: Leftovers
|-heal|p2a: Bubbles|90/100|[from] item: Leftovers
|upkeep
|turn|7
|
|t:|1743827529
|move|p2a: Bubbles|Surf|p1a: Ting-Lu
|-supereffective|p1a: Ting-Lu
|-damage|p1a: Ting-Lu|18/100
|move|p1a: Ting-Lu|Whirlwind|p2a: Bubbles
|drag|p2a: Antenna|Magnezone|100/100
|-damage|p2a: Antenna|94/100|[from] Stealth Rock
|-damage|p2a: Antenna|69/100|[from] Spikes
|
|-weather|Sandstorm|[upkeep]
|-heal|p1a: Ting-Lu|24/100|[from] item: Leftovers
|upkeep
|turn|8
|
|t:|1743827541
|move|p2a: Antenna|Flash Cannon|p1a: Ting-Lu
|-damage|p1a: Ting-Lu|4/100
|move|p1a: Ting-Lu|Whirlwind|p2a: Antenna
|drag|p2a: Bubbles|Gastrodon-East, F|90/100
|-damage|p2a: Bubbles|84/100|[from] Stealth Rock
|-damage|p2a: Bubbles|59/100|[from] Spikes
|
|-weather|none
|-heal|p1a: Ting-Lu|10/100|[from] item: Leftovers
|-heal|p2a: Bubbles|65/100|[from] item: Leftovers
|upkeep
|turn|9
|l|☆souless_129
|inactive|souless_129 disconnected and has a minute to reconnect!
|player|p2|
|j|☆souless_129
|inactive|souless_129 reconnected and has 135 seconds left.
|player|p2|souless_129|dawn|
|
|t:|1743827558
|move|p2a: Bubbles|Surf|p1a: Ting-Lu
|-supereffective|p1a: Ting-Lu
|-damage|p1a: Ting-Lu|0 fnt
|faint|p1a: Ting-Lu
|
|-heal|p2a: Bubbles|71/100|[from] item: Leftovers
|upkeep
|
|t:|1743827563
|switch|p1a: Clodsire|Clodsire, M|100/100
|turn|10
|
|t:|1743827568
|move|p2a: Bubbles|Earth Power|p1a: Clodsire
|-supereffective|p1a: Clodsire
|-damage|p1a: Clodsire|69/100
|move|p1a: Clodsire|Toxic|p2a: Bubbles
|-status|p2a: Bubbles|tox
|
|-heal|p2a: Bubbles|77/100 tox|[from] item: Leftovers
|-damage|p2a: Bubbles|71/100 tox|[from] psn
|upkeep
|turn|11
|
|t:|1743827578
|move|p2a: Bubbles|Earth Power|p1a: Clodsire
|-supereffective|p1a: Clodsire
|-damage|p1a: Clodsire|39/100
|move|p1a: Clodsire|Recover|p1a: Clodsire
|-heal|p1a: Clodsire|89/100
|
|-heal|p2a: Bubbles|77/100 tox|[from] item: Leftovers
|-damage|p2a: Bubbles|65/100 tox|[from] psn
|upkeep
|turn|12
|
|t:|1743827598
|move|p2a: Bubbles|Earth Power|p1a: Clodsire
|-supereffective|p1a: Clodsire
|-damage|p1a: Clodsire|58/100
|move|p1a: Clodsire|Earthquake|p2a: Bubbles
|-damage|p2a: Bubbles|32/100 tox
|
|-heal|p2a: Bubbles|39/100 tox|[from] item: Leftovers
|-damage|p2a: Bubbles|20/100 tox|[from] psn
|upkeep
|turn|13
|
|t:|1743827609
|move|p2a: Bubbles|Earth Power|p1a: Clodsire
|-supereffective|p1a: Clodsire
|-damage|p1a: Clodsire|29/100
|move|p1a: Clodsire|Recover|p1a: Clodsire
|-heal|p1a: Clodsire|79/100
|
|-heal|p2a: Bubbles|26/100 tox|[from] item: Leftovers
|-damage|p2a: Bubbles|2/100 tox|[from] psn
|upkeep
|turn|14
|
|t:|1743827622
|move|p2a: Bubbles|Earth Power|p1a: Clodsire
|-supereffective|p1a: Clodsire
|-damage|p1a: Clodsire|50/100
|-unboost|p1a: Clodsire|spd|1
|move|p1a: Clodsire|Recover|p1a: Clodsire
|-heal|p1a: Clodsire|100/100
|
|-heal|p2a: Bubbles|8/100 tox|[from] item: Leftovers
|-damage|p2a: Bubbles|0 fnt|[from] psn
|faint|p2a: Bubbles
|upkeep
|
|t:|1743827636
|switch|p2a: Reptar|Tyranitar, M|100/100
|-damage|p2a: Reptar|88/100|[from] Stealth Rock
|-damage|p2a: Reptar|63/100|[from] Spikes
|-weather|Sandstorm|[from] ability: Sand Stream|[of] p2a: Reptar
|turn|15
|
|t:|1743827645
|switch|p1a: Zapdos|Zapdos|100/100
|move|p2a: Reptar|Dragon Dance|p2a: Reptar
|-boost|p2a: Reptar|atk|1
|-boost|p2a: Reptar|spe|1
|
|-weather|Sandstorm|[upkeep]
|-damage|p1a: Zapdos|94/100|[from] Sandstorm
|upkeep
|turn|16
|
|t:|1743827654
|move|p1a: Zapdos|Discharge|p2a: Reptar
|-damage|p2a: Reptar|46/100
|-status|p2a: Reptar|par
|cant|p2a: Reptar|par
|
|-weather|Sandstorm|[upkeep]
|-damage|p1a: Zapdos|88/100|[from] Sandstorm
|upkeep
|turn|17
|
|t:|1743827664
|move|p1a: Zapdos|U-turn|p2a: Reptar
|-supereffective|p2a: Reptar
|-damage|p2a: Reptar|26/100 par
|
|t:|1743827666
|switch|p1a: Tinkaton|Tinkaton, F|100/100|[from] U-turn
|-damage|p1a: Tinkaton|94/100|[from] Stealth Rock
|-ability|p1a: Tinkaton|Mold Breaker
|-item|p1a: Tinkaton|Air Balloon
|move|p2a: Reptar|Rock Slide|p1a: Tinkaton
|-resisted|p1a: Tinkaton
|-damage|p1a: Tinkaton|54/100
|-enditem|p1a: Tinkaton|Air Balloon
|
|-weather|Sandstorm|[upkeep]
|upkeep
|turn|18
|
|t:|1743827680
|move|p1a: Tinkaton|Gigaton Hammer|p2a: Reptar
|-supereffective|p2a: Reptar
|-damage|p2a: Reptar|0 fnt
|faint|p2a: Reptar
|
|-weather|Sandstorm|[upkeep]
|upkeep
|
|t:|1743827687
|switch|p2a: Meteohr|Minior|76/100
|-damage|p2a: Meteohr|51/100|[from] Stealth Rock
|-formechange|p2a: Meteohr|Minior-Meteor||[from] ability: Shields Down
|turn|19
|
|t:|1743827705
|move|p1a: Tinkaton|Thunder Wave|p2a: Meteohr
|-immune|p2a: Meteohr|[from] ability: Shields Down
|move|p2a: Meteohr|Shell Smash|p2a: Meteohr
|-unboost|p2a: Meteohr|def|1
|-unboost|p2a: Meteohr|spd|1
|-boost|p2a: Meteohr|atk|2
|-boost|p2a: Meteohr|spa|2
|-boost|p2a: Meteohr|spe|2
|
|-weather|none
|upkeep
|turn|20
|
|t:|1743827716
|move|p2a: Meteohr|Earth Power|p1a: Tinkaton
|-supereffective|p1a: Tinkaton
|-damage|p1a: Tinkaton|0 fnt
|faint|p1a: Tinkaton
|
|upkeep
|
|t:|1743827727
|switch|p1a: Weavile|Weavile, F|100/100
|-ability|p1a: Weavile|Pressure
|turn|21
|
|t:|1743827737
|move|p1a: Weavile|Ice Shard|p2a: Meteohr
|-supereffective|p2a: Meteohr
|-damage|p2a: Meteohr|0 fnt
|faint|p2a: Meteohr
|
|upkeep
|
|t:|1743827743
|switch|p2a: Antenna|Magnezone|69/100
|-damage|p2a: Antenna|63/100|[from] Stealth Rock
|-damage|p2a: Antenna|38/100|[from] Spikes
|turn|22
|
|t:|1743827749
|move|p1a: Weavile|Knock Off|p2a: Antenna
|-damage|p2a: Antenna|0 fnt
|-enditem|p2a: Antenna|Assault Vest|[from] move: Knock Off|[of] p1a: Weavile
|faint|p2a: Antenna
|
|upkeep
|
|t:|1743827755
|switch|p2a: Momiji|Ogerpon-Cornerstone, F|100/100
|-damage|p2a: Momiji|88/100|[from] Stealth Rock
|-damage|p2a: Momiji|63/100|[from] Spikes
|turn|23
|
|t:|1743827761
|move|p1a: Weavile|Triple Axel|p2a: Momiji
|-supereffective|p2a: Momiji
|-damage|p2a: Momiji|39/100
|-supereffective|p2a: Momiji
|-damage|p2a: Momiji|0 fnt
|faint|p2a: Momiji
|-hitcount|p2: Momiji|2
|
|upkeep
|
|t:|1743827769
|switch|p2a: Hip-hop|Hippowdon, M|100/100
|-damage|p2a: Hip-hop|94/100|[from] Stealth Rock
|-damage|p2a: Hip-hop|69/100|[from] Spikes
|-weather|Sandstorm|[from] ability: Sand Stream|[of] p2a: Hip-hop
|turn|24
|
|t:|1743827776
|move|p1a: Weavile|Triple Axel|p2a: Hip-hop
|-supereffective|p2a: Hip-hop
|-damage|p2a: Hip-hop|59/100
|-hitcount|p2a: Hip-hop|1
|move|p2a: Hip-hop|Heavy Slam|p1a: Weavile
|-supereffective|p1a: Weavile
|-damage|p1a: Weavile|0 fnt
|faint|p1a: Weavile
|
|-weather|Sandstorm|[upkeep]
|upkeep
|
|t:|1743827786
|switch|p1a: Clodsire|Clodsire, M|100/100
|turn|25
|
|t:|1743827790
|move|p2a: Hip-hop|Earthquake|p1a: Clodsire
|-supereffective|p1a: Clodsire
|-damage|p1a: Clodsire|17/100
|move|p1a: Clodsire|Toxic|p2a: Hip-hop
|-status|p2a: Hip-hop|tox
|
|-weather|Sandstorm|[upkeep]
|-damage|p2a: Hip-hop|53/100 tox|[from] psn
|upkeep
|turn|26
|
|t:|1743827803
|move|p2a: Hip-hop|Body Press|p1a: Clodsire
|-resisted|p1a: Clodsire
|-damage|p1a: Clodsire|0 fnt
|faint|p1a: Clodsire
|
|-weather|Sandstorm|[upkeep]
|-damage|p2a: Hip-hop|40/100 tox|[from] psn
|upkeep
|
|t:|1743827810
|switch|p1a: Zapdos|Zapdos|88/100
|turn|27
|
|t:|1743827815
|move|p1a: Zapdos|Hurricane|p2a: Hip-hop|[miss]
|-miss|p1a: Zapdos|p2a: Hip-hop
|move|p2a: Hip-hop|Body Press|p1a: Zapdos
|-resisted|p1a: Zapdos
|-damage|p1a: Zapdos|77/100
|
|-weather|Sandstorm|[upkeep]
|-damage|p1a: Zapdos|71/100|[from] Sandstorm
|-damage|p2a: Hip-hop|22/100 tox|[from] psn
|upkeep
|turn|28
|
|t:|1743827830
|move|p1a: Zapdos|Hurricane|p2a: Hip-hop|[miss]
|-miss|p1a: Zapdos|p2a: Hip-hop
|move|p2a: Hip-hop|Heavy Slam|p1a: Zapdos
|-resisted|p1a: Zapdos
|-damage|p1a: Zapdos|59/100
|
|-weather|Sandstorm|[upkeep]
|-damage|p1a: Zapdos|53/100|[from] Sandstorm
|-damage|p2a: Hip-hop|0 fnt|[from] psn
|faint|p2a: Hip-hop
|
|win|gander dander
|raw|gander dander's rating: 1059 &rarr; <strong>1091</strong><br />(+32 for winning)
|raw|souless_129's rating: 1069 &rarr; <strong>1048</strong><br />(-21 for losing)
|l|☆gander dander
|player|p1|
|l|☆souless_129
|player|p2|
|j|☆souless_129
|player|p2|souless_129|dawn|
|l|☆souless_129
|player|p2|
