|j|☆Cam1610
|j|☆Sindicate XI
|t:|1743867185
|gametype|singles
|player|p1|Cam1610|hiker-gen4|1500
|player|p2|Sindicate XI|2|1468
|teamsize|p1|6
|teamsize|p2|6
|gen|9
|tier|[Gen 9] OU
|rated|
|rule|HP Percentage Mod: HP is shown in percentages
|rule|Endless Battle Clause: Forcing endless battles is banned
|rule|Species Clause: Limit one of each Pokémon
|rule|OHKO Clause: OHKO moves are banned
|rule|Evasion Items Clause: Evasion items are banned
|rule|Evasion Moves Clause: Evasion moves are banned
|rule|Sleep Moves Clause: Sleep-inducing moves are banned
|clearpoke
|poke|p1|Darkrai|
|poke|p1|Ceruledge, M|
|poke|p1|Ursaluna, F|
|poke|p1|Kingambit, M|
|poke|p1|Noivern, M|
|poke|p1|Scizor, M|
|poke|p2|Primarina, M|
|poke|p2|Dragapult, F|
|poke|p2|Cinderace, F|
|poke|p2|Pawmot, M|
|poke|p2|Great Tusk|
|poke|p2|Kyurem|
|teampreview
|inactive|Battle timer is ON: inactive players will automatically lose when time's up. (requested by Sindicate XI)
|inactive|Cam1610 also wants the timer to be on.
|inactive|Sindicate XI has 120 seconds left.
|
|t:|1743867219
|start
|switch|p1a: Beru|Scizor, M|100/100
|switch|p2a: Dragapult|Dragapult, F|100/100
|turn|1
|
|t:|1743867223
|move|p1a: Beru|Bullet Punch|p2a: Dragapult
|-damage|p2a: Dragapult|18/100
|move|p2a: Dragapult|Will-O-Wisp|p1a: Beru
|-status|p1a: Beru|brn
|
|-damage|p1a: Beru|94/100 brn|[from] brn
|upkeep
|turn|2
|
|t:|1743867229
|switch|p2a: Cinderace|Cinderace, F|100/100
|move|p1a: Beru|Bullet Punch|p2a: Cinderace
|-resisted|p2a: Cinderace
|-damage|p2a: Cinderace|84/100
|
|-damage|p1a: Beru|88/100 brn|[from] brn
|upkeep
|turn|3
|
|t:|1743867233
|move|p1a: Beru|Bullet Punch|p2a: Cinderace
|-resisted|p2a: Cinderace
|-damage|p2a: Cinderace|69/100
|move|p2a: Cinderace|U-turn|p1a: Beru
|-resisted|p1a: Beru
|-damage|p1a: Beru|80/100 brn
|
|t:|1743867241
|switch|p2a: Great Tusk|Great Tusk|100/100|[from] U-turn
|
|-damage|p1a: Beru|74/100 brn|[from] brn
|upkeep
|turn|4
|
|t:|1743867245
|move|p1a: Beru|Bullet Punch|p2a: Great Tusk
|-damage|p2a: Great Tusk|82/100
|move|p2a: Great Tusk|Headlong Rush|p1a: Beru
|-damage|p1a: Beru|10/100 brn
|-unboost|p2a: Great Tusk|def|1
|-unboost|p2a: Great Tusk|spd|1
|
|-damage|p1a: Beru|4/100 brn|[from] brn
|upkeep
|turn|5
|
|t:|1743867249
|-end|p2a: Great Tusk|Protosynthesis|[silent]
|switch|p2a: Cinderace|Cinderace, F|69/100
|move|p1a: Beru|Bullet Punch|p2a: Cinderace
|-resisted|p2a: Cinderace
|-damage|p2a: Cinderace|55/100
|
|-damage|p1a: Beru|0 fnt|[from] brn
|faint|p1a: Beru
|upkeep
|
|t:|1743867255
|switch|p1a: Kaisel|Noivern, M|100/100
|turn|6
|
|t:|1743867263
|switch|p2a: Dragapult|Dragapult, F|18/100
|move|p1a: Kaisel|Boomburst|p2a: Dragapult
|-immune|p2a: Dragapult
|
|upkeep
|turn|7
|
|t:|1743867268
|move|p2a: Dragapult|Will-O-Wisp|p1a: Kaisel
|-status|p1a: Kaisel|brn
|move|p1a: Kaisel|Hurricane|p2a: Dragapult
|-damage|p2a: Dragapult|0 fnt
|faint|p2a: Dragapult
|
|-damage|p1a: Kaisel|94/100 brn|[from] brn
|upkeep
|
|t:|1743867293
|switch|p2a: Pawmot|Pawmot, M|100/100
|turn|8
|
|t:|1743867296
|move|p1a: Kaisel|Boomburst|p2a: Pawmot
|-damage|p2a: Pawmot|28/100
|-enditem|p1a: Kaisel|Throat Spray
|-boost|p1a: Kaisel|spa|1|[from] item: Throat Spray
|move|p2a: Pawmot|Double Shock|p1a: Kaisel
|-damage|p1a: Kaisel|15/100 brn
|-start|p2a: Pawmot|typechange|???/Fighting|[from] move: Double Shock
|
|-damage|p1a: Kaisel|9/100 brn|[from] brn
|upkeep
|turn|9
|
|t:|1743867301
|move|p2a: Pawmot|Mach Punch|p1a: Kaisel
|-resisted|p1a: Kaisel
|-damage|p1a: Kaisel|0 fnt
|faint|p1a: Kaisel
|
|upkeep
|
|t:|1743867304
|switch|p1a: Igris|Ceruledge, M|100/100
|turn|10
|
|t:|1743867311
|switch|p2a: Great Tusk|Great Tusk|82/100
|move|p1a: Igris|Swords Dance|p1a: Igris
|-boost|p1a: Igris|atk|2
|
|upkeep
|turn|11
|
|t:|1743867323
|move|p2a: Great Tusk|Knock Off|p1a: Igris
|-supereffective|p1a: Igris
|-damage|p1a: Igris|2/100
|-ability|p1a: Igris|Weak Armor|boost
|-unboost|p1a: Igris|def|1
|-boost|p1a: Igris|spe|2
|-enditem|p1a: Igris|Focus Sash|[from] move: Knock Off|[of] p2a: Great Tusk
|move|p1a: Igris|Bitter Blade|p2a: Great Tusk
|-damage|p2a: Great Tusk|20/100
|-heal|p1a: Igris|41/100|[from] drain|[of] p2a: Great Tusk
|
|upkeep
|turn|12
|
|t:|1743867341
|move|p1a: Igris|Bitter Blade|p2a: Great Tusk
|-damage|p2a: Great Tusk|0 fnt
|-heal|p1a: Igris|54/100|[from] drain|[of] p2a: Great Tusk
|faint|p2a: Great Tusk
|-end|p2a: Great Tusk|Protosynthesis|[silent]
|
|upkeep
|
|t:|1743867344
|switch|p2a: Primarina|Primarina, M|100/100
|turn|13
|
|t:|1743867346
|move|p1a: Igris|Poltergeist|p2a: Primarina
|-activate|p2a: Primarina|move: Poltergeist|Custap Berry
|-damage|p2a: Primarina|0 fnt
|faint|p2a: Primarina
|
|upkeep
|-message|Sindicate XI forfeited.
|
|win|Cam1610
|raw|Cam1610's rating: 1500 &rarr; <strong>1518</strong><br />(+18 for winning)
|raw|Sindicate XI's rating: 1468 &rarr; <strong>1450</strong><br />(-18 for losing)
|l|☆Sindicate XI
|player|p2|
|l|☆Cam1610
|player|p1|
