|j|☆Hardencongafas
|j|☆bugs are funny
|t:|1743784356
|gametype|singles
|player|p1|Hardencongafas|1|1395
|player|p2|bugs are funny|winona-gen6|1408
|teamsize|p1|6
|teamsize|p2|6
|gen|9
|tier|[Gen 9] OU
|rated|
|rule|HP Percentage Mod: HP is shown in percentages
|rule|Endless Battle Clause: Forcing endless battles is banned
|rule|Species Clause: Limit one of each Pokémon
|rule|OHKO Clause: OHKO moves are banned
|rule|Evasion Items Clause: Evasion items are banned
|rule|Evasion Moves Clause: Evasion moves are banned
|rule|Sleep Moves Clause: Sleep-inducing moves are banned
|clearpoke
|poke|p1|Iron Treads|
|poke|p1|Emboar, M|
|poke|p1|Primarina, F|
|poke|p1|Corviknight, F|
|poke|p1|Landorus-Therian, M|
|poke|p1|Hydreigon, M|
|poke|p2|Araquanid, F|
|poke|p2|Gholdengo|
|poke|p2|Glimmora, F|
|poke|p2|Manaphy|
|poke|p2|Great Tusk|
|poke|p2|Kingambit, M|
|teampreview
|
|t:|1743784373
|start
|switch|p1a: Primarina|Primarina, F|100/100
|switch|p2a: Araquanid|Araquanid, F|100/100
|turn|1
|
|t:|1743784376
|move|p1a: Primarina|Moonblast|p2a: Araquanid
|-damage|p2a: Araquanid|61/100
|move|p2a: Araquanid|Sticky Web|p1a: Primarina
|-sidestart|p1: Hardencongafas|move: Sticky Web
|
|upkeep
|turn|2
|
|t:|1743784410
|move|p1a: Primarina|Moonblast|p2a: Araquanid
|-damage|p2a: Araquanid|17/100
|-unboost|p2a: Araquanid|spa|1
|move|p2a: Araquanid|Liquidation|p1a: Primarina
|-resisted|p1a: Primarina
|-damage|p1a: Primarina|60/100
|-unboost|p1a: Primarina|def|1
|
|upkeep
|turn|3
|-enditem|p2a: Araquanid|Custap Berry|[eat]
|-activate|p2a: Araquanid|item: Custap Berry|[consumed]
|
|t:|1743784431
|move|p2a: Araquanid|Liquidation|p1a: Primarina
|-resisted|p1a: Primarina
|-damage|p1a: Primarina|8/100
|-unboost|p1a: Primarina|def|1
|move|p1a: Primarina|Moonblast|p2a: Araquanid
|-damage|p2a: Araquanid|0 fnt
|faint|p2a: Araquanid
|
|upkeep
|
|t:|1743784436
|switch|p2a: Glimmora|Glimmora, F|100/100
|turn|4
|
|t:|1743784462
|move|p2a: Glimmora|Meteor Beam||[still]
|-prepare|p2a: Glimmora|Meteor Beam
|-boost|p2a: Glimmora|spa|1
|-enditem|p2a: Glimmora|Power Herb
|-anim|p2a: Glimmora|Meteor Beam|p1a: Primarina
|-damage|p1a: Primarina|0 fnt
|faint|p1a: Primarina
|
|upkeep
|
|t:|1743784467
|switch|p1a: Landorus|Landorus-Therian, M|100/100
|-ability|p1a: Landorus|Intimidate|boost
|-unboost|p2a: Glimmora|atk|1
|turn|5
|
|t:|1743784473
|-terastallize|p2a: Glimmora|Grass
|move|p1a: Landorus|Earthquake|p2a: Glimmora
|-resisted|p2a: Glimmora
|-damage|p2a: Glimmora|51/100
|-activate|p2a: Glimmora|ability: Toxic Debris
|-sidestart|p1: Hardencongafas|move: Toxic Spikes
|move|p2a: Glimmora|Power Gem|p1a: Landorus
|-damage|p1a: Landorus|15/100
|
|upkeep
|turn|6
|
|t:|1743784491
|move|p1a: Landorus|Earthquake|p2a: Glimmora
|-resisted|p2a: Glimmora
|-damage|p2a: Glimmora|0 fnt
|-activate|p2a: Glimmora|ability: Toxic Debris
|-sidestart|p1: Hardencongafas|move: Toxic Spikes
|faint|p2a: Glimmora
|
|upkeep
|
|t:|1743784509
|switch|p2a: Great Tusk|Great Tusk|100/100
|turn|7
|
|t:|1743784512
|move|p1a: Landorus|Earthquake|p2a: Great Tusk
|-damage|p2a: Great Tusk|52/100
|move|p2a: Great Tusk|Rapid Spin|p1a: Landorus
|-damage|p1a: Landorus|0 fnt
|-boost|p2a: Great Tusk|spe|1
|faint|p1a: Landorus
|
|upkeep
|
|t:|1743784522
|switch|p1a: Corviknight|Corviknight, F|100/100
|-ability|p1a: Corviknight|Pressure
|turn|8
|
|t:|1743784533
|-end|p2a: Great Tusk|Protosynthesis|[silent]
|switch|p2a: Gholdengo|Gholdengo|100/100
|-item|p2a: Gholdengo|Air Balloon
|move|p1a: Corviknight|U-turn|p2a: Gholdengo
|-resisted|p2a: Gholdengo
|-damage|p2a: Gholdengo|98/100
|-enditem|p2a: Gholdengo|Air Balloon
|
|t:|1743784539
|switch|p1a: Hydreigon|Hydreigon, M|100/100|[from] U-turn
|
|upkeep
|turn|9
|
|t:|1743784548
|move|p1a: Hydreigon|Dark Pulse|p2a: Gholdengo
|-supereffective|p2a: Gholdengo
|-damage|p2a: Gholdengo|0 fnt
|faint|p2a: Gholdengo
|
|upkeep
|
|t:|1743784550
|switch|p2a: Manaphy|Manaphy|100/100
|turn|10
|
|t:|1743784553
|move|p1a: Hydreigon|Dark Pulse|p2a: Manaphy
|-damage|p2a: Manaphy|47/100
|move|p2a: Manaphy|Take Heart|p2a: Manaphy
|-boost|p2a: Manaphy|spa|1
|-boost|p2a: Manaphy|spd|1
|
|-heal|p2a: Manaphy|53/100|[from] item: Leftovers
|upkeep
|turn|11
|
|t:|1743784559
|switch|p1a: Corviknight|Corviknight, F|100/100
|-ability|p1a: Corviknight|Pressure
|move|p2a: Manaphy|Take Heart|p2a: Manaphy
|-boost|p2a: Manaphy|spa|1
|-boost|p2a: Manaphy|spd|1
|
|-heal|p2a: Manaphy|59/100|[from] item: Leftovers
|upkeep
|turn|12
|
|t:|1743784562
|move|p2a: Manaphy|Acid Armor|p2a: Manaphy
|-boost|p2a: Manaphy|def|2
|move|p1a: Corviknight|Iron Defense|p1a: Corviknight
|-boost|p1a: Corviknight|def|2
|
|-heal|p2a: Manaphy|65/100|[from] item: Leftovers
|upkeep
|turn|13
|
|t:|1743784572
|move|p2a: Manaphy|Take Heart|p2a: Manaphy
|-boost|p2a: Manaphy|spa|1
|-boost|p2a: Manaphy|spd|1
|move|p1a: Corviknight|Body Press|p2a: Manaphy
|-damage|p2a: Manaphy|45/100
|
|-heal|p2a: Manaphy|51/100|[from] item: Leftovers
|upkeep
|turn|14
|
|t:|1743784577
|move|p2a: Manaphy|Acid Armor|p2a: Manaphy
|-boost|p2a: Manaphy|def|2
|move|p1a: Corviknight|Body Press|p2a: Manaphy
|-damage|p2a: Manaphy|36/100
|
|-heal|p2a: Manaphy|42/100|[from] item: Leftovers
|upkeep
|turn|15
|
|t:|1743784579
|move|p2a: Manaphy|Take Heart|p2a: Manaphy
|-boost|p2a: Manaphy|spa|1
|-boost|p2a: Manaphy|spd|1
|move|p1a: Corviknight|Body Press|p2a: Manaphy
|-damage|p2a: Manaphy|27/100
|
|-heal|p2a: Manaphy|33/100|[from] item: Leftovers
|upkeep
|turn|16
|
|t:|1743784583
|move|p2a: Manaphy|Stored Power|p1a: Corviknight
|-resisted|p1a: Corviknight
|-damage|p1a: Corviknight|15/100
|move|p1a: Corviknight|Body Press|p2a: Manaphy
|-damage|p2a: Manaphy|19/100
|
|-heal|p2a: Manaphy|25/100|[from] item: Leftovers
|upkeep
|turn|17
|
|t:|1743784595
|move|p2a: Manaphy|Stored Power|p1a: Corviknight
|-resisted|p1a: Corviknight
|-damage|p1a: Corviknight|0 fnt
|faint|p1a: Corviknight
|
|-heal|p2a: Manaphy|31/100|[from] item: Leftovers
|upkeep
|
|t:|1743784598
|switch|p1a: Hydreigon|Hydreigon, M|100/100
|turn|18
|
|t:|1743784600
|move|p1a: Hydreigon|Draco Meteor|p2a: Manaphy
|-damage|p2a: Manaphy|1/100
|-unboost|p1a: Hydreigon|spa|2
|move|p2a: Manaphy|Scald|p1a: Hydreigon
|-resisted|p1a: Hydreigon
|-damage|p1a: Hydreigon|57/100
|
|-heal|p2a: Manaphy|7/100|[from] item: Leftovers
|upkeep
|turn|19
|
|t:|1743784605
|move|p1a: Hydreigon|Draco Meteor|p2a: Manaphy
|-damage|p2a: Manaphy|0 fnt
|-unboost|p1a: Hydreigon|spa|2
|faint|p2a: Manaphy
|
|upkeep
|
|t:|1743784607
|switch|p2a: Kingambit|Kingambit, M|100/100
|-activate|p2a: Kingambit|ability: Supreme Overlord
|-start|p2a: Kingambit|fallen4|[silent]
|turn|20
|
|t:|1743784613
|switch|p1a: Emboar|Emboar, M, shiny|100/100
|-activate|p1a: Emboar|move: Sticky Web
|-unboost|p1a: Emboar|spe|1
|-status|p1a: Emboar|tox
|move|p2a: Kingambit|Swords Dance|p2a: Kingambit
|-boost|p2a: Kingambit|atk|2
|
|-damage|p1a: Emboar|94/100 tox|[from] psn
|upkeep
|turn|21
|
|t:|1743784623
|move|p1a: Emboar|Close Combat|p2a: Kingambit
|-supereffective|p2a: Kingambit
|-damage|p2a: Kingambit|0 fnt
|-unboost|p1a: Emboar|def|1
|-unboost|p1a: Emboar|spd|1
|faint|p2a: Kingambit
|-end|p2a: Kingambit|fallen4|[silent]
|
|-damage|p1a: Emboar|82/100 tox|[from] psn
|upkeep
|
|t:|1743784626
|switch|p2a: Great Tusk|Great Tusk|52/100
|turn|22
|
|t:|1743784639
|move|p2a: Great Tusk|Rapid Spin|p1a: Emboar
|-crit|p1a: Emboar
|-damage|p1a: Emboar|37/100 tox
|-boost|p2a: Great Tusk|spe|1
|move|p1a: Emboar|Close Combat|p2a: Great Tusk
|-damage|p2a: Great Tusk|12/100
|-unboost|p1a: Emboar|def|1
|-unboost|p1a: Emboar|spd|1
|
|-damage|p1a: Emboar|19/100 tox|[from] psn
|upkeep
|turn|23
|
|t:|1743784651
|switch|p1a: Iron Treads|Iron Treads|100/100
|-activate|p1a: Iron Treads|move: Sticky Web
|-unboost|p1a: Iron Treads|spe|1
|move|p2a: Great Tusk|Rapid Spin|p1a: Iron Treads
|-resisted|p1a: Iron Treads
|-damage|p1a: Iron Treads|93/100
|-boost|p2a: Great Tusk|spe|1
|
|-heal|p1a: Iron Treads|99/100|[from] item: Leftovers
|upkeep
|turn|24
|
|t:|1743784657
|move|p2a: Great Tusk|Headlong Rush|p1a: Iron Treads
|-supereffective|p1a: Iron Treads
|-damage|p1a: Iron Treads|10/100
|-unboost|p2a: Great Tusk|def|1
|-unboost|p2a: Great Tusk|spd|1
|move|p1a: Iron Treads|Earthquake|p2a: Great Tusk
|-damage|p2a: Great Tusk|0 fnt
|faint|p2a: Great Tusk
|-end|p2a: Great Tusk|Protosynthesis|[silent]
|
|win|Hardencongafas
|raw|Hardencongafas's rating: 1395 &rarr; <strong>1414</strong><br />(+19 for winning)
|raw|bugs are funny's rating: 1386 &rarr; <strong>1367</strong><br />(-19 for losing)
|l|☆bugs are funny
|player|p2|
|l|☆Hardencongafas
|player|p1|
