|j|☆Sindicate XI
|j|☆tapu moxo
|t:|1743862932
|gametype|singles
|player|p1|Sindicate XI|2|1431
|player|p2|tapu moxo|yellow|1408
|teamsize|p1|6
|teamsize|p2|6
|gen|9
|tier|[Gen 9] OU
|rated|
|rule|HP Percentage Mod: HP is shown in percentages
|rule|Endless Battle Clause: Forcing endless battles is banned
|rule|Species Clause: Limit one of each Pokémon
|rule|OHKO Clause: OHKO moves are banned
|rule|Evasion Items Clause: Evasion items are banned
|rule|Evasion Moves Clause: Evasion moves are banned
|rule|Sleep Moves Clause: Sleep-inducing moves are banned
|clearpoke
|poke|p1|Primarina, M|
|poke|p1|Dragapult, F|
|poke|p1|Cinderace, M|
|poke|p1|Pawmot, M|
|poke|p1|Great Tusk|
|poke|p1|Kyurem|
|poke|p2|Ceruledge, M|
|poke|p2|Raging Bolt|
|poke|p2|Kingambit, M|
|poke|p2|Enamorus, F|
|poke|p2|Great Tusk|
|poke|p2|Araquanid, M|
|teampreview
|inactive|Battle timer is ON: inactive players will automatically lose when time's up. (requested by Sindicate XI)
|
|t:|1743862941
|start
|switch|p1a: Dragapult|Dragapult, F|100/100
|switch|p2a: Araquanid|Araquanid, M|100/100
|turn|1
|
|t:|1743862948
|move|p1a: Dragapult|Dragon Darts|p2a: Araquanid
|-damage|p2a: Araquanid|73/100
|-anim|p1a: Dragapult|Dragon Darts|p2a: Araquanid
|-damage|p2a: Araquanid|46/100
|move|p2a: Araquanid|Sticky Web|p1a: Dragapult
|-sidestart|p1: Sindicate XI|move: Sticky Web
|
|upkeep
|turn|2
|
|t:|1743862955
|switch|p2a: Kingambit|Kingambit, M|100/100
|move|p1a: Dragapult|Dragon Darts|p2a: Kingambit
|-resisted|p2a: Kingambit
|-damage|p2a: Kingambit|90/100
|-anim|p1a: Dragapult|Dragon Darts|p2a: Kingambit
|-resisted|p2a: Kingambit
|-damage|p2a: Kingambit|79/100
|
|-heal|p2a: Kingambit|85/100|[from] item: Leftovers
|upkeep
|turn|3
|
|t:|1743862967
|-end|p2a: Kingambit|fallenundefined|[silent]
|switch|p2a: Araquanid|Araquanid, M|46/100
|move|p1a: Dragapult|Will-O-Wisp|p2a: Araquanid
|-immune|p2a: Araquanid|[from] ability: Water Bubble
|
|upkeep
|turn|4
|
|t:|1743862973
|switch|p2a: Ceruledge|Ceruledge, M|100/100
|move|p1a: Dragapult|Dragon Darts|p2a: Ceruledge
|-damage|p2a: Ceruledge|68/100
|-ability|p2a: Ceruledge|Weak Armor|boost
|-unboost|p2a: Ceruledge|def|1
|-boost|p2a: Ceruledge|spe|2
|-anim|p1a: Dragapult|Dragon Darts|p2a: Ceruledge
|-damage|p2a: Ceruledge|13/100
|-ability|p2a: Ceruledge|Weak Armor|boost
|-unboost|p2a: Ceruledge|def|1
|-boost|p2a: Ceruledge|spe|2
|
|upkeep
|turn|5
|
|t:|1743862979
|move|p2a: Ceruledge|Poltergeist|p1a: Dragapult
|-activate|p1a: Dragapult|move: Poltergeist|Focus Sash
|-supereffective|p1a: Dragapult
|-enditem|p1a: Dragapult|Focus Sash
|-damage|p1a: Dragapult|1/100
|move|p1a: Dragapult|Dragon Darts|p2a: Ceruledge
|-damage|p2a: Ceruledge|0 fnt
|faint|p2a: Ceruledge
|
|upkeep
|
|t:|1743862986
|switch|p2a: Enamorus|Enamorus, F|100/100
|turn|6
|
|t:|1743862996
|move|p1a: Dragapult|Thunder Wave|p2a: Enamorus|[miss]
|-miss|p1a: Dragapult|p2a: Enamorus
|move|p2a: Enamorus|Moonblast|p1a: Dragapult
|-supereffective|p1a: Dragapult
|-damage|p1a: Dragapult|0 fnt
|faint|p1a: Dragapult
|
|upkeep
|
|t:|1743863003
|switch|p1a: Cinderace|Cinderace, M|100/100
|turn|7
|
|t:|1743863016
|move|p1a: Cinderace|Pyro Ball|p2a: Enamorus
|-damage|p2a: Enamorus|30/100
|move|p2a: Enamorus|Substitute|p2a: Enamorus
|-start|p2a: Enamorus|Substitute
|-damage|p2a: Enamorus|5/100
|
|-heal|p2a: Enamorus|11/100|[from] item: Leftovers
|upkeep
|turn|8
|
|t:|1743863027
|-terastallize|p2a: Enamorus|Ground
|move|p1a: Cinderace|Pyro Ball|p2a: Enamorus
|-end|p2a: Enamorus|Substitute
|move|p2a: Enamorus|Earth Power|p1a: Cinderace
|-supereffective|p1a: Cinderace
|-damage|p1a: Cinderace|0 fnt
|faint|p1a: Cinderace
|
|-heal|p2a: Enamorus|17/100|[from] item: Leftovers
|upkeep
|
|t:|1743863035
|switch|p1a: Pawmot|Pawmot, M|100/100
|-activate|p1a: Pawmot|move: Sticky Web
|-unboost|p1a: Pawmot|spe|1
|turn|9
|
|t:|1743863038
|move|p2a: Enamorus|Moonblast|p1a: Pawmot
|-supereffective|p1a: Pawmot
|-enditem|p1a: Pawmot|Focus Sash
|-damage|p1a: Pawmot|1/100
|move|p1a: Pawmot|Revival Blessing|p1a: Pawmot
|
|t:|1743863060
|-heal|p1: Dragapult|50/100|[from] move: Revival Blessing
|
|-heal|p2a: Enamorus|24/100|[from] item: Leftovers
|upkeep
|turn|10
|
|t:|1743863064
|move|p1a: Pawmot|Mach Punch|p2a: Enamorus
|-crit|p2a: Enamorus
|-damage|p2a: Enamorus|0 fnt
|faint|p2a: Enamorus
|
|upkeep
|
|t:|1743863073
|switch|p2a: Great Tusk|Great Tusk|100/100
|turn|11
|
|t:|1743863080
|move|p1a: Pawmot|Mach Punch|p2a: Great Tusk
|-damage|p2a: Great Tusk|84/100
|move|p2a: Great Tusk|Rapid Spin|p1a: Pawmot
|-crit|p1a: Pawmot
|-damage|p1a: Pawmot|0 fnt
|-boost|p2a: Great Tusk|spe|1
|faint|p1a: Pawmot
|
|upkeep
|
|t:|1743863084
|switch|p1a: Primarina|Primarina, M|100/100
|-activate|p1a: Primarina|move: Sticky Web
|-unboost|p1a: Primarina|spe|1
|turn|12
|
|t:|1743863088
|-end|p2a: Great Tusk|Protosynthesis|[silent]
|switch|p2a: Araquanid|Araquanid, M|46/100
|move|p1a: Primarina|Moonblast|p2a: Araquanid
|-damage|p2a: Araquanid|6/100
|
|upkeep
|turn|13
|-enditem|p2a: Araquanid|Custap Berry|[eat]
|-activate|p2a: Araquanid|item: Custap Berry|[consumed]
|
|t:|1743863096
|move|p2a: Araquanid|Endure|p2a: Araquanid
|-singleturn|p2a: Araquanid|move: Endure
|move|p1a: Primarina|Moonblast|p2a: Araquanid
|-activate|p2a: Araquanid|move: Endure
|-damage|p2a: Araquanid|1/100
|-unboost|p2a: Araquanid|spa|1
|
|upkeep
|turn|14
|
|t:|1743863101
|switch|p1a: Dragapult|Dragapult, F|50/100
|-activate|p1a: Dragapult|move: Sticky Web
|-fail|p1a: Dragapult|unboost|[from] ability: Clear Body|[of] p1a: Dragapult
|move|p2a: Araquanid|Endeavor|p1a: Dragapult
|-immune|p1a: Dragapult
|
|upkeep
|turn|15
|
|t:|1743863108
|move|p1a: Dragapult|Dragon Darts|p2a: Araquanid
|-damage|p2a: Araquanid|0 fnt
|faint|p2a: Araquanid
|
|upkeep
|
|t:|1743863110
|switch|p2a: Kingambit|Kingambit, M|85/100
|-activate|p2a: Kingambit|ability: Supreme Overlord
|-start|p2a: Kingambit|fallen3|[silent]
|turn|16
|
|t:|1743863113
|move|p1a: Dragapult|Will-O-Wisp|p2a: Kingambit
|-status|p2a: Kingambit|brn
|move|p2a: Kingambit|Iron Head|p1a: Dragapult
|-damage|p1a: Dragapult|2/100
|
|-heal|p2a: Kingambit|91/100 brn|[from] item: Leftovers
|-damage|p2a: Kingambit|85/100 brn|[from] brn
|upkeep
|turn|17
|
|t:|1743863119
|switch|p1a: Great Tusk|Great Tusk|100/100
|move|p2a: Kingambit|Iron Head|p1a: Great Tusk
|-damage|p1a: Great Tusk|76/100
|
|-heal|p2a: Kingambit|91/100 brn|[from] item: Leftovers
|-damage|p2a: Kingambit|85/100 brn|[from] brn
|upkeep
|turn|18
|
|t:|1743863126
|-end|p2a: Kingambit|fallen3|[silent]
|switch|p2a: Great Tusk|Great Tusk|84/100
|move|p1a: Great Tusk|Rapid Spin|p2a: Great Tusk
|-damage|p2a: Great Tusk|72/100
|-boost|p1a: Great Tusk|spe|1
|-sideend|p1: Sindicate XI|Sticky Web|[from] move: Rapid Spin|[of] p1a: Great Tusk
|
|upkeep
|turn|19
|
|t:|1743863151
|-end|p1a: Great Tusk|Protosynthesis|[silent]
|switch|p1a: Dragapult|Dragapult, F|2/100
|move|p2a: Great Tusk|Ice Spinner|p1a: Dragapult
|-supereffective|p1a: Dragapult
|-damage|p1a: Dragapult|0 fnt
|faint|p1a: Dragapult
|
|upkeep
|
|t:|1743863153
|switch|p1a: Primarina|Primarina, M|100/100
|turn|20
|
|t:|1743863160
|move|p2a: Great Tusk|Supercell Slam|p1a: Primarina
|-supereffective|p1a: Primarina
|-damage|p1a: Primarina|11/100
|move|p1a: Primarina|Moonblast|p2a: Great Tusk
|-supereffective|p2a: Great Tusk
|-damage|p2a: Great Tusk|0 fnt
|faint|p2a: Great Tusk
|-end|p2a: Great Tusk|Protosynthesis|[silent]
|
|upkeep
|
|t:|1743863164
|switch|p2a: Kingambit|Kingambit, M|85/100 brn
|-activate|p2a: Kingambit|ability: Supreme Overlord
|-start|p2a: Kingambit|fallen4|[silent]
|turn|21
|-enditem|p1a: Primarina|Custap Berry|[eat]
|-activate|p1a: Primarina|item: Custap Berry|[consumed]
|
|t:|1743863172
|move|p1a: Primarina|Surf|p2a: Kingambit
|-damage|p2a: Kingambit|7/100 brn
|move|p2a: Kingambit|Iron Head|p1a: Primarina
|-damage|p1a: Primarina|0 fnt
|faint|p1a: Primarina
|
|-heal|p2a: Kingambit|13/100 brn|[from] item: Leftovers
|-damage|p2a: Kingambit|7/100 brn|[from] brn
|upkeep
|
|t:|1743863197
|switch|p1a: Kyurem|Kyurem|100/100
|-ability|p1a: Kyurem|Pressure
|turn|22
|
|t:|1743863200
|move|p1a: Kyurem|Icicle Spear|p2a: Kingambit
|-resisted|p2a: Kingambit
|-damage|p2a: Kingambit|0 fnt
|faint|p2a: Kingambit
|-end|p2a: Kingambit|fallen4|[silent]
|-hitcount|p2: Kingambit|1
|
|upkeep
|
|t:|1743863203
|switch|p2a: Raging Bolt|Raging Bolt|100/100
|-enditem|p2a: Raging Bolt|Booster Energy
|-activate|p2a: Raging Bolt|ability: Protosynthesis|[fromitem]
|-start|p2a: Raging Bolt|protosynthesisspa
|turn|23
|
|t:|1743863205
|move|p1a: Kyurem|Icicle Spear|p2a: Raging Bolt
|-supereffective|p2a: Raging Bolt
|-damage|p2a: Raging Bolt|75/100
|-supereffective|p2a: Raging Bolt
|-damage|p2a: Raging Bolt|48/100
|-supereffective|p2a: Raging Bolt
|-damage|p2a: Raging Bolt|23/100
|-supereffective|p2a: Raging Bolt
|-damage|p2a: Raging Bolt|0 fnt
|faint|p2a: Raging Bolt
|-end|p2a: Raging Bolt|Protosynthesis|[silent]
|-hitcount|p2: Raging Bolt|4
|
|win|Sindicate XI
|raw|Sindicate XI's rating: 1431 &rarr; <strong>1450</strong><br />(+19 for winning)
|raw|tapu moxo's rating: 1408 &rarr; <strong>1389</strong><br />(-19 for losing)
|l|☆tapu moxo
|player|p2|
