|j|☆sad132
|j|☆Tsound
|t:|1743915210
|gametype|singles
|player|p1|sad132|102|1153
|player|p2|Tsound|volkner|1107
|teamsize|p1|6
|teamsize|p2|6
|gen|9
|tier|[Gen 9] OU
|rated|
|rule|HP Percentage Mod: HP is shown in percentages
|rule|Endless Battle Clause: Forcing endless battles is banned
|rule|Species Clause: Limit one of each Pokémon
|rule|OHKO Clause: OHKO moves are banned
|rule|Evasion Items Clause: Evasion items are banned
|rule|Evasion Moves Clause: Evasion moves are banned
|rule|Sleep Moves Clause: Sleep-inducing moves are banned
|clearpoke
|poke|p1|Glimmora, M|
|poke|p1|Ogerpon-Wellspring, F|
|poke|p1|Iron Crown|
|poke|p1|Dragonite, F|
|poke|p1|Quaquaval, M|
|poke|p1|Raging Bolt|
|poke|p2|Slowking-Galar, M|
|poke|p2|Polteageist|
|poke|p2|Latias, F|
|poke|p2|Dragonite, F|
|poke|p2|Ogerpon-Wellspring, F|
|poke|p2|Skarmory, F|
|teampreview
|
|t:|1743915217
|start
|switch|p1a: Glimmora|Glimmora, M|100/100
|switch|p2a: Dragonite|Dragonite, F, shiny|100/100
|turn|1
|
|t:|1743915223
|move|p1a: Glimmora|Stealth Rock|p2a: Dragonite
|-sidestart|p2: Tsound|move: Stealth Rock
|move|p2a: Dragonite|Iron Head|p1a: Glimmora
|-supereffective|p1a: Glimmora
|-crit|p1a: Glimmora
|-enditem|p1a: Glimmora|Focus Sash
|-damage|p1a: Glimmora|1/100
|-activate|p1a: Glimmora|ability: Toxic Debris
|-sidestart|p2: Tsound|move: Toxic Spikes
|-damage|p2a: Dragonite|91/100|[from] item: Life Orb
|
|upkeep
|turn|2
|
|t:|1743915226
|move|p2a: Dragonite|Extreme Speed|p1a: Glimmora
|-resisted|p1a: Glimmora
|-damage|p1a: Glimmora|0 fnt
|-activate|p1a: Glimmora|ability: Toxic Debris
|-sidestart|p2: Tsound|move: Toxic Spikes
|faint|p1a: Glimmora
|-damage|p2a: Dragonite|81/100|[from] item: Life Orb
|
|upkeep
|
|t:|1743915234
|switch|p1a: Quaquaval|Quaquaval, M|100/100
|turn|3
|
|t:|1743915242
|move|p2a: Dragonite|Extreme Speed|p1a: Quaquaval
|-damage|p1a: Quaquaval|53/100
|-damage|p2a: Dragonite|71/100|[from] item: Life Orb
|move|p1a: Quaquaval|Ice Spinner|p2a: Dragonite
|-supereffective|p2a: Dragonite
|-crit|p2a: Dragonite
|-damage|p2a: Dragonite|0 fnt
|faint|p2a: Dragonite
|-ability|p1a: Quaquaval|Moxie|boost
|-boost|p1a: Quaquaval|atk|1
|-damage|p1a: Quaquaval|43/100|[from] item: Life Orb
|
|upkeep
|
|t:|1743915245
|switch|p2a: Polteageist|Polteageist|100/100
|-damage|p2a: Polteageist|88/100|[from] Stealth Rock
|-status|p2a: Polteageist|tox
|turn|4
|
|t:|1743915252
|move|p1a: Quaquaval|Knock Off|p2a: Polteageist
|-supereffective|p2a: Polteageist
|-damage|p2a: Polteageist|0 fnt
|-enditem|p2a: Polteageist|Life Orb|[from] move: Knock Off|[of] p1a: Quaquaval
|faint|p2a: Polteageist
|-ability|p1a: Quaquaval|Moxie|boost
|-boost|p1a: Quaquaval|atk|1
|-damage|p1a: Quaquaval|33/100|[from] item: Life Orb
|
|upkeep
|
|t:|1743915273
|switch|p2a: Slowking|Slowking-Galar, M|100/100
|-damage|p2a: Slowking|88/100|[from] Stealth Rock
|-sideend|p2: Tsound|move: Toxic Spikes|[of] p2a: Slowking
|turn|5
|
|t:|1743915278
|move|p1a: Quaquaval|Knock Off|p2a: Slowking
|-supereffective|p2a: Slowking
|-damage|p2a: Slowking|0 fnt
|-enditem|p2a: Slowking|Leftovers|[from] move: Knock Off|[of] p1a: Quaquaval
|faint|p2a: Slowking
|-ability|p1a: Quaquaval|Moxie|boost
|-boost|p1a: Quaquaval|atk|1
|-damage|p1a: Quaquaval|23/100|[from] item: Life Orb
|
|upkeep
|
|t:|1743915282
|switch|p2a: Skarmory|Skarmory, F|100/100
|-damage|p2a: Skarmory|88/100|[from] Stealth Rock
|turn|6
|
|t:|1743915287
|move|p1a: Quaquaval|Aqua Step|p2a: Skarmory
|-damage|p2a: Skarmory|0 fnt
|-boost|p1a: Quaquaval|spe|1
|faint|p2a: Skarmory
|-ability|p1a: Quaquaval|Moxie|boost
|-boost|p1a: Quaquaval|atk|1
|-damage|p1a: Quaquaval|13/100|[from] item: Life Orb
|
|upkeep
|
|t:|1743915289
|switch|p2a: Latias|Latias, F|100/100
|-damage|p2a: Latias|88/100|[from] Stealth Rock
|turn|7
|
|t:|1743915302
|move|p1a: Quaquaval|Knock Off|p2a: Latias
|-supereffective|p2a: Latias
|-damage|p2a: Latias|0 fnt
|-enditem|p2a: Latias|Soul Dew|[from] move: Knock Off|[of] p1a: Quaquaval
|faint|p2a: Latias
|-ability|p1a: Quaquaval|Moxie|boost
|-boost|p1a: Quaquaval|atk|1
|-damage|p1a: Quaquaval|3/100|[from] item: Life Orb
|
|upkeep
|
|t:|1743915303
|switch|p2a: Ogerpon|Ogerpon-Wellspring, F|100/100
|-damage|p2a: Ogerpon|88/100|[from] Stealth Rock
|turn|8
|
|t:|1743915313
|-terastallize|p2a: Ogerpon|Water
|detailschange|p2a: Ogerpon|Ogerpon-Wellspring-Tera, F, tera:Water
|-ability|p2a: Ogerpon|Embody Aspect (Wellspring)|boost
|-boost|p2a: Ogerpon|spd|1
|move|p1a: Quaquaval|Close Combat|p2a: Ogerpon
|-damage|p2a: Ogerpon|0 fnt
|-unboost|p1a: Quaquaval|def|1
|-unboost|p1a: Quaquaval|spd|1
|faint|p2a: Ogerpon
|-damage|p1a: Quaquaval|0 fnt|[from] item: Life Orb
|faint|p1a: Quaquaval
|
|win|sad132
|raw|sad132's rating: 1153 &rarr; <strong>1175</strong><br />(+22 for winning)
|raw|Tsound's rating: 1107 &rarr; <strong>1085</strong><br />(-22 for losing)
|l|☆sad132
|player|p1|
|l|☆Tsound
|player|p2|
