|j|☆randomblabla
|j|☆Karivaar
|t:|1743926840
|gametype|singles
|player|p1|randomblabla|265|1157
|player|p2|Karivaar|blackbelt|1214
|teamsize|p1|6
|teamsize|p2|6
|gen|9
|tier|[Gen 9] OU
|rated|
|rule|HP Percentage Mod: HP is shown in percentages
|rule|Endless Battle Clause: Forcing endless battles is banned
|rule|Species Clause: Limit one of each Pokémon
|rule|OHKO Clause: OHKO moves are banned
|rule|Evasion Items Clause: Evasion items are banned
|rule|Evasion Moves Clause: Evasion moves are banned
|rule|Sleep Moves Clause: Sleep-inducing moves are banned
|clearpoke
|poke|p1|Ribombee, F|
|poke|p1|Great Tusk|
|poke|p1|Blaziken, M|
|poke|p1|Serperior, F|
|poke|p1|Darkrai|
|poke|p1|Dugtrio, M|
|poke|p2|Pelipper, M|
|poke|p2|Basculegion-F, F|
|poke|p2|Zapdos|
|poke|p2|Barraskewda, F|
|poke|p2|Great Tusk|
|poke|p2|Rillaboom, F|
|teampreview
|inactive|Battle timer is ON: inactive players will automatically lose when time's up. (requested by Karivaar)
|
|t:|1743926860
|start
|switch|p1a: Dugtrio|Dugtrio, M|100/100
|switch|p2a: TRALALELO TRALALA|Zapdos|100/100
|turn|1
|
|t:|1743926865
|move|p1a: Dugtrio|Stealth Rock|p2a: TRALALELO TRALALA
|-sidestart|p2: Karivaar|move: Stealth Rock
|move|p2a: TRALALELO TRALALA|Hurricane|p1a: Dugtrio
|-enditem|p1a: Dugtrio|Focus Sash
|-damage|p1a: Dugtrio|1/100
|-start|p1a: Dugtrio|confusion
|
|upkeep
|turn|2
|c|☆Karivaar|sorry
|
|t:|1743926893
|switch|p2a: JOHN CENA|Great Tusk|100/100
|-activate|p1a: Dugtrio|confusion
|move|p1a: Dugtrio|Memento|p2a: JOHN CENA
|-unboost|p2a: JOHN CENA|atk|2
|-unboost|p2a: JOHN CENA|spa|2
|faint|p1a: Dugtrio
|
|upkeep
|
|t:|1743926906
|switch|p1a: Serperior|Serperior, F|100/100
|turn|3
|inactive|Karivaar has 120 seconds left.
|
|t:|1743926952
|-terastallize|p2a: JOHN CENA|Steel
|move|p1a: Serperior|Leaf Storm|p2a: JOHN CENA
|-resisted|p2a: JOHN CENA
|-damage|p2a: JOHN CENA|67/100
|-boost|p1a: Serperior|spa|2
|move|p2a: JOHN CENA|Rapid Spin|p1a: Serperior
|-damage|p1a: Serperior|90/100
|-boost|p2a: JOHN CENA|spe|1
|-sideend|p2: Karivaar|Stealth Rock|[from] move: Rapid Spin|[of] p2a: JOHN CENA
|
|-heal|p1a: Serperior|96/100|[from] item: Leftovers
|upkeep
|turn|4
|
|t:|1743926964
|move|p2a: JOHN CENA|Ice Spinner|p1a: Serperior
|-supereffective|p1a: Serperior
|-damage|p1a: Serperior|64/100
|move|p1a: Serperior|Glare|p2a: JOHN CENA
|-status|p2a: JOHN CENA|par
|
|-heal|p1a: Serperior|70/100|[from] item: Leftovers
|upkeep
|turn|5
|
|t:|1743926976
|-end|p2a: JOHN CENA|Protosynthesis|[silent]
|switch|p2a: Le LAITIER|Pelipper, M|100/100
|-weather|RainDance|[from] ability: Drizzle|[of] p2a: Le LAITIER
|move|p1a: Serperior|Leaf Storm|p2a: Le LAITIER
|-damage|p2a: Le LAITIER|0 fnt
|-boost|p1a: Serperior|spa|2
|faint|p2a: Le LAITIER
|
|-weather|RainDance|[upkeep]
|-heal|p1a: Serperior|76/100|[from] item: Leftovers
|upkeep
|
|t:|1743926983
|switch|p2a: TRALALELO TRALALA|Zapdos|100/100
|turn|6
|
|t:|1743926997
|move|p1a: Serperior|Dragon Pulse|p2a: TRALALELO TRALALA
|-damage|p2a: TRALALELO TRALALA|33/100
|move|p2a: TRALALELO TRALALA|Hurricane|p1a: Serperior
|-supereffective|p1a: Serperior
|-damage|p1a: Serperior|0 fnt
|faint|p1a: Serperior
|
|-weather|RainDance|[upkeep]
|upkeep
|
|t:|1743927013
|switch|p1a: Darkrai|Darkrai|100/100
|turn|7
|
|t:|1743927020
|switch|p2a: JOHN CENA|Great Tusk, tera:Steel|67/100 par
|move|p1a: Darkrai|Ice Beam|p2a: JOHN CENA
|-resisted|p2a: JOHN CENA
|-damage|p2a: JOHN CENA|41/100 par
|
|-weather|RainDance|[upkeep]
|upkeep
|turn|8
|inactive|Karivaar has 120 seconds left.
|
|t:|1743927029
|switch|p1a: Great Tusk|Great Tusk|100/100
|-enditem|p1a: Great Tusk|Booster Energy
|-activate|p1a: Great Tusk|ability: Protosynthesis|[fromitem]
|-start|p1a: Great Tusk|protosynthesisspe
|cant|p2a: JOHN CENA|par
|
|-weather|RainDance|[upkeep]
|upkeep
|turn|9
|
|t:|1743927038
|move|p1a: Great Tusk|Bulk Up|p1a: Great Tusk
|-boost|p1a: Great Tusk|atk|1
|-boost|p1a: Great Tusk|def|1
|move|p2a: JOHN CENA|Close Combat|p1a: Great Tusk
|-damage|p1a: Great Tusk|76/100
|-unboost|p2a: JOHN CENA|def|1
|-unboost|p2a: JOHN CENA|spd|1
|
|-weather|RainDance|[upkeep]
|upkeep
|turn|10
|
|t:|1743927046
|move|p1a: Great Tusk|Bulk Up|p1a: Great Tusk
|-boost|p1a: Great Tusk|atk|1
|-boost|p1a: Great Tusk|def|1
|move|p2a: JOHN CENA|Ice Spinner|p1a: Great Tusk
|-supereffective|p1a: Great Tusk
|-damage|p1a: Great Tusk|58/100
|
|-weather|RainDance|[upkeep]
|upkeep
|turn|11
|
|t:|1743927057
|-end|p2a: JOHN CENA|Protosynthesis|[silent]
|switch|p2a: DEJA-VU|Basculegion-F, F|100/100
|move|p1a: Great Tusk|Close Combat|p2a: DEJA-VU
|-immune|p2a: DEJA-VU
|
|-weather|RainDance|[upkeep]
|upkeep
|turn|12
|
|t:|1743927067
|move|p2a: DEJA-VU|Surf|p1a: Great Tusk
|-supereffective|p1a: Great Tusk
|-damage|p1a: Great Tusk|0 fnt
|faint|p1a: Great Tusk
|-end|p1a: Great Tusk|Protosynthesis|[silent]
|
|-weather|none
|upkeep
|
|t:|1743927077
|switch|p1a: Ribombee|Ribombee, F|100/100
|turn|13
|
|t:|1743927083
|move|p1a: Ribombee|Quiver Dance|p1a: Ribombee
|-boost|p1a: Ribombee|spa|1
|-boost|p1a: Ribombee|spd|1
|-boost|p1a: Ribombee|spe|1
|move|p2a: DEJA-VU|Surf|p1a: Ribombee
|-damage|p1a: Ribombee|33/100
|
|upkeep
|turn|14
|
|t:|1743927100
|move|p1a: Ribombee|Stored Power|p2a: DEJA-VU
|-damage|p2a: DEJA-VU|48/100
|-damage|p1a: Ribombee|24/100|[from] item: Life Orb
|move|p2a: DEJA-VU|Surf|p1a: Ribombee
|-damage|p1a: Ribombee|0 fnt
|faint|p1a: Ribombee
|
|upkeep
|
|t:|1743927107
|switch|p1a: Darkrai|Darkrai|100/100
|turn|15
|
|t:|1743927113
|switch|p2a: JOHN CENA|Great Tusk, tera:Steel|41/100 par
|move|p1a: Darkrai|Dark Pulse|p2a: JOHN CENA
|-damage|p2a: JOHN CENA|0 fnt
|faint|p2a: JOHN CENA
|-end|p2a: JOHN CENA|Protosynthesis|[silent]
|
|upkeep
|
|t:|1743927124
|switch|p2a: SINJ|Rillaboom, F|100/100
|turn|16
|
|t:|1743927132
|switch|p1a: Blaziken|Blaziken, M|100/100
|move|p2a: SINJ|Wood Hammer|p1a: Blaziken
|-resisted|p1a: Blaziken
|-damage|p1a: Blaziken|32/100
|-damage|p2a: SINJ|81/100|[from] Recoil
|
|upkeep
|turn|17
|
|t:|1743927139
|move|p1a: Blaziken|Protect|p1a: Blaziken
|-singleturn|p1a: Blaziken|Protect
|move|p2a: SINJ|Wood Hammer|p1a: Blaziken
|-activate|p1a: Blaziken|move: Protect
|
|-ability|p1a: Blaziken|Speed Boost|boost
|-boost|p1a: Blaziken|spe|1
|upkeep
|turn|18
|
|t:|1743927146
|move|p1a: Blaziken|Flare Blitz|p2a: SINJ
|-supereffective|p2a: SINJ
|-damage|p2a: SINJ|0 fnt
|faint|p2a: SINJ
|-damage|p1a: Blaziken|2/100|[from] Recoil
|-damage|p1a: Blaziken|0 fnt|[from] item: Life Orb
|faint|p1a: Blaziken
|
|upkeep
|
|t:|1743927159
|switch|p2a: Im fast as f Boiii|Barraskewda, F|100/100
|switch|p1a: Darkrai|Darkrai|100/100
|turn|19
|
|t:|1743927167
|move|p1a: Darkrai|Dark Pulse|p2a: Im fast as f Boiii
|-damage|p2a: Im fast as f Boiii|1/100
|move|p2a: Im fast as f Boiii|Close Combat|p1a: Darkrai
|-supereffective|p1a: Darkrai
|-damage|p1a: Darkrai|0 fnt
|-unboost|p2a: Im fast as f Boiii|def|1
|-unboost|p2a: Im fast as f Boiii|spd|1
|faint|p1a: Darkrai
|
|win|Karivaar
|raw|randomblabla's rating: 1157 &rarr; <strong>1136</strong><br />(-21 for losing)
|raw|Karivaar's rating: 1214 &rarr; <strong>1235</strong><br />(+21 for winning)
|l|☆Karivaar
|player|p2|
|l|☆randomblabla
|player|p1|
