|j|☆rrbrru
|j|☆dumbassgaming
|t:|1743860775
|gametype|singles
|player|p1|rrbrru|roxie|1414
|player|p2|dumbassgaming|102|1401
|teamsize|p1|6
|teamsize|p2|6
|gen|9
|tier|[Gen 9] OU
|rated|
|rule|HP Percentage Mod: HP is shown in percentages
|rule|Endless Battle Clause: Forcing endless battles is banned
|rule|Species Clause: Limit one of each Pokémon
|rule|OHKO Clause: OHKO moves are banned
|rule|Evasion Items Clause: Evasion items are banned
|rule|Evasion Moves Clause: Evasion moves are banned
|rule|Sleep Moves Clause: Sleep-inducing moves are banned
|clearpoke
|poke|p1|Landorus-Therian, M|
|poke|p1|Araquanid, F|
|poke|p1|Sableye, M|
|poke|p1|Darkrai|
|poke|p1|Serperior, F|
|poke|p1|Kingambit, M|
|poke|p2|Gardevoir, F|
|poke|p2|Arcanine-Hisui, M|
|poke|p2|Kyurem|
|poke|p2|Great Tusk|
|poke|p2|Primarina, F|
|poke|p2|Kingambit, M|
|teampreview
|
|t:|1743860796
|start
|switch|p1a: Araquanid|Araquanid, F|100/100
|switch|p2a: Straight Flush|Kyurem|100/100
|-ability|p2a: Straight Flush|Pressure
|turn|1
|
|t:|1743860804
|move|p2a: Straight Flush|Substitute|p2a: Straight Flush
|-start|p2a: Straight Flush|Substitute
|-damage|p2a: Straight Flush|75/100
|move|p1a: Araquanid|Sticky Web|p2a: Straight Flush
|-sidestart|p2: dumbassgaming|move: Sticky Web
|
|-heal|p2a: Straight Flush|82/100|[from] item: Leftovers
|upkeep
|turn|2
|
|t:|1743860810
|switch|p1a: Sableye|Sableye, M|100/100
|move|p2a: Straight Flush|Freeze-Dry|p1a: Sableye
|-damage|p1a: Sableye|63/100
|-enditem|p1a: Sableye|Eject Button
|
|t:|1743860819
|switch|p1a: Kingambit|Kingambit, M|100/100
|
|-heal|p2a: Straight Flush|88/100|[from] item: Leftovers
|upkeep
|turn|3
|
|t:|1743860835
|switch|p1a: Sableye|Sableye, M|63/100
|move|p2a: Straight Flush|Earth Power|p1a: Sableye
|-crit|p1a: Sableye
|-damage|p1a: Sableye|15/100
|-unboost|p1a: Sableye|spd|1
|
|-heal|p2a: Straight Flush|94/100|[from] item: Leftovers
|upkeep
|turn|4
|
|t:|1743860839
|move|p1a: Sableye|Gravity|p1a: Sableye
|-fieldstart|move: Gravity
|move|p2a: Straight Flush|Earth Power|p1a: Sableye
|-damage|p1a: Sableye|0 fnt
|faint|p1a: Sableye
|
|-heal|p2a: Straight Flush|99/100|[from] item: Leftovers
|upkeep
|
|t:|1743860847
|switch|p1a: Landorus|Landorus-Therian, M|100/100
|-ability|p1a: Landorus|Intimidate|boost
|-immune|p2a: Straight Flush
|turn|5
|
|t:|1743860860
|-terastallize|p1a: Landorus|Ice
|move|p2a: Straight Flush|Freeze-Dry|p1a: Landorus
|-resisted|p1a: Landorus
|-damage|p1a: Landorus|76/100
|move|p1a: Landorus|U-turn|p2a: Straight Flush
|-activate|p2a: Straight Flush|move: Substitute|[damage]
|
|t:|1743860865
|switch|p1a: Serperior|Serperior, F|100/100|[from] U-turn
|
|-heal|p2a: Straight Flush|100/100|[from] item: Leftovers
|upkeep
|turn|6
|
|t:|1743860868
|move|p1a: Serperior|Leaf Storm|p2a: Straight Flush
|-resisted|p2a: Straight Flush
|-end|p2a: Straight Flush|Substitute
|-boost|p1a: Serperior|spa|2
|move|p2a: Straight Flush|Freeze-Dry|p1a: Serperior
|-supereffective|p1a: Serperior
|-damage|p1a: Serperior|14/100
|
|-heal|p1a: Serperior|20/100|[from] item: Leftovers
|upkeep
|turn|7
|
|t:|1743860873
|move|p1a: Serperior|Glare|p2a: Straight Flush
|-status|p2a: Straight Flush|par
|move|p2a: Straight Flush|Freeze-Dry|p1a: Serperior
|-supereffective|p1a: Serperior
|-damage|p1a: Serperior|0 fnt
|faint|p1a: Serperior
|
|upkeep
|
|t:|1743860876
|switch|p1a: Landorus|Landorus-Therian, M, tera:Ice|76/100
|-ability|p1a: Landorus|Intimidate|boost
|-unboost|p2a: Straight Flush|atk|1
|turn|8
|
|t:|1743860882
|move|p1a: Landorus|Earthquake|p2a: Straight Flush
|-damage|p2a: Straight Flush|45/100 par
|cant|p2a: Straight Flush|par
|
|-heal|p2a: Straight Flush|51/100 par|[from] item: Leftovers
|-fieldend|move: Gravity
|upkeep
|turn|9
|
|t:|1743860887
|cant|p2a: Straight Flush|par
|move|p1a: Landorus|Earthquake|p2a: Straight Flush
|-damage|p2a: Straight Flush|0 fnt
|faint|p2a: Straight Flush
|
|upkeep
|
|t:|1743860893
|switch|p2a: Four Of A Kind|Great Tusk|100/100
|-activate|p2a: Four Of A Kind|move: Sticky Web
|-unboost|p2a: Four Of A Kind|spe|1
|turn|10
|
|t:|1743860909
|move|p1a: Landorus|U-turn|p2a: Four Of A Kind
|-resisted|p2a: Four Of A Kind
|-damage|p2a: Four Of A Kind|90/100
|
|t:|1743860912
|switch|p1a: Araquanid|Araquanid, F|100/100|[from] U-turn
|move|p2a: Four Of A Kind|Close Combat|p1a: Araquanid
|-resisted|p1a: Araquanid
|-damage|p1a: Araquanid|75/100
|-unboost|p2a: Four Of A Kind|def|1
|-unboost|p2a: Four Of A Kind|spd|1
|
|-heal|p2a: Four Of A Kind|96/100|[from] item: Leftovers
|upkeep
|turn|11
|
|t:|1743860919
|move|p2a: Four Of A Kind|Rapid Spin|p1a: Araquanid
|-damage|p1a: Araquanid|60/100
|-boost|p2a: Four Of A Kind|spe|1
|-sideend|p2: dumbassgaming|Sticky Web|[from] move: Rapid Spin|[of] p2a: Four Of A Kind
|move|p1a: Araquanid|Surf|p2a: Four Of A Kind
|-supereffective|p2a: Four Of A Kind
|-damage|p2a: Four Of A Kind|0 fnt
|faint|p2a: Four Of A Kind
|-end|p2a: Four Of A Kind|Protosynthesis|[silent]
|
|upkeep
|
|t:|1743860923
|switch|p2a: 2 Of A Kind|Arcanine-Hisui, M|100/100
|turn|12
|
|t:|1743860927
|move|p1a: Araquanid|Endure|p1a: Araquanid
|-singleturn|p1a: Araquanid|move: Endure
|move|p2a: 2 Of A Kind|Head Smash|p1a: Araquanid|[miss]
|-miss|p2a: 2 Of A Kind|p1a: Araquanid
|
|upkeep
|turn|13
|
|t:|1743860931
|move|p1a: Araquanid|Endure|p1a: Araquanid
|-singleturn|p1a: Araquanid|move: Endure
|move|p2a: 2 Of A Kind|Head Smash|p1a: Araquanid
|-supereffective|p1a: Araquanid
|-activate|p1a: Araquanid|move: Endure
|-damage|p1a: Araquanid|1/100
|
|upkeep
|turn|14
|-enditem|p1a: Araquanid|Custap Berry|[eat]
|-activate|p1a: Araquanid|item: Custap Berry|[consumed]
|
|t:|1743860934
|move|p1a: Araquanid|Sticky Web|p2a: 2 Of A Kind
|-sidestart|p2: dumbassgaming|move: Sticky Web
|move|p2a: 2 Of A Kind|Head Smash|p1a: Araquanid
|-supereffective|p1a: Araquanid
|-damage|p1a: Araquanid|0 fnt
|faint|p1a: Araquanid
|
|upkeep
|
|t:|1743860943
|switch|p1a: Kingambit|Kingambit, M|100/100
|turn|15
|
|t:|1743860949
|switch|p2a: High Card|Primarina, F, shiny|100/100
|-activate|p2a: High Card|move: Sticky Web
|-unboost|p2a: High Card|spe|1
|move|p1a: Kingambit|Kowtow Cleave|p2a: High Card
|-resisted|p2a: High Card
|-damage|p2a: High Card|68/100
|
|upkeep
|turn|16
|
|t:|1743860955
|switch|p1a: Landorus|Landorus-Therian, M, tera:Ice|76/100
|-ability|p1a: Landorus|Intimidate|boost
|-unboost|p2a: High Card|atk|1
|move|p2a: High Card|Alluring Voice|p1a: Landorus
|-damage|p1a: Landorus|15/100
|
|upkeep
|turn|17
|
|t:|1743860958
|move|p1a: Landorus|Earthquake|p2a: High Card
|-damage|p2a: High Card|0 fnt
|faint|p2a: High Card
|
|upkeep
|
|t:|1743860961
|switch|p2a: 2 Of A Kind|Arcanine-Hisui, M|100/100
|-activate|p2a: 2 Of A Kind|move: Sticky Web
|-unboost|p2a: 2 Of A Kind|spe|1
|turn|18
|
|t:|1743860964
|move|p2a: 2 Of A Kind|Extreme Speed|p1a: Landorus
|-damage|p1a: Landorus|0 fnt
|faint|p1a: Landorus
|
|upkeep
|
|t:|1743860967
|switch|p1a: Kingambit|Kingambit, M|100/100
|turn|19
|
|t:|1743860971
|switch|p2a: Royal Flush|Kingambit, M, shiny|100/100
|-activate|p2a: Royal Flush|move: Sticky Web
|-unboost|p2a: Royal Flush|spe|1
|-activate|p2a: Royal Flush|ability: Supreme Overlord
|-start|p2a: Royal Flush|fallen3|[silent]
|move|p1a: Kingambit|Swords Dance|p1a: Kingambit
|-boost|p1a: Kingambit|atk|2
|
|upkeep
|turn|20
|
|t:|1743860974
|move|p1a: Kingambit|Kowtow Cleave|p2a: Royal Flush
|-resisted|p2a: Royal Flush
|-damage|p2a: Royal Flush|56/100
|move|p2a: Royal Flush|Swords Dance|p2a: Royal Flush
|-boost|p2a: Royal Flush|atk|2
|
|-heal|p2a: Royal Flush|62/100|[from] item: Leftovers
|upkeep
|turn|21
|
|t:|1743860978
|move|p2a: Royal Flush|Sucker Punch|p1a: Kingambit
|-resisted|p1a: Kingambit
|-crit|p1a: Kingambit
|-damage|p1a: Kingambit|32/100
|move|p1a: Kingambit|Kowtow Cleave|p2a: Royal Flush
|-resisted|p2a: Royal Flush
|-damage|p2a: Royal Flush|21/100
|
|-heal|p2a: Royal Flush|27/100|[from] item: Leftovers
|upkeep
|turn|22
|
|t:|1743860982
|move|p1a: Kingambit|Sucker Punch|p2a: Royal Flush
|-resisted|p2a: Royal Flush
|-damage|p2a: Royal Flush|0 fnt
|faint|p2a: Royal Flush
|-end|p2a: Royal Flush|fallen3|[silent]
|
|upkeep
|
|t:|1743860985
|switch|p2a: 2 Of A Kind|Arcanine-Hisui, M|100/100
|-activate|p2a: 2 Of A Kind|move: Sticky Web
|-unboost|p2a: 2 Of A Kind|spe|1
|turn|23
|
|t:|1743860995
|move|p2a: 2 Of A Kind|Extreme Speed|p1a: Kingambit
|-resisted|p1a: Kingambit
|-damage|p1a: Kingambit|15/100
|move|p1a: Kingambit|Sucker Punch||[still]
|-fail|p1a: Kingambit
|
|upkeep
|turn|24
|
|t:|1743860998
|move|p2a: 2 Of A Kind|Extreme Speed|p1a: Kingambit
|-resisted|p1a: Kingambit
|-damage|p1a: Kingambit|0 fnt
|faint|p1a: Kingambit
|
|upkeep
|
|t:|1743861004
|switch|p1a: Darkrai|Darkrai|100/100
|turn|25
|
|t:|1743861007
|move|p2a: 2 Of A Kind|Extreme Speed|p1a: Darkrai
|-damage|p1a: Darkrai|51/100
|move|p1a: Darkrai|Focus Blast|p2a: 2 Of A Kind
|-supereffective|p2a: 2 Of A Kind
|-damage|p2a: 2 Of A Kind|0 fnt
|faint|p2a: 2 Of A Kind
|
|upkeep
|
|t:|1743861009
|switch|p2a: Full House|Gardevoir, F, shiny|100/100
|-activate|p2a: Full House|move: Sticky Web
|-unboost|p2a: Full House|spe|1
|-ability|p2a: Full House|Bad Dreams|[from] ability: Trace|[of] p1a: Darkrai
|turn|26
|
|t:|1743861012
|-terastallize|p2a: Full House|Fairy
|move|p1a: Darkrai|Sludge Bomb|p2a: Full House
|-supereffective|p2a: Full House
|-damage|p2a: Full House|24/100
|move|p2a: Full House|Moonblast|p1a: Darkrai
|-supereffective|p1a: Darkrai
|-damage|p1a: Darkrai|0 fnt
|faint|p1a: Darkrai
|
|win|dumbassgaming
|raw|rrbrru's rating: 1414 &rarr; <strong>1393</strong><br />(-21 for losing)
|raw|dumbassgaming's rating: 1401 &rarr; <strong>1422</strong><br />(+21 for winning)
|l|☆rrbrru
|player|p1|
|l|☆dumbassgaming
|player|p2|
