|j|☆mgmasm
|j|☆flubzor
|t:|1743918453
|gametype|singles
|player|p1|mgmasm|1|1071
|player|p2|flubzor|skierf|1137
|teamsize|p1|6
|teamsize|p2|6
|gen|9
|tier|[Gen 9] OU
|rated|
|rule|HP Percentage Mod: HP is shown in percentages
|rule|Endless Battle Clause: Forcing endless battles is banned
|rule|Species Clause: Limit one of each Pokémon
|rule|OHKO Clause: OHKO moves are banned
|rule|Evasion Items Clause: Evasion items are banned
|rule|Evasion Moves Clause: Evasion moves are banned
|rule|Sleep Moves Clause: Sleep-inducing moves are banned
|clearpoke
|poke|p1|Registeel|
|poke|p1|Regirock|
|poke|p1|Regice|
|poke|p1|Zoroark-Hisui, F|
|poke|p1|Dragapult, M|
|poke|p1|Great Tusk|
|poke|p2|Scream Tail|
|poke|p2|Latias, F|
|poke|p2|Scizor, F|
|poke|p2|Blaziken, M|
|poke|p2|Gholdengo|
|poke|p2|Weavile, F|
|teampreview
|
|t:|1743918478
|start
|switch|p1a: Dragapult|Dragapult, M|100/100
|switch|p2a: Scream Tail|Scream Tail|100/100
|turn|1
|
|t:|1743918489
|move|p1a: Dragapult|U-turn|p2a: Scream Tail
|-damage|p2a: Scream Tail|88/100
|
|t:|1743918493
|switch|p1a: Regirock|Regirock|100/100|[from] U-turn
|move|p2a: Scream Tail|Light Screen|p2a: Scream Tail
|-sidestart|p2: flubzor|move: Light Screen
|
|upkeep
|turn|2
|
|t:|1743918509
|move|p2a: Scream Tail|Stealth Rock|p1a: Regirock
|-sidestart|p1: mgmasm|move: Stealth Rock
|move|p1a: Regirock|Stealth Rock|p2a: Scream Tail
|-sidestart|p2: flubzor|move: Stealth Rock
|
|upkeep
|turn|3
|
|t:|1743918514
|move|p2a: Scream Tail|Reflect|p2a: Scream Tail
|-sidestart|p2: flubzor|Reflect
|move|p1a: Regirock|Body Press|p2a: Scream Tail
|-resisted|p2a: Scream Tail
|-damage|p2a: Scream Tail|83/100
|
|upkeep
|turn|4
|
|t:|1743918523
|switch|p1a: Great Tusk|Great Tusk|100/100
|-damage|p1a: Great Tusk|98/100|[from] Stealth Rock
|-enditem|p1a: Great Tusk|Booster Energy
|-activate|p1a: Great Tusk|ability: Protosynthesis|[fromitem]
|-start|p1a: Great Tusk|protosynthesisdef
|move|p2a: Scream Tail|Misty Explosion|p1a: Great Tusk
|-supereffective|p1a: Great Tusk
|-damage|p1a: Great Tusk|32/100
|faint|p2a: Scream Tail
|-end|p2a: Scream Tail|Protosynthesis|[silent]
|
|upkeep
|
|t:|1743918542
|switch|p2a: Latias|Latias, F|100/100
|-damage|p2a: Latias|88/100|[from] Stealth Rock
|turn|5
|inactive|Battle timer is ON: inactive players will automatically lose when time's up. (requested by flubzor)
|
|t:|1743918553
|-end|p1a: Great Tusk|Protosynthesis|[silent]
|switch|p1a: Regirock|Regirock|100/100
|-damage|p1a: Regirock|88/100|[from] Stealth Rock
|move|p2a: Latias|Agility|p2a: Latias
|-boost|p2a: Latias|spe|2
|
|upkeep
|turn|6
|
|t:|1743918562
|move|p2a: Latias|Calm Mind|p2a: Latias
|-boost|p2a: Latias|spa|1
|-boost|p2a: Latias|spd|1
|move|p1a: Regirock|Thunder Wave|p2a: Latias
|-status|p2a: Latias|par
|
|upkeep
|turn|7
|
|t:|1743918570
|switch|p1a: Regice|Regice|100/100
|-damage|p1a: Regice|75/100|[from] Stealth Rock
|move|p2a: Latias|Agility|p2a: Latias
|-boost|p2a: Latias|spe|2
|
|upkeep
|turn|8
|
|t:|1743918582
|move|p2a: Latias|Agility|p2a: Latias
|-boost|p2a: Latias|spe|2
|move|p1a: Regice|Ice Beam|p2a: Latias
|-supereffective|p2a: Latias
|-damage|p2a: Latias|67/100 par
|-enditem|p2a: Latias|Weakness Policy
|-boost|p2a: Latias|atk|2|[from] item: Weakness Policy
|-boost|p2a: Latias|spa|2|[from] item: Weakness Policy
|
|-sideend|p2: flubzor|move: Light Screen
|upkeep
|turn|9
|
|t:|1743918592
|move|p2a: Latias|Stored Power|p1a: Regice
|-crit|p1a: Regice
|-damage|p1a: Regice|0 fnt
|faint|p1a: Regice
|
|upkeep
|
|t:|1743918599
|switch|p1a: Dragapult|Dragapult, M|100/100
|-damage|p1a: Dragapult|88/100|[from] Stealth Rock
|turn|10
|
|t:|1743918605
|cant|p2a: Latias|par
|move|p1a: Dragapult|Draco Meteor|p2a: Latias
|-supereffective|p2a: Latias
|-damage|p2a: Latias|0 fnt
|-unboost|p1a: Dragapult|spa|2
|faint|p2a: Latias
|
|-sideend|p2: flubzor|Reflect
|upkeep
|
|t:|1743918624
|switch|p2a: Gholdengo|Gholdengo|100/100
|-damage|p2a: Gholdengo|94/100|[from] Stealth Rock
|turn|11
|
|t:|1743918631
|switch|p1a: Great Tusk|Great Tusk|32/100
|-damage|p1a: Great Tusk|29/100|[from] Stealth Rock
|move|p2a: Gholdengo|Shadow Ball|p1a: Great Tusk
|-damage|p1a: Great Tusk|0 fnt
|faint|p1a: Great Tusk
|-end|p1a: Great Tusk|Protosynthesis|[silent]
|
|upkeep
|
|t:|1743918639
|switch|p1a: Registeel|Registeel|100/100
|-damage|p1a: Registeel|88/100|[from] Stealth Rock
|turn|12
|
|t:|1743918651
|move|p1a: Registeel|Shadow Ball|p2a: Gholdengo
|-supereffective|p2a: Gholdengo
|-damage|p2a: Gholdengo|0 fnt
|faint|p2a: Gholdengo
|
|upkeep
|
|t:|1743918657
|switch|p2a: Blaziken|Blaziken, M|100/100
|-damage|p2a: Blaziken|88/100|[from] Stealth Rock
|turn|13
|
|t:|1743918666
|switch|p1a: Dragapult|Dragapult, M|88/100
|-damage|p1a: Dragapult|76/100|[from] Stealth Rock
|move|p2a: Blaziken|Swords Dance|p2a: Blaziken
|-boost|p2a: Blaziken|atk|2
|
|-ability|p2a: Blaziken|Speed Boost|boost
|-boost|p2a: Blaziken|spe|1
|upkeep
|turn|14
|
|t:|1743918677
|move|p1a: Dragapult|Draco Meteor|p2a: Blaziken
|-damage|p2a: Blaziken|0 fnt
|-unboost|p1a: Dragapult|spa|2
|faint|p2a: Blaziken
|
|upkeep
|
|t:|1743918681
|switch|p2a: Weavile|Weavile, F|100/100
|-damage|p2a: Weavile|76/100|[from] Stealth Rock
|-ability|p2a: Weavile|Pressure
|turn|15
|
|t:|1743918689
|switch|p1a: Registeel|Registeel|100/100
|-damage|p1a: Registeel|94/100|[from] Stealth Rock
|move|p2a: Weavile|Knock Off|p1a: Registeel
|-damage|p1a: Registeel|46/100
|-enditem|p1a: Registeel|Leftovers|[from] move: Knock Off|[of] p2a: Weavile
|
|upkeep
|turn|16
|
|t:|1743918699
|move|p2a: Weavile|Knock Off|p1a: Registeel
|-damage|p1a: Registeel|15/100
|move|p1a: Registeel|Thunder Wave|p2a: Weavile
|-status|p2a: Weavile|par
|
|upkeep
|turn|17
|
|t:|1743918709
|move|p2a: Weavile|Knock Off|p1a: Registeel
|-damage|p1a: Registeel|0 fnt
|faint|p1a: Registeel
|
|upkeep
|
|t:|1743918713
|switch|p1a: Dragapult|Dragapult, M|88/100
|-damage|p1a: Dragapult|76/100|[from] Stealth Rock
|turn|18
|
|t:|1743918719
|move|p1a: Dragapult|Shadow Ball|p2a: Weavile
|-resisted|p2a: Weavile
|-damage|p2a: Weavile|49/100 par
|move|p2a: Weavile|Knock Off|p1a: Dragapult
|-supereffective|p1a: Dragapult
|-damage|p1a: Dragapult|0 fnt
|replace|p1a: Zoroark|Zoroark-Hisui, F
|-end|p1a: Zoroark|Illusion
|-enditem|p1a: Zoroark|Choice Scarf|[from] move: Knock Off|[of] p2a: Weavile
|faint|p1a: Zoroark
|
|upkeep
|
|t:|1743918730
|switch|p1a: Regirock|Regirock|88/100
|-damage|p1a: Regirock|76/100|[from] Stealth Rock
|turn|19
|
|t:|1743918735
|move|p2a: Weavile|Knock Off|p1a: Regirock
|-damage|p1a: Regirock|49/100
|-damage|p2a: Weavile|32/100 par|[from] item: Rocky Helmet|[of] p1a: Regirock
|-enditem|p1a: Regirock|Rocky Helmet|[from] move: Knock Off|[of] p2a: Weavile
|move|p1a: Regirock|Body Press|p2a: Weavile
|-supereffective|p2a: Weavile
|-damage|p2a: Weavile|0 fnt
|faint|p2a: Weavile
|
|upkeep
|inactive|flubzor has 120 seconds left.
|
|t:|1743918766
|switch|p2a: Scizor|Scizor, F|100/100
|-damage|p2a: Scizor|88/100|[from] Stealth Rock
|turn|20
|
|t:|1743918776
|-terastallize|p2a: Scizor|Steel
|-terastallize|p1a: Regirock|Water
|move|p2a: Scizor|Bullet Punch|p1a: Regirock
|-resisted|p1a: Regirock
|-damage|p1a: Regirock|35/100
|move|p1a: Regirock|Body Press|p2a: Scizor
|-supereffective|p2a: Scizor
|-damage|p2a: Scizor|0 fnt
|faint|p2a: Scizor
|
|win|mgmasm
|raw|mgmasm's rating: 1071 &rarr; <strong>1106</strong><br />(+35 for winning)
|raw|flubzor's rating: 1137 &rarr; <strong>1107</strong><br />(-30 for losing)
|l|☆mgmasm
|player|p1|
|l|☆flubzor
|player|p2|
