|j|☆Brandy Sour
|j|☆BearB1
|t:|1743784589
|gametype|singles
|player|p1|Brandy Sour|rocketgruntf|1174
|player|p2|BearB1|hiker-gen4|1165
|teamsize|p1|6
|teamsize|p2|6
|gen|9
|tier|[Gen 9] OU
|rated|
|rule|HP Percentage Mod: HP is shown in percentages
|rule|Endless Battle Clause: Forcing endless battles is banned
|rule|Species Clause: Limit one of each Pokémon
|rule|OHKO Clause: OHKO moves are banned
|rule|Evasion Items Clause: Evasion items are banned
|rule|Evasion Moves Clause: Evasion moves are banned
|rule|Sleep Moves Clause: Sleep-inducing moves are banned
|clearpoke
|poke|p1|Ceruledge, F|
|poke|p1|Gholdengo|
|poke|p1|Dragapult, M|
|poke|p1|Palossand, M|
|poke|p1|Gengar, F|
|poke|p1|Sinistcha|
|poke|p2|Glimmora, M|
|poke|p2|Zamazenta-*|
|poke|p2|Latias, F|
|poke|p2|Gholdengo|
|poke|p2|Dragonite, F|
|poke|p2|Weavile, F|
|teampreview
|
|t:|1743784597
|start
|switch|p1a: Dark Tower|Palossand, M, shiny|100/100
|switch|p2a: Glimmora|Glimmora, M|100/100
|turn|1
|
|t:|1743784612
|move|p2a: Glimmora|Spikes|p1a: Dark Tower
|-sidestart|p1: Brandy Sour|Spikes
|move|p1a: Dark Tower|Earth Power|p2a: Glimmora
|-supereffective|p2a: Glimmora
|-damage|p2a: Glimmora|0 fnt
|faint|p2a: Glimmora
|
|upkeep
|
|t:|1743784630
|switch|p2a: Gholdengo|Gholdengo|100/100
|turn|2
|
|t:|1743784637
|move|p2a: Gholdengo|Shadow Ball|p1a: Dark Tower
|-supereffective|p1a: Dark Tower
|-damage|p1a: Dark Tower|4/100
|move|p1a: Dark Tower|Stealth Rock|p2a: Gholdengo
|-sidestart|p2: BearB1|move: Stealth Rock
|
|upkeep
|turn|3
|
|t:|1743784645
|move|p2a: Gholdengo|Shadow Ball|p1a: Dark Tower
|-supereffective|p1a: Dark Tower
|-damage|p1a: Dark Tower|0 fnt
|faint|p1a: Dark Tower
|
|upkeep
|
|t:|1743784651
|switch|p1a: Hell Knight|Ceruledge, F, shiny|100/100
|turn|4
|
|t:|1743784663
|-terastallize|p1a: Hell Knight|Bug
|move|p2a: Gholdengo|Shadow Ball|p1a: Hell Knight
|-damage|p1a: Hell Knight|71/100
|move|p1a: Hell Knight|Bulk Up|p1a: Hell Knight
|-boost|p1a: Hell Knight|atk|1
|-boost|p1a: Hell Knight|def|1
|
|upkeep
|turn|5
|
|t:|1743784695
|move|p2a: Gholdengo|Thunderbolt|p1a: Hell Knight
|-damage|p1a: Hell Knight|49/100
|move|p1a: Hell Knight|Bitter Blade|p2a: Gholdengo
|-supereffective|p2a: Gholdengo
|-damage|p2a: Gholdengo|0 fnt
|-heal|p1a: Hell Knight|100/100|[from] drain|[of] p2a: Gholdengo
|faint|p2a: Gholdengo
|
|upkeep
|
|t:|1743784704
|switch|p2a: Dragonite|Dragonite, F|100/100
|turn|6
|
|t:|1743784711
|switch|p2a: Latias|Latias, F|100/100
|-damage|p2a: Latias|88/100|[from] Stealth Rock
|move|p1a: Hell Knight|Bulk Up|p1a: Hell Knight
|-boost|p1a: Hell Knight|atk|1
|-boost|p1a: Hell Knight|def|1
|
|-heal|p2a: Latias|94/100|[from] item: Leftovers
|upkeep
|turn|7
|
|t:|1743784722
|switch|p2a: Weavile|Weavile, F|100/100
|-damage|p2a: Weavile|76/100|[from] Stealth Rock
|move|p1a: Hell Knight|Bitter Blade|p2a: Weavile
|-supereffective|p2a: Weavile
|-damage|p2a: Weavile|0 fnt
|faint|p2a: Weavile
|
|upkeep
|-message|BearB1 forfeited.
|
|win|Brandy Sour
|raw|Brandy Sour's rating: 1174 &rarr; <strong>1198</strong><br />(+24 for winning)
|raw|BearB1's rating: 1165 &rarr; <strong>1141</strong><br />(-24 for losing)
|l|☆BearB1
|player|p2|
|l|☆Brandy Sour
|player|p1|
