|j|☆fabu1234
|j|☆the flats
|t:|1743928532
|gametype|singles
|player|p1|fabu1234|170|1354
|player|p2|the flats|musician|1329
|teamsize|p1|6
|teamsize|p2|6
|gen|9
|tier|[Gen 9] OU
|rated|
|rule|HP Percentage Mod: HP is shown in percentages
|rule|Endless Battle Clause: Forcing endless battles is banned
|rule|Species Clause: Limit one of each Pokémon
|rule|OHKO Clause: OHKO moves are banned
|rule|Evasion Items Clause: Evasion items are banned
|rule|Evasion Moves Clause: Evasion moves are banned
|rule|Sleep Moves Clause: Sleep-inducing moves are banned
|clearpoke
|poke|p1|Lokix, M|
|poke|p1|Slowking-Galar, F|
|poke|p1|Corviknight, F|
|poke|p1|Enamorus, F|
|poke|p1|Raging Bolt|
|poke|p1|Great Tusk|
|poke|p2|Lokix, F|
|poke|p2|Iron Crown|
|poke|p2|Alomomola, F|
|poke|p2|Corviknight, F|
|poke|p2|Ursaluna, F|
|poke|p2|Dragapult, F|
|teampreview
|c|☆the flats|hellokix
|
|t:|1743928559
|start
|switch|p1a: Enamorus|Enamorus, F|100/100
|switch|p2a: Iron Crown|Iron Crown|100/100
|turn|1
|inactive|Battle timer is ON: inactive players will automatically lose when time's up. (requested by fabu1234)
|
|t:|1743928567
|move|p1a: Enamorus|Mystical Fire|p2a: Iron Crown
|-supereffective|p2a: Iron Crown
|-damage|p2a: Iron Crown|59/100
|-unboost|p2a: Iron Crown|spa|1
|move|p2a: Iron Crown|Volt Switch|p1a: Enamorus
|-supereffective|p1a: Enamorus
|-damage|p1a: Enamorus|54/100
|
|t:|1743928584
|-end|p2a: Iron Crown|Quark Drive|[silent]
|switch|p2a: Ursaluna|Ursaluna, F|100/100|[from] Volt Switch
|
|-status|p2a: Ursaluna|brn|[from] item: Flame Orb
|upkeep
|turn|2
|
|t:|1743928592
|switch|p1a: Corviknight|Corviknight, F|100/100
|-ability|p1a: Corviknight|Pressure
|move|p2a: Ursaluna|Facade|p1a: Corviknight
|-resisted|p1a: Corviknight
|-damage|p1a: Corviknight|61/100
|-damage|p2a: Ursaluna|84/100 brn|[from] item: Rocky Helmet|[of] p1a: Corviknight
|
|-damage|p2a: Ursaluna|78/100 brn|[from] brn
|upkeep
|turn|3
|
|t:|1743928601
|move|p2a: Ursaluna|Fire Punch|p1a: Corviknight
|-supereffective|p1a: Corviknight
|-damage|p1a: Corviknight|8/100
|-damage|p2a: Ursaluna|61/100 brn|[from] item: Rocky Helmet|[of] p1a: Corviknight
|move|p1a: Corviknight|Roost|p1a: Corviknight
|-heal|p1a: Corviknight|58/100
|-singleturn|p1a: Corviknight|move: Roost
|
|-damage|p2a: Ursaluna|55/100 brn|[from] brn
|upkeep
|turn|4
|
|t:|1743928609
|move|p2a: Ursaluna|Fire Punch|p1a: Corviknight
|-supereffective|p1a: Corviknight
|-damage|p1a: Corviknight|7/100
|-damage|p2a: Ursaluna|39/100 brn|[from] item: Rocky Helmet|[of] p1a: Corviknight
|move|p1a: Corviknight|Roost|p1a: Corviknight
|-heal|p1a: Corviknight|57/100
|-singleturn|p1a: Corviknight|move: Roost
|
|-damage|p2a: Ursaluna|32/100 brn|[from] brn
|upkeep
|turn|5
|
|t:|1743928620
|move|p2a: Ursaluna|Fire Punch|p1a: Corviknight
|-supereffective|p1a: Corviknight
|-damage|p1a: Corviknight|5/100
|-status|p1a: Corviknight|brn
|-damage|p2a: Ursaluna|16/100 brn|[from] item: Rocky Helmet|[of] p1a: Corviknight
|move|p1a: Corviknight|Roost|p1a: Corviknight
|-heal|p1a: Corviknight|55/100 brn
|-singleturn|p1a: Corviknight|move: Roost
|
|-damage|p2a: Ursaluna|10/100 brn|[from] brn
|-damage|p1a: Corviknight|49/100 brn|[from] brn
|upkeep
|turn|6
|
|t:|1743928633
|move|p2a: Ursaluna|Facade|p1a: Corviknight
|-resisted|p1a: Corviknight
|-damage|p1a: Corviknight|10/100 brn
|-damage|p2a: Ursaluna|0 fnt|[from] item: Rocky Helmet|[of] p1a: Corviknight
|faint|p2a: Ursaluna
|move|p1a: Corviknight|Roost|p1a: Corviknight
|-heal|p1a: Corviknight|60/100 brn
|-singleturn|p1a: Corviknight|move: Roost
|
|-damage|p1a: Corviknight|54/100 brn|[from] brn
|upkeep
|
|t:|1743928637
|switch|p2a: Iron Crown|Iron Crown|59/100
|turn|7
|
|t:|1743928643
|switch|p1a: Great Tusk|Great Tusk|100/100
|move|p2a: Iron Crown|Volt Switch|p1a: Great Tusk
|-immune|p1a: Great Tusk
|
|upkeep
|turn|8
|
|t:|1743928661
|-end|p2a: Iron Crown|Quark Drive|[silent]
|switch|p2a: Corviknight|Corviknight, F|100/100
|-ability|p2a: Corviknight|Pressure
|move|p1a: Great Tusk|Temper Flare|p2a: Corviknight
|-supereffective|p2a: Corviknight
|-damage|p2a: Corviknight|70/100
|-damage|p1a: Great Tusk|84/100|[from] item: Rocky Helmet|[of] p2a: Corviknight
|
|upkeep
|turn|9
|
|t:|1743928672
|-end|p1a: Great Tusk|Protosynthesis|[silent]
|switch|p1a: Raging Bolt|Raging Bolt|100/100
|-enditem|p1a: Raging Bolt|Booster Energy
|-activate|p1a: Raging Bolt|ability: Protosynthesis|[fromitem]
|-start|p1a: Raging Bolt|protosynthesisspa
|move|p2a: Corviknight|U-turn|p1a: Raging Bolt
|-damage|p1a: Raging Bolt|86/100
|
|t:|1743928686
|switch|p2a: Dragapult|Dragapult, F|100/100|[from] U-turn
|
|upkeep
|turn|10
|
|t:|1743928700
|-terastallize|p1a: Raging Bolt|Bug
|move|p2a: Dragapult|Dragon Darts|p1a: Raging Bolt
|-damage|p1a: Raging Bolt|65/100
|-anim|p2a: Dragapult|Dragon Darts|p1a: Raging Bolt
|-damage|p1a: Raging Bolt|46/100
|move|p1a: Raging Bolt|Dragon Pulse|p2a: Dragapult
|-supereffective|p2a: Dragapult
|-damage|p2a: Dragapult|0 fnt
|faint|p2a: Dragapult
|
|upkeep
|inactive|the flats has 120 seconds left.
|
|t:|1743928742
|switch|p2a: Iron Crown|Iron Crown|59/100
|turn|11
|
|t:|1743928769
|move|p1a: Raging Bolt|Thunderclap|p2a: Iron Crown
|-damage|p2a: Iron Crown|20/100
|move|p2a: Iron Crown|Tachyon Cutter|p1a: Raging Bolt
|-damage|p1a: Raging Bolt|23/100
|-damage|p1a: Raging Bolt|0 fnt
|faint|p1a: Raging Bolt
|-end|p1a: Raging Bolt|Protosynthesis|[silent]
|-hitcount|p1: Raging Bolt|2
|
|upkeep
|
|t:|1743928774
|switch|p1a: Lokix|Lokix, M|100/100
|turn|12
|inactive|the flats has 120 seconds left.
|
|t:|1743928784
|-end|p2a: Iron Crown|Quark Drive|[silent]
|switch|p2a: Corviknight|Corviknight, F|70/100
|-ability|p2a: Corviknight|Pressure
|move|p1a: Lokix|Knock Off|p2a: Corviknight
|-damage|p2a: Corviknight|31/100
|-damage|p1a: Lokix|84/100|[from] item: Rocky Helmet|[of] p2a: Corviknight
|-enditem|p2a: Corviknight|Rocky Helmet|[from] move: Knock Off|[of] p1a: Lokix
|-damage|p1a: Lokix|74/100|[from] item: Life Orb
|
|upkeep
|turn|13
|
|t:|1743928793
|move|p1a: Lokix|Axe Kick|p2a: Corviknight
|-damage|p2a: Corviknight|0 fnt
|faint|p2a: Corviknight
|-damage|p1a: Lokix|64/100|[from] item: Life Orb
|
|upkeep
|inactive|the flats has 120 seconds left.
|
|t:|1743928808
|switch|p2a: Lokix|Lokix, F|100/100
|turn|14
|
|t:|1743928823
|switch|p1a: Great Tusk|Great Tusk|84/100
|move|p2a: Lokix|First Impression|p1a: Great Tusk
|-resisted|p1a: Great Tusk
|-damage|p1a: Great Tusk|39/100
|-damage|p2a: Lokix|84/100|[from] item: Rocky Helmet|[of] p1a: Great Tusk
|
|upkeep
|turn|15
|
|t:|1743928827
|switch|p2a: Alomomola|Alomomola, F|100/100
|move|p1a: Great Tusk|Temper Flare|p2a: Alomomola
|-resisted|p2a: Alomomola
|-damage|p2a: Alomomola|94/100
|
|upkeep
|turn|16
|
|t:|1743928833
|-end|p1a: Great Tusk|Protosynthesis|[silent]
|switch|p1a: Slowking|Slowking-Galar, F|100/100
|move|p2a: Alomomola|Flip Turn|p1a: Slowking
|-damage|p1a: Slowking|83/100
|
|t:|1743928835
|switch|p2a: Lokix|Lokix, F|84/100|[from] Flip Turn
|
|upkeep
|turn|17
|
|t:|1743928853
|move|p2a: Lokix|Knock Off|p1a: Slowking
|-supereffective|p1a: Slowking
|-crit|p1a: Slowking
|-damage|p1a: Slowking|0 fnt
|-enditem|p1a: Slowking|Heavy-Duty Boots|[from] move: Knock Off|[of] p2a: Lokix
|faint|p1a: Slowking
|
|upkeep
|
|t:|1743928856
|switch|p1a: Enamorus|Enamorus, F|54/100
|turn|18
|
|t:|1743928862
|switch|p2a: Iron Crown|Iron Crown|20/100
|move|p1a: Enamorus|Moonblast|p2a: Iron Crown
|-resisted|p2a: Iron Crown
|-damage|p2a: Iron Crown|2/100
|
|upkeep
|turn|19
|
|t:|1743928868
|move|p1a: Enamorus|Moonblast|p2a: Iron Crown
|-resisted|p2a: Iron Crown
|-damage|p2a: Iron Crown|0 fnt
|faint|p2a: Iron Crown
|-end|p2a: Iron Crown|Quark Drive|[silent]
|
|upkeep
|
|t:|1743928872
|switch|p2a: Lokix|Lokix, F|84/100
|turn|20
|
|t:|1743928875
|switch|p1a: Corviknight|Corviknight, F|54/100 brn
|-ability|p1a: Corviknight|Pressure
|-terastallize|p2a: Lokix|Bug
|move|p2a: Lokix|First Impression|p1a: Corviknight
|-resisted|p1a: Corviknight
|-damage|p1a: Corviknight|32/100 brn
|-damage|p2a: Lokix|67/100|[from] item: Rocky Helmet|[of] p1a: Corviknight
|
|-damage|p1a: Corviknight|26/100 brn|[from] brn
|upkeep
|turn|21
|
|t:|1743928878
|switch|p2a: Alomomola|Alomomola, F|100/100
|move|p1a: Corviknight|Roost|p1a: Corviknight
|-heal|p1a: Corviknight|76/100 brn
|-singleturn|p1a: Corviknight|move: Roost
|
|-damage|p1a: Corviknight|70/100 brn|[from] brn
|upkeep
|turn|22
|
|t:|1743928886
|move|p1a: Corviknight|U-turn|p2a: Alomomola
|-damage|p2a: Alomomola|96/100
|
|t:|1743928890
|switch|p1a: Enamorus|Enamorus, F|54/100|[from] U-turn
|move|p2a: Alomomola|Wish|p2a: Alomomola
|
|upkeep
|turn|23
|
|t:|1743928893
|move|p1a: Enamorus|Moonblast|p2a: Alomomola
|-crit|p2a: Alomomola
|-damage|p2a: Alomomola|1/100
|move|p2a: Alomomola|Flip Turn|p1a: Enamorus
|-damage|p1a: Enamorus|26/100
|
|t:|1743928897
|switch|p2a: Lokix|Lokix, F, tera:Bug|67/100|[from] Flip Turn
|
|-heal|p2a: Lokix|100/100|[from] move: Wish|[wisher] Alomomola
|upkeep
|turn|24
|
|t:|1743928905
|switch|p1a: Corviknight|Corviknight, F|70/100 brn
|-ability|p1a: Corviknight|Pressure
|move|p2a: Lokix|First Impression|p1a: Corviknight
|-resisted|p1a: Corviknight
|-damage|p1a: Corviknight|45/100 brn
|-damage|p2a: Lokix|84/100|[from] item: Rocky Helmet|[of] p1a: Corviknight
|
|-damage|p1a: Corviknight|39/100 brn|[from] brn
|upkeep
|turn|25
|
|t:|1743928916
|switch|p2a: Alomomola|Alomomola, F|34/100
|move|p1a: Corviknight|U-turn|p2a: Alomomola
|-damage|p2a: Alomomola|30/100
|
|t:|1743928921
|switch|p1a: Lokix|Lokix, M|64/100|[from] U-turn
|
|upkeep
|turn|26
|
|t:|1743928926
|move|p2a: Alomomola|Protect|p2a: Alomomola
|-singleturn|p2a: Alomomola|Protect
|move|p1a: Lokix|First Impression|p2a: Alomomola
|-activate|p2a: Alomomola|move: Protect
|
|upkeep
|turn|27
|
|t:|1743928930
|move|p1a: Lokix|U-turn|p2a: Alomomola
|-damage|p2a: Alomomola|6/100
|-damage|p1a: Lokix|54/100|[from] item: Life Orb
|
|t:|1743928933
|switch|p1a: Corviknight|Corviknight, F|39/100 brn|[from] U-turn
|-ability|p1a: Corviknight|Pressure
|move|p2a: Alomomola|Wish|p2a: Alomomola
|
|-damage|p1a: Corviknight|33/100 brn|[from] brn
|upkeep
|turn|28
|
|t:|1743928940
|move|p2a: Alomomola|Protect|p2a: Alomomola
|-singleturn|p2a: Alomomola|Protect
|move|p1a: Corviknight|Roost|p1a: Corviknight
|-heal|p1a: Corviknight|83/100 brn
|-singleturn|p1a: Corviknight|move: Roost
|
|-heal|p2a: Alomomola|56/100|[from] move: Wish|[wisher] Alomomola
|-damage|p1a: Corviknight|77/100 brn|[from] brn
|upkeep
|turn|29
|
|t:|1743928949
|move|p1a: Corviknight|U-turn|p2a: Alomomola
|-crit|p2a: Alomomola
|-damage|p2a: Alomomola|51/100
|
|t:|1743928952
|switch|p1a: Enamorus|Enamorus, F|26/100|[from] U-turn
|move|p2a: Alomomola|Scald|p1a: Enamorus
|-crit|p1a: Enamorus
|-damage|p1a: Enamorus|0 fnt
|faint|p1a: Enamorus
|
|upkeep
|
|t:|1743928954
|switch|p1a: Lokix|Lokix, M|54/100
|turn|30
|
|t:|1743928957
|move|p2a: Alomomola|Protect|p2a: Alomomola
|-singleturn|p2a: Alomomola|Protect
|move|p1a: Lokix|U-turn|p2a: Alomomola
|-activate|p2a: Alomomola|move: Protect
|
|upkeep
|turn|31
|
|t:|1743928963
|move|p1a: Lokix|U-turn|p2a: Alomomola
|-damage|p2a: Alomomola|25/100
|-damage|p1a: Lokix|44/100|[from] item: Life Orb
|
|t:|1743928967
|switch|p1a: Corviknight|Corviknight, F|77/100 brn|[from] U-turn
|-ability|p1a: Corviknight|Pressure
|move|p2a: Alomomola|Wish|p2a: Alomomola
|
|-damage|p1a: Corviknight|71/100 brn|[from] brn
|upkeep
|turn|32
|
|t:|1743928972
|move|p2a: Alomomola|Protect|p2a: Alomomola
|-singleturn|p2a: Alomomola|Protect
|move|p1a: Corviknight|Brave Bird|p2a: Alomomola
|-activate|p2a: Alomomola|move: Protect
|
|-heal|p2a: Alomomola|75/100|[from] move: Wish|[wisher] Alomomola
|-damage|p1a: Corviknight|65/100 brn|[from] brn
|upkeep
|turn|33
|
|t:|1743928979
|move|p1a: Corviknight|Roost|p1a: Corviknight
|-heal|p1a: Corviknight|100/100 brn
|-singleturn|p1a: Corviknight|move: Roost
|move|p2a: Alomomola|Wish|p2a: Alomomola
|
|-damage|p1a: Corviknight|94/100 brn|[from] brn
|upkeep
|turn|34
|
|t:|1743928982
|move|p1a: Corviknight|Brave Bird|p2a: Alomomola
|-damage|p2a: Alomomola|65/100
|-damage|p1a: Corviknight|90/100 brn|[from] Recoil
|move|p2a: Alomomola|Scald|p1a: Corviknight
|-damage|p1a: Corviknight|77/100 brn
|
|-heal|p2a: Alomomola|100/100|[from] move: Wish|[wisher] Alomomola
|-damage|p1a: Corviknight|71/100 brn|[from] brn
|upkeep
|turn|35
|
|t:|1743928987
|move|p1a: Corviknight|U-turn|p2a: Alomomola
|-damage|p2a: Alomomola|97/100
|
|t:|1743928990
|switch|p1a: Great Tusk|Great Tusk|39/100|[from] U-turn
|move|p2a: Alomomola|Scald|p1a: Great Tusk
|-supereffective|p1a: Great Tusk
|-damage|p1a: Great Tusk|0 fnt
|faint|p1a: Great Tusk
|-end|p1a: Great Tusk|Protosynthesis|[silent]
|
|upkeep
|
|t:|1743928993
|switch|p1a: Corviknight|Corviknight, F|71/100 brn
|-ability|p1a: Corviknight|Pressure
|turn|36
|
|t:|1743929003
|move|p1a: Corviknight|U-turn|p2a: Alomomola
|-damage|p2a: Alomomola|93/100
|
|t:|1743929006
|switch|p1a: Lokix|Lokix, M|44/100|[from] U-turn
|move|p2a: Alomomola|Scald|p1a: Lokix
|-damage|p1a: Lokix|15/100
|-status|p1a: Lokix|brn
|
|-damage|p1a: Lokix|9/100 brn|[from] brn
|upkeep
|turn|37
|
|t:|1743929010
|move|p2a: Alomomola|Protect|p2a: Alomomola
|-singleturn|p2a: Alomomola|Protect
|move|p1a: Lokix|U-turn|p2a: Alomomola
|-activate|p2a: Alomomola|move: Protect
|
|-damage|p1a: Lokix|3/100 brn|[from] brn
|upkeep
|turn|38
|-message|fabu1234 forfeited.
|
|win|the flats
|raw|fabu1234's rating: 1354 &rarr; <strong>1333</strong><br />(-21 for losing)
|raw|the flats's rating: 1329 &rarr; <strong>1350</strong><br />(+21 for winning)
|l|☆fabu1234
|player|p1|
