|j|☆Mage212
|j|☆LucarioDr
|t:|1743886414
|gametype|singles
|player|p1|Mage212|102|1069
|player|p2|LucarioDr|lucas|1051
|teamsize|p1|6
|teamsize|p2|6
|gen|9
|tier|[Gen 9] OU
|rated|
|rule|HP Percentage Mod: HP is shown in percentages
|rule|Endless Battle Clause: Forcing endless battles is banned
|rule|Species Clause: Limit one of each Pokémon
|rule|OHKO Clause: OHKO moves are banned
|rule|Evasion Items Clause: Evasion items are banned
|rule|Evasion Moves Clause: Evasion moves are banned
|rule|Sleep Moves Clause: Sleep-inducing moves are banned
|clearpoke
|poke|p1|Tornadus-Therian, M|
|poke|p1|Gliscor, F|
|poke|p1|Registeel|
|poke|p1|Suicune|
|poke|p1|Hydrapple, F|
|poke|p1|Milotic, M|
|poke|p2|Gengar, M|
|poke|p2|Mismagius, F|
|poke|p2|Banette, M|
|poke|p2|Froslass, F|
|poke|p2|Mimikyu, M|
|poke|p2|Chandelure, M|
|teampreview
|inactive|Battle timer is ON: inactive players will automatically lose when time's up. (requested by Mage212)
|
|t:|1743886424
|start
|switch|p1a: Gliscor|Gliscor, F|100/100
|switch|p2a: Mimikyu|Mimikyu, M|100/100
|turn|1
|inactive|Mage212 has 120 seconds left.
|c|☆LucarioDr|Bora cara
|
|t:|1743886471
|move|p2a: Mimikyu|Psychic|p1a: Gliscor
|-damage|p1a: Gliscor|75/100
|move|p1a: Gliscor|U-turn|p2a: Mimikyu
|-activate|p2a: Mimikyu|ability: Disguise
|-damage|p2a: Mimikyu|100/100
|detailschange|p2a: Mimikyu|Mimikyu-Busted, M
|-damage|p2a: Mimikyu|88/100|[from] pokemon: Mimikyu-Busted
|
|t:|1743886483
|switch|p1a: Suicune|Suicune, shiny|100/100|[from] U-turn
|-ability|p1a: Suicune|Pressure
|
|upkeep
|turn|2
|
|t:|1743886494
|move|p2a: Mimikyu|Shadow Ball|p1a: Suicune
|-damage|p1a: Suicune|81/100
|move|p1a: Suicune|Whirlpool|p2a: Mimikyu
|-damage|p2a: Mimikyu|66/100
|-activate|p2a: Mimikyu|move: Whirlpool|[of] p1a: Suicune
|
|-damage|p2a: Mimikyu|54/100|[from] move: Whirlpool|[partiallytrapped]
|upkeep
|turn|3
|inactive|Mage212 has 90 seconds left.
|c|☆LucarioDr|Q demora
|inactive|Mage212 has 60 seconds left.
|
|t:|1743886565
|move|p2a: Mimikyu|Psychic|p1a: Suicune
|-damage|p1a: Suicune|69/100
|move|p1a: Suicune|Calm Mind|p1a: Suicune
|-boost|p1a: Suicune|spa|1
|-boost|p1a: Suicune|spd|1
|
|-damage|p2a: Mimikyu|42/100|[from] move: Whirlpool|[partiallytrapped]
|upkeep
|turn|4
|
|t:|1743886575
|move|p2a: Mimikyu|Play Rough|p1a: Suicune
|-damage|p1a: Suicune|47/100
|move|p1a: Suicune|Calm Mind|p1a: Suicune
|-boost|p1a: Suicune|spa|1
|-boost|p1a: Suicune|spd|1
|
|-damage|p2a: Mimikyu|29/100|[from] move: Whirlpool|[partiallytrapped]
|upkeep
|turn|5
|
|t:|1743886587
|move|p2a: Mimikyu|Play Rough|p1a: Suicune
|-damage|p1a: Suicune|25/100
|-unboost|p1a: Suicune|atk|1
|move|p1a: Suicune|Calm Mind|p1a: Suicune
|-boost|p1a: Suicune|spa|1
|-boost|p1a: Suicune|spd|1
|
|-damage|p2a: Mimikyu|17/100|[from] move: Whirlpool|[partiallytrapped]
|upkeep
|turn|6
|
|t:|1743886596
|move|p2a: Mimikyu|Play Rough|p1a: Suicune
|-damage|p1a: Suicune|3/100
|move|p1a: Suicune|Rest|p1a: Suicune
|-status|p1a: Suicune|slp|[from] move: Rest
|-heal|p1a: Suicune|100/100 slp|[silent]
|-enditem|p1a: Suicune|Chesto Berry|[eat]
|-curestatus|p1a: Suicune|slp|[msg]
|
|-end|p2a: Mimikyu|Whirlpool|[partiallytrapped]
|upkeep
|turn|7
|inactive|Mage212 has 60 seconds left.
|
|t:|1743886605
|move|p2a: Mimikyu|Play Rough|p1a: Suicune
|-damage|p1a: Suicune|79/100
|move|p1a: Suicune|Whirlpool|p2a: Mimikyu|[miss]
|-miss|p1a: Suicune|p2a: Mimikyu
|
|upkeep
|turn|8
|inactive|Mage212 has 60 seconds left.
|
|t:|1743886627
|switch|p2a: Banette|Banette, M|100/100
|move|p1a: Suicune|Whirlpool|p2a: Banette
|-damage|p2a: Banette|40/100
|-activate|p2a: Banette|move: Whirlpool|[of] p1a: Suicune
|
|-heal|p2a: Banette|46/100|[from] item: Leftovers
|-damage|p2a: Banette|34/100|[from] move: Whirlpool|[partiallytrapped]
|upkeep
|turn|9
|inactive|Mage212 has 60 seconds left.
|
|t:|1743886634
|move|p1a: Suicune|Calm Mind|p1a: Suicune
|-boost|p1a: Suicune|spa|1
|-boost|p1a: Suicune|spd|1
|move|p2a: Banette|Destiny Bond|p2a: Banette
|-singlemove|p2a: Banette|Destiny Bond
|
|-heal|p2a: Banette|40/100|[from] item: Leftovers
|-damage|p2a: Banette|27/100|[from] move: Whirlpool|[partiallytrapped]
|upkeep
|turn|10
|
|t:|1743886643
|move|p1a: Suicune|Calm Mind|p1a: Suicune
|-boost|p1a: Suicune|spa|1
|-boost|p1a: Suicune|spd|1
|move|p2a: Banette|Thunder Wave|p1a: Suicune
|-status|p1a: Suicune|par
|
|-heal|p2a: Banette|33/100|[from] item: Leftovers
|-damage|p2a: Banette|21/100|[from] move: Whirlpool|[partiallytrapped]
|upkeep
|turn|11
|
|t:|1743886653
|move|p2a: Banette|Destiny Bond|p2a: Banette
|-singlemove|p2a: Banette|Destiny Bond
|move|p1a: Suicune|Calm Mind|p1a: Suicune
|-boost|p1a: Suicune|spa|1
|-boost|p1a: Suicune|spd|1
|
|-heal|p2a: Banette|27/100|[from] item: Leftovers
|-damage|p2a: Banette|15/100|[from] move: Whirlpool|[partiallytrapped]
|upkeep
|turn|12
|
|t:|1743886662
|move|p2a: Banette|Knock Off|p1a: Suicune
|-damage|p1a: Suicune|62/100 par
|cant|p1a: Suicune|par
|
|-heal|p2a: Banette|21/100|[from] item: Leftovers
|-damage|p2a: Banette|8/100|[from] move: Whirlpool|[partiallytrapped]
|upkeep
|turn|13
|
|t:|1743886672
|-terastallize|p2a: Banette|Ghost
|move|p1a: Suicune|Protect|p1a: Suicune
|-singleturn|p1a: Suicune|Protect
|move|p2a: Banette|Shadow Claw|p1a: Suicune
|-activate|p1a: Suicune|move: Protect
|
|-heal|p2a: Banette|14/100|[from] item: Leftovers
|-end|p2a: Banette|Whirlpool|[partiallytrapped]
|upkeep
|turn|14
|
|t:|1743886682
|move|p2a: Banette|Shadow Claw|p1a: Suicune
|-damage|p1a: Suicune|23/100 par
|move|p1a: Suicune|Whirlpool|p2a: Banette
|-crit|p2a: Banette
|-damage|p2a: Banette|0 fnt
|faint|p2a: Banette
|
|upkeep
|
|t:|1743886691
|switch|p2a: Mimikyu|Mimikyu-Busted, M|17/100
|turn|15
|inactive|Mage212 has 90 seconds left.
|
|t:|1743886708
|move|p2a: Mimikyu|Play Rough|p1a: Suicune
|-damage|p1a: Suicune|2/100 par
|move|p1a: Suicune|Rest|p1a: Suicune
|-status|p1a: Suicune|slp|[from] move: Rest
|-heal|p1a: Suicune|100/100 slp|[silent]
|
|upkeep
|turn|16
|inactive|Mage212 has 90 seconds left.
|
|t:|1743886717
|move|p2a: Mimikyu|Play Rough|p1a: Suicune|[miss]
|-miss|p2a: Mimikyu|p1a: Suicune
|cant|p1a: Suicune|slp
|
|upkeep
|turn|17
|inactive|Mage212 has 90 seconds left.
|
|t:|1743886743
|move|p2a: Mimikyu|Play Rough|p1a: Suicune
|-damage|p1a: Suicune|80/100 slp
|cant|p1a: Suicune|slp
|
|upkeep
|turn|18
|c|☆LucarioDr|Porque vc demora tanto pra atacar,?
|
|t:|1743886755
|move|p2a: Mimikyu|Shadow Ball|p1a: Suicune
|-damage|p1a: Suicune|75/100 slp
|-curestatus|p1a: Suicune|slp|[msg]
|move|p1a: Suicune|Whirlpool|p2a: Mimikyu
|-damage|p2a: Mimikyu|0 fnt
|faint|p2a: Mimikyu
|
|upkeep
|
|t:|1743886759
|switch|p2a: Mismagius|Mismagius, F|100/100
|turn|19
|inactive|Mage212 has 90 seconds left.
|
|t:|1743886776
|move|p2a: Mismagius|Calm Mind|p2a: Mismagius
|-boost|p2a: Mismagius|spa|1
|-boost|p2a: Mismagius|spd|1
|move|p1a: Suicune|Whirlpool|p2a: Mismagius|[miss]
|-miss|p1a: Suicune|p2a: Mismagius
|
|upkeep
|turn|20
|
|t:|1743886783
|move|p2a: Mismagius|Calm Mind|p2a: Mismagius
|-boost|p2a: Mismagius|spa|1
|-boost|p2a: Mismagius|spd|1
|move|p1a: Suicune|Whirlpool|p2a: Mismagius
|-damage|p2a: Mismagius|61/100
|-activate|p2a: Mismagius|move: Whirlpool|[of] p1a: Suicune
|
|-heal|p2a: Mismagius|68/100|[from] item: Leftovers
|-damage|p2a: Mismagius|55/100|[from] move: Whirlpool|[partiallytrapped]
|upkeep
|turn|21
|
|t:|1743886791
|move|p2a: Mismagius|Calm Mind|p2a: Mismagius
|-boost|p2a: Mismagius|spa|1
|-boost|p2a: Mismagius|spd|1
|move|p1a: Suicune|Whirlpool|p2a: Mismagius
|-damage|p2a: Mismagius|25/100
|
|-heal|p2a: Mismagius|32/100|[from] item: Leftovers
|-damage|p2a: Mismagius|19/100|[from] move: Whirlpool|[partiallytrapped]
|upkeep
|turn|22
|
|t:|1743886805
|move|p2a: Mismagius|Shadow Ball|p1a: Suicune
|-damage|p1a: Suicune|59/100
|move|p1a: Suicune|Whirlpool|p2a: Mismagius
|-damage|p2a: Mismagius|0 fnt
|faint|p2a: Mismagius
|
|upkeep
|
|t:|1743886809
|switch|p2a: Gengar|Gengar, M|100/100
|-item|p2a: Gengar|Air Balloon
|turn|23
|
|t:|1743886821
|move|p2a: Gengar|Destiny Bond|p2a: Gengar
|-singlemove|p2a: Gengar|Destiny Bond
|move|p1a: Suicune|Whirlpool|p2a: Gengar
|-damage|p2a: Gengar|0 fnt
|-enditem|p2a: Gengar|Air Balloon
|faint|p2a: Gengar
|-activate|p2a: Gengar|move: Destiny Bond
|faint|p1a: Suicune
|
|upkeep
|
|t:|1743886831
|switch|p2a: Chandelure|Chandelure, M|100/100
|switch|p1a: Tornadus|Tornadus-Therian, M|100/100
|turn|24
|
|t:|1743886839
|move|p1a: Tornadus|Knock Off|p2a: Chandelure
|-supereffective|p2a: Chandelure
|-damage|p2a: Chandelure|35/100
|-enditem|p2a: Chandelure|Flame Plate|[from] move: Knock Off|[of] p1a: Tornadus
|move|p2a: Chandelure|Calm Mind|p2a: Chandelure
|-boost|p2a: Chandelure|spa|1
|-boost|p2a: Chandelure|spd|1
|
|upkeep
|turn|25
|
|t:|1743886849
|move|p1a: Tornadus|Knock Off|p2a: Chandelure
|-supereffective|p2a: Chandelure
|-damage|p2a: Chandelure|0 fnt
|faint|p2a: Chandelure
|
|upkeep
|
|t:|1743886852
|switch|p2a: Froslass|Froslass, F|100/100
|turn|26
|inactive|Mage212 has 120 seconds left.
|
|t:|1743886863
|move|p1a: Tornadus|Knock Off|p2a: Froslass
|-supereffective|p2a: Froslass
|-damage|p2a: Froslass|27/100
|-enditem|p2a: Froslass|Leftovers|[from] move: Knock Off|[of] p1a: Tornadus
|move|p2a: Froslass|Snowscape|p2a: Froslass
|-weather|Snowscape
|
|-weather|Snowscape|[upkeep]
|upkeep
|turn|27
|
|t:|1743886871
|move|p1a: Tornadus|Knock Off|p2a: Froslass
|-supereffective|p2a: Froslass
|-damage|p2a: Froslass|0 fnt
|faint|p2a: Froslass
|
|win|Mage212
|raw|Mage212's rating: 1069 &rarr; <strong>1097</strong><br />(+28 for winning)
|raw|LucarioDr's rating: 1051 &rarr; <strong>1034</strong><br />(-17 for losing)
|l|☆LucarioDr
|player|p2|
|l|☆Mage212
|player|p1|
