|j|☆Segahay
|j|☆Maplekidns
|t:|1743873664
|gametype|singles
|player|p1|Segahay|265|1427
|player|p2|Maplekidns|clair|1400
|teamsize|p1|6
|teamsize|p2|6
|gen|9
|tier|[Gen 9] OU
|rated|
|rule|HP Percentage Mod: HP is shown in percentages
|rule|Endless Battle Clause: Forcing endless battles is banned
|rule|Species Clause: Limit one of each Pokémon
|rule|OHKO Clause: OHKO moves are banned
|rule|Evasion Items Clause: Evasion items are banned
|rule|Evasion Moves Clause: Evasion moves are banned
|rule|Sleep Moves Clause: Sleep-inducing moves are banned
|clearpoke
|poke|p1|Rillaboom, F|
|poke|p1|Hawlucha, F|
|poke|p1|Garganacl, F|
|poke|p1|Slowbro-Galar, M|
|poke|p1|Excadrill, F|
|poke|p1|Glimmora, M|
|poke|p2|Deoxys-Speed|
|poke|p2|Enamorus, F|
|poke|p2|Lilligant-Hisui, F|
|poke|p2|Ceruledge, F|
|poke|p2|Kingambit, F|
|poke|p2|Great Tusk|
|teampreview
|inactive|Battle timer is ON: inactive players will automatically lose when time's up. (requested by Segahay)
|
|t:|1743873683
|start
|switch|p1a: Rillaboom|Rillaboom, F|100/100
|switch|p2a: Great Tusk|Great Tusk|100/100
|-fieldstart|move: Grassy Terrain|[from] ability: Grassy Surge|[of] p1a: Rillaboom
|-enditem|p2a: Great Tusk|Booster Energy
|-activate|p2a: Great Tusk|ability: Protosynthesis|[fromitem]
|-start|p2a: Great Tusk|protosynthesisspe
|turn|1
|
|t:|1743873693
|-terastallize|p2a: Great Tusk|Poison
|move|p1a: Rillaboom|Grassy Glide|p2a: Great Tusk
|-resisted|p2a: Great Tusk
|-damage|p2a: Great Tusk|88/100
|move|p2a: Great Tusk|Bulk Up|p2a: Great Tusk
|-boost|p2a: Great Tusk|atk|1
|-boost|p2a: Great Tusk|def|1
|
|-heal|p2a: Great Tusk|95/100|[from] Grassy Terrain
|upkeep
|turn|2
|
|t:|1743873703
|move|p2a: Great Tusk|Bulk Up|p2a: Great Tusk
|-boost|p2a: Great Tusk|atk|1
|-boost|p2a: Great Tusk|def|1
|move|p1a: Rillaboom|U-turn|p2a: Great Tusk
|-resisted|p2a: Great Tusk
|-damage|p2a: Great Tusk|90/100
|
|t:|1743873708
|switch|p1a: Slowbro|Slowbro-Galar, M, shiny|100/100|[from] U-turn
|
|-heal|p2a: Great Tusk|96/100|[from] Grassy Terrain
|upkeep
|turn|3
|-activate|p1a: Slowbro|item: Quick Claw
|
|t:|1743873714
|move|p1a: Slowbro|Psychic|p2a: Great Tusk
|-supereffective|p2a: Great Tusk
|-damage|p2a: Great Tusk|0 fnt
|faint|p2a: Great Tusk
|-end|p2a: Great Tusk|Protosynthesis|[silent]
|
|upkeep
|c|☆Maplekidns|ow
|
|t:|1743873728
|switch|p2a: Ceruledge|Ceruledge, F|100/100
|turn|4
|
|t:|1743873735
|switch|p1a: Garganacl|Garganacl, F|100/100
|move|p2a: Ceruledge|Swords Dance|p2a: Ceruledge
|-boost|p2a: Ceruledge|atk|2
|
|upkeep
|turn|5
|
|t:|1743873742
|move|p2a: Ceruledge|Swords Dance|p2a: Ceruledge
|-boost|p2a: Ceruledge|atk|2
|move|p1a: Garganacl|Salt Cure|p2a: Ceruledge
|-supereffective|p2a: Ceruledge
|-damage|p2a: Ceruledge|61/100
|-start|p2a: Ceruledge|Salt Cure
|-ability|p2a: Ceruledge|Weak Armor|boost
|-unboost|p2a: Ceruledge|def|1
|-boost|p2a: Ceruledge|spe|2
|
|-heal|p2a: Ceruledge|67/100|[from] Grassy Terrain
|-damage|p2a: Ceruledge|54/100|[from] Salt Cure
|-fieldend|move: Grassy Terrain
|upkeep
|turn|6
|
|t:|1743873753
|move|p2a: Ceruledge|Bitter Blade|p1a: Garganacl
|-resisted|p1a: Garganacl
|-damage|p1a: Garganacl|59/100
|-heal|p2a: Ceruledge|79/100|[from] drain|[of] p1a: Garganacl
|-damage|p2a: Ceruledge|62/100|[from] item: Rocky Helmet|[of] p1a: Garganacl
|move|p1a: Garganacl|Recover|p1a: Garganacl
|-heal|p1a: Garganacl|100/100
|
|-damage|p2a: Ceruledge|50/100|[from] Salt Cure
|upkeep
|turn|7
|
|t:|1743873762
|move|p2a: Ceruledge|Bitter Blade|p1a: Garganacl
|-resisted|p1a: Garganacl
|-damage|p1a: Garganacl|58/100
|-heal|p2a: Ceruledge|75/100|[from] drain|[of] p1a: Garganacl
|-damage|p2a: Ceruledge|58/100|[from] item: Rocky Helmet|[of] p1a: Garganacl
|move|p1a: Garganacl|Salt Cure|p2a: Ceruledge
|-supereffective|p2a: Ceruledge
|-damage|p2a: Ceruledge|0 fnt
|faint|p2a: Ceruledge
|
|upkeep
|
|t:|1743873778
|switch|p2a: Lilligant|Lilligant-Hisui, F|100/100
|turn|8
|
|t:|1743873783
|switch|p1a: Rillaboom|Rillaboom, F|100/100
|-fieldstart|move: Grassy Terrain|[from] ability: Grassy Surge|[of] p1a: Rillaboom
|move|p2a: Lilligant|Victory Dance|p2a: Lilligant
|-boost|p2a: Lilligant|atk|1
|-boost|p2a: Lilligant|def|1
|-boost|p2a: Lilligant|spe|1
|
|upkeep
|turn|9
|
|t:|1743873796
|move|p1a: Rillaboom|Fake Out|p2a: Lilligant
|-damage|p2a: Lilligant|86/100
|cant|p2a: Lilligant|flinch
|
|-heal|p2a: Lilligant|92/100|[from] Grassy Terrain
|upkeep
|turn|10
|
|t:|1743873802
|switch|p1a: Garganacl|Garganacl, F|58/100
|move|p2a: Lilligant|Victory Dance|p2a: Lilligant
|-boost|p2a: Lilligant|atk|1
|-boost|p2a: Lilligant|def|1
|-boost|p2a: Lilligant|spe|1
|
|-heal|p2a: Lilligant|98/100|[from] Grassy Terrain
|-heal|p1a: Garganacl|65/100|[from] Grassy Terrain
|upkeep
|turn|11
|
|t:|1743873811
|move|p2a: Lilligant|Close Combat|p1a: Garganacl
|-supereffective|p1a: Garganacl
|-damage|p1a: Garganacl|0 fnt
|-unboost|p2a: Lilligant|def|1
|-unboost|p2a: Lilligant|spd|1
|-damage|p2a: Lilligant|82/100|[from] item: Rocky Helmet|[of] p1a: Garganacl
|faint|p1a: Garganacl
|
|-heal|p2a: Lilligant|88/100|[from] Grassy Terrain
|upkeep
|
|t:|1743873818
|switch|p1a: Hawlucha|Hawlucha, F|100/100
|-enditem|p1a: Hawlucha|Grassy Seed
|-boost|p1a: Hawlucha|def|1|[from] item: Grassy Seed
|turn|12
|
|t:|1743873829
|move|p2a: Lilligant|Ice Spinner|p1a: Hawlucha
|-supereffective|p1a: Hawlucha
|-damage|p1a: Hawlucha|0 fnt
|-fieldend|move: Grassy Terrain
|faint|p1a: Hawlucha
|
|upkeep
|
|t:|1743873834
|switch|p1a: Slowbro|Slowbro-Galar, M, shiny|100/100
|turn|13
|-activate|p1a: Slowbro|item: Quick Claw
|
|t:|1743873840
|move|p1a: Slowbro|Psychic|p2a: Lilligant
|-supereffective|p2a: Lilligant
|-damage|p2a: Lilligant|0 fnt
|faint|p2a: Lilligant
|
|upkeep
|
|t:|1743873853
|switch|p2a: Kingambit|Kingambit, F|100/100
|-activate|p2a: Kingambit|ability: Supreme Overlord
|-start|p2a: Kingambit|fallen3|[silent]
|turn|14
|-activate|p1a: Slowbro|ability: Quick Draw
|
|t:|1743873865
|-terastallize|p1a: Slowbro|Fire
|move|p1a: Slowbro|Flamethrower|p2a: Kingambit
|-supereffective|p2a: Kingambit
|-damage|p2a: Kingambit|0 fnt
|faint|p2a: Kingambit
|-end|p2a: Kingambit|fallen3|[silent]
|
|upkeep
|
|t:|1743873879
|switch|p2a: Deoxys|Deoxys-Speed|100/100
|-ability|p2a: Deoxys|Pressure
|turn|15
|
|t:|1743873885
|switch|p1a: Excadrill|Excadrill, F|100/100
|-ability|p1a: Excadrill|Mold Breaker
|-item|p1a: Excadrill|Air Balloon
|move|p2a: Deoxys|Knock Off|p1a: Excadrill
|-damage|p1a: Excadrill|74/100
|-enditem|p1a: Excadrill|Air Balloon
|
|upkeep
|turn|16
|
|t:|1743873894
|move|p2a: Deoxys|Taunt|p1a: Excadrill
|-start|p1a: Excadrill|move: Taunt
|move|p1a: Excadrill|Rapid Spin|p2a: Deoxys
|-damage|p2a: Deoxys|74/100
|-boost|p1a: Excadrill|spe|1
|
|upkeep
|turn|17
|
|t:|1743873902
|move|p2a: Deoxys|Knock Off|p1a: Excadrill
|-damage|p1a: Excadrill|55/100
|move|p1a: Excadrill|Rapid Spin|p2a: Deoxys
|-damage|p2a: Deoxys|47/100
|-boost|p1a: Excadrill|spe|1
|
|upkeep
|turn|18
|
|t:|1743873908
|move|p1a: Excadrill|Earthquake|p2a: Deoxys
|-damage|p2a: Deoxys|0 fnt
|faint|p2a: Deoxys
|
|-end|p1a: Excadrill|move: Taunt
|upkeep
|
|t:|1743873913
|switch|p2a: Enamorus|Enamorus, F|100/100
|turn|19
|
|t:|1743873919
|move|p1a: Excadrill|Rock Slide|p2a: Enamorus
|-supereffective|p2a: Enamorus
|-damage|p2a: Enamorus|14/100
|move|p2a: Enamorus|Earth Power|p1a: Excadrill
|-supereffective|p1a: Excadrill
|-damage|p1a: Excadrill|0 fnt
|faint|p1a: Excadrill
|
|upkeep
|
|t:|1743873922
|switch|p1a: Rillaboom|Rillaboom, F|100/100
|-fieldstart|move: Grassy Terrain|[from] ability: Grassy Surge|[of] p1a: Rillaboom
|turn|20
|
|t:|1743873929
|move|p1a: Rillaboom|Fake Out|p2a: Enamorus
|-damage|p2a: Enamorus|0 fnt
|faint|p2a: Enamorus
|
|win|Segahay
|raw|Segahay's rating: 1427 &rarr; <strong>1445</strong><br />(+18 for winning)
|raw|Maplekidns's rating: 1400 &rarr; <strong>1382</strong><br />(-18 for losing)
|l|☆Maplekidns
|player|p2|
|l|☆Segahay
|player|p1|
