|j|☆FartInAJarRogue
|j|☆tasty sardine 408
|t:|1743914084
|gametype|singles
|player|p1|FartInAJarRogue|li|1271
|player|p2|tasty sardine 408|harlequin|1323
|teamsize|p1|6
|teamsize|p2|6
|gen|9
|tier|[Gen 9] OU
|rated|
|rule|HP Percentage Mod: HP is shown in percentages
|rule|Endless Battle Clause: Forcing endless battles is banned
|rule|Species Clause: Limit one of each Pokémon
|rule|OHKO Clause: OHKO moves are banned
|rule|Evasion Items Clause: Evasion items are banned
|rule|Evasion Moves Clause: Evasion moves are banned
|rule|Sleep Moves Clause: Sleep-inducing moves are banned
|clearpoke
|poke|p1|Iron Thorns|
|poke|p1|Ninetales-Alola, M|
|poke|p1|Clefable, F|
|poke|p1|Ursaluna, F|
|poke|p1|Iron Treads|
|poke|p1|Iron Moth|
|poke|p2|Umbreon, M|
|poke|p2|Cresselia, F|
|poke|p2|Feraligatr, M|
|poke|p2|Serperior, F|
|poke|p2|Revavroom, F|
|poke|p2|Entei|
|teampreview
|inactive|Battle timer is ON: inactive players will automatically lose when time's up. (requested by tasty sardine 408)
|
|t:|1743914090
|start
|switch|p1a: Ninetales|Ninetales-Alola, M|100/100
|switch|p2a: Serperior|Serperior, F|100/100
|-weather|Snowscape|[from] ability: Snow Warning|[of] p1a: Ninetales
|turn|1
|
|t:|1743914096
|move|p2a: Serperior|Glare|p1a: Ninetales
|-status|p1a: Ninetales|par
|move|p1a: Ninetales|Aurora Veil|p1a: Ninetales
|-sidestart|p1: FartInAJarRogue|move: Aurora Veil
|
|-weather|Snowscape|[upkeep]
|upkeep
|turn|2
|
|t:|1743914101
|switch|p2a: Revy|Revavroom, F|100/100
|-item|p2a: Revy|Air Balloon
|move|p1a: Ninetales|Freeze-Dry|p2a: Revy
|-resisted|p2a: Revy
|-damage|p2a: Revy|87/100
|-enditem|p2a: Revy|Air Balloon
|
|-weather|Snowscape|[upkeep]
|upkeep
|turn|3
|
|t:|1743914112
|switch|p1a: Iron Treads|Iron Treads|100/100
|-enditem|p1a: Iron Treads|Booster Energy
|-activate|p1a: Iron Treads|ability: Quark Drive|[fromitem]
|-start|p1a: Iron Treads|quarkdrivespe
|move|p2a: Revy|Shift Gear|p2a: Revy
|-boost|p2a: Revy|spe|2
|-boost|p2a: Revy|atk|1
|
|-weather|Snowscape|[upkeep]
|upkeep
|turn|4
|
|t:|1743914121
|move|p1a: Iron Treads|Earthquake|p2a: Revy
|-supereffective|p2a: Revy
|-damage|p2a: Revy|0 fnt
|faint|p2a: Revy
|
|-weather|Snowscape|[upkeep]
|upkeep
|
|t:|1743914126
|switch|p2a: Serperior|Serperior, F|100/100
|turn|5
|
|t:|1743914132
|move|p1a: Iron Treads|Ice Spinner|p2a: Serperior
|-supereffective|p2a: Serperior
|-damage|p2a: Serperior|53/100
|move|p2a: Serperior|Leaf Storm|p1a: Iron Treads
|-damage|p1a: Iron Treads|74/100
|-boost|p2a: Serperior|spa|2
|
|-weather|none
|-heal|p2a: Serperior|59/100|[from] item: Leftovers
|upkeep
|turn|6
|
|t:|1743914140
|move|p1a: Iron Treads|Ice Spinner|p2a: Serperior
|-supereffective|p2a: Serperior
|-damage|p2a: Serperior|12/100
|move|p2a: Serperior|Glare|p1a: Iron Treads
|-status|p1a: Iron Treads|par
|
|-heal|p2a: Serperior|18/100|[from] item: Leftovers
|upkeep
|turn|7
|
|t:|1743914148
|move|p2a: Serperior|Synthesis|p2a: Serperior
|-heal|p2a: Serperior|68/100
|move|p1a: Iron Treads|Ice Spinner|p2a: Serperior
|-supereffective|p2a: Serperior
|-damage|p2a: Serperior|14/100
|
|-heal|p2a: Serperior|21/100|[from] item: Leftovers
|upkeep
|turn|8
|
|t:|1743914154
|move|p2a: Serperior|Synthesis|p2a: Serperior
|-heal|p2a: Serperior|71/100
|cant|p1a: Iron Treads|par
|
|-heal|p2a: Serperior|77/100|[from] item: Leftovers
|-sideend|p1: FartInAJarRogue|move: Aurora Veil
|upkeep
|turn|9
|
|t:|1743914161
|-end|p1a: Iron Treads|Quark Drive|[silent]
|switch|p1a: Ninetales|Ninetales-Alola, M|100/100 par
|-weather|Snowscape|[from] ability: Snow Warning|[of] p1a: Ninetales
|move|p2a: Serperior|Leaf Storm|p1a: Ninetales
|-damage|p1a: Ninetales|36/100 par
|-boost|p2a: Serperior|spa|2
|
|-weather|Snowscape|[upkeep]
|-heal|p2a: Serperior|83/100|[from] item: Leftovers
|upkeep
|turn|10
|
|t:|1743914171
|move|p2a: Serperior|Leaf Storm|p1a: Ninetales
|-damage|p1a: Ninetales|0 fnt
|-boost|p2a: Serperior|spa|2
|faint|p1a: Ninetales
|
|-weather|Snowscape|[upkeep]
|-heal|p2a: Serperior|89/100|[from] item: Leftovers
|upkeep
|
|t:|1743914186
|switch|p1a: Clefable|Clefable, F|100/100
|turn|11
|
|t:|1743914189
|move|p2a: Serperior|Glare|p1a: Clefable
|-status|p1a: Clefable|par
|move|p1a: Clefable|Cosmic Power|p1a: Clefable
|-boost|p1a: Clefable|def|1
|-boost|p1a: Clefable|spd|1
|
|-weather|Snowscape|[upkeep]
|-heal|p2a: Serperior|95/100|[from] item: Leftovers
|upkeep
|turn|12
|
|t:|1743914197
|switch|p2a: Enty|Entei|100/100
|cant|p1a: Clefable|par
|
|-weather|Snowscape|[upkeep]
|upkeep
|turn|13
|
|t:|1743914205
|switch|p1a: Iron Moth|Iron Moth|100/100
|-enditem|p1a: Iron Moth|Booster Energy
|-activate|p1a: Iron Moth|ability: Quark Drive|[fromitem]
|-start|p1a: Iron Moth|quarkdrivespa
|move|p2a: Enty|Sacred Fire|p1a: Iron Moth
|-resisted|p1a: Iron Moth
|-damage|p1a: Iron Moth|36/100
|
|-weather|none
|upkeep
|turn|14
|
|t:|1743914216
|move|p1a: Iron Moth|Discharge|p2a: Enty
|-damage|p2a: Enty|57/100
|move|p2a: Enty|Sacred Fire|p1a: Iron Moth
|-resisted|p1a: Iron Moth
|-damage|p1a: Iron Moth|0 fnt
|faint|p1a: Iron Moth
|-end|p1a: Iron Moth|Quark Drive|[silent]
|
|upkeep
|
|t:|1743914232
|switch|p1a: Ursaluna|Ursaluna, F|100/100
|turn|15
|
|t:|1743914238
|move|p2a: Enty|Sacred Fire|p1a: Ursaluna
|-damage|p1a: Ursaluna|53/100
|-status|p1a: Ursaluna|brn
|move|p1a: Ursaluna|Headlong Rush|p2a: Enty
|-supereffective|p2a: Enty
|-damage|p2a: Enty|0 fnt
|-unboost|p1a: Ursaluna|def|1
|-unboost|p1a: Ursaluna|spd|1
|faint|p2a: Enty
|
|-damage|p1a: Ursaluna|47/100 brn|[from] brn
|upkeep
|
|t:|1743914244
|switch|p2a: Umbry|Umbreon, M, shiny|100/100
|turn|16
|
|t:|1743914252
|switch|p1a: Iron Treads|Iron Treads|74/100 par
|move|p2a: Umbry|Foul Play|p1a: Iron Treads
|-damage|p1a: Iron Treads|32/100 par
|
|upkeep
|turn|17
|
|t:|1743914262
|cant|p1a: Iron Treads|par
|move|p2a: Umbry|Foul Play|p1a: Iron Treads
|-damage|p1a: Iron Treads|0 fnt
|faint|p1a: Iron Treads
|-end|p1a: Iron Treads|Quark Drive|[silent]
|
|upkeep
|
|t:|1743914267
|switch|p1a: Clefable|Clefable, F|100/100 par
|turn|18
|
|t:|1743914271
|switch|p2a: Fergy|Feraligatr, M|100/100
|move|p1a: Clefable|Cosmic Power|p1a: Clefable
|-boost|p1a: Clefable|def|1
|-boost|p1a: Clefable|spd|1
|
|upkeep
|turn|19
|
|t:|1743914277
|move|p2a: Fergy|Liquidation|p1a: Clefable
|-damage|p1a: Clefable|68/100 par
|move|p1a: Clefable|Cosmic Power|p1a: Clefable
|-boost|p1a: Clefable|def|1
|-boost|p1a: Clefable|spd|1
|
|-heal|p1a: Clefable|74/100 par|[from] item: Leftovers
|upkeep
|turn|20
|
|t:|1743914285
|move|p2a: Fergy|Liquidation|p1a: Clefable
|-damage|p1a: Clefable|47/100 par
|move|p1a: Clefable|Cosmic Power|p1a: Clefable
|-boost|p1a: Clefable|def|1
|-boost|p1a: Clefable|spd|1
|
|-heal|p1a: Clefable|53/100 par|[from] item: Leftovers
|upkeep
|turn|21
|
|t:|1743914292
|move|p2a: Fergy|Liquidation|p1a: Clefable
|-damage|p1a: Clefable|33/100 par
|move|p1a: Clefable|Moonlight|p1a: Clefable
|-heal|p1a: Clefable|83/100 par
|
|-heal|p1a: Clefable|89/100 par|[from] item: Leftovers
|upkeep
|turn|22
|
|t:|1743914300
|switch|p2a: Cressy|Cresselia, F|100/100
|move|p1a: Clefable|Cosmic Power|p1a: Clefable
|-boost|p1a: Clefable|def|1
|-boost|p1a: Clefable|spd|1
|
|-heal|p1a: Clefable|95/100 par|[from] item: Leftovers
|upkeep
|turn|23
|
|t:|1743914310
|move|p2a: Cressy|Calm Mind|p2a: Cressy
|-boost|p2a: Cressy|spa|1
|-boost|p2a: Cressy|spd|1
|move|p1a: Clefable|Cosmic Power|p1a: Clefable
|-boost|p1a: Clefable|def|1
|-boost|p1a: Clefable|spd|1
|
|-heal|p1a: Clefable|100/100 par|[from] item: Leftovers
|upkeep
|turn|24
|
|t:|1743914317
|move|p2a: Cressy|Calm Mind|p2a: Cressy
|-boost|p2a: Cressy|spa|1
|-boost|p2a: Cressy|spd|1
|move|p1a: Clefable|Cosmic Power|p1a: Clefable
|-boost|p1a: Clefable|def|1
|-boost|p1a: Clefable|spd|1
|
|upkeep
|turn|25
|
|t:|1743914324
|move|p2a: Cressy|Calm Mind|p2a: Cressy
|-boost|p2a: Cressy|spa|1
|-boost|p2a: Cressy|spd|1
|move|p1a: Clefable|Charge Beam|p2a: Cressy
|-damage|p2a: Cressy|93/100
|-boost|p1a: Clefable|spa|1
|
|-heal|p2a: Cressy|99/100|[from] item: Leftovers
|upkeep
|turn|26
|
|t:|1743914332
|move|p2a: Cressy|Calm Mind|p2a: Cressy
|-boost|p2a: Cressy|spa|1
|-boost|p2a: Cressy|spd|1
|move|p1a: Clefable|Stored Power|p2a: Cressy
|-resisted|p2a: Cressy
|-damage|p2a: Cressy|69/100
|
|-heal|p2a: Cressy|75/100|[from] item: Leftovers
|upkeep
|turn|27
|
|t:|1743914342
|move|p2a: Cressy|Moonblast|p1a: Clefable
|-crit|p1a: Clefable
|-damage|p1a: Clefable|79/100 par
|cant|p1a: Clefable|par
|
|-heal|p2a: Cressy|81/100|[from] item: Leftovers
|-heal|p1a: Clefable|85/100 par|[from] item: Leftovers
|upkeep
|turn|28
|
|t:|1743914350
|move|p2a: Cressy|Moonblast|p1a: Clefable
|-damage|p1a: Clefable|81/100 par
|cant|p1a: Clefable|par
|
|-heal|p2a: Cressy|87/100|[from] item: Leftovers
|-heal|p1a: Clefable|87/100 par|[from] item: Leftovers
|upkeep
|turn|29
|
|t:|1743914358
|move|p2a: Cressy|Moonblast|p1a: Clefable
|-damage|p1a: Clefable|83/100 par
|cant|p1a: Clefable|par
|
|-heal|p2a: Cressy|93/100|[from] item: Leftovers
|-heal|p1a: Clefable|89/100 par|[from] item: Leftovers
|upkeep
|turn|30
|
|t:|1743914365
|move|p2a: Cressy|Moonblast|p1a: Clefable
|-damage|p1a: Clefable|85/100 par
|move|p1a: Clefable|Charge Beam|p2a: Cressy
|-damage|p2a: Cressy|83/100
|-boost|p1a: Clefable|spa|1
|
|-heal|p2a: Cressy|89/100|[from] item: Leftovers
|-heal|p1a: Clefable|91/100 par|[from] item: Leftovers
|upkeep
|turn|31
|
|t:|1743914376
|move|p2a: Cressy|Calm Mind|p2a: Cressy
|-boost|p2a: Cressy|spa|1
|-boost|p2a: Cressy|spd|1
|cant|p1a: Clefable|par
|
|-heal|p2a: Cressy|95/100|[from] item: Leftovers
|-heal|p1a: Clefable|97/100 par|[from] item: Leftovers
|upkeep
|turn|32
|
|t:|1743914384
|move|p2a: Cressy|Calm Mind|p2a: Cressy
|-boost|p2a: Cressy|spa|1
|-boost|p2a: Cressy|spd|1
|move|p1a: Clefable|Stored Power|p2a: Cressy
|-resisted|p2a: Cressy
|-damage|p2a: Cressy|56/100
|
|-heal|p2a: Cressy|62/100|[from] item: Leftovers
|-heal|p1a: Clefable|100/100 par|[from] item: Leftovers
|upkeep
|turn|33
|
|t:|1743914392
|move|p2a: Cressy|Stored Power|p1a: Clefable
|-damage|p1a: Clefable|86/100 par
|move|p1a: Clefable|Stored Power|p2a: Cressy
|-resisted|p2a: Cressy
|-damage|p2a: Cressy|21/100
|
|-heal|p2a: Cressy|27/100|[from] item: Leftovers
|-heal|p1a: Clefable|92/100 par|[from] item: Leftovers
|upkeep
|turn|34
|
|t:|1743914400
|move|p2a: Cressy|Stored Power|p1a: Clefable
|-damage|p1a: Clefable|77/100 par
|move|p1a: Clefable|Stored Power|p2a: Cressy
|-resisted|p2a: Cressy
|-damage|p2a: Cressy|0 fnt
|faint|p2a: Cressy
|
|-heal|p1a: Clefable|83/100 par|[from] item: Leftovers
|upkeep
|l|☆tasty sardine 408
|inactive|tasty sardine 408 disconnected and has a minute to reconnect!
|player|p2|
|inactive|tasty sardine 408 has 30 seconds to reconnect!
|inactive|tasty sardine 408 has 20 seconds to reconnect!
|inactive|tasty sardine 408 has 15 seconds to reconnect!
|inactive|tasty sardine 408 has 10 seconds to reconnect!
|inactive|tasty sardine 408 has 5 seconds to reconnect!
|-message|tasty sardine 408 lost due to inactivity.
|
|win|FartInAJarRogue
|raw|FartInAJarRogue's rating: 1271 &rarr; <strong>1300</strong><br />(+29 for winning)
|raw|tasty sardine 408's rating: 1323 &rarr; <strong>1300</strong><br />(-23 for losing)
|l|☆FartInAJarRogue
|player|p1|
