|j|☆varimare
|j|☆N0AH__123__
|t:|1743848956
|gametype|singles
|player|p1|varimare|giovanni|1204
|player|p2|N0AH__123__|boarder|1262
|teamsize|p1|6
|teamsize|p2|6
|gen|9
|tier|[Gen 9] OU
|rated|
|rule|HP Percentage Mod: HP is shown in percentages
|rule|Endless Battle Clause: Forcing endless battles is banned
|rule|Species Clause: Limit one of each Pokémon
|rule|OHKO Clause: OHKO moves are banned
|rule|Evasion Items Clause: Evasion items are banned
|rule|Evasion Moves Clause: Evasion moves are banned
|rule|Sleep Moves Clause: Sleep-inducing moves are banned
|clearpoke
|poke|p1|Serperior, M|
|poke|p1|Corviknight, M|
|poke|p1|Kingambit, F|
|poke|p1|Ogerpon-Wellspring, F|
|poke|p1|Iron Boulder|
|poke|p1|Drifblim, M|
|poke|p2|Pelipper, M|
|poke|p2|Overqwil, M|
|poke|p2|Scizor, F|
|poke|p2|Landorus-Therian, M|
|poke|p2|Tornadus-Therian, M|
|poke|p2|Iron Treads|
|teampreview
|
|t:|1743848977
|start
|switch|p1a: Iron Boulder|Iron Boulder|100/100
|switch|p2a: Pelipper|Pelipper, M|100/100
|-weather|RainDance|[from] ability: Drizzle|[of] p2a: Pelipper
|-enditem|p1a: Iron Boulder|Booster Energy
|-activate|p1a: Iron Boulder|ability: Quark Drive|[fromitem]
|-start|p1a: Iron Boulder|quarkdriveatk
|turn|1
|
|t:|1743848989
|switch|p2a: Landorus|Landorus-Therian, M|100/100
|-ability|p2a: Landorus|Intimidate|boost
|-unboost|p1a: Iron Boulder|atk|1
|move|p1a: Iron Boulder|Mighty Cleave|p2a: Landorus
|-damage|p2a: Landorus|49/100
|-damage|p1a: Iron Boulder|84/100|[from] item: Rocky Helmet|[of] p2a: Landorus
|
|-weather|RainDance|[upkeep]
|upkeep
|turn|2
|
|t:|1743849002
|switch|p2a: Scizor|Scizor, F|100/100
|move|p1a: Iron Boulder|Mighty Cleave|p2a: Scizor
|-damage|p2a: Scizor|56/100
|
|-weather|RainDance|[upkeep]
|upkeep
|turn|3
|
|t:|1743849012
|-terastallize|p1a: Iron Boulder|Flying
|move|p1a: Iron Boulder|Close Combat|p2a: Scizor
|-damage|p2a: Scizor|21/100
|-unboost|p1a: Iron Boulder|def|1
|-unboost|p1a: Iron Boulder|spd|1
|move|p2a: Scizor|U-turn|p1a: Iron Boulder
|-resisted|p1a: Iron Boulder
|-damage|p1a: Iron Boulder|25/100
|
|t:|1743849031
|switch|p2a: Overqwil|Overqwil, M|100/100|[from] U-turn
|
|-weather|RainDance|[upkeep]
|upkeep
|turn|4
|
|t:|1743849037
|-end|p1a: Iron Boulder|Quark Drive|[silent]
|switch|p1a: Kamikaze|Corviknight, M, shiny|100/100
|-terastallize|p2a: Overqwil|Bug
|move|p2a: Overqwil|Fell Stinger|p1a: Kamikaze
|-resisted|p1a: Kamikaze
|-damage|p1a: Kamikaze|94/100
|-damage|p2a: Overqwil|91/100|[from] item: Life Orb
|
|-weather|RainDance|[upkeep]
|-heal|p1a: Kamikaze|100/100|[from] item: Leftovers
|upkeep
|turn|5
|
|t:|1743849045
|switch|p2a: Tornadus|Tornadus-Therian, M|100/100
|move|p1a: Kamikaze|Bulk Up|p1a: Kamikaze
|-boost|p1a: Kamikaze|atk|1
|-boost|p1a: Kamikaze|def|1
|
|-weather|RainDance|[upkeep]
|upkeep
|turn|6
|
|t:|1743849051
|move|p2a: Tornadus|Knock Off|p1a: Kamikaze
|-damage|p1a: Kamikaze|89/100
|-enditem|p1a: Kamikaze|Leftovers|[from] move: Knock Off|[of] p2a: Tornadus
|move|p1a: Kamikaze|Bulk Up|p1a: Kamikaze
|-boost|p1a: Kamikaze|atk|1
|-boost|p1a: Kamikaze|def|1
|
|-weather|RainDance|[upkeep]
|upkeep
|turn|7
|
|t:|1743849056
|move|p2a: Tornadus|Weather Ball|p1a: Kamikaze
|-crit|p1a: Kamikaze
|-damage|p1a: Kamikaze|16/100
|move|p1a: Kamikaze|Iron Head|p2a: Tornadus
|-damage|p2a: Tornadus|12/100
|-damage|p1a: Kamikaze|0 fnt|[from] item: Rocky Helmet|[of] p2a: Tornadus
|faint|p1a: Kamikaze
|
|-weather|RainDance|[upkeep]
|upkeep
|
|t:|1743849071
|switch|p1a: Serperior|Serperior, M, shiny|100/100
|turn|8
|
|t:|1743849079
|move|p2a: Tornadus|Hurricane|p1a: Serperior
|-supereffective|p1a: Serperior
|-damage|p1a: Serperior|0 fnt
|faint|p1a: Serperior
|
|-weather|none
|upkeep
|
|t:|1743849092
|switch|p1a: Drifblim|Drifblim, M|100/100
|turn|9
|
|t:|1743849099
|move|p2a: Tornadus|Knock Off|p1a: Drifblim
|-supereffective|p1a: Drifblim
|-damage|p1a: Drifblim|58/100
|-enditem|p1a: Drifblim|Leftovers|[from] move: Knock Off|[of] p2a: Tornadus
|move|p1a: Drifblim|Tailwind|p1a: Drifblim
|-sidestart|p1: varimare|move: Tailwind
|
|upkeep
|turn|10
|
|t:|1743849107
|move|p1a: Drifblim|Thunder Wave|p2a: Tornadus
|-status|p2a: Tornadus|par
|move|p2a: Tornadus|U-turn|p1a: Drifblim
|-resisted|p1a: Drifblim
|-damage|p1a: Drifblim|54/100
|
|t:|1743849110
|switch|p2a: Pelipper|Pelipper, M|100/100|[from] U-turn
|-weather|RainDance|[from] ability: Drizzle|[of] p2a: Pelipper
|
|-weather|RainDance|[upkeep]
|upkeep
|turn|11
|
|t:|1743849114
|switch|p2a: Iron Treads|Iron Treads|100/100
|-enditem|p2a: Iron Treads|Booster Energy
|-activate|p2a: Iron Treads|ability: Quark Drive|[fromitem]
|-start|p2a: Iron Treads|quarkdrivespe
|move|p1a: Drifblim|Thunder Wave|p2a: Iron Treads
|-immune|p2a: Iron Treads
|
|-weather|RainDance|[upkeep]
|upkeep
|turn|12
|
|t:|1743849119
|move|p1a: Drifblim|Defog|p2a: Iron Treads
|-unboost|p2a: Iron Treads|evasion|1
|move|p2a: Iron Treads|Stealth Rock|p1a: Drifblim
|-sidestart|p1: varimare|move: Stealth Rock
|
|-weather|RainDance|[upkeep]
|-sideend|p1: varimare|move: Tailwind
|upkeep
|turn|13
|
|t:|1743849125
|move|p2a: Iron Treads|Knock Off|p1a: Drifblim
|-supereffective|p1a: Drifblim
|-damage|p1a: Drifblim|11/100
|move|p1a: Drifblim|Defog|p2a: Iron Treads
|-unboost|p2a: Iron Treads|evasion|1
|-sideend|p1: varimare|Stealth Rock|[from] move: Defog|[of] p1a: Drifblim
|
|-weather|RainDance|[upkeep]
|upkeep
|turn|14
|
|t:|1743849132
|move|p2a: Iron Treads|Stealth Rock|p1a: Drifblim
|-sidestart|p1: varimare|move: Stealth Rock
|move|p1a: Drifblim|Tailwind|p1a: Drifblim
|-sidestart|p1: varimare|move: Tailwind
|
|-weather|RainDance|[upkeep]
|upkeep
|turn|15
|
|t:|1743849140
|move|p1a: Drifblim|Defog|p2a: Iron Treads
|-unboost|p2a: Iron Treads|evasion|1
|-sideend|p1: varimare|Stealth Rock|[from] move: Defog|[of] p1a: Drifblim
|move|p2a: Iron Treads|Knock Off|p1a: Drifblim
|-supereffective|p1a: Drifblim
|-damage|p1a: Drifblim|0 fnt
|faint|p1a: Drifblim
|
|-weather|RainDance|[upkeep]
|upkeep
|
|t:|1743849149
|switch|p1a: Kingambit|Kingambit, F|100/100
|-activate|p1a: Kingambit|ability: Supreme Overlord
|-start|p1a: Kingambit|fallen3|[silent]
|turn|16
|
|t:|1743849157
|move|p2a: Iron Treads|Earthquake|p1a: Kingambit
|-supereffective|p1a: Kingambit
|-damage|p1a: Kingambit|34/100
|move|p1a: Kingambit|Swords Dance|p1a: Kingambit
|-boost|p1a: Kingambit|atk|2
|
|-weather|RainDance|[upkeep]
|upkeep
|turn|17
|
|t:|1743849161
|move|p1a: Kingambit|Sucker Punch|p2a: Iron Treads
|-damage|p2a: Iron Treads|9/100
|move|p2a: Iron Treads|Earthquake|p1a: Kingambit
|-supereffective|p1a: Kingambit
|-damage|p1a: Kingambit|0 fnt
|faint|p1a: Kingambit
|-end|p1a: Kingambit|fallen3|[silent]
|
|-weather|none
|-sideend|p1: varimare|move: Tailwind
|upkeep
|
|t:|1743849166
|switch|p1a: Iron Boulder|Iron Boulder, tera:Flying|25/100
|turn|18
|
|t:|1743849168
|move|p2a: Iron Treads|Knock Off|p1a: Iron Boulder
|-damage|p1a: Iron Boulder|0 fnt
|faint|p1a: Iron Boulder
|-end|p1a: Iron Boulder|Quark Drive|[silent]
|
|upkeep
|
|t:|1743849171
|switch|p1a: Ogerpon|Ogerpon-Wellspring, F|100/100
|turn|19
|
|t:|1743849176
|move|p1a: Ogerpon|Spiky Shield|p1a: Ogerpon
|-singleturn|p1a: Ogerpon|move: Protect
|move|p2a: Iron Treads|Earthquake|p1a: Ogerpon
|-activate|p1a: Ogerpon|move: Protect
|
|upkeep
|turn|20
|
|t:|1743849181
|move|p2a: Iron Treads|Earthquake|p1a: Ogerpon
|-resisted|p1a: Ogerpon
|-damage|p1a: Ogerpon|68/100
|move|p1a: Ogerpon|Ivy Cudgel|p2a: Iron Treads|[anim] Ivy Cudgel Water
|-supereffective|p2a: Iron Treads
|-damage|p2a: Iron Treads|0 fnt
|faint|p2a: Iron Treads
|-end|p2a: Iron Treads|Quark Drive|[silent]
|
|upkeep
|-message|varimare forfeited.
|
|win|N0AH__123__
|raw|varimare's rating: 1204 &rarr; <strong>1183</strong><br />(-21 for losing)
|raw|N0AH__123__'s rating: 1262 &rarr; <strong>1283</strong><br />(+21 for winning)
|l|☆varimare
|player|p1|
|l|☆N0AH__123__
|player|p2|
