|j|☆mokademon23
|j|☆PK~Hunter☆
|t:|1743903732
|gametype|singles
|player|p1|mokademon23|102|1060
|player|p2|PK~Hunter☆|265|1111
|teamsize|p1|6
|teamsize|p2|6
|gen|9
|tier|[Gen 9] OU
|rated|
|rule|HP Percentage Mod: HP is shown in percentages
|rule|Endless Battle Clause: Forcing endless battles is banned
|rule|Species Clause: Limit one of each Pokémon
|rule|OHKO Clause: OHKO moves are banned
|rule|Evasion Items Clause: Evasion items are banned
|rule|Evasion Moves Clause: Evasion moves are banned
|rule|Sleep Moves Clause: Sleep-inducing moves are banned
|clearpoke
|poke|p1|Ting-Lu|
|poke|p1|Blaziken, M|
|poke|p1|Tinkaton, F|
|poke|p1|Dragapult, M|
|poke|p1|Cinderace, M|
|poke|p1|Kingambit, M|
|poke|p2|Porygon-Z|
|poke|p2|Ribombee, M|
|poke|p2|Cinderace, M|
|poke|p2|Great Tusk|
|poke|p2|Dragapult, M|
|poke|p2|Gholdengo|
|teampreview
|
|t:|1743903740
|start
|switch|p1a: Ting-Lu|Ting-Lu|100/100
|switch|p2a: Ribombee|Ribombee, M|100/100
|-ability|p1a: Ting-Lu|Vessel of Ruin
|turn|1
|
|t:|1743903748
|move|p2a: Ribombee|Sticky Web|p1a: Ting-Lu
|-sidestart|p1: mokademon23|move: Sticky Web
|move|p1a: Ting-Lu|Spikes|p2a: Ribombee
|-sidestart|p2: PK~Hunter☆|Spikes
|
|upkeep
|turn|2
|
|t:|1743903752
|move|p2a: Ribombee|Stun Spore|p1a: Ting-Lu
|-status|p1a: Ting-Lu|par
|cant|p1a: Ting-Lu|par
|
|upkeep
|turn|3
|
|t:|1743903759
|move|p2a: Ribombee|Moonblast|p1a: Ting-Lu
|-supereffective|p1a: Ting-Lu
|-damage|p1a: Ting-Lu|47/100 par
|move|p1a: Ting-Lu|Stealth Rock|p2a: Ribombee
|-sidestart|p2: PK~Hunter☆|move: Stealth Rock
|
|-heal|p1a: Ting-Lu|53/100 par|[from] item: Leftovers
|upkeep
|turn|4
|
|t:|1743903766
|move|p2a: Ribombee|Moonblast|p1a: Ting-Lu
|-supereffective|p1a: Ting-Lu
|-damage|p1a: Ting-Lu|0 fnt
|faint|p1a: Ting-Lu
|
|upkeep
|
|t:|1743903774
|switch|p1a: Blaziken|Blaziken, M|100/100
|-activate|p1a: Blaziken|move: Sticky Web
|-unboost|p1a: Blaziken|spe|1
|turn|5
|
|t:|1743903779
|move|p2a: Ribombee|Moonblast|p1a: Blaziken
|-damage|p1a: Blaziken|67/100
|move|p1a: Blaziken|Blaze Kick|p2a: Ribombee
|-supereffective|p2a: Ribombee
|-enditem|p2a: Ribombee|Focus Sash
|-damage|p2a: Ribombee|1/100
|
|-ability|p1a: Blaziken|Speed Boost|boost
|-boost|p1a: Blaziken|spe|1
|upkeep
|turn|6
|
|t:|1743903788
|move|p2a: Ribombee|Stun Spore|p1a: Blaziken|[miss]
|-miss|p2a: Ribombee|p1a: Blaziken
|move|p1a: Blaziken|Blaze Kick|p2a: Ribombee
|-supereffective|p2a: Ribombee
|-damage|p2a: Ribombee|0 fnt
|faint|p2a: Ribombee
|
|-ability|p1a: Blaziken|Speed Boost|boost
|-boost|p1a: Blaziken|spe|1
|upkeep
|
|t:|1743903795
|switch|p2a: Great Tusk|Great Tusk|100/100
|-damage|p2a: Great Tusk|88/100|[from] Spikes
|-damage|p2a: Great Tusk|85/100|[from] Stealth Rock
|-enditem|p2a: Great Tusk|Booster Energy
|-activate|p2a: Great Tusk|ability: Protosynthesis|[fromitem]
|-start|p2a: Great Tusk|protosynthesisatk
|turn|7
|
|t:|1743903804
|move|p1a: Blaziken|Close Combat|p2a: Great Tusk
|-damage|p2a: Great Tusk|48/100
|-unboost|p1a: Blaziken|def|1
|-unboost|p1a: Blaziken|spd|1
|move|p2a: Great Tusk|Rapid Spin|p1a: Blaziken
|-damage|p1a: Blaziken|25/100
|-boost|p2a: Great Tusk|spe|1
|-sideend|p2: PK~Hunter☆|Spikes|[from] move: Rapid Spin|[of] p2a: Great Tusk
|-sideend|p2: PK~Hunter☆|Stealth Rock|[from] move: Rapid Spin|[of] p2a: Great Tusk
|
|-ability|p1a: Blaziken|Speed Boost|boost
|-boost|p1a: Blaziken|spe|1
|upkeep
|turn|8
|
|t:|1743903816
|move|p2a: Great Tusk|Close Combat|p1a: Blaziken
|-damage|p1a: Blaziken|0 fnt
|-unboost|p2a: Great Tusk|def|1
|-unboost|p2a: Great Tusk|spd|1
|faint|p1a: Blaziken
|
|upkeep
|
|t:|1743903849
|switch|p1a: Dragapult|Dragapult, M|100/100
|-activate|p1a: Dragapult|move: Sticky Web
|-unboost|p1a: Dragapult|spe|1
|turn|9
|inactive|Battle timer is ON: inactive players will automatically lose when time's up. (requested by PK~Hunter☆)
|
|t:|1743903867
|move|p2a: Great Tusk|Headlong Rush|p1a: Dragapult
|-damage|p1a: Dragapult|0 fnt
|-unboost|p2a: Great Tusk|def|1
|-unboost|p2a: Great Tusk|spd|1
|faint|p1a: Dragapult
|
|upkeep
|
|t:|1743903877
|switch|p1a: Tinkaton|Tinkaton, F|100/100
|-activate|p1a: Tinkaton|move: Sticky Web
|-unboost|p1a: Tinkaton|spe|1
|-ability|p1a: Tinkaton|Mold Breaker
|turn|10
|
|t:|1743903880
|move|p2a: Great Tusk|Headlong Rush|p1a: Tinkaton
|-supereffective|p1a: Tinkaton
|-damage|p1a: Tinkaton|0 fnt
|-unboost|p2a: Great Tusk|def|1
|-unboost|p2a: Great Tusk|spd|1
|faint|p1a: Tinkaton
|
|upkeep
|
|t:|1743903884
|switch|p1a: Cinderace|Cinderace, M|100/100
|-activate|p1a: Cinderace|move: Sticky Web
|-unboost|p1a: Cinderace|spe|1
|turn|11
|
|t:|1743903890
|move|p2a: Great Tusk|Headlong Rush|p1a: Cinderace
|-supereffective|p1a: Cinderace
|-damage|p1a: Cinderace|0 fnt
|-unboost|p2a: Great Tusk|def|1
|-unboost|p2a: Great Tusk|spd|1
|faint|p1a: Cinderace
|
|upkeep
|
|t:|1743903896
|switch|p1a: Kingambit|Kingambit, M|100/100
|-activate|p1a: Kingambit|move: Sticky Web
|-unboost|p1a: Kingambit|spe|1
|-activate|p1a: Kingambit|ability: Supreme Overlord
|-start|p1a: Kingambit|fallen5|[silent]
|turn|12
|
|t:|1743903900
|move|p2a: Great Tusk|Headlong Rush|p1a: Kingambit
|-supereffective|p1a: Kingambit
|-damage|p1a: Kingambit|0 fnt
|-unboost|p2a: Great Tusk|def|1
|-unboost|p2a: Great Tusk|spd|1
|faint|p1a: Kingambit
|-end|p1a: Kingambit|fallen5|[silent]
|
|win|PK~Hunter☆
|raw|mokademon23's rating: 1060 &rarr; <strong>1044</strong><br />(-16 for losing)
|raw|PK~Hunter☆'s rating: 1111 &rarr; <strong>1132</strong><br />(+21 for winning)
