|j|☆wodeshijiegaowan
|j|☆kittensnax
|t:|1743913454
|gametype|singles
|player|p1|wodeshijiegaowan|bugcatcher-gen4dp|1061
|player|p2|kittensnax|pokekid|1138
|teamsize|p1|6
|teamsize|p2|6
|gen|9
|tier|[Gen 9] OU
|rated|
|rule|HP Percentage Mod: HP is shown in percentages
|rule|Endless Battle Clause: Forcing endless battles is banned
|rule|Species Clause: Limit one of each Pokémon
|rule|OHKO Clause: OHKO moves are banned
|rule|Evasion Items Clause: Evasion items are banned
|rule|Evasion Moves Clause: Evasion moves are banned
|rule|Sleep Moves Clause: Sleep-inducing moves are banned
|clearpoke
|poke|p1|Zapdos|
|poke|p1|Ting-Lu|
|poke|p1|Kyurem|
|poke|p1|Dragonite, F|
|poke|p1|Hatterene, F|
|poke|p1|Araquanid, F|
|poke|p2|Porygon2|
|poke|p2|Farigiraf, M|
|poke|p2|Dragonite, F|
|poke|p2|Primarina, M|
|poke|p2|Ursaluna, F|
|poke|p2|Meowscarada, F|
|teampreview
|
|t:|1743913464
|start
|switch|p1a: Kyurem|Kyurem|100/100
|switch|p2a: FaRiGiЯaꟻ|Farigiraf, M, shiny|100/100
|-ability|p1a: Kyurem|Pressure
|turn|1
|
|t:|1743913473
|move|p1a: Kyurem|Dragon Dance|p1a: Kyurem
|-boost|p1a: Kyurem|atk|1
|-boost|p1a: Kyurem|spe|1
|move|p2a: FaRiGiЯaꟻ|Trick Room|p2a: FaRiGiЯaꟻ
|-fieldstart|move: Trick Room|[of] p2a: FaRiGiЯaꟻ
|
|upkeep
|turn|2
|
|t:|1743913482
|move|p2a: FaRiGiЯaꟻ|Nasty Plot|p2a: FaRiGiЯaꟻ
|-boost|p2a: FaRiGiЯaꟻ|spa|2
|move|p1a: Kyurem|Icicle Spear|p2a: FaRiGiЯaꟻ
|-damage|p2a: FaRiGiЯaꟻ|78/100
|-damage|p2a: FaRiGiЯaꟻ|57/100
|-damage|p2a: FaRiGiЯaꟻ|35/100
|-damage|p2a: FaRiGiЯaꟻ|13/100
|-enditem|p2a: FaRiGiЯaꟻ|Petaya Berry|[eat]
|-boost|p2a: FaRiGiЯaꟻ|spa|1|[from] item: Petaya Berry
|-damage|p2a: FaRiGiЯaꟻ|0 fnt
|faint|p2a: FaRiGiЯaꟻ
|-hitcount|p2: FaRiGiЯaꟻ|5
|
|upkeep
|
|t:|1743913493
|switch|p2a: Ursaluna|Ursaluna, F|100/100
|turn|3
|
|t:|1743913500
|-terastallize|p2a: Ursaluna|Normal
|move|p2a: Ursaluna|Drain Punch|p1a: Kyurem
|-supereffective|p1a: Kyurem
|-damage|p1a: Kyurem|51/100
|move|p1a: Kyurem|Icicle Spear|p2a: Ursaluna
|-damage|p2a: Ursaluna|85/100
|-damage|p2a: Ursaluna|68/100
|-damage|p2a: Ursaluna|52/100
|-damage|p2a: Ursaluna|37/100
|-damage|p2a: Ursaluna|22/100
|-hitcount|p2a: Ursaluna|5
|
|-status|p2a: Ursaluna|brn|[from] item: Flame Orb
|upkeep
|turn|4
|
|t:|1743913520
|move|p2a: Ursaluna|Facade|p1a: Kyurem
|-damage|p1a: Kyurem|0 fnt
|faint|p1a: Kyurem
|
|-damage|p2a: Ursaluna|16/100 brn|[from] brn
|upkeep
|
|t:|1743913528
|switch|p1a: Dragonite|Dragonite, F|100/100
|turn|5
|
|t:|1743913533
|move|p2a: Ursaluna|Fling|p1a: Dragonite
|-damage|p1a: Dragonite|91/100
|-status|p1a: Dragonite|brn
|-enditem|p2a: Ursaluna|Flame Orb|[from] move: Fling
|move|p1a: Dragonite|Dragon Dance|p1a: Dragonite
|-boost|p1a: Dragonite|atk|1
|-boost|p1a: Dragonite|spe|1
|
|-heal|p1a: Dragonite|97/100 brn|[from] item: Leftovers
|-damage|p2a: Ursaluna|10/100 brn|[from] brn
|-damage|p1a: Dragonite|91/100 brn|[from] brn
|-fieldend|move: Trick Room
|upkeep
|turn|6
|
|t:|1743913546
|move|p1a: Dragonite|Dragon Dance|p1a: Dragonite
|-boost|p1a: Dragonite|atk|1
|-boost|p1a: Dragonite|spe|1
|move|p2a: Ursaluna|Facade|p1a: Dragonite
|-damage|p1a: Dragonite|0 fnt
|faint|p1a: Dragonite
|
|-damage|p2a: Ursaluna|4/100 brn|[from] brn
|upkeep
|
|t:|1743913557
|switch|p1a: Ting-Lu|Ting-Lu|100/100
|-ability|p1a: Ting-Lu|Vessel of Ruin
|turn|7
|
|t:|1743913564
|move|p2a: Ursaluna|Drain Punch|p1a: Ting-Lu
|-supereffective|p1a: Ting-Lu
|-damage|p1a: Ting-Lu|60/100
|-heal|p2a: Ursaluna|27/100 brn|[from] drain|[of] p1a: Ting-Lu
|move|p1a: Ting-Lu|Rock Slide|p2a: Ursaluna
|-damage|p2a: Ursaluna|11/100 brn
|
|-heal|p1a: Ting-Lu|66/100|[from] item: Leftovers
|-damage|p2a: Ursaluna|5/100 brn|[from] brn
|upkeep
|turn|8
|
|t:|1743913580
|switch|p1a: Hatterene|Hatterene, F|100/100
|move|p2a: Ursaluna|Facade|p1a: Hatterene
|-damage|p1a: Hatterene|0 fnt
|faint|p1a: Hatterene
|
|-damage|p2a: Ursaluna|0 fnt|[from] brn
|faint|p2a: Ursaluna
|upkeep
|
|t:|1743913590
|switch|p2a: Porygambling2|Porygon2|100/100
|switch|p1a: Ting-Lu|Ting-Lu|66/100
|-ability|p2a: Porygambling2|Download|boost
|-boost|p2a: Porygambling2|spa|1
|-ability|p1a: Ting-Lu|Vessel of Ruin
|turn|9
|
|t:|1743913601
|move|p2a: Porygambling2|Ice Beam|p1a: Ting-Lu
|-supereffective|p1a: Ting-Lu
|-damage|p1a: Ting-Lu|21/100
|move|p1a: Ting-Lu|Body Press|p2a: Porygambling2
|-supereffective|p2a: Porygambling2
|-damage|p2a: Porygambling2|60/100
|
|-heal|p1a: Ting-Lu|27/100|[from] item: Leftovers
|upkeep
|turn|10
|
|t:|1743913616
|-terastallize|p1a: Ting-Lu|Dark
|move|p2a: Porygambling2|Tera Blast|p1a: Ting-Lu
|-damage|p1a: Ting-Lu|0 fnt
|faint|p1a: Ting-Lu
|
|upkeep
|
|t:|1743913625
|switch|p1a: Zapdos|Zapdos|100/100
|turn|11
|
|t:|1743913633
|move|p1a: Zapdos|Thunderbolt|p2a: Porygambling2
|-damage|p2a: Porygambling2|32/100
|move|p2a: Porygambling2|Ice Beam|p1a: Zapdos
|-supereffective|p1a: Zapdos
|-damage|p1a: Zapdos|18/100
|-status|p1a: Zapdos|frz
|
|upkeep
|turn|12
|
|t:|1743913639
|cant|p1a: Zapdos|frz
|move|p2a: Porygambling2|Recover|p2a: Porygambling2
|-heal|p2a: Porygambling2|82/100
|
|upkeep
|turn|13
|
|t:|1743913642
|cant|p1a: Zapdos|frz
|move|p2a: Porygambling2|Tera Blast|p1a: Zapdos
|-damage|p1a: Zapdos|0 fnt
|faint|p1a: Zapdos
|
|upkeep
|
|t:|1743913645
|switch|p1a: Araquanid|Araquanid, F|100/100
|turn|14
|
|t:|1743913650
|move|p2a: Porygambling2|Thunderbolt|p1a: Araquanid
|-supereffective|p1a: Araquanid
|-damage|p1a: Araquanid|12/100
|move|p1a: Araquanid|Liquidation|p2a: Porygambling2
|-damage|p2a: Porygambling2|39/100
|
|-heal|p1a: Araquanid|19/100|[from] item: Leftovers
|upkeep
|turn|15
|-message|wodeshijiegaowan forfeited.
|
|win|kittensnax
|raw|wodeshijiegaowan's rating: 1061 &rarr; <strong>1046</strong><br />(-15 for losing)
|raw|kittensnax's rating: 1138 &rarr; <strong>1158</strong><br />(+20 for winning)
|l|☆wodeshijiegaowan
|player|p1|
|j|☆wodeshijiegaowan
|player|p1|wodeshijiegaowan|bugcatcher-gen4dp|
|l|☆kittensnax
|player|p2|
|l|☆wodeshijiegaowan
|player|p1|
