|j|☆Liam Doria Vinck
|j|☆tourdragon1
|t:|1743788626
|gametype|singles
|player|p1|Liam Doria Vinck|1|1068
|player|p2|tourdragon1|elesa|1094
|teamsize|p1|6
|teamsize|p2|6
|gen|9
|tier|[Gen 9] OU
|rated|
|rule|HP Percentage Mod: HP is shown in percentages
|rule|Endless Battle Clause: Forcing endless battles is banned
|rule|Species Clause: Limit one of each Pokémon
|rule|OHKO Clause: OHKO moves are banned
|rule|Evasion Items Clause: Evasion items are banned
|rule|Evasion Moves Clause: Evasion moves are banned
|rule|Sleep Moves Clause: Sleep-inducing moves are banned
|clearpoke
|poke|p1|Pikachu-Partner, M|
|poke|p1|Ninetales-Alola, M|
|poke|p1|Pincurchin, M|
|poke|p1|Iron Valiant|
|poke|p1|Hatterene, F|
|poke|p1|Iron Treads|
|poke|p2|Iron Valiant|
|poke|p2|Ogerpon-Cornerstone, F|
|poke|p2|Cinderace, M|
|poke|p2|Clodsire, M|
|poke|p2|Corviknight, M|
|poke|p2|Raging Bolt|
|teampreview
|
|t:|1743788644
|start
|switch|p1a: Ninetales|Ninetales-Alola, M|100/100
|switch|p2a: FEET??|Cinderace, M|100/100
|-weather|Snowscape|[from] ability: Snow Warning|[of] p1a: Ninetales
|turn|1
|inactive|Battle timer is ON: inactive players will automatically lose when time's up. (requested by tourdragon1)
|
|t:|1743788659
|switch|p1a: Pincurchin|Pincurchin, M|100/100
|-fieldstart|move: Electric Terrain|[from] ability: Electric Surge|[of] p1a: Pincurchin
|move|p2a: FEET??|Pyro Ball|p1a: Pincurchin|[miss]
|-miss|p2a: FEET??|p1a: Pincurchin
|
|-weather|Snowscape|[upkeep]
|upkeep
|turn|2
|
|t:|1743788669
|move|p2a: FEET??|U-turn|p1a: Pincurchin
|-start|p2a: FEET??|typechange|Bug|[from] ability: Libero
|-damage|p1a: Pincurchin|59/100
|-enditem|p1a: Pincurchin|Eject Button
|
|t:|1743788694
|switch|p1a: Pikachu|Pikachu-Partner, M|100/100
|
|-weather|Snowscape|[upkeep]
|upkeep
|turn|3
|
|t:|1743788706
|switch|p2a: Mr. Sire|Clodsire, M|100/100
|-terastallize|p1a: Pikachu|Ice
|move|p1a: Pikachu|Agility|p1a: Pikachu
|-boost|p1a: Pikachu|spe|2
|
|-weather|Snowscape|[upkeep]
|upkeep
|turn|4
|
|t:|1743788726
|move|p1a: Pikachu|Tera Blast|p2a: Mr. Sire|[anim] Tera Blast Ice
|-supereffective|p2a: Mr. Sire
|-damage|p2a: Mr. Sire|47/100
|move|p2a: Mr. Sire|Earthquake|p1a: Pikachu
|-damage|p1a: Pikachu|55/100
|
|-weather|Snowscape|[upkeep]
|upkeep
|turn|5
|inactive|tourdragon1 has 120 seconds left.
|
|t:|1743788774
|switch|p2a: Mr. Knight|Corviknight, M|100/100
|-ability|p2a: Mr. Knight|Pressure
|move|p1a: Pikachu|Tera Blast|p2a: Mr. Knight|[anim] Tera Blast Ice
|-damage|p2a: Mr. Knight|55/100
|
|-weather|none
|-fieldend|move: Electric Terrain
|upkeep
|turn|6
|
|t:|1743788779
|move|p1a: Pikachu|Thunderbolt|p2a: Mr. Knight
|-supereffective|p2a: Mr. Knight
|-damage|p2a: Mr. Knight|0 fnt
|faint|p2a: Mr. Knight
|
|upkeep
|
|t:|1743788795
|switch|p2a: FEET??|Cinderace, M|100/100
|turn|7
|
|t:|1743788802
|move|p1a: Pikachu|Thunderbolt|p2a: FEET??
|-damage|p2a: FEET??|15/100
|move|p2a: FEET??|U-turn|p1a: Pikachu
|-start|p2a: FEET??|typechange|Bug|[from] ability: Libero
|-damage|p1a: Pikachu|0 fnt
|faint|p1a: Pikachu
|
|t:|1743788808
|switch|p2a: Well-Sprung Trick|Ogerpon-Cornerstone, F|100/100|[from] U-turn
|
|upkeep
|
|t:|1743788828
|switch|p1a: Pincurchin|Pincurchin, M|59/100
|-fieldstart|move: Electric Terrain|[from] ability: Electric Surge|[of] p1a: Pincurchin
|turn|8
|inactive|tourdragon1 has 120 seconds left.
|
|t:|1743788840
|switch|p2a: Mr. Sire|Clodsire, M|47/100
|move|p1a: Pincurchin|Memento|p2a: Mr. Sire
|-unboost|p2a: Mr. Sire|atk|2
|-unboost|p2a: Mr. Sire|spa|2
|faint|p1a: Pincurchin
|
|upkeep
|
|t:|1743788847
|switch|p1a: Iron Valiant|Iron Valiant|100/100
|-activate|p1a: Iron Valiant|ability: Quark Drive
|-start|p1a: Iron Valiant|quarkdrivespe
|turn|9
|
|t:|1743788854
|move|p1a: Iron Valiant|Psychic|p2a: Mr. Sire
|-supereffective|p2a: Mr. Sire
|-damage|p2a: Mr. Sire|4/100
|-damage|p1a: Iron Valiant|90/100|[from] item: Life Orb
|move|p2a: Mr. Sire|Recover|p2a: Mr. Sire
|-heal|p2a: Mr. Sire|54/100
|
|upkeep
|turn|10
|
|t:|1743788869
|move|p1a: Iron Valiant|Psychic|p2a: Mr. Sire
|-supereffective|p2a: Mr. Sire
|-damage|p2a: Mr. Sire|9/100
|-unboost|p2a: Mr. Sire|spd|1
|-damage|p1a: Iron Valiant|80/100|[from] item: Life Orb
|move|p2a: Mr. Sire|Recover|p2a: Mr. Sire
|-heal|p2a: Mr. Sire|59/100
|
|upkeep
|turn|11
|
|t:|1743788880
|switch|p2a: Great Neck|Raging Bolt|100/100
|move|p1a: Iron Valiant|Psychic|p2a: Great Neck
|-damage|p2a: Great Neck|66/100
|-damage|p1a: Iron Valiant|70/100|[from] item: Life Orb
|
|-heal|p2a: Great Neck|73/100|[from] item: Leftovers
|upkeep
|turn|12
|
|t:|1743788889
|move|p2a: Great Neck|Thunderclap|p1a: Iron Valiant
|-damage|p1a: Iron Valiant|0 fnt
|faint|p1a: Iron Valiant
|-end|p1a: Iron Valiant|Quark Drive|[silent]
|
|-heal|p2a: Great Neck|79/100|[from] item: Leftovers
|-fieldend|move: Electric Terrain
|upkeep
|
|t:|1743788892
|switch|p1a: Ninetales|Ninetales-Alola, M|100/100
|-weather|Snowscape|[from] ability: Snow Warning|[of] p1a: Ninetales
|turn|13
|
|t:|1743788896
|move|p1a: Ninetales|Aurora Veil|p1a: Ninetales
|-sidestart|p1: Liam Doria Vinck|move: Aurora Veil
|move|p2a: Great Neck|Thunderbolt|p1a: Ninetales
|-damage|p1a: Ninetales|69/100
|
|-weather|Snowscape|[upkeep]
|-heal|p2a: Great Neck|85/100|[from] item: Leftovers
|upkeep
|turn|14
|
|t:|1743788901
|move|p1a: Ninetales|Calm Mind|p1a: Ninetales
|-boost|p1a: Ninetales|spa|1
|-boost|p1a: Ninetales|spd|1
|move|p2a: Great Neck|Thunderbolt|p1a: Ninetales
|-damage|p1a: Ninetales|48/100
|
|-weather|Snowscape|[upkeep]
|-heal|p2a: Great Neck|91/100|[from] item: Leftovers
|upkeep
|turn|15
|
|t:|1743788909
|move|p1a: Ninetales|Moonblast|p2a: Great Neck
|-supereffective|p2a: Great Neck
|-damage|p2a: Great Neck|8/100
|move|p2a: Great Neck|Thunderbolt|p1a: Ninetales
|-damage|p1a: Ninetales|27/100
|
|-weather|Snowscape|[upkeep]
|-heal|p2a: Great Neck|14/100|[from] item: Leftovers
|upkeep
|turn|16
|
|t:|1743788918
|move|p1a: Ninetales|Calm Mind|p1a: Ninetales
|-boost|p1a: Ninetales|spa|1
|-boost|p1a: Ninetales|spd|1
|move|p2a: Great Neck|Thunderbolt|p1a: Ninetales
|-crit|p1a: Ninetales
|-damage|p1a: Ninetales|0 fnt
|faint|p1a: Ninetales
|
|-weather|Snowscape|[upkeep]
|-heal|p2a: Great Neck|20/100|[from] item: Leftovers
|upkeep
|
|t:|1743788931
|switch|p1a: Hatterene|Hatterene, F|100/100
|turn|17
|
|t:|1743788934
|move|p2a: Great Neck|Thunderbolt|p1a: Hatterene
|-damage|p1a: Hatterene|75/100
|move|p1a: Hatterene|Calm Mind|p1a: Hatterene
|-boost|p1a: Hatterene|spa|1
|-boost|p1a: Hatterene|spd|1
|
|-weather|none
|-heal|p2a: Great Neck|26/100|[from] item: Leftovers
|upkeep
|turn|18
|
|t:|1743788938
|move|p2a: Great Neck|Calm Mind|p2a: Great Neck
|-boost|p2a: Great Neck|spa|1
|-boost|p2a: Great Neck|spd|1
|move|p1a: Hatterene|Calm Mind|p1a: Hatterene
|-boost|p1a: Hatterene|spa|1
|-boost|p1a: Hatterene|spd|1
|
|-heal|p2a: Great Neck|32/100|[from] item: Leftovers
|upkeep
|turn|19
|
|t:|1743788941
|move|p2a: Great Neck|Calm Mind|p2a: Great Neck
|-boost|p2a: Great Neck|spa|1
|-boost|p2a: Great Neck|spd|1
|move|p1a: Hatterene|Calm Mind|p1a: Hatterene
|-boost|p1a: Hatterene|spa|1
|-boost|p1a: Hatterene|spd|1
|
|-heal|p2a: Great Neck|39/100|[from] item: Leftovers
|upkeep
|turn|20
|
|t:|1743788944
|move|p2a: Great Neck|Calm Mind|p2a: Great Neck
|-boost|p2a: Great Neck|spa|1
|-boost|p2a: Great Neck|spd|1
|move|p1a: Hatterene|Calm Mind|p1a: Hatterene
|-boost|p1a: Hatterene|spa|1
|-boost|p1a: Hatterene|spd|1
|
|-heal|p2a: Great Neck|45/100|[from] item: Leftovers
|-sideend|p1: Liam Doria Vinck|move: Aurora Veil
|upkeep
|turn|21
|
|t:|1743788945
|move|p2a: Great Neck|Thunderbolt|p1a: Hatterene
|-damage|p1a: Hatterene|29/100
|move|p1a: Hatterene|Calm Mind|p1a: Hatterene
|-boost|p1a: Hatterene|spa|1
|-boost|p1a: Hatterene|spd|1
|
|-heal|p2a: Great Neck|51/100|[from] item: Leftovers
|upkeep
|turn|22
|
|t:|1743788948
|move|p2a: Great Neck|Thunderbolt|p1a: Hatterene
|-damage|p1a: Hatterene|0 fnt
|faint|p1a: Hatterene
|
|-heal|p2a: Great Neck|57/100|[from] item: Leftovers
|upkeep
|
|t:|1743788952
|switch|p1a: Iron Treads|Iron Treads|100/100
|-enditem|p1a: Iron Treads|Booster Energy
|-activate|p1a: Iron Treads|ability: Quark Drive|[fromitem]
|-start|p1a: Iron Treads|quarkdriveatk
|turn|23
|
|t:|1743788961
|-terastallize|p2a: Great Neck|Flying
|move|p1a: Iron Treads|Earthquake|p2a: Great Neck
|-immune|p2a: Great Neck
|move|p2a: Great Neck|Draco Meteor|p1a: Iron Treads
|-resisted|p1a: Iron Treads
|-damage|p1a: Iron Treads|0 fnt
|-unboost|p2a: Great Neck|spa|2
|faint|p1a: Iron Treads
|-end|p1a: Iron Treads|Quark Drive|[silent]
|
|win|tourdragon1
|raw|Liam Doria Vinck's rating: 1068 &rarr; <strong>1049</strong><br />(-19 for losing)
|raw|tourdragon1's rating: 1094 &rarr; <strong>1118</strong><br />(+24 for winning)
|l|☆Liam Doria Vinck
|player|p1|
