|j|☆Pokotom2
|j|☆Frostywingz
|t:|1743859973
|gametype|singles
|player|p1|Pokotom2|1|1172
|player|p2|Frostywingz|sabrina|1186
|teamsize|p1|6
|teamsize|p2|6
|gen|9
|tier|[Gen 9] OU
|rated|
|rule|HP Percentage Mod: HP is shown in percentages
|rule|Endless Battle Clause: Forcing endless battles is banned
|rule|Species Clause: Limit one of each Pokémon
|rule|OHKO Clause: OHKO moves are banned
|rule|Evasion Items Clause: Evasion items are banned
|rule|Evasion Moves Clause: Evasion moves are banned
|rule|Sleep Moves Clause: Sleep-inducing moves are banned
|clearpoke
|poke|p1|Primarina, M|
|poke|p1|Incineroar, M|
|poke|p1|Decidueye-Hisui, F|
|poke|p1|Kommo-o, F|
|poke|p1|Araquanid, M|
|poke|p1|Mimikyu, F|
|poke|p2|Dusclops, M|
|poke|p2|Articuno|
|poke|p2|Cinccino, M|
|poke|p2|Meowstic, M|
|poke|p2|Iron Valiant|
|poke|p2|Ribombee, F|
|teampreview
|inactive|Battle timer is ON: inactive players will automatically lose when time's up. (requested by Frostywingz)
|
|t:|1743859978
|start
|switch|p1a: Araquanid|Araquanid, M|100/100
|switch|p2a: Articuno|Articuno|100/100
|-ability|p2a: Articuno|Pressure
|turn|1
|
|t:|1743859986
|move|p2a: Articuno|Freeze-Dry|p1a: Araquanid
|-supereffective|p1a: Araquanid
|-damage|p1a: Araquanid|33/100
|move|p1a: Araquanid|Sticky Web|p2a: Articuno
|-sidestart|p2: Frostywingz|move: Sticky Web
|
|upkeep
|turn|2
|
|t:|1743859993
|move|p2a: Articuno|Freeze-Dry|p1a: Araquanid
|-supereffective|p1a: Araquanid
|-damage|p1a: Araquanid|0 fnt
|faint|p1a: Araquanid
|
|upkeep
|
|t:|1743860009
|switch|p1a: Incineroar|Incineroar, M|100/100
|-ability|p1a: Incineroar|Intimidate|boost
|-unboost|p2a: Articuno|atk|1
|turn|3
|
|t:|1743860017
|switch|p2a: Meowstic|Meowstic, M|100/100
|-activate|p2a: Meowstic|move: Sticky Web
|-unboost|p2a: Meowstic|spe|1
|move|p1a: Incineroar|Knock Off|p2a: Meowstic
|-supereffective|p2a: Meowstic
|-damage|p2a: Meowstic|0 fnt
|-enditem|p2a: Meowstic|Light Clay|[from] move: Knock Off|[of] p1a: Incineroar
|faint|p2a: Meowstic
|
|upkeep
|
|t:|1743860020
|switch|p2a: Cinccino|Cinccino, M|100/100
|-activate|p2a: Cinccino|move: Sticky Web
|-unboost|p2a: Cinccino|spe|1
|turn|4
|
|t:|1743860033
|move|p2a: Cinccino|Tidy Up|p2a: Cinccino
|-sideend|p2: Frostywingz|Sticky Web
|-activate|p2a: Cinccino|move: Tidy Up
|-boost|p2a: Cinccino|atk|1
|-boost|p2a: Cinccino|spe|1
|move|p1a: Incineroar|Parting Shot|p2a: Cinccino
|-unboost|p2a: Cinccino|atk|1
|-unboost|p2a: Cinccino|spa|1
|
|t:|1743860040
|switch|p1a: Mimikyu|Mimikyu, F|100/100|[from] Parting Shot
|
|upkeep
|turn|5
|
|t:|1743860046
|move|p2a: Cinccino|Bullet Seed|p1a: Mimikyu
|-activate|p1a: Mimikyu|ability: Disguise
|-damage|p1a: Mimikyu|100/100
|detailschange|p1a: Mimikyu|Mimikyu-Busted, F
|-damage|p1a: Mimikyu|88/100|[from] pokemon: Mimikyu-Busted
|-damage|p1a: Mimikyu|70/100
|-damage|p1a: Mimikyu|53/100
|-damage|p1a: Mimikyu|35/100
|-hitcount|p1a: Mimikyu|4
|-enditem|p1a: Mimikyu|Red Card|[of] p2a: Cinccino
|drag|p2a: Dusclops|Dusclops, M|100/100
|move|p1a: Mimikyu|Swords Dance|p1a: Mimikyu
|-boost|p1a: Mimikyu|atk|2
|
|upkeep
|turn|6
|
|t:|1743860063
|move|p1a: Mimikyu|Shadow Claw|p2a: Dusclops
|-supereffective|p2a: Dusclops
|-damage|p2a: Dusclops|34/100
|move|p2a: Dusclops|Shadow Ball|p1a: Mimikyu
|-supereffective|p1a: Mimikyu
|-damage|p1a: Mimikyu|0 fnt
|faint|p1a: Mimikyu
|
|upkeep
|
|t:|1743860073
|switch|p1a: Incineroar|Incineroar, M|100/100
|-ability|p1a: Incineroar|Intimidate|boost
|-unboost|p2a: Dusclops|atk|1
|turn|7
|
|t:|1743860078
|move|p1a: Incineroar|Knock Off|p2a: Dusclops
|-supereffective|p2a: Dusclops
|-damage|p2a: Dusclops|0 fnt
|-enditem|p2a: Dusclops|Eviolite|[from] move: Knock Off|[of] p1a: Incineroar
|faint|p2a: Dusclops
|
|upkeep
|
|t:|1743860080
|switch|p2a: Ribombee|Ribombee, F|100/100
|turn|8
|
|t:|1743860105
|move|p2a: Ribombee|Sticky Web|p1a: Incineroar
|-sidestart|p1: Pokotom2|move: Sticky Web
|move|p1a: Incineroar|Parting Shot|p2a: Ribombee
|-unboost|p2a: Ribombee|atk|1
|-unboost|p2a: Ribombee|spa|1
|inactive|Pokotom2 has 120 seconds left.
|
|t:|1743860122
|switch|p1a: Decidueye|Decidueye-Hisui, F|100/100|[from] Parting Shot
|-activate|p1a: Decidueye|move: Sticky Web
|-unboost|p1a: Decidueye|spe|1
|
|upkeep
|turn|9
|inactive|Pokotom2 has 120 seconds left.
|
|t:|1743860134
|switch|p2a: Iron Valiant|Iron Valiant|100/100
|-enditem|p2a: Iron Valiant|Booster Energy
|-activate|p2a: Iron Valiant|ability: Quark Drive|[fromitem]
|-start|p2a: Iron Valiant|quarkdrivespe
|move|p1a: Decidueye|Triple Arrows|p2a: Iron Valiant
|-resisted|p2a: Iron Valiant
|-damage|p2a: Iron Valiant|59/100
|
|upkeep
|turn|10
|inactive|Pokotom2 has 120 seconds left.
|
|t:|1743860146
|switch|p1a: Primarina|Primarina, M|100/100
|-activate|p1a: Primarina|move: Sticky Web
|-unboost|p1a: Primarina|spe|1
|move|p2a: Iron Valiant|Swords Dance|p2a: Iron Valiant
|-boost|p2a: Iron Valiant|atk|2
|
|upkeep
|turn|11
|
|t:|1743860154
|move|p2a: Iron Valiant|Spirit Break|p1a: Primarina
|-damage|p1a: Primarina|8/100
|-unboost|p1a: Primarina|spa|1
|move|p1a: Primarina|Encore|p2a: Iron Valiant
|-start|p2a: Iron Valiant|Encore
|
|-heal|p1a: Primarina|14/100|[from] item: Leftovers
|upkeep
|turn|12
|inactive|Pokotom2 has 120 seconds left.
|
|t:|1743860171
|move|p2a: Iron Valiant|Spirit Break|p1a: Primarina
|-damage|p1a: Primarina|0 fnt
|faint|p1a: Primarina
|
|upkeep
|inactive|Pokotom2 has 120 seconds left.
|
|t:|1743860177
|switch|p1a: Decidueye|Decidueye-Hisui, F|100/100
|-activate|p1a: Decidueye|move: Sticky Web
|-unboost|p1a: Decidueye|spe|1
|turn|13
|
|t:|1743860185
|move|p2a: Iron Valiant|Spirit Break|p1a: Decidueye
|-supereffective|p1a: Decidueye
|-damage|p1a: Decidueye|0 fnt
|faint|p1a: Decidueye
|
|upkeep
|-message|Pokotom2 forfeited.
|
|win|Frostywingz
|raw|Pokotom2's rating: 1172 &rarr; <strong>1148</strong><br />(-24 for losing)
|raw|Frostywingz's rating: 1186 &rarr; <strong>1210</strong><br />(+24 for winning)
|l|☆Pokotom2
|player|p1|
|l|☆Frostywingz
|player|p2|
