|j|☆Arjenz1900
|j|☆Ashura7u7
|t:|1743841728
|gametype|singles
|player|p1|Arjenz1900|benga|1280
|player|p2|Ashura7u7|dawn|1291
|teamsize|p1|6
|teamsize|p2|6
|gen|9
|tier|[Gen 9] OU
|rated|
|rule|HP Percentage Mod: HP is shown in percentages
|rule|Endless Battle Clause: Forcing endless battles is banned
|rule|Species Clause: Limit one of each Pokémon
|rule|OHKO Clause: OHKO moves are banned
|rule|Evasion Items Clause: Evasion items are banned
|rule|Evasion Moves Clause: Evasion moves are banned
|rule|Sleep Moves Clause: Sleep-inducing moves are banned
|clearpoke
|poke|p1|Iron Valiant|
|poke|p1|Zamazenta-*|
|poke|p1|Enamorus, F|
|poke|p1|Dragapult, M|
|poke|p1|Gliscor, F|
|poke|p1|Landorus-Therian, M|
|poke|p2|Blissey, F|
|poke|p2|Alomomola, F|
|poke|p2|Landorus-Therian, M|
|poke|p2|Tsareena, F|
|poke|p2|Zoroark-Hisui, F|
|poke|p2|Slowking-Galar, M|
|teampreview
|inactive|Battle timer is ON: inactive players will automatically lose when time's up. (requested by Ashura7u7)
|inactive|Arjenz1900 also wants the timer to be on.
|
|t:|1743841742
|start
|switch|p1a: Dragapult|Dragapult, M|100/100
|switch|p2a: Alomomola|Alomomola, F, shiny|100/100
|turn|1
|
|t:|1743841747
|move|p1a: Dragapult|Dragon Darts|p2a: Alomomola
|-damage|p2a: Alomomola|16/100
|replace|p2a: Zoroark|Zoroark-Hisui, F, shiny
|-end|p2a: Zoroark|Illusion
|-anim|p1a: Dragapult|Dragon Darts|p2a: Zoroark
|-damage|p2a: Zoroark|0 fnt
|faint|p2a: Zoroark
|
|upkeep
|
|t:|1743841753
|switch|p2a: Alomomola|Alomomola, F, shiny|100/100
|turn|2
|
|t:|1743841755
|move|p1a: Dragapult|Dragon Darts|p2a: Alomomola
|-damage|p2a: Alomomola|80/100
|-anim|p1a: Dragapult|Dragon Darts|p2a: Alomomola
|-damage|p2a: Alomomola|59/100
|move|p2a: Alomomola|Scald|p1a: Dragapult
|-resisted|p1a: Dragapult
|-damage|p1a: Dragapult|91/100
|
|upkeep
|turn|3
|
|t:|1743841760
|switch|p1a: Enamorus|Enamorus, F|100/100
|move|p2a: Alomomola|Scald|p1a: Enamorus
|-damage|p1a: Enamorus|83/100
|
|upkeep
|turn|4
|
|t:|1743841764
|switch|p2a: Slowking|Slowking-Galar, M|100/100
|move|p1a: Enamorus|Moonblast|p2a: Slowking
|-resisted|p2a: Slowking
|-damage|p2a: Slowking|80/100
|
|upkeep
|turn|5
|
|t:|1743841768
|switch|p1a: Gliscor|Gliscor, F|100/100
|move|p2a: Slowking|Sludge Wave|p1a: Gliscor
|-resisted|p1a: Gliscor
|-damage|p1a: Gliscor|80/100
|
|-status|p1a: Gliscor|tox|[from] item: Toxic Orb
|upkeep
|turn|6
|
|t:|1743841774
|move|p1a: Gliscor|Spikes|p2a: Slowking
|-sidestart|p2: Ashura7u7|Spikes
|move|p2a: Slowking|Ice Beam|p1a: Gliscor
|-supereffective|p1a: Gliscor
|-damage|p1a: Gliscor|0 fnt
|faint|p1a: Gliscor
|
|upkeep
|
|t:|1743841778
|switch|p1a: Landorus|Landorus-Therian, M|100/100
|-ability|p1a: Landorus|Intimidate|boost
|-unboost|p2a: Slowking|atk|1
|turn|7
|
|t:|1743841794
|switch|p2a: Landorus|Landorus-Therian, M, shiny|100/100
|-ability|p2a: Landorus|Intimidate|boost
|-unboost|p1a: Landorus|atk|1
|move|p1a: Landorus|U-turn|p2a: Landorus
|-resisted|p2a: Landorus
|-damage|p2a: Landorus|89/100
|
|t:|1743841800
|switch|p1a: Enamorus|Enamorus, F|83/100|[from] U-turn
|
|upkeep
|turn|8
|
|t:|1743841810
|move|p2a: Landorus|U-turn|p1a: Enamorus
|-resisted|p1a: Enamorus
|-damage|p1a: Enamorus|70/100
|
|t:|1743841814
|switch|p2a: Slowking|Slowking-Galar, M|100/100|[from] U-turn
|-damage|p2a: Slowking|88/100|[from] Spikes
|move|p1a: Enamorus|Moonblast|p2a: Slowking
|-resisted|p2a: Slowking
|-damage|p2a: Slowking|68/100
|-unboost|p2a: Slowking|spa|1
|
|upkeep
|turn|9
|
|t:|1743841820
|switch|p1a: Landorus|Landorus-Therian, M|100/100
|-ability|p1a: Landorus|Intimidate|boost
|-unboost|p2a: Slowking|atk|1
|move|p2a: Slowking|Sludge Wave|p1a: Landorus
|-resisted|p1a: Landorus
|-damage|p1a: Landorus|79/100
|
|upkeep
|turn|10
|
|t:|1743841825
|switch|p2a: Alomomola|Alomomola, F, shiny|92/100
|-damage|p2a: Alomomola|80/100|[from] Spikes
|move|p1a: Landorus|Earthquake|p2a: Alomomola
|-damage|p2a: Alomomola|49/100
|
|upkeep
|turn|11
|
|t:|1743841833
|move|p1a: Landorus|Earthquake|p2a: Alomomola
|-damage|p2a: Alomomola|20/100
|move|p2a: Alomomola|Flip Turn|p1a: Landorus
|-supereffective|p1a: Landorus
|-damage|p1a: Landorus|41/100
|
|t:|1743841836
|switch|p2a: Landorus|Landorus-Therian, M, shiny|89/100|[from] Flip Turn
|-ability|p2a: Landorus|Intimidate|boost
|-unboost|p1a: Landorus|atk|1
|
|upkeep
|turn|12
|
|t:|1743841840
|move|p1a: Landorus|Earthquake|p2a: Landorus
|-immune|p2a: Landorus
|move|p2a: Landorus|U-turn|p1a: Landorus
|-resisted|p1a: Landorus
|-damage|p1a: Landorus|25/100
|
|t:|1743841844
|switch|p2a: Alomomola|Alomomola, F, shiny|53/100|[from] U-turn
|-damage|p2a: Alomomola|41/100|[from] Spikes
|
|upkeep
|turn|13
|
|t:|1743841849
|switch|p1a: Enamorus|Enamorus, F|70/100
|switch|p2a: Landorus|Landorus-Therian, M, shiny|89/100
|-ability|p2a: Landorus|Intimidate|boost
|-boost|p1a: Enamorus|atk|1
|
|upkeep
|turn|14
|
|t:|1743841854
|switch|p2a: Slowking|Slowking-Galar, M|100/100
|-damage|p2a: Slowking|88/100|[from] Spikes
|move|p1a: Enamorus|Focus Blast|p2a: Slowking
|-resisted|p2a: Slowking
|-damage|p2a: Slowking|79/100
|
|upkeep
|turn|15
|
|t:|1743841866
|switch|p1a: Iron Valiant|Iron Valiant|100/100
|move|p2a: Slowking|Ice Beam|p1a: Iron Valiant
|-damage|p1a: Iron Valiant|34/100
|
|upkeep
|turn|16
|
|t:|1743841871
|move|p1a: Iron Valiant|Trick|p2a: Slowking
|-activate|p1a: Iron Valiant|move: Trick|[of] p2a: Slowking
|-item|p2a: Slowking|Choice Scarf|[from] move: Trick
|-item|p1a: Iron Valiant|Assault Vest|[from] move: Trick
|move|p2a: Slowking|Sludge Wave|p1a: Iron Valiant
|-supereffective|p1a: Iron Valiant
|-damage|p1a: Iron Valiant|0 fnt
|faint|p1a: Iron Valiant
|-end|p1a: Iron Valiant|Quark Drive|[silent]
|
|upkeep
|
|t:|1743841876
|switch|p1a: Landorus|Landorus-Therian, M|25/100
|-ability|p1a: Landorus|Intimidate|boost
|-unboost|p2a: Slowking|atk|1
|turn|17
|
|t:|1743841884
|switch|p2a: Landorus|Landorus-Therian, M, shiny|89/100
|-ability|p2a: Landorus|Intimidate|boost
|-unboost|p1a: Landorus|atk|1
|move|p1a: Landorus|U-turn|p2a: Landorus
|-resisted|p2a: Landorus
|-damage|p2a: Landorus|79/100
|
|t:|1743841890
|switch|p1a: Dragapult|Dragapult, M|91/100|[from] U-turn
|
|upkeep
|turn|18
|
|t:|1743841894
|move|p2a: Landorus|Outrage|p1a: Dragapult
|-supereffective|p1a: Dragapult
|-damage|p1a: Dragapult|0 fnt
|faint|p1a: Dragapult
|
|upkeep
|
|t:|1743841897
|switch|p1a: Enamorus|Enamorus, F|70/100
|turn|19
|
|t:|1743841900
|move|p2a: Landorus|Outrage|p1a: Enamorus|[from] lockedmove
|-immune|p1a: Enamorus
|move|p1a: Enamorus|Moonblast|p2a: Landorus
|-damage|p2a: Landorus|0 fnt
|faint|p2a: Landorus
|
|upkeep
|
|t:|1743841905
|switch|p2a: Slowking|Slowking-Galar, M|100/100
|-damage|p2a: Slowking|88/100|[from] Spikes
|turn|20
|
|t:|1743841909
|switch|p1a: Landorus|Landorus-Therian, M|25/100
|-ability|p1a: Landorus|Intimidate|boost
|-unboost|p2a: Slowking|atk|1
|move|p2a: Slowking|Eerie Spell|p1a: Landorus
|-damage|p1a: Landorus|0 fnt
|faint|p1a: Landorus
|
|upkeep
|
|t:|1743841911
|switch|p1a: Zamazenta|Zamazenta|100/100
|-ability|p1a: Zamazenta|Dauntless Shield|boost
|-boost|p1a: Zamazenta|def|1
|turn|21
|
|t:|1743841915
|-terastallize|p1a: Zamazenta|Dark
|move|p1a: Zamazenta|Iron Defense|p1a: Zamazenta
|-boost|p1a: Zamazenta|def|2
|move|p2a: Slowking|Eerie Spell|p1a: Zamazenta
|-immune|p1a: Zamazenta
|
|upkeep
|turn|22
|
|t:|1743841923
|switch|p2a: Tsareena|Tsareena, F, shiny|100/100
|move|p1a: Zamazenta|Iron Defense|p1a: Zamazenta
|-boost|p1a: Zamazenta|def|2
|
|upkeep
|turn|23
|
|t:|1743841925
|move|p1a: Zamazenta|Body Press|p2a: Tsareena
|-damage|p2a: Tsareena|0 fnt
|faint|p2a: Tsareena
|
|upkeep
|
|t:|1743841928
|switch|p2a: Blissey|Blissey, F, shiny|100/100
|-damage|p2a: Blissey|88/100|[from] Spikes
|turn|24
|
|t:|1743841932
|-terastallize|p2a: Blissey|Ghost
|move|p1a: Zamazenta|Body Press|p2a: Blissey
|-immune|p2a: Blissey
|move|p2a: Blissey|Seismic Toss|p1a: Zamazenta
|-damage|p1a: Zamazenta|70/100
|
|-heal|p2a: Blissey|94/100|[from] item: Leftovers
|upkeep
|turn|25
|
|t:|1743841939
|move|p1a: Zamazenta|Crunch|p2a: Blissey
|-supereffective|p2a: Blissey
|-crit|p2a: Blissey
|-damage|p2a: Blissey|0 fnt
|faint|p2a: Blissey
|
|upkeep
|
|t:|1743841941
|switch|p2a: Alomomola|Alomomola, F, shiny|74/100
|-damage|p2a: Alomomola|62/100|[from] Spikes
|turn|26
|
|t:|1743841943
|move|p1a: Zamazenta|Body Press|p2a: Alomomola
|-damage|p2a: Alomomola|0 fnt
|-damage|p1a: Zamazenta|53/100|[from] item: Rocky Helmet|[of] p2a: Alomomola
|faint|p2a: Alomomola
|
|upkeep
|
|t:|1743841946
|switch|p2a: Slowking|Slowking-Galar, M|100/100
|-damage|p2a: Slowking|88/100|[from] Spikes
|turn|27
|
|t:|1743841948
|move|p1a: Zamazenta|Crunch|p2a: Slowking
|-supereffective|p2a: Slowking
|-damage|p2a: Slowking|24/100
|move|p2a: Slowking|Sludge Wave|p1a: Zamazenta
|-crit|p1a: Zamazenta
|-damage|p1a: Zamazenta|0 fnt
|faint|p1a: Zamazenta
|
|upkeep
|
|t:|1743841952
|switch|p1a: Enamorus|Enamorus, F|70/100
|turn|28
|
|t:|1743841955
|move|p1a: Enamorus|Earth Power|p2a: Slowking
|-supereffective|p2a: Slowking
|-damage|p2a: Slowking|0 fnt
|faint|p2a: Slowking
|
|win|Arjenz1900
|raw|Arjenz1900's rating: 1280 &rarr; <strong>1306</strong><br />(+26 for winning)
|raw|Ashura7u7's rating: 1291 &rarr; <strong>1265</strong><br />(-26 for losing)
|l|☆Ashura7u7
|player|p2|
|l|☆Arjenz1900
|player|p1|
