|j|☆Nolcxntrl
|j|☆Weggan
|t:|1743812264
|gametype|singles
|player|p1|Nolcxntrl|ghetsis-gen5bw|1070
|player|p2|Weggan|1|1000
|teamsize|p1|6
|teamsize|p2|6
|gen|9
|tier|[Gen 9] OU
|rated|
|rule|HP Percentage Mod: HP is shown in percentages
|rule|Endless Battle Clause: Forcing endless battles is banned
|rule|Species Clause: Limit one of each Pokémon
|rule|OHKO Clause: OHKO moves are banned
|rule|Evasion Items Clause: Evasion items are banned
|rule|Evasion Moves Clause: Evasion moves are banned
|rule|Sleep Moves Clause: Sleep-inducing moves are banned
|clearpoke
|poke|p1|Infernape, F|
|poke|p1|Greninja-*, F|
|poke|p1|Charizard, F|
|poke|p1|Lucario, M|
|poke|p1|Garchomp, M|
|poke|p1|Primeape, F|
|poke|p2|Kingambit, M|
|poke|p2|Incineroar, M|
|poke|p2|Tyranitar, M|
|poke|p2|Cacturne, M|
|poke|p2|Hydreigon, M|
|poke|p2|Malamar, M|
|teampreview
|
|t:|1743812278
|start
|switch|p1a: Luh Chomp|Garchomp, M, shiny|100/100
|switch|p2a: cactus boi|Cacturne, M|100/100
|turn|1
|j| 65d4g54sd
|
|t:|1743812287
|move|p2a: cactus boi|Spiky Shield|p2a: cactus boi
|-singleturn|p2a: cactus boi|move: Protect
|move|p1a: Luh Chomp|Stealth Rock|p2a: cactus boi
|-sidestart|p2: Weggan|move: Stealth Rock
|
|upkeep
|turn|2
|
|t:|1743812300
|move|p1a: Luh Chomp|Spikes|p2a: cactus boi
|-sidestart|p2: Weggan|Spikes
|move|p2a: cactus boi|Energy Ball|p1a: Luh Chomp
|-crit|p1a: Luh Chomp
|-damage|p1a: Luh Chomp|48/100
|
|upkeep
|turn|3
|
|t:|1743812309
|move|p1a: Luh Chomp|Spikes|p2a: cactus boi
|-sidestart|p2: Weggan|Spikes
|move|p2a: cactus boi|Dark Pulse|p1a: Luh Chomp
|-damage|p1a: Luh Chomp|17/100
|
|upkeep
|turn|4
|
|t:|1743812318
|switch|p1a: CharWalkDown|Charizard, F, shiny|100/100
|move|p2a: cactus boi|Dark Pulse|p1a: CharWalkDown
|-damage|p1a: CharWalkDown|55/100
|
|upkeep
|turn|5
|
|t:|1743812330
|-terastallize|p2a: cactus boi|Rock
|move|p1a: CharWalkDown|Flame Charge|p2a: cactus boi
|-resisted|p2a: cactus boi
|-damage|p2a: cactus boi|89/100
|-boost|p1a: CharWalkDown|spe|1
|-damage|p1a: CharWalkDown|39/100|[from] item: Rocky Helmet|[of] p2a: cactus boi
|-enditem|p1a: CharWalkDown|Sitrus Berry|[eat]
|-heal|p1a: CharWalkDown|64/100|[from] item: Sitrus Berry
|move|p2a: cactus boi|Tera Blast|p1a: CharWalkDown|[anim] Tera Blast Rock
|-supereffective|p1a: CharWalkDown
|-damage|p1a: CharWalkDown|0 fnt
|faint|p1a: CharWalkDown
|
|upkeep
|
|t:|1743812345
|switch|p1a: CariDracEm|Lucario, M, shiny|100/100
|turn|6
|
|t:|1743812353
|move|p2a: cactus boi|Spiky Shield|p2a: cactus boi
|-singleturn|p2a: cactus boi|move: Protect
|move|p1a: CariDracEm|Meteor Mash|p2a: cactus boi
|-activate|p2a: cactus boi|move: Protect
|-damage|p1a: CariDracEm|88/100|[from] Spiky Shield|[of] p2a: cactus boi
|
|upkeep
|turn|7
|
|t:|1743812365
|switch|p2a: Dragon boi|Hydreigon, M, shiny|100/100
|-damage|p2a: Dragon boi|88/100|[from] Stealth Rock
|move|p1a: CariDracEm|Meteor Mash|p2a: Dragon boi|[miss]
|-miss|p1a: CariDracEm|p2a: Dragon boi
|
|upkeep
|turn|8
|
|t:|1743812386
|move|p2a: Dragon boi|Protect|p2a: Dragon boi
|-singleturn|p2a: Dragon boi|Protect
|move|p1a: CariDracEm|Ice Punch|p2a: Dragon boi
|-activate|p2a: Dragon boi|move: Protect
|
|upkeep
|turn|9
|
|t:|1743812399
|move|p1a: CariDracEm|Ice Punch|p2a: Dragon boi
|-supereffective|p2a: Dragon boi
|-damage|p2a: Dragon boi|33/100
|move|p2a: Dragon boi|Draco Meteor|p1a: CariDracEm
|-resisted|p1a: CariDracEm
|-damage|p1a: CariDracEm|19/100
|-unboost|p2a: Dragon boi|spa|2
|-damage|p2a: Dragon boi|23/100|[from] item: Life Orb
|
|upkeep
|turn|10
|
|t:|1743812411
|move|p2a: Dragon boi|Protect|p2a: Dragon boi
|-singleturn|p2a: Dragon boi|Protect
|move|p1a: CariDracEm|Ice Punch|p2a: Dragon boi
|-activate|p2a: Dragon boi|move: Protect
|
|upkeep
|turn|11
|
|t:|1743812419
|move|p1a: CariDracEm|Ice Punch|p2a: Dragon boi
|-supereffective|p2a: Dragon boi
|-damage|p2a: Dragon boi|0 fnt
|faint|p2a: Dragon boi
|
|upkeep
|
|t:|1743812431
|switch|p2a: Squid boi|Malamar, M, shiny|100/100
|-damage|p2a: Squid boi|88/100|[from] Stealth Rock
|-damage|p2a: Squid boi|71/100|[from] Spikes
|turn|12
|
|t:|1743812462
|move|p2a: Squid boi|Protect|p2a: Squid boi
|-singleturn|p2a: Squid boi|Protect
|move|p1a: CariDracEm|Extreme Speed|p2a: Squid boi
|-activate|p2a: Squid boi|move: Protect
|
|-heal|p2a: Squid boi|78/100|[from] item: Leftovers
|upkeep
|turn|13
|
|t:|1743812471
|move|p1a: CariDracEm|Extreme Speed|p2a: Squid boi
|-damage|p2a: Squid boi|50/100
|move|p2a: Squid boi|Trick Room|p2a: Squid boi
|-fieldstart|move: Trick Room|[of] p2a: Squid boi
|
|-heal|p2a: Squid boi|57/100|[from] item: Leftovers
|upkeep
|turn|14
|
|t:|1743812483
|move|p1a: CariDracEm|Extreme Speed|p2a: Squid boi
|-damage|p2a: Squid boi|30/100
|move|p2a: Squid boi|Psycho Cut|p1a: CariDracEm
|-damage|p1a: CariDracEm|0 fnt
|faint|p1a: CariDracEm
|
|-heal|p2a: Squid boi|37/100|[from] item: Leftovers
|upkeep
|
|t:|1743812492
|switch|p1a: SGA(Aura)|Greninja, F, shiny|100/100
|turn|15
|
|t:|1743812499
|move|p2a: Squid boi|Protect|p2a: Squid boi
|-singleturn|p2a: Squid boi|Protect
|move|p1a: SGA(Aura)|Ice Beam|p2a: Squid boi
|-start|p1a: SGA(Aura)|typechange|Ice|[from] ability: Protean
|-activate|p2a: Squid boi|move: Protect
|
|-heal|p2a: Squid boi|43/100|[from] item: Leftovers
|upkeep
|turn|16
|
|t:|1743812514
|move|p2a: Squid boi|Night Slash|p1a: SGA(Aura)
|-crit|p1a: SGA(Aura)
|-damage|p1a: SGA(Aura)|26/100
|move|p1a: SGA(Aura)|Ice Beam|p2a: Squid boi
|-damage|p2a: Squid boi|0 fnt
|faint|p2a: Squid boi
|-damage|p1a: SGA(Aura)|17/100|[from] item: Life Orb
|
|upkeep
|
|t:|1743812527
|switch|p2a: knife head boi|Kingambit, M, shiny|100/100
|-damage|p2a: knife head boi|94/100|[from] Stealth Rock
|-damage|p2a: knife head boi|78/100|[from] Spikes
|-activate|p2a: knife head boi|ability: Supreme Overlord
|-start|p2a: knife head boi|fallen2|[silent]
|turn|17
|
|t:|1743812538
|-terastallize|p1a: SGA(Aura)|Ground
|move|p2a: knife head boi|Kowtow Cleave|p1a: SGA(Aura)
|-damage|p1a: SGA(Aura)|0 fnt
|faint|p1a: SGA(Aura)
|
|-fieldend|move: Trick Room
|upkeep
|
|t:|1743812545
|switch|p1a: Luh Chomp|Garchomp, M, shiny|17/100
|turn|18
|
|t:|1743812551
|move|p2a: knife head boi|Protect|p2a: knife head boi
|-singleturn|p2a: knife head boi|Protect
|move|p1a: Luh Chomp|Earthquake|p2a: knife head boi
|-activate|p2a: knife head boi|move: Protect
|
|upkeep
|turn|19
|
|t:|1743812563
|move|p1a: Luh Chomp|Earthquake|p2a: knife head boi
|-supereffective|p2a: knife head boi
|-damage|p2a: knife head boi|14/100
|move|p2a: knife head boi|Iron Head|p1a: Luh Chomp
|-damage|p1a: Luh Chomp|0 fnt
|-damage|p2a: knife head boi|2/100|[from] ability: Rough Skin|[of] p1a: Luh Chomp
|-damage|p2a: knife head boi|0 fnt|[from] item: Rocky Helmet|[of] p1a: Luh Chomp
|faint|p1a: Luh Chomp
|faint|p2a: knife head boi
|-end|p2a: knife head boi|fallen2|[silent]
|
|upkeep
|
|t:|1743812585
|switch|p1a: Man Man|Infernape, F, shiny|100/100
|switch|p2a: cat boi|Incineroar, M|100/100
|-damage|p2a: cat boi|76/100|[from] Stealth Rock
|-damage|p2a: cat boi|59/100|[from] Spikes
|-ability|p2a: cat boi|Intimidate|boost
|-unboost|p1a: Man Man|atk|1
|turn|20
|
|t:|1743812595
|move|p2a: cat boi|Fake Out|p1a: Man Man
|-damage|p1a: Man Man|81/100
|cant|p1a: Man Man|flinch
|
|upkeep
|turn|21
|
|t:|1743812601
|move|p1a: Man Man|Close Combat|p2a: cat boi
|-supereffective|p2a: cat boi
|-damage|p2a: cat boi|0 fnt
|-unboost|p1a: Man Man|def|1
|-unboost|p1a: Man Man|spd|1
|faint|p2a: cat boi
|
|upkeep
|
|t:|1743812611
|switch|p2a: Roc boi|Tyranitar, M|100/100
|-ability|p2a: Roc boi|Unnerve
|-damage|p2a: Roc boi|88/100|[from] Stealth Rock
|-damage|p2a: Roc boi|72/100|[from] Spikes
|turn|22
|
|t:|1743812622
|move|p2a: Roc boi|Protect|p2a: Roc boi
|-singleturn|p2a: Roc boi|Protect
|move|p1a: Man Man|Close Combat|p2a: Roc boi
|-activate|p2a: Roc boi|move: Protect
|
|upkeep
|turn|23
|
|t:|1743812630
|move|p1a: Man Man|Close Combat|p2a: Roc boi
|-supereffective|p2a: Roc boi
|-damage|p2a: Roc boi|0 fnt
|-unboost|p1a: Man Man|def|1
|-unboost|p1a: Man Man|spd|1
|faint|p2a: Roc boi
|
|upkeep
|
|t:|1743812637
|switch|p2a: cactus boi|Cacturne, M, tera:Rock|89/100
|-damage|p2a: cactus boi|77/100|[from] Stealth Rock
|-damage|p2a: cactus boi|60/100|[from] Spikes
|turn|24
|
|t:|1743812643
|move|p1a: Man Man|Close Combat|p2a: cactus boi
|-supereffective|p2a: cactus boi
|-damage|p2a: cactus boi|0 fnt
|-unboost|p1a: Man Man|def|1
|-unboost|p1a: Man Man|spd|1
|-damage|p1a: Man Man|65/100|[from] item: Rocky Helmet|[of] p2a: cactus boi
|faint|p2a: cactus boi
|
|win|Nolcxntrl
|raw|Nolcxntrl's rating: 1070 &rarr; <strong>1094</strong><br />(+24 for winning)
|raw|Weggan's rating: 1000 &rarr; <strong>1000</strong><br />(+0 for losing)
|c|☆Nolcxntrl|protect merchant
|l|☆Weggan
|player|p2|
|l| 65d4g54sd
