|j|☆TeDu4
|j|☆Al3x20_99
|inactive|Battle timer is ON: inactive players will automatically lose when time's up.
|t:|1743843041
|gametype|singles
|player|p1|TeDu4|lacey|
|player|p2|Al3x20_99|blue-gen1two|
|teamsize|p1|3
|teamsize|p2|3
|gen|9
|tier|[Gen 9] OU
|rated|Tournament battle
|rule|HP Percentage Mod: HP is shown in percentages
|rule|Endless Battle Clause: Forcing endless battles is banned
|rule|Species Clause: Limit one of each Pokémon
|rule|OHKO Clause: OHKO moves are banned
|rule|Evasion Items Clause: Evasion items are banned
|rule|Evasion Moves Clause: Evasion moves are banned
|rule|Sleep Moves Clause: Sleep-inducing moves are banned
|clearpoke
|poke|p1|Exeggutor-Alola, M|
|poke|p1|Rockruff, M|
|poke|p1|Gurdurr, F|
|poke|p2|Cinccino, F|
|poke|p2|Magmar, F|
|poke|p2|Golurk|
|teampreview
|j|*Lady Monita ❄
|inactive|Al3x20_99 also wants the timer to be on.
|
|t:|1743843050
|start
|switch|p1a: Blue Stone???|Rockruff, M, shiny|100/100
|switch|p2a: Cinccino|Cinccino, F|100/100
|turn|1
|
|t:|1743843056
|move|p2a: Cinccino|Bullet Seed|p1a: Blue Stone???
|-supereffective|p1a: Blue Stone???
|-damage|p1a: Blue Stone???|66/100
|-supereffective|p1a: Blue Stone???
|-damage|p1a: Blue Stone???|35/100
|-supereffective|p1a: Blue Stone???
|-damage|p1a: Blue Stone???|3/100
|-supereffective|p1a: Blue Stone???
|-damage|p1a: Blue Stone???|0 fnt
|faint|p1a: Blue Stone???
|-hitcount|p1: Blue Stone???|4
|
|upkeep
|
|t:|1743843060
|switch|p1a: Gurdurr|Gurdurr, F|100/100
|turn|2
|
|t:|1743843071
|move|p2a: Cinccino|Tail Slap|p1a: Gurdurr
|-damage|p1a: Gurdurr|89/100
|-damage|p1a: Gurdurr|79/100
|-damage|p1a: Gurdurr|67/100
|-damage|p1a: Gurdurr|57/100
|-damage|p1a: Gurdurr|46/100
|-hitcount|p1a: Gurdurr|5
|move|p1a: Gurdurr|Knock Off|p2a: Cinccino
|-damage|p2a: Cinccino|47/100
|-enditem|p2a: Cinccino|Loaded Dice|[from] move: Knock Off|[of] p1a: Gurdurr
|
|upkeep
|turn|3
|
|t:|1743843083
|move|p1a: Gurdurr|Mach Punch|p2a: Cinccino
|-supereffective|p2a: Cinccino
|-damage|p2a: Cinccino|0 fnt
|faint|p2a: Cinccino
|
|upkeep
|
|t:|1743843088
|switch|p2a: Magmar|Magmar, F|100/100
|turn|4
|
|t:|1743843091
|move|p2a: Magmar|Belly Drum|p2a: Magmar
|-damage|p2a: Magmar|50/100
|-setboost|p2a: Magmar|atk|6|[from] move: Belly Drum
|move|p1a: Gurdurr|Drain Punch|p2a: Magmar
|-damage|p2a: Magmar|11/100
|-heal|p1a: Gurdurr|64/100|[from] drain|[of] p2a: Magmar
|
|upkeep
|turn|5
|
|t:|1743843099
|move|p1a: Gurdurr|Mach Punch|p2a: Magmar
|-damage|p2a: Magmar|0 fnt
|faint|p2a: Magmar
|
|upkeep
|
|t:|1743843103
|switch|p2a: Golurk|Golurk|100/100
|turn|6
|
|t:|1743843112
|-terastallize|p2a: Golurk|Fighting
|move|p2a: Golurk|Poltergeist|p1a: Gurdurr
|-activate|p1a: Gurdurr|move: Poltergeist|Eviolite
|-damage|p1a: Gurdurr|22/100
|move|p1a: Gurdurr|Knock Off|p2a: Golurk
|-resisted|p2a: Golurk
|-damage|p2a: Golurk|80/100
|-enditem|p2a: Golurk|Choice Scarf|[from] move: Knock Off|[of] p1a: Gurdurr
|
|upkeep
|turn|7
|
|t:|1743843123
|move|p1a: Gurdurr|Mach Punch|p2a: Golurk
|-damage|p2a: Golurk|47/100
|move|p2a: Golurk|Poltergeist|p1a: Gurdurr
|-activate|p1a: Gurdurr|move: Poltergeist|Eviolite
|-damage|p1a: Gurdurr|0 fnt
|faint|p1a: Gurdurr
|
|upkeep
|
|t:|1743843129
|switch|p1a: AAA Neck|Exeggutor-Alola, M|100/100
|turn|8
|
|t:|1743843133
|move|p2a: Golurk|Dynamic Punch|p1a: AAA Neck
|-damage|p1a: AAA Neck|45/100
|-start|p1a: AAA Neck|confusion
|-enditem|p1a: AAA Neck|Sitrus Berry|[eat]
|-heal|p1a: AAA Neck|70/100|[from] item: Sitrus Berry
|-activate|p1a: AAA Neck|confusion
|move|p1a: AAA Neck|Leech Seed|p2a: Golurk
|-start|p2a: Golurk|move: Leech Seed
|
|-damage|p2a: Golurk|35/100|[from] Leech Seed|[of] p1a: AAA Neck
|-heal|p1a: AAA Neck|79/100|[silent]
|-item|p1a: AAA Neck|Sitrus Berry|[from] ability: Harvest
|upkeep
|turn|9
|-message|Al3x20_99 forfeited.
|
|win|TeDu4
|n|☆TeDu4|tedu4
|n|☆Al3x20_99|al3x2099
|n|*Lady Monita ❄|ladymonita
