|j|☆MyrrorZ0
|j|☆ShittyHole69
|t:|1743875088
|gametype|singles
|player|p1|MyrrorZ0|riley|1157
|player|p2|ShittyHole69|drayden|1226
|teamsize|p1|6
|teamsize|p2|6
|gen|9
|tier|[Gen 9] OU
|rated|
|rule|HP Percentage Mod: HP is shown in percentages
|rule|Endless Battle Clause: Forcing endless battles is banned
|rule|Species Clause: Limit one of each Pokémon
|rule|OHKO Clause: OHKO moves are banned
|rule|Evasion Items Clause: Evasion items are banned
|rule|Evasion Moves Clause: Evasion moves are banned
|rule|Sleep Moves Clause: Sleep-inducing moves are banned
|clearpoke
|poke|p1|Hydreigon, F|
|poke|p1|Maushold|
|poke|p1|Rillaboom, M|
|poke|p1|Glimmora, M|
|poke|p1|Dondozo, M|
|poke|p1|Arcanine-Hisui, M|
|poke|p2|Ogerpon, F|
|poke|p2|Chandelure, M|
|poke|p2|Mandibuzz, F|
|poke|p2|Moltres-Galar|
|poke|p2|Landorus-Therian, M|
|poke|p2|Comfey, F|
|teampreview
|inactive|Battle timer is ON: inactive players will automatically lose when time's up. (requested by MyrrorZ0)
|
|t:|1743875108
|start
|switch|p1a: Maushold|Maushold|100/100
|switch|p2a: Ogerpon-Shitspring|Ogerpon, F|100/100
|turn|1
|
|t:|1743875119
|-terastallize|p2a: Ogerpon-Shitspring|Grass
|detailschange|p2a: Ogerpon-Shitspring|Ogerpon-Teal-Tera, F, tera:Grass
|-ability|p2a: Ogerpon-Shitspring|Embody Aspect (Teal)|boost
|-boost|p2a: Ogerpon-Shitspring|spe|1
|move|p2a: Ogerpon-Shitspring|Ivy Cudgel|p1a: Maushold
|-damage|p1a: Maushold|0 fnt
|faint|p1a: Maushold
|
|upkeep
|
|t:|1743875130
|switch|p1a: Arcanine|Arcanine-Hisui, M|100/100
|turn|2
|
|t:|1743875135
|switch|p2a: Chandy|Chandelure, M|100/100
|move|p1a: Arcanine|Flare Blitz|p2a: Chandy
|-start|p2a: Chandy|ability: Flash Fire
|
|upkeep
|turn|3
|
|t:|1743875142
|move|p1a: Arcanine|Head Smash|p2a: Chandy
|-supereffective|p2a: Chandy
|-damage|p2a: Chandy|0 fnt
|faint|p2a: Chandy
|
|upkeep
|
|t:|1743875147
|switch|p2a: Cancerous-Therian|Landorus-Therian, M|100/100
|-ability|p2a: Cancerous-Therian|Intimidate|boost
|-unboost|p1a: Arcanine|atk|1
|turn|4
|
|t:|1743875156
|switch|p1a: Dondozo|Dondozo, M|100/100
|move|p2a: Cancerous-Therian|U-turn|p1a: Dondozo
|-damage|p1a: Dondozo|83/100
|
|t:|1743875160
|switch|p2a: Ogerpon-Shitspring|Ogerpon-Teal-Tera, F, tera:Grass|100/100|[from] U-turn
|-ability|p2a: Ogerpon-Shitspring|Embody Aspect (Teal)|boost
|-boost|p2a: Ogerpon-Shitspring|spe|1
|
|-heal|p1a: Dondozo|90/100|[from] item: Leftovers
|upkeep
|turn|5
|
|t:|1743875172
|-terastallize|p1a: Dondozo|Dragon
|move|p2a: Ogerpon-Shitspring|Ivy Cudgel|p1a: Dondozo
|-resisted|p1a: Dondozo
|-damage|p1a: Dondozo|68/100
|move|p1a: Dondozo|Curse|p1a: Dondozo
|-unboost|p1a: Dondozo|spe|1
|-boost|p1a: Dondozo|atk|1
|-boost|p1a: Dondozo|def|1
|
|-heal|p1a: Dondozo|74/100|[from] item: Leftovers
|upkeep
|turn|6
|
|t:|1743875182
|switch|p2a: Comfey|Comfey, F|100/100
|move|p1a: Dondozo|Outrage|p2a: Comfey
|-immune|p2a: Comfey
|
|-heal|p1a: Dondozo|80/100|[from] item: Leftovers
|upkeep
|turn|7
|
|t:|1743875190
|switch|p1a: Rillaboom|Rillaboom, M|100/100
|-fieldstart|move: Grassy Terrain|[from] ability: Grassy Surge|[of] p1a: Rillaboom
|-enditem|p1a: Rillaboom|Grassy Seed
|-boost|p1a: Rillaboom|def|1|[from] item: Grassy Seed
|move|p2a: Comfey|Draining Kiss|p1a: Rillaboom
|-damage|p1a: Rillaboom|59/100
|
|-heal|p1a: Rillaboom|65/100|[from] Grassy Terrain
|upkeep
|turn|8
|
|t:|1743875198
|move|p2a: Comfey|Draining Kiss|p1a: Rillaboom
|-damage|p1a: Rillaboom|21/100
|move|p1a: Rillaboom|Fake Out|p2a: Comfey
|-damage|p2a: Comfey|82/100
|
|-heal|p2a: Comfey|89/100|[from] Grassy Terrain
|-heal|p1a: Rillaboom|27/100|[from] Grassy Terrain
|upkeep
|turn|9
|
|t:|1743875205
|switch|p1a: Glimmora|Glimmora, M|100/100
|move|p2a: Comfey|Draining Kiss|p1a: Glimmora
|-resisted|p1a: Glimmora
|-damage|p1a: Glimmora|87/100
|-heal|p2a: Comfey|99/100|[from] drain|[of] p1a: Glimmora
|
|-heal|p2a: Comfey|100/100|[from] Grassy Terrain
|-heal|p1a: Glimmora|93/100|[from] Grassy Terrain
|upkeep
|turn|10
|
|t:|1743875210
|switch|p2a: Cancerous-Therian|Landorus-Therian, M|100/100
|-ability|p2a: Cancerous-Therian|Intimidate|boost
|-unboost|p1a: Glimmora|atk|1
|move|p1a: Glimmora|Stealth Rock|p2a: Cancerous-Therian
|-sidestart|p2: ShittyHole69|move: Stealth Rock
|
|-heal|p1a: Glimmora|99/100|[from] Grassy Terrain
|upkeep
|turn|11
|
|t:|1743875219
|move|p1a: Glimmora|Spiky Shield|p1a: Glimmora
|-singleturn|p1a: Glimmora|move: Protect
|move|p2a: Cancerous-Therian|Earthquake|p1a: Glimmora
|-activate|p1a: Glimmora|move: Protect
|
|-heal|p1a: Glimmora|100/100|[from] Grassy Terrain
|-fieldend|move: Grassy Terrain
|upkeep
|turn|12
|
|t:|1743875224
|switch|p1a: Hydreigon|Hydreigon, F, shiny|100/100
|move|p2a: Cancerous-Therian|Earthquake|p1a: Hydreigon
|-immune|p1a: Hydreigon|[from] ability: Levitate
|
|upkeep
|turn|13
|
|t:|1743875234
|switch|p2a: Mandibuzz|Mandibuzz, F|100/100
|move|p1a: Hydreigon|Snarl|p2a: Mandibuzz
|-resisted|p2a: Mandibuzz
|-damage|p2a: Mandibuzz|88/100
|-unboost|p2a: Mandibuzz|spa|1
|
|upkeep
|turn|14
|
|t:|1743875243
|move|p1a: Hydreigon|Snarl|p2a: Mandibuzz
|-resisted|p2a: Mandibuzz
|-damage|p2a: Mandibuzz|76/100
|-unboost|p2a: Mandibuzz|spa|1
|move|p2a: Mandibuzz|Defog|p1a: Hydreigon
|-unboost|p1a: Hydreigon|evasion|1
|-sideend|p2: ShittyHole69|Stealth Rock|[from] move: Defog|[of] p2a: Mandibuzz
|
|upkeep
|turn|15
|
|t:|1743875251
|move|p1a: Hydreigon|Snarl|p2a: Mandibuzz
|-resisted|p2a: Mandibuzz
|-damage|p2a: Mandibuzz|63/100
|-unboost|p2a: Mandibuzz|spa|1
|move|p2a: Mandibuzz|U-turn|p1a: Hydreigon
|-supereffective|p1a: Hydreigon
|-damage|p1a: Hydreigon|74/100
|
|t:|1743875254
|switch|p2a: Comfey|Comfey, F|100/100|[from] U-turn
|
|upkeep
|turn|16
|
|t:|1743875260
|switch|p1a: Glimmora|Glimmora, M|100/100
|move|p2a: Comfey|U-turn|p1a: Glimmora
|-resisted|p1a: Glimmora
|-damage|p1a: Glimmora|97/100
|-activate|p1a: Glimmora|ability: Toxic Debris
|-sidestart|p2: ShittyHole69|move: Toxic Spikes
|
|t:|1743875263
|switch|p2a: Cancerous-Therian|Landorus-Therian, M|100/100|[from] U-turn
|-ability|p2a: Cancerous-Therian|Intimidate|boost
|-unboost|p1a: Glimmora|atk|1
|
|upkeep
|turn|17
|
|t:|1743875271
|move|p1a: Glimmora|Spiky Shield|p1a: Glimmora
|-singleturn|p1a: Glimmora|move: Protect
|move|p2a: Cancerous-Therian|Earthquake|p1a: Glimmora
|-activate|p1a: Glimmora|move: Protect
|
|upkeep
|turn|18
|
|t:|1743875277
|move|p2a: Cancerous-Therian|Earthquake|p1a: Glimmora
|-supereffective|p1a: Glimmora
|-damage|p1a: Glimmora|0 fnt
|-activate|p1a: Glimmora|ability: Toxic Debris
|-sidestart|p2: ShittyHole69|move: Toxic Spikes
|faint|p1a: Glimmora
|
|upkeep
|
|t:|1743875291
|switch|p1a: Rillaboom|Rillaboom, M|27/100
|-fieldstart|move: Grassy Terrain|[from] ability: Grassy Surge|[of] p1a: Rillaboom
|turn|19
|c|☆ShittyHole69|Fuck that entry hazards shit
|
|t:|1743875298
|switch|p2a: Mandibuzz|Mandibuzz, F|63/100
|move|p1a: Rillaboom|Fake Out|p2a: Mandibuzz
|-damage|p2a: Mandibuzz|54/100
|
|-heal|p1a: Rillaboom|33/100|[from] Grassy Terrain
|upkeep
|turn|20
|
|t:|1743875303
|move|p1a: Rillaboom|U-turn|p2a: Mandibuzz
|-damage|p2a: Mandibuzz|38/100
|
|t:|1743875307
|switch|p1a: Arcanine|Arcanine-Hisui, M|100/100|[from] U-turn
|move|p2a: Mandibuzz|Defog|p1a: Arcanine
|-unboost|p1a: Arcanine|evasion|1
|-sideend|p2: ShittyHole69|Toxic Spikes|[from] move: Defog|[of] p2a: Mandibuzz
|-fieldend|move: Grassy Terrain
|
|upkeep
|turn|21
|
|t:|1743875313
|move|p1a: Arcanine|Head Smash|p2a: Mandibuzz
|-supereffective|p2a: Mandibuzz
|-damage|p2a: Mandibuzz|0 fnt
|faint|p2a: Mandibuzz
|
|upkeep
|
|t:|1743875316
|switch|p2a: Cancerous-Therian|Landorus-Therian, M|100/100
|-ability|p2a: Cancerous-Therian|Intimidate|boost
|-unboost|p1a: Arcanine|atk|1
|turn|22
|
|t:|1743875322
|move|p2a: Cancerous-Therian|U-turn|p1a: Arcanine
|-resisted|p1a: Arcanine
|-damage|p1a: Arcanine|77/100
|
|t:|1743875326
|switch|p2a: Comfey|Comfey, F|100/100|[from] U-turn
|move|p1a: Arcanine|Head Smash|p2a: Comfey|[miss]
|-miss|p1a: Arcanine|p2a: Comfey
|
|upkeep
|turn|23
|
|t:|1743875332
|move|p2a: Comfey|Giga Drain|p1a: Arcanine
|-damage|p1a: Arcanine|37/100
|move|p1a: Arcanine|Head Smash|p2a: Comfey|[miss]
|-miss|p1a: Arcanine|p2a: Comfey
|
|upkeep
|turn|24
|
|t:|1743875339
|switch|p1a: Hydreigon|Hydreigon, F, shiny|74/100
|move|p2a: Comfey|Giga Drain|p1a: Hydreigon
|-resisted|p1a: Hydreigon
|-damage|p1a: Hydreigon|62/100
|
|upkeep
|turn|25
|
|t:|1743875344
|switch|p2a: Moltres|Moltres-Galar|100/100
|move|p1a: Hydreigon|Earth Power|p2a: Moltres
|-immune|p2a: Moltres
|
|upkeep
|turn|26
|
|t:|1743875352
|move|p2a: Moltres|U-turn|p1a: Hydreigon
|-supereffective|p1a: Hydreigon
|-damage|p1a: Hydreigon|4/100
|
|t:|1743875355
|switch|p2a: Comfey|Comfey, F|100/100|[from] U-turn
|move|p1a: Hydreigon|Draco Meteor|p2a: Comfey
|-immune|p2a: Comfey
|
|upkeep
|turn|27
|
|t:|1743875358
|move|p1a: Hydreigon|Snarl|p2a: Comfey
|-resisted|p2a: Comfey
|-damage|p2a: Comfey|85/100
|-unboost|p2a: Comfey|spa|1
|move|p2a: Comfey|U-turn|p1a: Hydreigon
|-supereffective|p1a: Hydreigon
|-damage|p1a: Hydreigon|0 fnt
|faint|p1a: Hydreigon
|
|t:|1743875364
|switch|p2a: Ogerpon-Shitspring|Ogerpon-Teal-Tera, F, tera:Grass|100/100|[from] U-turn
|-ability|p2a: Ogerpon-Shitspring|Embody Aspect (Teal)|boost
|-boost|p2a: Ogerpon-Shitspring|spe|1
|
|upkeep
|
|t:|1743875367
|switch|p1a: Arcanine|Arcanine-Hisui, M|37/100
|turn|28
|
|t:|1743875371
|move|p2a: Ogerpon-Shitspring|Ivy Cudgel|p1a: Arcanine
|-crit|p1a: Arcanine
|-damage|p1a: Arcanine|0 fnt
|faint|p1a: Arcanine
|
|upkeep
|
|t:|1743875374
|switch|p1a: Rillaboom|Rillaboom, M|33/100
|-fieldstart|move: Grassy Terrain|[from] ability: Grassy Surge|[of] p1a: Rillaboom
|turn|29
|
|t:|1743875378
|switch|p2a: Comfey|Comfey, F|85/100
|move|p1a: Rillaboom|U-turn|p2a: Comfey
|-resisted|p2a: Comfey
|-damage|p2a: Comfey|70/100
|
|t:|1743875382
|switch|p1a: Dondozo|Dondozo, M, tera:Dragon|80/100|[from] U-turn
|
|-heal|p2a: Comfey|76/100|[from] Grassy Terrain
|-heal|p1a: Dondozo|86/100|[from] Grassy Terrain
|-heal|p1a: Dondozo|92/100|[from] item: Leftovers
|upkeep
|turn|30
|
|t:|1743875387
|move|p2a: Comfey|Draining Kiss|p1a: Dondozo
|-supereffective|p1a: Dondozo
|-damage|p1a: Dondozo|35/100
|-heal|p2a: Comfey|100/100|[from] drain|[of] p1a: Dondozo
|move|p1a: Dondozo|Liquidation|p2a: Comfey
|-damage|p2a: Comfey|65/100
|
|-heal|p2a: Comfey|71/100|[from] Grassy Terrain
|-heal|p1a: Dondozo|41/100|[from] Grassy Terrain
|-heal|p1a: Dondozo|47/100|[from] item: Leftovers
|upkeep
|turn|31
|
|t:|1743875394
|move|p2a: Comfey|Draining Kiss|p1a: Dondozo
|-supereffective|p1a: Dondozo
|-damage|p1a: Dondozo|0 fnt
|-heal|p2a: Comfey|100/100|[from] drain|[of] p1a: Dondozo
|faint|p1a: Dondozo
|
|upkeep
|
|t:|1743875396
|switch|p1a: Rillaboom|Rillaboom, M|33/100
|turn|32
|
|t:|1743875399
|move|p2a: Comfey|Draining Kiss|p1a: Rillaboom
|-damage|p1a: Rillaboom|0 fnt
|faint|p1a: Rillaboom
|
|win|ShittyHole69
