|j|☆ooiiaa
|j|☆Plogop
|t:|1743901994
|gametype|singles
|player|p1|ooiiaa|clown|1378
|player|p2|Plogop|erika|1383
|teamsize|p1|6
|teamsize|p2|6
|gen|9
|tier|[Gen 9] OU
|rated|
|rule|HP Percentage Mod: HP is shown in percentages
|rule|Endless Battle Clause: Forcing endless battles is banned
|rule|Species Clause: Limit one of each Pokémon
|rule|OHKO Clause: OHKO moves are banned
|rule|Evasion Items Clause: Evasion items are banned
|rule|Evasion Moves Clause: Evasion moves are banned
|rule|Sleep Moves Clause: Sleep-inducing moves are banned
|clearpoke
|poke|p1|Ting-Lu|
|poke|p1|Gliscor, F|
|poke|p1|Sinistcha-Masterpiece|
|poke|p1|Keldeo|
|poke|p1|Tinkaton, F|
|poke|p1|Dragonite, F|
|poke|p2|Ceruledge, M|
|poke|p2|Deoxys-Speed|
|poke|p2|Iron Crown|
|poke|p2|Zapdos|
|poke|p2|Dragonite, F|
|poke|p2|Iron Boulder|
|teampreview
|
|t:|1743902043
|start
|switch|p1a: Tinkki Minaj|Tinkaton, F|100/100
|switch|p2a: Deoxys|Deoxys-Speed|100/100
|-ability|p2a: Deoxys|Pressure
|-item|p1a: Tinkki Minaj|Air Balloon
|turn|1
|
|t:|1743902047
|move|p2a: Deoxys|Stealth Rock|p1a: Tinkki Minaj
|-sidestart|p1: ooiiaa|move: Stealth Rock
|move|p1a: Tinkki Minaj|Gigaton Hammer|p2a: Deoxys
|-damage|p2a: Deoxys|46/100
|
|upkeep
|turn|2
|inactive|Battle timer is ON: inactive players will automatically lose when time's up. (requested by ooiiaa)
|
|t:|1743902058
|move|p2a: Deoxys|Spikes|p1a: Tinkki Minaj
|-sidestart|p1: ooiiaa|Spikes
|move|p1a: Tinkki Minaj|Stealth Rock|p2a: Deoxys
|-sidestart|p2: Plogop|move: Stealth Rock
|
|upkeep
|turn|3
|
|t:|1743902066
|move|p2a: Deoxys|Superpower|p1a: Tinkki Minaj
|-damage|p1a: Tinkki Minaj|72/100
|-unboost|p2a: Deoxys|atk|1
|-unboost|p2a: Deoxys|def|1
|-enditem|p1a: Tinkki Minaj|Air Balloon
|-enditem|p2a: Deoxys|Focus Sash|[silent]|[from] ability: Pickpocket|[of] p2a: Deoxys
|-item|p1a: Tinkki Minaj|Focus Sash|[from] ability: Pickpocket|[of] p2a: Deoxys
|move|p1a: Tinkki Minaj|Gigaton Hammer|p2a: Deoxys
|-damage|p2a: Deoxys|0 fnt
|faint|p2a: Deoxys
|
|upkeep
|
|t:|1743902078
|switch|p2a: Iron Crown|Iron Crown|100/100
|-damage|p2a: Iron Crown|94/100|[from] Stealth Rock
|-enditem|p2a: Iron Crown|Booster Energy
|-activate|p2a: Iron Crown|ability: Quark Drive|[fromitem]
|-start|p2a: Iron Crown|quarkdrivespe
|turn|4
|
|t:|1743902085
|switch|p1a: Jarhead|Ting-Lu|100/100
|-damage|p1a: Jarhead|94/100|[from] Stealth Rock
|-damage|p1a: Jarhead|82/100|[from] Spikes
|-ability|p1a: Jarhead|Vessel of Ruin
|move|p2a: Iron Crown|Calm Mind|p2a: Iron Crown
|-boost|p2a: Iron Crown|spa|1
|-boost|p2a: Iron Crown|spd|1
|
|-heal|p1a: Jarhead|88/100|[from] item: Leftovers
|upkeep
|turn|5
|
|t:|1743902098
|-terastallize|p2a: Iron Crown|Fighting
|move|p2a: Iron Crown|Focus Blast|p1a: Jarhead
|-supereffective|p1a: Jarhead
|-damage|p1a: Jarhead|20/100
|move|p1a: Jarhead|Spikes|p2a: Iron Crown
|-sidestart|p2: Plogop|Spikes
|
|-heal|p1a: Jarhead|26/100|[from] item: Leftovers
|upkeep
|turn|6
|
|t:|1743902123
|-terastallize|p1a: Jarhead|Ghost
|move|p2a: Iron Crown|Tachyon Cutter|p1a: Jarhead
|-damage|p1a: Jarhead|11/100
|-crit|p1a: Jarhead
|-damage|p1a: Jarhead|0 fnt
|faint|p1a: Jarhead
|-hitcount|p1: Jarhead|2
|
|upkeep
|inactive|ooiiaa has 120 seconds left.
|
|t:|1743902140
|switch|p1a: Secret Service|Dragonite, F|100/100
|turn|7
|
|t:|1743902143
|move|p2a: Iron Crown|Tachyon Cutter|p1a: Secret Service
|-damage|p1a: Secret Service|86/100
|-damage|p1a: Secret Service|56/100
|-hitcount|p1a: Secret Service|2
|move|p1a: Secret Service|Dragon Tail|p2a: Iron Crown
|-damage|p2a: Iron Crown|57/100
|-end|p2a: Iron Crown|Quark Drive|[silent]
|drag|p2a: Ceruledge|Ceruledge, M|100/100
|-damage|p2a: Ceruledge|76/100|[from] Stealth Rock
|-damage|p2a: Ceruledge|63/100|[from] Spikes
|
|upkeep
|turn|8
|
|t:|1743902155
|move|p2a: Ceruledge|Endure|p2a: Ceruledge
|-singleturn|p2a: Ceruledge|move: Endure
|move|p1a: Secret Service|Roost|p1a: Secret Service
|-heal|p1a: Secret Service|100/100
|-singleturn|p1a: Secret Service|move: Roost
|
|upkeep
|turn|9
|
|t:|1743902166
|move|p2a: Ceruledge|Destiny Bond|p2a: Ceruledge
|-singlemove|p2a: Ceruledge|Destiny Bond
|move|p1a: Secret Service|Earthquake|p2a: Ceruledge
|-supereffective|p2a: Ceruledge
|-damage|p2a: Ceruledge|0 fnt
|faint|p2a: Ceruledge
|-activate|p2a: Ceruledge|move: Destiny Bond
|faint|p1a: Secret Service
|
|upkeep
|
|t:|1743902181
|switch|p2a: Iron Boulder|Iron Boulder|100/100
|switch|p1a: Dance Armstrong|Gliscor, F|100/100
|-damage|p2a: Iron Boulder|88/100|[from] Stealth Rock
|-damage|p2a: Iron Boulder|76/100|[from] Spikes
|-damage|p1a: Dance Armstrong|88/100|[from] Stealth Rock
|-enditem|p2a: Iron Boulder|Booster Energy
|-activate|p2a: Iron Boulder|ability: Quark Drive|[fromitem]
|-start|p2a: Iron Boulder|quarkdrivespe
|turn|10
|
|t:|1743902193
|move|p2a: Iron Boulder|Swords Dance|p2a: Iron Boulder
|-boost|p2a: Iron Boulder|atk|2
|move|p1a: Dance Armstrong|Knock Off|p2a: Iron Boulder
|-supereffective|p2a: Iron Boulder
|-damage|p2a: Iron Boulder|35/100
|
|-status|p1a: Dance Armstrong|tox|[from] item: Toxic Orb
|upkeep
|turn|11
|
|t:|1743902198
|move|p1a: Dance Armstrong|Protect|p1a: Dance Armstrong
|-singleturn|p1a: Dance Armstrong|Protect
|move|p2a: Iron Boulder|Mighty Cleave|p1a: Dance Armstrong
|-damage|p1a: Dance Armstrong|19/100 tox
|
|-heal|p1a: Dance Armstrong|31/100 tox|[from] ability: Poison Heal
|upkeep
|turn|12
|
|t:|1743902208
|move|p2a: Iron Boulder|Mighty Cleave|p1a: Dance Armstrong
|-damage|p1a: Dance Armstrong|0 fnt
|faint|p1a: Dance Armstrong
|
|upkeep
|
|t:|1743902210
|switch|p1a: My Little Pwny|Keldeo|100/100
|turn|13
|
|t:|1743902213
|move|p1a: My Little Pwny|Vacuum Wave|p2a: Iron Boulder
|-damage|p2a: Iron Boulder|15/100
|move|p2a: Iron Boulder|Earthquake|p1a: My Little Pwny
|-damage|p1a: My Little Pwny|26/100
|
|upkeep
|turn|14
|
|t:|1743902221
|move|p1a: My Little Pwny|Vacuum Wave|p2a: Iron Boulder
|-damage|p2a: Iron Boulder|0 fnt
|faint|p2a: Iron Boulder
|-end|p2a: Iron Boulder|Quark Drive|[silent]
|
|upkeep
|
|t:|1743902228
|switch|p2a: Dragonite|Dragonite, F|100/100
|turn|15
|
|t:|1743902248
|switch|p1a: Tinkki Minaj|Tinkaton, F|72/100
|-damage|p1a: Tinkki Minaj|66/100|[from] Stealth Rock
|-damage|p1a: Tinkki Minaj|54/100|[from] Spikes
|move|p2a: Dragonite|Dragon Dance|p2a: Dragonite
|-boost|p2a: Dragonite|atk|1
|-boost|p2a: Dragonite|spe|1
|
|upkeep
|turn|16
|
|t:|1743902255
|move|p2a: Dragonite|Fire Punch|p1a: Tinkki Minaj
|-supereffective|p1a: Tinkki Minaj
|-damage|p1a: Tinkki Minaj|0 fnt
|faint|p1a: Tinkki Minaj
|
|upkeep
|
|t:|1743902258
|switch|p1a: Tchavis Scott|Sinistcha-Masterpiece|100/100
|turn|17
|
|t:|1743902263
|move|p2a: Dragonite|Fire Punch|p1a: Tchavis Scott
|-supereffective|p1a: Tchavis Scott
|-damage|p1a: Tchavis Scott|73/100
|move|p1a: Tchavis Scott|Calm Mind|p1a: Tchavis Scott
|-boost|p1a: Tchavis Scott|spa|1
|-boost|p1a: Tchavis Scott|spd|1
|
|upkeep
|turn|18
|
|t:|1743902268
|switch|p2a: Zapdos|Zapdos, shiny|100/100
|-damage|p2a: Zapdos|76/100|[from] Stealth Rock
|move|p1a: Tchavis Scott|Strength Sap|p2a: Zapdos
|-unboost|p2a: Zapdos|atk|1
|-heal|p1a: Tchavis Scott|100/100
|
|-heal|p2a: Zapdos|82/100|[from] item: Leftovers
|upkeep
|turn|19
|
|t:|1743902273
|move|p2a: Zapdos|Substitute|p2a: Zapdos
|-start|p2a: Zapdos|Substitute
|-damage|p2a: Zapdos|57/100
|move|p1a: Tchavis Scott|Calm Mind|p1a: Tchavis Scott
|-boost|p1a: Tchavis Scott|spa|1
|-boost|p1a: Tchavis Scott|spd|1
|
|-heal|p2a: Zapdos|63/100|[from] item: Leftovers
|upkeep
|turn|20
|
|t:|1743902276
|move|p2a: Zapdos|Hurricane|p1a: Tchavis Scott|[miss]
|-miss|p2a: Zapdos|p1a: Tchavis Scott
|move|p1a: Tchavis Scott|Shadow Ball|p2a: Zapdos
|-end|p2a: Zapdos|Substitute
|
|-heal|p2a: Zapdos|69/100|[from] item: Leftovers
|upkeep
|turn|21
|
|t:|1743902280
|move|p2a: Zapdos|Hurricane|p1a: Tchavis Scott
|-supereffective|p1a: Tchavis Scott
|-crit|p1a: Tchavis Scott
|-damage|p1a: Tchavis Scott|0 fnt
|faint|p1a: Tchavis Scott
|
|-heal|p2a: Zapdos|75/100|[from] item: Leftovers
|upkeep
|c|☆Plogop|sorry
|
|t:|1743902286
|switch|p1a: My Little Pwny|Keldeo|26/100
|turn|22
|
|t:|1743902289
|move|p1a: My Little Pwny|Surf|p2a: Zapdos
|-damage|p2a: Zapdos|38/100
|move|p2a: Zapdos|Thunderbolt|p1a: My Little Pwny
|-supereffective|p1a: My Little Pwny
|-damage|p1a: My Little Pwny|0 fnt
|faint|p1a: My Little Pwny
|
|win|Plogop
|raw|ooiiaa's rating: 1378 &rarr; <strong>1358</strong><br />(-20 for losing)
|raw|Plogop's rating: 1383 &rarr; <strong>1403</strong><br />(+20 for winning)
|l|☆Plogop
|player|p2|
