|j|☆Qishan
|j|☆AP Precalculus
|t:|1743920847
|gametype|singles
|player|p1|Qishan|linebacker|1480
|player|p2|AP Precalculus|scientistf|1365
|teamsize|p1|6
|teamsize|p2|6
|gen|9
|tier|[Gen 9] OU
|rated|
|rule|HP Percentage Mod: HP is shown in percentages
|rule|Endless Battle Clause: Forcing endless battles is banned
|rule|Species Clause: Limit one of each Pokémon
|rule|OHKO Clause: OHKO moves are banned
|rule|Evasion Items Clause: Evasion items are banned
|rule|Evasion Moves Clause: Evasion moves are banned
|rule|Sleep Moves Clause: Sleep-inducing moves are banned
|clearpoke
|poke|p1|Glimmora, M|
|poke|p1|Iron Crown|
|poke|p1|Kyurem|
|poke|p1|Serperior, M|
|poke|p1|Dragapult, M|
|poke|p1|Gliscor, M|
|poke|p2|Grimmsnarl, M|
|poke|p2|Iron Hands|
|poke|p2|Kommo-o, M|
|poke|p2|Latios, M|
|poke|p2|Glimmora, F|
|poke|p2|Iron Moth|
|teampreview
|inactive|Battle timer is ON: inactive players will automatically lose when time's up. (requested by AP Precalculus)
|
|t:|1743920865
|start
|switch|p1a: Glimmora|Glimmora, M, shiny|100/100
|switch|p2a: Kommo-o|Kommo-o, M|100/100
|turn|1
|
|t:|1743920884
|switch|p2a: Glimmora|Glimmora, F|100/100
|move|p1a: Glimmora|Mortal Spin|p2a: Glimmora
|-resisted|p2a: Glimmora
|-damage|p2a: Glimmora|99/100
|-activate|p2a: Glimmora|ability: Toxic Debris
|-sidestart|p1: Qishan|move: Toxic Spikes
|-sideend|p1: Qishan|Toxic Spikes|[from] move: Mortal Spin|[of] p1a: Glimmora
|
|upkeep
|turn|2
|
|t:|1743920892
|move|p2a: Glimmora|Earth Power|p1a: Glimmora
|-supereffective|p1a: Glimmora
|-enditem|p1a: Glimmora|Focus Sash
|-damage|p1a: Glimmora|1/100
|move|p1a: Glimmora|Earth Power|p2a: Glimmora
|-supereffective|p2a: Glimmora
|-damage|p2a: Glimmora|0 fnt
|faint|p2a: Glimmora
|
|upkeep
|
|t:|1743920906
|switch|p2a: Iron Moth|Iron Moth|100/100
|-enditem|p2a: Iron Moth|Booster Energy
|-activate|p2a: Iron Moth|ability: Quark Drive|[fromitem]
|-start|p2a: Iron Moth|quarkdrivespa
|turn|3
|
|t:|1743920910
|move|p2a: Iron Moth|Fiery Dance|p1a: Glimmora
|-resisted|p1a: Glimmora
|-damage|p1a: Glimmora|0 fnt
|faint|p1a: Glimmora
|
|upkeep
|
|t:|1743920915
|switch|p1a: Dragapult|Dragapult, M, shiny|100/100
|turn|4
|
|t:|1743920924
|move|p1a: Dragapult|Dragon Dance|p1a: Dragapult
|-boost|p1a: Dragapult|atk|1
|-boost|p1a: Dragapult|spe|1
|move|p2a: Iron Moth|Dazzling Gleam|p1a: Dragapult
|-supereffective|p1a: Dragapult
|-damage|p1a: Dragapult|0 fnt
|faint|p1a: Dragapult
|
|upkeep
|
|t:|1743920932
|switch|p1a: Gliscor|Gliscor, M, shiny|100/100
|turn|5
|
|t:|1743920939
|move|p2a: Iron Moth|Fiery Dance|p1a: Gliscor
|-damage|p1a: Gliscor|12/100
|-boost|p2a: Iron Moth|spa|1
|move|p1a: Gliscor|Agility|p1a: Gliscor
|-boost|p1a: Gliscor|spe|2
|
|-status|p1a: Gliscor|tox|[from] item: Toxic Orb
|upkeep
|turn|6
|
|t:|1743920947
|move|p1a: Gliscor|Earthquake|p2a: Iron Moth
|-supereffective|p2a: Iron Moth
|-damage|p2a: Iron Moth|0 fnt
|faint|p2a: Iron Moth
|-end|p2a: Iron Moth|Quark Drive|[silent]
|
|-heal|p1a: Gliscor|24/100 tox|[from] ability: Poison Heal
|upkeep
|
|t:|1743920965
|switch|p2a: Grimmsnarl|Grimmsnarl, M|100/100
|turn|7
|
|t:|1743920981
|move|p2a: Grimmsnarl|Taunt|p1a: Gliscor
|-start|p1a: Gliscor|move: Taunt
|cant|p1a: Gliscor|move: Taunt|Swords Dance
|
|-heal|p1a: Gliscor|36/100 tox|[from] ability: Poison Heal
|upkeep
|turn|8
|
|t:|1743920990
|move|p1a: Gliscor|Earthquake|p2a: Grimmsnarl
|-damage|p2a: Grimmsnarl|43/100
|move|p2a: Grimmsnarl|Spirit Break|p1a: Gliscor
|-damage|p1a: Gliscor|9/100 tox
|-unboost|p1a: Gliscor|spa|1
|
|-heal|p1a: Gliscor|22/100 tox|[from] ability: Poison Heal
|upkeep
|turn|9
|
|t:|1743920996
|move|p2a: Grimmsnarl|Reflect|p2a: Grimmsnarl
|-sidestart|p2: AP Precalculus|Reflect
|move|p1a: Gliscor|Earthquake|p2a: Grimmsnarl
|-damage|p2a: Grimmsnarl|16/100
|
|-heal|p1a: Gliscor|34/100 tox|[from] ability: Poison Heal
|-end|p1a: Gliscor|move: Taunt
|upkeep
|turn|10
|
|t:|1743921004
|move|p1a: Gliscor|Facade|p2a: Grimmsnarl
|-damage|p2a: Grimmsnarl|0 fnt
|faint|p2a: Grimmsnarl
|
|-heal|p1a: Gliscor|46/100 tox|[from] ability: Poison Heal
|upkeep
|
|t:|1743921010
|switch|p2a: Iron Hands|Iron Hands|100/100
|-enditem|p2a: Iron Hands|Booster Energy
|-activate|p2a: Iron Hands|ability: Quark Drive|[fromitem]
|-start|p2a: Iron Hands|quarkdriveatk
|turn|11
|
|t:|1743921017
|-terastallize|p2a: Iron Hands|Fighting
|move|p1a: Gliscor|Earthquake|p2a: Iron Hands
|-damage|p2a: Iron Hands|87/100
|move|p2a: Iron Hands|Drain Punch|p1a: Gliscor
|-resisted|p1a: Gliscor
|-damage|p1a: Gliscor|8/100 tox
|-heal|p2a: Iron Hands|98/100|[from] drain|[of] p1a: Gliscor
|
|-heal|p1a: Gliscor|20/100 tox|[from] ability: Poison Heal
|upkeep
|turn|12
|
|t:|1743921030
|move|p1a: Gliscor|Earthquake|p2a: Iron Hands
|-damage|p2a: Iron Hands|83/100
|move|p2a: Iron Hands|Drain Punch|p1a: Gliscor
|-resisted|p1a: Gliscor
|-damage|p1a: Gliscor|0 fnt
|-heal|p2a: Iron Hands|89/100|[from] drain|[of] p1a: Gliscor
|faint|p1a: Gliscor
|
|upkeep
|
|t:|1743921033
|switch|p1a: Serperior|Serperior, M, shiny|100/100
|turn|13
|
|t:|1743921036
|move|p1a: Serperior|Reflect|p1a: Serperior
|-sidestart|p1: Qishan|Reflect
|move|p2a: Iron Hands|Ice Punch|p1a: Serperior
|-supereffective|p1a: Serperior
|-crit|p1a: Serperior
|-damage|p1a: Serperior|0 fnt
|faint|p1a: Serperior
|
|upkeep
|
|t:|1743921044
|switch|p1a: Iron Crown|Iron Crown|100/100
|-enditem|p1a: Iron Crown|Booster Energy
|-activate|p1a: Iron Crown|ability: Quark Drive|[fromitem]
|-start|p1a: Iron Crown|quarkdrivespa
|turn|14
|
|t:|1743921049
|move|p1a: Iron Crown|Tachyon Cutter|p2a: Iron Hands
|-damage|p2a: Iron Hands|54/100
|-damage|p2a: Iron Hands|22/100
|-hitcount|p2a: Iron Hands|2
|move|p2a: Iron Hands|Drain Punch|p1a: Iron Crown
|-damage|p1a: Iron Crown|59/100
|-heal|p2a: Iron Hands|36/100|[from] drain|[of] p1a: Iron Crown
|
|upkeep
|turn|15
|
|t:|1743921054
|move|p1a: Iron Crown|Tachyon Cutter|p2a: Iron Hands
|-damage|p2a: Iron Hands|1/100
|-damage|p2a: Iron Hands|0 fnt
|faint|p2a: Iron Hands
|-end|p2a: Iron Hands|Quark Drive|[silent]
|-hitcount|p2: Iron Hands|2
|
|upkeep
|
|t:|1743921061
|switch|p2a: Kommo-o|Kommo-o, M|100/100
|turn|16
|
|t:|1743921069
|move|p2a: Kommo-o|Substitute|p2a: Kommo-o
|-start|p2a: Kommo-o|Substitute
|-damage|p2a: Kommo-o|75/100
|move|p1a: Iron Crown|Tachyon Cutter|p2a: Kommo-o
|-end|p2a: Kommo-o|Substitute
|-damage|p2a: Kommo-o|34/100
|-hitcount|p2a: Kommo-o|2
|
|-sideend|p2: AP Precalculus|Reflect
|upkeep
|turn|17
|
|t:|1743921077
|move|p2a: Kommo-o|Drain Punch|p1a: Iron Crown
|-damage|p1a: Iron Crown|42/100
|-heal|p2a: Kommo-o|44/100|[from] drain|[of] p1a: Iron Crown
|move|p1a: Iron Crown|Agility|p1a: Iron Crown
|-boost|p1a: Iron Crown|spe|2
|
|upkeep
|turn|18
|
|t:|1743921083
|move|p1a: Iron Crown|Tachyon Cutter|p2a: Kommo-o
|-damage|p2a: Kommo-o|4/100
|-enditem|p2a: Kommo-o|Salac Berry|[eat]
|-boost|p2a: Kommo-o|spe|1|[from] item: Salac Berry
|-damage|p2a: Kommo-o|0 fnt
|faint|p2a: Kommo-o
|-hitcount|p2: Kommo-o|2
|
|upkeep
|-message|AP Precalculus forfeited.
|
|win|Qishan
|raw|Qishan's rating: 1480 &rarr; <strong>1494</strong><br />(+14 for winning)
|raw|AP Precalculus's rating: 1365 &rarr; <strong>1351</strong><br />(-14 for losing)
|l|☆AP Precalculus
|player|p2|
|l|☆Qishan
|player|p1|
