|j|☆monohue
|j|☆Bum_Muncha
|t:|1743907153
|gametype|singles
|player|p1|monohue|scientist-gen4dp|1622
|player|p2|Bum_Muncha|265|1636
|teamsize|p1|6
|teamsize|p2|6
|gen|9
|tier|[Gen 9] OU
|rated|
|rule|HP Percentage Mod: HP is shown in percentages
|rule|Endless Battle Clause: Forcing endless battles is banned
|rule|Species Clause: Limit one of each Pokémon
|rule|OHKO Clause: OHKO moves are banned
|rule|Evasion Items Clause: Evasion items are banned
|rule|Evasion Moves Clause: Evasion moves are banned
|rule|Sleep Moves Clause: Sleep-inducing moves are banned
|clearpoke
|poke|p1|Polteageist|
|poke|p1|Tinkaton, F|
|poke|p1|Hatterene, F|
|poke|p1|Infernape, M|
|poke|p1|Moltres-Galar|
|poke|p1|Zamazenta-*|
|poke|p2|Samurott-Hisui, F|
|poke|p2|Gliscor, M|
|poke|p2|Great Tusk|
|poke|p2|Tinkaton, F|
|poke|p2|Dragapult, F|
|poke|p2|Garganacl, M|
|teampreview
|
|t:|1743907162
|start
|switch|p1a: Infernape|Infernape, M, shiny|100/100
|switch|p2a: Garganacl|Garganacl, M|100/100
|turn|1
|
|t:|1743907166
|switch|p2a: Great Tusk|Great Tusk|100/100
|move|p1a: Infernape|Close Combat|p2a: Great Tusk
|-damage|p2a: Great Tusk|55/100
|-unboost|p1a: Infernape|def|1
|-unboost|p1a: Infernape|spd|1
|-damage|p1a: Infernape|84/100|[from] item: Rocky Helmet|[of] p2a: Great Tusk
|-damage|p1a: Infernape|74/100|[from] item: Life Orb
|
|upkeep
|turn|2
|
|t:|1743907173
|move|p1a: Infernape|Overheat|p2a: Great Tusk
|-damage|p2a: Great Tusk|0 fnt
|-unboost|p1a: Infernape|spa|2
|faint|p2a: Great Tusk
|-end|p2a: Great Tusk|Protosynthesis|[silent]
|-damage|p1a: Infernape|64/100|[from] item: Life Orb
|
|upkeep
|
|t:|1743907184
|switch|p2a: Dragapult|Dragapult, F|100/100
|turn|3
|
|t:|1743907187
|switch|p1a: Tinkaton|Tinkaton, F|100/100
|-ability|p1a: Tinkaton|Mold Breaker
|move|p2a: Dragapult|Hex|p1a: Tinkaton
|-damage|p1a: Tinkaton|77/100
|
|upkeep
|turn|4
|
|t:|1743907193
|move|p2a: Dragapult|Will-O-Wisp|p1a: Tinkaton
|-status|p1a: Tinkaton|brn
|move|p1a: Tinkaton|Knock Off|p2a: Dragapult
|-supereffective|p2a: Dragapult
|-damage|p2a: Dragapult|77/100
|-enditem|p2a: Dragapult|Heavy-Duty Boots|[from] move: Knock Off|[of] p1a: Tinkaton
|
|-damage|p1a: Tinkaton|71/100 brn|[from] brn
|upkeep
|turn|5
|
|t:|1743907198
|move|p2a: Dragapult|U-turn|p1a: Tinkaton
|-resisted|p1a: Tinkaton
|-damage|p1a: Tinkaton|67/100 brn
|
|t:|1743907202
|switch|p2a: Samurott|Samurott-Hisui, F|100/100|[from] U-turn
|move|p1a: Tinkaton|Stealth Rock|p2a: Samurott
|-sidestart|p2: Bum_Muncha|move: Stealth Rock
|
|-damage|p1a: Tinkaton|61/100 brn|[from] brn
|upkeep
|turn|6
|
|t:|1743907206
|move|p1a: Tinkaton|Thunder Wave|p2a: Samurott|[miss]
|-miss|p1a: Tinkaton|p2a: Samurott
|move|p2a: Samurott|Ceaseless Edge|p1a: Tinkaton
|-resisted|p1a: Tinkaton
|-crit|p1a: Tinkaton
|-damage|p1a: Tinkaton|22/100 brn
|-sidestart|p1: monohue|Spikes
|
|-damage|p1a: Tinkaton|16/100 brn|[from] brn
|upkeep
|turn|7
|
|t:|1743907212
|switch|p2a: Gliscor|Gliscor, M|100/100
|-damage|p2a: Gliscor|88/100|[from] Stealth Rock
|move|p1a: Tinkaton|Knock Off|p2a: Gliscor
|-damage|p2a: Gliscor|81/100
|-enditem|p2a: Gliscor|Toxic Orb|[from] move: Knock Off|[of] p1a: Tinkaton
|
|-damage|p1a: Tinkaton|10/100 brn|[from] brn
|upkeep
|turn|8
|c|☆monohue|predicted
|
|t:|1743907227
|move|p1a: Tinkaton|Knock Off|p2a: Gliscor
|-crit|p2a: Gliscor
|-damage|p2a: Gliscor|74/100
|move|p2a: Gliscor|Earthquake|p1a: Tinkaton
|-supereffective|p1a: Tinkaton
|-damage|p1a: Tinkaton|0 fnt
|faint|p1a: Tinkaton
|
|upkeep
|
|t:|1743907252
|switch|p1a: Hatterene|Hatterene, F, shiny|100/100
|-damage|p1a: Hatterene|88/100|[from] Spikes
|turn|9
|
|t:|1743907261
|move|p2a: Gliscor|Toxic|p1a: Hatterene
|move|p1a: Hatterene|Toxic|p2a: Gliscor|[from] ability: Magic Bounce
|-status|p2a: Gliscor|tox
|move|p1a: Hatterene|Calm Mind|p1a: Hatterene
|-boost|p1a: Hatterene|spa|1
|-boost|p1a: Hatterene|spd|1
|
|-heal|p1a: Hatterene|94/100|[from] item: Leftovers
|-heal|p2a: Gliscor|87/100 tox|[from] ability: Poison Heal
|upkeep
|turn|10
|
|t:|1743907266
|move|p2a: Gliscor|U-turn|p1a: Hatterene
|-damage|p1a: Hatterene|82/100
|
|t:|1743907268
|switch|p2a: Tinkaton|Tinkaton, F|100/100|[from] U-turn
|-damage|p2a: Tinkaton|94/100|[from] Stealth Rock
|-item|p2a: Tinkaton|Air Balloon
|move|p1a: Hatterene|Calm Mind|p1a: Hatterene
|-boost|p1a: Hatterene|spa|1
|-boost|p1a: Hatterene|spd|1
|
|-heal|p1a: Hatterene|89/100|[from] item: Leftovers
|upkeep
|turn|11
|
|t:|1743907272
|-terastallize|p1a: Hatterene|Normal
|move|p2a: Tinkaton|Gigaton Hammer|p1a: Hatterene
|-damage|p1a: Hatterene|51/100
|move|p1a: Hatterene|Mystical Fire|p2a: Tinkaton
|-supereffective|p2a: Tinkaton
|-damage|p2a: Tinkaton|18/100
|-unboost|p2a: Tinkaton|spa|1
|-enditem|p2a: Tinkaton|Air Balloon
|
|-heal|p1a: Hatterene|58/100|[from] item: Leftovers
|upkeep
|turn|12
|
|t:|1743907282
|move|p2a: Tinkaton|Knock Off|p1a: Hatterene
|-damage|p1a: Hatterene|43/100
|-enditem|p1a: Hatterene|Leftovers|[from] move: Knock Off|[of] p2a: Tinkaton
|move|p1a: Hatterene|Mystical Fire|p2a: Tinkaton
|-supereffective|p2a: Tinkaton
|-damage|p2a: Tinkaton|0 fnt
|faint|p2a: Tinkaton
|
|upkeep
|
|t:|1743907285
|switch|p2a: Samurott|Samurott-Hisui, F|100/100
|turn|13
|
|t:|1743907289
|move|p2a: Samurott|Ceaseless Edge|p1a: Hatterene
|-damage|p1a: Hatterene|1/100
|-sidestart|p1: monohue|Spikes
|move|p1a: Hatterene|Draining Kiss|p2a: Samurott
|-supereffective|p2a: Samurott
|-damage|p2a: Samurott|0 fnt
|-heal|p1a: Hatterene|84/100|[from] drain|[of] p2a: Samurott
|faint|p2a: Samurott
|
|upkeep
|
|t:|1743907294
|switch|p2a: Garganacl|Garganacl, M|100/100
|-damage|p2a: Garganacl|88/100|[from] Stealth Rock
|turn|14
|
|t:|1743907297
|move|p2a: Garganacl|Salt Cure|p1a: Hatterene
|-damage|p1a: Hatterene|73/100
|-start|p1a: Hatterene|Salt Cure
|move|p1a: Hatterene|Calm Mind|p1a: Hatterene
|-boost|p1a: Hatterene|spa|1
|-boost|p1a: Hatterene|spd|1
|
|-heal|p2a: Garganacl|94/100|[from] item: Leftovers
|-damage|p1a: Hatterene|61/100|[from] Salt Cure
|upkeep
|turn|15
|-message|Bum_Muncha forfeited.
|
|win|monohue
|raw|monohue's rating: 1622 &rarr; <strong>1643</strong><br />(+21 for winning)
|raw|Bum_Muncha's rating: 1636 &rarr; <strong>1615</strong><br />(-21 for losing)
|l|☆Bum_Muncha
|player|p2|
|l|☆monohue
|player|p1|
