|j|☆kthehighkid
|j|☆tasty toilet water
|t:|1743900403
|gametype|singles
|player|p1|kthehighkid|preschoolerf|
|player|p2|tasty toilet water|swimmerf-gen4|
|teamsize|p1|6
|teamsize|p2|6
|gen|9
|tier|[Gen 9] OU
|rule|HP Percentage Mod: HP is shown in percentages
|rule|Endless Battle Clause: Forcing endless battles is banned
|rule|Species Clause: Limit one of each Pokémon
|rule|OHKO Clause: OHKO moves are banned
|rule|Evasion Items Clause: Evasion items are banned
|rule|Evasion Moves Clause: Evasion moves are banned
|rule|Sleep Moves Clause: Sleep-inducing moves are banned
|clearpoke
|poke|p1|Cinderace, M|
|poke|p1|Great Tusk|
|poke|p1|Suicune|
|poke|p1|Cetitan, M|
|poke|p1|Mew|
|poke|p1|Tyranitar, M|
|poke|p2|Landorus-Therian, M|
|poke|p2|Iron Valiant|
|poke|p2|Sinistcha|
|poke|p2|Ting-Lu|
|poke|p2|Keldeo-Resolute|
|poke|p2|Salamence, F|
|teampreview
|j| jumblemuffler
|j| Bankai99
|j| Mood1e
|
|t:|1743900440
|start
|switch|p1a: Wet one|Suicune|100/100
|switch|p2a: Chris Chan|Keldeo-Resolute|100/100
|-ability|p1a: Wet one|Pressure
|turn|1
|
|t:|1743900482
|move|p2a: Chris Chan|Flip Turn|p1a: Wet one
|-resisted|p1a: Wet one
|-damage|p1a: Wet one|95/100
|
|t:|1743900487
|switch|p2a: Ethan Ting-Lu|Ting-Lu|100/100|[from] Flip Turn
|-ability|p2a: Ethan Ting-Lu|Vessel of Ruin
|move|p1a: Wet one|Calm Mind|p1a: Wet one
|-boost|p1a: Wet one|spa|1
|-boost|p1a: Wet one|spd|1
|
|-heal|p1a: Wet one|100/100|[from] item: Leftovers
|upkeep
|turn|2
|
|t:|1743900531
|move|p1a: Wet one|Scald|p2a: Ethan Ting-Lu
|-supereffective|p2a: Ethan Ting-Lu
|-damage|p2a: Ethan Ting-Lu|53/100
|move|p2a: Ethan Ting-Lu|Spikes|p1a: Wet one
|-sidestart|p1: kthehighkid|Spikes
|
|-heal|p2a: Ethan Ting-Lu|60/100|[from] item: Leftovers
|upkeep
|turn|3
|
|t:|1743900561
|move|p1a: Wet one|Ice Beam|p2a: Ethan Ting-Lu
|-supereffective|p2a: Ethan Ting-Lu
|-damage|p2a: Ethan Ting-Lu|28/100
|move|p2a: Ethan Ting-Lu|Whirlwind|p1a: Wet one
|drag|p1a: Candle bunny|Cinderace, M, shiny|100/100
|-damage|p1a: Candle bunny|88/100|[from] Spikes
|
|-heal|p2a: Ethan Ting-Lu|34/100|[from] item: Leftovers
|upkeep
|turn|4
|
|t:|1743900596
|move|p1a: Candle bunny|Pyro Ball|p2a: Ethan Ting-Lu
|-damage|p2a: Ethan Ting-Lu|0 fnt
|faint|p2a: Ethan Ting-Lu
|-damage|p1a: Candle bunny|78/100|[from] item: Life Orb
|
|upkeep
|
|t:|1743900601
|switch|p2a: Mr. White|Landorus-Therian, M|100/100
|-ability|p2a: Mr. White|Intimidate|boost
|-unboost|p1a: Candle bunny|atk|1
|turn|5
|
|t:|1743900626
|move|p2a: Mr. White|Earthquake|p1a: Candle bunny
|-supereffective|p1a: Candle bunny
|-damage|p1a: Candle bunny|0 fnt
|faint|p1a: Candle bunny
|
|upkeep
|
|t:|1743900661
|switch|p1a: Big Ball of Hurt|Cetitan, M|100/100
|turn|6
|
|t:|1743900717
|switch|p2a: Chris Chan|Keldeo-Resolute|100/100
|move|p1a: Big Ball of Hurt|Ice Spinner|p2a: Chris Chan
|-resisted|p2a: Chris Chan
|-damage|p2a: Chris Chan|78/100
|
|upkeep
|turn|7
|
|t:|1743900735
|-terastallize|p1a: Big Ball of Hurt|Fairy
|move|p2a: Chris Chan|Secret Sword|p1a: Big Ball of Hurt
|-resisted|p1a: Big Ball of Hurt
|-damage|p1a: Big Ball of Hurt|80/100
|move|p1a: Big Ball of Hurt|Play Rough|p2a: Chris Chan
|-supereffective|p2a: Chris Chan
|-damage|p2a: Chris Chan|0 fnt
|faint|p2a: Chris Chan
|
|upkeep
|c| jumblemuffler|MOGGED
|c| Bankai99|huge
|c| jumblemuffler|SHE ADPATS
|c|☆kthehighkid|had to get that guy out
|c|☆kthehighkid|huge
|c| jumblemuffler|YEA HTHE FUCK YOU DID
|c| jumblemuffler|MEGA MOGGING MILLONAIRE
|
|t:|1743900797
|switch|p2a: Big Justice|Salamence, F|100/100
|turn|8
|
|t:|1743900827
|-terastallize|p2a: Big Justice|Steel
|move|p2a: Big Justice|Dragon Dance|p2a: Big Justice
|-boost|p2a: Big Justice|atk|1
|-boost|p2a: Big Justice|spe|1
|move|p1a: Big Ball of Hurt|Ice Spinner|p2a: Big Justice
|-resisted|p2a: Big Justice
|-damage|p2a: Big Justice|75/100
|
|upkeep
|turn|9
|
|t:|1743900848
|move|p2a: Big Justice|Iron Head|p1a: Big Ball of Hurt
|-supereffective|p1a: Big Ball of Hurt
|-damage|p1a: Big Ball of Hurt|0 fnt
|faint|p1a: Big Ball of Hurt
|-ability|p2a: Big Justice|Moxie|boost
|-boost|p2a: Big Justice|atk|1
|
|upkeep
|c|☆tasty toilet water|!dt Moxie
|raw|<ul class="utilichart"><li class="result"><span class="col namecol"><a href="https://dex.pokemonshowdown.com/abilities/moxie">Moxie</a></span> <span class="col abilitydesccol">This Pokemon's Attack is raised by 1 stage if it attacks and KOes another Pokemon.</span> </li><li style="clear:both"></li></ul>
|raw|<font size="1"><font color="#686868">Gen:</font> 5</font>

|c| jumblemuffler|5
|c| jumblemuffler|BIG
|c| jumblemuffler|BOOMS
|
|t:|1743900894
|switch|p1a: Carl|Great Tusk|100/100
|-damage|p1a: Carl|88/100|[from] Spikes
|-enditem|p1a: Carl|Booster Energy
|-activate|p1a: Carl|ability: Protosynthesis|[fromitem]
|-start|p1a: Carl|protosynthesisatk
|turn|10
|
|t:|1743900916
|move|p2a: Big Justice|Dual Wingbeat|p1a: Carl
|-supereffective|p1a: Carl
|-damage|p1a: Carl|20/100
|-supereffective|p1a: Carl
|-damage|p1a: Carl|0 fnt
|faint|p1a: Carl
|-end|p1a: Carl|Protosynthesis|[silent]
|-ability|p2a: Big Justice|Moxie|boost
|-boost|p2a: Big Justice|atk|1
|-hitcount|p1: Carl|2
|
|upkeep
|
|t:|1743900946
|switch|p1a: Big Loog|Tyranitar, M|100/100
|-damage|p1a: Big Loog|88/100|[from] Spikes
|-weather|Sandstorm|[from] ability: Sand Stream|[of] p1a: Big Loog
|turn|11
|
|t:|1743900968
|move|p2a: Big Justice|Iron Head|p1a: Big Loog
|-supereffective|p1a: Big Loog
|-damage|p1a: Big Loog|0 fnt
|faint|p1a: Big Loog
|-ability|p2a: Big Justice|Moxie|boost
|-boost|p2a: Big Justice|atk|1
|
|-weather|Sandstorm|[upkeep]
|upkeep
|
|t:|1743900988
|switch|p1a: Wet one|Suicune|100/100
|-damage|p1a: Wet one|88/100|[from] Spikes
|-ability|p1a: Wet one|Pressure
|turn|12
|
|t:|1743901012
|move|p2a: Big Justice|Outrage|p1a: Wet one
|-damage|p1a: Wet one|0 fnt
|faint|p1a: Wet one
|-ability|p2a: Big Justice|Moxie|boost
|-boost|p2a: Big Justice|atk|1
|
|-weather|Sandstorm|[upkeep]
|upkeep
|
|t:|1743901018
|switch|p1a: Thickums|Mew, shiny|100/100
|-damage|p1a: Thickums|88/100|[from] Spikes
|turn|13
|
|t:|1743901030
|move|p2a: Big Justice|Outrage|p1a: Thickums|[from] lockedmove
|-damage|p1a: Thickums|0 fnt
|faint|p1a: Thickums
|-start|p2a: Big Justice|confusion|[fatigue]
|
|win|tasty toilet water
