|j|☆Marshadowbestboi
|j|☆leagueune
|t:|1743876544
|gametype|singles
|player|p1|Marshadowbestboi|cynthia|1214
|player|p2|leagueune|102|1250
|teamsize|p1|6
|teamsize|p2|6
|gen|9
|tier|[Gen 9] OU
|rated|
|rule|HP Percentage Mod: HP is shown in percentages
|rule|Endless Battle Clause: Forcing endless battles is banned
|rule|Species Clause: Limit one of each Pokémon
|rule|OHKO Clause: OHKO moves are banned
|rule|Evasion Items Clause: Evasion items are banned
|rule|Evasion Moves Clause: Evasion moves are banned
|rule|Sleep Moves Clause: Sleep-inducing moves are banned
|clearpoke
|poke|p1|Beartic, M|
|poke|p1|Iron Valiant|
|poke|p1|Slowking-Galar, M|
|poke|p1|Great Tusk|
|poke|p1|Kingambit, M|
|poke|p1|Dragonite, F|
|poke|p2|Ting-Lu|
|poke|p2|Sandy Shocks|
|poke|p2|Moltres|
|poke|p2|Dragonite, F|
|poke|p2|Zamazenta-*|
|poke|p2|Hatterene, F|
|teampreview
|inactive|Battle timer is ON: inactive players will automatically lose when time's up. (requested by leagueune)
|
|t:|1743876553
|start
|switch|p1a: Slowking|Slowking-Galar, M|100/100
|switch|p2a: Dragonite|Dragonite, F|100/100
|turn|1
|
|t:|1743876559
|switch|p2a: Hatterene|Hatterene, F|100/100
|move|p1a: Slowking|Thunder Wave|p2a: Hatterene
|move|p2a: Hatterene|Thunder Wave|p1a: Slowking|[from] ability: Magic Bounce
|-status|p1a: Slowking|par
|
|upkeep
|turn|2
|
|t:|1743876568
|switch|p2a: Ting-Lu|Ting-Lu|100/100
|-ability|p2a: Ting-Lu|Vessel of Ruin
|move|p1a: Slowking|Sludge Bomb|p2a: Ting-Lu
|-resisted|p2a: Ting-Lu
|-damage|p2a: Ting-Lu|94/100
|
|-heal|p2a: Ting-Lu|99/100|[from] item: Leftovers
|upkeep
|turn|3
|
|t:|1743876573
|move|p2a: Ting-Lu|Earthquake|p1a: Slowking
|-supereffective|p1a: Slowking
|-damage|p1a: Slowking|22/100 par
|-prepare|p1a: Slowking|Chilly Reception|[premajor]
|move|p1a: Slowking|Chilly Reception|p1a: Slowking
|-weather|Snowscape
|
|t:|1743876582
|switch|p1a: Iron Valiant|Iron Valiant|100/100|[from] Chilly Reception
|
|-weather|Snowscape|[upkeep]
|-heal|p2a: Ting-Lu|100/100|[from] item: Leftovers
|upkeep
|turn|4
|
|t:|1743876591
|switch|p2a: Hatterene|Hatterene, F|100/100
|move|p1a: Iron Valiant|Focus Blast|p2a: Hatterene
|-resisted|p2a: Hatterene
|-damage|p2a: Hatterene|76/100
|
|-weather|Snowscape|[upkeep]
|-heal|p2a: Hatterene|82/100|[from] item: Leftovers
|upkeep
|turn|5
|
|t:|1743876602
|-end|p1a: Iron Valiant|Quark Drive|[silent]
|switch|p1a: Kingambit|Kingambit, M|100/100
|move|p2a: Hatterene|Psychic Noise|p1a: Kingambit
|-immune|p1a: Kingambit
|
|-weather|Snowscape|[upkeep]
|-heal|p2a: Hatterene|88/100|[from] item: Leftovers
|upkeep
|turn|6
|
|t:|1743876608
|move|p1a: Kingambit|Kowtow Cleave|p2a: Hatterene
|-damage|p2a: Hatterene|43/100
|move|p2a: Hatterene|Nuzzle|p1a: Kingambit
|-damage|p1a: Kingambit|97/100
|-status|p1a: Kingambit|par
|
|-weather|Snowscape|[upkeep]
|-heal|p2a: Hatterene|49/100|[from] item: Leftovers
|-heal|p1a: Kingambit|100/100 par|[from] item: Leftovers
|upkeep
|turn|7
|
|t:|1743876616
|switch|p2a: Ting-Lu|Ting-Lu|100/100
|-ability|p2a: Ting-Lu|Vessel of Ruin
|move|p1a: Kingambit|Iron Head|p2a: Ting-Lu
|-damage|p2a: Ting-Lu|75/100
|
|-weather|none
|-heal|p2a: Ting-Lu|81/100|[from] item: Leftovers
|upkeep
|turn|8
|
|t:|1743876622
|-end|p1a: Kingambit|fallenundefined|[silent]
|switch|p1a: Beartic|Beartic, M|100/100
|move|p2a: Ting-Lu|Ruination|p1a: Beartic
|-damage|p1a: Beartic|51/100
|
|-heal|p2a: Ting-Lu|88/100|[from] item: Leftovers
|upkeep
|turn|9
|
|t:|1743876629
|switch|p2a: Moltres|Moltres|100/100
|move|p1a: Beartic|Avalanche|p2a: Moltres
|-damage|p2a: Moltres|75/100
|
|upkeep
|turn|10
|
|t:|1743876639
|switch|p1a: Slowking|Slowking-Galar, M|56/100 par
|move|p2a: Moltres|Will-O-Wisp||[still]
|-fail|p2a: Moltres
|
|upkeep
|turn|11
|
|t:|1743876648
|switch|p2a: Ting-Lu|Ting-Lu|88/100
|-ability|p2a: Ting-Lu|Vessel of Ruin
|cant|p1a: Slowking|par
|
|-heal|p2a: Ting-Lu|94/100|[from] item: Leftovers
|upkeep
|turn|12
|
|t:|1743876653
|move|p2a: Ting-Lu|Spikes|p1a: Slowking
|-sidestart|p1: Marshadowbestboi|Spikes
|-prepare|p1a: Slowking|Chilly Reception|[premajor]
|move|p1a: Slowking|Chilly Reception|p1a: Slowking
|-weather|Snowscape
|
|t:|1743876657
|switch|p1a: Iron Valiant|Iron Valiant|100/100|[from] Chilly Reception
|-damage|p1a: Iron Valiant|88/100|[from] Spikes
|
|-weather|Snowscape|[upkeep]
|-heal|p2a: Ting-Lu|99/100|[from] item: Leftovers
|upkeep
|turn|13
|
|t:|1743876666
|switch|p2a: Moltres|Moltres|75/100
|move|p1a: Iron Valiant|Moonblast|p2a: Moltres
|-resisted|p2a: Moltres
|-damage|p2a: Moltres|41/100
|
|-weather|Snowscape|[upkeep]
|upkeep
|turn|14
|
|t:|1743876675
|-end|p1a: Iron Valiant|Quark Drive|[silent]
|switch|p1a: Slowking|Slowking-Galar, M|89/100 par
|move|p2a: Moltres|Roost|p2a: Moltres
|-heal|p2a: Moltres|91/100
|-singleturn|p2a: Moltres|move: Roost
|
|-weather|Snowscape|[upkeep]
|upkeep
|turn|15
|
|t:|1743876682
|switch|p2a: Ting-Lu|Ting-Lu|99/100
|-ability|p2a: Ting-Lu|Vessel of Ruin
|-prepare|p1a: Slowking|Chilly Reception|[premajor]
|move|p1a: Slowking|Chilly Reception|p1a: Slowking
|
|t:|1743876691
|switch|p1a: Beartic|Beartic, M|51/100|[from] Chilly Reception
|
|-weather|Snowscape|[upkeep]
|-heal|p2a: Ting-Lu|100/100|[from] item: Leftovers
|upkeep
|turn|16
|
|t:|1743876697
|move|p2a: Ting-Lu|Spikes|p1a: Beartic
|-sidestart|p1: Marshadowbestboi|Spikes
|move|p1a: Beartic|Avalanche|p2a: Ting-Lu
|-supereffective|p2a: Ting-Lu
|-damage|p2a: Ting-Lu|62/100
|
|-weather|none
|-heal|p2a: Ting-Lu|68/100|[from] item: Leftovers
|upkeep
|turn|17
|
|t:|1743876703
|move|p2a: Ting-Lu|Spikes|p1a: Beartic
|-sidestart|p1: Marshadowbestboi|Spikes
|move|p1a: Beartic|Avalanche|p2a: Ting-Lu
|-supereffective|p2a: Ting-Lu
|-damage|p2a: Ting-Lu|29/100
|
|-heal|p2a: Ting-Lu|36/100|[from] item: Leftovers
|upkeep
|turn|18
|
|t:|1743876709
|switch|p2a: Moltres|Moltres|91/100
|move|p1a: Beartic|Avalanche|p2a: Moltres
|-damage|p2a: Moltres|67/100
|
|upkeep
|turn|19
|
|t:|1743876718
|switch|p1a: Dragonite|Dragonite, F|100/100
|move|p2a: Moltres|Will-O-Wisp|p1a: Dragonite|[miss]
|-miss|p2a: Moltres|p1a: Dragonite
|
|upkeep
|turn|20
|
|t:|1743876726
|move|p1a: Dragonite|Dragon Dance|p1a: Dragonite
|-boost|p1a: Dragonite|atk|1
|-boost|p1a: Dragonite|spe|1
|move|p2a: Moltres|Will-O-Wisp|p1a: Dragonite
|-status|p1a: Dragonite|brn
|
|-damage|p1a: Dragonite|94/100 brn|[from] brn
|upkeep
|turn|21
|
|t:|1743876733
|move|p1a: Dragonite|Extreme Speed|p2a: Moltres
|-damage|p2a: Moltres|51/100
|move|p2a: Moltres|Roar|p1a: Dragonite
|drag|p1a: Iron Valiant|Iron Valiant|88/100
|-damage|p1a: Iron Valiant|63/100|[from] Spikes
|
|upkeep
|turn|22
|
|t:|1743876740
|move|p1a: Iron Valiant|Shadow Ball|p2a: Moltres
|-damage|p2a: Moltres|9/100
|move|p2a: Moltres|Roar|p1a: Iron Valiant
|-end|p1a: Iron Valiant|Quark Drive|[silent]
|drag|p1a: Slowking|Slowking-Galar, M|100/100 par
|
|upkeep
|turn|23
|
|t:|1743876750
|move|p2a: Moltres|Roost|p2a: Moltres
|-heal|p2a: Moltres|59/100
|-singleturn|p2a: Moltres|move: Roost
|cant|p1a: Slowking|par
|
|upkeep
|turn|24
|
|t:|1743876755
|move|p1a: Slowking|Future Sight|p2a: Moltres
|-start|p1a: Slowking|move: Future Sight
|move|p2a: Moltres|Roar|p1a: Slowking
|drag|p1a: Great Tusk|Great Tusk|100/100
|-damage|p1a: Great Tusk|76/100|[from] Spikes
|-enditem|p1a: Great Tusk|Booster Energy
|-activate|p1a: Great Tusk|ability: Protosynthesis|[fromitem]
|-start|p1a: Great Tusk|protosynthesisspe
|
|upkeep
|turn|25
|
|t:|1743876761
|move|p1a: Great Tusk|Rapid Spin|p2a: Moltres
|-damage|p2a: Moltres|50/100
|-boost|p1a: Great Tusk|spe|1
|-status|p1a: Great Tusk|brn|[from] ability: Flame Body|[of] p2a: Moltres
|-sideend|p1: Marshadowbestboi|Spikes|[from] move: Rapid Spin|[of] p1a: Great Tusk
|move|p2a: Moltres|Will-O-Wisp|p1a: Great Tusk
|-fail|p1a: Great Tusk|brn
|
|-damage|p1a: Great Tusk|69/100 brn|[from] brn
|upkeep
|turn|26
|
|t:|1743876772
|-end|p1a: Great Tusk|Protosynthesis|[silent]
|switch|p1a: Slowking|Slowking-Galar, M|100/100 par
|move|p2a: Moltres|Roost|p2a: Moltres
|-heal|p2a: Moltres|99/100
|-singleturn|p2a: Moltres|move: Roost
|
|-end|p2a: Moltres|move: Future Sight
|-damage|p2a: Moltres|55/100
|upkeep
|turn|27
|
|t:|1743876781
|move|p2a: Moltres|Roost|p2a: Moltres
|-heal|p2a: Moltres|100/100
|-singleturn|p2a: Moltres|move: Roost
|move|p1a: Slowking|Thunder Wave|p2a: Moltres|[miss]
|-miss|p1a: Slowking|p2a: Moltres
|
|upkeep
|turn|28
|
|t:|1743876786
|switch|p2a: Ting-Lu|Ting-Lu|36/100
|-ability|p2a: Ting-Lu|Vessel of Ruin
|move|p1a: Slowking|Thunder Wave|p2a: Ting-Lu
|-immune|p2a: Ting-Lu
|
|-heal|p2a: Ting-Lu|42/100|[from] item: Leftovers
|upkeep
|turn|29
|
|t:|1743876790
|move|p2a: Ting-Lu|Earthquake|p1a: Slowking
|-supereffective|p1a: Slowking
|-damage|p1a: Slowking|30/100 par
|-prepare|p1a: Slowking|Chilly Reception|[premajor]
|move|p1a: Slowking|Chilly Reception|p1a: Slowking
|-weather|Snowscape
|
|t:|1743876797
|switch|p1a: Dragonite|Dragonite, F|94/100 brn|[from] Chilly Reception
|
|-weather|Snowscape|[upkeep]
|-heal|p2a: Ting-Lu|48/100|[from] item: Leftovers
|-damage|p1a: Dragonite|88/100 brn|[from] brn
|upkeep
|turn|30
|
|t:|1743876801
|move|p1a: Dragonite|Outrage|p2a: Ting-Lu
|-crit|p2a: Ting-Lu
|-damage|p2a: Ting-Lu|21/100
|move|p2a: Ting-Lu|Ruination|p1a: Dragonite
|-damage|p1a: Dragonite|44/100 brn
|
|-weather|Snowscape|[upkeep]
|-heal|p2a: Ting-Lu|27/100|[from] item: Leftovers
|-damage|p1a: Dragonite|38/100 brn|[from] brn
|upkeep
|turn|31
|
|t:|1743876806
|switch|p2a: Hatterene|Hatterene, F|49/100
|move|p1a: Dragonite|Outrage|p2a: Hatterene|[from] lockedmove
|-immune|p2a: Hatterene
|
|-weather|Snowscape|[upkeep]
|-heal|p2a: Hatterene|55/100|[from] item: Leftovers
|-damage|p1a: Dragonite|32/100 brn|[from] brn
|upkeep
|turn|32
|
|t:|1743876811
|move|p1a: Dragonite|Earthquake|p2a: Hatterene
|-damage|p2a: Hatterene|38/100
|move|p2a: Hatterene|Draining Kiss|p1a: Dragonite
|-supereffective|p1a: Dragonite
|-damage|p1a: Dragonite|0 fnt
|-heal|p2a: Hatterene|62/100|[from] drain|[of] p1a: Dragonite
|faint|p1a: Dragonite
|
|-weather|Snowscape|[upkeep]
|-heal|p2a: Hatterene|68/100|[from] item: Leftovers
|upkeep
|
|t:|1743876817
|switch|p1a: Slowking|Slowking-Galar, M|63/100 par
|turn|33
|
|t:|1743876821
|switch|p2a: Ting-Lu|Ting-Lu|27/100
|-ability|p2a: Ting-Lu|Vessel of Ruin
|move|p1a: Slowking|Sludge Bomb|p2a: Ting-Lu
|-resisted|p2a: Ting-Lu
|-damage|p2a: Ting-Lu|19/100
|
|-weather|none
|-heal|p2a: Ting-Lu|26/100|[from] item: Leftovers
|upkeep
|turn|34
|
|t:|1743876826
|move|p2a: Ting-Lu|Earthquake|p1a: Slowking
|-supereffective|p1a: Slowking
|-damage|p1a: Slowking|0 fnt
|faint|p1a: Slowking
|
|-heal|p2a: Ting-Lu|32/100|[from] item: Leftovers
|upkeep
|
|t:|1743876830
|switch|p1a: Beartic|Beartic, M|51/100
|turn|35
|
|t:|1743876836
|switch|p2a: Moltres|Moltres|100/100
|move|p1a: Beartic|Avalanche|p2a: Moltres
|-damage|p2a: Moltres|76/100
|-status|p1a: Beartic|brn|[from] ability: Flame Body|[of] p2a: Moltres
|
|-damage|p1a: Beartic|45/100 brn|[from] brn
|upkeep
|turn|36
|
|t:|1743876839
|move|p2a: Moltres|Flamethrower|p1a: Beartic
|-supereffective|p1a: Beartic
|-damage|p1a: Beartic|0 fnt
|faint|p1a: Beartic
|
|upkeep
|
|t:|1743876847
|switch|p1a: Iron Valiant|Iron Valiant|63/100
|turn|37
|
|t:|1743876851
|move|p1a: Iron Valiant|Shadow Ball|p2a: Moltres
|-damage|p2a: Moltres|33/100
|-unboost|p2a: Moltres|spd|1
|move|p2a: Moltres|Will-O-Wisp|p1a: Iron Valiant
|-status|p1a: Iron Valiant|brn
|
|-damage|p1a: Iron Valiant|57/100 brn|[from] brn
|upkeep
|turn|38
|
|t:|1743876867
|switch|p2a: Zamazenta|Zamazenta|100/100
|-ability|p2a: Zamazenta|Dauntless Shield|boost
|-boost|p2a: Zamazenta|def|1
|move|p1a: Iron Valiant|Shadow Ball|p2a: Zamazenta
|-damage|p2a: Zamazenta|66/100
|
|-damage|p1a: Iron Valiant|51/100 brn|[from] brn
|upkeep
|turn|39
|
|t:|1743876876
|-end|p1a: Iron Valiant|Quark Drive|[silent]
|switch|p1a: Great Tusk|Great Tusk|69/100 brn
|move|p2a: Zamazenta|Heavy Slam|p1a: Great Tusk
|-crit|p1a: Great Tusk
|-damage|p1a: Great Tusk|54/100 brn
|-damage|p2a: Zamazenta|56/100|[from] item: Life Orb
|
|-damage|p1a: Great Tusk|48/100 brn|[from] brn
|upkeep
|turn|40
|
|t:|1743876884
|move|p2a: Zamazenta|Close Combat|p1a: Great Tusk
|-damage|p1a: Great Tusk|0 fnt
|-unboost|p2a: Zamazenta|def|1
|-unboost|p2a: Zamazenta|spd|1
|faint|p1a: Great Tusk
|-end|p1a: Great Tusk|Protosynthesis|[silent]
|-damage|p2a: Zamazenta|46/100|[from] item: Life Orb
|
|upkeep
|
|t:|1743876887
|switch|p1a: Iron Valiant|Iron Valiant|51/100 brn
|turn|41
|
|t:|1743876889
|move|p2a: Zamazenta|Heavy Slam|p1a: Iron Valiant
|-supereffective|p1a: Iron Valiant
|-damage|p1a: Iron Valiant|0 fnt
|faint|p1a: Iron Valiant
|-end|p1a: Iron Valiant|Quark Drive|[silent]
|-damage|p2a: Zamazenta|36/100|[from] item: Life Orb
|
|upkeep
|
|t:|1743876892
|switch|p1a: Kingambit|Kingambit, M|100/100 par
|-activate|p1a: Kingambit|ability: Supreme Overlord
|-start|p1a: Kingambit|fallen5|[silent]
|turn|42
|
|t:|1743876897
|move|p2a: Zamazenta|Close Combat|p1a: Kingambit
|-supereffective|p1a: Kingambit
|-damage|p1a: Kingambit|0 fnt
|-unboost|p2a: Zamazenta|def|1
|-unboost|p2a: Zamazenta|spd|1
|faint|p1a: Kingambit
|-end|p1a: Kingambit|fallen5|[silent]
|-damage|p2a: Zamazenta|27/100|[from] item: Life Orb
|
|win|leagueune
|raw|Marshadowbestboi's rating: 1214 &rarr; <strong>1192</strong><br />(-22 for losing)
|raw|leagueune's rating: 1250 &rarr; <strong>1272</strong><br />(+22 for winning)
|c|☆leagueune|gg
|c|☆Marshadowbestboi|gg
|l|☆leagueune
|player|p2|
|l|☆Marshadowbestboi
|player|p1|
