|j|☆Absoljaya
|j|☆benji fades
|t:|1743817265
|gametype|singles
|player|p1|Absoljaya|gladion|1504
|player|p2|benji fades|preschooler|1485
|teamsize|p1|6
|teamsize|p2|6
|gen|9
|tier|[Gen 9] OU
|rated|
|rule|HP Percentage Mod: HP is shown in percentages
|rule|Endless Battle Clause: Forcing endless battles is banned
|rule|Species Clause: Limit one of each Pokémon
|rule|OHKO Clause: OHKO moves are banned
|rule|Evasion Items Clause: Evasion items are banned
|rule|Evasion Moves Clause: Evasion moves are banned
|rule|Sleep Moves Clause: Sleep-inducing moves are banned
|clearpoke
|poke|p1|Great Tusk|
|poke|p1|Cinderace, M|
|poke|p1|Dragapult, M|
|poke|p1|Zoroark-Hisui, M|
|poke|p1|Vaporeon, M|
|poke|p1|Sylveon, M|
|poke|p2|Ogerpon-Wellspring, F|
|poke|p2|Raging Bolt|
|poke|p2|Glimmora, M|
|poke|p2|Gholdengo|
|poke|p2|Hoopa-Unbound|
|poke|p2|Zamazenta-*|
|teampreview
|inactive|Battle timer is ON: inactive players will automatically lose when time's up. (requested by benji fades)
|inactive|Absoljaya has 120 seconds left.
|
|t:|1743817303
|start
|switch|p1a: Great Tusk|Great Tusk|100/100
|switch|p2a: Glimmora|Glimmora, M|100/100
|turn|1
|
|t:|1743817308
|move|p1a: Great Tusk|Rapid Spin|p2a: Glimmora
|-resisted|p2a: Glimmora
|-damage|p2a: Glimmora|90/100
|-boost|p1a: Great Tusk|spe|1
|-activate|p2a: Glimmora|ability: Toxic Debris
|-sidestart|p1: Absoljaya|move: Toxic Spikes
|-sideend|p1: Absoljaya|Toxic Spikes|[from] move: Rapid Spin|[of] p1a: Great Tusk
|move|p2a: Glimmora|Earth Power|p1a: Great Tusk
|-damage|p1a: Great Tusk|55/100
|-unboost|p1a: Great Tusk|spd|1
|
|upkeep
|turn|2
|
|t:|1743817315
|switch|p2a: Gholdengo|Gholdengo|100/100
|-item|p2a: Gholdengo|Air Balloon
|move|p1a: Great Tusk|Headlong Rush|p2a: Gholdengo
|-immune|p2a: Gholdengo
|
|upkeep
|turn|3
|
|t:|1743817324
|-end|p1a: Great Tusk|Protosynthesis|[silent]
|switch|p1a: Vaporeon|Vaporeon, M|100/100
|move|p2a: Gholdengo|Dazzling Gleam|p1a: Vaporeon
|-damage|p1a: Vaporeon|83/100
|
|-heal|p1a: Vaporeon|89/100|[from] item: Leftovers
|upkeep
|turn|4
|
|t:|1743817331
|switch|p1a: Cinderace|Cinderace, M|100/100
|move|p2a: Gholdengo|Thunder Wave|p1a: Cinderace
|-status|p1a: Cinderace|par
|
|upkeep
|turn|5
|
|t:|1743817337
|switch|p2a: Glimmora|Glimmora, M|90/100
|move|p1a: Cinderace|Pyro Ball|p2a: Glimmora
|-resisted|p2a: Glimmora
|-damage|p2a: Glimmora|62/100
|-activate|p2a: Glimmora|ability: Toxic Debris
|-sidestart|p1: Absoljaya|move: Toxic Spikes
|
|upkeep
|turn|6
|
|t:|1743817344
|move|p2a: Glimmora|Power Gem|p1a: Cinderace
|-supereffective|p1a: Cinderace
|-damage|p1a: Cinderace|6/100 par
|move|p1a: Cinderace|Court Change|p1a: Cinderace
|-swapsideconditions
|-activate|p1a: Cinderace|move: Court Change
|
|upkeep
|turn|7
|
|t:|1743817349
|switch|p1a: Great Tusk|Great Tusk|55/100
|move|p2a: Glimmora|Mortal Spin|p1a: Great Tusk
|-resisted|p1a: Great Tusk
|-damage|p1a: Great Tusk|53/100
|-status|p1a: Great Tusk|psn
|-damage|p2a: Glimmora|45/100|[from] item: Rocky Helmet|[of] p1a: Great Tusk
|-sideend|p2: benji fades|Toxic Spikes|[from] move: Mortal Spin|[of] p2a: Glimmora
|
|-damage|p1a: Great Tusk|41/100 psn|[from] psn
|upkeep
|turn|8
|
|t:|1743817357
|move|p1a: Great Tusk|Knock Off|p2a: Glimmora
|-damage|p2a: Glimmora|5/100
|-activate|p2a: Glimmora|ability: Toxic Debris
|-sidestart|p1: Absoljaya|move: Toxic Spikes
|-enditem|p2a: Glimmora|Focus Sash|[from] move: Knock Off|[of] p1a: Great Tusk
|move|p2a: Glimmora|Stealth Rock|p1a: Great Tusk
|-sidestart|p1: Absoljaya|move: Stealth Rock
|
|-damage|p1a: Great Tusk|28/100 psn|[from] psn
|upkeep
|turn|9
|
|t:|1743817361
|switch|p2a: Gholdengo|Gholdengo|100/100
|-item|p2a: Gholdengo|Air Balloon
|move|p1a: Great Tusk|Rapid Spin|p2a: Gholdengo
|-immune|p2a: Gholdengo
|
|-damage|p1a: Great Tusk|16/100 psn|[from] psn
|upkeep
|turn|10
|
|t:|1743817366
|switch|p2a: Glimmora|Glimmora, M|5/100
|move|p1a: Great Tusk|Knock Off|p2a: Glimmora
|-damage|p2a: Glimmora|0 fnt
|-activate|p2a: Glimmora|ability: Toxic Debris
|-sidestart|p1: Absoljaya|move: Toxic Spikes
|faint|p2a: Glimmora
|
|-damage|p1a: Great Tusk|3/100 psn|[from] psn
|upkeep
|
|t:|1743817372
|switch|p2a: Ogerpon|Ogerpon-Wellspring, F|100/100
|turn|11
|
|t:|1743817376
|move|p2a: Ogerpon|U-turn|p1a: Great Tusk
|-resisted|p1a: Great Tusk
|-damage|p1a: Great Tusk|0 fnt
|-damage|p2a: Ogerpon|84/100|[from] item: Rocky Helmet|[of] p1a: Great Tusk
|faint|p1a: Great Tusk
|-end|p1a: Great Tusk|Protosynthesis|[silent]
|
|t:|1743817384
|switch|p2a: Zamazenta|Zamazenta|100/100|[from] U-turn
|-ability|p2a: Zamazenta|Dauntless Shield|boost
|-boost|p2a: Zamazenta|def|1
|
|upkeep
|
|t:|1743817387
|switch|p1a: Vaporeon|Vaporeon, M|89/100
|-status|p1a: Vaporeon|tox
|-damage|p1a: Vaporeon|76/100 tox|[from] Stealth Rock
|turn|12
|
|t:|1743817397
|switch|p2a: Ogerpon|Ogerpon-Wellspring, F|84/100
|move|p1a: Vaporeon|Wish|p1a: Vaporeon
|
|-heal|p1a: Vaporeon|83/100 tox|[from] item: Leftovers
|-damage|p1a: Vaporeon|76/100 tox|[from] psn
|upkeep
|turn|13
|
|t:|1743817408
|move|p1a: Vaporeon|Protect|p1a: Vaporeon
|-singleturn|p1a: Vaporeon|Protect
|move|p2a: Ogerpon|Knock Off|p1a: Vaporeon
|-activate|p1a: Vaporeon|move: Protect
|
|-heal|p1a: Vaporeon|100/100 tox|[from] move: Wish|[wisher] Vaporeon
|-damage|p1a: Vaporeon|88/100 tox|[from] psn
|upkeep
|turn|14
|
|t:|1743817414
|move|p2a: Ogerpon|Knock Off|p1a: Vaporeon
|-damage|p1a: Vaporeon|57/100 tox
|-enditem|p1a: Vaporeon|Leftovers|[from] move: Knock Off|[of] p2a: Ogerpon
|move|p1a: Vaporeon|Wish|p1a: Vaporeon
|
|-damage|p1a: Vaporeon|38/100 tox|[from] psn
|upkeep
|turn|15
|
|t:|1743817420
|move|p1a: Vaporeon|Protect|p1a: Vaporeon
|-singleturn|p1a: Vaporeon|Protect
|move|p2a: Ogerpon|Knock Off|p1a: Vaporeon
|-activate|p1a: Vaporeon|move: Protect
|
|-heal|p1a: Vaporeon|88/100 tox|[from] move: Wish|[wisher] Vaporeon
|-damage|p1a: Vaporeon|63/100 tox|[from] psn
|upkeep
|turn|16
|
|t:|1743817431
|switch|p1a: Cinderace|Cinderace, M|6/100 par
|move|p2a: Ogerpon|Knock Off|p1a: Cinderace
|-damage|p1a: Cinderace|0 fnt
|-enditem|p1a: Cinderace|Heavy-Duty Boots|[from] move: Knock Off|[of] p2a: Ogerpon
|faint|p1a: Cinderace
|
|upkeep
|
|t:|1743817435
|switch|p1a: Dragapult|Dragapult, M|100/100
|-status|p1a: Dragapult|tox
|-damage|p1a: Dragapult|88/100 tox|[from] Stealth Rock
|turn|17
|
|t:|1743817447
|move|p1a: Dragapult|U-turn|p2a: Ogerpon
|-supereffective|p2a: Ogerpon
|-damage|p2a: Ogerpon|0 fnt
|faint|p2a: Ogerpon
|
|t:|1743817450
|switch|p1a: Vaporeon|Vaporeon, M|63/100 tox|[from] U-turn
|-damage|p1a: Vaporeon|50/100 tox|[from] Stealth Rock
|
|-damage|p1a: Vaporeon|44/100 tox|[from] psn
|upkeep
|
|t:|1743817459
|switch|p2a: Raging Bolt|Raging Bolt|100/100
|-enditem|p2a: Raging Bolt|Booster Energy
|-activate|p2a: Raging Bolt|ability: Protosynthesis|[fromitem]
|-start|p2a: Raging Bolt|protosynthesisspa
|turn|18
|
|t:|1743817463
|move|p2a: Raging Bolt|Thunderbolt|p1a: Vaporeon
|-supereffective|p1a: Vaporeon
|-damage|p1a: Vaporeon|0 fnt
|faint|p1a: Vaporeon
|
|upkeep
|
|t:|1743817467
|switch|p1a: Dragapult|Dragapult, M|88/100 tox
|-damage|p1a: Dragapult|76/100 tox|[from] Stealth Rock
|turn|19
|
|t:|1743817470
|-terastallize|p2a: Raging Bolt|Fairy
|move|p1a: Dragapult|U-turn|p2a: Raging Bolt
|-resisted|p2a: Raging Bolt
|-damage|p2a: Raging Bolt|86/100
|
|t:|1743817472
|switch|p1a: Sylveon|Sylveon, M|100/100|[from] U-turn
|-status|p1a: Sylveon|tox
|-damage|p1a: Sylveon|88/100 tox|[from] Stealth Rock
|move|p2a: Raging Bolt|Dragon Pulse|p1a: Sylveon
|-immune|p1a: Sylveon
|
|-damage|p1a: Sylveon|82/100 tox|[from] psn
|upkeep
|turn|20
|
|t:|1743817488
|switch|p1a: Dragapult|Dragapult, M|100/100
|-status|p1a: Dragapult|tox
|-damage|p1a: Dragapult|88/100 tox|[from] Stealth Rock
|move|p2a: Raging Bolt|Calm Mind|p2a: Raging Bolt
|-boost|p2a: Raging Bolt|spa|1
|-boost|p2a: Raging Bolt|spd|1
|
|-damage|p1a: Dragapult|82/100 tox|[from] psn
|upkeep
|turn|21
|
|t:|1743817496
|move|p2a: Raging Bolt|Thunderclap||[still]
|-fail|p2a: Raging Bolt
|move|p1a: Dragapult|Trick|p2a: Raging Bolt
|-activate|p1a: Dragapult|move: Trick|[of] p2a: Raging Bolt
|-item|p2a: Raging Bolt|Choice Specs|[from] move: Trick
|-enditem|p1a: Dragapult|Choice Specs|[silent]|[from] move: Trick
|
|-damage|p1a: Dragapult|70/100 tox|[from] psn
|upkeep
|turn|22
|
|t:|1743817504
|switch|p1a: Sylveon|Sylveon, M|82/100 tox
|-damage|p1a: Sylveon|69/100 tox|[from] Stealth Rock
|move|p2a: Raging Bolt|Thunderclap||[still]
|-fail|p2a: Raging Bolt
|
|-damage|p1a: Sylveon|63/100 tox|[from] psn
|upkeep
|turn|23
|
|t:|1743817515
|-end|p2a: Raging Bolt|Protosynthesis|[silent]
|switch|p2a: Hoopa|Hoopa-Unbound|100/100
|move|p1a: Sylveon|Draining Kiss|p2a: Hoopa
|-supereffective|p2a: Hoopa
|-damage|p2a: Hoopa|82/100
|-heal|p1a: Sylveon|76/100 tox|[from] drain|[of] p2a: Hoopa
|
|-damage|p1a: Sylveon|64/100 tox|[from] psn
|upkeep
|turn|24
|
|t:|1743817524
|move|p2a: Hoopa|Psychic Noise|p1a: Sylveon
|-damage|p1a: Sylveon|48/100 tox
|-start|p1a: Sylveon|move: Heal Block
|move|p1a: Sylveon|Hyper Voice|p2a: Hoopa
|-supereffective|p2a: Hoopa
|-damage|p2a: Hoopa|40/100
|
|-damage|p1a: Sylveon|29/100 tox|[from] psn
|upkeep
|turn|25
|
|t:|1743817536
|move|p2a: Hoopa|Psychic Noise|p1a: Sylveon
|-damage|p1a: Sylveon|12/100 tox
|move|p1a: Sylveon|Hyper Voice|p2a: Hoopa
|-supereffective|p2a: Hoopa
|-damage|p2a: Hoopa|0 fnt
|faint|p2a: Hoopa
|
|-damage|p1a: Sylveon|0 fnt|[from] psn
|faint|p1a: Sylveon
|upkeep
|
|t:|1743817544
|switch|p2a: Raging Bolt|Raging Bolt, tera:Fairy|86/100
|switch|p1a: Dragapult|Dragapult, M|70/100 tox
|-damage|p1a: Dragapult|58/100 tox|[from] Stealth Rock
|turn|26
|
|t:|1743817550
|move|p2a: Raging Bolt|Thunderclap|p1a: Dragapult
|-damage|p1a: Dragapult|0 fnt
|replace|p1a: Zoroark|Zoroark-Hisui, M
|-end|p1a: Zoroark|Illusion
|faint|p1a: Zoroark
|
|upkeep
|
|t:|1743817552
|switch|p1a: Dragapult|Dragapult, M|76/100 tox
|-damage|p1a: Dragapult|64/100 tox|[from] Stealth Rock
|turn|27
|
|t:|1743817563
|-end|p2a: Raging Bolt|Protosynthesis|[silent]
|switch|p2a: Gholdengo|Gholdengo|100/100
|-item|p2a: Gholdengo|Air Balloon
|move|p1a: Dragapult|Phantom Force||[still]
|-prepare|p1a: Dragapult|Phantom Force
|
|-damage|p1a: Dragapult|58/100 tox|[from] psn
|upkeep
|turn|28
|
|t:|1743817571
|move|p1a: Dragapult|Phantom Force|p2a: Gholdengo|[from] lockedmove
|-supereffective|p2a: Gholdengo
|-damage|p2a: Gholdengo|10/100
|-enditem|p2a: Gholdengo|Air Balloon
|move|p2a: Gholdengo|Dazzling Gleam|p1a: Dragapult
|-supereffective|p1a: Dragapult
|-damage|p1a: Dragapult|0 fnt
|faint|p1a: Dragapult
|
|win|benji fades
|raw|Absoljaya's rating: 1504 &rarr; <strong>1483</strong><br />(-21 for losing)
|raw|benji fades's rating: 1485 &rarr; <strong>1506</strong><br />(+21 for winning)
|l|☆Absoljaya
|player|p1|
|l|☆benji fades
|player|p2|
