|j|☆ashdawnserena6967
|j|☆grem2220
|t:|1743789562
|gametype|singles
|player|p1|ashdawnserena6967|dawn-gen4pt|1040
|player|p2|grem2220|265|1111
|teamsize|p1|6
|teamsize|p2|6
|gen|9
|tier|[Gen 9] OU
|rated|
|rule|HP Percentage Mod: HP is shown in percentages
|rule|Endless Battle Clause: Forcing endless battles is banned
|rule|Species Clause: Limit one of each Pokémon
|rule|OHKO Clause: OHKO moves are banned
|rule|Evasion Items Clause: Evasion items are banned
|rule|Evasion Moves Clause: Evasion moves are banned
|rule|Sleep Moves Clause: Sleep-inducing moves are banned
|clearpoke
|poke|p1|Entei|
|poke|p1|Donphan, F|
|poke|p1|Lapras, F|
|poke|p1|Dusknoir, M|
|poke|p1|Dragapult, F|
|poke|p1|Gliscor, M|
|poke|p2|Meowscarada, F|
|poke|p2|Iron Crown|
|poke|p2|Great Tusk|
|poke|p2|Landorus-Therian, M|
|poke|p2|Raging Bolt|
|poke|p2|Ogerpon-Wellspring, F|
|teampreview
|inactive|Battle timer is ON: inactive players will automatically lose when time's up. (requested by ashdawnserena6967)
|
|t:|1743789572
|start
|switch|p1a: Gliscor|Gliscor, M|100/100
|switch|p2a: Landorus|Landorus-Therian, M|100/100
|-ability|p2a: Landorus|Intimidate|boost
|-unboost|p1a: Gliscor|atk|1
|turn|1
|
|t:|1743789580
|move|p1a: Gliscor|Protect|p1a: Gliscor
|-singleturn|p1a: Gliscor|Protect
|move|p2a: Landorus|Taunt|p1a: Gliscor
|-activate|p1a: Gliscor|move: Protect
|
|-status|p1a: Gliscor|tox|[from] item: Toxic Orb
|upkeep
|turn|2
|
|t:|1743789588
|switch|p1a: Lapras|Lapras, F|100/100
|move|p2a: Landorus|Taunt|p1a: Lapras
|-start|p1a: Lapras|move: Taunt
|
|upkeep
|turn|3
|
|t:|1743789603
|move|p2a: Landorus|Stealth Rock|p1a: Lapras
|-sidestart|p1: ashdawnserena6967|move: Stealth Rock
|move|p1a: Lapras|Freeze-Dry|p2a: Landorus
|-supereffective|p2a: Landorus
|-damage|p2a: Landorus|0 fnt
|faint|p2a: Landorus
|
|upkeep
|
|t:|1743789615
|switch|p2a: Raging Bolt|Raging Bolt|100/100
|-enditem|p2a: Raging Bolt|Booster Energy
|-activate|p2a: Raging Bolt|ability: Protosynthesis|[fromitem]
|-start|p2a: Raging Bolt|protosynthesisspa
|turn|4
|
|t:|1743789627
|switch|p1a: Dragapult|Dragapult, F|100/100
|-damage|p1a: Dragapult|88/100|[from] Stealth Rock
|move|p2a: Raging Bolt|Thunderbolt|p1a: Dragapult
|-resisted|p1a: Dragapult
|-damage|p1a: Dragapult|42/100
|
|-heal|p1a: Dragapult|48/100|[from] item: Leftovers
|upkeep
|turn|5
|inactive|grem2220 has 120 seconds left.
|
|t:|1743789666
|-end|p2a: Raging Bolt|Protosynthesis|[silent]
|switch|p2a: Iron Crown|Iron Crown|100/100
|move|p1a: Dragapult|Dragon Darts|p2a: Iron Crown
|-resisted|p2a: Iron Crown
|-damage|p2a: Iron Crown|87/100
|-anim|p1a: Dragapult|Dragon Darts|p2a: Iron Crown
|-resisted|p2a: Iron Crown
|-damage|p2a: Iron Crown|74/100
|
|-heal|p1a: Dragapult|54/100|[from] item: Leftovers
|upkeep
|turn|6
|inactive|grem2220 has 120 seconds left.
|
|t:|1743789678
|-end|p2a: Iron Crown|Quark Drive|[silent]
|switch|p2a: Meowscarada|Meowscarada, F|100/100
|move|p1a: Dragapult|Phantom Force||[still]
|-prepare|p1a: Dragapult|Phantom Force
|
|-heal|p1a: Dragapult|60/100|[from] item: Leftovers
|upkeep
|turn|7
|inactive|grem2220 has 120 seconds left.
|
|t:|1743789692
|move|p2a: Meowscarada|Play Rough|p1a: Dragapult|[miss]
|-start|p2a: Meowscarada|typechange|Fairy|[from] ability: Protean
|-miss|p2a: Meowscarada|p1a: Dragapult
|move|p1a: Dragapult|Phantom Force|p2a: Meowscarada|[from] lockedmove
|-damage|p2a: Meowscarada|37/100
|
|-heal|p1a: Dragapult|66/100|[from] item: Leftovers
|upkeep
|turn|8
|inactive|grem2220 has 120 seconds left.
|
|t:|1743789704
|move|p2a: Meowscarada|Play Rough|p1a: Dragapult
|-supereffective|p1a: Dragapult
|-damage|p1a: Dragapult|0 fnt
|faint|p1a: Dragapult
|
|upkeep
|
|t:|1743789715
|switch|p1a: Entei|Entei, shiny|100/100
|-damage|p1a: Entei|76/100|[from] Stealth Rock
|-ability|p1a: Entei|Pressure
|turn|9
|
|t:|1743789722
|switch|p2a: Ogerpon|Ogerpon-Wellspring, F|100/100
|move|p1a: Entei|Extreme Speed|p2a: Ogerpon
|-damage|p2a: Ogerpon|67/100
|
|upkeep
|turn|10
|
|t:|1743789740
|move|p2a: Ogerpon|Swords Dance|p2a: Ogerpon
|-boost|p2a: Ogerpon|atk|2
|move|p1a: Entei|Sacred Fire|p2a: Ogerpon|[miss]
|-miss|p1a: Entei|p2a: Ogerpon
|
|upkeep
|turn|11
|
|t:|1743789748
|move|p1a: Entei|Extreme Speed|p2a: Ogerpon
|-damage|p2a: Ogerpon|34/100
|move|p2a: Ogerpon|Ivy Cudgel|p1a: Entei|[anim] Ivy Cudgel Water
|-supereffective|p1a: Entei
|-damage|p1a: Entei|0 fnt
|faint|p1a: Entei
|
|upkeep
|
|t:|1743789761
|switch|p1a: Lapras|Lapras, F|100/100
|-damage|p1a: Lapras|76/100|[from] Stealth Rock
|turn|12
|
|t:|1743789767
|move|p2a: Ogerpon|Power Whip|p1a: Lapras
|-supereffective|p1a: Lapras
|-damage|p1a: Lapras|0 fnt
|-damage|p2a: Ogerpon|17/100|[from] item: Rocky Helmet|[of] p1a: Lapras
|faint|p1a: Lapras
|
|upkeep
|
|t:|1743789777
|switch|p1a: Gliscor|Gliscor, M|100/100 tox
|-damage|p1a: Gliscor|88/100 tox|[from] Stealth Rock
|turn|13
|
|t:|1743789785
|move|p2a: Ogerpon|Ivy Cudgel|p1a: Gliscor|[anim] Ivy Cudgel Water
|-supereffective|p1a: Gliscor
|-damage|p1a: Gliscor|0 fnt
|faint|p1a: Gliscor
|
|upkeep
|
|t:|1743789790
|switch|p1a: Dusknoir|Dusknoir, M, shiny|100/100
|-damage|p1a: Dusknoir|88/100|[from] Stealth Rock
|-item|p2a: Ogerpon|Wellspring Mask|[from] ability: Frisk|[of] p1a: Dusknoir
|turn|14
|
|t:|1743789798
|move|p1a: Dusknoir|Shadow Sneak|p2a: Ogerpon
|-damage|p2a: Ogerpon|0 fnt
|faint|p2a: Ogerpon
|
|upkeep
|
|t:|1743789805
|switch|p2a: Meowscarada|Meowscarada, F|37/100
|turn|15
|
|t:|1743789818
|move|p2a: Meowscarada|Flower Trick|p1a: Dusknoir
|-start|p2a: Meowscarada|typechange|Grass|[from] ability: Protean
|-crit|p1a: Dusknoir
|-damage|p1a: Dusknoir|31/100
|move|p1a: Dusknoir|Poltergeist|p2a: Meowscarada
|-activate|p2a: Meowscarada|move: Poltergeist|Choice Scarf
|-damage|p2a: Meowscarada|0 fnt
|faint|p2a: Meowscarada
|
|upkeep
|
|t:|1743789832
|switch|p2a: Raging Bolt|Raging Bolt|100/100
|turn|16
|
|t:|1743789856
|move|p1a: Dusknoir|Shadow Sneak|p2a: Raging Bolt
|-damage|p2a: Raging Bolt|84/100
|move|p2a: Raging Bolt|Calm Mind|p2a: Raging Bolt
|-boost|p2a: Raging Bolt|spa|1
|-boost|p2a: Raging Bolt|spd|1
|
|upkeep
|turn|17
|
|t:|1743789866
|move|p2a: Raging Bolt|Thunderclap||[still]
|-fail|p2a: Raging Bolt
|move|p1a: Dusknoir|Will-O-Wisp|p2a: Raging Bolt
|-status|p2a: Raging Bolt|brn
|
|-damage|p2a: Raging Bolt|78/100 brn|[from] brn
|upkeep
|turn|18
|
|t:|1743789877
|move|p2a: Raging Bolt|Thunderbolt|p1a: Dusknoir
|-damage|p1a: Dusknoir|0 fnt
|faint|p1a: Dusknoir
|
|-damage|p2a: Raging Bolt|72/100 brn|[from] brn
|upkeep
|
|t:|1743789898
|switch|p1a: Donphan|Donphan, F|100/100
|-damage|p1a: Donphan|94/100|[from] Stealth Rock
|turn|19
|
|t:|1743789906
|-terastallize|p1a: Donphan|Ground
|move|p2a: Raging Bolt|Dragon Pulse|p1a: Donphan
|-damage|p1a: Donphan|0 fnt
|faint|p1a: Donphan
|
|win|grem2220
|raw|ashdawnserena6967's rating: 1040 &rarr; <strong>1027</strong><br />(-13 for losing)
|raw|grem2220's rating: 1111 &rarr; <strong>1131</strong><br />(+20 for winning)
