|j|☆a jellyfish
|j|☆Zapy364
|t:|1743806300
|gametype|singles
|player|p1|a jellyfish|fisherman-gen4|1653
|player|p2|Zapy364|266|1698
|teamsize|p1|6
|teamsize|p2|6
|gen|9
|tier|[Gen 9] OU
|rated|
|rule|HP Percentage Mod: HP is shown in percentages
|rule|Endless Battle Clause: Forcing endless battles is banned
|rule|Species Clause: Limit one of each Pokémon
|rule|OHKO Clause: OHKO moves are banned
|rule|Evasion Items Clause: Evasion items are banned
|rule|Evasion Moves Clause: Evasion moves are banned
|rule|Sleep Moves Clause: Sleep-inducing moves are banned
|clearpoke
|poke|p1|Blaziken, M|
|poke|p1|Iron Treads|
|poke|p1|Dragonite, M|
|poke|p1|Iron Valiant|
|poke|p1|Hawlucha, M|
|poke|p1|Pecharunt|
|poke|p2|Keldeo-Resolute|
|poke|p2|Primarina, F|
|poke|p2|Ogerpon-Cornerstone, F|
|poke|p2|Raging Bolt|
|poke|p2|Great Tusk|
|poke|p2|Zamazenta-*|
|teampreview
|inactive|Battle timer is ON: inactive players will automatically lose when time's up. (requested by Zapy364)
|inactive|a jellyfish also wants the timer to be on.
|
|t:|1743806316
|start
|switch|p1a: Pecharunt|Pecharunt|100/100
|switch|p2a: Keldeo|Keldeo-Resolute|100/100
|turn|1
|
|t:|1743806324
|move|p2a: Keldeo|Surf|p1a: Pecharunt
|-damage|p1a: Pecharunt|25/100
|move|p1a: Pecharunt|Malignant Chain|p2a: Keldeo
|-damage|p2a: Keldeo|68/100
|
|upkeep
|turn|2
|
|t:|1743806335
|switch|p1a: Hawlucha|Hawlucha, M|100/100
|-ability|p1a: Hawlucha|Mold Breaker
|move|p2a: Keldeo|Surf|p1a: Hawlucha
|-damage|p1a: Hawlucha|0 fnt
|faint|p1a: Hawlucha
|
|upkeep
|
|t:|1743806338
|switch|p1a: Iron Valiant|Iron Valiant|100/100
|-enditem|p1a: Iron Valiant|Booster Energy
|-activate|p1a: Iron Valiant|ability: Quark Drive|[fromitem]
|-start|p1a: Iron Valiant|quarkdrivespe
|turn|3
|
|t:|1743806344
|switch|p2a: Primarina|Primarina, F|100/100
|move|p1a: Iron Valiant|Swords Dance|p1a: Iron Valiant
|-boost|p1a: Iron Valiant|atk|2
|
|upkeep
|turn|4
|
|t:|1743806349
|move|p1a: Iron Valiant|Close Combat|p2a: Primarina
|-resisted|p2a: Primarina
|-damage|p2a: Primarina|24/100
|-unboost|p1a: Iron Valiant|def|1
|-unboost|p1a: Iron Valiant|spd|1
|move|p2a: Primarina|Moonblast|p1a: Iron Valiant
|-supereffective|p1a: Iron Valiant
|-crit|p1a: Iron Valiant
|-damage|p1a: Iron Valiant|0 fnt
|faint|p1a: Iron Valiant
|-end|p1a: Iron Valiant|Quark Drive|[silent]
|
|upkeep
|
|t:|1743806357
|switch|p1a: Pecharunt|Pecharunt|25/100
|turn|5
|
|t:|1743806363
|move|p1a: Pecharunt|Malignant Chain|p2a: Primarina
|-supereffective|p2a: Primarina
|-damage|p2a: Primarina|0 fnt
|faint|p2a: Primarina
|
|upkeep
|
|t:|1743806376
|switch|p2a: Keldeo|Keldeo-Resolute|68/100
|turn|6
|
|t:|1743806383
|switch|p1a: Dragonite|Dragonite, M, shiny|100/100
|move|p2a: Keldeo|Flip Turn|p1a: Dragonite
|-resisted|p1a: Dragonite
|-damage|p1a: Dragonite|97/100
|
|t:|1743806386
|switch|p2a: Ogerpon|Ogerpon-Cornerstone, F|100/100|[from] Flip Turn
|
|upkeep
|turn|7
|
|t:|1743806391
|switch|p1a: Iron Treads|Iron Treads|100/100
|-enditem|p1a: Iron Treads|Booster Energy
|-activate|p1a: Iron Treads|ability: Quark Drive|[fromitem]
|-start|p1a: Iron Treads|quarkdrivespe
|move|p2a: Ogerpon|Ivy Cudgel|p1a: Iron Treads|[anim] Ivy Cudgel Rock
|-resisted|p1a: Iron Treads
|-damage|p1a: Iron Treads|88/100
|
|upkeep
|turn|8
|
|t:|1743806398
|move|p2a: Ogerpon|Spiky Shield|p2a: Ogerpon
|-singleturn|p2a: Ogerpon|move: Protect
|move|p1a: Iron Treads|Earth Power|p2a: Ogerpon
|-activate|p2a: Ogerpon|move: Protect
|
|upkeep
|turn|9
|
|t:|1743806404
|move|p1a: Iron Treads|Earth Power|p2a: Ogerpon
|-damage|p2a: Ogerpon|58/100
|move|p2a: Ogerpon|Power Whip|p1a: Iron Treads|[miss]
|-miss|p2a: Ogerpon|p1a: Iron Treads
|
|upkeep
|turn|10
|
|t:|1743806410
|move|p1a: Iron Treads|Earth Power|p2a: Ogerpon
|-damage|p2a: Ogerpon|18/100
|-unboost|p2a: Ogerpon|spd|1
|move|p2a: Ogerpon|Power Whip|p1a: Iron Treads
|-damage|p1a: Iron Treads|20/100
|
|upkeep
|turn|11
|
|t:|1743806420
|move|p1a: Iron Treads|Earth Power|p2a: Ogerpon
|-damage|p2a: Ogerpon|0 fnt
|faint|p2a: Ogerpon
|
|upkeep
|
|t:|1743806426
|switch|p2a: Keldeo|Keldeo-Resolute|68/100
|turn|12
|
|t:|1743806431
|-end|p1a: Iron Treads|Quark Drive|[silent]
|switch|p1a: Pecharunt|Pecharunt|25/100
|move|p2a: Keldeo|Vacuum Wave|p1a: Pecharunt
|-immune|p1a: Pecharunt
|
|upkeep
|turn|13
|
|t:|1743806443
|switch|p2a: Raging Bolt|Raging Bolt|100/100
|move|p1a: Pecharunt|Recover|p1a: Pecharunt
|-heal|p1a: Pecharunt|75/100
|
|upkeep
|turn|14
|
|t:|1743806448
|move|p1a: Pecharunt|Parting Shot|p2a: Raging Bolt
|-unboost|p2a: Raging Bolt|atk|1
|-unboost|p2a: Raging Bolt|spa|1
|
|t:|1743806450
|switch|p1a: Dragonite|Dragonite, M, shiny|97/100|[from] Parting Shot
|move|p2a: Raging Bolt|Draco Meteor|p1a: Dragonite
|-supereffective|p1a: Dragonite
|-damage|p1a: Dragonite|0 fnt
|-unboost|p2a: Raging Bolt|spa|2
|faint|p1a: Dragonite
|
|upkeep
|
|t:|1743806456
|switch|p1a: Blaziken|Blaziken, M, shiny|100/100
|turn|15
|
|t:|1743806459
|-end|p2a: Raging Bolt|Protosynthesis|[silent]
|switch|p2a: Keldeo|Keldeo-Resolute|68/100
|move|p1a: Blaziken|Swords Dance|p1a: Blaziken
|-boost|p1a: Blaziken|atk|2
|
|-ability|p1a: Blaziken|Speed Boost|boost
|-boost|p1a: Blaziken|spe|1
|upkeep
|turn|16
|
|t:|1743806471
|-terastallize|p1a: Blaziken|Ghost
|move|p2a: Keldeo|Vacuum Wave|p1a: Blaziken
|-immune|p1a: Blaziken
|move|p1a: Blaziken|Substitute|p1a: Blaziken
|-start|p1a: Blaziken|Substitute
|-damage|p1a: Blaziken|76/100
|
|-heal|p1a: Blaziken|82/100|[from] item: Leftovers
|-ability|p1a: Blaziken|Speed Boost|boost
|-boost|p1a: Blaziken|spe|1
|upkeep
|turn|17
|
|t:|1743806489
|switch|p2a: Great Tusk|Great Tusk|100/100
|move|p1a: Blaziken|Swords Dance|p1a: Blaziken
|-boost|p1a: Blaziken|atk|2
|
|-heal|p1a: Blaziken|88/100|[from] item: Leftovers
|-ability|p1a: Blaziken|Speed Boost|boost
|-boost|p1a: Blaziken|spe|1
|upkeep
|turn|18
|
|t:|1743806493
|move|p1a: Blaziken|Close Combat|p2a: Great Tusk
|-damage|p2a: Great Tusk|0 fnt
|-unboost|p1a: Blaziken|def|1
|-unboost|p1a: Blaziken|spd|1
|-damage|p1a: Blaziken|71/100|[from] item: Rocky Helmet|[of] p2a: Great Tusk
|faint|p2a: Great Tusk
|-end|p2a: Great Tusk|Protosynthesis|[silent]
|
|-heal|p1a: Blaziken|77/100|[from] item: Leftovers
|-ability|p1a: Blaziken|Speed Boost|boost
|-boost|p1a: Blaziken|spe|1
|upkeep
|
|t:|1743806497
|switch|p2a: Zamazenta|Zamazenta|100/100
|-ability|p2a: Zamazenta|Dauntless Shield|boost
|-boost|p2a: Zamazenta|def|1
|turn|19
|
|t:|1743806500
|move|p1a: Blaziken|Close Combat|p2a: Zamazenta
|-damage|p2a: Zamazenta|18/100
|-unboost|p1a: Blaziken|def|1
|-unboost|p1a: Blaziken|spd|1
|move|p2a: Zamazenta|Roar|p1a: Blaziken
|drag|p1a: Iron Treads|Iron Treads|20/100
|
|-heal|p2a: Zamazenta|24/100|[from] item: Leftovers
|upkeep
|turn|20
|
|t:|1743806510
|move|p2a: Zamazenta|Crunch|p1a: Iron Treads
|-damage|p1a: Iron Treads|1/100
|move|p1a: Iron Treads|Earth Power|p2a: Zamazenta
|-damage|p2a: Zamazenta|0 fnt
|faint|p2a: Zamazenta
|
|upkeep
|
|t:|1743806516
|switch|p2a: Keldeo|Keldeo-Resolute|68/100
|turn|21
|
|t:|1743806520
|move|p2a: Keldeo|Surf|p1a: Iron Treads
|-supereffective|p1a: Iron Treads
|-damage|p1a: Iron Treads|0 fnt
|faint|p1a: Iron Treads
|-end|p1a: Iron Treads|Quark Drive|[silent]
|
|upkeep
|
|t:|1743806531
|switch|p1a: Pecharunt|Pecharunt|75/100
|turn|22
|
|t:|1743806536
|move|p2a: Keldeo|Surf|p1a: Pecharunt
|-damage|p1a: Pecharunt|1/100
|move|p1a: Pecharunt|Malignant Chain|p2a: Keldeo
|-damage|p2a: Keldeo|31/100
|-status|p2a: Keldeo|tox
|-start|p2a: Keldeo|confusion|[from] ability: Poison Puppeteer|[of] p1a: Pecharunt
|
|-damage|p2a: Keldeo|25/100 tox|[from] psn
|upkeep
|turn|23
|
|t:|1743806539
|-activate|p2a: Keldeo|confusion
|move|p2a: Keldeo|Surf|p1a: Pecharunt
|-damage|p1a: Pecharunt|0 fnt
|faint|p1a: Pecharunt
|
|-damage|p2a: Keldeo|13/100 tox|[from] psn
|upkeep
|
|t:|1743806540
|switch|p1a: Blaziken|Blaziken, M, shiny, tera:Ghost|77/100
|turn|24
|
|t:|1743806545
|-activate|p2a: Keldeo|confusion
|-damage|p2a: Keldeo|5/100 tox|[from] confusion
|move|p1a: Blaziken|Swords Dance|p1a: Blaziken
|-boost|p1a: Blaziken|atk|2
|
|-heal|p1a: Blaziken|83/100|[from] item: Leftovers
|-damage|p2a: Keldeo|0 fnt|[from] psn
|faint|p2a: Keldeo
|-ability|p1a: Blaziken|Speed Boost|boost
|-boost|p1a: Blaziken|spe|1
|upkeep
|
|t:|1743806549
|switch|p2a: Raging Bolt|Raging Bolt|100/100
|turn|25
|
|t:|1743806560
|move|p1a: Blaziken|Substitute|p1a: Blaziken
|-start|p1a: Blaziken|Substitute
|-damage|p1a: Blaziken|58/100
|move|p2a: Raging Bolt|Volt Switch|p1a: Blaziken
|-end|p1a: Blaziken|Substitute
|
|-heal|p1a: Blaziken|64/100|[from] item: Leftovers
|-ability|p1a: Blaziken|Speed Boost|boost
|-boost|p1a: Blaziken|spe|1
|upkeep
|turn|26
|
|t:|1743806562
|move|p1a: Blaziken|Close Combat|p2a: Raging Bolt
|-damage|p2a: Raging Bolt|0 fnt
|-unboost|p1a: Blaziken|def|1
|-unboost|p1a: Blaziken|spd|1
|faint|p2a: Raging Bolt
|-end|p2a: Raging Bolt|Protosynthesis|[silent]
|
|win|a jellyfish
|raw|a jellyfish's rating: 1653 &rarr; <strong>1676</strong><br />(+23 for winning)
|raw|Zapy364's rating: 1698 &rarr; <strong>1675</strong><br />(-23 for losing)
|l|☆Zapy364
|player|p2|
|l|☆a jellyfish
|player|p1|
