|j|☆Tsound
|j|☆lucagin
|t:|1743915721
|gametype|singles
|player|p1|Tsound|volkner|1085
|player|p2|lucagin|marlon|1163
|teamsize|p1|6
|teamsize|p2|6
|gen|9
|tier|[Gen 9] OU
|rated|
|rule|HP Percentage Mod: HP is shown in percentages
|rule|Endless Battle Clause: Forcing endless battles is banned
|rule|Species Clause: Limit one of each Pokémon
|rule|OHKO Clause: OHKO moves are banned
|rule|Evasion Items Clause: Evasion items are banned
|rule|Evasion Moves Clause: Evasion moves are banned
|rule|Sleep Moves Clause: Sleep-inducing moves are banned
|clearpoke
|poke|p1|Slowking-Galar, M|
|poke|p1|Polteageist|
|poke|p1|Dragonite, F|
|poke|p1|Ogerpon-Wellspring, F|
|poke|p1|Skarmory, M|
|poke|p1|Heracross, M|
|poke|p2|Dragonite, M|
|poke|p2|Vaporeon, M|
|poke|p2|Meowscarada, M|
|poke|p2|Goodra, F|
|poke|p2|Galvantula, F|
|poke|p2|Brambleghast, M|
|teampreview
|
|t:|1743915729
|start
|switch|p1a: Skarmory|Skarmory, M|100/100
|switch|p2a: Galvantula|Galvantula, F, shiny|100/100
|turn|1
|
|t:|1743915752
|move|p2a: Galvantula|Thunder|p1a: Skarmory
|-supereffective|p1a: Skarmory
|-damage|p1a: Skarmory|20/100
|move|p1a: Skarmory|Rock Slide|p2a: Galvantula
|-supereffective|p2a: Galvantula
|-damage|p2a: Galvantula|31/100
|
|upkeep
|turn|2
|
|t:|1743915759
|move|p2a: Galvantula|Sticky Web|p1a: Skarmory
|-sidestart|p1: Tsound|move: Sticky Web
|move|p1a: Skarmory|Iron Head|p2a: Galvantula
|-resisted|p2a: Galvantula
|-damage|p2a: Galvantula|2/100
|
|upkeep
|turn|3
|
|t:|1743915762
|move|p2a: Galvantula|Thunder|p1a: Skarmory
|-supereffective|p1a: Skarmory
|-damage|p1a: Skarmory|0 fnt
|faint|p1a: Skarmory
|
|upkeep
|
|t:|1743915776
|switch|p1a: Polteageist|Polteageist|100/100
|-activate|p1a: Polteageist|move: Sticky Web
|-unboost|p1a: Polteageist|spe|1
|turn|4
|
|t:|1743915778
|move|p2a: Galvantula|Thunder|p1a: Polteageist
|-damage|p1a: Polteageist|48/100
|move|p1a: Polteageist|Nasty Plot|p1a: Polteageist
|-boost|p1a: Polteageist|spa|2
|
|upkeep
|turn|5
|
|t:|1743915783
|move|p2a: Galvantula|Thunder|p1a: Polteageist
|-damage|p1a: Polteageist|0 fnt
|faint|p1a: Polteageist
|
|upkeep
|
|t:|1743915787
|switch|p1a: Dragonite|Dragonite, F, shiny|100/100
|turn|6
|
|t:|1743915791
|move|p1a: Dragonite|Extreme Speed|p2a: Galvantula
|-damage|p2a: Galvantula|0 fnt
|faint|p2a: Galvantula
|-damage|p1a: Dragonite|91/100|[from] item: Life Orb
|
|upkeep
|
|t:|1743915795
|switch|p2a: Vaporeon|Vaporeon, M, shiny|100/100
|turn|7
|
|t:|1743915801
|-terastallize|p1a: Dragonite|Steel
|move|p1a: Dragonite|Iron Head|p2a: Vaporeon
|-resisted|p2a: Vaporeon
|-damage|p2a: Vaporeon|81/100
|-damage|p1a: Dragonite|81/100|[from] item: Life Orb
|move|p2a: Vaporeon|Ice Beam|p1a: Dragonite
|-resisted|p1a: Dragonite
|-damage|p1a: Dragonite|70/100
|
|-heal|p2a: Vaporeon|87/100|[from] item: Leftovers
|upkeep
|turn|8
|
|t:|1743915810
|move|p1a: Dragonite|Iron Head|p2a: Vaporeon
|-resisted|p2a: Vaporeon
|-damage|p2a: Vaporeon|67/100
|-damage|p1a: Dragonite|60/100|[from] item: Life Orb
|move|p2a: Vaporeon|Scald|p1a: Dragonite
|-damage|p1a: Dragonite|27/100
|
|-heal|p2a: Vaporeon|73/100|[from] item: Leftovers
|upkeep
|turn|9
|
|t:|1743915813
|move|p1a: Dragonite|Roost|p1a: Dragonite
|-heal|p1a: Dragonite|77/100
|move|p2a: Vaporeon|Scald|p1a: Dragonite
|-damage|p1a: Dragonite|46/100
|
|-heal|p2a: Vaporeon|79/100|[from] item: Leftovers
|upkeep
|turn|10
|
|t:|1743915816
|move|p1a: Dragonite|Roost|p1a: Dragonite
|-heal|p1a: Dragonite|96/100
|move|p2a: Vaporeon|Scald|p1a: Dragonite
|-damage|p1a: Dragonite|67/100
|-status|p1a: Dragonite|brn
|
|-heal|p2a: Vaporeon|86/100|[from] item: Leftovers
|-damage|p1a: Dragonite|61/100 brn|[from] brn
|upkeep
|turn|11
|
|t:|1743915830
|switch|p1a: Slowking|Slowking-Galar, M|100/100
|-activate|p1a: Slowking|move: Sticky Web
|-unboost|p1a: Slowking|spe|1
|move|p2a: Vaporeon|Scald|p1a: Slowking
|-damage|p1a: Slowking|82/100
|
|-heal|p2a: Vaporeon|92/100|[from] item: Leftovers
|-heal|p1a: Slowking|88/100|[from] item: Leftovers
|upkeep
|turn|12
|
|t:|1743915838
|move|p2a: Vaporeon|Protect|p2a: Vaporeon
|-singleturn|p2a: Vaporeon|Protect
|move|p1a: Slowking|Thunder Wave|p2a: Vaporeon
|-activate|p2a: Vaporeon|move: Protect
|
|-heal|p2a: Vaporeon|98/100|[from] item: Leftovers
|-heal|p1a: Slowking|94/100|[from] item: Leftovers
|upkeep
|turn|13
|
|t:|1743915843
|move|p2a: Vaporeon|Wish|p2a: Vaporeon
|move|p1a: Slowking|Thunder Wave|p2a: Vaporeon
|-status|p2a: Vaporeon|par
|
|-heal|p2a: Vaporeon|100/100 par|[from] item: Leftovers
|-heal|p1a: Slowking|99/100|[from] item: Leftovers
|upkeep
|turn|14
|
|t:|1743915848
|cant|p2a: Vaporeon|par
|move|p1a: Slowking|Psychic Noise|p2a: Vaporeon
|-damage|p2a: Vaporeon|78/100 par
|-start|p2a: Vaporeon|move: Heal Block
|
|-heal|p1a: Slowking|100/100|[from] item: Leftovers
|upkeep
|turn|15
|
|t:|1743915850
|move|p2a: Vaporeon|Ice Beam|p1a: Slowking
|-damage|p1a: Slowking|87/100
|move|p1a: Slowking|Psychic Noise|p2a: Vaporeon
|-damage|p2a: Vaporeon|57/100 par
|
|-heal|p1a: Slowking|93/100|[from] item: Leftovers
|-end|p2a: Vaporeon|move: Heal Block
|upkeep
|turn|16
|
|t:|1743915855
|move|p2a: Vaporeon|Wish|p2a: Vaporeon
|move|p1a: Slowking|Psychic Noise|p2a: Vaporeon
|-crit|p2a: Vaporeon
|-damage|p2a: Vaporeon|22/100 par
|-start|p2a: Vaporeon|move: Heal Block
|
|-heal|p1a: Slowking|99/100|[from] item: Leftovers
|upkeep
|turn|17
|
|t:|1743915858
|cant|p2a: Vaporeon|par
|move|p1a: Slowking|Psychic Noise|p2a: Vaporeon
|-damage|p2a: Vaporeon|1/100 par
|
|-heal|p1a: Slowking|100/100|[from] item: Leftovers
|-end|p2a: Vaporeon|move: Heal Block
|upkeep
|turn|18
|
|t:|1743915863
|move|p2a: Vaporeon|Ice Beam|p1a: Slowking
|-damage|p1a: Slowking|88/100
|move|p1a: Slowking|Psychic Noise|p2a: Vaporeon
|-damage|p2a: Vaporeon|0 fnt
|faint|p2a: Vaporeon
|
|-heal|p1a: Slowking|94/100|[from] item: Leftovers
|upkeep
|
|t:|1743915865
|switch|p2a: Meowscarada|Meowscarada, M|100/100
|turn|19
|
|t:|1743915868
|move|p2a: Meowscarada|Knock Off|p1a: Slowking
|-start|p2a: Meowscarada|typechange|Dark|[from] ability: Protean
|-supereffective|p1a: Slowking
|-damage|p1a: Slowking|0 fnt
|-enditem|p1a: Slowking|Leftovers|[from] move: Knock Off|[of] p2a: Meowscarada
|faint|p1a: Slowking
|-damage|p2a: Meowscarada|91/100|[from] item: Life Orb
|
|upkeep
|
|t:|1743915885
|switch|p1a: Dragonite|Dragonite, F, shiny, tera:Steel|61/100 brn
|-activate|p1a: Dragonite|move: Sticky Web
|-unboost|p1a: Dragonite|spe|1
|turn|20
|
|t:|1743915890
|move|p2a: Meowscarada|Knock Off|p1a: Dragonite
|-damage|p1a: Dragonite|0 fnt
|-enditem|p1a: Dragonite|Life Orb|[from] move: Knock Off|[of] p2a: Meowscarada
|faint|p1a: Dragonite
|-damage|p2a: Meowscarada|81/100|[from] item: Life Orb
|
|upkeep
|
|t:|1743915892
|switch|p1a: Heracross|Heracross, M|100/100
|-activate|p1a: Heracross|move: Sticky Web
|-unboost|p1a: Heracross|spe|1
|turn|21
|
|t:|1743915906
|move|p2a: Meowscarada|Flower Trick|p1a: Heracross
|-resisted|p1a: Heracross
|-crit|p1a: Heracross
|-damage|p1a: Heracross|71/100
|-damage|p2a: Meowscarada|71/100|[from] item: Life Orb
|move|p1a: Heracross|Close Combat|p2a: Meowscarada
|-supereffective|p2a: Meowscarada
|-damage|p2a: Meowscarada|0 fnt
|-unboost|p1a: Heracross|def|1
|-unboost|p1a: Heracross|spd|1
|faint|p2a: Meowscarada
|
|-status|p1a: Heracross|brn|[from] item: Flame Orb
|upkeep
|
|t:|1743915908
|switch|p2a: Brambleghast|Brambleghast, M, shiny|100/100
|turn|22
|
|t:|1743915916
|move|p2a: Brambleghast|Poltergeist|p1a: Heracross
|-activate|p1a: Heracross|move: Poltergeist|Flame Orb
|-damage|p1a: Heracross|0 fnt
|faint|p1a: Heracross
|
|upkeep
|
|t:|1743915920
|switch|p1a: Ogerpon|Ogerpon-Wellspring, F|100/100
|-activate|p1a: Ogerpon|move: Sticky Web
|-unboost|p1a: Ogerpon|spe|1
|turn|23
|
|t:|1743915936
|move|p2a: Brambleghast|Power Whip|p1a: Ogerpon
|-damage|p1a: Ogerpon|29/100
|move|p1a: Ogerpon|Throat Chop|p2a: Brambleghast
|-supereffective|p2a: Brambleghast
|-damage|p2a: Brambleghast|0 fnt
|faint|p2a: Brambleghast
|
|upkeep
|
|t:|1743915939
|switch|p2a: Dragonite|Dragonite, M|100/100
|turn|24
|
|t:|1743915943
|move|p2a: Dragonite|Dragon Dance|p2a: Dragonite
|-boost|p2a: Dragonite|atk|1
|-boost|p2a: Dragonite|spe|1
|move|p1a: Ogerpon|Play Rough|p2a: Dragonite
|-supereffective|p2a: Dragonite
|-damage|p2a: Dragonite|58/100
|-enditem|p2a: Dragonite|Weakness Policy
|-boost|p2a: Dragonite|atk|2|[from] item: Weakness Policy
|-boost|p2a: Dragonite|spa|2|[from] item: Weakness Policy
|
|upkeep
|turn|25
|
|t:|1743915950
|move|p2a: Dragonite|Extreme Speed|p1a: Ogerpon
|-damage|p1a: Ogerpon|0 fnt
|faint|p1a: Ogerpon
|
|win|lucagin
|raw|Tsound's rating: 1085 &rarr; <strong>1067</strong><br />(-18 for losing)
|raw|lucagin's rating: 1163 &rarr; <strong>1182</strong><br />(+19 for winning)
|l|☆lucagin
|player|p2|
|l|☆Tsound
|player|p1|
