|j|☆Excadrillings
|j|☆lklowxhn
|t:|1743865108
|gametype|singles
|player|p1|Excadrillings|burglar|1424
|player|p2|lklowxhn|silver|1357
|teamsize|p1|6
|teamsize|p2|6
|gen|9
|tier|[Gen 9] OU
|rated|
|rule|HP Percentage Mod: HP is shown in percentages
|rule|Endless Battle Clause: Forcing endless battles is banned
|rule|Species Clause: Limit one of each Pokémon
|rule|OHKO Clause: OHKO moves are banned
|rule|Evasion Items Clause: Evasion items are banned
|rule|Evasion Moves Clause: Evasion moves are banned
|rule|Sleep Moves Clause: Sleep-inducing moves are banned
|clearpoke
|poke|p1|Ting-Lu|
|poke|p1|Pecharunt|
|poke|p1|Iron Valiant|
|poke|p1|Garganacl, F|
|poke|p1|Lokix, M|
|poke|p1|Hydrapple, M|
|poke|p2|Pelipper, F|
|poke|p2|Scizor, F|
|poke|p2|Floatzel, M|
|poke|p2|Thundurus, M|
|poke|p2|Ludicolo, F|
|poke|p2|Landorus-Therian, M|
|teampreview
|inactive|Battle timer is ON: inactive players will automatically lose when time's up. (requested by lklowxhn)
|
|t:|1743865116
|start
|switch|p1a: LigmaChain|Pecharunt|100/100
|switch|p2a: 梦泪菇我错了✋😭✋|Pelipper, F|100/100
|-weather|RainDance|[from] ability: Drizzle|[of] p2a: 梦泪菇我错了✋😭✋
|turn|1
|
|t:|1743865124
|move|p1a: LigmaChain|Malignant Chain|p2a: 梦泪菇我错了✋😭✋
|-damage|p2a: 梦泪菇我错了✋😭✋|56/100
|-status|p2a: 梦泪菇我错了✋😭✋|tox
|-start|p2a: 梦泪菇我错了✋😭✋|confusion|[from] ability: Poison Puppeteer|[of] p1a: LigmaChain
|-activate|p2a: 梦泪菇我错了✋😭✋|confusion
|move|p2a: 梦泪菇我错了✋😭✋|U-turn|p1a: LigmaChain
|-resisted|p1a: LigmaChain
|-damage|p1a: LigmaChain|99/100
|
|t:|1743865137
|switch|p2a: 一头创死在~大树上|Floatzel, M|100/100|[from] U-turn
|
|-weather|RainDance|[upkeep]
|upkeep
|turn|2
|
|t:|1743865164
|move|p2a: 一头创死在~大树上|Wave Crash|p1a: LigmaChain
|-damage|p1a: LigmaChain|35/100
|-damage|p2a: 一头创死在~大树上|76/100|[from] Recoil
|-damage|p2a: 一头创死在~大树上|66/100|[from] item: Life Orb
|move|p1a: LigmaChain|Parting Shot|p2a: 一头创死在~大树上
|-unboost|p2a: 一头创死在~大树上|atk|1
|-unboost|p2a: 一头创死在~大树上|spa|1
|
|t:|1743865167
|switch|p1a: ACRONYM|Lokix, M|100/100|[from] Parting Shot
|
|-weather|RainDance|[upkeep]
|upkeep
|turn|3
|
|t:|1743865176
|switch|p2a: 喵|Landorus-Therian, M|100/100
|-ability|p2a: 喵|Intimidate|boost
|-unboost|p1a: ACRONYM|atk|1
|move|p1a: ACRONYM|First Impression|p2a: 喵
|-resisted|p2a: 喵
|-damage|p2a: 喵|72/100
|-damage|p1a: ACRONYM|84/100|[from] item: Rocky Helmet|[of] p2a: 喵
|
|-weather|RainDance|[upkeep]
|upkeep
|turn|4
|
|t:|1743865195
|move|p1a: ACRONYM|Knock Off|p2a: 喵
|-damage|p2a: 喵|44/100
|-damage|p1a: ACRONYM|67/100|[from] item: Rocky Helmet|[of] p2a: 喵
|-enditem|p2a: 喵|Rocky Helmet|[from] move: Knock Off|[of] p1a: ACRONYM
|move|p2a: 喵|Stealth Rock|p1a: ACRONYM
|-sidestart|p1: Excadrillings|move: Stealth Rock
|
|-weather|RainDance|[upkeep]
|upkeep
|turn|5
|
|t:|1743865204
|move|p1a: ACRONYM|U-turn|p2a: 喵
|-resisted|p2a: 喵
|-damage|p2a: 喵|23/100
|
|t:|1743865207
|switch|p1a: LigmaChain|Pecharunt|35/100|[from] U-turn
|move|p2a: 喵|Rock Slide|p1a: LigmaChain|[miss]
|-miss|p2a: 喵|p1a: LigmaChain
|
|-weather|RainDance|[upkeep]
|upkeep
|turn|6
|
|t:|1743865214
|switch|p1a: Notch|Hydrapple, M, shiny|100/100
|move|p2a: 喵|Earthquake|p1a: Notch
|-resisted|p1a: Notch
|-damage|p1a: Notch|83/100
|
|-weather|RainDance|[upkeep]
|upkeep
|turn|7
|
|t:|1743865223
|move|p2a: 喵|U-turn|p1a: Notch
|-supereffective|p1a: Notch
|-damage|p1a: Notch|49/100
|
|t:|1743865231
|switch|p2a: 我是 输出|Scizor, F|100/100|[from] U-turn
|move|p1a: Notch|Giga Drain|p2a: 我是 输出
|-resisted|p2a: 我是 输出
|-damage|p2a: 我是 输出|91/100
|-heal|p1a: Notch|53/100|[from] drain|[of] p2a: 我是 输出
|
|-weather|RainDance|[upkeep]
|-heal|p2a: 我是 输出|97/100|[from] item: Leftovers
|upkeep
|turn|8
|
|t:|1743865248
|switch|p1a: Atlas|Ting-Lu|100/100
|-damage|p1a: Atlas|94/100|[from] Stealth Rock
|-ability|p1a: Atlas|Vessel of Ruin
|move|p2a: 我是 输出|U-turn|p1a: Atlas
|-supereffective|p1a: Atlas
|-damage|p1a: Atlas|52/100
|
|t:|1743865259
|switch|p2a: 一头创死在~大树上|Floatzel, M|66/100|[from] U-turn
|
|-weather|none
|-heal|p1a: Atlas|58/100|[from] item: Leftovers
|upkeep
|turn|9
|
|t:|1743865271
|switch|p2a: 梦泪菇我错了✋😭✋|Pelipper, F|56/100 tox
|-weather|RainDance|[from] ability: Drizzle|[of] p2a: 梦泪菇我错了✋😭✋
|move|p1a: Atlas|Spikes|p2a: 梦泪菇我错了✋😭✋
|-sidestart|p2: lklowxhn|Spikes
|
|-weather|RainDance|[upkeep]
|-heal|p1a: Atlas|64/100|[from] item: Leftovers
|-damage|p2a: 梦泪菇我错了✋😭✋|50/100 tox|[from] psn
|upkeep
|turn|10
|
|t:|1743865278
|move|p2a: 梦泪菇我错了✋😭✋|U-turn|p1a: Atlas
|-supereffective|p1a: Atlas
|-damage|p1a: Atlas|56/100
|
|t:|1743865291
|switch|p2a: 一头创死在~大树上|Floatzel, M|66/100|[from] U-turn
|-damage|p2a: 一头创死在~大树上|54/100|[from] Spikes
|move|p1a: Atlas|Spikes|p2a: 一头创死在~大树上
|-sidestart|p2: lklowxhn|Spikes
|
|-weather|RainDance|[upkeep]
|-heal|p1a: Atlas|62/100|[from] item: Leftovers
|upkeep
|turn|11
|
|t:|1743865299
|switch|p1a: Notch|Hydrapple, M, shiny|87/100
|move|p2a: 一头创死在~大树上|Wave Crash|p1a: Notch
|-resisted|p1a: Notch
|-damage|p1a: Notch|70/100
|-damage|p2a: 一头创死在~大树上|47/100|[from] Recoil
|-damage|p2a: 一头创死在~大树上|37/100|[from] item: Life Orb
|
|-weather|RainDance|[upkeep]
|upkeep
|turn|12
|
|t:|1743865305
|switch|p1a: LigmaChain|Pecharunt|35/100
|move|p2a: 一头创死在~大树上|Ice Spinner|p1a: LigmaChain
|-damage|p1a: LigmaChain|13/100
|-damage|p2a: 一头创死在~大树上|27/100|[from] item: Life Orb
|
|-weather|RainDance|[upkeep]
|upkeep
|turn|13
|
|t:|1743865312
|move|p2a: 一头创死在~大树上|Flip Turn|p1a: LigmaChain
|-damage|p1a: LigmaChain|0 fnt
|faint|p1a: LigmaChain
|-damage|p2a: 一头创死在~大树上|18/100|[from] item: Life Orb
|
|t:|1743865317
|switch|p2a: 我是 输出|Scizor, F|97/100|[from] Flip Turn
|-damage|p2a: 我是 输出|80/100|[from] Spikes
|
|-weather|RainDance|[upkeep]
|-heal|p2a: 我是 输出|87/100|[from] item: Leftovers
|upkeep
|
|t:|1743865325
|switch|p1a: Silent Hill|Garganacl, F|100/100
|turn|14
|
|t:|1743865334
|-terastallize|p1a: Silent Hill|Water
|move|p2a: 我是 输出|Defog|p1a: Silent Hill
|-unboost|p1a: Silent Hill|evasion|1
|-sideend|p1: Excadrillings|Stealth Rock|[from] move: Defog|[of] p2a: 我是 输出
|-sideend|p2: lklowxhn|Spikes|[from] move: Defog|[of] p2a: 我是 输出
|move|p1a: Silent Hill|Stealth Rock|p2a: 我是 输出
|-sidestart|p2: lklowxhn|move: Stealth Rock
|
|-weather|RainDance|[upkeep]
|-heal|p2a: 我是 输出|93/100|[from] item: Leftovers
|upkeep
|turn|15
|
|t:|1743865342
|move|p2a: 我是 输出|Defog|p1a: Silent Hill
|-unboost|p1a: Silent Hill|evasion|1
|-sideend|p2: lklowxhn|Stealth Rock|[from] move: Defog|[of] p2a: 我是 输出
|move|p1a: Silent Hill|Salt Cure|p2a: 我是 输出
|-damage|p2a: 我是 输出|79/100
|-start|p2a: 我是 输出|Salt Cure
|
|-weather|RainDance|[upkeep]
|-heal|p2a: 我是 输出|85/100|[from] item: Leftovers
|-damage|p2a: 我是 输出|60/100|[from] Salt Cure
|upkeep
|turn|16
|
|t:|1743865345
|move|p2a: 我是 输出|U-turn|p1a: Silent Hill
|-damage|p1a: Silent Hill|73/100
|
|t:|1743865348
|switch|p2a: 哈哈哈哈哈哈哈哈哈哈|Ludicolo, F|100/100|[from] U-turn
|move|p1a: Silent Hill|Salt Cure|p2a: 哈哈哈哈哈哈哈哈哈哈
|-damage|p2a: 哈哈哈哈哈哈哈哈哈哈|78/100
|-start|p2a: 哈哈哈哈哈哈哈哈哈哈|Salt Cure
|
|-weather|none
|-damage|p2a: 哈哈哈哈哈哈哈哈哈哈|53/100|[from] Salt Cure
|upkeep
|turn|17
|
|t:|1743865353
|switch|p1a: Notch|Hydrapple, M, shiny|100/100
|move|p2a: 哈哈哈哈哈哈哈哈哈哈|Giga Drain|p1a: Notch
|-resisted|p1a: Notch
|-damage|p1a: Notch|89/100
|-heal|p2a: 哈哈哈哈哈哈哈哈哈哈|61/100|[from] drain|[of] p1a: Notch
|
|-damage|p2a: 哈哈哈哈哈哈哈哈哈哈|36/100|[from] Salt Cure
|upkeep
|turn|18
|
|t:|1743865357
|switch|p2a: 梦泪菇我错了✋😭✋|Pelipper, F|50/100 tox
|-weather|RainDance|[from] ability: Drizzle|[of] p2a: 梦泪菇我错了✋😭✋
|switch|p1a: Silent Hill|Garganacl, F, tera:Water|73/100
|
|-weather|RainDance|[upkeep]
|-damage|p2a: 梦泪菇我错了✋😭✋|43/100 tox|[from] psn
|upkeep
|turn|19
|
|t:|1743865363
|move|p2a: 梦泪菇我错了✋😭✋|U-turn|p1a: Silent Hill
|-damage|p1a: Silent Hill|67/100
|
|t:|1743865371
|switch|p2a: 一头创死在~大树上|Floatzel, M|18/100|[from] U-turn
|move|p1a: Silent Hill|Salt Cure|p2a: 一头创死在~大树上
|-damage|p2a: 一头创死在~大树上|0 fnt
|faint|p2a: 一头创死在~大树上
|
|-weather|RainDance|[upkeep]
|upkeep
|
|t:|1743865374
|switch|p2a: 哈哈哈哈哈哈哈哈哈哈|Ludicolo, F|36/100
|turn|20
|
|t:|1743865384
|switch|p1a: Notch|Hydrapple, M, shiny|100/100
|move|p2a: 哈哈哈哈哈哈哈哈哈哈|Giga Drain|p1a: Notch
|-resisted|p1a: Notch
|-damage|p1a: Notch|88/100
|-heal|p2a: 哈哈哈哈哈哈哈哈哈哈|45/100|[from] drain|[of] p1a: Notch
|
|-weather|RainDance|[upkeep]
|upkeep
|turn|21
|
|t:|1743865392
|switch|p2a: 我是 输出|Scizor, F|60/100
|move|p1a: Notch|Giga Drain|p2a: 我是 输出
|-resisted|p2a: 我是 输出
|-damage|p2a: 我是 输出|51/100
|-heal|p1a: Notch|92/100|[from] drain|[of] p2a: 我是 输出
|
|-weather|RainDance|[upkeep]
|-heal|p2a: 我是 输出|57/100|[from] item: Leftovers
|upkeep
|turn|22
|
|t:|1743865398
|move|p2a: 我是 输出|U-turn|p1a: Notch
|-supereffective|p1a: Notch
|-damage|p1a: Notch|48/100
|
|t:|1743865402
|switch|p2a: 耐砍王|Thundurus, M|100/100|[from] U-turn
|move|p1a: Notch|Draco Meteor|p2a: 耐砍王
|-damage|p2a: 耐砍王|33/100
|-unboost|p1a: Notch|spa|2
|
|-weather|RainDance|[upkeep]
|upkeep
|turn|23
|
|t:|1743865408
|switch|p1a: Atlas|Ting-Lu|62/100
|-ability|p1a: Atlas|Vessel of Ruin
|move|p2a: 耐砍王|Sludge Wave|p1a: Atlas
|-resisted|p1a: Atlas
|-damage|p1a: Atlas|54/100
|-status|p1a: Atlas|psn
|-damage|p2a: 耐砍王|23/100|[from] item: Life Orb
|
|-weather|RainDance|[upkeep]
|-heal|p1a: Atlas|60/100 psn|[from] item: Leftovers
|-damage|p1a: Atlas|48/100 psn|[from] psn
|upkeep
|turn|24
|
|t:|1743865418
|switch|p2a: 喵|Landorus-Therian, M|23/100
|-ability|p2a: 喵|Intimidate|boost
|-unboost|p1a: Atlas|atk|1
|move|p1a: Atlas|Spikes|p2a: 喵
|-sidestart|p2: lklowxhn|Spikes
|
|-weather|RainDance|[upkeep]
|-heal|p1a: Atlas|54/100 psn|[from] item: Leftovers
|-damage|p1a: Atlas|42/100 psn|[from] psn
|upkeep
|turn|25
|
|t:|1743865429
|move|p2a: 喵|Stealth Rock|p1a: Atlas
|-sidestart|p1: Excadrillings|move: Stealth Rock
|move|p1a: Atlas|Spikes|p2a: 喵
|-sidestart|p2: lklowxhn|Spikes
|
|-weather|none
|-heal|p1a: Atlas|48/100 psn|[from] item: Leftovers
|-damage|p1a: Atlas|36/100 psn|[from] psn
|upkeep
|turn|26
|
|t:|1743865433
|move|p2a: 喵|U-turn|p1a: Atlas
|-supereffective|p1a: Atlas
|-damage|p1a: Atlas|2/100 psn
|
|t:|1743865440
|switch|p2a: 梦泪菇我错了✋😭✋|Pelipper, F|43/100 tox|[from] U-turn
|-weather|RainDance|[from] ability: Drizzle|[of] p2a: 梦泪菇我错了✋😭✋
|move|p1a: Atlas|Whirlwind|p2a: 梦泪菇我错了✋😭✋
|drag|p2a: 我是 输出|Scizor, F|57/100
|-damage|p2a: 我是 输出|41/100|[from] Spikes
|
|-weather|RainDance|[upkeep]
|-heal|p2a: 我是 输出|47/100|[from] item: Leftovers
|-heal|p1a: Atlas|8/100 psn|[from] item: Leftovers
|-damage|p1a: Atlas|0 fnt|[from] psn
|faint|p1a: Atlas
|upkeep
|
|t:|1743865448
|switch|p1a: Silent Hill|Garganacl, F, tera:Water|67/100
|turn|27
|
|t:|1743865454
|move|p2a: 我是 输出|Defog|p1a: Silent Hill
|-unboost|p1a: Silent Hill|evasion|1
|-sideend|p1: Excadrillings|Stealth Rock|[from] move: Defog|[of] p2a: 我是 输出
|-sideend|p2: lklowxhn|Spikes|[from] move: Defog|[of] p2a: 我是 输出
|move|p1a: Silent Hill|Salt Cure|p2a: 我是 输出
|-damage|p2a: 我是 输出|33/100
|-start|p2a: 我是 输出|Salt Cure
|
|-weather|RainDance|[upkeep]
|-heal|p2a: 我是 输出|39/100|[from] item: Leftovers
|-damage|p2a: 我是 输出|14/100|[from] Salt Cure
|upkeep
|turn|28
|
|t:|1743865460
|move|p2a: 我是 输出|U-turn|p1a: Silent Hill
|-damage|p1a: Silent Hill|40/100
|
|t:|1743865463
|switch|p2a: 哈哈哈哈哈哈哈哈哈哈|Ludicolo, F|45/100|[from] U-turn
|move|p1a: Silent Hill|Salt Cure|p2a: 哈哈哈哈哈哈哈哈哈哈
|-damage|p2a: 哈哈哈哈哈哈哈哈哈哈|24/100
|-start|p2a: 哈哈哈哈哈哈哈哈哈哈|Salt Cure
|
|-weather|RainDance|[upkeep]
|-damage|p2a: 哈哈哈哈哈哈哈哈哈哈|0 fnt|[from] Salt Cure
|faint|p2a: 哈哈哈哈哈哈哈哈哈哈
|upkeep
|
|t:|1743865471
|switch|p2a: 耐砍王|Thundurus, M|23/100
|turn|29
|
|t:|1743865476
|switch|p1a: Notch|Hydrapple, M, shiny|81/100
|move|p2a: 耐砍王|Thunder|p1a: Notch
|-resisted|p1a: Notch
|-damage|p1a: Notch|63/100
|-status|p1a: Notch|par
|-damage|p2a: 耐砍王|14/100|[from] item: Life Orb
|
|-weather|RainDance|[upkeep]
|upkeep
|turn|30
|
|t:|1743865480
|move|p2a: 耐砍王|Sludge Wave|p1a: Notch
|-supereffective|p1a: Notch
|-damage|p1a: Notch|0 fnt
|faint|p1a: Notch
|-damage|p2a: 耐砍王|4/100|[from] item: Life Orb
|
|-weather|RainDance|[upkeep]
|upkeep
|
|t:|1743865483
|switch|p1a: ACRONYM|Lokix, M|67/100
|turn|31
|
|t:|1743865486
|switch|p2a: 喵|Landorus-Therian, M|23/100
|-ability|p2a: 喵|Intimidate|boost
|-unboost|p1a: ACRONYM|atk|1
|move|p1a: ACRONYM|First Impression|p2a: 喵
|-resisted|p2a: 喵
|-damage|p2a: 喵|0 fnt
|faint|p2a: 喵
|
|-weather|RainDance|[upkeep]
|upkeep
|
|t:|1743865492
|switch|p2a: 耐砍王|Thundurus, M|4/100
|turn|32
|
|t:|1743865494
|move|p1a: ACRONYM|Sucker Punch|p2a: 耐砍王
|-damage|p2a: 耐砍王|0 fnt
|faint|p2a: 耐砍王
|
|-weather|RainDance|[upkeep]
|upkeep
|c|☆Excadrillings|Gg
|
|t:|1743865501
|switch|p2a: 我是 输出|Scizor, F|14/100
|turn|33
|
|t:|1743865508
|move|p2a: 我是 输出|Bullet Punch|p1a: ACRONYM
|-damage|p1a: ACRONYM|17/100
|move|p1a: ACRONYM|Knock Off|p2a: 我是 输出
|-damage|p2a: 我是 输出|0 fnt
|-enditem|p2a: 我是 输出|Leftovers|[from] move: Knock Off|[of] p1a: ACRONYM
|faint|p2a: 我是 输出
|
|-weather|none
|upkeep
|
|t:|1743865511
|switch|p2a: 梦泪菇我错了✋😭✋|Pelipper, F|43/100 tox
|-weather|RainDance|[from] ability: Drizzle|[of] p2a: 梦泪菇我错了✋😭✋
|turn|34
|-message|lklowxhn forfeited.
|
|win|Excadrillings
|raw|Excadrillings's rating: 1446 &rarr; <strong>1461</strong><br />(+15 for winning)
|raw|lklowxhn's rating: 1357 &rarr; <strong>1342</strong><br />(-15 for losing)
|l|☆Excadrillings
|player|p1|
|l|☆lklowxhn
|player|p2|
