|j|☆jscuf97
|j|☆OuClimberOfficial
|t:|1743923542
|gametype|singles
|player|p1|jscuf97|shadowtriad|1227
|player|p2|OuClimberOfficial|bugsy|1179
|teamsize|p1|6
|teamsize|p2|6
|gen|9
|tier|[Gen 9] OU
|rated|
|rule|HP Percentage Mod: HP is shown in percentages
|rule|Endless Battle Clause: Forcing endless battles is banned
|rule|Species Clause: Limit one of each Pokémon
|rule|OHKO Clause: OHKO moves are banned
|rule|Evasion Items Clause: Evasion items are banned
|rule|Evasion Moves Clause: Evasion moves are banned
|rule|Sleep Moves Clause: Sleep-inducing moves are banned
|clearpoke
|poke|p1|Zarude|
|poke|p1|Ninetales-Alola, F|
|poke|p1|Great Tusk|
|poke|p1|Samurott-Hisui, F|
|poke|p1|Dragonite, F|
|poke|p1|Pecharunt|
|poke|p2|Mabosstiff, F|
|poke|p2|Ribombee, M|
|poke|p2|Dondozo, F|
|poke|p2|Tsareena, F|
|poke|p2|Ambipom, F|
|poke|p2|Heatran, M|
|teampreview
|
|t:|1743923553
|start
|switch|p1a: Ninetales|Ninetales-Alola, F|100/100
|switch|p2a: Ribombee|Ribombee, M, shiny|100/100
|-weather|Snowscape|[from] ability: Snow Warning|[of] p1a: Ninetales
|turn|1
|
|t:|1743923568
|move|p2a: Ribombee|Sticky Web|p1a: Ninetales
|-sidestart|p1: jscuf97|move: Sticky Web
|move|p1a: Ninetales|Encore|p2a: Ribombee
|-start|p2a: Ribombee|Encore
|
|-weather|Snowscape|[upkeep]
|upkeep
|turn|2
|
|t:|1743923577
|switch|p2a: Heatran|Heatran, M, shiny|100/100
|move|p1a: Ninetales|Aurora Veil|p1a: Ninetales
|-sidestart|p1: jscuf97|move: Aurora Veil
|
|-weather|Snowscape|[upkeep]
|upkeep
|turn|3
|
|t:|1743923599
|switch|p1a: Pecharunt|Pecharunt|100/100
|move|p2a: Heatran|Will-O-Wisp|p1a: Pecharunt
|-status|p1a: Pecharunt|brn
|
|-weather|Snowscape|[upkeep]
|-damage|p1a: Pecharunt|95/100 brn|[from] brn
|upkeep
|turn|4
|
|t:|1743923608
|move|p1a: Pecharunt|Nasty Plot|p1a: Pecharunt
|-boost|p1a: Pecharunt|spa|2
|move|p2a: Heatran|Taunt|p1a: Pecharunt
|-start|p1a: Pecharunt|move: Taunt
|
|-weather|Snowscape|[upkeep]
|-damage|p1a: Pecharunt|89/100 brn|[from] brn
|upkeep
|turn|5
|
|t:|1743923612
|move|p1a: Pecharunt|Shadow Ball|p2a: Heatran
|-damage|p2a: Heatran|58/100
|move|p2a: Heatran|Earth Power|p1a: Pecharunt
|-supereffective|p1a: Pecharunt
|-damage|p1a: Pecharunt|56/100 brn
|
|-weather|none
|-heal|p2a: Heatran|64/100|[from] item: Leftovers
|-damage|p1a: Pecharunt|50/100 brn|[from] brn
|upkeep
|turn|6
|
|t:|1743923624
|move|p1a: Pecharunt|Shadow Ball|p2a: Heatran
|-damage|p2a: Heatran|23/100
|move|p2a: Heatran|Earth Power|p1a: Pecharunt
|-supereffective|p1a: Pecharunt
|-damage|p1a: Pecharunt|16/100 brn
|
|-heal|p2a: Heatran|29/100|[from] item: Leftovers
|-damage|p1a: Pecharunt|10/100 brn|[from] brn
|upkeep
|turn|7
|
|t:|1743923636
|switch|p2a: Dondozo|Dondozo, F|100/100
|move|p1a: Pecharunt|Malignant Chain|p2a: Dondozo
|-damage|p2a: Dondozo|62/100
|
|-damage|p1a: Pecharunt|4/100 brn|[from] brn
|-end|p1a: Pecharunt|move: Taunt
|upkeep
|turn|8
|
|t:|1743923643
|move|p1a: Pecharunt|Shadow Ball|p2a: Dondozo
|-damage|p2a: Dondozo|29/100
|move|p2a: Dondozo|Rest|p2a: Dondozo
|-status|p2a: Dondozo|slp|[from] move: Rest
|-heal|p2a: Dondozo|100/100 slp|[silent]
|
|-damage|p1a: Pecharunt|0 fnt|[from] brn
|faint|p1a: Pecharunt
|upkeep
|
|t:|1743923653
|switch|p1a: Great Tusk|Great Tusk, shiny|100/100
|-activate|p1a: Great Tusk|move: Sticky Web
|-unboost|p1a: Great Tusk|spe|1
|turn|9
|inactive|Battle timer is ON: inactive players will automatically lose when time's up. (requested by jscuf97)
|
|t:|1743923686
|move|p1a: Great Tusk|Rapid Spin|p2a: Dondozo
|-damage|p2a: Dondozo|94/100 slp
|-boost|p1a: Great Tusk|spe|1
|-sideend|p1: jscuf97|Sticky Web|[from] move: Rapid Spin|[of] p1a: Great Tusk
|cant|p2a: Dondozo|slp
|move|p2a: Dondozo|Sleep Talk|p2a: Dondozo
|move|p2a: Dondozo|Rest||[from] move: Sleep Talk|[still]
|-fail|p2a: Dondozo
|
|-sideend|p1: jscuf97|move: Aurora Veil
|upkeep
|turn|10
|
|t:|1743923693
|-end|p1a: Great Tusk|Protosynthesis|[silent]
|switch|p1a: Ninetales|Ninetales-Alola, F|100/100
|-weather|Snowscape|[from] ability: Snow Warning|[of] p1a: Ninetales
|cant|p2a: Dondozo|slp
|move|p2a: Dondozo|Sleep Talk|p2a: Dondozo
|move|p2a: Dondozo|Rest||[from] move: Sleep Talk|[still]
|-fail|p2a: Dondozo
|
|-weather|Snowscape|[upkeep]
|upkeep
|turn|11
|
|t:|1743923700
|switch|p2a: Heatran|Heatran, M, shiny|29/100
|move|p1a: Ninetales|Aurora Veil|p1a: Ninetales
|-sidestart|p1: jscuf97|move: Aurora Veil
|
|-weather|Snowscape|[upkeep]
|-heal|p2a: Heatran|35/100|[from] item: Leftovers
|upkeep
|turn|12
|
|t:|1743923721
|move|p1a: Ninetales|Freeze-Dry|p2a: Heatran
|-resisted|p2a: Heatran
|-damage|p2a: Heatran|32/100
|move|p2a: Heatran|Will-O-Wisp|p1a: Ninetales
|-status|p1a: Ninetales|brn
|
|-weather|Snowscape|[upkeep]
|-heal|p2a: Heatran|38/100|[from] item: Leftovers
|-damage|p1a: Ninetales|94/100 brn|[from] brn
|upkeep
|turn|13
|
|t:|1743923725
|move|p1a: Ninetales|Encore|p2a: Heatran
|-start|p2a: Heatran|Encore
|move|p2a: Heatran|Will-O-Wisp|p1a: Ninetales
|-fail|p1a: Ninetales|brn
|
|-weather|Snowscape|[upkeep]
|-heal|p2a: Heatran|44/100|[from] item: Leftovers
|-damage|p1a: Ninetales|88/100 brn|[from] brn
|upkeep
|turn|14
|
|t:|1743923731
|switch|p1a: Zarude|Zarude|100/100
|move|p2a: Heatran|Will-O-Wisp|p1a: Zarude
|-status|p1a: Zarude|brn
|
|-weather|none
|-heal|p2a: Heatran|50/100|[from] item: Leftovers
|-damage|p1a: Zarude|95/100 brn|[from] brn
|upkeep
|turn|15
|
|t:|1743923741
|switch|p2a: Ribombee|Ribombee, M, shiny|100/100
|move|p1a: Zarude|Swords Dance|p1a: Zarude
|-boost|p1a: Zarude|atk|2
|
|-damage|p1a: Zarude|89/100 brn|[from] brn
|upkeep
|turn|16
|
|t:|1743923748
|move|p2a: Ribombee|Moonblast|p1a: Zarude
|-supereffective|p1a: Zarude
|-damage|p1a: Zarude|57/100 brn
|move|p1a: Zarude|Power Whip|p2a: Ribombee
|-resisted|p2a: Ribombee
|-damage|p2a: Ribombee|34/100
|-damage|p1a: Zarude|47/100 brn|[from] item: Life Orb
|
|-damage|p1a: Zarude|41/100 brn|[from] brn
|upkeep
|turn|17
|
|t:|1743923768
|move|p2a: Ribombee|Tailwind|p2a: Ribombee
|-sidestart|p2: OuClimberOfficial|move: Tailwind
|move|p1a: Zarude|Knock Off|p2a: Ribombee
|-resisted|p2a: Ribombee
|-damage|p2a: Ribombee|0 fnt
|-enditem|p2a: Ribombee|Focus Sash|[from] move: Knock Off|[of] p1a: Zarude
|faint|p2a: Ribombee
|-damage|p1a: Zarude|31/100 brn|[from] item: Life Orb
|
|-damage|p1a: Zarude|25/100 brn|[from] brn
|upkeep
|
|t:|1743923770
|switch|p2a: Mabosstiff|Mabosstiff, F|100/100
|turn|18
|
|t:|1743923777
|-terastallize|p2a: Mabosstiff|Fairy
|move|p2a: Mabosstiff|Tera Blast|p1a: Zarude|[anim] Tera Blast Fairy
|-supereffective|p1a: Zarude
|-damage|p1a: Zarude|0 fnt
|faint|p1a: Zarude
|
|-sideend|p1: jscuf97|move: Aurora Veil
|upkeep
|
|t:|1743923795
|switch|p1a: Ninetales|Ninetales-Alola, F|88/100 brn
|-weather|Snowscape|[from] ability: Snow Warning|[of] p1a: Ninetales
|turn|19
|
|t:|1743923796
|move|p2a: Mabosstiff|Tera Blast|p1a: Ninetales|[anim] Tera Blast Fairy
|-damage|p1a: Ninetales|31/100 brn
|move|p1a: Ninetales|Aurora Veil|p1a: Ninetales
|-sidestart|p1: jscuf97|move: Aurora Veil
|
|-weather|Snowscape|[upkeep]
|-damage|p1a: Ninetales|25/100 brn|[from] brn
|upkeep
|turn|20
|
|t:|1743923801
|move|p2a: Mabosstiff|Tera Blast|p1a: Ninetales|[anim] Tera Blast Fairy
|-crit|p1a: Ninetales
|-damage|p1a: Ninetales|0 fnt
|faint|p1a: Ninetales
|
|-weather|Snowscape|[upkeep]
|-sideend|p2: OuClimberOfficial|move: Tailwind
|upkeep
|
|t:|1743923810
|switch|p1a: Dragonite|Dragonite, F|100/100
|turn|21
|
|t:|1743923816
|-terastallize|p1a: Dragonite|Fire
|move|p2a: Mabosstiff|Tera Blast|p1a: Dragonite|[anim] Tera Blast Fairy
|-resisted|p1a: Dragonite
|-damage|p1a: Dragonite|92/100
|move|p1a: Dragonite|Dragon Dance|p1a: Dragonite
|-boost|p1a: Dragonite|atk|1
|-boost|p1a: Dragonite|spe|1
|
|-weather|Snowscape|[upkeep]
|upkeep
|turn|22
|
|t:|1743923829
|switch|p2a: Dondozo|Dondozo, F|94/100 slp
|move|p1a: Dragonite|Scale Shot|p2a: Dondozo|[miss]
|-miss|p1a: Dragonite|p2a: Dondozo
|
|-weather|Snowscape|[upkeep]
|upkeep
|turn|23
|
|t:|1743923839
|switch|p1a: Samurott|Samurott-Hisui, F|100/100
|-curestatus|p2a: Dondozo|slp|[msg]
|move|p2a: Dondozo|Curse|p2a: Dondozo
|-unboost|p2a: Dondozo|spe|1
|-boost|p2a: Dondozo|atk|1
|-boost|p2a: Dondozo|def|1
|
|-weather|none
|upkeep
|turn|24
|
|t:|1743923847
|switch|p1a: Dragonite|Dragonite, F, tera:Fire|92/100
|move|p2a: Dondozo|Curse|p2a: Dondozo
|-unboost|p2a: Dondozo|spe|1
|-boost|p2a: Dondozo|atk|1
|-boost|p2a: Dondozo|def|1
|
|upkeep
|turn|25
|
|t:|1743923853
|move|p1a: Dragonite|Encore|p2a: Dondozo
|-start|p2a: Dondozo|Encore
|move|p2a: Dondozo|Curse|p2a: Dondozo
|-unboost|p2a: Dondozo|spe|1
|-boost|p2a: Dondozo|atk|1
|-boost|p2a: Dondozo|def|1
|
|upkeep
|turn|26
|
|t:|1743923862
|move|p1a: Dragonite|Dragon Dance|p1a: Dragonite
|-boost|p1a: Dragonite|atk|1
|-boost|p1a: Dragonite|spe|1
|move|p2a: Dondozo|Curse|p2a: Dondozo
|-unboost|p2a: Dondozo|spe|1
|-boost|p2a: Dondozo|atk|1
|-boost|p2a: Dondozo|def|1
|
|-sideend|p1: jscuf97|move: Aurora Veil
|upkeep
|turn|27
|
|t:|1743923865
|move|p1a: Dragonite|Dragon Dance|p1a: Dragonite
|-boost|p1a: Dragonite|atk|1
|-boost|p1a: Dragonite|spe|1
|move|p2a: Dondozo|Curse|p2a: Dondozo
|-unboost|p2a: Dondozo|spe|1
|-boost|p2a: Dondozo|atk|1
|-boost|p2a: Dondozo|def|1
|
|-end|p2a: Dondozo|Encore
|upkeep
|turn|28
|
|t:|1743923868
|move|p1a: Dragonite|Encore|p2a: Dondozo
|-start|p2a: Dondozo|Encore
|move|p2a: Dondozo|Curse|p2a: Dondozo
|-unboost|p2a: Dondozo|spe|1
|-boost|p2a: Dondozo|atk|1
|-boost|p2a: Dondozo|def|1
|
|upkeep
|turn|29
|
|t:|1743923876
|move|p1a: Dragonite|Dragon Dance|p1a: Dragonite
|-boost|p1a: Dragonite|atk|1
|-boost|p1a: Dragonite|spe|1
|move|p2a: Dondozo|Curse|p2a: Dondozo
|
|upkeep
|turn|30
|
|t:|1743923878
|move|p1a: Dragonite|Dragon Dance|p1a: Dragonite
|-boost|p1a: Dragonite|atk|1
|-boost|p1a: Dragonite|spe|1
|move|p2a: Dondozo|Curse|p2a: Dondozo
|
|-end|p2a: Dondozo|Encore
|upkeep
|turn|31
|
|t:|1743923881
|move|p1a: Dragonite|Encore|p2a: Dondozo
|-start|p2a: Dondozo|Encore
|move|p2a: Dondozo|Curse|p2a: Dondozo
|
|upkeep
|turn|32
|
|t:|1743923883
|move|p1a: Dragonite|Scale Shot|p2a: Dondozo
|-damage|p2a: Dondozo|92/100
|-damage|p2a: Dondozo|90/100
|-damage|p2a: Dondozo|88/100
|-damage|p2a: Dondozo|87/100
|-hitcount|p2a: Dondozo|4
|-unboost|p1a: Dragonite|def|1
|-boost|p1a: Dragonite|spe|1
|move|p2a: Dondozo|Curse|p2a: Dondozo
|
|upkeep
|turn|33
|
|t:|1743923885
|move|p1a: Dragonite|Scale Shot|p2a: Dondozo
|-damage|p2a: Dondozo|85/100
|-damage|p2a: Dondozo|83/100
|-damage|p2a: Dondozo|81/100
|-damage|p2a: Dondozo|79/100
|-hitcount|p2a: Dondozo|4
|-unboost|p1a: Dragonite|def|1
|-boost|p1a: Dragonite|spe|1
|move|p2a: Dondozo|Curse|p2a: Dondozo
|
|-end|p2a: Dondozo|Encore
|upkeep
|turn|34
|
|t:|1743923887
|move|p1a: Dragonite|Scale Shot|p2a: Dondozo|[miss]
|-miss|p1a: Dragonite|p2a: Dondozo
|move|p2a: Dondozo|Waterfall|p1a: Dragonite
|-supereffective|p1a: Dragonite
|-damage|p1a: Dragonite|0 fnt
|faint|p1a: Dragonite
|
|upkeep
|-message|jscuf97 forfeited.
|
|win|OuClimberOfficial
|raw|jscuf97's rating: 1227 &rarr; <strong>1199</strong><br />(-28 for losing)
|raw|OuClimberOfficial's rating: 1179 &rarr; <strong>1207</strong><br />(+28 for winning)
|l|☆jscuf97
|player|p1|
|l|☆OuClimberOfficial
|player|p2|
