|j|☆Indigo1way
|j|☆lklowxhn
|t:|1743778230
|gametype|singles
|player|p1|Indigo1way|1|1272
|player|p2|lklowxhn|silver|1203
|teamsize|p1|6
|teamsize|p2|6
|gen|9
|tier|[Gen 9] OU
|rated|
|rule|HP Percentage Mod: HP is shown in percentages
|rule|Endless Battle Clause: Forcing endless battles is banned
|rule|Species Clause: Limit one of each Pokémon
|rule|OHKO Clause: OHKO moves are banned
|rule|Evasion Items Clause: Evasion items are banned
|rule|Evasion Moves Clause: Evasion moves are banned
|rule|Sleep Moves Clause: Sleep-inducing moves are banned
|clearpoke
|poke|p1|Wo-Chien|
|poke|p1|Glimmora, M|
|poke|p1|Ditto|
|poke|p1|Zoroark-Hisui, F|
|poke|p1|Necrozma|
|poke|p1|Kingambit, M|
|poke|p2|Pelipper, M|
|poke|p2|Scizor, M|
|poke|p2|Floatzel, F|
|poke|p2|Thundurus, M|
|poke|p2|Ludicolo, M|
|poke|p2|Landorus-Therian, M|
|teampreview
|inactive|Battle timer is ON: inactive players will automatically lose when time's up. (requested by lklowxhn)
|
|t:|1743778238
|start
|switch|p1a: Naraku|Glimmora, M, shiny|100/100
|switch|p2a: Pelipper|Pelipper, M|100/100
|-weather|RainDance|[from] ability: Drizzle|[of] p2a: Pelipper
|turn|1
|
|t:|1743778250
|switch|p2a: Landorus|Landorus-Therian, M|100/100
|-ability|p2a: Landorus|Intimidate|boost
|-unboost|p1a: Naraku|atk|1
|move|p1a: Naraku|Sludge Bomb|p2a: Landorus
|-resisted|p2a: Landorus
|-damage|p2a: Landorus|76/100
|
|-weather|RainDance|[upkeep]
|upkeep
|turn|2
|
|t:|1743778255
|switch|p1a: You?|Ditto|100/100
|-transform|p1a: You?|p2a: Landorus|[from] ability: Imposter
|-ability|p1a: You?|Intimidate|boost
|-unboost|p2a: Landorus|atk|1
|move|p2a: Landorus|Earthquake|p1a: You?
|-immune|p1a: You?
|
|-weather|RainDance|[upkeep]
|upkeep
|turn|3
|
|t:|1743778263
|move|p1a: You?|Rock Slide|p2a: Landorus
|-damage|p2a: Landorus|47/100
|cant|p2a: Landorus|flinch
|
|-weather|RainDance|[upkeep]
|upkeep
|turn|4
|
|t:|1743778270
|move|p1a: You?|Rock Slide|p2a: Landorus
|-damage|p2a: Landorus|17/100
|move|p2a: Landorus|U-turn|p1a: You?
|-resisted|p1a: You?
|-damage|p1a: You?|89/100
|
|t:|1743778282
|switch|p2a: Floatzel|Floatzel, F|100/100|[from] U-turn
|
|-weather|RainDance|[upkeep]
|upkeep
|turn|5
|
|t:|1743778285
|switch|p1a: OvertheGardenWall|Wo-Chien|100/100
|-ability|p1a: OvertheGardenWall|Tablets of Ruin
|move|p2a: Floatzel|Ice Spinner|p1a: OvertheGardenWall
|-supereffective|p1a: OvertheGardenWall
|-damage|p1a: OvertheGardenWall|68/100
|-damage|p2a: Floatzel|91/100|[from] item: Life Orb
|
|-weather|RainDance|[upkeep]
|-heal|p1a: OvertheGardenWall|74/100|[from] item: Leftovers
|upkeep
|turn|6
|
|t:|1743778294
|move|p2a: Floatzel|Low Kick|p1a: OvertheGardenWall
|-supereffective|p1a: OvertheGardenWall
|-damage|p1a: OvertheGardenWall|41/100
|-damage|p2a: Floatzel|81/100|[from] item: Life Orb
|move|p1a: OvertheGardenWall|Leech Seed|p2a: Floatzel
|-start|p2a: Floatzel|move: Leech Seed
|
|-weather|RainDance|[upkeep]
|-heal|p1a: OvertheGardenWall|47/100|[from] item: Leftovers
|-damage|p2a: Floatzel|68/100|[from] Leech Seed|[of] p1a: OvertheGardenWall
|-heal|p1a: OvertheGardenWall|58/100|[silent]
|upkeep
|turn|7
|
|t:|1743778299
|switch|p1a: Naraku|Glimmora, M, shiny|100/100
|move|p2a: Floatzel|Flip Turn|p1a: Naraku
|-damage|p1a: Naraku|0 fnt
|replace|p1a: Clementine|Zoroark-Hisui, F, shiny
|-end|p1a: Clementine|Illusion
|faint|p1a: Clementine
|-damage|p2a: Floatzel|59/100|[from] item: Life Orb
|
|t:|1743778313
|switch|p2a: Ludicolo|Ludicolo, M|100/100|[from] Flip Turn
|
|-weather|RainDance|[upkeep]
|upkeep
|
|t:|1743778323
|switch|p1a: Eternal Sunshine|Necrozma|100/100
|turn|8
|
|t:|1743778338
|move|p2a: Ludicolo|Weather Ball|p1a: Eternal Sunshine
|-damage|p1a: Eternal Sunshine|11/100
|move|p1a: Eternal Sunshine|Calm Mind|p1a: Eternal Sunshine
|-boost|p1a: Eternal Sunshine|spa|1
|-boost|p1a: Eternal Sunshine|spd|1
|
|-weather|none
|-heal|p1a: Eternal Sunshine|17/100|[from] item: Leftovers
|upkeep
|turn|9
|
|t:|1743778347
|switch|p2a: Scizor|Scizor, M|100/100
|move|p1a: Eternal Sunshine|Rest|p1a: Eternal Sunshine
|-status|p1a: Eternal Sunshine|slp|[from] move: Rest
|-heal|p1a: Eternal Sunshine|100/100 slp|[silent]
|
|upkeep
|turn|10
|
|t:|1743778353
|switch|p1a: OvertheGardenWall|Wo-Chien|58/100
|-ability|p1a: OvertheGardenWall|Tablets of Ruin
|move|p2a: Scizor|U-turn|p1a: OvertheGardenWall
|-supereffective|p1a: OvertheGardenWall
|-damage|p1a: OvertheGardenWall|0 fnt
|faint|p1a: OvertheGardenWall
|
|t:|1743778363
|switch|p2a: Pelipper|Pelipper, M|100/100|[from] U-turn
|-weather|RainDance|[from] ability: Drizzle|[of] p2a: Pelipper
|
|-weather|RainDance|[upkeep]
|upkeep
|
|t:|1743778365
|switch|p1a: Eternal Sunshine|Necrozma|100/100 slp
|turn|11
|
|t:|1743778369
|cant|p1a: Eternal Sunshine|slp
|move|p2a: Pelipper|U-turn|p1a: Eternal Sunshine
|-supereffective|p1a: Eternal Sunshine
|-damage|p1a: Eternal Sunshine|93/100 slp
|
|t:|1743778374
|switch|p2a: Floatzel|Floatzel, F|59/100|[from] U-turn
|
|-weather|RainDance|[upkeep]
|-heal|p1a: Eternal Sunshine|99/100 slp|[from] item: Leftovers
|upkeep
|turn|12
|
|t:|1743778378
|move|p2a: Floatzel|Wave Crash|p1a: Eternal Sunshine
|-damage|p1a: Eternal Sunshine|30/100 slp
|-damage|p2a: Floatzel|32/100|[from] Recoil
|-damage|p2a: Floatzel|22/100|[from] item: Life Orb
|cant|p1a: Eternal Sunshine|slp
|
|-weather|RainDance|[upkeep]
|-heal|p1a: Eternal Sunshine|36/100 slp|[from] item: Leftovers
|upkeep
|turn|13
|
|t:|1743778384
|move|p2a: Floatzel|Wave Crash|p1a: Eternal Sunshine
|-damage|p1a: Eternal Sunshine|0 fnt
|faint|p1a: Eternal Sunshine
|-damage|p2a: Floatzel|8/100|[from] Recoil
|-damage|p2a: Floatzel|0 fnt|[from] item: Life Orb
|faint|p2a: Floatzel
|
|-weather|RainDance|[upkeep]
|upkeep
|
|t:|1743778390
|switch|p2a: Thundurus|Thundurus, M|100/100
|switch|p1a: Naraku|Glimmora, M, shiny|100/100
|turn|14
|
|t:|1743778396
|move|p2a: Thundurus|Volt Switch|p1a: Naraku
|-damage|p1a: Naraku|39/100
|-damage|p2a: Thundurus|91/100|[from] item: Life Orb
|
|t:|1743778401
|switch|p2a: Landorus|Landorus-Therian, M|17/100|[from] Volt Switch
|-ability|p2a: Landorus|Intimidate|boost
|-unboost|p1a: Naraku|atk|1
|move|p1a: Naraku|Toxic|p2a: Landorus
|-status|p2a: Landorus|tox
|
|-weather|RainDance|[upkeep]
|-damage|p2a: Landorus|11/100 tox|[from] psn
|upkeep
|turn|15
|
|t:|1743778406
|switch|p1a: You?|Ditto|89/100
|-transform|p1a: You?|p2a: Landorus|[from] ability: Imposter
|-ability|p1a: You?|Intimidate|boost
|-unboost|p2a: Landorus|atk|1
|move|p2a: Landorus|Earthquake|p1a: You?
|-immune|p1a: You?
|
|-weather|RainDance|[upkeep]
|-damage|p2a: Landorus|0 fnt|[from] psn
|faint|p2a: Landorus
|upkeep
|
|t:|1743778415
|switch|p2a: Ludicolo|Ludicolo, M|100/100
|turn|16
|
|t:|1743778419
|move|p2a: Ludicolo|Weather Ball|p1a: You?
|-supereffective|p1a: You?
|-damage|p1a: You?|0 fnt
|faint|p1a: You?
|
|-weather|RainDance|[upkeep]
|upkeep
|
|t:|1743778422
|switch|p1a: Naraku|Glimmora, M, shiny|39/100
|turn|17
|
|t:|1743778430
|move|p2a: Ludicolo|Weather Ball|p1a: Naraku
|-supereffective|p1a: Naraku
|-damage|p1a: Naraku|0 fnt
|faint|p1a: Naraku
|
|-weather|none
|upkeep
|
|t:|1743778431
|switch|p1a: Thanos|Kingambit, M, shiny|100/100
|-activate|p1a: Thanos|ability: Supreme Overlord
|-start|p1a: Thanos|fallen5|[silent]
|turn|18
|
|t:|1743778438
|switch|p2a: Pelipper|Pelipper, M|100/100
|-weather|RainDance|[from] ability: Drizzle|[of] p2a: Pelipper
|move|p1a: Thanos|Iron Head|p2a: Pelipper
|-resisted|p2a: Pelipper
|-damage|p2a: Pelipper|63/100
|
|-weather|RainDance|[upkeep]
|upkeep
|turn|19
|
|t:|1743778443
|move|p2a: Pelipper|Weather Ball|p1a: Thanos
|-damage|p1a: Thanos|36/100
|move|p1a: Thanos|Iron Head|p2a: Pelipper
|-resisted|p2a: Pelipper
|-damage|p2a: Pelipper|24/100
|
|-weather|RainDance|[upkeep]
|upkeep
|turn|20
|
|t:|1743778451
|move|p1a: Thanos|Sucker Punch|p2a: Pelipper
|-damage|p2a: Pelipper|0 fnt
|faint|p2a: Pelipper
|
|-weather|RainDance|[upkeep]
|upkeep
|
|t:|1743778462
|switch|p2a: Ludicolo|Ludicolo, M|100/100
|turn|21
|
|t:|1743778473
|-terastallize|p2a: Ludicolo|Water
|move|p1a: Thanos|Sucker Punch|p2a: Ludicolo
|-damage|p2a: Ludicolo|7/100
|move|p2a: Ludicolo|Weather Ball|p1a: Thanos
|-damage|p1a: Thanos|0 fnt
|faint|p1a: Thanos
|-end|p1a: Thanos|fallen5|[silent]
|
|win|lklowxhn
|raw|Indigo1way's rating: 1272 &rarr; <strong>1242</strong><br />(-30 for losing)
|raw|lklowxhn's rating: 1203 &rarr; <strong>1233</strong><br />(+30 for winning)
|l|☆Indigo1way
|player|p1|
|l|☆lklowxhn
|player|p2|
