|j|☆Ean's Gay
|j|☆ttttllllldibdhejd
|t:|1743829743
|gametype|singles
|player|p1|Ean's Gay|volkner|1118
|player|p2|ttttllllldibdhejd|elesa|1069
|teamsize|p1|6
|teamsize|p2|6
|gen|9
|tier|[Gen 9] OU
|rated|
|rule|HP Percentage Mod: HP is shown in percentages
|rule|Endless Battle Clause: Forcing endless battles is banned
|rule|Species Clause: Limit one of each Pokémon
|rule|OHKO Clause: OHKO moves are banned
|rule|Evasion Items Clause: Evasion items are banned
|rule|Evasion Moves Clause: Evasion moves are banned
|rule|Sleep Moves Clause: Sleep-inducing moves are banned
|clearpoke
|poke|p1|Goodra-Hisui, M|
|poke|p1|Dragapult, F|
|poke|p1|Samurott-Hisui, M|
|poke|p1|Ursaluna, M|
|poke|p1|Metagross|
|poke|p1|Porygon-Z|
|poke|p2|Heatran, F|
|poke|p2|Volcanion|
|poke|p2|Torkoal, M|
|poke|p2|Venusaur, M|
|poke|p2|Walking Wake|
|poke|p2|Cloyster, M|
|teampreview
|inactive|Battle timer is ON: inactive players will automatically lose when time's up. (requested by ttttllllldibdhejd)
|
|t:|1743829752
|start
|switch|p1a: Ursaluna|Ursaluna, M|100/100
|switch|p2a: Torkoal|Torkoal, M|100/100
|-weather|SunnyDay|[from] ability: Drought|[of] p2a: Torkoal
|turn|1
|
|t:|1743829769
|switch|p2a: Venusaur|Venusaur, M|100/100
|move|p1a: Ursaluna|Headlong Rush|p2a: Venusaur
|-damage|p2a: Venusaur|4/100
|-unboost|p1a: Ursaluna|def|1
|-unboost|p1a: Ursaluna|spd|1
|
|-weather|SunnyDay|[upkeep]
|-heal|p2a: Venusaur|10/100|[from] item: Leftovers
|-status|p1a: Ursaluna|brn|[from] item: Flame Orb
|upkeep
|turn|2
|
|t:|1743829779
|move|p2a: Venusaur|Solar Beam||[still]
|-prepare|p2a: Venusaur|Solar Beam
|-anim|p2a: Venusaur|Solar Beam|p1a: Ursaluna
|-supereffective|p1a: Ursaluna
|-crit|p1a: Ursaluna
|-damage|p1a: Ursaluna|0 fnt
|faint|p1a: Ursaluna
|
|-weather|SunnyDay|[upkeep]
|-heal|p2a: Venusaur|16/100|[from] item: Leftovers
|upkeep
|
|t:|1743829788
|switch|p1a: Porygon-Z|Porygon-Z|100/100
|turn|3
|
|t:|1743829795
|move|p2a: Venusaur|Solar Beam||[still]
|-prepare|p2a: Venusaur|Solar Beam
|-anim|p2a: Venusaur|Solar Beam|p1a: Porygon-Z
|-damage|p1a: Porygon-Z|17/100
|move|p1a: Porygon-Z|Tri Attack|p2a: Venusaur
|-damage|p2a: Venusaur|0 fnt
|faint|p2a: Venusaur
|
|-weather|SunnyDay|[upkeep]
|upkeep
|
|t:|1743829808
|switch|p2a: Walking Wake|Walking Wake|100/100
|-activate|p2a: Walking Wake|ability: Protosynthesis
|-start|p2a: Walking Wake|protosynthesisspa
|turn|4
|
|t:|1743829815
|move|p1a: Porygon-Z|Tri Attack|p2a: Walking Wake
|-damage|p2a: Walking Wake|37/100
|move|p2a: Walking Wake|Dragon Pulse|p1a: Porygon-Z
|-damage|p1a: Porygon-Z|0 fnt
|faint|p1a: Porygon-Z
|-damage|p2a: Walking Wake|28/100|[from] item: Life Orb
|
|-weather|SunnyDay|[upkeep]
|upkeep
|
|t:|1743829828
|switch|p1a: Dragapult|Dragapult, F|100/100
|turn|5
|
|t:|1743829850
|move|p1a: Dragapult|Dragon Darts|p2a: Walking Wake
|-supereffective|p2a: Walking Wake
|-damage|p2a: Walking Wake|0 fnt
|faint|p2a: Walking Wake
|-end|p2a: Walking Wake|Protosynthesis|[silent]
|
|-weather|SunnyDay|[upkeep]
|upkeep
|
|t:|1743829852
|switch|p2a: Cloyster|Cloyster, M|100/100
|turn|6
|
|t:|1743829866
|move|p1a: Dragapult|Fire Blast|p2a: Cloyster
|-enditem|p2a: Cloyster|Focus Sash
|-damage|p2a: Cloyster|1/100
|move|p2a: Cloyster|Shell Smash|p2a: Cloyster
|-unboost|p2a: Cloyster|def|1
|-unboost|p2a: Cloyster|spd|1
|-boost|p2a: Cloyster|atk|2
|-boost|p2a: Cloyster|spa|2
|-boost|p2a: Cloyster|spe|2
|
|-weather|SunnyDay|[upkeep]
|upkeep
|turn|7
|
|t:|1743829880
|switch|p1a: Metagross|Metagross, shiny|100/100
|move|p2a: Cloyster|Icicle Spear|p1a: Metagross
|-resisted|p1a: Metagross
|-damage|p1a: Metagross|91/100
|-resisted|p1a: Metagross
|-damage|p1a: Metagross|83/100
|-resisted|p1a: Metagross
|-damage|p1a: Metagross|74/100
|-resisted|p1a: Metagross
|-damage|p1a: Metagross|65/100
|-resisted|p1a: Metagross
|-damage|p1a: Metagross|57/100
|-hitcount|p1a: Metagross|5
|
|-weather|SunnyDay|[upkeep]
|upkeep
|turn|8
|
|t:|1743829896
|move|p1a: Metagross|Bullet Punch|p2a: Cloyster
|-damage|p2a: Cloyster|0 fnt
|faint|p2a: Cloyster
|
|-weather|none
|upkeep
|
|t:|1743829907
|switch|p2a: Torkoal|Torkoal, M|100/100
|-weather|SunnyDay|[from] ability: Drought|[of] p2a: Torkoal
|turn|9
|inactive|Ean's Gay has 120 seconds left.
|inactive|Ean's Gay has 90 seconds left.
|
|t:|1743829978
|move|p1a: Metagross|Earthquake|p2a: Torkoal
|-supereffective|p2a: Torkoal
|-damage|p2a: Torkoal|43/100
|move|p2a: Torkoal|Will-O-Wisp|p1a: Metagross
|-status|p1a: Metagross|brn
|
|-weather|SunnyDay|[upkeep]
|-damage|p1a: Metagross|50/100 brn|[from] brn
|upkeep
|turn|10
|
|t:|1743829996
|move|p1a: Metagross|Earthquake|p2a: Torkoal
|-supereffective|p2a: Torkoal
|-damage|p2a: Torkoal|15/100
|move|p2a: Torkoal|Flare Blitz|p1a: Metagross
|-supereffective|p1a: Metagross
|-damage|p1a: Metagross|0 fnt
|faint|p1a: Metagross
|-damage|p2a: Torkoal|0 fnt|[from] Recoil
|faint|p2a: Torkoal
|
|-weather|SunnyDay|[upkeep]
|upkeep
|inactive|Ean's Gay has 90 seconds left.
|
|t:|1743830009
|switch|p1a: Samurott|Samurott-Hisui, M|100/100
|switch|p2a: Volcanion|Volcanion|100/100
|turn|11
|inactive|Ean's Gay has 90 seconds left.
|
|t:|1743830017
|move|p1a: Samurott|Ceaseless Edge|p2a: Volcanion
|-damage|p2a: Volcanion|40/100
|-sidestart|p2: ttttllllldibdhejd|Spikes
|-enditem|p2a: Volcanion|Sitrus Berry|[eat]
|-heal|p2a: Volcanion|65/100|[from] item: Sitrus Berry
|-damage|p1a: Samurott|91/100|[from] item: Life Orb
|move|p2a: Volcanion|Sludge Bomb|p1a: Samurott
|-damage|p1a: Samurott|42/100
|
|-weather|SunnyDay|[upkeep]
|upkeep
|turn|12
|inactive|Ean's Gay has 90 seconds left.
|
|t:|1743830031
|move|p1a: Samurott|Ceaseless Edge|p2a: Volcanion
|-damage|p2a: Volcanion|6/100
|-sidestart|p2: ttttllllldibdhejd|Spikes
|-damage|p1a: Samurott|32/100|[from] item: Life Orb
|move|p2a: Volcanion|Weather Ball|p1a: Samurott
|-resisted|p1a: Samurott
|-damage|p1a: Samurott|0 fnt
|faint|p1a: Samurott
|
|-weather|SunnyDay|[upkeep]
|upkeep
|inactive|Ean's Gay has 90 seconds left.
|
|t:|1743830054
|switch|p1a: Dragapult|Dragapult, F|100/100
|turn|13
|
|t:|1743830069
|move|p1a: Dragapult|Dragon Darts|p2a: Volcanion
|-damage|p2a: Volcanion|0 fnt
|faint|p2a: Volcanion
|
|-weather|SunnyDay|[upkeep]
|upkeep
|
|t:|1743830071
|switch|p2a: Heatran|Heatran, F|100/100
|-damage|p2a: Heatran|84/100|[from] Spikes
|turn|14
|
|t:|1743830083
|move|p1a: Dragapult|Dragon Darts|p2a: Heatran
|-resisted|p2a: Heatran
|-damage|p2a: Heatran|70/100
|-anim|p1a: Dragapult|Dragon Darts|p2a: Heatran
|-resisted|p2a: Heatran
|-damage|p2a: Heatran|54/100
|move|p2a: Heatran|Dark Pulse|p1a: Dragapult
|-supereffective|p1a: Dragapult
|-damage|p1a: Dragapult|17/100
|
|-weather|SunnyDay|[upkeep]
|upkeep
|turn|15
|
|t:|1743830104
|move|p1a: Dragapult|Phantom Force||[still]
|-prepare|p1a: Dragapult|Phantom Force
|move|p2a: Heatran|Dark Pulse|p1a: Dragapult|[miss]
|-miss|p2a: Heatran|p1a: Dragapult
|
|-weather|SunnyDay|[upkeep]
|upkeep
|turn|16
|inactive|Ean's Gay has 90 seconds left.
|
|t:|1743830137
|move|p1a: Dragapult|Phantom Force|p2a: Heatran|[from] lockedmove
|-damage|p2a: Heatran|12/100
|move|p2a: Heatran|Dark Pulse|p1a: Dragapult
|-supereffective|p1a: Dragapult
|-damage|p1a: Dragapult|0 fnt
|faint|p1a: Dragapult
|
|-weather|none
|upkeep
|
|t:|1743830144
|switch|p1a: Goodra|Goodra-Hisui, M|100/100
|turn|17
|
|t:|1743830150
|move|p2a: Heatran|Magma Storm|p1a: Goodra
|-damage|p1a: Goodra|75/100
|-activate|p1a: Goodra|move: Magma Storm|[of] p2a: Heatran
|move|p1a: Goodra|Draco Meteor|p2a: Heatran
|-resisted|p2a: Heatran
|-damage|p2a: Heatran|0 fnt
|-unboost|p1a: Goodra|spa|2
|faint|p2a: Heatran
|
|win|Ean's Gay
|raw|Ean&apos;s Gay's rating: 1118 &rarr; <strong>1139</strong><br />(+21 for winning)
|raw|ttttllllldibdhejd's rating: 1069 &rarr; <strong>1052</strong><br />(-17 for losing)
|l|☆ttttllllldibdhejd
|player|p2|
|l|☆Ean's Gay
|player|p1|
