|j|☆arj.uno
|j|☆xxROLLERTOASTERxx
|t:|1743783125
|gametype|singles
|player|p1|arj.uno|doctor|1301
|player|p2|xxROLLERTOASTERxx|steven|1344
|teamsize|p1|6
|teamsize|p2|6
|gen|9
|tier|[Gen 9] OU
|rated|
|rule|HP Percentage Mod: HP is shown in percentages
|rule|Endless Battle Clause: Forcing endless battles is banned
|rule|Species Clause: Limit one of each Pokémon
|rule|OHKO Clause: OHKO moves are banned
|rule|Evasion Items Clause: Evasion items are banned
|rule|Evasion Moves Clause: Evasion moves are banned
|rule|Sleep Moves Clause: Sleep-inducing moves are banned
|clearpoke
|poke|p1|Leavanny, F|
|poke|p1|Ninetales, M|
|poke|p1|Victreebel, M|
|poke|p1|Quaquaval, F|
|poke|p1|Kilowattrel, M|
|poke|p1|Mimikyu, F|
|poke|p2|Araquanid, F|
|poke|p2|Gliscor, M|
|poke|p2|Gholdengo|
|poke|p2|Iron Moth|
|poke|p2|Kingambit, F|
|poke|p2|Great Tusk|
|teampreview
|
|t:|1743783137
|start
|switch|p1a: Ninetales|Ninetales, M|100/100
|switch|p2a: Araquanid|Araquanid, F, shiny|100/100
|-weather|SunnyDay|[from] ability: Drought|[of] p1a: Ninetales
|turn|1
|
|t:|1743783147
|switch|p1a: Quaquaval|Quaquaval, F|100/100
|move|p2a: Araquanid|Sticky Web|p1a: Quaquaval
|-sidestart|p1: arj.uno|move: Sticky Web
|
|-weather|SunnyDay|[upkeep]
|upkeep
|turn|2
|
|t:|1743783165
|switch|p2a: Gholdengo|Gholdengo|100/100
|-item|p2a: Gholdengo|Air Balloon
|move|p1a: Quaquaval|Aqua Step|p2a: Gholdengo
|-damage|p2a: Gholdengo|77/100
|-boost|p1a: Quaquaval|spe|1
|-enditem|p2a: Gholdengo|Air Balloon
|
|-weather|SunnyDay|[upkeep]
|upkeep
|turn|3
|
|t:|1743783173
|move|p1a: Quaquaval|Aqua Step|p2a: Gholdengo
|-damage|p2a: Gholdengo|56/100
|-boost|p1a: Quaquaval|spe|1
|move|p2a: Gholdengo|Shadow Ball|p1a: Quaquaval
|-damage|p1a: Quaquaval|46/100
|-unboost|p1a: Quaquaval|spd|1
|
|-weather|SunnyDay|[upkeep]
|upkeep
|turn|4
|
|t:|1743783179
|move|p1a: Quaquaval|Aqua Step|p2a: Gholdengo
|-damage|p2a: Gholdengo|34/100
|-boost|p1a: Quaquaval|spe|1
|move|p2a: Gholdengo|Shadow Ball|p1a: Quaquaval
|-damage|p1a: Quaquaval|0 fnt
|faint|p1a: Quaquaval
|
|-weather|SunnyDay|[upkeep]
|upkeep
|
|t:|1743783182
|switch|p1a: Leavanny|Leavanny, F|100/100
|-activate|p1a: Leavanny|move: Sticky Web
|-unboost|p1a: Leavanny|spe|1
|turn|5
|
|t:|1743783187
|move|p1a: Leavanny|Sticky Web|p2a: Gholdengo
|-sidestart|p2: xxROLLERTOASTERxx|move: Sticky Web
|move|p2a: Gholdengo|Recover|p2a: Gholdengo
|-heal|p2a: Gholdengo|84/100
|
|-weather|SunnyDay|[upkeep]
|upkeep
|turn|6
|
|t:|1743783196
|switch|p1a: Kilowattrel|Kilowattrel, M|100/100
|move|p2a: Gholdengo|Shadow Ball|p1a: Kilowattrel
|-damage|p1a: Kilowattrel|16/100
|
|-weather|SunnyDay|[upkeep]
|upkeep
|turn|7
|
|t:|1743783200
|move|p1a: Kilowattrel|Weather Ball|p2a: Gholdengo
|-supereffective|p2a: Gholdengo
|-damage|p2a: Gholdengo|0 fnt
|faint|p2a: Gholdengo
|
|-weather|SunnyDay|[upkeep]
|upkeep
|
|t:|1743783205
|switch|p2a: Gliscor|Gliscor, M, shiny|100/100
|turn|8
|
|t:|1743783210
|move|p1a: Kilowattrel|Air Slash|p2a: Gliscor
|-damage|p2a: Gliscor|60/100
|move|p2a: Gliscor|Spikes|p1a: Kilowattrel
|-sidestart|p1: arj.uno|Spikes
|
|-weather|none
|-status|p2a: Gliscor|tox|[from] item: Toxic Orb
|upkeep
|turn|9
|
|t:|1743783213
|move|p1a: Kilowattrel|Air Slash|p2a: Gliscor
|-damage|p2a: Gliscor|22/100 tox
|cant|p2a: Gliscor|flinch
|
|-heal|p2a: Gliscor|35/100 tox|[from] ability: Poison Heal
|upkeep
|turn|10
|inactive|Battle timer is ON: inactive players will automatically lose when time's up. (requested by arj.uno)
|
|t:|1743783236
|move|p1a: Kilowattrel|Air Slash|p2a: Gliscor
|-damage|p2a: Gliscor|0 fnt
|faint|p2a: Gliscor
|
|upkeep
|
|t:|1743783238
|switch|p2a: Kingambit|Kingambit, F|100/100
|-activate|p2a: Kingambit|move: Sticky Web
|-unboost|p2a: Kingambit|spe|1
|-activate|p2a: Kingambit|ability: Supreme Overlord
|-start|p2a: Kingambit|fallen2|[silent]
|turn|11
|
|t:|1743783245
|move|p2a: Kingambit|Sucker Punch||[still]
|-fail|p2a: Kingambit
|move|p1a: Kilowattrel|Thunder Wave|p2a: Kingambit
|-status|p2a: Kingambit|par
|
|upkeep
|turn|12
|
|t:|1743783252
|switch|p1a: Ninetales|Ninetales, M|100/100
|-activate|p1a: Ninetales|move: Sticky Web
|-unboost|p1a: Ninetales|spe|1
|-damage|p1a: Ninetales|88/100|[from] Spikes
|-weather|SunnyDay|[from] ability: Drought|[of] p1a: Ninetales
|move|p2a: Kingambit|Sucker Punch||[still]
|-fail|p2a: Kingambit
|
|-weather|SunnyDay|[upkeep]
|upkeep
|turn|13
|
|t:|1743783256
|move|p2a: Kingambit|Sucker Punch|p1a: Ninetales
|-damage|p1a: Ninetales|13/100
|move|p1a: Ninetales|Flamethrower|p2a: Kingambit
|-supereffective|p2a: Kingambit
|-crit|p2a: Kingambit
|-damage|p2a: Kingambit|0 fnt
|faint|p2a: Kingambit
|-end|p2a: Kingambit|fallen2|[silent]
|
|-weather|SunnyDay|[upkeep]
|upkeep
|
|t:|1743783260
|switch|p2a: Great Tusk|Great Tusk|100/100
|-activate|p2a: Great Tusk|ability: Protosynthesis
|-start|p2a: Great Tusk|protosynthesisspe
|turn|14
|
|t:|1743783267
|switch|p1a: Mimikyu|Mimikyu, F|100/100
|-activate|p1a: Mimikyu|move: Sticky Web
|-fail|p1a: Mimikyu|unboost|[from] item: Clear Amulet|[of] p1a: Mimikyu
|-damage|p1a: Mimikyu|88/100|[from] Spikes
|move|p2a: Great Tusk|Rapid Spin|p1a: Mimikyu
|-immune|p1a: Mimikyu
|
|-weather|SunnyDay|[upkeep]
|upkeep
|turn|15
|
|t:|1743783275
|move|p2a: Great Tusk|Knock Off|p1a: Mimikyu
|-activate|p1a: Mimikyu|ability: Disguise
|-damage|p1a: Mimikyu|88/100
|-enditem|p1a: Mimikyu|Clear Amulet|[from] move: Knock Off|[of] p2a: Great Tusk
|detailschange|p1a: Mimikyu|Mimikyu-Busted, F
|-damage|p1a: Mimikyu|76/100|[from] pokemon: Mimikyu-Busted
|move|p1a: Mimikyu|Swords Dance|p1a: Mimikyu
|-boost|p1a: Mimikyu|atk|2
|
|-weather|SunnyDay|[upkeep]
|upkeep
|turn|16
|
|t:|1743783284
|move|p2a: Great Tusk|Headlong Rush|p1a: Mimikyu
|-damage|p1a: Mimikyu|0 fnt
|-unboost|p2a: Great Tusk|def|1
|-unboost|p2a: Great Tusk|spd|1
|faint|p1a: Mimikyu
|
|-weather|SunnyDay|[upkeep]
|upkeep
|
|t:|1743783293
|switch|p1a: Leavanny|Leavanny, F|100/100
|-activate|p1a: Leavanny|move: Sticky Web
|-unboost|p1a: Leavanny|spe|1
|-damage|p1a: Leavanny|88/100|[from] Spikes
|turn|17
|
|t:|1743783301
|move|p2a: Great Tusk|Rapid Spin|p1a: Leavanny
|-damage|p1a: Leavanny|69/100
|-boost|p2a: Great Tusk|spe|1
|-sideend|p2: xxROLLERTOASTERxx|Sticky Web|[from] move: Rapid Spin|[of] p2a: Great Tusk
|move|p1a: Leavanny|Leaf Blade|p2a: Great Tusk
|-supereffective|p2a: Great Tusk
|-damage|p2a: Great Tusk|13/100
|
|-weather|SunnyDay|[upkeep]
|upkeep
|turn|18
|
|t:|1743783314
|move|p2a: Great Tusk|Ice Spinner|p1a: Leavanny
|-supereffective|p1a: Leavanny
|-damage|p1a: Leavanny|8/100
|move|p1a: Leavanny|Leaf Blade|p2a: Great Tusk
|-supereffective|p2a: Great Tusk
|-damage|p2a: Great Tusk|0 fnt
|faint|p2a: Great Tusk
|-end|p2a: Great Tusk|Protosynthesis|[silent]
|
|-weather|SunnyDay|[upkeep]
|upkeep
|
|t:|1743783327
|switch|p2a: Iron Moth|Iron Moth|100/100
|-enditem|p2a: Iron Moth|Booster Energy
|-activate|p2a: Iron Moth|ability: Quark Drive|[fromitem]
|-start|p2a: Iron Moth|quarkdrivespa
|turn|19
|
|t:|1743783345
|move|p1a: Leavanny|Sticky Web|p2a: Iron Moth
|-sidestart|p2: xxROLLERTOASTERxx|move: Sticky Web
|move|p2a: Iron Moth|Substitute|p2a: Iron Moth
|-start|p2a: Iron Moth|Substitute
|-damage|p2a: Iron Moth|76/100
|
|-weather|none
|upkeep
|turn|20
|
|t:|1743783349
|move|p2a: Iron Moth|Fiery Dance|p1a: Leavanny
|-supereffective|p1a: Leavanny
|-damage|p1a: Leavanny|0 fnt
|faint|p1a: Leavanny
|
|upkeep
|
|t:|1743783351
|switch|p1a: Ninetales|Ninetales, M|13/100
|-activate|p1a: Ninetales|move: Sticky Web
|-unboost|p1a: Ninetales|spe|1
|-damage|p1a: Ninetales|1/100|[from] Spikes
|-weather|SunnyDay|[from] ability: Drought|[of] p1a: Ninetales
|turn|21
|
|t:|1743783355
|move|p2a: Iron Moth|Fiery Dance|p1a: Ninetales
|-resisted|p1a: Ninetales
|-damage|p1a: Ninetales|0 fnt
|faint|p1a: Ninetales
|
|-weather|SunnyDay|[upkeep]
|upkeep
|
|t:|1743783358
|switch|p1a: Kilowattrel|Kilowattrel, M|16/100
|turn|22
|
|t:|1743783362
|move|p1a: Kilowattrel|Discharge|p2a: Iron Moth
|-end|p2a: Iron Moth|Substitute
|move|p2a: Iron Moth|Fiery Dance|p1a: Kilowattrel
|-damage|p1a: Kilowattrel|0 fnt
|-boost|p2a: Iron Moth|spa|1
|faint|p1a: Kilowattrel
|
|-weather|SunnyDay|[upkeep]
|upkeep
|
|t:|1743783365
|switch|p1a: Victreebel|Victreebel, M|100/100
|-activate|p1a: Victreebel|move: Sticky Web
|-unboost|p1a: Victreebel|spe|1
|-damage|p1a: Victreebel|88/100|[from] Spikes
|turn|23
|
|t:|1743783370
|-terastallize|p1a: Victreebel|Fire
|move|p2a: Iron Moth|Fiery Dance|p1a: Victreebel
|-resisted|p1a: Victreebel
|-damage|p1a: Victreebel|0 fnt
|-boost|p2a: Iron Moth|spa|1
|faint|p1a: Victreebel
|
|win|xxROLLERTOASTERxx
|raw|arj.uno's rating: 1301 &rarr; <strong>1283</strong><br />(-18 for losing)
|raw|xxROLLERTOASTERxx's rating: 1344 &rarr; <strong>1362</strong><br />(+18 for winning)
|l|☆xxROLLERTOASTERxx
|player|p2|
|l|☆arj.uno
|player|p1|
