|j|☆usuario 33
|j|☆zxhdds
|t:|1743843701
|gametype|singles
|player|p1|usuario 33|102|1122
|player|p2|zxhdds|giovanni|1093
|teamsize|p1|6
|teamsize|p2|6
|gen|9
|tier|[Gen 9] OU
|rated|
|rule|HP Percentage Mod: HP is shown in percentages
|rule|Endless Battle Clause: Forcing endless battles is banned
|rule|Species Clause: Limit one of each Pokémon
|rule|OHKO Clause: OHKO moves are banned
|rule|Evasion Items Clause: Evasion items are banned
|rule|Evasion Moves Clause: Evasion moves are banned
|rule|Sleep Moves Clause: Sleep-inducing moves are banned
|clearpoke
|poke|p1|Okidogi, M|
|poke|p1|Raging Bolt|
|poke|p1|Kingambit, M|
|poke|p1|Serperior, M|
|poke|p1|Skeledirge, F|
|poke|p1|Clodsire, F|
|poke|p2|Alomomola, F|
|poke|p2|Blissey, F|
|poke|p2|Weavile, M|
|poke|p2|Toxapex, M|
|poke|p2|Avalugg, M|
|poke|p2|Hydrapple, F|
|teampreview
|
|t:|1743843707
|start
|switch|p1a: Serperior|Serperior, M, shiny|100/100
|switch|p2a: Weavile|Weavile, M|100/100
|turn|1
|
|t:|1743843715
|switch|p1a: Kingambit|Kingambit, M, shiny|100/100
|move|p2a: Weavile|Knock Off|p1a: Kingambit
|-resisted|p1a: Kingambit
|-damage|p1a: Kingambit|80/100
|-enditem|p1a: Kingambit|Leftovers|[from] move: Knock Off|[of] p2a: Weavile
|
|upkeep
|turn|2
|
|t:|1743843726
|move|p2a: Weavile|Brick Break|p1a: Kingambit
|-supereffective|p1a: Kingambit
|-damage|p1a: Kingambit|0 fnt
|faint|p1a: Kingambit
|-end|p1a: Kingambit|fallenundefined|[silent]
|
|upkeep
|
|t:|1743843733
|switch|p1a: Okidogi|Okidogi, M|100/100
|turn|3
|
|t:|1743843744
|switch|p2a: Avalugg|Avalugg, M|100/100
|move|p1a: Okidogi|Bulk Up|p1a: Okidogi
|-boost|p1a: Okidogi|atk|1
|-boost|p1a: Okidogi|def|1
|
|upkeep
|turn|4
|
|t:|1743843753
|move|p1a: Okidogi|Drain Punch|p2a: Avalugg
|-supereffective|p2a: Avalugg
|-damage|p2a: Avalugg|59/100
|move|p2a: Avalugg|Iron Defense|p2a: Avalugg
|-boost|p2a: Avalugg|def|2
|
|-heal|p2a: Avalugg|65/100|[from] item: Leftovers
|upkeep
|turn|5
|
|t:|1743843764
|move|p1a: Okidogi|Bulk Up|p1a: Okidogi
|-boost|p1a: Okidogi|atk|1
|-boost|p1a: Okidogi|def|1
|move|p2a: Avalugg|Recover|p2a: Avalugg
|-heal|p2a: Avalugg|100/100
|
|upkeep
|turn|6
|
|t:|1743843771
|move|p1a: Okidogi|Bulk Up|p1a: Okidogi
|-boost|p1a: Okidogi|atk|1
|-boost|p1a: Okidogi|def|1
|move|p2a: Avalugg|Iron Defense|p2a: Avalugg
|-boost|p2a: Avalugg|def|2
|
|upkeep
|turn|7
|
|t:|1743843780
|move|p1a: Okidogi|Bulk Up|p1a: Okidogi
|-boost|p1a: Okidogi|atk|1
|-boost|p1a: Okidogi|def|1
|move|p2a: Avalugg|Iron Defense|p2a: Avalugg
|-boost|p2a: Avalugg|def|2
|
|upkeep
|turn|8
|
|t:|1743843787
|move|p1a: Okidogi|Bulk Up|p1a: Okidogi
|-boost|p1a: Okidogi|atk|1
|-boost|p1a: Okidogi|def|1
|move|p2a: Avalugg|Body Press|p1a: Okidogi
|-resisted|p1a: Okidogi
|-crit|p1a: Okidogi
|-damage|p1a: Okidogi|12/100
|
|-heal|p1a: Okidogi|18/100|[from] item: Leftovers
|upkeep
|turn|9
|
|t:|1743843801
|move|p1a: Okidogi|Drain Punch|p2a: Avalugg
|-supereffective|p2a: Avalugg
|-damage|p2a: Avalugg|79/100
|-heal|p1a: Okidogi|29/100|[from] drain|[of] p2a: Avalugg
|move|p2a: Avalugg|Body Press|p1a: Okidogi
|-resisted|p1a: Okidogi
|-damage|p1a: Okidogi|12/100
|
|-heal|p1a: Okidogi|18/100|[from] item: Leftovers
|-heal|p2a: Avalugg|85/100|[from] item: Leftovers
|upkeep
|turn|10
|
|t:|1743843813
|move|p1a: Okidogi|Drain Punch|p2a: Avalugg
|-supereffective|p2a: Avalugg
|-damage|p2a: Avalugg|62/100
|-heal|p1a: Okidogi|30/100|[from] drain|[of] p2a: Avalugg
|move|p2a: Avalugg|Body Press|p1a: Okidogi
|-resisted|p1a: Okidogi
|-damage|p1a: Okidogi|13/100
|
|-heal|p1a: Okidogi|19/100|[from] item: Leftovers
|-heal|p2a: Avalugg|68/100|[from] item: Leftovers
|upkeep
|turn|11
|
|t:|1743843825
|move|p1a: Okidogi|Drain Punch|p2a: Avalugg
|-supereffective|p2a: Avalugg
|-damage|p2a: Avalugg|45/100
|-heal|p1a: Okidogi|32/100|[from] drain|[of] p2a: Avalugg
|move|p2a: Avalugg|Body Press|p1a: Okidogi
|-resisted|p1a: Okidogi
|-crit|p1a: Okidogi
|-damage|p1a: Okidogi|0 fnt
|faint|p1a: Okidogi
|
|-heal|p2a: Avalugg|51/100|[from] item: Leftovers
|upkeep
|-message|usuario 33 forfeited.
|
|win|zxhdds
|raw|usuario 33's rating: 1122 &rarr; <strong>1095</strong><br />(-27 for losing)
|raw|zxhdds's rating: 1093 &rarr; <strong>1121</strong><br />(+28 for winning)
|l|☆usuario 33
|player|p1|
|l|☆zxhdds
|player|p2|
