|j|☆Bronzong72
|j|☆roherto
|t:|1743871944
|gametype|singles
|player|p1|Bronzong72|falkner|1360
|player|p2|roherto|hilbert|1355
|teamsize|p1|6
|teamsize|p2|6
|gen|9
|tier|[Gen 9] OU
|rated|
|rule|HP Percentage Mod: HP is shown in percentages
|rule|Endless Battle Clause: Forcing endless battles is banned
|rule|Species Clause: Limit one of each Pokémon
|rule|OHKO Clause: OHKO moves are banned
|rule|Evasion Items Clause: Evasion items are banned
|rule|Evasion Moves Clause: Evasion moves are banned
|rule|Sleep Moves Clause: Sleep-inducing moves are banned
|clearpoke
|poke|p1|Dachsbun, M|
|poke|p1|Meowscarada, F|
|poke|p1|Cinderace, M|
|poke|p1|Glimmora, M|
|poke|p1|Gholdengo|
|poke|p1|Zapdos|
|poke|p2|Dragonite, F|
|poke|p2|Donphan, M|
|poke|p2|Hatterene, F|
|poke|p2|Gholdengo|
|poke|p2|Rotom-Wash|
|poke|p2|Blaziken, M|
|teampreview
|inactive|Battle timer is ON: inactive players will automatically lose when time's up. (requested by Bronzong72)
|
|t:|1743871950
|start
|switch|p1a: Laura|Meowscarada, F|100/100
|switch|p2a: Blaziken|Blaziken, M|100/100
|turn|1
|
|t:|1743871955
|move|p2a: Blaziken|Protect|p2a: Blaziken
|-singleturn|p2a: Blaziken|Protect
|move|p1a: Laura|U-turn|p2a: Blaziken
|-start|p1a: Laura|typechange|Bug|[from] ability: Protean
|-activate|p2a: Blaziken|move: Protect
|
|-ability|p2a: Blaziken|Speed Boost|boost
|-boost|p2a: Blaziken|spe|1
|upkeep
|turn|2
|
|t:|1743871965
|switch|p1a: Jalebi|Dachsbun, M|100/100
|move|p2a: Blaziken|Swords Dance|p2a: Blaziken
|-boost|p2a: Blaziken|atk|2
|
|-ability|p2a: Blaziken|Speed Boost|boost
|-boost|p2a: Blaziken|spe|1
|upkeep
|turn|3
|inactive|roherto has 120 seconds left.
|
|t:|1743872001
|move|p2a: Blaziken|Close Combat|p1a: Jalebi
|-resisted|p1a: Jalebi
|-damage|p1a: Jalebi|46/100
|-unboost|p2a: Blaziken|def|1
|-unboost|p2a: Blaziken|spd|1
|-damage|p2a: Blaziken|84/100|[from] item: Rocky Helmet|[of] p1a: Jalebi
|-damage|p2a: Blaziken|74/100|[from] item: Life Orb
|move|p1a: Jalebi|Wish|p1a: Jalebi
|
|-ability|p2a: Blaziken|Speed Boost|boost
|-boost|p2a: Blaziken|spe|1
|upkeep
|turn|4
|inactive|roherto has 120 seconds left.
|
|t:|1743872013
|move|p1a: Jalebi|Protect|p1a: Jalebi
|-singleturn|p1a: Jalebi|Protect
|move|p2a: Blaziken|Close Combat|p1a: Jalebi
|-activate|p1a: Jalebi|move: Protect
|
|-heal|p1a: Jalebi|96/100|[from] move: Wish|[wisher] Jalebi
|-ability|p2a: Blaziken|Speed Boost|boost
|-boost|p2a: Blaziken|spe|1
|upkeep
|turn|5
|
|t:|1743872017
|move|p2a: Blaziken|Close Combat|p1a: Jalebi
|-resisted|p1a: Jalebi
|-damage|p1a: Jalebi|41/100
|-unboost|p2a: Blaziken|def|1
|-unboost|p2a: Blaziken|spd|1
|-damage|p2a: Blaziken|57/100|[from] item: Rocky Helmet|[of] p1a: Jalebi
|-damage|p2a: Blaziken|47/100|[from] item: Life Orb
|move|p1a: Jalebi|Body Press|p2a: Blaziken
|-damage|p2a: Blaziken|0 fnt
|faint|p2a: Blaziken
|
|upkeep
|
|t:|1743872027
|switch|p2a: Dragonite|Dragonite, F|100/100
|turn|6
|
|t:|1743872032
|move|p2a: Dragonite|Dragon Dance|p2a: Dragonite
|-boost|p2a: Dragonite|atk|1
|-boost|p2a: Dragonite|spe|1
|move|p1a: Jalebi|Roar|p2a: Dragonite
|drag|p2a: Gholdengo|Gholdengo|100/100
|
|upkeep
|turn|7
|
|t:|1743872042
|switch|p1a: Sprinkles|Zapdos|100/100
|move|p2a: Gholdengo|Shadow Ball|p1a: Sprinkles
|-damage|p1a: Sprinkles|60/100
|
|-heal|p1a: Sprinkles|66/100|[from] item: Leftovers
|upkeep
|turn|8
|
|t:|1743872046
|move|p2a: Gholdengo|Shadow Ball|p1a: Sprinkles
|-damage|p1a: Sprinkles|26/100
|move|p1a: Sprinkles|Heat Wave|p2a: Gholdengo
|-supereffective|p2a: Gholdengo
|-damage|p2a: Gholdengo|12/100
|-status|p2a: Gholdengo|brn
|
|-heal|p1a: Sprinkles|33/100|[from] item: Leftovers
|-damage|p2a: Gholdengo|6/100 brn|[from] brn
|upkeep
|turn|9
|
|t:|1743872058
|switch|p1a: Laura|Meowscarada, F|100/100
|move|p2a: Gholdengo|Shadow Ball|p1a: Laura
|-resisted|p1a: Laura
|-crit|p1a: Laura
|-damage|p1a: Laura|51/100
|
|-damage|p2a: Gholdengo|0 fnt|[from] brn
|faint|p2a: Gholdengo
|upkeep
|
|t:|1743872073
|switch|p2a: Hatterene|Hatterene, F|100/100
|turn|10
|
|t:|1743872077
|move|p1a: Laura|U-turn|p2a: Hatterene
|-start|p1a: Laura|typechange|Bug|[from] ability: Protean
|-damage|p2a: Hatterene|63/100
|
|t:|1743872082
|switch|p1a: Sprinkles|Zapdos|33/100|[from] U-turn
|move|p2a: Hatterene|Nuzzle|p1a: Sprinkles
|-damage|p1a: Sprinkles|29/100
|
|-heal|p1a: Sprinkles|35/100|[from] item: Leftovers
|-heal|p2a: Hatterene|69/100|[from] item: Leftovers
|upkeep
|turn|11
|
|t:|1743872087
|move|p1a: Sprinkles|Roost|p1a: Sprinkles
|-heal|p1a: Sprinkles|85/100
|-singleturn|p1a: Sprinkles|move: Roost
|move|p2a: Hatterene|Draining Kiss|p1a: Sprinkles
|-damage|p1a: Sprinkles|63/100
|-heal|p2a: Hatterene|89/100|[from] drain|[of] p1a: Sprinkles
|
|-heal|p1a: Sprinkles|69/100|[from] item: Leftovers
|-heal|p2a: Hatterene|95/100|[from] item: Leftovers
|upkeep
|turn|12
|
|t:|1743872097
|move|p1a: Sprinkles|Thunderbolt|p2a: Hatterene
|-damage|p2a: Hatterene|39/100
|move|p2a: Hatterene|Calm Mind|p2a: Hatterene
|-boost|p2a: Hatterene|spa|1
|-boost|p2a: Hatterene|spd|1
|
|-heal|p1a: Sprinkles|75/100|[from] item: Leftovers
|-heal|p2a: Hatterene|45/100|[from] item: Leftovers
|upkeep
|turn|13
|
|t:|1743872101
|move|p1a: Sprinkles|Thunderbolt|p2a: Hatterene
|-damage|p2a: Hatterene|12/100
|move|p2a: Hatterene|Draining Kiss|p1a: Sprinkles
|-damage|p1a: Sprinkles|44/100
|-heal|p2a: Hatterene|40/100|[from] drain|[of] p1a: Sprinkles
|-status|p2a: Hatterene|par|[from] ability: Static|[of] p1a: Sprinkles
|
|-heal|p1a: Sprinkles|50/100|[from] item: Leftovers
|-heal|p2a: Hatterene|46/100 par|[from] item: Leftovers
|upkeep
|turn|14
|
|t:|1743872109
|move|p1a: Sprinkles|Thunderbolt|p2a: Hatterene
|-damage|p2a: Hatterene|11/100 par
|move|p2a: Hatterene|Draining Kiss|p1a: Sprinkles
|-damage|p1a: Sprinkles|19/100
|-heal|p2a: Hatterene|40/100 par|[from] drain|[of] p1a: Sprinkles
|
|-heal|p1a: Sprinkles|25/100|[from] item: Leftovers
|-heal|p2a: Hatterene|46/100 par|[from] item: Leftovers
|upkeep
|turn|15
|
|t:|1743872119
|move|p1a: Sprinkles|Roost|p1a: Sprinkles
|-heal|p1a: Sprinkles|75/100
|-singleturn|p1a: Sprinkles|move: Roost
|move|p2a: Hatterene|Draining Kiss|p1a: Sprinkles
|-damage|p1a: Sprinkles|45/100
|-heal|p2a: Hatterene|73/100 par|[from] drain|[of] p1a: Sprinkles
|
|-heal|p1a: Sprinkles|51/100|[from] item: Leftovers
|-heal|p2a: Hatterene|79/100 par|[from] item: Leftovers
|upkeep
|turn|16
|
|t:|1743872125
|move|p1a: Sprinkles|U-turn|p2a: Hatterene
|-damage|p2a: Hatterene|67/100 par
|
|t:|1743872128
|switch|p1a: Florian|Glimmora, M|100/100|[from] U-turn
|move|p2a: Hatterene|Psychic Noise|p1a: Florian
|-supereffective|p1a: Florian
|-damage|p1a: Florian|0 fnt
|faint|p1a: Florian
|
|-heal|p2a: Hatterene|73/100 par|[from] item: Leftovers
|upkeep
|
|t:|1743872131
|switch|p1a: Ronaldo|Gholdengo|100/100
|-item|p1a: Ronaldo|Air Balloon
|turn|17
|
|t:|1743872139
|move|p1a: Ronaldo|Nasty Plot|p1a: Ronaldo
|-boost|p1a: Ronaldo|spa|2
|move|p2a: Hatterene|Nuzzle|p1a: Ronaldo
|-damage|p1a: Ronaldo|97/100
|-status|p1a: Ronaldo|par
|-enditem|p1a: Ronaldo|Air Balloon
|
|-heal|p2a: Hatterene|79/100 par|[from] item: Leftovers
|upkeep
|turn|18
|
|t:|1743872165
|switch|p2a: Rotom|Rotom-Wash|100/100
|move|p1a: Ronaldo|Make It Rain|p2a: Rotom
|-resisted|p2a: Rotom
|-damage|p2a: Rotom|62/100
|-unboost|p1a: Ronaldo|spa|1
|
|-heal|p2a: Rotom|68/100|[from] item: Leftovers
|upkeep
|turn|19
|
|t:|1743872169
|move|p2a: Rotom|Pain Split|p1a: Ronaldo
|-immune|p1a: Ronaldo|[from] ability: Good as Gold
|cant|p1a: Ronaldo|par
|
|-heal|p2a: Rotom|75/100|[from] item: Leftovers
|upkeep
|turn|20
|
|t:|1743872178
|move|p2a: Rotom|Volt Switch|p1a: Ronaldo
|-damage|p1a: Ronaldo|71/100 par
|
|t:|1743872183
|switch|p2a: Donphan|Donphan, M|100/100|[from] Volt Switch
|cant|p1a: Ronaldo|par
|
|upkeep
|turn|21
|-message|Bronzong72 forfeited.
|
|win|roherto
|raw|Bronzong72's rating: 1360 &rarr; <strong>1340</strong><br />(-20 for losing)
|raw|roherto's rating: 1355 &rarr; <strong>1375</strong><br />(+20 for winning)
|l|☆Bronzong72
|player|p1|
|l|☆roherto
|player|p2|
