|j|☆therealcwill
|j|☆kldkmd
|t:|1743915970
|gametype|singles
|player|p1|therealcwill|roxie|1099
|player|p2|kldkmd|dawn-gen4pt|1161
|teamsize|p1|6
|teamsize|p2|6
|gen|9
|tier|[Gen 9] OU
|rated|
|rule|HP Percentage Mod: HP is shown in percentages
|rule|Endless Battle Clause: Forcing endless battles is banned
|rule|Species Clause: Limit one of each Pokémon
|rule|OHKO Clause: OHKO moves are banned
|rule|Evasion Items Clause: Evasion items are banned
|rule|Evasion Moves Clause: Evasion moves are banned
|rule|Sleep Moves Clause: Sleep-inducing moves are banned
|clearpoke
|poke|p1|Torkoal, F|
|poke|p1|Walking Wake|
|poke|p1|Hatterene, F|
|poke|p1|Great Tusk|
|poke|p1|Venusaur, F|
|poke|p1|Raging Bolt|
|poke|p2|Pelipper, M|
|poke|p2|Barraskewda, M|
|poke|p2|Greninja-*, M|
|poke|p2|Goodra-Hisui, F|
|poke|p2|Gastrodon-East, F|
|poke|p2|Weezing-Galar, M|
|teampreview
|inactive|Battle timer is ON: inactive players will automatically lose when time's up. (requested by therealcwill)
|
|t:|1743916009
|start
|switch|p1a: Torkoal|Torkoal, F|100/100
|switch|p2a: 3|Weezing-Galar, M|100/100
|-weather|SunnyDay|[from] ability: Drought|[of] p1a: Torkoal
|turn|1
|
|t:|1743916020
|switch|p2a: 13.|Pelipper, M|100/100
|-weather|RainDance|[from] ability: Drizzle|[of] p2a: 13.
|move|p1a: Torkoal|Stealth Rock|p2a: 13.
|-sidestart|p2: kldkmd|move: Stealth Rock
|
|-weather|RainDance|[upkeep]
|upkeep
|turn|2
|
|t:|1743916038
|switch|p1a: Raging Bolt|Raging Bolt|100/100
|-enditem|p1a: Raging Bolt|Booster Energy
|-activate|p1a: Raging Bolt|ability: Protosynthesis|[fromitem]
|-start|p1a: Raging Bolt|protosynthesisspa
|move|p2a: 13.|U-turn|p1a: Raging Bolt
|-damage|p1a: Raging Bolt|92/100
|
|t:|1743916045
|switch|p2a: 3|Weezing-Galar, M|100/100|[from] U-turn
|-damage|p2a: 3|88/100|[from] Stealth Rock
|
|-weather|RainDance|[upkeep]
|-heal|p2a: 3|94/100|[from] item: Leftovers
|upkeep
|turn|3
|inactive|therealcwill has 120 seconds left.
|
|t:|1743916080
|-terastallize|p1a: Raging Bolt|Fairy
|move|p1a: Raging Bolt|Thunderclap||[still]
|-fail|p1a: Raging Bolt
|move|p2a: 3|Defog|p1a: Raging Bolt
|-unboost|p1a: Raging Bolt|evasion|1
|-sideend|p2: kldkmd|Stealth Rock|[from] move: Defog|[of] p2a: 3
|
|-weather|RainDance|[upkeep]
|-heal|p2a: 3|99/100|[from] item: Leftovers
|upkeep
|turn|4
|inactive|therealcwill has 120 seconds left.
|inactive|kldkmd has 120 seconds left.
|
|t:|1743916112
|switch|p2a: 4+|Gastrodon-East, F|100/100
|move|p1a: Raging Bolt|Calm Mind|p1a: Raging Bolt
|-boost|p1a: Raging Bolt|spa|1
|-boost|p1a: Raging Bolt|spd|1
|
|-weather|RainDance|[upkeep]
|upkeep
|turn|5
|inactive|therealcwill has 120 seconds left.
|
|t:|1743916119
|move|p1a: Raging Bolt|Thunderclap|p2a: 4+
|-immune|p2a: 4+
|move|p2a: 4+|Surf|p1a: Raging Bolt
|-damage|p1a: Raging Bolt|59/100
|
|-weather|RainDance|[upkeep]
|upkeep
|turn|6
|
|t:|1743916129
|move|p1a: Raging Bolt|Dragon Pulse|p2a: 4+
|-damage|p2a: 4+|34/100
|move|p2a: 4+|Surf|p1a: Raging Bolt
|-damage|p1a: Raging Bolt|29/100
|
|-weather|RainDance|[upkeep]
|-heal|p2a: 4+|40/100|[from] item: Leftovers
|upkeep
|turn|7
|
|t:|1743916136
|-end|p1a: Raging Bolt|Protosynthesis|[silent]
|switch|p1a: Torkoal|Torkoal, F|100/100
|-weather|SunnyDay|[from] ability: Drought|[of] p1a: Torkoal
|move|p2a: 4+|Protect||[still]
|-fail|p2a: 4+
|
|-weather|SunnyDay|[upkeep]
|-heal|p2a: 4+|47/100|[from] item: Leftovers
|upkeep
|turn|8
|
|t:|1743916158
|switch|p2a: 13.|Pelipper, M|100/100
|-weather|RainDance|[from] ability: Drizzle|[of] p2a: 13.
|switch|p1a: Walking Wake|Walking Wake|100/100
|
|-weather|RainDance|[upkeep]
|upkeep
|turn|9
|
|t:|1743916170
|switch|p2a: 3|Weezing-Galar, M|99/100
|move|p1a: Walking Wake|Hydro Steam|p2a: 3
|-damage|p2a: 3|0 fnt
|faint|p2a: 3
|
|-weather|RainDance|[upkeep]
|upkeep
|inactive|kldkmd has 120 seconds left.
|
|t:|1743916185
|switch|p2a: 27.-|Barraskewda, M|100/100
|turn|10
|
|t:|1743916202
|-end|p1a: Walking Wake|Protosynthesis|[silent]
|switch|p1a: Raging Bolt|Raging Bolt, tera:Fairy|29/100
|move|p2a: 27.-|Flip Turn|p1a: Raging Bolt
|-damage|p1a: Raging Bolt|0 fnt
|faint|p1a: Raging Bolt
|-end|p1a: Raging Bolt|Protosynthesis|[silent]
|inactive|kldkmd has 120 seconds left.
|
|t:|1743916216
|switch|p2a: 4+|Gastrodon-East, F|47/100|[from] Flip Turn
|
|-weather|RainDance|[upkeep]
|-heal|p2a: 4+|53/100|[from] item: Leftovers
|upkeep
|
|t:|1743916226
|switch|p1a: Venusaur|Venusaur, F|100/100
|turn|11
|
|t:|1743916235
|switch|p2a: 4|Goodra-Hisui, F|100/100
|move|p1a: Venusaur|Giga Drain|p2a: 4
|-ability|p2a: 4|Sap Sipper|boost
|-boost|p2a: 4|atk|1
|
|-weather|RainDance|[upkeep]
|upkeep
|turn|12
|
|t:|1743916262
|switch|p1a: Hatterene|Hatterene, F|100/100
|move|p2a: 4|Ice Beam|p1a: Hatterene
|-damage|p1a: Hatterene|66/100
|-enditem|p1a: Hatterene|Eject Button
|
|t:|1743916268
|switch|p1a: Torkoal|Torkoal, F|100/100
|-weather|SunnyDay|[from] ability: Drought|[of] p1a: Torkoal
|
|-weather|SunnyDay|[upkeep]
|upkeep
|turn|13
|
|t:|1743916282
|switch|p2a: 13.|Pelipper, M|100/100
|-weather|RainDance|[from] ability: Drizzle|[of] p2a: 13.
|switch|p1a: Walking Wake|Walking Wake|100/100
|
|-weather|RainDance|[upkeep]
|upkeep
|turn|14
|
|t:|1743916293
|switch|p2a: 4+|Gastrodon-East, F|53/100
|move|p1a: Walking Wake|Draco Meteor|p2a: 4+|[miss]
|-miss|p1a: Walking Wake|p2a: 4+
|
|-weather|RainDance|[upkeep]
|-heal|p2a: 4+|59/100|[from] item: Leftovers
|upkeep
|turn|15
|
|t:|1743916307
|-end|p1a: Walking Wake|Protosynthesis|[silent]
|switch|p1a: Great Tusk|Great Tusk|100/100
|-enditem|p1a: Great Tusk|Booster Energy
|-activate|p1a: Great Tusk|ability: Protosynthesis|[fromitem]
|-start|p1a: Great Tusk|protosynthesisspe
|move|p2a: 4+|Protect||[still]
|-fail|p2a: 4+
|
|-weather|RainDance|[upkeep]
|-heal|p2a: 4+|65/100|[from] item: Leftovers
|upkeep
|turn|16
|
|t:|1743916337
|move|p2a: 4+|Protect|p2a: 4+
|-singleturn|p2a: 4+|Protect
|move|p1a: Great Tusk|Ice Spinner|p2a: 4+
|-activate|p2a: 4+|move: Protect
|
|-weather|RainDance|[upkeep]
|-heal|p2a: 4+|72/100|[from] item: Leftovers
|upkeep
|turn|17
|
|t:|1743916343
|move|p1a: Great Tusk|Bulk Up|p1a: Great Tusk
|-boost|p1a: Great Tusk|atk|1
|-boost|p1a: Great Tusk|def|1
|move|p2a: 4+|Surf|p1a: Great Tusk
|-supereffective|p1a: Great Tusk
|-damage|p1a: Great Tusk|0 fnt
|faint|p1a: Great Tusk
|-end|p1a: Great Tusk|Protosynthesis|[silent]
|
|-weather|RainDance|[upkeep]
|-heal|p2a: 4+|78/100|[from] item: Leftovers
|upkeep
|
|t:|1743916353
|switch|p1a: Torkoal|Torkoal, F|100/100
|-weather|SunnyDay|[from] ability: Drought|[of] p1a: Torkoal
|turn|18
|
|t:|1743916365
|switch|p2a: 13.|Pelipper, M|100/100
|-weather|RainDance|[from] ability: Drizzle|[of] p2a: 13.
|switch|p1a: Venusaur|Venusaur, F|100/100
|
|-weather|RainDance|[upkeep]
|upkeep
|turn|19
|
|t:|1743916376
|move|p1a: Venusaur|Sludge Bomb|p2a: 13.
|-damage|p2a: 13.|33/100
|-damage|p1a: Venusaur|91/100|[from] item: Life Orb
|move|p2a: 13.|Hurricane|p1a: Venusaur
|-supereffective|p1a: Venusaur
|-damage|p1a: Venusaur|4/100
|
|-weather|RainDance|[upkeep]
|upkeep
|turn|20
|
|t:|1743916385
|switch|p1a: Hatterene|Hatterene, F|66/100
|switch|p2a: 4|Goodra-Hisui, F|100/100
|
|-weather|RainDance|[upkeep]
|upkeep
|turn|21
|
|t:|1743916413
|move|p2a: 4|Flash Cannon|p1a: Hatterene
|-supereffective|p1a: Hatterene
|-damage|p1a: Hatterene|0 fnt
|faint|p1a: Hatterene
|
|-weather|RainDance|[upkeep]
|upkeep
|
|t:|1743916420
|switch|p1a: Torkoal|Torkoal, F|100/100
|-weather|SunnyDay|[from] ability: Drought|[of] p1a: Torkoal
|turn|22
|
|t:|1743916445
|switch|p2a: 75|Greninja, M|100/100
|move|p1a: Torkoal|Stealth Rock|p2a: 75
|-sidestart|p2: kldkmd|move: Stealth Rock
|
|-weather|SunnyDay|[upkeep]
|upkeep
|turn|23
|inactive|therealcwill has 120 seconds left.
|
|t:|1743916461
|switch|p1a: Walking Wake|Walking Wake|100/100
|-activate|p1a: Walking Wake|ability: Protosynthesis
|-start|p1a: Walking Wake|protosynthesisspa
|move|p2a: 75|Dark Pulse|p1a: Walking Wake
|-damage|p1a: Walking Wake|57/100
|
|-weather|SunnyDay|[upkeep]
|upkeep
|turn|24
|inactive|therealcwill has 120 seconds left.
|
|t:|1743916472
|move|p2a: 75|Dark Pulse|p1a: Walking Wake
|-damage|p1a: Walking Wake|17/100
|move|p1a: Walking Wake|Draco Meteor|p2a: 75
|-enditem|p2a: 75|Focus Sash
|-damage|p2a: 75|1/100
|-unboost|p1a: Walking Wake|spa|2
|
|-weather|SunnyDay|[upkeep]
|upkeep
|turn|25
|inactive|therealcwill has 120 seconds left.
|
|t:|1743916483
|-end|p1a: Walking Wake|Protosynthesis|[silent]
|switch|p1a: Torkoal|Torkoal, F|100/100
|move|p2a: 75|Dark Pulse|p1a: Torkoal
|-damage|p1a: Torkoal|57/100
|
|-weather|SunnyDay|[upkeep]
|upkeep
|turn|26
|
|t:|1743916492
|move|p2a: 75|Hydro Cannon|p1a: Torkoal
|-supereffective|p1a: Torkoal
|-damage|p1a: Torkoal|0 fnt
|-mustrecharge|p2a: 75
|faint|p1a: Torkoal
|-ability|p2a: 75|Battle Bond|boost
|-boost|p2a: 75|atk|1
|-boost|p2a: 75|spa|1
|-boost|p2a: 75|spe|1
|-activate|p2a: 75|ability: Battle Bond
|
|-weather|SunnyDay|[upkeep]
|upkeep
|
|t:|1743916499
|switch|p1a: Venusaur|Venusaur, F|4/100
|turn|27
|
|t:|1743916502
|move|p1a: Venusaur|Giga Drain|p2a: 75
|-supereffective|p2a: 75
|-damage|p2a: 75|0 fnt
|-heal|p1a: Venusaur|4/100|[from] drain|[of] p2a: 75
|faint|p2a: 75
|-damage|p1a: Venusaur|0 fnt|[from] item: Life Orb
|faint|p1a: Venusaur
|
|-weather|SunnyDay|[upkeep]
|upkeep
|
|t:|1743916512
|switch|p2a: 27.-|Barraskewda, M|100/100
|switch|p1a: Walking Wake|Walking Wake|17/100
|-damage|p2a: 27.-|88/100|[from] Stealth Rock
|-activate|p1a: Walking Wake|ability: Protosynthesis
|-start|p1a: Walking Wake|protosynthesisspa
|turn|28
|
|t:|1743916524
|-terastallize|p2a: 27.-|Water
|move|p2a: 27.-|Liquidation|p1a: Walking Wake
|-resisted|p1a: Walking Wake
|-damage|p1a: Walking Wake|6/100
|move|p1a: Walking Wake|Draco Meteor|p2a: 27.-
|-damage|p2a: 27.-|0 fnt
|-unboost|p1a: Walking Wake|spa|2
|faint|p2a: 27.-
|
|-weather|SunnyDay|[upkeep]
|upkeep
|
|t:|1743916533
|switch|p2a: 4|Goodra-Hisui, F|100/100
|-damage|p2a: 4|94/100|[from] Stealth Rock
|turn|29
|
|t:|1743916537
|move|p1a: Walking Wake|Draco Meteor|p2a: 4
|-damage|p2a: 4|69/100
|-unboost|p1a: Walking Wake|spa|2
|move|p2a: 4|Ice Beam|p1a: Walking Wake
|-crit|p1a: Walking Wake
|-damage|p1a: Walking Wake|0 fnt
|faint|p1a: Walking Wake
|-end|p1a: Walking Wake|Protosynthesis|[silent]
|
|win|kldkmd
|raw|therealcwill's rating: 1099 &rarr; <strong>1079</strong><br />(-20 for losing)
|raw|kldkmd's rating: 1161 &rarr; <strong>1182</strong><br />(+21 for winning)
|l|☆therealcwill
|player|p1|
|l|☆kldkmd
|player|p2|
