|j|☆tsg lover
|j|☆perequinn
|t:|1743907173
|gametype|singles
|player|p1|tsg lover|266|1045
|player|p2|perequinn|170|1050
|teamsize|p1|6
|teamsize|p2|6
|gen|9
|tier|[Gen 9] OU
|rated|
|rule|HP Percentage Mod: HP is shown in percentages
|rule|Endless Battle Clause: Forcing endless battles is banned
|rule|Species Clause: Limit one of each Pokémon
|rule|OHKO Clause: OHKO moves are banned
|rule|Evasion Items Clause: Evasion items are banned
|rule|Evasion Moves Clause: Evasion moves are banned
|rule|Sleep Moves Clause: Sleep-inducing moves are banned
|clearpoke
|poke|p1|Latias, F|
|poke|p1|Zamazenta-*|
|poke|p1|Arcanine-Hisui, F|
|poke|p1|Umbreon, F|
|poke|p1|Corviknight, M|
|poke|p1|Darkrai|
|poke|p2|Dragapult, F|
|poke|p2|Kingambit, F|
|poke|p2|Hatterene, F|
|poke|p2|Quaquaval, F|
|poke|p2|Heracross, F|
|poke|p2|Gliscor, F|
|teampreview
|inactive|Battle timer is ON: inactive players will automatically lose when time's up. (requested by perequinn)
|
|t:|1743907187
|start
|switch|p1a: Corviknight|Corviknight, M|100/100
|switch|p2a: Gliscor|Gliscor, F, shiny|100/100
|turn|1
|
|t:|1743907196
|move|p2a: Gliscor|Harden|p2a: Gliscor
|-boost|p2a: Gliscor|def|1
|move|p1a: Corviknight|Brave Bird|p2a: Gliscor
|-damage|p2a: Gliscor|83/100
|-damage|p1a: Corviknight|95/100|[from] Recoil
|
|-status|p2a: Gliscor|tox|[from] item: Toxic Orb
|upkeep
|turn|2
|
|t:|1743907208
|move|p2a: Gliscor|Harden|p2a: Gliscor
|-boost|p2a: Gliscor|def|1
|move|p1a: Corviknight|Steel Beam|p2a: Gliscor
|-damage|p2a: Gliscor|50/100 tox
|-damage|p1a: Corviknight|45/100|[from] steelbeam
|
|-heal|p2a: Gliscor|63/100 tox|[from] ability: Poison Heal
|upkeep
|turn|3
|
|t:|1743907218
|move|p2a: Gliscor|Harden|p2a: Gliscor
|-boost|p2a: Gliscor|def|1
|move|p1a: Corviknight|Flash Cannon|p2a: Gliscor
|-damage|p2a: Gliscor|43/100 tox
|
|-heal|p2a: Gliscor|55/100 tox|[from] ability: Poison Heal
|upkeep
|turn|4
|
|t:|1743907229
|move|p2a: Gliscor|Harden|p2a: Gliscor
|-boost|p2a: Gliscor|def|1
|move|p1a: Corviknight|Iron Defense|p1a: Corviknight
|-boost|p1a: Corviknight|def|2
|
|-heal|p2a: Gliscor|68/100 tox|[from] ability: Poison Heal
|upkeep
|turn|5
|
|t:|1743907237
|move|p2a: Gliscor|Harden|p2a: Gliscor
|-boost|p2a: Gliscor|def|1
|move|p1a: Corviknight|Iron Defense|p1a: Corviknight
|-boost|p1a: Corviknight|def|2
|
|-heal|p2a: Gliscor|80/100 tox|[from] ability: Poison Heal
|upkeep
|turn|6
|
|t:|1743907246
|move|p2a: Gliscor|Harden|p2a: Gliscor
|-boost|p2a: Gliscor|def|1
|move|p1a: Corviknight|Iron Defense|p1a: Corviknight
|-boost|p1a: Corviknight|def|2
|
|-heal|p2a: Gliscor|93/100 tox|[from] ability: Poison Heal
|upkeep
|turn|7
|
|t:|1743907255
|move|p2a: Gliscor|Protect|p2a: Gliscor
|-singleturn|p2a: Gliscor|Protect
|move|p1a: Corviknight|Iron Defense|p1a: Corviknight
|-boost|p1a: Corviknight|def|0
|
|-heal|p2a: Gliscor|100/100 tox|[from] ability: Poison Heal
|upkeep
|turn|8
|
|t:|1743907264
|move|p2a: Gliscor|Toxic|p1a: Corviknight
|-immune|p1a: Corviknight
|move|p1a: Corviknight|Iron Defense|p1a: Corviknight
|-boost|p1a: Corviknight|def|0
|
|upkeep
|turn|9
|
|t:|1743907272
|move|p2a: Gliscor|Earthquake|p1a: Corviknight
|-immune|p1a: Corviknight
|move|p1a: Corviknight|Steel Beam|p2a: Gliscor
|-damage|p2a: Gliscor|63/100 tox
|-damage|p1a: Corviknight|0 fnt|[from] steelbeam
|faint|p1a: Corviknight
|
|-heal|p2a: Gliscor|76/100 tox|[from] ability: Poison Heal
|upkeep
|
|t:|1743907284
|switch|p1a: Umbreon|Umbreon, F|100/100
|turn|10
|
|t:|1743907288
|move|p2a: Gliscor|Toxic|p1a: Umbreon
|-status|p1a: Umbreon|tox
|-activate|p1a: Umbreon|ability: Synchronize
|-fail|p2a: Gliscor|tox
|move|p1a: Umbreon|Dark Pulse|p2a: Gliscor
|-damage|p2a: Gliscor|51/100 tox
|
|-heal|p2a: Gliscor|63/100 tox|[from] ability: Poison Heal
|-damage|p1a: Umbreon|94/100 tox|[from] psn
|upkeep
|turn|11
|
|t:|1743907302
|move|p2a: Gliscor|Earthquake|p1a: Umbreon
|-damage|p1a: Umbreon|68/100 tox
|move|p1a: Umbreon|Foul Play|p2a: Gliscor
|-damage|p2a: Gliscor|58/100 tox
|
|-heal|p2a: Gliscor|70/100 tox|[from] ability: Poison Heal
|-damage|p1a: Umbreon|55/100 tox|[from] psn
|upkeep
|turn|12
|
|t:|1743907314
|move|p2a: Gliscor|Earthquake|p1a: Umbreon
|-damage|p1a: Umbreon|29/100 tox
|move|p1a: Umbreon|Dark Pulse|p2a: Gliscor
|-damage|p2a: Gliscor|48/100 tox
|
|-heal|p2a: Gliscor|60/100 tox|[from] ability: Poison Heal
|-damage|p1a: Umbreon|11/100 tox|[from] psn
|upkeep
|turn|13
|
|t:|1743907326
|switch|p1a: Arcanine|Arcanine-Hisui, F|100/100
|move|p2a: Gliscor|Protect||[still]
|-fail|p2a: Gliscor
|
|-heal|p2a: Gliscor|73/100 tox|[from] ability: Poison Heal
|upkeep
|turn|14
|
|t:|1743907335
|move|p2a: Gliscor|Earthquake|p1a: Arcanine
|-supereffective|p1a: Arcanine
|-damage|p1a: Arcanine|0 fnt
|faint|p1a: Arcanine
|
|-heal|p2a: Gliscor|85/100 tox|[from] ability: Poison Heal
|upkeep
|
|t:|1743907343
|switch|p1a: Zamazenta|Zamazenta|100/100
|-ability|p1a: Zamazenta|Dauntless Shield|boost
|-boost|p1a: Zamazenta|def|1
|turn|15
|
|t:|1743907348
|move|p1a: Zamazenta|Close Combat|p2a: Gliscor
|-resisted|p2a: Gliscor
|-damage|p2a: Gliscor|81/100 tox
|-unboost|p1a: Zamazenta|def|1
|-unboost|p1a: Zamazenta|spd|1
|move|p2a: Gliscor|Toxic|p1a: Zamazenta
|-status|p1a: Zamazenta|tox
|
|-damage|p1a: Zamazenta|94/100 tox|[from] psn
|-heal|p2a: Gliscor|93/100 tox|[from] ability: Poison Heal
|upkeep
|turn|16
|
|t:|1743907361
|move|p1a: Zamazenta|Focus Blast|p2a: Gliscor|[miss]
|-miss|p1a: Zamazenta|p2a: Gliscor
|move|p2a: Gliscor|Earthquake|p1a: Zamazenta
|-damage|p1a: Zamazenta|71/100 tox
|
|-damage|p1a: Zamazenta|59/100 tox|[from] psn
|-heal|p2a: Gliscor|100/100 tox|[from] ability: Poison Heal
|upkeep
|turn|17
|
|t:|1743907372
|move|p1a: Zamazenta|Focus Blast|p2a: Gliscor
|-resisted|p2a: Gliscor
|-damage|p2a: Gliscor|77/100 tox
|move|p2a: Gliscor|Earthquake|p1a: Zamazenta
|-damage|p1a: Zamazenta|35/100 tox
|
|-damage|p1a: Zamazenta|17/100 tox|[from] psn
|-heal|p2a: Gliscor|89/100 tox|[from] ability: Poison Heal
|upkeep
|turn|18
|
|t:|1743907384
|move|p2a: Gliscor|Protect|p2a: Gliscor
|-singleturn|p2a: Gliscor|Protect
|move|p1a: Zamazenta|Brick Break|p2a: Gliscor
|-activate|p2a: Gliscor|move: Protect
|
|-damage|p1a: Zamazenta|0 fnt|[from] psn
|faint|p1a: Zamazenta
|-heal|p2a: Gliscor|100/100 tox|[from] ability: Poison Heal
|upkeep
|
|t:|1743907395
|switch|p1a: Latias|Latias, F|100/100
|turn|19
|
|t:|1743907407
|move|p1a: Latias|Draco Meteor|p2a: Gliscor
|-damage|p2a: Gliscor|39/100 tox
|-unboost|p1a: Latias|spa|2
|move|p2a: Gliscor|Toxic|p1a: Latias
|-status|p1a: Latias|tox
|
|-damage|p1a: Latias|94/100 tox|[from] psn
|-heal|p2a: Gliscor|52/100 tox|[from] ability: Poison Heal
|upkeep
|turn|20
|
|t:|1743907419
|move|p2a: Gliscor|Protect|p2a: Gliscor
|-singleturn|p2a: Gliscor|Protect
|move|p1a: Latias|Draco Meteor|p2a: Gliscor
|-activate|p2a: Gliscor|move: Protect
|
|-damage|p1a: Latias|82/100 tox|[from] psn
|-heal|p2a: Gliscor|64/100 tox|[from] ability: Poison Heal
|upkeep
|turn|21
|
|t:|1743907430
|move|p1a: Latias|Dragon Pulse|p2a: Gliscor
|-damage|p2a: Gliscor|43/100 tox
|move|p2a: Gliscor|Earthquake|p1a: Latias
|-immune|p1a: Latias|[from] ability: Levitate
|
|-damage|p1a: Latias|63/100 tox|[from] psn
|-heal|p2a: Gliscor|56/100 tox|[from] ability: Poison Heal
|upkeep
|turn|22
|
|t:|1743907441
|move|p2a: Gliscor|Protect|p2a: Gliscor
|-singleturn|p2a: Gliscor|Protect
|move|p1a: Latias|Dragon Pulse|p2a: Gliscor
|-activate|p2a: Gliscor|move: Protect
|
|-damage|p1a: Latias|38/100 tox|[from] psn
|-heal|p2a: Gliscor|68/100 tox|[from] ability: Poison Heal
|upkeep
|turn|23
|
|t:|1743907454
|move|p1a: Latias|Draco Meteor|p2a: Gliscor
|-damage|p2a: Gliscor|38/100 tox
|-unboost|p1a: Latias|spa|2
|move|p2a: Gliscor|Toxic|p1a: Latias
|-fail|p1a: Latias|tox
|
|-damage|p1a: Latias|7/100 tox|[from] psn
|-heal|p2a: Gliscor|50/100 tox|[from] ability: Poison Heal
|upkeep
|turn|24
|
|t:|1743907467
|move|p2a: Gliscor|Protect|p2a: Gliscor
|-singleturn|p2a: Gliscor|Protect
|move|p1a: Latias|Draco Meteor|p2a: Gliscor
|-activate|p2a: Gliscor|move: Protect
|
|-damage|p1a: Latias|0 fnt|[from] psn
|faint|p1a: Latias
|-heal|p2a: Gliscor|63/100 tox|[from] ability: Poison Heal
|upkeep
|
|t:|1743907478
|switch|p1a: Umbreon|Umbreon, F|11/100 tox
|turn|25
|
|t:|1743907485
|-terastallize|p1a: Umbreon|Dark
|move|p2a: Gliscor|Protect||[still]
|-fail|p2a: Gliscor
|move|p1a: Umbreon|Dark Pulse|p2a: Gliscor
|-damage|p2a: Gliscor|30/100 tox
|
|-heal|p2a: Gliscor|43/100 tox|[from] ability: Poison Heal
|-damage|p1a: Umbreon|5/100 tox|[from] psn
|upkeep
|turn|26
|
|t:|1743907499
|move|p2a: Gliscor|Protect|p2a: Gliscor
|-singleturn|p2a: Gliscor|Protect
|move|p1a: Umbreon|Crunch|p2a: Gliscor
|-activate|p2a: Gliscor|move: Protect
|
|-heal|p2a: Gliscor|55/100 tox|[from] ability: Poison Heal
|-damage|p1a: Umbreon|0 fnt|[from] psn
|faint|p1a: Umbreon
|upkeep
|
|t:|1743907509
|switch|p1a: Darkrai|Darkrai|100/100
|turn|27
|
|t:|1743907526
|move|p1a: Darkrai|Curse|p1a: Darkrai
|-unboost|p1a: Darkrai|spe|1
|-boost|p1a: Darkrai|atk|1
|-boost|p1a: Darkrai|def|1
|move|p2a: Gliscor|Toxic|p1a: Darkrai
|-status|p1a: Darkrai|tox
|
|-heal|p2a: Gliscor|68/100 tox|[from] ability: Poison Heal
|-damage|p1a: Darkrai|94/100 tox|[from] psn
|upkeep
|turn|28
|
|t:|1743907539
|move|p2a: Gliscor|Protect|p2a: Gliscor
|-singleturn|p2a: Gliscor|Protect
|move|p1a: Darkrai|Throat Chop|p2a: Gliscor
|-activate|p2a: Gliscor|move: Protect
|
|-heal|p2a: Gliscor|80/100 tox|[from] ability: Poison Heal
|-damage|p1a: Darkrai|82/100 tox|[from] psn
|upkeep
|turn|29
|
|t:|1743907551
|move|p2a: Gliscor|Earthquake|p1a: Darkrai
|-damage|p1a: Darkrai|60/100 tox
|move|p1a: Darkrai|Night Shade|p2a: Gliscor
|-damage|p2a: Gliscor|52/100 tox
|
|-heal|p2a: Gliscor|64/100 tox|[from] ability: Poison Heal
|-damage|p1a: Darkrai|42/100 tox|[from] psn
|upkeep
|turn|30
|
|t:|1743907572
|move|p2a: Gliscor|Protect|p2a: Gliscor
|-singleturn|p2a: Gliscor|Protect
|move|p1a: Darkrai|Hex|p2a: Gliscor
|-activate|p2a: Gliscor|move: Protect
|
|-heal|p2a: Gliscor|77/100 tox|[from] ability: Poison Heal
|-damage|p1a: Darkrai|18/100 tox|[from] psn
|upkeep
|turn|31
|inactive|perequinn has 120 seconds left.
|c|☆perequinn|Didnt think I could sweep with this gliscor set ngl
|
|t:|1743907595
|move|p2a: Gliscor|Earthquake|p1a: Darkrai
|-damage|p1a: Darkrai|0 fnt
|faint|p1a: Darkrai
|
|win|perequinn
|raw|tsg lover's rating: 1045 &rarr; <strong>1028</strong><br />(-17 for losing)
|raw|perequinn's rating: 1050 &rarr; <strong>1082</strong><br />(+32 for winning)
|c|☆perequinn|gg
|l|☆tsg lover
|player|p1|
