|j|☆Sawft n Wet
|j|☆Jeremymichel
|t:|1743887376
|gametype|singles
|player|p1|Sawft n Wet|102|1130
|player|p2|Jeremymichel|2|1072
|teamsize|p1|6
|teamsize|p2|6
|gen|9
|tier|[Gen 9] OU
|rated|
|rule|HP Percentage Mod: HP is shown in percentages
|rule|Endless Battle Clause: Forcing endless battles is banned
|rule|Species Clause: Limit one of each Pokémon
|rule|OHKO Clause: OHKO moves are banned
|rule|Evasion Items Clause: Evasion items are banned
|rule|Evasion Moves Clause: Evasion moves are banned
|rule|Sleep Moves Clause: Sleep-inducing moves are banned
|clearpoke
|poke|p1|Pelipper, M|
|poke|p1|Qwilfish, F|
|poke|p1|Zapdos|
|poke|p1|Kingdra, M|
|poke|p1|Floatzel, M|
|poke|p1|Swampert, F|
|poke|p2|Torkoal, M|
|poke|p2|Hatterene, F|
|poke|p2|Great Tusk|
|poke|p2|Walking Wake|
|poke|p2|Lilligant-Hisui, F|
|poke|p2|Whimsicott, M|
|teampreview
|
|t:|1743887384
|start
|switch|p1a: PREP PHASE|Pelipper, M, shiny|100/100
|switch|p2a: Torkoal|Torkoal, M|100/100
|-weather|RainDance|[from] ability: Drizzle|[of] p1a: PREP PHASE
|-weather|SunnyDay|[from] ability: Drought|[of] p2a: Torkoal
|turn|1
|
|t:|1743887392
|move|p1a: PREP PHASE|Knock Off|p2a: Torkoal
|-damage|p2a: Torkoal|91/100
|-enditem|p2a: Torkoal|Heat Rock|[from] move: Knock Off|[of] p1a: PREP PHASE
|move|p2a: Torkoal|Solar Beam||[still]
|-prepare|p2a: Torkoal|Solar Beam
|-anim|p2a: Torkoal|Solar Beam|p1a: PREP PHASE
|-damage|p1a: PREP PHASE|54/100
|
|-weather|SunnyDay|[upkeep]
|upkeep
|turn|2
|
|t:|1743887406
|move|p1a: PREP PHASE|U-turn|p2a: Torkoal
|-resisted|p2a: Torkoal
|-damage|p2a: Torkoal|87/100
|
|t:|1743887422
|switch|p1a: Mrs. Puff|Qwilfish, F, shiny|100/100|[from] U-turn
|move|p2a: Torkoal|Solar Beam||[still]
|-prepare|p2a: Torkoal|Solar Beam
|-anim|p2a: Torkoal|Solar Beam|p1a: Mrs. Puff
|-damage|p1a: Mrs. Puff|35/100
|
|-weather|SunnyDay|[upkeep]
|upkeep
|turn|3
|
|t:|1743887457
|switch|p2a: Walking Wake|Walking Wake|100/100
|-activate|p2a: Walking Wake|ability: Protosynthesis
|-start|p2a: Walking Wake|protosynthesisspe
|move|p1a: Mrs. Puff|Destiny Bond|p1a: Mrs. Puff
|-singlemove|p1a: Mrs. Puff|Destiny Bond
|
|-weather|SunnyDay|[upkeep]
|upkeep
|turn|4
|
|t:|1743887472
|-end|p2a: Walking Wake|Protosynthesis|[silent]
|switch|p2a: Whimsicott|Whimsicott, M|100/100
|move|p1a: Mrs. Puff|Rain Dance|p1a: Mrs. Puff
|-weather|RainDance
|
|-weather|RainDance|[upkeep]
|upkeep
|turn|5
|
|t:|1743887479
|move|p2a: Whimsicott|Encore|p1a: Mrs. Puff
|-start|p1a: Mrs. Puff|Encore
|move|p1a: Mrs. Puff|Rain Dance||[still]
|-fail|p1a: Mrs. Puff
|
|-weather|RainDance|[upkeep]
|upkeep
|turn|6
|
|t:|1743887492
|switch|p1a: PREP PHASE|Pelipper, M, shiny|54/100
|move|p2a: Whimsicott|Leech Seed|p1a: PREP PHASE
|-start|p1a: PREP PHASE|move: Leech Seed
|
|-weather|RainDance|[upkeep]
|-damage|p1a: PREP PHASE|42/100|[from] Leech Seed|[of] p2a: Whimsicott
|upkeep
|turn|7
|
|t:|1743887505
|-terastallize|p2a: Whimsicott|Steel
|move|p2a: Whimsicott|Substitute|p2a: Whimsicott
|-start|p2a: Whimsicott|Substitute
|-damage|p2a: Whimsicott|76/100
|move|p1a: PREP PHASE|Hurricane|p2a: Whimsicott
|-resisted|p2a: Whimsicott
|-end|p2a: Whimsicott|Substitute
|
|-weather|RainDance|[upkeep]
|-heal|p2a: Whimsicott|82/100|[from] item: Leftovers
|-damage|p1a: PREP PHASE|30/100|[from] Leech Seed|[of] p2a: Whimsicott
|-heal|p2a: Whimsicott|94/100|[silent]
|upkeep
|turn|8
|
|t:|1743887535
|move|p2a: Whimsicott|Substitute|p2a: Whimsicott
|-start|p2a: Whimsicott|Substitute
|-damage|p2a: Whimsicott|70/100
|move|p1a: PREP PHASE|U-turn|p2a: Whimsicott
|-resisted|p2a: Whimsicott
|-activate|p2a: Whimsicott|move: Substitute|[damage]
|
|t:|1743887538
|switch|p1a: Guppy|Swampert, F|100/100|[from] U-turn
|
|-weather|RainDance|[upkeep]
|-heal|p2a: Whimsicott|76/100|[from] item: Leftovers
|upkeep
|turn|9
|
|t:|1743887554
|move|p2a: Whimsicott|Leech Seed|p1a: Guppy
|-start|p1a: Guppy|move: Leech Seed
|move|p1a: Guppy|Stealth Rock|p2a: Whimsicott
|-sidestart|p2: Jeremymichel|move: Stealth Rock
|
|-weather|RainDance|[upkeep]
|-heal|p2a: Whimsicott|82/100|[from] item: Leftovers
|-damage|p1a: Guppy|88/100|[from] Leech Seed|[of] p2a: Whimsicott
|-heal|p2a: Whimsicott|97/100|[silent]
|upkeep
|turn|10
|
|t:|1743887562
|move|p2a: Whimsicott|Encore|p1a: Guppy
|-start|p1a: Guppy|Encore
|move|p1a: Guppy|Stealth Rock||[still]
|-fail|p1a: Guppy
|
|-weather|RainDance|[upkeep]
|-heal|p2a: Whimsicott|100/100|[from] item: Leftovers
|-damage|p1a: Guppy|76/100|[from] Leech Seed|[of] p2a: Whimsicott
|upkeep
|turn|11
|
|t:|1743887575
|move|p2a: Whimsicott|Moonblast|p1a: Guppy
|-damage|p1a: Guppy|50/100
|-unboost|p1a: Guppy|spa|1
|move|p1a: Guppy|Stealth Rock||[still]
|-fail|p1a: Guppy
|
|-weather|none
|-damage|p1a: Guppy|37/100|[from] Leech Seed|[of] p2a: Whimsicott
|upkeep
|turn|12
|
|t:|1743887582
|switch|p1a: PREP PHASE|Pelipper, M, shiny|30/100
|-weather|RainDance|[from] ability: Drizzle|[of] p1a: PREP PHASE
|move|p2a: Whimsicott|Moonblast|p1a: PREP PHASE
|-damage|p1a: PREP PHASE|0 fnt
|faint|p1a: PREP PHASE
|
|-weather|RainDance|[upkeep]
|upkeep
|
|t:|1743887585
|switch|p1a: Guppy|Swampert, F|37/100
|turn|13
|
|t:|1743887594
|move|p2a: Whimsicott|Leech Seed|p1a: Guppy
|-start|p1a: Guppy|move: Leech Seed
|move|p1a: Guppy|Earthquake|p2a: Whimsicott
|-supereffective|p2a: Whimsicott
|-end|p2a: Whimsicott|Substitute
|-damage|p1a: Guppy|27/100|[from] item: Life Orb
|
|-weather|RainDance|[upkeep]
|-damage|p1a: Guppy|15/100|[from] Leech Seed|[of] p2a: Whimsicott
|upkeep
|turn|14
|
|t:|1743887608
|move|p2a: Whimsicott|Substitute|p2a: Whimsicott
|-start|p2a: Whimsicott|Substitute
|-damage|p2a: Whimsicott|76/100
|move|p1a: Guppy|Earthquake|p2a: Whimsicott
|-supereffective|p2a: Whimsicott
|-end|p2a: Whimsicott|Substitute
|-damage|p1a: Guppy|5/100|[from] item: Life Orb
|
|-weather|RainDance|[upkeep]
|-heal|p2a: Whimsicott|82/100|[from] item: Leftovers
|-damage|p1a: Guppy|0 fnt|[from] Leech Seed|[of] p2a: Whimsicott
|-heal|p2a: Whimsicott|88/100|[silent]
|faint|p1a: Guppy
|upkeep
|
|t:|1743887628
|switch|p1a: BangBang|Kingdra, M|100/100
|turn|15
|
|t:|1743887637
|move|p2a: Whimsicott|Substitute|p2a: Whimsicott
|-start|p2a: Whimsicott|Substitute
|-damage|p2a: Whimsicott|63/100
|move|p1a: BangBang|Dragon Pulse|p2a: Whimsicott
|-resisted|p2a: Whimsicott
|-end|p2a: Whimsicott|Substitute
|-damage|p1a: BangBang|91/100|[from] item: Life Orb
|
|-weather|RainDance|[upkeep]
|-heal|p2a: Whimsicott|69/100|[from] item: Leftovers
|upkeep
|turn|16
|
|t:|1743887646
|move|p2a: Whimsicott|Encore|p1a: BangBang
|-start|p1a: BangBang|Encore
|move|p1a: BangBang|Dragon Pulse|p2a: Whimsicott
|-resisted|p2a: Whimsicott
|-damage|p2a: Whimsicott|33/100
|-damage|p1a: BangBang|81/100|[from] item: Life Orb
|
|-weather|RainDance|[upkeep]
|-heal|p2a: Whimsicott|40/100|[from] item: Leftovers
|upkeep
|turn|17
|
|t:|1743887652
|switch|p2a: Hatterene|Hatterene, F, shiny|100/100
|-damage|p2a: Hatterene|88/100|[from] Stealth Rock
|move|p1a: BangBang|Dragon Pulse|p2a: Hatterene
|-immune|p2a: Hatterene
|
|-weather|RainDance|[upkeep]
|-heal|p2a: Hatterene|94/100|[from] item: Leftovers
|upkeep
|turn|18
|
|t:|1743887658
|switch|p1a: Mrs. Puff|Qwilfish, F, shiny|35/100
|move|p2a: Hatterene|Calm Mind|p2a: Hatterene
|-boost|p2a: Hatterene|spa|1
|-boost|p2a: Hatterene|spd|1
|
|-weather|RainDance|[upkeep]
|-heal|p2a: Hatterene|99/100|[from] item: Leftovers
|upkeep
|turn|19
|
|t:|1743887670
|move|p1a: Mrs. Puff|Poison Jab|p2a: Hatterene
|-supereffective|p2a: Hatterene
|-damage|p2a: Hatterene|10/100
|-status|p2a: Hatterene|psn
|move|p2a: Hatterene|Psychic|p1a: Mrs. Puff
|-supereffective|p1a: Mrs. Puff
|-damage|p1a: Mrs. Puff|0 fnt
|faint|p1a: Mrs. Puff
|
|-weather|none
|-heal|p2a: Hatterene|16/100 psn|[from] item: Leftovers
|-damage|p2a: Hatterene|3/100 psn|[from] psn
|upkeep
|
|t:|1743887684
|switch|p1a: Laser|Floatzel, M, shiny|100/100
|turn|20
|
|t:|1743887688
|move|p1a: Laser|Bulk Up|p1a: Laser
|-boost|p1a: Laser|atk|1
|-boost|p1a: Laser|def|1
|move|p2a: Hatterene|Nuzzle|p1a: Laser
|-supereffective|p1a: Laser
|-damage|p1a: Laser|93/100
|-status|p1a: Laser|par
|
|-heal|p2a: Hatterene|9/100 psn|[from] item: Leftovers
|-damage|p2a: Hatterene|0 fnt|[from] psn
|faint|p2a: Hatterene
|upkeep
|
|t:|1743887701
|switch|p2a: Torkoal|Torkoal, M|87/100
|-damage|p2a: Torkoal|63/100|[from] Stealth Rock
|-weather|SunnyDay|[from] ability: Drought|[of] p2a: Torkoal
|turn|21
|
|t:|1743887796
|move|p1a: Laser|Waterfall|p2a: Torkoal
|-supereffective|p2a: Torkoal
|-damage|p2a: Torkoal|26/100
|move|p2a: Torkoal|Solar Beam||[still]
|-prepare|p2a: Torkoal|Solar Beam
|-anim|p2a: Torkoal|Solar Beam|p1a: Laser
|-supereffective|p1a: Laser
|-damage|p1a: Laser|0 fnt
|faint|p1a: Laser
|
|-weather|SunnyDay|[upkeep]
|upkeep
|-message|Sawft n Wet forfeited.
|
|win|Jeremymichel
|raw|Sawft n Wet's rating: 1130 &rarr; <strong>1101</strong><br />(-29 for losing)
|raw|Jeremymichel's rating: 1072 &rarr; <strong>1106</strong><br />(+34 for winning)
|l|☆Sawft n Wet
|player|p1|
|l|☆Jeremymichel
|player|p2|
