|j|☆jyvon12811
|j|☆lianshanque
|t:|1743857288
|gametype|singles
|player|p1|jyvon12811|169|1423
|player|p2|lianshanque|2|1392
|teamsize|p1|6
|teamsize|p2|6
|gen|9
|tier|[Gen 9] OU
|rated|
|rule|HP Percentage Mod: HP is shown in percentages
|rule|Endless Battle Clause: Forcing endless battles is banned
|rule|Species Clause: Limit one of each Pokémon
|rule|OHKO Clause: OHKO moves are banned
|rule|Evasion Items Clause: Evasion items are banned
|rule|Evasion Moves Clause: Evasion moves are banned
|rule|Sleep Moves Clause: Sleep-inducing moves are banned
|clearpoke
|poke|p1|Thundurus-Therian, M|
|poke|p1|Slowking-Galar, F|
|poke|p1|Weavile, M|
|poke|p1|Great Tusk|
|poke|p1|Corviknight, M|
|poke|p1|Dragapult, M|
|poke|p2|Torkoal, F|
|poke|p2|Ninetales, M|
|poke|p2|Ditto|
|poke|p2|Walking Wake|
|poke|p2|Leafeon, M|
|poke|p2|Venusaur, M|
|teampreview
|inactive|Battle timer is ON: inactive players will automatically lose when time's up. (requested by jyvon12811)
|
|t:|1743857302
|start
|switch|p1a: Thundurus|Thundurus-Therian, M|100/100
|switch|p2a: Torkoal|Torkoal, F|100/100
|-weather|SunnyDay|[from] ability: Drought|[of] p2a: Torkoal
|turn|1
|
|t:|1743857310
|move|p1a: Thundurus|Thunderbolt|p2a: Torkoal
|-damage|p2a: Torkoal|30/100
|move|p2a: Torkoal|Stealth Rock|p1a: Thundurus
|-sidestart|p1: jyvon12811|move: Stealth Rock
|
|-weather|SunnyDay|[upkeep]
|upkeep
|turn|2
|
|t:|1743857319
|switch|p2a: Venusaur|Venusaur, M, shiny|100/100
|move|p1a: Thundurus|Volt Switch|p2a: Venusaur
|-resisted|p2a: Venusaur
|-damage|p2a: Venusaur|78/100
|
|t:|1743857328
|switch|p1a: Slowking|Slowking-Galar, F|100/100|[from] Volt Switch
|
|-weather|SunnyDay|[upkeep]
|upkeep
|turn|3
|
|t:|1743857333
|move|p2a: Venusaur|Earth Power|p1a: Slowking
|-supereffective|p1a: Slowking
|-damage|p1a: Slowking|55/100
|-damage|p2a: Venusaur|68/100|[from] item: Life Orb
|-prepare|p1a: Slowking|Chilly Reception|[premajor]
|move|p1a: Slowking|Chilly Reception|p1a: Slowking
|-weather|Snowscape
|
|t:|1743857341
|switch|p1a: Thundurus|Thundurus-Therian, M|100/100|[from] Chilly Reception
|
|-weather|Snowscape|[upkeep]
|upkeep
|turn|4
|
|t:|1743857349
|switch|p2a: Ninetales|Ninetales, M|100/100
|-weather|SunnyDay|[from] ability: Drought|[of] p2a: Ninetales
|move|p1a: Thundurus|Weather Ball|p2a: Ninetales
|-resisted|p2a: Ninetales
|-damage|p2a: Ninetales|75/100
|
|-weather|SunnyDay|[upkeep]
|upkeep
|turn|5
|
|t:|1743857358
|move|p1a: Thundurus|Volt Switch|p2a: Ninetales
|-damage|p2a: Ninetales|36/100
|
|t:|1743857362
|switch|p1a: Slowking|Slowking-Galar, F|88/100|[from] Volt Switch
|move|p2a: Ninetales|Weather Ball|p1a: Slowking
|-damage|p1a: Slowking|35/100
|
|-weather|SunnyDay|[upkeep]
|upkeep
|turn|6
|
|t:|1743857371
|-terastallize|p1a: Slowking|Water
|move|p2a: Ninetales|Weather Ball|p1a: Slowking
|-resisted|p1a: Slowking
|-damage|p1a: Slowking|4/100
|-prepare|p1a: Slowking|Chilly Reception|[premajor]
|move|p1a: Slowking|Chilly Reception|p1a: Slowking
|-weather|Snowscape
|
|t:|1743857396
|switch|p1a: Thundurus|Thundurus-Therian, M|100/100|[from] Chilly Reception
|
|-weather|Snowscape|[upkeep]
|upkeep
|turn|7
|
|t:|1743857406
|switch|p2a: Torkoal|Torkoal, F|30/100
|-weather|SunnyDay|[from] ability: Drought|[of] p2a: Torkoal
|move|p1a: Thundurus|Thunderbolt|p2a: Torkoal
|-damage|p2a: Torkoal|0 fnt
|faint|p2a: Torkoal
|
|-weather|SunnyDay|[upkeep]
|upkeep
|
|t:|1743857420
|switch|p2a: Leafeon|Leafeon, M|100/100
|turn|8
|
|t:|1743857428
|-terastallize|p2a: Leafeon|Fire
|move|p2a: Leafeon|Swords Dance|p2a: Leafeon
|-boost|p2a: Leafeon|atk|2
|move|p1a: Thundurus|Weather Ball|p2a: Leafeon
|-resisted|p2a: Leafeon
|-damage|p2a: Leafeon|60/100
|
|-weather|SunnyDay|[upkeep]
|upkeep
|turn|9
|
|t:|1743857449
|switch|p1a: Great Tusk|Great Tusk|100/100
|-activate|p1a: Great Tusk|ability: Protosynthesis
|-start|p1a: Great Tusk|protosynthesisdef
|move|p2a: Leafeon|Tera Blast|p1a: Great Tusk|[anim] Tera Blast Fire
|-damage|p1a: Great Tusk|48/100
|
|-weather|SunnyDay|[upkeep]
|upkeep
|turn|10
|
|t:|1743857460
|move|p2a: Leafeon|Solar Blade||[still]
|-prepare|p2a: Leafeon|Solar Blade
|-anim|p2a: Leafeon|Solar Blade|p1a: Great Tusk
|-supereffective|p1a: Great Tusk
|-damage|p1a: Great Tusk|0 fnt
|faint|p1a: Great Tusk
|-end|p1a: Great Tusk|Protosynthesis|[silent]
|
|-weather|SunnyDay|[upkeep]
|upkeep
|
|t:|1743857469
|switch|p1a: Corviknight|Corviknight, M|100/100
|-damage|p1a: Corviknight|88/100|[from] Stealth Rock
|-ability|p1a: Corviknight|Pressure
|turn|11
|
|t:|1743857480
|switch|p1a: Dragapult|Dragapult, M|100/100
|move|p2a: Leafeon|Tera Blast|p1a: Dragapult|[anim] Tera Blast Fire
|-resisted|p1a: Dragapult
|-damage|p1a: Dragapult|1/100
|
|-weather|SunnyDay|[upkeep]
|upkeep
|turn|12
|-message|jyvon12811 forfeited.
|
|win|lianshanque
|raw|jyvon12811's rating: 1423 &rarr; <strong>1401</strong><br />(-22 for losing)
|raw|lianshanque's rating: 1392 &rarr; <strong>1414</strong><br />(+22 for winning)
|l|☆jyvon12811
|player|p1|
|l|☆lianshanque
|player|p2|
