|j|☆prxsm
|j|☆civic jpg
|t:|1743912733
|gametype|singles
|player|p1|prxsm|rocketgruntf|1343
|player|p2|civic jpg|101|1403
|teamsize|p1|6
|teamsize|p2|6
|gen|9
|tier|[Gen 9] OU
|rated|
|rule|HP Percentage Mod: HP is shown in percentages
|rule|Endless Battle Clause: Forcing endless battles is banned
|rule|Species Clause: Limit one of each Pokémon
|rule|OHKO Clause: OHKO moves are banned
|rule|Evasion Items Clause: Evasion items are banned
|rule|Evasion Moves Clause: Evasion moves are banned
|rule|Sleep Moves Clause: Sleep-inducing moves are banned
|clearpoke
|poke|p1|Mamoswine, M|
|poke|p1|Corviknight, M|
|poke|p1|Zapdos|
|poke|p1|Iron Moth|
|poke|p1|Empoleon, M|
|poke|p1|Gengar, F|
|poke|p2|Manaphy|
|poke|p2|Kingambit, F|
|poke|p2|Iron Valiant|
|poke|p2|Darkrai|
|poke|p2|Sandy Shocks|
|poke|p2|Dragonite, M|
|teampreview
|inactive|Battle timer is ON: inactive players will automatically lose when time's up. (requested by prxsm)
|
|t:|1743912752
|start
|switch|p1a: Empoleon|Empoleon, M|100/100
|switch|p2a: Sandy Shocks|Sandy Shocks|100/100
|-item|p2a: Sandy Shocks|Air Balloon
|turn|1
|
|t:|1743912762
|switch|p1a: Mamoswine|Mamoswine, M|100/100
|move|p2a: Sandy Shocks|Volt Switch|p1a: Mamoswine
|-immune|p1a: Mamoswine
|
|upkeep
|turn|2
|
|t:|1743912774
|move|p2a: Sandy Shocks|Stealth Rock|p1a: Mamoswine
|-sidestart|p1: prxsm|move: Stealth Rock
|move|p1a: Mamoswine|Icicle Crash|p2a: Sandy Shocks
|-supereffective|p2a: Sandy Shocks
|-damage|p2a: Sandy Shocks|0 fnt
|-enditem|p2a: Sandy Shocks|Air Balloon
|faint|p2a: Sandy Shocks
|-end|p2a: Sandy Shocks|Protosynthesis|[silent]
|
|upkeep
|
|t:|1743912790
|switch|p2a: Darkrai|Darkrai|100/100
|turn|3
|
|t:|1743912795
|move|p2a: Darkrai|Nasty Plot|p2a: Darkrai
|-boost|p2a: Darkrai|spa|2
|move|p1a: Mamoswine|Icicle Crash|p2a: Darkrai
|-damage|p2a: Darkrai|40/100
|
|upkeep
|turn|4
|
|t:|1743912799
|-terastallize|p1a: Mamoswine|Ice
|move|p1a: Mamoswine|Ice Shard|p2a: Darkrai
|-damage|p2a: Darkrai|0 fnt
|faint|p2a: Darkrai
|
|upkeep
|
|t:|1743912807
|switch|p2a: Dragonite|Dragonite, M|100/100
|turn|5
|
|t:|1743912814
|-terastallize|p2a: Dragonite|Normal
|move|p2a: Dragonite|Dragon Dance|p2a: Dragonite
|-boost|p2a: Dragonite|atk|1
|-boost|p2a: Dragonite|spe|1
|move|p1a: Mamoswine|Icicle Crash|p2a: Dragonite
|-damage|p2a: Dragonite|67/100
|
|upkeep
|turn|6
|
|t:|1743912822
|move|p2a: Dragonite|Fire Punch|p1a: Mamoswine
|-supereffective|p1a: Mamoswine
|-damage|p1a: Mamoswine|55/100
|move|p1a: Mamoswine|Earthquake|p2a: Dragonite
|-damage|p2a: Dragonite|4/100
|
|-heal|p1a: Mamoswine|61/100|[from] item: Leftovers
|upkeep
|turn|7
|
|t:|1743912830
|move|p1a: Mamoswine|Ice Shard|p2a: Dragonite
|-damage|p2a: Dragonite|0 fnt
|faint|p2a: Dragonite
|
|-heal|p1a: Mamoswine|67/100|[from] item: Leftovers
|upkeep
|
|t:|1743912835
|switch|p2a: Kingambit|Kingambit, F|100/100
|-activate|p2a: Kingambit|ability: Supreme Overlord
|-start|p2a: Kingambit|fallen3|[silent]
|turn|8
|
|t:|1743912845
|move|p2a: Kingambit|Iron Head|p1a: Mamoswine
|-supereffective|p1a: Mamoswine
|-damage|p1a: Mamoswine|0 fnt
|faint|p1a: Mamoswine
|
|upkeep
|
|t:|1743912850
|switch|p1a: Zapdos|Zapdos|100/100
|-damage|p1a: Zapdos|76/100|[from] Stealth Rock
|turn|9
|
|t:|1743912856
|move|p1a: Zapdos|Thunderbolt|p2a: Kingambit
|-damage|p2a: Kingambit|12/100
|move|p2a: Kingambit|Iron Head|p1a: Zapdos
|-resisted|p1a: Zapdos
|-damage|p1a: Zapdos|39/100
|-status|p2a: Kingambit|par|[from] ability: Static|[of] p1a: Zapdos
|
|upkeep
|turn|10
|
|t:|1743912863
|cant|p2a: Kingambit|par
|move|p1a: Zapdos|Thunderbolt|p2a: Kingambit
|-damage|p2a: Kingambit|0 fnt
|faint|p2a: Kingambit
|-end|p2a: Kingambit|fallen3|[silent]
|
|upkeep
|
|t:|1743912866
|switch|p2a: Iron Valiant|Iron Valiant|100/100
|-enditem|p2a: Iron Valiant|Booster Energy
|-activate|p2a: Iron Valiant|ability: Quark Drive|[fromitem]
|-start|p2a: Iron Valiant|quarkdrivespe
|turn|11
|
|t:|1743912871
|switch|p1a: Corviknight|Corviknight, M|100/100
|-damage|p1a: Corviknight|88/100|[from] Stealth Rock
|move|p2a: Iron Valiant|Moonblast|p1a: Corviknight
|-resisted|p1a: Corviknight
|-damage|p1a: Corviknight|69/100
|
|upkeep
|turn|12
|
|t:|1743912879
|move|p2a: Iron Valiant|Thunderbolt|p1a: Corviknight
|-supereffective|p1a: Corviknight
|-damage|p1a: Corviknight|24/100
|-status|p1a: Corviknight|par
|cant|p1a: Corviknight|par
|
|upkeep
|turn|13
|
|t:|1743912885
|move|p2a: Iron Valiant|Thunderbolt|p1a: Corviknight
|-supereffective|p1a: Corviknight
|-damage|p1a: Corviknight|0 fnt
|faint|p1a: Corviknight
|
|upkeep
|
|t:|1743912894
|switch|p1a: Zapdos|Zapdos|39/100
|-damage|p1a: Zapdos|14/100|[from] Stealth Rock
|turn|14
|
|t:|1743912898
|move|p2a: Iron Valiant|Moonblast|p1a: Zapdos
|-damage|p1a: Zapdos|0 fnt
|faint|p1a: Zapdos
|
|upkeep
|
|t:|1743912902
|switch|p1a: Empoleon|Empoleon, M|100/100
|-damage|p1a: Empoleon|94/100|[from] Stealth Rock
|turn|15
|
|t:|1743912906
|move|p2a: Iron Valiant|Thunderbolt|p1a: Empoleon
|-supereffective|p1a: Empoleon
|-damage|p1a: Empoleon|36/100
|-status|p1a: Empoleon|par
|move|p1a: Empoleon|Surf|p2a: Iron Valiant
|-damage|p2a: Iron Valiant|0 fnt
|faint|p2a: Iron Valiant
|-end|p2a: Iron Valiant|Quark Drive|[silent]
|-damage|p1a: Empoleon|26/100 par|[from] item: Life Orb
|
|upkeep
|
|t:|1743912914
|switch|p2a: Manaphy|Manaphy|100/100
|turn|16
|
|t:|1743912922
|move|p2a: Manaphy|Tail Glow|p2a: Manaphy
|-boost|p2a: Manaphy|spa|3
|move|p1a: Empoleon|Surf|p2a: Manaphy
|-resisted|p2a: Manaphy
|-crit|p2a: Manaphy
|-damage|p2a: Manaphy|34/100
|-damage|p1a: Empoleon|16/100 par|[from] item: Life Orb
|
|upkeep
|turn|17
|
|t:|1743912926
|move|p2a: Manaphy|Surf|p1a: Empoleon
|-resisted|p1a: Empoleon
|-damage|p1a: Empoleon|0 fnt
|faint|p1a: Empoleon
|
|upkeep
|
|t:|1743912928
|switch|p1a: Gengar|Gengar, F|100/100
|-damage|p1a: Gengar|88/100|[from] Stealth Rock
|turn|18
|
|t:|1743912930
|move|p1a: Gengar|Thunderbolt|p2a: Manaphy
|-supereffective|p2a: Manaphy
|-damage|p2a: Manaphy|0 fnt
|faint|p2a: Manaphy
|
|win|prxsm
|raw|prxsm's rating: 1343 &rarr; <strong>1366</strong><br />(+23 for winning)
|raw|civic jpg's rating: 1403 &rarr; <strong>1380</strong><br />(-23 for losing)
|l|☆civic jpg
|player|p2|
|l|☆prxsm
|player|p1|
