|j|☆patobaby1234
|j|☆Nmm6
|t:|1743827357
|gametype|singles
|player|p1|patobaby1234|1|1060
|player|p2|Nmm6|1|1101
|teamsize|p1|6
|teamsize|p2|6
|gen|9
|tier|[Gen 9] OU
|rated|
|rule|HP Percentage Mod: HP is shown in percentages
|rule|Endless Battle Clause: Forcing endless battles is banned
|rule|Species Clause: Limit one of each Pokémon
|rule|OHKO Clause: OHKO moves are banned
|rule|Evasion Items Clause: Evasion items are banned
|rule|Evasion Moves Clause: Evasion moves are banned
|rule|Sleep Moves Clause: Sleep-inducing moves are banned
|clearpoke
|poke|p1|Incineroar, F|
|poke|p1|Hydreigon, M|
|poke|p1|Slowking, M|
|poke|p1|Avalugg, M|
|poke|p1|Cetitan, M|
|poke|p1|Clefable, M|
|poke|p2|Umbreon, M|
|poke|p2|Garchomp, F|
|poke|p2|Metagross|
|poke|p2|Gyarados, F|
|poke|p2|Espeon, F|
|poke|p2|Yanmega, M|
|teampreview
|
|t:|1743827370
|start
|switch|p1a: Slowking|Slowking, M|100/100
|switch|p2a: Umbreon|Umbreon, M, shiny|100/100
|turn|1
|
|t:|1743827377
|move|p2a: Umbreon|Toxic|p1a: Slowking
|-status|p1a: Slowking|tox
|-prepare|p1a: Slowking|Chilly Reception|[premajor]
|move|p1a: Slowking|Chilly Reception|p1a: Slowking
|-weather|Snowscape
|
|t:|1743827384
|switch|p1a: Cetitan|Cetitan, M|100/100|[from] Chilly Reception
|
|-weather|Snowscape|[upkeep]
|upkeep
|turn|2
|
|t:|1743827391
|move|p1a: Cetitan|Belly Drum|p1a: Cetitan
|-damage|p1a: Cetitan|51/100
|-setboost|p1a: Cetitan|atk|6|[from] move: Belly Drum
|move|p2a: Umbreon|Toxic|p1a: Cetitan
|-status|p1a: Cetitan|tox
|
|-weather|Snowscape|[upkeep]
|-damage|p1a: Cetitan|44/100 tox|[from] psn
|upkeep
|-enditem|p1a: Cetitan|Sitrus Berry|[eat]
|-heal|p1a: Cetitan|69/100 tox|[from] item: Sitrus Berry
|turn|3
|
|t:|1743827407
|move|p1a: Cetitan|Ice Shard|p2a: Umbreon
|-damage|p2a: Umbreon|44/100
|move|p2a: Umbreon|Foul Play|p1a: Cetitan
|-damage|p1a: Cetitan|0 fnt
|faint|p1a: Cetitan
|
|-weather|Snowscape|[upkeep]
|-heal|p2a: Umbreon|50/100|[from] item: Leftovers
|upkeep
|
|t:|1743827431
|switch|p1a: Incineroar|Incineroar, F|100/100
|-ability|p1a: Incineroar|Intimidate|boost
|-unboost|p2a: Umbreon|atk|1
|turn|4
|
|t:|1743827444
|move|p1a: Incineroar|Knock Off|p2a: Umbreon
|-resisted|p2a: Umbreon
|-damage|p2a: Umbreon|31/100
|-enditem|p2a: Umbreon|Leftovers|[from] move: Knock Off|[of] p1a: Incineroar
|move|p2a: Umbreon|Toxic|p1a: Incineroar
|-status|p1a: Incineroar|tox
|
|-weather|Snowscape|[upkeep]
|-damage|p1a: Incineroar|94/100 tox|[from] psn
|upkeep
|turn|5
|
|t:|1743827454
|move|p1a: Incineroar|U-turn|p2a: Umbreon
|-supereffective|p2a: Umbreon
|-damage|p2a: Umbreon|0 fnt
|faint|p2a: Umbreon
|
|t:|1743827467
|switch|p1a: Hydreigon|Hydreigon, M|100/100|[from] U-turn
|
|-weather|none
|upkeep
|
|t:|1743827477
|switch|p2a: Espeon|Espeon, F|100/100
|turn|6
|
|t:|1743827481
|move|p1a: Hydreigon|Dark Pulse|p2a: Espeon
|-supereffective|p2a: Espeon
|-damage|p2a: Espeon|2/100
|move|p2a: Espeon|Calm Mind|p2a: Espeon
|-boost|p2a: Espeon|spa|1
|-boost|p2a: Espeon|spd|1
|
|upkeep
|turn|7
|
|t:|1743827490
|move|p1a: Hydreigon|Dark Pulse|p2a: Espeon
|-supereffective|p2a: Espeon
|-damage|p2a: Espeon|0 fnt
|faint|p2a: Espeon
|
|upkeep
|
|t:|1743827497
|switch|p2a: Garchomp|Garchomp, F, shiny|100/100
|turn|8
|
|t:|1743827502
|-terastallize|p1a: Hydreigon|Dark
|move|p1a: Hydreigon|Dark Pulse|p2a: Garchomp
|-damage|p2a: Garchomp|37/100
|cant|p2a: Garchomp|flinch
|
|upkeep
|turn|9
|
|t:|1743827515
|move|p1a: Hydreigon|Dark Pulse|p2a: Garchomp
|-damage|p2a: Garchomp|0 fnt
|faint|p2a: Garchomp
|
|upkeep
|
|t:|1743827519
|switch|p2a: Yanmega|Yanmega, M, shiny|100/100
|turn|10
|
|t:|1743827527
|switch|p1a: Slowking|Slowking, M|100/100 tox
|move|p2a: Yanmega|U-turn|p1a: Slowking
|-supereffective|p1a: Slowking
|-damage|p1a: Slowking|73/100 tox
|
|t:|1743827532
|switch|p2a: Gyarados|Gyarados, F, shiny|100/100|[from] U-turn
|
|-heal|p1a: Slowking|79/100 tox|[from] item: Leftovers
|-damage|p1a: Slowking|73/100 tox|[from] psn
|upkeep
|turn|11
|
|t:|1743827540
|move|p2a: Gyarados|Dragon Dance|p2a: Gyarados
|-boost|p2a: Gyarados|atk|1
|-boost|p2a: Gyarados|spe|1
|-prepare|p1a: Slowking|Chilly Reception|[premajor]
|move|p1a: Slowking|Chilly Reception|p1a: Slowking
|-weather|Snowscape
|
|t:|1743827548
|switch|p1a: Hydreigon|Hydreigon, M, tera:Dark|100/100|[from] Chilly Reception
|
|-weather|Snowscape|[upkeep]
|upkeep
|turn|12
|
|t:|1743827555
|move|p1a: Hydreigon|Draco Meteor|p2a: Gyarados
|-damage|p2a: Gyarados|28/100
|-unboost|p1a: Hydreigon|spa|2
|move|p2a: Gyarados|Ice Fang|p1a: Hydreigon
|-damage|p1a: Hydreigon|61/100
|
|-weather|Snowscape|[upkeep]
|upkeep
|turn|13
|
|t:|1743827574
|move|p1a: Hydreigon|Draco Meteor|p2a: Gyarados
|-damage|p2a: Gyarados|0 fnt
|-unboost|p1a: Hydreigon|spa|2
|faint|p2a: Gyarados
|
|-weather|Snowscape|[upkeep]
|upkeep
|
|t:|1743827581
|switch|p2a: Metagross|Metagross|100/100
|turn|14
|-activate|p2a: Metagross|item: Quick Claw
|
|t:|1743827586
|switch|p1a: Avalugg|Avalugg, M|100/100
|move|p2a: Metagross|Heavy Slam|p1a: Avalugg
|-supereffective|p1a: Avalugg
|-damage|p1a: Avalugg|91/100
|
|-weather|Snowscape|[upkeep]
|-heal|p1a: Avalugg|97/100|[from] ability: Ice Body
|upkeep
|turn|15
|
|t:|1743827609
|switch|p2a: Yanmega|Yanmega, M, shiny|100/100
|switch|p1a: Incineroar|Incineroar, F|94/100 tox
|-ability|p1a: Incineroar|Intimidate|boost
|-unboost|p2a: Yanmega|atk|1
|
|-weather|none
|-damage|p1a: Incineroar|88/100 tox|[from] psn
|upkeep
|turn|16
|
|t:|1743827620
|move|p2a: Yanmega|Air Slash|p1a: Incineroar
|-damage|p1a: Incineroar|62/100 tox
|cant|p1a: Incineroar|flinch
|
|-damage|p1a: Incineroar|50/100 tox|[from] psn
|upkeep
|turn|17
|
|t:|1743827631
|move|p2a: Yanmega|U-turn|p1a: Incineroar
|-damage|p1a: Incineroar|38/100 tox
|
|t:|1743827633
|switch|p2a: Metagross|Metagross|100/100|[from] U-turn
|move|p1a: Incineroar|Flare Blitz|p2a: Metagross
|-supereffective|p2a: Metagross
|-damage|p2a: Metagross|26/100
|-damage|p1a: Incineroar|16/100 tox|[from] Recoil
|
|-damage|p1a: Incineroar|0 fnt|[from] psn
|faint|p1a: Incineroar
|upkeep
|
|t:|1743827646
|switch|p1a: Clefable|Clefable, M|100/100
|turn|18
|
|t:|1743827651
|move|p2a: Metagross|Heavy Slam|p1a: Clefable
|-supereffective|p1a: Clefable
|-damage|p1a: Clefable|6/100
|-damage|p2a: Metagross|9/100|[from] item: Rocky Helmet|[of] p1a: Clefable
|move|p1a: Clefable|Thunderbolt|p2a: Metagross
|-crit|p2a: Metagross
|-damage|p2a: Metagross|0 fnt
|faint|p2a: Metagross
|
|upkeep
|
|t:|1743827659
|switch|p2a: Yanmega|Yanmega, M, shiny|100/100
|turn|19
|
|t:|1743827664
|move|p2a: Yanmega|Air Slash|p1a: Clefable
|-damage|p1a: Clefable|0 fnt
|faint|p1a: Clefable
|
|upkeep
|
|t:|1743827669
|switch|p1a: Slowking|Slowking, M|73/100 tox
|turn|20
|
|t:|1743827680
|move|p2a: Yanmega|Giga Drain|p1a: Slowking
|-supereffective|p1a: Slowking
|-damage|p1a: Slowking|35/100 tox
|-prepare|p1a: Slowking|Chilly Reception|[premajor]
|move|p1a: Slowking|Chilly Reception|p1a: Slowking
|-weather|Snowscape
|
|t:|1743827686
|switch|p1a: Avalugg|Avalugg, M|97/100|[from] Chilly Reception
|
|-weather|Snowscape|[upkeep]
|-heal|p1a: Avalugg|100/100|[from] ability: Ice Body
|upkeep
|turn|21
|
|t:|1743827693
|move|p2a: Yanmega|Air Slash|p1a: Avalugg
|-damage|p1a: Avalugg|38/100
|cant|p1a: Avalugg|flinch
|
|-weather|Snowscape|[upkeep]
|-heal|p1a: Avalugg|44/100|[from] ability: Ice Body
|upkeep
|turn|22
|
|t:|1743827706
|move|p2a: Yanmega|U-turn|p1a: Avalugg
|-damage|p1a: Avalugg|39/100
|move|p1a: Avalugg|Avalanche|p2a: Yanmega
|-supereffective|p2a: Yanmega
|-damage|p2a: Yanmega|0 fnt
|faint|p2a: Yanmega
|
|win|patobaby1234
|raw|patobaby1234's rating: 1060 &rarr; <strong>1095</strong><br />(+35 for winning)
|raw|Nmm6's rating: 1101 &rarr; <strong>1073</strong><br />(-28 for losing)
|l|☆Nmm6
|player|p2|
|l|☆patobaby1234
|player|p1|
