|j|☆Ace_of_Stars02
|j|☆kemious
|t:|1743779130
|gametype|singles
|player|p1|Ace_of_Stars02|nate|1463
|player|p2|kemious|marshal|1466
|teamsize|p1|6
|teamsize|p2|6
|gen|9
|tier|[Gen 9] OU
|rated|
|rule|HP Percentage Mod: HP is shown in percentages
|rule|Endless Battle Clause: Forcing endless battles is banned
|rule|Species Clause: Limit one of each Pokémon
|rule|OHKO Clause: OHKO moves are banned
|rule|Evasion Items Clause: Evasion items are banned
|rule|Evasion Moves Clause: Evasion moves are banned
|rule|Sleep Moves Clause: Sleep-inducing moves are banned
|clearpoke
|poke|p1|Snorlax, M|
|poke|p1|Sinistcha|
|poke|p1|Dragonite, F|
|poke|p1|Garganacl, F|
|poke|p1|Corviknight, F|
|poke|p1|Sylveon, M|
|poke|p2|Chesnaught, M|
|poke|p2|Gastrodon, F|
|poke|p2|Kilowattrel, F|
|poke|p2|Glimmora, F|
|poke|p2|Ceruledge, M|
|poke|p2|Goodra-Hisui, F|
|teampreview
|inactive|Battle timer is ON: inactive players will automatically lose when time's up. (requested by Ace_of_Stars02)
|
|t:|1743779176
|start
|switch|p1a: Snorlax|Snorlax, M|100/100
|switch|p2a: Goodra|Goodra-Hisui, F|100/100
|turn|1
|
|t:|1743779185
|switch|p2a: Chesnaught|Chesnaught, M|100/100
|move|p1a: Snorlax|Earthquake|p2a: Chesnaught
|-resisted|p2a: Chesnaught
|-damage|p2a: Chesnaught|91/100
|
|-heal|p2a: Chesnaught|97/100|[from] item: Leftovers
|upkeep
|turn|2
|
|t:|1743779198
|switch|p1a: Sylveon|Sylveon, M|100/100
|move|p2a: Chesnaught|Knock Off|p1a: Sylveon
|-resisted|p1a: Sylveon
|-damage|p1a: Sylveon|87/100
|-enditem|p1a: Sylveon|Choice Specs|[from] move: Knock Off|[of] p2a: Chesnaught
|
|-heal|p2a: Chesnaught|100/100|[from] item: Leftovers
|upkeep
|turn|3
|
|t:|1743779208
|switch|p2a: Goodra|Goodra-Hisui, F|100/100
|move|p1a: Sylveon|Hyper Voice|p2a: Goodra
|-damage|p2a: Goodra|78/100
|
|upkeep
|turn|4
|
|t:|1743779218
|switch|p1a: Snorlax|Snorlax, M|100/100
|move|p2a: Goodra|Flash Cannon|p1a: Snorlax
|-damage|p1a: Snorlax|87/100
|
|upkeep
|turn|5
|
|t:|1743779225
|switch|p2a: Chesnaught|Chesnaught, M|100/100
|move|p1a: Snorlax|Earthquake|p2a: Chesnaught
|-resisted|p2a: Chesnaught
|-damage|p2a: Chesnaught|90/100
|
|-heal|p2a: Chesnaught|96/100|[from] item: Leftovers
|upkeep
|turn|6
|
|t:|1743779233
|move|p2a: Chesnaught|Leech Seed|p1a: Snorlax
|-start|p1a: Snorlax|move: Leech Seed
|move|p1a: Snorlax|Counter||[still]
|-fail|p1a: Snorlax
|
|-heal|p2a: Chesnaught|100/100|[from] item: Leftovers
|-damage|p1a: Snorlax|74/100|[from] Leech Seed|[of] p2a: Chesnaught
|upkeep
|turn|7
|
|t:|1743779241
|switch|p1a: Sylveon|Sylveon, M|87/100
|move|p2a: Chesnaught|Body Press|p1a: Sylveon
|-resisted|p1a: Sylveon
|-damage|p1a: Sylveon|62/100
|
|upkeep
|turn|8
|
|t:|1743779250
|switch|p2a: Goodra|Goodra-Hisui, F|78/100
|move|p1a: Sylveon|Hyper Voice|p2a: Goodra
|-damage|p2a: Goodra|56/100
|
|upkeep
|turn|9
|
|t:|1743779259
|switch|p1a: Snorlax|Snorlax, M|74/100
|move|p2a: Goodra|Flash Cannon|p1a: Snorlax
|-damage|p1a: Snorlax|60/100
|
|upkeep
|turn|10
|
|t:|1743779265
|switch|p2a: Chesnaught|Chesnaught, M|100/100
|move|p1a: Snorlax|Double-Edge|p2a: Chesnaught
|-damage|p2a: Chesnaught|60/100
|-damage|p1a: Snorlax|52/100|[from] Recoil
|
|-heal|p2a: Chesnaught|67/100|[from] item: Leftovers
|upkeep
|turn|11
|
|t:|1743779274
|move|p2a: Chesnaught|Leech Seed|p1a: Snorlax
|-start|p1a: Snorlax|move: Leech Seed
|move|p1a: Snorlax|Double-Edge|p2a: Chesnaught
|-damage|p2a: Chesnaught|28/100
|-damage|p1a: Snorlax|43/100|[from] Recoil
|
|-heal|p2a: Chesnaught|34/100|[from] item: Leftovers
|-damage|p1a: Snorlax|31/100|[from] Leech Seed|[of] p2a: Chesnaught
|-heal|p2a: Chesnaught|53/100|[silent]
|upkeep
|turn|12
|
|t:|1743779284
|switch|p1a: Sylveon|Sylveon, M|62/100
|move|p2a: Chesnaught|Body Press|p1a: Sylveon
|-resisted|p1a: Sylveon
|-damage|p1a: Sylveon|37/100
|
|-heal|p2a: Chesnaught|59/100|[from] item: Leftovers
|upkeep
|turn|13
|
|t:|1743779292
|switch|p2a: Ceruledge|Ceruledge, M|100/100
|move|p1a: Sylveon|Draining Kiss|p2a: Ceruledge
|-resisted|p2a: Ceruledge
|-damage|p2a: Ceruledge|85/100
|-heal|p1a: Sylveon|45/100|[from] drain|[of] p2a: Ceruledge
|
|upkeep
|turn|14
|
|t:|1743779305
|-terastallize|p1a: Sylveon|Ground
|move|p2a: Ceruledge|Bitter Blade|p1a: Sylveon
|-damage|p1a: Sylveon|0 fnt
|-heal|p2a: Ceruledge|100/100|[from] drain|[of] p1a: Sylveon
|faint|p1a: Sylveon
|
|upkeep
|
|t:|1743779325
|switch|p1a: Dragonite|Dragonite, F|100/100
|turn|15
|
|t:|1743779336
|move|p1a: Dragonite|Scale Shot|p2a: Ceruledge
|-damage|p2a: Ceruledge|86/100
|-damage|p2a: Ceruledge|71/100
|-damage|p2a: Ceruledge|57/100
|-damage|p2a: Ceruledge|42/100
|-hitcount|p2a: Ceruledge|4
|-unboost|p1a: Dragonite|def|1
|-boost|p1a: Dragonite|spe|1
|move|p2a: Ceruledge|Poltergeist|p1a: Dragonite
|-activate|p1a: Dragonite|move: Poltergeist|Loaded Dice
|-damage|p1a: Dragonite|50/100
|
|upkeep
|turn|16
|
|t:|1743779349
|move|p2a: Ceruledge|Shadow Sneak|p1a: Dragonite
|-damage|p1a: Dragonite|13/100
|move|p1a: Dragonite|Scale Shot|p2a: Ceruledge
|-damage|p2a: Ceruledge|26/100
|-damage|p2a: Ceruledge|10/100
|-damage|p2a: Ceruledge|0 fnt
|faint|p2a: Ceruledge
|-hitcount|p2: Ceruledge|3
|-unboost|p1a: Dragonite|def|1
|-boost|p1a: Dragonite|spe|1
|
|upkeep
|
|t:|1743779362
|switch|p2a: Chesnaught|Chesnaught, M|59/100
|turn|17
|
|t:|1743779366
|switch|p2a: Glimmora|Glimmora, F|100/100
|move|p1a: Dragonite|Scale Shot|p2a: Glimmora
|-damage|p2a: Glimmora|90/100
|-activate|p2a: Glimmora|ability: Toxic Debris
|-sidestart|p1: Ace_of_Stars02|move: Toxic Spikes
|-damage|p2a: Glimmora|80/100
|-activate|p2a: Glimmora|ability: Toxic Debris
|-sidestart|p1: Ace_of_Stars02|move: Toxic Spikes
|-damage|p2a: Glimmora|70/100
|-damage|p2a: Glimmora|60/100
|-hitcount|p2a: Glimmora|4
|-enditem|p2a: Glimmora|Red Card|[of] p1a: Dragonite
|-unboost|p1a: Dragonite|def|1
|-boost|p1a: Dragonite|spe|1
|drag|p1a: Sinistcha|Sinistcha|100/100
|-status|p1a: Sinistcha|tox
|
|-damage|p1a: Sinistcha|94/100 tox|[from] psn
|upkeep
|turn|18
|
|t:|1743779388
|move|p2a: Glimmora|Venoshock|p1a: Sinistcha
|-damage|p1a: Sinistcha|29/100 tox
|move|p1a: Sinistcha|Shadow Ball|p2a: Glimmora
|-damage|p2a: Glimmora|20/100
|
|-damage|p1a: Sinistcha|17/100 tox|[from] psn
|upkeep
|turn|19
|
|t:|1743779398
|switch|p1a: Corviknight|Corviknight, F|100/100
|-ability|p1a: Corviknight|Pressure
|move|p2a: Glimmora|Power Gem|p1a: Corviknight
|-damage|p1a: Corviknight|66/100
|
|upkeep
|turn|20
|
|t:|1743779408
|move|p2a: Glimmora|Stealth Rock|p1a: Corviknight
|-sidestart|p1: Ace_of_Stars02|move: Stealth Rock
|move|p1a: Corviknight|Defog|p2a: Glimmora
|-unboost|p2a: Glimmora|evasion|1
|-sideend|p1: Ace_of_Stars02|Toxic Spikes|[from] move: Defog|[of] p1a: Corviknight
|-sideend|p1: Ace_of_Stars02|Stealth Rock|[from] move: Defog|[of] p1a: Corviknight
|
|upkeep
|turn|21
|
|t:|1743779414
|switch|p2a: Kilowattrel|Kilowattrel, F, shiny|100/100
|move|p1a: Corviknight|Roost|p1a: Corviknight
|-heal|p1a: Corviknight|100/100
|-singleturn|p1a: Corviknight|move: Roost
|
|upkeep
|turn|22
|
|t:|1743779424
|switch|p1a: Snorlax|Snorlax, M|31/100
|move|p2a: Kilowattrel|Discharge|p1a: Snorlax
|-damage|p1a: Snorlax|16/100
|
|upkeep
|turn|23
|inactive|kemious has 120 seconds left.
|
|t:|1743779458
|move|p2a: Kilowattrel|Discharge|p1a: Snorlax
|-damage|p1a: Snorlax|1/100
|move|p1a: Snorlax|Double-Edge|p2a: Kilowattrel
|-damage|p2a: Kilowattrel|0 fnt
|faint|p2a: Kilowattrel
|-damage|p1a: Snorlax|0 fnt|[from] Recoil
|faint|p1a: Snorlax
|
|upkeep
|inactive|kemious has 120 seconds left.
|
|t:|1743779472
|switch|p2a: Chesnaught|Chesnaught, M|59/100
|switch|p1a: Corviknight|Corviknight, F|100/100
|-ability|p1a: Corviknight|Pressure
|turn|24
|
|t:|1743779479
|switch|p2a: Glimmora|Glimmora, F|20/100
|move|p1a: Corviknight|U-turn|p2a: Glimmora
|-resisted|p2a: Glimmora
|-damage|p2a: Glimmora|15/100
|-activate|p2a: Glimmora|ability: Toxic Debris
|-sidestart|p1: Ace_of_Stars02|move: Toxic Spikes
|
|t:|1743779486
|switch|p1a: Garganacl|Garganacl, F|100/100|[from] U-turn
|
|upkeep
|turn|25
|
|t:|1743779492
|switch|p1a: Corviknight|Corviknight, F|100/100
|-ability|p1a: Corviknight|Pressure
|move|p2a: Glimmora|Stealth Rock|p1a: Corviknight
|-sidestart|p1: Ace_of_Stars02|move: Stealth Rock
|
|upkeep
|turn|26
|
|t:|1743779499
|move|p2a: Glimmora|Power Gem|p1a: Corviknight
|-damage|p1a: Corviknight|66/100
|move|p1a: Corviknight|Defog|p2a: Glimmora
|-unboost|p2a: Glimmora|evasion|1
|-sideend|p1: Ace_of_Stars02|Toxic Spikes|[from] move: Defog|[of] p1a: Corviknight
|-sideend|p1: Ace_of_Stars02|Stealth Rock|[from] move: Defog|[of] p1a: Corviknight
|
|upkeep
|turn|27
|
|t:|1743779506
|move|p2a: Glimmora|Stealth Rock|p1a: Corviknight
|-sidestart|p1: Ace_of_Stars02|move: Stealth Rock
|move|p1a: Corviknight|Roost|p1a: Corviknight
|-heal|p1a: Corviknight|100/100
|-singleturn|p1a: Corviknight|move: Roost
|
|upkeep
|turn|28
|
|t:|1743779513
|move|p2a: Glimmora|Power Gem|p1a: Corviknight
|-damage|p1a: Corviknight|64/100
|move|p1a: Corviknight|Defog|p2a: Glimmora
|-unboost|p2a: Glimmora|evasion|1
|-sideend|p1: Ace_of_Stars02|Stealth Rock|[from] move: Defog|[of] p1a: Corviknight
|
|upkeep
|turn|29
|
|t:|1743779520
|move|p2a: Glimmora|Power Gem|p1a: Corviknight
|-damage|p1a: Corviknight|32/100
|move|p1a: Corviknight|Roost|p1a: Corviknight
|-heal|p1a: Corviknight|82/100
|-singleturn|p1a: Corviknight|move: Roost
|
|upkeep
|turn|30
|
|t:|1743779527
|move|p2a: Glimmora|Power Gem|p1a: Corviknight
|-damage|p1a: Corviknight|47/100
|move|p1a: Corviknight|Body Press|p2a: Glimmora
|-damage|p2a: Glimmora|0 fnt
|-activate|p2a: Glimmora|ability: Toxic Debris
|-sidestart|p1: Ace_of_Stars02|move: Toxic Spikes
|faint|p2a: Glimmora
|
|upkeep
|
|t:|1743779533
|switch|p2a: Chesnaught|Chesnaught, M|59/100
|turn|31
|
|t:|1743779539
|move|p2a: Chesnaught|Iron Defense|p2a: Chesnaught
|-boost|p2a: Chesnaught|def|2
|move|p1a: Corviknight|U-turn|p2a: Chesnaught
|-damage|p2a: Chesnaught|54/100
|
|t:|1743779549
|switch|p1a: Sinistcha|Sinistcha|17/100 tox|[from] U-turn
|
|-heal|p2a: Chesnaught|60/100|[from] item: Leftovers
|-damage|p1a: Sinistcha|11/100 tox|[from] psn
|upkeep
|turn|32
|
|t:|1743779557
|switch|p2a: Goodra|Goodra-Hisui, F|56/100
|move|p1a: Sinistcha|Strength Sap|p2a: Goodra
|-ability|p2a: Goodra|Sap Sipper|boost
|-boost|p2a: Goodra|atk|1
|
|-damage|p1a: Sinistcha|0 fnt|[from] psn
|faint|p1a: Sinistcha
|upkeep
|-message|Ace_of_Stars02 forfeited.
|
|win|kemious
|raw|Ace_of_Stars02's rating: 1463 &rarr; <strong>1443</strong><br />(-20 for losing)
|raw|kemious's rating: 1466 &rarr; <strong>1486</strong><br />(+20 for winning)
|l|☆Ace_of_Stars02
|player|p1|
|l|☆kemious
|player|p2|
