|j|☆a jellyfish
|j|☆Renhur
|t:|1743797121
|gametype|singles
|player|p1|a jellyfish|fisherman-gen4|1623
|player|p2|Renhur|red|1573
|teamsize|p1|6
|teamsize|p2|6
|gen|9
|tier|[Gen 9] OU
|rated|
|rule|HP Percentage Mod: HP is shown in percentages
|rule|Endless Battle Clause: Forcing endless battles is banned
|rule|Species Clause: Limit one of each Pokémon
|rule|OHKO Clause: OHKO moves are banned
|rule|Evasion Items Clause: Evasion items are banned
|rule|Evasion Moves Clause: Evasion moves are banned
|rule|Sleep Moves Clause: Sleep-inducing moves are banned
|clearpoke
|poke|p1|Dusclops, M|
|poke|p1|Hatterene, F|
|poke|p1|Ursaluna, F|
|poke|p1|Greninja-*, M|
|poke|p1|Darkrai|
|poke|p1|Volcanion|
|poke|p2|Lucario, M|
|poke|p2|Weezing-Galar, F|
|poke|p2|Mew|
|poke|p2|Darkrai|
|poke|p2|Latios, M|
|poke|p2|Greninja-*, M|
|teampreview
|inactive|Battle timer is ON: inactive players will automatically lose when time's up. (requested by a jellyfish)
|
|t:|1743797135
|start
|switch|p1a: Volcanion|Volcanion|100/100
|switch|p2a: Greninja|Greninja, M|100/100
|turn|1
|
|t:|1743797145
|move|p2a: Greninja|Dark Pulse|p1a: Volcanion
|-damage|p1a: Volcanion|75/100
|move|p1a: Volcanion|Sludge Bomb|p2a: Greninja
|-damage|p2a: Greninja|49/100
|-status|p2a: Greninja|psn
|
|-damage|p2a: Greninja|37/100 psn|[from] psn
|upkeep
|turn|2
|
|t:|1743797171
|move|p2a: Greninja|Dark Pulse|p1a: Volcanion
|-damage|p1a: Volcanion|52/100
|move|p1a: Volcanion|Steam Eruption|p2a: Greninja
|-resisted|p2a: Greninja
|-damage|p2a: Greninja|0 fnt
|faint|p2a: Greninja
|
|upkeep
|inactive|Renhur has 120 seconds left.
|
|t:|1743797183
|switch|p2a: Mew|Mew|100/100
|turn|3
|
|t:|1743797194
|switch|p1a: Greninja|Greninja, M|100/100
|move|p2a: Mew|Calm Mind|p2a: Mew
|-boost|p2a: Mew|spa|1
|-boost|p2a: Mew|spd|1
|
|upkeep
|turn|4
|
|t:|1743797202
|-terastallize|p2a: Mew|Fairy
|move|p1a: Greninja|Dark Pulse|p2a: Mew
|-start|p1a: Greninja|typechange|Dark|[from] ability: Protean
|-resisted|p2a: Mew
|-damage|p2a: Mew|91/100
|move|p2a: Mew|Calm Mind|p2a: Mew
|-boost|p2a: Mew|spa|1
|-boost|p2a: Mew|spd|1
|
|-heal|p2a: Mew|98/100|[from] item: Leftovers
|upkeep
|turn|5
|
|t:|1743797215
|switch|p1a: Hatterene|Hatterene, F|100/100
|move|p2a: Mew|Calm Mind|p2a: Mew
|-boost|p2a: Mew|spa|1
|-boost|p2a: Mew|spd|1
|
|-heal|p2a: Mew|100/100|[from] item: Leftovers
|upkeep
|turn|6
|
|t:|1743797222
|move|p2a: Mew|Stored Power|p1a: Hatterene
|-resisted|p1a: Hatterene
|-damage|p1a: Hatterene|39/100
|move|p1a: Hatterene|Trick Room|p1a: Hatterene
|-fieldstart|move: Trick Room|[of] p1a: Hatterene
|
|upkeep
|turn|7
|
|t:|1743797227
|move|p1a: Hatterene|Gravity|p1a: Hatterene
|-fieldstart|move: Gravity
|move|p2a: Mew|Stored Power|p1a: Hatterene
|-resisted|p1a: Hatterene
|-damage|p1a: Hatterene|0 fnt
|faint|p1a: Hatterene
|
|upkeep
|
|t:|1743797229
|switch|p1a: Ursaluna|Ursaluna, F|100/100
|turn|8
|
|t:|1743797236
|-terastallize|p1a: Ursaluna|Ground
|move|p1a: Ursaluna|Headlong Rush|p2a: Mew
|-damage|p2a: Mew|12/100
|-unboost|p1a: Ursaluna|def|1
|-unboost|p1a: Ursaluna|spd|1
|move|p2a: Mew|Stored Power|p1a: Ursaluna
|-damage|p1a: Ursaluna|0 fnt
|faint|p1a: Ursaluna
|
|-heal|p2a: Mew|18/100|[from] item: Leftovers
|upkeep
|
|t:|1743797241
|switch|p1a: Volcanion|Volcanion|52/100
|turn|9
|
|t:|1743797254
|move|p1a: Volcanion|Sludge Bomb|p2a: Mew
|-supereffective|p2a: Mew
|-damage|p2a: Mew|0 fnt
|faint|p2a: Mew
|
|upkeep
|
|t:|1743797259
|switch|p2a: Latios|Latios, M|100/100
|turn|10
|
|t:|1743797264
|switch|p1a: Greninja|Greninja, M|100/100
|move|p2a: Latios|Thunderbolt|p1a: Greninja
|-supereffective|p1a: Greninja
|-damage|p1a: Greninja|0 fnt
|faint|p1a: Greninja
|
|-fieldend|move: Trick Room
|upkeep
|
|t:|1743797266
|switch|p1a: Darkrai|Darkrai, shiny|100/100
|turn|11
|
|t:|1743797281
|switch|p2a: Weezing|Weezing-Galar, F|100/100
|move|p1a: Darkrai|Ice Beam|p2a: Weezing
|-damage|p2a: Weezing|58/100
|
|-heal|p2a: Weezing|64/100|[from] item: Black Sludge
|-fieldend|move: Gravity
|upkeep
|turn|12
|
|t:|1743797290
|switch|p1a: Volcanion|Volcanion|52/100
|move|p2a: Weezing|Pain Split|p1a: Volcanion
|-sethp|p1a: Volcanion|61/100|[from] move: Pain Split|[silent]
|-sethp|p2a: Weezing|56/100|[from] move: Pain Split
|
|-heal|p2a: Weezing|62/100|[from] item: Black Sludge
|upkeep
|turn|13
|
|t:|1743797301
|move|p1a: Volcanion|Steam Eruption|p2a: Weezing
|-damage|p2a: Weezing|0 fnt
|faint|p2a: Weezing
|
|upkeep
|
|t:|1743797307
|switch|p2a: Latios|Latios, M|100/100
|turn|14
|
|t:|1743797311
|switch|p1a: Darkrai|Darkrai, shiny|100/100
|move|p2a: Latios|Thunderbolt|p1a: Darkrai
|-damage|p1a: Darkrai|21/100
|
|upkeep
|turn|15
|
|t:|1743797323
|switch|p1a: Volcanion|Volcanion|61/100
|switch|p2a: Lucario|Lucario, M|100/100
|
|upkeep
|turn|16
|
|t:|1743797331
|move|p2a: Lucario|Swords Dance|p2a: Lucario
|-boost|p2a: Lucario|atk|2
|move|p1a: Volcanion|Flamethrower|p2a: Lucario
|-supereffective|p2a: Lucario
|-enditem|p2a: Lucario|Focus Sash
|-damage|p2a: Lucario|1/100
|
|upkeep
|turn|17
|
|t:|1743797343
|switch|p1a: Dusclops|Dusclops, M, shiny|100/100
|-ability|p1a: Dusclops|Pressure
|move|p2a: Lucario|Reversal|p1a: Dusclops
|-immune|p1a: Dusclops
|
|upkeep
|turn|18
|
|t:|1743797358
|move|p2a: Lucario|Bullet Punch|p1a: Dusclops
|-damage|p1a: Dusclops|82/100
|move|p1a: Dusclops|Trick Room|p1a: Dusclops
|-fieldstart|move: Trick Room|[of] p1a: Dusclops
|
|upkeep
|turn|19
|
|t:|1743797369
|move|p2a: Lucario|Bullet Punch|p1a: Dusclops
|-damage|p1a: Dusclops|64/100
|move|p1a: Dusclops|Night Shade|p2a: Lucario
|-damage|p2a: Lucario|0 fnt
|faint|p2a: Lucario
|
|upkeep
|
|t:|1743797379
|switch|p2a: Darkrai|Darkrai, shiny|100/100
|turn|20
|
|t:|1743797390
|switch|p1a: Volcanion|Volcanion|61/100
|move|p2a: Darkrai|Dark Pulse|p1a: Volcanion
|-damage|p1a: Volcanion|33/100
|
|upkeep
|turn|21
|
|t:|1743797400
|move|p1a: Volcanion|Sludge Bomb|p2a: Darkrai
|-crit|p2a: Darkrai
|-damage|p2a: Darkrai|41/100
|move|p2a: Darkrai|Dark Pulse|p1a: Volcanion
|-damage|p1a: Volcanion|4/100
|
|upkeep
|turn|22
|
|t:|1743797410
|move|p1a: Volcanion|Flamethrower|p2a: Darkrai
|-damage|p2a: Darkrai|0 fnt
|faint|p2a: Darkrai
|
|-fieldend|move: Trick Room
|upkeep
|
|t:|1743797414
|switch|p2a: Latios|Latios, M|100/100
|turn|23
|
|t:|1743797419
|move|p2a: Latios|Thunderbolt|p1a: Volcanion
|-supereffective|p1a: Volcanion
|-damage|p1a: Volcanion|0 fnt
|faint|p1a: Volcanion
|
|upkeep
|
|t:|1743797421
|switch|p1a: Darkrai|Darkrai, shiny|21/100
|turn|24
|
|t:|1743797428
|move|p1a: Darkrai|Knock Off|p2a: Latios
|-supereffective|p2a: Latios
|-crit|p2a: Latios
|-damage|p2a: Latios|0 fnt
|-enditem|p2a: Latios|Choice Specs|[from] move: Knock Off|[of] p1a: Darkrai
|faint|p2a: Latios
|
|win|a jellyfish
|raw|a jellyfish's rating: 1623 &rarr; <strong>1640</strong><br />(+17 for winning)
|raw|Renhur's rating: 1573 &rarr; <strong>1556</strong><br />(-17 for losing)
|l|☆a jellyfish
|player|p1|
|l|☆Renhur
|player|p2|
