|j|☆WAAHAAHEE
|j|☆boyyyyyyyyyyyy
|t:|1743914808
|gametype|singles
|player|p1|WAAHAAHEE|2|1117
|player|p2|boyyyyyyyyyyyy|2|1065
|teamsize|p1|6
|teamsize|p2|6
|gen|9
|tier|[Gen 9] OU
|rated|
|rule|HP Percentage Mod: HP is shown in percentages
|rule|Endless Battle Clause: Forcing endless battles is banned
|rule|Species Clause: Limit one of each Pokémon
|rule|OHKO Clause: OHKO moves are banned
|rule|Evasion Items Clause: Evasion items are banned
|rule|Evasion Moves Clause: Evasion moves are banned
|rule|Sleep Moves Clause: Sleep-inducing moves are banned
|clearpoke
|poke|p1|Tyranitar, M|
|poke|p1|Gholdengo|
|poke|p1|Excadrill, M|
|poke|p1|Clodsire, M|
|poke|p1|Ogerpon-Cornerstone, F|
|poke|p1|Gliscor, F|
|poke|p2|Goodra-Hisui, F|
|poke|p2|Skeledirge, F|
|poke|p2|Krookodile, M|
|poke|p2|Lapras, M|
|poke|p2|Decidueye-Hisui, M|
|poke|p2|Latias, F|
|teampreview
|
|t:|1743914816
|start
|switch|p1a: Tyranitar|Tyranitar, M|100/100
|switch|p2a: Krookodile|Krookodile, M|100/100
|-ability|p2a: Krookodile|Intimidate|boost
|-unboost|p1a: Tyranitar|atk|1
|-weather|Sandstorm|[from] ability: Sand Stream|[of] p1a: Tyranitar
|turn|1
|inactive|Battle timer is ON: inactive players will automatically lose when time's up. (requested by WAAHAAHEE)
|
|t:|1743914833
|move|p2a: Krookodile|Earthquake|p1a: Tyranitar
|-supereffective|p1a: Tyranitar
|-damage|p1a: Tyranitar|32/100
|move|p1a: Tyranitar|Stealth Rock|p2a: Krookodile
|-sidestart|p2: boyyyyyyyyyyyy|move: Stealth Rock
|
|-weather|Sandstorm|[upkeep]
|upkeep
|turn|2
|
|t:|1743914848
|switch|p1a: Gliscor|Gliscor, F|100/100
|move|p2a: Krookodile|Earthquake|p1a: Gliscor
|-immune|p1a: Gliscor
|
|-weather|Sandstorm|[upkeep]
|-status|p1a: Gliscor|tox|[from] item: Toxic Orb
|upkeep
|turn|3
|
|t:|1743914857
|move|p1a: Gliscor|Swords Dance|p1a: Gliscor
|-boost|p1a: Gliscor|atk|2
|move|p2a: Krookodile|Counter||[still]
|-fail|p2a: Krookodile
|
|-weather|Sandstorm|[upkeep]
|upkeep
|turn|4
|
|t:|1743914869
|move|p1a: Gliscor|Swords Dance|p1a: Gliscor
|-boost|p1a: Gliscor|atk|2
|move|p2a: Krookodile|Lash Out|p1a: Gliscor
|-damage|p1a: Gliscor|70/100 tox
|
|-weather|Sandstorm|[upkeep]
|-heal|p1a: Gliscor|82/100 tox|[from] ability: Poison Heal
|upkeep
|turn|5
|
|t:|1743914878
|move|p1a: Gliscor|Protect|p1a: Gliscor
|-singleturn|p1a: Gliscor|Protect
|move|p2a: Krookodile|Counter||[still]
|-fail|p2a: Krookodile
|
|-weather|Sandstorm|[upkeep]
|-heal|p1a: Gliscor|95/100 tox|[from] ability: Poison Heal
|upkeep
|turn|6
|
|t:|1743914889
|move|p1a: Gliscor|Earthquake|p2a: Krookodile
|-damage|p2a: Krookodile|0 fnt
|faint|p2a: Krookodile
|
|-weather|Sandstorm|[upkeep]
|-heal|p1a: Gliscor|100/100 tox|[from] ability: Poison Heal
|upkeep
|
|t:|1743914898
|switch|p2a: Lapras|Lapras, M|100/100
|-damage|p2a: Lapras|76/100|[from] Stealth Rock
|turn|7
|
|t:|1743914905
|move|p1a: Gliscor|Knock Off|p2a: Lapras
|-damage|p2a: Lapras|0 fnt
|-enditem|p2a: Lapras|Maranga Berry|[from] move: Knock Off|[of] p1a: Gliscor
|faint|p2a: Lapras
|
|-weather|Sandstorm|[upkeep]
|upkeep
|l|☆boyyyyyyyyyyyy
|inactive|boyyyyyyyyyyyy disconnected and has a minute to reconnect!
|player|p2|
|inactive|boyyyyyyyyyyyy has 30 seconds to reconnect!
|inactive|boyyyyyyyyyyyy has 20 seconds to reconnect!
|inactive|boyyyyyyyyyyyy has 15 seconds to reconnect!
|inactive|boyyyyyyyyyyyy has 10 seconds to reconnect!
|inactive|boyyyyyyyyyyyy has 5 seconds to reconnect!
|-message|boyyyyyyyyyyyy lost due to inactivity.
|
|win|WAAHAAHEE
|raw|WAAHAAHEE's rating: 1117 &rarr; <strong>1138</strong><br />(+21 for winning)
|raw|boyyyyyyyyyyyy's rating: 1065 &rarr; <strong>1048</strong><br />(-17 for losing)
|l|☆WAAHAAHEE
|player|p1|
|j|☆boyyyyyyyyyyyy
|player|p2|boyyyyyyyyyyyy|2|
|l|☆boyyyyyyyyyyyy
|player|p2|
