|j|☆ricethegrain
|j|☆ultraminkey
|t:|1743834099
|gametype|singles
|player|p1|ricethegrain|allister|1482
|player|p2|ultraminkey|lusamine-nihilego|1448
|teamsize|p1|6
|teamsize|p2|6
|gen|9
|tier|[Gen 9] OU
|rated|
|rule|HP Percentage Mod: HP is shown in percentages
|rule|Endless Battle Clause: Forcing endless battles is banned
|rule|Species Clause: Limit one of each Pokémon
|rule|OHKO Clause: OHKO moves are banned
|rule|Evasion Items Clause: Evasion items are banned
|rule|Evasion Moves Clause: Evasion moves are banned
|rule|Sleep Moves Clause: Sleep-inducing moves are banned
|clearpoke
|poke|p1|Landorus-Therian, M|
|poke|p1|Meowscarada, F|
|poke|p1|Maushold-Four|
|poke|p1|Kingambit, F|
|poke|p1|Slowking-Galar, M|
|poke|p1|Volcanion|
|poke|p2|Landorus-Therian, M|
|poke|p2|Hatterene, F|
|poke|p2|Ogerpon-Wellspring, F|
|poke|p2|Kingambit, M|
|poke|p2|Samurott-Hisui, M|
|poke|p2|Arcanine-Hisui, M|
|teampreview
|
|t:|1743834108
|start
|switch|p1a: Meowscarada|Meowscarada, F|100/100
|switch|p2a: Arcanine|Arcanine-Hisui, M|100/100
|turn|1
|inactive|Battle timer is ON: inactive players will automatically lose when time's up. (requested by ultraminkey)
|
|t:|1743834131
|move|p1a: Meowscarada|U-turn|p2a: Arcanine
|-start|p1a: Meowscarada|typechange|Bug|[from] ability: Protean
|-resisted|p2a: Arcanine
|-damage|p2a: Arcanine|81/100
|j| Naf31
|
|t:|1743834145
|switch|p1a: Landorus|Landorus-Therian, M|100/100|[from] U-turn
|-ability|p1a: Landorus|Intimidate|boost
|-unboost|p2a: Arcanine|atk|1
|move|p2a: Arcanine|Head Smash|p1a: Landorus
|-damage|p1a: Landorus|32/100
|-damage|p2a: Arcanine|71/100|[from] item: Life Orb
|
|upkeep
|turn|2
|
|t:|1743834156
|switch|p2a: Landorus|Landorus-Therian, M|100/100
|-ability|p2a: Landorus|Intimidate|boost
|-unboost|p1a: Landorus|atk|1
|move|p1a: Landorus|U-turn|p2a: Landorus
|-resisted|p2a: Landorus
|-damage|p2a: Landorus|84/100
|
|t:|1743834159
|switch|p1a: Volcanion|Volcanion|100/100|[from] U-turn
|
|upkeep
|turn|3
|
|t:|1743834164
|move|p2a: Landorus|Earthquake|p1a: Volcanion
|-supereffective|p1a: Volcanion
|-damage|p1a: Volcanion|0 fnt
|faint|p1a: Volcanion
|
|upkeep
|
|t:|1743834181
|switch|p1a: Maushold|Maushold-Four|100/100
|turn|4
|
|t:|1743834187
|move|p2a: Landorus|Earthquake|p1a: Maushold
|-damage|p1a: Maushold|17/100
|move|p1a: Maushold|Population Bomb|p2a: Landorus
|-damage|p2a: Landorus|71/100
|-damage|p2a: Landorus|57/100
|-hitcount|p2a: Landorus|2
|
|upkeep
|turn|5
|c|☆ricethegrain|Fml scarf
|
|t:|1743834199
|switch|p1a: Landorus|Landorus-Therian, M|32/100
|-ability|p1a: Landorus|Intimidate|boost
|-unboost|p2a: Landorus|atk|1
|move|p2a: Landorus|Earthquake|p1a: Landorus
|-immune|p1a: Landorus
|
|upkeep
|turn|6
|
|t:|1743834204
|switch|p2a: Hatterene|Hatterene, F|100/100
|move|p1a: Landorus|Stealth Rock|p2a: Hatterene
|move|p2a: Hatterene|Stealth Rock|p1a: Landorus|[from] ability: Magic Bounce
|-sidestart|p1: ricethegrain|move: Stealth Rock
|
|upkeep
|turn|7
|
|t:|1743834211
|switch|p1a: Slowking|Slowking-Galar, M|100/100
|move|p2a: Hatterene|Psyshock|p1a: Slowking
|-damage|p1a: Slowking|69/100
|
|upkeep
|turn|8
|
|t:|1743834217
|move|p2a: Hatterene|Nuzzle|p1a: Slowking
|-damage|p1a: Slowking|67/100
|-status|p1a: Slowking|par
|move|p1a: Slowking|Sludge Bomb|p2a: Hatterene
|-supereffective|p2a: Hatterene
|-damage|p2a: Hatterene|59/100
|
|upkeep
|turn|9
|
|t:|1743834228
|switch|p2a: Samurott|Samurott-Hisui, M|100/100
|move|p1a: Slowking|Sludge Bomb|p2a: Samurott
|-damage|p2a: Samurott|47/100
|
|upkeep
|turn|10
|
|t:|1743834239
|switch|p1a: Kingambit|Kingambit, F|100/100
|-damage|p1a: Kingambit|94/100|[from] Stealth Rock
|-activate|p1a: Kingambit|ability: Supreme Overlord
|-start|p1a: Kingambit|fallen1|[silent]
|move|p2a: Samurott|Flip Turn|p1a: Kingambit
|-damage|p1a: Kingambit|62/100
|
|t:|1743834250
|switch|p2a: Ogerpon|Ogerpon-Wellspring, F|100/100|[from] Flip Turn
|
|upkeep
|turn|11
|
|t:|1743834256
|move|p2a: Ogerpon|Ivy Cudgel|p1a: Kingambit|[anim] Ivy Cudgel Water
|-damage|p1a: Kingambit|13/100
|move|p1a: Kingambit|Kowtow Cleave|p2a: Ogerpon
|-damage|p2a: Ogerpon|24/100
|
|upkeep
|turn|12
|
|t:|1743834263
|switch|p2a: Landorus|Landorus-Therian, M|57/100
|-ability|p2a: Landorus|Intimidate|boost
|-unboost|p1a: Kingambit|atk|1
|move|p1a: Kingambit|Sucker Punch||[still]
|-fail|p1a: Kingambit
|
|upkeep
|turn|13
|
|t:|1743834272
|switch|p2a: Arcanine|Arcanine-Hisui, M|71/100
|-end|p1a: Kingambit|fallen1|[silent]
|switch|p1a: Slowking|Slowking-Galar, M|99/100 par
|
|upkeep
|turn|14
|
|t:|1743834279
|move|p2a: Arcanine|Head Smash|p1a: Slowking
|-damage|p1a: Slowking|29/100 par
|-damage|p2a: Arcanine|61/100|[from] item: Life Orb
|-prepare|p1a: Slowking|Chilly Reception|[premajor]
|cant|p1a: Slowking|par
|
|upkeep
|turn|15
|
|t:|1743834295
|switch|p1a: Meowscarada|Meowscarada, F|100/100
|-damage|p1a: Meowscarada|88/100|[from] Stealth Rock
|move|p2a: Arcanine|Flare Blitz|p1a: Meowscarada
|-supereffective|p1a: Meowscarada
|-damage|p1a: Meowscarada|0 fnt
|faint|p1a: Meowscarada
|-damage|p2a: Arcanine|51/100|[from] item: Life Orb
|
|upkeep
|c|☆ricethegrain|What
|c|☆ricethegrain|Oh i didn't even realize i got parad
|-message|ricethegrain forfeited.
|
|win|ultraminkey
|raw|ricethegrain's rating: 1482 &rarr; <strong>1460</strong><br />(-22 for losing)
|raw|ultraminkey's rating: 1448 &rarr; <strong>1470</strong><br />(+22 for winning)
|l|☆ricethegrain
|player|p1|
|l|☆ultraminkey
|player|p2|
