|j|☆blerryblainer
|j|☆123lyf
|t:|1743845070
|gametype|singles
|player|p1|blerryblainer|wallace|1303
|player|p2|123lyf|265|1303
|teamsize|p1|6
|teamsize|p2|6
|gen|9
|tier|[Gen 9] OU
|rated|
|rule|HP Percentage Mod: HP is shown in percentages
|rule|Endless Battle Clause: Forcing endless battles is banned
|rule|Species Clause: Limit one of each Pokémon
|rule|OHKO Clause: OHKO moves are banned
|rule|Evasion Items Clause: Evasion items are banned
|rule|Evasion Moves Clause: Evasion moves are banned
|rule|Sleep Moves Clause: Sleep-inducing moves are banned
|clearpoke
|poke|p1|Glimmora, F|
|poke|p1|Raging Bolt|
|poke|p1|Blaziken, M|
|poke|p1|Excadrill, M|
|poke|p1|Dragapult, F|
|poke|p1|Dragonite, M|
|poke|p2|Araquanid, F|
|poke|p2|Dragapult, F|
|poke|p2|Great Tusk|
|poke|p2|Kingambit, M|
|poke|p2|Primarina, M|
|poke|p2|Gholdengo|
|teampreview
|inactive|Battle timer is ON: inactive players will automatically lose when time's up. (requested by blerryblainer)
|
|t:|1743845080
|start
|switch|p1a: Glimmora|Glimmora, F|100/100
|switch|p2a: Primarina|Primarina, M|100/100
|turn|1
|
|t:|1743845086
|move|p1a: Glimmora|Stealth Rock|p2a: Primarina
|-sidestart|p2: 123lyf|move: Stealth Rock
|move|p2a: Primarina|Calm Mind|p2a: Primarina
|-boost|p2a: Primarina|spa|1
|-boost|p2a: Primarina|spd|1
|
|upkeep
|turn|2
|
|t:|1743845095
|move|p1a: Glimmora|Mortal Spin|p2a: Primarina
|-supereffective|p2a: Primarina
|-damage|p2a: Primarina|85/100
|-status|p2a: Primarina|psn
|move|p2a: Primarina|Hyper Voice|p1a: Glimmora
|-supereffective|p1a: Glimmora
|-enditem|p1a: Glimmora|Focus Sash
|-damage|p1a: Glimmora|1/100
|
|-heal|p2a: Primarina|91/100 psn|[from] item: Leftovers
|-damage|p2a: Primarina|78/100 psn|[from] psn
|upkeep
|turn|3
|
|t:|1743845112
|move|p1a: Glimmora|Power Gem|p2a: Primarina
|-damage|p2a: Primarina|50/100 psn
|move|p2a: Primarina|Hyper Voice|p1a: Glimmora
|-supereffective|p1a: Glimmora
|-damage|p1a: Glimmora|0 fnt
|faint|p1a: Glimmora
|
|-heal|p2a: Primarina|56/100 psn|[from] item: Leftovers
|-damage|p2a: Primarina|44/100 psn|[from] psn
|upkeep
|
|t:|1743845129
|switch|p1a: Excadrill|Excadrill, M|100/100
|-ability|p1a: Excadrill|Mold Breaker
|turn|4
|
|t:|1743845138
|move|p1a: Excadrill|Earthquake|p2a: Primarina
|-damage|p2a: Primarina|0 fnt
|faint|p2a: Primarina
|
|upkeep
|
|t:|1743845145
|switch|p2a: Araquanid|Araquanid, F|100/100
|-damage|p2a: Araquanid|76/100|[from] Stealth Rock
|turn|5
|
|t:|1743845149
|move|p1a: Excadrill|Rock Slide|p2a: Araquanid|[miss]
|-miss|p1a: Excadrill|p2a: Araquanid
|move|p2a: Araquanid|Sticky Web|p1a: Excadrill
|-sidestart|p1: blerryblainer|move: Sticky Web
|
|upkeep
|turn|6
|
|t:|1743845160
|move|p1a: Excadrill|Rapid Spin|p2a: Araquanid
|-damage|p2a: Araquanid|58/100
|-boost|p1a: Excadrill|spe|1
|-sideend|p1: blerryblainer|Sticky Web|[from] move: Rapid Spin|[of] p1a: Excadrill
|-enditem|p2a: Araquanid|Red Card|[of] p1a: Excadrill
|drag|p1a: Raging Bolt|Raging Bolt|100/100
|-enditem|p1a: Raging Bolt|Booster Energy
|-activate|p1a: Raging Bolt|ability: Protosynthesis|[fromitem]
|-start|p1a: Raging Bolt|protosynthesisspa
|move|p2a: Araquanid|Liquidation|p1a: Raging Bolt
|-resisted|p1a: Raging Bolt
|-damage|p1a: Raging Bolt|77/100
|
|upkeep
|turn|7
|
|t:|1743845168
|move|p1a: Raging Bolt|Dragon Pulse|p2a: Araquanid
|-damage|p2a: Araquanid|5/100
|move|p2a: Araquanid|Sticky Web|p1a: Raging Bolt
|-sidestart|p1: blerryblainer|move: Sticky Web
|
|upkeep
|turn|8
|
|t:|1743845178
|move|p1a: Raging Bolt|Thunderclap|p2a: Araquanid
|-supereffective|p2a: Araquanid
|-damage|p2a: Araquanid|0 fnt
|faint|p2a: Araquanid
|
|upkeep
|
|t:|1743845191
|switch|p2a: Dragapult|Dragapult, F|100/100
|-damage|p2a: Dragapult|88/100|[from] Stealth Rock
|turn|9
|
|t:|1743845216
|-terastallize|p2a: Dragapult|Ghost
|move|p1a: Raging Bolt|Thunderclap|p2a: Dragapult
|-damage|p2a: Dragapult|13/100
|move|p2a: Dragapult|Tera Blast|p1a: Raging Bolt|[anim] Tera Blast Ghost
|-damage|p1a: Raging Bolt|12/100
|
|upkeep
|turn|10
|
|t:|1743845228
|switch|p2a: Great Tusk|Great Tusk|100/100
|-damage|p2a: Great Tusk|98/100|[from] Stealth Rock
|-enditem|p2a: Great Tusk|Booster Energy
|-activate|p2a: Great Tusk|ability: Protosynthesis|[fromitem]
|-start|p2a: Great Tusk|protosynthesisatk
|move|p1a: Raging Bolt|Thunderclap||[still]
|-fail|p1a: Raging Bolt
|
|upkeep
|turn|11
|
|t:|1743845234
|-end|p1a: Raging Bolt|Protosynthesis|[silent]
|switch|p1a: Dragapult|Dragapult, F|100/100
|-activate|p1a: Dragapult|move: Sticky Web
|-fail|p1a: Dragapult|unboost|[from] ability: Clear Body|[of] p1a: Dragapult
|move|p2a: Great Tusk|Stealth Rock|p1a: Dragapult
|-sidestart|p1: blerryblainer|move: Stealth Rock
|
|upkeep
|turn|12
|
|t:|1743845243
|move|p1a: Dragapult|Draco Meteor|p2a: Great Tusk
|-damage|p2a: Great Tusk|0 fnt
|-unboost|p1a: Dragapult|spa|2
|faint|p2a: Great Tusk
|-end|p2a: Great Tusk|Protosynthesis|[silent]
|-damage|p1a: Dragapult|91/100|[from] item: Life Orb
|
|upkeep
|
|t:|1743845255
|switch|p2a: Kingambit|Kingambit, M|100/100
|-damage|p2a: Kingambit|94/100|[from] Stealth Rock
|-activate|p2a: Kingambit|ability: Supreme Overlord
|-start|p2a: Kingambit|fallen3|[silent]
|turn|13
|
|t:|1743845263
|move|p1a: Dragapult|Will-O-Wisp|p2a: Kingambit|[miss]
|-miss|p1a: Dragapult|p2a: Kingambit
|move|p2a: Kingambit|Swords Dance|p2a: Kingambit
|-boost|p2a: Kingambit|atk|2
|
|upkeep
|turn|14
|
|t:|1743845275
|-end|p2a: Kingambit|fallen3|[silent]
|switch|p2a: Gholdengo|Gholdengo|100/100
|-damage|p2a: Gholdengo|94/100|[from] Stealth Rock
|-item|p2a: Gholdengo|Air Balloon
|move|p1a: Dragapult|Will-O-Wisp|p2a: Gholdengo
|-immune|p2a: Gholdengo|[from] ability: Good as Gold
|
|upkeep
|turn|15
|
|t:|1743845285
|switch|p1a: Excadrill|Excadrill, M|100/100
|-activate|p1a: Excadrill|move: Sticky Web
|-unboost|p1a: Excadrill|spe|1
|-damage|p1a: Excadrill|97/100|[from] Stealth Rock
|-ability|p1a: Excadrill|Mold Breaker
|move|p2a: Gholdengo|Thunder Wave|p1a: Excadrill
|-immune|p1a: Excadrill
|
|upkeep
|turn|16
|
|t:|1743845301
|move|p2a: Gholdengo|Focus Blast|p1a: Excadrill
|-supereffective|p1a: Excadrill
|-crit|p1a: Excadrill
|-damage|p1a: Excadrill|0 fnt
|faint|p1a: Excadrill
|
|upkeep
|
|t:|1743845313
|switch|p1a: Blaziken|Blaziken, M|100/100
|-activate|p1a: Blaziken|move: Sticky Web
|-unboost|p1a: Blaziken|spe|1
|-damage|p1a: Blaziken|88/100|[from] Stealth Rock
|turn|17
|
|t:|1743845327
|move|p1a: Blaziken|Protect|p1a: Blaziken
|-singleturn|p1a: Blaziken|Protect
|move|p2a: Gholdengo|Thunder Wave|p1a: Blaziken
|-activate|p1a: Blaziken|move: Protect
|
|-ability|p1a: Blaziken|Speed Boost|boost
|-boost|p1a: Blaziken|spe|1
|upkeep
|turn|18
|
|t:|1743845332
|move|p2a: Gholdengo|Thunder Wave|p1a: Blaziken
|-status|p1a: Blaziken|par
|move|p1a: Blaziken|Focus Energy|p1a: Blaziken
|-start|p1a: Blaziken|move: Focus Energy
|
|-ability|p1a: Blaziken|Speed Boost|boost
|-boost|p1a: Blaziken|spe|1
|upkeep
|turn|19
|
|t:|1743845348
|move|p1a: Blaziken|Protect|p1a: Blaziken
|-singleturn|p1a: Blaziken|Protect
|move|p2a: Gholdengo|Hex|p1a: Blaziken
|-activate|p1a: Blaziken|move: Protect
|
|-ability|p1a: Blaziken|Speed Boost|boost
|-boost|p1a: Blaziken|spe|1
|upkeep
|turn|20
|
|t:|1743845356
|cant|p1a: Blaziken|par
|move|p2a: Gholdengo|Hex|p1a: Blaziken
|-damage|p1a: Blaziken|0 fnt
|faint|p1a: Blaziken
|
|upkeep
|
|t:|1743845365
|switch|p1a: Dragapult|Dragapult, F|91/100
|-activate|p1a: Dragapult|move: Sticky Web
|-fail|p1a: Dragapult|unboost|[from] ability: Clear Body|[of] p1a: Dragapult
|-damage|p1a: Dragapult|78/100|[from] Stealth Rock
|turn|21
|
|t:|1743845370
|move|p1a: Dragapult|Shadow Ball|p2a: Gholdengo
|-supereffective|p2a: Gholdengo
|-damage|p2a: Gholdengo|0 fnt
|-enditem|p2a: Gholdengo|Air Balloon
|faint|p2a: Gholdengo
|-damage|p1a: Dragapult|69/100|[from] item: Life Orb
|
|upkeep
|
|t:|1743845387
|switch|p2a: Kingambit|Kingambit, M|94/100
|-damage|p2a: Kingambit|88/100|[from] Stealth Rock
|-activate|p2a: Kingambit|ability: Supreme Overlord
|-start|p2a: Kingambit|fallen4|[silent]
|turn|22
|
|t:|1743845390
|move|p2a: Kingambit|Sucker Punch||[still]
|-fail|p2a: Kingambit
|move|p1a: Dragapult|Will-O-Wisp|p2a: Kingambit
|-status|p2a: Kingambit|brn
|
|-damage|p2a: Kingambit|82/100 brn|[from] brn
|upkeep
|turn|23
|
|t:|1743845398
|switch|p1a: Raging Bolt|Raging Bolt|12/100
|-activate|p1a: Raging Bolt|move: Sticky Web
|-unboost|p1a: Raging Bolt|spe|1
|-damage|p1a: Raging Bolt|0 fnt|[from] Stealth Rock
|faint|p1a: Raging Bolt
|-end|p1a: Raging Bolt|Protosynthesis|[silent]
|move|p2a: Kingambit|Swords Dance|p2a: Kingambit
|-boost|p2a: Kingambit|atk|2
|
|-damage|p2a: Kingambit|76/100 brn|[from] brn
|upkeep
|
|t:|1743845401
|switch|p1a: Dragonite|Dragonite, M|100/100
|turn|24
|
|t:|1743845406
|move|p2a: Kingambit|Sucker Punch|p1a: Dragonite
|-damage|p1a: Dragonite|65/100
|move|p1a: Dragonite|Earthquake|p2a: Kingambit
|-supereffective|p2a: Kingambit
|-damage|p2a: Kingambit|26/100 brn
|
|-damage|p2a: Kingambit|20/100 brn|[from] brn
|upkeep
|turn|25
|
|t:|1743845420
|move|p2a: Kingambit|Sucker Punch||[still]
|-fail|p2a: Kingambit
|move|p1a: Dragonite|Dragon Dance|p1a: Dragonite
|-boost|p1a: Dragonite|atk|1
|-boost|p1a: Dragonite|spe|1
|
|-damage|p2a: Kingambit|13/100 brn|[from] brn
|upkeep
|turn|26
|
|t:|1743845427
|move|p1a: Dragonite|Extreme Speed|p2a: Kingambit
|-resisted|p2a: Kingambit
|-damage|p2a: Kingambit|0 fnt
|faint|p2a: Kingambit
|-end|p2a: Kingambit|fallen4|[silent]
|
|upkeep
|
|t:|1743845429
|switch|p2a: Dragapult|Dragapult, F, tera:Ghost|13/100
|-damage|p2a: Dragapult|1/100|[from] Stealth Rock
|turn|27
|
|t:|1743845433
|move|p1a: Dragonite|Ice Spinner|p2a: Dragapult
|-damage|p2a: Dragapult|0 fnt
|faint|p2a: Dragapult
|
|win|blerryblainer
|raw|blerryblainer's rating: 1303 &rarr; <strong>1323</strong><br />(+20 for winning)
|raw|123lyf's rating: 1303 &rarr; <strong>1283</strong><br />(-20 for losing)
|l|☆blerryblainer
|player|p1|
|l|☆123lyf
|player|p2|
