|j|☆azuki993
|j|‽Skssn
|t:|1743917060
|gametype|singles
|player|p1|azuki993|lucas|1059
|player|p2|Skssn|n|1125
|teamsize|p1|6
|teamsize|p2|6
|gen|9
|tier|[Gen 9] OU
|rated|
|rule|HP Percentage Mod: HP is shown in percentages
|rule|Endless Battle Clause: Forcing endless battles is banned
|rule|Species Clause: Limit one of each Pokémon
|rule|OHKO Clause: OHKO moves are banned
|rule|Evasion Items Clause: Evasion items are banned
|rule|Evasion Moves Clause: Evasion moves are banned
|rule|Sleep Moves Clause: Sleep-inducing moves are banned
|clearpoke
|poke|p1|Rillaboom, M|
|poke|p1|Weavile, M|
|poke|p1|Umbreon, M|
|poke|p1|Glimmora, M|
|poke|p1|Drifblim, M|
|poke|p1|Gliscor, M|
|poke|p2|Zamazenta-*|
|poke|p2|Ogerpon-Wellspring, F|
|poke|p2|Slowking-Galar, F|
|poke|p2|Great Tusk|
|poke|p2|Kingambit, M|
|poke|p2|Zapdos|
|teampreview
|inactive|Battle timer is ON: inactive players will automatically lose when time's up. (requested by Skssn)
|
|t:|1743917064
|start
|switch|p1a: Glimmora|Glimmora, M, shiny|100/100
|switch|p2a: Ogerpon|Ogerpon-Wellspring, F|100/100
|turn|1
|
|t:|1743917073
|move|p2a: Ogerpon|Ivy Cudgel|p1a: Glimmora|[anim] Ivy Cudgel Water
|-supereffective|p1a: Glimmora
|-crit|p1a: Glimmora
|-enditem|p1a: Glimmora|Focus Sash
|-damage|p1a: Glimmora|1/100
|-activate|p1a: Glimmora|ability: Toxic Debris
|-sidestart|p2: Skssn|move: Toxic Spikes
|move|p1a: Glimmora|Stealth Rock|p2a: Ogerpon
|-sidestart|p2: Skssn|move: Stealth Rock
|
|upkeep
|turn|2
|
|t:|1743917083
|move|p1a: Glimmora|Spiky Shield|p1a: Glimmora
|-singleturn|p1a: Glimmora|move: Protect
|move|p2a: Ogerpon|U-turn|p1a: Glimmora
|-activate|p1a: Glimmora|move: Protect
|-damage|p2a: Ogerpon|88/100|[from] Spiky Shield|[of] p1a: Glimmora
|
|upkeep
|turn|3
|
|t:|1743917096
|move|p2a: Ogerpon|Knock Off|p1a: Glimmora
|-damage|p1a: Glimmora|0 fnt
|-activate|p1a: Glimmora|ability: Toxic Debris
|-sidestart|p2: Skssn|move: Toxic Spikes
|faint|p1a: Glimmora
|
|upkeep
|
|t:|1743917112
|switch|p1a: Gliscor|Gliscor, M, shiny|100/100
|turn|4
|
|t:|1743917122
|-terastallize|p1a: Gliscor|Normal
|move|p2a: Ogerpon|Knock Off|p1a: Gliscor
|-damage|p1a: Gliscor|71/100
|-enditem|p1a: Gliscor|Toxic Orb|[from] move: Knock Off|[of] p2a: Ogerpon
|move|p1a: Gliscor|Swords Dance|p1a: Gliscor
|-boost|p1a: Gliscor|atk|2
|
|upkeep
|turn|5
|
|t:|1743917137
|move|p2a: Ogerpon|Ivy Cudgel|p1a: Gliscor|[anim] Ivy Cudgel Water
|-damage|p1a: Gliscor|30/100
|move|p1a: Gliscor|Facade|p2a: Ogerpon
|-damage|p2a: Ogerpon|23/100
|
|upkeep
|turn|6
|
|t:|1743917144
|move|p1a: Gliscor|Protect|p1a: Gliscor
|-singleturn|p1a: Gliscor|Protect
|move|p2a: Ogerpon|Ivy Cudgel|p1a: Gliscor|[anim] Ivy Cudgel Water
|-activate|p1a: Gliscor|move: Protect
|
|upkeep
|turn|7
|
|t:|1743917150
|move|p2a: Ogerpon|Ivy Cudgel|p1a: Gliscor|[anim] Ivy Cudgel Water
|-damage|p1a: Gliscor|0 fnt
|faint|p1a: Gliscor
|
|upkeep
|
|t:|1743917154
|switch|p1a: Weavile|Weavile, M|100/100
|-ability|p1a: Weavile|Pressure
|turn|8
|
|t:|1743917164
|move|p1a: Weavile|Knock Off|p2a: Ogerpon
|-damage|p2a: Ogerpon|0 fnt
|faint|p2a: Ogerpon
|
|upkeep
|
|t:|1743917168
|switch|p2a: Slowking|Slowking-Galar, F|100/100
|-sideend|p2: Skssn|move: Toxic Spikes|[of] p2a: Slowking
|-damage|p2a: Slowking|88/100|[from] Stealth Rock
|turn|9
|
|t:|1743917188
|move|p1a: Weavile|Knock Off|p2a: Slowking
|-supereffective|p2a: Slowking
|-damage|p2a: Slowking|0 fnt
|-enditem|p2a: Slowking|Assault Vest|[from] move: Knock Off|[of] p1a: Weavile
|faint|p2a: Slowking
|
|upkeep
|
|t:|1743917193
|switch|p2a: Zamazenta|Zamazenta|100/100
|-damage|p2a: Zamazenta|94/100|[from] Stealth Rock
|-ability|p2a: Zamazenta|Dauntless Shield|boost
|-boost|p2a: Zamazenta|def|1
|turn|10
|
|t:|1743917205
|move|p1a: Weavile|Ice Shard|p2a: Zamazenta
|-damage|p2a: Zamazenta|82/100
|move|p2a: Zamazenta|Stone Edge|p1a: Weavile
|-supereffective|p1a: Weavile
|-damage|p1a: Weavile|0 fnt
|faint|p1a: Weavile
|
|upkeep
|
|t:|1743917214
|switch|p1a: Drifblim|Drifblim, M, shiny|100/100
|turn|11
|
|t:|1743917218
|move|p2a: Zamazenta|Stone Edge|p1a: Drifblim|[miss]
|-miss|p2a: Zamazenta|p1a: Drifblim
|move|p1a: Drifblim|Strength Sap|p2a: Zamazenta
|-unboost|p2a: Zamazenta|atk|1
|
|upkeep
|turn|12
|
|t:|1743917225
|move|p2a: Zamazenta|Stone Edge|p1a: Drifblim
|-supereffective|p1a: Drifblim
|-damage|p1a: Drifblim|57/100
|move|p1a: Drifblim|Will-O-Wisp|p2a: Zamazenta
|-status|p2a: Zamazenta|brn
|
|-damage|p2a: Zamazenta|76/100 brn|[from] brn
|upkeep
|turn|13
|
|t:|1743917249
|move|p2a: Zamazenta|Stone Edge|p1a: Drifblim
|-supereffective|p1a: Drifblim
|-crit|p1a: Drifblim
|-damage|p1a: Drifblim|11/100
|move|p1a: Drifblim|Strength Sap|p2a: Zamazenta
|-unboost|p2a: Zamazenta|atk|1
|-heal|p1a: Drifblim|56/100
|
|-damage|p2a: Zamazenta|70/100 brn|[from] brn
|upkeep
|turn|14
|
|t:|1743917259
|switch|p2a: Zapdos|Zapdos|100/100
|move|p1a: Drifblim|Strength Sap|p2a: Zapdos
|-unboost|p2a: Zapdos|atk|1
|-heal|p1a: Drifblim|89/100
|
|upkeep
|turn|15
|
|t:|1743917274
|move|p2a: Zapdos|Volt Switch|p1a: Drifblim
|-supereffective|p1a: Drifblim
|-damage|p1a: Drifblim|20/100
|inactive|Skssn has 120 seconds left.
|
|t:|1743917312
|switch|p2a: Zamazenta|Zamazenta|70/100 brn|[from] Volt Switch
|-damage|p2a: Zamazenta|64/100 brn|[from] Stealth Rock
|move|p1a: Drifblim|Will-O-Wisp|p2a: Zamazenta|[miss]
|-miss|p1a: Drifblim|p2a: Zamazenta
|
|-damage|p2a: Zamazenta|58/100 brn|[from] brn
|upkeep
|turn|16
|
|t:|1743917323
|move|p2a: Zamazenta|Crunch|p1a: Drifblim
|-supereffective|p1a: Drifblim
|-damage|p1a: Drifblim|0 fnt
|-damage|p2a: Zamazenta|33/100 brn|[from] ability: Aftermath|[of] p1a: Drifblim
|-damage|p2a: Zamazenta|16/100 brn|[from] item: Rocky Helmet|[of] p1a: Drifblim
|faint|p1a: Drifblim
|
|-damage|p2a: Zamazenta|10/100 brn|[from] brn
|upkeep
|
|t:|1743917328
|switch|p1a: Rillaboom|Rillaboom, M, shiny|100/100
|turn|17
|
|t:|1743917334
|move|p2a: Zamazenta|Ice Fang|p1a: Rillaboom
|-supereffective|p1a: Rillaboom
|-damage|p1a: Rillaboom|78/100
|move|p1a: Rillaboom|Grassy Glide|p2a: Zamazenta
|-damage|p2a: Zamazenta|0 fnt
|faint|p2a: Zamazenta
|
|-heal|p1a: Rillaboom|84/100|[from] item: Leftovers
|upkeep
|
|t:|1743917340
|switch|p2a: Zapdos|Zapdos|100/100
|turn|18
|
|t:|1743917347
|switch|p1a: Umbreon|Umbreon, M, shiny|100/100
|move|p2a: Zapdos|Hurricane|p1a: Umbreon|[miss]
|-miss|p2a: Zapdos|p1a: Umbreon
|
|upkeep
|turn|19
|
|t:|1743917353
|move|p2a: Zapdos|Thunder Wave|p1a: Umbreon
|-status|p1a: Umbreon|par
|-activate|p1a: Umbreon|ability: Synchronize
|-immune|p2a: Zapdos
|move|p1a: Umbreon|Toxic|p2a: Zapdos
|-status|p2a: Zapdos|tox
|
|-damage|p2a: Zapdos|94/100 tox|[from] psn
|upkeep
|turn|20
|
|t:|1743917361
|move|p2a: Zapdos|Hurricane|p1a: Umbreon
|-damage|p1a: Umbreon|71/100 par
|-start|p1a: Umbreon|confusion
|-activate|p1a: Umbreon|confusion
|-damage|p1a: Umbreon|67/100 par|[from] confusion
|
|-heal|p1a: Umbreon|73/100 par|[from] item: Leftovers
|-damage|p2a: Zapdos|82/100 tox|[from] psn
|upkeep
|turn|21
|
|t:|1743917379
|move|p2a: Zapdos|Hurricane|p1a: Umbreon
|-damage|p1a: Umbreon|46/100 par
|-end|p1a: Umbreon|confusion
|move|p1a: Umbreon|Wish|p1a: Umbreon
|
|-heal|p1a: Umbreon|52/100 par|[from] item: Leftovers
|-damage|p2a: Zapdos|64/100 tox|[from] psn
|upkeep
|turn|22
|
|t:|1743917391
|move|p1a: Umbreon|Protect|p1a: Umbreon
|-singleturn|p1a: Umbreon|Protect
|move|p2a: Zapdos|Hurricane|p1a: Umbreon
|-activate|p1a: Umbreon|move: Protect
|
|-heal|p1a: Umbreon|100/100 par|[from] move: Wish|[wisher] Umbreon
|-damage|p2a: Zapdos|40/100 tox|[from] psn
|upkeep
|turn|23
|
|t:|1743917402
|move|p2a: Zapdos|Volt Switch|p1a: Umbreon
|-damage|p1a: Umbreon|81/100 par
|
|t:|1743917405
|switch|p2a: Kingambit|Kingambit, M|100/100|[from] Volt Switch
|-damage|p2a: Kingambit|94/100|[from] Stealth Rock
|-activate|p2a: Kingambit|ability: Supreme Overlord
|-start|p2a: Kingambit|fallen3|[silent]
|move|p1a: Umbreon|Foul Play|p2a: Kingambit
|-resisted|p2a: Kingambit
|-damage|p2a: Kingambit|73/100
|
|-heal|p2a: Kingambit|79/100|[from] item: Leftovers
|-heal|p1a: Umbreon|87/100 par|[from] item: Leftovers
|upkeep
|turn|24
|
|t:|1743917420
|move|p1a: Umbreon|Protect|p1a: Umbreon
|-singleturn|p1a: Umbreon|Protect
|move|p2a: Kingambit|Low Kick|p1a: Umbreon
|-activate|p1a: Umbreon|move: Protect
|
|-heal|p2a: Kingambit|85/100|[from] item: Leftovers
|-heal|p1a: Umbreon|93/100 par|[from] item: Leftovers
|upkeep
|turn|25
|-message|azuki993 forfeited.
|
|win|Skssn
|raw|azuki993's rating: 1059 &rarr; <strong>1044</strong><br />(-15 for losing)
|raw|Skssn's rating: 1125 &rarr; <strong>1145</strong><br />(+20 for winning)
|l|☆azuki993
|player|p1|
|l|‽Skssn
|player|p2|
