|j|☆HRCassetteTape
|j|☆DuckSupreme
|inactive|Battle timer is ON: inactive players will automatically lose when time's up.
|t:|1743904569
|gametype|singles
|player|p1|HRCassetteTape|preschooler|
|player|p2|DuckSupreme|102|
|teamsize|p1|3
|teamsize|p2|3
|gen|9
|tier|[Gen 9] OU
|rated|Tournament battle
|rule|HP Percentage Mod: HP is shown in percentages
|rule|Endless Battle Clause: Forcing endless battles is banned
|rule|Species Clause: Limit one of each Pokémon
|rule|OHKO Clause: OHKO moves are banned
|rule|Evasion Items Clause: Evasion items are banned
|rule|Evasion Moves Clause: Evasion moves are banned
|rule|Sleep Moves Clause: Sleep-inducing moves are banned
|clearpoke
|poke|p1|Porygon|
|poke|p1|Zoroark-Hisui, M|
|poke|p1|Dragonite, F|
|poke|p2|Tinkaton, F|
|poke|p2|Magmar, F|
|poke|p2|Skiploom, M|
|teampreview
|j|*Lady Monita ❄
|c|☆HRCassetteTape|hf
|c|☆DuckSupreme|gl hf
|
|t:|1743904589
|start
|switch|p1a: Porygon|Porygon|100/100
|switch|p2a: Skiploom|Skiploom, M|100/100
|-ability|p1a: Porygon|Download|boost
|-boost|p1a: Porygon|atk|1
|turn|1
|
|t:|1743904597
|move|p2a: Skiploom|Tailwind|p2a: Skiploom
|-sidestart|p2: DuckSupreme|move: Tailwind
|move|p1a: Porygon|Ice Beam|p2a: Skiploom
|-supereffective|p2a: Skiploom
|-enditem|p2a: Skiploom|Focus Sash
|-damage|p2a: Skiploom|1/100
|-status|p2a: Skiploom|frz
|
|upkeep
|turn|2
|c|☆HRCassetteTape|my b
|
|t:|1743904607
|cant|p2a: Skiploom|frz
|move|p1a: Porygon|Discharge|p2a: Skiploom
|-damage|p2a: Skiploom|0 fnt
|faint|p2a: Skiploom
|
|upkeep
|
|t:|1743904617
|switch|p2a: Tinkaton|Tinkaton, F|100/100
|-ability|p2a: Tinkaton|Mold Breaker
|turn|3
|
|t:|1743904626
|move|p2a: Tinkaton|Gigaton Hammer|p1a: Porygon
|-damage|p1a: Porygon|29/100
|-damage|p2a: Tinkaton|91/100|[from] item: Life Orb
|move|p1a: Porygon|Thunder Wave|p2a: Tinkaton
|-status|p2a: Tinkaton|par
|
|upkeep
|turn|4
|
|t:|1743904640
|move|p2a: Tinkaton|Play Rough|p1a: Porygon
|-damage|p1a: Porygon|0 fnt
|faint|p1a: Porygon
|-damage|p2a: Tinkaton|81/100 par|[from] item: Life Orb
|
|-sideend|p2: DuckSupreme|move: Tailwind
|upkeep
|
|t:|1743904644
|switch|p1a: Dragonite|Dragonite, F|100/100
|turn|5
|
|t:|1743904650
|move|p1a: Dragonite|Earthquake|p2a: Tinkaton
|-supereffective|p2a: Tinkaton
|-damage|p2a: Tinkaton|0 fnt
|faint|p2a: Tinkaton
|
|upkeep
|
|t:|1743904653
|switch|p2a: Magmar|Magmar, F|100/100
|turn|6
|
|t:|1743904660
|move|p1a: Dragonite|Earthquake|p2a: Magmar
|-supereffective|p2a: Magmar
|-damage|p2a: Magmar|0 fnt
|faint|p2a: Magmar
|
|win|HRCassetteTape
|n|☆HRCassetteTape|hrcassettetape
|n|☆DuckSupreme|ducksupreme
|n|*Lady Monita ❄|ladymonita
