|j|☆lee__lonnie__love
|j|☆judewai27
|t:|1743836740
|gametype|singles
|player|p1|lee__lonnie__love|unknown|1372
|player|p2|judewai27|policeman-gen4|1383
|teamsize|p1|6
|teamsize|p2|6
|gen|9
|tier|[Gen 9] OU
|rated|
|rule|HP Percentage Mod: HP is shown in percentages
|rule|Endless Battle Clause: Forcing endless battles is banned
|rule|Species Clause: Limit one of each Pokémon
|rule|OHKO Clause: OHKO moves are banned
|rule|Evasion Items Clause: Evasion items are banned
|rule|Evasion Moves Clause: Evasion moves are banned
|rule|Sleep Moves Clause: Sleep-inducing moves are banned
|clearpoke
|poke|p1|Serperior, F|
|poke|p1|Samurott-Hisui, M|
|poke|p1|Landorus-Therian, M|
|poke|p1|Zamazenta-*|
|poke|p1|Kyurem|
|poke|p1|Slowking-Galar, M|
|poke|p2|Slowking-Galar, M|
|poke|p2|Ogerpon-Wellspring, F|
|poke|p2|Moltres|
|poke|p2|Weezing-Galar, M|
|poke|p2|Dragapult, F|
|poke|p2|Ting-Lu|
|teampreview
|
|t:|1743836757
|start
|switch|p1a: Serperior|Serperior, F, shiny|100/100
|switch|p2a: Ogerpon|Ogerpon-Wellspring, F|100/100
|turn|1
|inactive|Battle timer is ON: inactive players will automatically lose when time's up. (requested by judewai27)
|
|t:|1743836767
|move|p1a: Serperior|Substitute|p1a: Serperior
|-start|p1a: Serperior|Substitute
|-damage|p1a: Serperior|76/100
|move|p2a: Ogerpon|U-turn|p1a: Serperior
|-supereffective|p1a: Serperior
|-end|p1a: Serperior|Substitute
|
|t:|1743836769
|switch|p2a: Moltres|Moltres|100/100|[from] U-turn
|
|-heal|p1a: Serperior|82/100|[from] item: Leftovers
|upkeep
|turn|2
|
|t:|1743836787
|switch|p1a: Landorus|Landorus-Therian, M|100/100
|-ability|p1a: Landorus|Intimidate|boost
|-unboost|p2a: Moltres|atk|1
|switch|p2a: Ogerpon|Ogerpon-Wellspring, F|100/100
|
|upkeep
|turn|3
|
|t:|1743836797
|move|p2a: Ogerpon|Ivy Cudgel|p1a: Landorus|[anim] Ivy Cudgel Water
|-supereffective|p1a: Landorus
|-damage|p1a: Landorus|0 fnt
|faint|p1a: Landorus
|
|upkeep
|
|t:|1743836802
|switch|p1a: Serperior|Serperior, F, shiny|82/100
|turn|4
|
|t:|1743836815
|-terastallize|p1a: Serperior|Fire
|move|p1a: Serperior|Substitute|p1a: Serperior
|-start|p1a: Serperior|Substitute
|-damage|p1a: Serperior|57/100
|move|p2a: Ogerpon|U-turn|p1a: Serperior
|-resisted|p1a: Serperior
|-activate|p1a: Serperior|move: Substitute|[damage]
|
|t:|1743836825
|switch|p2a: Moltres|Moltres|100/100|[from] U-turn
|
|-heal|p1a: Serperior|63/100|[from] item: Leftovers
|upkeep
|turn|5
|
|t:|1743836831
|move|p1a: Serperior|Leaf Storm|p2a: Moltres
|-resisted|p2a: Moltres
|-damage|p2a: Moltres|86/100
|-boost|p1a: Serperior|spa|2
|move|p2a: Moltres|Scorching Sands|p1a: Serperior
|-supereffective|p1a: Serperior
|-end|p1a: Serperior|Substitute
|
|-heal|p1a: Serperior|70/100|[from] item: Leftovers
|upkeep
|turn|6
|inactive|lee__lonnie__love has 120 seconds left.
|
|t:|1743836862
|move|p1a: Serperior|Tera Blast|p2a: Moltres|[anim] Tera Blast Fire
|-resisted|p2a: Moltres
|-damage|p2a: Moltres|47/100
|move|p2a: Moltres|Scorching Sands|p1a: Serperior
|-supereffective|p1a: Serperior
|-damage|p1a: Serperior|8/100
|
|-heal|p1a: Serperior|14/100|[from] item: Leftovers
|upkeep
|turn|7
|inactive|lee__lonnie__love has 120 seconds left.
|
|t:|1743836881
|switch|p1a: Samurott|Samurott-Hisui, M, shiny|100/100
|move|p2a: Moltres|Roost|p2a: Moltres
|-heal|p2a: Moltres|97/100
|-singleturn|p2a: Moltres|move: Roost
|
|upkeep
|turn|8
|inactive|lee__lonnie__love has 120 seconds left.
|
|t:|1743836898
|switch|p2a: Ogerpon|Ogerpon-Wellspring, F|100/100
|move|p1a: Samurott|Ceaseless Edge|p2a: Ogerpon
|-crit|p2a: Ogerpon
|-damage|p2a: Ogerpon|12/100
|-sidestart|p2: judewai27|Spikes
|
|upkeep
|turn|9
|
|t:|1743836905
|move|p1a: Samurott|Ceaseless Edge|p2a: Ogerpon
|-damage|p2a: Ogerpon|0 fnt
|-sidestart|p2: judewai27|Spikes
|faint|p2a: Ogerpon
|
|upkeep
|inactive|judewai27 has 120 seconds left.
|
|t:|1743836953
|switch|p2a: Dragapult|Dragapult, F|100/100
|-damage|p2a: Dragapult|84/100|[from] Spikes
|turn|10
|
|t:|1743836962
|-terastallize|p2a: Dragapult|Fighting
|move|p1a: Samurott|Ceaseless Edge|p2a: Dragapult
|-resisted|p2a: Dragapult
|-damage|p2a: Dragapult|49/100
|-sidestart|p2: judewai27|Spikes
|move|p2a: Dragapult|Tera Blast|p1a: Samurott|[anim] Tera Blast Fighting
|-supereffective|p1a: Samurott
|-damage|p1a: Samurott|5/100
|
|upkeep
|turn|11
|inactive|lee__lonnie__love has 120 seconds left.
|
|t:|1743836983
|switch|p1a: Slowking|Slowking-Galar, M, shiny|100/100
|switch|p2a: Weezing|Weezing-Galar, M|100/100
|-ability|p2a: Weezing|Neutralizing Gas
|
|upkeep
|turn|12
|inactive|lee__lonnie__love has 120 seconds left.
|
|t:|1743837003
|move|p2a: Weezing|Defog|p1a: Slowking
|-unboost|p1a: Slowking|evasion|1
|-sideend|p2: judewai27|Spikes|[from] move: Defog|[of] p2a: Weezing
|move|p1a: Slowking|Future Sight|p2a: Weezing
|-start|p1a: Slowking|move: Future Sight
|
|upkeep
|turn|13
|
|t:|1743837026
|-end|p2a: Weezing|ability: Neutralizing Gas
|switch|p2a: Ting-Lu|Ting-Lu|100/100
|-ability|p2a: Ting-Lu|Vessel of Ruin
|-prepare|p1a: Slowking|Chilly Reception|[premajor]
|move|p1a: Slowking|Chilly Reception|p1a: Slowking
|-weather|Snowscape
|
|t:|1743837041
|switch|p1a: Kyurem|Kyurem, shiny|100/100|[from] Chilly Reception
|-ability|p1a: Kyurem|Pressure
|
|-weather|Snowscape|[upkeep]
|upkeep
|turn|14
|
|t:|1743837049
|move|p1a: Kyurem|Ice Beam|p2a: Ting-Lu
|-supereffective|p2a: Ting-Lu
|-damage|p2a: Ting-Lu|30/100
|move|p2a: Ting-Lu|Whirlwind|p1a: Kyurem
|drag|p1a: Slowking|Slowking-Galar, M, shiny|100/100
|
|-weather|Snowscape|[upkeep]
|-end|p2a: Ting-Lu|move: Future Sight
|-immune|p2a: Ting-Lu
|upkeep
|turn|15
|
|t:|1743837064
|move|p2a: Ting-Lu|Stealth Rock|p1a: Slowking
|-sidestart|p1: lee__lonnie__love|move: Stealth Rock
|-prepare|p1a: Slowking|Chilly Reception|[premajor]
|move|p1a: Slowking|Chilly Reception|p1a: Slowking
|
|t:|1743837081
|switch|p1a: Samurott|Samurott-Hisui, M, shiny|5/100|[from] Chilly Reception
|-damage|p1a: Samurott|0 fnt|[from] Stealth Rock
|faint|p1a: Samurott
|
|-weather|Snowscape|[upkeep]
|upkeep
|inactive|lee__lonnie__love has 90 seconds left.
|
|t:|1743837097
|switch|p1a: Kyurem|Kyurem, shiny|100/100
|-damage|p1a: Kyurem|76/100|[from] Stealth Rock
|-ability|p1a: Kyurem|Pressure
|turn|16
|inactive|lee__lonnie__love has 90 seconds left.
|
|t:|1743837106
|switch|p2a: Slowking|Slowking-Galar, M|100/100
|move|p1a: Kyurem|Draco Meteor|p2a: Slowking
|-damage|p2a: Slowking|16/100
|-unboost|p1a: Kyurem|spa|2
|
|-weather|Snowscape|[upkeep]
|-heal|p2a: Slowking|22/100|[from] item: Black Sludge
|upkeep
|turn|17
|
|t:|1743837114
|switch|p2a: Weezing|Weezing-Galar, M|100/100
|-ability|p2a: Weezing|Neutralizing Gas
|move|p1a: Kyurem|Draco Meteor|p2a: Weezing
|-immune|p2a: Weezing
|
|-weather|none
|upkeep
|turn|18
|
|t:|1743837123
|switch|p1a: Slowking|Slowking-Galar, M, shiny|100/100
|-end|p2a: Weezing|ability: Neutralizing Gas
|switch|p2a: Dragapult|Dragapult, F, tera:Fighting|49/100
|
|upkeep
|turn|19
|
|t:|1743837133
|move|p2a: Dragapult|Shadow Ball|p1a: Slowking
|-supereffective|p1a: Slowking
|-damage|p1a: Slowking|42/100
|-unboost|p1a: Slowking|spd|1
|move|p1a: Slowking|Thunder Wave|p2a: Dragapult
|-status|p2a: Dragapult|par
|
|upkeep
|turn|20
|
|t:|1743837151
|switch|p1a: Serperior|Serperior, F, shiny, tera:Fire|14/100
|-damage|p1a: Serperior|0 fnt|[from] Stealth Rock
|faint|p1a: Serperior
|move|p2a: Dragapult|Shadow Ball|p1: Serperior|[notarget]
|-fail|p2a: Dragapult
|
|upkeep
|inactive|lee__lonnie__love has 90 seconds left.
|
|t:|1743837163
|switch|p1a: Slowking|Slowking-Galar, M, shiny|75/100
|turn|21
|inactive|lee__lonnie__love has 90 seconds left.
|
|t:|1743837174
|move|p2a: Dragapult|Shadow Ball|p1a: Slowking
|-supereffective|p1a: Slowking
|-damage|p1a: Slowking|23/100
|-unboost|p1a: Slowking|spd|1
|move|p1a: Slowking|Sludge Wave|p2a: Dragapult
|-damage|p2a: Dragapult|0 fnt
|faint|p2a: Dragapult
|
|upkeep
|
|t:|1743837190
|switch|p2a: Moltres|Moltres|97/100
|turn|22
|
|t:|1743837196
|move|p2a: Moltres|Flamethrower|p1a: Slowking
|-damage|p1a: Slowking|0 fnt
|faint|p1a: Slowking
|
|upkeep
|
|t:|1743837205
|switch|p1a: Zamazenta|Zamazenta|100/100
|-damage|p1a: Zamazenta|94/100|[from] Stealth Rock
|-ability|p1a: Zamazenta|Dauntless Shield|boost
|-boost|p1a: Zamazenta|def|1
|turn|23
|
|t:|1743837213
|move|p1a: Zamazenta|Body Slam|p2a: Moltres
|-damage|p2a: Moltres|65/100
|move|p2a: Moltres|Flamethrower|p1a: Zamazenta
|-damage|p1a: Zamazenta|70/100
|
|upkeep
|turn|24
|
|t:|1743837219
|move|p1a: Zamazenta|Body Slam|p2a: Moltres
|-damage|p2a: Moltres|28/100
|-status|p1a: Zamazenta|brn|[from] ability: Flame Body|[of] p2a: Moltres
|move|p2a: Moltres|Roost|p2a: Moltres
|-heal|p2a: Moltres|78/100
|-singleturn|p2a: Moltres|move: Roost
|
|-damage|p1a: Zamazenta|63/100 brn|[from] brn
|upkeep
|turn|25
|
|t:|1743837228
|move|p1a: Zamazenta|Body Slam|p2a: Moltres
|-damage|p2a: Moltres|61/100
|move|p2a: Moltres|Roost|p2a: Moltres
|-heal|p2a: Moltres|100/100
|-singleturn|p2a: Moltres|move: Roost
|
|-damage|p1a: Zamazenta|57/100 brn|[from] brn
|upkeep
|turn|26
|inactive|lee__lonnie__love has 120 seconds left.
|
|t:|1743837236
|move|p1a: Zamazenta|Body Slam|p2a: Moltres
|-damage|p2a: Moltres|84/100
|-status|p2a: Moltres|par
|move|p2a: Moltres|Flamethrower|p1a: Zamazenta
|-damage|p1a: Zamazenta|33/100 brn
|
|-damage|p1a: Zamazenta|27/100 brn|[from] brn
|upkeep
|turn|27
|inactive|lee__lonnie__love has 120 seconds left.
|
|t:|1743837250
|move|p1a: Zamazenta|Body Slam|p2a: Moltres
|-damage|p2a: Moltres|66/100 par
|move|p2a: Moltres|Flamethrower|p1a: Zamazenta
|-damage|p1a: Zamazenta|4/100 brn
|
|-damage|p1a: Zamazenta|0 fnt|[from] brn
|faint|p1a: Zamazenta
|upkeep
|inactive|lee__lonnie__love has 120 seconds left.
|
|t:|1743837259
|switch|p1a: Kyurem|Kyurem, shiny|76/100
|-damage|p1a: Kyurem|51/100|[from] Stealth Rock
|-ability|p1a: Kyurem|Pressure
|turn|28
|
|t:|1743837265
|move|p1a: Kyurem|Ice Beam|p2a: Moltres
|-damage|p2a: Moltres|0 fnt
|faint|p2a: Moltres
|
|upkeep
|
|t:|1743837269
|switch|p2a: Slowking|Slowking-Galar, M|55/100
|turn|29
|
|t:|1743837271
|switch|p2a: Ting-Lu|Ting-Lu|30/100
|-ability|p2a: Ting-Lu|Vessel of Ruin
|move|p1a: Kyurem|Ice Beam|p2a: Ting-Lu
|-supereffective|p2a: Ting-Lu
|-damage|p2a: Ting-Lu|0 fnt
|faint|p2a: Ting-Lu
|
|upkeep
|
|t:|1743837273
|switch|p2a: Slowking|Slowking-Galar, M|89/100
|turn|30
|
|t:|1743837281
|move|p1a: Kyurem|Ice Beam|p2a: Slowking
|-damage|p2a: Slowking|33/100
|move|p2a: Slowking|Thunder Wave|p1a: Kyurem
|-status|p1a: Kyurem|par
|
|-heal|p2a: Slowking|39/100|[from] item: Black Sludge
|upkeep
|turn|31
|
|t:|1743837288
|move|p1a: Kyurem|Ice Beam|p2a: Slowking
|-damage|p2a: Slowking|0 fnt
|faint|p2a: Slowking
|
|upkeep
|
|t:|1743837290
|switch|p2a: Weezing|Weezing-Galar, M|100/100
|-ability|p2a: Weezing|Neutralizing Gas
|turn|32
|
|t:|1743837294
|move|p2a: Weezing|Strange Steam|p1a: Kyurem
|-supereffective|p1a: Kyurem
|-damage|p1a: Kyurem|2/100 par
|-start|p1a: Kyurem|confusion
|-activate|p1a: Kyurem|confusion
|move|p1a: Kyurem|Ice Beam|p2a: Weezing
|-damage|p2a: Weezing|0 fnt
|faint|p2a: Weezing
|-end|p2a: Weezing|ability: Neutralizing Gas
|-ability|p1a: Kyurem|Pressure
|
|win|lee__lonnie__love
|raw|lee__lonnie__love's rating: 1372 &rarr; <strong>1393</strong><br />(+21 for winning)
|raw|judewai27's rating: 1383 &rarr; <strong>1362</strong><br />(-21 for losing)
|c|☆judewai27|gg
|c|☆lee__lonnie__love|gg
|l|☆judewai27
|player|p2|
