|j|☆poisonstingpete
|j|☆KrimsonDaTyrant
|t:|1743887863
|gametype|singles
|player|p1|poisonstingpete|bugcatcher-gen4dp|1280
|player|p2|KrimsonDaTyrant|170|1311
|teamsize|p1|6
|teamsize|p2|6
|gen|9
|tier|[Gen 9] OU
|rated|
|rule|HP Percentage Mod: HP is shown in percentages
|rule|Endless Battle Clause: Forcing endless battles is banned
|rule|Species Clause: Limit one of each Pokémon
|rule|OHKO Clause: OHKO moves are banned
|rule|Evasion Items Clause: Evasion items are banned
|rule|Evasion Moves Clause: Evasion moves are banned
|rule|Sleep Moves Clause: Sleep-inducing moves are banned
|clearpoke
|poke|p1|Zapdos-Galar|
|poke|p1|Excadrill, F|
|poke|p1|Empoleon, F|
|poke|p1|Enamorus, F|
|poke|p1|Necrozma|
|poke|p1|Heatran, M|
|poke|p2|Iron Crown|
|poke|p2|Iron Hands|
|poke|p2|Grimmsnarl, M|
|poke|p2|Great Tusk|
|poke|p2|Dragonite, F|
|poke|p2|Glimmora, F|
|teampreview
|
|t:|1743887882
|start
|switch|p1a: Zapdos|Zapdos-Galar|100/100
|switch|p2a: Grimmsnarl|Grimmsnarl, M, shiny|100/100
|turn|1
|
|t:|1743887891
|switch|p1a: Heatran|Heatran, M|100/100
|move|p2a: Grimmsnarl|Reflect|p2a: Grimmsnarl
|-sidestart|p2: KrimsonDaTyrant|Reflect
|
|upkeep
|turn|2
|
|t:|1743887897
|move|p2a: Grimmsnarl|Parting Shot|p1a: Heatran
|-unboost|p1a: Heatran|atk|1
|-unboost|p1a: Heatran|spa|1
|
|t:|1743887907
|switch|p2a: Dragonite|Dragonite, F|100/100|[from] Parting Shot
|move|p1a: Heatran|Flash Cannon|p2a: Dragonite
|-damage|p2a: Dragonite|86/100
|
|upkeep
|turn|3
|
|t:|1743887915
|switch|p1a: Empoleon|Empoleon, F|100/100
|move|p2a: Dragonite|Dragon Dance|p2a: Dragonite
|-boost|p2a: Dragonite|atk|1
|-boost|p2a: Dragonite|spe|1
|-enditem|p1a: Empoleon|Mirror Herb
|-boost|p1a: Empoleon|atk|1|[from] item: Mirror Herb
|-boost|p1a: Empoleon|spe|1|[from] item: Mirror Herb
|
|upkeep
|turn|4
|
|t:|1743887952
|-terastallize|p2a: Dragonite|Fire
|move|p2a: Dragonite|Dragon Dance|p2a: Dragonite
|-boost|p2a: Dragonite|atk|1
|-boost|p2a: Dragonite|spe|1
|move|p1a: Empoleon|Ice Beam|p2a: Dragonite
|-resisted|p2a: Dragonite
|-damage|p2a: Dragonite|70/100
|
|upkeep
|turn|5
|
|t:|1743887964
|move|p2a: Dragonite|Encore|p1a: Empoleon
|-start|p1a: Empoleon|Encore
|move|p1a: Empoleon|Ice Beam|p2a: Dragonite
|-resisted|p2a: Dragonite
|-damage|p2a: Dragonite|54/100
|
|upkeep
|turn|6
|
|t:|1743887979
|switch|p1a: Heatran|Heatran, M|100/100
|move|p2a: Dragonite|Dragon Dance|p2a: Dragonite
|-boost|p2a: Dragonite|atk|1
|-boost|p2a: Dragonite|spe|1
|
|upkeep
|turn|7
|
|t:|1743887985
|move|p2a: Dragonite|Scale Shot|p1a: Heatran
|-resisted|p1a: Heatran
|-damage|p1a: Heatran|86/100
|-resisted|p1a: Heatran
|-damage|p1a: Heatran|71/100
|-resisted|p1a: Heatran
|-damage|p1a: Heatran|54/100
|-resisted|p1a: Heatran
|-damage|p1a: Heatran|38/100
|-resisted|p1a: Heatran
|-damage|p1a: Heatran|23/100
|-hitcount|p1a: Heatran|5
|-unboost|p2a: Dragonite|def|1
|-boost|p2a: Dragonite|spe|1
|move|p1a: Heatran|Flash Cannon|p2a: Dragonite
|-resisted|p2a: Dragonite
|-damage|p2a: Dragonite|31/100
|
|upkeep
|turn|8
|
|t:|1743888004
|move|p2a: Dragonite|Dragon Dance|p2a: Dragonite
|-boost|p2a: Dragonite|atk|1
|-boost|p2a: Dragonite|spe|1
|move|p1a: Heatran|Earth Power|p2a: Dragonite
|-supereffective|p2a: Dragonite
|-damage|p2a: Dragonite|0 fnt
|faint|p2a: Dragonite
|
|-sideend|p2: KrimsonDaTyrant|Reflect
|upkeep
|
|t:|1743888012
|switch|p2a: Grimmsnarl|Grimmsnarl, M, shiny|100/100
|turn|9
|
|t:|1743888014
|move|p2a: Grimmsnarl|Light Screen|p2a: Grimmsnarl
|-sidestart|p2: KrimsonDaTyrant|move: Light Screen
|move|p1a: Heatran|Flash Cannon|p2a: Grimmsnarl
|-supereffective|p2a: Grimmsnarl
|-damage|p2a: Grimmsnarl|62/100
|
|upkeep
|turn|10
|
|t:|1743888017
|move|p2a: Grimmsnarl|Reflect|p2a: Grimmsnarl
|-sidestart|p2: KrimsonDaTyrant|Reflect
|move|p1a: Heatran|Flash Cannon|p2a: Grimmsnarl
|-supereffective|p2a: Grimmsnarl
|-damage|p2a: Grimmsnarl|23/100
|
|upkeep
|turn|11
|
|t:|1743888019
|move|p2a: Grimmsnarl|Parting Shot|p1a: Heatran
|-unboost|p1a: Heatran|atk|1
|-unboost|p1a: Heatran|spa|1
|
|t:|1743888022
|switch|p2a: ZachuVGC|Iron Hands|100/100|[from] Parting Shot
|move|p1a: Heatran|Flash Cannon|p2a: ZachuVGC
|-resisted|p2a: ZachuVGC
|-damage|p2a: ZachuVGC|95/100
|
|-heal|p2a: ZachuVGC|100/100|[from] item: Leftovers
|upkeep
|turn|12
|
|t:|1743888027
|move|p1a: Heatran|Earth Power|p2a: ZachuVGC
|-supereffective|p2a: ZachuVGC
|-damage|p2a: ZachuVGC|83/100
|move|p2a: ZachuVGC|Swords Dance|p2a: ZachuVGC
|-boost|p2a: ZachuVGC|atk|2
|
|-heal|p2a: ZachuVGC|90/100|[from] item: Leftovers
|upkeep
|turn|13
|
|t:|1743888037
|move|p1a: Heatran|Fire Blast|p2a: ZachuVGC
|-damage|p2a: ZachuVGC|74/100
|move|p2a: ZachuVGC|Drain Punch|p1a: Heatran
|-supereffective|p1a: Heatran
|-damage|p1a: Heatran|0 fnt
|-heal|p2a: ZachuVGC|82/100|[from] drain|[of] p1a: Heatran
|faint|p1a: Heatran
|
|-heal|p2a: ZachuVGC|88/100|[from] item: Leftovers
|upkeep
|
|t:|1743888049
|switch|p1a: Necrozma|Necrozma|100/100
|turn|14
|
|t:|1743888055
|move|p1a: Necrozma|Reflect|p1a: Necrozma
|-sidestart|p1: poisonstingpete|Reflect
|move|p2a: ZachuVGC|Thunder Punch|p1a: Necrozma
|-damage|p1a: Necrozma|65/100
|
|-heal|p2a: ZachuVGC|94/100|[from] item: Leftovers
|upkeep
|turn|15
|
|t:|1743888062
|move|p1a: Necrozma|Psyshock|p2a: ZachuVGC
|-supereffective|p2a: ZachuVGC
|-damage|p2a: ZachuVGC|66/100
|move|p2a: ZachuVGC|Thunder Punch|p1a: Necrozma
|-damage|p1a: Necrozma|34/100
|
|-heal|p2a: ZachuVGC|72/100|[from] item: Leftovers
|upkeep
|turn|16
|
|t:|1743888069
|move|p1a: Necrozma|Psyshock|p2a: ZachuVGC
|-supereffective|p2a: ZachuVGC
|-damage|p2a: ZachuVGC|43/100
|move|p2a: ZachuVGC|Thunder Punch|p1a: Necrozma
|-damage|p1a: Necrozma|0 fnt
|faint|p1a: Necrozma
|
|-heal|p2a: ZachuVGC|49/100|[from] item: Leftovers
|-sideend|p2: KrimsonDaTyrant|move: Light Screen
|upkeep
|
|t:|1743888078
|switch|p1a: Enamorus|Enamorus, F|100/100
|turn|17
|
|t:|1743888081
|move|p1a: Enamorus|Moonblast|p2a: ZachuVGC
|-supereffective|p2a: ZachuVGC
|-damage|p2a: ZachuVGC|0 fnt
|faint|p2a: ZachuVGC
|-end|p2a: ZachuVGC|Quark Drive|[silent]
|
|-sideend|p2: KrimsonDaTyrant|Reflect
|upkeep
|
|t:|1743888086
|switch|p2a: Grimmsnarl|Grimmsnarl, M, shiny|23/100
|turn|18
|
|t:|1743888090
|move|p2a: Grimmsnarl|Light Screen|p2a: Grimmsnarl
|-sidestart|p2: KrimsonDaTyrant|move: Light Screen
|move|p1a: Enamorus|Moonblast|p2a: Grimmsnarl
|-supereffective|p2a: Grimmsnarl
|-damage|p2a: Grimmsnarl|0 fnt
|faint|p2a: Grimmsnarl
|
|-sideend|p1: poisonstingpete|Reflect
|upkeep
|
|t:|1743888094
|switch|p2a: Iron Crown|Iron Crown|100/100
|-enditem|p2a: Iron Crown|Booster Energy
|-activate|p2a: Iron Crown|ability: Quark Drive|[fromitem]
|-start|p2a: Iron Crown|quarkdrivespe
|turn|19
|
|t:|1743888103
|switch|p1a: Empoleon|Empoleon, F|100/100
|move|p2a: Iron Crown|Iron Defense|p2a: Iron Crown
|-boost|p2a: Iron Crown|def|2
|
|upkeep
|turn|20
|
|t:|1743888112
|move|p2a: Iron Crown|Calm Mind|p2a: Iron Crown
|-boost|p2a: Iron Crown|spa|1
|-boost|p2a: Iron Crown|spd|1
|move|p1a: Empoleon|Hydro Pump|p2a: Iron Crown
|-damage|p2a: Iron Crown|83/100
|
|upkeep
|turn|21
|
|t:|1743888117
|move|p2a: Iron Crown|Calm Mind|p2a: Iron Crown
|-boost|p2a: Iron Crown|spa|1
|-boost|p2a: Iron Crown|spd|1
|move|p1a: Empoleon|Hydro Pump|p2a: Iron Crown
|-damage|p2a: Iron Crown|69/100
|
|upkeep
|turn|22
|
|t:|1743888123
|move|p2a: Iron Crown|Calm Mind|p2a: Iron Crown
|-boost|p2a: Iron Crown|spa|1
|-boost|p2a: Iron Crown|spd|1
|move|p1a: Empoleon|Hydro Pump|p2a: Iron Crown
|-damage|p2a: Iron Crown|58/100
|
|upkeep
|turn|23
|
|t:|1743888125
|move|p2a: Iron Crown|Calm Mind|p2a: Iron Crown
|-boost|p2a: Iron Crown|spa|1
|-boost|p2a: Iron Crown|spd|1
|move|p1a: Empoleon|Hydro Pump|p2a: Iron Crown
|-damage|p2a: Iron Crown|50/100
|
|upkeep
|turn|24
|
|t:|1743888128
|move|p2a: Iron Crown|Stored Power|p1a: Empoleon
|-resisted|p1a: Empoleon
|-damage|p1a: Empoleon|0 fnt
|faint|p1a: Empoleon
|
|upkeep
|
|t:|1743888129
|switch|p1a: Zapdos|Zapdos-Galar|100/100
|turn|25
|
|t:|1743888145
|-terastallize|p1a: Zapdos|Dark
|move|p1a: Zapdos|Knock Off|p2a: Iron Crown
|-supereffective|p2a: Iron Crown
|-damage|p2a: Iron Crown|15/100
|move|p2a: Iron Crown|Stored Power|p1a: Zapdos
|-immune|p1a: Zapdos
|
|-sideend|p2: KrimsonDaTyrant|move: Light Screen
|upkeep
|turn|26
|
|t:|1743888149
|move|p1a: Zapdos|Knock Off|p2a: Iron Crown
|-supereffective|p2a: Iron Crown
|-damage|p2a: Iron Crown|0 fnt
|faint|p2a: Iron Crown
|-end|p2a: Iron Crown|Quark Drive|[silent]
|
|upkeep
|
|t:|1743888151
|switch|p2a: Great Tusk|Great Tusk|100/100
|-enditem|p2a: Great Tusk|Booster Energy
|-activate|p2a: Great Tusk|ability: Protosynthesis|[fromitem]
|-start|p2a: Great Tusk|protosynthesisspe
|turn|27
|c|☆KrimsonDaTyrant|nice
|
|t:|1743888163
|switch|p1a: Excadrill|Excadrill, F|100/100
|-ability|p1a: Excadrill|Mold Breaker
|move|p2a: Great Tusk|Bulk Up|p2a: Great Tusk
|-boost|p2a: Great Tusk|atk|1
|-boost|p2a: Great Tusk|def|1
|
|upkeep
|turn|28
|
|t:|1743888178
|move|p2a: Great Tusk|Headlong Rush|p1a: Excadrill
|-supereffective|p1a: Excadrill
|-damage|p1a: Excadrill|0 fnt
|-unboost|p2a: Great Tusk|def|1
|-unboost|p2a: Great Tusk|spd|1
|-damage|p2a: Great Tusk|84/100|[from] item: Rocky Helmet|[of] p1a: Excadrill
|faint|p1a: Excadrill
|
|upkeep
|
|t:|1743888180
|switch|p1a: Enamorus|Enamorus, F|100/100
|turn|29
|
|t:|1743888182
|move|p2a: Great Tusk|Ice Spinner|p1a: Enamorus
|-supereffective|p1a: Enamorus
|-damage|p1a: Enamorus|0 fnt
|faint|p1a: Enamorus
|
|upkeep
|
|t:|1743888184
|switch|p1a: Zapdos|Zapdos-Galar, tera:Dark|100/100
|turn|30
|
|t:|1743888186
|move|p1a: Zapdos|Brave Bird|p2a: Great Tusk
|-supereffective|p2a: Great Tusk
|-damage|p2a: Great Tusk|5/100
|-damage|p1a: Zapdos|65/100|[from] Recoil
|move|p2a: Great Tusk|Headlong Rush|p1a: Zapdos
|-damage|p1a: Zapdos|0 fnt
|-unboost|p2a: Great Tusk|def|1
|-unboost|p2a: Great Tusk|spd|1
|faint|p1a: Zapdos
|
|win|KrimsonDaTyrant
|raw|poisonstingpete's rating: 1280 &rarr; <strong>1257</strong><br />(-23 for losing)
|raw|KrimsonDaTyrant's rating: 1311 &rarr; <strong>1329</strong><br />(+18 for winning)
|c|☆poisonstingpete|Gg
|c|☆KrimsonDaTyrant|gg
|l|☆KrimsonDaTyrant
|player|p2|
|l|☆poisonstingpete
|player|p1|
