|j|‽STALLGOAT14
|j|☆ciderbuzz
|t:|1743786199
|gametype|singles
|player|p1|STALLGOAT14|265|1626
|player|p2|ciderbuzz|101|1631
|teamsize|p1|6
|teamsize|p2|6
|gen|9
|tier|[Gen 9] OU
|rated|
|rule|HP Percentage Mod: HP is shown in percentages
|rule|Endless Battle Clause: Forcing endless battles is banned
|rule|Species Clause: Limit one of each Pokémon
|rule|OHKO Clause: OHKO moves are banned
|rule|Evasion Items Clause: Evasion items are banned
|rule|Evasion Moves Clause: Evasion moves are banned
|rule|Sleep Moves Clause: Sleep-inducing moves are banned
|clearpoke
|poke|p1|Blissey, F|
|poke|p1|Clefable, F|
|poke|p1|Gliscor, F|
|poke|p1|Ting-Lu|
|poke|p1|Dondozo, F|
|poke|p1|Amoonguss, F|
|poke|p2|Enamorus, F|
|poke|p2|Araquanid, F|
|poke|p2|Gholdengo|
|poke|p2|Pawmot, F|
|poke|p2|Iron Treads|
|poke|p2|Salamence, F|
|teampreview
|inactive|Battle timer is ON: inactive players will automatically lose when time's up. (requested by STALLGOAT14)
|inactive|ciderbuzz also wants the timer to be on.
|
|t:|1743786229
|start
|switch|p1a: Amoonguss|Amoonguss, F|100/100
|switch|p2a: Araquanid|Araquanid, F, shiny|100/100
|turn|1
|
|t:|1743786232
|move|p2a: Araquanid|Sticky Web|p1a: Amoonguss
|-sidestart|p1: STALLGOAT14|move: Sticky Web
|move|p1a: Amoonguss|Toxic|p2a: Araquanid
|-status|p2a: Araquanid|tox
|
|-damage|p2a: Araquanid|94/100 tox|[from] psn
|upkeep
|turn|2
|
|t:|1743786245
|switch|p2a: Treasurer|Gholdengo, shiny|100/100
|move|p1a: Amoonguss|Foul Play|p2a: Treasurer
|-supereffective|p2a: Treasurer
|-damage|p2a: Treasurer|80/100
|
|upkeep
|turn|3
|
|t:|1743786254
|switch|p1a: Blissey|Blissey, F|100/100
|move|p2a: Treasurer|Make It Rain|p1a: Blissey
|-damage|p1a: Blissey|72/100
|-unboost|p2a: Treasurer|spa|1
|
|upkeep
|turn|4
|
|t:|1743786267
|switch|p2a: Araquanid|Araquanid, F, shiny|94/100 tox
|move|p1a: Blissey|Flamethrower|p2a: Araquanid
|-damage|p2a: Araquanid|88/100 tox
|
|-damage|p2a: Araquanid|82/100 tox|[from] psn
|upkeep
|turn|5
|
|t:|1743786274
|switch|p1a: Amoonguss|Amoonguss, F|100/100
|switch|p2a: Treasurer|Gholdengo, shiny|80/100
|
|upkeep
|turn|6
|
|t:|1743786281
|switch|p1a: Blissey|Blissey, F|72/100
|move|p2a: Treasurer|Psyshock|p1a: Blissey
|-damage|p1a: Blissey|30/100
|
|upkeep
|turn|7
|
|t:|1743786287
|-terastallize|p1a: Blissey|Dark
|move|p2a: Treasurer|Psyshock|p1a: Blissey
|-immune|p1a: Blissey
|move|p1a: Blissey|Soft-Boiled|p1a: Blissey
|-heal|p1a: Blissey|80/100
|
|upkeep
|turn|8
|
|t:|1743786295
|switch|p2a: Araquanid|Araquanid, F, shiny|82/100 tox
|move|p1a: Blissey|Seismic Toss|p2a: Araquanid
|-damage|p2a: Araquanid|53/100 tox
|
|-damage|p2a: Araquanid|47/100 tox|[from] psn
|upkeep
|turn|9
|
|t:|1743786300
|switch|p1a: Amoonguss|Amoonguss, F|100/100
|move|p2a: Araquanid|Endeavor|p1a: Amoonguss
|-damage|p1a: Amoonguss|37/100
|
|-damage|p2a: Araquanid|34/100 tox|[from] psn
|upkeep
|turn|10
|
|t:|1743786307
|switch|p2a: Treasurer|Gholdengo, shiny|80/100
|move|p1a: Amoonguss|Synthesis|p1a: Amoonguss
|-heal|p1a: Amoonguss|87/100
|
|upkeep
|turn|11
|
|t:|1743786314
|switch|p1a: Blissey|Blissey, F, tera:Dark|80/100
|move|p2a: Treasurer|Trick|p1a: Blissey
|-activate|p2a: Treasurer|move: Trick|[of] p1a: Blissey
|-item|p1a: Blissey|Choice Specs|[from] move: Trick
|-item|p2a: Treasurer|Heavy-Duty Boots|[from] move: Trick
|
|upkeep
|turn|12
|
|t:|1743786324
|switch|p2a: Araquanid|Araquanid, F, shiny|34/100 tox
|move|p1a: Blissey|Flamethrower|p2a: Araquanid
|-damage|p2a: Araquanid|25/100 tox
|
|-damage|p2a: Araquanid|19/100 tox|[from] psn
|upkeep
|turn|13
|
|t:|1743786331
|switch|p1a: Amoonguss|Amoonguss, F|100/100
|move|p2a: Araquanid|Endeavor|p1a: Amoonguss
|-damage|p1a: Amoonguss|15/100
|
|-damage|p2a: Araquanid|7/100 tox|[from] psn
|upkeep
|turn|14
|
|t:|1743786354
|move|p2a: Araquanid|Liquidation|p1a: Amoonguss
|-resisted|p1a: Amoonguss
|-damage|p1a: Amoonguss|0 fnt
|faint|p1a: Amoonguss
|
|-damage|p2a: Araquanid|0 fnt|[from] psn
|faint|p2a: Araquanid
|upkeep
|
|t:|1743786368
|switch|p2a: Deceiver|Pawmot, F|100/100
|switch|p1a: Gliscor|Gliscor, F|100/100
|turn|15
|
|t:|1743786372
|move|p2a: Deceiver|Ice Punch|p1a: Gliscor
|-supereffective|p1a: Gliscor
|-damage|p1a: Gliscor|45/100
|-status|p1a: Gliscor|frz
|cant|p1a: Gliscor|frz
|
|upkeep
|turn|16
|-message|STALLGOAT14 forfeited.
|
|win|ciderbuzz
|raw|STALLGOAT14's rating: 1626 &rarr; <strong>1606</strong><br />(-20 for losing)
|raw|ciderbuzz's rating: 1631 &rarr; <strong>1651</strong><br />(+20 for winning)
|l|‽STALLGOAT14
|player|p1|
|l|☆ciderbuzz
|player|p2|
