|j|☆Xephelix
|j|☆twelfthcard
|t:|1743832089
|gametype|singles
|player|p1|Xephelix|janitor|1161
|player|p2|twelfthcard|caitlin|1114
|teamsize|p1|6
|teamsize|p2|6
|gen|9
|tier|[Gen 9] OU
|rated|
|rule|HP Percentage Mod: HP is shown in percentages
|rule|Endless Battle Clause: Forcing endless battles is banned
|rule|Species Clause: Limit one of each Pokémon
|rule|OHKO Clause: OHKO moves are banned
|rule|Evasion Items Clause: Evasion items are banned
|rule|Evasion Moves Clause: Evasion moves are banned
|rule|Sleep Moves Clause: Sleep-inducing moves are banned
|clearpoke
|poke|p1|Glimmora, F|
|poke|p1|Kingambit, M|
|poke|p1|Serperior, M|
|poke|p1|Gholdengo|
|poke|p1|Zapdos-Galar|
|poke|p1|Dragonite, F|
|poke|p2|Mew|
|poke|p2|Toxapex, F|
|poke|p2|Serperior, F|
|poke|p2|Raikou|
|poke|p2|Greninja-*, M|
|poke|p2|Rampardos, F|
|teampreview
|
|t:|1743832095
|start
|switch|p1a: Glimmora|Glimmora, F|100/100
|switch|p2a: Toxapex|Toxapex, F|100/100
|turn|1
|
|t:|1743832105
|move|p1a: Glimmora|Earth Power|p2a: Toxapex
|-supereffective|p2a: Toxapex
|-damage|p2a: Toxapex|49/100
|move|p2a: Toxapex|Toxic Spikes|p1a: Glimmora
|-sidestart|p1: Xephelix|move: Toxic Spikes
|
|-heal|p2a: Toxapex|55/100|[from] item: Black Sludge
|upkeep
|turn|2
|
|t:|1743832115
|move|p1a: Glimmora|Earth Power|p2a: Toxapex
|-supereffective|p2a: Toxapex
|-damage|p2a: Toxapex|0 fnt
|faint|p2a: Toxapex
|
|upkeep
|
|t:|1743832125
|switch|p2a: Rampardos|Rampardos, F|100/100
|-ability|p2a: Rampardos|Mold Breaker
|turn|3
|
|t:|1743832133
|move|p1a: Glimmora|Mortal Spin|p2a: Rampardos
|-resisted|p2a: Rampardos
|-damage|p2a: Rampardos|97/100
|-status|p2a: Rampardos|psn
|-sideend|p1: Xephelix|Toxic Spikes|[from] move: Mortal Spin|[of] p1a: Glimmora
|move|p2a: Rampardos|Earthquake|p1a: Glimmora
|-supereffective|p1a: Glimmora
|-enditem|p1a: Glimmora|Focus Sash
|-damage|p1a: Glimmora|1/100
|-activate|p1a: Glimmora|ability: Toxic Debris
|-sidestart|p2: twelfthcard|move: Toxic Spikes
|
|-damage|p2a: Rampardos|85/100 psn|[from] psn
|upkeep
|turn|4
|
|t:|1743832147
|switch|p2a: Mew|Mew, shiny|100/100
|-status|p2a: Mew|psn
|move|p1a: Glimmora|Stealth Rock|p2a: Mew
|-sidestart|p2: twelfthcard|move: Stealth Rock
|
|-damage|p2a: Mew|88/100 psn|[from] psn
|upkeep
|turn|5
|
|t:|1743832161
|move|p2a: Mew|Transform|p1a: Glimmora
|-transform|p2a: Mew|p1a: Glimmora
|move|p1a: Glimmora|Power Gem|p2a: Mew
|-damage|p2a: Mew|40/100 psn
|
|-heal|p2a: Mew|46/100 psn|[from] item: Leftovers
|-damage|p2a: Mew|33/100 psn|[from] psn
|upkeep
|turn|6
|
|t:|1743832174
|move|p2a: Mew|Mortal Spin|p1a: Glimmora
|-resisted|p1a: Glimmora
|-damage|p1a: Glimmora|0 fnt
|-activate|p1a: Glimmora|ability: Toxic Debris
|-sidestart|p2: twelfthcard|move: Toxic Spikes
|-sideend|p2: twelfthcard|Toxic Spikes|[from] move: Mortal Spin|[of] p2a: Mew
|-sideend|p2: twelfthcard|Stealth Rock|[from] move: Mortal Spin|[of] p2a: Mew
|faint|p1a: Glimmora
|
|-heal|p2a: Mew|40/100 psn|[from] item: Leftovers
|-damage|p2a: Mew|27/100 psn|[from] psn
|upkeep
|
|t:|1743832186
|switch|p1a: Gholdengo|Gholdengo|100/100
|turn|7
|
|t:|1743832194
|move|p1a: Gholdengo|Make It Rain|p2a: Mew
|-supereffective|p2a: Mew
|-damage|p2a: Mew|0 fnt
|-unboost|p1a: Gholdengo|spa|1
|faint|p2a: Mew
|
|upkeep
|
|t:|1743832208
|switch|p2a: Rampardos|Rampardos, F|85/100 psn
|-ability|p2a: Rampardos|Mold Breaker
|turn|8
|
|t:|1743832214
|move|p1a: Gholdengo|Make It Rain|p2a: Rampardos
|-supereffective|p2a: Rampardos
|-damage|p2a: Rampardos|0 fnt
|-unboost|p1a: Gholdengo|spa|1
|faint|p2a: Rampardos
|
|upkeep
|
|t:|1743832223
|switch|p2a: Greninja|Greninja, M|100/100
|turn|9
|
|t:|1743832230
|switch|p1a: Serperior|Serperior, M|100/100
|move|p2a: Greninja|Dark Pulse|p1a: Serperior
|-start|p2a: Greninja|typechange|Dark|[from] ability: Protean
|-damage|p1a: Serperior|39/100
|-damage|p2a: Greninja|91/100|[from] item: Life Orb
|
|-heal|p1a: Serperior|45/100|[from] item: Leftovers
|upkeep
|turn|10
|
|t:|1743832242
|move|p1a: Serperior|Glare|p2a: Greninja
|-status|p2a: Greninja|par
|move|p2a: Greninja|Extrasensory|p1a: Serperior
|-damage|p1a: Serperior|5/100
|-damage|p2a: Greninja|81/100 par|[from] item: Life Orb
|
|-heal|p1a: Serperior|11/100|[from] item: Leftovers
|upkeep
|turn|11
|
|t:|1743832253
|move|p1a: Serperior|Leaf Storm|p2a: Greninja
|-damage|p2a: Greninja|14/100 par
|-boost|p1a: Serperior|spa|2
|move|p2a: Greninja|Dark Pulse|p1a: Serperior
|-damage|p1a: Serperior|0 fnt
|faint|p1a: Serperior
|-damage|p2a: Greninja|4/100 par|[from] item: Life Orb
|
|upkeep
|
|t:|1743832257
|switch|p1a: Zapdos|Zapdos-Galar|100/100
|turn|12
|
|t:|1743832265
|move|p1a: Zapdos|Knock Off|p2a: Greninja
|-resisted|p2a: Greninja
|-damage|p2a: Greninja|0 fnt
|-enditem|p2a: Greninja|Life Orb|[from] move: Knock Off|[of] p1a: Zapdos
|faint|p2a: Greninja
|
|upkeep
|
|t:|1743832271
|switch|p2a: Raikou|Raikou, shiny|100/100
|turn|13
|
|t:|1743832279
|move|p2a: Raikou|Thunderbolt|p1a: Zapdos
|-supereffective|p1a: Zapdos
|-damage|p1a: Zapdos|0 fnt
|faint|p1a: Zapdos
|
|upkeep
|
|t:|1743832287
|switch|p1a: Gholdengo|Gholdengo|100/100
|turn|14
|
|t:|1743832301
|move|p1a: Gholdengo|Make It Rain|p2a: Raikou
|-resisted|p2a: Raikou
|-damage|p2a: Raikou|67/100
|-unboost|p1a: Gholdengo|spa|1
|move|p2a: Raikou|Calm Mind|p2a: Raikou
|-boost|p2a: Raikou|spa|1
|-boost|p2a: Raikou|spd|1
|
|-heal|p2a: Raikou|74/100|[from] item: Leftovers
|upkeep
|turn|15
|
|t:|1743832320
|move|p1a: Gholdengo|Make It Rain|p2a: Raikou
|-resisted|p2a: Raikou
|-damage|p2a: Raikou|59/100
|-unboost|p1a: Gholdengo|spa|1
|move|p2a: Raikou|Thunderbolt|p1a: Gholdengo
|-damage|p1a: Gholdengo|24/100
|
|-heal|p2a: Raikou|65/100|[from] item: Leftovers
|upkeep
|turn|16
|
|t:|1743832330
|move|p1a: Gholdengo|Make It Rain|p2a: Raikou
|-resisted|p2a: Raikou
|-damage|p2a: Raikou|54/100
|-unboost|p1a: Gholdengo|spa|1
|move|p2a: Raikou|Thunderbolt|p1a: Gholdengo
|-damage|p1a: Gholdengo|0 fnt
|faint|p1a: Gholdengo
|
|-heal|p2a: Raikou|60/100|[from] item: Leftovers
|upkeep
|
|t:|1743832332
|switch|p1a: Dragonite|Dragonite, F|100/100
|turn|17
|
|t:|1743832342
|-terastallize|p2a: Raikou|Ice
|-terastallize|p1a: Dragonite|Normal
|move|p1a: Dragonite|Extreme Speed|p2a: Raikou
|-damage|p2a: Raikou|0 fnt
|faint|p2a: Raikou
|
|upkeep
|
|t:|1743832350
|switch|p2a: Serperior|Serperior, F|100/100
|turn|18
|
|t:|1743832355
|move|p1a: Dragonite|Extreme Speed|p2a: Serperior
|-damage|p2a: Serperior|17/100
|move|p2a: Serperior|Leaf Storm|p1a: Dragonite
|-damage|p1a: Dragonite|60/100
|-unboost|p2a: Serperior|spa|2
|
|upkeep
|turn|19
|-message|twelfthcard forfeited.
|
|win|Xephelix
|raw|Xephelix's rating: 1161 &rarr; <strong>1183</strong><br />(+22 for winning)
|raw|twelfthcard's rating: 1114 &rarr; <strong>1092</strong><br />(-22 for losing)
|l|☆twelfthcard
|player|p2|
|l|☆Xephelix
|player|p1|
