|j|☆Aperore
|j|☆An!elt0n D
|t:|1743861075
|gametype|singles
|player|p1|Aperore|pokemonbreeder-gen4|1331
|player|p2|An!elt0n D|grimsley|1362
|teamsize|p1|6
|teamsize|p2|6
|gen|9
|tier|[Gen 9] OU
|rated|
|rule|HP Percentage Mod: HP is shown in percentages
|rule|Endless Battle Clause: Forcing endless battles is banned
|rule|Species Clause: Limit one of each Pokémon
|rule|OHKO Clause: OHKO moves are banned
|rule|Evasion Items Clause: Evasion items are banned
|rule|Evasion Moves Clause: Evasion moves are banned
|rule|Sleep Moves Clause: Sleep-inducing moves are banned
|clearpoke
|poke|p1|Goodra, F|
|poke|p1|Gholdengo|
|poke|p1|Clodsire, M|
|poke|p1|Mandibuzz, F|
|poke|p1|Ogerpon-Wellspring, F|
|poke|p1|Kingambit, M|
|poke|p2|Iron Treads|
|poke|p2|Cloyster, M|
|poke|p2|Garchomp, M|
|poke|p2|Glimmora, F|
|poke|p2|Garganacl, M|
|poke|p2|Mimikyu, F|
|teampreview
|inactive|Battle timer is ON: inactive players will automatically lose when time's up. (requested by An!elt0n D)
|
|t:|1743861088
|start
|switch|p1a: Maskass|Ogerpon-Wellspring, F|100/100
|switch|p2a: Toxic friend|Glimmora, F, shiny|100/100
|turn|1
|
|t:|1743861096
|move|p1a: Maskass|U-turn|p2a: Toxic friend
|-resisted|p2a: Toxic friend
|-damage|p2a: Toxic friend|85/100
|-activate|p2a: Toxic friend|ability: Toxic Debris
|-sidestart|p1: Aperore|move: Toxic Spikes
|
|t:|1743861101
|switch|p1a: Limule|Clodsire, M|100/100|[from] U-turn
|-sideend|p1: Aperore|move: Toxic Spikes|[of] p1a: Limule
|move|p2a: Toxic friend|Sludge Bomb|p1a: Limule
|-resisted|p1a: Limule
|-damage|p1a: Limule|94/100
|
|-heal|p1a: Limule|100/100|[from] item: Black Sludge
|upkeep
|turn|2
|
|t:|1743861110
|move|p2a: Toxic friend|Stealth Rock|p1a: Limule
|-sidestart|p1: Aperore|move: Stealth Rock
|move|p1a: Limule|Earthquake|p2a: Toxic friend
|-supereffective|p2a: Toxic friend
|-damage|p2a: Toxic friend|0 fnt
|-activate|p2a: Toxic friend|ability: Toxic Debris
|-sidestart|p1: Aperore|move: Toxic Spikes
|faint|p2a: Toxic friend
|
|upkeep
|
|t:|1743861119
|switch|p2a: Hello :D|Cloyster, M, shiny|100/100
|turn|3
|
|t:|1743861136
|move|p2a: Hello :D|Shell Smash|p2a: Hello :D
|-unboost|p2a: Hello :D|def|1
|-unboost|p2a: Hello :D|spd|1
|-boost|p2a: Hello :D|atk|2
|-boost|p2a: Hello :D|spa|2
|-boost|p2a: Hello :D|spe|2
|move|p1a: Limule|Poison Jab|p2a: Hello :D
|-damage|p2a: Hello :D|70/100
|
|upkeep
|turn|4
|
|t:|1743861156
|move|p2a: Hello :D|Icicle Spear|p1a: Limule
|-supereffective|p1a: Limule
|-damage|p1a: Limule|57/100
|-supereffective|p1a: Limule
|-damage|p1a: Limule|9/100
|-supereffective|p1a: Limule
|-damage|p1a: Limule|0 fnt
|faint|p1a: Limule
|-hitcount|p1: Limule|3
|
|upkeep
|
|t:|1743861165
|switch|p1a: Pedro|Kingambit, M|100/100
|-damage|p1a: Pedro|94/100|[from] Stealth Rock
|turn|5
|
|t:|1743861178
|move|p1a: Pedro|Sucker Punch|p2a: Hello :D
|-damage|p2a: Hello :D|11/100
|move|p2a: Hello :D|Icicle Spear|p1a: Pedro
|-resisted|p1a: Pedro
|-damage|p1a: Pedro|87/100
|-resisted|p1a: Pedro
|-damage|p1a: Pedro|79/100
|-resisted|p1a: Pedro
|-damage|p1a: Pedro|72/100
|-resisted|p1a: Pedro
|-damage|p1a: Pedro|65/100
|-resisted|p1a: Pedro
|-damage|p1a: Pedro|57/100
|-hitcount|p1a: Pedro|5
|
|upkeep
|turn|6
|
|t:|1743861189
|move|p1a: Pedro|Sucker Punch||[still]
|-fail|p1a: Pedro
|move|p2a: Hello :D|Shell Smash|p2a: Hello :D
|-unboost|p2a: Hello :D|def|1
|-unboost|p2a: Hello :D|spd|1
|-boost|p2a: Hello :D|atk|2
|-boost|p2a: Hello :D|spa|2
|-boost|p2a: Hello :D|spe|2
|
|upkeep
|turn|7
|
|t:|1743861196
|move|p2a: Hello :D|Ice Shard|p1a: Pedro
|-resisted|p1a: Pedro
|-damage|p1a: Pedro|38/100
|move|p1a: Pedro|Sucker Punch||[still]
|-fail|p1a: Pedro
|
|upkeep
|turn|8
|
|t:|1743861204
|move|p2a: Hello :D|Ice Shard|p1a: Pedro
|-resisted|p1a: Pedro
|-damage|p1a: Pedro|18/100
|move|p1a: Pedro|Sucker Punch||[still]
|-fail|p1a: Pedro
|
|upkeep
|turn|9
|
|t:|1743861216
|move|p2a: Hello :D|Ice Shard|p1a: Pedro
|-resisted|p1a: Pedro
|-damage|p1a: Pedro|0 fnt
|faint|p1a: Pedro
|
|upkeep
|
|t:|1743861220
|switch|p1a: Ficello|Gholdengo, shiny|100/100
|-damage|p1a: Ficello|94/100|[from] Stealth Rock
|turn|10
|
|t:|1743861225
|move|p2a: Hello :D|Icicle Spear|p1a: Ficello
|-resisted|p1a: Ficello
|-damage|p1a: Ficello|79/100
|-resisted|p1a: Ficello
|-damage|p1a: Ficello|64/100
|-resisted|p1a: Ficello
|-damage|p1a: Ficello|50/100
|-resisted|p1a: Ficello
|-damage|p1a: Ficello|34/100
|-resisted|p1a: Ficello
|-damage|p1a: Ficello|18/100
|-hitcount|p1a: Ficello|5
|move|p1a: Ficello|Thunderbolt|p2a: Hello :D
|-supereffective|p2a: Hello :D
|-damage|p2a: Hello :D|0 fnt
|faint|p2a: Hello :D
|
|upkeep
|
|t:|1743861242
|switch|p2a: Ugly thing|Iron Treads, shiny|100/100
|-enditem|p2a: Ugly thing|Booster Energy
|-activate|p2a: Ugly thing|ability: Quark Drive|[fromitem]
|-start|p2a: Ugly thing|quarkdrivespe
|turn|11
|
|t:|1743861246
|switch|p1a: Calimero|Mandibuzz, F|100/100
|move|p2a: Ugly thing|Knock Off|p1a: Calimero
|-resisted|p1a: Calimero
|-damage|p1a: Calimero|93/100
|-enditem|p1a: Calimero|Heavy-Duty Boots|[from] move: Knock Off|[of] p2a: Ugly thing
|
|upkeep
|turn|12
|
|t:|1743861253
|move|p2a: Ugly thing|Ice Spinner|p1a: Calimero
|-supereffective|p1a: Calimero
|-damage|p1a: Calimero|62/100
|move|p1a: Calimero|Defog|p2a: Ugly thing
|-unboost|p2a: Ugly thing|evasion|1
|-sideend|p1: Aperore|Toxic Spikes|[from] move: Defog|[of] p1a: Calimero
|-sideend|p1: Aperore|Stealth Rock|[from] move: Defog|[of] p1a: Calimero
|
|upkeep
|turn|13
|
|t:|1743861261
|move|p2a: Ugly thing|Ice Spinner|p1a: Calimero
|-supereffective|p1a: Calimero
|-damage|p1a: Calimero|33/100
|move|p1a: Calimero|Knock Off|p2a: Ugly thing
|-damage|p2a: Ugly thing|86/100
|
|upkeep
|turn|14
|
|t:|1743861271
|move|p2a: Ugly thing|Ice Spinner|p1a: Calimero
|-supereffective|p1a: Calimero
|-damage|p1a: Calimero|6/100
|move|p1a: Calimero|Roost|p1a: Calimero
|-heal|p1a: Calimero|56/100
|-singleturn|p1a: Calimero|move: Roost
|
|upkeep
|turn|15
|
|t:|1743861286
|move|p2a: Ugly thing|Rapid Spin|p1a: Calimero
|-damage|p1a: Calimero|47/100
|-boost|p2a: Ugly thing|spe|1
|move|p1a: Calimero|Roost|p1a: Calimero
|-heal|p1a: Calimero|97/100
|-singleturn|p1a: Calimero|move: Roost
|
|upkeep
|turn|16
|
|t:|1743861300
|move|p2a: Ugly thing|Ice Spinner|p1a: Calimero
|-supereffective|p1a: Calimero
|-damage|p1a: Calimero|69/100
|move|p1a: Calimero|Knock Off|p2a: Ugly thing
|-damage|p2a: Ugly thing|71/100
|
|upkeep
|turn|17
|
|t:|1743861306
|move|p2a: Ugly thing|Ice Spinner|p1a: Calimero
|-supereffective|p1a: Calimero
|-damage|p1a: Calimero|42/100
|move|p1a: Calimero|Knock Off|p2a: Ugly thing
|-damage|p2a: Ugly thing|56/100
|
|upkeep
|turn|18
|
|t:|1743861313
|move|p2a: Ugly thing|Ice Spinner|p1a: Calimero
|-supereffective|p1a: Calimero
|-damage|p1a: Calimero|16/100
|move|p1a: Calimero|Roost|p1a: Calimero
|-heal|p1a: Calimero|66/100
|-singleturn|p1a: Calimero|move: Roost
|
|upkeep
|turn|19
|
|t:|1743861320
|move|p2a: Ugly thing|Ice Spinner|p1a: Calimero
|-supereffective|p1a: Calimero
|-damage|p1a: Calimero|36/100
|move|p1a: Calimero|Roost|p1a: Calimero
|-heal|p1a: Calimero|86/100
|-singleturn|p1a: Calimero|move: Roost
|
|upkeep
|turn|20
|
|t:|1743861327
|move|p2a: Ugly thing|Ice Spinner|p1a: Calimero
|-supereffective|p1a: Calimero
|-damage|p1a: Calimero|56/100
|move|p1a: Calimero|Knock Off|p2a: Ugly thing
|-damage|p2a: Ugly thing|41/100
|
|upkeep
|turn|21
|
|t:|1743861332
|move|p2a: Ugly thing|Ice Spinner|p1a: Calimero
|-supereffective|p1a: Calimero
|-damage|p1a: Calimero|25/100
|move|p1a: Calimero|Roost|p1a: Calimero
|-heal|p1a: Calimero|75/100
|-singleturn|p1a: Calimero|move: Roost
|
|upkeep
|turn|22
|
|t:|1743861339
|move|p2a: Ugly thing|Ice Spinner|p1a: Calimero
|-supereffective|p1a: Calimero
|-damage|p1a: Calimero|49/100
|move|p1a: Calimero|Knock Off|p2a: Ugly thing
|-crit|p2a: Ugly thing
|-damage|p2a: Ugly thing|21/100
|
|upkeep
|turn|23
|
|t:|1743861345
|move|p2a: Ugly thing|Ice Spinner|p1a: Calimero
|-supereffective|p1a: Calimero
|-crit|p1a: Calimero
|-damage|p1a: Calimero|9/100
|move|p1a: Calimero|Roost|p1a: Calimero
|-heal|p1a: Calimero|59/100
|-singleturn|p1a: Calimero|move: Roost
|
|upkeep
|turn|24
|
|t:|1743861352
|move|p2a: Ugly thing|Ice Spinner|p1a: Calimero
|-supereffective|p1a: Calimero
|-damage|p1a: Calimero|30/100
|move|p1a: Calimero|Roost|p1a: Calimero
|-heal|p1a: Calimero|80/100
|-singleturn|p1a: Calimero|move: Roost
|
|upkeep
|turn|25
|
|t:|1743861359
|move|p2a: Ugly thing|Ice Spinner|p1a: Calimero
|-supereffective|p1a: Calimero
|-damage|p1a: Calimero|54/100
|move|p1a: Calimero|Knock Off|p2a: Ugly thing
|-damage|p2a: Ugly thing|7/100
|
|upkeep
|turn|26
|
|t:|1743861366
|move|p2a: Ugly thing|Ice Spinner|p1a: Calimero
|-supereffective|p1a: Calimero
|-damage|p1a: Calimero|27/100
|move|p1a: Calimero|Roost|p1a: Calimero
|-heal|p1a: Calimero|77/100
|-singleturn|p1a: Calimero|move: Roost
|
|upkeep
|turn|27
|
|t:|1743861373
|move|p2a: Ugly thing|Ice Spinner|p1a: Calimero
|-supereffective|p1a: Calimero
|-damage|p1a: Calimero|46/100
|move|p1a: Calimero|Knock Off|p2a: Ugly thing
|-damage|p2a: Ugly thing|0 fnt
|faint|p2a: Ugly thing
|-end|p2a: Ugly thing|Quark Drive|[silent]
|
|upkeep
|
|t:|1743861382
|switch|p2a: Fakechu|Mimikyu, F|100/100
|turn|28
|
|t:|1743861395
|move|p2a: Fakechu|Swords Dance|p2a: Fakechu
|-boost|p2a: Fakechu|atk|2
|move|p1a: Calimero|Knock Off|p2a: Fakechu
|-activate|p2a: Fakechu|ability: Disguise
|-damage|p2a: Fakechu|100/100
|-enditem|p2a: Fakechu|Life Orb|[from] move: Knock Off|[of] p1a: Calimero
|detailschange|p2a: Fakechu|Mimikyu-Busted, F
|-damage|p2a: Fakechu|88/100|[from] pokemon: Mimikyu-Busted
|
|upkeep
|turn|29
|
|t:|1743861404
|move|p2a: Fakechu|Play Rough|p1a: Calimero
|-supereffective|p1a: Calimero
|-damage|p1a: Calimero|0 fnt
|faint|p1a: Calimero
|
|upkeep
|
|t:|1743861422
|switch|p1a: Gloomy|Goodra, F|100/100
|turn|30
|
|t:|1743861433
|-terastallize|p1a: Gloomy|Electric
|move|p2a: Fakechu|Shadow Claw|p1a: Gloomy
|-damage|p1a: Gloomy|20/100
|move|p1a: Gloomy|Thunderbolt|p2a: Fakechu
|-damage|p2a: Fakechu|26/100
|
|upkeep
|turn|31
|
|t:|1743861443
|move|p2a: Fakechu|Shadow Sneak|p1a: Gloomy
|-damage|p1a: Gloomy|0 fnt
|faint|p1a: Gloomy
|
|upkeep
|
|t:|1743861446
|switch|p1a: Maskass|Ogerpon-Wellspring, F|100/100
|turn|32
|
|t:|1743861452
|move|p2a: Fakechu|Shadow Sneak|p1a: Maskass
|-damage|p1a: Maskass|55/100
|move|p1a: Maskass|Horn Leech|p2a: Fakechu
|-damage|p2a: Fakechu|0 fnt
|-heal|p1a: Maskass|66/100|[from] drain|[of] p2a: Fakechu
|faint|p2a: Fakechu
|
|upkeep
|
|t:|1743861461
|switch|p2a: The Garchomp|Garchomp, M, shiny|100/100
|turn|33
|
|t:|1743861478
|move|p1a: Maskass|Play Rough|p2a: The Garchomp
|-supereffective|p2a: The Garchomp
|-damage|p2a: The Garchomp|33/100
|-damage|p1a: Maskass|54/100|[from] ability: Rough Skin|[of] p2a: The Garchomp
|move|p2a: The Garchomp|Scale Shot|p1a: Maskass
|-damage|p1a: Maskass|38/100
|-damage|p1a: Maskass|21/100
|-damage|p1a: Maskass|3/100
|-damage|p1a: Maskass|0 fnt
|faint|p1a: Maskass
|-hitcount|p1: Maskass|4
|-unboost|p2a: The Garchomp|def|1
|-boost|p2a: The Garchomp|spe|1
|
|upkeep
|c|☆An!elt0n D|Gg
|-message|Aperore forfeited.
|
|win|An!elt0n D
|raw|Aperore's rating: 1331 &rarr; <strong>1313</strong><br />(-18 for losing)
|raw|An!elt0n D's rating: 1362 &rarr; <strong>1380</strong><br />(+18 for winning)
|l|☆Aperore
|player|p1|
|l|☆An!elt0n D
|player|p2|
