|j|☆Power5121
|j|‽SDF is gay
|t:|1743915543
|gametype|singles
|player|p1|Power5121|victor-league|1172
|player|p2|SDF is gay|265|1133
|teamsize|p1|6
|teamsize|p2|6
|gen|9
|tier|[Gen 9] OU
|rated|
|rule|HP Percentage Mod: HP is shown in percentages
|rule|Endless Battle Clause: Forcing endless battles is banned
|rule|Species Clause: Limit one of each Pokémon
|rule|OHKO Clause: OHKO moves are banned
|rule|Evasion Items Clause: Evasion items are banned
|rule|Evasion Moves Clause: Evasion moves are banned
|rule|Sleep Moves Clause: Sleep-inducing moves are banned
|clearpoke
|poke|p1|Blissey, F|
|poke|p1|Alomomola, M|
|poke|p1|Great Tusk|
|poke|p1|Gholdengo|
|poke|p1|Zoroark-Hisui, M|
|poke|p1|Toucannon, M|
|poke|p2|Araquanid, F|
|poke|p2|Gholdengo|
|poke|p2|Iron Moth|
|poke|p2|Iron Valiant|
|poke|p2|Raging Bolt|
|poke|p2|Kingambit, F|
|teampreview
|inactive|Battle timer is ON: inactive players will automatically lose when time's up. (requested by Power5121)
|
|t:|1743915569
|start
|switch|p1a: Toucannon|Toucannon, M|100/100
|switch|p2a: Araquanid|Araquanid, F|100/100
|turn|1
|
|t:|1743915572
|move|p1a: Toucannon|Rock Blast|p2a: Araquanid
|-supereffective|p2a: Araquanid
|-damage|p2a: Araquanid|82/100
|-supereffective|p2a: Araquanid
|-damage|p2a: Araquanid|63/100
|-supereffective|p2a: Araquanid
|-damage|p2a: Araquanid|43/100
|-supereffective|p2a: Araquanid
|-damage|p2a: Araquanid|26/100
|-supereffective|p2a: Araquanid
|-damage|p2a: Araquanid|9/100
|-hitcount|p2a: Araquanid|5
|move|p2a: Araquanid|Sticky Web|p1a: Toucannon
|-sidestart|p1: Power5121|move: Sticky Web
|
|upkeep
|turn|2
|-enditem|p2a: Araquanid|Custap Berry|[eat]
|-activate|p2a: Araquanid|item: Custap Berry|[consumed]
|
|t:|1743915583
|move|p2a: Araquanid|Endeavor|p1a: Toucannon
|-damage|p1a: Toucannon|9/100
|move|p1a: Toucannon|Roost|p1a: Toucannon
|-heal|p1a: Toucannon|59/100
|-singleturn|p1a: Toucannon|move: Roost
|
|upkeep
|turn|3
|
|t:|1743915589
|move|p1a: Toucannon|Bullet Seed|p2a: Araquanid
|-damage|p2a: Araquanid|1/100
|-damage|p2a: Araquanid|0 fnt
|faint|p2a: Araquanid
|-hitcount|p2: Araquanid|2
|
|upkeep
|
|t:|1743915590
|switch|p2a: Iron Moth|Iron Moth|100/100
|-enditem|p2a: Iron Moth|Booster Energy
|-activate|p2a: Iron Moth|ability: Quark Drive|[fromitem]
|-start|p2a: Iron Moth|quarkdrivespa
|turn|4
|
|t:|1743915599
|switch|p1a: Blissey|Blissey, F|100/100
|-activate|p1a: Blissey|move: Sticky Web
|-unboost|p1a: Blissey|spe|1
|move|p2a: Iron Moth|Fiery Dance|p1a: Blissey
|-damage|p1a: Blissey|83/100
|
|-heal|p1a: Blissey|89/100|[from] item: Leftovers
|upkeep
|turn|5
|
|t:|1743915608
|move|p2a: Iron Moth|Fiery Dance|p1a: Blissey
|-damage|p1a: Blissey|74/100
|-boost|p2a: Iron Moth|spa|1
|move|p1a: Blissey|Thunder Wave|p2a: Iron Moth
|-status|p2a: Iron Moth|par
|
|-heal|p1a: Blissey|80/100|[from] item: Leftovers
|upkeep
|turn|6
|
|t:|1743915617
|move|p2a: Iron Moth|Fiery Dance|p1a: Blissey
|-damage|p1a: Blissey|57/100
|move|p1a: Blissey|Flamethrower|p2a: Iron Moth
|-resisted|p2a: Iron Moth
|-damage|p2a: Iron Moth|93/100 par
|
|-heal|p1a: Blissey|63/100|[from] item: Leftovers
|upkeep
|turn|7
|
|t:|1743915623
|move|p2a: Iron Moth|Fiery Dance|p1a: Blissey
|-damage|p1a: Blissey|39/100
|-boost|p2a: Iron Moth|spa|1
|move|p1a: Blissey|Heal Bell||[still]
|-activate|p1a: Blissey|move: Heal Bell
|-fail|p1a: Blissey
|
|-heal|p1a: Blissey|45/100|[from] item: Leftovers
|upkeep
|turn|8
|
|t:|1743915626
|move|p2a: Iron Moth|Fiery Dance|p1a: Blissey
|-damage|p1a: Blissey|14/100
|move|p1a: Blissey|Soft-Boiled|p1a: Blissey
|-heal|p1a: Blissey|64/100
|
|-heal|p1a: Blissey|70/100|[from] item: Leftovers
|upkeep
|turn|9
|
|t:|1743915634
|switch|p1a: Toucannon|Toucannon, M|59/100
|cant|p2a: Iron Moth|par
|
|upkeep
|turn|10
|
|t:|1743915640
|cant|p2a: Iron Moth|par
|move|p1a: Toucannon|Rock Blast|p2a: Iron Moth
|-supereffective|p2a: Iron Moth
|-damage|p2a: Iron Moth|63/100 par
|-supereffective|p2a: Iron Moth
|-damage|p2a: Iron Moth|33/100 par
|-supereffective|p2a: Iron Moth
|-damage|p2a: Iron Moth|2/100 par
|-supereffective|p2a: Iron Moth
|-damage|p2a: Iron Moth|0 fnt
|faint|p2a: Iron Moth
|-end|p2a: Iron Moth|Quark Drive|[silent]
|-hitcount|p2: Iron Moth|4
|
|upkeep
|
|t:|1743915646
|switch|p2a: Raging Bolt|Raging Bolt|100/100
|-enditem|p2a: Raging Bolt|Booster Energy
|-activate|p2a: Raging Bolt|ability: Protosynthesis|[fromitem]
|-start|p2a: Raging Bolt|protosynthesisspa
|turn|11
|
|t:|1743915656
|switch|p1a: Blissey|Blissey, F|70/100
|-activate|p1a: Blissey|move: Sticky Web
|-unboost|p1a: Blissey|spe|1
|move|p2a: Raging Bolt|Dragon Pulse|p1a: Blissey
|-damage|p1a: Blissey|53/100
|
|-heal|p1a: Blissey|59/100|[from] item: Leftovers
|upkeep
|turn|12
|
|t:|1743915663
|move|p2a: Raging Bolt|Calm Mind|p2a: Raging Bolt
|-boost|p2a: Raging Bolt|spa|1
|-boost|p2a: Raging Bolt|spd|1
|move|p1a: Blissey|Soft-Boiled|p1a: Blissey
|-heal|p1a: Blissey|100/100
|
|upkeep
|turn|13
|
|t:|1743915670
|switch|p1a: Great Tusk|Great Tusk|100/100
|move|p2a: Raging Bolt|Calm Mind|p2a: Raging Bolt
|-boost|p2a: Raging Bolt|spa|1
|-boost|p2a: Raging Bolt|spd|1
|
|upkeep
|turn|14
|
|t:|1743915677
|-terastallize|p2a: Raging Bolt|Ghost
|-terastallize|p1a: Great Tusk|Steel
|move|p2a: Raging Bolt|Dragon Pulse|p1a: Great Tusk
|-resisted|p1a: Great Tusk
|-damage|p1a: Great Tusk|8/100
|move|p1a: Great Tusk|Rapid Spin|p2a: Raging Bolt
|-immune|p2a: Raging Bolt
|
|upkeep
|turn|15
|
|t:|1743915684
|move|p2a: Raging Bolt|Thunderclap|p1a: Great Tusk
|-damage|p1a: Great Tusk|0 fnt
|faint|p1a: Great Tusk
|-end|p1a: Great Tusk|Protosynthesis|[silent]
|
|upkeep
|
|t:|1743915687
|switch|p1a: Gholdengo|Gholdengo|100/100
|-activate|p1a: Gholdengo|move: Sticky Web
|-unboost|p1a: Gholdengo|spe|1
|turn|16
|
|t:|1743915693
|move|p2a: Raging Bolt|Thunderbolt|p1a: Gholdengo
|-damage|p1a: Gholdengo|0 fnt
|faint|p1a: Gholdengo
|
|upkeep
|
|t:|1743915696
|switch|p1a: Blissey|Blissey, F|100/100
|-activate|p1a: Blissey|move: Sticky Web
|-unboost|p1a: Blissey|spe|1
|turn|17
|
|t:|1743915705
|move|p2a: Raging Bolt|Thunderbolt|p1a: Blissey
|-damage|p1a: Blissey|63/100
|move|p1a: Blissey|Thunder Wave|p2a: Raging Bolt
|-status|p2a: Raging Bolt|par
|
|-heal|p1a: Blissey|69/100|[from] item: Leftovers
|upkeep
|turn|18
|
|t:|1743915710
|move|p2a: Raging Bolt|Calm Mind|p2a: Raging Bolt
|-boost|p2a: Raging Bolt|spa|1
|-boost|p2a: Raging Bolt|spd|1
|move|p1a: Blissey|Flamethrower|p2a: Raging Bolt
|-damage|p2a: Raging Bolt|94/100 par
|
|-heal|p1a: Blissey|75/100|[from] item: Leftovers
|upkeep
|turn|19
|
|t:|1743915714
|switch|p1a: Toucannon|Toucannon, M|100/100
|-activate|p1a: Toucannon|move: Sticky Web
|-unboost|p1a: Toucannon|spe|1
|move|p2a: Raging Bolt|Calm Mind|p2a: Raging Bolt
|-boost|p2a: Raging Bolt|spa|1
|-boost|p2a: Raging Bolt|spd|1
|
|upkeep
|turn|20
|
|t:|1743915720
|move|p2a: Raging Bolt|Thunderclap|p1a: Toucannon
|-damage|p1a: Toucannon|0 fnt
|replace|p1a: Zoroark|Zoroark-Hisui, M
|-end|p1a: Zoroark|Illusion
|faint|p1a: Zoroark
|
|upkeep
|-message|Power5121 forfeited.
|
|win|SDF is gay
|raw|Power5121's rating: 1172 &rarr; <strong>1148</strong><br />(-24 for losing)
|raw|SDF is gay's rating: 1184 &rarr; <strong>1208</strong><br />(+24 for winning)
|l|☆Power5121
|player|p1|
|l|‽SDF is gay
|player|p2|
