|j|☆ash mars
|j|☆vileshroomer
|t:|1743907484
|gametype|singles
|player|p1|ash mars|caitlin-masters|1326
|player|p2|vileshroomer|266|1348
|teamsize|p1|6
|teamsize|p2|6
|gen|9
|tier|[Gen 9] OU
|rated|
|rule|HP Percentage Mod: HP is shown in percentages
|rule|Endless Battle Clause: Forcing endless battles is banned
|rule|Species Clause: Limit one of each Pokémon
|rule|OHKO Clause: OHKO moves are banned
|rule|Evasion Items Clause: Evasion items are banned
|rule|Evasion Moves Clause: Evasion moves are banned
|rule|Sleep Moves Clause: Sleep-inducing moves are banned
|clearpoke
|poke|p1|Cinderace, M|
|poke|p1|Kingambit, F|
|poke|p1|Great Tusk|
|poke|p1|Hatterene, F|
|poke|p1|Pecharunt|
|poke|p1|Garchomp, M|
|poke|p2|Blaziken, M|
|poke|p2|Darkrai|
|poke|p2|Vileplume, F|
|poke|p2|Ting-Lu|
|poke|p2|Tinkaton, F|
|poke|p2|Raging Bolt|
|teampreview
|
|t:|1743907497
|start
|switch|p1a: Garchomp|Garchomp, M|100/100
|switch|p2a: Darkrai|Darkrai|100/100
|turn|1
|inactive|Battle timer is ON: inactive players will automatically lose when time's up. (requested by ash mars)
|
|t:|1743907502
|move|p2a: Darkrai|Ice Beam|p1a: Garchomp
|-supereffective|p1a: Garchomp
|-damage|p1a: Garchomp|0 fnt
|faint|p1a: Garchomp
|
|upkeep
|
|t:|1743907505
|switch|p1a: Hatterene|Hatterene, F|100/100
|turn|2
|
|t:|1743907514
|switch|p2a: Tinkaton|Tinkaton, F|100/100
|-item|p2a: Tinkaton|Air Balloon
|move|p1a: Hatterene|Nuzzle|p2a: Tinkaton
|-damage|p2a: Tinkaton|96/100
|-status|p2a: Tinkaton|par
|-enditem|p2a: Tinkaton|Air Balloon
|-enditem|p1a: Hatterene|Focus Sash|[silent]|[from] ability: Pickpocket|[of] p1a: Hatterene
|-item|p2a: Tinkaton|Focus Sash|[from] ability: Pickpocket|[of] p1a: Hatterene
|
|upkeep
|turn|3
|
|t:|1743907529
|switch|p1a: Cinderace|Cinderace, M|100/100
|move|p2a: Tinkaton|Gigaton Hammer|p1a: Cinderace
|-resisted|p1a: Cinderace
|-damage|p1a: Cinderace|72/100
|
|upkeep
|turn|4
|
|t:|1743907558
|switch|p2a: Blaziken|Blaziken, M|100/100
|move|p1a: Cinderace|Swords Dance|p1a: Cinderace
|-start|p1a: Cinderace|typechange|Normal|[from] ability: Libero
|-boost|p1a: Cinderace|atk|2
|
|upkeep
|turn|5
|inactive|vileshroomer has 120 seconds left.
|
|t:|1743907581
|move|p2a: Blaziken|Protect|p2a: Blaziken
|-singleturn|p2a: Blaziken|Protect
|move|p1a: Cinderace|Double-Edge|p2a: Blaziken
|-activate|p2a: Blaziken|move: Protect
|
|-ability|p2a: Blaziken|Speed Boost|boost
|-boost|p2a: Blaziken|spe|1
|upkeep
|turn|6
|
|t:|1743907589
|move|p1a: Cinderace|Sucker Punch|p2a: Blaziken
|-resisted|p2a: Blaziken
|-damage|p2a: Blaziken|60/100
|-damage|p1a: Cinderace|62/100|[from] item: Life Orb
|move|p2a: Blaziken|Close Combat|p1a: Cinderace
|-supereffective|p1a: Cinderace
|-damage|p1a: Cinderace|0 fnt
|-unboost|p2a: Blaziken|def|1
|-unboost|p2a: Blaziken|spd|1
|faint|p1a: Cinderace
|
|-heal|p2a: Blaziken|66/100|[from] item: Leftovers
|-ability|p2a: Blaziken|Speed Boost|boost
|-boost|p2a: Blaziken|spe|1
|upkeep
|l|☆ash mars
|inactive|ash mars disconnected and has a minute to reconnect!
|player|p1|
|j|☆ash mars
|inactive|ash mars reconnected and has 130 seconds left.
|player|p1|ash mars|caitlin-masters|
|
|t:|1743907612
|switch|p1a: Great Tusk|Great Tusk|100/100
|turn|7
|
|t:|1743907623
|switch|p2a: Vileplume|Vileplume, F|100/100
|move|p1a: Great Tusk|Bulk Up|p1a: Great Tusk
|-boost|p1a: Great Tusk|atk|1
|-boost|p1a: Great Tusk|def|1
|
|upkeep
|turn|8
|
|t:|1743907635
|move|p1a: Great Tusk|Headlong Rush|p2a: Vileplume
|-damage|p2a: Vileplume|39/100
|-unboost|p1a: Great Tusk|def|1
|-unboost|p1a: Great Tusk|spd|1
|-damage|p1a: Great Tusk|84/100|[from] item: Rocky Helmet|[of] p2a: Vileplume
|-status|p1a: Great Tusk|psn|[from] ability: Effect Spore|[of] p2a: Vileplume
|move|p2a: Vileplume|Leech Seed|p1a: Great Tusk
|-start|p1a: Great Tusk|move: Leech Seed
|
|-heal|p1a: Great Tusk|90/100 psn|[from] item: Leftovers
|-damage|p1a: Great Tusk|78/100 psn|[from] Leech Seed|[of] p2a: Vileplume
|-heal|p2a: Vileplume|54/100|[silent]
|-damage|p1a: Great Tusk|65/100 psn|[from] psn
|upkeep
|turn|9
|inactive|vileshroomer has 120 seconds left.
|inactive|vileshroomer has 90 seconds left.
|
|t:|1743907687
|switch|p2a: Tinkaton|Tinkaton, F|96/100 par
|move|p1a: Great Tusk|Headlong Rush|p2a: Tinkaton
|-supereffective|p2a: Tinkaton
|-damage|p2a: Tinkaton|0 fnt
|-unboost|p1a: Great Tusk|def|1
|-unboost|p1a: Great Tusk|spd|1
|faint|p2a: Tinkaton
|
|-heal|p1a: Great Tusk|71/100 psn|[from] item: Leftovers
|-damage|p1a: Great Tusk|59/100 psn|[from] psn
|upkeep
|inactive|vileshroomer has 90 seconds left.
|inactive|vileshroomer has 60 seconds left.
|
|t:|1743907725
|switch|p2a: Darkrai|Darkrai|100/100
|turn|10
|
|t:|1743907741
|-end|p1a: Great Tusk|Protosynthesis|[silent]
|switch|p1a: Hatterene|Hatterene, F|100/100
|move|p2a: Darkrai|Ice Beam|p1a: Hatterene
|-damage|p1a: Hatterene|68/100
|
|upkeep
|turn|11
|
|t:|1743907751
|switch|p2a: Ting-Lu|Ting-Lu|100/100
|-ability|p2a: Ting-Lu|Vessel of Ruin
|move|p1a: Hatterene|Draining Kiss|p2a: Ting-Lu
|-supereffective|p2a: Ting-Lu
|-damage|p2a: Ting-Lu|74/100
|-heal|p1a: Hatterene|100/100|[from] drain|[of] p2a: Ting-Lu
|
|-heal|p2a: Ting-Lu|80/100|[from] item: Leftovers
|upkeep
|turn|12
|
|t:|1743907768
|move|p2a: Ting-Lu|Ruination|p1a: Hatterene
|-damage|p1a: Hatterene|50/100
|move|p1a: Hatterene|Draining Kiss|p2a: Ting-Lu
|-supereffective|p2a: Ting-Lu
|-damage|p2a: Ting-Lu|55/100
|-heal|p1a: Hatterene|81/100|[from] drain|[of] p2a: Ting-Lu
|
|-heal|p2a: Ting-Lu|61/100|[from] item: Leftovers
|upkeep
|turn|13
|
|t:|1743907778
|switch|p2a: Vileplume|Vileplume, F|54/100
|move|p1a: Hatterene|Draining Kiss|p2a: Vileplume
|-resisted|p2a: Vileplume
|-damage|p2a: Vileplume|40/100
|-heal|p1a: Hatterene|93/100|[from] drain|[of] p2a: Vileplume
|-damage|p1a: Hatterene|76/100|[from] item: Rocky Helmet|[of] p2a: Vileplume
|-status|p1a: Hatterene|slp|[from] ability: Effect Spore|[of] p2a: Vileplume
|
|upkeep
|turn|14
|
|t:|1743907788
|move|p2a: Vileplume|Sludge Bomb|p1a: Hatterene
|-supereffective|p1a: Hatterene
|-damage|p1a: Hatterene|5/100 slp
|cant|p1a: Hatterene|slp
|
|upkeep
|turn|15
|
|t:|1743907797
|move|p2a: Vileplume|Giga Drain|p1a: Hatterene
|-damage|p1a: Hatterene|0 fnt
|-heal|p2a: Vileplume|42/100|[from] drain|[of] p1a: Hatterene
|faint|p1a: Hatterene
|
|upkeep
|
|t:|1743907802
|switch|p1a: Kingambit|Kingambit, F|100/100
|-activate|p1a: Kingambit|ability: Supreme Overlord
|-start|p1a: Kingambit|fallen3|[silent]
|turn|16
|inactive|vileshroomer has 90 seconds left.
|
|t:|1743907827
|move|p1a: Kingambit|Kowtow Cleave|p2a: Vileplume
|-damage|p2a: Vileplume|0 fnt
|-damage|p1a: Kingambit|84/100|[from] item: Rocky Helmet|[of] p2a: Vileplume
|faint|p2a: Vileplume
|
|upkeep
|inactive|vileshroomer has 60 seconds left.
|
|t:|1743907860
|switch|p2a: Raging Bolt|Raging Bolt|100/100
|-enditem|p2a: Raging Bolt|Booster Energy
|-activate|p2a: Raging Bolt|ability: Protosynthesis|[fromitem]
|-start|p2a: Raging Bolt|protosynthesisspa
|turn|17
|
|t:|1743907875
|-end|p1a: Kingambit|fallen3|[silent]
|switch|p1a: Great Tusk|Great Tusk|59/100 psn
|-terastallize|p2a: Raging Bolt|Fairy
|move|p2a: Raging Bolt|Thunderbolt|p1a: Great Tusk
|-immune|p1a: Great Tusk
|
|-heal|p1a: Great Tusk|65/100 psn|[from] item: Leftovers
|-damage|p1a: Great Tusk|53/100 psn|[from] psn
|upkeep
|turn|18
|
|t:|1743907896
|-end|p2a: Raging Bolt|Protosynthesis|[silent]
|switch|p2a: Ting-Lu|Ting-Lu|61/100
|-ability|p2a: Ting-Lu|Vessel of Ruin
|move|p1a: Great Tusk|Headlong Rush|p2a: Ting-Lu
|-damage|p2a: Ting-Lu|31/100
|-unboost|p1a: Great Tusk|def|1
|-unboost|p1a: Great Tusk|spd|1
|
|-heal|p1a: Great Tusk|59/100 psn|[from] item: Leftovers
|-heal|p2a: Ting-Lu|37/100|[from] item: Leftovers
|-damage|p1a: Great Tusk|47/100 psn|[from] psn
|upkeep
|turn|19
|
|t:|1743907920
|move|p1a: Great Tusk|Headlong Rush|p2a: Ting-Lu
|-damage|p2a: Ting-Lu|9/100
|-unboost|p1a: Great Tusk|def|1
|-unboost|p1a: Great Tusk|spd|1
|move|p2a: Ting-Lu|Earthquake|p1a: Great Tusk
|-damage|p1a: Great Tusk|4/100 psn
|
|-heal|p1a: Great Tusk|10/100 psn|[from] item: Leftovers
|-heal|p2a: Ting-Lu|15/100|[from] item: Leftovers
|-damage|p1a: Great Tusk|0 fnt|[from] psn
|faint|p1a: Great Tusk
|-end|p1a: Great Tusk|Protosynthesis|[silent]
|upkeep
|
|t:|1743907926
|switch|p1a: Kingambit|Kingambit, F|84/100
|-activate|p1a: Kingambit|ability: Supreme Overlord
|-start|p1a: Kingambit|fallen4|[silent]
|turn|20
|
|t:|1743907931
|-terastallize|p1a: Kingambit|Dark
|move|p1a: Kingambit|Swords Dance|p1a: Kingambit
|-boost|p1a: Kingambit|atk|2
|move|p2a: Ting-Lu|Earthquake|p1a: Kingambit
|-crit|p1a: Kingambit
|-damage|p1a: Kingambit|39/100
|
|-heal|p2a: Ting-Lu|21/100|[from] item: Leftovers
|upkeep
|turn|21
|
|t:|1743907940
|move|p1a: Kingambit|Kowtow Cleave|p2a: Ting-Lu
|-resisted|p2a: Ting-Lu
|-damage|p2a: Ting-Lu|0 fnt
|faint|p2a: Ting-Lu
|
|upkeep
|
|t:|1743907953
|switch|p2a: Darkrai|Darkrai|100/100
|turn|22
|
|t:|1743907964
|move|p1a: Kingambit|Sucker Punch|p2a: Darkrai
|-resisted|p2a: Darkrai
|-damage|p2a: Darkrai|0 fnt
|faint|p2a: Darkrai
|
|upkeep
|
|t:|1743907973
|switch|p2a: Raging Bolt|Raging Bolt, tera:Fairy|100/100
|turn|23
|
|t:|1743907996
|move|p1a: Kingambit|Sucker Punch||[still]
|-fail|p1a: Kingambit
|move|p2a: Raging Bolt|Calm Mind|p2a: Raging Bolt
|-boost|p2a: Raging Bolt|spa|1
|-boost|p2a: Raging Bolt|spd|1
|
|upkeep
|turn|24
|
|t:|1743908014
|move|p2a: Raging Bolt|Thunderclap|p1a: Kingambit
|-damage|p1a: Kingambit|0 fnt
|faint|p1a: Kingambit
|-end|p1a: Kingambit|fallen4|[silent]
|
|upkeep
|
|t:|1743908018
|switch|p1a: Pecharunt|Pecharunt|100/100
|turn|25
|
|t:|1743908027
|move|p1a: Pecharunt|Malignant Chain|p2a: Raging Bolt
|-supereffective|p2a: Raging Bolt
|-damage|p2a: Raging Bolt|54/100
|move|p2a: Raging Bolt|Thunderbolt|p1a: Pecharunt
|-damage|p1a: Pecharunt|15/100
|
|upkeep
|turn|26
|
|t:|1743908043
|move|p1a: Pecharunt|Recover|p1a: Pecharunt
|-heal|p1a: Pecharunt|65/100
|move|p2a: Raging Bolt|Thunderbolt|p1a: Pecharunt
|-damage|p1a: Pecharunt|0 fnt
|faint|p1a: Pecharunt
|
|win|vileshroomer
|raw|ash mars's rating: 1326 &rarr; <strong>1307</strong><br />(-19 for losing)
|raw|vileshroomer's rating: 1348 &rarr; <strong>1367</strong><br />(+19 for winning)
|l|☆vileshroomer
|player|p2|
|l|☆ash mars
|player|p1|
