|j|☆awerefgrgrg
|j|☆gothsaga
|t:|1743847109
|gametype|singles
|player|p1|awerefgrgrg|265|1505
|player|p2|gothsaga|zinnia-masters|1504
|teamsize|p1|6
|teamsize|p2|6
|gen|9
|tier|[Gen 9] OU
|rated|
|rule|HP Percentage Mod: HP is shown in percentages
|rule|Endless Battle Clause: Forcing endless battles is banned
|rule|Species Clause: Limit one of each Pokémon
|rule|OHKO Clause: OHKO moves are banned
|rule|Evasion Items Clause: Evasion items are banned
|rule|Evasion Moves Clause: Evasion moves are banned
|rule|Sleep Moves Clause: Sleep-inducing moves are banned
|clearpoke
|poke|p1|Garganacl, F|
|poke|p1|Cinderace, M|
|poke|p1|Great Tusk|
|poke|p1|Dragapult, M|
|poke|p1|Tornadus-Therian, M|
|poke|p1|Iron Valiant|
|poke|p2|Garganacl, M|
|poke|p2|Weezing-Galar, F|
|poke|p2|Corviknight, M|
|poke|p2|Dragapult, M|
|poke|p2|Slowking-Galar, M|
|poke|p2|Samurott-Hisui, F|
|teampreview
|
|t:|1743847134
|start
|switch|p1a: Tornadus|Tornadus-Therian, M|100/100
|switch|p2a: Samurott|Samurott-Hisui, F|100/100
|turn|1
|
|t:|1743847157
|move|p2a: Samurott|Flip Turn|p1a: Tornadus
|-damage|p1a: Tornadus|62/100
|
|t:|1743847159
|switch|p2a: Slowking|Slowking-Galar, M|100/100|[from] Flip Turn
|move|p1a: Tornadus|Bleakwind Storm|p2a: Slowking
|-damage|p2a: Slowking|80/100
|-unboost|p2a: Slowking|spe|1
|
|upkeep
|turn|2
|
|t:|1743847190
|switch|p2a: Corviknight|Corviknight, M|100/100
|-ability|p2a: Corviknight|Pressure
|move|p1a: Tornadus|U-turn|p2a: Corviknight
|-resisted|p2a: Corviknight
|-damage|p2a: Corviknight|98/100
|-damage|p1a: Tornadus|46/100|[from] item: Rocky Helmet|[of] p2a: Corviknight
|
|t:|1743847216
|switch|p1a: Garganacl|Garganacl, F|100/100|[from] U-turn
|
|upkeep
|turn|3
|
|t:|1743847251
|switch|p2a: Weezing|Weezing-Galar, F|100/100
|-ability|p2a: Weezing|Neutralizing Gas
|move|p1a: Garganacl|Salt Cure|p2a: Weezing
|-damage|p2a: Weezing|91/100
|-start|p2a: Weezing|Salt Cure
|
|-heal|p2a: Weezing|97/100|[from] item: Black Sludge
|-damage|p2a: Weezing|85/100|[from] Salt Cure
|upkeep
|turn|4
|inactive|Battle timer is ON: inactive players will automatically lose when time's up. (requested by gothsaga)
|
|t:|1743847264
|switch|p1a: Cinderace|Cinderace, M|100/100
|move|p2a: Weezing|Will-O-Wisp|p1a: Cinderace|[miss]
|-miss|p2a: Weezing|p1a: Cinderace
|
|-heal|p2a: Weezing|91/100|[from] item: Black Sludge
|-damage|p2a: Weezing|79/100|[from] Salt Cure
|upkeep
|turn|5
|
|t:|1743847290
|-end|p2a: Weezing|ability: Neutralizing Gas
|switch|p2a: Garganacl|Garganacl, M|100/100
|move|p1a: Cinderace|U-turn|p2a: Garganacl
|-start|p1a: Cinderace|typechange|Bug|[from] ability: Libero
|-damage|p2a: Garganacl|79/100
|
|t:|1743847301
|switch|p1a: Tornadus|Tornadus-Therian, M|79/100|[from] U-turn
|
|-heal|p2a: Garganacl|85/100|[from] item: Leftovers
|upkeep
|turn|6
|inactive|gothsaga has 120 seconds left.
|
|t:|1743847333
|move|p1a: Tornadus|Knock Off|p2a: Garganacl
|-damage|p2a: Garganacl|72/100
|-enditem|p2a: Garganacl|Leftovers|[from] move: Knock Off|[of] p1a: Tornadus
|move|p2a: Garganacl|Salt Cure|p1a: Tornadus
|-supereffective|p1a: Tornadus
|-damage|p1a: Tornadus|39/100
|-start|p1a: Tornadus|Salt Cure
|
|-damage|p1a: Tornadus|26/100|[from] Salt Cure
|upkeep
|turn|7
|
|t:|1743847344
|switch|p1a: Garganacl|Garganacl, F|100/100
|move|p2a: Garganacl|Recover|p2a: Garganacl
|-heal|p2a: Garganacl|100/100
|
|upkeep
|turn|8
|inactive|gothsaga has 120 seconds left.
|
|t:|1743847373
|switch|p2a: Samurott|Samurott-Hisui, F|100/100
|move|p1a: Garganacl|Salt Cure|p2a: Samurott
|-damage|p2a: Samurott|84/100
|-start|p2a: Samurott|Salt Cure
|
|-damage|p2a: Samurott|59/100|[from] Salt Cure
|upkeep
|turn|9
|
|t:|1743847392
|switch|p2a: Weezing|Weezing-Galar, F|79/100
|-ability|p2a: Weezing|Neutralizing Gas
|move|p1a: Garganacl|Protect||[still]
|-fail|p1a: Garganacl
|
|-heal|p2a: Weezing|85/100|[from] item: Black Sludge
|upkeep
|turn|10
|inactive|gothsaga has 90 seconds left.
|
|t:|1743847408
|-end|p2a: Weezing|ability: Neutralizing Gas
|switch|p2a: Samurott|Samurott-Hisui, F|59/100
|switch|p1a: Cinderace|Cinderace, M|100/100
|
|upkeep
|turn|11
|inactive|gothsaga has 90 seconds left.
|
|t:|1743847430
|switch|p1a: Iron Valiant|Iron Valiant|100/100
|-enditem|p1a: Iron Valiant|Booster Energy
|-activate|p1a: Iron Valiant|ability: Quark Drive|[fromitem]
|-start|p1a: Iron Valiant|quarkdrivespe
|move|p2a: Samurott|Razor Shell|p1a: Iron Valiant|[miss]
|-miss|p2a: Samurott|p1a: Iron Valiant
|
|upkeep
|turn|12
|inactive|gothsaga has 90 seconds left.
|inactive|awerefgrgrg has 120 seconds left.
|
|t:|1743847449
|-end|p1a: Iron Valiant|Quark Drive|[silent]
|switch|p1a: Garganacl|Garganacl, F|100/100
|switch|p2a: Slowking|Slowking-Galar, M|100/100
|
|upkeep
|turn|13
|inactive|gothsaga has 90 seconds left.
|
|t:|1743847457
|move|p1a: Garganacl|Stealth Rock|p2a: Slowking
|-sidestart|p2: gothsaga|move: Stealth Rock
|move|p2a: Slowking|Psychic Noise|p1a: Garganacl
|-damage|p1a: Garganacl|78/100
|-start|p1a: Garganacl|move: Heal Block
|
|upkeep
|turn|14
|
|t:|1743847465
|move|p1a: Garganacl|Salt Cure|p2a: Slowking
|-damage|p2a: Slowking|87/100
|-start|p2a: Slowking|Salt Cure
|move|p2a: Slowking|Future Sight|p1a: Garganacl
|-start|p2a: Slowking|move: Future Sight
|
|-damage|p2a: Slowking|74/100|[from] Salt Cure
|-end|p1a: Garganacl|move: Heal Block
|upkeep
|turn|15
|
|t:|1743847477
|switch|p2a: Weezing|Weezing-Galar, F|85/100
|-ability|p2a: Weezing|Neutralizing Gas
|-damage|p2a: Weezing|72/100|[from] Stealth Rock
|move|p1a: Garganacl|Salt Cure|p2a: Weezing
|-damage|p2a: Weezing|62/100
|-start|p2a: Weezing|Salt Cure
|
|-heal|p2a: Weezing|68/100|[from] item: Black Sludge
|-heal|p1a: Garganacl|84/100|[from] item: Leftovers
|-damage|p2a: Weezing|56/100|[from] Salt Cure
|upkeep
|turn|16
|
|t:|1743847498
|move|p1a: Garganacl|Protect|p1a: Garganacl
|-singleturn|p1a: Garganacl|Protect
|move|p2a: Weezing|Defog|p1a: Garganacl
|-activate|p1a: Garganacl|move: Protect
|
|-end|p1a: Garganacl|move: Future Sight
|-damage|p1a: Garganacl|50/100
|-heal|p2a: Weezing|62/100|[from] item: Black Sludge
|-heal|p1a: Garganacl|56/100|[from] item: Leftovers
|-damage|p2a: Weezing|50/100|[from] Salt Cure
|upkeep
|turn|17
|j| jyrdcm
|inactive|gothsaga has 90 seconds left.
|
|t:|1743847522
|switch|p1a: Cinderace|Cinderace, M|100/100
|move|p2a: Weezing|Pain Split|p1a: Cinderace
|-sethp|p1a: Cinderace|78/100|[from] move: Pain Split|[silent]
|-sethp|p2a: Weezing|70/100|[from] move: Pain Split
|
|-heal|p2a: Weezing|76/100|[from] item: Black Sludge
|-damage|p2a: Weezing|64/100|[from] Salt Cure
|upkeep
|turn|18
|
|t:|1743847532
|move|p1a: Cinderace|Pyro Ball|p2a: Weezing
|-damage|p2a: Weezing|24/100
|move|p2a: Weezing|Defog|p1a: Cinderace
|-unboost|p1a: Cinderace|evasion|1
|-sideend|p2: gothsaga|Stealth Rock|[from] move: Defog|[of] p2a: Weezing
|
|-heal|p2a: Weezing|30/100|[from] item: Black Sludge
|-damage|p2a: Weezing|18/100|[from] Salt Cure
|upkeep
|turn|19
|inactive|gothsaga has 90 seconds left.
|
|t:|1743847547
|-end|p2a: Weezing|ability: Neutralizing Gas
|switch|p2a: Corviknight|Corviknight, M|98/100
|-ability|p2a: Corviknight|Pressure
|move|p1a: Cinderace|Pyro Ball|p2a: Corviknight
|-supereffective|p2a: Corviknight
|-damage|p2a: Corviknight|24/100
|
|upkeep
|turn|20
|inactive|gothsaga has 90 seconds left.
|
|t:|1743847564
|move|p1a: Cinderace|Pyro Ball|p2a: Corviknight
|-supereffective|p2a: Corviknight
|-damage|p2a: Corviknight|0 fnt
|faint|p2a: Corviknight
|
|upkeep
|
|t:|1743847575
|switch|p2a: Dragapult|Dragapult, M|100/100
|turn|21
|l| jyrdcm
|
|t:|1743847585
|move|p1a: Cinderace|Sucker Punch|p2a: Dragapult
|-start|p1a: Cinderace|typechange|Dark|[from] ability: Libero
|-supereffective|p2a: Dragapult
|-damage|p2a: Dragapult|13/100
|move|p2a: Dragapult|Dragon Darts|p1a: Cinderace
|-damage|p1a: Cinderace|39/100
|-anim|p2a: Dragapult|Dragon Darts|p1a: Cinderace
|-damage|p1a: Cinderace|4/100
|
|upkeep
|turn|22
|
|t:|1743847615
|switch|p1a: Garganacl|Garganacl, F|56/100
|move|p2a: Dragapult|Will-O-Wisp|p1a: Garganacl|[miss]
|-miss|p2a: Dragapult|p1a: Garganacl
|
|-heal|p1a: Garganacl|62/100|[from] item: Leftovers
|upkeep
|turn|23
|inactive|awerefgrgrg has 120 seconds left.
|
|t:|1743847641
|move|p2a: Dragapult|U-turn|p1a: Garganacl
|-damage|p1a: Garganacl|47/100
|
|t:|1743847647
|switch|p2a: Slowking|Slowking-Galar, M|100/100|[from] U-turn
|move|p1a: Garganacl|Stealth Rock|p2a: Slowking
|-sidestart|p2: gothsaga|move: Stealth Rock
|
|-heal|p1a: Garganacl|53/100|[from] item: Leftovers
|upkeep
|turn|24
|inactive|awerefgrgrg has 120 seconds left.
|inactive|gothsaga has 60 seconds left.
|
|t:|1743847665
|switch|p1a: Cinderace|Cinderace, M|4/100
|move|p2a: Slowking|Future Sight|p1a: Cinderace
|-start|p2a: Slowking|move: Future Sight
|
|upkeep
|turn|25
|j| jyrdcm
|inactive|awerefgrgrg has 120 seconds left.
|l| jyrdcm
|inactive|gothsaga has 60 seconds left.
|
|t:|1743847681
|move|p1a: Cinderace|Pyro Ball|p2a: Slowking
|-damage|p2a: Slowking|40/100
|move|p2a: Slowking|Psychic Noise|p1a: Cinderace
|-damage|p1a: Cinderace|0 fnt
|faint|p1a: Cinderace
|
|upkeep
|inactive|awerefgrgrg has 120 seconds left.
|
|t:|1743847700
|switch|p1a: Tornadus|Tornadus-Therian, M|59/100
|turn|26
|inactive|gothsaga has 60 seconds left.
|
|t:|1743847726
|switch|p2a: Weezing|Weezing-Galar, F|18/100
|-ability|p2a: Weezing|Neutralizing Gas
|-damage|p2a: Weezing|6/100|[from] Stealth Rock
|move|p1a: Tornadus|Knock Off|p2a: Weezing
|-resisted|p2a: Weezing
|-damage|p2a: Weezing|0 fnt
|-enditem|p2a: Weezing|Black Sludge|[from] move: Knock Off|[of] p1a: Tornadus
|faint|p2a: Weezing
|-end|p2a: Weezing|ability: Neutralizing Gas
|
|-end|p1a: Tornadus|move: Future Sight
|-damage|p1a: Tornadus|2/100
|upkeep
|
|t:|1743847743
|switch|p2a: Dragapult|Dragapult, M|13/100
|turn|27
|inactive|awerefgrgrg has 120 seconds left.
|inactive|awerefgrgrg has 90 seconds left.
|
|t:|1743847802
|move|p2a: Dragapult|U-turn|p1a: Tornadus
|-resisted|p1a: Tornadus
|-damage|p1a: Tornadus|0 fnt
|faint|p1a: Tornadus
|
|t:|1743847815
|switch|p2a: Garganacl|Garganacl, M|100/100|[from] U-turn
|-damage|p2a: Garganacl|88/100|[from] Stealth Rock
|
|upkeep
|
|t:|1743847824
|switch|p1a: Great Tusk|Great Tusk|100/100
|-enditem|p1a: Great Tusk|Booster Energy
|-activate|p1a: Great Tusk|ability: Protosynthesis|[fromitem]
|-start|p1a: Great Tusk|protosynthesisatk
|turn|28
|inactive|awerefgrgrg has 90 seconds left.
|inactive|gothsaga has 30 seconds left.
|inactive|gothsaga has 20 seconds left.
|
|t:|1743847861
|-terastallize|p2a: Garganacl|Fairy
|move|p1a: Great Tusk|Headlong Rush|p2a: Garganacl
|-damage|p2a: Garganacl|39/100
|-unboost|p1a: Great Tusk|def|1
|-unboost|p1a: Great Tusk|spd|1
|move|p2a: Garganacl|Salt Cure|p1a: Great Tusk
|-resisted|p1a: Great Tusk
|-damage|p1a: Great Tusk|96/100
|-start|p1a: Great Tusk|Salt Cure
|
|-damage|p1a: Great Tusk|84/100|[from] Salt Cure
|upkeep
|turn|29
|inactive|gothsaga has 30 seconds left this turn.
|inactive|awerefgrgrg has 90 seconds left.
|
|t:|1743847878
|move|p2a: Garganacl|Protect|p2a: Garganacl
|-singleturn|p2a: Garganacl|Protect
|move|p1a: Great Tusk|Headlong Rush|p2a: Garganacl
|-activate|p2a: Garganacl|move: Protect
|
|-damage|p1a: Great Tusk|72/100|[from] Salt Cure
|upkeep
|turn|30
|inactive|gothsaga has 30 seconds left.
|
|t:|1743847892
|move|p2a: Garganacl|Protect||[still]
|-fail|p2a: Garganacl
|move|p1a: Great Tusk|Headlong Rush|p2a: Garganacl
|-damage|p2a: Garganacl|0 fnt
|-unboost|p1a: Great Tusk|def|1
|-unboost|p1a: Great Tusk|spd|1
|faint|p2a: Garganacl
|
|-damage|p1a: Great Tusk|59/100|[from] Salt Cure
|upkeep
|inactive|gothsaga has 30 seconds left.
|
|t:|1743847902
|switch|p2a: Samurott|Samurott-Hisui, F|59/100
|-damage|p2a: Samurott|46/100|[from] Stealth Rock
|turn|31
|inactive|gothsaga has 30 seconds left.
|inactive|awerefgrgrg has 90 seconds left.
|inactive|gothsaga has 20 seconds left.
|
|t:|1743847946
|move|p2a: Samurott|Flip Turn|p1a: Great Tusk
|-supereffective|p1a: Great Tusk
|-damage|p1a: Great Tusk|0 fnt
|faint|p1a: Great Tusk
|-end|p1a: Great Tusk|Protosynthesis|[silent]
|inactive|gothsaga has 25 seconds left this turn.
|inactive|gothsaga has 20 seconds left.
|inactive|gothsaga has 15 seconds left.
|
|t:|1743847956
|switch|p2a: Slowking|Slowking-Galar, M|73/100|[from] Flip Turn
|-damage|p2a: Slowking|61/100|[from] Stealth Rock
|
|upkeep
|inactive|gothsaga has 20 seconds left this turn.
|
|t:|1743847966
|switch|p1a: Dragapult|Dragapult, M|100/100
|turn|32
|inactive|gothsaga has 30 seconds left this turn.
|inactive|gothsaga has 20 seconds left.
|
|t:|1743847979
|switch|p2a: Dragapult|Dragapult, M|13/100
|move|p1a: Dragapult|Dragon Darts|p2a: Dragapult
|-supereffective|p2a: Dragapult
|-damage|p2a: Dragapult|0 fnt
|faint|p2a: Dragapult
|
|upkeep
|inactive|gothsaga has 25 seconds left this turn.
|inactive|gothsaga has 20 seconds left.
|
|t:|1743847986
|switch|p2a: Samurott|Samurott-Hisui, F|46/100
|-damage|p2a: Samurott|34/100|[from] Stealth Rock
|turn|33
|inactive|gothsaga has 30 seconds left this turn.
|inactive|awerefgrgrg has 90 seconds left.
|
|t:|1743848015
|switch|p1a: Iron Valiant|Iron Valiant|100/100
|move|p2a: Samurott|Knock Off|p1a: Iron Valiant
|-resisted|p1a: Iron Valiant
|-damage|p1a: Iron Valiant|92/100
|
|upkeep
|turn|34
|inactive|gothsaga has 30 seconds left.
|inactive|awerefgrgrg has 60 seconds left.
|
|t:|1743848040
|switch|p2a: Slowking|Slowking-Galar, M|94/100
|-damage|p2a: Slowking|82/100|[from] Stealth Rock
|move|p1a: Iron Valiant|Moonblast|p2a: Slowking
|-resisted|p2a: Slowking
|-damage|p2a: Slowking|71/100
|-unboost|p2a: Slowking|spa|1
|
|upkeep
|turn|35
|inactive|awerefgrgrg has 60 seconds left.
|
|t:|1743848057
|move|p1a: Iron Valiant|Moonblast|p2a: Slowking
|-resisted|p2a: Slowking
|-damage|p2a: Slowking|62/100
|move|p2a: Slowking|Future Sight|p1a: Iron Valiant
|-start|p2a: Slowking|move: Future Sight
|
|upkeep
|turn|36
|
|t:|1743848066
|move|p1a: Iron Valiant|Encore|p2a: Slowking
|-start|p2a: Slowking|Encore
|move|p2a: Slowking|Future Sight||[still]
|-fail|p2a: Slowking
|
|upkeep
|turn|37
|inactive|awerefgrgrg has 60 seconds left.
|
|t:|1743848073
|move|p1a: Iron Valiant|Destiny Bond|p1a: Iron Valiant
|-singlemove|p1a: Iron Valiant|Destiny Bond
|move|p2a: Slowking|Future Sight||[still]
|-fail|p2a: Slowking
|
|-end|p1a: Iron Valiant|move: Future Sight
|-supereffective|p1a: Iron Valiant
|-damage|p1a: Iron Valiant|0 fnt
|faint|p1a: Iron Valiant
|-end|p1a: Iron Valiant|Quark Drive|[silent]
|upkeep
|inactive|awerefgrgrg has 60 seconds left.
|
|t:|1743848081
|switch|p1a: Dragapult|Dragapult, M|100/100
|turn|38
|c|☆awerefgrgrg|oh
|
|t:|1743848096
|move|p1a: Dragapult|Dragon Darts|p2a: Slowking
|-damage|p2a: Slowking|39/100
|-anim|p1a: Dragapult|Dragon Darts|p2a: Slowking
|-damage|p2a: Slowking|19/100
|move|p2a: Slowking|Future Sight|p1a: Dragapult
|-start|p2a: Slowking|move: Future Sight
|
|-end|p2a: Slowking|Encore
|upkeep
|turn|39
|c|☆gothsaga|yea i didnt kno either
|
|t:|1743848112
|move|p1a: Dragapult|Dragon Darts|p2a: Slowking
|-damage|p2a: Slowking|0 fnt
|faint|p2a: Slowking
|
|upkeep
|
|t:|1743848114
|switch|p2a: Samurott|Samurott-Hisui, F|34/100
|-damage|p2a: Samurott|21/100|[from] Stealth Rock
|turn|40
|
|t:|1743848136
|switch|p1a: Garganacl|Garganacl, F|53/100
|move|p2a: Samurott|Knock Off|p1a: Garganacl
|-damage|p1a: Garganacl|23/100
|-enditem|p1a: Garganacl|Leftovers|[from] move: Knock Off|[of] p2a: Samurott
|
|-end|p1a: Garganacl|move: Future Sight
|-damage|p1a: Garganacl|0 fnt
|faint|p1a: Garganacl
|upkeep
|
|t:|1743848142
|switch|p1a: Dragapult|Dragapult, M|100/100
|turn|41
|
|t:|1743848146
|-terastallize|p1a: Dragapult|Fairy
|move|p2a: Samurott|Knock Off|p1a: Dragapult
|-resisted|p1a: Dragapult
|-damage|p1a: Dragapult|71/100
|-enditem|p1a: Dragapult|Heavy-Duty Boots|[from] move: Knock Off|[of] p2a: Samurott
|move|p1a: Dragapult|Dragon Darts|p2a: Samurott
|-damage|p2a: Samurott|0 fnt
|faint|p2a: Samurott
|
|win|awerefgrgrg
|raw|awerefgrgrg's rating: 1505 &rarr; <strong>1525</strong><br />(+20 for winning)
|raw|gothsaga's rating: 1504 &rarr; <strong>1484</strong><br />(-20 for losing)
|c|☆awerefgrgrg|gg
|c|☆gothsaga|omg
|c|☆gothsaga|gg
