|j|☆andreharris
|j|☆tonyrayyy
|t:|1743883709
|gametype|singles
|player|p1|andreharris|palmer|1700
|player|p2|tonyrayyy|cynthia-gen4|1755
|teamsize|p1|6
|teamsize|p2|6
|gen|9
|tier|[Gen 9] OU
|rated|
|rule|HP Percentage Mod: HP is shown in percentages
|rule|Endless Battle Clause: Forcing endless battles is banned
|rule|Species Clause: Limit one of each Pokémon
|rule|OHKO Clause: OHKO moves are banned
|rule|Evasion Items Clause: Evasion items are banned
|rule|Evasion Moves Clause: Evasion moves are banned
|rule|Sleep Moves Clause: Sleep-inducing moves are banned
|clearpoke
|poke|p1|Toxtricity, F|
|poke|p1|Kingambit, M|
|poke|p1|Enamorus, F|
|poke|p1|Samurott-Hisui, F|
|poke|p1|Great Tusk|
|poke|p1|Sinistcha|
|poke|p2|Gholdengo|
|poke|p2|Samurott-Hisui, F|
|poke|p2|Kingambit, M|
|poke|p2|Zapdos|
|poke|p2|Great Tusk|
|poke|p2|Slowking-Galar, M|
|teampreview
|
|t:|1743883717
|start
|switch|p1a: Toxtricity|Toxtricity, F|100/100
|switch|p2a: Samurott|Samurott-Hisui, F|100/100
|turn|1
|inactive|Battle timer is ON: inactive players will automatically lose when time's up. (requested by andreharris)
|
|t:|1743883722
|move|p2a: Samurott|Flip Turn|p1a: Toxtricity
|-damage|p1a: Toxtricity|54/100
|
|t:|1743883725
|switch|p2a: Slowking|Slowking-Galar, M|100/100|[from] Flip Turn
|move|p1a: Toxtricity|Volt Switch|p2a: Slowking
|-damage|p2a: Slowking|80/100
|
|t:|1743883740
|switch|p1a: Great Tusk|Great Tusk|100/100|[from] Volt Switch
|-enditem|p1a: Great Tusk|Booster Energy
|-activate|p1a: Great Tusk|ability: Protosynthesis|[fromitem]
|-start|p1a: Great Tusk|protosynthesisatk
|
|upkeep
|turn|2
|
|t:|1743883747
|switch|p2a: Zapdos|Zapdos|100/100
|move|p1a: Great Tusk|Bulk Up|p1a: Great Tusk
|-boost|p1a: Great Tusk|atk|1
|-boost|p1a: Great Tusk|def|1
|
|upkeep
|turn|3
|
|t:|1743883753
|move|p1a: Great Tusk|Ice Spinner|p2a: Zapdos
|-supereffective|p2a: Zapdos
|-damage|p2a: Zapdos|25/100
|-status|p1a: Great Tusk|par|[from] ability: Static|[of] p2a: Zapdos
|move|p2a: Zapdos|Hurricane|p1a: Great Tusk
|-supereffective|p1a: Great Tusk
|-damage|p1a: Great Tusk|0 fnt
|faint|p1a: Great Tusk
|-end|p1a: Great Tusk|Protosynthesis|[silent]
|
|upkeep
|
|t:|1743883770
|switch|p1a: Toxtricity|Toxtricity, F|54/100
|turn|4
|
|t:|1743883774
|switch|p2a: Slowking|Slowking-Galar, M|100/100
|move|p1a: Toxtricity|Volt Switch|p2a: Slowking
|-damage|p2a: Slowking|78/100
|
|t:|1743883777
|switch|p1a: Samurott|Samurott-Hisui, F|100/100|[from] Volt Switch
|
|upkeep
|turn|5
|
|t:|1743883782
|switch|p2a: Samurott|Samurott-Hisui, F|100/100
|move|p1a: Samurott|Ceaseless Edge|p2a: Samurott
|-resisted|p2a: Samurott
|-damage|p2a: Samurott|70/100
|-sidestart|p2: tonyrayyy|Spikes
|
|upkeep
|turn|6
|
|t:|1743883789
|switch|p1a: Sinistcha|Sinistcha|100/100
|move|p2a: Samurott|Sacred Sword|p1a: Sinistcha
|-immune|p1a: Sinistcha
|
|upkeep
|turn|7
|
|t:|1743883798
|switch|p2a: Slowking|Slowking-Galar, M|100/100
|switch|p1a: Samurott|Samurott-Hisui, F|100/100
|
|upkeep
|turn|8
|
|t:|1743883804
|switch|p2a: Zapdos|Zapdos|25/100
|move|p1a: Samurott|Ceaseless Edge|p2a: Zapdos
|-crit|p2a: Zapdos
|-damage|p2a: Zapdos|0 fnt
|-status|p1a: Samurott|par|[from] ability: Static|[of] p2a: Zapdos
|-sidestart|p2: tonyrayyy|Spikes
|faint|p2a: Zapdos
|
|upkeep
|
|t:|1743883813
|switch|p2a: Samurott|Samurott-Hisui, F|70/100
|-damage|p2a: Samurott|53/100|[from] Spikes
|turn|9
|
|t:|1743883829
|move|p2a: Samurott|Ceaseless Edge|p1a: Samurott
|-resisted|p1a: Samurott
|-damage|p1a: Samurott|76/100 par
|-sidestart|p1: andreharris|Spikes
|cant|p1a: Samurott|par
|
|upkeep
|turn|10
|
|t:|1743883834
|move|p2a: Samurott|Ceaseless Edge|p1a: Samurott
|-resisted|p1a: Samurott
|-damage|p1a: Samurott|52/100 par
|-sidestart|p1: andreharris|Spikes
|move|p1a: Samurott|Sacred Sword|p2a: Samurott
|-supereffective|p2a: Samurott
|-damage|p2a: Samurott|0 fnt
|faint|p2a: Samurott
|
|upkeep
|
|t:|1743883842
|switch|p2a: Great Tusk|Great Tusk|100/100
|turn|11
|
|t:|1743883851
|move|p2a: Great Tusk|Stealth Rock|p1a: Samurott
|-sidestart|p1: andreharris|move: Stealth Rock
|move|p1a: Samurott|Razor Shell|p2a: Great Tusk
|-supereffective|p2a: Great Tusk
|-damage|p2a: Great Tusk|24/100
|-unboost|p2a: Great Tusk|def|1
|
|upkeep
|turn|12
|
|t:|1743883867
|switch|p1a: Sinistcha|Sinistcha|100/100
|-damage|p1a: Sinistcha|84/100|[from] Spikes
|-damage|p1a: Sinistcha|72/100|[from] Stealth Rock
|move|p2a: Great Tusk|Headlong Rush|p1a: Sinistcha
|-resisted|p1a: Sinistcha
|-damage|p1a: Sinistcha|54/100
|-unboost|p2a: Great Tusk|def|1
|-unboost|p2a: Great Tusk|spd|1
|
|-heal|p1a: Sinistcha|60/100|[from] item: Leftovers
|upkeep
|turn|13
|
|t:|1743883878
|-end|p2a: Great Tusk|Protosynthesis|[silent]
|switch|p2a: Slowking|Slowking-Galar, M|100/100
|move|p1a: Sinistcha|Shadow Ball|p2a: Slowking
|-supereffective|p2a: Slowking
|-damage|p2a: Slowking|65/100
|
|-heal|p1a: Sinistcha|66/100|[from] item: Leftovers
|upkeep
|turn|14
|
|t:|1743883887
|move|p1a: Sinistcha|Shadow Ball|p2a: Slowking
|-supereffective|p2a: Slowking
|-damage|p2a: Slowking|28/100
|-prepare|p2a: Slowking|Chilly Reception|[premajor]
|move|p2a: Slowking|Chilly Reception|p2a: Slowking
|-weather|Snowscape
|
|t:|1743883893
|switch|p2a: Gholdengo|Gholdengo|100/100|[from] Chilly Reception
|-item|p2a: Gholdengo|Air Balloon
|
|-weather|Snowscape|[upkeep]
|-heal|p1a: Sinistcha|72/100|[from] item: Leftovers
|upkeep
|turn|15
|
|t:|1743883900
|switch|p1a: Kingambit|Kingambit, M|100/100
|-damage|p1a: Kingambit|94/100|[from] Stealth Rock
|-activate|p1a: Kingambit|ability: Supreme Overlord
|-start|p1a: Kingambit|fallen1|[silent]
|-item|p1a: Kingambit|Air Balloon
|move|p2a: Gholdengo|Shadow Ball|p1a: Kingambit
|-resisted|p1a: Kingambit
|-damage|p1a: Kingambit|68/100
|-enditem|p1a: Kingambit|Air Balloon
|
|-weather|Snowscape|[upkeep]
|upkeep
|turn|16
|
|t:|1743883919
|move|p2a: Gholdengo|Make It Rain|p1a: Kingambit
|-resisted|p1a: Kingambit
|-damage|p1a: Kingambit|30/100
|-unboost|p2a: Gholdengo|spa|1
|move|p1a: Kingambit|Iron Head|p2a: Gholdengo
|-resisted|p2a: Gholdengo
|-damage|p2a: Gholdengo|77/100
|-enditem|p2a: Gholdengo|Air Balloon
|
|-weather|Snowscape|[upkeep]
|upkeep
|turn|17
|
|t:|1743883930
|switch|p2a: Great Tusk|Great Tusk|24/100
|move|p1a: Kingambit|Iron Head|p2a: Great Tusk
|-damage|p2a: Great Tusk|0 fnt
|faint|p2a: Great Tusk
|-end|p2a: Great Tusk|Protosynthesis|[silent]
|
|-weather|Snowscape|[upkeep]
|upkeep
|
|t:|1743883939
|switch|p2a: Kingambit|Kingambit, M|100/100
|-damage|p2a: Kingambit|84/100|[from] Spikes
|-activate|p2a: Kingambit|ability: Supreme Overlord
|-start|p2a: Kingambit|fallen3|[silent]
|turn|18
|
|t:|1743883951
|-terastallize|p2a: Kingambit|Dark
|move|p2a: Kingambit|Sucker Punch|p1a: Kingambit
|-resisted|p1a: Kingambit
|-damage|p1a: Kingambit|0 fnt
|faint|p1a: Kingambit
|-end|p1a: Kingambit|fallen1|[silent]
|
|-weather|none
|upkeep
|inactive|andreharris has 120 seconds left.
|
|t:|1743884008
|switch|p1a: Sinistcha|Sinistcha|72/100
|-damage|p1a: Sinistcha|56/100|[from] Spikes
|-damage|p1a: Sinistcha|44/100|[from] Stealth Rock
|turn|19
|inactive|andreharris has 90 seconds left.
|
|t:|1743884025
|-terastallize|p1a: Sinistcha|Fighting
|move|p2a: Kingambit|Swords Dance|p2a: Kingambit
|-boost|p2a: Kingambit|atk|2
|move|p1a: Sinistcha|Matcha Gotcha|p2a: Kingambit
|-damage|p2a: Kingambit|46/100
|-heal|p1a: Sinistcha|62/100|[from] drain|[of] p2a: Kingambit
|
|-heal|p1a: Sinistcha|68/100|[from] item: Leftovers
|upkeep
|turn|20
|inactive|andreharris has 90 seconds left.
|
|t:|1743884039
|move|p2a: Kingambit|Kowtow Cleave|p1a: Sinistcha
|-resisted|p1a: Sinistcha
|-damage|p1a: Sinistcha|0 fnt
|faint|p1a: Sinistcha
|
|upkeep
|
|t:|1743884043
|switch|p1a: Enamorus|Enamorus, F|100/100
|-damage|p1a: Enamorus|76/100|[from] Stealth Rock
|turn|21
|j| killabyss
|inactive|andreharris has 90 seconds left.
|
|t:|1743884061
|move|p2a: Kingambit|Sucker Punch||[still]
|-fail|p2a: Kingambit
|move|p1a: Enamorus|Healing Wish|p1a: Enamorus
|faint|p1a: Enamorus
|
|upkeep
|
|t:|1743884063
|switch|p1a: Samurott|Samurott-Hisui, F|52/100 par
|-heal|p1a: Samurott|100/100|[from] move: Healing Wish
|-damage|p1a: Samurott|84/100|[from] Spikes
|-damage|p1a: Samurott|71/100|[from] Stealth Rock
|turn|22
|l| killabyss
|
|t:|1743884070
|move|p2a: Kingambit|Sucker Punch|p1a: Samurott
|-resisted|p1a: Samurott
|-damage|p1a: Samurott|0 fnt
|faint|p1a: Samurott
|
|upkeep
|
|t:|1743884075
|switch|p1a: Toxtricity|Toxtricity, F|54/100
|-damage|p1a: Toxtricity|38/100|[from] Spikes
|-damage|p1a: Toxtricity|25/100|[from] Stealth Rock
|turn|23
|
|t:|1743884080
|move|p2a: Kingambit|Sucker Punch|p1a: Toxtricity
|-damage|p1a: Toxtricity|0 fnt
|faint|p1a: Toxtricity
|
|win|tonyrayyy
|raw|andreharris's rating: 1700 &rarr; <strong>1683</strong><br />(-17 for losing)
|raw|tonyrayyy's rating: 1755 &rarr; <strong>1772</strong><br />(+17 for winning)
|l|☆andreharris
|player|p1|
|l|☆tonyrayyy
|player|p2|
|j|☆tonyrayyy
|player|p2|tonyrayyy|cynthia-gen4|
|l|☆tonyrayyy
|player|p2|
