|j|☆garagem deu re
|j|‽jsdkaasdads
|t:|1743914855
|gametype|singles
|player|p1|garagem deu re|nate|1067
|player|p2|jsdkaasdads|265|1094
|teamsize|p1|6
|teamsize|p2|6
|gen|9
|tier|[Gen 9] OU
|rated|
|rule|HP Percentage Mod: HP is shown in percentages
|rule|Endless Battle Clause: Forcing endless battles is banned
|rule|Species Clause: Limit one of each Pokémon
|rule|OHKO Clause: OHKO moves are banned
|rule|Evasion Items Clause: Evasion items are banned
|rule|Evasion Moves Clause: Evasion moves are banned
|rule|Sleep Moves Clause: Sleep-inducing moves are banned
|clearpoke
|poke|p1|Scizor, M|
|poke|p1|Hippowdon, M|
|poke|p1|Hydreigon, F|
|poke|p1|Mimikyu, M|
|poke|p1|Krookodile, M|
|poke|p1|Gyarados, M|
|poke|p2|Pelipper, F|
|poke|p2|Basculegion, M|
|poke|p2|Kilowattrel, M|
|poke|p2|Corviknight, M|
|poke|p2|Kingdra, F|
|poke|p2|Dragonite, M|
|teampreview
|inactive|Battle timer is ON: inactive players will automatically lose when time's up. (requested by jsdkaasdads)
|
|t:|1743914869
|start
|switch|p1a: Maconheiro|Hippowdon, M|100/100
|switch|p2a: Basculegion|Basculegion, M|100/100
|-weather|Sandstorm|[from] ability: Sand Stream|[of] p1a: Maconheiro
|turn|1
|
|t:|1743914878
|move|p2a: Basculegion|Flip Turn|p1a: Maconheiro
|-supereffective|p1a: Maconheiro
|-damage|p1a: Maconheiro|43/100
|
|t:|1743914882
|switch|p2a: Pelipper|Pelipper, F, shiny|100/100|[from] Flip Turn
|-weather|RainDance|[from] ability: Drizzle|[of] p2a: Pelipper
|move|p1a: Maconheiro|Stealth Rock|p2a: Pelipper
|-sidestart|p2: jsdkaasdads|move: Stealth Rock
|
|-weather|RainDance|[upkeep]
|-heal|p1a: Maconheiro|50/100|[from] item: Leftovers
|upkeep
|turn|2
|inactive|garagem deu re has 120 seconds left.
|
|t:|1743914931
|switch|p2a: Corviknight|Corviknight, M|100/100
|-damage|p2a: Corviknight|88/100|[from] Stealth Rock
|switch|p1a: GAYrados|Gyarados, M|100/100
|
|-weather|RainDance|[upkeep]
|-heal|p2a: Corviknight|94/100|[from] item: Leftovers
|upkeep
|turn|3
|
|t:|1743914949
|move|p1a: GAYrados|Dragon Dance|p1a: GAYrados
|-boost|p1a: GAYrados|atk|1
|-boost|p1a: GAYrados|spe|1
|move|p2a: Corviknight|U-turn|p1a: GAYrados
|-resisted|p1a: GAYrados
|-damage|p1a: GAYrados|92/100
|
|t:|1743914955
|switch|p2a: Kilowattrel|Kilowattrel, M|100/100|[from] U-turn
|-damage|p2a: Kilowattrel|76/100|[from] Stealth Rock
|
|-weather|RainDance|[upkeep]
|-heal|p1a: GAYrados|98/100|[from] item: Leftovers
|upkeep
|turn|4
|
|t:|1743914973
|switch|p1a: Alegator|Krookodile, M|100/100
|-ability|p1a: Alegator|Intimidate|boost
|-unboost|p2a: Kilowattrel|atk|1
|move|p2a: Kilowattrel|Thunder|p1a: Alegator
|-immune|p1a: Alegator
|
|-weather|RainDance|[upkeep]
|upkeep
|turn|5
|
|t:|1743914995
|move|p2a: Kilowattrel|U-turn|p1a: Alegator
|-supereffective|p1a: Alegator
|-damage|p1a: Alegator|88/100
|
|t:|1743914999
|switch|p2a: Corviknight|Corviknight, M|94/100|[from] U-turn
|-damage|p2a: Corviknight|82/100|[from] Stealth Rock
|move|p1a: Alegator|Close Combat|p2a: Corviknight
|-damage|p2a: Corviknight|62/100
|-unboost|p1a: Alegator|def|1
|-unboost|p1a: Alegator|spd|1
|
|-weather|RainDance|[upkeep]
|-heal|p2a: Corviknight|68/100|[from] item: Leftovers
|upkeep
|turn|6
|inactive|garagem deu re has 90 seconds left.
|
|t:|1743915035
|move|p1a: Alegator|Stone Edge|p2a: Corviknight
|-damage|p2a: Corviknight|53/100
|move|p2a: Corviknight|Defog|p1a: Alegator
|-unboost|p1a: Alegator|evasion|1
|-sideend|p2: jsdkaasdads|Stealth Rock|[from] move: Defog|[of] p2a: Corviknight
|
|-weather|RainDance|[upkeep]
|-heal|p2a: Corviknight|59/100|[from] item: Leftovers
|upkeep
|turn|7
|inactive|garagem deu re has 60 seconds left.
|
|t:|1743915061
|switch|p1a: Made in china|Hydreigon, F|100/100
|move|p2a: Corviknight|Roost|p2a: Corviknight
|-heal|p2a: Corviknight|100/100
|-singleturn|p2a: Corviknight|move: Roost
|
|-weather|RainDance|[upkeep]
|upkeep
|turn|8
|inactive|garagem deu re has 60 seconds left.
|
|t:|1743915079
|move|p1a: Made in china|Protect|p1a: Made in china
|-singleturn|p1a: Made in china|Protect
|move|p2a: Corviknight|Body Press|p1a: Made in china
|-activate|p1a: Made in china|move: Protect
|
|-weather|none
|upkeep
|turn|9
|inactive|garagem deu re has 60 seconds left.
|
|t:|1743915095
|switch|p1a: Maconheiro|Hippowdon, M|50/100
|-weather|Sandstorm|[from] ability: Sand Stream|[of] p1a: Maconheiro
|move|p2a: Corviknight|Body Press|p1a: Maconheiro
|-damage|p1a: Maconheiro|33/100
|
|-weather|Sandstorm|[upkeep]
|-heal|p1a: Maconheiro|39/100|[from] item: Leftovers
|upkeep
|turn|10
|
|t:|1743915105
|move|p2a: Corviknight|Body Press|p1a: Maconheiro
|-crit|p1a: Maconheiro
|-damage|p1a: Maconheiro|15/100
|move|p1a: Maconheiro|Slack Off|p1a: Maconheiro
|-heal|p1a: Maconheiro|65/100
|
|-weather|Sandstorm|[upkeep]
|-heal|p1a: Maconheiro|71/100|[from] item: Leftovers
|upkeep
|turn|11
|inactive|garagem deu re has 60 seconds left.
|inactive|garagem deu re has 30 seconds left.
|
|t:|1743915143
|switch|p1a: Negão|Mimikyu, M|100/100
|move|p2a: Corviknight|Body Press|p1a: Negão
|-immune|p1a: Negão
|
|-weather|Sandstorm|[upkeep]
|-damage|p1a: Negão|95/100|[from] Sandstorm
|upkeep
|turn|12
|inactive|garagem deu re has 30 seconds left.
|
|t:|1743915156
|move|p1a: Negão|Swords Dance|p1a: Negão
|-boost|p1a: Negão|atk|2
|move|p2a: Corviknight|U-turn|p1a: Negão
|-activate|p1a: Negão|ability: Disguise
|-damage|p1a: Negão|95/100
|detailschange|p1a: Negão|Mimikyu-Busted, M
|-damage|p1a: Negão|82/100|[from] pokemon: Mimikyu-Busted
|
|t:|1743915164
|switch|p2a: Pelipper|Pelipper, F, shiny|100/100|[from] U-turn
|-weather|RainDance|[from] ability: Drizzle|[of] p2a: Pelipper
|
|-weather|RainDance|[upkeep]
|upkeep
|turn|13
|
|t:|1743915175
|switch|p2a: Corviknight|Corviknight, M|100/100
|move|p1a: Negão|Wood Hammer|p2a: Corviknight
|-resisted|p2a: Corviknight
|-damage|p2a: Corviknight|88/100
|-damage|p1a: Negão|76/100|[from] Recoil
|-damage|p1a: Negão|66/100|[from] item: Life Orb
|
|-weather|RainDance|[upkeep]
|-heal|p2a: Corviknight|94/100|[from] item: Leftovers
|upkeep
|turn|14
|
|t:|1743915187
|move|p1a: Negão|Swords Dance|p1a: Negão
|-boost|p1a: Negão|atk|2
|move|p2a: Corviknight|U-turn|p1a: Negão
|-resisted|p1a: Negão
|-damage|p1a: Negão|60/100
|
|t:|1743915199
|switch|p2a: Basculegion|Basculegion, M|100/100|[from] U-turn
|
|-weather|RainDance|[upkeep]
|upkeep
|turn|15
|
|t:|1743915216
|move|p2a: Basculegion|Flip Turn|p1a: Negão
|-damage|p1a: Negão|0 fnt
|faint|p1a: Negão
|
|t:|1743915226
|switch|p2a: Corviknight|Corviknight, M|94/100|[from] Flip Turn
|
|-weather|RainDance|[upkeep]
|-heal|p2a: Corviknight|100/100|[from] item: Leftovers
|upkeep
|
|t:|1743915237
|switch|p1a: Made in china|Hydreigon, F|100/100
|turn|16
|
|t:|1743915249
|move|p1a: Made in china|Flamethrower|p2a: Corviknight
|-supereffective|p2a: Corviknight
|-damage|p2a: Corviknight|56/100
|move|p2a: Corviknight|Body Press|p1a: Made in china
|-supereffective|p1a: Made in china
|-crit|p1a: Made in china
|-damage|p1a: Made in china|14/100
|
|-weather|RainDance|[upkeep]
|-heal|p2a: Corviknight|62/100|[from] item: Leftovers
|upkeep
|turn|17
|inactive|garagem deu re has 30 seconds left.
|
|t:|1743915270
|switch|p1a: Taco vergonha?|Scizor, M|100/100
|move|p2a: Corviknight|Body Press|p1a: Taco vergonha?
|-damage|p1a: Taco vergonha?|75/100
|
|-weather|RainDance|[upkeep]
|-heal|p2a: Corviknight|68/100|[from] item: Leftovers
|upkeep
|turn|18
|
|t:|1743915284
|move|p1a: Taco vergonha?|Swords Dance|p1a: Taco vergonha?
|-boost|p1a: Taco vergonha?|atk|2
|move|p2a: Corviknight|U-turn|p1a: Taco vergonha?
|-resisted|p1a: Taco vergonha?
|-damage|p1a: Taco vergonha?|70/100
|
|t:|1743915291
|switch|p2a: Basculegion|Basculegion, M|100/100|[from] U-turn
|
|-weather|RainDance|[upkeep]
|upkeep
|turn|19
|
|t:|1743915302
|-terastallize|p2a: Basculegion|Water
|move|p2a: Basculegion|Flip Turn|p1a: Taco vergonha?
|-damage|p1a: Taco vergonha?|0 fnt
|faint|p1a: Taco vergonha?
|
|t:|1743915310
|switch|p2a: Corviknight|Corviknight, M|68/100|[from] Flip Turn
|
|-weather|none
|-heal|p2a: Corviknight|74/100|[from] item: Leftovers
|upkeep
|
|t:|1743915316
|switch|p1a: GAYrados|Gyarados, M|98/100
|turn|20
|
|t:|1743915323
|move|p2a: Corviknight|U-turn|p1a: GAYrados
|-resisted|p1a: GAYrados
|-damage|p1a: GAYrados|90/100
|
|t:|1743915326
|switch|p2a: Pelipper|Pelipper, F, shiny|100/100|[from] U-turn
|-weather|RainDance|[from] ability: Drizzle|[of] p2a: Pelipper
|move|p1a: GAYrados|Avalanche|p2a: Pelipper
|-damage|p2a: Pelipper|81/100
|
|-weather|RainDance|[upkeep]
|-heal|p1a: GAYrados|96/100|[from] item: Leftovers
|upkeep
|turn|21
|inactive|garagem deu re has 60 seconds left.
|
|t:|1743915341
|move|p1a: GAYrados|Waterfall|p2a: Pelipper
|-resisted|p2a: Pelipper
|-damage|p2a: Pelipper|55/100
|move|p2a: Pelipper|U-turn|p1a: GAYrados
|-resisted|p1a: GAYrados
|-damage|p1a: GAYrados|91/100
|
|t:|1743915349
|switch|p2a: Kilowattrel|Kilowattrel, M|76/100|[from] U-turn
|
|-weather|RainDance|[upkeep]
|-heal|p1a: GAYrados|97/100|[from] item: Leftovers
|upkeep
|turn|22
|
|t:|1743915357
|switch|p1a: Alegator|Krookodile, M|88/100
|-ability|p1a: Alegator|Intimidate|boost
|-unboost|p2a: Kilowattrel|atk|1
|move|p2a: Kilowattrel|Thunder|p1a: Alegator
|-immune|p1a: Alegator
|
|-weather|RainDance|[upkeep]
|upkeep
|turn|23
|
|t:|1743915371
|switch|p2a: Corviknight|Corviknight, M|74/100
|move|p1a: Alegator|Stone Edge|p2a: Corviknight
|-damage|p2a: Corviknight|58/100
|
|-weather|RainDance|[upkeep]
|-heal|p2a: Corviknight|64/100|[from] item: Leftovers
|upkeep
|turn|24
|inactive|garagem deu re has 60 seconds left.
|
|t:|1743915391
|move|p1a: Alegator|Foul Play|p2a: Corviknight
|-damage|p2a: Corviknight|45/100
|move|p2a: Corviknight|Roost|p2a: Corviknight
|-heal|p2a: Corviknight|95/100
|-singleturn|p2a: Corviknight|move: Roost
|
|-weather|RainDance|[upkeep]
|-heal|p2a: Corviknight|100/100|[from] item: Leftovers
|upkeep
|turn|25
|inactive|garagem deu re has 60 seconds left.
|
|t:|1743915419
|move|p1a: Alegator|Close Combat|p2a: Corviknight
|-damage|p2a: Corviknight|82/100
|-unboost|p1a: Alegator|def|1
|-unboost|p1a: Alegator|spd|1
|move|p2a: Corviknight|U-turn|p1a: Alegator
|-supereffective|p1a: Alegator
|-damage|p1a: Alegator|50/100
|
|t:|1743915430
|switch|p2a: Dragonite|Dragonite, M|100/100|[from] U-turn
|
|-weather|RainDance|[upkeep]
|upkeep
|turn|26
|inactive|garagem deu re has 30 seconds left.
|
|t:|1743915456
|move|p1a: Alegator|Stone Edge|p2a: Dragonite|[miss]
|-miss|p1a: Alegator|p2a: Dragonite
|move|p2a: Dragonite|Dragon Dance|p2a: Dragonite
|-boost|p2a: Dragonite|atk|1
|-boost|p2a: Dragonite|spe|1
|
|-weather|RainDance|[upkeep]
|upkeep
|turn|27
|inactive|garagem deu re has 30 seconds left.
|
|t:|1743915468
|move|p2a: Dragonite|Extreme Speed|p1a: Alegator
|-crit|p1a: Alegator
|-damage|p1a: Alegator|0 fnt
|faint|p1a: Alegator
|
|-weather|none
|upkeep
|inactive|garagem deu re has 30 seconds left.
|
|t:|1743915477
|switch|p1a: GAYrados|Gyarados, M|97/100
|turn|28
|
|t:|1743915482
|move|p2a: Dragonite|Extreme Speed|p1a: GAYrados
|-damage|p1a: GAYrados|33/100
|move|p1a: GAYrados|Avalanche|p2a: Dragonite
|-supereffective|p2a: Dragonite
|-damage|p2a: Dragonite|2/100
|
|-heal|p2a: Dragonite|8/100|[from] item: Leftovers
|-heal|p1a: GAYrados|39/100|[from] item: Leftovers
|upkeep
|turn|29
|inactive|garagem deu re has 30 seconds left.
|
|t:|1743915505
|move|p2a: Dragonite|Extreme Speed|p1a: GAYrados
|-damage|p1a: GAYrados|0 fnt
|faint|p1a: GAYrados
|
|-heal|p2a: Dragonite|14/100|[from] item: Leftovers
|upkeep
|inactive|garagem deu re has 30 seconds left.
|-message|garagem deu re forfeited.
|
|win|jsdkaasdads
|raw|garagem deu re's rating: 1067 &rarr; <strong>1049</strong><br />(-18 for losing)
|raw|jsdkaasdads's rating: 1094 &rarr; <strong>1118</strong><br />(+24 for winning)
|l|☆garagem deu re
|player|p1|
|l|‽jsdkaasdads
|player|p2|
