|j|☆lc872244
|j|☆sevenighter
|t:|1743826219
|gametype|singles
|player|p1|lc872244|marley|1147
|player|p2|sevenighter|dawn-gen4pt|1080
|teamsize|p1|6
|teamsize|p2|6
|gen|9
|tier|[Gen 9] OU
|rated|
|rule|HP Percentage Mod: HP is shown in percentages
|rule|Endless Battle Clause: Forcing endless battles is banned
|rule|Species Clause: Limit one of each Pokémon
|rule|OHKO Clause: OHKO moves are banned
|rule|Evasion Items Clause: Evasion items are banned
|rule|Evasion Moves Clause: Evasion moves are banned
|rule|Sleep Moves Clause: Sleep-inducing moves are banned
|clearpoke
|poke|p1|Samurott-Hisui, F|
|poke|p1|Gardevoir, F|
|poke|p1|Clodsire, M|
|poke|p1|Zoroark-Hisui, M|
|poke|p1|Hydrapple, F|
|poke|p1|Ceruledge, F|
|poke|p2|Cinderace, F|
|poke|p2|Glimmora, M|
|poke|p2|Iron Valiant|
|poke|p2|Samurott-Hisui, M|
|poke|p2|Scizor, M|
|poke|p2|Meowscarada, M|
|teampreview
|inactive|Battle timer is ON: inactive players will automatically lose when time's up. (requested by sevenighter)
|
|t:|1743826231
|start
|switch|p1a: Clodsire|Clodsire, M|100/100
|switch|p2a: Meowscarada|Meowscarada, M, shiny|100/100
|turn|1
|
|t:|1743826238
|move|p2a: Meowscarada|Triple Axel|p1a: Clodsire
|-start|p2a: Meowscarada|typechange|Ice|[from] ability: Protean
|-supereffective|p1a: Clodsire
|-damage|p1a: Clodsire|79/100
|-supereffective|p1a: Clodsire
|-damage|p1a: Clodsire|39/100
|-supereffective|p1a: Clodsire
|-damage|p1a: Clodsire|0 fnt
|faint|p1a: Clodsire
|-hitcount|p1: Clodsire|3
|
|upkeep
|
|t:|1743826249
|switch|p1a: Ceruledge|Ceruledge, F|100/100
|turn|2
|
|t:|1743826258
|switch|p2a: 92 Explorer|Glimmora, M, shiny|100/100
|move|p1a: Ceruledge|Swords Dance|p1a: Ceruledge
|-boost|p1a: Ceruledge|atk|2
|
|upkeep
|turn|3
|
|t:|1743826266
|move|p1a: Ceruledge|Close Combat|p2a: 92 Explorer
|-damage|p2a: 92 Explorer|34/100
|-unboost|p1a: Ceruledge|def|1
|-unboost|p1a: Ceruledge|spd|1
|-activate|p2a: 92 Explorer|ability: Toxic Debris
|-sidestart|p1: lc872244|move: Toxic Spikes
|move|p2a: 92 Explorer|Earth Power|p1a: Ceruledge
|-supereffective|p1a: Ceruledge
|-damage|p1a: Ceruledge|6/100
|
|upkeep
|turn|4
|
|t:|1743826276
|move|p1a: Ceruledge|Bitter Blade|p2a: 92 Explorer
|-resisted|p2a: 92 Explorer
|-damage|p2a: 92 Explorer|0 fnt
|-heal|p1a: Ceruledge|28/100|[from] drain|[of] p2a: 92 Explorer
|-activate|p2a: 92 Explorer|ability: Toxic Debris
|-sidestart|p1: lc872244|move: Toxic Spikes
|faint|p2a: 92 Explorer
|
|upkeep
|
|t:|1743826289
|switch|p2a: Jack Sparrow|Samurott-Hisui, M, shiny|100/100
|turn|5
|
|t:|1743826293
|move|p2a: Jack Sparrow|Ceaseless Edge|p1a: Ceruledge|[miss]
|-miss|p2a: Jack Sparrow|p1a: Ceruledge
|move|p1a: Ceruledge|Close Combat|p2a: Jack Sparrow
|-supereffective|p2a: Jack Sparrow
|-damage|p2a: Jack Sparrow|0 fnt
|-unboost|p1a: Ceruledge|def|1
|-unboost|p1a: Ceruledge|spd|1
|faint|p2a: Jack Sparrow
|
|upkeep
|
|t:|1743826304
|switch|p2a: Cinderace|Cinderace, F|100/100
|turn|6
|
|t:|1743826308
|move|p1a: Ceruledge|Shadow Sneak|p2a: Cinderace
|-crit|p2a: Cinderace
|-damage|p2a: Cinderace|11/100
|move|p2a: Cinderace|Gunk Shot|p1a: Ceruledge
|-start|p2a: Cinderace|typechange|Poison|[from] ability: Libero
|-resisted|p1a: Ceruledge
|-crit|p1a: Ceruledge
|-damage|p1a: Ceruledge|0 fnt
|faint|p1a: Ceruledge
|
|upkeep
|
|t:|1743826320
|switch|p1a: Samurott|Samurott-Hisui, F, shiny|100/100
|-status|p1a: Samurott|tox
|turn|7
|
|t:|1743826325
|move|p1a: Samurott|Ceaseless Edge|p2a: Cinderace|[miss]
|-miss|p1a: Samurott|p2a: Cinderace
|move|p2a: Cinderace|U-turn|p1a: Samurott
|-supereffective|p1a: Samurott
|-damage|p1a: Samurott|40/100 tox
|
|t:|1743826332
|switch|p2a: Scizor|Scizor, M|100/100|[from] U-turn
|
|-damage|p1a: Samurott|34/100 tox|[from] psn
|upkeep
|turn|8
|
|t:|1743826337
|move|p1a: Samurott|Ceaseless Edge|p2a: Scizor|[miss]
|-miss|p1a: Samurott|p2a: Scizor
|move|p2a: Scizor|Bug Bite|p1a: Samurott
|-supereffective|p1a: Samurott
|-damage|p1a: Samurott|0 fnt
|faint|p1a: Samurott
|
|upkeep
|
|t:|1743826349
|switch|p1a: Gardevoir|Gardevoir, F|100/100
|-status|p1a: Gardevoir|tox
|-ability|p1a: Gardevoir|Technician|[from] ability: Trace|[of] p2a: Scizor
|turn|9
|
|t:|1743826357
|move|p2a: Scizor|Bullet Punch|p1a: Gardevoir
|-supereffective|p1a: Gardevoir
|-damage|p1a: Gardevoir|0 fnt
|faint|p1a: Gardevoir
|
|upkeep
|
|t:|1743826363
|switch|p1a: Hydrapple|Hydrapple, F|100/100
|-status|p1a: Hydrapple|tox
|turn|10
|
|t:|1743826366
|move|p1a: Hydrapple|Flamethrower|p2a: Scizor
|-supereffective|p2a: Scizor
|-damage|p2a: Scizor|0 fnt
|faint|p2a: Scizor
|-damage|p1a: Hydrapple|91/100 tox|[from] item: Life Orb
|
|-damage|p1a: Hydrapple|85/100 tox|[from] psn
|upkeep
|
|t:|1743826373
|switch|p2a: Calamity|Iron Valiant, shiny|100/100
|-enditem|p2a: Calamity|Booster Energy
|-activate|p2a: Calamity|ability: Quark Drive|[fromitem]
|-start|p2a: Calamity|quarkdrivespe
|turn|11
|
|t:|1743826386
|move|p2a: Calamity|Moonblast|p1a: Hydrapple
|-damage|p1a: Hydrapple|0 fnt
|replace|p1a: Zoroark|Zoroark-Hisui, M
|-end|p1a: Zoroark|Illusion
|faint|p1a: Zoroark
|
|upkeep
|
|t:|1743826390
|switch|p1a: Hydrapple|Hydrapple, F|100/100
|turn|12
|
|t:|1743826401
|-terastallize|p1a: Hydrapple|Steel
|move|p2a: Calamity|Moonblast|p1a: Hydrapple
|-resisted|p1a: Hydrapple
|-damage|p1a: Hydrapple|79/100
|-unboost|p1a: Hydrapple|spa|1
|move|p1a: Hydrapple|Giga Drain|p2a: Calamity
|-damage|p2a: Calamity|54/100
|-heal|p1a: Hydrapple|95/100|[from] drain|[of] p2a: Calamity
|
|upkeep
|turn|13
|
|t:|1743826411
|move|p2a: Calamity|Aura Sphere|p1a: Hydrapple
|-supereffective|p1a: Hydrapple
|-damage|p1a: Hydrapple|12/100
|move|p1a: Hydrapple|Nasty Plot|p1a: Hydrapple
|-boost|p1a: Hydrapple|spa|2
|
|upkeep
|turn|14
|
|t:|1743826417
|move|p2a: Calamity|Aura Sphere|p1a: Hydrapple
|-supereffective|p1a: Hydrapple
|-damage|p1a: Hydrapple|0 fnt
|faint|p1a: Hydrapple
|
|win|sevenighter
|raw|lc872244's rating: 1147 &rarr; <strong>1117</strong><br />(-30 for losing)
|raw|sevenighter's rating: 1080 &rarr; <strong>1113</strong><br />(+33 for winning)
|l|☆lc872244
|player|p1|
|l|☆sevenighter
|player|p2|
