|badge|p1|bronze|gen9ou|100-5
|uhtml|medal-msg|<div class="broadcast-blue">Curious what those medals under the avatar are? PS now has Ladder Seasons! For more information, check out the <a href="https://www.smogon.com/forums/threads/3740067/">thread on Smogon.</a></div>
|j|‽Rocktar Made
|j|☆innymilly
|t:|1743873347
|gametype|singles
|player|p1|Rocktar Made|lass-gen4dp|1870
|player|p2|innymilly|ethan|1788
|teamsize|p1|6
|teamsize|p2|6
|gen|9
|tier|[Gen 9] OU
|rated|
|rule|HP Percentage Mod: HP is shown in percentages
|rule|Endless Battle Clause: Forcing endless battles is banned
|rule|Species Clause: Limit one of each Pokémon
|rule|OHKO Clause: OHKO moves are banned
|rule|Evasion Items Clause: Evasion items are banned
|rule|Evasion Moves Clause: Evasion moves are banned
|rule|Sleep Moves Clause: Sleep-inducing moves are banned
|clearpoke
|poke|p1|Weezing-Galar, F|
|poke|p1|Alomomola, M|
|poke|p1|Zoroark-Hisui, F|
|poke|p1|Iron Treads|
|poke|p1|Enamorus, F|
|poke|p1|Zamazenta-*|
|poke|p2|Ting-Lu|
|poke|p2|Sinistcha|
|poke|p2|Garganacl, F|
|poke|p2|Moltres|
|poke|p2|Okidogi, M|
|poke|p2|Dragonite, M|
|teampreview
|inactive|Battle timer is ON: inactive players will automatically lose when time's up. (requested by Rocktar Made)
|j| Socomin
|
|t:|1743873359
|start
|switch|p1a: Iron Treads|Iron Treads|100/100
|switch|p2a: Moltres|Moltres|100/100
|turn|1
|
|t:|1743873364
|move|p1a: Iron Treads|Shadow Ball|p2a: Moltres
|-damage|p2a: Moltres|41/100
|move|p2a: Moltres|Flamethrower|p1a: Iron Treads
|-damage|p1a: Iron Treads|29/100
|replace|p1a: Zoroark|Zoroark-Hisui, F
|-end|p1a: Zoroark|Illusion
|
|upkeep
|turn|2
|
|t:|1743873370
|switch|p1a: Weezing|Weezing-Galar, F|100/100
|-ability|p1a: Weezing|Neutralizing Gas
|switch|p2a: Garganacl|Garganacl, F|100/100
|
|upkeep
|turn|3
|
|t:|1743873380
|-end|p1a: Weezing|ability: Neutralizing Gas
|switch|p1a: Iron Treads|Iron Treads|29/100
|switch|p2a: Moltres|Moltres|41/100
|
|upkeep
|turn|4
|
|t:|1743873386
|switch|p2a: Garganacl|Garganacl, F|100/100
|move|p1a: Iron Treads|Trick|p2a: Garganacl
|-activate|p1a: Iron Treads|move: Trick|[of] p2a: Garganacl
|-item|p2a: Garganacl|Choice Specs|[from] move: Trick
|-item|p1a: Iron Treads|Leftovers|[from] move: Trick
|
|-heal|p1a: Iron Treads|35/100|[from] item: Leftovers
|upkeep
|turn|5
|
|t:|1743873393
|move|p1a: Iron Treads|U-turn|p2a: Garganacl
|-damage|p2a: Garganacl|92/100
|
|t:|1743873398
|switch|p1a: Alomomola|Alomomola, M|100/100|[from] U-turn
|move|p2a: Garganacl|Stealth Rock|p1a: Alomomola
|-sidestart|p1: Rocktar Made|move: Stealth Rock
|
|upkeep
|turn|6
|
|t:|1743873403
|switch|p2a: Okidogi|Okidogi, M|100/100
|move|p1a: Alomomola|Flip Turn|p2a: Okidogi
|-damage|p2a: Okidogi|86/100
|j| MiniLarry
|
|t:|1743873407
|switch|p1a: Weezing|Weezing-Galar, F|100/100|[from] Flip Turn
|-ability|p1a: Weezing|Neutralizing Gas
|-damage|p1a: Weezing|88/100|[from] Stealth Rock
|
|-heal|p2a: Okidogi|92/100|[from] item: Leftovers
|-heal|p1a: Weezing|94/100|[from] item: Leftovers
|upkeep
|turn|7
|
|t:|1743873412
|move|p2a: Okidogi|Knock Off|p1a: Weezing
|-resisted|p1a: Weezing
|-damage|p1a: Weezing|86/100
|-enditem|p1a: Weezing|Leftovers|[from] move: Knock Off|[of] p2a: Okidogi
|move|p1a: Weezing|Defog|p2a: Okidogi
|-unboost|p2a: Okidogi|evasion|1
|-sideend|p1: Rocktar Made|Stealth Rock|[from] move: Defog|[of] p1a: Weezing
|
|-heal|p2a: Okidogi|98/100|[from] item: Leftovers
|upkeep
|turn|8
|
|t:|1743873415
|switch|p2a: Moltres|Moltres|41/100
|-end|p1a: Weezing|ability: Neutralizing Gas
|switch|p1a: Iron Treads|Iron Treads|35/100
|
|-heal|p1a: Iron Treads|41/100|[from] item: Leftovers
|upkeep
|turn|9
|
|t:|1743873420
|move|p1a: Iron Treads|Hyper Voice|p2a: Moltres
|-damage|p2a: Moltres|0 fnt
|faint|p2a: Moltres
|
|-heal|p1a: Iron Treads|47/100|[from] item: Leftovers
|upkeep
|
|t:|1743873426
|switch|p2a: Ting-Lu|Ting-Lu|100/100
|-ability|p2a: Ting-Lu|Vessel of Ruin
|turn|10
|
|t:|1743873429
|move|p1a: Iron Treads|U-turn|p2a: Ting-Lu
|-supereffective|p2a: Ting-Lu
|-damage|p2a: Ting-Lu|84/100
|
|t:|1743873431
|switch|p1a: Weezing|Weezing-Galar, F|86/100|[from] U-turn
|-ability|p1a: Weezing|Neutralizing Gas
|move|p2a: Ting-Lu|Spikes|p1a: Weezing
|-sidestart|p1: Rocktar Made|Spikes
|
|-heal|p2a: Ting-Lu|90/100|[from] item: Leftovers
|upkeep
|turn|11
|
|t:|1743873435
|move|p1a: Weezing|Will-O-Wisp|p2a: Ting-Lu
|-status|p2a: Ting-Lu|brn
|move|p2a: Ting-Lu|Earthquake|p1a: Weezing
|-supereffective|p1a: Weezing
|-damage|p1a: Weezing|61/100
|
|-heal|p2a: Ting-Lu|96/100 brn|[from] item: Leftovers
|-damage|p2a: Ting-Lu|90/100 brn|[from] brn
|upkeep
|turn|12
|
|t:|1743873439
|switch|p2a: Garganacl|Garganacl, F|92/100
|move|p1a: Weezing|Pain Split|p2a: Garganacl
|-sethp|p2a: Garganacl|71/100|[from] move: Pain Split|[silent]
|-sethp|p1a: Weezing|86/100|[from] move: Pain Split
|
|upkeep
|turn|13
|
|t:|1743873443
|move|p1a: Weezing|Will-O-Wisp|p2a: Garganacl
|-status|p2a: Garganacl|brn
|move|p2a: Garganacl|Salt Cure|p1a: Weezing
|-damage|p1a: Weezing|81/100
|-start|p1a: Weezing|Salt Cure
|
|-damage|p2a: Garganacl|65/100 brn|[from] brn
|-damage|p1a: Weezing|69/100|[from] Salt Cure
|upkeep
|turn|14
|
|t:|1743873446
|switch|p2a: Ting-Lu|Ting-Lu|90/100 brn
|move|p1a: Weezing|Defog|p2a: Ting-Lu
|-unboost|p2a: Ting-Lu|evasion|1
|-sideend|p1: Rocktar Made|Spikes|[from] move: Defog|[of] p1a: Weezing
|
|-heal|p2a: Ting-Lu|96/100 brn|[from] item: Leftovers
|-damage|p2a: Ting-Lu|90/100 brn|[from] brn
|-damage|p1a: Weezing|57/100|[from] Salt Cure
|upkeep
|turn|15
|
|t:|1743873451
|move|p1a: Weezing|Pain Split|p2a: Ting-Lu
|-sethp|p2a: Ting-Lu|64/100 brn|[from] move: Pain Split|[silent]
|-sethp|p1a: Weezing|98/100|[from] move: Pain Split
|move|p2a: Ting-Lu|Spikes|p1a: Weezing
|-sidestart|p1: Rocktar Made|Spikes
|
|-heal|p2a: Ting-Lu|70/100 brn|[from] item: Leftovers
|-damage|p2a: Ting-Lu|64/100 brn|[from] brn
|-damage|p1a: Weezing|85/100|[from] Salt Cure
|upkeep
|turn|16
|
|t:|1743873455
|move|p1a: Weezing|Strange Steam|p2a: Ting-Lu
|-supereffective|p2a: Ting-Lu
|-damage|p2a: Ting-Lu|33/100 brn
|-start|p2a: Ting-Lu|confusion
|-activate|p2a: Ting-Lu|confusion
|move|p2a: Ting-Lu|Spikes|p1a: Weezing
|-sidestart|p1: Rocktar Made|Spikes
|
|-heal|p2a: Ting-Lu|39/100 brn|[from] item: Leftovers
|-damage|p2a: Ting-Lu|33/100 brn|[from] brn
|-damage|p1a: Weezing|73/100|[from] Salt Cure
|upkeep
|turn|17
|
|t:|1743873463
|move|p1a: Weezing|Defog|p2a: Ting-Lu
|-unboost|p2a: Ting-Lu|evasion|1
|-sideend|p1: Rocktar Made|Spikes|[from] move: Defog|[of] p1a: Weezing
|-end|p2a: Ting-Lu|confusion
|move|p2a: Ting-Lu|Spikes|p1a: Weezing
|-sidestart|p1: Rocktar Made|Spikes
|
|-heal|p2a: Ting-Lu|39/100 brn|[from] item: Leftovers
|-damage|p2a: Ting-Lu|33/100 brn|[from] brn
|-damage|p1a: Weezing|61/100|[from] Salt Cure
|upkeep
|turn|18
|
|t:|1743873468
|-end|p1a: Weezing|ability: Neutralizing Gas
|-ability|p2a: Ting-Lu|Vessel of Ruin
|switch|p1a: Enamorus|Enamorus, F|100/100
|move|p2a: Ting-Lu|Earthquake|p1a: Enamorus
|-immune|p1a: Enamorus
|
|-heal|p2a: Ting-Lu|39/100 brn|[from] item: Leftovers
|-damage|p2a: Ting-Lu|33/100 brn|[from] brn
|upkeep
|turn|19
|j| union boss
|
|t:|1743873473
|move|p1a: Enamorus|Moonblast|p2a: Ting-Lu
|-supereffective|p2a: Ting-Lu
|-damage|p2a: Ting-Lu|0 fnt
|faint|p2a: Ting-Lu
|
|upkeep
|
|t:|1743873477
|switch|p2a: Okidogi|Okidogi, M|98/100
|turn|20
|
|t:|1743873484
|switch|p1a: Weezing|Weezing-Galar, F|61/100
|-ability|p1a: Weezing|Neutralizing Gas
|-damage|p1a: Weezing|48/100|[from] Spikes
|move|p2a: Okidogi|Bulk Up|p2a: Okidogi
|-boost|p2a: Okidogi|atk|1
|-boost|p2a: Okidogi|def|1
|
|-heal|p2a: Okidogi|100/100|[from] item: Leftovers
|upkeep
|turn|21
|
|t:|1743873488
|move|p2a: Okidogi|Poison Jab|p1a: Weezing
|-damage|p1a: Weezing|14/100
|move|p1a: Weezing|Defog|p2a: Okidogi
|-unboost|p2a: Okidogi|evasion|1
|-sideend|p1: Rocktar Made|Spikes|[from] move: Defog|[of] p1a: Weezing
|
|upkeep
|turn|22
|
|t:|1743873493
|move|p2a: Okidogi|Poison Jab|p1a: Weezing
|-damage|p1a: Weezing|0 fnt
|faint|p1a: Weezing
|-end|p1a: Weezing|ability: Neutralizing Gas
|
|upkeep
|
|t:|1743873496
|switch|p1a: Iron Treads|Iron Treads|47/100
|turn|23
|
|t:|1743873499
|move|p1a: Iron Treads|Shadow Ball|p2a: Okidogi
|-damage|p2a: Okidogi|67/100
|move|p2a: Okidogi|Knock Off|p1a: Iron Treads
|-supereffective|p1a: Iron Treads
|-damage|p1a: Iron Treads|0 fnt
|replace|p1a: Zoroark|Zoroark-Hisui, F
|-end|p1a: Zoroark|Illusion
|-enditem|p1a: Zoroark|Leftovers|[from] move: Knock Off|[of] p2a: Okidogi
|faint|p1a: Zoroark
|
|-heal|p2a: Okidogi|73/100|[from] item: Leftovers
|upkeep
|
|t:|1743873502
|switch|p1a: Enamorus|Enamorus, F|100/100
|turn|24
|
|t:|1743873509
|-terastallize|p2a: Okidogi|Grass
|move|p1a: Enamorus|Earth Power|p2a: Okidogi
|-resisted|p2a: Okidogi
|-damage|p2a: Okidogi|59/100
|move|p2a: Okidogi|Poison Jab|p1a: Enamorus
|-supereffective|p1a: Enamorus
|-damage|p1a: Enamorus|0 fnt
|faint|p1a: Enamorus
|
|-heal|p2a: Okidogi|65/100|[from] item: Leftovers
|upkeep
|
|t:|1743873521
|switch|p1a: Alomomola|Alomomola, M|100/100
|turn|25
|
|t:|1743873526
|move|p2a: Okidogi|Knock Off|p1a: Alomomola
|-crit|p1a: Alomomola
|-damage|p1a: Alomomola|62/100
|-enditem|p1a: Alomomola|Assault Vest|[from] move: Knock Off|[of] p2a: Okidogi
|move|p1a: Alomomola|Scald|p2a: Okidogi
|-resisted|p2a: Okidogi
|-damage|p2a: Okidogi|60/100
|
|-heal|p2a: Okidogi|66/100|[from] item: Leftovers
|upkeep
|turn|26
|
|t:|1743873531
|move|p2a: Okidogi|Poison Jab|p1a: Alomomola
|-damage|p1a: Alomomola|25/100
|-status|p1a: Alomomola|psn
|move|p1a: Alomomola|Scald|p2a: Okidogi
|-resisted|p2a: Okidogi
|-damage|p2a: Okidogi|62/100
|
|-heal|p2a: Okidogi|68/100|[from] item: Leftovers
|-damage|p1a: Alomomola|12/100 psn|[from] psn
|upkeep
|turn|27
|
|t:|1743873537
|switch|p1a: Iron Treads|Iron Treads|100/100
|move|p2a: Okidogi|Drain Punch|p1a: Iron Treads
|-supereffective|p1a: Iron Treads
|-damage|p1a: Iron Treads|30/100
|-heal|p2a: Okidogi|100/100|[from] drain|[of] p1a: Iron Treads
|
|-heal|p1a: Iron Treads|36/100|[from] item: Leftovers
|upkeep
|turn|28
|
|t:|1743873540
|move|p1a: Iron Treads|Knock Off|p2a: Okidogi
|-damage|p2a: Okidogi|88/100
|-enditem|p2a: Okidogi|Leftovers|[from] move: Knock Off|[of] p1a: Iron Treads
|move|p2a: Okidogi|Drain Punch|p1a: Iron Treads
|-supereffective|p1a: Iron Treads
|-damage|p1a: Iron Treads|0 fnt
|-heal|p2a: Okidogi|100/100|[from] drain|[of] p1a: Iron Treads
|faint|p1a: Iron Treads
|-end|p1a: Iron Treads|Quark Drive|[silent]
|
|upkeep
|
|t:|1743873542
|switch|p1a: Alomomola|Alomomola, M|46/100 psn
|turn|29
|-message|Rocktar Made forfeited.
|
|win|innymilly
|raw|Rocktar Made's rating: 1870 &rarr; <strong>1845</strong><br />(-25 for losing)
|raw|innymilly's rating: 1788 &rarr; <strong>1813</strong><br />(+25 for winning)
|l|‽Rocktar Made
|player|p1|
|l| MiniLarry
|l|☆innymilly
|player|p2|
|l| Socomin
