|j|☆lulu oui ^^
|j|☆Da Nuclear ♡
|t:|1743787765
|gametype|singles
|player|p1|lulu oui ^^|169|1249
|player|p2|Da Nuclear ♡|cynthia-masters|1240
|teamsize|p1|6
|teamsize|p2|6
|gen|9
|tier|[Gen 9] OU
|rated|
|rule|HP Percentage Mod: HP is shown in percentages
|rule|Endless Battle Clause: Forcing endless battles is banned
|rule|Species Clause: Limit one of each Pokémon
|rule|OHKO Clause: OHKO moves are banned
|rule|Evasion Items Clause: Evasion items are banned
|rule|Evasion Moves Clause: Evasion moves are banned
|rule|Sleep Moves Clause: Sleep-inducing moves are banned
|clearpoke
|poke|p1|Darkrai|
|poke|p1|Samurott-Hisui, M|
|poke|p1|Latios, M|
|poke|p1|Pecharunt|
|poke|p1|Zamazenta-*|
|poke|p1|Landorus-Therian, M|
|poke|p2|Ribombee, M|
|poke|p2|Cinderace, F|
|poke|p2|Malamar, F|
|poke|p2|Serperior, M|
|poke|p2|Kingambit, F|
|poke|p2|Empoleon, F|
|teampreview
|
|t:|1743787773
|start
|switch|p1a: Pecharunt|Pecharunt|100/100
|switch|p2a: Honeypie|Ribombee, M|100/100
|turn|1
|
|t:|1743787780
|move|p2a: Honeypie|Sticky Web|p1a: Pecharunt
|-sidestart|p1: lulu oui ^^|move: Sticky Web
|move|p1a: Pecharunt|Malignant Chain|p2a: Honeypie
|-supereffective|p2a: Honeypie
|-enditem|p2a: Honeypie|Focus Sash
|-damage|p2a: Honeypie|1/100
|
|upkeep
|turn|2
|
|t:|1743787790
|move|p2a: Honeypie|Stun Spore|p1a: Pecharunt
|-status|p1a: Pecharunt|par
|move|p1a: Pecharunt|Foul Play|p2a: Honeypie
|-resisted|p2a: Honeypie
|-damage|p2a: Honeypie|0 fnt
|faint|p2a: Honeypie
|
|upkeep
|
|t:|1743787793
|switch|p2a: Swappin' Around|Cinderace, F, shiny|100/100
|turn|3
|
|t:|1743787800
|switch|p1a: Landorus|Landorus-Therian, M|100/100
|-ability|p1a: Landorus|Intimidate|boost
|-unboost|p2a: Swappin' Around|atk|1
|move|p2a: Swappin' Around|Court Change|p2a: Swappin' Around
|-start|p2a: Swappin' Around|typechange|Normal|[from] ability: Libero
|-swapsideconditions
|-activate|p2a: Swappin' Around|move: Court Change
|
|upkeep
|turn|4
|c|☆lulu oui ^^|xd
|c|☆Da Nuclear ♡|?
|
|t:|1743787822
|move|p2a: Swappin' Around|Gunk Shot|p1a: Landorus
|-resisted|p1a: Landorus
|-damage|p1a: Landorus|88/100
|-status|p1a: Landorus|psn
|move|p1a: Landorus|Earthquake|p2a: Swappin' Around
|-damage|p2a: Swappin' Around|26/100
|
|-damage|p1a: Landorus|76/100 psn|[from] psn
|upkeep
|turn|5
|
|t:|1743787835
|move|p2a: Swappin' Around|Pyro Ball|p1a: Landorus
|-damage|p1a: Landorus|51/100 psn
|move|p1a: Landorus|U-turn|p2a: Swappin' Around
|-damage|p2a: Swappin' Around|0 fnt
|faint|p2a: Swappin' Around
|
|t:|1743787839
|switch|p1a: Samurott|Samurott-Hisui, M|100/100|[from] U-turn
|
|upkeep
|
|t:|1743787843
|switch|p2a: Squidward|Malamar, F, shiny|100/100
|-activate|p2a: Squidward|move: Sticky Web
|-boost|p2a: Squidward|spe|1
|turn|6
|c|☆Da Nuclear ♡|it wasn't a mistake
|c|☆lulu oui ^^|oh
|c|☆lulu oui ^^|didnt know that
|c|☆lulu oui ^^|wp wp
|c|☆Da Nuclear ♡|:>
|
|t:|1743787872
|move|p2a: Squidward|Superpower|p1a: Samurott
|-supereffective|p1a: Samurott
|-damage|p1a: Samurott|32/100
|-boost|p2a: Squidward|atk|1
|-boost|p2a: Squidward|def|1
|move|p1a: Samurott|Knock Off|p2a: Squidward
|-damage|p2a: Squidward|69/100
|-enditem|p2a: Squidward|Leftovers|[from] move: Knock Off|[of] p1a: Samurott
|
|upkeep
|turn|7
|
|t:|1743787882
|switch|p1a: Pecharunt|Pecharunt|100/100 par
|move|p2a: Squidward|Superpower|p1a: Pecharunt
|-immune|p1a: Pecharunt
|
|upkeep
|turn|8
|
|t:|1743787890
|move|p2a: Squidward|Throat Chop|p1a: Pecharunt
|-supereffective|p1a: Pecharunt
|-damage|p1a: Pecharunt|53/100 par
|-start|p1a: Pecharunt|Throat Chop|[silent]
|move|p1a: Pecharunt|Foul Play|p2a: Squidward
|-damage|p2a: Squidward|38/100
|
|upkeep
|turn|9
|
|t:|1743787906
|-terastallize|p1a: Pecharunt|Flying
|move|p2a: Squidward|Throat Chop|p1a: Pecharunt
|-damage|p1a: Pecharunt|28/100 par
|move|p1a: Pecharunt|Recover|p1a: Pecharunt
|-heal|p1a: Pecharunt|78/100 par
|
|-end|p1a: Pecharunt|Throat Chop|[silent]
|upkeep
|turn|10
|
|t:|1743787914
|move|p2a: Squidward|Superpower|p1a: Pecharunt
|-resisted|p1a: Pecharunt
|-damage|p1a: Pecharunt|67/100 par
|-boost|p2a: Squidward|atk|1
|-boost|p2a: Squidward|def|1
|move|p1a: Pecharunt|Malignant Chain|p2a: Squidward
|-damage|p2a: Squidward|0 fnt
|faint|p2a: Squidward
|
|upkeep
|
|t:|1743787920
|switch|p2a: Chess Enjoyer|Kingambit, F|100/100
|-activate|p2a: Chess Enjoyer|move: Sticky Web
|-unboost|p2a: Chess Enjoyer|spe|1
|-ability|p2a: Chess Enjoyer|Defiant|boost
|-boost|p2a: Chess Enjoyer|atk|2
|turn|11
|
|t:|1743787932
|move|p1a: Pecharunt|Parting Shot|p2a: Chess Enjoyer
|-unboost|p2a: Chess Enjoyer|atk|1
|-ability|p2a: Chess Enjoyer|Defiant|boost
|-boost|p2a: Chess Enjoyer|atk|2
|-unboost|p2a: Chess Enjoyer|spa|1
|-ability|p2a: Chess Enjoyer|Defiant|boost
|-boost|p2a: Chess Enjoyer|atk|2
|c|☆Da Nuclear ♡|epic
|
|t:|1743787936
|switch|p1a: Landorus|Landorus-Therian, M|51/100 psn|[from] Parting Shot
|-ability|p1a: Landorus|Intimidate|boost
|-unboost|p2a: Chess Enjoyer|atk|1
|-ability|p2a: Chess Enjoyer|Defiant|boost
|-boost|p2a: Chess Enjoyer|atk|2
|move|p2a: Chess Enjoyer|Kowtow Cleave|p1a: Landorus
|-damage|p1a: Landorus|0 fnt
|-damage|p2a: Chess Enjoyer|84/100|[from] item: Rocky Helmet|[of] p1a: Landorus
|faint|p1a: Landorus
|
|upkeep
|
|t:|1743787939
|switch|p1a: Pecharunt|Pecharunt, tera:Flying|67/100 par
|turn|12
|
|t:|1743787943
|move|p2a: Chess Enjoyer|Sucker Punch|p1a: Pecharunt
|-damage|p1a: Pecharunt|0 fnt
|faint|p1a: Pecharunt
|
|upkeep
|-message|lulu oui ^^ forfeited.
|
|win|Da Nuclear ♡
|raw|lulu oui ^^'s rating: 1249 &rarr; <strong>1223</strong><br />(-26 for losing)
|raw|Da Nuclear ♡'s rating: 1240 &rarr; <strong>1266</strong><br />(+26 for winning)
|l|☆lulu oui ^^
|player|p1|
|c|☆Da Nuclear ♡|hmmm yes
|c|☆Da Nuclear ♡|very cool
