|j|☆For the Locals
|j|☆patxongo
|t:|1743801451
|gametype|singles
|player|p1|For the Locals|caitlin|1196
|player|p2|patxongo|cynthia-gen4|1256
|teamsize|p1|6
|teamsize|p2|6
|gen|9
|tier|[Gen 9] OU
|rated|
|rule|HP Percentage Mod: HP is shown in percentages
|rule|Endless Battle Clause: Forcing endless battles is banned
|rule|Species Clause: Limit one of each Pokémon
|rule|OHKO Clause: OHKO moves are banned
|rule|Evasion Items Clause: Evasion items are banned
|rule|Evasion Moves Clause: Evasion moves are banned
|rule|Sleep Moves Clause: Sleep-inducing moves are banned
|clearpoke
|poke|p1|Hariyama, M|
|poke|p1|Garchomp, F|
|poke|p1|Moltres|
|poke|p1|Latios, M|
|poke|p1|Ting-Lu|
|poke|p1|Gholdengo|
|poke|p2|Kyurem|
|poke|p2|Slowking-Galar, F|
|poke|p2|Landorus-Therian, M|
|poke|p2|Iron Valiant|
|poke|p2|Cinderace, F|
|poke|p2|Kingambit, F|
|teampreview
|inactive|Battle timer is ON: inactive players will automatically lose when time's up. (requested by For the Locals)
|
|t:|1743801467
|start
|switch|p1a: Hariyama|Hariyama, M|100/100
|switch|p2a: Landorus|Landorus-Therian, M|100/100
|-ability|p2a: Landorus|Intimidate|boost
|-unboost|p1a: Hariyama|atk|1
|turn|1
|
|t:|1743801483
|move|p2a: Landorus|Taunt|p1a: Hariyama
|-start|p1a: Hariyama|move: Taunt
|cant|p1a: Hariyama|move: Taunt|Belly Drum
|
|-status|p1a: Hariyama|brn|[from] item: Flame Orb
|upkeep
|turn|2
|
|t:|1743801501
|move|p2a: Landorus|Stealth Rock|p1a: Hariyama
|-sidestart|p1: For the Locals|move: Stealth Rock
|move|p1a: Hariyama|Knock Off|p2a: Landorus
|-damage|p2a: Landorus|75/100
|-damage|p1a: Hariyama|84/100 brn|[from] item: Rocky Helmet|[of] p2a: Landorus
|-enditem|p2a: Landorus|Rocky Helmet|[from] move: Knock Off|[of] p1a: Hariyama
|
|-damage|p1a: Hariyama|78/100 brn|[from] brn
|upkeep
|turn|3
|
|t:|1743801510
|switch|p1a: Moltres|Moltres|100/100
|move|p2a: Landorus|Earth Power|p1a: Moltres
|-immune|p1a: Moltres
|
|upkeep
|turn|4
|
|t:|1743801516
|switch|p2a: Slowking|Slowking-Galar, F|100/100
|move|p1a: Moltres|Flamethrower|p2a: Slowking
|-damage|p2a: Slowking|80/100
|
|upkeep
|turn|5
|
|t:|1743801533
|switch|p1a: Garchomp|Garchomp, F|100/100
|-damage|p1a: Garchomp|94/100|[from] Stealth Rock
|move|p2a: Slowking|Toxic|p1a: Garchomp
|-status|p1a: Garchomp|tox
|
|-heal|p1a: Garchomp|100/100 tox|[from] item: Leftovers
|-damage|p1a: Garchomp|94/100 tox|[from] psn
|upkeep
|turn|6
|inactive|patxongo has 120 seconds left.
|
|t:|1743801562
|switch|p2a: Landorus|Landorus-Therian, M|75/100
|-ability|p2a: Landorus|Intimidate|boost
|-unboost|p1a: Garchomp|atk|1
|move|p1a: Garchomp|Stealth Rock|p2a: Landorus
|-sidestart|p2: patxongo|move: Stealth Rock
|
|-heal|p1a: Garchomp|100/100 tox|[from] item: Leftovers
|-damage|p1a: Garchomp|88/100 tox|[from] psn
|upkeep
|turn|7
|inactive|patxongo has 120 seconds left.
|
|t:|1743801574
|switch|p1a: Moltres|Moltres|100/100
|move|p2a: Landorus|Taunt|p1a: Moltres
|-start|p1a: Moltres|move: Taunt
|
|upkeep
|turn|8
|
|t:|1743801583
|move|p2a: Landorus|U-turn|p1a: Moltres
|-resisted|p1a: Moltres
|-damage|p1a: Moltres|97/100
|-status|p2a: Landorus|brn|[from] ability: Flame Body|[of] p1a: Moltres
|
|t:|1743801587
|switch|p2a: Slowking|Slowking-Galar, F|100/100|[from] U-turn
|move|p1a: Moltres|Flamethrower|p2a: Slowking
|-damage|p2a: Slowking|79/100
|
|upkeep
|turn|9
|inactive|patxongo has 120 seconds left.
|
|t:|1743801607
|switch|p1a: Hariyama|Hariyama, M|78/100 brn
|-damage|p1a: Hariyama|72/100 brn|[from] Stealth Rock
|move|p2a: Slowking|Toxic||[still]
|-fail|p2a: Slowking
|
|-damage|p1a: Hariyama|66/100 brn|[from] brn
|upkeep
|turn|10
|
|t:|1743801616
|move|p1a: Hariyama|Drain Punch|p2a: Slowking
|-resisted|p2a: Slowking
|-crit|p2a: Slowking
|-damage|p2a: Slowking|55/100
|-heal|p1a: Hariyama|77/100 brn|[from] drain|[of] p2a: Slowking
|move|p2a: Slowking|Future Sight|p1a: Hariyama
|-start|p2a: Slowking|move: Future Sight
|
|-damage|p1a: Hariyama|71/100 brn|[from] brn
|upkeep
|turn|11
|
|t:|1743801625
|switch|p2a: Landorus|Landorus-Therian, M|75/100 brn
|-damage|p2a: Landorus|63/100 brn|[from] Stealth Rock
|-ability|p2a: Landorus|Intimidate|boost
|-unboost|p1a: Hariyama|atk|1
|move|p1a: Hariyama|Knock Off|p2a: Landorus
|-damage|p2a: Landorus|44/100 brn
|
|-damage|p2a: Landorus|38/100 brn|[from] brn
|-damage|p1a: Hariyama|65/100 brn|[from] brn
|upkeep
|turn|12
|
|t:|1743801644
|switch|p1a: Ting-Lu|Ting-Lu|100/100
|-damage|p1a: Ting-Lu|94/100|[from] Stealth Rock
|-ability|p1a: Ting-Lu|Vessel of Ruin
|move|p2a: Landorus|Taunt|p1a: Ting-Lu
|-start|p1a: Ting-Lu|move: Taunt
|
|-end|p1a: Ting-Lu|move: Future Sight
|-immune|p1a: Ting-Lu
|-heal|p1a: Ting-Lu|100/100|[from] item: Leftovers
|-damage|p2a: Landorus|32/100 brn|[from] brn
|upkeep
|turn|13
|inactive|patxongo has 120 seconds left.
|
|t:|1743801669
|move|p2a: Landorus|Earth Power|p1a: Ting-Lu
|-damage|p1a: Ting-Lu|88/100
|move|p1a: Ting-Lu|Earthquake|p2a: Landorus
|-immune|p2a: Landorus
|
|-heal|p1a: Ting-Lu|94/100|[from] item: Leftovers
|-damage|p2a: Landorus|26/100 brn|[from] brn
|upkeep
|turn|14
|inactive|patxongo has 120 seconds left.
|
|t:|1743801681
|move|p2a: Landorus|Earth Power|p1a: Ting-Lu
|-crit|p1a: Ting-Lu
|-damage|p1a: Ting-Lu|73/100
|move|p1a: Ting-Lu|Payback|p2a: Landorus
|-damage|p2a: Landorus|0 fnt
|faint|p2a: Landorus
|
|-heal|p1a: Ting-Lu|79/100|[from] item: Leftovers
|-end|p1a: Ting-Lu|move: Taunt
|upkeep
|
|t:|1743801687
|switch|p2a: Kyurem|Kyurem|100/100
|-ability|p2a: Kyurem|Pressure
|turn|15
|inactive|patxongo has 120 seconds left.
|
|t:|1743801715
|switch|p1a: Moltres|Moltres|97/100
|move|p2a: Kyurem|Freeze-Dry|p1a: Moltres
|-damage|p1a: Moltres|56/100
|
|upkeep
|turn|16
|
|t:|1743801723
|switch|p2a: Slowking|Slowking-Galar, F|89/100
|move|p1a: Moltres|Will-O-Wisp|p2a: Slowking
|-status|p2a: Slowking|brn
|
|-damage|p2a: Slowking|83/100 brn|[from] brn
|upkeep
|turn|17
|
|t:|1743801735
|move|p1a: Moltres|Roost|p1a: Moltres
|-heal|p1a: Moltres|100/100
|-singleturn|p1a: Moltres|move: Roost
|move|p2a: Slowking|Future Sight|p1a: Moltres
|-start|p2a: Slowking|move: Future Sight
|
|-damage|p2a: Slowking|77/100 brn|[from] brn
|upkeep
|turn|18
|
|t:|1743801748
|switch|p1a: Ting-Lu|Ting-Lu|79/100
|-damage|p1a: Ting-Lu|73/100|[from] Stealth Rock
|-ability|p1a: Ting-Lu|Vessel of Ruin
|move|p2a: Slowking|Sludge Bomb|p1a: Ting-Lu
|-resisted|p1a: Ting-Lu
|-damage|p1a: Ting-Lu|66/100
|-status|p1a: Ting-Lu|psn
|
|-heal|p1a: Ting-Lu|72/100 psn|[from] item: Leftovers
|-damage|p1a: Ting-Lu|60/100 psn|[from] psn
|-damage|p2a: Slowking|70/100 brn|[from] brn
|upkeep
|turn|19
|
|t:|1743801759
|move|p1a: Ting-Lu|Earthquake|p2a: Slowking
|-supereffective|p2a: Slowking
|-damage|p2a: Slowking|0 fnt
|faint|p2a: Slowking
|
|-end|p1a: Ting-Lu|move: Future Sight
|-immune|p1a: Ting-Lu
|-heal|p1a: Ting-Lu|66/100 psn|[from] item: Leftovers
|-damage|p1a: Ting-Lu|53/100 psn|[from] psn
|upkeep
|
|t:|1743801763
|switch|p2a: Kyurem|Kyurem|100/100
|-ability|p2a: Kyurem|Pressure
|turn|20
|
|t:|1743801767
|switch|p1a: Moltres|Moltres|100/100
|move|p2a: Kyurem|Ice Beam|p1a: Moltres
|-damage|p1a: Moltres|49/100
|
|upkeep
|turn|21
|inactive|patxongo has 120 seconds left.
|
|t:|1743801786
|-terastallize|p2a: Kyurem|Ground
|move|p2a: Kyurem|Ice Beam|p1a: Moltres
|-crit|p1a: Moltres
|-damage|p1a: Moltres|0 fnt
|faint|p1a: Moltres
|
|upkeep
|
|t:|1743801792
|switch|p1a: Gholdengo|Gholdengo|100/100
|-damage|p1a: Gholdengo|94/100|[from] Stealth Rock
|turn|22
|
|t:|1743801800
|move|p2a: Kyurem|Earth Power|p1a: Gholdengo
|-supereffective|p1a: Gholdengo
|-crit|p1a: Gholdengo
|-damage|p1a: Gholdengo|0 fnt
|faint|p1a: Gholdengo
|
|upkeep
|
|t:|1743801803
|switch|p1a: Latios|Latios, M|100/100
|-damage|p1a: Latios|88/100|[from] Stealth Rock
|turn|23
|
|t:|1743801811
|-terastallize|p1a: Latios|Fairy
|move|p1a: Latios|Calm Mind|p1a: Latios
|-boost|p1a: Latios|spa|1
|-boost|p1a: Latios|spd|1
|move|p2a: Kyurem|Ice Beam|p1a: Latios
|-damage|p1a: Latios|56/100
|
|upkeep
|turn|24
|
|t:|1743801824
|move|p1a: Latios|Draco Meteor|p2a: Kyurem
|-damage|p2a: Kyurem|0 fnt
|-unboost|p1a: Latios|spa|2
|faint|p2a: Kyurem
|
|upkeep
|
|t:|1743801837
|switch|p2a: Kingambit|Kingambit, F|100/100
|-damage|p2a: Kingambit|94/100|[from] Stealth Rock
|-activate|p2a: Kingambit|ability: Supreme Overlord
|-start|p2a: Kingambit|fallen3|[silent]
|turn|25
|
|t:|1743801842
|move|p1a: Latios|Aura Sphere|p2a: Kingambit
|-supereffective|p2a: Kingambit
|-damage|p2a: Kingambit|24/100
|move|p2a: Kingambit|Swords Dance|p2a: Kingambit
|-boost|p2a: Kingambit|atk|2
|
|-heal|p2a: Kingambit|30/100|[from] item: Leftovers
|upkeep
|turn|26
|
|t:|1743801851
|move|p2a: Kingambit|Sucker Punch||[still]
|-fail|p2a: Kingambit
|move|p1a: Latios|Calm Mind|p1a: Latios
|-boost|p1a: Latios|spa|1
|-boost|p1a: Latios|spd|1
|
|-heal|p2a: Kingambit|36/100|[from] item: Leftovers
|upkeep
|turn|27
|
|t:|1743801858
|move|p2a: Kingambit|Sucker Punch||[still]
|-fail|p2a: Kingambit
|move|p1a: Latios|Calm Mind|p1a: Latios
|-boost|p1a: Latios|spa|1
|-boost|p1a: Latios|spd|1
|
|-heal|p2a: Kingambit|42/100|[from] item: Leftovers
|upkeep
|turn|28
|
|t:|1743801872
|move|p2a: Kingambit|Sucker Punch|p1a: Latios
|-resisted|p1a: Latios
|-damage|p1a: Latios|0 fnt
|faint|p1a: Latios
|
|-heal|p2a: Kingambit|49/100|[from] item: Leftovers
|upkeep
|
|t:|1743801879
|switch|p1a: Hariyama|Hariyama, M|65/100 brn
|-damage|p1a: Hariyama|59/100 brn|[from] Stealth Rock
|turn|29
|l|☆patxongo
|inactive|patxongo disconnected and has a minute to reconnect!
|player|p2|
|inactive|patxongo has 30 seconds to reconnect!
|inactive|patxongo has 20 seconds to reconnect!
|inactive|patxongo has 15 seconds to reconnect!
|inactive|patxongo has 10 seconds to reconnect!
|inactive|patxongo has 5 seconds to reconnect!
|-message|patxongo lost due to inactivity.
|
|win|For the Locals
|raw|For the Locals's rating: 1196 &rarr; <strong>1225</strong><br />(+29 for winning)
|raw|patxongo's rating: 1256 &rarr; <strong>1227</strong><br />(-29 for losing)
|l|☆For the Locals
|player|p1|
|j|☆patxongo
|player|p2|patxongo|cynthia-gen4|
|l|☆patxongo
|player|p2|
