|j|☆Jrbrbr
|j|☆NutMllk
|t:|1743800720
|gametype|singles
|player|p1|Jrbrbr|102|1104
|player|p2|NutMllk|brock|1120
|teamsize|p1|6
|teamsize|p2|6
|gen|9
|tier|[Gen 9] OU
|rated|
|rule|HP Percentage Mod: HP is shown in percentages
|rule|Endless Battle Clause: Forcing endless battles is banned
|rule|Species Clause: Limit one of each Pokémon
|rule|OHKO Clause: OHKO moves are banned
|rule|Evasion Items Clause: Evasion items are banned
|rule|Evasion Moves Clause: Evasion moves are banned
|rule|Sleep Moves Clause: Sleep-inducing moves are banned
|clearpoke
|poke|p1|Pecharunt|
|poke|p1|Gliscor, F|
|poke|p1|Ogerpon-Wellspring, F|
|poke|p1|Garganacl, M|
|poke|p1|Great Tusk|
|poke|p1|Kingambit, M|
|poke|p2|Squawkabilly, F|
|poke|p2|Blissey, F|
|poke|p2|Gliscor, F|
|poke|p2|Araquanid, F|
|poke|p2|Corviknight, F|
|poke|p2|Brambleghast, M|
|teampreview
|l|☆NutMllk
|player|p2|
|inactive|Battle timer is ON: inactive players will automatically lose when time's up. (requested by Jrbrbr)
|j|☆NutMllk
|inactive|NutMllk reconnected and has 140 seconds left.
|player|p2|NutMllk|brock|
|
|t:|1743800754
|start
|switch|p1a: Garganacl|Garganacl, M|100/100
|switch|p2a: THAT|Araquanid, F|100/100
|turn|1
|
|t:|1743800764
|move|p2a: THAT|Sticky Web|p1a: Garganacl
|-sidestart|p1: Jrbrbr|move: Sticky Web
|move|p1a: Garganacl|Salt Cure|p2a: THAT
|-supereffective|p2a: THAT
|-crit|p2a: THAT
|-damage|p2a: THAT|58/100
|-start|p2a: THAT|Salt Cure
|
|-damage|p2a: THAT|33/100|[from] Salt Cure
|upkeep
|turn|2
|
|t:|1743800771
|switch|p2a: SEMISTALL|Blissey, F|100/100
|move|p1a: Garganacl|Recover||[still]
|-fail|p1a: Garganacl|heal
|
|upkeep
|turn|3
|
|t:|1743800775
|move|p2a: SEMISTALL|Body Slam|p1a: Garganacl
|-resisted|p1a: Garganacl
|-damage|p1a: Garganacl|99/100
|move|p1a: Garganacl|Salt Cure|p2a: SEMISTALL
|-damage|p2a: SEMISTALL|87/100
|-start|p2a: SEMISTALL|Salt Cure
|
|-heal|p1a: Garganacl|100/100|[from] item: Leftovers
|-damage|p2a: SEMISTALL|74/100|[from] Salt Cure
|upkeep
|turn|4
|
|t:|1743800784
|move|p2a: SEMISTALL|Body Slam|p1a: Garganacl
|-resisted|p1a: Garganacl
|-damage|p1a: Garganacl|99/100
|move|p1a: Garganacl|Salt Cure|p2a: SEMISTALL
|-damage|p2a: SEMISTALL|59/100
|
|-heal|p1a: Garganacl|100/100|[from] item: Leftovers
|-damage|p2a: SEMISTALL|47/100|[from] Salt Cure
|upkeep
|turn|5
|
|t:|1743800790
|move|p2a: SEMISTALL|Soft-Boiled|p2a: SEMISTALL
|-heal|p2a: SEMISTALL|97/100
|move|p1a: Garganacl|Salt Cure|p2a: SEMISTALL
|-damage|p2a: SEMISTALL|81/100
|
|-damage|p2a: SEMISTALL|69/100|[from] Salt Cure
|upkeep
|turn|6
|
|t:|1743800796
|move|p2a: SEMISTALL|Soft-Boiled|p2a: SEMISTALL
|-heal|p2a: SEMISTALL|100/100
|move|p1a: Garganacl|Stealth Rock|p2a: SEMISTALL
|-sidestart|p2: NutMllk|move: Stealth Rock
|
|-damage|p2a: SEMISTALL|88/100|[from] Salt Cure
|upkeep
|turn|7
|
|t:|1743800810
|switch|p1a: Great Tusk|Great Tusk|100/100
|move|p2a: SEMISTALL|Flamethrower|p1a: Great Tusk
|-damage|p1a: Great Tusk|82/100
|
|-damage|p2a: SEMISTALL|76/100|[from] Salt Cure
|upkeep
|turn|8
|
|t:|1743800817
|switch|p2a: ON|Gliscor, F|100/100
|-damage|p2a: ON|88/100|[from] Stealth Rock
|move|p1a: Great Tusk|Rapid Spin|p2a: ON
|-damage|p2a: ON|79/100
|-boost|p1a: Great Tusk|spe|1
|-sideend|p1: Jrbrbr|Sticky Web|[from] move: Rapid Spin|[of] p1a: Great Tusk
|
|-status|p2a: ON|tox|[from] item: Toxic Orb
|upkeep
|turn|9
|
|t:|1743800822
|move|p1a: Great Tusk|Ice Spinner|p2a: ON
|-supereffective|p2a: ON
|-damage|p2a: ON|18/100 tox
|move|p2a: ON|Tailwind|p2a: ON
|-sidestart|p2: NutMllk|move: Tailwind
|
|-heal|p2a: ON|30/100 tox|[from] ability: Poison Heal
|upkeep
|turn|10
|
|t:|1743800829
|move|p1a: Great Tusk|Ice Spinner|p2a: ON
|-supereffective|p2a: ON
|-damage|p2a: ON|0 fnt
|faint|p2a: ON
|
|upkeep
|
|t:|1743800834
|switch|p2a: !!!!!!!|Brambleghast, M|100/100
|-damage|p2a: !!!!!!!|88/100|[from] Stealth Rock
|-ability|p2a: !!!!!!!|Wind Rider|boost
|-boost|p2a: !!!!!!!|atk|1
|turn|11
|
|t:|1743800840
|move|p2a: !!!!!!!|Bullet Seed|p1a: Great Tusk
|-supereffective|p1a: Great Tusk
|-damage|p1a: Great Tusk|56/100
|-supereffective|p1a: Great Tusk
|-crit|p1a: Great Tusk
|-damage|p1a: Great Tusk|16/100
|-supereffective|p1a: Great Tusk
|-damage|p1a: Great Tusk|0 fnt
|faint|p1a: Great Tusk
|-end|p1a: Great Tusk|Protosynthesis|[silent]
|-hitcount|p1: Great Tusk|3
|-damage|p2a: !!!!!!!|78/100|[from] item: Life Orb
|
|upkeep
|
|t:|1743800852
|switch|p1a: Gliscor|Gliscor, F|100/100
|turn|12
|
|t:|1743800858
|move|p1a: Gliscor|Protect|p1a: Gliscor
|-singleturn|p1a: Gliscor|Protect
|move|p2a: !!!!!!!|Spikes|p1a: Gliscor
|-sidestart|p1: Jrbrbr|Spikes
|
|-sideend|p2: NutMllk|move: Tailwind
|-status|p1a: Gliscor|tox|[from] item: Toxic Orb
|upkeep
|turn|13
|
|t:|1743800864
|move|p2a: !!!!!!!|Rapid Spin|p1a: Gliscor
|-damage|p1a: Gliscor|80/100 tox
|-boost|p2a: !!!!!!!|spe|1
|-sideend|p2: NutMllk|Stealth Rock|[from] move: Rapid Spin|[of] p2a: !!!!!!!
|-damage|p2a: !!!!!!!|68/100|[from] item: Life Orb
|move|p1a: Gliscor|U-turn|p2a: !!!!!!!
|-crit|p2a: !!!!!!!
|-damage|p2a: !!!!!!!|41/100
|
|t:|1743800876
|switch|p1a: Pecharunt|Pecharunt|100/100|[from] U-turn
|-item|p1a: Pecharunt|Air Balloon
|
|upkeep
|turn|14
|
|t:|1743800897
|move|p2a: !!!!!!!|Leech Seed|p1a: Pecharunt
|-start|p1a: Pecharunt|move: Leech Seed
|move|p1a: Pecharunt|Parting Shot|p2a: !!!!!!!
|-unboost|p2a: !!!!!!!|atk|1
|-unboost|p2a: !!!!!!!|spa|1
|
|t:|1743800907
|switch|p1a: Ogerpon|Ogerpon-Wellspring, F|100/100|[from] Parting Shot
|-damage|p1a: Ogerpon|88/100|[from] Spikes
|
|upkeep
|turn|15
|
|t:|1743800913
|move|p2a: !!!!!!!|Bullet Seed|p1a: Ogerpon
|-damage|p1a: Ogerpon|71/100
|-damage|p1a: Ogerpon|55/100
|-damage|p1a: Ogerpon|37/100
|-hitcount|p1a: Ogerpon|3
|-damage|p2a: !!!!!!!|31/100|[from] item: Life Orb
|move|p1a: Ogerpon|U-turn|p2a: !!!!!!!
|-damage|p2a: !!!!!!!|0 fnt
|faint|p2a: !!!!!!!
|
|t:|1743800925
|switch|p1a: Garganacl|Garganacl, M|100/100|[from] U-turn
|-damage|p1a: Garganacl|88/100|[from] Spikes
|
|-heal|p1a: Garganacl|94/100|[from] item: Leftovers
|upkeep
|
|t:|1743800935
|switch|p2a: THANG|Corviknight, F|100/100
|-ability|p2a: THANG|Pressure
|turn|16
|
|t:|1743800938
|move|p1a: Garganacl|Salt Cure|p2a: THANG
|-damage|p2a: THANG|93/100
|-start|p2a: THANG|Salt Cure
|move|p2a: THANG|Tailwind|p2a: THANG
|-sidestart|p2: NutMllk|move: Tailwind
|
|-heal|p1a: Garganacl|100/100|[from] item: Leftovers
|-damage|p2a: THANG|68/100|[from] Salt Cure
|upkeep
|turn|17
|
|t:|1743800945
|move|p1a: Garganacl|Stealth Rock|p2a: THANG
|-sidestart|p2: NutMllk|move: Stealth Rock
|move|p2a: THANG|U-turn|p1a: Garganacl
|-damage|p1a: Garganacl|93/100
|
|t:|1743800950
|switch|p2a: THAT|Araquanid, F|33/100|[from] U-turn
|-damage|p2a: THAT|8/100|[from] Stealth Rock
|
|-heal|p1a: Garganacl|99/100|[from] item: Leftovers
|upkeep
|turn|18
|
|t:|1743800957
|move|p2a: THAT|Endeavor|p1a: Garganacl
|-damage|p1a: Garganacl|6/100
|move|p1a: Garganacl|Salt Cure|p2a: THAT
|-supereffective|p2a: THAT
|-damage|p2a: THAT|0 fnt
|faint|p2a: THAT
|
|-heal|p1a: Garganacl|13/100|[from] item: Leftovers
|upkeep
|
|t:|1743800961
|switch|p2a: SQUAWK TUAH!!!|Squawkabilly, F, shiny|100/100
|-damage|p2a: SQUAWK TUAH!!!|76/100|[from] Stealth Rock
|turn|19
|
|t:|1743800966
|move|p1a: Garganacl|Protect|p1a: Garganacl
|-singleturn|p1a: Garganacl|Protect
|move|p2a: SQUAWK TUAH!!!|Lash Out|p1a: Garganacl
|-activate|p1a: Garganacl|move: Protect
|
|-heal|p1a: Garganacl|19/100|[from] item: Leftovers
|-sideend|p2: NutMllk|move: Tailwind
|-status|p2a: SQUAWK TUAH!!!|brn|[from] item: Flame Orb
|upkeep
|turn|20
|
|t:|1743800982
|move|p2a: SQUAWK TUAH!!!|Facade|p1a: Garganacl
|-resisted|p1a: Garganacl
|-damage|p1a: Garganacl|0 fnt
|faint|p1a: Garganacl
|
|-damage|p2a: SQUAWK TUAH!!!|69/100 brn|[from] brn
|upkeep
|
|t:|1743800989
|switch|p1a: Gliscor|Gliscor, F|80/100 tox
|turn|21
|
|t:|1743800992
|move|p1a: Gliscor|Protect|p1a: Gliscor
|-singleturn|p1a: Gliscor|Protect
|move|p2a: SQUAWK TUAH!!!|Facade|p1a: Gliscor
|-activate|p1a: Gliscor|move: Protect
|
|-heal|p1a: Gliscor|92/100 tox|[from] ability: Poison Heal
|-damage|p2a: SQUAWK TUAH!!!|63/100 brn|[from] brn
|upkeep
|turn|22
|
|t:|1743800996
|-terastallize|p2a: SQUAWK TUAH!!!|Normal
|move|p2a: SQUAWK TUAH!!!|Facade|p1a: Gliscor
|-damage|p1a: Gliscor|0 fnt
|faint|p1a: Gliscor
|
|-damage|p2a: SQUAWK TUAH!!!|57/100 brn|[from] brn
|upkeep
|
|t:|1743801005
|switch|p1a: Kingambit|Kingambit, M|100/100
|-damage|p1a: Kingambit|88/100|[from] Spikes
|-activate|p1a: Kingambit|ability: Supreme Overlord
|-start|p1a: Kingambit|fallen3|[silent]
|turn|23
|
|t:|1743801009
|switch|p2a: THANG|Corviknight, F|68/100
|-damage|p2a: THANG|55/100|[from] Stealth Rock
|-ability|p2a: THANG|Pressure
|move|p1a: Kingambit|Sucker Punch||[still]
|-fail|p1a: Kingambit
|
|upkeep
|turn|24
|
|t:|1743801017
|move|p1a: Kingambit|Swords Dance|p1a: Kingambit
|-boost|p1a: Kingambit|atk|2
|move|p2a: THANG|Tailwind|p2a: THANG
|-sidestart|p2: NutMllk|move: Tailwind
|
|upkeep
|turn|25
|
|t:|1743801022
|move|p1a: Kingambit|Kowtow Cleave|p2a: THANG
|-damage|p2a: THANG|0 fnt
|faint|p2a: THANG
|
|upkeep
|
|t:|1743801026
|switch|p2a: SEMISTALL|Blissey, F|76/100
|-damage|p2a: SEMISTALL|63/100|[from] Stealth Rock
|turn|26
|
|t:|1743801028
|move|p2a: SEMISTALL|Flamethrower|p1a: Kingambit
|-supereffective|p1a: Kingambit
|-damage|p1a: Kingambit|55/100
|move|p1a: Kingambit|Kowtow Cleave|p2a: SEMISTALL
|-damage|p2a: SEMISTALL|0 fnt
|-damage|p1a: Kingambit|38/100|[from] item: Rocky Helmet|[of] p2a: SEMISTALL
|faint|p2a: SEMISTALL
|
|upkeep
|-message|NutMllk forfeited.
|
|win|Jrbrbr
|raw|Jrbrbr's rating: 1104 &rarr; <strong>1130</strong><br />(+26 for winning)
|raw|NutMllk's rating: 1120 &rarr; <strong>1094</strong><br />(-26 for losing)
|l|☆NutMllk
|player|p2|
