|j|☆Princessjosie1001
|j|☆jwest2405
|t:|1743788344
|gametype|singles
|player|p1|Princessjosie1001|nurse|1469
|player|p2|jwest2405|beauty-gen4dp|1516
|teamsize|p1|6
|teamsize|p2|6
|gen|9
|tier|[Gen 9] OU
|rated|
|rule|HP Percentage Mod: HP is shown in percentages
|rule|Endless Battle Clause: Forcing endless battles is banned
|rule|Species Clause: Limit one of each Pokémon
|rule|OHKO Clause: OHKO moves are banned
|rule|Evasion Items Clause: Evasion items are banned
|rule|Evasion Moves Clause: Evasion moves are banned
|rule|Sleep Moves Clause: Sleep-inducing moves are banned
|clearpoke
|poke|p1|Cinderace, F|
|poke|p1|Cloyster, M|
|poke|p1|Hatterene, F|
|poke|p1|Espeon, F|
|poke|p1|Jirachi|
|poke|p1|Yanmega, M|
|poke|p2|Latios, M|
|poke|p2|Gholdengo|
|poke|p2|Araquanid, M|
|poke|p2|Serperior, M|
|poke|p2|Great Tusk|
|poke|p2|Manaphy|
|teampreview
|
|t:|1743788351
|start
|switch|p1a: Jirachi|Jirachi|100/100
|switch|p2a: Gholdengo|Gholdengo|100/100
|turn|1
|
|t:|1743788355
|move|p1a: Jirachi|Iron Head|p2a: Gholdengo
|-resisted|p2a: Gholdengo
|-damage|p2a: Gholdengo|78/100
|cant|p2a: Gholdengo|flinch
|
|upkeep
|turn|2
|
|t:|1743788361
|move|p1a: Jirachi|Iron Head|p2a: Gholdengo
|-resisted|p2a: Gholdengo
|-damage|p2a: Gholdengo|57/100
|cant|p2a: Gholdengo|flinch
|
|upkeep
|turn|3
|
|t:|1743788372
|move|p1a: Jirachi|Iron Head|p2a: Gholdengo
|-resisted|p2a: Gholdengo
|-damage|p2a: Gholdengo|35/100
|cant|p2a: Gholdengo|flinch
|
|upkeep
|turn|4
|
|t:|1743788377
|switch|p2a: Araquanid|Araquanid, M|100/100
|move|p1a: Jirachi|Iron Head|p2a: Araquanid
|-resisted|p2a: Araquanid
|-damage|p2a: Araquanid|82/100
|
|upkeep
|turn|5
|
|t:|1743788390
|switch|p1a: Hatterene|Hatterene, F|100/100
|move|p2a: Araquanid|Sticky Web|p1a: Hatterene
|move|p1a: Hatterene|Sticky Web|p2a: Araquanid|[from] ability: Magic Bounce
|-sidestart|p2: jwest2405|move: Sticky Web
|
|upkeep
|turn|6
|
|t:|1743788396
|move|p2a: Araquanid|Surf|p1a: Hatterene
|-damage|p1a: Hatterene|40/100
|move|p1a: Hatterene|Nuzzle|p2a: Araquanid
|-supereffective|p2a: Araquanid
|-damage|p2a: Araquanid|74/100
|-status|p2a: Araquanid|par
|
|upkeep
|turn|7
|
|t:|1743788405
|move|p1a: Hatterene|Mystical Fire|p2a: Araquanid
|-damage|p2a: Araquanid|62/100 par
|-unboost|p2a: Araquanid|spa|1
|move|p2a: Araquanid|Surf|p1a: Hatterene
|-damage|p1a: Hatterene|6/100
|
|upkeep
|turn|8
|
|t:|1743788412
|move|p1a: Hatterene|Mystical Fire|p2a: Araquanid
|-damage|p2a: Araquanid|51/100 par
|-unboost|p2a: Araquanid|spa|1
|move|p2a: Araquanid|Surf|p1a: Hatterene
|-crit|p1a: Hatterene
|-damage|p1a: Hatterene|0 fnt
|faint|p1a: Hatterene
|
|upkeep
|
|t:|1743788421
|switch|p1a: Cloyster|Cloyster, M|100/100
|turn|9
|
|t:|1743788429
|switch|p2a: Serperior|Serperior, M|100/100
|-activate|p2a: Serperior|move: Sticky Web
|-boost|p2a: Serperior|spe|1
|move|p1a: Cloyster|Shell Smash|p1a: Cloyster
|-unboost|p1a: Cloyster|def|1
|-unboost|p1a: Cloyster|spd|1
|-boost|p1a: Cloyster|atk|2
|-boost|p1a: Cloyster|spa|2
|-boost|p1a: Cloyster|spe|2
|
|upkeep
|turn|10
|
|t:|1743788446
|-terastallize|p2a: Serperior|Fire
|move|p1a: Cloyster|Ice Shard|p2a: Serperior
|-resisted|p2a: Serperior
|-damage|p2a: Serperior|79/100
|move|p2a: Serperior|Leaf Storm|p1a: Cloyster
|-supereffective|p1a: Cloyster
|-enditem|p1a: Cloyster|Focus Sash
|-damage|p1a: Cloyster|1/100
|-boost|p2a: Serperior|spa|2
|
|-heal|p2a: Serperior|85/100|[from] item: Leftovers
|upkeep
|turn|11
|
|t:|1743788474
|switch|p2a: Araquanid|Araquanid, M|51/100 par
|-activate|p2a: Araquanid|move: Sticky Web
|-unboost|p2a: Araquanid|spe|1
|move|p1a: Cloyster|Icicle Spear|p2a: Araquanid
|-resisted|p2a: Araquanid
|-damage|p2a: Araquanid|39/100 par
|-resisted|p2a: Araquanid
|-damage|p2a: Araquanid|28/100 par
|-resisted|p2a: Araquanid
|-damage|p2a: Araquanid|16/100 par
|-resisted|p2a: Araquanid
|-damage|p2a: Araquanid|3/100 par
|-resisted|p2a: Araquanid
|-damage|p2a: Araquanid|0 fnt
|faint|p2a: Araquanid
|-hitcount|p2: Araquanid|5
|
|upkeep
|
|t:|1743788480
|switch|p2a: Manaphy|Manaphy|100/100
|-activate|p2a: Manaphy|move: Sticky Web
|-unboost|p2a: Manaphy|spe|1
|turn|12
|
|t:|1743788490
|move|p1a: Cloyster|Rock Blast|p2a: Manaphy
|-damage|p2a: Manaphy|86/100
|-damage|p2a: Manaphy|70/100
|-damage|p2a: Manaphy|54/100
|-damage|p2a: Manaphy|38/100
|-damage|p2a: Manaphy|22/100
|-hitcount|p2a: Manaphy|5
|move|p2a: Manaphy|Surf|p1a: Cloyster
|-resisted|p1a: Cloyster
|-damage|p1a: Cloyster|0 fnt
|faint|p1a: Cloyster
|
|upkeep
|
|t:|1743788503
|switch|p1a: Yanmega|Yanmega, M|100/100
|turn|13
|
|t:|1743788507
|move|p1a: Yanmega|Air Slash|p2a: Manaphy
|-damage|p2a: Manaphy|0 fnt
|faint|p2a: Manaphy
|-damage|p1a: Yanmega|91/100|[from] item: Life Orb
|
|-ability|p1a: Yanmega|Speed Boost|boost
|-boost|p1a: Yanmega|spe|1
|upkeep
|
|t:|1743788513
|switch|p2a: Gholdengo|Gholdengo|35/100
|-activate|p2a: Gholdengo|move: Sticky Web
|-unboost|p2a: Gholdengo|spe|1
|turn|14
|
|t:|1743788516
|move|p1a: Yanmega|Air Slash|p2a: Gholdengo
|-resisted|p2a: Gholdengo
|-damage|p2a: Gholdengo|6/100
|-damage|p1a: Yanmega|81/100|[from] item: Life Orb
|cant|p2a: Gholdengo|flinch
|
|-ability|p1a: Yanmega|Speed Boost|boost
|-boost|p1a: Yanmega|spe|1
|upkeep
|turn|15
|
|t:|1743788524
|move|p1a: Yanmega|Ancient Power|p2a: Gholdengo
|-resisted|p2a: Gholdengo
|-damage|p2a: Gholdengo|0 fnt
|faint|p2a: Gholdengo
|-damage|p1a: Yanmega|71/100|[from] item: Life Orb
|
|-ability|p1a: Yanmega|Speed Boost|boost
|-boost|p1a: Yanmega|spe|1
|upkeep
|
|t:|1743788532
|switch|p2a: Latios|Latios, M|100/100
|turn|16
|
|t:|1743788535
|move|p1a: Yanmega|Bug Buzz|p2a: Latios
|-supereffective|p2a: Latios
|-damage|p2a: Latios|0 fnt
|faint|p2a: Latios
|-damage|p1a: Yanmega|61/100|[from] item: Life Orb
|
|-ability|p1a: Yanmega|Speed Boost|boost
|-boost|p1a: Yanmega|spe|1
|upkeep
|
|t:|1743788540
|switch|p2a: Great Tusk|Great Tusk|100/100
|turn|17
|
|t:|1743788544
|move|p1a: Yanmega|Air Slash|p2a: Great Tusk
|-supereffective|p2a: Great Tusk
|-damage|p2a: Great Tusk|0 fnt
|faint|p2a: Great Tusk
|-end|p2a: Great Tusk|Protosynthesis|[silent]
|-damage|p1a: Yanmega|51/100|[from] item: Life Orb
|
|-ability|p1a: Yanmega|Speed Boost|boost
|-boost|p1a: Yanmega|spe|1
|upkeep
|-message|jwest2405 forfeited.
|
|win|Princessjosie1001
|raw|Princessjosie1001's rating: 1469 &rarr; <strong>1492</strong><br />(+23 for winning)
|raw|jwest2405's rating: 1516 &rarr; <strong>1493</strong><br />(-23 for losing)
|l|☆jwest2405
|player|p2|
|l|☆Princessjosie1001
|player|p1|
