|j|☆lupiit
|j|☆Animepedia
|t:|1743820116
|gametype|singles
|player|p1|lupiit|dragontamer|1339
|player|p2|Animepedia|1|1372
|teamsize|p1|6
|teamsize|p2|6
|gen|9
|tier|[Gen 9] OU
|rated|
|rule|HP Percentage Mod: HP is shown in percentages
|rule|Endless Battle Clause: Forcing endless battles is banned
|rule|Species Clause: Limit one of each Pokémon
|rule|OHKO Clause: OHKO moves are banned
|rule|Evasion Items Clause: Evasion items are banned
|rule|Evasion Moves Clause: Evasion moves are banned
|rule|Sleep Moves Clause: Sleep-inducing moves are banned
|clearpoke
|poke|p1|Glimmora, M|
|poke|p1|Blissey, F|
|poke|p1|Hoopa-Unbound|
|poke|p1|Smeargle, M|
|poke|p1|Breloom, F|
|poke|p1|Goodra-Hisui, F|
|poke|p2|Iron Valiant|
|poke|p2|Garganacl, F|
|poke|p2|Dragonite, F|
|poke|p2|Iron Crown|
|poke|p2|Samurott-Hisui, M|
|poke|p2|Great Tusk|
|teampreview
|inactive|Battle timer is ON: inactive players will automatically lose when time's up. (requested by lupiit)
|
|t:|1743820122
|start
|switch|p1a: Breloom|Breloom, F|100/100
|switch|p2a: Iron Crown|Iron Crown|100/100
|turn|1
|c|☆lupiit|smh
|c|☆lupiit|skill less lead
|
|t:|1743820130
|switch|p1a: Blissey|Blissey, F|100/100
|move|p2a: Iron Crown|Volt Switch|p1a: Blissey
|-damage|p1a: Blissey|91/100
|
|t:|1743820133
|-end|p2a: Iron Crown|Quark Drive|[silent]
|switch|p2a: Samurott|Samurott-Hisui, M|100/100|[from] Volt Switch
|
|upkeep
|turn|2
|
|t:|1743820136
|switch|p1a: Glimmora|Glimmora, M|100/100
|move|p2a: Samurott|Ceaseless Edge|p1a: Glimmora
|-damage|p1a: Glimmora|49/100
|-activate|p1a: Glimmora|ability: Toxic Debris
|-sidestart|p2: Animepedia|move: Toxic Spikes
|-sidestart|p1: lupiit|Spikes
|
|upkeep
|turn|3
|
|t:|1743820140
|move|p1a: Glimmora|Energy Ball|p2a: Samurott
|-supereffective|p2a: Samurott
|-damage|p2a: Samurott|6/100
|move|p2a: Samurott|Ceaseless Edge|p1a: Glimmora
|-crit|p1a: Glimmora
|-damage|p1a: Glimmora|0 fnt
|-activate|p1a: Glimmora|ability: Toxic Debris
|-sidestart|p2: Animepedia|move: Toxic Spikes
|-sidestart|p1: lupiit|Spikes
|faint|p1a: Glimmora
|
|upkeep
|
|t:|1743820146
|switch|p1a: Breloom|Breloom, F|100/100
|-damage|p1a: Breloom|84/100|[from] Spikes
|turn|4
|
|t:|1743820150
|move|p2a: Samurott|Aqua Jet|p1a: Breloom
|-resisted|p1a: Breloom
|-damage|p1a: Breloom|68/100
|move|p1a: Breloom|Mach Punch|p2a: Samurott
|-supereffective|p2a: Samurott
|-damage|p2a: Samurott|0 fnt
|faint|p2a: Samurott
|
|upkeep
|
|t:|1743820164
|switch|p2a: Iron Crown|Iron Crown|100/100
|turn|5
|
|t:|1743820168
|switch|p1a: Blissey|Blissey, F|91/100
|move|p2a: Iron Crown|Future Sight|p1a: Blissey
|-start|p2a: Iron Crown|move: Future Sight
|
|upkeep
|turn|6
|
|t:|1743820174
|-end|p2a: Iron Crown|Quark Drive|[silent]
|switch|p2a: Garganacl|Garganacl, F|100/100
|move|p1a: Blissey|Seismic Toss|p2a: Garganacl
|-damage|p2a: Garganacl|76/100
|
|-heal|p2a: Garganacl|82/100|[from] item: Leftovers
|upkeep
|turn|7
|
|t:|1743820177
|move|p1a: Blissey|Seismic Toss|p2a: Garganacl
|-damage|p2a: Garganacl|57/100
|move|p2a: Garganacl|Stealth Rock|p1a: Blissey
|-sidestart|p1: lupiit|move: Stealth Rock
|
|-end|p1a: Blissey|move: Future Sight
|-damage|p1a: Blissey|68/100
|-heal|p2a: Garganacl|63/100|[from] item: Leftovers
|upkeep
|turn|8
|
|t:|1743820184
|move|p1a: Blissey|Seismic Toss|p2a: Garganacl
|-damage|p2a: Garganacl|39/100
|move|p2a: Garganacl|Salt Cure|p1a: Blissey
|-damage|p1a: Blissey|56/100
|-start|p1a: Blissey|Salt Cure
|
|-heal|p2a: Garganacl|45/100|[from] item: Leftovers
|-damage|p1a: Blissey|43/100|[from] Salt Cure
|upkeep
|turn|9
|
|t:|1743820188
|move|p1a: Blissey|Soft-Boiled|p1a: Blissey
|-heal|p1a: Blissey|93/100
|move|p2a: Garganacl|Recover|p2a: Garganacl
|-heal|p2a: Garganacl|95/100
|
|-heal|p2a: Garganacl|100/100|[from] item: Leftovers
|-damage|p1a: Blissey|81/100|[from] Salt Cure
|upkeep
|turn|10
|
|t:|1743820196
|move|p2a: Garganacl|Protect|p2a: Garganacl
|-singleturn|p2a: Garganacl|Protect
|move|p1a: Blissey|Seismic Toss|p2a: Garganacl
|-activate|p2a: Garganacl|move: Protect
|
|-damage|p1a: Blissey|69/100|[from] Salt Cure
|upkeep
|turn|11
|
|t:|1743820202
|move|p1a: Blissey|Soft-Boiled|p1a: Blissey
|-heal|p1a: Blissey|100/100
|move|p2a: Garganacl|Salt Cure|p1a: Blissey
|-damage|p1a: Blissey|88/100
|
|-damage|p1a: Blissey|75/100|[from] Salt Cure
|upkeep
|turn|12
|
|t:|1743820207
|move|p2a: Garganacl|Protect|p2a: Garganacl
|-singleturn|p2a: Garganacl|Protect
|move|p1a: Blissey|Seismic Toss|p2a: Garganacl
|-activate|p2a: Garganacl|move: Protect
|
|-damage|p1a: Blissey|63/100|[from] Salt Cure
|upkeep
|turn|13
|
|t:|1743820213
|move|p1a: Blissey|Soft-Boiled|p1a: Blissey
|-heal|p1a: Blissey|100/100
|move|p2a: Garganacl|Salt Cure|p1a: Blissey
|-damage|p1a: Blissey|87/100
|
|-damage|p1a: Blissey|75/100|[from] Salt Cure
|upkeep
|turn|14
|
|t:|1743820216
|move|p2a: Garganacl|Protect|p2a: Garganacl
|-singleturn|p2a: Garganacl|Protect
|move|p1a: Blissey|Seismic Toss|p2a: Garganacl
|-activate|p2a: Garganacl|move: Protect
|
|-damage|p1a: Blissey|62/100|[from] Salt Cure
|upkeep
|turn|15
|
|t:|1743820220
|move|p1a: Blissey|Soft-Boiled|p1a: Blissey
|-heal|p1a: Blissey|100/100
|move|p2a: Garganacl|Salt Cure|p1a: Blissey
|-damage|p1a: Blissey|88/100
|
|-damage|p1a: Blissey|76/100|[from] Salt Cure
|upkeep
|turn|16
|
|t:|1743820225
|switch|p1a: Breloom|Breloom, F|68/100
|-damage|p1a: Breloom|52/100|[from] Spikes
|-damage|p1a: Breloom|46/100|[from] Stealth Rock
|move|p2a: Garganacl|Salt Cure|p1a: Breloom
|-resisted|p1a: Breloom
|-damage|p1a: Breloom|34/100
|-start|p1a: Breloom|Salt Cure
|
|-damage|p1a: Breloom|22/100|[from] Salt Cure
|upkeep
|turn|17
|
|t:|1743820234
|move|p2a: Garganacl|Protect|p2a: Garganacl
|-singleturn|p2a: Garganacl|Protect
|move|p1a: Breloom|Swords Dance|p1a: Breloom
|-boost|p1a: Breloom|atk|2
|
|-damage|p1a: Breloom|10/100|[from] Salt Cure
|upkeep
|turn|18
|
|t:|1743820239
|switch|p2a: Iron Crown|Iron Crown|100/100
|move|p1a: Breloom|Bullet Seed|p2a: Iron Crown
|-resisted|p2a: Iron Crown
|-damage|p2a: Iron Crown|78/100
|-resisted|p2a: Iron Crown
|-damage|p2a: Iron Crown|56/100
|-resisted|p2a: Iron Crown
|-damage|p2a: Iron Crown|33/100
|-resisted|p2a: Iron Crown
|-damage|p2a: Iron Crown|9/100
|-hitcount|p2a: Iron Crown|4
|
|-damage|p1a: Breloom|0 fnt|[from] Salt Cure
|faint|p1a: Breloom
|upkeep
|
|t:|1743820247
|switch|p1a: Blissey|Blissey, F|76/100
|turn|19
|
|t:|1743820251
|move|p2a: Iron Crown|Volt Switch|p1a: Blissey
|-damage|p1a: Blissey|67/100
|
|t:|1743820253
|-end|p2a: Iron Crown|Quark Drive|[silent]
|switch|p2a: Great Tusk|Great Tusk|100/100|[from] Volt Switch
|-status|p2a: Great Tusk|tox
|-enditem|p2a: Great Tusk|Booster Energy
|-activate|p2a: Great Tusk|ability: Protosynthesis|[fromitem]
|-start|p2a: Great Tusk|protosynthesisspe
|move|p1a: Blissey|Seismic Toss|p2a: Great Tusk
|-damage|p2a: Great Tusk|77/100 tox
|
|-damage|p2a: Great Tusk|71/100 tox|[from] psn
|upkeep
|turn|20
|
|t:|1743820268
|switch|p1a: Goodra|Goodra-Hisui, F|100/100
|-damage|p1a: Goodra|84/100|[from] Spikes
|-damage|p1a: Goodra|78/100|[from] Stealth Rock
|move|p2a: Great Tusk|Rapid Spin|p1a: Goodra
|-resisted|p1a: Goodra
|-damage|p1a: Goodra|72/100
|-boost|p2a: Great Tusk|spe|1
|-damage|p2a: Great Tusk|55/100 tox|[from] item: Rocky Helmet|[of] p1a: Goodra
|-ability|p1a: Goodra|Gooey
|-unboost|p2a: Great Tusk|spe|1
|-sideend|p2: Animepedia|Toxic Spikes|[from] move: Rapid Spin|[of] p2a: Great Tusk
|
|-damage|p2a: Great Tusk|42/100 tox|[from] psn
|upkeep
|turn|21
|
|t:|1743820279
|switch|p1a: Smeargle|Smeargle, M|100/100
|-damage|p1a: Smeargle|84/100|[from] Spikes
|-damage|p1a: Smeargle|72/100|[from] Stealth Rock
|move|p2a: Great Tusk|Headlong Rush|p1a: Smeargle
|-damage|p1a: Smeargle|0 fnt
|-unboost|p2a: Great Tusk|def|1
|-unboost|p2a: Great Tusk|spd|1
|faint|p1a: Smeargle
|
|-damage|p2a: Great Tusk|24/100 tox|[from] psn
|upkeep
|
|t:|1743820283
|switch|p1a: Blissey|Blissey, F|67/100
|turn|22
|
|t:|1743820290
|-end|p2a: Great Tusk|Protosynthesis|[silent]
|switch|p2a: Garganacl|Garganacl, F|100/100
|move|p1a: Blissey|Soft-Boiled|p1a: Blissey
|-heal|p1a: Blissey|100/100
|
|upkeep
|turn|23
|
|t:|1743820296
|move|p1a: Blissey|Seismic Toss|p2a: Garganacl
|-damage|p2a: Garganacl|76/100
|move|p2a: Garganacl|Salt Cure|p1a: Blissey
|-damage|p1a: Blissey|88/100
|-start|p1a: Blissey|Salt Cure
|
|-heal|p2a: Garganacl|82/100|[from] item: Leftovers
|-damage|p1a: Blissey|76/100|[from] Salt Cure
|upkeep
|turn|24
|
|t:|1743820300
|switch|p1a: Hoopa|Hoopa-Unbound|100/100
|-damage|p1a: Hoopa|84/100|[from] Spikes
|-damage|p1a: Hoopa|72/100|[from] Stealth Rock
|move|p2a: Garganacl|Salt Cure|p1a: Hoopa
|-damage|p1a: Hoopa|47/100
|-start|p1a: Hoopa|Salt Cure
|
|-heal|p1a: Hoopa|53/100|[from] item: Leftovers
|-heal|p2a: Garganacl|88/100|[from] item: Leftovers
|-damage|p1a: Hoopa|40/100|[from] Salt Cure
|upkeep
|turn|25
|
|t:|1743820305
|move|p2a: Garganacl|Protect|p2a: Garganacl
|-singleturn|p2a: Garganacl|Protect
|move|p1a: Hoopa|Dark Pulse|p2a: Garganacl
|-activate|p2a: Garganacl|move: Protect
|
|-heal|p1a: Hoopa|46/100|[from] item: Leftovers
|-heal|p2a: Garganacl|94/100|[from] item: Leftovers
|-damage|p1a: Hoopa|34/100|[from] Salt Cure
|upkeep
|turn|26
|
|t:|1743820309
|move|p1a: Hoopa|Dark Pulse|p2a: Garganacl
|-damage|p2a: Garganacl|56/100
|move|p2a: Garganacl|Salt Cure|p1a: Hoopa
|-damage|p1a: Hoopa|11/100
|
|-heal|p1a: Hoopa|17/100|[from] item: Leftovers
|-heal|p2a: Garganacl|62/100|[from] item: Leftovers
|-damage|p1a: Hoopa|5/100|[from] Salt Cure
|upkeep
|turn|27
|-message|lupiit forfeited.
|
|win|Animepedia
|raw|lupiit's rating: 1339 &rarr; <strong>1321</strong><br />(-18 for losing)
|raw|Animepedia's rating: 1372 &rarr; <strong>1390</strong><br />(+18 for winning)
|l|☆lupiit
|player|p1|
|l|☆Animepedia
|player|p2|
