|j|☆yzl123
|j|☆Steven stoners 69
|t:|1743841397
|gametype|singles
|player|p1|yzl123|alder|1573
|player|p2|Steven stoners 69|steven|1651
|teamsize|p1|6
|teamsize|p2|6
|gen|9
|tier|[Gen 9] OU
|rated|
|rule|HP Percentage Mod: HP is shown in percentages
|rule|Endless Battle Clause: Forcing endless battles is banned
|rule|Species Clause: Limit one of each Pokémon
|rule|OHKO Clause: OHKO moves are banned
|rule|Evasion Items Clause: Evasion items are banned
|rule|Evasion Moves Clause: Evasion moves are banned
|rule|Sleep Moves Clause: Sleep-inducing moves are banned
|clearpoke
|poke|p1|Sinistcha|
|poke|p1|Tornadus-Therian, M|
|poke|p1|Heatran, M|
|poke|p1|Volcanion|
|poke|p1|Garganacl, F|
|poke|p1|Iron Treads|
|poke|p2|Incineroar, M|
|poke|p2|Garchomp, M|
|poke|p2|Glimmora, M|
|poke|p2|Gholdengo|
|poke|p2|Ogerpon-Wellspring, F|
|poke|p2|Clefable, M|
|teampreview
|inactive|Battle timer is ON: inactive players will automatically lose when time's up. (requested by yzl123)
|
|t:|1743841414
|start
|switch|p1a: 可靠的背影|Tornadus-Therian, M, shiny|100/100
|switch|p2a: Ogerpon|Ogerpon-Wellspring, F|100/100
|turn|1
|
|t:|1743841417
|switch|p2a: John cena|Incineroar, M|100/100
|-ability|p2a: John cena|Intimidate|boost
|-unboost|p1a: 可靠的背影|atk|1
|move|p1a: 可靠的背影|Hurricane|p2a: John cena
|-damage|p2a: John cena|75/100
|
|upkeep
|turn|2
|
|t:|1743841425
|move|p1a: 可靠的背影|Knock Off|p2a: John cena
|-resisted|p2a: John cena
|-damage|p2a: John cena|68/100
|-enditem|p2a: John cena|Assault Vest|[from] move: Knock Off|[of] p1a: 可靠的背影
|move|p2a: John cena|U-turn|p1a: 可靠的背影
|-resisted|p1a: 可靠的背影
|-damage|p1a: 可靠的背影|87/100
|
|t:|1743841435
|switch|p2a: Clefable|Clefable, M|100/100|[from] U-turn
|
|upkeep
|turn|3
|
|t:|1743841443
|move|p1a: 可靠的背影|U-turn|p2a: Clefable
|-resisted|p2a: Clefable
|-damage|p2a: Clefable|93/100
|
|t:|1743841447
|switch|p1a: fw的工具人|Iron Treads|100/100|[from] U-turn
|move|p2a: Clefable|Cosmic Power|p2a: Clefable
|-boost|p2a: Clefable|def|1
|-boost|p2a: Clefable|spd|1
|
|-heal|p2a: Clefable|99/100|[from] item: Leftovers
|upkeep
|turn|4
|
|t:|1743841454
|move|p1a: fw的工具人|Stealth Rock|p2a: Clefable
|-sidestart|p2: Steven stoners 69|move: Stealth Rock
|move|p2a: Clefable|Cosmic Power|p2a: Clefable
|-boost|p2a: Clefable|def|1
|-boost|p2a: Clefable|spd|1
|
|-heal|p2a: Clefable|100/100|[from] item: Leftovers
|upkeep
|turn|5
|
|t:|1743841460
|-end|p1a: fw的工具人|Quark Drive|[silent]
|switch|p1a: 铁毒蛾的好朋友|Heatran, M|100/100
|move|p2a: Clefable|Cosmic Power|p2a: Clefable
|-boost|p2a: Clefable|def|1
|-boost|p2a: Clefable|spd|1
|
|upkeep
|turn|6
|
|t:|1743841464
|move|p1a: 铁毒蛾的好朋友|Magma Storm|p2a: Clefable|[miss]
|-miss|p1a: 铁毒蛾的好朋友|p2a: Clefable
|move|p2a: Clefable|Stored Power|p1a: 铁毒蛾的好朋友
|-resisted|p1a: 铁毒蛾的好朋友
|-damage|p1a: 铁毒蛾的好朋友|88/100
|
|-heal|p1a: 铁毒蛾的好朋友|94/100|[from] item: Leftovers
|upkeep
|turn|7
|
|t:|1743841471
|move|p1a: 铁毒蛾的好朋友|Magma Storm|p2a: Clefable
|-damage|p2a: Clefable|86/100
|-activate|p2a: Clefable|move: Magma Storm|[of] p1a: 铁毒蛾的好朋友
|move|p2a: Clefable|Cosmic Power|p2a: Clefable
|-boost|p2a: Clefable|def|1
|-boost|p2a: Clefable|spd|1
|
|-heal|p1a: 铁毒蛾的好朋友|100/100|[from] item: Leftovers
|-heal|p2a: Clefable|92/100|[from] item: Leftovers
|-damage|p2a: Clefable|79/100|[from] move: Magma Storm|[partiallytrapped]
|upkeep
|turn|8
|
|t:|1743841478
|move|p1a: 铁毒蛾的好朋友|Flash Cannon|p2a: Clefable
|-supereffective|p2a: Clefable
|-damage|p2a: Clefable|59/100
|move|p2a: Clefable|Cosmic Power|p2a: Clefable
|-boost|p2a: Clefable|def|1
|-boost|p2a: Clefable|spd|1
|
|-heal|p2a: Clefable|65/100|[from] item: Leftovers
|-damage|p2a: Clefable|53/100|[from] move: Magma Storm|[partiallytrapped]
|upkeep
|turn|9
|
|t:|1743841482
|-terastallize|p2a: Clefable|Poison
|move|p1a: 铁毒蛾的好朋友|Flash Cannon|p2a: Clefable
|-damage|p2a: Clefable|44/100
|move|p2a: Clefable|Moonlight|p2a: Clefable
|-heal|p2a: Clefable|94/100
|
|-heal|p2a: Clefable|99/100|[from] item: Leftovers
|-damage|p2a: Clefable|87/100|[from] move: Magma Storm|[partiallytrapped]
|upkeep
|turn|10
|
|t:|1743841487
|move|p1a: 铁毒蛾的好朋友|Earth Power|p2a: Clefable
|-supereffective|p2a: Clefable
|-damage|p2a: Clefable|73/100
|move|p2a: Clefable|Cosmic Power|p2a: Clefable
|-boost|p2a: Clefable|def|1
|-boost|p2a: Clefable|spd|1
|
|-heal|p2a: Clefable|79/100|[from] item: Leftovers
|-damage|p2a: Clefable|66/100|[from] move: Magma Storm|[partiallytrapped]
|upkeep
|turn|11
|
|t:|1743841491
|move|p1a: 铁毒蛾的好朋友|Earth Power|p2a: Clefable
|-supereffective|p2a: Clefable
|-damage|p2a: Clefable|54/100
|move|p2a: Clefable|Moonlight|p2a: Clefable
|-heal|p2a: Clefable|100/100
|
|-damage|p2a: Clefable|88/100|[from] move: Magma Storm|[partiallytrapped]
|upkeep
|turn|12
|
|t:|1743841496
|move|p1a: 铁毒蛾的好朋友|Earth Power|p2a: Clefable
|-supereffective|p2a: Clefable
|-damage|p2a: Clefable|75/100
|move|p2a: Clefable|Moonblast|p1a: 铁毒蛾的好朋友
|-resisted|p1a: 铁毒蛾的好朋友
|-damage|p1a: 铁毒蛾的好朋友|95/100
|-unboost|p1a: 铁毒蛾的好朋友|spa|1
|
|-heal|p1a: 铁毒蛾的好朋友|100/100|[from] item: Leftovers
|-heal|p2a: Clefable|81/100|[from] item: Leftovers
|-end|p2a: Clefable|Magma Storm|[partiallytrapped]
|upkeep
|turn|13
|
|t:|1743841499
|move|p1a: 铁毒蛾的好朋友|Magma Storm|p2a: Clefable
|-damage|p2a: Clefable|71/100
|-activate|p2a: Clefable|move: Magma Storm|[of] p1a: 铁毒蛾的好朋友
|move|p2a: Clefable|Moonblast|p1a: 铁毒蛾的好朋友
|-resisted|p1a: 铁毒蛾的好朋友
|-damage|p1a: 铁毒蛾的好朋友|94/100
|-unboost|p1a: 铁毒蛾的好朋友|spa|1
|
|-heal|p1a: 铁毒蛾的好朋友|99/100|[from] item: Leftovers
|-heal|p2a: Clefable|77/100|[from] item: Leftovers
|-damage|p2a: Clefable|64/100|[from] move: Magma Storm|[partiallytrapped]
|upkeep
|turn|14
|
|t:|1743841504
|move|p1a: 铁毒蛾的好朋友|Earth Power|p2a: Clefable
|-supereffective|p2a: Clefable
|-damage|p2a: Clefable|53/100
|move|p2a: Clefable|Moonlight|p2a: Clefable
|-heal|p2a: Clefable|100/100
|
|-heal|p1a: 铁毒蛾的好朋友|100/100|[from] item: Leftovers
|-damage|p2a: Clefable|88/100|[from] move: Magma Storm|[partiallytrapped]
|upkeep
|turn|15
|
|t:|1743841508
|move|p1a: 铁毒蛾的好朋友|Flash Cannon|p2a: Clefable
|-damage|p2a: Clefable|80/100
|-unboost|p2a: Clefable|spd|1
|move|p2a: Clefable|Stored Power|p1a: 铁毒蛾的好朋友
|-resisted|p1a: 铁毒蛾的好朋友
|-damage|p1a: 铁毒蛾的好朋友|80/100
|
|-heal|p1a: 铁毒蛾的好朋友|86/100|[from] item: Leftovers
|-heal|p2a: Clefable|86/100|[from] item: Leftovers
|-damage|p2a: Clefable|74/100|[from] move: Magma Storm|[partiallytrapped]
|upkeep
|turn|16
|
|t:|1743841511
|move|p1a: 铁毒蛾的好朋友|Earth Power|p2a: Clefable
|-supereffective|p2a: Clefable
|-damage|p2a: Clefable|61/100
|move|p2a: Clefable|Stored Power|p1a: 铁毒蛾的好朋友
|-resisted|p1a: 铁毒蛾的好朋友
|-damage|p1a: 铁毒蛾的好朋友|62/100
|
|-heal|p1a: 铁毒蛾的好朋友|68/100|[from] item: Leftovers
|-heal|p2a: Clefable|67/100|[from] item: Leftovers
|-damage|p2a: Clefable|54/100|[from] move: Magma Storm|[partiallytrapped]
|upkeep
|turn|17
|
|t:|1743841514
|move|p1a: 铁毒蛾的好朋友|Protect|p1a: 铁毒蛾的好朋友
|-singleturn|p1a: 铁毒蛾的好朋友|Protect
|move|p2a: Clefable|Moonlight|p2a: Clefable
|-heal|p2a: Clefable|100/100
|
|-heal|p1a: 铁毒蛾的好朋友|74/100|[from] item: Leftovers
|-end|p2a: Clefable|Magma Storm|[partiallytrapped]
|upkeep
|turn|18
|j| NinjaTester
|
|t:|1743841523
|switch|p1a: fw的工具人|Iron Treads|100/100
|move|p2a: Clefable|Stored Power|p1a: fw的工具人
|-resisted|p1a: fw的工具人
|-damage|p1a: fw的工具人|50/100
|
|upkeep
|turn|19
|
|t:|1743841529
|move|p1a: fw的工具人|Earthquake|p2a: Clefable
|-supereffective|p2a: Clefable
|-damage|p2a: Clefable|75/100
|move|p2a: Clefable|Cosmic Power|p2a: Clefable
|-boost|p2a: Clefable|def|0
|-boost|p2a: Clefable|spd|1
|
|-heal|p2a: Clefable|81/100|[from] item: Leftovers
|upkeep
|turn|20
|l|☆yzl123
|inactive|yzl123 disconnected and has a minute to reconnect!
|player|p1|
|inactive|yzl123 has 30 seconds to reconnect!
|l| NinjaTester
|inactive|yzl123 has 20 seconds to reconnect!
|inactive|yzl123 has 15 seconds to reconnect!
|inactive|yzl123 has 10 seconds to reconnect!
|inactive|yzl123 has 5 seconds to reconnect!
|-message|yzl123 lost due to inactivity.
|
|win|Steven stoners 69
|raw|yzl123's rating: 1573 &rarr; <strong>1557</strong><br />(-16 for losing)
|raw|Steven stoners 69's rating: 1651 &rarr; <strong>1667</strong><br />(+16 for winning)
|l|☆Steven stoners 69
|player|p2|
