|j|☆Trainer #39
|j|☆xAmethystx
|t:|1743792539
|gametype|singles
|player|p1|Trainer #39|pokemonbreeder|1684
|player|p2|xAmethystx|miku-ground|1566
|teamsize|p1|6
|teamsize|p2|6
|gen|9
|tier|[Gen 9] OU
|rated|
|rule|HP Percentage Mod: HP is shown in percentages
|rule|Endless Battle Clause: Forcing endless battles is banned
|rule|Species Clause: Limit one of each Pokémon
|rule|OHKO Clause: OHKO moves are banned
|rule|Evasion Items Clause: Evasion items are banned
|rule|Evasion Moves Clause: Evasion moves are banned
|rule|Sleep Moves Clause: Sleep-inducing moves are banned
|clearpoke
|poke|p1|Blissey, F|
|poke|p1|Corviknight, F|
|poke|p1|Dondozo, M|
|poke|p1|Gliscor, M|
|poke|p1|Clefable, M|
|poke|p1|Slowking-Galar, M|
|poke|p2|Chandelure, F|
|poke|p2|Kingambit, M|
|poke|p2|Great Tusk|
|poke|p2|Corviknight, M|
|poke|p2|Rotom-Wash|
|poke|p2|Hatterene, F|
|teampreview
|j| FaronAan
|l| FaronAan
|j| Dkrd
|
|t:|1743792577
|start
|switch|p1a: 🇮🇱=ter*orists|Gliscor, M|100/100
|switch|p2a: Great Tusk|Great Tusk|100/100
|turn|1
|
|t:|1743792583
|move|p1a: 🇮🇱=ter*orists|Protect|p1a: 🇮🇱=ter*orists
|-singleturn|p1a: 🇮🇱=ter*orists|Protect
|move|p2a: Great Tusk|Ice Spinner|p1a: 🇮🇱=ter*orists
|-activate|p1a: 🇮🇱=ter*orists|move: Protect
|
|-status|p1a: 🇮🇱=ter*orists|tox|[from] item: Toxic Orb
|upkeep
|turn|2
|
|t:|1743792586
|-end|p2a: Great Tusk|Protosynthesis|[silent]
|switch|p2a: Rotom|Rotom-Wash|100/100
|switch|p1a: BIRDS OF A FEATHER|Corviknight, F|100/100
|-ability|p1a: BIRDS OF A FEATHER|Pressure
|
|upkeep
|turn|3
|
|t:|1743792592
|switch|p1a: Kanye|Slowking-Galar, M|100/100
|move|p2a: Rotom|Volt Switch|p1a: Kanye
|-damage|p1a: Kanye|83/100
|
|t:|1743792595
|switch|p2a: Great Tusk|Great Tusk|100/100|[from] Volt Switch
|
|upkeep
|turn|4
|
|t:|1743792598
|switch|p1a: 🇮🇱=ter*orists|Gliscor, M|100/100 tox
|move|p2a: Great Tusk|Supercell Slam|p1a: 🇮🇱=ter*orists
|-immune|p1a: 🇮🇱=ter*orists
|-damage|p2a: Great Tusk|51/100|[from] supercellslam
|
|upkeep
|turn|5
|
|t:|1743792605
|-end|p2a: Great Tusk|Protosynthesis|[silent]
|switch|p2a: Rotom|Rotom-Wash|100/100
|move|p1a: 🇮🇱=ter*orists|Toxic|p2a: Rotom
|-status|p2a: Rotom|tox
|
|-damage|p2a: Rotom|94/100 tox|[from] psn
|upkeep
|turn|6
|
|t:|1743792614
|switch|p2a: Hatterene|Hatterene, F|100/100
|move|p1a: 🇮🇱=ter*orists|Protect||[still]
|-fail|p1a: 🇮🇱=ter*orists
|
|upkeep
|turn|7
|
|t:|1743792619
|switch|p1a: Kanye|Slowking-Galar, M|100/100
|move|p2a: Hatterene|Calm Mind|p2a: Hatterene
|-boost|p2a: Hatterene|spa|1
|-boost|p2a: Hatterene|spd|1
|
|upkeep
|turn|8
|
|t:|1743792627
|move|p1a: Kanye|Trick|p2a: Hatterene
|-activate|p1a: Kanye|move: Trick|[of] p2a: Hatterene
|-item|p2a: Hatterene|Choice Scarf|[from] move: Trick
|-item|p1a: Kanye|Leftovers|[from] move: Trick
|move|p2a: Hatterene|Psyshock|p1a: Kanye
|-damage|p1a: Kanye|41/100
|
|-heal|p1a: Kanye|47/100|[from] item: Leftovers
|upkeep
|turn|9
|
|t:|1743792633
|switch|p1a: 🇮🇱=ter*orists|Gliscor, M|100/100 tox
|move|p2a: Hatterene|Psyshock|p1a: 🇮🇱=ter*orists
|-damage|p1a: 🇮🇱=ter*orists|66/100 tox
|
|-heal|p1a: 🇮🇱=ter*orists|78/100 tox|[from] ability: Poison Heal
|upkeep
|turn|10
|
|t:|1743792635
|move|p1a: 🇮🇱=ter*orists|Earthquake|p2a: Hatterene
|-damage|p2a: Hatterene|75/100
|move|p2a: Hatterene|Psyshock|p1a: 🇮🇱=ter*orists
|-damage|p1a: 🇮🇱=ter*orists|41/100 tox
|
|-heal|p1a: 🇮🇱=ter*orists|54/100 tox|[from] ability: Poison Heal
|upkeep
|turn|11
|
|t:|1743792638
|move|p1a: 🇮🇱=ter*orists|Protect|p1a: 🇮🇱=ter*orists
|-singleturn|p1a: 🇮🇱=ter*orists|Protect
|move|p2a: Hatterene|Psyshock|p1a: 🇮🇱=ter*orists
|-activate|p1a: 🇮🇱=ter*orists|move: Protect
|
|-heal|p1a: 🇮🇱=ter*orists|66/100 tox|[from] ability: Poison Heal
|upkeep
|turn|12
|
|t:|1743792641
|move|p1a: 🇮🇱=ter*orists|Earthquake|p2a: Hatterene
|-damage|p2a: Hatterene|51/100
|move|p2a: Hatterene|Psyshock|p1a: 🇮🇱=ter*orists
|-damage|p1a: 🇮🇱=ter*orists|33/100 tox
|
|-heal|p1a: 🇮🇱=ter*orists|45/100 tox|[from] ability: Poison Heal
|upkeep
|turn|13
|
|t:|1743792655
|move|p1a: 🇮🇱=ter*orists|Protect|p1a: 🇮🇱=ter*orists
|-singleturn|p1a: 🇮🇱=ter*orists|Protect
|move|p2a: Hatterene|Psyshock|p1a: 🇮🇱=ter*orists
|-activate|p1a: 🇮🇱=ter*orists|move: Protect
|
|-heal|p1a: 🇮🇱=ter*orists|58/100 tox|[from] ability: Poison Heal
|upkeep
|turn|14
|
|t:|1743792658
|switch|p1a: BIRDS OF A FEATHER|Corviknight, F|100/100
|-ability|p1a: BIRDS OF A FEATHER|Pressure
|move|p2a: Hatterene|Psyshock|p1a: BIRDS OF A FEATHER
|-resisted|p1a: BIRDS OF A FEATHER
|-damage|p1a: BIRDS OF A FEATHER|83/100
|
|upkeep
|turn|15
|
|t:|1743792661
|move|p1a: BIRDS OF A FEATHER|U-turn|p2a: Hatterene
|-damage|p2a: Hatterene|39/100
|
|t:|1743792664
|switch|p1a: 808 and curses|Dondozo, M|100/100|[from] U-turn
|move|p2a: Hatterene|Psyshock|p1a: 808 and curses
|-damage|p1a: 808 and curses|85/100
|
|-heal|p1a: 808 and curses|92/100|[from] item: Leftovers
|upkeep
|turn|16
|
|t:|1743792671
|switch|p1a: BIRDS OF A FEATHER|Corviknight, F|83/100
|-ability|p1a: BIRDS OF A FEATHER|Pressure
|move|p2a: Hatterene|Psyshock|p1a: BIRDS OF A FEATHER
|-resisted|p1a: BIRDS OF A FEATHER
|-damage|p1a: BIRDS OF A FEATHER|66/100
|
|upkeep
|turn|17
|
|t:|1743792673
|move|p1a: BIRDS OF A FEATHER|Roost|p1a: BIRDS OF A FEATHER
|-heal|p1a: BIRDS OF A FEATHER|100/100
|-singleturn|p1a: BIRDS OF A FEATHER|move: Roost
|move|p2a: Hatterene|Psyshock|p1a: BIRDS OF A FEATHER
|-resisted|p1a: BIRDS OF A FEATHER
|-damage|p1a: BIRDS OF A FEATHER|85/100
|
|upkeep
|turn|18
|
|t:|1743792680
|switch|p2a: Chandelure|Chandelure, F|100/100
|move|p1a: BIRDS OF A FEATHER|Brave Bird|p2a: Chandelure
|-damage|p2a: Chandelure|48/100
|-damage|p1a: BIRDS OF A FEATHER|74/100|[from] Recoil
|
|upkeep
|turn|19
|
|t:|1743792687
|switch|p1a: brat|Blissey, F|100/100
|move|p2a: Chandelure|Trick|p1a: brat
|-activate|p2a: Chandelure|move: Trick|[of] p1a: brat
|-item|p1a: brat|Choice Scarf|[from] move: Trick
|-item|p2a: Chandelure|Heavy-Duty Boots|[from] move: Trick
|
|upkeep
|turn|20
|
|t:|1743792693
|switch|p2a: Hatterene|Hatterene, F|39/100
|move|p1a: brat|Shadow Ball|p2a: Hatterene
|-supereffective|p2a: Hatterene
|-damage|p2a: Hatterene|8/100
|-unboost|p2a: Hatterene|spd|1
|
|upkeep
|turn|21
|
|t:|1743792697
|move|p1a: brat|Shadow Ball|p2a: Hatterene
|-supereffective|p2a: Hatterene
|-damage|p2a: Hatterene|0 fnt
|faint|p2a: Hatterene
|
|upkeep
|
|t:|1743792699
|switch|p2a: Kingambit|Kingambit, M|100/100
|-activate|p2a: Kingambit|ability: Supreme Overlord
|-start|p2a: Kingambit|fallen1|[silent]
|turn|22
|
|t:|1743792706
|switch|p1a: 808 and curses|Dondozo, M|92/100
|-end|p2a: Kingambit|fallen1|[silent]
|switch|p2a: Great Tusk|Great Tusk|51/100
|
|-heal|p1a: 808 and curses|98/100|[from] item: Leftovers
|upkeep
|turn|23
|
|t:|1743792710
|-end|p2a: Great Tusk|Protosynthesis|[silent]
|switch|p2a: Rotom|Rotom-Wash|94/100 tox
|move|p1a: 808 and curses|Waterfall|p2a: Rotom
|-resisted|p2a: Rotom
|-damage|p2a: Rotom|82/100 tox
|
|-heal|p2a: Rotom|89/100 tox|[from] item: Leftovers
|-heal|p1a: 808 and curses|100/100|[from] item: Leftovers
|-damage|p2a: Rotom|82/100 tox|[from] psn
|upkeep
|turn|24
|
|t:|1743792715
|switch|p1a: Kanye|Slowking-Galar, M|80/100
|move|p2a: Rotom|Hydro Pump|p1a: Kanye|[miss]
|-miss|p2a: Rotom|p1a: Kanye
|
|-heal|p2a: Rotom|89/100 tox|[from] item: Leftovers
|-heal|p1a: Kanye|86/100|[from] item: Leftovers
|-damage|p2a: Rotom|76/100 tox|[from] psn
|upkeep
|turn|25
|
|t:|1743792719
|move|p2a: Rotom|Volt Switch|p1a: Kanye
|-damage|p1a: Kanye|66/100
|
|t:|1743792722
|switch|p2a: Chandelure|Chandelure, F|48/100|[from] Volt Switch
|move|p1a: Kanye|Future Sight|p2a: Chandelure
|-start|p1a: Kanye|move: Future Sight
|
|-heal|p1a: Kanye|72/100|[from] item: Leftovers
|upkeep
|turn|26
|
|t:|1743792729
|switch|p2a: Kingambit|Kingambit, M|100/100
|-activate|p2a: Kingambit|ability: Supreme Overlord
|-start|p2a: Kingambit|fallen1|[silent]
|switch|p1a: brat|Blissey, F|100/100
|
|upkeep
|turn|27
|
|t:|1743792740
|switch|p1a: 808 and curses|Dondozo, M|100/100
|move|p2a: Kingambit|Kowtow Cleave|p1a: 808 and curses
|-damage|p1a: 808 and curses|80/100
|
|-end|p2a: Kingambit|move: Future Sight
|-immune|p2a: Kingambit
|-heal|p1a: 808 and curses|86/100|[from] item: Leftovers
|upkeep
|turn|28
|inactive|Battle timer is ON: inactive players will automatically lose when time's up. (requested by Trainer #39)
|
|t:|1743792749
|-end|p2a: Kingambit|fallen1|[silent]
|switch|p2a: Rotom|Rotom-Wash|76/100 tox
|move|p1a: 808 and curses|Waterfall|p2a: Rotom
|-resisted|p2a: Rotom
|-damage|p2a: Rotom|65/100 tox
|
|-heal|p2a: Rotom|72/100 tox|[from] item: Leftovers
|-heal|p1a: 808 and curses|93/100|[from] item: Leftovers
|-damage|p2a: Rotom|65/100 tox|[from] psn
|upkeep
|turn|29
|
|t:|1743792756
|switch|p1a: Kanye|Slowking-Galar, M|100/100
|move|p2a: Rotom|Volt Switch|p1a: Kanye
|-damage|p1a: Kanye|80/100
|
|t:|1743792758
|switch|p2a: Great Tusk|Great Tusk|51/100|[from] Volt Switch
|
|-heal|p1a: Kanye|86/100|[from] item: Leftovers
|upkeep
|turn|30
|
|t:|1743792763
|switch|p1a: 808 and curses|Dondozo, M|93/100
|move|p2a: Great Tusk|Ice Spinner|p1a: 808 and curses
|-resisted|p1a: 808 and curses
|-damage|p1a: 808 and curses|84/100
|
|-heal|p1a: 808 and curses|90/100|[from] item: Leftovers
|upkeep
|turn|31
|
|t:|1743792768
|-end|p2a: Great Tusk|Protosynthesis|[silent]
|switch|p2a: Rotom|Rotom-Wash|65/100 tox
|switch|p1a: Kanye|Slowking-Galar, M|100/100
|
|-heal|p2a: Rotom|72/100 tox|[from] item: Leftovers
|-damage|p2a: Rotom|65/100 tox|[from] psn
|upkeep
|turn|32
|
|t:|1743792775
|move|p2a: Rotom|Will-O-Wisp|p1a: Kanye
|-status|p1a: Kanye|brn
|move|p1a: Kanye|Future Sight|p2a: Rotom
|-start|p1a: Kanye|move: Future Sight
|
|-heal|p2a: Rotom|72/100 tox|[from] item: Leftovers
|-damage|p2a: Rotom|59/100 tox|[from] psn
|-damage|p1a: Kanye|94/100 brn|[from] brn
|upkeep
|turn|33
|
|t:|1743792780
|move|p2a: Rotom|Volt Switch|p1a: Kanye
|-damage|p1a: Kanye|75/100 brn
|
|t:|1743792784
|switch|p2a: Corviknight|Corviknight, M, shiny|100/100|[from] Volt Switch
|move|p1a: Kanye|Thunder Wave|p2a: Corviknight
|-status|p2a: Corviknight|par
|
|-heal|p1a: Kanye|81/100 brn|[from] item: Leftovers
|-damage|p1a: Kanye|75/100 brn|[from] brn
|upkeep
|turn|34
|
|t:|1743792788
|switch|p1a: 🇮🇱=ter*orists|Gliscor, M|58/100 tox
|move|p2a: Corviknight|U-turn|p1a: 🇮🇱=ter*orists
|-resisted|p1a: 🇮🇱=ter*orists
|-damage|p1a: 🇮🇱=ter*orists|53/100 tox
|
|t:|1743792794
|switch|p2a: Kingambit|Kingambit, M|100/100|[from] U-turn
|-activate|p2a: Kingambit|ability: Supreme Overlord
|-start|p2a: Kingambit|fallen1|[silent]
|
|-end|p2a: Kingambit|move: Future Sight
|-immune|p2a: Kingambit
|-heal|p1a: 🇮🇱=ter*orists|65/100 tox|[from] ability: Poison Heal
|upkeep
|turn|35
|
|t:|1743792799
|move|p1a: 🇮🇱=ter*orists|Earthquake|p2a: Kingambit
|-supereffective|p2a: Kingambit
|-damage|p2a: Kingambit|59/100
|move|p2a: Kingambit|Kowtow Cleave|p1a: 🇮🇱=ter*orists
|-crit|p1a: 🇮🇱=ter*orists
|-damage|p1a: 🇮🇱=ter*orists|18/100 tox
|
|-heal|p1a: 🇮🇱=ter*orists|30/100 tox|[from] ability: Poison Heal
|upkeep
|turn|36
|
|t:|1743792812
|-end|p2a: Kingambit|fallen1|[silent]
|switch|p2a: Chandelure|Chandelure, F|48/100
|move|p1a: 🇮🇱=ter*orists|Protect||[still]
|-fail|p1a: 🇮🇱=ter*orists
|
|-heal|p1a: 🇮🇱=ter*orists|43/100 tox|[from] ability: Poison Heal
|upkeep
|turn|37
|
|t:|1743792818
|move|p1a: 🇮🇱=ter*orists|Protect|p1a: 🇮🇱=ter*orists
|-singleturn|p1a: 🇮🇱=ter*orists|Protect
|move|p2a: Chandelure|Flamethrower|p1a: 🇮🇱=ter*orists
|-activate|p1a: 🇮🇱=ter*orists|move: Protect
|
|-heal|p1a: 🇮🇱=ter*orists|55/100 tox|[from] ability: Poison Heal
|upkeep
|turn|38
|
|t:|1743792823
|switch|p1a: brat|Blissey, F|100/100
|move|p2a: Chandelure|Flamethrower|p1a: brat
|-crit|p1a: brat
|-damage|p1a: brat|72/100
|
|upkeep
|turn|39
|
|t:|1743792833
|switch|p2a: Corviknight|Corviknight, M, shiny|100/100 par
|move|p1a: brat|Stealth Rock|p2a: Corviknight
|-sidestart|p2: xAmethystx|move: Stealth Rock
|
|upkeep
|turn|40
|
|t:|1743792836
|switch|p1a: Charli xcx|Clefable, M|100/100
|cant|p2a: Corviknight|par
|
|upkeep
|turn|41
|
|t:|1743792839
|move|p1a: Charli xcx|Knock Off|p2a: Corviknight
|-damage|p2a: Corviknight|87/100 par
|-enditem|p2a: Corviknight|Leftovers|[from] move: Knock Off|[of] p1a: Charli xcx
|move|p2a: Corviknight|Defog|p1a: Charli xcx
|-unboost|p1a: Charli xcx|evasion|1
|-sideend|p2: xAmethystx|Stealth Rock|[from] move: Defog|[of] p2a: Corviknight
|
|upkeep
|turn|42
|
|t:|1743792843
|move|p1a: Charli xcx|Knock Off|p2a: Corviknight
|-crit|p2a: Corviknight
|-damage|p2a: Corviknight|73/100 par
|move|p2a: Corviknight|U-turn|p1a: Charli xcx
|-resisted|p1a: Charli xcx
|-damage|p1a: Charli xcx|93/100
|
|t:|1743792846
|switch|p2a: Kingambit|Kingambit, M|59/100|[from] U-turn
|-activate|p2a: Kingambit|ability: Supreme Overlord
|-start|p2a: Kingambit|fallen1|[silent]
|
|upkeep
|turn|43
|
|t:|1743792852
|move|p1a: Charli xcx|Protect|p1a: Charli xcx
|-singleturn|p1a: Charli xcx|Protect
|move|p2a: Kingambit|Kowtow Cleave|p1a: Charli xcx
|-activate|p1a: Charli xcx|move: Protect
|
|upkeep
|turn|44
|
|t:|1743792856
|switch|p1a: 808 and curses|Dondozo, M|90/100
|move|p2a: Kingambit|Kowtow Cleave|p1a: 808 and curses
|-damage|p1a: 808 and curses|68/100
|
|-heal|p1a: 808 and curses|75/100|[from] item: Leftovers
|upkeep
|turn|45
|
|t:|1743792861
|-end|p2a: Kingambit|fallen1|[silent]
|switch|p2a: Corviknight|Corviknight, M, shiny|73/100 par
|move|p1a: 808 and curses|Waterfall|p2a: Corviknight
|-damage|p2a: Corviknight|49/100 par
|
|-heal|p1a: 808 and curses|81/100|[from] item: Leftovers
|upkeep
|turn|46
|
|t:|1743792864
|move|p1a: 808 and curses|Curse|p1a: 808 and curses
|-unboost|p1a: 808 and curses|spe|1
|-boost|p1a: 808 and curses|atk|1
|-boost|p1a: 808 and curses|def|1
|move|p2a: Corviknight|Roost|p2a: Corviknight
|-heal|p2a: Corviknight|99/100 par
|-singleturn|p2a: Corviknight|move: Roost
|
|-heal|p1a: 808 and curses|87/100|[from] item: Leftovers
|upkeep
|turn|47
|
|t:|1743792867
|move|p2a: Corviknight|U-turn|p1a: 808 and curses
|-damage|p1a: 808 and curses|83/100
|
|t:|1743792869
|switch|p2a: Rotom|Rotom-Wash|59/100 tox|[from] U-turn
|move|p1a: 808 and curses|Waterfall|p2a: Rotom
|-resisted|p2a: Rotom
|-damage|p2a: Rotom|43/100 tox
|
|-heal|p2a: Rotom|49/100 tox|[from] item: Leftovers
|-heal|p1a: 808 and curses|89/100|[from] item: Leftovers
|-damage|p2a: Rotom|43/100 tox|[from] psn
|upkeep
|turn|48
|
|t:|1743792873
|switch|p1a: Kanye|Slowking-Galar, M|100/100 brn
|move|p2a: Rotom|Volt Switch|p1a: Kanye
|-damage|p1a: Kanye|81/100 brn
|
|t:|1743792875
|switch|p2a: Great Tusk|Great Tusk|51/100|[from] Volt Switch
|
|-heal|p1a: Kanye|88/100 brn|[from] item: Leftovers
|-damage|p1a: Kanye|81/100 brn|[from] brn
|upkeep
|turn|49
|
|t:|1743792879
|switch|p1a: 808 and curses|Dondozo, M|89/100
|move|p2a: Great Tusk|Ice Spinner|p1a: 808 and curses
|-resisted|p1a: 808 and curses
|-damage|p1a: 808 and curses|79/100
|
|-heal|p1a: 808 and curses|85/100|[from] item: Leftovers
|upkeep
|turn|50
|
|t:|1743792885
|-end|p2a: Great Tusk|Protosynthesis|[silent]
|switch|p2a: Rotom|Rotom-Wash|43/100 tox
|move|p1a: 808 and curses|Curse|p1a: 808 and curses
|-unboost|p1a: 808 and curses|spe|1
|-boost|p1a: 808 and curses|atk|1
|-boost|p1a: 808 and curses|def|1
|
|-heal|p2a: Rotom|49/100 tox|[from] item: Leftovers
|-heal|p1a: 808 and curses|91/100|[from] item: Leftovers
|-damage|p2a: Rotom|43/100 tox|[from] psn
|upkeep
|turn|51
|
|t:|1743792888
|move|p2a: Rotom|Volt Switch|p1a: 808 and curses
|-supereffective|p1a: 808 and curses
|-damage|p1a: 808 and curses|38/100
|
|t:|1743792895
|switch|p2a: Chandelure|Chandelure, F|48/100|[from] Volt Switch
|move|p1a: 808 and curses|Waterfall|p2a: Chandelure
|-supereffective|p2a: Chandelure
|-damage|p2a: Chandelure|0 fnt
|faint|p2a: Chandelure
|
|-heal|p1a: 808 and curses|45/100|[from] item: Leftovers
|upkeep
|
|t:|1743792902
|switch|p2a: Rotom|Rotom-Wash|43/100 tox
|turn|52
|
|t:|1743792906
|switch|p1a: Kanye|Slowking-Galar, M|100/100 brn
|move|p2a: Rotom|Volt Switch|p1a: Kanye
|-damage|p1a: Kanye|83/100 brn
|
|t:|1743792908
|switch|p2a: Great Tusk|Great Tusk|51/100|[from] Volt Switch
|
|-heal|p1a: Kanye|89/100 brn|[from] item: Leftovers
|-damage|p1a: Kanye|83/100 brn|[from] brn
|upkeep
|turn|53
|
|t:|1743792921
|switch|p1a: BIRDS OF A FEATHER|Corviknight, F|74/100
|-ability|p1a: BIRDS OF A FEATHER|Pressure
|move|p2a: Great Tusk|Ice Spinner|p1a: BIRDS OF A FEATHER
|-damage|p1a: BIRDS OF A FEATHER|49/100
|-damage|p2a: Great Tusk|34/100|[from] item: Rocky Helmet|[of] p1a: BIRDS OF A FEATHER
|
|upkeep
|turn|54
|
|t:|1743792927
|-end|p2a: Great Tusk|Protosynthesis|[silent]
|switch|p2a: Rotom|Rotom-Wash|43/100 tox
|move|p1a: BIRDS OF A FEATHER|Roost|p1a: BIRDS OF A FEATHER
|-heal|p1a: BIRDS OF A FEATHER|99/100
|-singleturn|p1a: BIRDS OF A FEATHER|move: Roost
|
|-heal|p2a: Rotom|49/100 tox|[from] item: Leftovers
|-damage|p2a: Rotom|43/100 tox|[from] psn
|upkeep
|turn|55
|
|t:|1743792931
|switch|p1a: 🇮🇱=ter*orists|Gliscor, M|55/100 tox
|move|p2a: Rotom|Volt Switch|p1a: 🇮🇱=ter*orists
|-immune|p1a: 🇮🇱=ter*orists
|
|-heal|p2a: Rotom|49/100 tox|[from] item: Leftovers
|-heal|p1a: 🇮🇱=ter*orists|68/100 tox|[from] ability: Poison Heal
|-damage|p2a: Rotom|37/100 tox|[from] psn
|upkeep
|turn|56
|
|t:|1743792936
|move|p1a: 🇮🇱=ter*orists|Protect|p1a: 🇮🇱=ter*orists
|-singleturn|p1a: 🇮🇱=ter*orists|Protect
|move|p2a: Rotom|Hydro Pump|p1a: 🇮🇱=ter*orists
|-activate|p1a: 🇮🇱=ter*orists|move: Protect
|
|-heal|p2a: Rotom|43/100 tox|[from] item: Leftovers
|-heal|p1a: 🇮🇱=ter*orists|80/100 tox|[from] ability: Poison Heal
|-damage|p2a: Rotom|24/100 tox|[from] psn
|upkeep
|turn|57
|
|t:|1743792938
|switch|p1a: Kanye|Slowking-Galar, M|100/100 brn
|move|p2a: Rotom|Volt Switch|p1a: Kanye
|-damage|p1a: Kanye|83/100 brn
|
|t:|1743792941
|switch|p2a: Great Tusk|Great Tusk|34/100|[from] Volt Switch
|
|-heal|p1a: Kanye|89/100 brn|[from] item: Leftovers
|-damage|p1a: Kanye|83/100 brn|[from] brn
|upkeep
|turn|58
|
|t:|1743792944
|switch|p1a: BIRDS OF A FEATHER|Corviknight, F|99/100
|-ability|p1a: BIRDS OF A FEATHER|Pressure
|move|p2a: Great Tusk|Supercell Slam|p1a: BIRDS OF A FEATHER
|-supereffective|p1a: BIRDS OF A FEATHER
|-damage|p1a: BIRDS OF A FEATHER|38/100
|-damage|p2a: Great Tusk|18/100|[from] item: Rocky Helmet|[of] p1a: BIRDS OF A FEATHER
|
|upkeep
|turn|59
|
|t:|1743792948
|switch|p1a: 🇮🇱=ter*orists|Gliscor, M|80/100 tox
|move|p2a: Great Tusk|Supercell Slam|p1a: 🇮🇱=ter*orists
|-immune|p1a: 🇮🇱=ter*orists
|-damage|p2a: Great Tusk|0 fnt|[from] supercellslam
|faint|p2a: Great Tusk
|-end|p2a: Great Tusk|Protosynthesis|[silent]
|
|-heal|p1a: 🇮🇱=ter*orists|93/100 tox|[from] ability: Poison Heal
|upkeep
|-message|xAmethystx forfeited.
|
|win|Trainer #39
|raw|Trainer #39's rating: 1684 &rarr; <strong>1697</strong><br />(+13 for winning)
|raw|xAmethystx's rating: 1566 &rarr; <strong>1553</strong><br />(-13 for losing)
|l|☆xAmethystx
|player|p2|
|l|☆Trainer #39
|player|p1|
|l| Dkrd
