|badge|p1|bronze|gen9ou|100-5
|uhtml|medal-msg|<div class="broadcast-blue">Curious what those medals under the avatar are? PS now has Ladder Seasons! For more information, check out the <a href="https://www.smogon.com/forums/threads/3740067/">thread on Smogon.</a></div>
|j|☆tonyrayyy
|j|☆54 insane rats
|t:|1743872792
|gametype|singles
|player|p1|tonyrayyy|cynthia-gen4|1815
|player|p2|54 insane rats|supernerd|1745
|teamsize|p1|6
|teamsize|p2|6
|gen|9
|tier|[Gen 9] OU
|rated|
|rule|HP Percentage Mod: HP is shown in percentages
|rule|Endless Battle Clause: Forcing endless battles is banned
|rule|Species Clause: Limit one of each Pokémon
|rule|OHKO Clause: OHKO moves are banned
|rule|Evasion Items Clause: Evasion items are banned
|rule|Evasion Moves Clause: Evasion moves are banned
|rule|Sleep Moves Clause: Sleep-inducing moves are banned
|clearpoke
|poke|p1|Gholdengo|
|poke|p1|Samurott-Hisui, F|
|poke|p1|Kingambit, M|
|poke|p1|Zapdos|
|poke|p1|Great Tusk|
|poke|p1|Slowking-Galar, F|
|poke|p2|Gholdengo|
|poke|p2|Gliscor, F|
|poke|p2|Slowking-Galar, F|
|poke|p2|Clefable, F|
|poke|p2|Skarmory, M|
|poke|p2|Clodsire, F|
|teampreview
|inactive|Battle timer is ON: inactive players will automatically lose when time's up. (requested by 54 insane rats)
|
|t:|1743872801
|start
|switch|p1a: Samurott|Samurott-Hisui, F|100/100
|switch|p2a: Gliscor|Gliscor, F|100/100
|turn|1
|
|t:|1743872807
|switch|p1a: Great Tusk|Great Tusk|100/100
|move|p2a: Gliscor|Protect||[still]
|-fail|p2a: Gliscor
|
|-status|p2a: Gliscor|tox|[from] item: Toxic Orb
|upkeep
|turn|2
|j| union boss
|
|t:|1743872813
|switch|p2a: Skarmory|Skarmory, M|100/100
|move|p1a: Great Tusk|Stealth Rock|p2a: Skarmory
|-sidestart|p2: 54 insane rats|move: Stealth Rock
|
|upkeep
|turn|3
|
|t:|1743872819
|-end|p1a: Great Tusk|Protosynthesis|[silent]
|switch|p1a: Slowking|Slowking-Galar, F|100/100
|move|p2a: Skarmory|Spikes|p1a: Slowking
|-sidestart|p1: tonyrayyy|Spikes
|
|upkeep
|turn|4
|
|t:|1743872823
|switch|p2a: Slowking|Slowking-Galar, F|100/100
|move|p1a: Slowking|Future Sight|p2a: Slowking
|-start|p1a: Slowking|move: Future Sight
|
|upkeep
|turn|5
|
|t:|1743872829
|-prepare|p2a: Slowking|Chilly Reception|[premajor]
|move|p2a: Slowking|Chilly Reception|p2a: Slowking
|-weather|Snowscape
|j| iamfrhaan007
|
|t:|1743872835
|switch|p2a: Gliscor|Gliscor, F|100/100 tox|[from] Chilly Reception
|-damage|p2a: Gliscor|88/100 tox|[from] Stealth Rock
|-prepare|p1a: Slowking|Chilly Reception|[premajor]
|move|p1a: Slowking|Chilly Reception|p1a: Slowking
|
|t:|1743872842
|switch|p1a: Great Tusk|Great Tusk|100/100|[from] Chilly Reception
|
|-weather|Snowscape|[upkeep]
|-heal|p2a: Gliscor|100/100 tox|[from] ability: Poison Heal
|upkeep
|turn|6
|
|t:|1743872849
|move|p2a: Gliscor|Protect|p2a: Gliscor
|-singleturn|p2a: Gliscor|Protect
|move|p1a: Great Tusk|Ice Spinner|p2a: Gliscor
|-activate|p2a: Gliscor|move: Protect
|
|-weather|Snowscape|[upkeep]
|-end|p2a: Gliscor|move: Future Sight
|-damage|p2a: Gliscor|60/100 tox
|-heal|p2a: Gliscor|73/100 tox|[from] ability: Poison Heal
|upkeep
|turn|7
|
|t:|1743872858
|switch|p2a: Skarmory|Skarmory, M|100/100
|-damage|p2a: Skarmory|88/100|[from] Stealth Rock
|move|p1a: Great Tusk|Ice Spinner|p2a: Skarmory
|-damage|p2a: Skarmory|73/100
|-damage|p1a: Great Tusk|84/100|[from] item: Rocky Helmet|[of] p2a: Skarmory
|
|-weather|Snowscape|[upkeep]
|upkeep
|turn|8
|
|t:|1743872866
|-end|p1a: Great Tusk|Protosynthesis|[silent]
|switch|p1a: Slowking|Slowking-Galar, F|100/100
|move|p2a: Skarmory|Spikes|p1a: Slowking
|-sidestart|p1: tonyrayyy|Spikes
|
|-weather|Snowscape|[upkeep]
|upkeep
|turn|9
|
|t:|1743872874
|switch|p2a: Slowking|Slowking-Galar, F|100/100
|move|p1a: Slowking|Future Sight|p2a: Slowking
|-start|p1a: Slowking|move: Future Sight
|
|-weather|none
|upkeep
|turn|10
|
|t:|1743872879
|-prepare|p1a: Slowking|Chilly Reception|[premajor]
|move|p1a: Slowking|Chilly Reception|p1a: Slowking
|-weather|Snowscape
|
|t:|1743872882
|switch|p1a: Samurott|Samurott-Hisui, F|100/100|[from] Chilly Reception
|-damage|p1a: Samurott|84/100|[from] Spikes
|move|p2a: Slowking|Future Sight|p1a: Samurott
|-start|p2a: Slowking|move: Future Sight
|
|-weather|Snowscape|[upkeep]
|upkeep
|turn|11
|j| BPLD
|
|t:|1743872894
|switch|p2a: Clefable|Clefable, F|100/100
|move|p1a: Samurott|Ceaseless Edge|p2a: Clefable
|-resisted|p2a: Clefable
|-damage|p2a: Clefable|83/100
|-sidestart|p2: 54 insane rats|Spikes
|
|-weather|Snowscape|[upkeep]
|-end|p2a: Clefable|move: Future Sight
|-damage|p2a: Clefable|41/100
|-heal|p2a: Clefable|47/100|[from] item: Leftovers
|upkeep
|turn|12
|
|t:|1743872904
|switch|p1a: Slowking|Slowking-Galar, F|100/100
|move|p2a: Clefable|Moonblast|p1a: Slowking
|-resisted|p1a: Slowking
|-crit|p1a: Slowking
|-damage|p1a: Slowking|88/100
|
|-weather|Snowscape|[upkeep]
|-end|p1a: Slowking|move: Future Sight
|-damage|p1a: Slowking|60/100
|-heal|p2a: Clefable|53/100|[from] item: Leftovers
|upkeep
|turn|13
|
|t:|1743872913
|move|p2a: Clefable|Knock Off|p1a: Slowking
|-supereffective|p1a: Slowking
|-damage|p1a: Slowking|26/100
|-enditem|p1a: Slowking|Heavy-Duty Boots|[from] move: Knock Off|[of] p2a: Clefable
|move|p1a: Slowking|Psychic Noise|p2a: Clefable
|-damage|p2a: Clefable|29/100
|-start|p2a: Clefable|move: Heal Block
|
|-weather|Snowscape|[upkeep]
|upkeep
|turn|14
|
|t:|1743872922
|move|p2a: Clefable|Knock Off|p1a: Slowking
|-supereffective|p1a: Slowking
|-damage|p1a: Slowking|4/100
|-prepare|p1a: Slowking|Chilly Reception|[premajor]
|move|p1a: Slowking|Chilly Reception|p1a: Slowking
|j| floating all day
|
|t:|1743872927
|switch|p1a: Great Tusk|Great Tusk|84/100|[from] Chilly Reception
|
|-weather|none
|-end|p2a: Clefable|move: Heal Block
|upkeep
|turn|15
|
|t:|1743872937
|move|p1a: Great Tusk|Rapid Spin|p2a: Clefable
|-damage|p2a: Clefable|17/100
|-boost|p1a: Great Tusk|spe|1
|-sideend|p1: tonyrayyy|Spikes|[from] move: Rapid Spin|[of] p1a: Great Tusk
|move|p2a: Clefable|Moonblast|p1a: Great Tusk
|-supereffective|p1a: Great Tusk
|-damage|p1a: Great Tusk|0 fnt
|faint|p1a: Great Tusk
|-end|p1a: Great Tusk|Protosynthesis|[silent]
|
|-heal|p2a: Clefable|23/100|[from] item: Leftovers
|upkeep
|
|t:|1743872946
|switch|p1a: Gholdengo|Gholdengo|100/100
|-item|p1a: Gholdengo|Air Balloon
|turn|16
|
|t:|1743872953
|move|p1a: Gholdengo|Shadow Ball|p2a: Clefable
|-damage|p2a: Clefable|0 fnt
|faint|p2a: Clefable
|
|upkeep
|
|t:|1743872956
|switch|p2a: Gliscor|Gliscor, F|73/100 tox
|-damage|p2a: Gliscor|60/100 tox|[from] Stealth Rock
|turn|17
|
|t:|1743872961
|move|p2a: Gliscor|Knock Off|p1a: Gholdengo
|-supereffective|p1a: Gholdengo
|-damage|p1a: Gholdengo|63/100
|-enditem|p1a: Gholdengo|Air Balloon
|move|p1a: Gholdengo|Nasty Plot|p1a: Gholdengo
|-boost|p1a: Gholdengo|spa|2
|
|-heal|p2a: Gliscor|73/100 tox|[from] ability: Poison Heal
|upkeep
|turn|18
|
|t:|1743872979
|switch|p2a: Clodsire|Clodsire, F|100/100
|-terastallize|p1a: Gholdengo|Fairy
|move|p1a: Gholdengo|Make It Rain|p2a: Clodsire
|-damage|p2a: Clodsire|65/100
|-unboost|p1a: Gholdengo|spa|1
|
|upkeep
|turn|19
|
|t:|1743872989
|switch|p1a: Samurott|Samurott-Hisui, F|84/100
|move|p2a: Clodsire|Recover|p2a: Clodsire
|-heal|p2a: Clodsire|100/100
|
|upkeep
|turn|20
|
|t:|1743873013
|move|p1a: Samurott|Knock Off|p2a: Clodsire
|-damage|p2a: Clodsire|50/100
|-enditem|p2a: Clodsire|Heavy-Duty Boots|[from] move: Knock Off|[of] p1a: Samurott
|move|p2a: Clodsire|Toxic|p1a: Samurott
|-status|p1a: Samurott|tox
|
|-damage|p1a: Samurott|78/100 tox|[from] psn
|upkeep
|turn|21
|
|t:|1743873021
|switch|p1a: Gholdengo|Gholdengo, tera:Fairy|63/100
|move|p2a: Clodsire|Recover|p2a: Clodsire
|-heal|p2a: Clodsire|100/100
|
|upkeep
|turn|22
|
|t:|1743873026
|move|p1a: Gholdengo|Recover|p1a: Gholdengo
|-heal|p1a: Gholdengo|100/100
|move|p2a: Clodsire|Earthquake|p1a: Gholdengo
|-damage|p1a: Gholdengo|74/100
|
|upkeep
|turn|23
|
|t:|1743873032
|switch|p1a: Kingambit|Kingambit, M|100/100
|-activate|p1a: Kingambit|ability: Supreme Overlord
|-start|p1a: Kingambit|fallen1|[silent]
|move|p2a: Clodsire|Stealth Rock|p1a: Kingambit
|-sidestart|p1: tonyrayyy|move: Stealth Rock
|
|upkeep
|turn|24
|
|t:|1743873038
|switch|p2a: Skarmory|Skarmory, M|73/100
|-damage|p2a: Skarmory|61/100|[from] Stealth Rock
|move|p1a: Kingambit|Kowtow Cleave|p2a: Skarmory
|-damage|p2a: Skarmory|20/100
|-damage|p1a: Kingambit|84/100|[from] item: Rocky Helmet|[of] p2a: Skarmory
|
|upkeep
|turn|25
|
|t:|1743873046
|move|p2a: Skarmory|Roost|p2a: Skarmory
|-heal|p2a: Skarmory|70/100
|-singleturn|p2a: Skarmory|move: Roost
|move|p1a: Kingambit|Kowtow Cleave|p2a: Skarmory
|-damage|p2a: Skarmory|26/100
|-damage|p1a: Kingambit|68/100|[from] item: Rocky Helmet|[of] p2a: Skarmory
|
|upkeep
|turn|26
|
|t:|1743873056
|-end|p1a: Kingambit|fallen1|[silent]
|switch|p1a: Zapdos|Zapdos|100/100
|move|p2a: Skarmory|Roost|p2a: Skarmory
|-heal|p2a: Skarmory|76/100
|-singleturn|p2a: Skarmory|move: Roost
|
|upkeep
|turn|27
|
|t:|1743873077
|switch|p2a: Clodsire|Clodsire, F|100/100
|-damage|p2a: Clodsire|94/100|[from] Stealth Rock
|-damage|p2a: Clodsire|82/100|[from] Spikes
|move|p1a: Zapdos|Volt Switch|p2a: Clodsire
|-immune|p2a: Clodsire
|
|upkeep
|turn|28
|
|t:|1743873087
|switch|p1a: Gholdengo|Gholdengo, tera:Fairy|74/100
|-damage|p1a: Gholdengo|62/100|[from] Stealth Rock
|move|p2a: Clodsire|Earthquake|p1a: Gholdengo
|-damage|p1a: Gholdengo|35/100
|
|upkeep
|turn|29
|
|t:|1743873099
|move|p1a: Gholdengo|Recover|p1a: Gholdengo
|-heal|p1a: Gholdengo|85/100
|move|p2a: Clodsire|Earthquake|p1a: Gholdengo
|-damage|p1a: Gholdengo|60/100
|
|upkeep
|turn|30
|
|t:|1743873107
|move|p1a: Gholdengo|Make It Rain|p2a: Clodsire
|-damage|p2a: Clodsire|43/100
|-unboost|p1a: Gholdengo|spa|1
|move|p2a: Clodsire|Earthquake|p1a: Gholdengo
|-damage|p1a: Gholdengo|33/100
|
|upkeep
|turn|31
|
|t:|1743873114
|move|p1a: Gholdengo|Recover|p1a: Gholdengo
|-heal|p1a: Gholdengo|83/100
|move|p2a: Clodsire|Recover|p2a: Clodsire
|-heal|p2a: Clodsire|93/100
|
|upkeep
|turn|32
|-message|tonyrayyy forfeited.
|
|win|54 insane rats
|raw|tonyrayyy's rating: 1815 &rarr; <strong>1791</strong><br />(-24 for losing)
|raw|54 insane rats's rating: 1745 &rarr; <strong>1769</strong><br />(+24 for winning)
|l|☆tonyrayyy
|player|p1|
|l|☆54 insane rats
|player|p2|
|l| iamfrhaan007
|l| BPLD
