|j|☆andy miloknockis
|j|☆tperz
|t:|1743788221
|gametype|singles
|player|p1|andy miloknockis|flannery|1363
|player|p2|tperz|burglar|1363
|teamsize|p1|6
|teamsize|p2|6
|gen|9
|tier|[Gen 9] OU
|rated|
|rule|HP Percentage Mod: HP is shown in percentages
|rule|Endless Battle Clause: Forcing endless battles is banned
|rule|Species Clause: Limit one of each Pokémon
|rule|OHKO Clause: OHKO moves are banned
|rule|Evasion Items Clause: Evasion items are banned
|rule|Evasion Moves Clause: Evasion moves are banned
|rule|Sleep Moves Clause: Sleep-inducing moves are banned
|clearpoke
|poke|p1|Scizor, F|
|poke|p1|Grafaiai, F|
|poke|p1|Gholdengo|
|poke|p1|Ting-Lu|
|poke|p1|Volcanion|
|poke|p1|Electivire, F|
|poke|p2|Kommo-o, F|
|poke|p2|Ninetales-Alola, M|
|poke|p2|Magnezone|
|poke|p2|Chandelure, F|
|poke|p2|Glimmora, M|
|poke|p2|Ursaluna, F|
|teampreview
|inactive|Battle timer is ON: inactive players will automatically lose when time's up. (requested by tperz)
|inactive|andy miloknockis has 120 seconds left.
|
|t:|1743788257
|start
|switch|p1a: Ting-Lu|Ting-Lu|100/100
|switch|p2a: Ursaluna|Ursaluna, F|100/100
|-ability|p1a: Ting-Lu|Vessel of Ruin
|turn|1
|
|t:|1743788261
|move|p2a: Ursaluna|Trailblaze|p1a: Ting-Lu
|-supereffective|p1a: Ting-Lu
|-damage|p1a: Ting-Lu|85/100
|-boost|p2a: Ursaluna|spe|1
|move|p1a: Ting-Lu|Stealth Rock|p2a: Ursaluna
|-sidestart|p2: tperz|move: Stealth Rock
|
|-status|p2a: Ursaluna|brn|[from] item: Flame Orb
|upkeep
|turn|2
|
|t:|1743788264
|move|p2a: Ursaluna|Facade|p1a: Ting-Lu
|-damage|p1a: Ting-Lu|37/100
|move|p1a: Ting-Lu|Whirlwind|p2a: Ursaluna
|drag|p2a: Glimmora|Glimmora, M|100/100
|-damage|p2a: Glimmora|88/100|[from] Stealth Rock
|
|-heal|p2a: Glimmora|94/100|[from] item: Black Sludge
|upkeep
|turn|3
|
|t:|1743788284
|switch|p1a: Gholdengo|Gholdengo|100/100
|-item|p1a: Gholdengo|Air Balloon
|move|p2a: Glimmora|Mortal Spin|p1a: Gholdengo
|-immune|p1a: Gholdengo
|
|-heal|p2a: Glimmora|100/100|[from] item: Black Sludge
|upkeep
|turn|4
|
|t:|1743788289
|switch|p2a: Magnezone|Magnezone|100/100
|-damage|p2a: Magnezone|94/100|[from] Stealth Rock
|move|p1a: Gholdengo|Make It Rain|p2a: Magnezone
|-resisted|p2a: Magnezone
|-damage|p2a: Magnezone|80/100
|-unboost|p1a: Gholdengo|spa|1
|
|upkeep
|turn|5
|
|t:|1743788298
|switch|p1a: Volcanion|Volcanion|100/100
|move|p2a: Magnezone|Thunderbolt|p1a: Volcanion
|-supereffective|p1a: Volcanion
|-damage|p1a: Volcanion|16/100
|
|upkeep
|turn|6
|
|t:|1743788302
|switch|p1a: Ting-Lu|Ting-Lu|37/100
|-ability|p1a: Ting-Lu|Vessel of Ruin
|move|p2a: Magnezone|Thunderbolt|p1a: Ting-Lu
|-immune|p1a: Ting-Lu
|
|upkeep
|turn|7
|
|t:|1743788310
|switch|p2a: Ursaluna|Ursaluna, F|100/100 brn
|-damage|p2a: Ursaluna|94/100 brn|[from] Stealth Rock
|move|p1a: Ting-Lu|Spikes|p2a: Ursaluna
|-sidestart|p2: tperz|Spikes
|
|-damage|p2a: Ursaluna|88/100 brn|[from] brn
|upkeep
|turn|8
|
|t:|1743788320
|move|p2a: Ursaluna|Trailblaze|p1a: Ting-Lu
|-supereffective|p1a: Ting-Lu
|-damage|p1a: Ting-Lu|13/100
|-boost|p2a: Ursaluna|spe|1
|move|p1a: Ting-Lu|Whirlwind|p2a: Ursaluna
|drag|p2a: Magnezone|Magnezone|80/100
|-damage|p2a: Magnezone|73/100|[from] Stealth Rock
|-damage|p2a: Magnezone|61/100|[from] Spikes
|
|upkeep
|turn|9
|
|t:|1743788328
|move|p2a: Magnezone|Body Press|p1a: Ting-Lu
|-supereffective|p1a: Ting-Lu
|-damage|p1a: Ting-Lu|0 fnt
|faint|p1a: Ting-Lu
|
|upkeep
|
|t:|1743788335
|switch|p1a: Gholdengo|Gholdengo|100/100
|-item|p1a: Gholdengo|Air Balloon
|turn|10
|
|t:|1743788339
|move|p2a: Magnezone|Thunderbolt|p1a: Gholdengo
|-damage|p1a: Gholdengo|61/100
|-enditem|p1a: Gholdengo|Air Balloon
|move|p1a: Gholdengo|Make It Rain|p2a: Magnezone
|-resisted|p2a: Magnezone
|-damage|p2a: Magnezone|47/100
|-unboost|p1a: Gholdengo|spa|1
|
|upkeep
|turn|11
|
|t:|1743788341
|move|p2a: Magnezone|Thunderbolt|p1a: Gholdengo
|-damage|p1a: Gholdengo|23/100
|move|p1a: Gholdengo|Recover|p1a: Gholdengo
|-heal|p1a: Gholdengo|73/100
|
|upkeep
|turn|12
|
|t:|1743788349
|move|p2a: Magnezone|Thunderbolt|p1a: Gholdengo
|-damage|p1a: Gholdengo|37/100
|-status|p1a: Gholdengo|par
|move|p1a: Gholdengo|Recover|p1a: Gholdengo
|-heal|p1a: Gholdengo|87/100 par
|
|upkeep
|turn|13
|
|t:|1743788352
|switch|p1a: Electivire|Electivire, F|100/100
|-item|p1a: Electivire|Air Balloon
|move|p2a: Magnezone|Thunderbolt|p1a: Electivire
|-ability|p1a: Electivire|Motor Drive|boost
|-boost|p1a: Electivire|spe|1
|
|upkeep
|turn|14
|
|t:|1743788357
|move|p1a: Electivire|Knock Off|p2a: Magnezone
|-damage|p2a: Magnezone|20/100
|-damage|p1a: Electivire|84/100|[from] item: Rocky Helmet|[of] p2a: Magnezone
|-enditem|p2a: Magnezone|Rocky Helmet|[from] move: Knock Off|[of] p1a: Electivire
|move|p2a: Magnezone|Iron Defense|p2a: Magnezone
|-boost|p2a: Magnezone|def|2
|
|upkeep
|turn|15
|
|t:|1743788362
|move|p1a: Electivire|Bulk Up|p1a: Electivire
|-boost|p1a: Electivire|atk|1
|-boost|p1a: Electivire|def|1
|move|p2a: Magnezone|Body Press|p1a: Electivire
|-damage|p1a: Electivire|25/100
|-enditem|p1a: Electivire|Air Balloon
|
|upkeep
|turn|16
|
|t:|1743788366
|move|p1a: Electivire|Knock Off|p2a: Magnezone
|-damage|p2a: Magnezone|6/100
|move|p2a: Magnezone|Body Press|p1a: Electivire
|-damage|p1a: Electivire|0 fnt
|faint|p1a: Electivire
|
|upkeep
|
|t:|1743788369
|switch|p1a: Grafaiai|Grafaiai, F|100/100
|turn|17
|
|t:|1743788373
|move|p1a: Grafaiai|Copycat|p1a: Grafaiai
|move|p1a: Grafaiai|Body Press|p2a: Magnezone|[from] move: Copycat
|-supereffective|p2a: Magnezone
|-crit|p2a: Magnezone
|-damage|p2a: Magnezone|0 fnt
|faint|p2a: Magnezone
|
|upkeep
|
|t:|1743788380
|switch|p2a: Glimmora|Glimmora, M|100/100
|-damage|p2a: Glimmora|88/100|[from] Stealth Rock
|-damage|p2a: Glimmora|76/100|[from] Spikes
|turn|18
|
|t:|1743788384
|switch|p1a: Gholdengo|Gholdengo|87/100 par
|move|p2a: Glimmora|Power Gem|p1a: Gholdengo
|-resisted|p1a: Gholdengo
|-damage|p1a: Gholdengo|67/100 par
|
|-heal|p2a: Glimmora|82/100|[from] item: Black Sludge
|upkeep
|turn|19
|
|t:|1743788390
|-terastallize|p2a: Glimmora|Steel
|move|p2a: Glimmora|Power Gem|p1a: Gholdengo
|-resisted|p1a: Gholdengo
|-damage|p1a: Gholdengo|45/100 par
|move|p1a: Gholdengo|Make It Rain|p2a: Glimmora
|-resisted|p2a: Glimmora
|-damage|p2a: Glimmora|53/100
|-unboost|p1a: Gholdengo|spa|1
|
|-damage|p2a: Glimmora|41/100|[from] item: Black Sludge
|upkeep
|turn|20
|
|t:|1743788410
|move|p2a: Glimmora|Power Gem|p1a: Gholdengo
|-resisted|p1a: Gholdengo
|-damage|p1a: Gholdengo|23/100 par
|move|p1a: Gholdengo|Thunder Wave|p2a: Glimmora
|-status|p2a: Glimmora|par
|
|-damage|p2a: Glimmora|28/100 par|[from] item: Black Sludge
|upkeep
|turn|21
|
|t:|1743788417
|move|p2a: Glimmora|Power Gem|p1a: Gholdengo
|-resisted|p1a: Gholdengo
|-damage|p1a: Gholdengo|1/100 par
|move|p1a: Gholdengo|Hex|p2a: Glimmora
|-damage|p2a: Glimmora|0 fnt
|faint|p2a: Glimmora
|
|upkeep
|
|t:|1743788423
|switch|p2a: Ninetales|Ninetales-Alola, M|100/100
|-damage|p2a: Ninetales|75/100|[from] Stealth Rock
|-damage|p2a: Ninetales|63/100|[from] Spikes
|-weather|Snowscape|[from] ability: Snow Warning|[of] p2a: Ninetales
|turn|22
|
|t:|1743788429
|switch|p1a: Grafaiai|Grafaiai, F|100/100
|move|p2a: Ninetales|Aurora Veil|p2a: Ninetales
|-sidestart|p2: tperz|move: Aurora Veil
|
|-weather|Snowscape|[upkeep]
|upkeep
|turn|23
|
|t:|1743788444
|switch|p2a: Ursaluna|Ursaluna, F|88/100 brn
|-damage|p2a: Ursaluna|82/100 brn|[from] Stealth Rock
|-damage|p2a: Ursaluna|69/100 brn|[from] Spikes
|move|p1a: Grafaiai|Encore||[still]
|-fail|p1a: Grafaiai
|
|-weather|Snowscape|[upkeep]
|-damage|p2a: Ursaluna|63/100 brn|[from] brn
|upkeep
|turn|24
|
|t:|1743788454
|move|p1a: Grafaiai|Low Sweep|p2a: Ursaluna
|-supereffective|p2a: Ursaluna
|-damage|p2a: Ursaluna|47/100 brn
|-unboost|p2a: Ursaluna|spe|1
|move|p2a: Ursaluna|Headlong Rush|p1a: Grafaiai
|-supereffective|p1a: Grafaiai
|-damage|p1a: Grafaiai|0 fnt
|-unboost|p2a: Ursaluna|def|1
|-unboost|p2a: Ursaluna|spd|1
|faint|p1a: Grafaiai
|
|-weather|Snowscape|[upkeep]
|-damage|p2a: Ursaluna|41/100 brn|[from] brn
|upkeep
|
|t:|1743788459
|switch|p1a: Volcanion|Volcanion|16/100
|turn|25
|
|t:|1743788464
|move|p1a: Volcanion|Steam Eruption|p2a: Ursaluna
|-supereffective|p2a: Ursaluna
|-damage|p2a: Ursaluna|0 fnt
|faint|p2a: Ursaluna
|
|-weather|Snowscape|[upkeep]
|upkeep
|
|t:|1743788473
|switch|p2a: Kommo-o|Kommo-o, F|100/100
|-damage|p2a: Kommo-o|94/100|[from] Stealth Rock
|-damage|p2a: Kommo-o|82/100|[from] Spikes
|turn|26
|
|t:|1743788478
|move|p2a: Kommo-o|Clangorous Soul|p2a: Kommo-o
|-boost|p2a: Kommo-o|atk|1
|-boost|p2a: Kommo-o|def|1
|-boost|p2a: Kommo-o|spa|1
|-boost|p2a: Kommo-o|spd|1
|-boost|p2a: Kommo-o|spe|1
|-damage|p2a: Kommo-o|49/100
|move|p1a: Volcanion|Roar|p2a: Kommo-o
|drag|p2a: Ninetales|Ninetales-Alola, M|63/100
|-damage|p2a: Ninetales|38/100|[from] Stealth Rock
|-damage|p2a: Ninetales|25/100|[from] Spikes
|
|-weather|none
|upkeep
|turn|27
|
|t:|1743788484
|move|p2a: Ninetales|Freeze-Dry|p1a: Volcanion
|-damage|p1a: Volcanion|0 fnt
|faint|p1a: Volcanion
|
|upkeep
|
|t:|1743788487
|switch|p1a: Scizor|Scizor, F|100/100
|turn|28
|
|t:|1743788491
|switch|p2a: Chandelure|Chandelure, F|100/100
|-damage|p2a: Chandelure|76/100|[from] Stealth Rock
|-damage|p2a: Chandelure|63/100|[from] Spikes
|move|p1a: Scizor|Bullet Punch|p2a: Chandelure
|-resisted|p2a: Chandelure
|-damage|p2a: Chandelure|48/100
|
|upkeep
|turn|29
|
|t:|1743788496
|switch|p1a: Gholdengo|Gholdengo|1/100 par
|move|p2a: Chandelure|Flamethrower|p1a: Gholdengo
|-supereffective|p1a: Gholdengo
|-damage|p1a: Gholdengo|0 fnt
|faint|p1a: Gholdengo
|
|-sideend|p2: tperz|move: Aurora Veil
|upkeep
|
|t:|1743788498
|switch|p1a: Scizor|Scizor, F|100/100
|turn|30
|
|t:|1743788502
|-terastallize|p1a: Scizor|Steel
|move|p1a: Scizor|Bullet Punch|p2a: Chandelure
|-resisted|p2a: Chandelure
|-damage|p2a: Chandelure|15/100
|move|p2a: Chandelure|Flamethrower|p1a: Scizor
|-supereffective|p1a: Scizor
|-damage|p1a: Scizor|0 fnt
|faint|p1a: Scizor
|
|win|tperz
|raw|andy miloknockis's rating: 1363 &rarr; <strong>1343</strong><br />(-20 for losing)
|raw|tperz's rating: 1363 &rarr; <strong>1383</strong><br />(+20 for winning)
|l|☆andy miloknockis
|player|p1|
|l|☆tperz
|player|p2|
