|j|☆sdfjisdiosdf
|j|☆Kielister
|t:|1743826697
|gametype|singles
|player|p1|sdfjisdiosdf|cheryl|1116
|player|p2|Kielister|266|1144
|teamsize|p1|6
|teamsize|p2|6
|gen|9
|tier|[Gen 9] OU
|rated|
|rule|HP Percentage Mod: HP is shown in percentages
|rule|Endless Battle Clause: Forcing endless battles is banned
|rule|Species Clause: Limit one of each Pokémon
|rule|OHKO Clause: OHKO moves are banned
|rule|Evasion Items Clause: Evasion items are banned
|rule|Evasion Moves Clause: Evasion moves are banned
|rule|Sleep Moves Clause: Sleep-inducing moves are banned
|clearpoke
|poke|p1|Hitmonlee, M|
|poke|p1|Polteageist-Antique|
|poke|p1|Greninja-*, M|
|poke|p1|Dragonite, F|
|poke|p1|Pecharunt|
|poke|p1|Iron Boulder|
|poke|p2|Darkrai|
|poke|p2|Samurott-Hisui, M|
|poke|p2|Latios, M|
|poke|p2|Pecharunt|
|poke|p2|Zamazenta-*|
|poke|p2|Landorus-Therian, M|
|teampreview
|inactive|Battle timer is ON: inactive players will automatically lose when time's up. (requested by Kielister)
|inactive|sdfjisdiosdf also wants the timer to be on.
|inactive|sdfjisdiosdf has 120 seconds left.
|
|t:|1743826739
|start
|switch|p1a: Dragonite|Dragonite, F|100/100
|switch|p2a: Groarrr|Landorus-Therian, M|100/100
|-ability|p2a: Groarrr|Intimidate|boost
|-unboost|p1a: Dragonite|atk|1
|turn|1
|
|t:|1743826758
|move|p2a: Groarrr|Stone Edge|p1a: Dragonite
|-supereffective|p1a: Dragonite
|-crit|p1a: Dragonite
|-damage|p1a: Dragonite|47/100
|-enditem|p1a: Dragonite|Weakness Policy
|-boost|p1a: Dragonite|atk|2|[from] item: Weakness Policy
|-boost|p1a: Dragonite|spa|2|[from] item: Weakness Policy
|move|p1a: Dragonite|Dragon Dance|p1a: Dragonite
|-boost|p1a: Dragonite|atk|1
|-boost|p1a: Dragonite|spe|1
|
|upkeep
|turn|2
|
|t:|1743826776
|move|p1a: Dragonite|Ice Spinner|p2a: Groarrr
|-supereffective|p2a: Groarrr
|-damage|p2a: Groarrr|0 fnt
|-damage|p1a: Dragonite|31/100|[from] item: Rocky Helmet|[of] p2a: Groarrr
|faint|p2a: Groarrr
|
|upkeep
|
|t:|1743826791
|switch|p2a: Kawa|Latios, M|100/100
|turn|3
|
|t:|1743826809
|-terastallize|p2a: Kawa|Steel
|move|p1a: Dragonite|Earthquake|p2a: Kawa
|-immune|p2a: Kawa|[from] ability: Levitate
|move|p2a: Kawa|Draco Meteor|p1a: Dragonite
|-supereffective|p1a: Dragonite
|-crit|p1a: Dragonite
|-damage|p1a: Dragonite|0 fnt
|-unboost|p2a: Kawa|spa|2
|faint|p1a: Dragonite
|
|upkeep
|
|t:|1743826824
|switch|p1a: Iron Boulder|Iron Boulder|100/100
|-enditem|p1a: Iron Boulder|Booster Energy
|-activate|p1a: Iron Boulder|ability: Quark Drive|[fromitem]
|-start|p1a: Iron Boulder|quarkdrivespe
|turn|4
|inactive|Kielister has 120 seconds left.
|
|t:|1743826852
|switch|p2a: Samurai|Samurott-Hisui, M|100/100
|move|p1a: Iron Boulder|Swords Dance|p1a: Iron Boulder
|-boost|p1a: Iron Boulder|atk|2
|
|upkeep
|turn|5
|inactive|Kielister has 120 seconds left.
|
|t:|1743826872
|-terastallize|p1a: Iron Boulder|Fighting
|move|p1a: Iron Boulder|Earthquake|p2a: Samurai
|-damage|p2a: Samurai|29/100
|move|p2a: Samurai|Ceaseless Edge|p1a: Iron Boulder
|-resisted|p1a: Iron Boulder
|-damage|p1a: Iron Boulder|73/100
|-sidestart|p1: sdfjisdiosdf|Spikes
|
|upkeep
|turn|6
|
|t:|1743826889
|switch|p2a: Kawa|Latios, M, tera:Steel|100/100
|move|p1a: Iron Boulder|Swords Dance|p1a: Iron Boulder
|-boost|p1a: Iron Boulder|atk|2
|
|upkeep
|turn|7
|
|t:|1743826895
|move|p1a: Iron Boulder|Close Combat|p2a: Kawa
|-supereffective|p2a: Kawa
|-damage|p2a: Kawa|0 fnt
|-unboost|p1a: Iron Boulder|def|1
|-unboost|p1a: Iron Boulder|spd|1
|faint|p2a: Kawa
|
|upkeep
|
|t:|1743826905
|switch|p2a: Pêche pas mignonne|Pecharunt|100/100
|turn|8
|
|t:|1743826918
|move|p1a: Iron Boulder|Earthquake|p2a: Pêche pas mignonne
|-supereffective|p2a: Pêche pas mignonne
|-damage|p2a: Pêche pas mignonne|7/100
|move|p2a: Pêche pas mignonne|Malignant Chain|p1a: Iron Boulder
|-damage|p1a: Iron Boulder|29/100
|-status|p1a: Iron Boulder|tox
|-start|p1a: Iron Boulder|confusion|[from] ability: Poison Puppeteer|[of] p2a: Pêche pas mignonne
|
|-damage|p1a: Iron Boulder|23/100 tox|[from] psn
|upkeep
|turn|9
|
|t:|1743826930
|-activate|p1a: Iron Boulder|confusion
|move|p1a: Iron Boulder|Mighty Cleave|p2a: Pêche pas mignonne
|-damage|p2a: Pêche pas mignonne|0 fnt
|faint|p2a: Pêche pas mignonne
|
|-damage|p1a: Iron Boulder|10/100 tox|[from] psn
|upkeep
|
|t:|1743826936
|switch|p2a: Samurai|Samurott-Hisui, M|29/100
|turn|10
|
|t:|1743826940
|move|p2a: Samurai|Aqua Jet|p1a: Iron Boulder
|-damage|p1a: Iron Boulder|0 fnt
|faint|p1a: Iron Boulder
|-end|p1a: Iron Boulder|Quark Drive|[silent]
|
|upkeep
|
|t:|1743826954
|switch|p1a: Pecharunt|Pecharunt|100/100
|-damage|p1a: Pecharunt|88/100|[from] Spikes
|turn|11
|
|t:|1743826966
|move|p2a: Samurai|Ceaseless Edge|p1a: Pecharunt
|-supereffective|p1a: Pecharunt
|-damage|p1a: Pecharunt|40/100
|-sidestart|p1: sdfjisdiosdf|Spikes
|move|p1a: Pecharunt|Malignant Chain|p2a: Samurai
|-damage|p2a: Samurai|0 fnt
|faint|p2a: Samurai
|
|-heal|p1a: Pecharunt|46/100|[from] item: Leftovers
|upkeep
|
|t:|1743826974
|switch|p2a: Dédé|Darkrai|100/100
|turn|12
|
|t:|1743826988
|move|p2a: Dédé|Dark Pulse|p1a: Pecharunt
|-supereffective|p1a: Pecharunt
|-damage|p1a: Pecharunt|0 fnt
|faint|p1a: Pecharunt
|
|upkeep
|
|t:|1743827001
|switch|p1a: Greninja|Greninja, M|100/100
|-damage|p1a: Greninja|84/100|[from] Spikes
|turn|13
|
|t:|1743827010
|switch|p2a: El tank|Zamazenta|100/100
|-ability|p2a: El tank|Dauntless Shield|boost
|-boost|p2a: El tank|def|1
|move|p1a: Greninja|Hydro Pump|p2a: El tank|[miss]
|-miss|p1a: Greninja|p2a: El tank
|
|upkeep
|turn|14
|inactive|Kielister has 120 seconds left.
|
|t:|1743827043
|switch|p1a: Polteageist|Polteageist-Antique|100/100
|-damage|p1a: Polteageist|84/100|[from] Spikes
|move|p2a: El tank|Heavy Slam|p1a: Polteageist
|-damage|p1a: Polteageist|16/100
|-ability|p1a: Polteageist|Weak Armor|boost
|-unboost|p1a: Polteageist|def|1
|-boost|p1a: Polteageist|spe|2
|
|upkeep
|turn|15
|inactive|Kielister has 120 seconds left.
|
|t:|1743827055
|move|p1a: Polteageist|Stored Power|p2a: El tank
|-supereffective|p2a: El tank
|-damage|p2a: El tank|61/100
|move|p2a: El tank|Heavy Slam|p1a: Polteageist
|-damage|p1a: Polteageist|0 fnt
|faint|p1a: Polteageist
|
|upkeep
|
|t:|1743827062
|switch|p1a: Hitmonlee|Hitmonlee, M|100/100
|-damage|p1a: Hitmonlee|84/100|[from] Spikes
|turn|16
|inactive|Kielister has 120 seconds left.
|
|t:|1743827080
|move|p1a: Hitmonlee|Endure|p1a: Hitmonlee
|-singleturn|p1a: Hitmonlee|move: Endure
|move|p2a: El tank|Heavy Slam|p1a: Hitmonlee
|-damage|p1a: Hitmonlee|3/100
|-enditem|p1a: Hitmonlee|Liechi Berry|[eat]
|-boost|p1a: Hitmonlee|atk|1|[from] item: Liechi Berry
|
|upkeep
|turn|17
|inactive|Kielister has 120 seconds left.
|
|t:|1743827090
|move|p1a: Hitmonlee|Reversal|p2a: El tank
|-damage|p2a: El tank|0 fnt
|faint|p2a: El tank
|
|upkeep
|
|t:|1743827092
|switch|p2a: Dédé|Darkrai|100/100
|turn|18
|
|t:|1743827098
|move|p1a: Hitmonlee|Reversal|p2a: Dédé
|-supereffective|p2a: Dédé
|-damage|p2a: Dédé|0 fnt
|faint|p2a: Dédé
|
|win|sdfjisdiosdf
|raw|sdfjisdiosdf's rating: 1116 &rarr; <strong>1143</strong><br />(+27 for winning)
|raw|Kielister's rating: 1144 &rarr; <strong>1117</strong><br />(-27 for losing)
|l|☆sdfjisdiosdf
|player|p1|
|l|☆Kielister
|player|p2|
