|j|☆AlphaOnDc
|j|☆CarrotStix
|t:|1743915676
|gametype|singles
|player|p1|AlphaOnDc|dawn|1227
|player|p2|CarrotStix|plasmagruntf-gen5bw|1276
|teamsize|p1|6
|teamsize|p2|6
|gen|9
|tier|[Gen 9] OU
|rated|
|rule|HP Percentage Mod: HP is shown in percentages
|rule|Endless Battle Clause: Forcing endless battles is banned
|rule|Species Clause: Limit one of each Pokémon
|rule|OHKO Clause: OHKO moves are banned
|rule|Evasion Items Clause: Evasion items are banned
|rule|Evasion Moves Clause: Evasion moves are banned
|rule|Sleep Moves Clause: Sleep-inducing moves are banned
|clearpoke
|poke|p1|Quaquaval, F|
|poke|p1|Clodsire, M|
|poke|p1|Corviknight, F|
|poke|p1|Iron Valiant|
|poke|p1|Zapdos|
|poke|p1|Garganacl, F|
|poke|p2|Ninetales-Alola, M|
|poke|p2|Enamorus, F|
|poke|p2|Avalugg, F|
|poke|p2|Hatterene, F|
|poke|p2|Cinderace, M|
|poke|p2|Iron Treads|
|teampreview
|
|t:|1743915681
|start
|switch|p1a: Garganacl|Garganacl, F|100/100
|switch|p2a: Ninetales|Ninetales-Alola, M|100/100
|-weather|Snowscape|[from] ability: Snow Warning|[of] p2a: Ninetales
|turn|1
|
|t:|1743915690
|move|p2a: Ninetales|Aurora Veil|p2a: Ninetales
|-sidestart|p2: CarrotStix|move: Aurora Veil
|move|p1a: Garganacl|Salt Cure|p2a: Ninetales
|-supereffective|p2a: Ninetales
|-damage|p2a: Ninetales|86/100
|-start|p2a: Ninetales|Salt Cure
|
|-weather|Snowscape|[upkeep]
|-damage|p2a: Ninetales|74/100|[from] Salt Cure
|upkeep
|turn|2
|
|t:|1743915699
|move|p2a: Ninetales|Moonblast|p1a: Garganacl
|-damage|p1a: Garganacl|65/100
|move|p1a: Garganacl|Stealth Rock|p2a: Ninetales
|-sidestart|p2: CarrotStix|move: Stealth Rock
|
|-weather|Snowscape|[upkeep]
|-heal|p1a: Garganacl|72/100|[from] item: Leftovers
|-damage|p2a: Ninetales|61/100|[from] Salt Cure
|upkeep
|turn|3
|
|t:|1743915709
|switch|p2a: Iron Treads|Iron Treads|100/100
|-damage|p2a: Iron Treads|98/100|[from] Stealth Rock
|move|p1a: Garganacl|Salt Cure|p2a: Iron Treads
|-resisted|p2a: Iron Treads
|-crit|p2a: Iron Treads
|-damage|p2a: Iron Treads|93/100
|-start|p2a: Iron Treads|Salt Cure
|
|-weather|Snowscape|[upkeep]
|-heal|p1a: Garganacl|78/100|[from] item: Leftovers
|-damage|p2a: Iron Treads|69/100|[from] Salt Cure
|upkeep
|turn|4
|
|t:|1743915722
|move|p1a: Garganacl|Protect|p1a: Garganacl
|-singleturn|p1a: Garganacl|Protect
|move|p2a: Iron Treads|Stealth Rock|p1a: Garganacl
|-sidestart|p1: AlphaOnDc|move: Stealth Rock
|
|-weather|Snowscape|[upkeep]
|-heal|p1a: Garganacl|84/100|[from] item: Leftovers
|-damage|p2a: Iron Treads|44/100|[from] Salt Cure
|upkeep
|turn|5
|
|t:|1743915733
|move|p2a: Iron Treads|Rapid Spin|p1a: Garganacl
|-resisted|p1a: Garganacl
|-damage|p1a: Garganacl|79/100
|-boost|p2a: Iron Treads|spe|1
|-sideend|p2: CarrotStix|Stealth Rock|[from] move: Rapid Spin|[of] p2a: Iron Treads
|-damage|p2a: Iron Treads|34/100|[from] item: Life Orb
|move|p1a: Garganacl|Recover|p1a: Garganacl
|-heal|p1a: Garganacl|100/100
|
|-weather|none
|-damage|p2a: Iron Treads|9/100|[from] Salt Cure
|upkeep
|turn|6
|
|t:|1743915747
|-end|p2a: Iron Treads|Quark Drive|[silent]
|switch|p2a: Hatterene|Hatterene, F|100/100
|move|p1a: Garganacl|Protect||[still]
|-fail|p1a: Garganacl
|
|upkeep
|turn|7
|
|t:|1743915754
|move|p1a: Garganacl|Stealth Rock|p2a: Hatterene
|move|p2a: Hatterene|Stealth Rock||[from] ability: Magic Bounce|[still]
|-fail|p2a: Hatterene
|move|p2a: Hatterene|Future Sight|p1a: Garganacl
|-start|p2a: Hatterene|move: Future Sight
|
|upkeep
|turn|8
|
|t:|1743915759
|move|p1a: Garganacl|Salt Cure|p2a: Hatterene
|-damage|p2a: Hatterene|92/100
|-start|p2a: Hatterene|Salt Cure
|move|p2a: Hatterene|Dazzling Gleam|p1a: Garganacl
|-damage|p1a: Garganacl|43/100
|-damage|p2a: Hatterene|82/100|[from] item: Life Orb
|
|-heal|p1a: Garganacl|49/100|[from] item: Leftovers
|-damage|p2a: Hatterene|70/100|[from] Salt Cure
|-sideend|p2: CarrotStix|move: Aurora Veil
|upkeep
|turn|9
|
|t:|1743915772
|move|p1a: Garganacl|Protect|p1a: Garganacl
|-singleturn|p1a: Garganacl|Protect
|move|p2a: Hatterene|Dazzling Gleam|p1a: Garganacl
|-activate|p1a: Garganacl|move: Protect
|
|-end|p1a: Garganacl|move: Future Sight
|-damage|p1a: Garganacl|0 fnt
|faint|p1a: Garganacl
|-damage|p2a: Hatterene|60/100|[from] item: Life Orb
|-damage|p2a: Hatterene|48/100|[from] Salt Cure
|upkeep
|
|t:|1743915788
|switch|p1a: Quaquaval|Quaquaval, F|100/100
|-damage|p1a: Quaquaval|94/100|[from] Stealth Rock
|-item|p1a: Quaquaval|Air Balloon
|turn|10
|
|t:|1743915810
|switch|p2a: Avalugg|Avalugg, F|100/100
|-terastallize|p1a: Quaquaval|Poison
|move|p1a: Quaquaval|Aqua Step|p2a: Avalugg
|-damage|p2a: Avalugg|79/100
|-boost|p1a: Quaquaval|spe|1
|
|upkeep
|turn|11
|
|t:|1743915820
|move|p1a: Quaquaval|Close Combat|p2a: Avalugg
|-supereffective|p2a: Avalugg
|-damage|p2a: Avalugg|10/100
|-unboost|p1a: Quaquaval|def|1
|-unboost|p1a: Quaquaval|spd|1
|move|p2a: Avalugg|Ice Spinner|p1a: Quaquaval
|-damage|p1a: Quaquaval|8/100
|-enditem|p1a: Quaquaval|Air Balloon
|
|upkeep
|turn|12
|-enditem|p2a: Avalugg|Custap Berry|[eat]
|-activate|p2a: Avalugg|item: Custap Berry|[consumed]
|
|t:|1743915831
|move|p2a: Avalugg|Earthquake|p1a: Quaquaval
|-supereffective|p1a: Quaquaval
|-damage|p1a: Quaquaval|0 fnt
|faint|p1a: Quaquaval
|
|upkeep
|
|t:|1743915840
|switch|p1a: Zapdos|Zapdos|100/100
|-damage|p1a: Zapdos|76/100|[from] Stealth Rock
|turn|13
|
|t:|1743915846
|move|p1a: Zapdos|Tailwind|p1a: Zapdos
|-sidestart|p1: AlphaOnDc|move: Tailwind
|move|p2a: Avalugg|Ice Spinner|p1a: Zapdos
|-supereffective|p1a: Zapdos
|-damage|p1a: Zapdos|0 fnt
|faint|p1a: Zapdos
|
|upkeep
|
|t:|1743915856
|switch|p1a: Iron Valiant|Iron Valiant|100/100
|-damage|p1a: Iron Valiant|94/100|[from] Stealth Rock
|-enditem|p1a: Iron Valiant|Booster Energy
|-activate|p1a: Iron Valiant|ability: Quark Drive|[fromitem]
|-start|p1a: Iron Valiant|quarkdrivespe
|turn|14
|
|t:|1743915865
|move|p1a: Iron Valiant|Moonblast|p2a: Avalugg
|-crit|p2a: Avalugg
|-damage|p2a: Avalugg|0 fnt
|faint|p2a: Avalugg
|
|upkeep
|
|t:|1743915880
|switch|p2a: Ninetales|Ninetales-Alola, M|61/100
|-weather|Snowscape|[from] ability: Snow Warning|[of] p2a: Ninetales
|turn|15
|
|t:|1743915888
|move|p1a: Iron Valiant|Moonblast|p2a: Ninetales
|-damage|p2a: Ninetales|5/100
|move|p2a: Ninetales|Aurora Veil|p2a: Ninetales
|-sidestart|p2: CarrotStix|move: Aurora Veil
|
|-weather|Snowscape|[upkeep]
|upkeep
|turn|16
|
|t:|1743915895
|move|p1a: Iron Valiant|Moonblast|p2a: Ninetales
|-damage|p2a: Ninetales|0 fnt
|faint|p2a: Ninetales
|
|-weather|Snowscape|[upkeep]
|-sideend|p1: AlphaOnDc|move: Tailwind
|upkeep
|
|t:|1743915902
|switch|p2a: Cinderace|Cinderace, M|100/100
|turn|17
|
|t:|1743915912
|-end|p1a: Iron Valiant|Quark Drive|[silent]
|switch|p1a: Clodsire|Clodsire, M, shiny|100/100
|-damage|p1a: Clodsire|94/100|[from] Stealth Rock
|move|p2a: Cinderace|Gunk Shot|p1a: Clodsire
|-start|p2a: Cinderace|typechange|Poison|[from] ability: Libero
|-resisted|p1a: Clodsire
|-damage|p1a: Clodsire|83/100
|
|-weather|Snowscape|[upkeep]
|-heal|p1a: Clodsire|90/100|[from] item: Leftovers
|upkeep
|turn|18
|
|t:|1743915924
|move|p2a: Cinderace|U-turn|p1a: Clodsire
|-resisted|p1a: Clodsire
|-damage|p1a: Clodsire|80/100
|
|t:|1743915928
|switch|p2a: Iron Treads|Iron Treads|9/100|[from] U-turn
|move|p1a: Clodsire|Toxic Spikes|p2a: Iron Treads
|-sidestart|p2: CarrotStix|move: Toxic Spikes
|
|-weather|Snowscape|[upkeep]
|-heal|p1a: Clodsire|86/100|[from] item: Leftovers
|upkeep
|turn|19
|
|t:|1743915941
|move|p2a: Iron Treads|Earthquake|p1a: Clodsire
|-supereffective|p1a: Clodsire
|-damage|p1a: Clodsire|0 fnt
|faint|p1a: Clodsire
|-damage|p2a: Iron Treads|0 fnt|[from] item: Life Orb
|faint|p2a: Iron Treads
|-end|p2a: Iron Treads|Quark Drive|[silent]
|
|-weather|none
|upkeep
|
|t:|1743915954
|switch|p2a: Cinderace|Cinderace, M|100/100
|switch|p1a: Iron Valiant|Iron Valiant|94/100
|-status|p2a: Cinderace|psn
|-damage|p1a: Iron Valiant|88/100|[from] Stealth Rock
|turn|20
|
|t:|1743915963
|move|p2a: Cinderace|Pyro Ball|p1a: Iron Valiant
|-damage|p1a: Iron Valiant|15/100
|move|p1a: Iron Valiant|Moonblast|p2a: Cinderace
|-resisted|p2a: Cinderace
|-damage|p2a: Cinderace|90/100 psn
|
|-damage|p2a: Cinderace|78/100 psn|[from] psn
|upkeep
|turn|21
|
|t:|1743915973
|move|p2a: Cinderace|Pyro Ball|p1a: Iron Valiant
|-damage|p1a: Iron Valiant|0 fnt
|faint|p1a: Iron Valiant
|-end|p1a: Iron Valiant|Quark Drive|[silent]
|
|-damage|p2a: Cinderace|65/100 psn|[from] psn
|upkeep
|
|t:|1743915979
|switch|p1a: Corviknight|Corviknight, F|100/100
|-damage|p1a: Corviknight|88/100|[from] Stealth Rock
|turn|22
|
|t:|1743915988
|move|p2a: Cinderace|Pyro Ball|p1a: Corviknight
|-supereffective|p1a: Corviknight
|-damage|p1a: Corviknight|10/100
|move|p1a: Corviknight|Iron Defense|p1a: Corviknight
|-boost|p1a: Corviknight|def|2
|
|-heal|p1a: Corviknight|16/100|[from] item: Leftovers
|-damage|p2a: Cinderace|53/100 psn|[from] psn
|-sideend|p2: CarrotStix|move: Aurora Veil
|upkeep
|turn|23
|-message|AlphaOnDc forfeited.
|
|win|CarrotStix
|raw|AlphaOnDc's rating: 1227 &rarr; <strong>1206</strong><br />(-21 for losing)
|raw|CarrotStix's rating: 1276 &rarr; <strong>1297</strong><br />(+21 for winning)
|l|☆AlphaOnDc
|player|p1|
|l|☆CarrotStix
|player|p2|
