|j|☆NOOB_2010
|j|☆Lildankstar
|t:|1743886890
|gametype|singles
|player|p1|NOOB_2010|swimmerf|1170
|player|p2|Lildankstar|mars|1141
|teamsize|p1|6
|teamsize|p2|6
|gen|9
|tier|[Gen 9] OU
|rated|
|rule|HP Percentage Mod: HP is shown in percentages
|rule|Endless Battle Clause: Forcing endless battles is banned
|rule|Species Clause: Limit one of each Pokémon
|rule|OHKO Clause: OHKO moves are banned
|rule|Evasion Items Clause: Evasion items are banned
|rule|Evasion Moves Clause: Evasion moves are banned
|rule|Sleep Moves Clause: Sleep-inducing moves are banned
|clearpoke
|poke|p1|Electrode-Hisui|
|poke|p1|Poliwrath, M|
|poke|p1|Kilowattrel, F|
|poke|p1|Smeargle, F|
|poke|p1|Houndoom, M|
|poke|p1|Skarmory, F|
|poke|p2|Araquanid, F|
|poke|p2|Kyurem|
|poke|p2|Gholdengo|
|poke|p2|Great Tusk|
|poke|p2|Weavile, M|
|poke|p2|Iron Moth|
|teampreview
|inactive|Battle timer is ON: inactive players will automatically lose when time's up. (requested by Lildankstar)
|
|t:|1743886911
|start
|switch|p1a: Smeargle|Smeargle, F|100/100
|switch|p2a: Araquanid|Araquanid, F, shiny|100/100
|turn|1
|
|t:|1743886920
|move|p1a: Smeargle|Sticky Web|p2a: Araquanid
|-sidestart|p2: Lildankstar|move: Sticky Web
|move|p2a: Araquanid|Sticky Web|p1a: Smeargle
|-sidestart|p1: NOOB_2010|move: Sticky Web
|
|upkeep
|turn|2
|
|t:|1743886927
|move|p1a: Smeargle|Stone Axe|p2a: Araquanid
|-supereffective|p2a: Araquanid
|-damage|p2a: Araquanid|81/100
|-sidestart|p2: Lildankstar|move: Stealth Rock
|move|p2a: Araquanid|Surf|p1a: Smeargle
|-enditem|p1a: Smeargle|Focus Sash
|-damage|p1a: Smeargle|1/100
|
|upkeep
|turn|3
|
|t:|1743886933
|move|p1a: Smeargle|Ceaseless Edge|p2a: Araquanid
|-damage|p2a: Araquanid|72/100
|-sidestart|p2: Lildankstar|Spikes
|move|p2a: Araquanid|Surf|p1a: Smeargle
|-damage|p1a: Smeargle|0 fnt
|faint|p1a: Smeargle
|
|upkeep
|
|t:|1743886938
|switch|p1a: Kilowattrel|Kilowattrel, F|100/100
|turn|4
|
|t:|1743886944
|move|p1a: Kilowattrel|Tailwind|p1a: Kilowattrel
|-sidestart|p1: NOOB_2010|move: Tailwind
|-start|p1a: Kilowattrel|Charge|Tailwind|[from] ability: Wind Power
|move|p2a: Araquanid|Surf|p1a: Kilowattrel
|-damage|p1a: Kilowattrel|3/100
|
|upkeep
|turn|5
|
|t:|1743886952
|move|p2a: Araquanid|Endure|p2a: Araquanid
|-singleturn|p2a: Araquanid|move: Endure
|move|p1a: Kilowattrel|Air Slash|p2a: Araquanid
|-supereffective|p2a: Araquanid
|-damage|p2a: Araquanid|7/100
|-damage|p1a: Kilowattrel|0 fnt|[from] item: Life Orb
|faint|p1a: Kilowattrel
|
|upkeep
|
|t:|1743886961
|switch|p1a: Poliwrath|Poliwrath, M|100/100
|-activate|p1a: Poliwrath|move: Sticky Web
|-unboost|p1a: Poliwrath|spe|1
|turn|6
|-enditem|p2a: Araquanid|Custap Berry|[eat]
|-activate|p2a: Araquanid|item: Custap Berry|[consumed]
|
|t:|1743886967
|move|p2a: Araquanid|Endeavor|p1a: Poliwrath
|-damage|p1a: Poliwrath|7/100
|move|p1a: Poliwrath|Bulk Up|p1a: Poliwrath
|-boost|p1a: Poliwrath|atk|1
|-boost|p1a: Poliwrath|def|1
|
|-heal|p1a: Poliwrath|13/100|[from] item: Leftovers
|upkeep
|turn|7
|
|t:|1743886978
|move|p1a: Poliwrath|Liquidation|p2a: Araquanid
|-resisted|p2a: Araquanid
|-damage|p2a: Araquanid|0 fnt
|faint|p2a: Araquanid
|
|-heal|p1a: Poliwrath|19/100|[from] item: Leftovers
|-sideend|p1: NOOB_2010|move: Tailwind
|upkeep
|
|t:|1743886983
|switch|p2a: Great Tusk|Great Tusk|100/100
|turn|8
|
|t:|1743886991
|move|p2a: Great Tusk|Rapid Spin|p1a: Poliwrath
|-damage|p1a: Poliwrath|7/100
|-boost|p2a: Great Tusk|spe|1
|-sideend|p2: Lildankstar|Spikes|[from] move: Rapid Spin|[of] p2a: Great Tusk
|-sideend|p2: Lildankstar|Stealth Rock|[from] move: Rapid Spin|[of] p2a: Great Tusk
|-sideend|p2: Lildankstar|Sticky Web|[from] move: Rapid Spin|[of] p2a: Great Tusk
|move|p1a: Poliwrath|Liquidation|p2a: Great Tusk
|-supereffective|p2a: Great Tusk
|-damage|p2a: Great Tusk|17/100
|-unboost|p2a: Great Tusk|def|1
|
|-heal|p1a: Poliwrath|13/100|[from] item: Leftovers
|upkeep
|turn|9
|
|t:|1743886998
|move|p2a: Great Tusk|Headlong Rush|p1a: Poliwrath
|-damage|p1a: Poliwrath|0 fnt
|-unboost|p2a: Great Tusk|def|1
|-unboost|p2a: Great Tusk|spd|1
|faint|p1a: Poliwrath
|
|upkeep
|
|t:|1743887000
|switch|p1a: Skarmory|Skarmory, F|100/100
|turn|10
|
|t:|1743887003
|move|p2a: Great Tusk|Knock Off|p1a: Skarmory
|-damage|p1a: Skarmory|73/100
|-ability|p1a: Skarmory|Weak Armor|boost
|-unboost|p1a: Skarmory|def|1
|-boost|p1a: Skarmory|spe|2
|-enditem|p1a: Skarmory|Leftovers|[from] move: Knock Off|[of] p2a: Great Tusk
|move|p1a: Skarmory|Swords Dance|p1a: Skarmory
|-boost|p1a: Skarmory|atk|2
|
|upkeep
|turn|11
|
|t:|1743887012
|move|p2a: Great Tusk|Ice Spinner|p1a: Skarmory
|-damage|p1a: Skarmory|35/100
|-ability|p1a: Skarmory|Weak Armor|boost
|-unboost|p1a: Skarmory|def|1
|-boost|p1a: Skarmory|spe|2
|move|p1a: Skarmory|Drill Run|p2a: Great Tusk
|-damage|p2a: Great Tusk|0 fnt
|faint|p2a: Great Tusk
|-end|p2a: Great Tusk|Protosynthesis|[silent]
|
|upkeep
|
|t:|1743887017
|switch|p2a: Kyurem|Kyurem, shiny|100/100
|-ability|p2a: Kyurem|Pressure
|turn|12
|
|t:|1743887024
|move|p1a: Skarmory|Iron Head|p2a: Kyurem
|-supereffective|p2a: Kyurem
|-damage|p2a: Kyurem|0 fnt
|faint|p2a: Kyurem
|
|upkeep
|
|t:|1743887027
|switch|p2a: Iron Moth|Iron Moth|100/100
|-enditem|p2a: Iron Moth|Booster Energy
|-activate|p2a: Iron Moth|ability: Quark Drive|[fromitem]
|-start|p2a: Iron Moth|quarkdrivespa
|turn|13
|
|t:|1743887030
|move|p1a: Skarmory|Drill Run|p2a: Iron Moth
|-supereffective|p2a: Iron Moth
|-damage|p2a: Iron Moth|0 fnt
|faint|p2a: Iron Moth
|-end|p2a: Iron Moth|Quark Drive|[silent]
|
|upkeep
|
|t:|1743887033
|switch|p2a: Weavile|Weavile, M, shiny|100/100
|turn|14
|
|t:|1743887038
|move|p2a: Weavile|Ice Shard|p1a: Skarmory
|-damage|p1a: Skarmory|0 fnt
|faint|p1a: Skarmory
|
|upkeep
|
|t:|1743887042
|switch|p1a: Houndoom|Houndoom, M|100/100
|-activate|p1a: Houndoom|move: Sticky Web
|-unboost|p1a: Houndoom|spe|1
|turn|15
|
|t:|1743887057
|move|p2a: Weavile|Triple Axel|p1a: Houndoom
|-resisted|p1a: Houndoom
|-damage|p1a: Houndoom|90/100
|-resisted|p1a: Houndoom
|-crit|p1a: Houndoom
|-damage|p1a: Houndoom|63/100
|-hitcount|p1a: Houndoom|2
|move|p1a: Houndoom|Inferno|p2a: Weavile|[miss]
|-miss|p1a: Houndoom|p2a: Weavile
|-enditem|p1a: Houndoom|Blunder Policy
|-boost|p1a: Houndoom|spe|2
|
|upkeep
|turn|16
|
|t:|1743887081
|move|p2a: Weavile|Triple Axel|p1a: Houndoom
|-resisted|p1a: Houndoom
|-damage|p1a: Houndoom|51/100
|-resisted|p1a: Houndoom
|-damage|p1a: Houndoom|33/100
|-resisted|p1a: Houndoom
|-damage|p1a: Houndoom|0 fnt
|faint|p1a: Houndoom
|-hitcount|p1: Houndoom|3
|
|upkeep
|
|t:|1743887084
|switch|p1a: Electrode|Electrode-Hisui|100/100
|-activate|p1a: Electrode|move: Sticky Web
|-unboost|p1a: Electrode|spe|1
|turn|17
|l|☆Lildankstar
|inactive|Lildankstar disconnected and has a minute to reconnect!
|player|p2|
|inactive|Lildankstar has 30 seconds to reconnect!
|inactive|Lildankstar has 20 seconds to reconnect!
|inactive|Lildankstar has 15 seconds to reconnect!
|inactive|Lildankstar has 10 seconds to reconnect!
|inactive|Lildankstar has 5 seconds to reconnect!
|-message|Lildankstar lost due to inactivity.
|
|win|NOOB_2010
|raw|NOOB_2010's rating: 1170 &rarr; <strong>1193</strong><br />(+23 for winning)
|raw|Lildankstar's rating: 1141 &rarr; <strong>1118</strong><br />(-23 for losing)
|l|☆NOOB_2010
|player|p1|
|j|☆Lildankstar
|player|p2|Lildankstar|mars|
|l|☆Lildankstar
|player|p2|
|j|☆Lildankstar
|player|p2|Lildankstar|mars|
|l|☆Lildankstar
|player|p2|
