|j|☆yeewo寄王
|j|☆Sk1tt3n
|t:|1743895779
|gametype|singles
|player|p1|yeewo寄王|169|1500
|player|p2|Sk1tt3n|hexmaniac-gen6|1523
|teamsize|p1|6
|teamsize|p2|6
|gen|9
|tier|[Gen 9] OU
|rated|
|rule|HP Percentage Mod: HP is shown in percentages
|rule|Endless Battle Clause: Forcing endless battles is banned
|rule|Species Clause: Limit one of each Pokémon
|rule|OHKO Clause: OHKO moves are banned
|rule|Evasion Items Clause: Evasion items are banned
|rule|Evasion Moves Clause: Evasion moves are banned
|rule|Sleep Moves Clause: Sleep-inducing moves are banned
|clearpoke
|poke|p1|Pecharunt|
|poke|p1|Cinderace, F|
|poke|p1|Iron Valiant|
|poke|p1|Kingambit, M|
|poke|p1|Alomomola, M|
|poke|p1|Kyurem|
|poke|p2|Lokix, M|
|poke|p2|Hoopa-Unbound|
|poke|p2|Alomomola, F|
|poke|p2|Corviknight, F|
|poke|p2|Great Tusk|
|poke|p2|Dragapult, M|
|teampreview
|inactive|Battle timer is ON: inactive players will automatically lose when time's up. (requested by yeewo寄王)
|
|t:|1743895796
|start
|switch|p1a: Cinderace|Cinderace, F|100/100
|switch|p2a: Beyoncé|Hoopa-Unbound|100/100
|turn|1
|
|t:|1743895802
|switch|p2a: B.o.B.|Alomomola, F|100/100
|move|p1a: Cinderace|U-turn|p2a: B.o.B.
|-start|p1a: Cinderace|typechange|Bug|[from] ability: Libero
|-damage|p2a: B.o.B.|76/100
|-damage|p1a: Cinderace|84/100|[from] item: Rocky Helmet|[of] p2a: B.o.B.
|
|t:|1743895805
|switch|p1a: Kyurem|Kyurem|100/100|[from] U-turn
|-ability|p1a: Kyurem|Pressure
|
|upkeep
|turn|2
|
|t:|1743895810
|switch|p2a: Beyoncé|Hoopa-Unbound|100/100
|move|p1a: Kyurem|Freeze-Dry|p2a: Beyoncé
|-damage|p2a: Beyoncé|72/100
|
|upkeep
|turn|3
|
|t:|1743895817
|switch|p1a: Alomomola|Alomomola, M|100/100
|move|p2a: Beyoncé|Knock Off|p1a: Alomomola
|-damage|p1a: Alomomola|69/100
|-enditem|p1a: Alomomola|Heavy-Duty Boots|[from] move: Knock Off|[of] p2a: Beyoncé
|
|upkeep
|turn|4
|
|t:|1743895822
|move|p2a: Beyoncé|Thunderbolt|p1a: Alomomola
|-supereffective|p1a: Alomomola
|-damage|p1a: Alomomola|4/100
|move|p1a: Alomomola|Wish|p1a: Alomomola
|
|upkeep
|turn|5
|
|t:|1743895834
|move|p1a: Alomomola|Protect|p1a: Alomomola
|-singleturn|p1a: Alomomola|Protect
|move|p2a: Beyoncé|Psychic Noise|p1a: Alomomola
|-activate|p1a: Alomomola|move: Protect
|
|-heal|p1a: Alomomola|54/100|[from] move: Wish|[wisher] Alomomola
|upkeep
|turn|6
|
|t:|1743895843
|switch|p1a: Cinderace|Cinderace, F|84/100
|move|p2a: Beyoncé|Psychic Noise|p1a: Cinderace
|-damage|p1a: Cinderace|14/100
|-start|p1a: Cinderace|move: Heal Block
|
|upkeep
|turn|7
|
|t:|1743895847
|switch|p1a: Kyurem|Kyurem|100/100
|-ability|p1a: Kyurem|Pressure
|switch|p2a: B.o.B.|Alomomola, F|100/100
|
|upkeep
|turn|8
|
|t:|1743895860
|move|p2a: B.o.B.|Protect|p2a: B.o.B.
|-singleturn|p2a: B.o.B.|Protect
|move|p1a: Kyurem|Draco Meteor|p2a: B.o.B.
|-activate|p2a: B.o.B.|move: Protect
|
|upkeep
|turn|9
|
|t:|1743895866
|switch|p2a: Corviknight|Corviknight, F|100/100
|-ability|p2a: Corviknight|Pressure
|move|p1a: Kyurem|Draco Meteor|p2a: Corviknight
|-resisted|p2a: Corviknight
|-damage|p2a: Corviknight|67/100
|-unboost|p1a: Kyurem|spa|2
|
|upkeep
|turn|10
|
|t:|1743895878
|switch|p1a: Pecharunt|Pecharunt|100/100
|-item|p1a: Pecharunt|Air Balloon
|move|p2a: Corviknight|U-turn|p1a: Pecharunt
|-resisted|p1a: Pecharunt
|-damage|p1a: Pecharunt|98/100
|-enditem|p1a: Pecharunt|Air Balloon
|
|t:|1743895891
|switch|p2a: Dragapult|Dragapult, M|100/100|[from] U-turn
|
|upkeep
|turn|11
|
|t:|1743895898
|switch|p1a: KING|Kingambit, M, shiny|100/100
|move|p2a: Dragapult|Flamethrower|p1a: KING
|-supereffective|p1a: KING
|-damage|p1a: KING|10/100
|
|upkeep
|turn|12
|
|t:|1743895905
|switch|p2a: Great Tusk|Great Tusk|100/100
|-end|p1a: KING|fallenundefined|[silent]
|switch|p1a: Kyurem|Kyurem|100/100
|-ability|p1a: Kyurem|Pressure
|
|upkeep
|turn|13
|
|t:|1743895933
|-end|p2a: Great Tusk|Protosynthesis|[silent]
|switch|p2a: Beyoncé|Hoopa-Unbound|72/100
|-terastallize|p1a: Kyurem|Ice
|move|p1a: Kyurem|Freeze-Dry|p2a: Beyoncé
|-damage|p2a: Beyoncé|32/100
|
|upkeep
|turn|14
|inactive|Sk1tt3n has 120 seconds left.
|
|t:|1743895949
|-terastallize|p2a: Beyoncé|Fire
|move|p1a: Kyurem|Freeze-Dry|p2a: Beyoncé
|-resisted|p2a: Beyoncé
|-damage|p2a: Beyoncé|12/100
|-status|p2a: Beyoncé|frz
|cant|p2a: Beyoncé|frz
|
|upkeep
|turn|15
|
|t:|1743895955
|move|p1a: Kyurem|Freeze-Dry|p2a: Beyoncé
|-resisted|p2a: Beyoncé
|-damage|p2a: Beyoncé|0 fnt
|faint|p2a: Beyoncé
|
|upkeep
|
|t:|1743895964
|switch|p2a: Denji|Lokix, M|100/100
|turn|16
|
|t:|1743895972
|switch|p1a: Alomomola|Alomomola, M|88/100
|move|p2a: Denji|First Impression|p1a: Alomomola
|-damage|p1a: Alomomola|51/100
|
|upkeep
|turn|17
|
|t:|1743895980
|switch|p2a: Great Tusk|Great Tusk|100/100
|move|p1a: Alomomola|Wish|p1a: Alomomola
|
|upkeep
|turn|18
|
|t:|1743895984
|move|p1a: Alomomola|Protect|p1a: Alomomola
|-singleturn|p1a: Alomomola|Protect
|move|p2a: Great Tusk|Stealth Rock|p1a: Alomomola
|-sidestart|p1: yeewo寄王|move: Stealth Rock
|
|-heal|p1a: Alomomola|100/100|[from] move: Wish|[wisher] Alomomola
|upkeep
|turn|19
|
|t:|1743895988
|-end|p2a: Great Tusk|Protosynthesis|[silent]
|switch|p2a: Dragapult|Dragapult, M|100/100
|move|p1a: Alomomola|Wish|p1a: Alomomola
|
|upkeep
|turn|20
|
|t:|1743895994
|move|p2a: Dragapult|Shadow Ball|p1a: Alomomola
|-damage|p1a: Alomomola|52/100
|-unboost|p1a: Alomomola|spd|1
|move|p1a: Alomomola|Flip Turn|p2a: Dragapult
|-resisted|p2a: Dragapult
|-damage|p2a: Dragapult|89/100
|
|t:|1743895999
|switch|p1a: KING|Kingambit, M, shiny|10/100|[from] Flip Turn
|-damage|p1a: KING|4/100|[from] Stealth Rock
|
|-heal|p1a: KING|73/100|[from] move: Wish|[wisher] Alomomola
|upkeep
|turn|21
|
|t:|1743896006
|switch|p2a: Great Tusk|Great Tusk|100/100
|move|p1a: KING|Kowtow Cleave|p2a: Great Tusk
|-resisted|p2a: Great Tusk
|-damage|p2a: Great Tusk|80/100
|
|upkeep
|turn|22
|
|t:|1743896012
|-end|p1a: KING|fallenundefined|[silent]
|switch|p1a: Alomomola|Alomomola, M|85/100
|-damage|p1a: Alomomola|72/100|[from] Stealth Rock
|move|p2a: Great Tusk|Headlong Rush|p1a: Alomomola
|-damage|p1a: Alomomola|40/100
|-unboost|p2a: Great Tusk|def|1
|-unboost|p2a: Great Tusk|spd|1
|
|upkeep
|turn|23
|
|t:|1743896017
|-end|p2a: Great Tusk|Protosynthesis|[silent]
|switch|p2a: Dragapult|Dragapult, M|89/100
|move|p1a: Alomomola|Wish|p1a: Alomomola
|
|upkeep
|turn|24
|
|t:|1743896021
|move|p1a: Alomomola|Protect|p1a: Alomomola
|-singleturn|p1a: Alomomola|Protect
|move|p2a: Dragapult|Shadow Ball|p1a: Alomomola
|-activate|p1a: Alomomola|move: Protect
|
|-heal|p1a: Alomomola|90/100|[from] move: Wish|[wisher] Alomomola
|upkeep
|turn|25
|
|t:|1743896032
|move|p2a: Dragapult|Shadow Ball|p1a: Alomomola
|-damage|p1a: Alomomola|44/100
|move|p1a: Alomomola|Wish|p1a: Alomomola
|
|upkeep
|turn|26
|
|t:|1743896039
|switch|p2a: Great Tusk|Great Tusk|80/100
|switch|p1a: KING|Kingambit, M, shiny|73/100
|-damage|p1a: KING|67/100|[from] Stealth Rock
|
|-heal|p1a: KING|100/100|[from] move: Wish|[wisher] Alomomola
|upkeep
|turn|27
|
|t:|1743896052
|-end|p1a: KING|fallenundefined|[silent]
|switch|p1a: Pecharunt|Pecharunt|98/100
|-damage|p1a: Pecharunt|86/100|[from] Stealth Rock
|move|p2a: Great Tusk|Headlong Rush|p1a: Pecharunt
|-supereffective|p1a: Pecharunt
|-damage|p1a: Pecharunt|26/100
|-unboost|p2a: Great Tusk|def|1
|-unboost|p2a: Great Tusk|spd|1
|
|upkeep
|turn|28
|
|t:|1743896059
|move|p2a: Great Tusk|Headlong Rush|p1a: Pecharunt
|-supereffective|p1a: Pecharunt
|-damage|p1a: Pecharunt|0 fnt
|-unboost|p2a: Great Tusk|def|1
|-unboost|p2a: Great Tusk|spd|1
|faint|p1a: Pecharunt
|
|upkeep
|
|t:|1743896061
|switch|p1a: Alomomola|Alomomola, M|78/100
|-damage|p1a: Alomomola|65/100|[from] Stealth Rock
|turn|29
|
|t:|1743896074
|-end|p2a: Great Tusk|Protosynthesis|[silent]
|switch|p2a: Denji|Lokix, M|100/100
|move|p1a: Alomomola|Wish|p1a: Alomomola
|
|upkeep
|turn|30
|
|t:|1743896079
|move|p2a: Denji|U-turn|p1a: Alomomola
|-damage|p1a: Alomomola|37/100
|
|t:|1743896083
|switch|p2a: Dragapult|Dragapult, M|89/100|[from] U-turn
|move|p1a: Alomomola|Flip Turn|p2a: Dragapult
|-resisted|p2a: Dragapult
|-damage|p2a: Dragapult|77/100
|
|t:|1743896085
|switch|p1a: Cinderace|Cinderace, F|14/100|[from] Flip Turn
|
|-heal|p1a: Cinderace|92/100|[from] move: Wish|[wisher] Alomomola
|upkeep
|turn|31
|
|t:|1743896091
|switch|p1a: KING|Kingambit, M, shiny|100/100
|-damage|p1a: KING|94/100|[from] Stealth Rock
|-activate|p1a: KING|ability: Supreme Overlord
|-start|p1a: KING|fallen1|[silent]
|move|p2a: Dragapult|Draco Meteor|p1a: KING
|-resisted|p1a: KING
|-damage|p1a: KING|44/100
|-unboost|p2a: Dragapult|spa|2
|
|upkeep
|turn|32
|
|t:|1743896100
|switch|p2a: Denji|Lokix, M|100/100
|-end|p1a: KING|fallen1|[silent]
|switch|p1a: Alomomola|Alomomola, M|70/100
|-damage|p1a: Alomomola|57/100|[from] Stealth Rock
|
|upkeep
|turn|33
|
|t:|1743896110
|move|p2a: Denji|U-turn|p1a: Alomomola
|-damage|p1a: Alomomola|27/100
|
|t:|1743896123
|switch|p2a: Dragapult|Dragapult, M|77/100|[from] U-turn
|move|p1a: Alomomola|Wish|p1a: Alomomola
|
|upkeep
|turn|34
|
|t:|1743896134
|move|p1a: Alomomola|Protect|p1a: Alomomola
|-singleturn|p1a: Alomomola|Protect
|move|p2a: Dragapult|Draco Meteor|p1a: Alomomola
|-activate|p1a: Alomomola|move: Protect
|
|-heal|p1a: Alomomola|77/100|[from] move: Wish|[wisher] Alomomola
|upkeep
|turn|35
|
|t:|1743896139
|switch|p1a: Iron Valiant|Iron Valiant|100/100
|-damage|p1a: Iron Valiant|94/100|[from] Stealth Rock
|-enditem|p1a: Iron Valiant|Booster Energy
|-activate|p1a: Iron Valiant|ability: Quark Drive|[fromitem]
|-start|p1a: Iron Valiant|quarkdrivespe
|move|p2a: Dragapult|Draco Meteor|p1a: Iron Valiant
|-immune|p1a: Iron Valiant
|
|upkeep
|turn|36
|
|t:|1743896145
|switch|p2a: Corviknight|Corviknight, F|67/100
|-ability|p2a: Corviknight|Pressure
|move|p1a: Iron Valiant|Thunderbolt|p2a: Corviknight
|-supereffective|p2a: Corviknight
|-damage|p2a: Corviknight|32/100
|
|upkeep
|turn|37
|
|t:|1743896153
|move|p1a: Iron Valiant|Close Combat|p2a: Corviknight
|-damage|p2a: Corviknight|0 fnt
|-unboost|p1a: Iron Valiant|def|1
|-unboost|p1a: Iron Valiant|spd|1
|-damage|p1a: Iron Valiant|78/100|[from] item: Rocky Helmet|[of] p2a: Corviknight
|faint|p2a: Corviknight
|
|upkeep
|
|t:|1743896163
|switch|p2a: Dragapult|Dragapult, M|77/100
|turn|38
|
|t:|1743896165
|move|p1a: Iron Valiant|Moonblast|p2a: Dragapult
|-supereffective|p2a: Dragapult
|-damage|p2a: Dragapult|0 fnt
|faint|p2a: Dragapult
|
|upkeep
|
|t:|1743896169
|switch|p2a: Denji|Lokix, M|100/100
|turn|39
|
|t:|1743896173
|move|p2a: Denji|First Impression|p1a: Iron Valiant
|-resisted|p1a: Iron Valiant
|-damage|p1a: Iron Valiant|20/100
|move|p1a: Iron Valiant|Close Combat|p2a: Denji
|-damage|p2a: Denji|1/100
|-unboost|p1a: Iron Valiant|def|1
|-unboost|p1a: Iron Valiant|spd|1
|
|upkeep
|turn|40
|c|☆Sk1tt3n|gg
|-message|Sk1tt3n forfeited.
|
|win|yeewo寄王
|raw|yeewo寄王's rating: 1500 &rarr; <strong>1521</strong><br />(+21 for winning)
|raw|Sk1tt3n's rating: 1523 &rarr; <strong>1502</strong><br />(-21 for losing)
