|j|☆RenegadeArtUtube
|j|☆masterbetachi
|t:|1743798617
|gametype|singles
|player|p1|RenegadeArtUtube|gambler|1588
|player|p2|masterbetachi|101|1558
|teamsize|p1|6
|teamsize|p2|6
|gen|9
|tier|[Gen 9] OU
|rated|
|rule|HP Percentage Mod: HP is shown in percentages
|rule|Endless Battle Clause: Forcing endless battles is banned
|rule|Species Clause: Limit one of each Pokémon
|rule|OHKO Clause: OHKO moves are banned
|rule|Evasion Items Clause: Evasion items are banned
|rule|Evasion Moves Clause: Evasion moves are banned
|rule|Sleep Moves Clause: Sleep-inducing moves are banned
|clearpoke
|poke|p1|Blaziken, M|
|poke|p1|Ninetales-Alola, F|
|poke|p1|Polteageist-Antique|
|poke|p1|Hatterene, F|
|poke|p1|Raging Bolt|
|poke|p1|Landorus-Therian, M|
|poke|p2|Zapdos-Galar|
|poke|p2|Iron Moth|
|poke|p2|Deoxys-Speed|
|poke|p2|Dragonite, M|
|poke|p2|Gholdengo|
|poke|p2|Iron Valiant|
|teampreview
|inactive|Battle timer is ON: inactive players will automatically lose when time's up. (requested by masterbetachi)
|
|t:|1743798634
|start
|switch|p1a: Hatterene|Hatterene, F, shiny|100/100
|switch|p2a: Zapdos|Zapdos-Galar|100/100
|turn|1
|
|t:|1743798642
|move|p2a: Zapdos|Brave Bird|p1a: Hatterene
|-damage|p1a: Hatterene|38/100
|-damage|p2a: Zapdos|80/100|[from] Recoil
|-damage|p2a: Zapdos|70/100|[from] item: Life Orb
|move|p1a: Hatterene|Future Sight|p2a: Zapdos
|-start|p1a: Hatterene|move: Future Sight
|
|upkeep
|turn|2
|
|t:|1743798661
|switch|p1a: Ninetales|Ninetales-Alola, F|100/100
|-weather|Snowscape|[from] ability: Snow Warning|[of] p1a: Ninetales
|move|p2a: Zapdos|Brave Bird|p1a: Ninetales
|-damage|p1a: Ninetales|39/100
|-damage|p2a: Zapdos|48/100|[from] Recoil
|-damage|p2a: Zapdos|38/100|[from] item: Life Orb
|
|-weather|Snowscape|[upkeep]
|upkeep
|turn|3
|
|t:|1743798676
|move|p1a: Ninetales|Aurora Veil|p1a: Ninetales
|-sidestart|p1: RenegadeArtUtube|move: Aurora Veil
|move|p2a: Zapdos|U-turn|p1a: Ninetales
|-resisted|p1a: Ninetales
|-damage|p1a: Ninetales|33/100
|-damage|p2a: Zapdos|28/100|[from] item: Life Orb
|
|t:|1743798680
|switch|p2a: Deoxys|Deoxys-Speed|100/100|[from] U-turn
|-ability|p2a: Deoxys|Pressure
|
|-weather|Snowscape|[upkeep]
|-end|p2a: Deoxys|move: Future Sight
|-resisted|p2a: Deoxys
|-damage|p2a: Deoxys|59/100
|upkeep
|turn|4
|
|t:|1743798699
|switch|p2a: Zapdos|Zapdos-Galar|28/100
|move|p1a: Ninetales|Draining Kiss|p2a: Zapdos
|-supereffective|p2a: Zapdos
|-damage|p2a: Zapdos|0 fnt
|-heal|p1a: Ninetales|52/100|[from] drain|[of] p2a: Zapdos
|faint|p2a: Zapdos
|
|-weather|Snowscape|[upkeep]
|upkeep
|
|t:|1743798706
|switch|p2a: Iron Moth|Iron Moth|100/100
|-enditem|p2a: Iron Moth|Booster Energy
|-activate|p2a: Iron Moth|ability: Quark Drive|[fromitem]
|-start|p2a: Iron Moth|quarkdrivespe
|turn|5
|
|t:|1743798718
|switch|p1a: Raging Bolt|Raging Bolt|100/100
|-enditem|p1a: Raging Bolt|Booster Energy
|-activate|p1a: Raging Bolt|ability: Protosynthesis|[fromitem]
|-start|p1a: Raging Bolt|protosynthesisspa
|move|p2a: Iron Moth|Fiery Dance|p1a: Raging Bolt
|-resisted|p1a: Raging Bolt
|-damage|p1a: Raging Bolt|92/100
|-boost|p2a: Iron Moth|spa|1
|
|-weather|Snowscape|[upkeep]
|upkeep
|turn|6
|
|t:|1743798738
|-terastallize|p2a: Iron Moth|Ground
|-terastallize|p1a: Raging Bolt|Fairy
|move|p2a: Iron Moth|Fiery Dance|p1a: Raging Bolt
|-damage|p1a: Raging Bolt|65/100
|-boost|p2a: Iron Moth|spa|1
|move|p1a: Raging Bolt|Weather Ball|p2a: Iron Moth
|-supereffective|p2a: Iron Moth
|-damage|p2a: Iron Moth|0 fnt
|faint|p2a: Iron Moth
|-end|p2a: Iron Moth|Quark Drive|[silent]
|
|-weather|none
|upkeep
|
|t:|1743798758
|switch|p2a: Deoxys|Deoxys-Speed|59/100
|-ability|p2a: Deoxys|Pressure
|turn|7
|
|t:|1743798764
|move|p1a: Raging Bolt|Thunderclap|p2a: Deoxys
|-damage|p2a: Deoxys|0 fnt
|faint|p2a: Deoxys
|
|upkeep
|
|t:|1743798768
|switch|p2a: Gholdengo|Gholdengo|100/100
|-item|p2a: Gholdengo|Air Balloon
|turn|8
|
|t:|1743798782
|move|p2a: Gholdengo|Nasty Plot|p2a: Gholdengo
|-boost|p2a: Gholdengo|spa|2
|move|p1a: Raging Bolt|Discharge|p2a: Gholdengo
|-damage|p2a: Gholdengo|24/100
|-status|p2a: Gholdengo|par
|-enditem|p2a: Gholdengo|Air Balloon
|
|upkeep
|turn|9
|-message|masterbetachi forfeited.
|
|win|RenegadeArtUtube
|raw|RenegadeArtUtube's rating: 1588 &rarr; <strong>1606</strong><br />(+18 for winning)
|raw|masterbetachi's rating: 1558 &rarr; <strong>1540</strong><br />(-18 for losing)
|l|☆masterbetachi
|player|p2|
|c|☆RenegadeArtUtube|Gg lol
