|j|☆KungfuPlatypus
|j|☆johnson37
|t:|1743796354
|gametype|singles
|player|p1|KungfuPlatypus|parasollady|1109
|player|p2|johnson37|265|1139
|teamsize|p1|6
|teamsize|p2|6
|gen|9
|tier|[Gen 9] OU
|rated|
|rule|HP Percentage Mod: HP is shown in percentages
|rule|Endless Battle Clause: Forcing endless battles is banned
|rule|Species Clause: Limit one of each Pokémon
|rule|OHKO Clause: OHKO moves are banned
|rule|Evasion Items Clause: Evasion items are banned
|rule|Evasion Moves Clause: Evasion moves are banned
|rule|Sleep Moves Clause: Sleep-inducing moves are banned
|clearpoke
|poke|p1|Araquanid, M|
|poke|p1|Iron Treads|
|poke|p1|Cinderace, F|
|poke|p1|Kingambit, F|
|poke|p1|Pecharunt|
|poke|p1|Dragonite, M|
|poke|p2|Dragonite, M|
|poke|p2|Primarina, M|
|poke|p2|Darkrai|
|poke|p2|Great Tusk|
|poke|p2|Ogerpon-Wellspring, F|
|poke|p2|Gholdengo|
|teampreview
|inactive|Battle timer is ON: inactive players will automatically lose when time's up. (requested by KungfuPlatypus)
|
|t:|1743796358
|start
|switch|p1a: Araquanid|Araquanid, M, shiny|100/100
|switch|p2a: Great Tusk|Great Tusk|100/100
|turn|1
|
|t:|1743796369
|move|p2a: Great Tusk|Stealth Rock|p1a: Araquanid
|-sidestart|p1: KungfuPlatypus|move: Stealth Rock
|move|p1a: Araquanid|Liquidation|p2a: Great Tusk
|-supereffective|p2a: Great Tusk
|-damage|p2a: Great Tusk|33/100
|
|upkeep
|turn|2
|
|t:|1743796378
|move|p2a: Great Tusk|Headlong Rush|p1a: Araquanid
|-resisted|p1a: Araquanid
|-damage|p1a: Araquanid|74/100
|-unboost|p2a: Great Tusk|def|1
|-unboost|p2a: Great Tusk|spd|1
|move|p1a: Araquanid|Sticky Web|p2a: Great Tusk
|-sidestart|p2: johnson37|move: Sticky Web
|
|upkeep
|turn|3
|
|t:|1743796387
|switch|p1a: Pecharunt|Pecharunt|100/100
|-damage|p1a: Pecharunt|88/100|[from] Stealth Rock
|-item|p1a: Pecharunt|Air Balloon
|move|p2a: Great Tusk|Ice Spinner|p1a: Pecharunt
|-damage|p1a: Pecharunt|68/100
|-enditem|p1a: Pecharunt|Air Balloon
|
|upkeep
|turn|4
|
|t:|1743796393
|move|p1a: Pecharunt|Shadow Ball|p2a: Great Tusk
|-crit|p2a: Great Tusk
|-damage|p2a: Great Tusk|0 fnt
|faint|p2a: Great Tusk
|-end|p2a: Great Tusk|Protosynthesis|[silent]
|
|upkeep
|
|t:|1743796410
|switch|p2a: Darkrai|Darkrai|100/100
|-activate|p2a: Darkrai|move: Sticky Web
|-unboost|p2a: Darkrai|spe|1
|turn|5
|
|t:|1743796418
|switch|p1a: Araquanid|Araquanid, M, shiny|74/100
|-damage|p1a: Araquanid|49/100|[from] Stealth Rock
|move|p2a: Darkrai|Will-O-Wisp|p1a: Araquanid
|-immune|p1a: Araquanid|[from] ability: Water Bubble
|
|upkeep
|turn|6
|
|t:|1743796435
|switch|p2a: Gholdengo|Gholdengo|100/100
|-item|p2a: Gholdengo|Air Balloon
|move|p1a: Araquanid|Endeavor|p2a: Gholdengo
|-immune|p2a: Gholdengo
|
|upkeep
|turn|7
|c|☆KungfuPlatypus|thats a wild switch
|
|t:|1743796444
|move|p2a: Gholdengo|Nasty Plot|p2a: Gholdengo
|-boost|p2a: Gholdengo|spa|2
|move|p1a: Araquanid|Liquidation|p2a: Gholdengo
|-damage|p2a: Gholdengo|70/100
|-unboost|p2a: Gholdengo|def|1
|-enditem|p2a: Gholdengo|Air Balloon
|
|upkeep
|turn|8
|
|t:|1743796454
|move|p2a: Gholdengo|Shadow Ball|p1a: Araquanid
|-damage|p1a: Araquanid|0 fnt
|faint|p1a: Araquanid
|
|upkeep
|
|t:|1743796464
|switch|p1a: Iron Treads|Iron Treads|100/100
|-damage|p1a: Iron Treads|97/100|[from] Stealth Rock
|-enditem|p1a: Iron Treads|Booster Energy
|-activate|p1a: Iron Treads|ability: Quark Drive|[fromitem]
|-start|p1a: Iron Treads|quarkdriveatk
|turn|9
|
|t:|1743796473
|move|p1a: Iron Treads|Earthquake|p2a: Gholdengo
|-supereffective|p2a: Gholdengo
|-damage|p2a: Gholdengo|0 fnt
|faint|p2a: Gholdengo
|
|upkeep
|
|t:|1743796476
|switch|p2a: Dragonite|Dragonite, M|100/100
|turn|10
|
|t:|1743796482
|move|p1a: Iron Treads|Rapid Spin|p2a: Dragonite
|-damage|p2a: Dragonite|87/100
|-boost|p1a: Iron Treads|spe|1
|-sideend|p1: KungfuPlatypus|Stealth Rock|[from] move: Rapid Spin|[of] p1a: Iron Treads
|move|p2a: Dragonite|Dragon Dance|p2a: Dragonite
|-boost|p2a: Dragonite|atk|1
|-boost|p2a: Dragonite|spe|1
|
|upkeep
|turn|11
|
|t:|1743796487
|move|p1a: Iron Treads|Iron Head|p2a: Dragonite
|-damage|p2a: Dragonite|24/100
|move|p2a: Dragonite|Dragon Dance|p2a: Dragonite
|-boost|p2a: Dragonite|atk|1
|-boost|p2a: Dragonite|spe|1
|
|upkeep
|turn|12
|
|t:|1743796491
|move|p2a: Dragonite|Roost|p2a: Dragonite
|-heal|p2a: Dragonite|74/100
|-singleturn|p2a: Dragonite|move: Roost
|move|p1a: Iron Treads|Iron Head|p2a: Dragonite
|-damage|p2a: Dragonite|11/100
|
|upkeep
|turn|13
|
|t:|1743796504
|move|p2a: Dragonite|Earthquake|p1a: Iron Treads
|-supereffective|p1a: Iron Treads
|-damage|p1a: Iron Treads|0 fnt
|faint|p1a: Iron Treads
|-end|p1a: Iron Treads|Quark Drive|[silent]
|
|upkeep
|inactive|KungfuPlatypus has 120 seconds left.
|
|t:|1743796530
|switch|p1a: Kingambit|Kingambit, F|100/100
|-activate|p1a: Kingambit|ability: Supreme Overlord
|-start|p1a: Kingambit|fallen2|[silent]
|turn|14
|
|t:|1743796537
|-terastallize|p1a: Kingambit|Dark
|move|p2a: Dragonite|Earthquake|p1a: Kingambit
|-damage|p1a: Kingambit|39/100
|move|p1a: Kingambit|Kowtow Cleave|p2a: Dragonite
|-damage|p2a: Dragonite|0 fnt
|faint|p2a: Dragonite
|
|upkeep
|
|t:|1743796539
|switch|p2a: Primarina|Primarina, M, shiny|100/100
|-activate|p2a: Primarina|move: Sticky Web
|-unboost|p2a: Primarina|spe|1
|turn|15
|
|t:|1743796553
|move|p1a: Kingambit|Iron Head|p2a: Primarina
|-damage|p2a: Primarina|17/100
|move|p2a: Primarina|Substitute|p2a: Primarina
|-fail|p2a: Primarina|move: Substitute|[weak]
|
|-heal|p2a: Primarina|23/100|[from] item: Leftovers
|upkeep
|turn|16
|c|☆KungfuPlatypus|hehe
|
|t:|1743796558
|move|p1a: Kingambit|Iron Head|p2a: Primarina
|-damage|p2a: Primarina|0 fnt
|faint|p2a: Primarina
|
|upkeep
|c|☆KungfuPlatypus|not today
|
|t:|1743796562
|switch|p2a: Ogerpon|Ogerpon-Wellspring, F|100/100
|-activate|p2a: Ogerpon|move: Sticky Web
|-unboost|p2a: Ogerpon|spe|1
|turn|17
|inactive|KungfuPlatypus has 120 seconds left.
|inactive|KungfuPlatypus has 90 seconds left.
|
|t:|1743796627
|move|p2a: Ogerpon|Ivy Cudgel|p1a: Kingambit|[anim] Ivy Cudgel Water
|-damage|p1a: Kingambit|0 fnt
|faint|p1a: Kingambit
|-end|p1a: Kingambit|fallen2|[silent]
|
|upkeep
|
|t:|1743796631
|switch|p1a: Pecharunt|Pecharunt|68/100
|turn|18
|
|t:|1743796635
|move|p1a: Pecharunt|Malignant Chain|p2a: Ogerpon
|-supereffective|p2a: Ogerpon
|-damage|p2a: Ogerpon|5/100
|move|p2a: Ogerpon|Knock Off|p1a: Pecharunt
|-supereffective|p1a: Pecharunt
|-damage|p1a: Pecharunt|32/100
|
|upkeep
|turn|19
|
|t:|1743796640
|move|p1a: Pecharunt|Malignant Chain|p2a: Ogerpon
|-supereffective|p2a: Ogerpon
|-damage|p2a: Ogerpon|0 fnt
|faint|p2a: Ogerpon
|
|upkeep
|
|t:|1743796642
|switch|p2a: Darkrai|Darkrai|100/100
|-activate|p2a: Darkrai|move: Sticky Web
|-unboost|p2a: Darkrai|spe|1
|turn|20
|
|t:|1743796657
|-terastallize|p2a: Darkrai|Poison
|move|p1a: Pecharunt|Malignant Chain|p2a: Darkrai
|-resisted|p2a: Darkrai
|-damage|p2a: Darkrai|79/100
|move|p2a: Darkrai|Dark Pulse|p1a: Pecharunt
|-supereffective|p1a: Pecharunt
|-damage|p1a: Pecharunt|0 fnt
|faint|p1a: Pecharunt
|
|-heal|p2a: Darkrai|85/100|[from] item: Leftovers
|upkeep
|
|t:|1743796663
|switch|p1a: Dragonite|Dragonite, M|100/100
|turn|21
|
|t:|1743796667
|move|p1a: Dragonite|Earthquake|p2a: Darkrai
|-supereffective|p2a: Darkrai
|-damage|p2a: Darkrai|0 fnt
|faint|p2a: Darkrai
|
|win|KungfuPlatypus
|raw|KungfuPlatypus's rating: 1109 &rarr; <strong>1136</strong><br />(+27 for winning)
|raw|johnson37's rating: 1139 &rarr; <strong>1112</strong><br />(-27 for losing)
|c|☆KungfuPlatypus|yeeted
|l|☆johnson37
|player|p2|
