|j|☆false as sad 多龙
|j|☆Beile
|t:|1743937867
|gametype|singles
|player|p1|false as sad 多龙|caitlin|1367
|player|p2|Beile|lucas|1453
|teamsize|p1|6
|teamsize|p2|6
|gen|9
|tier|[Gen 9] OU
|rated|
|rule|HP Percentage Mod: HP is shown in percentages
|rule|Endless Battle Clause: Forcing endless battles is banned
|rule|Species Clause: Limit one of each Pokémon
|rule|OHKO Clause: OHKO moves are banned
|rule|Evasion Items Clause: Evasion items are banned
|rule|Evasion Moves Clause: Evasion moves are banned
|rule|Sleep Moves Clause: Sleep-inducing moves are banned
|clearpoke
|poke|p1|Glimmora, M|
|poke|p1|Darkrai|
|poke|p1|Beartic, F|
|poke|p1|Zoroark-Hisui, M|
|poke|p1|Salamence, M|
|poke|p1|Dragapult, M|
|poke|p2|Iron Valiant|
|poke|p2|Raging Bolt|
|poke|p2|Kingambit, F|
|poke|p2|Great Tusk|
|poke|p2|Samurott-Hisui, F|
|poke|p2|Iron Moth|
|teampreview
|inactive|Battle timer is ON: inactive players will automatically lose when time's up. (requested by false as sad 多龙)
|
|t:|1743937884
|start
|switch|p1a: 冻原熊|Beartic, F, shiny|100/100
|switch|p2a: Samurott|Samurott-Hisui, F|100/100
|turn|1
|
|t:|1743937897
|move|p2a: Samurott|Ceaseless Edge|p1a: 冻原熊
|-damage|p1a: 冻原熊|57/100
|-sidestart|p1: false as sad 多龙|Spikes
|move|p1a: 冻原熊|Close Combat|p2a: Samurott
|-supereffective|p2a: Samurott
|-crit|p2a: Samurott
|-enditem|p2a: Samurott|Focus Sash
|-damage|p2a: Samurott|1/100
|-unboost|p1a: 冻原熊|def|1
|-unboost|p1a: 冻原熊|spd|1
|-damage|p1a: 冻原熊|47/100|[from] item: Life Orb
|
|upkeep
|turn|2
|
|t:|1743937911
|move|p2a: Samurott|Sucker Punch|p1a: 冻原熊
|-damage|p1a: 冻原熊|0 fnt
|faint|p1a: 冻原熊
|
|upkeep
|inactive|false as sad 多龙 has 120 seconds left.
|
|t:|1743937943
|switch|p1a: 噩梦神|Darkrai, shiny|100/100
|-damage|p1a: 噩梦神|88/100|[from] Spikes
|turn|3
|inactive|false as sad 多龙 has 120 seconds left.
|
|t:|1743937953
|move|p2a: Samurott|Sucker Punch|p1a: 噩梦神
|-resisted|p1a: 噩梦神
|-damage|p1a: 噩梦神|65/100
|move|p1a: 噩梦神|Dark Pulse|p2a: Samurott
|-resisted|p2a: Samurott
|-damage|p2a: Samurott|0 fnt
|faint|p2a: Samurott
|
|upkeep
|
|t:|1743937963
|switch|p2a: Iron Valiant|Iron Valiant|100/100
|-enditem|p2a: Iron Valiant|Booster Energy
|-activate|p2a: Iron Valiant|ability: Quark Drive|[fromitem]
|-start|p2a: Iron Valiant|quarkdrivespe
|turn|4
|inactive|false as sad 多龙 has 120 seconds left.
|
|t:|1743938006
|switch|p1a: 晶光花|Glimmora, M|100/100
|-damage|p1a: 晶光花|88/100|[from] Spikes
|move|p2a: Iron Valiant|Moonblast|p1a: 晶光花
|-resisted|p1a: 晶光花
|-damage|p1a: 晶光花|64/100
|
|upkeep
|turn|5
|
|t:|1743938022
|move|p2a: Iron Valiant|Destiny Bond|p2a: Iron Valiant
|-singlemove|p2a: Iron Valiant|Destiny Bond
|move|p1a: 晶光花|Substitute|p1a: 晶光花
|-start|p1a: 晶光花|Substitute
|-damage|p1a: 晶光花|39/100
|
|upkeep
|turn|6
|inactive|false as sad 多龙 has 90 seconds left.
|
|t:|1743938041
|move|p1a: 晶光花|Mortal Spin|p2a: Iron Valiant
|-supereffective|p2a: Iron Valiant
|-damage|p2a: Iron Valiant|85/100
|-status|p2a: Iron Valiant|psn
|-sideend|p1: false as sad 多龙|Spikes|[from] move: Mortal Spin|[of] p1a: 晶光花
|move|p2a: Iron Valiant|Trick Room|p2a: Iron Valiant
|-fieldstart|move: Trick Room|[of] p2a: Iron Valiant
|
|-damage|p2a: Iron Valiant|73/100 psn|[from] psn
|upkeep
|turn|7
|
|t:|1743938051
|move|p1a: 晶光花|Meteor Beam||[still]
|-prepare|p1a: 晶光花|Meteor Beam
|-boost|p1a: 晶光花|spa|1
|-enditem|p1a: 晶光花|Power Herb
|-anim|p1a: 晶光花|Meteor Beam|p2a: Iron Valiant
|-resisted|p2a: Iron Valiant
|-damage|p2a: Iron Valiant|0 fnt
|faint|p2a: Iron Valiant
|-end|p2a: Iron Valiant|Quark Drive|[silent]
|
|upkeep
|
|t:|1743938061
|switch|p2a: Kingambit|Kingambit, F|100/100
|-activate|p2a: Kingambit|ability: Supreme Overlord
|-start|p2a: Kingambit|fallen2|[silent]
|turn|8
|
|t:|1743938075
|move|p2a: Kingambit|Iron Head|p1a: 晶光花
|-supereffective|p1a: 晶光花
|-end|p1a: 晶光花|Substitute
|move|p1a: 晶光花|Earth Power|p2a: Kingambit
|-supereffective|p2a: Kingambit
|-damage|p2a: Kingambit|4/100
|
|-heal|p2a: Kingambit|10/100|[from] item: Leftovers
|upkeep
|turn|9
|
|t:|1743938084
|move|p2a: Kingambit|Iron Head|p1a: 晶光花
|-supereffective|p1a: 晶光花
|-damage|p1a: 晶光花|0 fnt
|-activate|p1a: 晶光花|ability: Toxic Debris
|-sidestart|p2: Beile|move: Toxic Spikes
|faint|p1a: 晶光花
|
|-heal|p2a: Kingambit|17/100|[from] item: Leftovers
|upkeep
|
|t:|1743938099
|switch|p1a: 多龙贡|Dragapult, M, shiny|100/100
|turn|10
|
|t:|1743938111
|move|p1a: 多龙贡|Sucker Punch|p2a: Kingambit
|-resisted|p2a: Kingambit
|-damage|p2a: Kingambit|4/100
|move|p2a: Kingambit|Kowtow Cleave|p1a: 多龙贡
|-supereffective|p1a: 多龙贡
|-damage|p1a: 多龙贡|0 fnt
|faint|p1a: 多龙贡
|
|-heal|p2a: Kingambit|10/100|[from] item: Leftovers
|-fieldend|move: Trick Room
|upkeep
|inactive|false as sad 多龙 has 90 seconds left.
|
|t:|1743938121
|switch|p1a: 噩梦神|Darkrai, shiny|65/100
|turn|11
|
|t:|1743938129
|-end|p2a: Kingambit|fallen2|[silent]
|switch|p2a: Iron Moth|Iron Moth|100/100
|-sideend|p2: Beile|move: Toxic Spikes|[of] p2a: Iron Moth
|-enditem|p2a: Iron Moth|Booster Energy
|-activate|p2a: Iron Moth|ability: Quark Drive|[fromitem]
|-start|p2a: Iron Moth|quarkdrivespe
|move|p1a: 噩梦神|Ice Beam|p2a: Iron Moth
|-resisted|p2a: Iron Moth
|-damage|p2a: Iron Moth|74/100
|
|upkeep
|turn|12
|
|t:|1743938140
|switch|p1a: 暴飞龙|Salamence, M|100/100
|move|p2a: Iron Moth|Dazzling Gleam|p1a: 暴飞龙
|-supereffective|p1a: 暴飞龙
|-damage|p1a: 暴飞龙|34/100
|
|upkeep
|turn|13
|inactive|false as sad 多龙 has 90 seconds left.
|
|t:|1743938163
|-terastallize|p1a: 暴飞龙|Steel
|move|p2a: Iron Moth|Dazzling Gleam|p1a: 暴飞龙
|-resisted|p1a: 暴飞龙
|-damage|p1a: 暴飞龙|19/100
|move|p1a: 暴飞龙|Earthquake|p2a: Iron Moth
|-supereffective|p2a: Iron Moth
|-damage|p2a: Iron Moth|0 fnt
|faint|p2a: Iron Moth
|-end|p2a: Iron Moth|Quark Drive|[silent]
|-ability|p1a: 暴飞龙|Moxie|boost
|-boost|p1a: 暴飞龙|atk|1
|
|upkeep
|
|t:|1743938176
|switch|p2a: Great Tusk|Great Tusk|100/100
|-enditem|p2a: Great Tusk|Booster Energy
|-activate|p2a: Great Tusk|ability: Protosynthesis|[fromitem]
|-start|p2a: Great Tusk|protosynthesisspe
|turn|14
|
|t:|1743938181
|move|p2a: Great Tusk|Headlong Rush|p1a: 暴飞龙
|-supereffective|p1a: 暴飞龙
|-damage|p1a: 暴飞龙|0 fnt
|-unboost|p2a: Great Tusk|def|1
|-unboost|p2a: Great Tusk|spd|1
|faint|p1a: 暴飞龙
|
|upkeep
|
|t:|1743938188
|switch|p1a: 噩梦神|Darkrai, shiny|65/100
|turn|15
|
|t:|1743938192
|move|p2a: Great Tusk|Headlong Rush|p1a: 噩梦神
|-damage|p1a: 噩梦神|0 fnt
|-unboost|p2a: Great Tusk|def|1
|-unboost|p2a: Great Tusk|spd|1
|faint|p1a: 噩梦神
|
|upkeep
|
|t:|1743938212
|switch|p1a: 千魂约|Zoroark-Hisui, M, shiny|100/100
|turn|16
|
|t:|1743938216
|move|p2a: Great Tusk|Headlong Rush|p1a: 千魂约
|-enditem|p1a: 千魂约|Focus Sash
|-damage|p1a: 千魂约|1/100
|-unboost|p2a: Great Tusk|def|1
|-unboost|p2a: Great Tusk|spd|1
|move|p1a: 千魂约|Hyper Voice|p2a: Great Tusk
|-damage|p2a: Great Tusk|0 fnt
|faint|p2a: Great Tusk
|-end|p2a: Great Tusk|Protosynthesis|[silent]
|
|upkeep
|
|t:|1743938232
|switch|p2a: Kingambit|Kingambit, F|10/100
|-activate|p2a: Kingambit|ability: Supreme Overlord
|-start|p2a: Kingambit|fallen4|[silent]
|turn|17
|
|t:|1743938242
|move|p2a: Kingambit|Sucker Punch||[still]
|-fail|p2a: Kingambit
|move|p1a: 千魂约|Curse|p2a: Kingambit
|-start|p2a: Kingambit|Curse|[of] p1a: 千魂约
|-damage|p1a: 千魂约|0 fnt
|faint|p1a: 千魂约
|
|win|Beile
|raw|false as sad 多龙's rating: 1367 &rarr; <strong>1352</strong><br />(-15 for losing)
|raw|Beile's rating: 1453 &rarr; <strong>1468</strong><br />(+15 for winning)
|l|☆Beile
|player|p2|
|l|☆false as sad 多龙
|player|p1|
