|j|☆davo578
|j|☆JasperHatton
|t:|1743837502
|gametype|singles
|player|p1|davo578|2|1187
|player|p2|JasperHatton|palmer|1209
|teamsize|p1|6
|teamsize|p2|6
|gen|9
|tier|[Gen 9] OU
|rated|
|rule|HP Percentage Mod: HP is shown in percentages
|rule|Endless Battle Clause: Forcing endless battles is banned
|rule|Species Clause: Limit one of each Pokémon
|rule|OHKO Clause: OHKO moves are banned
|rule|Evasion Items Clause: Evasion items are banned
|rule|Evasion Moves Clause: Evasion moves are banned
|rule|Sleep Moves Clause: Sleep-inducing moves are banned
|clearpoke
|poke|p1|Gardevoir, M|
|poke|p1|Ursaluna, M|
|poke|p1|Scizor, M|
|poke|p1|Bellibolt, F|
|poke|p1|Cresselia, F|
|poke|p1|Samurott-Hisui, M|
|poke|p2|Houndoom, M|
|poke|p2|Lucario, M|
|poke|p2|Gardevoir, F|
|poke|p2|Garchomp, M|
|poke|p2|Leavanny, F|
|poke|p2|Gengar, M|
|teampreview
|inactive|Battle timer is ON: inactive players will automatically lose when time's up. (requested by davo578)
|
|t:|1743837525
|start
|switch|p1a: Cresselia|Cresselia, F|100/100
|switch|p2a: Gengar|Gengar, M|100/100
|turn|1
|
|t:|1743837539
|switch|p1a: Samurott|Samurott-Hisui, M|100/100
|move|p2a: Gengar|Shadow Ball|p1a: Samurott
|-resisted|p1a: Samurott
|-damage|p1a: Samurott|68/100
|-unboost|p1a: Samurott|spd|1
|
|upkeep
|turn|2
|
|t:|1743837551
|move|p1a: Samurott|Ceaseless Edge|p2a: Gengar
|-supereffective|p2a: Gengar
|-enditem|p2a: Gengar|Focus Sash
|-damage|p2a: Gengar|1/100
|-sidestart|p2: JasperHatton|Spikes
|move|p2a: Gengar|Energy Ball|p1a: Samurott
|-supereffective|p1a: Samurott
|-damage|p1a: Samurott|0 fnt
|faint|p1a: Samurott
|
|upkeep
|
|t:|1743837561
|switch|p1a: Surgery|Scizor, M, shiny|100/100
|turn|3
|c|☆JasperHatton|Your team looks cool
|inactive|JasperHatton has 120 seconds left.
|
|t:|1743837596
|switch|p2a: Houndoom|Houndoom, M|100/100
|-damage|p2a: Houndoom|88/100|[from] Spikes
|-terastallize|p1a: Surgery|Steel
|move|p1a: Surgery|Bullet Punch|p2a: Houndoom
|-resisted|p2a: Houndoom
|-damage|p2a: Houndoom|24/100
|
|upkeep
|turn|4
|
|t:|1743837604
|move|p1a: Surgery|Bullet Punch|p2a: Houndoom
|-resisted|p2a: Houndoom
|-damage|p2a: Houndoom|0 fnt
|faint|p2a: Houndoom
|
|upkeep
|
|t:|1743837608
|switch|p2a: Garchomp|Garchomp, M|100/100
|-damage|p2a: Garchomp|88/100|[from] Spikes
|turn|5
|
|t:|1743837612
|move|p1a: Surgery|Bullet Punch|p2a: Garchomp
|-damage|p2a: Garchomp|22/100
|-damage|p1a: Surgery|88/100|[from] ability: Rough Skin|[of] p2a: Garchomp
|-damage|p1a: Surgery|72/100|[from] item: Rocky Helmet|[of] p2a: Garchomp
|move|p2a: Garchomp|Earthquake|p1a: Surgery
|-supereffective|p1a: Surgery
|-crit|p1a: Surgery
|-damage|p1a: Surgery|0 fnt
|faint|p1a: Surgery
|
|upkeep
|
|t:|1743837618
|switch|p1a: Cresselia|Cresselia, F|100/100
|turn|6
|
|t:|1743837623
|move|p2a: Garchomp|Dragon Claw|p1a: Cresselia
|-damage|p1a: Cresselia|73/100
|move|p1a: Cresselia|Ice Beam|p2a: Garchomp
|-supereffective|p2a: Garchomp
|-damage|p2a: Garchomp|0 fnt
|faint|p2a: Garchomp
|
|-heal|p1a: Cresselia|79/100|[from] item: Leftovers
|upkeep
|
|t:|1743837637
|switch|p2a: Leavanny|Leavanny, F|100/100
|-damage|p2a: Leavanny|88/100|[from] Spikes
|turn|7
|
|t:|1743837643
|move|p2a: Leavanny|X-Scissor|p1a: Cresselia
|-supereffective|p1a: Cresselia
|-crit|p1a: Cresselia
|-damage|p1a: Cresselia|0 fnt
|faint|p1a: Cresselia
|
|upkeep
|
|t:|1743837647
|switch|p1a: Bellibolt|Bellibolt, F|100/100
|turn|8
|
|t:|1743837654
|move|p2a: Leavanny|Swords Dance|p2a: Leavanny
|-boost|p2a: Leavanny|atk|2
|move|p1a: Bellibolt|Parabolic Charge|p2a: Leavanny
|-resisted|p2a: Leavanny
|-damage|p2a: Leavanny|64/100
|
|upkeep
|turn|9
|
|t:|1743837660
|move|p2a: Leavanny|Swords Dance|p2a: Leavanny
|-boost|p2a: Leavanny|atk|2
|move|p1a: Bellibolt|Toxic|p2a: Leavanny
|-status|p2a: Leavanny|tox
|
|-damage|p2a: Leavanny|58/100 tox|[from] psn
|upkeep
|turn|10
|
|t:|1743837667
|move|p2a: Leavanny|Knock Off|p1a: Bellibolt
|-damage|p1a: Bellibolt|27/100
|-start|p1a: Bellibolt|Charge|Knock Off|[from] ability: Electromorphosis
|-damage|p2a: Leavanny|41/100 tox|[from] item: Rocky Helmet|[of] p1a: Bellibolt
|-enditem|p1a: Bellibolt|Rocky Helmet|[from] move: Knock Off|[of] p2a: Leavanny
|move|p1a: Bellibolt|Parabolic Charge|p2a: Leavanny
|-resisted|p2a: Leavanny
|-damage|p2a: Leavanny|0 fnt
|-heal|p1a: Bellibolt|43/100|[from] drain|[of] p2a: Leavanny
|faint|p2a: Leavanny
|-end|p1a: Bellibolt|Charge|[silent]
|
|upkeep
|
|t:|1743837676
|switch|p2a: Lucario|Lucario, M|100/100
|-damage|p2a: Lucario|88/100|[from] Spikes
|turn|11
|
|t:|1743837680
|move|p2a: Lucario|Earthquake|p1a: Bellibolt
|-supereffective|p1a: Bellibolt
|-damage|p1a: Bellibolt|0 fnt
|faint|p1a: Bellibolt
|-damage|p2a: Lucario|78/100|[from] item: Life Orb
|
|upkeep
|
|t:|1743837683
|switch|p1a: Ursaluna|Ursaluna, M|100/100
|turn|12
|
|t:|1743837689
|move|p2a: Lucario|Aura Sphere|p1a: Ursaluna
|-supereffective|p1a: Ursaluna
|-damage|p1a: Ursaluna|45/100
|-damage|p2a: Lucario|68/100|[from] item: Life Orb
|move|p1a: Ursaluna|Earthquake|p2a: Lucario
|-supereffective|p2a: Lucario
|-damage|p2a: Lucario|0 fnt
|faint|p2a: Lucario
|
|upkeep
|
|t:|1743837708
|switch|p2a: Gengar|Gengar, M|1/100
|-damage|p2a: Gengar|0 fnt|[from] Spikes
|faint|p2a: Gengar
|
|t:|1743837710
|switch|p2a: Gardevoir|Gardevoir, F|100/100
|-damage|p2a: Gardevoir|88/100|[from] Spikes
|-ability|p2a: Gardevoir|Guts|[from] ability: Trace|[of] p1a: Ursaluna
|turn|13
|
|t:|1743837716
|move|p2a: Gardevoir|Energy Ball|p1a: Ursaluna
|-supereffective|p1a: Ursaluna
|-damage|p1a: Ursaluna|0 fnt
|faint|p1a: Ursaluna
|-damage|p2a: Gardevoir|78/100|[from] item: Life Orb
|
|upkeep
|
|t:|1743837719
|switch|p1a: Gardevoir|Gardevoir, M|100/100
|-ability|p1a: Gardevoir|Guts|[from] ability: Trace|[of] p2a: Gardevoir
|turn|14
|
|t:|1743837724
|move|p2a: Gardevoir|Moonblast|p1a: Gardevoir
|-damage|p1a: Gardevoir|42/100
|-unboost|p1a: Gardevoir|spa|1
|-damage|p2a: Gardevoir|69/100|[from] item: Life Orb
|move|p1a: Gardevoir|Moonblast|p2a: Gardevoir
|-damage|p2a: Gardevoir|6/100
|-unboost|p2a: Gardevoir|spa|1
|
|upkeep
|turn|15
|
|t:|1743837732
|move|p2a: Gardevoir|Moonblast|p1a: Gardevoir
|-damage|p1a: Gardevoir|7/100
|-unboost|p1a: Gardevoir|spa|1
|-damage|p2a: Gardevoir|0 fnt|[from] item: Life Orb
|faint|p2a: Gardevoir
|
|win|davo578
|raw|davo578's rating: 1187 &rarr; <strong>1214</strong><br />(+27 for winning)
|raw|JasperHatton's rating: 1209 &rarr; <strong>1182</strong><br />(-27 for losing)
|l|☆davo578
|player|p1|
|l|☆JasperHatton
|player|p2|
