|j|☆Tulaf3rm
|j|☆ast7979
|t:|1743781771
|gametype|singles
|player|p1|Tulaf3rm|gardenia-masters|1195
|player|p2|ast7979|lass-gen4|1240
|teamsize|p1|6
|teamsize|p2|6
|gen|9
|tier|[Gen 9] OU
|rated|
|rule|HP Percentage Mod: HP is shown in percentages
|rule|Endless Battle Clause: Forcing endless battles is banned
|rule|Species Clause: Limit one of each Pokémon
|rule|OHKO Clause: OHKO moves are banned
|rule|Evasion Items Clause: Evasion items are banned
|rule|Evasion Moves Clause: Evasion moves are banned
|rule|Sleep Moves Clause: Sleep-inducing moves are banned
|clearpoke
|poke|p1|Skarmory, M|
|poke|p1|Ting-Lu|
|poke|p1|Slowking-Galar, F|
|poke|p1|Skeledirge, F|
|poke|p1|Primarina, M|
|poke|p1|Decidueye-Hisui, M|
|poke|p2|Samurott-Hisui, F|
|poke|p2|Iron Valiant|
|poke|p2|Excadrill, F|
|poke|p2|Iron Moth|
|poke|p2|Darkrai|
|poke|p2|Kingambit, F|
|teampreview
|
|t:|1743781774
|start
|switch|p1a: Decidueye|Decidueye-Hisui, M, shiny|100/100
|switch|p2a: Samurott|Samurott-Hisui, F|100/100
|turn|1
|
|t:|1743781779
|move|p2a: Samurott|Ceaseless Edge|p1a: Decidueye|[miss]
|-miss|p2a: Samurott|p1a: Decidueye
|move|p1a: Decidueye|Triple Arrows|p2a: Samurott
|-supereffective|p2a: Samurott
|-damage|p2a: Samurott|12/100
|
|upkeep
|turn|2
|
|t:|1743781788
|move|p2a: Samurott|Ceaseless Edge|p1a: Decidueye|[miss]
|-miss|p2a: Samurott|p1a: Decidueye
|move|p1a: Decidueye|Grass Knot|p2a: Samurott
|-supereffective|p2a: Samurott
|-damage|p2a: Samurott|0 fnt
|faint|p2a: Samurott
|
|upkeep
|
|t:|1743781795
|switch|p2a: Iron Moth|Iron Moth|100/100
|-enditem|p2a: Iron Moth|Booster Energy
|-activate|p2a: Iron Moth|ability: Quark Drive|[fromitem]
|-start|p2a: Iron Moth|quarkdrivespa
|turn|3
|
|t:|1743781803
|switch|p1a: Skeledirge|Skeledirge, F|100/100
|move|p2a: Iron Moth|Fiery Dance|p1a: Skeledirge
|-resisted|p1a: Skeledirge
|-damage|p1a: Skeledirge|77/100
|-boost|p2a: Iron Moth|spa|1
|
|upkeep
|turn|4
|
|t:|1743781823
|move|p2a: Iron Moth|Fiery Dance|p1a: Skeledirge
|-resisted|p1a: Skeledirge
|-damage|p1a: Skeledirge|54/100
|move|p1a: Skeledirge|Alluring Voice|p2a: Iron Moth
|-resisted|p2a: Iron Moth
|-damage|p2a: Iron Moth|96/100
|
|upkeep
|turn|5
|
|t:|1743781830
|move|p2a: Iron Moth|Fiery Dance|p1a: Skeledirge
|-resisted|p1a: Skeledirge
|-damage|p1a: Skeledirge|29/100
|-boost|p2a: Iron Moth|spa|1
|move|p1a: Skeledirge|Slack Off|p1a: Skeledirge
|-heal|p1a: Skeledirge|80/100
|
|upkeep
|turn|6
|
|t:|1743781842
|move|p2a: Iron Moth|Sludge Wave|p1a: Skeledirge
|-resisted|p1a: Skeledirge
|-damage|p1a: Skeledirge|52/100
|move|p1a: Skeledirge|Alluring Voice|p2a: Iron Moth
|-resisted|p2a: Iron Moth
|-damage|p2a: Iron Moth|91/100
|
|upkeep
|turn|7
|
|t:|1743781851
|move|p2a: Iron Moth|Sludge Wave|p1a: Skeledirge
|-resisted|p1a: Skeledirge
|-damage|p1a: Skeledirge|26/100
|move|p1a: Skeledirge|Slack Off|p1a: Skeledirge
|-heal|p1a: Skeledirge|76/100
|
|upkeep
|turn|8
|
|t:|1743781859
|move|p2a: Iron Moth|Fiery Dance|p1a: Skeledirge
|-resisted|p1a: Skeledirge
|-damage|p1a: Skeledirge|54/100
|-boost|p2a: Iron Moth|spa|1
|move|p1a: Skeledirge|Alluring Voice|p2a: Iron Moth
|-resisted|p2a: Iron Moth
|-damage|p2a: Iron Moth|85/100
|-start|p2a: Iron Moth|confusion
|
|upkeep
|turn|9
|
|t:|1743781868
|-activate|p2a: Iron Moth|confusion
|-damage|p2a: Iron Moth|75/100|[from] confusion
|move|p1a: Skeledirge|Slack Off|p1a: Skeledirge
|-heal|p1a: Skeledirge|100/100
|
|upkeep
|turn|10
|
|t:|1743781873
|-activate|p2a: Iron Moth|confusion
|move|p2a: Iron Moth|Sludge Wave|p1a: Skeledirge
|-resisted|p1a: Skeledirge
|-damage|p1a: Skeledirge|75/100
|move|p1a: Skeledirge|Torch Song|p2a: Iron Moth
|-resisted|p2a: Iron Moth
|-damage|p2a: Iron Moth|60/100
|-boost|p1a: Skeledirge|spa|1
|
|upkeep
|turn|11
|
|t:|1743781887
|-activate|p2a: Iron Moth|confusion
|-damage|p2a: Iron Moth|52/100|[from] confusion
|move|p1a: Skeledirge|Shadow Ball|p2a: Iron Moth
|-damage|p2a: Iron Moth|9/100
|
|upkeep
|turn|12
|
|t:|1743781896
|-end|p2a: Iron Moth|confusion
|move|p2a: Iron Moth|Sludge Wave|p1a: Skeledirge
|-resisted|p1a: Skeledirge
|-damage|p1a: Skeledirge|49/100
|move|p1a: Skeledirge|Torch Song|p2a: Iron Moth
|-resisted|p2a: Iron Moth
|-damage|p2a: Iron Moth|0 fnt
|-boost|p1a: Skeledirge|spa|1
|faint|p2a: Iron Moth
|-end|p2a: Iron Moth|Quark Drive|[silent]
|
|upkeep
|
|t:|1743781904
|switch|p2a: Darkrai|Darkrai|100/100
|turn|13
|
|t:|1743781926
|switch|p1a: Decidueye|Decidueye-Hisui, M, shiny|100/100
|move|p2a: Darkrai|Dark Pulse|p1a: Decidueye
|-resisted|p1a: Decidueye
|-damage|p1a: Decidueye|78/100
|
|upkeep
|turn|14
|
|t:|1743781936
|switch|p1a: Slowking|Slowking-Galar, F|100/100
|move|p2a: Darkrai|Ice Beam|p1a: Slowking
|-damage|p1a: Slowking|84/100
|
|upkeep
|turn|15
|
|t:|1743781962
|switch|p1a: Ting-Lu|Ting-Lu|100/100
|-ability|p1a: Ting-Lu|Vessel of Ruin
|move|p2a: Darkrai|Dark Pulse|p1a: Ting-Lu
|-resisted|p1a: Ting-Lu
|-damage|p1a: Ting-Lu|86/100
|
|upkeep
|turn|16
|
|t:|1743781971
|move|p2a: Darkrai|Nasty Plot|p2a: Darkrai
|-boost|p2a: Darkrai|spa|2
|move|p1a: Ting-Lu|Earthquake|p2a: Darkrai
|-damage|p2a: Darkrai|0 fnt
|faint|p2a: Darkrai
|
|upkeep
|
|t:|1743781977
|switch|p2a: Iron Valiant|Iron Valiant|100/100
|-enditem|p2a: Iron Valiant|Booster Energy
|-activate|p2a: Iron Valiant|ability: Quark Drive|[fromitem]
|-start|p2a: Iron Valiant|quarkdrivespe
|turn|17
|
|t:|1743781992
|move|p2a: Iron Valiant|Moonblast|p1a: Ting-Lu
|-supereffective|p1a: Ting-Lu
|-damage|p1a: Ting-Lu|31/100
|move|p1a: Ting-Lu|Earthquake|p2a: Iron Valiant
|-damage|p2a: Iron Valiant|9/100
|
|upkeep
|turn|18
|
|t:|1743782001
|switch|p1a: Skeledirge|Skeledirge, F|49/100
|move|p2a: Iron Valiant|Moonblast|p1a: Skeledirge
|-resisted|p1a: Skeledirge
|-damage|p1a: Skeledirge|31/100
|
|upkeep
|turn|19
|
|t:|1743782013
|-terastallize|p1a: Skeledirge|Fairy
|move|p2a: Iron Valiant|Shadow Ball|p1a: Skeledirge
|-damage|p1a: Skeledirge|8/100
|move|p1a: Skeledirge|Slack Off|p1a: Skeledirge
|-heal|p1a: Skeledirge|58/100
|
|upkeep
|turn|20
|
|t:|1743782020
|move|p2a: Iron Valiant|Moonblast|p1a: Skeledirge
|-damage|p1a: Skeledirge|21/100
|move|p1a: Skeledirge|Slack Off|p1a: Skeledirge
|-heal|p1a: Skeledirge|72/100
|
|upkeep
|turn|21
|
|t:|1743782026
|move|p2a: Iron Valiant|Moonblast|p1a: Skeledirge
|-damage|p1a: Skeledirge|32/100
|-unboost|p1a: Skeledirge|spa|1
|move|p1a: Skeledirge|Torch Song|p2a: Iron Valiant
|-damage|p2a: Iron Valiant|0 fnt
|-boost|p1a: Skeledirge|spa|1
|faint|p2a: Iron Valiant
|-end|p2a: Iron Valiant|Quark Drive|[silent]
|
|upkeep
|
|t:|1743782032
|switch|p2a: Excadrill|Excadrill, F|100/100
|-ability|p2a: Excadrill|Mold Breaker
|turn|22
|
|t:|1743782048
|switch|p1a: Decidueye|Decidueye-Hisui, M, shiny|78/100
|move|p2a: Excadrill|Iron Head|p1a: Decidueye
|-damage|p1a: Decidueye|44/100
|-damage|p2a: Excadrill|84/100|[from] item: Rocky Helmet|[of] p1a: Decidueye
|
|upkeep
|turn|23
|
|t:|1743782057
|move|p2a: Excadrill|Rapid Spin|p1a: Decidueye
|-damage|p1a: Decidueye|31/100
|-boost|p2a: Excadrill|spe|1
|-damage|p2a: Excadrill|67/100|[from] item: Rocky Helmet|[of] p1a: Decidueye
|move|p1a: Decidueye|Roost|p1a: Decidueye
|-heal|p1a: Decidueye|81/100
|-singleturn|p1a: Decidueye|move: Roost
|
|upkeep
|turn|24
|
|t:|1743782064
|move|p2a: Excadrill|Swords Dance|p2a: Excadrill
|-boost|p2a: Excadrill|atk|2
|move|p1a: Decidueye|Triple Arrows|p2a: Excadrill
|-supereffective|p2a: Excadrill
|-damage|p2a: Excadrill|0 fnt
|faint|p2a: Excadrill
|
|upkeep
|
|t:|1743782069
|switch|p2a: Kingambit|Kingambit, F|100/100
|-activate|p2a: Kingambit|ability: Supreme Overlord
|-start|p2a: Kingambit|fallen5|[silent]
|turn|25
|
|t:|1743782081
|-terastallize|p2a: Kingambit|Flying
|move|p1a: Decidueye|Triple Arrows|p2a: Kingambit
|-resisted|p2a: Kingambit
|-damage|p2a: Kingambit|88/100
|-unboost|p2a: Kingambit|def|1
|cant|p2a: Kingambit|flinch
|
|upkeep
|turn|26
|inactive|Battle timer is ON: inactive players will automatically lose when time's up. (requested by ast7979)
|
|t:|1743782114
|switch|p1a: Skarmory|Skarmory, M|100/100
|move|p2a: Kingambit|Sucker Punch||[still]
|-fail|p2a: Kingambit
|
|upkeep
|turn|27
|
|t:|1743782128
|move|p1a: Skarmory|Brave Bird|p2a: Kingambit
|-damage|p2a: Kingambit|41/100
|-damage|p1a: Skarmory|78/100|[from] Recoil
|move|p2a: Kingambit|Kowtow Cleave|p1a: Skarmory
|-damage|p1a: Skarmory|0 fnt
|faint|p1a: Skarmory
|
|upkeep
|
|t:|1743782140
|switch|p1a: Decidueye|Decidueye-Hisui, M, shiny|81/100
|turn|28
|
|t:|1743782147
|move|p2a: Kingambit|Sucker Punch|p1a: Decidueye
|-resisted|p1a: Decidueye
|-damage|p1a: Decidueye|55/100
|-damage|p2a: Kingambit|25/100|[from] item: Rocky Helmet|[of] p1a: Decidueye
|move|p1a: Decidueye|Triple Arrows|p2a: Kingambit
|-resisted|p2a: Kingambit
|-damage|p2a: Kingambit|7/100
|
|upkeep
|turn|29
|
|t:|1743782155
|move|p2a: Kingambit|Sucker Punch||[still]
|-fail|p2a: Kingambit
|move|p1a: Decidueye|Roost|p1a: Decidueye
|-heal|p1a: Decidueye|100/100
|-singleturn|p1a: Decidueye|move: Roost
|
|upkeep
|turn|30
|
|t:|1743782160
|move|p2a: Kingambit|Sucker Punch|p1a: Decidueye
|-resisted|p1a: Decidueye
|-damage|p1a: Decidueye|71/100
|-damage|p2a: Kingambit|0 fnt|[from] item: Rocky Helmet|[of] p1a: Decidueye
|faint|p2a: Kingambit
|-end|p2a: Kingambit|fallen5|[silent]
|
|win|Tulaf3rm
|raw|Tulaf3rm's rating: 1195 &rarr; <strong>1223</strong><br />(+28 for winning)
|raw|ast7979's rating: 1240 &rarr; <strong>1212</strong><br />(-28 for losing)
|c|☆ast7979|gg
|l|☆ast7979
|player|p2|
