|j|☆jatt on a sidewalk
|j|☆zamnazenta
|inactive|Battle timer is ON: inactive players will automatically lose when time's up.
|t:|1743860449
|gametype|singles
|player|p1|jatt on a sidewalk|rancher|
|player|p2|zamnazenta|miku-water|
|teamsize|p1|6
|teamsize|p2|6
|gen|9
|tier|[Gen 9] OU
|rated|Tournament battle
|rule|HP Percentage Mod: HP is shown in percentages
|rule|Endless Battle Clause: Forcing endless battles is banned
|rule|Species Clause: Limit one of each Pokémon
|rule|OHKO Clause: OHKO moves are banned
|rule|Evasion Items Clause: Evasion items are banned
|rule|Evasion Moves Clause: Evasion moves are banned
|rule|Sleep Moves Clause: Sleep-inducing moves are banned
|clearpoke
|poke|p1|Ogerpon, F|
|poke|p1|Clefable, F|
|poke|p1|Corviknight, F|
|poke|p1|Great Tusk|
|poke|p1|Ting-Lu|
|poke|p1|Darkrai|
|poke|p2|Ting-Lu|
|poke|p2|Gliscor, M|
|poke|p2|Sinistcha|
|poke|p2|Keldeo|
|poke|p2|Tinkaton, F|
|poke|p2|Dragonite, F|
|teampreview
|c|☆jatt on a sidewalk|hf
|c|☆jatt on a sidewalk|I sure do love facing bulky hazard stack
|
|t:|1743860471
|start
|switch|p1a: Great Tusk|Great Tusk|100/100
|switch|p2a: Tinkaton|Tinkaton, F|100/100
|-ability|p2a: Tinkaton|Mold Breaker
|-item|p2a: Tinkaton|Air Balloon
|turn|1
|
|t:|1743860479
|move|p2a: Tinkaton|Gigaton Hammer|p1a: Great Tusk
|-damage|p1a: Great Tusk|67/100
|move|p1a: Great Tusk|Stealth Rock|p2a: Tinkaton
|-sidestart|p2: zamnazenta|move: Stealth Rock
|
|upkeep
|turn|2
|
|t:|1743860490
|-end|p1a: Great Tusk|Protosynthesis|[silent]
|switch|p1a: Ogerpon|Ogerpon, F|100/100
|move|p2a: Tinkaton|Stealth Rock|p1a: Ogerpon
|-sidestart|p1: jatt on a sidewalk|move: Stealth Rock
|
|upkeep
|turn|3
|
|t:|1743860496
|move|p1a: Ogerpon|Encore|p2a: Tinkaton
|-start|p2a: Tinkaton|Encore
|move|p2a: Tinkaton|Stealth Rock||[still]
|-fail|p2a: Tinkaton
|
|upkeep
|turn|4
|
|t:|1743860502
|switch|p2a: Sinistcha|Sinistcha|100/100
|move|p1a: Ogerpon|Knock Off|p2a: Sinistcha
|-supereffective|p2a: Sinistcha
|-damage|p2a: Sinistcha|55/100
|-enditem|p2a: Sinistcha|Heavy-Duty Boots|[from] move: Knock Off|[of] p1a: Ogerpon
|
|upkeep
|turn|5
|
|t:|1743860507
|move|p1a: Ogerpon|Knock Off|p2a: Sinistcha
|-supereffective|p2a: Sinistcha
|-damage|p2a: Sinistcha|26/100
|move|p2a: Sinistcha|Strength Sap|p1a: Ogerpon
|-unboost|p1a: Ogerpon|atk|1
|-ability|p1a: Ogerpon|Defiant|boost
|-boost|p1a: Ogerpon|atk|2
|-heal|p2a: Sinistcha|100/100
|
|upkeep
|turn|6
|c|☆zamnazenta|ah
|
|t:|1743860516
|move|p1a: Ogerpon|Encore|p2a: Sinistcha
|-start|p2a: Sinistcha|Encore
|move|p2a: Sinistcha|Strength Sap|p1a: Ogerpon
|-unboost|p1a: Ogerpon|atk|1
|-ability|p1a: Ogerpon|Defiant|boost
|-boost|p1a: Ogerpon|atk|2
|
|upkeep
|turn|7
|c|☆zamnazenta|shiit
|
|t:|1743860527
|switch|p2a: Dragonite|Dragonite, F|100/100
|move|p1a: Ogerpon|Knock Off|p2a: Dragonite
|-damage|p2a: Dragonite|73/100
|-enditem|p2a: Dragonite|Heavy-Duty Boots|[from] move: Knock Off|[of] p1a: Ogerpon
|
|upkeep
|turn|8
|
|t:|1743860544
|move|p1a: Ogerpon|Knock Off|p2a: Dragonite
|-damage|p2a: Dragonite|35/100
|move|p2a: Dragonite|Dragon Tail|p1a: Ogerpon|[miss]
|-miss|p2a: Dragonite|p1a: Ogerpon
|
|upkeep
|turn|9
|j| arnavgupta
|
|t:|1743860554
|move|p2a: Dragonite|Extreme Speed|p1a: Ogerpon
|-damage|p1a: Ogerpon|62/100
|move|p1a: Ogerpon|Knock Off|p2a: Dragonite
|-damage|p2a: Dragonite|0 fnt
|faint|p2a: Dragonite
|
|upkeep
|
|t:|1743860563
|switch|p2a: Tinkaton|Tinkaton, F|100/100
|-damage|p2a: Tinkaton|94/100|[from] Stealth Rock
|-ability|p2a: Tinkaton|Mold Breaker
|-item|p2a: Tinkaton|Air Balloon
|turn|10
|
|t:|1743860568
|move|p1a: Ogerpon|U-turn|p2a: Tinkaton
|-resisted|p2a: Tinkaton
|-damage|p2a: Tinkaton|81/100
|-enditem|p2a: Tinkaton|Air Balloon
|
|t:|1743860570
|switch|p1a: Great Tusk|Great Tusk|67/100|[from] U-turn
|-damage|p1a: Great Tusk|64/100|[from] Stealth Rock
|move|p2a: Tinkaton|Thunder Wave|p1a: Great Tusk
|-immune|p1a: Great Tusk
|
|upkeep
|turn|11
|
|t:|1743860580
|switch|p2a: Sinistcha|Sinistcha|100/100
|-damage|p2a: Sinistcha|88/100|[from] Stealth Rock
|move|p1a: Great Tusk|Rapid Spin|p2a: Sinistcha
|-immune|p2a: Sinistcha
|
|upkeep
|turn|12
|
|t:|1743860589
|move|p1a: Great Tusk|Ice Spinner|p2a: Sinistcha
|-supereffective|p2a: Sinistcha
|-damage|p2a: Sinistcha|49/100
|move|p2a: Sinistcha|Calm Mind|p2a: Sinistcha
|-boost|p2a: Sinistcha|spa|1
|-boost|p2a: Sinistcha|spd|1
|
|upkeep
|turn|13
|j| mint latte
|j| Lavisse
|
|t:|1743860616
|-end|p1a: Great Tusk|Protosynthesis|[silent]
|switch|p1a: Ogerpon|Ogerpon, F|62/100
|move|p2a: Sinistcha|Strength Sap|p1a: Ogerpon
|-unboost|p1a: Ogerpon|atk|1
|-ability|p1a: Ogerpon|Defiant|boost
|-boost|p1a: Ogerpon|atk|2
|-heal|p2a: Sinistcha|100/100
|
|upkeep
|turn|14
|
|t:|1743860623
|switch|p2a: Tinkaton|Tinkaton, F|81/100
|-damage|p2a: Tinkaton|74/100|[from] Stealth Rock
|-ability|p2a: Tinkaton|Mold Breaker
|move|p1a: Ogerpon|Ivy Cudgel|p2a: Tinkaton
|-resisted|p2a: Tinkaton
|-damage|p2a: Tinkaton|37/100
|
|upkeep
|turn|15
|
|t:|1743860636
|switch|p2a: Sinistcha|Sinistcha|100/100
|-damage|p2a: Sinistcha|88/100|[from] Stealth Rock
|move|p1a: Ogerpon|Ivy Cudgel|p2a: Sinistcha
|-resisted|p2a: Sinistcha
|-damage|p2a: Sinistcha|65/100
|
|upkeep
|turn|16
|
|t:|1743860642
|move|p1a: Ogerpon|Knock Off|p2a: Sinistcha
|-supereffective|p2a: Sinistcha
|-damage|p2a: Sinistcha|22/100
|move|p2a: Sinistcha|Shadow Ball|p1a: Ogerpon
|-damage|p1a: Ogerpon|24/100
|
|upkeep
|turn|17
|
|t:|1743860647
|switch|p2a: Tinkaton|Tinkaton, F|37/100
|-damage|p2a: Tinkaton|31/100|[from] Stealth Rock
|-ability|p2a: Tinkaton|Mold Breaker
|move|p1a: Ogerpon|Knock Off|p2a: Tinkaton
|-resisted|p2a: Tinkaton
|-damage|p2a: Tinkaton|11/100
|
|upkeep
|turn|18
|
|t:|1743860651
|move|p1a: Ogerpon|Knock Off|p2a: Tinkaton
|-resisted|p2a: Tinkaton
|-damage|p2a: Tinkaton|0 fnt
|faint|p2a: Tinkaton
|
|upkeep
|
|t:|1743860653
|switch|p2a: Keldeo|Keldeo|100/100
|turn|19
|
|t:|1743860659
|switch|p1a: Clefable|Clefable, F|100/100
|move|p2a: Keldeo|Vacuum Wave|p1a: Clefable
|-resisted|p1a: Clefable
|-damage|p1a: Clefable|91/100
|
|-heal|p1a: Clefable|97/100|[from] item: Leftovers
|upkeep
|turn|20
|l| Lavisse
|
|t:|1743860664
|move|p2a: Keldeo|Flip Turn|p1a: Clefable
|-damage|p1a: Clefable|87/100
|
|t:|1743860666
|switch|p2a: Gliscor|Gliscor, M|100/100|[from] Flip Turn
|-damage|p2a: Gliscor|88/100|[from] Stealth Rock
|move|p1a: Clefable|Moonblast|p2a: Gliscor
|-damage|p2a: Gliscor|46/100
|
|-heal|p1a: Clefable|93/100|[from] item: Leftovers
|-status|p2a: Gliscor|tox|[from] item: Toxic Orb
|upkeep
|turn|21
|
|t:|1743860671
|move|p2a: Gliscor|Protect|p2a: Gliscor
|-singleturn|p2a: Gliscor|Protect
|move|p1a: Clefable|Calm Mind|p1a: Clefable
|-boost|p1a: Clefable|spa|1
|-boost|p1a: Clefable|spd|1
|
|-heal|p1a: Clefable|99/100|[from] item: Leftovers
|-heal|p2a: Gliscor|59/100 tox|[from] ability: Poison Heal
|upkeep
|turn|22
|l| mint latte
|-message|zamnazenta forfeited.
|
|win|jatt on a sidewalk
|n|☆jatt on a sidewalk|jattonasidewalk
|n|☆zamnazenta|zamnazenta
|n| arnavgupta|arnavgupta
|l|☆zamnazenta
|player|p2|
|c|☆jatt on a sidewalk|gg
