|j|☆zyrininx
|j|☆bigz42069
|t:|1743803961
|gametype|singles
|player|p1|zyrininx|ingo|1229
|player|p2|bigz42069|blackbelt-gen4dp|1218
|teamsize|p1|6
|teamsize|p2|6
|gen|9
|tier|[Gen 9] OU
|rated|
|rule|HP Percentage Mod: HP is shown in percentages
|rule|Endless Battle Clause: Forcing endless battles is banned
|rule|Species Clause: Limit one of each Pokémon
|rule|OHKO Clause: OHKO moves are banned
|rule|Evasion Items Clause: Evasion items are banned
|rule|Evasion Moves Clause: Evasion moves are banned
|rule|Sleep Moves Clause: Sleep-inducing moves are banned
|clearpoke
|poke|p1|Mesprit|
|poke|p1|Floatzel, M|
|poke|p1|Whimsicott, F|
|poke|p1|Passimian, M|
|poke|p1|Regirock|
|poke|p1|Qwilfish, M|
|poke|p2|Tyranitar, M|
|poke|p2|Excadrill, F|
|poke|p2|Rotom-Wash|
|poke|p2|Garganacl, F|
|poke|p2|Dragapult, F|
|poke|p2|Iron Valiant|
|teampreview
|inactive|Battle timer is ON: inactive players will automatically lose when time's up. (requested by bigz42069)
|
|t:|1743803987
|start
|switch|p1a: Mesprit|Mesprit, shiny|100/100
|switch|p2a: Tyranitar|Tyranitar, M|100/100
|-weather|Sandstorm|[from] ability: Sand Stream|[of] p2a: Tyranitar
|turn|1
|
|t:|1743804000
|move|p1a: Mesprit|Healing Wish|p1a: Mesprit
|faint|p1a: Mesprit
|move|p2a: Tyranitar|Knock Off|p1: Mesprit|[notarget]
|-fail|p2a: Tyranitar
|
|-weather|Sandstorm|[upkeep]
|upkeep
|
|t:|1743804008
|switch|p1a: Floatzel|Floatzel, M, shiny|100/100
|turn|2
|
|t:|1743804013
|-terastallize|p1a: Floatzel|Water
|move|p1a: Floatzel|Wave Crash|p2a: Tyranitar
|-supereffective|p2a: Tyranitar
|-damage|p2a: Tyranitar|0 fnt
|faint|p2a: Tyranitar
|-damage|p1a: Floatzel|58/100|[from] Recoil
|
|-weather|Sandstorm|[upkeep]
|-damage|p1a: Floatzel|52/100|[from] Sandstorm
|upkeep
|
|t:|1743804023
|switch|p2a: Rotom|Rotom-Wash|100/100
|turn|3
|
|t:|1743804028
|switch|p1a: Whimsicott|Whimsicott, F, shiny|100/100
|move|p2a: Rotom|Volt Switch|p1a: Whimsicott
|-resisted|p1a: Whimsicott
|-damage|p1a: Whimsicott|79/100
|
|t:|1743804035
|switch|p2a: Excadrill|Excadrill, F|100/100|[from] Volt Switch
|-item|p2a: Excadrill|Air Balloon
|
|-weather|Sandstorm|[upkeep]
|-damage|p1a: Whimsicott|73/100|[from] Sandstorm
|upkeep
|turn|4
|
|t:|1743804048
|move|p2a: Excadrill|Swords Dance|p2a: Excadrill
|-boost|p2a: Excadrill|atk|2
|move|p1a: Whimsicott|Switcheroo|p2a: Excadrill
|-activate|p1a: Whimsicott|move: Trick|[of] p2a: Excadrill
|-item|p2a: Excadrill|Choice Specs|[from] move: Switcheroo
|-item|p1a: Whimsicott|Air Balloon
|-item|p1a: Whimsicott|Air Balloon|[from] move: Switcheroo
|
|-weather|Sandstorm|[upkeep]
|-damage|p1a: Whimsicott|67/100|[from] Sandstorm
|upkeep
|turn|5
|
|t:|1743804063
|-terastallize|p2a: Excadrill|Fire
|move|p2a: Excadrill|Tera Blast|p1a: Whimsicott|[anim] Tera Blast Fire
|-supereffective|p1a: Whimsicott
|-damage|p1a: Whimsicott|0 fnt
|-enditem|p1a: Whimsicott|Air Balloon
|faint|p1a: Whimsicott
|
|-weather|none
|upkeep
|
|t:|1743804072
|switch|p1a: Regirock|Regirock|100/100
|turn|6
|
|t:|1743804079
|switch|p2a: Rotom|Rotom-Wash|100/100
|move|p1a: Regirock|Iron Defense|p1a: Regirock
|-boost|p1a: Regirock|def|2
|
|upkeep
|turn|7
|
|t:|1743804086
|move|p2a: Rotom|Hydro Pump|p1a: Regirock
|-supereffective|p1a: Regirock
|-damage|p1a: Regirock|42/100
|move|p1a: Regirock|Iron Defense|p1a: Regirock
|-boost|p1a: Regirock|def|2
|
|-heal|p1a: Regirock|48/100|[from] item: Leftovers
|upkeep
|turn|8
|
|t:|1743804096
|switch|p1a: Qwilfish|Qwilfish, M|100/100
|-ability|p1a: Qwilfish|Intimidate|boost
|-unboost|p2a: Rotom|atk|1
|move|p2a: Rotom|Hydro Pump|p1a: Qwilfish
|-resisted|p1a: Qwilfish
|-damage|p1a: Qwilfish|61/100
|
|upkeep
|turn|9
|
|t:|1743804106
|move|p1a: Qwilfish|Gunk Shot|p2a: Rotom
|-crit|p2a: Rotom
|-damage|p2a: Rotom|39/100
|-status|p2a: Rotom|psn
|move|p2a: Rotom|Will-O-Wisp|p1a: Qwilfish
|-status|p1a: Qwilfish|brn
|
|-damage|p2a: Rotom|26/100 psn|[from] psn
|-damage|p1a: Qwilfish|55/100 brn|[from] brn
|upkeep
|turn|10
|
|t:|1743804116
|move|p1a: Qwilfish|Gunk Shot|p2a: Rotom
|-damage|p2a: Rotom|6/100 psn
|move|p2a: Rotom|Pain Split|p1a: Qwilfish
|-sethp|p1a: Qwilfish|31/100 brn|[from] move: Pain Split|[silent]
|-sethp|p2a: Rotom|28/100 psn|[from] move: Pain Split
|
|-damage|p2a: Rotom|15/100 psn|[from] psn
|-damage|p1a: Qwilfish|25/100 brn|[from] brn
|upkeep
|turn|11
|
|t:|1743804125
|switch|p2a: Excadrill|Excadrill, F, tera:Fire|100/100
|move|p1a: Qwilfish|Gunk Shot|p2a: Excadrill
|-damage|p2a: Excadrill|63/100
|
|-damage|p1a: Qwilfish|19/100 brn|[from] brn
|upkeep
|turn|12
|
|t:|1743804134
|move|p1a: Qwilfish|Gunk Shot|p2a: Excadrill
|-damage|p2a: Excadrill|27/100
|move|p2a: Excadrill|Earthquake|p1a: Qwilfish
|-supereffective|p1a: Qwilfish
|-damage|p1a: Qwilfish|0 fnt
|faint|p1a: Qwilfish
|
|upkeep
|
|t:|1743804143
|switch|p1a: Passimian|Passimian, M|100/100
|turn|13
|
|t:|1743804148
|move|p1a: Passimian|Earthquake|p2a: Excadrill
|-supereffective|p2a: Excadrill
|-damage|p2a: Excadrill|0 fnt
|faint|p2a: Excadrill
|
|upkeep
|
|t:|1743804153
|switch|p2a: Rotom|Rotom-Wash|15/100 psn
|turn|14
|
|t:|1743804161
|switch|p1a: Floatzel|Floatzel, M, shiny, tera:Water|52/100
|-heal|p1a: Floatzel|100/100|[from] move: Healing Wish
|move|p2a: Rotom|Hydro Pump|p1a: Floatzel
|-resisted|p1a: Floatzel
|-damage|p1a: Floatzel|62/100
|
|-damage|p2a: Rotom|3/100 psn|[from] psn
|upkeep
|turn|15
|
|t:|1743804172
|move|p1a: Floatzel|Aqua Jet|p2a: Rotom
|-resisted|p2a: Rotom
|-damage|p2a: Rotom|0 fnt
|-damage|p1a: Floatzel|46/100|[from] item: Rocky Helmet|[of] p2a: Rotom
|faint|p2a: Rotom
|
|upkeep
|
|t:|1743804177
|switch|p2a: Iron Valiant|Iron Valiant|100/100
|turn|16
|
|t:|1743804182
|move|p1a: Floatzel|Aqua Jet|p2a: Iron Valiant
|-damage|p2a: Iron Valiant|67/100
|move|p2a: Iron Valiant|Thunderbolt|p1a: Floatzel
|-supereffective|p1a: Floatzel
|-damage|p1a: Floatzel|0 fnt
|faint|p1a: Floatzel
|
|upkeep
|
|t:|1743804192
|switch|p1a: Regirock|Regirock|48/100
|turn|17
|
|t:|1743804199
|move|p2a: Iron Valiant|Close Combat|p1a: Regirock
|-supereffective|p1a: Regirock
|-damage|p1a: Regirock|2/100
|-unboost|p2a: Iron Valiant|def|1
|-unboost|p2a: Iron Valiant|spd|1
|move|p1a: Regirock|Iron Defense|p1a: Regirock
|-boost|p1a: Regirock|def|2
|
|-heal|p1a: Regirock|8/100|[from] item: Leftovers
|upkeep
|turn|18
|
|t:|1743804210
|move|p2a: Iron Valiant|Knock Off|p1a: Regirock
|-damage|p1a: Regirock|1/100
|-enditem|p1a: Regirock|Leftovers|[from] move: Knock Off|[of] p2a: Iron Valiant
|move|p1a: Regirock|Body Press|p2a: Iron Valiant
|-resisted|p2a: Iron Valiant
|-damage|p2a: Iron Valiant|0 fnt
|faint|p2a: Iron Valiant
|-end|p2a: Iron Valiant|Quark Drive|[silent]
|
|upkeep
|
|t:|1743804215
|switch|p2a: Dragapult|Dragapult, F|100/100
|turn|19
|
|t:|1743804222
|move|p2a: Dragapult|U-turn|p1a: Regirock
|-damage|p1a: Regirock|0 fnt
|faint|p1a: Regirock
|
|t:|1743804226
|switch|p2a: Garganacl|Garganacl, F|100/100|[from] U-turn
|
|upkeep
|
|t:|1743804230
|switch|p1a: Passimian|Passimian, M|100/100
|turn|20
|
|t:|1743804248
|move|p1a: Passimian|Knock Off|p2a: Garganacl
|-damage|p2a: Garganacl|78/100
|-enditem|p2a: Garganacl|Leftovers|[from] move: Knock Off|[of] p1a: Passimian
|move|p2a: Garganacl|Salt Cure|p1a: Passimian
|-resisted|p1a: Passimian
|-damage|p1a: Passimian|93/100
|-start|p1a: Passimian|Salt Cure
|
|-damage|p1a: Passimian|81/100|[from] Salt Cure
|upkeep
|turn|21
|
|t:|1743804257
|move|p1a: Passimian|Knock Off|p2a: Garganacl
|-damage|p2a: Garganacl|64/100
|move|p2a: Garganacl|Stealth Rock|p1a: Passimian
|-sidestart|p1: zyrininx|move: Stealth Rock
|
|-damage|p1a: Passimian|68/100|[from] Salt Cure
|upkeep
|turn|22
|
|t:|1743804263
|move|p1a: Passimian|Knock Off|p2a: Garganacl
|-damage|p2a: Garganacl|50/100
|move|p2a: Garganacl|Recover|p2a: Garganacl
|-heal|p2a: Garganacl|99/100
|
|-damage|p1a: Passimian|56/100|[from] Salt Cure
|upkeep
|turn|23
|-message|zyrininx forfeited.
|
|win|bigz42069
|raw|zyrininx's rating: 1229 &rarr; <strong>1203</strong><br />(-26 for losing)
|raw|bigz42069's rating: 1218 &rarr; <strong>1244</strong><br />(+26 for winning)
|l|☆zyrininx
|player|p1|
