|j|☆918kw
|j|☆antwan420
|t:|1743826133
|gametype|singles
|player|p1|918kw|lucas|1287
|player|p2|antwan420|unknown|1348
|teamsize|p1|6
|teamsize|p2|6
|gen|9
|tier|[Gen 9] OU
|rated|
|rule|HP Percentage Mod: HP is shown in percentages
|rule|Endless Battle Clause: Forcing endless battles is banned
|rule|Species Clause: Limit one of each Pokémon
|rule|OHKO Clause: OHKO moves are banned
|rule|Evasion Items Clause: Evasion items are banned
|rule|Evasion Moves Clause: Evasion moves are banned
|rule|Sleep Moves Clause: Sleep-inducing moves are banned
|clearpoke
|poke|p1|Lokix, M|
|poke|p1|Slowbro-Galar, F|
|poke|p1|Gyarados, F|
|poke|p1|Coalossal, F|
|poke|p1|Crawdaunt, M|
|poke|p1|Iron Treads|
|poke|p2|Necrozma|
|poke|p2|Keldeo-Resolute|
|poke|p2|Cyclizar, F|
|poke|p2|Entei|
|poke|p2|Thundurus-Therian, M|
|poke|p2|Amoonguss, F|
|teampreview
|inactive|Battle timer is ON: inactive players will automatically lose when time's up. (requested by 918kw)
|
|t:|1743826164
|start
|switch|p1a: Crawdaunt|Crawdaunt, M|100/100
|switch|p2a: Amoonguss|Amoonguss, F|100/100
|turn|1
|
|t:|1743826169
|move|p1a: Crawdaunt|Dragon Dance|p1a: Crawdaunt
|-boost|p1a: Crawdaunt|atk|1
|-boost|p1a: Crawdaunt|spe|1
|move|p2a: Amoonguss|Toxic|p1a: Crawdaunt
|-status|p1a: Crawdaunt|tox
|
|-damage|p1a: Crawdaunt|95/100 tox|[from] psn
|upkeep
|turn|2
|
|t:|1743826174
|move|p1a: Crawdaunt|Crunch|p2a: Amoonguss
|-damage|p2a: Amoonguss|35/100
|-unboost|p2a: Amoonguss|def|1
|move|p2a: Amoonguss|Giga Drain|p1a: Crawdaunt
|-supereffective|p1a: Crawdaunt
|-damage|p1a: Crawdaunt|2/100 tox
|-heal|p2a: Amoonguss|64/100|[from] drain|[of] p1a: Crawdaunt
|
|-damage|p1a: Crawdaunt|0 fnt|[from] psn
|faint|p1a: Crawdaunt
|upkeep
|
|t:|1743826182
|switch|p1a: Lokix|Lokix, M|100/100
|turn|3
|
|t:|1743826186
|move|p1a: Lokix|U-turn|p2a: Amoonguss
|-damage|p2a: Amoonguss|26/100
|
|t:|1743826190
|switch|p1a: Iron Treads|Iron Treads|100/100|[from] U-turn
|-enditem|p1a: Iron Treads|Booster Energy
|-activate|p1a: Iron Treads|ability: Quark Drive|[fromitem]
|-start|p1a: Iron Treads|quarkdrivespe
|move|p2a: Amoonguss|Toxic|p1a: Iron Treads
|-immune|p1a: Iron Treads
|
|upkeep
|turn|4
|
|t:|1743826196
|switch|p2a: Thundurus|Thundurus-Therian, M|100/100
|move|p1a: Iron Treads|Ice Spinner|p2a: Thundurus
|-supereffective|p2a: Thundurus
|-damage|p2a: Thundurus|23/100
|
|upkeep
|turn|5
|
|t:|1743826205
|switch|p2a: Entei|Entei|100/100
|move|p1a: Iron Treads|Ice Spinner|p2a: Entei
|-resisted|p2a: Entei
|-damage|p2a: Entei|87/100
|
|upkeep
|turn|6
|
|t:|1743826217
|switch|p2a: Necrozma|Necrozma|100/100
|move|p1a: Iron Treads|Earthquake|p2a: Necrozma
|-damage|p2a: Necrozma|58/100
|
|upkeep
|turn|7
|
|t:|1743826223
|move|p1a: Iron Treads|Earthquake|p2a: Necrozma
|-damage|p2a: Necrozma|15/100
|move|p2a: Necrozma|Earth Power|p1a: Iron Treads
|-supereffective|p1a: Iron Treads
|-damage|p1a: Iron Treads|9/100
|
|upkeep
|turn|8
|
|t:|1743826228
|move|p1a: Iron Treads|Earthquake|p2a: Necrozma
|-damage|p2a: Necrozma|0 fnt
|faint|p2a: Necrozma
|
|upkeep
|
|t:|1743826242
|switch|p2a: Cyclizar|Cyclizar, F|100/100
|turn|9
|
|t:|1743826249
|move|p1a: Iron Treads|Ice Spinner|p2a: Cyclizar
|-supereffective|p2a: Cyclizar
|-damage|p2a: Cyclizar|29/100
|move|p2a: Cyclizar|U-turn|p1a: Iron Treads
|-resisted|p1a: Iron Treads
|-damage|p1a: Iron Treads|2/100
|
|t:|1743826255
|switch|p2a: Entei|Entei|87/100|[from] U-turn
|
|upkeep
|turn|10
|
|t:|1743826259
|move|p2a: Entei|Extreme Speed|p1a: Iron Treads
|-resisted|p1a: Iron Treads
|-damage|p1a: Iron Treads|0 fnt
|faint|p1a: Iron Treads
|-end|p1a: Iron Treads|Quark Drive|[silent]
|
|upkeep
|
|t:|1743826262
|switch|p1a: Lokix|Lokix, M|100/100
|turn|11
|
|t:|1743826266
|switch|p2a: Amoonguss|Amoonguss, F|59/100
|move|p1a: Lokix|First Impression|p2a: Amoonguss
|-damage|p2a: Amoonguss|26/100
|
|upkeep
|turn|12
|
|t:|1743826272
|move|p1a: Lokix|Knock Off|p2a: Amoonguss
|-damage|p2a: Amoonguss|0 fnt
|-enditem|p2a: Amoonguss|Heavy-Duty Boots|[from] move: Knock Off|[of] p1a: Lokix
|faint|p2a: Amoonguss
|
|upkeep
|
|t:|1743826280
|switch|p2a: Entei|Entei|87/100
|turn|13
|
|t:|1743826285
|switch|p1a: Coalossal|Coalossal, F|100/100
|move|p2a: Entei|Sacred Fire|p1a: Coalossal
|-resisted|p1a: Coalossal
|-damage|p1a: Coalossal|87/100
|-ability|p1a: Coalossal|Steam Engine|boost
|-boost|p1a: Coalossal|spe|6
|
|upkeep
|turn|14
|
|t:|1743826297
|switch|p2a: Cyclizar|Cyclizar, F|62/100
|move|p1a: Coalossal|Meteor Beam||[still]
|-prepare|p1a: Coalossal|Meteor Beam
|-boost|p1a: Coalossal|spa|1
|-enditem|p1a: Coalossal|Power Herb
|-anim|p1a: Coalossal|Meteor Beam|p2a: Cyclizar|[miss]
|-miss|p1a: Coalossal|p2a: Cyclizar
|
|upkeep
|turn|15
|
|t:|1743826305
|move|p1a: Coalossal|Will-O-Wisp|p2a: Cyclizar|[miss]
|-miss|p1a: Coalossal|p2a: Cyclizar
|move|p2a: Cyclizar|Dragon Tail|p1a: Coalossal
|-damage|p1a: Coalossal|73/100
|drag|p1a: Gyarados|Gyarados, F|100/100
|
|upkeep
|turn|16
|
|t:|1743826313
|move|p2a: Cyclizar|U-turn|p1a: Gyarados
|-resisted|p1a: Gyarados
|-damage|p1a: Gyarados|91/100
|
|t:|1743826319
|switch|p2a: Keldeo|Keldeo-Resolute|100/100|[from] U-turn
|move|p1a: Gyarados|Ice Fang|p2a: Keldeo
|-resisted|p2a: Keldeo
|-damage|p2a: Keldeo|87/100
|
|-heal|p2a: Keldeo|93/100|[from] item: Leftovers
|upkeep
|turn|17
|
|t:|1743826325
|switch|p1a: Lokix|Lokix, M|100/100
|move|p2a: Keldeo|Substitute|p2a: Keldeo
|-start|p2a: Keldeo|Substitute
|-damage|p2a: Keldeo|68/100
|
|-heal|p2a: Keldeo|74/100|[from] item: Leftovers
|upkeep
|turn|18
|
|t:|1743826332
|move|p1a: Lokix|First Impression|p2a: Keldeo
|-resisted|p2a: Keldeo
|-end|p2a: Keldeo|Substitute
|move|p2a: Keldeo|Surf|p1a: Lokix
|-damage|p1a: Lokix|7/100
|
|-heal|p2a: Keldeo|80/100|[from] item: Leftovers
|upkeep
|turn|19
|
|t:|1743826344
|move|p2a: Keldeo|Surf|p1a: Lokix
|-damage|p1a: Lokix|0 fnt
|faint|p1a: Lokix
|
|-heal|p2a: Keldeo|87/100|[from] item: Leftovers
|upkeep
|
|t:|1743826348
|switch|p1a: Slowbro|Slowbro-Galar, F|100/100
|turn|20
|-activate|p1a: Slowbro|ability: Quick Draw
|
|t:|1743826364
|switch|p2a: Entei|Entei|87/100
|move|p1a: Slowbro|Psychic|p2a: Entei
|-damage|p2a: Entei|39/100
|
|upkeep
|turn|21
|
|t:|1743826371
|move|p2a: Entei|Sacred Fire|p1a: Slowbro
|-damage|p1a: Slowbro|49/100
|-status|p1a: Slowbro|brn
|move|p1a: Slowbro|Psychic|p2a: Entei
|-damage|p2a: Entei|0 fnt
|faint|p2a: Entei
|
|-damage|p1a: Slowbro|43/100 brn|[from] brn
|upkeep
|
|t:|1743826379
|switch|p2a: Cyclizar|Cyclizar, F|95/100
|turn|22
|-activate|p1a: Slowbro|ability: Quick Draw
|
|t:|1743826382
|move|p1a: Slowbro|Sludge Wave|p2a: Cyclizar
|-damage|p2a: Cyclizar|61/100
|move|p2a: Cyclizar|Knock Off|p1a: Slowbro
|-supereffective|p1a: Slowbro
|-damage|p1a: Slowbro|13/100 brn
|-enditem|p1a: Slowbro|Quick Claw|[from] move: Knock Off|[of] p2a: Cyclizar
|
|-damage|p1a: Slowbro|7/100 brn|[from] brn
|upkeep
|turn|23
|
|t:|1743826392
|move|p2a: Cyclizar|U-turn|p1a: Slowbro
|-damage|p1a: Slowbro|0 fnt
|faint|p1a: Slowbro
|
|t:|1743826397
|switch|p2a: Thundurus|Thundurus-Therian, M|23/100|[from] U-turn
|
|upkeep
|
|t:|1743826401
|switch|p1a: Gyarados|Gyarados, F|91/100
|turn|24
|
|t:|1743826407
|-terastallize|p1a: Gyarados|Ground
|move|p2a: Thundurus|U-turn|p1a: Gyarados
|-damage|p1a: Gyarados|72/100
|
|t:|1743826411
|switch|p2a: Keldeo|Keldeo-Resolute|87/100|[from] U-turn
|move|p1a: Gyarados|Dragon Dance|p1a: Gyarados
|-boost|p1a: Gyarados|atk|1
|-boost|p1a: Gyarados|spe|1
|
|-heal|p2a: Keldeo|93/100|[from] item: Leftovers
|upkeep
|turn|25
|
|t:|1743826419
|move|p1a: Gyarados|Earthquake|p2a: Keldeo
|-damage|p2a: Keldeo|2/100
|move|p2a: Keldeo|Surf|p1a: Gyarados
|-supereffective|p1a: Gyarados
|-damage|p1a: Gyarados|0 fnt
|faint|p1a: Gyarados
|
|-heal|p2a: Keldeo|9/100|[from] item: Leftovers
|upkeep
|
|t:|1743826423
|switch|p1a: Coalossal|Coalossal, F|73/100
|turn|26
|
|t:|1743826425
|move|p2a: Keldeo|Surf|p1a: Coalossal
|-supereffective|p1a: Coalossal
|-damage|p1a: Coalossal|0 fnt
|faint|p1a: Coalossal
|
|win|antwan420
|raw|918kw's rating: 1287 &rarr; <strong>1266</strong><br />(-21 for losing)
|raw|antwan420's rating: 1348 &rarr; <strong>1365</strong><br />(+17 for winning)
|l|☆918kw
|player|p1|
|l|☆antwan420
|player|p2|
