|j|☆Crabish29
|j|☆j wilk sip milk
|t:|1743786535
|gametype|singles
|player|p1|Crabish29|brycenman|1193
|player|p2|j wilk sip milk|pokemaniac|1130
|teamsize|p1|6
|teamsize|p2|6
|gen|9
|tier|[Gen 9] OU
|rated|
|rule|HP Percentage Mod: HP is shown in percentages
|rule|Endless Battle Clause: Forcing endless battles is banned
|rule|Species Clause: Limit one of each Pokémon
|rule|OHKO Clause: OHKO moves are banned
|rule|Evasion Items Clause: Evasion items are banned
|rule|Evasion Moves Clause: Evasion moves are banned
|rule|Sleep Moves Clause: Sleep-inducing moves are banned
|clearpoke
|poke|p1|Gliscor, M|
|poke|p1|Metagross|
|poke|p1|Rotom-Wash|
|poke|p1|Venusaur, M|
|poke|p1|Scrafty, F|
|poke|p1|Clefable, F|
|poke|p2|Ursaluna, F|
|poke|p2|Dondozo, M|
|poke|p2|Rillaboom, F|
|poke|p2|Corviknight, F|
|poke|p2|Slowking-Galar, F|
|poke|p2|Dragapult, M|
|teampreview
|
|t:|1743786552
|start
|switch|p1a: Thugnifacint|Scrafty, F|100/100
|switch|p2a: Slowking|Slowking-Galar, F|100/100
|-ability|p1a: Thugnifacint|Intimidate|boost
|-unboost|p2a: Slowking|atk|1
|turn|1
|inactive|Battle timer is ON: inactive players will automatically lose when time's up. (requested by Crabish29)
|
|t:|1743786592
|-terastallize|p2a: Slowking|Poison
|move|p1a: Thugnifacint|Knock Off|p2a: Slowking
|-damage|p2a: Slowking|55/100
|-enditem|p2a: Slowking|Assault Vest|[from] move: Knock Off|[of] p1a: Thugnifacint
|move|p2a: Slowking|Sludge Bomb|p1a: Thugnifacint
|-damage|p1a: Thugnifacint|39/100
|-status|p1a: Thugnifacint|psn
|
|-heal|p1a: Thugnifacint|44/100 psn|[from] item: Leftovers
|-damage|p1a: Thugnifacint|32/100 psn|[from] psn
|upkeep
|turn|2
|
|t:|1743786606
|move|p1a: Thugnifacint|Close Combat|p2a: Slowking
|-resisted|p2a: Slowking
|-damage|p2a: Slowking|25/100
|-unboost|p1a: Thugnifacint|def|1
|-unboost|p1a: Thugnifacint|spd|1
|move|p2a: Slowking|Sludge Bomb|p1a: Thugnifacint
|-damage|p1a: Thugnifacint|0 fnt
|faint|p1a: Thugnifacint
|
|upkeep
|
|t:|1743786616
|switch|p1a: Daddy metal legs|Metagross|100/100
|turn|3
|
|t:|1743786621
|move|p1a: Daddy metal legs|Meteor Mash|p2a: Slowking
|-damage|p2a: Slowking|0 fnt
|faint|p2a: Slowking
|
|upkeep
|
|t:|1743786642
|switch|p2a: Ursaluna|Ursaluna, F|100/100
|turn|4
|
|t:|1743786647
|switch|p1a: Spin cycle|Rotom-Wash|100/100
|move|p2a: Ursaluna|Swords Dance|p2a: Ursaluna
|-boost|p2a: Ursaluna|atk|2
|
|-status|p2a: Ursaluna|brn|[from] item: Flame Orb
|upkeep
|turn|5
|
|t:|1743786665
|move|p1a: Spin cycle|Hydro Pump|p2a: Ursaluna
|-supereffective|p2a: Ursaluna
|-damage|p2a: Ursaluna|15/100 brn
|move|p2a: Ursaluna|Headlong Rush|p1a: Spin cycle
|-immune|p1a: Spin cycle|[from] ability: Levitate
|
|-damage|p2a: Ursaluna|8/100 brn|[from] brn
|upkeep
|turn|6
|inactive|j wilk sip milk has 120 seconds left.
|
|t:|1743786692
|switch|p2a: Rillaboom|Rillaboom, F|100/100
|-fieldstart|move: Grassy Terrain|[from] ability: Grassy Surge|[of] p2a: Rillaboom
|move|p1a: Spin cycle|Hydro Pump|p2a: Rillaboom
|-resisted|p2a: Rillaboom
|-damage|p2a: Rillaboom|67/100
|
|-heal|p2a: Rillaboom|73/100|[from] Grassy Terrain
|-heal|p2a: Rillaboom|79/100|[from] item: Leftovers
|upkeep
|turn|7
|
|t:|1743786703
|switch|p1a: Saurrrrrrrr|Venusaur, M|100/100
|move|p2a: Rillaboom|Wood Hammer|p1a: Saurrrrrrrr
|-resisted|p1a: Saurrrrrrrr
|-damage|p1a: Saurrrrrrrr|83/100
|-damage|p2a: Rillaboom|74/100|[from] Recoil
|
|-heal|p2a: Rillaboom|80/100|[from] Grassy Terrain
|-heal|p2a: Rillaboom|86/100|[from] item: Leftovers
|-heal|p1a: Saurrrrrrrr|90/100|[from] Grassy Terrain
|upkeep
|turn|8
|
|t:|1743786716
|switch|p2a: Corviknight|Corviknight, F|100/100
|move|p1a: Saurrrrrrrr|Sludge Bomb|p2a: Corviknight
|-immune|p2a: Corviknight
|
|-heal|p1a: Saurrrrrrrr|96/100|[from] Grassy Terrain
|upkeep
|turn|9
|
|t:|1743786726
|switch|p1a: Meth head|Gliscor, M|100/100
|move|p2a: Corviknight|Body Press|p1a: Meth head
|-resisted|p1a: Meth head
|-damage|p1a: Meth head|90/100
|
|-status|p1a: Meth head|tox|[from] item: Toxic Orb
|upkeep
|turn|10
|
|t:|1743786741
|move|p2a: Corviknight|Protect|p2a: Corviknight
|-singleturn|p2a: Corviknight|Protect
|move|p1a: Meth head|U-turn|p2a: Corviknight
|-activate|p2a: Corviknight|move: Protect
|
|-heal|p1a: Meth head|100/100 tox|[from] ability: Poison Heal
|-fieldend|move: Grassy Terrain
|upkeep
|turn|11
|
|t:|1743786759
|switch|p2a: Dondozo|Dondozo, M|100/100
|move|p1a: Meth head|U-turn|p2a: Dondozo
|-damage|p2a: Dondozo|93/100
|
|t:|1743786765
|switch|p1a: Spin cycle|Rotom-Wash|100/100|[from] U-turn
|
|upkeep
|turn|12
|
|t:|1743786776
|switch|p2a: Rillaboom|Rillaboom, F|86/100
|-fieldstart|move: Grassy Terrain|[from] ability: Grassy Surge|[of] p2a: Rillaboom
|move|p1a: Spin cycle|Will-O-Wisp|p2a: Rillaboom
|-status|p2a: Rillaboom|brn
|
|-heal|p2a: Rillaboom|92/100 brn|[from] Grassy Terrain
|-heal|p2a: Rillaboom|98/100 brn|[from] item: Leftovers
|-damage|p2a: Rillaboom|92/100 brn|[from] brn
|upkeep
|turn|13
|
|t:|1743786789
|switch|p1a: Saurrrrrrrr|Venusaur, M|96/100
|move|p2a: Rillaboom|Swords Dance|p2a: Rillaboom
|-boost|p2a: Rillaboom|atk|2
|
|-heal|p2a: Rillaboom|98/100 brn|[from] Grassy Terrain
|-heal|p2a: Rillaboom|100/100 brn|[from] item: Leftovers
|-heal|p1a: Saurrrrrrrr|100/100|[from] Grassy Terrain
|-damage|p2a: Rillaboom|94/100 brn|[from] brn
|upkeep
|turn|14
|
|t:|1743786800
|move|p2a: Rillaboom|Drain Punch|p1a: Saurrrrrrrr
|-resisted|p1a: Saurrrrrrrr
|-damage|p1a: Saurrrrrrrr|89/100
|-heal|p2a: Rillaboom|100/100 brn|[from] drain|[of] p1a: Saurrrrrrrr
|move|p1a: Saurrrrrrrr|Sludge Bomb|p2a: Rillaboom
|-supereffective|p2a: Rillaboom
|-damage|p2a: Rillaboom|4/100 brn
|
|-heal|p2a: Rillaboom|10/100 brn|[from] Grassy Terrain
|-heal|p2a: Rillaboom|16/100 brn|[from] item: Leftovers
|-heal|p1a: Saurrrrrrrr|95/100|[from] Grassy Terrain
|-damage|p2a: Rillaboom|10/100 brn|[from] brn
|upkeep
|turn|15
|
|t:|1743786814
|switch|p2a: Dragapult|Dragapult, M|100/100
|move|p1a: Saurrrrrrrr|Sludge Bomb|p2a: Dragapult
|-resisted|p2a: Dragapult
|-damage|p2a: Dragapult|75/100
|
|-heal|p2a: Dragapult|81/100|[from] Grassy Terrain
|-heal|p1a: Saurrrrrrrr|100/100|[from] Grassy Terrain
|upkeep
|turn|16
|
|t:|1743786824
|switch|p1a: That b|Clefable, F|100/100
|move|p2a: Dragapult|Thunder Wave|p1a: That b
|-status|p1a: That b|par
|
|-heal|p2a: Dragapult|87/100|[from] Grassy Terrain
|-fieldend|move: Grassy Terrain
|upkeep
|turn|17
|
|t:|1743786840
|move|p2a: Dragapult|Hex|p1a: That b
|-damage|p1a: That b|59/100 par
|cant|p1a: That b|par
|
|-heal|p1a: That b|65/100 par|[from] item: Leftovers
|upkeep
|turn|18
|
|t:|1743786864
|switch|p2a: Corviknight|Corviknight, F|100/100
|move|p1a: That b|Moonblast|p2a: Corviknight
|-resisted|p2a: Corviknight
|-damage|p2a: Corviknight|85/100
|
|-heal|p2a: Corviknight|91/100|[from] item: Leftovers
|-heal|p1a: That b|72/100 par|[from] item: Leftovers
|upkeep
|turn|19
|
|t:|1743786876
|move|p2a: Corviknight|Body Press|p1a: That b
|-resisted|p1a: That b
|-damage|p1a: That b|56/100 par
|move|p1a: That b|Flamethrower|p2a: Corviknight
|-supereffective|p2a: Corviknight
|-crit|p2a: Corviknight
|-damage|p2a: Corviknight|32/100
|
|-heal|p2a: Corviknight|38/100|[from] item: Leftovers
|-heal|p1a: That b|62/100 par|[from] item: Leftovers
|upkeep
|turn|20
|
|t:|1743786886
|move|p2a: Corviknight|Roost|p2a: Corviknight
|-heal|p2a: Corviknight|88/100
|-singleturn|p2a: Corviknight|move: Roost
|move|p1a: That b|Wish|p1a: That b
|
|-heal|p2a: Corviknight|94/100|[from] item: Leftovers
|-heal|p1a: That b|69/100 par|[from] item: Leftovers
|upkeep
|turn|21
|
|t:|1743786904
|move|p2a: Corviknight|Body Press|p1a: That b
|-resisted|p1a: That b
|-damage|p1a: That b|54/100 par
|move|p1a: That b|Moonblast|p2a: Corviknight
|-resisted|p2a: Corviknight
|-damage|p2a: Corviknight|79/100
|
|-heal|p1a: That b|100/100 par|[from] move: Wish|[wisher] That b
|-heal|p2a: Corviknight|85/100|[from] item: Leftovers
|upkeep
|turn|22
|
|t:|1743786915
|move|p2a: Corviknight|Body Press|p1a: That b
|-resisted|p1a: That b
|-damage|p1a: That b|85/100 par
|move|p1a: That b|Flamethrower|p2a: Corviknight
|-supereffective|p2a: Corviknight
|-damage|p2a: Corviknight|45/100
|
|-heal|p2a: Corviknight|51/100|[from] item: Leftovers
|-heal|p1a: That b|91/100 par|[from] item: Leftovers
|upkeep
|turn|23
|
|t:|1743786926
|move|p2a: Corviknight|Roost|p2a: Corviknight
|-heal|p2a: Corviknight|100/100
|-singleturn|p2a: Corviknight|move: Roost
|cant|p1a: That b|par
|
|-heal|p1a: That b|97/100 par|[from] item: Leftovers
|upkeep
|turn|24
|
|t:|1743786937
|switch|p2a: Dondozo|Dondozo, M|93/100
|move|p1a: That b|Flamethrower|p2a: Dondozo
|-resisted|p2a: Dondozo
|-damage|p2a: Dondozo|83/100
|-status|p2a: Dondozo|brn
|
|-heal|p1a: That b|100/100 par|[from] item: Leftovers
|-damage|p2a: Dondozo|77/100 brn|[from] brn
|upkeep
|turn|25
|
|t:|1743786949
|switch|p1a: Saurrrrrrrr|Venusaur, M|100/100
|move|p2a: Dondozo|Rest|p2a: Dondozo
|-status|p2a: Dondozo|slp|[from] move: Rest
|-heal|p2a: Dondozo|100/100 slp|[silent]
|
|upkeep
|turn|26
|
|t:|1743786977
|switch|p2a: Ursaluna|Ursaluna, F|8/100 brn
|move|p1a: Saurrrrrrrr|Leaf Storm|p2a: Ursaluna|[miss]
|-miss|p1a: Saurrrrrrrr|p2a: Ursaluna
|
|-damage|p2a: Ursaluna|2/100 brn|[from] brn
|upkeep
|turn|27
|
|t:|1743786991
|switch|p1a: Spin cycle|Rotom-Wash|100/100
|move|p2a: Ursaluna|Facade|p1a: Spin cycle
|-crit|p1a: Spin cycle
|-damage|p1a: Spin cycle|0 fnt
|faint|p1a: Spin cycle
|
|-damage|p2a: Ursaluna|0 fnt|[from] brn
|faint|p2a: Ursaluna
|upkeep
|
|t:|1743787002
|switch|p1a: Daddy metal legs|Metagross|100/100
|switch|p2a: Rillaboom|Rillaboom, F|10/100 brn
|-fieldstart|move: Grassy Terrain|[from] ability: Grassy Surge|[of] p2a: Rillaboom
|turn|28
|
|t:|1743787010
|move|p2a: Rillaboom|Drain Punch|p1a: Daddy metal legs
|-damage|p1a: Daddy metal legs|91/100
|-heal|p2a: Rillaboom|15/100 brn|[from] drain|[of] p1a: Daddy metal legs
|move|p1a: Daddy metal legs|Knock Off|p2a: Rillaboom
|-damage|p2a: Rillaboom|0 fnt
|-enditem|p2a: Rillaboom|Leftovers|[from] move: Knock Off|[of] p1a: Daddy metal legs
|faint|p2a: Rillaboom
|
|-heal|p1a: Daddy metal legs|97/100|[from] Grassy Terrain
|upkeep
|
|t:|1743787020
|switch|p2a: Dragapult|Dragapult, M|87/100
|turn|29
|
|t:|1743787029
|-terastallize|p1a: Daddy metal legs|Water
|move|p2a: Dragapult|Thunder Wave|p1a: Daddy metal legs
|-status|p1a: Daddy metal legs|par
|cant|p1a: Daddy metal legs|par
|
|-heal|p2a: Dragapult|93/100|[from] Grassy Terrain
|-heal|p1a: Daddy metal legs|100/100 par|[from] Grassy Terrain
|upkeep
|turn|30
|inactive|j wilk sip milk has 120 seconds left.
|
|t:|1743787083
|move|p2a: Dragapult|Hex|p1a: Daddy metal legs
|-damage|p1a: Daddy metal legs|61/100 par
|move|p1a: Daddy metal legs|Knock Off|p2a: Dragapult
|-supereffective|p2a: Dragapult
|-damage|p2a: Dragapult|0 fnt
|-enditem|p2a: Dragapult|Heavy-Duty Boots|[from] move: Knock Off|[of] p1a: Daddy metal legs
|faint|p2a: Dragapult
|
|-heal|p1a: Daddy metal legs|68/100 par|[from] Grassy Terrain
|upkeep
|
|t:|1743787096
|switch|p2a: Corviknight|Corviknight, F|100/100
|turn|31
|
|t:|1743787099
|move|p2a: Corviknight|Body Press|p1a: Daddy metal legs
|-damage|p1a: Daddy metal legs|48/100 par
|move|p1a: Daddy metal legs|Knock Off|p2a: Corviknight
|-damage|p2a: Corviknight|78/100
|-enditem|p2a: Corviknight|Leftovers|[from] move: Knock Off|[of] p1a: Daddy metal legs
|
|-heal|p1a: Daddy metal legs|54/100 par|[from] Grassy Terrain
|upkeep
|turn|32
|
|t:|1743787110
|move|p2a: Corviknight|Body Press|p1a: Daddy metal legs
|-damage|p1a: Daddy metal legs|34/100 par
|move|p1a: Daddy metal legs|Meteor Mash|p2a: Corviknight
|-resisted|p2a: Corviknight
|-damage|p2a: Corviknight|61/100
|
|-heal|p1a: Daddy metal legs|40/100 par|[from] Grassy Terrain
|-fieldend|move: Grassy Terrain
|upkeep
|turn|33
|
|t:|1743787120
|move|p2a: Corviknight|Body Press|p1a: Daddy metal legs
|-damage|p1a: Daddy metal legs|22/100 par
|move|p1a: Daddy metal legs|Explosion|p2a: Corviknight
|-resisted|p2a: Corviknight
|-damage|p2a: Corviknight|33/100
|faint|p1a: Daddy metal legs
|
|upkeep
|
|t:|1743787128
|switch|p1a: That b|Clefable, F|100/100 par
|turn|34
|
|t:|1743787135
|move|p2a: Corviknight|Protect|p2a: Corviknight
|-singleturn|p2a: Corviknight|Protect
|move|p1a: That b|Flamethrower|p2a: Corviknight
|-activate|p2a: Corviknight|move: Protect
|
|upkeep
|turn|35
|
|t:|1743787142
|move|p2a: Corviknight|Roost|p2a: Corviknight
|-heal|p2a: Corviknight|83/100
|-singleturn|p2a: Corviknight|move: Roost
|move|p1a: That b|Flamethrower|p2a: Corviknight
|-supereffective|p2a: Corviknight
|-damage|p2a: Corviknight|37/100
|
|upkeep
|turn|36
|
|t:|1743787150
|move|p2a: Corviknight|Protect|p2a: Corviknight
|-singleturn|p2a: Corviknight|Protect
|move|p1a: That b|Flamethrower|p2a: Corviknight
|-activate|p2a: Corviknight|move: Protect
|
|upkeep
|turn|37
|
|t:|1743787161
|move|p2a: Corviknight|Roost|p2a: Corviknight
|-heal|p2a: Corviknight|87/100
|-singleturn|p2a: Corviknight|move: Roost
|cant|p1a: That b|par
|
|upkeep
|turn|38
|
|t:|1743787171
|switch|p2a: Dondozo|Dondozo, M|100/100 slp
|move|p1a: That b|Flamethrower|p2a: Dondozo
|-resisted|p2a: Dondozo
|-damage|p2a: Dondozo|90/100 slp
|
|upkeep
|turn|39
|
|t:|1743787178
|cant|p2a: Dondozo|slp
|move|p2a: Dondozo|Sleep Talk|p2a: Dondozo
|move|p2a: Dondozo|Avalanche|p1a: That b|[from] move: Sleep Talk
|-damage|p1a: That b|84/100 par
|move|p1a: That b|Moonblast|p2a: Dondozo
|-damage|p2a: Dondozo|54/100 slp
|
|-heal|p1a: That b|90/100 par|[from] item: Leftovers
|upkeep
|turn|40
|
|t:|1743787190
|cant|p2a: Dondozo|slp
|move|p2a: Dondozo|Sleep Talk|p2a: Dondozo
|move|p2a: Dondozo|Rest||[from] move: Sleep Talk|[still]
|-fail|p2a: Dondozo
|move|p1a: That b|Moonblast|p2a: Dondozo
|-damage|p2a: Dondozo|22/100 slp
|
|-heal|p1a: That b|96/100 par|[from] item: Leftovers
|upkeep
|turn|41
|
|t:|1743787201
|-curestatus|p2a: Dondozo|slp|[msg]
|move|p2a: Dondozo|Rest|p2a: Dondozo
|-status|p2a: Dondozo|slp|[from] move: Rest
|-heal|p2a: Dondozo|100/100 slp|[silent]
|move|p1a: That b|Moonblast|p2a: Dondozo
|-damage|p2a: Dondozo|68/100 slp
|
|-heal|p1a: That b|100/100 par|[from] item: Leftovers
|upkeep
|turn|42
|
|t:|1743787214
|cant|p2a: Dondozo|slp
|move|p2a: Dondozo|Sleep Talk|p2a: Dondozo
|move|p2a: Dondozo|Waterfall|p1a: That b|[from] move: Sleep Talk
|-crit|p1a: That b
|-damage|p1a: That b|53/100 par
|cant|p1a: That b|flinch
|
|-heal|p1a: That b|59/100 par|[from] item: Leftovers
|upkeep
|turn|43
|
|t:|1743787225
|cant|p2a: Dondozo|slp
|move|p2a: Dondozo|Sleep Talk|p2a: Dondozo
|move|p2a: Dondozo|Waterfall|p1a: That b|[from] move: Sleep Talk
|-damage|p1a: That b|28/100 par
|move|p1a: That b|Wish|p1a: That b
|
|-heal|p1a: That b|34/100 par|[from] item: Leftovers
|upkeep
|turn|44
|
|t:|1743787235
|-curestatus|p2a: Dondozo|slp|[msg]
|move|p2a: Dondozo|Waterfall|p1a: That b
|-damage|p1a: That b|0 fnt
|faint|p1a: That b
|
|upkeep
|
|t:|1743787242
|switch|p1a: Saurrrrrrrr|Venusaur, M|100/100
|turn|45
|
|t:|1743787255
|move|p1a: Saurrrrrrrr|Synthesis|p1a: Saurrrrrrrr
|-fail|p1a: Saurrrrrrrr|heal
|move|p2a: Dondozo|Rest|p2a: Dondozo
|-status|p2a: Dondozo|slp|[from] move: Rest
|-heal|p2a: Dondozo|100/100 slp|[silent]
|
|upkeep
|turn|46
|
|t:|1743787267
|move|p1a: Saurrrrrrrr|Leaf Storm|p2a: Dondozo
|-supereffective|p2a: Dondozo
|-damage|p2a: Dondozo|0 fnt
|-unboost|p1a: Saurrrrrrrr|spa|2
|faint|p2a: Dondozo
|
|upkeep
|
|t:|1743787271
|switch|p2a: Corviknight|Corviknight, F|87/100
|turn|47
|
|t:|1743787277
|switch|p1a: Meth head|Gliscor, M|100/100 tox
|move|p2a: Corviknight|Body Press|p1a: Meth head
|-resisted|p1a: Meth head
|-damage|p1a: Meth head|89/100 tox
|
|-heal|p1a: Meth head|100/100 tox|[from] ability: Poison Heal
|upkeep
|turn|48
|
|t:|1743787286
|move|p2a: Corviknight|Protect|p2a: Corviknight
|-singleturn|p2a: Corviknight|Protect
|move|p1a: Meth head|Dual Wingbeat|p2a: Corviknight
|-activate|p2a: Corviknight|move: Protect
|
|upkeep
|turn|49
|c|☆j wilk sip milk|gg
|
|t:|1743787293
|move|p1a: Meth head|Dual Wingbeat|p2a: Corviknight
|-resisted|p2a: Corviknight
|-damage|p2a: Corviknight|83/100
|-resisted|p2a: Corviknight
|-damage|p2a: Corviknight|79/100
|-hitcount|p2a: Corviknight|2
|move|p2a: Corviknight|Body Press|p1a: Meth head
|-resisted|p1a: Meth head
|-damage|p1a: Meth head|88/100 tox
|
|-heal|p1a: Meth head|100/100 tox|[from] ability: Poison Heal
|upkeep
|turn|50
|
|t:|1743787306
|move|p2a: Corviknight|Protect|p2a: Corviknight
|-singleturn|p2a: Corviknight|Protect
|move|p1a: Meth head|Earthquake|p2a: Corviknight
|-activate|p2a: Corviknight|move: Protect
|
|upkeep
|turn|51
|
|t:|1743787314
|move|p1a: Meth head|Dual Wingbeat|p2a: Corviknight
|-resisted|p2a: Corviknight
|-damage|p2a: Corviknight|74/100
|-resisted|p2a: Corviknight
|-damage|p2a: Corviknight|70/100
|-hitcount|p2a: Corviknight|2
|move|p2a: Corviknight|Body Press|p1a: Meth head
|-resisted|p1a: Meth head
|-damage|p1a: Meth head|88/100 tox
|
|-heal|p1a: Meth head|100/100 tox|[from] ability: Poison Heal
|upkeep
|turn|52
|
|t:|1743787325
|move|p1a: Meth head|U-turn|p2a: Corviknight
|-resisted|p2a: Corviknight
|-damage|p2a: Corviknight|68/100
|
|t:|1743787327
|switch|p1a: Saurrrrrrrr|Venusaur, M|100/100|[from] U-turn
|move|p2a: Corviknight|Body Press|p1a: Saurrrrrrrr
|-resisted|p1a: Saurrrrrrrr
|-damage|p1a: Saurrrrrrrr|91/100
|
|upkeep
|turn|53
|
|t:|1743787335
|move|p2a: Corviknight|Protect|p2a: Corviknight
|-singleturn|p2a: Corviknight|Protect
|move|p1a: Saurrrrrrrr|Leaf Storm|p2a: Corviknight
|-activate|p2a: Corviknight|move: Protect
|
|upkeep
|turn|54
|
|t:|1743787342
|move|p1a: Saurrrrrrrr|Leaf Storm|p2a: Corviknight
|-resisted|p2a: Corviknight
|-crit|p2a: Corviknight
|-damage|p2a: Corviknight|49/100
|-unboost|p1a: Saurrrrrrrr|spa|2
|move|p2a: Corviknight|Body Press|p1a: Saurrrrrrrr
|-resisted|p1a: Saurrrrrrrr
|-damage|p1a: Saurrrrrrrr|79/100
|
|upkeep
|turn|55
|
|t:|1743787351
|switch|p1a: Meth head|Gliscor, M|100/100 tox
|move|p2a: Corviknight|Roost|p2a: Corviknight
|-heal|p2a: Corviknight|99/100
|-singleturn|p2a: Corviknight|move: Roost
|
|upkeep
|turn|56
|c|☆j wilk sip milk|ff bro
|
|t:|1743787367
|move|p1a: Meth head|Earthquake|p2a: Corviknight
|-immune|p2a: Corviknight
|move|p2a: Corviknight|Body Press|p1a: Meth head
|-resisted|p1a: Meth head
|-damage|p1a: Meth head|90/100 tox
|
|-heal|p1a: Meth head|100/100 tox|[from] ability: Poison Heal
|upkeep
|turn|57
|c|☆j wilk sip milk|yo bro ff
|
|t:|1743787379
|move|p1a: Meth head|U-turn|p2a: Corviknight
|-resisted|p2a: Corviknight
|-damage|p2a: Corviknight|97/100
|
|t:|1743787384
|switch|p1a: Saurrrrrrrr|Venusaur, M|79/100|[from] U-turn
|move|p2a: Corviknight|Body Press|p1a: Saurrrrrrrr
|-resisted|p1a: Saurrrrrrrr
|-damage|p1a: Saurrrrrrrr|68/100
|
|upkeep
|turn|58
|
|t:|1743787392
|move|p1a: Saurrrrrrrr|Leaf Storm|p2a: Corviknight
|-resisted|p2a: Corviknight
|-damage|p2a: Corviknight|86/100
|-unboost|p1a: Saurrrrrrrr|spa|2
|move|p2a: Corviknight|Body Press|p1a: Saurrrrrrrr
|-resisted|p1a: Saurrrrrrrr
|-damage|p1a: Saurrrrrrrr|56/100
|
|upkeep
|turn|59
|
|t:|1743787400
|move|p1a: Saurrrrrrrr|Synthesis|p1a: Saurrrrrrrr
|-heal|p1a: Saurrrrrrrr|100/100
|move|p2a: Corviknight|Body Press|p1a: Saurrrrrrrr
|-resisted|p1a: Saurrrrrrrr
|-damage|p1a: Saurrrrrrrr|90/100
|
|upkeep
|turn|60
|c|☆j wilk sip milk|yo ff
|
|t:|1743787415
|switch|p1a: Meth head|Gliscor, M|100/100 tox
|move|p2a: Corviknight|Defog|p1a: Meth head
|-unboost|p1a: Meth head|evasion|1
|
|upkeep
|turn|61
|
|t:|1743787423
|move|p1a: Meth head|Stealth Rock|p2a: Corviknight
|-sidestart|p2: j wilk sip milk|move: Stealth Rock
|move|p2a: Corviknight|Defog|p1a: Meth head
|-unboost|p1a: Meth head|evasion|1
|-sideend|p2: j wilk sip milk|Stealth Rock|[from] move: Defog|[of] p2a: Corviknight
|
|upkeep
|turn|62
|
|t:|1743787429
|move|p1a: Meth head|Stealth Rock|p2a: Corviknight
|-sidestart|p2: j wilk sip milk|move: Stealth Rock
|move|p2a: Corviknight|Defog|p1a: Meth head
|-unboost|p1a: Meth head|evasion|1
|-sideend|p2: j wilk sip milk|Stealth Rock|[from] move: Defog|[of] p2a: Corviknight
|
|upkeep
|turn|63
|
|t:|1743787436
|move|p1a: Meth head|Earthquake|p2a: Corviknight
|-immune|p2a: Corviknight
|move|p2a: Corviknight|Defog|p1a: Meth head
|-unboost|p1a: Meth head|evasion|1
|
|upkeep
|turn|64
|
|t:|1743787443
|move|p1a: Meth head|Earthquake|p2a: Corviknight
|-immune|p2a: Corviknight
|move|p2a: Corviknight|Defog|p1a: Meth head
|-unboost|p1a: Meth head|evasion|1
|
|upkeep
|turn|65
|c|☆j wilk sip milk|yo cmon
|
|t:|1743787450
|move|p1a: Meth head|Earthquake|p2a: Corviknight
|-immune|p2a: Corviknight
|move|p2a: Corviknight|Defog|p1a: Meth head
|-unboost|p1a: Meth head|evasion|1
|
|upkeep
|turn|66
|c|☆Crabish29|Bro what you mean I win the was of pp give up
|
|t:|1743787480
|move|p1a: Meth head|Earthquake|p2a: Corviknight
|-immune|p2a: Corviknight
|move|p2a: Corviknight|Defog||[still]
|-unboost|p1a: Meth head|evasion|0
|-fail|p2a: Corviknight
|
|upkeep
|turn|67
|c|☆j wilk sip milk|bro cmon
|c|☆j wilk sip milk|i need this
|inactive|Crabish29 has 120 seconds left.
|c|☆Crabish29|Doubt it
|
|t:|1743787517
|move|p1a: Meth head|Earthquake|p2a: Corviknight
|-immune|p2a: Corviknight
|move|p2a: Corviknight|Defog||[still]
|-unboost|p1a: Meth head|evasion|0
|-fail|p2a: Corviknight
|
|upkeep
|turn|68
|
|t:|1743787526
|move|p1a: Meth head|Stealth Rock|p2a: Corviknight
|-sidestart|p2: j wilk sip milk|move: Stealth Rock
|move|p2a: Corviknight|Defog|p1a: Meth head
|-unboost|p1a: Meth head|evasion|0
|-sideend|p2: j wilk sip milk|Stealth Rock|[from] move: Defog|[of] p2a: Corviknight
|
|upkeep
|turn|69
|
|t:|1743787536
|switch|p1a: Saurrrrrrrr|Venusaur, M|90/100
|move|p2a: Corviknight|Defog|p1a: Saurrrrrrrr
|-unboost|p1a: Saurrrrrrrr|evasion|1
|
|upkeep
|turn|70
|c|☆j wilk sip milk|bro cmonnn
|
|t:|1743787543
|switch|p1a: Meth head|Gliscor, M|100/100 tox
|move|p2a: Corviknight|Defog|p1a: Meth head
|-unboost|p1a: Meth head|evasion|1
|
|upkeep
|turn|71
|inactive|Crabish29 has 120 seconds left.
|
|t:|1743787550
|move|p1a: Meth head|Stealth Rock|p2a: Corviknight
|-sidestart|p2: j wilk sip milk|move: Stealth Rock
|move|p2a: Corviknight|Defog|p1a: Meth head
|-unboost|p1a: Meth head|evasion|1
|-sideend|p2: j wilk sip milk|Stealth Rock|[from] move: Defog|[of] p2a: Corviknight
|
|upkeep
|turn|72
|
|t:|1743787557
|move|p1a: Meth head|Stealth Rock|p2a: Corviknight
|-sidestart|p2: j wilk sip milk|move: Stealth Rock
|move|p2a: Corviknight|Defog|p1a: Meth head
|-unboost|p1a: Meth head|evasion|1
|-sideend|p2: j wilk sip milk|Stealth Rock|[from] move: Defog|[of] p2a: Corviknight
|
|upkeep
|turn|73
|
|t:|1743787563
|move|p1a: Meth head|Earthquake|p2a: Corviknight
|-immune|p2a: Corviknight
|move|p2a: Corviknight|Defog|p1a: Meth head
|-unboost|p1a: Meth head|evasion|1
|
|upkeep
|turn|74
|
|t:|1743787570
|switch|p1a: Saurrrrrrrr|Venusaur, M|90/100
|move|p2a: Corviknight|Defog|p1a: Saurrrrrrrr
|-unboost|p1a: Saurrrrrrrr|evasion|1
|
|upkeep
|turn|75
|
|t:|1743787576
|move|p1a: Saurrrrrrrr|Earth Power|p2a: Corviknight
|-immune|p2a: Corviknight
|move|p2a: Corviknight|Defog|p1a: Saurrrrrrrr
|-unboost|p1a: Saurrrrrrrr|evasion|1
|
|upkeep
|turn|76
|
|t:|1743787584
|move|p1a: Saurrrrrrrr|Sludge Bomb|p2a: Corviknight
|-immune|p2a: Corviknight
|move|p2a: Corviknight|Defog|p1a: Saurrrrrrrr
|-unboost|p1a: Saurrrrrrrr|evasion|1
|
|upkeep
|turn|77
|
|t:|1743787594
|move|p1a: Saurrrrrrrr|Earth Power|p2a: Corviknight
|-immune|p2a: Corviknight
|move|p2a: Corviknight|Defog|p1a: Saurrrrrrrr
|-unboost|p1a: Saurrrrrrrr|evasion|1
|
|upkeep
|turn|78
|
|t:|1743787612
|switch|p1a: Meth head|Gliscor, M|100/100 tox
|move|p2a: Corviknight|Defog|p1a: Meth head
|-unboost|p1a: Meth head|evasion|1
|
|upkeep
|turn|79
|
|t:|1743787619
|move|p1a: Meth head|Earthquake|p2a: Corviknight
|-immune|p2a: Corviknight
|move|p2a: Corviknight|Defog|p1a: Meth head
|-unboost|p1a: Meth head|evasion|1
|
|upkeep
|turn|80
|
|t:|1743787627
|move|p1a: Meth head|Stealth Rock|p2a: Corviknight
|-sidestart|p2: j wilk sip milk|move: Stealth Rock
|move|p2a: Corviknight|Defog|p1a: Meth head
|-unboost|p1a: Meth head|evasion|1
|-sideend|p2: j wilk sip milk|Stealth Rock|[from] move: Defog|[of] p2a: Corviknight
|
|upkeep
|turn|81
|
|t:|1743787633
|move|p1a: Meth head|Stealth Rock|p2a: Corviknight
|-sidestart|p2: j wilk sip milk|move: Stealth Rock
|move|p2a: Corviknight|Defog|p1a: Meth head
|-unboost|p1a: Meth head|evasion|1
|-sideend|p2: j wilk sip milk|Stealth Rock|[from] move: Defog|[of] p2a: Corviknight
|
|upkeep
|turn|82
|
|t:|1743787641
|move|p1a: Meth head|Stealth Rock|p2a: Corviknight
|-sidestart|p2: j wilk sip milk|move: Stealth Rock
|move|p2a: Corviknight|Defog|p1a: Meth head
|-unboost|p1a: Meth head|evasion|1
|-sideend|p2: j wilk sip milk|Stealth Rock|[from] move: Defog|[of] p2a: Corviknight
|
|upkeep
|turn|83
|
|t:|1743787647
|move|p1a: Meth head|Stealth Rock|p2a: Corviknight
|-sidestart|p2: j wilk sip milk|move: Stealth Rock
|move|p2a: Corviknight|Defog|p1a: Meth head
|-unboost|p1a: Meth head|evasion|1
|-sideend|p2: j wilk sip milk|Stealth Rock|[from] move: Defog|[of] p2a: Corviknight
|
|upkeep
|turn|84
|
|t:|1743787660
|move|p2a: Corviknight|Protect|p2a: Corviknight
|-singleturn|p2a: Corviknight|Protect
|move|p1a: Meth head|Stealth Rock|p2a: Corviknight
|-sidestart|p2: j wilk sip milk|move: Stealth Rock
|
|upkeep
|turn|85
|
|t:|1743787666
|move|p2a: Corviknight|Protect||[still]
|-fail|p2a: Corviknight
|move|p1a: Meth head|Earthquake|p2a: Corviknight
|-immune|p2a: Corviknight
|
|upkeep
|turn|86
|
|t:|1743787672
|move|p2a: Corviknight|Protect|p2a: Corviknight
|-singleturn|p2a: Corviknight|Protect
|move|p1a: Meth head|U-turn|p2a: Corviknight
|-activate|p2a: Corviknight|move: Protect
|
|upkeep
|turn|87
|
|t:|1743787678
|move|p2a: Corviknight|Protect||[still]
|-fail|p2a: Corviknight
|move|p1a: Meth head|Stealth Rock||[still]
|-fail|p1a: Meth head
|
|upkeep
|turn|88
|
|t:|1743787683
|move|p2a: Corviknight|Protect|p2a: Corviknight
|-singleturn|p2a: Corviknight|Protect
|move|p1a: Meth head|Stealth Rock||[still]
|-fail|p1a: Meth head
|
|upkeep
|turn|89
|
|t:|1743787690
|move|p2a: Corviknight|Protect||[still]
|-fail|p2a: Corviknight
|move|p1a: Meth head|Stealth Rock||[still]
|-fail|p1a: Meth head
|
|upkeep
|turn|90
|
|t:|1743787697
|move|p2a: Corviknight|Protect|p2a: Corviknight
|-singleturn|p2a: Corviknight|Protect
|move|p1a: Meth head|Stealth Rock||[still]
|-fail|p1a: Meth head
|
|upkeep
|turn|91
|
|t:|1743787704
|move|p2a: Corviknight|Protect||[still]
|-fail|p2a: Corviknight
|move|p1a: Meth head|U-turn|p2a: Corviknight
|-resisted|p2a: Corviknight
|-damage|p2a: Corviknight|83/100
|c|☆j wilk sip milk|brooooooooooooooooo
|
|t:|1743787709
|switch|p1a: Saurrrrrrrr|Venusaur, M|90/100|[from] U-turn
|
|upkeep
|turn|92
|
|t:|1743787714
|move|p2a: Corviknight|Protect|p2a: Corviknight
|-singleturn|p2a: Corviknight|Protect
|move|p1a: Saurrrrrrrr|Synthesis|p1a: Saurrrrrrrr
|-heal|p1a: Saurrrrrrrr|100/100
|
|upkeep
|turn|93
|
|t:|1743787720
|move|p2a: Corviknight|Protect|p2a: Corviknight
|-singleturn|p2a: Corviknight|Protect
|move|p1a: Saurrrrrrrr|Sludge Bomb|p2a: Corviknight
|-activate|p2a: Corviknight|move: Protect
|
|upkeep
|turn|94
|
|t:|1743787727
|move|p1a: Saurrrrrrrr|Sludge Bomb|p2a: Corviknight
|-immune|p2a: Corviknight
|move|p2a: Corviknight|Roost|p2a: Corviknight
|-heal|p2a: Corviknight|100/100
|-singleturn|p2a: Corviknight|move: Roost
|
|upkeep
|turn|95
|
|t:|1743787735
|switch|p1a: Meth head|Gliscor, M|100/100 tox
|move|p2a: Corviknight|Roost||[still]
|-fail|p2a: Corviknight|heal
|
|upkeep
|turn|96
|
|t:|1743787741
|move|p1a: Meth head|Earthquake|p2a: Corviknight
|-immune|p2a: Corviknight
|move|p2a: Corviknight|Roost||[still]
|-fail|p2a: Corviknight|heal
|
|upkeep
|turn|97
|
|t:|1743787750
|move|p1a: Meth head|Dual Wingbeat|p2a: Corviknight
|-resisted|p2a: Corviknight
|-damage|p2a: Corviknight|96/100
|-resisted|p2a: Corviknight
|-damage|p2a: Corviknight|91/100
|-hitcount|p2a: Corviknight|2
|-activate|p2a: Corviknight|move: Struggle
|move|p2a: Corviknight|Struggle|p1a: Meth head
|-damage|p1a: Meth head|93/100 tox
|-damage|p2a: Corviknight|66/100|[from] recoil
|
|-heal|p1a: Meth head|100/100 tox|[from] ability: Poison Heal
|upkeep
|turn|98
|c|☆Crabish29|Ggs
|
|t:|1743787766
|move|p1a: Meth head|Dual Wingbeat|p2a: Corviknight
|-resisted|p2a: Corviknight
|-damage|p2a: Corviknight|62/100
|-resisted|p2a: Corviknight
|-damage|p2a: Corviknight|57/100
|-hitcount|p2a: Corviknight|2
|-activate|p2a: Corviknight|move: Struggle
|move|p2a: Corviknight|Struggle|p1a: Meth head
|-damage|p1a: Meth head|93/100 tox
|-damage|p2a: Corviknight|32/100|[from] recoil
|
|-heal|p1a: Meth head|100/100 tox|[from] ability: Poison Heal
|upkeep
|turn|99
|c|☆j wilk sip milk|ggs lol
|c|☆j wilk sip milk|turn 100
|
|t:|1743787787
|move|p1a: Meth head|Dual Wingbeat|p2a: Corviknight
|-resisted|p2a: Corviknight
|-damage|p2a: Corviknight|28/100
|-resisted|p2a: Corviknight
|-damage|p2a: Corviknight|24/100
|-hitcount|p2a: Corviknight|2
|-activate|p2a: Corviknight|move: Struggle
|move|p2a: Corviknight|Struggle|p1a: Meth head
|-damage|p1a: Meth head|92/100 tox
|-damage|p2a: Corviknight|0 fnt|[from] recoil
|faint|p2a: Corviknight
|
|win|Crabish29
|raw|Crabish29's rating: 1193 &rarr; <strong>1214</strong><br />(+21 for winning)
|raw|j wilk sip milk's rating: 1130 &rarr; <strong>1109</strong><br />(-21 for losing)
|l|☆Crabish29
|player|p1|
|l|☆j wilk sip milk
|player|p2|
