|j|☆SamPlayzTheGame
|j|☆MengQiao2001
|t:|1743920811
|gametype|singles
|player|p1|SamPlayzTheGame|n|1121
|player|p2|MengQiao2001|1|1057
|teamsize|p1|6
|teamsize|p2|6
|gen|9
|tier|[Gen 9] OU
|rated|
|rule|HP Percentage Mod: HP is shown in percentages
|rule|Endless Battle Clause: Forcing endless battles is banned
|rule|Species Clause: Limit one of each Pokémon
|rule|OHKO Clause: OHKO moves are banned
|rule|Evasion Items Clause: Evasion items are banned
|rule|Evasion Moves Clause: Evasion moves are banned
|rule|Sleep Moves Clause: Sleep-inducing moves are banned
|clearpoke
|poke|p1|Meowscarada, M|
|poke|p1|Weavile, F|
|poke|p1|Azumarill, F|
|poke|p1|Bisharp, F|
|poke|p1|Kilowattrel, F|
|poke|p1|Incineroar, F|
|poke|p2|Zapdos|
|poke|p2|Pelipper, F|
|poke|p2|Ludicolo, F|
|poke|p2|Overqwil, M|
|poke|p2|Kommo-o, F|
|poke|p2|Ceruledge, F|
|teampreview
|inactive|Battle timer is ON: inactive players will automatically lose when time's up. (requested by SamPlayzTheGame)
|
|t:|1743920816
|start
|switch|p1a: Kilowattrel|Kilowattrel, F|100/100
|switch|p2a: Pelipper|Pelipper, F|100/100
|-weather|RainDance|[from] ability: Drizzle|[of] p2a: Pelipper
|turn|1
|inactive|SamPlayzTheGame has 120 seconds left.
|inactive|MengQiao2001 has 120 seconds left.
|inactive|MengQiao2001 has 90 seconds left.
|
|t:|1743920879
|switch|p2a: Kommo-o|Kommo-o, F|100/100
|move|p1a: Kilowattrel|Volt Switch|p2a: Kommo-o
|-resisted|p2a: Kommo-o
|-damage|p2a: Kommo-o|88/100
|
|t:|1743920885
|switch|p1a: Azumarill|Azumarill, F|100/100|[from] Volt Switch
|
|-weather|RainDance|[upkeep]
|-heal|p2a: Kommo-o|94/100|[from] item: Leftovers
|upkeep
|turn|2
|inactive|MengQiao2001 has 90 seconds left.
|
|t:|1743920909
|switch|p2a: Ludicolo|Ludicolo, F|100/100
|move|p1a: Azumarill|Play Rough|p2a: Ludicolo
|-damage|p2a: Ludicolo|20/100
|
|-weather|RainDance|[upkeep]
|-heal|p2a: Ludicolo|26/100|[from] item: Leftovers
|upkeep
|turn|3
|inactive|MengQiao2001 has 90 seconds left.
|
|t:|1743920922
|move|p2a: Ludicolo|Giga Drain|p1a: Azumarill
|-supereffective|p1a: Azumarill
|-damage|p1a: Azumarill|40/100
|-heal|p2a: Ludicolo|67/100|[from] drain|[of] p1a: Azumarill
|move|p1a: Azumarill|Play Rough|p2a: Ludicolo
|-damage|p2a: Ludicolo|0 fnt
|faint|p2a: Ludicolo
|
|-weather|RainDance|[upkeep]
|-heal|p1a: Azumarill|46/100|[from] item: Leftovers
|upkeep
|
|t:|1743920934
|switch|p2a: Overqwil|Overqwil, M|100/100
|turn|4
|
|t:|1743920942
|switch|p1a: Bisharp|Bisharp, F|100/100
|move|p2a: Overqwil|Gunk Shot|p1a: Bisharp
|-immune|p1a: Bisharp
|
|-weather|RainDance|[upkeep]
|upkeep
|turn|5
|inactive|MengQiao2001 has 90 seconds left.
|
|t:|1743920953
|switch|p2a: Zapdos|Zapdos|100/100
|move|p1a: Bisharp|Brick Break|p2a: Zapdos
|-resisted|p2a: Zapdos
|-damage|p2a: Zapdos|84/100
|-damage|p1a: Bisharp|84/100|[from] item: Rocky Helmet|[of] p2a: Zapdos
|-status|p1a: Bisharp|par|[from] ability: Static|[of] p2a: Zapdos
|
|-weather|RainDance|[upkeep]
|upkeep
|turn|6
|inactive|MengQiao2001 has 90 seconds left.
|
|t:|1743920974
|switch|p1a: Kilowattrel|Kilowattrel, F|100/100
|move|p2a: Zapdos|Thunder|p1a: Kilowattrel
|-immune|p1a: Kilowattrel|[from] ability: Volt Absorb
|
|-weather|RainDance|[upkeep]
|upkeep
|turn|7
|inactive|SamPlayzTheGame has 120 seconds left.
|
|t:|1743920999
|move|p1a: Kilowattrel|Thunderbolt|p2a: Zapdos
|-damage|p2a: Zapdos|39/100
|move|p2a: Zapdos|Roost|p2a: Zapdos
|-heal|p2a: Zapdos|89/100
|-singleturn|p2a: Zapdos|move: Roost
|
|-weather|RainDance|[upkeep]
|upkeep
|turn|8
|
|t:|1743921012
|move|p1a: Kilowattrel|U-turn|p2a: Zapdos
|-resisted|p2a: Zapdos
|-damage|p2a: Zapdos|82/100
|-damage|p1a: Kilowattrel|84/100|[from] item: Rocky Helmet|[of] p2a: Zapdos
|
|t:|1743921018
|switch|p1a: Weavile|Weavile, F|100/100|[from] U-turn
|move|p2a: Zapdos|Hurricane|p1a: Weavile
|-damage|p1a: Weavile|19/100
|
|-weather|none
|upkeep
|turn|9
|
|t:|1743921029
|move|p1a: Weavile|Fake Out|p2a: Zapdos
|-damage|p2a: Zapdos|65/100
|-damage|p1a: Weavile|3/100|[from] item: Rocky Helmet|[of] p2a: Zapdos
|cant|p2a: Zapdos|flinch
|
|upkeep
|turn|10
|
|t:|1743921036
|move|p1a: Weavile|Triple Axel|p2a: Zapdos
|-supereffective|p2a: Zapdos
|-damage|p2a: Zapdos|40/100
|-damage|p1a: Weavile|0 fnt|[from] item: Rocky Helmet|[of] p2a: Zapdos
|faint|p1a: Weavile
|-hitcount|p2a: Zapdos|1
|move|p2a: Zapdos|Roost|p2a: Zapdos
|-heal|p2a: Zapdos|91/100
|-singleturn|p2a: Zapdos|move: Roost
|
|upkeep
|inactive|SamPlayzTheGame has 120 seconds left.
|
|t:|1743921045
|switch|p1a: Meowscarada|Meowscarada, M|100/100
|turn|11
|inactive|MengQiao2001 has 90 seconds left.
|
|t:|1743921067
|switch|p2a: Ceruledge|Ceruledge, F|100/100
|move|p1a: Meowscarada|Triple Axel|p2a: Ceruledge
|-start|p1a: Meowscarada|typechange|Ice|[from] ability: Protean
|-resisted|p2a: Ceruledge
|-damage|p2a: Ceruledge|94/100
|-ability|p2a: Ceruledge|Weak Armor|boost
|-unboost|p2a: Ceruledge|def|1
|-boost|p2a: Ceruledge|spe|2
|-resisted|p2a: Ceruledge
|-damage|p2a: Ceruledge|76/100
|-ability|p2a: Ceruledge|Weak Armor|boost
|-unboost|p2a: Ceruledge|def|1
|-boost|p2a: Ceruledge|spe|2
|-resisted|p2a: Ceruledge
|-damage|p2a: Ceruledge|37/100
|-ability|p2a: Ceruledge|Weak Armor|boost
|-unboost|p2a: Ceruledge|def|1
|-boost|p2a: Ceruledge|spe|2
|-hitcount|p2a: Ceruledge|3
|
|-heal|p2a: Ceruledge|43/100|[from] item: Leftovers
|upkeep
|turn|12
|
|t:|1743921089
|move|p1a: Meowscarada|Sucker Punch|p2a: Ceruledge
|-supereffective|p2a: Ceruledge
|-crit|p2a: Ceruledge
|-damage|p2a: Ceruledge|0 fnt
|faint|p2a: Ceruledge
|
|upkeep
|inactive|MengQiao2001 has 60 seconds left.
|
|t:|1743921110
|switch|p2a: Pelipper|Pelipper, F|100/100
|-weather|RainDance|[from] ability: Drizzle|[of] p2a: Pelipper
|turn|13
|inactive|MengQiao2001 has 30 seconds left.
|
|t:|1743921140
|-terastallize|p1a: Meowscarada|Steel
|move|p1a: Meowscarada|Triple Axel|p2a: Pelipper
|-damage|p2a: Pelipper|88/100
|-damage|p2a: Pelipper|62/100
|-damage|p2a: Pelipper|28/100
|-hitcount|p2a: Pelipper|3
|move|p2a: Pelipper|Hurricane|p1a: Meowscarada
|-resisted|p1a: Meowscarada
|-crit|p1a: Meowscarada
|-damage|p1a: Meowscarada|42/100
|-start|p1a: Meowscarada|confusion
|
|-weather|RainDance|[upkeep]
|upkeep
|turn|14
|inactive|MengQiao2001 has 30 seconds left.
|inactive|MengQiao2001 has 20 seconds left.
|inactive|MengQiao2001 has 15 seconds left.
|inactive|MengQiao2001 has 10 seconds left.
|inactive|MengQiao2001 has 5 seconds left.
|
|t:|1743921176
|switch|p1a: Kilowattrel|Kilowattrel, F|84/100
|switch|p2a: Zapdos|Zapdos|91/100
|
|-weather|RainDance|[upkeep]
|upkeep
|turn|15
|inactive|MengQiao2001 has 15 seconds left this turn.
|inactive|MengQiao2001 has 10 seconds left.
|
|t:|1743921185
|move|p1a: Kilowattrel|Thunderbolt|p2a: Zapdos
|-damage|p2a: Zapdos|47/100
|move|p2a: Zapdos|Hurricane|p1a: Kilowattrel
|-resisted|p1a: Kilowattrel
|-damage|p1a: Kilowattrel|37/100
|
|-weather|RainDance|[upkeep]
|upkeep
|turn|16
|inactive|MengQiao2001 has 20 seconds left this turn.
|inactive|MengQiao2001 has 15 seconds left.
|inactive|MengQiao2001 has 10 seconds left.
|
|t:|1743921196
|move|p1a: Kilowattrel|Thunderbolt|p2a: Zapdos
|-damage|p2a: Zapdos|0 fnt
|faint|p2a: Zapdos
|
|-weather|RainDance|[upkeep]
|upkeep
|inactive|MengQiao2001 has 15 seconds left this turn.
|inactive|MengQiao2001 has 10 seconds left.
|
|t:|1743921205
|switch|p2a: Overqwil|Overqwil, M|100/100
|turn|17
|inactive|MengQiao2001 has 20 seconds left this turn.
|inactive|MengQiao2001 has 15 seconds left.
|
|t:|1743921210
|move|p2a: Overqwil|Aqua Tail|p1a: Kilowattrel
|-damage|p1a: Kilowattrel|0 fnt
|faint|p1a: Kilowattrel
|
|-weather|RainDance|[upkeep]
|upkeep
|inactive|MengQiao2001 has 20 seconds left this turn.
|
|t:|1743921219
|switch|p1a: Bisharp|Bisharp, F|84/100 par
|turn|18
|inactive|MengQiao2001 has 30 seconds left this turn.
|inactive|MengQiao2001 has 20 seconds left.
|
|t:|1743921234
|switch|p2a: Kommo-o|Kommo-o, F|94/100
|cant|p1a: Bisharp|par
|
|-weather|RainDance|[upkeep]
|-heal|p2a: Kommo-o|100/100|[from] item: Leftovers
|upkeep
|turn|19
|inactive|MengQiao2001 has 30 seconds left this turn.
|
|t:|1743921244
|cant|p1a: Bisharp|par
|move|p2a: Kommo-o|Bulk Up|p2a: Kommo-o
|-boost|p2a: Kommo-o|atk|1
|-boost|p2a: Kommo-o|def|1
|
|-weather|RainDance|[upkeep]
|upkeep
|turn|20
|inactive|MengQiao2001 has 30 seconds left.
|
|t:|1743921252
|move|p2a: Kommo-o|Bulk Up|p2a: Kommo-o
|-boost|p2a: Kommo-o|atk|1
|-boost|p2a: Kommo-o|def|1
|move|p1a: Bisharp|Brick Break|p2a: Kommo-o
|-damage|p2a: Kommo-o|87/100
|
|-weather|none
|-heal|p2a: Kommo-o|93/100|[from] item: Leftovers
|upkeep
|turn|21
|inactive|MengQiao2001 has 30 seconds left.
|
|t:|1743921262
|move|p2a: Kommo-o|Bulk Up|p2a: Kommo-o
|-boost|p2a: Kommo-o|atk|1
|-boost|p2a: Kommo-o|def|1
|move|p1a: Bisharp|Brick Break|p2a: Kommo-o
|-damage|p2a: Kommo-o|83/100
|
|-heal|p2a: Kommo-o|89/100|[from] item: Leftovers
|upkeep
|turn|22
|
|t:|1743921271
|move|p1a: Bisharp|Sucker Punch||[still]
|-fail|p1a: Bisharp
|move|p2a: Kommo-o|Bulk Up|p2a: Kommo-o
|-boost|p2a: Kommo-o|atk|1
|-boost|p2a: Kommo-o|def|1
|
|-heal|p2a: Kommo-o|95/100|[from] item: Leftovers
|upkeep
|turn|23
|inactive|MengQiao2001 has 30 seconds left.
|
|t:|1743921287
|switch|p1a: Incineroar|Incineroar, F|100/100
|-ability|p1a: Incineroar|Intimidate|boost
|-unboost|p2a: Kommo-o|atk|1
|move|p2a: Kommo-o|Drain Punch|p1a: Incineroar
|-supereffective|p1a: Incineroar
|-damage|p1a: Incineroar|0 fnt
|-heal|p2a: Kommo-o|100/100|[from] drain|[of] p1a: Incineroar
|faint|p1a: Incineroar
|
|upkeep
|
|t:|1743921296
|switch|p1a: Meowscarada|Meowscarada, M, tera:Steel|42/100
|turn|24
|
|t:|1743921301
|move|p1a: Meowscarada|Triple Axel|p2a: Kommo-o
|-supereffective|p2a: Kommo-o
|-crit|p2a: Kommo-o
|-damage|p2a: Kommo-o|81/100
|-hitcount|p2a: Kommo-o|1
|move|p2a: Kommo-o|Drain Punch|p1a: Meowscarada
|-supereffective|p1a: Meowscarada
|-damage|p1a: Meowscarada|0 fnt
|-heal|p2a: Kommo-o|100/100|[from] drain|[of] p1a: Meowscarada
|faint|p1a: Meowscarada
|
|upkeep
|
|t:|1743921308
|switch|p1a: Bisharp|Bisharp, F|84/100 par
|turn|25
|
|t:|1743921314
|move|p2a: Kommo-o|Drain Punch|p1a: Bisharp
|-supereffective|p1a: Bisharp
|-damage|p1a: Bisharp|0 fnt
|faint|p1a: Bisharp
|
|upkeep
|
|t:|1743921317
|switch|p1a: Azumarill|Azumarill, F|46/100
|turn|26
|
|t:|1743921325
|move|p2a: Kommo-o|Drain Punch|p1a: Azumarill
|-resisted|p1a: Azumarill
|-damage|p1a: Azumarill|8/100
|move|p1a: Azumarill|Play Rough|p2a: Kommo-o
|-supereffective|p2a: Kommo-o
|-damage|p2a: Kommo-o|33/100
|
|-heal|p2a: Kommo-o|39/100|[from] item: Leftovers
|-heal|p1a: Azumarill|14/100|[from] item: Leftovers
|upkeep
|turn|27
|
|t:|1743921337
|move|p1a: Azumarill|Aqua Jet|p2a: Kommo-o
|-resisted|p2a: Kommo-o
|-damage|p2a: Kommo-o|36/100
|move|p2a: Kommo-o|Drain Punch|p1a: Azumarill
|-resisted|p1a: Azumarill
|-damage|p1a: Azumarill|0 fnt
|-heal|p2a: Kommo-o|45/100|[from] drain|[of] p1a: Azumarill
|faint|p1a: Azumarill
|
|win|MengQiao2001
|raw|SamPlayzTheGame's rating: 1121 &rarr; <strong>1091</strong><br />(-30 for losing)
|raw|MengQiao2001's rating: 1057 &rarr; <strong>1094</strong><br />(+37 for winning)
|l|☆SamPlayzTheGame
|player|p1|
|l|☆MengQiao2001
|player|p2|
