|j|☆RoutesReborn
|j|☆Seltzergod
|t:|1743885247
|gametype|singles
|player|p1|RoutesReborn|volkner|1345
|player|p2|Seltzergod|flannery|1448
|teamsize|p1|6
|teamsize|p2|6
|gen|9
|tier|[Gen 9] OU
|rated|
|rule|HP Percentage Mod: HP is shown in percentages
|rule|Endless Battle Clause: Forcing endless battles is banned
|rule|Species Clause: Limit one of each Pokémon
|rule|OHKO Clause: OHKO moves are banned
|rule|Evasion Items Clause: Evasion items are banned
|rule|Evasion Moves Clause: Evasion moves are banned
|rule|Sleep Moves Clause: Sleep-inducing moves are banned
|clearpoke
|poke|p1|Slowking-Galar, F|
|poke|p1|Landorus-Therian, M|
|poke|p1|Raging Bolt|
|poke|p1|Iron Valiant|
|poke|p1|Cinderace, F|
|poke|p1|Cacturne, M|
|poke|p2|Hydrapple, M|
|poke|p2|Excadrill, F|
|poke|p2|Muk-Alola, F|
|poke|p2|Alomomola, F|
|poke|p2|Gliscor, F|
|poke|p2|Kyurem|
|teampreview
|inactive|Battle timer is ON: inactive players will automatically lose when time's up. (requested by RoutesReborn)
|
|t:|1743885273
|start
|switch|p1a: Cacturne|Cacturne, M|100/100
|switch|p2a: Savior|Alomomola, F|100/100
|turn|1
|
|t:|1743885284
|switch|p2a: Monster Munch|Muk-Alola, F|100/100
|move|p1a: Cacturne|Leaf Storm|p2a: Monster Munch
|-resisted|p2a: Monster Munch
|-damage|p2a: Monster Munch|88/100
|-unboost|p1a: Cacturne|spa|2
|
|upkeep
|turn|2
|
|t:|1743885296
|move|p2a: Monster Munch|Knock Off|p1a: Cacturne
|-resisted|p1a: Cacturne
|-damage|p1a: Cacturne|67/100
|-enditem|p1a: Cacturne|Focus Sash|[from] move: Knock Off|[of] p2a: Monster Munch
|move|p1a: Cacturne|Counter|p2a: Monster Munch
|-damage|p2a: Monster Munch|43/100
|
|upkeep
|turn|3
|
|t:|1743885310
|move|p2a: Monster Munch|Poison Jab|p1a: Cacturne
|-supereffective|p1a: Cacturne
|-damage|p1a: Cacturne|0 fnt
|faint|p1a: Cacturne
|
|upkeep
|
|t:|1743885313
|switch|p1a: Landorus|Landorus-Therian, M|100/100
|-ability|p1a: Landorus|Intimidate|boost
|-unboost|p2a: Monster Munch|atk|1
|turn|4
|
|t:|1743885322
|switch|p2a: Savior|Alomomola, F|100/100
|move|p1a: Landorus|Taunt|p2a: Savior
|-start|p2a: Savior|move: Taunt
|
|upkeep
|turn|5
|
|t:|1743885333
|move|p1a: Landorus|Earthquake|p2a: Savior
|-damage|p2a: Savior|72/100
|move|p2a: Savior|Flip Turn|p1a: Landorus
|-supereffective|p1a: Landorus
|-damage|p1a: Landorus|70/100
|-damage|p2a: Savior|55/100|[from] item: Rocky Helmet|[of] p1a: Landorus
|
|t:|1743885337
|switch|p2a: Metal Cooler|Kyurem|100/100|[from] Flip Turn
|-ability|p2a: Metal Cooler|Pressure
|
|upkeep
|turn|6
|
|t:|1743885345
|switch|p1a: Slowking|Slowking-Galar, F|100/100
|move|p2a: Metal Cooler|Ice Beam|p1a: Slowking
|-damage|p1a: Slowking|58/100
|
|upkeep
|turn|7
|
|t:|1743885359
|move|p2a: Metal Cooler|Ice Beam|p1a: Slowking
|-damage|p1a: Slowking|19/100
|-prepare|p1a: Slowking|Chilly Reception|[premajor]
|move|p1a: Slowking|Chilly Reception|p1a: Slowking
|-weather|Snowscape
|
|t:|1743885383
|switch|p1a: Raging Bolt|Raging Bolt|100/100|[from] Chilly Reception
|-enditem|p1a: Raging Bolt|Booster Energy
|-activate|p1a: Raging Bolt|ability: Protosynthesis|[fromitem]
|-start|p1a: Raging Bolt|protosynthesisspa
|
|-weather|Snowscape|[upkeep]
|upkeep
|turn|8
|inactive|RoutesReborn has 120 seconds left.
|
|t:|1743885404
|switch|p2a: Expat|Excadrill, F|100/100
|-ability|p2a: Expat|Mold Breaker
|-item|p2a: Expat|Air Balloon
|-terastallize|p1a: Raging Bolt|Fairy
|move|p1a: Raging Bolt|Dragon Pulse|p2a: Expat
|-resisted|p2a: Expat
|-damage|p2a: Expat|56/100
|-enditem|p2a: Expat|Air Balloon
|
|-weather|Snowscape|[upkeep]
|upkeep
|turn|9
|inactive|RoutesReborn has 120 seconds left.
|
|t:|1743885424
|-end|p1a: Raging Bolt|Protosynthesis|[silent]
|switch|p1a: Landorus|Landorus-Therian, M|70/100
|-ability|p1a: Landorus|Intimidate|boost
|-unboost|p2a: Expat|atk|1
|move|p2a: Expat|Earthquake|p1a: Landorus
|-immune|p1a: Landorus
|
|-weather|Snowscape|[upkeep]
|upkeep
|turn|10
|inactive|RoutesReborn has 120 seconds left.
|
|t:|1743885434
|switch|p2a: Savior|Alomomola, F|88/100
|move|p1a: Landorus|Taunt|p2a: Savior
|-start|p2a: Savior|move: Taunt
|
|-weather|Snowscape|[upkeep]
|upkeep
|turn|11
|inactive|RoutesReborn has 120 seconds left.
|
|t:|1743885447
|switch|p1a: Slowking|Slowking-Galar, F|52/100
|move|p2a: Savior|Flip Turn|p1a: Slowking
|-damage|p1a: Slowking|34/100
|
|t:|1743885460
|switch|p2a: Metal Cooler|Kyurem|100/100|[from] Flip Turn
|-ability|p2a: Metal Cooler|Pressure
|
|-weather|none
|upkeep
|turn|12
|inactive|RoutesReborn has 120 seconds left.
|
|t:|1743885483
|move|p2a: Metal Cooler|Ice Beam|p1a: Slowking
|-damage|p1a: Slowking|0 fnt
|faint|p1a: Slowking
|
|upkeep
|
|t:|1743885490
|switch|p1a: Cinderace|Cinderace, F|100/100
|turn|13
|
|t:|1743885501
|switch|p2a: Savior|Alomomola, F|100/100
|move|p1a: Cinderace|Pyro Ball|p2a: Savior
|-resisted|p2a: Savior
|-crit|p2a: Savior
|-damage|p2a: Savior|73/100
|
|upkeep
|turn|14
|
|t:|1743885509
|move|p1a: Cinderace|U-turn|p2a: Savior
|-start|p1a: Cinderace|typechange|Bug|[from] ability: Libero
|-damage|p2a: Savior|53/100
|
|t:|1743885521
|switch|p1a: Landorus|Landorus-Therian, M|70/100|[from] U-turn
|-ability|p1a: Landorus|Intimidate|boost
|-unboost|p2a: Savior|atk|1
|move|p2a: Savior|Flip Turn|p1a: Landorus
|-supereffective|p1a: Landorus
|-crit|p1a: Landorus
|-damage|p1a: Landorus|26/100
|-damage|p2a: Savior|37/100|[from] item: Rocky Helmet|[of] p1a: Landorus
|
|t:|1743885525
|switch|p2a: Metal Cooler|Kyurem|100/100|[from] Flip Turn
|-ability|p2a: Metal Cooler|Pressure
|
|upkeep
|turn|15
|inactive|RoutesReborn has 120 seconds left.
|
|t:|1743885534
|move|p2a: Metal Cooler|Ice Beam|p1a: Landorus
|-supereffective|p1a: Landorus
|-damage|p1a: Landorus|0 fnt
|faint|p1a: Landorus
|
|upkeep
|
|t:|1743885536
|switch|p1a: Raging Bolt|Raging Bolt, tera:Fairy|100/100
|turn|16
|
|t:|1743885544
|switch|p2a: Expat|Excadrill, F|56/100
|-ability|p2a: Expat|Mold Breaker
|move|p1a: Raging Bolt|Calm Mind|p1a: Raging Bolt
|-boost|p1a: Raging Bolt|spa|1
|-boost|p1a: Raging Bolt|spd|1
|
|upkeep
|turn|17
|
|t:|1743885567
|move|p2a: Expat|Earthquake|p1a: Raging Bolt
|-damage|p1a: Raging Bolt|51/100
|move|p1a: Raging Bolt|Dragon Pulse|p2a: Expat
|-resisted|p2a: Expat
|-damage|p2a: Expat|2/100
|
|upkeep
|turn|18
|
|t:|1743885576
|move|p2a: Expat|Earthquake|p1a: Raging Bolt
|-damage|p1a: Raging Bolt|5/100
|move|p1a: Raging Bolt|Dragon Pulse|p2a: Expat
|-resisted|p2a: Expat
|-damage|p2a: Expat|0 fnt
|faint|p2a: Expat
|
|upkeep
|
|t:|1743885597
|switch|p2a: Tickler|Gliscor, F|100/100
|turn|19
|
|t:|1743885606
|move|p1a: Raging Bolt|Dragon Pulse|p2a: Tickler
|-damage|p2a: Tickler|29/100
|move|p2a: Tickler|Knock Off|p1a: Raging Bolt
|-resisted|p1a: Raging Bolt
|-damage|p1a: Raging Bolt|0 fnt
|faint|p1a: Raging Bolt
|-end|p1a: Raging Bolt|Protosynthesis|[silent]
|
|-status|p2a: Tickler|tox|[from] item: Toxic Orb
|upkeep
|inactive|RoutesReborn has 120 seconds left.
|
|t:|1743885632
|switch|p1a: Iron Valiant|Iron Valiant|100/100
|-enditem|p1a: Iron Valiant|Booster Energy
|-activate|p1a: Iron Valiant|ability: Quark Drive|[fromitem]
|-start|p1a: Iron Valiant|quarkdrivespe
|turn|20
|
|t:|1743885657
|switch|p2a: 7-Head Strike|Hydrapple, M|100/100
|move|p1a: Iron Valiant|Moonblast|p2a: 7-Head Strike
|-supereffective|p2a: 7-Head Strike
|-damage|p2a: 7-Head Strike|10/100
|
|-heal|p2a: 7-Head Strike|16/100|[from] item: Leftovers
|upkeep
|turn|21
|
|t:|1743885664
|move|p1a: Iron Valiant|Moonblast|p2a: 7-Head Strike
|-supereffective|p2a: 7-Head Strike
|-damage|p2a: 7-Head Strike|0 fnt
|faint|p2a: 7-Head Strike
|
|upkeep
|
|t:|1743885679
|switch|p2a: Savior|Alomomola, F|70/100
|turn|22
|
|t:|1743885692
|move|p1a: Iron Valiant|Knock Off|p2a: Savior
|-damage|p2a: Savior|54/100
|-enditem|p2a: Savior|Heavy-Duty Boots|[from] move: Knock Off|[of] p1a: Iron Valiant
|move|p2a: Savior|Wish|p2a: Savior
|
|upkeep
|turn|23
|
|t:|1743885704
|move|p1a: Iron Valiant|Encore|p2a: Savior
|-start|p2a: Savior|Encore
|move|p2a: Savior|Wish||[still]
|-fail|p2a: Savior
|
|-heal|p2a: Savior|100/100|[from] move: Wish|[wisher] Savior
|upkeep
|turn|24
|
|t:|1743885713
|move|p1a: Iron Valiant|Moonblast|p2a: Savior
|-damage|p2a: Savior|59/100
|move|p2a: Savior|Wish|p2a: Savior
|
|upkeep
|turn|25
|
|t:|1743885723
|switch|p2a: Monster Munch|Muk-Alola, F|43/100
|move|p1a: Iron Valiant|Moonblast|p2a: Monster Munch
|-damage|p2a: Monster Munch|25/100
|-unboost|p2a: Monster Munch|spa|1
|
|-heal|p2a: Monster Munch|82/100|[from] move: Wish|[wisher] Savior
|upkeep
|turn|26
|inactive|RoutesReborn has 120 seconds left.
|
|t:|1743885757
|move|p1a: Iron Valiant|Knock Off|p2a: Monster Munch
|-resisted|p2a: Monster Munch
|-damage|p2a: Monster Munch|68/100
|-enditem|p2a: Monster Munch|Assault Vest|[from] move: Knock Off|[of] p1a: Iron Valiant
|move|p2a: Monster Munch|Poison Jab|p1a: Iron Valiant
|-supereffective|p1a: Iron Valiant
|-damage|p1a: Iron Valiant|27/100
|
|upkeep
|turn|27
|inactive|RoutesReborn has 120 seconds left.
|
|t:|1743885786
|-end|p1a: Iron Valiant|Quark Drive|[silent]
|switch|p1a: Cinderace|Cinderace, F|100/100
|move|p2a: Monster Munch|Poison Jab|p1a: Cinderace
|-damage|p1a: Cinderace|62/100
|
|upkeep
|turn|28
|
|t:|1743885796
|switch|p2a: Savior|Alomomola, F|92/100
|move|p1a: Cinderace|Will-O-Wisp|p2a: Savior|[miss]
|-miss|p1a: Cinderace|p2a: Savior
|
|upkeep
|turn|29
|
|t:|1743885818
|move|p1a: Cinderace|Will-O-Wisp|p2a: Savior
|-status|p2a: Savior|brn
|move|p2a: Savior|Flip Turn|p1a: Cinderace
|-supereffective|p1a: Cinderace
|-damage|p1a: Cinderace|39/100
|
|t:|1743885823
|switch|p2a: Metal Cooler|Kyurem|100/100|[from] Flip Turn
|-ability|p2a: Metal Cooler|Pressure
|
|upkeep
|turn|30
|
|t:|1743885833
|move|p1a: Cinderace|Pyro Ball|p2a: Metal Cooler|[miss]
|-miss|p1a: Cinderace|p2a: Metal Cooler
|move|p2a: Metal Cooler|Ice Beam|p1a: Cinderace
|-resisted|p1a: Cinderace
|-damage|p1a: Cinderace|0 fnt
|faint|p1a: Cinderace
|
|upkeep
|
|t:|1743885840
|switch|p1a: Iron Valiant|Iron Valiant|27/100
|turn|31
|c|☆Seltzergod|gg
|
|t:|1743885851
|-terastallize|p2a: Metal Cooler|Ghost
|move|p1a: Iron Valiant|Close Combat|p2a: Metal Cooler
|-immune|p2a: Metal Cooler
|move|p2a: Metal Cooler|Ice Beam|p1a: Iron Valiant
|-damage|p1a: Iron Valiant|0 fnt
|faint|p1a: Iron Valiant
|-end|p1a: Iron Valiant|Quark Drive|[silent]
|
|win|Seltzergod
|raw|RoutesReborn's rating: 1345 &rarr; <strong>1331</strong><br />(-14 for losing)
|raw|Seltzergod's rating: 1448 &rarr; <strong>1462</strong><br />(+14 for winning)
|l|☆RoutesReborn
|player|p1|
|l|☆Seltzergod
|player|p2|
