|j|☆Jusk-99
|j|☆Nicerioknight
|t:|1743778163
|gametype|singles
|player|p1|Jusk-99|aaron|1246
|player|p2|Nicerioknight|2|1196
|teamsize|p1|6
|teamsize|p2|6
|gen|9
|tier|[Gen 9] OU
|rated|
|rule|HP Percentage Mod: HP is shown in percentages
|rule|Endless Battle Clause: Forcing endless battles is banned
|rule|Species Clause: Limit one of each Pokémon
|rule|OHKO Clause: OHKO moves are banned
|rule|Evasion Items Clause: Evasion items are banned
|rule|Evasion Moves Clause: Evasion moves are banned
|rule|Sleep Moves Clause: Sleep-inducing moves are banned
|clearpoke
|poke|p1|Gumshoos, M|
|poke|p1|Ursaluna, M|
|poke|p1|Grimmsnarl, M|
|poke|p1|Registeel|
|poke|p1|Eiscue, F|
|poke|p1|Typhlosion-Hisui, F|
|poke|p2|Lokix, M|
|poke|p2|Vikavolt, M|
|poke|p2|Politoed, F|
|poke|p2|Cinderace, M|
|poke|p2|Dragapult, M|
|poke|p2|Great Tusk|
|teampreview
|
|t:|1743778176
|start
|switch|p1a: TRUMP|Gumshoos, M|100/100
|switch|p2a: Vikavolt|Vikavolt, M|100/100
|turn|1
|c|☆Nicerioknight|It fr is him
|
|t:|1743778190
|move|p1a: TRUMP|Double-Edge|p2a: Vikavolt
|-damage|p2a: Vikavolt|26/100
|-damage|p1a: TRUMP|73/100|[from] Recoil
|move|p2a: Vikavolt|Sticky Web|p1a: TRUMP
|-sidestart|p1: Jusk-99|move: Sticky Web
|
|upkeep
|turn|2
|c|☆Jusk-99|XD
|
|t:|1743778202
|switch|p2a: Dragapult|Dragapult, M|100/100
|move|p1a: TRUMP|Double-Edge|p2a: Dragapult
|-immune|p2a: Dragapult
|
|upkeep
|turn|3
|
|t:|1743778208
|switch|p1a: NETANYAHU|Grimmsnarl, M|100/100
|-activate|p1a: NETANYAHU|move: Sticky Web
|-unboost|p1a: NETANYAHU|spe|1
|move|p2a: Dragapult|Dragon Dance|p2a: Dragapult
|-boost|p2a: Dragapult|atk|1
|-boost|p2a: Dragapult|spe|1
|
|upkeep
|turn|4
|
|t:|1743778223
|move|p2a: Dragapult|Phantom Force||[still]
|-prepare|p2a: Dragapult|Phantom Force
|move|p1a: NETANYAHU|Play Rough|p2a: Dragapult|[miss]
|-miss|p1a: NETANYAHU|p2a: Dragapult
|
|upkeep
|turn|5
|
|t:|1743778229
|move|p2a: Dragapult|Phantom Force|p1a: NETANYAHU|[from] lockedmove
|-resisted|p1a: NETANYAHU
|-damage|p1a: NETANYAHU|64/100
|-damage|p2a: Dragapult|84/100|[from] item: Rocky Helmet|[of] p1a: NETANYAHU
|move|p1a: NETANYAHU|Play Rough|p2a: Dragapult
|-supereffective|p2a: Dragapult
|-damage|p2a: Dragapult|5/100
|
|-heal|p2a: Dragapult|11/100|[from] item: Leftovers
|upkeep
|turn|6
|
|t:|1743778258
|switch|p2a: Politoed|Politoed, F|100/100
|-weather|RainDance|[from] ability: Drizzle|[of] p2a: Politoed
|move|p1a: NETANYAHU|Sucker Punch||[still]
|-fail|p1a: NETANYAHU
|
|-weather|RainDance|[upkeep]
|upkeep
|turn|7
|
|t:|1743778269
|move|p1a: NETANYAHU|Parting Shot|p2a: Politoed
|-unboost|p2a: Politoed|atk|1
|-unboost|p2a: Politoed|spa|1
|
|t:|1743778273
|switch|p1a: MUSK|Registeel|100/100|[from] Parting Shot
|-activate|p1a: MUSK|move: Sticky Web
|-fail|p1a: MUSK|unboost|[from] ability: Clear Body|[of] p1a: MUSK
|move|p2a: Politoed|Weather Ball|p1a: MUSK
|-damage|p1a: MUSK|80/100
|
|-weather|RainDance|[upkeep]
|-heal|p1a: MUSK|86/100|[from] item: Leftovers
|upkeep
|turn|8
|
|t:|1743778290
|move|p2a: Politoed|Low Sweep|p1a: MUSK
|-supereffective|p1a: MUSK
|-damage|p1a: MUSK|77/100
|move|p1a: MUSK|Iron Defense|p1a: MUSK
|-boost|p1a: MUSK|def|2
|
|-weather|RainDance|[upkeep]
|-heal|p1a: MUSK|83/100|[from] item: Leftovers
|upkeep
|turn|9
|
|t:|1743778299
|move|p2a: Politoed|Encore|p1a: MUSK
|-start|p1a: MUSK|Encore
|move|p1a: MUSK|Iron Defense|p1a: MUSK
|-boost|p1a: MUSK|def|2
|
|-weather|RainDance|[upkeep]
|-heal|p1a: MUSK|89/100|[from] item: Leftovers
|upkeep
|turn|10
|
|t:|1743778312
|move|p2a: Politoed|Weather Ball|p1a: MUSK
|-damage|p1a: MUSK|69/100
|move|p1a: MUSK|Iron Defense|p1a: MUSK
|-boost|p1a: MUSK|def|2
|
|-weather|none
|-heal|p1a: MUSK|75/100|[from] item: Leftovers
|upkeep
|turn|11
|
|t:|1743778321
|move|p2a: Politoed|Low Sweep|p1a: MUSK
|-supereffective|p1a: MUSK
|-damage|p1a: MUSK|72/100
|move|p1a: MUSK|Iron Defense|p1a: MUSK
|-boost|p1a: MUSK|def|0
|
|-heal|p1a: MUSK|78/100|[from] item: Leftovers
|-end|p1a: MUSK|Encore
|upkeep
|turn|12
|
|t:|1743778331
|switch|p1a: XIN PIN|Typhlosion-Hisui, F, shiny|100/100
|-activate|p1a: XIN PIN|move: Sticky Web
|-unboost|p1a: XIN PIN|spe|1
|move|p2a: Politoed|Encore||[still]
|-fail|p2a: Politoed
|
|upkeep
|turn|13
|
|t:|1743778340
|switch|p2a: Cinderace|Cinderace, M|100/100
|move|p1a: XIN PIN|Shadow Ball|p2a: Cinderace
|-damage|p2a: Cinderace|39/100
|
|upkeep
|turn|14
|
|t:|1743778350
|move|p2a: Cinderace|Sucker Punch|p1a: XIN PIN
|-start|p2a: Cinderace|typechange|Dark|[from] ability: Libero
|-supereffective|p1a: XIN PIN
|-damage|p1a: XIN PIN|4/100
|move|p1a: XIN PIN|Shadow Ball|p2a: Cinderace
|-resisted|p2a: Cinderace
|-damage|p2a: Cinderace|8/100
|
|upkeep
|turn|15
|
|t:|1743778360
|switch|p1a: NETANYAHU|Grimmsnarl, M|64/100
|-activate|p1a: NETANYAHU|move: Sticky Web
|-unboost|p1a: NETANYAHU|spe|1
|move|p2a: Cinderace|Sucker Punch||[still]
|-fail|p2a: Cinderace
|
|upkeep
|turn|16
|
|t:|1743778367
|switch|p2a: Politoed|Politoed, F|100/100
|-weather|RainDance|[from] ability: Drizzle|[of] p2a: Politoed
|move|p1a: NETANYAHU|Fake Out|p2a: Politoed
|-damage|p2a: Politoed|87/100
|
|-weather|RainDance|[upkeep]
|upkeep
|turn|17
|
|t:|1743778376
|move|p1a: NETANYAHU|Parting Shot|p2a: Politoed
|-unboost|p2a: Politoed|atk|1
|-unboost|p2a: Politoed|spa|1
|
|t:|1743778379
|switch|p1a: MUSK|Registeel|78/100|[from] Parting Shot
|-activate|p1a: MUSK|move: Sticky Web
|-fail|p1a: MUSK|unboost|[from] ability: Clear Body|[of] p1a: MUSK
|move|p2a: Politoed|Weather Ball|p1a: MUSK
|-damage|p1a: MUSK|56/100
|
|-weather|RainDance|[upkeep]
|-heal|p1a: MUSK|62/100|[from] item: Leftovers
|upkeep
|turn|18
|
|t:|1743778391
|move|p2a: Politoed|Perish Song|p2a: Politoed
|-start|p1a: MUSK|perish3|[silent]
|-start|p2a: Politoed|perish3|[silent]
|-fieldactivate|move: Perish Song
|move|p1a: MUSK|Body Press|p2a: Politoed
|-damage|p2a: Politoed|52/100
|
|-weather|RainDance|[upkeep]
|-heal|p1a: MUSK|68/100|[from] item: Leftovers
|-start|p2a: Politoed|perish3
|-start|p1a: MUSK|perish3
|upkeep
|turn|19
|
|t:|1743778405
|move|p2a: Politoed|Encore|p1a: MUSK
|-start|p1a: MUSK|Encore
|move|p1a: MUSK|Body Press|p2a: Politoed
|-damage|p2a: Politoed|14/100
|
|-weather|RainDance|[upkeep]
|-heal|p1a: MUSK|74/100|[from] item: Leftovers
|-start|p2a: Politoed|perish2
|-start|p1a: MUSK|perish2
|upkeep
|turn|20
|
|t:|1743778416
|switch|p2a: Dragapult|Dragapult, M|11/100
|switch|p1a: TRUMP|Gumshoos, M|73/100
|-activate|p1a: TRUMP|move: Sticky Web
|-unboost|p1a: TRUMP|spe|1
|
|-weather|none
|-heal|p2a: Dragapult|17/100|[from] item: Leftovers
|upkeep
|turn|21
|
|t:|1743778429
|move|p2a: Dragapult|Dragon Darts|p1a: TRUMP
|-damage|p1a: TRUMP|41/100
|-anim|p2a: Dragapult|Dragon Darts|p1a: TRUMP
|-damage|p1a: TRUMP|9/100
|move|p1a: TRUMP|Crunch|p2a: Dragapult
|-supereffective|p2a: Dragapult
|-damage|p2a: Dragapult|0 fnt
|faint|p2a: Dragapult
|
|upkeep
|
|t:|1743778439
|switch|p2a: Cinderace|Cinderace, M|8/100
|turn|22
|
|t:|1743778443
|switch|p1a: NETANYAHU|Grimmsnarl, M|64/100
|-activate|p1a: NETANYAHU|move: Sticky Web
|-unboost|p1a: NETANYAHU|spe|1
|move|p2a: Cinderace|Trailblaze|p1a: NETANYAHU
|-start|p2a: Cinderace|typechange|Grass|[from] ability: Libero
|-damage|p1a: NETANYAHU|41/100
|-boost|p2a: Cinderace|spe|1
|-damage|p2a: Cinderace|0 fnt|[from] item: Rocky Helmet|[of] p1a: NETANYAHU
|faint|p2a: Cinderace
|
|upkeep
|
|t:|1743778466
|switch|p2a: Lokix|Lokix, M|100/100
|turn|23
|
|t:|1743778471
|switch|p1a: LE PEN|Eiscue, F|100/100
|-activate|p1a: LE PEN|move: Sticky Web
|-unboost|p1a: LE PEN|spe|1
|move|p2a: Lokix|First Impression|p1a: LE PEN
|-activate|p1a: LE PEN|ability: Ice Face
|-damage|p1a: LE PEN|100/100
|detailschange|p1a: LE PEN|Eiscue-Noice, F
|-damage|p2a: Lokix|91/100|[from] item: Life Orb
|
|upkeep
|turn|24
|
|t:|1743778485
|-terastallize|p1a: LE PEN|Fairy
|move|p1a: LE PEN|Tera Blast|p2a: Lokix|[anim] Tera Blast Fairy
|-supereffective|p2a: Lokix
|-damage|p2a: Lokix|7/100
|move|p2a: Lokix|Axe Kick|p1a: LE PEN
|-resisted|p1a: LE PEN
|-damage|p1a: LE PEN|16/100
|-damage|p2a: Lokix|0 fnt|[from] item: Life Orb
|faint|p2a: Lokix
|
|upkeep
|
|t:|1743778511
|switch|p2a: Great Tusk|Great Tusk|100/100
|turn|25
|
|t:|1743778514
|move|p1a: LE PEN|Tera Blast|p2a: Great Tusk|[anim] Tera Blast Fairy
|-supereffective|p2a: Great Tusk
|-damage|p2a: Great Tusk|60/100
|move|p2a: Great Tusk|Rapid Spin|p1a: LE PEN
|-damage|p1a: LE PEN|0 fnt
|-boost|p2a: Great Tusk|spe|1
|faint|p1a: LE PEN
|
|upkeep
|
|t:|1743778524
|switch|p1a: NETANYAHU|Grimmsnarl, M|41/100
|-activate|p1a: NETANYAHU|move: Sticky Web
|-unboost|p1a: NETANYAHU|spe|1
|turn|26
|
|t:|1743778531
|move|p1a: NETANYAHU|Fake Out|p2a: Great Tusk
|-crit|p2a: Great Tusk
|-damage|p2a: Great Tusk|50/100
|cant|p2a: Great Tusk|flinch
|
|upkeep
|turn|27
|
|t:|1743778537
|move|p1a: NETANYAHU|Sucker Punch|p2a: Great Tusk
|-resisted|p2a: Great Tusk
|-damage|p2a: Great Tusk|41/100
|move|p2a: Great Tusk|Headlong Rush|p1a: NETANYAHU
|-damage|p1a: NETANYAHU|0 fnt
|-unboost|p2a: Great Tusk|def|1
|-unboost|p2a: Great Tusk|spd|1
|-damage|p2a: Great Tusk|24/100|[from] item: Rocky Helmet|[of] p1a: NETANYAHU
|faint|p1a: NETANYAHU
|
|upkeep
|
|t:|1743778548
|switch|p1a: MUSK|Registeel|74/100
|-activate|p1a: MUSK|move: Sticky Web
|-fail|p1a: MUSK|unboost|[from] ability: Clear Body|[of] p1a: MUSK
|turn|28
|
|t:|1743778567
|move|p2a: Great Tusk|Headlong Rush|p1a: MUSK
|-supereffective|p1a: MUSK
|-damage|p1a: MUSK|0 fnt
|-unboost|p2a: Great Tusk|def|1
|-unboost|p2a: Great Tusk|spd|1
|faint|p1a: MUSK
|
|upkeep
|
|t:|1743778578
|switch|p1a: PUTIN|Ursaluna, M, shiny|100/100
|-activate|p1a: PUTIN|move: Sticky Web
|-unboost|p1a: PUTIN|spe|1
|turn|29
|
|t:|1743778584
|move|p2a: Great Tusk|Close Combat|p1a: PUTIN
|-supereffective|p1a: PUTIN
|-damage|p1a: PUTIN|7/100
|-unboost|p2a: Great Tusk|def|1
|-unboost|p2a: Great Tusk|spd|1
|move|p1a: PUTIN|Headlong Rush|p2a: Great Tusk
|-damage|p2a: Great Tusk|0 fnt
|-unboost|p1a: PUTIN|def|1
|-unboost|p1a: PUTIN|spd|1
|faint|p2a: Great Tusk
|-end|p2a: Great Tusk|Protosynthesis|[silent]
|
|-status|p1a: PUTIN|brn|[from] item: Flame Orb
|upkeep
|
|t:|1743778594
|switch|p2a: Politoed|Politoed, F|14/100
|-weather|RainDance|[from] ability: Drizzle|[of] p2a: Politoed
|turn|30
|
|t:|1743778603
|move|p2a: Politoed|Weather Ball|p1a: PUTIN
|-supereffective|p1a: PUTIN
|-damage|p1a: PUTIN|0 fnt
|faint|p1a: PUTIN
|
|-weather|RainDance|[upkeep]
|upkeep
|
|t:|1743778610
|switch|p1a: XIN PIN|Typhlosion-Hisui, F, shiny|4/100
|-activate|p1a: XIN PIN|move: Sticky Web
|-unboost|p1a: XIN PIN|spe|1
|turn|31
|
|t:|1743778618
|move|p1a: XIN PIN|Shadow Ball|p2a: Politoed
|-damage|p2a: Politoed|0 fnt
|faint|p2a: Politoed
|
|-weather|RainDance|[upkeep]
|upkeep
|
|t:|1743778625
|switch|p2a: Vikavolt|Vikavolt, M|26/100
|turn|32
|
|t:|1743778628
|-terastallize|p2a: Vikavolt|Electric
|move|p1a: XIN PIN|Shadow Ball|p2a: Vikavolt
|-damage|p2a: Vikavolt|0 fnt
|faint|p2a: Vikavolt
|
|win|Jusk-99
|raw|Jusk-99's rating: 1246 &rarr; <strong>1267</strong><br />(+21 for winning)
|raw|Nicerioknight's rating: 1196 &rarr; <strong>1175</strong><br />(-21 for losing)
|c|☆Jusk-99|Gg
|c|☆Nicerioknight|Gg
|c|☆Nicerioknight|Close battle
|c|☆Jusk-99|Yup
|c|☆Nicerioknight|My uh, my bug has a custap
|c|☆Nicerioknight|And it was
|c|☆Nicerioknight|25.4%
|c|☆Nicerioknight|:(
|c|☆Jusk-99|F
|c|☆Nicerioknight|It would haveade a huge difference fr tho
|c|☆Nicerioknight|Like
|c|☆Nicerioknight|Vikavolt level
|c|☆Jusk-99|Yep
|c|☆Nicerioknight|Thunder
|c|☆Nicerioknight|100% acc
|c|☆Nicerioknight|!data vikavolt
|raw|<div class="message"><ul class="utilichart"><li class="result"><span class="col numcol">ZU</span> <span class="col iconcol"><psicon pokemon="vikavolt"/></span> <span class="col pokemonnamecol" style="white-space:nowrap"><a href="https://dex.pokemonshowdown.com/pokemon/vikavolt" target="_blank">Vikavolt</a></span> <span class="col typecol"><img src="https://play.pokemonshowdown.com/sprites/types/Bug.png" alt="Bug" height="14" width="32"><img src="https://play.pokemonshowdown.com/sprites/types/Electric.png" alt="Electric" height="14" width="32"></span> <span style="float:left;min-height:26px"><span class="col abilitycol">Levitate</span><span class="col abilitycol"></span></span><span style="float:left;min-height:26px"><span class="col statcol"><em>HP</em><br />77</span> <span class="col statcol"><em>Atk</em><br />70</span> <span class="col statcol"><em>Def</em><br />90</span> <span class="col statcol"><em>SpA</em><br />145</span> <span class="col statcol"><em>SpD</em><br />75</span> <span class="col statcol"><em>Spe</em><br />43</span> <span class="col bstcol"><em>BST<br />500</em></span> </span></li><li style="clear:both"></li></ul></div>

|c|☆Nicerioknight|But good switches
|c|☆Jusk-99|The problem of this team is that i have no way to get rid of hazards
|c|☆Jusk-99|Its a meme team with surprise factor haha
|l|☆Jusk-99
|player|p1|
