|j|‽JackRG1
|j|☆surprise blissey
|t:|1743866757
|gametype|singles
|player|p1|JackRG1|iris|1515
|player|p2|surprise blissey|blaine|1485
|teamsize|p1|6
|teamsize|p2|6
|gen|9
|tier|[Gen 9] OU
|rated|
|rule|HP Percentage Mod: HP is shown in percentages
|rule|Endless Battle Clause: Forcing endless battles is banned
|rule|Species Clause: Limit one of each Pokémon
|rule|OHKO Clause: OHKO moves are banned
|rule|Evasion Items Clause: Evasion items are banned
|rule|Evasion Moves Clause: Evasion moves are banned
|rule|Sleep Moves Clause: Sleep-inducing moves are banned
|clearpoke
|poke|p1|Slowking-Galar, M|
|poke|p1|Corviknight, M|
|poke|p1|Cinderace, M|
|poke|p1|Zamazenta-*|
|poke|p1|Sinistcha|
|poke|p1|Clodsire, M|
|poke|p2|Blissey, F|
|poke|p2|Dondozo, F|
|poke|p2|Gliscor, F|
|poke|p2|Pecharunt|
|poke|p2|Regice|
|poke|p2|Clefable, F|
|teampreview
|inactive|Battle timer is ON: inactive players will automatically lose when time's up. (requested by surprise blissey)
|inactive|JackRG1 also wants the timer to be on.
|
|t:|1743866769
|start
|switch|p1a: Slowking|Slowking-Galar, M|100/100
|switch|p2a: Gliscor|Gliscor, F|100/100
|turn|1
|
|t:|1743866771
|move|p2a: Gliscor|Protect|p2a: Gliscor
|-singleturn|p2a: Gliscor|Protect
|move|p1a: Slowking|Future Sight|p2a: Gliscor
|-start|p1a: Slowking|move: Future Sight
|
|-status|p2a: Gliscor|tox|[from] item: Toxic Orb
|upkeep
|turn|2
|
|t:|1743866774
|move|p2a: Gliscor|Knock Off|p1a: Slowking
|-supereffective|p1a: Slowking
|-damage|p1a: Slowking|70/100
|-enditem|p1a: Slowking|Shuca Berry|[from] move: Knock Off|[of] p2a: Gliscor
|move|p1a: Slowking|Ice Beam|p2a: Gliscor
|-supereffective|p2a: Gliscor
|-damage|p2a: Gliscor|0 fnt
|faint|p2a: Gliscor
|
|upkeep
|
|t:|1743866778
|switch|p2a: Regice|Regice|100/100
|turn|3
|
|t:|1743866783
|move|p2a: Regice|Amnesia|p2a: Regice
|-boost|p2a: Regice|spd|2
|move|p1a: Slowking|Future Sight||[still]
|-fail|p1a: Slowking
|
|-end|p2a: Regice|move: Future Sight
|-damage|p2a: Regice|91/100
|upkeep
|turn|4
|
|t:|1743866787
|move|p2a: Regice|Ice Beam|p1a: Slowking
|-damage|p1a: Slowking|48/100
|-prepare|p1a: Slowking|Chilly Reception|[premajor]
|move|p1a: Slowking|Chilly Reception|p1a: Slowking
|-weather|Snowscape
|
|t:|1743866790
|switch|p1a: Zamazenta|Zamazenta|100/100|[from] Chilly Reception
|-ability|p1a: Zamazenta|Dauntless Shield|boost
|-boost|p1a: Zamazenta|def|1
|
|-weather|Snowscape|[upkeep]
|upkeep
|turn|5
|
|t:|1743866793
|switch|p2a: Pecharunt|Pecharunt|100/100
|move|p1a: Zamazenta|Close Combat|p2a: Pecharunt
|-immune|p2a: Pecharunt
|
|-weather|Snowscape|[upkeep]
|upkeep
|turn|6
|
|t:|1743866803
|switch|p1a: Slowking|Slowking-Galar, M|81/100
|move|p2a: Pecharunt|Toxic|p1a: Slowking
|-immune|p1a: Slowking
|
|-weather|Snowscape|[upkeep]
|upkeep
|turn|7
|
|t:|1743866806
|move|p2a: Pecharunt|Parting Shot|p1a: Slowking
|-unboost|p1a: Slowking|atk|1
|-unboost|p1a: Slowking|spa|1
|
|t:|1743866809
|switch|p2a: Blissey|Blissey, F|100/100|[from] Parting Shot
|move|p1a: Slowking|Future Sight|p2a: Blissey
|-start|p1a: Slowking|move: Future Sight
|
|-weather|Snowscape|[upkeep]
|upkeep
|turn|8
|
|t:|1743866812
|move|p2a: Blissey|Stealth Rock|p1a: Slowking
|-sidestart|p1: JackRG1|move: Stealth Rock
|-prepare|p1a: Slowking|Chilly Reception|[premajor]
|move|p1a: Slowking|Chilly Reception|p1a: Slowking
|
|t:|1743866814
|switch|p1a: Zamazenta|Zamazenta|100/100|[from] Chilly Reception
|-damage|p1a: Zamazenta|94/100|[from] Stealth Rock
|
|-weather|none
|upkeep
|turn|9
|
|t:|1743866817
|switch|p2a: Pecharunt|Pecharunt|100/100
|move|p1a: Zamazenta|Crunch|p2a: Pecharunt
|-supereffective|p2a: Pecharunt
|-damage|p2a: Pecharunt|54/100
|-unboost|p2a: Pecharunt|def|1
|
|-end|p2a: Pecharunt|move: Future Sight
|-supereffective|p2a: Pecharunt
|-damage|p2a: Pecharunt|0 fnt
|faint|p2a: Pecharunt
|upkeep
|
|t:|1743866823
|switch|p2a: Clefable|Clefable, F|100/100
|turn|10
|
|t:|1743866828
|switch|p1a: Clodsire|Clodsire, M|100/100
|move|p2a: Clefable|Knock Off|p1a: Clodsire
|-damage|p1a: Clodsire|81/100
|-enditem|p1a: Clodsire|Heavy-Duty Boots|[from] move: Knock Off|[of] p2a: Clefable
|
|upkeep
|turn|11
|
|t:|1743866836
|move|p2a: Clefable|Calm Mind|p2a: Clefable
|-boost|p2a: Clefable|spa|1
|-boost|p2a: Clefable|spd|1
|move|p1a: Clodsire|Stealth Rock|p2a: Clefable
|-sidestart|p2: surprise blissey|move: Stealth Rock
|
|upkeep
|turn|12
|
|t:|1743866839
|move|p2a: Clefable|Calm Mind|p2a: Clefable
|-boost|p2a: Clefable|spa|1
|-boost|p2a: Clefable|spd|1
|move|p1a: Clodsire|Toxic|p2a: Clefable
|-status|p2a: Clefable|tox
|
|upkeep
|turn|13
|
|t:|1743866844
|switch|p1a: Cinderace|Cinderace, M|100/100
|move|p2a: Clefable|Calm Mind|p2a: Clefable
|-boost|p2a: Clefable|spa|1
|-boost|p2a: Clefable|spd|1
|
|upkeep
|turn|14
|
|t:|1743866847
|-terastallize|p2a: Clefable|Fire
|move|p1a: Cinderace|Pyro Ball|p2a: Clefable
|-resisted|p2a: Clefable
|-damage|p2a: Clefable|81/100 tox
|move|p2a: Clefable|Knock Off|p1a: Cinderace
|-damage|p1a: Cinderace|81/100
|-enditem|p1a: Cinderace|Heavy-Duty Boots|[from] move: Knock Off|[of] p2a: Clefable
|
|upkeep
|turn|15
|
|t:|1743866856
|move|p1a: Cinderace|U-turn|p2a: Clefable
|-resisted|p2a: Clefable
|-damage|p2a: Clefable|74/100 tox
|
|t:|1743866858
|switch|p1a: Clodsire|Clodsire, M|81/100|[from] U-turn
|-damage|p1a: Clodsire|75/100|[from] Stealth Rock
|move|p2a: Clefable|Calm Mind|p2a: Clefable
|-boost|p2a: Clefable|spa|1
|-boost|p2a: Clefable|spd|1
|
|upkeep
|turn|16
|
|t:|1743866867
|switch|p2a: Dondozo|Dondozo, F|100/100
|move|p1a: Clodsire|Earthquake|p2a: Dondozo
|-damage|p2a: Dondozo|88/100
|
|upkeep
|turn|17
|
|t:|1743866873
|switch|p1a: Slowking|Slowking-Galar, M|100/100
|-damage|p1a: Slowking|88/100|[from] Stealth Rock
|move|p2a: Dondozo|Body Press|p1a: Slowking
|-resisted|p1a: Slowking
|-damage|p1a: Slowking|83/100
|
|upkeep
|turn|18
|
|t:|1743866878
|switch|p2a: Blissey|Blissey, F|100/100
|move|p1a: Slowking|Future Sight|p2a: Blissey
|-start|p1a: Slowking|move: Future Sight
|
|upkeep
|turn|19
|
|t:|1743866880
|move|p2a: Blissey|Seismic Toss|p1a: Slowking
|-damage|p1a: Slowking|58/100
|-prepare|p1a: Slowking|Chilly Reception|[premajor]
|move|p1a: Slowking|Chilly Reception|p1a: Slowking
|-weather|Snowscape
|
|t:|1743866882
|switch|p1a: Zamazenta|Zamazenta|94/100|[from] Chilly Reception
|-damage|p1a: Zamazenta|88/100|[from] Stealth Rock
|
|-weather|Snowscape|[upkeep]
|upkeep
|turn|20
|
|t:|1743866886
|switch|p2a: Dondozo|Dondozo, F|88/100
|-terastallize|p1a: Zamazenta|Fighting
|move|p1a: Zamazenta|Close Combat|p2a: Dondozo
|-damage|p2a: Dondozo|33/100
|-unboost|p1a: Zamazenta|def|1
|-unboost|p1a: Zamazenta|spd|1
|
|-weather|Snowscape|[upkeep]
|-end|p2a: Dondozo|move: Future Sight
|-damage|p2a: Dondozo|0 fnt
|faint|p2a: Dondozo
|upkeep
|
|t:|1743866894
|switch|p2a: Clefable|Clefable, F, tera:Fire|74/100 tox
|turn|21
|
|t:|1743866897
|move|p1a: Zamazenta|Close Combat|p2a: Clefable
|-damage|p2a: Clefable|0 fnt
|-unboost|p1a: Zamazenta|def|1
|-unboost|p1a: Zamazenta|spd|1
|faint|p2a: Clefable
|
|-weather|Snowscape|[upkeep]
|upkeep
|-message|surprise blissey forfeited.
|
|win|JackRG1
|raw|JackRG1's rating: 1515 &rarr; <strong>1533</strong><br />(+18 for winning)
|raw|surprise blissey's rating: 1485 &rarr; <strong>1467</strong><br />(-18 for losing)
|l|☆surprise blissey
|player|p2|
