|j|☆54 insane rats
|j|☆a jellyfish
|t:|1743875865
|gametype|singles
|player|p1|54 insane rats|supernerd|1767
|player|p2|a jellyfish|yellow|1763
|teamsize|p1|6
|teamsize|p2|6
|gen|9
|tier|[Gen 9] OU
|rated|
|rule|HP Percentage Mod: HP is shown in percentages
|rule|Endless Battle Clause: Forcing endless battles is banned
|rule|Species Clause: Limit one of each Pokémon
|rule|OHKO Clause: OHKO moves are banned
|rule|Evasion Items Clause: Evasion items are banned
|rule|Evasion Moves Clause: Evasion moves are banned
|rule|Sleep Moves Clause: Sleep-inducing moves are banned
|clearpoke
|poke|p1|Gholdengo|
|poke|p1|Gliscor, F|
|poke|p1|Toxapex, F|
|poke|p1|Clefable, F|
|poke|p1|Skarmory, F|
|poke|p1|Clodsire, M|
|poke|p2|Ting-Lu|
|poke|p2|Hatterene, F|
|poke|p2|Kingambit, M|
|poke|p2|Pecharunt|
|poke|p2|Ogerpon-Wellspring, F|
|poke|p2|Raging Bolt|
|teampreview
|inactive|Battle timer is ON: inactive players will automatically lose when time's up. (requested by a jellyfish)
|inactive|54 insane rats also wants the timer to be on.
|
|t:|1743875880
|start
|switch|p1a: Clefable|Clefable, F|100/100
|switch|p2a: Hatterene|Hatterene, F|100/100
|turn|1
|
|t:|1743875895
|switch|p2a: Pecharunt|Pecharunt|100/100
|move|p1a: Clefable|Knock Off|p2a: Pecharunt
|-supereffective|p2a: Pecharunt
|-damage|p2a: Pecharunt|83/100
|-enditem|p2a: Pecharunt|Shuca Berry|[from] move: Knock Off|[of] p1a: Clefable
|
|upkeep
|turn|2
|
|t:|1743875900
|switch|p1a: Gliscor|Gliscor, F|100/100
|move|p2a: Pecharunt|Parting Shot|p1a: Gliscor
|-unboost|p1a: Gliscor|atk|1
|-unboost|p1a: Gliscor|spa|1
|
|t:|1743875908
|switch|p2a: Hatterene|Hatterene, F|100/100|[from] Parting Shot
|
|-status|p1a: Gliscor|tox|[from] item: Toxic Orb
|upkeep
|turn|3
|
|t:|1743875918
|switch|p1a: Gholdengo|Gholdengo|100/100
|move|p2a: Hatterene|Psychic Noise|p1a: Gholdengo
|-resisted|p1a: Gholdengo
|-damage|p1a: Gholdengo|84/100
|-start|p1a: Gholdengo|move: Heal Block
|
|upkeep
|turn|4
|
|t:|1743875924
|switch|p1a: Clefable|Clefable, F|100/100
|switch|p2a: Ting-Lu|Ting-Lu|100/100
|-ability|p2a: Ting-Lu|Vessel of Ruin
|
|upkeep
|turn|5
|
|t:|1743875930
|move|p1a: Clefable|Calm Mind|p1a: Clefable
|-boost|p1a: Clefable|spa|1
|-boost|p1a: Clefable|spd|1
|move|p2a: Ting-Lu|Stealth Rock|p1a: Clefable
|-sidestart|p1: 54 insane rats|move: Stealth Rock
|
|upkeep
|turn|6
|
|t:|1743875941
|switch|p2a: Pecharunt|Pecharunt|83/100
|move|p1a: Clefable|Moonblast|p2a: Pecharunt
|-resisted|p2a: Pecharunt
|-damage|p2a: Pecharunt|61/100
|-unboost|p2a: Pecharunt|spa|1
|
|upkeep
|turn|7
|
|t:|1743875947
|move|p2a: Pecharunt|Parting Shot|p1a: Clefable
|-unboost|p1a: Clefable|atk|1
|-unboost|p1a: Clefable|spa|1
|
|t:|1743875948
|switch|p2a: Kingambit|Kingambit, M|100/100|[from] Parting Shot
|move|p1a: Clefable|Calm Mind|p1a: Clefable
|-boost|p1a: Clefable|spa|1
|-boost|p1a: Clefable|spd|1
|
|upkeep
|turn|8
|
|t:|1743875953
|switch|p1a: Skarmory|Skarmory, F|100/100
|-damage|p1a: Skarmory|88/100|[from] Stealth Rock
|move|p2a: Kingambit|Iron Head|p1a: Skarmory
|-resisted|p1a: Skarmory
|-damage|p1a: Skarmory|74/100
|-damage|p2a: Kingambit|84/100|[from] item: Rocky Helmet|[of] p1a: Skarmory
|
|upkeep
|turn|9
|j| lowladderubersnoob
|
|t:|1743875963
|switch|p1a: Gliscor|Gliscor, F|100/100 tox
|-damage|p1a: Gliscor|88/100 tox|[from] Stealth Rock
|-end|p2a: Kingambit|fallenundefined|[silent]
|switch|p2a: Raging Bolt|Raging Bolt|100/100
|
|-heal|p1a: Gliscor|100/100 tox|[from] ability: Poison Heal
|upkeep
|turn|10
|
|t:|1743875968
|move|p1a: Gliscor|Protect|p1a: Gliscor
|-singleturn|p1a: Gliscor|Protect
|move|p2a: Raging Bolt|Draco Meteor|p1a: Gliscor
|-activate|p1a: Gliscor|move: Protect
|
|upkeep
|turn|11
|
|t:|1743875981
|-end|p2a: Raging Bolt|Protosynthesis|[silent]
|switch|p2a: Kingambit|Kingambit, M|84/100
|move|p1a: Gliscor|Knock Off|p2a: Kingambit
|-resisted|p2a: Kingambit
|-damage|p2a: Kingambit|76/100
|-enditem|p2a: Kingambit|Lum Berry|[from] move: Knock Off|[of] p1a: Gliscor
|
|upkeep
|turn|12
|
|t:|1743875987
|-end|p2a: Kingambit|fallenundefined|[silent]
|switch|p2a: Hatterene|Hatterene, F|100/100
|move|p1a: Gliscor|Swords Dance|p1a: Gliscor
|-boost|p1a: Gliscor|atk|2
|
|upkeep
|turn|13
|
|t:|1743875997
|move|p1a: Gliscor|Knock Off|p2a: Hatterene
|-damage|p2a: Hatterene|62/100
|-enditem|p2a: Hatterene|Leftovers|[from] move: Knock Off|[of] p1a: Gliscor
|move|p2a: Hatterene|Trick Room|p2a: Hatterene
|-fieldstart|move: Trick Room|[of] p2a: Hatterene
|
|upkeep
|turn|14
|
|t:|1743876002
|move|p2a: Hatterene|Psychic Noise|p1a: Gliscor
|-damage|p1a: Gliscor|72/100 tox
|-start|p1a: Gliscor|move: Heal Block
|move|p1a: Gliscor|Facade|p2a: Hatterene
|-damage|p2a: Hatterene|14/100
|
|upkeep
|turn|15
|
|t:|1743876008
|move|p2a: Hatterene|Psychic Noise|p1a: Gliscor
|-damage|p1a: Gliscor|45/100 tox
|move|p1a: Gliscor|Knock Off|p2a: Hatterene
|-damage|p2a: Hatterene|0 fnt
|faint|p2a: Hatterene
|
|-end|p1a: Gliscor|move: Heal Block
|upkeep
|
|t:|1743876014
|switch|p2a: Kingambit|Kingambit, M|76/100
|-activate|p2a: Kingambit|ability: Supreme Overlord
|-start|p2a: Kingambit|fallen1|[silent]
|turn|16
|
|t:|1743876020
|switch|p1a: Skarmory|Skarmory, F|74/100
|-damage|p1a: Skarmory|61/100|[from] Stealth Rock
|-terastallize|p2a: Kingambit|Dark
|move|p2a: Kingambit|Kowtow Cleave|p1a: Skarmory
|-damage|p1a: Skarmory|18/100
|-damage|p2a: Kingambit|59/100|[from] item: Rocky Helmet|[of] p1a: Skarmory
|
|upkeep
|turn|17
|
|t:|1743876033
|move|p2a: Kingambit|Kowtow Cleave|p1a: Skarmory
|-damage|p1a: Skarmory|0 fnt
|-damage|p2a: Kingambit|42/100|[from] item: Rocky Helmet|[of] p1a: Skarmory
|faint|p1a: Skarmory
|
|-fieldend|move: Trick Room
|upkeep
|l| lowladderubersnoob
|
|t:|1743876042
|switch|p1a: Clefable|Clefable, F|100/100
|turn|18
|
|t:|1743876046
|-terastallize|p1a: Clefable|Water
|move|p2a: Kingambit|Kowtow Cleave|p1a: Clefable
|-damage|p1a: Clefable|44/100
|move|p1a: Clefable|Moonblast|p2a: Kingambit
|-supereffective|p2a: Kingambit
|-damage|p2a: Kingambit|0 fnt
|faint|p2a: Kingambit
|-end|p2a: Kingambit|fallen1|[silent]
|
|-heal|p1a: Clefable|50/100|[from] item: Leftovers
|upkeep
|
|t:|1743876050
|switch|p2a: Ogerpon|Ogerpon-Wellspring, F|100/100
|turn|19
|
|t:|1743876054
|switch|p1a: Toxapex|Toxapex, F|100/100
|move|p2a: Ogerpon|Knock Off|p1a: Toxapex
|-damage|p1a: Toxapex|70/100
|-enditem|p1a: Toxapex|Heavy-Duty Boots|[from] move: Knock Off|[of] p2a: Ogerpon
|
|upkeep
|turn|20
|
|t:|1743876060
|switch|p2a: Pecharunt|Pecharunt|61/100
|move|p1a: Toxapex|Infestation|p2a: Pecharunt
|-resisted|p2a: Pecharunt
|-damage|p2a: Pecharunt|60/100
|-activate|p2a: Pecharunt|move: Infestation|[of] p1a: Toxapex
|
|-damage|p2a: Pecharunt|48/100|[from] move: Infestation|[partiallytrapped]
|upkeep
|turn|21
|
|t:|1743876076
|move|p2a: Pecharunt|Parting Shot|p1a: Toxapex
|-unboost|p1a: Toxapex|atk|1
|-unboost|p1a: Toxapex|spa|1
|
|t:|1743876078
|switch|p2a: Ting-Lu|Ting-Lu|100/100|[from] Parting Shot
|-ability|p2a: Ting-Lu|Vessel of Ruin
|move|p1a: Toxapex|Toxic|p2a: Ting-Lu
|-status|p2a: Ting-Lu|tox
|
|-damage|p2a: Ting-Lu|94/100 tox|[from] psn
|upkeep
|turn|22
|
|t:|1743876084
|switch|p1a: Clefable|Clefable, F, tera:Water|50/100
|move|p2a: Ting-Lu|Spikes|p1a: Clefable
|-sidestart|p1: 54 insane rats|Spikes
|
|-heal|p1a: Clefable|56/100|[from] item: Leftovers
|-damage|p2a: Ting-Lu|82/100 tox|[from] psn
|upkeep
|turn|23
|
|t:|1743876091
|switch|p2a: Ogerpon|Ogerpon-Wellspring, F|100/100
|move|p1a: Clefable|Moonlight|p1a: Clefable
|-heal|p1a: Clefable|100/100
|
|upkeep
|turn|24
|
|t:|1743876094
|switch|p1a: Toxapex|Toxapex, F|100/100
|-damage|p1a: Toxapex|88/100|[from] Stealth Rock
|-damage|p1a: Toxapex|76/100|[from] Spikes
|move|p2a: Ogerpon|U-turn|p1a: Toxapex
|-resisted|p1a: Toxapex
|-damage|p1a: Toxapex|65/100
|
|t:|1743876096
|switch|p2a: Raging Bolt|Raging Bolt|100/100|[from] U-turn
|
|upkeep
|turn|25
|
|t:|1743876103
|switch|p1a: Gholdengo|Gholdengo|84/100
|move|p2a: Raging Bolt|Draco Meteor|p1a: Gholdengo
|-resisted|p1a: Gholdengo
|-damage|p1a: Gholdengo|31/100
|-unboost|p2a: Raging Bolt|spa|2
|
|upkeep
|turn|26
|
|t:|1743876111
|-end|p2a: Raging Bolt|Protosynthesis|[silent]
|switch|p2a: Ogerpon|Ogerpon-Wellspring, F|100/100
|move|p1a: Gholdengo|Recover|p1a: Gholdengo
|-heal|p1a: Gholdengo|81/100
|
|upkeep
|turn|27
|
|t:|1743876116
|switch|p1a: Toxapex|Toxapex, F|98/100
|-damage|p1a: Toxapex|86/100|[from] Stealth Rock
|-damage|p1a: Toxapex|74/100|[from] Spikes
|move|p2a: Ogerpon|Knock Off|p1a: Toxapex
|-damage|p1a: Toxapex|55/100
|
|upkeep
|turn|28
|
|t:|1743876120
|move|p2a: Ogerpon|U-turn|p1a: Toxapex
|-resisted|p1a: Toxapex
|-damage|p1a: Toxapex|44/100
|
|t:|1743876121
|switch|p2a: Ting-Lu|Ting-Lu|82/100 tox|[from] U-turn
|-ability|p2a: Ting-Lu|Vessel of Ruin
|move|p1a: Toxapex|Infestation|p2a: Ting-Lu
|-supereffective|p2a: Ting-Lu
|-damage|p2a: Ting-Lu|79/100 tox
|-activate|p2a: Ting-Lu|move: Infestation|[of] p1a: Toxapex
|-damage|p1a: Toxapex|28/100|[from] item: Rocky Helmet|[of] p2a: Ting-Lu
|
|-damage|p2a: Ting-Lu|73/100 tox|[from] psn
|-damage|p2a: Ting-Lu|60/100 tox|[from] move: Infestation|[partiallytrapped]
|upkeep
|turn|29
|
|t:|1743876129
|switch|p1a: Clefable|Clefable, F, tera:Water|100/100
|move|p2a: Ting-Lu|Spikes|p1a: Clefable
|-sidestart|p1: 54 insane rats|Spikes
|
|-damage|p2a: Ting-Lu|48/100 tox|[from] psn
|-end|p2a: Ting-Lu|Infestation|[partiallytrapped]|[silent]
|upkeep
|turn|30
|
|t:|1743876132
|switch|p2a: Ogerpon|Ogerpon-Wellspring, F|100/100
|move|p1a: Clefable|Moonblast|p2a: Ogerpon
|-damage|p2a: Ogerpon|61/100
|
|upkeep
|turn|31
|
|t:|1743876139
|switch|p1a: Gholdengo|Gholdengo|81/100
|move|p2a: Ogerpon|Horn Leech|p1a: Gholdengo
|-resisted|p1a: Gholdengo
|-damage|p1a: Gholdengo|65/100
|-heal|p2a: Ogerpon|71/100|[from] drain|[of] p1a: Gholdengo
|
|upkeep
|turn|32
|
|t:|1743876145
|move|p2a: Ogerpon|U-turn|p1a: Gholdengo
|-resisted|p1a: Gholdengo
|-damage|p1a: Gholdengo|60/100
|
|t:|1743876148
|switch|p2a: Ting-Lu|Ting-Lu|48/100 tox|[from] U-turn
|-ability|p2a: Ting-Lu|Vessel of Ruin
|move|p1a: Gholdengo|Recover|p1a: Gholdengo
|-heal|p1a: Gholdengo|100/100
|
|-damage|p2a: Ting-Lu|42/100 tox|[from] psn
|upkeep
|turn|33
|
|t:|1743876155
|switch|p2a: Ogerpon|Ogerpon-Wellspring, F|71/100
|move|p1a: Gholdengo|Nasty Plot|p1a: Gholdengo
|-boost|p1a: Gholdengo|spa|2
|
|upkeep
|turn|34
|
|t:|1743876157
|move|p2a: Ogerpon|Knock Off|p1a: Gholdengo
|-supereffective|p1a: Gholdengo
|-damage|p1a: Gholdengo|44/100
|-enditem|p1a: Gholdengo|Heavy-Duty Boots|[from] move: Knock Off|[of] p2a: Ogerpon
|move|p1a: Gholdengo|Shadow Ball|p2a: Ogerpon
|-damage|p2a: Ogerpon|0 fnt
|faint|p2a: Ogerpon
|
|upkeep
|
|t:|1743876161
|switch|p2a: Pecharunt|Pecharunt|48/100
|turn|35
|
|t:|1743876166
|move|p2a: Pecharunt|Shadow Ball|p1a: Gholdengo
|-supereffective|p1a: Gholdengo
|-damage|p1a: Gholdengo|1/100
|move|p1a: Gholdengo|Recover|p1a: Gholdengo
|-heal|p1a: Gholdengo|51/100
|
|upkeep
|turn|36
|
|t:|1743876171
|move|p2a: Pecharunt|Shadow Ball|p1a: Gholdengo
|-supereffective|p1a: Gholdengo
|-crit|p1a: Gholdengo
|-damage|p1a: Gholdengo|0 fnt
|faint|p1a: Gholdengo
|
|upkeep
|j| m0chaman_829
|j| Just-JayPe
|
|t:|1743876178
|switch|p1a: Gliscor|Gliscor, F|45/100 tox
|-damage|p1a: Gliscor|32/100 tox|[from] Stealth Rock
|turn|37
|
|t:|1743876189
|switch|p2a: Raging Bolt|Raging Bolt|100/100
|move|p1a: Gliscor|Knock Off|p2a: Raging Bolt
|-damage|p2a: Raging Bolt|81/100
|-enditem|p2a: Raging Bolt|Choice Specs|[from] move: Knock Off|[of] p1a: Gliscor
|
|-heal|p1a: Gliscor|45/100 tox|[from] ability: Poison Heal
|upkeep
|turn|38
|
|t:|1743876195
|move|p1a: Gliscor|Protect|p1a: Gliscor
|-singleturn|p1a: Gliscor|Protect
|move|p2a: Raging Bolt|Thunderbolt|p1a: Gliscor
|-activate|p1a: Gliscor|move: Protect
|
|-heal|p1a: Gliscor|57/100 tox|[from] ability: Poison Heal
|upkeep
|turn|39
|
|t:|1743876204
|switch|p1a: Toxapex|Toxapex, F|61/100
|-damage|p1a: Toxapex|49/100|[from] Stealth Rock
|-damage|p1a: Toxapex|33/100|[from] Spikes
|move|p2a: Raging Bolt|Draco Meteor|p1a: Toxapex
|-damage|p1a: Toxapex|0 fnt
|-unboost|p2a: Raging Bolt|spa|2
|faint|p1a: Toxapex
|
|upkeep
|
|t:|1743876206
|switch|p1a: Gliscor|Gliscor, F|57/100 tox
|-damage|p1a: Gliscor|45/100 tox|[from] Stealth Rock
|turn|40
|
|t:|1743876220
|-end|p2a: Raging Bolt|Protosynthesis|[silent]
|switch|p2a: Ting-Lu|Ting-Lu|42/100 tox
|-ability|p2a: Ting-Lu|Vessel of Ruin
|move|p1a: Gliscor|Swords Dance|p1a: Gliscor
|-boost|p1a: Gliscor|atk|2
|
|-heal|p1a: Gliscor|57/100 tox|[from] ability: Poison Heal
|-damage|p2a: Ting-Lu|36/100 tox|[from] psn
|upkeep
|turn|41
|
|t:|1743876225
|move|p1a: Gliscor|Facade|p2a: Ting-Lu
|-damage|p2a: Ting-Lu|4/100 tox
|-damage|p1a: Gliscor|41/100 tox|[from] item: Rocky Helmet|[of] p2a: Ting-Lu
|move|p2a: Ting-Lu|Ruination|p1a: Gliscor
|-damage|p1a: Gliscor|21/100 tox
|
|-heal|p1a: Gliscor|33/100 tox|[from] ability: Poison Heal
|-damage|p2a: Ting-Lu|0 fnt|[from] psn
|faint|p2a: Ting-Lu
|upkeep
|
|t:|1743876227
|switch|p2a: Raging Bolt|Raging Bolt|81/100
|turn|42
|
|t:|1743876232
|move|p1a: Gliscor|Protect|p1a: Gliscor
|-singleturn|p1a: Gliscor|Protect
|move|p2a: Raging Bolt|Draco Meteor|p1a: Gliscor
|-activate|p1a: Gliscor|move: Protect
|
|-heal|p1a: Gliscor|46/100 tox|[from] ability: Poison Heal
|upkeep
|turn|43
|
|t:|1743876237
|move|p2a: Raging Bolt|Draco Meteor|p1a: Gliscor
|-damage|p1a: Gliscor|0 fnt
|-unboost|p2a: Raging Bolt|spa|2
|faint|p1a: Gliscor
|
|upkeep
|
|t:|1743876240
|switch|p1a: Clefable|Clefable, F, tera:Water|100/100
|turn|44
|
|t:|1743876244
|move|p2a: Raging Bolt|Volt Switch|p1a: Clefable
|-supereffective|p1a: Clefable
|-damage|p1a: Clefable|60/100
|
|t:|1743876245
|-end|p2a: Raging Bolt|Protosynthesis|[silent]
|switch|p2a: Pecharunt|Pecharunt|48/100|[from] Volt Switch
|move|p1a: Clefable|Calm Mind|p1a: Clefable
|-boost|p1a: Clefable|spa|1
|-boost|p1a: Clefable|spd|1
|
|-heal|p1a: Clefable|66/100|[from] item: Leftovers
|upkeep
|turn|45
|
|t:|1743876248
|move|p2a: Pecharunt|Parting Shot|p1a: Clefable
|-unboost|p1a: Clefable|atk|1
|-unboost|p1a: Clefable|spa|1
|
|t:|1743876250
|switch|p2a: Raging Bolt|Raging Bolt|81/100|[from] Parting Shot
|move|p1a: Clefable|Moonlight|p1a: Clefable
|-heal|p1a: Clefable|100/100
|
|upkeep
|turn|46
|l| Just-JayPe
|l| m0chaman_829
|
|t:|1743876272
|switch|p1a: Clodsire|Clodsire, M|100/100
|move|p2a: Raging Bolt|Draco Meteor|p1a: Clodsire
|-damage|p1a: Clodsire|63/100
|-unboost|p2a: Raging Bolt|spa|2
|
|upkeep
|turn|47
|-message|a jellyfish forfeited.
|
|win|54 insane rats
|raw|54 insane rats's rating: 1767 &rarr; <strong>1787</strong><br />(+20 for winning)
|raw|a jellyfish's rating: 1763 &rarr; <strong>1743</strong><br />(-20 for losing)
|l|☆a jellyfish
|player|p2|
|j| m0chaman_829
|l| m0chaman_829
|l|☆54 insane rats
|player|p1|
