|j|☆Louhitar
|j|☆Gen1elite
|t:|1743846145
|gametype|singles
|player|p1|Louhitar|jupiter|1137
|player|p2|Gen1elite|red|1203
|teamsize|p1|6
|teamsize|p2|6
|gen|9
|tier|[Gen 9] OU
|rated|
|rule|HP Percentage Mod: HP is shown in percentages
|rule|Endless Battle Clause: Forcing endless battles is banned
|rule|Species Clause: Limit one of each Pokémon
|rule|OHKO Clause: OHKO moves are banned
|rule|Evasion Items Clause: Evasion items are banned
|rule|Evasion Moves Clause: Evasion moves are banned
|rule|Sleep Moves Clause: Sleep-inducing moves are banned
|clearpoke
|poke|p1|Ninetales-Alola, M|
|poke|p1|Kyurem|
|poke|p1|Great Tusk|
|poke|p1|Iron Moth|
|poke|p1|Manaphy|
|poke|p1|Rillaboom, M|
|poke|p2|Clefable, M|
|poke|p2|Exeggutor, F|
|poke|p2|Snorlax, F|
|poke|p2|Dugtrio, F|
|poke|p2|Dragonite, M|
|poke|p2|Tentacruel, F|
|teampreview
|inactive|Battle timer is ON: inactive players will automatically lose when time's up. (requested by Louhitar)
|
|t:|1743846159
|start
|switch|p1a: Finn|Ninetales-Alola, M|100/100
|switch|p2a: Tentacruel|Tentacruel, F|100/100
|-weather|Snowscape|[from] ability: Snow Warning|[of] p1a: Finn
|turn|1
|
|t:|1743846167
|move|p1a: Finn|Aurora Veil|p1a: Finn
|-sidestart|p1: Louhitar|move: Aurora Veil
|move|p2a: Tentacruel|Toxic Spikes|p1a: Finn
|-sidestart|p1: Louhitar|move: Toxic Spikes
|
|-weather|Snowscape|[upkeep]
|upkeep
|turn|2
|
|t:|1743846174
|move|p1a: Finn|Freeze-Dry|p2a: Tentacruel
|-supereffective|p2a: Tentacruel
|-damage|p2a: Tentacruel|77/100
|move|p2a: Tentacruel|Water Pulse|p1a: Finn
|-damage|p1a: Finn|92/100
|
|-weather|Snowscape|[upkeep]
|-heal|p2a: Tentacruel|83/100|[from] item: Black Sludge
|upkeep
|turn|3
|
|t:|1743846183
|switch|p1a: Rory|Rillaboom, M|100/100
|-status|p1a: Rory|psn
|-fieldstart|move: Grassy Terrain|[from] ability: Grassy Surge|[of] p1a: Rory
|move|p2a: Tentacruel|Toxic Spikes|p1a: Rory
|-sidestart|p1: Louhitar|move: Toxic Spikes
|
|-weather|Snowscape|[upkeep]
|-heal|p2a: Tentacruel|90/100|[from] Grassy Terrain
|-heal|p2a: Tentacruel|96/100|[from] item: Black Sludge
|-damage|p1a: Rory|88/100 psn|[from] psn
|upkeep
|turn|4
|
|t:|1743846200
|switch|p1a: Corey|Kyurem|100/100
|-status|p1a: Corey|tox
|-ability|p1a: Corey|Pressure
|switch|p2a: Dugtrio|Dugtrio, F|100/100
|
|-weather|Snowscape|[upkeep]
|-damage|p1a: Corey|94/100 tox|[from] psn
|upkeep
|turn|5
|
|t:|1743846211
|move|p2a: Dugtrio|Stealth Rock|p1a: Corey
|-sidestart|p1: Louhitar|move: Stealth Rock
|move|p1a: Corey|Dragon Dance|p1a: Corey
|-boost|p1a: Corey|atk|1
|-boost|p1a: Corey|spe|1
|
|-weather|none
|-heal|p1a: Corey|100/100 tox|[from] Grassy Terrain
|-damage|p1a: Corey|88/100 tox|[from] psn
|upkeep
|turn|6
|
|t:|1743846226
|move|p1a: Corey|Scale Shot|p2a: Dugtrio
|-damage|p2a: Dugtrio|40/100
|-damage|p2a: Dugtrio|0 fnt
|faint|p2a: Dugtrio
|-hitcount|p2: Dugtrio|2
|-unboost|p1a: Corey|def|1
|-boost|p1a: Corey|spe|1
|
|-heal|p1a: Corey|94/100 tox|[from] Grassy Terrain
|-damage|p1a: Corey|76/100 tox|[from] psn
|upkeep
|
|t:|1743846237
|switch|p2a: Clefable|Clefable, M|100/100
|turn|7
|
|t:|1743846256
|-terastallize|p1a: Corey|Fire
|move|p1a: Corey|Icicle Spear|p2a: Clefable
|-damage|p2a: Clefable|88/100
|-damage|p2a: Clefable|77/100
|-damage|p2a: Clefable|66/100
|-damage|p2a: Clefable|54/100
|-hitcount|p2a: Clefable|4
|move|p2a: Clefable|Moonblast|p1a: Corey
|-resisted|p1a: Corey
|-damage|p1a: Corey|67/100 tox
|-unboost|p1a: Corey|spa|1
|
|-heal|p1a: Corey|73/100 tox|[from] Grassy Terrain
|-heal|p2a: Clefable|60/100|[from] Grassy Terrain
|-heal|p2a: Clefable|66/100|[from] item: Leftovers
|-damage|p1a: Corey|48/100 tox|[from] psn
|-fieldend|move: Grassy Terrain
|upkeep
|turn|8
|
|t:|1743846276
|move|p1a: Corey|Tera Blast|p2a: Clefable|[anim] Tera Blast Fire
|-damage|p2a: Clefable|30/100
|move|p2a: Clefable|Moonlight|p2a: Clefable
|-heal|p2a: Clefable|80/100
|
|-heal|p2a: Clefable|86/100|[from] item: Leftovers
|-damage|p1a: Corey|18/100 tox|[from] psn
|-sideend|p1: Louhitar|move: Aurora Veil
|upkeep
|turn|9
|
|t:|1743846289
|move|p1a: Corey|Icicle Spear|p2a: Clefable
|-damage|p2a: Clefable|74/100
|-damage|p2a: Clefable|61/100
|-damage|p2a: Clefable|48/100
|-damage|p2a: Clefable|36/100
|-damage|p2a: Clefable|25/100
|-hitcount|p2a: Clefable|5
|move|p2a: Clefable|Moonlight|p2a: Clefable
|-heal|p2a: Clefable|75/100
|
|-heal|p2a: Clefable|81/100|[from] item: Leftovers
|-damage|p1a: Corey|0 fnt|[from] psn
|faint|p1a: Corey
|upkeep
|
|t:|1743846301
|switch|p1a: Jenks|Great Tusk|100/100
|-status|p1a: Jenks|tox
|-damage|p1a: Jenks|98/100 tox|[from] Stealth Rock
|-enditem|p1a: Jenks|Booster Energy
|-activate|p1a: Jenks|ability: Protosynthesis|[fromitem]
|-start|p1a: Jenks|protosynthesisspe
|turn|10
|
|t:|1743846310
|move|p1a: Jenks|Rapid Spin|p2a: Clefable
|-damage|p2a: Clefable|69/100
|-boost|p1a: Jenks|spe|1
|-sideend|p1: Louhitar|Toxic Spikes|[from] move: Rapid Spin|[of] p1a: Jenks
|-sideend|p1: Louhitar|Stealth Rock|[from] move: Rapid Spin|[of] p1a: Jenks
|move|p2a: Clefable|Moonblast|p1a: Jenks
|-supereffective|p1a: Jenks
|-damage|p1a: Jenks|2/100 tox
|
|-heal|p2a: Clefable|75/100|[from] item: Leftovers
|-damage|p1a: Jenks|0 fnt|[from] psn
|faint|p1a: Jenks
|-end|p1a: Jenks|Protosynthesis|[silent]
|upkeep
|
|t:|1743846322
|switch|p1a: Finn|Ninetales-Alola, M|92/100
|-weather|Snowscape|[from] ability: Snow Warning|[of] p1a: Finn
|turn|11
|
|t:|1743846327
|move|p1a: Finn|Aurora Veil|p1a: Finn
|-sidestart|p1: Louhitar|move: Aurora Veil
|move|p2a: Clefable|Flamethrower|p1a: Finn
|-supereffective|p1a: Finn
|-damage|p1a: Finn|66/100
|
|-weather|Snowscape|[upkeep]
|-heal|p2a: Clefable|81/100|[from] item: Leftovers
|upkeep
|turn|12
|
|t:|1743846336
|switch|p1a: Rory|Rillaboom, M|88/100 psn
|-fieldstart|move: Grassy Terrain|[from] ability: Grassy Surge|[of] p1a: Rory
|switch|p2a: Tentacruel|Tentacruel, F|96/100
|
|-weather|Snowscape|[upkeep]
|-heal|p1a: Rory|94/100 psn|[from] Grassy Terrain
|-heal|p2a: Tentacruel|100/100|[from] Grassy Terrain
|-damage|p1a: Rory|82/100 psn|[from] psn
|upkeep
|turn|13
|
|t:|1743846351
|move|p1a: Rory|Grassy Glide|p2a: Tentacruel
|-damage|p2a: Tentacruel|24/100
|move|p2a: Tentacruel|Water Pulse|p1a: Rory
|-resisted|p1a: Rory
|-damage|p1a: Rory|76/100 psn
|
|-weather|Snowscape|[upkeep]
|-heal|p1a: Rory|83/100 psn|[from] Grassy Terrain
|-heal|p2a: Tentacruel|30/100|[from] Grassy Terrain
|-heal|p2a: Tentacruel|36/100|[from] item: Black Sludge
|-damage|p1a: Rory|70/100 psn|[from] psn
|upkeep
|turn|14
|
|t:|1743846364
|switch|p2a: Exeggutor|Exeggutor, F|100/100
|move|p1a: Rory|Grassy Glide|p2a: Exeggutor
|-resisted|p2a: Exeggutor
|-damage|p2a: Exeggutor|72/100
|
|-weather|Snowscape|[upkeep]
|-heal|p1a: Rory|76/100 psn|[from] Grassy Terrain
|-heal|p2a: Exeggutor|78/100|[from] Grassy Terrain
|-damage|p1a: Rory|64/100 psn|[from] psn
|upkeep
|turn|15
|
|t:|1743846380
|switch|p1a: Ren|Iron Moth|100/100
|-enditem|p1a: Ren|Booster Energy
|-activate|p1a: Ren|ability: Quark Drive|[fromitem]
|-start|p1a: Ren|quarkdrivespe
|move|p2a: Exeggutor|Calm Mind|p2a: Exeggutor
|-boost|p2a: Exeggutor|spa|1
|-boost|p2a: Exeggutor|spd|1
|
|-weather|none
|-heal|p2a: Exeggutor|85/100|[from] Grassy Terrain
|upkeep
|turn|16
|inactive|Louhitar has 120 seconds left.
|
|t:|1743846417
|switch|p2a: Tentacruel|Tentacruel, F|36/100
|move|p1a: Ren|Fiery Dance|p2a: Tentacruel
|-resisted|p2a: Tentacruel
|-damage|p2a: Tentacruel|23/100
|-boost|p1a: Ren|spa|1
|
|-heal|p2a: Tentacruel|29/100|[from] Grassy Terrain
|-heal|p2a: Tentacruel|35/100|[from] item: Black Sludge
|-fieldend|move: Grassy Terrain
|upkeep
|turn|17
|
|t:|1743846430
|move|p1a: Ren|Dazzling Gleam|p2a: Tentacruel
|-resisted|p2a: Tentacruel
|-damage|p2a: Tentacruel|22/100
|move|p2a: Tentacruel|Haze|p2a: Tentacruel
|-clearallboost
|
|-heal|p2a: Tentacruel|28/100|[from] item: Black Sludge
|upkeep
|turn|18
|inactive|Louhitar has 120 seconds left.
|
|t:|1743846439
|-end|p1a: Ren|Quark Drive|[silent]
|switch|p1a: Finn|Ninetales-Alola, M|66/100
|-weather|Snowscape|[from] ability: Snow Warning|[of] p1a: Finn
|move|p2a: Tentacruel|Toxic Spikes|p1a: Finn
|-sidestart|p1: Louhitar|move: Toxic Spikes
|
|-weather|Snowscape|[upkeep]
|-heal|p2a: Tentacruel|34/100|[from] item: Black Sludge
|-sideend|p1: Louhitar|move: Aurora Veil
|upkeep
|turn|19
|
|t:|1743846449
|move|p1a: Finn|Aurora Veil|p1a: Finn
|-sidestart|p1: Louhitar|move: Aurora Veil
|move|p2a: Tentacruel|Water Pulse|p1a: Finn
|-damage|p1a: Finn|59/100
|
|-weather|Snowscape|[upkeep]
|-heal|p2a: Tentacruel|40/100|[from] item: Black Sludge
|upkeep
|turn|20
|
|t:|1743846457
|move|p1a: Finn|Freeze-Dry|p2a: Tentacruel
|-supereffective|p2a: Tentacruel
|-damage|p2a: Tentacruel|17/100
|move|p2a: Tentacruel|Water Pulse|p1a: Finn
|-damage|p1a: Finn|51/100
|-start|p1a: Finn|confusion
|
|-weather|Snowscape|[upkeep]
|-heal|p2a: Tentacruel|23/100|[from] item: Black Sludge
|upkeep
|turn|21
|
|t:|1743846468
|switch|p1a: Rory|Rillaboom, M|64/100 psn
|-fieldstart|move: Grassy Terrain|[from] ability: Grassy Surge|[of] p1a: Rory
|move|p2a: Tentacruel|Toxic Spikes|p1a: Rory
|-sidestart|p1: Louhitar|move: Toxic Spikes
|
|-weather|Snowscape|[upkeep]
|-heal|p1a: Rory|70/100 psn|[from] Grassy Terrain
|-heal|p2a: Tentacruel|29/100|[from] Grassy Terrain
|-heal|p2a: Tentacruel|35/100|[from] item: Black Sludge
|-damage|p1a: Rory|58/100 psn|[from] psn
|upkeep
|turn|22
|
|t:|1743846481
|move|p1a: Rory|Wood Hammer|p2a: Tentacruel
|-damage|p2a: Tentacruel|0 fnt
|faint|p2a: Tentacruel
|-damage|p1a: Rory|46/100 psn|[from] Recoil
|
|-weather|none
|-heal|p1a: Rory|52/100 psn|[from] Grassy Terrain
|-damage|p1a: Rory|40/100 psn|[from] psn
|upkeep
|
|t:|1743846492
|switch|p2a: Exeggutor|Exeggutor, F|85/100
|turn|23
|
|t:|1743846496
|switch|p1a: Ren|Iron Moth|100/100
|-sideend|p1: Louhitar|move: Toxic Spikes|[of] p1a: Ren
|move|p2a: Exeggutor|Psyshock|p1a: Ren
|-supereffective|p1a: Ren
|-damage|p1a: Ren|46/100
|
|-heal|p1a: Ren|52/100|[from] Grassy Terrain
|-heal|p2a: Exeggutor|91/100|[from] Grassy Terrain
|upkeep
|turn|24
|
|t:|1743846521
|move|p1a: Ren|Fiery Dance|p2a: Exeggutor
|-supereffective|p2a: Exeggutor
|-damage|p2a: Exeggutor|4/100
|-boost|p1a: Ren|spa|1
|move|p2a: Exeggutor|Psyshock|p1a: Ren
|-supereffective|p1a: Ren
|-damage|p1a: Ren|0 fnt
|faint|p1a: Ren
|-end|p1a: Ren|Quark Drive|[silent]
|
|-heal|p2a: Exeggutor|10/100|[from] Grassy Terrain
|upkeep
|
|t:|1743846531
|switch|p1a: Manny|Manaphy|100/100
|turn|25
|
|t:|1743846535
|move|p1a: Manny|Tail Glow|p1a: Manny
|-boost|p1a: Manny|spa|3
|move|p2a: Exeggutor|Rest|p2a: Exeggutor
|-status|p2a: Exeggutor|slp|[from] move: Rest
|-heal|p2a: Exeggutor|100/100 slp|[silent]
|-enditem|p2a: Exeggutor|Chesto Berry|[eat]
|-curestatus|p2a: Exeggutor|slp|[msg]
|
|-fieldend|move: Grassy Terrain
|upkeep
|turn|26
|
|t:|1743846550
|switch|p1a: Finn|Ninetales-Alola, M|51/100
|-weather|Snowscape|[from] ability: Snow Warning|[of] p1a: Finn
|move|p2a: Exeggutor|Calm Mind|p2a: Exeggutor
|-boost|p2a: Exeggutor|spa|1
|-boost|p2a: Exeggutor|spd|1
|
|-weather|Snowscape|[upkeep]
|-sideend|p1: Louhitar|move: Aurora Veil
|upkeep
|turn|27
|
|t:|1743846562
|move|p1a: Finn|Aurora Veil|p1a: Finn
|-sidestart|p1: Louhitar|move: Aurora Veil
|move|p2a: Exeggutor|Psyshock|p1a: Finn
|-damage|p1a: Finn|25/100
|
|-weather|Snowscape|[upkeep]
|upkeep
|turn|28
|
|t:|1743846568
|move|p1a: Finn|Freeze-Dry|p2a: Exeggutor
|-supereffective|p2a: Exeggutor
|-crit|p2a: Exeggutor
|-damage|p2a: Exeggutor|38/100
|move|p2a: Exeggutor|Psyshock|p1a: Finn
|-damage|p1a: Finn|0 fnt
|faint|p1a: Finn
|
|-weather|Snowscape|[upkeep]
|-item|p2a: Exeggutor|Chesto Berry|[from] ability: Harvest
|upkeep
|
|t:|1743846579
|switch|p1a: Rory|Rillaboom, M|40/100 psn
|-fieldstart|move: Grassy Terrain|[from] ability: Grassy Surge|[of] p1a: Rory
|turn|29
|
|t:|1743846585
|move|p1a: Rory|U-turn|p2a: Exeggutor
|-supereffective|p2a: Exeggutor
|-damage|p2a: Exeggutor|0 fnt
|faint|p2a: Exeggutor
|
|t:|1743846589
|switch|p1a: Manny|Manaphy|100/100|[from] U-turn
|
|-weather|Snowscape|[upkeep]
|upkeep
|
|t:|1743846594
|switch|p2a: Dragonite|Dragonite, M|100/100
|turn|30
|
|t:|1743846600
|move|p1a: Manny|Tail Glow|p1a: Manny
|-boost|p1a: Manny|spa|3
|move|p2a: Dragonite|Dragon Dance|p2a: Dragonite
|-boost|p2a: Dragonite|atk|1
|-boost|p2a: Dragonite|spe|1
|
|-weather|none
|upkeep
|turn|31
|
|t:|1743846608
|move|p2a: Dragonite|Dragon Rush|p1a: Manny
|-damage|p1a: Manny|57/100
|cant|p1a: Manny|flinch
|
|-heal|p1a: Manny|63/100|[from] Grassy Terrain
|-heal|p1a: Manny|69/100|[from] item: Leftovers
|upkeep
|turn|32
|
|t:|1743846617
|move|p2a: Dragonite|Dragon Rush|p1a: Manny
|-damage|p1a: Manny|23/100
|move|p1a: Manny|Alluring Voice|p2a: Dragonite
|-supereffective|p2a: Dragonite
|-damage|p2a: Dragonite|40/100
|-enditem|p2a: Dragonite|Weakness Policy
|-boost|p2a: Dragonite|atk|2|[from] item: Weakness Policy
|-boost|p2a: Dragonite|spa|2|[from] item: Weakness Policy
|
|-heal|p1a: Manny|29/100|[from] Grassy Terrain
|-heal|p1a: Manny|35/100|[from] item: Leftovers
|upkeep
|turn|33
|
|t:|1743846628
|move|p2a: Dragonite|Extreme Speed|p1a: Manny
|-damage|p1a: Manny|0 fnt
|faint|p1a: Manny
|
|-fieldend|move: Grassy Terrain
|upkeep
|
|t:|1743846633
|switch|p1a: Rory|Rillaboom, M|40/100 psn
|-fieldstart|move: Grassy Terrain|[from] ability: Grassy Surge|[of] p1a: Rory
|turn|34
|
|t:|1743846641
|move|p2a: Dragonite|Extreme Speed|p1a: Rory
|-damage|p1a: Rory|0 fnt
|faint|p1a: Rory
|
|win|Gen1elite
|raw|Louhitar's rating: 1137 &rarr; <strong>1117</strong><br />(-20 for losing)
|raw|Gen1elite's rating: 1203 &rarr; <strong>1223</strong><br />(+20 for winning)
|c|☆Louhitar|gg
|l|☆Louhitar
|player|p1|
|l|☆Gen1elite
|player|p2|
