|j|☆zamnazenta
|j|☆MicrowaveHeart
|t:|1743917022
|gametype|singles
|player|p1|zamnazenta|miku-water|1483
|player|p2|MicrowaveHeart|hilda|1505
|teamsize|p1|6
|teamsize|p2|6
|gen|9
|tier|[Gen 9] OU
|rated|
|rule|HP Percentage Mod: HP is shown in percentages
|rule|Endless Battle Clause: Forcing endless battles is banned
|rule|Species Clause: Limit one of each Pokémon
|rule|OHKO Clause: OHKO moves are banned
|rule|Evasion Items Clause: Evasion items are banned
|rule|Evasion Moves Clause: Evasion moves are banned
|rule|Sleep Moves Clause: Sleep-inducing moves are banned
|clearpoke
|poke|p1|Ting-Lu|
|poke|p1|Gliscor, M|
|poke|p1|Sinistcha|
|poke|p1|Keldeo|
|poke|p1|Tinkaton, F|
|poke|p1|Dragonite, M|
|poke|p2|Gholdengo|
|poke|p2|Samurott-Hisui, F|
|poke|p2|Iron Treads|
|poke|p2|Tentacruel, F|
|poke|p2|Latios, M|
|poke|p2|Sinistcha|
|teampreview
|
|t:|1743917033
|start
|switch|p1a: Tinkaton|Tinkaton, F|100/100
|switch|p2a: Sinistcha|Sinistcha|100/100
|-ability|p1a: Tinkaton|Mold Breaker
|-item|p1a: Tinkaton|Air Balloon
|turn|1
|
|t:|1743917061
|move|p1a: Tinkaton|Stealth Rock|p2a: Sinistcha
|-sidestart|p2: MicrowaveHeart|move: Stealth Rock
|move|p2a: Sinistcha|Shadow Ball|p1a: Tinkaton
|-damage|p1a: Tinkaton|68/100
|-enditem|p1a: Tinkaton|Air Balloon
|
|upkeep
|turn|2
|inactive|Battle timer is ON: inactive players will automatically lose when time's up. (requested by zamnazenta)
|
|t:|1743917090
|move|p1a: Tinkaton|Thunder Wave|p2a: Sinistcha
|-status|p2a: Sinistcha|par
|move|p2a: Sinistcha|Shadow Ball|p1a: Tinkaton
|-damage|p1a: Tinkaton|34/100
|
|upkeep
|turn|3
|
|t:|1743917118
|switch|p1a: Dragonite|Dragonite, M|100/100
|move|p2a: Sinistcha|Shadow Ball|p1a: Dragonite
|-damage|p1a: Dragonite|82/100
|
|upkeep
|turn|4
|inactive|MicrowaveHeart has 120 seconds left.
|
|t:|1743917157
|move|p2a: Sinistcha|Strength Sap|p1a: Dragonite
|-unboost|p1a: Dragonite|atk|1
|move|p1a: Dragonite|Dragon Tail|p2a: Sinistcha
|-damage|p2a: Sinistcha|79/100 par
|drag|p2a: Gholdengo|Gholdengo|100/100
|-damage|p2a: Gholdengo|94/100|[from] Stealth Rock
|
|-heal|p2a: Gholdengo|100/100|[from] item: Leftovers
|upkeep
|turn|5
|inactive|MicrowaveHeart has 120 seconds left.
|
|t:|1743917168
|switch|p2a: Iron Treads|Iron Treads|100/100
|-damage|p2a: Iron Treads|97/100|[from] Stealth Rock
|switch|p1a: Ting-Lu|Ting-Lu|100/100
|-ability|p1a: Ting-Lu|Vessel of Ruin
|
|-heal|p2a: Iron Treads|100/100|[from] item: Leftovers
|upkeep
|turn|6
|
|t:|1743917177
|switch|p1a: Sinistcha|Sinistcha|100/100
|move|p2a: Iron Treads|Rapid Spin|p1a: Sinistcha
|-immune|p1a: Sinistcha
|
|upkeep
|turn|7
|
|t:|1743917185
|move|p2a: Iron Treads|Stealth Rock|p1a: Sinistcha
|-sidestart|p1: zamnazenta|move: Stealth Rock
|move|p1a: Sinistcha|Shadow Ball|p2a: Iron Treads
|-damage|p2a: Iron Treads|74/100
|
|-heal|p2a: Iron Treads|80/100|[from] item: Leftovers
|upkeep
|turn|8
|
|t:|1743917196
|-end|p2a: Iron Treads|Quark Drive|[silent]
|switch|p2a: Tentacruel|Tentacruel, F, shiny|100/100
|-damage|p2a: Tentacruel|88/100|[from] Stealth Rock
|move|p1a: Sinistcha|Matcha Gotcha|p2a: Tentacruel
|-damage|p2a: Tentacruel|66/100
|-damage|p1a: Sinistcha|89/100|[from] ability: Liquid Ooze|[of] p2a: Tentacruel
|
|-heal|p2a: Tentacruel|72/100|[from] item: Black Sludge
|upkeep
|turn|9
|
|t:|1743917208
|switch|p1a: Gliscor|Gliscor, M|100/100
|-damage|p1a: Gliscor|88/100|[from] Stealth Rock
|move|p2a: Tentacruel|Knock Off|p1a: Gliscor
|-damage|p1a: Gliscor|76/100
|-enditem|p1a: Gliscor|Toxic Orb|[from] move: Knock Off|[of] p2a: Tentacruel
|
|-heal|p2a: Tentacruel|79/100|[from] item: Black Sludge
|upkeep
|turn|10
|
|t:|1743917225
|switch|p2a: Latios|Latios, M|100/100
|-damage|p2a: Latios|88/100|[from] Stealth Rock
|move|p1a: Gliscor|Knock Off|p2a: Latios
|-supereffective|p2a: Latios
|-damage|p2a: Latios|27/100
|-enditem|p2a: Latios|Soul Dew|[from] move: Knock Off|[of] p1a: Gliscor
|
|upkeep
|turn|11
|
|t:|1743917240
|switch|p1a: Ting-Lu|Ting-Lu|100/100
|-damage|p1a: Ting-Lu|94/100|[from] Stealth Rock
|-ability|p1a: Ting-Lu|Vessel of Ruin
|move|p2a: Latios|Ice Beam|p1a: Ting-Lu
|-supereffective|p1a: Ting-Lu
|-damage|p1a: Ting-Lu|70/100
|
|-heal|p1a: Ting-Lu|76/100|[from] item: Leftovers
|upkeep
|turn|12
|inactive|MicrowaveHeart has 120 seconds left.
|
|t:|1743917284
|switch|p2a: Iron Treads|Iron Treads|80/100
|-damage|p2a: Iron Treads|77/100|[from] Stealth Rock
|move|p1a: Ting-Lu|Spikes|p2a: Iron Treads
|-sidestart|p2: MicrowaveHeart|Spikes
|
|-heal|p2a: Iron Treads|83/100|[from] item: Leftovers
|-heal|p1a: Ting-Lu|83/100|[from] item: Leftovers
|upkeep
|turn|13
|
|t:|1743917292
|switch|p1a: Sinistcha|Sinistcha|89/100
|move|p2a: Iron Treads|Knock Off|p1a: Sinistcha
|-supereffective|p1a: Sinistcha
|-damage|p1a: Sinistcha|52/100
|-enditem|p1a: Sinistcha|Heavy-Duty Boots|[from] move: Knock Off|[of] p2a: Iron Treads
|
|-heal|p2a: Iron Treads|90/100|[from] item: Leftovers
|upkeep
|turn|14
|
|t:|1743917302
|-end|p2a: Iron Treads|Quark Drive|[silent]
|switch|p2a: Tentacruel|Tentacruel, F, shiny|79/100
|-damage|p2a: Tentacruel|66/100|[from] Stealth Rock
|-damage|p2a: Tentacruel|54/100|[from] Spikes
|move|p1a: Sinistcha|Shadow Ball|p2a: Tentacruel
|-damage|p2a: Tentacruel|31/100
|
|-heal|p2a: Tentacruel|37/100|[from] item: Black Sludge
|upkeep
|turn|15
|
|t:|1743917312
|move|p2a: Tentacruel|Toxic Spikes|p1a: Sinistcha
|-sidestart|p1: zamnazenta|move: Toxic Spikes
|move|p1a: Sinistcha|Shadow Ball|p2a: Tentacruel
|-damage|p2a: Tentacruel|18/100
|
|-heal|p2a: Tentacruel|24/100|[from] item: Black Sludge
|upkeep
|turn|16
|
|t:|1743917329
|switch|p1a: Tinkaton|Tinkaton, F|34/100
|-damage|p1a: Tinkaton|28/100|[from] Stealth Rock
|-ability|p1a: Tinkaton|Mold Breaker
|move|p2a: Tentacruel|Knock Off|p1a: Tinkaton
|-resisted|p1a: Tinkaton
|-damage|p1a: Tinkaton|22/100
|
|-heal|p2a: Tentacruel|30/100|[from] item: Black Sludge
|upkeep
|turn|17
|
|t:|1743917354
|move|p1a: Tinkaton|Gigaton Hammer|p2a: Tentacruel
|-resisted|p2a: Tentacruel
|-damage|p2a: Tentacruel|4/100
|move|p2a: Tentacruel|Rapid Spin|p1a: Tinkaton
|-resisted|p1a: Tinkaton
|-damage|p1a: Tinkaton|18/100
|-boost|p2a: Tentacruel|spe|1
|-sideend|p2: MicrowaveHeart|Spikes|[from] move: Rapid Spin|[of] p2a: Tentacruel
|-sideend|p2: MicrowaveHeart|Stealth Rock|[from] move: Rapid Spin|[of] p2a: Tentacruel
|
|-heal|p2a: Tentacruel|10/100|[from] item: Black Sludge
|upkeep
|turn|18
|
|t:|1743917363
|move|p2a: Tentacruel|Surf|p1a: Tinkaton
|-damage|p1a: Tinkaton|0 fnt
|faint|p1a: Tinkaton
|
|-heal|p2a: Tentacruel|16/100|[from] item: Black Sludge
|upkeep
|
|t:|1743917370
|switch|p1a: Gliscor|Gliscor, M|76/100
|-damage|p1a: Gliscor|64/100|[from] Stealth Rock
|turn|19
|
|t:|1743917375
|move|p2a: Tentacruel|Surf|p1a: Gliscor
|-supereffective|p1a: Gliscor
|-damage|p1a: Gliscor|2/100
|move|p1a: Gliscor|Knock Off|p2a: Tentacruel
|-damage|p2a: Tentacruel|0 fnt
|-enditem|p2a: Tentacruel|Black Sludge|[from] move: Knock Off|[of] p1a: Gliscor
|faint|p2a: Tentacruel
|
|upkeep
|
|t:|1743917384
|switch|p2a: Samurott|Samurott-Hisui, F|100/100
|turn|20
|
|t:|1743917391
|move|p1a: Gliscor|Facade|p2a: Samurott
|-damage|p2a: Samurott|82/100
|move|p2a: Samurott|Ceaseless Edge|p1a: Gliscor
|-damage|p1a: Gliscor|0 fnt
|-sidestart|p1: zamnazenta|Spikes
|faint|p1a: Gliscor
|
|upkeep
|
|t:|1743917399
|switch|p1a: Keldeo|Keldeo|100/100
|turn|21
|-message|zamnazenta forfeited.
|
|win|MicrowaveHeart
|raw|zamnazenta's rating: 1483 &rarr; <strong>1464</strong><br />(-19 for losing)
|raw|MicrowaveHeart's rating: 1505 &rarr; <strong>1524</strong><br />(+19 for winning)
|l|☆zamnazenta
|player|p1|
|l|☆MicrowaveHeart
|player|p2|
