|j|☆Mitagros
|j|☆slowestbro10
|t:|1743875941
|gametype|singles
|player|p1|Mitagros|170|1108
|player|p2|slowestbro10|170|1146
|teamsize|p1|6
|teamsize|p2|6
|gen|9
|tier|[Gen 9] OU
|rated|
|rule|HP Percentage Mod: HP is shown in percentages
|rule|Endless Battle Clause: Forcing endless battles is banned
|rule|Species Clause: Limit one of each Pokémon
|rule|OHKO Clause: OHKO moves are banned
|rule|Evasion Items Clause: Evasion items are banned
|rule|Evasion Moves Clause: Evasion moves are banned
|rule|Sleep Moves Clause: Sleep-inducing moves are banned
|clearpoke
|poke|p1|Dragapult, F|
|poke|p1|Gardevoir, M|
|poke|p1|Corviknight, M|
|poke|p1|Primarina, F|
|poke|p1|Clodsire, F|
|poke|p1|Weavile, M|
|poke|p2|Tyranitar, M|
|poke|p2|Iron Thorns|
|poke|p2|Dugtrio-Alola, F|
|poke|p2|Greninja-*, M|
|poke|p2|Metagross|
|poke|p2|Glimmora, F|
|teampreview
|inactive|Battle timer is ON: inactive players will automatically lose when time's up. (requested by slowestbro10)
|
|t:|1743875959
|start
|switch|p1a: Clodsire|Clodsire, F, shiny|100/100
|switch|p2a: Metagross|Metagross|100/100
|turn|1
|
|t:|1743875965
|move|p2a: Metagross|Agility|p2a: Metagross
|-boost|p2a: Metagross|spe|2
|move|p1a: Clodsire|Stealth Rock|p2a: Metagross
|-sidestart|p2: slowestbro10|move: Stealth Rock
|
|upkeep
|turn|2
|
|t:|1743875973
|switch|p1a: Corviknight|Corviknight, M|100/100
|-ability|p1a: Corviknight|Pressure
|move|p2a: Metagross|Psychic|p1a: Corviknight
|-resisted|p1a: Corviknight
|-damage|p1a: Corviknight|85/100
|
|upkeep
|turn|3
|
|t:|1743875997
|switch|p2a: Tyranitar|Tyranitar, M|100/100
|-damage|p2a: Tyranitar|88/100|[from] Stealth Rock
|-weather|Sandstorm|[from] ability: Sand Stream|[of] p2a: Tyranitar
|move|p1a: Corviknight|Iron Defense|p1a: Corviknight
|-boost|p1a: Corviknight|def|2
|
|-weather|Sandstorm|[upkeep]
|upkeep
|turn|4
|
|t:|1743876006
|move|p2a: Tyranitar|Thunder Wave|p1a: Corviknight
|-status|p1a: Corviknight|par
|cant|p1a: Corviknight|par
|
|-weather|Sandstorm|[upkeep]
|upkeep
|turn|5
|
|t:|1743876012
|move|p2a: Tyranitar|Stealth Rock|p1a: Corviknight
|-sidestart|p1: Mitagros|move: Stealth Rock
|move|p1a: Corviknight|Iron Defense|p1a: Corviknight
|-boost|p1a: Corviknight|def|2
|
|-weather|Sandstorm|[upkeep]
|upkeep
|turn|6
|
|t:|1743876020
|move|p2a: Tyranitar|Dark Pulse|p1a: Corviknight
|-damage|p1a: Corviknight|54/100 par
|move|p1a: Corviknight|Body Press|p2a: Tyranitar
|-supereffective|p2a: Tyranitar
|-damage|p2a: Tyranitar|0 fnt
|faint|p2a: Tyranitar
|
|-weather|Sandstorm|[upkeep]
|upkeep
|
|t:|1743876028
|switch|p2a: Greninja|Greninja, M|100/100
|-damage|p2a: Greninja|88/100|[from] Stealth Rock
|turn|7
|
|t:|1743876032
|-terastallize|p2a: Greninja|Water
|move|p2a: Greninja|Surf|p1a: Corviknight
|-damage|p1a: Corviknight|3/100 par
|move|p1a: Corviknight|Body Press|p2a: Greninja
|-damage|p2a: Greninja|0 fnt
|faint|p2a: Greninja
|
|-weather|Sandstorm|[upkeep]
|upkeep
|
|t:|1743876043
|switch|p2a: Dugtrio|Dugtrio-Alola, F|100/100
|-damage|p2a: Dugtrio|98/100|[from] Stealth Rock
|turn|8
|
|t:|1743876048
|move|p2a: Dugtrio|Iron Head|p1a: Corviknight
|-resisted|p1a: Corviknight
|-damage|p1a: Corviknight|0 fnt
|-damage|p2a: Dugtrio|81/100|[from] item: Rocky Helmet|[of] p1a: Corviknight
|faint|p1a: Corviknight
|-damage|p2a: Dugtrio|71/100|[from] item: Life Orb
|
|-weather|Sandstorm|[upkeep]
|upkeep
|
|t:|1743876068
|switch|p1a: Primarina|Primarina, F|100/100
|-damage|p1a: Primarina|88/100|[from] Stealth Rock
|turn|9
|
|t:|1743876083
|move|p2a: Dugtrio|Earthquake|p1a: Primarina
|-damage|p1a: Primarina|0 fnt
|faint|p1a: Primarina
|-damage|p2a: Dugtrio|61/100|[from] item: Life Orb
|
|-weather|Sandstorm|[upkeep]
|upkeep
|
|t:|1743876089
|switch|p1a: Dragapult|Dragapult, F, shiny|100/100
|-damage|p1a: Dragapult|88/100|[from] Stealth Rock
|turn|10
|
|t:|1743876095
|move|p2a: Dugtrio|Sucker Punch|p1a: Dragapult
|-supereffective|p1a: Dragapult
|-damage|p1a: Dragapult|12/100
|-damage|p2a: Dugtrio|51/100|[from] item: Life Orb
|move|p1a: Dragapult|Flamethrower|p2a: Dugtrio
|-supereffective|p2a: Dugtrio
|-damage|p2a: Dugtrio|0 fnt
|faint|p2a: Dugtrio
|
|-weather|none
|upkeep
|
|t:|1743876105
|switch|p2a: Metagross|Metagross|100/100
|-damage|p2a: Metagross|94/100|[from] Stealth Rock
|turn|11
|
|t:|1743876109
|move|p1a: Dragapult|Flamethrower|p2a: Metagross
|-supereffective|p2a: Metagross
|-damage|p2a: Metagross|4/100
|-enditem|p2a: Metagross|Weakness Policy
|-boost|p2a: Metagross|atk|2|[from] item: Weakness Policy
|-boost|p2a: Metagross|spa|2|[from] item: Weakness Policy
|move|p2a: Metagross|Agility|p2a: Metagross
|-boost|p2a: Metagross|spe|2
|
|upkeep
|turn|12
|
|t:|1743876119
|move|p2a: Metagross|Psychic|p1a: Dragapult
|-damage|p1a: Dragapult|0 fnt
|faint|p1a: Dragapult
|
|upkeep
|
|t:|1743876123
|switch|p1a: Weavile|Weavile, M|100/100
|-damage|p1a: Weavile|76/100|[from] Stealth Rock
|-ability|p1a: Weavile|Pressure
|turn|13
|
|t:|1743876129
|move|p1a: Weavile|Ice Shard|p2a: Metagross
|-resisted|p2a: Metagross
|-damage|p2a: Metagross|0 fnt
|faint|p2a: Metagross
|-damage|p1a: Weavile|66/100|[from] item: Life Orb
|
|upkeep
|
|t:|1743876135
|switch|p2a: Iron Thorns|Iron Thorns, shiny|100/100
|-damage|p2a: Iron Thorns|88/100|[from] Stealth Rock
|turn|14
|
|t:|1743876141
|move|p1a: Weavile|Low Kick|p2a: Iron Thorns
|-supereffective|p2a: Iron Thorns
|-damage|p2a: Iron Thorns|0 fnt
|faint|p2a: Iron Thorns
|-end|p2a: Iron Thorns|Quark Drive|[silent]
|-damage|p1a: Weavile|56/100|[from] item: Life Orb
|
|upkeep
|
|t:|1743876143
|switch|p2a: Glimmora|Glimmora, F|100/100
|-damage|p2a: Glimmora|88/100|[from] Stealth Rock
|turn|15
|
|t:|1743876160
|move|p1a: Weavile|Low Kick|p2a: Glimmora
|-crit|p2a: Glimmora
|-damage|p2a: Glimmora|42/100
|-activate|p2a: Glimmora|ability: Toxic Debris
|-sidestart|p1: Mitagros|move: Toxic Spikes
|-damage|p1a: Weavile|46/100|[from] item: Life Orb
|move|p2a: Glimmora|Earth Power|p1a: Weavile
|-damage|p1a: Weavile|0 fnt
|faint|p1a: Weavile
|
|upkeep
|
|t:|1743876170
|switch|p1a: Clodsire|Clodsire, F, shiny|100/100
|-damage|p1a: Clodsire|94/100|[from] Stealth Rock
|-sideend|p1: Mitagros|move: Toxic Spikes|[of] p1a: Clodsire
|turn|16
|
|t:|1743876175
|move|p2a: Glimmora|Earth Power|p1a: Clodsire
|-supereffective|p1a: Clodsire
|-damage|p1a: Clodsire|60/100
|move|p1a: Clodsire|Earthquake|p2a: Glimmora
|-supereffective|p2a: Glimmora
|-damage|p2a: Glimmora|0 fnt
|-activate|p2a: Glimmora|ability: Toxic Debris
|-sidestart|p1: Mitagros|move: Toxic Spikes
|faint|p2a: Glimmora
|
|win|Mitagros
|raw|Mitagros's rating: 1108 &rarr; <strong>1136</strong><br />(+28 for winning)
|raw|slowestbro10's rating: 1146 &rarr; <strong>1118</strong><br />(-28 for losing)
|l|☆slowestbro10
|player|p2|
|l|☆Mitagros
|player|p1|
