|badge|p2|bronze|gen9ou|100-5
|uhtml|medal-msg|<div class="broadcast-blue">Curious what those medals under the avatar are? PS now has Ladder Seasons! For more information, check out the <a href="https://www.smogon.com/forums/threads/3740067/">thread on Smogon.</a></div>
|j|☆Xwipe Serious
|j|☆Brigtel
|t:|1743791794
|gametype|singles
|player|p1|Xwipe Serious|plasmagrunt|1728
|player|p2|Brigtel|gambler|1887
|teamsize|p1|6
|teamsize|p2|6
|gen|9
|tier|[Gen 9] OU
|rated|
|rule|HP Percentage Mod: HP is shown in percentages
|rule|Endless Battle Clause: Forcing endless battles is banned
|rule|Species Clause: Limit one of each Pokémon
|rule|OHKO Clause: OHKO moves are banned
|rule|Evasion Items Clause: Evasion items are banned
|rule|Evasion Moves Clause: Evasion moves are banned
|rule|Sleep Moves Clause: Sleep-inducing moves are banned
|clearpoke
|poke|p1|Kingambit, F|
|poke|p1|Garchomp, M|
|poke|p1|Dragonite, M|
|poke|p1|Iron Moth|
|poke|p1|Iron Crown|
|poke|p1|Samurott-Hisui, F|
|poke|p2|Garganacl, F|
|poke|p2|Hydrapple, M|
|poke|p2|Iron Valiant|
|poke|p2|Lokix, M|
|poke|p2|Pecharunt|
|poke|p2|Ting-Lu|
|teampreview
|c|☆Brigtel|hf
|c|☆Xwipe Serious|hf
|
|t:|1743791823
|start
|switch|p1a: do not spin|Garchomp, M|100/100
|switch|p2a: Lokix|Lokix, M|100/100
|turn|1
|
|t:|1743791843
|move|p1a: do not spin|Stealth Rock|p2a: Lokix
|-sidestart|p2: Brigtel|move: Stealth Rock
|move|p2a: Lokix|Knock Off|p1a: do not spin
|-damage|p1a: do not spin|52/100
|-damage|p2a: Lokix|88/100|[from] ability: Rough Skin|[of] p1a: do not spin
|-damage|p2a: Lokix|72/100|[from] item: Rocky Helmet|[of] p1a: do not spin
|-enditem|p1a: do not spin|Rocky Helmet|[from] move: Knock Off|[of] p2a: Lokix
|
|upkeep
|turn|2
|j| sdksod
|
|t:|1743791855
|move|p1a: do not spin|Draco Meteor|p2a: Lokix
|-damage|p2a: Lokix|0 fnt
|-unboost|p1a: do not spin|spa|2
|faint|p2a: Lokix
|
|upkeep
|j| M͜͡axouille
|
|t:|1743791864
|switch|p2a: Ting-Lu|Ting-Lu|100/100
|-damage|p2a: Ting-Lu|94/100|[from] Stealth Rock
|-ability|p2a: Ting-Lu|Vessel of Ruin
|turn|3
|
|t:|1743791867
|switch|p1a: Samurott|Samurott-Hisui, F|100/100
|move|p2a: Ting-Lu|Spikes|p1a: Samurott
|-sidestart|p1: Xwipe Serious|Spikes
|
|-heal|p2a: Ting-Lu|100/100|[from] item: Leftovers
|upkeep
|turn|4
|
|t:|1743791873
|move|p1a: Samurott|Aqua Cutter|p2a: Ting-Lu
|-supereffective|p2a: Ting-Lu
|-damage|p2a: Ting-Lu|39/100
|move|p2a: Ting-Lu|Ruination|p1a: Samurott
|-damage|p1a: Samurott|51/100
|
|-heal|p2a: Ting-Lu|46/100|[from] item: Leftovers
|upkeep
|turn|5
|
|t:|1743791877
|switch|p2a: Hydrapple|Hydrapple, M|100/100
|move|p1a: Samurott|Aqua Cutter|p2a: Hydrapple
|-resisted|p2a: Hydrapple
|-crit|p2a: Hydrapple
|-damage|p2a: Hydrapple|85/100
|
|upkeep
|turn|6
|c| M͜͡axouille|YOUPI
|c|☆Xwipe Serious|mdr
|
|t:|1743791882
|switch|p1a: Iron Moth|Iron Moth|100/100
|move|p2a: Hydrapple|Giga Drain|p1a: Iron Moth
|-resisted|p1a: Iron Moth
|-damage|p1a: Iron Moth|93/100
|-heal|p2a: Hydrapple|89/100|[from] drain|[of] p1a: Iron Moth
|
|upkeep
|turn|7
|j| FaronAan
|inactive|Battle timer is ON: inactive players will automatically lose when time's up. (requested by Xwipe Serious)
|
|t:|1743791910
|switch|p2a: Garganacl|Garganacl, F|100/100
|-damage|p2a: Garganacl|88/100|[from] Stealth Rock
|move|p1a: Iron Moth|U-turn|p2a: Garganacl
|-damage|p2a: Garganacl|81/100
|
|t:|1743791918
|-end|p1a: Iron Moth|Quark Drive|[silent]
|switch|p1a: Samurott|Samurott-Hisui, F|51/100|[from] U-turn
|
|-heal|p2a: Garganacl|88/100|[from] item: Leftovers
|upkeep
|turn|8
|
|t:|1743791924
|-terastallize|p2a: Garganacl|Water
|move|p1a: Samurott|Aqua Cutter|p2a: Garganacl
|-resisted|p2a: Garganacl
|-damage|p2a: Garganacl|73/100
|move|p2a: Garganacl|Salt Cure|p1a: Samurott
|-damage|p1a: Samurott|34/100
|-start|p1a: Samurott|Salt Cure
|
|-heal|p2a: Garganacl|79/100|[from] item: Leftovers
|-damage|p1a: Samurott|10/100|[from] Salt Cure
|upkeep
|turn|9
|
|t:|1743791932
|switch|p1a: Iron Crown|Iron Crown|100/100
|-damage|p1a: Iron Crown|88/100|[from] Spikes
|move|p2a: Garganacl|Recover|p2a: Garganacl
|-heal|p2a: Garganacl|100/100
|
|upkeep
|turn|10
|
|t:|1743791935
|move|p1a: Iron Crown|Volt Switch|p2a: Garganacl
|-supereffective|p2a: Garganacl
|-damage|p2a: Garganacl|66/100
|
|t:|1743791948
|-end|p1a: Iron Crown|Quark Drive|[silent]
|switch|p1a: Kababoum|Dragonite, M|100/100|[from] Volt Switch
|move|p2a: Garganacl|Salt Cure|p1a: Kababoum
|-supereffective|p1a: Kababoum
|-damage|p1a: Kababoum|87/100
|-start|p1a: Kababoum|Salt Cure
|
|-heal|p2a: Garganacl|72/100|[from] item: Leftovers
|-damage|p1a: Kababoum|75/100|[from] Salt Cure
|upkeep
|turn|11
|
|t:|1743791954
|move|p1a: Kababoum|Outrage|p2a: Garganacl
|-damage|p2a: Garganacl|15/100
|move|p2a: Garganacl|Ice Punch|p1a: Kababoum
|-supereffective|p1a: Kababoum
|-damage|p1a: Kababoum|6/100
|
|-heal|p2a: Garganacl|21/100|[from] item: Leftovers
|-damage|p1a: Kababoum|0 fnt|[from] Salt Cure
|faint|p1a: Kababoum
|upkeep
|
|t:|1743791962
|switch|p1a: Armani style|Kingambit, F|100/100
|-damage|p1a: Armani style|88/100|[from] Spikes
|-activate|p1a: Armani style|ability: Supreme Overlord
|-start|p1a: Armani style|fallen1|[silent]
|turn|12
|
|t:|1743791968
|move|p1a: Armani style|Kowtow Cleave|p2a: Garganacl
|-damage|p2a: Garganacl|0 fnt
|faint|p2a: Garganacl
|
|upkeep
|j| GottaPlayFast
|
|t:|1743791979
|switch|p2a: Hydrapple|Hydrapple, M|100/100
|turn|13
|
|t:|1743791983
|-end|p1a: Armani style|fallen1|[silent]
|switch|p1a: Iron Moth|Iron Moth|93/100
|move|p2a: Hydrapple|Earth Power|p1a: Iron Moth
|-supereffective|p1a: Iron Moth
|-damage|p1a: Iron Moth|0 fnt
|faint|p1a: Iron Moth
|-end|p1a: Iron Moth|Quark Drive|[silent]
|
|upkeep
|
|t:|1743791988
|switch|p1a: do not spin|Garchomp, M|52/100
|-damage|p1a: do not spin|40/100|[from] Spikes
|turn|14
|
|t:|1743791993
|switch|p2a: Ting-Lu|Ting-Lu|46/100
|-damage|p2a: Ting-Lu|39/100|[from] Stealth Rock
|-ability|p2a: Ting-Lu|Vessel of Ruin
|move|p1a: do not spin|Earthquake|p2a: Ting-Lu
|-damage|p2a: Ting-Lu|18/100
|
|-heal|p2a: Ting-Lu|24/100|[from] item: Leftovers
|upkeep
|turn|15
|
|t:|1743792003
|move|p1a: do not spin|Earthquake|p2a: Ting-Lu
|-damage|p2a: Ting-Lu|0 fnt
|faint|p2a: Ting-Lu
|
|upkeep
|l| sdksod
|
|t:|1743792012
|switch|p2a: Pecharunt|Pecharunt|100/100
|-damage|p2a: Pecharunt|88/100|[from] Stealth Rock
|-item|p2a: Pecharunt|Air Balloon
|turn|16
|
|t:|1743792015
|move|p1a: do not spin|Stone Edge|p2a: Pecharunt
|-damage|p2a: Pecharunt|71/100
|-enditem|p2a: Pecharunt|Air Balloon
|move|p2a: Pecharunt|Shadow Ball|p1a: do not spin
|-damage|p1a: do not spin|11/100
|
|upkeep
|turn|17
|c| M͜͡axouille|detruit par garchoù^
|
|t:|1743792020
|move|p1a: do not spin|Earthquake|p2a: Pecharunt
|-supereffective|p2a: Pecharunt
|-damage|p2a: Pecharunt|22/100
|move|p2a: Pecharunt|Malignant Chain|p1a: do not spin
|-resisted|p1a: do not spin
|-damage|p1a: do not spin|0 fnt
|faint|p1a: do not spin
|
|upkeep
|c|☆Brigtel|non
|
|t:|1743792029
|switch|p1a: Iron Crown|Iron Crown|88/100
|-damage|p1a: Iron Crown|76/100|[from] Spikes
|turn|18
|c|☆Brigtel|je pensais pas il serait aussi faible
|
|t:|1743792036
|switch|p2a: Hydrapple|Hydrapple, M|100/100
|move|p1a: Iron Crown|Tachyon Cutter|p2a: Hydrapple
|-damage|p2a: Hydrapple|76/100
|-damage|p2a: Hydrapple|52/100
|-hitcount|p2a: Hydrapple|2
|
|upkeep
|turn|19
|c| M͜͡axouille|CA PIQUE
|
|t:|1743792053
|-end|p1a: Iron Crown|Quark Drive|[silent]
|switch|p1a: Samurott|Samurott-Hisui, F|10/100
|move|p2a: Hydrapple|Earth Power|p1a: Samurott
|-damage|p1a: Samurott|0 fnt
|faint|p1a: Samurott
|
|upkeep
|
|t:|1743792054
|switch|p1a: Armani style|Kingambit, F|88/100
|-damage|p1a: Armani style|76/100|[from] Spikes
|-activate|p1a: Armani style|ability: Supreme Overlord
|-start|p1a: Armani style|fallen4|[silent]
|turn|20
|
|t:|1743792057
|-terastallize|p1a: Armani style|Dark
|move|p1a: Armani style|Kowtow Cleave|p2a: Hydrapple
|-damage|p2a: Hydrapple|0 fnt
|faint|p2a: Hydrapple
|
|upkeep
|
|t:|1743792077
|switch|p2a: Iron Valiant|Iron Valiant|100/100
|-damage|p2a: Iron Valiant|94/100|[from] Stealth Rock
|-enditem|p2a: Iron Valiant|Booster Energy
|-activate|p2a: Iron Valiant|ability: Quark Drive|[fromitem]
|-start|p2a: Iron Valiant|quarkdrivespe
|turn|21
|
|t:|1743792079
|move|p2a: Iron Valiant|Moonblast|p1a: Armani style
|-supereffective|p1a: Armani style
|-damage|p1a: Armani style|5/100
|move|p1a: Armani style|Iron Head|p2a: Iron Valiant
|-supereffective|p2a: Iron Valiant
|-damage|p2a: Iron Valiant|0 fnt
|faint|p2a: Iron Valiant
|-end|p2a: Iron Valiant|Quark Drive|[silent]
|
|upkeep
|
|t:|1743792082
|switch|p2a: Pecharunt|Pecharunt|22/100
|-damage|p2a: Pecharunt|10/100|[from] Stealth Rock
|turn|22
|
|t:|1743792084
|move|p2a: Pecharunt|Recover|p2a: Pecharunt
|-heal|p2a: Pecharunt|60/100
|move|p1a: Armani style|Kowtow Cleave|p2a: Pecharunt
|-supereffective|p2a: Pecharunt
|-damage|p2a: Pecharunt|0 fnt
|faint|p2a: Pecharunt
|
|win|Xwipe Serious
|raw|Xwipe Serious's rating: 1728 &rarr; <strong>1757</strong><br />(+29 for winning)
|raw|Brigtel's rating: 1887 &rarr; <strong>1858</strong><br />(-29 for losing)
|c|☆Xwipe Serious|gg
|c|☆Brigtel|pff
|c|☆Brigtel|gg
|c|☆Xwipe Serious|?
|c|☆Brigtel|j'avais oublier ton set nul
|c|☆Brigtel|j'aurais du cliquer close combat
|c| M͜͡axouille|vest de combat
|c|☆Xwipe Serious|sad
|c|☆Brigtel|c'était 100% win
|l| GottaPlayFast
|l|☆Brigtel
|player|p2|
|c|☆Xwipe Serious|euh
|c| M͜͡axouille|apres ct xwipe serious
|c|☆Xwipe Serious|si il cc il tue pas chef de fer et je clean avec non ?
|l| M͜͡axouille
|l| FaronAan
