|j|☆Minecraft Nether
|j|☆LegendRed9999
|t:|1743922850
|gametype|singles
|player|p1|Minecraft Nether|nate|1123
|player|p2|LegendRed9999|wallace|1168
|teamsize|p1|6
|teamsize|p2|6
|gen|9
|tier|[Gen 9] OU
|rated|
|rule|HP Percentage Mod: HP is shown in percentages
|rule|Endless Battle Clause: Forcing endless battles is banned
|rule|Species Clause: Limit one of each Pokémon
|rule|OHKO Clause: OHKO moves are banned
|rule|Evasion Items Clause: Evasion items are banned
|rule|Evasion Moves Clause: Evasion moves are banned
|rule|Sleep Moves Clause: Sleep-inducing moves are banned
|clearpoke
|poke|p1|Zamazenta-*|
|poke|p1|Kingambit, F|
|poke|p1|Samurott-Hisui, F|
|poke|p1|Landorus-Therian, M|
|poke|p1|Iron Valiant|
|poke|p1|Iron Moth|
|poke|p2|Serperior, M|
|poke|p2|Greninja-*, M|
|poke|p2|Delphox, F|
|poke|p2|Torterra, F|
|poke|p2|Samurott-Hisui, M|
|poke|p2|Infernape, M|
|teampreview
|inactive|Battle timer is ON: inactive players will automatically lose when time's up. (requested by LegendRed9999)
|
|t:|1743922866
|start
|switch|p1a: Samurott|Samurott-Hisui, F|100/100
|switch|p2a: Greninja|Greninja, M|100/100
|turn|1
|
|t:|1743922891
|switch|p2a: Serperior|Serperior, M, shiny|100/100
|move|p1a: Samurott|Ceaseless Edge|p2a: Serperior
|-damage|p2a: Serperior|37/100
|-sidestart|p2: LegendRed9999|Spikes
|
|-heal|p2a: Serperior|43/100|[from] item: Leftovers
|upkeep
|turn|2
|
|t:|1743922909
|move|p2a: Serperior|Leaf Storm|p1a: Samurott
|-supereffective|p1a: Samurott
|-enditem|p1a: Samurott|Focus Sash
|-damage|p1a: Samurott|1/100
|-boost|p2a: Serperior|spa|2
|move|p1a: Samurott|Ceaseless Edge|p2a: Serperior
|-damage|p2a: Serperior|0 fnt
|-sidestart|p2: LegendRed9999|Spikes
|faint|p2a: Serperior
|
|upkeep
|inactive|LegendRed9999 has 120 seconds left.
|
|t:|1743922924
|switch|p2a: Greninja|Greninja, M|100/100
|-damage|p2a: Greninja|84/100|[from] Spikes
|turn|3
|inactive|LegendRed9999 has 120 seconds left.
|
|t:|1743922939
|move|p2a: Greninja|Ice Beam|p1a: Samurott
|-resisted|p1a: Samurott
|-damage|p1a: Samurott|0 fnt
|faint|p1a: Samurott
|-ability|p2a: Greninja|Battle Bond|boost
|-boost|p2a: Greninja|atk|1
|-boost|p2a: Greninja|spa|1
|-boost|p2a: Greninja|spe|1
|-activate|p2a: Greninja|ability: Battle Bond
|
|-heal|p2a: Greninja|90/100|[from] item: Leftovers
|upkeep
|
|t:|1743922947
|switch|p1a: Zamazenta|Zamazenta|100/100
|-ability|p1a: Zamazenta|Dauntless Shield|boost
|-boost|p1a: Zamazenta|def|1
|turn|4
|
|t:|1743922954
|move|p2a: Greninja|Extrasensory|p1a: Zamazenta
|-supereffective|p1a: Zamazenta
|-damage|p1a: Zamazenta|46/100
|move|p1a: Zamazenta|Body Press|p2a: Greninja
|-supereffective|p2a: Greninja
|-damage|p2a: Greninja|0 fnt
|faint|p2a: Greninja
|
|-heal|p1a: Zamazenta|52/100|[from] item: Leftovers
|upkeep
|
|t:|1743922966
|switch|p2a: Delphox|Delphox, F, shiny|100/100
|-damage|p2a: Delphox|84/100|[from] Spikes
|turn|5
|
|t:|1743922974
|move|p1a: Zamazenta|Crunch|p2a: Delphox
|-supereffective|p2a: Delphox
|-damage|p2a: Delphox|15/100
|-enditem|p2a: Delphox|Weakness Policy
|-boost|p2a: Delphox|atk|2|[from] item: Weakness Policy
|-boost|p2a: Delphox|spa|2|[from] item: Weakness Policy
|move|p2a: Delphox|Psychic|p1a: Zamazenta
|-supereffective|p1a: Zamazenta
|-damage|p1a: Zamazenta|0 fnt
|faint|p1a: Zamazenta
|
|upkeep
|
|t:|1743922985
|switch|p1a: Iron Moth|Iron Moth|100/100
|-enditem|p1a: Iron Moth|Booster Energy
|-activate|p1a: Iron Moth|ability: Quark Drive|[fromitem]
|-start|p1a: Iron Moth|quarkdrivespe
|turn|6
|
|t:|1743922991
|move|p1a: Iron Moth|Fiery Dance|p2a: Delphox
|-resisted|p2a: Delphox
|-damage|p2a: Delphox|0 fnt
|faint|p2a: Delphox
|
|upkeep
|
|t:|1743922998
|switch|p2a: Samurott|Samurott-Hisui, M, shiny|100/100
|-damage|p2a: Samurott|84/100|[from] Spikes
|turn|7
|
|t:|1743923011
|-end|p1a: Iron Moth|Quark Drive|[silent]
|switch|p1a: Iron Valiant|Iron Valiant|100/100
|-enditem|p1a: Iron Valiant|Booster Energy
|-activate|p1a: Iron Valiant|ability: Quark Drive|[fromitem]
|-start|p1a: Iron Valiant|quarkdrivespe
|move|p2a: Samurott|Swords Dance|p2a: Samurott
|-boost|p2a: Samurott|atk|2
|
|upkeep
|turn|8
|
|t:|1743923022
|-terastallize|p2a: Samurott|Poison
|move|p1a: Iron Valiant|Calm Mind|p1a: Iron Valiant
|-boost|p1a: Iron Valiant|spa|1
|-boost|p1a: Iron Valiant|spd|1
|move|p2a: Samurott|Razor Shell|p1a: Iron Valiant
|-damage|p1a: Iron Valiant|0 fnt
|faint|p1a: Iron Valiant
|-end|p1a: Iron Valiant|Quark Drive|[silent]
|
|upkeep
|
|t:|1743923040
|switch|p1a: Iron Moth|Iron Moth|100/100
|turn|9
|
|t:|1743923048
|-terastallize|p1a: Iron Moth|Ground
|move|p1a: Iron Moth|Tera Blast|p2a: Samurott|[anim] Tera Blast Ground
|-supereffective|p2a: Samurott
|-damage|p2a: Samurott|0 fnt
|faint|p2a: Samurott
|
|upkeep
|
|t:|1743923060
|switch|p2a: Torterra|Torterra, F, shiny|100/100
|-damage|p2a: Torterra|84/100|[from] Spikes
|turn|10
|
|t:|1743923073
|move|p1a: Iron Moth|Tera Blast|p2a: Torterra|[anim] Tera Blast Ground
|-resisted|p2a: Torterra
|-damage|p2a: Torterra|59/100
|move|p2a: Torterra|Shell Smash|p2a: Torterra
|-unboost|p2a: Torterra|def|1
|-unboost|p2a: Torterra|spd|1
|-boost|p2a: Torterra|atk|2
|-boost|p2a: Torterra|spa|2
|-boost|p2a: Torterra|spe|2
|-enditem|p2a: Torterra|White Herb
|-clearnegativeboost|p2a: Torterra|[silent]
|
|upkeep
|turn|11
|
|t:|1743923084
|move|p2a: Torterra|Bullet Seed|p1a: Iron Moth
|-supereffective|p1a: Iron Moth
|-damage|p1a: Iron Moth|30/100
|-supereffective|p1a: Iron Moth
|-damage|p1a: Iron Moth|0 fnt
|faint|p1a: Iron Moth
|-end|p1a: Iron Moth|Quark Drive|[silent]
|-hitcount|p1: Iron Moth|2
|
|upkeep
|
|t:|1743923091
|switch|p1a: Kingambit|Kingambit, F|100/100
|-activate|p1a: Kingambit|ability: Supreme Overlord
|-start|p1a: Kingambit|fallen4|[silent]
|turn|12
|
|t:|1743923103
|move|p2a: Torterra|Headlong Rush|p1a: Kingambit
|-supereffective|p1a: Kingambit
|-damage|p1a: Kingambit|0 fnt
|-unboost|p2a: Torterra|def|1
|-unboost|p2a: Torterra|spd|1
|faint|p1a: Kingambit
|-end|p1a: Kingambit|fallen4|[silent]
|
|upkeep
|
|t:|1743923105
|switch|p1a: Landorus|Landorus-Therian, M|100/100
|-ability|p1a: Landorus|Intimidate|boost
|-unboost|p2a: Torterra|atk|1
|turn|13
|
|t:|1743923113
|move|p2a: Torterra|Rock Blast|p1a: Landorus
|-damage|p1a: Landorus|88/100
|-damage|p1a: Landorus|76/100
|-damage|p1a: Landorus|63/100
|-hitcount|p1a: Landorus|3
|move|p1a: Landorus|Earthquake|p2a: Torterra
|-resisted|p2a: Torterra
|-damage|p2a: Torterra|26/100
|
|upkeep
|turn|14
|
|t:|1743923123
|move|p2a: Torterra|Rock Blast|p1a: Landorus
|-damage|p1a: Landorus|51/100
|-damage|p1a: Landorus|40/100
|-damage|p1a: Landorus|27/100
|-hitcount|p1a: Landorus|3
|move|p1a: Landorus|Earthquake|p2a: Torterra
|-resisted|p2a: Torterra
|-damage|p2a: Torterra|0 fnt
|faint|p2a: Torterra
|
|upkeep
|
|t:|1743923134
|switch|p2a: Infernape|Infernape, M, shiny|100/100
|-damage|p2a: Infernape|84/100|[from] Spikes
|turn|15
|inactive|Minecraft Nether has 120 seconds left.
|
|t:|1743923172
|move|p1a: Landorus|Earthquake|p2a: Infernape
|-supereffective|p2a: Infernape
|-damage|p2a: Infernape|0 fnt
|faint|p2a: Infernape
|
|win|Minecraft Nether
|raw|Minecraft Nether's rating: 1123 &rarr; <strong>1151</strong><br />(+28 for winning)
|raw|LegendRed9999's rating: 1168 &rarr; <strong>1140</strong><br />(-28 for losing)
|l|☆LegendRed9999
|player|p2|
|l|☆Minecraft Nether
|player|p1|
