|j|☆ssskgc
|j|☆OSAKA 2026
|t:|1743877394
|gametype|singles
|player|p1|ssskgc|170|1761
|player|p2|OSAKA 2026|backpackerf|1784
|teamsize|p1|6
|teamsize|p2|6
|gen|9
|tier|[Gen 9] OU
|rated|
|rule|HP Percentage Mod: HP is shown in percentages
|rule|Endless Battle Clause: Forcing endless battles is banned
|rule|Species Clause: Limit one of each Pokémon
|rule|OHKO Clause: OHKO moves are banned
|rule|Evasion Items Clause: Evasion items are banned
|rule|Evasion Moves Clause: Evasion moves are banned
|rule|Sleep Moves Clause: Sleep-inducing moves are banned
|clearpoke
|poke|p1|Scizor, M|
|poke|p1|Ditto|
|poke|p1|Raging Bolt|
|poke|p1|Keldeo-Resolute|
|poke|p1|Corviknight, F|
|poke|p1|Clodsire, F|
|poke|p2|Kyurem|
|poke|p2|Ogerpon-Wellspring, F|
|poke|p2|Scizor, M|
|poke|p2|Moltres|
|poke|p2|Great Tusk|
|poke|p2|Muk-Alola, F|
|teampreview
|inactive|Battle timer is ON: inactive players will automatically lose when time's up. (requested by ssskgc)
|j| Koichii1
|
|t:|1743877428
|start
|switch|p1a: Ditto|Ditto|100/100
|switch|p2a: Hebi|Scizor, M|100/100
|-transform|p1a: Ditto|p2a: Hebi|[from] ability: Imposter
|turn|1
|
|t:|1743877446
|switch|p1a: Corviknight|Corviknight, F|100/100
|move|p2a: Hebi|Knock Off|p1a: Corviknight
|-damage|p1a: Corviknight|64/100
|-damage|p2a: Hebi|84/100|[from] item: Rocky Helmet|[of] p1a: Corviknight
|-enditem|p1a: Corviknight|Rocky Helmet|[from] move: Knock Off|[of] p2a: Hebi
|
|upkeep
|turn|2
|
|t:|1743877456
|switch|p2a: Greatest Summon|Great Tusk|100/100
|move|p1a: Corviknight|U-turn|p2a: Greatest Summon
|-resisted|p2a: Greatest Summon
|-damage|p2a: Greatest Summon|96/100
|
|t:|1743877461
|switch|p1a: Keldeo|Keldeo-Resolute|100/100|[from] U-turn
|
|-heal|p2a: Greatest Summon|100/100|[from] item: Leftovers
|upkeep
|turn|3
|
|t:|1743877470
|move|p1a: Keldeo|Secret Sword|p2a: Greatest Summon
|-damage|p2a: Greatest Summon|63/100
|move|p2a: Greatest Summon|Stealth Rock|p1a: Keldeo
|-sidestart|p1: ssskgc|move: Stealth Rock
|
|-heal|p2a: Greatest Summon|69/100|[from] item: Leftovers
|upkeep
|turn|4
|
|t:|1743877484
|switch|p1a: Corviknight|Corviknight, F|64/100
|-damage|p1a: Corviknight|52/100|[from] Stealth Rock
|-end|p2a: Greatest Summon|Protosynthesis|[silent]
|switch|p2a: Taka|Moltres|100/100
|
|upkeep
|turn|5
|
|t:|1743877504
|switch|p1a: Keldeo|Keldeo-Resolute|100/100
|-damage|p1a: Keldeo|94/100|[from] Stealth Rock
|move|p2a: Taka|Flamethrower|p1a: Keldeo
|-resisted|p1a: Keldeo
|-damage|p1a: Keldeo|72/100
|
|upkeep
|turn|6
|
|t:|1743877514
|switch|p2a: Three-Way Deadlock|Muk-Alola, F|100/100
|move|p1a: Keldeo|Surf|p2a: Three-Way Deadlock
|-damage|p2a: Three-Way Deadlock|56/100
|
|-heal|p2a: Three-Way Deadlock|62/100|[from] item: Leftovers
|upkeep
|turn|7
|
|t:|1743877523
|switch|p1a: Corviknight|Corviknight, F|52/100
|-damage|p1a: Corviknight|40/100|[from] Stealth Rock
|switch|p2a: Akatsuki|Ogerpon-Wellspring, F|100/100
|
|upkeep
|turn|8
|
|t:|1743877532
|move|p2a: Akatsuki|Ivy Cudgel|p1a: Corviknight|[anim] Ivy Cudgel Water
|-damage|p1a: Corviknight|8/100
|move|p1a: Corviknight|Roost|p1a: Corviknight
|-heal|p1a: Corviknight|58/100
|-singleturn|p1a: Corviknight|move: Roost
|
|upkeep
|turn|9
|
|t:|1743877544
|move|p2a: Akatsuki|Encore|p1a: Corviknight
|-start|p1a: Corviknight|Encore
|move|p1a: Corviknight|Roost|p1a: Corviknight
|-heal|p1a: Corviknight|100/100
|-singleturn|p1a: Corviknight|move: Roost
|
|upkeep
|turn|10
|
|t:|1743877554
|switch|p2a: Bijuu|Kyurem, shiny|100/100
|-ability|p2a: Bijuu|Pressure
|switch|p1a: Ditto|Ditto|100/100
|-damage|p1a: Ditto|88/100|[from] Stealth Rock
|-transform|p1a: Ditto|p2a: Bijuu|[from] ability: Imposter
|-ability|p1a: Ditto|Pressure
|
|upkeep
|turn|11
|
|t:|1743877580
|switch|p2a: Hebi|Scizor, M|84/100
|move|p1a: Ditto|Draco Meteor|p2a: Hebi
|-resisted|p2a: Hebi
|-damage|p2a: Hebi|41/100
|-unboost|p1a: Ditto|spa|2
|
|upkeep
|turn|12
|
|t:|1743877591
|switch|p1a: Corviknight|Corviknight, F|100/100
|-damage|p1a: Corviknight|88/100|[from] Stealth Rock
|move|p2a: Hebi|U-turn|p1a: Corviknight
|-resisted|p1a: Corviknight
|-damage|p1a: Corviknight|78/100
|
|t:|1743877594
|switch|p2a: Bijuu|Kyurem, shiny|100/100|[from] U-turn
|-ability|p2a: Bijuu|Pressure
|
|upkeep
|turn|13
|
|t:|1743877602
|move|p2a: Bijuu|Ice Beam|p1a: Corviknight
|-damage|p1a: Corviknight|5/100
|-status|p1a: Corviknight|frz
|-curestatus|p1a: Corviknight|frz|[msg]
|move|p1a: Corviknight|Defog|p2a: Bijuu
|-unboost|p2a: Bijuu|evasion|1
|-sideend|p1: ssskgc|Stealth Rock|[from] move: Defog|[of] p1a: Corviknight
|
|upkeep
|turn|14
|
|t:|1743877614
|switch|p2a: Akatsuki|Ogerpon-Wellspring, F|100/100
|switch|p1a: Keldeo|Keldeo-Resolute|72/100
|
|upkeep
|turn|15
|
|t:|1743877630
|move|p2a: Akatsuki|Horn Leech|p1a: Keldeo
|-supereffective|p1a: Keldeo
|-damage|p1a: Keldeo|0 fnt
|faint|p1a: Keldeo
|
|upkeep
|
|t:|1743877637
|switch|p1a: Scizor|Scizor, M, shiny|100/100
|turn|16
|
|t:|1743877641
|switch|p2a: Greatest Summon|Great Tusk|69/100
|move|p1a: Scizor|U-turn|p2a: Greatest Summon
|-resisted|p2a: Greatest Summon
|-damage|p2a: Greatest Summon|54/100
|
|t:|1743877649
|switch|p1a: Corviknight|Corviknight, F|5/100|[from] U-turn
|
|-heal|p2a: Greatest Summon|60/100|[from] item: Leftovers
|upkeep
|turn|17
|
|t:|1743877662
|move|p2a: Greatest Summon|Taunt|p1a: Corviknight
|-start|p1a: Corviknight|move: Taunt
|cant|p1a: Corviknight|move: Taunt|Roost
|
|-heal|p2a: Greatest Summon|66/100|[from] item: Leftovers
|upkeep
|turn|18
|
|t:|1743877670
|move|p2a: Greatest Summon|Stealth Rock|p1a: Corviknight
|-sidestart|p1: ssskgc|move: Stealth Rock
|move|p1a: Corviknight|Brave Bird|p2a: Greatest Summon
|-supereffective|p2a: Greatest Summon
|-damage|p2a: Greatest Summon|29/100
|-damage|p1a: Corviknight|0 fnt|[from] Recoil
|faint|p1a: Corviknight
|
|-heal|p2a: Greatest Summon|35/100|[from] item: Leftovers
|upkeep
|j| ASilentKingambitX
|
|t:|1743877682
|switch|p1a: Ditto|Ditto|88/100
|-damage|p1a: Ditto|76/100|[from] Stealth Rock
|-transform|p1a: Ditto|p2a: Greatest Summon|[from] ability: Imposter
|turn|19
|
|t:|1743877696
|-end|p2a: Greatest Summon|Protosynthesis|[silent]
|switch|p2a: Taka|Moltres|100/100
|move|p1a: Ditto|Rapid Spin|p2a: Taka
|-damage|p2a: Taka|90/100
|-boost|p1a: Ditto|spe|1
|-status|p1a: Ditto|brn|[from] ability: Flame Body|[of] p2a: Taka
|-sideend|p1: ssskgc|Stealth Rock|[from] move: Rapid Spin|[of] p1a: Ditto
|
|-damage|p1a: Ditto|70/100 brn|[from] brn
|upkeep
|turn|20
|
|t:|1743877708
|-end|p1a: Ditto|Protosynthesis|[silent]
|switch|p1a: Clodsire|Clodsire, F|100/100
|move|p2a: Taka|U-turn|p1a: Clodsire
|-resisted|p1a: Clodsire
|-damage|p1a: Clodsire|93/100
|
|t:|1743877713
|switch|p2a: Greatest Summon|Great Tusk|35/100|[from] U-turn
|
|-heal|p2a: Greatest Summon|41/100|[from] item: Leftovers
|-heal|p1a: Clodsire|99/100|[from] item: Leftovers
|upkeep
|turn|21
|
|t:|1743877722
|move|p2a: Greatest Summon|Headlong Rush|p1a: Clodsire
|-supereffective|p1a: Clodsire
|-damage|p1a: Clodsire|0 fnt
|-unboost|p2a: Greatest Summon|def|1
|-unboost|p2a: Greatest Summon|spd|1
|faint|p1a: Clodsire
|
|-heal|p2a: Greatest Summon|47/100|[from] item: Leftovers
|upkeep
|j| usernametestset
|
|t:|1743877737
|switch|p1a: Scizor|Scizor, M, shiny|100/100
|turn|22
|l| ASilentKingambitX
|
|t:|1743877743
|-end|p2a: Greatest Summon|Protosynthesis|[silent]
|switch|p2a: Taka|Moltres|90/100
|move|p1a: Scizor|Knock Off|p2a: Taka
|-damage|p2a: Taka|52/100
|-enditem|p2a: Taka|Heavy-Duty Boots|[from] move: Knock Off|[of] p1a: Scizor
|
|upkeep
|turn|23
|l| usernametestset
|
|t:|1743877753
|switch|p1a: Ditto|Ditto|70/100 brn
|-transform|p1a: Ditto|p2a: Taka|[from] ability: Imposter
|move|p2a: Taka|U-turn|p1a: Ditto
|-resisted|p1a: Ditto
|-damage|p1a: Ditto|66/100 brn
|
|t:|1743877758
|switch|p2a: Three-Way Deadlock|Muk-Alola, F|62/100|[from] U-turn
|
|-heal|p2a: Three-Way Deadlock|68/100|[from] item: Leftovers
|-damage|p1a: Ditto|60/100 brn|[from] brn
|upkeep
|turn|24
|
|t:|1743877773
|move|p2a: Three-Way Deadlock|Protect|p2a: Three-Way Deadlock
|-singleturn|p2a: Three-Way Deadlock|Protect
|move|p1a: Ditto|Scorching Sands|p2a: Three-Way Deadlock
|-activate|p2a: Three-Way Deadlock|move: Protect
|
|-heal|p2a: Three-Way Deadlock|74/100|[from] item: Leftovers
|-damage|p1a: Ditto|54/100 brn|[from] brn
|upkeep
|turn|25
|
|t:|1743877783
|switch|p1a: Raging Bolt|Raging Bolt|100/100
|switch|p2a: Taka|Moltres|52/100
|
|upkeep
|turn|26
|
|t:|1743877792
|switch|p2a: Hebi|Scizor, M|41/100
|move|p1a: Raging Bolt|Calm Mind|p1a: Raging Bolt
|-boost|p1a: Raging Bolt|spa|1
|-boost|p1a: Raging Bolt|spd|1
|
|upkeep
|turn|27
|
|t:|1743877812
|move|p1a: Raging Bolt|Thunderclap|p2a: Hebi
|-damage|p2a: Hebi|0 fnt
|faint|p2a: Hebi
|
|upkeep
|
|t:|1743877815
|switch|p2a: Akatsuki|Ogerpon-Wellspring, F|100/100
|turn|28
|j| union boss
|
|t:|1743877829
|-end|p1a: Raging Bolt|Protosynthesis|[silent]
|switch|p1a: Scizor|Scizor, M, shiny|100/100
|move|p2a: Akatsuki|Encore||[still]
|-fail|p2a: Akatsuki
|
|upkeep
|turn|29
|
|t:|1743877837
|switch|p2a: Taka|Moltres|52/100
|switch|p1a: Raging Bolt|Raging Bolt|100/100
|
|upkeep
|turn|30
|inactive|ssskgc has 120 seconds left.
|
|t:|1743877871
|switch|p2a: Three-Way Deadlock|Muk-Alola, F|74/100
|move|p1a: Raging Bolt|Calm Mind|p1a: Raging Bolt
|-boost|p1a: Raging Bolt|spa|1
|-boost|p1a: Raging Bolt|spd|1
|
|-heal|p2a: Three-Way Deadlock|80/100|[from] item: Leftovers
|upkeep
|turn|31
|
|t:|1743877880
|move|p1a: Raging Bolt|Discharge|p2a: Three-Way Deadlock
|-damage|p2a: Three-Way Deadlock|36/100
|-status|p2a: Three-Way Deadlock|par
|cant|p2a: Three-Way Deadlock|par
|
|-heal|p2a: Three-Way Deadlock|42/100 par|[from] item: Leftovers
|upkeep
|turn|32
|inactive|ssskgc has 120 seconds left.
|
|t:|1743877907
|move|p1a: Raging Bolt|Calm Mind|p1a: Raging Bolt
|-boost|p1a: Raging Bolt|spa|1
|-boost|p1a: Raging Bolt|spd|1
|cant|p2a: Three-Way Deadlock|par
|
|-heal|p2a: Three-Way Deadlock|48/100 par|[from] item: Leftovers
|upkeep
|turn|33
|
|t:|1743877929
|move|p1a: Raging Bolt|Discharge|p2a: Three-Way Deadlock
|-damage|p2a: Three-Way Deadlock|0 fnt
|faint|p2a: Three-Way Deadlock
|
|upkeep
|
|t:|1743877931
|switch|p2a: Bijuu|Kyurem, shiny|100/100
|-ability|p2a: Bijuu|Pressure
|turn|34
|
|t:|1743877938
|-terastallize|p1a: Raging Bolt|Fairy
|move|p2a: Bijuu|Ice Beam|p1a: Raging Bolt
|-damage|p1a: Raging Bolt|71/100
|-status|p1a: Raging Bolt|frz
|cant|p1a: Raging Bolt|frz
|
|-heal|p1a: Raging Bolt|77/100 frz|[from] item: Leftovers
|upkeep
|turn|35
|inactive|ssskgc has 120 seconds left.
|
|t:|1743877949
|move|p2a: Bijuu|Ice Beam|p1a: Raging Bolt
|-damage|p1a: Raging Bolt|49/100 frz
|cant|p1a: Raging Bolt|frz
|
|-heal|p1a: Raging Bolt|56/100 frz|[from] item: Leftovers
|upkeep
|turn|36
|inactive|ssskgc has 120 seconds left.
|
|t:|1743877956
|move|p2a: Bijuu|Ice Beam|p1a: Raging Bolt
|-damage|p1a: Raging Bolt|27/100 frz
|cant|p1a: Raging Bolt|frz
|
|-heal|p1a: Raging Bolt|33/100 frz|[from] item: Leftovers
|upkeep
|turn|37
|inactive|ssskgc has 120 seconds left.
|
|t:|1743877969
|move|p2a: Bijuu|Ice Beam|p1a: Raging Bolt
|-damage|p1a: Raging Bolt|4/100 frz
|-curestatus|p1a: Raging Bolt|frz|[msg]
|move|p1a: Raging Bolt|Tera Blast|p2a: Bijuu|[anim] Tera Blast Fairy
|-supereffective|p2a: Bijuu
|-damage|p2a: Bijuu|0 fnt
|faint|p2a: Bijuu
|
|-heal|p1a: Raging Bolt|10/100|[from] item: Leftovers
|upkeep
|j| dilf huntr
|
|t:|1743877975
|switch|p2a: Greatest Summon|Great Tusk|47/100
|turn|38
|inactive|ssskgc has 120 seconds left.
|
|t:|1743877990
|-end|p1a: Raging Bolt|Protosynthesis|[silent]
|switch|p1a: Ditto|Ditto|54/100 brn
|-transform|p1a: Ditto|p2a: Greatest Summon|[from] ability: Imposter
|move|p2a: Greatest Summon|Headlong Rush|p1a: Ditto
|-damage|p1a: Ditto|14/100 brn
|-unboost|p2a: Greatest Summon|def|1
|-unboost|p2a: Greatest Summon|spd|1
|
|-heal|p2a: Greatest Summon|53/100|[from] item: Leftovers
|-damage|p1a: Ditto|8/100 brn|[from] brn
|upkeep
|turn|39
|inactive|ssskgc has 120 seconds left.
|
|t:|1743878010
|move|p1a: Ditto|Headlong Rush|p2a: Greatest Summon
|-damage|p2a: Greatest Summon|33/100
|-unboost|p1a: Ditto|def|1
|-unboost|p1a: Ditto|spd|1
|move|p2a: Greatest Summon|Stealth Rock|p1a: Ditto
|-sidestart|p1: ssskgc|move: Stealth Rock
|
|-heal|p2a: Greatest Summon|39/100|[from] item: Leftovers
|-damage|p1a: Ditto|2/100 brn|[from] brn
|upkeep
|turn|40
|inactive|ssskgc has 120 seconds left.
|
|t:|1743878021
|-end|p2a: Greatest Summon|Protosynthesis|[silent]
|switch|p2a: Taka|Moltres|52/100
|move|p1a: Ditto|Headlong Rush|p2a: Taka
|-immune|p2a: Taka
|
|-damage|p1a: Ditto|0 fnt|[from] brn
|faint|p1a: Ditto
|-end|p1a: Ditto|Protosynthesis|[silent]
|upkeep
|
|t:|1743878031
|switch|p1a: Raging Bolt|Raging Bolt, tera:Fairy|10/100
|-damage|p1a: Raging Bolt|0 fnt|[from] Stealth Rock
|faint|p1a: Raging Bolt
|-end|p1a: Raging Bolt|Protosynthesis|[silent]
|c|☆OSAKA 2026|gg
|-message|ssskgc forfeited.
|
|win|OSAKA 2026
|raw|ssskgc's rating: 1761 &rarr; <strong>1742</strong><br />(-19 for losing)
|raw|OSAKA 2026's rating: 1784 &rarr; <strong>1803</strong><br />(+19 for winning)
|l|☆ssskgc
|player|p1|
|l|☆OSAKA 2026
|player|p2|
|l| dilf huntr
|l| Koichii1
