|j|‽rylstylez
|j|☆AustinHealey
|t:|1743901671
|gametype|singles
|player|p1|rylstylez|clay|1296
|player|p2|AustinHealey|170|1318
|teamsize|p1|6
|teamsize|p2|6
|gen|9
|tier|[Gen 9] OU
|rated|
|rule|HP Percentage Mod: HP is shown in percentages
|rule|Endless Battle Clause: Forcing endless battles is banned
|rule|Species Clause: Limit one of each Pokémon
|rule|OHKO Clause: OHKO moves are banned
|rule|Evasion Items Clause: Evasion items are banned
|rule|Evasion Moves Clause: Evasion moves are banned
|rule|Sleep Moves Clause: Sleep-inducing moves are banned
|clearpoke
|poke|p1|Weezing-Galar, M|
|poke|p1|Alomomola, F|
|poke|p1|Amoonguss, M|
|poke|p1|Garganacl, F|
|poke|p1|Cinderace, F|
|poke|p1|Slowking-Galar, F|
|poke|p2|Landorus-Therian, M|
|poke|p2|Gyarados, F|
|poke|p2|Overqwil, F|
|poke|p2|Incineroar, M|
|poke|p2|Salamence, F|
|poke|p2|Hitmontop, M|
|teampreview
|
|t:|1743901682
|start
|switch|p1a: Garganacl|Garganacl, F|100/100
|switch|p2a: Landorus|Landorus-Therian, M|100/100
|-ability|p2a: Landorus|Intimidate|boost
|-unboost|p1a: Garganacl|atk|1
|turn|1
|
|t:|1743901691
|move|p2a: Landorus|Taunt|p1a: Garganacl
|-start|p1a: Garganacl|move: Taunt
|cant|p1a: Garganacl|move: Taunt|Stealth Rock
|
|upkeep
|turn|2
|
|t:|1743901698
|move|p2a: Landorus|Earth Power|p1a: Garganacl
|-supereffective|p1a: Garganacl
|-damage|p1a: Garganacl|60/100
|move|p1a: Garganacl|Salt Cure|p2a: Landorus
|-damage|p2a: Landorus|91/100
|-start|p2a: Landorus|Salt Cure
|
|-heal|p1a: Garganacl|66/100|[from] item: Leftovers
|-damage|p2a: Landorus|79/100|[from] Salt Cure
|upkeep
|turn|3
|
|t:|1743901712
|switch|p1a: Alomomola|Alomomola, F|100/100
|move|p2a: Landorus|Stealth Rock|p1a: Alomomola
|-sidestart|p1: rylstylez|move: Stealth Rock
|
|-damage|p2a: Landorus|66/100|[from] Salt Cure
|upkeep
|turn|4
|
|t:|1743901720
|move|p2a: Landorus|U-turn|p1a: Alomomola
|-damage|p1a: Alomomola|90/100
|
|t:|1743901728
|switch|p2a: Overqwil|Overqwil, F|100/100|[from] U-turn
|-ability|p2a: Overqwil|Intimidate|boost
|-unboost|p1a: Alomomola|atk|1
|move|p1a: Alomomola|Chilling Water|p2a: Overqwil
|-damage|p2a: Overqwil|88/100
|-unboost|p2a: Overqwil|atk|1
|
|upkeep
|turn|5
|
|t:|1743901746
|move|p2a: Overqwil|Gunk Shot|p1a: Alomomola|[miss]
|-miss|p2a: Overqwil|p1a: Alomomola
|move|p1a: Alomomola|Chilling Water|p2a: Overqwil
|-damage|p2a: Overqwil|73/100
|-unboost|p2a: Overqwil|atk|1
|
|upkeep
|turn|6
|
|t:|1743901762
|switch|p2a: Salamence|Salamence, F|100/100
|-ability|p2a: Salamence|Intimidate|boost
|-unboost|p1a: Alomomola|atk|1
|move|p1a: Alomomola|Wish|p1a: Alomomola
|
|upkeep
|turn|7
|
|t:|1743901770
|move|p2a: Salamence|Hurricane|p1a: Alomomola
|-damage|p1a: Alomomola|0 fnt
|faint|p1a: Alomomola
|
|upkeep
|
|t:|1743901781
|switch|p1a: Garganacl|Garganacl, F|66/100
|-damage|p1a: Garganacl|54/100|[from] Stealth Rock
|turn|8
|
|t:|1743901791
|switch|p2a: Hitmontop|Hitmontop, M|100/100
|-ability|p2a: Hitmontop|Intimidate|boost
|-unboost|p1a: Garganacl|atk|1
|move|p1a: Garganacl|Recover|p1a: Garganacl
|-heal|p1a: Garganacl|100/100
|
|upkeep
|turn|9
|
|t:|1743901803
|switch|p1a: Weezing|Weezing-Galar, M|100/100
|-ability|p1a: Weezing|Neutralizing Gas
|move|p2a: Hitmontop|Fake Out|p1a: Weezing
|-damage|p1a: Weezing|93/100
|
|upkeep
|turn|10
|
|t:|1743901816
|switch|p2a: Overqwil|Overqwil, F|73/100
|move|p1a: Weezing|Defog|p2a: Overqwil
|-unboost|p2a: Overqwil|evasion|1
|-sideend|p1: rylstylez|Stealth Rock|[from] move: Defog|[of] p1a: Weezing
|
|upkeep
|turn|11
|
|t:|1743901830
|-end|p1a: Weezing|ability: Neutralizing Gas
|-ability|p2a: Overqwil|Intimidate|boost
|-unboost|p1a: Weezing|atk|1
|switch|p1a: Garganacl|Garganacl, F|100/100
|move|p2a: Overqwil|Gunk Shot|p1a: Garganacl
|-resisted|p1a: Garganacl
|-damage|p1a: Garganacl|72/100
|
|-heal|p1a: Garganacl|78/100|[from] item: Leftovers
|upkeep
|turn|12
|
|t:|1743901845
|switch|p2a: Hitmontop|Hitmontop, M|100/100
|-ability|p2a: Hitmontop|Intimidate|boost
|-unboost|p1a: Garganacl|atk|1
|move|p1a: Garganacl|Stealth Rock|p2a: Hitmontop
|-sidestart|p2: AustinHealey|move: Stealth Rock
|
|-heal|p1a: Garganacl|85/100|[from] item: Leftovers
|upkeep
|turn|13
|
|t:|1743901859
|move|p2a: Hitmontop|Rapid Spin|p1a: Garganacl
|-resisted|p1a: Garganacl
|-damage|p1a: Garganacl|80/100
|-boost|p2a: Hitmontop|spe|1
|-sideend|p2: AustinHealey|Stealth Rock|[from] move: Rapid Spin|[of] p2a: Hitmontop
|move|p1a: Garganacl|Salt Cure|p2a: Hitmontop
|-resisted|p2a: Hitmontop
|-damage|p2a: Hitmontop|93/100
|-start|p2a: Hitmontop|Salt Cure
|
|-heal|p1a: Garganacl|86/100|[from] item: Leftovers
|-damage|p2a: Hitmontop|81/100|[from] Salt Cure
|upkeep
|turn|14
|
|t:|1743901878
|switch|p1a: Weezing|Weezing-Galar, M|93/100
|-ability|p1a: Weezing|Neutralizing Gas
|move|p2a: Hitmontop|Rapid Spin|p1a: Weezing
|-damage|p1a: Weezing|85/100
|-boost|p2a: Hitmontop|spe|1
|
|-damage|p2a: Hitmontop|68/100|[from] Salt Cure
|upkeep
|turn|15
|
|t:|1743901914
|switch|p2a: Overqwil|Overqwil, F|73/100
|move|p1a: Weezing|Dazzling Gleam|p2a: Overqwil
|-damage|p2a: Overqwil|35/100
|
|upkeep
|turn|16
|
|t:|1743901926
|-end|p1a: Weezing|ability: Neutralizing Gas
|-ability|p2a: Overqwil|Intimidate|boost
|-unboost|p1a: Weezing|atk|1
|switch|p1a: Garganacl|Garganacl, F|86/100
|move|p2a: Overqwil|Gunk Shot|p1a: Garganacl
|-resisted|p1a: Garganacl
|-damage|p1a: Garganacl|57/100
|
|-heal|p1a: Garganacl|63/100|[from] item: Leftovers
|upkeep
|turn|17
|
|t:|1743901946
|switch|p2a: Landorus|Landorus-Therian, M|66/100
|-ability|p2a: Landorus|Intimidate|boost
|-unboost|p1a: Garganacl|atk|1
|move|p1a: Garganacl|Salt Cure|p2a: Landorus
|-damage|p2a: Landorus|57/100
|-start|p2a: Landorus|Salt Cure
|
|-heal|p1a: Garganacl|69/100|[from] item: Leftovers
|-damage|p2a: Landorus|44/100|[from] Salt Cure
|upkeep
|turn|18
|
|t:|1743901962
|move|p2a: Landorus|Taunt|p1a: Garganacl
|-start|p1a: Garganacl|move: Taunt
|cant|p1a: Garganacl|move: Taunt|Stealth Rock
|
|-heal|p1a: Garganacl|75/100|[from] item: Leftovers
|-damage|p2a: Landorus|32/100|[from] Salt Cure
|upkeep
|turn|19
|
|t:|1743901971
|move|p2a: Landorus|U-turn|p1a: Garganacl
|-damage|p1a: Garganacl|61/100
|
|t:|1743901974
|switch|p2a: Salamence|Salamence, F|100/100|[from] U-turn
|-ability|p2a: Salamence|Intimidate|boost
|-unboost|p1a: Garganacl|atk|1
|move|p1a: Garganacl|Salt Cure|p2a: Salamence
|-supereffective|p2a: Salamence
|-damage|p2a: Salamence|84/100
|-start|p2a: Salamence|Salt Cure
|
|-heal|p1a: Garganacl|67/100|[from] item: Leftovers
|-damage|p2a: Salamence|71/100|[from] Salt Cure
|upkeep
|turn|20
|
|t:|1743901989
|switch|p1a: Amoonguss|Amoonguss, M|100/100
|move|p2a: Salamence|Hurricane|p1a: Amoonguss|[miss]
|-miss|p2a: Salamence|p1a: Amoonguss
|
|-damage|p2a: Salamence|59/100|[from] Salt Cure
|upkeep
|turn|21
|
|t:|1743901998
|switch|p1a: Garganacl|Garganacl, F|67/100
|move|p2a: Salamence|Hurricane|p1a: Garganacl
|-resisted|p1a: Garganacl
|-damage|p1a: Garganacl|41/100
|
|-heal|p1a: Garganacl|48/100|[from] item: Leftovers
|-damage|p2a: Salamence|46/100|[from] Salt Cure
|upkeep
|turn|22
|
|t:|1743902015
|switch|p2a: Overqwil|Overqwil, F|35/100
|-ability|p2a: Overqwil|Intimidate|boost
|-unboost|p1a: Garganacl|atk|1
|move|p1a: Garganacl|Recover|p1a: Garganacl
|-heal|p1a: Garganacl|98/100
|
|-heal|p1a: Garganacl|100/100|[from] item: Leftovers
|upkeep
|turn|23
|
|t:|1743902027
|move|p2a: Overqwil|Crunch|p1a: Garganacl
|-damage|p1a: Garganacl|65/100
|move|p1a: Garganacl|Stealth Rock|p2a: Overqwil
|-sidestart|p2: AustinHealey|move: Stealth Rock
|
|-heal|p1a: Garganacl|71/100|[from] item: Leftovers
|upkeep
|turn|24
|
|t:|1743902034
|move|p2a: Overqwil|Crunch|p1a: Garganacl
|-damage|p1a: Garganacl|32/100
|move|p1a: Garganacl|Salt Cure|p2a: Overqwil
|-damage|p2a: Overqwil|25/100
|-start|p2a: Overqwil|Salt Cure
|
|-heal|p1a: Garganacl|38/100|[from] item: Leftovers
|-damage|p2a: Overqwil|13/100|[from] Salt Cure
|upkeep
|turn|25
|
|t:|1743902049
|switch|p2a: Hitmontop|Hitmontop, M|68/100
|-damage|p2a: Hitmontop|62/100|[from] Stealth Rock
|-ability|p2a: Hitmontop|Intimidate|boost
|-unboost|p1a: Garganacl|atk|1
|switch|p1a: Weezing|Weezing-Galar, M|85/100
|-ability|p1a: Weezing|Neutralizing Gas
|
|upkeep
|turn|26
|
|t:|1743902060
|move|p2a: Hitmontop|Fake Out|p1a: Weezing
|-damage|p1a: Weezing|78/100
|cant|p1a: Weezing|flinch
|
|upkeep
|turn|27
|
|t:|1743902071
|switch|p2a: Incineroar|Incineroar, M|100/100
|move|p1a: Weezing|Dazzling Gleam|p2a: Incineroar
|-damage|p2a: Incineroar|72/100
|
|upkeep
|turn|28
|
|t:|1743902079
|move|p2a: Incineroar|Fake Out|p1a: Weezing
|-damage|p1a: Weezing|68/100
|cant|p1a: Weezing|flinch
|
|upkeep
|turn|29
|
|t:|1743902085
|move|p2a: Incineroar|Flare Blitz|p1a: Weezing
|-damage|p1a: Weezing|29/100
|-damage|p2a: Incineroar|59/100|[from] Recoil
|move|p1a: Weezing|Toxic|p2a: Incineroar
|-status|p2a: Incineroar|tox
|
|-damage|p2a: Incineroar|53/100 tox|[from] psn
|upkeep
|turn|30
|
|t:|1743902096
|-end|p1a: Weezing|ability: Neutralizing Gas
|-ability|p2a: Incineroar|Intimidate|boost
|-unboost|p1a: Weezing|atk|1
|switch|p1a: Cinderace|Cinderace, F|100/100
|move|p2a: Incineroar|Flare Blitz|p1a: Cinderace
|-resisted|p1a: Cinderace
|-damage|p1a: Cinderace|54/100
|-damage|p2a: Incineroar|39/100 tox|[from] Recoil
|
|-damage|p2a: Incineroar|27/100 tox|[from] psn
|upkeep
|turn|31
|
|t:|1743902109
|move|p1a: Cinderace|U-turn|p2a: Incineroar
|-start|p1a: Cinderace|typechange|Bug|[from] ability: Libero
|-damage|p2a: Incineroar|0 fnt
|faint|p2a: Incineroar
|
|t:|1743902123
|switch|p1a: Slowking|Slowking-Galar, F|100/100|[from] U-turn
|
|upkeep
|
|t:|1743902133
|switch|p2a: Gyarados|Gyarados, F|100/100
|-ability|p2a: Gyarados|Intimidate|boost
|-unboost|p1a: Slowking|atk|1
|turn|32
|
|t:|1743902145
|switch|p1a: Weezing|Weezing-Galar, M|29/100
|-ability|p1a: Weezing|Neutralizing Gas
|move|p2a: Gyarados|Dragon Dance|p2a: Gyarados
|-boost|p2a: Gyarados|atk|1
|-boost|p2a: Gyarados|spe|1
|
|upkeep
|turn|33
|
|t:|1743902155
|-terastallize|p1a: Weezing|Water
|move|p2a: Gyarados|Earthquake|p1a: Weezing
|-damage|p1a: Weezing|0 fnt
|faint|p1a: Weezing
|-end|p1a: Weezing|ability: Neutralizing Gas
|
|upkeep
|
|t:|1743902167
|switch|p1a: Amoonguss|Amoonguss, M|100/100
|turn|34
|
|t:|1743902180
|move|p2a: Gyarados|Temper Flare|p1a: Amoonguss
|-supereffective|p1a: Amoonguss
|-damage|p1a: Amoonguss|26/100
|move|p1a: Amoonguss|Grass Knot|p2a: Gyarados
|-damage|p2a: Gyarados|60/100
|
|upkeep
|turn|35
|
|t:|1743902187
|move|p2a: Gyarados|Temper Flare|p1a: Amoonguss
|-supereffective|p1a: Amoonguss
|-damage|p1a: Amoonguss|0 fnt
|faint|p1a: Amoonguss
|
|upkeep
|
|t:|1743902198
|switch|p1a: Cinderace|Cinderace, F|54/100
|turn|36
|
|t:|1743902204
|move|p1a: Cinderace|Sucker Punch|p2a: Gyarados
|-start|p1a: Cinderace|typechange|Dark|[from] ability: Libero
|-damage|p2a: Gyarados|0 fnt
|faint|p2a: Gyarados
|
|upkeep
|
|t:|1743902211
|switch|p2a: Hitmontop|Hitmontop, M|62/100
|-damage|p2a: Hitmontop|56/100|[from] Stealth Rock
|-ability|p2a: Hitmontop|Intimidate|boost
|-unboost|p1a: Cinderace|atk|1
|turn|37
|
|t:|1743902218
|switch|p1a: Slowking|Slowking-Galar, F|100/100
|move|p2a: Hitmontop|Fake Out|p1a: Slowking
|-damage|p1a: Slowking|89/100
|
|upkeep
|turn|38
|
|t:|1743902235
|move|p2a: Hitmontop|Rapid Spin|p1a: Slowking
|-damage|p1a: Slowking|75/100
|-boost|p2a: Hitmontop|spe|1
|-sideend|p2: AustinHealey|Stealth Rock|[from] move: Rapid Spin|[of] p2a: Hitmontop
|move|p1a: Slowking|Future Sight|p2a: Hitmontop
|-start|p1a: Slowking|move: Future Sight
|
|upkeep
|turn|39
|
|t:|1743902263
|switch|p2a: Landorus|Landorus-Therian, M|32/100
|-ability|p2a: Landorus|Intimidate|boost
|-unboost|p1a: Slowking|atk|1
|-prepare|p1a: Slowking|Chilly Reception|[premajor]
|move|p1a: Slowking|Chilly Reception|p1a: Slowking
|-weather|Snowscape
|
|t:|1743902269
|switch|p1a: Garganacl|Garganacl, F|38/100|[from] Chilly Reception
|
|-weather|Snowscape|[upkeep]
|-heal|p1a: Garganacl|45/100|[from] item: Leftovers
|upkeep
|turn|40
|
|t:|1743902278
|move|p2a: Landorus|Taunt|p1a: Garganacl
|-start|p1a: Garganacl|move: Taunt
|cant|p1a: Garganacl|move: Taunt|Recover
|
|-weather|Snowscape|[upkeep]
|-end|p2a: Landorus|move: Future Sight
|-damage|p2a: Landorus|0 fnt
|faint|p2a: Landorus
|-heal|p1a: Garganacl|51/100|[from] item: Leftovers
|upkeep
|
|t:|1743902296
|switch|p2a: Overqwil|Overqwil, F|13/100
|-ability|p2a: Overqwil|Intimidate|boost
|-unboost|p1a: Garganacl|atk|1
|turn|41
|
|t:|1743902318
|switch|p1a: Slowking|Slowking-Galar, F|100/100
|move|p2a: Overqwil|Crunch|p1a: Slowking
|-supereffective|p1a: Slowking
|-damage|p1a: Slowking|0 fnt
|faint|p1a: Slowking
|
|-weather|Snowscape|[upkeep]
|upkeep
|
|t:|1743902324
|switch|p1a: Cinderace|Cinderace, F|54/100
|turn|42
|
|t:|1743902331
|move|p1a: Cinderace|U-turn|p2a: Overqwil
|-start|p1a: Cinderace|typechange|Bug|[from] ability: Libero
|-damage|p2a: Overqwil|0 fnt
|faint|p2a: Overqwil
|
|t:|1743902336
|switch|p1a: Garganacl|Garganacl, F|51/100|[from] U-turn
|
|-weather|Snowscape|[upkeep]
|-heal|p1a: Garganacl|57/100|[from] item: Leftovers
|upkeep
|
|t:|1743902343
|switch|p2a: Hitmontop|Hitmontop, M|56/100
|-ability|p2a: Hitmontop|Intimidate|boost
|-unboost|p1a: Garganacl|atk|1
|turn|43
|
|t:|1743902373
|switch|p1a: Cinderace|Cinderace, F|54/100
|move|p2a: Hitmontop|Fake Out|p1a: Cinderace
|-damage|p1a: Cinderace|38/100
|
|-weather|none
|upkeep
|turn|44
|
|t:|1743902385
|move|p2a: Hitmontop|Endure|p2a: Hitmontop
|-singleturn|p2a: Hitmontop|move: Endure
|move|p1a: Cinderace|Pyro Ball|p2a: Hitmontop|[miss]
|-miss|p1a: Cinderace|p2a: Hitmontop
|
|upkeep
|turn|45
|
|t:|1743902392
|move|p2a: Hitmontop|Endure||[still]
|-fail|p2a: Hitmontop
|move|p1a: Cinderace|Pyro Ball|p2a: Hitmontop
|-damage|p2a: Hitmontop|0 fnt
|faint|p2a: Hitmontop
|
|upkeep
|
|t:|1743902399
|switch|p2a: Salamence|Salamence, F|46/100
|-ability|p2a: Salamence|Intimidate|boost
|-unboost|p1a: Cinderace|atk|1
|turn|46
|
|t:|1743902422
|-terastallize|p2a: Salamence|Fairy
|move|p1a: Cinderace|Pyro Ball|p2a: Salamence
|-damage|p2a: Salamence|0 fnt
|faint|p2a: Salamence
|
|win|rylstylez
|raw|rylstylez's rating: 1296 &rarr; <strong>1323</strong><br />(+27 for winning)
|raw|AustinHealey's rating: 1318 &rarr; <strong>1297</strong><br />(-21 for losing)
|l|☆AustinHealey
|player|p2|
|l|‽rylstylez
|player|p1|
