|j|☆Chicken lick my
|j|☆trovz
|t:|1743859794
|gametype|singles
|player|p1|Chicken lick my|2|1160
|player|p2|trovz|pokemaniac|1122
|teamsize|p1|6
|teamsize|p2|6
|gen|9
|tier|[Gen 9] OU
|rated|
|rule|HP Percentage Mod: HP is shown in percentages
|rule|Endless Battle Clause: Forcing endless battles is banned
|rule|Species Clause: Limit one of each Pokémon
|rule|OHKO Clause: OHKO moves are banned
|rule|Evasion Items Clause: Evasion items are banned
|rule|Evasion Moves Clause: Evasion moves are banned
|rule|Sleep Moves Clause: Sleep-inducing moves are banned
|clearpoke
|poke|p1|Gliscor, F|
|poke|p1|Maushold-Four|
|poke|p1|Pecharunt|
|poke|p1|Arboliva, M|
|poke|p1|Dondozo, F|
|poke|p1|Cinderace, F|
|poke|p2|Araquanid, F|
|poke|p2|Scizor, M|
|poke|p2|Gholdengo|
|poke|p2|Iron Moth|
|poke|p2|Sinistcha-Masterpiece|
|poke|p2|Samurott-Hisui, M|
|teampreview
|inactive|Battle timer is ON: inactive players will automatically lose when time's up. (requested by trovz)
|
|t:|1743859799
|start
|switch|p1a: Maushold|Maushold-Four|100/100
|switch|p2a: Cavatica|Araquanid, F|100/100
|turn|1
|
|t:|1743859808
|move|p1a: Maushold|Population Bomb|p2a: Cavatica
|-damage|p2a: Cavatica|89/100
|-damage|p2a: Cavatica|77/100
|-hitcount|p2a: Cavatica|2
|move|p2a: Cavatica|Liquidation|p1a: Maushold
|-damage|p1a: Maushold|7/100
|
|upkeep
|turn|2
|
|t:|1743859824
|move|p1a: Maushold|Population Bomb|p2a: Cavatica
|-damage|p2a: Cavatica|66/100
|-damage|p2a: Cavatica|53/100
|-damage|p2a: Cavatica|42/100
|-damage|p2a: Cavatica|29/100
|-damage|p2a: Cavatica|17/100
|-damage|p2a: Cavatica|5/100
|-damage|p2a: Cavatica|0 fnt
|faint|p2a: Cavatica
|-hitcount|p2: Cavatica|7
|
|upkeep
|
|t:|1743859836
|switch|p2a: The Grill|Scizor, M|100/100
|turn|3
|
|t:|1743859855
|move|p2a: The Grill|Bullet Punch|p1a: Maushold
|-damage|p1a: Maushold|0 fnt
|faint|p1a: Maushold
|
|upkeep
|
|t:|1743859863
|switch|p1a: Cinderace|Cinderace, F|100/100
|turn|4
|
|t:|1743859880
|switch|p2a: Samuel|Samurott-Hisui, M|100/100
|move|p1a: Cinderace|Pyro Ball|p2a: Samuel
|-resisted|p2a: Samuel
|-damage|p2a: Samuel|60/100
|
|upkeep
|turn|5
|
|t:|1743859896
|move|p1a: Cinderace|Gunk Shot|p2a: Samuel
|-damage|p2a: Samuel|7/100
|move|p2a: Samuel|Flip Turn|p1a: Cinderace
|-supereffective|p1a: Cinderace
|-damage|p1a: Cinderace|0 fnt
|faint|p1a: Cinderace
|-damage|p2a: Samuel|0 fnt|[from] item: Life Orb
|faint|p2a: Samuel
|
|upkeep
|inactive|trovz has 120 seconds left.
|
|t:|1743859921
|switch|p1a: Dondozo|Dondozo, F|100/100
|switch|p2a: The Moth|Iron Moth|100/100
|-enditem|p2a: The Moth|Booster Energy
|-activate|p2a: The Moth|ability: Quark Drive|[fromitem]
|-start|p2a: The Moth|quarkdrivespe
|turn|6
|inactive|trovz has 120 seconds left.
|
|t:|1743859937
|move|p2a: The Moth|Substitute|p2a: The Moth
|-start|p2a: The Moth|Substitute
|-damage|p2a: The Moth|76/100
|move|p1a: Dondozo|Wave Crash|p2a: The Moth
|-supereffective|p2a: The Moth
|-end|p2a: The Moth|Substitute
|-damage|p1a: Dondozo|95/100|[from] Recoil|[of] p2a: The Moth
|
|upkeep
|turn|7
|
|t:|1743859945
|-terastallize|p2a: The Moth|Grass
|move|p2a: The Moth|Energy Ball|p1a: Dondozo
|-supereffective|p1a: Dondozo
|-damage|p1a: Dondozo|18/100
|-enditem|p1a: Dondozo|Red Card|[of] p2a: The Moth
|-end|p2a: The Moth|Quark Drive|[silent]
|drag|p2a: The Grill|Scizor, M|100/100
|move|p1a: Dondozo|Wave Crash|p2a: The Grill
|-damage|p2a: The Grill|48/100
|-damage|p1a: Dondozo|7/100|[from] Recoil
|
|upkeep
|turn|8
|inactive|trovz has 120 seconds left.
|
|t:|1743859959
|switch|p1a: Arboliva|Arboliva, M|100/100
|move|p2a: The Grill|Knock Off|p1a: Arboliva
|-damage|p1a: Arboliva|51/100
|-enditem|p1a: Arboliva|Sitrus Berry|[from] move: Knock Off|[of] p2a: The Grill
|
|upkeep
|turn|9
|inactive|trovz has 120 seconds left.
|
|t:|1743859977
|move|p1a: Arboliva|Protect|p1a: Arboliva
|-singleturn|p1a: Arboliva|Protect
|move|p2a: The Grill|Knock Off|p1a: Arboliva
|-activate|p1a: Arboliva|move: Protect
|
|upkeep
|turn|10
|
|t:|1743859985
|switch|p2a: Siiiiiilver Surfer|Gholdengo|100/100
|-item|p2a: Siiiiiilver Surfer|Air Balloon
|move|p1a: Arboliva|Leech Seed|p2a: Siiiiiilver Surfer
|-immune|p2a: Siiiiiilver Surfer|[from] ability: Good as Gold
|
|upkeep
|turn|11
|inactive|trovz has 120 seconds left.
|
|t:|1743860004
|-terastallize|p1a: Arboliva|Fire
|move|p2a: Siiiiiilver Surfer|Make It Rain|p1a: Arboliva
|-resisted|p1a: Arboliva
|-damage|p1a: Arboliva|30/100
|-unboost|p2a: Siiiiiilver Surfer|spa|1
|move|p1a: Arboliva|Tera Blast|p2a: Siiiiiilver Surfer|[anim] Tera Blast Fire
|-supereffective|p2a: Siiiiiilver Surfer
|-damage|p2a: Siiiiiilver Surfer|24/100
|-enditem|p2a: Siiiiiilver Surfer|Air Balloon
|
|upkeep
|turn|12
|inactive|trovz has 120 seconds left.
|
|t:|1743860016
|move|p2a: Siiiiiilver Surfer|Power Gem|p1a: Arboliva
|-supereffective|p1a: Arboliva
|-damage|p1a: Arboliva|6/100
|move|p1a: Arboliva|Tera Blast|p2a: Siiiiiilver Surfer|[anim] Tera Blast Fire
|-supereffective|p2a: Siiiiiilver Surfer
|-damage|p2a: Siiiiiilver Surfer|0 fnt
|faint|p2a: Siiiiiilver Surfer
|
|upkeep
|
|t:|1743860023
|switch|p2a: The Grill|Scizor, M|48/100
|turn|13
|inactive|trovz has 120 seconds left.
|
|t:|1743860029
|move|p2a: The Grill|Knock Off|p1a: Arboliva
|-damage|p1a: Arboliva|0 fnt
|faint|p1a: Arboliva
|
|upkeep
|
|t:|1743860036
|switch|p1a: Dondozo|Dondozo, F|7/100
|turn|14
|
|t:|1743860040
|move|p2a: The Grill|Knock Off|p1a: Dondozo
|-damage|p1a: Dondozo|0 fnt
|faint|p1a: Dondozo
|
|upkeep
|
|t:|1743860052
|switch|p1a: Pecharunt|Pecharunt|100/100
|-item|p1a: Pecharunt|Air Balloon
|turn|15
|
|t:|1743860057
|move|p1a: Pecharunt|Malignant Chain|p2a: The Grill
|-immune|p2a: The Grill
|move|p2a: The Grill|Knock Off|p1a: Pecharunt
|-supereffective|p1a: Pecharunt
|-damage|p1a: Pecharunt|22/100
|-enditem|p1a: Pecharunt|Air Balloon
|
|upkeep
|turn|16
|
|t:|1743860065
|move|p1a: Pecharunt|Tera Blast|p2a: The Grill
|-resisted|p2a: The Grill
|-damage|p2a: The Grill|33/100
|move|p2a: The Grill|Knock Off|p1a: Pecharunt
|-supereffective|p1a: Pecharunt
|-damage|p1a: Pecharunt|0 fnt
|faint|p1a: Pecharunt
|
|upkeep
|
|t:|1743860073
|switch|p1a: Gliscor|Gliscor, F|100/100
|turn|17
|
|t:|1743860078
|move|p1a: Gliscor|Protect|p1a: Gliscor
|-singleturn|p1a: Gliscor|Protect
|move|p2a: The Grill|Knock Off|p1a: Gliscor
|-activate|p1a: Gliscor|move: Protect
|
|-status|p1a: Gliscor|tox|[from] item: Toxic Orb
|upkeep
|turn|18
|
|t:|1743860090
|move|p1a: Gliscor|Knock Off|p2a: The Grill
|-damage|p2a: The Grill|6/100
|-enditem|p2a: The Grill|Choice Band|[from] move: Knock Off|[of] p1a: Gliscor
|move|p2a: The Grill|Knock Off|p1a: Gliscor
|-damage|p1a: Gliscor|67/100 tox
|-enditem|p1a: Gliscor|Toxic Orb|[from] move: Knock Off|[of] p2a: The Grill
|
|-damage|p1a: Gliscor|61/100 tox|[from] psn
|upkeep
|turn|19
|
|t:|1743860100
|move|p2a: The Grill|Bullet Punch|p1a: Gliscor
|-damage|p1a: Gliscor|29/100 tox
|move|p1a: Gliscor|Knock Off|p2a: The Grill
|-damage|p2a: The Grill|0 fnt
|faint|p2a: The Grill
|
|-damage|p1a: Gliscor|16/100 tox|[from] psn
|upkeep
|
|t:|1743860117
|switch|p2a: The Unc|Sinistcha-Masterpiece|100/100
|turn|20
|
|t:|1743860122
|move|p1a: Gliscor|Gunk Shot|p2a: The Unc
|-damage|p2a: The Unc|79/100
|move|p2a: The Unc|Strength Sap|p1a: Gliscor
|-fail|p1a: Gliscor|unboost|Attack|[from] ability: Hyper Cutter|[of] p1a: Gliscor
|-heal|p2a: The Unc|100/100
|
|-damage|p1a: Gliscor|0 fnt|[from] psn
|faint|p1a: Gliscor
|
|win|trovz
|raw|Chicken lick my's rating: 1160 &rarr; <strong>1132</strong><br />(-28 for losing)
|raw|trovz's rating: 1122 &rarr; <strong>1150</strong><br />(+28 for winning)
|c|☆trovz|hyper cutter?
|l|☆Chicken lick my
|player|p1|
|l|☆trovz
|player|p2|
