|j|☆bogusss
|j|☆Hakuna Sukuna
|t:|1743909942
|gametype|singles
|player|p1|bogusss|101|1040
|player|p2|Hakuna Sukuna|265|1080
|teamsize|p1|6
|teamsize|p2|6
|gen|9
|tier|[Gen 9] OU
|rated|
|rule|HP Percentage Mod: HP is shown in percentages
|rule|Endless Battle Clause: Forcing endless battles is banned
|rule|Species Clause: Limit one of each Pokémon
|rule|OHKO Clause: OHKO moves are banned
|rule|Evasion Items Clause: Evasion items are banned
|rule|Evasion Moves Clause: Evasion moves are banned
|rule|Sleep Moves Clause: Sleep-inducing moves are banned
|clearpoke
|poke|p1|Inteleon, F|
|poke|p1|Excadrill, M|
|poke|p1|Lucario, M|
|poke|p1|Rotom-Heat|
|poke|p1|Scream Tail|
|poke|p1|Greninja-*, F|
|poke|p2|Malamar, M|
|poke|p2|Cinderace, M|
|poke|p2|Ceruledge, M|
|poke|p2|Grimmsnarl, M|
|poke|p2|Corviknight, M|
|poke|p2|Garganacl, F|
|teampreview
|
|t:|1743909952
|start
|switch|p1a: John Wilkes Booth|Inteleon, F, shiny|100/100
|switch|p2a: Cinderace|Cinderace, M|100/100
|turn|1
|
|t:|1743909958
|-terastallize|p2a: Cinderace|Bug
|move|p2a: Cinderace|U-turn|p1a: John Wilkes Booth
|-damage|p1a: John Wilkes Booth|39/100
|
|t:|1743909965
|switch|p2a: Corviknight|Corviknight, M|100/100|[from] U-turn
|-ability|p2a: Corviknight|Pressure
|move|p1a: John Wilkes Booth|Snipe Shot|p2a: Corviknight
|-crit|p2a: Corviknight
|-damage|p2a: Corviknight|19/100
|
|upkeep
|turn|2
|
|t:|1743909974
|move|p1a: John Wilkes Booth|Snipe Shot|p2a: Corviknight
|-crit|p2a: Corviknight
|-damage|p2a: Corviknight|0 fnt
|faint|p2a: Corviknight
|
|upkeep
|
|t:|1743909977
|switch|p2a: Cinderace|Cinderace, M, tera:Bug|100/100
|turn|3
|
|t:|1743909987
|switch|p1a: Steve|Excadrill, M|100/100
|move|p2a: Cinderace|U-turn|p1a: Steve
|-resisted|p1a: Steve
|-damage|p1a: Steve|76/100
|
|t:|1743909993
|switch|p2a: Ceruledge|Ceruledge, M|100/100|[from] U-turn
|
|upkeep
|turn|4
|
|t:|1743909997
|move|p2a: Ceruledge|Swords Dance|p2a: Ceruledge
|-boost|p2a: Ceruledge|atk|2
|move|p1a: Steve|Swords Dance|p1a: Steve
|-boost|p1a: Steve|atk|2
|
|upkeep
|turn|5
|
|t:|1743910003
|move|p2a: Ceruledge|Bitter Blade|p1a: Steve
|-supereffective|p1a: Steve
|-damage|p1a: Steve|0 fnt
|faint|p1a: Steve
|
|upkeep
|
|t:|1743910012
|switch|p1a: Easy Bake Oven|Rotom-Heat, shiny|100/100
|turn|6
|
|t:|1743910022
|move|p2a: Ceruledge|Bitter Blade|p1a: Easy Bake Oven
|-resisted|p1a: Easy Bake Oven
|-damage|p1a: Easy Bake Oven|49/100
|move|p1a: Easy Bake Oven|Shadow Ball|p2a: Ceruledge
|-supereffective|p2a: Ceruledge
|-damage|p2a: Ceruledge|57/100
|
|upkeep
|turn|7
|
|t:|1743910032
|move|p2a: Ceruledge|Bitter Blade|p1a: Easy Bake Oven
|-resisted|p1a: Easy Bake Oven
|-crit|p1a: Easy Bake Oven
|-damage|p1a: Easy Bake Oven|0 fnt
|-heal|p2a: Ceruledge|81/100|[from] drain|[of] p1a: Easy Bake Oven
|faint|p1a: Easy Bake Oven
|
|upkeep
|
|t:|1743910041
|switch|p1a: John Wilkes Booth|Inteleon, F, shiny|39/100
|turn|8
|
|t:|1743910045
|move|p2a: Ceruledge|Shadow Sneak|p1a: John Wilkes Booth
|-damage|p1a: John Wilkes Booth|0 fnt
|faint|p1a: John Wilkes Booth
|
|upkeep
|
|t:|1743910050
|switch|p1a: Yellow Wiener|Lucario, M, shiny|100/100
|turn|9
|
|t:|1743910061
|move|p2a: Ceruledge|Bitter Blade|p1a: Yellow Wiener
|-supereffective|p1a: Yellow Wiener
|-damage|p1a: Yellow Wiener|0 fnt
|-heal|p2a: Ceruledge|100/100|[from] drain|[of] p1a: Yellow Wiener
|faint|p1a: Yellow Wiener
|
|upkeep
|
|t:|1743910075
|switch|p1a: Kermit|Greninja, F, shiny|100/100
|turn|10
|
|t:|1743910083
|move|p2a: Ceruledge|Close Combat|p1a: Kermit
|-supereffective|p1a: Kermit
|-damage|p1a: Kermit|0 fnt
|-unboost|p2a: Ceruledge|def|1
|-unboost|p2a: Ceruledge|spd|1
|-damage|p2a: Ceruledge|84/100|[from] item: Rocky Helmet|[of] p1a: Kermit
|faint|p1a: Kermit
|
|upkeep
|
|t:|1743910092
|switch|p1a: Hyper Boy|Scream Tail, shiny|100/100
|-enditem|p1a: Hyper Boy|Booster Energy
|-activate|p1a: Hyper Boy|ability: Protosynthesis|[fromitem]
|-start|p1a: Hyper Boy|protosynthesisspe
|turn|11
|
|t:|1743910102
|move|p1a: Hyper Boy|Dazzling Gleam|p2a: Ceruledge
|-resisted|p2a: Ceruledge
|-damage|p2a: Ceruledge|64/100
|move|p2a: Ceruledge|Bitter Blade|p1a: Hyper Boy
|-damage|p1a: Hyper Boy|20/100
|-heal|p2a: Ceruledge|100/100|[from] drain|[of] p1a: Hyper Boy
|
|upkeep
|turn|12
|
|t:|1743910112
|move|p2a: Ceruledge|Shadow Sneak|p1a: Hyper Boy
|-supereffective|p1a: Hyper Boy
|-damage|p1a: Hyper Boy|0 fnt
|faint|p1a: Hyper Boy
|-end|p1a: Hyper Boy|Protosynthesis|[silent]
|
|win|Hakuna Sukuna
|raw|bogusss's rating: 1040 &rarr; <strong>1026</strong><br />(-14 for losing)
|raw|Hakuna Sukuna's rating: 1080 &rarr; <strong>1105</strong><br />(+25 for winning)
