|j|☆Bum_Muncha
|j|☆nhg445
|t:|1743789479
|gametype|singles
|player|p1|Bum_Muncha|169|1676
|player|p2|nhg445|cynthia|1664
|teamsize|p1|6
|teamsize|p2|6
|gen|9
|tier|[Gen 9] OU
|rated|
|rule|HP Percentage Mod: HP is shown in percentages
|rule|Endless Battle Clause: Forcing endless battles is banned
|rule|Species Clause: Limit one of each Pokémon
|rule|OHKO Clause: OHKO moves are banned
|rule|Evasion Items Clause: Evasion items are banned
|rule|Evasion Moves Clause: Evasion moves are banned
|rule|Sleep Moves Clause: Sleep-inducing moves are banned
|clearpoke
|poke|p1|Ting-Lu|
|poke|p1|Gliscor, F|
|poke|p1|Sinistcha|
|poke|p1|Keldeo-Resolute|
|poke|p1|Tinkaton, F|
|poke|p1|Dragonite, F|
|poke|p2|Samurott-Hisui, F|
|poke|p2|Dragonite, F|
|poke|p2|Iron Treads|
|poke|p2|Iron Crown|
|poke|p2|Moltres|
|poke|p2|Weavile, F|
|teampreview
|inactive|Battle timer is ON: inactive players will automatically lose when time's up. (requested by nhg445)
|
|t:|1743789497
|start
|switch|p1a: Tinkaton|Tinkaton, F|100/100
|switch|p2a: Samurott|Samurott-Hisui, F|100/100
|-ability|p1a: Tinkaton|Mold Breaker
|-item|p1a: Tinkaton|Air Balloon
|turn|1
|
|t:|1743789502
|move|p1a: Tinkaton|Stealth Rock|p2a: Samurott
|-sidestart|p2: nhg445|move: Stealth Rock
|move|p2a: Samurott|Aqua Cutter|p1a: Tinkaton
|-damage|p1a: Tinkaton|45/100
|-enditem|p1a: Tinkaton|Air Balloon
|
|upkeep
|turn|2
|
|t:|1743789505
|move|p1a: Tinkaton|Knock Off|p2a: Samurott
|-resisted|p2a: Samurott
|-damage|p2a: Samurott|90/100
|-enditem|p2a: Samurott|Focus Sash|[from] move: Knock Off|[of] p1a: Tinkaton
|move|p2a: Samurott|Aqua Cutter|p1a: Tinkaton
|-damage|p1a: Tinkaton|0 fnt
|faint|p1a: Tinkaton
|
|upkeep
|j| diaodeyibi12345
|
|t:|1743789510
|switch|p1a: Keldeo|Keldeo-Resolute|100/100
|turn|3
|
|t:|1743789513
|move|p1a: Keldeo|Secret Sword|p2a: Samurott
|-supereffective|p2a: Samurott
|-damage|p2a: Samurott|0 fnt
|faint|p2a: Samurott
|
|upkeep
|
|t:|1743789516
|switch|p2a: Iron Crown|Iron Crown|100/100
|-damage|p2a: Iron Crown|94/100|[from] Stealth Rock
|turn|4
|
|t:|1743789519
|switch|p1a: Ting-Lu|Ting-Lu|100/100
|-ability|p1a: Ting-Lu|Vessel of Ruin
|move|p2a: Iron Crown|Focus Blast|p1a: Ting-Lu
|-supereffective|p1a: Ting-Lu
|-damage|p1a: Ting-Lu|48/100
|
|-heal|p1a: Ting-Lu|55/100|[from] item: Leftovers
|upkeep
|turn|5
|
|t:|1743789523
|-end|p2a: Iron Crown|Quark Drive|[silent]
|switch|p2a: Moltres|Moltres|100/100
|switch|p1a: Sinistcha|Sinistcha|100/100
|
|upkeep
|turn|6
|
|t:|1743789528
|switch|p1a: Gliscor|Gliscor, F|100/100
|move|p2a: Moltres|Will-O-Wisp|p1a: Gliscor
|-status|p1a: Gliscor|brn
|
|-damage|p1a: Gliscor|94/100 brn|[from] brn
|upkeep
|turn|7
|
|t:|1743789531
|move|p1a: Gliscor|Knock Off|p2a: Moltres
|-damage|p2a: Moltres|92/100
|-enditem|p2a: Moltres|Heavy-Duty Boots|[from] move: Knock Off|[of] p1a: Gliscor
|move|p2a: Moltres|U-turn|p1a: Gliscor
|-resisted|p1a: Gliscor
|-damage|p1a: Gliscor|88/100 brn
|
|t:|1743789534
|switch|p2a: Weavile|Weavile, F|100/100|[from] U-turn
|-ability|p2a: Weavile|Pressure
|
|-damage|p1a: Gliscor|82/100 brn|[from] brn
|upkeep
|turn|8
|
|t:|1743789536
|move|p2a: Weavile|Triple Axel|p1a: Gliscor
|-supereffective|p1a: Gliscor
|-damage|p1a: Gliscor|48/100 brn
|-supereffective|p1a: Gliscor
|-damage|p1a: Gliscor|0 fnt
|faint|p1a: Gliscor
|-hitcount|p1: Gliscor|2
|
|upkeep
|
|t:|1743789538
|switch|p1a: Keldeo|Keldeo-Resolute|100/100
|turn|9
|
|t:|1743789543
|switch|p2a: shouting planet|Dragonite, F|100/100
|move|p1a: Keldeo|Secret Sword|p2a: shouting planet
|-resisted|p2a: shouting planet
|-damage|p2a: shouting planet|88/100
|
|upkeep
|turn|10
|
|t:|1743789546
|move|p1a: Keldeo|Flip Turn|p2a: shouting planet
|-resisted|p2a: shouting planet
|-damage|p2a: shouting planet|80/100
|
|t:|1743789547
|switch|p1a: Dragonite|Dragonite, F|100/100|[from] Flip Turn
|move|p2a: shouting planet|Dragon Dance|p2a: shouting planet
|-boost|p2a: shouting planet|atk|1
|-boost|p2a: shouting planet|spe|1
|
|upkeep
|turn|11
|
|t:|1743789552
|switch|p2a: Moltres|Moltres|92/100
|-damage|p2a: Moltres|43/100|[from] Stealth Rock
|move|p1a: Dragonite|Dragon Tail|p2a: Moltres
|-damage|p2a: Moltres|19/100
|-status|p1a: Dragonite|brn|[from] ability: Flame Body|[of] p2a: Moltres
|drag|p2a: Weavile|Weavile, F|100/100
|-ability|p2a: Weavile|Pressure
|
|-damage|p1a: Dragonite|94/100 brn|[from] brn
|upkeep
|turn|12
|
|t:|1743789559
|move|p1a: Dragonite|Extreme Speed|p2a: Weavile
|-damage|p2a: Weavile|72/100
|move|p2a: Weavile|Swords Dance|p2a: Weavile
|-boost|p2a: Weavile|atk|2
|
|-damage|p1a: Dragonite|88/100 brn|[from] brn
|upkeep
|turn|13
|
|t:|1743789562
|move|p1a: Dragonite|Extreme Speed|p2a: Weavile
|-damage|p2a: Weavile|46/100
|move|p2a: Weavile|Ice Shard|p1a: Dragonite
|-supereffective|p1a: Dragonite
|-damage|p1a: Dragonite|0 fnt
|faint|p1a: Dragonite
|
|upkeep
|
|t:|1743789564
|switch|p1a: Keldeo|Keldeo-Resolute|100/100
|turn|14
|
|t:|1743789568
|switch|p2a: Moltres|Moltres|19/100
|-damage|p2a: Moltres|0 fnt|[from] Stealth Rock
|faint|p2a: Moltres
|move|p1a: Keldeo|Vacuum Wave|p2: Moltres|[notarget]
|-fail|p1a: Keldeo
|
|upkeep
|
|t:|1743789571
|switch|p2a: shouting planet|Dragonite, F|80/100
|turn|15
|
|t:|1743789574
|move|p1a: Keldeo|Flip Turn|p2a: shouting planet
|-resisted|p2a: shouting planet
|-damage|p2a: shouting planet|71/100
|
|t:|1743789575
|switch|p1a: Ting-Lu|Ting-Lu|55/100|[from] Flip Turn
|-ability|p1a: Ting-Lu|Vessel of Ruin
|move|p2a: shouting planet|Dragon Dance|p2a: shouting planet
|-boost|p2a: shouting planet|atk|1
|-boost|p2a: shouting planet|spe|1
|
|-heal|p1a: Ting-Lu|61/100|[from] item: Leftovers
|upkeep
|turn|16
|
|t:|1743789578
|move|p2a: shouting planet|Earthquake|p1a: Ting-Lu
|-damage|p1a: Ting-Lu|32/100
|move|p1a: Ting-Lu|Whirlwind|p2a: shouting planet
|drag|p2a: Iron Crown|Iron Crown|94/100
|-damage|p2a: Iron Crown|88/100|[from] Stealth Rock
|
|-heal|p1a: Ting-Lu|39/100|[from] item: Leftovers
|upkeep
|turn|17
|
|t:|1743789583
|move|p2a: Iron Crown|Focus Blast|p1a: Ting-Lu|[miss]
|-miss|p2a: Iron Crown|p1a: Ting-Lu
|move|p1a: Ting-Lu|Earthquake|p2a: Iron Crown
|-supereffective|p2a: Iron Crown
|-damage|p2a: Iron Crown|10/100
|
|-heal|p1a: Ting-Lu|45/100|[from] item: Leftovers
|upkeep
|turn|18
|
|t:|1743789587
|switch|p1a: Sinistcha|Sinistcha|100/100
|move|p2a: Iron Crown|Focus Blast|p1a: Sinistcha
|-immune|p1a: Sinistcha
|
|upkeep
|turn|19
|
|t:|1743789591
|-end|p2a: Iron Crown|Quark Drive|[silent]
|switch|p2a: Weavile|Weavile, F|46/100
|-ability|p2a: Weavile|Pressure
|move|p1a: Sinistcha|Calm Mind|p1a: Sinistcha
|-boost|p1a: Sinistcha|spa|1
|-boost|p1a: Sinistcha|spd|1
|
|upkeep
|turn|20
|j| rehgRH
|
|t:|1743789596
|-terastallize|p1a: Sinistcha|Poison
|move|p2a: Weavile|Triple Axel|p1a: Sinistcha
|-damage|p1a: Sinistcha|93/100
|-damage|p1a: Sinistcha|79/100
|-damage|p1a: Sinistcha|58/100
|-hitcount|p1a: Sinistcha|3
|move|p1a: Sinistcha|Strength Sap|p2a: Weavile
|-unboost|p2a: Weavile|atk|1
|-heal|p1a: Sinistcha|100/100
|
|upkeep
|turn|21
|
|t:|1743789600
|switch|p2a: Iron Crown|Iron Crown|10/100
|-damage|p2a: Iron Crown|3/100|[from] Stealth Rock
|move|p1a: Sinistcha|Matcha Gotcha|p2a: Iron Crown
|-resisted|p2a: Iron Crown
|-damage|p2a: Iron Crown|0 fnt
|faint|p2a: Iron Crown
|-end|p2a: Iron Crown|Quark Drive|[silent]
|
|upkeep
|
|t:|1743789604
|switch|p2a: Iron Treads|Iron Treads|100/100
|-damage|p2a: Iron Treads|97/100|[from] Stealth Rock
|turn|22
|
|t:|1743789607
|move|p2a: Iron Treads|Earthquake|p1a: Sinistcha
|-supereffective|p1a: Sinistcha
|-damage|p1a: Sinistcha|38/100
|move|p1a: Sinistcha|Matcha Gotcha|p2a: Iron Treads
|-damage|p2a: Iron Treads|29/100
|-heal|p1a: Sinistcha|70/100|[from] drain|[of] p2a: Iron Treads
|
|-heal|p2a: Iron Treads|35/100|[from] item: Leftovers
|upkeep
|turn|23
|
|t:|1743789609
|move|p2a: Iron Treads|Earthquake|p1a: Sinistcha
|-supereffective|p1a: Sinistcha
|-damage|p1a: Sinistcha|7/100
|move|p1a: Sinistcha|Strength Sap|p2a: Iron Treads
|-unboost|p2a: Iron Treads|atk|1
|-heal|p1a: Sinistcha|99/100
|
|-heal|p2a: Iron Treads|41/100|[from] item: Leftovers
|upkeep
|turn|24
|
|t:|1743789613
|move|p2a: Iron Treads|Earthquake|p1a: Sinistcha
|-supereffective|p1a: Sinistcha
|-damage|p1a: Sinistcha|60/100
|move|p1a: Sinistcha|Matcha Gotcha|p2a: Iron Treads
|-damage|p2a: Iron Treads|0 fnt
|-heal|p1a: Sinistcha|79/100|[from] drain|[of] p2a: Iron Treads
|faint|p2a: Iron Treads
|-end|p2a: Iron Treads|Quark Drive|[silent]
|
|upkeep
|
|t:|1743789617
|switch|p2a: shouting planet|Dragonite, F|71/100
|turn|25
|
|t:|1743789621
|-terastallize|p2a: shouting planet|Fire
|move|p2a: shouting planet|Dragon Dance|p2a: shouting planet
|-boost|p2a: shouting planet|atk|1
|-boost|p2a: shouting planet|spe|1
|move|p1a: Sinistcha|Shadow Ball|p2a: shouting planet
|-damage|p2a: shouting planet|22/100
|-unboost|p2a: shouting planet|spd|1
|
|upkeep
|turn|26
|
|t:|1743789623
|move|p2a: shouting planet|Earthquake|p1a: Sinistcha
|-supereffective|p1a: Sinistcha
|-damage|p1a: Sinistcha|0 fnt
|faint|p1a: Sinistcha
|
|upkeep
|
|t:|1743789626
|switch|p1a: Keldeo|Keldeo-Resolute|100/100
|turn|27
|
|t:|1743789630
|move|p1a: Keldeo|Vacuum Wave|p2a: shouting planet
|-damage|p2a: shouting planet|0 fnt
|faint|p2a: shouting planet
|
|upkeep
|
|t:|1743789632
|switch|p2a: Weavile|Weavile, F|46/100
|-ability|p2a: Weavile|Pressure
|turn|28
|c|☆nhg445|gg
|
|t:|1743789636
|move|p1a: Keldeo|Vacuum Wave|p2a: Weavile
|-supereffective|p2a: Weavile
|-damage|p2a: Weavile|0 fnt
|faint|p2a: Weavile
|
|win|Bum_Muncha
|raw|Bum_Muncha's rating: 1676 &rarr; <strong>1695</strong><br />(+19 for winning)
|raw|nhg445's rating: 1664 &rarr; <strong>1645</strong><br />(-19 for losing)
|j| Undenuen
|l|☆Bum_Muncha
|player|p1|
|l| Undenuen
|l| diaodeyibi12345
|l|☆nhg445
|player|p2|
