|j|☆the guy245
|j|☆SameReborn
|t:|1743780087
|gametype|singles
|player|p1|the guy245|volkner|1343
|player|p2|SameReborn|swimmerf-gen4|1366
|teamsize|p1|6
|teamsize|p2|6
|gen|9
|tier|[Gen 9] OU
|rated|
|rule|HP Percentage Mod: HP is shown in percentages
|rule|Endless Battle Clause: Forcing endless battles is banned
|rule|Species Clause: Limit one of each Pokémon
|rule|OHKO Clause: OHKO moves are banned
|rule|Evasion Items Clause: Evasion items are banned
|rule|Evasion Moves Clause: Evasion moves are banned
|rule|Sleep Moves Clause: Sleep-inducing moves are banned
|clearpoke
|poke|p1|Electrode-Hisui|
|poke|p1|Samurott-Hisui, F|
|poke|p1|Hydreigon, F|
|poke|p1|Great Tusk|
|poke|p1|Sinistcha-Masterpiece|
|poke|p1|Kingambit, M|
|poke|p2|Zamazenta-*|
|poke|p2|Scizor, F|
|poke|p2|Toxapex, F|
|poke|p2|Sinistcha|
|poke|p2|Clefable, M|
|poke|p2|Samurott-Hisui, M|
|teampreview
|inactive|Battle timer is ON: inactive players will automatically lose when time's up. (requested by SameReborn)
|
|t:|1743780096
|start
|switch|p1a: Samurott|Samurott-Hisui, F|100/100
|switch|p2a: Clefable|Clefable, M|100/100
|turn|1
|
|t:|1743780100
|move|p1a: Samurott|Ceaseless Edge|p2a: Clefable
|-resisted|p2a: Clefable
|-damage|p2a: Clefable|78/100
|-sidestart|p2: SameReborn|Spikes
|move|p2a: Clefable|Moonblast|p1a: Samurott
|-supereffective|p1a: Samurott
|-enditem|p1a: Samurott|Focus Sash
|-damage|p1a: Samurott|1/100
|-unboost|p1a: Samurott|spa|1
|
|upkeep
|turn|2
|
|t:|1743780106
|move|p1a: Samurott|Razor Shell|p2a: Clefable
|-damage|p2a: Clefable|24/100
|move|p2a: Clefable|Moonblast|p1a: Samurott
|-supereffective|p1a: Samurott
|-damage|p1a: Samurott|0 fnt
|faint|p1a: Samurott
|
|upkeep
|
|t:|1743780112
|switch|p1a: The Baller|Electrode-Hisui|100/100
|turn|3
|
|t:|1743780115
|move|p1a: The Baller|Volt Switch|p2a: Clefable
|-damage|p2a: Clefable|0 fnt
|faint|p2a: Clefable
|-damage|p1a: The Baller|91/100|[from] item: Life Orb
|
|t:|1743780125
|switch|p1a: Hydreigon|Hydreigon, F|100/100|[from] Volt Switch
|
|upkeep
|
|t:|1743780129
|switch|p2a: Scizor|Scizor, F|100/100
|turn|4
|
|t:|1743780133
|move|p1a: Hydreigon|Fire Blast|p2a: Scizor
|-supereffective|p2a: Scizor
|-damage|p2a: Scizor|0 fnt
|faint|p2a: Scizor
|
|upkeep
|
|t:|1743780136
|switch|p2a: Zamazenta|Zamazenta|100/100
|-damage|p2a: Zamazenta|88/100|[from] Spikes
|-ability|p2a: Zamazenta|Dauntless Shield|boost
|-boost|p2a: Zamazenta|def|1
|turn|5
|
|t:|1743780141
|switch|p1a: Sinistcha|Sinistcha-Masterpiece|100/100
|move|p2a: Zamazenta|Body Press|p1a: Sinistcha
|-immune|p1a: Sinistcha
|
|upkeep
|turn|6
|
|t:|1743780147
|switch|p2a: Samurott|Samurott-Hisui, M|100/100
|-damage|p2a: Samurott|88/100|[from] Spikes
|move|p1a: Sinistcha|Matcha Gotcha|p2a: Samurott
|-supereffective|p2a: Samurott
|-damage|p2a: Samurott|0 fnt
|faint|p2a: Samurott
|
|upkeep
|
|t:|1743780152
|switch|p2a: Sinistcha|Sinistcha|100/100
|-damage|p2a: Sinistcha|88/100|[from] Spikes
|turn|7
|
|t:|1743780160
|move|p2a: Sinistcha|Hex|p1a: Sinistcha
|-supereffective|p1a: Sinistcha
|-damage|p1a: Sinistcha|23/100
|move|p1a: Sinistcha|Calm Mind|p1a: Sinistcha
|-boost|p1a: Sinistcha|spa|1
|-boost|p1a: Sinistcha|spd|1
|
|upkeep
|turn|8
|
|t:|1743780163
|move|p2a: Sinistcha|Hex|p1a: Sinistcha
|-supereffective|p1a: Sinistcha
|-damage|p1a: Sinistcha|0 fnt
|faint|p1a: Sinistcha
|
|upkeep
|
|t:|1743780166
|switch|p1a: Kingambit|Kingambit, M, shiny|100/100
|-activate|p1a: Kingambit|ability: Supreme Overlord
|-start|p1a: Kingambit|fallen2|[silent]
|turn|9
|
|t:|1743780173
|switch|p2a: Zamazenta|Zamazenta|88/100
|-damage|p2a: Zamazenta|76/100|[from] Spikes
|move|p1a: Kingambit|Kowtow Cleave|p2a: Zamazenta
|-resisted|p2a: Zamazenta
|-damage|p2a: Zamazenta|48/100
|
|upkeep
|turn|10
|
|t:|1743780183
|-end|p1a: Kingambit|fallen2|[silent]
|switch|p1a: Great Tusk|Great Tusk|100/100
|-enditem|p1a: Great Tusk|Booster Energy
|-activate|p1a: Great Tusk|ability: Protosynthesis|[fromitem]
|-start|p1a: Great Tusk|protosynthesisatk
|move|p2a: Zamazenta|Body Press|p1a: Great Tusk
|-damage|p1a: Great Tusk|75/100
|
|upkeep
|turn|11
|
|t:|1743780187
|move|p2a: Zamazenta|Iron Defense|p2a: Zamazenta
|-boost|p2a: Zamazenta|def|2
|move|p1a: Great Tusk|Rapid Spin|p2a: Zamazenta
|-damage|p2a: Zamazenta|39/100
|-boost|p1a: Great Tusk|spe|1
|
|upkeep
|turn|12
|
|t:|1743780190
|move|p1a: Great Tusk|Headlong Rush|p2a: Zamazenta
|-damage|p2a: Zamazenta|7/100
|-unboost|p1a: Great Tusk|def|1
|-unboost|p1a: Great Tusk|spd|1
|move|p2a: Zamazenta|Rest|p2a: Zamazenta
|-status|p2a: Zamazenta|slp|[from] move: Rest
|-enditem|p2a: Zamazenta|Lum Berry|[eat]
|-curestatus|p2a: Zamazenta|slp|[msg]
|-heal|p2a: Zamazenta|100/100|[silent]
|
|upkeep
|turn|13
|
|t:|1743780195
|move|p1a: Great Tusk|Headlong Rush|p2a: Zamazenta
|-damage|p2a: Zamazenta|70/100
|-unboost|p1a: Great Tusk|def|1
|-unboost|p1a: Great Tusk|spd|1
|move|p2a: Zamazenta|Iron Defense|p2a: Zamazenta
|-boost|p2a: Zamazenta|def|2
|
|upkeep
|turn|14
|
|t:|1743780198
|move|p1a: Great Tusk|Headlong Rush|p2a: Zamazenta
|-damage|p2a: Zamazenta|48/100
|-unboost|p1a: Great Tusk|def|1
|-unboost|p1a: Great Tusk|spd|1
|move|p2a: Zamazenta|Body Press|p1a: Great Tusk
|-damage|p1a: Great Tusk|0 fnt
|faint|p1a: Great Tusk
|-end|p1a: Great Tusk|Protosynthesis|[silent]
|
|upkeep
|
|t:|1743780203
|switch|p1a: The Baller|Electrode-Hisui|91/100
|turn|15
|
|t:|1743780208
|switch|p2a: Sinistcha|Sinistcha|88/100
|-damage|p2a: Sinistcha|76/100|[from] Spikes
|move|p1a: The Baller|Energy Ball|p2a: Sinistcha
|-resisted|p2a: Sinistcha
|-damage|p2a: Sinistcha|51/100
|-damage|p1a: The Baller|81/100|[from] item: Life Orb
|
|upkeep
|turn|16
|
|t:|1743780214
|switch|p2a: Zamazenta|Zamazenta|48/100
|-damage|p2a: Zamazenta|36/100|[from] Spikes
|-terastallize|p1a: The Baller|Ice
|move|p1a: The Baller|Tera Blast|p2a: Zamazenta|[anim] Tera Blast Ice
|-damage|p2a: Zamazenta|0 fnt
|faint|p2a: Zamazenta
|-damage|p1a: The Baller|71/100|[from] item: Life Orb
|
|upkeep
|
|t:|1743780216
|switch|p2a: Toxapex|Toxapex, F|100/100
|-damage|p2a: Toxapex|88/100|[from] Spikes
|turn|17
|
|t:|1743780223
|-terastallize|p2a: Toxapex|Ice
|move|p1a: The Baller|Volt Switch|p2a: Toxapex
|-damage|p2a: Toxapex|61/100
|-damage|p1a: The Baller|61/100|[from] item: Life Orb
|
|t:|1743780229
|switch|p1a: Kingambit|Kingambit, M, shiny|100/100|[from] Volt Switch
|-activate|p1a: Kingambit|ability: Supreme Overlord
|-start|p1a: Kingambit|fallen3|[silent]
|move|p2a: Toxapex|Ice Beam|p1a: Kingambit
|-resisted|p1a: Kingambit
|-damage|p1a: Kingambit|80/100
|-damage|p2a: Toxapex|51/100|[from] item: Life Orb
|
|upkeep
|turn|18
|
|t:|1743780241
|move|p1a: Kingambit|Kowtow Cleave|p2a: Toxapex
|-damage|p2a: Toxapex|0 fnt
|faint|p2a: Toxapex
|
|upkeep
|-message|SameReborn forfeited.
|
|win|the guy245
|raw|the guy245's rating: 1343 &rarr; <strong>1364</strong><br />(+21 for winning)
|raw|SameReborn's rating: 1366 &rarr; <strong>1345</strong><br />(-21 for losing)
|l|☆SameReborn
|player|p2|
|c|☆the guy245|gg
|l|☆the guy245
|player|p1|
