|j|☆jgtyfkyk
|j|☆nocta_dz
|t:|1743862586
|gametype|singles
|player|p1|jgtyfkyk|101|1106
|player|p2|nocta_dz|hilbert|1151
|teamsize|p1|6
|teamsize|p2|6
|gen|9
|tier|[Gen 9] OU
|rated|
|rule|HP Percentage Mod: HP is shown in percentages
|rule|Endless Battle Clause: Forcing endless battles is banned
|rule|Species Clause: Limit one of each Pokémon
|rule|OHKO Clause: OHKO moves are banned
|rule|Evasion Items Clause: Evasion items are banned
|rule|Evasion Moves Clause: Evasion moves are banned
|rule|Sleep Moves Clause: Sleep-inducing moves are banned
|clearpoke
|poke|p1|Breloom, F|
|poke|p1|Iron Hands|
|poke|p1|Blaziken, F|
|poke|p1|Cobalion|
|poke|p1|Keldeo-Resolute|
|poke|p1|Hitmontop, M|
|poke|p2|Tyranitar, F|
|poke|p2|Excadrill, F|
|poke|p2|Ogerpon-Cornerstone, F|
|poke|p2|Dragapult, M|
|poke|p2|Moltres|
|poke|p2|Corviknight, M|
|teampreview
|
|t:|1743862597
|start
|switch|p1a: Cobalion|Cobalion|100/100
|switch|p2a: Tyranitar|Tyranitar, F, shiny|100/100
|-weather|Sandstorm|[from] ability: Sand Stream|[of] p2a: Tyranitar
|turn|1
|
|t:|1743862603
|move|p1a: Cobalion|Stealth Rock|p2a: Tyranitar
|-sidestart|p2: nocta_dz|move: Stealth Rock
|move|p2a: Tyranitar|Stealth Rock|p1a: Cobalion
|-sidestart|p1: jgtyfkyk|move: Stealth Rock
|
|-weather|Sandstorm|[upkeep]
|upkeep
|turn|2
|
|t:|1743862608
|move|p1a: Cobalion|Body Press|p2a: Tyranitar
|-supereffective|p2a: Tyranitar
|-damage|p2a: Tyranitar|0 fnt
|faint|p2a: Tyranitar
|
|-weather|Sandstorm|[upkeep]
|upkeep
|
|t:|1743862622
|switch|p2a: Corviknight|Corviknight, M, shiny|100/100
|-damage|p2a: Corviknight|88/100|[from] Stealth Rock
|-ability|p2a: Corviknight|Pressure
|turn|3
|
|t:|1743862627
|move|p1a: Cobalion|Volt Switch|p2a: Corviknight
|-supereffective|p2a: Corviknight
|-damage|p2a: Corviknight|70/100
|
|t:|1743862633
|switch|p1a: Iron Hands|Iron Hands|100/100|[from] Volt Switch
|-damage|p1a: Iron Hands|94/100|[from] Stealth Rock
|move|p2a: Corviknight|Brave Bird|p1a: Iron Hands
|-damage|p1a: Iron Hands|70/100
|-damage|p2a: Corviknight|59/100|[from] Recoil
|
|-weather|Sandstorm|[upkeep]
|-damage|p1a: Iron Hands|64/100|[from] Sandstorm
|-heal|p2a: Corviknight|65/100|[from] item: Leftovers
|upkeep
|turn|4
|
|t:|1743862642
|move|p2a: Corviknight|Defog|p1a: Iron Hands
|-unboost|p1a: Iron Hands|evasion|1
|-sideend|p1: jgtyfkyk|Stealth Rock|[from] move: Defog|[of] p2a: Corviknight
|-sideend|p2: nocta_dz|Stealth Rock|[from] move: Defog|[of] p2a: Corviknight
|move|p1a: Iron Hands|Substitute|p1a: Iron Hands
|-start|p1a: Iron Hands|Substitute
|-damage|p1a: Iron Hands|39/100
|
|-weather|Sandstorm|[upkeep]
|-damage|p1a: Iron Hands|33/100|[from] Sandstorm
|-heal|p2a: Corviknight|71/100|[from] item: Leftovers
|upkeep
|turn|5
|
|t:|1743862648
|switch|p2a: Dragapult|Dragapult, M, shiny|100/100
|move|p1a: Iron Hands|Drain Punch|p2a: Dragapult
|-immune|p2a: Dragapult
|
|-weather|Sandstorm|[upkeep]
|-damage|p2a: Dragapult|95/100|[from] Sandstorm
|-damage|p1a: Iron Hands|27/100|[from] Sandstorm
|upkeep
|turn|6
|
|t:|1743862651
|move|p2a: Dragapult|Draco Meteor|p1a: Iron Hands
|-damage|p1a: Iron Hands|0 fnt
|-unboost|p2a: Dragapult|spa|2
|faint|p1a: Iron Hands
|-end|p1a: Iron Hands|Quark Drive|[silent]
|
|-weather|Sandstorm|[upkeep]
|-damage|p2a: Dragapult|89/100|[from] Sandstorm
|upkeep
|
|t:|1743862656
|switch|p1a: Cobalion|Cobalion|100/100
|turn|7
|
|t:|1743862660
|move|p2a: Dragapult|Draco Meteor|p1a: Cobalion
|-resisted|p1a: Cobalion
|-damage|p1a: Cobalion|77/100
|-unboost|p2a: Dragapult|spa|2
|move|p1a: Cobalion|Stealth Rock|p2a: Dragapult
|-sidestart|p2: nocta_dz|move: Stealth Rock
|
|-weather|Sandstorm|[upkeep]
|-damage|p2a: Dragapult|83/100|[from] Sandstorm
|upkeep
|turn|8
|
|t:|1743862670
|switch|p2a: Corviknight|Corviknight, M, shiny|71/100
|-damage|p2a: Corviknight|59/100|[from] Stealth Rock
|-ability|p2a: Corviknight|Pressure
|move|p1a: Cobalion|Volt Switch|p2a: Corviknight
|-supereffective|p2a: Corviknight
|-damage|p2a: Corviknight|38/100
|
|t:|1743862674
|switch|p1a: Keldeo|Keldeo-Resolute|100/100|[from] Volt Switch
|
|-weather|none
|-heal|p2a: Corviknight|44/100|[from] item: Leftovers
|upkeep
|turn|9
|
|t:|1743862679
|move|p1a: Keldeo|Surf|p2a: Corviknight
|-damage|p2a: Corviknight|0 fnt
|faint|p2a: Corviknight
|
|upkeep
|
|t:|1743862683
|switch|p2a: Ogerpon|Ogerpon-Cornerstone, F|100/100
|-damage|p2a: Ogerpon|88/100|[from] Stealth Rock
|turn|10
|
|t:|1743862687
|move|p2a: Ogerpon|Power Whip|p1a: Keldeo
|-supereffective|p1a: Keldeo
|-damage|p1a: Keldeo|0 fnt
|faint|p1a: Keldeo
|
|upkeep
|
|t:|1743862691
|switch|p1a: Breloom|Breloom, F|100/100
|turn|11
|
|t:|1743862698
|switch|p2a: Moltres|Moltres, shiny|100/100
|move|p1a: Breloom|Close Combat|p2a: Moltres
|-resisted|p2a: Moltres
|-damage|p2a: Moltres|66/100
|-unboost|p1a: Breloom|def|1
|-unboost|p1a: Breloom|spd|1
|
|upkeep
|turn|12
|
|t:|1743862703
|switch|p1a: Blaziken|Blaziken, F|100/100
|move|p2a: Moltres|Flamethrower|p1a: Blaziken
|-resisted|p1a: Blaziken
|-damage|p1a: Blaziken|72/100
|
|upkeep
|turn|13
|
|t:|1743862710
|move|p1a: Blaziken|Flamethrower|p2a: Moltres
|-resisted|p2a: Moltres
|-damage|p2a: Moltres|45/100
|-damage|p1a: Blaziken|62/100|[from] item: Life Orb
|move|p2a: Moltres|Flamethrower|p1a: Blaziken
|-resisted|p1a: Blaziken
|-damage|p1a: Blaziken|35/100
|
|-ability|p1a: Blaziken|Speed Boost|boost
|-boost|p1a: Blaziken|spe|1
|upkeep
|turn|14
|
|t:|1743862716
|move|p1a: Blaziken|Flamethrower|p2a: Moltres
|-resisted|p2a: Moltres
|-crit|p2a: Moltres
|-damage|p2a: Moltres|11/100
|-damage|p1a: Blaziken|25/100|[from] item: Life Orb
|move|p2a: Moltres|Flamethrower|p1a: Blaziken
|-resisted|p1a: Blaziken
|-crit|p1a: Blaziken
|-damage|p1a: Blaziken|0 fnt
|faint|p1a: Blaziken
|
|upkeep
|
|t:|1743862722
|switch|p1a: Cobalion|Cobalion|77/100
|turn|15
|
|t:|1743862728
|move|p1a: Cobalion|Volt Switch|p2a: Moltres
|-supereffective|p2a: Moltres
|-damage|p2a: Moltres|0 fnt
|faint|p2a: Moltres
|
|t:|1743862733
|switch|p1a: Hitmontop|Hitmontop, M|100/100|[from] Volt Switch
|
|upkeep
|
|t:|1743862739
|switch|p2a: Dragapult|Dragapult, M, shiny|83/100
|-damage|p2a: Dragapult|70/100|[from] Stealth Rock
|turn|16
|
|t:|1743862746
|move|p1a: Hitmontop|Bullet Punch|p2a: Dragapult
|-damage|p2a: Dragapult|46/100
|move|p2a: Dragapult|Flamethrower|p1a: Hitmontop
|-damage|p1a: Hitmontop|61/100
|
|upkeep
|turn|17
|
|t:|1743862750
|-terastallize|p2a: Dragapult|Fairy
|move|p2a: Dragapult|Flamethrower|p1a: Hitmontop
|-damage|p1a: Hitmontop|21/100
|move|p1a: Hitmontop|Bulldoze|p2a: Dragapult
|-damage|p2a: Dragapult|13/100
|-unboost|p2a: Dragapult|spe|1
|
|upkeep
|turn|18
|
|t:|1743862758
|move|p1a: Hitmontop|Bullet Punch|p2a: Dragapult
|-supereffective|p2a: Dragapult
|-damage|p2a: Dragapult|0 fnt
|faint|p2a: Dragapult
|
|upkeep
|
|t:|1743862763
|switch|p2a: Ogerpon|Ogerpon-Cornerstone, F|88/100
|-damage|p2a: Ogerpon|76/100|[from] Stealth Rock
|turn|19
|
|t:|1743862769
|switch|p1a: Cobalion|Cobalion|77/100
|move|p2a: Ogerpon|Power Whip|p1a: Cobalion
|-resisted|p1a: Cobalion
|-damage|p1a: Cobalion|52/100
|-damage|p2a: Ogerpon|59/100|[from] item: Rocky Helmet|[of] p1a: Cobalion
|
|upkeep
|turn|20
|
|t:|1743862776
|move|p2a: Ogerpon|Ivy Cudgel|p1a: Cobalion|[anim] Ivy Cudgel Rock
|-resisted|p1a: Cobalion
|-damage|p1a: Cobalion|41/100
|move|p1a: Cobalion|Body Press|p2a: Ogerpon
|-supereffective|p2a: Ogerpon
|-damage|p2a: Ogerpon|0 fnt
|faint|p2a: Ogerpon
|
|upkeep
|
|t:|1743862778
|switch|p2a: Excadrill|Excadrill, F, shiny|100/100
|-damage|p2a: Excadrill|97/100|[from] Stealth Rock
|turn|21
|
|t:|1743862784
|move|p1a: Cobalion|Body Press|p2a: Excadrill
|-supereffective|p2a: Excadrill
|-damage|p2a: Excadrill|0 fnt
|faint|p2a: Excadrill
|
|win|jgtyfkyk
|raw|jgtyfkyk's rating: 1106 &rarr; <strong>1134</strong><br />(+28 for winning)
|raw|nocta_dz's rating: 1151 &rarr; <strong>1123</strong><br />(-28 for losing)
|l|☆jgtyfkyk
|player|p1|
|l|☆nocta_dz
|player|p2|
