|j|☆teamskullenoxa
|j|☆Lucwasz
|t:|1743889574
|gametype|singles
|player|p1|teamskullenoxa|1|1716
|player|p2|Lucwasz|1|1637
|teamsize|p1|6
|teamsize|p2|6
|gen|9
|tier|[Gen 9] OU
|rated|
|rule|HP Percentage Mod: HP is shown in percentages
|rule|Endless Battle Clause: Forcing endless battles is banned
|rule|Species Clause: Limit one of each Pokémon
|rule|OHKO Clause: OHKO moves are banned
|rule|Evasion Items Clause: Evasion items are banned
|rule|Evasion Moves Clause: Evasion moves are banned
|rule|Sleep Moves Clause: Sleep-inducing moves are banned
|clearpoke
|poke|p1|Typhlosion-Hisui, M|
|poke|p1|Hatterene, F|
|poke|p1|Torkoal, M|
|poke|p1|Lilligant-Hisui, F|
|poke|p1|Landorus-Therian, M|
|poke|p1|Walking Wake|
|poke|p2|Garganacl, M|
|poke|p2|Weezing-Galar, F|
|poke|p2|Corviknight, M|
|poke|p2|Dragapult, M|
|poke|p2|Slowking-Galar, M|
|poke|p2|Samurott-Hisui, F|
|teampreview
|
|t:|1743889587
|start
|switch|p1a: Landorus|Landorus-Therian, M|100/100
|switch|p2a: Samurott|Samurott-Hisui, F|100/100
|-ability|p1a: Landorus|Intimidate|boost
|-unboost|p2a: Samurott|atk|1
|turn|1
|
|t:|1743889590
|move|p1a: Landorus|U-turn|p2a: Samurott
|-supereffective|p2a: Samurott
|-damage|p2a: Samurott|37/100
|
|t:|1743889593
|switch|p1a: Lilligant|Lilligant-Hisui, F|100/100|[from] U-turn
|move|p2a: Samurott|Flip Turn|p1a: Lilligant
|-resisted|p1a: Lilligant
|-damage|p1a: Lilligant|86/100
|
|t:|1743889596
|switch|p2a: Dragapult|Dragapult, M|100/100|[from] Flip Turn
|
|upkeep
|turn|2
|
|t:|1743889600
|switch|p1a: Torkoal|Torkoal, M|100/100
|-weather|SunnyDay|[from] ability: Drought|[of] p1a: Torkoal
|move|p2a: Dragapult|U-turn|p1a: Torkoal
|-resisted|p1a: Torkoal
|-damage|p1a: Torkoal|91/100
|
|t:|1743889606
|switch|p2a: Samurott|Samurott-Hisui, F|37/100|[from] U-turn
|
|-weather|SunnyDay|[upkeep]
|upkeep
|turn|3
|
|t:|1743889609
|move|p2a: Samurott|Ceaseless Edge|p1a: Torkoal
|-damage|p1a: Torkoal|60/100
|-sidestart|p1: teamskullenoxa|Spikes
|move|p1a: Torkoal|Body Press|p2a: Samurott
|-supereffective|p2a: Samurott
|-damage|p2a: Samurott|0 fnt
|faint|p2a: Samurott
|
|-weather|SunnyDay|[upkeep]
|upkeep
|
|t:|1743889613
|switch|p2a: Garganacl|Garganacl, M|100/100
|turn|4
|
|t:|1743889616
|move|p2a: Garganacl|Protect|p2a: Garganacl
|-singleturn|p2a: Garganacl|Protect
|move|p1a: Torkoal|Rapid Spin|p2a: Garganacl
|-activate|p2a: Garganacl|move: Protect
|
|-weather|SunnyDay|[upkeep]
|upkeep
|turn|5
|
|t:|1743889622
|move|p2a: Garganacl|Salt Cure|p1a: Torkoal
|-supereffective|p1a: Torkoal
|-damage|p1a: Torkoal|37/100
|-start|p1a: Torkoal|Salt Cure
|move|p1a: Torkoal|Rapid Spin|p2a: Garganacl
|-resisted|p2a: Garganacl
|-damage|p2a: Garganacl|97/100
|-boost|p1a: Torkoal|spe|1
|-sideend|p1: teamskullenoxa|Spikes|[from] move: Rapid Spin|[of] p1a: Torkoal
|
|-weather|SunnyDay|[upkeep]
|-heal|p2a: Garganacl|100/100|[from] item: Leftovers
|-damage|p1a: Torkoal|25/100|[from] Salt Cure
|upkeep
|turn|6
|
|t:|1743889625
|switch|p1a: Hatterene|Hatterene, F|100/100
|move|p2a: Garganacl|Stealth Rock|p1a: Hatterene
|move|p1a: Hatterene|Stealth Rock|p2a: Garganacl|[from] ability: Magic Bounce
|-sidestart|p2: Lucwasz|move: Stealth Rock
|
|-weather|SunnyDay|[upkeep]
|upkeep
|turn|7
|
|t:|1743889628
|move|p2a: Garganacl|Protect|p2a: Garganacl
|-singleturn|p2a: Garganacl|Protect
|move|p1a: Hatterene|Psychic Noise|p2a: Garganacl
|-activate|p2a: Garganacl|move: Protect
|
|-weather|SunnyDay|[upkeep]
|upkeep
|turn|8
|
|t:|1743889631
|move|p1a: Hatterene|Psychic Noise|p2a: Garganacl
|-damage|p2a: Garganacl|77/100
|-start|p2a: Garganacl|move: Heal Block
|move|p2a: Garganacl|Salt Cure|p1a: Hatterene
|-damage|p1a: Hatterene|87/100
|-start|p1a: Hatterene|Salt Cure
|-enditem|p1a: Hatterene|Eject Button
|
|t:|1743889642
|switch|p1a: Lilligant|Lilligant-Hisui, F|86/100
|
|-weather|SunnyDay|[upkeep]
|upkeep
|turn|9
|
|t:|1743889645
|move|p2a: Garganacl|Protect|p2a: Garganacl
|-singleturn|p2a: Garganacl|Protect
|move|p1a: Lilligant|Victory Dance|p1a: Lilligant
|-boost|p1a: Lilligant|atk|1
|-boost|p1a: Lilligant|def|1
|-boost|p1a: Lilligant|spe|1
|
|-weather|none
|-end|p2a: Garganacl|move: Heal Block
|upkeep
|turn|10
|
|t:|1743889649
|-terastallize|p2a: Garganacl|Fairy
|move|p1a: Lilligant|Close Combat|p2a: Garganacl
|-resisted|p2a: Garganacl
|-damage|p2a: Garganacl|50/100
|-unboost|p1a: Lilligant|def|1
|-unboost|p1a: Lilligant|spd|1
|move|p2a: Garganacl|Salt Cure|p1a: Lilligant
|-resisted|p1a: Lilligant
|-damage|p1a: Lilligant|77/100
|-start|p1a: Lilligant|Salt Cure
|
|-heal|p2a: Garganacl|56/100|[from] item: Leftovers
|-damage|p1a: Lilligant|64/100|[from] Salt Cure
|upkeep
|turn|11
|
|t:|1743889655
|switch|p1a: Hatterene|Hatterene, F|87/100
|move|p2a: Garganacl|Recover|p2a: Garganacl
|-heal|p2a: Garganacl|100/100
|
|upkeep
|turn|12
|
|t:|1743889657
|move|p1a: Hatterene|Psychic Noise|p2a: Garganacl
|-damage|p2a: Garganacl|78/100
|-start|p2a: Garganacl|move: Heal Block
|move|p2a: Garganacl|Salt Cure|p1a: Hatterene
|-damage|p1a: Hatterene|73/100
|-start|p1a: Hatterene|Salt Cure
|
|-damage|p1a: Hatterene|60/100|[from] Salt Cure
|upkeep
|turn|13
|
|t:|1743889663
|switch|p2a: Slowking|Slowking-Galar, M|100/100
|-damage|p2a: Slowking|88/100|[from] Stealth Rock
|move|p1a: Hatterene|Dazzling Gleam|p2a: Slowking
|-resisted|p2a: Slowking
|-damage|p2a: Slowking|81/100
|
|-damage|p1a: Hatterene|48/100|[from] Salt Cure
|upkeep
|turn|14
|
|t:|1743889674
|move|p1a: Hatterene|Nuzzle|p2a: Slowking
|-damage|p2a: Slowking|77/100
|-status|p2a: Slowking|par
|move|p2a: Slowking|Sludge Bomb|p1a: Hatterene
|-supereffective|p1a: Hatterene
|-crit|p1a: Hatterene
|-damage|p1a: Hatterene|0 fnt
|faint|p1a: Hatterene
|
|upkeep
|
|t:|1743889682
|switch|p1a: Landorus|Landorus-Therian, M|100/100
|-ability|p1a: Landorus|Intimidate|boost
|-unboost|p2a: Slowking|atk|1
|turn|15
|
|t:|1743889684
|switch|p2a: Corviknight|Corviknight, M|100/100
|-damage|p2a: Corviknight|88/100|[from] Stealth Rock
|-ability|p2a: Corviknight|Pressure
|move|p1a: Landorus|U-turn|p2a: Corviknight
|-resisted|p2a: Corviknight
|-damage|p2a: Corviknight|84/100
|-damage|p1a: Landorus|84/100|[from] item: Rocky Helmet|[of] p2a: Corviknight
|
|t:|1743889688
|switch|p1a: Typhlosion|Typhlosion-Hisui, M|100/100|[from] U-turn
|
|upkeep
|turn|16
|
|t:|1743889692
|switch|p2a: Slowking|Slowking-Galar, M|100/100 par
|-damage|p2a: Slowking|88/100 par|[from] Stealth Rock
|-terastallize|p1a: Typhlosion|Fire
|move|p1a: Typhlosion|Eruption|p2a: Slowking
|-damage|p2a: Slowking|45/100 par
|
|upkeep
|turn|17
|
|t:|1743889703
|switch|p1a: Landorus|Landorus-Therian, M|84/100
|-ability|p1a: Landorus|Intimidate|boost
|-unboost|p2a: Slowking|atk|1
|move|p2a: Slowking|Psychic Noise|p1a: Landorus
|-damage|p1a: Landorus|46/100
|-start|p1a: Landorus|move: Heal Block
|
|upkeep
|turn|18
|
|t:|1743889710
|switch|p2a: Corviknight|Corviknight, M|84/100
|-damage|p2a: Corviknight|72/100|[from] Stealth Rock
|-ability|p2a: Corviknight|Pressure
|move|p1a: Landorus|U-turn|p2a: Corviknight
|-resisted|p2a: Corviknight
|-damage|p2a: Corviknight|68/100
|-damage|p1a: Landorus|29/100|[from] item: Rocky Helmet|[of] p2a: Corviknight
|
|t:|1743889713
|switch|p1a: Typhlosion|Typhlosion-Hisui, M, tera:Fire|100/100|[from] U-turn
|
|upkeep
|turn|19
|
|t:|1743889715
|switch|p2a: Slowking|Slowking-Galar, M|79/100 par
|-damage|p2a: Slowking|66/100 par|[from] Stealth Rock
|move|p1a: Typhlosion|Eruption|p2a: Slowking
|-damage|p2a: Slowking|22/100 par
|
|upkeep
|turn|20
|
|t:|1743889718
|move|p1a: Typhlosion|Eruption|p2a: Slowking
|-damage|p2a: Slowking|0 fnt
|faint|p2a: Slowking
|
|upkeep
|
|t:|1743889729
|switch|p2a: Garganacl|Garganacl, M, tera:Fairy|78/100
|-damage|p2a: Garganacl|66/100|[from] Stealth Rock
|turn|21
|
|t:|1743889733
|move|p2a: Garganacl|Protect|p2a: Garganacl
|-singleturn|p2a: Garganacl|Protect
|move|p1a: Typhlosion|Eruption|p2a: Garganacl
|-activate|p2a: Garganacl|move: Protect
|
|-heal|p2a: Garganacl|72/100|[from] item: Leftovers
|upkeep
|turn|22
|
|t:|1743889743
|move|p1a: Typhlosion|Eruption|p2a: Garganacl
|-damage|p2a: Garganacl|0 fnt
|faint|p2a: Garganacl
|
|upkeep
|
|t:|1743889746
|switch|p2a: Dragapult|Dragapult, M|100/100
|turn|23
|
|t:|1743889751
|switch|p1a: Torkoal|Torkoal, M|25/100
|-weather|SunnyDay|[from] ability: Drought|[of] p1a: Torkoal
|move|p2a: Dragapult|Dragon Darts|p1a: Torkoal
|-damage|p1a: Torkoal|7/100
|-anim|p2a: Dragapult|Dragon Darts|p1a: Torkoal
|-damage|p1a: Torkoal|0 fnt
|faint|p1a: Torkoal
|
|-weather|SunnyDay|[upkeep]
|upkeep
|
|t:|1743889763
|switch|p1a: Typhlosion|Typhlosion-Hisui, M, tera:Fire|100/100
|turn|24
|
|t:|1743889767
|move|p1a: Typhlosion|Eruption|p2a: Dragapult
|-resisted|p2a: Dragapult
|-damage|p2a: Dragapult|0 fnt
|faint|p2a: Dragapult
|
|-weather|SunnyDay|[upkeep]
|upkeep
|-message|Lucwasz forfeited.
|
|win|teamskullenoxa
|raw|teamskullenoxa's rating: 1716 &rarr; <strong>1732</strong><br />(+16 for winning)
|raw|Lucwasz's rating: 1637 &rarr; <strong>1621</strong><br />(-16 for losing)
|l|☆Lucwasz
|player|p2|
|l|☆teamskullenoxa
|player|p1|
