|j|☆jojosworld
|j|☆Naniel41
|t:|1743912975
|gametype|singles
|player|p1|jojosworld|bellelba|1376
|player|p2|Naniel41|266|1336
|teamsize|p1|6
|teamsize|p2|6
|gen|9
|tier|[Gen 9] OU
|rated|
|rule|HP Percentage Mod: HP is shown in percentages
|rule|Endless Battle Clause: Forcing endless battles is banned
|rule|Species Clause: Limit one of each Pokémon
|rule|OHKO Clause: OHKO moves are banned
|rule|Evasion Items Clause: Evasion items are banned
|rule|Evasion Moves Clause: Evasion moves are banned
|rule|Sleep Moves Clause: Sleep-inducing moves are banned
|clearpoke
|poke|p1|Corviknight, F|
|poke|p1|Great Tusk|
|poke|p1|Dragapult, F|
|poke|p1|Alomomola, F|
|poke|p1|Slowking-Galar, F|
|poke|p1|Meowscarada, M|
|poke|p2|Weezing-Galar, F|
|poke|p2|Dragapult, M|
|poke|p2|Gliscor, M|
|poke|p2|Garganacl, M|
|poke|p2|Moltres|
|poke|p2|Rotom-Wash|
|teampreview
|inactive|Battle timer is ON: inactive players will automatically lose when time's up. (requested by jojosworld)
|
|t:|1743912997
|start
|switch|p1a: Great Tusk|Great Tusk, shiny|100/100
|switch|p2a: Gliscor|Gliscor, M|100/100
|turn|1
|
|t:|1743913000
|move|p1a: Great Tusk|Ice Spinner|p2a: Gliscor
|-supereffective|p2a: Gliscor
|-damage|p2a: Gliscor|13/100
|move|p2a: Gliscor|Toxic|p1a: Great Tusk
|-status|p1a: Great Tusk|tox
|
|-damage|p1a: Great Tusk|94/100 tox|[from] psn
|-status|p2a: Gliscor|tox|[from] item: Toxic Orb
|upkeep
|turn|2
|
|t:|1743913007
|move|p2a: Gliscor|Protect|p2a: Gliscor
|-singleturn|p2a: Gliscor|Protect
|move|p1a: Great Tusk|Knock Off|p2a: Gliscor
|-activate|p2a: Gliscor|move: Protect
|
|-damage|p1a: Great Tusk|82/100 tox|[from] psn
|-heal|p2a: Gliscor|25/100 tox|[from] ability: Poison Heal
|upkeep
|turn|3
|
|t:|1743913016
|switch|p2a: Rotom|Rotom-Wash|100/100
|move|p1a: Great Tusk|Knock Off|p2a: Rotom
|-damage|p2a: Rotom|74/100
|-enditem|p2a: Rotom|Leftovers|[from] move: Knock Off|[of] p1a: Great Tusk
|
|-damage|p1a: Great Tusk|63/100 tox|[from] psn
|upkeep
|turn|4
|
|t:|1743913023
|-end|p1a: Great Tusk|Protosynthesis|[silent]
|switch|p1a: Slowking|Slowking-Galar, F, shiny|100/100
|move|p2a: Rotom|Volt Switch|p1a: Slowking
|-damage|p1a: Slowking|86/100
|
|t:|1743913029
|switch|p2a: Garganacl|Garganacl, M|100/100|[from] Volt Switch
|
|upkeep
|turn|5
|
|t:|1743913032
|move|p2a: Garganacl|Stealth Rock|p1a: Slowking
|-sidestart|p1: jojosworld|move: Stealth Rock
|move|p1a: Slowking|Future Sight|p2a: Garganacl
|-start|p1a: Slowking|move: Future Sight
|
|upkeep
|turn|6
|
|t:|1743913039
|move|p2a: Garganacl|Salt Cure|p1a: Slowking
|-damage|p1a: Slowking|73/100
|-start|p1a: Slowking|Salt Cure
|-prepare|p1a: Slowking|Chilly Reception|[premajor]
|move|p1a: Slowking|Chilly Reception|p1a: Slowking
|-weather|Snowscape
|
|t:|1743913042
|switch|p1a: Corviknight|Corviknight, F, shiny|100/100|[from] Chilly Reception
|-damage|p1a: Corviknight|88/100|[from] Stealth Rock
|-ability|p1a: Corviknight|Pressure
|
|-weather|Snowscape|[upkeep]
|upkeep
|turn|7
|
|t:|1743913048
|move|p1a: Corviknight|Defog|p2a: Garganacl
|-unboost|p2a: Garganacl|evasion|1
|-sideend|p1: jojosworld|Stealth Rock|[from] move: Defog|[of] p1a: Corviknight
|move|p2a: Garganacl|Salt Cure|p1a: Corviknight
|-damage|p1a: Corviknight|80/100
|-start|p1a: Corviknight|Salt Cure
|
|-weather|Snowscape|[upkeep]
|-end|p2a: Garganacl|move: Future Sight
|-damage|p2a: Garganacl|69/100
|-heal|p2a: Garganacl|75/100|[from] item: Leftovers
|-damage|p1a: Corviknight|56/100|[from] Salt Cure
|upkeep
|turn|8
|
|t:|1743913054
|switch|p1a: Slowking|Slowking-Galar, F, shiny|100/100
|move|p2a: Garganacl|Salt Cure|p1a: Slowking
|-damage|p1a: Slowking|87/100
|-start|p1a: Slowking|Salt Cure
|
|-weather|Snowscape|[upkeep]
|-heal|p2a: Garganacl|81/100|[from] item: Leftovers
|-damage|p1a: Slowking|75/100|[from] Salt Cure
|upkeep
|turn|9
|
|t:|1743913056
|move|p2a: Garganacl|Stealth Rock|p1a: Slowking
|-sidestart|p1: jojosworld|move: Stealth Rock
|move|p1a: Slowking|Future Sight|p2a: Garganacl
|-start|p1a: Slowking|move: Future Sight
|
|-weather|Snowscape|[upkeep]
|-heal|p2a: Garganacl|87/100|[from] item: Leftovers
|-damage|p1a: Slowking|62/100|[from] Salt Cure
|upkeep
|turn|10
|
|t:|1743913062
|switch|p2a: Weezing|Weezing-Galar, F|100/100
|-ability|p2a: Weezing|Neutralizing Gas
|-prepare|p1a: Slowking|Chilly Reception|[premajor]
|move|p1a: Slowking|Chilly Reception|p1a: Slowking
|
|t:|1743913065
|switch|p1a: Corviknight|Corviknight, F, shiny|56/100|[from] Chilly Reception
|-damage|p1a: Corviknight|43/100|[from] Stealth Rock
|
|-weather|none
|upkeep
|turn|11
|
|t:|1743913068
|-end|p2a: Weezing|ability: Neutralizing Gas
|-ability|p1a: Corviknight|Pressure
|switch|p2a: Garganacl|Garganacl, M|87/100
|move|p1a: Corviknight|Roost|p1a: Corviknight
|-heal|p1a: Corviknight|93/100
|-singleturn|p1a: Corviknight|move: Roost
|
|-end|p2a: Garganacl|move: Future Sight
|-damage|p2a: Garganacl|59/100
|-heal|p2a: Garganacl|65/100|[from] item: Leftovers
|upkeep
|turn|12
|
|t:|1743913074
|move|p1a: Corviknight|U-turn|p2a: Garganacl
|-damage|p2a: Garganacl|56/100
|
|t:|1743913075
|switch|p1a: Slowking|Slowking-Galar, F, shiny|62/100|[from] U-turn
|move|p2a: Garganacl|Salt Cure|p1a: Slowking
|-damage|p1a: Slowking|48/100
|-start|p1a: Slowking|Salt Cure
|
|-heal|p2a: Garganacl|62/100|[from] item: Leftovers
|-damage|p1a: Slowking|36/100|[from] Salt Cure
|upkeep
|turn|13
|
|t:|1743913082
|switch|p2a: Weezing|Weezing-Galar, F|100/100
|-ability|p2a: Weezing|Neutralizing Gas
|move|p1a: Slowking|Future Sight|p2a: Weezing
|-start|p1a: Slowking|move: Future Sight
|
|-damage|p1a: Slowking|24/100|[from] Salt Cure
|upkeep
|turn|14
|
|t:|1743913087
|move|p2a: Weezing|Will-O-Wisp|p1a: Slowking
|-status|p1a: Slowking|brn
|-prepare|p1a: Slowking|Chilly Reception|[premajor]
|move|p1a: Slowking|Chilly Reception|p1a: Slowking
|-weather|Snowscape
|
|t:|1743913094
|switch|p1a: Alomomola|Alomomola, F, shiny|100/100|[from] Chilly Reception
|-damage|p1a: Alomomola|88/100|[from] Stealth Rock
|
|-weather|Snowscape|[upkeep]
|upkeep
|turn|15
|
|t:|1743913099
|-end|p2a: Weezing|ability: Neutralizing Gas
|switch|p2a: Garganacl|Garganacl, M|62/100
|move|p1a: Alomomola|Flip Turn|p2a: Garganacl
|-supereffective|p2a: Garganacl
|-damage|p2a: Garganacl|42/100
|
|t:|1743913109
|switch|p1a: Meowscarada|Meowscarada, M, shiny|100/100|[from] Flip Turn
|-damage|p1a: Meowscarada|88/100|[from] Stealth Rock
|
|-weather|Snowscape|[upkeep]
|-end|p2a: Garganacl|move: Future Sight
|-damage|p2a: Garganacl|9/100
|-heal|p2a: Garganacl|16/100|[from] item: Leftovers
|upkeep
|turn|16
|
|t:|1743913116
|switch|p2a: Weezing|Weezing-Galar, F|100/100
|-ability|p2a: Weezing|Neutralizing Gas
|move|p1a: Meowscarada|Knock Off|p2a: Weezing
|-resisted|p2a: Weezing
|-damage|p2a: Weezing|78/100
|-enditem|p2a: Weezing|Black Sludge|[from] move: Knock Off|[of] p1a: Meowscarada
|
|-weather|Snowscape|[upkeep]
|upkeep
|turn|17
|
|t:|1743913125
|switch|p1a: Alomomola|Alomomola, F, shiny|100/100
|-damage|p1a: Alomomola|88/100|[from] Stealth Rock
|move|p2a: Weezing|Strange Steam|p1a: Alomomola
|-damage|p1a: Alomomola|73/100
|-start|p1a: Alomomola|confusion
|
|-weather|Snowscape|[upkeep]
|upkeep
|turn|18
|
|t:|1743913132
|move|p2a: Weezing|Will-O-Wisp|p1a: Alomomola
|-status|p1a: Alomomola|brn
|-activate|p1a: Alomomola|confusion
|-damage|p1a: Alomomola|68/100 brn|[from] confusion
|
|-weather|none
|-damage|p1a: Alomomola|62/100 brn|[from] brn
|upkeep
|turn|19
|
|t:|1743913137
|move|p2a: Weezing|Strange Steam|p1a: Alomomola
|-damage|p1a: Alomomola|47/100 brn
|-activate|p1a: Alomomola|confusion
|move|p1a: Alomomola|Flip Turn|p2a: Weezing
|-damage|p2a: Weezing|73/100
|
|t:|1743913145
|switch|p1a: Corviknight|Corviknight, F, shiny|93/100|[from] Flip Turn
|-damage|p1a: Corviknight|81/100|[from] Stealth Rock
|
|upkeep
|turn|20
|
|t:|1743913152
|-end|p2a: Weezing|ability: Neutralizing Gas
|-ability|p1a: Corviknight|Pressure
|switch|p2a: Garganacl|Garganacl, M|16/100
|move|p1a: Corviknight|Brave Bird|p2a: Garganacl
|-resisted|p2a: Garganacl
|-damage|p2a: Garganacl|4/100
|-damage|p1a: Corviknight|77/100|[from] Recoil
|
|-heal|p2a: Garganacl|10/100|[from] item: Leftovers
|upkeep
|turn|21
|
|t:|1743913159
|move|p2a: Garganacl|Protect|p2a: Garganacl
|-singleturn|p2a: Garganacl|Protect
|move|p1a: Corviknight|Brave Bird|p2a: Garganacl
|-activate|p2a: Garganacl|move: Protect
|
|-heal|p2a: Garganacl|17/100|[from] item: Leftovers
|upkeep
|turn|22
|
|t:|1743913160
|move|p1a: Corviknight|Brave Bird|p2a: Garganacl
|-resisted|p2a: Garganacl
|-damage|p2a: Garganacl|5/100
|-damage|p1a: Corviknight|74/100|[from] Recoil
|move|p2a: Garganacl|Recover|p2a: Garganacl
|-heal|p2a: Garganacl|55/100
|
|-heal|p2a: Garganacl|61/100|[from] item: Leftovers
|upkeep
|turn|23
|
|t:|1743913166
|move|p1a: Corviknight|Defog|p2a: Garganacl
|-unboost|p2a: Garganacl|evasion|1
|-sideend|p1: jojosworld|Stealth Rock|[from] move: Defog|[of] p1a: Corviknight
|move|p2a: Garganacl|Recover|p2a: Garganacl
|-heal|p2a: Garganacl|100/100
|
|upkeep
|turn|24
|
|t:|1743913170
|move|p1a: Corviknight|U-turn|p2a: Garganacl
|-damage|p2a: Garganacl|91/100
|
|t:|1743913173
|switch|p1a: Alomomola|Alomomola, F, shiny|47/100 brn|[from] U-turn
|move|p2a: Garganacl|Salt Cure|p1a: Alomomola
|-damage|p1a: Alomomola|38/100 brn
|-start|p1a: Alomomola|Salt Cure
|
|-heal|p2a: Garganacl|97/100|[from] item: Leftovers
|-damage|p1a: Alomomola|32/100 brn|[from] brn
|-damage|p1a: Alomomola|7/100 brn|[from] Salt Cure
|upkeep
|turn|25
|
|t:|1743913182
|switch|p2a: Weezing|Weezing-Galar, F|73/100
|-ability|p2a: Weezing|Neutralizing Gas
|move|p1a: Alomomola|Flip Turn|p2a: Weezing
|-damage|p2a: Weezing|68/100
|
|t:|1743913185
|switch|p1a: Dragapult|Dragapult, F, shiny|100/100|[from] Flip Turn
|
|upkeep
|turn|26
|
|t:|1743913188
|-end|p2a: Weezing|ability: Neutralizing Gas
|switch|p2a: Garganacl|Garganacl, M|97/100
|-terastallize|p1a: Dragapult|Ghost
|move|p1a: Dragapult|Shadow Ball|p2a: Garganacl
|-damage|p2a: Garganacl|72/100
|
|-heal|p2a: Garganacl|78/100|[from] item: Leftovers
|upkeep
|turn|27
|
|t:|1743913196
|switch|p1a: Meowscarada|Meowscarada, M, shiny|88/100
|move|p2a: Garganacl|Salt Cure|p1a: Meowscarada
|-damage|p1a: Meowscarada|66/100
|-start|p1a: Meowscarada|Salt Cure
|
|-heal|p2a: Garganacl|84/100|[from] item: Leftovers
|-damage|p1a: Meowscarada|53/100|[from] Salt Cure
|upkeep
|turn|28
|
|t:|1743913199
|switch|p1a: Slowking|Slowking-Galar, F, shiny|24/100 brn
|switch|p2a: Moltres|Moltres|100/100
|
|-damage|p1a: Slowking|18/100 brn|[from] brn
|upkeep
|turn|29
|
|t:|1743913204
|switch|p2a: Weezing|Weezing-Galar, F|68/100
|-ability|p2a: Weezing|Neutralizing Gas
|switch|p1a: Corviknight|Corviknight, F, shiny|74/100
|
|upkeep
|turn|30
|
|t:|1743913209
|move|p1a: Corviknight|U-turn|p2a: Weezing
|-resisted|p2a: Weezing
|-damage|p2a: Weezing|65/100
|
|t:|1743913212
|switch|p1a: Great Tusk|Great Tusk, shiny|63/100 tox|[from] U-turn
|move|p2a: Weezing|Will-O-Wisp|p1a: Great Tusk|[miss]
|-miss|p2a: Weezing|p1a: Great Tusk
|
|-damage|p1a: Great Tusk|57/100 tox|[from] psn
|upkeep
|turn|31
|
|t:|1743913216
|-end|p1a: Great Tusk|Protosynthesis|[silent]
|switch|p1a: Slowking|Slowking-Galar, F, shiny|18/100 brn
|-end|p2a: Weezing|ability: Neutralizing Gas
|switch|p2a: Moltres|Moltres|100/100
|
|-damage|p1a: Slowking|11/100 brn|[from] brn
|upkeep
|turn|32
|
|t:|1743913222
|switch|p1a: Alomomola|Alomomola, F, shiny|7/100 brn
|move|p2a: Moltres|Flamethrower|p1a: Alomomola
|-resisted|p1a: Alomomola
|-damage|p1a: Alomomola|0 fnt
|faint|p1a: Alomomola
|
|upkeep
|
|t:|1743913223
|switch|p1a: Dragapult|Dragapult, F, shiny, tera:Ghost|100/100
|turn|33
|
|t:|1743913226
|move|p1a: Dragapult|Draco Meteor|p2a: Moltres
|-crit|p2a: Moltres
|-damage|p2a: Moltres|0 fnt
|-unboost|p1a: Dragapult|spa|2
|faint|p2a: Moltres
|
|upkeep
|
|t:|1743913243
|switch|p2a: Garganacl|Garganacl, M|84/100
|turn|34
|
|t:|1743913245
|switch|p1a: Slowking|Slowking-Galar, F, shiny|45/100 brn
|move|p2a: Garganacl|Stealth Rock|p1a: Slowking
|-sidestart|p1: jojosworld|move: Stealth Rock
|
|-heal|p2a: Garganacl|91/100|[from] item: Leftovers
|-damage|p1a: Slowking|39/100 brn|[from] brn
|upkeep
|turn|35
|
|t:|1743913250
|switch|p1a: Corviknight|Corviknight, F, shiny|74/100
|-damage|p1a: Corviknight|61/100|[from] Stealth Rock
|-ability|p1a: Corviknight|Pressure
|move|p2a: Garganacl|Salt Cure|p1a: Corviknight
|-damage|p1a: Corviknight|52/100
|-start|p1a: Corviknight|Salt Cure
|
|-heal|p2a: Garganacl|97/100|[from] item: Leftovers
|-damage|p1a: Corviknight|27/100|[from] Salt Cure
|upkeep
|turn|36
|
|t:|1743913254
|move|p1a: Corviknight|Roost|p1a: Corviknight
|-heal|p1a: Corviknight|77/100
|-singleturn|p1a: Corviknight|move: Roost
|move|p2a: Garganacl|Salt Cure|p1a: Corviknight
|-resisted|p1a: Corviknight
|-damage|p1a: Corviknight|74/100
|
|-heal|p2a: Garganacl|100/100|[from] item: Leftovers
|-damage|p1a: Corviknight|49/100|[from] Salt Cure
|upkeep
|turn|37
|
|t:|1743913259
|switch|p2a: Gliscor|Gliscor, M|25/100 tox
|move|p1a: Corviknight|Roost|p1a: Corviknight
|-heal|p1a: Corviknight|99/100
|-singleturn|p1a: Corviknight|move: Roost
|
|-heal|p2a: Gliscor|38/100 tox|[from] ability: Poison Heal
|-damage|p1a: Corviknight|74/100|[from] Salt Cure
|upkeep
|turn|38
|
|t:|1743913263
|move|p2a: Gliscor|Spikes|p1a: Corviknight
|-sidestart|p1: jojosworld|Spikes
|move|p1a: Corviknight|Defog|p2a: Gliscor
|-unboost|p2a: Gliscor|evasion|1
|-sideend|p1: jojosworld|Spikes|[from] move: Defog|[of] p1a: Corviknight
|-sideend|p1: jojosworld|Stealth Rock|[from] move: Defog|[of] p1a: Corviknight
|
|-heal|p2a: Gliscor|50/100 tox|[from] ability: Poison Heal
|-damage|p1a: Corviknight|49/100|[from] Salt Cure
|upkeep
|turn|39
|
|t:|1743913266
|switch|p1a: Slowking|Slowking-Galar, F, shiny|72/100 brn
|move|p2a: Gliscor|Spikes|p1a: Slowking
|-sidestart|p1: jojosworld|Spikes
|
|-heal|p2a: Gliscor|63/100 tox|[from] ability: Poison Heal
|-damage|p1a: Slowking|66/100 brn|[from] brn
|upkeep
|turn|40
|
|t:|1743913270
|switch|p1a: Corviknight|Corviknight, F, shiny|49/100
|-ability|p1a: Corviknight|Pressure
|move|p2a: Gliscor|Spikes|p1a: Corviknight
|-sidestart|p1: jojosworld|Spikes
|
|-heal|p2a: Gliscor|75/100 tox|[from] ability: Poison Heal
|upkeep
|turn|41
|
|t:|1743913274
|switch|p2a: Garganacl|Garganacl, M|100/100
|move|p1a: Corviknight|Roost|p1a: Corviknight
|-heal|p1a: Corviknight|99/100
|-singleturn|p1a: Corviknight|move: Roost
|
|upkeep
|turn|42
|
|t:|1743913277
|move|p1a: Corviknight|U-turn|p2a: Garganacl
|-crit|p2a: Garganacl
|-damage|p2a: Garganacl|86/100
|
|t:|1743913278
|switch|p1a: Slowking|Slowking-Galar, F, shiny|99/100 brn|[from] U-turn
|move|p2a: Garganacl|Salt Cure|p1a: Slowking
|-damage|p1a: Slowking|85/100 brn
|-start|p1a: Slowking|Salt Cure
|
|-heal|p2a: Garganacl|92/100|[from] item: Leftovers
|-damage|p1a: Slowking|79/100 brn|[from] brn
|-damage|p1a: Slowking|67/100 brn|[from] Salt Cure
|upkeep
|turn|43
|
|t:|1743913285
|move|p2a: Garganacl|Stealth Rock|p1a: Slowking
|-sidestart|p1: jojosworld|move: Stealth Rock
|move|p1a: Slowking|Future Sight|p2a: Garganacl
|-start|p1a: Slowking|move: Future Sight
|
|-heal|p2a: Garganacl|98/100|[from] item: Leftovers
|-damage|p1a: Slowking|61/100 brn|[from] brn
|-damage|p1a: Slowking|48/100 brn|[from] Salt Cure
|upkeep
|turn|44
|
|t:|1743913288
|switch|p2a: Weezing|Weezing-Galar, F|65/100
|-ability|p2a: Weezing|Neutralizing Gas
|-prepare|p1a: Slowking|Chilly Reception|[premajor]
|move|p1a: Slowking|Chilly Reception|p1a: Slowking
|-weather|Snowscape
|
|t:|1743913291
|switch|p1a: Corviknight|Corviknight, F, shiny|99/100|[from] Chilly Reception
|-damage|p1a: Corviknight|87/100|[from] Stealth Rock
|
|-weather|Snowscape|[upkeep]
|upkeep
|turn|45
|
|t:|1743913297
|move|p1a: Corviknight|Defog|p2a: Weezing
|-unboost|p2a: Weezing|evasion|1
|-sideend|p1: jojosworld|Spikes|[from] move: Defog|[of] p1a: Corviknight
|-sideend|p1: jojosworld|Stealth Rock|[from] move: Defog|[of] p1a: Corviknight
|move|p2a: Weezing|Will-O-Wisp|p1a: Corviknight|[miss]
|-miss|p2a: Weezing|p1a: Corviknight
|
|-weather|Snowscape|[upkeep]
|-end|p2a: Weezing|move: Future Sight
|-supereffective|p2a: Weezing
|-damage|p2a: Weezing|0 fnt
|faint|p2a: Weezing
|-end|p2a: Weezing|ability: Neutralizing Gas
|-ability|p1a: Corviknight|Pressure
|upkeep
|
|t:|1743913306
|switch|p2a: Dragapult|Dragapult, M|100/100
|turn|46
|
|t:|1743913308
|move|p2a: Dragapult|Will-O-Wisp|p1a: Corviknight
|-status|p1a: Corviknight|brn
|move|p1a: Corviknight|Roost|p1a: Corviknight
|-heal|p1a: Corviknight|100/100 brn
|-singleturn|p1a: Corviknight|move: Roost
|
|-weather|Snowscape|[upkeep]
|-damage|p1a: Corviknight|94/100 brn|[from] brn
|upkeep
|turn|47
|
|t:|1743913338
|move|p2a: Dragapult|Hex|p1a: Corviknight
|-damage|p1a: Corviknight|41/100 brn
|move|p1a: Corviknight|U-turn|p2a: Dragapult
|-resisted|p2a: Dragapult
|-damage|p2a: Dragapult|95/100
|
|t:|1743913340
|switch|p1a: Dragapult|Dragapult, F, shiny, tera:Ghost|100/100|[from] U-turn
|
|-weather|Snowscape|[upkeep]
|upkeep
|turn|48
|
|t:|1743913346
|switch|p2a: Garganacl|Garganacl, M|98/100
|move|p1a: Dragapult|Shadow Ball|p2a: Garganacl
|-damage|p2a: Garganacl|75/100
|
|-weather|none
|-heal|p2a: Garganacl|81/100|[from] item: Leftovers
|upkeep
|turn|49
|
|t:|1743913352
|switch|p1a: Slowking|Slowking-Galar, F, shiny|48/100 brn
|move|p2a: Garganacl|Salt Cure|p1a: Slowking
|-damage|p1a: Slowking|33/100 brn
|-start|p1a: Slowking|Salt Cure
|
|-heal|p2a: Garganacl|88/100|[from] item: Leftovers
|-damage|p1a: Slowking|27/100 brn|[from] brn
|-damage|p1a: Slowking|15/100 brn|[from] Salt Cure
|upkeep
|turn|50
|
|t:|1743913356
|switch|p1a: Great Tusk|Great Tusk, shiny|57/100 tox
|move|p2a: Garganacl|Stealth Rock|p1a: Great Tusk
|-sidestart|p1: jojosworld|move: Stealth Rock
|
|-heal|p2a: Garganacl|94/100|[from] item: Leftovers
|-damage|p1a: Great Tusk|51/100 tox|[from] psn
|upkeep
|turn|51
|
|t:|1743913366
|move|p1a: Great Tusk|Knock Off|p2a: Garganacl
|-damage|p2a: Garganacl|70/100
|-enditem|p2a: Garganacl|Leftovers|[from] move: Knock Off|[of] p1a: Great Tusk
|move|p2a: Garganacl|Salt Cure|p1a: Great Tusk
|-resisted|p1a: Great Tusk
|-damage|p1a: Great Tusk|48/100 tox
|-start|p1a: Great Tusk|Salt Cure
|
|-damage|p1a: Great Tusk|36/100 tox|[from] psn
|-damage|p1a: Great Tusk|24/100 tox|[from] Salt Cure
|upkeep
|turn|52
|
|t:|1743913392
|-end|p1a: Great Tusk|Protosynthesis|[silent]
|switch|p1a: Slowking|Slowking-Galar, F, shiny|48/100 brn
|move|p2a: Garganacl|Protect||[still]
|-fail|p2a: Garganacl
|
|-damage|p1a: Slowking|42/100 brn|[from] brn
|upkeep
|turn|53
|
|t:|1743913397
|move|p2a: Garganacl|Salt Cure|p1a: Slowking
|-damage|p1a: Slowking|27/100 brn
|-start|p1a: Slowking|Salt Cure
|-prepare|p1a: Slowking|Chilly Reception|[premajor]
|move|p1a: Slowking|Chilly Reception|p1a: Slowking
|-weather|Snowscape
|
|t:|1743913399
|switch|p1a: Corviknight|Corviknight, F, shiny|41/100 brn|[from] Chilly Reception
|-damage|p1a: Corviknight|29/100 brn|[from] Stealth Rock
|-ability|p1a: Corviknight|Pressure
|
|-weather|Snowscape|[upkeep]
|-damage|p1a: Corviknight|23/100 brn|[from] brn
|upkeep
|turn|54
|inactive|Naniel41 has 120 seconds left.
|
|t:|1743913442
|move|p1a: Corviknight|Roost|p1a: Corviknight
|-heal|p1a: Corviknight|73/100 brn
|-singleturn|p1a: Corviknight|move: Roost
|move|p2a: Garganacl|Salt Cure|p1a: Corviknight
|-resisted|p1a: Corviknight
|-damage|p1a: Corviknight|69/100 brn
|-start|p1a: Corviknight|Salt Cure
|
|-weather|Snowscape|[upkeep]
|-damage|p1a: Corviknight|63/100 brn|[from] brn
|-damage|p1a: Corviknight|38/100 brn|[from] Salt Cure
|upkeep
|turn|55
|
|t:|1743913446
|move|p1a: Corviknight|Roost|p1a: Corviknight
|-heal|p1a: Corviknight|88/100 brn
|-singleturn|p1a: Corviknight|move: Roost
|move|p2a: Garganacl|Salt Cure|p1a: Corviknight
|-resisted|p1a: Corviknight
|-damage|p1a: Corviknight|84/100 brn
|
|-weather|Snowscape|[upkeep]
|-damage|p1a: Corviknight|78/100 brn|[from] brn
|-damage|p1a: Corviknight|53/100 brn|[from] Salt Cure
|upkeep
|turn|56
|inactive|Naniel41 has 120 seconds left.
|inactive|Naniel41 has 90 seconds left.
|
|t:|1743913488
|switch|p1a: Slowking|Slowking-Galar, F, shiny|60/100 brn
|move|p2a: Garganacl|Salt Cure|p1a: Slowking
|-damage|p1a: Slowking|45/100 brn
|-start|p1a: Slowking|Salt Cure
|
|-weather|Snowscape|[upkeep]
|-damage|p1a: Slowking|39/100 brn|[from] brn
|-damage|p1a: Slowking|27/100 brn|[from] Salt Cure
|upkeep
|turn|57
|
|t:|1743913492
|move|p2a: Garganacl|Salt Cure|p1a: Slowking
|-damage|p1a: Slowking|13/100 brn
|-prepare|p1a: Slowking|Chilly Reception|[premajor]
|move|p1a: Slowking|Chilly Reception|p1a: Slowking
|
|t:|1743913494
|switch|p1a: Meowscarada|Meowscarada, M, shiny|53/100|[from] Chilly Reception
|-damage|p1a: Meowscarada|41/100|[from] Stealth Rock
|
|-weather|none
|upkeep
|turn|58
|inactive|Naniel41 has 90 seconds left.
|inactive|Naniel41 has 60 seconds left.
|inactive|Naniel41 has 30 seconds left.
|
|t:|1743913588
|switch|p2a: Gliscor|Gliscor, M|75/100 tox
|move|p1a: Meowscarada|Flower Trick|p2a: Gliscor
|-start|p1a: Meowscarada|typechange|Grass|[from] ability: Protean
|-crit|p2a: Gliscor
|-damage|p2a: Gliscor|17/100 tox
|
|-heal|p2a: Gliscor|30/100 tox|[from] ability: Poison Heal
|upkeep
|turn|59
|inactive|Naniel41 has 30 seconds left.
|
|t:|1743913595
|move|p1a: Meowscarada|Flower Trick|p2a: Gliscor
|-crit|p2a: Gliscor
|-damage|p2a: Gliscor|0 fnt
|faint|p2a: Gliscor
|
|upkeep
|
|t:|1743913599
|switch|p2a: Dragapult|Dragapult, M|95/100
|turn|60
|
|t:|1743913603
|move|p2a: Dragapult|U-turn|p1a: Meowscarada
|-supereffective|p1a: Meowscarada
|-damage|p1a: Meowscarada|0 fnt
|faint|p1a: Meowscarada
|
|t:|1743913605
|switch|p2a: Rotom|Rotom-Wash|74/100|[from] U-turn
|
|upkeep
|
|t:|1743913607
|switch|p1a: Slowking|Slowking-Galar, F, shiny|46/100 brn
|turn|61
|inactive|Naniel41 has 60 seconds left.
|inactive|Naniel41 has 30 seconds left.
|inactive|Naniel41 has 20 seconds left.
|inactive|Naniel41 has 15 seconds left.
|inactive|Naniel41 has 10 seconds left.
|inactive|Naniel41 has 5 seconds left.
|-message|Naniel41 lost due to inactivity.
|
|win|jojosworld
|raw|jojosworld's rating: 1376 &rarr; <strong>1394</strong><br />(+18 for winning)
|raw|Naniel41's rating: 1336 &rarr; <strong>1318</strong><br />(-18 for losing)
|l|☆jojosworld
|player|p1|
