|j|☆King yyyyy
|j|☆steel d ninja
|t:|1743835112
|gametype|singles
|player|p1|King yyyyy|170|1052
|player|p2|steel d ninja|hilbert|1115
|teamsize|p1|6
|teamsize|p2|6
|gen|9
|tier|[Gen 9] OU
|rated|
|rule|HP Percentage Mod: HP is shown in percentages
|rule|Endless Battle Clause: Forcing endless battles is banned
|rule|Species Clause: Limit one of each Pokémon
|rule|OHKO Clause: OHKO moves are banned
|rule|Evasion Items Clause: Evasion items are banned
|rule|Evasion Moves Clause: Evasion moves are banned
|rule|Sleep Moves Clause: Sleep-inducing moves are banned
|clearpoke
|poke|p1|Kyurem|
|poke|p1|Thundurus, M|
|poke|p1|Quaquaval, M|
|poke|p1|Ursaluna, F|
|poke|p1|Jirachi|
|poke|p1|Arcanine-Hisui, M|
|poke|p2|Ribombee, M|
|poke|p2|Muk-Alola, M|
|poke|p2|Kingdra, M|
|poke|p2|Raichu-Alola, F|
|poke|p2|Great Tusk|
|poke|p2|Chandelure, F|
|teampreview
|inactive|Battle timer is ON: inactive players will automatically lose when time's up. (requested by steel d ninja)
|
|t:|1743835121
|start
|switch|p1a: Arcanine|Arcanine-Hisui, M|100/100
|switch|p2a: Fairy Bug|Ribombee, M|100/100
|-ability|p1a: Arcanine|Intimidate|boost
|-unboost|p2a: Fairy Bug|atk|1
|turn|1
|
|t:|1743835128
|move|p1a: Arcanine|Flare Blitz|p2a: Fairy Bug
|-supereffective|p2a: Fairy Bug
|-enditem|p2a: Fairy Bug|Focus Sash
|-damage|p2a: Fairy Bug|1/100
|-damage|p1a: Arcanine|75/100|[from] Recoil
|move|p2a: Fairy Bug|Sticky Web|p1a: Arcanine
|-sidestart|p1: King yyyyy|move: Sticky Web
|
|upkeep
|turn|2
|
|t:|1743835138
|move|p1a: Arcanine|Flare Blitz|p2a: Fairy Bug
|-supereffective|p2a: Fairy Bug
|-damage|p2a: Fairy Bug|0 fnt
|faint|p2a: Fairy Bug
|-damage|p1a: Arcanine|74/100|[from] Recoil
|
|upkeep
|
|t:|1743835141
|switch|p2a: Sea Horse|Kingdra, M|100/100
|turn|3
|
|t:|1743835147
|switch|p1a: Jirachi|Jirachi|100/100
|-activate|p1a: Jirachi|move: Sticky Web
|-unboost|p1a: Jirachi|spe|1
|move|p2a: Sea Horse|Dragon Dance|p2a: Sea Horse
|-boost|p2a: Sea Horse|atk|1
|-boost|p2a: Sea Horse|spe|1
|
|upkeep
|turn|4
|
|t:|1743835154
|move|p2a: Sea Horse|Hydro Pump|p1a: Jirachi
|-damage|p1a: Jirachi|72/100
|move|p1a: Jirachi|Trick Room|p1a: Jirachi
|-fieldstart|move: Trick Room|[of] p1a: Jirachi
|
|upkeep
|turn|5
|
|t:|1743835169
|switch|p2a: Junkie|Muk-Alola, M|100/100
|move|p1a: Jirachi|Healing Wish|p1a: Jirachi
|faint|p1a: Jirachi
|
|upkeep
|
|t:|1743835173
|switch|p1a: Ursaluna|Ursaluna, F|100/100
|-activate|p1a: Ursaluna|move: Sticky Web
|-unboost|p1a: Ursaluna|spe|1
|turn|6
|
|t:|1743835183
|move|p1a: Ursaluna|Headlong Rush|p2a: Junkie
|-supereffective|p2a: Junkie
|-damage|p2a: Junkie|0 fnt
|-unboost|p1a: Ursaluna|def|1
|-unboost|p1a: Ursaluna|spd|1
|faint|p2a: Junkie
|
|-status|p1a: Ursaluna|brn|[from] item: Flame Orb
|upkeep
|
|t:|1743835202
|switch|p2a: Sea Horse|Kingdra, M|100/100
|turn|7
|
|t:|1743835211
|move|p1a: Ursaluna|Facade|p2a: Sea Horse
|-damage|p2a: Sea Horse|0 fnt
|faint|p2a: Sea Horse
|
|-damage|p1a: Ursaluna|94/100 brn|[from] brn
|upkeep
|
|t:|1743835219
|switch|p2a: E Mouse 2.0|Raichu-Alola, F|100/100
|turn|8
|
|t:|1743835223
|move|p1a: Ursaluna|Headlong Rush|p2a: E Mouse 2.0
|-supereffective|p2a: E Mouse 2.0
|-enditem|p2a: E Mouse 2.0|Focus Sash
|-damage|p2a: E Mouse 2.0|1/100
|-unboost|p1a: Ursaluna|def|1
|-unboost|p1a: Ursaluna|spd|1
|move|p2a: E Mouse 2.0|Electric Terrain|p2a: E Mouse 2.0
|-fieldstart|move: Electric Terrain
|
|-damage|p1a: Ursaluna|88/100 brn|[from] brn
|-fieldend|move: Trick Room
|upkeep
|turn|9
|
|t:|1743835235
|switch|p1a: Arcanine|Arcanine-Hisui, M|74/100
|-heal|p1a: Arcanine|100/100|[from] move: Healing Wish
|-activate|p1a: Arcanine|move: Sticky Web
|-unboost|p1a: Arcanine|spe|1
|-ability|p1a: Arcanine|Intimidate|boost
|-unboost|p2a: E Mouse 2.0|atk|1
|move|p2a: E Mouse 2.0|Psychic|p1a: Arcanine
|-damage|p1a: Arcanine|63/100
|
|upkeep
|turn|10
|
|t:|1743835246
|move|p2a: E Mouse 2.0|Iron Tail|p1a: Arcanine|[miss]
|-miss|p2a: E Mouse 2.0|p1a: Arcanine
|move|p1a: Arcanine|Head Smash|p2a: E Mouse 2.0
|-damage|p2a: E Mouse 2.0|0 fnt
|faint|p2a: E Mouse 2.0
|-damage|p1a: Arcanine|63/100|[from] Recoil
|
|upkeep
|
|t:|1743835249
|switch|p2a: Elephant|Great Tusk|100/100
|-enditem|p2a: Elephant|Booster Energy
|-activate|p2a: Elephant|ability: Protosynthesis|[fromitem]
|-start|p2a: Elephant|protosynthesisspe
|turn|11
|
|t:|1743835254
|move|p2a: Elephant|Earthquake|p1a: Arcanine
|-supereffective|p1a: Arcanine
|-damage|p1a: Arcanine|0 fnt
|faint|p1a: Arcanine
|
|upkeep
|
|t:|1743835269
|switch|p1a: Thundurus|Thundurus, M|100/100
|turn|12
|
|t:|1743835274
|-terastallize|p1a: Thundurus|Fairy
|move|p2a: Elephant|Ice Spinner|p1a: Thundurus
|-damage|p1a: Thundurus|64/100
|-damage|p2a: Elephant|84/100|[from] item: Rocky Helmet|[of] p1a: Thundurus
|-fieldend|move: Electric Terrain
|move|p1a: Thundurus|Tera Blast|p2a: Elephant|[anim] Tera Blast Fairy
|-supereffective|p2a: Elephant
|-damage|p2a: Elephant|24/100
|
|upkeep
|turn|13
|
|t:|1743835283
|move|p2a: Elephant|Rapid Spin|p1a: Thundurus
|-damage|p1a: Thundurus|41/100
|-boost|p2a: Elephant|spe|1
|-damage|p2a: Elephant|7/100|[from] item: Rocky Helmet|[of] p1a: Thundurus
|move|p1a: Thundurus|Tera Blast|p2a: Elephant|[anim] Tera Blast Fairy
|-supereffective|p2a: Elephant
|-damage|p2a: Elephant|0 fnt
|faint|p2a: Elephant
|-end|p2a: Elephant|Protosynthesis|[silent]
|
|upkeep
|
|t:|1743835288
|switch|p2a: Big Lmap|Chandelure, F|100/100
|-item|p2a: Big Lmap|Air Balloon
|turn|14
|
|t:|1743835291
|move|p1a: Thundurus|Knock Off|p2a: Big Lmap
|-supereffective|p2a: Big Lmap
|-damage|p2a: Big Lmap|8/100
|-enditem|p2a: Big Lmap|Air Balloon
|move|p2a: Big Lmap|Will-O-Wisp|p1a: Thundurus
|-status|p1a: Thundurus|brn
|
|-damage|p1a: Thundurus|35/100 brn|[from] brn
|upkeep
|turn|15
|
|t:|1743835298
|-terastallize|p2a: Big Lmap|Ghost
|move|p1a: Thundurus|Knock Off|p2a: Big Lmap
|-supereffective|p2a: Big Lmap
|-damage|p2a: Big Lmap|0 fnt
|faint|p2a: Big Lmap
|
|win|King yyyyy
|raw|King yyyyy's rating: 1052 &rarr; <strong>1090</strong><br />(+38 for winning)
|raw|steel d ninja's rating: 1115 &rarr; <strong>1086</strong><br />(-29 for losing)
|l|☆King yyyyy
|player|p1|
|l|☆steel d ninja
|player|p2|
