|j|☆majesticbagel
|j|☆Team BBIO 38
|t:|1743883333
|gametype|singles
|player|p1|majesticbagel|fantina|1327
|player|p2|Team BBIO 38|dragontamer|1404
|teamsize|p1|6
|teamsize|p2|6
|gen|9
|tier|[Gen 9] OU
|rated|
|rule|HP Percentage Mod: HP is shown in percentages
|rule|Endless Battle Clause: Forcing endless battles is banned
|rule|Species Clause: Limit one of each Pokémon
|rule|OHKO Clause: OHKO moves are banned
|rule|Evasion Items Clause: Evasion items are banned
|rule|Evasion Moves Clause: Evasion moves are banned
|rule|Sleep Moves Clause: Sleep-inducing moves are banned
|clearpoke
|poke|p1|Amoonguss, F|
|poke|p1|Tinkaton, F|
|poke|p1|Moltres|
|poke|p1|Rotom-Wash|
|poke|p1|Great Tusk|
|poke|p1|Darkrai|
|poke|p2|Dusclops, M|
|poke|p2|Blissey, F|
|poke|p2|Flamigo, M|
|poke|p2|Mimikyu, M|
|poke|p2|Rotom-Wash|
|poke|p2|Alcremie, F|
|teampreview
|inactive|Battle timer is ON: inactive players will automatically lose when time's up. (requested by Team BBIO 38)
|
|t:|1743883355
|start
|switch|p1a: Darkrai|Darkrai|100/100
|switch|p2a: Blissey|Blissey, F|100/100
|turn|1
|
|t:|1743883366
|switch|p1a: Tinkaton|Tinkaton, F|100/100
|-ability|p1a: Tinkaton|Mold Breaker
|move|p2a: Blissey|Seismic Toss|p1a: Tinkaton
|-damage|p1a: Tinkaton|74/100
|
|-heal|p1a: Tinkaton|80/100|[from] item: Leftovers
|upkeep
|turn|2
|
|t:|1743883375
|switch|p2a: Dusclops|Dusclops, M|100/100
|-item|p1a: Tinkaton|Leftovers|[from] ability: Frisk|[of] p2a: Dusclops
|move|p1a: Tinkaton|Stealth Rock|p2a: Dusclops
|-sidestart|p2: Team BBIO 38|move: Stealth Rock
|
|-heal|p1a: Tinkaton|86/100|[from] item: Leftovers
|upkeep
|turn|3
|
|t:|1743883382
|move|p1a: Tinkaton|Knock Off|p2a: Dusclops
|-supereffective|p2a: Dusclops
|-crit|p2a: Dusclops
|-damage|p2a: Dusclops|74/100
|-enditem|p2a: Dusclops|Eviolite|[from] move: Knock Off|[of] p1a: Tinkaton
|move|p2a: Dusclops|Will-O-Wisp|p1a: Tinkaton
|-status|p1a: Tinkaton|brn
|
|-heal|p1a: Tinkaton|92/100 brn|[from] item: Leftovers
|-damage|p1a: Tinkaton|86/100 brn|[from] brn
|upkeep
|turn|4
|
|t:|1743883391
|switch|p1a: Darkrai|Darkrai|100/100
|switch|p2a: Blissey|Blissey, F|100/100
|-damage|p2a: Blissey|88/100|[from] Stealth Rock
|
|-heal|p2a: Blissey|94/100|[from] item: Leftovers
|upkeep
|turn|5
|
|t:|1743883399
|move|p1a: Darkrai|Dark Pulse|p2a: Blissey
|-damage|p2a: Blissey|77/100
|move|p2a: Blissey|Stealth Rock|p1a: Darkrai
|-sidestart|p1: majesticbagel|move: Stealth Rock
|
|-heal|p2a: Blissey|83/100|[from] item: Leftovers
|upkeep
|turn|6
|
|t:|1743883405
|switch|p1a: Great Tusk|Great Tusk|100/100
|move|p2a: Blissey|Seismic Toss|p1a: Great Tusk
|-damage|p1a: Great Tusk|74/100
|
|-heal|p2a: Blissey|89/100|[from] item: Leftovers
|upkeep
|turn|7
|
|t:|1743883412
|switch|p2a: Dusclops|Dusclops, M|74/100
|-damage|p2a: Dusclops|61/100|[from] Stealth Rock
|-item|p1a: Great Tusk|Heavy-Duty Boots|[from] ability: Frisk|[of] p2a: Dusclops
|move|p1a: Great Tusk|Knock Off|p2a: Dusclops
|-supereffective|p2a: Dusclops
|-damage|p2a: Dusclops|25/100
|
|upkeep
|turn|8
|
|t:|1743883422
|move|p1a: Great Tusk|Knock Off|p2a: Dusclops
|-supereffective|p2a: Dusclops
|-damage|p2a: Dusclops|0 fnt
|faint|p2a: Dusclops
|
|upkeep
|
|t:|1743883427
|switch|p2a: Rotom|Rotom-Wash|100/100
|-damage|p2a: Rotom|88/100|[from] Stealth Rock
|turn|9
|
|t:|1743883435
|-end|p1a: Great Tusk|Protosynthesis|[silent]
|switch|p1a: Amoonguss|Amoonguss, F|100/100
|-damage|p1a: Amoonguss|88/100|[from] Stealth Rock
|move|p2a: Rotom|Hydro Pump|p1a: Amoonguss
|-resisted|p1a: Amoonguss
|-damage|p1a: Amoonguss|64/100
|
|-heal|p1a: Amoonguss|70/100|[from] item: Black Sludge
|upkeep
|turn|10
|
|t:|1743883444
|switch|p2a: Blissey|Blissey, F|89/100
|-damage|p2a: Blissey|77/100|[from] Stealth Rock
|move|p1a: Amoonguss|Stun Spore|p2a: Blissey
|-status|p2a: Blissey|par
|
|-heal|p1a: Amoonguss|76/100|[from] item: Black Sludge
|-heal|p2a: Blissey|83/100 par|[from] item: Leftovers
|upkeep
|turn|11
|
|t:|1743883452
|switch|p1a: Great Tusk|Great Tusk|74/100
|move|p2a: Blissey|Seismic Toss|p1a: Great Tusk
|-damage|p1a: Great Tusk|47/100
|
|-heal|p2a: Blissey|89/100 par|[from] item: Leftovers
|upkeep
|turn|12
|
|t:|1743883460
|-curestatus|p2a: Blissey|par|[from] ability: Natural Cure
|switch|p2a: Mimikyu|Mimikyu, M|100/100
|-damage|p2a: Mimikyu|88/100|[from] Stealth Rock
|move|p1a: Great Tusk|Knock Off|p2a: Mimikyu
|-activate|p2a: Mimikyu|ability: Disguise
|-damage|p2a: Mimikyu|88/100
|-enditem|p2a: Mimikyu|Red Card|[from] move: Knock Off|[of] p1a: Great Tusk
|detailschange|p2a: Mimikyu|Mimikyu-Busted, M
|-damage|p2a: Mimikyu|76/100|[from] pokemon: Mimikyu-Busted
|
|upkeep
|turn|13
|
|t:|1743883475
|-end|p1a: Great Tusk|Protosynthesis|[silent]
|switch|p1a: Moltres|Moltres|100/100
|move|p2a: Mimikyu|Play Rough|p1a: Moltres
|-resisted|p1a: Moltres
|-damage|p1a: Moltres|82/100
|
|upkeep
|turn|14
|
|t:|1743883483
|switch|p2a: Blissey|Blissey, F|89/100
|-damage|p2a: Blissey|77/100|[from] Stealth Rock
|move|p1a: Moltres|Roar|p2a: Blissey
|drag|p2a: Flamigo|Flamigo, M|100/100
|-damage|p2a: Flamigo|88/100|[from] Stealth Rock
|
|upkeep
|turn|15
|
|t:|1743883491
|move|p2a: Flamigo|U-turn|p1a: Moltres
|-resisted|p1a: Moltres
|-damage|p1a: Moltres|77/100
|
|t:|1743883495
|switch|p2a: Blissey|Blissey, F|77/100|[from] U-turn
|-damage|p2a: Blissey|64/100|[from] Stealth Rock
|move|p1a: Moltres|Flamethrower|p2a: Blissey
|-damage|p2a: Blissey|50/100
|
|-heal|p2a: Blissey|57/100|[from] item: Leftovers
|upkeep
|turn|16
|
|t:|1743883504
|move|p2a: Blissey|Soft-Boiled|p2a: Blissey
|-heal|p2a: Blissey|100/100
|move|p1a: Moltres|Roar|p2a: Blissey
|drag|p2a: Mimikyu|Mimikyu-Busted, M|76/100
|-damage|p2a: Mimikyu|63/100|[from] Stealth Rock
|
|upkeep
|turn|17
|
|t:|1743883511
|move|p2a: Mimikyu|Taunt|p1a: Moltres
|-start|p1a: Moltres|move: Taunt
|cant|p1a: Moltres|move: Taunt|Roost
|
|upkeep
|turn|18
|
|t:|1743883516
|move|p2a: Mimikyu|Shadow Claw|p1a: Moltres
|-damage|p1a: Moltres|48/100
|move|p1a: Moltres|Flamethrower|p2a: Mimikyu
|-damage|p2a: Mimikyu|18/100
|
|upkeep
|turn|19
|
|t:|1743883522
|move|p2a: Mimikyu|Shadow Claw|p1a: Moltres
|-damage|p1a: Moltres|21/100
|move|p1a: Moltres|U-turn|p2a: Mimikyu
|-resisted|p2a: Mimikyu
|-damage|p2a: Mimikyu|13/100
|
|t:|1743883530
|switch|p1a: Darkrai|Darkrai|100/100|[from] U-turn
|
|upkeep
|turn|20
|
|t:|1743883536
|move|p1a: Darkrai|Ice Beam|p2a: Mimikyu
|-damage|p2a: Mimikyu|0 fnt
|faint|p2a: Mimikyu
|
|upkeep
|
|t:|1743883541
|switch|p2a: Alcremie|Alcremie, F|100/100
|-damage|p2a: Alcremie|88/100|[from] Stealth Rock
|turn|21
|
|t:|1743883547
|switch|p1a: Tinkaton|Tinkaton, F|86/100 brn
|-damage|p1a: Tinkaton|80/100 brn|[from] Stealth Rock
|-ability|p1a: Tinkaton|Mold Breaker
|move|p2a: Alcremie|Calm Mind|p2a: Alcremie
|-boost|p2a: Alcremie|spa|1
|-boost|p2a: Alcremie|spd|1
|
|-heal|p1a: Tinkaton|86/100 brn|[from] item: Leftovers
|-heal|p2a: Alcremie|94/100|[from] item: Leftovers
|-damage|p1a: Tinkaton|80/100 brn|[from] brn
|upkeep
|turn|22
|
|t:|1743883561
|-terastallize|p2a: Alcremie|Steel
|move|p1a: Tinkaton|Encore|p2a: Alcremie
|-start|p2a: Alcremie|Encore
|move|p2a: Alcremie|Calm Mind|p2a: Alcremie
|-boost|p2a: Alcremie|spa|1
|-boost|p2a: Alcremie|spd|1
|
|-heal|p1a: Tinkaton|86/100 brn|[from] item: Leftovers
|-heal|p2a: Alcremie|99/100|[from] item: Leftovers
|-damage|p1a: Tinkaton|80/100 brn|[from] brn
|upkeep
|turn|23
|
|t:|1743883579
|switch|p1a: Moltres|Moltres|21/100
|move|p2a: Alcremie|Calm Mind|p2a: Alcremie
|-boost|p2a: Alcremie|spa|1
|-boost|p2a: Alcremie|spd|1
|
|-heal|p2a: Alcremie|100/100|[from] item: Leftovers
|upkeep
|turn|24
|
|t:|1743883586
|move|p2a: Alcremie|Calm Mind|p2a: Alcremie
|-boost|p2a: Alcremie|spa|1
|-boost|p2a: Alcremie|spd|1
|move|p1a: Moltres|Roar|p2a: Alcremie
|drag|p2a: Rotom|Rotom-Wash|88/100
|-damage|p2a: Rotom|75/100|[from] Stealth Rock
|
|upkeep
|turn|25
|
|t:|1743883598
|switch|p1a: Amoonguss|Amoonguss, F|100/100
|-damage|p1a: Amoonguss|88/100|[from] Stealth Rock
|move|p2a: Rotom|Trick|p1a: Amoonguss
|-activate|p2a: Rotom|move: Trick|[of] p1a: Amoonguss
|-item|p1a: Amoonguss|Choice Specs|[from] move: Trick
|-item|p2a: Rotom|Black Sludge|[from] move: Trick
|
|-damage|p2a: Rotom|63/100|[from] item: Black Sludge
|upkeep
|turn|26
|
|t:|1743883608
|move|p2a: Rotom|Trick|p1a: Amoonguss
|-activate|p2a: Rotom|move: Trick|[of] p1a: Amoonguss
|-item|p1a: Amoonguss|Black Sludge|[from] move: Trick
|-item|p2a: Rotom|Choice Specs|[from] move: Trick
|move|p1a: Amoonguss|Toxic|p2a: Rotom
|-status|p2a: Rotom|tox
|
|-heal|p1a: Amoonguss|94/100|[from] item: Black Sludge
|-damage|p2a: Rotom|57/100 tox|[from] psn
|upkeep
|turn|27
|
|t:|1743883616
|move|p2a: Rotom|Pain Split|p1a: Amoonguss
|-sethp|p1a: Amoonguss|67/100|[from] move: Pain Split|[silent]
|-sethp|p2a: Rotom|95/100 tox|[from] move: Pain Split
|move|p1a: Amoonguss|Giga Drain|p2a: Rotom
|-supereffective|p2a: Rotom
|-damage|p2a: Rotom|43/100 tox
|-heal|p1a: Amoonguss|85/100|[from] drain|[of] p2a: Rotom
|
|-heal|p1a: Amoonguss|92/100|[from] item: Black Sludge
|-damage|p2a: Rotom|31/100 tox|[from] psn
|upkeep
|turn|28
|
|t:|1743883628
|switch|p2a: Blissey|Blissey, F|100/100
|-damage|p2a: Blissey|88/100|[from] Stealth Rock
|switch|p1a: Great Tusk|Great Tusk|47/100
|
|-heal|p2a: Blissey|94/100|[from] item: Leftovers
|upkeep
|turn|29
|
|t:|1743883640
|move|p1a: Great Tusk|Knock Off|p2a: Blissey
|-damage|p2a: Blissey|64/100
|-enditem|p2a: Blissey|Leftovers|[from] move: Knock Off|[of] p1a: Great Tusk
|move|p2a: Blissey|Seismic Toss|p1a: Great Tusk
|-damage|p1a: Great Tusk|20/100
|
|upkeep
|turn|30
|
|t:|1743883648
|move|p1a: Great Tusk|Rapid Spin|p2a: Blissey
|-damage|p2a: Blissey|47/100
|-boost|p1a: Great Tusk|spe|1
|-sideend|p1: majesticbagel|Stealth Rock|[from] move: Rapid Spin|[of] p1a: Great Tusk
|move|p2a: Blissey|Seismic Toss|p1a: Great Tusk
|-damage|p1a: Great Tusk|0 fnt
|faint|p1a: Great Tusk
|-end|p1a: Great Tusk|Protosynthesis|[silent]
|
|upkeep
|
|t:|1743883660
|switch|p1a: Tinkaton|Tinkaton, F|80/100 brn
|-ability|p1a: Tinkaton|Mold Breaker
|turn|31
|
|t:|1743883664
|move|p1a: Tinkaton|Gigaton Hammer|p2a: Blissey
|-damage|p2a: Blissey|28/100
|move|p2a: Blissey|Soft-Boiled|p2a: Blissey
|-heal|p2a: Blissey|78/100
|
|-heal|p1a: Tinkaton|86/100 brn|[from] item: Leftovers
|-damage|p1a: Tinkaton|80/100 brn|[from] brn
|upkeep
|turn|32
|
|t:|1743883671
|move|p1a: Tinkaton|Encore|p2a: Blissey
|-start|p2a: Blissey|Encore
|move|p2a: Blissey|Soft-Boiled|p2a: Blissey
|-heal|p2a: Blissey|100/100
|
|-heal|p1a: Tinkaton|86/100 brn|[from] item: Leftovers
|-damage|p1a: Tinkaton|80/100 brn|[from] brn
|upkeep
|turn|33
|
|t:|1743883681
|switch|p1a: Amoonguss|Amoonguss, F|100/100
|move|p2a: Blissey|Soft-Boiled||[still]
|-fail|p2a: Blissey|heal
|
|upkeep
|turn|34
|
|t:|1743883686
|move|p2a: Blissey|Soft-Boiled||[still]
|-fail|p2a: Blissey|heal
|move|p1a: Amoonguss|Toxic|p2a: Blissey
|-status|p2a: Blissey|tox
|
|-damage|p2a: Blissey|94/100 tox|[from] psn
|-end|p2a: Blissey|Encore
|upkeep
|turn|35
|
|t:|1743883706
|switch|p1a: Moltres|Moltres|21/100
|move|p2a: Blissey|Heal Bell|p2a: Blissey
|-activate|p2a: Blissey|move: Heal Bell
|-curestatus|p2a: Blissey|tox|[msg]
|-curestatus|p2: Rotom|tox|[msg]
|
|upkeep
|turn|36
|
|t:|1743883713
|move|p1a: Moltres|Roost|p1a: Moltres
|-heal|p1a: Moltres|71/100
|-singleturn|p1a: Moltres|move: Roost
|move|p2a: Blissey|Seismic Toss|p1a: Moltres
|-damage|p1a: Moltres|45/100
|
|upkeep
|turn|37
|
|t:|1743883720
|move|p1a: Moltres|Flamethrower|p2a: Blissey
|-crit|p2a: Blissey
|-damage|p2a: Blissey|75/100
|move|p2a: Blissey|Stealth Rock|p1a: Moltres
|-sidestart|p1: majesticbagel|move: Stealth Rock
|
|upkeep
|turn|38
|
|t:|1743883726
|move|p1a: Moltres|Roost|p1a: Moltres
|-heal|p1a: Moltres|95/100
|-singleturn|p1a: Moltres|move: Roost
|move|p2a: Blissey|Seismic Toss|p1a: Moltres
|-damage|p1a: Moltres|69/100
|
|upkeep
|turn|39
|
|t:|1743883732
|switch|p1a: Amoonguss|Amoonguss, F|100/100
|-damage|p1a: Amoonguss|88/100|[from] Stealth Rock
|move|p2a: Blissey|Seismic Toss|p1a: Amoonguss
|-damage|p1a: Amoonguss|65/100
|
|-heal|p1a: Amoonguss|71/100|[from] item: Black Sludge
|upkeep
|turn|40
|
|t:|1743883740
|move|p2a: Blissey|Seismic Toss|p1a: Amoonguss
|-damage|p1a: Amoonguss|48/100
|move|p1a: Amoonguss|Toxic|p2a: Blissey
|-status|p2a: Blissey|tox
|
|-heal|p1a: Amoonguss|54/100|[from] item: Black Sludge
|-damage|p2a: Blissey|69/100 tox|[from] psn
|upkeep
|turn|41
|
|t:|1743883748
|switch|p1a: Tinkaton|Tinkaton, F|80/100 brn
|-damage|p1a: Tinkaton|74/100 brn|[from] Stealth Rock
|-ability|p1a: Tinkaton|Mold Breaker
|move|p2a: Blissey|Seismic Toss|p1a: Tinkaton
|-damage|p1a: Tinkaton|47/100 brn
|
|-heal|p1a: Tinkaton|53/100 brn|[from] item: Leftovers
|-damage|p2a: Blissey|57/100 tox|[from] psn
|-damage|p1a: Tinkaton|47/100 brn|[from] brn
|upkeep
|turn|42
|
|t:|1743883761
|switch|p1a: Amoonguss|Amoonguss, F|88/100
|-damage|p1a: Amoonguss|75/100|[from] Stealth Rock
|-curestatus|p2a: Blissey|tox|[from] ability: Natural Cure
|switch|p2a: Alcremie|Alcremie, F, tera:Steel|100/100
|-damage|p2a: Alcremie|95/100|[from] Stealth Rock
|
|-heal|p2a: Alcremie|100/100|[from] item: Leftovers
|-heal|p1a: Amoonguss|81/100|[from] item: Black Sludge
|upkeep
|turn|43
|
|t:|1743883774
|switch|p1a: Tinkaton|Tinkaton, F|47/100 brn
|-damage|p1a: Tinkaton|41/100 brn|[from] Stealth Rock
|-ability|p1a: Tinkaton|Mold Breaker
|move|p2a: Alcremie|Draining Kiss|p1a: Tinkaton
|-resisted|p1a: Tinkaton
|-damage|p1a: Tinkaton|33/100 brn
|
|-heal|p1a: Tinkaton|39/100 brn|[from] item: Leftovers
|-damage|p1a: Tinkaton|33/100 brn|[from] brn
|upkeep
|turn|44
|
|t:|1743883785
|move|p1a: Tinkaton|Encore|p2a: Alcremie
|-start|p2a: Alcremie|Encore
|move|p2a: Alcremie|Draining Kiss|p1a: Tinkaton
|-resisted|p1a: Tinkaton
|-damage|p1a: Tinkaton|25/100 brn
|
|-heal|p1a: Tinkaton|31/100 brn|[from] item: Leftovers
|-damage|p1a: Tinkaton|25/100 brn|[from] brn
|upkeep
|turn|45
|
|t:|1743883793
|switch|p1a: Moltres|Moltres|69/100
|move|p2a: Alcremie|Draining Kiss|p1a: Moltres
|-resisted|p1a: Moltres
|-damage|p1a: Moltres|62/100
|
|upkeep
|turn|46
|
|t:|1743883800
|switch|p2a: Rotom|Rotom-Wash|31/100
|-damage|p2a: Rotom|18/100|[from] Stealth Rock
|move|p1a: Moltres|Flamethrower|p2a: Rotom
|-resisted|p2a: Rotom
|-damage|p2a: Rotom|0 fnt
|faint|p2a: Rotom
|
|upkeep
|
|t:|1743883809
|switch|p2a: Blissey|Blissey, F|57/100
|-damage|p2a: Blissey|44/100|[from] Stealth Rock
|turn|47
|
|t:|1743883817
|move|p2a: Blissey|Soft-Boiled|p2a: Blissey
|-heal|p2a: Blissey|94/100
|move|p1a: Moltres|Roar|p2a: Blissey
|drag|p2a: Alcremie|Alcremie, F, tera:Steel|100/100
|-damage|p2a: Alcremie|95/100|[from] Stealth Rock
|
|-heal|p2a: Alcremie|100/100|[from] item: Leftovers
|upkeep
|turn|48
|
|t:|1743883833
|switch|p2a: Blissey|Blissey, F|94/100
|-damage|p2a: Blissey|82/100|[from] Stealth Rock
|move|p1a: Moltres|Flamethrower|p2a: Blissey
|-damage|p2a: Blissey|68/100
|
|upkeep
|turn|49
|
|t:|1743883840
|switch|p1a: Amoonguss|Amoonguss, F|100/100
|-damage|p1a: Amoonguss|88/100|[from] Stealth Rock
|move|p2a: Blissey|Seismic Toss|p1a: Amoonguss
|-damage|p1a: Amoonguss|65/100
|
|-heal|p1a: Amoonguss|71/100|[from] item: Black Sludge
|upkeep
|turn|50
|
|t:|1743883852
|switch|p2a: Alcremie|Alcremie, F, tera:Steel|100/100
|-damage|p2a: Alcremie|95/100|[from] Stealth Rock
|move|p1a: Amoonguss|Toxic|p2a: Alcremie
|-immune|p2a: Alcremie
|
|-heal|p2a: Alcremie|100/100|[from] item: Leftovers
|-heal|p1a: Amoonguss|77/100|[from] item: Black Sludge
|upkeep
|turn|51
|
|t:|1743883862
|switch|p1a: Moltres|Moltres|62/100
|move|p2a: Alcremie|Draining Kiss|p1a: Moltres
|-resisted|p1a: Moltres
|-damage|p1a: Moltres|54/100
|
|upkeep
|turn|52
|
|t:|1743883868
|switch|p2a: Blissey|Blissey, F|68/100
|-damage|p2a: Blissey|56/100|[from] Stealth Rock
|move|p1a: Moltres|Flamethrower|p2a: Blissey
|-damage|p2a: Blissey|41/100
|
|upkeep
|turn|53
|
|t:|1743883874
|move|p1a: Moltres|Roost|p1a: Moltres
|-heal|p1a: Moltres|100/100
|-singleturn|p1a: Moltres|move: Roost
|move|p2a: Blissey|Seismic Toss|p1a: Moltres
|-damage|p1a: Moltres|74/100
|-status|p2a: Blissey|brn|[from] ability: Flame Body|[of] p1a: Moltres
|
|-damage|p2a: Blissey|35/100 brn|[from] brn
|upkeep
|turn|54
|
|t:|1743883884
|move|p1a: Moltres|Flamethrower|p2a: Blissey
|-damage|p2a: Blissey|22/100 brn
|move|p2a: Blissey|Soft-Boiled|p2a: Blissey
|-heal|p2a: Blissey|72/100 brn
|
|-damage|p2a: Blissey|65/100 brn|[from] brn
|upkeep
|turn|55
|
|t:|1743883890
|move|p1a: Moltres|Flamethrower|p2a: Blissey
|-damage|p2a: Blissey|51/100 brn
|move|p2a: Blissey|Seismic Toss|p1a: Moltres
|-damage|p1a: Moltres|48/100
|
|-damage|p2a: Blissey|45/100 brn|[from] brn
|upkeep
|turn|56
|
|t:|1743883897
|move|p1a: Moltres|Roost|p1a: Moltres
|-heal|p1a: Moltres|98/100
|-singleturn|p1a: Moltres|move: Roost
|move|p2a: Blissey|Seismic Toss|p1a: Moltres
|-damage|p1a: Moltres|72/100
|
|-damage|p2a: Blissey|39/100 brn|[from] brn
|upkeep
|turn|57
|
|t:|1743883906
|move|p1a: Moltres|Flamethrower|p2a: Blissey
|-damage|p2a: Blissey|26/100 brn
|move|p2a: Blissey|Soft-Boiled|p2a: Blissey
|-heal|p2a: Blissey|76/100 brn
|
|-damage|p2a: Blissey|70/100 brn|[from] brn
|upkeep
|turn|58
|
|t:|1743883916
|move|p1a: Moltres|Roost|p1a: Moltres
|-heal|p1a: Moltres|100/100
|-singleturn|p1a: Moltres|move: Roost
|move|p2a: Blissey|Seismic Toss|p1a: Moltres
|-damage|p1a: Moltres|74/100
|
|-damage|p2a: Blissey|64/100 brn|[from] brn
|upkeep
|turn|59
|
|t:|1743883924
|move|p1a: Moltres|Flamethrower|p2a: Blissey
|-damage|p2a: Blissey|50/100 brn
|move|p2a: Blissey|Seismic Toss|p1a: Moltres
|-damage|p1a: Moltres|48/100
|
|-damage|p2a: Blissey|44/100 brn|[from] brn
|upkeep
|turn|60
|
|t:|1743883933
|move|p1a: Moltres|Roost|p1a: Moltres
|-heal|p1a: Moltres|98/100
|-singleturn|p1a: Moltres|move: Roost
|move|p2a: Blissey|Seismic Toss|p1a: Moltres
|-damage|p1a: Moltres|72/100
|
|-damage|p2a: Blissey|38/100 brn|[from] brn
|upkeep
|turn|61
|
|t:|1743883941
|move|p1a: Moltres|Flamethrower|p2a: Blissey
|-damage|p2a: Blissey|23/100 brn
|move|p2a: Blissey|Seismic Toss|p1a: Moltres
|-damage|p1a: Moltres|46/100
|
|-damage|p2a: Blissey|17/100 brn|[from] brn
|upkeep
|turn|62
|
|t:|1743883947
|move|p1a: Moltres|Roost|p1a: Moltres
|-heal|p1a: Moltres|96/100
|-singleturn|p1a: Moltres|move: Roost
|move|p2a: Blissey|Seismic Toss|p1a: Moltres
|-damage|p1a: Moltres|70/100
|
|-damage|p2a: Blissey|11/100 brn|[from] brn
|upkeep
|turn|63
|
|t:|1743883955
|move|p1a: Moltres|Roost|p1a: Moltres
|-heal|p1a: Moltres|100/100
|-singleturn|p1a: Moltres|move: Roost
|move|p2a: Blissey|Seismic Toss|p1a: Moltres
|-damage|p1a: Moltres|74/100
|
|-damage|p2a: Blissey|5/100 brn|[from] brn
|upkeep
|turn|64
|
|t:|1743883968
|switch|p1a: Amoonguss|Amoonguss, F|100/100
|-damage|p1a: Amoonguss|88/100|[from] Stealth Rock
|move|p2a: Blissey|Seismic Toss|p1a: Amoonguss
|-damage|p1a: Amoonguss|65/100
|
|-heal|p1a: Amoonguss|71/100|[from] item: Black Sludge
|-damage|p2a: Blissey|0 fnt|[from] brn
|faint|p2a: Blissey
|upkeep
|
|t:|1743883977
|switch|p2a: Alcremie|Alcremie, F, tera:Steel|100/100
|-damage|p2a: Alcremie|95/100|[from] Stealth Rock
|turn|65
|
|t:|1743883981
|switch|p1a: Tinkaton|Tinkaton, F|25/100 brn
|-damage|p1a: Tinkaton|19/100 brn|[from] Stealth Rock
|-ability|p1a: Tinkaton|Mold Breaker
|move|p2a: Alcremie|Calm Mind|p2a: Alcremie
|-boost|p2a: Alcremie|spa|1
|-boost|p2a: Alcremie|spd|1
|
|-heal|p1a: Tinkaton|25/100 brn|[from] item: Leftovers
|-heal|p2a: Alcremie|100/100|[from] item: Leftovers
|-damage|p1a: Tinkaton|19/100 brn|[from] brn
|upkeep
|turn|66
|
|t:|1743883992
|move|p1a: Tinkaton|Encore|p2a: Alcremie
|-start|p2a: Alcremie|Encore
|move|p2a: Alcremie|Calm Mind|p2a: Alcremie
|-boost|p2a: Alcremie|spa|1
|-boost|p2a: Alcremie|spd|1
|
|-heal|p1a: Tinkaton|25/100 brn|[from] item: Leftovers
|-damage|p1a: Tinkaton|19/100 brn|[from] brn
|upkeep
|turn|67
|
|t:|1743884000
|switch|p1a: Moltres|Moltres|74/100
|move|p2a: Alcremie|Calm Mind|p2a: Alcremie
|-boost|p2a: Alcremie|spa|1
|-boost|p2a: Alcremie|spd|1
|
|upkeep
|turn|68
|
|t:|1743884006
|move|p2a: Alcremie|Calm Mind|p2a: Alcremie
|-boost|p2a: Alcremie|spa|1
|-boost|p2a: Alcremie|spd|1
|move|p1a: Moltres|Roar|p2a: Alcremie
|drag|p2a: Flamigo|Flamigo, M|88/100
|-damage|p2a: Flamigo|76/100|[from] Stealth Rock
|
|upkeep
|turn|69
|
|t:|1743884013
|move|p2a: Flamigo|Brave Bird|p1a: Moltres
|-damage|p1a: Moltres|15/100
|-damage|p2a: Flamigo|52/100|[from] Recoil
|move|p1a: Moltres|Flamethrower|p2a: Flamigo
|-crit|p2a: Flamigo
|-damage|p2a: Flamigo|0 fnt
|faint|p2a: Flamigo
|
|upkeep
|
|t:|1743884020
|switch|p2a: Alcremie|Alcremie, F, tera:Steel|100/100
|-damage|p2a: Alcremie|95/100|[from] Stealth Rock
|turn|70
|
|t:|1743884024
|move|p1a: Moltres|Flamethrower|p2a: Alcremie
|-supereffective|p2a: Alcremie
|-damage|p2a: Alcremie|33/100
|-status|p2a: Alcremie|brn
|move|p2a: Alcremie|Calm Mind|p2a: Alcremie
|-boost|p2a: Alcremie|spa|1
|-boost|p2a: Alcremie|spd|1
|
|-heal|p2a: Alcremie|39/100 brn|[from] item: Leftovers
|-damage|p2a: Alcremie|33/100 brn|[from] brn
|upkeep
|turn|71
|
|t:|1743884033
|move|p1a: Moltres|Flamethrower|p2a: Alcremie
|-supereffective|p2a: Alcremie
|-damage|p2a: Alcremie|0 fnt
|faint|p2a: Alcremie
|
|win|majesticbagel
|raw|majesticbagel's rating: 1327 &rarr; <strong>1351</strong><br />(+24 for winning)
|raw|Team BBIO 38's rating: 1404 &rarr; <strong>1380</strong><br />(-24 for losing)
|c|☆Team BBIO 38|gg
|l|☆Team BBIO 38
|player|p2|
|c|☆majesticbagel|gg
