|badge|p2|bronze|gen9pu|100-5
|uhtml|medal-msg|<div class="broadcast-blue">Curious what those medals under the avatar are? PS now has Ladder Seasons! For more information, check out the <a href="https://www.smogon.com/forums/threads/3740067/">thread on Smogon.</a></div>
|j|☆estra
|j|☆population four
|inactive|Battle timer is ON: inactive players will automatically lose when time's up.
|t:|1743906461
|gametype|singles
|player|p1|estra|#estra|
|player|p2|population four|lusamine-masters|
|teamsize|p1|6
|teamsize|p2|6
|gen|9
|tier|[Gen 9] OU
|rated|Tournament battle
|rule|HP Percentage Mod: HP is shown in percentages
|rule|Endless Battle Clause: Forcing endless battles is banned
|rule|Species Clause: Limit one of each Pokémon
|rule|OHKO Clause: OHKO moves are banned
|rule|Evasion Items Clause: Evasion items are banned
|rule|Evasion Moves Clause: Evasion moves are banned
|rule|Sleep Moves Clause: Sleep-inducing moves are banned
|clearpoke
|poke|p1|Slowking-Galar, M|
|poke|p1|Cinderace, M|
|poke|p1|Landorus-Therian, M|
|poke|p1|Darkrai|
|poke|p1|Zapdos|
|poke|p1|Iron Valiant|
|poke|p2|Kingambit, F|
|poke|p2|Great Tusk|
|poke|p2|Dragonite, F|
|poke|p2|Cinderace, F|
|poke|p2|Rotom-Wash|
|poke|p2|Cresselia, F|
|teampreview
|j|*Lady Monita ❄
|inactive|estra also wants the timer to be on.
|c|☆population four|hf
|c|☆estra|u2
|
|t:|1743906483
|start
|switch|p1a: Iron Valiant|Iron Valiant|100/100
|switch|p2a: Cinderace|Cinderace, F|100/100
|turn|1
|
|t:|1743906490
|-end|p1a: Iron Valiant|Quark Drive|[silent]
|switch|p1a: Cinderace|Cinderace, M|100/100
|move|p2a: Cinderace|Pyro Ball|p1a: Cinderace|[miss]
|-miss|p2a: Cinderace|p1a: Cinderace
|
|upkeep
|turn|2
|
|t:|1743906499
|move|p2a: Cinderace|U-turn|p1a: Cinderace
|-resisted|p1a: Cinderace
|-damage|p1a: Cinderace|87/100
|
|t:|1743906501
|switch|p2a: Rotom|Rotom-Wash|100/100|[from] U-turn
|move|p1a: Cinderace|U-turn|p2a: Rotom
|-start|p1a: Cinderace|typechange|Bug|[from] ability: Libero
|-damage|p2a: Rotom|65/100
|
|t:|1743906512
|switch|p1a: Slowking|Slowking-Galar, M|100/100|[from] U-turn
|
|-heal|p2a: Rotom|71/100|[from] item: Leftovers
|upkeep
|turn|3
|inactive|population four has 120 seconds left.
|
|t:|1743906555
|move|p2a: Rotom|Thunder Wave|p1a: Slowking
|-status|p1a: Slowking|par
|move|p1a: Slowking|Trick|p2a: Rotom
|-activate|p1a: Slowking|move: Trick|[of] p2a: Rotom
|-item|p2a: Rotom|Black Sludge|[from] move: Trick
|-item|p1a: Slowking|Leftovers|[from] move: Trick
|
|-damage|p2a: Rotom|58/100|[from] item: Black Sludge
|upkeep
|turn|4
|
|t:|1743906559
|move|p2a: Rotom|Volt Switch|p1a: Slowking
|-damage|p1a: Slowking|86/100 par
|inactive|population four has 120 seconds left.
|
|t:|1743906565
|switch|p2a: Kingambit|Kingambit, F|100/100|[from] Volt Switch
|-prepare|p1a: Slowking|Chilly Reception|[premajor]
|cant|p1a: Slowking|par
|
|-heal|p1a: Slowking|92/100 par|[from] item: Leftovers
|upkeep
|turn|5
|inactive|population four has 120 seconds left.
|
|t:|1743906585
|switch|p1a: Zapdos|Zapdos|100/100
|move|p2a: Kingambit|Kowtow Cleave|p1a: Zapdos
|-damage|p1a: Zapdos|60/100
|
|upkeep
|turn|6
|inactive|population four has 120 seconds left.
|
|t:|1743906603
|-end|p2a: Kingambit|fallenundefined|[silent]
|switch|p2a: Rotom|Rotom-Wash|58/100
|move|p1a: Zapdos|Roost|p1a: Zapdos
|-heal|p1a: Zapdos|100/100
|-singleturn|p1a: Zapdos|move: Roost
|
|-damage|p2a: Rotom|46/100|[from] item: Black Sludge
|upkeep
|turn|7
|
|t:|1743906610
|move|p1a: Zapdos|Volt Switch|p2a: Rotom
|-damage|p2a: Rotom|24/100
|
|t:|1743906613
|switch|p1a: Slowking|Slowking-Galar, M|100/100 par|[from] Volt Switch
|move|p2a: Rotom|Volt Switch|p1a: Slowking
|-damage|p1a: Slowking|86/100 par
|
|t:|1743906620
|switch|p2a: Great Tusk|Great Tusk|100/100|[from] Volt Switch
|
|-heal|p1a: Slowking|92/100 par|[from] item: Leftovers
|upkeep
|turn|8
|
|t:|1743906629
|switch|p1a: Zapdos|Zapdos|100/100
|move|p2a: Great Tusk|Ice Spinner|p1a: Zapdos
|-supereffective|p1a: Zapdos
|-damage|p1a: Zapdos|67/100
|
|upkeep
|turn|9
|
|t:|1743906632
|-end|p2a: Great Tusk|Protosynthesis|[silent]
|switch|p2a: Rotom|Rotom-Wash|24/100
|move|p1a: Zapdos|Roost|p1a: Zapdos
|-heal|p1a: Zapdos|100/100
|-singleturn|p1a: Zapdos|move: Roost
|
|-damage|p2a: Rotom|11/100|[from] item: Black Sludge
|upkeep
|turn|10
|
|t:|1743906636
|move|p1a: Zapdos|Volt Switch|p2a: Rotom
|-damage|p2a: Rotom|0 fnt
|faint|p2a: Rotom
|
|t:|1743906645
|switch|p1a: Cinderace|Cinderace, M|87/100|[from] Volt Switch
|
|upkeep
|
|t:|1743906654
|switch|p2a: Great Tusk|Great Tusk|100/100
|turn|11
|
|t:|1743906661
|move|p1a: Cinderace|U-turn|p2a: Great Tusk
|-start|p1a: Cinderace|typechange|Bug|[from] ability: Libero
|-resisted|p2a: Great Tusk
|-damage|p2a: Great Tusk|92/100
|
|t:|1743906664
|switch|p1a: Zapdos|Zapdos|100/100|[from] U-turn
|move|p2a: Great Tusk|Bulk Up|p2a: Great Tusk
|-boost|p2a: Great Tusk|atk|1
|-boost|p2a: Great Tusk|def|1
|
|-heal|p2a: Great Tusk|98/100|[from] item: Leftovers
|upkeep
|turn|12
|
|t:|1743906668
|-end|p2a: Great Tusk|Protosynthesis|[silent]
|switch|p2a: Cresselia|Cresselia, F|100/100
|move|p1a: Zapdos|Hurricane|p2a: Cresselia
|-damage|p2a: Cresselia|70/100
|
|upkeep
|turn|13
|
|t:|1743906672
|move|p1a: Zapdos|Thunder Wave|p2a: Cresselia
|-status|p2a: Cresselia|par
|cant|p2a: Cresselia|par
|
|upkeep
|turn|14
|
|t:|1743906675
|move|p1a: Zapdos|Hurricane|p2a: Cresselia
|-damage|p2a: Cresselia|45/100 par
|cant|p2a: Cresselia|par
|
|upkeep
|turn|15
|
|t:|1743906680
|move|p1a: Zapdos|Volt Switch|p2a: Cresselia
|-damage|p2a: Cresselia|26/100 par
|
|t:|1743906684
|switch|p1a: Cinderace|Cinderace, M|87/100|[from] Volt Switch
|move|p2a: Cresselia|Moonlight|p2a: Cresselia
|-heal|p2a: Cresselia|76/100 par
|
|upkeep
|turn|16
|
|t:|1743906687
|switch|p2a: Great Tusk|Great Tusk|98/100
|move|p1a: Cinderace|U-turn|p2a: Great Tusk
|-start|p1a: Cinderace|typechange|Bug|[from] ability: Libero
|-resisted|p2a: Great Tusk
|-damage|p2a: Great Tusk|90/100
|
|t:|1743906690
|switch|p1a: Iron Valiant|Iron Valiant|100/100|[from] U-turn
|
|-heal|p2a: Great Tusk|96/100|[from] item: Leftovers
|upkeep
|turn|17
|
|t:|1743906694
|-end|p2a: Great Tusk|Protosynthesis|[silent]
|switch|p2a: Cinderace|Cinderace, F|100/100
|move|p1a: Iron Valiant|Knock Off|p2a: Cinderace
|-damage|p2a: Cinderace|65/100
|-enditem|p2a: Cinderace|Heavy-Duty Boots|[from] move: Knock Off|[of] p1a: Iron Valiant
|
|upkeep
|turn|18
|
|t:|1743906702
|-end|p1a: Iron Valiant|Quark Drive|[silent]
|switch|p1a: Zapdos|Zapdos|100/100
|move|p2a: Cinderace|Pyro Ball|p1a: Zapdos
|-damage|p1a: Zapdos|64/100
|
|upkeep
|turn|19
|
|t:|1743906705
|move|p2a: Cinderace|Will-O-Wisp|p1a: Zapdos|[miss]
|-miss|p2a: Cinderace|p1a: Zapdos
|move|p1a: Zapdos|Roost|p1a: Zapdos
|-heal|p1a: Zapdos|100/100
|-singleturn|p1a: Zapdos|move: Roost
|
|upkeep
|turn|20
|
|t:|1743906713
|switch|p2a: Cresselia|Cresselia, F|76/100 par
|move|p1a: Zapdos|Hurricane|p2a: Cresselia
|-damage|p2a: Cresselia|46/100 par
|
|upkeep
|turn|21
|
|t:|1743906716
|move|p1a: Zapdos|Hurricane|p2a: Cresselia|[miss]
|-miss|p1a: Zapdos|p2a: Cresselia
|move|p2a: Cresselia|Moonlight|p2a: Cresselia
|-heal|p2a: Cresselia|96/100 par
|
|upkeep
|turn|22
|
|t:|1743906719
|move|p1a: Zapdos|Hurricane|p2a: Cresselia
|-damage|p2a: Cresselia|68/100 par
|move|p2a: Cresselia|Calm Mind|p2a: Cresselia
|-boost|p2a: Cresselia|spa|1
|-boost|p2a: Cresselia|spd|1
|
|upkeep
|turn|23
|
|t:|1743906722
|move|p1a: Zapdos|Volt Switch|p2a: Cresselia
|-crit|p2a: Cresselia
|-damage|p2a: Cresselia|43/100 par
|
|t:|1743906727
|switch|p1a: Darkrai|Darkrai|100/100|[from] Volt Switch
|move|p2a: Cresselia|Stored Power|p1a: Darkrai
|-immune|p1a: Darkrai
|
|upkeep
|turn|24
|
|t:|1743906736
|move|p1a: Darkrai|Trick|p2a: Cresselia
|-activate|p1a: Darkrai|move: Trick|[of] p2a: Cresselia
|-item|p2a: Cresselia|Choice Scarf|[from] move: Trick
|-item|p1a: Darkrai|Covert Cloak|[from] move: Trick
|cant|p2a: Cresselia|par
|
|upkeep
|turn|25
|
|t:|1743906742
|switch|p1a: Slowking|Slowking-Galar, M|100/100 par
|cant|p2a: Cresselia|par
|
|upkeep
|turn|26
|
|t:|1743906747
|cant|p2a: Cresselia|par
|-prepare|p1a: Slowking|Chilly Reception|[premajor]
|cant|p1a: Slowking|par
|
|upkeep
|turn|27
|
|t:|1743906751
|move|p2a: Cresselia|Moonlight|p2a: Cresselia
|-heal|p2a: Cresselia|93/100 par
|-prepare|p1a: Slowking|Chilly Reception|[premajor]
|move|p1a: Slowking|Chilly Reception|p1a: Slowking
|-weather|Snowscape
|
|t:|1743906759
|switch|p1a: Darkrai|Darkrai|100/100|[from] Chilly Reception
|
|-weather|Snowscape|[upkeep]
|upkeep
|turn|28
|inactive|population four has 120 seconds left.
|
|t:|1743906795
|switch|p2a: Kingambit|Kingambit, F|100/100
|-activate|p2a: Kingambit|ability: Supreme Overlord
|-start|p2a: Kingambit|fallen1|[silent]
|move|p1a: Darkrai|Ice Beam|p2a: Kingambit
|-resisted|p2a: Kingambit
|-damage|p2a: Kingambit|83/100
|
|-weather|Snowscape|[upkeep]
|upkeep
|turn|29
|inactive|population four has 120 seconds left.
|
|t:|1743906811
|move|p1a: Darkrai|Will-O-Wisp|p2a: Kingambit
|-status|p2a: Kingambit|brn
|move|p2a: Kingambit|Swords Dance|p2a: Kingambit
|-boost|p2a: Kingambit|atk|2
|
|-weather|Snowscape|[upkeep]
|-damage|p2a: Kingambit|76/100 brn|[from] brn
|upkeep
|turn|30
|
|t:|1743906817
|switch|p1a: Landorus|Landorus-Therian, M|100/100
|-ability|p1a: Landorus|Intimidate|boost
|-unboost|p2a: Kingambit|atk|1
|move|p2a: Kingambit|Swords Dance|p2a: Kingambit
|-boost|p2a: Kingambit|atk|2
|
|-weather|Snowscape|[upkeep]
|-damage|p2a: Kingambit|70/100 brn|[from] brn
|upkeep
|turn|31
|
|t:|1743906837
|move|p1a: Landorus|Earthquake|p2a: Kingambit
|-supereffective|p2a: Kingambit
|-damage|p2a: Kingambit|0 fnt
|faint|p2a: Kingambit
|-end|p2a: Kingambit|fallen1|[silent]
|
|-weather|none
|upkeep
|
|t:|1743906841
|switch|p2a: Typhon|Dragonite, F, shiny|100/100
|turn|32
|
|t:|1743906844
|move|p1a: Landorus|Smack Down|p2a: Typhon
|-supereffective|p2a: Typhon
|-damage|p2a: Typhon|82/100
|-start|p2a: Typhon|Smack Down
|move|p2a: Typhon|Dragon Dance|p2a: Typhon
|-boost|p2a: Typhon|atk|1
|-boost|p2a: Typhon|spe|1
|
|-heal|p2a: Typhon|89/100|[from] item: Leftovers
|upkeep
|turn|33
|
|t:|1743906851
|-terastallize|p2a: Typhon|Fairy
|move|p2a: Typhon|Dragon Dance|p2a: Typhon
|-boost|p2a: Typhon|atk|1
|-boost|p2a: Typhon|spe|1
|move|p1a: Landorus|Earthquake|p2a: Typhon
|-damage|p2a: Typhon|35/100
|
|-heal|p2a: Typhon|41/100|[from] item: Leftovers
|upkeep
|turn|34
|
|t:|1743906863
|switch|p1a: Zapdos|Zapdos|100/100
|move|p2a: Typhon|Tera Blast|p1a: Zapdos|[anim] Tera Blast Fairy
|-damage|p1a: Zapdos|35/100
|
|-heal|p2a: Typhon|47/100|[from] item: Leftovers
|upkeep
|turn|35
|
|t:|1743906877
|move|p2a: Typhon|Substitute|p2a: Typhon
|-start|p2a: Typhon|Substitute
|-damage|p2a: Typhon|22/100
|move|p1a: Zapdos|Thunder Wave|p2a: Typhon|[miss]
|-miss|p1a: Zapdos|p2a: Typhon
|
|-heal|p2a: Typhon|28/100|[from] item: Leftovers
|upkeep
|turn|36
|
|t:|1743906888
|move|p2a: Typhon|Tera Blast|p1a: Zapdos|[anim] Tera Blast Fairy
|-damage|p1a: Zapdos|0 fnt
|faint|p1a: Zapdos
|
|-heal|p2a: Typhon|35/100|[from] item: Leftovers
|upkeep
|
|t:|1743906894
|switch|p1a: Landorus|Landorus-Therian, M|100/100
|-ability|p1a: Landorus|Intimidate|boost
|-immune|p2a: Typhon
|turn|37
|inactive|population four has 120 seconds left.
|inactive|population four has 90 seconds left.
|
|t:|1743906979
|move|p2a: Typhon|Tera Blast|p1a: Landorus|[anim] Tera Blast Fairy
|-damage|p1a: Landorus|0 fnt
|faint|p1a: Landorus
|
|-heal|p2a: Typhon|41/100|[from] item: Leftovers
|upkeep
|
|t:|1743906994
|switch|p1a: Slowking|Slowking-Galar, M|100/100 par
|turn|38
|
|t:|1743906997
|move|p2a: Typhon|Earthquake|p1a: Slowking
|-supereffective|p1a: Slowking
|-damage|p1a: Slowking|0 fnt
|faint|p1a: Slowking
|
|-heal|p2a: Typhon|47/100|[from] item: Leftovers
|upkeep
|c|☆estra|gg
|-message|estra forfeited.
|
|win|population four
|n|☆estra|estra
|n|☆population four|populationfour
|n|*Lady Monita ❄|ladymonita
|l|*Lady Monita ❄
|l|☆estra
|player|p1|
|c|☆population four|gg
