|j|☆FadedWork
|j|☆smashbros87878
|t:|1743913140
|gametype|singles
|player|p1|FadedWork|1|1092
|player|p2|smashbros87878|2|1080
|teamsize|p1|6
|teamsize|p2|6
|gen|9
|tier|[Gen 9] OU
|rated|
|rule|HP Percentage Mod: HP is shown in percentages
|rule|Endless Battle Clause: Forcing endless battles is banned
|rule|Species Clause: Limit one of each Pokémon
|rule|OHKO Clause: OHKO moves are banned
|rule|Evasion Items Clause: Evasion items are banned
|rule|Evasion Moves Clause: Evasion moves are banned
|rule|Sleep Moves Clause: Sleep-inducing moves are banned
|clearpoke
|poke|p1|Corviknight, M|
|poke|p1|Meowscarada, M|
|poke|p1|Garganacl, M|
|poke|p1|Ceruledge, M|
|poke|p1|Gardevoir, M|
|poke|p1|Great Tusk|
|poke|p2|Dondozo, M|
|poke|p2|Dragonite, F|
|poke|p2|Gholdengo|
|poke|p2|Kingambit, M|
|poke|p2|Porygon2|
|poke|p2|Kommo-o, M|
|teampreview
|inactive|Battle timer is ON: inactive players will automatically lose when time's up. (requested by smashbros87878)
|c|☆smashbros87878|Can you sub to my channel
|
|t:|1743913167
|start
|switch|p1a: Meowscarada|Meowscarada, M|100/100
|switch|p2a: Dragonite|Dragonite, F, shiny|100/100
|turn|1
|
|t:|1743913176
|move|p1a: Meowscarada|Triple Axel|p2a: Dragonite
|-start|p1a: Meowscarada|typechange|Ice|[from] ability: Protean
|-supereffective|p2a: Dragonite
|-damage|p2a: Dragonite|68/100
|-supereffective|p2a: Dragonite
|-damage|p2a: Dragonite|0 fnt
|faint|p2a: Dragonite
|-hitcount|p2: Dragonite|2
|
|upkeep
|
|t:|1743913188
|switch|p2a: Dondozo|Dondozo, M|100/100
|turn|2
|
|t:|1743913198
|switch|p1a: Corviknight|Corviknight, M, shiny|100/100
|move|p2a: Dondozo|Curse|p2a: Dondozo
|-unboost|p2a: Dondozo|spe|1
|-boost|p2a: Dondozo|atk|1
|-boost|p2a: Dondozo|def|1
|
|upkeep
|turn|3
|
|t:|1743913209
|move|p1a: Corviknight|Iron Defense|p1a: Corviknight
|-boost|p1a: Corviknight|def|2
|move|p2a: Dondozo|Curse|p2a: Dondozo
|-unboost|p2a: Dondozo|spe|1
|-boost|p2a: Dondozo|atk|1
|-boost|p2a: Dondozo|def|1
|
|upkeep
|turn|4
|
|t:|1743913213
|move|p1a: Corviknight|Iron Defense|p1a: Corviknight
|-boost|p1a: Corviknight|def|2
|move|p2a: Dondozo|Curse|p2a: Dondozo
|-unboost|p2a: Dondozo|spe|1
|-boost|p2a: Dondozo|atk|1
|-boost|p2a: Dondozo|def|1
|
|upkeep
|turn|5
|
|t:|1743913219
|move|p1a: Corviknight|Iron Defense|p1a: Corviknight
|-boost|p1a: Corviknight|def|2
|move|p2a: Dondozo|Curse|p2a: Dondozo
|-unboost|p2a: Dondozo|spe|1
|-boost|p2a: Dondozo|atk|1
|-boost|p2a: Dondozo|def|1
|
|upkeep
|turn|6
|
|t:|1743913224
|-terastallize|p1a: Corviknight|Fighting
|move|p1a: Corviknight|Body Press|p2a: Dondozo
|-damage|p2a: Dondozo|96/100
|-damage|p1a: Corviknight|84/100|[from] item: Rocky Helmet|[of] p2a: Dondozo
|move|p2a: Dondozo|Wave Crash|p1a: Corviknight
|-damage|p1a: Corviknight|0 fnt
|-damage|p2a: Dondozo|79/100|[from] item: Rocky Helmet|[of] p1a: Corviknight
|faint|p1a: Corviknight
|-damage|p2a: Dondozo|57/100|[from] Recoil
|
|upkeep
|
|t:|1743913229
|switch|p1a: Meowscarada|Meowscarada, M|100/100
|turn|7
|
|t:|1743913236
|move|p1a: Meowscarada|Flower Trick|p2a: Dondozo
|-start|p1a: Meowscarada|typechange|Grass|[from] ability: Protean
|-supereffective|p2a: Dondozo
|-crit|p2a: Dondozo
|-damage|p2a: Dondozo|0 fnt
|faint|p2a: Dondozo
|
|upkeep
|
|t:|1743913245
|switch|p2a: Kommo-o|Kommo-o, M|100/100
|turn|8
|
|t:|1743913255
|switch|p1a: Gardevoir|Gardevoir, M, shiny|100/100
|move|p2a: Kommo-o|Clangorous Soul|p2a: Kommo-o
|-boost|p2a: Kommo-o|atk|1
|-boost|p2a: Kommo-o|def|1
|-boost|p2a: Kommo-o|spa|1
|-boost|p2a: Kommo-o|spd|1
|-boost|p2a: Kommo-o|spe|1
|-damage|p2a: Kommo-o|68/100
|-enditem|p2a: Kommo-o|Throat Spray
|-boost|p2a: Kommo-o|spa|1|[from] item: Throat Spray
|
|upkeep
|turn|9
|
|t:|1743913266
|move|p2a: Kommo-o|Boomburst|p1a: Gardevoir
|-damage|p1a: Gardevoir|13/100
|move|p1a: Gardevoir|Alluring Voice|p2a: Kommo-o
|-immune|p2a: Kommo-o|[from] ability: Soundproof
|
|upkeep
|turn|10
|
|t:|1743913283
|switch|p1a: Garganacl|Garganacl, M|100/100
|move|p2a: Kommo-o|Boomburst|p1a: Garganacl
|-resisted|p1a: Garganacl
|-damage|p1a: Garganacl|66/100
|
|-heal|p1a: Garganacl|73/100|[from] item: Leftovers
|upkeep
|turn|11
|
|t:|1743913300
|move|p2a: Kommo-o|Clanging Scales|p1a: Garganacl
|-damage|p1a: Garganacl|0 fnt
|faint|p1a: Garganacl
|-unboost|p2a: Kommo-o|def|1
|
|upkeep
|
|t:|1743913307
|switch|p1a: Meowscarada|Meowscarada, M|100/100
|turn|12
|
|t:|1743913312
|-terastallize|p2a: Kommo-o|Dragon
|move|p2a: Kommo-o|Flamethrower|p1a: Meowscarada
|-supereffective|p1a: Meowscarada
|-damage|p1a: Meowscarada|0 fnt
|faint|p1a: Meowscarada
|
|upkeep
|
|t:|1743913323
|switch|p1a: Ceruledge|Ceruledge, M, shiny|100/100
|turn|13
|c|☆FadedWork|Gg wp
|
|t:|1743913344
|move|p2a: Kommo-o|Clanging Scales|p1a: Ceruledge
|-damage|p1a: Ceruledge|0 fnt
|faint|p1a: Ceruledge
|-unboost|p2a: Kommo-o|def|1
|
|upkeep
|
|t:|1743913350
|switch|p1a: Gardevoir|Gardevoir, M, shiny|13/100
|turn|14
|c|☆smashbros87878|Gg
|
|t:|1743913359
|move|p2a: Kommo-o|Boomburst|p1a: Gardevoir
|-damage|p1a: Gardevoir|0 fnt
|faint|p1a: Gardevoir
|
|upkeep
|
|t:|1743913361
|switch|p1a: Great Tusk|Great Tusk|100/100
|-enditem|p1a: Great Tusk|Booster Energy
|-activate|p1a: Great Tusk|ability: Protosynthesis|[fromitem]
|-start|p1a: Great Tusk|protosynthesisatk
|turn|15
|
|t:|1743913364
|move|p2a: Kommo-o|Clanging Scales|p1a: Great Tusk
|-damage|p1a: Great Tusk|0 fnt
|faint|p1a: Great Tusk
|-end|p1a: Great Tusk|Protosynthesis|[silent]
|
|win|smashbros87878
|raw|FadedWork's rating: 1092 &rarr; <strong>1067</strong><br />(-25 for losing)
|raw|smashbros87878's rating: 1080 &rarr; <strong>1109</strong><br />(+29 for winning)
|l|☆FadedWork
|player|p1|
|l|☆smashbros87878
|player|p2|
