|j|☆tap water gang
|j|☆Erizz8964
|t:|1743890998
|gametype|singles
|player|p1|tap water gang|sage-gen2jp|1324
|player|p2|Erizz8964|veteran|1322
|teamsize|p1|6
|teamsize|p2|6
|gen|9
|tier|[Gen 9] OU
|rated|
|rule|HP Percentage Mod: HP is shown in percentages
|rule|Endless Battle Clause: Forcing endless battles is banned
|rule|Species Clause: Limit one of each Pokémon
|rule|OHKO Clause: OHKO moves are banned
|rule|Evasion Items Clause: Evasion items are banned
|rule|Evasion Moves Clause: Evasion moves are banned
|rule|Sleep Moves Clause: Sleep-inducing moves are banned
|clearpoke
|poke|p1|Gholdengo|
|poke|p1|Ting-Lu|
|poke|p1|Zapdos|
|poke|p1|Kyurem|
|poke|p1|Keldeo-Resolute|
|poke|p1|Great Tusk|
|poke|p2|Skeledirge, F|
|poke|p2|Clodsire, M|
|poke|p2|Alomomola, F|
|poke|p2|Corviknight, M|
|poke|p2|Toxapex, M|
|poke|p2|Dondozo, M|
|teampreview
|
|t:|1743891011
|start
|switch|p1a: Zapdos|Zapdos|100/100
|switch|p2a: Quagmire|Clodsire, M, shiny|100/100
|turn|1
|
|t:|1743891017
|switch|p1a: Gholdengo|Gholdengo|100/100
|move|p2a: Quagmire|Spikes|p1a: Gholdengo
|-sidestart|p1: tap water gang|Spikes
|
|upkeep
|turn|2
|
|t:|1743891022
|move|p1a: Gholdengo|Make It Rain|p2a: Quagmire
|-damage|p2a: Quagmire|49/100
|-unboost|p1a: Gholdengo|spa|1
|move|p2a: Quagmire|Earthquake|p1a: Gholdengo
|-supereffective|p1a: Gholdengo
|-damage|p1a: Gholdengo|43/100
|
|-heal|p2a: Quagmire|55/100|[from] item: Leftovers
|upkeep
|turn|3
|
|t:|1743891033
|switch|p1a: Ting-Lu|Ting-Lu|100/100
|-damage|p1a: Ting-Lu|88/100|[from] Spikes
|-ability|p1a: Ting-Lu|Vessel of Ruin
|move|p2a: Quagmire|Recover|p2a: Quagmire
|-heal|p2a: Quagmire|100/100
|
|-heal|p1a: Ting-Lu|94/100|[from] item: Leftovers
|upkeep
|turn|4
|
|t:|1743891049
|switch|p2a: Corviknight|Corviknight, M, shiny|100/100
|move|p1a: Ting-Lu|Earthquake|p2a: Corviknight
|-immune|p2a: Corviknight
|
|-heal|p1a: Ting-Lu|100/100|[from] item: Leftovers
|upkeep
|turn|5
|
|t:|1743891060
|move|p2a: Corviknight|Iron Defense|p2a: Corviknight
|-boost|p2a: Corviknight|def|2
|move|p1a: Ting-Lu|Spikes|p2a: Corviknight
|-sidestart|p2: Erizz8964|Spikes
|
|upkeep
|turn|6
|
|t:|1743891066
|move|p2a: Corviknight|Body Press|p1a: Ting-Lu
|-supereffective|p1a: Ting-Lu
|-damage|p1a: Ting-Lu|56/100
|move|p1a: Ting-Lu|Whirlwind|p2a: Corviknight
|drag|p2a: Quagmire|Clodsire, M, shiny|100/100
|-damage|p2a: Quagmire|88/100|[from] Spikes
|
|-heal|p1a: Ting-Lu|62/100|[from] item: Leftovers
|-heal|p2a: Quagmire|94/100|[from] item: Leftovers
|upkeep
|turn|7
|
|t:|1743891080
|switch|p2a: Dondozo|Dondozo, M|100/100
|-damage|p2a: Dondozo|88/100|[from] Spikes
|move|p1a: Ting-Lu|Ruination|p2a: Dondozo|[miss]
|-miss|p1a: Ting-Lu|p2a: Dondozo
|
|-heal|p1a: Ting-Lu|68/100|[from] item: Leftovers
|-heal|p2a: Dondozo|94/100|[from] item: Leftovers
|upkeep
|turn|8
|
|t:|1743891089
|switch|p1a: Zapdos|Zapdos|100/100
|move|p2a: Dondozo|Wave Crash|p1a: Zapdos
|-damage|p1a: Zapdos|50/100
|-damage|p2a: Dondozo|84/100|[from] Recoil
|
|-heal|p2a: Dondozo|90/100|[from] item: Leftovers
|upkeep
|turn|9
|
|t:|1743891098
|switch|p2a: Quagmire|Clodsire, M, shiny|94/100
|-damage|p2a: Quagmire|82/100|[from] Spikes
|move|p1a: Zapdos|Roost|p1a: Zapdos
|-heal|p1a: Zapdos|99/100
|-singleturn|p1a: Zapdos|move: Roost
|
|-heal|p2a: Quagmire|88/100|[from] item: Leftovers
|upkeep
|turn|10
|
|t:|1743891119
|move|p1a: Zapdos|Hurricane|p2a: Quagmire
|-damage|p2a: Quagmire|51/100
|-start|p2a: Quagmire|confusion
|-damage|p1a: Zapdos|90/100|[from] item: Life Orb
|-activate|p2a: Quagmire|confusion
|-damage|p2a: Quagmire|43/100|[from] confusion
|
|-heal|p2a: Quagmire|49/100|[from] item: Leftovers
|upkeep
|turn|11
|
|t:|1743891130
|move|p1a: Zapdos|Hurricane|p2a: Quagmire|[miss]
|-miss|p1a: Zapdos|p2a: Quagmire
|-end|p2a: Quagmire|confusion
|move|p2a: Quagmire|Toxic|p1a: Zapdos
|-status|p1a: Zapdos|tox
|
|-heal|p2a: Quagmire|56/100|[from] item: Leftovers
|-damage|p1a: Zapdos|84/100 tox|[from] psn
|upkeep
|turn|12
|
|t:|1743891140
|switch|p1a: Keldeo|Keldeo-Resolute|100/100
|-damage|p1a: Keldeo|88/100|[from] Spikes
|move|p2a: Quagmire|Spikes|p1a: Keldeo
|-sidestart|p1: tap water gang|Spikes
|
|-heal|p2a: Quagmire|62/100|[from] item: Leftovers
|upkeep
|turn|13
|
|t:|1743891152
|switch|p2a: Toxapex|Toxapex, M, shiny|100/100
|-damage|p2a: Toxapex|88/100|[from] Spikes
|move|p1a: Keldeo|Surf|p2a: Toxapex
|-resisted|p2a: Toxapex
|-damage|p2a: Toxapex|58/100
|
|-heal|p2a: Toxapex|64/100|[from] item: Black Sludge
|upkeep
|turn|14
|
|t:|1743891160
|switch|p1a: Zapdos|Zapdos|84/100 tox
|move|p2a: Toxapex|Toxic|p1a: Zapdos
|-fail|p1a: Zapdos|tox
|
|-heal|p2a: Toxapex|71/100|[from] item: Black Sludge
|-damage|p1a: Zapdos|78/100 tox|[from] psn
|upkeep
|turn|15
|
|t:|1743891174
|switch|p1a: Great Tusk|Great Tusk|100/100
|-damage|p1a: Great Tusk|84/100|[from] Spikes
|switch|p2a: Quagmire|Clodsire, M, shiny|62/100
|-damage|p2a: Quagmire|49/100|[from] Spikes
|
|-heal|p2a: Quagmire|56/100|[from] item: Leftovers
|upkeep
|turn|16
|
|t:|1743891190
|switch|p2a: Corviknight|Corviknight, M, shiny|100/100
|move|p1a: Great Tusk|Headlong Rush|p2a: Corviknight
|-immune|p2a: Corviknight
|
|upkeep
|turn|17
|
|t:|1743891199
|move|p1a: Great Tusk|Rapid Spin|p2a: Corviknight
|-resisted|p2a: Corviknight
|-damage|p2a: Corviknight|93/100
|-boost|p1a: Great Tusk|spe|1
|-sideend|p1: tap water gang|Spikes|[from] move: Rapid Spin|[of] p1a: Great Tusk
|move|p2a: Corviknight|Iron Defense|p2a: Corviknight
|-boost|p2a: Corviknight|def|2
|
|-heal|p2a: Corviknight|99/100|[from] item: Leftovers
|upkeep
|turn|18
|
|t:|1743891207
|-end|p1a: Great Tusk|Protosynthesis|[silent]
|switch|p1a: Keldeo|Keldeo-Resolute|88/100
|move|p2a: Corviknight|Defog|p1a: Keldeo
|-unboost|p1a: Keldeo|evasion|1
|-sideend|p2: Erizz8964|Spikes|[from] move: Defog|[of] p2a: Corviknight
|
|-heal|p2a: Corviknight|100/100|[from] item: Leftovers
|upkeep
|turn|19
|
|t:|1743891215
|move|p1a: Keldeo|Surf|p2a: Corviknight
|-damage|p2a: Corviknight|53/100
|move|p2a: Corviknight|Body Press|p1a: Keldeo
|-damage|p1a: Keldeo|48/100
|
|-heal|p2a: Corviknight|59/100|[from] item: Leftovers
|upkeep
|turn|20
|
|t:|1743891222
|-terastallize|p1a: Keldeo|Water
|move|p1a: Keldeo|Surf|p2a: Corviknight
|-damage|p2a: Corviknight|0 fnt
|faint|p2a: Corviknight
|
|upkeep
|
|t:|1743891232
|switch|p2a: Toxapex|Toxapex, M, shiny|100/100
|turn|21
|
|t:|1743891238
|switch|p1a: Zapdos|Zapdos|78/100 tox
|move|p2a: Toxapex|Toxic|p1a: Zapdos
|-fail|p1a: Zapdos|tox
|
|-damage|p1a: Zapdos|72/100 tox|[from] psn
|upkeep
|turn|22
|inactive|Battle timer is ON: inactive players will automatically lose when time's up. (requested by tap water gang)
|
|t:|1743891256
|-terastallize|p2a: Toxapex|Poison
|move|p1a: Zapdos|Hurricane|p2a: Toxapex
|-damage|p2a: Toxapex|45/100
|-damage|p1a: Zapdos|62/100 tox|[from] item: Life Orb
|move|p2a: Toxapex|Surf|p1a: Zapdos
|-damage|p1a: Zapdos|41/100 tox
|
|-heal|p2a: Toxapex|51/100|[from] item: Black Sludge
|-damage|p1a: Zapdos|28/100 tox|[from] psn
|upkeep
|turn|23
|
|t:|1743891271
|switch|p1a: Keldeo|Keldeo-Resolute, tera:Water|48/100
|switch|p2a: Alomomola|Alomomola, F, shiny|100/100
|
|upkeep
|turn|24
|
|t:|1743891280
|move|p1a: Keldeo|Secret Sword|p2a: Alomomola
|-damage|p2a: Alomomola|66/100
|move|p2a: Alomomola|Scald|p1a: Keldeo
|-resisted|p1a: Keldeo
|-damage|p1a: Keldeo|40/100
|
|upkeep
|turn|25
|
|t:|1743891291
|switch|p1a: Gholdengo|Gholdengo|43/100
|move|p2a: Alomomola|Wish|p2a: Alomomola
|
|upkeep
|turn|26
|
|t:|1743891297
|move|p2a: Alomomola|Protect|p2a: Alomomola
|-singleturn|p2a: Alomomola|Protect
|move|p1a: Gholdengo|Trick|p2a: Alomomola
|-activate|p2a: Alomomola|move: Protect
|
|-heal|p2a: Alomomola|100/100|[from] move: Wish|[wisher] Alomomola
|upkeep
|turn|27
|
|t:|1743891306
|switch|p1a: Zapdos|Zapdos|28/100 tox
|move|p2a: Alomomola|Flip Turn|p1a: Zapdos
|-damage|p1a: Zapdos|10/100 tox
|-status|p2a: Alomomola|par|[from] ability: Static|[of] p1a: Zapdos
|
|t:|1743891314
|switch|p2a: Quagmire|Clodsire, M, shiny|56/100|[from] Flip Turn
|
|-heal|p2a: Quagmire|62/100|[from] item: Leftovers
|-damage|p1a: Zapdos|4/100 tox|[from] psn
|upkeep
|turn|28
|
|t:|1743891322
|move|p1a: Zapdos|Roost|p1a: Zapdos
|-heal|p1a: Zapdos|54/100 tox
|-singleturn|p1a: Zapdos|move: Roost
|move|p2a: Quagmire|Spikes|p1a: Zapdos
|-sidestart|p1: tap water gang|Spikes
|
|-heal|p2a: Quagmire|68/100|[from] item: Leftovers
|-damage|p1a: Zapdos|42/100 tox|[from] psn
|upkeep
|turn|29
|
|t:|1743891330
|switch|p1a: Keldeo|Keldeo-Resolute, tera:Water|40/100
|-damage|p1a: Keldeo|28/100|[from] Spikes
|move|p2a: Quagmire|Spikes|p1a: Keldeo
|-sidestart|p1: tap water gang|Spikes
|
|-heal|p2a: Quagmire|74/100|[from] item: Leftovers
|upkeep
|turn|30
|
|t:|1743891337
|switch|p2a: Dondozo|Dondozo, M|90/100
|move|p1a: Keldeo|Surf|p2a: Dondozo
|-resisted|p2a: Dondozo
|-damage|p2a: Dondozo|49/100
|
|-heal|p2a: Dondozo|55/100|[from] item: Leftovers
|upkeep
|turn|31
|
|t:|1743891346
|move|p1a: Keldeo|Surf|p2a: Dondozo
|-resisted|p2a: Dondozo
|-damage|p2a: Dondozo|11/100
|move|p2a: Dondozo|Rest|p2a: Dondozo
|-status|p2a: Dondozo|slp|[from] move: Rest
|-heal|p2a: Dondozo|100/100 slp|[silent]
|
|upkeep
|turn|32
|
|t:|1743891353
|move|p1a: Keldeo|Surf|p2a: Dondozo
|-resisted|p2a: Dondozo
|-damage|p2a: Dondozo|57/100 slp
|cant|p2a: Dondozo|slp
|move|p2a: Dondozo|Sleep Talk|p2a: Dondozo
|move|p2a: Dondozo|Wave Crash|p1a: Keldeo|[from] move: Sleep Talk
|-resisted|p1a: Keldeo
|-damage|p1a: Keldeo|3/100
|-damage|p2a: Dondozo|52/100 slp|[from] Recoil
|
|-heal|p2a: Dondozo|58/100 slp|[from] item: Leftovers
|upkeep
|turn|33
|
|t:|1743891365
|move|p1a: Keldeo|Surf|p2a: Dondozo
|-resisted|p2a: Dondozo
|-damage|p2a: Dondozo|11/100 slp
|cant|p2a: Dondozo|slp
|move|p2a: Dondozo|Sleep Talk|p2a: Dondozo
|move|p2a: Dondozo|Rest||[from] move: Sleep Talk|[still]
|-fail|p2a: Dondozo
|
|-heal|p2a: Dondozo|17/100 slp|[from] item: Leftovers
|upkeep
|turn|34
|
|t:|1743891375
|switch|p2a: Toxapex|Toxapex, M, shiny, tera:Poison|85/100
|move|p1a: Keldeo|Surf|p2a: Toxapex
|-damage|p2a: Toxapex|5/100
|
|-heal|p2a: Toxapex|11/100|[from] item: Black Sludge
|upkeep
|turn|35
|
|t:|1743891390
|switch|p2a: Alomomola|Alomomola, F, shiny|100/100 par
|move|p1a: Keldeo|Surf|p2a: Alomomola
|-resisted|p2a: Alomomola
|-damage|p2a: Alomomola|45/100 par
|
|upkeep
|turn|36
|
|t:|1743891401
|move|p2a: Alomomola|Protect|p2a: Alomomola
|-singleturn|p2a: Alomomola|Protect
|move|p1a: Keldeo|Surf|p2a: Alomomola
|-activate|p2a: Alomomola|move: Protect
|
|upkeep
|turn|37
|
|t:|1743891408
|move|p1a: Keldeo|Surf|p2a: Alomomola
|-resisted|p2a: Alomomola
|-crit|p2a: Alomomola
|-damage|p2a: Alomomola|0 fnt
|faint|p2a: Alomomola
|
|upkeep
|
|t:|1743891414
|switch|p2a: Steve Irwin|Skeledirge, F|100/100
|turn|38
|
|t:|1743891444
|move|p1a: Keldeo|Surf|p2a: Steve Irwin
|-supereffective|p2a: Steve Irwin
|-damage|p2a: Steve Irwin|0 fnt
|faint|p2a: Steve Irwin
|
|upkeep
|
|t:|1743891454
|switch|p2a: Toxapex|Toxapex, M, shiny, tera:Poison|45/100
|turn|39
|
|t:|1743891457
|move|p1a: Keldeo|Surf|p2a: Toxapex
|-damage|p2a: Toxapex|0 fnt
|faint|p2a: Toxapex
|
|upkeep
|-message|Erizz8964 forfeited.
|
|win|tap water gang
|raw|tap water gang's rating: 1324 &rarr; <strong>1344</strong><br />(+20 for winning)
|raw|Erizz8964's rating: 1322 &rarr; <strong>1302</strong><br />(-20 for losing)
|l|☆Erizz8964
|player|p2|
