|j|☆All R3D
|j|☆quetzuma
|t:|1743908729
|gametype|singles
|player|p1|All R3D|veteran|1471
|player|p2|quetzuma|swimmer-gen4dp|1534
|teamsize|p1|6
|teamsize|p2|6
|gen|9
|tier|[Gen 9] OU
|rated|
|rule|HP Percentage Mod: HP is shown in percentages
|rule|Endless Battle Clause: Forcing endless battles is banned
|rule|Species Clause: Limit one of each Pokémon
|rule|OHKO Clause: OHKO moves are banned
|rule|Evasion Items Clause: Evasion items are banned
|rule|Evasion Moves Clause: Evasion moves are banned
|rule|Sleep Moves Clause: Sleep-inducing moves are banned
|clearpoke
|poke|p1|Torkoal, M|
|poke|p1|Great Tusk|
|poke|p1|Slither Wing|
|poke|p1|Sandy Shocks|
|poke|p1|Raging Bolt|
|poke|p1|Iron Moth|
|poke|p2|Dragapult, F|
|poke|p2|Braviary-Hisui, M|
|poke|p2|Kingambit, M|
|poke|p2|Great Tusk|
|poke|p2|Azumarill, M|
|poke|p2|Slowking-Galar, M|
|teampreview
|inactive|Battle timer is ON: inactive players will automatically lose when time's up. (requested by quetzuma)
|
|t:|1743908763
|start
|switch|p1a: Great Tusk|Great Tusk|100/100
|switch|p2a: Braviary|Braviary-Hisui, M|100/100
|turn|1
|
|t:|1743908778
|-end|p1a: Great Tusk|Protosynthesis|[silent]
|switch|p1a: Torkoal|Torkoal, M|100/100
|-weather|SunnyDay|[from] ability: Drought|[of] p1a: Torkoal
|move|p2a: Braviary|Esper Wing|p1a: Torkoal
|-damage|p1a: Torkoal|48/100
|-boost|p2a: Braviary|spe|1
|-damage|p2a: Braviary|91/100|[from] item: Life Orb
|
|-weather|SunnyDay|[upkeep]
|upkeep
|turn|2
|
|t:|1743908795
|move|p2a: Braviary|Esper Wing|p1a: Torkoal
|-damage|p1a: Torkoal|0 fnt
|-boost|p2a: Braviary|spe|1
|faint|p1a: Torkoal
|-damage|p2a: Braviary|81/100|[from] item: Life Orb
|
|-weather|SunnyDay|[upkeep]
|upkeep
|
|t:|1743908798
|switch|p1a: Raging Bolt|Raging Bolt|100/100
|-activate|p1a: Raging Bolt|ability: Protosynthesis
|-start|p1a: Raging Bolt|protosynthesisspa
|turn|3
|
|t:|1743908814
|switch|p2a: Slowking|Slowking-Galar, M|100/100
|move|p1a: Raging Bolt|Dragon Pulse|p2a: Slowking
|-damage|p2a: Slowking|67/100
|
|-weather|SunnyDay|[upkeep]
|upkeep
|turn|4
|
|t:|1743908830
|move|p1a: Raging Bolt|Calm Mind|p1a: Raging Bolt
|-boost|p1a: Raging Bolt|spa|1
|-boost|p1a: Raging Bolt|spd|1
|move|p2a: Slowking|Sludge Bomb|p1a: Raging Bolt
|-damage|p1a: Raging Bolt|79/100
|
|-weather|SunnyDay|[upkeep]
|upkeep
|turn|5
|
|t:|1743908840
|move|p1a: Raging Bolt|Dragon Pulse|p2a: Slowking
|-damage|p2a: Slowking|18/100
|move|p2a: Slowking|Sludge Bomb|p1a: Raging Bolt
|-damage|p1a: Raging Bolt|57/100
|
|-weather|SunnyDay|[upkeep]
|upkeep
|turn|6
|
|t:|1743908867
|switch|p2a: Azumarill|Azumarill, M|100/100
|move|p1a: Raging Bolt|Thunderbolt|p2a: Azumarill
|-supereffective|p2a: Azumarill
|-damage|p2a: Azumarill|0 fnt
|faint|p2a: Azumarill
|
|-weather|SunnyDay|[upkeep]
|upkeep
|
|t:|1743908869
|switch|p2a: Great Tusk|Great Tusk|100/100
|-activate|p2a: Great Tusk|ability: Protosynthesis
|-start|p2a: Great Tusk|protosynthesisatk
|turn|7
|
|t:|1743908886
|-end|p1a: Raging Bolt|Protosynthesis|[silent]
|switch|p1a: Great Tusk|Great Tusk|100/100
|-activate|p1a: Great Tusk|ability: Protosynthesis
|-start|p1a: Great Tusk|protosynthesisdef
|move|p2a: Great Tusk|Headlong Rush|p1a: Great Tusk
|-damage|p1a: Great Tusk|71/100
|-unboost|p2a: Great Tusk|def|1
|-unboost|p2a: Great Tusk|spd|1
|
|-weather|SunnyDay|[upkeep]
|-heal|p1a: Great Tusk|77/100|[from] item: Leftovers
|upkeep
|turn|8
|
|t:|1743908897
|-end|p2a: Great Tusk|Protosynthesis|[silent]
|switch|p2a: Braviary|Braviary-Hisui, M|81/100
|move|p1a: Great Tusk|Bulk Up|p1a: Great Tusk
|-boost|p1a: Great Tusk|atk|1
|-boost|p1a: Great Tusk|def|1
|
|-weather|none
|-end|p1a: Great Tusk|Protosynthesis
|-heal|p1a: Great Tusk|83/100|[from] item: Leftovers
|upkeep
|turn|9
|
|t:|1743908916
|move|p2a: Braviary|Esper Wing|p1a: Great Tusk
|-supereffective|p1a: Great Tusk
|-damage|p1a: Great Tusk|0 fnt
|-boost|p2a: Braviary|spe|1
|faint|p1a: Great Tusk
|-end|p1a: Great Tusk|Protosynthesis|[silent]
|-damage|p2a: Braviary|71/100|[from] item: Life Orb
|
|upkeep
|
|t:|1743908920
|switch|p1a: Raging Bolt|Raging Bolt|57/100
|turn|10
|
|t:|1743908927
|-terastallize|p2a: Braviary|Fairy
|move|p2a: Braviary|Hurricane|p1a: Raging Bolt
|-resisted|p1a: Raging Bolt
|-damage|p1a: Raging Bolt|0 fnt
|faint|p1a: Raging Bolt
|-end|p1a: Raging Bolt|Protosynthesis|[silent]
|-damage|p2a: Braviary|61/100|[from] item: Life Orb
|
|upkeep
|
|t:|1743908949
|switch|p1a: Slither Wing|Slither Wing|100/100
|turn|11
|
|t:|1743908957
|move|p1a: Slither Wing|First Impression|p2a: Braviary
|-resisted|p2a: Braviary
|-damage|p2a: Braviary|13/100
|move|p2a: Braviary|Roost|p2a: Braviary
|-heal|p2a: Braviary|63/100
|
|upkeep
|turn|12
|
|t:|1743908964
|-end|p1a: Slither Wing|Protosynthesis|[silent]
|switch|p1a: Sandy Shocks|Sandy Shocks|100/100
|move|p2a: Braviary|Esper Wing|p1a: Sandy Shocks
|-damage|p1a: Sandy Shocks|39/100
|-boost|p2a: Braviary|spe|1
|-damage|p2a: Braviary|53/100|[from] item: Life Orb
|
|upkeep
|turn|13
|
|t:|1743908972
|move|p2a: Braviary|Esper Wing|p1a: Sandy Shocks
|-damage|p1a: Sandy Shocks|0 fnt
|-boost|p2a: Braviary|spe|1
|faint|p1a: Sandy Shocks
|-end|p1a: Sandy Shocks|Protosynthesis|[silent]
|-damage|p2a: Braviary|43/100|[from] item: Life Orb
|
|upkeep
|
|t:|1743908980
|switch|p1a: Slither Wing|Slither Wing|100/100
|turn|14
|
|t:|1743908997
|move|p2a: Braviary|Esper Wing|p1a: Slither Wing
|-supereffective|p1a: Slither Wing
|-damage|p1a: Slither Wing|11/100
|-boost|p2a: Braviary|spe|1
|-damage|p2a: Braviary|33/100|[from] item: Life Orb
|move|p1a: Slither Wing|Earthquake|p2a: Braviary
|-damage|p2a: Braviary|0 fnt
|faint|p2a: Braviary
|
|upkeep
|
|t:|1743909001
|switch|p2a: Great Tusk|Great Tusk|100/100
|turn|15
|
|t:|1743909006
|move|p2a: Great Tusk|Rapid Spin|p1a: Slither Wing
|-damage|p1a: Slither Wing|0 fnt
|-boost|p2a: Great Tusk|spe|1
|faint|p1a: Slither Wing
|-end|p1a: Slither Wing|Protosynthesis|[silent]
|
|upkeep
|
|t:|1743909009
|switch|p1a: Iron Moth|Iron Moth|100/100
|turn|16
|
|t:|1743909022
|-terastallize|p1a: Iron Moth|Fire
|move|p2a: Great Tusk|Headlong Rush|p1a: Iron Moth
|-supereffective|p1a: Iron Moth
|-damage|p1a: Iron Moth|0 fnt
|-unboost|p2a: Great Tusk|def|1
|-unboost|p2a: Great Tusk|spd|1
|faint|p1a: Iron Moth
|-end|p1a: Iron Moth|Quark Drive|[silent]
|
|win|quetzuma
|raw|All R3D's rating: 1471 &rarr; <strong>1455</strong><br />(-16 for losing)
|raw|quetzuma's rating: 1534 &rarr; <strong>1550</strong><br />(+16 for winning)
|l|☆quetzuma
|player|p2|
|l|☆All R3D
|player|p1|
