|j|☆Gogliscopod
|j|☆Monkeybolos
|t:|1743916072
|gametype|singles
|player|p1|Gogliscopod|giovanni|1077
|player|p2|Monkeybolos|hiker-gen4|1064
|teamsize|p1|6
|teamsize|p2|6
|gen|9
|tier|[Gen 9] OU
|rated|
|rule|HP Percentage Mod: HP is shown in percentages
|rule|Endless Battle Clause: Forcing endless battles is banned
|rule|Species Clause: Limit one of each Pokémon
|rule|OHKO Clause: OHKO moves are banned
|rule|Evasion Items Clause: Evasion items are banned
|rule|Evasion Moves Clause: Evasion moves are banned
|rule|Sleep Moves Clause: Sleep-inducing moves are banned
|clearpoke
|poke|p1|Gliscor, M|
|poke|p1|Ceruledge, M|
|poke|p1|Rillaboom, M|
|poke|p1|Darkrai|
|poke|p1|Quaquaval, F|
|poke|p1|Skarmory, F|
|poke|p2|Grimmsnarl, M|
|poke|p2|Hitmonlee, M|
|poke|p2|Incineroar, M|
|poke|p2|Corviknight, M|
|poke|p2|Arbok, M|
|poke|p2|Slaking, M|
|teampreview
|
|t:|1743916079
|start
|switch|p1a: Skarmory|Skarmory, F|100/100
|switch|p2a: Incineroar|Incineroar, M|100/100
|-ability|p2a: Incineroar|Intimidate|boost
|-unboost|p1a: Skarmory|atk|1
|turn|1
|inactive|Battle timer is ON: inactive players will automatically lose when time's up. (requested by Monkeybolos)
|
|t:|1743916087
|move|p2a: Incineroar|Bulk Up|p2a: Incineroar
|-boost|p2a: Incineroar|atk|1
|-boost|p2a: Incineroar|def|1
|move|p1a: Skarmory|Stealth Rock|p2a: Incineroar
|-sidestart|p2: Monkeybolos|move: Stealth Rock
|
|upkeep
|turn|2
|
|t:|1743916092
|move|p2a: Incineroar|Bulk Up|p2a: Incineroar
|-boost|p2a: Incineroar|atk|1
|-boost|p2a: Incineroar|def|1
|move|p1a: Skarmory|Whirlwind|p2a: Incineroar
|drag|p2a: Arbok|Arbok, M, shiny|100/100
|-damage|p2a: Arbok|88/100|[from] Stealth Rock
|-ability|p2a: Arbok|Intimidate|boost
|-unboost|p1a: Skarmory|atk|1
|
|upkeep
|turn|3
|
|t:|1743916103
|move|p2a: Arbok|Glare|p1a: Skarmory
|-status|p1a: Skarmory|par
|cant|p1a: Skarmory|par
|
|upkeep
|turn|4
|
|t:|1743916112
|move|p2a: Arbok|Toxic Spikes|p1a: Skarmory
|-sidestart|p1: Gogliscopod|move: Toxic Spikes
|move|p1a: Skarmory|Roost||[still]
|-fail|p1a: Skarmory|heal
|
|upkeep
|turn|5
|
|t:|1743916117
|move|p2a: Arbok|Toxic Spikes|p1a: Skarmory
|-sidestart|p1: Gogliscopod|move: Toxic Spikes
|move|p1a: Skarmory|Whirlwind|p2a: Arbok
|drag|p2a: Slaking|Slaking, M|100/100
|-damage|p2a: Slaking|88/100|[from] Stealth Rock
|
|upkeep
|turn|6
|
|t:|1743916128
|switch|p2a: Grimmsnarl|Grimmsnarl, M|100/100
|-damage|p2a: Grimmsnarl|88/100|[from] Stealth Rock
|cant|p1a: Skarmory|par
|
|upkeep
|turn|7
|
|t:|1743916135
|move|p2a: Grimmsnarl|Reflect|p2a: Grimmsnarl
|-sidestart|p2: Monkeybolos|Reflect
|move|p1a: Skarmory|Whirlwind|p2a: Grimmsnarl
|drag|p2a: Arbok|Arbok, M, shiny|88/100
|-damage|p2a: Arbok|76/100|[from] Stealth Rock
|-ability|p2a: Arbok|Intimidate|boost
|-unboost|p1a: Skarmory|atk|1
|
|upkeep
|turn|8
|
|t:|1743916143
|move|p2a: Arbok|Knock Off|p1a: Skarmory
|-damage|p1a: Skarmory|84/100 par
|-damage|p2a: Arbok|60/100|[from] item: Rocky Helmet|[of] p1a: Skarmory
|-enditem|p1a: Skarmory|Rocky Helmet|[from] move: Knock Off|[of] p2a: Arbok
|cant|p1a: Skarmory|par
|
|upkeep
|turn|9
|
|t:|1743916151
|move|p2a: Arbok|Dragon Tail|p1a: Skarmory
|-resisted|p1a: Skarmory
|-damage|p1a: Skarmory|78/100 par
|drag|p1a: emo teen|Darkrai|100/100
|-status|p1a: emo teen|tox
|
|-damage|p1a: emo teen|94/100 tox|[from] psn
|upkeep
|turn|10
|
|t:|1743916163
|move|p1a: emo teen|Nasty Plot|p1a: emo teen
|-boost|p1a: emo teen|spa|2
|move|p2a: Arbok|Knock Off|p1a: emo teen
|-resisted|p1a: emo teen
|-damage|p1a: emo teen|74/100 tox
|-enditem|p1a: emo teen|Dread Plate|[from] move: Knock Off|[of] p2a: Arbok
|
|-damage|p1a: emo teen|62/100 tox|[from] psn
|upkeep
|turn|11
|
|t:|1743916174
|move|p1a: emo teen|Dark Pulse|p2a: Arbok
|-damage|p2a: Arbok|0 fnt
|faint|p2a: Arbok
|
|-damage|p1a: emo teen|44/100 tox|[from] psn
|upkeep
|
|t:|1743916183
|switch|p2a: Hitmonlee|Hitmonlee, M, shiny|100/100
|-damage|p2a: Hitmonlee|94/100|[from] Stealth Rock
|turn|12
|
|t:|1743916189
|move|p2a: Hitmonlee|Endure|p2a: Hitmonlee
|-singleturn|p2a: Hitmonlee|move: Endure
|move|p1a: emo teen|Sludge Bomb|p2a: Hitmonlee
|-activate|p2a: Hitmonlee|move: Endure
|-damage|p2a: Hitmonlee|1/100
|-enditem|p2a: Hitmonlee|Liechi Berry|[eat]
|-boost|p2a: Hitmonlee|atk|1|[from] item: Liechi Berry
|
|-damage|p1a: emo teen|19/100 tox|[from] psn
|upkeep
|turn|13
|
|t:|1743916206
|move|p2a: Hitmonlee|Reversal|p1a: emo teen
|-supereffective|p1a: emo teen
|-damage|p1a: emo teen|0 fnt
|faint|p1a: emo teen
|
|upkeep
|
|t:|1743916211
|switch|p1a: aura farmer|Ceruledge, M|100/100
|-status|p1a: aura farmer|tox
|turn|14
|
|t:|1743916216
|-terastallize|p1a: aura farmer|Fire
|move|p2a: Hitmonlee|Knock Off|p1a: aura farmer
|-damage|p1a: aura farmer|25/100 tox
|-ability|p1a: aura farmer|Weak Armor|boost
|-unboost|p1a: aura farmer|def|1
|-boost|p1a: aura farmer|spe|2
|-enditem|p1a: aura farmer|Life Orb|[from] move: Knock Off|[of] p2a: Hitmonlee
|move|p1a: aura farmer|Swords Dance|p1a: aura farmer
|-boost|p1a: aura farmer|atk|2
|
|-damage|p1a: aura farmer|19/100 tox|[from] psn
|-sideend|p2: Monkeybolos|Reflect
|upkeep
|turn|15
|
|t:|1743916229
|move|p2a: Hitmonlee|Upper Hand||[still]
|-fail|p2a: Hitmonlee
|move|p1a: aura farmer|Bitter Blade|p2a: Hitmonlee
|-damage|p2a: Hitmonlee|0 fnt
|-heal|p1a: aura farmer|19/100 tox|[from] drain|[of] p2a: Hitmonlee
|faint|p2a: Hitmonlee
|
|-damage|p1a: aura farmer|7/100 tox|[from] psn
|upkeep
|
|t:|1743916240
|switch|p2a: Grimmsnarl|Grimmsnarl, M|88/100
|-damage|p2a: Grimmsnarl|76/100|[from] Stealth Rock
|turn|16
|
|t:|1743916246
|move|p2a: Grimmsnarl|Reflect|p2a: Grimmsnarl
|-sidestart|p2: Monkeybolos|Reflect
|move|p1a: aura farmer|Bitter Blade|p2a: Grimmsnarl
|-damage|p2a: Grimmsnarl|19/100
|-heal|p1a: aura farmer|39/100 tox|[from] drain|[of] p2a: Grimmsnarl
|
|-damage|p1a: aura farmer|21/100 tox|[from] psn
|upkeep
|turn|17
|
|t:|1743916256
|move|p2a: Grimmsnarl|Parting Shot|p1a: aura farmer
|-unboost|p1a: aura farmer|atk|1
|-unboost|p1a: aura farmer|spa|1
|
|t:|1743916260
|switch|p2a: Slaking|Slaking, M|88/100|[from] Parting Shot
|-damage|p2a: Slaking|76/100|[from] Stealth Rock
|move|p1a: aura farmer|Bitter Blade|p2a: Slaking
|-crit|p2a: Slaking
|-damage|p2a: Slaking|0 fnt
|-heal|p1a: aura farmer|78/100 tox|[from] drain|[of] p2a: Slaking
|faint|p2a: Slaking
|
|-damage|p1a: aura farmer|53/100 tox|[from] psn
|upkeep
|
|t:|1743916272
|switch|p2a: Incineroar|Incineroar, M|100/100
|-damage|p2a: Incineroar|76/100|[from] Stealth Rock
|-ability|p2a: Incineroar|Intimidate|boost
|-unboost|p1a: aura farmer|atk|1
|turn|18
|c|☆Gogliscopod|Crit clutch
|
|t:|1743916285
|move|p1a: aura farmer|Swords Dance|p1a: aura farmer
|-boost|p1a: aura farmer|atk|2
|move|p2a: Incineroar|Flame Charge|p1a: aura farmer
|-resisted|p1a: aura farmer
|-damage|p1a: aura farmer|25/100 tox
|-boost|p2a: Incineroar|spe|1
|-ability|p1a: aura farmer|Weak Armor|boost
|-unboost|p1a: aura farmer|def|1
|-boost|p1a: aura farmer|spe|2
|
|-damage|p1a: aura farmer|0 fnt|[from] psn
|faint|p1a: aura farmer
|upkeep
|
|t:|1743916299
|switch|p1a: early girly bird|Quaquaval, F|100/100
|-status|p1a: early girly bird|tox
|turn|19
|
|t:|1743916306
|move|p1a: early girly bird|Swords Dance|p1a: early girly bird
|-boost|p1a: early girly bird|atk|2
|move|p2a: Incineroar|Bulk Up|p2a: Incineroar
|-boost|p2a: Incineroar|atk|1
|-boost|p2a: Incineroar|def|1
|
|-damage|p1a: early girly bird|94/100 tox|[from] psn
|upkeep
|turn|20
|
|t:|1743916320
|move|p1a: early girly bird|Aqua Step|p2a: Incineroar
|-supereffective|p2a: Incineroar
|-damage|p2a: Incineroar|2/100
|-boost|p1a: early girly bird|spe|1
|-enditem|p2a: Incineroar|Weakness Policy
|-boost|p2a: Incineroar|atk|2|[from] item: Weakness Policy
|-boost|p2a: Incineroar|spa|2|[from] item: Weakness Policy
|move|p2a: Incineroar|Drain Punch|p1a: early girly bird
|-damage|p1a: early girly bird|15/100 tox
|-heal|p2a: Incineroar|39/100|[from] drain|[of] p1a: early girly bird
|
|-damage|p1a: early girly bird|3/100 tox|[from] psn
|upkeep
|turn|21
|c|☆Gogliscopod|you can’t be serious
|-message|Monkeybolos forfeited.
|
|win|Gogliscopod
|raw|Gogliscopod's rating: 1077 &rarr; <strong>1104</strong><br />(+27 for winning)
|raw|Monkeybolos's rating: 1064 &rarr; <strong>1045</strong><br />(-19 for losing)
|l|☆Monkeybolos
|player|p2|
|c|☆Gogliscopod|Oh yay
|l|☆Gogliscopod
|player|p1|
