|j|☆Rocktar Made
|j|☆bloodhspeherd
|t:|1743833178
|gametype|singles
|player|p1|Rocktar Made|lass-gen4dp|1701
|player|p2|bloodhspeherd|silver|1700
|teamsize|p1|6
|teamsize|p2|6
|gen|9
|tier|[Gen 9] OU
|rated|
|rule|HP Percentage Mod: HP is shown in percentages
|rule|Endless Battle Clause: Forcing endless battles is banned
|rule|Species Clause: Limit one of each Pokémon
|rule|OHKO Clause: OHKO moves are banned
|rule|Evasion Items Clause: Evasion items are banned
|rule|Evasion Moves Clause: Evasion moves are banned
|rule|Sleep Moves Clause: Sleep-inducing moves are banned
|clearpoke
|poke|p1|Weezing-Galar, M|
|poke|p1|Alomomola, F|
|poke|p1|Enamorus, F|
|poke|p1|Iron Treads|
|poke|p1|Zoroark-Hisui, F|
|poke|p1|Zamazenta-*|
|poke|p2|Cinderace, F|
|poke|p2|Darkrai|
|poke|p2|Gholdengo|
|poke|p2|Hatterene, F|
|poke|p2|Zamazenta-*|
|poke|p2|Samurott-Hisui, M|
|teampreview
|inactive|Battle timer is ON: inactive players will automatically lose when time's up. (requested by Rocktar Made)
|
|t:|1743833200
|start
|switch|p1a: Enamorus|Enamorus, F|100/100
|switch|p2a: Cinderace|Cinderace, F|100/100
|turn|1
|
|t:|1743833208
|switch|p1a: Alomomola|Alomomola, F|100/100
|move|p2a: Cinderace|Pyro Ball|p1a: Alomomola
|-resisted|p1a: Alomomola
|-damage|p1a: Alomomola|70/100
|
|upkeep
|turn|2
|
|t:|1743833215
|switch|p2a: Samurott|Samurott-Hisui, M|100/100
|move|p1a: Alomomola|Flip Turn|p2a: Samurott
|-resisted|p2a: Samurott
|-damage|p2a: Samurott|90/100
|
|t:|1743833221
|switch|p1a: Enamorus|Enamorus, F|100/100|[from] Flip Turn
|
|upkeep
|turn|3
|
|t:|1743833228
|switch|p2a: Gholdengo|Gholdengo|100/100
|-item|p2a: Gholdengo|Air Balloon
|move|p1a: Enamorus|Mystical Fire|p2a: Gholdengo
|-supereffective|p2a: Gholdengo
|-damage|p2a: Gholdengo|42/100
|-unboost|p2a: Gholdengo|spa|1
|-enditem|p2a: Gholdengo|Air Balloon
|
|upkeep
|turn|4
|
|t:|1743833233
|switch|p1a: Alomomola|Alomomola, F|100/100
|switch|p2a: Samurott|Samurott-Hisui, M|90/100
|
|upkeep
|turn|5
|
|t:|1743833237
|switch|p1a: Weezing|Weezing-Galar, M|100/100
|-ability|p1a: Weezing|Neutralizing Gas
|move|p2a: Samurott|Ceaseless Edge|p1a: Weezing
|-resisted|p1a: Weezing
|-damage|p1a: Weezing|91/100
|-sidestart|p1: Rocktar Made|Spikes
|
|-heal|p1a: Weezing|97/100|[from] item: Leftovers
|upkeep
|turn|6
|
|t:|1743833245
|move|p2a: Samurott|Ceaseless Edge|p1a: Weezing
|-resisted|p1a: Weezing
|-damage|p1a: Weezing|87/100
|-sidestart|p1: Rocktar Made|Spikes
|move|p1a: Weezing|Will-O-Wisp|p2a: Samurott
|-status|p2a: Samurott|brn
|
|-heal|p1a: Weezing|93/100|[from] item: Leftovers
|-damage|p2a: Samurott|84/100 brn|[from] brn
|upkeep
|turn|7
|
|t:|1743833249
|switch|p2a: Gholdengo|Gholdengo|42/100
|move|p1a: Weezing|Defog|p2a: Gholdengo
|-unboost|p2a: Gholdengo|evasion|1
|-sideend|p1: Rocktar Made|Spikes|[from] move: Defog|[of] p1a: Weezing
|
|-heal|p1a: Weezing|99/100|[from] item: Leftovers
|upkeep
|turn|8
|
|t:|1743833253
|-end|p1a: Weezing|ability: Neutralizing Gas
|switch|p1a: Alomomola|Alomomola, F|100/100
|move|p2a: Gholdengo|Recover|p2a: Gholdengo
|-heal|p2a: Gholdengo|92/100
|
|upkeep
|turn|9
|
|t:|1743833261
|switch|p2a: Samurott|Samurott-Hisui, M|84/100 brn
|move|p1a: Alomomola|Flip Turn|p2a: Samurott
|-resisted|p2a: Samurott
|-damage|p2a: Samurott|74/100 brn
|
|t:|1743833266
|switch|p1a: Weezing|Weezing-Galar, M|99/100|[from] Flip Turn
|-ability|p1a: Weezing|Neutralizing Gas
|
|-heal|p1a: Weezing|100/100|[from] item: Leftovers
|-damage|p2a: Samurott|68/100 brn|[from] brn
|upkeep
|turn|10
|
|t:|1743833270
|switch|p2a: Gholdengo|Gholdengo|92/100
|move|p1a: Weezing|Strange Steam|p2a: Gholdengo
|-resisted|p2a: Gholdengo
|-damage|p2a: Gholdengo|78/100
|
|upkeep
|turn|11
|
|t:|1743833273
|-end|p1a: Weezing|ability: Neutralizing Gas
|switch|p1a: Alomomola|Alomomola, F|100/100
|move|p2a: Gholdengo|Nasty Plot|p2a: Gholdengo
|-boost|p2a: Gholdengo|spa|2
|
|upkeep
|turn|12
|
|t:|1743833276
|move|p2a: Gholdengo|Shadow Ball|p1a: Alomomola
|-damage|p1a: Alomomola|62/100
|move|p1a: Alomomola|Mirror Coat|p2a: Gholdengo
|-damage|p2a: Gholdengo|0 fnt
|faint|p2a: Gholdengo
|
|upkeep
|-message|bloodhspeherd forfeited.
|
|win|Rocktar Made
|raw|Rocktar Made's rating: 1701 &rarr; <strong>1721</strong><br />(+20 for winning)
|raw|bloodhspeherd's rating: 1700 &rarr; <strong>1680</strong><br />(-20 for losing)
|l|☆bloodhspeherd
|player|p2|
