|j|☆RAR3 144
|j|☆AscentPhoenix
|t:|1743878535
|gametype|singles
|player|p1|RAR3 144|az|1246
|player|p2|AscentPhoenix|gambler|1273
|teamsize|p1|6
|teamsize|p2|6
|gen|9
|tier|[Gen 9] OU
|rated|
|rule|HP Percentage Mod: HP is shown in percentages
|rule|Endless Battle Clause: Forcing endless battles is banned
|rule|Species Clause: Limit one of each Pokémon
|rule|OHKO Clause: OHKO moves are banned
|rule|Evasion Items Clause: Evasion items are banned
|rule|Evasion Moves Clause: Evasion moves are banned
|rule|Sleep Moves Clause: Sleep-inducing moves are banned
|clearpoke
|poke|p1|Walking Wake|
|poke|p1|Dragapult, M|
|poke|p1|Charizard, M|
|poke|p1|Great Tusk|
|poke|p1|Hatterene, F|
|poke|p1|Torkoal, M|
|poke|p2|Clawitzer, M|
|poke|p2|Slowking-Galar, F|
|poke|p2|Avalugg, F|
|poke|p2|Jolteon, M|
|poke|p2|Kleavor, F|
|poke|p2|Great Tusk|
|teampreview
|inactive|Battle timer is ON: inactive players will automatically lose when time's up. (requested by RAR3 144)
|
|t:|1743878547
|start
|switch|p1a: Great Tusk|Great Tusk|100/100
|switch|p2a: Kleavor|Kleavor, F|100/100
|-enditem|p1a: Great Tusk|Booster Energy
|-activate|p1a: Great Tusk|ability: Protosynthesis|[fromitem]
|-start|p1a: Great Tusk|protosynthesisatk
|turn|1
|
|t:|1743878559
|move|p2a: Kleavor|U-turn|p1a: Great Tusk
|-resisted|p1a: Great Tusk
|-crit|p1a: Great Tusk
|-damage|p1a: Great Tusk|84/100
|
|t:|1743878564
|switch|p2a: Avalugg|Avalugg, F|100/100|[from] U-turn
|move|p1a: Great Tusk|Rapid Spin|p2a: Avalugg
|-damage|p2a: Avalugg|92/100
|-boost|p1a: Great Tusk|spe|1
|-damage|p1a: Great Tusk|67/100|[from] item: Rocky Helmet|[of] p2a: Avalugg
|
|upkeep
|turn|2
|
|t:|1743878575
|-end|p1a: Great Tusk|Protosynthesis|[silent]
|switch|p1a: Hatterene|Hatterene, F|100/100
|move|p2a: Avalugg|Body Press|p1a: Hatterene
|-resisted|p1a: Hatterene
|-damage|p1a: Hatterene|93/100
|-enditem|p1a: Hatterene|Eject Button
|
|t:|1743878583
|switch|p1a: Ufo|Torkoal, M, shiny|100/100
|-weather|SunnyDay|[from] ability: Drought|[of] p1a: Ufo
|
|-weather|SunnyDay|[upkeep]
|upkeep
|turn|3
|
|t:|1743878596
|switch|p2a: Slowking|Slowking-Galar, F, shiny|100/100
|move|p1a: Ufo|Lava Plume|p2a: Slowking
|-damage|p2a: Slowking|77/100
|
|-weather|SunnyDay|[upkeep]
|upkeep
|turn|4
|
|t:|1743878604
|move|p2a: Slowking|Future Sight|p1a: Ufo
|-start|p2a: Slowking|move: Future Sight
|move|p1a: Ufo|Stealth Rock|p2a: Slowking
|-sidestart|p2: AscentPhoenix|move: Stealth Rock
|
|-weather|SunnyDay|[upkeep]
|upkeep
|turn|5
|
|t:|1743878610
|switch|p1a: Hatterene|Hatterene, F|93/100
|-prepare|p2a: Slowking|Chilly Reception|[premajor]
|move|p2a: Slowking|Chilly Reception|p2a: Slowking
|-weather|Snowscape
|
|t:|1743878630
|switch|p2a: Great Tusk|Great Tusk|100/100|[from] Chilly Reception
|-damage|p2a: Great Tusk|98/100|[from] Stealth Rock
|
|-weather|Snowscape|[upkeep]
|upkeep
|turn|6
|
|t:|1743878654
|-terastallize|p2a: Great Tusk|Ice
|move|p2a: Great Tusk|Ice Spinner|p1a: Hatterene
|-damage|p1a: Hatterene|56/100
|move|p1a: Hatterene|Dazzling Gleam|p2a: Great Tusk
|-damage|p2a: Great Tusk|43/100
|
|-weather|Snowscape|[upkeep]
|-end|p1a: Hatterene|move: Future Sight
|-resisted|p1a: Hatterene
|-damage|p1a: Hatterene|30/100
|upkeep
|turn|7
|inactive|RAR3 144 has 120 seconds left.
|
|t:|1743878693
|move|p2a: Great Tusk|Rapid Spin|p1a: Hatterene
|-damage|p1a: Hatterene|13/100
|-boost|p2a: Great Tusk|spe|1
|-sideend|p2: AscentPhoenix|Stealth Rock|[from] move: Rapid Spin|[of] p2a: Great Tusk
|move|p1a: Hatterene|Dazzling Gleam|p2a: Great Tusk
|-damage|p2a: Great Tusk|0 fnt
|faint|p2a: Great Tusk
|-end|p2a: Great Tusk|Protosynthesis|[silent]
|
|-weather|Snowscape|[upkeep]
|upkeep
|inactive|AscentPhoenix has 120 seconds left.
|
|t:|1743878716
|switch|p2a: Kleavor|Kleavor, F|100/100
|turn|8
|inactive|RAR3 144 has 120 seconds left.
|
|t:|1743878730
|move|p2a: Kleavor|Stone Axe|p1a: Hatterene
|-damage|p1a: Hatterene|0 fnt
|-sidestart|p1: RAR3 144|move: Stealth Rock
|faint|p1a: Hatterene
|
|-weather|Snowscape|[upkeep]
|upkeep
|inactive|RAR3 144 has 120 seconds left.
|
|t:|1743878737
|switch|p1a: Great Tusk|Great Tusk|67/100
|-damage|p1a: Great Tusk|64/100|[from] Stealth Rock
|turn|9
|
|t:|1743878745
|switch|p2a: Jolteon|Jolteon, M|100/100
|move|p1a: Great Tusk|Rapid Spin|p2a: Jolteon
|-damage|p2a: Jolteon|74/100
|-boost|p1a: Great Tusk|spe|1
|-sideend|p1: RAR3 144|Stealth Rock|[from] move: Rapid Spin|[of] p1a: Great Tusk
|
|-weather|Snowscape|[upkeep]
|upkeep
|turn|10
|
|t:|1743878764
|move|p1a: Great Tusk|Headlong Rush|p2a: Jolteon
|-supereffective|p2a: Jolteon
|-damage|p2a: Jolteon|0 fnt
|-unboost|p1a: Great Tusk|def|1
|-unboost|p1a: Great Tusk|spd|1
|faint|p2a: Jolteon
|
|-weather|Snowscape|[upkeep]
|upkeep
|inactive|AscentPhoenix has 120 seconds left.
|
|t:|1743878784
|switch|p2a: Clawitzer|Clawitzer, M, shiny|100/100
|turn|11
|inactive|RAR3 144 has 120 seconds left.
|
|t:|1743878828
|-end|p1a: Great Tusk|Protosynthesis|[silent]
|switch|p1a: Ufo|Torkoal, M, shiny|100/100
|-weather|SunnyDay|[from] ability: Drought|[of] p1a: Ufo
|move|p2a: Clawitzer|Flip Turn|p1a: Ufo
|-supereffective|p1a: Ufo
|-damage|p1a: Ufo|93/100
|inactive|AscentPhoenix has 120 seconds left.
|
|t:|1743878839
|switch|p2a: Kleavor|Kleavor, F|100/100|[from] Flip Turn
|
|-weather|SunnyDay|[upkeep]
|upkeep
|turn|12
|
|t:|1743878852
|move|p2a: Kleavor|Stone Axe|p1a: Ufo
|-supereffective|p1a: Ufo
|-damage|p1a: Ufo|35/100
|-sidestart|p1: RAR3 144|move: Stealth Rock
|move|p1a: Ufo|Lava Plume|p2a: Kleavor
|-damage|p2a: Kleavor|38/100
|
|-weather|SunnyDay|[upkeep]
|upkeep
|turn|13
|
|t:|1743878868
|switch|p1a: Great Tusk|Great Tusk|64/100
|-damage|p1a: Great Tusk|61/100|[from] Stealth Rock
|-activate|p1a: Great Tusk|ability: Protosynthesis
|-start|p1a: Great Tusk|protosynthesisatk
|move|p2a: Kleavor|Stone Axe|p1a: Great Tusk
|-resisted|p1a: Great Tusk
|-damage|p1a: Great Tusk|52/100
|
|-weather|SunnyDay|[upkeep]
|upkeep
|turn|14
|
|t:|1743878879
|switch|p2a: Avalugg|Avalugg, F|92/100
|move|p1a: Great Tusk|Rapid Spin|p2a: Avalugg
|-damage|p2a: Avalugg|83/100
|-boost|p1a: Great Tusk|spe|1
|-damage|p1a: Great Tusk|36/100|[from] item: Rocky Helmet|[of] p2a: Avalugg
|-sideend|p1: RAR3 144|Stealth Rock|[from] move: Rapid Spin|[of] p1a: Great Tusk
|
|-weather|SunnyDay|[upkeep]
|upkeep
|turn|15
|inactive|RAR3 144 has 90 seconds left.
|
|t:|1743878900
|-end|p1a: Great Tusk|Protosynthesis|[silent]
|switch|p1a: S4V4G3|Charizard, M, shiny|100/100
|move|p2a: Avalugg|Avalanche|p1a: S4V4G3
|-damage|p1a: S4V4G3|70/100
|
|-weather|SunnyDay|[upkeep]
|-damage|p1a: S4V4G3|57/100|[from] ability: Solar Power|[of] p1a: S4V4G3
|upkeep
|turn|16
|inactive|RAR3 144 has 90 seconds left.
|
|t:|1743878914
|switch|p2a: Slowking|Slowking-Galar, F, shiny|100/100
|move|p1a: S4V4G3|Flamethrower|p2a: Slowking
|-damage|p2a: Slowking|39/100
|-status|p2a: Slowking|brn
|
|-weather|SunnyDay|[upkeep]
|-damage|p1a: S4V4G3|45/100|[from] ability: Solar Power|[of] p1a: S4V4G3
|-damage|p2a: Slowking|32/100 brn|[from] brn
|upkeep
|turn|17
|inactive|RAR3 144 has 90 seconds left.
|inactive|AscentPhoenix has 120 seconds left.
|
|t:|1743878931
|switch|p2a: Clawitzer|Clawitzer, M, shiny|100/100
|move|p1a: S4V4G3|Flamethrower|p2a: Clawitzer
|-resisted|p2a: Clawitzer
|-damage|p2a: Clawitzer|62/100
|
|-weather|SunnyDay|[upkeep]
|-damage|p1a: S4V4G3|32/100|[from] ability: Solar Power|[of] p1a: S4V4G3
|upkeep
|turn|18
|inactive|RAR3 144 has 90 seconds left.
|inactive|AscentPhoenix has 120 seconds left.
|
|t:|1743878955
|switch|p1a: W0K3N 0N3|Walking Wake|100/100
|-activate|p1a: W0K3N 0N3|ability: Protosynthesis
|-start|p1a: W0K3N 0N3|protosynthesisspe
|switch|p2a: Slowking|Slowking-Galar, F, shiny|66/100 brn
|
|-weather|none
|-end|p1a: W0K3N 0N3|Protosynthesis
|-damage|p2a: Slowking|60/100 brn|[from] brn
|upkeep
|turn|19
|inactive|AscentPhoenix has 120 seconds left.
|
|t:|1743878986
|move|p1a: W0K3N 0N3|Draco Meteor|p2a: Slowking
|-damage|p2a: Slowking|18/100 brn
|-unboost|p1a: W0K3N 0N3|spa|2
|-prepare|p2a: Slowking|Chilly Reception|[premajor]
|move|p2a: Slowking|Chilly Reception|p2a: Slowking
|-weather|Snowscape
|
|t:|1743878999
|switch|p2a: Clawitzer|Clawitzer, M, shiny|62/100|[from] Chilly Reception
|
|-weather|Snowscape|[upkeep]
|upkeep
|turn|20
|inactive|RAR3 144 has 90 seconds left.
|inactive|RAR3 144 has 60 seconds left.
|
|t:|1743879036
|-end|p1a: W0K3N 0N3|Protosynthesis|[silent]
|switch|p1a: Ufo|Torkoal, M, shiny|35/100
|-weather|SunnyDay|[from] ability: Drought|[of] p1a: Ufo
|move|p2a: Clawitzer|Weather Ball|p1a: Ufo
|-resisted|p1a: Ufo
|-damage|p1a: Ufo|2/100
|
|-weather|SunnyDay|[upkeep]
|upkeep
|turn|21
|inactive|RAR3 144 has 60 seconds left.
|
|t:|1743879054
|switch|p1a: W0K3N 0N3|Walking Wake|100/100
|-activate|p1a: W0K3N 0N3|ability: Protosynthesis
|-start|p1a: W0K3N 0N3|protosynthesisspe
|move|p2a: Clawitzer|Flip Turn|p1a: W0K3N 0N3
|-resisted|p1a: W0K3N 0N3
|-damage|p1a: W0K3N 0N3|99/100
|
|t:|1743879062
|switch|p2a: Slowking|Slowking-Galar, F, shiny|51/100 brn|[from] Flip Turn
|
|-weather|SunnyDay|[upkeep]
|-damage|p2a: Slowking|45/100 brn|[from] brn
|upkeep
|turn|22
|inactive|RAR3 144 has 60 seconds left.
|
|t:|1743879072
|move|p1a: W0K3N 0N3|Hydro Steam|p2a: Slowking
|-damage|p2a: Slowking|1/100 brn
|-prepare|p2a: Slowking|Chilly Reception|[premajor]
|move|p2a: Slowking|Chilly Reception|p2a: Slowking
|-weather|Snowscape
|-end|p1a: W0K3N 0N3|Protosynthesis
|
|t:|1743879083
|switch|p2a: Kleavor|Kleavor, F|38/100|[from] Chilly Reception
|
|-weather|Snowscape|[upkeep]
|upkeep
|turn|23
|
|t:|1743879095
|move|p2a: Kleavor|U-turn|p1a: W0K3N 0N3
|-damage|p1a: W0K3N 0N3|56/100
|
|t:|1743879100
|switch|p2a: Slowking|Slowking-Galar, F, shiny|34/100 brn|[from] U-turn
|move|p1a: W0K3N 0N3|Scald|p2a: Slowking
|-damage|p2a: Slowking|4/100 brn
|
|-weather|Snowscape|[upkeep]
|-damage|p2a: Slowking|0 fnt|[from] brn
|faint|p2a: Slowking
|upkeep
|inactive|AscentPhoenix has 90 seconds left.
|inactive|AscentPhoenix has 60 seconds left.
|
|t:|1743879143
|switch|p2a: Kleavor|Kleavor, F|38/100
|turn|24
|
|t:|1743879153
|-end|p1a: W0K3N 0N3|Protosynthesis|[silent]
|switch|p1a: Ufo|Torkoal, M, shiny|2/100
|-weather|SunnyDay|[from] ability: Drought|[of] p1a: Ufo
|move|p2a: Kleavor|Stone Axe|p1a: Ufo
|-supereffective|p1a: Ufo
|-damage|p1a: Ufo|0 fnt
|-sidestart|p1: RAR3 144|move: Stealth Rock
|faint|p1a: Ufo
|
|-weather|SunnyDay|[upkeep]
|upkeep
|
|t:|1743879164
|switch|p1a: W0K3N 0N3|Walking Wake|56/100
|-damage|p1a: W0K3N 0N3|43/100|[from] Stealth Rock
|-activate|p1a: W0K3N 0N3|ability: Protosynthesis
|-start|p1a: W0K3N 0N3|protosynthesisspe
|turn|25
|inactive|AscentPhoenix has 60 seconds left.
|inactive|AscentPhoenix has 30 seconds left.
|
|t:|1743879216
|move|p1a: W0K3N 0N3|Hydro Steam|p2a: Kleavor
|-supereffective|p2a: Kleavor
|-damage|p2a: Kleavor|0 fnt
|faint|p2a: Kleavor
|
|-weather|SunnyDay|[upkeep]
|upkeep
|-message|AscentPhoenix forfeited.
|
|win|RAR3 144
|raw|RAR3 144's rating: 1246 &rarr; <strong>1273</strong><br />(+27 for winning)
|raw|AscentPhoenix's rating: 1273 &rarr; <strong>1246</strong><br />(-27 for losing)
|l|☆AscentPhoenix
|player|p2|
