|j|☆peekatyou843
|j|☆chewfive
|t:|1743785921
|gametype|singles
|player|p1|peekatyou843|265|1229
|player|p2|chewfive|1|1235
|teamsize|p1|6
|teamsize|p2|6
|gen|9
|tier|[Gen 9] OU
|rated|
|rule|HP Percentage Mod: HP is shown in percentages
|rule|Endless Battle Clause: Forcing endless battles is banned
|rule|Species Clause: Limit one of each Pokémon
|rule|OHKO Clause: OHKO moves are banned
|rule|Evasion Items Clause: Evasion items are banned
|rule|Evasion Moves Clause: Evasion moves are banned
|rule|Sleep Moves Clause: Sleep-inducing moves are banned
|clearpoke
|poke|p1|Dragapult, F|
|poke|p1|Great Tusk|
|poke|p1|Gholdengo|
|poke|p1|Moltres|
|poke|p1|Tinkaton, F|
|poke|p1|Ogerpon-Wellspring, F|
|poke|p2|Hoopa-Unbound|
|poke|p2|Torterra, M|
|poke|p2|Skuntank, F|
|poke|p2|Sinistcha|
|poke|p2|Rampardos, M|
|poke|p2|Smeargle, F|
|teampreview
|inactive|Battle timer is ON: inactive players will automatically lose when time's up. (requested by chewfive)
|inactive|peekatyou843 has 120 seconds left.
|
|t:|1743785958
|start
|switch|p1a: Ogerpon|Ogerpon-Wellspring, F|100/100
|switch|p2a: u ready?|Sinistcha|100/100
|turn|1
|
|t:|1743785978
|switch|p1a: Moltres|Moltres|100/100
|-ability|p1a: Moltres|Pressure
|move|p2a: u ready?|Trick Room|p2a: u ready?
|-fieldstart|move: Trick Room|[of] p2a: u ready?
|
|upkeep
|turn|2
|
|t:|1743785992
|switch|p2a: almighty skunk|Skuntank, F|100/100
|move|p1a: Moltres|Will-O-Wisp|p2a: almighty skunk
|-status|p2a: almighty skunk|brn
|
|-damage|p2a: almighty skunk|94/100 brn|[from] brn
|upkeep
|turn|3
|
|t:|1743786001
|move|p2a: almighty skunk|Substitute|p2a: almighty skunk
|-start|p2a: almighty skunk|Substitute
|-damage|p2a: almighty skunk|70/100 brn
|move|p1a: Moltres|Scorching Sands|p2a: almighty skunk
|-supereffective|p2a: almighty skunk
|-end|p2a: almighty skunk|Substitute
|
|-damage|p2a: almighty skunk|63/100 brn|[from] brn
|upkeep
|turn|4
|
|t:|1743786009
|move|p2a: almighty skunk|Toxic Spikes|p1a: Moltres
|-sidestart|p1: peekatyou843|move: Toxic Spikes
|move|p1a: Moltres|Scorching Sands|p2a: almighty skunk
|-supereffective|p2a: almighty skunk
|-damage|p2a: almighty skunk|28/100 brn
|
|-damage|p2a: almighty skunk|22/100 brn|[from] brn
|upkeep
|turn|5
|
|t:|1743786022
|move|p2a: almighty skunk|Toxic Spikes|p1a: Moltres
|-sidestart|p1: peekatyou843|move: Toxic Spikes
|move|p1a: Moltres|Flamethrower|p2a: almighty skunk
|-damage|p2a: almighty skunk|0 fnt
|faint|p2a: almighty skunk
|
|-fieldend|move: Trick Room
|upkeep
|
|t:|1743786035
|switch|p2a: the destroyer|Rampardos, M|100/100
|turn|6
|
|t:|1743786043
|switch|p2a: u ready?|Sinistcha|100/100
|-terastallize|p1a: Moltres|Fairy
|move|p1a: Moltres|Will-O-Wisp|p2a: u ready?
|-status|p2a: u ready?|brn
|
|-damage|p2a: u ready?|98/100 brn|[from] brn
|upkeep
|turn|7
|
|t:|1743786053
|move|p1a: Moltres|Flamethrower|p2a: u ready?
|-supereffective|p2a: u ready?
|-damage|p2a: u ready?|56/100 brn
|move|p2a: u ready?|Trick Room|p2a: u ready?
|-fieldstart|move: Trick Room|[of] p2a: u ready?
|
|-damage|p2a: u ready?|53/100 brn|[from] brn
|upkeep
|turn|8
|
|t:|1743786060
|move|p2a: u ready?|Calm Mind|p2a: u ready?
|-boost|p2a: u ready?|spa|1
|-boost|p2a: u ready?|spd|1
|move|p1a: Moltres|Will-O-Wisp|p2a: u ready?
|-fail|p2a: u ready?|brn
|
|-damage|p2a: u ready?|50/100 brn|[from] brn
|upkeep
|turn|9
|
|t:|1743786076
|switch|p1a: Great Tusk|Great Tusk|100/100
|-status|p1a: Great Tusk|tox
|move|p2a: u ready?|Matcha Gotcha|p1a: Great Tusk
|-supereffective|p1a: Great Tusk
|-damage|p1a: Great Tusk|0 fnt
|-heal|p2a: u ready?|100/100 brn|[from] drain|[of] p1a: Great Tusk
|faint|p1a: Great Tusk
|-end|p1a: Great Tusk|Protosynthesis|[silent]
|
|-damage|p2a: u ready?|98/100 brn|[from] brn
|upkeep
|inactive|peekatyou843 has 120 seconds left.
|
|t:|1743786117
|switch|p1a: Dragapult|Dragapult, F|100/100
|-status|p1a: Dragapult|tox
|turn|10
|
|t:|1743786122
|move|p2a: u ready?|Hex|p1a: Dragapult
|-supereffective|p1a: Dragapult
|-damage|p1a: Dragapult|0 fnt
|faint|p1a: Dragapult
|
|-damage|p2a: u ready?|95/100 brn|[from] brn
|upkeep
|
|t:|1743786134
|switch|p1a: Gholdengo|Gholdengo|100/100
|turn|11
|
|t:|1743786138
|move|p2a: u ready?|Hex|p1a: Gholdengo
|-supereffective|p1a: Gholdengo
|-damage|p1a: Gholdengo|0 fnt
|faint|p1a: Gholdengo
|
|-damage|p2a: u ready?|92/100 brn|[from] brn
|-fieldend|move: Trick Room
|upkeep
|-message|peekatyou843 forfeited.
|
|win|chewfive
|raw|peekatyou843's rating: 1229 &rarr; <strong>1204</strong><br />(-25 for losing)
|raw|chewfive's rating: 1235 &rarr; <strong>1260</strong><br />(+25 for winning)
|l|☆peekatyou843
|player|p1|
|l|☆chewfive
|player|p2|
