|j|☆shnore
|j|☆delz123
|t:|1743786715
|gametype|singles
|player|p1|shnore|medium|1359
|player|p2|delz123|169|1380
|teamsize|p1|6
|teamsize|p2|6
|gen|9
|tier|[Gen 9] OU
|rated|
|rule|HP Percentage Mod: HP is shown in percentages
|rule|Endless Battle Clause: Forcing endless battles is banned
|rule|Species Clause: Limit one of each Pokémon
|rule|OHKO Clause: OHKO moves are banned
|rule|Evasion Items Clause: Evasion items are banned
|rule|Evasion Moves Clause: Evasion moves are banned
|rule|Sleep Moves Clause: Sleep-inducing moves are banned
|clearpoke
|poke|p1|Pelipper, F|
|poke|p1|Barraskewda, F|
|poke|p1|Landorus-Therian, M|
|poke|p1|Manaphy|
|poke|p1|Gholdengo|
|poke|p1|Corviknight, M|
|poke|p2|Magnezone|
|poke|p2|Pawmot, F|
|poke|p2|Meowscarada, F|
|poke|p2|Hydrapple, M|
|poke|p2|Cinderace, F|
|poke|p2|Volcanion|
|teampreview
|
|t:|1743786725
|start
|switch|p1a: Landorus|Landorus-Therian, M|100/100
|switch|p2a: BeefBuns|Pawmot, F, shiny|100/100
|-ability|p1a: Landorus|Intimidate|boost
|-unboost|p2a: BeefBuns|atk|1
|turn|1
|
|t:|1743786730
|move|p2a: BeefBuns|Ice Punch|p1a: Landorus
|-supereffective|p1a: Landorus
|-damage|p1a: Landorus|30/100
|-damage|p2a: BeefBuns|84/100|[from] item: Rocky Helmet|[of] p1a: Landorus
|move|p1a: Landorus|Earth Power|p2a: BeefBuns
|-supereffective|p2a: BeefBuns
|-damage|p2a: BeefBuns|0 fnt
|faint|p2a: BeefBuns
|
|upkeep
|inactive|Battle timer is ON: inactive players will automatically lose when time's up. (requested by shnore)
|
|t:|1743786740
|switch|p2a: Catnip|Meowscarada, F, shiny|100/100
|turn|2
|
|t:|1743786743
|switch|p1a: Corviknight|Corviknight, M|100/100
|move|p2a: Catnip|Knock Off|p1a: Corviknight
|-start|p2a: Catnip|typechange|Dark|[from] ability: Protean
|-damage|p1a: Corviknight|74/100
|-enditem|p1a: Corviknight|Heavy-Duty Boots|[from] move: Knock Off|[of] p2a: Catnip
|
|upkeep
|turn|3
|
|t:|1743786752
|switch|p2a: T-Rapper|Magnezone, shiny|100/100
|move|p1a: Corviknight|U-turn|p2a: T-Rapper
|-resisted|p2a: T-Rapper
|-damage|p2a: T-Rapper|94/100
|
|t:|1743786754
|switch|p1a: Landorus|Landorus-Therian, M|30/100|[from] U-turn
|-ability|p1a: Landorus|Intimidate|boost
|-unboost|p2a: T-Rapper|atk|1
|
|upkeep
|turn|4
|
|t:|1743786761
|switch|p2a: Quintatta|Hydrapple, M, shiny|100/100
|move|p1a: Landorus|U-turn|p2a: Quintatta
|-supereffective|p2a: Quintatta
|-damage|p2a: Quintatta|79/100
|
|t:|1743786766
|switch|p1a: Manaphy|Manaphy, shiny|100/100|[from] U-turn
|
|upkeep
|turn|5
|
|t:|1743786771
|move|p1a: Manaphy|Ice Beam|p2a: Quintatta
|-supereffective|p2a: Quintatta
|-damage|p2a: Quintatta|0 fnt
|faint|p2a: Quintatta
|
|upkeep
|
|t:|1743786779
|switch|p2a: T-Rapper|Magnezone, shiny|94/100
|turn|6
|
|t:|1743786783
|switch|p1a: Gholdengo|Gholdengo|100/100
|move|p2a: T-Rapper|Flash Cannon|p1a: Gholdengo
|-resisted|p1a: Gholdengo
|-damage|p1a: Gholdengo|76/100
|
|upkeep
|turn|7
|
|t:|1743786792
|move|p1a: Gholdengo|Focus Blast|p2a: T-Rapper
|-supereffective|p2a: T-Rapper
|-damage|p2a: T-Rapper|44/100
|move|p2a: T-Rapper|Mirror Coat|p1a: Gholdengo
|-damage|p1a: Gholdengo|0 fnt
|faint|p1a: Gholdengo
|
|upkeep
|
|t:|1743786796
|switch|p1a: Landorus|Landorus-Therian, M|30/100
|-ability|p1a: Landorus|Intimidate|boost
|-unboost|p2a: T-Rapper|atk|1
|turn|8
|
|t:|1743786801
|move|p1a: Landorus|Stealth Rock|p2a: T-Rapper
|-sidestart|p2: delz123|move: Stealth Rock
|move|p2a: T-Rapper|Volt Switch|p1a: Landorus
|-immune|p1a: Landorus
|
|upkeep
|turn|9
|
|t:|1743786807
|move|p1a: Landorus|Earth Power|p2a: T-Rapper
|-supereffective|p2a: T-Rapper
|-damage|p2a: T-Rapper|0 fnt
|faint|p2a: T-Rapper
|
|upkeep
|
|t:|1743786812
|switch|p2a: Cinderace|Cinderace, F|100/100
|turn|10
|
|t:|1743786818
|switch|p1a: Pelipper|Pelipper, F|100/100
|-weather|RainDance|[from] ability: Drizzle|[of] p1a: Pelipper
|move|p2a: Cinderace|Court Change|p2a: Cinderace
|-swapsideconditions
|-activate|p2a: Cinderace|move: Court Change
|
|-weather|RainDance|[upkeep]
|upkeep
|turn|11
|
|t:|1743786826
|move|p2a: Cinderace|U-turn|p1a: Pelipper
|-resisted|p1a: Pelipper
|-damage|p1a: Pelipper|90/100
|
|t:|1743786828
|switch|p2a: Schoolbus|Volcanion|100/100|[from] U-turn
|move|p1a: Pelipper|U-turn|p2a: Schoolbus
|-resisted|p2a: Schoolbus
|-damage|p2a: Schoolbus|97/100
|
|t:|1743786831
|switch|p1a: Landorus|Landorus-Therian, M|30/100|[from] U-turn
|-damage|p1a: Landorus|18/100|[from] Stealth Rock
|-ability|p1a: Landorus|Intimidate|boost
|-unboost|p2a: Schoolbus|atk|1
|
|-weather|RainDance|[upkeep]
|upkeep
|turn|12
|
|t:|1743786850
|-terastallize|p2a: Schoolbus|Grass
|move|p1a: Landorus|Earth Power|p2a: Schoolbus
|-resisted|p2a: Schoolbus
|-damage|p2a: Schoolbus|76/100
|move|p2a: Schoolbus|Steam Eruption|p1a: Landorus|[miss]
|-miss|p2a: Schoolbus|p1a: Landorus
|
|-weather|RainDance|[upkeep]
|upkeep
|turn|13
|
|t:|1743786860
|switch|p2a: Catnip|Meowscarada, F, shiny|100/100
|move|p1a: Landorus|U-turn|p2a: Catnip
|-supereffective|p2a: Catnip
|-damage|p2a: Catnip|0 fnt
|faint|p2a: Catnip
|
|t:|1743786862
|switch|p1a: Manaphy|Manaphy, shiny|100/100|[from] U-turn
|-damage|p1a: Manaphy|88/100|[from] Stealth Rock
|
|-weather|RainDance|[upkeep]
|-heal|p1a: Manaphy|94/100|[from] item: Leftovers
|upkeep
|-message|delz123 forfeited.
|
|win|shnore
|raw|shnore's rating: 1359 &rarr; <strong>1380</strong><br />(+21 for winning)
|raw|delz123's rating: 1380 &rarr; <strong>1359</strong><br />(-21 for losing)
|l|☆delz123
|player|p2|
