|j|☆Siscoi
|j|☆Xephelix
|t:|1743831152
|gametype|singles
|player|p1|Siscoi|depotagent|1094
|player|p2|Xephelix|janitor|1144
|teamsize|p1|6
|teamsize|p2|6
|gen|9
|tier|[Gen 9] OU
|rated|
|rule|HP Percentage Mod: HP is shown in percentages
|rule|Endless Battle Clause: Forcing endless battles is banned
|rule|Species Clause: Limit one of each Pokémon
|rule|OHKO Clause: OHKO moves are banned
|rule|Evasion Items Clause: Evasion items are banned
|rule|Evasion Moves Clause: Evasion moves are banned
|rule|Sleep Moves Clause: Sleep-inducing moves are banned
|clearpoke
|poke|p1|Glimmora, F|
|poke|p1|Great Tusk|
|poke|p1|Mismagius, F|
|poke|p1|Hitmonlee, M|
|poke|p1|Clodsire, F|
|poke|p1|Galvantula, F|
|poke|p2|Glimmora, F|
|poke|p2|Kingambit, M|
|poke|p2|Serperior, F|
|poke|p2|Gholdengo|
|poke|p2|Zapdos-Galar|
|poke|p2|Dragonite, M|
|teampreview
|inactive|Battle timer is ON: inactive players will automatically lose when time's up. (requested by Siscoi)
|
|t:|1743831168
|start
|switch|p1a: Glimmora|Glimmora, F|100/100
|switch|p2a: Zapdos|Zapdos-Galar|100/100
|turn|1
|
|t:|1743831188
|move|p2a: Zapdos|Substitute|p2a: Zapdos
|-start|p2a: Zapdos|Substitute
|-damage|p2a: Zapdos|76/100
|move|p1a: Glimmora|Stealth Rock|p2a: Zapdos
|-sidestart|p2: Xephelix|move: Stealth Rock
|
|-heal|p2a: Zapdos|82/100|[from] item: Leftovers
|upkeep
|turn|2
|
|t:|1743831194
|move|p2a: Zapdos|Thunderous Kick|p1a: Glimmora
|-damage|p1a: Glimmora|51/100
|-unboost|p1a: Glimmora|def|1
|-activate|p1a: Glimmora|ability: Toxic Debris
|-sidestart|p2: Xephelix|move: Toxic Spikes
|move|p1a: Glimmora|Power Gem|p2a: Zapdos
|-end|p2a: Zapdos|Substitute
|
|-heal|p2a: Zapdos|88/100|[from] item: Leftovers
|upkeep
|turn|3
|
|t:|1743831205
|move|p2a: Zapdos|Thunderous Kick|p1a: Glimmora
|-damage|p1a: Glimmora|0 fnt
|-activate|p1a: Glimmora|ability: Toxic Debris
|-sidestart|p2: Xephelix|move: Toxic Spikes
|faint|p1a: Glimmora
|
|-heal|p2a: Zapdos|94/100|[from] item: Leftovers
|upkeep
|
|t:|1743831216
|switch|p1a: Galvantula|Galvantula, F|100/100
|turn|4
|
|t:|1743831221
|move|p1a: Galvantula|Thunder|p2a: Zapdos
|-supereffective|p2a: Zapdos
|-damage|p2a: Zapdos|0 fnt
|faint|p2a: Zapdos
|
|upkeep
|
|t:|1743831225
|switch|p2a: Glimmora|Glimmora, F|100/100
|-damage|p2a: Glimmora|88/100|[from] Stealth Rock
|-sideend|p2: Xephelix|move: Toxic Spikes|[of] p2a: Glimmora
|turn|5
|
|t:|1743831232
|move|p1a: Galvantula|Sticky Web|p2a: Glimmora
|-sidestart|p2: Xephelix|move: Sticky Web
|move|p2a: Glimmora|Stealth Rock|p1a: Galvantula
|-sidestart|p1: Siscoi|move: Stealth Rock
|
|upkeep
|turn|6
|
|t:|1743831239
|move|p1a: Galvantula|Energy Ball|p2a: Glimmora
|-damage|p2a: Glimmora|51/100
|-unboost|p2a: Glimmora|spd|1
|move|p2a: Glimmora|Mortal Spin|p1a: Galvantula
|-damage|p1a: Galvantula|89/100
|-status|p1a: Galvantula|psn
|-sideend|p2: Xephelix|Stealth Rock|[from] move: Mortal Spin|[of] p2a: Glimmora
|-sideend|p2: Xephelix|Sticky Web|[from] move: Mortal Spin|[of] p2a: Glimmora
|
|-damage|p1a: Galvantula|76/100 psn|[from] psn
|upkeep
|turn|7
|
|t:|1743831248
|move|p1a: Galvantula|Energy Ball|p2a: Glimmora
|-damage|p2a: Glimmora|3/100
|move|p2a: Glimmora|Power Gem|p1a: Galvantula
|-supereffective|p1a: Galvantula
|-damage|p1a: Galvantula|0 fnt
|faint|p1a: Galvantula
|
|upkeep
|
|t:|1743831256
|switch|p1a: Great Tusk|Great Tusk|100/100
|-damage|p1a: Great Tusk|98/100|[from] Stealth Rock
|-enditem|p1a: Great Tusk|Booster Energy
|-activate|p1a: Great Tusk|ability: Protosynthesis|[fromitem]
|-start|p1a: Great Tusk|protosynthesisatk
|turn|8
|
|t:|1743831262
|move|p1a: Great Tusk|Rapid Spin|p2a: Glimmora
|-resisted|p2a: Glimmora
|-damage|p2a: Glimmora|0 fnt
|-boost|p1a: Great Tusk|spe|1
|-activate|p2a: Glimmora|ability: Toxic Debris
|-sidestart|p1: Siscoi|move: Toxic Spikes
|-sideend|p1: Siscoi|Toxic Spikes|[from] move: Rapid Spin|[of] p1a: Great Tusk
|-sideend|p1: Siscoi|Stealth Rock|[from] move: Rapid Spin|[of] p1a: Great Tusk
|faint|p2a: Glimmora
|
|upkeep
|
|t:|1743831280
|switch|p2a: Gholdengo|Gholdengo|100/100
|turn|9
|
|t:|1743831287
|move|p1a: Great Tusk|Headlong Rush|p2a: Gholdengo
|-supereffective|p2a: Gholdengo
|-damage|p2a: Gholdengo|0 fnt
|-unboost|p1a: Great Tusk|def|1
|-unboost|p1a: Great Tusk|spd|1
|faint|p2a: Gholdengo
|
|upkeep
|
|t:|1743831291
|switch|p2a: Dragonite|Dragonite, M|100/100
|turn|10
|
|t:|1743831298
|-terastallize|p2a: Dragonite|Normal
|move|p2a: Dragonite|Extreme Speed|p1a: Great Tusk
|-damage|p1a: Great Tusk|16/100
|move|p1a: Great Tusk|Ice Spinner|p2a: Dragonite
|-damage|p2a: Dragonite|81/100
|
|upkeep
|turn|11
|
|t:|1743831309
|-end|p1a: Great Tusk|Protosynthesis|[silent]
|switch|p1a: Mismagius|Mismagius, F|100/100
|move|p2a: Dragonite|Extreme Speed|p1a: Mismagius
|-immune|p1a: Mismagius
|
|upkeep
|turn|12
|
|t:|1743831319
|switch|p2a: Serperior|Serperior, F|100/100
|move|p1a: Mismagius|Thunderbolt|p2a: Serperior
|-resisted|p2a: Serperior
|-damage|p2a: Serperior|83/100
|
|-heal|p2a: Serperior|89/100|[from] item: Leftovers
|upkeep
|turn|13
|
|t:|1743831329
|move|p2a: Serperior|Glare|p1a: Mismagius
|-status|p1a: Mismagius|par
|move|p1a: Mismagius|Shadow Ball|p2a: Serperior
|-damage|p2a: Serperior|46/100
|
|-heal|p2a: Serperior|52/100|[from] item: Leftovers
|upkeep
|turn|14
|
|t:|1743831336
|move|p2a: Serperior|Leaf Storm|p1a: Mismagius
|-damage|p1a: Mismagius|43/100 par
|-boost|p2a: Serperior|spa|2
|move|p1a: Mismagius|Shadow Ball|p2a: Serperior
|-damage|p2a: Serperior|7/100
|
|-heal|p2a: Serperior|14/100|[from] item: Leftovers
|upkeep
|turn|15
|
|t:|1743831344
|move|p2a: Serperior|Leaf Storm|p1a: Mismagius|[miss]
|-miss|p2a: Serperior|p1a: Mismagius
|move|p1a: Mismagius|Shadow Ball|p2a: Serperior
|-damage|p2a: Serperior|0 fnt
|faint|p2a: Serperior
|
|upkeep
|
|t:|1743831349
|switch|p2a: Dragonite|Dragonite, M, tera:Normal|81/100
|turn|16
|
|t:|1743831362
|move|p2a: Dragonite|Ice Spinner|p1a: Mismagius
|-damage|p1a: Mismagius|0 fnt
|faint|p1a: Mismagius
|
|upkeep
|
|t:|1743831366
|switch|p1a: Hitmonlee|Hitmonlee, M|100/100
|turn|17
|
|t:|1743831369
|move|p1a: Hitmonlee|Fake Out|p2a: Dragonite
|-enditem|p1a: Hitmonlee|Normal Gem|[from] gem
|-damage|p2a: Dragonite|61/100
|cant|p2a: Dragonite|flinch
|
|upkeep
|turn|18
|
|t:|1743831381
|move|p1a: Hitmonlee|High Jump Kick|p2a: Dragonite
|-supereffective|p2a: Dragonite
|-damage|p2a: Dragonite|0 fnt
|faint|p2a: Dragonite
|
|upkeep
|
|t:|1743831383
|switch|p2a: Kingambit|Kingambit, M|100/100
|-activate|p2a: Kingambit|ability: Supreme Overlord
|-start|p2a: Kingambit|fallen5|[silent]
|turn|19
|
|t:|1743831390
|move|p1a: Hitmonlee|Mach Punch|p2a: Kingambit
|-supereffective|p2a: Kingambit
|-damage|p2a: Kingambit|29/100
|move|p2a: Kingambit|Sucker Punch||[still]
|-fail|p2a: Kingambit
|
|-heal|p2a: Kingambit|35/100|[from] item: Leftovers
|upkeep
|turn|20
|
|t:|1743831396
|move|p1a: Hitmonlee|Mach Punch|p2a: Kingambit
|-supereffective|p2a: Kingambit
|-damage|p2a: Kingambit|0 fnt
|faint|p2a: Kingambit
|-end|p2a: Kingambit|fallen5|[silent]
|
|win|Siscoi
|raw|Siscoi's rating: 1094 &rarr; <strong>1124</strong><br />(+30 for winning)
|raw|Xephelix's rating: 1144 &rarr; <strong>1115</strong><br />(-29 for losing)
|l|☆Xephelix
|player|p2|
|l|☆Siscoi
|player|p1|
