|j|☆u.lose.i.win8374
|j|☆Lubyaaa
|t:|1743841984
|gametype|singles
|player|p1|u.lose.i.win8374|102|1121
|player|p2|Lubyaaa|dawn|1113
|teamsize|p1|6
|teamsize|p2|6
|gen|9
|tier|[Gen 9] OU
|rated|
|rule|HP Percentage Mod: HP is shown in percentages
|rule|Endless Battle Clause: Forcing endless battles is banned
|rule|Species Clause: Limit one of each Pokémon
|rule|OHKO Clause: OHKO moves are banned
|rule|Evasion Items Clause: Evasion items are banned
|rule|Evasion Moves Clause: Evasion moves are banned
|rule|Sleep Moves Clause: Sleep-inducing moves are banned
|clearpoke
|poke|p1|Zarude|
|poke|p1|Hitmontop, M|
|poke|p1|Blaziken, M|
|poke|p1|Espeon, F|
|poke|p1|Kommo-o, F|
|poke|p1|Grimmsnarl, M|
|poke|p2|Zapdos|
|poke|p2|Empoleon, F|
|poke|p2|Serperior, M|
|poke|p2|Great Tusk|
|poke|p2|Hydreigon, M|
|poke|p2|Gholdengo|
|teampreview
|inactive|Battle timer is ON: inactive players will automatically lose when time's up. (requested by u.lose.i.win8374)
|
|t:|1743841998
|start
|switch|p1a: Piccolo|Grimmsnarl, M|100/100
|switch|p2a: Empoleon|Empoleon, F|100/100
|turn|1
|
|t:|1743842008
|move|p1a: Piccolo|Light Screen|p1a: Piccolo
|-sidestart|p1: u.lose.i.win8374|move: Light Screen
|move|p2a: Empoleon|Hydro Pump|p1a: Piccolo
|-damage|p1a: Piccolo|66/100
|
|upkeep
|turn|2
|
|t:|1743842014
|move|p1a: Piccolo|Reflect|p1a: Piccolo
|-sidestart|p1: u.lose.i.win8374|Reflect
|move|p2a: Empoleon|Hydro Pump|p1a: Piccolo
|-damage|p1a: Piccolo|33/100
|
|upkeep
|turn|3
|
|t:|1743842020
|move|p1a: Piccolo|Parting Shot|p2a: Empoleon
|-unboost|p2a: Empoleon|atk|1
|-ability|p2a: Empoleon|Competitive|boost
|-boost|p2a: Empoleon|spa|2
|-unboost|p2a: Empoleon|spa|1
|-ability|p2a: Empoleon|Competitive|boost
|-boost|p2a: Empoleon|spa|2
|
|t:|1743842024
|switch|p1a: Say his words!!!!|Zarude|100/100|[from] Parting Shot
|move|p2a: Empoleon|Hydro Pump|p1a: Say his words!!!!
|-resisted|p1a: Say his words!!!!
|-damage|p1a: Say his words!!!!|65/100
|
|upkeep
|turn|4
|
|t:|1743842039
|-terastallize|p2a: Empoleon|Flying
|move|p1a: Say his words!!!!|Trailblaze|p2a: Empoleon
|-resisted|p2a: Empoleon
|-damage|p2a: Empoleon|89/100
|-boost|p1a: Say his words!!!!|spe|1
|move|p2a: Empoleon|Hydro Pump|p1a: Say his words!!!!
|-resisted|p1a: Say his words!!!!
|-damage|p1a: Say his words!!!!|33/100
|
|upkeep
|turn|5
|
|t:|1743842050
|move|p1a: Say his words!!!!|Knock Off|p2a: Empoleon
|-damage|p2a: Empoleon|47/100
|-enditem|p2a: Empoleon|Choice Specs|[from] move: Knock Off|[of] p1a: Say his words!!!!
|move|p2a: Empoleon|Hydro Pump|p1a: Say his words!!!!
|-resisted|p1a: Say his words!!!!
|-damage|p1a: Say his words!!!!|13/100
|
|upkeep
|turn|6
|
|t:|1743842059
|move|p1a: Say his words!!!!|Jungle Healing|p1a: Say his words!!!!
|-heal|p1a: Say his words!!!!|38/100
|move|p2a: Empoleon|Hydro Pump|p1a: Say his words!!!!
|-resisted|p1a: Say his words!!!!
|-damage|p1a: Say his words!!!!|17/100
|
|upkeep
|turn|7
|
|t:|1743842068
|move|p1a: Say his words!!!!|Jungle Healing|p1a: Say his words!!!!
|-heal|p1a: Say his words!!!!|42/100
|move|p2a: Empoleon|Ice Beam|p1a: Say his words!!!!
|-supereffective|p1a: Say his words!!!!
|-damage|p1a: Say his words!!!!|0 fnt
|faint|p1a: Say his words!!!!
|
|upkeep
|
|t:|1743842074
|switch|p1a: Fuh yo hazards|Espeon, F|100/100
|turn|8
|
|t:|1743842080
|move|p1a: Fuh yo hazards|Trick|p2a: Empoleon
|-activate|p1a: Fuh yo hazards|move: Trick|[of] p2a: Empoleon
|-item|p2a: Empoleon|Choice Scarf|[from] move: Trick
|-enditem|p1a: Fuh yo hazards|Choice Scarf|[silent]|[from] move: Trick
|move|p2a: Empoleon|Hydro Pump|p1a: Fuh yo hazards
|-damage|p1a: Fuh yo hazards|11/100
|
|-sideend|p1: u.lose.i.win8374|move: Light Screen
|upkeep
|turn|9
|
|t:|1743842089
|move|p1a: Fuh yo hazards|Thunder Wave|p2a: Empoleon
|-status|p2a: Empoleon|par
|move|p2a: Empoleon|Hydro Pump|p1a: Fuh yo hazards
|-damage|p1a: Fuh yo hazards|0 fnt
|faint|p1a: Fuh yo hazards
|
|-sideend|p1: u.lose.i.win8374|Reflect
|upkeep
|
|t:|1743842094
|switch|p1a: Piccolo|Grimmsnarl, M|33/100
|turn|10
|
|t:|1743842101
|move|p1a: Piccolo|Light Screen|p1a: Piccolo
|-sidestart|p1: u.lose.i.win8374|move: Light Screen
|-activate|p2a: Empoleon|move: Struggle
|move|p2a: Empoleon|Struggle|p1a: Piccolo
|-damage|p1a: Piccolo|25/100
|-damage|p2a: Empoleon|22/100 par|[from] recoil
|
|upkeep
|turn|11
|
|t:|1743842108
|move|p1a: Piccolo|Reflect|p1a: Piccolo
|-sidestart|p1: u.lose.i.win8374|Reflect
|-activate|p2a: Empoleon|move: Struggle
|move|p2a: Empoleon|Struggle|p1a: Piccolo
|-damage|p1a: Piccolo|21/100
|-damage|p2a: Empoleon|0 fnt|[from] recoil
|faint|p2a: Empoleon
|
|upkeep
|
|t:|1743842118
|switch|p2a: Serperior|Serperior, M|100/100
|turn|12
|
|t:|1743842123
|switch|p1a: Krillin|Hitmontop, M|100/100
|move|p2a: Serperior|Glare|p1a: Krillin
|-status|p1a: Krillin|par
|
|upkeep
|turn|13
|
|t:|1743842130
|move|p2a: Serperior|Leech Seed|p1a: Krillin|[miss]
|-miss|p2a: Serperior|p1a: Krillin
|move|p1a: Krillin|Rapid Spin|p2a: Serperior
|-damage|p2a: Serperior|74/100
|-boost|p1a: Krillin|spe|1
|
|-heal|p2a: Serperior|80/100|[from] item: Leftovers
|upkeep
|turn|14
|inactive|u.lose.i.win8374 has 120 seconds left.
|
|t:|1743842178
|move|p2a: Serperior|Leech Seed|p1a: Krillin
|-start|p1a: Krillin|move: Leech Seed
|cant|p1a: Krillin|par
|
|-heal|p2a: Serperior|86/100|[from] item: Leftovers
|-damage|p1a: Krillin|88/100 par|[from] Leech Seed|[of] p2a: Serperior
|-heal|p2a: Serperior|97/100|[silent]
|upkeep
|turn|15
|
|t:|1743842187
|move|p2a: Serperior|Leaf Storm|p1a: Krillin|[miss]
|-miss|p2a: Serperior|p1a: Krillin
|cant|p1a: Krillin|par
|
|-heal|p2a: Serperior|100/100|[from] item: Leftovers
|-damage|p1a: Krillin|76/100 par|[from] Leech Seed|[of] p2a: Serperior
|upkeep
|turn|16
|inactive|u.lose.i.win8374 has 120 seconds left.
|
|t:|1743842197
|move|p2a: Serperior|Leaf Storm|p1a: Krillin
|-damage|p1a: Krillin|53/100 par
|-boost|p2a: Serperior|spa|2
|move|p1a: Krillin|Triple Axel|p2a: Serperior
|-supereffective|p2a: Serperior
|-damage|p2a: Serperior|79/100
|-supereffective|p2a: Serperior
|-damage|p2a: Serperior|41/100
|-supereffective|p2a: Serperior
|-damage|p2a: Serperior|0 fnt
|faint|p2a: Serperior
|-hitcount|p2: Serperior|3
|
|upkeep
|
|t:|1743842211
|switch|p2a: Gholdengo|Gholdengo|100/100
|-item|p2a: Gholdengo|Air Balloon
|turn|17
|
|t:|1743842217
|move|p2a: Gholdengo|Hex|p1a: Krillin
|-damage|p1a: Krillin|18/100 par
|move|p1a: Krillin|Triple Axel|p2a: Gholdengo
|-resisted|p2a: Gholdengo
|-damage|p2a: Gholdengo|97/100
|-enditem|p2a: Gholdengo|Air Balloon
|-resisted|p2a: Gholdengo
|-damage|p2a: Gholdengo|89/100
|-resisted|p2a: Gholdengo
|-damage|p2a: Gholdengo|78/100
|-hitcount|p2a: Gholdengo|3
|
|-damage|p1a: Krillin|6/100 par|[from] Leech Seed|[of] p2a: Gholdengo
|-heal|p2a: Gholdengo|87/100|[silent]
|-sideend|p1: u.lose.i.win8374|move: Light Screen
|upkeep
|turn|18
|
|t:|1743842232
|move|p2a: Gholdengo|Hex|p1a: Krillin
|-damage|p1a: Krillin|0 fnt
|faint|p1a: Krillin
|
|-sideend|p1: u.lose.i.win8374|Reflect
|upkeep
|
|t:|1743842235
|switch|p1a: Piccolo|Grimmsnarl, M|21/100
|turn|19
|
|t:|1743842242
|move|p1a: Piccolo|Light Screen|p1a: Piccolo
|-sidestart|p1: u.lose.i.win8374|move: Light Screen
|move|p2a: Gholdengo|Make It Rain|p1a: Piccolo
|-supereffective|p1a: Piccolo
|-damage|p1a: Piccolo|0 fnt
|-unboost|p2a: Gholdengo|spa|1
|faint|p1a: Piccolo
|
|upkeep
|
|t:|1743842253
|switch|p1a: Goku|Blaziken, M|100/100
|-item|p1a: Goku|Air Balloon
|turn|20
|
|t:|1743842259
|move|p1a: Goku|Swords Dance|p1a: Goku
|-boost|p1a: Goku|atk|2
|move|p2a: Gholdengo|Thunder Wave|p1a: Goku
|-status|p1a: Goku|par
|
|-ability|p1a: Goku|Speed Boost|boost
|-boost|p1a: Goku|spe|1
|upkeep
|turn|21
|
|t:|1743842268
|move|p2a: Gholdengo|Hex|p1a: Goku
|-damage|p1a: Goku|74/100 par
|-enditem|p1a: Goku|Air Balloon
|move|p1a: Goku|Fire Punch|p2a: Gholdengo
|-supereffective|p2a: Gholdengo
|-damage|p2a: Gholdengo|0 fnt
|faint|p2a: Gholdengo
|
|-ability|p1a: Goku|Speed Boost|boost
|-boost|p1a: Goku|spe|1
|upkeep
|
|t:|1743842281
|switch|p2a: Great Tusk|Great Tusk|100/100
|turn|22
|
|t:|1743842298
|move|p1a: Goku|Earthquake|p2a: Great Tusk
|-damage|p2a: Great Tusk|62/100
|move|p2a: Great Tusk|Headlong Rush|p1a: Goku
|-supereffective|p1a: Goku
|-damage|p1a: Goku|0 fnt
|-unboost|p2a: Great Tusk|def|1
|-unboost|p2a: Great Tusk|spd|1
|faint|p1a: Goku
|
|upkeep
|
|t:|1743842304
|switch|p1a: Broly|Kommo-o, F|100/100
|turn|23
|
|t:|1743842313
|move|p1a: Broly|Clangorous Soul|p1a: Broly
|-boost|p1a: Broly|atk|1
|-boost|p1a: Broly|def|1
|-boost|p1a: Broly|spa|1
|-boost|p1a: Broly|spd|1
|-boost|p1a: Broly|spe|1
|-damage|p1a: Broly|68/100
|-enditem|p1a: Broly|Throat Spray
|-boost|p1a: Broly|spa|1|[from] item: Throat Spray
|move|p2a: Great Tusk|Close Combat|p1a: Broly
|-damage|p1a: Broly|28/100
|-unboost|p2a: Great Tusk|def|1
|-unboost|p2a: Great Tusk|spd|1
|
|upkeep
|turn|24
|
|t:|1743842336
|move|p1a: Broly|Clanging Scales|p2a: Great Tusk
|-damage|p2a: Great Tusk|0 fnt
|faint|p2a: Great Tusk
|-end|p2a: Great Tusk|Protosynthesis|[silent]
|-unboost|p1a: Broly|def|1
|
|upkeep
|
|t:|1743842343
|switch|p2a: 肯德基|Zapdos|100/100
|turn|25
|
|t:|1743842352
|move|p1a: Broly|Clanging Scales|p2a: 肯德基
|-damage|p2a: 肯德基|9/100
|-unboost|p1a: Broly|def|1
|move|p2a: 肯德基|Hurricane|p1a: Broly
|-supereffective|p1a: Broly
|-damage|p1a: Broly|0 fnt
|faint|p1a: Broly
|
|win|Lubyaaa
|raw|u.lose.i.win8374's rating: 1121 &rarr; <strong>1095</strong><br />(-26 for losing)
|raw|Lubyaaa's rating: 1113 &rarr; <strong>1139</strong><br />(+26 for winning)
|l|☆Lubyaaa
|player|p2|
|l|☆u.lose.i.win8374
|player|p1|
