|j|☆MayhemFlopped
|j|☆sloppy beans
|t:|1743825716
|gametype|singles
|player|p1|MayhemFlopped|169|1300
|player|p2|sloppy beans|2|1272
|teamsize|p1|6
|teamsize|p2|6
|gen|9
|tier|[Gen 9] OU
|rated|
|rule|HP Percentage Mod: HP is shown in percentages
|rule|Endless Battle Clause: Forcing endless battles is banned
|rule|Species Clause: Limit one of each Pokémon
|rule|OHKO Clause: OHKO moves are banned
|rule|Evasion Items Clause: Evasion items are banned
|rule|Evasion Moves Clause: Evasion moves are banned
|rule|Sleep Moves Clause: Sleep-inducing moves are banned
|clearpoke
|poke|p1|Enamorus, F|
|poke|p1|Dragapult, F|
|poke|p1|Great Tusk|
|poke|p1|Rillaboom, M|
|poke|p1|Iron Crown|
|poke|p1|Alomomola, F|
|poke|p2|Kyurem|
|poke|p2|Garganacl, F|
|poke|p2|Gliscor, F|
|poke|p2|Slowking-Galar, M|
|poke|p2|Moltres|
|poke|p2|Primarina, F|
|teampreview
|inactive|Battle timer is ON: inactive players will automatically lose when time's up. (requested by sloppy beans)
|
|t:|1743825743
|start
|switch|p1a: Rillaboom|Rillaboom, M|100/100
|switch|p2a: Gliscor|Gliscor, F|100/100
|-fieldstart|move: Grassy Terrain|[from] ability: Grassy Surge|[of] p1a: Rillaboom
|turn|1
|inactive|sloppy beans has 120 seconds left.
|
|t:|1743825780
|move|p2a: Gliscor|Protect|p2a: Gliscor
|-singleturn|p2a: Gliscor|Protect
|move|p1a: Rillaboom|Knock Off|p2a: Gliscor
|-activate|p2a: Gliscor|move: Protect
|
|-status|p2a: Gliscor|tox|[from] item: Toxic Orb
|upkeep
|turn|2
|
|t:|1743825786
|move|p1a: Rillaboom|Knock Off|p2a: Gliscor
|-damage|p2a: Gliscor|58/100 tox
|-enditem|p2a: Gliscor|Toxic Orb|[from] move: Knock Off|[of] p1a: Rillaboom
|move|p2a: Gliscor|U-turn|p1a: Rillaboom
|-supereffective|p1a: Rillaboom
|-damage|p1a: Rillaboom|64/100
|inactive|sloppy beans has 120 seconds left.
|
|t:|1743825804
|switch|p2a: Kyurem|Kyurem|100/100|[from] U-turn
|-ability|p2a: Kyurem|Pressure
|
|-heal|p1a: Rillaboom|70/100|[from] Grassy Terrain
|upkeep
|turn|3
|
|t:|1743825820
|switch|p2a: Gliscor|Gliscor, F|58/100 tox
|switch|p1a: Alomomola|Alomomola, F|100/100
|
|-heal|p2a: Gliscor|70/100 tox|[from] ability: Poison Heal
|upkeep
|turn|4
|
|t:|1743825828
|move|p2a: Gliscor|Protect|p2a: Gliscor
|-singleturn|p2a: Gliscor|Protect
|move|p1a: Alomomola|Wish|p1a: Alomomola
|
|-heal|p2a: Gliscor|83/100 tox|[from] ability: Poison Heal
|upkeep
|turn|5
|
|t:|1743825839
|move|p2a: Gliscor|Toxic|p1a: Alomomola
|-status|p1a: Alomomola|tox
|move|p1a: Alomomola|Flip Turn|p2a: Gliscor
|-supereffective|p2a: Gliscor
|-damage|p2a: Gliscor|58/100 tox
|
|t:|1743825855
|switch|p1a: Rillaboom|Rillaboom, M|70/100|[from] Flip Turn
|
|-heal|p1a: Rillaboom|100/100|[from] move: Wish|[wisher] Alomomola
|-heal|p2a: Gliscor|71/100 tox|[from] ability: Poison Heal
|-fieldend|move: Grassy Terrain
|upkeep
|turn|6
|
|t:|1743825861
|move|p2a: Gliscor|Protect|p2a: Gliscor
|-singleturn|p2a: Gliscor|Protect
|move|p1a: Rillaboom|U-turn|p2a: Gliscor
|-activate|p2a: Gliscor|move: Protect
|
|-heal|p2a: Gliscor|83/100 tox|[from] ability: Poison Heal
|upkeep
|turn|7
|
|t:|1743825870
|move|p1a: Rillaboom|U-turn|p2a: Gliscor
|-resisted|p2a: Gliscor
|-damage|p2a: Gliscor|68/100 tox
|
|t:|1743825877
|switch|p1a: Alomomola|Alomomola, F|100/100 tox|[from] U-turn
|move|p2a: Gliscor|U-turn|p1a: Alomomola
|-damage|p1a: Alomomola|89/100 tox
|
|t:|1743825890
|switch|p2a: Kyurem|Kyurem|100/100|[from] U-turn
|-ability|p2a: Kyurem|Pressure
|
|-damage|p1a: Alomomola|83/100 tox|[from] psn
|upkeep
|turn|8
|
|t:|1743825896
|move|p2a: Kyurem|Freeze-Dry|p1a: Alomomola
|-supereffective|p1a: Alomomola
|-damage|p1a: Alomomola|38/100 tox
|move|p1a: Alomomola|Mirror Coat|p2a: Kyurem
|-damage|p2a: Kyurem|0 fnt
|faint|p2a: Kyurem
|
|-damage|p1a: Alomomola|25/100 tox|[from] psn
|upkeep
|
|t:|1743825906
|switch|p2a: Primarina|Primarina, F|100/100
|turn|9
|
|t:|1743825923
|switch|p1a: Rillaboom|Rillaboom, M|100/100
|-fieldstart|move: Grassy Terrain|[from] ability: Grassy Surge|[of] p1a: Rillaboom
|move|p2a: Primarina|Calm Mind|p2a: Primarina
|-boost|p2a: Primarina|spa|1
|-boost|p2a: Primarina|spd|1
|
|upkeep
|turn|10
|
|t:|1743825935
|switch|p2a: Moltres|Moltres|100/100
|move|p1a: Rillaboom|Wood Hammer|p2a: Moltres
|-resisted|p2a: Moltres
|-damage|p2a: Moltres|78/100
|-damage|p1a: Rillaboom|92/100|[from] Recoil
|
|-heal|p1a: Rillaboom|98/100|[from] Grassy Terrain
|upkeep
|turn|11
|
|t:|1743825943
|switch|p1a: Alomomola|Alomomola, F|59/100 tox
|move|p2a: Moltres|Will-O-Wisp||[still]
|-fail|p2a: Moltres
|
|-heal|p1a: Alomomola|65/100 tox|[from] Grassy Terrain
|-damage|p1a: Alomomola|59/100 tox|[from] psn
|upkeep
|turn|12
|
|t:|1743825950
|move|p2a: Moltres|Roost|p2a: Moltres
|-heal|p2a: Moltres|100/100
|-singleturn|p2a: Moltres|move: Roost
|move|p1a: Alomomola|Flip Turn|p2a: Moltres
|-supereffective|p2a: Moltres
|-crit|p2a: Moltres
|-damage|p2a: Moltres|66/100
|
|t:|1743825971
|switch|p1a: Dragapult|Dragapult, F|100/100|[from] Flip Turn
|
|-heal|p2a: Moltres|72/100|[from] Grassy Terrain
|upkeep
|turn|13
|
|t:|1743825983
|move|p1a: Dragapult|Thunder Wave|p2a: Moltres
|-status|p2a: Moltres|par
|move|p2a: Moltres|Will-O-Wisp|p1a: Dragapult|[miss]
|-miss|p2a: Moltres|p1a: Dragapult
|
|-fieldend|move: Grassy Terrain
|upkeep
|turn|14
|
|t:|1743825990
|switch|p1a: Enamorus|Enamorus, F|100/100
|cant|p2a: Moltres|par
|
|upkeep
|turn|15
|
|t:|1743826000
|switch|p1a: Dragapult|Dragapult, F|100/100
|move|p2a: Moltres|Flamethrower|p1a: Dragapult
|-resisted|p1a: Dragapult
|-damage|p1a: Dragapult|77/100
|-start|p2a: Moltres|Disable|Flamethrower|[from] ability: Cursed Body|[of] p1a: Dragapult
|
|-heal|p1a: Dragapult|83/100|[from] item: Leftovers
|upkeep
|turn|16
|
|t:|1743826005
|move|p1a: Dragapult|Hex|p2a: Moltres
|-damage|p2a: Moltres|17/100 par
|cant|p2a: Moltres|par
|
|-heal|p1a: Dragapult|89/100|[from] item: Leftovers
|upkeep
|turn|17
|
|t:|1743826012
|move|p1a: Dragapult|Hex|p2a: Moltres
|-damage|p2a: Moltres|0 fnt
|faint|p2a: Moltres
|
|-heal|p1a: Dragapult|95/100|[from] item: Leftovers
|upkeep
|
|t:|1743826018
|switch|p2a: Garganacl|Garganacl, F|100/100
|turn|18
|
|t:|1743826023
|switch|p1a: Alomomola|Alomomola, F|92/100 tox
|move|p2a: Garganacl|Curse|p2a: Garganacl
|-unboost|p2a: Garganacl|spe|1
|-boost|p2a: Garganacl|atk|1
|-boost|p2a: Garganacl|def|1
|
|-damage|p1a: Alomomola|86/100 tox|[from] psn
|upkeep
|turn|19
|
|t:|1743826032
|switch|p1a: Enamorus|Enamorus, F|100/100
|move|p2a: Garganacl|Curse|p2a: Garganacl
|-unboost|p2a: Garganacl|spe|1
|-boost|p2a: Garganacl|atk|1
|-boost|p2a: Garganacl|def|1
|
|upkeep
|turn|20
|
|t:|1743826038
|move|p1a: Enamorus|Earth Power|p2a: Garganacl
|-supereffective|p2a: Garganacl
|-damage|p2a: Garganacl|54/100
|move|p2a: Garganacl|Salt Cure|p1a: Enamorus
|-supereffective|p1a: Enamorus
|-damage|p1a: Enamorus|8/100
|-start|p1a: Enamorus|Salt Cure
|
|-heal|p2a: Garganacl|61/100|[from] item: Leftovers
|-damage|p1a: Enamorus|0 fnt|[from] Salt Cure
|faint|p1a: Enamorus
|upkeep
|
|t:|1743826047
|switch|p1a: Rillaboom|Rillaboom, M|98/100
|-fieldstart|move: Grassy Terrain|[from] ability: Grassy Surge|[of] p1a: Rillaboom
|turn|21
|
|t:|1743826059
|-terastallize|p2a: Garganacl|Grass
|move|p1a: Rillaboom|Knock Off|p2a: Garganacl
|-damage|p2a: Garganacl|42/100
|-enditem|p2a: Garganacl|Leftovers|[from] move: Knock Off|[of] p1a: Rillaboom
|move|p2a: Garganacl|Recover|p2a: Garganacl
|-heal|p2a: Garganacl|92/100
|
|-heal|p1a: Rillaboom|100/100|[from] Grassy Terrain
|-heal|p2a: Garganacl|98/100|[from] Grassy Terrain
|upkeep
|turn|22
|
|t:|1743826069
|switch|p1a: Great Tusk|Great Tusk|100/100
|-enditem|p1a: Great Tusk|Booster Energy
|-activate|p1a: Great Tusk|ability: Protosynthesis|[fromitem]
|-start|p1a: Great Tusk|protosynthesisspe
|move|p2a: Garganacl|Salt Cure|p1a: Great Tusk
|-resisted|p1a: Great Tusk
|-damage|p1a: Great Tusk|97/100
|-start|p1a: Great Tusk|Salt Cure
|
|-heal|p1a: Great Tusk|100/100|[from] Grassy Terrain
|-heal|p2a: Garganacl|100/100|[from] Grassy Terrain
|-damage|p1a: Great Tusk|88/100|[from] Salt Cure
|upkeep
|turn|23
|
|t:|1743826082
|move|p1a: Great Tusk|Ice Spinner|p2a: Garganacl
|-supereffective|p2a: Garganacl
|-damage|p2a: Garganacl|85/100
|-fieldend|move: Grassy Terrain
|move|p2a: Garganacl|Curse|p2a: Garganacl
|-unboost|p2a: Garganacl|spe|1
|-boost|p2a: Garganacl|atk|1
|-boost|p2a: Garganacl|def|1
|
|-damage|p1a: Great Tusk|76/100|[from] Salt Cure
|upkeep
|turn|24
|
|t:|1743826090
|move|p1a: Great Tusk|Ice Spinner|p2a: Garganacl
|-supereffective|p2a: Garganacl
|-damage|p2a: Garganacl|72/100
|move|p2a: Garganacl|Salt Cure|p1a: Great Tusk
|-resisted|p1a: Great Tusk
|-damage|p1a: Great Tusk|70/100
|
|-damage|p1a: Great Tusk|57/100|[from] Salt Cure
|upkeep
|turn|25
|
|t:|1743826094
|move|p1a: Great Tusk|Ice Spinner|p2a: Garganacl
|-supereffective|p2a: Garganacl
|-damage|p2a: Garganacl|60/100
|move|p2a: Garganacl|Recover|p2a: Garganacl
|-heal|p2a: Garganacl|100/100
|
|-damage|p1a: Great Tusk|45/100|[from] Salt Cure
|upkeep
|turn|26
|
|t:|1743826099
|move|p1a: Great Tusk|Ice Spinner|p2a: Garganacl
|-supereffective|p2a: Garganacl
|-damage|p2a: Garganacl|88/100
|move|p2a: Garganacl|Salt Cure|p1a: Great Tusk
|-resisted|p1a: Great Tusk
|-damage|p1a: Great Tusk|40/100
|
|-damage|p1a: Great Tusk|27/100|[from] Salt Cure
|upkeep
|turn|27
|
|t:|1743826104
|move|p1a: Great Tusk|Ice Spinner|p2a: Garganacl
|-supereffective|p2a: Garganacl
|-crit|p2a: Garganacl
|-damage|p2a: Garganacl|39/100
|move|p2a: Garganacl|Salt Cure|p1a: Great Tusk
|-resisted|p1a: Great Tusk
|-damage|p1a: Great Tusk|22/100
|
|-damage|p1a: Great Tusk|10/100|[from] Salt Cure
|upkeep
|turn|28
|
|t:|1743826111
|move|p1a: Great Tusk|Ice Spinner|p2a: Garganacl
|-supereffective|p2a: Garganacl
|-damage|p2a: Garganacl|27/100
|move|p2a: Garganacl|Recover|p2a: Garganacl
|-heal|p2a: Garganacl|77/100
|
|-damage|p1a: Great Tusk|0 fnt|[from] Salt Cure
|faint|p1a: Great Tusk
|-end|p1a: Great Tusk|Protosynthesis|[silent]
|upkeep
|
|t:|1743826121
|switch|p1a: Rillaboom|Rillaboom, M|100/100
|-fieldstart|move: Grassy Terrain|[from] ability: Grassy Surge|[of] p1a: Rillaboom
|turn|29
|-message|MayhemFlopped forfeited.
|
|win|sloppy beans
|raw|MayhemFlopped's rating: 1300 &rarr; <strong>1273</strong><br />(-27 for losing)
|raw|sloppy beans's rating: 1272 &rarr; <strong>1299</strong><br />(+27 for winning)
|l|☆MayhemFlopped
|player|p1|
|l|☆sloppy beans
|player|p2|
