|j|☆Ilyas Hidayat
|j|☆arran147
|t:|1743932650
|gametype|singles
|player|p1|Ilyas Hidayat|101|1227
|player|p2|arran147|2|1181
|teamsize|p1|6
|teamsize|p2|6
|gen|9
|tier|[Gen 9] OU
|rated|
|rule|HP Percentage Mod: HP is shown in percentages
|rule|Endless Battle Clause: Forcing endless battles is banned
|rule|Species Clause: Limit one of each Pokémon
|rule|OHKO Clause: OHKO moves are banned
|rule|Evasion Items Clause: Evasion items are banned
|rule|Evasion Moves Clause: Evasion moves are banned
|rule|Sleep Moves Clause: Sleep-inducing moves are banned
|clearpoke
|poke|p1|Cinderace, M|
|poke|p1|Zapdos|
|poke|p1|Ting-Lu|
|poke|p1|Gholdengo|
|poke|p1|Zamazenta-*|
|poke|p1|Ogerpon-Wellspring, F|
|poke|p2|Pecharunt|
|poke|p2|Weezing-Galar, F|
|poke|p2|Moltres-Galar|
|poke|p2|Enamorus, F|
|poke|p2|Ninetales-Alola, F|
|poke|p2|Glaceon, F|
|teampreview
|inactive|Battle timer is ON: inactive players will automatically lose when time's up. (requested by Ilyas Hidayat)
|
|t:|1743932670
|start
|switch|p1a: Gholdengo|Gholdengo|100/100
|switch|p2a: Ninetales|Ninetales-Alola, F|100/100
|-weather|Snowscape|[from] ability: Snow Warning|[of] p2a: Ninetales
|-item|p1a: Gholdengo|Air Balloon
|turn|1
|
|t:|1743932680
|move|p2a: Ninetales|Blizzard|p1a: Gholdengo
|-resisted|p1a: Gholdengo
|-crit|p1a: Gholdengo
|-damage|p1a: Gholdengo|61/100
|-enditem|p1a: Gholdengo|Air Balloon
|move|p1a: Gholdengo|Make It Rain|p2a: Ninetales
|-supereffective|p2a: Ninetales
|-damage|p2a: Ninetales|0 fnt
|-unboost|p1a: Gholdengo|spa|1
|faint|p2a: Ninetales
|
|-weather|Snowscape|[upkeep]
|upkeep
|
|t:|1743932684
|switch|p2a: Glaceon|Glaceon, F|100/100
|turn|2
|
|t:|1743932701
|switch|p1a: Cinderace|Cinderace, M|100/100
|-terastallize|p2a: Glaceon|Water
|move|p2a: Glaceon|Tera Blast|p1a: Cinderace|[anim] Tera Blast Water
|-supereffective|p1a: Cinderace
|-damage|p1a: Cinderace|0 fnt
|faint|p1a: Cinderace
|
|-weather|Snowscape|[upkeep]
|upkeep
|
|t:|1743932715
|switch|p1a: Ogerpon|Ogerpon-Wellspring, F|100/100
|turn|3
|
|t:|1743932723
|move|p1a: Ogerpon|Encore|p2a: Glaceon
|-start|p2a: Glaceon|Encore
|move|p2a: Glaceon|Tera Blast|p1a: Ogerpon|[anim] Tera Blast Water
|-immune|p1a: Ogerpon|[from] ability: Water Absorb
|
|-weather|Snowscape|[upkeep]
|upkeep
|turn|4
|
|t:|1743932732
|switch|p2a: Weezing|Weezing-Galar, F|100/100
|-ability|p2a: Weezing|Neutralizing Gas
|move|p1a: Ogerpon|Ivy Cudgel|p2a: Weezing|[anim] Ivy Cudgel Water
|-damage|p2a: Weezing|62/100
|
|-weather|Snowscape|[upkeep]
|upkeep
|turn|5
|
|t:|1743932748
|switch|p1a: Gholdengo|Gholdengo|61/100
|-end|p2a: Weezing|ability: Neutralizing Gas
|switch|p2a: Glaceon|Glaceon, F, tera:Water|100/100
|
|-weather|Snowscape|[upkeep]
|upkeep
|turn|6
|
|t:|1743932758
|switch|p1a: Ogerpon|Ogerpon-Wellspring, F|100/100
|move|p2a: Glaceon|Blizzard|p1a: Ogerpon
|-crit|p1a: Ogerpon
|-damage|p1a: Ogerpon|0 fnt
|faint|p1a: Ogerpon
|
|-weather|Snowscape|[upkeep]
|upkeep
|
|t:|1743932771
|switch|p1a: Zapdos|Zapdos|100/100
|turn|7
|
|t:|1743932777
|-terastallize|p1a: Zapdos|Steel
|move|p1a: Zapdos|Thunder Wave|p2a: Glaceon
|-status|p2a: Glaceon|par
|cant|p2a: Glaceon|par
|
|-weather|Snowscape|[upkeep]
|upkeep
|turn|8
|
|t:|1743932789
|move|p1a: Zapdos|Thunderbolt|p2a: Glaceon
|-supereffective|p2a: Glaceon
|-damage|p2a: Glaceon|26/100 par
|move|p2a: Glaceon|Tera Blast|p1a: Zapdos|[anim] Tera Blast Water
|-damage|p1a: Zapdos|58/100
|
|-weather|none
|-heal|p2a: Glaceon|32/100 par|[from] item: Leftovers
|upkeep
|turn|9
|
|t:|1743932799
|move|p1a: Zapdos|Thunderbolt|p2a: Glaceon
|-supereffective|p2a: Glaceon
|-damage|p2a: Glaceon|0 fnt
|faint|p2a: Glaceon
|
|upkeep
|
|t:|1743932801
|switch|p2a: Enamorus|Enamorus, F|100/100
|turn|10
|
|t:|1743932808
|switch|p1a: Ting-Lu|Ting-Lu|100/100
|-ability|p1a: Ting-Lu|Vessel of Ruin
|move|p2a: Enamorus|Superpower|p1a: Ting-Lu
|-supereffective|p1a: Ting-Lu
|-damage|p1a: Ting-Lu|55/100
|-boost|p2a: Enamorus|atk|1
|-boost|p2a: Enamorus|def|1
|
|-heal|p1a: Ting-Lu|61/100|[from] item: Leftovers
|upkeep
|turn|11
|
|t:|1743932822
|switch|p2a: Moltres|Moltres-Galar|100/100
|switch|p1a: Zapdos|Zapdos, tera:Steel|58/100
|
|upkeep
|turn|12
|
|t:|1743932830
|move|p1a: Zapdos|Thunder Wave|p2a: Moltres
|-status|p2a: Moltres|par
|move|p2a: Moltres|Fiery Wrath|p1a: Zapdos
|-damage|p1a: Zapdos|29/100
|
|upkeep
|turn|13
|
|t:|1743932837
|move|p1a: Zapdos|Roost|p1a: Zapdos
|-heal|p1a: Zapdos|80/100
|cant|p2a: Moltres|par
|
|upkeep
|turn|14
|
|t:|1743932844
|switch|p2a: Weezing|Weezing-Galar, F|62/100
|-ability|p2a: Weezing|Neutralizing Gas
|move|p1a: Zapdos|Thunderbolt|p2a: Weezing
|-damage|p2a: Weezing|11/100
|
|upkeep
|turn|15
|
|t:|1743932852
|move|p1a: Zapdos|Thunderbolt|p2a: Weezing
|-damage|p2a: Weezing|0 fnt
|faint|p2a: Weezing
|-end|p2a: Weezing|ability: Neutralizing Gas
|
|upkeep
|
|t:|1743932855
|switch|p2a: Enamorus|Enamorus, F|100/100
|turn|16
|
|t:|1743932861
|switch|p1a: Gholdengo|Gholdengo|61/100
|move|p2a: Enamorus|Superpower|p1a: Gholdengo
|-immune|p1a: Gholdengo
|
|upkeep
|turn|17
|-message|arran147 forfeited.
|
|win|Ilyas Hidayat
|raw|Ilyas Hidayat's rating: 1227 &rarr; <strong>1249</strong><br />(+22 for winning)
|raw|arran147's rating: 1181 &rarr; <strong>1159</strong><br />(-22 for losing)
|l|☆arran147
|player|p2|
|l|☆Ilyas Hidayat
|player|p1|
