|j|☆CARRYING BOATS
|j|☆Cam1610
|t:|1743861332
|gametype|singles
|player|p1|CARRYING BOATS|102|1526
|player|p2|Cam1610|hiker-gen4|1542
|teamsize|p1|6
|teamsize|p2|6
|gen|9
|tier|[Gen 9] OU
|rated|
|rule|HP Percentage Mod: HP is shown in percentages
|rule|Endless Battle Clause: Forcing endless battles is banned
|rule|Species Clause: Limit one of each Pokémon
|rule|OHKO Clause: OHKO moves are banned
|rule|Evasion Items Clause: Evasion items are banned
|rule|Evasion Moves Clause: Evasion moves are banned
|rule|Sleep Moves Clause: Sleep-inducing moves are banned
|clearpoke
|poke|p1|Dragonite, F|
|poke|p1|Ting-Lu|
|poke|p1|Sinistcha-Masterpiece|
|poke|p1|Tinkaton, F|
|poke|p1|Kyurem|
|poke|p1|Cinderace, F|
|poke|p2|Darkrai|
|poke|p2|Ceruledge, M|
|poke|p2|Ursaluna, M|
|poke|p2|Kingambit, M|
|poke|p2|Noivern, F|
|poke|p2|Scizor, M|
|teampreview
|inactive|Battle timer is ON: inactive players will automatically lose when time's up. (requested by Cam1610)
|
|t:|1743861358
|start
|switch|p1a: Tinkaton|Tinkaton, F|100/100
|switch|p2a: Beru|Scizor, M|100/100
|-ability|p1a: Tinkaton|Mold Breaker
|-item|p1a: Tinkaton|Air Balloon
|turn|1
|
|t:|1743861377
|move|p2a: Beru|Bullet Punch|p1a: Tinkaton
|-damage|p1a: Tinkaton|48/100
|-enditem|p1a: Tinkaton|Air Balloon
|move|p1a: Tinkaton|Stealth Rock|p2a: Beru
|-sidestart|p2: Cam1610|move: Stealth Rock
|
|upkeep
|turn|2
|
|t:|1743861394
|switch|p1a: Dragonite|Dragonite, F|100/100
|move|p2a: Beru|Bullet Punch|p1a: Dragonite
|-damage|p1a: Dragonite|79/100
|
|upkeep
|turn|3
|
|t:|1743861402
|move|p2a: Beru|Bullet Punch|p1a: Dragonite
|-crit|p1a: Dragonite
|-damage|p1a: Dragonite|14/100
|move|p1a: Dragonite|Dragon Tail|p2a: Beru
|-resisted|p2a: Beru
|-damage|p2a: Beru|84/100
|drag|p2a: Tank|Ursaluna, M, shiny|100/100
|-damage|p2a: Tank|94/100|[from] Stealth Rock
|
|-status|p2a: Tank|brn|[from] item: Flame Orb
|upkeep
|turn|4
|
|t:|1743861417
|switch|p1a: Sinistcha|Sinistcha-Masterpiece|100/100
|move|p2a: Tank|Facade|p1a: Sinistcha
|-immune|p1a: Sinistcha
|
|-damage|p2a: Tank|88/100 brn|[from] brn
|upkeep
|turn|5
|
|t:|1743861429
|switch|p1a: Ting-Lu|Ting-Lu|100/100
|-ability|p1a: Ting-Lu|Vessel of Ruin
|switch|p2a: Tusk|Darkrai, shiny|100/100
|-damage|p2a: Tusk|88/100|[from] Stealth Rock
|
|upkeep
|turn|6
|inactive|Cam1610 has 120 seconds left.
|
|t:|1743861462
|move|p2a: Tusk|Ice Beam|p1a: Ting-Lu
|-supereffective|p1a: Ting-Lu
|-damage|p1a: Ting-Lu|64/100
|-damage|p2a: Tusk|78/100|[from] item: Life Orb
|move|p1a: Ting-Lu|Ruination|p2a: Tusk
|-damage|p2a: Tusk|39/100
|
|-heal|p1a: Ting-Lu|70/100|[from] item: Leftovers
|upkeep
|turn|7
|
|t:|1743861473
|move|p2a: Tusk|Ice Beam|p1a: Ting-Lu
|-supereffective|p1a: Ting-Lu
|-damage|p1a: Ting-Lu|38/100
|-damage|p2a: Tusk|29/100|[from] item: Life Orb
|move|p1a: Ting-Lu|Earthquake|p2a: Tusk
|-damage|p2a: Tusk|0 fnt
|faint|p2a: Tusk
|
|-heal|p1a: Ting-Lu|44/100|[from] item: Leftovers
|upkeep
|inactive|Cam1610 has 120 seconds left.
|
|t:|1743861493
|switch|p2a: Kaisel|Noivern, F|100/100
|-damage|p2a: Kaisel|76/100|[from] Stealth Rock
|turn|8
|
|t:|1743861502
|move|p2a: Kaisel|Defog|p1a: Ting-Lu
|-unboost|p1a: Ting-Lu|evasion|1
|-sideend|p2: Cam1610|Stealth Rock|[from] move: Defog|[of] p2a: Kaisel
|move|p1a: Ting-Lu|Spikes|p2a: Kaisel
|-sidestart|p2: Cam1610|Spikes
|
|-heal|p1a: Ting-Lu|50/100|[from] item: Leftovers
|upkeep
|turn|9
|
|t:|1743861505
|move|p2a: Kaisel|Boomburst|p1a: Ting-Lu
|-damage|p1a: Ting-Lu|35/100
|-enditem|p2a: Kaisel|Throat Spray
|-boost|p2a: Kaisel|spa|1|[from] item: Throat Spray
|move|p1a: Ting-Lu|Ruination|p2a: Kaisel|[miss]
|-miss|p1a: Ting-Lu|p2a: Kaisel
|
|-heal|p1a: Ting-Lu|41/100|[from] item: Leftovers
|upkeep
|turn|10
|
|t:|1743861511
|move|p2a: Kaisel|Hurricane|p1a: Ting-Lu
|-damage|p1a: Ting-Lu|11/100
|-start|p1a: Ting-Lu|confusion
|-activate|p1a: Ting-Lu|confusion
|move|p1a: Ting-Lu|Whirlwind|p2a: Kaisel
|drag|p2a: Beru|Scizor, M|84/100
|-damage|p2a: Beru|72/100|[from] Spikes
|
|-heal|p1a: Ting-Lu|18/100|[from] item: Leftovers
|upkeep
|turn|11
|
|t:|1743861519
|switch|p1a: Sinistcha|Sinistcha-Masterpiece|100/100
|move|p2a: Beru|U-turn|p1a: Sinistcha
|-damage|p1a: Sinistcha|61/100
|
|t:|1743861523
|switch|p2a: Kaisel|Noivern, F|76/100|[from] U-turn
|
|upkeep
|turn|12
|
|t:|1743861532
|switch|p1a: Tinkaton|Tinkaton, F|48/100
|-ability|p1a: Tinkaton|Mold Breaker
|move|p2a: Kaisel|Hurricane|p1a: Tinkaton
|-resisted|p1a: Tinkaton
|-damage|p1a: Tinkaton|27/100
|
|upkeep
|turn|13
|
|t:|1743861538
|move|p2a: Kaisel|Boomburst|p1a: Tinkaton
|-resisted|p1a: Tinkaton
|-damage|p1a: Tinkaton|11/100
|move|p1a: Tinkaton|Thunder Wave|p2a: Kaisel
|-status|p2a: Kaisel|par
|
|upkeep
|turn|14
|
|t:|1743861545
|move|p1a: Tinkaton|Stealth Rock|p2a: Kaisel
|-sidestart|p2: Cam1610|move: Stealth Rock
|move|p2a: Kaisel|Defog|p1a: Tinkaton
|-unboost|p1a: Tinkaton|evasion|1
|-sideend|p2: Cam1610|Spikes|[from] move: Defog|[of] p2a: Kaisel
|-sideend|p2: Cam1610|Stealth Rock|[from] move: Defog|[of] p2a: Kaisel
|
|upkeep
|turn|15
|
|t:|1743861551
|move|p1a: Tinkaton|Stealth Rock|p2a: Kaisel
|-sidestart|p2: Cam1610|move: Stealth Rock
|move|p2a: Kaisel|Boomburst|p1a: Tinkaton
|-resisted|p1a: Tinkaton
|-damage|p1a: Tinkaton|0 fnt
|faint|p1a: Tinkaton
|
|upkeep
|
|t:|1743861555
|switch|p1a: Kyurem|Kyurem|100/100
|-ability|p1a: Kyurem|Pressure
|turn|16
|
|t:|1743861557
|move|p1a: Kyurem|Ice Beam|p2a: Kaisel
|-supereffective|p2a: Kaisel
|-damage|p2a: Kaisel|0 fnt
|faint|p2a: Kaisel
|
|upkeep
|
|t:|1743861559
|switch|p2a: Igris|Ceruledge, M|100/100
|-damage|p2a: Igris|76/100|[from] Stealth Rock
|turn|17
|
|t:|1743861564
|move|p1a: Kyurem|Earth Power|p2a: Igris
|-supereffective|p2a: Igris
|-damage|p2a: Igris|0 fnt
|faint|p2a: Igris
|
|upkeep
|
|t:|1743861568
|switch|p2a: Beru|Scizor, M|72/100
|-damage|p2a: Beru|60/100|[from] Stealth Rock
|turn|18
|
|t:|1743861577
|switch|p1a: Ting-Lu|Ting-Lu|18/100
|-ability|p1a: Ting-Lu|Vessel of Ruin
|move|p2a: Beru|U-turn|p1a: Ting-Lu
|-supereffective|p1a: Ting-Lu
|-damage|p1a: Ting-Lu|0 fnt
|faint|p1a: Ting-Lu
|
|t:|1743861585
|switch|p2a: Tank|Ursaluna, M, shiny|88/100 brn|[from] U-turn
|-damage|p2a: Tank|82/100 brn|[from] Stealth Rock
|
|-damage|p2a: Tank|76/100 brn|[from] brn
|upkeep
|inactive|CARRYING BOATS has 120 seconds left.
|
|t:|1743861638
|switch|p1a: Kyurem|Kyurem|100/100
|-ability|p1a: Kyurem|Pressure
|turn|19
|inactive|CARRYING BOATS has 90 seconds left.
|inactive|Cam1610 has 120 seconds left.
|inactive|Cam1610 has 90 seconds left.
|inactive|CARRYING BOATS has 60 seconds left.
|
|t:|1743861738
|switch|p1a: Sinistcha|Sinistcha-Masterpiece|61/100
|move|p2a: Tank|Facade|p1a: Sinistcha
|-immune|p1a: Sinistcha
|
|-damage|p2a: Tank|70/100 brn|[from] brn
|upkeep
|turn|20
|-message|Cam1610 forfeited.
|
|win|CARRYING BOATS
|raw|CARRYING BOATS's rating: 1526 &rarr; <strong>1547</strong><br />(+21 for winning)
|raw|Cam1610's rating: 1542 &rarr; <strong>1521</strong><br />(-21 for losing)
|l|☆Cam1610
|player|p2|
|l|☆CARRYING BOATS
|player|p1|
