|j|☆CaniPee 3
|j|☆tiktoko
|t:|1743791203
|gametype|singles
|player|p1|CaniPee 3|2|1316
|player|p2|tiktoko|101|1337
|teamsize|p1|6
|teamsize|p2|6
|gen|9
|tier|[Gen 9] OU
|rated|
|rule|HP Percentage Mod: HP is shown in percentages
|rule|Endless Battle Clause: Forcing endless battles is banned
|rule|Species Clause: Limit one of each Pokémon
|rule|OHKO Clause: OHKO moves are banned
|rule|Evasion Items Clause: Evasion items are banned
|rule|Evasion Moves Clause: Evasion moves are banned
|rule|Sleep Moves Clause: Sleep-inducing moves are banned
|clearpoke
|poke|p1|Zapdos|
|poke|p1|Slowking-Galar, F|
|poke|p1|Iron Treads|
|poke|p1|Dondozo, F|
|poke|p1|Weavile, F|
|poke|p1|Lucario, F|
|poke|p2|Slowbro, F|
|poke|p2|Dragapult, F|
|poke|p2|Great Tusk|
|poke|p2|Corviknight, M|
|poke|p2|Ogerpon-Wellspring, F|
|poke|p2|Darkrai|
|teampreview
|
|t:|1743791221
|start
|switch|p1a: Weavile|Weavile, F|100/100
|switch|p2a: Great Tusk|Great Tusk|100/100
|-ability|p1a: Weavile|Pressure
|turn|1
|
|t:|1743791239
|switch|p1a: Zapdos|Zapdos, shiny|100/100
|-end|p2a: Great Tusk|Protosynthesis|[silent]
|switch|p2a: Corviknight|Corviknight, M|100/100
|-ability|p2a: Corviknight|Pressure
|
|upkeep
|turn|2
|
|t:|1743791273
|switch|p2a: Dragapult|Dragapult, F|100/100
|move|p1a: Zapdos|U-turn|p2a: Dragapult
|-resisted|p2a: Dragapult
|-crit|p2a: Dragapult
|-damage|p2a: Dragapult|86/100
|
|t:|1743791289
|switch|p1a: Slowking|Slowking-Galar, F|100/100|[from] U-turn
|
|upkeep
|turn|3
|
|t:|1743791321
|move|p2a: Dragapult|U-turn|p1a: Slowking
|-damage|p1a: Slowking|84/100
|
|t:|1743791325
|switch|p2a: Great Tusk|Great Tusk|100/100|[from] U-turn
|move|p1a: Slowking|Thunder Wave|p2a: Great Tusk
|-immune|p2a: Great Tusk
|
|upkeep
|turn|4
|
|t:|1743791333
|switch|p1a: Zapdos|Zapdos, shiny|100/100
|move|p2a: Great Tusk|Stealth Rock|p1a: Zapdos
|-sidestart|p1: CaniPee 3|move: Stealth Rock
|
|upkeep
|turn|5
|
|t:|1743791352
|-end|p2a: Great Tusk|Protosynthesis|[silent]
|switch|p2a: Slowbro|Slowbro, F|100/100
|move|p1a: Zapdos|Hurricane|p2a: Slowbro
|-damage|p2a: Slowbro|72/100
|-start|p2a: Slowbro|confusion
|
|upkeep
|turn|6
|
|t:|1743791366
|switch|p2a: Dragapult|Dragapult, F|86/100
|move|p1a: Zapdos|Discharge|p2a: Dragapult
|-resisted|p2a: Dragapult
|-damage|p2a: Dragapult|65/100
|-status|p2a: Dragapult|par
|
|upkeep
|turn|7
|c|☆tiktoko|fuck
|
|t:|1743791382
|move|p1a: Zapdos|Hurricane|p2a: Dragapult
|-damage|p2a: Dragapult|0 fnt
|faint|p2a: Dragapult
|
|upkeep
|
|t:|1743791389
|switch|p2a: Darkrai|Darkrai|100/100
|turn|8
|
|t:|1743791401
|move|p2a: Darkrai|Ice Beam|p1a: Zapdos
|-supereffective|p1a: Zapdos
|-damage|p1a: Zapdos|43/100
|-status|p1a: Zapdos|frz
|cant|p1a: Zapdos|frz
|
|upkeep
|turn|9
|c|☆tiktoko|wtf
|
|t:|1743791422
|switch|p1a: Slowking|Slowking-Galar, F|100/100
|move|p2a: Darkrai|Ice Beam|p1a: Slowking
|-damage|p1a: Slowking|80/100
|
|upkeep
|turn|10
|
|t:|1743791455
|move|p2a: Darkrai|Nasty Plot|p2a: Darkrai
|-boost|p2a: Darkrai|spa|2
|-prepare|p1a: Slowking|Chilly Reception|[premajor]
|move|p1a: Slowking|Chilly Reception|p1a: Slowking
|-weather|Snowscape
|
|t:|1743791467
|switch|p1a: Iron Treads|Iron Treads|100/100|[from] Chilly Reception
|-damage|p1a: Iron Treads|98/100|[from] Stealth Rock
|
|-weather|Snowscape|[upkeep]
|-heal|p1a: Iron Treads|100/100|[from] item: Leftovers
|upkeep
|turn|11
|
|t:|1743791480
|move|p2a: Darkrai|Dark Pulse|p1a: Iron Treads
|-damage|p1a: Iron Treads|31/100
|cant|p1a: Iron Treads|flinch
|
|-weather|Snowscape|[upkeep]
|-heal|p1a: Iron Treads|37/100|[from] item: Leftovers
|upkeep
|turn|12
|
|t:|1743791489
|move|p2a: Darkrai|Dark Pulse|p1a: Iron Treads
|-damage|p1a: Iron Treads|0 fnt
|faint|p1a: Iron Treads
|-end|p1a: Iron Treads|Quark Drive|[silent]
|
|-weather|Snowscape|[upkeep]
|upkeep
|
|t:|1743791492
|switch|p1a: Lucario|Lucario, F|100/100
|-damage|p1a: Lucario|98/100|[from] Stealth Rock
|-item|p1a: Lucario|Air Balloon
|turn|13
|
|t:|1743791506
|switch|p2a: Slowbro|Slowbro, F|100/100
|move|p1a: Lucario|Close Combat|p2a: Slowbro
|-resisted|p2a: Slowbro
|-damage|p2a: Slowbro|80/100
|-unboost|p1a: Lucario|def|1
|-unboost|p1a: Lucario|spd|1
|
|-weather|Snowscape|[upkeep]
|upkeep
|turn|14
|
|t:|1743791518
|switch|p1a: Slowking|Slowking-Galar, F|100/100
|move|p2a: Slowbro|Scald|p1a: Slowking
|-damage|p1a: Slowking|80/100
|-status|p1a: Slowking|brn
|
|-weather|none
|-damage|p1a: Slowking|74/100 brn|[from] brn
|upkeep
|turn|15
|
|t:|1743791533
|move|p2a: Slowbro|Psyshock|p1a: Slowking
|-damage|p1a: Slowking|39/100 brn
|-prepare|p1a: Slowking|Chilly Reception|[premajor]
|move|p1a: Slowking|Chilly Reception|p1a: Slowking
|-weather|Snowscape
|
|t:|1743791539
|switch|p1a: Weavile|Weavile, F|100/100|[from] Chilly Reception
|-ability|p1a: Weavile|Pressure
|
|-weather|Snowscape|[upkeep]
|upkeep
|turn|16
|inactive|Battle timer is ON: inactive players will automatically lose when time's up. (requested by CaniPee 3)
|
|t:|1743791592
|-terastallize|p2a: Slowbro|Water
|move|p1a: Weavile|Swords Dance|p1a: Weavile
|-boost|p1a: Weavile|atk|2
|move|p2a: Slowbro|Scald|p1a: Weavile
|-damage|p1a: Weavile|41/100
|
|-weather|Snowscape|[upkeep]
|upkeep
|turn|17
|
|t:|1743791603
|move|p1a: Weavile|Knock Off|p2a: Slowbro
|-damage|p2a: Slowbro|14/100
|-enditem|p2a: Slowbro|Assault Vest|[from] move: Knock Off|[of] p1a: Weavile
|move|p2a: Slowbro|Scald|p1a: Weavile
|-damage|p1a: Weavile|0 fnt
|faint|p1a: Weavile
|
|-weather|Snowscape|[upkeep]
|upkeep
|
|t:|1743791618
|switch|p1a: Zapdos|Zapdos, shiny|43/100 frz
|turn|18
|
|t:|1743791623
|cant|p1a: Zapdos|frz
|move|p2a: Slowbro|Ice Beam|p1a: Zapdos
|-supereffective|p1a: Zapdos
|-damage|p1a: Zapdos|0 fnt
|faint|p1a: Zapdos
|
|-weather|Snowscape|[upkeep]
|upkeep
|
|t:|1743791634
|switch|p1a: Lucario|Lucario, F|98/100
|-damage|p1a: Lucario|95/100|[from] Stealth Rock
|-item|p1a: Lucario|Air Balloon
|turn|19
|
|t:|1743791643
|switch|p2a: Corviknight|Corviknight, M|100/100
|-ability|p2a: Corviknight|Pressure
|move|p1a: Lucario|Close Combat|p2a: Corviknight
|-damage|p2a: Corviknight|70/100
|-unboost|p1a: Lucario|def|1
|-unboost|p1a: Lucario|spd|1
|-damage|p1a: Lucario|78/100|[from] item: Rocky Helmet|[of] p2a: Corviknight
|
|-weather|none
|upkeep
|turn|20
|
|t:|1743791653
|switch|p1a: Slowking|Slowking-Galar, F|73/100 brn
|move|p2a: Corviknight|Brave Bird|p1a: Slowking
|-damage|p1a: Slowking|36/100 brn
|-damage|p2a: Corviknight|58/100|[from] Recoil
|
|-damage|p1a: Slowking|30/100 brn|[from] brn
|upkeep
|turn|21
|
|t:|1743791662
|switch|p1a: Dondozo|Dondozo, F|100/100
|-damage|p1a: Dondozo|88/100|[from] Stealth Rock
|move|p2a: Corviknight|Brave Bird|p1a: Dondozo
|-damage|p1a: Dondozo|72/100
|-damage|p2a: Corviknight|42/100|[from] item: Rocky Helmet|[of] p1a: Dondozo
|-damage|p2a: Corviknight|35/100|[from] Recoil
|
|upkeep
|turn|22
|
|t:|1743791669
|move|p2a: Corviknight|Roost|p2a: Corviknight
|-heal|p2a: Corviknight|85/100
|-singleturn|p2a: Corviknight|move: Roost
|move|p1a: Dondozo|Body Press|p2a: Corviknight
|-supereffective|p2a: Corviknight
|-damage|p2a: Corviknight|49/100
|-damage|p1a: Dondozo|56/100|[from] item: Rocky Helmet|[of] p2a: Corviknight
|
|upkeep
|turn|23
|
|t:|1743791674
|move|p2a: Corviknight|Roost|p2a: Corviknight
|-heal|p2a: Corviknight|99/100
|-singleturn|p2a: Corviknight|move: Roost
|move|p1a: Dondozo|Body Press|p2a: Corviknight
|-supereffective|p2a: Corviknight
|-damage|p2a: Corviknight|68/100
|-damage|p1a: Dondozo|39/100|[from] item: Rocky Helmet|[of] p2a: Corviknight
|
|upkeep
|turn|24
|-message|CaniPee 3 forfeited.
|
|win|tiktoko
|raw|CaniPee 3's rating: 1316 &rarr; <strong>1297</strong><br />(-19 for losing)
|raw|tiktoko's rating: 1337 &rarr; <strong>1356</strong><br />(+19 for winning)
|l|☆CaniPee 3
|player|p1|
|l|☆tiktoko
|player|p2|
