|j|☆Thenix12
|j|☆alexdu29caca
|t:|1743877708
|gametype|singles
|player|p1|Thenix12|nurse|1317
|player|p2|alexdu29caca|102|1304
|teamsize|p1|6
|teamsize|p2|6
|gen|9
|tier|[Gen 9] OU
|rated|
|rule|HP Percentage Mod: HP is shown in percentages
|rule|Endless Battle Clause: Forcing endless battles is banned
|rule|Species Clause: Limit one of each Pokémon
|rule|OHKO Clause: OHKO moves are banned
|rule|Evasion Items Clause: Evasion items are banned
|rule|Evasion Moves Clause: Evasion moves are banned
|rule|Sleep Moves Clause: Sleep-inducing moves are banned
|clearpoke
|poke|p1|Emboar, M|
|poke|p1|Cinccino, M|
|poke|p1|Pecharunt|
|poke|p1|Enamorus, F|
|poke|p1|Iron Crown|
|poke|p1|Ting-Lu|
|poke|p2|Dragonite, M|
|poke|p2|Ting-Lu|
|poke|p2|Iron Moth|
|poke|p2|Iron Valiant|
|poke|p2|Kyurem|
|poke|p2|Gholdengo|
|teampreview
|
|t:|1743877734
|start
|switch|p1a: Emboar|Emboar, M|100/100
|switch|p2a: Ting-Lu|Ting-Lu|100/100
|-ability|p2a: Ting-Lu|Vessel of Ruin
|turn|1
|
|t:|1743877750
|-terastallize|p2a: Ting-Lu|Ghost
|move|p2a: Ting-Lu|Stealth Rock|p1a: Emboar
|-sidestart|p1: Thenix12|move: Stealth Rock
|move|p1a: Emboar|Flare Blitz|p2a: Ting-Lu
|-crit|p2a: Ting-Lu
|-damage|p2a: Ting-Lu|8/100
|-damage|p1a: Emboar|84/100|[from] item: Rocky Helmet|[of] p2a: Ting-Lu
|-damage|p1a: Emboar|44/100|[from] Recoil
|
|upkeep
|turn|2
|
|t:|1743877760
|move|p2a: Ting-Lu|Earthquake|p1a: Emboar
|-supereffective|p1a: Emboar
|-damage|p1a: Emboar|0 fnt
|faint|p1a: Emboar
|
|upkeep
|
|t:|1743877768
|switch|p1a: Cinccino|Cinccino, M|100/100
|-damage|p1a: Cinccino|88/100|[from] Stealth Rock
|turn|3
|
|t:|1743877779
|move|p1a: Cinccino|Tidy Up|p1a: Cinccino
|-sideend|p1: Thenix12|Stealth Rock
|-activate|p1a: Cinccino|move: Tidy Up
|-boost|p1a: Cinccino|atk|1
|-boost|p1a: Cinccino|spe|1
|move|p2a: Ting-Lu|Earthquake|p1a: Cinccino
|-damage|p1a: Cinccino|21/100
|
|upkeep
|turn|4
|
|t:|1743877786
|move|p1a: Cinccino|Knock Off|p2a: Ting-Lu
|-supereffective|p2a: Ting-Lu
|-damage|p2a: Ting-Lu|0 fnt
|-damage|p1a: Cinccino|4/100|[from] item: Rocky Helmet|[of] p2a: Ting-Lu
|-enditem|p2a: Ting-Lu|Rocky Helmet|[from] move: Knock Off|[of] p1a: Cinccino
|faint|p2a: Ting-Lu
|
|upkeep
|
|t:|1743877794
|switch|p2a: Dragonite|Dragonite, M|100/100
|turn|5
|
|t:|1743877799
|-terastallize|p1a: Cinccino|Ghost
|move|p2a: Dragonite|Extreme Speed|p1a: Cinccino
|-immune|p1a: Cinccino
|move|p1a: Cinccino|Triple Axel|p2a: Dragonite
|-supereffective|p2a: Dragonite
|-damage|p2a: Dragonite|71/100
|-supereffective|p2a: Dragonite
|-damage|p2a: Dragonite|0 fnt
|faint|p2a: Dragonite
|-hitcount|p2: Dragonite|2
|
|upkeep
|
|t:|1743877816
|switch|p2a: Gholdengo|Gholdengo|100/100
|turn|6
|inactive|Battle timer is ON: inactive players will automatically lose when time's up. (requested by alexdu29caca)
|
|t:|1743877825
|move|p1a: Cinccino|Knock Off|p2a: Gholdengo
|-supereffective|p2a: Gholdengo
|-damage|p2a: Gholdengo|5/100
|-enditem|p2a: Gholdengo|Choice Scarf|[from] move: Knock Off|[of] p1a: Cinccino
|move|p2a: Gholdengo|Shadow Ball|p1a: Cinccino
|-supereffective|p1a: Cinccino
|-damage|p1a: Cinccino|0 fnt
|faint|p1a: Cinccino
|
|upkeep
|c|☆alexdu29caca|Love it
|
|t:|1743877840
|switch|p1a: Enamorus|Enamorus, F|100/100
|turn|7
|
|t:|1743877851
|switch|p2a: Iron Moth|Iron Moth|100/100
|-enditem|p2a: Iron Moth|Booster Energy
|-activate|p2a: Iron Moth|ability: Quark Drive|[fromitem]
|-start|p2a: Iron Moth|quarkdrivespe
|move|p1a: Enamorus|Earth Power|p2a: Iron Moth
|-supereffective|p2a: Iron Moth
|-damage|p2a: Iron Moth|0 fnt
|faint|p2a: Iron Moth
|-end|p2a: Iron Moth|Quark Drive|[silent]
|
|upkeep
|
|t:|1743877864
|switch|p2a: Iron Valiant|Iron Valiant|100/100
|-enditem|p2a: Iron Valiant|Booster Energy
|-activate|p2a: Iron Valiant|ability: Quark Drive|[fromitem]
|-start|p2a: Iron Valiant|quarkdrivespe
|turn|8
|
|t:|1743877869
|switch|p1a: Pecharunt|Pecharunt|100/100
|move|p2a: Iron Valiant|Moonblast|p1a: Pecharunt
|-resisted|p1a: Pecharunt
|-damage|p1a: Pecharunt|80/100
|-unboost|p1a: Pecharunt|spa|1
|
|upkeep
|turn|9
|
|t:|1743877877
|move|p2a: Iron Valiant|Knock Off|p1a: Pecharunt
|-supereffective|p1a: Pecharunt
|-damage|p1a: Pecharunt|48/100
|-damage|p2a: Iron Valiant|84/100|[from] item: Rocky Helmet|[of] p1a: Pecharunt
|-enditem|p1a: Pecharunt|Rocky Helmet|[from] move: Knock Off|[of] p2a: Iron Valiant
|move|p1a: Pecharunt|Malignant Chain|p2a: Iron Valiant
|-supereffective|p2a: Iron Valiant
|-damage|p2a: Iron Valiant|2/100
|
|upkeep
|turn|10
|
|t:|1743877890
|move|p2a: Iron Valiant|Moonblast|p1a: Pecharunt
|-resisted|p1a: Pecharunt
|-damage|p1a: Pecharunt|27/100
|move|p1a: Pecharunt|Malignant Chain|p2a: Iron Valiant
|-supereffective|p2a: Iron Valiant
|-damage|p2a: Iron Valiant|0 fnt
|faint|p2a: Iron Valiant
|-end|p2a: Iron Valiant|Quark Drive|[silent]
|
|upkeep
|
|t:|1743877898
|switch|p2a: Kyurem|Kyurem|100/100
|-ability|p2a: Kyurem|Pressure
|turn|11
|
|t:|1743877902
|move|p2a: Kyurem|Dragon Dance|p2a: Kyurem
|-boost|p2a: Kyurem|atk|1
|-boost|p2a: Kyurem|spe|1
|move|p1a: Pecharunt|Malignant Chain|p2a: Kyurem
|-damage|p2a: Kyurem|80/100
|-status|p2a: Kyurem|tox
|-start|p2a: Kyurem|confusion|[from] ability: Poison Puppeteer|[of] p1a: Pecharunt
|
|-damage|p2a: Kyurem|74/100 tox|[from] psn
|upkeep
|turn|12
|
|t:|1743877914
|-activate|p2a: Kyurem|confusion
|move|p2a: Kyurem|Dragon Dance|p2a: Kyurem
|-boost|p2a: Kyurem|atk|1
|-boost|p2a: Kyurem|spe|1
|move|p1a: Pecharunt|Hex|p2a: Kyurem
|-damage|p2a: Kyurem|47/100 tox
|
|-damage|p2a: Kyurem|35/100 tox|[from] psn
|upkeep
|turn|13
|
|t:|1743877923
|-activate|p2a: Kyurem|confusion
|move|p2a: Kyurem|Icicle Spear|p1a: Pecharunt
|-damage|p1a: Pecharunt|13/100
|-damage|p1a: Pecharunt|0 fnt
|faint|p1a: Pecharunt
|-hitcount|p1: Pecharunt|2
|
|-damage|p2a: Kyurem|16/100 tox|[from] psn
|upkeep
|
|t:|1743877931
|switch|p1a: Iron Crown|Iron Crown|100/100
|-enditem|p1a: Iron Crown|Booster Energy
|-activate|p1a: Iron Crown|ability: Quark Drive|[fromitem]
|-start|p1a: Iron Crown|quarkdrivespa
|turn|14
|
|t:|1743877942
|-activate|p2a: Kyurem|confusion
|move|p2a: Kyurem|Icicle Spear|p1a: Iron Crown
|-resisted|p1a: Iron Crown
|-damage|p1a: Iron Crown|84/100
|-resisted|p1a: Iron Crown
|-damage|p1a: Iron Crown|68/100
|-resisted|p1a: Iron Crown
|-crit|p1a: Iron Crown
|-damage|p1a: Iron Crown|45/100
|-resisted|p1a: Iron Crown
|-damage|p1a: Iron Crown|30/100
|-hitcount|p1a: Iron Crown|4
|move|p1a: Iron Crown|Tachyon Cutter|p2a: Kyurem
|-supereffective|p2a: Kyurem
|-damage|p2a: Kyurem|0 fnt
|faint|p2a: Kyurem
|-hitcount|p2: Kyurem|1
|
|upkeep
|c|☆Thenix12|gg
|
|t:|1743877955
|switch|p2a: Gholdengo|Gholdengo|5/100
|turn|15
|
|t:|1743877960
|move|p1a: Iron Crown|Tachyon Cutter|p2a: Gholdengo
|-resisted|p2a: Gholdengo
|-damage|p2a: Gholdengo|0 fnt
|faint|p2a: Gholdengo
|-hitcount|p2: Gholdengo|1
|
|win|Thenix12
|raw|Thenix12's rating: 1317 &rarr; <strong>1336</strong><br />(+19 for winning)
|raw|alexdu29caca's rating: 1304 &rarr; <strong>1285</strong><br />(-19 for losing)
|l|☆alexdu29caca
|player|p2|
|l|☆Thenix12
|player|p1|
