|j|☆dunkpepe
|j|☆memecookieree
|t:|1743835208
|gametype|singles
|player|p1|dunkpepe|dawn|1573
|player|p2|memecookieree|hilbert-wonderlauncher|1518
|teamsize|p1|6
|teamsize|p2|6
|gen|9
|tier|[Gen 9] OU
|rated|
|rule|HP Percentage Mod: HP is shown in percentages
|rule|Endless Battle Clause: Forcing endless battles is banned
|rule|Species Clause: Limit one of each Pokémon
|rule|OHKO Clause: OHKO moves are banned
|rule|Evasion Items Clause: Evasion items are banned
|rule|Evasion Moves Clause: Evasion moves are banned
|rule|Sleep Moves Clause: Sleep-inducing moves are banned
|clearpoke
|poke|p1|Hydrapple, F|
|poke|p1|Tinkaton, F|
|poke|p1|Moltres|
|poke|p1|Rotom-Wash|
|poke|p1|Great Tusk|
|poke|p1|Darkrai|
|poke|p2|Araquanid, F|
|poke|p2|Ogerpon-Cornerstone, F|
|poke|p2|Great Tusk|
|poke|p2|Pecharunt|
|poke|p2|Dragonite, F|
|poke|p2|Kingambit, F|
|teampreview
|inactive|Battle timer is ON: inactive players will automatically lose when time's up. (requested by memecookieree)
|
|t:|1743835234
|start
|switch|p1a: Hydrapple|Hydrapple, F|100/100
|switch|p2a: Araquanid|Araquanid, F|100/100
|turn|1
|
|t:|1743835248
|move|p1a: Hydrapple|Nasty Plot|p1a: Hydrapple
|-boost|p1a: Hydrapple|spa|2
|move|p2a: Araquanid|Sticky Web|p1a: Hydrapple
|-sidestart|p1: dunkpepe|move: Sticky Web
|
|upkeep
|turn|2
|
|t:|1743835253
|move|p1a: Hydrapple|Fickle Beam|p2a: Araquanid
|-damage|p2a: Araquanid|39/100
|move|p2a: Araquanid|Surf|p1a: Hydrapple
|-resisted|p1a: Hydrapple
|-damage|p1a: Hydrapple|88/100
|
|upkeep
|turn|3
|
|t:|1743835261
|move|p1a: Hydrapple|Nasty Plot|p1a: Hydrapple
|-boost|p1a: Hydrapple|spa|2
|move|p2a: Araquanid|Surf|p1a: Hydrapple
|-resisted|p1a: Hydrapple
|-damage|p1a: Hydrapple|74/100
|
|upkeep
|turn|4
|
|t:|1743835264
|move|p2a: Araquanid|Endure|p2a: Araquanid
|-singleturn|p2a: Araquanid|move: Endure
|move|p1a: Hydrapple|Fickle Beam|p2a: Araquanid
|-activate|p2a: Araquanid|move: Endure
|-damage|p2a: Araquanid|1/100
|
|upkeep
|turn|5
|-enditem|p2a: Araquanid|Custap Berry|[eat]
|-activate|p2a: Araquanid|item: Custap Berry|[consumed]
|
|t:|1743835270
|move|p2a: Araquanid|Endeavor|p1a: Hydrapple
|-damage|p1a: Hydrapple|1/100
|move|p1a: Hydrapple|Fickle Beam|p2a: Araquanid
|-damage|p2a: Araquanid|0 fnt
|faint|p2a: Araquanid
|
|upkeep
|
|t:|1743835283
|switch|p2a: Ogerpon|Ogerpon-Cornerstone, F|100/100
|turn|6
|
|t:|1743835295
|switch|p1a: Tinkaton|Tinkaton, F|100/100
|-activate|p1a: Tinkaton|move: Sticky Web
|-unboost|p1a: Tinkaton|spe|1
|-ability|p1a: Tinkaton|Mold Breaker
|move|p2a: Ogerpon|Knock Off|p1a: Tinkaton
|-resisted|p1a: Tinkaton
|-damage|p1a: Tinkaton|79/100
|-enditem|p1a: Tinkaton|Leftovers|[from] move: Knock Off|[of] p2a: Ogerpon
|
|upkeep
|turn|7
|
|t:|1743835308
|switch|p2a: Pecharunt|Pecharunt|100/100
|move|p1a: Tinkaton|Stealth Rock|p2a: Pecharunt
|-sidestart|p2: memecookieree|move: Stealth Rock
|
|upkeep
|turn|8
|
|t:|1743835314
|move|p2a: Pecharunt|Parting Shot|p1a: Tinkaton
|-unboost|p1a: Tinkaton|atk|1
|-unboost|p1a: Tinkaton|spa|1
|
|t:|1743835317
|switch|p2a: Great Tusk|Great Tusk|100/100|[from] Parting Shot
|-damage|p2a: Great Tusk|98/100|[from] Stealth Rock
|-enditem|p2a: Great Tusk|Booster Energy
|-activate|p2a: Great Tusk|ability: Protosynthesis|[fromitem]
|-start|p2a: Great Tusk|protosynthesisatk
|move|p1a: Tinkaton|Knock Off|p2a: Great Tusk
|-resisted|p2a: Great Tusk
|-damage|p2a: Great Tusk|95/100
|
|upkeep
|turn|9
|
|t:|1743835324
|switch|p1a: Moltres|Moltres|100/100
|move|p2a: Great Tusk|Headlong Rush|p1a: Moltres
|-immune|p1a: Moltres
|
|upkeep
|turn|10
|
|t:|1743835328
|switch|p1a: Rotom|Rotom-Wash|100/100
|move|p2a: Great Tusk|Rapid Spin|p1a: Rotom
|-damage|p1a: Rotom|81/100
|-boost|p2a: Great Tusk|spe|1
|-damage|p2a: Great Tusk|78/100|[from] item: Rocky Helmet|[of] p1a: Rotom
|-sideend|p2: memecookieree|Stealth Rock|[from] move: Rapid Spin|[of] p2a: Great Tusk
|
|upkeep
|turn|11
|
|t:|1743835336
|-end|p2a: Great Tusk|Protosynthesis|[silent]
|switch|p2a: Pecharunt|Pecharunt|100/100
|move|p1a: Rotom|Hydro Pump|p2a: Pecharunt
|-damage|p2a: Pecharunt|59/100
|
|upkeep
|turn|12
|
|t:|1743835340
|move|p2a: Pecharunt|Shadow Ball|p1a: Rotom
|-damage|p1a: Rotom|54/100
|move|p1a: Rotom|Volt Switch|p2a: Pecharunt
|-damage|p2a: Pecharunt|32/100
|
|t:|1743835349
|switch|p1a: Great Tusk|Great Tusk|100/100|[from] Volt Switch
|
|upkeep
|turn|13
|
|t:|1743835355
|move|p2a: Pecharunt|Parting Shot|p1a: Great Tusk
|-unboost|p1a: Great Tusk|atk|1
|-unboost|p1a: Great Tusk|spa|1
|
|t:|1743835358
|switch|p2a: Great Tusk|Great Tusk|78/100|[from] Parting Shot
|move|p1a: Great Tusk|Headlong Rush|p2a: Great Tusk
|-damage|p2a: Great Tusk|46/100
|-unboost|p1a: Great Tusk|def|1
|-unboost|p1a: Great Tusk|spd|1
|
|upkeep
|turn|14
|
|t:|1743835363
|move|p2a: Great Tusk|Ice Spinner|p1a: Great Tusk
|-supereffective|p1a: Great Tusk
|-damage|p1a: Great Tusk|43/100
|move|p1a: Great Tusk|Rapid Spin|p2a: Great Tusk
|-damage|p2a: Great Tusk|37/100
|-boost|p1a: Great Tusk|spe|1
|-sideend|p1: dunkpepe|Sticky Web|[from] move: Rapid Spin|[of] p1a: Great Tusk
|
|upkeep
|turn|15
|
|t:|1743835375
|-end|p1a: Great Tusk|Protosynthesis|[silent]
|switch|p1a: Moltres|Moltres|100/100
|move|p2a: Great Tusk|Rapid Spin|p1a: Moltres
|-damage|p1a: Moltres|84/100
|-boost|p2a: Great Tusk|spe|1
|
|upkeep
|turn|16
|
|t:|1743835378
|move|p2a: Great Tusk|Bulk Up|p2a: Great Tusk
|-boost|p2a: Great Tusk|atk|1
|-boost|p2a: Great Tusk|def|1
|move|p1a: Moltres|Flamethrower|p2a: Great Tusk
|-damage|p2a: Great Tusk|0 fnt
|faint|p2a: Great Tusk
|-end|p2a: Great Tusk|Protosynthesis|[silent]
|
|upkeep
|
|t:|1743835381
|switch|p2a: Pecharunt|Pecharunt|32/100
|turn|17
|
|t:|1743835387
|switch|p1a: Tinkaton|Tinkaton, F|79/100
|-ability|p1a: Tinkaton|Mold Breaker
|move|p2a: Pecharunt|Recover|p2a: Pecharunt
|-heal|p2a: Pecharunt|82/100
|
|upkeep
|turn|18
|
|t:|1743835392
|move|p1a: Tinkaton|Stealth Rock|p2a: Pecharunt
|-sidestart|p2: memecookieree|move: Stealth Rock
|move|p2a: Pecharunt|Shadow Ball|p1a: Tinkaton
|-damage|p1a: Tinkaton|57/100
|
|upkeep
|turn|19
|
|t:|1743835395
|move|p1a: Tinkaton|Knock Off|p2a: Pecharunt
|-supereffective|p2a: Pecharunt
|-damage|p2a: Pecharunt|60/100
|-enditem|p2a: Pecharunt|Heavy-Duty Boots|[from] move: Knock Off|[of] p1a: Tinkaton
|move|p2a: Pecharunt|Shadow Ball|p1a: Tinkaton
|-damage|p1a: Tinkaton|36/100
|
|upkeep
|turn|20
|
|t:|1743835398
|move|p1a: Tinkaton|Encore|p2a: Pecharunt
|-start|p2a: Pecharunt|Encore
|move|p2a: Pecharunt|Shadow Ball|p1a: Tinkaton
|-damage|p1a: Tinkaton|13/100
|
|upkeep
|turn|21
|
|t:|1743835401
|switch|p1a: Darkrai|Darkrai|100/100
|move|p2a: Pecharunt|Shadow Ball|p1a: Darkrai
|-resisted|p1a: Darkrai
|-damage|p1a: Darkrai|83/100
|
|-heal|p1a: Darkrai|89/100|[from] item: Leftovers
|upkeep
|turn|22
|
|t:|1743835408
|switch|p2a: Kingambit|Kingambit, F|100/100
|-damage|p2a: Kingambit|94/100|[from] Stealth Rock
|-activate|p2a: Kingambit|ability: Supreme Overlord
|-start|p2a: Kingambit|fallen2|[silent]
|-item|p2a: Kingambit|Air Balloon
|move|p1a: Darkrai|Thunder Wave|p2a: Kingambit
|-status|p2a: Kingambit|par
|
|-heal|p1a: Darkrai|95/100|[from] item: Leftovers
|upkeep
|turn|23
|
|t:|1743835413
|switch|p1a: Tinkaton|Tinkaton, F|13/100
|-ability|p1a: Tinkaton|Mold Breaker
|move|p2a: Kingambit|Low Kick|p1a: Tinkaton
|-damage|p1a: Tinkaton|0 fnt
|faint|p1a: Tinkaton
|
|upkeep
|
|t:|1743835416
|switch|p1a: Hydrapple|Hydrapple, F|34/100
|turn|24
|
|t:|1743835422
|switch|p1a: Moltres|Moltres|84/100
|move|p2a: Kingambit|Iron Head|p1a: Moltres
|-resisted|p1a: Moltres
|-damage|p1a: Moltres|58/100
|
|upkeep
|turn|25
|
|t:|1743835425
|move|p1a: Moltres|Flamethrower|p2a: Kingambit
|-supereffective|p2a: Kingambit
|-damage|p2a: Kingambit|15/100 par
|-enditem|p2a: Kingambit|Air Balloon
|cant|p2a: Kingambit|par
|
|upkeep
|turn|26
|
|t:|1743835432
|move|p2a: Kingambit|Sucker Punch|p1a: Moltres
|-damage|p1a: Moltres|11/100
|move|p1a: Moltres|Flamethrower|p2a: Kingambit
|-supereffective|p2a: Kingambit
|-damage|p2a: Kingambit|0 fnt
|faint|p2a: Kingambit
|-end|p2a: Kingambit|fallen2|[silent]
|
|upkeep
|
|t:|1743835442
|switch|p2a: Ogerpon|Ogerpon-Cornerstone, F|100/100
|-damage|p2a: Ogerpon|88/100|[from] Stealth Rock
|turn|27
|
|t:|1743835456
|move|p2a: Ogerpon|Ivy Cudgel|p1a: Moltres|[anim] Ivy Cudgel Rock
|-supereffective|p1a: Moltres
|-damage|p1a: Moltres|0 fnt
|faint|p1a: Moltres
|
|upkeep
|
|t:|1743835460
|switch|p1a: Darkrai|Darkrai|95/100
|turn|28
|
|t:|1743835472
|-terastallize|p2a: Ogerpon|Rock
|detailschange|p2a: Ogerpon|Ogerpon-Cornerstone-Tera, F, tera:Rock
|-ability|p2a: Ogerpon|Embody Aspect (Cornerstone)|boost
|-boost|p2a: Ogerpon|def|1
|move|p1a: Darkrai|Thunder Wave|p2a: Ogerpon
|-status|p2a: Ogerpon|par
|move|p2a: Ogerpon|Ivy Cudgel|p1a: Darkrai|[anim] Ivy Cudgel Rock
|-damage|p1a: Darkrai|0 fnt
|faint|p1a: Darkrai
|
|upkeep
|
|t:|1743835483
|switch|p1a: Hydrapple|Hydrapple, F|67/100
|turn|29
|
|t:|1743835487
|move|p2a: Ogerpon|Ivy Cudgel|p1a: Hydrapple|[anim] Ivy Cudgel Rock
|-damage|p1a: Hydrapple|2/100
|move|p1a: Hydrapple|Earth Power|p2a: Ogerpon
|-supereffective|p2a: Ogerpon
|-damage|p2a: Ogerpon|16/100 par
|
|upkeep
|turn|30
|
|t:|1743835491
|move|p2a: Ogerpon|Ivy Cudgel|p1a: Hydrapple|[anim] Ivy Cudgel Rock
|-damage|p1a: Hydrapple|0 fnt
|faint|p1a: Hydrapple
|
|upkeep
|
|t:|1743835493
|switch|p1a: Great Tusk|Great Tusk|43/100
|turn|31
|
|t:|1743835496
|move|p1a: Great Tusk|Rapid Spin|p2a: Ogerpon
|-resisted|p2a: Ogerpon
|-damage|p2a: Ogerpon|8/100 par
|-boost|p1a: Great Tusk|spe|1
|move|p2a: Ogerpon|Ivy Cudgel|p1a: Great Tusk|[anim] Ivy Cudgel Rock
|-resisted|p1a: Great Tusk
|-damage|p1a: Great Tusk|28/100
|
|upkeep
|turn|32
|
|t:|1743835500
|move|p1a: Great Tusk|Ice Spinner|p2a: Ogerpon
|-damage|p2a: Ogerpon|0 fnt
|faint|p2a: Ogerpon
|
|upkeep
|
|t:|1743835502
|switch|p2a: Pecharunt|Pecharunt|60/100
|-damage|p2a: Pecharunt|47/100|[from] Stealth Rock
|turn|33
|
|t:|1743835507
|move|p1a: Great Tusk|Headlong Rush|p2a: Pecharunt
|-supereffective|p2a: Pecharunt
|-damage|p2a: Pecharunt|0 fnt
|-unboost|p1a: Great Tusk|def|1
|-unboost|p1a: Great Tusk|spd|1
|faint|p2a: Pecharunt
|
|upkeep
|
|t:|1743835508
|switch|p2a: Dragonite|Dragonite, F|100/100
|-damage|p2a: Dragonite|76/100|[from] Stealth Rock
|turn|34
|
|t:|1743835515
|move|p2a: Dragonite|Extreme Speed|p1a: Great Tusk
|-damage|p1a: Great Tusk|0 fnt
|faint|p1a: Great Tusk
|-end|p1a: Great Tusk|Protosynthesis|[silent]
|
|upkeep
|
|t:|1743835517
|switch|p1a: Rotom|Rotom-Wash|54/100
|turn|35
|
|t:|1743835520
|-terastallize|p1a: Rotom|Steel
|move|p2a: Dragonite|Dragon Dance|p2a: Dragonite
|-boost|p2a: Dragonite|atk|1
|-boost|p2a: Dragonite|spe|1
|move|p1a: Rotom|Will-O-Wisp|p2a: Dragonite
|-status|p2a: Dragonite|brn
|
|-damage|p2a: Dragonite|70/100 brn|[from] brn
|upkeep
|turn|36
|
|t:|1743835526
|move|p2a: Dragonite|Dragon Dance|p2a: Dragonite
|-boost|p2a: Dragonite|atk|1
|-boost|p2a: Dragonite|spe|1
|move|p1a: Rotom|Hydro Pump|p2a: Dragonite
|-resisted|p2a: Dragonite
|-damage|p2a: Dragonite|48/100 brn
|
|-damage|p2a: Dragonite|42/100 brn|[from] brn
|upkeep
|turn|37
|
|t:|1743835528
|move|p2a: Dragonite|Fire Punch|p1a: Rotom
|-supereffective|p1a: Rotom
|-damage|p1a: Rotom|7/100
|-damage|p2a: Dragonite|26/100 brn|[from] item: Rocky Helmet|[of] p1a: Rotom
|move|p1a: Rotom|Hydro Pump|p2a: Dragonite|[miss]
|-miss|p1a: Rotom|p2a: Dragonite
|
|-damage|p2a: Dragonite|19/100 brn|[from] brn
|upkeep
|turn|38
|
|t:|1743835530
|move|p2a: Dragonite|Fire Punch|p1a: Rotom
|-supereffective|p1a: Rotom
|-damage|p1a: Rotom|0 fnt
|-damage|p2a: Dragonite|3/100 brn|[from] item: Rocky Helmet|[of] p1a: Rotom
|faint|p1a: Rotom
|
|win|memecookieree
|raw|dunkpepe's rating: 1573 &rarr; <strong>1550</strong><br />(-23 for losing)
|raw|memecookieree's rating: 1518 &rarr; <strong>1541</strong><br />(+23 for winning)
|l|☆dunkpepe
|player|p1|
|l|☆memecookieree
|player|p2|
