|j|☆Jod1do
|j|☆keepmomo
|t:|1743786260
|gametype|singles
|player|p1|Jod1do|riley|1084
|player|p2|keepmomo|dawn|1087
|teamsize|p1|6
|teamsize|p2|6
|gen|9
|tier|[Gen 9] OU
|rated|
|rule|HP Percentage Mod: HP is shown in percentages
|rule|Endless Battle Clause: Forcing endless battles is banned
|rule|Species Clause: Limit one of each Pokémon
|rule|OHKO Clause: OHKO moves are banned
|rule|Evasion Items Clause: Evasion items are banned
|rule|Evasion Moves Clause: Evasion moves are banned
|rule|Sleep Moves Clause: Sleep-inducing moves are banned
|clearpoke
|poke|p1|Latias, F|
|poke|p1|Garganacl, M|
|poke|p1|Tyranitar, M|
|poke|p1|Gliscor, M|
|poke|p1|Snorlax, F|
|poke|p1|Mamoswine, F|
|poke|p2|Comfey, F|
|poke|p2|Klefki, F|
|poke|p2|Kingdra, M|
|poke|p2|Whimsicott, M|
|poke|p2|Jumpluff, F|
|poke|p2|Pelipper, M|
|teampreview
|inactive|Battle timer is ON: inactive players will automatically lose when time's up. (requested by Jod1do)
|
|t:|1743786265
|start
|switch|p1a: Kyubi|Snorlax, F|100/100
|switch|p2a: Jumpluff|Jumpluff, F|100/100
|turn|1
|
|t:|1743786275
|move|p2a: Jumpluff|Reflect|p2a: Jumpluff
|-sidestart|p2: keepmomo|Reflect
|move|p1a: Kyubi|Ice Punch|p2a: Jumpluff
|-supereffective|p2a: Jumpluff
|-damage|p2a: Jumpluff|51/100
|
|upkeep
|turn|2
|
|t:|1743786281
|move|p2a: Jumpluff|Light Screen|p2a: Jumpluff
|-sidestart|p2: keepmomo|move: Light Screen
|move|p1a: Kyubi|Wild Charge|p2a: Jumpluff
|-damage|p2a: Jumpluff|36/100
|-damage|p1a: Kyubi|98/100|[from] Recoil
|
|upkeep
|turn|3
|
|t:|1743786286
|move|p2a: Jumpluff|Memento|p1a: Kyubi
|-unboost|p1a: Kyubi|atk|2
|-unboost|p1a: Kyubi|spa|2
|faint|p2a: Jumpluff
|move|p1a: Kyubi|Ice Punch|p2: Jumpluff|[notarget]
|-fail|p1a: Kyubi
|
|upkeep
|
|t:|1743786290
|switch|p2a: Comfey|Comfey, F, shiny|100/100
|turn|4
|
|t:|1743786297
|move|p2a: Comfey|Calm Mind|p2a: Comfey
|-boost|p2a: Comfey|spa|1
|-boost|p2a: Comfey|spd|1
|move|p1a: Kyubi|Wild Charge|p2a: Comfey
|-damage|p2a: Comfey|94/100
|-damage|p1a: Kyubi|97/100|[from] Recoil
|
|upkeep
|turn|5
|
|t:|1743786306
|switch|p1a: Batman|Gliscor, M|100/100
|move|p2a: Comfey|Leech Seed|p1a: Batman
|-start|p1a: Batman|move: Leech Seed
|
|-damage|p1a: Batman|88/100|[from] Leech Seed|[of] p2a: Comfey
|-heal|p2a: Comfey|100/100|[silent]
|upkeep
|turn|6
|
|t:|1743786313
|move|p1a: Batman|Cross Poison|p2a: Comfey
|-supereffective|p2a: Comfey
|-damage|p2a: Comfey|77/100
|move|p2a: Comfey|Taunt|p1a: Batman
|-start|p1a: Batman|move: Taunt
|
|-damage|p1a: Batman|76/100|[from] Leech Seed|[of] p2a: Comfey
|-heal|p2a: Comfey|89/100|[silent]
|upkeep
|turn|7
|
|t:|1743786321
|move|p1a: Batman|Cross Poison|p2a: Comfey
|-supereffective|p2a: Comfey
|-damage|p2a: Comfey|66/100
|move|p2a: Comfey|Calm Mind|p2a: Comfey
|-boost|p2a: Comfey|spa|1
|-boost|p2a: Comfey|spd|1
|
|-damage|p1a: Batman|64/100|[from] Leech Seed|[of] p2a: Comfey
|-heal|p2a: Comfey|77/100|[silent]
|upkeep
|turn|8
|
|t:|1743786330
|switch|p1a: Eidan|Tyranitar, M|100/100
|-weather|Sandstorm|[from] ability: Sand Stream|[of] p1a: Eidan
|move|p2a: Comfey|Calm Mind|p2a: Comfey
|-boost|p2a: Comfey|spa|1
|-boost|p2a: Comfey|spd|1
|
|-weather|Sandstorm|[upkeep]
|-damage|p2a: Comfey|71/100|[from] Sandstorm
|-sideend|p2: keepmomo|Reflect
|upkeep
|turn|9
|
|t:|1743786341
|switch|p1a: Sal|Garganacl, M|100/100
|-terastallize|p2a: Comfey|Fairy
|move|p2a: Comfey|Draining Kiss|p1a: Sal
|-damage|p1a: Sal|51/100
|-heal|p2a: Comfey|100/100|[from] drain|[of] p1a: Sal
|
|-weather|Sandstorm|[upkeep]
|-damage|p2a: Comfey|94/100|[from] Sandstorm
|-heal|p1a: Sal|58/100|[from] item: Leftovers
|-sideend|p2: keepmomo|move: Light Screen
|upkeep
|turn|10
|
|t:|1743786351
|move|p2a: Comfey|Calm Mind|p2a: Comfey
|-boost|p2a: Comfey|spa|1
|-boost|p2a: Comfey|spd|1
|move|p1a: Sal|Salt Cure|p2a: Comfey
|-damage|p2a: Comfey|78/100
|-start|p2a: Comfey|Salt Cure
|
|-weather|Sandstorm|[upkeep]
|-damage|p2a: Comfey|72/100|[from] Sandstorm
|-heal|p1a: Sal|64/100|[from] item: Leftovers
|-damage|p2a: Comfey|60/100|[from] Salt Cure
|upkeep
|turn|11
|
|t:|1743786362
|move|p2a: Comfey|Calm Mind|p2a: Comfey
|-boost|p2a: Comfey|spa|1
|-boost|p2a: Comfey|spd|1
|move|p1a: Sal|Recover|p1a: Sal
|-heal|p1a: Sal|100/100
|
|-weather|Sandstorm|[upkeep]
|-damage|p2a: Comfey|53/100|[from] Sandstorm
|-damage|p2a: Comfey|41/100|[from] Salt Cure
|upkeep
|turn|12
|
|t:|1743786372
|move|p2a: Comfey|Draining Kiss|p1a: Sal
|-damage|p1a: Sal|22/100
|-heal|p2a: Comfey|100/100|[from] drain|[of] p1a: Sal
|move|p1a: Sal|Hard Press|p2a: Comfey
|-supereffective|p2a: Comfey
|-damage|p2a: Comfey|42/100
|
|-weather|none
|-heal|p1a: Sal|28/100|[from] item: Leftovers
|-damage|p2a: Comfey|30/100|[from] Salt Cure
|upkeep
|turn|13
|
|t:|1743786382
|move|p1a: Sal|Protect|p1a: Sal
|-singleturn|p1a: Sal|Protect
|move|p2a: Comfey|Draining Kiss|p1a: Sal
|-activate|p1a: Sal|move: Protect
|
|-heal|p1a: Sal|35/100|[from] item: Leftovers
|-damage|p2a: Comfey|17/100|[from] Salt Cure
|upkeep
|turn|14
|
|t:|1743786392
|switch|p1a: Batman|Gliscor, M|64/100
|move|p2a: Comfey|Draining Kiss|p1a: Batman
|-damage|p1a: Batman|0 fnt
|-heal|p2a: Comfey|63/100|[from] drain|[of] p1a: Batman
|faint|p1a: Batman
|
|-damage|p2a: Comfey|50/100|[from] Salt Cure
|upkeep
|
|t:|1743786401
|switch|p1a: Kyubi|Snorlax, F|97/100
|turn|15
|
|t:|1743786406
|move|p1a: Kyubi|Protect|p1a: Kyubi
|-singleturn|p1a: Kyubi|Protect
|move|p2a: Comfey|Draining Kiss|p1a: Kyubi
|-activate|p1a: Kyubi|move: Protect
|
|-damage|p2a: Comfey|38/100|[from] Salt Cure
|upkeep
|turn|16
|
|t:|1743786414
|move|p2a: Comfey|Draining Kiss|p1a: Kyubi
|-damage|p1a: Kyubi|35/100
|-heal|p2a: Comfey|100/100|[from] drain|[of] p1a: Kyubi
|-enditem|p1a: Kyubi|Sitrus Berry|[eat]
|-heal|p1a: Kyubi|60/100|[from] item: Sitrus Berry
|move|p1a: Kyubi|Wild Charge|p2a: Comfey
|-damage|p2a: Comfey|73/100
|-damage|p1a: Kyubi|55/100|[from] Recoil
|
|-damage|p2a: Comfey|61/100|[from] Salt Cure
|upkeep
|turn|17
|
|t:|1743786425
|move|p1a: Kyubi|Protect|p1a: Kyubi
|-singleturn|p1a: Kyubi|Protect
|move|p2a: Comfey|Calm Mind|p2a: Comfey
|-boost|p2a: Comfey|spa|1
|-boost|p2a: Comfey|spd|1
|
|-damage|p2a: Comfey|48/100|[from] Salt Cure
|upkeep
|turn|18
|
|t:|1743786432
|move|p2a: Comfey|Draining Kiss|p1a: Kyubi
|-damage|p1a: Kyubi|0 fnt
|-heal|p2a: Comfey|100/100|[from] drain|[of] p1a: Kyubi
|faint|p1a: Kyubi
|
|-damage|p2a: Comfey|88/100|[from] Salt Cure
|upkeep
|-message|Jod1do forfeited.
|
|win|keepmomo
|raw|Jod1do's rating: 1084 &rarr; <strong>1062</strong><br />(-22 for losing)
|raw|keepmomo's rating: 1087 &rarr; <strong>1114</strong><br />(+27 for winning)
|l|☆Jod1do
|player|p1|
|l|☆keepmomo
|player|p2|
