|j|☆Cam1610
|j|☆armpit fan!
|t:|1743797481
|gametype|singles
|player|p1|Cam1610|hiker-gen4|1488
|player|p2|armpit fan!|lady-gen4|1546
|teamsize|p1|6
|teamsize|p2|6
|gen|9
|tier|[Gen 9] OU
|rated|
|rule|HP Percentage Mod: HP is shown in percentages
|rule|Endless Battle Clause: Forcing endless battles is banned
|rule|Species Clause: Limit one of each Pokémon
|rule|OHKO Clause: OHKO moves are banned
|rule|Evasion Items Clause: Evasion items are banned
|rule|Evasion Moves Clause: Evasion moves are banned
|rule|Sleep Moves Clause: Sleep-inducing moves are banned
|clearpoke
|poke|p1|Darkrai|
|poke|p1|Ceruledge, F|
|poke|p1|Ursaluna, M|
|poke|p1|Kingambit, F|
|poke|p1|Noivern, M|
|poke|p1|Scizor, M|
|poke|p2|Hydrapple, F|
|poke|p2|Corviknight, F|
|poke|p2|Jirachi|
|poke|p2|Dragapult, M|
|poke|p2|Cinderace, F|
|poke|p2|Slowking-Galar, M|
|teampreview
|inactive|Battle timer is ON: inactive players will automatically lose when time's up. (requested by Cam1610)
|inactive|armpit fan! has 120 seconds left.
|
|t:|1743797511
|start
|switch|p1a: Beru|Scizor, M|100/100
|switch|p2a: Hydrapple|Hydrapple, F|100/100
|turn|1
|
|t:|1743797514
|switch|p2a: Corviknight|Corviknight, F|100/100
|-ability|p2a: Corviknight|Pressure
|move|p1a: Beru|Dual Wingbeat|p2a: Corviknight
|-resisted|p2a: Corviknight
|-crit|p2a: Corviknight
|-damage|p2a: Corviknight|86/100
|-damage|p1a: Beru|84/100|[from] item: Rocky Helmet|[of] p2a: Corviknight
|-resisted|p2a: Corviknight
|-damage|p2a: Corviknight|76/100
|-damage|p1a: Beru|67/100|[from] item: Rocky Helmet|[of] p2a: Corviknight
|-hitcount|p2a: Corviknight|2
|
|upkeep
|turn|2
|
|t:|1743797518
|switch|p1a: Igris|Ceruledge, F|100/100
|move|p2a: Corviknight|Roost|p2a: Corviknight
|-heal|p2a: Corviknight|100/100
|-singleturn|p2a: Corviknight|move: Roost
|
|upkeep
|turn|3
|
|t:|1743797528
|move|p1a: Igris|Swords Dance|p1a: Igris
|-boost|p1a: Igris|atk|2
|move|p2a: Corviknight|Iron Defense|p2a: Corviknight
|-boost|p2a: Corviknight|def|2
|
|upkeep
|turn|4
|
|t:|1743797535
|-terastallize|p2a: Corviknight|Fighting
|move|p1a: Igris|Bitter Blade|p2a: Corviknight
|-damage|p2a: Corviknight|73/100
|-damage|p1a: Igris|84/100|[from] item: Rocky Helmet|[of] p2a: Corviknight
|move|p2a: Corviknight|Iron Defense|p2a: Corviknight
|-boost|p2a: Corviknight|def|2
|
|upkeep
|turn|5
|
|t:|1743797540
|move|p1a: Igris|Swords Dance|p1a: Igris
|-boost|p1a: Igris|atk|2
|move|p2a: Corviknight|Brave Bird|p1a: Igris
|-damage|p1a: Igris|27/100
|-ability|p1a: Igris|Weak Armor|boost
|-unboost|p1a: Igris|def|1
|-boost|p1a: Igris|spe|2
|-damage|p2a: Corviknight|59/100|[from] Recoil
|
|upkeep
|turn|6
|
|t:|1743797544
|move|p1a: Igris|Poltergeist|p2a: Corviknight
|-activate|p2a: Corviknight|move: Poltergeist|Rocky Helmet
|-damage|p2a: Corviknight|23/100
|move|p2a: Corviknight|Roost|p2a: Corviknight
|-heal|p2a: Corviknight|73/100
|
|upkeep
|turn|7
|
|t:|1743797550
|move|p1a: Igris|Poltergeist|p2a: Corviknight
|-activate|p2a: Corviknight|move: Poltergeist|Rocky Helmet
|-damage|p2a: Corviknight|39/100
|move|p2a: Corviknight|Roost|p2a: Corviknight
|-heal|p2a: Corviknight|89/100
|
|upkeep
|turn|8
|
|t:|1743797552
|move|p1a: Igris|Swords Dance|p1a: Igris
|-boost|p1a: Igris|atk|2
|move|p2a: Corviknight|Brave Bird|p1a: Igris
|-damage|p1a: Igris|0 fnt
|faint|p1a: Igris
|-damage|p2a: Corviknight|83/100|[from] Recoil
|
|upkeep
|
|t:|1743797554
|switch|p1a: Kaisel|Noivern, M|100/100
|turn|9
|
|t:|1743797559
|switch|p2a: Slowking|Slowking-Galar, M|100/100
|move|p1a: Kaisel|Hurricane|p2a: Slowking
|-damage|p2a: Slowking|74/100
|
|upkeep
|turn|10
|
|t:|1743797561
|move|p1a: Kaisel|Boomburst|p2a: Slowking
|-damage|p2a: Slowking|52/100
|-enditem|p1a: Kaisel|Throat Spray
|-boost|p1a: Kaisel|spa|1|[from] item: Throat Spray
|-prepare|p2a: Slowking|Chilly Reception|[premajor]
|move|p2a: Slowking|Chilly Reception|p2a: Slowking
|-weather|Snowscape
|
|t:|1743797567
|switch|p2a: Dragapult|Dragapult, M|100/100|[from] Chilly Reception
|
|-weather|Snowscape|[upkeep]
|upkeep
|turn|11
|
|t:|1743797571
|move|p2a: Dragapult|Draco Meteor|p1a: Kaisel
|-supereffective|p1a: Kaisel
|-damage|p1a: Kaisel|0 fnt
|-unboost|p2a: Dragapult|spa|2
|faint|p1a: Kaisel
|
|-weather|Snowscape|[upkeep]
|upkeep
|
|t:|1743797579
|switch|p1a: Tusk|Darkrai, shiny|100/100
|turn|12
|
|t:|1743797597
|switch|p2a: Hydrapple|Hydrapple, F|100/100
|move|p1a: Tusk|Dark Pulse|p2a: Hydrapple
|-damage|p2a: Hydrapple|42/100
|-damage|p1a: Tusk|91/100|[from] item: Life Orb
|
|-weather|Snowscape|[upkeep]
|upkeep
|turn|13
|inactive|armpit fan! has 120 seconds left.
|
|t:|1743797625
|move|p1a: Tusk|Dark Pulse|p2a: Hydrapple
|-damage|p2a: Hydrapple|0 fnt
|faint|p2a: Hydrapple
|-damage|p1a: Tusk|81/100|[from] item: Life Orb
|
|-weather|Snowscape|[upkeep]
|upkeep
|inactive|armpit fan! has 120 seconds left.
|
|t:|1743797634
|switch|p2a: Cinderace|Cinderace, F|100/100
|turn|14
|
|t:|1743797637
|move|p1a: Tusk|Dark Pulse|p2a: Cinderace
|-damage|p2a: Cinderace|22/100
|-damage|p1a: Tusk|71/100|[from] item: Life Orb
|cant|p2a: Cinderace|flinch
|
|-weather|none
|upkeep
|turn|15
|
|t:|1743797644
|move|p2a: Cinderace|Sucker Punch|p1a: Tusk
|-resisted|p1a: Tusk
|-damage|p1a: Tusk|56/100
|move|p1a: Tusk|Dark Pulse|p2a: Cinderace
|-damage|p2a: Cinderace|0 fnt
|faint|p2a: Cinderace
|-damage|p1a: Tusk|46/100|[from] item: Life Orb
|
|upkeep
|
|t:|1743797647
|switch|p2a: Dragapult|Dragapult, M|100/100
|turn|16
|
|t:|1743797651
|switch|p1a: Beru|Scizor, M|67/100
|move|p2a: Dragapult|U-turn|p1a: Beru
|-resisted|p1a: Beru
|-damage|p1a: Beru|59/100
|
|t:|1743797656
|switch|p2a: Corviknight|Corviknight, F, tera:Fighting|83/100|[from] U-turn
|-ability|p2a: Corviknight|Pressure
|
|upkeep
|turn|17
|
|t:|1743797672
|switch|p2a: Jirachi|Jirachi|100/100
|move|p1a: Beru|Dual Wingbeat|p2a: Jirachi
|-resisted|p2a: Jirachi
|-damage|p2a: Jirachi|86/100
|-resisted|p2a: Jirachi
|-damage|p2a: Jirachi|70/100
|-hitcount|p2a: Jirachi|2
|
|upkeep
|turn|18
|
|t:|1743797675
|move|p2a: Jirachi|Thunder Wave|p1a: Beru
|-status|p1a: Beru|par
|move|p1a: Beru|Dual Wingbeat|p2a: Jirachi
|-resisted|p2a: Jirachi
|-damage|p2a: Jirachi|56/100
|-resisted|p2a: Jirachi
|-damage|p2a: Jirachi|42/100
|-hitcount|p2a: Jirachi|2
|
|upkeep
|turn|19
|
|t:|1743797683
|move|p2a: Jirachi|Stealth Rock|p1a: Beru
|-sidestart|p1: Cam1610|move: Stealth Rock
|move|p1a: Beru|Dual Wingbeat|p2a: Jirachi
|-resisted|p2a: Jirachi
|-damage|p2a: Jirachi|28/100
|-resisted|p2a: Jirachi
|-damage|p2a: Jirachi|12/100
|-hitcount|p2a: Jirachi|2
|
|upkeep
|turn|20
|
|t:|1743797686
|move|p2a: Jirachi|Iron Head|p1a: Beru
|-resisted|p1a: Beru
|-damage|p1a: Beru|45/100 par
|cant|p1a: Beru|flinch
|
|upkeep
|turn|21
|
|t:|1743797689
|move|p2a: Jirachi|Iron Head|p1a: Beru
|-resisted|p1a: Beru
|-damage|p1a: Beru|31/100 par
|move|p1a: Beru|Dual Wingbeat|p2a: Jirachi
|-resisted|p2a: Jirachi
|-damage|p2a: Jirachi|0 fnt
|faint|p2a: Jirachi
|-hitcount|p2: Jirachi|1
|
|upkeep
|
|t:|1743797695
|switch|p2a: Dragapult|Dragapult, M|100/100
|turn|22
|
|t:|1743797697
|move|p2a: Dragapult|Shadow Ball|p1a: Beru
|-damage|p1a: Beru|0 fnt
|faint|p1a: Beru
|
|upkeep
|
|t:|1743797699
|switch|p1a: Tank|Ursaluna, M, shiny|100/100
|-damage|p1a: Tank|94/100|[from] Stealth Rock
|turn|23
|
|t:|1743797705
|switch|p2a: Corviknight|Corviknight, F, tera:Fighting|83/100
|-ability|p2a: Corviknight|Pressure
|move|p1a: Tank|Protect||[still]
|-fail|p1a: Tank
|
|-status|p1a: Tank|brn|[from] item: Flame Orb
|upkeep
|turn|24
|
|t:|1743797713
|move|p2a: Corviknight|Iron Defense|p2a: Corviknight
|-boost|p2a: Corviknight|def|2
|move|p1a: Tank|Facade|p2a: Corviknight
|-damage|p2a: Corviknight|46/100
|-damage|p1a: Tank|78/100 brn|[from] item: Rocky Helmet|[of] p2a: Corviknight
|
|-damage|p1a: Tank|72/100 brn|[from] brn
|upkeep
|turn|25
|
|t:|1743797717
|move|p2a: Corviknight|Roost|p2a: Corviknight
|-heal|p2a: Corviknight|96/100
|move|p1a: Tank|Facade|p2a: Corviknight
|-damage|p2a: Corviknight|60/100
|-damage|p1a: Tank|55/100 brn|[from] item: Rocky Helmet|[of] p2a: Corviknight
|
|-damage|p1a: Tank|49/100 brn|[from] brn
|upkeep
|turn|26
|
|t:|1743797721
|move|p2a: Corviknight|Iron Defense|p2a: Corviknight
|-boost|p2a: Corviknight|def|2
|move|p1a: Tank|Facade|p2a: Corviknight
|-damage|p2a: Corviknight|36/100
|-damage|p1a: Tank|33/100 brn|[from] item: Rocky Helmet|[of] p2a: Corviknight
|
|-damage|p1a: Tank|26/100 brn|[from] brn
|upkeep
|turn|27
|
|t:|1743797722
|move|p2a: Corviknight|Roost|p2a: Corviknight
|-heal|p2a: Corviknight|86/100
|move|p1a: Tank|Facade|p2a: Corviknight
|-damage|p2a: Corviknight|60/100
|-damage|p1a: Tank|10/100 brn|[from] item: Rocky Helmet|[of] p2a: Corviknight
|
|-damage|p1a: Tank|4/100 brn|[from] brn
|upkeep
|turn|28
|
|t:|1743797726
|move|p2a: Corviknight|Roost|p2a: Corviknight
|-heal|p2a: Corviknight|100/100
|move|p1a: Tank|Facade|p2a: Corviknight
|-damage|p2a: Corviknight|75/100
|-damage|p1a: Tank|0 fnt|[from] item: Rocky Helmet|[of] p2a: Corviknight
|faint|p1a: Tank
|
|upkeep
|
|t:|1743797727
|switch|p1a: Tusk|Darkrai, shiny|46/100
|-damage|p1a: Tusk|34/100|[from] Stealth Rock
|turn|29
|
|t:|1743797733
|switch|p2a: Slowking|Slowking-Galar, M|85/100
|move|p1a: Tusk|Sludge Bomb|p2a: Slowking
|-resisted|p2a: Slowking
|-damage|p2a: Slowking|74/100
|-damage|p1a: Tusk|24/100|[from] item: Life Orb
|
|upkeep
|turn|30
|
|t:|1743797739
|move|p1a: Tusk|Dark Pulse|p2a: Slowking
|-supereffective|p2a: Slowking
|-damage|p2a: Slowking|8/100
|-damage|p1a: Tusk|14/100|[from] item: Life Orb
|-prepare|p2a: Slowking|Chilly Reception|[premajor]
|move|p2a: Slowking|Chilly Reception|p2a: Slowking
|-weather|Snowscape
|
|t:|1743797744
|switch|p2a: Dragapult|Dragapult, M|100/100|[from] Chilly Reception
|
|-weather|Snowscape|[upkeep]
|upkeep
|turn|31
|
|t:|1743797750
|move|p2a: Dragapult|U-turn|p1a: Tusk
|-supereffective|p1a: Tusk
|-damage|p1a: Tusk|0 fnt
|faint|p1a: Tusk
|
|t:|1743797751
|switch|p2a: Corviknight|Corviknight, F, tera:Fighting|75/100|[from] U-turn
|-ability|p2a: Corviknight|Pressure
|
|-weather|Snowscape|[upkeep]
|upkeep
|
|t:|1743797755
|switch|p1a: Sung Jin Woo|Kingambit, F, shiny|100/100
|-damage|p1a: Sung Jin Woo|94/100|[from] Stealth Rock
|-activate|p1a: Sung Jin Woo|ability: Supreme Overlord
|-start|p1a: Sung Jin Woo|fallen5|[silent]
|turn|32
|
|t:|1743797756
|-terastallize|p1a: Sung Jin Woo|Fairy
|move|p2a: Corviknight|Iron Defense|p2a: Corviknight
|-boost|p2a: Corviknight|def|2
|move|p1a: Sung Jin Woo|Tera Blast|p2a: Corviknight|[anim] Tera Blast Fairy
|-supereffective|p2a: Corviknight
|-damage|p2a: Corviknight|31/100
|
|-weather|Snowscape|[upkeep]
|-heal|p1a: Sung Jin Woo|100/100|[from] item: Leftovers
|upkeep
|turn|33
|
|t:|1743797761
|move|p2a: Corviknight|Roost|p2a: Corviknight
|-heal|p2a: Corviknight|81/100
|move|p1a: Sung Jin Woo|Tera Blast|p2a: Corviknight|[anim] Tera Blast Fairy
|-supereffective|p2a: Corviknight
|-damage|p2a: Corviknight|36/100
|
|-weather|Snowscape|[upkeep]
|upkeep
|turn|34
|
|t:|1743797768
|move|p2a: Corviknight|Iron Defense|p2a: Corviknight
|-boost|p2a: Corviknight|def|2
|move|p1a: Sung Jin Woo|Tera Blast|p2a: Corviknight|[anim] Tera Blast Fairy
|-supereffective|p2a: Corviknight
|-damage|p2a: Corviknight|7/100
|
|-weather|none
|upkeep
|turn|35
|
|t:|1743797774
|move|p2a: Corviknight|Roost|p2a: Corviknight
|-heal|p2a: Corviknight|57/100
|move|p1a: Sung Jin Woo|Tera Blast|p2a: Corviknight|[anim] Tera Blast Fairy
|-supereffective|p2a: Corviknight
|-damage|p2a: Corviknight|30/100
|
|upkeep
|turn|36
|
|t:|1743797777
|move|p2a: Corviknight|Body Press|p1a: Sung Jin Woo
|-resisted|p1a: Sung Jin Woo
|-damage|p1a: Sung Jin Woo|54/100
|move|p1a: Sung Jin Woo|Tera Blast|p2a: Corviknight|[anim] Tera Blast Fairy
|-supereffective|p2a: Corviknight
|-damage|p2a: Corviknight|1/100
|
|-heal|p1a: Sung Jin Woo|60/100|[from] item: Leftovers
|upkeep
|turn|37
|
|t:|1743797780
|move|p1a: Sung Jin Woo|Sucker Punch|p2a: Corviknight
|-resisted|p2a: Corviknight
|-damage|p2a: Corviknight|0 fnt
|-damage|p1a: Sung Jin Woo|44/100|[from] item: Rocky Helmet|[of] p2a: Corviknight
|faint|p2a: Corviknight
|
|-heal|p1a: Sung Jin Woo|50/100|[from] item: Leftovers
|upkeep
|
|t:|1743797786
|switch|p2a: Slowking|Slowking-Galar, M|41/100
|turn|38
|
|t:|1743797789
|switch|p2a: Dragapult|Dragapult, M|100/100
|move|p1a: Sung Jin Woo|Kowtow Cleave|p2a: Dragapult
|-supereffective|p2a: Dragapult
|-damage|p2a: Dragapult|0 fnt
|faint|p2a: Dragapult
|
|-heal|p1a: Sung Jin Woo|56/100|[from] item: Leftovers
|upkeep
|
|t:|1743797791
|switch|p2a: Slowking|Slowking-Galar, M|75/100
|turn|39
|
|t:|1743797793
|move|p1a: Sung Jin Woo|Sucker Punch|p2a: Slowking
|-supereffective|p2a: Slowking
|-damage|p2a: Slowking|0 fnt
|faint|p2a: Slowking
|
|win|Cam1610
|raw|Cam1610's rating: 1488 &rarr; <strong>1511</strong><br />(+23 for winning)
|raw|armpit fan!'s rating: 1546 &rarr; <strong>1523</strong><br />(-23 for losing)
|c|☆armpit fan!|gg
|c|☆armpit fan!|wp
|c|☆Cam1610|Gg
|l|☆armpit fan!
|player|p2|
|l|☆Cam1610
|player|p1|
