|j|☆kanob55
|j|☆Zelda003
|t:|1743798812
|gametype|singles
|player|p1|kanob55|acetrainerf-gen4dp|1199
|player|p2|Zelda003|nate|1162
|teamsize|p1|6
|teamsize|p2|6
|gen|9
|tier|[Gen 9] OU
|rated|
|rule|HP Percentage Mod: HP is shown in percentages
|rule|Endless Battle Clause: Forcing endless battles is banned
|rule|Species Clause: Limit one of each Pokémon
|rule|OHKO Clause: OHKO moves are banned
|rule|Evasion Items Clause: Evasion items are banned
|rule|Evasion Moves Clause: Evasion moves are banned
|rule|Sleep Moves Clause: Sleep-inducing moves are banned
|clearpoke
|poke|p1|Iron Treads|
|poke|p1|Dragapult, F|
|poke|p1|Samurott-Hisui, M|
|poke|p1|Serperior, M|
|poke|p1|Zapdos|
|poke|p1|Clefable, M|
|poke|p2|Dedenne, F|
|poke|p2|Dragapult, M|
|poke|p2|Rillaboom, M|
|poke|p2|Maushold-Four|
|poke|p2|Hawlucha, M|
|poke|p2|Garganacl, M|
|teampreview
|inactive|Battle timer is ON: inactive players will automatically lose when time's up. (requested by Zelda003)
|inactive|kanob55 also wants the timer to be on.
|
|t:|1743798821
|start
|switch|p1a: Iron Treads|Iron Treads|100/100
|switch|p2a: Maushold|Maushold-Four|100/100
|turn|1
|
|t:|1743798828
|switch|p2a: Rillaboom|Rillaboom, M|100/100
|-fieldstart|move: Grassy Terrain|[from] ability: Grassy Surge|[of] p2a: Rillaboom
|move|p1a: Iron Treads|Rapid Spin|p2a: Rillaboom
|-damage|p2a: Rillaboom|84/100
|-boost|p1a: Iron Treads|spe|1
|
|-heal|p2a: Rillaboom|90/100|[from] Grassy Terrain
|upkeep
|turn|2
|
|t:|1743798841
|move|p1a: Iron Treads|Ice Spinner|p2a: Rillaboom
|-supereffective|p2a: Rillaboom
|-damage|p2a: Rillaboom|37/100
|-fieldend|move: Grassy Terrain
|move|p2a: Rillaboom|Drum Beating|p1a: Iron Treads
|-damage|p1a: Iron Treads|58/100
|-unboost|p1a: Iron Treads|spe|1
|
|-heal|p1a: Iron Treads|64/100|[from] item: Leftovers
|upkeep
|turn|3
|
|t:|1743798854
|move|p1a: Iron Treads|Ice Spinner|p2a: Rillaboom
|-supereffective|p2a: Rillaboom
|-crit|p2a: Rillaboom
|-damage|p2a: Rillaboom|0 fnt
|faint|p2a: Rillaboom
|
|-heal|p1a: Iron Treads|71/100|[from] item: Leftovers
|upkeep
|
|t:|1743798858
|switch|p2a: Garganacl|Garganacl, M|100/100
|turn|4
|
|t:|1743798862
|move|p1a: Iron Treads|Earthquake|p2a: Garganacl
|-supereffective|p2a: Garganacl
|-damage|p2a: Garganacl|42/100
|move|p2a: Garganacl|Salt Cure|p1a: Iron Treads
|-resisted|p1a: Iron Treads
|-damage|p1a: Iron Treads|67/100
|-start|p1a: Iron Treads|Salt Cure
|
|-heal|p1a: Iron Treads|74/100|[from] item: Leftovers
|-heal|p2a: Garganacl|48/100|[from] item: Leftovers
|-damage|p1a: Iron Treads|49/100|[from] Salt Cure
|upkeep
|turn|5
|
|t:|1743798873
|move|p2a: Garganacl|Protect|p2a: Garganacl
|-singleturn|p2a: Garganacl|Protect
|move|p1a: Iron Treads|Earthquake|p2a: Garganacl
|-activate|p2a: Garganacl|move: Protect
|
|-heal|p1a: Iron Treads|55/100|[from] item: Leftovers
|-heal|p2a: Garganacl|54/100|[from] item: Leftovers
|-damage|p1a: Iron Treads|30/100|[from] Salt Cure
|upkeep
|turn|6
|
|t:|1743798881
|switch|p2a: Hawlucha|Hawlucha, M|100/100
|move|p1a: Iron Treads|Earthquake|p2a: Hawlucha
|-immune|p2a: Hawlucha
|
|-heal|p1a: Iron Treads|36/100|[from] item: Leftovers
|-damage|p1a: Iron Treads|11/100|[from] Salt Cure
|upkeep
|turn|7
|
|t:|1743798896
|-end|p1a: Iron Treads|Quark Drive|[silent]
|switch|p1a: Clefable|Clefable, M|100/100
|move|p2a: Hawlucha|Acrobatics|p1a: Clefable
|-damage|p1a: Clefable|80/100
|
|-heal|p1a: Clefable|86/100|[from] item: Leftovers
|upkeep
|turn|8
|
|t:|1743798903
|move|p2a: Hawlucha|Poison Jab|p1a: Clefable
|-supereffective|p1a: Clefable
|-damage|p1a: Clefable|46/100
|move|p1a: Clefable|Calm Mind|p1a: Clefable
|-boost|p1a: Clefable|spa|1
|-boost|p1a: Clefable|spd|1
|
|-heal|p1a: Clefable|52/100|[from] item: Leftovers
|upkeep
|turn|9
|
|t:|1743798912
|move|p2a: Hawlucha|Poison Jab|p1a: Clefable
|-supereffective|p1a: Clefable
|-crit|p1a: Clefable
|-damage|p1a: Clefable|0 fnt
|faint|p1a: Clefable
|
|upkeep
|
|t:|1743798916
|switch|p1a: Zapdos|Zapdos|100/100
|turn|10
|
|t:|1743798931
|move|p2a: Hawlucha|Poison Jab|p1a: Zapdos
|-damage|p1a: Zapdos|84/100
|move|p1a: Zapdos|Hurricane|p2a: Hawlucha|[miss]
|-miss|p1a: Zapdos|p2a: Hawlucha
|
|upkeep
|turn|11
|
|t:|1743798937
|switch|p2a: Garganacl|Garganacl, M|54/100
|move|p1a: Zapdos|Hurricane|p2a: Garganacl
|-resisted|p2a: Garganacl
|-damage|p2a: Garganacl|35/100
|-start|p2a: Garganacl|confusion
|
|-heal|p2a: Garganacl|41/100|[from] item: Leftovers
|upkeep
|turn|12
|c|☆kanob55|I might have lost the game cause of that sight
|
|t:|1743798951
|-activate|p2a: Garganacl|confusion
|move|p2a: Garganacl|Protect|p2a: Garganacl
|-singleturn|p2a: Garganacl|Protect
|move|p1a: Zapdos|Volt Switch|p2a: Garganacl
|-activate|p2a: Garganacl|move: Protect
|
|-heal|p2a: Garganacl|47/100|[from] item: Leftovers
|upkeep
|turn|13
|
|t:|1743798957
|move|p1a: Zapdos|Volt Switch|p2a: Garganacl
|-damage|p2a: Garganacl|22/100
|
|t:|1743798968
|switch|p1a: Iron Treads|Iron Treads|11/100|[from] Volt Switch
|-activate|p2a: Garganacl|confusion
|-damage|p2a: Garganacl|16/100|[from] confusion
|
|-heal|p1a: Iron Treads|18/100|[from] item: Leftovers
|-heal|p2a: Garganacl|22/100|[from] item: Leftovers
|upkeep
|turn|14
|
|t:|1743798976
|-activate|p2a: Garganacl|confusion
|move|p2a: Garganacl|Protect|p2a: Garganacl
|-singleturn|p2a: Garganacl|Protect
|move|p1a: Iron Treads|Earthquake|p2a: Garganacl
|-activate|p2a: Garganacl|move: Protect
|
|-heal|p1a: Iron Treads|24/100|[from] item: Leftovers
|-heal|p2a: Garganacl|28/100|[from] item: Leftovers
|upkeep
|turn|15
|
|t:|1743798981
|switch|p2a: Hawlucha|Hawlucha, M|100/100
|move|p1a: Iron Treads|Earthquake|p2a: Hawlucha
|-immune|p2a: Hawlucha
|
|-heal|p1a: Iron Treads|30/100|[from] item: Leftovers
|upkeep
|turn|16
|
|t:|1743798989
|-end|p1a: Iron Treads|Quark Drive|[silent]
|switch|p1a: Dragapult|Dragapult, F|100/100
|move|p2a: Hawlucha|Close Combat|p1a: Dragapult
|-immune|p1a: Dragapult
|
|upkeep
|turn|17
|
|t:|1743798996
|move|p1a: Dragapult|Psychic Fangs|p2a: Hawlucha
|-supereffective|p2a: Hawlucha
|-damage|p2a: Hawlucha|0 fnt
|faint|p2a: Hawlucha
|
|upkeep
|
|t:|1743799004
|switch|p2a: Dedenne|Dedenne, F|100/100
|turn|18
|
|t:|1743799015
|switch|p1a: Iron Treads|Iron Treads|30/100
|move|p2a: Dedenne|Nuzzle|p1a: Iron Treads
|-immune|p1a: Iron Treads
|
|-heal|p1a: Iron Treads|36/100|[from] item: Leftovers
|upkeep
|turn|19
|
|t:|1743799023
|move|p1a: Iron Treads|Earthquake|p2a: Dedenne
|-supereffective|p2a: Dedenne
|-damage|p2a: Dedenne|0 fnt
|faint|p2a: Dedenne
|
|-heal|p1a: Iron Treads|43/100|[from] item: Leftovers
|upkeep
|
|t:|1743799027
|switch|p2a: Dragapult|Dragapult, M|100/100
|turn|20
|
|t:|1743799033
|-terastallize|p2a: Dragapult|Steel
|move|p2a: Dragapult|Dragon Dance|p2a: Dragapult
|-boost|p2a: Dragapult|atk|1
|-boost|p2a: Dragapult|spe|1
|move|p1a: Iron Treads|Ice Spinner|p2a: Dragapult
|-resisted|p2a: Dragapult
|-damage|p2a: Dragapult|84/100
|
|-heal|p1a: Iron Treads|49/100|[from] item: Leftovers
|upkeep
|turn|21
|
|t:|1743799045
|move|p2a: Dragapult|Phantom Force||[still]
|-prepare|p2a: Dragapult|Phantom Force
|move|p1a: Iron Treads|Earthquake|p2a: Dragapult|[miss]
|-miss|p1a: Iron Treads|p2a: Dragapult
|
|-heal|p1a: Iron Treads|55/100|[from] item: Leftovers
|upkeep
|turn|22
|
|t:|1743799062
|move|p2a: Dragapult|Phantom Force|p1a: Iron Treads|[from] lockedmove
|-damage|p1a: Iron Treads|0 fnt
|faint|p1a: Iron Treads
|-end|p1a: Iron Treads|Quark Drive|[silent]
|-damage|p2a: Dragapult|75/100|[from] item: Life Orb
|
|upkeep
|
|t:|1743799069
|switch|p1a: Serperior|Serperior, M|100/100
|turn|23
|
|t:|1743799072
|move|p2a: Dragapult|Dragon Darts|p1a: Serperior
|-damage|p1a: Serperior|36/100
|-anim|p2a: Dragapult|Dragon Darts|p1a: Serperior
|-damage|p1a: Serperior|0 fnt
|faint|p1a: Serperior
|-damage|p2a: Dragapult|65/100|[from] item: Life Orb
|
|upkeep
|
|t:|1743799076
|switch|p1a: Zapdos|Zapdos|84/100
|turn|24
|
|t:|1743799080
|move|p2a: Dragapult|Dragon Darts|p1a: Zapdos
|-damage|p1a: Zapdos|49/100
|-anim|p2a: Dragapult|Dragon Darts|p1a: Zapdos
|-damage|p1a: Zapdos|12/100
|-damage|p2a: Dragapult|55/100|[from] item: Life Orb
|move|p1a: Zapdos|Hurricane|p2a: Dragapult
|-resisted|p2a: Dragapult
|-damage|p2a: Dragapult|24/100
|
|upkeep
|turn|25
|
|t:|1743799096
|move|p2a: Dragapult|Dragon Darts|p1a: Zapdos
|-damage|p1a: Zapdos|0 fnt
|faint|p1a: Zapdos
|-damage|p2a: Dragapult|14/100|[from] item: Life Orb
|
|upkeep
|
|t:|1743799099
|switch|p1a: Ceci|Samurott-Hisui, M, shiny|100/100
|turn|26
|
|t:|1743799101
|move|p1a: Ceci|Aqua Jet|p2a: Dragapult
|-damage|p2a: Dragapult|0 fnt
|faint|p2a: Dragapult
|
|upkeep
|
|t:|1743799106
|switch|p2a: Maushold|Maushold-Four|100/100
|turn|27
|
|t:|1743799110
|move|p2a: Maushold|Population Bomb|p1a: Ceci
|-damage|p1a: Ceci|87/100
|-damage|p1a: Ceci|73/100
|-damage|p1a: Ceci|58/100
|-damage|p1a: Ceci|44/100
|-damage|p1a: Ceci|30/100
|-damage|p1a: Ceci|16/100
|-damage|p1a: Ceci|1/100
|-crit|p1a: Ceci
|-damage|p1a: Ceci|0 fnt
|faint|p1a: Ceci
|-hitcount|p1: Ceci|8
|
|upkeep
|
|t:|1743799120
|switch|p1a: Dragapult|Dragapult, F|100/100
|turn|28
|
|t:|1743799128
|move|p1a: Dragapult|Dragon Darts|p2a: Maushold
|-damage|p2a: Maushold|42/100
|-anim|p1a: Dragapult|Dragon Darts|p2a: Maushold
|-damage|p2a: Maushold|0 fnt
|faint|p2a: Maushold
|
|upkeep
|
|t:|1743799134
|switch|p2a: Garganacl|Garganacl, M|28/100
|turn|29
|
|t:|1743799136
|move|p2a: Garganacl|Protect|p2a: Garganacl
|-singleturn|p2a: Garganacl|Protect
|move|p1a: Dragapult|Dragon Darts|p2a: Garganacl
|-activate|p2a: Garganacl|move: Protect
|
|-heal|p2a: Garganacl|34/100|[from] item: Leftovers
|upkeep
|turn|30
|
|t:|1743799140
|move|p1a: Dragapult|Dragon Darts|p2a: Garganacl
|-damage|p2a: Garganacl|12/100
|-anim|p1a: Dragapult|Dragon Darts|p2a: Garganacl
|-damage|p2a: Garganacl|0 fnt
|faint|p2a: Garganacl
|
|win|kanob55
|raw|kanob55's rating: 1199 &rarr; <strong>1221</strong><br />(+22 for winning)
|raw|Zelda003's rating: 1162 &rarr; <strong>1140</strong><br />(-22 for losing)
|c|☆kanob55|GG
|l|☆Zelda003
|player|p2|
|l|☆kanob55
|player|p1|
