|j|☆KingSpiny
|j|☆j3d7IuA6Gbz4zlnO
|t:|1743780052
|gametype|singles
|player|p1|KingSpiny|265|1072
|player|p2|j3d7IuA6Gbz4zlnO|170|1000
|teamsize|p1|6
|teamsize|p2|6
|gen|9
|tier|[Gen 9] OU
|rated|
|rule|HP Percentage Mod: HP is shown in percentages
|rule|Endless Battle Clause: Forcing endless battles is banned
|rule|Species Clause: Limit one of each Pokémon
|rule|OHKO Clause: OHKO moves are banned
|rule|Evasion Items Clause: Evasion items are banned
|rule|Evasion Moves Clause: Evasion moves are banned
|rule|Sleep Moves Clause: Sleep-inducing moves are banned
|clearpoke
|poke|p1|Heracross, F|
|poke|p1|Raichu-Alola, M|
|poke|p1|Dragonite, M|
|poke|p1|Gengar, M|
|poke|p1|Torkoal, F|
|poke|p1|Sceptile, M|
|poke|p2|Tauros-Paldea-Blaze, M|
|poke|p2|Kingambit, M|
|poke|p2|Ting-Lu|
|poke|p2|Pecharunt|
|poke|p2|Ogerpon-Wellspring, F|
|poke|p2|Great Tusk|
|teampreview
|inactive|Battle timer is ON: inactive players will automatically lose when time's up. (requested by j3d7IuA6Gbz4zlnO)
|
|t:|1743780063
|start
|switch|p1a: Torkoal|Torkoal, F|100/100
|switch|p2a: Ting-Lu|Ting-Lu|100/100
|-weather|SunnyDay|[from] ability: Drought|[of] p1a: Torkoal
|-ability|p2a: Ting-Lu|Vessel of Ruin
|turn|1
|
|t:|1743780073
|move|p1a: Torkoal|Stealth Rock|p2a: Ting-Lu
|-sidestart|p2: j3d7IuA6Gbz4zlnO|move: Stealth Rock
|move|p2a: Ting-Lu|Stealth Rock|p1a: Torkoal
|-sidestart|p1: KingSpiny|move: Stealth Rock
|
|-weather|SunnyDay|[upkeep]
|upkeep
|turn|2
|
|t:|1743780094
|switch|p1a: Heracross|Heracross, F|100/100
|-damage|p1a: Heracross|88/100|[from] Stealth Rock
|switch|p2a: Pecharunt|Pecharunt|100/100
|
|-weather|SunnyDay|[upkeep]
|-status|p1a: Heracross|brn|[from] item: Flame Orb
|upkeep
|turn|3
|
|t:|1743780107
|move|p1a: Heracross|Shadow Claw|p2a: Pecharunt
|-supereffective|p2a: Pecharunt
|-damage|p2a: Pecharunt|70/100
|move|p2a: Pecharunt|Hex|p1a: Heracross
|-damage|p1a: Heracross|39/100 brn
|
|-weather|SunnyDay|[upkeep]
|-damage|p1a: Heracross|33/100 brn|[from] brn
|upkeep
|turn|4
|
|t:|1743780113
|switch|p1a: Torkoal|Torkoal, F|100/100
|-damage|p1a: Torkoal|76/100|[from] Stealth Rock
|move|p2a: Pecharunt|Recover|p2a: Pecharunt
|-heal|p2a: Pecharunt|100/100
|
|-weather|SunnyDay|[upkeep]
|upkeep
|turn|5
|
|t:|1743780118
|move|p2a: Pecharunt|Malignant Chain|p1a: Torkoal
|-damage|p1a: Torkoal|28/100
|-status|p1a: Torkoal|tox
|-start|p1a: Torkoal|confusion|[from] ability: Poison Puppeteer|[of] p2a: Pecharunt
|-activate|p1a: Torkoal|confusion
|-damage|p1a: Torkoal|22/100 tox|[from] confusion
|
|-weather|none
|-damage|p1a: Torkoal|16/100 tox|[from] psn
|upkeep
|turn|6
|
|t:|1743780124
|move|p2a: Pecharunt|Malignant Chain|p1a: Torkoal
|-damage|p1a: Torkoal|0 fnt
|faint|p1a: Torkoal
|
|upkeep
|
|t:|1743780134
|switch|p1a: Raichu|Raichu-Alola, M|100/100
|-damage|p1a: Raichu|88/100|[from] Stealth Rock
|turn|7
|
|t:|1743780138
|switch|p2a: Ting-Lu|Ting-Lu|100/100
|-damage|p2a: Ting-Lu|94/100|[from] Stealth Rock
|-ability|p2a: Ting-Lu|Vessel of Ruin
|move|p1a: Raichu|Thunderbolt|p2a: Ting-Lu
|-immune|p2a: Ting-Lu
|
|-heal|p2a: Ting-Lu|100/100|[from] item: Leftovers
|upkeep
|turn|8
|
|t:|1743780161
|move|p1a: Raichu|Surf|p2a: Ting-Lu
|-supereffective|p2a: Ting-Lu
|-damage|p2a: Ting-Lu|81/100
|move|p2a: Ting-Lu|Ruination|p1a: Raichu
|-damage|p1a: Raichu|45/100
|
|-heal|p2a: Ting-Lu|87/100|[from] item: Leftovers
|upkeep
|turn|9
|-message|KingSpiny forfeited.
|
|win|j3d7IuA6Gbz4zlnO
|raw|KingSpiny's rating: 1072 &rarr; <strong>1047</strong><br />(-25 for losing)
|raw|j3d7IuA6Gbz4zlnO's rating: 1000 &rarr; <strong>1048</strong><br />(+48 for winning)
|l|☆KingSpiny
|player|p1|
