|j|☆SeigneurFou
|j|☆happy skadi
|t:|1743937950
|gametype|singles
|player|p1|SeigneurFou|1|1680
|player|p2|happy skadi|2|1617
|teamsize|p1|6
|teamsize|p2|6
|gen|9
|tier|[Gen 9] OU
|rated|
|rule|HP Percentage Mod: HP is shown in percentages
|rule|Endless Battle Clause: Forcing endless battles is banned
|rule|Species Clause: Limit one of each Pokémon
|rule|OHKO Clause: OHKO moves are banned
|rule|Evasion Items Clause: Evasion items are banned
|rule|Evasion Moves Clause: Evasion moves are banned
|rule|Sleep Moves Clause: Sleep-inducing moves are banned
|clearpoke
|poke|p1|Kyurem|
|poke|p1|Dragonite, F|
|poke|p1|Cinderace, M|
|poke|p1|Okidogi, M|
|poke|p1|Enamorus, F|
|poke|p1|Iron Valiant|
|poke|p2|Ninetales-Alola, F|
|poke|p2|Torterra, M|
|poke|p2|Samurott-Hisui, F|
|poke|p2|Iron Crown|
|poke|p2|Kingambit, F|
|poke|p2|Keldeo-Resolute|
|teampreview
|inactive|Battle timer is ON: inactive players will automatically lose when time's up. (requested by SeigneurFou)
|
|t:|1743937976
|start
|switch|p1a: Enamorus|Enamorus, F|100/100
|switch|p2a: Keldeo|Keldeo-Resolute|100/100
|turn|1
|
|t:|1743938006
|move|p2a: Keldeo|Surf|p1a: Enamorus
|-damage|p1a: Enamorus|39/100
|move|p1a: Enamorus|Calm Mind|p1a: Enamorus
|-boost|p1a: Enamorus|spa|1
|-boost|p1a: Enamorus|spd|1
|
|-heal|p1a: Enamorus|45/100|[from] item: Leftovers
|upkeep
|turn|2
|
|t:|1743938019
|move|p2a: Keldeo|Surf|p1a: Enamorus
|-damage|p1a: Enamorus|4/100
|move|p1a: Enamorus|Moonblast|p2a: Keldeo
|-supereffective|p2a: Keldeo
|-damage|p2a: Keldeo|0 fnt
|faint|p2a: Keldeo
|
|-heal|p1a: Enamorus|11/100|[from] item: Leftovers
|upkeep
|inactive|happy skadi has 120 seconds left.
|inactive|happy skadi has 90 seconds left.
|inactive|happy skadi has 60 seconds left.
|
|t:|1743938097
|switch|p2a: Ninetales|Ninetales-Alola, F|100/100
|-weather|Snowscape|[from] ability: Snow Warning|[of] p2a: Ninetales
|turn|3
|inactive|happy skadi has 60 seconds left.
|
|t:|1743938116
|move|p2a: Ninetales|Freeze-Dry|p1a: Enamorus
|-supereffective|p1a: Enamorus
|-damage|p1a: Enamorus|0 fnt
|faint|p1a: Enamorus
|
|-weather|Snowscape|[upkeep]
|upkeep
|
|t:|1743938123
|switch|p1a: Cinderace|Cinderace, M|100/100
|turn|4
|inactive|happy skadi has 60 seconds left.
|
|t:|1743938149
|move|p1a: Cinderace|Pyro Ball|p2a: Ninetales
|-supereffective|p2a: Ninetales
|-damage|p2a: Ninetales|10/100
|move|p2a: Ninetales|Encore|p1a: Cinderace
|-start|p1a: Cinderace|Encore
|
|-weather|Snowscape|[upkeep]
|upkeep
|turn|5
|
|t:|1743938167
|move|p1a: Cinderace|Pyro Ball|p2a: Ninetales
|-supereffective|p2a: Ninetales
|-damage|p2a: Ninetales|0 fnt
|faint|p2a: Ninetales
|
|-weather|Snowscape|[upkeep]
|upkeep
|inactive|happy skadi has 60 seconds left.
|
|t:|1743938185
|switch|p2a: Samurott|Samurott-Hisui, F|100/100
|turn|6
|
|t:|1743938192
|switch|p1a: Okidogi|Okidogi, M|100/100
|move|p2a: Samurott|Ceaseless Edge|p1a: Okidogi
|-resisted|p1a: Okidogi
|-damage|p1a: Okidogi|80/100
|-sidestart|p1: SeigneurFou|Spikes
|
|-weather|Snowscape|[upkeep]
|-heal|p1a: Okidogi|86/100|[from] item: Leftovers
|upkeep
|turn|7
|inactive|happy skadi has 60 seconds left.
|inactive|happy skadi has 30 seconds left.
|
|t:|1743938235
|-terastallize|p2a: Samurott|Ghost
|move|p2a: Samurott|Swords Dance|p2a: Samurott
|-boost|p2a: Samurott|atk|2
|move|p1a: Okidogi|Drain Punch|p2a: Samurott
|-immune|p2a: Samurott
|
|-weather|none
|-heal|p1a: Okidogi|92/100|[from] item: Leftovers
|upkeep
|turn|8
|inactive|happy skadi has 30 seconds left.
|
|t:|1743938245
|move|p2a: Samurott|Aqua Cutter|p1a: Okidogi
|-damage|p1a: Okidogi|19/100
|move|p1a: Okidogi|Knock Off|p2a: Samurott
|-supereffective|p2a: Samurott
|-damage|p2a: Samurott|10/100
|-enditem|p2a: Samurott|Black Glasses|[from] move: Knock Off|[of] p1a: Okidogi
|
|-heal|p1a: Okidogi|25/100|[from] item: Leftovers
|upkeep
|turn|9
|
|t:|1743938255
|move|p2a: Samurott|Aqua Cutter|p1a: Okidogi
|-damage|p1a: Okidogi|0 fnt
|faint|p1a: Okidogi
|
|upkeep
|
|t:|1743938264
|switch|p1a: Cinderace|Cinderace, M|100/100
|turn|10
|inactive|happy skadi has 30 seconds left.
|inactive|happy skadi has 20 seconds left.
|
|t:|1743938296
|move|p1a: Cinderace|Sucker Punch|p2a: Samurott
|-start|p1a: Cinderace|typechange|Dark|[from] ability: Libero
|-supereffective|p2a: Samurott
|-damage|p2a: Samurott|0 fnt
|faint|p2a: Samurott
|
|upkeep
|inactive|happy skadi has 25 seconds left this turn.
|inactive|happy skadi has 20 seconds left.
|inactive|happy skadi has 15 seconds left.
|inactive|happy skadi has 10 seconds left.
|
|t:|1743938313
|switch|p2a: Kingambit|Kingambit, F|100/100
|-activate|p2a: Kingambit|ability: Supreme Overlord
|-start|p2a: Kingambit|fallen3|[silent]
|turn|11
|inactive|happy skadi has 20 seconds left this turn.
|
|t:|1743938316
|move|p1a: Cinderace|Pyro Ball|p2a: Kingambit|[miss]
|-miss|p1a: Cinderace|p2a: Kingambit
|move|p2a: Kingambit|Iron Head|p1a: Cinderace
|-damage|p1a: Cinderace|20/100
|
|upkeep
|turn|12
|inactive|happy skadi has 30 seconds left this turn.
|
|t:|1743938323
|move|p1a: Cinderace|Court Change|p1a: Cinderace
|-swapsideconditions
|-activate|p1a: Cinderace|move: Court Change
|move|p2a: Kingambit|Iron Head|p1a: Cinderace
|-damage|p1a: Cinderace|0 fnt
|faint|p1a: Cinderace
|
|upkeep
|inactive|happy skadi has 30 seconds left this turn.
|
|t:|1743938339
|switch|p1a: Kyurem|Kyurem|100/100
|-ability|p1a: Kyurem|Pressure
|turn|13
|inactive|happy skadi has 30 seconds left.
|inactive|happy skadi has 20 seconds left.
|
|t:|1743938359
|move|p1a: Kyurem|Ice Beam|p2a: Kingambit
|-resisted|p2a: Kingambit
|-damage|p2a: Kingambit|77/100
|move|p2a: Kingambit|Iron Head|p1a: Kyurem
|-supereffective|p1a: Kyurem
|-damage|p1a: Kyurem|0 fnt
|faint|p1a: Kyurem
|
|-heal|p2a: Kingambit|83/100|[from] item: Leftovers
|upkeep
|inactive|happy skadi has 25 seconds left this turn.
|
|t:|1743938367
|switch|p1a: Iron Valiant|Iron Valiant|100/100
|-enditem|p1a: Iron Valiant|Booster Energy
|-activate|p1a: Iron Valiant|ability: Quark Drive|[fromitem]
|-start|p1a: Iron Valiant|quarkdrivespe
|turn|14
|inactive|happy skadi has 30 seconds left.
|inactive|happy skadi has 20 seconds left.
|inactive|happy skadi has 15 seconds left.
|inactive|happy skadi has 10 seconds left.
|
|t:|1743938396
|move|p1a: Iron Valiant|Vacuum Wave|p2a: Kingambit
|-supereffective|p2a: Kingambit
|-damage|p2a: Kingambit|7/100
|move|p2a: Kingambit|Iron Head|p1a: Iron Valiant
|-supereffective|p1a: Iron Valiant
|-damage|p1a: Iron Valiant|0 fnt
|faint|p1a: Iron Valiant
|-end|p1a: Iron Valiant|Quark Drive|[silent]
|
|-heal|p2a: Kingambit|13/100|[from] item: Leftovers
|upkeep
|inactive|happy skadi has 15 seconds left this turn.
|
|t:|1743938403
|switch|p1a: Dragonite|Dragonite, F|100/100
|turn|15
|inactive|happy skadi has 25 seconds left this turn.
|
|t:|1743938408
|move|p1a: Dragonite|Dragon Dance|p1a: Dragonite
|-boost|p1a: Dragonite|atk|1
|-boost|p1a: Dragonite|spe|1
|move|p2a: Kingambit|Kowtow Cleave|p1a: Dragonite
|-damage|p1a: Dragonite|71/100
|
|-heal|p1a: Dragonite|77/100|[from] item: Leftovers
|-heal|p2a: Kingambit|19/100|[from] item: Leftovers
|upkeep
|turn|16
|
|t:|1743938416
|move|p1a: Dragonite|Extreme Speed|p2a: Kingambit
|-resisted|p2a: Kingambit
|-damage|p2a: Kingambit|2/100
|move|p2a: Kingambit|Kowtow Cleave|p1a: Dragonite
|-damage|p1a: Dragonite|19/100
|
|-heal|p1a: Dragonite|25/100|[from] item: Leftovers
|-heal|p2a: Kingambit|8/100|[from] item: Leftovers
|upkeep
|turn|17
|
|t:|1743938429
|move|p1a: Dragonite|Extreme Speed|p2a: Kingambit
|-resisted|p2a: Kingambit
|-damage|p2a: Kingambit|0 fnt
|faint|p2a: Kingambit
|-end|p2a: Kingambit|fallen3|[silent]
|
|-heal|p1a: Dragonite|31/100|[from] item: Leftovers
|upkeep
|
|t:|1743938432
|switch|p2a: Iron Crown|Iron Crown|100/100
|-damage|p2a: Iron Crown|88/100|[from] Spikes
|-enditem|p2a: Iron Crown|Booster Energy
|-activate|p2a: Iron Crown|ability: Quark Drive|[fromitem]
|-start|p2a: Iron Crown|quarkdrivespe
|turn|18
|
|t:|1743938440
|-terastallize|p1a: Dragonite|Flying
|move|p2a: Iron Crown|Tachyon Cutter|p1a: Dragonite
|-damage|p1a: Dragonite|12/100
|-damage|p1a: Dragonite|0 fnt
|faint|p1a: Dragonite
|-hitcount|p1: Dragonite|2
|
|win|happy skadi
|raw|SeigneurFou's rating: 1680 &rarr; <strong>1656</strong><br />(-24 for losing)
|raw|happy skadi's rating: 1617 &rarr; <strong>1641</strong><br />(+24 for winning)
|l|☆SeigneurFou
|player|p1|
|l|☆happy skadi
|player|p2|
