|j|☆delz123
|j|☆tombage
|t:|1743794137
|gametype|singles
|player|p1|delz123|169|1340
|player|p2|tombage|janine|1352
|teamsize|p1|6
|teamsize|p2|6
|gen|9
|tier|[Gen 9] OU
|rated|
|rule|HP Percentage Mod: HP is shown in percentages
|rule|Endless Battle Clause: Forcing endless battles is banned
|rule|Species Clause: Limit one of each Pokémon
|rule|OHKO Clause: OHKO moves are banned
|rule|Evasion Items Clause: Evasion items are banned
|rule|Evasion Moves Clause: Evasion moves are banned
|rule|Sleep Moves Clause: Sleep-inducing moves are banned
|clearpoke
|poke|p1|Magnezone|
|poke|p1|Pawmot, M|
|poke|p1|Meowscarada, F|
|poke|p1|Hydrapple, M|
|poke|p1|Volcanion|
|poke|p1|Gastrodon, F|
|poke|p2|Ninetales-Alola, F|
|poke|p2|Frosmoth, F|
|poke|p2|Avalugg-Hisui, F|
|poke|p2|Moltres|
|poke|p2|Ogerpon-Wellspring, F|
|poke|p2|Heatran, F|
|teampreview
|inactive|Battle timer is ON: inactive players will automatically lose when time's up. (requested by tombage)
|
|t:|1743794158
|start
|switch|p1a: Schoolbus|Volcanion|100/100
|switch|p2a: Ninetales|Ninetales-Alola, F|100/100
|-weather|Snowscape|[from] ability: Snow Warning|[of] p2a: Ninetales
|turn|1
|
|t:|1743794165
|move|p2a: Ninetales|Aurora Veil|p2a: Ninetales
|-sidestart|p2: tombage|move: Aurora Veil
|move|p1a: Schoolbus|Fire Spin|p2a: Ninetales
|-supereffective|p2a: Ninetales
|-damage|p2a: Ninetales|77/100
|-activate|p2a: Ninetales|move: Fire Spin|[of] p1a: Schoolbus
|
|-weather|Snowscape|[upkeep]
|-damage|p2a: Ninetales|65/100|[from] move: Fire Spin|[partiallytrapped]
|upkeep
|turn|2
|
|t:|1743794173
|move|p2a: Ninetales|Freeze-Dry|p1a: Schoolbus
|-damage|p1a: Schoolbus|76/100
|move|p1a: Schoolbus|Steam Eruption|p2a: Ninetales
|-damage|p2a: Ninetales|30/100
|
|-weather|Snowscape|[upkeep]
|-damage|p2a: Ninetales|18/100|[from] move: Fire Spin|[partiallytrapped]
|upkeep
|turn|3
|
|t:|1743794183
|move|p2a: Ninetales|Encore|p1a: Schoolbus
|-start|p1a: Schoolbus|Encore
|move|p1a: Schoolbus|Steam Eruption|p2a: Ninetales
|-damage|p2a: Ninetales|0 fnt
|faint|p2a: Ninetales
|
|-weather|Snowscape|[upkeep]
|upkeep
|
|t:|1743794185
|switch|p2a: Ogerpon|Ogerpon-Wellspring, F|100/100
|turn|4
|
|t:|1743794192
|switch|p1a: Quintatta|Hydrapple, M, shiny|100/100
|move|p2a: Ogerpon|Horn Leech|p1a: Quintatta
|-resisted|p1a: Quintatta
|-damage|p1a: Quintatta|95/100
|
|-weather|Snowscape|[upkeep]
|upkeep
|turn|5
|
|t:|1743794206
|move|p2a: Ogerpon|Play Rough|p1a: Quintatta
|-supereffective|p1a: Quintatta
|-damage|p1a: Quintatta|54/100
|move|p1a: Quintatta|Giga Drain|p2a: Ogerpon
|-damage|p2a: Ogerpon|81/100
|-heal|p1a: Quintatta|61/100|[from] drain|[of] p2a: Ogerpon
|
|-weather|none
|upkeep
|turn|6
|
|t:|1743794217
|switch|p1a: T-Rapper|Magnezone, shiny|100/100
|move|p2a: Ogerpon|Play Rough|p1a: T-Rapper
|-resisted|p1a: T-Rapper
|-damage|p1a: T-Rapper|84/100
|
|upkeep
|turn|7
|
|t:|1743794230
|switch|p1a: Quintatta|Hydrapple, M, shiny|95/100
|move|p2a: Ogerpon|U-turn|p1a: Quintatta
|-supereffective|p1a: Quintatta
|-damage|p1a: Quintatta|65/100
|
|t:|1743794235
|switch|p2a: Frosmoth|Frosmoth, F|100/100|[from] U-turn
|
|upkeep
|turn|8
|
|t:|1743794240
|switch|p1a: Catnip|Meowscarada, F, shiny|100/100
|move|p2a: Frosmoth|Quiver Dance|p2a: Frosmoth
|-boost|p2a: Frosmoth|spa|1
|-boost|p2a: Frosmoth|spd|1
|-boost|p2a: Frosmoth|spe|1
|
|-sideend|p2: tombage|move: Aurora Veil
|upkeep
|turn|9
|
|t:|1743794256
|move|p1a: Catnip|Knock Off|p2a: Frosmoth
|-start|p1a: Catnip|typechange|Dark|[from] ability: Protean
|-damage|p2a: Frosmoth|17/100
|-enditem|p2a: Frosmoth|Covert Cloak|[from] move: Knock Off|[of] p1a: Catnip
|move|p2a: Frosmoth|Ice Beam|p1a: Catnip
|-damage|p1a: Catnip|0 fnt
|faint|p1a: Catnip
|
|upkeep
|
|t:|1743794268
|switch|p1a: BeefBuns|Pawmot, M, shiny|100/100
|turn|10
|
|t:|1743794278
|switch|p2a: Heatran|Heatran, F|100/100
|move|p1a: BeefBuns|Close Combat|p2a: Heatran
|-supereffective|p2a: Heatran
|-damage|p2a: Heatran|0 fnt
|-unboost|p1a: BeefBuns|def|1
|-unboost|p1a: BeefBuns|spd|1
|faint|p2a: Heatran
|
|upkeep
|
|t:|1743794285
|switch|p2a: Ogerpon|Ogerpon-Wellspring, F|81/100
|turn|11
|
|t:|1743794291
|switch|p1a: T-Rapper|Magnezone, shiny|84/100
|move|p2a: Ogerpon|Play Rough|p1a: T-Rapper
|-resisted|p1a: T-Rapper
|-damage|p1a: T-Rapper|68/100
|
|upkeep
|turn|12
|
|t:|1743794304
|move|p2a: Ogerpon|U-turn|p1a: T-Rapper
|-resisted|p1a: T-Rapper
|-damage|p1a: T-Rapper|54/100
|
|t:|1743794312
|switch|p2a: Frosmoth|Frosmoth, F|17/100|[from] U-turn
|move|p1a: T-Rapper|Volt Switch|p2a: Frosmoth
|-damage|p2a: Frosmoth|1/100
|
|t:|1743794319
|switch|p1a: BeefBuns|Pawmot, M, shiny|100/100|[from] Volt Switch
|
|upkeep
|turn|13
|
|t:|1743794329
|move|p1a: BeefBuns|Volt Switch|p2a: Frosmoth
|-damage|p2a: Frosmoth|0 fnt
|faint|p2a: Frosmoth
|
|t:|1743794340
|switch|p1a: Schoolbus|Volcanion|76/100|[from] Volt Switch
|
|upkeep
|
|t:|1743794351
|switch|p2a: Ogerpon|Ogerpon-Wellspring, F|81/100
|turn|14
|
|t:|1743794361
|move|p2a: Ogerpon|Horn Leech|p1a: Schoolbus
|-damage|p1a: Schoolbus|41/100
|-heal|p2a: Ogerpon|100/100|[from] drain|[of] p1a: Schoolbus
|move|p1a: Schoolbus|Fire Spin|p2a: Ogerpon
|-damage|p2a: Ogerpon|79/100
|-activate|p2a: Ogerpon|move: Fire Spin|[of] p1a: Schoolbus
|
|-damage|p2a: Ogerpon|66/100|[from] move: Fire Spin|[partiallytrapped]
|upkeep
|turn|15
|
|t:|1743794373
|move|p2a: Ogerpon|Horn Leech|p1a: Schoolbus
|-damage|p1a: Schoolbus|8/100
|-heal|p2a: Ogerpon|86/100|[from] drain|[of] p1a: Schoolbus
|move|p1a: Schoolbus|Earth Power|p2a: Ogerpon
|-resisted|p2a: Ogerpon
|-damage|p2a: Ogerpon|64/100
|
|-damage|p2a: Ogerpon|52/100|[from] move: Fire Spin|[partiallytrapped]
|upkeep
|turn|16
|
|t:|1743794384
|switch|p1a: Quintatta|Hydrapple, M, shiny|98/100
|move|p2a: Ogerpon|Horn Leech|p1a: Quintatta
|-resisted|p1a: Quintatta
|-damage|p1a: Quintatta|92/100
|-heal|p2a: Ogerpon|56/100|[from] drain|[of] p1a: Quintatta
|
|-end|p2a: Ogerpon|Fire Spin|[partiallytrapped]|[silent]
|upkeep
|turn|17
|
|t:|1743794391
|move|p2a: Ogerpon|U-turn|p1a: Quintatta
|-supereffective|p1a: Quintatta
|-damage|p1a: Quintatta|58/100
|
|t:|1743794394
|switch|p2a: Moltres|Moltres|100/100|[from] U-turn
|move|p1a: Quintatta|Fickle Beam|p2a: Moltres
|-crit|p2a: Moltres
|-damage|p2a: Moltres|34/100
|
|upkeep
|turn|18
|
|t:|1743794404
|move|p2a: Moltres|Overheat|p1a: Quintatta
|-damage|p1a: Quintatta|15/100
|-unboost|p2a: Moltres|spa|2
|move|p1a: Quintatta|Fickle Beam|p2a: Moltres|[anim] Fickle Beam All Out
|-activate|p1a: Quintatta|move: Fickle Beam
|-damage|p2a: Moltres|0 fnt
|faint|p2a: Moltres
|
|upkeep
|
|t:|1743794410
|switch|p2a: Ogerpon|Ogerpon-Wellspring, F|56/100
|turn|19
|
|t:|1743794415
|switch|p1a: Schoolbus|Volcanion|8/100
|move|p2a: Ogerpon|Ivy Cudgel|p1a: Schoolbus|[anim] Ivy Cudgel Water
|-heal|p1a: Schoolbus|33/100|[from] ability: Water Absorb|[of] p2a: Ogerpon
|
|upkeep
|turn|20
|
|t:|1743794424
|move|p2a: Ogerpon|Horn Leech|p1a: Schoolbus
|-damage|p1a: Schoolbus|0 fnt
|-heal|p2a: Ogerpon|75/100|[from] drain|[of] p1a: Schoolbus
|faint|p1a: Schoolbus
|
|upkeep
|
|t:|1743794430
|switch|p1a: Quintatta|Hydrapple, M, shiny|48/100
|turn|21
|
|t:|1743794437
|switch|p1a: T-Rapper|Magnezone, shiny|54/100
|move|p2a: Ogerpon|Play Rough|p1a: T-Rapper
|-resisted|p1a: T-Rapper
|-damage|p1a: T-Rapper|38/100
|
|upkeep
|turn|22
|
|t:|1743794446
|-terastallize|p2a: Ogerpon|Water
|detailschange|p2a: Ogerpon|Ogerpon-Wellspring-Tera, F, tera:Water
|-ability|p2a: Ogerpon|Embody Aspect (Wellspring)|boost
|-boost|p2a: Ogerpon|spd|1
|move|p2a: Ogerpon|Ivy Cudgel|p1a: T-Rapper|[anim] Ivy Cudgel Water
|-crit|p1a: T-Rapper
|-damage|p1a: T-Rapper|0 fnt
|faint|p1a: T-Rapper
|
|upkeep
|
|t:|1743794458
|switch|p1a: Quintatta|Hydrapple, M, shiny|82/100
|turn|23
|
|t:|1743794464
|move|p2a: Ogerpon|Play Rough|p1a: Quintatta|[miss]
|-miss|p2a: Ogerpon|p1a: Quintatta
|move|p1a: Quintatta|Giga Drain|p2a: Ogerpon
|-supereffective|p2a: Ogerpon
|-damage|p2a: Ogerpon|24/100
|-heal|p1a: Quintatta|100/100|[from] drain|[of] p2a: Ogerpon
|
|upkeep
|turn|24
|
|t:|1743794471
|move|p2a: Ogerpon|Play Rough|p1a: Quintatta
|-supereffective|p1a: Quintatta
|-crit|p1a: Quintatta
|-damage|p1a: Quintatta|37/100
|move|p1a: Quintatta|Giga Drain|p2a: Ogerpon
|-supereffective|p2a: Ogerpon
|-damage|p2a: Ogerpon|0 fnt
|-heal|p1a: Quintatta|45/100|[from] drain|[of] p2a: Ogerpon
|faint|p2a: Ogerpon
|
|upkeep
|
|t:|1743794477
|switch|p2a: Avalugg|Avalugg-Hisui, F|100/100
|turn|25
|
|t:|1743794488
|move|p1a: Quintatta|Giga Drain|p2a: Avalugg
|-supereffective|p2a: Avalugg
|-ability|p2a: Avalugg|Sturdy
|-damage|p2a: Avalugg|1/100
|-heal|p1a: Quintatta|94/100|[from] drain|[of] p2a: Avalugg
|move|p2a: Avalugg|Mirror Coat|p1a: Quintatta
|-damage|p1a: Quintatta|0 fnt
|faint|p1a: Quintatta
|
|upkeep
|-message|tombage forfeited.
|
|win|delz123
|raw|delz123's rating: 1340 &rarr; <strong>1361</strong><br />(+21 for winning)
|raw|tombage's rating: 1352 &rarr; <strong>1331</strong><br />(-21 for losing)
|l|☆tombage
|player|p2|
|l|☆delz123
|player|p1|
