|j|☆KazutoLink13
|j|☆The_Matouflamme
|t:|1743881183
|gametype|singles
|player|p1|KazutoLink13|hilbert-wonderlauncher|
|player|p2|The_Matouflamme|christoph|
|teamsize|p1|6
|teamsize|p2|6
|gen|9
|tier|[Gen 9] OU
|rule|HP Percentage Mod: HP is shown in percentages
|rule|Endless Battle Clause: Forcing endless battles is banned
|rule|Species Clause: Limit one of each Pokémon
|rule|OHKO Clause: OHKO moves are banned
|rule|Evasion Items Clause: Evasion items are banned
|rule|Evasion Moves Clause: Evasion moves are banned
|rule|Sleep Moves Clause: Sleep-inducing moves are banned
|clearpoke
|poke|p1|Deoxys-Speed|
|poke|p1|Raging Bolt|
|poke|p1|Dragapult, M|
|poke|p1|Feraligatr, M|
|poke|p1|Serperior, M|
|poke|p1|Blaziken, M|
|poke|p2|Incineroar, M|
|poke|p2|Ninetales-Alola, F|
|poke|p2|Kyurem|
|poke|p2|Great Tusk|
|poke|p2|Corviknight, M|
|poke|p2|Primarina, F|
|teampreview
|inactive|Battle timer is ON: inactive players will automatically lose when time's up. (requested by The_Matouflamme)
|c|☆The_Matouflamme|j'vais loose
|c|☆The_Matouflamme|omg
|c|☆The_Matouflamme|felin vas-y !!!
|
|t:|1743881197
|start
|switch|p1a: Deoxys|Deoxys-Speed, shiny|100/100
|switch|p2a: Ninetales|Ninetales-Alola, F, shiny|100/100
|-ability|p1a: Deoxys|Pressure
|-weather|Snowscape|[from] ability: Snow Warning|[of] p2a: Ninetales
|turn|1
|
|t:|1743881202
|move|p1a: Deoxys|Taunt|p2a: Ninetales
|-start|p2a: Ninetales|move: Taunt
|cant|p2a: Ninetales|move: Taunt|Aurora Veil
|
|-weather|Snowscape|[upkeep]
|upkeep
|turn|2
|
|t:|1743881211
|switch|p2a: Corviknight|Corviknight, M, shiny|100/100
|-ability|p2a: Corviknight|Pressure
|move|p1a: Deoxys|Stealth Rock|p2a: Corviknight
|-sidestart|p2: The_Matouflamme|move: Stealth Rock
|
|-weather|Snowscape|[upkeep]
|upkeep
|turn|3
|
|t:|1743881221
|move|p1a: Deoxys|Taunt|p2a: Corviknight
|-start|p2a: Corviknight|move: Taunt
|cant|p2a: Corviknight|move: Taunt|Defog
|
|-weather|Snowscape|[upkeep]
|upkeep
|turn|4
|
|t:|1743881226
|move|p1a: Deoxys|Spikes|p2a: Corviknight
|-sidestart|p2: The_Matouflamme|Spikes
|move|p2a: Corviknight|Brave Bird|p1a: Deoxys
|-damage|p1a: Deoxys|42/100
|-damage|p2a: Corviknight|89/100|[from] Recoil
|
|-weather|Snowscape|[upkeep]
|upkeep
|turn|5
|
|t:|1743881233
|move|p1a: Deoxys|Spikes|p2a: Corviknight
|-sidestart|p2: The_Matouflamme|Spikes
|move|p2a: Corviknight|Brave Bird|p1a: Deoxys
|-crit|p1a: Deoxys
|-damage|p1a: Deoxys|0 fnt
|faint|p1a: Deoxys
|-damage|p2a: Corviknight|80/100|[from] Recoil
|
|-weather|none
|-end|p2a: Corviknight|move: Taunt
|upkeep
|
|t:|1743881245
|switch|p1a: Dragapult|Dragapult, M, shiny|100/100
|turn|6
|
|t:|1743881249
|move|p1a: Dragapult|Reflect|p1a: Dragapult
|-sidestart|p1: KazutoLink13|Reflect
|move|p2a: Corviknight|Defog|p1a: Dragapult
|-unboost|p1a: Dragapult|evasion|1
|-sideend|p1: KazutoLink13|Reflect
|-sideend|p2: The_Matouflamme|Spikes|[from] move: Defog|[of] p2a: Corviknight
|-sideend|p2: The_Matouflamme|Stealth Rock|[from] move: Defog|[of] p2a: Corviknight
|
|upkeep
|turn|7
|
|t:|1743881254
|move|p1a: Dragapult|Light Screen|p1a: Dragapult
|-sidestart|p1: KazutoLink13|move: Light Screen
|move|p2a: Corviknight|U-turn|p1a: Dragapult
|-resisted|p1a: Dragapult
|-damage|p1a: Dragapult|92/100
|-start|p2a: Corviknight|Disable|U-turn|[from] ability: Cursed Body|[of] p1a: Dragapult
|
|t:|1743881261
|switch|p2a: Ninetales|Ninetales-Alola, F, shiny|100/100|[from] U-turn
|-weather|Snowscape|[from] ability: Snow Warning|[of] p2a: Ninetales
|
|-weather|Snowscape|[upkeep]
|upkeep
|turn|8
|
|t:|1743881266
|move|p1a: Dragapult|Reflect|p1a: Dragapult
|-sidestart|p1: KazutoLink13|Reflect
|move|p2a: Ninetales|Aurora Veil|p2a: Ninetales
|-sidestart|p2: The_Matouflamme|move: Aurora Veil
|
|-weather|Snowscape|[upkeep]
|upkeep
|turn|9
|
|t:|1743881272
|switch|p2a: Incineroar|Incineroar, M|100/100
|-ability|p2a: Incineroar|Intimidate|boost
|-unboost|p1a: Dragapult|atk|1
|move|p1a: Dragapult|Curse|p2a: Incineroar
|-start|p2a: Incineroar|Curse|[of] p1a: Dragapult
|-damage|p1a: Dragapult|42/100
|
|-weather|Snowscape|[upkeep]
|-damage|p2a: Incineroar|76/100|[from] Curse
|upkeep
|turn|10
|
|t:|1743881283
|switch|p2a: Corviknight|Corviknight, M, shiny|80/100
|-ability|p2a: Corviknight|Pressure
|move|p1a: Dragapult|Dragon Darts|p2a: Corviknight
|-resisted|p2a: Corviknight
|-damage|p2a: Corviknight|78/100
|-anim|p1a: Dragapult|Dragon Darts|p2a: Corviknight
|-resisted|p2a: Corviknight
|-damage|p2a: Corviknight|76/100
|
|-weather|Snowscape|[upkeep]
|upkeep
|turn|11
|
|t:|1743881291
|move|p1a: Dragapult|Curse|p2a: Corviknight
|-start|p2a: Corviknight|Curse|[of] p1a: Dragapult
|-damage|p1a: Dragapult|0 fnt
|faint|p1a: Dragapult
|move|p2a: Corviknight|Brave Bird|p1: Dragapult|[notarget]
|-fail|p2a: Corviknight
|
|-weather|none
|-damage|p2a: Corviknight|52/100|[from] Curse
|upkeep
|
|t:|1743881303
|switch|p1a: Raging Bolt|Raging Bolt|100/100
|-enditem|p1a: Raging Bolt|Booster Energy
|-activate|p1a: Raging Bolt|ability: Protosynthesis|[fromitem]
|-start|p1a: Raging Bolt|protosynthesisspa
|turn|12
|
|t:|1743881321
|switch|p2a: Kyurem|Kyurem, shiny|100/100
|-ability|p2a: Kyurem|Pressure
|move|p1a: Raging Bolt|Calm Mind|p1a: Raging Bolt
|-boost|p1a: Raging Bolt|spa|1
|-boost|p1a: Raging Bolt|spd|1
|
|upkeep
|turn|13
|
|t:|1743881336
|-terastallize|p2a: Kyurem|Ground
|move|p2a: Kyurem|Draco Meteor|p1a: Raging Bolt
|-supereffective|p1a: Raging Bolt
|-damage|p1a: Raging Bolt|40/100
|-unboost|p2a: Kyurem|spa|2
|move|p1a: Raging Bolt|Dragon Pulse|p2a: Kyurem
|-crit|p2a: Kyurem
|-damage|p2a: Kyurem|0 fnt
|faint|p2a: Kyurem
|
|upkeep
|c|☆The_Matouflamme|MDRRRR
|
|t:|1743881356
|switch|p2a: Great Tusk|Great Tusk, shiny|100/100
|-enditem|p2a: Great Tusk|Booster Energy
|-activate|p2a: Great Tusk|ability: Protosynthesis|[fromitem]
|-start|p2a: Great Tusk|protosynthesisatk
|turn|14
|
|t:|1743881367
|move|p2a: Great Tusk|Rapid Spin|p1a: Raging Bolt
|-damage|p1a: Raging Bolt|29/100
|-boost|p2a: Great Tusk|spe|1
|move|p1a: Raging Bolt|Dragon Pulse|p2a: Great Tusk
|-damage|p2a: Great Tusk|26/100
|
|-sideend|p1: KazutoLink13|move: Light Screen
|upkeep
|turn|15
|c|☆The_Matouflamme|j'ai une niche
|
|t:|1743881375
|move|p2a: Great Tusk|Ice Spinner|p1a: Raging Bolt
|-supereffective|p1a: Raging Bolt
|-damage|p1a: Raging Bolt|0 fnt
|faint|p1a: Raging Bolt
|-end|p1a: Raging Bolt|Protosynthesis|[silent]
|
|-sideend|p1: KazutoLink13|Reflect
|-sideend|p2: The_Matouflamme|move: Aurora Veil
|upkeep
|
|t:|1743881383
|switch|p1a: Serperior|Serperior, M, shiny|100/100
|turn|16
|
|t:|1743881390
|move|p2a: Great Tusk|Ice Spinner|p1a: Serperior
|-supereffective|p1a: Serperior
|-damage|p1a: Serperior|19/100
|move|p1a: Serperior|Glare|p2a: Great Tusk
|-status|p2a: Great Tusk|par
|
|-heal|p1a: Serperior|25/100|[from] item: Leftovers
|upkeep
|turn|17
|
|t:|1743881395
|move|p1a: Serperior|Leaf Storm|p2a: Great Tusk
|-supereffective|p2a: Great Tusk
|-damage|p2a: Great Tusk|0 fnt
|-boost|p1a: Serperior|spa|2
|faint|p2a: Great Tusk
|-end|p2a: Great Tusk|Protosynthesis|[silent]
|
|-heal|p1a: Serperior|31/100|[from] item: Leftovers
|upkeep
|
|t:|1743881400
|switch|p2a: Incineroar|Incineroar, M|76/100
|-ability|p2a: Incineroar|Intimidate|boost
|-boost|p1a: Serperior|atk|1
|turn|18
|
|t:|1743881404
|move|p1a: Serperior|Glare|p2a: Incineroar
|-status|p2a: Incineroar|par
|move|p2a: Incineroar|Flame Charge|p1a: Serperior
|-supereffective|p1a: Serperior
|-damage|p1a: Serperior|0 fnt
|-boost|p2a: Incineroar|spe|1
|faint|p1a: Serperior
|
|upkeep
|
|t:|1743881408
|switch|p1a: Feraligatr|Feraligatr, M, shiny|100/100
|turn|19
|
|t:|1743881416
|move|p1a: Feraligatr|Dragon Dance|p1a: Feraligatr
|-boost|p1a: Feraligatr|atk|1
|-boost|p1a: Feraligatr|spe|1
|cant|p2a: Incineroar|par
|
|upkeep
|turn|20
|
|t:|1743881423
|move|p1a: Feraligatr|Dragon Dance|p1a: Feraligatr
|-boost|p1a: Feraligatr|atk|1
|-boost|p1a: Feraligatr|spe|1
|move|p2a: Incineroar|Power Trip|p1a: Feraligatr
|-damage|p1a: Feraligatr|81/100
|
|upkeep
|turn|21
|
|t:|1743881431
|switch|p2a: Corviknight|Corviknight, M, shiny|52/100
|-ability|p2a: Corviknight|Pressure
|move|p1a: Feraligatr|Liquidation|p2a: Corviknight
|-damage|p2a: Corviknight|0 fnt
|-damage|p1a: Feraligatr|65/100|[from] item: Rocky Helmet|[of] p2a: Corviknight
|faint|p2a: Corviknight
|
|upkeep
|
|t:|1743881437
|switch|p2a: Primarina|Primarina, F, shiny|100/100
|turn|22
|
|t:|1743881442
|move|p1a: Feraligatr|Crunch|p2a: Primarina
|-resisted|p2a: Primarina
|-damage|p2a: Primarina|45/100
|move|p2a: Primarina|Surf|p1a: Feraligatr
|-resisted|p1a: Feraligatr
|-damage|p1a: Feraligatr|30/100
|
|-heal|p2a: Primarina|51/100|[from] item: Leftovers
|upkeep
|turn|23
|
|t:|1743881453
|switch|p2a: Incineroar|Incineroar, M|76/100 par
|-ability|p2a: Incineroar|Intimidate|boost
|-unboost|p1a: Feraligatr|atk|1
|move|p1a: Feraligatr|Liquidation|p2a: Incineroar
|-supereffective|p2a: Incineroar
|-damage|p2a: Incineroar|0 fnt
|faint|p2a: Incineroar
|
|upkeep
|
|t:|1743881455
|switch|p2a: Ninetales|Ninetales-Alola, F, shiny|100/100
|-weather|Snowscape|[from] ability: Snow Warning|[of] p2a: Ninetales
|turn|24
|
|t:|1743881461
|move|p1a: Feraligatr|Liquidation|p2a: Ninetales
|-damage|p2a: Ninetales|10/100
|move|p2a: Ninetales|Aurora Veil|p2a: Ninetales
|-sidestart|p2: The_Matouflamme|move: Aurora Veil
|
|-weather|Snowscape|[upkeep]
|upkeep
|turn|25
|
|t:|1743881466
|move|p1a: Feraligatr|Liquidation|p2a: Ninetales
|-damage|p2a: Ninetales|0 fnt
|faint|p2a: Ninetales
|
|-weather|Snowscape|[upkeep]
|upkeep
|
|t:|1743881468
|switch|p2a: Primarina|Primarina, F, shiny|51/100
|turn|26
|
|t:|1743881471
|move|p1a: Feraligatr|Crunch|p2a: Primarina
|-resisted|p2a: Primarina
|-damage|p2a: Primarina|29/100
|move|p2a: Primarina|Surf|p1a: Feraligatr
|-resisted|p1a: Feraligatr
|-damage|p1a: Feraligatr|0 fnt
|faint|p1a: Feraligatr
|
|-weather|Snowscape|[upkeep]
|-heal|p2a: Primarina|35/100|[from] item: Leftovers
|upkeep
|
|t:|1743881475
|switch|p1a: Blaziken|Blaziken, M, shiny|100/100
|turn|27
|
|t:|1743881479
|-terastallize|p1a: Blaziken|Ghost
|move|p1a: Blaziken|Protect|p1a: Blaziken
|-singleturn|p1a: Blaziken|Protect
|move|p2a: Primarina|Surf|p1a: Blaziken
|-activate|p1a: Blaziken|move: Protect
|
|-weather|Snowscape|[upkeep]
|-heal|p2a: Primarina|42/100|[from] item: Leftovers
|-ability|p1a: Blaziken|Speed Boost|boost
|-boost|p1a: Blaziken|spe|1
|upkeep
|turn|28
|
|t:|1743881483
|move|p1a: Blaziken|Swords Dance|p1a: Blaziken
|-boost|p1a: Blaziken|atk|2
|move|p2a: Primarina|Surf|p1a: Blaziken
|-damage|p1a: Blaziken|23/100
|
|-weather|none
|-heal|p2a: Primarina|48/100|[from] item: Leftovers
|-ability|p1a: Blaziken|Speed Boost|boost
|-boost|p1a: Blaziken|spe|1
|upkeep
|turn|29
|
|t:|1743881488
|move|p1a: Blaziken|Close Combat|p2a: Primarina
|-resisted|p2a: Primarina
|-damage|p2a: Primarina|0 fnt
|-unboost|p1a: Blaziken|def|1
|-unboost|p1a: Blaziken|spd|1
|faint|p2a: Primarina
|-damage|p1a: Blaziken|13/100|[from] item: Life Orb
|
|win|KazutoLink13
