|j|☆Morvana
|j|☆Vica2508
|t:|1743937991
|gametype|singles
|player|p1|Morvana|169|1290
|player|p2|Vica2508|gambler|1320
|teamsize|p1|6
|teamsize|p2|6
|gen|9
|tier|[Gen 9] OU
|rated|
|rule|HP Percentage Mod: HP is shown in percentages
|rule|Endless Battle Clause: Forcing endless battles is banned
|rule|Species Clause: Limit one of each Pokémon
|rule|OHKO Clause: OHKO moves are banned
|rule|Evasion Items Clause: Evasion items are banned
|rule|Evasion Moves Clause: Evasion moves are banned
|rule|Sleep Moves Clause: Sleep-inducing moves are banned
|clearpoke
|poke|p1|Serperior, M|
|poke|p1|Dragonite, M|
|poke|p1|Blaziken, F|
|poke|p1|Quaquaval, M|
|poke|p1|Hoopa-Unbound|
|poke|p1|Dragapult, F|
|poke|p2|Hatterene, F|
|poke|p2|Mimikyu, F|
|poke|p2|Porygon2|
|poke|p2|Rampardos, M|
|poke|p2|Vikavolt, M|
|poke|p2|Hoopa-Unbound|
|teampreview
|inactive|Battle timer is ON: inactive players will automatically lose when time's up. (requested by Vica2508)
|c|☆Vica2508|Jelou da
|
|t:|1743938015
|start
|switch|p1a: Dragapult|Dragapult, F|100/100
|switch|p2a: Hatterene|Hatterene, F|100/100
|turn|1
|c|☆Morvana|hi
|
|t:|1743938037
|move|p1a: Dragapult|U-turn|p2a: Hatterene
|-damage|p2a: Hatterene|68/100
|-damage|p1a: Dragapult|91/100|[from] item: Life Orb
|
|t:|1743938052
|switch|p1a: Hoopa|Hoopa-Unbound|100/100|[from] U-turn
|move|p2a: Hatterene|Trick Room|p2a: Hatterene
|-fieldstart|move: Trick Room|[of] p2a: Hatterene
|
|upkeep
|turn|2
|inactive|Morvana has 120 seconds left.
|
|t:|1743938082
|move|p1a: Hoopa|Endure|p1a: Hoopa
|-singleturn|p1a: Hoopa|move: Endure
|move|p2a: Hatterene|Draining Kiss|p1a: Hoopa
|-supereffective|p1a: Hoopa
|-damage|p1a: Hoopa|50/100
|-heal|p2a: Hatterene|100/100|[from] drain|[of] p1a: Hoopa
|
|upkeep
|turn|3
|
|t:|1743938095
|move|p2a: Hatterene|Draining Kiss|p1a: Hoopa
|-supereffective|p1a: Hoopa
|-damage|p1a: Hoopa|0 fnt
|faint|p1a: Hoopa
|
|upkeep
|inactive|Morvana has 90 seconds left.
|
|t:|1743938117
|switch|p1a: Serperior|Serperior, M|100/100
|turn|4
|inactive|Morvana has 90 seconds left.
|
|t:|1743938133
|move|p2a: Hatterene|Psychic|p1a: Serperior
|-damage|p1a: Serperior|40/100
|move|p1a: Serperior|Leaf Storm|p2a: Hatterene
|-damage|p2a: Hatterene|54/100
|-boost|p1a: Serperior|spa|2
|
|-heal|p1a: Serperior|47/100|[from] item: Leftovers
|upkeep
|turn|5
|inactive|Morvana has 90 seconds left.
|
|t:|1743938145
|move|p2a: Hatterene|Psychic|p1a: Serperior
|-damage|p1a: Serperior|0 fnt
|faint|p1a: Serperior
|
|-fieldend|move: Trick Room
|upkeep
|
|t:|1743938151
|switch|p1a: Quaquaval|Quaquaval, M|100/100
|turn|6
|inactive|Morvana has 90 seconds left.
|
|t:|1743938161
|-terastallize|p1a: Quaquaval|Water
|move|p1a: Quaquaval|Aqua Step|p2a: Hatterene
|-damage|p2a: Hatterene|0 fnt
|-boost|p1a: Quaquaval|spe|1
|faint|p2a: Hatterene
|-ability|p1a: Quaquaval|Moxie|boost
|-boost|p1a: Quaquaval|atk|1
|
|upkeep
|
|t:|1743938170
|switch|p2a: Mimikyu|Mimikyu, F, shiny|100/100
|turn|7
|
|t:|1743938175
|move|p1a: Quaquaval|Aqua Step|p2a: Mimikyu
|-activate|p2a: Mimikyu|ability: Disguise
|-damage|p2a: Mimikyu|100/100
|-boost|p1a: Quaquaval|spe|1
|detailschange|p2a: Mimikyu|Mimikyu-Busted, F, shiny
|-damage|p2a: Mimikyu|88/100|[from] pokemon: Mimikyu-Busted
|move|p2a: Mimikyu|Trick Room|p2a: Mimikyu
|-fieldstart|move: Trick Room|[of] p2a: Mimikyu
|
|upkeep
|turn|8
|
|t:|1743938184
|move|p2a: Mimikyu|Destiny Bond|p2a: Mimikyu
|-singlemove|p2a: Mimikyu|Destiny Bond
|move|p1a: Quaquaval|Aqua Step|p2a: Mimikyu
|-damage|p2a: Mimikyu|0 fnt
|-boost|p1a: Quaquaval|spe|1
|faint|p2a: Mimikyu
|-activate|p2a: Mimikyu|move: Destiny Bond
|faint|p1a: Quaquaval
|
|upkeep
|
|t:|1743938202
|switch|p2a: Rampardos|Rampardos, M|100/100
|switch|p1a: Blaziken|Blaziken, F|100/100
|turn|9
|
|t:|1743938217
|move|p1a: Blaziken|Protect|p1a: Blaziken
|-singleturn|p1a: Blaziken|Protect
|move|p2a: Rampardos|Earthquake|p1a: Blaziken
|-activate|p1a: Blaziken|move: Protect
|
|-ability|p1a: Blaziken|Speed Boost|boost
|-boost|p1a: Blaziken|spe|1
|upkeep
|turn|10
|
|t:|1743938224
|move|p2a: Rampardos|Zen Headbutt|p1a: Blaziken
|-supereffective|p1a: Blaziken
|-enditem|p1a: Blaziken|Focus Sash
|-damage|p1a: Blaziken|1/100
|move|p1a: Blaziken|Swords Dance|p1a: Blaziken
|-boost|p1a: Blaziken|atk|2
|
|-ability|p1a: Blaziken|Speed Boost|boost
|-boost|p1a: Blaziken|spe|1
|upkeep
|turn|11
|
|t:|1743938250
|switch|p2a: Porygon2|Porygon2|100/100
|-ability|p2a: Porygon2|Download|boost
|-boost|p2a: Porygon2|atk|1
|move|p1a: Blaziken|Protect||[still]
|-fail|p1a: Blaziken
|
|-fieldend|move: Trick Room
|-ability|p1a: Blaziken|Speed Boost|boost
|-boost|p1a: Blaziken|spe|1
|upkeep
|turn|12
|inactive|Morvana has 120 seconds left.
|
|t:|1743938258
|move|p1a: Blaziken|Close Combat|p2a: Porygon2
|-supereffective|p2a: Porygon2
|-damage|p2a: Porygon2|0 fnt
|-unboost|p1a: Blaziken|def|1
|-unboost|p1a: Blaziken|spd|1
|faint|p2a: Porygon2
|
|-ability|p1a: Blaziken|Speed Boost|boost
|-boost|p1a: Blaziken|spe|1
|upkeep
|
|t:|1743938273
|switch|p2a: Rampardos|Rampardos, M|100/100
|turn|13
|c|☆Vica2508|gg
|c|☆Morvana|gg
|inactive|Vica2508 has 120 seconds left.
|
|t:|1743938288
|move|p1a: Blaziken|Close Combat|p2a: Rampardos
|-supereffective|p2a: Rampardos
|-damage|p2a: Rampardos|0 fnt
|-unboost|p1a: Blaziken|def|1
|-unboost|p1a: Blaziken|spd|1
|faint|p2a: Rampardos
|
|-ability|p1a: Blaziken|Speed Boost|boost
|-boost|p1a: Blaziken|spe|1
|upkeep
|
|t:|1743938289
|switch|p2a: Vikavolt|Vikavolt, M|100/100
|turn|14
|
|t:|1743938307
|move|p1a: Blaziken|Close Combat|p2a: Vikavolt
|-resisted|p2a: Vikavolt
|-damage|p2a: Vikavolt|29/100
|-unboost|p1a: Blaziken|def|1
|-unboost|p1a: Blaziken|spd|1
|move|p2a: Vikavolt|Thunderbolt|p1a: Blaziken
|-crit|p1a: Blaziken
|-damage|p1a: Blaziken|0 fnt
|faint|p1a: Blaziken
|
|upkeep
|
|t:|1743938322
|switch|p1a: Dragapult|Dragapult, F|91/100
|turn|15
|
|t:|1743938329
|move|p1a: Dragapult|Shadow Ball|p2a: Vikavolt
|-damage|p2a: Vikavolt|0 fnt
|faint|p2a: Vikavolt
|-damage|p1a: Dragapult|81/100|[from] item: Life Orb
|
|upkeep
|
|t:|1743938331
|switch|p2a: Hoopa|Hoopa-Unbound|100/100
|turn|16
|
|t:|1743938349
|-terastallize|p2a: Hoopa|Grass
|move|p1a: Dragapult|Dragon Darts|p2a: Hoopa
|-damage|p2a: Hoopa|42/100
|-anim|p1a: Dragapult|Dragon Darts|p2a: Hoopa
|-damage|p2a: Hoopa|0 fnt
|faint|p2a: Hoopa
|-damage|p1a: Dragapult|71/100|[from] item: Life Orb
|
|win|Morvana
|raw|Morvana's rating: 1290 &rarr; <strong>1317</strong><br />(+27 for winning)
|raw|Vica2508's rating: 1320 &rarr; <strong>1298</strong><br />(-22 for losing)
|l|☆Vica2508
|player|p2|
|l|☆Morvana
|player|p1|
