|j|☆zhangeee
|j|☆KirbyKillua
|t:|1743857448
|gametype|singles
|player|p1|zhangeee|hilbert|1145
|player|p2|KirbyKillua|miku-water|1137
|teamsize|p1|6
|teamsize|p2|6
|gen|9
|tier|[Gen 9] OU
|rated|
|rule|HP Percentage Mod: HP is shown in percentages
|rule|Endless Battle Clause: Forcing endless battles is banned
|rule|Species Clause: Limit one of each Pokémon
|rule|OHKO Clause: OHKO moves are banned
|rule|Evasion Items Clause: Evasion items are banned
|rule|Evasion Moves Clause: Evasion moves are banned
|rule|Sleep Moves Clause: Sleep-inducing moves are banned
|clearpoke
|poke|p1|Primarina, F|
|poke|p1|Great Tusk|
|poke|p1|Raging Bolt|
|poke|p1|Kingambit, M|
|poke|p1|Dragonite, F|
|poke|p1|Arcanine-Hisui, F|
|poke|p2|Meowscarada, F|
|poke|p2|Ogerpon-Wellspring, F|
|poke|p2|Decidueye, M|
|poke|p2|Cinderace, F|
|poke|p2|Alcremie-Ruby-Cream, F|
|poke|p2|Tinkaton, F|
|teampreview
|inactive|Battle timer is ON: inactive players will automatically lose when time's up. (requested by KirbyKillua)
|
|t:|1743857461
|start
|switch|p1a: Great Tusk|Great Tusk|100/100
|switch|p2a: Tinkaton|Tinkaton, F|100/100
|-ability|p2a: Tinkaton|Mold Breaker
|-enditem|p1a: Great Tusk|Booster Energy
|-activate|p1a: Great Tusk|ability: Protosynthesis|[fromitem]
|-start|p1a: Great Tusk|protosynthesisspe
|turn|1
|
|t:|1743857469
|switch|p2a: Decidueye|Decidueye, M|100/100
|move|p1a: Great Tusk|Stealth Rock|p2a: Decidueye
|-sidestart|p2: KirbyKillua|move: Stealth Rock
|
|upkeep
|turn|2
|
|t:|1743857475
|move|p1a: Great Tusk|Ice Spinner|p2a: Decidueye
|-supereffective|p2a: Decidueye
|-damage|p2a: Decidueye|46/100
|move|p2a: Decidueye|Swords Dance|p2a: Decidueye
|-boost|p2a: Decidueye|atk|2
|
|upkeep
|turn|3
|
|t:|1743857482
|move|p1a: Great Tusk|Ice Spinner|p2a: Decidueye
|-supereffective|p2a: Decidueye
|-damage|p2a: Decidueye|0 fnt
|faint|p2a: Decidueye
|
|upkeep
|
|t:|1743857489
|switch|p2a: Alcremie|Alcremie-Ruby-Cream, F|100/100
|-damage|p2a: Alcremie|88/100|[from] Stealth Rock
|turn|4
|
|t:|1743857497
|move|p1a: Great Tusk|Close Combat|p2a: Alcremie
|-resisted|p2a: Alcremie
|-damage|p2a: Alcremie|67/100
|-unboost|p1a: Great Tusk|def|1
|-unboost|p1a: Great Tusk|spd|1
|move|p2a: Alcremie|Acid Armor|p2a: Alcremie
|-boost|p2a: Alcremie|def|2
|
|-heal|p2a: Alcremie|73/100|[from] item: Leftovers
|upkeep
|turn|5
|
|t:|1743857509
|move|p1a: Great Tusk|Ice Spinner|p2a: Alcremie
|-damage|p2a: Alcremie|62/100
|move|p2a: Alcremie|Calm Mind|p2a: Alcremie
|-boost|p2a: Alcremie|spa|1
|-boost|p2a: Alcremie|spd|1
|
|-heal|p2a: Alcremie|68/100|[from] item: Leftovers
|upkeep
|turn|6
|
|t:|1743857529
|-end|p1a: Great Tusk|Protosynthesis|[silent]
|switch|p1a: Dragonite|Dragonite, F|100/100
|move|p2a: Alcremie|Acid Armor|p2a: Alcremie
|-boost|p2a: Alcremie|def|2
|
|-heal|p2a: Alcremie|74/100|[from] item: Leftovers
|upkeep
|turn|7
|
|t:|1743857544
|-terastallize|p1a: Dragonite|Steel
|move|p1a: Dragonite|Dragon Dance|p1a: Dragonite
|-boost|p1a: Dragonite|atk|1
|-boost|p1a: Dragonite|spe|1
|move|p2a: Alcremie|Draining Kiss|p1a: Dragonite
|-resisted|p1a: Dragonite
|-damage|p1a: Dragonite|95/100
|-heal|p2a: Alcremie|79/100|[from] drain|[of] p1a: Dragonite
|
|-heal|p1a: Dragonite|100/100|[from] item: Leftovers
|-heal|p2a: Alcremie|85/100|[from] item: Leftovers
|upkeep
|turn|8
|
|t:|1743857555
|move|p1a: Dragonite|Dragon Dance|p1a: Dragonite
|-boost|p1a: Dragonite|atk|1
|-boost|p1a: Dragonite|spe|1
|move|p2a: Alcremie|Acid Armor|p2a: Alcremie
|-boost|p2a: Alcremie|def|2
|
|-heal|p2a: Alcremie|91/100|[from] item: Leftovers
|upkeep
|turn|9
|
|t:|1743857562
|move|p1a: Dragonite|Dragon Dance|p1a: Dragonite
|-boost|p1a: Dragonite|atk|1
|-boost|p1a: Dragonite|spe|1
|move|p2a: Alcremie|Calm Mind|p2a: Alcremie
|-boost|p2a: Alcremie|spa|1
|-boost|p2a: Alcremie|spd|1
|
|-heal|p2a: Alcremie|97/100|[from] item: Leftovers
|upkeep
|turn|10
|
|t:|1743857570
|move|p1a: Dragonite|Dragon Dance|p1a: Dragonite
|-boost|p1a: Dragonite|atk|1
|-boost|p1a: Dragonite|spe|1
|move|p2a: Alcremie|Stored Power|p1a: Dragonite
|-resisted|p1a: Dragonite
|-damage|p1a: Dragonite|79/100
|
|-heal|p1a: Dragonite|85/100|[from] item: Leftovers
|-heal|p2a: Alcremie|100/100|[from] item: Leftovers
|upkeep
|turn|11
|
|t:|1743857579
|move|p1a: Dragonite|Iron Head|p2a: Alcremie
|-supereffective|p2a: Alcremie
|-damage|p2a: Alcremie|47/100
|move|p2a: Alcremie|Calm Mind|p2a: Alcremie
|-boost|p2a: Alcremie|spa|1
|-boost|p2a: Alcremie|spd|1
|
|-heal|p1a: Dragonite|92/100|[from] item: Leftovers
|-heal|p2a: Alcremie|53/100|[from] item: Leftovers
|upkeep
|turn|12
|
|t:|1743857588
|move|p1a: Dragonite|Iron Head|p2a: Alcremie
|-supereffective|p2a: Alcremie
|-damage|p2a: Alcremie|0 fnt
|faint|p2a: Alcremie
|
|-heal|p1a: Dragonite|98/100|[from] item: Leftovers
|upkeep
|-message|KirbyKillua forfeited.
|
|win|zhangeee
|raw|zhangeee's rating: 1145 &rarr; <strong>1169</strong><br />(+24 for winning)
|raw|KirbyKillua's rating: 1137 &rarr; <strong>1113</strong><br />(-24 for losing)
|l|☆KirbyKillua
|player|p2|
|l|☆zhangeee
|player|p1|
