|j|☆jaaziah27911
|j|☆EzSlips
|t:|1743922051
|gametype|singles
|player|p1|jaaziah27911|red|1099
|player|p2|EzSlips|veteran|1083
|teamsize|p1|6
|teamsize|p2|6
|gen|9
|tier|[Gen 9] OU
|rated|
|rule|HP Percentage Mod: HP is shown in percentages
|rule|Endless Battle Clause: Forcing endless battles is banned
|rule|Species Clause: Limit one of each Pokémon
|rule|OHKO Clause: OHKO moves are banned
|rule|Evasion Items Clause: Evasion items are banned
|rule|Evasion Moves Clause: Evasion moves are banned
|rule|Sleep Moves Clause: Sleep-inducing moves are banned
|clearpoke
|poke|p1|Toxicroak, M|
|poke|p1|Politoed, M|
|poke|p1|Barraskewda, M|
|poke|p1|Landorus-Therian, M|
|poke|p1|Zarude|
|poke|p1|Iron Valiant|
|poke|p2|Great Tusk|
|poke|p2|Dragapult, F|
|poke|p2|Scizor, F|
|poke|p2|Rotom-Wash|
|poke|p2|Gliscor, F|
|poke|p2|Slowbro-Galar, M|
|teampreview
|
|t:|1743922062
|start
|switch|p1a: Landorus|Landorus-Therian, M|100/100
|switch|p2a: Rotom|Rotom-Wash|100/100
|-ability|p1a: Landorus|Intimidate|boost
|-unboost|p2a: Rotom|atk|1
|turn|1
|inactive|Battle timer is ON: inactive players will automatically lose when time's up. (requested by jaaziah27911)
|
|t:|1743922073
|move|p2a: Rotom|Hydro Pump|p1a: Landorus
|-supereffective|p1a: Landorus
|-damage|p1a: Landorus|0 fnt
|faint|p1a: Landorus
|
|upkeep
|
|t:|1743922082
|switch|p1a: Zarude|Zarude|100/100
|turn|2
|
|t:|1743922092
|move|p1a: Zarude|Knock Off|p2a: Rotom
|-damage|p2a: Rotom|32/100
|-enditem|p2a: Rotom|Rindo Berry|[from] move: Knock Off|[of] p1a: Zarude
|move|p2a: Rotom|Volt Switch|p1a: Zarude
|-resisted|p1a: Zarude
|-damage|p1a: Zarude|83/100
|
|t:|1743922110
|switch|p2a: Great Tusk|Great Tusk|100/100|[from] Volt Switch
|
|upkeep
|turn|3
|
|t:|1743922121
|switch|p1a: Politoed|Politoed, M|100/100
|-weather|RainDance|[from] ability: Drizzle|[of] p1a: Politoed
|move|p2a: Great Tusk|Ice Spinner|p1a: Politoed
|-resisted|p1a: Politoed
|-damage|p1a: Politoed|85/100
|
|-weather|RainDance|[upkeep]
|upkeep
|turn|4
|
|t:|1743922141
|-end|p2a: Great Tusk|Protosynthesis|[silent]
|switch|p2a: Rotom|Rotom-Wash|32/100
|move|p1a: Politoed|Whirlpool|p2a: Rotom
|-resisted|p2a: Rotom
|-damage|p2a: Rotom|20/100
|-activate|p2a: Rotom|move: Whirlpool|[of] p1a: Politoed
|
|-weather|RainDance|[upkeep]
|-damage|p2a: Rotom|8/100|[from] move: Whirlpool|[partiallytrapped]
|upkeep
|turn|5
|
|t:|1743922167
|move|p2a: Rotom|Thunderbolt|p1a: Politoed
|-supereffective|p1a: Politoed
|-damage|p1a: Politoed|29/100
|move|p1a: Politoed|Ice Beam|p2a: Rotom
|-resisted|p2a: Rotom
|-damage|p2a: Rotom|0 fnt
|faint|p2a: Rotom
|
|-weather|RainDance|[upkeep]
|upkeep
|
|t:|1743922178
|switch|p2a: Scizor|Scizor, F|100/100
|turn|6
|
|t:|1743922185
|move|p1a: Politoed|Encore||[still]
|-fail|p1a: Politoed
|move|p2a: Scizor|Swords Dance|p2a: Scizor
|-boost|p2a: Scizor|atk|2
|
|-weather|RainDance|[upkeep]
|upkeep
|turn|7
|
|t:|1743922193
|move|p2a: Scizor|Bullet Punch|p1a: Politoed
|-resisted|p1a: Politoed
|-damage|p1a: Politoed|0 fnt
|faint|p1a: Politoed
|
|-weather|RainDance|[upkeep]
|upkeep
|
|t:|1743922198
|switch|p1a: Barraskewda|Barraskewda, M, shiny|100/100
|turn|8
|
|t:|1743922205
|move|p2a: Scizor|Bullet Punch|p1a: Barraskewda
|-resisted|p1a: Barraskewda
|-damage|p1a: Barraskewda|26/100
|move|p1a: Barraskewda|Close Combat|p2a: Scizor
|-damage|p2a: Scizor|60/100
|-unboost|p1a: Barraskewda|def|1
|-unboost|p1a: Barraskewda|spd|1
|
|-weather|RainDance|[upkeep]
|upkeep
|turn|9
|
|t:|1743922217
|move|p1a: Barraskewda|Aqua Jet|p2a: Scizor
|-damage|p2a: Scizor|23/100
|move|p2a: Scizor|Bullet Punch|p1a: Barraskewda
|-resisted|p1a: Barraskewda
|-damage|p1a: Barraskewda|0 fnt
|faint|p1a: Barraskewda
|
|-weather|RainDance|[upkeep]
|upkeep
|
|t:|1743922224
|switch|p1a: Zarude|Zarude|83/100
|turn|10
|
|t:|1743922231
|move|p2a: Scizor|Bullet Punch|p1a: Zarude
|-damage|p1a: Zarude|7/100
|move|p1a: Zarude|Knock Off|p2a: Scizor
|-damage|p2a: Scizor|0 fnt
|-enditem|p2a: Scizor|Punching Glove|[from] move: Knock Off|[of] p1a: Zarude
|faint|p2a: Scizor
|
|-weather|none
|upkeep
|
|t:|1743922241
|switch|p2a: Dragapult|Dragapult, F|100/100
|turn|11
|
|t:|1743922252
|move|p1a: Zarude|Knock Off|p2a: Dragapult
|-supereffective|p2a: Dragapult
|-damage|p2a: Dragapult|0 fnt
|-enditem|p2a: Dragapult|Choice Specs|[from] move: Knock Off|[of] p1a: Zarude
|faint|p2a: Dragapult
|
|upkeep
|
|t:|1743922265
|switch|p2a: Gliscor|Gliscor, F|100/100
|turn|12
|
|t:|1743922270
|move|p1a: Zarude|Knock Off|p2a: Gliscor
|-damage|p2a: Gliscor|56/100
|-enditem|p2a: Gliscor|Toxic Orb|[from] move: Knock Off|[of] p1a: Zarude
|move|p2a: Gliscor|Knock Off|p1a: Zarude
|-resisted|p1a: Zarude
|-damage|p1a: Zarude|0 fnt
|-enditem|p1a: Zarude|Choice Scarf|[from] move: Knock Off|[of] p2a: Gliscor
|faint|p1a: Zarude
|
|upkeep
|
|t:|1743922291
|switch|p1a: Iron Valiant|Iron Valiant|100/100
|-enditem|p1a: Iron Valiant|Booster Energy
|-activate|p1a: Iron Valiant|ability: Quark Drive|[fromitem]
|-start|p1a: Iron Valiant|quarkdrivespe
|turn|13
|
|t:|1743922301
|move|p1a: Iron Valiant|Encore|p2a: Gliscor
|-start|p2a: Gliscor|Encore
|move|p2a: Gliscor|Knock Off|p1a: Iron Valiant
|-resisted|p1a: Iron Valiant
|-damage|p1a: Iron Valiant|96/100
|
|upkeep
|turn|14
|
|t:|1743922312
|move|p1a: Iron Valiant|Calm Mind|p1a: Iron Valiant
|-boost|p1a: Iron Valiant|spa|1
|-boost|p1a: Iron Valiant|spd|1
|move|p2a: Gliscor|Knock Off|p1a: Iron Valiant
|-resisted|p1a: Iron Valiant
|-damage|p1a: Iron Valiant|90/100
|
|upkeep
|turn|15
|
|t:|1743922319
|switch|p2a: Great Tusk|Great Tusk|100/100
|move|p1a: Iron Valiant|Calm Mind|p1a: Iron Valiant
|-boost|p1a: Iron Valiant|spa|1
|-boost|p1a: Iron Valiant|spd|1
|
|upkeep
|turn|16
|
|t:|1743922329
|move|p1a: Iron Valiant|Moonblast|p2a: Great Tusk
|-supereffective|p2a: Great Tusk
|-damage|p2a: Great Tusk|0 fnt
|faint|p2a: Great Tusk
|-end|p2a: Great Tusk|Protosynthesis|[silent]
|
|upkeep
|
|t:|1743922339
|switch|p2a: Slowbro|Slowbro-Galar, M|100/100
|turn|17
|
|t:|1743922349
|-terastallize|p1a: Iron Valiant|Ghost
|-terastallize|p2a: Slowbro|Poison
|move|p1a: Iron Valiant|Shadow Ball|p2a: Slowbro
|-damage|p2a: Slowbro|24/100
|-unboost|p2a: Slowbro|spd|1
|move|p2a: Slowbro|Shell Side Arm|p1a: Iron Valiant|[anim] Shell Side Arm Physical
|-resisted|p1a: Iron Valiant
|-damage|p1a: Iron Valiant|63/100
|-hint|Physical Shell Side Arm
|
|upkeep
|turn|18
|
|t:|1743922365
|move|p1a: Iron Valiant|Shadow Ball|p2a: Slowbro
|-damage|p2a: Slowbro|0 fnt
|faint|p2a: Slowbro
|
|upkeep
|
|t:|1743922371
|switch|p2a: Gliscor|Gliscor, F|56/100
|turn|19
|
|t:|1743922375
|move|p1a: Iron Valiant|Moonblast|p2a: Gliscor
|-damage|p2a: Gliscor|0 fnt
|faint|p2a: Gliscor
|
|win|jaaziah27911
|raw|jaaziah27911's rating: 1099 &rarr; <strong>1123</strong><br />(+24 for winning)
|raw|EzSlips's rating: 1083 &rarr; <strong>1062</strong><br />(-21 for losing)
|l|☆EzSlips
|player|p2|
|l|☆jaaziah27911
|player|p1|
