|j|☆CapitolG
|j|☆adri4n10
|t:|1743869186
|gametype|singles
|player|p1|CapitolG|2|1225
|player|p2|adri4n10|volkner|1183
|teamsize|p1|6
|teamsize|p2|6
|gen|9
|tier|[Gen 9] OU
|rated|
|rule|HP Percentage Mod: HP is shown in percentages
|rule|Endless Battle Clause: Forcing endless battles is banned
|rule|Species Clause: Limit one of each Pokémon
|rule|OHKO Clause: OHKO moves are banned
|rule|Evasion Items Clause: Evasion items are banned
|rule|Evasion Moves Clause: Evasion moves are banned
|rule|Sleep Moves Clause: Sleep-inducing moves are banned
|clearpoke
|poke|p1|Chandelure, M|
|poke|p1|Gothitelle, M|
|poke|p1|Milotic, F|
|poke|p1|Kingambit, M|
|poke|p1|Cinderace, M|
|poke|p1|Leavanny, F|
|poke|p2|Zamazenta-*|
|poke|p2|Greninja-*, M|
|poke|p2|Corviknight, F|
|poke|p2|Forretress, M|
|poke|p2|Mimikyu, F|
|poke|p2|Chansey, F|
|teampreview
|
|t:|1743869195
|start
|switch|p1a: Chandelure|Chandelure, M|100/100
|switch|p2a: Chansey|Chansey, F|100/100
|turn|1
|
|t:|1743869201
|switch|p1a: Leavanny|Leavanny, F|100/100
|move|p2a: Chansey|Thunder Wave|p1a: Leavanny|[miss]
|-miss|p2a: Chansey|p1a: Leavanny
|
|upkeep
|turn|2
|
|t:|1743869208
|move|p1a: Leavanny|Sticky Web|p2a: Chansey
|-sidestart|p2: adri4n10|move: Sticky Web
|move|p2a: Chansey|Thunder Wave|p1a: Leavanny
|-status|p1a: Leavanny|par
|
|upkeep
|turn|3
|
|t:|1743869214
|switch|p1a: Cinderace|Cinderace, M|100/100
|move|p2a: Chansey|Stealth Rock|p1a: Cinderace
|-sidestart|p1: CapitolG|move: Stealth Rock
|
|upkeep
|turn|4
|
|t:|1743869220
|move|p1a: Cinderace|Court Change|p1a: Cinderace
|-start|p1a: Cinderace|typechange|Normal|[from] ability: Libero
|-swapsideconditions
|-activate|p1a: Cinderace|move: Court Change
|move|p2a: Chansey|Soft-Boiled||[still]
|-fail|p2a: Chansey|heal
|
|upkeep
|turn|5
|
|t:|1743869228
|move|p1a: Cinderace|High Jump Kick|p2a: Chansey
|-supereffective|p2a: Chansey
|-damage|p2a: Chansey|46/100
|move|p2a: Chansey|Thunder Wave|p1a: Cinderace
|-status|p1a: Cinderace|par
|
|upkeep
|turn|6
|
|t:|1743869237
|switch|p2a: Mimikyu|Mimikyu, F|100/100
|-damage|p2a: Mimikyu|88/100|[from] Stealth Rock
|move|p1a: Cinderace|Pyro Ball|p2a: Mimikyu
|-activate|p2a: Mimikyu|ability: Disguise
|-damage|p2a: Mimikyu|88/100
|detailschange|p2a: Mimikyu|Mimikyu-Busted, F
|-damage|p2a: Mimikyu|76/100|[from] pokemon: Mimikyu-Busted
|
|-heal|p2a: Mimikyu|82/100|[from] item: Leftovers
|upkeep
|turn|7
|
|t:|1743869249
|move|p2a: Mimikyu|Drain Punch|p1a: Cinderace
|-supereffective|p1a: Cinderace
|-damage|p1a: Cinderace|45/100 par
|-heal|p2a: Mimikyu|100/100|[from] drain|[of] p1a: Cinderace
|move|p1a: Cinderace|Fling|p2a: Mimikyu
|-damage|p2a: Mimikyu|57/100
|-enditem|p1a: Cinderace|Heavy-Duty Boots|[from] move: Fling
|
|-heal|p2a: Mimikyu|63/100|[from] item: Leftovers
|upkeep
|turn|8
|
|t:|1743869260
|move|p2a: Mimikyu|Drain Punch|p1a: Cinderace
|-supereffective|p1a: Cinderace
|-damage|p1a: Cinderace|0 fnt
|-heal|p2a: Mimikyu|91/100|[from] drain|[of] p1a: Cinderace
|faint|p1a: Cinderace
|
|-heal|p2a: Mimikyu|97/100|[from] item: Leftovers
|upkeep
|
|t:|1743869268
|switch|p1a: Kingambit|Kingambit, M|100/100
|-activate|p1a: Kingambit|move: Sticky Web
|-unboost|p1a: Kingambit|spe|1
|-ability|p1a: Kingambit|Defiant|boost
|-boost|p1a: Kingambit|atk|2
|turn|9
|
|t:|1743869275
|switch|p1a: Chandelure|Chandelure, M|100/100
|-activate|p1a: Chandelure|move: Sticky Web
|-unboost|p1a: Chandelure|spe|1
|-terastallize|p2a: Mimikyu|Steel
|move|p2a: Mimikyu|Swords Dance|p2a: Mimikyu
|-boost|p2a: Mimikyu|atk|2
|
|-heal|p2a: Mimikyu|100/100|[from] item: Leftovers
|upkeep
|turn|10
|
|t:|1743869286
|move|p2a: Mimikyu|Shadow Sneak|p1a: Chandelure
|-supereffective|p1a: Chandelure
|-damage|p1a: Chandelure|27/100
|move|p1a: Chandelure|Will-O-Wisp|p2a: Mimikyu
|-status|p2a: Mimikyu|brn
|
|-damage|p2a: Mimikyu|95/100 brn|[from] brn
|upkeep
|turn|11
|
|t:|1743869295
|move|p2a: Mimikyu|Shadow Sneak|p1a: Chandelure
|-supereffective|p1a: Chandelure
|-damage|p1a: Chandelure|0 fnt
|faint|p1a: Chandelure
|
|-heal|p2a: Mimikyu|100/100 brn|[from] item: Leftovers
|-damage|p2a: Mimikyu|95/100 brn|[from] brn
|upkeep
|
|t:|1743869305
|switch|p1a: Leavanny|Leavanny, F|100/100 par
|-activate|p1a: Leavanny|move: Sticky Web
|-unboost|p1a: Leavanny|spe|1
|turn|12
|
|t:|1743869312
|-terastallize|p1a: Leavanny|Ground
|move|p2a: Mimikyu|Play Rough|p1a: Leavanny
|-damage|p1a: Leavanny|58/100 par
|cant|p1a: Leavanny|par
|
|-heal|p2a: Mimikyu|100/100 brn|[from] item: Leftovers
|-damage|p2a: Mimikyu|95/100 brn|[from] brn
|upkeep
|turn|13
|
|t:|1743869323
|move|p2a: Mimikyu|Play Rough|p1a: Leavanny
|-damage|p1a: Leavanny|16/100 par
|-unboost|p1a: Leavanny|atk|1
|move|p1a: Leavanny|Tera Blast|p2a: Mimikyu|[anim] Tera Blast Ground
|-supereffective|p2a: Mimikyu
|-damage|p2a: Mimikyu|12/100 brn
|
|-heal|p2a: Mimikyu|18/100 brn|[from] item: Leftovers
|-damage|p2a: Mimikyu|12/100 brn|[from] brn
|upkeep
|turn|14
|
|t:|1743869335
|move|p2a: Mimikyu|Play Rough|p1a: Leavanny|[miss]
|-miss|p2a: Mimikyu|p1a: Leavanny
|move|p1a: Leavanny|Tera Blast|p2a: Mimikyu|[anim] Tera Blast Ground
|-supereffective|p2a: Mimikyu
|-damage|p2a: Mimikyu|0 fnt
|faint|p2a: Mimikyu
|
|upkeep
|
|t:|1743869344
|switch|p2a: Forretress|Forretress, M|100/100
|turn|15
|
|t:|1743869355
|switch|p1a: Milotic|Milotic, F|100/100
|-activate|p1a: Milotic|move: Sticky Web
|-unboost|p1a: Milotic|spe|1
|-ability|p1a: Milotic|Competitive|boost
|-boost|p1a: Milotic|spa|2
|move|p2a: Forretress|Rapid Spin|p1a: Milotic
|-damage|p1a: Milotic|85/100
|-boost|p2a: Forretress|spe|1
|-sideend|p2: adri4n10|Stealth Rock|[from] move: Rapid Spin|[of] p2a: Forretress
|
|upkeep
|turn|16
|
|t:|1743869366
|move|p1a: Milotic|Scald|p2a: Forretress
|-damage|p2a: Forretress|19/100
|move|p2a: Forretress|Volt Switch|p1a: Milotic
|-supereffective|p1a: Milotic
|-damage|p1a: Milotic|76/100
|
|t:|1743869376
|switch|p2a: Chansey|Chansey, F|46/100|[from] Volt Switch
|
|upkeep
|turn|17
|
|t:|1743869381
|move|p2a: Chansey|Soft-Boiled|p2a: Chansey
|-heal|p2a: Chansey|96/100
|move|p1a: Milotic|Scald|p2a: Chansey
|-damage|p2a: Chansey|74/100
|-status|p2a: Chansey|brn
|
|-damage|p2a: Chansey|67/100 brn|[from] brn
|upkeep
|turn|18
|
|t:|1743869391
|switch|p1a: Leavanny|Leavanny, F, tera:Ground|16/100 par
|-activate|p1a: Leavanny|move: Sticky Web
|-unboost|p1a: Leavanny|spe|1
|move|p2a: Chansey|Thunder Wave|p1a: Leavanny
|-immune|p1a: Leavanny
|
|-damage|p2a: Chansey|61/100 brn|[from] brn
|upkeep
|turn|19
|
|t:|1743869401
|move|p2a: Chansey|Seismic Toss|p1a: Leavanny
|-damage|p1a: Leavanny|0 fnt
|faint|p1a: Leavanny
|
|-damage|p2a: Chansey|55/100 brn|[from] brn
|upkeep
|
|t:|1743869405
|switch|p1a: Gothitelle|Gothitelle, M|100/100
|-activate|p1a: Gothitelle|move: Sticky Web
|-unboost|p1a: Gothitelle|spe|1
|-ability|p1a: Gothitelle|Competitive|boost
|-boost|p1a: Gothitelle|spa|2
|turn|20
|
|t:|1743869413
|move|p2a: Chansey|Thunder Wave|p1a: Gothitelle
|-status|p1a: Gothitelle|par
|move|p1a: Gothitelle|Psyshock|p2a: Chansey
|-damage|p2a: Chansey|4/100 brn
|
|-damage|p2a: Chansey|0 fnt|[from] brn
|faint|p2a: Chansey
|upkeep
|
|t:|1743869427
|switch|p2a: Greninja|Greninja, M|100/100
|turn|21
|
|t:|1743869434
|switch|p1a: Milotic|Milotic, F|76/100
|-activate|p1a: Milotic|move: Sticky Web
|-unboost|p1a: Milotic|spe|1
|-ability|p1a: Milotic|Competitive|boost
|-boost|p1a: Milotic|spa|2
|move|p2a: Greninja|Dark Pulse|p1a: Milotic
|-damage|p1a: Milotic|58/100
|
|upkeep
|turn|22
|
|t:|1743869445
|switch|p2a: Forretress|Forretress, M|19/100
|move|p1a: Milotic|Alluring Voice|p2a: Forretress
|-resisted|p2a: Forretress
|-damage|p2a: Forretress|0 fnt
|faint|p2a: Forretress
|
|upkeep
|
|t:|1743869452
|switch|p2a: Zamazenta|Zamazenta|100/100
|-ability|p2a: Zamazenta|Dauntless Shield|boost
|-boost|p2a: Zamazenta|def|1
|turn|23
|
|t:|1743869457
|move|p2a: Zamazenta|Substitute|p2a: Zamazenta
|-start|p2a: Zamazenta|Substitute
|-damage|p2a: Zamazenta|76/100
|move|p1a: Milotic|Alluring Voice|p2a: Zamazenta
|-supereffective|p2a: Zamazenta
|-damage|p2a: Zamazenta|0 fnt
|faint|p2a: Zamazenta
|
|upkeep
|
|t:|1743869466
|switch|p2a: Corviknight|Corviknight, F|100/100
|turn|24
|
|t:|1743869470
|move|p2a: Corviknight|Brave Bird|p1a: Milotic
|-damage|p1a: Milotic|7/100
|-damage|p2a: Corviknight|81/100|[from] Recoil
|move|p1a: Milotic|Scald|p2a: Corviknight
|-damage|p2a: Corviknight|0 fnt
|faint|p2a: Corviknight
|
|upkeep
|
|t:|1743869479
|switch|p2a: Greninja|Greninja, M|100/100
|turn|25
|
|t:|1743869483
|move|p2a: Greninja|Dark Pulse|p1a: Milotic
|-crit|p1a: Milotic
|-damage|p1a: Milotic|0 fnt
|faint|p1a: Milotic
|-ability|p2a: Greninja|Battle Bond|boost
|-boost|p2a: Greninja|atk|1
|-boost|p2a: Greninja|spa|1
|-boost|p2a: Greninja|spe|1
|-activate|p2a: Greninja|ability: Battle Bond
|
|upkeep
|
|t:|1743869494
|switch|p1a: Gothitelle|Gothitelle, M|100/100 par
|-activate|p1a: Gothitelle|move: Sticky Web
|-unboost|p1a: Gothitelle|spe|1
|-ability|p1a: Gothitelle|Competitive|boost
|-boost|p1a: Gothitelle|spa|2
|turn|26
|
|t:|1743869500
|move|p2a: Greninja|Dark Pulse|p1a: Gothitelle
|-supereffective|p1a: Gothitelle
|-damage|p1a: Gothitelle|0 fnt
|faint|p1a: Gothitelle
|
|upkeep
|
|t:|1743869502
|switch|p1a: Kingambit|Kingambit, M|100/100
|-activate|p1a: Kingambit|move: Sticky Web
|-unboost|p1a: Kingambit|spe|1
|-ability|p1a: Kingambit|Defiant|boost
|-boost|p1a: Kingambit|atk|2
|turn|27
|
|t:|1743869513
|move|p2a: Greninja|Surf|p1a: Kingambit
|-damage|p1a: Kingambit|62/100
|move|p1a: Kingambit|Brick Break|p2a: Greninja
|-supereffective|p2a: Greninja
|-enditem|p2a: Greninja|Focus Sash
|-damage|p2a: Greninja|1/100
|
|upkeep
|turn|28
|
|t:|1743869522
|move|p1a: Kingambit|Sucker Punch|p2a: Greninja
|-resisted|p2a: Greninja
|-damage|p2a: Greninja|0 fnt
|faint|p2a: Greninja
|
|win|CapitolG
|raw|CapitolG's rating: 1225 &rarr; <strong>1247</strong><br />(+22 for winning)
|raw|adri4n10's rating: 1183 &rarr; <strong>1161</strong><br />(-22 for losing)
|l|☆adri4n10
|player|p2|
|l|☆CapitolG
|player|p1|
