|j|☆martydoodles
|j|☆sznxpo
|t:|1743817112
|gametype|singles
|player|p1|martydoodles|169|1059
|player|p2|sznxpo|medium|1093
|teamsize|p1|6
|teamsize|p2|6
|gen|9
|tier|[Gen 9] OU
|rated|
|rule|HP Percentage Mod: HP is shown in percentages
|rule|Endless Battle Clause: Forcing endless battles is banned
|rule|Species Clause: Limit one of each Pokémon
|rule|OHKO Clause: OHKO moves are banned
|rule|Evasion Items Clause: Evasion items are banned
|rule|Evasion Moves Clause: Evasion moves are banned
|rule|Sleep Moves Clause: Sleep-inducing moves are banned
|clearpoke
|poke|p1|Flygon, M|
|poke|p1|Dragonite, F|
|poke|p1|Excadrill, F|
|poke|p1|Skarmory, F|
|poke|p1|Slowking-Galar, M|
|poke|p1|Greninja-*, M|
|poke|p2|Pikachu-Kalos, M|
|poke|p2|Greninja-*, M|
|poke|p2|Talonflame, M|
|poke|p2|Hawlucha, M|
|poke|p2|Goodra, M|
|poke|p2|Noivern, F|
|teampreview
|
|t:|1743817117
|start
|switch|p1a: Excadrill|Excadrill, F|100/100
|switch|p2a: Pikachu|Pikachu-Kalos, M|100/100
|-ability|p1a: Excadrill|Mold Breaker
|turn|1
|
|t:|1743817125
|move|p2a: Pikachu|Fake Out|p1a: Excadrill
|-resisted|p1a: Excadrill
|-damage|p1a: Excadrill|88/100
|cant|p1a: Excadrill|flinch
|
|upkeep
|turn|2
|
|t:|1743817149
|switch|p2a: Talonflame|Talonflame, M|100/100
|move|p1a: Excadrill|Stealth Rock|p2a: Talonflame
|-sidestart|p2: sznxpo|move: Stealth Rock
|
|upkeep
|turn|3
|
|t:|1743817170
|switch|p1a: Dragonite|Dragonite, F|100/100
|-terastallize|p2a: Talonflame|Fire
|move|p2a: Talonflame|Temper Flare|p1a: Dragonite
|-resisted|p1a: Dragonite
|-damage|p1a: Dragonite|92/100
|
|upkeep
|turn|4
|
|t:|1743817190
|switch|p2a: Noivern|Noivern, F|100/100
|-damage|p2a: Noivern|76/100|[from] Stealth Rock
|-item|p1a: Dragonite|Heavy-Duty Boots|[from] ability: Frisk|[of] p2a: Noivern
|move|p1a: Dragonite|Hydro Pump|p2a: Noivern
|-resisted|p2a: Noivern
|-damage|p2a: Noivern|51/100
|
|upkeep
|turn|5
|
|t:|1743817200
|move|p2a: Noivern|Draco Meteor|p1a: Dragonite
|-supereffective|p1a: Dragonite
|-damage|p1a: Dragonite|0 fnt
|-unboost|p2a: Noivern|spa|2
|faint|p1a: Dragonite
|
|upkeep
|
|t:|1743817206
|switch|p1a: d00d|Flygon, M, shiny|100/100
|turn|6
|
|t:|1743817213
|move|p1a: d00d|Outrage|p2a: Noivern
|-supereffective|p2a: Noivern
|-damage|p2a: Noivern|0 fnt
|faint|p2a: Noivern
|
|upkeep
|
|t:|1743817224
|switch|p2a: Greninja|Greninja, M|100/100
|-damage|p2a: Greninja|88/100|[from] Stealth Rock
|turn|7
|
|t:|1743817229
|move|p1a: d00d|Outrage|p2a: Greninja|[from] lockedmove
|-damage|p2a: Greninja|8/100
|-start|p1a: d00d|confusion|[fatigue]
|move|p2a: Greninja|Surf|p1a: d00d
|-damage|p1a: d00d|35/100
|-damage|p2a: Greninja|0 fnt|[from] item: Life Orb
|faint|p2a: Greninja
|
|upkeep
|
|t:|1743817241
|switch|p2a: Hawlucha|Hawlucha, M|100/100
|-damage|p2a: Hawlucha|88/100|[from] Stealth Rock
|turn|8
|
|t:|1743817253
|switch|p1a: Slowking|Slowking-Galar, M|100/100
|move|p2a: Hawlucha|Substitute|p2a: Hawlucha
|-start|p2a: Hawlucha|Substitute
|-damage|p2a: Hawlucha|63/100
|
|upkeep
|turn|9
|
|t:|1743817261
|move|p2a: Hawlucha|Close Combat|p1a: Slowking
|-resisted|p1a: Slowking
|-damage|p1a: Slowking|88/100
|-unboost|p2a: Hawlucha|def|1
|-unboost|p2a: Hawlucha|spd|1
|-enditem|p2a: Hawlucha|White Herb
|-clearnegativeboost|p2a: Hawlucha|[silent]
|move|p1a: Slowking|Psychic|p2a: Hawlucha
|-supereffective|p2a: Hawlucha
|-end|p2a: Hawlucha|Substitute
|
|upkeep
|turn|10
|
|t:|1743817279
|move|p2a: Hawlucha|Acrobatics|p1a: Slowking
|-damage|p1a: Slowking|39/100
|move|p1a: Slowking|Psychic|p2a: Hawlucha
|-supereffective|p2a: Hawlucha
|-damage|p2a: Hawlucha|0 fnt
|faint|p2a: Hawlucha
|
|upkeep
|
|t:|1743817290
|switch|p2a: Goodra|Goodra, M|100/100
|-damage|p2a: Goodra|88/100|[from] Stealth Rock
|turn|11
|
|t:|1743817297
|move|p2a: Goodra|Sludge Wave|p1a: Slowking
|-resisted|p1a: Slowking
|-damage|p1a: Slowking|30/100
|move|p1a: Slowking|Ice Beam|p2a: Goodra
|-supereffective|p2a: Goodra
|-damage|p2a: Goodra|62/100
|
|upkeep
|turn|12
|
|t:|1743817318
|move|p2a: Goodra|Flamethrower|p1a: Slowking
|-damage|p1a: Slowking|14/100
|move|p1a: Slowking|Ice Beam|p2a: Goodra
|-supereffective|p2a: Goodra
|-damage|p2a: Goodra|33/100
|
|upkeep
|turn|13
|
|t:|1743817331
|move|p2a: Goodra|Dragon Pulse|p1a: Slowking
|-damage|p1a: Slowking|0 fnt
|faint|p1a: Slowking
|
|upkeep
|
|t:|1743817336
|switch|p1a: d00d|Flygon, M, shiny|35/100
|turn|14
|
|t:|1743817343
|move|p1a: d00d|Outrage|p2a: Goodra
|-supereffective|p2a: Goodra
|-damage|p2a: Goodra|0 fnt
|-ability|p2a: Goodra|Gooey
|-unboost|p1a: d00d|spe|1
|faint|p2a: Goodra
|
|upkeep
|
|t:|1743817353
|switch|p2a: Talonflame|Talonflame, M, tera:Fire|100/100
|-damage|p2a: Talonflame|76/100|[from] Stealth Rock
|turn|15
|
|t:|1743817360
|move|p2a: Talonflame|Brave Bird|p1a: d00d
|-damage|p1a: d00d|0 fnt
|faint|p1a: d00d
|-damage|p2a: Talonflame|64/100|[from] Recoil
|
|-heal|p2a: Talonflame|70/100|[from] item: Leftovers
|upkeep
|
|t:|1743817371
|switch|p1a: kiko|Greninja, M, shiny|100/100
|turn|16
|
|t:|1743817385
|switch|p2a: Pikachu|Pikachu-Kalos, M|100/100
|-damage|p2a: Pikachu|88/100|[from] Stealth Rock
|move|p1a: kiko|Sludge Wave|p2a: Pikachu
|-start|p1a: kiko|typechange|Poison|[from] ability: Protean
|-damage|p2a: Pikachu|0 fnt
|faint|p2a: Pikachu
|-damage|p1a: kiko|91/100|[from] item: Life Orb
|
|upkeep
|
|t:|1743817394
|switch|p2a: Talonflame|Talonflame, M, tera:Fire|70/100
|-damage|p2a: Talonflame|45/100|[from] Stealth Rock
|turn|17
|
|t:|1743817400
|move|p2a: Talonflame|Swords Dance|p2a: Talonflame
|-boost|p2a: Talonflame|atk|2
|move|p1a: kiko|Sludge Wave|p2a: Talonflame
|-damage|p2a: Talonflame|0 fnt
|faint|p2a: Talonflame
|-damage|p1a: kiko|81/100|[from] item: Life Orb
|
|win|martydoodles
|raw|martydoodles's rating: 1059 &rarr; <strong>1093</strong><br />(+34 for winning)
|raw|sznxpo's rating: 1093 &rarr; <strong>1067</strong><br />(-26 for losing)
|l|☆sznxpo
|player|p2|
