|j|☆918kw
|j|☆Sunym
|t:|1743826613
|gametype|singles
|player|p1|918kw|lucas|1241
|player|p2|Sunym|nate|1258
|teamsize|p1|6
|teamsize|p2|6
|gen|9
|tier|[Gen 9] OU
|rated|
|rule|HP Percentage Mod: HP is shown in percentages
|rule|Endless Battle Clause: Forcing endless battles is banned
|rule|Species Clause: Limit one of each Pokémon
|rule|OHKO Clause: OHKO moves are banned
|rule|Evasion Items Clause: Evasion items are banned
|rule|Evasion Moves Clause: Evasion moves are banned
|rule|Sleep Moves Clause: Sleep-inducing moves are banned
|clearpoke
|poke|p1|Lokix, M|
|poke|p1|Slowbro-Galar, M|
|poke|p1|Gyarados, M|
|poke|p1|Coalossal, M|
|poke|p1|Crawdaunt, M|
|poke|p1|Iron Treads|
|poke|p2|Araquanid, M|
|poke|p2|Iron Treads|
|poke|p2|Cinderace, F|
|poke|p2|Kingambit, F|
|poke|p2|Pecharunt|
|poke|p2|Dragonite, M|
|teampreview
|inactive|Battle timer is ON: inactive players will automatically lose when time's up. (requested by Sunym)
|
|t:|1743826625
|start
|switch|p1a: Crawdaunt|Crawdaunt, M|100/100
|switch|p2a: Araquanid|Araquanid, M, shiny|100/100
|turn|1
|
|t:|1743826628
|move|p1a: Crawdaunt|Dragon Dance|p1a: Crawdaunt
|-boost|p1a: Crawdaunt|atk|1
|-boost|p1a: Crawdaunt|spe|1
|move|p2a: Araquanid|Lunge|p1a: Crawdaunt
|-supereffective|p1a: Crawdaunt
|-damage|p1a: Crawdaunt|35/100
|-unboost|p1a: Crawdaunt|atk|1
|
|upkeep
|turn|2
|
|t:|1743826633
|move|p1a: Crawdaunt|Endeavor|p2a: Araquanid
|-damage|p2a: Araquanid|28/100
|move|p2a: Araquanid|Lunge|p1a: Crawdaunt
|-supereffective|p1a: Crawdaunt
|-damage|p1a: Crawdaunt|0 fnt
|faint|p1a: Crawdaunt
|
|upkeep
|
|t:|1743826639
|switch|p1a: Lokix|Lokix, M|100/100
|turn|3
|
|t:|1743826642
|move|p1a: Lokix|First Impression|p2a: Araquanid
|-damage|p2a: Araquanid|0 fnt
|faint|p2a: Araquanid
|
|upkeep
|
|t:|1743826660
|switch|p2a: Iron Treads|Iron Treads|100/100
|-enditem|p2a: Iron Treads|Booster Energy
|-activate|p2a: Iron Treads|ability: Quark Drive|[fromitem]
|-start|p2a: Iron Treads|quarkdriveatk
|turn|4
|
|t:|1743826665
|move|p2a: Iron Treads|Supercell Slam|p1a: Lokix
|-damage|p1a: Lokix|36/100
|move|p1a: Lokix|U-turn|p2a: Iron Treads
|-resisted|p2a: Iron Treads
|-damage|p2a: Iron Treads|69/100
|
|t:|1743826670
|switch|p1a: Iron Treads|Iron Treads|100/100|[from] U-turn
|-enditem|p1a: Iron Treads|Booster Energy
|-activate|p1a: Iron Treads|ability: Quark Drive|[fromitem]
|-start|p1a: Iron Treads|quarkdrivespe
|
|upkeep
|turn|5
|
|t:|1743826675
|move|p1a: Iron Treads|Earthquake|p2a: Iron Treads
|-supereffective|p2a: Iron Treads
|-damage|p2a: Iron Treads|0 fnt
|faint|p2a: Iron Treads
|-end|p2a: Iron Treads|Quark Drive|[silent]
|
|upkeep
|l|☆Sunym
|inactive|Sunym disconnected and has a minute to reconnect!
|player|p2|
|inactive|Sunym has 30 seconds to reconnect!
|j|☆Sunym
|inactive|Sunym reconnected and has 120 seconds left.
|player|p2|Sunym|nate|
|
|t:|1743826715
|switch|p2a: Pecharunt|Pecharunt|100/100
|-item|p2a: Pecharunt|Air Balloon
|turn|6
|
|t:|1743826720
|move|p1a: Iron Treads|Ice Spinner|p2a: Pecharunt
|-damage|p2a: Pecharunt|83/100
|-enditem|p2a: Pecharunt|Air Balloon
|move|p2a: Pecharunt|Shadow Ball|p1a: Iron Treads
|-damage|p1a: Iron Treads|56/100
|-unboost|p1a: Iron Treads|spd|1
|
|upkeep
|turn|7
|
|t:|1743826728
|move|p1a: Iron Treads|Stealth Rock|p2a: Pecharunt
|-sidestart|p2: Sunym|move: Stealth Rock
|move|p2a: Pecharunt|Shadow Ball|p1a: Iron Treads
|-damage|p1a: Iron Treads|0 fnt
|faint|p1a: Iron Treads
|-end|p1a: Iron Treads|Quark Drive|[silent]
|
|upkeep
|
|t:|1743826734
|switch|p1a: Lokix|Lokix, M|36/100
|turn|8
|
|t:|1743826737
|move|p1a: Lokix|First Impression|p2a: Pecharunt
|-resisted|p2a: Pecharunt
|-damage|p2a: Pecharunt|66/100
|move|p2a: Pecharunt|Malignant Chain|p1a: Lokix
|-damage|p1a: Lokix|0 fnt
|faint|p1a: Lokix
|
|upkeep
|
|t:|1743826742
|switch|p1a: Slowbro|Slowbro-Galar, M|100/100
|turn|9
|
|t:|1743826747
|move|p2a: Pecharunt|Shadow Ball|p1a: Slowbro
|-supereffective|p1a: Slowbro
|-damage|p1a: Slowbro|17/100
|-unboost|p1a: Slowbro|spd|1
|move|p1a: Slowbro|Calm Mind|p1a: Slowbro
|-boost|p1a: Slowbro|spa|1
|-boost|p1a: Slowbro|spd|1
|
|upkeep
|turn|10
|-activate|p1a: Slowbro|ability: Quick Draw
|
|t:|1743826753
|move|p1a: Slowbro|Psychic|p2a: Pecharunt
|-supereffective|p2a: Pecharunt
|-damage|p2a: Pecharunt|0 fnt
|faint|p2a: Pecharunt
|
|upkeep
|
|t:|1743826766
|switch|p2a: Kingambit|Kingambit, F|100/100
|-damage|p2a: Kingambit|94/100|[from] Stealth Rock
|-activate|p2a: Kingambit|ability: Supreme Overlord
|-start|p2a: Kingambit|fallen3|[silent]
|turn|11
|
|t:|1743826769
|move|p2a: Kingambit|Kowtow Cleave|p1a: Slowbro
|-supereffective|p1a: Slowbro
|-damage|p1a: Slowbro|0 fnt
|faint|p1a: Slowbro
|
|upkeep
|
|t:|1743826773
|switch|p1a: Coalossal|Coalossal, M|100/100
|turn|12
|
|t:|1743826780
|-end|p2a: Kingambit|fallen3|[silent]
|switch|p2a: Dragonite|Dragonite, M|100/100
|-damage|p2a: Dragonite|76/100|[from] Stealth Rock
|move|p1a: Coalossal|Will-O-Wisp|p2a: Dragonite
|-status|p2a: Dragonite|brn
|-enditem|p2a: Dragonite|Lum Berry|[eat]
|-curestatus|p2a: Dragonite|brn|[msg]
|
|upkeep
|turn|13
|
|t:|1743826790
|-terastallize|p1a: Coalossal|Water
|move|p2a: Dragonite|Earthquake|p1a: Coalossal
|-damage|p1a: Coalossal|70/100
|move|p1a: Coalossal|Will-O-Wisp|p2a: Dragonite
|-status|p2a: Dragonite|brn
|
|-damage|p2a: Dragonite|70/100 brn|[from] brn
|upkeep
|turn|14
|
|t:|1743826796
|move|p1a: Coalossal|Meteor Beam||[still]
|-prepare|p1a: Coalossal|Meteor Beam
|-boost|p1a: Coalossal|spa|1
|-enditem|p1a: Coalossal|Power Herb
|-anim|p1a: Coalossal|Meteor Beam|p2a: Dragonite
|-supereffective|p2a: Dragonite
|-damage|p2a: Dragonite|0 fnt
|faint|p2a: Dragonite
|
|upkeep
|
|t:|1743826807
|switch|p2a: Cinderace|Cinderace, F|100/100
|-damage|p2a: Cinderace|76/100|[from] Stealth Rock
|turn|15
|
|t:|1743826812
|move|p2a: Cinderace|Swords Dance|p2a: Cinderace
|-boost|p2a: Cinderace|atk|2
|move|p1a: Coalossal|Scald|p2a: Cinderace
|-supereffective|p2a: Cinderace
|-damage|p2a: Cinderace|0 fnt
|faint|p2a: Cinderace
|
|upkeep
|
|t:|1743826817
|switch|p2a: Kingambit|Kingambit, F|94/100
|-damage|p2a: Kingambit|88/100|[from] Stealth Rock
|-activate|p2a: Kingambit|ability: Supreme Overlord
|-start|p2a: Kingambit|fallen5|[silent]
|turn|16
|
|t:|1743826820
|-terastallize|p2a: Kingambit|Dark
|move|p2a: Kingambit|Kowtow Cleave|p1a: Coalossal
|-damage|p1a: Coalossal|0 fnt
|faint|p1a: Coalossal
|
|upkeep
|
|t:|1743826824
|switch|p1a: Gyarados|Gyarados, M|100/100
|turn|17
|
|t:|1743826826
|move|p1a: Gyarados|Waterfall|p2a: Kingambit
|-damage|p2a: Kingambit|49/100
|move|p2a: Kingambit|Kowtow Cleave|p1a: Gyarados
|-damage|p1a: Gyarados|0 fnt
|faint|p1a: Gyarados
|
|win|Sunym
|raw|918kw's rating: 1241 &rarr; <strong>1217</strong><br />(-24 for losing)
|raw|Sunym's rating: 1258 &rarr; <strong>1282</strong><br />(+24 for winning)
|l|☆918kw
|player|p1|
|l|☆Sunym
|player|p2|
