|j|☆morggort
|j|☆Arabesca
|t:|1743825826
|gametype|singles
|player|p1|morggort|giovanni|1051
|player|p2|Arabesca|mom-hoenn|1096
|teamsize|p1|6
|teamsize|p2|6
|gen|9
|tier|[Gen 9] OU
|rated|
|rule|HP Percentage Mod: HP is shown in percentages
|rule|Endless Battle Clause: Forcing endless battles is banned
|rule|Species Clause: Limit one of each Pokémon
|rule|OHKO Clause: OHKO moves are banned
|rule|Evasion Items Clause: Evasion items are banned
|rule|Evasion Moves Clause: Evasion moves are banned
|rule|Sleep Moves Clause: Sleep-inducing moves are banned
|clearpoke
|poke|p1|Slowking-Galar, M|
|poke|p1|Ursaluna, F|
|poke|p1|Greninja-*, M|
|poke|p1|Gallade, M|
|poke|p1|Skarmory, M|
|poke|p1|Mamoswine, F|
|poke|p2|Grimmsnarl, M|
|poke|p2|Scizor, M|
|poke|p2|Quaquaval, M|
|poke|p2|Sandy Shocks|
|poke|p2|Iron Jugulis|
|poke|p2|Oricorio-Pom-Pom, F|
|teampreview
|
|t:|1743825830
|start
|switch|p1a: Greninja|Greninja, M|100/100
|switch|p2a: Grimmsnarl|Grimmsnarl, M|100/100
|turn|1
|
|t:|1743825840
|move|p2a: Grimmsnarl|Reflect|p2a: Grimmsnarl
|-sidestart|p2: Arabesca|Reflect
|move|p1a: Greninja|Toxic Spikes|p2a: Grimmsnarl
|-sidestart|p2: Arabesca|move: Toxic Spikes
|
|upkeep
|turn|2
|
|t:|1743825853
|move|p2a: Grimmsnarl|Light Screen|p2a: Grimmsnarl
|-sidestart|p2: Arabesca|move: Light Screen
|move|p1a: Greninja|Hydro Pump|p2a: Grimmsnarl
|-damage|p2a: Grimmsnarl|83/100
|
|upkeep
|turn|3
|
|t:|1743825868
|switch|p1a: Skarmory|Skarmory, M|100/100
|move|p2a: Grimmsnarl|Parting Shot|p1a: Skarmory
|-unboost|p1a: Skarmory|atk|1
|-unboost|p1a: Skarmory|spa|1
|
|t:|1743825873
|switch|p2a: Scizor|Scizor, M|100/100|[from] Parting Shot
|
|upkeep
|turn|4
|
|t:|1743825882
|move|p2a: Scizor|Swords Dance|p2a: Scizor
|-boost|p2a: Scizor|atk|2
|move|p1a: Skarmory|Roar|p2a: Scizor
|drag|p2a: Grimmsnarl|Grimmsnarl, M|83/100
|-status|p2a: Grimmsnarl|psn
|
|-damage|p2a: Grimmsnarl|71/100 psn|[from] psn
|upkeep
|turn|5
|
|t:|1743825893
|move|p2a: Grimmsnarl|Taunt|p1a: Skarmory
|-start|p1a: Skarmory|move: Taunt
|move|p1a: Skarmory|Iron Head|p2a: Grimmsnarl
|-supereffective|p2a: Grimmsnarl
|-damage|p2a: Grimmsnarl|51/100 psn
|
|-damage|p2a: Grimmsnarl|39/100 psn|[from] psn
|upkeep
|turn|6
|inactive|Battle timer is ON: inactive players will automatically lose when time's up. (requested by Arabesca)
|
|t:|1743825923
|switch|p1a: Mamoswine|Mamoswine, F|100/100
|switch|p2a: Scizor|Scizor, M|100/100
|
|upkeep
|turn|7
|
|t:|1743825930
|move|p1a: Mamoswine|Earthquake|p2a: Scizor
|-damage|p2a: Scizor|68/100
|move|p2a: Scizor|Swords Dance|p2a: Scizor
|-boost|p2a: Scizor|atk|2
|
|upkeep
|turn|8
|
|t:|1743825937
|move|p1a: Mamoswine|Earthquake|p2a: Scizor
|-damage|p2a: Scizor|32/100
|move|p2a: Scizor|Trailblaze|p1a: Mamoswine
|-supereffective|p1a: Mamoswine
|-damage|p1a: Mamoswine|0 fnt
|-boost|p2a: Scizor|spe|1
|faint|p1a: Mamoswine
|-damage|p2a: Scizor|22/100|[from] item: Life Orb
|
|-sideend|p2: Arabesca|Reflect
|upkeep
|
|t:|1743825947
|switch|p1a: Skarmory|Skarmory, M|100/100
|turn|9
|
|t:|1743825951
|move|p2a: Scizor|Close Combat|p1a: Skarmory
|-crit|p1a: Skarmory
|-damage|p1a: Skarmory|0 fnt
|-unboost|p2a: Scizor|def|1
|-unboost|p2a: Scizor|spd|1
|-damage|p2a: Scizor|5/100|[from] item: Rocky Helmet|[of] p1a: Skarmory
|faint|p1a: Skarmory
|-damage|p2a: Scizor|0 fnt|[from] item: Life Orb
|faint|p2a: Scizor
|
|-sideend|p2: Arabesca|move: Light Screen
|upkeep
|
|t:|1743825976
|switch|p2a: Grimmsnarl|Grimmsnarl, M|39/100 psn
|switch|p1a: Ursaluna|Ursaluna, F|100/100
|turn|10
|
|t:|1743825983
|move|p2a: Grimmsnarl|Reflect|p2a: Grimmsnarl
|-sidestart|p2: Arabesca|Reflect
|move|p1a: Ursaluna|Earthquake|p2a: Grimmsnarl
|-damage|p2a: Grimmsnarl|10/100 psn
|
|-damage|p2a: Grimmsnarl|0 fnt|[from] psn
|faint|p2a: Grimmsnarl
|-status|p1a: Ursaluna|brn|[from] item: Flame Orb
|upkeep
|
|t:|1743825992
|switch|p2a: Quaquaval|Quaquaval, M|100/100
|-status|p2a: Quaquaval|psn
|turn|11
|
|t:|1743826005
|switch|p1a: Gallade|Gallade, M|100/100
|move|p2a: Quaquaval|Bulk Up|p2a: Quaquaval
|-boost|p2a: Quaquaval|atk|1
|-boost|p2a: Quaquaval|def|1
|
|-damage|p2a: Quaquaval|88/100 psn|[from] psn
|upkeep
|turn|12
|
|t:|1743826015
|move|p2a: Quaquaval|Aqua Step|p1a: Gallade
|-damage|p1a: Gallade|11/100
|-boost|p2a: Quaquaval|spe|1
|move|p1a: Gallade|Psycho Cut|p2a: Quaquaval
|-supereffective|p2a: Quaquaval
|-damage|p2a: Quaquaval|43/100 psn
|
|-heal|p2a: Quaquaval|49/100 psn|[from] item: Leftovers
|-damage|p2a: Quaquaval|37/100 psn|[from] psn
|upkeep
|turn|13
|
|t:|1743826029
|-terastallize|p1a: Gallade|Psychic
|move|p2a: Quaquaval|Aqua Step|p1a: Gallade
|-damage|p1a: Gallade|0 fnt
|-boost|p2a: Quaquaval|spe|1
|faint|p1a: Gallade
|-ability|p2a: Quaquaval|Moxie|boost
|-boost|p2a: Quaquaval|atk|1
|
|-heal|p2a: Quaquaval|43/100 psn|[from] item: Leftovers
|-damage|p2a: Quaquaval|31/100 psn|[from] psn
|upkeep
|
|t:|1743826048
|switch|p1a: Slowking|Slowking-Galar, M|100/100
|turn|14
|
|t:|1743826070
|move|p2a: Quaquaval|Aqua Step|p1a: Slowking
|-damage|p1a: Slowking|24/100
|-boost|p2a: Quaquaval|spe|1
|move|p1a: Slowking|Sludge Bomb|p2a: Quaquaval
|-damage|p2a: Quaquaval|0 fnt
|faint|p2a: Quaquaval
|
|-heal|p1a: Slowking|30/100|[from] item: Leftovers
|upkeep
|
|t:|1743826078
|switch|p2a: Iron Jugulis|Iron Jugulis|100/100
|-enditem|p2a: Iron Jugulis|Booster Energy
|-activate|p2a: Iron Jugulis|ability: Quark Drive|[fromitem]
|-start|p2a: Iron Jugulis|quarkdrivespe
|turn|15
|
|t:|1743826093
|move|p2a: Iron Jugulis|Dark Pulse|p1a: Slowking
|-supereffective|p1a: Slowking
|-damage|p1a: Slowking|0 fnt
|faint|p1a: Slowking
|
|upkeep
|
|t:|1743826101
|switch|p1a: Greninja|Greninja, M|100/100
|turn|16
|
|t:|1743826105
|move|p2a: Iron Jugulis|Hurricane|p1a: Greninja
|-damage|p1a: Greninja|25/100
|move|p1a: Greninja|Ice Beam|p2a: Iron Jugulis
|-supereffective|p2a: Iron Jugulis
|-damage|p2a: Iron Jugulis|37/100
|
|-heal|p1a: Greninja|31/100|[from] item: Leftovers
|upkeep
|turn|17
|
|t:|1743826116
|move|p2a: Iron Jugulis|Dark Pulse|p1a: Greninja
|-resisted|p1a: Greninja
|-damage|p1a: Greninja|4/100
|move|p1a: Greninja|Ice Beam|p2a: Iron Jugulis
|-supereffective|p2a: Iron Jugulis
|-damage|p2a: Iron Jugulis|0 fnt
|faint|p2a: Iron Jugulis
|-end|p2a: Iron Jugulis|Quark Drive|[silent]
|-ability|p1a: Greninja|Battle Bond|boost
|-boost|p1a: Greninja|atk|1
|-boost|p1a: Greninja|spa|1
|-boost|p1a: Greninja|spe|1
|-activate|p1a: Greninja|ability: Battle Bond
|
|-heal|p1a: Greninja|10/100|[from] item: Leftovers
|-sideend|p2: Arabesca|Reflect
|upkeep
|
|t:|1743826122
|switch|p2a: Oricorio|Oricorio-Pom-Pom, F|100/100
|turn|18
|
|t:|1743826135
|move|p1a: Greninja|Dark Pulse|p2a: Oricorio
|-damage|p2a: Oricorio|38/100
|cant|p2a: Oricorio|flinch
|
|-heal|p1a: Greninja|16/100|[from] item: Leftovers
|upkeep
|turn|19
|
|t:|1743826142
|move|p1a: Greninja|Ice Beam|p2a: Oricorio
|-supereffective|p2a: Oricorio
|-damage|p2a: Oricorio|0 fnt
|faint|p2a: Oricorio
|
|-heal|p1a: Greninja|22/100|[from] item: Leftovers
|upkeep
|
|t:|1743826144
|switch|p2a: Sandy Shocks|Sandy Shocks|100/100
|-status|p2a: Sandy Shocks|psn
|turn|20
|
|t:|1743826154
|move|p1a: Greninja|Ice Beam|p2a: Sandy Shocks
|-supereffective|p2a: Sandy Shocks
|-damage|p2a: Sandy Shocks|7/100 psn
|move|p2a: Sandy Shocks|Earth Power|p1a: Greninja
|-damage|p1a: Greninja|0 fnt
|faint|p1a: Greninja
|
|-damage|p2a: Sandy Shocks|0 fnt|[from] psn
|faint|p2a: Sandy Shocks
|-end|p2a: Sandy Shocks|Protosynthesis|[silent]
|
|win|morggort
|raw|morggort's rating: 1051 &rarr; <strong>1088</strong><br />(+37 for winning)
|raw|Arabesca's rating: 1096 &rarr; <strong>1068</strong><br />(-28 for losing)
|l|☆Arabesca
|player|p2|
|l|☆morggort
|player|p1|
