|j|☆MY爱莉希雅SAMA
|j|☆Jebus1989_
|t:|1743935732
|gametype|singles
|player|p1|MY爱莉希雅SAMA|lacey|1582
|player|p2|Jebus1989_|ethan|1735
|teamsize|p1|6
|teamsize|p2|6
|gen|9
|tier|[Gen 9] OU
|rated|
|rule|HP Percentage Mod: HP is shown in percentages
|rule|Endless Battle Clause: Forcing endless battles is banned
|rule|Species Clause: Limit one of each Pokémon
|rule|OHKO Clause: OHKO moves are banned
|rule|Evasion Items Clause: Evasion items are banned
|rule|Evasion Moves Clause: Evasion moves are banned
|rule|Sleep Moves Clause: Sleep-inducing moves are banned
|clearpoke
|poke|p1|Glimmora, M|
|poke|p1|Zamazenta-*|
|poke|p1|Latias, F|
|poke|p1|Gholdengo|
|poke|p1|Dragonite, M|
|poke|p1|Weavile, M|
|poke|p2|Hawlucha, F|
|poke|p2|Weezing-Galar, M|
|poke|p2|Kingambit, F|
|poke|p2|Frosmoth, M|
|poke|p2|Vaporeon, F|
|poke|p2|Great Tusk|
|teampreview
|inactive|Battle timer is ON: inactive players will automatically lose when time's up. (requested by MY爱莉希雅SAMA)
|
|t:|1743935763
|start
|switch|p1a: Weavile|Weavile, M|100/100
|switch|p2a: Great Tusk|Great Tusk|100/100
|turn|1
|
|t:|1743935771
|-end|p2a: Great Tusk|Protosynthesis|[silent]
|switch|p2a: Vaporeon|Vaporeon, F|100/100
|move|p1a: Weavile|Triple Axel|p2a: Vaporeon
|-resisted|p2a: Vaporeon
|-damage|p2a: Vaporeon|94/100
|-resisted|p2a: Vaporeon
|-damage|p2a: Vaporeon|83/100
|-hitcount|p2a: Vaporeon|2
|
|-heal|p2a: Vaporeon|89/100|[from] item: Leftovers
|upkeep
|turn|2
|
|t:|1743935780
|switch|p1a: Gholdengo|Gholdengo|100/100
|move|p2a: Vaporeon|Scald|p1a: Gholdengo
|-damage|p1a: Gholdengo|69/100
|-status|p1a: Gholdengo|brn
|
|-heal|p2a: Vaporeon|95/100|[from] item: Leftovers
|-damage|p1a: Gholdengo|63/100 brn|[from] brn
|upkeep
|turn|3
|
|t:|1743935792
|move|p2a: Vaporeon|Protect|p2a: Vaporeon
|-singleturn|p2a: Vaporeon|Protect
|move|p1a: Gholdengo|Nasty Plot|p1a: Gholdengo
|-boost|p1a: Gholdengo|spa|2
|
|-heal|p2a: Vaporeon|100/100|[from] item: Leftovers
|-damage|p1a: Gholdengo|57/100 brn|[from] brn
|upkeep
|turn|4
|
|t:|1743935796
|switch|p2a: Kingambit|Kingambit, F|100/100
|move|p1a: Gholdengo|Thunderbolt|p2a: Kingambit
|-damage|p2a: Kingambit|41/100
|-status|p2a: Kingambit|par
|
|-heal|p2a: Kingambit|47/100 par|[from] item: Leftovers
|-damage|p1a: Gholdengo|51/100 brn|[from] brn
|upkeep
|turn|5
|
|t:|1743935805
|move|p1a: Gholdengo|Thunderbolt|p2a: Kingambit
|-damage|p2a: Kingambit|0 fnt
|faint|p2a: Kingambit
|-end|p2a: Kingambit|fallenundefined|[silent]
|
|-damage|p1a: Gholdengo|45/100 brn|[from] brn
|upkeep
|
|t:|1743935809
|switch|p2a: Frosmoth|Frosmoth, M|100/100
|turn|6
|
|t:|1743935815
|-terastallize|p2a: Frosmoth|Ground
|move|p1a: Gholdengo|Shadow Ball|p2a: Frosmoth
|-damage|p2a: Frosmoth|44/100
|-unboost|p2a: Frosmoth|spd|1
|move|p2a: Frosmoth|Quiver Dance|p2a: Frosmoth
|-boost|p2a: Frosmoth|spa|1
|-boost|p2a: Frosmoth|spd|1
|-boost|p2a: Frosmoth|spe|1
|
|-heal|p2a: Frosmoth|50/100|[from] item: Leftovers
|-damage|p1a: Gholdengo|39/100 brn|[from] brn
|upkeep
|turn|7
|
|t:|1743935823
|move|p2a: Frosmoth|Tera Blast|p1a: Gholdengo|[anim] Tera Blast Ground
|-supereffective|p1a: Gholdengo
|-damage|p1a: Gholdengo|0 fnt
|faint|p1a: Gholdengo
|
|-heal|p2a: Frosmoth|56/100|[from] item: Leftovers
|upkeep
|
|t:|1743935826
|switch|p1a: Dragonite|Dragonite, M|100/100
|turn|8
|
|t:|1743935834
|switch|p2a: Great Tusk|Great Tusk|100/100
|move|p1a: Dragonite|Dragon Dance|p1a: Dragonite
|-boost|p1a: Dragonite|atk|1
|-boost|p1a: Dragonite|spe|1
|
|upkeep
|turn|9
|
|t:|1743935839
|-terastallize|p1a: Dragonite|Normal
|move|p1a: Dragonite|Dragon Dance|p1a: Dragonite
|-boost|p1a: Dragonite|atk|1
|-boost|p1a: Dragonite|spe|1
|move|p2a: Great Tusk|Knock Off|p1a: Dragonite
|-damage|p1a: Dragonite|85/100
|-enditem|p1a: Dragonite|Heavy-Duty Boots|[from] move: Knock Off|[of] p2a: Great Tusk
|
|upkeep
|turn|10
|
|t:|1743935844
|move|p1a: Dragonite|Ice Spinner|p2a: Great Tusk
|-supereffective|p2a: Great Tusk
|-damage|p2a: Great Tusk|35/100
|-damage|p1a: Dragonite|69/100|[from] item: Rocky Helmet|[of] p2a: Great Tusk
|move|p2a: Great Tusk|Earthquake|p1a: Dragonite
|-damage|p1a: Dragonite|21/100
|
|upkeep
|turn|11
|
|t:|1743935852
|-end|p2a: Great Tusk|Protosynthesis|[silent]
|switch|p2a: Vaporeon|Vaporeon, F|100/100
|move|p1a: Dragonite|Ice Spinner|p2a: Vaporeon
|-resisted|p2a: Vaporeon
|-damage|p2a: Vaporeon|77/100
|
|-heal|p2a: Vaporeon|83/100|[from] item: Leftovers
|upkeep
|turn|12
|
|t:|1743935854
|move|p1a: Dragonite|Extreme Speed|p2a: Vaporeon
|-damage|p2a: Vaporeon|13/100
|move|p2a: Vaporeon|Scald|p1a: Dragonite
|-crit|p1a: Dragonite
|-damage|p1a: Dragonite|0 fnt
|faint|p1a: Dragonite
|
|-heal|p2a: Vaporeon|19/100|[from] item: Leftovers
|upkeep
|
|t:|1743935861
|switch|p1a: Latias|Latias, F|100/100
|turn|13
|
|t:|1743935870
|move|p1a: Latias|Calm Mind|p1a: Latias
|-boost|p1a: Latias|spa|1
|-boost|p1a: Latias|spd|1
|move|p2a: Vaporeon|Wish|p2a: Vaporeon
|
|-heal|p2a: Vaporeon|26/100|[from] item: Leftovers
|upkeep
|turn|14
|
|t:|1743935875
|move|p2a: Vaporeon|Protect|p2a: Vaporeon
|-singleturn|p2a: Vaporeon|Protect
|move|p1a: Latias|Agility|p1a: Latias
|-boost|p1a: Latias|spe|2
|
|-heal|p2a: Vaporeon|76/100|[from] move: Wish|[wisher] Vaporeon
|-heal|p2a: Vaporeon|82/100|[from] item: Leftovers
|upkeep
|turn|15
|
|t:|1743935878
|move|p1a: Latias|Calm Mind|p1a: Latias
|-boost|p1a: Latias|spa|1
|-boost|p1a: Latias|spd|1
|move|p2a: Vaporeon|Roar|p1a: Latias
|drag|p1a: Zamazenta|Zamazenta|100/100
|-ability|p1a: Zamazenta|Dauntless Shield|boost
|-boost|p1a: Zamazenta|def|1
|
|-heal|p2a: Vaporeon|88/100|[from] item: Leftovers
|upkeep
|turn|16
|
|t:|1743935889
|switch|p1a: Glimmora|Glimmora, M|100/100
|move|p2a: Vaporeon|Roar|p1a: Glimmora
|drag|p1a: Weavile|Weavile, M|100/100
|
|-heal|p2a: Vaporeon|94/100|[from] item: Leftovers
|upkeep
|turn|17
|
|t:|1743935896
|move|p1a: Weavile|Knock Off|p2a: Vaporeon
|-damage|p2a: Vaporeon|33/100
|-enditem|p2a: Vaporeon|Leftovers|[from] move: Knock Off|[of] p1a: Weavile
|move|p2a: Vaporeon|Scald|p1a: Weavile
|-damage|p1a: Weavile|62/100
|
|upkeep
|turn|18
|
|t:|1743935902
|move|p1a: Weavile|Knock Off|p2a: Vaporeon
|-damage|p2a: Vaporeon|0 fnt
|faint|p2a: Vaporeon
|
|upkeep
|
|t:|1743935920
|switch|p2a: Weezing|Weezing-Galar, M, shiny|100/100
|-fieldstart|move: Misty Terrain|[from] ability: Misty Surge|[of] p2a: Weezing
|turn|19
|
|t:|1743935927
|switch|p2a: Frosmoth|Frosmoth, M, tera:Ground|56/100
|move|p1a: Weavile|Knock Off|p2a: Frosmoth
|-damage|p2a: Frosmoth|0 fnt
|-enditem|p2a: Frosmoth|Leftovers|[from] move: Knock Off|[of] p1a: Weavile
|faint|p2a: Frosmoth
|
|upkeep
|
|t:|1743935932
|switch|p2a: Weezing|Weezing-Galar, M, shiny|100/100
|turn|20
|
|t:|1743935938
|move|p1a: Weavile|Knock Off|p2a: Weezing
|-resisted|p2a: Weezing
|-damage|p2a: Weezing|69/100
|-enditem|p2a: Weezing|Terrain Extender|[from] move: Knock Off|[of] p1a: Weavile
|move|p2a: Weezing|Strange Steam|p1a: Weavile
|-supereffective|p1a: Weavile
|-damage|p1a: Weavile|0 fnt
|faint|p1a: Weavile
|
|upkeep
|
|t:|1743935946
|switch|p1a: Latias|Latias, F|100/100
|turn|21
|
|t:|1743935957
|switch|p2a: Hawlucha|Hawlucha, F, shiny|100/100
|-enditem|p2a: Hawlucha|Misty Seed
|-boost|p2a: Hawlucha|spd|1|[from] item: Misty Seed
|move|p1a: Latias|Calm Mind|p1a: Latias
|-boost|p1a: Latias|spa|1
|-boost|p1a: Latias|spd|1
|
|upkeep
|turn|22
|
|t:|1743935960
|switch|p1a: Glimmora|Glimmora, M|100/100
|move|p2a: Hawlucha|Encore||[still]
|-fail|p2a: Hawlucha
|
|upkeep
|turn|23
|
|t:|1743935964
|move|p2a: Hawlucha|Swords Dance|p2a: Hawlucha
|-boost|p2a: Hawlucha|atk|2
|move|p1a: Glimmora|Power Gem|p2a: Hawlucha
|-damage|p2a: Hawlucha|64/100
|
|upkeep
|turn|24
|
|t:|1743935968
|move|p2a: Hawlucha|Close Combat|p1a: Glimmora
|-damage|p1a: Glimmora|12/100
|-unboost|p2a: Hawlucha|def|1
|-unboost|p2a: Hawlucha|spd|1
|-activate|p1a: Glimmora|ability: Toxic Debris
|-sidestart|p2: Jebus1989_|move: Toxic Spikes
|-enditem|p1a: Glimmora|Red Card|[of] p2a: Hawlucha
|drag|p2a: Great Tusk|Great Tusk|35/100
|move|p1a: Glimmora|Mortal Spin|p2a: Great Tusk
|-resisted|p2a: Great Tusk
|-damage|p2a: Great Tusk|34/100
|-damage|p1a: Glimmora|0 fnt|[from] item: Rocky Helmet|[of] p2a: Great Tusk
|faint|p1a: Glimmora
|
|upkeep
|
|t:|1743935980
|switch|p1a: Latias|Latias, F|100/100
|turn|25
|
|t:|1743935989
|move|p1a: Latias|Agility|p1a: Latias
|-boost|p1a: Latias|spe|2
|move|p2a: Great Tusk|Rapid Spin|p1a: Latias
|-damage|p1a: Latias|87/100
|-boost|p2a: Great Tusk|spe|1
|-sideend|p2: Jebus1989_|Toxic Spikes|[from] move: Rapid Spin|[of] p2a: Great Tusk
|
|-heal|p1a: Latias|93/100|[from] item: Leftovers
|upkeep
|turn|26
|
|t:|1743935994
|move|p1a: Latias|Calm Mind|p1a: Latias
|-boost|p1a: Latias|spa|1
|-boost|p1a: Latias|spd|1
|move|p2a: Great Tusk|Knock Off|p1a: Latias
|-supereffective|p1a: Latias
|-damage|p1a: Latias|39/100
|-enditem|p1a: Latias|Leftovers|[from] move: Knock Off|[of] p2a: Great Tusk
|
|-fieldend|Misty Terrain
|upkeep
|turn|27
|
|t:|1743935999
|-end|p2a: Great Tusk|Protosynthesis|[silent]
|switch|p2a: Weezing|Weezing-Galar, M, shiny|69/100
|-fieldstart|move: Misty Terrain|[from] ability: Misty Surge|[of] p2a: Weezing
|move|p1a: Latias|Draining Kiss|p2a: Weezing
|-resisted|p2a: Weezing
|-damage|p2a: Weezing|55/100
|-heal|p1a: Latias|48/100|[from] drain|[of] p2a: Weezing
|
|upkeep
|turn|28
|
|t:|1743936003
|move|p1a: Latias|Stored Power|p2a: Weezing
|-supereffective|p2a: Weezing
|-damage|p2a: Weezing|0 fnt
|faint|p2a: Weezing
|
|upkeep
|-message|Jebus1989_ forfeited.
|
|win|MY爱莉希雅SAMA
|raw|MY爱莉希雅SAMA's rating: 1582 &rarr; <strong>1610</strong><br />(+28 for winning)
|raw|Jebus1989_'s rating: 1735 &rarr; <strong>1707</strong><br />(-28 for losing)
|l|☆Jebus1989_
|player|p2|
|l|☆MY爱莉希雅SAMA
|player|p1|
|j|☆MY爱莉希雅SAMA
|player|p1|MY爱莉希雅SAMA|lacey|
|l|☆MY爱莉希雅SAMA
|player|p1|
