|j|☆AmaziahYT
|j|☆Lordterd
|t:|1743891131
|gametype|singles
|player|p1|AmaziahYT|n|1130
|player|p2|Lordterd|2|1070
|teamsize|p1|6
|teamsize|p2|6
|gen|9
|tier|[Gen 9] OU
|rated|
|rule|HP Percentage Mod: HP is shown in percentages
|rule|Endless Battle Clause: Forcing endless battles is banned
|rule|Species Clause: Limit one of each Pokémon
|rule|OHKO Clause: OHKO moves are banned
|rule|Evasion Items Clause: Evasion items are banned
|rule|Evasion Moves Clause: Evasion moves are banned
|rule|Sleep Moves Clause: Sleep-inducing moves are banned
|clearpoke
|poke|p1|Alomomola, M|
|poke|p1|Ribombee, M|
|poke|p1|Iron Treads|
|poke|p1|Ogerpon-Wellspring, F|
|poke|p1|Zapdos|
|poke|p1|Dragapult, M|
|poke|p2|Thundurus, M|
|poke|p2|Ting-Lu|
|poke|p2|Gholdengo|
|poke|p2|Moltres-Galar|
|poke|p2|Glimmora, F|
|poke|p2|Electrode-Hisui|
|teampreview
|
|t:|1743891147
|start
|switch|p1a: Ogerpon|Ogerpon-Wellspring, F|100/100
|switch|p2a: Thundurus|Thundurus, M|100/100
|turn|1
|
|t:|1743891166
|move|p1a: Ogerpon|Spiky Shield|p1a: Ogerpon
|-singleturn|p1a: Ogerpon|move: Protect
|move|p2a: Thundurus|Thunder Wave|p1a: Ogerpon
|-activate|p1a: Ogerpon|move: Protect
|
|upkeep
|turn|2
|
|t:|1743891178
|switch|p1a: Iron Treads|Iron Treads|100/100
|-item|p1a: Iron Treads|Air Balloon
|move|p2a: Thundurus|Thunder Wave|p1a: Iron Treads
|-immune|p1a: Iron Treads
|
|upkeep
|turn|3
|
|t:|1743891186
|move|p1a: Iron Treads|Ice Spinner|p2a: Thundurus
|-supereffective|p2a: Thundurus
|-damage|p2a: Thundurus|27/100
|move|p2a: Thundurus|Grass Knot|p1a: Iron Treads
|-damage|p1a: Iron Treads|46/100
|-enditem|p1a: Iron Treads|Air Balloon
|
|upkeep
|turn|4
|
|t:|1743891197
|switch|p2a: Ting-Lu|Ting-Lu|100/100
|-ability|p2a: Ting-Lu|Vessel of Ruin
|move|p1a: Iron Treads|Ice Spinner|p2a: Ting-Lu
|-supereffective|p2a: Ting-Lu
|-damage|p2a: Ting-Lu|73/100
|-enditem|p2a: Ting-Lu|Red Card|[of] p1a: Iron Treads
|-end|p1a: Iron Treads|Quark Drive|[silent]
|drag|p1a: Alomomola|Alomomola, M|100/100
|
|upkeep
|turn|5
|
|t:|1743891214
|move|p1a: Alomomola|Wish|p1a: Alomomola
|move|p2a: Ting-Lu|Stealth Rock|p1a: Alomomola
|-sidestart|p1: AmaziahYT|move: Stealth Rock
|
|upkeep
|turn|6
|
|t:|1743891245
|move|p1a: Alomomola|Flip Turn|p2a: Ting-Lu
|-supereffective|p2a: Ting-Lu
|-damage|p2a: Ting-Lu|57/100
|
|t:|1743891250
|switch|p1a: Iron Treads|Iron Treads|46/100|[from] Flip Turn
|-damage|p1a: Iron Treads|43/100|[from] Stealth Rock
|move|p2a: Ting-Lu|Earthquake|p1a: Iron Treads
|-supereffective|p1a: Iron Treads
|-damage|p1a: Iron Treads|0 fnt
|faint|p1a: Iron Treads
|-end|p1a: Iron Treads|Quark Drive|[silent]
|
|upkeep
|
|t:|1743891264
|switch|p1a: Ogerpon|Ogerpon-Wellspring, F|100/100
|-damage|p1a: Ogerpon|88/100|[from] Stealth Rock
|turn|7
|
|t:|1743891277
|switch|p2a: Glimmora|Glimmora, F|100/100
|move|p1a: Ogerpon|U-turn|p2a: Glimmora
|-resisted|p2a: Glimmora
|-damage|p2a: Glimmora|89/100
|-activate|p2a: Glimmora|ability: Toxic Debris
|-sidestart|p1: AmaziahYT|move: Toxic Spikes
|-enditem|p2a: Glimmora|Red Card|[of] p1a: Ogerpon
|drag|p1a: Dragapult|Dragapult, M|100/100
|-damage|p1a: Dragapult|88/100|[from] Stealth Rock
|-status|p1a: Dragapult|psn
|
|-damage|p1a: Dragapult|76/100 psn|[from] psn
|upkeep
|turn|8
|
|t:|1743891292
|move|p2a: Glimmora|Protect|p2a: Glimmora
|-singleturn|p2a: Glimmora|Protect
|move|p1a: Dragapult|Thunderbolt|p2a: Glimmora
|-activate|p2a: Glimmora|move: Protect
|
|-damage|p1a: Dragapult|64/100 psn|[from] psn
|upkeep
|turn|9
|
|t:|1743891302
|switch|p2a: Ting-Lu|Ting-Lu|57/100
|-ability|p2a: Ting-Lu|Vessel of Ruin
|move|p1a: Dragapult|Thunderbolt|p2a: Ting-Lu
|-immune|p2a: Ting-Lu
|
|-damage|p1a: Dragapult|51/100 psn|[from] psn
|upkeep
|turn|10
|
|t:|1743891315
|switch|p1a: Ogerpon|Ogerpon-Wellspring, F|88/100
|-damage|p1a: Ogerpon|76/100|[from] Stealth Rock
|-status|p1a: Ogerpon|psn
|move|p2a: Ting-Lu|Lash Out|p1a: Ogerpon
|-damage|p1a: Ogerpon|32/100 psn
|
|-damage|p1a: Ogerpon|20/100 psn|[from] psn
|upkeep
|turn|11
|
|t:|1743891327
|switch|p2a: Glimmora|Glimmora, F|89/100
|move|p1a: Ogerpon|Ivy Cudgel|p2a: Glimmora|[anim] Ivy Cudgel Water
|-supereffective|p2a: Glimmora
|-damage|p2a: Glimmora|3/100
|-activate|p2a: Glimmora|ability: Toxic Debris
|-sidestart|p1: AmaziahYT|move: Toxic Spikes
|
|-damage|p1a: Ogerpon|7/100 psn|[from] psn
|upkeep
|turn|12
|
|t:|1743891338
|move|p2a: Glimmora|Protect|p2a: Glimmora
|-singleturn|p2a: Glimmora|Protect
|move|p1a: Ogerpon|U-turn|p2a: Glimmora
|-activate|p2a: Glimmora|move: Protect
|
|-damage|p1a: Ogerpon|0 fnt|[from] psn
|faint|p1a: Ogerpon
|upkeep
|inactive|Battle timer is ON: inactive players will automatically lose when time's up. (requested by Lordterd)
|
|t:|1743891350
|switch|p1a: Zapdos|Zapdos|100/100
|-damage|p1a: Zapdos|76/100|[from] Stealth Rock
|-ability|p1a: Zapdos|Pressure
|turn|13
|
|t:|1743891363
|move|p1a: Zapdos|Thunderbolt|p2a: Glimmora
|-damage|p2a: Glimmora|0 fnt
|faint|p2a: Glimmora
|
|upkeep
|
|t:|1743891377
|switch|p2a: Ting-Lu|Ting-Lu|57/100
|-ability|p2a: Ting-Lu|Vessel of Ruin
|turn|14
|
|t:|1743891385
|switch|p1a: Alomomola|Alomomola, M|100/100
|-damage|p1a: Alomomola|88/100|[from] Stealth Rock
|-status|p1a: Alomomola|tox
|move|p2a: Ting-Lu|Body Press|p1a: Alomomola
|-damage|p1a: Alomomola|65/100 tox
|
|-damage|p1a: Alomomola|59/100 tox|[from] psn
|upkeep
|turn|15
|inactive|Lordterd has 120 seconds left.
|
|t:|1743891416
|switch|p2a: Electrode|Electrode-Hisui|100/100
|move|p1a: Alomomola|Wish|p1a: Alomomola
|
|-damage|p1a: Alomomola|47/100 tox|[from] psn
|upkeep
|turn|16
|inactive|Lordterd has 120 seconds left.
|
|t:|1743891429
|switch|p1a: Dragapult|Dragapult, M|51/100 psn
|-damage|p1a: Dragapult|39/100 psn|[from] Stealth Rock
|move|p2a: Electrode|Leech Seed|p1a: Dragapult
|-start|p1a: Dragapult|move: Leech Seed
|
|-heal|p1a: Dragapult|100/100 psn|[from] move: Wish|[wisher] Alomomola
|-damage|p1a: Dragapult|88/100 psn|[from] Leech Seed|[of] p2a: Electrode
|-damage|p1a: Dragapult|76/100 psn|[from] psn
|upkeep
|turn|17
|inactive|Lordterd has 120 seconds left.
|
|t:|1743891441
|move|p2a: Electrode|Protect|p2a: Electrode
|-singleturn|p2a: Electrode|Protect
|move|p1a: Dragapult|Draco Meteor|p2a: Electrode
|-activate|p2a: Electrode|move: Protect
|
|-damage|p1a: Dragapult|64/100 psn|[from] Leech Seed|[of] p2a: Electrode
|-damage|p1a: Dragapult|51/100 psn|[from] psn
|upkeep
|turn|18
|inactive|Lordterd has 120 seconds left.
|
|t:|1743891453
|switch|p2a: Moltres|Moltres-Galar|100/100
|move|p1a: Dragapult|Draco Meteor|p2a: Moltres
|-damage|p2a: Moltres|58/100
|-unboost|p1a: Dragapult|spa|2
|
|-damage|p1a: Dragapult|39/100 psn|[from] Leech Seed|[of] p2a: Moltres
|-heal|p2a: Moltres|70/100|[silent]
|-damage|p1a: Dragapult|27/100 psn|[from] psn
|upkeep
|turn|19
|inactive|Lordterd has 120 seconds left.
|
|t:|1743891468
|switch|p1a: Alomomola|Alomomola, M|80/100 tox
|-damage|p1a: Alomomola|68/100 tox|[from] Stealth Rock
|move|p2a: Moltres|Sucker Punch||[still]
|-fail|p2a: Moltres
|
|-damage|p1a: Alomomola|62/100 tox|[from] psn
|upkeep
|turn|20
|inactive|Lordterd has 120 seconds left.
|
|t:|1743891480
|move|p1a: Alomomola|Wish|p1a: Alomomola
|move|p2a: Moltres|Hex|p1a: Alomomola
|-damage|p1a: Alomomola|13/100 tox
|
|-damage|p1a: Alomomola|1/100 tox|[from] psn
|upkeep
|turn|21
|inactive|Lordterd has 120 seconds left.
|
|t:|1743891495
|switch|p1a: Zapdos|Zapdos|76/100
|-damage|p1a: Zapdos|51/100|[from] Stealth Rock
|-ability|p1a: Zapdos|Pressure
|move|p2a: Moltres|Fiery Wrath|p1a: Zapdos
|-damage|p1a: Zapdos|4/100
|
|-heal|p1a: Zapdos|87/100|[from] move: Wish|[wisher] Alomomola
|upkeep
|turn|22
|inactive|Lordterd has 120 seconds left.
|
|t:|1743891513
|switch|p2a: Ting-Lu|Ting-Lu|57/100
|-ability|p2a: Ting-Lu|Vessel of Ruin
|move|p1a: Zapdos|Hurricane|p2a: Ting-Lu
|-damage|p2a: Ting-Lu|0 fnt
|faint|p2a: Ting-Lu
|
|upkeep
|inactive|Lordterd has 120 seconds left.
|
|t:|1743891537
|switch|p2a: Moltres|Moltres-Galar|70/100
|turn|23
|
|t:|1743891545
|switch|p1a: Alomomola|Alomomola, M|34/100 tox
|-damage|p1a: Alomomola|22/100 tox|[from] Stealth Rock
|move|p2a: Moltres|Fiery Wrath|p1a: Alomomola
|-damage|p1a: Alomomola|0 fnt
|faint|p1a: Alomomola
|
|upkeep
|
|t:|1743891556
|switch|p1a: Dragapult|Dragapult, M|27/100 psn
|-damage|p1a: Dragapult|14/100 psn|[from] Stealth Rock
|turn|24
|inactive|Lordterd has 120 seconds left.
|
|t:|1743891566
|-terastallize|p1a: Dragapult|Fighting
|-terastallize|p2a: Moltres|Fairy
|move|p2a: Moltres|Sucker Punch|p1a: Dragapult
|-resisted|p1a: Dragapult
|-damage|p1a: Dragapult|0 fnt
|faint|p1a: Dragapult
|
|upkeep
|
|t:|1743891575
|switch|p1a: Ribombee|Ribombee, M|100/100
|-damage|p1a: Ribombee|76/100|[from] Stealth Rock
|-status|p1a: Ribombee|tox
|turn|25
|
|t:|1743891584
|move|p1a: Ribombee|Moonblast|p2a: Moltres
|-damage|p2a: Moltres|52/100
|move|p2a: Moltres|Hex|p1a: Ribombee
|-crit|p1a: Ribombee
|-damage|p1a: Ribombee|0 fnt
|faint|p1a: Ribombee
|
|upkeep
|-message|AmaziahYT forfeited.
|
|win|Lordterd
|raw|AmaziahYT's rating: 1130 &rarr; <strong>1101</strong><br />(-29 for losing)
|raw|Lordterd's rating: 1070 &rarr; <strong>1105</strong><br />(+35 for winning)
|l|☆AmaziahYT
|player|p1|
