|j|☆RankedKingMo
|j|☆A9MG
|t:|1743886756
|gametype|singles
|player|p1|RankedKingMo|265|1381
|player|p2|A9MG|nurseryaide|1380
|teamsize|p1|6
|teamsize|p2|6
|gen|9
|tier|[Gen 9] OU
|rated|
|rule|HP Percentage Mod: HP is shown in percentages
|rule|Endless Battle Clause: Forcing endless battles is banned
|rule|Species Clause: Limit one of each Pokémon
|rule|OHKO Clause: OHKO moves are banned
|rule|Evasion Items Clause: Evasion items are banned
|rule|Evasion Moves Clause: Evasion moves are banned
|rule|Sleep Moves Clause: Sleep-inducing moves are banned
|clearpoke
|poke|p1|Alomomola, F|
|poke|p1|Lokix, F|
|poke|p1|Hatterene, F|
|poke|p1|Landorus-Therian, M|
|poke|p1|Kyurem|
|poke|p1|Cinderace, F|
|poke|p2|Azumarill, M|
|poke|p2|Great Tusk|
|poke|p2|Iron Moth|
|poke|p2|Iron Valiant|
|poke|p2|Landorus-Therian, M|
|poke|p2|Zarude|
|teampreview
|inactive|Battle timer is ON: inactive players will automatically lose when time's up. (requested by A9MG)
|
|t:|1743886774
|start
|switch|p1a: Bellingham|Cinderace, F, shiny|100/100
|switch|p2a: Zarude|Zarude|100/100
|turn|1
|
|t:|1743886782
|move|p1a: Bellingham|Pyro Ball|p2a: Zarude|[miss]
|-miss|p1a: Bellingham|p2a: Zarude
|move|p2a: Zarude|Knock Off|p1a: Bellingham
|-damage|p1a: Bellingham|22/100
|-enditem|p1a: Bellingham|Heavy-Duty Boots|[from] move: Knock Off|[of] p2a: Zarude
|
|upkeep
|turn|2
|
|t:|1743886805
|move|p1a: Bellingham|Pyro Ball|p2a: Zarude
|-supereffective|p2a: Zarude
|-damage|p2a: Zarude|14/100
|move|p2a: Zarude|Crunch|p1a: Bellingham
|-damage|p1a: Bellingham|0 fnt
|faint|p1a: Bellingham
|
|upkeep
|
|t:|1743886814
|switch|p1a: Zak|Landorus-Therian, M, shiny|100/100
|-ability|p1a: Zak|Intimidate|boost
|-unboost|p2a: Zarude|atk|1
|turn|3
|
|t:|1743886820
|switch|p2a: Great Tusk|Great Tusk|100/100
|-enditem|p2a: Great Tusk|Booster Energy
|-activate|p2a: Great Tusk|ability: Protosynthesis|[fromitem]
|-start|p2a: Great Tusk|protosynthesisspe
|move|p1a: Zak|U-turn|p2a: Great Tusk
|-resisted|p2a: Great Tusk
|-damage|p2a: Great Tusk|94/100
|
|t:|1743886841
|switch|p1a: Craig|Kyurem, shiny|100/100|[from] U-turn
|-ability|p1a: Craig|Pressure
|
|upkeep
|turn|4
|
|t:|1743886848
|-terastallize|p1a: Craig|Ground
|move|p2a: Great Tusk|Knock Off|p1a: Craig
|-damage|p1a: Craig|76/100
|-enditem|p1a: Craig|Leftovers|[from] move: Knock Off|[of] p2a: Great Tusk
|move|p1a: Craig|Freeze-Dry|p2a: Great Tusk
|-supereffective|p2a: Great Tusk
|-damage|p2a: Great Tusk|0 fnt
|faint|p2a: Great Tusk
|-end|p2a: Great Tusk|Protosynthesis|[silent]
|
|upkeep
|
|t:|1743886860
|switch|p2a: Azumarill|Azumarill, M|100/100
|turn|5
|
|t:|1743886884
|switch|p2a: Zarude|Zarude|14/100
|move|p1a: Craig|Freeze-Dry|p2a: Zarude
|-supereffective|p2a: Zarude
|-damage|p2a: Zarude|0 fnt
|faint|p2a: Zarude
|
|upkeep
|
|t:|1743886891
|switch|p2a: Azumarill|Azumarill, M|100/100
|turn|6
|
|t:|1743886896
|-terastallize|p2a: Azumarill|Steel
|move|p1a: Craig|Freeze-Dry|p2a: Azumarill
|-resisted|p2a: Azumarill
|-damage|p2a: Azumarill|77/100
|move|p2a: Azumarill|Liquidation|p1a: Craig
|-supereffective|p1a: Craig
|-damage|p1a: Craig|0 fnt
|faint|p1a: Craig
|
|upkeep
|
|t:|1743886908
|switch|p1a: Pink|Hatterene, F, shiny|100/100
|turn|7
|
|t:|1743886918
|switch|p2a: Iron Moth|Iron Moth|100/100
|-enditem|p2a: Iron Moth|Booster Energy
|-activate|p2a: Iron Moth|ability: Quark Drive|[fromitem]
|-start|p2a: Iron Moth|quarkdrivespe
|move|p1a: Pink|Nuzzle|p2a: Iron Moth
|-damage|p2a: Iron Moth|95/100
|-status|p2a: Iron Moth|par
|
|upkeep
|turn|8
|
|t:|1743886928
|switch|p1a: Zak|Landorus-Therian, M, shiny|100/100
|-ability|p1a: Zak|Intimidate|boost
|-unboost|p2a: Iron Moth|atk|1
|cant|p2a: Iron Moth|par
|
|upkeep
|turn|9
|
|t:|1743886937
|move|p1a: Zak|Taunt|p2a: Iron Moth
|-start|p2a: Iron Moth|move: Taunt
|cant|p2a: Iron Moth|par
|
|upkeep
|turn|10
|
|t:|1743886944
|-end|p2a: Iron Moth|Quark Drive|[silent]
|switch|p2a: Landorus|Landorus-Therian, M|100/100
|-ability|p2a: Landorus|Intimidate|boost
|-unboost|p1a: Zak|atk|1
|move|p1a: Zak|Stealth Rock|p2a: Landorus
|-sidestart|p2: A9MG|move: Stealth Rock
|
|upkeep
|turn|11
|
|t:|1743886954
|switch|p1a: Pink|Hatterene, F, shiny|100/100
|move|p2a: Landorus|Earth Power|p1a: Pink
|-damage|p1a: Pink|79/100
|-unboost|p1a: Pink|spd|1
|
|upkeep
|turn|12
|
|t:|1743886965
|move|p2a: Landorus|Stealth Rock|p1a: Pink
|move|p1a: Pink|Stealth Rock||[from] ability: Magic Bounce|[still]
|-fail|p1a: Pink
|move|p1a: Pink|Draining Kiss|p2a: Landorus
|-damage|p2a: Landorus|71/100
|-heal|p1a: Pink|100/100|[from] drain|[of] p2a: Landorus
|-damage|p1a: Pink|84/100|[from] item: Rocky Helmet|[of] p2a: Landorus
|
|upkeep
|turn|13
|
|t:|1743886976
|move|p2a: Landorus|Stealth Rock|p1a: Pink
|move|p1a: Pink|Stealth Rock||[from] ability: Magic Bounce|[still]
|-fail|p1a: Pink
|move|p1a: Pink|Psyshock|p2a: Landorus
|-damage|p2a: Landorus|27/100
|
|upkeep
|turn|14
|
|t:|1743886984
|move|p2a: Landorus|Earth Power|p1a: Pink
|-damage|p1a: Pink|51/100
|move|p1a: Pink|Psyshock|p2a: Landorus
|-damage|p2a: Landorus|0 fnt
|faint|p2a: Landorus
|
|upkeep
|
|t:|1743886991
|switch|p2a: Azumarill|Azumarill, M, tera:Steel|77/100
|-damage|p2a: Azumarill|71/100|[from] Stealth Rock
|turn|15
|
|t:|1743886997
|move|p2a: Azumarill|Liquidation|p1a: Pink
|-damage|p1a: Pink|0 fnt
|faint|p1a: Pink
|
|upkeep
|
|t:|1743887005
|switch|p1a: Schedule 1|Alomomola, F, shiny|100/100
|turn|16
|
|t:|1743887009
|move|p2a: Azumarill|Liquidation|p1a: Schedule 1
|-resisted|p1a: Schedule 1
|-damage|p1a: Schedule 1|76/100
|-enditem|p1a: Schedule 1|Eject Button
|
|t:|1743887015
|switch|p1a: Roach|Lokix, F, shiny|100/100
|
|upkeep
|turn|17
|
|t:|1743887019
|move|p1a: Roach|U-turn|p2a: Azumarill
|-resisted|p2a: Azumarill
|-crit|p2a: Azumarill
|-damage|p2a: Azumarill|0 fnt
|faint|p2a: Azumarill
|
|t:|1743887023
|switch|p1a: Schedule 1|Alomomola, F, shiny|100/100|[from] U-turn
|
|upkeep
|
|t:|1743887028
|switch|p2a: Iron Valiant|Iron Valiant|100/100
|-damage|p2a: Iron Valiant|94/100|[from] Stealth Rock
|turn|18
|
|t:|1743887033
|move|p2a: Iron Valiant|Moonblast|p1a: Schedule 1
|-damage|p1a: Schedule 1|32/100
|-unboost|p1a: Schedule 1|spa|1
|move|p1a: Schedule 1|Tickle|p2a: Iron Valiant
|-unboost|p2a: Iron Valiant|atk|1
|-unboost|p2a: Iron Valiant|def|1
|
|upkeep
|turn|19
|
|t:|1743887041
|move|p2a: Iron Valiant|Moonblast|p1a: Schedule 1
|-damage|p1a: Schedule 1|0 fnt
|faint|p1a: Schedule 1
|
|upkeep
|
|t:|1743887043
|switch|p1a: Zak|Landorus-Therian, M, shiny|100/100
|-ability|p1a: Zak|Intimidate|boost
|-unboost|p2a: Iron Valiant|atk|1
|turn|20
|
|t:|1743887051
|move|p2a: Iron Valiant|Moonblast|p1a: Zak
|-damage|p1a: Zak|8/100
|move|p1a: Zak|Earthquake|p2a: Iron Valiant
|-damage|p2a: Iron Valiant|8/100
|
|upkeep
|turn|21
|
|t:|1743887066
|move|p2a: Iron Valiant|Moonblast|p1a: Zak
|-damage|p1a: Zak|0 fnt
|faint|p1a: Zak
|
|upkeep
|
|t:|1743887068
|switch|p1a: Roach|Lokix, F, shiny|100/100
|turn|22
|
|t:|1743887085
|move|p2a: Iron Valiant|Moonblast|p1a: Roach
|-supereffective|p1a: Roach
|-damage|p1a: Roach|0 fnt
|faint|p1a: Roach
|
|win|A9MG
|raw|RankedKingMo's rating: 1381 &rarr; <strong>1361</strong><br />(-20 for losing)
|raw|A9MG's rating: 1380 &rarr; <strong>1400</strong><br />(+20 for winning)
|l|☆RankedKingMo
|player|p1|
|c|☆A9MG|gg
|l|☆A9MG
|player|p2|
