|j|☆IBBXEF
|j|☆doodew124
|t:|1743840541
|gametype|singles
|player|p1|IBBXEF|scientist-gen4|1179
|player|p2|doodew124|170|1187
|teamsize|p1|6
|teamsize|p2|6
|gen|9
|tier|[Gen 9] OU
|rated|
|rule|HP Percentage Mod: HP is shown in percentages
|rule|Endless Battle Clause: Forcing endless battles is banned
|rule|Species Clause: Limit one of each Pokémon
|rule|OHKO Clause: OHKO moves are banned
|rule|Evasion Items Clause: Evasion items are banned
|rule|Evasion Moves Clause: Evasion moves are banned
|rule|Sleep Moves Clause: Sleep-inducing moves are banned
|clearpoke
|poke|p1|Comfey, M|
|poke|p1|Ninetales-Alola, M|
|poke|p1|Moltres-Galar|
|poke|p1|Pelipper, M|
|poke|p1|Sandslash-Alola, M|
|poke|p1|Tornadus-Therian, M|
|poke|p2|Clefable, M|
|poke|p2|Dragapult, M|
|poke|p2|Zapdos|
|poke|p2|Blastoise, F|
|poke|p2|Regirock|
|poke|p2|Weavile, F|
|teampreview
|inactive|Battle timer is ON: inactive players will automatically lose when time's up. (requested by IBBXEF)
|
|t:|1743840568
|start
|switch|p1a: Ninetales|Ninetales-Alola, M|100/100
|switch|p2a: Zapdos|Zapdos|100/100
|-weather|Snowscape|[from] ability: Snow Warning|[of] p1a: Ninetales
|-ability|p2a: Zapdos|Pressure
|turn|1
|
|t:|1743840579
|move|p1a: Ninetales|Aurora Veil|p1a: Ninetales
|-sidestart|p1: IBBXEF|move: Aurora Veil
|move|p2a: Zapdos|Heat Wave|p1a: Ninetales
|-supereffective|p1a: Ninetales
|-damage|p1a: Ninetales|67/100
|-status|p1a: Ninetales|brn
|
|-weather|Snowscape|[upkeep]
|-damage|p1a: Ninetales|61/100 brn|[from] brn
|upkeep
|turn|2
|
|t:|1743840591
|switch|p1a: Pelipper|Pelipper, M|100/100
|-weather|RainDance|[from] ability: Drizzle|[of] p1a: Pelipper
|switch|p2a: Weavile|Weavile, F|100/100
|-ability|p2a: Weavile|Pressure
|
|-weather|RainDance|[upkeep]
|upkeep
|turn|3
|
|t:|1743840607
|move|p2a: Weavile|Taunt|p1a: Pelipper
|-start|p1a: Pelipper|move: Taunt
|move|p1a: Pelipper|Knock Off|p2a: Weavile
|-resisted|p2a: Weavile
|-damage|p2a: Weavile|92/100
|-damage|p1a: Pelipper|84/100|[from] item: Rocky Helmet|[of] p2a: Weavile
|-enditem|p2a: Weavile|Rocky Helmet|[from] move: Knock Off|[of] p1a: Pelipper
|
|-weather|RainDance|[upkeep]
|upkeep
|turn|4
|
|t:|1743840623
|switch|p1a: Comfey|Comfey, M|100/100
|move|p2a: Weavile|Poison Jab|p1a: Comfey
|-supereffective|p1a: Comfey
|-damage|p1a: Comfey|67/100
|-status|p1a: Comfey|psn
|
|-weather|RainDance|[upkeep]
|-damage|p1a: Comfey|54/100 psn|[from] psn
|upkeep
|turn|5
|
|t:|1743840643
|switch|p2a: Regirock|Regirock|100/100
|move|p1a: Comfey|Draining Kiss|p2a: Regirock
|-damage|p2a: Regirock|82/100
|-heal|p1a: Comfey|74/100 psn|[from] drain|[of] p2a: Regirock
|
|-weather|RainDance|[upkeep]
|-damage|p1a: Comfey|61/100 psn|[from] psn
|upkeep
|turn|6
|
|t:|1743840655
|move|p1a: Comfey|Giga Drain|p2a: Regirock
|-supereffective|p2a: Regirock
|-damage|p2a: Regirock|45/100
|-heal|p1a: Comfey|88/100 psn|[from] drain|[of] p2a: Regirock
|move|p2a: Regirock|Iron Head|p1a: Comfey
|-supereffective|p1a: Comfey
|-damage|p1a: Comfey|60/100 psn
|
|-weather|RainDance|[upkeep]
|-damage|p1a: Comfey|48/100 psn|[from] psn
|upkeep
|turn|7
|
|t:|1743840668
|switch|p2a: Zapdos|Zapdos|100/100
|-ability|p2a: Zapdos|Pressure
|move|p1a: Comfey|Giga Drain|p2a: Zapdos
|-resisted|p2a: Zapdos
|-damage|p2a: Zapdos|90/100
|-heal|p1a: Comfey|55/100 psn|[from] drain|[of] p2a: Zapdos
|
|-weather|RainDance|[upkeep]
|-damage|p1a: Comfey|43/100 psn|[from] psn
|upkeep
|turn|8
|
|t:|1743840681
|move|p2a: Zapdos|Agility|p2a: Zapdos
|-boost|p2a: Zapdos|spe|2
|move|p1a: Comfey|Leech Seed|p2a: Zapdos
|-start|p2a: Zapdos|move: Leech Seed
|
|-weather|RainDance|[upkeep]
|-damage|p2a: Zapdos|78/100|[from] Leech Seed|[of] p1a: Comfey
|-heal|p1a: Comfey|60/100 psn|[silent]
|-damage|p1a: Comfey|48/100 psn|[from] psn
|-sideend|p1: IBBXEF|move: Aurora Veil
|upkeep
|turn|9
|
|t:|1743840699
|move|p1a: Comfey|Draining Kiss|p2a: Zapdos
|-damage|p2a: Zapdos|56/100
|-heal|p1a: Comfey|71/100 psn|[from] drain|[of] p2a: Zapdos
|move|p2a: Zapdos|Thunderbolt|p1a: Comfey
|-damage|p1a: Comfey|30/100 psn
|
|-weather|none
|-damage|p2a: Zapdos|44/100|[from] Leech Seed|[of] p1a: Comfey
|-heal|p1a: Comfey|47/100 psn|[silent]
|-damage|p1a: Comfey|34/100 psn|[from] psn
|upkeep
|turn|10
|inactive|IBBXEF has 120 seconds left.
|
|t:|1743840730
|move|p1a: Comfey|Draining Kiss|p2a: Zapdos
|-damage|p2a: Zapdos|21/100
|-heal|p1a: Comfey|60/100 psn|[from] drain|[of] p2a: Zapdos
|move|p2a: Zapdos|Roost|p2a: Zapdos
|-heal|p2a: Zapdos|71/100
|-singleturn|p2a: Zapdos|move: Roost
|
|-damage|p2a: Zapdos|59/100|[from] Leech Seed|[of] p1a: Comfey
|-heal|p1a: Comfey|77/100 psn|[silent]
|-damage|p1a: Comfey|65/100 psn|[from] psn
|upkeep
|turn|11
|
|t:|1743840742
|move|p1a: Comfey|Draining Kiss|p2a: Zapdos
|-damage|p2a: Zapdos|36/100
|-heal|p1a: Comfey|89/100 psn|[from] drain|[of] p2a: Zapdos
|move|p2a: Zapdos|Thunderbolt|p1a: Comfey
|-damage|p1a: Comfey|48/100 psn
|
|-damage|p2a: Zapdos|24/100|[from] Leech Seed|[of] p1a: Comfey
|-heal|p1a: Comfey|66/100 psn|[silent]
|-damage|p1a: Comfey|53/100 psn|[from] psn
|upkeep
|turn|12
|
|t:|1743840755
|switch|p2a: Blastoise|Blastoise, F|100/100
|move|p1a: Comfey|Draining Kiss|p2a: Blastoise
|-damage|p2a: Blastoise|81/100
|-heal|p1a: Comfey|73/100 psn|[from] drain|[of] p2a: Blastoise
|
|-damage|p1a: Comfey|61/100 psn|[from] psn
|upkeep
|turn|13
|
|t:|1743840765
|move|p1a: Comfey|Giga Drain|p2a: Blastoise
|-supereffective|p2a: Blastoise
|-damage|p2a: Blastoise|34/100
|-heal|p1a: Comfey|93/100 psn|[from] drain|[of] p2a: Blastoise
|move|p2a: Blastoise|Wave Crash|p1a: Comfey
|-damage|p1a: Comfey|1/100 psn
|-damage|p2a: Blastoise|5/100|[from] Recoil
|
|-damage|p1a: Comfey|0 fnt|[from] psn
|faint|p1a: Comfey
|upkeep
|
|t:|1743840789
|switch|p1a: Sandslash|Sandslash-Alola, M|100/100
|turn|14
|
|t:|1743840796
|move|p2a: Blastoise|Rapid Spin|p1a: Sandslash
|-resisted|p1a: Sandslash
|-damage|p1a: Sandslash|95/100
|-boost|p2a: Blastoise|spe|1
|-damage|p2a: Blastoise|0 fnt|[from] item: Rocky Helmet|[of] p1a: Sandslash
|faint|p2a: Blastoise
|move|p1a: Sandslash|Rapid Spin|p2: Blastoise|[notarget]
|-fail|p1a: Sandslash
|
|upkeep
|
|t:|1743840806
|switch|p2a: Dragapult|Dragapult, M|100/100
|turn|15
|
|t:|1743840812
|move|p2a: Dragapult|Fire Blast|p1a: Sandslash
|-supereffective|p1a: Sandslash
|-damage|p1a: Sandslash|0 fnt
|faint|p1a: Sandslash
|
|upkeep
|
|t:|1743840819
|switch|p1a: Moltres|Moltres-Galar|100/100
|turn|16
|
|t:|1743840826
|switch|p2a: Weavile|Weavile, F|92/100
|-ability|p2a: Weavile|Pressure
|move|p1a: Moltres|Agility|p1a: Moltres
|-boost|p1a: Moltres|spe|2
|
|upkeep
|turn|17
|inactive|IBBXEF has 120 seconds left.
|
|t:|1743840836
|switch|p1a: Pelipper|Pelipper, M|84/100
|-weather|RainDance|[from] ability: Drizzle|[of] p1a: Pelipper
|move|p2a: Weavile|Ice Spinner|p1a: Pelipper
|-damage|p1a: Pelipper|38/100
|
|-weather|RainDance|[upkeep]
|upkeep
|turn|18
|inactive|IBBXEF has 120 seconds left.
|
|t:|1743840849
|move|p2a: Weavile|Ice Spinner|p1a: Pelipper
|-damage|p1a: Pelipper|0 fnt
|faint|p1a: Pelipper
|
|-weather|RainDance|[upkeep]
|upkeep
|
|t:|1743840858
|switch|p1a: Moltres|Moltres-Galar|100/100
|turn|19
|inactive|IBBXEF has 120 seconds left.
|
|t:|1743840868
|move|p2a: Weavile|Ice Spinner|p1a: Moltres
|-supereffective|p1a: Moltres
|-damage|p1a: Moltres|13/100
|-enditem|p1a: Moltres|Weakness Policy
|-boost|p1a: Moltres|atk|2|[from] item: Weakness Policy
|-boost|p1a: Moltres|spa|2|[from] item: Weakness Policy
|-ability|p1a: Moltres|Berserk|boost
|-boost|p1a: Moltres|spa|1
|move|p1a: Moltres|Nasty Plot|p1a: Moltres
|-boost|p1a: Moltres|spa|2
|
|-weather|RainDance|[upkeep]
|upkeep
|turn|20
|inactive|IBBXEF has 120 seconds left.
|
|t:|1743840880
|move|p2a: Weavile|Poison Jab|p1a: Moltres
|-damage|p1a: Moltres|0 fnt
|faint|p1a: Moltres
|
|-weather|RainDance|[upkeep]
|upkeep
|inactive|IBBXEF has 120 seconds left.
|
|t:|1743840887
|switch|p1a: Ninetales|Ninetales-Alola, M|61/100 brn
|-weather|Snowscape|[from] ability: Snow Warning|[of] p1a: Ninetales
|turn|21
|
|t:|1743840895
|move|p1a: Ninetales|Encore|p2a: Weavile
|-start|p2a: Weavile|Encore
|move|p2a: Weavile|Poison Jab|p1a: Ninetales
|-supereffective|p1a: Ninetales
|-damage|p1a: Ninetales|17/100 brn
|
|-weather|Snowscape|[upkeep]
|-damage|p1a: Ninetales|11/100 brn|[from] brn
|upkeep
|turn|22
|
|t:|1743840908
|move|p1a: Ninetales|Disable|p2a: Weavile
|-start|p2a: Weavile|Disable|Poison Jab
|cant|p2a: Weavile|Disable|Poison Jab
|
|-weather|Snowscape|[upkeep]
|-damage|p1a: Ninetales|5/100 brn|[from] brn
|upkeep
|turn|23
|
|t:|1743840917
|switch|p2a: Zapdos|Zapdos|24/100
|-ability|p2a: Zapdos|Pressure
|move|p1a: Ninetales|Aurora Veil|p1a: Ninetales
|-sidestart|p1: IBBXEF|move: Aurora Veil
|
|-weather|Snowscape|[upkeep]
|-damage|p1a: Ninetales|0 fnt|[from] brn
|faint|p1a: Ninetales
|upkeep
|
|t:|1743840926
|switch|p1a: Tornadus|Tornadus-Therian, M|100/100
|turn|24
|
|t:|1743840946
|move|p1a: Tornadus|Bleakwind Storm|p2a: Zapdos
|-resisted|p2a: Zapdos
|-damage|p2a: Zapdos|0 fnt
|faint|p2a: Zapdos
|
|-weather|Snowscape|[upkeep]
|upkeep
|
|t:|1743840954
|switch|p2a: Regirock|Regirock|45/100
|turn|25
|
|t:|1743840959
|-terastallize|p1a: Tornadus|Flying
|move|p1a: Tornadus|Bleakwind Storm|p2a: Regirock
|-resisted|p2a: Regirock
|-damage|p2a: Regirock|15/100
|move|p2a: Regirock|Rock Slide|p1a: Tornadus|[miss]
|-miss|p2a: Regirock|p1a: Tornadus
|
|-weather|none
|upkeep
|turn|26
|
|t:|1743840970
|move|p1a: Tornadus|Bleakwind Storm|p2a: Regirock
|-resisted|p2a: Regirock
|-damage|p2a: Regirock|0 fnt
|faint|p2a: Regirock
|
|upkeep
|
|t:|1743840979
|switch|p2a: Dragapult|Dragapult, M|100/100
|turn|27
|
|t:|1743840985
|move|p2a: Dragapult|Dragon Pulse|p1a: Tornadus
|-damage|p1a: Tornadus|64/100
|move|p1a: Tornadus|Bleakwind Storm|p2a: Dragapult
|-damage|p2a: Dragapult|25/100
|
|upkeep
|turn|28
|
|t:|1743840997
|move|p2a: Dragapult|Dragon Pulse|p1a: Tornadus
|-damage|p1a: Tornadus|29/100
|move|p1a: Tornadus|Bleakwind Storm|p2a: Dragapult
|-damage|p2a: Dragapult|0 fnt
|faint|p2a: Dragapult
|
|upkeep
|
|t:|1743841005
|switch|p2a: Weavile|Weavile, F|92/100
|-ability|p2a: Weavile|Pressure
|turn|29
|
|t:|1743841010
|move|p1a: Tornadus|Bleakwind Storm|p2a: Weavile
|-crit|p2a: Weavile
|-damage|p2a: Weavile|0 fnt
|faint|p2a: Weavile
|
|upkeep
|
|t:|1743841016
|switch|p2a: Clefable|Clefable, M|100/100
|turn|30
|
|t:|1743841019
|move|p2a: Clefable|Moonblast|p1a: Tornadus
|-damage|p1a: Tornadus|10/100
|-unboost|p1a: Tornadus|spa|1
|move|p1a: Tornadus|Bleakwind Storm|p2a: Clefable
|-damage|p2a: Clefable|59/100
|-unboost|p2a: Clefable|spe|1
|
|-sideend|p1: IBBXEF|move: Aurora Veil
|upkeep
|turn|31
|
|t:|1743841030
|move|p1a: Tornadus|Bleakwind Storm|p2a: Clefable
|-damage|p2a: Clefable|18/100
|move|p2a: Clefable|Moonblast|p1a: Tornadus
|-crit|p1a: Tornadus
|-damage|p1a: Tornadus|0 fnt
|faint|p1a: Tornadus
|
|win|doodew124
|raw|IBBXEF's rating: 1179 &rarr; <strong>1155</strong><br />(-24 for losing)
|raw|doodew124's rating: 1187 &rarr; <strong>1211</strong><br />(+24 for winning)
|l|☆IBBXEF
|player|p1|
|l|☆doodew124
|player|p2|
