|badge|p1|bronze|gen9ou|100-5
|uhtml|medal-msg|<div class="broadcast-blue">Curious what those medals under the avatar are? PS now has Ladder Seasons! For more information, check out the <a href="https://www.smogon.com/forums/threads/3740067/">thread on Smogon.</a></div>
|badge|p2|silver|gen9ou|30-5
|uhtml|medal-msg|<div class="broadcast-blue">Curious what those medals under the avatar are? PS now has Ladder Seasons! For more information, check out the <a href="https://www.smogon.com/forums/threads/3740067/">thread on Smogon.</a></div>
|j|☆elpets
|j|☆quinx of ladder
|t:|1743803926
|gametype|singles
|player|p1|elpets|infielder|1910
|player|p2|quinx of ladder|lenora|1947
|teamsize|p1|6
|teamsize|p2|6
|gen|9
|tier|[Gen 9] OU
|rated|
|rule|HP Percentage Mod: HP is shown in percentages
|rule|Endless Battle Clause: Forcing endless battles is banned
|rule|Species Clause: Limit one of each Pokémon
|rule|OHKO Clause: OHKO moves are banned
|rule|Evasion Items Clause: Evasion items are banned
|rule|Evasion Moves Clause: Evasion moves are banned
|rule|Sleep Moves Clause: Sleep-inducing moves are banned
|clearpoke
|poke|p1|Hatterene, F|
|poke|p1|Dragonite, F|
|poke|p1|Breloom, F|
|poke|p1|Azumarill, F|
|poke|p1|Great Tusk|
|poke|p1|Skeledirge, M|
|poke|p2|Cinderace, M|
|poke|p2|Kyurem|
|poke|p2|Dragonite, F|
|poke|p2|Iron Treads|
|poke|p2|Iron Valiant|
|poke|p2|Polteageist|
|teampreview
|
|t:|1743803933
|start
|switch|p1a: Azumarill|Azumarill, F|100/100
|switch|p2a: Iron Treads|Iron Treads|100/100
|turn|1
|inactive|Battle timer is ON: inactive players will automatically lose when time's up. (requested by quinx of ladder)
|
|t:|1743803936
|move|p2a: Iron Treads|Stealth Rock|p1a: Azumarill
|-sidestart|p1: elpets|move: Stealth Rock
|move|p1a: Azumarill|Liquidation|p2a: Iron Treads
|-supereffective|p2a: Iron Treads
|-damage|p2a: Iron Treads|1/100
|
|upkeep
|turn|2
|
|t:|1743803940
|move|p1a: Azumarill|Aqua Jet|p2a: Iron Treads
|-supereffective|p2a: Iron Treads
|-damage|p2a: Iron Treads|0 fnt
|faint|p2a: Iron Treads
|-end|p2a: Iron Treads|Quark Drive|[silent]
|
|upkeep
|
|t:|1743803941
|switch|p2a: Cinderace|Cinderace, M|100/100
|turn|3
|
|t:|1743803945
|switch|p1a: Great Tusk|Great Tusk|100/100
|-damage|p1a: Great Tusk|98/100|[from] Stealth Rock
|-enditem|p1a: Great Tusk|Booster Energy
|-activate|p1a: Great Tusk|ability: Protosynthesis|[fromitem]
|-start|p1a: Great Tusk|protosynthesisatk
|move|p2a: Cinderace|Gunk Shot|p1a: Great Tusk|[miss]
|-start|p2a: Cinderace|typechange|Poison|[from] ability: Libero
|-miss|p2a: Cinderace|p1a: Great Tusk
|
|upkeep
|turn|4
|
|t:|1743803947
|switch|p2a: Polteageist|Polteageist|100/100
|move|p1a: Great Tusk|Headlong Rush|p2a: Polteageist
|-enditem|p2a: Polteageist|Focus Sash
|-damage|p2a: Polteageist|1/100
|-unboost|p1a: Great Tusk|def|1
|-unboost|p1a: Great Tusk|spd|1
|-ability|p2a: Polteageist|Weak Armor|boost
|-unboost|p2a: Polteageist|def|1
|-boost|p2a: Polteageist|spe|2
|
|upkeep
|turn|5
|j| AzovSTALL
|
|t:|1743803952
|-end|p1a: Great Tusk|Protosynthesis|[silent]
|switch|p1a: Azumarill|Azumarill, F|100/100
|-damage|p1a: Azumarill|88/100|[from] Stealth Rock
|move|p2a: Polteageist|Shadow Ball|p1a: Azumarill
|-damage|p1a: Azumarill|55/100
|
|upkeep
|turn|6
|
|t:|1743803959
|move|p2a: Polteageist|Shadow Ball|p1a: Azumarill
|-damage|p1a: Azumarill|22/100
|move|p1a: Azumarill|Play Rough|p2a: Polteageist
|-damage|p2a: Polteageist|0 fnt
|faint|p2a: Polteageist
|
|upkeep
|
|t:|1743803965
|switch|p2a: Kyurem|Kyurem|100/100
|-ability|p2a: Kyurem|Pressure
|turn|7
|
|t:|1743803966
|move|p2a: Kyurem|Icicle Spear|p1a: Azumarill
|-resisted|p1a: Azumarill
|-damage|p1a: Azumarill|15/100
|-resisted|p1a: Azumarill
|-damage|p1a: Azumarill|9/100
|-resisted|p1a: Azumarill
|-damage|p1a: Azumarill|2/100
|-resisted|p1a: Azumarill
|-damage|p1a: Azumarill|0 fnt
|faint|p1a: Azumarill
|-hitcount|p1: Azumarill|4
|
|upkeep
|
|t:|1743803968
|switch|p1a: Hatterene|Hatterene, F|100/100
|-damage|p1a: Hatterene|88/100|[from] Stealth Rock
|turn|8
|c| AzovSTALL|no sitrus berry??
|
|t:|1743803971
|-terastallize|p2a: Kyurem|Ground
|move|p2a: Kyurem|Dragon Dance|p2a: Kyurem
|-boost|p2a: Kyurem|atk|1
|-boost|p2a: Kyurem|spe|1
|move|p1a: Hatterene|Trick Room|p1a: Hatterene
|-fieldstart|move: Trick Room|[of] p1a: Hatterene
|
|-heal|p1a: Hatterene|94/100|[from] item: Leftovers
|upkeep
|turn|9
|c| AzovSTALL|on azu
|
|t:|1743803974
|move|p1a: Hatterene|Psyshock|p2a: Kyurem
|-damage|p2a: Kyurem|58/100
|move|p2a: Kyurem|Icicle Spear|p1a: Hatterene
|-damage|p1a: Hatterene|72/100
|-damage|p1a: Hatterene|48/100
|-damage|p1a: Hatterene|26/100
|-damage|p1a: Hatterene|6/100
|-damage|p1a: Hatterene|0 fnt
|faint|p1a: Hatterene
|-hitcount|p1: Hatterene|5
|
|upkeep
|
|t:|1743803978
|switch|p1a: Ippo|Breloom, F|100/100
|-damage|p1a: Ippo|94/100|[from] Stealth Rock
|turn|10
|c| AzovSTALL|sitrus belly drum
|
|t:|1743803986
|switch|p2a: Cinderace|Cinderace, M|100/100
|move|p1a: Ippo|Bullet Seed|p2a: Cinderace
|-resisted|p2a: Cinderace
|-crit|p2a: Cinderace
|-damage|p2a: Cinderace|78/100
|-resisted|p2a: Cinderace
|-damage|p2a: Cinderace|63/100
|-hitcount|p2a: Cinderace|2
|
|upkeep
|turn|11
|
|t:|1743803989
|switch|p2a: Iron Valiant|Iron Valiant|100/100
|-enditem|p2a: Iron Valiant|Booster Energy
|-activate|p2a: Iron Valiant|ability: Quark Drive|[fromitem]
|-start|p2a: Iron Valiant|quarkdrivespe
|move|p1a: Ippo|Rock Tomb|p2a: Iron Valiant
|-resisted|p2a: Iron Valiant
|-damage|p2a: Iron Valiant|80/100
|-unboost|p2a: Iron Valiant|spe|1
|
|upkeep
|turn|12
|
|t:|1743803995
|-end|p2a: Iron Valiant|Quark Drive|[silent]
|switch|p2a: Dragonite|Dragonite, F|100/100
|move|p1a: Ippo|Bullet Seed|p2a: Dragonite
|-resisted|p2a: Dragonite
|-damage|p2a: Dragonite|98/100
|-resisted|p2a: Dragonite
|-damage|p2a: Dragonite|92/100
|-resisted|p2a: Dragonite
|-damage|p2a: Dragonite|86/100
|-hitcount|p2a: Dragonite|3
|
|-fieldend|move: Trick Room
|upkeep
|turn|13
|
|t:|1743803998
|move|p2a: Dragonite|Encore|p1a: Ippo
|-start|p1a: Ippo|Encore
|move|p1a: Ippo|Bullet Seed|p2a: Dragonite
|-resisted|p2a: Dragonite
|-damage|p2a: Dragonite|80/100
|-resisted|p2a: Dragonite
|-damage|p2a: Dragonite|74/100
|-resisted|p2a: Dragonite
|-damage|p2a: Dragonite|69/100
|-hitcount|p2a: Dragonite|3
|
|upkeep
|turn|14
|
|t:|1743804001
|switch|p1a: Great Tusk|Great Tusk|98/100
|-damage|p1a: Great Tusk|95/100|[from] Stealth Rock
|move|p2a: Dragonite|Dragon Dance|p2a: Dragonite
|-boost|p2a: Dragonite|atk|1
|-boost|p2a: Dragonite|spe|1
|
|upkeep
|turn|15
|
|t:|1743804003
|move|p2a: Dragonite|Dragon Dance|p2a: Dragonite
|-boost|p2a: Dragonite|atk|1
|-boost|p2a: Dragonite|spe|1
|move|p1a: Great Tusk|Rapid Spin|p2a: Dragonite
|-damage|p2a: Dragonite|49/100
|-boost|p1a: Great Tusk|spe|1
|-sideend|p1: elpets|Stealth Rock|[from] move: Rapid Spin|[of] p1a: Great Tusk
|
|upkeep
|turn|16
|
|t:|1743804010
|move|p2a: Dragonite|Encore|p1a: Great Tusk
|-start|p1a: Great Tusk|Encore
|move|p1a: Great Tusk|Rapid Spin|p2a: Dragonite
|-damage|p2a: Dragonite|31/100
|-boost|p1a: Great Tusk|spe|1
|
|upkeep
|turn|17
|
|t:|1743804013
|-end|p1a: Great Tusk|Protosynthesis|[silent]
|switch|p1a: Skeledirge|Skeledirge, M|100/100
|move|p2a: Dragonite|Ice Spinner|p1a: Skeledirge
|-resisted|p1a: Skeledirge
|-damage|p1a: Skeledirge|92/100
|
|upkeep
|turn|18
|
|t:|1743804017
|move|p2a: Dragonite|Earthquake|p1a: Skeledirge
|-supereffective|p1a: Skeledirge
|-damage|p1a: Skeledirge|43/100
|move|p1a: Skeledirge|Shadow Ball|p2a: Dragonite
|-damage|p2a: Dragonite|0 fnt
|faint|p2a: Dragonite
|
|upkeep
|
|t:|1743804022
|switch|p2a: Kyurem|Kyurem, tera:Ground|58/100
|-ability|p2a: Kyurem|Pressure
|turn|19
|
|t:|1743804026
|move|p2a: Kyurem|Tera Blast|p1a: Skeledirge|[anim] Tera Blast Ground
|-supereffective|p1a: Skeledirge
|-damage|p1a: Skeledirge|0 fnt
|faint|p1a: Skeledirge
|
|upkeep
|
|t:|1743804035
|switch|p1a: Great Tusk|Great Tusk|95/100
|turn|20
|
|t:|1743804037
|-terastallize|p1a: Great Tusk|Electric
|move|p2a: Kyurem|Icicle Spear|p1a: Great Tusk
|-crit|p1a: Great Tusk
|-damage|p1a: Great Tusk|79/100
|-damage|p1a: Great Tusk|70/100
|-damage|p1a: Great Tusk|60/100
|-damage|p1a: Great Tusk|51/100
|-hitcount|p1a: Great Tusk|4
|move|p1a: Great Tusk|Rapid Spin|p2a: Kyurem
|-damage|p2a: Kyurem|43/100
|-boost|p1a: Great Tusk|spe|1
|
|upkeep
|turn|21
|
|t:|1743804047
|move|p1a: Great Tusk|Headlong Rush|p2a: Kyurem
|-damage|p2a: Kyurem|0 fnt
|-unboost|p1a: Great Tusk|def|1
|-unboost|p1a: Great Tusk|spd|1
|faint|p2a: Kyurem
|
|upkeep
|
|t:|1743804049
|switch|p2a: Cinderace|Cinderace, M|63/100
|turn|22
|
|t:|1743804050
|move|p2a: Cinderace|Sucker Punch|p1a: Great Tusk
|-start|p2a: Cinderace|typechange|Dark|[from] ability: Libero
|-damage|p1a: Great Tusk|15/100
|move|p1a: Great Tusk|Headlong Rush|p2a: Cinderace
|-damage|p2a: Cinderace|0 fnt
|-unboost|p1a: Great Tusk|def|1
|-unboost|p1a: Great Tusk|spd|1
|faint|p2a: Cinderace
|
|upkeep
|
|t:|1743804052
|switch|p2a: Iron Valiant|Iron Valiant|80/100
|turn|23
|
|t:|1743804055
|move|p2a: Iron Valiant|Vacuum Wave|p1a: Great Tusk
|-crit|p1a: Great Tusk
|-damage|p1a: Great Tusk|0 fnt
|faint|p1a: Great Tusk
|-end|p1a: Great Tusk|Protosynthesis|[silent]
|
|upkeep
|
|t:|1743804064
|switch|p1a: Ippo|Breloom, F|94/100
|turn|24
|
|t:|1743804068
|move|p1a: Ippo|Mach Punch|p2a: Iron Valiant
|-resisted|p2a: Iron Valiant
|-damage|p2a: Iron Valiant|59/100
|move|p2a: Iron Valiant|Moonblast|p1a: Ippo
|-supereffective|p1a: Ippo
|-crit|p1a: Ippo
|-damage|p1a: Ippo|0 fnt
|faint|p1a: Ippo
|
|upkeep
|
|t:|1743804070
|switch|p1a: Dragonite|Dragonite, F|100/100
|turn|25
|
|t:|1743804072
|move|p1a: Dragonite|Extreme Speed|p2a: Iron Valiant
|-damage|p2a: Iron Valiant|25/100
|move|p2a: Iron Valiant|Moonblast|p1a: Dragonite
|-supereffective|p1a: Dragonite
|-damage|p1a: Dragonite|48/100
|
|upkeep
|turn|26
|
|t:|1743804073
|move|p1a: Dragonite|Extreme Speed|p2a: Iron Valiant
|-damage|p2a: Iron Valiant|0 fnt
|faint|p2a: Iron Valiant
|-end|p2a: Iron Valiant|Quark Drive|[silent]
|
|win|elpets
|raw|elpets's rating: 1910 &rarr; <strong>1932</strong><br />(+22 for winning)
|raw|quinx of ladder's rating: 1947 &rarr; <strong>1925</strong><br />(-22 for losing)
|l|☆quinx of ladder
|player|p2|
|l|☆elpets
|player|p1|
