|j|☆jielzzz
|j|☆Dr.Jean Pepper
|t:|1743933786
|gametype|singles
|player|p1|jielzzz|worker|1324
|player|p2|Dr.Jean Pepper|erika-lgpe|1374
|teamsize|p1|6
|teamsize|p2|6
|gen|9
|tier|[Gen 9] OU
|rated|
|rule|HP Percentage Mod: HP is shown in percentages
|rule|Endless Battle Clause: Forcing endless battles is banned
|rule|Species Clause: Limit one of each Pokémon
|rule|OHKO Clause: OHKO moves are banned
|rule|Evasion Items Clause: Evasion items are banned
|rule|Evasion Moves Clause: Evasion moves are banned
|rule|Sleep Moves Clause: Sleep-inducing moves are banned
|clearpoke
|poke|p1|Cinderace, F|
|poke|p1|Iron Boulder|
|poke|p1|Corviknight, M|
|poke|p1|Clodsire, F|
|poke|p1|Darkrai|
|poke|p1|Raging Bolt|
|poke|p2|Raging Bolt|
|poke|p2|Iron Moth|
|poke|p2|Great Tusk|
|poke|p2|Weavile, M|
|poke|p2|Forretress, F|
|poke|p2|Ogerpon-Cornerstone, F|
|teampreview
|inactive|Battle timer is ON: inactive players will automatically lose when time's up. (requested by Dr.Jean Pepper)
|
|t:|1743933796
|start
|switch|p1a: Darkrai|Darkrai|100/100
|switch|p2a: Old but Good|Forretress, F, shiny|100/100
|turn|1
|
|t:|1743933811
|move|p1a: Darkrai|Dark Pulse|p2a: Old but Good
|-damage|p2a: Old but Good|16/100
|move|p2a: Old but Good|Stealth Rock|p1a: Darkrai
|-sidestart|p1: jielzzz|move: Stealth Rock
|
|upkeep
|turn|2
|-enditem|p2a: Old but Good|Custap Berry|[eat]
|-activate|p2a: Old but Good|item: Custap Berry|[consumed]
|
|t:|1743933817
|move|p2a: Old but Good|Thunder Wave|p1a: Darkrai|[miss]
|-miss|p2a: Old but Good|p1a: Darkrai
|move|p1a: Darkrai|Dark Pulse|p2a: Old but Good
|-damage|p2a: Old but Good|0 fnt
|faint|p2a: Old but Good
|
|upkeep
|
|t:|1743933829
|switch|p2a: Silly Lad|Weavile, M|100/100
|-ability|p2a: Silly Lad|Pressure
|turn|3
|
|t:|1743933839
|switch|p1a: Corviknight|Corviknight, M|100/100
|-damage|p1a: Corviknight|88/100|[from] Stealth Rock
|-ability|p1a: Corviknight|Pressure
|move|p2a: Silly Lad|Triple Axel|p1a: Corviknight
|-damage|p1a: Corviknight|79/100
|-damage|p2a: Silly Lad|84/100|[from] item: Rocky Helmet|[of] p1a: Corviknight
|-damage|p1a: Corviknight|59/100
|-damage|p2a: Silly Lad|68/100|[from] item: Rocky Helmet|[of] p1a: Corviknight
|-damage|p1a: Corviknight|33/100
|-damage|p2a: Silly Lad|51/100|[from] item: Rocky Helmet|[of] p1a: Corviknight
|-hitcount|p1a: Corviknight|3
|
|upkeep
|turn|4
|
|t:|1743933865
|move|p2a: Silly Lad|Triple Axel|p1a: Corviknight
|-damage|p1a: Corviknight|24/100
|-damage|p2a: Silly Lad|35/100|[from] item: Rocky Helmet|[of] p1a: Corviknight
|-damage|p1a: Corviknight|4/100
|-damage|p2a: Silly Lad|19/100|[from] item: Rocky Helmet|[of] p1a: Corviknight
|-damage|p1a: Corviknight|0 fnt
|-damage|p2a: Silly Lad|2/100|[from] item: Rocky Helmet|[of] p1a: Corviknight
|faint|p1a: Corviknight
|-hitcount|p1: Corviknight|3
|
|upkeep
|inactive|jielzzz has 120 seconds left.
|l|☆jielzzz
|inactive|jielzzz disconnected and has a minute to reconnect!
|player|p1|
|j|☆jielzzz
|inactive|jielzzz reconnected and has 90 seconds left.
|player|p1|jielzzz|worker|
|
|t:|1743933911
|switch|p1a: Cinderace|Cinderace, F|100/100
|turn|5
|inactive|jielzzz has 90 seconds left.
|
|t:|1743933919
|switch|p2a: Mecha Battra|Iron Moth|100/100
|move|p1a: Cinderace|Sucker Punch||[still]
|-fail|p1a: Cinderace
|
|upkeep
|turn|6
|
|t:|1743933928
|move|p1a: Cinderace|U-turn|p2a: Mecha Battra
|-resisted|p2a: Mecha Battra
|-damage|p2a: Mecha Battra|91/100
|
|t:|1743933930
|switch|p1a: Clodsire|Clodsire, F|100/100|[from] U-turn
|-damage|p1a: Clodsire|94/100|[from] Stealth Rock
|move|p2a: Mecha Battra|Meteor Beam||[still]
|-prepare|p2a: Mecha Battra|Meteor Beam
|-boost|p2a: Mecha Battra|spa|1
|-enditem|p2a: Mecha Battra|Power Herb
|-anim|p2a: Mecha Battra|Meteor Beam|p1a: Clodsire
|-resisted|p1a: Clodsire
|-damage|p1a: Clodsire|83/100
|
|-heal|p1a: Clodsire|89/100|[from] item: Black Sludge
|upkeep
|turn|7
|inactive|jielzzz has 90 seconds left.
|
|t:|1743933953
|move|p2a: Mecha Battra|Fiery Dance|p1a: Clodsire
|-damage|p1a: Clodsire|65/100
|move|p1a: Clodsire|Ancient Power|p2a: Mecha Battra
|-supereffective|p2a: Mecha Battra
|-damage|p2a: Mecha Battra|76/100
|
|-heal|p1a: Clodsire|72/100|[from] item: Black Sludge
|upkeep
|turn|8
|
|t:|1743933962
|-end|p2a: Mecha Battra|Quark Drive|[silent]
|switch|p2a: A little lass|Ogerpon-Cornerstone, F|100/100
|move|p1a: Clodsire|Earthquake|p2a: A little lass
|-damage|p2a: A little lass|67/100
|
|-heal|p1a: Clodsire|78/100|[from] item: Black Sludge
|upkeep
|turn|9
|inactive|jielzzz has 90 seconds left.
|
|t:|1743933984
|move|p2a: A little lass|Knock Off|p1a: Clodsire
|-damage|p1a: Clodsire|37/100
|-enditem|p1a: Clodsire|Black Sludge|[from] move: Knock Off|[of] p2a: A little lass
|move|p1a: Clodsire|Toxic|p2a: A little lass
|-status|p2a: A little lass|tox
|
|-damage|p2a: A little lass|61/100 tox|[from] psn
|upkeep
|turn|10
|inactive|jielzzz has 90 seconds left.
|
|t:|1743933995
|move|p2a: A little lass|Horn Leech|p1a: Clodsire
|-damage|p1a: Clodsire|0 fnt
|-heal|p2a: A little lass|89/100 tox|[from] drain|[of] p1a: Clodsire
|faint|p1a: Clodsire
|
|-damage|p2a: A little lass|77/100 tox|[from] psn
|upkeep
|
|t:|1743934024
|switch|p1a: Raging Bolt|Raging Bolt|100/100
|-damage|p1a: Raging Bolt|88/100|[from] Stealth Rock
|turn|11
|
|t:|1743934033
|move|p2a: A little lass|Knock Off|p1a: Raging Bolt
|-damage|p1a: Raging Bolt|54/100
|-enditem|p1a: Raging Bolt|Leftovers|[from] move: Knock Off|[of] p2a: A little lass
|move|p1a: Raging Bolt|Dragon Pulse|p2a: A little lass
|-damage|p2a: A little lass|14/100 tox
|
|-damage|p2a: A little lass|0 fnt|[from] psn
|faint|p2a: A little lass
|upkeep
|
|t:|1743934042
|switch|p2a: Silly Lad|Weavile, M|2/100
|-ability|p2a: Silly Lad|Pressure
|turn|12
|
|t:|1743934048
|move|p1a: Raging Bolt|Thunderclap|p2a: Silly Lad
|-damage|p2a: Silly Lad|0 fnt
|faint|p2a: Silly Lad
|
|upkeep
|
|t:|1743934056
|switch|p2a: Mecha Battra|Iron Moth|76/100
|turn|13
|inactive|jielzzz has 90 seconds left.
|inactive|jielzzz has 60 seconds left.
|
|t:|1743934091
|move|p2a: Mecha Battra|Sludge Wave|p1a: Raging Bolt
|-damage|p1a: Raging Bolt|7/100
|move|p1a: Raging Bolt|Dragon Pulse|p2a: Mecha Battra
|-damage|p2a: Mecha Battra|21/100
|
|upkeep
|turn|14
|
|t:|1743934098
|-end|p2a: Mecha Battra|Quark Drive|[silent]
|switch|p2a: Neck game $100|Raging Bolt|100/100
|move|p1a: Raging Bolt|Thunderclap||[still]
|-fail|p1a: Raging Bolt
|
|upkeep
|turn|15
|inactive|jielzzz has 60 seconds left.
|
|t:|1743934121
|-end|p1a: Raging Bolt|Protosynthesis|[silent]
|switch|p1a: Cinderace|Cinderace, F|100/100
|move|p2a: Neck game $100|Tera Blast|p1a: Cinderace
|-damage|p1a: Cinderace|58/100
|
|upkeep
|turn|16
|inactive|jielzzz has 60 seconds left.
|l|☆jielzzz
|inactive|jielzzz disconnected and has a minute to reconnect!
|player|p1|
|inactive|jielzzz has 30 seconds left.
|inactive|jielzzz has 20 seconds left.
|inactive|jielzzz has 15 seconds left.
|inactive|jielzzz has 10 seconds left.
|j|☆jielzzz
|inactive|jielzzz reconnected and has 10 seconds left.
|player|p1|jielzzz|worker|
|inactive|jielzzz has 5 seconds left.
|-message|jielzzz lost due to inactivity.
|
|win|Dr.Jean Pepper
|raw|jielzzz's rating: 1324 &rarr; <strong>1307</strong><br />(-17 for losing)
|raw|Dr.Jean Pepper's rating: 1374 &rarr; <strong>1391</strong><br />(+17 for winning)
