|j|☆soyjoas
|j|☆Garacade
|t:|1743912088
|gametype|singles
|player|p1|soyjoas|hilbert|1182
|player|p2|Garacade|102|1247
|teamsize|p1|6
|teamsize|p2|6
|gen|9
|tier|[Gen 9] OU
|rated|
|rule|HP Percentage Mod: HP is shown in percentages
|rule|Endless Battle Clause: Forcing endless battles is banned
|rule|Species Clause: Limit one of each Pokémon
|rule|OHKO Clause: OHKO moves are banned
|rule|Evasion Items Clause: Evasion items are banned
|rule|Evasion Moves Clause: Evasion moves are banned
|rule|Sleep Moves Clause: Sleep-inducing moves are banned
|clearpoke
|poke|p1|Enamorus, F|
|poke|p1|Gliscor, M|
|poke|p1|Infernape, M|
|poke|p1|Darkrai|
|poke|p1|Corviknight, F|
|poke|p1|Grimmsnarl, M|
|poke|p2|Hydrapple, F|
|poke|p2|Ting-Lu|
|poke|p2|Cinderace, F|
|poke|p2|Kingambit, M|
|poke|p2|Rotom-Wash|
|poke|p2|Pecharunt|
|teampreview
|inactive|Battle timer is ON: inactive players will automatically lose when time's up. (requested by soyjoas)
|
|t:|1743912115
|start
|switch|p1a: Gliscor|Gliscor, M|100/100
|switch|p2a: Rotom|Rotom-Wash|100/100
|turn|1
|
|t:|1743912125
|switch|p1a: Grimmsnarl|Grimmsnarl, M|100/100
|move|p2a: Rotom|Trick|p1a: Grimmsnarl
|-activate|p2a: Rotom|move: Trick|[of] p1a: Grimmsnarl
|-item|p1a: Grimmsnarl|Choice Scarf|[from] move: Trick
|-item|p2a: Rotom|Light Clay|[from] move: Trick
|
|upkeep
|turn|2
|
|t:|1743912142
|move|p1a: Grimmsnarl|Parting Shot|p2a: Rotom
|-unboost|p2a: Rotom|atk|1
|-unboost|p2a: Rotom|spa|1
|
|t:|1743912149
|switch|p1a: Gliscor|Gliscor, M|100/100|[from] Parting Shot
|move|p2a: Rotom|Volt Switch|p1a: Gliscor
|-immune|p1a: Gliscor
|
|-status|p1a: Gliscor|tox|[from] item: Toxic Orb
|upkeep
|turn|3
|
|t:|1743912155
|move|p2a: Rotom|Hydro Pump|p1a: Gliscor
|-supereffective|p1a: Gliscor
|-damage|p1a: Gliscor|16/100 tox
|move|p1a: Gliscor|Toxic|p2a: Rotom
|-status|p2a: Rotom|tox
|
|-damage|p2a: Rotom|94/100 tox|[from] psn
|-heal|p1a: Gliscor|28/100 tox|[from] ability: Poison Heal
|upkeep
|turn|4
|
|t:|1743912165
|move|p1a: Gliscor|Protect|p1a: Gliscor
|-singleturn|p1a: Gliscor|Protect
|move|p2a: Rotom|Volt Switch|p1a: Gliscor
|-activate|p1a: Gliscor|move: Protect
|
|-damage|p2a: Rotom|82/100 tox|[from] psn
|-heal|p1a: Gliscor|41/100 tox|[from] ability: Poison Heal
|upkeep
|turn|5
|
|t:|1743912181
|switch|p1a: Corviknight|Corviknight, F|100/100
|move|p2a: Rotom|Hydro Pump|p1a: Corviknight
|-damage|p1a: Corviknight|74/100
|
|-heal|p1a: Corviknight|80/100|[from] item: Leftovers
|-damage|p2a: Rotom|63/100 tox|[from] psn
|upkeep
|turn|6
|
|t:|1743912187
|switch|p2a: Cinderace|Cinderace, F|100/100
|switch|p1a: Gliscor|Gliscor, M|41/100 tox
|
|-heal|p1a: Gliscor|53/100 tox|[from] ability: Poison Heal
|upkeep
|turn|7
|
|t:|1743912193
|-terastallize|p1a: Gliscor|Water
|move|p2a: Cinderace|U-turn|p1a: Gliscor
|-start|p2a: Cinderace|typechange|Bug|[from] ability: Libero
|-damage|p1a: Gliscor|32/100 tox
|
|t:|1743912202
|switch|p2a: Hydrapple|Hydrapple, F|100/100|[from] U-turn
|move|p1a: Gliscor|Toxic|p2a: Hydrapple
|-status|p2a: Hydrapple|tox
|
|-heal|p1a: Gliscor|44/100 tox|[from] ability: Poison Heal
|-damage|p2a: Hydrapple|94/100 tox|[from] psn
|upkeep
|turn|8
|
|t:|1743912211
|move|p1a: Gliscor|Protect|p1a: Gliscor
|-singleturn|p1a: Gliscor|Protect
|move|p2a: Hydrapple|Fickle Beam|p1a: Gliscor
|-activate|p1a: Gliscor|move: Protect
|
|-heal|p1a: Gliscor|57/100 tox|[from] ability: Poison Heal
|-damage|p2a: Hydrapple|82/100 tox|[from] psn
|upkeep
|turn|9
|c|☆Garacade|this deadass the lamest pokemon in history
|
|t:|1743912234
|move|p1a: Gliscor|U-turn|p2a: Hydrapple
|-supereffective|p2a: Hydrapple
|-damage|p2a: Hydrapple|58/100 tox
|c|☆soyjoas|Meh
|
|t:|1743912244
|switch|p1a: Corviknight|Corviknight, F|80/100|[from] U-turn
|move|p2a: Hydrapple|Giga Drain|p1a: Corviknight
|-resisted|p1a: Corviknight
|-damage|p1a: Corviknight|71/100
|-heal|p2a: Hydrapple|63/100 tox|[from] drain|[of] p1a: Corviknight
|-damage|p2a: Hydrapple|53/100 tox|[from] item: Life Orb
|
|-heal|p1a: Corviknight|77/100|[from] item: Leftovers
|-damage|p2a: Hydrapple|35/100 tox|[from] psn
|upkeep
|turn|10
|c|☆Garacade|nah i mean game is game use what's fire im using pecharunt
|inactive|soyjoas has 120 seconds left.
|c|☆soyjoas|Yeah, its just a battle to see who is more annoying
|
|t:|1743912280
|switch|p2a: Rotom|Rotom-Wash|63/100 tox
|move|p1a: Corviknight|Roost|p1a: Corviknight
|-heal|p1a: Corviknight|100/100
|-singleturn|p1a: Corviknight|move: Roost
|
|-damage|p2a: Rotom|57/100 tox|[from] psn
|upkeep
|turn|11
|inactive|soyjoas has 120 seconds left.
|
|t:|1743912298
|switch|p1a: Grimmsnarl|Grimmsnarl, M|100/100
|move|p2a: Rotom|Volt Switch|p1a: Grimmsnarl
|-damage|p1a: Grimmsnarl|74/100
|
|t:|1743912304
|switch|p2a: Pecharunt|Pecharunt|100/100|[from] Volt Switch
|-item|p2a: Pecharunt|Air Balloon
|
|upkeep
|turn|12
|inactive|soyjoas has 120 seconds left.
|
|t:|1743912315
|move|p1a: Grimmsnarl|Parting Shot|p2a: Pecharunt
|-unboost|p2a: Pecharunt|atk|1
|-unboost|p2a: Pecharunt|spa|1
|
|t:|1743912319
|switch|p1a: Corviknight|Corviknight, F|100/100|[from] Parting Shot
|move|p2a: Pecharunt|Parting Shot|p1a: Corviknight
|-ability|p1a: Corviknight|Mirror Armor
|-unboost|p2a: Pecharunt|atk|1
|-ability|p1a: Corviknight|Mirror Armor
|-unboost|p2a: Pecharunt|spa|1
|inactive|Garacade has 120 seconds left.
|
|t:|1743912353
|switch|p2a: Cinderace|Cinderace, F|100/100|[from] Parting Shot
|
|upkeep
|turn|13
|
|t:|1743912363
|switch|p1a: Infernape|Infernape, M|100/100
|move|p2a: Cinderace|Pyro Ball|p1a: Infernape
|-resisted|p1a: Infernape
|-damage|p1a: Infernape|57/100
|
|upkeep
|turn|14
|
|t:|1743912372
|move|p2a: Cinderace|Pyro Ball|p1a: Infernape
|-resisted|p1a: Infernape
|-damage|p1a: Infernape|14/100
|move|p1a: Infernape|Endeavor|p2a: Cinderace
|-damage|p2a: Cinderace|14/100
|
|upkeep
|turn|15
|
|t:|1743912383
|switch|p2a: Pecharunt|Pecharunt|100/100
|-item|p2a: Pecharunt|Air Balloon
|switch|p1a: Gliscor|Gliscor, M, tera:Water|57/100 tox
|
|-heal|p1a: Gliscor|69/100 tox|[from] ability: Poison Heal
|upkeep
|turn|16
|inactive|Garacade has 120 seconds left.
|
|t:|1743912409
|move|p1a: Gliscor|Protect|p1a: Gliscor
|-singleturn|p1a: Gliscor|Protect
|move|p2a: Pecharunt|Hex|p1a: Gliscor
|-activate|p1a: Gliscor|move: Protect
|
|-heal|p1a: Gliscor|82/100 tox|[from] ability: Poison Heal
|upkeep
|turn|17
|c|☆soyjoas|Annoying mf vs annoying mf
|c|☆soyjoas|Legendary battle
|
|t:|1743912418
|move|p2a: Pecharunt|Malignant Chain|p1a: Gliscor
|-crit|p1a: Gliscor
|-damage|p1a: Gliscor|25/100 tox
|move|p1a: Gliscor|Knock Off|p2a: Pecharunt
|-supereffective|p2a: Pecharunt
|-damage|p2a: Pecharunt|79/100
|-enditem|p2a: Pecharunt|Air Balloon
|
|-heal|p1a: Gliscor|37/100 tox|[from] ability: Poison Heal
|upkeep
|turn|18
|c|☆Garacade|lmaooo
|
|t:|1743912428
|move|p1a: Gliscor|Protect|p1a: Gliscor
|-singleturn|p1a: Gliscor|Protect
|move|p2a: Pecharunt|Hex|p1a: Gliscor
|-activate|p1a: Gliscor|move: Protect
|
|-heal|p1a: Gliscor|49/100 tox|[from] ability: Poison Heal
|upkeep
|turn|19
|c|☆Garacade|now click protect
|
|t:|1743912442
|switch|p1a: Darkrai|Darkrai|100/100
|move|p2a: Pecharunt|Hex|p1a: Darkrai
|-resisted|p1a: Darkrai
|-damage|p1a: Darkrai|91/100
|
|upkeep
|turn|20
|
|t:|1743912453
|switch|p2a: Ting-Lu|Ting-Lu|100/100
|-ability|p2a: Ting-Lu|Vessel of Ruin
|move|p1a: Darkrai|Dark Pulse|p2a: Ting-Lu
|-resisted|p2a: Ting-Lu
|-damage|p2a: Ting-Lu|91/100
|
|-heal|p2a: Ting-Lu|97/100|[from] item: Leftovers
|upkeep
|turn|21
|
|t:|1743912475
|switch|p1a: Corviknight|Corviknight, F|100/100
|move|p2a: Ting-Lu|Spikes|p1a: Corviknight
|-sidestart|p1: soyjoas|Spikes
|
|-heal|p2a: Ting-Lu|100/100|[from] item: Leftovers
|upkeep
|turn|22
|
|t:|1743912479
|move|p1a: Corviknight|Defog|p2a: Ting-Lu
|-unboost|p2a: Ting-Lu|evasion|1
|-sideend|p1: soyjoas|Spikes|[from] move: Defog|[of] p1a: Corviknight
|move|p2a: Ting-Lu|Spikes|p1a: Corviknight
|-sidestart|p1: soyjoas|Spikes
|
|upkeep
|turn|23
|
|t:|1743912484
|move|p1a: Corviknight|Defog|p2a: Ting-Lu
|-unboost|p2a: Ting-Lu|evasion|1
|-sideend|p1: soyjoas|Spikes|[from] move: Defog|[of] p1a: Corviknight
|move|p2a: Ting-Lu|Whirlwind|p1a: Corviknight
|drag|p1a: Enamorus|Enamorus, F|100/100
|
|upkeep
|turn|24
|
|t:|1743912495
|move|p1a: Enamorus|Superpower|p2a: Ting-Lu
|-supereffective|p2a: Ting-Lu
|-damage|p2a: Ting-Lu|60/100
|-boost|p1a: Enamorus|atk|1
|-boost|p1a: Enamorus|def|1
|move|p2a: Ting-Lu|Spikes|p1a: Enamorus
|-sidestart|p1: soyjoas|Spikes
|
|-heal|p2a: Ting-Lu|66/100|[from] item: Leftovers
|upkeep
|turn|25
|
|t:|1743912502
|-terastallize|p2a: Ting-Lu|Ghost
|move|p1a: Enamorus|Superpower|p2a: Ting-Lu
|-immune|p2a: Ting-Lu
|move|p2a: Ting-Lu|Whirlwind|p1a: Enamorus
|drag|p1a: Gliscor|Gliscor, M, tera:Water|49/100 tox
|-damage|p1a: Gliscor|37/100 tox|[from] Spikes
|
|-heal|p2a: Ting-Lu|72/100|[from] item: Leftovers
|-heal|p1a: Gliscor|49/100 tox|[from] ability: Poison Heal
|upkeep
|turn|26
|
|t:|1743912509
|switch|p2a: Pecharunt|Pecharunt|79/100
|move|p1a: Gliscor|Toxic|p2a: Pecharunt
|-immune|p2a: Pecharunt
|
|-heal|p1a: Gliscor|62/100 tox|[from] ability: Poison Heal
|upkeep
|turn|27
|
|t:|1743912518
|move|p1a: Gliscor|Protect|p1a: Gliscor
|-singleturn|p1a: Gliscor|Protect
|move|p2a: Pecharunt|Hex|p1a: Gliscor
|-activate|p1a: Gliscor|move: Protect
|
|-heal|p1a: Gliscor|74/100 tox|[from] ability: Poison Heal
|upkeep
|turn|28
|
|t:|1743912530
|switch|p1a: Grimmsnarl|Grimmsnarl, M|74/100
|-damage|p1a: Grimmsnarl|62/100|[from] Spikes
|move|p2a: Pecharunt|Malignant Chain|p1a: Grimmsnarl
|-supereffective|p1a: Grimmsnarl
|-damage|p1a: Grimmsnarl|12/100
|
|upkeep
|turn|29
|inactive|Garacade has 120 seconds left.
|
|t:|1743912560
|move|p1a: Grimmsnarl|Reflect|p1a: Grimmsnarl
|-sidestart|p1: soyjoas|Reflect
|move|p2a: Pecharunt|Parting Shot|p1a: Grimmsnarl
|-unboost|p1a: Grimmsnarl|atk|1
|-unboost|p1a: Grimmsnarl|spa|1
|inactive|Garacade has 120 seconds left.
|
|t:|1743912569
|switch|p2a: Kingambit|Kingambit, M|100/100|[from] Parting Shot
|
|upkeep
|turn|30
|
|t:|1743912576
|switch|p1a: Infernape|Infernape, M|14/100
|-damage|p1a: Infernape|2/100|[from] Spikes
|move|p2a: Kingambit|Swords Dance|p2a: Kingambit
|-boost|p2a: Kingambit|atk|2
|
|upkeep
|turn|31
|
|t:|1743912585
|-end|p2a: Kingambit|fallenundefined|[silent]
|switch|p2a: Pecharunt|Pecharunt|79/100
|move|p1a: Infernape|Endeavor|p2a: Pecharunt
|-immune|p2a: Pecharunt
|
|upkeep
|turn|32
|
|t:|1743912598
|move|p1a: Infernape|U-turn|p2a: Pecharunt
|-resisted|p2a: Pecharunt
|-damage|p2a: Pecharunt|76/100
|
|t:|1743912600
|switch|p1a: Corviknight|Corviknight, F|100/100|[from] U-turn
|move|p2a: Pecharunt|Hex|p1a: Corviknight
|-damage|p1a: Corviknight|85/100
|
|-heal|p1a: Corviknight|91/100|[from] item: Leftovers
|upkeep
|turn|33
|
|t:|1743912606
|move|p2a: Pecharunt|Parting Shot|p1a: Corviknight
|-ability|p1a: Corviknight|Mirror Armor
|-unboost|p2a: Pecharunt|atk|1
|-ability|p1a: Corviknight|Mirror Armor
|-unboost|p2a: Pecharunt|spa|1
|
|t:|1743912611
|switch|p2a: Rotom|Rotom-Wash|57/100 tox|[from] Parting Shot
|move|p1a: Corviknight|Defog|p2a: Rotom
|-unboost|p2a: Rotom|evasion|1
|-sideend|p1: soyjoas|Spikes|[from] move: Defog|[of] p1a: Corviknight
|
|-heal|p1a: Corviknight|98/100|[from] item: Leftovers
|-damage|p2a: Rotom|51/100 tox|[from] psn
|-sideend|p1: soyjoas|Reflect
|upkeep
|turn|34
|
|t:|1743912627
|switch|p1a: Grimmsnarl|Grimmsnarl, M|12/100
|move|p2a: Rotom|Volt Switch|p1a: Grimmsnarl
|-crit|p1a: Grimmsnarl
|-damage|p1a: Grimmsnarl|0 fnt
|faint|p1a: Grimmsnarl
|
|t:|1743912645
|switch|p2a: Hydrapple|Hydrapple, F|68/100 tox|[from] Volt Switch
|
|-damage|p2a: Hydrapple|62/100 tox|[from] psn
|upkeep
|
|t:|1743912660
|switch|p1a: Darkrai|Darkrai|91/100
|turn|35
|
|t:|1743912677
|switch|p2a: Cinderace|Cinderace, F|14/100
|move|p1a: Darkrai|Ice Beam|p2a: Cinderace
|-resisted|p2a: Cinderace
|-damage|p2a: Cinderace|0 fnt
|faint|p2a: Cinderace
|
|upkeep
|
|t:|1743912681
|switch|p2a: Kingambit|Kingambit, M|100/100
|-activate|p2a: Kingambit|ability: Supreme Overlord
|-start|p2a: Kingambit|fallen1|[silent]
|turn|36
|
|t:|1743912691
|switch|p1a: Infernape|Infernape, M|2/100
|move|p2a: Kingambit|Iron Head|p1a: Infernape
|-resisted|p1a: Infernape
|-damage|p1a: Infernape|0 fnt
|faint|p1a: Infernape
|
|upkeep
|
|t:|1743912702
|switch|p1a: Enamorus|Enamorus, F|100/100
|turn|37
|
|t:|1743912718
|-end|p2a: Kingambit|fallen1|[silent]
|switch|p2a: Pecharunt|Pecharunt|76/100
|move|p1a: Enamorus|Play Rough|p2a: Pecharunt
|-resisted|p2a: Pecharunt
|-damage|p2a: Pecharunt|66/100
|
|upkeep
|turn|38
|c|☆Garacade|this battle is legendary
|
|t:|1743912730
|switch|p1a: Corviknight|Corviknight, F|98/100
|move|p2a: Pecharunt|Parting Shot|p1a: Corviknight
|-ability|p1a: Corviknight|Mirror Armor
|-unboost|p2a: Pecharunt|atk|1
|-ability|p1a: Corviknight|Mirror Armor
|-unboost|p2a: Pecharunt|spa|1
|
|t:|1743912734
|switch|p2a: Rotom|Rotom-Wash|51/100 tox|[from] Parting Shot
|
|-heal|p1a: Corviknight|100/100|[from] item: Leftovers
|-damage|p2a: Rotom|44/100 tox|[from] psn
|upkeep
|turn|39
|
|t:|1743912740
|move|p2a: Rotom|Volt Switch|p1a: Corviknight
|-supereffective|p1a: Corviknight
|-damage|p1a: Corviknight|51/100
|
|t:|1743912747
|switch|p2a: Hydrapple|Hydrapple, F|95/100 tox|[from] Volt Switch
|move|p1a: Corviknight|Roost|p1a: Corviknight
|-heal|p1a: Corviknight|100/100
|-singleturn|p1a: Corviknight|move: Roost
|
|-damage|p2a: Hydrapple|89/100 tox|[from] psn
|upkeep
|turn|40
|
|t:|1743912758
|switch|p2a: Pecharunt|Pecharunt|66/100
|move|p1a: Corviknight|Brave Bird|p2a: Pecharunt
|-damage|p2a: Pecharunt|47/100
|-damage|p1a: Corviknight|95/100|[from] Recoil
|
|-heal|p1a: Corviknight|100/100|[from] item: Leftovers
|upkeep
|turn|41
|
|t:|1743912773
|move|p2a: Pecharunt|Recover|p2a: Pecharunt
|-heal|p2a: Pecharunt|97/100
|move|p1a: Corviknight|Brave Bird|p2a: Pecharunt
|-damage|p2a: Pecharunt|79/100
|-damage|p1a: Corviknight|95/100|[from] Recoil
|
|-heal|p1a: Corviknight|100/100|[from] item: Leftovers
|upkeep
|turn|42
|inactive|Garacade has 120 seconds left.
|c|☆soyjoas|Damn I feel like I havent seen my family in days
|
|t:|1743912812
|move|p2a: Pecharunt|Hex|p1a: Corviknight
|-damage|p1a: Corviknight|85/100
|move|p1a: Corviknight|Brave Bird|p2a: Pecharunt
|-damage|p2a: Pecharunt|61/100
|-damage|p1a: Corviknight|80/100|[from] Recoil
|
|-heal|p1a: Corviknight|86/100|[from] item: Leftovers
|upkeep
|turn|43
|inactive|Garacade has 120 seconds left.
|
|t:|1743912821
|move|p2a: Pecharunt|Parting Shot|p1a: Corviknight
|-ability|p1a: Corviknight|Mirror Armor
|-unboost|p2a: Pecharunt|atk|1
|-ability|p1a: Corviknight|Mirror Armor
|-unboost|p2a: Pecharunt|spa|1
|inactive|Garacade has 120 seconds left.
|c|☆Garacade|we're holding eachother hostage rn on a staruday night
|
|t:|1743912830
|switch|p2a: Kingambit|Kingambit, M|100/100|[from] Parting Shot
|-activate|p2a: Kingambit|ability: Supreme Overlord
|-start|p2a: Kingambit|fallen1|[silent]
|move|p1a: Corviknight|Brave Bird|p2a: Kingambit
|-resisted|p2a: Kingambit
|-damage|p2a: Kingambit|87/100
|-damage|p1a: Corviknight|82/100|[from] Recoil
|
|-heal|p1a: Corviknight|88/100|[from] item: Leftovers
|-heal|p2a: Kingambit|94/100|[from] item: Leftovers
|upkeep
|turn|44
|c|☆Garacade|this was my last game deadass
|inactive|Garacade has 120 seconds left.
|c|☆Garacade|i'll help us out lets hope u dont have bp
|c|☆soyjoas|Mine too
|inactive|soyjoas has 120 seconds left.
|
|t:|1743912869
|switch|p1a: Enamorus|Enamorus, F|100/100
|move|p2a: Kingambit|Swords Dance|p2a: Kingambit
|-boost|p2a: Kingambit|atk|2
|
|-heal|p2a: Kingambit|99/100|[from] item: Leftovers
|upkeep
|turn|45
|inactive|soyjoas has 120 seconds left.
|inactive|Garacade has 120 seconds left.
|
|t:|1743912891
|-end|p2a: Kingambit|fallen1|[silent]
|switch|p2a: Pecharunt|Pecharunt|61/100
|move|p1a: Enamorus|Superpower|p2a: Pecharunt
|-immune|p2a: Pecharunt
|
|upkeep
|turn|46
|inactive|soyjoas has 120 seconds left.
|c|☆soyjoas|Sht I tough you wouldn't change
|
|t:|1743912912
|switch|p1a: Darkrai|Darkrai|91/100
|move|p2a: Pecharunt|Parting Shot|p1a: Darkrai
|-unboost|p1a: Darkrai|atk|1
|-unboost|p1a: Darkrai|spa|1
|
|t:|1743912936
|switch|p2a: Kingambit|Kingambit, M|99/100|[from] Parting Shot
|-activate|p2a: Kingambit|ability: Supreme Overlord
|-start|p2a: Kingambit|fallen1|[silent]
|
|-heal|p2a: Kingambit|100/100|[from] item: Leftovers
|upkeep
|turn|47
|inactive|soyjoas has 120 seconds left.
|c|☆Garacade|alkmost didnt
|
|t:|1743912944
|switch|p1a: Corviknight|Corviknight, F|88/100
|move|p2a: Kingambit|Kowtow Cleave|p1a: Corviknight
|-damage|p1a: Corviknight|39/100
|
|-heal|p1a: Corviknight|45/100|[from] item: Leftovers
|upkeep
|turn|48
|inactive|soyjoas has 120 seconds left.
|
|t:|1743912955
|move|p1a: Corviknight|Roost|p1a: Corviknight
|-heal|p1a: Corviknight|95/100
|-singleturn|p1a: Corviknight|move: Roost
|move|p2a: Kingambit|Kowtow Cleave|p1a: Corviknight
|-damage|p1a: Corviknight|48/100
|
|-heal|p1a: Corviknight|54/100|[from] item: Leftovers
|upkeep
|turn|49
|inactive|soyjoas has 120 seconds left.
|
|t:|1743912976
|move|p1a: Corviknight|Roost|p1a: Corviknight
|-heal|p1a: Corviknight|100/100
|-singleturn|p1a: Corviknight|move: Roost
|move|p2a: Kingambit|Kowtow Cleave|p1a: Corviknight
|-damage|p1a: Corviknight|57/100
|
|-heal|p1a: Corviknight|64/100|[from] item: Leftovers
|upkeep
|turn|50
|inactive|Garacade has 120 seconds left.
|
|t:|1743912996
|move|p1a: Corviknight|Bulk Up|p1a: Corviknight
|-boost|p1a: Corviknight|atk|1
|-boost|p1a: Corviknight|def|1
|move|p2a: Kingambit|Swords Dance|p2a: Kingambit
|-boost|p2a: Kingambit|atk|2
|
|-heal|p1a: Corviknight|70/100|[from] item: Leftovers
|upkeep
|turn|51
|inactive|soyjoas has 120 seconds left.
|c|☆Garacade|gotta remove fog for bp my g
|
|t:|1743913021
|move|p1a: Corviknight|Brave Bird|p2a: Kingambit
|-resisted|p2a: Kingambit
|-damage|p2a: Kingambit|80/100
|-damage|p1a: Corviknight|63/100|[from] Recoil
|move|p2a: Kingambit|Swords Dance|p2a: Kingambit
|-boost|p2a: Kingambit|atk|2
|
|-heal|p1a: Corviknight|69/100|[from] item: Leftovers
|-heal|p2a: Kingambit|87/100|[from] item: Leftovers
|upkeep
|turn|52
|inactive|Garacade has 120 seconds left.
|
|t:|1743913047
|move|p1a: Corviknight|Brave Bird|p2a: Kingambit
|-resisted|p2a: Kingambit
|-damage|p2a: Kingambit|67/100
|-damage|p1a: Corviknight|63/100|[from] Recoil
|move|p2a: Kingambit|Kowtow Cleave|p1a: Corviknight
|-damage|p1a: Corviknight|0 fnt
|faint|p1a: Corviknight
|
|-heal|p2a: Kingambit|74/100|[from] item: Leftovers
|upkeep
|c|☆soyjoas|I don't know what you just said but you damn right
|
|t:|1743913063
|switch|p1a: Enamorus|Enamorus, F|100/100
|turn|53
|inactive|Garacade has 120 seconds left.
|
|t:|1743913078
|move|p2a: Kingambit|Sucker Punch|p1a: Enamorus
|-resisted|p1a: Enamorus
|-damage|p1a: Enamorus|0 fnt
|faint|p1a: Enamorus
|
|-heal|p2a: Kingambit|80/100|[from] item: Leftovers
|upkeep
|
|t:|1743913084
|switch|p1a: Gliscor|Gliscor, M, tera:Water|74/100 tox
|turn|54
|c|☆Garacade|body press
|c|☆soyjoas|So that gg
|
|t:|1743913101
|move|p2a: Kingambit|Sucker Punch|p1a: Gliscor
|-damage|p1a: Gliscor|0 fnt
|faint|p1a: Gliscor
|
|-heal|p2a: Kingambit|86/100|[from] item: Leftovers
|upkeep
|
|t:|1743913104
|switch|p1a: Darkrai|Darkrai|91/100
|turn|55
|c|☆Garacade|u know
|c|☆Garacade|im on a reddit page rn
|c|☆Garacade|hate reading gliscor
|c|☆Garacade|lmaooo
|
|t:|1743913117
|move|p2a: Kingambit|Sucker Punch|p1a: Darkrai
|-resisted|p1a: Darkrai
|-damage|p1a: Darkrai|8/100
|move|p1a: Darkrai|Foul Play|p2a: Kingambit
|-resisted|p2a: Kingambit
|-damage|p2a: Kingambit|30/100
|
|-heal|p2a: Kingambit|36/100|[from] item: Leftovers
|upkeep
|turn|56
|inactive|soyjoas has 120 seconds left.
|c|☆Garacade|gg
|c|☆soyjoas|Gg
|
|t:|1743913127
|move|p2a: Kingambit|Sucker Punch|p1a: Darkrai
|-resisted|p1a: Darkrai
|-damage|p1a: Darkrai|0 fnt
|faint|p1a: Darkrai
|
|win|Garacade
|raw|soyjoas's rating: 1182 &rarr; <strong>1162</strong><br />(-20 for losing)
|raw|Garacade's rating: 1247 &rarr; <strong>1267</strong><br />(+20 for winning)
|l|☆Garacade
|player|p2|
|l|☆soyjoas
|player|p1|
