|j|☆zywlj
|j|☆blueflea.n
|t:|1743927147
|gametype|singles
|player|p1|zywlj|riley|1181
|player|p2|blueflea.n|n|1148
|teamsize|p1|6
|teamsize|p2|6
|gen|9
|tier|[Gen 9] OU
|rated|
|rule|HP Percentage Mod: HP is shown in percentages
|rule|Endless Battle Clause: Forcing endless battles is banned
|rule|Species Clause: Limit one of each Pokémon
|rule|OHKO Clause: OHKO moves are banned
|rule|Evasion Items Clause: Evasion items are banned
|rule|Evasion Moves Clause: Evasion moves are banned
|rule|Sleep Moves Clause: Sleep-inducing moves are banned
|clearpoke
|poke|p1|Chansey, F|
|poke|p1|Incineroar, M|
|poke|p1|Greninja-*, M|
|poke|p1|Cinderace, M|
|poke|p1|Meowscarada, F|
|poke|p1|Zamazenta-*|
|poke|p2|Luxray, F|
|poke|p2|Araquanid, F|
|poke|p2|Iron Moth|
|poke|p2|Kingambit, M|
|poke|p2|Dragonite, M|
|poke|p2|Ogerpon-Wellspring, F|
|teampreview
|inactive|Battle timer is ON: inactive players will automatically lose when time's up. (requested by blueflea.n)
|inactive|zywlj has 120 seconds left.
|
|t:|1743927187
|start
|switch|p1a: Cinderace|Cinderace, M, shiny|100/100
|switch|p2a: Araquanid|Araquanid, F|100/100
|-item|p1a: Cinderace|Air Balloon
|turn|1
|
|t:|1743927192
|move|p1a: Cinderace|Gunk Shot|p2a: Araquanid
|-start|p1a: Cinderace|typechange|Poison|[from] ability: Libero
|-damage|p2a: Araquanid|44/100
|move|p2a: Araquanid|Liquidation|p1a: Cinderace
|-damage|p1a: Cinderace|34/100
|-enditem|p1a: Cinderace|Air Balloon
|
|upkeep
|turn|2
|
|t:|1743927204
|switch|p2a: Dragonite|Dragonite, M|100/100
|move|p1a: Cinderace|Acrobatics|p2a: Dragonite
|-damage|p2a: Dragonite|79/100
|
|upkeep
|turn|3
|
|t:|1743927211
|switch|p1a: Zamazenta|Zamazenta, shiny|100/100
|-ability|p1a: Zamazenta|Dauntless Shield|boost
|-boost|p1a: Zamazenta|def|1
|move|p2a: Dragonite|Extreme Speed|p1a: Zamazenta
|-damage|p1a: Zamazenta|88/100
|
|-heal|p1a: Zamazenta|94/100|[from] item: Leftovers
|upkeep
|turn|4
|
|t:|1743927219
|switch|p2a: Araquanid|Araquanid, F|44/100
|move|p1a: Zamazenta|Iron Defense|p1a: Zamazenta
|-boost|p1a: Zamazenta|def|2
|
|-heal|p1a: Zamazenta|99/100|[from] item: Leftovers
|upkeep
|turn|5
|
|t:|1743927227
|-terastallize|p2a: Araquanid|Ghost
|move|p1a: Zamazenta|Body Press|p2a: Araquanid
|-immune|p2a: Araquanid
|move|p2a: Araquanid|Sticky Web|p1a: Zamazenta
|-sidestart|p1: zywlj|move: Sticky Web
|
|-heal|p1a: Zamazenta|100/100|[from] item: Leftovers
|upkeep
|turn|6
|
|t:|1743927239
|move|p1a: Zamazenta|Ice Fang|p2a: Araquanid
|-damage|p2a: Araquanid|26/100
|move|p2a: Araquanid|Endeavor|p1a: Zamazenta
|-damage|p1a: Zamazenta|24/100
|
|-heal|p1a: Zamazenta|30/100|[from] item: Leftovers
|upkeep
|turn|7
|
|t:|1743927247
|switch|p1a: Incineroar|Incineroar, M, shiny|100/100
|-activate|p1a: Incineroar|move: Sticky Web
|-unboost|p1a: Incineroar|spe|1
|-ability|p1a: Incineroar|Intimidate|boost
|-unboost|p2a: Araquanid|atk|1
|move|p2a: Araquanid|Liquidation|p1a: Incineroar
|-supereffective|p1a: Incineroar
|-damage|p1a: Incineroar|58/100
|
|upkeep
|turn|8
|
|t:|1743927256
|move|p2a: Araquanid|Liquidation|p1a: Incineroar
|-supereffective|p1a: Incineroar
|-damage|p1a: Incineroar|21/100
|-unboost|p1a: Incineroar|def|1
|-enditem|p1a: Incineroar|Sitrus Berry|[eat]
|-heal|p1a: Incineroar|46/100|[from] item: Sitrus Berry
|move|p1a: Incineroar|Knock Off|p2a: Araquanid
|-supereffective|p2a: Araquanid
|-crit|p2a: Araquanid
|-damage|p2a: Araquanid|0 fnt
|-enditem|p2a: Araquanid|Custap Berry|[from] move: Knock Off|[of] p1a: Incineroar
|faint|p2a: Araquanid
|
|upkeep
|
|t:|1743927266
|switch|p2a: Luxray|Luxray, F|100/100
|turn|9
|
|t:|1743927281
|switch|p1a: Zamazenta|Zamazenta, shiny|30/100
|-activate|p1a: Zamazenta|move: Sticky Web
|-unboost|p1a: Zamazenta|spe|1
|move|p2a: Luxray|Play Rough|p1a: Zamazenta
|-supereffective|p1a: Zamazenta
|-damage|p1a: Zamazenta|0 fnt
|faint|p1a: Zamazenta
|
|-status|p2a: Luxray|brn|[from] item: Flame Orb
|upkeep
|
|t:|1743927284
|switch|p1a: Cinderace|Cinderace, M, shiny|34/100
|-activate|p1a: Cinderace|move: Sticky Web
|-unboost|p1a: Cinderace|spe|1
|turn|10
|
|t:|1743927294
|move|p2a: Luxray|Facade|p1a: Cinderace
|-damage|p1a: Cinderace|0 fnt
|faint|p1a: Cinderace
|
|-damage|p2a: Luxray|95/100 brn|[from] brn
|upkeep
|
|t:|1743927301
|switch|p1a: Greninja|Greninja, M|100/100
|-activate|p1a: Greninja|move: Sticky Web
|-unboost|p1a: Greninja|spe|1
|turn|11
|
|t:|1743927304
|move|p1a: Greninja|Water Shuriken|p2a: Luxray
|-damage|p2a: Luxray|85/100 brn
|-damage|p2a: Luxray|75/100 brn
|-damage|p2a: Luxray|65/100 brn
|-damage|p2a: Luxray|54/100 brn
|-damage|p2a: Luxray|45/100 brn
|-hitcount|p2a: Luxray|5
|move|p2a: Luxray|Play Rough|p1a: Greninja
|-supereffective|p1a: Greninja
|-damage|p1a: Greninja|0 fnt
|faint|p1a: Greninja
|
|-damage|p2a: Luxray|39/100 brn|[from] brn
|upkeep
|
|t:|1743927308
|switch|p1a: Meowscarada|Meowscarada, F, shiny|100/100
|-activate|p1a: Meowscarada|move: Sticky Web
|-unboost|p1a: Meowscarada|spe|1
|turn|12
|
|t:|1743927320
|move|p2a: Luxray|Play Rough|p1a: Meowscarada
|-supereffective|p1a: Meowscarada
|-damage|p1a: Meowscarada|0 fnt
|faint|p1a: Meowscarada
|
|-damage|p2a: Luxray|33/100 brn|[from] brn
|upkeep
|inactive|zywlj has 120 seconds left.
|inactive|zywlj has 90 seconds left.
|j| wilsondude
|j| poli sci
|l| poli sci
|inactive|zywlj has 60 seconds left.
|inactive|zywlj has 30 seconds left.
|inactive|zywlj has 20 seconds left.
|inactive|zywlj has 15 seconds left.
|inactive|zywlj has 10 seconds left.
|inactive|zywlj has 5 seconds left.
|-message|zywlj lost due to inactivity.
|
|win|blueflea.n
|raw|zywlj's rating: 1181 &rarr; <strong>1154</strong><br />(-27 for losing)
|raw|blueflea.n's rating: 1148 &rarr; <strong>1175</strong><br />(+27 for winning)
|l|☆blueflea.n
|player|p2|
|l| wilsondude
|j| Chorley Cakes
|l| Chorley Cakes
|l|☆zywlj
|player|p1|
