|j|☆VANYR
|j|☆sveinung12321
|t:|1743865013
|gametype|singles
|player|p1|VANYR|grimsley|1534
|player|p2|sveinung12321|265|1536
|teamsize|p1|6
|teamsize|p2|6
|gen|9
|tier|[Gen 9] OU
|rated|
|rule|HP Percentage Mod: HP is shown in percentages
|rule|Endless Battle Clause: Forcing endless battles is banned
|rule|Species Clause: Limit one of each Pokémon
|rule|OHKO Clause: OHKO moves are banned
|rule|Evasion Items Clause: Evasion items are banned
|rule|Evasion Moves Clause: Evasion moves are banned
|rule|Sleep Moves Clause: Sleep-inducing moves are banned
|clearpoke
|poke|p1|Glimmora, M|
|poke|p1|Samurott-Hisui, M|
|poke|p1|Kleavor, M|
|poke|p1|Sinistcha-Masterpiece|
|poke|p1|Heatran, F|
|poke|p1|Conkeldurr, M|
|poke|p2|Zapdos|
|poke|p2|Corviknight, F|
|poke|p2|Iron Valiant|
|poke|p2|Great Tusk|
|poke|p2|Dragapult, F|
|poke|p2|Slowbro, F|
|teampreview
|inactive|Battle timer is ON: inactive players will automatically lose when time's up. (requested by sveinung12321)
|
|t:|1743865035
|start
|switch|p1a: Samurott|Samurott-Hisui, M|100/100
|switch|p2a: Great Tusk|Great Tusk|100/100
|turn|1
|
|t:|1743865039
|move|p2a: Great Tusk|Rapid Spin|p1a: Samurott
|-damage|p1a: Samurott|80/100
|-boost|p2a: Great Tusk|spe|1
|move|p1a: Samurott|Razor Shell|p2a: Great Tusk
|-supereffective|p2a: Great Tusk
|-damage|p2a: Great Tusk|24/100
|
|-heal|p2a: Great Tusk|31/100|[from] item: Leftovers
|upkeep
|turn|2
|
|t:|1743865044
|move|p2a: Great Tusk|Headlong Rush|p1a: Samurott
|-damage|p1a: Samurott|6/100
|-unboost|p2a: Great Tusk|def|1
|-unboost|p2a: Great Tusk|spd|1
|move|p1a: Samurott|Ceaseless Edge|p2a: Great Tusk
|-resisted|p2a: Great Tusk
|-damage|p2a: Great Tusk|0 fnt
|-sidestart|p2: sveinung12321|Spikes
|faint|p2a: Great Tusk
|-end|p2a: Great Tusk|Protosynthesis|[silent]
|
|upkeep
|
|t:|1743865047
|switch|p2a: Corviknight|Corviknight, F|100/100
|-ability|p2a: Corviknight|Pressure
|turn|3
|
|t:|1743865051
|switch|p1a: Heatran|Heatran, F|100/100
|move|p2a: Corviknight|Defog|p1a: Heatran
|-unboost|p1a: Heatran|evasion|1
|-sideend|p2: sveinung12321|Spikes|[from] move: Defog|[of] p2a: Corviknight
|
|upkeep
|turn|4
|
|t:|1743865054
|switch|p2a: Slowbro|Slowbro, F|100/100
|move|p1a: Heatran|Magma Storm|p2a: Slowbro
|-resisted|p2a: Slowbro
|-damage|p2a: Slowbro|79/100
|-activate|p2a: Slowbro|move: Magma Storm|[of] p1a: Heatran
|
|-damage|p2a: Slowbro|66/100|[from] move: Magma Storm|[partiallytrapped]
|upkeep
|turn|5
|
|t:|1743865060
|move|p1a: Heatran|Earth Power|p2a: Slowbro
|-damage|p2a: Slowbro|43/100
|move|p2a: Slowbro|Scald|p1a: Heatran
|-supereffective|p1a: Heatran
|-damage|p1a: Heatran|64/100
|
|-damage|p2a: Slowbro|30/100|[from] move: Magma Storm|[partiallytrapped]
|upkeep
|turn|6
|
|t:|1743865066
|move|p1a: Heatran|Earth Power|p2a: Slowbro
|-damage|p2a: Slowbro|4/100
|move|p2a: Slowbro|Body Press|p1a: Heatran
|-supereffective|p1a: Heatran
|-damage|p1a: Heatran|24/100
|
|-damage|p2a: Slowbro|0 fnt|[from] move: Magma Storm|[partiallytrapped]
|faint|p2a: Slowbro
|upkeep
|
|t:|1743865070
|switch|p2a: Dragapult|Dragapult, F|100/100
|turn|7
|
|t:|1743865078
|move|p2a: Dragapult|Dragon Darts|p1a: Heatran
|-resisted|p1a: Heatran
|-damage|p1a: Heatran|9/100
|-anim|p2a: Dragapult|Dragon Darts|p1a: Heatran
|-resisted|p1a: Heatran
|-damage|p1a: Heatran|0 fnt
|faint|p1a: Heatran
|
|upkeep
|
|t:|1743865084
|switch|p1a: Kleavor|Kleavor, M|100/100
|turn|8
|
|t:|1743865092
|switch|p2a: Corviknight|Corviknight, F|100/100
|-ability|p2a: Corviknight|Pressure
|move|p1a: Kleavor|Stone Axe|p2a: Corviknight
|-damage|p2a: Corviknight|52/100
|-damage|p1a: Kleavor|84/100|[from] item: Rocky Helmet|[of] p2a: Corviknight
|-sidestart|p2: sveinung12321|move: Stealth Rock
|
|upkeep
|turn|9
|
|t:|1743865098
|move|p1a: Kleavor|Stone Axe|p2a: Corviknight
|-damage|p2a: Corviknight|0 fnt
|-damage|p1a: Kleavor|67/100|[from] item: Rocky Helmet|[of] p2a: Corviknight
|faint|p2a: Corviknight
|
|upkeep
|
|t:|1743865102
|switch|p2a: Dragapult|Dragapult, F|100/100
|-damage|p2a: Dragapult|88/100|[from] Stealth Rock
|turn|10
|
|t:|1743865105
|move|p2a: Dragapult|Dragon Darts|p1a: Kleavor
|-damage|p1a: Kleavor|32/100
|-anim|p2a: Dragapult|Dragon Darts|p1a: Kleavor
|-damage|p1a: Kleavor|0 fnt
|faint|p1a: Kleavor
|
|upkeep
|
|t:|1743865109
|switch|p1a: Conkeldurr|Conkeldurr, M|100/100
|turn|11
|
|t:|1743865138
|switch|p2a: Zapdos|Zapdos|100/100
|move|p1a: Conkeldurr|Ice Punch|p2a: Zapdos
|-supereffective|p2a: Zapdos
|-damage|p2a: Zapdos|7/100
|
|upkeep
|turn|12
|
|t:|1743865145
|switch|p1a: Glimmora|Glimmora, M|100/100
|move|p2a: Zapdos|Hurricane|p1a: Glimmora
|-resisted|p1a: Glimmora
|-damage|p1a: Glimmora|79/100
|
|-heal|p1a: Glimmora|85/100|[from] item: Black Sludge
|upkeep
|turn|13
|
|t:|1743865164
|move|p2a: Zapdos|Roost|p2a: Zapdos
|-heal|p2a: Zapdos|57/100
|-singleturn|p2a: Zapdos|move: Roost
|move|p1a: Glimmora|Power Gem|p2a: Zapdos
|-damage|p2a: Zapdos|21/100
|
|-heal|p1a: Glimmora|92/100|[from] item: Black Sludge
|upkeep
|turn|14
|
|t:|1743865172
|move|p2a: Zapdos|Hurricane|p1a: Glimmora|[miss]
|-miss|p2a: Zapdos|p1a: Glimmora
|move|p1a: Glimmora|Earth Power|p2a: Zapdos
|-immune|p2a: Zapdos
|
|-heal|p1a: Glimmora|98/100|[from] item: Black Sludge
|upkeep
|turn|15
|
|t:|1743865181
|move|p2a: Zapdos|Volt Switch|p1a: Glimmora
|-damage|p1a: Glimmora|71/100
|
|t:|1743865185
|switch|p2a: Iron Valiant|Iron Valiant|100/100|[from] Volt Switch
|-damage|p2a: Iron Valiant|94/100|[from] Stealth Rock
|-enditem|p2a: Iron Valiant|Booster Energy
|-activate|p2a: Iron Valiant|ability: Quark Drive|[fromitem]
|-start|p2a: Iron Valiant|quarkdrivespe
|move|p1a: Glimmora|Sludge Bomb|p2a: Iron Valiant
|-supereffective|p2a: Iron Valiant
|-damage|p2a: Iron Valiant|0 fnt
|faint|p2a: Iron Valiant
|-end|p2a: Iron Valiant|Quark Drive|[silent]
|
|-heal|p1a: Glimmora|77/100|[from] item: Black Sludge
|upkeep
|
|t:|1743865188
|switch|p2a: Dragapult|Dragapult, F|88/100
|-damage|p2a: Dragapult|76/100|[from] Stealth Rock
|turn|16
|
|t:|1743865196
|switch|p1a: Sinistcha|Sinistcha-Masterpiece|100/100
|move|p2a: Dragapult|Dragon Darts|p1a: Sinistcha
|-damage|p1a: Sinistcha|76/100
|-anim|p2a: Dragapult|Dragon Darts|p1a: Sinistcha
|-damage|p1a: Sinistcha|52/100
|
|-heal|p1a: Sinistcha|58/100|[from] item: Leftovers
|upkeep
|turn|17
|
|t:|1743865200
|switch|p2a: Zapdos|Zapdos|21/100
|move|p1a: Sinistcha|Shadow Ball|p2a: Zapdos
|-crit|p2a: Zapdos
|-damage|p2a: Zapdos|0 fnt
|faint|p2a: Zapdos
|
|-heal|p1a: Sinistcha|64/100|[from] item: Leftovers
|upkeep
|
|t:|1743865201
|switch|p2a: Dragapult|Dragapult, F|76/100
|-damage|p2a: Dragapult|64/100|[from] Stealth Rock
|turn|18
|
|t:|1743865210
|-terastallize|p2a: Dragapult|Ghost
|move|p2a: Dragapult|Tera Blast|p1a: Sinistcha|[anim] Tera Blast Ghost
|-supereffective|p1a: Sinistcha
|-damage|p1a: Sinistcha|0 fnt
|faint|p1a: Sinistcha
|
|upkeep
|
|t:|1743865215
|switch|p1a: Samurott|Samurott-Hisui, M|6/100
|turn|19
|
|t:|1743865221
|move|p1a: Samurott|Sucker Punch|p2a: Dragapult
|-supereffective|p2a: Dragapult
|-damage|p2a: Dragapult|0 fnt
|faint|p2a: Dragapult
|
|win|VANYR
|raw|VANYR's rating: 1534 &rarr; <strong>1554</strong><br />(+20 for winning)
|raw|sveinung12321's rating: 1536 &rarr; <strong>1516</strong><br />(-20 for losing)
|l|☆sveinung12321
|player|p2|
|l|☆VANYR
|player|p1|
