|j|☆WAKEYDO12
|j|☆juanchu9
|t:|1743934253
|gametype|singles
|player|p1|WAKEYDO12|pokemonbreeder-gen4|1214
|player|p2|juanchu9|archie-gen6|1182
|teamsize|p1|6
|teamsize|p2|6
|gen|9
|tier|[Gen 9] OU
|rated|
|rule|HP Percentage Mod: HP is shown in percentages
|rule|Endless Battle Clause: Forcing endless battles is banned
|rule|Species Clause: Limit one of each Pokémon
|rule|OHKO Clause: OHKO moves are banned
|rule|Evasion Items Clause: Evasion items are banned
|rule|Evasion Moves Clause: Evasion moves are banned
|rule|Sleep Moves Clause: Sleep-inducing moves are banned
|clearpoke
|poke|p1|Zarude-Dada|
|poke|p1|Tornadus-Therian, M|
|poke|p1|Dondozo, F|
|poke|p1|Gholdengo|
|poke|p1|Iron Treads|
|poke|p1|Arcanine-Hisui, F|
|poke|p2|Gliscor, F|
|poke|p2|Meowscarada, F|
|poke|p2|Ursaluna, F|
|poke|p2|Skarmory, F|
|poke|p2|Dragapult, F|
|poke|p2|Slowking-Galar, F|
|teampreview
|
|t:|1743934281
|start
|switch|p1a: Arcanine|Arcanine-Hisui, F|100/100
|switch|p2a: Gliscor|Gliscor, F|100/100
|turn|1
|
|t:|1743934300
|switch|p1a: Dondozo|Dondozo, F|100/100
|move|p2a: Gliscor|Swords Dance|p2a: Gliscor
|-boost|p2a: Gliscor|atk|2
|
|-status|p2a: Gliscor|tox|[from] item: Toxic Orb
|upkeep
|turn|2
|
|t:|1743934321
|move|p2a: Gliscor|Protect|p2a: Gliscor
|-singleturn|p2a: Gliscor|Protect
|move|p1a: Dondozo|Wave Crash|p2a: Gliscor
|-activate|p2a: Gliscor|move: Protect
|
|upkeep
|turn|3
|
|t:|1743934343
|switch|p2a: Dragapult|Dragapult, F|100/100
|move|p1a: Dondozo|Wave Crash|p2a: Dragapult
|-resisted|p2a: Dragapult
|-damage|p2a: Dragapult|74/100
|-damage|p1a: Dondozo|95/100|[from] Recoil
|
|upkeep
|turn|4
|
|t:|1743934386
|switch|p1a: Tornadus|Tornadus-Therian, M|100/100
|move|p2a: Dragapult|Will-O-Wisp|p1a: Tornadus|[miss]
|-miss|p2a: Dragapult|p1a: Tornadus
|
|upkeep
|turn|5
|
|t:|1743934393
|move|p2a: Dragapult|U-turn|p1a: Tornadus
|-resisted|p1a: Tornadus
|-damage|p1a: Tornadus|91/100
|
|t:|1743934400
|switch|p2a: Gliscor|Gliscor, F|100/100 tox|[from] U-turn
|move|p1a: Tornadus|Bleakwind Storm|p2a: Gliscor
|-damage|p2a: Gliscor|55/100 tox
|
|-heal|p2a: Gliscor|68/100 tox|[from] ability: Poison Heal
|upkeep
|turn|6
|
|t:|1743934413
|move|p1a: Tornadus|U-turn|p2a: Gliscor
|-resisted|p2a: Gliscor
|-damage|p2a: Gliscor|62/100 tox
|
|t:|1743934419
|switch|p1a: Dondozo|Dondozo, F|95/100|[from] U-turn
|move|p2a: Gliscor|Facade|p1a: Dondozo
|-damage|p1a: Dondozo|81/100
|
|-heal|p2a: Gliscor|75/100 tox|[from] ability: Poison Heal
|upkeep
|turn|7
|
|t:|1743934444
|move|p2a: Gliscor|Protect|p2a: Gliscor
|-singleturn|p2a: Gliscor|Protect
|move|p1a: Dondozo|Curse|p1a: Dondozo
|-unboost|p1a: Dondozo|spe|1
|-boost|p1a: Dondozo|atk|1
|-boost|p1a: Dondozo|def|1
|
|-heal|p2a: Gliscor|87/100 tox|[from] ability: Poison Heal
|upkeep
|turn|8
|
|t:|1743934454
|switch|p2a: Dragapult|Dragapult, F|74/100
|move|p1a: Dondozo|Wave Crash|p2a: Dragapult
|-resisted|p2a: Dragapult
|-crit|p2a: Dragapult
|-damage|p2a: Dragapult|7/100
|-damage|p1a: Dondozo|67/100|[from] Recoil
|
|upkeep
|turn|9
|
|t:|1743934462
|move|p2a: Dragapult|Will-O-Wisp|p1a: Dondozo
|-status|p1a: Dondozo|brn
|move|p1a: Dondozo|Wave Crash|p2a: Dragapult
|-resisted|p2a: Dragapult
|-crit|p2a: Dragapult
|-damage|p2a: Dragapult|0 fnt
|faint|p2a: Dragapult
|-damage|p1a: Dondozo|66/100 brn|[from] Recoil
|
|-damage|p1a: Dondozo|60/100 brn|[from] brn
|upkeep
|
|t:|1743934477
|switch|p2a: Meowscarada|Meowscarada, F|100/100
|turn|10
|
|t:|1743934490
|switch|p1a: Zarude|Zarude-Dada|100/100
|move|p2a: Meowscarada|Knock Off|p1a: Zarude
|-start|p2a: Meowscarada|typechange|Dark|[from] ability: Protean
|-resisted|p1a: Zarude
|-damage|p1a: Zarude|81/100
|-enditem|p1a: Zarude|Heavy-Duty Boots|[from] move: Knock Off|[of] p2a: Meowscarada
|
|upkeep
|turn|11
|
|t:|1743934505
|move|p2a: Meowscarada|U-turn|p1a: Zarude
|-supereffective|p1a: Zarude
|-damage|p1a: Zarude|0 fnt
|faint|p1a: Zarude
|
|t:|1743934514
|switch|p2a: Skarmory|Skarmory, F|100/100|[from] U-turn
|
|upkeep
|
|t:|1743934530
|switch|p1a: Iron Treads|Iron Treads|100/100
|-enditem|p1a: Iron Treads|Booster Energy
|-activate|p1a: Iron Treads|ability: Quark Drive|[fromitem]
|-start|p1a: Iron Treads|quarkdriveatk
|turn|12
|
|t:|1743934540
|switch|p2a: Ursaluna|Ursaluna, F|100/100
|move|p1a: Iron Treads|Wild Charge|p2a: Ursaluna
|-immune|p2a: Ursaluna
|
|upkeep
|turn|13
|
|t:|1743934550
|move|p1a: Iron Treads|Ice Spinner|p2a: Ursaluna
|-supereffective|p2a: Ursaluna
|-damage|p2a: Ursaluna|43/100
|move|p2a: Ursaluna|Headlong Rush|p1a: Iron Treads
|-supereffective|p1a: Iron Treads
|-damage|p1a: Iron Treads|0 fnt
|-unboost|p2a: Ursaluna|def|1
|-unboost|p2a: Ursaluna|spd|1
|faint|p1a: Iron Treads
|-end|p1a: Iron Treads|Quark Drive|[silent]
|
|upkeep
|
|t:|1743934568
|switch|p1a: Arcanine|Arcanine-Hisui, F|100/100
|turn|14
|
|t:|1743934573
|switch|p2a: Gliscor|Gliscor, F|87/100 tox
|move|p1a: Arcanine|Flare Blitz|p2a: Gliscor
|-damage|p2a: Gliscor|51/100 tox
|
|-heal|p2a: Gliscor|64/100 tox|[from] ability: Poison Heal
|upkeep
|turn|15
|
|t:|1743934584
|switch|p1a: Dondozo|Dondozo, F|60/100 brn
|move|p2a: Gliscor|Knock Off|p1a: Dondozo
|-damage|p1a: Dondozo|50/100 brn
|-enditem|p1a: Dondozo|Heavy-Duty Boots|[from] move: Knock Off|[of] p2a: Gliscor
|
|-heal|p2a: Gliscor|76/100 tox|[from] ability: Poison Heal
|-damage|p1a: Dondozo|44/100 brn|[from] brn
|upkeep
|turn|16
|
|t:|1743934594
|move|p2a: Gliscor|Protect|p2a: Gliscor
|-singleturn|p2a: Gliscor|Protect
|move|p1a: Dondozo|Rest|p1a: Dondozo
|-status|p1a: Dondozo|slp|[from] move: Rest
|-heal|p1a: Dondozo|100/100 slp|[silent]
|
|-heal|p2a: Gliscor|89/100 tox|[from] ability: Poison Heal
|upkeep
|turn|17
|
|t:|1743934605
|move|p2a: Gliscor|Facade|p1a: Dondozo
|-damage|p1a: Dondozo|88/100 slp
|cant|p1a: Dondozo|slp
|move|p1a: Dondozo|Sleep Talk|p1a: Dondozo
|move|p1a: Dondozo|Rest||[from] move: Sleep Talk|[still]
|-fail|p1a: Dondozo
|
|-heal|p2a: Gliscor|100/100 tox|[from] ability: Poison Heal
|upkeep
|turn|18
|
|t:|1743934617
|switch|p2a: Slowking|Slowking-Galar, F|100/100
|cant|p1a: Dondozo|slp
|move|p1a: Dondozo|Sleep Talk|p1a: Dondozo
|move|p1a: Dondozo|Wave Crash|p2a: Slowking|[from] move: Sleep Talk
|-damage|p2a: Slowking|56/100
|-damage|p1a: Dondozo|76/100 slp|[from] Recoil
|
|upkeep
|turn|19
|
|t:|1743934632
|switch|p1a: Gholdengo|Gholdengo|100/100
|move|p2a: Slowking|Psychic Noise|p1a: Gholdengo
|-resisted|p1a: Gholdengo
|-damage|p1a: Gholdengo|87/100
|-start|p1a: Gholdengo|move: Heal Block
|
|upkeep
|turn|20
|
|t:|1743934649
|switch|p2a: Meowscarada|Meowscarada, F|100/100
|move|p1a: Gholdengo|Make It Rain|p2a: Meowscarada
|-damage|p2a: Meowscarada|0 fnt
|-unboost|p1a: Gholdengo|spa|1
|faint|p2a: Meowscarada
|
|-end|p1a: Gholdengo|move: Heal Block
|upkeep
|
|t:|1743934662
|switch|p2a: Skarmory|Skarmory, F|100/100
|turn|21
|
|t:|1743934674
|switch|p1a: Tornadus|Tornadus-Therian, M|100/100
|move|p2a: Skarmory|Stealth Rock|p1a: Tornadus
|-sidestart|p1: WAKEYDO12|move: Stealth Rock
|
|upkeep
|turn|22
|
|t:|1743934684
|move|p1a: Tornadus|Knock Off|p2a: Skarmory
|-damage|p2a: Skarmory|88/100
|-damage|p1a: Tornadus|84/100|[from] item: Rocky Helmet|[of] p2a: Skarmory
|-enditem|p2a: Skarmory|Rocky Helmet|[from] move: Knock Off|[of] p1a: Tornadus
|move|p2a: Skarmory|Whirlwind|p1a: Tornadus
|drag|p1a: Arcanine|Arcanine-Hisui, F|100/100
|
|upkeep
|turn|23
|
|t:|1743934698
|switch|p2a: Gliscor|Gliscor, F|100/100 tox
|move|p1a: Arcanine|Flare Blitz|p2a: Gliscor
|-damage|p2a: Gliscor|64/100 tox
|
|-heal|p2a: Gliscor|77/100 tox|[from] ability: Poison Heal
|upkeep
|turn|24
|
|t:|1743934709
|move|p1a: Arcanine|Flare Blitz|p2a: Gliscor
|-damage|p2a: Gliscor|37/100 tox
|move|p2a: Gliscor|Swords Dance|p2a: Gliscor
|-boost|p2a: Gliscor|atk|2
|
|-heal|p2a: Gliscor|49/100 tox|[from] ability: Poison Heal
|upkeep
|turn|25
|
|t:|1743934717
|switch|p1a: Dondozo|Dondozo, F|76/100 slp
|-damage|p1a: Dondozo|64/100 slp|[from] Stealth Rock
|move|p2a: Gliscor|Protect||[still]
|-fail|p2a: Gliscor
|
|-heal|p2a: Gliscor|62/100 tox|[from] ability: Poison Heal
|upkeep
|turn|26
|
|t:|1743934728
|-terastallize|p2a: Gliscor|Normal
|move|p2a: Gliscor|Facade|p1a: Dondozo
|-damage|p1a: Dondozo|44/100 slp
|-curestatus|p1a: Dondozo|slp|[msg]
|move|p1a: Dondozo|Wave Crash|p2a: Gliscor
|-damage|p2a: Gliscor|31/100 tox
|-damage|p1a: Dondozo|37/100|[from] Recoil
|
|-heal|p2a: Gliscor|44/100 tox|[from] ability: Poison Heal
|upkeep
|turn|27
|
|t:|1743934741
|move|p2a: Gliscor|Facade|p1a: Dondozo
|-damage|p1a: Dondozo|15/100
|move|p1a: Dondozo|Rest|p1a: Dondozo
|-status|p1a: Dondozo|slp|[from] move: Rest
|-heal|p1a: Dondozo|100/100 slp|[silent]
|
|-heal|p2a: Gliscor|56/100 tox|[from] ability: Poison Heal
|upkeep
|turn|28
|
|t:|1743934754
|move|p2a: Gliscor|Facade|p1a: Dondozo
|-damage|p1a: Dondozo|80/100 slp
|cant|p1a: Dondozo|slp
|move|p1a: Dondozo|Sleep Talk|p1a: Dondozo
|move|p1a: Dondozo|Curse|p1a: Dondozo|[from] move: Sleep Talk
|-unboost|p1a: Dondozo|spe|1
|-boost|p1a: Dondozo|atk|1
|-boost|p1a: Dondozo|def|1
|
|-heal|p2a: Gliscor|69/100 tox|[from] ability: Poison Heal
|upkeep
|turn|29
|
|t:|1743934770
|move|p2a: Gliscor|Facade|p1a: Dondozo
|-damage|p1a: Dondozo|66/100 slp
|cant|p1a: Dondozo|slp
|
|-heal|p2a: Gliscor|81/100 tox|[from] ability: Poison Heal
|upkeep
|turn|30
|
|t:|1743934778
|move|p2a: Gliscor|Facade|p1a: Dondozo
|-damage|p1a: Dondozo|51/100 slp
|-curestatus|p1a: Dondozo|slp|[msg]
|move|p1a: Dondozo|Wave Crash|p2a: Gliscor
|-damage|p2a: Gliscor|42/100 tox
|-damage|p1a: Dondozo|42/100|[from] Recoil
|
|-heal|p2a: Gliscor|55/100 tox|[from] ability: Poison Heal
|upkeep
|turn|31
|
|t:|1743934790
|move|p2a: Gliscor|Facade|p1a: Dondozo
|-damage|p1a: Dondozo|27/100
|move|p1a: Dondozo|Rest|p1a: Dondozo
|-status|p1a: Dondozo|slp|[from] move: Rest
|-heal|p1a: Dondozo|100/100 slp|[silent]
|
|-heal|p2a: Gliscor|67/100 tox|[from] ability: Poison Heal
|upkeep
|turn|32
|
|t:|1743934808
|move|p2a: Gliscor|Facade|p1a: Dondozo
|-damage|p1a: Dondozo|86/100 slp
|cant|p1a: Dondozo|slp
|move|p1a: Dondozo|Sleep Talk|p1a: Dondozo
|move|p1a: Dondozo|Rest||[from] move: Sleep Talk|[still]
|-fail|p1a: Dondozo
|
|-heal|p2a: Gliscor|80/100 tox|[from] ability: Poison Heal
|upkeep
|turn|33
|
|t:|1743934818
|move|p2a: Gliscor|Facade|p1a: Dondozo
|-damage|p1a: Dondozo|71/100 slp
|cant|p1a: Dondozo|slp
|move|p1a: Dondozo|Sleep Talk|p1a: Dondozo
|move|p1a: Dondozo|Wave Crash|p2a: Gliscor|[from] move: Sleep Talk
|-damage|p2a: Gliscor|41/100 tox
|-damage|p1a: Dondozo|62/100 slp|[from] Recoil
|
|-heal|p2a: Gliscor|53/100 tox|[from] ability: Poison Heal
|upkeep
|turn|34
|
|t:|1743934838
|move|p2a: Gliscor|Facade|p1a: Dondozo
|-damage|p1a: Dondozo|48/100 slp
|-curestatus|p1a: Dondozo|slp|[msg]
|move|p1a: Dondozo|Curse|p1a: Dondozo
|-unboost|p1a: Dondozo|spe|1
|-boost|p1a: Dondozo|atk|1
|-boost|p1a: Dondozo|def|1
|
|-heal|p2a: Gliscor|66/100 tox|[from] ability: Poison Heal
|upkeep
|turn|35
|
|t:|1743934850
|move|p2a: Gliscor|Protect|p2a: Gliscor
|-singleturn|p2a: Gliscor|Protect
|move|p1a: Dondozo|Curse|p1a: Dondozo
|-unboost|p1a: Dondozo|spe|1
|-boost|p1a: Dondozo|atk|1
|-boost|p1a: Dondozo|def|1
|
|-heal|p2a: Gliscor|78/100 tox|[from] ability: Poison Heal
|upkeep
|turn|36
|
|t:|1743934859
|move|p2a: Gliscor|Facade|p1a: Dondozo
|-damage|p1a: Dondozo|40/100
|move|p1a: Dondozo|Rest|p1a: Dondozo
|-status|p1a: Dondozo|slp|[from] move: Rest
|-heal|p1a: Dondozo|100/100 slp|[silent]
|
|-heal|p2a: Gliscor|91/100 tox|[from] ability: Poison Heal
|upkeep
|turn|37
|
|t:|1743934871
|switch|p2a: Skarmory|Skarmory, F|88/100
|cant|p1a: Dondozo|slp
|move|p1a: Dondozo|Sleep Talk|p1a: Dondozo
|move|p1a: Dondozo|Curse|p1a: Dondozo|[from] move: Sleep Talk
|-unboost|p1a: Dondozo|spe|1
|-boost|p1a: Dondozo|atk|1
|-boost|p1a: Dondozo|def|1
|
|upkeep
|turn|38
|
|t:|1743934883
|cant|p1a: Dondozo|slp
|move|p1a: Dondozo|Sleep Talk|p1a: Dondozo
|move|p1a: Dondozo|Rest||[from] move: Sleep Talk|[still]
|-fail|p1a: Dondozo
|move|p2a: Skarmory|Whirlwind|p1a: Dondozo
|drag|p1a: Tornadus|Tornadus-Therian, M|100/100
|-damage|p1a: Tornadus|76/100|[from] Stealth Rock
|
|upkeep
|turn|39
|
|t:|1743934895
|switch|p1a: Gholdengo|Gholdengo|87/100
|-damage|p1a: Gholdengo|81/100|[from] Stealth Rock
|move|p2a: Skarmory|Brave Bird|p1a: Gholdengo
|-resisted|p1a: Gholdengo
|-damage|p1a: Gholdengo|63/100
|-damage|p2a: Skarmory|81/100|[from] Recoil
|
|-heal|p1a: Gholdengo|69/100|[from] item: Leftovers
|upkeep
|turn|40
|
|t:|1743934907
|move|p1a: Gholdengo|Recover|p1a: Gholdengo
|-heal|p1a: Gholdengo|100/100
|move|p2a: Skarmory|Whirlwind|p1a: Gholdengo
|-immune|p1a: Gholdengo|[from] ability: Good as Gold
|
|upkeep
|turn|41
|
|t:|1743934918
|switch|p2a: Gliscor|Gliscor, F, tera:Normal|91/100 tox
|move|p1a: Gholdengo|Nasty Plot|p1a: Gholdengo
|-boost|p1a: Gholdengo|spa|2
|
|-heal|p2a: Gliscor|100/100 tox|[from] ability: Poison Heal
|upkeep
|turn|42
|
|t:|1743934927
|move|p2a: Gliscor|Knock Off|p1a: Gholdengo
|-supereffective|p1a: Gholdengo
|-damage|p1a: Gholdengo|57/100
|-enditem|p1a: Gholdengo|Leftovers|[from] move: Knock Off|[of] p2a: Gliscor
|move|p1a: Gholdengo|Shadow Ball|p2a: Gliscor
|-immune|p2a: Gliscor
|
|upkeep
|turn|43
|
|t:|1743934936
|move|p2a: Gliscor|Knock Off|p1a: Gholdengo
|-supereffective|p1a: Gholdengo
|-damage|p1a: Gholdengo|29/100
|move|p1a: Gholdengo|Recover|p1a: Gholdengo
|-heal|p1a: Gholdengo|79/100
|
|upkeep
|turn|44
|
|t:|1743934943
|switch|p2a: Ursaluna|Ursaluna, F|43/100
|move|p1a: Gholdengo|Make It Rain|p2a: Ursaluna
|-damage|p2a: Ursaluna|0 fnt
|-unboost|p1a: Gholdengo|spa|1
|faint|p2a: Ursaluna
|
|upkeep
|
|t:|1743934946
|switch|p2a: Slowking|Slowking-Galar, F|89/100
|turn|45
|
|t:|1743934955
|move|p1a: Gholdengo|Nasty Plot|p1a: Gholdengo
|-boost|p1a: Gholdengo|spa|2
|move|p2a: Slowking|Psychic Noise|p1a: Gholdengo
|-resisted|p1a: Gholdengo
|-damage|p1a: Gholdengo|65/100
|-start|p1a: Gholdengo|move: Heal Block
|
|upkeep
|turn|46
|
|t:|1743934966
|move|p1a: Gholdengo|Nasty Plot|p1a: Gholdengo
|-boost|p1a: Gholdengo|spa|2
|move|p2a: Slowking|Psychic Noise|p1a: Gholdengo
|-resisted|p1a: Gholdengo
|-damage|p1a: Gholdengo|51/100
|
|-end|p1a: Gholdengo|move: Heal Block
|upkeep
|turn|47
|-message|juanchu9 forfeited.
|
|win|WAKEYDO12
|raw|WAKEYDO12's rating: 1214 &rarr; <strong>1237</strong><br />(+23 for winning)
|raw|juanchu9's rating: 1182 &rarr; <strong>1159</strong><br />(-23 for losing)
|l|☆juanchu9
|player|p2|
|l|☆WAKEYDO12
|player|p1|
