|j|‽bigblacknunruly
|j|☆imnewbutillbeatu
|t:|1743915686
|gametype|singles
|player|p1|bigblacknunruly|sage|1205
|player|p2|imnewbutillbeatu|1|1178
|teamsize|p1|6
|teamsize|p2|6
|gen|9
|tier|[Gen 9] OU
|rated|
|rule|HP Percentage Mod: HP is shown in percentages
|rule|Endless Battle Clause: Forcing endless battles is banned
|rule|Species Clause: Limit one of each Pokémon
|rule|OHKO Clause: OHKO moves are banned
|rule|Evasion Items Clause: Evasion items are banned
|rule|Evasion Moves Clause: Evasion moves are banned
|rule|Sleep Moves Clause: Sleep-inducing moves are banned
|clearpoke
|poke|p1|Okidogi, M|
|poke|p1|Rotom-Wash|
|poke|p1|Heatran, M|
|poke|p1|Corviknight, M|
|poke|p1|Great Tusk|
|poke|p1|Gholdengo|
|poke|p2|Iron Moth|
|poke|p2|Dragapult, M|
|poke|p2|Zamazenta-*|
|poke|p2|Hawlucha, M|
|poke|p2|Cloyster, M|
|poke|p2|Great Tusk|
|teampreview
|c|☆imnewbutillbeatu|glhf
|j| pokemonxuetu
|
|t:|1743915710
|start
|switch|p1a: Gholdengo|Gholdengo|100/100
|switch|p2a: Hawlucha|Hawlucha, M|100/100
|turn|1
|
|t:|1743915719
|move|p2a: Hawlucha|Swords Dance|p2a: Hawlucha
|-boost|p2a: Hawlucha|atk|2
|move|p1a: Gholdengo|Thunderbolt|p2a: Hawlucha
|-supereffective|p2a: Hawlucha
|-enditem|p2a: Hawlucha|Focus Sash
|-damage|p2a: Hawlucha|1/100
|
|upkeep
|turn|2
|c|☆imnewbutillbeatu|oh no
|
|t:|1743915730
|move|p2a: Hawlucha|Acrobatics|p1a: Gholdengo
|-resisted|p1a: Gholdengo
|-damage|p1a: Gholdengo|51/100
|move|p1a: Gholdengo|Thunderbolt|p2a: Hawlucha
|-supereffective|p2a: Hawlucha
|-damage|p2a: Hawlucha|0 fnt
|faint|p2a: Hawlucha
|
|upkeep
|
|t:|1743915738
|switch|p2a: Great Tusk|Great Tusk|100/100
|-enditem|p2a: Great Tusk|Booster Energy
|-activate|p2a: Great Tusk|ability: Protosynthesis|[fromitem]
|-start|p2a: Great Tusk|protosynthesisatk
|turn|3
|
|t:|1743915744
|switch|p1a: Corviknight|Corviknight, M|100/100
|-ability|p1a: Corviknight|Pressure
|move|p2a: Great Tusk|Earthquake|p1a: Corviknight
|-immune|p1a: Corviknight
|
|upkeep
|turn|4
|
|t:|1743915752
|move|p2a: Great Tusk|Bulk Up|p2a: Great Tusk
|-boost|p2a: Great Tusk|atk|1
|-boost|p2a: Great Tusk|def|1
|move|p1a: Corviknight|Scary Face|p2a: Great Tusk
|-unboost|p2a: Great Tusk|spe|2
|
|upkeep
|turn|5
|
|t:|1743915784
|move|p1a: Corviknight|Brave Bird|p2a: Great Tusk
|-supereffective|p2a: Great Tusk
|-damage|p2a: Great Tusk|71/100
|-damage|p1a: Corviknight|90/100|[from] Recoil
|move|p2a: Great Tusk|Bulk Up|p2a: Great Tusk
|-boost|p2a: Great Tusk|atk|1
|-boost|p2a: Great Tusk|def|1
|
|upkeep
|turn|6
|c|☆imnewbutillbeatu|you're just lucky moon got banned
|
|t:|1743915802
|move|p1a: Corviknight|Brave Bird|p2a: Great Tusk
|-supereffective|p2a: Great Tusk
|-damage|p2a: Great Tusk|48/100
|-damage|p1a: Corviknight|81/100|[from] Recoil
|move|p2a: Great Tusk|Ice Spinner|p1a: Corviknight
|-damage|p1a: Corviknight|35/100
|
|upkeep
|turn|7
|
|t:|1743915816
|move|p1a: Corviknight|Brave Bird|p2a: Great Tusk
|-supereffective|p2a: Great Tusk
|-damage|p2a: Great Tusk|23/100
|-damage|p1a: Corviknight|26/100|[from] Recoil
|move|p2a: Great Tusk|Ice Spinner|p1a: Corviknight
|-damage|p1a: Corviknight|0 fnt
|faint|p1a: Corviknight
|
|upkeep
|
|t:|1743915832
|switch|p1a: Rotom|Rotom-Wash|100/100
|turn|8
|
|t:|1743915852
|move|p1a: Rotom|Hydro Pump|p2a: Great Tusk
|-supereffective|p2a: Great Tusk
|-damage|p2a: Great Tusk|0 fnt
|faint|p2a: Great Tusk
|-end|p2a: Great Tusk|Protosynthesis|[silent]
|
|upkeep
|
|t:|1743915862
|switch|p2a: Dragapult|Dragapult, M|100/100
|turn|9
|
|t:|1743915870
|-terastallize|p2a: Dragapult|Dragon
|move|p2a: Dragapult|Dragon Darts|p1a: Rotom
|-damage|p1a: Rotom|54/100
|-anim|p2a: Dragapult|Dragon Darts|p1a: Rotom
|-crit|p1a: Rotom
|-damage|p1a: Rotom|0 fnt
|faint|p1a: Rotom
|
|upkeep
|
|t:|1743915878
|switch|p1a: Gholdengo|Gholdengo|51/100
|turn|10
|
|t:|1743915884
|-terastallize|p1a: Gholdengo|Fairy
|move|p2a: Dragapult|Dragon Darts|p1a: Gholdengo
|-immune|p1a: Gholdengo
|move|p1a: Gholdengo|Dazzling Gleam|p2a: Dragapult
|-supereffective|p2a: Dragapult
|-damage|p2a: Dragapult|0 fnt
|faint|p2a: Dragapult
|
|upkeep
|
|t:|1743915894
|switch|p2a: Cloyster|Cloyster, M|100/100
|turn|11
|
|t:|1743915898
|move|p1a: Gholdengo|Dazzling Gleam|p2a: Cloyster
|-enditem|p2a: Cloyster|Focus Sash
|-damage|p2a: Cloyster|1/100
|move|p2a: Cloyster|Shell Smash|p2a: Cloyster
|-unboost|p2a: Cloyster|def|1
|-unboost|p2a: Cloyster|spd|1
|-boost|p2a: Cloyster|atk|2
|-boost|p2a: Cloyster|spa|2
|-boost|p2a: Cloyster|spe|2
|
|upkeep
|turn|12
|
|t:|1743915914
|switch|p1a: Heatran|Heatran, M|100/100
|move|p2a: Cloyster|Icicle Spear|p1a: Heatran
|-resisted|p1a: Heatran
|-damage|p1a: Heatran|96/100
|-resisted|p1a: Heatran
|-damage|p1a: Heatran|91/100
|-resisted|p1a: Heatran
|-damage|p1a: Heatran|86/100
|-resisted|p1a: Heatran
|-damage|p1a: Heatran|82/100
|-resisted|p1a: Heatran
|-damage|p1a: Heatran|77/100
|-hitcount|p1a: Heatran|5
|
|-heal|p1a: Heatran|83/100|[from] item: Leftovers
|upkeep
|turn|13
|c|☆imnewbutillbeatu|CLOYSTER DANCE
|c|☆imnewbutillbeatu|pls don't miss
|
|t:|1743915948
|move|p2a: Cloyster|Drill Run|p1a: Heatran
|-supereffective|p1a: Heatran
|-damage|p1a: Heatran|0 fnt
|faint|p1a: Heatran
|
|upkeep
|
|t:|1743915959
|switch|p1a: Great Tusk|Great Tusk|100/100
|turn|14
|
|t:|1743915967
|move|p2a: Cloyster|Icicle Spear|p1a: Great Tusk
|-supereffective|p1a: Great Tusk
|-damage|p1a: Great Tusk|79/100
|-supereffective|p1a: Great Tusk
|-damage|p1a: Great Tusk|57/100
|-supereffective|p1a: Great Tusk
|-damage|p1a: Great Tusk|35/100
|-supereffective|p1a: Great Tusk
|-damage|p1a: Great Tusk|14/100
|-supereffective|p1a: Great Tusk
|-damage|p1a: Great Tusk|0 fnt
|faint|p1a: Great Tusk
|-end|p1a: Great Tusk|Protosynthesis|[silent]
|-hitcount|p1: Great Tusk|5
|
|upkeep
|
|t:|1743915977
|switch|p1a: Okidogi|Okidogi, M|100/100
|turn|15
|
|t:|1743915980
|move|p2a: Cloyster|Drill Run|p1a: Okidogi
|-supereffective|p1a: Okidogi
|-damage|p1a: Okidogi|35/100
|move|p1a: Okidogi|Drain Punch|p2a: Cloyster
|-supereffective|p2a: Cloyster
|-damage|p2a: Cloyster|0 fnt
|-heal|p1a: Okidogi|35/100|[from] drain|[of] p2a: Cloyster
|faint|p2a: Cloyster
|
|upkeep
|l|☆imnewbutillbeatu
|player|p2|
|inactive|Battle timer is ON: inactive players will automatically lose when time's up. (requested by bigblacknunruly)
|inactive|imnewbutillbeatu has 30 seconds to reconnect!
|inactive|imnewbutillbeatu has 20 seconds to reconnect!
|inactive|imnewbutillbeatu has 15 seconds to reconnect!
|inactive|imnewbutillbeatu has 10 seconds to reconnect!
|inactive|imnewbutillbeatu has 5 seconds to reconnect!
|-message|imnewbutillbeatu lost due to inactivity.
|
|win|bigblacknunruly
|raw|bigblacknunruly's rating: 1205 &rarr; <strong>1228</strong><br />(+23 for winning)
|raw|imnewbutillbeatu's rating: 1178 &rarr; <strong>1155</strong><br />(-23 for losing)
|l|‽bigblacknunruly
|player|p1|
|j|☆imnewbutillbeatu
|player|p2|imnewbutillbeatu|clemont|
|l|☆imnewbutillbeatu
|player|p2|
