|j|☆chaospoke
|j|☆hariolos
|t:|1743862069
|gametype|singles
|player|p1|chaospoke|1|1370
|player|p2|hariolos|hooligans|1409
|teamsize|p1|6
|teamsize|p2|6
|gen|9
|tier|[Gen 9] OU
|rated|
|rule|HP Percentage Mod: HP is shown in percentages
|rule|Endless Battle Clause: Forcing endless battles is banned
|rule|Species Clause: Limit one of each Pokémon
|rule|OHKO Clause: OHKO moves are banned
|rule|Evasion Items Clause: Evasion items are banned
|rule|Evasion Moves Clause: Evasion moves are banned
|rule|Sleep Moves Clause: Sleep-inducing moves are banned
|clearpoke
|poke|p1|Torkoal, F|
|poke|p1|Walking Wake|
|poke|p1|Hatterene, F|
|poke|p1|Great Tusk|
|poke|p1|Corviknight, M|
|poke|p1|Kingambit, F|
|poke|p2|Ninetales-Alola, M|
|poke|p2|Cetitan, M|
|poke|p2|Hatterene, F|
|poke|p2|Dragapult, M|
|poke|p2|Iron Moth|
|poke|p2|Weavile, M|
|teampreview
|
|t:|1743862085
|start
|switch|p1a: Torkoal|Torkoal, F|100/100
|switch|p2a: Dragapult|Dragapult, M|100/100
|-weather|SunnyDay|[from] ability: Drought|[of] p1a: Torkoal
|turn|1
|
|t:|1743862094
|move|p2a: Dragapult|Draco Meteor|p1a: Torkoal
|-damage|p1a: Torkoal|0 fnt
|-unboost|p2a: Dragapult|spa|2
|faint|p1a: Torkoal
|
|-weather|SunnyDay|[upkeep]
|upkeep
|
|t:|1743862099
|switch|p1a: Kingambit|Kingambit, F|100/100
|-activate|p1a: Kingambit|ability: Supreme Overlord
|-start|p1a: Kingambit|fallen1|[silent]
|turn|2
|
|t:|1743862104
|switch|p2a: Hatterene|Hatterene, F|100/100
|move|p1a: Kingambit|Iron Head|p2a: Hatterene
|-supereffective|p2a: Hatterene
|-damage|p2a: Hatterene|4/100
|-enditem|p2a: Hatterene|Eject Button
|
|t:|1743862110
|switch|p2a: Iron Moth|Iron Moth|100/100
|
|-weather|SunnyDay|[upkeep]
|upkeep
|turn|3
|
|t:|1743862120
|-end|p1a: Kingambit|fallen1|[silent]
|switch|p1a: Walking Wake|Walking Wake|100/100
|-activate|p1a: Walking Wake|ability: Protosynthesis
|-start|p1a: Walking Wake|protosynthesisspe
|move|p2a: Iron Moth|Fiery Dance|p1a: Walking Wake
|-resisted|p1a: Walking Wake
|-damage|p1a: Walking Wake|82/100
|
|-weather|SunnyDay|[upkeep]
|upkeep
|turn|4
|
|t:|1743862132
|-end|p2a: Iron Moth|Quark Drive|[silent]
|switch|p2a: Hatterene|Hatterene, F|4/100
|move|p1a: Walking Wake|Hydro Steam|p2a: Hatterene
|-damage|p2a: Hatterene|0 fnt
|faint|p2a: Hatterene
|
|-weather|SunnyDay|[upkeep]
|upkeep
|
|t:|1743862137
|switch|p2a: Ninetales|Ninetales-Alola, M|100/100
|-weather|Snowscape|[from] ability: Snow Warning|[of] p2a: Ninetales
|-end|p1a: Walking Wake|Protosynthesis
|turn|5
|
|t:|1743862147
|-end|p1a: Walking Wake|Protosynthesis|[silent]
|switch|p1a: Corviknight|Corviknight, M|100/100
|-ability|p1a: Corviknight|Pressure
|move|p2a: Ninetales|Aurora Veil|p2a: Ninetales
|-sidestart|p2: hariolos|move: Aurora Veil
|
|-weather|Snowscape|[upkeep]
|upkeep
|turn|6
|
|t:|1743862162
|switch|p2a: Iron Moth|Iron Moth|100/100
|move|p1a: Corviknight|Body Press|p2a: Iron Moth
|-resisted|p2a: Iron Moth
|-damage|p2a: Iron Moth|90/100
|
|-weather|Snowscape|[upkeep]
|upkeep
|turn|7
|
|t:|1743862169
|switch|p1a: Walking Wake|Walking Wake|82/100
|move|p2a: Iron Moth|Toxic Spikes|p1a: Walking Wake
|-sidestart|p1: chaospoke|move: Toxic Spikes
|
|-weather|Snowscape|[upkeep]
|upkeep
|turn|8
|
|t:|1743862173
|move|p2a: Iron Moth|Toxic Spikes|p1a: Walking Wake
|-sidestart|p1: chaospoke|move: Toxic Spikes
|move|p1a: Walking Wake|Draco Meteor|p2a: Iron Moth
|-damage|p2a: Iron Moth|42/100
|-unboost|p1a: Walking Wake|spa|2
|
|-weather|Snowscape|[upkeep]
|upkeep
|turn|9
|
|t:|1743862187
|-end|p1a: Walking Wake|Protosynthesis|[silent]
|switch|p1a: Corviknight|Corviknight, M|100/100
|-ability|p1a: Corviknight|Pressure
|move|p2a: Iron Moth|Sludge Wave|p1a: Corviknight
|-immune|p1a: Corviknight
|
|-weather|Snowscape|[upkeep]
|-sideend|p2: hariolos|move: Aurora Veil
|upkeep
|turn|10
|
|t:|1743862203
|switch|p1a: Kingambit|Kingambit, F|100/100
|-activate|p1a: Kingambit|ability: Supreme Overlord
|-start|p1a: Kingambit|fallen1|[silent]
|move|p2a: Iron Moth|Fiery Dance|p1a: Kingambit
|-supereffective|p1a: Kingambit
|-damage|p1a: Kingambit|18/100
|-boost|p2a: Iron Moth|spa|1
|
|-weather|Snowscape|[upkeep]
|upkeep
|turn|11
|
|t:|1743862210
|move|p1a: Kingambit|Sucker Punch|p2a: Iron Moth
|-damage|p2a: Iron Moth|0 fnt
|faint|p2a: Iron Moth
|-end|p2a: Iron Moth|Quark Drive|[silent]
|
|-weather|Snowscape|[upkeep]
|upkeep
|
|t:|1743862212
|switch|p2a: Ninetales|Ninetales-Alola, M|100/100
|turn|12
|
|t:|1743862216
|move|p2a: Ninetales|Encore|p1a: Kingambit
|-start|p1a: Kingambit|Encore
|move|p1a: Kingambit|Sucker Punch||[still]
|-fail|p1a: Kingambit
|
|-weather|none
|upkeep
|turn|13
|
|t:|1743862220
|-end|p1a: Kingambit|fallen1|[silent]
|switch|p1a: Great Tusk|Great Tusk|100/100
|-status|p1a: Great Tusk|tox
|move|p2a: Ninetales|Moonblast|p1a: Great Tusk
|-supereffective|p1a: Great Tusk
|-damage|p1a: Great Tusk|0 fnt
|faint|p1a: Great Tusk
|-end|p1a: Great Tusk|Protosynthesis|[silent]
|
|upkeep
|
|t:|1743862234
|switch|p1a: Corviknight|Corviknight, M|100/100
|-ability|p1a: Corviknight|Pressure
|turn|14
|
|t:|1743862243
|switch|p2a: Cetitan|Cetitan, M|100/100
|move|p1a: Corviknight|U-turn|p2a: Cetitan
|-damage|p2a: Cetitan|85/100
|
|t:|1743862254
|switch|p1a: Hatterene|Hatterene, F|100/100|[from] U-turn
|-status|p1a: Hatterene|tox
|
|-damage|p1a: Hatterene|95/100 tox|[from] psn
|upkeep
|turn|15
|
|t:|1743862260
|move|p2a: Cetitan|Belly Drum|p2a: Cetitan
|-damage|p2a: Cetitan|35/100
|-setboost|p2a: Cetitan|atk|6|[from] move: Belly Drum
|-enditem|p2a: Cetitan|Sitrus Berry|[eat]
|-heal|p2a: Cetitan|60/100|[from] item: Sitrus Berry
|move|p1a: Hatterene|Psychic|p2a: Cetitan
|-damage|p2a: Cetitan|11/100
|
|-damage|p1a: Hatterene|83/100 tox|[from] psn
|upkeep
|turn|16
|
|t:|1743862269
|move|p2a: Cetitan|Earthquake|p1a: Hatterene
|-damage|p1a: Hatterene|0 fnt
|faint|p1a: Hatterene
|
|upkeep
|
|t:|1743862271
|switch|p1a: Kingambit|Kingambit, F|18/100
|-activate|p1a: Kingambit|ability: Supreme Overlord
|-start|p1a: Kingambit|fallen3|[silent]
|turn|17
|
|t:|1743862275
|move|p2a: Cetitan|Ice Shard|p1a: Kingambit
|-resisted|p1a: Kingambit
|-damage|p1a: Kingambit|0 fnt
|faint|p1a: Kingambit
|-end|p1a: Kingambit|fallen3|[silent]
|
|upkeep
|-message|chaospoke forfeited.
|
|win|hariolos
|raw|chaospoke's rating: 1370 &rarr; <strong>1352</strong><br />(-18 for losing)
|raw|hariolos's rating: 1409 &rarr; <strong>1427</strong><br />(+18 for winning)
|l|☆chaospoke
|player|p1|
|l|☆hariolos
|player|p2|
