|j|☆jonesjacklewis
|j|☆gregegeg
|t:|1743848212
|gametype|singles
|player|p1|jonesjacklewis|170|1050
|player|p2|gregegeg|102|1102
|teamsize|p1|6
|teamsize|p2|6
|gen|9
|tier|[Gen 9] OU
|rated|
|rule|HP Percentage Mod: HP is shown in percentages
|rule|Endless Battle Clause: Forcing endless battles is banned
|rule|Species Clause: Limit one of each Pokémon
|rule|OHKO Clause: OHKO moves are banned
|rule|Evasion Items Clause: Evasion items are banned
|rule|Evasion Moves Clause: Evasion moves are banned
|rule|Sleep Moves Clause: Sleep-inducing moves are banned
|clearpoke
|poke|p1|Golem, F|
|poke|p1|Rhyperior, M|
|poke|p1|Arcanine-Hisui, F|
|poke|p1|Sudowoodo, M|
|poke|p1|Kleavor, F|
|poke|p1|Tyranitar, F|
|poke|p2|Blaziken, M|
|poke|p2|Ludicolo, M|
|poke|p2|Gyarados, F|
|poke|p2|Darkrai|
|poke|p2|Corviknight, M|
|poke|p2|Clodsire, M|
|teampreview
|
|t:|1743848217
|start
|switch|p1a: Tyranitar|Tyranitar, F|100/100
|switch|p2a: Clodsire|Clodsire, M|100/100
|-ability|p1a: Tyranitar|Unnerve
|turn|1
|
|t:|1743848232
|move|p1a: Tyranitar|Hyper Beam|p2a: Clodsire
|-damage|p2a: Clodsire|75/100
|-mustrecharge|p1a: Tyranitar
|move|p2a: Clodsire|Stealth Rock|p1a: Tyranitar
|-sidestart|p1: jonesjacklewis|move: Stealth Rock
|
|upkeep
|turn|2
|
|t:|1743848239
|cant|p1a: Tyranitar|recharge
|move|p2a: Clodsire|Toxic|p1a: Tyranitar
|-status|p1a: Tyranitar|tox
|
|-damage|p1a: Tyranitar|94/100 tox|[from] psn
|upkeep
|turn|3
|
|t:|1743848245
|switch|p1a: Rhyperior|Rhyperior, M|100/100
|-damage|p1a: Rhyperior|94/100|[from] Stealth Rock
|move|p2a: Clodsire|Spikes|p1a: Rhyperior
|-sidestart|p1: jonesjacklewis|Spikes
|
|upkeep
|turn|4
|
|t:|1743848251
|move|p1a: Rhyperior|Earthquake|p2a: Clodsire
|-supereffective|p2a: Clodsire
|-damage|p2a: Clodsire|0 fnt
|faint|p2a: Clodsire
|-damage|p1a: Rhyperior|84/100|[from] item: Life Orb
|
|upkeep
|
|t:|1743848257
|switch|p2a: Gyarados|Gyarados, F, shiny|100/100
|-ability|p2a: Gyarados|Intimidate|boost
|-unboost|p1a: Rhyperior|atk|1
|turn|5
|
|t:|1743848263
|move|p2a: Gyarados|Dragon Dance|p2a: Gyarados
|-boost|p2a: Gyarados|atk|1
|-boost|p2a: Gyarados|spe|1
|move|p1a: Rhyperior|Thunder Punch|p2a: Gyarados
|-supereffective|p2a: Gyarados
|-damage|p2a: Gyarados|0 fnt
|faint|p2a: Gyarados
|-damage|p1a: Rhyperior|74/100|[from] item: Life Orb
|
|upkeep
|
|t:|1743848273
|switch|p2a: Ludicolo|Ludicolo, M, shiny|100/100
|turn|6
|
|t:|1743848281
|move|p2a: Ludicolo|Giga Drain|p1a: Rhyperior
|-supereffective|p1a: Rhyperior
|-damage|p1a: Rhyperior|0 fnt
|faint|p1a: Rhyperior
|
|upkeep
|
|t:|1743848283
|switch|p1a: Kleavor|Kleavor, F|100/100
|-damage|p1a: Kleavor|76/100|[from] Stealth Rock
|-damage|p1a: Kleavor|63/100|[from] Spikes
|turn|7
|
|t:|1743848292
|switch|p2a: Corviknight|Corviknight, M|100/100
|-terastallize|p1a: Kleavor|Bug
|move|p1a: Kleavor|X-Scissor|p2a: Corviknight
|-resisted|p2a: Corviknight
|-damage|p2a: Corviknight|82/100
|-damage|p1a: Kleavor|47/100|[from] item: Rocky Helmet|[of] p2a: Corviknight
|
|upkeep
|turn|8
|
|t:|1743848302
|switch|p1a: Arcanine|Arcanine-Hisui, F|100/100
|-damage|p1a: Arcanine|76/100|[from] Stealth Rock
|-damage|p1a: Arcanine|63/100|[from] Spikes
|move|p2a: Corviknight|Brave Bird|p1a: Arcanine
|-resisted|p1a: Arcanine
|-damage|p1a: Arcanine|30/100
|-damage|p2a: Corviknight|73/100|[from] Recoil
|
|upkeep
|turn|9
|
|t:|1743848312
|move|p1a: Arcanine|Flare Blitz|p2a: Corviknight
|-supereffective|p2a: Corviknight
|-damage|p2a: Corviknight|0 fnt
|-damage|p1a: Arcanine|14/100|[from] item: Rocky Helmet|[of] p2a: Corviknight
|faint|p2a: Corviknight
|
|upkeep
|
|t:|1743848324
|switch|p2a: Darkrai|Darkrai|100/100
|turn|10
|
|t:|1743848331
|move|p2a: Darkrai|Dark Pulse|p1a: Arcanine
|-damage|p1a: Arcanine|0 fnt
|faint|p1a: Arcanine
|
|upkeep
|c|☆gregegeg|!weak bug
|c| gregegeg|/raw <div class="infobox">Bug:<br /><span class="message-effect-weak">Weaknesses</span>: Fire, Flying, Rock<br /><span class="message-effect-resist">Resistances</span>: Fighting, Grass, Ground<br /><span class="message-effect-immune">Immunities</span>: <font color=#999999>None</font></div>
|
|t:|1743848345
|switch|p1a: Kleavor|Kleavor, F, tera:Bug|47/100
|-damage|p1a: Kleavor|22/100|[from] Stealth Rock
|-damage|p1a: Kleavor|9/100|[from] Spikes
|turn|11
|
|t:|1743848350
|move|p2a: Darkrai|Ice Beam|p1a: Kleavor
|-damage|p1a: Kleavor|0 fnt
|faint|p1a: Kleavor
|
|upkeep
|c|☆gregegeg|!weak rock
|c| gregegeg|/raw <div class="infobox">Rock:<br /><span class="message-effect-weak">Weaknesses</span>: Fighting, Grass, Ground, Steel, Water<br /><span class="message-effect-resist">Resistances</span>: Fire, Flying, Normal, Poison<br /><span class="message-effect-immune">Immunities</span>: Sandstorm damage</div>
|inactive|Battle timer is ON: inactive players will automatically lose when time's up. (requested by gregegeg)
|c|☆jonesjacklewis|!weak dark
|c| jonesjacklewis|/raw <div class="infobox">Dark:<br /><span class="message-effect-weak">Weaknesses</span>: Bug, Fairy, Fighting<br /><span class="message-effect-resist">Resistances</span>: Dark, Ghost<br /><span class="message-effect-immune">Immunities</span>: Psychic, Prankster</div>
|
|t:|1743848385
|switch|p1a: Sudowoodo|Sudowoodo, M|100/100
|-damage|p1a: Sudowoodo|88/100|[from] Stealth Rock
|-damage|p1a: Sudowoodo|76/100|[from] Spikes
|turn|12
|
|t:|1743848393
|move|p2a: Darkrai|Dark Pulse|p1a: Sudowoodo
|-damage|p1a: Sudowoodo|17/100
|move|p1a: Sudowoodo|Head Smash|p2a: Darkrai
|-damage|p2a: Darkrai|3/100
|
|upkeep
|turn|13
|
|t:|1743848402
|move|p2a: Darkrai|Dark Pulse|p1a: Sudowoodo
|-damage|p1a: Sudowoodo|0 fnt
|faint|p1a: Sudowoodo
|
|upkeep
|
|t:|1743848407
|switch|p1a: Golem|Golem, F|100/100
|-damage|p1a: Golem|94/100|[from] Stealth Rock
|-damage|p1a: Golem|82/100|[from] Spikes
|turn|14
|
|t:|1743848414
|move|p2a: Darkrai|Ice Beam|p1a: Golem
|-supereffective|p1a: Golem
|-damage|p1a: Golem|4/100
|-status|p1a: Golem|frz
|-curestatus|p1a: Golem|frz|[msg]
|move|p1a: Golem|Gyro Ball|p2a: Darkrai
|-crit|p2a: Darkrai
|-damage|p2a: Darkrai|0 fnt
|faint|p2a: Darkrai
|
|upkeep
|
|t:|1743848424
|switch|p2a: Blaziken|Blaziken, M|100/100
|turn|15
|
|t:|1743848428
|move|p2a: Blaziken|Brick Break|p1a: Golem
|-supereffective|p1a: Golem
|-damage|p1a: Golem|0 fnt
|faint|p1a: Golem
|
|-ability|p2a: Blaziken|Speed Boost|boost
|-boost|p2a: Blaziken|spe|1
|upkeep
|
|t:|1743848430
|switch|p1a: Tyranitar|Tyranitar, F|94/100 tox
|-ability|p1a: Tyranitar|Unnerve
|-damage|p1a: Tyranitar|82/100 tox|[from] Stealth Rock
|-damage|p1a: Tyranitar|70/100 tox|[from] Spikes
|turn|16
|
|t:|1743848439
|move|p2a: Blaziken|Brick Break|p1a: Tyranitar
|-supereffective|p1a: Tyranitar
|-damage|p1a: Tyranitar|0 fnt
|faint|p1a: Tyranitar
|
|win|gregegeg
|raw|jonesjacklewis's rating: 1050 &rarr; <strong>1035</strong><br />(-15 for losing)
|raw|gregegeg's rating: 1102 &rarr; <strong>1123</strong><br />(+21 for winning)
|l|☆jonesjacklewis
|player|p1|
|l|☆gregegeg
|player|p2|
