|j|☆etude_suzuki
|j|☆Michifuzz
|t:|1743931223
|gametype|singles
|player|p1|etude_suzuki|266|1122
|player|p2|Michifuzz|101|1089
|teamsize|p1|6
|teamsize|p2|6
|gen|9
|tier|[Gen 9] OU
|rated|
|rule|HP Percentage Mod: HP is shown in percentages
|rule|Endless Battle Clause: Forcing endless battles is banned
|rule|Species Clause: Limit one of each Pokémon
|rule|OHKO Clause: OHKO moves are banned
|rule|Evasion Items Clause: Evasion items are banned
|rule|Evasion Moves Clause: Evasion moves are banned
|rule|Sleep Moves Clause: Sleep-inducing moves are banned
|clearpoke
|poke|p1|Pikachu, M|
|poke|p1|Lucario, M|
|poke|p1|Zoroark, M|
|poke|p1|Gardevoir, F|
|poke|p1|Lapras, F|
|poke|p1|Charizard, M|
|poke|p2|Espeon, F|
|poke|p2|Rampardos, M|
|poke|p2|Arcanine, M|
|poke|p2|Regice|
|poke|p2|Mudsdale, F|
|poke|p2|Regidrago|
|teampreview
|inactive|Battle timer is ON: inactive players will automatically lose when time's up. (requested by Michifuzz)
|
|t:|1743931243
|start
|switch|p1a: Lapras|Lapras, F|100/100
|switch|p2a: Rampardos|Rampardos, M, shiny|100/100
|-ability|p2a: Rampardos|Mold Breaker
|turn|1
|
|t:|1743931267
|-terastallize|p1a: Lapras|Steel
|move|p2a: Rampardos|Supercell Slam|p1a: Lapras
|-damage|p1a: Lapras|65/100
|move|p1a: Lapras|Sparkling Aria|p2a: Rampardos
|-supereffective|p2a: Rampardos
|-damage|p2a: Rampardos|0 fnt
|faint|p2a: Rampardos
|
|upkeep
|
|t:|1743931284
|switch|p2a: Regice|Regice, shiny|100/100
|turn|2
|
|t:|1743931292
|move|p1a: Lapras|Sparkling Aria|p2a: Regice
|-damage|p2a: Regice|89/100
|move|p2a: Regice|Charge Beam|p1a: Lapras
|-damage|p1a: Lapras|57/100
|-boost|p2a: Regice|spa|1
|
|upkeep
|turn|3
|
|t:|1743931301
|switch|p1a: Pikachu|Pikachu, M|100/100
|move|p2a: Regice|Focus Blast|p1a: Pikachu
|-damage|p1a: Pikachu|0 fnt
|faint|p1a: Pikachu
|
|upkeep
|
|t:|1743931319
|switch|p1a: Lucario|Lucario, M|100/100
|turn|4
|
|t:|1743931328
|-terastallize|p2a: Regice|Water
|move|p1a: Lucario|Close Combat|p2a: Regice
|-damage|p2a: Regice|36/100
|-unboost|p1a: Lucario|def|1
|-unboost|p1a: Lucario|spd|1
|move|p2a: Regice|Charge Beam|p1a: Lucario
|-damage|p1a: Lucario|41/100
|-boost|p2a: Regice|spa|1
|
|upkeep
|turn|5
|
|t:|1743931340
|move|p1a: Lucario|Close Combat|p2a: Regice
|-damage|p2a: Regice|0 fnt
|-unboost|p1a: Lucario|def|1
|-unboost|p1a: Lucario|spd|1
|faint|p2a: Regice
|
|upkeep
|
|t:|1743931351
|switch|p2a: Arcanine|Arcanine, M, shiny|100/100
|-ability|p2a: Arcanine|Intimidate|boost
|-fail|p1a: Lucario|unboost|Attack|[from] ability: Inner Focus|[of] p1a: Lucario
|turn|6
|
|t:|1743931361
|move|p1a: Lucario|Close Combat|p2a: Arcanine
|-damage|p2a: Arcanine|38/100
|-unboost|p1a: Lucario|def|1
|-unboost|p1a: Lucario|spd|1
|move|p2a: Arcanine|Curse|p2a: Arcanine
|-unboost|p2a: Arcanine|spe|1
|-boost|p2a: Arcanine|atk|1
|-boost|p2a: Arcanine|def|1
|
|-heal|p2a: Arcanine|44/100|[from] item: Leftovers
|upkeep
|turn|7
|
|t:|1743931373
|move|p2a: Arcanine|Extreme Speed|p1a: Lucario
|-resisted|p1a: Lucario
|-damage|p1a: Lucario|0 fnt
|faint|p1a: Lucario
|
|-heal|p2a: Arcanine|50/100|[from] item: Leftovers
|upkeep
|
|t:|1743931380
|switch|p1a: Charizard|Charizard, M|100/100
|turn|8
|
|t:|1743931384
|move|p2a: Arcanine|Extreme Speed|p1a: Charizard
|-damage|p1a: Charizard|58/100
|move|p1a: Charizard|Ancient Power|p2a: Arcanine
|-supereffective|p2a: Arcanine
|-damage|p2a: Arcanine|23/100
|
|-heal|p2a: Arcanine|29/100|[from] item: Leftovers
|upkeep
|turn|9
|
|t:|1743931401
|move|p2a: Arcanine|Extreme Speed|p1a: Charizard
|-damage|p1a: Charizard|15/100
|move|p1a: Charizard|Ancient Power|p2a: Arcanine
|-supereffective|p2a: Arcanine
|-damage|p2a: Arcanine|1/100
|
|-heal|p2a: Arcanine|7/100|[from] item: Leftovers
|upkeep
|turn|10
|
|t:|1743931426
|move|p2a: Arcanine|Extreme Speed|p1a: Charizard
|-damage|p1a: Charizard|0 fnt
|faint|p1a: Charizard
|
|-heal|p2a: Arcanine|13/100|[from] item: Leftovers
|upkeep
|
|t:|1743931432
|switch|p1a: Gardevoir|Gardevoir, F|100/100
|turn|11
|
|t:|1743931437
|move|p2a: Arcanine|Extreme Speed|p1a: Gardevoir
|-damage|p1a: Gardevoir|38/100
|replace|p1a: Zoroark|Zoroark, M
|-end|p1a: Zoroark|Illusion
|move|p1a: Zoroark|Sucker Punch||[still]
|-fail|p1a: Zoroark
|
|-heal|p2a: Arcanine|19/100|[from] item: Leftovers
|upkeep
|turn|12
|-message|etude_suzuki forfeited.
|
|win|Michifuzz
|raw|etude_suzuki's rating: 1122 &rarr; <strong>1095</strong><br />(-27 for losing)
|raw|Michifuzz's rating: 1089 &rarr; <strong>1118</strong><br />(+29 for winning)
|l|☆etude_suzuki
|player|p1|
|l|☆Michifuzz
|player|p2|
