|j|☆recluse1098
|j|☆LossCulture
|t:|1743917181
|gametype|singles
|player|p1|recluse1098|170|1221
|player|p2|LossCulture|pilot|1265
|teamsize|p1|6
|teamsize|p2|6
|gen|9
|tier|[Gen 9] OU
|rated|
|rule|HP Percentage Mod: HP is shown in percentages
|rule|Endless Battle Clause: Forcing endless battles is banned
|rule|Species Clause: Limit one of each Pokémon
|rule|OHKO Clause: OHKO moves are banned
|rule|Evasion Items Clause: Evasion items are banned
|rule|Evasion Moves Clause: Evasion moves are banned
|rule|Sleep Moves Clause: Sleep-inducing moves are banned
|clearpoke
|poke|p1|Iron Moth|
|poke|p1|Zamazenta-*|
|poke|p1|Lokix, F|
|poke|p1|Maushold|
|poke|p1|Primarina, M|
|poke|p1|Garganacl, M|
|poke|p2|Samurott-Hisui, M|
|poke|p2|Walking Wake|
|poke|p2|Zapdos|
|poke|p2|Iron Crown|
|poke|p2|Great Tusk|
|poke|p2|Iron Valiant|
|teampreview
|
|t:|1743917193
|start
|switch|p1a: a7l|Zamazenta|100/100
|switch|p2a: Zapdos|Zapdos, shiny|100/100
|-ability|p1a: a7l|Dauntless Shield|boost
|-boost|p1a: a7l|def|1
|turn|1
|
|t:|1743917207
|switch|p1a: Dylan|Garganacl, M|100/100
|move|p2a: Zapdos|Thunder Wave|p1a: Dylan
|-immune|p1a: Dylan|[from] ability: Purifying Salt
|
|upkeep
|turn|2
|
|t:|1743917217
|move|p2a: Zapdos|Volt Switch|p1a: Dylan
|-damage|p1a: Dylan|76/100
|
|t:|1743917221
|switch|p2a: Iron Crown|Iron Crown|100/100|[from] Volt Switch
|move|p1a: Dylan|Salt Cure|p2a: Iron Crown
|-resisted|p2a: Iron Crown
|-damage|p2a: Iron Crown|93/100
|-start|p2a: Iron Crown|Salt Cure
|
|-heal|p1a: Dylan|82/100|[from] item: Leftovers
|-damage|p2a: Iron Crown|68/100|[from] Salt Cure
|upkeep
|turn|3
|
|t:|1743917240
|move|p1a: Dylan|Protect|p1a: Dylan
|-singleturn|p1a: Dylan|Protect
|move|p2a: Iron Crown|Tachyon Cutter|p1a: Dylan
|-activate|p1a: Dylan|move: Protect
|
|-heal|p1a: Dylan|88/100|[from] item: Leftovers
|-damage|p2a: Iron Crown|44/100|[from] Salt Cure
|upkeep
|turn|4
|
|t:|1743917260
|switch|p1a: a7l|Zamazenta|100/100
|move|p2a: Iron Crown|Volt Switch|p1a: a7l
|-damage|p1a: a7l|85/100
|
|t:|1743917263
|-end|p2a: Iron Crown|Quark Drive|[silent]
|switch|p2a: Zapdos|Zapdos, shiny|100/100|[from] Volt Switch
|
|-heal|p1a: a7l|91/100|[from] item: Leftovers
|upkeep
|turn|5
|
|t:|1743917279
|move|p1a: a7l|Crunch|p2a: Zapdos
|-damage|p2a: Zapdos|76/100
|-unboost|p2a: Zapdos|def|1
|-status|p1a: a7l|par|[from] ability: Static|[of] p2a: Zapdos
|move|p2a: Zapdos|Hurricane|p1a: a7l
|-supereffective|p1a: a7l
|-damage|p1a: a7l|14/100 par
|
|-heal|p1a: a7l|20/100 par|[from] item: Leftovers
|upkeep
|turn|6
|
|t:|1743917289
|move|p2a: Zapdos|Volt Switch|p1a: a7l
|-damage|p1a: a7l|0 fnt
|faint|p1a: a7l
|
|t:|1743917293
|switch|p2a: Great Tusk|Great Tusk|100/100|[from] Volt Switch
|
|upkeep
|
|t:|1743917317
|switch|p1a: MeiMei|Primarina, M|100/100
|turn|7
|
|t:|1743917324
|-end|p2a: Great Tusk|Protosynthesis|[silent]
|switch|p2a: Iron Crown|Iron Crown|44/100
|move|p1a: MeiMei|Surf|p2a: Iron Crown
|-damage|p2a: Iron Crown|12/100
|
|upkeep
|turn|8
|
|t:|1743917341
|-terastallize|p1a: MeiMei|Steel
|move|p2a: Iron Crown|Psyshock|p1a: MeiMei
|-resisted|p1a: MeiMei
|-damage|p1a: MeiMei|75/100
|move|p1a: MeiMei|Flip Turn|p2a: Iron Crown
|-damage|p2a: Iron Crown|0 fnt
|faint|p2a: Iron Crown
|-end|p2a: Iron Crown|Quark Drive|[silent]
|
|t:|1743917352
|switch|p1a: Dylan|Garganacl, M|88/100|[from] Flip Turn
|
|-heal|p1a: Dylan|95/100|[from] item: Leftovers
|upkeep
|
|t:|1743917357
|switch|p2a: Walking Wake|Walking Wake|100/100
|turn|9
|
|t:|1743917365
|move|p1a: Dylan|Protect|p1a: Dylan
|-singleturn|p1a: Dylan|Protect
|move|p2a: Walking Wake|Hydro Steam|p1a: Dylan
|-activate|p1a: Dylan|move: Protect
|
|-heal|p1a: Dylan|100/100|[from] item: Leftovers
|upkeep
|turn|10
|
|t:|1743917432
|move|p2a: Walking Wake|Hydro Steam|p1a: Dylan
|-supereffective|p1a: Dylan
|-damage|p1a: Dylan|47/100
|move|p1a: Dylan|Salt Cure|p2a: Walking Wake
|-damage|p2a: Walking Wake|87/100
|-start|p2a: Walking Wake|Salt Cure
|
|-heal|p2a: Walking Wake|93/100|[from] item: Leftovers
|-heal|p1a: Dylan|53/100|[from] item: Leftovers
|-damage|p2a: Walking Wake|68/100|[from] Salt Cure
|upkeep
|turn|11
|
|t:|1743917446
|-end|p2a: Walking Wake|Protosynthesis|[silent]
|switch|p2a: Samurott|Samurott-Hisui, M|100/100
|move|p1a: Dylan|Protect||[still]
|-fail|p1a: Dylan
|
|-heal|p1a: Dylan|59/100|[from] item: Leftovers
|upkeep
|turn|12
|
|t:|1743917468
|switch|p1a: Ethan|Maushold|100/100
|move|p2a: Samurott|Razor Shell|p1a: Ethan
|-damage|p1a: Ethan|12/100
|-unboost|p1a: Ethan|def|1
|
|upkeep
|turn|13
|
|t:|1743917501
|move|p2a: Samurott|Razor Shell|p1a: Ethan
|-damage|p1a: Ethan|0 fnt
|faint|p1a: Ethan
|
|upkeep
|
|t:|1743917540
|switch|p1a: kpham|Lokix, F|100/100
|turn|14
|
|t:|1743917547
|switch|p2a: Great Tusk|Great Tusk|100/100
|move|p1a: kpham|First Impression|p2a: Great Tusk
|-resisted|p2a: Great Tusk
|-damage|p2a: Great Tusk|76/100
|-damage|p1a: kpham|84/100|[from] item: Rocky Helmet|[of] p2a: Great Tusk
|
|upkeep
|turn|15
|
|t:|1743917567
|move|p1a: kpham|Knock Off|p2a: Great Tusk
|-resisted|p2a: Great Tusk
|-damage|p2a: Great Tusk|46/100
|-damage|p1a: kpham|67/100|[from] item: Rocky Helmet|[of] p2a: Great Tusk
|-enditem|p2a: Great Tusk|Rocky Helmet|[from] move: Knock Off|[of] p1a: kpham
|move|p2a: Great Tusk|Stealth Rock|p1a: kpham
|-sidestart|p1: recluse1098|move: Stealth Rock
|
|upkeep
|turn|16
|
|t:|1743917575
|move|p1a: kpham|U-turn|p2a: Great Tusk
|-resisted|p2a: Great Tusk
|-damage|p2a: Great Tusk|24/100
|-message|recluse1098 forfeited.
|
|win|LossCulture
|raw|recluse1098's rating: 1221 &rarr; <strong>1199</strong><br />(-22 for losing)
|raw|LossCulture's rating: 1265 &rarr; <strong>1287</strong><br />(+22 for winning)
|l|☆LossCulture
|player|p2|
