|j|☆zelisthatpeak
|j|☆rapidflaze
|t:|1743868140
|gametype|singles
|player|p1|zelisthatpeak|roark|1089
|player|p2|rapidflaze|guitarist|1076
|teamsize|p1|6
|teamsize|p2|6
|gen|9
|tier|[Gen 9] OU
|rated|
|rule|HP Percentage Mod: HP is shown in percentages
|rule|Endless Battle Clause: Forcing endless battles is banned
|rule|Species Clause: Limit one of each Pokémon
|rule|OHKO Clause: OHKO moves are banned
|rule|Evasion Items Clause: Evasion items are banned
|rule|Evasion Moves Clause: Evasion moves are banned
|rule|Sleep Moves Clause: Sleep-inducing moves are banned
|clearpoke
|poke|p1|Conkeldurr, F|
|poke|p1|Enamorus, F|
|poke|p1|Dragonite, M|
|poke|p1|Skarmory, F|
|poke|p1|Sinistcha|
|poke|p1|Ting-Lu|
|poke|p2|Hitmonlee, M|
|poke|p2|Dragapult, F|
|poke|p2|Pawmot, F|
|poke|p2|Iron Valiant|
|poke|p2|Pincurchin, F|
|poke|p2|Quaquaval, M|
|teampreview
|inactive|Battle timer is ON: inactive players will automatically lose when time's up. (requested by zelisthatpeak)
|
|t:|1743868158
|start
|switch|p1a: Conkeldurr|Conkeldurr, F, shiny|100/100
|switch|p2a: Pincurchin|Pincurchin, F|100/100
|-fieldstart|move: Electric Terrain|[from] ability: Electric Surge|[of] p2a: Pincurchin
|turn|1
|
|t:|1743868166
|move|p1a: Conkeldurr|Knock Off|p2a: Pincurchin
|-damage|p2a: Pincurchin|66/100
|-enditem|p2a: Pincurchin|Terrain Extender|[from] move: Knock Off|[of] p1a: Conkeldurr
|move|p2a: Pincurchin|Supercell Slam|p1a: Conkeldurr
|-damage|p1a: Conkeldurr|49/100
|
|upkeep
|turn|2
|
|t:|1743868173
|move|p1a: Conkeldurr|Drain Punch|p2a: Pincurchin
|-damage|p2a: Pincurchin|11/100
|-heal|p1a: Conkeldurr|69/100|[from] drain|[of] p2a: Pincurchin
|move|p2a: Pincurchin|Supercell Slam|p1a: Conkeldurr
|-damage|p1a: Conkeldurr|17/100
|
|upkeep
|turn|3
|
|t:|1743868180
|move|p2a: Pincurchin|Sucker Punch|p1a: Conkeldurr
|-resisted|p1a: Conkeldurr
|-damage|p1a: Conkeldurr|8/100
|move|p1a: Conkeldurr|Drain Punch|p2a: Pincurchin
|-damage|p2a: Pincurchin|0 fnt
|-heal|p1a: Conkeldurr|12/100|[from] drain|[of] p2a: Pincurchin
|faint|p2a: Pincurchin
|
|upkeep
|
|t:|1743868183
|switch|p2a: Iron Valiant|Iron Valiant|100/100
|-activate|p2a: Iron Valiant|ability: Quark Drive
|-start|p2a: Iron Valiant|quarkdrivespe
|turn|4
|
|t:|1743868200
|move|p1a: Conkeldurr|Mach Punch|p2a: Iron Valiant
|-resisted|p2a: Iron Valiant
|-damage|p2a: Iron Valiant|86/100
|move|p2a: Iron Valiant|Moonblast|p1a: Conkeldurr
|-supereffective|p1a: Conkeldurr
|-damage|p1a: Conkeldurr|0 fnt
|faint|p1a: Conkeldurr
|
|upkeep
|
|t:|1743868218
|switch|p1a: Ting-Lu|Ting-Lu|100/100
|-ability|p1a: Ting-Lu|Vessel of Ruin
|turn|5
|
|t:|1743868233
|move|p2a: Iron Valiant|Calm Mind|p2a: Iron Valiant
|-boost|p2a: Iron Valiant|spa|1
|-boost|p2a: Iron Valiant|spd|1
|move|p1a: Ting-Lu|Earthquake|p2a: Iron Valiant
|-damage|p2a: Iron Valiant|39/100
|
|upkeep
|turn|6
|
|t:|1743868240
|move|p2a: Iron Valiant|Moonblast|p1a: Ting-Lu
|-supereffective|p1a: Ting-Lu
|-damage|p1a: Ting-Lu|43/100
|-unboost|p1a: Ting-Lu|spa|1
|move|p1a: Ting-Lu|Earthquake|p2a: Iron Valiant
|-damage|p2a: Iron Valiant|0 fnt
|faint|p2a: Iron Valiant
|-end|p2a: Iron Valiant|Quark Drive|[silent]
|
|-heal|p1a: Ting-Lu|49/100|[from] item: Leftovers
|upkeep
|
|t:|1743868246
|switch|p2a: Quaquaval|Quaquaval, M|100/100
|turn|7
|
|t:|1743868257
|switch|p1a: Sinistcha|Sinistcha|100/100
|-terastallize|p2a: Quaquaval|Water
|move|p2a: Quaquaval|Aqua Step|p1a: Sinistcha
|-resisted|p1a: Sinistcha
|-damage|p1a: Sinistcha|83/100
|-boost|p2a: Quaquaval|spe|1
|
|upkeep
|turn|8
|
|t:|1743868268
|move|p2a: Quaquaval|Triple Axel|p1a: Sinistcha
|-supereffective|p1a: Sinistcha
|-damage|p1a: Sinistcha|73/100
|-hitcount|p1a: Sinistcha|1
|move|p1a: Sinistcha|Matcha Gotcha|p2a: Quaquaval
|-supereffective|p2a: Quaquaval
|-damage|p2a: Quaquaval|44/100
|-heal|p1a: Sinistcha|98/100|[from] drain|[of] p2a: Quaquaval
|
|-fieldend|move: Electric Terrain
|upkeep
|turn|9
|
|t:|1743868280
|switch|p2a: Dragapult|Dragapult, F|100/100
|move|p1a: Sinistcha|Matcha Gotcha|p2a: Dragapult|[miss]
|-miss|p1a: Sinistcha|p2a: Dragapult
|
|upkeep
|turn|10
|
|t:|1743868295
|move|p2a: Dragapult|Hydro Pump|p1a: Sinistcha|[miss]
|-miss|p2a: Dragapult|p1a: Sinistcha
|move|p1a: Sinistcha|Shadow Ball|p2a: Dragapult
|-supereffective|p2a: Dragapult
|-damage|p2a: Dragapult|7/100
|
|upkeep
|turn|11
|
|t:|1743868307
|switch|p2a: Hitmonlee|Hitmonlee, M|100/100
|move|p1a: Sinistcha|Shadow Ball|p2a: Hitmonlee
|-damage|p2a: Hitmonlee|60/100
|
|upkeep
|turn|12
|c|☆zelisthatpeak|Hydro pump?😭
|c|☆rapidflaze|preditced ting lu
|c|☆rapidflaze|it was so free
|c|☆rapidflaze|lmao
|
|t:|1743868324
|move|p2a: Hitmonlee|Swords Dance|p2a: Hitmonlee
|-boost|p2a: Hitmonlee|atk|2
|move|p1a: Sinistcha|Matcha Gotcha|p2a: Hitmonlee
|-damage|p2a: Hitmonlee|18/100
|-heal|p1a: Sinistcha|100/100|[from] drain|[of] p2a: Hitmonlee
|
|upkeep
|turn|13
|
|t:|1743868333
|switch|p1a: Skarmory|Skarmory, F|100/100
|move|p2a: Hitmonlee|Poison Jab|p1a: Skarmory
|-immune|p1a: Skarmory
|
|upkeep
|turn|14
|
|t:|1743868344
|move|p2a: Hitmonlee|Reversal|p1a: Skarmory
|-damage|p1a: Skarmory|31/100
|-damage|p2a: Hitmonlee|2/100|[from] item: Rocky Helmet|[of] p1a: Skarmory
|move|p1a: Skarmory|Spikes|p2a: Hitmonlee
|-sidestart|p2: rapidflaze|Spikes
|
|upkeep
|turn|15
|
|t:|1743868353
|move|p2a: Hitmonlee|Reversal|p1a: Skarmory
|-damage|p1a: Skarmory|0 fnt
|-damage|p2a: Hitmonlee|0 fnt|[from] item: Rocky Helmet|[of] p1a: Skarmory
|faint|p1a: Skarmory
|faint|p2a: Hitmonlee
|
|upkeep
|c|☆zelisthatpeak|I’ve just never seen it run hydro lowkey may do that
|
|t:|1743868377
|switch|p2a: Quaquaval|Quaquaval, M, tera:Water|44/100
|switch|p1a: Sinistcha|Sinistcha|100/100
|-damage|p2a: Quaquaval|32/100|[from] Spikes
|turn|16
|
|t:|1743868387
|switch|p2a: Pawmot|Pawmot, F|100/100
|-damage|p2a: Pawmot|88/100|[from] Spikes
|move|p1a: Sinistcha|Shadow Ball|p2a: Pawmot
|-damage|p2a: Pawmot|32/100
|
|upkeep
|turn|17
|
|t:|1743868395
|move|p2a: Pawmot|Revival Blessing|p2a: Pawmot
|
|t:|1743868398
|-heal|p2: Iron Valiant|50/100|[from] move: Revival Blessing
|move|p1a: Sinistcha|Shadow Ball|p2a: Pawmot
|-damage|p2a: Pawmot|0 fnt
|faint|p2a: Pawmot
|
|upkeep
|
|t:|1743868404
|switch|p2a: Dragapult|Dragapult, F|7/100
|-damage|p2a: Dragapult|0 fnt|[from] Spikes
|faint|p2a: Dragapult
|c|☆rapidflaze|rip
|c|☆rapidflaze|honestly ewhy do i encounter the one player that doesn't spam piviot
|c|☆rapidflaze|yk what last time i try to be extra
|c|☆rapidflaze|pls
|
|t:|1743868433
|switch|p2a: Iron Valiant|Iron Valiant|50/100
|-damage|p2a: Iron Valiant|38/100|[from] Spikes
|-enditem|p2a: Iron Valiant|Booster Energy
|-activate|p2a: Iron Valiant|ability: Quark Drive|[fromitem]
|-start|p2a: Iron Valiant|quarkdrivespe
|turn|18
|c|☆zelisthatpeak|I got no pivot moves at all
|
|t:|1743868448
|move|p2a: Iron Valiant|Calm Mind|p2a: Iron Valiant
|-boost|p2a: Iron Valiant|spa|1
|-boost|p2a: Iron Valiant|spd|1
|move|p1a: Sinistcha|Shadow Ball|p2a: Iron Valiant
|-damage|p2a: Iron Valiant|0 fnt
|faint|p2a: Iron Valiant
|-end|p2a: Iron Valiant|Quark Drive|[silent]
|
|upkeep
|c|☆rapidflaze|oh well ig
|inactive|rapidflaze has 120 seconds left.
|c|☆rapidflaze|yeah but ppl switch a lot
|c|☆rapidflaze|AND I MEAN ALOT
|c|☆zelisthatpeak|Ik what u mean
|-message|rapidflaze forfeited.
|
|win|zelisthatpeak
|raw|zelisthatpeak's rating: 1089 &rarr; <strong>1115</strong><br />(+26 for winning)
|raw|rapidflaze's rating: 1076 &rarr; <strong>1055</strong><br />(-21 for losing)
|l|☆rapidflaze
|player|p2|
|c|☆zelisthatpeak|Gg
