|j|☆niginggig
|j|☆Flo03041992
|t:|1743920259
|gametype|singles
|player|p1|niginggig|169|1164
|player|p2|Flo03041992|101|1181
|teamsize|p1|6
|teamsize|p2|6
|gen|9
|tier|[Gen 9] OU
|rated|
|rule|HP Percentage Mod: HP is shown in percentages
|rule|Endless Battle Clause: Forcing endless battles is banned
|rule|Species Clause: Limit one of each Pokémon
|rule|OHKO Clause: OHKO moves are banned
|rule|Evasion Items Clause: Evasion items are banned
|rule|Evasion Moves Clause: Evasion moves are banned
|rule|Sleep Moves Clause: Sleep-inducing moves are banned
|clearpoke
|poke|p1|Iron Crown|
|poke|p1|Iron Valiant|
|poke|p1|Dragonite, M|
|poke|p1|Cinderace, M|
|poke|p1|Corviknight, M|
|poke|p1|Clodsire, M|
|poke|p2|Ribombee, M|
|poke|p2|Cinderace, M|
|poke|p2|Serperior, F|
|poke|p2|Mimikyu, F|
|poke|p2|Dragapult, M|
|poke|p2|Bisharp, M|
|teampreview
|
|t:|1743920263
|start
|switch|p1a: Iron Crown|Iron Crown|100/100
|switch|p2a: Ribombee|Ribombee, M|100/100
|turn|1
|
|t:|1743920272
|move|p2a: Ribombee|Sticky Web|p1a: Iron Crown
|-sidestart|p1: niginggig|move: Sticky Web
|move|p1a: Iron Crown|Tachyon Cutter|p2a: Ribombee
|-supereffective|p2a: Ribombee
|-enditem|p2a: Ribombee|Focus Sash
|-damage|p2a: Ribombee|1/100
|-supereffective|p2a: Ribombee
|-damage|p2a: Ribombee|0 fnt
|faint|p2a: Ribombee
|-hitcount|p2: Ribombee|2
|
|upkeep
|
|t:|1743920282
|switch|p2a: Bisharp|Bisharp, M|100/100
|turn|2
|
|t:|1743920290
|-end|p1a: Iron Crown|Quark Drive|[silent]
|switch|p1a: Clodsire|Clodsire, M|100/100
|-activate|p1a: Clodsire|move: Sticky Web
|-unboost|p1a: Clodsire|spe|1
|move|p2a: Bisharp|Swords Dance|p2a: Bisharp
|-boost|p2a: Bisharp|atk|2
|
|upkeep
|turn|3
|
|t:|1743920302
|move|p2a: Bisharp|Iron Head|p1a: Clodsire
|-damage|p1a: Clodsire|55/100
|-damage|p2a: Bisharp|84/100|[from] item: Rocky Helmet|[of] p1a: Clodsire
|move|p1a: Clodsire|Earthquake|p2a: Bisharp
|-supereffective|p2a: Bisharp
|-damage|p2a: Bisharp|40/100
|
|upkeep
|turn|4
|
|t:|1743920321
|switch|p2a: Serperior|Serperior, F|100/100
|move|p1a: Clodsire|Toxic Spikes|p2a: Serperior
|-sidestart|p2: Flo03041992|move: Toxic Spikes
|
|upkeep
|turn|5
|
|t:|1743920327
|move|p2a: Serperior|Substitute|p2a: Serperior
|-start|p2a: Serperior|Substitute
|-damage|p2a: Serperior|76/100
|move|p1a: Clodsire|Gunk Shot|p2a: Serperior|[miss]
|-miss|p1a: Clodsire|p2a: Serperior
|
|-heal|p2a: Serperior|82/100|[from] item: Leftovers
|upkeep
|turn|6
|
|t:|1743920336
|move|p2a: Serperior|Leech Seed|p1a: Clodsire
|-start|p1a: Clodsire|move: Leech Seed
|move|p1a: Clodsire|Gunk Shot|p2a: Serperior
|-supereffective|p2a: Serperior
|-end|p2a: Serperior|Substitute
|
|-heal|p2a: Serperior|88/100|[from] item: Leftovers
|-damage|p1a: Clodsire|42/100|[from] Leech Seed|[of] p2a: Serperior
|-heal|p2a: Serperior|100/100|[silent]
|upkeep
|turn|7
|
|t:|1743920351
|switch|p2a: Bisharp|Bisharp, M|40/100
|switch|p1a: Iron Crown|Iron Crown|100/100
|-activate|p1a: Iron Crown|move: Sticky Web
|-unboost|p1a: Iron Crown|spe|1
|
|upkeep
|turn|8
|
|t:|1743920363
|-end|p1a: Iron Crown|Quark Drive|[silent]
|switch|p1a: Clodsire|Clodsire, M|42/100
|-activate|p1a: Clodsire|move: Sticky Web
|-unboost|p1a: Clodsire|spe|1
|move|p2a: Bisharp|Swords Dance|p2a: Bisharp
|-boost|p2a: Bisharp|atk|2
|
|upkeep
|turn|9
|
|t:|1743920370
|move|p2a: Bisharp|Iron Head|p1a: Clodsire
|-damage|p1a: Clodsire|0 fnt
|-damage|p2a: Bisharp|23/100|[from] item: Rocky Helmet|[of] p1a: Clodsire
|faint|p1a: Clodsire
|
|upkeep
|
|t:|1743920388
|switch|p1a: Iron Valiant|Iron Valiant|100/100
|-activate|p1a: Iron Valiant|move: Sticky Web
|-unboost|p1a: Iron Valiant|spe|1
|-enditem|p1a: Iron Valiant|Booster Energy
|-activate|p1a: Iron Valiant|ability: Quark Drive|[fromitem]
|-start|p1a: Iron Valiant|quarkdriveatk
|turn|10
|
|t:|1743920399
|-terastallize|p1a: Iron Valiant|Steel
|move|p1a: Iron Valiant|Drain Punch|p2a: Bisharp
|-supereffective|p2a: Bisharp
|-damage|p2a: Bisharp|0 fnt
|faint|p2a: Bisharp
|
|upkeep
|
|t:|1743920410
|switch|p2a: Cinderace|Cinderace, M|100/100
|turn|11
|
|t:|1743920424
|move|p2a: Cinderace|Court Change|p2a: Cinderace
|-swapsideconditions
|-activate|p2a: Cinderace|move: Court Change
|move|p1a: Iron Valiant|Drain Punch|p2a: Cinderace
|-damage|p2a: Cinderace|27/100
|
|upkeep
|turn|12
|
|t:|1743920435
|move|p2a: Cinderace|Will-O-Wisp|p1a: Iron Valiant
|-status|p1a: Iron Valiant|brn
|move|p1a: Iron Valiant|Spirit Break|p2a: Cinderace
|-resisted|p2a: Cinderace
|-damage|p2a: Cinderace|9/100
|-unboost|p2a: Cinderace|spa|1
|
|-damage|p1a: Iron Valiant|94/100 brn|[from] brn
|upkeep
|turn|13
|
|t:|1743920446
|move|p2a: Cinderace|Pyro Ball|p1a: Iron Valiant
|-supereffective|p1a: Iron Valiant
|-damage|p1a: Iron Valiant|0 fnt
|faint|p1a: Iron Valiant
|-end|p1a: Iron Valiant|Quark Drive|[silent]
|
|upkeep
|
|t:|1743920465
|switch|p1a: Cinderace|Cinderace, M|100/100
|-status|p1a: Cinderace|psn
|turn|14
|
|t:|1743920471
|move|p1a: Cinderace|Sucker Punch||[still]
|-fail|p1a: Cinderace
|move|p2a: Cinderace|Court Change|p2a: Cinderace
|-swapsideconditions
|-activate|p2a: Cinderace|move: Court Change
|
|-damage|p1a: Cinderace|88/100 psn|[from] psn
|upkeep
|turn|15
|
|t:|1743920481
|move|p1a: Cinderace|Pyro Ball|p2a: Cinderace
|-resisted|p2a: Cinderace
|-damage|p2a: Cinderace|0 fnt
|faint|p2a: Cinderace
|
|-damage|p1a: Cinderace|76/100 psn|[from] psn
|upkeep
|
|t:|1743920501
|switch|p2a: Dragapult|Dragapult, M|100/100
|-status|p2a: Dragapult|psn
|turn|16
|
|t:|1743920506
|move|p2a: Dragapult|Hydro Pump|p1a: Cinderace|[miss]
|-miss|p2a: Dragapult|p1a: Cinderace
|move|p1a: Cinderace|Pyro Ball|p2a: Dragapult
|-resisted|p2a: Dragapult
|-damage|p2a: Dragapult|63/100 psn
|
|-damage|p2a: Dragapult|50/100 psn|[from] psn
|-damage|p1a: Cinderace|64/100 psn|[from] psn
|upkeep
|turn|17
|
|t:|1743920515
|move|p1a: Cinderace|Sucker Punch|p2a: Dragapult
|-start|p1a: Cinderace|typechange|Dark|[from] ability: Libero
|-supereffective|p2a: Dragapult
|-damage|p2a: Dragapult|0 fnt
|faint|p2a: Dragapult
|
|-damage|p1a: Cinderace|51/100 psn|[from] psn
|upkeep
|
|t:|1743920525
|switch|p2a: Mimikyu|Mimikyu, F|100/100
|-status|p2a: Mimikyu|psn
|turn|18
|
|t:|1743920534
|move|p1a: Cinderace|Sucker Punch||[still]
|-fail|p1a: Cinderace
|move|p2a: Mimikyu|Will-O-Wisp||[still]
|-fail|p2a: Mimikyu
|
|-damage|p1a: Cinderace|39/100 psn|[from] psn
|-damage|p2a: Mimikyu|88/100 psn|[from] psn
|upkeep
|turn|19
|
|t:|1743920543
|move|p1a: Cinderace|Pyro Ball|p2a: Mimikyu
|-activate|p2a: Mimikyu|ability: Disguise
|-damage|p2a: Mimikyu|88/100 psn
|detailschange|p2a: Mimikyu|Mimikyu-Busted, F
|-damage|p2a: Mimikyu|76/100 psn|[from] pokemon: Mimikyu-Busted
|-enditem|p2a: Mimikyu|Red Card|[of] p1a: Cinderace
|drag|p1a: Corviknight|Corviknight, M|100/100
|-ability|p1a: Corviknight|Pressure
|move|p2a: Mimikyu|Play Rough|p1a: Corviknight
|-resisted|p1a: Corviknight
|-damage|p1a: Corviknight|88/100
|
|-heal|p1a: Corviknight|94/100|[from] item: Leftovers
|-damage|p2a: Mimikyu|63/100 psn|[from] psn
|upkeep
|turn|20
|-message|Flo03041992 forfeited.
|
|win|niginggig
|raw|niginggig's rating: 1164 &rarr; <strong>1190</strong><br />(+26 for winning)
|raw|Flo03041992's rating: 1181 &rarr; <strong>1155</strong><br />(-26 for losing)
|l|☆Flo03041992
|player|p2|
|l|☆niginggig
|player|p1|
