|j|☆jere.jeaa
|j|☆supertoki1
|t:|1743869150
|gametype|singles
|player|p1|jere.jeaa|benga|1111
|player|p2|supertoki1|iris|1126
|teamsize|p1|6
|teamsize|p2|6
|gen|9
|tier|[Gen 9] OU
|rated|
|rule|HP Percentage Mod: HP is shown in percentages
|rule|Endless Battle Clause: Forcing endless battles is banned
|rule|Species Clause: Limit one of each Pokémon
|rule|OHKO Clause: OHKO moves are banned
|rule|Evasion Items Clause: Evasion items are banned
|rule|Evasion Moves Clause: Evasion moves are banned
|rule|Sleep Moves Clause: Sleep-inducing moves are banned
|clearpoke
|poke|p1|Blissey, F|
|poke|p1|Dondozo, F|
|poke|p1|Gliscor, M|
|poke|p1|Toxapex, F|
|poke|p1|Clefable, M|
|poke|p1|Clodsire, F|
|poke|p2|Zamazenta-*|
|poke|p2|Iron Crown|
|poke|p2|Kingambit, F|
|poke|p2|Dragonite, F|
|poke|p2|Porygon-Z|
|poke|p2|Cinderace, M|
|teampreview
|inactive|Battle timer is ON: inactive players will automatically lose when time's up. (requested by supertoki1)
|inactive|jere.jeaa also wants the timer to be on.
|
|t:|1743869171
|start
|switch|p1a: Blissey|Blissey, F|100/100
|switch|p2a: Iron Crown|Iron Crown|100/100
|-enditem|p2a: Iron Crown|Booster Energy
|-activate|p2a: Iron Crown|ability: Quark Drive|[fromitem]
|-start|p2a: Iron Crown|quarkdrivespa
|turn|1
|
|t:|1743869182
|switch|p1a: Dondozo|Dondozo, F|100/100
|move|p2a: Iron Crown|Volt Switch|p1a: Dondozo
|-supereffective|p1a: Dondozo
|-damage|p1a: Dondozo|45/100
|
|t:|1743869189
|-end|p2a: Iron Crown|Quark Drive|[silent]
|switch|p2a: Porygon-Z|Porygon-Z|100/100|[from] Volt Switch
|
|upkeep
|turn|2
|
|t:|1743869202
|switch|p1a: Blissey|Blissey, F|100/100
|move|p2a: Porygon-Z|Tri Attack|p1a: Blissey
|-damage|p1a: Blissey|71/100
|-status|p1a: Blissey|frz
|
|upkeep
|turn|3
|
|t:|1743869229
|-terastallize|p2a: Porygon-Z|Normal
|move|p2a: Porygon-Z|Tri Attack|p1a: Blissey
|-damage|p1a: Blissey|38/100 frz
|-curestatus|p1a: Blissey|frz|[msg]
|move|p1a: Blissey|Soft-Boiled|p1a: Blissey
|-heal|p1a: Blissey|88/100
|
|upkeep
|turn|4
|
|t:|1743869243
|switch|p2a: Zamazenta|Zamazenta|100/100
|-ability|p2a: Zamazenta|Dauntless Shield|boost
|-boost|p2a: Zamazenta|def|1
|move|p1a: Blissey|Calm Mind|p1a: Blissey
|-boost|p1a: Blissey|spa|1
|-boost|p1a: Blissey|spd|1
|
|upkeep
|turn|5
|
|t:|1743869256
|switch|p1a: Dondozo|Dondozo, F|45/100
|move|p2a: Zamazenta|Body Press|p1a: Dondozo
|-damage|p1a: Dondozo|28/100
|
|upkeep
|turn|6
|
|t:|1743869267
|move|p2a: Zamazenta|Psychic Fangs|p1a: Dondozo
|-damage|p1a: Dondozo|14/100
|move|p1a: Dondozo|Rest|p1a: Dondozo
|-status|p1a: Dondozo|slp|[from] move: Rest
|-heal|p1a: Dondozo|100/100 slp|[silent]
|
|upkeep
|turn|7
|
|t:|1743869275
|switch|p2a: Porygon-Z|Porygon-Z, tera:Normal|100/100
|cant|p1a: Dondozo|slp
|move|p1a: Dondozo|Sleep Talk|p1a: Dondozo
|move|p1a: Dondozo|Rest||[from] move: Sleep Talk|[still]
|-fail|p1a: Dondozo
|
|upkeep
|turn|8
|
|t:|1743869287
|switch|p1a: Blissey|Blissey, F|88/100
|move|p2a: Porygon-Z|Discharge|p1a: Blissey
|-damage|p1a: Blissey|73/100
|
|upkeep
|turn|9
|
|t:|1743869303
|switch|p2a: Zamazenta|Zamazenta|100/100
|move|p1a: Blissey|Shadow Ball|p2a: Zamazenta
|-damage|p2a: Zamazenta|91/100
|
|upkeep
|turn|10
|
|t:|1743869315
|switch|p1a: Dondozo|Dondozo, F|100/100 slp
|move|p2a: Zamazenta|Body Press|p1a: Dondozo
|-damage|p1a: Dondozo|83/100 slp
|
|upkeep
|turn|11
|
|t:|1743869330
|switch|p2a: Porygon-Z|Porygon-Z, tera:Normal|100/100
|cant|p1a: Dondozo|slp
|move|p1a: Dondozo|Sleep Talk|p1a: Dondozo
|move|p1a: Dondozo|Rest||[from] move: Sleep Talk|[still]
|-fail|p1a: Dondozo
|
|upkeep
|turn|12
|
|t:|1743869340
|switch|p2a: Zamazenta|Zamazenta|91/100
|switch|p1a: Blissey|Blissey, F|73/100
|
|upkeep
|turn|13
|
|t:|1743869353
|switch|p1a: Gliscor|Gliscor, M|100/100
|move|p2a: Zamazenta|Body Press|p1a: Gliscor
|-resisted|p1a: Gliscor
|-damage|p1a: Gliscor|89/100
|
|-status|p1a: Gliscor|tox|[from] item: Toxic Orb
|upkeep
|turn|14
|
|t:|1743869367
|switch|p2a: Dragonite|Dragonite, F|100/100
|move|p1a: Gliscor|Knock Off|p2a: Dragonite
|-damage|p2a: Dragonite|91/100
|-enditem|p2a: Dragonite|Assault Vest|[from] move: Knock Off|[of] p1a: Gliscor
|
|-heal|p1a: Gliscor|100/100 tox|[from] ability: Poison Heal
|upkeep
|turn|15
|
|t:|1743869383
|move|p1a: Gliscor|Protect|p1a: Gliscor
|-singleturn|p1a: Gliscor|Protect
|move|p2a: Dragonite|Ice Spinner|p1a: Gliscor
|-activate|p1a: Gliscor|move: Protect
|
|upkeep
|turn|16
|
|t:|1743869392
|-terastallize|p1a: Gliscor|Ghost
|move|p1a: Gliscor|Knock Off|p2a: Dragonite
|-damage|p2a: Dragonite|78/100
|move|p2a: Dragonite|Ice Spinner|p1a: Gliscor
|-damage|p1a: Gliscor|82/100 tox
|
|-heal|p1a: Gliscor|95/100 tox|[from] ability: Poison Heal
|upkeep
|turn|17
|
|t:|1743869406
|switch|p2a: Zamazenta|Zamazenta|91/100
|move|p1a: Gliscor|Swords Dance|p1a: Gliscor
|-boost|p1a: Gliscor|atk|2
|
|-heal|p1a: Gliscor|100/100 tox|[from] ability: Poison Heal
|upkeep
|turn|18
|
|t:|1743869418
|move|p2a: Zamazenta|Crunch|p1a: Gliscor
|-supereffective|p1a: Gliscor
|-damage|p1a: Gliscor|65/100 tox
|move|p1a: Gliscor|Earthquake|p2a: Zamazenta
|-damage|p2a: Zamazenta|40/100
|
|-heal|p1a: Gliscor|77/100 tox|[from] ability: Poison Heal
|upkeep
|turn|19
|-message|supertoki1 forfeited.
|
|win|jere.jeaa
|raw|jere.jeaa's rating: 1111 &rarr; <strong>1137</strong><br />(+26 for winning)
|raw|supertoki1's rating: 1126 &rarr; <strong>1100</strong><br />(-26 for losing)
|l|☆supertoki1
|player|p2|
