|j|☆u vs me i win
|j|☆BanTwave77
|t:|1743825805
|gametype|singles
|player|p1|u vs me i win|102|1588
|player|p2|BanTwave77|grimsley|1700
|teamsize|p1|6
|teamsize|p2|6
|gen|9
|tier|[Gen 9] OU
|rated|
|rule|HP Percentage Mod: HP is shown in percentages
|rule|Endless Battle Clause: Forcing endless battles is banned
|rule|Species Clause: Limit one of each Pokémon
|rule|OHKO Clause: OHKO moves are banned
|rule|Evasion Items Clause: Evasion items are banned
|rule|Evasion Moves Clause: Evasion moves are banned
|rule|Sleep Moves Clause: Sleep-inducing moves are banned
|clearpoke
|poke|p1|Dragapult, M|
|poke|p1|Gliscor, F|
|poke|p1|Clefable, F|
|poke|p1|Slowking-Galar, F|
|poke|p1|Iron Valiant|
|poke|p1|Great Tusk|
|poke|p2|Garchomp, M|
|poke|p2|Sylveon, F|
|poke|p2|Dragonite, M|
|poke|p2|Kingambit, M|
|poke|p2|Volcanion|
|poke|p2|Great Tusk|
|teampreview
|
|t:|1743825829
|start
|switch|p1a: Clefable|Clefable, F|100/100
|switch|p2a: Garchomp|Garchomp, M|100/100
|turn|1
|
|t:|1743825857
|move|p2a: Garchomp|Iron Head|p1a: Clefable
|-supereffective|p1a: Clefable
|-damage|p1a: Clefable|56/100
|-damage|p2a: Garchomp|84/100|[from] item: Rocky Helmet|[of] p1a: Clefable
|cant|p1a: Clefable|flinch
|
|upkeep
|turn|2
|
|t:|1743825865
|switch|p2a: Volcanion|Volcanion|100/100
|move|p1a: Clefable|Stealth Rock|p2a: Volcanion
|-sidestart|p2: BanTwave77|move: Stealth Rock
|
|upkeep
|turn|3
|
|t:|1743825873
|switch|p1a: Slowking|Slowking-Galar, F|100/100
|move|p2a: Volcanion|Steam Eruption|p1a: Slowking
|-damage|p1a: Slowking|45/100
|
|upkeep
|turn|4
|
|t:|1743825879
|switch|p1a: Dragapult|Dragapult, M|100/100
|move|p2a: Volcanion|Steam Eruption|p1a: Dragapult
|-resisted|p1a: Dragapult
|-damage|p1a: Dragapult|27/100
|
|upkeep
|turn|5
|inactive|Battle timer is ON: inactive players will automatically lose when time's up. (requested by BanTwave77)
|
|t:|1743825949
|move|p1a: Dragapult|Dragon Darts|p2a: Volcanion
|-damage|p2a: Volcanion|81/100
|-anim|p1a: Dragapult|Dragon Darts|p2a: Volcanion
|-damage|p2a: Volcanion|60/100
|move|p2a: Volcanion|Steam Eruption|p1a: Dragapult
|-resisted|p1a: Dragapult
|-damage|p1a: Dragapult|0 fnt
|faint|p1a: Dragapult
|
|upkeep
|
|t:|1743825952
|switch|p1a: Great Tusk|Great Tusk|100/100
|turn|6
|
|t:|1743825959
|switch|p2a: Great Tusk|Great Tusk|100/100
|-damage|p2a: Great Tusk|98/100|[from] Stealth Rock
|-enditem|p2a: Great Tusk|Booster Energy
|-activate|p2a: Great Tusk|ability: Protosynthesis|[fromitem]
|-start|p2a: Great Tusk|protosynthesisspe
|move|p1a: Great Tusk|Headlong Rush|p2a: Great Tusk
|-damage|p2a: Great Tusk|58/100
|-unboost|p1a: Great Tusk|def|1
|-unboost|p1a: Great Tusk|spd|1
|
|upkeep
|turn|7
|
|t:|1743825963
|-end|p1a: Great Tusk|Protosynthesis|[silent]
|switch|p1a: Clefable|Clefable, F|56/100
|move|p2a: Great Tusk|Rapid Spin|p1a: Clefable
|-damage|p1a: Clefable|45/100
|-boost|p2a: Great Tusk|spe|1
|-damage|p2a: Great Tusk|42/100|[from] item: Rocky Helmet|[of] p1a: Clefable
|-sideend|p2: BanTwave77|Stealth Rock|[from] move: Rapid Spin|[of] p2a: Great Tusk
|
|upkeep
|turn|8
|
|t:|1743825973
|move|p2a: Great Tusk|Bulk Up|p2a: Great Tusk
|-boost|p2a: Great Tusk|atk|1
|-boost|p2a: Great Tusk|def|1
|move|p1a: Clefable|Moonlight|p1a: Clefable
|-heal|p1a: Clefable|95/100
|
|upkeep
|turn|9
|
|t:|1743825977
|move|p2a: Great Tusk|Headlong Rush|p1a: Clefable
|-damage|p1a: Clefable|38/100
|-unboost|p2a: Great Tusk|def|1
|-unboost|p2a: Great Tusk|spd|1
|-damage|p2a: Great Tusk|25/100|[from] item: Rocky Helmet|[of] p1a: Clefable
|move|p1a: Clefable|Moonblast|p2a: Great Tusk
|-supereffective|p2a: Great Tusk
|-damage|p2a: Great Tusk|0 fnt
|faint|p2a: Great Tusk
|-end|p2a: Great Tusk|Protosynthesis|[silent]
|
|upkeep
|
|t:|1743825980
|switch|p2a: Volcanion|Volcanion|60/100
|turn|10
|
|t:|1743825986
|move|p2a: Volcanion|Steam Eruption|p1a: Clefable
|-damage|p1a: Clefable|0 fnt
|faint|p1a: Clefable
|
|upkeep
|
|t:|1743825988
|switch|p1a: Great Tusk|Great Tusk|100/100
|turn|11
|
|t:|1743825993
|switch|p2a: Dragonite|Dragonite, M|100/100
|move|p1a: Great Tusk|Headlong Rush|p2a: Dragonite
|-immune|p2a: Dragonite
|
|upkeep
|turn|12
|
|t:|1743825999
|move|p1a: Great Tusk|Ice Spinner|p2a: Dragonite
|-supereffective|p2a: Dragonite
|-damage|p2a: Dragonite|42/100
|move|p2a: Dragonite|Dragon Dance|p2a: Dragonite
|-boost|p2a: Dragonite|atk|1
|-boost|p2a: Dragonite|spe|1
|
|upkeep
|turn|13
|
|t:|1743826007
|move|p2a: Dragonite|Ice Spinner|p1a: Great Tusk
|-supereffective|p1a: Great Tusk
|-damage|p1a: Great Tusk|36/100
|move|p1a: Great Tusk|Ice Spinner|p2a: Dragonite
|-supereffective|p2a: Dragonite
|-damage|p2a: Dragonite|0 fnt
|faint|p2a: Dragonite
|
|upkeep
|
|t:|1743826013
|switch|p2a: Garchomp|Garchomp, M|84/100
|turn|14
|
|t:|1743826041
|-end|p1a: Great Tusk|Protosynthesis|[silent]
|switch|p1a: Gliscor|Gliscor, F|100/100
|move|p2a: Garchomp|Outrage|p1a: Gliscor
|-damage|p1a: Gliscor|56/100
|
|-status|p1a: Gliscor|tox|[from] item: Toxic Orb
|upkeep
|turn|15
|j| xhawiwihawawax
|inactive|u vs me i win has 120 seconds left.
|inactive|u vs me i win has 90 seconds left.
|
|t:|1743826098
|switch|p1a: Iron Valiant|Iron Valiant|100/100
|move|p2a: Garchomp|Outrage|p1a: Iron Valiant|[from] lockedmove
|-immune|p1a: Iron Valiant
|
|upkeep
|turn|16
|l| xhawiwihawawax
|
|t:|1743826103
|switch|p2a: Sylveon|Sylveon, F|100/100
|move|p1a: Iron Valiant|Moonblast|p2a: Sylveon
|-damage|p2a: Sylveon|80/100
|
|upkeep
|turn|17
|
|t:|1743826109
|-end|p1a: Iron Valiant|Quark Drive|[silent]
|switch|p1a: Slowking|Slowking-Galar, F|78/100
|move|p2a: Sylveon|Shadow Ball|p1a: Slowking
|-supereffective|p1a: Slowking
|-damage|p1a: Slowking|46/100
|
|upkeep
|turn|18
|
|t:|1743826118
|switch|p2a: Volcanion|Volcanion|60/100
|-prepare|p1a: Slowking|Chilly Reception|[premajor]
|move|p1a: Slowking|Chilly Reception|p1a: Slowking
|-weather|Snowscape
|
|t:|1743826120
|switch|p1a: Great Tusk|Great Tusk|36/100|[from] Chilly Reception
|
|-weather|Snowscape|[upkeep]
|upkeep
|turn|19
|
|t:|1743826125
|switch|p2a: Garchomp|Garchomp, M|84/100
|move|p1a: Great Tusk|Headlong Rush|p2a: Garchomp
|-damage|p2a: Garchomp|16/100
|-unboost|p1a: Great Tusk|def|1
|-unboost|p1a: Great Tusk|spd|1
|-damage|p1a: Great Tusk|24/100|[from] ability: Rough Skin|[of] p2a: Garchomp
|
|-weather|Snowscape|[upkeep]
|upkeep
|turn|20
|j| spicy boii
|
|t:|1743826133
|-end|p1a: Great Tusk|Protosynthesis|[silent]
|switch|p1a: Gliscor|Gliscor, F|56/100 tox
|move|p2a: Garchomp|Outrage|p1a: Gliscor
|-damage|p1a: Gliscor|16/100 tox
|
|-weather|Snowscape|[upkeep]
|-heal|p1a: Gliscor|28/100 tox|[from] ability: Poison Heal
|upkeep
|turn|21
|
|t:|1743826136
|move|p1a: Gliscor|Protect|p1a: Gliscor
|-singleturn|p1a: Gliscor|Protect
|move|p2a: Garchomp|Outrage|p1a: Gliscor|[from] lockedmove
|-activate|p1a: Gliscor|move: Protect
|-start|p2a: Garchomp|confusion|[fatigue]
|
|-weather|Snowscape|[upkeep]
|-heal|p1a: Gliscor|41/100 tox|[from] ability: Poison Heal
|upkeep
|turn|22
|
|t:|1743826140
|switch|p2a: Sylveon|Sylveon, F|80/100
|switch|p1a: Iron Valiant|Iron Valiant|100/100
|
|-weather|none
|upkeep
|turn|23
|
|t:|1743826156
|-end|p1a: Iron Valiant|Quark Drive|[silent]
|switch|p1a: Slowking|Slowking-Galar, F|79/100
|switch|p2a: Volcanion|Volcanion|60/100
|
|upkeep
|turn|24
|
|t:|1743826161
|move|p2a: Volcanion|Steam Eruption|p1a: Slowking
|-damage|p1a: Slowking|20/100
|-prepare|p1a: Slowking|Chilly Reception|[premajor]
|move|p1a: Slowking|Chilly Reception|p1a: Slowking
|-weather|Snowscape
|
|t:|1743826164
|switch|p1a: Great Tusk|Great Tusk|24/100|[from] Chilly Reception
|
|-weather|Snowscape|[upkeep]
|upkeep
|turn|25
|
|t:|1743826170
|switch|p2a: Garchomp|Garchomp, M|16/100
|move|p1a: Great Tusk|Headlong Rush|p2a: Garchomp
|-damage|p2a: Garchomp|0 fnt
|-unboost|p1a: Great Tusk|def|1
|-unboost|p1a: Great Tusk|spd|1
|-damage|p1a: Great Tusk|12/100|[from] ability: Rough Skin|[of] p2a: Garchomp
|faint|p2a: Garchomp
|
|-weather|Snowscape|[upkeep]
|upkeep
|
|t:|1743826175
|switch|p2a: Sylveon|Sylveon, F|80/100
|turn|26
|inactive|u vs me i win has 120 seconds left.
|l| spicy boii
|j| spicy boii
|
|t:|1743826212
|-end|p1a: Great Tusk|Protosynthesis|[silent]
|switch|p1a: Gliscor|Gliscor, F|41/100 tox
|move|p2a: Sylveon|Quick Attack|p1a: Gliscor
|-damage|p1a: Gliscor|35/100 tox
|
|-weather|Snowscape|[upkeep]
|-heal|p1a: Gliscor|47/100 tox|[from] ability: Poison Heal
|upkeep
|turn|27
|inactive|u vs me i win has 120 seconds left.
|
|t:|1743826220
|move|p1a: Gliscor|Toxic|p2a: Sylveon
|-status|p2a: Sylveon|tox
|move|p2a: Sylveon|Hyper Voice|p1a: Gliscor
|-damage|p1a: Gliscor|0 fnt
|faint|p1a: Gliscor
|
|-weather|Snowscape|[upkeep]
|-damage|p2a: Sylveon|74/100 tox|[from] psn
|upkeep
|
|t:|1743826225
|switch|p1a: Slowking|Slowking-Galar, F|53/100
|turn|28
|
|t:|1743826235
|switch|p2a: Kingambit|Kingambit, M|100/100
|-activate|p2a: Kingambit|ability: Supreme Overlord
|-start|p2a: Kingambit|fallen3|[silent]
|-prepare|p1a: Slowking|Chilly Reception|[premajor]
|move|p1a: Slowking|Chilly Reception|p1a: Slowking
|
|t:|1743826239
|switch|p1a: Iron Valiant|Iron Valiant|100/100|[from] Chilly Reception
|
|-weather|none
|upkeep
|turn|29
|j| ASilentKingambitX
|inactive|u vs me i win has 120 seconds left.
|
|t:|1743826294
|-end|p1a: Iron Valiant|Quark Drive|[silent]
|switch|p1a: Great Tusk|Great Tusk|12/100
|-terastallize|p2a: Kingambit|Ghost
|move|p2a: Kingambit|Iron Head|p1a: Great Tusk
|-damage|p1a: Great Tusk|0 fnt
|faint|p1a: Great Tusk
|-end|p1a: Great Tusk|Protosynthesis|[silent]
|
|upkeep
|inactive|u vs me i win has 90 seconds left.
|
|t:|1743826314
|switch|p1a: Iron Valiant|Iron Valiant|100/100
|turn|30
|inactive|u vs me i win has 90 seconds left.
|
|t:|1743826322
|-terastallize|p1a: Iron Valiant|Dark
|move|p1a: Iron Valiant|Knock Off|p2a: Kingambit
|-supereffective|p2a: Kingambit
|-damage|p2a: Kingambit|34/100
|-enditem|p2a: Kingambit|Leftovers|[from] move: Knock Off|[of] p1a: Iron Valiant
|move|p2a: Kingambit|Iron Head|p1a: Iron Valiant
|-damage|p1a: Iron Valiant|17/100
|
|upkeep
|turn|31
|inactive|u vs me i win has 90 seconds left.
|
|t:|1743826334
|move|p2a: Kingambit|Sucker Punch||[still]
|-fail|p2a: Kingambit
|move|p1a: Iron Valiant|Encore|p2a: Kingambit
|-start|p2a: Kingambit|Encore
|
|upkeep
|turn|32
|
|t:|1743826340
|-end|p1a: Iron Valiant|Quark Drive|[silent]
|switch|p1a: Slowking|Slowking-Galar, F|86/100
|move|p2a: Kingambit|Sucker Punch||[still]
|-fail|p2a: Kingambit
|
|upkeep
|turn|33
|
|t:|1743826344
|-end|p2a: Kingambit|fallen3|[silent]
|switch|p2a: Volcanion|Volcanion|60/100
|move|p1a: Slowking|Sludge Bomb|p2a: Volcanion
|-damage|p2a: Volcanion|21/100
|
|upkeep
|turn|34
|
|t:|1743826349
|move|p2a: Volcanion|Earth Power|p1a: Slowking
|-supereffective|p1a: Slowking
|-damage|p1a: Slowking|26/100
|-prepare|p1a: Slowking|Chilly Reception|[premajor]
|move|p1a: Slowking|Chilly Reception|p1a: Slowking
|-weather|Snowscape
|
|t:|1743826350
|switch|p1a: Iron Valiant|Iron Valiant, tera:Dark|17/100|[from] Chilly Reception
|
|-weather|Snowscape|[upkeep]
|upkeep
|turn|35
|
|t:|1743826366
|switch|p2a: Sylveon|Sylveon, F|74/100 tox
|move|p1a: Iron Valiant|Knock Off|p2a: Sylveon
|-resisted|p2a: Sylveon
|-damage|p2a: Sylveon|50/100 tox
|-enditem|p2a: Sylveon|Assault Vest|[from] move: Knock Off|[of] p1a: Iron Valiant
|
|-weather|Snowscape|[upkeep]
|-damage|p2a: Sylveon|44/100 tox|[from] psn
|upkeep
|turn|36
|
|t:|1743826376
|-end|p1a: Iron Valiant|Quark Drive|[silent]
|switch|p1a: Slowking|Slowking-Galar, F|60/100
|move|p2a: Sylveon|Shadow Ball|p1a: Slowking
|-supereffective|p1a: Slowking
|-damage|p1a: Slowking|27/100
|-unboost|p1a: Slowking|spd|1
|
|-weather|Snowscape|[upkeep]
|-damage|p2a: Sylveon|32/100 tox|[from] psn
|upkeep
|turn|37
|
|t:|1743826385
|move|p2a: Sylveon|Shadow Ball|p1a: Slowking
|-supereffective|p1a: Slowking
|-damage|p1a: Slowking|0 fnt
|faint|p1a: Slowking
|
|-weather|Snowscape|[upkeep]
|-damage|p2a: Sylveon|13/100 tox|[from] psn
|upkeep
|-message|u vs me i win forfeited.
|
|win|BanTwave77
|raw|u vs me i win's rating: 1588 &rarr; <strong>1574</strong><br />(-14 for losing)
|raw|BanTwave77's rating: 1700 &rarr; <strong>1714</strong><br />(+14 for winning)
|l|☆u vs me i win
|player|p1|
|l| ASilentKingambitX
