|j|☆ghdfgh45
|j|☆Burgundi
|t:|1743838030
|gametype|singles
|player|p1|ghdfgh45|266|1239
|player|p2|Burgundi|ethan|1250
|teamsize|p1|6
|teamsize|p2|6
|gen|9
|tier|[Gen 9] OU
|rated|
|rule|HP Percentage Mod: HP is shown in percentages
|rule|Endless Battle Clause: Forcing endless battles is banned
|rule|Species Clause: Limit one of each Pokémon
|rule|OHKO Clause: OHKO moves are banned
|rule|Evasion Items Clause: Evasion items are banned
|rule|Evasion Moves Clause: Evasion moves are banned
|rule|Sleep Moves Clause: Sleep-inducing moves are banned
|clearpoke
|poke|p1|Rampardos, F|
|poke|p1|Kingambit, M|
|poke|p1|Greninja-*, F|
|poke|p1|Hoopa-Unbound|
|poke|p1|Conkeldurr, M|
|poke|p1|Corviknight, L98, F|
|poke|p2|Ribombee, F|
|poke|p2|Cinderace, M|
|poke|p2|Serperior, M|
|poke|p2|Kingambit, F|
|poke|p2|Garganacl, F|
|poke|p2|Latias, F|
|teampreview
|inactive|Battle timer is ON: inactive players will automatically lose when time's up. (requested by Burgundi)
|
|t:|1743838036
|start
|switch|p1a: Greninja|Greninja, F|100/100
|switch|p2a: Ribombee|Ribombee, F|100/100
|turn|1
|
|t:|1743838042
|move|p1a: Greninja|Water Shuriken|p2a: Ribombee
|-damage|p2a: Ribombee|82/100
|-damage|p2a: Ribombee|63/100
|-damage|p2a: Ribombee|45/100
|-damage|p2a: Ribombee|28/100
|-hitcount|p2a: Ribombee|4
|move|p2a: Ribombee|Sticky Web|p1a: Greninja
|-sidestart|p1: ghdfgh45|move: Sticky Web
|
|upkeep
|turn|2
|
|t:|1743838046
|move|p1a: Greninja|Water Shuriken|p2a: Ribombee
|-damage|p2a: Ribombee|9/100
|-damage|p2a: Ribombee|0 fnt
|faint|p2a: Ribombee
|-hitcount|p2: Ribombee|2
|
|upkeep
|
|t:|1743838053
|switch|p2a: Latias|Latias, F|100/100
|turn|3
|
|t:|1743838057
|switch|p1a: Hoopa|Hoopa-Unbound|100/100
|-activate|p1a: Hoopa|move: Sticky Web
|-unboost|p1a: Hoopa|spe|1
|move|p2a: Latias|Light Screen|p2a: Latias
|-sidestart|p2: Burgundi|move: Light Screen
|
|upkeep
|turn|4
|
|t:|1743838067
|move|p2a: Latias|Reflect|p2a: Latias
|-sidestart|p2: Burgundi|Reflect
|move|p1a: Hoopa|Psychic Noise|p2a: Latias
|-resisted|p2a: Latias
|-damage|p2a: Latias|87/100
|-start|p2a: Latias|move: Heal Block
|
|upkeep
|turn|5
|
|t:|1743838073
|switch|p2a: Cinderace|Cinderace, M|100/100
|move|p1a: Hoopa|Psychic Noise|p2a: Cinderace
|-crit|p2a: Cinderace
|-damage|p2a: Cinderace|0 fnt
|faint|p2a: Cinderace
|
|upkeep
|c|☆Burgundi|...
|c|☆Burgundi|there goes my strat
|c|☆ghdfgh45|planned
|
|t:|1743838093
|switch|p2a: Serperior|Serperior, M, shiny|100/100
|turn|6
|c|☆ghdfgh45|surely
|c|☆Burgundi|gee wiz
|
|t:|1743838104
|switch|p1a: Corviknight|Corviknight, L98, F|100/100
|move|p2a: Serperior|Leaf Storm|p1a: Corviknight
|-resisted|p1a: Corviknight
|-damage|p1a: Corviknight|92/100
|-boost|p2a: Serperior|spa|2
|-enditem|p1a: Corviknight|Eject Button
|c|☆Burgundi|i'm cooked
|inactive|ghdfgh45 has 120 seconds left.
|
|t:|1743838137
|switch|p1a: Conkeldurr|Conkeldurr, M|100/100
|-activate|p1a: Conkeldurr|move: Sticky Web
|-unboost|p1a: Conkeldurr|spe|1
|
|upkeep
|turn|7
|inactive|ghdfgh45 has 120 seconds left.
|
|t:|1743838148
|move|p2a: Serperior|Leaf Storm|p1a: Conkeldurr
|-damage|p1a: Conkeldurr|22/100
|-boost|p2a: Serperior|spa|2
|move|p1a: Conkeldurr|Ice Punch|p2a: Serperior
|-supereffective|p2a: Serperior
|-crit|p2a: Serperior
|-damage|p2a: Serperior|0 fnt
|faint|p2a: Serperior
|
|upkeep
|c|☆Burgundi|._.
|c|☆ghdfgh45|damn
|c|☆ghdfgh45|I'm sorry
|
|t:|1743838164
|switch|p2a: Kingambit|Kingambit, F, shiny|100/100
|turn|8
|
|t:|1743838170
|move|p2a: Kingambit|Iron Head|p1a: Conkeldurr
|-damage|p1a: Conkeldurr|0 fnt
|faint|p1a: Conkeldurr
|
|upkeep
|c|☆Burgundi|hoo boy
|
|t:|1743838182
|switch|p1a: Corviknight|Corviknight, L98, F|92/100
|turn|9
|
|t:|1743838186
|move|p1a: Corviknight|Taunt|p2a: Kingambit
|-start|p2a: Kingambit|move: Taunt
|cant|p2a: Kingambit|move: Taunt|Swords Dance
|
|upkeep
|turn|10
|
|t:|1743838192
|switch|p2a: Latias|Latias, F|87/100
|move|p1a: Corviknight|U-turn|p2a: Latias
|-supereffective|p2a: Latias
|-damage|p2a: Latias|72/100
|
|t:|1743838198
|switch|p1a: Greninja|Greninja, F|100/100|[from] U-turn
|-activate|p1a: Greninja|move: Sticky Web
|-unboost|p1a: Greninja|spe|1
|
|-sideend|p2: Burgundi|move: Light Screen
|upkeep
|turn|11
|
|t:|1743838205
|move|p2a: Latias|Light Screen|p2a: Latias
|-sidestart|p2: Burgundi|move: Light Screen
|move|p1a: Greninja|Blizzard|p2a: Latias
|-supereffective|p2a: Latias
|-damage|p2a: Latias|33/100
|
|-sideend|p2: Burgundi|Reflect
|upkeep
|turn|12
|
|t:|1743838210
|move|p2a: Latias|Reflect|p2a: Latias
|-sidestart|p2: Burgundi|Reflect
|move|p1a: Greninja|Blizzard|p2a: Latias
|-supereffective|p2a: Latias
|-damage|p2a: Latias|0 fnt
|faint|p2a: Latias
|
|upkeep
|
|t:|1743838230
|switch|p2a: Kingambit|Kingambit, F, shiny|100/100
|turn|13
|c|☆Burgundi|wait
|c|☆Burgundi|is that a torrent greninja?
|
|t:|1743838239
|switch|p1a: Corviknight|Corviknight, L98, F|92/100
|move|p2a: Kingambit|Swords Dance|p2a: Kingambit
|-boost|p2a: Kingambit|atk|2
|
|upkeep
|turn|14
|c|☆ghdfgh45|how'd you know?
|
|t:|1743838249
|move|p1a: Corviknight|Taunt|p2a: Kingambit
|-start|p2a: Kingambit|move: Taunt
|move|p2a: Kingambit|Kowtow Cleave|p1a: Corviknight
|-damage|p1a: Corviknight|12/100
|
|upkeep
|turn|15
|c|☆Burgundi|it doesn't change type and didn't get a battle bond boost from killing latias
|
|t:|1743838266
|move|p1a: Corviknight|Protect|p1a: Corviknight
|-singleturn|p1a: Corviknight|Protect
|move|p2a: Kingambit|Kowtow Cleave|p1a: Corviknight
|-activate|p1a: Corviknight|move: Protect
|
|upkeep
|turn|16
|
|t:|1743838278
|move|p1a: Corviknight|Protect||[still]
|-fail|p1a: Corviknight
|move|p2a: Kingambit|Kowtow Cleave|p1a: Corviknight
|-damage|p1a: Corviknight|0 fnt
|faint|p1a: Corviknight
|
|-end|p2a: Kingambit|move: Taunt
|upkeep
|c|☆Burgundi|then again, torrent boosted shurikens sound cool
|
|t:|1743838298
|switch|p1a: Rampardos|Rampardos, F|100/100
|-activate|p1a: Rampardos|move: Sticky Web
|-unboost|p1a: Rampardos|spe|1
|turn|17
|c|☆ghdfgh45|yeah it does
|inactive|ghdfgh45 has 120 seconds left.
|c|☆ghdfgh45|I wanted it as a last resort against stall
|
|t:|1743838326
|move|p2a: Kingambit|Iron Head|p1a: Rampardos
|-supereffective|p1a: Rampardos
|-damage|p1a: Rampardos|0 fnt
|faint|p1a: Rampardos
|
|upkeep
|
|t:|1743838335
|switch|p1a: Greninja|Greninja, F|100/100
|-activate|p1a: Greninja|move: Sticky Web
|-unboost|p1a: Greninja|spe|1
|turn|18
|c|☆Burgundi|the sweaty stall players poison everything you own
|inactive|ghdfgh45 has 120 seconds left.
|
|t:|1743838343
|move|p1a: Greninja|Hydro Pump|p2a: Kingambit
|-damage|p2a: Kingambit|64/100
|move|p2a: Kingambit|Kowtow Cleave|p1a: Greninja
|-resisted|p1a: Greninja
|-damage|p1a: Greninja|6/100
|
|-sideend|p2: Burgundi|move: Light Screen
|upkeep
|turn|19
|
|t:|1743838350
|switch|p1a: Kingambit|Kingambit, M|100/100
|-activate|p1a: Kingambit|move: Sticky Web
|-unboost|p1a: Kingambit|spe|1
|-activate|p1a: Kingambit|ability: Supreme Overlord
|-start|p1a: Kingambit|fallen3|[silent]
|move|p2a: Kingambit|Sucker Punch||[still]
|-fail|p2a: Kingambit
|
|-sideend|p2: Burgundi|Reflect
|upkeep
|turn|20
|c|☆ghdfgh45|and they set rocks
|inactive|ghdfgh45 has 120 seconds left.
|c|☆ghdfgh45|my greatest weakness
|c|☆Burgundi|and spikes
|
|t:|1743838376
|move|p2a: Kingambit|Kowtow Cleave|p1a: Kingambit
|-resisted|p1a: Kingambit
|-damage|p1a: Kingambit|60/100
|move|p1a: Kingambit|Swords Dance|p1a: Kingambit
|-boost|p1a: Kingambit|atk|2
|
|upkeep
|turn|21
|c|☆Burgundi|and destroy your sanity
|
|t:|1743838383
|move|p2a: Kingambit|Kowtow Cleave|p1a: Kingambit
|-resisted|p1a: Kingambit
|-crit|p1a: Kingambit
|-damage|p1a: Kingambit|0 fnt
|faint|p1a: Kingambit
|-end|p1a: Kingambit|fallen3|[silent]
|
|upkeep
|inactive|ghdfgh45 has 120 seconds left.
|c|☆Burgundi|hey i got lucky
|c|☆Burgundi|nice
|
|t:|1743838392
|switch|p1a: Greninja|Greninja, F|6/100
|-activate|p1a: Greninja|move: Sticky Web
|-unboost|p1a: Greninja|spe|1
|turn|22
|
|t:|1743838396
|-terastallize|p1a: Greninja|Water
|move|p1a: Greninja|Water Shuriken|p2a: Kingambit
|-damage|p2a: Kingambit|46/100
|-damage|p2a: Kingambit|28/100
|-damage|p2a: Kingambit|8/100
|-damage|p2a: Kingambit|0 fnt
|faint|p2a: Kingambit
|-hitcount|p2: Kingambit|4
|
|upkeep
|
|t:|1743838403
|switch|p2a: Garganacl|Garganacl, F|100/100
|turn|23
|c|☆ghdfgh45|fair's fair
|
|t:|1743838407
|-terastallize|p2a: Garganacl|Ghost
|move|p1a: Greninja|Water Shuriken|p2a: Garganacl
|-damage|p2a: Garganacl|81/100
|-damage|p2a: Garganacl|61/100
|-hitcount|p2a: Garganacl|2
|move|p2a: Garganacl|Salt Cure|p1a: Greninja
|-damage|p1a: Greninja|0 fnt
|faint|p1a: Greninja
|
|-heal|p2a: Garganacl|67/100|[from] item: Leftovers
|upkeep
|c|☆Burgundi|oh noes
|
|t:|1743838414
|switch|p1a: Hoopa|Hoopa-Unbound|100/100
|-activate|p1a: Hoopa|move: Sticky Web
|-unboost|p1a: Hoopa|spe|1
|turn|24
|c|☆Burgundi|you should use loaded dice on that
|c|☆ghdfgh45|but then I lose the hydro pumps
|inactive|ghdfgh45 has 120 seconds left.
|
|t:|1743838445
|move|p1a: Hoopa|Psychic Noise|p2a: Garganacl
|-damage|p2a: Garganacl|0 fnt
|faint|p2a: Garganacl
|
|win|ghdfgh45
|raw|ghdfgh45's rating: 1239 &rarr; <strong>1265</strong><br />(+26 for winning)
|raw|Burgundi's rating: 1250 &rarr; <strong>1224</strong><br />(-26 for losing)
|c|☆Burgundi|gg
|c|☆ghdfgh45|gg
|c|☆Burgundi|you can still have hydro
|c|☆Burgundi|but if you wanna make shurikens shuriken
|c|☆Burgundi|dice would be good
|c|☆ghdfgh45|fair but shurikan is only needed for prio
|c|☆ghdfgh45|against the fastest
|c|☆ghdfgh45|rarely useful
|c|☆Burgundi|in that case what you've got now is probably fine
|c|☆Burgundi|torrent boosted specs boosted shurikens sound fun
|c|☆Burgundi|ima use em now
|c|☆Burgundi|cya
|c|☆ghdfgh45|cya
|l|☆ghdfgh45
|player|p1|
|l|☆Burgundi
|player|p2|
