|j|☆Matatex
|j|☆chewfive
|t:|1743872003
|gametype|singles
|player|p1|Matatex|hiker|1115
|player|p2|chewfive|265|1130
|teamsize|p1|6
|teamsize|p2|6
|gen|9
|tier|[Gen 9] OU
|rated|
|rule|HP Percentage Mod: HP is shown in percentages
|rule|Endless Battle Clause: Forcing endless battles is banned
|rule|Species Clause: Limit one of each Pokémon
|rule|OHKO Clause: OHKO moves are banned
|rule|Evasion Items Clause: Evasion items are banned
|rule|Evasion Moves Clause: Evasion moves are banned
|rule|Sleep Moves Clause: Sleep-inducing moves are banned
|clearpoke
|poke|p1|Darkrai|
|poke|p1|Blaziken, M|
|poke|p1|Great Tusk|
|poke|p1|Primarina, M|
|poke|p1|Raging Bolt|
|poke|p1|Ogerpon-Cornerstone, F|
|poke|p2|Hoopa-Unbound|
|poke|p2|Torterra, M|
|poke|p2|Skuntank, M|
|poke|p2|Sinistcha|
|poke|p2|Hitmonlee, M|
|poke|p2|Smeargle, F|
|teampreview
|inactive|Battle timer is ON: inactive players will automatically lose when time's up. (requested by chewfive)
|
|t:|1743872017
|start
|switch|p1a: Darkrai|Darkrai|100/100
|switch|p2a: almighty skunk|Skuntank, M|100/100
|turn|1
|
|t:|1743872025
|move|p1a: Darkrai|Will-O-Wisp|p2a: almighty skunk
|-status|p2a: almighty skunk|brn
|move|p2a: almighty skunk|Poison Jab|p1a: Darkrai
|-damage|p1a: Darkrai|84/100
|
|-damage|p2a: almighty skunk|94/100 brn|[from] brn
|upkeep
|turn|2
|
|t:|1743872036
|switch|p1a: Great Tusk|Great Tusk|100/100
|move|p2a: almighty skunk|Toxic Spikes|p1a: Great Tusk
|-sidestart|p1: Matatex|move: Toxic Spikes
|
|-damage|p2a: almighty skunk|88/100 brn|[from] brn
|upkeep
|turn|3
|
|t:|1743872042
|switch|p2a: u ready?|Sinistcha|100/100
|move|p1a: Great Tusk|Knock Off|p2a: u ready?
|-supereffective|p2a: u ready?
|-damage|p2a: u ready?|44/100
|-enditem|p2a: u ready?|Big Root|[from] move: Knock Off|[of] p1a: Great Tusk
|
|upkeep
|turn|4
|
|t:|1743872055
|-terastallize|p2a: u ready?|Fighting
|move|p1a: Great Tusk|Ice Spinner|p2a: u ready?
|-damage|p2a: u ready?|22/100
|move|p2a: u ready?|Matcha Gotcha|p1a: Great Tusk
|-supereffective|p1a: Great Tusk
|-damage|p1a: Great Tusk|0 fnt
|-heal|p2a: u ready?|85/100|[from] drain|[of] p1a: Great Tusk
|faint|p1a: Great Tusk
|-end|p1a: Great Tusk|Protosynthesis|[silent]
|
|upkeep
|
|t:|1743872062
|switch|p1a: Primarina|Primarina, M|100/100
|-status|p1a: Primarina|psn
|turn|5
|
|t:|1743872070
|switch|p2a: almighty skunk|Skuntank, M|88/100 brn
|move|p1a: Primarina|Psychic Noise|p2a: almighty skunk
|-immune|p2a: almighty skunk
|
|-damage|p1a: Primarina|88/100 psn|[from] psn
|-damage|p2a: almighty skunk|82/100 brn|[from] brn
|upkeep
|turn|6
|
|t:|1743872083
|move|p2a: almighty skunk|Poison Jab|p1a: Primarina
|-supereffective|p1a: Primarina
|-damage|p1a: Primarina|53/100 psn
|move|p1a: Primarina|Flip Turn|p2a: almighty skunk
|-damage|p2a: almighty skunk|69/100 brn
|
|t:|1743872095
|switch|p1a: Ogerpon|Ogerpon-Cornerstone, F|100/100|[from] Flip Turn
|-status|p1a: Ogerpon|psn
|
|-damage|p1a: Ogerpon|88/100 psn|[from] psn
|-damage|p2a: almighty skunk|63/100 brn|[from] brn
|upkeep
|turn|7
|
|t:|1743872102
|move|p1a: Ogerpon|Swords Dance|p1a: Ogerpon
|-boost|p1a: Ogerpon|atk|2
|move|p2a: almighty skunk|Foul Play|p1a: Ogerpon
|-damage|p1a: Ogerpon|19/100 psn
|
|-damage|p1a: Ogerpon|6/100 psn|[from] psn
|-damage|p2a: almighty skunk|57/100 brn|[from] brn
|upkeep
|turn|8
|
|t:|1743872110
|move|p1a: Ogerpon|Ivy Cudgel|p2a: almighty skunk|[anim] Ivy Cudgel Rock
|-crit|p2a: almighty skunk
|-damage|p2a: almighty skunk|0 fnt
|faint|p2a: almighty skunk
|
|-damage|p1a: Ogerpon|0 fnt|[from] psn
|faint|p1a: Ogerpon
|upkeep
|
|t:|1743872135
|switch|p1a: Blaziken|Blaziken, M|100/100
|switch|p2a: the trump card|Hitmonlee, M|100/100
|-status|p1a: Blaziken|psn
|turn|9
|
|t:|1743872156
|switch|p2a: u ready?|Sinistcha, tera:Fighting|85/100
|move|p1a: Blaziken|Protect||[still]
|-fail|p1a: Blaziken
|
|-damage|p1a: Blaziken|88/100 psn|[from] psn
|-ability|p1a: Blaziken|Speed Boost|boost
|-boost|p1a: Blaziken|spe|1
|upkeep
|turn|10
|
|t:|1743872164
|move|p1a: Blaziken|Flare Blitz|p2a: u ready?
|-damage|p2a: u ready?|53/100
|-damage|p1a: Blaziken|76/100 psn|[from] Recoil
|move|p2a: u ready?|Trick Room|p2a: u ready?
|-fieldstart|move: Trick Room|[of] p2a: u ready?
|
|-heal|p1a: Blaziken|82/100 psn|[from] item: Leftovers
|-damage|p1a: Blaziken|70/100 psn|[from] psn
|-ability|p1a: Blaziken|Speed Boost|boost
|-boost|p1a: Blaziken|spe|1
|upkeep
|turn|11
|-message|Matatex forfeited.
|
|win|chewfive
|raw|Matatex's rating: 1115 &rarr; <strong>1091</strong><br />(-24 for losing)
|raw|chewfive's rating: 1130 &rarr; <strong>1154</strong><br />(+24 for winning)
|l|☆Matatex
|player|p1|
|l|☆chewfive
|player|p2|
