|j|☆Team BBIO
|j|☆letsgaurrwe
|t:|1743914092
|gametype|singles
|player|p1|Team BBIO|birdkeeper-gen4dp|1107
|player|p2|letsgaurrwe|depotagent|1130
|teamsize|p1|6
|teamsize|p2|6
|gen|9
|tier|[Gen 9] OU
|rated|
|rule|HP Percentage Mod: HP is shown in percentages
|rule|Endless Battle Clause: Forcing endless battles is banned
|rule|Species Clause: Limit one of each Pokémon
|rule|OHKO Clause: OHKO moves are banned
|rule|Evasion Items Clause: Evasion items are banned
|rule|Evasion Moves Clause: Evasion moves are banned
|rule|Sleep Moves Clause: Sleep-inducing moves are banned
|clearpoke
|poke|p1|Sylveon, M|
|poke|p1|Tinkaton, F|
|poke|p1|Whimsicott, M|
|poke|p1|Comfey, F|
|poke|p1|Alcremie, F|
|poke|p1|Primarina, F|
|poke|p2|Kingambit, F|
|poke|p2|Primarina, M|
|poke|p2|Dragapult, M|
|poke|p2|Gardevoir, M|
|poke|p2|Sylveon, M|
|poke|p2|Luxray, M|
|teampreview
|inactive|Battle timer is ON: inactive players will automatically lose when time's up. (requested by Team BBIO)
|
|t:|1743914105
|start
|switch|p1a: Comfey|Comfey, F|100/100
|switch|p2a: Dragapult|Dragapult, M|100/100
|turn|1
|
|t:|1743914111
|move|p2a: Dragapult|U-turn|p1a: Comfey
|-resisted|p1a: Comfey
|-damage|p1a: Comfey|94/100
|
|t:|1743914127
|switch|p2a: Kingambit|Kingambit, F|100/100|[from] U-turn
|move|p1a: Comfey|Calm Mind|p1a: Comfey
|-boost|p1a: Comfey|spa|1
|-boost|p1a: Comfey|spd|1
|
|upkeep
|turn|2
|
|t:|1743914144
|switch|p1a: Tinkaton|Tinkaton, F|100/100
|-item|p1a: Tinkaton|Air Balloon
|-terastallize|p2a: Kingambit|Flying
|move|p2a: Kingambit|Poison Jab|p1a: Tinkaton
|-immune|p1a: Tinkaton
|
|upkeep
|turn|3
|
|t:|1743914152
|move|p1a: Tinkaton|Encore|p2a: Kingambit
|-start|p2a: Kingambit|Encore
|move|p2a: Kingambit|Poison Jab|p1a: Tinkaton
|-immune|p1a: Tinkaton
|
|upkeep
|turn|4
|
|t:|1743914166
|move|p1a: Tinkaton|Knock Off|p2a: Kingambit
|-damage|p2a: Kingambit|84/100
|-enditem|p2a: Kingambit|Black Glasses|[from] move: Knock Off|[of] p1a: Tinkaton
|move|p2a: Kingambit|Poison Jab|p1a: Tinkaton
|-immune|p1a: Tinkaton
|
|upkeep
|turn|5
|
|t:|1743914172
|move|p1a: Tinkaton|Thunder Wave|p2a: Kingambit
|-status|p2a: Kingambit|par
|move|p2a: Kingambit|Poison Jab|p1a: Tinkaton
|-immune|p1a: Tinkaton
|
|-end|p2a: Kingambit|Encore
|upkeep
|turn|6
|
|t:|1743914181
|move|p1a: Tinkaton|Knock Off|p2a: Kingambit
|-damage|p2a: Kingambit|73/100 par
|move|p2a: Kingambit|Low Kick|p1a: Tinkaton
|-damage|p1a: Tinkaton|47/100
|-enditem|p1a: Tinkaton|Air Balloon
|
|upkeep
|turn|7
|
|t:|1743914200
|switch|p1a: Primarina|Primarina, F|100/100
|move|p2a: Kingambit|Low Kick|p1a: Primarina
|-resisted|p1a: Primarina
|-damage|p1a: Primarina|87/100
|
|-heal|p1a: Primarina|93/100|[from] item: Leftovers
|upkeep
|turn|8
|
|t:|1743914209
|move|p1a: Primarina|Moonblast|p2a: Kingambit
|-damage|p2a: Kingambit|24/100 par
|-unboost|p2a: Kingambit|spa|1
|cant|p2a: Kingambit|par
|
|-heal|p1a: Primarina|99/100|[from] item: Leftovers
|upkeep
|turn|9
|
|t:|1743914219
|move|p1a: Primarina|Moonblast|p2a: Kingambit
|-damage|p2a: Kingambit|0 fnt
|faint|p2a: Kingambit
|-end|p2a: Kingambit|fallenundefined|[silent]
|
|-heal|p1a: Primarina|100/100|[from] item: Leftovers
|upkeep
|
|t:|1743914224
|switch|p2a: Luxray|Luxray, M|100/100
|turn|10
|
|t:|1743914232
|switch|p1a: Whimsicott|Whimsicott, M, shiny|100/100
|move|p2a: Luxray|Wild Charge|p1a: Whimsicott
|-resisted|p1a: Whimsicott
|-damage|p1a: Whimsicott|78/100
|-damage|p2a: Luxray|95/100|[from] Recoil
|
|-heal|p1a: Whimsicott|85/100|[from] item: Leftovers
|-status|p2a: Luxray|brn|[from] item: Flame Orb
|upkeep
|turn|11
|
|t:|1743914241
|move|p1a: Whimsicott|Leech Seed|p2a: Luxray
|-start|p2a: Luxray|move: Leech Seed
|move|p2a: Luxray|Facade|p1a: Whimsicott
|-damage|p1a: Whimsicott|5/100
|
|-heal|p1a: Whimsicott|11/100|[from] item: Leftovers
|-damage|p2a: Luxray|82/100 brn|[from] Leech Seed|[of] p1a: Whimsicott
|-heal|p1a: Whimsicott|22/100|[silent]
|-damage|p2a: Luxray|76/100 brn|[from] brn
|upkeep
|turn|12
|
|t:|1743914254
|move|p1a: Whimsicott|Protect|p1a: Whimsicott
|-singleturn|p1a: Whimsicott|Protect
|move|p2a: Luxray|Facade|p1a: Whimsicott
|-activate|p1a: Whimsicott|move: Protect
|
|-heal|p1a: Whimsicott|29/100|[from] item: Leftovers
|-damage|p2a: Luxray|64/100 brn|[from] Leech Seed|[of] p1a: Whimsicott
|-heal|p1a: Whimsicott|40/100|[silent]
|-damage|p2a: Luxray|58/100 brn|[from] brn
|upkeep
|turn|13
|
|t:|1743914264
|move|p1a: Whimsicott|Substitute|p1a: Whimsicott
|-start|p1a: Whimsicott|Substitute
|-damage|p1a: Whimsicott|15/100
|move|p2a: Luxray|Facade|p1a: Whimsicott
|-end|p1a: Whimsicott|Substitute
|
|-heal|p1a: Whimsicott|21/100|[from] item: Leftovers
|-damage|p2a: Luxray|46/100 brn|[from] Leech Seed|[of] p1a: Whimsicott
|-heal|p1a: Whimsicott|33/100|[silent]
|-damage|p2a: Luxray|40/100 brn|[from] brn
|upkeep
|turn|14
|
|t:|1743914279
|switch|p2a: Dragapult|Dragapult, M|100/100
|move|p1a: Whimsicott|Protect||[still]
|-fail|p1a: Whimsicott
|
|-heal|p1a: Whimsicott|39/100|[from] item: Leftovers
|upkeep
|turn|15
|
|t:|1743914290
|switch|p1a: Tinkaton|Tinkaton, F|47/100
|move|p2a: Dragapult|Flamethrower|p1a: Tinkaton
|-supereffective|p1a: Tinkaton
|-damage|p1a: Tinkaton|0 fnt
|faint|p1a: Tinkaton
|
|upkeep
|
|t:|1743914300
|switch|p1a: Primarina|Primarina, F|100/100
|turn|16
|
|t:|1743914307
|switch|p2a: Sylveon|Sylveon, M, shiny|100/100
|move|p1a: Primarina|Moonblast|p2a: Sylveon
|-damage|p2a: Sylveon|66/100
|
|-heal|p2a: Sylveon|72/100|[from] item: Leftovers
|upkeep
|turn|17
|
|t:|1743914316
|move|p2a: Sylveon|Protect|p2a: Sylveon
|-singleturn|p2a: Sylveon|Protect
|move|p1a: Primarina|Calm Mind|p1a: Primarina
|-boost|p1a: Primarina|spa|1
|-boost|p1a: Primarina|spd|1
|
|-heal|p2a: Sylveon|78/100|[from] item: Leftovers
|upkeep
|turn|18
|
|t:|1743914325
|move|p2a: Sylveon|Calm Mind|p2a: Sylveon
|-boost|p2a: Sylveon|spa|1
|-boost|p2a: Sylveon|spd|1
|move|p1a: Primarina|Calm Mind|p1a: Primarina
|-boost|p1a: Primarina|spa|1
|-boost|p1a: Primarina|spd|1
|
|-heal|p2a: Sylveon|85/100|[from] item: Leftovers
|upkeep
|turn|19
|
|t:|1743914334
|move|p2a: Sylveon|Calm Mind|p2a: Sylveon
|-boost|p2a: Sylveon|spa|1
|-boost|p2a: Sylveon|spd|1
|move|p1a: Primarina|Calm Mind|p1a: Primarina
|-boost|p1a: Primarina|spa|1
|-boost|p1a: Primarina|spd|1
|
|-heal|p2a: Sylveon|91/100|[from] item: Leftovers
|upkeep
|turn|20
|
|t:|1743914342
|move|p1a: Primarina|Calm Mind|p1a: Primarina
|-boost|p1a: Primarina|spa|1
|-boost|p1a: Primarina|spd|1
|move|p2a: Sylveon|Calm Mind|p2a: Sylveon
|-boost|p2a: Sylveon|spa|1
|-boost|p2a: Sylveon|spd|1
|
|-heal|p2a: Sylveon|97/100|[from] item: Leftovers
|upkeep
|turn|21
|
|t:|1743914350
|move|p1a: Primarina|Calm Mind|p1a: Primarina
|-boost|p1a: Primarina|spa|1
|-boost|p1a: Primarina|spd|1
|move|p2a: Sylveon|Calm Mind|p2a: Sylveon
|-boost|p2a: Sylveon|spa|1
|-boost|p2a: Sylveon|spd|1
|
|-heal|p2a: Sylveon|100/100|[from] item: Leftovers
|upkeep
|turn|22
|
|t:|1743914362
|move|p2a: Sylveon|Hyper Voice|p1a: Primarina
|-damage|p1a: Primarina|71/100
|move|p1a: Primarina|Calm Mind|p1a: Primarina
|-boost|p1a: Primarina|spa|1
|-boost|p1a: Primarina|spd|1
|
|-heal|p1a: Primarina|77/100|[from] item: Leftovers
|upkeep
|turn|23
|
|t:|1743914369
|move|p2a: Sylveon|Hyper Voice|p1a: Primarina
|-damage|p1a: Primarina|53/100
|move|p1a: Primarina|Draining Kiss|p2a: Sylveon
|-damage|p2a: Sylveon|75/100
|-heal|p1a: Primarina|73/100|[from] drain|[of] p2a: Sylveon
|
|-heal|p2a: Sylveon|81/100|[from] item: Leftovers
|-heal|p1a: Primarina|79/100|[from] item: Leftovers
|upkeep
|turn|24
|
|t:|1743914384
|move|p1a: Primarina|Draining Kiss|p2a: Sylveon
|-damage|p2a: Sylveon|56/100
|-heal|p1a: Primarina|99/100|[from] drain|[of] p2a: Sylveon
|move|p2a: Sylveon|Calm Mind|p2a: Sylveon
|-boost|p2a: Sylveon|spa|1
|-boost|p2a: Sylveon|spd|1
|
|-heal|p1a: Primarina|100/100|[from] item: Leftovers
|-heal|p2a: Sylveon|62/100|[from] item: Leftovers
|upkeep
|turn|25
|
|t:|1743914393
|move|p2a: Sylveon|Hyper Voice|p1a: Primarina
|-damage|p1a: Primarina|72/100
|move|p1a: Primarina|Draining Kiss|p2a: Sylveon
|-damage|p2a: Sylveon|38/100
|-heal|p1a: Primarina|91/100|[from] drain|[of] p2a: Sylveon
|
|-heal|p1a: Primarina|97/100|[from] item: Leftovers
|-heal|p2a: Sylveon|44/100|[from] item: Leftovers
|upkeep
|turn|26
|
|t:|1743914403
|move|p1a: Primarina|Draining Kiss|p2a: Sylveon
|-damage|p2a: Sylveon|20/100
|-heal|p1a: Primarina|100/100|[from] drain|[of] p2a: Sylveon
|move|p2a: Sylveon|Wish|p2a: Sylveon
|
|-heal|p2a: Sylveon|26/100|[from] item: Leftovers
|upkeep
|turn|27
|
|t:|1743914413
|move|p1a: Primarina|Moonblast|p2a: Sylveon
|-damage|p2a: Sylveon|0 fnt
|faint|p2a: Sylveon
|
|upkeep
|
|t:|1743914420
|switch|p2a: Gardevoir|Gardevoir, M, shiny|100/100
|-ability|p2a: Gardevoir|Torrent|[from] ability: Trace|[of] p1a: Primarina
|turn|28
|
|t:|1743914428
|move|p2a: Gardevoir|Thunderbolt|p1a: Primarina
|-supereffective|p1a: Primarina
|-crit|p1a: Primarina
|-damage|p1a: Primarina|23/100
|move|p1a: Primarina|Moonblast|p2a: Gardevoir
|-damage|p2a: Gardevoir|0 fnt
|faint|p2a: Gardevoir
|
|-heal|p1a: Primarina|29/100|[from] item: Leftovers
|upkeep
|
|t:|1743914438
|switch|p2a: Luxray|Luxray, M|40/100 brn
|turn|29
|
|t:|1743914451
|switch|p1a: Whimsicott|Whimsicott, M, shiny|39/100
|move|p2a: Luxray|Facade|p1a: Whimsicott
|-damage|p1a: Whimsicott|0 fnt
|faint|p1a: Whimsicott
|
|-damage|p2a: Luxray|34/100 brn|[from] brn
|upkeep
|
|t:|1743914461
|switch|p1a: Comfey|Comfey, F|94/100
|turn|30
|
|t:|1743914470
|move|p1a: Comfey|Giga Drain|p2a: Luxray
|-damage|p2a: Luxray|12/100 brn
|-heal|p1a: Comfey|100/100|[from] drain|[of] p2a: Luxray
|move|p2a: Luxray|Facade|p1a: Comfey
|-damage|p1a: Comfey|46/100
|
|-damage|p2a: Luxray|6/100 brn|[from] brn
|upkeep
|turn|31
|
|t:|1743914480
|switch|p2a: Primarina|Primarina, M|100/100
|move|p1a: Comfey|Giga Drain|p2a: Primarina
|-supereffective|p2a: Primarina
|-damage|p2a: Primarina|85/100
|-heal|p1a: Comfey|58/100|[from] drain|[of] p2a: Primarina
|
|upkeep
|turn|32
|
|t:|1743914494
|move|p1a: Comfey|Calm Mind|p1a: Comfey
|-boost|p1a: Comfey|spa|1
|-boost|p1a: Comfey|spd|1
|move|p2a: Primarina|Sparkling Aria|p1a: Comfey
|-damage|p1a: Comfey|22/100
|
|upkeep
|turn|33
|
|t:|1743914499
|move|p1a: Comfey|Giga Drain|p2a: Primarina
|-supereffective|p2a: Primarina
|-damage|p2a: Primarina|59/100
|-heal|p1a: Comfey|41/100|[from] drain|[of] p2a: Primarina
|move|p2a: Primarina|Draining Kiss|p1a: Comfey
|-damage|p1a: Comfey|23/100
|-heal|p2a: Primarina|71/100|[from] drain|[of] p1a: Comfey
|
|upkeep
|turn|34
|
|t:|1743914511
|switch|p2a: Dragapult|Dragapult, M|100/100
|move|p1a: Comfey|Calm Mind|p1a: Comfey
|-boost|p1a: Comfey|spa|1
|-boost|p1a: Comfey|spd|1
|
|upkeep
|turn|35
|
|t:|1743914533
|move|p1a: Comfey|Draining Kiss|p2a: Dragapult
|-supereffective|p2a: Dragapult
|-damage|p2a: Dragapult|20/100
|-heal|p1a: Comfey|100/100|[from] drain|[of] p2a: Dragapult
|move|p2a: Dragapult|U-turn|p1a: Comfey
|-resisted|p1a: Comfey
|-damage|p1a: Comfey|93/100
|c|☆letsgaurrwe|how are you faster
|inactive|letsgaurrwe has 120 seconds left.
|c|☆Team BBIO|ability
|c|☆letsgaurrwe|damn
|
|t:|1743914571
|switch|p2a: Primarina|Primarina, M|71/100|[from] U-turn
|
|upkeep
|turn|36
|
|t:|1743914577
|move|p1a: Comfey|Calm Mind|p1a: Comfey
|-boost|p1a: Comfey|spa|1
|-boost|p1a: Comfey|spd|1
|move|p2a: Primarina|Ice Beam|p1a: Comfey
|-damage|p1a: Comfey|78/100
|
|upkeep
|turn|37
|
|t:|1743914585
|move|p1a: Comfey|Calm Mind|p1a: Comfey
|-boost|p1a: Comfey|spa|1
|-boost|p1a: Comfey|spd|1
|move|p2a: Primarina|Draining Kiss|p1a: Comfey
|-damage|p1a: Comfey|69/100
|-heal|p2a: Primarina|76/100|[from] drain|[of] p1a: Comfey
|
|upkeep
|turn|38
|
|t:|1743914592
|move|p1a: Comfey|Calm Mind|p1a: Comfey
|-boost|p1a: Comfey|spa|1
|-boost|p1a: Comfey|spd|1
|move|p2a: Primarina|Flip Turn|p1a: Comfey
|-damage|p1a: Comfey|55/100
|
|t:|1743914602
|switch|p2a: Dragapult|Dragapult, M|20/100|[from] Flip Turn
|
|upkeep
|turn|39
|
|t:|1743914607
|move|p1a: Comfey|Draining Kiss|p2a: Dragapult
|-supereffective|p2a: Dragapult
|-damage|p2a: Dragapult|0 fnt
|-heal|p1a: Comfey|75/100|[from] drain|[of] p2a: Dragapult
|faint|p2a: Dragapult
|
|upkeep
|
|t:|1743914613
|switch|p2a: Luxray|Luxray, M|6/100 brn
|turn|40
|inactive|letsgaurrwe has 120 seconds left.
|
|t:|1743914623
|move|p1a: Comfey|Giga Drain|p2a: Luxray
|-damage|p2a: Luxray|0 fnt
|-heal|p1a: Comfey|79/100|[from] drain|[of] p2a: Luxray
|faint|p2a: Luxray
|
|upkeep
|
|t:|1743914628
|switch|p2a: Primarina|Primarina, M|76/100
|turn|41
|
|t:|1743914633
|move|p1a: Comfey|Calm Mind|p1a: Comfey
|-boost|p1a: Comfey|spa|1
|-boost|p1a: Comfey|spd|1
|move|p2a: Primarina|Sparkling Aria|p1a: Comfey
|-damage|p1a: Comfey|65/100
|
|upkeep
|turn|42
|
|t:|1743914639
|move|p1a: Comfey|Giga Drain|p2a: Primarina
|-supereffective|p2a: Primarina
|-damage|p2a: Primarina|8/100
|-heal|p1a: Comfey|100/100|[from] drain|[of] p2a: Primarina
|move|p2a: Primarina|Draining Kiss|p1a: Comfey
|-damage|p1a: Comfey|93/100
|-heal|p2a: Primarina|13/100|[from] drain|[of] p1a: Comfey
|
|upkeep
|turn|43
|
|t:|1743914647
|move|p1a: Comfey|Giga Drain|p2a: Primarina
|-supereffective|p2a: Primarina
|-damage|p2a: Primarina|0 fnt
|-heal|p1a: Comfey|100/100|[from] drain|[of] p2a: Primarina
|faint|p2a: Primarina
|
|win|Team BBIO
|raw|Team BBIO's rating: 1107 &rarr; <strong>1134</strong><br />(+27 for winning)
|raw|letsgaurrwe's rating: 1130 &rarr; <strong>1103</strong><br />(-27 for losing)
|c|☆Team BBIO|gg
|l|☆letsgaurrwe
|player|p2|
|l|☆Team BBIO
|player|p1|
