|j|☆BadTeamSimulator
|j|☆Panconprichas
|t:|1743877665
|gametype|singles
|player|p1|BadTeamSimulator|zinzolin|1187
|player|p2|Panconprichas|dawn|1227
|teamsize|p1|6
|teamsize|p2|6
|gen|9
|tier|[Gen 9] OU
|rated|
|rule|HP Percentage Mod: HP is shown in percentages
|rule|Endless Battle Clause: Forcing endless battles is banned
|rule|Species Clause: Limit one of each Pokémon
|rule|OHKO Clause: OHKO moves are banned
|rule|Evasion Items Clause: Evasion items are banned
|rule|Evasion Moves Clause: Evasion moves are banned
|rule|Sleep Moves Clause: Sleep-inducing moves are banned
|clearpoke
|poke|p1|Moltres|
|poke|p1|Araquanid, F|
|poke|p1|Tentacruel, M|
|poke|p1|Landorus-Therian, M|
|poke|p1|Venomoth, M|
|poke|p1|Quaquaval, M|
|poke|p2|Garganacl, F|
|poke|p2|Dondozo, F|
|poke|p2|Alomomola, F|
|poke|p2|Walking Wake|
|poke|p2|Goodra-Hisui, M|
|poke|p2|Cyclizar, F|
|teampreview
|
|t:|1743877682
|start
|switch|p1a: Tentacruel|Tentacruel, M|100/100
|switch|p2a: Garganacl|Garganacl, F, shiny|100/100
|turn|1
|
|t:|1743877689
|move|p1a: Tentacruel|Whirlpool|p2a: Garganacl
|-supereffective|p2a: Garganacl
|-damage|p2a: Garganacl|82/100
|-activate|p2a: Garganacl|move: Whirlpool|[of] p1a: Tentacruel
|move|p2a: Garganacl|Salt Cure|p1a: Tentacruel
|-damage|p1a: Tentacruel|84/100
|-start|p1a: Tentacruel|Salt Cure
|
|-heal|p1a: Tentacruel|90/100|[from] item: Black Sludge
|-heal|p2a: Garganacl|88/100|[from] item: Leftovers
|-damage|p1a: Tentacruel|65/100|[from] Salt Cure
|-damage|p2a: Garganacl|76/100|[from] move: Whirlpool|[partiallytrapped]
|upkeep
|turn|2
|
|t:|1743877703
|move|p1a: Tentacruel|Toxic Spikes|p2a: Garganacl
|-sidestart|p2: Panconprichas|move: Toxic Spikes
|move|p2a: Garganacl|Recover|p2a: Garganacl
|-heal|p2a: Garganacl|100/100
|
|-heal|p1a: Tentacruel|71/100|[from] item: Black Sludge
|-damage|p1a: Tentacruel|46/100|[from] Salt Cure
|-damage|p2a: Garganacl|88/100|[from] move: Whirlpool|[partiallytrapped]
|upkeep
|turn|3
|
|t:|1743877711
|move|p1a: Tentacruel|Toxic Spikes|p2a: Garganacl
|-sidestart|p2: Panconprichas|move: Toxic Spikes
|move|p2a: Garganacl|Salt Cure|p1a: Tentacruel
|-damage|p1a: Tentacruel|28/100
|
|-heal|p1a: Tentacruel|34/100|[from] item: Black Sludge
|-heal|p2a: Garganacl|94/100|[from] item: Leftovers
|-damage|p1a: Tentacruel|9/100|[from] Salt Cure
|-damage|p2a: Garganacl|82/100|[from] move: Whirlpool|[partiallytrapped]
|upkeep
|turn|4
|
|t:|1743877721
|switch|p1a: Landorus|Landorus-Therian, M|100/100
|-ability|p1a: Landorus|Intimidate|boost
|-unboost|p2a: Garganacl|atk|1
|move|p2a: Garganacl|Salt Cure|p1a: Landorus
|-damage|p1a: Landorus|90/100
|-start|p1a: Landorus|Salt Cure
|
|-heal|p2a: Garganacl|88/100|[from] item: Leftovers
|-damage|p1a: Landorus|78/100|[from] Salt Cure
|-end|p2a: Garganacl|Whirlpool|[partiallytrapped]|[silent]
|upkeep
|turn|5
|
|t:|1743877732
|move|p2a: Garganacl|Protect|p2a: Garganacl
|-singleturn|p2a: Garganacl|Protect
|move|p1a: Landorus|Earthquake|p2a: Garganacl
|-activate|p2a: Garganacl|move: Protect
|
|-heal|p2a: Garganacl|94/100|[from] item: Leftovers
|-damage|p1a: Landorus|65/100|[from] Salt Cure
|upkeep
|turn|6
|
|t:|1743877747
|switch|p2a: Cyclizar|Cyclizar, F|100/100
|move|p1a: Landorus|Earthquake|p2a: Cyclizar
|-damage|p2a: Cyclizar|20/100
|
|-damage|p1a: Landorus|53/100|[from] Salt Cure
|upkeep
|turn|7
|
|t:|1743877755
|move|p2a: Cyclizar|Rapid Spin|p1a: Landorus
|-crit|p1a: Landorus
|-damage|p1a: Landorus|24/100
|-boost|p2a: Cyclizar|spe|1
|-damage|p2a: Cyclizar|4/100|[from] item: Rocky Helmet|[of] p1a: Landorus
|-sideend|p2: Panconprichas|Toxic Spikes|[from] move: Rapid Spin|[of] p2a: Cyclizar
|move|p1a: Landorus|Earthquake|p2a: Cyclizar
|-damage|p2a: Cyclizar|0 fnt
|faint|p2a: Cyclizar
|
|-damage|p1a: Landorus|11/100|[from] Salt Cure
|upkeep
|
|t:|1743877770
|switch|p2a: Walking Wake|Walking Wake|100/100
|-enditem|p2a: Walking Wake|Booster Energy
|-activate|p2a: Walking Wake|ability: Protosynthesis|[fromitem]
|-start|p2a: Walking Wake|protosynthesisspa
|turn|8
|
|t:|1743877779
|switch|p1a: Araquanid|Araquanid, F|100/100
|move|p2a: Walking Wake|Dragon Pulse|p1a: Araquanid
|-damage|p1a: Araquanid|71/100
|
|upkeep
|turn|9
|
|t:|1743877792
|move|p2a: Walking Wake|Dragon Pulse|p1a: Araquanid
|-damage|p1a: Araquanid|41/100
|move|p1a: Araquanid|Infestation|p2a: Walking Wake
|-damage|p2a: Walking Wake|95/100
|-activate|p2a: Walking Wake|move: Infestation|[of] p1a: Araquanid
|
|-damage|p2a: Walking Wake|83/100|[from] move: Infestation|[partiallytrapped]
|upkeep
|turn|10
|
|t:|1743877799
|move|p2a: Walking Wake|Dragon Pulse|p1a: Araquanid
|-damage|p1a: Araquanid|10/100
|move|p1a: Araquanid|Leech Life|p2a: Walking Wake
|-damage|p2a: Walking Wake|48/100
|-heal|p1a: Araquanid|28/100|[from] drain|[of] p2a: Walking Wake
|
|-damage|p2a: Walking Wake|36/100|[from] move: Infestation|[partiallytrapped]
|upkeep
|turn|11
|
|t:|1743877807
|move|p2a: Walking Wake|Dragon Pulse|p1a: Araquanid
|-damage|p1a: Araquanid|0 fnt
|faint|p1a: Araquanid
|
|-end|p2a: Walking Wake|Infestation|[partiallytrapped]|[silent]
|upkeep
|
|t:|1743877810
|switch|p1a: Quaquaval|Quaquaval, M|100/100
|turn|12
|
|t:|1743877817
|-terastallize|p2a: Walking Wake|Fairy
|move|p2a: Walking Wake|Tera Blast|p1a: Quaquaval|[anim] Tera Blast Fairy
|-supereffective|p1a: Quaquaval
|-damage|p1a: Quaquaval|7/100
|move|p1a: Quaquaval|Aqua Step|p2a: Walking Wake
|-damage|p2a: Walking Wake|0 fnt
|-boost|p1a: Quaquaval|spe|1
|faint|p2a: Walking Wake
|-end|p2a: Walking Wake|Protosynthesis|[silent]
|-ability|p1a: Quaquaval|Moxie|boost
|-boost|p1a: Quaquaval|atk|1
|
|upkeep
|
|t:|1743877828
|switch|p2a: Dondozo|Dondozo, F|100/100
|turn|13
|
|t:|1743877835
|move|p1a: Quaquaval|Knock Off|p2a: Dondozo
|-damage|p2a: Dondozo|85/100
|-enditem|p2a: Dondozo|Leftovers|[from] move: Knock Off|[of] p1a: Quaquaval
|move|p2a: Dondozo|Body Slam|p1a: Quaquaval
|-damage|p1a: Quaquaval|0 fnt
|faint|p1a: Quaquaval
|
|upkeep
|
|t:|1743877842
|switch|p1a: Landorus|Landorus-Therian, M|11/100
|-ability|p1a: Landorus|Intimidate|boost
|-unboost|p2a: Dondozo|atk|1
|turn|14
|
|t:|1743877846
|move|p1a: Landorus|Stealth Rock|p2a: Dondozo
|-sidestart|p2: Panconprichas|move: Stealth Rock
|move|p2a: Dondozo|Body Slam|p1a: Landorus
|-damage|p1a: Landorus|0 fnt
|-damage|p2a: Dondozo|69/100|[from] item: Rocky Helmet|[of] p1a: Landorus
|faint|p1a: Landorus
|
|upkeep
|
|t:|1743877853
|switch|p1a: Moltres|Moltres|100/100
|turn|15
|
|t:|1743877860
|switch|p2a: Goodra|Goodra-Hisui, M, shiny|100/100
|-damage|p2a: Goodra|94/100|[from] Stealth Rock
|-terastallize|p1a: Moltres|Water
|move|p1a: Moltres|Flamethrower|p2a: Goodra
|-damage|p2a: Goodra|80/100
|
|upkeep
|turn|16
|
|t:|1743877868
|move|p1a: Moltres|Flamethrower|p2a: Goodra
|-damage|p2a: Goodra|68/100
|-status|p2a: Goodra|brn
|move|p2a: Goodra|Thunderbolt|p1a: Moltres
|-supereffective|p1a: Moltres
|-damage|p1a: Moltres|57/100
|
|-damage|p2a: Goodra|62/100 brn|[from] brn
|upkeep
|turn|17
|
|t:|1743877877
|move|p1a: Moltres|U-turn|p2a: Goodra
|-resisted|p2a: Goodra
|-damage|p2a: Goodra|56/100 brn
|
|t:|1743877880
|switch|p1a: Tentacruel|Tentacruel, M|9/100|[from] U-turn
|move|p2a: Goodra|Thunderbolt|p1a: Tentacruel
|-supereffective|p1a: Tentacruel
|-damage|p1a: Tentacruel|0 fnt
|faint|p1a: Tentacruel
|
|-damage|p2a: Goodra|50/100 brn|[from] brn
|upkeep
|
|t:|1743877882
|switch|p1a: Venomoth|Venomoth, M|100/100
|turn|18
|
|t:|1743877892
|switch|p2a: Alomomola|Alomomola, F|100/100
|-damage|p2a: Alomomola|88/100|[from] Stealth Rock
|move|p1a: Venomoth|Quiver Dance|p1a: Venomoth
|-boost|p1a: Venomoth|spa|1
|-boost|p1a: Venomoth|spd|1
|-boost|p1a: Venomoth|spe|1
|
|upkeep
|turn|19
|
|t:|1743877901
|move|p1a: Venomoth|Quiver Dance|p1a: Venomoth
|-boost|p1a: Venomoth|spa|1
|-boost|p1a: Venomoth|spd|1
|-boost|p1a: Venomoth|spe|1
|move|p2a: Alomomola|Flip Turn|p1a: Venomoth
|-damage|p1a: Venomoth|72/100
|
|t:|1743877908
|switch|p2a: Dondozo|Dondozo, F|69/100|[from] Flip Turn
|-damage|p2a: Dondozo|56/100|[from] Stealth Rock
|
|upkeep
|turn|20
|
|t:|1743877914
|move|p1a: Venomoth|Sludge Wave|p2a: Dondozo
|-damage|p2a: Dondozo|14/100
|move|p2a: Dondozo|Waterfall|p1a: Venomoth
|-damage|p1a: Venomoth|24/100
|
|upkeep
|turn|21
|
|t:|1743877920
|move|p1a: Venomoth|Bug Buzz|p2a: Dondozo
|-damage|p2a: Dondozo|0 fnt
|faint|p2a: Dondozo
|
|upkeep
|
|t:|1743877926
|switch|p2a: Garganacl|Garganacl, F, shiny|94/100
|-damage|p2a: Garganacl|82/100|[from] Stealth Rock
|turn|22
|
|t:|1743877932
|move|p2a: Garganacl|Protect|p2a: Garganacl
|-singleturn|p2a: Garganacl|Protect
|move|p1a: Venomoth|Sludge Wave|p2a: Garganacl
|-activate|p2a: Garganacl|move: Protect
|
|-heal|p2a: Garganacl|88/100|[from] item: Leftovers
|upkeep
|turn|23
|
|t:|1743877938
|move|p1a: Venomoth|Sludge Wave|p2a: Garganacl
|-resisted|p2a: Garganacl
|-damage|p2a: Garganacl|9/100
|move|p2a: Garganacl|Salt Cure|p1a: Venomoth
|-supereffective|p1a: Venomoth
|-damage|p1a: Venomoth|0 fnt
|faint|p1a: Venomoth
|
|-heal|p2a: Garganacl|16/100|[from] item: Leftovers
|upkeep
|
|t:|1743877944
|switch|p1a: Moltres|Moltres, tera:Water|57/100
|turn|24
|
|t:|1743877948
|move|p2a: Garganacl|Protect|p2a: Garganacl
|-singleturn|p2a: Garganacl|Protect
|move|p1a: Moltres|Flamethrower|p2a: Garganacl
|-activate|p2a: Garganacl|move: Protect
|
|-heal|p2a: Garganacl|22/100|[from] item: Leftovers
|upkeep
|turn|25
|
|t:|1743877956
|switch|p2a: Alomomola|Alomomola, F|100/100
|-damage|p2a: Alomomola|88/100|[from] Stealth Rock
|move|p1a: Moltres|Flamethrower|p2a: Alomomola
|-resisted|p2a: Alomomola
|-damage|p2a: Alomomola|67/100
|
|upkeep
|turn|26
|
|t:|1743877964
|move|p1a: Moltres|Flamethrower|p2a: Alomomola
|-resisted|p2a: Alomomola
|-damage|p2a: Alomomola|46/100
|move|p2a: Alomomola|Wish|p2a: Alomomola
|
|upkeep
|turn|27
|
|t:|1743877969
|move|p1a: Moltres|Flamethrower|p2a: Alomomola
|-resisted|p2a: Alomomola
|-damage|p2a: Alomomola|23/100
|move|p2a: Alomomola|Flip Turn|p1a: Moltres
|-resisted|p1a: Moltres
|-damage|p1a: Moltres|51/100
|
|t:|1743877976
|switch|p2a: Goodra|Goodra-Hisui, M, shiny|50/100 brn|[from] Flip Turn
|-damage|p2a: Goodra|44/100 brn|[from] Stealth Rock
|
|-heal|p2a: Goodra|100/100 brn|[from] move: Wish|[wisher] Alomomola
|-damage|p2a: Goodra|94/100 brn|[from] brn
|upkeep
|turn|28
|-message|BadTeamSimulator forfeited.
|
|win|Panconprichas
|raw|BadTeamSimulator's rating: 1187 &rarr; <strong>1165</strong><br />(-22 for losing)
|raw|Panconprichas's rating: 1227 &rarr; <strong>1249</strong><br />(+22 for winning)
|l|☆BadTeamSimulator
|player|p1|
|l|☆Panconprichas
|player|p2|
