|badge|p2|bronze|gen9ou|100-5
|uhtml|medal-msg|<div class="broadcast-blue">Curious what those medals under the avatar are? PS now has Ladder Seasons! For more information, check out the <a href="https://www.smogon.com/forums/threads/3740067/">thread on Smogon.</a></div>
|j|☆zeep vs zoop
|j|☆Rocktar Made
|t:|1743879046
|gametype|singles
|player|p1|zeep vs zoop|misty|1805
|player|p2|Rocktar Made|lass-gen4dp|1867
|teamsize|p1|6
|teamsize|p2|6
|gen|9
|tier|[Gen 9] OU
|rated|
|rule|HP Percentage Mod: HP is shown in percentages
|rule|Endless Battle Clause: Forcing endless battles is banned
|rule|Species Clause: Limit one of each Pokémon
|rule|OHKO Clause: OHKO moves are banned
|rule|Evasion Items Clause: Evasion items are banned
|rule|Evasion Moves Clause: Evasion moves are banned
|rule|Sleep Moves Clause: Sleep-inducing moves are banned
|clearpoke
|poke|p1|Dragapult, F|
|poke|p1|Iron Crown|
|poke|p1|Ogerpon-Wellspring, F|
|poke|p1|Corviknight, F|
|poke|p1|Iron Valiant|
|poke|p1|Ting-Lu|
|poke|p2|Weezing-Galar, F|
|poke|p2|Alomomola, F|
|poke|p2|Zoroark-Hisui, F|
|poke|p2|Iron Treads|
|poke|p2|Enamorus, F|
|poke|p2|Zamazenta-*|
|teampreview
|inactive|Battle timer is ON: inactive players will automatically lose when time's up. (requested by Rocktar Made)
|
|t:|1743879073
|start
|switch|p1a: Dragapult|Dragapult, F|100/100
|switch|p2a: Enamorus|Enamorus, F|100/100
|turn|1
|
|t:|1743879081
|switch|p2a: Alomomola|Alomomola, F|100/100
|move|p1a: Dragapult|Dragon Darts|p2a: Alomomola
|-damage|p2a: Alomomola|76/100
|-anim|p1a: Dragapult|Dragon Darts|p2a: Alomomola
|-damage|p2a: Alomomola|51/100
|
|upkeep
|turn|2
|
|t:|1743879085
|switch|p2a: Enamorus|Enamorus, F|100/100
|move|p1a: Dragapult|Dragon Darts|p2a: Enamorus
|-immune|p2a: Enamorus
|
|upkeep
|turn|3
|
|t:|1743879090
|switch|p1a: Iron Crown|Iron Crown|100/100
|move|p2a: Enamorus|Mystical Fire|p1a: Iron Crown
|-supereffective|p1a: Iron Crown
|-damage|p1a: Iron Crown|62/100
|-unboost|p1a: Iron Crown|spa|1
|
|upkeep
|turn|4
|
|t:|1743879094
|switch|p2a: Iron Treads|Iron Treads|100/100
|move|p1a: Iron Crown|Volt Switch|p2a: Iron Treads
|-immune|p2a: Iron Treads
|
|upkeep
|turn|5
|
|t:|1743879099
|move|p1a: Iron Crown|Focus Blast|p2a: Iron Treads
|-supereffective|p2a: Iron Treads
|-damage|p2a: Iron Treads|59/100
|move|p2a: Iron Treads|Stealth Rock|p1a: Iron Crown
|-sidestart|p1: zeep vs zoop|move: Stealth Rock
|
|-heal|p2a: Iron Treads|65/100|[from] item: Leftovers
|upkeep
|turn|6
|
|t:|1743879104
|-end|p1a: Iron Crown|Quark Drive|[silent]
|switch|p1a: Corviknight|Corviknight, F|100/100
|-damage|p1a: Corviknight|88/100|[from] Stealth Rock
|-ability|p1a: Corviknight|Pressure
|move|p2a: Iron Treads|Earthquake|p1a: Corviknight
|-immune|p1a: Corviknight
|
|-heal|p2a: Iron Treads|71/100|[from] item: Leftovers
|upkeep
|turn|7
|
|t:|1743879106
|move|p2a: Iron Treads|Knock Off|p1a: Corviknight
|-crit|p1a: Corviknight
|-damage|p1a: Corviknight|68/100
|-damage|p2a: Iron Treads|55/100|[from] item: Rocky Helmet|[of] p1a: Corviknight
|-enditem|p1a: Corviknight|Rocky Helmet|[from] move: Knock Off|[of] p2a: Iron Treads
|move|p1a: Corviknight|U-turn|p2a: Iron Treads
|-resisted|p2a: Iron Treads
|-damage|p2a: Iron Treads|50/100
|
|t:|1743879108
|switch|p1a: Ogerpon|Ogerpon-Wellspring, F|100/100|[from] U-turn
|-damage|p1a: Ogerpon|88/100|[from] Stealth Rock
|
|-heal|p2a: Iron Treads|56/100|[from] item: Leftovers
|upkeep
|turn|8
|
|t:|1743879110
|-end|p2a: Iron Treads|Quark Drive|[silent]
|switch|p2a: Weezing|Weezing-Galar, F|100/100
|-ability|p2a: Weezing|Neutralizing Gas
|move|p1a: Ogerpon|Knock Off|p2a: Weezing
|-resisted|p2a: Weezing
|-damage|p2a: Weezing|88/100
|-enditem|p2a: Weezing|Leftovers|[from] move: Knock Off|[of] p1a: Ogerpon
|
|upkeep
|turn|9
|
|t:|1743879116
|switch|p1a: Ting-Lu|Ting-Lu|100/100
|-damage|p1a: Ting-Lu|94/100|[from] Stealth Rock
|move|p2a: Weezing|Will-O-Wisp|p1a: Ting-Lu
|-status|p1a: Ting-Lu|brn
|
|-damage|p1a: Ting-Lu|88/100 brn|[from] brn
|upkeep
|turn|10
|
|t:|1743879118
|move|p2a: Weezing|Strange Steam|p1a: Ting-Lu
|-supereffective|p1a: Ting-Lu
|-damage|p1a: Ting-Lu|55/100 brn
|move|p1a: Ting-Lu|Stealth Rock|p2a: Weezing
|-sidestart|p2: Rocktar Made|move: Stealth Rock
|
|-damage|p1a: Ting-Lu|49/100 brn|[from] brn
|upkeep
|turn|11
|
|t:|1743879121
|switch|p1a: Iron Crown|Iron Crown|62/100
|-damage|p1a: Iron Crown|56/100|[from] Stealth Rock
|move|p2a: Weezing|Defog|p1a: Iron Crown
|-unboost|p1a: Iron Crown|evasion|1
|-sideend|p1: zeep vs zoop|Stealth Rock|[from] move: Defog|[of] p2a: Weezing
|-sideend|p2: Rocktar Made|Stealth Rock|[from] move: Defog|[of] p2a: Weezing
|
|upkeep
|turn|12
|j| union boss
|
|t:|1743879126
|-end|p2a: Weezing|ability: Neutralizing Gas
|switch|p2a: Alomomola|Alomomola, F|85/100
|move|p1a: Iron Crown|Tachyon Cutter|p2a: Alomomola
|-resisted|p2a: Alomomola
|-damage|p2a: Alomomola|78/100
|-resisted|p2a: Alomomola
|-damage|p2a: Alomomola|71/100
|-hitcount|p2a: Alomomola|2
|
|upkeep
|turn|13
|
|t:|1743879133
|-end|p1a: Iron Crown|Quark Drive|[silent]
|switch|p1a: Corviknight|Corviknight, F|68/100
|-ability|p1a: Corviknight|Pressure
|move|p2a: Alomomola|Mirror Coat||[still]
|-fail|p2a: Alomomola
|
|upkeep
|turn|14
|
|t:|1743879139
|move|p1a: Corviknight|Roost|p1a: Corviknight
|-heal|p1a: Corviknight|100/100
|-singleturn|p1a: Corviknight|move: Roost
|move|p2a: Alomomola|Play Rough|p1a: Corviknight
|-resisted|p1a: Corviknight
|-damage|p1a: Corviknight|95/100
|
|upkeep
|turn|15
|
|t:|1743879142
|switch|p1a: Ogerpon|Ogerpon-Wellspring, F|88/100
|move|p2a: Alomomola|Play Rough|p1a: Ogerpon
|-damage|p1a: Ogerpon|66/100
|
|upkeep
|turn|16
|
|t:|1743879145
|switch|p2a: Weezing|Weezing-Galar, F|88/100
|-ability|p2a: Weezing|Neutralizing Gas
|move|p1a: Ogerpon|Horn Leech|p2a: Weezing
|-resisted|p2a: Weezing
|-damage|p2a: Weezing|73/100
|-heal|p1a: Ogerpon|74/100|[from] drain|[of] p2a: Weezing
|
|upkeep
|turn|17
|
|t:|1743879147
|move|p1a: Ogerpon|Taunt|p2a: Weezing
|-start|p2a: Weezing|move: Taunt
|cant|p2a: Weezing|move: Taunt|Will-O-Wisp
|
|upkeep
|turn|18
|
|t:|1743879149
|move|p1a: Ogerpon|Ivy Cudgel|p2a: Weezing|[anim] Ivy Cudgel Water
|-damage|p2a: Weezing|36/100
|move|p2a: Weezing|Strange Steam|p1a: Ogerpon
|-damage|p1a: Ogerpon|40/100
|-start|p1a: Ogerpon|confusion
|
|upkeep
|turn|19
|
|t:|1743879152
|switch|p1a: Iron Crown|Iron Crown|56/100
|move|p2a: Weezing|Strange Steam|p1a: Iron Crown
|-resisted|p1a: Iron Crown
|-damage|p1a: Iron Crown|47/100
|
|-end|p2a: Weezing|move: Taunt
|upkeep
|turn|20
|
|t:|1743879157
|-end|p2a: Weezing|ability: Neutralizing Gas
|switch|p2a: Alomomola|Alomomola, F|100/100
|move|p1a: Iron Crown|Volt Switch|p2a: Alomomola
|-supereffective|p2a: Alomomola
|-damage|p2a: Alomomola|74/100
|
|t:|1743879162
|-end|p1a: Iron Crown|Quark Drive|[silent]
|switch|p1a: Ogerpon|Ogerpon-Wellspring, F|40/100|[from] Volt Switch
|
|upkeep
|turn|21
|
|t:|1743879165
|switch|p2a: Weezing|Weezing-Galar, F|36/100
|-ability|p2a: Weezing|Neutralizing Gas
|move|p1a: Ogerpon|Knock Off|p2a: Weezing
|-resisted|p2a: Weezing
|-crit|p2a: Weezing
|-damage|p2a: Weezing|22/100
|
|upkeep
|turn|22
|
|t:|1743879168
|move|p1a: Ogerpon|Ivy Cudgel|p2a: Weezing|[anim] Ivy Cudgel Water
|-damage|p2a: Weezing|0 fnt
|faint|p2a: Weezing
|-end|p2a: Weezing|ability: Neutralizing Gas
|
|upkeep
|
|t:|1743879170
|switch|p2a: Zamazenta|Zamazenta|100/100
|-ability|p2a: Zamazenta|Dauntless Shield|boost
|-boost|p2a: Zamazenta|def|1
|turn|23
|
|t:|1743879173
|switch|p1a: Corviknight|Corviknight, F|95/100
|-ability|p1a: Corviknight|Pressure
|move|p2a: Zamazenta|Close Combat|p1a: Corviknight
|-damage|p1a: Corviknight|50/100
|-unboost|p2a: Zamazenta|def|1
|-unboost|p2a: Zamazenta|spd|1
|-damage|p2a: Zamazenta|91/100|[from] item: Life Orb
|
|upkeep
|turn|24
|
|t:|1743879179
|switch|p2a: Alomomola|Alomomola, F|100/100
|move|p1a: Corviknight|Roost|p1a: Corviknight
|-heal|p1a: Corviknight|99/100
|-singleturn|p1a: Corviknight|move: Roost
|
|upkeep
|turn|25
|
|t:|1743879183
|move|p2a: Alomomola|Focus Blast|p1a: Corviknight
|-damage|p1a: Corviknight|41/100
|move|p1a: Corviknight|U-turn|p2a: Alomomola
|-resisted|p2a: Alomomola
|-damage|p2a: Alomomola|88/100
|replace|p2a: Zoroark|Zoroark-Hisui, F
|-end|p2a: Zoroark|Illusion
|
|t:|1743879186
|switch|p1a: Dragapult|Dragapult, F|100/100|[from] U-turn
|
|upkeep
|turn|26
|
|t:|1743879190
|switch|p2a: Enamorus|Enamorus, F|100/100
|-terastallize|p1a: Dragapult|Ghost
|move|p1a: Dragapult|Tera Blast|p2a: Enamorus|[anim] Tera Blast Ghost
|-damage|p2a: Enamorus|0 fnt
|faint|p2a: Enamorus
|
|upkeep
|
|t:|1743879192
|switch|p2a: Alomomola|Alomomola, F|88/100
|turn|27
|l| union boss
|j| floating all day
|
|t:|1743879198
|switch|p1a: Ting-Lu|Ting-Lu|49/100 brn
|-ability|p1a: Ting-Lu|Vessel of Ruin
|move|p2a: Alomomola|Shadow Ball|p1a: Ting-Lu
|-resisted|p1a: Ting-Lu
|-damage|p1a: Ting-Lu|38/100 brn
|
|-damage|p1a: Ting-Lu|31/100 brn|[from] brn
|upkeep
|turn|28
|
|t:|1743879203
|switch|p2a: Iron Treads|Iron Treads|56/100
|move|p1a: Ting-Lu|Stealth Rock|p2a: Iron Treads
|-sidestart|p2: Rocktar Made|move: Stealth Rock
|
|-heal|p2a: Iron Treads|62/100|[from] item: Leftovers
|-damage|p1a: Ting-Lu|25/100 brn|[from] brn
|upkeep
|turn|29
|
|t:|1743879206
|move|p2a: Iron Treads|Rapid Spin|p1a: Ting-Lu
|-damage|p1a: Ting-Lu|18/100 brn
|-boost|p2a: Iron Treads|spe|1
|-damage|p2a: Iron Treads|46/100|[from] item: Rocky Helmet|[of] p1a: Ting-Lu
|-sideend|p2: Rocktar Made|Stealth Rock|[from] move: Rapid Spin|[of] p2a: Iron Treads
|move|p1a: Ting-Lu|Earthquake|p2a: Iron Treads
|-supereffective|p2a: Iron Treads
|-damage|p2a: Iron Treads|18/100
|
|-heal|p2a: Iron Treads|24/100|[from] item: Leftovers
|-damage|p1a: Ting-Lu|12/100 brn|[from] brn
|upkeep
|turn|30
|
|t:|1743879212
|switch|p1a: Corviknight|Corviknight, F|41/100
|-ability|p1a: Corviknight|Pressure
|move|p2a: Iron Treads|Stealth Rock|p1a: Corviknight
|-sidestart|p1: zeep vs zoop|move: Stealth Rock
|
|-heal|p2a: Iron Treads|30/100|[from] item: Leftovers
|upkeep
|turn|31
|
|t:|1743879214
|-end|p2a: Iron Treads|Quark Drive|[silent]
|switch|p2a: Alomomola|Alomomola, F|88/100
|move|p1a: Corviknight|Defog|p2a: Alomomola
|-unboost|p2a: Alomomola|evasion|1
|-sideend|p1: zeep vs zoop|Stealth Rock|[from] move: Defog|[of] p1a: Corviknight
|
|upkeep
|turn|32
|j| Alola Magikarp
|
|t:|1743879219
|move|p2a: Alomomola|Shadow Ball|p1a: Corviknight
|-damage|p1a: Corviknight|0 fnt
|faint|p1a: Corviknight
|
|upkeep
|
|t:|1743879221
|switch|p1a: Dragapult|Dragapult, F, tera:Ghost|100/100
|turn|33
|j| union boss
|
|t:|1743879233
|switch|p2a: Iron Treads|Iron Treads|30/100
|move|p1a: Dragapult|Dragon Darts|p2a: Iron Treads
|-resisted|p2a: Iron Treads
|-damage|p2a: Iron Treads|16/100
|-anim|p1a: Dragapult|Dragon Darts|p2a: Iron Treads
|-resisted|p2a: Iron Treads
|-damage|p2a: Iron Treads|2/100
|
|-heal|p2a: Iron Treads|9/100|[from] item: Leftovers
|upkeep
|turn|34
|
|t:|1743879237
|move|p1a: Dragapult|Dragon Darts|p2a: Iron Treads
|-resisted|p2a: Iron Treads
|-damage|p2a: Iron Treads|0 fnt
|faint|p2a: Iron Treads
|-end|p2a: Iron Treads|Quark Drive|[silent]
|
|upkeep
|
|t:|1743879243
|switch|p2a: Zamazenta|Zamazenta|91/100
|turn|35
|
|t:|1743879250
|switch|p1a: Ting-Lu|Ting-Lu|12/100 brn
|-ability|p1a: Ting-Lu|Vessel of Ruin
|move|p2a: Zamazenta|Heavy Slam|p1a: Ting-Lu
|-damage|p1a: Ting-Lu|3/100 brn
|-damage|p2a: Zamazenta|74/100|[from] item: Rocky Helmet|[of] p1a: Ting-Lu
|-damage|p2a: Zamazenta|64/100|[from] item: Life Orb
|
|-damage|p1a: Ting-Lu|0 fnt|[from] brn
|faint|p1a: Ting-Lu
|upkeep
|
|t:|1743879260
|switch|p1a: Dragapult|Dragapult, F, tera:Ghost|100/100
|turn|36
|
|t:|1743879264
|-terastallize|p2a: Zamazenta|Dark
|move|p1a: Dragapult|Dragon Darts|p2a: Zamazenta
|-damage|p2a: Zamazenta|29/100
|-anim|p1a: Dragapult|Dragon Darts|p2a: Zamazenta
|-damage|p2a: Zamazenta|0 fnt
|faint|p2a: Zamazenta
|
|upkeep
|c|☆zeep vs zoop|nice tera
|-message|Rocktar Made forfeited.
|
|win|zeep vs zoop
|raw|zeep vs zoop's rating: 1805 &rarr; <strong>1829</strong><br />(+24 for winning)
|raw|Rocktar Made's rating: 1867 &rarr; <strong>1843</strong><br />(-24 for losing)
|l|☆zeep vs zoop
|player|p1|
