|j|☆DylanTheGent
|j|☆Lilligantlover3
|t:|1743811663
|gametype|singles
|player|p1|DylanTheGent|morty|1080
|player|p2|Lilligantlover3|hilbert|1091
|teamsize|p1|6
|teamsize|p2|6
|gen|9
|tier|[Gen 9] OU
|rated|
|rule|HP Percentage Mod: HP is shown in percentages
|rule|Endless Battle Clause: Forcing endless battles is banned
|rule|Species Clause: Limit one of each Pokémon
|rule|OHKO Clause: OHKO moves are banned
|rule|Evasion Items Clause: Evasion items are banned
|rule|Evasion Moves Clause: Evasion moves are banned
|rule|Sleep Moves Clause: Sleep-inducing moves are banned
|clearpoke
|poke|p1|Pikachu-Sinnoh, M|
|poke|p1|Staraptor, M|
|poke|p1|Torterra, M|
|poke|p1|Infernape, M|
|poke|p1|Buizel, M|
|poke|p1|Gliscor, M|
|poke|p2|Weavile, M|
|poke|p2|Deoxys-Speed|
|poke|p2|Iron Valiant|
|poke|p2|Dragapult, M|
|poke|p2|Gholdengo|
|poke|p2|Slowking-Galar, M|
|teampreview
|inactive|Battle timer is ON: inactive players will automatically lose when time's up. (requested by Lilligantlover3)
|
|t:|1743811675
|start
|switch|p1a: Gliscor|Gliscor, M|100/100
|switch|p2a: Deoxys|Deoxys-Speed|100/100
|-ability|p2a: Deoxys|Pressure
|turn|1
|
|t:|1743811683
|move|p2a: Deoxys|Taunt|p1a: Gliscor
|-start|p1a: Gliscor|move: Taunt
|cant|p1a: Gliscor|move: Taunt|Stealth Rock
|
|-status|p1a: Gliscor|tox|[from] item: Toxic Orb
|upkeep
|turn|2
|
|t:|1743811694
|move|p2a: Deoxys|Spikes|p1a: Gliscor
|-sidestart|p1: DylanTheGent|Spikes
|move|p1a: Gliscor|Earthquake|p2a: Deoxys
|-damage|p2a: Deoxys|68/100
|
|upkeep
|turn|3
|
|t:|1743811702
|switch|p1a: Buizel|Buizel, M|100/100
|-damage|p1a: Buizel|88/100|[from] Spikes
|move|p2a: Deoxys|Spikes|p1a: Buizel
|-sidestart|p1: DylanTheGent|Spikes
|
|upkeep
|turn|4
|
|t:|1743811709
|move|p2a: Deoxys|Spikes|p1a: Buizel
|-sidestart|p1: DylanTheGent|Spikes
|move|p1a: Buizel|Crunch|p2a: Deoxys
|-supereffective|p2a: Deoxys
|-enditem|p2a: Deoxys|Colbur Berry|[eat]
|-enditem|p2a: Deoxys|Colbur Berry|[weaken]
|-damage|p2a: Deoxys|49/100
|
|upkeep
|turn|5
|
|t:|1743811716
|move|p2a: Deoxys|Psychic Noise|p1a: Buizel
|-damage|p1a: Buizel|33/100
|-start|p1a: Buizel|move: Heal Block
|move|p1a: Buizel|Crunch|p2a: Deoxys
|-supereffective|p2a: Deoxys
|-damage|p2a: Deoxys|5/100
|
|upkeep
|turn|6
|
|t:|1743811725
|move|p1a: Buizel|Aqua Jet|p2a: Deoxys
|-damage|p2a: Deoxys|0 fnt
|faint|p2a: Deoxys
|
|-end|p1a: Buizel|move: Heal Block
|upkeep
|
|t:|1743811730
|switch|p2a: Dragapult|Dragapult, M|100/100
|turn|7
|
|t:|1743811738
|move|p2a: Dragapult|Dragon Darts|p1a: Buizel
|-damage|p1a: Buizel|0 fnt
|faint|p1a: Buizel
|
|upkeep
|
|t:|1743811755
|switch|p1a: Pikachu|Pikachu-Sinnoh, M|100/100
|-damage|p1a: Pikachu|76/100|[from] Spikes
|turn|8
|
|t:|1743811762
|move|p2a: Dragapult|Dragon Darts|p1a: Pikachu
|-damage|p1a: Pikachu|0 fnt
|faint|p1a: Pikachu
|
|upkeep
|
|t:|1743811767
|switch|p1a: Gliscor|Gliscor, M|100/100 tox
|turn|9
|
|t:|1743811771
|move|p2a: Dragapult|Hex|p1a: Gliscor
|-damage|p1a: Gliscor|32/100 tox
|move|p1a: Gliscor|Stealth Rock|p2a: Dragapult
|-sidestart|p2: Lilligantlover3|move: Stealth Rock
|
|-heal|p1a: Gliscor|44/100 tox|[from] ability: Poison Heal
|upkeep
|turn|10
|
|t:|1743811779
|move|p1a: Gliscor|Protect|p1a: Gliscor
|-singleturn|p1a: Gliscor|Protect
|move|p2a: Dragapult|Hex|p1a: Gliscor
|-activate|p1a: Gliscor|move: Protect
|
|-heal|p1a: Gliscor|57/100 tox|[from] ability: Poison Heal
|upkeep
|turn|11
|
|t:|1743811788
|switch|p1a: Staraptor|Staraptor, M|100/100
|-ability|p1a: Staraptor|Intimidate|boost
|-unboost|p2a: Dragapult|atk|1
|move|p2a: Dragapult|Hex|p1a: Staraptor
|-immune|p1a: Staraptor
|
|upkeep
|turn|12
|
|t:|1743811799
|move|p2a: Dragapult|Will-O-Wisp|p1a: Staraptor
|-status|p1a: Staraptor|brn
|move|p1a: Staraptor|Tailwind|p1a: Staraptor
|-sidestart|p1: DylanTheGent|move: Tailwind
|
|-damage|p1a: Staraptor|94/100 brn|[from] brn
|upkeep
|turn|13
|
|t:|1743811808
|move|p1a: Staraptor|Brave Bird|p2a: Dragapult
|-damage|p2a: Dragapult|60/100
|-damage|p1a: Staraptor|81/100 brn|[from] Recoil
|move|p2a: Dragapult|U-turn|p1a: Staraptor
|-resisted|p1a: Staraptor
|-damage|p1a: Staraptor|72/100 brn
|
|t:|1743811815
|switch|p2a: Weavile|Weavile, M|100/100|[from] U-turn
|-ability|p2a: Weavile|Pressure
|
|-damage|p1a: Staraptor|65/100 brn|[from] brn
|upkeep
|turn|14
|
|t:|1743811823
|move|p2a: Weavile|Ice Shard|p1a: Staraptor
|-supereffective|p1a: Staraptor
|-damage|p1a: Staraptor|10/100 brn
|move|p1a: Staraptor|Close Combat|p2a: Weavile
|-supereffective|p2a: Weavile
|-crit|p2a: Weavile
|-damage|p2a: Weavile|0 fnt
|-unboost|p1a: Staraptor|def|1
|-unboost|p1a: Staraptor|spd|1
|faint|p2a: Weavile
|
|-damage|p1a: Staraptor|3/100 brn|[from] brn
|upkeep
|
|t:|1743811830
|switch|p2a: Dragapult|Dragapult, M|60/100
|turn|15
|
|t:|1743811844
|switch|p1a: Gliscor|Gliscor, M|57/100 tox
|move|p2a: Dragapult|Dragon Darts|p1a: Gliscor
|-damage|p1a: Gliscor|45/100 tox
|-anim|p2a: Dragapult|Dragon Darts|p1a: Gliscor
|-damage|p1a: Gliscor|33/100 tox
|
|-heal|p1a: Gliscor|45/100 tox|[from] ability: Poison Heal
|-sideend|p1: DylanTheGent|move: Tailwind
|upkeep
|turn|16
|
|t:|1743811854
|move|p1a: Gliscor|Protect|p1a: Gliscor
|-singleturn|p1a: Gliscor|Protect
|move|p2a: Dragapult|Hex|p1a: Gliscor
|-activate|p1a: Gliscor|move: Protect
|
|-heal|p1a: Gliscor|58/100 tox|[from] ability: Poison Heal
|upkeep
|turn|17
|
|t:|1743811864
|switch|p1a: Staraptor|Staraptor, M|3/100 brn
|-ability|p1a: Staraptor|Intimidate|boost
|-unboost|p2a: Dragapult|atk|1
|move|p2a: Dragapult|Dragon Darts|p1a: Staraptor
|-damage|p1a: Staraptor|0 fnt
|faint|p1a: Staraptor
|
|upkeep
|
|t:|1743811877
|switch|p1a: Torterra|Torterra, M|100/100
|-damage|p1a: Torterra|76/100|[from] Spikes
|turn|18
|
|t:|1743811883
|move|p2a: Dragapult|Will-O-Wisp|p1a: Torterra
|-status|p1a: Torterra|brn
|move|p1a: Torterra|Leech Seed|p2a: Dragapult
|-start|p2a: Dragapult|move: Leech Seed
|
|-damage|p2a: Dragapult|48/100|[from] Leech Seed|[of] p1a: Torterra
|-heal|p1a: Torterra|86/100 brn|[silent]
|-damage|p1a: Torterra|79/100 brn|[from] brn
|upkeep
|turn|19
|
|t:|1743811893
|move|p2a: Dragapult|U-turn|p1a: Torterra
|-supereffective|p1a: Torterra
|-damage|p1a: Torterra|57/100 brn
|
|t:|1743811896
|switch|p2a: Gholdengo|Gholdengo|100/100|[from] U-turn
|-damage|p2a: Gholdengo|94/100|[from] Stealth Rock
|-item|p2a: Gholdengo|Air Balloon
|move|p1a: Torterra|Shell Smash|p1a: Torterra
|-unboost|p1a: Torterra|def|1
|-unboost|p1a: Torterra|spd|1
|-boost|p1a: Torterra|atk|2
|-boost|p1a: Torterra|spa|2
|-boost|p1a: Torterra|spe|2
|
|-damage|p1a: Torterra|51/100 brn|[from] brn
|upkeep
|turn|20
|
|t:|1743811915
|move|p1a: Torterra|Bullet Seed|p2a: Gholdengo
|-resisted|p2a: Gholdengo
|-damage|p2a: Gholdengo|89/100
|-enditem|p2a: Gholdengo|Air Balloon
|-resisted|p2a: Gholdengo
|-crit|p2a: Gholdengo
|-damage|p2a: Gholdengo|80/100
|-resisted|p2a: Gholdengo
|-damage|p2a: Gholdengo|74/100
|-resisted|p2a: Gholdengo
|-damage|p2a: Gholdengo|69/100
|-hitcount|p2a: Gholdengo|4
|move|p2a: Gholdengo|Shadow Ball|p1a: Torterra
|-damage|p1a: Torterra|0 fnt
|faint|p1a: Torterra
|
|upkeep
|
|t:|1743811933
|switch|p1a: Infernape|Infernape, M|100/100
|-damage|p1a: Infernape|76/100|[from] Spikes
|turn|21
|
|t:|1743811939
|switch|p2a: Slowking|Slowking-Galar, M|100/100
|move|p1a: Infernape|Overheat|p2a: Slowking
|-damage|p2a: Slowking|72/100
|-unboost|p1a: Infernape|spa|2
|
|upkeep
|turn|22
|
|t:|1743811948
|move|p1a: Infernape|Knock Off|p2a: Slowking
|-supereffective|p2a: Slowking
|-damage|p2a: Slowking|9/100
|-enditem|p2a: Slowking|Heavy-Duty Boots|[from] move: Knock Off|[of] p1a: Infernape
|move|p2a: Slowking|Future Sight|p1a: Infernape
|-start|p2a: Slowking|move: Future Sight
|
|upkeep
|turn|23
|
|t:|1743811954
|move|p1a: Infernape|Knock Off|p2a: Slowking
|-supereffective|p2a: Slowking
|-damage|p2a: Slowking|0 fnt
|faint|p2a: Slowking
|
|upkeep
|
|t:|1743811963
|switch|p2a: Iron Valiant|Iron Valiant|100/100
|-damage|p2a: Iron Valiant|94/100|[from] Stealth Rock
|-enditem|p2a: Iron Valiant|Booster Energy
|-activate|p2a: Iron Valiant|ability: Quark Drive|[fromitem]
|-start|p2a: Iron Valiant|quarkdrivespe
|turn|24
|
|t:|1743811971
|switch|p1a: Gliscor|Gliscor, M|58/100 tox
|move|p2a: Iron Valiant|Swords Dance|p2a: Iron Valiant
|-boost|p2a: Iron Valiant|atk|2
|
|-end|p1a: Gliscor|move: Future Sight
|-damage|p1a: Gliscor|2/100 tox
|-heal|p1a: Gliscor|14/100 tox|[from] ability: Poison Heal
|upkeep
|turn|25
|
|t:|1743811982
|move|p1a: Gliscor|Protect|p1a: Gliscor
|-singleturn|p1a: Gliscor|Protect
|move|p2a: Iron Valiant|Spirit Break|p1a: Gliscor
|-activate|p1a: Gliscor|move: Protect
|
|-heal|p1a: Gliscor|26/100 tox|[from] ability: Poison Heal
|upkeep
|turn|26
|
|t:|1743812000
|-terastallize|p1a: Gliscor|Steel
|move|p2a: Iron Valiant|Spirit Break|p1a: Gliscor
|-resisted|p1a: Gliscor
|-damage|p1a: Gliscor|2/100 tox
|-unboost|p1a: Gliscor|spa|1
|move|p1a: Gliscor|Earthquake|p2a: Iron Valiant
|-damage|p2a: Iron Valiant|56/100
|
|-heal|p1a: Gliscor|15/100 tox|[from] ability: Poison Heal
|upkeep
|turn|27
|
|t:|1743812012
|move|p1a: Gliscor|Protect|p1a: Gliscor
|-singleturn|p1a: Gliscor|Protect
|move|p2a: Iron Valiant|Knock Off|p1a: Gliscor
|-activate|p1a: Gliscor|move: Protect
|
|-heal|p1a: Gliscor|27/100 tox|[from] ability: Poison Heal
|upkeep
|turn|28
|
|t:|1743812021
|move|p2a: Iron Valiant|Close Combat|p1a: Gliscor
|-supereffective|p1a: Gliscor
|-damage|p1a: Gliscor|0 fnt
|-unboost|p2a: Iron Valiant|def|1
|-unboost|p2a: Iron Valiant|spd|1
|faint|p1a: Gliscor
|
|upkeep
|
|t:|1743812028
|switch|p1a: Infernape|Infernape, M|76/100
|-damage|p1a: Infernape|51/100|[from] Spikes
|turn|29
|
|t:|1743812037
|move|p2a: Iron Valiant|Spirit Break|p1a: Infernape
|-damage|p1a: Infernape|0 fnt
|faint|p1a: Infernape
|
|win|Lilligantlover3
|raw|DylanTheGent's rating: 1080 &rarr; <strong>1059</strong><br />(-21 for losing)
|raw|Lilligantlover3's rating: 1091 &rarr; <strong>1117</strong><br />(+26 for winning)
|l|☆Lilligantlover3
|player|p2|
|l|☆DylanTheGent
|player|p1|
