|badge|p1|bronze|gen9lc|100-5
|uhtml|medal-msg|<div class="broadcast-blue">Curious what those medals under the avatar are? PS now has Ladder Seasons! For more information, check out the <a href="https://www.smogon.com/forums/threads/3740067/">thread on Smogon.</a></div>
|j|☆elder guardian
|j|☆Anderson .Pack
|inactive|Battle timer is ON: inactive players will automatically lose when time's up.
|t:|1743909408
|gametype|singles
|player|p1|elder guardian|dawn|
|player|p2|Anderson .Pack|hilbert|
|teamsize|p1|6
|teamsize|p2|6
|gen|9
|tier|[Gen 9] OU
|rated|Tournament battle
|rule|HP Percentage Mod: HP is shown in percentages
|rule|Endless Battle Clause: Forcing endless battles is banned
|rule|Species Clause: Limit one of each Pokémon
|rule|OHKO Clause: OHKO moves are banned
|rule|Evasion Items Clause: Evasion items are banned
|rule|Evasion Moves Clause: Evasion moves are banned
|rule|Sleep Moves Clause: Sleep-inducing moves are banned
|clearpoke
|poke|p1|Ting-Lu|
|poke|p1|Corviknight, M|
|poke|p1|Darkrai|
|poke|p1|Cinderace, F|
|poke|p1|Kyurem|
|poke|p1|Slowking-Galar, F|
|poke|p2|Ribombee, M|
|poke|p2|Ogerpon-Wellspring, F|
|poke|p2|Gholdengo|
|poke|p2|Iron Moth|
|poke|p2|Kingambit, F|
|poke|p2|Dragonite, M|
|teampreview
|j|*Lady Monita ❄
|j| BB-8-NU
|inactive|elder guardian also wants the timer to be on.
|inactive|Anderson .Pack also wants the timer to be on.
|j| momazos blt
|j| IcyPenguin604
|c|☆elder guardian|hf
|inactive|elder guardian has 120 seconds left.
|
|t:|1743909438
|start
|switch|p1a: Hide and Seek|Slowking-Galar, F|100/100
|switch|p2a: Ribombee|Ribombee, M|100/100
|turn|1
|j| RogerPoller
|
|t:|1743909443
|move|p2a: Ribombee|Stun Spore|p1a: Hide and Seek
|-status|p1a: Hide and Seek|par
|move|p1a: Hide and Seek|Sludge Bomb|p2a: Ribombee
|-supereffective|p2a: Ribombee
|-enditem|p2a: Ribombee|Focus Sash
|-damage|p2a: Ribombee|1/100
|
|upkeep
|turn|2
|
|t:|1743909451
|move|p2a: Ribombee|Moonblast|p1a: Hide and Seek
|-resisted|p1a: Hide and Seek
|-damage|p1a: Hide and Seek|89/100 par
|move|p1a: Hide and Seek|Sludge Bomb|p2a: Ribombee
|-supereffective|p2a: Ribombee
|-damage|p2a: Ribombee|0 fnt
|faint|p2a: Ribombee
|
|upkeep
|j| dwagone
|j| halaman95
|
|t:|1743909460
|switch|p2a: Kingambit|Kingambit, F|100/100
|-activate|p2a: Kingambit|ability: Supreme Overlord
|-start|p2a: Kingambit|fallen1|[silent]
|-item|p2a: Kingambit|Air Balloon
|turn|3
|
|t:|1743909465
|switch|p1a: Clear the Area|Corviknight, M|100/100
|-ability|p1a: Clear the Area|Pressure
|move|p2a: Kingambit|Kowtow Cleave|p1a: Clear the Area
|-damage|p1a: Clear the Area|68/100
|-damage|p2a: Kingambit|84/100|[from] item: Rocky Helmet|[of] p1a: Clear the Area
|
|upkeep
|turn|4
|j| hwzzz
|j| deno_nemesis
|
|t:|1743909473
|-end|p2a: Kingambit|fallen1|[silent]
|switch|p2a: Iron Moth|Iron Moth|100/100
|-enditem|p2a: Iron Moth|Booster Energy
|-activate|p2a: Iron Moth|ability: Quark Drive|[fromitem]
|-start|p2a: Iron Moth|quarkdrivespa
|move|p1a: Clear the Area|Roost|p1a: Clear the Area
|-heal|p1a: Clear the Area|100/100
|-singleturn|p1a: Clear the Area|move: Roost
|
|upkeep
|turn|5
|
|t:|1743909478
|switch|p1a: Headlock|Ting-Lu|100/100
|-ability|p1a: Headlock|Vessel of Ruin
|move|p2a: Iron Moth|Dazzling Gleam|p1a: Headlock
|-supereffective|p1a: Headlock
|-damage|p1a: Headlock|69/100
|
|-heal|p1a: Headlock|76/100|[from] item: Leftovers
|upkeep
|turn|6
|
|t:|1743909483
|-end|p2a: Iron Moth|Quark Drive|[silent]
|switch|p2a: Gholdengo|Gholdengo|100/100
|-item|p2a: Gholdengo|Air Balloon
|move|p1a: Headlock|Whirlwind|p2a: Gholdengo
|-immune|p2a: Gholdengo|[from] ability: Good as Gold
|
|-heal|p1a: Headlock|82/100|[from] item: Leftovers
|upkeep
|turn|7
|
|t:|1743909489
|move|p2a: Gholdengo|Nasty Plot|p2a: Gholdengo
|-boost|p2a: Gholdengo|spa|2
|move|p1a: Headlock|Ruination|p2a: Gholdengo|[miss]
|-miss|p1a: Headlock|p2a: Gholdengo
|
|-heal|p1a: Headlock|88/100|[from] item: Leftovers
|upkeep
|turn|8
|
|t:|1743909500
|move|p2a: Gholdengo|Focus Blast|p1a: Headlock
|-supereffective|p1a: Headlock
|-crit|p1a: Headlock
|-damage|p1a: Headlock|0 fnt
|faint|p1a: Headlock
|
|upkeep
|c|☆Anderson .Pack|Sry thats trashy
|
|t:|1743909521
|switch|p1a: Daylight Robbery|Cinderace, F|100/100
|turn|9
|inactive|Anderson .Pack has 120 seconds left.
|
|t:|1743909570
|move|p1a: Daylight Robbery|Pyro Ball|p2a: Gholdengo
|-supereffective|p2a: Gholdengo
|-damage|p2a: Gholdengo|14/100
|-enditem|p2a: Gholdengo|Air Balloon
|move|p2a: Gholdengo|Shadow Ball|p1a: Daylight Robbery
|-damage|p1a: Daylight Robbery|0 fnt
|faint|p1a: Daylight Robbery
|
|upkeep
|
|t:|1743909589
|switch|p1a: Goodnight and Go|Darkrai|100/100
|turn|10
|
|t:|1743909595
|move|p1a: Goodnight and Go|Dark Pulse|p2a: Gholdengo
|-supereffective|p2a: Gholdengo
|-damage|p2a: Gholdengo|0 fnt
|faint|p2a: Gholdengo
|
|upkeep
|
|t:|1743909601
|switch|p2a: Iron Moth|Iron Moth|100/100
|turn|11
|
|t:|1743909606
|switch|p1a: Hide and Seek|Slowking-Galar, F|100/100 par
|move|p2a: Iron Moth|Dazzling Gleam|p1a: Hide and Seek
|-resisted|p1a: Hide and Seek
|-damage|p1a: Hide and Seek|92/100 par
|
|upkeep
|turn|12
|
|t:|1743909617
|move|p2a: Iron Moth|Fiery Dance|p1a: Hide and Seek
|-damage|p1a: Hide and Seek|64/100 par
|-boost|p2a: Iron Moth|spa|1
|-prepare|p1a: Hide and Seek|Chilly Reception|[premajor]
|move|p1a: Hide and Seek|Chilly Reception|p1a: Hide and Seek
|-weather|Snowscape
|
|t:|1743909632
|switch|p1a: Goodnight and Go|Darkrai|100/100|[from] Chilly Reception
|
|-weather|Snowscape|[upkeep]
|upkeep
|turn|13
|
|t:|1743909636
|switch|p1a: Hide and Seek|Slowking-Galar, F|97/100 par
|move|p2a: Iron Moth|Dazzling Gleam|p1a: Hide and Seek
|-resisted|p1a: Hide and Seek
|-damage|p1a: Hide and Seek|85/100 par
|
|-weather|Snowscape|[upkeep]
|upkeep
|turn|14
|
|t:|1743909642
|move|p2a: Iron Moth|Substitute|p2a: Iron Moth
|-start|p2a: Iron Moth|Substitute
|-damage|p2a: Iron Moth|76/100
|cant|p1a: Hide and Seek|par
|
|-weather|Snowscape|[upkeep]
|upkeep
|turn|15
|
|t:|1743909646
|move|p2a: Iron Moth|Fiery Dance|p1a: Hide and Seek
|-damage|p1a: Hide and Seek|44/100 par
|cant|p1a: Hide and Seek|par
|
|-weather|Snowscape|[upkeep]
|upkeep
|turn|16
|c|☆elder guardian|lol
|
|t:|1743909659
|move|p2a: Iron Moth|Fiery Dance|p1a: Hide and Seek
|-damage|p1a: Hide and Seek|6/100 par
|move|p1a: Hide and Seek|Psyshock|p2a: Iron Moth
|-supereffective|p2a: Iron Moth
|-end|p2a: Iron Moth|Substitute
|
|-weather|none
|upkeep
|turn|17
|
|t:|1743909673
|move|p2a: Iron Moth|Fiery Dance|p1a: Hide and Seek
|-damage|p1a: Hide and Seek|0 fnt
|faint|p1a: Hide and Seek
|
|upkeep
|j| UKRYD
|
|t:|1743909681
|switch|p1a: The Walk|Kyurem|100/100
|-ability|p1a: The Walk|Pressure
|turn|18
|
|t:|1743909685
|move|p2a: Iron Moth|Dazzling Gleam|p1a: The Walk
|-supereffective|p1a: The Walk
|-damage|p1a: The Walk|24/100
|move|p1a: The Walk|Earth Power|p2a: Iron Moth
|-supereffective|p2a: Iron Moth
|-damage|p2a: Iron Moth|0 fnt
|faint|p2a: Iron Moth
|-end|p2a: Iron Moth|Quark Drive|[silent]
|
|upkeep
|
|t:|1743909706
|switch|p2a: Ogerpon|Ogerpon-Wellspring, F|100/100
|turn|19
|
|t:|1743909714
|move|p2a: Ogerpon|Ivy Cudgel|p1a: The Walk|[anim] Ivy Cudgel Water
|-resisted|p1a: The Walk
|-damage|p1a: The Walk|0 fnt
|faint|p1a: The Walk
|
|upkeep
|j| bonslyguyfan
|
|t:|1743909729
|switch|p1a: Clear the Area|Corviknight, M|100/100
|-ability|p1a: Clear the Area|Pressure
|turn|20
|
|t:|1743909734
|switch|p2a: Dragonite|Dragonite, M|100/100
|move|p1a: Clear the Area|Iron Defense|p1a: Clear the Area
|-boost|p1a: Clear the Area|def|2
|
|upkeep
|turn|21
|
|t:|1743909738
|move|p2a: Dragonite|Encore|p1a: Clear the Area
|-start|p1a: Clear the Area|Encore
|move|p1a: Clear the Area|Iron Defense|p1a: Clear the Area
|-boost|p1a: Clear the Area|def|2
|
|upkeep
|turn|22
|
|t:|1743909742
|switch|p1a: Goodnight and Go|Darkrai|100/100
|move|p2a: Dragonite|Dragon Dance|p2a: Dragonite
|-boost|p2a: Dragonite|atk|1
|-boost|p2a: Dragonite|spe|1
|
|upkeep
|turn|23
|
|t:|1743909752
|switch|p1a: Clear the Area|Corviknight, M|100/100
|-ability|p1a: Clear the Area|Pressure
|move|p2a: Dragonite|Low Kick|p1a: Clear the Area
|-damage|p1a: Clear the Area|76/100
|-damage|p2a: Dragonite|84/100|[from] item: Rocky Helmet|[of] p1a: Clear the Area
|
|upkeep
|turn|24
|
|t:|1743909757
|move|p2a: Dragonite|Dragon Dance|p2a: Dragonite
|-boost|p2a: Dragonite|atk|1
|-boost|p2a: Dragonite|spe|1
|move|p1a: Clear the Area|U-turn|p2a: Dragonite
|-resisted|p2a: Dragonite
|-damage|p2a: Dragonite|77/100
|
|t:|1743909759
|switch|p1a: Goodnight and Go|Darkrai|100/100|[from] U-turn
|
|upkeep
|turn|25
|
|t:|1743909775
|switch|p1a: Clear the Area|Corviknight, M|76/100
|-ability|p1a: Clear the Area|Pressure
|move|p2a: Dragonite|Low Kick|p1a: Clear the Area
|-damage|p1a: Clear the Area|42/100
|-damage|p2a: Dragonite|60/100|[from] item: Rocky Helmet|[of] p1a: Clear the Area
|
|upkeep
|turn|26
|
|t:|1743909792
|move|p2a: Dragonite|Dragon Dance|p2a: Dragonite
|-boost|p2a: Dragonite|atk|1
|-boost|p2a: Dragonite|spe|1
|move|p1a: Clear the Area|Roost|p1a: Clear the Area
|-heal|p1a: Clear the Area|92/100
|-singleturn|p1a: Clear the Area|move: Roost
|
|upkeep
|turn|27
|
|t:|1743909804
|switch|p1a: Goodnight and Go|Darkrai|100/100
|move|p2a: Dragonite|Dragon Dance|p2a: Dragonite
|-boost|p2a: Dragonite|atk|1
|-boost|p2a: Dragonite|spe|1
|
|upkeep
|turn|28
|j| PokeArt2004❤
|
|t:|1743909821
|-terastallize|p1a: Goodnight and Go|Poison
|move|p2a: Dragonite|Low Kick|p1a: Goodnight and Go
|-resisted|p1a: Goodnight and Go
|-damage|p1a: Goodnight and Go|39/100
|move|p1a: Goodnight and Go|Ice Beam|p2a: Dragonite
|-supereffective|p2a: Dragonite
|-crit|p2a: Dragonite
|-damage|p2a: Dragonite|0 fnt
|faint|p2a: Dragonite
|
|upkeep
|inactive|Anderson .Pack has 120 seconds left.
|j| Exeltel
|inactive|Anderson .Pack has 90 seconds left.
|inactive|Anderson .Pack has 60 seconds left.
|
|t:|1743909913
|switch|p2a: Ogerpon|Ogerpon-Wellspring, F|100/100
|turn|29
|j| Greek bird
|inactive|elder guardian has 120 seconds left.
|j| babytronfan420
|inactive|elder guardian has 90 seconds left.
|l| IcyPenguin604
|
|t:|1743909980
|switch|p1a: Clear the Area|Corviknight, M|92/100
|-ability|p1a: Clear the Area|Pressure
|-terastallize|p2a: Ogerpon|Water
|detailschange|p2a: Ogerpon|Ogerpon-Wellspring-Tera, F, tera:Water
|-ability|p2a: Ogerpon|Embody Aspect (Wellspring)|boost
|-boost|p2a: Ogerpon|spd|1
|move|p2a: Ogerpon|Ivy Cudgel|p1a: Clear the Area|[anim] Ivy Cudgel Water
|-damage|p1a: Clear the Area|47/100
|
|upkeep
|turn|30
|inactive|Anderson .Pack has 60 seconds left.
|l| babytronfan420
|
|t:|1743910001
|move|p2a: Ogerpon|Ivy Cudgel|p1a: Clear the Area|[anim] Ivy Cudgel Water
|-damage|p1a: Clear the Area|0 fnt
|faint|p1a: Clear the Area
|
|upkeep
|
|t:|1743910005
|switch|p1a: Goodnight and Go|Darkrai, tera:Poison|39/100
|turn|31
|
|t:|1743910008
|move|p1a: Goodnight and Go|Dark Pulse|p2a: Ogerpon
|-damage|p2a: Ogerpon|66/100
|move|p2a: Ogerpon|Ivy Cudgel|p1a: Goodnight and Go|[anim] Ivy Cudgel Water
|-damage|p1a: Goodnight and Go|0 fnt
|faint|p1a: Goodnight and Go
|
|win|Anderson .Pack
|n|☆elder guardian|elderguardian
|n|☆Anderson .Pack|andersonpack
|n|*Lady Monita ❄|ladymonita
|n| BB-8-NU|bb8nu
|n| momazos blt|momazosblt
|n| RogerPoller|rogerpoller
|n| dwagone|dwagone
|n| halaman95|halaman95
|n| hwzzz|hwzzz
|n| deno_nemesis|denonemesis
|n| UKRYD|ukryd
|n| bonslyguyfan|bonslyguyfan
|n| PokeArt2004❤|pokeart2004
|n| Exeltel|exeltel
|n| Greek bird|greekbird
|l|*Lady Monita ❄
