|j|☆Testo-steral
|j|☆andy miloknockis
|t:|1743877823
|gametype|singles
|player|p1|Testo-steral|fisherman|1298
|player|p2|andy miloknockis|flannery|1312
|teamsize|p1|6
|teamsize|p2|6
|gen|9
|tier|[Gen 9] OU
|rated|
|rule|HP Percentage Mod: HP is shown in percentages
|rule|Endless Battle Clause: Forcing endless battles is banned
|rule|Species Clause: Limit one of each Pokémon
|rule|OHKO Clause: OHKO moves are banned
|rule|Evasion Items Clause: Evasion items are banned
|rule|Evasion Moves Clause: Evasion moves are banned
|rule|Sleep Moves Clause: Sleep-inducing moves are banned
|clearpoke
|poke|p1|Great Tusk|
|poke|p1|Breloom, M|
|poke|p1|Dragapult, M|
|poke|p1|Kingambit, F|
|poke|p1|Rotom-Wash|
|poke|p1|Cinderace, M|
|poke|p2|Scizor, F|
|poke|p2|Grafaiai, M|
|poke|p2|Gholdengo|
|poke|p2|Ting-Lu|
|poke|p2|Volcanion|
|poke|p2|Electivire, M|
|teampreview
|inactive|Battle timer is ON: inactive players will automatically lose when time's up. (requested by Testo-steral)
|
|t:|1743877845
|start
|switch|p1a: Rotom-Socks|Rotom-Wash|100/100
|switch|p2a: Grafaiai|Grafaiai, M|100/100
|turn|1
|
|t:|1743877868
|move|p2a: Grafaiai|Knock Off|p1a: Rotom-Socks
|-crit|p1a: Rotom-Socks
|-damage|p1a: Rotom-Socks|50/100
|-enditem|p1a: Rotom-Socks|Leftovers|[from] move: Knock Off|[of] p2a: Grafaiai
|move|p1a: Rotom-Socks|Thunder Wave|p2a: Grafaiai
|-status|p2a: Grafaiai|par
|
|upkeep
|turn|2
|
|t:|1743877885
|move|p2a: Grafaiai|Encore|p1a: Rotom-Socks
|-start|p1a: Rotom-Socks|Encore
|move|p1a: Rotom-Socks|Thunder Wave|p2a: Grafaiai|[miss]
|-miss|p1a: Rotom-Socks|p2a: Grafaiai
|
|upkeep
|turn|3
|
|t:|1743877889
|switch|p1a: Great Cusck|Great Tusk|100/100
|cant|p2a: Grafaiai|par
|
|upkeep
|turn|4
|
|t:|1743877893
|move|p1a: Great Cusck|Earthquake|p2a: Grafaiai
|-supereffective|p2a: Grafaiai
|-damage|p2a: Grafaiai|0 fnt
|faint|p2a: Grafaiai
|
|upkeep
|
|t:|1743877901
|switch|p2a: Volcanion|Volcanion|100/100
|turn|5
|
|t:|1743877907
|-end|p1a: Great Cusck|Protosynthesis|[silent]
|switch|p1a: Rotom-Socks|Rotom-Wash|50/100
|move|p2a: Volcanion|Steam Eruption|p1a: Rotom-Socks
|-resisted|p1a: Rotom-Socks
|-damage|p1a: Rotom-Socks|33/100
|-status|p1a: Rotom-Socks|brn
|
|-damage|p1a: Rotom-Socks|27/100 brn|[from] brn
|upkeep
|turn|6
|
|t:|1743877920
|switch|p2a: Gholdengo|Gholdengo|100/100
|-item|p2a: Gholdengo|Air Balloon
|move|p1a: Rotom-Socks|Protect||[still]
|-fail|p1a: Rotom-Socks
|
|-damage|p1a: Rotom-Socks|21/100 brn|[from] brn
|upkeep
|turn|7
|
|t:|1743877924
|switch|p2a: Ting-Lu|Ting-Lu|100/100
|-ability|p2a: Ting-Lu|Vessel of Ruin
|move|p1a: Rotom-Socks|Volt Switch|p2a: Ting-Lu
|-immune|p2a: Ting-Lu
|
|-damage|p1a: Rotom-Socks|15/100 brn|[from] brn
|upkeep
|turn|8
|
|t:|1743877928
|switch|p2a: Volcanion|Volcanion|100/100
|move|p1a: Rotom-Socks|Hydro Pump|p2a: Volcanion
|-immune|p2a: Volcanion|[from] ability: Water Absorb
|
|-damage|p1a: Rotom-Socks|8/100 brn|[from] brn
|upkeep
|turn|9
|
|t:|1743877932
|switch|p2a: Gholdengo|Gholdengo|100/100
|-item|p2a: Gholdengo|Air Balloon
|move|p1a: Rotom-Socks|Protect||[still]
|-fail|p1a: Rotom-Socks
|
|-damage|p1a: Rotom-Socks|2/100 brn|[from] brn
|upkeep
|turn|10
|
|t:|1743877948
|switch|p2a: Electivire|Electivire, M|100/100
|-item|p2a: Electivire|Air Balloon
|move|p1a: Rotom-Socks|Hydro Pump|p2a: Electivire
|-damage|p2a: Electivire|47/100
|-enditem|p2a: Electivire|Air Balloon
|
|-damage|p1a: Rotom-Socks|0 fnt|[from] brn
|faint|p1a: Rotom-Socks
|upkeep
|
|t:|1743877956
|switch|p1a: Queen|Dragapult, M|100/100
|turn|11
|
|t:|1743877964
|move|p1a: Queen|Will-O-Wisp|p2a: Electivire
|-status|p2a: Electivire|brn
|move|p2a: Electivire|Knock Off|p1a: Queen
|-supereffective|p1a: Queen
|-crit|p1a: Queen
|-damage|p1a: Queen|32/100
|-enditem|p1a: Queen|Leftovers|[from] move: Knock Off|[of] p2a: Electivire
|
|-damage|p2a: Electivire|41/100 brn|[from] brn
|upkeep
|turn|12
|
|t:|1743877967
|move|p1a: Queen|Hex|p2a: Electivire
|-damage|p2a: Electivire|0 fnt
|faint|p2a: Electivire
|
|upkeep
|
|t:|1743877976
|switch|p2a: Ting-Lu|Ting-Lu|100/100
|-ability|p2a: Ting-Lu|Vessel of Ruin
|turn|13
|
|t:|1743877980
|move|p1a: Queen|Will-O-Wisp|p2a: Ting-Lu
|-status|p2a: Ting-Lu|brn
|move|p2a: Ting-Lu|Stealth Rock|p1a: Queen
|-sidestart|p1: Testo-steral|move: Stealth Rock
|
|-damage|p2a: Ting-Lu|94/100 brn|[from] brn
|upkeep
|turn|14
|
|t:|1743877985
|move|p1a: Queen|Dragon Darts|p2a: Ting-Lu
|-damage|p2a: Ting-Lu|85/100 brn
|-anim|p1a: Queen|Dragon Darts|p2a: Ting-Lu
|-damage|p2a: Ting-Lu|77/100 brn
|move|p2a: Ting-Lu|Whirlwind|p1a: Queen
|drag|p1a: Twink|Cinderace, M|100/100
|
|-damage|p2a: Ting-Lu|70/100 brn|[from] brn
|upkeep
|turn|15
|
|t:|1743877992
|move|p1a: Twink|Court Change|p1a: Twink
|-start|p1a: Twink|typechange|Normal|[from] ability: Libero
|-swapsideconditions
|-activate|p1a: Twink|move: Court Change
|move|p2a: Ting-Lu|Spikes|p1a: Twink
|-sidestart|p1: Testo-steral|Spikes
|
|-damage|p2a: Ting-Lu|64/100 brn|[from] brn
|upkeep
|turn|16
|
|t:|1743877998
|move|p1a: Twink|Pyro Ball|p2a: Ting-Lu
|-damage|p2a: Ting-Lu|52/100 brn
|move|p2a: Ting-Lu|Stealth Rock|p1a: Twink
|-sidestart|p1: Testo-steral|move: Stealth Rock
|
|-damage|p2a: Ting-Lu|46/100 brn|[from] brn
|upkeep
|turn|17
|
|t:|1743878006
|move|p1a: Twink|Will-O-Wisp|p2a: Ting-Lu
|-fail|p2a: Ting-Lu|brn
|move|p2a: Ting-Lu|Ruination|p1a: Twink
|-damage|p1a: Twink|51/100
|
|-damage|p2a: Ting-Lu|40/100 brn|[from] brn
|upkeep
|turn|18
|
|t:|1743878010
|move|p1a: Twink|Court Change|p1a: Twink
|-swapsideconditions
|-activate|p1a: Twink|move: Court Change
|move|p2a: Ting-Lu|Ruination|p1a: Twink
|-damage|p1a: Twink|26/100
|
|-damage|p2a: Ting-Lu|34/100 brn|[from] brn
|upkeep
|turn|19
|
|t:|1743878013
|move|p1a: Twink|U-turn|p2a: Ting-Lu
|-supereffective|p2a: Ting-Lu
|-damage|p2a: Ting-Lu|17/100 brn
|
|t:|1743878016
|switch|p1a: Great Cusck|Great Tusk|100/100|[from] U-turn
|-damage|p1a: Great Cusck|97/100|[from] Stealth Rock
|move|p2a: Ting-Lu|Spikes|p1a: Great Cusck
|-sidestart|p1: Testo-steral|Spikes
|
|-heal|p1a: Great Cusck|100/100|[from] item: Leftovers
|-damage|p2a: Ting-Lu|11/100 brn|[from] brn
|upkeep
|turn|20
|
|t:|1743878024
|switch|p2a: Gholdengo|Gholdengo|100/100
|-damage|p2a: Gholdengo|94/100|[from] Stealth Rock
|-item|p2a: Gholdengo|Air Balloon
|move|p1a: Great Cusck|Knock Off|p2a: Gholdengo
|-supereffective|p2a: Gholdengo
|-damage|p2a: Gholdengo|56/100
|-enditem|p2a: Gholdengo|Air Balloon
|
|upkeep
|turn|21
|
|t:|1743878026
|move|p1a: Great Cusck|Earthquake|p2a: Gholdengo
|-supereffective|p2a: Gholdengo
|-damage|p2a: Gholdengo|0 fnt
|faint|p2a: Gholdengo
|
|upkeep
|
|t:|1743878032
|switch|p2a: Volcanion|Volcanion|100/100
|turn|22
|
|t:|1743878034
|-terastallize|p1a: Great Cusck|Water
|move|p1a: Great Cusck|Earthquake|p2a: Volcanion
|-supereffective|p2a: Volcanion
|-damage|p2a: Volcanion|49/100
|move|p2a: Volcanion|Steam Eruption|p1a: Great Cusck
|-resisted|p1a: Great Cusck
|-crit|p1a: Great Cusck
|-damage|p1a: Great Cusck|56/100
|
|-heal|p1a: Great Cusck|62/100|[from] item: Leftovers
|upkeep
|turn|23
|
|t:|1743878044
|-terastallize|p2a: Volcanion|Fairy
|move|p1a: Great Cusck|Rapid Spin|p2a: Volcanion
|-damage|p2a: Volcanion|40/100
|-boost|p1a: Great Cusck|spe|1
|-sideend|p1: Testo-steral|Spikes|[from] move: Rapid Spin|[of] p1a: Great Cusck
|-sideend|p1: Testo-steral|Stealth Rock|[from] move: Rapid Spin|[of] p1a: Great Cusck
|move|p2a: Volcanion|Steam Eruption|p1a: Great Cusck
|-resisted|p1a: Great Cusck
|-damage|p1a: Great Cusck|32/100
|
|-heal|p1a: Great Cusck|39/100|[from] item: Leftovers
|upkeep
|turn|24
|
|t:|1743878047
|move|p1a: Great Cusck|Earthquake|p2a: Volcanion
|-damage|p2a: Volcanion|12/100
|move|p2a: Volcanion|Steam Eruption|p1a: Great Cusck
|-resisted|p1a: Great Cusck
|-damage|p1a: Great Cusck|9/100
|
|-heal|p1a: Great Cusck|15/100|[from] item: Leftovers
|upkeep
|turn|25
|
|t:|1743878050
|move|p1a: Great Cusck|Earthquake|p2a: Volcanion
|-damage|p2a: Volcanion|0 fnt
|faint|p2a: Volcanion
|
|-heal|p1a: Great Cusck|22/100|[from] item: Leftovers
|upkeep
|
|t:|1743878053
|switch|p2a: Scizor|Scizor, F|100/100
|turn|26
|
|t:|1743878061
|move|p1a: Great Cusck|Earthquake|p2a: Scizor
|-damage|p2a: Scizor|56/100
|move|p2a: Scizor|Swords Dance|p2a: Scizor
|-boost|p2a: Scizor|atk|2
|
|-heal|p1a: Great Cusck|28/100|[from] item: Leftovers
|upkeep
|turn|27
|
|t:|1743878065
|move|p2a: Scizor|Bullet Punch|p1a: Great Cusck
|-resisted|p1a: Great Cusck
|-damage|p1a: Great Cusck|11/100
|move|p1a: Great Cusck|Earthquake|p2a: Scizor
|-damage|p2a: Scizor|9/100
|
|-heal|p1a: Great Cusck|17/100|[from] item: Leftovers
|upkeep
|turn|28
|
|t:|1743878067
|move|p2a: Scizor|Bullet Punch|p1a: Great Cusck
|-resisted|p1a: Great Cusck
|-damage|p1a: Great Cusck|0 fnt
|faint|p1a: Great Cusck
|-end|p1a: Great Cusck|Protosynthesis|[silent]
|
|upkeep
|
|t:|1743878068
|switch|p1a: Bregoon|Breloom, M|100/100
|turn|29
|
|t:|1743878069
|move|p1a: Bregoon|Mach Punch|p2a: Scizor
|-damage|p2a: Scizor|0 fnt
|faint|p2a: Scizor
|
|upkeep
|-message|andy miloknockis forfeited.
|
|win|Testo-steral
|raw|Testo-steral's rating: 1298 &rarr; <strong>1324</strong><br />(+26 for winning)
|raw|andy miloknockis's rating: 1312 &rarr; <strong>1291</strong><br />(-21 for losing)
|l|☆andy miloknockis
|player|p2|
|l|☆Testo-steral
|player|p1|
