|j|☆No Skill Involved
|j|☆toastyCaesar
|t:|1743912545
|gametype|singles
|player|p1|No Skill Involved|266|1458
|player|p2|toastyCaesar|266|1509
|teamsize|p1|6
|teamsize|p2|6
|gen|9
|tier|[Gen 9] OU
|rated|
|rule|HP Percentage Mod: HP is shown in percentages
|rule|Endless Battle Clause: Forcing endless battles is banned
|rule|Species Clause: Limit one of each Pokémon
|rule|OHKO Clause: OHKO moves are banned
|rule|Evasion Items Clause: Evasion items are banned
|rule|Evasion Moves Clause: Evasion moves are banned
|rule|Sleep Moves Clause: Sleep-inducing moves are banned
|clearpoke
|poke|p1|Leavanny, M|
|poke|p1|Torkoal, M|
|poke|p1|Great Tusk|
|poke|p1|Gardevoir, F|
|poke|p1|Whimsicott, M|
|poke|p1|Samurott-Hisui, M|
|poke|p2|Tinkaton, F|
|poke|p2|Weavile, F|
|poke|p2|Great Tusk|
|poke|p2|Gholdengo|
|poke|p2|Slowking-Galar, M|
|poke|p2|Greninja-*, M|
|teampreview
|inactive|Battle timer is ON: inactive players will automatically lose when time's up. (requested by toastyCaesar)
|inactive|No Skill Involved also wants the timer to be on.
|inactive|No Skill Involved has 120 seconds left.
|
|t:|1743912583
|start
|switch|p1a: Torkoal|Torkoal, M|100/100
|switch|p2a: Slowking|Slowking-Galar, M|100/100
|-weather|SunnyDay|[from] ability: Drought|[of] p1a: Torkoal
|turn|1
|
|t:|1743912593
|move|p1a: Torkoal|Lava Plume|p2a: Slowking
|-damage|p2a: Slowking|80/100
|-prepare|p2a: Slowking|Chilly Reception|[premajor]
|move|p2a: Slowking|Chilly Reception|p2a: Slowking
|-weather|Snowscape
|
|t:|1743912599
|switch|p2a: Greninja|Greninja, M|100/100|[from] Chilly Reception
|
|-weather|Snowscape|[upkeep]
|upkeep
|turn|2
|
|t:|1743912611
|switch|p1a: Samurott|Samurott-Hisui, M|100/100
|move|p2a: Greninja|Ice Beam|p1a: Samurott
|-resisted|p1a: Samurott
|-damage|p1a: Samurott|90/100
|
|-weather|Snowscape|[upkeep]
|upkeep
|turn|3
|
|t:|1743912621
|switch|p2a: Great Tusk|Great Tusk|100/100
|move|p1a: Samurott|Ceaseless Edge|p2a: Great Tusk
|-resisted|p2a: Great Tusk
|-damage|p2a: Great Tusk|84/100
|-damage|p1a: Samurott|73/100|[from] item: Rocky Helmet|[of] p2a: Great Tusk
|-sidestart|p2: toastyCaesar|Spikes
|
|-weather|Snowscape|[upkeep]
|upkeep
|turn|4
|inactive|No Skill Involved has 120 seconds left.
|
|t:|1743912653
|switch|p1a: Torkoal|Torkoal, M|100/100
|-weather|SunnyDay|[from] ability: Drought|[of] p1a: Torkoal
|-activate|p2a: Great Tusk|ability: Protosynthesis
|-start|p2a: Great Tusk|protosynthesisatk
|move|p2a: Great Tusk|Stealth Rock|p1a: Torkoal
|-sidestart|p1: No Skill Involved|move: Stealth Rock
|
|-weather|SunnyDay|[upkeep]
|upkeep
|turn|5
|
|t:|1743912662
|switch|p1a: Leavanny|Leavanny, M|100/100
|-damage|p1a: Leavanny|76/100|[from] Stealth Rock
|move|p2a: Great Tusk|Headlong Rush|p1a: Leavanny
|-resisted|p1a: Leavanny
|-damage|p1a: Leavanny|47/100
|-unboost|p2a: Great Tusk|def|1
|-unboost|p2a: Great Tusk|spd|1
|
|-weather|SunnyDay|[upkeep]
|upkeep
|turn|6
|inactive|No Skill Involved has 120 seconds left.
|
|t:|1743912687
|-end|p2a: Great Tusk|Protosynthesis|[silent]
|switch|p2a: Slowking|Slowking-Galar, M|100/100
|move|p1a: Leavanny|Leaf Storm|p2a: Slowking
|-resisted|p2a: Slowking
|-damage|p2a: Slowking|88/100
|-unboost|p1a: Leavanny|spa|2
|-enditem|p1a: Leavanny|Eject Pack
|inactive|No Skill Involved has 120 seconds left.
|
|t:|1743912702
|switch|p1a: Great Tusk|Great Tusk|100/100
|-activate|p1a: Great Tusk|ability: Protosynthesis
|-start|p1a: Great Tusk|protosynthesisatk
|
|-weather|SunnyDay|[upkeep]
|upkeep
|turn|7
|inactive|No Skill Involved has 120 seconds left.
|
|t:|1743912713
|switch|p2a: Tinkaton|Tinkaton, F|100/100
|-ability|p2a: Tinkaton|Mold Breaker
|-item|p2a: Tinkaton|Air Balloon
|move|p1a: Great Tusk|Headlong Rush|p2a: Tinkaton
|-immune|p2a: Tinkaton
|
|-weather|SunnyDay|[upkeep]
|upkeep
|turn|8
|inactive|No Skill Involved has 120 seconds left.
|
|t:|1743912724
|move|p2a: Tinkaton|Encore|p1a: Great Tusk
|-start|p1a: Great Tusk|Encore
|move|p1a: Great Tusk|Headlong Rush|p2a: Tinkaton
|-immune|p2a: Tinkaton
|
|-weather|SunnyDay|[upkeep]
|upkeep
|turn|9
|inactive|No Skill Involved has 120 seconds left.
|
|t:|1743912734
|-end|p1a: Great Tusk|Protosynthesis|[silent]
|switch|p1a: Leavanny|Leavanny, M|47/100
|-damage|p1a: Leavanny|22/100|[from] Stealth Rock
|move|p2a: Tinkaton|Gigaton Hammer|p1a: Leavanny
|-damage|p1a: Leavanny|0 fnt
|faint|p1a: Leavanny
|
|-weather|SunnyDay|[upkeep]
|upkeep
|inactive|No Skill Involved has 120 seconds left.
|
|t:|1743912741
|switch|p1a: Torkoal|Torkoal, M|100/100
|-damage|p1a: Torkoal|76/100|[from] Stealth Rock
|turn|10
|
|t:|1743912746
|switch|p2a: Slowking|Slowking-Galar, M|100/100
|move|p1a: Torkoal|Lava Plume|p2a: Slowking
|-damage|p2a: Slowking|79/100
|-status|p2a: Slowking|brn
|
|-weather|SunnyDay|[upkeep]
|-damage|p2a: Slowking|73/100 brn|[from] brn
|upkeep
|turn|11
|
|t:|1743912751
|move|p1a: Torkoal|Rapid Spin|p2a: Slowking
|-damage|p2a: Slowking|64/100 brn
|-boost|p1a: Torkoal|spe|1
|-sideend|p1: No Skill Involved|Stealth Rock|[from] move: Rapid Spin|[of] p1a: Torkoal
|-prepare|p2a: Slowking|Chilly Reception|[premajor]
|move|p2a: Slowking|Chilly Reception|p2a: Slowking
|-weather|Snowscape
|
|t:|1743912763
|switch|p2a: Greninja|Greninja, M|100/100|[from] Chilly Reception
|-damage|p2a: Greninja|88/100|[from] Spikes
|
|-weather|Snowscape|[upkeep]
|upkeep
|turn|12
|
|t:|1743912767
|switch|p1a: Samurott|Samurott-Hisui, M|73/100
|move|p2a: Greninja|Hydro Pump|p1a: Samurott
|-resisted|p1a: Samurott
|-damage|p1a: Samurott|54/100
|
|-weather|Snowscape|[upkeep]
|upkeep
|turn|13
|
|t:|1743912780
|switch|p2a: Great Tusk|Great Tusk|84/100
|-damage|p2a: Great Tusk|71/100|[from] Spikes
|move|p1a: Samurott|Aqua Cutter|p2a: Great Tusk
|-supereffective|p2a: Great Tusk
|-damage|p2a: Great Tusk|0 fnt
|faint|p2a: Great Tusk
|-end|p2a: Great Tusk|Protosynthesis|[silent]
|
|-weather|Snowscape|[upkeep]
|upkeep
|
|t:|1743912798
|switch|p2a: Tinkaton|Tinkaton, F|100/100
|-ability|p2a: Tinkaton|Mold Breaker
|-item|p2a: Tinkaton|Air Balloon
|turn|14
|
|t:|1743912810
|move|p1a: Samurott|Aqua Jet|p2a: Tinkaton
|-damage|p2a: Tinkaton|77/100
|-enditem|p2a: Tinkaton|Air Balloon
|move|p2a: Tinkaton|Thunder Wave|p1a: Samurott
|-status|p1a: Samurott|par
|
|-weather|Snowscape|[upkeep]
|upkeep
|turn|15
|
|t:|1743912834
|switch|p1a: Torkoal|Torkoal, M|76/100
|-weather|SunnyDay|[from] ability: Drought|[of] p1a: Torkoal
|move|p2a: Tinkaton|Stealth Rock|p1a: Torkoal
|-sidestart|p1: No Skill Involved|move: Stealth Rock
|
|-weather|SunnyDay|[upkeep]
|upkeep
|turn|16
|
|t:|1743912863
|switch|p2a: Slowking|Slowking-Galar, M|97/100 brn
|move|p1a: Torkoal|Rapid Spin|p2a: Slowking
|-damage|p2a: Slowking|89/100 brn
|-boost|p1a: Torkoal|spe|1
|-sideend|p1: No Skill Involved|Stealth Rock|[from] move: Rapid Spin|[of] p1a: Torkoal
|
|-weather|SunnyDay|[upkeep]
|-damage|p2a: Slowking|82/100 brn|[from] brn
|upkeep
|turn|17
|
|t:|1743912873
|switch|p1a: Gardevoir|Gardevoir, F, shiny|100/100
|-ability|p1a: Gardevoir|Regenerator|[from] ability: Trace|[of] p2a: Slowking
|move|p2a: Slowking|Future Sight|p1a: Gardevoir
|-start|p2a: Slowking|move: Future Sight
|
|-weather|SunnyDay|[upkeep]
|-damage|p2a: Slowking|76/100 brn|[from] brn
|upkeep
|turn|18
|
|t:|1743912878
|move|p1a: Gardevoir|Future Sight|p2a: Slowking
|-start|p1a: Gardevoir|move: Future Sight
|move|p2a: Slowking|Sludge Bomb|p1a: Gardevoir
|-supereffective|p1a: Gardevoir
|-damage|p1a: Gardevoir|56/100
|
|-weather|SunnyDay|[upkeep]
|-heal|p1a: Gardevoir|62/100|[from] item: Leftovers
|-damage|p2a: Slowking|70/100 brn|[from] brn
|upkeep
|turn|19
|
|t:|1743912904
|switch|p1a: Samurott|Samurott-Hisui, M|54/100 par
|move|p2a: Slowking|Sludge Bomb|p1a: Samurott
|-damage|p1a: Samurott|25/100 par
|
|-weather|SunnyDay|[upkeep]
|-end|p1a: Samurott|move: Future Sight
|-immune|p1a: Samurott
|-damage|p2a: Slowking|64/100 brn|[from] brn
|upkeep
|turn|20
|
|t:|1743912912
|move|p1a: Samurott|Ceaseless Edge|p2a: Slowking
|-supereffective|p2a: Slowking
|-damage|p2a: Slowking|0 fnt
|-sidestart|p2: toastyCaesar|Spikes
|faint|p2a: Slowking
|
|-weather|SunnyDay|[upkeep]
|-hint|Future Sight did not hit because the target is fainted.
|upkeep
|
|t:|1743912920
|switch|p2a: Weavile|Weavile, F|100/100
|-ability|p2a: Weavile|Pressure
|turn|21
|
|t:|1743912926
|move|p2a: Weavile|Knock Off|p1a: Samurott
|-resisted|p1a: Samurott
|-damage|p1a: Samurott|1/100 par
|-enditem|p1a: Samurott|Assault Vest|[from] move: Knock Off|[of] p2a: Weavile
|move|p1a: Samurott|Sacred Sword|p2a: Weavile
|-supereffective|p2a: Weavile
|-damage|p2a: Weavile|0 fnt
|faint|p2a: Weavile
|
|-weather|SunnyDay|[upkeep]
|upkeep
|
|t:|1743912934
|switch|p2a: Greninja|Greninja, M|88/100
|-damage|p2a: Greninja|72/100|[from] Spikes
|turn|22
|
|t:|1743912946
|move|p1a: Samurott|Aqua Jet|p2a: Greninja
|-resisted|p2a: Greninja
|-damage|p2a: Greninja|64/100
|move|p2a: Greninja|Ice Beam|p1a: Samurott
|-resisted|p1a: Samurott
|-damage|p1a: Samurott|0 fnt
|faint|p1a: Samurott
|-ability|p2a: Greninja|Battle Bond|boost
|-boost|p2a: Greninja|atk|1
|-boost|p2a: Greninja|spa|1
|-boost|p2a: Greninja|spe|1
|-activate|p2a: Greninja|ability: Battle Bond
|
|-weather|none
|upkeep
|
|t:|1743912961
|switch|p1a: Gardevoir|Gardevoir, F, shiny|95/100
|turn|23
|
|t:|1743912966
|move|p2a: Greninja|Hydro Pump|p1a: Gardevoir|[miss]
|-miss|p2a: Greninja|p1a: Gardevoir
|move|p1a: Gardevoir|Teleport|p1a: Gardevoir
|
|t:|1743912972
|switch|p1a: Torkoal|Torkoal, M|76/100|[from] Teleport
|-weather|SunnyDay|[from] ability: Drought|[of] p1a: Torkoal
|
|-weather|SunnyDay|[upkeep]
|upkeep
|turn|24
|
|t:|1743912982
|move|p2a: Greninja|Hydro Pump|p1a: Torkoal
|-supereffective|p1a: Torkoal
|-damage|p1a: Torkoal|0 fnt
|faint|p1a: Torkoal
|
|-weather|SunnyDay|[upkeep]
|upkeep
|
|t:|1743912984
|switch|p1a: Whimsicott|Whimsicott, M|100/100
|turn|25
|
|t:|1743913005
|switch|p2a: Tinkaton|Tinkaton, F|77/100
|-damage|p2a: Tinkaton|60/100|[from] Spikes
|-ability|p2a: Tinkaton|Mold Breaker
|move|p1a: Whimsicott|Moonblast|p2a: Tinkaton
|-resisted|p2a: Tinkaton
|-damage|p2a: Tinkaton|40/100
|-unboost|p2a: Tinkaton|spa|1
|-damage|p1a: Whimsicott|91/100|[from] item: Life Orb
|
|-weather|SunnyDay|[upkeep]
|upkeep
|turn|26
|
|t:|1743913015
|switch|p1a: Great Tusk|Great Tusk|100/100
|-activate|p1a: Great Tusk|ability: Protosynthesis
|-start|p1a: Great Tusk|protosynthesisatk
|move|p2a: Tinkaton|Gigaton Hammer|p1a: Great Tusk
|-damage|p1a: Great Tusk|69/100
|
|-weather|SunnyDay|[upkeep]
|upkeep
|turn|27
|
|t:|1743913027
|move|p2a: Tinkaton|Stealth Rock|p1a: Great Tusk
|-sidestart|p1: No Skill Involved|move: Stealth Rock
|move|p1a: Great Tusk|Temper Flare|p2a: Tinkaton
|-supereffective|p2a: Tinkaton
|-damage|p2a: Tinkaton|0 fnt
|faint|p2a: Tinkaton
|
|-weather|SunnyDay|[upkeep]
|upkeep
|
|t:|1743913035
|switch|p2a: Gholdengo|Gholdengo|100/100
|-damage|p2a: Gholdengo|84/100|[from] Spikes
|turn|28
|
|t:|1743913042
|-terastallize|p1a: Great Tusk|Fire
|move|p2a: Gholdengo|Make It Rain|p1a: Great Tusk
|-resisted|p1a: Great Tusk
|-damage|p1a: Great Tusk|22/100
|-unboost|p2a: Gholdengo|spa|1
|move|p1a: Great Tusk|Temper Flare|p2a: Gholdengo
|-supereffective|p2a: Gholdengo
|-damage|p2a: Gholdengo|0 fnt
|faint|p2a: Gholdengo
|
|-weather|SunnyDay|[upkeep]
|upkeep
|
|t:|1743913051
|switch|p2a: Greninja|Greninja, M|64/100
|-damage|p2a: Greninja|47/100|[from] Spikes
|turn|29
|
|t:|1743913058
|move|p2a: Greninja|Dark Pulse|p1a: Great Tusk
|-damage|p1a: Great Tusk|0 fnt
|faint|p1a: Great Tusk
|-end|p1a: Great Tusk|Protosynthesis|[silent]
|
|-weather|SunnyDay|[upkeep]
|upkeep
|
|t:|1743913062
|switch|p1a: Whimsicott|Whimsicott, M|91/100
|-damage|p1a: Whimsicott|78/100|[from] Stealth Rock
|turn|30
|
|t:|1743913067
|-terastallize|p2a: Greninja|Ground
|move|p1a: Whimsicott|Moonblast|p2a: Greninja
|-damage|p2a: Greninja|0 fnt
|faint|p2a: Greninja
|-damage|p1a: Whimsicott|68/100|[from] item: Life Orb
|
|win|No Skill Involved
|raw|No Skill Involved's rating: 1458 &rarr; <strong>1481</strong><br />(+23 for winning)
|raw|toastyCaesar's rating: 1509 &rarr; <strong>1486</strong><br />(-23 for losing)
|l|☆toastyCaesar
|player|p2|
|l|☆No Skill Involved
|player|p1|
