|j|☆LackOfFather420
|j|☆8dgvhuo
|t:|1743825410
|gametype|singles
|player|p1|LackOfFather420|169|1117
|player|p2|8dgvhuo|psychic-gen4|1130
|teamsize|p1|6
|teamsize|p2|6
|gen|9
|tier|[Gen 9] OU
|rated|
|rule|HP Percentage Mod: HP is shown in percentages
|rule|Endless Battle Clause: Forcing endless battles is banned
|rule|Species Clause: Limit one of each Pokémon
|rule|OHKO Clause: OHKO moves are banned
|rule|Evasion Items Clause: Evasion items are banned
|rule|Evasion Moves Clause: Evasion moves are banned
|rule|Sleep Moves Clause: Sleep-inducing moves are banned
|clearpoke
|poke|p1|Garganacl, F|
|poke|p1|Enamorus, F|
|poke|p1|Kingambit, M|
|poke|p1|Darkrai|
|poke|p1|Dondozo, F|
|poke|p1|Dragapult, F|
|poke|p2|Ribombee, F|
|poke|p2|Gholdengo|
|poke|p2|Gallade, M|
|poke|p2|Manaphy|
|poke|p2|Landorus-Therian, M|
|poke|p2|Moltres-Galar|
|teampreview
|
|t:|1743825426
|start
|switch|p1a: Wizard|Darkrai|100/100
|switch|p2a: Ribombee|Ribombee, F, shiny|100/100
|turn|1
|
|t:|1743825430
|move|p1a: Wizard|Sludge Bomb|p2a: Ribombee
|-supereffective|p2a: Ribombee
|-enditem|p2a: Ribombee|Focus Sash
|-damage|p2a: Ribombee|1/100
|move|p2a: Ribombee|Sticky Web|p1a: Wizard
|-sidestart|p1: LackOfFather420|move: Sticky Web
|
|upkeep
|turn|2
|
|t:|1743825434
|move|p1a: Wizard|Sludge Bomb|p2a: Ribombee
|-supereffective|p2a: Ribombee
|-crit|p2a: Ribombee
|-damage|p2a: Ribombee|0 fnt
|faint|p2a: Ribombee
|
|upkeep
|
|t:|1743825455
|switch|p2a: Gholdengo|Gholdengo|100/100
|-item|p2a: Gholdengo|Air Balloon
|turn|3
|
|t:|1743825460
|switch|p1a: Some Rocks|Garganacl, F|100/100
|-activate|p1a: Some Rocks|move: Sticky Web
|-unboost|p1a: Some Rocks|spe|1
|switch|p2a: Moltres|Moltres-Galar|100/100
|
|upkeep
|turn|4
|
|t:|1743825478
|switch|p2a: Landorus|Landorus-Therian, M|100/100
|-ability|p2a: Landorus|Intimidate|boost
|-unboost|p1a: Some Rocks|atk|1
|move|p1a: Some Rocks|Salt Cure|p2a: Landorus
|-damage|p2a: Landorus|90/100
|-start|p2a: Landorus|Salt Cure
|
|-damage|p2a: Landorus|78/100|[from] Salt Cure
|upkeep
|turn|5
|
|t:|1743825490
|move|p2a: Landorus|Earthquake|p1a: Some Rocks
|-supereffective|p1a: Some Rocks
|-damage|p1a: Some Rocks|0 fnt
|faint|p1a: Some Rocks
|-damage|p2a: Landorus|68/100|[from] item: Life Orb
|
|-damage|p2a: Landorus|56/100|[from] Salt Cure
|upkeep
|
|t:|1743825502
|switch|p1a: Big Guy|Dondozo, F|100/100
|-activate|p1a: Big Guy|move: Sticky Web
|-unboost|p1a: Big Guy|spe|1
|turn|6
|
|t:|1743825524
|switch|p2a: Moltres|Moltres-Galar|100/100
|move|p1a: Big Guy|Liquidation|p2a: Moltres
|-damage|p2a: Moltres|50/100
|-ability|p2a: Moltres|Berserk|boost
|-boost|p2a: Moltres|spa|1
|
|-heal|p2a: Moltres|56/100|[from] item: Leftovers
|upkeep
|turn|7
|
|t:|1743825530
|move|p2a: Moltres|Fiery Wrath|p1a: Big Guy
|-damage|p1a: Big Guy|65/100
|move|p1a: Big Guy|Liquidation|p2a: Moltres
|-damage|p2a: Moltres|10/100
|-ability|p2a: Moltres|Berserk|boost
|-boost|p2a: Moltres|spa|1
|
|-heal|p2a: Moltres|16/100|[from] item: Leftovers
|-heal|p1a: Big Guy|71/100|[from] item: Leftovers
|upkeep
|turn|8
|
|t:|1743825537
|move|p2a: Moltres|Pain Split|p1a: Big Guy
|-sethp|p1a: Big Guy|41/100|[from] move: Pain Split|[silent]
|-sethp|p2a: Moltres|63/100|[from] move: Pain Split
|move|p1a: Big Guy|Liquidation|p2a: Moltres
|-damage|p2a: Moltres|16/100
|-unboost|p2a: Moltres|def|1
|-ability|p2a: Moltres|Berserk|boost
|-boost|p2a: Moltres|spa|1
|
|-heal|p2a: Moltres|23/100|[from] item: Leftovers
|-heal|p1a: Big Guy|47/100|[from] item: Leftovers
|upkeep
|turn|9
|
|t:|1743825549
|move|p2a: Moltres|Fiery Wrath|p1a: Big Guy
|-damage|p1a: Big Guy|7/100
|cant|p1a: Big Guy|flinch
|
|-heal|p2a: Moltres|29/100|[from] item: Leftovers
|-heal|p1a: Big Guy|13/100|[from] item: Leftovers
|upkeep
|turn|10
|
|t:|1743825554
|move|p2a: Moltres|Fiery Wrath|p1a: Big Guy
|-damage|p1a: Big Guy|0 fnt
|faint|p1a: Big Guy
|
|-heal|p2a: Moltres|35/100|[from] item: Leftovers
|upkeep
|
|t:|1743825558
|switch|p1a: Wizard|Darkrai|100/100
|-activate|p1a: Wizard|move: Sticky Web
|-unboost|p1a: Wizard|spe|1
|turn|11
|
|t:|1743825564
|move|p2a: Moltres|Tera Blast|p1a: Wizard
|-damage|p1a: Wizard|24/100
|move|p1a: Wizard|Ice Beam|p2a: Moltres
|-supereffective|p2a: Moltres
|-damage|p2a: Moltres|0 fnt
|faint|p2a: Moltres
|
|upkeep
|
|t:|1743825573
|switch|p2a: Manaphy|Manaphy|100/100
|turn|12
|
|t:|1743825578
|move|p2a: Manaphy|Tail Glow|p2a: Manaphy
|-boost|p2a: Manaphy|spa|3
|move|p1a: Wizard|Sludge Bomb|p2a: Manaphy
|-damage|p2a: Manaphy|70/100
|
|upkeep
|turn|13
|
|t:|1743825584
|move|p2a: Manaphy|Ice Beam|p1a: Wizard
|-damage|p1a: Wizard|0 fnt
|faint|p1a: Wizard
|-damage|p2a: Manaphy|60/100|[from] item: Life Orb
|
|upkeep
|
|t:|1743825587
|switch|p1a: Lockheed|Dragapult, F|100/100
|-activate|p1a: Lockheed|move: Sticky Web
|-fail|p1a: Lockheed|unboost|[from] ability: Clear Body|[of] p1a: Lockheed
|turn|14
|
|t:|1743825594
|move|p1a: Lockheed|Thunderbolt|p2a: Manaphy
|-supereffective|p2a: Manaphy
|-damage|p2a: Manaphy|0 fnt
|faint|p2a: Manaphy
|-damage|p1a: Lockheed|91/100|[from] item: Life Orb
|
|upkeep
|
|t:|1743825636
|switch|p2a: Landorus|Landorus-Therian, M|56/100
|-ability|p2a: Landorus|Intimidate|boost
|-fail|p1a: Lockheed|unboost|[from] ability: Clear Body|[of] p1a: Lockheed
|turn|15
|
|t:|1743825643
|move|p1a: Lockheed|Shadow Ball|p2a: Landorus
|-damage|p2a: Landorus|0 fnt
|faint|p2a: Landorus
|-damage|p1a: Lockheed|81/100|[from] item: Life Orb
|
|upkeep
|inactive|Battle timer is ON: inactive players will automatically lose when time's up. (requested by LackOfFather420)
|inactive|8dgvhuo has 120 seconds left.
|
|t:|1743825724
|switch|p2a: Gholdengo|Gholdengo|100/100
|-item|p2a: Gholdengo|Air Balloon
|turn|16
|
|t:|1743825736
|-terastallize|p2a: Gholdengo|Fairy
|move|p1a: Lockheed|Flamethrower|p2a: Gholdengo
|-damage|p2a: Gholdengo|60/100
|-enditem|p2a: Gholdengo|Air Balloon
|-damage|p1a: Lockheed|71/100|[from] item: Life Orb
|move|p2a: Gholdengo|Shadow Ball|p1a: Lockheed
|-supereffective|p1a: Lockheed
|-damage|p1a: Lockheed|0 fnt
|faint|p1a: Lockheed
|
|upkeep
|
|t:|1743825740
|switch|p1a: Woman|Enamorus, F|100/100
|turn|17
|
|t:|1743825755
|move|p1a: Woman|Iron Head|p2a: Gholdengo
|-supereffective|p2a: Gholdengo
|-damage|p2a: Gholdengo|2/100
|move|p2a: Gholdengo|Shadow Ball|p1a: Woman
|-damage|p1a: Woman|37/100
|
|upkeep
|turn|18
|
|t:|1743825765
|move|p1a: Woman|Iron Head|p2a: Gholdengo
|-supereffective|p2a: Gholdengo
|-damage|p2a: Gholdengo|0 fnt
|faint|p2a: Gholdengo
|
|upkeep
|
|t:|1743825767
|switch|p2a: Gallade|Gallade, M|100/100
|turn|19
|
|t:|1743825779
|move|p2a: Gallade|Shadow Sneak|p1a: Woman
|-damage|p1a: Woman|6/100
|-damage|p2a: Gallade|91/100|[from] item: Life Orb
|move|p1a: Woman|Iron Head|p2a: Gallade
|-damage|p2a: Gallade|49/100
|
|upkeep
|turn|20
|
|t:|1743825783
|move|p2a: Gallade|Shadow Sneak|p1a: Woman
|-damage|p1a: Woman|0 fnt
|faint|p1a: Woman
|-damage|p2a: Gallade|39/100|[from] item: Life Orb
|
|upkeep
|
|t:|1743825785
|switch|p1a: He Sit|Kingambit, M|100/100
|-activate|p1a: He Sit|ability: Supreme Overlord
|-start|p1a: He Sit|fallen5|[silent]
|-item|p1a: He Sit|Air Balloon
|turn|21
|
|t:|1743825789
|move|p2a: Gallade|Sacred Sword|p1a: He Sit
|-supereffective|p1a: He Sit
|-damage|p1a: He Sit|0 fnt
|-enditem|p1a: He Sit|Air Balloon
|faint|p1a: He Sit
|-end|p1a: He Sit|fallen5|[silent]
|-damage|p2a: Gallade|29/100|[from] item: Life Orb
|
|win|8dgvhuo
|raw|LackOfFather420's rating: 1117 &rarr; <strong>1093</strong><br />(-24 for losing)
|raw|8dgvhuo's rating: 1130 &rarr; <strong>1154</strong><br />(+24 for winning)
|l|☆LackOfFather420
|player|p1|
