|j|☆Gu2025
|j|☆WonderGuardWill
|t:|1743858366
|gametype|singles
|player|p1|Gu2025|li|1374
|player|p2|WonderGuardWill|dancer|1410
|teamsize|p1|6
|teamsize|p2|6
|gen|9
|tier|[Gen 9] OU
|rated|
|rule|HP Percentage Mod: HP is shown in percentages
|rule|Endless Battle Clause: Forcing endless battles is banned
|rule|Species Clause: Limit one of each Pokémon
|rule|OHKO Clause: OHKO moves are banned
|rule|Evasion Items Clause: Evasion items are banned
|rule|Evasion Moves Clause: Evasion moves are banned
|rule|Sleep Moves Clause: Sleep-inducing moves are banned
|clearpoke
|poke|p1|Dragapult, M|
|poke|p1|Primarina, F|
|poke|p1|Zamazenta-*|
|poke|p1|Rillaboom, F|
|poke|p1|Slowking-Galar, F|
|poke|p1|Landorus-Therian, M|
|poke|p2|Darkrai|
|poke|p2|Garganacl, M|
|poke|p2|Espeon, F|
|poke|p2|Clodsire, F|
|poke|p2|Heatran, F|
|poke|p2|Gholdengo|
|teampreview
|
|t:|1743858380
|start
|switch|p1a: Primarina|Primarina, F|100/100
|switch|p2a: Garganacl|Garganacl, M|100/100
|turn|1
|
|t:|1743858391
|-terastallize|p2a: Garganacl|Flying
|move|p1a: Primarina|Surf|p2a: Garganacl
|-damage|p2a: Garganacl|56/100
|move|p2a: Garganacl|Salt Cure|p1a: Primarina
|-damage|p1a: Primarina|80/100
|-start|p1a: Primarina|Salt Cure
|
|-heal|p1a: Primarina|86/100|[from] item: Leftovers
|-heal|p2a: Garganacl|62/100|[from] item: Leftovers
|-damage|p1a: Primarina|61/100|[from] Salt Cure
|upkeep
|turn|2
|
|t:|1743858413
|switch|p1a: Slowking|Slowking-Galar, F|100/100
|move|p2a: Garganacl|Recover|p2a: Garganacl
|-heal|p2a: Garganacl|100/100
|
|upkeep
|turn|3
|
|t:|1743858423
|switch|p2a: Darkrai|Darkrai|100/100
|move|p1a: Slowking|Ice Beam|p2a: Darkrai
|-damage|p2a: Darkrai|62/100
|
|upkeep
|turn|4
|
|t:|1743858438
|switch|p1a: Zamazenta|Zamazenta|100/100
|-ability|p1a: Zamazenta|Dauntless Shield|boost
|-boost|p1a: Zamazenta|def|1
|move|p2a: Darkrai|Trick|p1a: Zamazenta
|-activate|p2a: Darkrai|move: Trick|[of] p1a: Zamazenta
|-item|p1a: Zamazenta|Choice Scarf|[from] move: Trick
|-item|p2a: Darkrai|Leftovers|[from] move: Trick
|
|-heal|p2a: Darkrai|68/100|[from] item: Leftovers
|upkeep
|turn|5
|
|t:|1743858460
|switch|p2a: Garganacl|Garganacl, M, tera:Flying|100/100
|move|p1a: Zamazenta|Body Press|p2a: Garganacl
|-resisted|p2a: Garganacl
|-crit|p2a: Garganacl
|-damage|p2a: Garganacl|82/100
|
|-heal|p2a: Garganacl|89/100|[from] item: Leftovers
|upkeep
|turn|6
|
|t:|1743858472
|switch|p1a: Slowking|Slowking-Galar, F|100/100
|switch|p2a: Gholdengo|Gholdengo|100/100
|
|upkeep
|turn|7
|
|t:|1743858487
|move|p2a: Gholdengo|Trick|p1a: Slowking
|-activate|p2a: Gholdengo|move: Trick|[of] p1a: Slowking
|-item|p1a: Slowking|Choice Scarf|[from] move: Trick
|-item|p2a: Gholdengo|Assault Vest|[from] move: Trick
|move|p1a: Slowking|Flamethrower|p2a: Gholdengo
|-supereffective|p2a: Gholdengo
|-damage|p2a: Gholdengo|55/100
|
|upkeep
|turn|8
|
|t:|1743858502
|switch|p2a: Garganacl|Garganacl, M, tera:Flying|89/100
|switch|p1a: Landorus|Landorus-Therian, M|100/100
|-ability|p1a: Landorus|Intimidate|boost
|-unboost|p2a: Garganacl|atk|1
|
|-heal|p2a: Garganacl|95/100|[from] item: Leftovers
|upkeep
|turn|9
|
|t:|1743858512
|switch|p2a: Espeon|Espeon, F|100/100
|move|p1a: Landorus|U-turn|p2a: Espeon
|-supereffective|p2a: Espeon
|-damage|p2a: Espeon|18/100
|
|t:|1743858519
|switch|p1a: Dragapult|Dragapult, M|100/100|[from] U-turn
|
|upkeep
|turn|10
|
|t:|1743858533
|-terastallize|p1a: Dragapult|Ghost
|move|p2a: Espeon|Trick|p1a: Dragapult
|-activate|p2a: Espeon|move: Trick|[of] p1a: Dragapult
|-item|p1a: Dragapult|Choice Scarf|[from] move: Trick
|-item|p2a: Espeon|Choice Band|[from] move: Trick
|move|p1a: Dragapult|Tera Blast|p2a: Espeon|[anim] Tera Blast Ghost
|-supereffective|p2a: Espeon
|-damage|p2a: Espeon|0 fnt
|faint|p2a: Espeon
|
|upkeep
|
|t:|1743858544
|switch|p2a: Darkrai|Darkrai|68/100
|turn|11
|
|t:|1743858552
|switch|p1a: Landorus|Landorus-Therian, M|100/100
|-ability|p1a: Landorus|Intimidate|boost
|-unboost|p2a: Darkrai|atk|1
|move|p2a: Darkrai|Dark Pulse|p1a: Landorus
|-damage|p1a: Landorus|52/100
|
|-heal|p2a: Darkrai|75/100|[from] item: Leftovers
|upkeep
|turn|12
|
|t:|1743858563
|move|p2a: Darkrai|Ice Beam|p1a: Landorus
|-supereffective|p1a: Landorus
|-damage|p1a: Landorus|0 fnt
|faint|p1a: Landorus
|
|-heal|p2a: Darkrai|81/100|[from] item: Leftovers
|upkeep
|
|t:|1743858574
|switch|p1a: Dragapult|Dragapult, M, tera:Ghost|100/100
|turn|13
|
|t:|1743858579
|switch|p2a: Clodsire|Clodsire, F|100/100
|move|p1a: Dragapult|U-turn|p2a: Clodsire
|-resisted|p2a: Clodsire
|-damage|p2a: Clodsire|88/100
|
|t:|1743858587
|switch|p1a: Rillaboom|Rillaboom, F|100/100|[from] U-turn
|-fieldstart|move: Grassy Terrain|[from] ability: Grassy Surge|[of] p1a: Rillaboom
|
|-heal|p2a: Clodsire|94/100|[from] Grassy Terrain
|-heal|p2a: Clodsire|99/100|[from] item: Leftovers
|upkeep
|turn|14
|
|t:|1743858599
|switch|p2a: Garganacl|Garganacl, M, tera:Flying|95/100
|move|p1a: Rillaboom|Knock Off|p2a: Garganacl
|-damage|p2a: Garganacl|68/100
|-enditem|p2a: Garganacl|Leftovers|[from] move: Knock Off|[of] p1a: Rillaboom
|
|upkeep
|turn|15
|
|t:|1743858610
|switch|p1a: Primarina|Primarina, F|61/100
|move|p2a: Garganacl|Salt Cure|p1a: Primarina
|-damage|p1a: Primarina|43/100
|-start|p1a: Primarina|Salt Cure
|
|-heal|p1a: Primarina|49/100|[from] Grassy Terrain
|-heal|p1a: Primarina|55/100|[from] item: Leftovers
|-damage|p1a: Primarina|30/100|[from] Salt Cure
|upkeep
|turn|16
|
|t:|1743858622
|move|p2a: Garganacl|Protect|p2a: Garganacl
|-singleturn|p2a: Garganacl|Protect
|move|p1a: Primarina|Draining Kiss|p2a: Garganacl
|-activate|p2a: Garganacl|move: Protect
|
|-heal|p1a: Primarina|37/100|[from] Grassy Terrain
|-heal|p1a: Primarina|43/100|[from] item: Leftovers
|-damage|p1a: Primarina|18/100|[from] Salt Cure
|upkeep
|turn|17
|
|t:|1743858632
|move|p1a: Primarina|Draining Kiss|p2a: Garganacl
|-damage|p2a: Garganacl|41/100
|-heal|p1a: Primarina|43/100|[from] drain|[of] p2a: Garganacl
|move|p2a: Garganacl|Recover|p2a: Garganacl
|-heal|p2a: Garganacl|91/100
|
|-heal|p1a: Primarina|49/100|[from] Grassy Terrain
|-heal|p1a: Primarina|56/100|[from] item: Leftovers
|-damage|p1a: Primarina|31/100|[from] Salt Cure
|-fieldend|move: Grassy Terrain
|upkeep
|turn|18
|
|t:|1743858650
|switch|p1a: Slowking|Slowking-Galar, F|100/100
|move|p2a: Garganacl|Salt Cure|p1a: Slowking
|-damage|p1a: Slowking|87/100
|-start|p1a: Slowking|Salt Cure
|
|-damage|p1a: Slowking|74/100|[from] Salt Cure
|upkeep
|turn|19
|
|t:|1743858673
|move|p1a: Slowking|Ice Beam|p2a: Garganacl
|-supereffective|p2a: Garganacl
|-damage|p2a: Garganacl|38/100
|move|p2a: Garganacl|Salt Cure|p1a: Slowking
|-damage|p1a: Slowking|59/100
|
|-damage|p1a: Slowking|47/100|[from] Salt Cure
|upkeep
|turn|20
|
|t:|1743858685
|switch|p1a: Primarina|Primarina, F|31/100
|move|p2a: Garganacl|Protect||[still]
|-fail|p2a: Garganacl
|
|-heal|p1a: Primarina|37/100|[from] item: Leftovers
|upkeep
|turn|21
|
|t:|1743858697
|switch|p2a: Clodsire|Clodsire, F|99/100
|move|p1a: Primarina|Draining Kiss|p2a: Clodsire
|-resisted|p2a: Clodsire
|-crit|p2a: Clodsire
|-damage|p2a: Clodsire|88/100
|-heal|p1a: Primarina|50/100|[from] drain|[of] p2a: Clodsire
|
|-heal|p1a: Primarina|56/100|[from] item: Leftovers
|-heal|p2a: Clodsire|95/100|[from] item: Leftovers
|upkeep
|turn|22
|
|t:|1743858721
|switch|p1a: Zamazenta|Zamazenta|100/100
|move|p2a: Clodsire|Toxic Spikes|p1a: Zamazenta
|-sidestart|p1: Gu2025|move: Toxic Spikes
|
|-heal|p2a: Clodsire|100/100|[from] item: Leftovers
|upkeep
|turn|23
|
|t:|1743858733
|switch|p2a: Gholdengo|Gholdengo|55/100
|move|p1a: Zamazenta|Crunch|p2a: Gholdengo
|-supereffective|p2a: Gholdengo
|-damage|p2a: Gholdengo|3/100
|
|upkeep
|turn|24
|
|t:|1743858743
|move|p1a: Zamazenta|Crunch|p2a: Gholdengo
|-supereffective|p2a: Gholdengo
|-crit|p2a: Gholdengo
|-damage|p2a: Gholdengo|0 fnt
|faint|p2a: Gholdengo
|
|upkeep
|
|t:|1743858744
|switch|p2a: Garganacl|Garganacl, M, tera:Flying|38/100
|turn|25
|
|t:|1743858753
|switch|p1a: Slowking|Slowking-Galar, F|80/100
|-sideend|p1: Gu2025|move: Toxic Spikes|[of] p1a: Slowking
|move|p2a: Garganacl|Recover|p2a: Garganacl
|-heal|p2a: Garganacl|88/100
|
|upkeep
|turn|26
|
|t:|1743858760
|switch|p2a: Darkrai|Darkrai|81/100
|move|p1a: Slowking|Ice Beam|p2a: Darkrai
|-damage|p2a: Darkrai|40/100
|
|-heal|p2a: Darkrai|46/100|[from] item: Leftovers
|upkeep
|turn|27
|
|t:|1743858769
|move|p2a: Darkrai|Dark Pulse|p1a: Slowking
|-supereffective|p1a: Slowking
|-damage|p1a: Slowking|12/100
|move|p1a: Slowking|Ice Beam|p2a: Darkrai
|-damage|p2a: Darkrai|8/100
|-status|p2a: Darkrai|frz
|
|-heal|p2a: Darkrai|14/100 frz|[from] item: Leftovers
|upkeep
|turn|28
|
|t:|1743858781
|cant|p2a: Darkrai|frz
|move|p1a: Slowking|Ice Beam|p2a: Darkrai
|-damage|p2a: Darkrai|0 fnt
|faint|p2a: Darkrai
|
|upkeep
|
|t:|1743858783
|switch|p2a: Clodsire|Clodsire, F|100/100
|turn|29
|c|☆Gu2025|Sorry
|
|t:|1743858802
|switch|p1a: Dragapult|Dragapult, M, tera:Ghost|100/100
|move|p2a: Clodsire|Toxic|p1a: Dragapult
|-status|p1a: Dragapult|tox
|
|-damage|p1a: Dragapult|95/100 tox|[from] psn
|upkeep
|turn|30
|c|☆WonderGuardWill|Lol all good bro
|
|t:|1743858827
|switch|p2a: Heatran|Heatran, F|100/100
|-item|p2a: Heatran|Air Balloon
|move|p1a: Dragapult|Tera Blast|p2a: Heatran|[anim] Tera Blast Ghost
|-damage|p2a: Heatran|55/100
|-enditem|p2a: Heatran|Air Balloon
|
|-damage|p1a: Dragapult|83/100 tox|[from] psn
|upkeep
|turn|31
|
|t:|1743858840
|switch|p1a: Zamazenta|Zamazenta|100/100
|move|p2a: Heatran|Stealth Rock|p1a: Zamazenta
|-sidestart|p1: Gu2025|move: Stealth Rock
|
|upkeep
|turn|32
|
|t:|1743858852
|switch|p2a: Garganacl|Garganacl, M, tera:Flying|88/100
|move|p1a: Zamazenta|Body Press|p2a: Garganacl
|-resisted|p2a: Garganacl
|-damage|p2a: Garganacl|80/100
|
|upkeep
|turn|33
|inactive|Battle timer is ON: inactive players will automatically lose when time's up. (requested by Gu2025)
|
|t:|1743858868
|switch|p1a: Primarina|Primarina, F|56/100
|-damage|p1a: Primarina|43/100|[from] Stealth Rock
|move|p2a: Garganacl|Salt Cure|p1a: Primarina
|-damage|p1a: Primarina|24/100
|-start|p1a: Primarina|Salt Cure
|
|-heal|p1a: Primarina|31/100|[from] item: Leftovers
|-damage|p1a: Primarina|6/100|[from] Salt Cure
|upkeep
|turn|34
|
|t:|1743858881
|switch|p2a: Clodsire|Clodsire, F|100/100
|move|p1a: Primarina|Draining Kiss|p2a: Clodsire
|-resisted|p2a: Clodsire
|-damage|p2a: Clodsire|93/100
|-heal|p1a: Primarina|15/100|[from] drain|[of] p2a: Clodsire
|
|-heal|p1a: Primarina|21/100|[from] item: Leftovers
|-heal|p2a: Clodsire|99/100|[from] item: Leftovers
|-damage|p1a: Primarina|0 fnt|[from] Salt Cure
|faint|p1a: Primarina
|upkeep
|
|t:|1743858896
|switch|p1a: Rillaboom|Rillaboom, F|100/100
|-damage|p1a: Rillaboom|88/100|[from] Stealth Rock
|-fieldstart|move: Grassy Terrain|[from] ability: Grassy Surge|[of] p1a: Rillaboom
|turn|35
|
|t:|1743858910
|switch|p2a: Garganacl|Garganacl, M, tera:Flying|80/100
|move|p1a: Rillaboom|Wood Hammer|p2a: Garganacl
|-resisted|p2a: Garganacl
|-damage|p2a: Garganacl|50/100
|-damage|p1a: Rillaboom|76/100|[from] Recoil
|
|-heal|p1a: Rillaboom|82/100|[from] Grassy Terrain
|upkeep
|turn|36
|
|t:|1743858921
|move|p1a: Rillaboom|Wood Hammer|p2a: Garganacl
|-resisted|p2a: Garganacl
|-damage|p2a: Garganacl|18/100
|-damage|p1a: Rillaboom|70/100|[from] Recoil
|move|p2a: Garganacl|Recover|p2a: Garganacl
|-heal|p2a: Garganacl|68/100
|
|-heal|p1a: Rillaboom|76/100|[from] Grassy Terrain
|upkeep
|turn|37
|
|t:|1743858932
|switch|p1a: Slowking|Slowking-Galar, F|46/100
|-damage|p1a: Slowking|33/100|[from] Stealth Rock
|move|p2a: Garganacl|Salt Cure|p1a: Slowking
|-damage|p1a: Slowking|20/100
|-start|p1a: Slowking|Salt Cure
|
|-heal|p1a: Slowking|26/100|[from] Grassy Terrain
|-damage|p1a: Slowking|14/100|[from] Salt Cure
|upkeep
|turn|38
|
|t:|1743858947
|switch|p1a: Zamazenta|Zamazenta|100/100
|-damage|p1a: Zamazenta|94/100|[from] Stealth Rock
|move|p2a: Garganacl|Protect||[still]
|-fail|p2a: Garganacl
|
|-heal|p1a: Zamazenta|100/100|[from] Grassy Terrain
|upkeep
|turn|39
|
|t:|1743858961
|move|p1a: Zamazenta|Crunch|p2a: Garganacl
|-damage|p2a: Garganacl|58/100
|move|p2a: Garganacl|Recover|p2a: Garganacl
|-heal|p2a: Garganacl|100/100
|
|-fieldend|move: Grassy Terrain
|upkeep
|turn|40
|
|t:|1743858969
|move|p1a: Zamazenta|Crunch|p2a: Garganacl
|-damage|p2a: Garganacl|88/100
|move|p2a: Garganacl|Salt Cure|p1a: Zamazenta
|-resisted|p1a: Zamazenta
|-damage|p1a: Zamazenta|95/100
|-start|p1a: Zamazenta|Salt Cure
|
|-damage|p1a: Zamazenta|83/100|[from] Salt Cure
|upkeep
|turn|41
|
|t:|1743858987
|move|p1a: Zamazenta|Crunch|p2a: Garganacl
|-damage|p2a: Garganacl|78/100
|move|p2a: Garganacl|Salt Cure|p1a: Zamazenta
|-resisted|p1a: Zamazenta
|-damage|p1a: Zamazenta|78/100
|
|-damage|p1a: Zamazenta|66/100|[from] Salt Cure
|upkeep
|turn|42
|
|t:|1743858999
|switch|p2a: Heatran|Heatran, F|55/100
|move|p1a: Zamazenta|Crunch|p2a: Heatran
|-damage|p2a: Heatran|36/100
|
|-damage|p1a: Zamazenta|53/100|[from] Salt Cure
|upkeep
|turn|43
|
|t:|1743859012
|move|p1a: Zamazenta|Crunch|p2a: Heatran
|-damage|p2a: Heatran|19/100
|move|p2a: Heatran|Earth Power|p1a: Zamazenta
|-damage|p1a: Zamazenta|28/100
|
|-damage|p1a: Zamazenta|16/100|[from] Salt Cure
|upkeep
|turn|44
|
|t:|1743859023
|move|p1a: Zamazenta|Crunch|p2a: Heatran
|-damage|p2a: Heatran|1/100
|-unboost|p2a: Heatran|def|1
|move|p2a: Heatran|Magma Storm|p1a: Zamazenta|[miss]
|-miss|p2a: Heatran|p1a: Zamazenta
|
|-damage|p1a: Zamazenta|3/100|[from] Salt Cure
|upkeep
|turn|45
|
|t:|1743859033
|move|p1a: Zamazenta|Crunch|p2a: Heatran
|-damage|p2a: Heatran|0 fnt
|faint|p2a: Heatran
|
|-damage|p1a: Zamazenta|0 fnt|[from] Salt Cure
|faint|p1a: Zamazenta
|upkeep
|
|t:|1743859044
|switch|p1a: Dragapult|Dragapult, M, tera:Ghost|83/100 tox
|switch|p2a: Garganacl|Garganacl, M, tera:Flying|78/100
|-damage|p1a: Dragapult|70/100 tox|[from] Stealth Rock
|turn|46
|
|t:|1743859055
|move|p2a: Garganacl|Protect|p2a: Garganacl
|-singleturn|p2a: Garganacl|Protect
|move|p1a: Dragapult|Tera Blast|p2a: Garganacl|[anim] Tera Blast Ghost
|-activate|p2a: Garganacl|move: Protect
|
|-damage|p1a: Dragapult|64/100 tox|[from] psn
|upkeep
|turn|47
|
|t:|1743859064
|move|p1a: Dragapult|Tera Blast|p2a: Garganacl|[anim] Tera Blast Ghost
|-damage|p2a: Garganacl|65/100
|move|p2a: Garganacl|Salt Cure|p1a: Dragapult
|-damage|p1a: Dragapult|45/100 tox
|-start|p1a: Dragapult|Salt Cure
|
|-damage|p1a: Dragapult|33/100 tox|[from] psn
|-damage|p1a: Dragapult|21/100 tox|[from] Salt Cure
|upkeep
|turn|48
|
|t:|1743859078
|switch|p1a: Slowking|Slowking-Galar, F|47/100
|-damage|p1a: Slowking|35/100|[from] Stealth Rock
|move|p2a: Garganacl|Recover|p2a: Garganacl
|-heal|p2a: Garganacl|100/100
|
|upkeep
|turn|49
|
|t:|1743859086
|switch|p1a: Rillaboom|Rillaboom, F|76/100
|-damage|p1a: Rillaboom|64/100|[from] Stealth Rock
|-fieldstart|move: Grassy Terrain|[from] ability: Grassy Surge|[of] p1a: Rillaboom
|switch|p2a: Clodsire|Clodsire, F|99/100
|
|-heal|p1a: Rillaboom|70/100|[from] Grassy Terrain
|-heal|p2a: Clodsire|100/100|[from] Grassy Terrain
|upkeep
|turn|50
|
|t:|1743859103
|switch|p2a: Garganacl|Garganacl, M, tera:Flying|100/100
|move|p1a: Rillaboom|Wood Hammer|p2a: Garganacl
|-resisted|p2a: Garganacl
|-damage|p2a: Garganacl|68/100
|-damage|p1a: Rillaboom|57/100|[from] Recoil
|
|-heal|p1a: Rillaboom|64/100|[from] Grassy Terrain
|upkeep
|turn|51
|
|t:|1743859115
|move|p1a: Rillaboom|Wood Hammer|p2a: Garganacl
|-resisted|p2a: Garganacl
|-damage|p2a: Garganacl|35/100
|-damage|p1a: Rillaboom|50/100|[from] Recoil
|move|p2a: Garganacl|Salt Cure|p1a: Rillaboom
|-damage|p1a: Rillaboom|36/100
|-start|p1a: Rillaboom|Salt Cure
|
|-heal|p1a: Rillaboom|42/100|[from] Grassy Terrain
|-damage|p1a: Rillaboom|30/100|[from] Salt Cure
|upkeep
|turn|52
|
|t:|1743859128
|switch|p1a: Slowking|Slowking-Galar, F|68/100
|-damage|p1a: Slowking|55/100|[from] Stealth Rock
|move|p2a: Garganacl|Protect||[still]
|-fail|p2a: Garganacl
|
|-heal|p1a: Slowking|61/100|[from] Grassy Terrain
|upkeep
|turn|53
|
|t:|1743859141
|move|p2a: Garganacl|Protect|p2a: Garganacl
|-singleturn|p2a: Garganacl|Protect
|move|p1a: Slowking|Ice Beam|p2a: Garganacl
|-activate|p2a: Garganacl|move: Protect
|
|-heal|p1a: Slowking|68/100|[from] Grassy Terrain
|-fieldend|move: Grassy Terrain
|upkeep
|turn|54
|
|t:|1743859150
|switch|p2a: Clodsire|Clodsire, F|100/100
|move|p1a: Slowking|Ice Beam|p2a: Clodsire
|-supereffective|p2a: Clodsire
|-damage|p2a: Clodsire|71/100
|
|-heal|p2a: Clodsire|77/100|[from] item: Leftovers
|upkeep
|turn|55
|
|t:|1743859163
|switch|p1a: Dragapult|Dragapult, M, tera:Ghost|21/100 tox
|-damage|p1a: Dragapult|9/100 tox|[from] Stealth Rock
|move|p2a: Clodsire|Earthquake|p1a: Dragapult
|-damage|p1a: Dragapult|0 fnt
|faint|p1a: Dragapult
|
|-heal|p2a: Clodsire|83/100|[from] item: Leftovers
|upkeep
|
|t:|1743859174
|switch|p1a: Rillaboom|Rillaboom, F|30/100
|-damage|p1a: Rillaboom|18/100|[from] Stealth Rock
|-fieldstart|move: Grassy Terrain|[from] ability: Grassy Surge|[of] p1a: Rillaboom
|turn|56
|
|t:|1743859184
|move|p1a: Rillaboom|Wood Hammer|p2a: Clodsire
|-crit|p2a: Clodsire
|-damage|p2a: Clodsire|0 fnt
|faint|p2a: Clodsire
|-damage|p1a: Rillaboom|0 fnt|[from] Recoil
|faint|p1a: Rillaboom
|
|upkeep
|
|t:|1743859192
|switch|p1a: Slowking|Slowking-Galar, F|100/100
|switch|p2a: Garganacl|Garganacl, M, tera:Flying|35/100
|-damage|p1a: Slowking|88/100|[from] Stealth Rock
|turn|57
|
|t:|1743859200
|move|p1a: Slowking|Ice Beam|p2a: Garganacl
|-supereffective|p2a: Garganacl
|-damage|p2a: Garganacl|0 fnt
|faint|p2a: Garganacl
|
|win|Gu2025
|raw|Gu2025's rating: 1374 &rarr; <strong>1396</strong><br />(+22 for winning)
|raw|WonderGuardWill's rating: 1410 &rarr; <strong>1388</strong><br />(-22 for losing)
|c|☆WonderGuardWill|Ggs
|c|☆Gu2025|Gg
|l|☆Gu2025
|player|p1|
|j|☆Gu2025
|player|p1|Gu2025|li|
