|j|☆Mr.White911
|j|☆Edk895
|t:|1743857153
|gametype|singles
|player|p1|Mr.White911|guitarist|1458
|player|p2|Edk895|101|1449
|teamsize|p1|6
|teamsize|p2|6
|gen|9
|tier|[Gen 9] OU
|rated|
|rule|HP Percentage Mod: HP is shown in percentages
|rule|Endless Battle Clause: Forcing endless battles is banned
|rule|Species Clause: Limit one of each Pokémon
|rule|OHKO Clause: OHKO moves are banned
|rule|Evasion Items Clause: Evasion items are banned
|rule|Evasion Moves Clause: Evasion moves are banned
|rule|Sleep Moves Clause: Sleep-inducing moves are banned
|clearpoke
|poke|p1|Moltres|
|poke|p1|Espeon, F|
|poke|p1|Gliscor, M|
|poke|p1|Chansey, F|
|poke|p1|Avalugg, M|
|poke|p1|Lokix, M|
|poke|p2|Greninja-*, F|
|poke|p2|Gholdengo|
|poke|p2|Gliscor, F|
|poke|p2|Ogerpon-Wellspring, F|
|poke|p2|Weezing-Galar, M|
|poke|p2|Dondozo, F|
|teampreview
|inactive|Battle timer is ON: inactive players will automatically lose when time's up. (requested by Mr.White911)
|
|t:|1743857164
|start
|switch|p1a: Chansey|Chansey, F, shiny|100/100
|switch|p2a: Greninja|Greninja, F|100/100
|turn|1
|
|t:|1743857171
|switch|p2a: Gliscor|Gliscor, F|100/100
|move|p1a: Chansey|Thunder Wave|p2a: Gliscor
|-immune|p2a: Gliscor
|
|-status|p2a: Gliscor|tox|[from] item: Toxic Orb
|upkeep
|turn|2
|
|t:|1743857178
|switch|p1a: Espeon|Espeon, F|100/100
|move|p2a: Gliscor|Knock Off|p1a: Espeon
|-supereffective|p1a: Espeon
|-damage|p1a: Espeon|24/100
|-enditem|p1a: Espeon|Expert Belt|[from] move: Knock Off|[of] p2a: Gliscor
|
|upkeep
|turn|3
|
|t:|1743857187
|switch|p2a: Gholdengo|Gholdengo|100/100
|move|p1a: Espeon|Psyshock|p2a: Gholdengo
|-resisted|p2a: Gholdengo
|-damage|p2a: Gholdengo|84/100
|
|-heal|p2a: Gholdengo|90/100|[from] item: Leftovers
|upkeep
|turn|4
|inactive|Edk895 has 120 seconds left.
|
|t:|1743857217
|switch|p1a: Chansey|Chansey, F, shiny|100/100
|move|p2a: Gholdengo|Hex|p1a: Chansey
|-immune|p1a: Chansey
|
|-heal|p2a: Gholdengo|96/100|[from] item: Leftovers
|upkeep
|turn|5
|
|t:|1743857225
|switch|p2a: Gliscor|Gliscor, F|100/100 tox
|move|p1a: Chansey|Stealth Rock|p2a: Gliscor
|-sidestart|p2: Edk895|move: Stealth Rock
|
|upkeep
|turn|6
|inactive|Edk895 has 120 seconds left.
|
|t:|1743857250
|switch|p1a: Avalugg|Avalugg, M|100/100
|move|p2a: Gliscor|Stealth Rock|p1a: Avalugg
|-sidestart|p1: Mr.White911|move: Stealth Rock
|
|upkeep
|turn|7
|inactive|Edk895 has 90 seconds left.
|
|t:|1743857306
|switch|p2a: Gholdengo|Gholdengo|96/100
|-damage|p2a: Gholdengo|90/100|[from] Stealth Rock
|move|p1a: Avalugg|Gyro Ball|p2a: Gholdengo
|-resisted|p2a: Gholdengo
|-damage|p2a: Gholdengo|80/100
|
|-heal|p2a: Gholdengo|86/100|[from] item: Leftovers
|upkeep
|turn|8
|
|t:|1743857314
|switch|p2a: Weezing|Weezing-Galar, M|100/100
|-damage|p2a: Weezing|88/100|[from] Stealth Rock
|switch|p1a: Moltres|Moltres|100/100
|
|-heal|p2a: Weezing|94/100|[from] item: Leftovers
|upkeep
|turn|9
|
|t:|1743857323
|move|p1a: Moltres|Tailwind|p1a: Moltres
|-sidestart|p1: Mr.White911|move: Tailwind
|move|p2a: Weezing|Defog|p1a: Moltres
|-unboost|p1a: Moltres|evasion|1
|-sideend|p1: Mr.White911|Stealth Rock|[from] move: Defog|[of] p2a: Weezing
|-sideend|p2: Edk895|Stealth Rock|[from] move: Defog|[of] p2a: Weezing
|
|-heal|p2a: Weezing|99/100|[from] item: Leftovers
|upkeep
|turn|10
|
|t:|1743857348
|move|p1a: Moltres|Flamethrower|p2a: Weezing
|-damage|p2a: Weezing|67/100
|move|p2a: Weezing|Strange Steam|p1a: Moltres
|-resisted|p1a: Moltres
|-damage|p1a: Moltres|88/100
|
|-heal|p2a: Weezing|73/100|[from] item: Leftovers
|upkeep
|turn|11
|inactive|Edk895 has 60 seconds left.
|
|t:|1743857393
|move|p1a: Moltres|Flamethrower|p2a: Weezing
|-crit|p2a: Weezing
|-damage|p2a: Weezing|15/100
|-status|p2a: Weezing|brn
|move|p2a: Weezing|Pain Split|p1a: Moltres
|-sethp|p1a: Moltres|50/100|[from] move: Pain Split|[silent]
|-sethp|p2a: Weezing|58/100 brn|[from] move: Pain Split
|
|-heal|p2a: Weezing|64/100 brn|[from] item: Leftovers
|-damage|p2a: Weezing|58/100 brn|[from] brn
|upkeep
|turn|12
|
|t:|1743857404
|switch|p2a: Dondozo|Dondozo, F|100/100
|move|p1a: Moltres|Roost|p1a: Moltres
|-heal|p1a: Moltres|100/100
|-singleturn|p1a: Moltres|move: Roost
|
|-sideend|p1: Mr.White911|move: Tailwind
|upkeep
|turn|13
|
|t:|1743857413
|switch|p1a: Lokix|Lokix, M|100/100
|switch|p2a: Gliscor|Gliscor, F|100/100 tox
|
|upkeep
|turn|14
|
|t:|1743857420
|move|p1a: Lokix|Knock Off|p2a: Gliscor
|-damage|p2a: Gliscor|60/100 tox
|-enditem|p2a: Gliscor|Toxic Orb|[from] move: Knock Off|[of] p1a: Lokix
|move|p2a: Gliscor|Knock Off|p1a: Lokix
|-resisted|p1a: Lokix
|-crit|p1a: Lokix
|-damage|p1a: Lokix|75/100
|-enditem|p1a: Lokix|Choice Band|[from] move: Knock Off|[of] p2a: Gliscor
|
|-heal|p2a: Gliscor|72/100 tox|[from] ability: Poison Heal
|upkeep
|turn|15
|
|t:|1743857430
|move|p1a: Lokix|U-turn|p2a: Gliscor
|-resisted|p2a: Gliscor
|-damage|p2a: Gliscor|52/100 tox
|
|t:|1743857433
|switch|p1a: Espeon|Espeon, F|24/100|[from] U-turn
|move|p2a: Gliscor|Stealth Rock|p1a: Espeon
|move|p1a: Espeon|Stealth Rock|p2a: Gliscor|[from] ability: Magic Bounce
|-sidestart|p2: Edk895|move: Stealth Rock
|
|-heal|p2a: Gliscor|64/100 tox|[from] ability: Poison Heal
|upkeep
|turn|16
|inactive|Edk895 has 60 seconds left.
|
|t:|1743857442
|switch|p2a: Greninja|Greninja, F|100/100
|-damage|p2a: Greninja|88/100|[from] Stealth Rock
|move|p1a: Espeon|Psyshock|p2a: Greninja
|-immune|p2a: Greninja
|
|upkeep
|turn|17
|
|t:|1743857449
|switch|p2a: Weezing|Weezing-Galar, M|58/100 brn
|-damage|p2a: Weezing|46/100 brn|[from] Stealth Rock
|switch|p1a: Chansey|Chansey, F, shiny|100/100
|
|-heal|p2a: Weezing|52/100 brn|[from] item: Leftovers
|-damage|p2a: Weezing|46/100 brn|[from] brn
|upkeep
|turn|18
|
|t:|1743857459
|switch|p1a: Espeon|Espeon, F|24/100
|move|p2a: Weezing|Defog|p1a: Espeon
|move|p1a: Espeon|Defog|p2a: Weezing|[from] ability: Magic Bounce
|-unboost|p2a: Weezing|evasion|1
|-sideend|p2: Edk895|Stealth Rock|[from] move: Defog|[of] p1a: Espeon
|
|-heal|p2a: Weezing|52/100 brn|[from] item: Leftovers
|-damage|p2a: Weezing|46/100 brn|[from] brn
|upkeep
|turn|19
|
|t:|1743857479
|switch|p2a: Greninja|Greninja, F|88/100
|move|p1a: Espeon|Alluring Voice|p2a: Greninja
|-supereffective|p2a: Greninja
|-damage|p2a: Greninja|2/100
|
|upkeep
|turn|20
|
|t:|1743857489
|switch|p2a: Gliscor|Gliscor, F|64/100 tox
|switch|p1a: Chansey|Chansey, F, shiny|100/100
|
|-heal|p2a: Gliscor|77/100 tox|[from] ability: Poison Heal
|upkeep
|turn|21
|
|t:|1743857499
|switch|p1a: Espeon|Espeon, F|24/100
|move|p2a: Gliscor|Stealth Rock|p1a: Espeon
|move|p1a: Espeon|Stealth Rock|p2a: Gliscor|[from] ability: Magic Bounce
|-sidestart|p2: Edk895|move: Stealth Rock
|
|-heal|p2a: Gliscor|89/100 tox|[from] ability: Poison Heal
|upkeep
|turn|22
|
|t:|1743857514
|move|p1a: Espeon|Psyshock|p2a: Gliscor
|-crit|p2a: Gliscor
|-damage|p2a: Gliscor|52/100 tox
|move|p2a: Gliscor|Knock Off|p1a: Espeon
|-supereffective|p1a: Espeon
|-damage|p1a: Espeon|0 fnt
|faint|p1a: Espeon
|
|-heal|p2a: Gliscor|64/100 tox|[from] ability: Poison Heal
|upkeep
|
|t:|1743857525
|switch|p1a: Moltres|Moltres|100/100
|turn|23
|
|t:|1743857528
|move|p2a: Gliscor|Protect|p2a: Gliscor
|-singleturn|p2a: Gliscor|Protect
|move|p1a: Moltres|Tailwind|p1a: Moltres
|-sidestart|p1: Mr.White911|move: Tailwind
|
|-heal|p2a: Gliscor|77/100 tox|[from] ability: Poison Heal
|upkeep
|turn|24
|inactive|Edk895 has 90 seconds left.
|
|t:|1743857535
|switch|p1a: Gliscor|Gliscor, M|100/100
|switch|p2a: Dondozo|Dondozo, F|100/100
|-damage|p2a: Dondozo|88/100|[from] Stealth Rock
|
|-heal|p2a: Dondozo|94/100|[from] item: Leftovers
|-status|p1a: Gliscor|tox|[from] item: Toxic Orb
|upkeep
|turn|25
|
|t:|1743857545
|switch|p1a: Lokix|Lokix, M|75/100
|move|p2a: Dondozo|Curse|p2a: Dondozo
|-unboost|p2a: Dondozo|spe|1
|-boost|p2a: Dondozo|atk|1
|-boost|p2a: Dondozo|def|1
|
|-heal|p2a: Dondozo|100/100|[from] item: Leftovers
|upkeep
|turn|26
|
|t:|1743857552
|move|p1a: Lokix|Knock Off|p2a: Dondozo
|-crit|p2a: Dondozo
|-damage|p2a: Dondozo|67/100
|-enditem|p2a: Dondozo|Leftovers|[from] move: Knock Off|[of] p1a: Lokix
|move|p2a: Dondozo|Waterfall|p1a: Lokix
|-damage|p1a: Lokix|9/100
|
|-sideend|p1: Mr.White911|move: Tailwind
|upkeep
|turn|27
|
|t:|1743857560
|move|p1a: Lokix|U-turn|p2a: Dondozo
|-damage|p2a: Dondozo|56/100
|
|t:|1743857568
|switch|p1a: Chansey|Chansey, F, shiny|100/100|[from] U-turn
|move|p2a: Dondozo|Curse|p2a: Dondozo
|-unboost|p2a: Dondozo|spe|1
|-boost|p2a: Dondozo|atk|1
|-boost|p2a: Dondozo|def|1
|
|upkeep
|turn|28
|
|t:|1743857576
|move|p1a: Chansey|Seismic Toss|p2a: Dondozo
|-damage|p2a: Dondozo|36/100
|move|p2a: Dondozo|Rest|p2a: Dondozo
|-status|p2a: Dondozo|slp|[from] move: Rest
|-heal|p2a: Dondozo|100/100 slp|[silent]
|
|upkeep
|turn|29
|inactive|Edk895 has 120 seconds left.
|
|t:|1743857584
|move|p1a: Chansey|Seismic Toss|p2a: Dondozo
|-damage|p2a: Dondozo|81/100 slp
|cant|p2a: Dondozo|slp
|move|p2a: Dondozo|Sleep Talk|p2a: Dondozo
|move|p2a: Dondozo|Rest||[from] move: Sleep Talk|[still]
|-fail|p2a: Dondozo
|
|upkeep
|turn|30
|
|t:|1743857591
|switch|p1a: Lokix|Lokix, M|9/100
|cant|p2a: Dondozo|slp
|move|p2a: Dondozo|Sleep Talk|p2a: Dondozo
|move|p2a: Dondozo|Waterfall|p1a: Lokix|[from] move: Sleep Talk
|-damage|p1a: Lokix|0 fnt
|faint|p1a: Lokix
|
|upkeep
|
|t:|1743857596
|switch|p1a: Gliscor|Gliscor, M|100/100 tox
|turn|31
|-message|Mr.White911 forfeited.
|
|win|Edk895
|raw|Mr.White911's rating: 1458 &rarr; <strong>1438</strong><br />(-20 for losing)
|raw|Edk895's rating: 1466 &rarr; <strong>1486</strong><br />(+20 for winning)
|l|☆Mr.White911
|player|p1|
|l|☆Edk895
|player|p2|
