|j|☆Phantasmagorica
|j|☆calic
|t:|1743813727
|gametype|singles
|player|p1|Phantasmagorica|fantina|1148
|player|p2|calic|richboy|1154
|teamsize|p1|6
|teamsize|p2|6
|gen|9
|tier|[Gen 9] OU
|rated|
|rule|HP Percentage Mod: HP is shown in percentages
|rule|Endless Battle Clause: Forcing endless battles is banned
|rule|Species Clause: Limit one of each Pokémon
|rule|OHKO Clause: OHKO moves are banned
|rule|Evasion Items Clause: Evasion items are banned
|rule|Evasion Moves Clause: Evasion moves are banned
|rule|Sleep Moves Clause: Sleep-inducing moves are banned
|clearpoke
|poke|p1|Incineroar, M|
|poke|p1|Espeon, F|
|poke|p1|Luxray, M|
|poke|p1|Landorus-Therian, M|
|poke|p1|Meowscarada, F|
|poke|p1|Mew|
|poke|p2|Indeedee, M|
|poke|p2|Deoxys-Speed|
|poke|p2|Hoopa-Unbound|
|poke|p2|Primarina, M|
|poke|p2|Hawlucha, M|
|poke|p2|Heatran, M|
|teampreview
|inactive|Battle timer is ON: inactive players will automatically lose when time's up. (requested by Phantasmagorica)
|
|t:|1743813741
|start
|switch|p1a: Luxray|Luxray, M, shiny|100/100
|switch|p2a: Indeedee|Indeedee, M, shiny|100/100
|-fieldstart|move: Psychic Terrain|[from] ability: Psychic Surge|[of] p2a: Indeedee
|turn|1
|
|t:|1743813758
|move|p2a: Indeedee|Expanding Force|p1a: Luxray
|-damage|p1a: Luxray|27/100
|move|p1a: Luxray|Trailblaze|p2a: Indeedee
|-damage|p2a: Indeedee|77/100
|-boost|p1a: Luxray|spe|1
|
|-status|p1a: Luxray|brn|[from] item: Flame Orb
|upkeep
|turn|2
|
|t:|1743813777
|move|p1a: Luxray|Facade|p2a: Indeedee
|-damage|p2a: Indeedee|0 fnt
|faint|p2a: Indeedee
|
|-damage|p1a: Luxray|21/100 brn|[from] brn
|upkeep
|
|t:|1743813787
|switch|p2a: Heatran|Heatran, M|100/100
|turn|3
|
|t:|1743813794
|move|p1a: Luxray|Supercell Slam|p2a: Heatran
|-damage|p2a: Heatran|33/100
|move|p2a: Heatran|Overheat|p1a: Luxray
|-damage|p1a: Luxray|0 fnt
|-unboost|p2a: Heatran|spa|2
|-enditem|p2a: Heatran|Eject Pack
|faint|p1a: Luxray
|
|t:|1743813807
|switch|p2a: Hawlucha|Hawlucha, M|100/100
|-enditem|p2a: Hawlucha|Psychic Seed
|-boost|p2a: Hawlucha|spd|1|[from] item: Psychic Seed
|
|upkeep
|
|t:|1743813811
|switch|p1a: Landorus|Landorus-Therian, M, shiny|100/100
|-ability|p1a: Landorus|Intimidate|boost
|-unboost|p2a: Hawlucha|atk|1
|turn|4
|inactive|calic has 120 seconds left.
|inactive|calic has 90 seconds left.
|
|t:|1743813867
|move|p2a: Hawlucha|Acrobatics|p1a: Landorus
|-damage|p1a: Landorus|61/100
|move|p1a: Landorus|U-turn|p2a: Hawlucha
|-resisted|p2a: Hawlucha
|-damage|p2a: Hawlucha|91/100
|
|t:|1743813871
|switch|p1a: Mew|Mew, shiny|100/100|[from] U-turn
|
|upkeep
|turn|5
|
|t:|1743813881
|move|p2a: Hawlucha|Acrobatics|p1a: Mew
|-damage|p1a: Mew|70/100
|move|p1a: Mew|Future Sight|p2a: Hawlucha
|-start|p1a: Mew|move: Future Sight
|
|-heal|p1a: Mew|76/100|[from] item: Leftovers
|upkeep
|turn|6
|inactive|calic has 90 seconds left.
|
|t:|1743813898
|switch|p2a: Deoxys|Deoxys-Speed, shiny|100/100
|-ability|p2a: Deoxys|Pressure
|move|p1a: Mew|Ice Beam|p2a: Deoxys
|-damage|p2a: Deoxys|60/100
|
|-heal|p1a: Mew|83/100|[from] item: Leftovers
|upkeep
|turn|7
|
|t:|1743813908
|-terastallize|p2a: Deoxys|Dark
|move|p2a: Deoxys|Dark Pulse|p1a: Mew
|-supereffective|p1a: Mew
|-damage|p1a: Mew|20/100
|move|p1a: Mew|Bug Buzz|p2a: Deoxys
|-supereffective|p2a: Deoxys
|-damage|p2a: Deoxys|0 fnt
|faint|p2a: Deoxys
|
|-hint|Future Sight did not hit because the target is fainted.
|-heal|p1a: Mew|26/100|[from] item: Leftovers
|upkeep
|inactive|calic has 90 seconds left.
|
|t:|1743813939
|switch|p2a: Hawlucha|Hawlucha, M|91/100
|turn|8
|
|t:|1743813947
|move|p2a: Hawlucha|Acrobatics|p1a: Mew
|-damage|p1a: Mew|0 fnt
|faint|p1a: Mew
|
|-fieldend|move: Psychic Terrain
|upkeep
|
|t:|1743813951
|switch|p1a: Espeon|Espeon, F|100/100
|turn|9
|
|t:|1743813967
|switch|p2a: Hoopa|Hoopa-Unbound|100/100
|move|p1a: Espeon|Alluring Voice|p2a: Hoopa
|-supereffective|p2a: Hoopa
|-damage|p2a: Hoopa|48/100
|
|upkeep
|turn|10
|
|t:|1743813979
|-terastallize|p1a: Espeon|Fairy
|move|p1a: Espeon|Alluring Voice|p2a: Hoopa
|-supereffective|p2a: Hoopa
|-damage|p2a: Hoopa|0 fnt
|faint|p2a: Hoopa
|
|upkeep
|
|t:|1743813988
|switch|p2a: Hawlucha|Hawlucha, M|91/100
|turn|11
|
|t:|1743813991
|move|p1a: Espeon|Alluring Voice|p2a: Hawlucha
|-supereffective|p2a: Hawlucha
|-damage|p2a: Hawlucha|0 fnt
|faint|p2a: Hawlucha
|
|upkeep
|-message|calic forfeited.
|
|win|Phantasmagorica
|raw|Phantasmagorica's rating: 1148 &rarr; <strong>1173</strong><br />(+25 for winning)
|raw|calic's rating: 1154 &rarr; <strong>1129</strong><br />(-25 for losing)
|l|☆calic
|player|p2|
|l|☆Phantasmagorica
|player|p1|
