|j|☆ollin34
|j|☆buda88888
|t:|1743845062
|gametype|singles
|player|p1|ollin34|170|1157
|player|p2|buda88888|cynthia|1225
|teamsize|p1|6
|teamsize|p2|6
|gen|9
|tier|[Gen 9] OU
|rated|
|rule|HP Percentage Mod: HP is shown in percentages
|rule|Endless Battle Clause: Forcing endless battles is banned
|rule|Species Clause: Limit one of each Pokémon
|rule|OHKO Clause: OHKO moves are banned
|rule|Evasion Items Clause: Evasion items are banned
|rule|Evasion Moves Clause: Evasion moves are banned
|rule|Sleep Moves Clause: Sleep-inducing moves are banned
|clearpoke
|poke|p1|Tinkaton, F|
|poke|p1|Gliscor, M|
|poke|p1|Ursaluna, F|
|poke|p1|Skeledirge, F|
|poke|p1|Meowscarada, F|
|poke|p1|Galvantula, F|
|poke|p2|Gallade, M|
|poke|p2|Umbreon, M|
|poke|p2|Gliscor, F|
|poke|p2|Greninja-*, M|
|poke|p2|Cosmoem|
|poke|p2|Kleavor, F|
|teampreview
|inactive|Battle timer is ON: inactive players will automatically lose when time's up. (requested by buda88888)
|
|t:|1743845082
|start
|switch|p1a: Gliscor|Gliscor, M|100/100
|switch|p2a: Kleavor|Kleavor, F, shiny|100/100
|turn|1
|
|t:|1743845088
|move|p2a: Kleavor|Stone Axe|p1a: Gliscor
|-crit|p1a: Gliscor
|-damage|p1a: Gliscor|26/100
|-sidestart|p1: ollin34|move: Stealth Rock
|move|p1a: Gliscor|Crabhammer|p2a: Kleavor
|-supereffective|p2a: Kleavor
|-damage|p2a: Kleavor|39/100
|
|-status|p1a: Gliscor|tox|[from] item: Toxic Orb
|upkeep
|turn|2
|
|t:|1743845094
|move|p2a: Kleavor|Stone Axe|p1a: Gliscor
|-damage|p1a: Gliscor|0 fnt
|faint|p1a: Gliscor
|
|upkeep
|
|t:|1743845098
|switch|p1a: Tinkaton|Tinkaton, F|100/100
|-damage|p1a: Tinkaton|94/100|[from] Stealth Rock
|-item|p1a: Tinkaton|Air Balloon
|turn|3
|
|t:|1743845101
|switch|p2a: Cosmoem|Cosmoem|100/100
|move|p1a: Tinkaton|Thunder Wave|p2a: Cosmoem
|-status|p2a: Cosmoem|par
|
|upkeep
|turn|4
|
|t:|1743845106
|move|p1a: Tinkaton|Knock Off|p2a: Cosmoem
|-supereffective|p2a: Cosmoem
|-damage|p2a: Cosmoem|80/100 par
|-enditem|p2a: Cosmoem|Eviolite|[from] move: Knock Off|[of] p1a: Tinkaton
|move|p2a: Cosmoem|Teleport|p2a: Cosmoem
|
|t:|1743845116
|switch|p2a: Gliscor|Gliscor, F, shiny|100/100|[from] Teleport
|
|-status|p2a: Gliscor|tox|[from] item: Toxic Orb
|upkeep
|turn|5
|
|t:|1743845123
|move|p2a: Gliscor|Knock Off|p1a: Tinkaton
|-resisted|p1a: Tinkaton
|-damage|p1a: Tinkaton|85/100
|-enditem|p1a: Tinkaton|Air Balloon
|-enditem|p2a: Gliscor|Toxic Orb|[silent]|[from] ability: Pickpocket|[of] p2a: Gliscor
|-item|p1a: Tinkaton|Toxic Orb|[from] ability: Pickpocket|[of] p2a: Gliscor
|move|p1a: Tinkaton|Stealth Rock|p2a: Gliscor
|-sidestart|p2: buda88888|move: Stealth Rock
|
|upkeep
|turn|6
|
|t:|1743845133
|switch|p1a: Meowscarada|Meowscarada, F|100/100
|-damage|p1a: Meowscarada|88/100|[from] Stealth Rock
|move|p2a: Gliscor|Earthquake|p1a: Meowscarada
|-resisted|p1a: Meowscarada
|-damage|p1a: Meowscarada|63/100
|
|upkeep
|turn|7
|
|t:|1743845145
|switch|p2a: Kleavor|Kleavor, F, shiny|39/100
|-damage|p2a: Kleavor|14/100|[from] Stealth Rock
|move|p1a: Meowscarada|Flower Trick|p2a: Kleavor
|-start|p1a: Meowscarada|typechange|Grass|[from] ability: Protean
|-crit|p2a: Kleavor
|-damage|p2a: Kleavor|0 fnt
|faint|p2a: Kleavor
|
|upkeep
|
|t:|1743845159
|switch|p2a: Umbreon|Umbreon, M, shiny|100/100
|-damage|p2a: Umbreon|88/100|[from] Stealth Rock
|turn|8
|
|t:|1743845162
|-terastallize|p1a: Meowscarada|Grass
|move|p1a: Meowscarada|Flower Trick|p2a: Umbreon
|-crit|p2a: Umbreon
|-damage|p2a: Umbreon|22/100
|move|p2a: Umbreon|Foul Play|p1a: Meowscarada
|-damage|p1a: Meowscarada|0 fnt
|faint|p1a: Meowscarada
|
|-heal|p2a: Umbreon|28/100|[from] item: Leftovers
|upkeep
|
|t:|1743845167
|switch|p1a: Skeledirge|Skeledirge, F|100/100
|-damage|p1a: Skeledirge|76/100|[from] Stealth Rock
|turn|9
|
|t:|1743845170
|move|p1a: Skeledirge|Torch Song|p2a: Umbreon
|-damage|p2a: Umbreon|3/100
|-boost|p1a: Skeledirge|spa|1
|move|p2a: Umbreon|Toxic|p1a: Skeledirge
|-status|p1a: Skeledirge|tox
|
|-heal|p2a: Umbreon|9/100|[from] item: Leftovers
|-damage|p1a: Skeledirge|70/100 tox|[from] psn
|upkeep
|turn|10
|
|t:|1743845173
|move|p1a: Skeledirge|Torch Song|p2a: Umbreon
|-damage|p2a: Umbreon|0 fnt
|-boost|p1a: Skeledirge|spa|1
|faint|p2a: Umbreon
|
|-damage|p1a: Skeledirge|58/100 tox|[from] psn
|upkeep
|
|t:|1743845176
|switch|p2a: Greninja|Greninja, M|100/100
|turn|11
|
|t:|1743845179
|move|p2a: Greninja|Hydro Pump|p1a: Skeledirge
|-supereffective|p1a: Skeledirge
|-damage|p1a: Skeledirge|0 fnt
|faint|p1a: Skeledirge
|-ability|p2a: Greninja|Battle Bond|boost
|-boost|p2a: Greninja|atk|1
|-boost|p2a: Greninja|spa|1
|-boost|p2a: Greninja|spe|1
|-activate|p2a: Greninja|ability: Battle Bond
|
|upkeep
|
|t:|1743845182
|switch|p1a: Galvantula|Galvantula, F|100/100
|-damage|p1a: Galvantula|76/100|[from] Stealth Rock
|turn|12
|
|t:|1743845191
|move|p2a: Greninja|Dark Pulse|p1a: Galvantula
|-damage|p1a: Galvantula|0 fnt
|faint|p1a: Galvantula
|
|upkeep
|
|t:|1743845194
|switch|p1a: Ursaluna|Ursaluna, F|100/100
|-damage|p1a: Ursaluna|94/100|[from] Stealth Rock
|turn|13
|
|t:|1743845197
|move|p2a: Greninja|Hydro Pump|p1a: Ursaluna
|-supereffective|p1a: Ursaluna
|-damage|p1a: Ursaluna|0 fnt
|faint|p1a: Ursaluna
|
|upkeep
|-message|ollin34 forfeited.
|
|win|buda88888
|raw|ollin34's rating: 1157 &rarr; <strong>1137</strong><br />(-20 for losing)
|raw|buda88888's rating: 1225 &rarr; <strong>1245</strong><br />(+20 for winning)
|l|☆ollin34
|player|p1|
|l|☆buda88888
|player|p2|
