|j|☆Nolcxntrl
|j|☆Gayroach
|t:|1743826778
|gametype|singles
|player|p1|Nolcxntrl|ghetsis-gen5bw|1056
|player|p2|Gayroach|pokekid|1061
|teamsize|p1|6
|teamsize|p2|6
|gen|9
|tier|[Gen 9] OU
|rated|
|rule|HP Percentage Mod: HP is shown in percentages
|rule|Endless Battle Clause: Forcing endless battles is banned
|rule|Species Clause: Limit one of each Pokémon
|rule|OHKO Clause: OHKO moves are banned
|rule|Evasion Items Clause: Evasion items are banned
|rule|Evasion Moves Clause: Evasion moves are banned
|rule|Sleep Moves Clause: Sleep-inducing moves are banned
|clearpoke
|poke|p1|Infernape, M|
|poke|p1|Greninja-*, F|
|poke|p1|Charizard, M|
|poke|p1|Lucario, M|
|poke|p1|Garchomp, F|
|poke|p1|Primeape, M|
|poke|p2|Torkoal, M|
|poke|p2|Rotom-Heat|
|poke|p2|Moltres-Galar|
|poke|p2|Scovillain, F|
|poke|p2|Arcanine-Hisui, F|
|poke|p2|Heatran, M|
|teampreview
|
|t:|1743826793
|start
|switch|p1a: CharWalkDown|Charizard, M, shiny|100/100
|switch|p2a: Rotom|Rotom-Heat|100/100
|turn|1
|
|t:|1743826809
|switch|p1a: Luh Chomp|Garchomp, F, shiny|100/100
|move|p2a: Rotom|Charge Beam|p1a: Luh Chomp
|-immune|p1a: Luh Chomp
|
|upkeep
|turn|2
|
|t:|1743826815
|move|p1a: Luh Chomp|Stealth Rock|p2a: Rotom
|-sidestart|p2: Gayroach|move: Stealth Rock
|move|p2a: Rotom|Will-O-Wisp|p1a: Luh Chomp
|-status|p1a: Luh Chomp|brn
|
|-damage|p1a: Luh Chomp|94/100 brn|[from] brn
|upkeep
|turn|3
|
|t:|1743826824
|move|p1a: Luh Chomp|Spikes|p2a: Rotom
|-sidestart|p2: Gayroach|Spikes
|move|p2a: Rotom|Hex|p1a: Luh Chomp
|-damage|p1a: Luh Chomp|60/100 brn
|
|-damage|p1a: Luh Chomp|54/100 brn|[from] brn
|upkeep
|turn|4
|
|t:|1743826833
|move|p1a: Luh Chomp|Spikes|p2a: Rotom
|-sidestart|p2: Gayroach|Spikes
|move|p2a: Rotom|Hex|p1a: Luh Chomp
|-damage|p1a: Luh Chomp|16/100 brn
|
|-damage|p1a: Luh Chomp|10/100 brn|[from] brn
|upkeep
|turn|5
|
|t:|1743826854
|move|p1a: Luh Chomp|Earthquake|p2a: Rotom
|-immune|p2a: Rotom|[from] ability: Levitate
|move|p2a: Rotom|Hex|p1a: Luh Chomp
|-damage|p1a: Luh Chomp|0 fnt
|faint|p1a: Luh Chomp
|
|upkeep
|inactive|Battle timer is ON: inactive players will automatically lose when time's up. (requested by Gayroach)
|
|t:|1743826891
|switch|p1a: Man Man|Infernape, M, shiny|100/100
|turn|6
|
|t:|1743826901
|move|p1a: Man Man|Swords Dance|p1a: Man Man
|-boost|p1a: Man Man|atk|2
|move|p2a: Rotom|Charge Beam|p1a: Man Man
|-damage|p1a: Man Man|68/100
|
|upkeep
|turn|7
|
|t:|1743826909
|move|p1a: Man Man|Close Combat|p2a: Rotom
|-damage|p2a: Rotom|0 fnt
|-unboost|p1a: Man Man|def|1
|-unboost|p1a: Man Man|spd|1
|-damage|p1a: Man Man|52/100|[from] item: Rocky Helmet|[of] p2a: Rotom
|faint|p2a: Rotom
|
|upkeep
|
|t:|1743826926
|switch|p2a: Moltres|Moltres-Galar, shiny|100/100
|-damage|p2a: Moltres|76/100|[from] Stealth Rock
|turn|8
|
|t:|1743826943
|-terastallize|p1a: Man Man|Electric
|move|p1a: Man Man|Thunder Punch|p2a: Moltres
|-supereffective|p2a: Moltres
|-damage|p2a: Moltres|0 fnt
|faint|p2a: Moltres
|
|upkeep
|
|t:|1743826951
|switch|p2a: Torkoal|Torkoal, M|100/100
|-damage|p2a: Torkoal|76/100|[from] Stealth Rock
|-damage|p2a: Torkoal|59/100|[from] Spikes
|-weather|SunnyDay|[from] ability: Drought|[of] p2a: Torkoal
|turn|9
|inactive|Nolcxntrl has 120 seconds left.
|
|t:|1743827006
|switch|p1a: SGA(Aura)|Greninja, F, shiny|100/100
|move|p2a: Torkoal|Solar Beam||[still]
|-prepare|p2a: Torkoal|Solar Beam
|-anim|p2a: Torkoal|Solar Beam|p1a: SGA(Aura)
|-supereffective|p1a: SGA(Aura)
|-damage|p1a: SGA(Aura)|21/100
|
|-weather|SunnyDay|[upkeep]
|-heal|p2a: Torkoal|65/100|[from] item: Leftovers
|upkeep
|turn|10
|inactive|Nolcxntrl has 90 seconds left.
|
|t:|1743827038
|switch|p1a: CariDracEm|Lucario, M, shiny|100/100
|move|p2a: Torkoal|Solar Beam||[still]
|-prepare|p2a: Torkoal|Solar Beam
|-anim|p2a: Torkoal|Solar Beam|p1a: CariDracEm
|-resisted|p1a: CariDracEm
|-damage|p1a: CariDracEm|82/100
|
|-weather|SunnyDay|[upkeep]
|-heal|p2a: Torkoal|71/100|[from] item: Leftovers
|upkeep
|turn|11
|
|t:|1743827049
|move|p1a: CariDracEm|Close Combat|p2a: Torkoal
|-damage|p2a: Torkoal|23/100
|-unboost|p1a: CariDracEm|def|1
|-unboost|p1a: CariDracEm|spd|1
|move|p2a: Torkoal|Flame Charge|p1a: CariDracEm
|-supereffective|p1a: CariDracEm
|-damage|p1a: CariDracEm|0 fnt
|-boost|p2a: Torkoal|spe|1
|faint|p1a: CariDracEm
|
|-weather|SunnyDay|[upkeep]
|-heal|p2a: Torkoal|29/100|[from] item: Leftovers
|upkeep
|
|t:|1743827066
|switch|p1a: CharWalkDown|Charizard, M, shiny|100/100
|turn|12
|
|t:|1743827074
|move|p1a: CharWalkDown|Acrobatics|p2a: Torkoal
|-damage|p2a: Torkoal|9/100
|move|p2a: Torkoal|Shell Smash|p2a: Torkoal
|-unboost|p2a: Torkoal|def|1
|-unboost|p2a: Torkoal|spd|1
|-boost|p2a: Torkoal|atk|2
|-boost|p2a: Torkoal|spa|2
|-boost|p2a: Torkoal|spe|2
|
|-weather|SunnyDay|[upkeep]
|-heal|p2a: Torkoal|15/100|[from] item: Leftovers
|upkeep
|turn|13
|
|t:|1743827093
|move|p2a: Torkoal|Flame Charge|p1a: CharWalkDown
|-resisted|p1a: CharWalkDown
|-damage|p1a: CharWalkDown|57/100
|-boost|p2a: Torkoal|spe|1
|move|p1a: CharWalkDown|Acrobatics|p2a: Torkoal
|-damage|p2a: Torkoal|0 fnt
|faint|p2a: Torkoal
|
|-weather|none
|upkeep
|
|t:|1743827106
|switch|p2a: Arcanine|Arcanine-Hisui, F|100/100
|-damage|p2a: Arcanine|76/100|[from] Stealth Rock
|-damage|p2a: Arcanine|59/100|[from] Spikes
|turn|14
|inactive|Nolcxntrl has 90 seconds left.
|
|t:|1743827128
|switch|p1a: PrimeTime|Primeape, M, shiny|100/100
|move|p2a: Arcanine|Head Smash|p1a: PrimeTime
|-resisted|p1a: PrimeTime
|-damage|p1a: PrimeTime|32/100
|-damage|p2a: Arcanine|49/100|[from] item: Life Orb
|
|-heal|p1a: PrimeTime|38/100|[from] item: Leftovers
|upkeep
|turn|15
|
|t:|1743827139
|move|p2a: Arcanine|Extreme Speed|p1a: PrimeTime
|-damage|p1a: PrimeTime|0 fnt
|faint|p1a: PrimeTime
|-damage|p2a: Arcanine|39/100|[from] item: Life Orb
|
|upkeep
|
|t:|1743827146
|switch|p1a: Man Man|Infernape, M, shiny, tera:Electric|52/100
|turn|16
|
|t:|1743827154
|move|p2a: Arcanine|Extreme Speed|p1a: Man Man
|-damage|p1a: Man Man|4/100
|-damage|p2a: Arcanine|29/100|[from] item: Life Orb
|move|p1a: Man Man|Close Combat|p2a: Arcanine
|-supereffective|p2a: Arcanine
|-damage|p2a: Arcanine|0 fnt
|-unboost|p1a: Man Man|def|1
|-unboost|p1a: Man Man|spd|1
|faint|p2a: Arcanine
|
|upkeep
|
|t:|1743827167
|switch|p2a: Heatran|Heatran, M|100/100
|-damage|p2a: Heatran|88/100|[from] Stealth Rock
|-damage|p2a: Heatran|71/100|[from] Spikes
|turn|17
|
|t:|1743827175
|move|p1a: Man Man|Close Combat|p2a: Heatran
|-supereffective|p2a: Heatran
|-damage|p2a: Heatran|0 fnt
|-unboost|p1a: Man Man|def|1
|-unboost|p1a: Man Man|spd|1
|faint|p2a: Heatran
|
|upkeep
|
|t:|1743827182
|switch|p2a: Scovillain|Scovillain, F|100/100
|-damage|p2a: Scovillain|76/100|[from] Stealth Rock
|-damage|p2a: Scovillain|59/100|[from] Spikes
|turn|18
|
|t:|1743827190
|move|p1a: Man Man|Thunder Punch|p2a: Scovillain
|-resisted|p2a: Scovillain
|-damage|p2a: Scovillain|20/100
|move|p2a: Scovillain|Zen Headbutt|p1a: Man Man
|-damage|p1a: Man Man|0 fnt
|faint|p1a: Man Man
|
|upkeep
|
|t:|1743827200
|switch|p1a: CharWalkDown|Charizard, M, shiny|57/100
|turn|19
|
|t:|1743827204
|move|p1a: CharWalkDown|Acrobatics|p2a: Scovillain
|-supereffective|p2a: Scovillain
|-damage|p2a: Scovillain|0 fnt
|faint|p2a: Scovillain
|
|win|Nolcxntrl
|raw|Nolcxntrl's rating: 1056 &rarr; <strong>1088</strong><br />(+32 for winning)
|raw|Gayroach's rating: 1061 &rarr; <strong>1042</strong><br />(-19 for losing)
|l|☆Gayroach
|player|p2|
