|j|‽dekaa7
|j|☆Clair_Prime
|t:|1743890318
|gametype|singles
|player|p1|dekaa7|102|1130
|player|p2|Clair_Prime|hilda|1197
|teamsize|p1|6
|teamsize|p2|6
|gen|9
|tier|[Gen 9] OU
|rated|
|rule|HP Percentage Mod: HP is shown in percentages
|rule|Endless Battle Clause: Forcing endless battles is banned
|rule|Species Clause: Limit one of each Pokémon
|rule|OHKO Clause: OHKO moves are banned
|rule|Evasion Items Clause: Evasion items are banned
|rule|Evasion Moves Clause: Evasion moves are banned
|rule|Sleep Moves Clause: Sleep-inducing moves are banned
|clearpoke
|poke|p1|Lokix, M|
|poke|p1|Cinderace, F|
|poke|p1|Gholdengo|
|poke|p1|Slowking-Galar, F|
|poke|p1|Primarina, F|
|poke|p1|Dragonite, M|
|poke|p2|Garganacl, F|
|poke|p2|Slowking-Galar, F|
|poke|p2|Primarina, M|
|poke|p2|Great Tusk|
|poke|p2|Rotom-Wash|
|poke|p2|Sinistcha-Masterpiece|
|teampreview
|
|t:|1743890333
|start
|switch|p1a: Primarina|Primarina, F|100/100
|switch|p2a: Garganacl|Garganacl, F|100/100
|turn|1
|
|t:|1743890337
|switch|p2a: Slowking|Slowking-Galar, F|100/100
|move|p1a: Primarina|Surf|p2a: Slowking
|-damage|p2a: Slowking|77/100
|
|upkeep
|turn|2
|
|t:|1743890346
|move|p1a: Primarina|Flip Turn|p2a: Slowking
|-damage|p2a: Slowking|63/100
|
|t:|1743890348
|switch|p1a: Gholdengo|Gholdengo|100/100|[from] Flip Turn
|-item|p1a: Gholdengo|Air Balloon
|move|p2a: Slowking|Sludge Wave|p1a: Gholdengo
|-immune|p1a: Gholdengo
|
|upkeep
|turn|3
|
|t:|1743890359
|move|p1a: Gholdengo|Nasty Plot|p1a: Gholdengo
|-boost|p1a: Gholdengo|spa|2
|move|p2a: Slowking|Flamethrower|p1a: Gholdengo
|-supereffective|p1a: Gholdengo
|-damage|p1a: Gholdengo|51/100
|-enditem|p1a: Gholdengo|Air Balloon
|
|upkeep
|turn|4
|
|t:|1743890370
|-terastallize|p2a: Slowking|Steel
|move|p1a: Gholdengo|Shadow Ball|p2a: Slowking
|-damage|p2a: Slowking|29/100
|move|p2a: Slowking|Flamethrower|p1a: Gholdengo
|-supereffective|p1a: Gholdengo
|-damage|p1a: Gholdengo|1/100
|-status|p1a: Gholdengo|brn
|
|-damage|p1a: Gholdengo|0 fnt|[from] brn
|faint|p1a: Gholdengo
|upkeep
|
|t:|1743890378
|switch|p1a: Slowking|Slowking-Galar, F|100/100
|turn|5
|
|t:|1743890388
|switch|p2a: Great Tusk|Great Tusk|100/100
|move|p1a: Slowking|Flamethrower|p2a: Great Tusk
|-damage|p2a: Great Tusk|62/100
|
|upkeep
|turn|6
|
|t:|1743890397
|move|p2a: Great Tusk|Knock Off|p1a: Slowking
|-supereffective|p1a: Slowking
|-damage|p1a: Slowking|41/100
|-enditem|p1a: Slowking|Assault Vest|[from] move: Knock Off|[of] p2a: Great Tusk
|move|p1a: Slowking|Psyshock|p2a: Great Tusk
|-supereffective|p2a: Great Tusk
|-damage|p2a: Great Tusk|15/100
|
|upkeep
|turn|7
|
|t:|1743890411
|switch|p1a: Cinderace|Cinderace, F|100/100
|move|p2a: Great Tusk|Earthquake|p1a: Cinderace
|-supereffective|p1a: Cinderace
|-damage|p1a: Cinderace|0 fnt
|faint|p1a: Cinderace
|
|upkeep
|
|t:|1743890417
|switch|p1a: Primarina|Primarina, F|100/100
|turn|8
|
|t:|1743890432
|-end|p2a: Great Tusk|Protosynthesis|[silent]
|switch|p2a: Slowking|Slowking-Galar, F, tera:Steel|62/100
|move|p1a: Primarina|Surf|p2a: Slowking
|-damage|p2a: Slowking|39/100
|
|upkeep
|turn|9
|
|t:|1743890443
|move|p1a: Primarina|Flip Turn|p2a: Slowking
|-damage|p2a: Slowking|24/100
|
|t:|1743890447
|switch|p1a: Slowking|Slowking-Galar, F|74/100|[from] Flip Turn
|move|p2a: Slowking|Eerie Spell|p1a: Slowking
|-damage|p1a: Slowking|49/100
|
|upkeep
|turn|10
|
|t:|1743890456
|switch|p2a: Rotom|Rotom-Wash|100/100
|move|p1a: Slowking|Flamethrower|p2a: Rotom
|-resisted|p2a: Rotom
|-damage|p2a: Rotom|85/100
|
|upkeep
|turn|11
|
|t:|1743890468
|switch|p1a: Lokix|Lokix, M|100/100
|move|p2a: Rotom|Trick|p1a: Lokix
|-activate|p2a: Rotom|move: Trick|[of] p1a: Lokix
|-item|p1a: Lokix|Choice Scarf|[from] move: Trick
|-item|p2a: Rotom|Choice Band|[from] move: Trick
|
|upkeep
|turn|12
|
|t:|1743890510
|-terastallize|p1a: Lokix|Bug
|move|p1a: Lokix|Leech Life|p2a: Rotom
|-damage|p2a: Rotom|16/100
|move|p2a: Rotom|Hydro Pump|p1a: Lokix
|-damage|p1a: Lokix|15/100
|
|upkeep
|turn|13
|
|t:|1743890518
|move|p1a: Lokix|Leech Life|p2a: Rotom
|-damage|p2a: Rotom|0 fnt
|-heal|p1a: Lokix|21/100|[from] drain|[of] p2a: Rotom
|faint|p2a: Rotom
|
|upkeep
|
|t:|1743890523
|switch|p2a: Garganacl|Garganacl, F|100/100
|turn|14
|
|t:|1743890535
|switch|p1a: Primarina|Primarina, F|100/100
|move|p2a: Garganacl|Stealth Rock|p1a: Primarina
|-sidestart|p1: dekaa7|move: Stealth Rock
|
|upkeep
|turn|15
|
|t:|1743890545
|switch|p2a: Slowking|Slowking-Galar, F, tera:Steel|57/100
|move|p1a: Primarina|Surf|p2a: Slowking
|-damage|p2a: Slowking|34/100
|
|upkeep
|turn|16
|
|t:|1743890557
|switch|p1a: Dragonite|Dragonite, M|100/100
|move|p2a: Slowking|Eerie Spell|p1a: Dragonite
|-damage|p1a: Dragonite|83/100
|
|upkeep
|turn|17
|
|t:|1743890564
|move|p1a: Dragonite|Dragon Dance|p1a: Dragonite
|-boost|p1a: Dragonite|atk|1
|-boost|p1a: Dragonite|spe|1
|move|p2a: Slowking|Ice Beam|p1a: Dragonite
|-supereffective|p1a: Dragonite
|-damage|p1a: Dragonite|0 fnt
|faint|p1a: Dragonite
|
|upkeep
|
|t:|1743890567
|switch|p1a: Lokix|Lokix, M, tera:Bug|21/100
|-damage|p1a: Lokix|0 fnt|[from] Stealth Rock
|faint|p1a: Lokix
|
|t:|1743890569
|switch|p1a: Slowking|Slowking-Galar, F|82/100
|-damage|p1a: Slowking|70/100|[from] Stealth Rock
|turn|18
|-message|dekaa7 forfeited.
|
|win|Clair_Prime
|raw|dekaa7's rating: 1130 &rarr; <strong>1110</strong><br />(-20 for losing)
|raw|Clair_Prime's rating: 1197 &rarr; <strong>1217</strong><br />(+20 for winning)
|l|‽dekaa7
|player|p1|
