|j|☆sauceybake
|j|☆gcuv
|t:|1743819242
|gametype|singles
|player|p1|sauceybake|riley|1153
|player|p2|gcuv|preschooler|1177
|teamsize|p1|6
|teamsize|p2|6
|gen|9
|tier|[Gen 9] OU
|rated|
|rule|HP Percentage Mod: HP is shown in percentages
|rule|Endless Battle Clause: Forcing endless battles is banned
|rule|Species Clause: Limit one of each Pokémon
|rule|OHKO Clause: OHKO moves are banned
|rule|Evasion Items Clause: Evasion items are banned
|rule|Evasion Moves Clause: Evasion moves are banned
|rule|Sleep Moves Clause: Sleep-inducing moves are banned
|clearpoke
|poke|p1|Marill, M|
|poke|p1|Mudkip, M|
|poke|p1|Flygon, F|
|poke|p1|Sandslash, M|
|poke|p1|Blastoise, M|
|poke|p1|Tyranitar, M|
|poke|p2|Deoxys-Speed|
|poke|p2|Gholdengo|
|poke|p2|Ting-Lu|
|poke|p2|Ogerpon-Wellspring, F|
|poke|p2|Kingambit, F|
|poke|p2|Raging Bolt|
|teampreview
|
|t:|1743819255
|start
|switch|p1a: Flygon|Flygon, F|100/100
|switch|p2a: Ting-Lu|Ting-Lu|100/100
|-ability|p2a: Ting-Lu|Vessel of Ruin
|turn|1
|
|t:|1743819265
|move|p1a: Flygon|Stealth Rock|p2a: Ting-Lu
|-sidestart|p2: gcuv|move: Stealth Rock
|move|p2a: Ting-Lu|Stealth Rock|p1a: Flygon
|-sidestart|p1: sauceybake|move: Stealth Rock
|
|upkeep
|turn|2
|
|t:|1743819272
|move|p1a: Flygon|U-turn|p2a: Ting-Lu
|-supereffective|p2a: Ting-Lu
|-damage|p2a: Ting-Lu|85/100
|
|t:|1743819280
|switch|p1a: Sandslash|Sandslash, M|100/100|[from] U-turn
|-damage|p1a: Sandslash|94/100|[from] Stealth Rock
|move|p2a: Ting-Lu|Whirlwind|p1a: Sandslash
|drag|p1a: Marill|Marill, M|100/100
|-damage|p1a: Marill|88/100|[from] Stealth Rock
|
|-heal|p2a: Ting-Lu|91/100|[from] item: Leftovers
|upkeep
|turn|3
|
|t:|1743819296
|switch|p2a: Ogerpon|Ogerpon-Wellspring, F|100/100
|-damage|p2a: Ogerpon|88/100|[from] Stealth Rock
|move|p1a: Marill|Knock Off|p2a: Ogerpon
|-damage|p2a: Ogerpon|61/100
|
|upkeep
|turn|4
|
|t:|1743819303
|move|p2a: Ogerpon|Horn Leech|p1a: Marill
|-supereffective|p1a: Marill
|-damage|p1a: Marill|0 fnt
|-heal|p2a: Ogerpon|100/100|[from] drain|[of] p1a: Marill
|faint|p1a: Marill
|
|upkeep
|
|t:|1743819320
|switch|p1a: Blastoise|Blastoise, M|100/100
|-damage|p1a: Blastoise|88/100|[from] Stealth Rock
|turn|5
|
|t:|1743819328
|-terastallize|p1a: Blastoise|Electric
|move|p2a: Ogerpon|Substitute|p2a: Ogerpon
|-start|p2a: Ogerpon|Substitute
|-damage|p2a: Ogerpon|76/100
|move|p1a: Blastoise|Shell Smash|p1a: Blastoise
|-unboost|p1a: Blastoise|def|1
|-unboost|p1a: Blastoise|spd|1
|-boost|p1a: Blastoise|atk|2
|-boost|p1a: Blastoise|spa|2
|-boost|p1a: Blastoise|spe|2
|-enditem|p1a: Blastoise|White Herb
|-clearnegativeboost|p1a: Blastoise|[silent]
|
|upkeep
|turn|6
|
|t:|1743819342
|move|p1a: Blastoise|Tera Blast|p2a: Ogerpon|[anim] Tera Blast Electric
|-end|p2a: Ogerpon|Substitute
|move|p2a: Ogerpon|Ivy Cudgel|p1a: Blastoise|[anim] Ivy Cudgel Water
|-damage|p1a: Blastoise|16/100
|
|upkeep
|turn|7
|
|t:|1743819354
|switch|p2a: Raging Bolt|Raging Bolt|100/100
|-damage|p2a: Raging Bolt|88/100|[from] Stealth Rock
|move|p1a: Blastoise|Tera Blast|p2a: Raging Bolt|[anim] Tera Blast Electric
|-resisted|p2a: Raging Bolt
|-damage|p2a: Raging Bolt|71/100
|
|-heal|p2a: Raging Bolt|77/100|[from] item: Leftovers
|upkeep
|turn|8
|
|t:|1743819359
|move|p2a: Raging Bolt|Thunderclap|p1a: Blastoise
|-resisted|p1a: Blastoise
|-damage|p1a: Blastoise|0 fnt
|faint|p1a: Blastoise
|
|-heal|p2a: Raging Bolt|84/100|[from] item: Leftovers
|upkeep
|
|t:|1743819368
|switch|p1a: Sandslash|Sandslash, M|94/100
|-damage|p1a: Sandslash|88/100|[from] Stealth Rock
|turn|9
|
|t:|1743819389
|-end|p2a: Raging Bolt|Protosynthesis|[silent]
|switch|p2a: Ogerpon|Ogerpon-Wellspring, F|76/100
|-damage|p2a: Ogerpon|63/100|[from] Stealth Rock
|move|p1a: Sandslash|Knock Off|p2a: Ogerpon
|-damage|p2a: Ogerpon|39/100
|
|upkeep
|turn|10
|
|t:|1743819398
|move|p2a: Ogerpon|Horn Leech|p1a: Sandslash
|-supereffective|p1a: Sandslash
|-damage|p1a: Sandslash|10/100
|-heal|p2a: Ogerpon|86/100|[from] drain|[of] p1a: Sandslash
|move|p1a: Sandslash|Rapid Spin|p2a: Ogerpon
|-damage|p2a: Ogerpon|66/100
|-boost|p1a: Sandslash|spe|1
|-sideend|p1: sauceybake|Stealth Rock|[from] move: Rapid Spin|[of] p1a: Sandslash
|
|upkeep
|turn|11
|
|t:|1743819406
|move|p2a: Ogerpon|Ivy Cudgel|p1a: Sandslash|[anim] Ivy Cudgel Water
|-supereffective|p1a: Sandslash
|-damage|p1a: Sandslash|0 fnt
|faint|p1a: Sandslash
|
|upkeep
|
|t:|1743819411
|switch|p1a: Mudkip|Mudkip, M|100/100
|turn|12
|
|t:|1743819417
|move|p1a: Mudkip|Protect|p1a: Mudkip
|-singleturn|p1a: Mudkip|Protect
|move|p2a: Ogerpon|Horn Leech|p1a: Mudkip
|-activate|p1a: Mudkip|move: Protect
|
|upkeep
|turn|13
|
|t:|1743819420
|move|p2a: Ogerpon|Horn Leech|p1a: Mudkip
|-supereffective|p1a: Mudkip
|-enditem|p1a: Mudkip|Focus Sash
|-damage|p1a: Mudkip|1/100
|-heal|p2a: Ogerpon|100/100|[from] drain|[of] p1a: Mudkip
|move|p1a: Mudkip|Counter|p2a: Ogerpon
|-damage|p2a: Ogerpon|0 fnt
|faint|p2a: Ogerpon
|
|upkeep
|
|t:|1743819432
|switch|p2a: Deoxys|Deoxys-Speed|100/100
|-damage|p2a: Deoxys|88/100|[from] Stealth Rock
|-ability|p2a: Deoxys|Pressure
|turn|14
|
|t:|1743819439
|move|p2a: Deoxys|Knock Off|p1a: Mudkip
|-damage|p1a: Mudkip|0 fnt
|faint|p1a: Mudkip
|
|upkeep
|
|t:|1743819446
|switch|p1a: Flygon|Flygon, F|100/100
|turn|15
|
|t:|1743819450
|move|p2a: Deoxys|Ice Beam|p1a: Flygon
|-supereffective|p1a: Flygon
|-damage|p1a: Flygon|0 fnt
|faint|p1a: Flygon
|
|upkeep
|
|t:|1743819453
|switch|p1a: Tyranitar|Tyranitar, M|100/100
|-weather|Sandstorm|[from] ability: Sand Stream|[of] p1a: Tyranitar
|turn|16
|
|t:|1743819459
|-terastallize|p2a: Deoxys|Fighting
|move|p2a: Deoxys|Superpower|p1a: Tyranitar
|-supereffective|p1a: Tyranitar
|-damage|p1a: Tyranitar|0 fnt
|-unboost|p2a: Deoxys|atk|1
|-unboost|p2a: Deoxys|def|1
|faint|p1a: Tyranitar
|
|win|gcuv
|raw|sauceybake's rating: 1153 &rarr; <strong>1130</strong><br />(-23 for losing)
|raw|gcuv's rating: 1177 &rarr; <strong>1200</strong><br />(+23 for winning)
|l|☆sauceybake
|player|p1|
|l|☆gcuv
|player|p2|
