|j|‽Sjajssb
|j|☆Johnnytravs1
|t:|1743908323
|gametype|singles
|player|p1|Sjajssb|n|1204
|player|p2|Johnnytravs1|266|1221
|teamsize|p1|6
|teamsize|p2|6
|gen|9
|tier|[Gen 9] OU
|rated|
|rule|HP Percentage Mod: HP is shown in percentages
|rule|Endless Battle Clause: Forcing endless battles is banned
|rule|Species Clause: Limit one of each Pokémon
|rule|OHKO Clause: OHKO moves are banned
|rule|Evasion Items Clause: Evasion items are banned
|rule|Evasion Moves Clause: Evasion moves are banned
|rule|Sleep Moves Clause: Sleep-inducing moves are banned
|clearpoke
|poke|p1|Zamazenta-*|
|poke|p1|Ogerpon-Wellspring, F|
|poke|p1|Slowking-Galar, M|
|poke|p1|Great Tusk|
|poke|p1|Kingambit, M|
|poke|p1|Zapdos|
|poke|p2|Misdreavus, F|
|poke|p2|Primarina, F|
|poke|p2|Weavile, F|
|poke|p2|Cinderace, F|
|poke|p2|Corviknight, F|
|poke|p2|Gurdurr, M|
|teampreview
|inactive|Battle timer is ON: inactive players will automatically lose when time's up. (requested by Sjajssb)
|
|t:|1743908351
|start
|switch|p1a: Ogerpon|Ogerpon-Wellspring, F|100/100
|switch|p2a: Misdreavus|Misdreavus, F|100/100
|turn|1
|
|t:|1743908357
|move|p1a: Ogerpon|Ivy Cudgel|p2a: Misdreavus|[anim] Ivy Cudgel Water
|-crit|p2a: Misdreavus
|-damage|p2a: Misdreavus|0 fnt
|faint|p2a: Misdreavus
|
|upkeep
|
|t:|1743908368
|switch|p2a: Corviknight|Corviknight, F|100/100
|-ability|p2a: Corviknight|Pressure
|turn|2
|
|t:|1743908371
|move|p1a: Ogerpon|Knock Off|p2a: Corviknight
|-damage|p2a: Corviknight|74/100
|-enditem|p2a: Corviknight|Leftovers|[from] move: Knock Off|[of] p1a: Ogerpon
|move|p2a: Corviknight|Bulk Up|p2a: Corviknight
|-boost|p2a: Corviknight|atk|1
|-boost|p2a: Corviknight|def|1
|
|upkeep
|turn|3
|
|t:|1743908377
|move|p1a: Ogerpon|U-turn|p2a: Corviknight
|-resisted|p2a: Corviknight
|-damage|p2a: Corviknight|71/100
|
|t:|1743908378
|switch|p1a: Zapdos|Zapdos|100/100|[from] U-turn
|move|p2a: Corviknight|Bulk Up|p2a: Corviknight
|-boost|p2a: Corviknight|atk|1
|-boost|p2a: Corviknight|def|1
|
|upkeep
|turn|4
|
|t:|1743908386
|-terastallize|p2a: Corviknight|Dragon
|move|p1a: Zapdos|Thunder Wave|p2a: Corviknight
|-status|p2a: Corviknight|par
|move|p2a: Corviknight|Bulk Up|p2a: Corviknight
|-boost|p2a: Corviknight|atk|1
|-boost|p2a: Corviknight|def|1
|
|upkeep
|turn|5
|
|t:|1743908393
|move|p1a: Zapdos|Hurricane|p2a: Corviknight
|-damage|p2a: Corviknight|19/100 par
|-start|p2a: Corviknight|confusion
|-activate|p2a: Corviknight|confusion
|move|p2a: Corviknight|Bulk Up|p2a: Corviknight
|-boost|p2a: Corviknight|atk|1
|-boost|p2a: Corviknight|def|1
|
|upkeep
|turn|6
|
|t:|1743908399
|move|p1a: Zapdos|Hurricane|p2a: Corviknight
|-crit|p2a: Corviknight
|-damage|p2a: Corviknight|0 fnt
|faint|p2a: Corviknight
|
|upkeep
|
|t:|1743908403
|switch|p2a: Weavile|Weavile, F|100/100
|-ability|p2a: Weavile|Pressure
|turn|7
|
|t:|1743908419
|move|p2a: Weavile|Triple Axel|p1a: Zapdos
|-supereffective|p1a: Zapdos
|-damage|p1a: Zapdos|80/100
|-supereffective|p1a: Zapdos
|-damage|p1a: Zapdos|43/100
|-status|p2a: Weavile|par|[from] ability: Static|[of] p1a: Zapdos
|-supereffective|p1a: Zapdos
|-damage|p1a: Zapdos|0 fnt
|faint|p1a: Zapdos
|-hitcount|p1: Zapdos|3
|-damage|p2a: Weavile|91/100 par|[from] item: Life Orb
|
|upkeep
|
|t:|1743908433
|switch|p1a: Ogerpon|Ogerpon-Wellspring, F|100/100
|turn|8
|
|t:|1743908442
|switch|p2a: Gurdurr|Gurdurr, M|100/100
|move|p1a: Ogerpon|U-turn|p2a: Gurdurr
|-resisted|p2a: Gurdurr
|-damage|p2a: Gurdurr|92/100
|
|t:|1743908466
|switch|p1a: Great Tusk|Great Tusk, shiny|100/100|[from] U-turn
|
|upkeep
|turn|9
|
|t:|1743908473
|move|p1a: Great Tusk|Stealth Rock|p2a: Gurdurr
|-sidestart|p2: Johnnytravs1|move: Stealth Rock
|move|p2a: Gurdurr|Bulk Up|p2a: Gurdurr
|-boost|p2a: Gurdurr|atk|1
|-boost|p2a: Gurdurr|def|1
|
|upkeep
|turn|10
|
|t:|1743908484
|-end|p1a: Great Tusk|Protosynthesis|[silent]
|switch|p1a: Ogerpon|Ogerpon-Wellspring, F|100/100
|move|p2a: Gurdurr|Bulk Up|p2a: Gurdurr
|-boost|p2a: Gurdurr|atk|1
|-boost|p2a: Gurdurr|def|1
|
|upkeep
|turn|11
|
|t:|1743908487
|move|p2a: Gurdurr|Mach Punch|p1a: Ogerpon
|-damage|p1a: Ogerpon|40/100
|move|p1a: Ogerpon|Knock Off|p2a: Gurdurr
|-resisted|p2a: Gurdurr
|-damage|p2a: Gurdurr|87/100
|-enditem|p2a: Gurdurr|Eviolite|[from] move: Knock Off|[of] p1a: Ogerpon
|
|upkeep
|turn|12
|
|t:|1743908500
|switch|p1a: Slowking|Slowking-Galar, M|100/100
|move|p2a: Gurdurr|Drain Punch|p1a: Slowking
|-resisted|p1a: Slowking
|-damage|p1a: Slowking|80/100
|-heal|p2a: Gurdurr|99/100|[from] drain|[of] p1a: Slowking
|
|upkeep
|turn|13
|
|t:|1743908510
|move|p2a: Gurdurr|Ice Punch|p1a: Slowking
|-crit|p1a: Slowking
|-damage|p1a: Slowking|0 fnt
|faint|p1a: Slowking
|
|upkeep
|
|t:|1743908522
|switch|p1a: Great Tusk|Great Tusk, shiny|100/100
|turn|14
|-message|Sjajssb forfeited.
|
|win|Johnnytravs1
|raw|Sjajssb's rating: 1204 &rarr; <strong>1180</strong><br />(-24 for losing)
|raw|Johnnytravs1's rating: 1221 &rarr; <strong>1245</strong><br />(+24 for winning)
|l|‽Sjajssb
|player|p1|
|l|☆Johnnytravs1
|player|p2|
