|j|☆2(H2O)-Alt
|j|☆Steven stoners 69
|t:|1743928635
|gametype|singles
|player|p1|2(H2O)-Alt|chase|1672
|player|p2|Steven stoners 69|steven|1603
|teamsize|p1|6
|teamsize|p2|6
|gen|9
|tier|[Gen 9] OU
|rated|
|rule|HP Percentage Mod: HP is shown in percentages
|rule|Endless Battle Clause: Forcing endless battles is banned
|rule|Species Clause: Limit one of each Pokémon
|rule|OHKO Clause: OHKO moves are banned
|rule|Evasion Items Clause: Evasion items are banned
|rule|Evasion Moves Clause: Evasion moves are banned
|rule|Sleep Moves Clause: Sleep-inducing moves are banned
|clearpoke
|poke|p1|Iron Valiant|
|poke|p1|Cinderace, F|
|poke|p1|Glimmora, M|
|poke|p1|Kingambit, F|
|poke|p1|Iron Jugulis|
|poke|p1|Raging Bolt|
|poke|p2|Incineroar, M|
|poke|p2|Garchomp, M|
|poke|p2|Glimmora, F|
|poke|p2|Gholdengo|
|poke|p2|Ogerpon-Wellspring, F|
|poke|p2|Clefable, M|
|teampreview
|
|t:|1743928643
|start
|switch|p1a: Glimmora|Glimmora, M|100/100
|switch|p2a: Aluuuh akbaaaa|Glimmora, F|100/100
|turn|1
|inactive|Battle timer is ON: inactive players will automatically lose when time's up. (requested by 2(H2O)-Alt)
|
|t:|1743928645
|move|p2a: Aluuuh akbaaaa|Earth Power|p1a: Glimmora
|-supereffective|p1a: Glimmora
|-enditem|p1a: Glimmora|Focus Sash
|-damage|p1a: Glimmora|1/100
|move|p1a: Glimmora|Earth Power|p2a: Aluuuh akbaaaa
|-supereffective|p2a: Aluuuh akbaaaa
|-enditem|p2a: Aluuuh akbaaaa|Focus Sash
|-damage|p2a: Aluuuh akbaaaa|1/100
|
|upkeep
|turn|2
|
|t:|1743928647
|move|p2a: Aluuuh akbaaaa|Mortal Spin|p1a: Glimmora
|-resisted|p1a: Glimmora
|-damage|p1a: Glimmora|0 fnt
|-activate|p1a: Glimmora|ability: Toxic Debris
|-sidestart|p2: Steven stoners 69|move: Toxic Spikes
|-sideend|p2: Steven stoners 69|Toxic Spikes|[from] move: Mortal Spin|[of] p2a: Aluuuh akbaaaa
|faint|p1a: Glimmora
|
|upkeep
|
|t:|1743928649
|switch|p1a: Iron Jugulis|Iron Jugulis|100/100
|-enditem|p1a: Iron Jugulis|Booster Energy
|-activate|p1a: Iron Jugulis|ability: Quark Drive|[fromitem]
|-start|p1a: Iron Jugulis|quarkdrivespe
|turn|3
|
|t:|1743928651
|move|p1a: Iron Jugulis|Fire Blast|p2a: Aluuuh akbaaaa
|-resisted|p2a: Aluuuh akbaaaa
|-damage|p2a: Aluuuh akbaaaa|0 fnt
|faint|p2a: Aluuuh akbaaaa
|
|upkeep
|
|t:|1743928662
|switch|p2a: John cena|Incineroar, M|100/100
|-ability|p2a: John cena|Intimidate|boost
|-unboost|p1a: Iron Jugulis|atk|1
|turn|4
|
|t:|1743928667
|move|p1a: Iron Jugulis|Hurricane|p2a: John cena
|-damage|p2a: John cena|64/100
|move|p2a: John cena|Flare Blitz|p1a: Iron Jugulis
|-damage|p1a: Iron Jugulis|27/100
|-damage|p2a: John cena|44/100|[from] Recoil
|
|upkeep
|turn|5
|
|t:|1743928675
|move|p1a: Iron Jugulis|Hurricane|p2a: John cena
|-damage|p2a: John cena|11/100
|move|p2a: John cena|Flare Blitz|p1a: Iron Jugulis
|-damage|p1a: Iron Jugulis|0 fnt
|faint|p1a: Iron Jugulis
|-end|p1a: Iron Jugulis|Quark Drive|[silent]
|-damage|p2a: John cena|4/100|[from] Recoil
|
|upkeep
|j| Ultramanball1
|
|t:|1743928685
|switch|p1a: Cinderace|Cinderace, F|100/100
|turn|6
|
|t:|1743928688
|move|p1a: Cinderace|Swords Dance|p1a: Cinderace
|-boost|p1a: Cinderace|atk|2
|move|p2a: John cena|Darkest Lariat|p1a: Cinderace
|-damage|p1a: Cinderace|33/100
|
|upkeep
|turn|7
|j| MakeAFist
|
|t:|1743928697
|move|p1a: Cinderace|Sucker Punch|p2a: John cena
|-resisted|p2a: John cena
|-damage|p2a: John cena|0 fnt
|faint|p2a: John cena
|
|upkeep
|
|t:|1743928700
|switch|p2a: Trans pikachu|Clefable, M|100/100
|turn|8
|
|t:|1743928704
|-terastallize|p2a: Trans pikachu|Poison
|move|p1a: Cinderace|Pyro Ball|p2a: Trans pikachu
|-damage|p2a: Trans pikachu|0 fnt
|faint|p2a: Trans pikachu
|
|upkeep
|c|☆Steven stoners 69|What
|c|☆Steven stoners 69|Pretty sure i have unaware
|c| Ultramanball1|Nah u not
|
|t:|1743928728
|switch|p2a: Cynthias husband|Garchomp, M|100/100
|turn|9
|
|t:|1743928731
|switch|p2a: Clint Eastwood|Gholdengo|100/100
|-item|p2a: Clint Eastwood|Air Balloon
|move|p1a: Cinderace|Pyro Ball|p2a: Clint Eastwood
|-supereffective|p2a: Clint Eastwood
|-damage|p2a: Clint Eastwood|0 fnt
|-enditem|p2a: Clint Eastwood|Air Balloon
|faint|p2a: Clint Eastwood
|
|upkeep
|
|t:|1743928738
|switch|p2a: Cynthias husband|Garchomp, M|100/100
|turn|10
|
|t:|1743928741
|move|p1a: Cinderace|Pyro Ball|p2a: Cynthias husband
|-resisted|p2a: Cynthias husband
|-damage|p2a: Cynthias husband|15/100
|-status|p2a: Cynthias husband|brn
|move|p2a: Cynthias husband|Scale Shot|p1a: Cinderace
|-damage|p1a: Cinderace|24/100
|-damage|p1a: Cinderace|13/100
|-damage|p1a: Cinderace|4/100
|-damage|p1a: Cinderace|0 fnt
|faint|p1a: Cinderace
|-hitcount|p1: Cinderace|4
|-unboost|p2a: Cynthias husband|def|1
|-boost|p2a: Cynthias husband|spe|1
|
|-damage|p2a: Cynthias husband|9/100 brn|[from] brn
|upkeep
|
|t:|1743928747
|switch|p1a: Iron Valiant|Iron Valiant|100/100
|-enditem|p1a: Iron Valiant|Booster Energy
|-activate|p1a: Iron Valiant|ability: Quark Drive|[fromitem]
|-start|p1a: Iron Valiant|quarkdrivespe
|turn|11
|
|t:|1743928749
|move|p1a: Iron Valiant|Knock Off|p2a: Cynthias husband
|-damage|p2a: Cynthias husband|0 fnt
|-damage|p1a: Iron Valiant|88/100|[from] ability: Rough Skin|[of] p2a: Cynthias husband
|-enditem|p2a: Cynthias husband|Loaded Dice|[from] move: Knock Off|[of] p1a: Iron Valiant
|faint|p2a: Cynthias husband
|
|upkeep
|
|t:|1743928751
|switch|p2a: How not banned|Ogerpon-Wellspring, F|100/100
|turn|12
|
|t:|1743928754
|move|p1a: Iron Valiant|Close Combat|p2a: How not banned
|-damage|p2a: How not banned|21/100
|-unboost|p1a: Iron Valiant|def|1
|-unboost|p1a: Iron Valiant|spd|1
|move|p2a: How not banned|Ivy Cudgel|p1a: Iron Valiant|[anim] Ivy Cudgel Water
|-damage|p1a: Iron Valiant|0 fnt
|faint|p1a: Iron Valiant
|-end|p1a: Iron Valiant|Quark Drive|[silent]
|
|upkeep
|
|t:|1743928756
|switch|p1a: Raging Bolt|Raging Bolt|100/100
|-enditem|p1a: Raging Bolt|Booster Energy
|-activate|p1a: Raging Bolt|ability: Protosynthesis|[fromitem]
|-start|p1a: Raging Bolt|protosynthesisspa
|turn|13
|
|t:|1743928758
|move|p2a: How not banned|Knock Off|p1a: Raging Bolt
|-damage|p1a: Raging Bolt|78/100
|move|p1a: Raging Bolt|Dragon Pulse|p2a: How not banned
|-damage|p2a: How not banned|0 fnt
|faint|p2a: How not banned
|
|win|2(H2O)-Alt
|raw|2(H2O)-Alt's rating: 1672 &rarr; <strong>1688</strong><br />(+16 for winning)
|raw|Steven stoners 69's rating: 1603 &rarr; <strong>1587</strong><br />(-16 for losing)
|l|☆Steven stoners 69
|player|p2|
|l|☆2(H2O)-Alt
|player|p1|
|l| MakeAFist
