|j|☆mil014
|j|☆hentro faux
|t:|1743870427
|gametype|singles
|player|p1|mil014|flint|1636
|player|p2|hentro faux|265|1596
|teamsize|p1|6
|teamsize|p2|6
|gen|9
|tier|[Gen 9] OU
|rated|
|rule|HP Percentage Mod: HP is shown in percentages
|rule|Endless Battle Clause: Forcing endless battles is banned
|rule|Species Clause: Limit one of each Pokémon
|rule|OHKO Clause: OHKO moves are banned
|rule|Evasion Items Clause: Evasion items are banned
|rule|Evasion Moves Clause: Evasion moves are banned
|rule|Sleep Moves Clause: Sleep-inducing moves are banned
|clearpoke
|poke|p1|Cinderace, M|
|poke|p1|Conkeldurr, M|
|poke|p1|Dragapult, M|
|poke|p1|Clodsire, M|
|poke|p1|Corviknight, M|
|poke|p1|Ogerpon-Wellspring, F|
|poke|p2|Blissey, F|
|poke|p2|Cinderace, M|
|poke|p2|Dondozo, M|
|poke|p2|Cresselia, F|
|poke|p2|Raging Bolt|
|poke|p2|Gliscor, M|
|teampreview
|
|t:|1743870457
|start
|switch|p1a: Otugère|Ogerpon-Wellspring, F|100/100
|switch|p2a: Cinderace|Cinderace, M|100/100
|turn|1
|
|t:|1743870461
|move|p2a: Cinderace|Will-O-Wisp|p1a: Otugère|[miss]
|-miss|p2a: Cinderace|p1a: Otugère
|move|p1a: Otugère|Ivy Cudgel|p2a: Cinderace|[anim] Ivy Cudgel Water
|-supereffective|p2a: Cinderace
|-damage|p2a: Cinderace|0 fnt
|faint|p2a: Cinderace
|
|upkeep
|
|t:|1743870463
|switch|p2a: Raging Bolt|Raging Bolt|100/100
|turn|2
|c|☆mil014|mb
|
|t:|1743870467
|switch|p1a: godsire|Clodsire, M|100/100
|move|p2a: Raging Bolt|Thunderclap||[still]
|-fail|p2a: Raging Bolt
|
|upkeep
|turn|3
|
|t:|1743870469
|move|p2a: Raging Bolt|Dragon Pulse|p1a: godsire
|-damage|p1a: godsire|74/100
|move|p1a: godsire|Stealth Rock|p2a: Raging Bolt
|-sidestart|p2: hentro faux|move: Stealth Rock
|
|-heal|p1a: godsire|80/100|[from] item: Leftovers
|upkeep
|turn|4
|
|t:|1743870473
|-end|p2a: Raging Bolt|Protosynthesis|[silent]
|switch|p2a: Gliscor|Gliscor, M|100/100
|-damage|p2a: Gliscor|88/100|[from] Stealth Rock
|move|p1a: godsire|Toxic|p2a: Gliscor
|-status|p2a: Gliscor|tox
|
|-heal|p1a: godsire|86/100|[from] item: Leftovers
|-heal|p2a: Gliscor|100/100 tox|[from] ability: Poison Heal
|upkeep
|turn|5
|
|t:|1743870480
|switch|p1a: Otugère|Ogerpon-Wellspring, F|100/100
|move|p2a: Gliscor|Knock Off|p1a: Otugère
|-damage|p1a: Otugère|77/100
|
|upkeep
|turn|6
|
|t:|1743870482
|move|p1a: Otugère|Swords Dance|p1a: Otugère
|-boost|p1a: Otugère|atk|2
|move|p2a: Gliscor|Earthquake|p1a: Otugère
|-resisted|p1a: Otugère
|-damage|p1a: Otugère|51/100
|
|upkeep
|turn|7
|
|t:|1743870486
|move|p1a: Otugère|Play Rough|p2a: Gliscor
|-damage|p2a: Gliscor|37/100 tox
|move|p2a: Gliscor|Earthquake|p1a: Otugère
|-resisted|p1a: Otugère
|-damage|p1a: Otugère|24/100
|
|-heal|p2a: Gliscor|50/100 tox|[from] ability: Poison Heal
|upkeep
|turn|8
|
|t:|1743870492
|move|p1a: Otugère|Play Rough|p2a: Gliscor
|-damage|p2a: Gliscor|0 fnt
|faint|p2a: Gliscor
|
|upkeep
|
|t:|1743870495
|switch|p2a: Raging Bolt|Raging Bolt|100/100
|-damage|p2a: Raging Bolt|88/100|[from] Stealth Rock
|turn|9
|
|t:|1743870511
|switch|p1a: godsire|Clodsire, M|86/100
|move|p2a: Raging Bolt|Thunderclap||[still]
|-fail|p2a: Raging Bolt
|
|-heal|p2a: Raging Bolt|94/100|[from] item: Leftovers
|-heal|p1a: godsire|93/100|[from] item: Leftovers
|upkeep
|turn|10
|
|t:|1743870530
|-end|p2a: Raging Bolt|Protosynthesis|[silent]
|switch|p2a: Blissey|Blissey, F|100/100
|move|p1a: godsire|Toxic|p2a: Blissey
|-status|p2a: Blissey|tox
|
|-heal|p1a: godsire|99/100|[from] item: Leftovers
|-damage|p2a: Blissey|94/100 tox|[from] psn
|upkeep
|turn|11
|
|t:|1743870534
|-curestatus|p2a: Blissey|tox|[from] ability: Natural Cure
|switch|p2a: Cresselia|Cresselia, F, shiny|100/100
|-damage|p2a: Cresselia|88/100|[from] Stealth Rock
|switch|p1a: Joker|Conkeldurr, M|100/100
|
|-status|p1a: Joker|brn|[from] item: Flame Orb
|upkeep
|turn|12
|
|t:|1743870538
|-terastallize|p2a: Cresselia|Poison
|move|p2a: Cresselia|Moonblast|p1a: Joker
|-supereffective|p1a: Joker
|-damage|p1a: Joker|59/100 brn
|-unboost|p1a: Joker|spa|1
|move|p1a: Joker|Knock Off|p2a: Cresselia
|-damage|p2a: Cresselia|56/100
|-enditem|p2a: Cresselia|Covert Cloak|[from] move: Knock Off|[of] p1a: Joker
|
|-damage|p1a: Joker|53/100 brn|[from] brn
|upkeep
|turn|13
|
|t:|1743870561
|switch|p1a: cheval|Corviknight, M|100/100
|move|p2a: Cresselia|Moonlight|p2a: Cresselia
|-heal|p2a: Cresselia|100/100
|
|upkeep
|turn|14
|
|t:|1743870565
|move|p2a: Cresselia|Calm Mind|p2a: Cresselia
|-boost|p2a: Cresselia|spa|1
|-boost|p2a: Cresselia|spd|1
|move|p1a: cheval|U-turn|p2a: Cresselia
|-resisted|p2a: Cresselia
|-damage|p2a: Cresselia|97/100
|
|t:|1743870583
|switch|p1a: Otugère|Ogerpon-Wellspring, F|24/100|[from] U-turn
|
|upkeep
|turn|15
|
|t:|1743870586
|switch|p2a: Raging Bolt|Raging Bolt|94/100
|-damage|p2a: Raging Bolt|82/100|[from] Stealth Rock
|-terastallize|p1a: Otugère|Water
|detailschange|p1a: Otugère|Ogerpon-Wellspring-Tera, F, tera:Water
|-ability|p1a: Otugère|Embody Aspect (Wellspring)|boost
|-boost|p1a: Otugère|spd|1
|move|p1a: Otugère|Ivy Cudgel|p2a: Raging Bolt|[anim] Ivy Cudgel Water
|-resisted|p2a: Raging Bolt
|-damage|p2a: Raging Bolt|49/100
|
|-heal|p2a: Raging Bolt|56/100|[from] item: Leftovers
|upkeep
|turn|16
|
|t:|1743870593
|switch|p1a: godsire|Clodsire, M|99/100
|-end|p2a: Raging Bolt|Protosynthesis|[silent]
|switch|p2a: Blissey|Blissey, F|94/100
|
|-heal|p1a: godsire|100/100|[from] item: Leftovers
|upkeep
|turn|17
|
|t:|1743870598
|switch|p1a: Joker|Conkeldurr, M|53/100 brn
|move|p2a: Blissey|Stealth Rock|p1a: Joker
|-sidestart|p1: mil014|move: Stealth Rock
|
|-damage|p1a: Joker|47/100 brn|[from] brn
|upkeep
|turn|18
|
|t:|1743870604
|move|p1a: Joker|Facade|p2a: Blissey
|-damage|p2a: Blissey|18/100
|move|p2a: Blissey|Seismic Toss|p1a: Joker
|-damage|p1a: Joker|21/100 brn
|
|-damage|p1a: Joker|15/100 brn|[from] brn
|upkeep
|turn|19
|
|t:|1743870608
|move|p1a: Joker|Facade|p2a: Blissey
|-damage|p2a: Blissey|0 fnt
|faint|p2a: Blissey
|
|-damage|p1a: Joker|9/100 brn|[from] brn
|upkeep
|
|t:|1743870610
|switch|p2a: Raging Bolt|Raging Bolt|56/100
|-damage|p2a: Raging Bolt|43/100|[from] Stealth Rock
|turn|20
|j| j0hn the baptist
|
|t:|1743870613
|move|p2a: Raging Bolt|Thunderclap|p1a: Joker
|-damage|p1a: Joker|0 fnt
|faint|p1a: Joker
|
|-heal|p2a: Raging Bolt|49/100|[from] item: Leftovers
|upkeep
|l| j0hn the baptist
|
|t:|1743870620
|switch|p1a: Manjbébé|Dragapult, M|100/100
|-damage|p1a: Manjbébé|88/100|[from] Stealth Rock
|turn|21
|
|t:|1743870622
|move|p2a: Raging Bolt|Thunderclap|p1a: Manjbébé
|-resisted|p1a: Manjbébé
|-damage|p1a: Manjbébé|58/100
|move|p1a: Manjbébé|Shadow Ball|p2a: Raging Bolt
|-damage|p2a: Raging Bolt|8/100
|
|-heal|p2a: Raging Bolt|15/100|[from] item: Leftovers
|upkeep
|turn|22
|
|t:|1743870624
|move|p2a: Raging Bolt|Thunderclap|p1a: Manjbébé
|-resisted|p1a: Manjbébé
|-crit|p1a: Manjbébé
|-damage|p1a: Manjbébé|19/100
|move|p1a: Manjbébé|Shadow Ball|p2a: Raging Bolt
|-damage|p2a: Raging Bolt|0 fnt
|faint|p2a: Raging Bolt
|-end|p2a: Raging Bolt|Protosynthesis|[silent]
|
|upkeep
|
|t:|1743870627
|switch|p2a: Cresselia|Cresselia, F, shiny, tera:Poison|97/100
|-damage|p2a: Cresselia|84/100|[from] Stealth Rock
|turn|23
|
|t:|1743870632
|switch|p1a: cheval|Corviknight, M|100/100
|-damage|p1a: cheval|88/100|[from] Stealth Rock
|move|p2a: Cresselia|Calm Mind|p2a: Cresselia
|-boost|p2a: Cresselia|spa|1
|-boost|p2a: Cresselia|spd|1
|
|upkeep
|turn|24
|
|t:|1743870636
|move|p2a: Cresselia|Moonblast|p1a: cheval
|-resisted|p1a: cheval
|-damage|p1a: cheval|76/100
|move|p1a: cheval|Defog|p2a: Cresselia
|-unboost|p2a: Cresselia|evasion|1
|-sideend|p2: hentro faux|Stealth Rock|[from] move: Defog|[of] p1a: cheval
|-sideend|p1: mil014|Stealth Rock|[from] move: Defog|[of] p1a: cheval
|
|upkeep
|turn|25
|
|t:|1743870640
|move|p2a: Cresselia|Moonblast|p1a: cheval
|-resisted|p1a: cheval
|-damage|p1a: cheval|63/100
|-ability|p1a: cheval|Mirror Armor
|-unboost|p2a: Cresselia|spa|1
|move|p1a: cheval|U-turn|p2a: Cresselia
|-resisted|p2a: Cresselia
|-damage|p2a: Cresselia|80/100
|
|t:|1743870642
|switch|p1a: Otugère|Ogerpon-Wellspring-Tera, F, tera:Water|24/100|[from] U-turn
|-ability|p1a: Otugère|Embody Aspect (Wellspring)|boost
|-boost|p1a: Otugère|spd|1
|
|upkeep
|turn|26
|
|t:|1743870645
|move|p1a: Otugère|Ivy Cudgel|p2a: Cresselia|[anim] Ivy Cudgel Water
|-crit|p2a: Cresselia
|-damage|p2a: Cresselia|24/100
|move|p2a: Cresselia|Stored Power|p1a: Otugère
|-damage|p1a: Otugère|15/100
|
|upkeep
|turn|27
|
|t:|1743870649
|move|p1a: Otugère|Ivy Cudgel|p2a: Cresselia|[anim] Ivy Cudgel Water
|-damage|p2a: Cresselia|0 fnt
|faint|p2a: Cresselia
|
|upkeep
|-message|hentro faux forfeited.
|
|win|mil014
|raw|mil014's rating: 1636 &rarr; <strong>1654</strong><br />(+18 for winning)
|raw|hentro faux's rating: 1596 &rarr; <strong>1578</strong><br />(-18 for losing)
|l|☆hentro faux
|player|p2|
|l|☆mil014
|player|p1|
