|j|☆servant of cinder
|j|☆ProteinMan11
|t:|1743884045
|gametype|singles
|player|p1|servant of cinder|blaine|1626
|player|p2|ProteinMan11|hiker-gen4|1651
|teamsize|p1|6
|teamsize|p2|6
|gen|9
|tier|[Gen 9] OU
|rated|
|rule|HP Percentage Mod: HP is shown in percentages
|rule|Endless Battle Clause: Forcing endless battles is banned
|rule|Species Clause: Limit one of each Pokémon
|rule|OHKO Clause: OHKO moves are banned
|rule|Evasion Items Clause: Evasion items are banned
|rule|Evasion Moves Clause: Evasion moves are banned
|rule|Sleep Moves Clause: Sleep-inducing moves are banned
|clearpoke
|poke|p1|Deoxys-Speed|
|poke|p1|Dragonite, M|
|poke|p1|Darkrai|
|poke|p1|Iron Moth|
|poke|p1|Scizor, F|
|poke|p1|Great Tusk|
|poke|p2|Ninetales-Alola, M|
|poke|p2|Dragonite, M|
|poke|p2|Deoxys-Speed|
|poke|p2|Iron Valiant|
|poke|p2|Great Tusk|
|poke|p2|Polteageist|
|teampreview
|inactive|Battle timer is ON: inactive players will automatically lose when time's up. (requested by ProteinMan11)
|
|t:|1743884062
|start
|switch|p1a: Scizor|Scizor, F|100/100
|switch|p2a: Great Bust|Great Tusk|100/100
|turn|1
|
|t:|1743884073
|move|p2a: Great Bust|Close Combat|p1a: Scizor
|-damage|p1a: Scizor|8/100
|-unboost|p2a: Great Bust|def|1
|-unboost|p2a: Great Bust|spd|1
|-damage|p2a: Great Bust|91/100|[from] item: Life Orb
|move|p1a: Scizor|U-turn|p2a: Great Bust
|-resisted|p2a: Great Bust
|-damage|p2a: Great Bust|64/100
|
|t:|1743884078
|switch|p1a: Deoxys|Deoxys-Speed|100/100|[from] U-turn
|-ability|p1a: Deoxys|Pressure
|
|upkeep
|turn|2
|
|t:|1743884089
|-end|p2a: Great Bust|Protosynthesis|[silent]
|switch|p2a: Michael|Dragonite, M|100/100
|move|p1a: Deoxys|Stealth Rock|p2a: Michael
|-sidestart|p2: ProteinMan11|move: Stealth Rock
|
|upkeep
|turn|3
|
|t:|1743884093
|move|p1a: Deoxys|Spikes|p2a: Michael
|-sidestart|p2: ProteinMan11|Spikes
|move|p2a: Michael|Dragon Dance|p2a: Michael
|-boost|p2a: Michael|atk|1
|-boost|p2a: Michael|spe|1
|
|upkeep
|turn|4
|
|t:|1743884097
|move|p1a: Deoxys|Taunt|p2a: Michael
|-start|p2a: Michael|move: Taunt
|cant|p2a: Michael|move: Taunt|Dragon Dance
|
|upkeep
|turn|5
|
|t:|1743884102
|switch|p2a: Great Bust|Great Tusk|64/100
|-damage|p2a: Great Bust|61/100|[from] Stealth Rock
|-damage|p2a: Great Bust|49/100|[from] Spikes
|move|p1a: Deoxys|Spikes|p2a: Great Bust
|-sidestart|p2: ProteinMan11|Spikes
|
|upkeep
|turn|6
|
|t:|1743884116
|-terastallize|p1a: Deoxys|Ghost
|move|p1a: Deoxys|Taunt|p2a: Great Bust
|-start|p2a: Great Bust|move: Taunt
|move|p2a: Great Bust|Rapid Spin|p1a: Deoxys
|-immune|p1a: Deoxys
|
|upkeep
|turn|7
|
|t:|1743884128
|move|p1a: Deoxys|Spikes|p2a: Great Bust
|-sidestart|p2: ProteinMan11|Spikes
|move|p2a: Great Bust|Headlong Rush|p1a: Deoxys
|-damage|p1a: Deoxys|14/100
|-unboost|p2a: Great Bust|def|1
|-unboost|p2a: Great Bust|spd|1
|-enditem|p1a: Deoxys|Red Card|[of] p2a: Great Bust
|-end|p2a: Great Bust|Protosynthesis|[silent]
|drag|p2a: This-a-way|Deoxys-Speed, shiny|100/100
|-damage|p2a: This-a-way|88/100|[from] Stealth Rock
|-damage|p2a: This-a-way|63/100|[from] Spikes
|-ability|p2a: This-a-way|Pressure
|
|upkeep
|turn|8
|
|t:|1743884146
|switch|p1a: Scizor|Scizor, F|8/100
|move|p2a: This-a-way|Stored Power|p1a: Scizor
|-resisted|p1a: Scizor
|-damage|p1a: Scizor|2/100
|
|upkeep
|turn|9
|
|t:|1743884152
|move|p1a: Scizor|Bullet Punch|p2a: This-a-way
|-damage|p2a: This-a-way|1/100
|move|p2a: This-a-way|Recover|p2a: This-a-way
|-heal|p2a: This-a-way|51/100
|
|upkeep
|turn|10
|
|t:|1743884159
|move|p1a: Scizor|Bullet Punch|p2a: This-a-way
|-damage|p2a: This-a-way|0 fnt
|faint|p2a: This-a-way
|
|upkeep
|
|t:|1743884163
|switch|p2a: Great Bust|Great Tusk|49/100
|-damage|p2a: Great Bust|46/100|[from] Stealth Rock
|-damage|p2a: Great Bust|21/100|[from] Spikes
|turn|11
|
|t:|1743884170
|move|p1a: Scizor|Bullet Punch|p2a: Great Bust
|-damage|p2a: Great Bust|0 fnt
|faint|p2a: Great Bust
|-end|p2a: Great Bust|Protosynthesis|[silent]
|
|upkeep
|
|t:|1743884176
|switch|p2a: Michael|Dragonite, M|100/100
|-damage|p2a: Michael|76/100|[from] Stealth Rock
|turn|12
|
|t:|1743884183
|switch|p1a: Great Tusk|Great Tusk|100/100
|-enditem|p1a: Great Tusk|Booster Energy
|-activate|p1a: Great Tusk|ability: Protosynthesis|[fromitem]
|-start|p1a: Great Tusk|protosynthesisspe
|move|p2a: Michael|Dragon Dance|p2a: Michael
|-boost|p2a: Michael|atk|1
|-boost|p2a: Michael|spe|1
|
|upkeep
|turn|13
|
|t:|1743884189
|move|p1a: Great Tusk|Ice Spinner|p2a: Michael
|-supereffective|p2a: Michael
|-damage|p2a: Michael|0 fnt
|faint|p2a: Michael
|
|upkeep
|
|t:|1743884194
|switch|p2a: Darius|Iron Valiant|100/100
|-damage|p2a: Darius|94/100|[from] Stealth Rock
|-damage|p2a: Darius|69/100|[from] Spikes
|-enditem|p2a: Darius|Booster Energy
|-activate|p2a: Darius|ability: Quark Drive|[fromitem]
|-start|p2a: Darius|quarkdrivespe
|turn|14
|
|t:|1743884199
|-end|p1a: Great Tusk|Protosynthesis|[silent]
|switch|p1a: Deoxys|Deoxys-Speed, tera:Ghost|14/100
|-ability|p1a: Deoxys|Pressure
|move|p2a: Darius|Spirit Break|p1a: Deoxys
|-damage|p1a: Deoxys|0 fnt
|faint|p1a: Deoxys
|
|upkeep
|
|t:|1743884212
|switch|p1a: Iron Moth|Iron Moth|100/100
|-enditem|p1a: Iron Moth|Booster Energy
|-activate|p1a: Iron Moth|ability: Quark Drive|[fromitem]
|-start|p1a: Iron Moth|quarkdrivespe
|turn|15
|
|t:|1743884219
|move|p2a: Darius|Close Combat|p1a: Iron Moth
|-resisted|p1a: Iron Moth
|-damage|p1a: Iron Moth|54/100
|-unboost|p2a: Darius|def|1
|-unboost|p2a: Darius|spd|1
|move|p1a: Iron Moth|Sludge Wave|p2a: Darius
|-supereffective|p2a: Darius
|-damage|p2a: Darius|0 fnt
|faint|p2a: Darius
|-end|p2a: Darius|Quark Drive|[silent]
|
|upkeep
|
|t:|1743884225
|switch|p2a: Donald Trump|Ninetales-Alola, M|100/100
|-damage|p2a: Donald Trump|76/100|[from] Stealth Rock
|-damage|p2a: Donald Trump|51/100|[from] Spikes
|-weather|Snowscape|[from] ability: Snow Warning|[of] p2a: Donald Trump
|turn|16
|-message|ProteinMan11 forfeited.
|
|win|servant of cinder
|raw|servant of cinder's rating: 1626 &rarr; <strong>1647</strong><br />(+21 for winning)
|raw|ProteinMan11's rating: 1651 &rarr; <strong>1630</strong><br />(-21 for losing)
|l|☆ProteinMan11
|player|p2|
