|j|☆Chromelaser
|j|☆xhxhxhxh
|t:|1743823540
|gametype|singles
|player|p1|Chromelaser|marshal|1102
|player|p2|xhxhxhxh|hugh|1121
|teamsize|p1|6
|teamsize|p2|6
|gen|9
|tier|[Gen 9] OU
|rated|
|rule|HP Percentage Mod: HP is shown in percentages
|rule|Endless Battle Clause: Forcing endless battles is banned
|rule|Species Clause: Limit one of each Pokémon
|rule|OHKO Clause: OHKO moves are banned
|rule|Evasion Items Clause: Evasion items are banned
|rule|Evasion Moves Clause: Evasion moves are banned
|rule|Sleep Moves Clause: Sleep-inducing moves are banned
|clearpoke
|poke|p1|Rufflet, M|
|poke|p1|Dondozo, M|
|poke|p1|Dragapult, F|
|poke|p1|Chesnaught, M|
|poke|p1|Weavile, F|
|poke|p1|Thundurus-Therian, M|
|poke|p2|Slowking-Galar, M|
|poke|p2|Corviknight, F|
|poke|p2|Great Tusk|
|poke|p2|Garchomp, F|
|poke|p2|Enamorus, F|
|poke|p2|Gholdengo|
|teampreview
|inactive|Battle timer is ON: inactive players will automatically lose when time's up. (requested by Chromelaser)
|
|t:|1743823553
|start
|switch|p1a: Revenger|Dragapult, F, shiny|100/100
|switch|p2a: 钢鸟|Corviknight, F|100/100
|-ability|p2a: 钢鸟|Pressure
|turn|1
|
|t:|1743823564
|switch|p2a: Slowking|Slowking-Galar, M|100/100
|move|p1a: Revenger|Will-O-Wisp|p2a: Slowking
|-status|p2a: Slowking|brn
|
|-damage|p2a: Slowking|94/100 brn|[from] brn
|upkeep
|turn|2
|
|t:|1743823582
|switch|p1a: Well|Dondozo, M, shiny|100/100
|move|p2a: Slowking|Thunder Wave|p1a: Well
|-status|p1a: Well|par
|
|-heal|p2a: Slowking|100/100 brn|[from] item: Leftovers
|-damage|p2a: Slowking|94/100 brn|[from] brn
|upkeep
|turn|3
|
|t:|1743823592
|switch|p2a: Enamorus|Enamorus, F|100/100
|move|p1a: Well|Curse|p1a: Well
|-unboost|p1a: Well|spe|1
|-boost|p1a: Well|atk|1
|-boost|p1a: Well|def|1
|
|upkeep
|turn|4
|
|t:|1743823605
|move|p2a: Enamorus|Springtide Storm|p1a: Well
|-damage|p1a: Well|50/100 par
|move|p1a: Well|Heavy Slam|p2a: Enamorus
|-supereffective|p2a: Enamorus
|-damage|p2a: Enamorus|0 fnt
|-start|p1a: Well|Attract|[from] ability: Cute Charm|[of] p2a: Enamorus
|faint|p2a: Enamorus
|-end|p1a: Well|Attract|[silent]
|
|-heal|p1a: Well|56/100 par|[from] item: Leftovers
|upkeep
|
|t:|1743823619
|switch|p2a: Gholdengo|Gholdengo|100/100
|-item|p2a: Gholdengo|Air Balloon
|turn|5
|
|t:|1743823628
|move|p2a: Gholdengo|Make It Rain|p1a: Well
|-resisted|p1a: Well
|-crit|p1a: Well
|-damage|p1a: Well|10/100 par
|-unboost|p2a: Gholdengo|spa|1
|cant|p1a: Well|par
|
|-heal|p1a: Well|16/100 par|[from] item: Leftovers
|upkeep
|turn|6
|
|t:|1743823642
|move|p2a: Gholdengo|Shadow Ball|p1a: Well
|-damage|p1a: Well|0 fnt
|faint|p1a: Well
|
|upkeep
|
|t:|1743823660
|switch|p1a: Timmy|Rufflet, M, shiny|100/100
|turn|7
|
|t:|1743823680
|switch|p2a: Slowking|Slowking-Galar, M|100/100 brn
|move|p1a: Timmy|Agility|p1a: Timmy
|-boost|p1a: Timmy|spe|2
|
|-damage|p2a: Slowking|94/100 brn|[from] brn
|upkeep
|turn|8
|inactive|Chromelaser has 120 seconds left.
|
|t:|1743823717
|move|p1a: Timmy|Bulk Up|p1a: Timmy
|-boost|p1a: Timmy|atk|1
|-boost|p1a: Timmy|def|1
|move|p2a: Slowking|Ice Beam|p1a: Timmy
|-supereffective|p1a: Timmy
|-damage|p1a: Timmy|48/100
|
|-heal|p2a: Slowking|100/100 brn|[from] item: Leftovers
|-damage|p2a: Slowking|94/100 brn|[from] brn
|upkeep
|turn|9
|inactive|Chromelaser has 120 seconds left.
|
|t:|1743823729
|-terastallize|p1a: Timmy|Flying
|move|p1a: Timmy|Aerial Ace|p2a: Slowking
|-damage|p2a: Slowking|17/100 brn
|move|p2a: Slowking|Ice Beam|p1a: Timmy
|-supereffective|p1a: Timmy
|-damage|p1a: Timmy|0 fnt
|faint|p1a: Timmy
|
|-heal|p2a: Slowking|23/100 brn|[from] item: Leftovers
|-damage|p2a: Slowking|17/100 brn|[from] brn
|upkeep
|
|t:|1743823748
|switch|p1a: Bronx|Chesnaught, M, shiny|100/100
|turn|10
|
|t:|1743823755
|move|p1a: Bronx|Thunder Punch|p2a: Slowking
|-damage|p2a: Slowking|0 fnt
|faint|p2a: Slowking
|
|upkeep
|
|t:|1743823761
|switch|p2a: 多拉贡荡死|Garchomp, F|100/100
|turn|11
|inactive|Chromelaser has 120 seconds left.
|
|t:|1743823767
|move|p2a: 多拉贡荡死|Fire Blast|p1a: Bronx
|-supereffective|p1a: Bronx
|-damage|p1a: Bronx|39/100
|-damage|p2a: 多拉贡荡死|91/100|[from] item: Life Orb
|move|p1a: Bronx|Body Press|p2a: 多拉贡荡死
|-damage|p2a: 多拉贡荡死|46/100
|-damage|p1a: Bronx|27/100|[from] ability: Rough Skin|[of] p2a: 多拉贡荡死
|
|upkeep
|turn|12
|inactive|Chromelaser has 120 seconds left.
|
|t:|1743823782
|move|p2a: 多拉贡荡死|Draco Meteor|p1a: Bronx
|-damage|p1a: Bronx|0 fnt
|-unboost|p2a: 多拉贡荡死|spa|2
|faint|p1a: Bronx
|-damage|p2a: 多拉贡荡死|36/100|[from] item: Life Orb
|
|upkeep
|inactive|Chromelaser has 120 seconds left.
|
|t:|1743823793
|switch|p1a: Sunshine|Weavile, F, shiny|100/100
|-ability|p1a: Sunshine|Pressure
|turn|13
|inactive|Chromelaser has 120 seconds left.
|
|t:|1743823806
|move|p1a: Sunshine|Fake Out|p2a: 多拉贡荡死
|-damage|p2a: 多拉贡荡死|23/100
|-damage|p1a: Sunshine|88/100|[from] ability: Rough Skin|[of] p2a: 多拉贡荡死
|cant|p2a: 多拉贡荡死|flinch
|
|upkeep
|turn|14
|inactive|Chromelaser has 120 seconds left.
|
|t:|1743823817
|move|p1a: Sunshine|Knock Off|p2a: 多拉贡荡死
|-damage|p2a: 多拉贡荡死|0 fnt
|-damage|p1a: Sunshine|76/100|[from] ability: Rough Skin|[of] p2a: 多拉贡荡死
|-enditem|p2a: 多拉贡荡死|Life Orb|[from] move: Knock Off|[of] p1a: Sunshine
|faint|p2a: 多拉贡荡死
|
|upkeep
|
|t:|1743823828
|switch|p2a: 钢鸟|Corviknight, F|100/100
|-ability|p2a: 钢鸟|Pressure
|turn|15
|inactive|Chromelaser has 120 seconds left.
|
|t:|1743823839
|move|p1a: Sunshine|Knock Off|p2a: 钢鸟
|-damage|p2a: 钢鸟|71/100
|-enditem|p2a: 钢鸟|Leftovers|[from] move: Knock Off|[of] p1a: Sunshine
|move|p2a: 钢鸟|U-turn|p1a: Sunshine
|-supereffective|p1a: Sunshine
|-damage|p1a: Sunshine|21/100
|
|t:|1743823847
|switch|p2a: Great Tusk|Great Tusk|100/100|[from] U-turn
|
|upkeep
|turn|16
|
|t:|1743823857
|move|p1a: Sunshine|Knock Off|p2a: Great Tusk
|-resisted|p2a: Great Tusk
|-damage|p2a: Great Tusk|84/100
|-enditem|p2a: Great Tusk|Leftovers|[from] move: Knock Off|[of] p1a: Sunshine
|move|p2a: Great Tusk|Rapid Spin|p1a: Sunshine
|-damage|p1a: Sunshine|0 fnt
|-boost|p2a: Great Tusk|spe|1
|faint|p1a: Sunshine
|
|upkeep
|inactive|Chromelaser has 120 seconds left.
|
|t:|1743823869
|switch|p1a: Revenger|Dragapult, F, shiny|100/100
|turn|17
|inactive|Chromelaser has 120 seconds left.
|
|t:|1743823879
|move|p2a: Great Tusk|Ice Spinner|p1a: Revenger
|-supereffective|p1a: Revenger
|-damage|p1a: Revenger|21/100
|move|p1a: Revenger|Will-O-Wisp|p2a: Great Tusk
|-status|p2a: Great Tusk|brn
|
|-damage|p2a: Great Tusk|78/100 brn|[from] brn
|upkeep
|turn|18
|
|t:|1743823888
|move|p2a: Great Tusk|Ice Spinner|p1a: Revenger
|-supereffective|p1a: Revenger
|-damage|p1a: Revenger|0 fnt
|faint|p1a: Revenger
|
|-damage|p2a: Great Tusk|72/100 brn|[from] brn
|upkeep
|
|t:|1743823895
|switch|p1a: Dominate Yuh|Thundurus-Therian, M, shiny|100/100
|turn|19
|inactive|Chromelaser has 120 seconds left.
|
|t:|1743823914
|move|p2a: Great Tusk|Ice Spinner|p1a: Dominate Yuh
|-supereffective|p1a: Dominate Yuh
|-damage|p1a: Dominate Yuh|54/100
|move|p1a: Dominate Yuh|Grass Knot|p2a: Great Tusk
|-supereffective|p2a: Great Tusk
|-damage|p2a: Great Tusk|0 fnt
|faint|p2a: Great Tusk
|-end|p2a: Great Tusk|Protosynthesis|[silent]
|-damage|p1a: Dominate Yuh|44/100|[from] item: Life Orb
|
|upkeep
|
|t:|1743823923
|switch|p2a: Gholdengo|Gholdengo|100/100
|-item|p2a: Gholdengo|Air Balloon
|turn|20
|
|t:|1743823932
|move|p1a: Dominate Yuh|Thunder|p2a: Gholdengo|[miss]
|-miss|p1a: Dominate Yuh|p2a: Gholdengo
|move|p2a: Gholdengo|Make It Rain|p1a: Dominate Yuh
|-resisted|p1a: Dominate Yuh
|-damage|p1a: Dominate Yuh|3/100
|-unboost|p2a: Gholdengo|spa|1
|
|upkeep
|turn|21
|
|t:|1743823942
|move|p1a: Dominate Yuh|Thunder|p2a: Gholdengo
|-damage|p2a: Gholdengo|0 fnt
|-enditem|p2a: Gholdengo|Air Balloon
|faint|p2a: Gholdengo
|-damage|p1a: Dominate Yuh|0 fnt|[from] item: Life Orb
|faint|p1a: Dominate Yuh
|
|win|xhxhxhxh
|raw|Chromelaser's rating: 1102 &rarr; <strong>1078</strong><br />(-24 for losing)
|raw|xhxhxhxh's rating: 1121 &rarr; <strong>1145</strong><br />(+24 for winning)
|l|☆Chromelaser
|player|p1|
|l|☆xhxhxhxh
|player|p2|
