|j|☆Yhvh777
|j|☆wgc0609
|t:|1743835633
|gametype|singles
|player|p1|Yhvh777|red|1124
|player|p2|wgc0609|102|1241
|teamsize|p1|6
|teamsize|p2|6
|gen|9
|tier|[Gen 9] OU
|rated|
|rule|HP Percentage Mod: HP is shown in percentages
|rule|Endless Battle Clause: Forcing endless battles is banned
|rule|Species Clause: Limit one of each Pokémon
|rule|OHKO Clause: OHKO moves are banned
|rule|Evasion Items Clause: Evasion items are banned
|rule|Evasion Moves Clause: Evasion moves are banned
|rule|Sleep Moves Clause: Sleep-inducing moves are banned
|clearpoke
|poke|p1|Salamence, M|
|poke|p1|Mamoswine, M|
|poke|p1|Tyranitar, F|
|poke|p1|Raging Bolt|
|poke|p1|Kingambit, F|
|poke|p1|Iron Valiant|
|poke|p2|Dragapult, F|
|poke|p2|Corviknight, F|
|poke|p2|Gholdengo|
|poke|p2|Bellibolt, M|
|poke|p2|Garchomp, M|
|poke|p2|Iron Valiant|
|teampreview
|
|t:|1743835647
|start
|switch|p1a: Mamoswine|Mamoswine, M|100/100
|switch|p2a: Iron Valiant|Iron Valiant|100/100
|turn|1
|
|t:|1743835658
|-terastallize|p1a: Mamoswine|Ghost
|move|p2a: Iron Valiant|Moonblast|p1a: Mamoswine
|-damage|p1a: Mamoswine|22/100
|-damage|p2a: Iron Valiant|91/100|[from] item: Life Orb
|move|p1a: Mamoswine|Earthquake|p2a: Iron Valiant
|-damage|p2a: Iron Valiant|21/100
|
|-heal|p1a: Mamoswine|28/100|[from] item: Leftovers
|upkeep
|turn|2
|
|t:|1743835670
|move|p1a: Mamoswine|Ice Shard|p2a: Iron Valiant
|-damage|p2a: Iron Valiant|0 fnt
|faint|p2a: Iron Valiant
|-end|p2a: Iron Valiant|Quark Drive|[silent]
|
|-heal|p1a: Mamoswine|35/100|[from] item: Leftovers
|upkeep
|
|t:|1743835680
|switch|p2a: Dragapult|Dragapult, F|100/100
|turn|3
|
|t:|1743835687
|-terastallize|p2a: Dragapult|Fairy
|move|p1a: Mamoswine|Ice Shard|p2a: Dragapult
|-damage|p2a: Dragapult|70/100
|move|p2a: Dragapult|Shadow Ball|p1a: Mamoswine
|-supereffective|p1a: Mamoswine
|-damage|p1a: Mamoswine|0 fnt
|faint|p1a: Mamoswine
|
|upkeep
|
|t:|1743835698
|switch|p1a: Kingambit|Kingambit, F|100/100
|-activate|p1a: Kingambit|ability: Supreme Overlord
|-start|p1a: Kingambit|fallen1|[silent]
|turn|4
|
|t:|1743835708
|switch|p2a: Corviknight|Corviknight, F|100/100
|move|p1a: Kingambit|Swords Dance|p1a: Kingambit
|-boost|p1a: Kingambit|atk|2
|
|upkeep
|turn|5
|
|t:|1743835715
|move|p2a: Corviknight|Body Press|p1a: Kingambit
|-supereffective|p1a: Kingambit
|-damage|p1a: Kingambit|30/100
|move|p1a: Kingambit|Iron Head|p2a: Corviknight
|-resisted|p2a: Corviknight
|-damage|p2a: Corviknight|71/100
|-damage|p1a: Kingambit|14/100|[from] item: Rocky Helmet|[of] p2a: Corviknight
|
|-heal|p1a: Kingambit|20/100|[from] item: Leftovers
|upkeep
|turn|6
|
|t:|1743835726
|move|p1a: Kingambit|Protect|p1a: Kingambit
|-singleturn|p1a: Kingambit|Protect
|move|p2a: Corviknight|Body Press|p1a: Kingambit
|-activate|p1a: Kingambit|move: Protect
|
|-heal|p1a: Kingambit|26/100|[from] item: Leftovers
|upkeep
|turn|7
|
|t:|1743835748
|-end|p1a: Kingambit|fallen1|[silent]
|switch|p1a: Beatrice|Iron Valiant|100/100
|-enditem|p1a: Beatrice|Booster Energy
|-activate|p1a: Beatrice|ability: Quark Drive|[fromitem]
|-start|p1a: Beatrice|quarkdrivespe
|move|p2a: Corviknight|Body Press|p1a: Beatrice
|-resisted|p1a: Beatrice
|-damage|p1a: Beatrice|84/100
|
|upkeep
|turn|8
|
|t:|1743835759
|switch|p2a: Gholdengo|Gholdengo|100/100
|move|p1a: Beatrice|Thunder Punch|p2a: Gholdengo
|-damage|p2a: Gholdengo|79/100
|
|-heal|p2a: Gholdengo|85/100|[from] item: Leftovers
|upkeep
|turn|9
|
|t:|1743835772
|move|p1a: Beatrice|Swords Dance|p1a: Beatrice
|-boost|p1a: Beatrice|atk|2
|move|p2a: Gholdengo|Thunder Wave|p1a: Beatrice
|-status|p1a: Beatrice|par
|
|-heal|p2a: Gholdengo|91/100|[from] item: Leftovers
|upkeep
|turn|10
|
|t:|1743835782
|move|p1a: Beatrice|Swords Dance|p1a: Beatrice
|-boost|p1a: Beatrice|atk|2
|move|p2a: Gholdengo|Make It Rain|p1a: Beatrice
|-supereffective|p1a: Beatrice
|-damage|p1a: Beatrice|0 fnt
|-unboost|p2a: Gholdengo|spa|1
|faint|p1a: Beatrice
|-end|p1a: Beatrice|Quark Drive|[silent]
|
|-heal|p2a: Gholdengo|97/100|[from] item: Leftovers
|upkeep
|
|t:|1743835799
|switch|p1a: Salamence|Salamence, M|100/100
|-ability|p1a: Salamence|Intimidate|boost
|-unboost|p2a: Gholdengo|atk|1
|turn|11
|
|t:|1743835809
|move|p1a: Salamence|Earthquake|p2a: Gholdengo
|-supereffective|p2a: Gholdengo
|-damage|p2a: Gholdengo|31/100
|move|p2a: Gholdengo|Thunder Wave|p1a: Salamence
|-status|p1a: Salamence|par
|
|-heal|p2a: Gholdengo|37/100|[from] item: Leftovers
|upkeep
|turn|12
|
|t:|1743835819
|move|p2a: Gholdengo|Hex|p1a: Salamence
|-damage|p1a: Salamence|62/100 par
|move|p1a: Salamence|Earthquake|p2a: Gholdengo
|-supereffective|p2a: Gholdengo
|-damage|p2a: Gholdengo|0 fnt
|faint|p2a: Gholdengo
|
|upkeep
|
|t:|1743835827
|switch|p2a: Garchomp|Garchomp, M|100/100
|turn|13
|
|t:|1743835847
|move|p2a: Garchomp|Scale Shot|p1a: Salamence
|-supereffective|p1a: Salamence
|-damage|p1a: Salamence|35/100 par
|-supereffective|p1a: Salamence
|-damage|p1a: Salamence|9/100 par
|-supereffective|p1a: Salamence
|-damage|p1a: Salamence|0 fnt
|faint|p1a: Salamence
|-hitcount|p1: Salamence|3
|-unboost|p2a: Garchomp|def|1
|-boost|p2a: Garchomp|spe|1
|
|upkeep
|
|t:|1743835858
|switch|p1a: Raging Bolt|Raging Bolt|100/100
|turn|14
|
|t:|1743835874
|move|p2a: Garchomp|Substitute|p2a: Garchomp
|-start|p2a: Garchomp|Substitute
|-damage|p2a: Garchomp|76/100
|move|p1a: Raging Bolt|Draco Meteor|p2a: Garchomp
|-supereffective|p2a: Garchomp
|-end|p2a: Garchomp|Substitute
|-unboost|p1a: Raging Bolt|spa|2
|
|upkeep
|turn|15
|
|t:|1743835896
|move|p2a: Garchomp|Earthquake|p1a: Raging Bolt
|-supereffective|p1a: Raging Bolt
|-damage|p1a: Raging Bolt|0 fnt
|faint|p1a: Raging Bolt
|-end|p1a: Raging Bolt|Protosynthesis|[silent]
|
|upkeep
|
|t:|1743835904
|switch|p1a: Tyranitar|Tyranitar, F, shiny|100/100
|-weather|Sandstorm|[from] ability: Sand Stream|[of] p1a: Tyranitar
|turn|16
|
|t:|1743835913
|move|p2a: Garchomp|Substitute|p2a: Garchomp
|-start|p2a: Garchomp|Substitute
|-damage|p2a: Garchomp|51/100
|move|p1a: Tyranitar|Crunch|p2a: Garchomp
|-end|p2a: Garchomp|Substitute
|
|-weather|Sandstorm|[upkeep]
|upkeep
|turn|17
|
|t:|1743835923
|move|p2a: Garchomp|Swords Dance|p2a: Garchomp
|-boost|p2a: Garchomp|atk|2
|move|p1a: Tyranitar|Crunch|p2a: Garchomp
|-damage|p2a: Garchomp|0 fnt
|-damage|p1a: Tyranitar|88/100|[from] ability: Rough Skin|[of] p2a: Garchomp
|faint|p2a: Garchomp
|
|-weather|Sandstorm|[upkeep]
|-heal|p1a: Tyranitar|94/100|[from] item: Leftovers
|upkeep
|
|t:|1743835936
|switch|p2a: Corviknight|Corviknight, F|71/100
|turn|18
|
|t:|1743835944
|move|p1a: Tyranitar|Dragon Dance|p1a: Tyranitar
|-boost|p1a: Tyranitar|atk|1
|-boost|p1a: Tyranitar|spe|1
|move|p2a: Corviknight|Iron Defense|p2a: Corviknight
|-boost|p2a: Corviknight|def|2
|
|-weather|Sandstorm|[upkeep]
|-heal|p1a: Tyranitar|100/100|[from] item: Leftovers
|upkeep
|turn|19
|
|t:|1743835954
|move|p1a: Tyranitar|Stone Edge|p2a: Corviknight
|-crit|p2a: Corviknight
|-damage|p2a: Corviknight|0 fnt
|faint|p2a: Corviknight
|
|-weather|Sandstorm|[upkeep]
|upkeep
|
|t:|1743835965
|switch|p2a: Bellibolt|Bellibolt, M|100/100
|turn|20
|
|t:|1743835969
|move|p1a: Tyranitar|Earthquake|p2a: Bellibolt
|-supereffective|p2a: Bellibolt
|-damage|p2a: Bellibolt|14/100
|-start|p2a: Bellibolt|Charge|Earthquake|[from] ability: Electromorphosis
|move|p2a: Bellibolt|Muddy Water|p1a: Tyranitar
|-supereffective|p1a: Tyranitar
|-damage|p1a: Tyranitar|62/100
|-unboost|p1a: Tyranitar|accuracy|1
|
|-weather|none
|-heal|p1a: Tyranitar|69/100|[from] item: Leftovers
|upkeep
|turn|21
|
|t:|1743835982
|move|p1a: Tyranitar|Earthquake|p2a: Bellibolt
|-supereffective|p2a: Bellibolt
|-damage|p2a: Bellibolt|0 fnt
|faint|p2a: Bellibolt
|
|-heal|p1a: Tyranitar|75/100|[from] item: Leftovers
|upkeep
|
|t:|1743835989
|switch|p2a: Dragapult|Dragapult, F, tera:Fairy|70/100
|turn|22
|
|t:|1743836001
|move|p2a: Dragapult|Draco Meteor|p1a: Tyranitar
|-crit|p1a: Tyranitar
|-damage|p1a: Tyranitar|0 fnt
|-unboost|p2a: Dragapult|spa|2
|faint|p1a: Tyranitar
|
|upkeep
|
|t:|1743836009
|switch|p1a: Kingambit|Kingambit, F|26/100
|-activate|p1a: Kingambit|ability: Supreme Overlord
|-start|p1a: Kingambit|fallen5|[silent]
|turn|23
|
|t:|1743836017
|move|p1a: Kingambit|Protect|p1a: Kingambit
|-singleturn|p1a: Kingambit|Protect
|move|p2a: Dragapult|Draco Meteor|p1a: Kingambit
|-activate|p1a: Kingambit|move: Protect
|
|-heal|p1a: Kingambit|33/100|[from] item: Leftovers
|upkeep
|turn|24
|
|t:|1743836026
|move|p2a: Dragapult|Draco Meteor|p1a: Kingambit
|-resisted|p1a: Kingambit
|-damage|p1a: Kingambit|9/100
|-unboost|p2a: Dragapult|spa|2
|move|p1a: Kingambit|Iron Head|p2a: Dragapult
|-supereffective|p2a: Dragapult
|-damage|p2a: Dragapult|0 fnt
|faint|p2a: Dragapult
|
|win|Yhvh777
|raw|Yhvh777's rating: 1124 &rarr; <strong>1157</strong><br />(+33 for winning)
|raw|wgc0609's rating: 1241 &rarr; <strong>1208</strong><br />(-33 for losing)
|l|☆Yhvh777
|player|p1|
