|j|☆The Pokemon Place
|j|☆chip witley
|t:|1743830198
|gametype|singles
|player|p1|The Pokemon Place|265|1748
|player|p2|chip witley|lance|1760
|teamsize|p1|6
|teamsize|p2|6
|gen|9
|tier|[Gen 9] OU
|rated|
|rule|HP Percentage Mod: HP is shown in percentages
|rule|Endless Battle Clause: Forcing endless battles is banned
|rule|Species Clause: Limit one of each Pokémon
|rule|OHKO Clause: OHKO moves are banned
|rule|Evasion Items Clause: Evasion items are banned
|rule|Evasion Moves Clause: Evasion moves are banned
|rule|Sleep Moves Clause: Sleep-inducing moves are banned
|clearpoke
|poke|p1|Enamorus, F|
|poke|p1|Great Tusk|
|poke|p1|Iron Crown|
|poke|p1|Lokix, M|
|poke|p1|Alomomola, M|
|poke|p1|Zamazenta-*|
|poke|p2|Toucannon, M|
|poke|p2|Gholdengo|
|poke|p2|Zapdos|
|poke|p2|Dragapult, M|
|poke|p2|Great Tusk|
|poke|p2|Primarina, F|
|teampreview
|
|t:|1743830209
|start
|switch|p1a: Alomomola|Alomomola, M, shiny|100/100
|switch|p2a: Toucannon|Toucannon, M|100/100
|turn|1
|
|t:|1743830212
|move|p2a: Toucannon|Bullet Seed|p1a: Alomomola
|-supereffective|p1a: Alomomola
|-damage|p1a: Alomomola|88/100
|-supereffective|p1a: Alomomola
|-damage|p1a: Alomomola|75/100
|-supereffective|p1a: Alomomola
|-crit|p1a: Alomomola
|-damage|p1a: Alomomola|56/100
|-supereffective|p1a: Alomomola
|-damage|p1a: Alomomola|43/100
|-supereffective|p1a: Alomomola
|-damage|p1a: Alomomola|30/100
|-hitcount|p1a: Alomomola|5
|move|p1a: Alomomola|Flip Turn|p2a: Toucannon
|-damage|p2a: Toucannon|79/100
|
|t:|1743830216
|switch|p1a: Iron Crown|Iron Crown|100/100|[from] Flip Turn
|
|upkeep
|turn|2
|
|t:|1743830221
|move|p1a: Iron Crown|Volt Switch|p2a: Toucannon
|-supereffective|p2a: Toucannon
|-damage|p2a: Toucannon|15/100
|
|t:|1743830228
|-end|p1a: Iron Crown|Quark Drive|[silent]
|switch|p1a: Zamazenta|Zamazenta|100/100|[from] Volt Switch
|-ability|p1a: Zamazenta|Dauntless Shield|boost
|-boost|p1a: Zamazenta|def|1
|move|p2a: Toucannon|Temper Flare|p1a: Zamazenta
|-damage|p1a: Zamazenta|86/100
|
|upkeep
|turn|3
|
|t:|1743830233
|-singleturn|p2a: Toucannon|move: Beak Blast
|move|p1a: Zamazenta|Crunch|p2a: Toucannon
|-damage|p2a: Toucannon|0 fnt
|-status|p1a: Zamazenta|brn
|faint|p2a: Toucannon
|
|-damage|p1a: Zamazenta|80/100 brn|[from] brn
|upkeep
|
|t:|1743830241
|switch|p2a: Primarina|Primarina, F|100/100
|turn|4
|
|t:|1743830244
|switch|p1a: Alomomola|Alomomola, M, shiny|63/100
|move|p2a: Primarina|Moonblast|p1a: Alomomola
|-damage|p1a: Alomomola|35/100
|
|upkeep
|turn|5
|
|t:|1743830250
|move|p2a: Primarina|Moonblast|p1a: Alomomola
|-damage|p1a: Alomomola|5/100
|move|p1a: Alomomola|Flip Turn|p2a: Primarina
|-resisted|p2a: Primarina
|-damage|p2a: Primarina|90/100
|
|t:|1743830252
|switch|p1a: Iron Crown|Iron Crown|100/100|[from] Flip Turn
|
|upkeep
|turn|6
|
|t:|1743830256
|move|p1a: Iron Crown|Volt Switch|p2a: Primarina
|-supereffective|p2a: Primarina
|-damage|p2a: Primarina|43/100
|
|t:|1743830259
|-end|p1a: Iron Crown|Quark Drive|[silent]
|switch|p1a: Alomomola|Alomomola, M, shiny|39/100|[from] Volt Switch
|move|p2a: Primarina|Moonblast|p1a: Alomomola
|-damage|p1a: Alomomola|8/100
|-unboost|p1a: Alomomola|spa|1
|
|upkeep
|turn|7
|
|t:|1743830263
|switch|p1a: Iron Crown|Iron Crown|100/100
|move|p2a: Primarina|Flip Turn|p1a: Iron Crown
|-damage|p1a: Iron Crown|86/100
|j| lowladderubersnoob
|
|t:|1743830266
|switch|p2a: Dragapult|Dragapult, M|100/100|[from] Flip Turn
|
|upkeep
|turn|8
|
|t:|1743830268
|-terastallize|p1a: Iron Crown|Steel
|move|p2a: Dragapult|U-turn|p1a: Iron Crown
|-resisted|p1a: Iron Crown
|-damage|p1a: Iron Crown|75/100
|
|t:|1743830271
|switch|p2a: Gholdengo|Gholdengo|100/100|[from] U-turn
|move|p1a: Iron Crown|Tachyon Cutter|p2a: Gholdengo
|-resisted|p2a: Gholdengo
|-damage|p2a: Gholdengo|78/100
|-resisted|p2a: Gholdengo
|-damage|p2a: Gholdengo|55/100
|-hitcount|p2a: Gholdengo|2
|
|upkeep
|turn|9
|j| Alola Magikarp
|
|t:|1743830278
|-end|p1a: Iron Crown|Quark Drive|[silent]
|switch|p1a: Lokix|Lokix, M, shiny|100/100
|move|p2a: Gholdengo|Make It Rain|p1a: Lokix
|-damage|p1a: Lokix|3/100
|-unboost|p2a: Gholdengo|spa|1
|
|upkeep
|turn|10
|j| MiniLarry
|
|t:|1743830285
|switch|p2a: Great Tusk|Great Tusk|100/100
|move|p1a: Lokix|U-turn|p2a: Great Tusk
|-resisted|p2a: Great Tusk
|-damage|p2a: Great Tusk|65/100
|j| atlas tales
|
|t:|1743830288
|switch|p1a: Iron Crown|Iron Crown, tera:Steel|75/100|[from] U-turn
|
|upkeep
|turn|11
|j| lehoang24121992
|
|t:|1743830294
|move|p1a: Iron Crown|Tachyon Cutter|p2a: Great Tusk
|-damage|p2a: Great Tusk|0 fnt
|faint|p2a: Great Tusk
|-end|p2a: Great Tusk|Protosynthesis|[silent]
|-hitcount|p2: Great Tusk|1
|
|upkeep
|
|t:|1743830301
|switch|p2a: Primarina|Primarina, F|43/100
|turn|12
|j| dilf huntr
|
|t:|1743830303
|-terastallize|p2a: Primarina|Steel
|move|p1a: Iron Crown|Tachyon Cutter|p2a: Primarina
|-resisted|p2a: Primarina
|-damage|p2a: Primarina|26/100
|-resisted|p2a: Primarina
|-damage|p2a: Primarina|10/100
|-hitcount|p2a: Primarina|2
|move|p2a: Primarina|Surf|p1a: Iron Crown
|-damage|p1a: Iron Crown|5/100
|
|upkeep
|turn|13
|-message|chip witley forfeited.
|
|win|The Pokemon Place
|raw|The Pokemon Place's rating: 1748 &rarr; <strong>1769</strong><br />(+21 for winning)
|raw|chip witley's rating: 1760 &rarr; <strong>1739</strong><br />(-21 for losing)
|l|☆chip witley
|player|p2|
|l|☆The Pokemon Place
|player|p1|
|l| dilf huntr
|l| lowladderubersnoob
|j| lowladderubersnoob
|l| lowladderubersnoob
|l| Alola Magikarp
|l| atlas tales
