|j|☆DXSandstormsXD
|j|☆Deezmcnuggetz
|t:|1743868989
|gametype|singles
|player|p1|DXSandstormsXD|170|1371
|player|p2|Deezmcnuggetz|101|1347
|teamsize|p1|6
|teamsize|p2|6
|gen|9
|tier|[Gen 9] OU
|rated|
|rule|HP Percentage Mod: HP is shown in percentages
|rule|Endless Battle Clause: Forcing endless battles is banned
|rule|Species Clause: Limit one of each Pokémon
|rule|OHKO Clause: OHKO moves are banned
|rule|Evasion Items Clause: Evasion items are banned
|rule|Evasion Moves Clause: Evasion moves are banned
|rule|Sleep Moves Clause: Sleep-inducing moves are banned
|clearpoke
|poke|p1|Iron Treads|
|poke|p1|Pincurchin, F|
|poke|p1|Raichu-Alola, F|
|poke|p1|Gholdengo|
|poke|p1|Weavile, F|
|poke|p1|Gyarados, F|
|poke|p2|Orthworm, F|
|poke|p2|Clodsire, F|
|poke|p2|Pecharunt|
|poke|p2|Great Tusk|
|poke|p2|Slowking, F|
|poke|p2|Weavile, F|
|teampreview
|
|t:|1743869005
|start
|switch|p1a: Iron Treads|Iron Treads|100/100
|switch|p2a: Orthworm|Orthworm, F, shiny|100/100
|turn|1
|inactive|Battle timer is ON: inactive players will automatically lose when time's up. (requested by Deezmcnuggetz)
|
|t:|1743869009
|move|p1a: Iron Treads|Knock Off|p2a: Orthworm
|-damage|p2a: Orthworm|84/100
|-damage|p1a: Iron Treads|84/100|[from] item: Rocky Helmet|[of] p2a: Orthworm
|-enditem|p2a: Orthworm|Rocky Helmet|[from] move: Knock Off|[of] p1a: Iron Treads
|move|p2a: Orthworm|Spikes|p1a: Iron Treads
|-sidestart|p1: DXSandstormsXD|Spikes
|
|upkeep
|turn|2
|
|t:|1743869016
|move|p1a: Iron Treads|Volt Switch|p2a: Orthworm
|-damage|p2a: Orthworm|66/100
|
|t:|1743869019
|-end|p1a: Iron Treads|Quark Drive|[silent]
|switch|p1a: Gyarados|Gyarados, F|100/100|[from] Volt Switch
|-ability|p1a: Gyarados|Intimidate|boost
|-unboost|p2a: Orthworm|atk|1
|move|p2a: Orthworm|Body Press|p1a: Gyarados
|-resisted|p1a: Gyarados
|-damage|p1a: Gyarados|81/100
|
|-heal|p1a: Gyarados|87/100|[from] item: Leftovers
|upkeep
|turn|3
|
|t:|1743869028
|switch|p2a: Slowking|Slowking, F, shiny|100/100
|move|p1a: Gyarados|Substitute|p1a: Gyarados
|-start|p1a: Gyarados|Substitute
|-damage|p1a: Gyarados|62/100
|
|-heal|p1a: Gyarados|68/100|[from] item: Leftovers
|upkeep
|turn|4
|
|t:|1743869040
|move|p1a: Gyarados|Dragon Dance|p1a: Gyarados
|-boost|p1a: Gyarados|atk|1
|-boost|p1a: Gyarados|spe|1
|-prepare|p2a: Slowking|Chilly Reception|[premajor]
|move|p2a: Slowking|Chilly Reception|p2a: Slowking
|-weather|Snowscape
|inactive|Deezmcnuggetz has 120 seconds left.
|
|t:|1743869067
|switch|p2a: Pecharunt|Pecharunt|100/100|[from] Chilly Reception
|
|-weather|Snowscape|[upkeep]
|-heal|p1a: Gyarados|74/100|[from] item: Leftovers
|upkeep
|turn|5
|
|t:|1743869075
|move|p1a: Gyarados|Earthquake|p2a: Pecharunt
|-supereffective|p2a: Pecharunt
|-damage|p2a: Pecharunt|52/100
|move|p2a: Pecharunt|Malignant Chain|p1a: Gyarados
|-end|p1a: Gyarados|Substitute
|
|-weather|Snowscape|[upkeep]
|-heal|p1a: Gyarados|80/100|[from] item: Leftovers
|upkeep
|turn|6
|
|t:|1743869088
|-terastallize|p1a: Gyarados|Ground
|move|p1a: Gyarados|Earthquake|p2a: Pecharunt
|-supereffective|p2a: Pecharunt
|-damage|p2a: Pecharunt|0 fnt
|faint|p2a: Pecharunt
|
|-weather|Snowscape|[upkeep]
|-heal|p1a: Gyarados|86/100|[from] item: Leftovers
|upkeep
|
|t:|1743869093
|switch|p2a: Slowking|Slowking, F, shiny|100/100
|turn|7
|
|t:|1743869099
|move|p1a: Gyarados|Substitute|p1a: Gyarados
|-start|p1a: Gyarados|Substitute
|-damage|p1a: Gyarados|62/100
|move|p2a: Slowking|Scald|p1a: Gyarados
|-supereffective|p1a: Gyarados
|-end|p1a: Gyarados|Substitute
|
|-weather|Snowscape|[upkeep]
|-heal|p1a: Gyarados|68/100|[from] item: Leftovers
|upkeep
|turn|8
|
|t:|1743869108
|switch|p1a: Pincurchin|Pincurchin, F|100/100
|-damage|p1a: Pincurchin|88/100|[from] Spikes
|-fieldstart|move: Electric Terrain|[from] ability: Electric Surge|[of] p1a: Pincurchin
|move|p2a: Slowking|Scald|p1a: Pincurchin
|-damage|p1a: Pincurchin|60/100
|
|-weather|none
|upkeep
|turn|9
|
|t:|1743869123
|switch|p1a: Raichu|Raichu-Alola, F|100/100
|-damage|p1a: Raichu|88/100|[from] Spikes
|switch|p2a: Clodsire|Clodsire, F, shiny|100/100
|
|upkeep
|turn|10
|
|t:|1743869130
|move|p1a: Raichu|Psychic|p2a: Clodsire
|-supereffective|p2a: Clodsire
|-damage|p2a: Clodsire|37/100
|move|p2a: Clodsire|Earthquake|p1a: Raichu
|-supereffective|p1a: Raichu
|-damage|p1a: Raichu|0 fnt
|faint|p1a: Raichu
|
|upkeep
|
|t:|1743869140
|switch|p1a: Gyarados|Gyarados, F, tera:Ground|68/100
|-damage|p1a: Gyarados|55/100|[from] Spikes
|-ability|p1a: Gyarados|Intimidate|boost
|-unboost|p2a: Clodsire|atk|1
|turn|11
|
|t:|1743869150
|-terastallize|p2a: Clodsire|Water
|move|p1a: Gyarados|Substitute|p1a: Gyarados
|-start|p1a: Gyarados|Substitute
|-damage|p1a: Gyarados|30/100
|move|p2a: Clodsire|Recover|p2a: Clodsire
|-heal|p2a: Clodsire|87/100
|
|-heal|p1a: Gyarados|36/100|[from] item: Leftovers
|upkeep
|turn|12
|
|t:|1743869163
|move|p1a: Gyarados|Earthquake|p2a: Clodsire
|-damage|p2a: Clodsire|28/100
|move|p2a: Clodsire|Earthquake|p1a: Gyarados
|-end|p1a: Gyarados|Substitute
|
|-heal|p1a: Gyarados|42/100|[from] item: Leftovers
|upkeep
|turn|13
|
|t:|1743869175
|switch|p2a: Slowking|Slowking, F, shiny|100/100
|move|p1a: Gyarados|Earthquake|p2a: Slowking
|-damage|p2a: Slowking|49/100
|
|-heal|p1a: Gyarados|49/100|[from] item: Leftovers
|upkeep
|turn|14
|
|t:|1743869178
|move|p1a: Gyarados|Earthquake|p2a: Slowking
|-damage|p2a: Slowking|0 fnt
|faint|p2a: Slowking
|
|-heal|p1a: Gyarados|55/100|[from] item: Leftovers
|upkeep
|
|t:|1743869181
|switch|p2a: Weavile|Weavile, F, shiny|100/100
|-ability|p2a: Weavile|Pressure
|turn|15
|
|t:|1743869189
|switch|p1a: Iron Treads|Iron Treads|84/100
|-activate|p1a: Iron Treads|ability: Quark Drive
|-start|p1a: Iron Treads|quarkdrivespe
|move|p2a: Weavile|Triple Axel|p1a: Iron Treads
|-damage|p1a: Iron Treads|74/100
|-damage|p1a: Iron Treads|57/100
|-damage|p1a: Iron Treads|29/100
|-hitcount|p1a: Iron Treads|3
|
|-fieldend|move: Electric Terrain
|-end|p1a: Iron Treads|Quark Drive
|upkeep
|turn|16
|
|t:|1743869194
|-end|p1a: Iron Treads|Quark Drive|[silent]
|switch|p1a: Pincurchin|Pincurchin, F|60/100
|-damage|p1a: Pincurchin|48/100|[from] Spikes
|-fieldstart|move: Electric Terrain|[from] ability: Electric Surge|[of] p1a: Pincurchin
|move|p2a: Weavile|Triple Axel|p1a: Pincurchin
|-damage|p1a: Pincurchin|38/100
|-damage|p1a: Pincurchin|18/100
|-damage|p1a: Pincurchin|0 fnt
|faint|p1a: Pincurchin
|-hitcount|p1: Pincurchin|3
|
|upkeep
|
|t:|1743869196
|switch|p1a: Iron Treads|Iron Treads|29/100
|-activate|p1a: Iron Treads|ability: Quark Drive
|-start|p1a: Iron Treads|quarkdrivespe
|turn|17
|
|t:|1743869203
|switch|p2a: Orthworm|Orthworm, F, shiny|66/100
|move|p1a: Iron Treads|Rapid Spin|p2a: Orthworm
|-resisted|p2a: Orthworm
|-damage|p2a: Orthworm|61/100
|-boost|p1a: Iron Treads|spe|1
|-sideend|p1: DXSandstormsXD|Spikes|[from] move: Rapid Spin|[of] p1a: Iron Treads
|
|upkeep
|turn|18
|
|t:|1743869213
|move|p1a: Iron Treads|Volt Switch|p2a: Orthworm
|-damage|p2a: Orthworm|38/100
|
|t:|1743869217
|-end|p1a: Iron Treads|Quark Drive|[silent]
|switch|p1a: Gyarados|Gyarados, F, tera:Ground|55/100|[from] Volt Switch
|-ability|p1a: Gyarados|Intimidate|boost
|-unboost|p2a: Orthworm|atk|1
|move|p2a: Orthworm|Iron Defense|p2a: Orthworm
|-boost|p2a: Orthworm|def|2
|
|-heal|p1a: Gyarados|61/100|[from] item: Leftovers
|upkeep
|turn|19
|
|t:|1743869224
|move|p1a: Gyarados|Substitute|p1a: Gyarados
|-start|p1a: Gyarados|Substitute
|-damage|p1a: Gyarados|36/100
|move|p2a: Orthworm|Body Press|p1a: Gyarados
|-end|p1a: Gyarados|Substitute
|
|-heal|p1a: Gyarados|42/100|[from] item: Leftovers
|upkeep
|turn|20
|
|t:|1743869227
|move|p1a: Gyarados|Waterfall|p2a: Orthworm
|-damage|p2a: Orthworm|25/100
|move|p2a: Orthworm|Body Press|p1a: Gyarados
|-crit|p1a: Gyarados
|-damage|p1a: Gyarados|0 fnt
|faint|p1a: Gyarados
|
|upkeep
|
|t:|1743869235
|switch|p1a: Gholdengo|Gholdengo|100/100
|-item|p1a: Gholdengo|Air Balloon
|turn|21
|
|t:|1743869241
|move|p1a: Gholdengo|Shadow Ball|p2a: Orthworm
|-damage|p2a: Orthworm|0 fnt
|faint|p2a: Orthworm
|
|upkeep
|
|t:|1743869244
|switch|p2a: Clodsire|Clodsire, F, shiny, tera:Water|28/100
|turn|22
|
|t:|1743869250
|switch|p1a: Iron Treads|Iron Treads|29/100
|-activate|p1a: Iron Treads|ability: Quark Drive
|-start|p1a: Iron Treads|quarkdrivespe
|move|p2a: Clodsire|Recover|p2a: Clodsire
|-heal|p2a: Clodsire|78/100
|
|upkeep
|turn|23
|
|t:|1743869259
|move|p1a: Iron Treads|Volt Switch|p2a: Clodsire
|-supereffective|p2a: Clodsire
|-damage|p2a: Clodsire|61/100
|
|t:|1743869268
|-end|p1a: Iron Treads|Quark Drive|[silent]
|switch|p1a: Weavile|Weavile, F|100/100|[from] Volt Switch
|-ability|p1a: Weavile|Pressure
|move|p2a: Clodsire|Earthquake|p1a: Weavile
|-damage|p1a: Weavile|56/100
|
|-fieldend|move: Electric Terrain
|upkeep
|turn|24
|
|t:|1743869274
|move|p1a: Weavile|Knock Off|p2a: Clodsire
|-damage|p2a: Clodsire|0 fnt
|-enditem|p2a: Clodsire|Heavy-Duty Boots|[from] move: Knock Off|[of] p1a: Weavile
|faint|p2a: Clodsire
|-damage|p1a: Weavile|46/100|[from] item: Life Orb
|
|upkeep
|
|t:|1743869281
|switch|p2a: Great Tusk|Great Tusk, shiny|100/100
|turn|25
|
|t:|1743869294
|move|p1a: Weavile|Triple Axel|p2a: Great Tusk|[miss]
|-miss|p1a: Weavile|p2a: Great Tusk
|move|p2a: Great Tusk|Rapid Spin|p1a: Weavile
|-damage|p1a: Weavile|13/100
|-boost|p2a: Great Tusk|spe|1
|
|upkeep
|turn|26
|
|t:|1743869305
|switch|p1a: Iron Treads|Iron Treads|29/100
|move|p2a: Great Tusk|Knock Off|p1a: Iron Treads
|-damage|p1a: Iron Treads|0 fnt
|-enditem|p1a: Iron Treads|Heavy-Duty Boots|[from] move: Knock Off|[of] p2a: Great Tusk
|faint|p1a: Iron Treads
|-end|p1a: Iron Treads|Quark Drive|[silent]
|
|upkeep
|
|t:|1743869311
|switch|p1a: Gholdengo|Gholdengo|100/100
|-item|p1a: Gholdengo|Air Balloon
|turn|27
|
|t:|1743869317
|move|p2a: Great Tusk|Knock Off|p1a: Gholdengo
|-supereffective|p1a: Gholdengo
|-damage|p1a: Gholdengo|30/100
|-enditem|p1a: Gholdengo|Air Balloon
|move|p1a: Gholdengo|Make It Rain|p2a: Great Tusk
|-damage|p2a: Great Tusk|1/100
|-unboost|p1a: Gholdengo|spa|1
|
|upkeep
|turn|28
|
|t:|1743869323
|move|p2a: Great Tusk|Knock Off|p1a: Gholdengo
|-supereffective|p1a: Gholdengo
|-damage|p1a: Gholdengo|0 fnt
|faint|p1a: Gholdengo
|
|upkeep
|
|t:|1743869325
|switch|p1a: Weavile|Weavile, F|13/100
|-ability|p1a: Weavile|Pressure
|turn|29
|
|t:|1743869329
|move|p2a: Great Tusk|Knock Off|p1a: Weavile
|-resisted|p1a: Weavile
|-damage|p1a: Weavile|0 fnt
|-enditem|p1a: Weavile|Life Orb|[from] move: Knock Off|[of] p2a: Great Tusk
|faint|p1a: Weavile
|
|win|Deezmcnuggetz
|raw|DXSandstormsXD's rating: 1371 &rarr; <strong>1350</strong><br />(-21 for losing)
|raw|Deezmcnuggetz's rating: 1347 &rarr; <strong>1368</strong><br />(+21 for winning)
|c|☆Deezmcnuggetz|gg
|l|☆DXSandstormsXD
|player|p1|
|l|☆Deezmcnuggetz
|player|p2|
