|j|☆brabrasese
|j|☆dmac99
|t:|1743932304
|gametype|singles
|player|p1|brabrasese|hilbert|1457
|player|p2|dmac99|veteran|1508
|teamsize|p1|6
|teamsize|p2|6
|gen|9
|tier|[Gen 9] OU
|rated|
|rule|HP Percentage Mod: HP is shown in percentages
|rule|Endless Battle Clause: Forcing endless battles is banned
|rule|Species Clause: Limit one of each Pokémon
|rule|OHKO Clause: OHKO moves are banned
|rule|Evasion Items Clause: Evasion items are banned
|rule|Evasion Moves Clause: Evasion moves are banned
|rule|Sleep Moves Clause: Sleep-inducing moves are banned
|clearpoke
|poke|p1|Rillaboom, M|
|poke|p1|Rotom-Wash|
|poke|p1|Dragapult, M|
|poke|p1|Kingambit, M|
|poke|p1|Landorus-Therian, M|
|poke|p1|Pecharunt|
|poke|p2|Slowking-Galar, F|
|poke|p2|Cinderace, F|
|poke|p2|Kyurem|
|poke|p2|Corviknight, F|
|poke|p2|Ting-Lu|
|poke|p2|Dondozo, M|
|teampreview
|inactive|Battle timer is ON: inactive players will automatically lose when time's up. (requested by brabrasese)
|
|t:|1743932312
|start
|switch|p1a: Dragapult|Dragapult, M|100/100
|switch|p2a: Cinderace|Cinderace, F|100/100
|turn|1
|
|t:|1743932317
|switch|p2a: Ting-Lu|Ting-Lu|100/100
|-ability|p2a: Ting-Lu|Vessel of Ruin
|move|p1a: Dragapult|Draco Meteor|p2a: Ting-Lu
|-damage|p2a: Ting-Lu|64/100
|-unboost|p1a: Dragapult|spa|2
|
|-heal|p2a: Ting-Lu|70/100|[from] item: Leftovers
|upkeep
|turn|2
|
|t:|1743932322
|switch|p1a: Rillaboom|Rillaboom, M|100/100
|-fieldstart|move: Grassy Terrain|[from] ability: Grassy Surge|[of] p1a: Rillaboom
|switch|p2a: Slowking|Slowking-Galar, F|100/100
|
|upkeep
|turn|3
|
|t:|1743932329
|switch|p2a: Corviknight|Corviknight, F, shiny|100/100
|-ability|p2a: Corviknight|Pressure
|move|p1a: Rillaboom|Knock Off|p2a: Corviknight
|-damage|p2a: Corviknight|69/100
|-damage|p1a: Rillaboom|84/100|[from] item: Rocky Helmet|[of] p2a: Corviknight
|-enditem|p2a: Corviknight|Rocky Helmet|[from] move: Knock Off|[of] p1a: Rillaboom
|
|-heal|p1a: Rillaboom|90/100|[from] Grassy Terrain
|upkeep
|turn|4
|
|t:|1743932335
|switch|p1a: Landorus|Landorus-Therian, M|100/100
|-ability|p1a: Landorus|Intimidate|boost
|-unboost|p2a: Corviknight|atk|1
|switch|p2a: Slowking|Slowking-Galar, F|100/100
|
|upkeep
|turn|5
|
|t:|1743932338
|move|p1a: Landorus|U-turn|p2a: Slowking
|-damage|p2a: Slowking|86/100
|
|t:|1743932341
|switch|p1a: Pecharunt|Pecharunt|100/100|[from] U-turn
|-prepare|p2a: Slowking|Chilly Reception|[premajor]
|move|p2a: Slowking|Chilly Reception|p2a: Slowking
|-weather|Snowscape
|
|t:|1743932345
|switch|p2a: Kyurem|Kyurem|100/100|[from] Chilly Reception
|-ability|p2a: Kyurem|Pressure
|
|-weather|Snowscape|[upkeep]
|upkeep
|turn|6
|
|t:|1743932354
|-terastallize|p2a: Kyurem|Ice
|move|p1a: Pecharunt|Parting Shot|p2a: Kyurem
|-unboost|p2a: Kyurem|atk|1
|-unboost|p2a: Kyurem|spa|1
|
|t:|1743932360
|switch|p1a: Kingambit|Kingambit, M|100/100|[from] Parting Shot
|move|p2a: Kyurem|Blizzard|p1a: Kingambit
|-resisted|p1a: Kingambit
|-crit|p1a: Kingambit
|-damage|p1a: Kingambit|0 fnt
|faint|p1a: Kingambit
|-end|p1a: Kingambit|fallenundefined|[silent]
|
|-weather|Snowscape|[upkeep]
|-fieldend|move: Grassy Terrain
|upkeep
|
|t:|1743932381
|switch|p1a: Dragapult|Dragapult, M|100/100
|turn|7
|
|t:|1743932396
|switch|p2a: Ting-Lu|Ting-Lu|70/100
|-ability|p2a: Ting-Lu|Vessel of Ruin
|move|p1a: Dragapult|Flamethrower|p2a: Ting-Lu
|-damage|p2a: Ting-Lu|54/100
|
|-weather|Snowscape|[upkeep]
|-heal|p2a: Ting-Lu|61/100|[from] item: Leftovers
|upkeep
|turn|8
|
|t:|1743932423
|switch|p1a: Rillaboom|Rillaboom, M|90/100
|-fieldstart|move: Grassy Terrain|[from] ability: Grassy Surge|[of] p1a: Rillaboom
|switch|p2a: Corviknight|Corviknight, F, shiny|69/100
|-ability|p2a: Corviknight|Pressure
|
|-weather|Snowscape|[upkeep]
|-heal|p1a: Rillaboom|96/100|[from] Grassy Terrain
|upkeep
|turn|9
|
|t:|1743932429
|move|p1a: Rillaboom|Wood Hammer|p2a: Corviknight
|-resisted|p2a: Corviknight
|-damage|p2a: Corviknight|50/100
|-damage|p1a: Rillaboom|89/100|[from] Recoil
|move|p2a: Corviknight|Roost|p2a: Corviknight
|-heal|p2a: Corviknight|99/100
|-singleturn|p2a: Corviknight|move: Roost
|
|-weather|none
|-heal|p1a: Rillaboom|95/100|[from] Grassy Terrain
|-heal|p2a: Corviknight|100/100|[from] Grassy Terrain
|upkeep
|turn|10
|
|t:|1743932434
|switch|p1a: Landorus|Landorus-Therian, M|100/100
|-ability|p1a: Landorus|Intimidate|boost
|-unboost|p2a: Corviknight|atk|1
|switch|p2a: Slowking|Slowking-Galar, F|100/100
|
|upkeep
|turn|11
|
|t:|1743932437
|move|p1a: Landorus|Stealth Rock|p2a: Slowking
|-sidestart|p2: dmac99|move: Stealth Rock
|-prepare|p2a: Slowking|Chilly Reception|[premajor]
|move|p2a: Slowking|Chilly Reception|p2a: Slowking
|-weather|Snowscape
|
|t:|1743932439
|switch|p2a: Kyurem|Kyurem, tera:Ice|100/100|[from] Chilly Reception
|-damage|p2a: Kyurem|76/100|[from] Stealth Rock
|-ability|p2a: Kyurem|Pressure
|
|-weather|Snowscape|[upkeep]
|-heal|p2a: Kyurem|82/100|[from] Grassy Terrain
|upkeep
|turn|12
|
|t:|1743932442
|move|p1a: Landorus|U-turn|p2a: Kyurem
|-damage|p2a: Kyurem|68/100
|
|t:|1743932444
|switch|p1a: Rotom|Rotom-Wash|100/100|[from] U-turn
|move|p2a: Kyurem|Blizzard|p1a: Rotom
|-resisted|p1a: Rotom
|-damage|p1a: Rotom|33/100
|
|-weather|Snowscape|[upkeep]
|-heal|p2a: Kyurem|74/100|[from] Grassy Terrain
|-heal|p1a: Rotom|40/100|[from] item: Leftovers
|-fieldend|move: Grassy Terrain
|upkeep
|turn|13
|
|t:|1743932451
|move|p2a: Kyurem|Blizzard|p1a: Rotom
|-resisted|p1a: Rotom
|-damage|p1a: Rotom|0 fnt
|faint|p1a: Rotom
|
|-weather|Snowscape|[upkeep]
|upkeep
|
|t:|1743932458
|switch|p1a: Dragapult|Dragapult, M|100/100
|turn|14
|
|t:|1743932462
|switch|p2a: Slowking|Slowking-Galar, F|100/100
|-damage|p2a: Slowking|88/100|[from] Stealth Rock
|move|p1a: Dragapult|Draco Meteor|p2a: Slowking
|-damage|p2a: Slowking|27/100
|-unboost|p1a: Dragapult|spa|2
|
|-weather|Snowscape|[upkeep]
|upkeep
|turn|15
|
|t:|1743932467
|switch|p1a: Rillaboom|Rillaboom, M|95/100
|-fieldstart|move: Grassy Terrain|[from] ability: Grassy Surge|[of] p1a: Rillaboom
|switch|p2a: Ting-Lu|Ting-Lu|61/100
|-damage|p2a: Ting-Lu|54/100|[from] Stealth Rock
|-ability|p2a: Ting-Lu|Vessel of Ruin
|
|-weather|none
|-heal|p1a: Rillaboom|100/100|[from] Grassy Terrain
|-heal|p2a: Ting-Lu|61/100|[from] Grassy Terrain
|-heal|p2a: Ting-Lu|67/100|[from] item: Leftovers
|upkeep
|turn|16
|
|t:|1743932471
|switch|p2a: Corviknight|Corviknight, F, shiny|100/100
|-damage|p2a: Corviknight|88/100|[from] Stealth Rock
|-ability|p2a: Corviknight|Pressure
|move|p1a: Rillaboom|U-turn|p2a: Corviknight
|-resisted|p2a: Corviknight
|-crit|p2a: Corviknight
|-damage|p2a: Corviknight|79/100
|
|t:|1743932474
|switch|p1a: Dragapult|Dragapult, M|100/100|[from] U-turn
|
|upkeep
|turn|17
|
|t:|1743932478
|switch|p2a: Ting-Lu|Ting-Lu|67/100
|-damage|p2a: Ting-Lu|61/100|[from] Stealth Rock
|-ability|p2a: Ting-Lu|Vessel of Ruin
|move|p1a: Dragapult|U-turn|p2a: Ting-Lu
|-supereffective|p2a: Ting-Lu
|-crit|p2a: Ting-Lu
|-damage|p2a: Ting-Lu|30/100
|
|t:|1743932482
|switch|p1a: Rillaboom|Rillaboom, M|100/100|[from] U-turn
|
|-heal|p2a: Ting-Lu|36/100|[from] Grassy Terrain
|-heal|p2a: Ting-Lu|42/100|[from] item: Leftovers
|upkeep
|turn|18
|
|t:|1743932485
|switch|p2a: Corviknight|Corviknight, F, shiny|79/100
|-damage|p2a: Corviknight|67/100|[from] Stealth Rock
|-ability|p2a: Corviknight|Pressure
|move|p1a: Rillaboom|Wood Hammer|p2a: Corviknight
|-resisted|p2a: Corviknight
|-crit|p2a: Corviknight
|-damage|p2a: Corviknight|39/100
|-damage|p1a: Rillaboom|90/100|[from] Recoil
|
|-heal|p1a: Rillaboom|96/100|[from] Grassy Terrain
|upkeep
|turn|19
|
|t:|1743932488
|switch|p1a: Dragapult|Dragapult, M|100/100
|move|p2a: Corviknight|Defog|p1a: Dragapult
|-unboost|p1a: Dragapult|evasion|1
|-sideend|p2: dmac99|Stealth Rock|[from] move: Defog|[of] p2a: Corviknight
|-fieldend|move: Grassy Terrain
|
|upkeep
|turn|20
|
|t:|1743932494
|switch|p2a: Ting-Lu|Ting-Lu|42/100
|-ability|p2a: Ting-Lu|Vessel of Ruin
|move|p1a: Dragapult|Draco Meteor|p2a: Ting-Lu
|-damage|p2a: Ting-Lu|8/100
|-unboost|p1a: Dragapult|spa|2
|
|-heal|p2a: Ting-Lu|15/100|[from] item: Leftovers
|upkeep
|turn|21
|
|t:|1743932500
|switch|p2a: Slowking|Slowking-Galar, F|60/100
|move|p1a: Dragapult|Draco Meteor|p2a: Slowking
|-damage|p2a: Slowking|28/100
|-unboost|p1a: Dragapult|spa|2
|
|upkeep
|turn|22
|
|t:|1743932505
|switch|p1a: Pecharunt|Pecharunt|100/100
|-prepare|p2a: Slowking|Chilly Reception|[premajor]
|move|p2a: Slowking|Chilly Reception|p2a: Slowking
|-weather|Snowscape
|
|t:|1743932509
|switch|p2a: Kyurem|Kyurem, tera:Ice|74/100|[from] Chilly Reception
|-ability|p2a: Kyurem|Pressure
|
|-weather|Snowscape|[upkeep]
|upkeep
|turn|23
|
|t:|1743932517
|move|p1a: Pecharunt|Malignant Chain|p2a: Kyurem
|-damage|p2a: Kyurem|46/100
|move|p2a: Kyurem|Blizzard|p1a: Pecharunt
|-damage|p1a: Pecharunt|0 fnt
|faint|p1a: Pecharunt
|
|-weather|Snowscape|[upkeep]
|upkeep
|
|t:|1743932523
|switch|p1a: Rillaboom|Rillaboom, M|96/100
|-fieldstart|move: Grassy Terrain|[from] ability: Grassy Surge|[of] p1a: Rillaboom
|turn|24
|
|t:|1743932527
|switch|p2a: Corviknight|Corviknight, F, shiny|39/100
|-ability|p2a: Corviknight|Pressure
|-terastallize|p1a: Rillaboom|Grass
|move|p1a: Rillaboom|Grassy Glide|p2a: Corviknight
|-resisted|p2a: Corviknight
|-damage|p2a: Corviknight|27/100
|
|-weather|Snowscape|[upkeep]
|-heal|p1a: Rillaboom|100/100|[from] Grassy Terrain
|upkeep
|turn|25
|
|t:|1743932535
|switch|p1a: Dragapult|Dragapult, M|100/100
|move|p2a: Corviknight|Roost|p2a: Corviknight
|-heal|p2a: Corviknight|77/100
|-singleturn|p2a: Corviknight|move: Roost
|
|-weather|Snowscape|[upkeep]
|-heal|p2a: Corviknight|83/100|[from] Grassy Terrain
|upkeep
|turn|26
|
|t:|1743932546
|move|p1a: Dragapult|Flamethrower|p2a: Corviknight
|-supereffective|p2a: Corviknight
|-damage|p2a: Corviknight|17/100
|move|p2a: Corviknight|Roost|p2a: Corviknight
|-heal|p2a: Corviknight|67/100
|-singleturn|p2a: Corviknight|move: Roost
|
|-weather|none
|-heal|p2a: Corviknight|73/100|[from] Grassy Terrain
|upkeep
|turn|27
|
|t:|1743932549
|switch|p2a: Slowking|Slowking-Galar, F|61/100
|move|p1a: Dragapult|Flamethrower|p2a: Slowking
|-damage|p2a: Slowking|31/100
|
|-heal|p2a: Slowking|37/100|[from] Grassy Terrain
|upkeep
|turn|28
|
|t:|1743932555
|switch|p1a: Rillaboom|Rillaboom, M, tera:Grass|100/100
|-prepare|p2a: Slowking|Chilly Reception|[premajor]
|move|p2a: Slowking|Chilly Reception|p2a: Slowking
|-weather|Snowscape
|
|t:|1743932559
|switch|p2a: Kyurem|Kyurem, tera:Ice|46/100|[from] Chilly Reception
|-ability|p2a: Kyurem|Pressure
|
|-weather|Snowscape|[upkeep]
|-heal|p2a: Kyurem|52/100|[from] Grassy Terrain
|-fieldend|move: Grassy Terrain
|upkeep
|turn|29
|
|t:|1743932585
|switch|p1a: Landorus|Landorus-Therian, M|100/100
|-ability|p1a: Landorus|Intimidate|boost
|-unboost|p2a: Kyurem|atk|1
|move|p2a: Kyurem|Blizzard|p1a: Landorus
|-supereffective|p1a: Landorus
|-damage|p1a: Landorus|0 fnt
|faint|p1a: Landorus
|
|-weather|Snowscape|[upkeep]
|upkeep
|
|t:|1743932587
|switch|p1a: Rillaboom|Rillaboom, M, tera:Grass|100/100
|-fieldstart|move: Grassy Terrain|[from] ability: Grassy Surge|[of] p1a: Rillaboom
|turn|30
|
|t:|1743932589
|switch|p2a: Corviknight|Corviknight, F, shiny|73/100
|-ability|p2a: Corviknight|Pressure
|move|p1a: Rillaboom|U-turn|p2a: Corviknight
|-resisted|p2a: Corviknight
|-damage|p2a: Corviknight|67/100
|
|t:|1743932591
|switch|p1a: Dragapult|Dragapult, M|100/100|[from] U-turn
|
|-weather|Snowscape|[upkeep]
|upkeep
|turn|31
|
|t:|1743932593
|switch|p2a: Slowking|Slowking-Galar, F|71/100
|move|p1a: Dragapult|Shadow Ball|p2a: Slowking
|-supereffective|p2a: Slowking
|-damage|p2a: Slowking|0 fnt
|faint|p2a: Slowking
|
|-weather|Snowscape|[upkeep]
|upkeep
|
|t:|1743932599
|switch|p2a: Ting-Lu|Ting-Lu|15/100
|-ability|p2a: Ting-Lu|Vessel of Ruin
|turn|32
|
|t:|1743932603
|move|p1a: Dragapult|Shadow Ball|p2a: Ting-Lu
|-resisted|p2a: Ting-Lu
|-damage|p2a: Ting-Lu|4/100
|move|p2a: Ting-Lu|Rest|p2a: Ting-Lu
|-status|p2a: Ting-Lu|slp|[from] move: Rest
|-heal|p2a: Ting-Lu|100/100 slp|[silent]
|
|-weather|none
|upkeep
|turn|33
|
|t:|1743932608
|switch|p1a: Rillaboom|Rillaboom, M, tera:Grass|100/100
|switch|p2a: Corviknight|Corviknight, F, shiny|67/100
|-ability|p2a: Corviknight|Pressure
|
|upkeep
|turn|34
|
|t:|1743932624
|move|p1a: Rillaboom|U-turn|p2a: Corviknight
|-resisted|p2a: Corviknight
|-damage|p2a: Corviknight|62/100
|
|t:|1743932627
|switch|p1a: Dragapult|Dragapult, M|100/100|[from] U-turn
|move|p2a: Corviknight|Roost|p2a: Corviknight
|-heal|p2a: Corviknight|100/100
|-singleturn|p2a: Corviknight|move: Roost
|
|-fieldend|move: Grassy Terrain
|upkeep
|turn|35
|
|t:|1743932632
|switch|p2a: Ting-Lu|Ting-Lu|100/100 slp
|-ability|p2a: Ting-Lu|Vessel of Ruin
|move|p1a: Dragapult|Flamethrower|p2a: Ting-Lu
|-damage|p2a: Ting-Lu|85/100 slp
|
|-heal|p2a: Ting-Lu|91/100 slp|[from] item: Leftovers
|upkeep
|turn|36
|
|t:|1743932639
|switch|p1a: Rillaboom|Rillaboom, M, tera:Grass|100/100
|-fieldstart|move: Grassy Terrain|[from] ability: Grassy Surge|[of] p1a: Rillaboom
|cant|p2a: Ting-Lu|slp
|move|p2a: Ting-Lu|Sleep Talk|p2a: Ting-Lu
|move|p2a: Ting-Lu|Payback|p1a: Rillaboom|[from] move: Sleep Talk
|-damage|p1a: Rillaboom|80/100
|
|-heal|p1a: Rillaboom|86/100|[from] Grassy Terrain
|-heal|p2a: Ting-Lu|98/100 slp|[from] Grassy Terrain
|-heal|p2a: Ting-Lu|100/100 slp|[from] item: Leftovers
|upkeep
|turn|37
|
|t:|1743932647
|switch|p2a: Corviknight|Corviknight, F, shiny|100/100
|-ability|p2a: Corviknight|Pressure
|move|p1a: Rillaboom|U-turn|p2a: Corviknight
|-resisted|p2a: Corviknight
|-damage|p2a: Corviknight|94/100
|
|t:|1743932648
|switch|p1a: Dragapult|Dragapult, M|100/100|[from] U-turn
|
|upkeep
|turn|38
|
|t:|1743932663
|switch|p2a: Ting-Lu|Ting-Lu|100/100 slp
|-ability|p2a: Ting-Lu|Vessel of Ruin
|move|p1a: Dragapult|Draco Meteor|p2a: Ting-Lu
|-damage|p2a: Ting-Lu|64/100 slp
|-unboost|p1a: Dragapult|spa|2
|
|-heal|p2a: Ting-Lu|71/100 slp|[from] Grassy Terrain
|-heal|p2a: Ting-Lu|77/100 slp|[from] item: Leftovers
|upkeep
|turn|39
|
|t:|1743932666
|switch|p1a: Rillaboom|Rillaboom, M, tera:Grass|86/100
|cant|p2a: Ting-Lu|slp
|move|p2a: Ting-Lu|Sleep Talk|p2a: Ting-Lu
|move|p2a: Ting-Lu|Earthquake|p1a: Rillaboom|[from] move: Sleep Talk
|-resisted|p1a: Rillaboom
|-damage|p1a: Rillaboom|75/100
|
|-heal|p1a: Rillaboom|81/100|[from] Grassy Terrain
|-heal|p2a: Ting-Lu|83/100 slp|[from] Grassy Terrain
|-heal|p2a: Ting-Lu|89/100 slp|[from] item: Leftovers
|upkeep
|turn|40
|
|t:|1743932673
|switch|p2a: Corviknight|Corviknight, F, shiny|94/100
|-ability|p2a: Corviknight|Pressure
|move|p1a: Rillaboom|Wood Hammer|p2a: Corviknight
|-resisted|p2a: Corviknight
|-damage|p2a: Corviknight|68/100
|-damage|p1a: Rillaboom|71/100|[from] Recoil
|
|-heal|p1a: Rillaboom|77/100|[from] Grassy Terrain
|-fieldend|move: Grassy Terrain
|upkeep
|turn|41
|
|t:|1743932680
|switch|p1a: Dragapult|Dragapult, M|100/100
|switch|p2a: Ting-Lu|Ting-Lu|89/100 slp
|-ability|p2a: Ting-Lu|Vessel of Ruin
|
|-heal|p2a: Ting-Lu|95/100 slp|[from] item: Leftovers
|upkeep
|turn|42
|
|t:|1743932684
|move|p1a: Dragapult|Flamethrower|p2a: Ting-Lu
|-damage|p2a: Ting-Lu|79/100 slp
|-curestatus|p2a: Ting-Lu|slp|[msg]
|move|p2a: Ting-Lu|Payback|p1a: Dragapult
|-supereffective|p1a: Dragapult
|-damage|p1a: Dragapult|4/100
|
|-heal|p2a: Ting-Lu|86/100|[from] item: Leftovers
|upkeep
|turn|43
|
|t:|1743932690
|switch|p1a: Rillaboom|Rillaboom, M, tera:Grass|77/100
|-fieldstart|move: Grassy Terrain|[from] ability: Grassy Surge|[of] p1a: Rillaboom
|move|p2a: Ting-Lu|Payback|p1a: Rillaboom
|-damage|p1a: Rillaboom|56/100
|
|-heal|p1a: Rillaboom|62/100|[from] Grassy Terrain
|-heal|p2a: Ting-Lu|92/100|[from] Grassy Terrain
|-heal|p2a: Ting-Lu|98/100|[from] item: Leftovers
|upkeep
|turn|44
|
|t:|1743932696
|switch|p2a: Corviknight|Corviknight, F, shiny|68/100
|-ability|p2a: Corviknight|Pressure
|move|p1a: Rillaboom|Wood Hammer|p2a: Corviknight
|-resisted|p2a: Corviknight
|-damage|p2a: Corviknight|39/100
|-damage|p1a: Rillaboom|51/100|[from] Recoil
|
|-heal|p1a: Rillaboom|57/100|[from] Grassy Terrain
|upkeep
|turn|45
|
|t:|1743932700
|move|p1a: Rillaboom|Wood Hammer|p2a: Corviknight
|-resisted|p2a: Corviknight
|-damage|p2a: Corviknight|12/100
|-damage|p1a: Rillaboom|47/100|[from] Recoil
|move|p2a: Corviknight|Roost|p2a: Corviknight
|-heal|p2a: Corviknight|62/100
|-singleturn|p2a: Corviknight|move: Roost
|
|-heal|p1a: Rillaboom|53/100|[from] Grassy Terrain
|-heal|p2a: Corviknight|68/100|[from] Grassy Terrain
|upkeep
|turn|46
|
|t:|1743932703
|switch|p2a: Ting-Lu|Ting-Lu|98/100
|-ability|p2a: Ting-Lu|Vessel of Ruin
|move|p1a: Rillaboom|Wood Hammer|p2a: Ting-Lu
|-supereffective|p2a: Ting-Lu
|-crit|p2a: Ting-Lu
|-damage|p2a: Ting-Lu|0 fnt
|faint|p2a: Ting-Lu
|-damage|p1a: Rillaboom|5/100|[from] Recoil
|
|-heal|p1a: Rillaboom|11/100|[from] Grassy Terrain
|upkeep
|
|t:|1743932706
|switch|p2a: Cinderace|Cinderace, F|100/100
|turn|47
|
|t:|1743932711
|move|p2a: Cinderace|U-turn|p1a: Rillaboom
|-supereffective|p1a: Rillaboom
|-damage|p1a: Rillaboom|0 fnt
|faint|p1a: Rillaboom
|
|t:|1743932714
|switch|p2a: Corviknight|Corviknight, F, shiny|68/100|[from] U-turn
|-ability|p2a: Corviknight|Pressure
|
|-fieldend|move: Grassy Terrain
|upkeep
|
|t:|1743932716
|switch|p1a: Dragapult|Dragapult, M|4/100
|turn|48
|
|t:|1743932721
|move|p1a: Dragapult|Flamethrower|p2a: Corviknight
|-supereffective|p2a: Corviknight
|-damage|p2a: Corviknight|0 fnt
|faint|p2a: Corviknight
|
|upkeep
|
|t:|1743932724
|switch|p2a: Cinderace|Cinderace, F|100/100
|turn|49
|
|t:|1743932726
|move|p1a: Dragapult|Flamethrower|p2a: Cinderace
|-resisted|p2a: Cinderace
|-damage|p2a: Cinderace|79/100
|move|p2a: Cinderace|U-turn|p1a: Dragapult
|-resisted|p1a: Dragapult
|-damage|p1a: Dragapult|0 fnt
|faint|p1a: Dragapult
|
|win|dmac99
|raw|brabrasese's rating: 1457 &rarr; <strong>1440</strong><br />(-17 for losing)
|raw|dmac99's rating: 1508 &rarr; <strong>1525</strong><br />(+17 for winning)
|l|☆dmac99
|player|p2|
|l|☆brabrasese
|player|p1|
