|j|☆mr tickley
|j|☆Jklqtlq
|t:|1743821324
|gametype|singles
|player|p1|mr tickley|266|1507
|player|p2|Jklqtlq|101|1472
|teamsize|p1|6
|teamsize|p2|6
|gen|9
|tier|[Gen 9] OU
|rated|
|rule|HP Percentage Mod: HP is shown in percentages
|rule|Endless Battle Clause: Forcing endless battles is banned
|rule|Species Clause: Limit one of each Pokémon
|rule|OHKO Clause: OHKO moves are banned
|rule|Evasion Items Clause: Evasion items are banned
|rule|Evasion Moves Clause: Evasion moves are banned
|rule|Sleep Moves Clause: Sleep-inducing moves are banned
|clearpoke
|poke|p1|Jirachi|
|poke|p1|Enamorus, F|
|poke|p1|Garchomp, M|
|poke|p1|Chesnaught, M|
|poke|p1|Empoleon, M|
|poke|p1|Pecharunt|
|poke|p2|Sableye, F|
|poke|p2|Weezing-Galar, F|
|poke|p2|Lokix, M|
|poke|p2|Maushold|
|poke|p2|Keldeo-Resolute|
|poke|p2|Ditto|
|teampreview
|inactive|Battle timer is ON: inactive players will automatically lose when time's up. (requested by mr tickley)
|
|t:|1743821336
|start
|switch|p1a: Enamorus|Enamorus, F|100/100
|switch|p2a: Sableye|Sableye, F|100/100
|turn|1
|
|t:|1743821348
|switch|p2a: Weezing|Weezing-Galar, F|100/100
|-ability|p2a: Weezing|Neutralizing Gas
|move|p1a: Enamorus|Moonblast|p2a: Weezing
|-resisted|p2a: Weezing
|-damage|p2a: Weezing|73/100
|-unboost|p2a: Weezing|spa|1
|
|-heal|p2a: Weezing|79/100|[from] item: Leftovers
|upkeep
|turn|2
|
|t:|1743821361
|switch|p1a: Jirachi|Jirachi|100/100
|-end|p2a: Weezing|ability: Neutralizing Gas
|switch|p2a: Keldeo|Keldeo-Resolute|100/100
|
|upkeep
|turn|3
|
|t:|1743821368
|move|p2a: Keldeo|Surf|p1a: Jirachi
|-damage|p1a: Jirachi|56/100
|move|p1a: Jirachi|Psychic Noise|p2a: Keldeo
|-supereffective|p2a: Keldeo
|-damage|p2a: Keldeo|21/100
|-start|p2a: Keldeo|move: Heal Block
|
|upkeep
|turn|4
|
|t:|1743821381
|switch|p2a: Lokix|Lokix, M|100/100
|switch|p1a: Empoleon|Empoleon, M|100/100
|
|upkeep
|turn|5
|
|t:|1743821388
|move|p2a: Lokix|U-turn|p1a: Empoleon
|-resisted|p1a: Empoleon
|-damage|p1a: Empoleon|52/100
|
|t:|1743821397
|switch|p2a: Sableye|Sableye, F|100/100|[from] U-turn
|move|p1a: Empoleon|Stealth Rock|p2a: Sableye
|-sidestart|p2: Jklqtlq|move: Stealth Rock
|
|-heal|p1a: Empoleon|58/100|[from] item: Leftovers
|upkeep
|turn|6
|
|t:|1743821425
|switch|p1a: Enamorus|Enamorus, F|100/100
|move|p2a: Sableye|Will-O-Wisp|p1a: Enamorus
|-status|p1a: Enamorus|brn
|
|-damage|p1a: Enamorus|94/100 brn|[from] brn
|upkeep
|turn|7
|
|t:|1743821433
|switch|p2a: Ditto|Ditto|100/100
|-damage|p2a: Ditto|88/100|[from] Stealth Rock
|-transform|p2a: Ditto|p1a: Enamorus|[from] ability: Imposter
|move|p1a: Enamorus|Earth Power|p2a: Ditto
|-immune|p2a: Ditto
|
|-damage|p1a: Enamorus|88/100 brn|[from] brn
|upkeep
|turn|8
|inactive|mr tickley has 120 seconds left.
|
|t:|1743821456
|switch|p1a: Pecharunt|Pecharunt|100/100
|move|p2a: Ditto|Mystical Fire|p1a: Pecharunt
|-damage|p1a: Pecharunt|68/100
|-unboost|p1a: Pecharunt|spa|1
|
|upkeep
|turn|9
|
|t:|1743821466
|switch|p2a: Weezing|Weezing-Galar, F|79/100
|-ability|p2a: Weezing|Neutralizing Gas
|-damage|p2a: Weezing|67/100|[from] Stealth Rock
|move|p1a: Pecharunt|Parting Shot|p2a: Weezing
|-unboost|p2a: Weezing|atk|1
|-unboost|p2a: Weezing|spa|1
|
|t:|1743821470
|switch|p1a: Jirachi|Jirachi|56/100|[from] Parting Shot
|
|-heal|p2a: Weezing|73/100|[from] item: Leftovers
|upkeep
|turn|10
|
|t:|1743821481
|-end|p2a: Weezing|ability: Neutralizing Gas
|switch|p2a: Sableye|Sableye, F|100/100
|-damage|p2a: Sableye|88/100|[from] Stealth Rock
|move|p1a: Jirachi|Doom Desire|p2a: Sableye
|-start|p1a: Jirachi|Doom Desire
|
|-heal|p2a: Sableye|94/100|[from] item: Leftovers
|upkeep
|turn|11
|
|t:|1743821507
|move|p1a: Jirachi|U-turn|p2a: Sableye
|-damage|p2a: Sableye|79/100
|
|t:|1743821521
|switch|p1a: Empoleon|Empoleon, M|58/100|[from] U-turn
|move|p2a: Sableye|Night Shade|p1a: Empoleon
|-damage|p1a: Empoleon|31/100
|
|-heal|p1a: Empoleon|38/100|[from] item: Leftovers
|-heal|p2a: Sableye|86/100|[from] item: Leftovers
|upkeep
|turn|12
|
|t:|1743821547
|switch|p2a: Ditto|Ditto|88/100
|-damage|p2a: Ditto|76/100|[from] Stealth Rock
|-transform|p2a: Ditto|p1a: Empoleon|[from] ability: Imposter
|move|p1a: Empoleon|Roost|p1a: Empoleon
|-heal|p1a: Empoleon|88/100
|-singleturn|p1a: Empoleon|move: Roost
|
|-end|p2a: Ditto|move: Doom Desire
|-resisted|p2a: Ditto
|-damage|p2a: Ditto|63/100
|-heal|p1a: Empoleon|94/100|[from] item: Leftovers
|upkeep
|turn|13
|inactive|mr tickley has 120 seconds left.
|
|t:|1743821568
|switch|p1a: Jirachi|Jirachi|56/100
|move|p2a: Ditto|Stealth Rock|p1a: Jirachi
|-sidestart|p1: mr tickley|move: Stealth Rock
|
|upkeep
|turn|14
|inactive|mr tickley has 120 seconds left.
|
|t:|1743821581
|switch|p2a: Keldeo|Keldeo-Resolute|21/100
|-damage|p2a: Keldeo|14/100|[from] Stealth Rock
|move|p1a: Jirachi|U-turn|p2a: Keldeo
|-resisted|p2a: Keldeo
|-damage|p2a: Keldeo|6/100
|
|t:|1743821594
|switch|p1a: Enamorus|Enamorus, F|88/100 brn|[from] U-turn
|-damage|p1a: Enamorus|63/100 brn|[from] Stealth Rock
|
|-damage|p1a: Enamorus|57/100 brn|[from] brn
|upkeep
|turn|15
|
|t:|1743821603
|switch|p2a: Weezing|Weezing-Galar, F|73/100
|-ability|p2a: Weezing|Neutralizing Gas
|-damage|p2a: Weezing|61/100|[from] Stealth Rock
|move|p1a: Enamorus|Moonblast|p2a: Weezing
|-resisted|p2a: Weezing
|-damage|p2a: Weezing|36/100
|-unboost|p2a: Weezing|spa|1
|
|-heal|p2a: Weezing|42/100|[from] item: Leftovers
|-damage|p1a: Enamorus|51/100 brn|[from] brn
|upkeep
|turn|16
|inactive|mr tickley has 120 seconds left.
|
|t:|1743821621
|move|p1a: Enamorus|Moonblast|p2a: Weezing
|-resisted|p2a: Weezing
|-damage|p2a: Weezing|14/100
|move|p2a: Weezing|Defog|p1a: Enamorus
|-unboost|p1a: Enamorus|evasion|1
|-sideend|p1: mr tickley|Stealth Rock|[from] move: Defog|[of] p2a: Weezing
|-sideend|p2: Jklqtlq|Stealth Rock|[from] move: Defog|[of] p2a: Weezing
|
|-heal|p2a: Weezing|20/100|[from] item: Leftovers
|-damage|p1a: Enamorus|44/100 brn|[from] brn
|upkeep
|turn|17
|
|t:|1743821627
|move|p1a: Enamorus|Moonblast|p2a: Weezing
|-resisted|p2a: Weezing
|-damage|p2a: Weezing|0 fnt
|faint|p2a: Weezing
|-end|p2a: Weezing|ability: Neutralizing Gas
|
|-damage|p1a: Enamorus|38/100 brn|[from] brn
|upkeep
|
|t:|1743821636
|switch|p2a: Ditto|Ditto|63/100
|-transform|p2a: Ditto|p1a: Enamorus|[from] ability: Imposter
|turn|18
|
|t:|1743821647
|switch|p1a: Empoleon|Empoleon, M|94/100
|move|p2a: Ditto|Moonblast|p1a: Empoleon
|-resisted|p1a: Empoleon
|-damage|p1a: Empoleon|74/100
|-unboost|p1a: Empoleon|spa|1
|-ability|p1a: Empoleon|Competitive|boost
|-boost|p1a: Empoleon|spa|2
|
|-heal|p1a: Empoleon|81/100|[from] item: Leftovers
|upkeep
|turn|19
|
|t:|1743821656
|switch|p2a: Keldeo|Keldeo-Resolute|6/100
|move|p1a: Empoleon|Surf|p2a: Keldeo
|-resisted|p2a: Keldeo
|-damage|p2a: Keldeo|0 fnt
|faint|p2a: Keldeo
|
|-heal|p1a: Empoleon|87/100|[from] item: Leftovers
|upkeep
|
|t:|1743821662
|switch|p2a: Lokix|Lokix, M|100/100
|turn|20
|
|t:|1743821666
|move|p2a: Lokix|Axe Kick|p1a: Empoleon
|-supereffective|p1a: Empoleon
|-damage|p1a: Empoleon|0 fnt
|faint|p1a: Empoleon
|
|upkeep
|
|t:|1743821678
|switch|p1a: Enamorus|Enamorus, F|38/100 brn
|turn|21
|
|t:|1743821695
|switch|p2a: Sableye|Sableye, F|86/100
|move|p1a: Enamorus|Moonblast|p2a: Sableye
|-supereffective|p2a: Sableye
|-damage|p2a: Sableye|0 fnt
|faint|p2a: Sableye
|
|-damage|p1a: Enamorus|32/100 brn|[from] brn
|upkeep
|
|t:|1743821705
|switch|p2a: Ditto|Ditto|63/100
|-transform|p2a: Ditto|p1a: Enamorus|[from] ability: Imposter
|turn|22
|
|t:|1743821714
|switch|p1a: Pecharunt|Pecharunt|68/100
|move|p2a: Ditto|Moonblast|p1a: Pecharunt
|-resisted|p1a: Pecharunt
|-damage|p1a: Pecharunt|41/100
|
|upkeep
|turn|23
|
|t:|1743821721
|move|p2a: Ditto|Moonblast|p1a: Pecharunt
|-resisted|p1a: Pecharunt
|-damage|p1a: Pecharunt|14/100
|move|p1a: Pecharunt|Malignant Chain|p2a: Ditto
|-supereffective|p2a: Ditto
|-damage|p2a: Ditto|0 fnt
|faint|p2a: Ditto
|
|upkeep
|
|t:|1743821727
|switch|p2a: Lokix|Lokix, M|100/100
|turn|24
|
|t:|1743821732
|move|p2a: Lokix|U-turn|p1a: Pecharunt
|-resisted|p1a: Pecharunt
|-damage|p1a: Pecharunt|1/100
|
|t:|1743821735
|switch|p2a: Maushold|Maushold|100/100|[from] U-turn
|move|p1a: Pecharunt|Malignant Chain|p2a: Maushold
|-damage|p2a: Maushold|53/100
|-status|p2a: Maushold|tox
|-start|p2a: Maushold|confusion|[from] ability: Poison Puppeteer|[of] p1a: Pecharunt
|
|-damage|p2a: Maushold|47/100 tox|[from] psn
|upkeep
|turn|25
|-message|Jklqtlq forfeited.
|
|win|mr tickley
|raw|mr tickley's rating: 1507 &rarr; <strong>1525</strong><br />(+18 for winning)
|raw|Jklqtlq's rating: 1472 &rarr; <strong>1454</strong><br />(-18 for losing)
|l|☆Jklqtlq
|player|p2|
|l|☆mr tickley
|player|p1|
