|badge|p2|silver|gen9ou|30-5
|badge|p2|bronze|gen9ubers|100-5
|uhtml|medal-msg|<div class="broadcast-blue">Curious what those medals under the avatar are? PS now has Ladder Seasons! For more information, check out the <a href="https://www.smogon.com/forums/threads/3740067/">thread on Smogon.</a></div>
|j|☆PekPicPek
|j|‽block laflame
|t:|1743887311
|gametype|singles
|player|p1|PekPicPek|chuck|1679
|player|p2|block laflame|marshal|1971
|teamsize|p1|6
|teamsize|p2|6
|gen|9
|tier|[Gen 9] OU
|rated|
|rule|HP Percentage Mod: HP is shown in percentages
|rule|Endless Battle Clause: Forcing endless battles is banned
|rule|Species Clause: Limit one of each Pokémon
|rule|OHKO Clause: OHKO moves are banned
|rule|Evasion Items Clause: Evasion items are banned
|rule|Evasion Moves Clause: Evasion moves are banned
|rule|Sleep Moves Clause: Sleep-inducing moves are banned
|clearpoke
|poke|p1|Dragapult, F|
|poke|p1|Great Tusk|
|poke|p1|Moltres|
|poke|p1|Azumarill, M|
|poke|p1|Kingambit, M|
|poke|p1|Klawf, F|
|poke|p2|Ribombee, M|
|poke|p2|Gholdengo|
|poke|p2|Great Tusk|
|poke|p2|Raging Bolt|
|poke|p2|Ogerpon-Cornerstone, F|
|poke|p2|Ceruledge, M|
|teampreview
|
|t:|1743887335
|start
|switch|p1a: Wyatt|Klawf, F|100/100
|switch|p2a: Ribombee|Ribombee, M, shiny|100/100
|turn|1
|
|t:|1743887338
|move|p2a: Ribombee|Sticky Web|p1a: Wyatt
|-sidestart|p1: PekPicPek|move: Sticky Web
|move|p1a: Wyatt|Rock Blast|p2a: Ribombee
|-supereffective|p2a: Ribombee
|-damage|p2a: Ribombee|58/100
|-supereffective|p2a: Ribombee
|-crit|p2a: Ribombee
|-damage|p2a: Ribombee|0 fnt
|faint|p2a: Ribombee
|-hitcount|p2: Ribombee|2
|
|upkeep
|inactive|Battle timer is ON: inactive players will automatically lose when time's up. (requested by block laflame)
|
|t:|1743887355
|switch|p2a: Ogerpon|Ogerpon-Cornerstone, F|100/100
|turn|2
|
|t:|1743887358
|move|p2a: Ogerpon|Power Whip|p1a: Wyatt|[miss]
|-miss|p2a: Ogerpon|p1a: Wyatt
|move|p1a: Wyatt|Rock Blast|p2a: Ogerpon
|-damage|p2a: Ogerpon|86/100
|-damage|p2a: Ogerpon|72/100
|-damage|p2a: Ogerpon|58/100
|-damage|p2a: Ogerpon|45/100
|-hitcount|p2a: Ogerpon|4
|
|upkeep
|turn|3
|
|t:|1743887360
|move|p2a: Ogerpon|Power Whip|p1a: Wyatt
|-supereffective|p1a: Wyatt
|-crit|p1a: Wyatt
|-enditem|p1a: Wyatt|Focus Sash
|-damage|p1a: Wyatt|1/100
|-ability|p1a: Wyatt|Anger Shell|boost
|-boost|p1a: Wyatt|atk|1
|-boost|p1a: Wyatt|spa|1
|-boost|p1a: Wyatt|spe|1
|-unboost|p1a: Wyatt|def|1
|-unboost|p1a: Wyatt|spd|1
|move|p1a: Wyatt|Rock Blast|p2a: Ogerpon
|-damage|p2a: Ogerpon|23/100
|-damage|p2a: Ogerpon|2/100
|-damage|p2a: Ogerpon|0 fnt
|faint|p2a: Ogerpon
|-hitcount|p2: Ogerpon|3
|
|upkeep
|
|t:|1743887362
|switch|p2a: Ceruledge|Ceruledge, M, shiny|100/100
|turn|4
|
|t:|1743887366
|move|p2a: Ceruledge|Shadow Sneak|p1a: Wyatt
|-crit|p1a: Wyatt
|-damage|p1a: Wyatt|0 fnt
|faint|p1a: Wyatt
|
|upkeep
|
|t:|1743887372
|switch|p1a: Lucia|Azumarill, M|100/100
|-activate|p1a: Lucia|move: Sticky Web
|-unboost|p1a: Lucia|spe|1
|turn|5
|
|t:|1743887378
|switch|p2a: Raging Bolt|Raging Bolt|100/100
|-enditem|p2a: Raging Bolt|Booster Energy
|-activate|p2a: Raging Bolt|ability: Protosynthesis|[fromitem]
|-start|p2a: Raging Bolt|protosynthesisspa
|move|p1a: Lucia|Liquidation|p2a: Raging Bolt
|-resisted|p2a: Raging Bolt
|-damage|p2a: Raging Bolt|74/100
|
|upkeep
|turn|6
|
|t:|1743887387
|move|p2a: Raging Bolt|Thunderbolt|p1a: Lucia
|-supereffective|p1a: Lucia
|-damage|p1a: Lucia|10/100
|move|p1a: Lucia|Play Rough|p2a: Raging Bolt
|-supereffective|p2a: Raging Bolt
|-damage|p2a: Raging Bolt|0 fnt
|faint|p2a: Raging Bolt
|-end|p2a: Raging Bolt|Protosynthesis|[silent]
|
|upkeep
|
|t:|1743887396
|switch|p2a: Ceruledge|Ceruledge, M, shiny|100/100
|turn|7
|
|t:|1743887417
|switch|p1a: Emily|Moltres|100/100
|move|p2a: Ceruledge|Shadow Sneak|p1a: Emily
|-damage|p1a: Emily|86/100
|
|upkeep
|turn|8
|
|t:|1743887423
|move|p2a: Ceruledge|Swords Dance|p2a: Ceruledge
|-boost|p2a: Ceruledge|atk|2
|move|p1a: Emily|Hurricane|p2a: Ceruledge|[miss]
|-miss|p1a: Emily|p2a: Ceruledge
|
|upkeep
|turn|9
|
|t:|1743887427
|move|p2a: Ceruledge|Bitter Blade|p1a: Emily
|-resisted|p1a: Emily
|-damage|p1a: Emily|49/100
|move|p1a: Emily|Hurricane|p2a: Ceruledge|[miss]
|-miss|p1a: Emily|p2a: Ceruledge
|
|upkeep
|turn|10
|
|t:|1743887435
|move|p2a: Ceruledge|Swords Dance|p2a: Ceruledge
|-boost|p2a: Ceruledge|atk|2
|move|p1a: Emily|Hurricane|p2a: Ceruledge
|-damage|p2a: Ceruledge|44/100
|
|upkeep
|turn|11
|
|t:|1743887438
|move|p2a: Ceruledge|Bitter Blade|p1a: Emily
|-resisted|p1a: Emily
|-damage|p1a: Emily|0 fnt
|-heal|p2a: Ceruledge|76/100|[from] drain|[of] p1a: Emily
|faint|p1a: Emily
|
|upkeep
|
|t:|1743887439
|switch|p1a: Mr Bushido|Kingambit, M|100/100
|-activate|p1a: Mr Bushido|move: Sticky Web
|-unboost|p1a: Mr Bushido|spe|1
|-activate|p1a: Mr Bushido|ability: Supreme Overlord
|-start|p1a: Mr Bushido|fallen2|[silent]
|turn|12
|
|t:|1743887455
|-terastallize|p2a: Ceruledge|Fighting
|-terastallize|p1a: Mr Bushido|Dark
|move|p1a: Mr Bushido|Sucker Punch|p2a: Ceruledge
|-resisted|p2a: Ceruledge
|-damage|p2a: Ceruledge|18/100
|-ability|p2a: Ceruledge|Weak Armor|boost
|-unboost|p2a: Ceruledge|def|1
|-boost|p2a: Ceruledge|spe|2
|move|p2a: Ceruledge|Bitter Blade|p1a: Mr Bushido
|-damage|p1a: Mr Bushido|0 fnt
|-heal|p2a: Ceruledge|87/100|[from] drain|[of] p1a: Mr Bushido
|faint|p1a: Mr Bushido
|-end|p1a: Mr Bushido|fallen2|[silent]
|
|upkeep
|-message|PekPicPek forfeited.
|
|win|block laflame
|raw|PekPicPek's rating: 1679 &rarr; <strong>1673</strong><br />(-6 for losing)
|raw|block laflame's rating: 1971 &rarr; <strong>1977</strong><br />(+6 for winning)
|l|☆PekPicPek
|player|p1|
|l|‽block laflame
|player|p2|
