|j|☆LIL333
|j|☆ss_shedinja
|t:|1743828038
|gametype|singles
|player|p1|LIL333|steven|1110
|player|p2|ss_shedinja|barry|1117
|teamsize|p1|6
|teamsize|p2|6
|gen|9
|tier|[Gen 9] OU
|rated|
|rule|HP Percentage Mod: HP is shown in percentages
|rule|Endless Battle Clause: Forcing endless battles is banned
|rule|Species Clause: Limit one of each Pokémon
|rule|OHKO Clause: OHKO moves are banned
|rule|Evasion Items Clause: Evasion items are banned
|rule|Evasion Moves Clause: Evasion moves are banned
|rule|Sleep Moves Clause: Sleep-inducing moves are banned
|clearpoke
|poke|p1|Quaquaval, M|
|poke|p1|Hoopa-Unbound|
|poke|p1|Slowking-Galar, M|
|poke|p1|Gliscor, F|
|poke|p1|Dragapult, F|
|poke|p1|Heatran, F|
|poke|p2|Hatterene, F|
|poke|p2|Skeledirge, F|
|poke|p2|Clodsire, M|
|poke|p2|Quagsire, F|
|poke|p2|Iron Thorns|
|poke|p2|Hydrapple, M|
|teampreview
|
|t:|1743828052
|start
|switch|p1a: Heatran|Heatran, F|100/100
|switch|p2a: Skeledirge|Skeledirge, F|100/100
|turn|1
|
|t:|1743828057
|switch|p2a: Hatterene|Hatterene, F, shiny|100/100
|move|p1a: Heatran|Stealth Rock|p2a: Hatterene
|move|p2a: Hatterene|Stealth Rock|p1a: Heatran|[from] ability: Magic Bounce
|-sidestart|p1: LIL333|move: Stealth Rock
|
|upkeep
|turn|2
|
|t:|1743828079
|-terastallize|p2a: Hatterene|Water
|move|p1a: Heatran|Magma Storm|p2a: Hatterene|[miss]
|-miss|p1a: Heatran|p2a: Hatterene
|move|p2a: Hatterene|Calm Mind|p2a: Hatterene
|-boost|p2a: Hatterene|spa|1
|-boost|p2a: Hatterene|spd|1
|
|upkeep
|turn|3
|
|t:|1743828086
|move|p1a: Heatran|Magma Storm|p2a: Hatterene
|-resisted|p2a: Hatterene
|-damage|p2a: Hatterene|86/100
|-activate|p2a: Hatterene|move: Magma Storm|[of] p1a: Heatran
|move|p2a: Hatterene|Nuzzle|p1a: Heatran
|-damage|p1a: Heatran|97/100
|-status|p1a: Heatran|par
|
|-heal|p1a: Heatran|100/100 par|[from] item: Leftovers
|-heal|p2a: Hatterene|92/100|[from] item: Leftovers
|-damage|p2a: Hatterene|80/100|[from] move: Magma Storm|[partiallytrapped]
|upkeep
|turn|4
|
|t:|1743828098
|move|p1a: Heatran|Earth Power|p2a: Hatterene
|-damage|p2a: Hatterene|63/100
|move|p2a: Hatterene|Calm Mind|p2a: Hatterene
|-boost|p2a: Hatterene|spa|1
|-boost|p2a: Hatterene|spd|1
|
|-heal|p2a: Hatterene|69/100|[from] item: Leftovers
|-damage|p2a: Hatterene|56/100|[from] move: Magma Storm|[partiallytrapped]
|upkeep
|turn|5
|
|t:|1743828109
|move|p1a: Heatran|Earth Power|p2a: Hatterene
|-damage|p2a: Hatterene|44/100
|-unboost|p2a: Hatterene|spd|1
|move|p2a: Hatterene|Draining Kiss|p1a: Heatran
|-resisted|p1a: Heatran
|-damage|p1a: Heatran|92/100 par
|-heal|p2a: Hatterene|51/100|[from] drain|[of] p1a: Heatran
|
|-heal|p1a: Heatran|99/100 par|[from] item: Leftovers
|-heal|p2a: Hatterene|57/100|[from] item: Leftovers
|-damage|p2a: Hatterene|45/100|[from] move: Magma Storm|[partiallytrapped]
|upkeep
|turn|6
|
|t:|1743828118
|move|p1a: Heatran|Earth Power|p2a: Hatterene
|-damage|p2a: Hatterene|27/100
|-unboost|p2a: Hatterene|spd|1
|move|p2a: Hatterene|Psychic Noise|p1a: Heatran
|-resisted|p1a: Heatran
|-damage|p1a: Heatran|75/100 par
|-start|p1a: Heatran|move: Heal Block
|
|-heal|p2a: Hatterene|33/100|[from] item: Leftovers
|-damage|p2a: Hatterene|21/100|[from] move: Magma Storm|[partiallytrapped]
|upkeep
|turn|7
|
|t:|1743828125
|move|p1a: Heatran|Earth Power|p2a: Hatterene
|-damage|p2a: Hatterene|0 fnt
|faint|p2a: Hatterene
|
|-end|p1a: Heatran|move: Heal Block
|upkeep
|
|t:|1743828133
|switch|p2a: Hydrapple|Hydrapple, M|100/100
|turn|8
|
|t:|1743828138
|move|p2a: Hydrapple|Earth Power|p1a: Heatran
|-supereffective|p1a: Heatran
|-damage|p1a: Heatran|0 fnt
|faint|p1a: Heatran
|
|upkeep
|
|t:|1743828148
|switch|p1a: Slowking|Slowking-Galar, M|100/100
|turn|9
|
|t:|1743828158
|move|p2a: Hydrapple|Earth Power|p1a: Slowking
|-supereffective|p1a: Slowking
|-damage|p1a: Slowking|63/100
|move|p1a: Slowking|Thunder Wave|p2a: Hydrapple
|-status|p2a: Hydrapple|par
|
|upkeep
|turn|10
|
|t:|1743828166
|switch|p2a: Clodsire|Clodsire, M|100/100
|move|p1a: Slowking|Future Sight|p2a: Clodsire
|-start|p1a: Slowking|move: Future Sight
|
|upkeep
|turn|11
|
|t:|1743828172
|move|p2a: Clodsire|Earthquake|p1a: Slowking
|-supereffective|p1a: Slowking
|-damage|p1a: Slowking|4/100
|-prepare|p1a: Slowking|Chilly Reception|[premajor]
|move|p1a: Slowking|Chilly Reception|p1a: Slowking
|-weather|Snowscape
|
|t:|1743828176
|switch|p1a: Gliscor|Gliscor, F|100/100|[from] Chilly Reception
|-damage|p1a: Gliscor|88/100|[from] Stealth Rock
|
|-weather|Snowscape|[upkeep]
|-status|p1a: Gliscor|tox|[from] item: Toxic Orb
|upkeep
|turn|12
|
|t:|1743828185
|switch|p2a: Hydrapple|Hydrapple, M|100/100 par
|move|p1a: Gliscor|Earthquake|p2a: Hydrapple
|-resisted|p2a: Hydrapple
|-damage|p2a: Hydrapple|89/100 par
|
|-weather|Snowscape|[upkeep]
|-end|p2a: Hydrapple|move: Future Sight
|-damage|p2a: Hydrapple|57/100 par
|-heal|p1a: Gliscor|100/100 tox|[from] ability: Poison Heal
|upkeep
|turn|13
|
|t:|1743828194
|move|p1a: Gliscor|Protect|p1a: Gliscor
|-singleturn|p1a: Gliscor|Protect
|move|p2a: Hydrapple|Fickle Beam|p1a: Gliscor
|-activate|p1a: Gliscor|move: Protect
|
|-weather|Snowscape|[upkeep]
|upkeep
|turn|14
|
|t:|1743828202
|move|p1a: Gliscor|Spikes|p2a: Hydrapple
|-sidestart|p2: ss_shedinja|Spikes
|move|p2a: Hydrapple|Fickle Beam|p1a: Gliscor|[anim] Fickle Beam All Out
|-activate|p2a: Hydrapple|move: Fickle Beam
|-damage|p1a: Gliscor|5/100 tox
|
|-weather|Snowscape|[upkeep]
|-heal|p1a: Gliscor|17/100 tox|[from] ability: Poison Heal
|upkeep
|turn|15
|
|t:|1743828210
|move|p1a: Gliscor|Spikes|p2a: Hydrapple
|-sidestart|p2: ss_shedinja|Spikes
|cant|p2a: Hydrapple|par
|
|-weather|none
|-heal|p1a: Gliscor|30/100 tox|[from] ability: Poison Heal
|upkeep
|turn|16
|
|t:|1743828215
|move|p1a: Gliscor|Spikes|p2a: Hydrapple
|-sidestart|p2: ss_shedinja|Spikes
|cant|p2a: Hydrapple|par
|
|-heal|p1a: Gliscor|42/100 tox|[from] ability: Poison Heal
|upkeep
|turn|17
|
|t:|1743828219
|move|p1a: Gliscor|Earthquake|p2a: Hydrapple
|-resisted|p2a: Hydrapple
|-damage|p2a: Hydrapple|45/100 par
|cant|p2a: Hydrapple|par
|
|-heal|p1a: Gliscor|55/100 tox|[from] ability: Poison Heal
|upkeep
|turn|18
|
|t:|1743828226
|move|p1a: Gliscor|Earthquake|p2a: Hydrapple
|-resisted|p2a: Hydrapple
|-damage|p2a: Hydrapple|32/100 par
|move|p2a: Hydrapple|Leaf Storm|p1a: Gliscor
|-damage|p1a: Gliscor|0 fnt
|-unboost|p2a: Hydrapple|spa|2
|faint|p1a: Gliscor
|
|upkeep
|
|t:|1743828233
|switch|p1a: Slowking|Slowking-Galar, M|37/100
|turn|19
|
|t:|1743828242
|switch|p2a: Clodsire|Clodsire, M|100/100
|-damage|p2a: Clodsire|75/100|[from] Spikes
|move|p1a: Slowking|Sludge Bomb|p2a: Clodsire
|-resisted|p2a: Clodsire
|-damage|p2a: Clodsire|71/100
|
|-heal|p2a: Clodsire|77/100|[from] item: Black Sludge
|upkeep
|turn|20
|
|t:|1743828249
|move|p2a: Clodsire|Earthquake|p1a: Slowking
|-supereffective|p1a: Slowking
|-damage|p1a: Slowking|0 fnt
|faint|p1a: Slowking
|
|-heal|p2a: Clodsire|84/100|[from] item: Black Sludge
|upkeep
|
|t:|1743828271
|switch|p1a: Hoopa|Hoopa-Unbound|100/100
|-damage|p1a: Hoopa|88/100|[from] Stealth Rock
|turn|21
|
|t:|1743828279
|switch|p2a: Skeledirge|Skeledirge, F|100/100
|move|p1a: Hoopa|Psychic|p2a: Skeledirge
|-damage|p2a: Skeledirge|49/100
|
|upkeep
|turn|22
|
|t:|1743828289
|move|p1a: Hoopa|Knock Off|p2a: Skeledirge
|-supereffective|p2a: Skeledirge
|-damage|p2a: Skeledirge|0 fnt
|-enditem|p2a: Skeledirge|Heavy-Duty Boots|[from] move: Knock Off|[of] p1a: Hoopa
|faint|p2a: Skeledirge
|
|upkeep
|
|t:|1743828306
|switch|p2a: Iron Thorns|Iron Thorns|100/100
|-damage|p2a: Iron Thorns|76/100|[from] Spikes
|-enditem|p2a: Iron Thorns|Booster Energy
|-activate|p2a: Iron Thorns|ability: Quark Drive|[fromitem]
|-start|p2a: Iron Thorns|quarkdriveatk
|turn|23
|
|t:|1743828312
|move|p2a: Iron Thorns|Dragon Dance|p2a: Iron Thorns
|-boost|p2a: Iron Thorns|atk|1
|-boost|p2a: Iron Thorns|spe|1
|move|p1a: Hoopa|Drain Punch|p2a: Iron Thorns
|-supereffective|p2a: Iron Thorns
|-damage|p2a: Iron Thorns|25/100
|-heal|p1a: Hoopa|100/100|[from] drain|[of] p2a: Iron Thorns
|
|upkeep
|turn|24
|
|t:|1743828321
|-terastallize|p1a: Hoopa|Fairy
|move|p2a: Iron Thorns|Stone Edge|p1a: Hoopa
|-crit|p1a: Hoopa
|-damage|p1a: Hoopa|0 fnt
|faint|p1a: Hoopa
|
|upkeep
|
|t:|1743828329
|switch|p1a: Dragapult|Dragapult, F|100/100
|-damage|p1a: Dragapult|88/100|[from] Stealth Rock
|turn|25
|
|t:|1743828333
|move|p1a: Dragapult|Dragon Darts|p2a: Iron Thorns
|-damage|p2a: Iron Thorns|0 fnt
|faint|p2a: Iron Thorns
|-end|p2a: Iron Thorns|Quark Drive|[silent]
|
|upkeep
|
|t:|1743828339
|switch|p2a: Quagsire|Quagsire, F|100/100
|-damage|p2a: Quagsire|76/100|[from] Spikes
|turn|26
|
|t:|1743828342
|move|p1a: Dragapult|Dragon Darts|p2a: Quagsire
|-damage|p2a: Quagsire|51/100
|-anim|p1a: Dragapult|Dragon Darts|p2a: Quagsire
|-damage|p2a: Quagsire|25/100
|move|p2a: Quagsire|Recover|p2a: Quagsire
|-heal|p2a: Quagsire|75/100
|
|upkeep
|turn|27
|
|t:|1743828346
|switch|p1a: Quaquaval|Quaquaval, M|100/100
|-damage|p1a: Quaquaval|94/100|[from] Stealth Rock
|move|p2a: Quagsire|Recover|p2a: Quagsire
|-heal|p2a: Quagsire|100/100
|
|upkeep
|turn|28
|
|t:|1743828357
|switch|p1a: Dragapult|Dragapult, F|88/100
|-damage|p1a: Dragapult|76/100|[from] Stealth Rock
|switch|p2a: Hydrapple|Hydrapple, M|66/100 par
|-damage|p2a: Hydrapple|41/100 par|[from] Spikes
|
|upkeep
|turn|29
|
|t:|1743828365
|switch|p2a: Clodsire|Clodsire, M|84/100
|-damage|p2a: Clodsire|59/100|[from] Spikes
|move|p1a: Dragapult|Dragon Darts|p2a: Clodsire
|-damage|p2a: Clodsire|18/100
|-anim|p1a: Dragapult|Dragon Darts|p2a: Clodsire
|-crit|p2a: Clodsire
|-damage|p2a: Clodsire|0 fnt
|faint|p2a: Clodsire
|
|upkeep
|
|t:|1743828369
|switch|p2a: Quagsire|Quagsire, F|100/100
|-damage|p2a: Quagsire|76/100|[from] Spikes
|turn|30
|
|t:|1743828374
|move|p1a: Dragapult|Dragon Darts|p2a: Quagsire
|-damage|p2a: Quagsire|49/100
|-anim|p1a: Dragapult|Dragon Darts|p2a: Quagsire
|-damage|p2a: Quagsire|25/100
|move|p2a: Quagsire|Recover|p2a: Quagsire
|-heal|p2a: Quagsire|75/100
|
|upkeep
|turn|31
|
|t:|1743828377
|move|p1a: Dragapult|Dragon Darts|p2a: Quagsire
|-crit|p2a: Quagsire
|-damage|p2a: Quagsire|38/100
|-anim|p1a: Dragapult|Dragon Darts|p2a: Quagsire
|-damage|p2a: Quagsire|13/100
|move|p2a: Quagsire|Toxic|p1a: Dragapult|[miss]
|-miss|p2a: Quagsire|p1a: Dragapult
|
|upkeep
|turn|32
|-message|ss_shedinja forfeited.
|
|win|LIL333
|raw|LIL333's rating: 1110 &rarr; <strong>1136</strong><br />(+26 for winning)
|raw|ss_shedinja's rating: 1117 &rarr; <strong>1091</strong><br />(-26 for losing)
|l|☆ss_shedinja
|player|p2|
|l|☆LIL333
|player|p1|
