|j|☆khaalid1234
|j|☆xlunarRaez
|inactive|Battle timer is ON: inactive players will automatically lose when time's up.
|t:|1743818355
|gametype|singles
|player|p1|khaalid1234|265|
|player|p2|xlunarRaez|anabel-gen7|
|teamsize|p1|3
|teamsize|p2|3
|gen|9
|tier|[Gen 9] OU
|rated|Tournament battle
|rule|HP Percentage Mod: HP is shown in percentages
|rule|Endless Battle Clause: Forcing endless battles is banned
|rule|Species Clause: Limit one of each Pokémon
|rule|OHKO Clause: OHKO moves are banned
|rule|Evasion Items Clause: Evasion items are banned
|rule|Evasion Moves Clause: Evasion moves are banned
|rule|Sleep Moves Clause: Sleep-inducing moves are banned
|clearpoke
|poke|p1|Trevenant, F|
|poke|p1|Magcargo, M|
|poke|p1|Magneton|
|poke|p2|Garganacl, M|
|poke|p2|Quaquaval, F|
|poke|p2|Brionne, F|
|teampreview
|j|*Lady Monita ❄
|inactive|xlunarRaez also wants the timer to be on.
|
|t:|1743818367
|start
|switch|p1a: Magneton|Magneton|100/100
|switch|p2a: Brionne|Brionne, F|100/100
|turn|1
|
|t:|1743818374
|move|p1a: Magneton|Volt Switch|p2a: Brionne
|-supereffective|p2a: Brionne
|-damage|p2a: Brionne|30/100
|
|t:|1743818381
|switch|p1a: Trevenant|Trevenant, F|100/100|[from] Volt Switch
|move|p2a: Brionne|Hyper Voice|p1a: Trevenant
|-resisted|p1a: Trevenant
|-damage|p1a: Trevenant|85/100
|
|upkeep
|turn|2
|
|t:|1743818394
|switch|p1a: Magneton|Magneton|100/100
|move|p2a: Brionne|Ice Beam|p1a: Magneton
|-resisted|p1a: Magneton
|-damage|p1a: Magneton|78/100
|
|upkeep
|turn|3
|
|t:|1743818401
|move|p1a: Magneton|Volt Switch|p2a: Brionne
|-supereffective|p2a: Brionne
|-damage|p2a: Brionne|0 fnt
|faint|p2a: Brionne
|
|t:|1743818405
|switch|p1a: Trevenant|Trevenant, F|85/100|[from] Volt Switch
|
|upkeep
|
|t:|1743818410
|switch|p2a: Quaquaval|Quaquaval, F|100/100
|turn|4
|
|t:|1743818415
|switch|p1a: Magneton|Magneton|78/100
|-terastallize|p2a: Quaquaval|Dark
|move|p2a: Quaquaval|Knock Off|p1a: Magneton
|-damage|p1a: Magneton|0 fnt
|-enditem|p1a: Magneton|Choice Specs|[from] move: Knock Off|[of] p2a: Quaquaval
|faint|p1a: Magneton
|-ability|p2a: Quaquaval|Moxie|boost
|-boost|p2a: Quaquaval|atk|1
|-damage|p2a: Quaquaval|91/100|[from] item: Life Orb
|
|upkeep
|
|t:|1743818429
|switch|p1a: Trevenant|Trevenant, F|85/100
|turn|5
|
|t:|1743818436
|move|p2a: Quaquaval|Knock Off|p1a: Trevenant
|-supereffective|p1a: Trevenant
|-damage|p1a: Trevenant|0 fnt
|-enditem|p1a: Trevenant|Sitrus Berry|[from] move: Knock Off|[of] p2a: Quaquaval
|faint|p1a: Trevenant
|-ability|p2a: Quaquaval|Moxie|boost
|-boost|p2a: Quaquaval|atk|1
|-damage|p2a: Quaquaval|81/100|[from] item: Life Orb
|
|upkeep
|
|t:|1743818443
|switch|p1a: Magcargo|Magcargo, M|100/100
|turn|6
|
|t:|1743818447
|-terastallize|p1a: Magcargo|Grass
|move|p2a: Quaquaval|Close Combat|p1a: Magcargo
|-damage|p1a: Magcargo|0 fnt
|-unboost|p2a: Quaquaval|def|1
|-unboost|p2a: Quaquaval|spd|1
|faint|p1a: Magcargo
|-damage|p2a: Quaquaval|71/100|[from] item: Life Orb
|
|win|xlunarRaez
|n|☆khaalid1234|khaalid1234
|n|☆xlunarRaez|xlunarraez
|n|*Lady Monita ❄|ladymonita
