|j|☆rexydoodlesss
|j|☆PhilouMn
|t:|1743832203
|gametype|singles
|player|p1|rexydoodlesss|102|1431
|player|p2|PhilouMn|cheren-gen5bw2|1494
|teamsize|p1|6
|teamsize|p2|6
|gen|9
|tier|[Gen 9] OU
|rated|
|rule|HP Percentage Mod: HP is shown in percentages
|rule|Endless Battle Clause: Forcing endless battles is banned
|rule|Species Clause: Limit one of each Pokémon
|rule|OHKO Clause: OHKO moves are banned
|rule|Evasion Items Clause: Evasion items are banned
|rule|Evasion Moves Clause: Evasion moves are banned
|rule|Sleep Moves Clause: Sleep-inducing moves are banned
|clearpoke
|poke|p1|Iron Crown|
|poke|p1|Grimmsnarl, M|
|poke|p1|Great Tusk|
|poke|p1|Dragonite, F|
|poke|p1|Glimmora, M|
|poke|p1|Iron Valiant|
|poke|p2|Alomomola, M|
|poke|p2|Samurott-Hisui, M|
|poke|p2|Zamazenta-*|
|poke|p2|Meowscarada, M|
|poke|p2|Kingambit, M|
|poke|p2|Gholdengo|
|teampreview
|inactive|Battle timer is ON: inactive players will automatically lose when time's up. (requested by PhilouMn)
|
|t:|1743832214
|start
|switch|p1a: Glimmora|Glimmora, M|100/100
|switch|p2a: Samurott|Samurott-Hisui, M|100/100
|turn|1
|
|t:|1743832219
|move|p2a: Samurott|Ceaseless Edge|p1a: Glimmora
|-damage|p1a: Glimmora|46/100
|-activate|p1a: Glimmora|ability: Toxic Debris
|-sidestart|p2: PhilouMn|move: Toxic Spikes
|-sidestart|p1: rexydoodlesss|Spikes
|move|p1a: Glimmora|Meteor Beam||[still]
|-prepare|p1a: Glimmora|Meteor Beam
|-boost|p1a: Glimmora|spa|1
|-enditem|p1a: Glimmora|Power Herb
|-anim|p1a: Glimmora|Meteor Beam|p2a: Samurott
|-enditem|p2a: Samurott|Focus Sash
|-damage|p2a: Samurott|1/100
|
|upkeep
|turn|2
|
|t:|1743832226
|move|p2a: Samurott|Razor Shell|p1a: Glimmora
|-supereffective|p1a: Glimmora
|-crit|p1a: Glimmora
|-damage|p1a: Glimmora|0 fnt
|-activate|p1a: Glimmora|ability: Toxic Debris
|-sidestart|p2: PhilouMn|move: Toxic Spikes
|faint|p1a: Glimmora
|
|upkeep
|
|t:|1743832236
|switch|p1a: Great Tusk|Great Tusk|100/100
|-damage|p1a: Great Tusk|88/100|[from] Spikes
|-enditem|p1a: Great Tusk|Booster Energy
|-activate|p1a: Great Tusk|ability: Protosynthesis|[fromitem]
|-start|p1a: Great Tusk|protosynthesisspe
|turn|3
|
|t:|1743832242
|switch|p2a: Meowscarada|Meowscarada, M|100/100
|move|p1a: Great Tusk|Bulk Up|p1a: Great Tusk
|-boost|p1a: Great Tusk|atk|1
|-boost|p1a: Great Tusk|def|1
|
|upkeep
|turn|4
|
|t:|1743832255
|move|p1a: Great Tusk|Ice Spinner|p2a: Meowscarada
|-supereffective|p2a: Meowscarada
|-damage|p2a: Meowscarada|0 fnt
|faint|p2a: Meowscarada
|
|upkeep
|
|t:|1743832259
|switch|p2a: Alomomola|Alomomola, M|100/100
|turn|5
|
|t:|1743832261
|move|p1a: Great Tusk|Rapid Spin|p2a: Alomomola
|-damage|p2a: Alomomola|89/100
|-boost|p1a: Great Tusk|spe|1
|-sideend|p1: rexydoodlesss|Spikes|[from] move: Rapid Spin|[of] p1a: Great Tusk
|move|p2a: Alomomola|Scald|p1a: Great Tusk
|-supereffective|p1a: Great Tusk
|-damage|p1a: Great Tusk|52/100
|
|upkeep
|turn|6
|
|t:|1743832269
|-end|p1a: Great Tusk|Protosynthesis|[silent]
|switch|p1a: Grimmsnarl|Grimmsnarl, M, shiny|100/100
|move|p2a: Alomomola|Scald|p1a: Grimmsnarl
|-damage|p1a: Grimmsnarl|87/100
|-status|p1a: Grimmsnarl|brn
|
|-damage|p1a: Grimmsnarl|81/100 brn|[from] brn
|upkeep
|turn|7
|
|t:|1743832274
|move|p1a: Grimmsnarl|Light Screen|p1a: Grimmsnarl
|-sidestart|p1: rexydoodlesss|move: Light Screen
|move|p2a: Alomomola|Wish|p2a: Alomomola
|
|-damage|p1a: Grimmsnarl|75/100 brn|[from] brn
|upkeep
|turn|8
|
|t:|1743832279
|move|p1a: Grimmsnarl|Reflect|p1a: Grimmsnarl
|-sidestart|p1: rexydoodlesss|Reflect
|move|p2a: Alomomola|Flip Turn|p1a: Grimmsnarl
|-damage|p1a: Grimmsnarl|67/100 brn
|
|t:|1743832282
|switch|p2a: Samurott|Samurott-Hisui, M|1/100|[from] Flip Turn
|-status|p2a: Samurott|tox
|
|-heal|p2a: Samurott|84/100 tox|[from] move: Wish|[wisher] Alomomola
|-damage|p2a: Samurott|78/100 tox|[from] psn
|-damage|p1a: Grimmsnarl|61/100 brn|[from] brn
|upkeep
|turn|9
|
|t:|1743832285
|switch|p2a: Gholdengo|Gholdengo|100/100
|move|p1a: Grimmsnarl|Spirit Break|p2a: Gholdengo
|-resisted|p2a: Gholdengo
|-damage|p2a: Gholdengo|94/100
|-unboost|p2a: Gholdengo|spa|1
|
|-heal|p2a: Gholdengo|99/100|[from] item: Leftovers
|-damage|p1a: Grimmsnarl|55/100 brn|[from] brn
|upkeep
|turn|10
|
|t:|1743832293
|switch|p1a: Dragonite|Dragonite, F|100/100
|move|p2a: Gholdengo|Nasty Plot|p2a: Gholdengo
|-boost|p2a: Gholdengo|spa|2
|
|-heal|p2a: Gholdengo|100/100|[from] item: Leftovers
|upkeep
|turn|11
|
|t:|1743832298
|move|p1a: Dragonite|Dragon Dance|p1a: Dragonite
|-boost|p1a: Dragonite|atk|1
|-boost|p1a: Dragonite|spe|1
|move|p2a: Gholdengo|Thunder Wave|p1a: Dragonite
|-status|p1a: Dragonite|par
|
|upkeep
|turn|12
|
|t:|1743832307
|move|p2a: Gholdengo|Make It Rain|p1a: Dragonite
|-damage|p1a: Dragonite|75/100 par
|-unboost|p2a: Gholdengo|spa|1
|move|p1a: Dragonite|Dragon Dance|p1a: Dragonite
|-boost|p1a: Dragonite|atk|1
|-boost|p1a: Dragonite|spe|1
|
|upkeep
|turn|13
|
|t:|1743832320
|cant|p1a: Dragonite|par
|move|p2a: Gholdengo|Nasty Plot|p2a: Gholdengo
|-boost|p2a: Gholdengo|spa|2
|
|upkeep
|turn|14
|
|t:|1743832325
|move|p1a: Dragonite|Fire Punch|p2a: Gholdengo
|-supereffective|p2a: Gholdengo
|-damage|p2a: Gholdengo|0 fnt
|faint|p2a: Gholdengo
|
|-sideend|p1: rexydoodlesss|move: Light Screen
|upkeep
|
|t:|1743832335
|switch|p2a: Samurott|Samurott-Hisui, M|78/100 tox
|turn|15
|
|t:|1743832337
|move|p2a: Samurott|Ceaseless Edge|p1a: Dragonite
|-damage|p1a: Dragonite|49/100 par
|-sidestart|p1: rexydoodlesss|Spikes
|cant|p1a: Dragonite|par
|
|-damage|p2a: Samurott|72/100 tox|[from] psn
|-sideend|p1: rexydoodlesss|Reflect
|upkeep
|turn|16
|c|☆rexydoodlesss|e
|
|t:|1743832345
|move|p2a: Samurott|Ceaseless Edge|p1a: Dragonite
|-damage|p1a: Dragonite|2/100 par
|-sidestart|p1: rexydoodlesss|Spikes
|move|p1a: Dragonite|Scale Shot|p2a: Samurott|[miss]
|-miss|p1a: Dragonite|p2a: Samurott
|
|-damage|p2a: Samurott|59/100 tox|[from] psn
|upkeep
|turn|17
|c|☆rexydoodlesss|e
|
|t:|1743832352
|move|p2a: Samurott|Ceaseless Edge|p1a: Dragonite
|-crit|p1a: Dragonite
|-damage|p1a: Dragonite|0 fnt
|-sidestart|p1: rexydoodlesss|Spikes
|faint|p1a: Dragonite
|
|-damage|p2a: Samurott|40/100 tox|[from] psn
|upkeep
|
|t:|1743832355
|switch|p1a: Great Tusk|Great Tusk|52/100
|-damage|p1a: Great Tusk|27/100|[from] Spikes
|turn|18
|
|t:|1743832357
|move|p1a: Great Tusk|Rapid Spin|p2a: Samurott
|-damage|p2a: Samurott|23/100 tox
|-boost|p1a: Great Tusk|spe|1
|-sideend|p1: rexydoodlesss|Spikes|[from] move: Rapid Spin|[of] p1a: Great Tusk
|move|p2a: Samurott|Flip Turn|p1a: Great Tusk
|-supereffective|p1a: Great Tusk
|-damage|p1a: Great Tusk|0 fnt
|faint|p1a: Great Tusk
|-end|p1a: Great Tusk|Protosynthesis|[silent]
|
|t:|1743832365
|switch|p2a: Alomomola|Alomomola, M|100/100|[from] Flip Turn
|
|upkeep
|
|t:|1743832368
|switch|p1a: Iron Crown|Iron Crown|100/100
|-enditem|p1a: Iron Crown|Booster Energy
|-activate|p1a: Iron Crown|ability: Quark Drive|[fromitem]
|-start|p1a: Iron Crown|quarkdrivespe
|turn|19
|
|t:|1743832377
|move|p1a: Iron Crown|Iron Defense|p1a: Iron Crown
|-boost|p1a: Iron Crown|def|2
|move|p2a: Alomomola|Wish|p2a: Alomomola
|
|upkeep
|turn|20
|
|t:|1743832380
|move|p1a: Iron Crown|Calm Mind|p1a: Iron Crown
|-boost|p1a: Iron Crown|spa|1
|-boost|p1a: Iron Crown|spd|1
|move|p2a: Alomomola|Flip Turn|p1a: Iron Crown
|-damage|p1a: Iron Crown|92/100
|
|t:|1743832386
|switch|p2a: Samurott|Samurott-Hisui, M|23/100 tox|[from] Flip Turn
|
|-heal|p2a: Samurott|100/100 tox|[from] move: Wish|[wisher] Alomomola
|-damage|p2a: Samurott|94/100 tox|[from] psn
|upkeep
|turn|21
|
|t:|1743832389
|move|p1a: Iron Crown|Focus Blast|p2a: Samurott
|-supereffective|p2a: Samurott
|-damage|p2a: Samurott|0 fnt
|faint|p2a: Samurott
|
|upkeep
|
|t:|1743832404
|switch|p2a: Zamazenta|Zamazenta|100/100
|-status|p2a: Zamazenta|tox
|-ability|p2a: Zamazenta|Dauntless Shield|boost
|-boost|p2a: Zamazenta|def|1
|turn|22
|
|t:|1743832411
|move|p1a: Iron Crown|Iron Defense|p1a: Iron Crown
|-boost|p1a: Iron Crown|def|2
|move|p2a: Zamazenta|Iron Defense|p2a: Zamazenta
|-boost|p2a: Zamazenta|def|2
|
|-damage|p2a: Zamazenta|94/100 tox|[from] psn
|upkeep
|turn|23
|
|t:|1743832413
|move|p1a: Iron Crown|Stored Power|p2a: Zamazenta
|-supereffective|p2a: Zamazenta
|-damage|p2a: Zamazenta|0 fnt
|faint|p2a: Zamazenta
|
|upkeep
|
|t:|1743832418
|switch|p2a: Kingambit|Kingambit, M|100/100
|-activate|p2a: Kingambit|ability: Supreme Overlord
|-start|p2a: Kingambit|fallen4|[silent]
|turn|24
|
|t:|1743832425
|-terastallize|p1a: Iron Crown|Fighting
|-terastallize|p2a: Kingambit|Fairy
|move|p1a: Iron Crown|Focus Blast|p2a: Kingambit
|-resisted|p2a: Kingambit
|-damage|p2a: Kingambit|59/100
|-unboost|p2a: Kingambit|spd|1
|move|p2a: Kingambit|Swords Dance|p2a: Kingambit
|-boost|p2a: Kingambit|atk|2
|
|-heal|p2a: Kingambit|66/100|[from] item: Leftovers
|upkeep
|turn|25
|
|t:|1743832430
|move|p1a: Iron Crown|Stored Power|p2a: Kingambit
|-damage|p2a: Kingambit|0 fnt
|faint|p2a: Kingambit
|-end|p2a: Kingambit|fallen4|[silent]
|
|upkeep
|
|t:|1743832434
|switch|p2a: Alomomola|Alomomola, M|100/100
|turn|26
|
|t:|1743832437
|move|p1a: Iron Crown|Stored Power|p2a: Alomomola
|-damage|p2a: Alomomola|0 fnt
|faint|p2a: Alomomola
|
|win|rexydoodlesss
|raw|rexydoodlesss's rating: 1431 &rarr; <strong>1455</strong><br />(+24 for winning)
|raw|PhilouMn's rating: 1494 &rarr; <strong>1470</strong><br />(-24 for losing)
|l|☆PhilouMn
|player|p2|
|l|☆rexydoodlesss
|player|p1|
