|j|☆Johnny987
|j|☆Guraizo
|t:|1743800490
|gametype|singles
|player|p1|Johnny987|169|1384
|player|p2|Guraizo|lucas|1308
|teamsize|p1|6
|teamsize|p2|6
|gen|9
|tier|[Gen 9] OU
|rated|
|rule|HP Percentage Mod: HP is shown in percentages
|rule|Endless Battle Clause: Forcing endless battles is banned
|rule|Species Clause: Limit one of each Pokémon
|rule|OHKO Clause: OHKO moves are banned
|rule|Evasion Items Clause: Evasion items are banned
|rule|Evasion Moves Clause: Evasion moves are banned
|rule|Sleep Moves Clause: Sleep-inducing moves are banned
|clearpoke
|poke|p1|Pyroar, M|
|poke|p1|Ninetales, M|
|poke|p1|Hatterene, F|
|poke|p1|Great Tusk|
|poke|p1|Walking Wake|
|poke|p1|Kingambit, F|
|poke|p2|Darkrai|
|poke|p2|Dragapult, F|
|poke|p2|Gholdengo|
|poke|p2|Ninetales-Alola, M|
|poke|p2|Great Tusk|
|poke|p2|Salamence, F|
|teampreview
|
|t:|1743800497
|start
|switch|p1a: Kim|Ninetales, M|100/100
|switch|p2a: Ninetales|Ninetales-Alola, M|100/100
|-weather|Snowscape|[from] ability: Snow Warning|[of] p2a: Ninetales
|-weather|SunnyDay|[from] ability: Drought|[of] p1a: Kim
|turn|1
|inactive|Battle timer is ON: inactive players will automatically lose when time's up. (requested by Johnny987)
|
|t:|1743800512
|switch|p2a: Dragapult|Dragapult, F|100/100
|move|p1a: Kim|Weather Ball|p2a: Dragapult
|-resisted|p2a: Dragapult
|-damage|p2a: Dragapult|65/100
|
|-weather|SunnyDay|[upkeep]
|upkeep
|turn|2
|
|t:|1743800522
|switch|p1a: Cris|Hatterene, F|100/100
|move|p2a: Dragapult|U-turn|p1a: Cris
|-damage|p1a: Cris|84/100
|-enditem|p1a: Cris|Eject Button
|
|t:|1743800536
|switch|p1a: Licha|Walking Wake|100/100
|-activate|p1a: Licha|ability: Protosynthesis
|-start|p1a: Licha|protosynthesisspe
|
|-weather|SunnyDay|[upkeep]
|upkeep
|turn|3
|
|t:|1743800549
|switch|p2a: Ninetales|Ninetales-Alola, M|100/100
|-weather|Snowscape|[from] ability: Snow Warning|[of] p2a: Ninetales
|-end|p1a: Licha|Protosynthesis
|-terastallize|p1a: Licha|Water
|move|p1a: Licha|Hydro Steam|p2a: Ninetales
|-damage|p2a: Ninetales|28/100
|
|-weather|Snowscape|[upkeep]
|upkeep
|turn|4
|
|t:|1743800561
|move|p2a: Ninetales|Aurora Veil|p2a: Ninetales
|-sidestart|p2: Guraizo|move: Aurora Veil
|move|p1a: Licha|Hydro Steam|p2a: Ninetales
|-damage|p2a: Ninetales|0 fnt
|faint|p2a: Ninetales
|
|-weather|Snowscape|[upkeep]
|upkeep
|
|t:|1743800566
|switch|p2a: Salamence|Salamence, F|100/100
|turn|5
|
|t:|1743800581
|-end|p1a: Licha|Protosynthesis|[silent]
|switch|p1a: Alex|Kingambit, F|100/100
|-terastallize|p2a: Salamence|Fairy
|move|p2a: Salamence|Dragon Dance|p2a: Salamence
|-boost|p2a: Salamence|atk|1
|-boost|p2a: Salamence|spe|1
|
|-weather|Snowscape|[upkeep]
|upkeep
|turn|6
|
|t:|1743800591
|move|p2a: Salamence|Dragon Dance|p2a: Salamence
|-boost|p2a: Salamence|atk|1
|-boost|p2a: Salamence|spe|1
|move|p1a: Alex|Iron Head|p2a: Salamence
|-supereffective|p2a: Salamence
|-damage|p2a: Salamence|48/100
|
|-weather|Snowscape|[upkeep]
|upkeep
|turn|7
|inactive|Johnny987 has 120 seconds left.
|
|t:|1743800639
|move|p2a: Salamence|Earthquake|p1a: Alex
|-supereffective|p1a: Alex
|-damage|p1a: Alex|7/100
|move|p1a: Alex|Iron Head|p2a: Salamence
|-supereffective|p2a: Salamence
|-damage|p2a: Salamence|0 fnt
|faint|p2a: Salamence
|
|-weather|none
|-heal|p1a: Alex|13/100|[from] item: Leftovers
|upkeep
|
|t:|1743800652
|switch|p2a: Great Tusk|Great Tusk|100/100
|turn|8
|
|t:|1743800657
|-end|p1a: Alex|fallenundefined|[silent]
|switch|p1a: Cris|Hatterene, F|84/100
|move|p2a: Great Tusk|Temper Flare|p1a: Cris
|-damage|p1a: Cris|60/100
|
|upkeep
|turn|9
|inactive|Johnny987 has 120 seconds left.
|
|t:|1743800678
|-end|p2a: Great Tusk|Protosynthesis|[silent]
|switch|p2a: Gholdengo|Gholdengo|100/100
|-item|p2a: Gholdengo|Air Balloon
|move|p1a: Cris|Nuzzle|p2a: Gholdengo
|-damage|p2a: Gholdengo|99/100
|-status|p2a: Gholdengo|par
|-enditem|p2a: Gholdengo|Air Balloon
|
|upkeep
|turn|10
|
|t:|1743800691
|switch|p1a: Kim|Ninetales, M|100/100
|-weather|SunnyDay|[from] ability: Drought|[of] p1a: Kim
|cant|p2a: Gholdengo|par
|
|-weather|SunnyDay|[upkeep]
|upkeep
|turn|11
|
|t:|1743800713
|switch|p1a: Juni|Pyroar, M|100/100
|-ability|p1a: Juni|Unnerve
|switch|p2a: Great Tusk|Great Tusk|100/100
|-activate|p2a: Great Tusk|ability: Protosynthesis
|-start|p2a: Great Tusk|protosynthesisatk
|
|-weather|SunnyDay|[upkeep]
|-sideend|p2: Guraizo|move: Aurora Veil
|upkeep
|turn|12
|
|t:|1743800725
|switch|p1a: Alex|Kingambit, F|13/100
|move|p2a: Great Tusk|Headlong Rush|p1a: Alex
|-supereffective|p1a: Alex
|-damage|p1a: Alex|0 fnt
|-unboost|p2a: Great Tusk|def|1
|-unboost|p2a: Great Tusk|spd|1
|faint|p1a: Alex
|-end|p1a: Alex|fallenundefined|[silent]
|
|-weather|SunnyDay|[upkeep]
|upkeep
|
|t:|1743800736
|switch|p1a: Licha|Walking Wake, tera:Water|100/100
|-activate|p1a: Licha|ability: Protosynthesis
|-start|p1a: Licha|protosynthesisspe
|turn|13
|-message|Guraizo forfeited.
|
|win|Johnny987
|raw|Johnny987's rating: 1384 &rarr; <strong>1400</strong><br />(+16 for winning)
|raw|Guraizo's rating: 1308 &rarr; <strong>1292</strong><br />(-16 for losing)
|l|☆Guraizo
|player|p2|
|l|☆Johnny987
|player|p1|
