|j|☆satanice
|j|☆FancypantsW8
|t:|1743855697
|gametype|singles
|player|p1|satanice|skierf|1140
|player|p2|FancypantsW8|brock|1188
|teamsize|p1|6
|teamsize|p2|6
|gen|9
|tier|[Gen 9] OU
|rated|
|rule|HP Percentage Mod: HP is shown in percentages
|rule|Endless Battle Clause: Forcing endless battles is banned
|rule|Species Clause: Limit one of each Pokémon
|rule|OHKO Clause: OHKO moves are banned
|rule|Evasion Items Clause: Evasion items are banned
|rule|Evasion Moves Clause: Evasion moves are banned
|rule|Sleep Moves Clause: Sleep-inducing moves are banned
|clearpoke
|poke|p1|Frosmoth, M|
|poke|p1|Cloyster, F|
|poke|p1|Mamoswine, F|
|poke|p1|Ninetales-Alola, F|
|poke|p1|Sandslash-Alola, M|
|poke|p1|Froslass, F|
|poke|p2|Iron Treads|
|poke|p2|Iron Valiant|
|poke|p2|Hoopa-Unbound|
|poke|p2|Glimmora, F|
|poke|p2|Dondozo, F|
|poke|p2|Kingambit, M|
|teampreview
|inactive|Battle timer is ON: inactive players will automatically lose when time's up. (requested by FancypantsW8)
|inactiveoff|Battle timer is now OFF.
|
|t:|1743855725
|start
|switch|p1a: Cloyster|Cloyster, F|100/100
|switch|p2a: Iron Treads|Iron Treads|100/100
|turn|1
|
|t:|1743855736
|move|p2a: Iron Treads|Knock Off|p1a: Cloyster
|-damage|p1a: Cloyster|75/100
|-enditem|p1a: Cloyster|Focus Sash|[from] move: Knock Off|[of] p2a: Iron Treads
|move|p1a: Cloyster|Shell Smash|p1a: Cloyster
|-unboost|p1a: Cloyster|def|1
|-unboost|p1a: Cloyster|spd|1
|-boost|p1a: Cloyster|atk|2
|-boost|p1a: Cloyster|spa|2
|-boost|p1a: Cloyster|spe|2
|
|upkeep
|turn|2
|
|t:|1743855754
|-end|p2a: Iron Treads|Quark Drive|[silent]
|switch|p2a: Dondozo|Dondozo, F|100/100
|move|p1a: Cloyster|Liquidation|p2a: Dondozo
|-resisted|p2a: Dondozo
|-damage|p2a: Dondozo|89/100
|
|upkeep
|turn|3
|
|t:|1743855767
|switch|p1a: Ninetales|Ninetales-Alola, F|100/100
|-weather|Snowscape|[from] ability: Snow Warning|[of] p1a: Ninetales
|move|p2a: Dondozo|Earthquake|p1a: Ninetales
|-damage|p1a: Ninetales|58/100
|
|-weather|Snowscape|[upkeep]
|upkeep
|turn|4
|
|t:|1743855792
|switch|p1a: Froslass|Froslass, F|100/100
|switch|p2a: Iron Treads|Iron Treads|100/100
|
|-weather|Snowscape|[upkeep]
|upkeep
|turn|5
|
|t:|1743855802
|move|p1a: Froslass|Blizzard|p2a: Iron Treads
|-damage|p2a: Iron Treads|62/100
|move|p2a: Iron Treads|Knock Off|p1a: Froslass
|-supereffective|p1a: Froslass
|-damage|p1a: Froslass|38/100
|-enditem|p1a: Froslass|Focus Sash|[from] move: Knock Off|[of] p2a: Iron Treads
|
|-weather|Snowscape|[upkeep]
|upkeep
|turn|6
|
|t:|1743855825
|switch|p1a: Cloyster|Cloyster, F|75/100
|-end|p2a: Iron Treads|Quark Drive|[silent]
|switch|p2a: Hoopa|Hoopa-Unbound|100/100
|
|-weather|Snowscape|[upkeep]
|upkeep
|turn|7
|
|t:|1743855841
|move|p2a: Hoopa|Thunderbolt|p1a: Cloyster
|-supereffective|p1a: Cloyster
|-damage|p1a: Cloyster|0 fnt
|faint|p1a: Cloyster
|
|-weather|none
|upkeep
|
|t:|1743855846
|switch|p1a: Mamoswine|Mamoswine, F|100/100
|turn|8
|
|t:|1743855860
|switch|p2a: Dondozo|Dondozo, F|89/100
|move|p1a: Mamoswine|Trailblaze|p2a: Dondozo
|-supereffective|p2a: Dondozo
|-damage|p2a: Dondozo|67/100
|-boost|p1a: Mamoswine|spe|1
|
|upkeep
|turn|9
|
|t:|1743855881
|move|p1a: Mamoswine|Trailblaze|p2a: Dondozo
|-supereffective|p2a: Dondozo
|-damage|p2a: Dondozo|45/100
|-boost|p1a: Mamoswine|spe|1
|move|p2a: Dondozo|Waterfall|p1a: Mamoswine
|-supereffective|p1a: Mamoswine
|-damage|p1a: Mamoswine|0 fnt
|faint|p1a: Mamoswine
|
|upkeep
|
|t:|1743855890
|switch|p1a: Ninetales|Ninetales-Alola, F|58/100
|-weather|Snowscape|[from] ability: Snow Warning|[of] p1a: Ninetales
|turn|10
|
|t:|1743855904
|switch|p2a: Iron Treads|Iron Treads|62/100
|move|p1a: Ninetales|Aurora Veil|p1a: Ninetales
|-sidestart|p1: satanice|move: Aurora Veil
|
|-weather|Snowscape|[upkeep]
|upkeep
|turn|11
|
|t:|1743855912
|move|p1a: Ninetales|Freeze-Dry|p2a: Iron Treads
|-damage|p2a: Iron Treads|41/100
|move|p2a: Iron Treads|Knock Off|p1a: Ninetales
|-resisted|p1a: Ninetales
|-damage|p1a: Ninetales|52/100
|-enditem|p1a: Ninetales|Light Clay|[from] move: Knock Off|[of] p2a: Iron Treads
|
|-weather|Snowscape|[upkeep]
|upkeep
|turn|12
|
|t:|1743855922
|switch|p1a: Froslass|Froslass, F|38/100
|move|p2a: Iron Treads|Iron Head|p1a: Froslass
|-supereffective|p1a: Froslass
|-damage|p1a: Froslass|0 fnt
|faint|p1a: Froslass
|
|-weather|Snowscape|[upkeep]
|upkeep
|
|t:|1743855935
|switch|p1a: Sandslash|Sandslash-Alola, M|100/100
|turn|13
|
|t:|1743855946
|move|p1a: Sandslash|Swords Dance|p1a: Sandslash
|-boost|p1a: Sandslash|atk|2
|move|p2a: Iron Treads|Earthquake|p1a: Sandslash
|-supereffective|p1a: Sandslash
|-crit|p1a: Sandslash
|-damage|p1a: Sandslash|12/100
|
|-weather|Snowscape|[upkeep]
|upkeep
|turn|14
|
|t:|1743855956
|-end|p2a: Iron Treads|Quark Drive|[silent]
|switch|p2a: Kingambit|Kingambit, M|100/100
|move|p1a: Sandslash|Earthquake|p2a: Kingambit
|-supereffective|p2a: Kingambit
|-enditem|p2a: Kingambit|Focus Sash
|-damage|p2a: Kingambit|1/100
|
|-weather|none
|upkeep
|turn|15
|
|t:|1743855967
|move|p2a: Kingambit|Sucker Punch|p1a: Sandslash
|-damage|p1a: Sandslash|0 fnt
|faint|p1a: Sandslash
|
|upkeep
|c|☆FancypantsW8|Freeze maybe?
|inactive|Battle timer is ON: inactive players will automatically lose when time's up. (requested by FancypantsW8)
|
|t:|1743856028
|switch|p1a: Ninetales|Ninetales-Alola, F|52/100
|-weather|Snowscape|[from] ability: Snow Warning|[of] p1a: Ninetales
|turn|16
|
|t:|1743856036
|move|p1a: Ninetales|Encore|p2a: Kingambit
|-start|p2a: Kingambit|Encore
|move|p2a: Kingambit|Sucker Punch||[still]
|-fail|p2a: Kingambit
|
|-weather|Snowscape|[upkeep]
|upkeep
|turn|17
|
|t:|1743856044
|switch|p1a: Frosmoth|Frosmoth, M|100/100
|move|p2a: Kingambit|Sucker Punch||[still]
|-fail|p2a: Kingambit
|
|-weather|Snowscape|[upkeep]
|-sideend|p1: satanice|move: Aurora Veil
|upkeep
|turn|18
|
|t:|1743856052
|move|p2a: Kingambit|Sucker Punch||[still]
|-fail|p2a: Kingambit
|move|p1a: Frosmoth|Quiver Dance|p1a: Frosmoth
|-boost|p1a: Frosmoth|spa|1
|-boost|p1a: Frosmoth|spd|1
|-boost|p1a: Frosmoth|spe|1
|
|-weather|Snowscape|[upkeep]
|-end|p2a: Kingambit|Encore
|upkeep
|turn|19
|
|t:|1743856062
|-terastallize|p1a: Frosmoth|Water
|move|p1a: Frosmoth|Quiver Dance|p1a: Frosmoth
|-boost|p1a: Frosmoth|spa|1
|-boost|p1a: Frosmoth|spd|1
|-boost|p1a: Frosmoth|spe|1
|move|p2a: Kingambit|Iron Head|p1a: Frosmoth
|-resisted|p1a: Frosmoth
|-damage|p1a: Frosmoth|70/100
|
|-weather|Snowscape|[upkeep]
|upkeep
|turn|20
|
|t:|1743856075
|move|p2a: Kingambit|Sucker Punch||[still]
|-fail|p2a: Kingambit
|move|p1a: Frosmoth|Quiver Dance|p1a: Frosmoth
|-boost|p1a: Frosmoth|spa|1
|-boost|p1a: Frosmoth|spd|1
|-boost|p1a: Frosmoth|spe|1
|
|-weather|none
|upkeep
|turn|21
|
|t:|1743856090
|-end|p2a: Kingambit|fallenundefined|[silent]
|switch|p2a: Dondozo|Dondozo, F|45/100
|move|p1a: Frosmoth|Bug Buzz|p2a: Dondozo
|-damage|p2a: Dondozo|10/100
|
|upkeep
|turn|22
|
|t:|1743856100
|move|p1a: Frosmoth|Ice Beam|p2a: Dondozo
|-resisted|p2a: Dondozo
|-damage|p2a: Dondozo|0 fnt
|faint|p2a: Dondozo
|
|upkeep
|
|t:|1743856114
|switch|p2a: Hoopa|Hoopa-Unbound|100/100
|turn|23
|
|t:|1743856120
|move|p1a: Frosmoth|Bug Buzz|p2a: Hoopa
|-supereffective|p2a: Hoopa
|-damage|p2a: Hoopa|0 fnt
|faint|p2a: Hoopa
|
|upkeep
|
|t:|1743856136
|switch|p2a: Iron Treads|Iron Treads|41/100
|turn|24
|
|t:|1743856151
|move|p1a: Frosmoth|Ice Beam|p2a: Iron Treads
|-damage|p2a: Iron Treads|0 fnt
|faint|p2a: Iron Treads
|-end|p2a: Iron Treads|Quark Drive|[silent]
|
|upkeep
|
|t:|1743856158
|switch|p2a: Iron Valiant|Iron Valiant|100/100
|-enditem|p2a: Iron Valiant|Booster Energy
|-activate|p2a: Iron Valiant|ability: Quark Drive|[fromitem]
|-start|p2a: Iron Valiant|quarkdrivespe
|turn|25
|
|t:|1743856169
|move|p1a: Frosmoth|Ice Beam|p2a: Iron Valiant
|-damage|p2a: Iron Valiant|0 fnt
|faint|p2a: Iron Valiant
|-end|p2a: Iron Valiant|Quark Drive|[silent]
|
|upkeep
|
|t:|1743856174
|switch|p2a: Glimmora|Glimmora, F|100/100
|-item|p2a: Glimmora|Air Balloon
|turn|26
|
|t:|1743856183
|move|p1a: Frosmoth|Tera Blast|p2a: Glimmora|[anim] Tera Blast Water
|-supereffective|p2a: Glimmora
|-damage|p2a: Glimmora|0 fnt
|-enditem|p2a: Glimmora|Air Balloon
|faint|p2a: Glimmora
|
|upkeep
|c|☆FancypantsW8|Gg :)
|
|t:|1743856196
|switch|p2a: Kingambit|Kingambit, M|1/100
|-activate|p2a: Kingambit|ability: Supreme Overlord
|-start|p2a: Kingambit|fallen5|[silent]
|turn|27
|
|t:|1743856201
|switch|p1a: Ninetales|Ninetales-Alola, F|52/100
|-weather|Snowscape|[from] ability: Snow Warning|[of] p1a: Ninetales
|-terastallize|p2a: Kingambit|Dark
|move|p2a: Kingambit|Sucker Punch||[still]
|-fail|p2a: Kingambit
|
|-weather|Snowscape|[upkeep]
|upkeep
|turn|28
|c|☆satanice|gg
|
|t:|1743856214
|move|p1a: Ninetales|Encore|p2a: Kingambit
|-start|p2a: Kingambit|Encore
|move|p2a: Kingambit|Sucker Punch||[still]
|-fail|p2a: Kingambit
|
|-weather|Snowscape|[upkeep]
|upkeep
|turn|29
|c|☆FancypantsW8|Huh
|
|t:|1743856225
|move|p2a: Kingambit|Sucker Punch||[still]
|-fail|p2a: Kingambit
|move|p1a: Ninetales|Aurora Veil|p1a: Ninetales
|-sidestart|p1: satanice|move: Aurora Veil
|
|-weather|Snowscape|[upkeep]
|-end|p2a: Kingambit|Encore
|upkeep
|turn|30
|
|t:|1743856232
|move|p1a: Ninetales|Moonblast|p2a: Kingambit
|-supereffective|p2a: Kingambit
|-damage|p2a: Kingambit|0 fnt
|faint|p2a: Kingambit
|-end|p2a: Kingambit|fallen5|[silent]
|
|win|satanice
|raw|satanice's rating: 1140 &rarr; <strong>1168</strong><br />(+28 for winning)
|raw|FancypantsW8's rating: 1188 &rarr; <strong>1160</strong><br />(-28 for losing)
|c|☆FancypantsW8|Ok...
|c|☆FancypantsW8|I got out played
|c|☆satanice|gg
|c|☆FancypantsW8|Gg tho...
|l|☆FancypantsW8
|player|p2|
|l|☆satanice
|player|p1|
