|j|☆okfernankk
|j|☆suparsayajin
|t:|1743779182
|gametype|singles
|player|p1|okfernankk|266|1571
|player|p2|suparsayajin|1|1595
|teamsize|p1|6
|teamsize|p2|6
|gen|9
|tier|[Gen 9] OU
|rated|
|rule|HP Percentage Mod: HP is shown in percentages
|rule|Endless Battle Clause: Forcing endless battles is banned
|rule|Species Clause: Limit one of each Pokémon
|rule|OHKO Clause: OHKO moves are banned
|rule|Evasion Items Clause: Evasion items are banned
|rule|Evasion Moves Clause: Evasion moves are banned
|rule|Sleep Moves Clause: Sleep-inducing moves are banned
|clearpoke
|poke|p1|Hydrapple, M|
|poke|p1|Skarmory, M|
|poke|p1|Tyranitar, F|
|poke|p1|Alomomola, F|
|poke|p1|Clodsire, F|
|poke|p1|Clefable, M|
|poke|p2|Zapdos|
|poke|p2|Greninja-*, M|
|poke|p2|Weavile, F|
|poke|p2|Garchomp, M|
|poke|p2|Snorlax, F|
|poke|p2|Excadrill, F|
|teampreview
|inactive|Battle timer is ON: inactive players will automatically lose when time's up. (requested by suparsayajin)
|
|t:|1743779195
|start
|switch|p1a: Tyranitar|Tyranitar, F|100/100
|switch|p2a: Garchomp|Garchomp, M|100/100
|-weather|Sandstorm|[from] ability: Sand Stream|[of] p1a: Tyranitar
|turn|1
|
|t:|1743779197
|move|p2a: Garchomp|Stealth Rock|p1a: Tyranitar
|-sidestart|p1: okfernankk|move: Stealth Rock
|move|p1a: Tyranitar|Ice Beam|p2a: Garchomp
|-supereffective|p2a: Garchomp
|-damage|p2a: Garchomp|31/100
|
|-weather|Sandstorm|[upkeep]
|upkeep
|turn|2
|
|t:|1743779203
|switch|p1a: Hydrapple|Hydrapple, M|100/100
|move|p2a: Garchomp|Earthquake|p1a: Hydrapple
|-resisted|p1a: Hydrapple
|-damage|p1a: Hydrapple|89/100
|
|-weather|Sandstorm|[upkeep]
|-damage|p1a: Hydrapple|83/100|[from] Sandstorm
|upkeep
|turn|3
|
|t:|1743779207
|move|p1a: Hydrapple|Giga Drain|p2a: Garchomp
|-damage|p2a: Garchomp|1/100
|-heal|p1a: Hydrapple|98/100|[from] drain|[of] p2a: Garchomp
|move|p2a: Garchomp|Dragon Tail|p1a: Hydrapple
|-supereffective|p1a: Hydrapple
|-damage|p1a: Hydrapple|67/100
|drag|p1a: Alomomola|Alomomola, F, shiny|100/100
|
|-weather|Sandstorm|[upkeep]
|-damage|p1a: Alomomola|94/100|[from] Sandstorm
|upkeep
|turn|4
|
|t:|1743779214
|move|p2a: Garchomp|Spikes|p1a: Alomomola
|-sidestart|p1: okfernankk|Spikes
|move|p1a: Alomomola|Wish|p1a: Alomomola
|
|-weather|Sandstorm|[upkeep]
|-damage|p1a: Alomomola|88/100|[from] Sandstorm
|upkeep
|turn|5
|
|t:|1743779219
|switch|p1a: Hydrapple|Hydrapple, M|100/100
|move|p2a: Garchomp|Dragon Tail|p1a: Hydrapple|[miss]
|-miss|p2a: Garchomp|p1a: Hydrapple
|
|-weather|none
|upkeep
|turn|6
|
|t:|1743779226
|move|p2a: Garchomp|Spikes|p1a: Hydrapple
|-sidestart|p1: okfernankk|Spikes
|move|p1a: Hydrapple|Giga Drain|p2a: Garchomp
|-damage|p2a: Garchomp|0 fnt
|faint|p2a: Garchomp
|
|upkeep
|
|t:|1743779230
|switch|p2a: Weavile|Weavile, F|100/100
|-ability|p2a: Weavile|Pressure
|turn|7
|
|t:|1743779235
|-terastallize|p1a: Hydrapple|Steel
|move|p2a: Weavile|Swords Dance|p2a: Weavile
|-boost|p2a: Weavile|atk|2
|move|p1a: Hydrapple|Fickle Beam|p2a: Weavile
|-damage|p2a: Weavile|55/100
|
|upkeep
|turn|8
|
|t:|1743779239
|move|p2a: Weavile|Knock Off|p1a: Hydrapple
|-damage|p1a: Hydrapple|39/100
|-enditem|p1a: Hydrapple|Heavy-Duty Boots|[from] move: Knock Off|[of] p2a: Weavile
|move|p1a: Hydrapple|Fickle Beam|p2a: Weavile
|-damage|p2a: Weavile|10/100
|
|upkeep
|turn|9
|
|t:|1743779242
|switch|p1a: Skarmory|Skarmory, M|100/100
|-damage|p1a: Skarmory|88/100|[from] Stealth Rock
|move|p2a: Weavile|Knock Off|p1a: Skarmory
|-crit|p1a: Skarmory
|-damage|p1a: Skarmory|3/100
|-damage|p2a: Weavile|0 fnt|[from] item: Rocky Helmet|[of] p1a: Skarmory
|faint|p2a: Weavile
|
|upkeep
|
|t:|1743779246
|switch|p2a: Greninja|Greninja, M|100/100
|turn|10
|
|t:|1743779252
|switch|p1a: Alomomola|Alomomola, F, shiny|100/100
|move|p2a: Greninja|Ice Beam|p1a: Alomomola
|-resisted|p1a: Alomomola
|-damage|p1a: Alomomola|88/100
|
|upkeep
|turn|11
|
|t:|1743779258
|switch|p2a: Zapdos|Zapdos|100/100
|move|p1a: Alomomola|Wish|p1a: Alomomola
|
|upkeep
|turn|12
|
|t:|1743779262
|switch|p1a: Tyranitar|Tyranitar, F|100/100
|-weather|Sandstorm|[from] ability: Sand Stream|[of] p1a: Tyranitar
|move|p2a: Zapdos|Hurricane|p1a: Tyranitar
|-resisted|p1a: Tyranitar
|-damage|p1a: Tyranitar|87/100
|
|-weather|Sandstorm|[upkeep]
|-damage|p2a: Zapdos|94/100|[from] Sandstorm
|-heal|p1a: Tyranitar|100/100|[from] move: Wish|[wisher] Alomomola
|upkeep
|turn|13
|
|t:|1743779267
|switch|p2a: Snorlax|Snorlax, F|100/100
|move|p1a: Tyranitar|Knock Off|p2a: Snorlax
|-crit|p2a: Snorlax
|-damage|p2a: Snorlax|45/100
|-enditem|p2a: Snorlax|Leftovers|[from] move: Knock Off|[of] p1a: Tyranitar
|
|-weather|Sandstorm|[upkeep]
|-damage|p2a: Snorlax|39/100|[from] Sandstorm
|upkeep
|turn|14
|
|t:|1743779272
|move|p1a: Tyranitar|Stealth Rock|p2a: Snorlax
|-sidestart|p2: suparsayajin|move: Stealth Rock
|move|p2a: Snorlax|Rest|p2a: Snorlax
|-status|p2a: Snorlax|slp|[from] move: Rest
|-heal|p2a: Snorlax|100/100 slp|[silent]
|
|-weather|Sandstorm|[upkeep]
|-damage|p2a: Snorlax|94/100 slp|[from] Sandstorm
|upkeep
|turn|15
|
|t:|1743779276
|switch|p2a: Excadrill|Excadrill, F|100/100
|-damage|p2a: Excadrill|97/100|[from] Stealth Rock
|-ability|p2a: Excadrill|Mold Breaker
|-item|p2a: Excadrill|Air Balloon
|move|p1a: Tyranitar|Knock Off|p2a: Excadrill
|-damage|p2a: Excadrill|33/100
|-enditem|p2a: Excadrill|Air Balloon
|
|-weather|Sandstorm|[upkeep]
|upkeep
|turn|16
|
|t:|1743779282
|switch|p1a: Skarmory|Skarmory, M|3/100
|-damage|p1a: Skarmory|0 fnt|[from] Stealth Rock
|faint|p1a: Skarmory
|move|p2a: Excadrill|Iron Head|p1: Skarmory|[notarget]
|-fail|p2a: Excadrill
|
|-weather|none
|upkeep
|
|t:|1743779284
|switch|p1a: Alomomola|Alomomola, F, shiny|100/100
|turn|17
|
|t:|1743779286
|move|p2a: Excadrill|Rapid Spin|p1a: Alomomola
|-damage|p1a: Alomomola|90/100
|-boost|p2a: Excadrill|spe|1
|-sideend|p2: suparsayajin|Stealth Rock|[from] move: Rapid Spin|[of] p2a: Excadrill
|move|p1a: Alomomola|Flip Turn|p2a: Excadrill
|-supereffective|p2a: Excadrill
|-damage|p2a: Excadrill|0 fnt
|faint|p2a: Excadrill
|
|t:|1743779290
|switch|p1a: Tyranitar|Tyranitar, F|100/100|[from] Flip Turn
|-weather|Sandstorm|[from] ability: Sand Stream|[of] p1a: Tyranitar
|
|-weather|Sandstorm|[upkeep]
|upkeep
|
|t:|1743779294
|switch|p2a: Snorlax|Snorlax, F|94/100 slp
|turn|18
|
|t:|1743779299
|move|p1a: Tyranitar|Stealth Rock|p2a: Snorlax
|-sidestart|p2: suparsayajin|move: Stealth Rock
|cant|p2a: Snorlax|slp
|
|-weather|Sandstorm|[upkeep]
|-damage|p2a: Snorlax|88/100 slp|[from] Sandstorm
|upkeep
|turn|19
|
|t:|1743779304
|move|p1a: Tyranitar|Knock Off|p2a: Snorlax
|-damage|p2a: Snorlax|66/100 slp
|cant|p2a: Snorlax|slp
|
|-weather|Sandstorm|[upkeep]
|-damage|p2a: Snorlax|60/100 slp|[from] Sandstorm
|upkeep
|turn|20
|
|t:|1743779310
|switch|p1a: Hydrapple|Hydrapple, M, tera:Steel|72/100
|-damage|p1a: Hydrapple|66/100|[from] Stealth Rock
|-damage|p1a: Hydrapple|50/100|[from] Spikes
|-curestatus|p2a: Snorlax|slp|[msg]
|move|p2a: Snorlax|Curse|p2a: Snorlax
|-unboost|p2a: Snorlax|spe|1
|-boost|p2a: Snorlax|atk|1
|-boost|p2a: Snorlax|def|1
|
|-weather|Sandstorm|[upkeep]
|-damage|p2a: Snorlax|54/100|[from] Sandstorm
|upkeep
|turn|21
|
|t:|1743779314
|switch|p1a: Clefable|Clefable, M|100/100
|move|p2a: Snorlax|Heat Crash|p1a: Clefable
|-damage|p1a: Clefable|68/100
|
|-weather|none
|-damage|p2a: Snorlax|41/100|[from] item: Sticky Barb
|upkeep
|turn|22
|
|t:|1743779318
|move|p1a: Clefable|Wish|p1a: Clefable
|move|p2a: Snorlax|Body Slam|p1a: Clefable
|-damage|p1a: Clefable|32/100
|
|-damage|p2a: Snorlax|29/100|[from] item: Sticky Barb
|upkeep
|turn|23
|
|t:|1743779328
|move|p1a: Clefable|Protect|p1a: Clefable
|-singleturn|p1a: Clefable|Protect
|move|p2a: Snorlax|Rest|p2a: Snorlax
|-status|p2a: Snorlax|slp|[from] move: Rest
|-heal|p2a: Snorlax|100/100 slp|[silent]
|
|-heal|p1a: Clefable|82/100|[from] move: Wish|[wisher] Clefable
|-damage|p2a: Snorlax|88/100 slp|[from] item: Sticky Barb
|upkeep
|turn|24
|
|t:|1743779331
|switch|p1a: Tyranitar|Tyranitar, F|100/100
|-weather|Sandstorm|[from] ability: Sand Stream|[of] p1a: Tyranitar
|cant|p2a: Snorlax|slp
|
|-weather|Sandstorm|[upkeep]
|-damage|p2a: Snorlax|82/100 slp|[from] Sandstorm
|-damage|p2a: Snorlax|70/100 slp|[from] item: Sticky Barb
|upkeep
|turn|25
|
|t:|1743779334
|move|p1a: Tyranitar|Knock Off|p2a: Snorlax
|-damage|p2a: Snorlax|46/100 slp
|-enditem|p2a: Snorlax|Sticky Barb|[from] move: Knock Off|[of] p1a: Tyranitar
|cant|p2a: Snorlax|slp
|
|-weather|Sandstorm|[upkeep]
|-damage|p2a: Snorlax|39/100 slp|[from] Sandstorm
|upkeep
|turn|26
|
|t:|1743779341
|-curestatus|p2a: Snorlax|slp|[msg]
|move|p2a: Snorlax|Rest|p2a: Snorlax
|-status|p2a: Snorlax|slp|[from] move: Rest
|-heal|p2a: Snorlax|100/100 slp|[silent]
|move|p1a: Tyranitar|Roar|p2a: Snorlax
|drag|p2a: Greninja|Greninja, M|100/100
|-damage|p2a: Greninja|88/100|[from] Stealth Rock
|
|-weather|Sandstorm|[upkeep]
|-damage|p2a: Greninja|82/100|[from] Sandstorm
|upkeep
|turn|27
|j| ayayalaptop
|
|t:|1743779347
|switch|p1a: Alomomola|Alomomola, F, shiny|100/100
|move|p2a: Greninja|Spikes|p1a: Alomomola
|-sidestart|p1: okfernankk|Spikes
|
|-weather|Sandstorm|[upkeep]
|-damage|p2a: Greninja|76/100|[from] Sandstorm
|-damage|p1a: Alomomola|94/100|[from] Sandstorm
|upkeep
|turn|28
|
|t:|1743779350
|move|p2a: Greninja|Dark Pulse|p1a: Alomomola
|-damage|p1a: Alomomola|60/100
|cant|p1a: Alomomola|flinch
|
|-weather|none
|upkeep
|turn|29
|
|t:|1743779354
|move|p2a: Greninja|Dark Pulse|p1a: Alomomola
|-damage|p1a: Alomomola|29/100
|cant|p1a: Alomomola|flinch
|
|upkeep
|turn|30
|
|t:|1743779358
|switch|p1a: Clefable|Clefable, M|82/100
|move|p2a: Greninja|Dark Pulse|p1a: Clefable
|-resisted|p1a: Clefable
|-damage|p1a: Clefable|66/100
|
|upkeep
|turn|31
|
|t:|1743779361
|move|p1a: Clefable|Protect|p1a: Clefable
|-singleturn|p1a: Clefable|Protect
|move|p2a: Greninja|Ice Beam|p1a: Clefable
|-activate|p1a: Clefable|move: Protect
|
|upkeep
|turn|32
|
|t:|1743779364
|move|p2a: Greninja|Ice Beam|p1a: Clefable
|-damage|p1a: Clefable|41/100
|-status|p1a: Clefable|frz
|-curestatus|p1a: Clefable|frz|[msg]
|move|p1a: Clefable|Wish|p1a: Clefable
|
|upkeep
|turn|33
|
|t:|1743779366
|move|p1a: Clefable|Protect|p1a: Clefable
|-singleturn|p1a: Clefable|Protect
|move|p2a: Greninja|Ice Beam|p1a: Clefable
|-activate|p1a: Clefable|move: Protect
|
|-heal|p1a: Clefable|91/100|[from] move: Wish|[wisher] Clefable
|upkeep
|turn|34
|
|t:|1743779368
|switch|p1a: Tyranitar|Tyranitar, F|100/100
|-weather|Sandstorm|[from] ability: Sand Stream|[of] p1a: Tyranitar
|move|p2a: Greninja|Ice Beam|p1a: Tyranitar
|-damage|p1a: Tyranitar|89/100
|-status|p1a: Tyranitar|frz
|
|-weather|Sandstorm|[upkeep]
|-damage|p2a: Greninja|70/100|[from] Sandstorm
|upkeep
|turn|35
|
|t:|1743779373
|switch|p2a: Snorlax|Snorlax, F|100/100 slp
|-damage|p2a: Snorlax|88/100 slp|[from] Stealth Rock
|switch|p1a: Alomomola|Alomomola, F, shiny|63/100
|
|-weather|Sandstorm|[upkeep]
|-damage|p1a: Alomomola|57/100|[from] Sandstorm
|-damage|p2a: Snorlax|82/100 slp|[from] Sandstorm
|upkeep
|turn|36
|
|t:|1743779379
|switch|p1a: Tyranitar|Tyranitar, F|89/100 frz
|cant|p2a: Snorlax|slp
|
|-weather|Sandstorm|[upkeep]
|-damage|p2a: Snorlax|76/100 slp|[from] Sandstorm
|upkeep
|turn|37
|
|t:|1743779382
|cant|p2a: Snorlax|slp
|cant|p1a: Tyranitar|frz
|
|-weather|Sandstorm|[upkeep]
|-damage|p2a: Snorlax|70/100 slp|[from] Sandstorm
|upkeep
|turn|38
|
|t:|1743779384
|-curestatus|p2a: Snorlax|slp|[msg]
|move|p2a: Snorlax|Curse|p2a: Snorlax
|-unboost|p2a: Snorlax|spe|1
|-boost|p2a: Snorlax|atk|1
|-boost|p2a: Snorlax|def|1
|cant|p1a: Tyranitar|frz
|
|-weather|none
|upkeep
|turn|39
|
|t:|1743779387
|move|p2a: Snorlax|Body Slam|p1a: Tyranitar
|-resisted|p1a: Tyranitar
|-damage|p1a: Tyranitar|70/100 frz
|cant|p1a: Tyranitar|frz
|
|upkeep
|turn|40
|
|t:|1743779390
|move|p2a: Snorlax|Body Slam|p1a: Tyranitar
|-resisted|p1a: Tyranitar
|-damage|p1a: Tyranitar|53/100 frz
|-curestatus|p1a: Tyranitar|frz|[msg]
|move|p1a: Tyranitar|Roar|p2a: Snorlax
|drag|p2a: Greninja|Greninja, M|70/100
|-damage|p2a: Greninja|58/100|[from] Stealth Rock
|
|upkeep
|turn|41
|
|t:|1743779394
|switch|p1a: Alomomola|Alomomola, F, shiny|90/100
|move|p2a: Greninja|Water Shuriken|p1a: Alomomola
|-resisted|p1a: Alomomola
|-damage|p1a: Alomomola|87/100
|-resisted|p1a: Alomomola
|-crit|p1a: Alomomola
|-damage|p1a: Alomomola|82/100
|-hitcount|p1a: Alomomola|2
|
|upkeep
|turn|42
|
|t:|1743779396
|move|p2a: Greninja|Dark Pulse|p1a: Alomomola
|-damage|p1a: Alomomola|52/100
|move|p1a: Alomomola|Wish|p1a: Alomomola
|
|upkeep
|turn|43
|
|t:|1743779401
|switch|p1a: Tyranitar|Tyranitar, F|53/100
|-weather|Sandstorm|[from] ability: Sand Stream|[of] p1a: Tyranitar
|move|p2a: Greninja|Dark Pulse|p1a: Tyranitar
|-resisted|p1a: Tyranitar
|-damage|p1a: Tyranitar|46/100
|
|-weather|Sandstorm|[upkeep]
|-damage|p2a: Greninja|52/100|[from] Sandstorm
|-heal|p1a: Tyranitar|100/100|[from] move: Wish|[wisher] Alomomola
|upkeep
|turn|44
|
|t:|1743779405
|move|p2a: Greninja|Ice Beam|p1a: Tyranitar
|-damage|p1a: Tyranitar|90/100
|move|p1a: Tyranitar|Knock Off|p2a: Greninja
|-resisted|p2a: Greninja
|-damage|p2a: Greninja|19/100
|-enditem|p2a: Greninja|Focus Sash|[from] move: Knock Off|[of] p1a: Tyranitar
|
|-weather|Sandstorm|[upkeep]
|-damage|p2a: Greninja|13/100|[from] Sandstorm
|upkeep
|turn|45
|
|t:|1743779410
|move|p2a: Greninja|Water Shuriken|p1a: Tyranitar
|-supereffective|p1a: Tyranitar
|-damage|p1a: Tyranitar|84/100
|-supereffective|p1a: Tyranitar
|-damage|p1a: Tyranitar|78/100
|-supereffective|p1a: Tyranitar
|-damage|p1a: Tyranitar|73/100
|-supereffective|p1a: Tyranitar
|-damage|p1a: Tyranitar|67/100
|-hitcount|p1a: Tyranitar|4
|move|p1a: Tyranitar|Knock Off|p2a: Greninja
|-resisted|p2a: Greninja
|-damage|p2a: Greninja|0 fnt
|faint|p2a: Greninja
|
|-weather|Sandstorm|[upkeep]
|upkeep
|
|t:|1743779414
|switch|p2a: Zapdos|Zapdos|94/100
|-damage|p2a: Zapdos|69/100|[from] Stealth Rock
|turn|46
|
|t:|1743779417
|move|p2a: Zapdos|Hurricane|p1a: Tyranitar|[miss]
|-miss|p2a: Zapdos|p1a: Tyranitar
|move|p1a: Tyranitar|Ice Beam|p2a: Zapdos
|-supereffective|p2a: Zapdos
|-damage|p2a: Zapdos|22/100
|
|-weather|Sandstorm|[upkeep]
|-damage|p2a: Zapdos|16/100|[from] Sandstorm
|upkeep
|turn|47
|
|t:|1743779419
|move|p2a: Zapdos|Hurricane|p1a: Tyranitar
|-resisted|p1a: Tyranitar
|-damage|p1a: Tyranitar|55/100
|move|p1a: Tyranitar|Ice Beam|p2a: Zapdos
|-supereffective|p2a: Zapdos
|-damage|p2a: Zapdos|0 fnt
|faint|p2a: Zapdos
|
|-weather|none
|upkeep
|
|t:|1743779421
|switch|p2a: Snorlax|Snorlax, F|70/100
|-damage|p2a: Snorlax|57/100|[from] Stealth Rock
|turn|48
|
|t:|1743779426
|switch|p1a: Clodsire|Clodsire, F|100/100
|move|p2a: Snorlax|Curse|p2a: Snorlax
|-unboost|p2a: Snorlax|spe|1
|-boost|p2a: Snorlax|atk|1
|-boost|p2a: Snorlax|def|1
|
|upkeep
|turn|49
|
|t:|1743779428
|move|p1a: Clodsire|Toxic|p2a: Snorlax
|-status|p2a: Snorlax|tox
|move|p2a: Snorlax|Curse|p2a: Snorlax
|-unboost|p2a: Snorlax|spe|1
|-boost|p2a: Snorlax|atk|1
|-boost|p2a: Snorlax|def|1
|
|-damage|p2a: Snorlax|51/100 tox|[from] psn
|upkeep
|turn|50
|
|t:|1743779429
|switch|p1a: Tyranitar|Tyranitar, F|55/100
|-weather|Sandstorm|[from] ability: Sand Stream|[of] p1a: Tyranitar
|move|p2a: Snorlax|Curse|p2a: Snorlax
|-unboost|p2a: Snorlax|spe|1
|-boost|p2a: Snorlax|atk|1
|-boost|p2a: Snorlax|def|1
|
|-weather|Sandstorm|[upkeep]
|-damage|p2a: Snorlax|45/100 tox|[from] Sandstorm
|-damage|p2a: Snorlax|33/100 tox|[from] psn
|upkeep
|turn|51
|
|t:|1743779437
|switch|p1a: Clodsire|Clodsire, F|100/100
|move|p2a: Snorlax|Rest|p2a: Snorlax
|-status|p2a: Snorlax|slp|[from] move: Rest
|-heal|p2a: Snorlax|100/100 slp|[silent]
|
|-weather|Sandstorm|[upkeep]
|-damage|p2a: Snorlax|94/100 slp|[from] Sandstorm
|upkeep
|turn|52
|
|t:|1743779441
|move|p1a: Clodsire|Earthquake|p2a: Snorlax
|-damage|p2a: Snorlax|71/100 slp
|cant|p2a: Snorlax|slp
|
|-weather|Sandstorm|[upkeep]
|-damage|p2a: Snorlax|65/100 slp|[from] Sandstorm
|upkeep
|turn|53
|
|t:|1743779443
|move|p1a: Clodsire|Earthquake|p2a: Snorlax
|-damage|p2a: Snorlax|44/100 slp
|cant|p2a: Snorlax|slp
|
|-weather|Sandstorm|[upkeep]
|-damage|p2a: Snorlax|38/100 slp|[from] Sandstorm
|upkeep
|turn|54
|
|t:|1743779450
|move|p1a: Clodsire|Earthquake|p2a: Snorlax
|-damage|p2a: Snorlax|13/100 slp
|-curestatus|p2a: Snorlax|slp|[msg]
|move|p2a: Snorlax|Rest|p2a: Snorlax
|-status|p2a: Snorlax|slp|[from] move: Rest
|-heal|p2a: Snorlax|100/100 slp|[silent]
|
|-weather|none
|upkeep
|turn|55
|
|t:|1743779452
|switch|p1a: Tyranitar|Tyranitar, F|55/100
|-weather|Sandstorm|[from] ability: Sand Stream|[of] p1a: Tyranitar
|cant|p2a: Snorlax|slp
|
|-weather|Sandstorm|[upkeep]
|-damage|p2a: Snorlax|94/100 slp|[from] Sandstorm
|upkeep
|turn|56
|
|t:|1743779455
|switch|p1a: Clodsire|Clodsire, F|100/100
|cant|p2a: Snorlax|slp
|
|-weather|Sandstorm|[upkeep]
|-damage|p2a: Snorlax|88/100 slp|[from] Sandstorm
|upkeep
|turn|57
|
|t:|1743779458
|move|p1a: Clodsire|Earthquake|p2a: Snorlax
|-damage|p2a: Snorlax|66/100 slp
|-curestatus|p2a: Snorlax|slp|[msg]
|move|p2a: Snorlax|Body Slam|p1a: Clodsire
|-crit|p1a: Clodsire
|-damage|p1a: Clodsire|62/100
|
|-weather|Sandstorm|[upkeep]
|-damage|p2a: Snorlax|60/100|[from] Sandstorm
|upkeep
|turn|58
|
|t:|1743779461
|move|p1a: Clodsire|Earthquake|p2a: Snorlax
|-damage|p2a: Snorlax|37/100
|move|p2a: Snorlax|Curse|p2a: Snorlax
|-unboost|p2a: Snorlax|spe|1
|-boost|p2a: Snorlax|atk|1
|-boost|p2a: Snorlax|def|1
|
|-weather|Sandstorm|[upkeep]
|-damage|p2a: Snorlax|31/100|[from] Sandstorm
|upkeep
|turn|59
|
|t:|1743779465
|move|p1a: Clodsire|Recover|p1a: Clodsire
|-heal|p1a: Clodsire|100/100
|move|p2a: Snorlax|Rest|p2a: Snorlax
|-status|p2a: Snorlax|slp|[from] move: Rest
|-heal|p2a: Snorlax|100/100 slp|[silent]
|
|-weather|none
|upkeep
|turn|60
|
|t:|1743779467
|switch|p1a: Tyranitar|Tyranitar, F|55/100
|-weather|Sandstorm|[from] ability: Sand Stream|[of] p1a: Tyranitar
|cant|p2a: Snorlax|slp
|
|-weather|Sandstorm|[upkeep]
|-damage|p2a: Snorlax|94/100 slp|[from] Sandstorm
|upkeep
|turn|61
|
|t:|1743779471
|switch|p1a: Clodsire|Clodsire, F|100/100
|cant|p2a: Snorlax|slp
|
|-weather|Sandstorm|[upkeep]
|-damage|p2a: Snorlax|88/100 slp|[from] Sandstorm
|upkeep
|turn|62
|
|t:|1743779473
|move|p1a: Clodsire|Earthquake|p2a: Snorlax
|-damage|p2a: Snorlax|65/100 slp
|-curestatus|p2a: Snorlax|slp|[msg]
|move|p2a: Snorlax|Body Slam|p1a: Clodsire
|-damage|p1a: Clodsire|76/100
|
|-weather|Sandstorm|[upkeep]
|-damage|p2a: Snorlax|59/100|[from] Sandstorm
|upkeep
|turn|63
|
|t:|1743779477
|move|p1a: Clodsire|Earthquake|p2a: Snorlax
|-damage|p2a: Snorlax|36/100
|move|p2a: Snorlax|Curse|p2a: Snorlax
|-unboost|p2a: Snorlax|spe|1
|-boost|p2a: Snorlax|atk|1
|-boost|p2a: Snorlax|def|1
|
|-weather|Sandstorm|[upkeep]
|-damage|p2a: Snorlax|30/100|[from] Sandstorm
|upkeep
|turn|64
|
|t:|1743779481
|move|p1a: Clodsire|Earthquake|p2a: Snorlax
|-crit|p2a: Snorlax
|-damage|p2a: Snorlax|0 fnt
|faint|p2a: Snorlax
|
|win|okfernankk
|raw|okfernankk's rating: 1571 &rarr; <strong>1592</strong><br />(+21 for winning)
|raw|suparsayajin's rating: 1595 &rarr; <strong>1574</strong><br />(-21 for losing)
|l|☆okfernankk
|player|p1|
|l|☆suparsayajin
|player|p2|
|l| ayayalaptop
