|j|☆CelticsBaller12
|j|☆ghoofy
|t:|1743911965
|gametype|singles
|player|p1|CelticsBaller12|2|1346
|player|p2|ghoofy|backpackerf|1341
|teamsize|p1|6
|teamsize|p2|6
|gen|9
|tier|[Gen 9] OU
|rated|
|rule|HP Percentage Mod: HP is shown in percentages
|rule|Endless Battle Clause: Forcing endless battles is banned
|rule|Species Clause: Limit one of each Pokémon
|rule|OHKO Clause: OHKO moves are banned
|rule|Evasion Items Clause: Evasion items are banned
|rule|Evasion Moves Clause: Evasion moves are banned
|rule|Sleep Moves Clause: Sleep-inducing moves are banned
|clearpoke
|poke|p1|Cinderace, F|
|poke|p1|Dragapult, F|
|poke|p1|Zamazenta-*|
|poke|p1|Meowscarada, F|
|poke|p1|Hatterene, F|
|poke|p1|Ursaluna, M|
|poke|p2|Comfey, M|
|poke|p2|Whimsicott, F|
|poke|p2|Iron Moth|
|poke|p2|Walking Wake|
|poke|p2|Great Tusk|
|poke|p2|Ninetales, M|
|teampreview
|inactive|Battle timer is ON: inactive players will automatically lose when time's up. (requested by ghoofy)
|inactive|CelticsBaller12 has 120 seconds left.
|
|t:|1743912078
|start
|switch|p1a: Dragapult|Dragapult, F|100/100
|switch|p2a: Great Tusk|Great Tusk|100/100
|turn|1
|
|t:|1743912086
|move|p1a: Dragapult|Surf|p2a: Great Tusk
|-supereffective|p2a: Great Tusk
|-damage|p2a: Great Tusk|0 fnt
|faint|p2a: Great Tusk
|-end|p2a: Great Tusk|Protosynthesis|[silent]
|
|upkeep
|
|t:|1743912103
|switch|p2a: Ninetales|Ninetales, M|100/100
|-weather|SunnyDay|[from] ability: Drought|[of] p2a: Ninetales
|turn|2
|
|t:|1743912110
|switch|p1a: Hatterene|Hatterene, F|100/100
|move|p2a: Ninetales|Will-O-Wisp|p1a: Hatterene
|move|p1a: Hatterene|Will-O-Wisp|p2a: Ninetales|[from] ability: Magic Bounce
|-immune|p2a: Ninetales
|
|-weather|SunnyDay|[upkeep]
|upkeep
|turn|3
|
|t:|1743912115
|move|p2a: Ninetales|Weather Ball|p1a: Hatterene
|-damage|p1a: Hatterene|76/100
|move|p1a: Hatterene|Nuzzle|p2a: Ninetales
|-damage|p2a: Ninetales|96/100
|-status|p2a: Ninetales|par
|
|-weather|SunnyDay|[upkeep]
|upkeep
|turn|4
|
|t:|1743912126
|move|p2a: Ninetales|Weather Ball|p1a: Hatterene
|-damage|p1a: Hatterene|49/100
|move|p1a: Hatterene|Psyshock|p2a: Ninetales
|-damage|p2a: Ninetales|43/100 par
|
|-weather|SunnyDay|[upkeep]
|upkeep
|turn|5
|
|t:|1743912137
|switch|p2a: Walking Wake|Walking Wake|100/100
|-activate|p2a: Walking Wake|ability: Protosynthesis
|-start|p2a: Walking Wake|protosynthesisspe
|move|p1a: Hatterene|Psyshock|p2a: Walking Wake
|-damage|p2a: Walking Wake|66/100
|
|-weather|SunnyDay|[upkeep]
|upkeep
|turn|6
|
|t:|1743912142
|move|p2a: Walking Wake|Hydro Steam|p1a: Hatterene
|-damage|p1a: Hatterene|15/100
|move|p1a: Hatterene|Draining Kiss|p2a: Walking Wake
|-supereffective|p2a: Walking Wake
|-damage|p2a: Walking Wake|33/100
|-heal|p1a: Hatterene|46/100|[from] drain|[of] p2a: Walking Wake
|
|-weather|SunnyDay|[upkeep]
|upkeep
|turn|7
|
|t:|1743912150
|-terastallize|p2a: Walking Wake|Steel
|move|p2a: Walking Wake|Hydro Steam|p1a: Hatterene
|-damage|p1a: Hatterene|14/100
|move|p1a: Hatterene|Draining Kiss|p2a: Walking Wake
|-resisted|p2a: Walking Wake
|-damage|p2a: Walking Wake|24/100
|-heal|p1a: Hatterene|22/100|[from] drain|[of] p2a: Walking Wake
|
|-weather|SunnyDay|[upkeep]
|upkeep
|turn|8
|
|t:|1743912154
|move|p2a: Walking Wake|Hydro Steam|p1a: Hatterene
|-damage|p1a: Hatterene|0 fnt
|faint|p1a: Hatterene
|
|-weather|SunnyDay|[upkeep]
|upkeep
|
|t:|1743912157
|switch|p1a: Zamazenta|Zamazenta|100/100
|-ability|p1a: Zamazenta|Dauntless Shield|boost
|-boost|p1a: Zamazenta|def|1
|turn|9
|
|t:|1743912173
|move|p2a: Walking Wake|Hydro Steam|p1a: Zamazenta
|-damage|p1a: Zamazenta|57/100
|move|p1a: Zamazenta|Body Press|p2a: Walking Wake
|-supereffective|p2a: Walking Wake
|-damage|p2a: Walking Wake|0 fnt
|faint|p2a: Walking Wake
|-end|p2a: Walking Wake|Protosynthesis|[silent]
|
|-weather|none
|-heal|p1a: Zamazenta|63/100|[from] item: Leftovers
|upkeep
|
|t:|1743912182
|switch|p2a: Ninetales|Ninetales, M|43/100 par
|-weather|SunnyDay|[from] ability: Drought|[of] p2a: Ninetales
|turn|10
|
|t:|1743912190
|move|p1a: Zamazenta|Body Press|p2a: Ninetales
|-damage|p2a: Ninetales|0 fnt
|faint|p2a: Ninetales
|
|-weather|SunnyDay|[upkeep]
|-heal|p1a: Zamazenta|70/100|[from] item: Leftovers
|upkeep
|
|t:|1743912205
|switch|p2a: Whimsicott|Whimsicott, F|100/100
|turn|11
|
|t:|1743912210
|move|p2a: Whimsicott|Growth|p2a: Whimsicott
|-boost|p2a: Whimsicott|atk|2
|-boost|p2a: Whimsicott|spa|2
|move|p1a: Zamazenta|Iron Head|p2a: Whimsicott
|-supereffective|p2a: Whimsicott
|-damage|p2a: Whimsicott|46/100
|
|-weather|SunnyDay|[upkeep]
|-heal|p1a: Zamazenta|76/100|[from] item: Leftovers
|upkeep
|turn|12
|
|t:|1743912216
|-terastallize|p1a: Zamazenta|Steel
|move|p2a: Whimsicott|Moonblast|p1a: Zamazenta
|-resisted|p1a: Zamazenta
|-damage|p1a: Zamazenta|41/100
|-unboost|p1a: Zamazenta|spa|1
|-damage|p2a: Whimsicott|36/100|[from] item: Life Orb
|move|p1a: Zamazenta|Iron Head|p2a: Whimsicott
|-supereffective|p2a: Whimsicott
|-damage|p2a: Whimsicott|0 fnt
|faint|p2a: Whimsicott
|
|-weather|SunnyDay|[upkeep]
|-heal|p1a: Zamazenta|47/100|[from] item: Leftovers
|upkeep
|
|t:|1743912219
|switch|p2a: Comfey|Comfey, M|100/100
|turn|13
|
|t:|1743912224
|move|p1a: Zamazenta|Iron Head|p2a: Comfey
|-supereffective|p2a: Comfey
|-damage|p2a: Comfey|26/100
|cant|p2a: Comfey|flinch
|
|-weather|SunnyDay|[upkeep]
|-heal|p1a: Zamazenta|53/100|[from] item: Leftovers
|upkeep
|turn|14
|
|t:|1743912228
|move|p2a: Comfey|Synthesis|p2a: Comfey
|-heal|p2a: Comfey|92/100
|move|p1a: Zamazenta|Iron Head|p2a: Comfey
|-supereffective|p2a: Comfey
|-damage|p2a: Comfey|11/100
|
|-weather|SunnyDay|[upkeep]
|-heal|p1a: Zamazenta|60/100|[from] item: Leftovers
|upkeep
|turn|15
|
|t:|1743912232
|move|p2a: Comfey|Synthesis|p2a: Comfey
|-heal|p2a: Comfey|78/100
|move|p1a: Zamazenta|Iron Head|p2a: Comfey
|-supereffective|p2a: Comfey
|-damage|p2a: Comfey|2/100
|
|-weather|SunnyDay|[upkeep]
|-heal|p1a: Zamazenta|66/100|[from] item: Leftovers
|upkeep
|turn|16
|
|t:|1743912237
|move|p2a: Comfey|Draining Kiss|p1a: Zamazenta
|-resisted|p1a: Zamazenta
|-damage|p1a: Zamazenta|55/100
|-heal|p2a: Comfey|12/100|[from] drain|[of] p1a: Zamazenta
|-damage|p2a: Comfey|2/100|[from] item: Life Orb
|move|p1a: Zamazenta|Iron Head|p2a: Comfey
|-supereffective|p2a: Comfey
|-damage|p2a: Comfey|0 fnt
|faint|p2a: Comfey
|
|-weather|SunnyDay|[upkeep]
|-heal|p1a: Zamazenta|62/100|[from] item: Leftovers
|upkeep
|
|t:|1743912239
|switch|p2a: Iron Moth|Iron Moth|100/100
|-enditem|p2a: Iron Moth|Booster Energy
|-activate|p2a: Iron Moth|ability: Quark Drive|[fromitem]
|-start|p2a: Iron Moth|quarkdrivespa
|turn|17
|
|t:|1743912243
|move|p2a: Iron Moth|Fiery Dance|p1a: Zamazenta
|-supereffective|p1a: Zamazenta
|-crit|p1a: Zamazenta
|-damage|p1a: Zamazenta|0 fnt
|-boost|p2a: Iron Moth|spa|1
|faint|p1a: Zamazenta
|
|-weather|none
|upkeep
|
|t:|1743912259
|switch|p1a: Ursaluna|Ursaluna, M|100/100
|turn|18
|
|t:|1743912264
|move|p2a: Iron Moth|Fiery Dance|p1a: Ursaluna
|-damage|p1a: Ursaluna|18/100
|move|p1a: Ursaluna|Earthquake|p2a: Iron Moth
|-supereffective|p2a: Iron Moth
|-damage|p2a: Iron Moth|0 fnt
|faint|p2a: Iron Moth
|-end|p2a: Iron Moth|Quark Drive|[silent]
|
|win|CelticsBaller12
|raw|CelticsBaller12's rating: 1346 &rarr; <strong>1366</strong><br />(+20 for winning)
|raw|ghoofy's rating: 1341 &rarr; <strong>1321</strong><br />(-20 for losing)
|l|☆ghoofy
|player|p2|
|l|☆CelticsBaller12
|player|p1|
