|j|☆letsbattlemanggwp
|j|☆LachBoyJB
|t:|1743827295
|gametype|singles
|player|p1|letsbattlemanggwp|waiter|1141
|player|p2|LachBoyJB|red|1089
|teamsize|p1|6
|teamsize|p2|6
|gen|9
|tier|[Gen 9] OU
|rated|
|rule|HP Percentage Mod: HP is shown in percentages
|rule|Endless Battle Clause: Forcing endless battles is banned
|rule|Species Clause: Limit one of each Pokémon
|rule|OHKO Clause: OHKO moves are banned
|rule|Evasion Items Clause: Evasion items are banned
|rule|Evasion Moves Clause: Evasion moves are banned
|rule|Sleep Moves Clause: Sleep-inducing moves are banned
|clearpoke
|poke|p1|Hippowdon, F|
|poke|p1|Donphan, F|
|poke|p1|Ursaluna, F|
|poke|p1|Sandaconda, M|
|poke|p1|Sandslash, F|
|poke|p1|Krookodile, M|
|poke|p2|Glimmora, M|
|poke|p2|Iron Valiant|
|poke|p2|Great Tusk|
|poke|p2|Serperior, M|
|poke|p2|Samurott-Hisui, M|
|poke|p2|Kingambit, M|
|teampreview
|inactive|Battle timer is ON: inactive players will automatically lose when time's up. (requested by LachBoyJB)
|
|t:|1743827319
|start
|switch|p1a: Hippowdon|Hippowdon, F|100/100
|switch|p2a: Glimmora|Glimmora, M|100/100
|-weather|Sandstorm|[from] ability: Sand Stream|[of] p1a: Hippowdon
|turn|1
|
|t:|1743827329
|move|p2a: Glimmora|Stealth Rock|p1a: Hippowdon
|-sidestart|p1: letsbattlemanggwp|move: Stealth Rock
|move|p1a: Hippowdon|Earthquake|p2a: Glimmora
|-supereffective|p2a: Glimmora
|-enditem|p2a: Glimmora|Focus Sash
|-damage|p2a: Glimmora|1/100
|-activate|p2a: Glimmora|ability: Toxic Debris
|-sidestart|p1: letsbattlemanggwp|move: Toxic Spikes
|
|-weather|Sandstorm|[upkeep]
|upkeep
|turn|2
|
|t:|1743827340
|switch|p1a: Donphan|Donphan, F|100/100
|-damage|p1a: Donphan|94/100|[from] Stealth Rock
|-status|p1a: Donphan|psn
|move|p2a: Glimmora|Spiky Shield||[still]
|-fail|p2a: Glimmora
|
|-weather|Sandstorm|[upkeep]
|-damage|p1a: Donphan|82/100 psn|[from] psn
|upkeep
|turn|3
|
|t:|1743827352
|move|p2a: Glimmora|Spiky Shield|p2a: Glimmora
|-singleturn|p2a: Glimmora|move: Protect
|move|p1a: Donphan|Rapid Spin|p2a: Glimmora
|-activate|p2a: Glimmora|move: Protect
|-damage|p1a: Donphan|69/100 psn|[from] Spiky Shield|[of] p2a: Glimmora
|
|-weather|Sandstorm|[upkeep]
|-damage|p1a: Donphan|57/100 psn|[from] psn
|upkeep
|turn|4
|
|t:|1743827364
|move|p2a: Glimmora|Earth Power|p1a: Donphan
|-damage|p1a: Donphan|11/100 psn
|move|p1a: Donphan|Rapid Spin|p2a: Glimmora
|-resisted|p2a: Glimmora
|-damage|p2a: Glimmora|0 fnt
|-boost|p1a: Donphan|spe|1
|-activate|p2a: Glimmora|ability: Toxic Debris
|-sidestart|p1: letsbattlemanggwp|move: Toxic Spikes
|-sideend|p1: letsbattlemanggwp|Toxic Spikes|[from] move: Rapid Spin|[of] p1a: Donphan
|-sideend|p1: letsbattlemanggwp|Stealth Rock|[from] move: Rapid Spin|[of] p1a: Donphan
|faint|p2a: Glimmora
|
|-weather|Sandstorm|[upkeep]
|-damage|p1a: Donphan|0 fnt|[from] psn
|faint|p1a: Donphan
|upkeep
|
|t:|1743827383
|switch|p2a: Samurott|Samurott-Hisui, M|100/100
|switch|p1a: Sandslash|Sandslash, F|100/100
|turn|5
|
|t:|1743827392
|move|p1a: Sandslash|Leech Life|p2a: Samurott
|-supereffective|p2a: Samurott
|-damage|p2a: Samurott|18/100
|move|p2a: Samurott|Ceaseless Edge|p1a: Sandslash
|-damage|p1a: Sandslash|47/100
|-sidestart|p1: letsbattlemanggwp|Spikes
|
|-weather|none
|-heal|p2a: Samurott|24/100|[from] item: Leftovers
|upkeep
|turn|6
|
|t:|1743827405
|switch|p1a: Hippowdon|Hippowdon, F|100/100
|-damage|p1a: Hippowdon|88/100|[from] Spikes
|-weather|Sandstorm|[from] ability: Sand Stream|[of] p1a: Hippowdon
|move|p2a: Samurott|Ceaseless Edge|p1a: Hippowdon
|-damage|p1a: Hippowdon|56/100
|-sidestart|p1: letsbattlemanggwp|Spikes
|
|-weather|Sandstorm|[upkeep]
|-damage|p2a: Samurott|18/100|[from] Sandstorm
|-heal|p2a: Samurott|24/100|[from] item: Leftovers
|upkeep
|turn|7
|
|t:|1743827419
|move|p2a: Samurott|Aqua Cutter|p1a: Hippowdon
|-supereffective|p1a: Hippowdon
|-damage|p1a: Hippowdon|0 fnt
|faint|p1a: Hippowdon
|
|-weather|Sandstorm|[upkeep]
|-damage|p2a: Samurott|18/100|[from] Sandstorm
|-heal|p2a: Samurott|24/100|[from] item: Leftovers
|upkeep
|
|t:|1743827429
|switch|p1a: Sandslash|Sandslash, F|47/100
|-damage|p1a: Sandslash|30/100|[from] Spikes
|turn|8
|
|t:|1743827433
|move|p1a: Sandslash|Leech Life|p2a: Samurott
|-supereffective|p2a: Samurott
|-damage|p2a: Samurott|0 fnt
|-heal|p1a: Sandslash|43/100|[from] drain|[of] p2a: Samurott
|faint|p2a: Samurott
|
|-weather|Sandstorm|[upkeep]
|upkeep
|
|t:|1743827436
|switch|p2a: Serperior|Serperior, M|100/100
|turn|9
|
|t:|1743827446
|-terastallize|p2a: Serperior|Dragon
|move|p1a: Sandslash|Leech Life|p2a: Serperior
|-damage|p2a: Serperior|59/100
|-heal|p1a: Sandslash|64/100|[from] drain|[of] p2a: Serperior
|move|p2a: Serperior|Leaf Storm|p1a: Sandslash
|-supereffective|p1a: Sandslash
|-damage|p1a: Sandslash|0 fnt
|-boost|p2a: Serperior|spa|2
|faint|p1a: Sandslash
|
|-weather|Sandstorm|[upkeep]
|-damage|p2a: Serperior|53/100|[from] Sandstorm
|-heal|p2a: Serperior|59/100|[from] item: Leftovers
|upkeep
|
|t:|1743827461
|switch|p1a: Krookodile|Krookodile, M|100/100
|-damage|p1a: Krookodile|84/100|[from] Spikes
|turn|10
|
|t:|1743827466
|-terastallize|p1a: Krookodile|Dragon
|move|p1a: Krookodile|Outrage|p2a: Serperior
|-supereffective|p2a: Serperior
|-damage|p2a: Serperior|0 fnt
|faint|p2a: Serperior
|-ability|p1a: Krookodile|Moxie|boost
|-boost|p1a: Krookodile|atk|1
|
|-weather|none
|upkeep
|
|t:|1743827471
|switch|p2a: Iron Valiant|Iron Valiant|100/100
|-enditem|p2a: Iron Valiant|Booster Energy
|-activate|p2a: Iron Valiant|ability: Quark Drive|[fromitem]
|-start|p2a: Iron Valiant|quarkdrivespe
|turn|11
|
|t:|1743827480
|move|p2a: Iron Valiant|Spirit Break|p1a: Krookodile
|-supereffective|p1a: Krookodile
|-damage|p1a: Krookodile|0 fnt
|faint|p1a: Krookodile
|
|upkeep
|
|t:|1743827488
|switch|p1a: Sandaconda|Sandaconda, M|100/100
|-damage|p1a: Sandaconda|84/100|[from] Spikes
|turn|12
|
|t:|1743827495
|move|p2a: Iron Valiant|Spirit Break|p1a: Sandaconda
|-damage|p1a: Sandaconda|46/100
|-unboost|p1a: Sandaconda|spa|1
|-weather|Sandstorm|[from] ability: Sand Spit|[of] p1a: Sandaconda
|move|p1a: Sandaconda|Earthquake|p2a: Iron Valiant
|-damage|p2a: Iron Valiant|19/100
|
|-weather|Sandstorm|[upkeep]
|-damage|p2a: Iron Valiant|13/100|[from] Sandstorm
|upkeep
|turn|13
|
|t:|1743827506
|move|p2a: Iron Valiant|Spirit Break|p1a: Sandaconda
|-damage|p1a: Sandaconda|4/100
|-unboost|p1a: Sandaconda|spa|1
|move|p1a: Sandaconda|Earthquake|p2a: Iron Valiant
|-damage|p2a: Iron Valiant|0 fnt
|faint|p2a: Iron Valiant
|-end|p2a: Iron Valiant|Quark Drive|[silent]
|
|-weather|Sandstorm|[upkeep]
|upkeep
|
|t:|1743827513
|switch|p2a: Great Tusk|Great Tusk|100/100
|turn|14
|
|t:|1743827519
|move|p2a: Great Tusk|Rapid Spin|p1a: Sandaconda
|-damage|p1a: Sandaconda|0 fnt
|-boost|p2a: Great Tusk|spe|1
|faint|p1a: Sandaconda
|
|-weather|Sandstorm|[upkeep]
|upkeep
|
|t:|1743827528
|switch|p1a: Ursaluna|Ursaluna, F|100/100
|-damage|p1a: Ursaluna|84/100|[from] Spikes
|turn|15
|
|t:|1743827533
|move|p2a: Great Tusk|Close Combat|p1a: Ursaluna
|-supereffective|p1a: Ursaluna
|-damage|p1a: Ursaluna|0 fnt
|-unboost|p2a: Great Tusk|def|1
|-unboost|p2a: Great Tusk|spd|1
|faint|p1a: Ursaluna
|
|win|LachBoyJB
|raw|letsbattlemanggwp's rating: 1141 &rarr; <strong>1112</strong><br />(-29 for losing)
|raw|LachBoyJB's rating: 1089 &rarr; <strong>1120</strong><br />(+31 for winning)
|l|☆LachBoyJB
|player|p2|
|l|☆letsbattlemanggwp
|player|p1|
