|j|☆Chococadeau
|j|☆Alexander90281
|t:|1743890979
|gametype|singles
|player|p1|Chococadeau|102|1599
|player|p2|Alexander90281|tateandliza-gen3|1571
|teamsize|p1|6
|teamsize|p2|6
|gen|9
|tier|[Gen 9] OU
|rated|
|rule|HP Percentage Mod: HP is shown in percentages
|rule|Endless Battle Clause: Forcing endless battles is banned
|rule|Species Clause: Limit one of each Pokémon
|rule|OHKO Clause: OHKO moves are banned
|rule|Evasion Items Clause: Evasion items are banned
|rule|Evasion Moves Clause: Evasion moves are banned
|rule|Sleep Moves Clause: Sleep-inducing moves are banned
|clearpoke
|poke|p1|Dragonite, F|
|poke|p1|Iron Valiant|
|poke|p1|Gholdengo|
|poke|p1|Ogerpon-Wellspring, F|
|poke|p1|Enamorus, F|
|poke|p1|Iron Treads|
|poke|p2|Mimikyu, M|
|poke|p2|Hatterene, F|
|poke|p2|Ursaluna, M|
|poke|p2|Breloom, F|
|poke|p2|Meowscarada, F|
|poke|p2|Vikavolt, F|
|teampreview
|
|t:|1743890986
|start
|switch|p1a: Iron Treads|Iron Treads|100/100
|switch|p2a: Hatterene|Hatterene, F|100/100
|-enditem|p1a: Iron Treads|Booster Energy
|-activate|p1a: Iron Treads|ability: Quark Drive|[fromitem]
|-start|p1a: Iron Treads|quarkdrivespe
|turn|1
|
|t:|1743890993
|move|p1a: Iron Treads|Earthquake|p2a: Hatterene
|-damage|p2a: Hatterene|48/100
|move|p2a: Hatterene|Trick Room|p2a: Hatterene
|-fieldstart|move: Trick Room|[of] p2a: Hatterene
|
|upkeep
|turn|2
|
|t:|1743891004
|move|p2a: Hatterene|Mystical Fire|p1a: Iron Treads
|-supereffective|p1a: Iron Treads
|-damage|p1a: Iron Treads|16/100
|-unboost|p1a: Iron Treads|spa|1
|move|p1a: Iron Treads|Earthquake|p2a: Hatterene
|-damage|p2a: Hatterene|0 fnt
|faint|p2a: Hatterene
|
|upkeep
|inactive|Battle timer is ON: inactive players will automatically lose when time's up. (requested by Chococadeau)
|
|t:|1743891040
|switch|p2a: Vikavolt|Vikavolt, F|100/100
|turn|3
|
|t:|1743891058
|move|p2a: Vikavolt|Bug Buzz|p1a: Iron Treads
|-resisted|p1a: Iron Treads
|-damage|p1a: Iron Treads|0 fnt
|faint|p1a: Iron Treads
|-end|p1a: Iron Treads|Quark Drive|[silent]
|-enditem|p2a: Vikavolt|Throat Spray
|-boost|p2a: Vikavolt|spa|1|[from] item: Throat Spray
|
|upkeep
|
|t:|1743891070
|switch|p1a: Gholdengo|Gholdengo|100/100
|-item|p1a: Gholdengo|Air Balloon
|turn|4
|
|t:|1743891079
|move|p2a: Vikavolt|Discharge|p1a: Gholdengo
|-damage|p1a: Gholdengo|29/100
|-enditem|p1a: Gholdengo|Air Balloon
|move|p1a: Gholdengo|Shadow Ball|p2a: Vikavolt
|-damage|p2a: Vikavolt|54/100
|-unboost|p2a: Vikavolt|spd|1
|
|upkeep
|turn|5
|
|t:|1743891086
|move|p2a: Vikavolt|Discharge|p1a: Gholdengo
|-damage|p1a: Gholdengo|0 fnt
|faint|p1a: Gholdengo
|
|-fieldend|move: Trick Room
|upkeep
|
|t:|1743891088
|switch|p1a: Enamorus|Enamorus, F|100/100
|turn|6
|
|t:|1743891095
|switch|p2a: Mimikyu|Mimikyu, M|100/100
|move|p1a: Enamorus|Moonblast|p2a: Mimikyu
|-activate|p2a: Mimikyu|ability: Disguise
|-damage|p2a: Mimikyu|100/100
|detailschange|p2a: Mimikyu|Mimikyu-Busted, M
|-damage|p2a: Mimikyu|88/100|[from] pokemon: Mimikyu-Busted
|
|upkeep
|turn|7
|
|t:|1743891104
|move|p1a: Enamorus|Moonblast|p2a: Mimikyu
|-damage|p2a: Mimikyu|33/100
|move|p2a: Mimikyu|Trick Room|p2a: Mimikyu
|-fieldstart|move: Trick Room|[of] p2a: Mimikyu
|
|upkeep
|turn|8
|
|t:|1743891113
|move|p2a: Mimikyu|Curse|p1a: Enamorus
|-start|p1a: Enamorus|Curse|[of] p2a: Mimikyu
|-damage|p2a: Mimikyu|0 fnt
|faint|p2a: Mimikyu
|move|p1a: Enamorus|Moonblast|p2: Mimikyu|[notarget]
|-fail|p1a: Enamorus
|
|-damage|p1a: Enamorus|76/100|[from] Curse
|upkeep
|
|t:|1743891116
|switch|p2a: Vikavolt|Vikavolt, F|54/100
|turn|9
|
|t:|1743891122
|switch|p1a: Dragonite|Dragonite, F|100/100
|move|p2a: Vikavolt|Discharge|p1a: Dragonite
|-damage|p1a: Dragonite|72/100
|-status|p1a: Dragonite|par
|
|upkeep
|turn|10
|
|t:|1743891127
|move|p1a: Dragonite|Extreme Speed|p2a: Vikavolt
|-damage|p2a: Vikavolt|24/100
|move|p2a: Vikavolt|Discharge|p1a: Dragonite
|-damage|p1a: Dragonite|22/100 par
|
|upkeep
|turn|11
|
|t:|1743891133
|move|p1a: Dragonite|Extreme Speed|p2a: Vikavolt
|-damage|p2a: Vikavolt|0 fnt
|faint|p2a: Vikavolt
|
|-fieldend|move: Trick Room
|upkeep
|
|t:|1743891139
|switch|p2a: Ursaluna|Ursaluna, M|100/100
|turn|12
|
|t:|1743891145
|switch|p1a: Iron Valiant|Iron Valiant|100/100
|-enditem|p1a: Iron Valiant|Booster Energy
|-activate|p1a: Iron Valiant|ability: Quark Drive|[fromitem]
|-start|p1a: Iron Valiant|quarkdrivespe
|-terastallize|p2a: Ursaluna|Ghost
|move|p2a: Ursaluna|Facade|p1a: Iron Valiant
|-damage|p1a: Iron Valiant|46/100
|
|-status|p2a: Ursaluna|brn|[from] item: Flame Orb
|upkeep
|turn|13
|
|t:|1743891148
|move|p1a: Iron Valiant|Knock Off|p2a: Ursaluna
|-supereffective|p2a: Ursaluna
|-damage|p2a: Ursaluna|50/100 brn
|-enditem|p2a: Ursaluna|Flame Orb|[from] move: Knock Off|[of] p1a: Iron Valiant
|move|p2a: Ursaluna|Facade|p1a: Iron Valiant
|-damage|p1a: Iron Valiant|0 fnt
|faint|p1a: Iron Valiant
|-end|p1a: Iron Valiant|Quark Drive|[silent]
|
|-damage|p2a: Ursaluna|44/100 brn|[from] brn
|upkeep
|
|t:|1743891152
|switch|p1a: Ogerpon|Ogerpon-Wellspring, F|100/100
|turn|14
|
|t:|1743891159
|move|p1a: Ogerpon|Ivy Cudgel|p2a: Ursaluna|[anim] Ivy Cudgel Water
|-damage|p2a: Ursaluna|0 fnt
|faint|p2a: Ursaluna
|
|upkeep
|
|t:|1743891162
|switch|p2a: Breloom|Breloom, F|100/100
|turn|15
|
|t:|1743891165
|move|p1a: Ogerpon|Play Rough|p2a: Breloom
|-supereffective|p2a: Breloom
|-damage|p2a: Breloom|5/100
|move|p2a: Breloom|Bullet Seed|p1a: Ogerpon
|-damage|p1a: Ogerpon|74/100
|-damage|p1a: Ogerpon|47/100
|-damage|p1a: Ogerpon|21/100
|-damage|p1a: Ogerpon|0 fnt
|faint|p1a: Ogerpon
|-hitcount|p1: Ogerpon|4
|
|upkeep
|
|t:|1743891179
|switch|p1a: Enamorus|Enamorus, F|76/100
|turn|16
|
|t:|1743891195
|move|p2a: Breloom|Mach Punch|p1a: Enamorus
|-resisted|p1a: Enamorus
|-damage|p1a: Enamorus|61/100
|move|p1a: Enamorus|Healing Wish|p1a: Enamorus
|faint|p1a: Enamorus
|
|upkeep
|
|t:|1743891197
|switch|p1a: Dragonite|Dragonite, F|22/100 par
|-heal|p1a: Dragonite|100/100|[from] move: Healing Wish
|turn|17
|
|t:|1743891203
|move|p1a: Dragonite|Dragon Dance|p1a: Dragonite
|-boost|p1a: Dragonite|atk|1
|-boost|p1a: Dragonite|spe|1
|move|p2a: Breloom|Bullet Seed|p1a: Dragonite
|-resisted|p1a: Dragonite
|-damage|p1a: Dragonite|98/100
|-resisted|p1a: Dragonite
|-damage|p1a: Dragonite|92/100
|-resisted|p1a: Dragonite
|-damage|p1a: Dragonite|87/100
|-resisted|p1a: Dragonite
|-damage|p1a: Dragonite|81/100
|-hitcount|p1a: Dragonite|4
|
|upkeep
|turn|18
|
|t:|1743891210
|move|p1a: Dragonite|Dragon Dance|p1a: Dragonite
|-boost|p1a: Dragonite|atk|1
|-boost|p1a: Dragonite|spe|1
|move|p2a: Breloom|Bullet Seed|p1a: Dragonite
|-resisted|p1a: Dragonite
|-damage|p1a: Dragonite|75/100
|-resisted|p1a: Dragonite
|-damage|p1a: Dragonite|69/100
|-resisted|p1a: Dragonite
|-damage|p1a: Dragonite|64/100
|-resisted|p1a: Dragonite
|-damage|p1a: Dragonite|58/100
|-resisted|p1a: Dragonite
|-damage|p1a: Dragonite|53/100
|-hitcount|p1a: Dragonite|5
|
|upkeep
|turn|19
|
|t:|1743891215
|move|p1a: Dragonite|Dragon Dance|p1a: Dragonite
|-boost|p1a: Dragonite|atk|1
|-boost|p1a: Dragonite|spe|1
|move|p2a: Breloom|Bullet Seed|p1a: Dragonite
|-resisted|p1a: Dragonite
|-damage|p1a: Dragonite|47/100
|-resisted|p1a: Dragonite
|-damage|p1a: Dragonite|41/100
|-resisted|p1a: Dragonite
|-damage|p1a: Dragonite|36/100
|-resisted|p1a: Dragonite
|-damage|p1a: Dragonite|30/100
|-resisted|p1a: Dragonite
|-damage|p1a: Dragonite|25/100
|-hitcount|p1a: Dragonite|5
|
|upkeep
|turn|20
|
|t:|1743891219
|-terastallize|p1a: Dragonite|Normal
|move|p1a: Dragonite|Extreme Speed|p2a: Breloom
|-damage|p2a: Breloom|0 fnt
|faint|p2a: Breloom
|
|upkeep
|
|t:|1743891222
|switch|p2a: Meowscarada|Meowscarada, F|100/100
|turn|21
|
|t:|1743891224
|move|p1a: Dragonite|Extreme Speed|p2a: Meowscarada
|-damage|p2a: Meowscarada|0 fnt
|faint|p2a: Meowscarada
|
|win|Chococadeau
|raw|Chococadeau's rating: 1599 &rarr; <strong>1617</strong><br />(+18 for winning)
|raw|Alexander90281's rating: 1571 &rarr; <strong>1553</strong><br />(-18 for losing)
|l|☆Alexander90281
|player|p2|
|l|☆Chococadeau
|player|p1|
