|j|☆jhonss
|j|☆ss_shedinja
|t:|1743830832
|gametype|singles
|player|p1|jhonss|clown|1243
|player|p2|ss_shedinja|barry|1158
|teamsize|p1|6
|teamsize|p2|6
|gen|9
|tier|[Gen 9] OU
|rated|
|rule|HP Percentage Mod: HP is shown in percentages
|rule|Endless Battle Clause: Forcing endless battles is banned
|rule|Species Clause: Limit one of each Pokémon
|rule|OHKO Clause: OHKO moves are banned
|rule|Evasion Items Clause: Evasion items are banned
|rule|Evasion Moves Clause: Evasion moves are banned
|rule|Sleep Moves Clause: Sleep-inducing moves are banned
|clearpoke
|poke|p1|Walking Wake|
|poke|p1|Torkoal, F|
|poke|p1|Lilligant-Hisui, F|
|poke|p1|Thundurus, M|
|poke|p1|Gholdengo|
|poke|p1|Great Tusk|
|poke|p2|Hatterene, F|
|poke|p2|Landorus-Therian, M|
|poke|p2|Clodsire, F|
|poke|p2|Quagsire, F|
|poke|p2|Skeledirge, M|
|poke|p2|Iron Thorns|
|teampreview
|
|t:|1743830838
|start
|switch|p1a: Thundurus|Thundurus, M, shiny|100/100
|switch|p2a: Landorus|Landorus-Therian, M|100/100
|-ability|p2a: Landorus|Intimidate|boost
|-unboost|p1a: Thundurus|atk|1
|turn|1
|
|t:|1743830847
|move|p1a: Thundurus|Sunny Day|p1a: Thundurus
|-weather|SunnyDay
|move|p2a: Landorus|Stealth Rock|p1a: Thundurus
|-sidestart|p1: jhonss|move: Stealth Rock
|
|-weather|SunnyDay|[upkeep]
|upkeep
|turn|2
|
|t:|1743830854
|move|p2a: Landorus|Taunt|p1a: Thundurus
|-start|p1a: Thundurus|move: Taunt
|move|p1a: Thundurus|U-turn|p2a: Landorus
|-resisted|p2a: Landorus
|-damage|p2a: Landorus|95/100
|-enditem|p2a: Landorus|Red Card|[of] p1a: Thundurus
|drag|p1a: Torkoal|Torkoal, F|100/100
|-damage|p1a: Torkoal|76/100|[from] Stealth Rock
|
|-weather|SunnyDay|[upkeep]
|upkeep
|turn|3
|
|t:|1743830866
|-terastallize|p1a: Torkoal|Flying
|move|p2a: Landorus|U-turn|p1a: Torkoal
|-resisted|p1a: Torkoal
|-damage|p1a: Torkoal|70/100
|
|t:|1743830874
|switch|p2a: Iron Thorns|Iron Thorns|100/100|[from] U-turn
|move|p1a: Torkoal|Rapid Spin|p2a: Iron Thorns
|-resisted|p2a: Iron Thorns
|-damage|p2a: Iron Thorns|97/100
|-boost|p1a: Torkoal|spe|1
|-sideend|p1: jhonss|Stealth Rock|[from] move: Rapid Spin|[of] p1a: Torkoal
|
|-weather|SunnyDay|[upkeep]
|upkeep
|turn|4
|
|t:|1743830882
|move|p2a: Iron Thorns|Dragon Dance|p2a: Iron Thorns
|-boost|p2a: Iron Thorns|atk|1
|-boost|p2a: Iron Thorns|spe|1
|move|p1a: Torkoal|Will-O-Wisp|p2a: Iron Thorns
|-status|p2a: Iron Thorns|brn
|
|-weather|SunnyDay|[upkeep]
|-damage|p2a: Iron Thorns|90/100 brn|[from] brn
|upkeep
|turn|5
|
|t:|1743830891
|switch|p1a: Gholdengo|Gholdengo, shiny|100/100
|move|p2a: Iron Thorns|Dragon Dance|p2a: Iron Thorns
|-boost|p2a: Iron Thorns|atk|1
|-boost|p2a: Iron Thorns|spe|1
|
|-weather|SunnyDay|[upkeep]
|-damage|p2a: Iron Thorns|84/100 brn|[from] brn
|upkeep
|turn|6
|
|t:|1743830908
|move|p2a: Iron Thorns|Wild Charge|p1a: Gholdengo
|-damage|p1a: Gholdengo|56/100
|-damage|p2a: Iron Thorns|75/100 brn|[from] Recoil
|move|p1a: Gholdengo|Make It Rain|p2a: Iron Thorns
|-damage|p2a: Iron Thorns|9/100 brn
|-unboost|p1a: Gholdengo|spa|1
|
|-weather|SunnyDay|[upkeep]
|-damage|p2a: Iron Thorns|3/100 brn|[from] brn
|upkeep
|turn|7
|
|t:|1743830917
|move|p2a: Iron Thorns|Wild Charge|p1a: Gholdengo
|-damage|p1a: Gholdengo|11/100
|-damage|p2a: Iron Thorns|0 fnt|[from] Recoil
|faint|p2a: Iron Thorns
|-end|p2a: Iron Thorns|Quark Drive|[silent]
|move|p1a: Gholdengo|Make It Rain|p2: Iron Thorns|[notarget]
|-fail|p1a: Gholdengo
|
|-weather|SunnyDay|[upkeep]
|upkeep
|
|t:|1743830925
|switch|p2a: Landorus|Landorus-Therian, M|95/100
|-ability|p2a: Landorus|Intimidate|boost
|-unboost|p1a: Gholdengo|atk|1
|turn|8
|
|t:|1743830933
|move|p1a: Gholdengo|Make It Rain|p2a: Landorus
|-damage|p2a: Landorus|50/100
|-unboost|p1a: Gholdengo|spa|1
|move|p2a: Landorus|Earthquake|p1a: Gholdengo
|-supereffective|p1a: Gholdengo
|-damage|p1a: Gholdengo|0 fnt
|faint|p1a: Gholdengo
|
|-weather|none
|upkeep
|
|t:|1743830948
|switch|p1a: Great Tusk|Great Tusk|100/100
|turn|9
|
|t:|1743830956
|move|p1a: Great Tusk|Ice Spinner|p2a: Landorus
|-supereffective|p2a: Landorus
|-damage|p2a: Landorus|0 fnt
|faint|p2a: Landorus
|
|upkeep
|inactive|Battle timer is ON: inactive players will automatically lose when time's up. (requested by jhonss)
|
|t:|1743830972
|switch|p2a: Quagsire|Quagsire, F|100/100
|turn|10
|
|t:|1743830978
|-end|p1a: Great Tusk|Protosynthesis|[silent]
|switch|p1a: Torkoal|Torkoal, F, tera:Flying|70/100
|-weather|SunnyDay|[from] ability: Drought|[of] p1a: Torkoal
|move|p2a: Quagsire|Toxic|p1a: Torkoal|[miss]
|-miss|p2a: Quagsire|p1a: Torkoal
|
|-weather|SunnyDay|[upkeep]
|upkeep
|turn|11
|
|t:|1743830987
|switch|p2a: Clodsire|Clodsire, F|100/100
|switch|p1a: Lilligant|Lilligant-Hisui, F, shiny|100/100
|
|-weather|SunnyDay|[upkeep]
|upkeep
|turn|12
|
|t:|1743830992
|move|p1a: Lilligant|Solar Blade||[still]
|-prepare|p1a: Lilligant|Solar Blade
|-anim|p1a: Lilligant|Solar Blade|p2a: Clodsire
|-damage|p2a: Clodsire|14/100
|-damage|p1a: Lilligant|91/100|[from] item: Life Orb
|move|p2a: Clodsire|Toxic|p1a: Lilligant
|-status|p1a: Lilligant|tox
|
|-weather|SunnyDay|[upkeep]
|-heal|p2a: Clodsire|20/100|[from] item: Black Sludge
|-damage|p1a: Lilligant|84/100 tox|[from] psn
|upkeep
|turn|13
|
|t:|1743830997
|move|p1a: Lilligant|Triple Axel|p2a: Clodsire
|-supereffective|p2a: Clodsire
|-damage|p2a: Clodsire|1/100
|-hitcount|p2a: Clodsire|1
|-damage|p1a: Lilligant|75/100 tox|[from] item: Life Orb
|move|p2a: Clodsire|Recover|p2a: Clodsire
|-heal|p2a: Clodsire|51/100
|
|-weather|SunnyDay|[upkeep]
|-heal|p2a: Clodsire|58/100|[from] item: Black Sludge
|-damage|p1a: Lilligant|62/100 tox|[from] psn
|upkeep
|turn|14
|
|t:|1743831010
|switch|p2a: Skeledirge|Skeledirge, M|100/100
|move|p1a: Lilligant|Solar Blade||[still]
|-prepare|p1a: Lilligant|Solar Blade
|-anim|p1a: Lilligant|Solar Blade|p2a: Skeledirge
|-resisted|p2a: Skeledirge
|-damage|p2a: Skeledirge|72/100
|-damage|p1a: Lilligant|52/100 tox|[from] item: Life Orb
|
|-weather|SunnyDay|[upkeep]
|-damage|p1a: Lilligant|34/100 tox|[from] psn
|upkeep
|turn|15
|
|t:|1743831018
|switch|p1a: Walking Wake|Walking Wake|100/100
|-activate|p1a: Walking Wake|ability: Protosynthesis
|-start|p1a: Walking Wake|protosynthesisspe
|move|p2a: Skeledirge|Slack Off|p2a: Skeledirge
|-heal|p2a: Skeledirge|100/100
|
|-weather|SunnyDay|[upkeep]
|upkeep
|turn|16
|
|t:|1743831027
|-terastallize|p2a: Skeledirge|Fairy
|move|p1a: Walking Wake|Draco Meteor|p2a: Skeledirge
|-immune|p2a: Skeledirge
|move|p2a: Skeledirge|Torch Song|p1a: Walking Wake
|-resisted|p1a: Walking Wake
|-damage|p1a: Walking Wake|86/100
|-boost|p2a: Skeledirge|spa|1
|
|-weather|SunnyDay|[upkeep]
|upkeep
|turn|17
|
|t:|1743831037
|-end|p1a: Walking Wake|Protosynthesis|[silent]
|switch|p1a: Thundurus|Thundurus, M, shiny|100/100
|move|p2a: Skeledirge|Slack Off||[still]
|-fail|p2a: Skeledirge|heal
|
|-weather|none
|upkeep
|turn|18
|
|t:|1743831042
|move|p1a: Thundurus|Thunder Wave|p2a: Skeledirge
|-status|p2a: Skeledirge|par
|cant|p2a: Skeledirge|par
|
|upkeep
|turn|19
|
|t:|1743831046
|move|p1a: Thundurus|Knock Off|p2a: Skeledirge
|-resisted|p2a: Skeledirge
|-damage|p2a: Skeledirge|91/100 par
|-enditem|p2a: Skeledirge|Heavy-Duty Boots|[from] move: Knock Off|[of] p1a: Thundurus
|move|p2a: Skeledirge|Torch Song|p1a: Thundurus
|-damage|p1a: Thundurus|68/100
|-boost|p2a: Skeledirge|spa|1
|
|upkeep
|turn|20
|
|t:|1743831054
|move|p1a: Thundurus|Sunny Day|p1a: Thundurus
|-weather|SunnyDay
|move|p2a: Skeledirge|Torch Song|p1a: Thundurus
|-damage|p1a: Thundurus|0 fnt
|-boost|p2a: Skeledirge|spa|1
|faint|p1a: Thundurus
|
|-weather|SunnyDay|[upkeep]
|upkeep
|
|t:|1743831060
|switch|p1a: Great Tusk|Great Tusk|100/100
|-activate|p1a: Great Tusk|ability: Protosynthesis
|-start|p1a: Great Tusk|protosynthesisatk
|turn|21
|
|t:|1743831069
|move|p1a: Great Tusk|Headlong Rush|p2a: Skeledirge
|-damage|p2a: Skeledirge|29/100 par
|-unboost|p1a: Great Tusk|def|1
|-unboost|p1a: Great Tusk|spd|1
|move|p2a: Skeledirge|Slack Off|p2a: Skeledirge
|-heal|p2a: Skeledirge|79/100 par
|
|-weather|SunnyDay|[upkeep]
|upkeep
|turn|22
|
|t:|1743831079
|move|p1a: Great Tusk|Headlong Rush|p2a: Skeledirge
|-damage|p2a: Skeledirge|23/100 par
|-unboost|p1a: Great Tusk|def|1
|-unboost|p1a: Great Tusk|spd|1
|move|p2a: Skeledirge|Torch Song|p1a: Great Tusk
|-damage|p1a: Great Tusk|0 fnt
|-boost|p2a: Skeledirge|spa|1
|faint|p1a: Great Tusk
|-end|p1a: Great Tusk|Protosynthesis|[silent]
|
|-weather|SunnyDay|[upkeep]
|upkeep
|
|t:|1743831086
|switch|p1a: Lilligant|Lilligant-Hisui, F, shiny|34/100 tox
|turn|23
|
|t:|1743831089
|move|p1a: Lilligant|Solar Blade||[still]
|-prepare|p1a: Lilligant|Solar Blade
|-anim|p1a: Lilligant|Solar Blade|p2a: Skeledirge
|-damage|p2a: Skeledirge|0 fnt
|faint|p2a: Skeledirge
|-damage|p1a: Lilligant|24/100 tox|[from] item: Life Orb
|
|-weather|SunnyDay|[upkeep]
|-damage|p1a: Lilligant|18/100 tox|[from] psn
|upkeep
|
|t:|1743831100
|switch|p2a: Quagsire|Quagsire, F|100/100
|turn|24
|
|t:|1743831102
|switch|p2a: Clodsire|Clodsire, F|58/100
|move|p1a: Lilligant|Solar Blade||[still]
|-prepare|p1a: Lilligant|Solar Blade
|-anim|p1a: Lilligant|Solar Blade|p2a: Clodsire
|-crit|p2a: Clodsire
|-damage|p2a: Clodsire|0 fnt
|faint|p2a: Clodsire
|-damage|p1a: Lilligant|8/100 tox|[from] item: Life Orb
|
|-weather|SunnyDay|[upkeep]
|-damage|p1a: Lilligant|0 fnt|[from] psn
|faint|p1a: Lilligant
|upkeep
|
|t:|1743831112
|switch|p1a: Walking Wake|Walking Wake|86/100
|switch|p2a: Hatterene|Hatterene, F, shiny|100/100
|-activate|p1a: Walking Wake|ability: Protosynthesis
|-start|p1a: Walking Wake|protosynthesisspe
|turn|25
|
|t:|1743831116
|move|p1a: Walking Wake|Hydro Steam|p2a: Hatterene
|-damage|p2a: Hatterene|12/100
|-enditem|p2a: Hatterene|Sitrus Berry|[eat]
|-heal|p2a: Hatterene|37/100|[from] item: Sitrus Berry
|move|p2a: Hatterene|Draining Kiss|p1a: Walking Wake
|-supereffective|p1a: Walking Wake
|-damage|p1a: Walking Wake|18/100
|-heal|p2a: Hatterene|92/100|[from] drain|[of] p1a: Walking Wake
|
|-weather|SunnyDay|[upkeep]
|upkeep
|turn|26
|
|t:|1743831124
|move|p1a: Walking Wake|Hydro Steam|p2a: Hatterene
|-damage|p2a: Hatterene|4/100
|move|p2a: Hatterene|Draining Kiss|p1a: Walking Wake
|-supereffective|p1a: Walking Wake
|-damage|p1a: Walking Wake|0 fnt
|-heal|p2a: Hatterene|18/100|[from] drain|[of] p1a: Walking Wake
|faint|p1a: Walking Wake
|-end|p1a: Walking Wake|Protosynthesis|[silent]
|
|-weather|SunnyDay|[upkeep]
|upkeep
|
|t:|1743831127
|switch|p1a: Torkoal|Torkoal, F, tera:Flying|70/100
|turn|27
|
|t:|1743831130
|move|p2a: Hatterene|Nuzzle|p1a: Torkoal
|-supereffective|p1a: Torkoal
|-damage|p1a: Torkoal|66/100
|-status|p1a: Torkoal|par
|cant|p1a: Torkoal|par
|
|-weather|none
|upkeep
|turn|28
|
|t:|1743831138
|move|p2a: Hatterene|Draining Kiss|p1a: Torkoal
|-damage|p1a: Torkoal|31/100 par
|-heal|p2a: Hatterene|46/100|[from] drain|[of] p1a: Torkoal
|cant|p1a: Torkoal|par
|
|upkeep
|turn|29
|-message|jhonss forfeited.
|
|win|ss_shedinja
|raw|jhonss's rating: 1243 &rarr; <strong>1212</strong><br />(-31 for losing)
|raw|ss_shedinja's rating: 1158 &rarr; <strong>1189</strong><br />(+31 for winning)
|l|☆jhonss
|player|p1|
|l|☆ss_shedinja
|player|p2|
