|j|☆Liam Doria Vinck
|j|☆Loudmouth51
|t:|1743789582
|gametype|singles
|player|p1|Liam Doria Vinck|1|1114
|player|p2|Loudmouth51|hiker-gen4|1088
|teamsize|p1|6
|teamsize|p2|6
|gen|9
|tier|[Gen 9] OU
|rated|
|rule|HP Percentage Mod: HP is shown in percentages
|rule|Endless Battle Clause: Forcing endless battles is banned
|rule|Species Clause: Limit one of each Pokémon
|rule|OHKO Clause: OHKO moves are banned
|rule|Evasion Items Clause: Evasion items are banned
|rule|Evasion Moves Clause: Evasion moves are banned
|rule|Sleep Moves Clause: Sleep-inducing moves are banned
|clearpoke
|poke|p1|Pikachu-Partner, M|
|poke|p1|Ninetales-Alola, M|
|poke|p1|Pincurchin, M|
|poke|p1|Iron Valiant|
|poke|p1|Hatterene, F|
|poke|p1|Iron Treads|
|poke|p2|Ninetales, F|
|poke|p2|Walking Wake|
|poke|p2|Ceruledge, M|
|poke|p2|Venusaur, M|
|poke|p2|Great Tusk|
|poke|p2|Hatterene, F|
|teampreview
|inactive|Battle timer is ON: inactive players will automatically lose when time's up. (requested by Loudmouth51)
|inactive|Liam Doria Vinck has 120 seconds left.
|inactive|Liam Doria Vinck has 90 seconds left.
|l|☆Loudmouth51
|inactive|Loudmouth51 disconnected and has a minute to reconnect!
|player|p2|
|j|☆Loudmouth51
|inactive|Loudmouth51 reconnected.
|player|p2|Loudmouth51|hiker-gen4|
|
|t:|1743789695
|start
|switch|p1a: Iron Treads|Iron Treads|100/100
|switch|p2a: Ceruledge|Ceruledge, M|100/100
|-enditem|p1a: Iron Treads|Booster Energy
|-activate|p1a: Iron Treads|ability: Quark Drive|[fromitem]
|-start|p1a: Iron Treads|quarkdriveatk
|turn|1
|
|t:|1743789719
|move|p1a: Iron Treads|Stealth Rock|p2a: Ceruledge
|-sidestart|p2: Loudmouth51|move: Stealth Rock
|move|p2a: Ceruledge|Bitter Blade|p1a: Iron Treads
|-supereffective|p1a: Iron Treads
|-damage|p1a: Iron Treads|24/100
|
|upkeep
|turn|2
|
|t:|1743789735
|move|p1a: Iron Treads|Earthquake|p2a: Ceruledge
|-supereffective|p2a: Ceruledge
|-enditem|p2a: Ceruledge|Focus Sash
|-damage|p2a: Ceruledge|1/100
|-ability|p2a: Ceruledge|Weak Armor|boost
|-unboost|p2a: Ceruledge|def|1
|-boost|p2a: Ceruledge|spe|2
|move|p2a: Ceruledge|Bitter Blade|p1a: Iron Treads
|-supereffective|p1a: Iron Treads
|-damage|p1a: Iron Treads|0 fnt
|-heal|p2a: Ceruledge|15/100|[from] drain|[of] p1a: Iron Treads
|faint|p1a: Iron Treads
|-end|p1a: Iron Treads|Quark Drive|[silent]
|
|upkeep
|inactive|Liam Doria Vinck has 120 seconds left.
|
|t:|1743789770
|switch|p1a: Hatterene|Hatterene, F|100/100
|turn|3
|inactive|Liam Doria Vinck has 90 seconds left.
|
|t:|1743789797
|-terastallize|p1a: Hatterene|Fire
|move|p2a: Ceruledge|X-Scissor|p1a: Hatterene
|-resisted|p1a: Hatterene
|-damage|p1a: Hatterene|83/100
|move|p1a: Hatterene|Psychic|p2a: Ceruledge
|-damage|p2a: Ceruledge|0 fnt
|faint|p2a: Ceruledge
|-damage|p1a: Hatterene|73/100|[from] item: Life Orb
|
|upkeep
|inactive|Loudmouth51 has 120 seconds left.
|
|t:|1743789809
|switch|p2a: Walking Wake|Walking Wake|100/100
|-damage|p2a: Walking Wake|88/100|[from] Stealth Rock
|turn|4
|
|t:|1743789821
|switch|p1a: Ninetales|Ninetales-Alola, M|100/100
|-weather|Snowscape|[from] ability: Snow Warning|[of] p1a: Ninetales
|-terastallize|p2a: Walking Wake|Water
|move|p2a: Walking Wake|Hydro Steam|p1a: Ninetales
|-damage|p1a: Ninetales|10/100
|
|-weather|Snowscape|[upkeep]
|upkeep
|turn|5
|inactive|Liam Doria Vinck has 90 seconds left.
|
|t:|1743789838
|move|p1a: Ninetales|Aurora Veil|p1a: Ninetales
|-sidestart|p1: Liam Doria Vinck|move: Aurora Veil
|move|p2a: Walking Wake|Hydro Steam|p1a: Ninetales
|-damage|p1a: Ninetales|0 fnt
|faint|p1a: Ninetales
|
|-weather|Snowscape|[upkeep]
|upkeep
|inactive|Liam Doria Vinck has 90 seconds left.
|
|t:|1743789853
|switch|p1a: Pincurchin|Pincurchin, M|100/100
|-fieldstart|move: Electric Terrain|[from] ability: Electric Surge|[of] p1a: Pincurchin
|turn|6
|
|t:|1743789869
|-end|p2a: Walking Wake|Protosynthesis|[silent]
|switch|p2a: Great Tusk|Great Tusk|100/100
|-damage|p2a: Great Tusk|98/100|[from] Stealth Rock
|move|p1a: Pincurchin|Thunder Wave|p2a: Great Tusk
|-immune|p2a: Great Tusk
|
|-weather|Snowscape|[upkeep]
|upkeep
|turn|7
|
|t:|1743789878
|move|p2a: Great Tusk|Rapid Spin|p1a: Pincurchin
|-damage|p1a: Pincurchin|91/100
|-boost|p2a: Great Tusk|spe|1
|-sideend|p2: Loudmouth51|Stealth Rock|[from] move: Rapid Spin|[of] p2a: Great Tusk
|-enditem|p1a: Pincurchin|Eject Button
|
|t:|1743789883
|switch|p1a: Iron Valiant|Iron Valiant|100/100
|-activate|p1a: Iron Valiant|ability: Quark Drive
|-start|p1a: Iron Valiant|quarkdrivespe
|
|-weather|Snowscape|[upkeep]
|upkeep
|turn|8
|inactive|Liam Doria Vinck has 90 seconds left.
|
|t:|1743789893
|move|p1a: Iron Valiant|Moonblast|p2a: Great Tusk
|-supereffective|p2a: Great Tusk
|-damage|p2a: Great Tusk|0 fnt
|faint|p2a: Great Tusk
|-end|p2a: Great Tusk|Protosynthesis|[silent]
|-damage|p1a: Iron Valiant|90/100|[from] item: Life Orb
|
|-weather|none
|upkeep
|
|t:|1743789898
|switch|p2a: Ninetales|Ninetales, F, shiny|100/100
|-weather|SunnyDay|[from] ability: Drought|[of] p2a: Ninetales
|turn|9
|
|t:|1743789910
|move|p1a: Iron Valiant|Aura Sphere|p2a: Ninetales
|-damage|p2a: Ninetales|51/100
|-damage|p1a: Iron Valiant|80/100|[from] item: Life Orb
|move|p2a: Ninetales|Will-O-Wisp|p1a: Iron Valiant
|-status|p1a: Iron Valiant|brn
|
|-weather|SunnyDay|[upkeep]
|-damage|p1a: Iron Valiant|74/100 brn|[from] brn
|upkeep
|turn|10
|inactive|Liam Doria Vinck has 90 seconds left.
|
|t:|1743789939
|move|p1a: Iron Valiant|Aura Sphere|p2a: Ninetales
|-damage|p2a: Ninetales|2/100
|-damage|p1a: Iron Valiant|64/100 brn|[from] item: Life Orb
|move|p2a: Ninetales|Weather Ball|p1a: Iron Valiant
|-damage|p1a: Iron Valiant|23/100 brn
|
|-weather|SunnyDay|[upkeep]
|-damage|p1a: Iron Valiant|16/100 brn|[from] brn
|-fieldend|move: Electric Terrain
|-end|p1a: Iron Valiant|Quark Drive
|upkeep
|turn|11
|
|t:|1743789957
|switch|p2a: Venusaur|Venusaur, M|100/100
|move|p1a: Iron Valiant|Moonblast|p2a: Venusaur
|-resisted|p2a: Venusaur
|-damage|p2a: Venusaur|73/100
|-damage|p1a: Iron Valiant|6/100 brn|[from] item: Life Orb
|
|-weather|SunnyDay|[upkeep]
|-heal|p2a: Venusaur|79/100|[from] item: Leftovers
|-damage|p1a: Iron Valiant|0 fnt|[from] brn
|faint|p1a: Iron Valiant
|-end|p1a: Iron Valiant|Quark Drive|[silent]
|upkeep
|inactive|Liam Doria Vinck has 60 seconds left.
|
|t:|1743789978
|switch|p1a: Pincurchin|Pincurchin, M|91/100
|-fieldstart|move: Electric Terrain|[from] ability: Electric Surge|[of] p1a: Pincurchin
|turn|12
|inactive|Liam Doria Vinck has 60 seconds left.
|
|t:|1743790005
|move|p2a: Venusaur|Giga Drain|p1a: Pincurchin
|-damage|p1a: Pincurchin|74/100
|-heal|p2a: Venusaur|86/100|[from] drain|[of] p1a: Pincurchin
|move|p1a: Pincurchin|Thunder Wave|p2a: Venusaur
|-status|p2a: Venusaur|par
|
|-weather|SunnyDay|[upkeep]
|-heal|p2a: Venusaur|92/100 par|[from] item: Leftovers
|-sideend|p1: Liam Doria Vinck|move: Aurora Veil
|upkeep
|turn|13
|
|t:|1743790013
|move|p2a: Venusaur|Sludge Bomb|p1a: Pincurchin
|-damage|p1a: Pincurchin|34/100
|move|p1a: Pincurchin|Memento|p2a: Venusaur
|-unboost|p2a: Venusaur|atk|2
|-unboost|p2a: Venusaur|spa|2
|faint|p1a: Pincurchin
|
|-weather|SunnyDay|[upkeep]
|-heal|p2a: Venusaur|98/100 par|[from] item: Leftovers
|upkeep
|
|t:|1743790015
|switch|p1a: Pikachu|Pikachu-Partner, M|100/100
|turn|14
|inactive|Liam Doria Vinck has 60 seconds left.
|
|t:|1743790025
|move|p1a: Pikachu|Agility|p1a: Pikachu
|-boost|p1a: Pikachu|spe|2
|move|p2a: Venusaur|Leech Seed|p1a: Pikachu
|-start|p1a: Pikachu|move: Leech Seed
|
|-weather|SunnyDay|[upkeep]
|-heal|p2a: Venusaur|100/100 par|[from] item: Leftovers
|-damage|p1a: Pikachu|88/100|[from] Leech Seed|[of] p2a: Venusaur
|upkeep
|turn|15
|
|t:|1743790032
|move|p1a: Pikachu|Thunderbolt|p2a: Venusaur
|-resisted|p2a: Venusaur
|-damage|p2a: Venusaur|68/100 par
|move|p2a: Venusaur|Sludge Bomb|p1a: Pikachu
|-damage|p1a: Pikachu|52/100
|
|-weather|SunnyDay|[upkeep]
|-heal|p2a: Venusaur|74/100 par|[from] item: Leftovers
|-damage|p1a: Pikachu|40/100|[from] Leech Seed|[of] p2a: Venusaur
|-heal|p2a: Venusaur|83/100 par|[silent]
|upkeep
|turn|16
|inactive|Liam Doria Vinck has 60 seconds left.
|
|t:|1743790049
|move|p1a: Pikachu|Thunderbolt|p2a: Venusaur
|-resisted|p2a: Venusaur
|-damage|p2a: Venusaur|47/100 par
|move|p2a: Venusaur|Giga Drain|p1a: Pikachu
|-damage|p1a: Pikachu|10/100
|-heal|p2a: Venusaur|58/100 par|[from] drain|[of] p1a: Pikachu
|
|-weather|none
|-heal|p2a: Venusaur|64/100 par|[from] item: Leftovers
|-damage|p1a: Pikachu|0 fnt|[from] Leech Seed|[of] p2a: Venusaur
|-heal|p2a: Venusaur|71/100 par|[silent]
|faint|p1a: Pikachu
|-fieldend|move: Electric Terrain
|upkeep
|inactive|Liam Doria Vinck has 60 seconds left.
|
|t:|1743790055
|switch|p1a: Hatterene|Hatterene, F, tera:Fire|73/100
|turn|17
|
|t:|1743790067
|move|p2a: Venusaur|Giga Drain|p1a: Hatterene
|-resisted|p1a: Hatterene
|-damage|p1a: Hatterene|67/100
|-heal|p2a: Venusaur|74/100 par|[from] drain|[of] p1a: Hatterene
|move|p1a: Hatterene|Calm Mind|p1a: Hatterene
|-boost|p1a: Hatterene|spa|1
|-boost|p1a: Hatterene|spd|1
|
|-heal|p2a: Venusaur|80/100 par|[from] item: Leftovers
|upkeep
|turn|18
|
|t:|1743790081
|switch|p2a: Ninetales|Ninetales, F, shiny|2/100
|-weather|SunnyDay|[from] ability: Drought|[of] p2a: Ninetales
|move|p1a: Hatterene|Calm Mind|p1a: Hatterene
|-boost|p1a: Hatterene|spa|1
|-boost|p1a: Hatterene|spd|1
|
|-weather|SunnyDay|[upkeep]
|upkeep
|turn|19
|
|t:|1743790094
|move|p2a: Ninetales|Encore|p1a: Hatterene
|move|p1a: Hatterene|Encore||[from] ability: Magic Bounce|[still]
|-fail|p1a: Hatterene
|move|p1a: Hatterene|Calm Mind|p1a: Hatterene
|-boost|p1a: Hatterene|spa|1
|-boost|p1a: Hatterene|spd|1
|
|-weather|SunnyDay|[upkeep]
|upkeep
|turn|20
|
|t:|1743790107
|move|p2a: Ninetales|Weather Ball|p1a: Hatterene
|-resisted|p1a: Hatterene
|-damage|p1a: Hatterene|57/100
|move|p1a: Hatterene|Draining Kiss|p2a: Ninetales
|-resisted|p2a: Ninetales
|-damage|p2a: Ninetales|0 fnt
|-heal|p1a: Hatterene|58/100|[from] drain|[of] p2a: Ninetales
|faint|p2a: Ninetales
|-damage|p1a: Hatterene|49/100|[from] item: Life Orb
|
|-weather|SunnyDay|[upkeep]
|upkeep
|
|t:|1743790113
|switch|p2a: Walking Wake|Walking Wake, tera:Water|88/100
|-activate|p2a: Walking Wake|ability: Protosynthesis
|-start|p2a: Walking Wake|protosynthesisspe
|turn|21
|
|t:|1743790118
|move|p2a: Walking Wake|Hydro Steam|p1a: Hatterene
|-supereffective|p1a: Hatterene
|-damage|p1a: Hatterene|0 fnt
|faint|p1a: Hatterene
|
|win|Loudmouth51
|raw|Liam Doria Vinck's rating: 1114 &rarr; <strong>1087</strong><br />(-27 for losing)
|raw|Loudmouth51's rating: 1088 &rarr; <strong>1117</strong><br />(+29 for winning)
|l|☆Liam Doria Vinck
|player|p1|
|l|☆Loudmouth51
|player|p2|
