|j|☆loonarosetoy
|j|☆Axelmania316
|t:|1743880831
|gametype|singles
|player|p1|loonarosetoy|beauty|1071
|player|p2|Axelmania316|roxie|1072
|teamsize|p1|6
|teamsize|p2|6
|gen|9
|tier|[Gen 9] OU
|rated|
|rule|HP Percentage Mod: HP is shown in percentages
|rule|Endless Battle Clause: Forcing endless battles is banned
|rule|Species Clause: Limit one of each Pokémon
|rule|OHKO Clause: OHKO moves are banned
|rule|Evasion Items Clause: Evasion items are banned
|rule|Evasion Moves Clause: Evasion moves are banned
|rule|Sleep Moves Clause: Sleep-inducing moves are banned
|clearpoke
|poke|p1|Diancie|
|poke|p1|Malamar, F|
|poke|p1|Uxie|
|poke|p1|Lokix, F|
|poke|p1|Primarina, F|
|poke|p1|Latias, F|
|poke|p2|Krookodile, M|
|poke|p2|Rillaboom, M|
|poke|p2|Garganacl, F|
|poke|p2|Iron Valiant|
|poke|p2|Moltres|
|poke|p2|Feraligatr, M|
|teampreview
|
|t:|1743880836
|start
|switch|p1a: Diana|Diancie, shiny|100/100
|switch|p2a: Krookodile|Krookodile, M|100/100
|-ability|p2a: Krookodile|Intimidate|boost
|-fail|p1a: Diana|unboost|[from] ability: Clear Body|[of] p1a: Diana
|turn|1
|
|t:|1743880844
|move|p2a: Krookodile|Stealth Rock|p1a: Diana
|-sidestart|p1: loonarosetoy|move: Stealth Rock
|move|p1a: Diana|Stealth Rock|p2a: Krookodile
|-sidestart|p2: Axelmania316|move: Stealth Rock
|
|upkeep
|turn|2
|
|t:|1743880850
|move|p2a: Krookodile|Knock Off|p1a: Diana
|-resisted|p1a: Diana
|-damage|p1a: Diana|83/100
|-enditem|p1a: Diana|Focus Sash|[from] move: Knock Off|[of] p2a: Krookodile
|move|p1a: Diana|Encore|p2a: Krookodile
|-start|p2a: Krookodile|Encore
|
|upkeep
|turn|3
|
|t:|1743880857
|move|p2a: Krookodile|Knock Off|p1a: Diana
|-resisted|p1a: Diana
|-damage|p1a: Diana|70/100
|move|p1a: Diana|Diamond Storm|p2a: Krookodile
|-resisted|p2a: Krookodile
|-damage|p2a: Krookodile|77/100
|
|-heal|p2a: Krookodile|83/100|[from] item: Leftovers
|upkeep
|turn|4
|
|t:|1743880865
|move|p2a: Krookodile|Knock Off|p1a: Diana
|-resisted|p1a: Diana
|-damage|p1a: Diana|58/100
|move|p1a: Diana|Light Screen|p1a: Diana
|-sidestart|p1: loonarosetoy|move: Light Screen
|
|-heal|p2a: Krookodile|89/100|[from] item: Leftovers
|upkeep
|turn|5
|
|t:|1743880885
|switch|p1a: Lokix|Lokix, F, shiny|100/100
|move|p2a: Krookodile|Knock Off|p1a: Lokix
|-resisted|p1a: Lokix
|-damage|p1a: Lokix|63/100
|-enditem|p1a: Lokix|Heavy-Duty Boots|[from] move: Knock Off|[of] p2a: Krookodile
|
|-heal|p2a: Krookodile|95/100|[from] item: Leftovers
|-end|p2a: Krookodile|Encore
|upkeep
|turn|6
|
|t:|1743880895
|move|p1a: Lokix|First Impression|p2a: Krookodile
|-supereffective|p2a: Krookodile
|-damage|p2a: Krookodile|0 fnt
|faint|p2a: Krookodile
|
|upkeep
|
|t:|1743880899
|switch|p2a: Moltres|Moltres|100/100
|turn|7
|
|t:|1743880904
|switch|p1a: Barbie|Primarina, F, shiny|100/100
|move|p2a: Moltres|Flamethrower|p1a: Barbie
|-resisted|p1a: Barbie
|-damage|p1a: Barbie|93/100
|
|upkeep
|turn|8
|
|t:|1743880911
|switch|p2a: Feraligatr|Feraligatr, M|100/100
|-damage|p2a: Feraligatr|88/100|[from] Stealth Rock
|move|p1a: Barbie|Sparkling Aria|p2a: Feraligatr
|-resisted|p2a: Feraligatr
|-damage|p2a: Feraligatr|56/100
|
|-sideend|p1: loonarosetoy|move: Light Screen
|upkeep
|turn|9
|
|t:|1743880929
|move|p2a: Feraligatr|Liquidation|p1a: Barbie
|-resisted|p1a: Barbie
|-damage|p1a: Barbie|52/100
|move|p1a: Barbie|Play Rough|p2a: Feraligatr|[miss]
|-miss|p1a: Barbie|p2a: Feraligatr
|
|upkeep
|turn|10
|
|t:|1743880940
|switch|p1a: Lokix|Lokix, F, shiny|63/100
|-damage|p1a: Lokix|38/100|[from] Stealth Rock
|move|p2a: Feraligatr|Dragon Dance|p2a: Feraligatr
|-boost|p2a: Feraligatr|atk|1
|-boost|p2a: Feraligatr|spe|1
|
|upkeep
|turn|11
|
|t:|1743880948
|move|p2a: Feraligatr|Liquidation|p1a: Lokix
|-damage|p1a: Lokix|0 fnt
|faint|p1a: Lokix
|
|upkeep
|
|t:|1743880956
|switch|p1a: Millie|Malamar, F, shiny|100/100
|-damage|p1a: Millie|88/100|[from] Stealth Rock
|turn|12
|
|t:|1743880966
|move|p2a: Feraligatr|Liquidation|p1a: Millie
|-damage|p1a: Millie|0 fnt
|faint|p1a: Millie
|
|upkeep
|
|t:|1743880972
|switch|p1a: Barbie|Primarina, F, shiny|52/100
|turn|13
|
|t:|1743880978
|move|p2a: Feraligatr|Liquidation|p1a: Barbie
|-resisted|p1a: Barbie
|-damage|p1a: Barbie|0 fnt
|faint|p1a: Barbie
|
|upkeep
|
|t:|1743880982
|switch|p1a: Latias|Latias, F|100/100
|-damage|p1a: Latias|88/100|[from] Stealth Rock
|turn|14
|
|t:|1743880989
|move|p2a: Feraligatr|Ice Punch|p1a: Latias
|-supereffective|p1a: Latias
|-damage|p1a: Latias|0 fnt
|faint|p1a: Latias
|
|upkeep
|
|t:|1743880995
|switch|p1a: Uxie|Uxie|100/100
|-damage|p1a: Uxie|88/100|[from] Stealth Rock
|turn|15
|
|t:|1743880998
|move|p1a: Uxie|Protect|p1a: Uxie
|-singleturn|p1a: Uxie|Protect
|move|p2a: Feraligatr|Liquidation|p1a: Uxie
|-activate|p1a: Uxie|move: Protect
|
|upkeep
|turn|16
|
|t:|1743881022
|move|p2a: Feraligatr|Liquidation|p1a: Uxie
|-damage|p1a: Uxie|0 fnt
|faint|p1a: Uxie
|
|upkeep
|-message|loonarosetoy forfeited.
|
|win|Axelmania316
|raw|loonarosetoy's rating: 1071 &rarr; <strong>1050</strong><br />(-21 for losing)
|raw|Axelmania316's rating: 1072 &rarr; <strong>1101</strong><br />(+29 for winning)
|l|☆loonarosetoy
|player|p1|
