|j|☆Johnnytravs1
|j|☆Faerstalker
|t:|1743863441
|gametype|singles
|player|p1|Johnnytravs1|101|1254
|player|p2|Faerstalker|2|1286
|teamsize|p1|6
|teamsize|p2|6
|gen|9
|tier|[Gen 9] OU
|rated|
|rule|HP Percentage Mod: HP is shown in percentages
|rule|Endless Battle Clause: Forcing endless battles is banned
|rule|Species Clause: Limit one of each Pokémon
|rule|OHKO Clause: OHKO moves are banned
|rule|Evasion Items Clause: Evasion items are banned
|rule|Evasion Moves Clause: Evasion moves are banned
|rule|Sleep Moves Clause: Sleep-inducing moves are banned
|clearpoke
|poke|p1|Misdreavus, M|
|poke|p1|Maushold|
|poke|p1|Primarina, F|
|poke|p1|Metagross|
|poke|p1|Weavile, M|
|poke|p1|Cinderace, M|
|poke|p2|Garganacl, F|
|poke|p2|Primarina, F|
|poke|p2|Trevenant, M|
|poke|p2|Torkoal, F|
|poke|p2|Iron Hands|
|poke|p2|Moltres-Galar|
|teampreview
|inactive|Battle timer is ON: inactive players will automatically lose when time's up. (requested by Johnnytravs1)
|
|t:|1743863449
|start
|switch|p1a: Weavile|Weavile, M|100/100
|switch|p2a: Torkoal|Torkoal, F|100/100
|-ability|p1a: Weavile|Pressure
|-weather|SunnyDay|[from] ability: Drought|[of] p2a: Torkoal
|turn|1
|
|t:|1743863452
|move|p1a: Weavile|Knock Off|p2a: Torkoal
|-damage|p2a: Torkoal|56/100
|-enditem|p2a: Torkoal|Heat Rock|[from] move: Knock Off|[of] p1a: Weavile
|-damage|p1a: Weavile|91/100|[from] item: Life Orb
|move|p2a: Torkoal|Flamethrower|p1a: Weavile
|-supereffective|p1a: Weavile
|-damage|p1a: Weavile|0 fnt
|faint|p1a: Weavile
|
|-weather|SunnyDay|[upkeep]
|upkeep
|
|t:|1743863463
|switch|p1a: Misdreavus|Misdreavus, M|100/100
|turn|2
|
|t:|1743863466
|move|p1a: Misdreavus|Calm Mind|p1a: Misdreavus
|-boost|p1a: Misdreavus|spa|1
|-boost|p1a: Misdreavus|spd|1
|move|p2a: Torkoal|Flamethrower|p1a: Misdreavus
|-damage|p1a: Misdreavus|59/100
|
|-weather|SunnyDay|[upkeep]
|upkeep
|turn|3
|
|t:|1743863472
|switch|p2a: Moltres|Moltres-Galar|100/100
|move|p1a: Misdreavus|Shadow Ball|p2a: Moltres
|-resisted|p2a: Moltres
|-damage|p2a: Moltres|79/100
|
|-weather|SunnyDay|[upkeep]
|upkeep
|turn|4
|
|t:|1743863479
|-terastallize|p1a: Misdreavus|Fairy
|move|p1a: Misdreavus|Calm Mind|p1a: Misdreavus
|-boost|p1a: Misdreavus|spa|1
|-boost|p1a: Misdreavus|spd|1
|move|p2a: Moltres|Fiery Wrath|p1a: Misdreavus
|-resisted|p1a: Misdreavus
|-damage|p1a: Misdreavus|49/100
|
|-weather|SunnyDay|[upkeep]
|upkeep
|turn|5
|
|t:|1743863488
|switch|p2a: Primarina|Primarina, F|100/100
|move|p1a: Misdreavus|Draining Kiss|p2a: Primarina
|-damage|p2a: Primarina|61/100
|-heal|p1a: Misdreavus|90/100|[from] drain|[of] p2a: Primarina
|
|-weather|SunnyDay|[upkeep]
|upkeep
|turn|6
|
|t:|1743863496
|move|p1a: Misdreavus|Calm Mind|p1a: Misdreavus
|-boost|p1a: Misdreavus|spa|1
|-boost|p1a: Misdreavus|spd|1
|move|p2a: Primarina|Hyper Voice|p1a: Misdreavus
|-damage|p1a: Misdreavus|78/100
|
|-weather|SunnyDay|[upkeep]
|upkeep
|turn|7
|
|t:|1743863502
|move|p2a: Primarina|Aqua Jet|p1a: Misdreavus
|-damage|p1a: Misdreavus|71/100
|move|p1a: Misdreavus|Draining Kiss|p2a: Primarina
|-damage|p2a: Primarina|11/100
|-heal|p1a: Misdreavus|100/100|[from] drain|[of] p2a: Primarina
|
|-weather|SunnyDay|[upkeep]
|upkeep
|turn|8
|
|t:|1743863507
|move|p1a: Misdreavus|Draining Kiss|p2a: Primarina
|-damage|p2a: Primarina|0 fnt
|faint|p2a: Primarina
|
|-weather|none
|upkeep
|
|t:|1743863512
|switch|p2a: Torkoal|Torkoal, F|56/100
|-weather|SunnyDay|[from] ability: Drought|[of] p2a: Torkoal
|turn|9
|
|t:|1743863515
|switch|p2a: Trevenant|Trevenant, M|100/100
|move|p1a: Misdreavus|Shadow Ball|p2a: Trevenant
|-supereffective|p2a: Trevenant
|-damage|p2a: Trevenant|0 fnt
|faint|p2a: Trevenant
|
|-weather|SunnyDay|[upkeep]
|upkeep
|
|t:|1743863526
|switch|p2a: Iron Hands|Iron Hands|100/100
|turn|10
|
|t:|1743863530
|-terastallize|p2a: Iron Hands|Flying
|move|p1a: Misdreavus|Will-O-Wisp|p2a: Iron Hands
|-status|p2a: Iron Hands|brn
|move|p2a: Iron Hands|Thunder Punch|p1a: Misdreavus
|-damage|p1a: Misdreavus|70/100
|
|-weather|SunnyDay|[upkeep]
|-damage|p2a: Iron Hands|94/100 brn|[from] brn
|upkeep
|turn|11
|-message|Faerstalker forfeited.
|
|win|Johnnytravs1
|raw|Johnnytravs1's rating: 1254 &rarr; <strong>1281</strong><br />(+27 for winning)
|raw|Faerstalker's rating: 1286 &rarr; <strong>1259</strong><br />(-27 for losing)
|l|☆Faerstalker
|player|p2|
|l|☆Johnnytravs1
|player|p1|
