|j|☆Slappedsilly28
|j|☆Indian gooning
|t:|1743828833
|gametype|singles
|player|p1|Slappedsilly28|unknown|1150
|player|p2|Indian gooning|101|1161
|teamsize|p1|6
|teamsize|p2|6
|gen|9
|tier|[Gen 9] OU
|rated|
|rule|HP Percentage Mod: HP is shown in percentages
|rule|Endless Battle Clause: Forcing endless battles is banned
|rule|Species Clause: Limit one of each Pokémon
|rule|OHKO Clause: OHKO moves are banned
|rule|Evasion Items Clause: Evasion items are banned
|rule|Evasion Moves Clause: Evasion moves are banned
|rule|Sleep Moves Clause: Sleep-inducing moves are banned
|clearpoke
|poke|p1|Great Tusk|
|poke|p1|Venusaur, M|
|poke|p1|Volcanion|
|poke|p1|Dragapult, M|
|poke|p1|Iron Valiant|
|poke|p1|Garganacl, F|
|poke|p2|Gliscor, M|
|poke|p2|Dragapult, F|
|poke|p2|Corviknight, F|
|poke|p2|Heatran, F|
|poke|p2|Ogerpon-Wellspring, F|
|poke|p2|Zamazenta-*|
|teampreview
|inactive|Battle timer is ON: inactive players will automatically lose when time's up. (requested by Slappedsilly28)
|
|t:|1743828846
|start
|switch|p1a: Volcanion|Volcanion|100/100
|switch|p2a: Gliscor|Gliscor, M|100/100
|turn|1
|
|t:|1743828853
|move|p2a: Gliscor|Protect|p2a: Gliscor
|-singleturn|p2a: Gliscor|Protect
|move|p1a: Volcanion|Flamethrower|p2a: Gliscor
|-activate|p2a: Gliscor|move: Protect
|
|-status|p2a: Gliscor|tox|[from] item: Toxic Orb
|upkeep
|turn|2
|
|t:|1743828858
|-terastallize|p1a: Volcanion|Ground
|move|p2a: Gliscor|Toxic|p1a: Volcanion
|-status|p1a: Volcanion|tox
|move|p1a: Volcanion|Steam Eruption|p2a: Gliscor
|-supereffective|p2a: Gliscor
|-damage|p2a: Gliscor|0 fnt
|faint|p2a: Gliscor
|
|-damage|p1a: Volcanion|94/100 tox|[from] psn
|upkeep
|
|t:|1743828874
|switch|p2a: Ogerpon|Ogerpon-Wellspring, F|100/100
|turn|3
|
|t:|1743828888
|switch|p1a: Venusaur|Venusaur, M|100/100
|move|p2a: Ogerpon|Ivy Cudgel|p1a: Venusaur|[anim] Ivy Cudgel Water
|-resisted|p1a: Venusaur
|-damage|p1a: Venusaur|71/100
|
|-heal|p1a: Venusaur|77/100|[from] item: Leftovers
|upkeep
|turn|4
|
|t:|1743828894
|move|p2a: Ogerpon|Knock Off|p1a: Venusaur
|-damage|p1a: Venusaur|40/100
|-enditem|p1a: Venusaur|Leftovers|[from] move: Knock Off|[of] p2a: Ogerpon
|move|p1a: Venusaur|Toxic|p2a: Ogerpon
|-status|p2a: Ogerpon|tox
|
|-damage|p2a: Ogerpon|95/100 tox|[from] psn
|upkeep
|turn|5
|
|t:|1743828901
|switch|p2a: Corviknight|Corviknight, F|100/100
|-ability|p2a: Corviknight|Pressure
|move|p1a: Venusaur|Sludge Bomb|p2a: Corviknight
|-immune|p2a: Corviknight
|
|upkeep
|turn|6
|
|t:|1743828904
|move|p1a: Venusaur|Leech Seed|p2a: Corviknight
|-start|p2a: Corviknight|move: Leech Seed
|move|p2a: Corviknight|U-turn|p1a: Venusaur
|-damage|p1a: Venusaur|26/100
|
|t:|1743828906
|switch|p2a: Dragapult|Dragapult, F|100/100|[from] U-turn
|
|upkeep
|turn|7
|
|t:|1743828912
|move|p2a: Dragapult|Shadow Ball|p1a: Venusaur
|-damage|p1a: Venusaur|0 fnt
|faint|p1a: Venusaur
|
|upkeep
|
|t:|1743828915
|switch|p1a: Garganacl|Garganacl, F|100/100
|turn|8
|
|t:|1743828920
|switch|p2a: Heatran|Heatran, F, shiny|100/100
|-item|p2a: Heatran|Air Balloon
|move|p1a: Garganacl|Salt Cure|p2a: Heatran
|-damage|p2a: Heatran|89/100
|-start|p2a: Heatran|Salt Cure
|-enditem|p2a: Heatran|Air Balloon
|
|-damage|p2a: Heatran|64/100|[from] Salt Cure
|upkeep
|turn|9
|
|t:|1743828927
|move|p2a: Heatran|Taunt|p1a: Garganacl
|-start|p1a: Garganacl|move: Taunt
|cant|p1a: Garganacl|move: Taunt|Stealth Rock
|
|-damage|p2a: Heatran|39/100|[from] Salt Cure
|upkeep
|turn|10
|
|t:|1743828938
|switch|p2a: Ogerpon|Ogerpon-Wellspring, F|95/100 tox
|move|p1a: Garganacl|Salt Cure|p2a: Ogerpon
|-damage|p2a: Ogerpon|76/100 tox
|-start|p2a: Ogerpon|Salt Cure
|
|-damage|p2a: Ogerpon|70/100 tox|[from] psn
|-damage|p2a: Ogerpon|45/100 tox|[from] Salt Cure
|upkeep
|turn|11
|
|t:|1743828945
|switch|p1a: Volcanion|Volcanion, tera:Ground|94/100 tox
|move|p2a: Ogerpon|Ivy Cudgel|p1a: Volcanion|[anim] Ivy Cudgel Water
|-heal|p1a: Volcanion|100/100 tox|[from] ability: Water Absorb|[of] p2a: Ogerpon
|
|-damage|p2a: Ogerpon|33/100 tox|[from] psn
|-damage|p1a: Volcanion|94/100 tox|[from] psn
|-damage|p2a: Ogerpon|8/100 tox|[from] Salt Cure
|upkeep
|turn|12
|
|t:|1743828953
|move|p2a: Ogerpon|Power Whip|p1a: Volcanion
|-supereffective|p1a: Volcanion
|-damage|p1a: Volcanion|0 fnt
|faint|p1a: Volcanion
|
|-damage|p2a: Ogerpon|0 fnt|[from] psn
|faint|p2a: Ogerpon
|upkeep
|
|t:|1743828966
|switch|p2a: Corviknight|Corviknight, F|100/100
|switch|p1a: Garganacl|Garganacl, F|100/100
|-ability|p2a: Corviknight|Pressure
|turn|13
|
|t:|1743828971
|move|p2a: Corviknight|U-turn|p1a: Garganacl
|-damage|p1a: Garganacl|93/100
|
|t:|1743828974
|switch|p2a: Heatran|Heatran, F, shiny|39/100|[from] U-turn
|move|p1a: Garganacl|Salt Cure|p2a: Heatran
|-damage|p2a: Heatran|26/100
|-start|p2a: Heatran|Salt Cure
|
|-damage|p2a: Heatran|1/100|[from] Salt Cure
|upkeep
|turn|14
|
|t:|1743828981
|move|p2a: Heatran|Stealth Rock|p1a: Garganacl
|-sidestart|p1: Slappedsilly28|move: Stealth Rock
|move|p1a: Garganacl|Salt Cure|p2a: Heatran
|-damage|p2a: Heatran|0 fnt
|faint|p2a: Heatran
|
|upkeep
|
|t:|1743828983
|switch|p2a: Dragapult|Dragapult, F|100/100
|turn|15
|
|t:|1743828986
|-terastallize|p2a: Dragapult|Ghost
|move|p2a: Dragapult|Shadow Ball|p1a: Garganacl
|-damage|p1a: Garganacl|59/100
|move|p1a: Garganacl|Salt Cure|p2a: Dragapult
|-damage|p2a: Dragapult|80/100
|-start|p2a: Dragapult|Salt Cure
|
|-damage|p2a: Dragapult|68/100|[from] Salt Cure
|upkeep
|turn|16
|
|t:|1743828993
|switch|p2a: Zamazenta|Zamazenta|100/100
|-ability|p2a: Zamazenta|Dauntless Shield|boost
|-boost|p2a: Zamazenta|def|1
|move|p1a: Garganacl|Stealth Rock|p2a: Zamazenta
|-sidestart|p2: Indian gooning|move: Stealth Rock
|
|upkeep
|turn|17
|
|t:|1743828999
|move|p2a: Zamazenta|Iron Defense|p2a: Zamazenta
|-boost|p2a: Zamazenta|def|2
|move|p1a: Garganacl|Stealth Rock||[still]
|-fail|p1a: Garganacl
|
|upkeep
|turn|18
|
|t:|1743829008
|move|p2a: Zamazenta|Iron Defense|p2a: Zamazenta
|-boost|p2a: Zamazenta|def|2
|move|p1a: Garganacl|Salt Cure|p2a: Zamazenta
|-resisted|p2a: Zamazenta
|-damage|p2a: Zamazenta|99/100
|-start|p2a: Zamazenta|Salt Cure
|
|-heal|p2a: Zamazenta|100/100|[from] item: Leftovers
|-damage|p2a: Zamazenta|88/100|[from] Salt Cure
|upkeep
|turn|19
|
|t:|1743829024
|move|p2a: Zamazenta|Body Press|p1a: Garganacl
|-supereffective|p1a: Garganacl
|-damage|p1a: Garganacl|0 fnt
|faint|p1a: Garganacl
|
|-heal|p2a: Zamazenta|94/100|[from] item: Leftovers
|-damage|p2a: Zamazenta|82/100|[from] Salt Cure
|upkeep
|
|t:|1743829031
|switch|p1a: Iron Valiant|Iron Valiant|100/100
|-damage|p1a: Iron Valiant|94/100|[from] Stealth Rock
|-enditem|p1a: Iron Valiant|Booster Energy
|-activate|p1a: Iron Valiant|ability: Quark Drive|[fromitem]
|-start|p1a: Iron Valiant|quarkdriveatk
|turn|20
|
|t:|1743829034
|move|p2a: Zamazenta|Body Press|p1a: Iron Valiant
|-resisted|p1a: Iron Valiant
|-damage|p1a: Iron Valiant|21/100
|move|p1a: Iron Valiant|Spirit Break|p2a: Zamazenta
|-supereffective|p2a: Zamazenta
|-damage|p2a: Zamazenta|58/100
|-unboost|p2a: Zamazenta|spa|1
|
|-heal|p2a: Zamazenta|64/100|[from] item: Leftovers
|-damage|p2a: Zamazenta|52/100|[from] Salt Cure
|upkeep
|turn|21
|
|t:|1743829045
|move|p2a: Zamazenta|Heavy Slam|p1a: Iron Valiant
|-supereffective|p1a: Iron Valiant
|-damage|p1a: Iron Valiant|0 fnt
|faint|p1a: Iron Valiant
|-end|p1a: Iron Valiant|Quark Drive|[silent]
|
|-heal|p2a: Zamazenta|58/100|[from] item: Leftovers
|-damage|p2a: Zamazenta|46/100|[from] Salt Cure
|upkeep
|
|t:|1743829052
|switch|p1a: Dragapult|Dragapult, M|100/100
|-damage|p1a: Dragapult|88/100|[from] Stealth Rock
|turn|22
|
|t:|1743829054
|move|p2a: Zamazenta|Heavy Slam|p1a: Dragapult
|-damage|p1a: Dragapult|51/100
|move|p1a: Dragapult|Phantom Force||[still]
|-prepare|p1a: Dragapult|Phantom Force
|
|-heal|p2a: Zamazenta|52/100|[from] item: Leftovers
|-damage|p2a: Zamazenta|40/100|[from] Salt Cure
|upkeep
|turn|23
|
|t:|1743829058
|move|p2a: Zamazenta|Heavy Slam|p1a: Dragapult|[miss]
|-miss|p2a: Zamazenta|p1a: Dragapult
|move|p1a: Dragapult|Phantom Force|p2a: Zamazenta|[from] lockedmove
|-damage|p2a: Zamazenta|29/100
|
|-heal|p2a: Zamazenta|35/100|[from] item: Leftovers
|-damage|p2a: Zamazenta|22/100|[from] Salt Cure
|upkeep
|turn|24
|
|t:|1743829064
|move|p2a: Zamazenta|Heavy Slam|p1a: Dragapult
|-damage|p1a: Dragapult|16/100
|move|p1a: Dragapult|Phantom Force||[still]
|-prepare|p1a: Dragapult|Phantom Force
|
|-heal|p2a: Zamazenta|29/100|[from] item: Leftovers
|-damage|p2a: Zamazenta|16/100|[from] Salt Cure
|upkeep
|turn|25
|
|t:|1743829071
|move|p2a: Zamazenta|Iron Defense|p2a: Zamazenta
|-boost|p2a: Zamazenta|def|1
|move|p1a: Dragapult|Phantom Force|p2a: Zamazenta|[from] lockedmove
|-damage|p2a: Zamazenta|8/100
|
|-heal|p2a: Zamazenta|14/100|[from] item: Leftovers
|-damage|p2a: Zamazenta|2/100|[from] Salt Cure
|upkeep
|turn|26
|
|t:|1743829077
|move|p1a: Dragapult|Sucker Punch|p2a: Zamazenta
|-resisted|p2a: Zamazenta
|-damage|p2a: Zamazenta|0 fnt
|faint|p2a: Zamazenta
|
|upkeep
|
|t:|1743829083
|switch|p2a: Corviknight|Corviknight, F|100/100
|-damage|p2a: Corviknight|88/100|[from] Stealth Rock
|-ability|p2a: Corviknight|Pressure
|turn|27
|
|t:|1743829088
|move|p1a: Dragapult|Will-O-Wisp|p2a: Corviknight
|-status|p2a: Corviknight|brn
|move|p2a: Corviknight|Brave Bird|p1a: Dragapult
|-damage|p1a: Dragapult|0 fnt
|faint|p1a: Dragapult
|-damage|p2a: Corviknight|84/100 brn|[from] Recoil
|
|-damage|p2a: Corviknight|78/100 brn|[from] brn
|upkeep
|
|t:|1743829094
|switch|p1a: Great Tusk|Great Tusk|100/100
|-damage|p1a: Great Tusk|98/100|[from] Stealth Rock
|-enditem|p1a: Great Tusk|Booster Energy
|-activate|p1a: Great Tusk|ability: Protosynthesis|[fromitem]
|-start|p1a: Great Tusk|protosynthesisspe
|turn|28
|
|t:|1743829098
|move|p1a: Great Tusk|Bulk Up|p1a: Great Tusk
|-boost|p1a: Great Tusk|atk|1
|-boost|p1a: Great Tusk|def|1
|move|p2a: Corviknight|Brave Bird|p1a: Great Tusk
|-supereffective|p1a: Great Tusk
|-damage|p1a: Great Tusk|83/100
|-damage|p2a: Corviknight|73/100 brn|[from] Recoil
|
|-damage|p2a: Corviknight|67/100 brn|[from] brn
|upkeep
|turn|29
|
|t:|1743829107
|move|p1a: Great Tusk|Bulk Up|p1a: Great Tusk
|-boost|p1a: Great Tusk|atk|1
|-boost|p1a: Great Tusk|def|1
|move|p2a: Corviknight|U-turn|p1a: Great Tusk
|-resisted|p1a: Great Tusk
|-damage|p1a: Great Tusk|83/100
|
|t:|1743829108
|switch|p2a: Dragapult|Dragapult, F, tera:Ghost|68/100|[from] U-turn
|-damage|p2a: Dragapult|56/100|[from] Stealth Rock
|
|upkeep
|turn|30
|
|t:|1743829115
|move|p1a: Great Tusk|Ice Spinner|p2a: Dragapult
|-damage|p2a: Dragapult|2/100
|move|p2a: Dragapult|Draco Meteor|p1a: Great Tusk
|-damage|p1a: Great Tusk|0 fnt
|-unboost|p2a: Dragapult|spa|2
|faint|p1a: Great Tusk
|-end|p1a: Great Tusk|Protosynthesis|[silent]
|
|win|Indian gooning
|raw|Slappedsilly28's rating: 1150 &rarr; <strong>1126</strong><br />(-24 for losing)
|raw|Indian gooning's rating: 1161 &rarr; <strong>1185</strong><br />(+24 for winning)
|l|☆Slappedsilly28
|player|p1|
|l|☆Indian gooning
|player|p2|
