|j|☆dtb2good
|j|☆good time 2025
|t:|1743864864
|gametype|singles
|player|p1|dtb2good|cynthia-gen4|1078
|player|p2|good time 2025|lucas|1084
|teamsize|p1|6
|teamsize|p2|6
|gen|9
|tier|[Gen 9] OU
|rated|
|rule|HP Percentage Mod: HP is shown in percentages
|rule|Endless Battle Clause: Forcing endless battles is banned
|rule|Species Clause: Limit one of each Pokémon
|rule|OHKO Clause: OHKO moves are banned
|rule|Evasion Items Clause: Evasion items are banned
|rule|Evasion Moves Clause: Evasion moves are banned
|rule|Sleep Moves Clause: Sleep-inducing moves are banned
|clearpoke
|poke|p1|Alcremie, F|
|poke|p1|Spidops, F|
|poke|p1|Latias, F|
|poke|p1|Ogerpon-Wellspring, F|
|poke|p1|Iron Moth|
|poke|p1|Zamazenta-*|
|poke|p2|Polteageist|
|poke|p2|Latias, F|
|poke|p2|Cloyster, F|
|poke|p2|Blaziken, F|
|poke|p2|Iron Treads|
|poke|p2|Ribombee, F|
|teampreview
|
|t:|1743864874
|start
|switch|p1a: Spidops|Spidops, F, shiny|100/100
|switch|p2a: Iron Treads|Iron Treads|100/100
|-enditem|p2a: Iron Treads|Booster Energy
|-activate|p2a: Iron Treads|ability: Quark Drive|[fromitem]
|-start|p2a: Iron Treads|quarkdriveatk
|turn|1
|inactive|Battle timer is ON: inactive players will automatically lose when time's up. (requested by good time 2025)
|c|☆good time 2025|Good afternoon
|c|☆good time 2025|Good luck
|-activate|p1a: Spidops|item: Quick Claw
|
|t:|1743864885
|move|p1a: Spidops|Sticky Web|p2a: Iron Treads
|-sidestart|p2: good time 2025|move: Sticky Web
|move|p2a: Iron Treads|Rapid Spin|p1a: Spidops
|-damage|p1a: Spidops|84/100
|-boost|p2a: Iron Treads|spe|1
|-sideend|p2: good time 2025|Sticky Web|[from] move: Rapid Spin|[of] p2a: Iron Treads
|
|upkeep
|turn|2
|c|☆dtb2good|good luck
|-activate|p1a: Spidops|item: Quick Claw
|
|t:|1743864896
|move|p2a: Iron Treads|Iron Head|p1a: Spidops
|-damage|p1a: Spidops|44/100
|move|p1a: Spidops|Circle Throw|p2a: Iron Treads
|-supereffective|p2a: Iron Treads
|-damage|p2a: Iron Treads|81/100
|-end|p2a: Iron Treads|Quark Drive|[silent]
|drag|p2a: Ribombee|Ribombee, F|100/100
|
|upkeep
|turn|3
|
|t:|1743864905
|move|p2a: Ribombee|Moonblast|p1a: Spidops
|-damage|p1a: Spidops|0 fnt
|faint|p1a: Spidops
|
|upkeep
|
|t:|1743864912
|switch|p1a: Alcremie|Alcremie, F, shiny|100/100
|turn|4
|c|☆good time 2025|Thanks
|
|t:|1743864917
|move|p2a: Ribombee|Sticky Web|p1a: Alcremie
|-sidestart|p1: dtb2good|move: Sticky Web
|move|p1a: Alcremie|Acid Armor|p1a: Alcremie
|-boost|p1a: Alcremie|def|2
|
|upkeep
|turn|5
|
|t:|1743864923
|move|p2a: Ribombee|Quiver Dance|p2a: Ribombee
|-boost|p2a: Ribombee|spa|1
|-boost|p2a: Ribombee|spd|1
|-boost|p2a: Ribombee|spe|1
|move|p1a: Alcremie|Calm Mind|p1a: Alcremie
|-boost|p1a: Alcremie|spa|1
|-boost|p1a: Alcremie|spd|1
|
|upkeep
|turn|6
|
|t:|1743864930
|move|p2a: Ribombee|Quiver Dance|p2a: Ribombee
|-boost|p2a: Ribombee|spa|1
|-boost|p2a: Ribombee|spd|1
|-boost|p2a: Ribombee|spe|1
|move|p1a: Alcremie|Calm Mind|p1a: Alcremie
|-boost|p1a: Alcremie|spa|1
|-boost|p1a: Alcremie|spd|1
|
|upkeep
|turn|7
|
|t:|1743864937
|move|p2a: Ribombee|Moonblast|p1a: Alcremie
|-damage|p1a: Alcremie|65/100
|move|p1a: Alcremie|Calm Mind|p1a: Alcremie
|-boost|p1a: Alcremie|spa|1
|-boost|p1a: Alcremie|spd|1
|
|-heal|p1a: Alcremie|71/100|[from] item: Leftovers
|upkeep
|turn|8
|
|t:|1743864944
|move|p2a: Ribombee|Quiver Dance|p2a: Ribombee
|-boost|p2a: Ribombee|spa|1
|-boost|p2a: Ribombee|spd|1
|-boost|p2a: Ribombee|spe|1
|move|p1a: Alcremie|Calm Mind|p1a: Alcremie
|-boost|p1a: Alcremie|spa|1
|-boost|p1a: Alcremie|spd|1
|
|-heal|p1a: Alcremie|77/100|[from] item: Leftovers
|upkeep
|turn|9
|
|t:|1743864952
|move|p2a: Ribombee|Quiver Dance|p2a: Ribombee
|-boost|p2a: Ribombee|spa|1
|-boost|p2a: Ribombee|spd|1
|-boost|p2a: Ribombee|spe|1
|move|p1a: Alcremie|Calm Mind|p1a: Alcremie
|-boost|p1a: Alcremie|spa|1
|-boost|p1a: Alcremie|spd|1
|
|-heal|p1a: Alcremie|83/100|[from] item: Leftovers
|upkeep
|turn|10
|
|t:|1743864960
|move|p2a: Ribombee|Moonblast|p1a: Alcremie
|-damage|p1a: Alcremie|50/100
|move|p1a: Alcremie|Calm Mind|p1a: Alcremie
|-boost|p1a: Alcremie|spa|1
|-boost|p1a: Alcremie|spd|1
|
|-heal|p1a: Alcremie|56/100|[from] item: Leftovers
|upkeep
|turn|11
|
|t:|1743864968
|move|p2a: Ribombee|Quiver Dance|p2a: Ribombee
|-boost|p2a: Ribombee|spa|1
|-boost|p2a: Ribombee|spd|1
|-boost|p2a: Ribombee|spe|1
|move|p1a: Alcremie|Acid Armor|p1a: Alcremie
|-boost|p1a: Alcremie|def|2
|
|-heal|p1a: Alcremie|62/100|[from] item: Leftovers
|upkeep
|turn|12
|
|t:|1743864975
|move|p2a: Ribombee|Quiver Dance|p2a: Ribombee
|-boost|p2a: Ribombee|spa|1
|-boost|p2a: Ribombee|spd|1
|-boost|p2a: Ribombee|spe|1
|move|p1a: Alcremie|Stored Power|p2a: Ribombee
|-enditem|p2a: Ribombee|Focus Sash
|-damage|p2a: Ribombee|1/100
|
|-heal|p1a: Alcremie|68/100|[from] item: Leftovers
|upkeep
|turn|13
|
|t:|1743864984
|move|p2a: Ribombee|Moonblast|p1a: Alcremie
|-damage|p1a: Alcremie|28/100
|move|p1a: Alcremie|Stored Power|p2a: Ribombee
|-damage|p2a: Ribombee|0 fnt
|faint|p2a: Ribombee
|
|-heal|p1a: Alcremie|34/100|[from] item: Leftovers
|upkeep
|
|t:|1743864992
|switch|p2a: Cloyster|Cloyster, F|100/100
|turn|14
|
|t:|1743864995
|move|p2a: Cloyster|Icicle Spear|p1a: Alcremie
|-damage|p1a: Alcremie|30/100
|-damage|p1a: Alcremie|27/100
|-damage|p1a: Alcremie|23/100
|-damage|p1a: Alcremie|19/100
|-damage|p1a: Alcremie|15/100
|-hitcount|p1a: Alcremie|5
|move|p1a: Alcremie|Draining Kiss|p2a: Cloyster
|-enditem|p2a: Cloyster|Focus Sash
|-damage|p2a: Cloyster|1/100
|-heal|p1a: Alcremie|69/100|[from] drain|[of] p2a: Cloyster
|
|-heal|p1a: Alcremie|75/100|[from] item: Leftovers
|upkeep
|turn|15
|-message|good time 2025 forfeited.
|
|win|dtb2good
|raw|dtb2good's rating: 1078 &rarr; <strong>1107</strong><br />(+29 for winning)
|raw|good time 2025's rating: 1084 &rarr; <strong>1061</strong><br />(-23 for losing)
|l|☆good time 2025
|player|p2|
|l|☆dtb2good
|player|p1|
