|j|☆yelinglong
|j|☆weepingbell456
|t:|1743929467
|gametype|singles
|player|p1|yelinglong|hilda|1145
|player|p2|weepingbell456|1|1090
|teamsize|p1|6
|teamsize|p2|6
|gen|9
|tier|[Gen 9] OU
|rated|
|rule|HP Percentage Mod: HP is shown in percentages
|rule|Endless Battle Clause: Forcing endless battles is banned
|rule|Species Clause: Limit one of each Pokémon
|rule|OHKO Clause: OHKO moves are banned
|rule|Evasion Items Clause: Evasion items are banned
|rule|Evasion Moves Clause: Evasion moves are banned
|rule|Sleep Moves Clause: Sleep-inducing moves are banned
|clearpoke
|poke|p1|Serperior, F|
|poke|p1|Samurott-Hisui, F|
|poke|p1|Moltres|
|poke|p1|Iron Treads|
|poke|p1|Gholdengo|
|poke|p1|Dragonite, M|
|poke|p2|Pelipper, M|
|poke|p2|Overqwil, F|
|poke|p2|Araquanid, F|
|poke|p2|Brambleghast, F|
|poke|p2|Blissey, F|
|poke|p2|Corviknight, F|
|teampreview
|inactive|Battle timer is ON: inactive players will automatically lose when time's up. (requested by yelinglong)
|
|t:|1743929494
|start
|switch|p1a: Samurott|Samurott-Hisui, F|100/100
|switch|p2a: Corviknight|Corviknight, F|100/100
|turn|1
|
|t:|1743929500
|move|p1a: Samurott|Ceaseless Edge|p2a: Corviknight
|-damage|p2a: Corviknight|61/100
|-sidestart|p2: weepingbell456|Spikes
|move|p2a: Corviknight|U-turn|p1a: Samurott
|-supereffective|p1a: Samurott
|-damage|p1a: Samurott|70/100
|
|t:|1743929507
|switch|p2a: Araquanid|Araquanid, F|100/100|[from] U-turn
|
|upkeep
|turn|2
|
|t:|1743929518
|switch|p1a: Gholdengo|Gholdengo|100/100
|-item|p1a: Gholdengo|Air Balloon
|move|p2a: Araquanid|Infestation|p1a: Gholdengo
|-resisted|p1a: Gholdengo
|-damage|p1a: Gholdengo|99/100
|-activate|p1a: Gholdengo|move: Infestation|[of] p2a: Araquanid
|-enditem|p1a: Gholdengo|Air Balloon
|
|-damage|p1a: Gholdengo|87/100|[from] move: Infestation|[partiallytrapped]
|upkeep
|turn|3
|
|t:|1743929528
|move|p1a: Gholdengo|Thunder Wave|p2a: Araquanid
|-status|p2a: Araquanid|par
|move|p2a: Araquanid|Liquidation|p1a: Gholdengo
|-damage|p1a: Gholdengo|51/100
|
|-damage|p1a: Gholdengo|38/100|[from] move: Infestation|[partiallytrapped]
|upkeep
|turn|4
|
|t:|1743929539
|switch|p1a: Samurott|Samurott-Hisui, F|70/100
|move|p2a: Araquanid|Liquidation|p1a: Samurott
|-resisted|p1a: Samurott
|-damage|p1a: Samurott|38/100
|
|upkeep
|turn|5
|
|t:|1743929546
|move|p1a: Samurott|Ceaseless Edge|p2a: Araquanid
|-damage|p2a: Araquanid|57/100 par
|-sidestart|p2: weepingbell456|Spikes
|move|p2a: Araquanid|Infestation|p1a: Samurott
|-supereffective|p1a: Samurott
|-damage|p1a: Samurott|28/100
|-activate|p1a: Samurott|move: Infestation|[of] p2a: Araquanid
|
|-damage|p1a: Samurott|16/100|[from] move: Infestation|[partiallytrapped]
|upkeep
|turn|6
|
|t:|1743929554
|move|p1a: Samurott|Ceaseless Edge|p2a: Araquanid
|-damage|p2a: Araquanid|13/100 par
|-sidestart|p2: weepingbell456|Spikes
|move|p2a: Araquanid|Rest|p2a: Araquanid
|-status|p2a: Araquanid|slp|[from] move: Rest
|-heal|p2a: Araquanid|100/100 slp|[silent]
|
|-damage|p1a: Samurott|3/100|[from] move: Infestation|[partiallytrapped]
|upkeep
|turn|7
|
|t:|1743929564
|move|p1a: Samurott|Ceaseless Edge|p2a: Araquanid
|-damage|p2a: Araquanid|60/100 slp
|cant|p2a: Araquanid|slp
|move|p2a: Araquanid|Sleep Talk|p2a: Araquanid
|move|p2a: Araquanid|Liquidation|p1a: Samurott|[from] move: Sleep Talk
|-resisted|p1a: Samurott
|-damage|p1a: Samurott|0 fnt
|faint|p1a: Samurott
|
|upkeep
|
|t:|1743929571
|switch|p1a: Serperior|Serperior, F|100/100
|turn|8
|
|t:|1743929579
|switch|p2a: Corviknight|Corviknight, F|61/100
|move|p1a: Serperior|Substitute|p1a: Serperior
|-start|p1a: Serperior|Substitute
|-damage|p1a: Serperior|76/100
|
|-heal|p1a: Serperior|82/100|[from] item: Leftovers
|-heal|p2a: Corviknight|68/100|[from] item: Leftovers
|upkeep
|turn|9
|
|t:|1743929587
|move|p1a: Serperior|Glare|p2a: Corviknight
|-status|p2a: Corviknight|par
|cant|p2a: Corviknight|par
|
|-heal|p1a: Serperior|88/100|[from] item: Leftovers
|-heal|p2a: Corviknight|74/100 par|[from] item: Leftovers
|upkeep
|turn|10
|
|t:|1743929595
|move|p1a: Serperior|Leech Seed|p2a: Corviknight|[miss]
|-miss|p1a: Serperior|p2a: Corviknight
|move|p2a: Corviknight|Brave Bird|p1a: Serperior
|-supereffective|p1a: Serperior
|-end|p1a: Serperior|Substitute
|-damage|p2a: Corviknight|66/100 par|[from] Recoil|[of] p1a: Serperior
|
|-heal|p1a: Serperior|94/100|[from] item: Leftovers
|-heal|p2a: Corviknight|72/100 par|[from] item: Leftovers
|upkeep
|turn|11
|
|t:|1743929606
|move|p1a: Serperior|Substitute|p1a: Serperior
|-start|p1a: Serperior|Substitute
|-damage|p1a: Serperior|69/100
|move|p2a: Corviknight|Defog|p1a: Serperior
|-sideend|p2: weepingbell456|Spikes|[from] move: Defog|[of] p2a: Corviknight
|
|-heal|p1a: Serperior|76/100|[from] item: Leftovers
|-heal|p2a: Corviknight|79/100 par|[from] item: Leftovers
|upkeep
|turn|12
|
|t:|1743929620
|move|p1a: Serperior|Leech Seed|p2a: Corviknight
|-start|p2a: Corviknight|move: Leech Seed
|move|p2a: Corviknight|U-turn|p1a: Serperior
|-supereffective|p1a: Serperior
|-end|p1a: Serperior|Substitute
|
|t:|1743929625
|switch|p2a: Overqwil|Overqwil, F|100/100|[from] U-turn
|
|-heal|p1a: Serperior|82/100|[from] item: Leftovers
|upkeep
|turn|13
|
|t:|1743929636
|switch|p1a: Moltres|Moltres|100/100
|move|p2a: Overqwil|Swords Dance|p2a: Overqwil
|-boost|p2a: Overqwil|atk|2
|
|upkeep
|turn|14
|
|t:|1743929643
|move|p2a: Overqwil|Scale Shot|p1a: Moltres
|-damage|p1a: Moltres|91/100
|-damage|p1a: Moltres|81/100
|-damage|p1a: Moltres|71/100
|-damage|p1a: Moltres|61/100
|-hitcount|p1a: Moltres|4
|-unboost|p2a: Overqwil|def|1
|-boost|p2a: Overqwil|spe|1
|move|p1a: Moltres|Will-O-Wisp|p2a: Overqwil
|-status|p2a: Overqwil|brn
|
|-damage|p2a: Overqwil|94/100 brn|[from] brn
|upkeep
|turn|15
|
|t:|1743929658
|move|p2a: Overqwil|Gunk Shot|p1a: Moltres|[miss]
|-miss|p2a: Overqwil|p1a: Moltres
|move|p1a: Moltres|Roost|p1a: Moltres
|-heal|p1a: Moltres|100/100
|-singleturn|p1a: Moltres|move: Roost
|
|-damage|p2a: Overqwil|88/100 brn|[from] brn
|upkeep
|turn|16
|
|t:|1743929668
|switch|p2a: Pelipper|Pelipper, M|100/100
|-weather|RainDance|[from] ability: Drizzle|[of] p2a: Pelipper
|switch|p1a: Gholdengo|Gholdengo|38/100
|
|-weather|RainDance|[upkeep]
|upkeep
|turn|17
|inactive|weepingbell456 has 120 seconds left.
|
|t:|1743929698
|switch|p2a: Araquanid|Araquanid, F|60/100 slp
|move|p1a: Gholdengo|Recover|p1a: Gholdengo
|-heal|p1a: Gholdengo|88/100
|
|-weather|RainDance|[upkeep]
|upkeep
|turn|18
|
|t:|1743929706
|move|p1a: Gholdengo|Hex|p2a: Araquanid
|-damage|p2a: Araquanid|13/100 slp
|cant|p2a: Araquanid|slp
|
|-weather|RainDance|[upkeep]
|upkeep
|turn|19
|
|t:|1743929716
|switch|p2a: Blissey|Blissey, F|100/100
|move|p1a: Gholdengo|Hex|p2a: Blissey
|-immune|p2a: Blissey
|
|-weather|RainDance|[upkeep]
|upkeep
|turn|20
|
|t:|1743929724
|move|p1a: Gholdengo|Thunder Wave|p2a: Blissey
|-status|p2a: Blissey|par
|cant|p2a: Blissey|par
|
|-weather|RainDance|[upkeep]
|upkeep
|turn|21
|
|t:|1743929730
|switch|p1a: Iron Treads|Iron Treads|100/100
|-item|p1a: Iron Treads|Air Balloon
|cant|p2a: Blissey|par
|
|-weather|RainDance|[upkeep]
|upkeep
|turn|22
|
|t:|1743929736
|move|p1a: Iron Treads|Stealth Rock|p2a: Blissey
|-sidestart|p2: weepingbell456|move: Stealth Rock
|move|p2a: Blissey|Seismic Toss|p1a: Iron Treads
|-damage|p1a: Iron Treads|69/100
|-enditem|p1a: Iron Treads|Air Balloon
|
|-weather|RainDance|[upkeep]
|upkeep
|turn|23
|
|t:|1743929746
|-end|p1a: Iron Treads|Quark Drive|[silent]
|switch|p1a: Serperior|Serperior, F|82/100
|cant|p2a: Blissey|par
|
|-weather|none
|-heal|p1a: Serperior|88/100|[from] item: Leftovers
|upkeep
|turn|24
|
|t:|1743929752
|move|p1a: Serperior|Substitute|p1a: Serperior
|-start|p1a: Serperior|Substitute
|-damage|p1a: Serperior|63/100
|move|p2a: Blissey|Heal Bell|p2a: Blissey
|-activate|p2a: Blissey|move: Heal Bell
|-curestatus|p2a: Blissey|par|[msg]
|-curestatus|p2: Corviknight|par|[msg]
|-curestatus|p2: Araquanid|slp|[msg]
|-curestatus|p2: Overqwil|brn|[msg]
|
|-heal|p1a: Serperior|69/100|[from] item: Leftovers
|upkeep
|turn|25
|
|t:|1743929763
|move|p1a: Serperior|Leech Seed|p2a: Blissey
|-start|p2a: Blissey|move: Leech Seed
|move|p2a: Blissey|Seismic Toss|p1a: Serperior
|-end|p1a: Serperior|Substitute
|
|-heal|p1a: Serperior|76/100|[from] item: Leftovers
|-damage|p2a: Blissey|88/100|[from] Leech Seed|[of] p1a: Serperior
|-heal|p1a: Serperior|100/100|[silent]
|upkeep
|turn|26
|
|t:|1743929772
|switch|p2a: Corviknight|Corviknight, F|79/100
|-damage|p2a: Corviknight|66/100|[from] Stealth Rock
|move|p1a: Serperior|Substitute|p1a: Serperior
|-start|p1a: Serperior|Substitute
|-damage|p1a: Serperior|76/100
|
|-heal|p1a: Serperior|82/100|[from] item: Leftovers
|-heal|p2a: Corviknight|72/100|[from] item: Leftovers
|upkeep
|turn|27
|
|t:|1743929782
|move|p1a: Serperior|Leech Seed|p2a: Corviknight
|-start|p2a: Corviknight|move: Leech Seed
|move|p2a: Corviknight|Defog|p1a: Serperior
|-sideend|p2: weepingbell456|Stealth Rock|[from] move: Defog|[of] p2a: Corviknight
|
|-heal|p1a: Serperior|88/100|[from] item: Leftovers
|-heal|p2a: Corviknight|79/100|[from] item: Leftovers
|-damage|p2a: Corviknight|66/100|[from] Leech Seed|[of] p1a: Serperior
|-heal|p1a: Serperior|100/100|[silent]
|upkeep
|turn|28
|
|t:|1743929791
|move|p1a: Serperior|Glare|p2a: Corviknight
|-status|p2a: Corviknight|par
|cant|p2a: Corviknight|par
|
|-heal|p2a: Corviknight|72/100 par|[from] item: Leftovers
|-damage|p2a: Corviknight|60/100 par|[from] Leech Seed|[of] p1a: Serperior
|upkeep
|turn|29
|
|t:|1743929798
|switch|p1a: Iron Treads|Iron Treads|69/100
|move|p2a: Corviknight|U-turn|p1a: Iron Treads
|-resisted|p1a: Iron Treads
|-damage|p1a: Iron Treads|62/100
|
|t:|1743929804
|switch|p2a: Pelipper|Pelipper, M|100/100|[from] U-turn
|-weather|RainDance|[from] ability: Drizzle|[of] p2a: Pelipper
|
|-weather|RainDance|[upkeep]
|upkeep
|turn|30
|
|t:|1743929810
|-end|p1a: Iron Treads|Quark Drive|[silent]
|switch|p1a: Gholdengo|Gholdengo|88/100
|move|p2a: Pelipper|Hurricane|p1a: Gholdengo
|-resisted|p1a: Gholdengo
|-damage|p1a: Gholdengo|72/100
|
|-weather|RainDance|[upkeep]
|upkeep
|turn|31
|
|t:|1743929825
|switch|p2a: Overqwil|Overqwil, F|88/100
|move|p1a: Gholdengo|Thunder Wave|p2a: Overqwil
|-status|p2a: Overqwil|par
|
|-weather|RainDance|[upkeep]
|upkeep
|turn|32
|
|t:|1743929837
|move|p2a: Overqwil|Swords Dance|p2a: Overqwil
|-boost|p2a: Overqwil|atk|2
|move|p1a: Gholdengo|Make It Rain|p2a: Overqwil
|-damage|p2a: Overqwil|31/100 par
|-unboost|p1a: Gholdengo|spa|1
|
|-weather|RainDance|[upkeep]
|upkeep
|turn|33
|
|t:|1743929853
|switch|p1a: Moltres|Moltres|100/100
|cant|p2a: Overqwil|par
|
|-weather|RainDance|[upkeep]
|upkeep
|turn|34
|
|t:|1743929860
|move|p2a: Overqwil|Destiny Bond|p2a: Overqwil
|-singlemove|p2a: Overqwil|Destiny Bond
|move|p1a: Moltres|Hurricane|p2a: Overqwil
|-crit|p2a: Overqwil
|-damage|p2a: Overqwil|0 fnt
|faint|p2a: Overqwil
|-activate|p2a: Overqwil|move: Destiny Bond
|faint|p1a: Moltres
|
|-weather|RainDance|[upkeep]
|upkeep
|
|t:|1743929873
|switch|p2a: Brambleghast|Brambleghast, F|100/100
|switch|p1a: Iron Treads|Iron Treads|62/100
|turn|35
|
|t:|1743929887
|move|p1a: Iron Treads|Ice Spinner|p2a: Brambleghast
|-supereffective|p2a: Brambleghast
|-damage|p2a: Brambleghast|32/100
|move|p2a: Brambleghast|Spikes|p1a: Iron Treads
|-sidestart|p1: yelinglong|Spikes
|
|-weather|RainDance|[upkeep]
|upkeep
|turn|36
|-message|weepingbell456 forfeited.
|
|win|yelinglong
|raw|yelinglong's rating: 1145 &rarr; <strong>1166</strong><br />(+21 for winning)
|raw|weepingbell456's rating: 1090 &rarr; <strong>1070</strong><br />(-20 for losing)
|l|☆weepingbell456
|player|p2|
