|j|☆I HATE STALL312
|j|☆mossytreefrog
|t:|1743888441
|gametype|singles
|player|p1|I HATE STALL312|cynthia-gen4|1118
|player|p2|mossytreefrog|pokemaniac|1130
|teamsize|p1|6
|teamsize|p2|6
|gen|9
|tier|[Gen 9] OU
|rated|
|rule|HP Percentage Mod: HP is shown in percentages
|rule|Endless Battle Clause: Forcing endless battles is banned
|rule|Species Clause: Limit one of each Pokémon
|rule|OHKO Clause: OHKO moves are banned
|rule|Evasion Items Clause: Evasion items are banned
|rule|Evasion Moves Clause: Evasion moves are banned
|rule|Sleep Moves Clause: Sleep-inducing moves are banned
|clearpoke
|poke|p1|Landorus-Therian, M|
|poke|p1|Blissey, F|
|poke|p1|Banette, M|
|poke|p1|Gliscor, F|
|poke|p1|Samurott-Hisui, F|
|poke|p1|Slowking-Galar, M|
|poke|p2|Landorus-Therian, M|
|poke|p2|Greninja-*, M|
|poke|p2|Latias, F|
|poke|p2|Porygon2|
|poke|p2|Tentacruel, M|
|poke|p2|Gastrodon-East, M|
|teampreview
|inactive|Battle timer is ON: inactive players will automatically lose when time's up. (requested by mossytreefrog)
|inactive|I HATE STALL312 also wants the timer to be on.
|
|t:|1743888458
|start
|switch|p1a: Blissey|Blissey, F|100/100
|switch|p2a: slug|Gastrodon-East, M, shiny|100/100
|turn|1
|
|t:|1743888473
|switch|p1a: Gliscor|Gliscor, F|100/100
|move|p2a: slug|Ice Beam|p1a: Gliscor
|-supereffective|p1a: Gliscor
|-damage|p1a: Gliscor|0 fnt
|faint|p1a: Gliscor
|
|upkeep
|
|t:|1743888479
|switch|p1a: Blissey|Blissey, F|100/100
|turn|2
|
|t:|1743888486
|switch|p2a: sabre|Landorus-Therian, M, shiny|100/100
|-ability|p2a: sabre|Intimidate|boost
|-unboost|p1a: Blissey|atk|1
|move|p1a: Blissey|Calm Mind|p1a: Blissey
|-boost|p1a: Blissey|spa|1
|-boost|p1a: Blissey|spd|1
|
|upkeep
|turn|3
|
|t:|1743888496
|move|p2a: sabre|U-turn|p1a: Blissey
|-damage|p1a: Blissey|45/100
|
|t:|1743888502
|switch|p2a: aliun|Tentacruel, M, shiny|100/100|[from] U-turn
|move|p1a: Blissey|Ice Beam|p2a: aliun
|-resisted|p2a: aliun
|-damage|p2a: aliun|87/100
|
|-heal|p1a: Blissey|51/100|[from] item: Leftovers
|upkeep
|turn|4
|
|t:|1743888511
|move|p2a: aliun|Knock Off|p1a: Blissey
|-damage|p1a: Blissey|12/100
|-enditem|p1a: Blissey|Leftovers|[from] move: Knock Off|[of] p2a: aliun
|move|p1a: Blissey|Thunderbolt|p2a: aliun
|-supereffective|p2a: aliun
|-damage|p2a: aliun|34/100
|-status|p2a: aliun|par
|
|upkeep
|turn|5
|
|t:|1743888523
|switch|p2a: sabre|Landorus-Therian, M, shiny|100/100
|-ability|p2a: sabre|Intimidate|boost
|-unboost|p1a: Blissey|atk|1
|move|p1a: Blissey|Ice Beam|p2a: sabre
|-supereffective|p2a: sabre
|-enditem|p2a: sabre|Yache Berry|[eat]
|-enditem|p2a: sabre|Yache Berry|[weaken]
|-damage|p2a: sabre|3/100
|
|upkeep
|turn|6
|
|t:|1743888533
|move|p2a: sabre|Earthquake|p1a: Blissey
|-damage|p1a: Blissey|0 fnt
|faint|p1a: Blissey
|
|upkeep
|
|t:|1743888535
|switch|p1a: Banette|Banette, M|100/100
|turn|7
|
|t:|1743888540
|move|p2a: sabre|U-turn|p1a: Banette
|-resisted|p1a: Banette
|-damage|p1a: Banette|75/100
|
|t:|1743888544
|switch|p2a: slug|Gastrodon-East, M, shiny|100/100|[from] U-turn
|move|p1a: Banette|Swords Dance|p1a: Banette
|-boost|p1a: Banette|atk|2
|
|upkeep
|turn|8
|
|t:|1743888552
|move|p1a: Banette|Poltergeist|p2a: slug
|-activate|p2a: slug|move: Poltergeist|Leftovers
|-damage|p2a: slug|0 fnt
|faint|p2a: slug
|-damage|p1a: Banette|65/100|[from] item: Life Orb
|
|upkeep
|
|t:|1743888558
|switch|p2a: pory|Porygon2, shiny|100/100
|-ability|p2a: pory|Cursed Body|[from] ability: Trace|[of] p1a: Banette
|turn|9
|
|t:|1743888570
|move|p1a: Banette|Knock Off|p2a: pory
|-damage|p2a: pory|40/100
|-enditem|p2a: pory|Eviolite|[from] move: Knock Off|[of] p1a: Banette
|-damage|p1a: Banette|55/100|[from] item: Life Orb
|move|p2a: pory|Thunder Wave|p1a: Banette|[miss]
|-miss|p2a: pory|p1a: Banette
|
|upkeep
|turn|10
|
|t:|1743888584
|move|p1a: Banette|Knock Off|p2a: pory
|-damage|p2a: pory|0 fnt
|faint|p2a: pory
|-damage|p1a: Banette|45/100|[from] item: Life Orb
|
|upkeep
|
|t:|1743888602
|switch|p2a: sabre|Landorus-Therian, M, shiny|3/100
|-ability|p2a: sabre|Intimidate|boost
|-unboost|p1a: Banette|atk|1
|turn|11
|
|t:|1743888607
|move|p1a: Banette|Shadow Sneak|p2a: sabre
|-damage|p2a: sabre|0 fnt
|faint|p2a: sabre
|-damage|p1a: Banette|35/100|[from] item: Life Orb
|
|upkeep
|
|t:|1743888617
|switch|p2a: dart|Greninja, M, shiny|100/100
|turn|12
|
|t:|1743888622
|move|p1a: Banette|Shadow Sneak|p2a: dart
|-resisted|p2a: dart
|-damage|p2a: dart|68/100
|-damage|p1a: Banette|25/100|[from] item: Life Orb
|move|p2a: dart|Night Slash|p1a: Banette
|-start|p2a: dart|typechange|Dark|[from] ability: Protean
|-supereffective|p1a: Banette
|-damage|p1a: Banette|0 fnt
|faint|p1a: Banette
|
|upkeep
|
|t:|1743888626
|switch|p1a: Samurott|Samurott-Hisui, F|100/100
|turn|13
|
|t:|1743888639
|move|p2a: dart|U-turn|p1a: Samurott
|-supereffective|p1a: Samurott
|-damage|p1a: Samurott|35/100
|
|t:|1743888643
|switch|p2a: aliun|Tentacruel, M, shiny|34/100 par|[from] U-turn
|move|p1a: Samurott|Swords Dance|p1a: Samurott
|-boost|p1a: Samurott|atk|2
|
|upkeep
|turn|14
|
|t:|1743888652
|-terastallize|p1a: Samurott|Water
|move|p1a: Samurott|Aqua Cutter|p2a: aliun
|-resisted|p2a: aliun
|-damage|p2a: aliun|0 fnt
|faint|p2a: aliun
|
|upkeep
|
|t:|1743888660
|switch|p2a: dart|Greninja, M, shiny|68/100
|turn|15
|
|t:|1743888673
|move|p1a: Samurott|Sucker Punch|p2a: dart
|-resisted|p2a: dart
|-crit|p2a: dart
|-damage|p2a: dart|0 fnt
|faint|p2a: dart
|
|upkeep
|
|t:|1743888678
|switch|p2a: golden|Latias, F, shiny|100/100
|turn|16
|
|t:|1743888696
|move|p1a: Samurott|Sucker Punch||[still]
|-fail|p1a: Samurott
|move|p2a: golden|Calm Mind|p2a: golden
|-boost|p2a: golden|spa|1
|-boost|p2a: golden|spd|1
|
|upkeep
|turn|17
|
|t:|1743888705
|move|p1a: Samurott|Sucker Punch||[still]
|-fail|p1a: Samurott
|move|p2a: golden|Calm Mind|p2a: golden
|-boost|p2a: golden|spa|1
|-boost|p2a: golden|spd|1
|
|upkeep
|turn|18
|
|t:|1743888713
|move|p1a: Samurott|Sucker Punch||[still]
|-fail|p1a: Samurott
|move|p2a: golden|Calm Mind|p2a: golden
|-boost|p2a: golden|spa|1
|-boost|p2a: golden|spd|1
|
|upkeep
|turn|19
|
|t:|1743888722
|move|p1a: Samurott|Sucker Punch||[still]
|-fail|p1a: Samurott
|move|p2a: golden|Calm Mind|p2a: golden
|-boost|p2a: golden|spa|1
|-boost|p2a: golden|spd|1
|
|upkeep
|turn|20
|
|t:|1743888728
|move|p1a: Samurott|Aqua Cutter|p2a: golden
|-resisted|p2a: golden
|-damage|p2a: golden|50/100
|move|p2a: golden|Agility|p2a: golden
|-boost|p2a: golden|spe|2
|
|upkeep
|turn|21
|
|t:|1743888739
|-terastallize|p2a: golden|Poison
|move|p1a: Samurott|Sucker Punch|p2a: golden
|-damage|p2a: golden|1/100
|move|p2a: golden|Stored Power|p1a: Samurott
|-crit|p1a: Samurott
|-damage|p1a: Samurott|0 fnt
|faint|p1a: Samurott
|
|upkeep
|
|t:|1743888752
|switch|p1a: Slowking|Slowking-Galar, M|100/100
|turn|22
|
|t:|1743888755
|move|p2a: golden|Stored Power|p1a: Slowking
|-damage|p1a: Slowking|0 fnt
|faint|p1a: Slowking
|
|upkeep
|
|t:|1743888758
|switch|p1a: Landorus|Landorus-Therian, M|100/100
|-ability|p1a: Landorus|Intimidate|boost
|-unboost|p2a: golden|atk|1
|turn|23
|
|t:|1743888762
|move|p2a: golden|Stored Power|p1a: Landorus
|-damage|p1a: Landorus|0 fnt
|faint|p1a: Landorus
|
|win|mossytreefrog
|raw|I HATE STALL312's rating: 1118 &rarr; <strong>1094</strong><br />(-24 for losing)
|raw|mossytreefrog's rating: 1130 &rarr; <strong>1154</strong><br />(+24 for winning)
|l|☆I HATE STALL312
|player|p1|
|l|☆mossytreefrog
|player|p2|
