|j|☆borrrar
|j|☆pullavoitto
|t:|1743784366
|gametype|singles
|player|p1|borrrar|266|1156
|player|p2|pullavoitto|169|1189
|teamsize|p1|6
|teamsize|p2|6
|gen|9
|tier|[Gen 9] OU
|rated|
|rule|HP Percentage Mod: HP is shown in percentages
|rule|Endless Battle Clause: Forcing endless battles is banned
|rule|Species Clause: Limit one of each Pokémon
|rule|OHKO Clause: OHKO moves are banned
|rule|Evasion Items Clause: Evasion items are banned
|rule|Evasion Moves Clause: Evasion moves are banned
|rule|Sleep Moves Clause: Sleep-inducing moves are banned
|clearpoke
|poke|p1|Dondozo, M|
|poke|p1|Goodra-Hisui, F|
|poke|p1|Slaking, F|
|poke|p1|Chandelure, M|
|poke|p1|Great Tusk|
|poke|p1|Ribombee, F|
|poke|p2|Pelipper, M|
|poke|p2|Kilowattrel, F|
|poke|p2|Floatzel, F|
|poke|p2|Iron Treads|
|poke|p2|Goodra, M|
|poke|p2|Meowscarada, F|
|teampreview
|inactive|Battle timer is ON: inactive players will automatically lose when time's up. (requested by borrrar)
|inactive|pullavoitto also wants the timer to be on.
|
|t:|1743784387
|start
|switch|p1a: Slaking|Slaking, F|100/100
|switch|p2a: Pelipper|Pelipper, M|100/100
|-weather|RainDance|[from] ability: Drizzle|[of] p2a: Pelipper
|turn|1
|
|t:|1743784395
|switch|p2a: Iron Treads|Iron Treads|100/100
|move|p1a: Slaking|Knock Off|p2a: Iron Treads
|-damage|p2a: Iron Treads|68/100
|-enditem|p2a: Iron Treads|Leftovers|[from] move: Knock Off|[of] p1a: Slaking
|
|-weather|RainDance|[upkeep]
|-status|p1a: Slaking|tox|[from] item: Toxic Orb
|upkeep
|turn|2
|
|t:|1743784403
|move|p2a: Iron Treads|Stealth Rock|p1a: Slaking
|-sidestart|p1: borrrar|move: Stealth Rock
|cant|p1a: Slaking|ability: Truant
|
|-weather|RainDance|[upkeep]
|-damage|p1a: Slaking|94/100 tox|[from] psn
|upkeep
|turn|3
|
|t:|1743784412
|move|p2a: Iron Treads|Earthquake|p1a: Slaking
|-damage|p1a: Slaking|67/100 tox
|move|p1a: Slaking|Drain Punch|p2a: Iron Treads
|-supereffective|p2a: Iron Treads
|-damage|p2a: Iron Treads|24/100
|-heal|p1a: Slaking|86/100 tox|[from] drain|[of] p2a: Iron Treads
|
|-weather|RainDance|[upkeep]
|-damage|p1a: Slaking|74/100 tox|[from] psn
|upkeep
|turn|4
|
|t:|1743784418
|move|p2a: Iron Treads|Volt Switch|p1a: Slaking
|-damage|p1a: Slaking|62/100 tox
|
|t:|1743784425
|-end|p2a: Iron Treads|Quark Drive|[silent]
|switch|p2a: Floatzel|Floatzel, F|100/100|[from] Volt Switch
|cant|p1a: Slaking|ability: Truant
|
|-weather|RainDance|[upkeep]
|-damage|p1a: Slaking|44/100 tox|[from] psn
|upkeep
|turn|5
|
|t:|1743784431
|-terastallize|p2a: Floatzel|Water
|move|p2a: Floatzel|Wave Crash|p1a: Slaking
|-damage|p1a: Slaking|0 fnt
|faint|p1a: Slaking
|-damage|p2a: Floatzel|80/100|[from] Recoil
|
|-weather|RainDance|[upkeep]
|upkeep
|
|t:|1743784442
|switch|p1a: Dondozo|Dondozo, M|100/100
|-damage|p1a: Dondozo|88/100|[from] Stealth Rock
|turn|6
|
|t:|1743784448
|switch|p2a: Meowscarada|Meowscarada, F|100/100
|move|p1a: Dondozo|Curse|p1a: Dondozo
|-unboost|p1a: Dondozo|spe|1
|-boost|p1a: Dondozo|atk|1
|-boost|p1a: Dondozo|def|1
|
|-weather|RainDance|[upkeep]
|-heal|p1a: Dondozo|94/100|[from] item: Leftovers
|upkeep
|turn|7
|
|t:|1743784459
|-terastallize|p1a: Dondozo|Normal
|move|p2a: Meowscarada|Flower Trick|p1a: Dondozo
|-start|p2a: Meowscarada|typechange|Grass|[from] ability: Protean
|-crit|p1a: Dondozo
|-damage|p1a: Dondozo|67/100
|-damage|p2a: Meowscarada|91/100|[from] item: Life Orb
|move|p1a: Dondozo|Curse|p1a: Dondozo
|-unboost|p1a: Dondozo|spe|1
|-boost|p1a: Dondozo|atk|1
|-boost|p1a: Dondozo|def|1
|
|-weather|RainDance|[upkeep]
|-heal|p1a: Dondozo|73/100|[from] item: Leftovers
|upkeep
|turn|8
|
|t:|1743784469
|move|p2a: Meowscarada|Knock Off|p1a: Dondozo
|-damage|p1a: Dondozo|64/100
|-enditem|p1a: Dondozo|Leftovers|[from] move: Knock Off|[of] p2a: Meowscarada
|-damage|p2a: Meowscarada|81/100|[from] item: Life Orb
|move|p1a: Dondozo|Rest|p1a: Dondozo
|-status|p1a: Dondozo|slp|[from] move: Rest
|-heal|p1a: Dondozo|100/100 slp|[silent]
|
|-weather|none
|upkeep
|turn|9
|
|t:|1743784474
|switch|p2a: Pelipper|Pelipper, M|100/100
|-weather|RainDance|[from] ability: Drizzle|[of] p2a: Pelipper
|cant|p1a: Dondozo|slp
|move|p1a: Dondozo|Sleep Talk|p1a: Dondozo
|move|p1a: Dondozo|Wave Crash|p2a: Pelipper|[from] move: Sleep Talk
|-resisted|p2a: Pelipper
|-damage|p2a: Pelipper|53/100
|-damage|p1a: Dondozo|90/100 slp|[from] Recoil
|
|-weather|RainDance|[upkeep]
|upkeep
|turn|10
|
|t:|1743784484
|move|p2a: Pelipper|Hurricane|p1a: Dondozo
|-damage|p1a: Dondozo|52/100 slp
|cant|p1a: Dondozo|slp
|move|p1a: Dondozo|Sleep Talk|p1a: Dondozo
|move|p1a: Dondozo|Wave Crash|p2a: Pelipper|[from] move: Sleep Talk
|-resisted|p2a: Pelipper
|-damage|p2a: Pelipper|7/100
|-damage|p1a: Dondozo|43/100 slp|[from] Recoil
|
|-weather|RainDance|[upkeep]
|upkeep
|turn|11
|
|t:|1743784489
|move|p2a: Pelipper|Hurricane|p1a: Dondozo
|-damage|p1a: Dondozo|10/100 slp
|-curestatus|p1a: Dondozo|slp|[msg]
|move|p1a: Dondozo|Rest|p1a: Dondozo
|-status|p1a: Dondozo|slp|[from] move: Rest
|-heal|p1a: Dondozo|100/100 slp|[silent]
|
|-weather|RainDance|[upkeep]
|upkeep
|turn|12
|
|t:|1743784493
|move|p2a: Pelipper|U-turn|p1a: Dondozo
|-damage|p1a: Dondozo|99/100 slp
|
|t:|1743784496
|switch|p2a: Goodra|Goodra, M|100/100|[from] U-turn
|cant|p1a: Dondozo|slp
|move|p1a: Dondozo|Sleep Talk|p1a: Dondozo
|move|p1a: Dondozo|Wave Crash|p2a: Goodra|[from] move: Sleep Talk
|-resisted|p2a: Goodra
|-damage|p2a: Goodra|31/100
|-damage|p1a: Dondozo|81/100 slp|[from] Recoil
|
|-weather|RainDance|[upkeep]
|upkeep
|turn|13
|
|t:|1743784506
|move|p2a: Goodra|Draco Meteor|p1a: Dondozo
|-damage|p1a: Dondozo|12/100 slp
|-unboost|p2a: Goodra|spa|2
|cant|p1a: Dondozo|slp
|move|p1a: Dondozo|Sleep Talk|p1a: Dondozo
|move|p1a: Dondozo|Rest||[from] move: Sleep Talk|[still]
|-fail|p1a: Dondozo
|
|-weather|RainDance|[upkeep]
|upkeep
|turn|14
|
|t:|1743784518
|switch|p1a: Great Tusk|Great Tusk|100/100
|-damage|p1a: Great Tusk|98/100|[from] Stealth Rock
|-enditem|p1a: Great Tusk|Booster Energy
|-activate|p1a: Great Tusk|ability: Protosynthesis|[fromitem]
|-start|p1a: Great Tusk|protosynthesisatk
|move|p2a: Goodra|Weather Ball|p1a: Great Tusk
|-supereffective|p1a: Great Tusk
|-damage|p1a: Great Tusk|26/100
|
|-weather|RainDance|[upkeep]
|upkeep
|turn|15
|
|t:|1743784526
|move|p1a: Great Tusk|Rapid Spin|p2a: Goodra
|-damage|p2a: Goodra|3/100
|-boost|p1a: Great Tusk|spe|1
|-sideend|p1: borrrar|Stealth Rock|[from] move: Rapid Spin|[of] p1a: Great Tusk
|move|p2a: Goodra|Weather Ball|p1a: Great Tusk
|-supereffective|p1a: Great Tusk
|-damage|p1a: Great Tusk|0 fnt
|faint|p1a: Great Tusk
|-end|p1a: Great Tusk|Protosynthesis|[silent]
|
|-weather|RainDance|[upkeep]
|upkeep
|
|t:|1743784533
|switch|p1a: Chandelure|Chandelure, M|100/100
|turn|16
|
|t:|1743784539
|move|p1a: Chandelure|Shadow Ball|p2a: Goodra
|-damage|p2a: Goodra|0 fnt
|faint|p2a: Goodra
|
|-weather|none
|upkeep
|
|t:|1743784544
|switch|p2a: Pelipper|Pelipper, M|7/100
|-weather|RainDance|[from] ability: Drizzle|[of] p2a: Pelipper
|turn|17
|
|t:|1743784548
|switch|p2a: Iron Treads|Iron Treads|24/100
|move|p1a: Chandelure|Shadow Ball|p2a: Iron Treads
|-damage|p2a: Iron Treads|0 fnt
|faint|p2a: Iron Treads
|-end|p2a: Iron Treads|Quark Drive|[silent]
|
|-weather|RainDance|[upkeep]
|upkeep
|
|t:|1743784550
|switch|p2a: Floatzel|Floatzel, F, tera:Water|80/100
|turn|18
|
|t:|1743784562
|switch|p1a: Goodra|Goodra-Hisui, F|100/100
|move|p2a: Floatzel|Flip Turn|p1a: Goodra
|-resisted|p1a: Goodra
|-damage|p1a: Goodra|58/100
|
|t:|1743784569
|switch|p2a: Meowscarada|Meowscarada, F|81/100|[from] Flip Turn
|
|-weather|RainDance|[upkeep]
|-heal|p1a: Goodra|64/100|[from] item: Leftovers
|upkeep
|turn|19
|
|t:|1743784590
|move|p1a: Goodra|Protect|p1a: Goodra
|-singleturn|p1a: Goodra|Protect
|move|p2a: Meowscarada|Triple Axel|p1a: Goodra
|-start|p2a: Meowscarada|typechange|Ice|[from] ability: Protean
|-activate|p1a: Goodra|move: Protect
|
|-weather|RainDance|[upkeep]
|-heal|p1a: Goodra|70/100|[from] item: Leftovers
|upkeep
|turn|20
|
|t:|1743784597
|move|p2a: Meowscarada|Knock Off|p1a: Goodra
|-damage|p1a: Goodra|34/100
|-enditem|p1a: Goodra|Leftovers|[from] move: Knock Off|[of] p2a: Meowscarada
|-damage|p2a: Meowscarada|71/100|[from] item: Life Orb
|move|p1a: Goodra|Acid Armor|p1a: Goodra
|-boost|p1a: Goodra|def|2
|
|-weather|RainDance|[upkeep]
|upkeep
|turn|21
|
|t:|1743784605
|move|p1a: Goodra|Protect|p1a: Goodra
|-singleturn|p1a: Goodra|Protect
|move|p2a: Meowscarada|Play Rough|p1a: Goodra
|-activate|p1a: Goodra|move: Protect
|
|-weather|RainDance|[upkeep]
|upkeep
|turn|22
|
|t:|1743784608
|move|p2a: Meowscarada|Play Rough|p1a: Goodra
|-damage|p1a: Goodra|16/100
|-damage|p2a: Meowscarada|61/100|[from] item: Life Orb
|move|p1a: Goodra|Rest|p1a: Goodra
|-status|p1a: Goodra|slp|[from] move: Rest
|-heal|p1a: Goodra|100/100 slp|[silent]
|
|-weather|RainDance|[upkeep]
|upkeep
|turn|23
|
|t:|1743784621
|move|p2a: Meowscarada|Triple Axel|p1a: Goodra
|-damage|p1a: Goodra|95/100 slp
|-damage|p1a: Goodra|83/100 slp
|-damage|p1a: Goodra|66/100 slp
|-hitcount|p1a: Goodra|3
|-damage|p2a: Meowscarada|51/100|[from] item: Life Orb
|cant|p1a: Goodra|slp
|
|-weather|RainDance|[upkeep]
|upkeep
|turn|24
|
|t:|1743784628
|move|p2a: Meowscarada|Triple Axel|p1a: Goodra
|-damage|p1a: Goodra|60/100 slp
|-damage|p1a: Goodra|48/100 slp
|-damage|p1a: Goodra|32/100 slp
|-hitcount|p1a: Goodra|3
|-damage|p2a: Meowscarada|41/100|[from] item: Life Orb
|cant|p1a: Goodra|slp
|
|-weather|none
|upkeep
|turn|25
|
|t:|1743784633
|move|p2a: Meowscarada|Triple Axel|p1a: Goodra
|-damage|p1a: Goodra|26/100 slp
|-damage|p1a: Goodra|14/100 slp
|-damage|p1a: Goodra|0 fnt
|faint|p1a: Goodra
|-hitcount|p1: Goodra|3
|-damage|p2a: Meowscarada|31/100|[from] item: Life Orb
|
|upkeep
|
|t:|1743784649
|switch|p1a: Chandelure|Chandelure, M|100/100
|turn|26
|
|t:|1743784654
|move|p2a: Meowscarada|Knock Off|p1a: Chandelure
|-supereffective|p1a: Chandelure
|-damage|p1a: Chandelure|0 fnt
|-enditem|p1a: Chandelure|Quick Claw|[from] move: Knock Off|[of] p2a: Meowscarada
|faint|p1a: Chandelure
|-damage|p2a: Meowscarada|21/100|[from] item: Life Orb
|
|upkeep
|
|t:|1743784661
|switch|p1a: Ribombee|Ribombee, F|100/100
|turn|27
|c|☆pullavoitto|quic claw??:D
|
|t:|1743784672
|move|p1a: Ribombee|Sticky Web|p2a: Meowscarada
|-sidestart|p2: pullavoitto|move: Sticky Web
|move|p2a: Meowscarada|Triple Axel|p1a: Ribombee
|-damage|p1a: Ribombee|78/100
|-damage|p1a: Ribombee|34/100
|-damage|p1a: Ribombee|0 fnt
|faint|p1a: Ribombee
|-hitcount|p1: Ribombee|3
|-damage|p2a: Meowscarada|11/100|[from] item: Life Orb
|
|upkeep
|
|t:|1743784678
|switch|p1a: Dondozo|Dondozo, M, tera:Normal|12/100 slp
|turn|28
|c|☆pullavoitto|gg
|
|t:|1743784682
|move|p2a: Meowscarada|Flower Trick|p1a: Dondozo
|-crit|p1a: Dondozo
|-damage|p1a: Dondozo|0 fnt
|faint|p1a: Dondozo
|-damage|p2a: Meowscarada|2/100|[from] item: Life Orb
|
|win|pullavoitto
|raw|borrrar's rating: 1156 &rarr; <strong>1133</strong><br />(-23 for losing)
|raw|pullavoitto's rating: 1189 &rarr; <strong>1212</strong><br />(+23 for winning)
|c|☆borrrar|gg
|l|☆borrrar
|player|p1|
|l|☆pullavoitto
|player|p2|
