|j|☆alinare12
|j|☆skarmquaza
|t:|1743826305
|gametype|singles
|player|p1|alinare12|pokemonrangerf-gen4|1123
|player|p2|skarmquaza|ethan|1086
|teamsize|p1|6
|teamsize|p2|6
|gen|9
|tier|[Gen 9] OU
|rated|
|rule|HP Percentage Mod: HP is shown in percentages
|rule|Endless Battle Clause: Forcing endless battles is banned
|rule|Species Clause: Limit one of each Pokémon
|rule|OHKO Clause: OHKO moves are banned
|rule|Evasion Items Clause: Evasion items are banned
|rule|Evasion Moves Clause: Evasion moves are banned
|rule|Sleep Moves Clause: Sleep-inducing moves are banned
|clearpoke
|poke|p1|Garganacl, F|
|poke|p1|Glimmora, F|
|poke|p1|Iron Boulder|
|poke|p1|Tyranitar, M|
|poke|p1|Diancie|
|poke|p1|Ogerpon-Cornerstone, F|
|poke|p2|Wo-Chien|
|poke|p2|Clodsire, F|
|poke|p2|Weavile, M|
|poke|p2|Enamorus, F|
|poke|p2|Cinderace, M|
|poke|p2|Quaquaval, M|
|teampreview
|
|t:|1743826312
|start
|switch|p1a: Glimmora|Glimmora, F|100/100
|switch|p2a: Quaquaval|Quaquaval, M|100/100
|turn|1
|
|t:|1743826328
|move|p2a: Quaquaval|Aqua Step|p1a: Glimmora
|-supereffective|p1a: Glimmora
|-enditem|p1a: Glimmora|Focus Sash
|-damage|p1a: Glimmora|1/100
|-boost|p2a: Quaquaval|spe|1
|-activate|p1a: Glimmora|ability: Toxic Debris
|-sidestart|p2: skarmquaza|move: Toxic Spikes
|move|p1a: Glimmora|Mortal Spin|p2a: Quaquaval
|-damage|p2a: Quaquaval|93/100
|-status|p2a: Quaquaval|psn
|
|-damage|p2a: Quaquaval|81/100 psn|[from] psn
|upkeep
|turn|2
|
|t:|1743826341
|move|p1a: Glimmora|Spiky Shield|p1a: Glimmora
|-singleturn|p1a: Glimmora|move: Protect
|move|p2a: Quaquaval|Rapid Spin|p1a: Glimmora
|-activate|p1a: Glimmora|move: Protect
|-damage|p2a: Quaquaval|69/100 psn|[from] Spiky Shield|[of] p1a: Glimmora
|
|-damage|p2a: Quaquaval|57/100 psn|[from] psn
|upkeep
|turn|3
|
|t:|1743826352
|switch|p1a: Ogerpon|Ogerpon-Cornerstone, F|100/100
|move|p2a: Quaquaval|Aqua Step|p1a: Ogerpon
|-damage|p1a: Ogerpon|51/100
|-boost|p2a: Quaquaval|spe|1
|
|-damage|p2a: Quaquaval|45/100 psn|[from] psn
|upkeep
|turn|4
|
|t:|1743826362
|move|p2a: Quaquaval|Bulk Up|p2a: Quaquaval
|-boost|p2a: Quaquaval|atk|1
|-boost|p2a: Quaquaval|def|1
|move|p1a: Ogerpon|Horn Leech|p2a: Quaquaval
|-supereffective|p2a: Quaquaval
|-damage|p2a: Quaquaval|0 fnt
|-heal|p1a: Ogerpon|74/100|[from] drain|[of] p2a: Quaquaval
|faint|p2a: Quaquaval
|
|upkeep
|
|t:|1743826371
|switch|p2a: Weavile|Weavile, M|100/100
|-status|p2a: Weavile|psn
|-ability|p2a: Weavile|Pressure
|turn|5
|
|t:|1743826385
|switch|p1a: Tyranitar|Tyranitar, M|100/100
|-weather|Sandstorm|[from] ability: Sand Stream|[of] p1a: Tyranitar
|move|p2a: Weavile|Swords Dance|p2a: Weavile
|-boost|p2a: Weavile|atk|2
|
|-weather|Sandstorm|[upkeep]
|-damage|p2a: Weavile|94/100 psn|[from] Sandstorm
|-damage|p2a: Weavile|82/100 psn|[from] psn
|upkeep
|turn|6
|
|t:|1743826391
|move|p2a: Weavile|Triple Axel|p1a: Tyranitar
|-damage|p1a: Tyranitar|83/100
|-damage|p1a: Tyranitar|46/100
|-damage|p1a: Tyranitar|0 fnt
|faint|p1a: Tyranitar
|-hitcount|p1: Tyranitar|3
|-damage|p2a: Weavile|72/100 psn|[from] item: Life Orb
|
|-weather|Sandstorm|[upkeep]
|-damage|p2a: Weavile|66/100 psn|[from] Sandstorm
|-damage|p2a: Weavile|54/100 psn|[from] psn
|upkeep
|
|t:|1743826397
|switch|p1a: Iron Boulder|Iron Boulder|100/100
|-enditem|p1a: Iron Boulder|Booster Energy
|-activate|p1a: Iron Boulder|ability: Quark Drive|[fromitem]
|-start|p1a: Iron Boulder|quarkdrivespe
|turn|7
|
|t:|1743826404
|move|p1a: Iron Boulder|Mighty Cleave|p2a: Weavile
|-supereffective|p2a: Weavile
|-damage|p2a: Weavile|0 fnt
|faint|p2a: Weavile
|
|-weather|Sandstorm|[upkeep]
|upkeep
|
|t:|1743826407
|switch|p2a: Clodsire|Clodsire, F|100/100
|-sideend|p2: skarmquaza|move: Toxic Spikes|[of] p2a: Clodsire
|turn|8
|
|t:|1743826416
|-end|p1a: Iron Boulder|Quark Drive|[silent]
|switch|p1a: Glimmora|Glimmora, F|1/100
|switch|p2a: JAY EAZY|Wo-Chien|100/100
|-ability|p2a: JAY EAZY|Tablets of Ruin
|
|-weather|Sandstorm|[upkeep]
|-damage|p2a: JAY EAZY|94/100|[from] Sandstorm
|-heal|p2a: JAY EAZY|100/100|[from] item: Leftovers
|upkeep
|turn|9
|
|t:|1743826425
|move|p1a: Glimmora|Mortal Spin|p2a: JAY EAZY
|-supereffective|p2a: JAY EAZY
|-damage|p2a: JAY EAZY|92/100
|-status|p2a: JAY EAZY|psn
|move|p2a: JAY EAZY|Leech Seed|p1a: Glimmora
|-start|p1a: Glimmora|move: Leech Seed
|
|-weather|none
|-heal|p2a: JAY EAZY|99/100 psn|[from] item: Leftovers
|-damage|p1a: Glimmora|0 fnt|[from] Leech Seed|[of] p2a: JAY EAZY
|-heal|p2a: JAY EAZY|99/100 psn|[silent]
|faint|p1a: Glimmora
|-damage|p2a: JAY EAZY|87/100 psn|[from] psn
|upkeep
|
|t:|1743826432
|switch|p1a: Garganacl|Garganacl, F|100/100
|turn|10
|
|t:|1743826435
|move|p2a: JAY EAZY|Leech Seed|p1a: Garganacl
|-start|p1a: Garganacl|move: Leech Seed
|move|p1a: Garganacl|Salt Cure|p2a: JAY EAZY
|-damage|p2a: JAY EAZY|76/100 psn
|-start|p2a: JAY EAZY|Salt Cure
|
|-heal|p2a: JAY EAZY|82/100 psn|[from] item: Leftovers
|-damage|p1a: Garganacl|88/100|[from] Leech Seed|[of] p2a: JAY EAZY
|-heal|p2a: JAY EAZY|94/100 psn|[silent]
|-damage|p2a: JAY EAZY|81/100 psn|[from] psn
|-damage|p2a: JAY EAZY|69/100 psn|[from] Salt Cure
|upkeep
|turn|11
|
|t:|1743826447
|switch|p2a: Enamorus|Enamorus, F|100/100
|switch|p1a: Ogerpon|Ogerpon-Cornerstone, F|74/100
|
|upkeep
|turn|12
|
|t:|1743826454
|move|p2a: Enamorus|Superpower|p1a: Ogerpon
|-supereffective|p1a: Ogerpon
|-damage|p1a: Ogerpon|0 fnt
|-boost|p2a: Enamorus|atk|1
|-boost|p2a: Enamorus|def|1
|faint|p1a: Ogerpon
|
|upkeep
|
|t:|1743826458
|switch|p1a: Garganacl|Garganacl, F|88/100
|turn|13
|
|t:|1743826462
|-terastallize|p1a: Garganacl|Ghost
|move|p2a: Enamorus|Superpower|p1a: Garganacl
|-immune|p1a: Garganacl
|move|p1a: Garganacl|Salt Cure|p2a: Enamorus
|-supereffective|p2a: Enamorus
|-damage|p2a: Enamorus|69/100
|-start|p2a: Enamorus|Salt Cure
|
|-heal|p1a: Garganacl|94/100|[from] item: Leftovers
|-damage|p2a: Enamorus|57/100|[from] Salt Cure
|upkeep
|turn|14
|
|t:|1743826472
|switch|p2a: Clodsire|Clodsire, F|100/100
|move|p1a: Garganacl|Salt Cure|p2a: Clodsire
|-resisted|p2a: Clodsire
|-damage|p2a: Clodsire|93/100
|-start|p2a: Clodsire|Salt Cure
|
|-heal|p1a: Garganacl|100/100|[from] item: Leftovers
|-heal|p2a: Clodsire|99/100|[from] item: Black Sludge
|-damage|p2a: Clodsire|87/100|[from] Salt Cure
|upkeep
|turn|15
|
|t:|1743826483
|move|p1a: Garganacl|Body Press|p2a: Clodsire
|-resisted|p2a: Clodsire
|-damage|p2a: Clodsire|71/100
|move|p2a: Clodsire|Toxic Spikes|p1a: Garganacl
|-sidestart|p1: alinare12|move: Toxic Spikes
|
|-heal|p2a: Clodsire|77/100|[from] item: Black Sludge
|-damage|p2a: Clodsire|65/100|[from] Salt Cure
|upkeep
|turn|16
|
|t:|1743826489
|move|p1a: Garganacl|Body Press|p2a: Clodsire
|-resisted|p2a: Clodsire
|-damage|p2a: Clodsire|49/100
|move|p2a: Clodsire|Stealth Rock|p1a: Garganacl
|-sidestart|p1: alinare12|move: Stealth Rock
|
|-heal|p2a: Clodsire|56/100|[from] item: Black Sludge
|-damage|p2a: Clodsire|43/100|[from] Salt Cure
|upkeep
|turn|17
|
|t:|1743826495
|move|p1a: Garganacl|Body Press|p2a: Clodsire
|-resisted|p2a: Clodsire
|-damage|p2a: Clodsire|29/100
|move|p2a: Clodsire|Recover|p2a: Clodsire
|-heal|p2a: Clodsire|79/100
|
|-heal|p2a: Clodsire|85/100|[from] item: Black Sludge
|-damage|p2a: Clodsire|72/100|[from] Salt Cure
|upkeep
|turn|18
|
|t:|1743826500
|move|p1a: Garganacl|Body Press|p2a: Clodsire
|-resisted|p2a: Clodsire
|-damage|p2a: Clodsire|58/100
|move|p2a: Clodsire|Recover|p2a: Clodsire
|-heal|p2a: Clodsire|100/100
|
|-damage|p2a: Clodsire|88/100|[from] Salt Cure
|upkeep
|turn|19
|
|t:|1743826508
|move|p1a: Garganacl|Body Press|p2a: Clodsire
|-resisted|p2a: Clodsire
|-damage|p2a: Clodsire|74/100
|move|p2a: Clodsire|Toxic Spikes|p1a: Garganacl
|-sidestart|p1: alinare12|move: Toxic Spikes
|
|-heal|p2a: Clodsire|80/100|[from] item: Black Sludge
|-damage|p2a: Clodsire|67/100|[from] Salt Cure
|upkeep
|turn|20
|
|t:|1743826515
|move|p1a: Garganacl|Body Press|p2a: Clodsire
|-resisted|p2a: Clodsire
|-damage|p2a: Clodsire|52/100
|move|p2a: Clodsire|Toxic Spikes||[still]
|-fail|p2a: Clodsire
|
|-heal|p2a: Clodsire|58/100|[from] item: Black Sludge
|-damage|p2a: Clodsire|46/100|[from] Salt Cure
|upkeep
|turn|21
|
|t:|1743826520
|move|p1a: Garganacl|Body Press|p2a: Clodsire
|-resisted|p2a: Clodsire
|-damage|p2a: Clodsire|31/100
|move|p2a: Clodsire|Recover|p2a: Clodsire
|-heal|p2a: Clodsire|81/100
|
|-heal|p2a: Clodsire|87/100|[from] item: Black Sludge
|-damage|p2a: Clodsire|74/100|[from] Salt Cure
|upkeep
|turn|22
|
|t:|1743826537
|move|p1a: Garganacl|Body Press|p2a: Clodsire
|-resisted|p2a: Clodsire
|-damage|p2a: Clodsire|58/100
|move|p2a: Clodsire|Recover|p2a: Clodsire
|-heal|p2a: Clodsire|100/100
|
|-damage|p2a: Clodsire|88/100|[from] Salt Cure
|upkeep
|turn|23
|
|t:|1743826549
|move|p1a: Garganacl|Salt Cure|p2a: Clodsire
|-resisted|p2a: Clodsire
|-damage|p2a: Clodsire|80/100
|move|p2a: Clodsire|Earthquake|p1a: Garganacl
|-damage|p1a: Garganacl|81/100
|
|-heal|p1a: Garganacl|87/100|[from] item: Leftovers
|-heal|p2a: Clodsire|86/100|[from] item: Black Sludge
|-damage|p2a: Clodsire|74/100|[from] Salt Cure
|upkeep
|turn|24
|
|t:|1743826561
|switch|p2a: Cinderace|Cinderace, M|100/100
|move|p1a: Garganacl|Salt Cure|p2a: Cinderace
|-supereffective|p2a: Cinderace
|-damage|p2a: Cinderace|59/100
|-start|p2a: Cinderace|Salt Cure
|
|-heal|p1a: Garganacl|93/100|[from] item: Leftovers
|-damage|p2a: Cinderace|46/100|[from] Salt Cure
|upkeep
|turn|25
|
|t:|1743826568
|move|p1a: Garganacl|Protect|p1a: Garganacl
|-singleturn|p1a: Garganacl|Protect
|move|p2a: Cinderace|U-turn|p1a: Garganacl
|-start|p2a: Cinderace|typechange|Bug|[from] ability: Libero
|-activate|p1a: Garganacl|move: Protect
|
|-heal|p1a: Garganacl|99/100|[from] item: Leftovers
|-damage|p2a: Cinderace|34/100|[from] Salt Cure
|upkeep
|turn|26
|
|t:|1743826576
|move|p2a: Cinderace|U-turn|p1a: Garganacl
|-resisted|p1a: Garganacl
|-damage|p1a: Garganacl|86/100
|
|t:|1743826582
|switch|p2a: JAY EAZY|Wo-Chien|69/100 psn|[from] U-turn
|-ability|p2a: JAY EAZY|Tablets of Ruin
|move|p1a: Garganacl|Salt Cure|p2a: JAY EAZY
|-damage|p2a: JAY EAZY|59/100 psn
|-start|p2a: JAY EAZY|Salt Cure
|
|-heal|p2a: JAY EAZY|65/100 psn|[from] item: Leftovers
|-heal|p1a: Garganacl|93/100|[from] item: Leftovers
|-damage|p2a: JAY EAZY|52/100 psn|[from] psn
|-damage|p2a: JAY EAZY|40/100 psn|[from] Salt Cure
|upkeep
|turn|27
|
|t:|1743826593
|move|p1a: Garganacl|Protect|p1a: Garganacl
|-singleturn|p1a: Garganacl|Protect
|move|p2a: JAY EAZY|Leech Seed|p1a: Garganacl
|-activate|p1a: Garganacl|move: Protect
|
|-heal|p2a: JAY EAZY|46/100 psn|[from] item: Leftovers
|-heal|p1a: Garganacl|99/100|[from] item: Leftovers
|-damage|p2a: JAY EAZY|34/100 psn|[from] psn
|-damage|p2a: JAY EAZY|22/100 psn|[from] Salt Cure
|upkeep
|turn|28
|
|t:|1743826617
|switch|p1a: Diancie|Diancie|100/100
|-status|p1a: Diancie|tox
|-damage|p1a: Diancie|88/100 tox|[from] Stealth Rock
|move|p2a: JAY EAZY|Ruination|p1a: Diancie
|-damage|p1a: Diancie|44/100 tox
|
|-heal|p2a: JAY EAZY|28/100 psn|[from] item: Leftovers
|-damage|p2a: JAY EAZY|15/100 psn|[from] psn
|-damage|p1a: Diancie|38/100 tox|[from] psn
|-damage|p2a: JAY EAZY|3/100 psn|[from] Salt Cure
|upkeep
|turn|29
|
|t:|1743826636
|move|p2a: JAY EAZY|Leech Seed|p1a: Diancie
|-start|p1a: Diancie|move: Leech Seed
|move|p1a: Diancie|Sand Tomb|p2a: JAY EAZY|[miss]
|-miss|p1a: Diancie|p2a: JAY EAZY
|
|-heal|p2a: JAY EAZY|9/100 psn|[from] item: Leftovers
|-damage|p1a: Diancie|25/100 tox|[from] Leech Seed|[of] p2a: JAY EAZY
|-heal|p2a: JAY EAZY|19/100 psn|[silent]
|-damage|p2a: JAY EAZY|7/100 psn|[from] psn
|-damage|p1a: Diancie|13/100 tox|[from] psn
|-damage|p2a: JAY EAZY|0 fnt|[from] Salt Cure
|faint|p2a: JAY EAZY
|upkeep
|
|t:|1743826656
|switch|p2a: Enamorus|Enamorus, F|57/100
|turn|30
|
|t:|1743826660
|move|p2a: Enamorus|Play Rough|p1a: Diancie
|-damage|p1a: Diancie|0 fnt
|faint|p1a: Diancie
|
|upkeep
|
|t:|1743826663
|switch|p1a: Garganacl|Garganacl, F, tera:Ghost|99/100
|-damage|p1a: Garganacl|86/100|[from] Stealth Rock
|turn|31
|
|t:|1743826667
|move|p2a: Enamorus|Play Rough|p1a: Garganacl
|-crit|p1a: Garganacl
|-damage|p1a: Garganacl|44/100
|move|p1a: Garganacl|Salt Cure|p2a: Enamorus
|-supereffective|p2a: Enamorus
|-damage|p2a: Enamorus|13/100
|-start|p2a: Enamorus|Salt Cure
|
|-heal|p1a: Garganacl|50/100|[from] item: Leftovers
|-damage|p2a: Enamorus|0 fnt|[from] Salt Cure
|faint|p2a: Enamorus
|upkeep
|
|t:|1743826674
|switch|p2a: Cinderace|Cinderace, M|34/100
|turn|32
|
|t:|1743826680
|move|p1a: Garganacl|Protect|p1a: Garganacl
|-singleturn|p1a: Garganacl|Protect
|move|p2a: Cinderace|Pyro Ball|p1a: Garganacl
|-activate|p1a: Garganacl|move: Protect
|
|-heal|p1a: Garganacl|56/100|[from] item: Leftovers
|upkeep
|turn|33
|
|t:|1743826687
|move|p2a: Cinderace|Pyro Ball|p1a: Garganacl
|-damage|p1a: Garganacl|17/100
|move|p1a: Garganacl|Recover|p1a: Garganacl
|-heal|p1a: Garganacl|67/100
|
|-heal|p1a: Garganacl|73/100|[from] item: Leftovers
|upkeep
|turn|34
|
|t:|1743826694
|move|p1a: Garganacl|Protect|p1a: Garganacl
|-singleturn|p1a: Garganacl|Protect
|move|p2a: Cinderace|Pyro Ball|p1a: Garganacl
|-activate|p1a: Garganacl|move: Protect
|
|-heal|p1a: Garganacl|79/100|[from] item: Leftovers
|upkeep
|turn|35
|
|t:|1743826702
|-terastallize|p2a: Cinderace|Fire
|move|p2a: Cinderace|Pyro Ball|p1a: Garganacl
|-damage|p1a: Garganacl|25/100
|move|p1a: Garganacl|Recover|p1a: Garganacl
|-heal|p1a: Garganacl|75/100
|
|-heal|p1a: Garganacl|81/100|[from] item: Leftovers
|upkeep
|turn|36
|
|t:|1743826718
|move|p1a: Garganacl|Protect|p1a: Garganacl
|-singleturn|p1a: Garganacl|Protect
|move|p2a: Cinderace|Pyro Ball|p1a: Garganacl
|-activate|p1a: Garganacl|move: Protect
|
|-heal|p1a: Garganacl|87/100|[from] item: Leftovers
|upkeep
|turn|37
|
|t:|1743826727
|move|p2a: Cinderace|U-turn|p1a: Garganacl
|-resisted|p1a: Garganacl
|-crit|p1a: Garganacl
|-damage|p1a: Garganacl|75/100
|
|t:|1743826730
|switch|p2a: Clodsire|Clodsire, F|74/100|[from] U-turn
|move|p1a: Garganacl|Recover|p1a: Garganacl
|-heal|p1a: Garganacl|100/100
|
|-heal|p2a: Clodsire|80/100|[from] item: Black Sludge
|upkeep
|turn|38
|
|t:|1743826736
|move|p1a: Garganacl|Salt Cure|p2a: Clodsire
|-resisted|p2a: Clodsire
|-damage|p2a: Clodsire|73/100
|-start|p2a: Clodsire|Salt Cure
|move|p2a: Clodsire|Recover|p2a: Clodsire
|-heal|p2a: Clodsire|100/100
|
|-damage|p2a: Clodsire|88/100|[from] Salt Cure
|upkeep
|turn|39
|
|t:|1743826744
|move|p1a: Garganacl|Body Press|p2a: Clodsire
|-resisted|p2a: Clodsire
|-damage|p2a: Clodsire|73/100
|move|p2a: Clodsire|Earthquake|p1a: Garganacl
|-damage|p1a: Garganacl|81/100
|
|-heal|p1a: Garganacl|87/100|[from] item: Leftovers
|-heal|p2a: Clodsire|79/100|[from] item: Black Sludge
|-damage|p2a: Clodsire|67/100|[from] Salt Cure
|upkeep
|turn|40
|
|t:|1743826753
|move|p1a: Garganacl|Salt Cure|p2a: Clodsire
|-resisted|p2a: Clodsire
|-crit|p2a: Clodsire
|-damage|p2a: Clodsire|56/100
|move|p2a: Clodsire|Earthquake|p1a: Garganacl
|-damage|p1a: Garganacl|70/100
|
|-heal|p1a: Garganacl|77/100|[from] item: Leftovers
|-heal|p2a: Clodsire|62/100|[from] item: Black Sludge
|-damage|p2a: Clodsire|50/100|[from] Salt Cure
|upkeep
|turn|41
|
|t:|1743826759
|move|p1a: Garganacl|Salt Cure|p2a: Clodsire
|-resisted|p2a: Clodsire
|-damage|p2a: Clodsire|43/100
|move|p2a: Clodsire|Recover|p2a: Clodsire
|-heal|p2a: Clodsire|93/100
|
|-heal|p1a: Garganacl|83/100|[from] item: Leftovers
|-heal|p2a: Clodsire|99/100|[from] item: Black Sludge
|-damage|p2a: Clodsire|86/100|[from] Salt Cure
|upkeep
|turn|42
|
|t:|1743826764
|move|p1a: Garganacl|Salt Cure|p2a: Clodsire
|-resisted|p2a: Clodsire
|-damage|p2a: Clodsire|79/100
|move|p2a: Clodsire|Earthquake|p1a: Garganacl
|-damage|p1a: Garganacl|63/100
|
|-heal|p1a: Garganacl|70/100|[from] item: Leftovers
|-heal|p2a: Clodsire|85/100|[from] item: Black Sludge
|-damage|p2a: Clodsire|73/100|[from] Salt Cure
|upkeep
|turn|43
|
|t:|1743826772
|move|p1a: Garganacl|Salt Cure|p2a: Clodsire
|-resisted|p2a: Clodsire
|-damage|p2a: Clodsire|65/100
|move|p2a: Clodsire|Earthquake|p1a: Garganacl
|-damage|p1a: Garganacl|51/100
|
|-heal|p1a: Garganacl|57/100|[from] item: Leftovers
|-heal|p2a: Clodsire|71/100|[from] item: Black Sludge
|-damage|p2a: Clodsire|59/100|[from] Salt Cure
|upkeep
|turn|44
|
|t:|1743826780
|move|p1a: Garganacl|Recover|p1a: Garganacl
|-heal|p1a: Garganacl|100/100
|move|p2a: Clodsire|Earthquake|p1a: Garganacl
|-crit|p1a: Garganacl
|-damage|p1a: Garganacl|71/100
|
|-heal|p1a: Garganacl|77/100|[from] item: Leftovers
|-heal|p2a: Clodsire|65/100|[from] item: Black Sludge
|-damage|p2a: Clodsire|53/100|[from] Salt Cure
|upkeep
|turn|45
|
|t:|1743826787
|move|p1a: Garganacl|Salt Cure|p2a: Clodsire
|-resisted|p2a: Clodsire
|-damage|p2a: Clodsire|44/100
|move|p2a: Clodsire|Recover|p2a: Clodsire
|-heal|p2a: Clodsire|94/100
|
|-heal|p1a: Garganacl|84/100|[from] item: Leftovers
|-heal|p2a: Clodsire|100/100|[from] item: Black Sludge
|-damage|p2a: Clodsire|88/100|[from] Salt Cure
|upkeep
|turn|46
|
|t:|1743826800
|move|p1a: Garganacl|Protect|p1a: Garganacl
|-singleturn|p1a: Garganacl|Protect
|move|p2a: Clodsire|Earthquake|p1a: Garganacl
|-activate|p1a: Garganacl|move: Protect
|
|-heal|p1a: Garganacl|90/100|[from] item: Leftovers
|-heal|p2a: Clodsire|94/100|[from] item: Black Sludge
|-damage|p2a: Clodsire|82/100|[from] Salt Cure
|upkeep
|turn|47
|
|t:|1743826808
|move|p1a: Garganacl|Salt Cure|p2a: Clodsire
|-resisted|p2a: Clodsire
|-damage|p2a: Clodsire|74/100
|move|p2a: Clodsire|Earthquake|p1a: Garganacl
|-damage|p1a: Garganacl|72/100
|
|-heal|p1a: Garganacl|78/100|[from] item: Leftovers
|-heal|p2a: Clodsire|80/100|[from] item: Black Sludge
|-damage|p2a: Clodsire|68/100|[from] Salt Cure
|upkeep
|turn|48
|
|t:|1743826821
|move|p1a: Garganacl|Protect|p1a: Garganacl
|-singleturn|p1a: Garganacl|Protect
|move|p2a: Clodsire|Earthquake|p1a: Garganacl
|-activate|p1a: Garganacl|move: Protect
|
|-heal|p1a: Garganacl|84/100|[from] item: Leftovers
|-heal|p2a: Clodsire|74/100|[from] item: Black Sludge
|-damage|p2a: Clodsire|62/100|[from] Salt Cure
|upkeep
|turn|49
|
|t:|1743826830
|move|p1a: Garganacl|Salt Cure|p2a: Clodsire
|-resisted|p2a: Clodsire
|-damage|p2a: Clodsire|54/100
|move|p2a: Clodsire|Earthquake|p1a: Garganacl
|-damage|p1a: Garganacl|65/100
|
|-heal|p1a: Garganacl|71/100|[from] item: Leftovers
|-heal|p2a: Clodsire|61/100|[from] item: Black Sludge
|-damage|p2a: Clodsire|48/100|[from] Salt Cure
|upkeep
|turn|50
|
|t:|1743826850
|move|p1a: Garganacl|Salt Cure|p2a: Clodsire
|-resisted|p2a: Clodsire
|-crit|p2a: Clodsire
|-damage|p2a: Clodsire|37/100
|move|p2a: Clodsire|Recover|p2a: Clodsire
|-heal|p2a: Clodsire|87/100
|
|-heal|p1a: Garganacl|77/100|[from] item: Leftovers
|-heal|p2a: Clodsire|93/100|[from] item: Black Sludge
|-damage|p2a: Clodsire|81/100|[from] Salt Cure
|upkeep
|turn|51
|
|t:|1743826860
|move|p1a: Garganacl|Body Press|p2a: Clodsire
|-resisted|p2a: Clodsire
|-damage|p2a: Clodsire|66/100
|move|p2a: Clodsire|Earthquake|p1a: Garganacl
|-damage|p1a: Garganacl|59/100
|
|-heal|p1a: Garganacl|65/100|[from] item: Leftovers
|-heal|p2a: Clodsire|72/100|[from] item: Black Sludge
|-damage|p2a: Clodsire|60/100|[from] Salt Cure
|upkeep
|turn|52
|
|t:|1743826868
|move|p1a: Garganacl|Recover|p1a: Garganacl
|-heal|p1a: Garganacl|100/100
|move|p2a: Clodsire|Earthquake|p1a: Garganacl
|-damage|p1a: Garganacl|81/100
|
|-heal|p1a: Garganacl|87/100|[from] item: Leftovers
|-heal|p2a: Clodsire|66/100|[from] item: Black Sludge
|-damage|p2a: Clodsire|53/100|[from] Salt Cure
|upkeep
|turn|53
|
|t:|1743826871
|move|p1a: Garganacl|Protect|p1a: Garganacl
|-singleturn|p1a: Garganacl|Protect
|move|p2a: Clodsire|Earthquake|p1a: Garganacl
|-activate|p1a: Garganacl|move: Protect
|
|-heal|p1a: Garganacl|93/100|[from] item: Leftovers
|-heal|p2a: Clodsire|60/100|[from] item: Black Sludge
|-damage|p2a: Clodsire|47/100|[from] Salt Cure
|upkeep
|turn|54
|
|t:|1743826877
|move|p1a: Garganacl|Body Press|p2a: Clodsire
|-resisted|p2a: Clodsire
|-damage|p2a: Clodsire|31/100
|move|p2a: Clodsire|Earthquake|p1a: Garganacl
|-damage|p1a: Garganacl|76/100
|
|-heal|p1a: Garganacl|82/100|[from] item: Leftovers
|-heal|p2a: Clodsire|38/100|[from] item: Black Sludge
|-damage|p2a: Clodsire|25/100|[from] Salt Cure
|upkeep
|turn|55
|
|t:|1743826892
|move|p1a: Garganacl|Recover|p1a: Garganacl
|-heal|p1a: Garganacl|100/100
|move|p2a: Clodsire|Earthquake|p1a: Garganacl
|-crit|p1a: Garganacl
|-damage|p1a: Garganacl|71/100
|
|-heal|p1a: Garganacl|77/100|[from] item: Leftovers
|-heal|p2a: Clodsire|31/100|[from] item: Black Sludge
|-damage|p2a: Clodsire|19/100|[from] Salt Cure
|upkeep
|turn|56
|
|t:|1743826901
|switch|p2a: Cinderace|Cinderace, M, tera:Fire|34/100
|move|p1a: Garganacl|Salt Cure|p2a: Cinderace
|-supereffective|p2a: Cinderace
|-damage|p2a: Cinderace|0 fnt
|faint|p2a: Cinderace
|
|-heal|p1a: Garganacl|84/100|[from] item: Leftovers
|upkeep
|-message|skarmquaza forfeited.
|
|win|alinare12
|raw|alinare12's rating: 1103 &rarr; <strong>1127</strong><br />(+24 for winning)
|raw|skarmquaza's rating: 1086 &rarr; <strong>1064</strong><br />(-22 for losing)
|l|☆skarmquaza
|player|p2|
|l|☆alinare12
|player|p1|
