|j|☆uniandes5
|j|☆rrbrru
|t:|1743912900
|gametype|singles
|player|p1|uniandes5|1|1407
|player|p2|rrbrru|roxie|1453
|teamsize|p1|6
|teamsize|p2|6
|gen|9
|tier|[Gen 9] OU
|rated|
|rule|HP Percentage Mod: HP is shown in percentages
|rule|Endless Battle Clause: Forcing endless battles is banned
|rule|Species Clause: Limit one of each Pokémon
|rule|OHKO Clause: OHKO moves are banned
|rule|Evasion Items Clause: Evasion items are banned
|rule|Evasion Moves Clause: Evasion moves are banned
|rule|Sleep Moves Clause: Sleep-inducing moves are banned
|clearpoke
|poke|p1|Torkoal, F|
|poke|p1|Hatterene, F|
|poke|p1|Walking Wake|
|poke|p1|Great Tusk|
|poke|p1|Charizard, F|
|poke|p1|Dragapult, F|
|poke|p2|Alomomola, M|
|poke|p2|Iron Valiant|
|poke|p2|Iron Treads|
|poke|p2|Kingambit, F|
|poke|p2|Primarina, F|
|poke|p2|Toucannon, M|
|teampreview
|
|t:|1743912930
|start
|switch|p1a: Torkoal|Torkoal, F|100/100
|switch|p2a: Primarina|Primarina, F|100/100
|-weather|SunnyDay|[from] ability: Drought|[of] p1a: Torkoal
|turn|1
|inactive|Battle timer is ON: inactive players will automatically lose when time's up. (requested by uniandes5)
|
|t:|1743912938
|move|p2a: Primarina|Psychic Noise|p1a: Torkoal
|-supereffective|p1a: Torkoal
|-damage|p1a: Torkoal|49/100
|-start|p1a: Torkoal|move: Heal Block
|move|p1a: Torkoal|Stealth Rock|p2a: Primarina
|-sidestart|p2: rrbrru|move: Stealth Rock
|
|-weather|SunnyDay|[upkeep]
|upkeep
|turn|2
|
|t:|1743912944
|switch|p1a: Hatterene|Hatterene, F|100/100
|move|p2a: Primarina|Flip Turn|p1a: Hatterene
|-damage|p1a: Hatterene|95/100
|-enditem|p1a: Hatterene|Eject Button
|
|t:|1743912953
|switch|p1a: StallMelter9000|Charizard, F|100/100
|
|-weather|SunnyDay|[upkeep]
|-damage|p1a: StallMelter9000|88/100|[from] ability: Solar Power|[of] p1a: StallMelter9000
|upkeep
|turn|3
|
|t:|1743912963
|move|p1a: StallMelter9000|Overheat|p2a: Primarina
|-resisted|p2a: Primarina
|-damage|p2a: Primarina|42/100
|-unboost|p1a: StallMelter9000|spa|2
|move|p2a: Primarina|Psychic Noise|p1a: StallMelter9000
|-supereffective|p1a: StallMelter9000
|-damage|p1a: StallMelter9000|33/100
|-start|p1a: StallMelter9000|move: Heal Block
|
|-weather|SunnyDay|[upkeep]
|-damage|p1a: StallMelter9000|21/100|[from] ability: Solar Power|[of] p1a: StallMelter9000
|upkeep
|turn|4
|
|t:|1743912972
|switch|p1a: Hatterene|Hatterene, F|95/100
|move|p2a: Primarina|Flip Turn|p1a: Hatterene
|-damage|p1a: Hatterene|89/100
|
|t:|1743912991
|switch|p2a: Iron Treads|Iron Treads|100/100|[from] Flip Turn
|-damage|p2a: Iron Treads|98/100|[from] Stealth Rock
|-item|p2a: Iron Treads|Air Balloon
|
|-weather|SunnyDay|[upkeep]
|upkeep
|turn|5
|
|t:|1743912995
|switch|p1a: Walking Wake|Walking Wake|100/100
|-activate|p1a: Walking Wake|ability: Protosynthesis
|-start|p1a: Walking Wake|protosynthesisspe
|move|p2a: Iron Treads|Rapid Spin|p1a: Walking Wake
|-damage|p1a: Walking Wake|84/100
|-boost|p2a: Iron Treads|spe|1
|-sideend|p2: rrbrru|Stealth Rock|[from] move: Rapid Spin|[of] p2a: Iron Treads
|
|-weather|SunnyDay|[upkeep]
|upkeep
|turn|6
|
|t:|1743913004
|-end|p2a: Iron Treads|Quark Drive|[silent]
|switch|p2a: Primarina|Primarina, F|42/100
|move|p1a: Walking Wake|Hydro Steam|p2a: Primarina
|-resisted|p2a: Primarina
|-damage|p2a: Primarina|23/100
|
|-weather|SunnyDay|[upkeep]
|upkeep
|turn|7
|
|t:|1743913011
|move|p1a: Walking Wake|Hydro Steam|p2a: Primarina
|-resisted|p2a: Primarina
|-damage|p2a: Primarina|4/100
|move|p2a: Primarina|Flip Turn|p1a: Walking Wake
|-resisted|p1a: Walking Wake
|-damage|p1a: Walking Wake|82/100
|
|t:|1743913013
|switch|p2a: Alomomola|Alomomola, M|100/100|[from] Flip Turn
|
|-weather|SunnyDay|[upkeep]
|upkeep
|turn|8
|
|t:|1743913016
|move|p1a: Walking Wake|Knock Off|p2a: Alomomola
|-crit|p2a: Alomomola
|-damage|p2a: Alomomola|84/100
|-damage|p1a: Walking Wake|66/100|[from] item: Rocky Helmet|[of] p2a: Alomomola
|-enditem|p2a: Alomomola|Rocky Helmet|[from] move: Knock Off|[of] p1a: Walking Wake
|move|p2a: Alomomola|Wish|p2a: Alomomola
|
|-weather|none
|-end|p1a: Walking Wake|Protosynthesis
|upkeep
|turn|9
|
|t:|1743913042
|move|p1a: Walking Wake|Draco Meteor|p2a: Alomomola
|-damage|p2a: Alomomola|30/100
|-unboost|p1a: Walking Wake|spa|2
|move|p2a: Alomomola|Flip Turn|p1a: Walking Wake
|-resisted|p1a: Walking Wake
|-damage|p1a: Walking Wake|61/100
|
|t:|1743913053
|switch|p2a: Primarina|Primarina, F|4/100|[from] Flip Turn
|
|-heal|p2a: Primarina|78/100|[from] move: Wish|[wisher] Alomomola
|upkeep
|turn|10
|
|t:|1743913057
|-end|p1a: Walking Wake|Protosynthesis|[silent]
|switch|p1a: Torkoal|Torkoal, F|49/100
|-weather|SunnyDay|[from] ability: Drought|[of] p1a: Torkoal
|move|p2a: Primarina|Moonblast|p1a: Torkoal
|-resisted|p1a: Torkoal
|-damage|p1a: Torkoal|17/100
|
|-weather|SunnyDay|[upkeep]
|upkeep
|turn|11
|
|t:|1743913068
|switch|p1a: Hatterene|Hatterene, F|89/100
|move|p2a: Primarina|Psychic Noise|p1a: Hatterene
|-damage|p1a: Hatterene|66/100
|-start|p1a: Hatterene|move: Heal Block
|
|-weather|SunnyDay|[upkeep]
|upkeep
|turn|12
|
|t:|1743913092
|move|p2a: Primarina|Moonblast|p1a: Hatterene
|-damage|p1a: Hatterene|11/100
|move|p1a: Hatterene|Nuzzle|p2a: Primarina
|-supereffective|p2a: Primarina
|-damage|p2a: Primarina|66/100
|-status|p2a: Primarina|par
|
|-weather|SunnyDay|[upkeep]
|-end|p1a: Hatterene|move: Heal Block
|upkeep
|turn|13
|
|t:|1743913097
|move|p1a: Hatterene|Healing Wish|p1a: Hatterene
|faint|p1a: Hatterene
|move|p2a: Primarina|Moonblast|p1: Hatterene|[notarget]
|-fail|p2a: Primarina
|
|-weather|SunnyDay|[upkeep]
|upkeep
|
|t:|1743913102
|switch|p1a: Great Tusk|Great Tusk|100/100
|-activate|p1a: Great Tusk|ability: Protosynthesis
|-start|p1a: Great Tusk|protosynthesisatk
|turn|14
|
|t:|1743913110
|switch|p2a: Alomomola|Alomomola, M|63/100
|move|p1a: Great Tusk|Headlong Rush|p2a: Alomomola
|-damage|p2a: Alomomola|15/100
|-unboost|p1a: Great Tusk|def|1
|-unboost|p1a: Great Tusk|spd|1
|-enditem|p1a: Great Tusk|Eject Pack
|
|t:|1743913117
|-end|p1a: Great Tusk|Protosynthesis|[silent]
|switch|p1a: StallMelter9000|Charizard, F|21/100
|-heal|p1a: StallMelter9000|100/100|[from] move: Healing Wish
|
|-weather|SunnyDay|[upkeep]
|-damage|p1a: StallMelter9000|88/100|[from] ability: Solar Power|[of] p1a: StallMelter9000
|upkeep
|turn|15
|
|t:|1743913134
|switch|p2a: Primarina|Primarina, F|66/100 par
|move|p1a: StallMelter9000|Flamethrower|p2a: Primarina
|-resisted|p2a: Primarina
|-damage|p2a: Primarina|26/100 par
|
|-weather|SunnyDay|[upkeep]
|-damage|p1a: StallMelter9000|76/100|[from] ability: Solar Power|[of] p1a: StallMelter9000
|upkeep
|turn|16
|
|t:|1743913137
|move|p1a: StallMelter9000|Flamethrower|p2a: Primarina
|-resisted|p2a: Primarina
|-damage|p2a: Primarina|0 fnt
|faint|p2a: Primarina
|
|-weather|SunnyDay|[upkeep]
|-damage|p1a: StallMelter9000|63/100|[from] ability: Solar Power|[of] p1a: StallMelter9000
|upkeep
|
|t:|1743913140
|switch|p2a: Toucannon|Toucannon, M|100/100
|turn|17
|
|t:|1743913143
|move|p1a: StallMelter9000|Flamethrower|p2a: Toucannon
|-damage|p2a: Toucannon|0 fnt
|faint|p2a: Toucannon
|
|-weather|none
|upkeep
|
|t:|1743913153
|switch|p2a: Iron Valiant|Iron Valiant|100/100
|-enditem|p2a: Iron Valiant|Booster Energy
|-activate|p2a: Iron Valiant|ability: Quark Drive|[fromitem]
|-start|p2a: Iron Valiant|quarkdrivespe
|turn|18
|
|t:|1743913156
|move|p2a: Iron Valiant|Knock Off|p1a: StallMelter9000
|-damage|p1a: StallMelter9000|16/100
|-enditem|p1a: StallMelter9000|Choice Specs|[from] move: Knock Off|[of] p2a: Iron Valiant
|move|p1a: StallMelter9000|Flamethrower|p2a: Iron Valiant
|-damage|p2a: Iron Valiant|27/100
|
|upkeep
|turn|19
|
|t:|1743913161
|switch|p1a: Torkoal|Torkoal, F|17/100
|-weather|SunnyDay|[from] ability: Drought|[of] p1a: Torkoal
|move|p2a: Iron Valiant|Knock Off|p1a: Torkoal
|-damage|p1a: Torkoal|0 fnt
|-enditem|p1a: Torkoal|Heat Rock|[from] move: Knock Off|[of] p2a: Iron Valiant
|faint|p1a: Torkoal
|
|-weather|SunnyDay|[upkeep]
|upkeep
|
|t:|1743913171
|switch|p1a: Walking Wake|Walking Wake|61/100
|-activate|p1a: Walking Wake|ability: Protosynthesis
|-start|p1a: Walking Wake|protosynthesisspe
|turn|20
|
|t:|1743913174
|move|p2a: Iron Valiant|Close Combat|p1a: Walking Wake
|-damage|p1a: Walking Wake|0 fnt
|-unboost|p2a: Iron Valiant|def|1
|-unboost|p2a: Iron Valiant|spd|1
|faint|p1a: Walking Wake
|-end|p1a: Walking Wake|Protosynthesis|[silent]
|
|-weather|SunnyDay|[upkeep]
|upkeep
|
|t:|1743913183
|switch|p1a: Dragapult|Dragapult, F|100/100
|turn|21
|
|t:|1743913187
|move|p2a: Iron Valiant|Knock Off|p1a: Dragapult
|-supereffective|p1a: Dragapult
|-enditem|p1a: Dragapult|Focus Sash
|-damage|p1a: Dragapult|1/100
|move|p1a: Dragapult|Thunderbolt|p2a: Iron Valiant
|-damage|p2a: Iron Valiant|0 fnt
|faint|p2a: Iron Valiant
|-end|p2a: Iron Valiant|Quark Drive|[silent]
|
|-weather|SunnyDay|[upkeep]
|upkeep
|
|t:|1743913194
|switch|p2a: Iron Treads|Iron Treads|98/100
|-item|p2a: Iron Treads|Air Balloon
|turn|22
|
|t:|1743913200
|-end|p2a: Iron Treads|Quark Drive|[silent]
|switch|p2a: Alomomola|Alomomola, M|48/100
|move|p1a: Dragapult|Will-O-Wisp|p2a: Alomomola
|-status|p2a: Alomomola|brn
|
|-weather|SunnyDay|[upkeep]
|-damage|p2a: Alomomola|42/100 brn|[from] brn
|upkeep
|turn|23
|
|t:|1743913204
|move|p1a: Dragapult|Dragon Darts|p2a: Alomomola
|-damage|p2a: Alomomola|25/100 brn
|-anim|p1a: Dragapult|Dragon Darts|p2a: Alomomola
|-damage|p2a: Alomomola|8/100 brn
|move|p2a: Alomomola|Scald|p1a: Dragapult
|-resisted|p1a: Dragapult
|-damage|p1a: Dragapult|0 fnt
|faint|p1a: Dragapult
|
|-weather|SunnyDay|[upkeep]
|-damage|p2a: Alomomola|2/100 brn|[from] brn
|upkeep
|
|t:|1743913212
|switch|p1a: Great Tusk|Great Tusk|100/100
|-activate|p1a: Great Tusk|ability: Protosynthesis
|-start|p1a: Great Tusk|protosynthesisatk
|turn|24
|
|t:|1743913215
|move|p1a: Great Tusk|Rapid Spin|p2a: Alomomola
|-damage|p2a: Alomomola|0 fnt
|-boost|p1a: Great Tusk|spe|1
|faint|p2a: Alomomola
|
|-weather|SunnyDay|[upkeep]
|upkeep
|
|t:|1743913217
|switch|p2a: Iron Treads|Iron Treads|98/100
|-item|p2a: Iron Treads|Air Balloon
|turn|25
|
|t:|1743913222
|-terastallize|p2a: Iron Treads|Flying
|move|p1a: Great Tusk|Close Combat|p2a: Iron Treads
|-resisted|p2a: Iron Treads
|-damage|p2a: Iron Treads|62/100
|-unboost|p1a: Great Tusk|def|1
|-unboost|p1a: Great Tusk|spd|1
|-enditem|p2a: Iron Treads|Air Balloon
|move|p2a: Iron Treads|Rapid Spin|p1a: Great Tusk
|-damage|p1a: Great Tusk|85/100
|-boost|p2a: Iron Treads|spe|1
|
|-weather|SunnyDay|[upkeep]
|upkeep
|turn|26
|
|t:|1743913228
|-end|p1a: Great Tusk|Protosynthesis|[silent]
|switch|p1a: StallMelter9000|Charizard, F|16/100
|move|p2a: Iron Treads|Ice Spinner|p1a: StallMelter9000
|-damage|p1a: StallMelter9000|0 fnt
|faint|p1a: StallMelter9000
|
|-weather|none
|upkeep
|
|t:|1743913233
|switch|p1a: Great Tusk|Great Tusk|85/100
|turn|27
|
|t:|1743913243
|-terastallize|p1a: Great Tusk|Fairy
|move|p2a: Iron Treads|Earthquake|p1a: Great Tusk
|-damage|p1a: Great Tusk|51/100
|move|p1a: Great Tusk|Rapid Spin|p2a: Iron Treads
|-crit|p2a: Iron Treads
|-damage|p2a: Iron Treads|37/100
|-boost|p1a: Great Tusk|spe|1
|
|upkeep
|turn|28
|
|t:|1743913248
|move|p2a: Iron Treads|Earthquake|p1a: Great Tusk
|-damage|p1a: Great Tusk|21/100
|move|p1a: Great Tusk|Rapid Spin|p2a: Iron Treads
|-damage|p2a: Iron Treads|23/100
|-boost|p1a: Great Tusk|spe|1
|
|upkeep
|turn|29
|
|t:|1743913253
|move|p1a: Great Tusk|Knock Off|p2a: Iron Treads
|-damage|p2a: Iron Treads|1/100
|move|p2a: Iron Treads|Earthquake|p1a: Great Tusk
|-damage|p1a: Great Tusk|0 fnt
|faint|p1a: Great Tusk
|-end|p1a: Great Tusk|Protosynthesis|[silent]
|
|win|rrbrru
|raw|uniandes5's rating: 1407 &rarr; <strong>1391</strong><br />(-16 for losing)
|raw|rrbrru's rating: 1472 &rarr; <strong>1488</strong><br />(+16 for winning)
|l|☆uniandes5
|player|p1|
|l|☆rrbrru
|player|p2|
