|j|☆blueisnoob
|j|☆Lilacq
|t:|1743813092
|gametype|singles
|player|p1|blueisnoob|101|1567
|player|p2|Lilacq|guitarist|1489
|teamsize|p1|6
|teamsize|p2|6
|gen|9
|tier|[Gen 9] OU
|rated|
|rule|HP Percentage Mod: HP is shown in percentages
|rule|Endless Battle Clause: Forcing endless battles is banned
|rule|Species Clause: Limit one of each Pokémon
|rule|OHKO Clause: OHKO moves are banned
|rule|Evasion Items Clause: Evasion items are banned
|rule|Evasion Moves Clause: Evasion moves are banned
|rule|Sleep Moves Clause: Sleep-inducing moves are banned
|clearpoke
|poke|p1|Garchomp, F|
|poke|p1|Iron Treads|
|poke|p1|Zamazenta-*|
|poke|p1|Darkrai|
|poke|p1|Gholdengo|
|poke|p1|Primarina, M|
|poke|p2|Glimmora, F|
|poke|p2|Dragapult, F|
|poke|p2|Gholdengo|
|poke|p2|Great Tusk|
|poke|p2|Weavile, M|
|poke|p2|Conkeldurr, M|
|teampreview
|inactive|Battle timer is ON: inactive players will automatically lose when time's up. (requested by Lilacq)
|
|t:|1743813101
|start
|switch|p1a: fanum tax|Garchomp, F|100/100
|switch|p2a: Dragapult|Dragapult, F|100/100
|turn|1
|
|t:|1743813120
|-terastallize|p1a: fanum tax|Fire
|move|p2a: Dragapult|Draco Meteor|p1a: fanum tax
|-damage|p1a: fanum tax|37/100
|-unboost|p2a: Dragapult|spa|2
|move|p1a: fanum tax|Scale Shot|p2a: Dragapult|[miss]
|-miss|p1a: fanum tax|p2a: Dragapult
|
|upkeep
|turn|2
|
|t:|1743813127
|move|p2a: Dragapult|Thunder Wave|p1a: fanum tax
|-status|p1a: fanum tax|par
|move|p1a: fanum tax|Earthquake|p2a: Dragapult
|-damage|p2a: Dragapult|34/100
|
|upkeep
|turn|3
|
|t:|1743813129
|move|p2a: Dragapult|Hex|p1a: fanum tax
|-damage|p1a: fanum tax|5/100 par
|move|p1a: fanum tax|Scale Shot|p2a: Dragapult
|-supereffective|p2a: Dragapult
|-damage|p2a: Dragapult|0 fnt
|faint|p2a: Dragapult
|-hitcount|p2: Dragapult|1
|-unboost|p1a: fanum tax|def|1
|-boost|p1a: fanum tax|spe|1
|
|upkeep
|
|t:|1743813148
|switch|p2a: Conkeldurr|Conkeldurr, M|100/100
|turn|4
|
|t:|1743813151
|move|p2a: Conkeldurr|Mach Punch|p1a: fanum tax
|-damage|p1a: fanum tax|0 fnt
|-damage|p2a: Conkeldurr|88/100|[from] ability: Rough Skin|[of] p1a: fanum tax
|faint|p1a: fanum tax
|
|-status|p2a: Conkeldurr|brn|[from] item: Flame Orb
|upkeep
|
|t:|1743813155
|switch|p1a: level 1 gyatt|Primarina, M|100/100
|turn|5
|
|t:|1743813161
|-terastallize|p2a: Conkeldurr|Steel
|move|p1a: level 1 gyatt|Surf|p2a: Conkeldurr
|-damage|p2a: Conkeldurr|37/100 brn
|move|p2a: Conkeldurr|Knock Off|p1a: level 1 gyatt
|-resisted|p1a: level 1 gyatt
|-damage|p1a: level 1 gyatt|63/100
|-enditem|p1a: level 1 gyatt|Leftovers|[from] move: Knock Off|[of] p2a: Conkeldurr
|
|-damage|p2a: Conkeldurr|31/100 brn|[from] brn
|upkeep
|turn|6
|
|t:|1743813168
|switch|p2a: Gholdengo|Gholdengo|100/100
|-item|p2a: Gholdengo|Air Balloon
|move|p1a: level 1 gyatt|Surf|p2a: Gholdengo
|-damage|p2a: Gholdengo|50/100
|-enditem|p2a: Gholdengo|Air Balloon
|
|upkeep
|turn|7
|
|t:|1743813170
|move|p2a: Gholdengo|Make It Rain|p1a: level 1 gyatt
|-damage|p1a: level 1 gyatt|11/100
|-unboost|p2a: Gholdengo|spa|1
|move|p1a: level 1 gyatt|Surf|p2a: Gholdengo
|-damage|p2a: Gholdengo|0 fnt
|faint|p2a: Gholdengo
|
|upkeep
|
|t:|1743813175
|switch|p2a: Conkeldurr|Conkeldurr, M, tera:Steel|31/100 brn
|turn|8
|
|t:|1743813179
|switch|p1a: baby gronk|Gholdengo|100/100
|-item|p1a: baby gronk|Air Balloon
|move|p2a: Conkeldurr|Mach Punch|p1a: baby gronk
|-immune|p1a: baby gronk
|
|-damage|p2a: Conkeldurr|25/100 brn|[from] brn
|upkeep
|turn|9
|
|t:|1743813182
|move|p1a: baby gronk|Shadow Ball|p2a: Conkeldurr
|-damage|p2a: Conkeldurr|0 fnt
|faint|p2a: Conkeldurr
|
|upkeep
|
|t:|1743813184
|switch|p2a: Glimmora|Glimmora, F|100/100
|turn|10
|
|t:|1743813188
|move|p2a: Glimmora|Stealth Rock|p1a: baby gronk
|-sidestart|p1: blueisnoob|move: Stealth Rock
|move|p1a: baby gronk|Nasty Plot|p1a: baby gronk
|-boost|p1a: baby gronk|spa|2
|
|upkeep
|turn|11
|
|t:|1743813192
|move|p2a: Glimmora|Power Gem|p1a: baby gronk
|-resisted|p1a: baby gronk
|-damage|p1a: baby gronk|81/100
|-enditem|p1a: baby gronk|Air Balloon
|move|p1a: baby gronk|Shadow Ball|p2a: Glimmora
|-damage|p2a: Glimmora|9/100
|
|upkeep
|turn|12
|
|t:|1743813195
|move|p2a: Glimmora|Power Gem|p1a: baby gronk
|-resisted|p1a: baby gronk
|-damage|p1a: baby gronk|62/100
|move|p1a: baby gronk|Recover|p1a: baby gronk
|-heal|p1a: baby gronk|100/100
|
|upkeep
|turn|13
|
|t:|1743813198
|move|p2a: Glimmora|Power Gem|p1a: baby gronk
|-resisted|p1a: baby gronk
|-damage|p1a: baby gronk|80/100
|move|p1a: baby gronk|Nasty Plot|p1a: baby gronk
|-boost|p1a: baby gronk|spa|2
|
|upkeep
|turn|14
|-message|Lilacq forfeited.
|
|win|blueisnoob
|raw|blueisnoob's rating: 1567 &rarr; <strong>1583</strong><br />(+16 for winning)
|raw|Lilacq's rating: 1489 &rarr; <strong>1473</strong><br />(-16 for losing)
|l|☆Lilacq
|player|p2|
|l|☆blueisnoob
|player|p1|
