|j|☆Excadrillings
|j|☆Titanosaurus
|t:|1743859191
|gametype|singles
|player|p1|Excadrillings|burglar|1385
|player|p2|Titanosaurus|byron|1342
|teamsize|p1|6
|teamsize|p2|6
|gen|9
|tier|[Gen 9] OU
|rated|
|rule|HP Percentage Mod: HP is shown in percentages
|rule|Endless Battle Clause: Forcing endless battles is banned
|rule|Species Clause: Limit one of each Pokémon
|rule|OHKO Clause: OHKO moves are banned
|rule|Evasion Items Clause: Evasion items are banned
|rule|Evasion Moves Clause: Evasion moves are banned
|rule|Sleep Moves Clause: Sleep-inducing moves are banned
|clearpoke
|poke|p1|Scizor, M|
|poke|p1|Iron Valiant|
|poke|p1|Kyurem|
|poke|p1|Ting-Lu|
|poke|p1|Gholdengo|
|poke|p1|Deoxys-Speed|
|poke|p2|Samurott-Hisui, M|
|poke|p2|Galvantula, F|
|poke|p2|Sinistcha-Masterpiece|
|poke|p2|Thundurus-Therian, M|
|poke|p2|Deoxys-Defense|
|poke|p2|Great Tusk|
|teampreview
|inactive|Battle timer is ON: inactive players will automatically lose when time's up. (requested by Titanosaurus)
|
|t:|1743859217
|start
|switch|p1a: Deoxys|Deoxys-Speed|100/100
|switch|p2a: Galvantula|Galvantula, F|100/100
|-ability|p1a: Deoxys|Pressure
|turn|1
|inactive|Titanosaurus has 120 seconds left.
|
|t:|1743859248
|move|p1a: Deoxys|Taunt|p2a: Galvantula
|-start|p2a: Galvantula|move: Taunt
|move|p2a: Galvantula|Bug Buzz|p1a: Deoxys
|-supereffective|p1a: Deoxys
|-damage|p1a: Deoxys|6/100
|-enditem|p1a: Deoxys|Red Card|[of] p2a: Galvantula
|drag|p2a: Great Tusk|Great Tusk|100/100
|
|upkeep
|turn|2
|
|t:|1743859252
|-end|p2a: Great Tusk|Protosynthesis|[silent]
|switch|p2a: Deoxys|Deoxys-Defense|100/100
|-ability|p2a: Deoxys|Pressure
|move|p1a: Deoxys|Psycho Boost|p2a: Deoxys
|-resisted|p2a: Deoxys
|-damage|p2a: Deoxys|84/100
|-unboost|p1a: Deoxys|spa|2
|
|-heal|p2a: Deoxys|90/100|[from] item: Leftovers
|upkeep
|turn|3
|
|t:|1743859261
|move|p1a: Deoxys|Stealth Rock|p2a: Deoxys
|-sidestart|p2: Titanosaurus|move: Stealth Rock
|move|p2a: Deoxys|Knock Off|p1a: Deoxys
|-supereffective|p1a: Deoxys
|-damage|p1a: Deoxys|0 fnt
|faint|p1a: Deoxys
|
|-heal|p2a: Deoxys|97/100|[from] item: Leftovers
|upkeep
|
|t:|1743859265
|switch|p1a: Ting-Lu|Ting-Lu|100/100
|-ability|p1a: Ting-Lu|Vessel of Ruin
|turn|4
|
|t:|1743859270
|move|p2a: Deoxys|Knock Off|p1a: Ting-Lu
|-resisted|p1a: Ting-Lu
|-damage|p1a: Ting-Lu|96/100
|-damage|p2a: Deoxys|80/100|[from] item: Rocky Helmet|[of] p1a: Ting-Lu
|-enditem|p1a: Ting-Lu|Rocky Helmet|[from] move: Knock Off|[of] p2a: Deoxys
|move|p1a: Ting-Lu|Taunt|p2a: Deoxys
|-start|p2a: Deoxys|move: Taunt
|
|-heal|p2a: Deoxys|86/100|[from] item: Leftovers
|upkeep
|turn|5
|
|t:|1743859275
|switch|p2a: Great Tusk|Great Tusk|100/100
|move|p1a: Ting-Lu|Spikes|p2a: Great Tusk
|-sidestart|p2: Titanosaurus|Spikes
|
|upkeep
|turn|6
|
|t:|1743859279
|switch|p1a: Gholdengo|Gholdengo|100/100
|-item|p1a: Gholdengo|Air Balloon
|move|p2a: Great Tusk|Knock Off|p1a: Gholdengo
|-supereffective|p1a: Gholdengo
|-damage|p1a: Gholdengo|47/100
|-enditem|p1a: Gholdengo|Air Balloon
|
|upkeep
|turn|7
|
|t:|1743859287
|move|p1a: Gholdengo|Make It Rain|p2a: Great Tusk
|-damage|p2a: Great Tusk|12/100
|-unboost|p1a: Gholdengo|spa|1
|move|p2a: Great Tusk|Earthquake|p1a: Gholdengo
|-supereffective|p1a: Gholdengo
|-crit|p1a: Gholdengo
|-damage|p1a: Gholdengo|0 fnt
|faint|p1a: Gholdengo
|
|upkeep
|
|t:|1743859291
|switch|p1a: Scizor|Scizor, M|100/100
|turn|8
|
|t:|1743859298
|-end|p2a: Great Tusk|Protosynthesis|[silent]
|switch|p2a: Sinistcha|Sinistcha-Masterpiece|100/100
|-damage|p2a: Sinistcha|88/100|[from] Stealth Rock
|-damage|p2a: Sinistcha|76/100|[from] Spikes
|move|p1a: Scizor|Bullet Punch|p2a: Sinistcha
|-damage|p2a: Sinistcha|52/100
|
|-heal|p2a: Sinistcha|58/100|[from] item: Leftovers
|upkeep
|turn|9
|
|t:|1743859306
|move|p1a: Scizor|Knock Off|p2a: Sinistcha
|-supereffective|p2a: Sinistcha
|-damage|p2a: Sinistcha|11/100
|-enditem|p2a: Sinistcha|Leftovers|[from] move: Knock Off|[of] p1a: Scizor
|move|p2a: Sinistcha|Strength Sap|p1a: Scizor
|-fail|p1a: Scizor|unboost|[from] item: Clear Amulet|[of] p1a: Scizor
|-heal|p2a: Sinistcha|100/100
|
|upkeep
|turn|10
|
|t:|1743859313
|move|p1a: Scizor|Swords Dance|p1a: Scizor
|-boost|p1a: Scizor|atk|2
|move|p2a: Sinistcha|Calm Mind|p2a: Sinistcha
|-boost|p2a: Sinistcha|spa|1
|-boost|p2a: Sinistcha|spd|1
|
|upkeep
|turn|11
|
|t:|1743859319
|move|p1a: Scizor|Swords Dance|p1a: Scizor
|-boost|p1a: Scizor|atk|2
|move|p2a: Sinistcha|Shadow Ball|p1a: Scizor
|-damage|p1a: Scizor|37/100
|
|upkeep
|turn|12
|
|t:|1743859324
|move|p1a: Scizor|Knock Off|p2a: Sinistcha
|-supereffective|p2a: Sinistcha
|-damage|p2a: Sinistcha|0 fnt
|faint|p2a: Sinistcha
|
|upkeep
|
|t:|1743859330
|switch|p2a: Samurott|Samurott-Hisui, M|100/100
|-damage|p2a: Samurott|88/100|[from] Stealth Rock
|-damage|p2a: Samurott|76/100|[from] Spikes
|turn|13
|
|t:|1743859335
|-terastallize|p2a: Samurott|Water
|move|p2a: Samurott|Aqua Jet|p1a: Scizor
|-damage|p1a: Scizor|7/100
|move|p1a: Scizor|Bullet Punch|p2a: Samurott
|-resisted|p2a: Samurott
|-damage|p2a: Samurott|9/100
|
|upkeep
|turn|14
|
|t:|1743859341
|move|p2a: Samurott|Aqua Jet|p1a: Scizor
|-damage|p1a: Scizor|0 fnt
|faint|p1a: Scizor
|
|upkeep
|
|t:|1743859347
|switch|p1a: Kyurem|Kyurem|100/100
|-ability|p1a: Kyurem|Pressure
|turn|15
|
|t:|1743859357
|switch|p2a: Deoxys|Deoxys-Defense|86/100
|-damage|p2a: Deoxys|74/100|[from] Stealth Rock
|-damage|p2a: Deoxys|61/100|[from] Spikes
|-ability|p2a: Deoxys|Pressure
|move|p1a: Kyurem|Dragon Dance|p1a: Kyurem
|-boost|p1a: Kyurem|atk|1
|-boost|p1a: Kyurem|spe|1
|
|-heal|p2a: Deoxys|68/100|[from] item: Leftovers
|upkeep
|turn|16
|
|t:|1743859370
|-terastallize|p1a: Kyurem|Ground
|move|p1a: Kyurem|Dragon Dance|p1a: Kyurem
|-boost|p1a: Kyurem|atk|1
|-boost|p1a: Kyurem|spe|1
|move|p2a: Deoxys|Thunder Wave|p1a: Kyurem
|-immune|p1a: Kyurem
|
|-heal|p2a: Deoxys|74/100|[from] item: Leftovers
|upkeep
|turn|17
|
|t:|1743859384
|move|p1a: Kyurem|Icicle Spear|p2a: Deoxys
|-damage|p2a: Deoxys|54/100
|-damage|p2a: Deoxys|32/100
|-damage|p2a: Deoxys|11/100
|-crit|p2a: Deoxys
|-damage|p2a: Deoxys|0 fnt
|faint|p2a: Deoxys
|-hitcount|p2: Deoxys|4
|
|upkeep
|
|t:|1743859388
|switch|p2a: Samurott|Samurott-Hisui, M, tera:Water|9/100
|-damage|p2a: Samurott|0 fnt|[from] Stealth Rock
|faint|p2a: Samurott
|
|t:|1743859391
|switch|p2a: Thundurus|Thundurus-Therian, M|100/100
|-damage|p2a: Thundurus|75/100|[from] Stealth Rock
|turn|18
|
|t:|1743859394
|move|p1a: Kyurem|Icicle Spear|p2a: Thundurus
|-supereffective|p2a: Thundurus
|-damage|p2a: Thundurus|0 fnt
|faint|p2a: Thundurus
|-hitcount|p2: Thundurus|1
|
|upkeep
|
|t:|1743859396
|switch|p2a: Galvantula|Galvantula, F|100/100
|-damage|p2a: Galvantula|76/100|[from] Stealth Rock
|-damage|p2a: Galvantula|63/100|[from] Spikes
|turn|19
|
|t:|1743859399
|move|p1a: Kyurem|Icicle Spear|p2a: Galvantula
|-damage|p2a: Galvantula|11/100
|-damage|p2a: Galvantula|0 fnt
|faint|p2a: Galvantula
|-hitcount|p2: Galvantula|2
|
|upkeep
|
|t:|1743859401
|switch|p2a: Great Tusk|Great Tusk|12/100
|turn|20
|
|t:|1743859418
|move|p1a: Kyurem|Icicle Spear|p2a: Great Tusk
|-supereffective|p2a: Great Tusk
|-damage|p2a: Great Tusk|0 fnt
|faint|p2a: Great Tusk
|-end|p2a: Great Tusk|Protosynthesis|[silent]
|-hitcount|p2: Great Tusk|1
|
|win|Excadrillings
|raw|Excadrillings's rating: 1385 &rarr; <strong>1403</strong><br />(+18 for winning)
|raw|Titanosaurus's rating: 1342 &rarr; <strong>1324</strong><br />(-18 for losing)
|l|☆Titanosaurus
|player|p2|
|l|☆Excadrillings
|player|p1|
