|j|☆abho025kv
|j|☆Wintrmint2
|t:|1743778434
|gametype|singles
|player|p1|abho025kv|lucas|1400
|player|p2|Wintrmint2|korrina|1425
|teamsize|p1|6
|teamsize|p2|6
|gen|9
|tier|[Gen 9] OU
|rated|
|rule|HP Percentage Mod: HP is shown in percentages
|rule|Endless Battle Clause: Forcing endless battles is banned
|rule|Species Clause: Limit one of each Pokémon
|rule|OHKO Clause: OHKO moves are banned
|rule|Evasion Items Clause: Evasion items are banned
|rule|Evasion Moves Clause: Evasion moves are banned
|rule|Sleep Moves Clause: Sleep-inducing moves are banned
|clearpoke
|poke|p1|Iron Crown|
|poke|p1|Slowking-Galar, F|
|poke|p1|Thundurus, M|
|poke|p1|Corviknight, M|
|poke|p1|Weavile, F|
|poke|p1|Landorus-Therian, M|
|poke|p2|Pelipper, M|
|poke|p2|Araquanid, F|
|poke|p2|Zapdos|
|poke|p2|Ogerpon-Wellspring, F|
|poke|p2|Iron Treads|
|poke|p2|Basculegion-F, F|
|teampreview
|inactive|Battle timer is ON: inactive players will automatically lose when time's up. (requested by abho025kv)
|inactive|Wintrmint2 has 120 seconds left.
|
|t:|1743778487
|start
|switch|p1a: Iron Crown|Iron Crown|100/100
|switch|p2a: Iron Treads|Iron Treads|100/100
|-enditem|p2a: Iron Treads|Booster Energy
|-activate|p2a: Iron Treads|ability: Quark Drive|[fromitem]
|-start|p2a: Iron Treads|quarkdrivespe
|turn|1
|
|t:|1743778498
|-end|p1a: Iron Crown|Quark Drive|[silent]
|switch|p1a: Landorus|Landorus-Therian, M|100/100
|-ability|p1a: Landorus|Intimidate|boost
|-unboost|p2a: Iron Treads|atk|1
|move|p2a: Iron Treads|Stealth Rock|p1a: Landorus
|-sidestart|p1: abho025kv|move: Stealth Rock
|
|upkeep
|turn|2
|
|t:|1743778509
|move|p2a: Iron Treads|Steel Beam|p1a: Landorus
|-crit|p1a: Landorus
|-damage|p1a: Landorus|9/100
|-damage|p2a: Iron Treads|50/100|[from] steelbeam
|move|p1a: Landorus|U-turn|p2a: Iron Treads
|-resisted|p2a: Iron Treads
|-damage|p2a: Iron Treads|39/100
|
|t:|1743778517
|switch|p1a: Corviknight|Corviknight, M, shiny|100/100|[from] U-turn
|-damage|p1a: Corviknight|88/100|[from] Stealth Rock
|-ability|p1a: Corviknight|Pressure
|
|upkeep
|turn|3
|
|t:|1743778521
|move|p2a: Iron Treads|Steel Beam|p1a: Corviknight|[miss]
|-miss|p2a: Iron Treads|p1a: Corviknight
|-damage|p2a: Iron Treads|0 fnt|[from] steelbeam
|faint|p2a: Iron Treads
|-end|p2a: Iron Treads|Quark Drive|[silent]
|move|p1a: Corviknight|Defog|p2: Iron Treads|[notarget]
|-fail|p1a: Corviknight
|
|upkeep
|
|t:|1743778529
|switch|p2a: Zapdos|Zapdos|100/100
|-ability|p2a: Zapdos|Pressure
|turn|4
|
|t:|1743778534
|-terastallize|p1a: Corviknight|Dragon
|move|p2a: Zapdos|Volt Switch|p1a: Corviknight
|-resisted|p1a: Corviknight
|-damage|p1a: Corviknight|64/100
|-damage|p2a: Zapdos|91/100|[from] item: Life Orb
|
|t:|1743778545
|switch|p2a: Pelipper|Pelipper, M|100/100|[from] Volt Switch
|-weather|RainDance|[from] ability: Drizzle|[of] p2a: Pelipper
|move|p1a: Corviknight|Defog|p2a: Pelipper
|-unboost|p2a: Pelipper|evasion|1
|-sideend|p1: abho025kv|Stealth Rock|[from] move: Defog|[of] p1a: Corviknight
|
|-weather|RainDance|[upkeep]
|upkeep
|turn|5
|
|t:|1743778559
|switch|p1a: Slowking|Slowking-Galar, F, shiny|100/100
|move|p2a: Pelipper|U-turn|p1a: Slowking
|-damage|p1a: Slowking|91/100
|
|t:|1743778567
|switch|p2a: Ogerpon|Ogerpon-Wellspring, F|100/100|[from] U-turn
|
|-weather|RainDance|[upkeep]
|upkeep
|turn|6
|
|t:|1743778574
|-terastallize|p2a: Ogerpon|Water
|detailschange|p2a: Ogerpon|Ogerpon-Wellspring-Tera, F, tera:Water
|-ability|p2a: Ogerpon|Embody Aspect (Wellspring)|boost
|-boost|p2a: Ogerpon|spd|1
|move|p2a: Ogerpon|Ivy Cudgel|p1a: Slowking|[anim] Ivy Cudgel Water
|-damage|p1a: Slowking|0 fnt
|faint|p1a: Slowking
|
|-weather|RainDance|[upkeep]
|upkeep
|
|t:|1743778585
|switch|p1a: Thundurus|Thundurus, M, shiny|100/100
|turn|7
|
|t:|1743778592
|switch|p2a: Araquanid|Araquanid, F|100/100
|move|p1a: Thundurus|Thunder Wave|p2a: Araquanid
|-status|p2a: Araquanid|par
|
|-weather|RainDance|[upkeep]
|upkeep
|turn|8
|
|t:|1743778605
|switch|p1a: Corviknight|Corviknight, M, shiny, tera:Dragon|64/100
|-ability|p1a: Corviknight|Pressure
|move|p2a: Araquanid|Sticky Web|p1a: Corviknight
|-sidestart|p1: abho025kv|move: Sticky Web
|
|-weather|RainDance|[upkeep]
|upkeep
|turn|9
|
|t:|1743778611
|move|p1a: Corviknight|Defog|p2a: Araquanid
|-unboost|p2a: Araquanid|evasion|1
|-sideend|p1: abho025kv|Sticky Web|[from] move: Defog|[of] p1a: Corviknight
|move|p2a: Araquanid|Liquidation|p1a: Corviknight
|-resisted|p1a: Corviknight
|-damage|p1a: Corviknight|37/100
|-unboost|p1a: Corviknight|def|1
|-damage|p2a: Araquanid|84/100 par|[from] item: Rocky Helmet|[of] p1a: Corviknight
|
|-weather|RainDance|[upkeep]
|upkeep
|turn|10
|
|t:|1743778621
|move|p1a: Corviknight|Roost|p1a: Corviknight
|-heal|p1a: Corviknight|87/100
|move|p2a: Araquanid|Liquidation|p1a: Corviknight
|-resisted|p1a: Corviknight
|-damage|p1a: Corviknight|47/100
|-unboost|p1a: Corviknight|def|1
|-damage|p2a: Araquanid|68/100 par|[from] item: Rocky Helmet|[of] p1a: Corviknight
|
|-weather|RainDance|[upkeep]
|upkeep
|turn|11
|
|t:|1743778631
|switch|p1a: Thundurus|Thundurus, M, shiny|100/100
|move|p2a: Araquanid|Liquidation|p1a: Thundurus
|-damage|p1a: Thundurus|4/100
|-unboost|p1a: Thundurus|def|1
|
|-weather|none
|-heal|p1a: Thundurus|10/100|[from] item: Leftovers
|upkeep
|turn|12
|
|t:|1743778637
|move|p2a: Araquanid|Endure|p2a: Araquanid
|-singleturn|p2a: Araquanid|move: Endure
|move|p1a: Thundurus|Thunderbolt|p2a: Araquanid
|-supereffective|p2a: Araquanid
|-damage|p2a: Araquanid|3/100 par
|
|-heal|p1a: Thundurus|16/100|[from] item: Leftovers
|upkeep
|turn|13
|-enditem|p2a: Araquanid|Custap Berry|[eat]
|-activate|p2a: Araquanid|item: Custap Berry|[consumed]
|
|t:|1743778646
|switch|p1a: Corviknight|Corviknight, M, shiny, tera:Dragon|47/100
|-ability|p1a: Corviknight|Pressure
|cant|p2a: Araquanid|par
|
|upkeep
|turn|14
|
|t:|1743778656
|move|p1a: Corviknight|Roost|p1a: Corviknight
|-heal|p1a: Corviknight|97/100
|move|p2a: Araquanid|Liquidation|p1a: Corviknight
|-resisted|p1a: Corviknight
|-damage|p1a: Corviknight|77/100
|-damage|p2a: Araquanid|0 fnt|[from] item: Rocky Helmet|[of] p1a: Corviknight
|faint|p2a: Araquanid
|
|upkeep
|
|t:|1743778660
|switch|p2a: Pelipper|Pelipper, M|100/100
|-weather|RainDance|[from] ability: Drizzle|[of] p2a: Pelipper
|turn|15
|
|t:|1743778665
|move|p1a: Corviknight|U-turn|p2a: Pelipper
|-resisted|p2a: Pelipper
|-damage|p2a: Pelipper|95/100
|
|t:|1743778675
|switch|p1a: Iron Crown|Iron Crown|100/100|[from] U-turn
|move|p2a: Pelipper|U-turn|p1a: Iron Crown
|-damage|p1a: Iron Crown|91/100
|
|t:|1743778687
|switch|p2a: Ogerpon|Ogerpon-Wellspring-Tera, F, tera:Water|100/100|[from] U-turn
|-ability|p2a: Ogerpon|Embody Aspect (Wellspring)|boost
|-boost|p2a: Ogerpon|spd|1
|
|-weather|RainDance|[upkeep]
|upkeep
|turn|16
|
|t:|1743778706
|-end|p1a: Iron Crown|Quark Drive|[silent]
|switch|p1a: Landorus|Landorus-Therian, M|9/100
|-ability|p1a: Landorus|Intimidate|boost
|-unboost|p2a: Ogerpon|atk|1
|move|p2a: Ogerpon|Ivy Cudgel|p1a: Landorus|[anim] Ivy Cudgel Water
|-supereffective|p1a: Landorus
|-damage|p1a: Landorus|0 fnt
|faint|p1a: Landorus
|
|-weather|RainDance|[upkeep]
|upkeep
|
|t:|1743778716
|switch|p1a: Thundurus|Thundurus, M, shiny|16/100
|turn|17
|
|t:|1743778737
|move|p1a: Thundurus|Thunder Wave|p2a: Ogerpon
|-status|p2a: Ogerpon|par
|move|p2a: Ogerpon|Ivy Cudgel|p1a: Thundurus|[anim] Ivy Cudgel Water
|-damage|p1a: Thundurus|0 fnt
|faint|p1a: Thundurus
|
|-weather|RainDance|[upkeep]
|upkeep
|
|t:|1743778751
|switch|p1a: Weavile|Weavile, F, shiny|100/100
|-ability|p1a: Weavile|Pressure
|turn|18
|
|t:|1743778763
|switch|p1a: Corviknight|Corviknight, M, shiny, tera:Dragon|77/100
|-ability|p1a: Corviknight|Pressure
|move|p2a: Ogerpon|Ivy Cudgel|p1a: Corviknight|[anim] Ivy Cudgel Water
|-resisted|p1a: Corviknight
|-damage|p1a: Corviknight|53/100
|
|-weather|RainDance|[upkeep]
|upkeep
|turn|19
|
|t:|1743778772
|move|p2a: Ogerpon|Swords Dance|p2a: Ogerpon
|-boost|p2a: Ogerpon|atk|2
|move|p1a: Corviknight|Roost|p1a: Corviknight
|-heal|p1a: Corviknight|100/100
|
|-weather|RainDance|[upkeep]
|upkeep
|turn|20
|
|t:|1743778778
|move|p2a: Ogerpon|Swords Dance|p2a: Ogerpon
|-boost|p2a: Ogerpon|atk|2
|move|p1a: Corviknight|Brave Bird|p2a: Ogerpon
|-damage|p2a: Ogerpon|48/100 par
|-damage|p1a: Corviknight|87/100|[from] Recoil
|
|-weather|RainDance|[upkeep]
|upkeep
|turn|21
|
|t:|1743778784
|move|p2a: Ogerpon|Play Rough|p1a: Corviknight
|-supereffective|p1a: Corviknight
|-damage|p1a: Corviknight|0 fnt
|-damage|p2a: Ogerpon|32/100 par|[from] item: Rocky Helmet|[of] p1a: Corviknight
|faint|p1a: Corviknight
|
|-weather|RainDance|[upkeep]
|upkeep
|
|t:|1743778789
|switch|p1a: Iron Crown|Iron Crown|91/100
|turn|22
|
|t:|1743778794
|move|p1a: Iron Crown|Volt Switch|p2a: Ogerpon
|-supereffective|p2a: Ogerpon
|-damage|p2a: Ogerpon|0 fnt
|faint|p2a: Ogerpon
|
|t:|1743778797
|-end|p1a: Iron Crown|Quark Drive|[silent]
|switch|p1a: Weavile|Weavile, F, shiny|100/100|[from] Volt Switch
|-ability|p1a: Weavile|Pressure
|
|-weather|none
|upkeep
|
|t:|1743778800
|switch|p2a: Pelipper|Pelipper, M|95/100
|-weather|RainDance|[from] ability: Drizzle|[of] p2a: Pelipper
|turn|23
|
|t:|1743778804
|move|p1a: Weavile|Swords Dance|p1a: Weavile
|-boost|p1a: Weavile|atk|2
|move|p2a: Pelipper|U-turn|p1a: Weavile
|-supereffective|p1a: Weavile
|-damage|p1a: Weavile|69/100
|
|t:|1743778808
|switch|p2a: Basculegion|Basculegion-F, F|100/100|[from] U-turn
|
|-weather|RainDance|[upkeep]
|upkeep
|turn|24
|
|t:|1743778816
|move|p1a: Weavile|Ice Shard|p2a: Basculegion
|-resisted|p2a: Basculegion
|-damage|p2a: Basculegion|75/100
|move|p2a: Basculegion|Hydro Pump|p1a: Weavile
|-damage|p1a: Weavile|0 fnt
|faint|p1a: Weavile
|
|-weather|RainDance|[upkeep]
|upkeep
|
|t:|1743778823
|switch|p1a: Iron Crown|Iron Crown|91/100
|turn|25
|
|t:|1743778828
|switch|p2a: Zapdos|Zapdos|91/100
|-ability|p2a: Zapdos|Pressure
|move|p1a: Iron Crown|Tachyon Cutter|p2a: Zapdos
|-resisted|p2a: Zapdos
|-crit|p2a: Zapdos
|-damage|p2a: Zapdos|56/100
|-resisted|p2a: Zapdos
|-damage|p2a: Zapdos|34/100
|-hitcount|p2a: Zapdos|2
|
|-weather|RainDance|[upkeep]
|upkeep
|turn|26
|
|t:|1743778831
|move|p2a: Zapdos|Thunder|p1a: Iron Crown
|-damage|p1a: Iron Crown|23/100
|-damage|p2a: Zapdos|24/100|[from] item: Life Orb
|move|p1a: Iron Crown|Tachyon Cutter|p2a: Zapdos
|-resisted|p2a: Zapdos
|-damage|p2a: Zapdos|4/100
|-resisted|p2a: Zapdos
|-damage|p2a: Zapdos|0 fnt
|faint|p2a: Zapdos
|-hitcount|p2: Zapdos|2
|
|-weather|RainDance|[upkeep]
|upkeep
|
|t:|1743778837
|switch|p2a: Basculegion|Basculegion-F, F|75/100
|turn|27
|
|t:|1743778839
|move|p2a: Basculegion|Shadow Ball|p1a: Iron Crown
|-supereffective|p1a: Iron Crown
|-damage|p1a: Iron Crown|0 fnt
|faint|p1a: Iron Crown
|-end|p1a: Iron Crown|Quark Drive|[silent]
|
|win|Wintrmint2
|raw|abho025kv's rating: 1400 &rarr; <strong>1381</strong><br />(-19 for losing)
|raw|Wintrmint2's rating: 1425 &rarr; <strong>1444</strong><br />(+19 for winning)
|l|☆Wintrmint2
|player|p2|
|l|☆abho025kv
|player|p1|
