|j|☆air555
|j|☆wgc0609
|t:|1743830582
|gametype|singles
|player|p1|air555|red|1165
|player|p2|wgc0609|102|1175
|teamsize|p1|6
|teamsize|p2|6
|gen|9
|tier|[Gen 9] OU
|rated|
|rule|HP Percentage Mod: HP is shown in percentages
|rule|Endless Battle Clause: Forcing endless battles is banned
|rule|Species Clause: Limit one of each Pokémon
|rule|OHKO Clause: OHKO moves are banned
|rule|Evasion Items Clause: Evasion items are banned
|rule|Evasion Moves Clause: Evasion moves are banned
|rule|Sleep Moves Clause: Sleep-inducing moves are banned
|clearpoke
|poke|p1|Araquanid, M|
|poke|p1|Ogerpon-Cornerstone, F|
|poke|p1|Sceptile, M|
|poke|p1|Great Tusk|
|poke|p1|Gholdengo|
|poke|p1|Rotom-Heat|
|poke|p2|Dragapult, F|
|poke|p2|Corviknight, F|
|poke|p2|Gholdengo|
|poke|p2|Bellibolt, M|
|poke|p2|Garchomp, M|
|poke|p2|Iron Valiant|
|teampreview
|
|t:|1743830599
|start
|switch|p1a: Great Tusk|Great Tusk|100/100
|switch|p2a: Garchomp|Garchomp, M|100/100
|-enditem|p1a: Great Tusk|Booster Energy
|-activate|p1a: Great Tusk|ability: Protosynthesis|[fromitem]
|-start|p1a: Great Tusk|protosynthesisatk
|turn|1
|
|t:|1743830616
|switch|p2a: Corviknight|Corviknight, F|100/100
|move|p1a: Great Tusk|Rapid Spin|p2a: Corviknight
|-resisted|p2a: Corviknight
|-damage|p2a: Corviknight|92/100
|-boost|p1a: Great Tusk|spe|1
|-damage|p1a: Great Tusk|84/100|[from] item: Rocky Helmet|[of] p2a: Corviknight
|
|upkeep
|turn|2
|
|t:|1743830633
|move|p1a: Great Tusk|Ice Spinner|p2a: Corviknight
|-damage|p2a: Corviknight|71/100
|-damage|p1a: Great Tusk|67/100|[from] item: Rocky Helmet|[of] p2a: Corviknight
|move|p2a: Corviknight|Iron Defense|p2a: Corviknight
|-boost|p2a: Corviknight|def|2
|
|upkeep
|turn|3
|
|t:|1743830649
|move|p1a: Great Tusk|Stealth Rock|p2a: Corviknight
|-sidestart|p2: wgc0609|move: Stealth Rock
|move|p2a: Corviknight|Roost|p2a: Corviknight
|-heal|p2a: Corviknight|100/100
|-singleturn|p2a: Corviknight|move: Roost
|
|upkeep
|turn|4
|
|t:|1743830665
|-end|p1a: Great Tusk|Protosynthesis|[silent]
|switch|p1a: Rotom|Rotom-Heat|100/100
|move|p2a: Corviknight|Body Press|p1a: Rotom
|-damage|p1a: Rotom|41/100
|
|-heal|p1a: Rotom|48/100|[from] item: Leftovers
|upkeep
|turn|5
|
|t:|1743830680
|move|p1a: Rotom|Overheat|p2a: Corviknight|[miss]
|-miss|p1a: Rotom|p2a: Corviknight
|move|p2a: Corviknight|Defog|p1a: Rotom
|-unboost|p1a: Rotom|evasion|1
|-sideend|p2: wgc0609|Stealth Rock|[from] move: Defog|[of] p2a: Corviknight
|
|-heal|p1a: Rotom|54/100|[from] item: Leftovers
|upkeep
|turn|6
|
|t:|1743830699
|switch|p2a: Dragapult|Dragapult, F|100/100
|move|p1a: Rotom|Overheat|p2a: Dragapult
|-resisted|p2a: Dragapult
|-damage|p2a: Dragapult|66/100
|-unboost|p1a: Rotom|spa|2
|
|-heal|p1a: Rotom|60/100|[from] item: Leftovers
|upkeep
|turn|7
|
|t:|1743830719
|switch|p1a: Araquanid|Araquanid, M|100/100
|move|p2a: Dragapult|Shadow Ball|p1a: Araquanid
|-crit|p1a: Araquanid
|-damage|p1a: Araquanid|36/100
|-unboost|p1a: Araquanid|spd|1
|
|upkeep
|turn|8
|
|t:|1743830739
|move|p2a: Dragapult|Shadow Ball|p1a: Araquanid
|-damage|p1a: Araquanid|0 fnt
|faint|p1a: Araquanid
|
|upkeep
|
|t:|1743830750
|switch|p1a: Sceptile|Sceptile, M|100/100
|turn|9
|
|t:|1743830762
|switch|p2a: Gholdengo|Gholdengo|100/100
|move|p1a: Sceptile|Swords Dance|p1a: Sceptile
|-boost|p1a: Sceptile|atk|2
|
|upkeep
|turn|10
|
|t:|1743830777
|move|p1a: Sceptile|Swords Dance|p1a: Sceptile
|-boost|p1a: Sceptile|atk|2
|move|p2a: Gholdengo|Thunder Wave|p1a: Sceptile
|-status|p1a: Sceptile|par
|
|upkeep
|turn|11
|
|t:|1743830795
|move|p2a: Gholdengo|Hex|p1a: Sceptile
|-damage|p1a: Sceptile|15/100 par
|cant|p1a: Sceptile|par
|
|upkeep
|turn|12
|
|t:|1743830815
|switch|p1a: Rotom|Rotom-Heat|60/100
|move|p2a: Gholdengo|Hex|p1a: Rotom
|-damage|p1a: Rotom|26/100
|
|-heal|p1a: Rotom|32/100|[from] item: Leftovers
|upkeep
|turn|13
|
|t:|1743830836
|switch|p2a: Bellibolt|Bellibolt, M|100/100
|move|p1a: Rotom|Will-O-Wisp|p2a: Bellibolt
|-status|p2a: Bellibolt|brn
|
|-heal|p1a: Rotom|39/100|[from] item: Leftovers
|-damage|p2a: Bellibolt|94/100 brn|[from] brn
|upkeep
|turn|14
|
|t:|1743830857
|switch|p1a: Great Tusk|Great Tusk|67/100
|move|p2a: Bellibolt|Muddy Water|p1a: Great Tusk
|-supereffective|p1a: Great Tusk
|-damage|p1a: Great Tusk|0 fnt
|faint|p1a: Great Tusk
|-end|p1a: Great Tusk|Protosynthesis|[silent]
|
|-damage|p2a: Bellibolt|88/100 brn|[from] brn
|upkeep
|
|t:|1743830876
|switch|p1a: Ogerpon|Ogerpon-Cornerstone, F|100/100
|turn|15
|
|t:|1743830886
|move|p1a: Ogerpon|Swords Dance|p1a: Ogerpon
|-boost|p1a: Ogerpon|atk|2
|move|p2a: Bellibolt|Parabolic Charge|p1a: Ogerpon
|-resisted|p1a: Ogerpon
|-damage|p1a: Ogerpon|81/100
|-heal|p2a: Bellibolt|97/100 brn|[from] drain|[of] p1a: Ogerpon
|
|-damage|p2a: Bellibolt|91/100 brn|[from] brn
|upkeep
|turn|16
|
|t:|1743830910
|move|p1a: Ogerpon|Trailblaze|p2a: Bellibolt
|-damage|p2a: Bellibolt|43/100 brn
|-boost|p1a: Ogerpon|spe|1
|-start|p2a: Bellibolt|Charge|Trailblaze|[from] ability: Electromorphosis
|move|p2a: Bellibolt|Muddy Water|p1a: Ogerpon
|-damage|p1a: Ogerpon|43/100
|
|-damage|p2a: Bellibolt|37/100 brn|[from] brn
|upkeep
|turn|17
|
|t:|1743830935
|move|p1a: Ogerpon|Horn Leech|p2a: Bellibolt
|-damage|p2a: Bellibolt|0 fnt
|-heal|p1a: Ogerpon|69/100|[from] drain|[of] p2a: Bellibolt
|faint|p2a: Bellibolt
|
|upkeep
|
|t:|1743830942
|switch|p2a: Corviknight|Corviknight, F|100/100
|turn|18
|
|t:|1743830960
|-terastallize|p1a: Ogerpon|Rock
|detailschange|p1a: Ogerpon|Ogerpon-Cornerstone-Tera, F, tera:Rock
|-ability|p1a: Ogerpon|Embody Aspect (Cornerstone)|boost
|-boost|p1a: Ogerpon|def|1
|move|p1a: Ogerpon|Ivy Cudgel|p2a: Corviknight|[anim] Ivy Cudgel Rock
|-crit|p2a: Corviknight
|-damage|p2a: Corviknight|0 fnt
|faint|p2a: Corviknight
|
|upkeep
|
|t:|1743830971
|switch|p2a: Iron Valiant|Iron Valiant|100/100
|turn|19
|
|t:|1743830990
|move|p2a: Iron Valiant|Vacuum Wave|p1a: Ogerpon
|-supereffective|p1a: Ogerpon
|-damage|p1a: Ogerpon|11/100
|-damage|p2a: Iron Valiant|91/100|[from] item: Life Orb
|move|p1a: Ogerpon|Ivy Cudgel|p2a: Iron Valiant|[anim] Ivy Cudgel Rock
|-resisted|p2a: Iron Valiant
|-damage|p2a: Iron Valiant|0 fnt
|faint|p2a: Iron Valiant
|-end|p2a: Iron Valiant|Quark Drive|[silent]
|
|upkeep
|
|t:|1743831004
|switch|p2a: Gholdengo|Gholdengo|100/100
|turn|20
|
|t:|1743831023
|move|p1a: Ogerpon|Ivy Cudgel|p2a: Gholdengo|[anim] Ivy Cudgel Rock
|-resisted|p2a: Gholdengo
|-damage|p2a: Gholdengo|31/100
|move|p2a: Gholdengo|Make It Rain|p1a: Ogerpon
|-supereffective|p1a: Ogerpon
|-damage|p1a: Ogerpon|0 fnt
|-unboost|p2a: Gholdengo|spa|1
|faint|p1a: Ogerpon
|
|-heal|p2a: Gholdengo|37/100|[from] item: Leftovers
|upkeep
|
|t:|1743831051
|switch|p1a: Gholdengo|Gholdengo|100/100
|-item|p1a: Gholdengo|Air Balloon
|turn|21
|
|t:|1743831064
|move|p1a: Gholdengo|Hex|p2a: Gholdengo
|-supereffective|p2a: Gholdengo
|-damage|p2a: Gholdengo|0 fnt
|faint|p2a: Gholdengo
|
|upkeep
|
|t:|1743831075
|switch|p2a: Garchomp|Garchomp, M|100/100
|turn|22
|
|t:|1743831096
|move|p2a: Garchomp|Substitute|p2a: Garchomp
|-start|p2a: Garchomp|Substitute
|-damage|p2a: Garchomp|76/100
|move|p1a: Gholdengo|Make It Rain|p2a: Garchomp
|-end|p2a: Garchomp|Substitute
|-unboost|p1a: Gholdengo|spa|1
|
|upkeep
|turn|23
|
|t:|1743831122
|switch|p1a: Rotom|Rotom-Heat|39/100
|move|p2a: Garchomp|Scale Shot|p1a: Rotom|[miss]
|-miss|p2a: Garchomp|p1a: Rotom
|
|-heal|p1a: Rotom|45/100|[from] item: Leftovers
|upkeep
|turn|24
|
|t:|1743831148
|move|p1a: Rotom|Will-O-Wisp|p2a: Garchomp
|-status|p2a: Garchomp|brn
|move|p2a: Garchomp|Scale Shot|p1a: Rotom
|-damage|p1a: Rotom|37/100
|-damage|p1a: Rotom|29/100
|-damage|p1a: Rotom|22/100
|-damage|p1a: Rotom|14/100
|-damage|p1a: Rotom|5/100
|-hitcount|p1a: Rotom|5
|-unboost|p2a: Garchomp|def|1
|-boost|p2a: Garchomp|spe|1
|
|-heal|p1a: Rotom|11/100|[from] item: Leftovers
|-damage|p2a: Garchomp|69/100 brn|[from] brn
|upkeep
|turn|25
|
|t:|1743831193
|switch|p1a: Sceptile|Sceptile, M|15/100 par
|move|p2a: Garchomp|Scale Shot|p1a: Sceptile
|-damage|p1a: Sceptile|4/100 par
|-damage|p1a: Sceptile|0 fnt
|faint|p1a: Sceptile
|-hitcount|p1: Sceptile|2
|-unboost|p2a: Garchomp|def|1
|-boost|p2a: Garchomp|spe|1
|
|-damage|p2a: Garchomp|63/100 brn|[from] brn
|upkeep
|
|t:|1743831227
|switch|p1a: Gholdengo|Gholdengo|100/100
|-item|p1a: Gholdengo|Air Balloon
|turn|26
|
|t:|1743831242
|move|p2a: Garchomp|Scale Shot|p1a: Gholdengo|[miss]
|-miss|p2a: Garchomp|p1a: Gholdengo
|move|p1a: Gholdengo|Hex|p2a: Garchomp
|-damage|p2a: Garchomp|0 fnt
|faint|p2a: Garchomp
|
|upkeep
|
|t:|1743831250
|switch|p2a: Dragapult|Dragapult, F|66/100
|turn|27
|
|t:|1743831278
|-terastallize|p2a: Dragapult|Fairy
|move|p2a: Dragapult|Shadow Ball|p1a: Gholdengo
|-supereffective|p1a: Gholdengo
|-damage|p1a: Gholdengo|0 fnt
|-enditem|p1a: Gholdengo|Air Balloon
|faint|p1a: Gholdengo
|
|upkeep
|-message|air555 forfeited.
|
|win|wgc0609
|raw|air555's rating: 1165 &rarr; <strong>1141</strong><br />(-24 for losing)
|raw|wgc0609's rating: 1175 &rarr; <strong>1199</strong><br />(+24 for winning)
|l|☆air555
|player|p1|
