|j|☆Vredge
|j|☆vacheron
|t:|1743785718
|gametype|singles
|player|p1|Vredge|hilbert|1708
|player|p2|vacheron|170|1808
|teamsize|p1|6
|teamsize|p2|6
|gen|9
|tier|[Gen 9] OU
|rated|
|rule|HP Percentage Mod: HP is shown in percentages
|rule|Endless Battle Clause: Forcing endless battles is banned
|rule|Species Clause: Limit one of each Pokémon
|rule|OHKO Clause: OHKO moves are banned
|rule|Evasion Items Clause: Evasion items are banned
|rule|Evasion Moves Clause: Evasion moves are banned
|rule|Sleep Moves Clause: Sleep-inducing moves are banned
|clearpoke
|poke|p1|Iron Valiant|
|poke|p1|Dragapult, M|
|poke|p1|Great Tusk|
|poke|p1|Kingambit, M|
|poke|p1|Slowking-Galar, M|
|poke|p1|Zapdos|
|poke|p2|Samurott-Hisui, F|
|poke|p2|Iron Valiant|
|poke|p2|Pecharunt|
|poke|p2|Reuniclus, F|
|poke|p2|Darkrai|
|poke|p2|Kingambit, F|
|teampreview
|inactive|Battle timer is ON: inactive players will automatically lose when time's up. (requested by Vredge)
|inactive|vacheron has 120 seconds left.
|j| JAY174
|j| STKXY1
|
|t:|1743785763
|start
|switch|p1a: Speedway|Dragapult, M|100/100
|switch|p2a: Valediction|Samurott-Hisui, F|100/100
|turn|1
|
|t:|1743785767
|move|p1a: Speedway|U-turn|p2a: Valediction
|-supereffective|p2a: Valediction
|-damage|p2a: Valediction|56/100
|
|t:|1743785769
|switch|p1a: Flying Battery|Zapdos|100/100|[from] U-turn
|move|p2a: Valediction|Ceaseless Edge|p1a: Flying Battery|[miss]
|-miss|p2a: Valediction|p1a: Flying Battery
|
|upkeep
|turn|2
|
|t:|1743785776
|move|p1a: Flying Battery|Volt Switch|p2a: Valediction
|-supereffective|p2a: Valediction
|-damage|p2a: Valediction|0 fnt
|faint|p2a: Valediction
|
|t:|1743785782
|switch|p1a: Speedway|Dragapult, M|100/100|[from] Volt Switch
|
|upkeep
|j| Soluc
|
|t:|1743785793
|switch|p2a: Murasama|Kingambit, F|100/100
|-activate|p2a: Murasama|ability: Supreme Overlord
|-start|p2a: Murasama|fallen1|[silent]
|turn|3
|j| But Lii
|
|t:|1743785802
|switch|p1a: Tankd|Great Tusk|100/100
|move|p2a: Murasama|Iron Head|p1a: Tankd
|-damage|p1a: Tankd|75/100
|
|upkeep
|turn|4
|
|t:|1743785807
|-end|p2a: Murasama|fallen1|[silent]
|switch|p2a: Scarlet Devil|Darkrai|100/100
|move|p1a: Tankd|Stealth Rock|p2a: Scarlet Devil
|-sidestart|p2: vacheron|move: Stealth Rock
|
|upkeep
|turn|5
|
|t:|1743785828
|-end|p1a: Tankd|Protosynthesis|[silent]
|switch|p1a: Supersonic|Slowking-Galar, M, shiny|100/100
|move|p2a: Scarlet Devil|Dark Pulse|p1a: Supersonic
|-supereffective|p1a: Supersonic
|-damage|p1a: Supersonic|59/100
|
|upkeep
|turn|6
|
|t:|1743785832
|move|p2a: Scarlet Devil|Knock Off|p1a: Supersonic
|-supereffective|p1a: Supersonic
|-crit|p1a: Supersonic
|-damage|p1a: Supersonic|0 fnt
|-enditem|p1a: Supersonic|Assault Vest|[from] move: Knock Off|[of] p2a: Scarlet Devil
|faint|p1a: Supersonic
|
|upkeep
|
|t:|1743785836
|switch|p1a: Speedway|Dragapult, M|100/100
|turn|7
|
|t:|1743785841
|-terastallize|p2a: Scarlet Devil|Dark
|move|p2a: Scarlet Devil|Sucker Punch|p1a: Speedway
|-supereffective|p1a: Speedway
|-damage|p1a: Speedway|1/100
|move|p1a: Speedway|Draco Meteor|p2a: Scarlet Devil
|-damage|p2a: Scarlet Devil|0 fnt
|-unboost|p1a: Speedway|spa|2
|faint|p2a: Scarlet Devil
|
|upkeep
|
|t:|1743785851
|switch|p2a: Metastasis|Reuniclus, F|100/100
|turn|8
|
|t:|1743785863
|switch|p1a: Final Zone|Kingambit, M|100/100
|-activate|p1a: Final Zone|ability: Supreme Overlord
|-start|p1a: Final Zone|fallen1|[silent]
|move|p2a: Metastasis|Trick Room|p2a: Metastasis
|-fieldstart|move: Trick Room|[of] p2a: Metastasis
|
|upkeep
|turn|9
|
|t:|1743785870
|-terastallize|p1a: Final Zone|Fairy
|move|p2a: Metastasis|Focus Blast|p1a: Final Zone
|-resisted|p1a: Final Zone
|-damage|p1a: Final Zone|70/100
|move|p1a: Final Zone|Swords Dance|p1a: Final Zone
|-boost|p1a: Final Zone|atk|2
|
|-heal|p1a: Final Zone|76/100|[from] item: Leftovers
|upkeep
|turn|10
|
|t:|1743785877
|move|p2a: Metastasis|Psychic Noise|p1a: Final Zone
|-damage|p1a: Final Zone|26/100
|-start|p1a: Final Zone|move: Heal Block
|move|p1a: Final Zone|Kowtow Cleave|p2a: Metastasis
|-supereffective|p2a: Metastasis
|-damage|p2a: Metastasis|0 fnt
|faint|p2a: Metastasis
|
|upkeep
|
|t:|1743785881
|switch|p2a: Murasama|Kingambit, F|100/100
|-damage|p2a: Murasama|94/100|[from] Stealth Rock
|-activate|p2a: Murasama|ability: Supreme Overlord
|-start|p2a: Murasama|fallen3|[silent]
|turn|11
|
|t:|1743785893
|move|p1a: Final Zone|Sucker Punch|p2a: Murasama
|-resisted|p2a: Murasama
|-damage|p2a: Murasama|59/100
|move|p2a: Murasama|Iron Head|p1a: Final Zone
|-supereffective|p1a: Final Zone
|-damage|p1a: Final Zone|0 fnt
|faint|p1a: Final Zone
|-end|p1a: Final Zone|fallen1|[silent]
|
|upkeep
|
|t:|1743785896
|switch|p1a: Tankd|Great Tusk|75/100
|turn|12
|
|t:|1743785919
|move|p2a: Murasama|Iron Head|p1a: Tankd
|-damage|p1a: Tankd|42/100
|move|p1a: Tankd|Earthquake|p2a: Murasama
|-supereffective|p2a: Murasama
|-damage|p2a: Murasama|0 fnt
|faint|p2a: Murasama
|-end|p2a: Murasama|fallen3|[silent]
|
|-fieldend|move: Trick Room
|upkeep
|j| Le Bouquetin
|
|t:|1743785922
|switch|p2a: Mani Katti|Iron Valiant|100/100
|-damage|p2a: Mani Katti|94/100|[from] Stealth Rock
|-enditem|p2a: Mani Katti|Booster Energy
|-activate|p2a: Mani Katti|ability: Quark Drive|[fromitem]
|-start|p2a: Mani Katti|quarkdrivespa
|turn|13
|
|t:|1743785929
|move|p2a: Mani Katti|Moonblast|p1a: Tankd
|-supereffective|p1a: Tankd
|-damage|p1a: Tankd|0 fnt
|faint|p1a: Tankd
|-end|p1a: Tankd|Protosynthesis|[silent]
|
|upkeep
|
|t:|1743785934
|switch|p1a: Stardust|Iron Valiant|100/100
|-enditem|p1a: Stardust|Booster Energy
|-activate|p1a: Stardust|ability: Quark Drive|[fromitem]
|-start|p1a: Stardust|quarkdrivespe
|turn|14
|
|t:|1743785936
|move|p1a: Stardust|Moonblast|p2a: Mani Katti
|-supereffective|p2a: Mani Katti
|-damage|p2a: Mani Katti|0 fnt
|faint|p2a: Mani Katti
|-end|p2a: Mani Katti|Quark Drive|[silent]
|
|upkeep
|
|t:|1743785937
|switch|p2a: Azathoth|Pecharunt|100/100
|-damage|p2a: Azathoth|88/100|[from] Stealth Rock
|turn|15
|
|t:|1743785940
|move|p1a: Stardust|Knock Off|p2a: Azathoth
|-supereffective|p2a: Azathoth
|-crit|p2a: Azathoth
|-damage|p2a: Azathoth|31/100
|-enditem|p2a: Azathoth|Shuca Berry|[from] move: Knock Off|[of] p1a: Stardust
|move|p2a: Azathoth|Malignant Chain|p1a: Stardust
|-supereffective|p1a: Stardust
|-damage|p1a: Stardust|0 fnt
|faint|p1a: Stardust
|-end|p1a: Stardust|Quark Drive|[silent]
|
|upkeep
|
|t:|1743785941
|switch|p1a: Speedway|Dragapult, M|1/100
|turn|16
|
|t:|1743785942
|move|p1a: Speedway|Shadow Ball|p2a: Azathoth
|-supereffective|p2a: Azathoth
|-damage|p2a: Azathoth|0 fnt
|faint|p2a: Azathoth
|
|win|Vredge
|raw|Vredge's rating: 1708 &rarr; <strong>1734</strong><br />(+26 for winning)
|raw|vacheron's rating: 1808 &rarr; <strong>1782</strong><br />(-26 for losing)
|l|☆vacheron
|player|p2|
|l|☆Vredge
|player|p1|
|l| Soluc
|l| STKXY1
