|j|☆frankferris
|j|☆r1icard
|t:|1743799024
|gametype|singles
|player|p1|frankferris|swimmer-gen4|1406
|player|p2|r1icard|dawn|1450
|teamsize|p1|6
|teamsize|p2|6
|gen|9
|tier|[Gen 9] OU
|rated|
|rule|HP Percentage Mod: HP is shown in percentages
|rule|Endless Battle Clause: Forcing endless battles is banned
|rule|Species Clause: Limit one of each Pokémon
|rule|OHKO Clause: OHKO moves are banned
|rule|Evasion Items Clause: Evasion items are banned
|rule|Evasion Moves Clause: Evasion moves are banned
|rule|Sleep Moves Clause: Sleep-inducing moves are banned
|clearpoke
|poke|p1|Gholdengo|
|poke|p1|Iron Moth|
|poke|p1|Iron Valiant|
|poke|p1|Raging Bolt|
|poke|p1|Kingambit, F|
|poke|p1|Araquanid, F|
|poke|p2|Keldeo|
|poke|p2|Meowscarada, M|
|poke|p2|Moltres|
|poke|p2|Slowking-Galar, M|
|poke|p2|Iron Treads|
|poke|p2|Kyurem|
|teampreview
|
|t:|1743799036
|start
|switch|p1a: My Back|Araquanid, F|100/100
|switch|p2a: Kyurem|Kyurem|100/100
|-ability|p2a: Kyurem|Pressure
|turn|1
|
|t:|1743799060
|move|p2a: Kyurem|Scale Shot|p1a: My Back
|-damage|p1a: My Back|88/100
|-damage|p1a: My Back|74/100
|-damage|p1a: My Back|60/100
|-damage|p1a: My Back|47/100
|-hitcount|p1a: My Back|4
|-unboost|p2a: Kyurem|def|1
|-boost|p2a: Kyurem|spe|1
|move|p1a: My Back|Sticky Web|p2a: Kyurem
|-sidestart|p2: r1icard|move: Sticky Web
|
|upkeep
|turn|2
|
|t:|1743799070
|switch|p2a: Iron Treads|Iron Treads|100/100
|-activate|p2a: Iron Treads|move: Sticky Web
|-unboost|p2a: Iron Treads|spe|1
|move|p1a: My Back|Endeavor|p2a: Iron Treads
|-damage|p2a: Iron Treads|41/100
|
|upkeep
|turn|3
|
|t:|1743799078
|-terastallize|p1a: My Back|Ghost
|move|p2a: Iron Treads|Rapid Spin|p1a: My Back
|-immune|p1a: My Back
|move|p1a: My Back|Surf|p2a: Iron Treads
|-supereffective|p2a: Iron Treads
|-damage|p2a: Iron Treads|0 fnt
|faint|p2a: Iron Treads
|-end|p2a: Iron Treads|Quark Drive|[silent]
|
|upkeep
|
|t:|1743799081
|switch|p2a: Meowscarada|Meowscarada, M|100/100
|-activate|p2a: Meowscarada|move: Sticky Web
|-unboost|p2a: Meowscarada|spe|1
|turn|4
|c|☆frankferris|WHYYY switch out of kyu
|
|t:|1743799088
|move|p2a: Meowscarada|Knock Off|p1a: My Back
|-start|p2a: Meowscarada|typechange|Dark|[from] ability: Protean
|-supereffective|p1a: My Back
|-damage|p1a: My Back|0 fnt
|-enditem|p1a: My Back|Custap Berry|[from] move: Knock Off|[of] p2a: Meowscarada
|faint|p1a: My Back
|
|upkeep
|
|t:|1743799094
|switch|p1a: Ooong ging gang|Iron Valiant|100/100
|-enditem|p1a: Ooong ging gang|Booster Energy
|-activate|p1a: Ooong ging gang|ability: Quark Drive|[fromitem]
|-start|p1a: Ooong ging gang|quarkdrivespa
|turn|5
|
|t:|1743799098
|switch|p2a: Moltres|Moltres|100/100
|move|p1a: Ooong ging gang|Vacuum Wave|p2a: Moltres
|-resisted|p2a: Moltres
|-damage|p2a: Moltres|87/100
|
|upkeep
|turn|6
|
|t:|1743799104
|move|p1a: Ooong ging gang|Shadow Ball|p2a: Moltres
|-damage|p2a: Moltres|52/100
|move|p2a: Moltres|Fire Blast|p1a: Ooong ging gang
|-damage|p1a: Ooong ging gang|23/100
|
|upkeep
|turn|7
|
|t:|1743799112
|-end|p1a: Ooong ging gang|Quark Drive|[silent]
|switch|p1a: Australian Ant|Iron Moth|100/100
|-enditem|p1a: Australian Ant|Booster Energy
|-activate|p1a: Australian Ant|ability: Quark Drive|[fromitem]
|-start|p1a: Australian Ant|quarkdrivespa
|move|p2a: Moltres|Roost|p2a: Moltres
|-heal|p2a: Moltres|100/100
|-singleturn|p2a: Moltres|move: Roost
|
|upkeep
|turn|8
|
|t:|1743799120
|move|p1a: Australian Ant|Substitute|p1a: Australian Ant
|-start|p1a: Australian Ant|Substitute
|-damage|p1a: Australian Ant|76/100
|move|p2a: Moltres|U-turn|p1a: Australian Ant
|-resisted|p1a: Australian Ant
|-activate|p1a: Australian Ant|move: Substitute|[damage]
|
|t:|1743799127
|switch|p2a: Kyurem|Kyurem|100/100|[from] U-turn
|-activate|p2a: Kyurem|move: Sticky Web
|-unboost|p2a: Kyurem|spe|1
|-ability|p2a: Kyurem|Pressure
|
|upkeep
|turn|9
|
|t:|1743799138
|move|p1a: Australian Ant|Fiery Dance|p2a: Kyurem
|-damage|p2a: Kyurem|46/100
|-boost|p1a: Australian Ant|spa|1
|move|p2a: Kyurem|Scale Shot|p1a: Australian Ant
|-end|p1a: Australian Ant|Substitute
|-damage|p1a: Australian Ant|52/100
|-damage|p1a: Australian Ant|26/100
|-damage|p1a: Australian Ant|1/100
|-hitcount|p1a: Australian Ant|4
|-unboost|p2a: Kyurem|def|1
|-boost|p2a: Kyurem|spe|1
|
|upkeep
|turn|10
|
|t:|1743799151
|switch|p2a: Keldeo|Keldeo, shiny|100/100
|-activate|p2a: Keldeo|move: Sticky Web
|-unboost|p2a: Keldeo|spe|1
|move|p1a: Australian Ant|Fiery Dance|p2a: Keldeo
|-resisted|p2a: Keldeo
|-damage|p2a: Keldeo|50/100
|-boost|p1a: Australian Ant|spa|1
|
|upkeep
|turn|11
|
|t:|1743799161
|-end|p1a: Australian Ant|Quark Drive|[silent]
|switch|p1a: Mr Money|Gholdengo|100/100
|-item|p1a: Mr Money|Air Balloon
|move|p2a: Keldeo|Vacuum Wave|p1a: Mr Money
|-immune|p1a: Mr Money
|
|upkeep
|turn|12
|
|t:|1743799174
|switch|p2a: Moltres|Moltres|100/100
|move|p1a: Mr Money|Dazzling Gleam|p2a: Moltres
|-resisted|p2a: Moltres
|-crit|p2a: Moltres
|-damage|p2a: Moltres|77/100
|
|upkeep
|turn|13
|
|t:|1743799190
|move|p1a: Mr Money|Nasty Plot|p1a: Mr Money
|-boost|p1a: Mr Money|spa|2
|move|p2a: Moltres|Fire Blast|p1a: Mr Money
|-supereffective|p1a: Mr Money
|-damage|p1a: Mr Money|0 fnt
|-enditem|p1a: Mr Money|Air Balloon
|faint|p1a: Mr Money
|
|upkeep
|
|t:|1743799198
|switch|p1a: Australian Ant|Iron Moth|1/100
|turn|14
|
|t:|1743799203
|move|p1a: Australian Ant|Energy Ball|p2a: Moltres
|-resisted|p2a: Moltres
|-damage|p2a: Moltres|69/100
|move|p2a: Moltres|Roost|p2a: Moltres
|-heal|p2a: Moltres|100/100
|-singleturn|p2a: Moltres|move: Roost
|
|upkeep
|turn|15
|
|t:|1743799211
|move|p1a: Australian Ant|Sludge Wave|p2a: Moltres
|-damage|p2a: Moltres|51/100
|move|p2a: Moltres|U-turn|p1a: Australian Ant
|-resisted|p1a: Australian Ant
|-damage|p1a: Australian Ant|0 fnt
|faint|p1a: Australian Ant
|-end|p1a: Australian Ant|Quark Drive|[silent]
|
|t:|1743799220
|switch|p2a: Slowking|Slowking-Galar, M|100/100|[from] U-turn
|
|upkeep
|
|t:|1743799225
|switch|p1a: Maybe Necks Game|Raging Bolt|100/100
|-enditem|p1a: Maybe Necks Game|Booster Energy
|-activate|p1a: Maybe Necks Game|ability: Protosynthesis|[fromitem]
|-start|p1a: Maybe Necks Game|protosynthesisspa
|turn|16
|
|t:|1743799234
|move|p1a: Maybe Necks Game|Calm Mind|p1a: Maybe Necks Game
|-boost|p1a: Maybe Necks Game|spa|1
|-boost|p1a: Maybe Necks Game|spd|1
|move|p2a: Slowking|Toxic|p1a: Maybe Necks Game
|-status|p1a: Maybe Necks Game|tox
|
|-damage|p1a: Maybe Necks Game|94/100 tox|[from] psn
|upkeep
|turn|17
|
|t:|1743799239
|move|p1a: Maybe Necks Game|Thunderclap||[still]
|-fail|p1a: Maybe Necks Game
|-prepare|p2a: Slowking|Chilly Reception|[premajor]
|move|p2a: Slowking|Chilly Reception|p2a: Slowking
|-weather|Snowscape
|
|t:|1743799243
|switch|p2a: Meowscarada|Meowscarada, M|100/100|[from] Chilly Reception
|-activate|p2a: Meowscarada|move: Sticky Web
|-unboost|p2a: Meowscarada|spe|1
|
|-weather|Snowscape|[upkeep]
|-damage|p1a: Maybe Necks Game|82/100 tox|[from] psn
|upkeep
|turn|18
|
|t:|1743799249
|switch|p2a: Slowking|Slowking-Galar, M|100/100
|move|p1a: Maybe Necks Game|Dragon Pulse|p2a: Slowking
|-damage|p2a: Slowking|43/100
|
|-weather|Snowscape|[upkeep]
|-damage|p1a: Maybe Necks Game|64/100 tox|[from] psn
|upkeep
|turn|19
|
|t:|1743799265
|switch|p2a: Kyurem|Kyurem|46/100
|-activate|p2a: Kyurem|move: Sticky Web
|-unboost|p2a: Kyurem|spe|1
|-ability|p2a: Kyurem|Pressure
|move|p1a: Maybe Necks Game|Dragon Pulse|p2a: Kyurem
|-supereffective|p2a: Kyurem
|-damage|p2a: Kyurem|0 fnt
|faint|p2a: Kyurem
|
|-weather|Snowscape|[upkeep]
|-damage|p1a: Maybe Necks Game|39/100 tox|[from] psn
|upkeep
|
|t:|1743799268
|switch|p2a: Slowking|Slowking-Galar, M|77/100
|turn|20
|
|t:|1743799279
|move|p1a: Maybe Necks Game|Dragon Pulse|p2a: Slowking
|-damage|p2a: Slowking|20/100
|move|p2a: Slowking|Sludge Bomb|p1a: Maybe Necks Game
|-damage|p1a: Maybe Necks Game|16/100 tox
|
|-weather|Snowscape|[upkeep]
|-damage|p1a: Maybe Necks Game|0 fnt|[from] psn
|faint|p1a: Maybe Necks Game
|-end|p1a: Maybe Necks Game|Protosynthesis|[silent]
|upkeep
|
|t:|1743799284
|switch|p1a: Ooong ging gang|Iron Valiant|23/100
|turn|21
|
|t:|1743799299
|switch|p2a: Moltres|Moltres|51/100
|move|p1a: Ooong ging gang|Shadow Ball|p2a: Moltres
|-damage|p2a: Moltres|20/100
|
|-weather|none
|upkeep
|turn|22
|
|t:|1743799305
|move|p1a: Ooong ging gang|Shadow Ball|p2a: Moltres
|-damage|p2a: Moltres|0 fnt
|faint|p2a: Moltres
|
|upkeep
|
|t:|1743799308
|switch|p2a: Meowscarada|Meowscarada, M|100/100
|-activate|p2a: Meowscarada|move: Sticky Web
|-unboost|p2a: Meowscarada|spe|1
|turn|23
|
|t:|1743799313
|move|p1a: Ooong ging gang|Moonblast|p2a: Meowscarada
|-supereffective|p2a: Meowscarada
|-enditem|p2a: Meowscarada|Focus Sash
|-damage|p2a: Meowscarada|1/100
|move|p2a: Meowscarada|Flower Trick|p1a: Ooong ging gang
|-start|p2a: Meowscarada|typechange|Grass|[from] ability: Protean
|-crit|p1a: Ooong ging gang
|-damage|p1a: Ooong ging gang|0 fnt
|faint|p1a: Ooong ging gang
|-end|p1a: Ooong ging gang|Quark Drive|[silent]
|
|upkeep
|
|t:|1743799319
|switch|p1a: 刺殺與劍術|Kingambit, F|100/100
|-activate|p1a: 刺殺與劍術|ability: Supreme Overlord
|-start|p1a: 刺殺與劍術|fallen5|[silent]
|-item|p1a: 刺殺與劍術|Air Balloon
|turn|24
|
|t:|1743799321
|move|p1a: 刺殺與劍術|Sucker Punch|p2a: Meowscarada
|-damage|p2a: Meowscarada|0 fnt
|faint|p2a: Meowscarada
|
|upkeep
|
|t:|1743799322
|switch|p2a: Keldeo|Keldeo, shiny|50/100
|-activate|p2a: Keldeo|move: Sticky Web
|-unboost|p2a: Keldeo|spe|1
|turn|25
|
|t:|1743799326
|move|p2a: Keldeo|Vacuum Wave|p1a: 刺殺與劍術
|-supereffective|p1a: 刺殺與劍術
|-damage|p1a: 刺殺與劍術|0 fnt
|-enditem|p1a: 刺殺與劍術|Air Balloon
|faint|p1a: 刺殺與劍術
|-end|p1a: 刺殺與劍術|fallen5|[silent]
|
|win|r1icard
|raw|frankferris's rating: 1406 &rarr; <strong>1389</strong><br />(-17 for losing)
|raw|r1icard's rating: 1450 &rarr; <strong>1467</strong><br />(+17 for winning)
|l|☆frankferris
|player|p1|
|l|☆r1icard
|player|p2|
