|j|☆Kiwi Weewee
|j|☆WanderingTrainerll
|t:|1743826783
|gametype|singles
|player|p1|Kiwi Weewee|265|1054
|player|p2|WanderingTrainerll|266|1077
|teamsize|p1|6
|teamsize|p2|6
|gen|9
|tier|[Gen 9] OU
|rated|
|rule|HP Percentage Mod: HP is shown in percentages
|rule|Endless Battle Clause: Forcing endless battles is banned
|rule|Species Clause: Limit one of each Pokémon
|rule|OHKO Clause: OHKO moves are banned
|rule|Evasion Items Clause: Evasion items are banned
|rule|Evasion Moves Clause: Evasion moves are banned
|rule|Sleep Moves Clause: Sleep-inducing moves are banned
|clearpoke
|poke|p1|Weavile, F|
|poke|p1|Ditto|
|poke|p1|Great Tusk|
|poke|p1|Dragapult, F|
|poke|p1|Clodsire, M|
|poke|p1|Blaziken, M|
|poke|p2|Breloom, M|
|poke|p2|Galvantula, M|
|poke|p2|Cinccino, F|
|poke|p2|Espeon, F|
|poke|p2|Klefki, F|
|poke|p2|Flygon, M|
|teampreview
|
|t:|1743826820
|start
|switch|p1a: Blaziken|Blaziken, M|100/100
|switch|p2a: Benny Buggin'|Galvantula, M, shiny|100/100
|turn|1
|
|t:|1743826830
|move|p2a: Benny Buggin'|Thunderbolt|p1a: Blaziken
|-damage|p1a: Blaziken|44/100
|move|p1a: Blaziken|Overheat|p2a: Benny Buggin'
|-supereffective|p2a: Benny Buggin'
|-damage|p2a: Benny Buggin'|0 fnt
|-unboost|p1a: Blaziken|spa|2
|faint|p2a: Benny Buggin'
|-damage|p1a: Blaziken|34/100|[from] item: Life Orb
|
|-ability|p1a: Blaziken|Speed Boost|boost
|-boost|p1a: Blaziken|spe|1
|upkeep
|
|t:|1743826850
|switch|p2a: Clara Klinky|Klefki, F, shiny|100/100
|turn|2
|
|t:|1743826856
|move|p2a: Clara Klinky|Switcheroo|p1a: Blaziken
|-activate|p2a: Clara Klinky|move: Trick|[of] p1a: Blaziken
|-item|p1a: Blaziken|Choice Specs|[from] move: Switcheroo
|-item|p2a: Clara Klinky|Life Orb|[from] move: Switcheroo
|move|p1a: Blaziken|Flare Blitz|p2a: Clara Klinky
|-supereffective|p2a: Clara Klinky
|-damage|p2a: Clara Klinky|0 fnt
|faint|p2a: Clara Klinky
|-damage|p1a: Blaziken|0 fnt|[from] Recoil
|faint|p1a: Blaziken
|
|upkeep
|
|t:|1743826886
|switch|p1a: Weavile|Weavile, F|100/100
|switch|p2a: Freddie Fly|Flygon, M, shiny|100/100
|-ability|p1a: Weavile|Pressure
|turn|3
|
|t:|1743826897
|move|p1a: Weavile|Icicle Crash|p2a: Freddie Fly
|-supereffective|p2a: Freddie Fly
|-enditem|p2a: Freddie Fly|Focus Sash
|-damage|p2a: Freddie Fly|1/100
|move|p2a: Freddie Fly|Earthquake|p1a: Weavile
|-damage|p1a: Weavile|23/100
|
|upkeep
|turn|4
|
|t:|1743826905
|move|p1a: Weavile|Icicle Crash|p2a: Freddie Fly
|-supereffective|p2a: Freddie Fly
|-damage|p2a: Freddie Fly|0 fnt
|faint|p2a: Freddie Fly
|
|upkeep
|
|t:|1743826910
|switch|p2a: Darlene Danger|Espeon, F, shiny|100/100
|turn|5
|
|t:|1743826921
|switch|p1a: Dragapult|Dragapult, F|100/100
|move|p2a: Darlene Danger|Shadow Ball|p1a: Dragapult
|-supereffective|p1a: Dragapult
|-damage|p1a: Dragapult|0 fnt
|faint|p1a: Dragapult
|
|upkeep
|
|t:|1743826934
|switch|p1a: Weavile|Weavile, F|23/100
|-ability|p1a: Weavile|Pressure
|turn|6
|
|t:|1743826939
|-terastallize|p2a: Darlene Danger|Electric
|move|p2a: Darlene Danger|Shadow Ball|p1a: Weavile
|-resisted|p1a: Weavile
|-damage|p1a: Weavile|0 fnt
|faint|p1a: Weavile
|
|upkeep
|inactive|Battle timer is ON: inactive players will automatically lose when time's up. (requested by Kiwi Weewee)
|
|t:|1743826951
|switch|p1a: Clodsire|Clodsire, M|100/100
|turn|7
|
|t:|1743826959
|switch|p2a: Joey Jawbreaker|Breloom, M, shiny|100/100
|move|p1a: Clodsire|Poison Jab|p2a: Joey Jawbreaker
|-supereffective|p2a: Joey Jawbreaker
|-damage|p2a: Joey Jawbreaker|31/100
|
|upkeep
|turn|8
|
|t:|1743826966
|move|p2a: Joey Jawbreaker|Bullet Seed|p1a: Clodsire
|-damage|p1a: Clodsire|80/100
|-damage|p1a: Clodsire|59/100
|-damage|p1a: Clodsire|36/100
|-damage|p1a: Clodsire|15/100
|-damage|p1a: Clodsire|0 fnt
|faint|p1a: Clodsire
|-hitcount|p1: Clodsire|5
|
|upkeep
|
|t:|1743826977
|switch|p1a: Ditto|Ditto|100/100
|-transform|p1a: Ditto|p2a: Joey Jawbreaker|[from] ability: Imposter
|turn|9
|
|t:|1743826994
|switch|p2a: Darlene Danger|Espeon, F, shiny, tera:Electric|100/100
|move|p1a: Ditto|Mach Punch|p2a: Darlene Danger
|-damage|p2a: Darlene Danger|37/100
|
|upkeep
|turn|10
|
|t:|1743827002
|move|p1a: Ditto|Mach Punch|p2a: Darlene Danger
|-damage|p2a: Darlene Danger|0 fnt
|faint|p2a: Darlene Danger
|
|upkeep
|-message|WanderingTrainerll forfeited.
|
|win|Kiwi Weewee
|raw|Kiwi Weewee's rating: 1054 &rarr; <strong>1088</strong><br />(+34 for winning)
|raw|WanderingTrainerll's rating: 1077 &rarr; <strong>1054</strong><br />(-23 for losing)
|l|☆WanderingTrainerll
|player|p2|
|l|☆Kiwi Weewee
|player|p1|
