|j|☆kumquatkum
|j|☆Team BBIO 38
|t:|1743908254
|gametype|singles
|player|p1|kumquatkum|blue|1334
|player|p2|Team BBIO 38|dragontamer|1368
|teamsize|p1|6
|teamsize|p2|6
|gen|9
|tier|[Gen 9] OU
|rated|
|rule|HP Percentage Mod: HP is shown in percentages
|rule|Endless Battle Clause: Forcing endless battles is banned
|rule|Species Clause: Limit one of each Pokémon
|rule|OHKO Clause: OHKO moves are banned
|rule|Evasion Items Clause: Evasion items are banned
|rule|Evasion Moves Clause: Evasion moves are banned
|rule|Sleep Moves Clause: Sleep-inducing moves are banned
|clearpoke
|poke|p1|Ninetales, F|
|poke|p1|Leafeon, M|
|poke|p1|Dragapult, F|
|poke|p1|Corviknight, F|
|poke|p1|Walking Wake|
|poke|p1|Torkoal, F|
|poke|p2|Dusclops, M|
|poke|p2|Blissey, F|
|poke|p2|Flamigo, M|
|poke|p2|Mimikyu, M|
|poke|p2|Rotom-Wash|
|poke|p2|Alcremie-Rainbow-Swirl, F|
|teampreview
|inactive|Battle timer is ON: inactive players will automatically lose when time's up. (requested by Team BBIO 38)
|inactive|kumquatkum also wants the timer to be on.
|
|t:|1743908261
|start
|switch|p1a: Dragapult|Dragapult, F|100/100
|switch|p2a: Rotom|Rotom-Wash|100/100
|turn|1
|
|t:|1743908269
|switch|p2a: Mimikyu|Mimikyu, M|100/100
|move|p1a: Dragapult|Dragon Darts|p2a: Mimikyu
|-immune|p2a: Mimikyu
|
|upkeep
|turn|2
|
|t:|1743908279
|switch|p1a: Corviknight|Corviknight, F, shiny|100/100
|-ability|p1a: Corviknight|Pressure
|move|p2a: Mimikyu|Play Rough|p1a: Corviknight
|-resisted|p1a: Corviknight
|-damage|p1a: Corviknight|89/100
|-unboost|p1a: Corviknight|atk|1
|-damage|p2a: Mimikyu|84/100|[from] item: Rocky Helmet|[of] p1a: Corviknight
|
|upkeep
|turn|3
|
|t:|1743908290
|switch|p2a: Dusclops|Dusclops, M|100/100
|-item|p1a: Corviknight|Rocky Helmet|[from] ability: Frisk|[of] p2a: Dusclops
|move|p1a: Corviknight|U-turn|p2a: Dusclops
|-resisted|p2a: Dusclops
|-damage|p2a: Dusclops|98/100
|
|t:|1743908308
|switch|p1a: Ninetales|Ninetales, F, shiny|100/100|[from] U-turn
|-weather|SunnyDay|[from] ability: Drought|[of] p1a: Ninetales
|
|-weather|SunnyDay|[upkeep]
|upkeep
|turn|4
|
|t:|1743908317
|switch|p2a: Blissey|Blissey, F|100/100
|move|p1a: Ninetales|Snarl|p2a: Blissey
|-damage|p2a: Blissey|95/100
|-unboost|p2a: Blissey|spa|1
|
|-weather|SunnyDay|[upkeep]
|-heal|p2a: Blissey|100/100|[from] item: Leftovers
|upkeep
|turn|5
|inactive|kumquatkum has 120 seconds left.
|
|t:|1743908347
|switch|p1a: Dragapult|Dragapult, F|100/100
|move|p2a: Blissey|Stealth Rock|p1a: Dragapult
|-sidestart|p1: kumquatkum|move: Stealth Rock
|
|-weather|SunnyDay|[upkeep]
|upkeep
|turn|6
|
|t:|1743908368
|switch|p2a: Alcremie|Alcremie-Rainbow-Swirl, F|100/100
|move|p1a: Dragapult|U-turn|p2a: Alcremie
|-resisted|p2a: Alcremie
|-damage|p2a: Alcremie|84/100
|
|t:|1743908378
|switch|p1a: Corviknight|Corviknight, F, shiny|89/100|[from] U-turn
|-damage|p1a: Corviknight|77/100|[from] Stealth Rock
|-ability|p1a: Corviknight|Pressure
|
|-weather|SunnyDay|[upkeep]
|upkeep
|turn|7
|
|t:|1743908389
|move|p1a: Corviknight|Defog|p2a: Alcremie
|-unboost|p2a: Alcremie|evasion|1
|-sideend|p1: kumquatkum|Stealth Rock|[from] move: Defog|[of] p1a: Corviknight
|move|p2a: Alcremie|Acid Armor|p2a: Alcremie
|-boost|p2a: Alcremie|def|2
|
|-weather|SunnyDay|[upkeep]
|upkeep
|turn|8
|
|t:|1743908397
|move|p1a: Corviknight|U-turn|p2a: Alcremie
|-resisted|p2a: Alcremie
|-damage|p2a: Alcremie|81/100
|
|t:|1743908401
|switch|p1a: Ninetales|Ninetales, F, shiny|100/100|[from] U-turn
|move|p2a: Alcremie|Calm Mind|p2a: Alcremie
|-boost|p2a: Alcremie|spa|1
|-boost|p2a: Alcremie|spd|1
|
|-weather|SunnyDay|[upkeep]
|upkeep
|turn|9
|
|t:|1743908410
|move|p1a: Ninetales|Encore|p2a: Alcremie
|-block|p2a: Alcremie|ability: Aroma Veil|[of] p2a: Alcremie
|move|p2a: Alcremie|Calm Mind|p2a: Alcremie
|-boost|p2a: Alcremie|spa|1
|-boost|p2a: Alcremie|spd|1
|
|-weather|SunnyDay|[upkeep]
|upkeep
|turn|10
|
|t:|1743908431
|move|p1a: Ninetales|Snarl|p2a: Alcremie
|-resisted|p2a: Alcremie
|-damage|p2a: Alcremie|78/100
|-unboost|p2a: Alcremie|spa|1
|move|p2a: Alcremie|Calm Mind|p2a: Alcremie
|-boost|p2a: Alcremie|spa|1
|-boost|p2a: Alcremie|spd|1
|
|-weather|none
|upkeep
|turn|11
|
|t:|1743908445
|switch|p1a: Torkoal|Torkoal, F|100/100
|-weather|SunnyDay|[from] ability: Drought|[of] p1a: Torkoal
|move|p2a: Alcremie|Acid Armor|p2a: Alcremie
|-boost|p2a: Alcremie|def|2
|
|-weather|SunnyDay|[upkeep]
|upkeep
|turn|12
|
|t:|1743908459
|move|p2a: Alcremie|Draining Kiss|p1a: Torkoal
|-resisted|p1a: Torkoal
|-damage|p1a: Torkoal|73/100
|-heal|p2a: Alcremie|99/100|[from] drain|[of] p1a: Torkoal
|move|p1a: Torkoal|Clear Smog|p2a: Alcremie
|-supereffective|p2a: Alcremie
|-damage|p2a: Alcremie|92/100
|-clearboost|p2a: Alcremie
|
|-weather|SunnyDay|[upkeep]
|upkeep
|turn|13
|
|t:|1743908471
|switch|p2a: Rotom|Rotom-Wash|100/100
|move|p1a: Torkoal|Stealth Rock|p2a: Rotom
|-sidestart|p2: Team BBIO 38|move: Stealth Rock
|
|-weather|SunnyDay|[upkeep]
|upkeep
|turn|14
|
|t:|1743908488
|switch|p1a: Walking Wake|Walking Wake|100/100
|-activate|p1a: Walking Wake|ability: Protosynthesis
|-start|p1a: Walking Wake|protosynthesisspe
|move|p2a: Rotom|Hydro Pump|p1a: Walking Wake
|-resisted|p1a: Walking Wake
|-damage|p1a: Walking Wake|89/100
|
|-weather|SunnyDay|[upkeep]
|upkeep
|turn|15
|
|t:|1743908499
|switch|p2a: Blissey|Blissey, F|100/100
|-damage|p2a: Blissey|88/100|[from] Stealth Rock
|move|p1a: Walking Wake|Hydro Steam|p2a: Blissey
|-damage|p2a: Blissey|61/100
|-damage|p1a: Walking Wake|79/100|[from] item: Life Orb
|
|-weather|SunnyDay|[upkeep]
|-heal|p2a: Blissey|67/100|[from] item: Leftovers
|upkeep
|turn|16
|
|t:|1743908513
|move|p1a: Walking Wake|Hydro Steam|p2a: Blissey
|-damage|p2a: Blissey|37/100
|-damage|p1a: Walking Wake|69/100|[from] item: Life Orb
|move|p2a: Blissey|Stealth Rock|p1a: Walking Wake
|-sidestart|p1: kumquatkum|move: Stealth Rock
|
|-weather|SunnyDay|[upkeep]
|-heal|p2a: Blissey|44/100|[from] item: Leftovers
|upkeep
|turn|17
|
|t:|1743908523
|move|p1a: Walking Wake|Draco Meteor|p2a: Blissey
|-damage|p2a: Blissey|14/100
|-unboost|p1a: Walking Wake|spa|2
|-damage|p1a: Walking Wake|59/100|[from] item: Life Orb
|move|p2a: Blissey|Soft-Boiled|p2a: Blissey
|-heal|p2a: Blissey|64/100
|
|-weather|SunnyDay|[upkeep]
|-heal|p2a: Blissey|70/100|[from] item: Leftovers
|upkeep
|turn|18
|
|t:|1743908534
|-end|p1a: Walking Wake|Protosynthesis|[silent]
|switch|p1a: Ninetales|Ninetales, F, shiny|100/100
|-damage|p1a: Ninetales|76/100|[from] Stealth Rock
|switch|p2a: Alcremie|Alcremie-Rainbow-Swirl, F|92/100
|-damage|p2a: Alcremie|79/100|[from] Stealth Rock
|
|-weather|none
|upkeep
|turn|19
|
|t:|1743908547
|switch|p1a: Torkoal|Torkoal, F|73/100
|-damage|p1a: Torkoal|48/100|[from] Stealth Rock
|-weather|SunnyDay|[from] ability: Drought|[of] p1a: Torkoal
|move|p2a: Alcremie|Calm Mind|p2a: Alcremie
|-boost|p2a: Alcremie|spa|1
|-boost|p2a: Alcremie|spd|1
|
|-weather|SunnyDay|[upkeep]
|upkeep
|turn|20
|
|t:|1743908556
|-terastallize|p2a: Alcremie|Steel
|move|p2a: Alcremie|Calm Mind|p2a: Alcremie
|-boost|p2a: Alcremie|spa|1
|-boost|p2a: Alcremie|spd|1
|move|p1a: Torkoal|Clear Smog|p2a: Alcremie
|-immune|p2a: Alcremie
|
|-weather|SunnyDay|[upkeep]
|upkeep
|turn|21
|
|t:|1743908567
|move|p2a: Alcremie|Calm Mind|p2a: Alcremie
|-boost|p2a: Alcremie|spa|1
|-boost|p2a: Alcremie|spd|1
|move|p1a: Torkoal|Flamethrower|p2a: Alcremie
|-supereffective|p2a: Alcremie
|-damage|p2a: Alcremie|49/100
|
|-weather|SunnyDay|[upkeep]
|upkeep
|turn|22
|
|t:|1743908575
|move|p2a: Alcremie|Stored Power|p1a: Torkoal
|-damage|p1a: Torkoal|0 fnt
|faint|p1a: Torkoal
|
|-weather|SunnyDay|[upkeep]
|upkeep
|
|t:|1743908584
|switch|p1a: Leafeon|Leafeon, M|100/100
|-damage|p1a: Leafeon|88/100|[from] Stealth Rock
|turn|23
|
|t:|1743908590
|-terastallize|p1a: Leafeon|Fire
|move|p1a: Leafeon|Tera Blast|p2a: Alcremie|[anim] Tera Blast Fire
|-supereffective|p2a: Alcremie
|-damage|p2a: Alcremie|0 fnt
|faint|p2a: Alcremie
|-damage|p1a: Leafeon|78/100|[from] item: Life Orb
|
|-weather|SunnyDay|[upkeep]
|upkeep
|
|t:|1743908599
|switch|p2a: Blissey|Blissey, F|70/100
|-damage|p2a: Blissey|58/100|[from] Stealth Rock
|turn|24
|
|t:|1743908604
|move|p1a: Leafeon|Tera Blast|p2a: Blissey|[anim] Tera Blast Fire
|-damage|p2a: Blissey|0 fnt
|faint|p2a: Blissey
|-damage|p1a: Leafeon|68/100|[from] item: Life Orb
|
|-weather|SunnyDay|[upkeep]
|upkeep
|
|t:|1743908613
|switch|p2a: Mimikyu|Mimikyu, M|84/100
|-damage|p2a: Mimikyu|72/100|[from] Stealth Rock
|turn|25
|
|t:|1743908619
|switch|p1a: Corviknight|Corviknight, F, shiny|77/100
|-damage|p1a: Corviknight|65/100|[from] Stealth Rock
|-ability|p1a: Corviknight|Pressure
|move|p2a: Mimikyu|Play Rough|p1a: Corviknight
|-resisted|p1a: Corviknight
|-damage|p1a: Corviknight|53/100
|-damage|p2a: Mimikyu|55/100|[from] item: Rocky Helmet|[of] p1a: Corviknight
|
|-weather|SunnyDay|[upkeep]
|upkeep
|turn|26
|
|t:|1743908629
|switch|p2a: Dusclops|Dusclops, M|98/100
|-damage|p2a: Dusclops|86/100|[from] Stealth Rock
|-item|p1a: Corviknight|Rocky Helmet|[from] ability: Frisk|[of] p2a: Dusclops
|move|p1a: Corviknight|Roost|p1a: Corviknight
|-heal|p1a: Corviknight|100/100
|-singleturn|p1a: Corviknight|move: Roost
|
|-weather|none
|upkeep
|turn|27
|
|t:|1743908651
|move|p1a: Corviknight|Defog|p2a: Dusclops
|-unboost|p2a: Dusclops|evasion|1
|-sideend|p2: Team BBIO 38|Stealth Rock|[from] move: Defog|[of] p1a: Corviknight
|-sideend|p1: kumquatkum|Stealth Rock|[from] move: Defog|[of] p1a: Corviknight
|move|p2a: Dusclops|Will-O-Wisp|p1a: Corviknight
|-status|p1a: Corviknight|brn
|
|-damage|p1a: Corviknight|94/100 brn|[from] brn
|upkeep
|turn|28
|
|t:|1743908658
|move|p1a: Corviknight|U-turn|p2a: Dusclops
|-resisted|p2a: Dusclops
|-damage|p2a: Dusclops|84/100
|
|t:|1743908667
|switch|p1a: Ninetales|Ninetales, F, shiny|76/100|[from] U-turn
|-weather|SunnyDay|[from] ability: Drought|[of] p1a: Ninetales
|move|p2a: Dusclops|Night Shade|p1a: Ninetales
|-damage|p1a: Ninetales|41/100
|
|-weather|SunnyDay|[upkeep]
|upkeep
|turn|29
|
|t:|1743908676
|switch|p2a: Rotom|Rotom-Wash|100/100
|move|p1a: Ninetales|Flamethrower|p2a: Rotom
|-resisted|p2a: Rotom
|-damage|p2a: Rotom|75/100
|
|-weather|SunnyDay|[upkeep]
|upkeep
|turn|30
|
|t:|1743908688
|move|p1a: Ninetales|Memento|p2a: Rotom
|-unboost|p2a: Rotom|atk|2
|-unboost|p2a: Rotom|spa|2
|faint|p1a: Ninetales
|move|p2a: Rotom|Hydro Pump|p1: Ninetales|[notarget]
|-fail|p2a: Rotom
|
|-weather|SunnyDay|[upkeep]
|upkeep
|
|t:|1743908692
|switch|p1a: Leafeon|Leafeon, M, tera:Fire|68/100
|turn|31
|
|t:|1743908704
|switch|p2a: Mimikyu|Mimikyu, M|55/100
|move|p1a: Leafeon|Swords Dance|p1a: Leafeon
|-boost|p1a: Leafeon|atk|2
|
|-weather|SunnyDay|[upkeep]
|upkeep
|turn|32
|
|t:|1743908728
|move|p1a: Leafeon|Leaf Blade|p2a: Mimikyu
|-activate|p2a: Mimikyu|ability: Disguise
|-damage|p2a: Mimikyu|55/100
|detailschange|p2a: Mimikyu|Mimikyu-Busted, M
|-damage|p2a: Mimikyu|43/100|[from] pokemon: Mimikyu-Busted
|-enditem|p2a: Mimikyu|Red Card|[of] p1a: Leafeon
|drag|p1a: Walking Wake|Walking Wake|59/100
|-activate|p1a: Walking Wake|ability: Protosynthesis
|-start|p1a: Walking Wake|protosynthesisspe
|move|p2a: Mimikyu|Play Rough|p1a: Walking Wake
|-supereffective|p1a: Walking Wake
|-damage|p1a: Walking Wake|0 fnt
|faint|p1a: Walking Wake
|-end|p1a: Walking Wake|Protosynthesis|[silent]
|
|-weather|SunnyDay|[upkeep]
|upkeep
|
|t:|1743908746
|switch|p1a: Leafeon|Leafeon, M, tera:Fire|68/100
|turn|33
|
|t:|1743908751
|move|p2a: Mimikyu|Shadow Sneak|p1a: Leafeon
|-damage|p1a: Leafeon|52/100
|move|p1a: Leafeon|Tera Blast|p2a: Mimikyu|[anim] Tera Blast Fire
|-damage|p2a: Mimikyu|0 fnt
|faint|p2a: Mimikyu
|-damage|p1a: Leafeon|42/100|[from] item: Life Orb
|
|-weather|SunnyDay|[upkeep]
|upkeep
|
|t:|1743908760
|switch|p2a: Rotom|Rotom-Wash|75/100
|turn|34
|
|t:|1743908770
|switch|p2a: Flamigo|Flamigo, M|100/100
|move|p1a: Leafeon|Leaf Blade|p2a: Flamigo
|-resisted|p2a: Flamigo
|-crit|p2a: Flamigo
|-damage|p2a: Flamigo|37/100
|-damage|p1a: Leafeon|32/100|[from] item: Life Orb
|
|-weather|SunnyDay|[upkeep]
|upkeep
|turn|35
|
|t:|1743908781
|switch|p2a: Rotom|Rotom-Wash|75/100
|move|p1a: Leafeon|Leaf Blade|p2a: Rotom
|-supereffective|p2a: Rotom
|-damage|p2a: Rotom|0 fnt
|faint|p2a: Rotom
|-damage|p1a: Leafeon|22/100|[from] item: Life Orb
|
|-weather|none
|upkeep
|
|t:|1743908792
|switch|p2a: Flamigo|Flamigo, M|37/100
|turn|36
|
|t:|1743908798
|switch|p1a: Corviknight|Corviknight, F, shiny|94/100 brn
|-ability|p1a: Corviknight|Pressure
|move|p2a: Flamigo|Close Combat|p1a: Corviknight
|-damage|p1a: Corviknight|60/100 brn
|-unboost|p2a: Flamigo|def|1
|-unboost|p2a: Flamigo|spd|1
|-damage|p2a: Flamigo|20/100|[from] item: Rocky Helmet|[of] p1a: Corviknight
|
|-damage|p1a: Corviknight|54/100 brn|[from] brn
|upkeep
|turn|37
|
|t:|1743908812
|move|p2a: Flamigo|Close Combat|p1a: Corviknight
|-damage|p1a: Corviknight|17/100 brn
|-unboost|p2a: Flamigo|def|1
|-unboost|p2a: Flamigo|spd|1
|-damage|p2a: Flamigo|4/100|[from] item: Rocky Helmet|[of] p1a: Corviknight
|move|p1a: Corviknight|Roost|p1a: Corviknight
|-heal|p1a: Corviknight|67/100 brn
|-singleturn|p1a: Corviknight|move: Roost
|
|-damage|p1a: Corviknight|61/100 brn|[from] brn
|upkeep
|turn|38
|
|t:|1743908823
|switch|p2a: Dusclops|Dusclops, M|84/100
|-item|p1a: Corviknight|Rocky Helmet|[from] ability: Frisk|[of] p2a: Dusclops
|move|p1a: Corviknight|Roost|p1a: Corviknight
|-heal|p1a: Corviknight|100/100 brn
|-singleturn|p1a: Corviknight|move: Roost
|
|-damage|p1a: Corviknight|94/100 brn|[from] brn
|upkeep
|turn|39
|
|t:|1743908850
|move|p1a: Corviknight|U-turn|p2a: Dusclops
|-resisted|p2a: Dusclops
|-damage|p2a: Dusclops|82/100
|
|t:|1743908856
|switch|p1a: Dragapult|Dragapult, F|100/100|[from] U-turn
|move|p2a: Dusclops|Night Shade|p1a: Dragapult
|-damage|p1a: Dragapult|69/100
|
|upkeep
|turn|40
|
|t:|1743908863
|move|p1a: Dragapult|Dragon Darts|p2a: Dusclops
|-damage|p2a: Dusclops|65/100
|-anim|p1a: Dragapult|Dragon Darts|p2a: Dusclops
|-damage|p2a: Dusclops|45/100
|move|p2a: Dusclops|Will-O-Wisp|p1a: Dragapult
|-status|p1a: Dragapult|brn
|
|-damage|p1a: Dragapult|63/100 brn|[from] brn
|upkeep
|turn|41
|
|t:|1743908872
|move|p1a: Dragapult|Dragon Darts|p2a: Dusclops
|-damage|p2a: Dusclops|36/100
|-anim|p1a: Dragapult|Dragon Darts|p2a: Dusclops
|-damage|p2a: Dusclops|28/100
|move|p2a: Dusclops|Pain Split|p1a: Dragapult
|-sethp|p1a: Dragapult|44/100 brn|[from] move: Pain Split|[silent]
|-sethp|p2a: Dusclops|49/100|[from] move: Pain Split
|
|-damage|p1a: Dragapult|38/100 brn|[from] brn
|upkeep
|turn|42
|
|t:|1743908881
|move|p1a: Dragapult|Dragon Darts|p2a: Dusclops
|-damage|p2a: Dusclops|39/100
|-anim|p1a: Dragapult|Dragon Darts|p2a: Dusclops
|-damage|p2a: Dusclops|31/100
|move|p2a: Dusclops|Night Shade|p1a: Dragapult
|-damage|p1a: Dragapult|6/100 brn
|
|-damage|p1a: Dragapult|0 fnt|[from] brn
|faint|p1a: Dragapult
|upkeep
|
|t:|1743908889
|switch|p1a: Leafeon|Leafeon, M, tera:Fire|22/100
|turn|43
|
|t:|1743908900
|move|p1a: Leafeon|Knock Off|p2a: Dusclops
|-supereffective|p2a: Dusclops
|-damage|p2a: Dusclops|0 fnt
|-enditem|p2a: Dusclops|Eviolite|[from] move: Knock Off|[of] p1a: Leafeon
|faint|p2a: Dusclops
|-damage|p1a: Leafeon|12/100|[from] item: Life Orb
|
|upkeep
|
|t:|1743908906
|switch|p2a: Flamigo|Flamigo, M|4/100
|turn|44
|
|t:|1743908909
|switch|p1a: Corviknight|Corviknight, F, shiny|94/100 brn
|-ability|p1a: Corviknight|Pressure
|move|p2a: Flamigo|Close Combat|p1a: Corviknight
|-damage|p1a: Corviknight|60/100 brn
|-unboost|p2a: Flamigo|def|1
|-unboost|p2a: Flamigo|spd|1
|-damage|p2a: Flamigo|0 fnt|[from] item: Rocky Helmet|[of] p1a: Corviknight
|faint|p2a: Flamigo
|
|win|kumquatkum
|raw|kumquatkum's rating: 1334 &rarr; <strong>1356</strong><br />(+22 for winning)
|raw|Team BBIO 38's rating: 1368 &rarr; <strong>1346</strong><br />(-22 for losing)
|l|☆kumquatkum
|player|p1|
|l|☆Team BBIO 38
|player|p2|
