|j|☆blerryblainer
|j|☆hawker_mk5
|t:|1743863633
|gametype|singles
|player|p1|blerryblainer|wallace|1451
|player|p2|hawker_mk5|volkner|1541
|teamsize|p1|6
|teamsize|p2|6
|gen|9
|tier|[Gen 9] OU
|rated|
|rule|HP Percentage Mod: HP is shown in percentages
|rule|Endless Battle Clause: Forcing endless battles is banned
|rule|Species Clause: Limit one of each Pokémon
|rule|OHKO Clause: OHKO moves are banned
|rule|Evasion Items Clause: Evasion items are banned
|rule|Evasion Moves Clause: Evasion moves are banned
|rule|Sleep Moves Clause: Sleep-inducing moves are banned
|clearpoke
|poke|p1|Glimmora, F|
|poke|p1|Raging Bolt|
|poke|p1|Blaziken, F|
|poke|p1|Excadrill, F|
|poke|p1|Dragapult, F|
|poke|p1|Dragonite, M|
|poke|p2|Metagross|
|poke|p2|Rotom-Wash|
|poke|p2|Kyurem|
|poke|p2|Primarina, F|
|poke|p2|Cinderace, F|
|poke|p2|Gliscor, M|
|teampreview
|inactive|Battle timer is ON: inactive players will automatically lose when time's up. (requested by hawker_mk5)
|inactive|blerryblainer also wants the timer to be on.
|
|t:|1743863651
|start
|switch|p1a: Glimmora|Glimmora, F|100/100
|switch|p2a: Metagross|Metagross|100/100
|turn|1
|
|t:|1743863655
|move|p2a: Metagross|Bullet Punch|p1a: Glimmora
|-supereffective|p1a: Glimmora
|-damage|p1a: Glimmora|14/100
|-activate|p1a: Glimmora|ability: Toxic Debris
|-sidestart|p2: hawker_mk5|move: Toxic Spikes
|move|p1a: Glimmora|Stealth Rock|p2a: Metagross
|-sidestart|p2: hawker_mk5|move: Stealth Rock
|
|upkeep
|turn|2
|
|t:|1743863662
|switch|p1a: Blaziken|Blaziken, F|100/100
|move|p2a: Metagross|Bullet Punch|p1a: Blaziken
|-resisted|p1a: Blaziken
|-damage|p1a: Blaziken|79/100
|
|upkeep
|turn|3
|
|t:|1743863670
|switch|p2a: Rotom|Rotom-Wash|100/100
|-damage|p2a: Rotom|88/100|[from] Stealth Rock
|move|p1a: Blaziken|Focus Energy|p1a: Blaziken
|-start|p1a: Blaziken|move: Focus Energy
|
|-heal|p2a: Rotom|94/100|[from] item: Leftovers
|-ability|p1a: Blaziken|Speed Boost|boost
|-boost|p1a: Blaziken|spe|1
|upkeep
|turn|4
|
|t:|1743863684
|move|p1a: Blaziken|Focus Blast|p2a: Rotom
|-crit|p2a: Rotom
|-damage|p2a: Rotom|0 fnt
|faint|p2a: Rotom
|
|-ability|p1a: Blaziken|Speed Boost|boost
|-boost|p1a: Blaziken|spe|1
|upkeep
|
|t:|1743863692
|switch|p2a: Gliscor|Gliscor, M|100/100
|-damage|p2a: Gliscor|88/100|[from] Stealth Rock
|turn|5
|
|t:|1743863697
|move|p1a: Blaziken|Protect|p1a: Blaziken
|-singleturn|p1a: Blaziken|Protect
|move|p2a: Gliscor|Earthquake|p1a: Blaziken
|-activate|p1a: Blaziken|move: Protect
|
|-ability|p1a: Blaziken|Speed Boost|boost
|-boost|p1a: Blaziken|spe|1
|-status|p2a: Gliscor|tox|[from] item: Toxic Orb
|upkeep
|turn|6
|
|t:|1743863701
|move|p2a: Gliscor|Protect|p2a: Gliscor
|-singleturn|p2a: Gliscor|Protect
|move|p1a: Blaziken|Overheat|p2a: Gliscor
|-activate|p2a: Gliscor|move: Protect
|
|-heal|p2a: Gliscor|100/100 tox|[from] ability: Poison Heal
|-ability|p1a: Blaziken|Speed Boost|boost
|-boost|p1a: Blaziken|spe|1
|upkeep
|turn|7
|
|t:|1743863710
|move|p1a: Blaziken|Overheat|p2a: Gliscor
|-crit|p2a: Gliscor
|-damage|p2a: Gliscor|9/100 tox
|-unboost|p1a: Blaziken|spa|2
|move|p2a: Gliscor|Earthquake|p1a: Blaziken
|-supereffective|p1a: Blaziken
|-damage|p1a: Blaziken|0 fnt
|faint|p1a: Blaziken
|
|-heal|p2a: Gliscor|22/100 tox|[from] ability: Poison Heal
|upkeep
|
|t:|1743863722
|switch|p1a: Glimmora|Glimmora, F|14/100
|turn|8
|
|t:|1743863727
|move|p1a: Glimmora|Power Gem|p2a: Gliscor
|-damage|p2a: Gliscor|0 fnt
|faint|p2a: Gliscor
|
|upkeep
|
|t:|1743863732
|switch|p2a: Cinderace|Cinderace, F|100/100
|turn|9
|
|t:|1743863740
|move|p2a: Cinderace|Court Change|p2a: Cinderace
|-start|p2a: Cinderace|typechange|Normal|[from] ability: Libero
|-swapsideconditions
|-activate|p2a: Cinderace|move: Court Change
|move|p1a: Glimmora|Mortal Spin|p2a: Cinderace
|-damage|p2a: Cinderace|93/100
|-status|p2a: Cinderace|psn
|-sideend|p1: blerryblainer|Toxic Spikes|[from] move: Mortal Spin|[of] p1a: Glimmora
|-sideend|p1: blerryblainer|Stealth Rock|[from] move: Mortal Spin|[of] p1a: Glimmora
|
|-damage|p2a: Cinderace|80/100 psn|[from] psn
|upkeep
|turn|10
|
|t:|1743863747
|switch|p2a: Kyurem|Kyurem|100/100
|-ability|p2a: Kyurem|Pressure
|move|p1a: Glimmora|Stealth Rock|p2a: Kyurem
|-sidestart|p2: hawker_mk5|move: Stealth Rock
|
|upkeep
|turn|11
|
|t:|1743863756
|move|p2a: Kyurem|Ice Beam|p1a: Glimmora
|-damage|p1a: Glimmora|0 fnt
|faint|p1a: Glimmora
|
|upkeep
|
|t:|1743863762
|switch|p1a: Excadrill|Excadrill, F|100/100
|-ability|p1a: Excadrill|Mold Breaker
|turn|12
|
|t:|1743863770
|move|p2a: Kyurem|Ice Beam|p1a: Excadrill
|-damage|p1a: Excadrill|37/100
|move|p1a: Excadrill|Iron Head|p2a: Kyurem
|-supereffective|p2a: Kyurem
|-damage|p2a: Kyurem|21/100
|
|upkeep
|turn|13
|
|t:|1743863776
|move|p2a: Kyurem|Ice Beam|p1a: Excadrill
|-damage|p1a: Excadrill|0 fnt
|faint|p1a: Excadrill
|
|upkeep
|
|t:|1743863781
|switch|p1a: Dragapult|Dragapult, F|100/100
|turn|14
|
|t:|1743863785
|move|p1a: Dragapult|Shadow Ball|p2a: Kyurem
|-damage|p2a: Kyurem|0 fnt
|faint|p2a: Kyurem
|-damage|p1a: Dragapult|91/100|[from] item: Life Orb
|
|upkeep
|
|t:|1743863788
|switch|p2a: Cinderace|Cinderace, F|80/100 psn
|turn|15
|
|t:|1743863793
|move|p2a: Cinderace|Sucker Punch||[still]
|-fail|p2a: Cinderace
|move|p1a: Dragapult|Will-O-Wisp||[still]
|-fail|p1a: Dragapult
|
|-damage|p2a: Cinderace|68/100 psn|[from] psn
|upkeep
|turn|16
|
|t:|1743863799
|move|p1a: Dragapult|Shadow Ball|p2a: Cinderace
|-damage|p2a: Cinderace|4/100 psn
|-damage|p1a: Dragapult|81/100|[from] item: Life Orb
|move|p2a: Cinderace|Court Change|p2a: Cinderace
|-start|p2a: Cinderace|typechange|Normal|[from] ability: Libero
|-swapsideconditions
|-activate|p2a: Cinderace|move: Court Change
|
|-damage|p2a: Cinderace|0 fnt|[from] psn
|faint|p2a: Cinderace
|upkeep
|
|t:|1743863809
|switch|p2a: Primarina|Primarina, F|100/100
|turn|17
|
|t:|1743863816
|move|p1a: Dragapult|Shadow Ball|p2a: Primarina
|-damage|p2a: Primarina|71/100
|-damage|p1a: Dragapult|71/100|[from] item: Life Orb
|move|p2a: Primarina|Moonblast|p1a: Dragapult
|-supereffective|p1a: Dragapult
|-damage|p1a: Dragapult|0 fnt
|faint|p1a: Dragapult
|
|upkeep
|
|t:|1743863820
|switch|p1a: Dragonite|Dragonite, M|100/100
|turn|18
|
|t:|1743863826
|-terastallize|p1a: Dragonite|Normal
|move|p1a: Dragonite|Dragon Dance|p1a: Dragonite
|-boost|p1a: Dragonite|atk|1
|-boost|p1a: Dragonite|spe|1
|move|p2a: Primarina|Flip Turn|p1a: Dragonite
|-damage|p1a: Dragonite|92/100
|
|t:|1743863830
|switch|p2a: Metagross|Metagross|100/100|[from] Flip Turn
|
|upkeep
|turn|19
|
|t:|1743863839
|move|p1a: Dragonite|Earthquake|p2a: Metagross
|-supereffective|p2a: Metagross
|-damage|p2a: Metagross|18/100
|move|p2a: Metagross|Psychic Fangs|p1a: Dragonite
|-damage|p1a: Dragonite|16/100
|
|upkeep
|turn|20
|
|t:|1743863853
|move|p1a: Dragonite|Extreme Speed|p2a: Metagross
|-resisted|p2a: Metagross
|-damage|p2a: Metagross|0 fnt
|faint|p2a: Metagross
|
|upkeep
|
|t:|1743863856
|switch|p2a: Primarina|Primarina, F|71/100
|turn|21
|
|t:|1743863861
|move|p1a: Dragonite|Extreme Speed|p2a: Primarina
|-damage|p2a: Primarina|0 fnt
|faint|p2a: Primarina
|
|win|blerryblainer
|raw|blerryblainer's rating: 1451 &rarr; <strong>1476</strong><br />(+25 for winning)
|raw|hawker_mk5's rating: 1541 &rarr; <strong>1516</strong><br />(-25 for losing)
|l|☆blerryblainer
|player|p1|
|l|☆hawker_mk5
|player|p2|
