|j|☆armpit fan!
|j|☆R. Caroline
|t:|1743886828
|gametype|singles
|player|p1|armpit fan!|lady-gen4|1551
|player|p2|R. Caroline|cyclistf-gen4|1581
|teamsize|p1|6
|teamsize|p2|6
|gen|9
|tier|[Gen 9] OU
|rated|
|rule|HP Percentage Mod: HP is shown in percentages
|rule|Endless Battle Clause: Forcing endless battles is banned
|rule|Species Clause: Limit one of each Pokémon
|rule|OHKO Clause: OHKO moves are banned
|rule|Evasion Items Clause: Evasion items are banned
|rule|Evasion Moves Clause: Evasion moves are banned
|rule|Sleep Moves Clause: Sleep-inducing moves are banned
|clearpoke
|poke|p1|Hydrapple, M|
|poke|p1|Corviknight, F|
|poke|p1|Ting-Lu|
|poke|p1|Dragapult, M|
|poke|p1|Cinderace, F|
|poke|p1|Slowking-Galar, F|
|poke|p2|Latias, F|
|poke|p2|Chansey, F|
|poke|p2|Ursaluna, M|
|poke|p2|Scizor, M|
|poke|p2|Umbreon, F|
|poke|p2|Mew|
|teampreview
|inactive|Battle timer is ON: inactive players will automatically lose when time's up. (requested by armpit fan!)
|inactive|armpit fan! has 120 seconds left.
|inactive|R. Caroline has 120 seconds left.
|
|t:|1743886869
|start
|switch|p1a: Cinderace|Cinderace, F|100/100
|switch|p2a: Boston|Mew, shiny|100/100
|turn|1
|
|t:|1743886887
|-terastallize|p2a: Boston|Ground
|move|p2a: Boston|Earth Power|p1a: Cinderace
|-supereffective|p1a: Cinderace
|-damage|p1a: Cinderace|0 fnt
|faint|p1a: Cinderace
|
|upkeep
|
|t:|1743886897
|switch|p1a: Hydrapple|Hydrapple, M|100/100
|turn|2
|
|t:|1743886905
|switch|p2a: Garf|Scizor, M, shiny|100/100
|move|p1a: Hydrapple|Giga Drain|p2a: Garf
|-resisted|p2a: Garf
|-damage|p2a: Garf|89/100
|
|upkeep
|turn|3
|
|t:|1743886910
|switch|p1a: Corviknight|Corviknight, F|100/100
|-ability|p1a: Corviknight|Pressure
|move|p2a: Garf|Knock Off|p1a: Corviknight
|-damage|p1a: Corviknight|80/100
|-damage|p2a: Garf|72/100|[from] item: Rocky Helmet|[of] p1a: Corviknight
|-enditem|p1a: Corviknight|Rocky Helmet|[from] move: Knock Off|[of] p2a: Garf
|
|upkeep
|turn|4
|
|t:|1743886925
|move|p1a: Corviknight|Body Press|p2a: Garf
|-damage|p2a: Garf|49/100
|move|p2a: Garf|U-turn|p1a: Corviknight
|-resisted|p1a: Corviknight
|-damage|p1a: Corviknight|75/100
|
|t:|1743886931
|switch|p2a: Boston|Mew, shiny, tera:Ground|100/100|[from] U-turn
|
|upkeep
|turn|5
|
|t:|1743886938
|switch|p1a: Slowking|Slowking-Galar, F|100/100
|move|p2a: Boston|Volt Switch|p1a: Slowking
|-damage|p1a: Slowking|88/100
|
|t:|1743886943
|switch|p2a: Etrig|Ursaluna, M, shiny|100/100|[from] Volt Switch
|
|upkeep
|turn|6
|
|t:|1743886953
|switch|p1a: Corviknight|Corviknight, F|75/100
|-ability|p1a: Corviknight|Pressure
|move|p2a: Etrig|Supercell Slam|p1a: Corviknight
|-supereffective|p1a: Corviknight
|-damage|p1a: Corviknight|31/100
|
|upkeep
|turn|7
|
|t:|1743886965
|switch|p1a: Ting-Lu|Ting-Lu|100/100
|-ability|p1a: Ting-Lu|Vessel of Ruin
|move|p2a: Etrig|Earthquake|p1a: Ting-Lu
|-damage|p1a: Ting-Lu|70/100
|
|-heal|p1a: Ting-Lu|76/100|[from] item: Leftovers
|upkeep
|turn|8
|
|t:|1743886972
|move|p2a: Etrig|Earthquake|p1a: Ting-Lu
|-damage|p1a: Ting-Lu|45/100
|move|p1a: Ting-Lu|Ruination|p2a: Etrig
|-damage|p2a: Etrig|51/100
|
|-heal|p1a: Ting-Lu|51/100|[from] item: Leftovers
|upkeep
|turn|9
|
|t:|1743886979
|switch|p1a: Corviknight|Corviknight, F|31/100
|-ability|p1a: Corviknight|Pressure
|move|p2a: Etrig|Earthquake|p1a: Corviknight
|-immune|p1a: Corviknight
|
|upkeep
|turn|10
|
|t:|1743886985
|switch|p1a: Ting-Lu|Ting-Lu|51/100
|-ability|p1a: Ting-Lu|Vessel of Ruin
|move|p2a: Etrig|Earthquake|p1a: Ting-Lu
|-damage|p1a: Ting-Lu|19/100
|
|-heal|p1a: Ting-Lu|25/100|[from] item: Leftovers
|upkeep
|turn|11
|
|t:|1743887000
|move|p1a: Ting-Lu|Earthquake|p2a: Etrig
|-damage|p2a: Etrig|27/100
|move|p2a: Etrig|Avalanche|p1a: Ting-Lu
|-supereffective|p1a: Ting-Lu
|-damage|p1a: Ting-Lu|0 fnt
|faint|p1a: Ting-Lu
|
|upkeep
|
|t:|1743887009
|switch|p1a: Dragapult|Dragapult, M|100/100
|turn|12
|
|t:|1743887013
|switch|p2a: Dinah|Umbreon, F|100/100
|move|p1a: Dragapult|Draco Meteor|p2a: Dinah
|-damage|p2a: Dinah|40/100
|-unboost|p1a: Dragapult|spa|2
|
|upkeep
|turn|13
|
|t:|1743887019
|switch|p1a: Slowking|Slowking-Galar, F|100/100
|move|p2a: Dinah|Moonlight|p2a: Dinah
|-heal|p2a: Dinah|90/100
|
|upkeep
|turn|14
|
|t:|1743887024
|move|p2a: Dinah|Thunder Wave|p1a: Slowking
|-status|p1a: Slowking|par
|cant|p1a: Slowking|par
|
|upkeep
|turn|15
|
|t:|1743887031
|move|p2a: Dinah|Taunt|p1a: Slowking
|-start|p1a: Slowking|move: Taunt
|-prepare|p1a: Slowking|Chilly Reception|[premajor]
|cant|p1a: Slowking|move: Taunt|Chilly Reception
|
|upkeep
|turn|16
|
|t:|1743887035
|move|p2a: Dinah|Foul Play|p1a: Slowking
|-supereffective|p1a: Slowking
|-crit|p1a: Slowking
|-damage|p1a: Slowking|50/100 par
|move|p1a: Slowking|Sludge Bomb|p2a: Dinah
|-damage|p2a: Dinah|65/100
|
|upkeep
|turn|17
|
|t:|1743887042
|switch|p1a: Corviknight|Corviknight, F|31/100
|-ability|p1a: Corviknight|Pressure
|move|p2a: Dinah|Foul Play|p1a: Corviknight
|-damage|p1a: Corviknight|13/100
|
|upkeep
|turn|18
|
|t:|1743887049
|move|p1a: Corviknight|Roost|p1a: Corviknight
|-heal|p1a: Corviknight|63/100
|-singleturn|p1a: Corviknight|move: Roost
|move|p2a: Dinah|Foul Play|p1a: Corviknight
|-damage|p1a: Corviknight|45/100
|
|upkeep
|turn|19
|
|t:|1743887056
|move|p1a: Corviknight|Roost|p1a: Corviknight
|-heal|p1a: Corviknight|95/100
|-singleturn|p1a: Corviknight|move: Roost
|move|p2a: Dinah|Thunder Wave|p1a: Corviknight
|-status|p1a: Corviknight|par
|
|upkeep
|turn|20
|
|t:|1743887062
|move|p2a: Dinah|Moonlight|p2a: Dinah
|-heal|p2a: Dinah|100/100
|move|p1a: Corviknight|Body Press|p2a: Dinah
|-supereffective|p2a: Dinah
|-damage|p2a: Dinah|68/100
|-damage|p1a: Corviknight|79/100 par|[from] item: Rocky Helmet|[of] p2a: Dinah
|
|upkeep
|turn|21
|
|t:|1743887071
|move|p2a: Dinah|Foul Play|p1a: Corviknight
|-damage|p1a: Corviknight|61/100 par
|cant|p1a: Corviknight|par
|
|upkeep
|turn|22
|
|t:|1743887075
|move|p2a: Dinah|Taunt|p1a: Corviknight
|-start|p1a: Corviknight|move: Taunt
|cant|p1a: Corviknight|move: Taunt|Roost
|
|upkeep
|turn|23
|
|t:|1743887079
|move|p2a: Dinah|Foul Play|p1a: Corviknight
|-damage|p1a: Corviknight|44/100 par
|move|p1a: Corviknight|Body Press|p2a: Dinah
|-supereffective|p2a: Dinah
|-damage|p2a: Dinah|34/100
|-damage|p1a: Corviknight|28/100 par|[from] item: Rocky Helmet|[of] p2a: Dinah
|
|upkeep
|turn|24
|
|t:|1743887086
|switch|p1a: Slowking|Slowking-Galar, F|83/100 par
|move|p2a: Dinah|Moonlight|p2a: Dinah
|-heal|p2a: Dinah|84/100
|
|upkeep
|turn|25
|
|t:|1743887091
|switch|p2a: Etrig|Ursaluna, M, shiny|27/100
|move|p1a: Slowking|Sludge Bomb|p2a: Etrig
|-immune|p2a: Etrig|[from] ability: Bulletproof
|
|upkeep
|turn|26
|
|t:|1743887104
|move|p2a: Etrig|Earthquake|p1a: Slowking
|-supereffective|p1a: Slowking
|-damage|p1a: Slowking|0 fnt
|faint|p1a: Slowking
|
|upkeep
|
|t:|1743887107
|switch|p1a: Dragapult|Dragapult, M|100/100
|turn|27
|
|t:|1743887110
|switch|p2a: Shay|Chansey, F, shiny|100/100
|move|p1a: Dragapult|Draco Meteor|p2a: Shay
|-damage|p2a: Shay|79/100
|-unboost|p1a: Dragapult|spa|2
|
|upkeep
|turn|28
|
|t:|1743887116
|switch|p1a: Corviknight|Corviknight, F|28/100 par
|-ability|p1a: Corviknight|Pressure
|move|p2a: Shay|Seismic Toss|p1a: Corviknight
|-damage|p1a: Corviknight|3/100 par
|
|upkeep
|turn|29
|
|t:|1743887124
|move|p2a: Shay|Seismic Toss|p1a: Corviknight
|-damage|p1a: Corviknight|0 fnt
|faint|p1a: Corviknight
|
|upkeep
|
|t:|1743887126
|switch|p1a: Hydrapple|Hydrapple, M|100/100
|turn|30
|
|t:|1743887135
|move|p2a: Shay|Stealth Rock|p1a: Hydrapple
|-sidestart|p1: armpit fan!|move: Stealth Rock
|move|p1a: Hydrapple|Nasty Plot|p1a: Hydrapple
|-boost|p1a: Hydrapple|spa|2
|
|upkeep
|turn|31
|
|t:|1743887140
|switch|p2a: Boston|Mew, shiny, tera:Ground|100/100
|move|p1a: Hydrapple|Nasty Plot|p1a: Hydrapple
|-boost|p1a: Hydrapple|spa|2
|
|upkeep
|turn|32
|
|t:|1743887145
|-terastallize|p1a: Hydrapple|Fairy
|move|p2a: Boston|Trick|p1a: Hydrapple
|-activate|p2a: Boston|move: Trick|[of] p1a: Hydrapple
|-item|p1a: Hydrapple|Choice Scarf|[from] move: Trick
|-item|p2a: Boston|Heavy-Duty Boots|[from] move: Trick
|move|p1a: Hydrapple|Giga Drain|p2a: Boston
|-supereffective|p2a: Boston
|-damage|p2a: Boston|0 fnt
|faint|p2a: Boston
|
|upkeep
|
|t:|1743887156
|switch|p2a: Kori|Latias, F, shiny|100/100
|turn|33
|
|t:|1743887159
|move|p2a: Kori|Psyshock|p1a: Hydrapple
|-damage|p1a: Hydrapple|58/100
|move|p1a: Hydrapple|Giga Drain|p2a: Kori
|-resisted|p2a: Kori
|-damage|p2a: Kori|48/100
|-heal|p1a: Hydrapple|77/100|[from] drain|[of] p2a: Kori
|
|upkeep
|turn|34
|
|t:|1743887166
|move|p2a: Kori|Psyshock|p1a: Hydrapple
|-damage|p1a: Hydrapple|32/100
|move|p1a: Hydrapple|Giga Drain|p2a: Kori
|-resisted|p2a: Kori
|-damage|p2a: Kori|0 fnt
|-heal|p1a: Hydrapple|50/100|[from] drain|[of] p2a: Kori
|faint|p2a: Kori
|
|upkeep
|
|t:|1743887173
|switch|p2a: Garf|Scizor, M, shiny|49/100
|turn|35
|
|t:|1743887176
|switch|p1a: Dragapult|Dragapult, M|100/100
|-damage|p1a: Dragapult|88/100|[from] Stealth Rock
|move|p2a: Garf|Bullet Punch|p1a: Dragapult
|-damage|p1a: Dragapult|47/100
|
|upkeep
|turn|36
|
|t:|1743887183
|switch|p2a: Shay|Chansey, F, shiny|79/100
|move|p1a: Dragapult|U-turn|p2a: Shay
|-damage|p2a: Shay|61/100
|
|t:|1743887185
|switch|p1a: Hydrapple|Hydrapple, M, tera:Fairy|83/100|[from] U-turn
|-damage|p1a: Hydrapple|70/100|[from] Stealth Rock
|
|upkeep
|turn|37
|
|t:|1743887191
|move|p1a: Hydrapple|Fickle Beam|p2a: Shay
|-damage|p2a: Shay|50/100
|move|p2a: Shay|Seismic Toss|p1a: Hydrapple
|-damage|p1a: Hydrapple|46/100
|
|upkeep
|turn|38
|
|t:|1743887196
|move|p1a: Hydrapple|Fickle Beam|p2a: Shay|[anim] Fickle Beam All Out
|-activate|p1a: Hydrapple|move: Fickle Beam
|-damage|p2a: Shay|30/100
|move|p2a: Shay|Seismic Toss|p1a: Hydrapple
|-damage|p1a: Hydrapple|22/100
|
|upkeep
|turn|39
|
|t:|1743887203
|move|p1a: Hydrapple|Fickle Beam|p2a: Shay
|-damage|p2a: Shay|20/100
|move|p2a: Shay|Healing Wish|p2a: Shay
|faint|p2a: Shay
|
|upkeep
|
|t:|1743887210
|switch|p2a: Garf|Scizor, M, shiny|49/100
|-heal|p2a: Garf|100/100|[from] move: Healing Wish
|turn|40
|
|t:|1743887213
|move|p2a: Garf|Bullet Punch|p1a: Hydrapple
|-supereffective|p1a: Hydrapple
|-damage|p1a: Hydrapple|0 fnt
|faint|p1a: Hydrapple
|
|upkeep
|
|t:|1743887215
|switch|p1a: Dragapult|Dragapult, M|47/100
|-damage|p1a: Dragapult|34/100|[from] Stealth Rock
|turn|41
|
|t:|1743887220
|move|p2a: Garf|Bullet Punch|p1a: Dragapult
|-damage|p1a: Dragapult|0 fnt
|faint|p1a: Dragapult
|
|win|R. Caroline
|raw|armpit fan!'s rating: 1551 &rarr; <strong>1533</strong><br />(-18 for losing)
|raw|R. Caroline's rating: 1581 &rarr; <strong>1599</strong><br />(+18 for winning)
|l|☆armpit fan!
|player|p1|
