|j|☆456dd66ws
|j|☆satanice
|t:|1743852171
|gametype|singles
|player|p1|456dd66ws|youngster-gen4dp|1176
|player|p2|satanice|skierf|1141
|teamsize|p1|6
|teamsize|p2|6
|gen|9
|tier|[Gen 9] OU
|rated|
|rule|HP Percentage Mod: HP is shown in percentages
|rule|Endless Battle Clause: Forcing endless battles is banned
|rule|Species Clause: Limit one of each Pokémon
|rule|OHKO Clause: OHKO moves are banned
|rule|Evasion Items Clause: Evasion items are banned
|rule|Evasion Moves Clause: Evasion moves are banned
|rule|Sleep Moves Clause: Sleep-inducing moves are banned
|clearpoke
|poke|p1|Staraptor, F|
|poke|p1|Mimikyu, M|
|poke|p1|Maushold-Four|
|poke|p1|Lokix, M|
|poke|p1|Pelipper, M|
|poke|p1|Pawmot, F|
|poke|p2|Frosmoth, F|
|poke|p2|Cloyster, M|
|poke|p2|Mamoswine, F|
|poke|p2|Ninetales-Alola, M|
|poke|p2|Sandslash-Alola, M|
|poke|p2|Froslass, F|
|teampreview
|inactive|Battle timer is ON: inactive players will automatically lose when time's up. (requested by 456dd66ws)
|j| NDRZF
|
|t:|1743852188
|start
|switch|p1a: Staraptor|Staraptor, F|100/100
|switch|p2a: Cloyster|Cloyster, M|100/100
|turn|1
|
|t:|1743852200
|move|p1a: Staraptor|U-turn|p2a: Cloyster
|-damage|p2a: Cloyster|79/100
|
|t:|1743852205
|switch|p1a: Pelipper|Pelipper, M|100/100|[from] U-turn
|-weather|RainDance|[from] ability: Drizzle|[of] p1a: Pelipper
|move|p2a: Cloyster|Shell Smash|p2a: Cloyster
|-unboost|p2a: Cloyster|def|1
|-unboost|p2a: Cloyster|spd|1
|-boost|p2a: Cloyster|atk|2
|-boost|p2a: Cloyster|spa|2
|-boost|p2a: Cloyster|spe|2
|
|-weather|RainDance|[upkeep]
|upkeep
|turn|2
|
|t:|1743852215
|move|p2a: Cloyster|Rock Blast|p1a: Pelipper
|-supereffective|p1a: Pelipper
|-damage|p1a: Pelipper|65/100
|-supereffective|p1a: Pelipper
|-damage|p1a: Pelipper|34/100
|-supereffective|p1a: Pelipper
|-damage|p1a: Pelipper|3/100
|-supereffective|p1a: Pelipper
|-damage|p1a: Pelipper|0 fnt
|faint|p1a: Pelipper
|-hitcount|p1: Pelipper|4
|
|-weather|RainDance|[upkeep]
|upkeep
|
|t:|1743852223
|switch|p1a: Lokix|Lokix, M|100/100
|turn|3
|
|t:|1743852227
|move|p1a: Lokix|First Impression|p2a: Cloyster
|-damage|p2a: Cloyster|10/100
|-damage|p1a: Lokix|91/100|[from] item: Life Orb
|move|p2a: Cloyster|Icicle Spear|p1a: Lokix
|-damage|p1a: Lokix|64/100
|-damage|p1a: Lokix|38/100
|-damage|p1a: Lokix|11/100
|-damage|p1a: Lokix|0 fnt
|faint|p1a: Lokix
|-hitcount|p1: Lokix|4
|
|-weather|RainDance|[upkeep]
|upkeep
|
|t:|1743852233
|switch|p1a: Pawmot|Pawmot, F|100/100
|turn|4
|
|t:|1743852237
|move|p1a: Pawmot|Fake Out|p2a: Cloyster
|-damage|p2a: Cloyster|0 fnt
|faint|p2a: Cloyster
|
|-weather|RainDance|[upkeep]
|upkeep
|
|t:|1743852243
|switch|p2a: Ninetales|Ninetales-Alola, M|100/100
|-weather|Snowscape|[from] ability: Snow Warning|[of] p2a: Ninetales
|turn|5
|
|t:|1743852252
|switch|p1a: Maushold|Maushold-Four|100/100
|move|p2a: Ninetales|Aurora Veil|p2a: Ninetales
|-sidestart|p2: satanice|move: Aurora Veil
|
|-weather|Snowscape|[upkeep]
|upkeep
|turn|6
|
|t:|1743852280
|switch|p2a: Froslass|Froslass, F|100/100
|move|p1a: Maushold|Tidy Up|p1a: Maushold
|-boost|p1a: Maushold|atk|1
|-boost|p1a: Maushold|spe|1
|
|-weather|Snowscape|[upkeep]
|upkeep
|turn|7
|l|☆satanice
|inactive|satanice disconnected and has a minute to reconnect!
|player|p2|
|inactive|satanice has 30 seconds to reconnect!
|inactive|satanice has 20 seconds to reconnect!
|inactive|satanice has 15 seconds to reconnect!
|inactive|satanice has 10 seconds to reconnect!
|inactive|satanice has 5 seconds to reconnect!
|-message|satanice lost due to inactivity.
|
|win|456dd66ws
|raw|456dd66ws's rating: 1176 &rarr; <strong>1198</strong><br />(+22 for winning)
|raw|satanice's rating: 1141 &rarr; <strong>1119</strong><br />(-22 for losing)
|l| NDRZF
|l|☆456dd66ws
|player|p1|
