|j|☆heartsxyz
|j|☆awulartifact69
|t:|1743826650
|gametype|singles
|player|p1|heartsxyz|veteran|1238
|player|p2|awulartifact69|ethan|1216
|teamsize|p1|6
|teamsize|p2|6
|gen|9
|tier|[Gen 9] OU
|rated|
|rule|HP Percentage Mod: HP is shown in percentages
|rule|Endless Battle Clause: Forcing endless battles is banned
|rule|Species Clause: Limit one of each Pokémon
|rule|OHKO Clause: OHKO moves are banned
|rule|Evasion Items Clause: Evasion items are banned
|rule|Evasion Moves Clause: Evasion moves are banned
|rule|Sleep Moves Clause: Sleep-inducing moves are banned
|clearpoke
|poke|p1|Pelipper, F|
|poke|p1|Zapdos|
|poke|p1|Primarina, M|
|poke|p1|Barraskewda, F|
|poke|p1|Magnezone|
|poke|p1|Tsareena, F|
|poke|p2|Corviknight, F|
|poke|p2|Araquanid, M|
|poke|p2|Meowscarada, F|
|poke|p2|Great Tusk|
|poke|p2|Alomomola, M|
|poke|p2|Raging Bolt|
|teampreview
|
|t:|1743826654
|start
|switch|p1a: Zapdos|Zapdos|100/100
|switch|p2a: Araquanid|Araquanid, M|100/100
|turn|1
|inactive|Battle timer is ON: inactive players will automatically lose when time's up. (requested by awulartifact69)
|
|t:|1743826665
|move|p1a: Zapdos|Hurricane|p2a: Araquanid
|-supereffective|p2a: Araquanid
|-damage|p2a: Araquanid|5/100
|move|p2a: Araquanid|Surf|p1a: Zapdos
|-damage|p1a: Zapdos|36/100
|
|upkeep
|turn|2
|-enditem|p2a: Araquanid|Custap Berry|[eat]
|-activate|p2a: Araquanid|item: Custap Berry|[consumed]
|
|t:|1743826672
|move|p2a: Araquanid|Surf|p1a: Zapdos
|-damage|p1a: Zapdos|0 fnt
|faint|p1a: Zapdos
|
|upkeep
|
|t:|1743826678
|switch|p1a: Barraskewda|Barraskewda, F|100/100
|turn|3
|
|t:|1743826684
|move|p2a: Araquanid|Endure|p2a: Araquanid
|-singleturn|p2a: Araquanid|move: Endure
|move|p1a: Barraskewda|Psychic Fangs|p2a: Araquanid
|-activate|p2a: Araquanid|move: Endure
|-damage|p2a: Araquanid|1/100
|
|upkeep
|turn|4
|
|t:|1743826693
|switch|p1a: Magnezone|Magnezone|100/100
|switch|p2a: Meowscarada|Meowscarada, F, shiny|100/100
|
|upkeep
|turn|5
|
|t:|1743826708
|move|p2a: Meowscarada|U-turn|p1a: Magnezone
|-start|p2a: Meowscarada|typechange|Bug|[from] ability: Protean
|-resisted|p1a: Magnezone
|-damage|p1a: Magnezone|80/100
|
|t:|1743826715
|switch|p2a: Araquanid|Araquanid, M|1/100|[from] U-turn
|move|p1a: Magnezone|Volt Switch|p2a: Araquanid
|-supereffective|p2a: Araquanid
|-damage|p2a: Araquanid|0 fnt
|faint|p2a: Araquanid
|
|t:|1743826721
|switch|p1a: Pelipper|Pelipper, F|100/100|[from] Volt Switch
|-weather|RainDance|[from] ability: Drizzle|[of] p1a: Pelipper
|
|-weather|RainDance|[upkeep]
|upkeep
|
|t:|1743826726
|switch|p2a: Raging Bolt|Raging Bolt|100/100
|-enditem|p2a: Raging Bolt|Booster Energy
|-activate|p2a: Raging Bolt|ability: Protosynthesis|[fromitem]
|-start|p2a: Raging Bolt|protosynthesisspa
|turn|6
|
|t:|1743826731
|switch|p1a: Tsareena|Tsareena, F|100/100
|move|p2a: Raging Bolt|Thunderbolt|p1a: Tsareena
|-resisted|p1a: Tsareena
|-damage|p1a: Tsareena|76/100
|
|-weather|RainDance|[upkeep]
|upkeep
|turn|7
|
|t:|1743826749
|move|p2a: Raging Bolt|Draco Meteor|p1a: Tsareena
|-damage|p1a: Tsareena|7/100
|-unboost|p2a: Raging Bolt|spa|2
|move|p1a: Tsareena|U-turn|p2a: Raging Bolt
|-damage|p2a: Raging Bolt|79/100
|
|t:|1743826756
|switch|p1a: Barraskewda|Barraskewda, F|100/100|[from] U-turn
|
|-weather|RainDance|[upkeep]
|upkeep
|turn|8
|
|t:|1743826761
|move|p2a: Raging Bolt|Thunderclap|p1a: Barraskewda
|-supereffective|p1a: Barraskewda
|-crit|p1a: Barraskewda
|-damage|p1a: Barraskewda|0 fnt
|faint|p1a: Barraskewda
|
|-weather|RainDance|[upkeep]
|upkeep
|
|t:|1743826765
|switch|p1a: Primarina|Primarina, M|100/100
|turn|9
|
|t:|1743826772
|move|p2a: Raging Bolt|Thunderclap|p1a: Primarina
|-supereffective|p1a: Primarina
|-damage|p1a: Primarina|63/100
|move|p1a: Primarina|Moonblast|p2a: Raging Bolt
|-supereffective|p2a: Raging Bolt
|-damage|p2a: Raging Bolt|0 fnt
|faint|p2a: Raging Bolt
|-end|p2a: Raging Bolt|Protosynthesis|[silent]
|
|-weather|RainDance|[upkeep]
|upkeep
|
|t:|1743826780
|switch|p2a: Meowscarada|Meowscarada, F, shiny|100/100
|turn|10
|
|t:|1743826790
|-terastallize|p1a: Primarina|Steel
|move|p2a: Meowscarada|Flower Trick|p1a: Primarina
|-start|p2a: Meowscarada|typechange|Grass|[from] ability: Protean
|-resisted|p1a: Primarina
|-crit|p1a: Primarina
|-damage|p1a: Primarina|13/100
|move|p1a: Primarina|Surf|p2a: Meowscarada
|-resisted|p2a: Meowscarada
|-damage|p2a: Meowscarada|16/100
|
|-weather|RainDance|[upkeep]
|upkeep
|turn|11
|
|t:|1743826806
|move|p2a: Meowscarada|Flower Trick|p1a: Primarina
|-resisted|p1a: Primarina
|-crit|p1a: Primarina
|-damage|p1a: Primarina|0 fnt
|faint|p1a: Primarina
|
|-weather|RainDance|[upkeep]
|upkeep
|
|t:|1743826815
|switch|p1a: Pelipper|Pelipper, F|100/100
|turn|12
|
|t:|1743826822
|switch|p2a: Corviknight|Corviknight, F, shiny|100/100
|move|p1a: Pelipper|U-turn|p2a: Corviknight
|-resisted|p2a: Corviknight
|-damage|p2a: Corviknight|99/100
|
|t:|1743826827
|switch|p1a: Magnezone|Magnezone|80/100|[from] U-turn
|
|-weather|none
|-heal|p2a: Corviknight|100/100|[from] item: Leftovers
|upkeep
|turn|13
|
|t:|1743826835
|move|p2a: Corviknight|U-turn|p1a: Magnezone
|-resisted|p1a: Magnezone
|-damage|p1a: Magnezone|75/100
|
|t:|1743826837
|switch|p2a: Great Tusk|Great Tusk, shiny|100/100|[from] U-turn
|move|p1a: Magnezone|Volt Switch|p2a: Great Tusk
|-immune|p2a: Great Tusk
|
|upkeep
|turn|14
|-message|heartsxyz forfeited.
|
|win|awulartifact69
|raw|heartsxyz's rating: 1238 &rarr; <strong>1211</strong><br />(-27 for losing)
|raw|awulartifact69's rating: 1216 &rarr; <strong>1243</strong><br />(+27 for winning)
|l|☆heartsxyz
|player|p1|
|l|☆awulartifact69
|player|p2|
