|j|☆superkewlguy
|j|☆BatataHuffles
|t:|1743877168
|gametype|singles
|player|p1|superkewlguy|flannery|1197
|player|p2|BatataHuffles|1|1184
|teamsize|p1|6
|teamsize|p2|6
|gen|9
|tier|[Gen 9] OU
|rated|
|rule|HP Percentage Mod: HP is shown in percentages
|rule|Endless Battle Clause: Forcing endless battles is banned
|rule|Species Clause: Limit one of each Pokémon
|rule|OHKO Clause: OHKO moves are banned
|rule|Evasion Items Clause: Evasion items are banned
|rule|Evasion Moves Clause: Evasion moves are banned
|rule|Sleep Moves Clause: Sleep-inducing moves are banned
|clearpoke
|poke|p1|Gliscor, F|
|poke|p1|Rillaboom, F|
|poke|p1|Garchomp, F|
|poke|p1|Darkrai|
|poke|p1|Iron Treads|
|poke|p1|Sinistcha|
|poke|p2|Meowscarada, M|
|poke|p2|Tyranitar, F|
|poke|p2|Iron Boulder|
|poke|p2|Iron Moth|
|poke|p2|Gholdengo|
|poke|p2|Iron Treads|
|teampreview
|inactive|Battle timer is ON: inactive players will automatically lose when time's up. (requested by superkewlguy)
|
|t:|1743877185
|start
|switch|p1a: Rillaboom|Rillaboom, F|100/100
|switch|p2a: Tyranitar|Tyranitar, F|100/100
|-fieldstart|move: Grassy Terrain|[from] ability: Grassy Surge|[of] p1a: Rillaboom
|-weather|Sandstorm|[from] ability: Sand Stream|[of] p2a: Tyranitar
|turn|1
|
|t:|1743877201
|switch|p2a: Iron Moth|Iron Moth|100/100
|move|p1a: Rillaboom|Low Kick|p2a: Iron Moth
|-resisted|p2a: Iron Moth
|-damage|p2a: Iron Moth|73/100
|
|-weather|Sandstorm|[upkeep]
|-damage|p2a: Iron Moth|67/100|[from] Sandstorm
|-damage|p1a: Rillaboom|94/100|[from] Sandstorm
|-heal|p2a: Iron Moth|73/100|[from] Grassy Terrain
|-heal|p1a: Rillaboom|100/100|[from] Grassy Terrain
|upkeep
|turn|2
|
|t:|1743877211
|switch|p1a: Garchomp|Garchomp, F|100/100
|move|p2a: Iron Moth|Fiery Dance|p1a: Garchomp
|-resisted|p1a: Garchomp
|-damage|p1a: Garchomp|80/100
|
|-weather|Sandstorm|[upkeep]
|-damage|p2a: Iron Moth|67/100|[from] Sandstorm
|-heal|p2a: Iron Moth|73/100|[from] Grassy Terrain
|-heal|p1a: Garchomp|87/100|[from] Grassy Terrain
|upkeep
|turn|3
|
|t:|1743877217
|move|p2a: Iron Moth|Energy Ball|p1a: Garchomp
|-damage|p1a: Garchomp|49/100
|move|p1a: Garchomp|Earthquake|p2a: Iron Moth
|-supereffective|p2a: Iron Moth
|-damage|p2a: Iron Moth|0 fnt
|faint|p2a: Iron Moth
|-end|p2a: Iron Moth|Quark Drive|[silent]
|
|-weather|Sandstorm|[upkeep]
|-heal|p1a: Garchomp|55/100|[from] Grassy Terrain
|upkeep
|
|t:|1743877229
|switch|p2a: Meowscarada|Meowscarada, M|100/100
|turn|4
|
|t:|1743877235
|-terastallize|p1a: Garchomp|Water
|move|p2a: Meowscarada|Triple Axel|p1a: Garchomp
|-start|p2a: Meowscarada|typechange|Ice|[from] ability: Protean
|-resisted|p1a: Garchomp
|-damage|p1a: Garchomp|52/100
|-damage|p2a: Meowscarada|88/100|[from] ability: Rough Skin|[of] p1a: Garchomp
|-damage|p2a: Meowscarada|72/100|[from] item: Rocky Helmet|[of] p1a: Garchomp
|-hitcount|p1a: Garchomp|1
|move|p1a: Garchomp|Spikes|p2a: Meowscarada
|-sidestart|p2: BatataHuffles|Spikes
|
|-weather|Sandstorm|[upkeep]
|-damage|p2a: Meowscarada|65/100|[from] Sandstorm
|-damage|p1a: Garchomp|46/100|[from] Sandstorm
|-heal|p2a: Meowscarada|72/100|[from] Grassy Terrain
|-heal|p1a: Garchomp|52/100|[from] Grassy Terrain
|upkeep
|turn|5
|
|t:|1743877246
|move|p2a: Meowscarada|Flower Trick|p1a: Garchomp
|-supereffective|p1a: Garchomp
|-crit|p1a: Garchomp
|-damage|p1a: Garchomp|2/100
|move|p1a: Garchomp|Spikes|p2a: Meowscarada
|-sidestart|p2: BatataHuffles|Spikes
|
|-weather|none
|-heal|p2a: Meowscarada|78/100|[from] Grassy Terrain
|-heal|p1a: Garchomp|8/100|[from] Grassy Terrain
|-fieldend|move: Grassy Terrain
|upkeep
|turn|6
|
|t:|1743877261
|switch|p1a: Iron Treads|Iron Treads|100/100
|move|p2a: Meowscarada|U-turn|p1a: Iron Treads
|-resisted|p1a: Iron Treads
|-damage|p1a: Iron Treads|92/100
|
|t:|1743877281
|switch|p2a: Iron Treads|Iron Treads|100/100|[from] U-turn
|-damage|p2a: Iron Treads|84/100|[from] Spikes
|
|-heal|p2a: Iron Treads|90/100|[from] item: Leftovers
|upkeep
|turn|7
|
|t:|1743877290
|-end|p1a: Iron Treads|Quark Drive|[silent]
|switch|p1a: Sinistcha|Sinistcha|100/100
|move|p2a: Iron Treads|Rapid Spin|p1a: Sinistcha
|-immune|p1a: Sinistcha
|
|-heal|p2a: Iron Treads|96/100|[from] item: Leftovers
|upkeep
|turn|8
|
|t:|1743877296
|move|p2a: Iron Treads|Knock Off|p1a: Sinistcha
|-supereffective|p1a: Sinistcha
|-damage|p1a: Sinistcha|66/100
|-enditem|p1a: Sinistcha|Leftovers|[from] move: Knock Off|[of] p2a: Iron Treads
|move|p1a: Sinistcha|Calm Mind|p1a: Sinistcha
|-boost|p1a: Sinistcha|spa|1
|-boost|p1a: Sinistcha|spd|1
|
|-heal|p2a: Iron Treads|100/100|[from] item: Leftovers
|upkeep
|turn|9
|
|t:|1743877308
|-end|p2a: Iron Treads|Quark Drive|[silent]
|switch|p2a: Meowscarada|Meowscarada, M|78/100
|move|p1a: Sinistcha|Matcha Gotcha|p2a: Meowscarada
|-resisted|p2a: Meowscarada
|-damage|p2a: Meowscarada|38/100
|-heal|p1a: Sinistcha|83/100|[from] drain|[of] p2a: Meowscarada
|
|upkeep
|turn|10
|
|t:|1743877328
|switch|p1a: Garchomp|Garchomp, F, tera:Water|8/100
|move|p2a: Meowscarada|Triple Axel|p1a: Garchomp
|-start|p2a: Meowscarada|typechange|Ice|[from] ability: Protean
|-resisted|p1a: Garchomp
|-damage|p1a: Garchomp|5/100
|-damage|p2a: Meowscarada|26/100|[from] ability: Rough Skin|[of] p1a: Garchomp
|-damage|p2a: Meowscarada|9/100|[from] item: Rocky Helmet|[of] p1a: Garchomp
|-resisted|p1a: Garchomp
|-damage|p1a: Garchomp|0 fnt
|-damage|p2a: Meowscarada|0 fnt|[from] ability: Rough Skin|[of] p1a: Garchomp
|faint|p1a: Garchomp
|faint|p2a: Meowscarada
|-hitcount|p1: Garchomp|2
|
|upkeep
|
|t:|1743877338
|switch|p2a: Tyranitar|Tyranitar, F|100/100
|switch|p1a: Rillaboom|Rillaboom, F|100/100
|-fieldstart|move: Grassy Terrain|[from] ability: Grassy Surge|[of] p1a: Rillaboom
|-damage|p2a: Tyranitar|84/100|[from] Spikes
|-weather|Sandstorm|[from] ability: Sand Stream|[of] p2a: Tyranitar
|turn|11
|
|t:|1743877347
|switch|p2a: Gholdengo|Gholdengo|100/100
|-item|p2a: Gholdengo|Air Balloon
|move|p1a: Rillaboom|Wood Hammer|p2a: Gholdengo
|-resisted|p2a: Gholdengo
|-damage|p2a: Gholdengo|34/100
|-enditem|p2a: Gholdengo|Air Balloon
|-damage|p1a: Rillaboom|80/100|[from] Recoil
|
|-weather|Sandstorm|[upkeep]
|-damage|p1a: Rillaboom|74/100|[from] Sandstorm
|-heal|p1a: Rillaboom|80/100|[from] Grassy Terrain
|-heal|p2a: Gholdengo|40/100|[from] Grassy Terrain
|upkeep
|turn|12
|
|t:|1743877358
|switch|p1a: Gliscor|Gliscor, F|100/100
|move|p2a: Gholdengo|Make It Rain|p1a: Gliscor
|-damage|p1a: Gliscor|44/100
|-unboost|p2a: Gholdengo|spa|1
|
|-weather|Sandstorm|[upkeep]
|-heal|p2a: Gholdengo|46/100|[from] Grassy Terrain
|-status|p1a: Gliscor|tox|[from] item: Toxic Orb
|upkeep
|turn|13
|
|t:|1743877377
|move|p1a: Gliscor|Protect|p1a: Gliscor
|-singleturn|p1a: Gliscor|Protect
|move|p2a: Gholdengo|Recover|p2a: Gholdengo
|-heal|p2a: Gholdengo|96/100
|
|-weather|Sandstorm|[upkeep]
|-heal|p2a: Gholdengo|100/100|[from] Grassy Terrain
|-heal|p1a: Gliscor|57/100 tox|[from] ability: Poison Heal
|upkeep
|turn|14
|
|t:|1743877383
|switch|p2a: Iron Treads|Iron Treads|100/100
|-damage|p2a: Iron Treads|84/100|[from] Spikes
|move|p1a: Gliscor|Knock Off|p2a: Iron Treads
|-damage|p2a: Iron Treads|66/100
|-enditem|p2a: Iron Treads|Leftovers|[from] move: Knock Off|[of] p1a: Gliscor
|
|-weather|Sandstorm|[upkeep]
|-heal|p2a: Iron Treads|72/100|[from] Grassy Terrain
|-heal|p1a: Gliscor|69/100 tox|[from] ability: Poison Heal
|upkeep
|turn|15
|
|t:|1743877392
|switch|p1a: Iron Treads|Iron Treads|92/100
|move|p2a: Iron Treads|Rapid Spin|p1a: Iron Treads
|-resisted|p1a: Iron Treads
|-damage|p1a: Iron Treads|87/100
|-boost|p2a: Iron Treads|spe|1
|-sideend|p2: BatataHuffles|Spikes|[from] move: Rapid Spin|[of] p2a: Iron Treads
|
|-weather|none
|-heal|p2a: Iron Treads|78/100|[from] Grassy Terrain
|-heal|p1a: Iron Treads|93/100|[from] Grassy Terrain
|-fieldend|move: Grassy Terrain
|upkeep
|turn|16
|
|t:|1743877400
|move|p2a: Iron Treads|Earthquake|p1a: Iron Treads
|-supereffective|p1a: Iron Treads
|-damage|p1a: Iron Treads|32/100
|move|p1a: Iron Treads|Stealth Rock|p2a: Iron Treads
|-sidestart|p2: BatataHuffles|move: Stealth Rock
|
|upkeep
|turn|17
|
|t:|1743877408
|-end|p1a: Iron Treads|Quark Drive|[silent]
|switch|p1a: Sinistcha|Sinistcha|83/100
|move|p2a: Iron Treads|Earthquake|p1a: Sinistcha
|-resisted|p1a: Sinistcha
|-damage|p1a: Sinistcha|68/100
|
|upkeep
|turn|18
|
|t:|1743877424
|-end|p2a: Iron Treads|Quark Drive|[silent]
|switch|p2a: Tyranitar|Tyranitar, F|84/100
|-damage|p2a: Tyranitar|72/100|[from] Stealth Rock
|-weather|Sandstorm|[from] ability: Sand Stream|[of] p2a: Tyranitar
|move|p1a: Sinistcha|Shadow Ball|p2a: Tyranitar
|-resisted|p2a: Tyranitar
|-damage|p2a: Tyranitar|66/100
|-unboost|p2a: Tyranitar|spd|1
|
|-weather|Sandstorm|[upkeep]
|-damage|p1a: Sinistcha|62/100|[from] Sandstorm
|upkeep
|turn|19
|
|t:|1743877438
|move|p1a: Sinistcha|Matcha Gotcha|p2a: Tyranitar
|-supereffective|p2a: Tyranitar
|-damage|p2a: Tyranitar|38/100
|-heal|p1a: Sinistcha|77/100|[from] drain|[of] p2a: Tyranitar
|move|p2a: Tyranitar|Ice Punch|p1a: Sinistcha
|-supereffective|p1a: Sinistcha
|-damage|p1a: Sinistcha|38/100
|
|-weather|Sandstorm|[upkeep]
|-damage|p1a: Sinistcha|32/100|[from] Sandstorm
|upkeep
|turn|20
|
|t:|1743877445
|move|p1a: Sinistcha|Strength Sap|p2a: Tyranitar
|-unboost|p2a: Tyranitar|atk|1
|-heal|p1a: Sinistcha|100/100
|move|p2a: Tyranitar|Knock Off|p1a: Sinistcha
|-supereffective|p1a: Sinistcha
|-damage|p1a: Sinistcha|69/100
|
|-weather|Sandstorm|[upkeep]
|-damage|p1a: Sinistcha|63/100|[from] Sandstorm
|upkeep
|turn|21
|
|t:|1743877452
|switch|p2a: Gholdengo|Gholdengo|100/100
|-damage|p2a: Gholdengo|94/100|[from] Stealth Rock
|move|p1a: Sinistcha|Matcha Gotcha|p2a: Gholdengo
|-resisted|p2a: Gholdengo
|-damage|p2a: Gholdengo|76/100
|-heal|p1a: Sinistcha|71/100|[from] drain|[of] p2a: Gholdengo
|
|-weather|Sandstorm|[upkeep]
|-damage|p1a: Sinistcha|65/100|[from] Sandstorm
|upkeep
|turn|22
|
|t:|1743877463
|move|p2a: Gholdengo|Make It Rain|p1a: Sinistcha
|-damage|p1a: Sinistcha|0 fnt
|-unboost|p2a: Gholdengo|spa|1
|faint|p1a: Sinistcha
|
|-weather|none
|upkeep
|
|t:|1743877467
|switch|p1a: Gliscor|Gliscor, F|69/100 tox
|turn|23
|
|t:|1743877478
|switch|p2a: Iron Treads|Iron Treads|78/100
|-damage|p2a: Iron Treads|75/100|[from] Stealth Rock
|move|p1a: Gliscor|Swords Dance|p1a: Gliscor
|-boost|p1a: Gliscor|atk|2
|
|-heal|p1a: Gliscor|82/100 tox|[from] ability: Poison Heal
|upkeep
|turn|24
|
|t:|1743877488
|move|p2a: Iron Treads|Knock Off|p1a: Gliscor
|-damage|p1a: Gliscor|62/100 tox
|-enditem|p1a: Gliscor|Toxic Orb|[from] move: Knock Off|[of] p2a: Iron Treads
|move|p1a: Gliscor|Facade|p2a: Iron Treads
|-resisted|p2a: Iron Treads
|-damage|p2a: Iron Treads|46/100
|
|-heal|p1a: Gliscor|75/100 tox|[from] ability: Poison Heal
|upkeep
|turn|25
|
|t:|1743877496
|move|p2a: Iron Treads|Rapid Spin|p1a: Gliscor
|-damage|p1a: Gliscor|64/100 tox
|-boost|p2a: Iron Treads|spe|1
|-sideend|p2: BatataHuffles|Stealth Rock|[from] move: Rapid Spin|[of] p2a: Iron Treads
|move|p1a: Gliscor|Facade|p2a: Iron Treads
|-resisted|p2a: Iron Treads
|-damage|p2a: Iron Treads|17/100
|
|-heal|p1a: Gliscor|77/100 tox|[from] ability: Poison Heal
|upkeep
|turn|26
|
|t:|1743877502
|move|p2a: Iron Treads|Knock Off|p1a: Gliscor
|-damage|p1a: Gliscor|64/100 tox
|move|p1a: Gliscor|Knock Off|p2a: Iron Treads
|-damage|p2a: Iron Treads|0 fnt
|faint|p2a: Iron Treads
|-end|p2a: Iron Treads|Quark Drive|[silent]
|
|-heal|p1a: Gliscor|76/100 tox|[from] ability: Poison Heal
|upkeep
|
|t:|1743877510
|switch|p2a: Tyranitar|Tyranitar, F|38/100
|-weather|Sandstorm|[from] ability: Sand Stream|[of] p2a: Tyranitar
|turn|27
|
|t:|1743877514
|move|p1a: Gliscor|Knock Off|p2a: Tyranitar
|-resisted|p2a: Tyranitar
|-damage|p2a: Tyranitar|20/100
|-enditem|p2a: Tyranitar|Assault Vest|[from] move: Knock Off|[of] p1a: Gliscor
|move|p2a: Tyranitar|Ice Punch|p1a: Gliscor
|-supereffective|p1a: Gliscor
|-damage|p1a: Gliscor|0 fnt
|faint|p1a: Gliscor
|
|-weather|Sandstorm|[upkeep]
|upkeep
|
|t:|1743877519
|switch|p1a: Rillaboom|Rillaboom, F|80/100
|-fieldstart|move: Grassy Terrain|[from] ability: Grassy Surge|[of] p1a: Rillaboom
|turn|28
|
|t:|1743877525
|move|p1a: Rillaboom|U-turn|p2a: Tyranitar
|-supereffective|p2a: Tyranitar
|-damage|p2a: Tyranitar|0 fnt
|faint|p2a: Tyranitar
|
|t:|1743877531
|switch|p1a: Darkrai|Darkrai|100/100|[from] U-turn
|
|-weather|Sandstorm|[upkeep]
|-damage|p1a: Darkrai|94/100|[from] Sandstorm
|-heal|p1a: Darkrai|100/100|[from] Grassy Terrain
|upkeep
|
|t:|1743877546
|switch|p2a: Iron Boulder|Iron Boulder|100/100
|-enditem|p2a: Iron Boulder|Booster Energy
|-activate|p2a: Iron Boulder|ability: Quark Drive|[fromitem]
|-start|p2a: Iron Boulder|quarkdrivespe
|turn|29
|
|t:|1743877553
|move|p2a: Iron Boulder|Swords Dance|p2a: Iron Boulder
|-boost|p2a: Iron Boulder|atk|2
|move|p1a: Darkrai|Dark Pulse|p2a: Iron Boulder
|-supereffective|p2a: Iron Boulder
|-damage|p2a: Iron Boulder|20/100
|
|-weather|Sandstorm|[upkeep]
|-damage|p1a: Darkrai|94/100|[from] Sandstorm
|-heal|p2a: Iron Boulder|27/100|[from] Grassy Terrain
|-heal|p1a: Darkrai|100/100|[from] Grassy Terrain
|upkeep
|turn|30
|
|t:|1743877559
|switch|p1a: Iron Treads|Iron Treads|32/100
|move|p2a: Iron Boulder|Mighty Cleave|p1a: Iron Treads
|-resisted|p1a: Iron Treads
|-damage|p1a: Iron Treads|14/100
|
|-weather|Sandstorm|[upkeep]
|-heal|p2a: Iron Boulder|33/100|[from] Grassy Terrain
|-heal|p1a: Iron Treads|21/100|[from] Grassy Terrain
|upkeep
|turn|31
|
|t:|1743877567
|move|p2a: Iron Boulder|Earthquake|p1a: Iron Treads
|-supereffective|p1a: Iron Treads
|-damage|p1a: Iron Treads|0 fnt
|faint|p1a: Iron Treads
|-end|p1a: Iron Treads|Quark Drive|[silent]
|
|-weather|none
|-heal|p2a: Iron Boulder|39/100|[from] Grassy Terrain
|upkeep
|
|t:|1743877569
|switch|p1a: Rillaboom|Rillaboom, F|80/100
|turn|32
|
|t:|1743877574
|move|p1a: Rillaboom|Grassy Glide|p2a: Iron Boulder
|-supereffective|p2a: Iron Boulder
|-damage|p2a: Iron Boulder|0 fnt
|faint|p2a: Iron Boulder
|-end|p2a: Iron Boulder|Quark Drive|[silent]
|
|-heal|p1a: Rillaboom|86/100|[from] Grassy Terrain
|-fieldend|move: Grassy Terrain
|upkeep
|
|t:|1743877578
|switch|p2a: Gholdengo|Gholdengo|76/100
|turn|33
|
|t:|1743877592
|switch|p1a: Darkrai|Darkrai|100/100
|-terastallize|p2a: Gholdengo|Steel
|move|p2a: Gholdengo|Make It Rain|p1a: Darkrai
|-damage|p1a: Darkrai|0 fnt
|-unboost|p2a: Gholdengo|spa|1
|faint|p1a: Darkrai
|
|upkeep
|
|t:|1743877595
|switch|p1a: Rillaboom|Rillaboom, F|86/100
|-fieldstart|move: Grassy Terrain|[from] ability: Grassy Surge|[of] p1a: Rillaboom
|turn|34
|
|t:|1743877602
|move|p1a: Rillaboom|Wood Hammer|p2a: Gholdengo
|-resisted|p2a: Gholdengo
|-crit|p2a: Gholdengo
|-damage|p2a: Gholdengo|0 fnt
|faint|p2a: Gholdengo
|-damage|p1a: Rillaboom|63/100|[from] Recoil
|
|win|superkewlguy
|raw|superkewlguy's rating: 1197 &rarr; <strong>1221</strong><br />(+24 for winning)
|raw|BatataHuffles's rating: 1184 &rarr; <strong>1160</strong><br />(-24 for losing)
|l|☆superkewlguy
|player|p1|
