|j|☆impsilver
|j|☆madermen
|inactive|Battle timer is ON: inactive players will automatically lose when time's up.
|t:|1743864020
|gametype|singles
|player|p1|impsilver|1|
|player|p2|madermen|jasmine|
|teamsize|p1|6
|teamsize|p2|6
|gen|9
|tier|[Gen 9] OU
|rated|Tournament battle
|rule|HP Percentage Mod: HP is shown in percentages
|rule|Endless Battle Clause: Forcing endless battles is banned
|rule|Species Clause: Limit one of each Pokémon
|rule|OHKO Clause: OHKO moves are banned
|rule|Evasion Items Clause: Evasion items are banned
|rule|Evasion Moves Clause: Evasion moves are banned
|rule|Sleep Moves Clause: Sleep-inducing moves are banned
|clearpoke
|poke|p1|Furret, M|
|poke|p1|Electivire, M|
|poke|p1|Houndoom, F|
|poke|p1|Perrserker, M|
|poke|p1|Chandelure, M|
|poke|p1|Mamoswine, M|
|poke|p2|Furret, F|
|poke|p2|Electivire, M|
|poke|p2|Houndoom, M|
|poke|p2|Perrserker, F|
|poke|p2|Chandelure, M|
|poke|p2|Mamoswine, M|
|teampreview
|j|*Lady Monita ❄
|inactive|impsilver has 120 seconds left.
|
|t:|1743864058
|start
|switch|p1a: Perrserker|Perrserker, M|100/100
|switch|p2a: Perrserker|Perrserker, F|100/100
|turn|1
|c|☆impsilver|gl hf
|inactive|madermen has 120 seconds left.
|
|t:|1743864090
|move|p2a: Perrserker|Fake Out|p1a: Perrserker
|-resisted|p1a: Perrserker
|-damage|p1a: Perrserker|91/100
|cant|p1a: Perrserker|flinch
|
|upkeep
|turn|2
|
|t:|1743864096
|move|p2a: Perrserker|Close Combat|p1a: Perrserker
|-supereffective|p1a: Perrserker
|-damage|p1a: Perrserker|0 fnt
|-unboost|p2a: Perrserker|def|1
|-unboost|p2a: Perrserker|spd|1
|faint|p1a: Perrserker
|
|upkeep
|c|☆impsilver|well thats pretty good
|
|t:|1743864105
|switch|p1a: Mamoswine|Mamoswine, M|100/100
|turn|3
|
|t:|1743864114
|move|p1a: Mamoswine|Earthquake|p2a: Perrserker
|-supereffective|p2a: Perrserker
|-enditem|p2a: Perrserker|Focus Sash
|-damage|p2a: Perrserker|1/100
|move|p2a: Perrserker|Close Combat|p1a: Mamoswine
|-supereffective|p1a: Mamoswine
|-enditem|p1a: Mamoswine|Focus Sash
|-damage|p1a: Mamoswine|1/100
|-unboost|p2a: Perrserker|def|1
|-unboost|p2a: Perrserker|spd|1
|
|upkeep
|turn|4
|
|t:|1743864117
|move|p1a: Mamoswine|Ice Shard|p2a: Perrserker
|-resisted|p2a: Perrserker
|-crit|p2a: Perrserker
|-damage|p2a: Perrserker|0 fnt
|faint|p2a: Perrserker
|
|upkeep
|
|t:|1743864124
|switch|p2a: Houndoom|Houndoom, M|100/100
|turn|5
|
|t:|1743864131
|move|p2a: Houndoom|Dark Pulse|p1a: Mamoswine
|-damage|p1a: Mamoswine|0 fnt
|faint|p1a: Mamoswine
|
|upkeep
|
|t:|1743864145
|switch|p1a: Electivire|Electivire, M|100/100
|turn|6
|
|t:|1743864153
|move|p2a: Houndoom|Dark Pulse|p1a: Electivire
|-damage|p1a: Electivire|53/100
|cant|p1a: Electivire|flinch
|
|upkeep
|turn|7
|
|t:|1743864163
|move|p2a: Houndoom|Dark Pulse|p1a: Electivire
|-damage|p1a: Electivire|3/100
|move|p1a: Electivire|Earthquake|p2a: Houndoom
|-supereffective|p2a: Houndoom
|-damage|p2a: Houndoom|0 fnt
|faint|p2a: Houndoom
|
|upkeep
|
|t:|1743864178
|switch|p2a: Electivire|Electivire, M|100/100
|turn|8
|
|t:|1743864181
|move|p2a: Electivire|Earthquake|p1a: Electivire
|-supereffective|p1a: Electivire
|-damage|p1a: Electivire|0 fnt
|faint|p1a: Electivire
|
|upkeep
|
|t:|1743864193
|switch|p1a: Houndoom|Houndoom, F|100/100
|turn|9
|
|t:|1743864195
|move|p2a: Electivire|Earthquake|p1a: Houndoom
|-supereffective|p1a: Houndoom
|-enditem|p1a: Houndoom|Focus Sash
|-damage|p1a: Houndoom|1/100
|move|p1a: Houndoom|Counter|p2a: Electivire
|-damage|p2a: Electivire|0 fnt
|faint|p2a: Electivire
|
|upkeep
|
|t:|1743864205
|switch|p2a: Mamoswine|Mamoswine, M|100/100
|turn|10
|
|t:|1743864217
|move|p2a: Mamoswine|Earthquake|p1a: Houndoom
|-supereffective|p1a: Houndoom
|-damage|p1a: Houndoom|0 fnt
|faint|p1a: Houndoom
|
|upkeep
|
|t:|1743864226
|switch|p1a: Chandelure|Chandelure, M|100/100
|turn|11
|
|t:|1743864231
|move|p2a: Mamoswine|Earthquake|p1a: Chandelure
|-supereffective|p1a: Chandelure
|-damage|p1a: Chandelure|0 fnt
|faint|p1a: Chandelure
|
|upkeep
|c|☆impsilver|damn
|c|☆impsilver|these speed ties
|c|☆impsilver|gg
|
|t:|1743864242
|switch|p1a: Furret|Furret, M|100/100
|-item|p2a: Mamoswine|Choice Scarf|[from] ability: Frisk|[of] p1a: Furret
|turn|12
|
|t:|1743864246
|move|p2a: Mamoswine|Earthquake|p1a: Furret
|-damage|p1a: Furret|22/100
|move|p1a: Furret|Tidy Up|p1a: Furret
|-boost|p1a: Furret|atk|1
|-boost|p1a: Furret|spe|1
|
|upkeep
|turn|13
|
|t:|1743864250
|move|p1a: Furret|Brick Break|p2a: Mamoswine
|-supereffective|p2a: Mamoswine
|-damage|p2a: Mamoswine|41/100
|move|p2a: Mamoswine|Earthquake|p1a: Furret
|-damage|p1a: Furret|0 fnt
|faint|p1a: Furret
|
|win|madermen
|n|☆impsilver|impsilver
|n|☆madermen|madermen
|n|*Lady Monita ❄|ladymonita
