|j|☆lazari17
|j|☆nv.gleids
|t:|1743781374
|gametype|singles
|player|p1|lazari17|hilbert|
|player|p2|nv.gleids|cheren|
|teamsize|p1|6
|teamsize|p2|6
|gen|9
|tier|[Gen 9] OU
|rule|HP Percentage Mod: HP is shown in percentages
|rule|Endless Battle Clause: Forcing endless battles is banned
|rule|Species Clause: Limit one of each Pokémon
|rule|OHKO Clause: OHKO moves are banned
|rule|Evasion Items Clause: Evasion items are banned
|rule|Evasion Moves Clause: Evasion moves are banned
|rule|Sleep Moves Clause: Sleep-inducing moves are banned
|clearpoke
|poke|p1|Toxapex, M|
|poke|p1|Rotom-Wash|
|poke|p1|Quagsire, F|
|poke|p1|Feraligatr, F|
|poke|p1|Pelipper, M|
|poke|p1|Walking Wake|
|poke|p2|Charizard, M|
|poke|p2|Thundurus, M|
|poke|p2|Walking Wake|
|poke|p2|Torkoal, M|
|poke|p2|Great Tusk|
|poke|p2|Brute Bonnet|
|teampreview
|c|☆nv.gleids|Hum
|c|☆nv.gleids|Tenho que ficar esperto com esse ai
|inactive|Battle timer is ON: inactive players will automatically lose when time's up. (requested by nv.gleids)
|inactive|lazari17 also wants the timer to be on.
|inactive|nv.gleids has 270 seconds left.
|
|t:|1743781452
|start
|switch|p1a: Rotom|Rotom-Wash|100/100
|switch|p2a: Thundurus|Thundurus, M|100/100
|turn|1
|
|t:|1743781465
|move|p2a: Thundurus|Taunt|p1a: Rotom
|-start|p1a: Rotom|move: Taunt
|move|p1a: Rotom|Volt Switch|p2a: Thundurus
|-damage|p2a: Thundurus|59/100
|
|t:|1743781477
|switch|p1a: Toxapex|Toxapex, M|100/100|[from] Volt Switch
|
|upkeep
|turn|2
|
|t:|1743781487
|move|p2a: Thundurus|Thunder Wave|p1a: Toxapex
|-status|p1a: Toxapex|par
|move|p1a: Toxapex|Toxic Spikes|p2a: Thundurus
|-sidestart|p2: nv.gleids|move: Toxic Spikes
|
|upkeep
|turn|3
|
|t:|1743781496
|move|p2a: Thundurus|Taunt|p1a: Toxapex
|-start|p1a: Toxapex|move: Taunt
|cant|p1a: Toxapex|move: Taunt|Toxic Spikes
|
|upkeep
|turn|4
|
|t:|1743781506
|switch|p1a: Quagsire|Quagsire, F|100/100
|move|p2a: Thundurus|Sunny Day|p2a: Thundurus
|-weather|SunnyDay
|
|-weather|SunnyDay|[upkeep]
|upkeep
|turn|5
|
|t:|1743781525
|switch|p2a: Great Tusk|Great Tusk, shiny|100/100
|-status|p2a: Great Tusk|psn
|-activate|p2a: Great Tusk|ability: Protosynthesis
|-start|p2a: Great Tusk|protosynthesisatk
|switch|p1a: Walking Wake|Walking Wake|100/100
|-activate|p1a: Walking Wake|ability: Protosynthesis
|-start|p1a: Walking Wake|protosynthesisspa
|
|-weather|SunnyDay|[upkeep]
|-damage|p2a: Great Tusk|88/100 psn|[from] psn
|upkeep
|turn|6
|inactive|nv.gleids has 270 seconds left.
|inactive|nv.gleids has 240 seconds left.
|
|t:|1743781590
|move|p1a: Walking Wake|Surf|p2a: Great Tusk
|-supereffective|p2a: Great Tusk
|-damage|p2a: Great Tusk|56/100 psn
|move|p2a: Great Tusk|Close Combat|p1a: Walking Wake
|-damage|p1a: Walking Wake|16/100
|-unboost|p2a: Great Tusk|def|1
|-unboost|p2a: Great Tusk|spd|1
|
|-weather|SunnyDay|[upkeep]
|-damage|p2a: Great Tusk|44/100 psn|[from] psn
|upkeep
|turn|7
|
|t:|1743781601
|-end|p1a: Walking Wake|Protosynthesis|[silent]
|switch|p1a: Pelipper|Pelipper, M|100/100
|-weather|RainDance|[from] ability: Drizzle|[of] p1a: Pelipper
|-end|p2a: Great Tusk|Protosynthesis
|-end|p2a: Great Tusk|Protosynthesis|[silent]
|switch|p2a: Thundurus|Thundurus, M|59/100
|
|-weather|RainDance|[upkeep]
|upkeep
|turn|8
|inactive|nv.gleids has 240 seconds left.
|
|t:|1743781613
|move|p2a: Thundurus|Sunny Day|p2a: Thundurus
|-weather|SunnyDay
|move|p1a: Pelipper|U-turn|p2a: Thundurus
|-resisted|p2a: Thundurus
|-damage|p2a: Thundurus|54/100
|
|t:|1743781624
|switch|p1a: Walking Wake|Walking Wake|16/100|[from] U-turn
|-activate|p1a: Walking Wake|ability: Protosynthesis
|-start|p1a: Walking Wake|protosynthesisspa
|
|-weather|SunnyDay|[upkeep]
|upkeep
|turn|9
|
|t:|1743781634
|move|p1a: Walking Wake|Flamethrower|p2a: Thundurus
|-damage|p2a: Thundurus|1/100
|move|p2a: Thundurus|Volt Switch|p1a: Walking Wake
|-damage|p1a: Walking Wake|0 fnt
|faint|p1a: Walking Wake
|-end|p1a: Walking Wake|Protosynthesis|[silent]
|c|☆nv.gleids|Aí
|inactive|nv.gleids has 240 seconds left.
|
|t:|1743781650
|switch|p2a: Great Tusk|Great Tusk, shiny|44/100 psn|[from] Volt Switch
|-activate|p2a: Great Tusk|ability: Protosynthesis
|-start|p2a: Great Tusk|protosynthesisatk
|
|-weather|SunnyDay|[upkeep]
|-damage|p2a: Great Tusk|31/100 psn|[from] psn
|upkeep
|
|t:|1743781670
|switch|p1a: Feraligatr|Feraligatr, F|100/100
|turn|10
|
|t:|1743781677
|move|p1a: Feraligatr|Trailblaze|p2a: Great Tusk
|-supereffective|p2a: Great Tusk
|-damage|p2a: Great Tusk|0 fnt
|faint|p2a: Great Tusk
|-end|p2a: Great Tusk|Protosynthesis|[silent]
|
|-weather|SunnyDay|[upkeep]
|upkeep
|inactive|nv.gleids has 240 seconds left.
|
|t:|1743781702
|switch|p2a: Charizard|Charizard, M, shiny|100/100
|turn|11
|
|t:|1743781709
|switch|p1a: Pelipper|Pelipper, M|100/100
|-weather|RainDance|[from] ability: Drizzle|[of] p1a: Pelipper
|move|p2a: Charizard|Solar Beam||[still]
|-prepare|p2a: Charizard|Solar Beam
|
|-weather|RainDance|[upkeep]
|upkeep
|turn|12
|inactive|nv.gleids has 240 seconds left.
|
|t:|1743781720
|move|p2a: Charizard|Solar Beam|p1a: Pelipper|[from] lockedmove
|-damage|p1a: Pelipper|83/100
|move|p1a: Pelipper|Hurricane|p2a: Charizard
|-damage|p2a: Charizard|57/100
|-start|p2a: Charizard|confusion
|
|-weather|RainDance|[upkeep]
|upkeep
|turn|13
|inactive|nv.gleids has 240 seconds left.
|
|t:|1743781733
|switch|p2a: Torkoal|Torkoal, M|100/100
|-status|p2a: Torkoal|psn
|-weather|SunnyDay|[from] ability: Drought|[of] p2a: Torkoal
|switch|p1a: Rotom|Rotom-Wash|100/100
|
|-weather|SunnyDay|[upkeep]
|-damage|p2a: Torkoal|88/100 psn|[from] psn
|upkeep
|turn|14
|inactive|nv.gleids has 240 seconds left.
|
|t:|1743781746
|switch|p1a: Pelipper|Pelipper, M|83/100
|-weather|RainDance|[from] ability: Drizzle|[of] p1a: Pelipper
|move|p2a: Torkoal|Stealth Rock|p1a: Pelipper
|-sidestart|p1: lazari17|move: Stealth Rock
|
|-weather|RainDance|[upkeep]
|-damage|p2a: Torkoal|76/100 psn|[from] psn
|upkeep
|turn|15
|inactive|nv.gleids has 240 seconds left.
|
|t:|1743781759
|switch|p2a: Walking Wake|Walking Wake|100/100
|-status|p2a: Walking Wake|psn
|move|p1a: Pelipper|Hurricane|p2a: Walking Wake
|-damage|p2a: Walking Wake|59/100 psn
|
|-weather|RainDance|[upkeep]
|-damage|p2a: Walking Wake|46/100 psn|[from] psn
|upkeep
|turn|16
|
|t:|1743781770
|move|p1a: Pelipper|Protect|p1a: Pelipper
|-singleturn|p1a: Pelipper|Protect
|move|p2a: Walking Wake|Draco Meteor|p1a: Pelipper
|-activate|p1a: Pelipper|move: Protect
|
|-weather|RainDance|[upkeep]
|-damage|p2a: Walking Wake|34/100 psn|[from] psn
|upkeep
|turn|17
|
|t:|1743781782
|-end|p2a: Walking Wake|Protosynthesis|[silent]
|switch|p2a: Torkoal|Torkoal, M|76/100 psn
|-weather|SunnyDay|[from] ability: Drought|[of] p2a: Torkoal
|move|p1a: Pelipper|Roost|p1a: Pelipper
|-heal|p1a: Pelipper|100/100
|-singleturn|p1a: Pelipper|move: Roost
|
|-weather|SunnyDay|[upkeep]
|-damage|p2a: Torkoal|64/100 psn|[from] psn
|upkeep
|turn|18
|
|t:|1743781794
|move|p1a: Pelipper|Protect|p1a: Pelipper
|-singleturn|p1a: Pelipper|Protect
|move|p2a: Torkoal|Will-O-Wisp|p1a: Pelipper
|-activate|p1a: Pelipper|move: Protect
|
|-weather|SunnyDay|[upkeep]
|-damage|p2a: Torkoal|52/100 psn|[from] psn
|upkeep
|turn|19
|inactive|nv.gleids has 270 seconds left.
|
|t:|1743781807
|switch|p1a: Toxapex|Toxapex, M|100/100 par
|-damage|p1a: Toxapex|88/100 par|[from] Stealth Rock
|move|p2a: Torkoal|Solar Beam||[still]
|-prepare|p2a: Torkoal|Solar Beam
|-anim|p2a: Torkoal|Solar Beam|p1a: Toxapex
|-damage|p1a: Toxapex|72/100 par
|
|-weather|SunnyDay|[upkeep]
|-heal|p1a: Toxapex|78/100 par|[from] item: Black Sludge
|-damage|p2a: Torkoal|39/100 psn|[from] psn
|upkeep
|turn|20
|inactive|nv.gleids has 270 seconds left.
|
|t:|1743781819
|switch|p2a: Brute Bonnet|Brute Bonnet|100/100
|-status|p2a: Brute Bonnet|psn
|-activate|p2a: Brute Bonnet|ability: Protosynthesis
|-start|p2a: Brute Bonnet|protosynthesisatk
|cant|p1a: Toxapex|par
|
|-weather|SunnyDay|[upkeep]
|-heal|p1a: Toxapex|84/100 par|[from] item: Black Sludge
|-damage|p2a: Brute Bonnet|88/100 psn|[from] psn
|upkeep
|turn|21
|inactive|nv.gleids has 270 seconds left.
|
|t:|1743781833
|switch|p1a: Pelipper|Pelipper, M|100/100
|-damage|p1a: Pelipper|75/100|[from] Stealth Rock
|-weather|RainDance|[from] ability: Drizzle|[of] p1a: Pelipper
|-end|p2a: Brute Bonnet|Protosynthesis
|move|p2a: Brute Bonnet|Seed Bomb|p1a: Pelipper
|-damage|p1a: Pelipper|0 fnt
|faint|p1a: Pelipper
|
|-weather|RainDance|[upkeep]
|-damage|p2a: Brute Bonnet|76/100 psn|[from] psn
|upkeep
|
|t:|1743781853
|switch|p1a: Rotom|Rotom-Wash|100/100
|-damage|p1a: Rotom|88/100|[from] Stealth Rock
|turn|22
|
|t:|1743781869
|move|p1a: Rotom|Hydro Pump|p2a: Brute Bonnet
|-resisted|p2a: Brute Bonnet
|-damage|p2a: Brute Bonnet|33/100 psn
|move|p2a: Brute Bonnet|Seed Bomb|p1a: Rotom
|-supereffective|p1a: Rotom
|-damage|p1a: Rotom|0 fnt
|faint|p1a: Rotom
|
|-weather|RainDance|[upkeep]
|-damage|p2a: Brute Bonnet|21/100 psn|[from] psn
|upkeep
|
|t:|1743781882
|switch|p1a: Toxapex|Toxapex, M|100/100 par
|-damage|p1a: Toxapex|88/100 par|[from] Stealth Rock
|turn|23
|
|t:|1743781888
|-end|p2a: Brute Bonnet|Protosynthesis|[silent]
|switch|p2a: Torkoal|Torkoal, M|39/100 psn
|-weather|SunnyDay|[from] ability: Drought|[of] p2a: Torkoal
|move|p1a: Toxapex|Sludge Wave|p2a: Torkoal
|-damage|p2a: Torkoal|20/100 psn
|
|-weather|SunnyDay|[upkeep]
|-heal|p1a: Toxapex|94/100 par|[from] item: Black Sludge
|-damage|p2a: Torkoal|8/100 psn|[from] psn
|upkeep
|turn|24
|
|t:|1743781899
|move|p1a: Toxapex|Baneful Bunker|p1a: Toxapex
|-singleturn|p1a: Toxapex|move: Protect
|move|p2a: Torkoal|Solar Beam||[still]
|-prepare|p2a: Torkoal|Solar Beam
|-anim|p2a: Torkoal|Solar Beam|p1a: Toxapex
|-activate|p1a: Toxapex|move: Protect
|
|-weather|SunnyDay|[upkeep]
|-heal|p1a: Toxapex|100/100 par|[from] item: Black Sludge
|-damage|p2a: Torkoal|0 fnt|[from] psn
|faint|p2a: Torkoal
|upkeep
|inactive|nv.gleids has 270 seconds left.
|
|t:|1743781933
|switch|p2a: Walking Wake|Walking Wake|34/100 psn
|-activate|p2a: Walking Wake|ability: Protosynthesis
|-start|p2a: Walking Wake|protosynthesisspe
|turn|25
|
|t:|1743781942
|move|p2a: Walking Wake|Draco Meteor|p1a: Toxapex
|-crit|p1a: Toxapex
|-damage|p1a: Toxapex|11/100 par
|-unboost|p2a: Walking Wake|spa|2
|-damage|p2a: Walking Wake|24/100 psn|[from] item: Life Orb
|move|p1a: Toxapex|Sludge Wave|p2a: Walking Wake
|-damage|p2a: Walking Wake|0 fnt
|faint|p2a: Walking Wake
|-end|p2a: Walking Wake|Protosynthesis|[silent]
|
|-weather|SunnyDay|[upkeep]
|-heal|p1a: Toxapex|17/100 par|[from] item: Black Sludge
|upkeep
|
|t:|1743781951
|switch|p2a: Thundurus|Thundurus, M|1/100
|turn|26
|inactive|nv.gleids has 270 seconds left.
|
|t:|1743781964
|switch|p2a: Charizard|Charizard, M, shiny|57/100
|switch|p1a: Quagsire|Quagsire, F|100/100
|-damage|p1a: Quagsire|94/100|[from] Stealth Rock
|
|-weather|SunnyDay|[upkeep]
|-damage|p2a: Charizard|44/100|[from] ability: Solar Power|[of] p2a: Charizard
|-heal|p1a: Quagsire|100/100|[from] item: Leftovers
|upkeep
|turn|27
|inactive|nv.gleids has 270 seconds left.
|inactive|lazari17 has 270 seconds left.
|
|t:|1743782003
|switch|p1a: Toxapex|Toxapex, M|50/100 par
|-damage|p1a: Toxapex|38/100 par|[from] Stealth Rock
|move|p2a: Charizard|Solar Beam||[still]
|-prepare|p2a: Charizard|Solar Beam
|-anim|p2a: Charizard|Solar Beam|p1a: Toxapex
|-damage|p1a: Toxapex|1/100 par
|
|-weather|SunnyDay|[upkeep]
|-damage|p2a: Charizard|32/100|[from] ability: Solar Power|[of] p2a: Charizard
|-heal|p1a: Toxapex|7/100 par|[from] item: Black Sludge
|upkeep
|turn|28
|inactive|lazari17 has 270 seconds left.
|inactive|nv.gleids has 270 seconds left.
|
|t:|1743782021
|move|p1a: Toxapex|Baneful Bunker|p1a: Toxapex
|-singleturn|p1a: Toxapex|move: Protect
|move|p2a: Charizard|Solar Beam||[still]
|-prepare|p2a: Charizard|Solar Beam
|-anim|p2a: Charizard|Solar Beam|p1a: Toxapex
|-activate|p1a: Toxapex|move: Protect
|
|-weather|SunnyDay|[upkeep]
|-damage|p2a: Charizard|19/100|[from] ability: Solar Power|[of] p2a: Charizard
|-heal|p1a: Toxapex|14/100 par|[from] item: Black Sludge
|upkeep
|turn|29
|
|t:|1743782050
|switch|p1a: Quagsire|Quagsire, F|100/100
|-damage|p1a: Quagsire|94/100|[from] Stealth Rock
|move|p2a: Charizard|Solar Beam||[still]
|-prepare|p2a: Charizard|Solar Beam
|-anim|p2a: Charizard|Solar Beam|p1a: Quagsire
|-supereffective|p1a: Quagsire
|-damage|p1a: Quagsire|0 fnt
|faint|p1a: Quagsire
|
|-weather|SunnyDay|[upkeep]
|-damage|p2a: Charizard|7/100|[from] ability: Solar Power|[of] p2a: Charizard
|upkeep
|inactive|lazari17 has 240 seconds left.
|
|t:|1743782063
|switch|p1a: Toxapex|Toxapex, M|47/100 par
|-damage|p1a: Toxapex|34/100 par|[from] Stealth Rock
|turn|30
|inactive|lazari17 has 240 seconds left.
|
|t:|1743782080
|switch|p2a: Thundurus|Thundurus, M|1/100
|move|p1a: Toxapex|Sludge Wave|p2a: Thundurus
|-damage|p2a: Thundurus|0 fnt
|faint|p2a: Thundurus
|
|-weather|none
|-heal|p1a: Toxapex|41/100 par|[from] item: Black Sludge
|upkeep
|
|t:|1743782085
|switch|p2a: Charizard|Charizard, M, shiny|7/100
|turn|31
|
|t:|1743782094
|move|p2a: Charizard|Scorching Sands|p1a: Toxapex
|-supereffective|p1a: Toxapex
|-damage|p1a: Toxapex|9/100 par
|move|p1a: Toxapex|Sludge Wave|p2a: Charizard
|-damage|p2a: Charizard|0 fnt
|faint|p2a: Charizard
|
|-heal|p1a: Toxapex|15/100 par|[from] item: Black Sludge
|upkeep
|
|t:|1743782099
|switch|p2a: Brute Bonnet|Brute Bonnet|21/100 psn
|turn|32
|
|t:|1743782106
|-terastallize|p2a: Brute Bonnet|Dark
|cant|p1a: Toxapex|par
|move|p2a: Brute Bonnet|Sucker Punch||[still]
|-fail|p2a: Brute Bonnet
|
|-heal|p1a: Toxapex|22/100 par|[from] item: Black Sludge
|-damage|p2a: Brute Bonnet|8/100 psn|[from] psn
|upkeep
|turn|33
|
|t:|1743782134
|move|p1a: Toxapex|Baneful Bunker|p1a: Toxapex
|-singleturn|p1a: Toxapex|move: Protect
|move|p2a: Brute Bonnet|Sucker Punch||[still]
|-fail|p2a: Brute Bonnet
|
|-heal|p1a: Toxapex|28/100 par|[from] item: Black Sludge
|-damage|p2a: Brute Bonnet|0 fnt|[from] psn
|faint|p2a: Brute Bonnet
|-end|p2a: Brute Bonnet|Protosynthesis|[silent]
|
|win|lazari17
|l|☆nv.gleids
|player|p2|
|l|☆lazari17
|player|p1|
|j|☆lazari17
|player|p1|lazari17|hilbert|
