|j|☆ProteinMan11
|j|☆equinox000
|t:|1743815085
|gametype|singles
|player|p1|ProteinMan11|hiker-gen4|1651
|player|p2|equinox000|170|1571
|teamsize|p1|6
|teamsize|p2|6
|gen|9
|tier|[Gen 9] OU
|rated|
|rule|HP Percentage Mod: HP is shown in percentages
|rule|Endless Battle Clause: Forcing endless battles is banned
|rule|Species Clause: Limit one of each Pokémon
|rule|OHKO Clause: OHKO moves are banned
|rule|Evasion Items Clause: Evasion items are banned
|rule|Evasion Moves Clause: Evasion moves are banned
|rule|Sleep Moves Clause: Sleep-inducing moves are banned
|clearpoke
|poke|p1|Ninetales-Alola, M|
|poke|p1|Dragonite, M|
|poke|p1|Deoxys-Speed|
|poke|p1|Iron Valiant|
|poke|p1|Great Tusk|
|poke|p1|Polteageist|
|poke|p2|Zarude-Dada|
|poke|p2|Suicune|
|poke|p2|Iron Moth|
|poke|p2|Iron Treads|
|poke|p2|Weezing-Galar, M|
|poke|p2|Gholdengo|
|teampreview
|inactive|Battle timer is ON: inactive players will automatically lose when time's up. (requested by ProteinMan11)
|inactive|ProteinMan11 has 120 seconds left.
|inactive|equinox000 has 120 seconds left.
|inactive|equinox000 has 90 seconds left.
|
|t:|1743815155
|start
|switch|p1a: Michael|Dragonite, M|100/100
|switch|p2a: Iron Moth|Iron Moth|100/100
|-enditem|p2a: Iron Moth|Booster Energy
|-activate|p2a: Iron Moth|ability: Quark Drive|[fromitem]
|-start|p2a: Iron Moth|quarkdrivespe
|turn|1
|
|t:|1743815161
|move|p2a: Iron Moth|Substitute|p2a: Iron Moth
|-start|p2a: Iron Moth|Substitute
|-damage|p2a: Iron Moth|76/100
|move|p1a: Michael|Earthquake|p2a: Iron Moth
|-supereffective|p2a: Iron Moth
|-end|p2a: Iron Moth|Substitute
|
|upkeep
|turn|2
|
|t:|1743815168
|-end|p2a: Iron Moth|Quark Drive|[silent]
|switch|p2a: Suicune|Suicune|100/100
|-ability|p2a: Suicune|Pressure
|move|p1a: Michael|Earthquake|p2a: Suicune
|-damage|p2a: Suicune|79/100
|
|-heal|p2a: Suicune|85/100|[from] item: Leftovers
|upkeep
|turn|3
|
|t:|1743815173
|move|p2a: Suicune|Calm Mind|p2a: Suicune
|-boost|p2a: Suicune|spa|1
|-boost|p2a: Suicune|spd|1
|move|p1a: Michael|Dragon Dance|p1a: Michael
|-boost|p1a: Michael|atk|1
|-boost|p1a: Michael|spe|1
|
|-heal|p2a: Suicune|92/100|[from] item: Leftovers
|upkeep
|turn|4
|
|t:|1743815178
|move|p1a: Michael|Dragon Dance|p1a: Michael
|-boost|p1a: Michael|atk|1
|-boost|p1a: Michael|spe|1
|move|p2a: Suicune|Ice Beam|p1a: Michael
|-supereffective|p1a: Michael
|-damage|p1a: Michael|48/100
|-enditem|p1a: Michael|Weakness Policy
|-boost|p1a: Michael|atk|2|[from] item: Weakness Policy
|-boost|p1a: Michael|spa|2|[from] item: Weakness Policy
|
|-heal|p2a: Suicune|98/100|[from] item: Leftovers
|upkeep
|turn|5
|
|t:|1743815186
|move|p1a: Michael|Scale Shot|p2a: Suicune
|-damage|p2a: Suicune|73/100
|-damage|p2a: Suicune|47/100
|-hitcount|p2a: Suicune|2
|-unboost|p1a: Michael|def|1
|-boost|p1a: Michael|spe|1
|move|p2a: Suicune|Ice Beam|p1a: Michael
|-supereffective|p1a: Michael
|-damage|p1a: Michael|0 fnt
|faint|p1a: Michael
|
|-heal|p2a: Suicune|53/100|[from] item: Leftovers
|upkeep
|
|t:|1743815206
|switch|p1a: WAAAAATER|Polteageist|100/100
|turn|6
|
|t:|1743815214
|move|p1a: WAAAAATER|Shell Smash|p1a: WAAAAATER
|-unboost|p1a: WAAAAATER|def|1
|-unboost|p1a: WAAAAATER|spd|1
|-boost|p1a: WAAAAATER|atk|2
|-boost|p1a: WAAAAATER|spa|2
|-boost|p1a: WAAAAATER|spe|2
|move|p2a: Suicune|Scald|p1a: WAAAAATER
|-damage|p1a: WAAAAATER|31/100
|-status|p1a: WAAAAATER|brn
|
|-heal|p2a: Suicune|60/100|[from] item: Leftovers
|-damage|p1a: WAAAAATER|25/100 brn|[from] brn
|upkeep
|turn|7
|
|t:|1743815221
|move|p1a: WAAAAATER|Stored Power|p2a: Suicune
|-damage|p2a: Suicune|6/100
|move|p2a: Suicune|Scald|p1a: WAAAAATER
|-damage|p1a: WAAAAATER|0 fnt
|faint|p1a: WAAAAATER
|
|-heal|p2a: Suicune|12/100|[from] item: Leftovers
|upkeep
|
|t:|1743815225
|switch|p1a: Donald Trump|Ninetales-Alola, M|100/100
|-weather|Snowscape|[from] ability: Snow Warning|[of] p1a: Donald Trump
|turn|8
|
|t:|1743815229
|move|p1a: Donald Trump|Moonblast|p2a: Suicune
|-damage|p2a: Suicune|0 fnt
|faint|p2a: Suicune
|
|-weather|Snowscape|[upkeep]
|upkeep
|
|t:|1743815233
|switch|p2a: Iron Treads|Iron Treads|100/100
|-enditem|p2a: Iron Treads|Booster Energy
|-activate|p2a: Iron Treads|ability: Quark Drive|[fromitem]
|-start|p2a: Iron Treads|quarkdrivespe
|turn|9
|
|t:|1743815237
|move|p2a: Iron Treads|Steel Beam|p1a: Donald Trump
|-supereffective|p1a: Donald Trump
|-damage|p1a: Donald Trump|0 fnt
|-damage|p2a: Iron Treads|50/100|[from] steelbeam
|faint|p1a: Donald Trump
|
|-weather|Snowscape|[upkeep]
|upkeep
|j| brednbutta
|
|t:|1743815246
|switch|p1a: Darius|Iron Valiant|100/100
|-enditem|p1a: Darius|Booster Energy
|-activate|p1a: Darius|ability: Quark Drive|[fromitem]
|-start|p1a: Darius|quarkdrivespe
|turn|10
|
|t:|1743815251
|-terastallize|p1a: Darius|Steel
|move|p1a: Darius|Swords Dance|p1a: Darius
|-boost|p1a: Darius|atk|2
|move|p2a: Iron Treads|Steel Beam|p1a: Darius
|-resisted|p1a: Darius
|-damage|p1a: Darius|66/100
|-damage|p2a: Iron Treads|0 fnt|[from] steelbeam
|faint|p2a: Iron Treads
|-end|p2a: Iron Treads|Quark Drive|[silent]
|
|-weather|Snowscape|[upkeep]
|upkeep
|
|t:|1743815258
|switch|p2a: Weezing|Weezing-Galar, M|100/100
|-ability|p2a: Weezing|Neutralizing Gas
|turn|11
|
|t:|1743815270
|move|p1a: Darius|Close Combat|p2a: Weezing
|-resisted|p2a: Weezing
|-damage|p2a: Weezing|79/100
|-unboost|p1a: Darius|def|1
|-unboost|p1a: Darius|spd|1
|move|p2a: Weezing|Will-O-Wisp|p1a: Darius
|-status|p1a: Darius|brn
|
|-weather|Snowscape|[upkeep]
|-damage|p1a: Darius|59/100 brn|[from] brn
|upkeep
|turn|12
|
|t:|1743815275
|move|p1a: Darius|Knock Off|p2a: Weezing
|-resisted|p2a: Weezing
|-damage|p2a: Weezing|69/100
|-enditem|p2a: Weezing|Heavy-Duty Boots|[from] move: Knock Off|[of] p1a: Darius
|move|p2a: Weezing|Strange Steam|p1a: Darius
|-resisted|p1a: Darius
|-damage|p1a: Darius|24/100 brn
|
|-weather|none
|-damage|p1a: Darius|18/100 brn|[from] brn
|upkeep
|turn|13
|
|t:|1743815286
|move|p1a: Darius|Close Combat|p2a: Weezing
|-resisted|p2a: Weezing
|-damage|p2a: Weezing|58/100
|-unboost|p1a: Darius|def|1
|-unboost|p1a: Darius|spd|1
|move|p2a: Weezing|Strange Steam|p1a: Darius
|-resisted|p1a: Darius
|-damage|p1a: Darius|0 fnt
|faint|p1a: Darius
|-end|p1a: Darius|Quark Drive|[silent]
|
|upkeep
|
|t:|1743815291
|switch|p1a: This-a-way|Deoxys-Speed, shiny|100/100
|turn|14
|
|t:|1743815302
|move|p1a: This-a-way|Cosmic Power|p1a: This-a-way
|-boost|p1a: This-a-way|def|1
|-boost|p1a: This-a-way|spd|1
|move|p2a: Weezing|Strange Steam|p1a: This-a-way
|-damage|p1a: This-a-way|80/100
|
|upkeep
|turn|15
|
|t:|1743815305
|move|p1a: This-a-way|Cosmic Power|p1a: This-a-way
|-boost|p1a: This-a-way|def|1
|-boost|p1a: This-a-way|spd|1
|move|p2a: Weezing|Will-O-Wisp|p1a: This-a-way
|-status|p1a: This-a-way|brn
|
|-damage|p1a: This-a-way|74/100 brn|[from] brn
|upkeep
|turn|16
|
|t:|1743815307
|-end|p2a: Weezing|ability: Neutralizing Gas
|-ability|p1a: This-a-way|Pressure
|switch|p2a: Zarude|Zarude-Dada|100/100
|move|p1a: This-a-way|Cosmic Power|p1a: This-a-way
|-boost|p1a: This-a-way|def|1
|-boost|p1a: This-a-way|spd|1
|
|-damage|p1a: This-a-way|67/100 brn|[from] brn
|upkeep
|turn|17
|
|t:|1743815325
|move|p1a: This-a-way|Tera Blast|p2a: Zarude
|-damage|p2a: Zarude|75/100
|move|p2a: Zarude|Knock Off|p1a: This-a-way
|-supereffective|p1a: This-a-way
|-damage|p1a: This-a-way|17/100 brn
|-enditem|p1a: This-a-way|Weakness Policy
|-boost|p1a: This-a-way|atk|2|[from] item: Weakness Policy
|-boost|p1a: This-a-way|spa|2|[from] item: Weakness Policy
|
|-heal|p2a: Zarude|81/100|[from] item: Leftovers
|-damage|p1a: This-a-way|11/100 brn|[from] brn
|upkeep
|turn|18
|
|t:|1743815341
|move|p1a: This-a-way|Recover|p1a: This-a-way
|-heal|p1a: This-a-way|61/100 brn
|move|p2a: Zarude|Knock Off|p1a: This-a-way
|-supereffective|p1a: This-a-way
|-crit|p1a: This-a-way
|-damage|p1a: This-a-way|0 fnt
|faint|p1a: This-a-way
|
|-heal|p2a: Zarude|87/100|[from] item: Leftovers
|upkeep
|
|t:|1743815348
|switch|p1a: Great Bust|Great Tusk|100/100
|turn|19
|
|t:|1743815353
|move|p2a: Zarude|Petal Blizzard|p1a: Great Bust
|-supereffective|p1a: Great Bust
|-damage|p1a: Great Bust|44/100
|move|p1a: Great Bust|Rapid Spin|p2a: Zarude
|-damage|p2a: Zarude|63/100
|-boost|p1a: Great Bust|spe|1
|-damage|p1a: Great Bust|34/100|[from] item: Life Orb
|
|-heal|p2a: Zarude|69/100|[from] item: Leftovers
|upkeep
|turn|20
|
|t:|1743815359
|move|p2a: Zarude|Petal Blizzard|p1a: Great Bust
|-supereffective|p1a: Great Bust
|-damage|p1a: Great Bust|0 fnt
|faint|p1a: Great Bust
|-end|p1a: Great Bust|Protosynthesis|[silent]
|
|win|equinox000
|raw|ProteinMan11's rating: 1651 &rarr; <strong>1626</strong><br />(-25 for losing)
|raw|equinox000's rating: 1571 &rarr; <strong>1596</strong><br />(+25 for winning)
|l|☆ProteinMan11
|player|p1|
|l|☆equinox000
|player|p2|
|l| brednbutta
