|j|☆Gen1elite
|j|☆chris305
|t:|1743871927
|gametype|singles
|player|p1|Gen1elite|red|1194
|player|p2|chris305|byron|1177
|teamsize|p1|6
|teamsize|p2|6
|gen|9
|tier|[Gen 9] OU
|rated|
|rule|HP Percentage Mod: HP is shown in percentages
|rule|Endless Battle Clause: Forcing endless battles is banned
|rule|Species Clause: Limit one of each Pokémon
|rule|OHKO Clause: OHKO moves are banned
|rule|Evasion Items Clause: Evasion items are banned
|rule|Evasion Moves Clause: Evasion moves are banned
|rule|Sleep Moves Clause: Sleep-inducing moves are banned
|clearpoke
|poke|p1|Lapras, F|
|poke|p1|Arcanine, M|
|poke|p1|Dugtrio, M|
|poke|p1|Tentacruel, F|
|poke|p1|Jolteon, F|
|poke|p1|Scyther, M|
|poke|p2|Slowking-Galar, F|
|poke|p2|Ogerpon-Wellspring, F|
|poke|p2|Corviknight, F|
|poke|p2|Dragapult, M|
|poke|p2|Iron Valiant|
|poke|p2|Cinderace, M|
|teampreview
|
|t:|1743871940
|start
|switch|p1a: Jolteon|Jolteon, F|100/100
|switch|p2a: Slowking|Slowking-Galar, F|100/100
|turn|1
|c|☆chris305|gen 1 team i like
|
|t:|1743871949
|-terastallize|p1a: Jolteon|Ghost
|move|p1a: Jolteon|Shadow Ball|p2a: Slowking
|-supereffective|p2a: Slowking
|-damage|p2a: Slowking|19/100
|-unboost|p2a: Slowking|spd|1
|move|p2a: Slowking|Future Sight|p1a: Jolteon
|-start|p2a: Slowking|move: Future Sight
|
|-heal|p2a: Slowking|25/100|[from] item: Black Sludge
|upkeep
|turn|2
|
|t:|1743871972
|switch|p2a: Iron Valiant|Iron Valiant|100/100
|-enditem|p2a: Iron Valiant|Booster Energy
|-activate|p2a: Iron Valiant|ability: Quark Drive|[fromitem]
|-start|p2a: Iron Valiant|quarkdrivespe
|move|p1a: Jolteon|Shadow Ball|p2a: Iron Valiant
|-damage|p2a: Iron Valiant|0 fnt
|faint|p2a: Iron Valiant
|-end|p2a: Iron Valiant|Quark Drive|[silent]
|
|upkeep
|c|☆Gen1elite|Thanks
|
|t:|1743871987
|switch|p2a: Dragapult|Dragapult, M|100/100
|turn|3
|
|t:|1743871996
|switch|p1a: Tentacruel|Tentacruel, F|100/100
|move|p2a: Dragapult|Sucker Punch||[still]
|-fail|p2a: Dragapult
|
|-end|p1a: Tentacruel|move: Future Sight
|-supereffective|p1a: Tentacruel
|-damage|p1a: Tentacruel|44/100
|-heal|p1a: Tentacruel|50/100|[from] item: Black Sludge
|upkeep
|turn|4
|
|t:|1743872012
|move|p2a: Dragapult|Dragon Darts|p1a: Tentacruel
|-damage|p1a: Tentacruel|12/100
|-anim|p2a: Dragapult|Dragon Darts|p1a: Tentacruel
|-damage|p1a: Tentacruel|0 fnt
|faint|p1a: Tentacruel
|
|upkeep
|
|t:|1743872019
|switch|p1a: Arcanine|Arcanine, M|100/100
|-ability|p1a: Arcanine|Intimidate|boost
|-unboost|p2a: Dragapult|atk|1
|turn|5
|
|t:|1743872027
|switch|p2a: Slowking|Slowking-Galar, F|59/100
|move|p1a: Arcanine|Crunch|p2a: Slowking
|-supereffective|p2a: Slowking
|-damage|p2a: Slowking|17/100
|-unboost|p2a: Slowking|def|1
|
|-heal|p2a: Slowking|23/100|[from] item: Black Sludge
|upkeep
|turn|6
|
|t:|1743872037
|switch|p2a: Ogerpon|Ogerpon-Wellspring, F|100/100
|move|p1a: Arcanine|Crunch|p2a: Ogerpon
|-damage|p2a: Ogerpon|64/100
|
|upkeep
|turn|7
|
|t:|1743872046
|switch|p1a: Scyther|Scyther, M|100/100
|-terastallize|p2a: Ogerpon|Water
|detailschange|p2a: Ogerpon|Ogerpon-Wellspring-Tera, F, tera:Water
|-ability|p2a: Ogerpon|Embody Aspect (Wellspring)|boost
|-boost|p2a: Ogerpon|spd|1
|move|p2a: Ogerpon|Ivy Cudgel|p1a: Scyther|[anim] Ivy Cudgel Water
|-damage|p1a: Scyther|39/100
|
|upkeep
|turn|8
|
|t:|1743872070
|switch|p1a: Lapras|Lapras, F|100/100
|move|p2a: Ogerpon|Ivy Cudgel|p1a: Lapras|[anim] Ivy Cudgel Water
|-immune|p1a: Lapras|[from] ability: Water Absorb
|
|upkeep
|turn|9
|
|t:|1743872081
|move|p2a: Ogerpon|Horn Leech|p1a: Lapras
|-supereffective|p1a: Lapras
|-damage|p1a: Lapras|20/100
|-heal|p2a: Ogerpon|100/100|[from] drain|[of] p1a: Lapras
|move|p1a: Lapras|Reflect|p1a: Lapras
|-sidestart|p1: Gen1elite|Reflect
|
|-heal|p1a: Lapras|27/100|[from] item: Leftovers
|upkeep
|turn|10
|
|t:|1743872092
|switch|p1a: Scyther|Scyther, M|39/100
|move|p2a: Ogerpon|Encore||[still]
|-fail|p2a: Ogerpon
|
|upkeep
|turn|11
|
|t:|1743872102
|move|p2a: Ogerpon|Ivy Cudgel|p1a: Scyther|[anim] Ivy Cudgel Water
|-damage|p1a: Scyther|6/100
|move|p1a: Scyther|Pounce|p2a: Ogerpon
|-damage|p2a: Ogerpon|54/100
|-unboost|p2a: Ogerpon|spe|1
|
|upkeep
|turn|12
|
|t:|1743872111
|move|p2a: Ogerpon|Quick Attack|p1a: Scyther
|-damage|p1a: Scyther|0 fnt
|faint|p1a: Scyther
|
|upkeep
|
|t:|1743872119
|switch|p1a: Arcanine|Arcanine, M|100/100
|-ability|p1a: Arcanine|Intimidate|boost
|-unboost|p2a: Ogerpon|atk|1
|turn|13
|
|t:|1743872128
|switch|p1a: Lapras|Lapras, F|27/100
|move|p2a: Ogerpon|Ivy Cudgel|p1a: Lapras|[anim] Ivy Cudgel Water
|-heal|p1a: Lapras|52/100|[from] ability: Water Absorb|[of] p2a: Ogerpon
|
|-heal|p1a: Lapras|58/100|[from] item: Leftovers
|-sideend|p1: Gen1elite|Reflect
|upkeep
|turn|14
|
|t:|1743872137
|switch|p1a: Arcanine|Arcanine, M|100/100
|-ability|p1a: Arcanine|Intimidate|boost
|-unboost|p2a: Ogerpon|atk|1
|move|p2a: Ogerpon|Horn Leech|p1a: Arcanine
|-resisted|p1a: Arcanine
|-damage|p1a: Arcanine|89/100
|-heal|p2a: Ogerpon|62/100|[from] drain|[of] p1a: Arcanine
|-damage|p2a: Ogerpon|46/100|[from] item: Rocky Helmet|[of] p1a: Arcanine
|
|upkeep
|turn|15
|
|t:|1743872158
|switch|p2a: Slowking|Slowking-Galar, F|56/100
|move|p1a: Arcanine|Extreme Speed|p2a: Slowking
|-damage|p2a: Slowking|35/100
|
|-heal|p2a: Slowking|41/100|[from] item: Black Sludge
|upkeep
|turn|16
|
|t:|1743872172
|move|p1a: Arcanine|Crunch|p2a: Slowking
|-supereffective|p2a: Slowking
|-damage|p2a: Slowking|0 fnt
|faint|p2a: Slowking
|
|upkeep
|
|t:|1743872184
|switch|p2a: Ogerpon|Ogerpon-Wellspring-Tera, F, tera:Water|46/100
|-ability|p2a: Ogerpon|Embody Aspect (Wellspring)|boost
|-boost|p2a: Ogerpon|spd|1
|turn|17
|
|t:|1743872200
|move|p1a: Arcanine|Extreme Speed|p2a: Ogerpon
|-damage|p2a: Ogerpon|11/100
|move|p2a: Ogerpon|Horn Leech|p1a: Arcanine
|-resisted|p1a: Arcanine
|-damage|p1a: Arcanine|63/100
|-heal|p2a: Ogerpon|28/100|[from] drain|[of] p1a: Arcanine
|-damage|p2a: Ogerpon|11/100|[from] item: Rocky Helmet|[of] p1a: Arcanine
|
|upkeep
|turn|18
|
|t:|1743872215
|switch|p2a: Dragapult|Dragapult, M|100/100
|move|p1a: Arcanine|Extreme Speed|p2a: Dragapult
|-immune|p2a: Dragapult
|
|upkeep
|turn|19
|
|t:|1743872224
|move|p2a: Dragapult|Dragon Dance|p2a: Dragapult
|-boost|p2a: Dragapult|atk|1
|-boost|p2a: Dragapult|spe|1
|move|p1a: Arcanine|Crunch|p2a: Dragapult
|-supereffective|p2a: Dragapult
|-damage|p2a: Dragapult|33/100
|
|-heal|p2a: Dragapult|39/100|[from] item: Leftovers
|upkeep
|turn|20
|
|t:|1743872234
|move|p2a: Dragapult|Dragon Darts|p1a: Arcanine
|-damage|p1a: Arcanine|22/100
|-anim|p2a: Dragapult|Dragon Darts|p1a: Arcanine
|-damage|p1a: Arcanine|0 fnt
|faint|p1a: Arcanine
|
|-heal|p2a: Dragapult|45/100|[from] item: Leftovers
|upkeep
|
|t:|1743872255
|switch|p1a: Dugtrio|Dugtrio, M|100/100
|turn|21
|
|t:|1743872265
|move|p2a: Dragapult|Phantom Force||[still]
|-prepare|p2a: Dragapult|Phantom Force
|move|p1a: Dugtrio|Earthquake|p2a: Dragapult|[miss]
|-miss|p1a: Dugtrio|p2a: Dragapult
|
|-heal|p2a: Dragapult|50/100|[from] item: Leftovers
|upkeep
|turn|22
|
|t:|1743872274
|move|p2a: Dragapult|Phantom Force|p1a: Dugtrio|[from] lockedmove
|-enditem|p1a: Dugtrio|Focus Sash
|-damage|p1a: Dugtrio|1/100
|move|p1a: Dugtrio|Stealth Rock|p2a: Dragapult
|-sidestart|p2: chris305|move: Stealth Rock
|
|-heal|p2a: Dragapult|56/100|[from] item: Leftovers
|upkeep
|turn|23
|
|t:|1743872283
|move|p1a: Dugtrio|Sucker Punch|p2a: Dragapult
|-supereffective|p2a: Dragapult
|-damage|p2a: Dragapult|5/100
|move|p2a: Dragapult|Dragon Darts|p1a: Dugtrio
|-damage|p1a: Dugtrio|0 fnt
|faint|p1a: Dugtrio
|
|-heal|p2a: Dragapult|11/100|[from] item: Leftovers
|upkeep
|
|t:|1743872292
|switch|p1a: Lapras|Lapras, F|58/100
|turn|24
|
|t:|1743872296
|move|p1a: Lapras|Ice Shard|p2a: Dragapult
|-supereffective|p2a: Dragapult
|-damage|p2a: Dragapult|0 fnt
|faint|p2a: Dragapult
|
|-heal|p1a: Lapras|64/100|[from] item: Leftovers
|upkeep
|
|t:|1743872301
|switch|p2a: Corviknight|Corviknight, F|100/100
|-damage|p2a: Corviknight|88/100|[from] Stealth Rock
|turn|25
|
|t:|1743872312
|move|p2a: Corviknight|Defog|p1a: Lapras
|-unboost|p1a: Lapras|evasion|1
|-sideend|p2: chris305|Stealth Rock|[from] move: Defog|[of] p2a: Corviknight
|move|p1a: Lapras|Reflect|p1a: Lapras
|-sidestart|p1: Gen1elite|Reflect
|
|-heal|p2a: Corviknight|94/100|[from] item: Leftovers
|-heal|p1a: Lapras|70/100|[from] item: Leftovers
|upkeep
|turn|26
|
|t:|1743872322
|move|p2a: Corviknight|Body Press|p1a: Lapras
|-supereffective|p1a: Lapras
|-damage|p1a: Lapras|46/100
|move|p1a: Lapras|Hydro Pump|p2a: Corviknight
|-damage|p2a: Corviknight|50/100
|
|-heal|p2a: Corviknight|57/100|[from] item: Leftovers
|-heal|p1a: Lapras|52/100|[from] item: Leftovers
|upkeep
|turn|27
|
|t:|1743872333
|switch|p1a: Jolteon|Jolteon, F, tera:Ghost|100/100
|move|p2a: Corviknight|Roost|p2a: Corviknight
|-heal|p2a: Corviknight|100/100
|-singleturn|p2a: Corviknight|move: Roost
|
|upkeep
|turn|28
|
|t:|1743872346
|switch|p2a: Ogerpon|Ogerpon-Wellspring-Tera, F, tera:Water|11/100
|-ability|p2a: Ogerpon|Embody Aspect (Wellspring)|boost
|-boost|p2a: Ogerpon|spd|1
|move|p1a: Jolteon|Thunder|p2a: Ogerpon
|-supereffective|p2a: Ogerpon
|-damage|p2a: Ogerpon|0 fnt
|faint|p2a: Ogerpon
|
|upkeep
|
|t:|1743872354
|switch|p2a: Cinderace|Cinderace, M|100/100
|turn|29
|
|t:|1743872360
|switch|p1a: Lapras|Lapras, F|52/100
|move|p2a: Cinderace|Pyro Ball|p1a: Lapras
|-damage|p1a: Lapras|13/100
|-status|p1a: Lapras|brn
|
|-heal|p1a: Lapras|19/100 brn|[from] item: Leftovers
|-damage|p1a: Lapras|13/100 brn|[from] brn
|-sideend|p1: Gen1elite|Reflect
|upkeep
|turn|30
|
|t:|1743872373
|move|p2a: Cinderace|Pyro Ball|p1a: Lapras
|-damage|p1a: Lapras|0 fnt
|faint|p1a: Lapras
|
|upkeep
|
|t:|1743872377
|switch|p1a: Jolteon|Jolteon, F, tera:Ghost|100/100
|turn|31
|
|t:|1743872383
|move|p1a: Jolteon|Shadow Ball|p2a: Cinderace
|-damage|p2a: Cinderace|15/100
|-unboost|p2a: Cinderace|spd|1
|move|p2a: Cinderace|Pyro Ball|p1a: Jolteon
|-damage|p1a: Jolteon|0 fnt
|faint|p1a: Jolteon
|
|win|chris305
|raw|Gen1elite's rating: 1194 &rarr; <strong>1168</strong><br />(-26 for losing)
|raw|chris305's rating: 1177 &rarr; <strong>1203</strong><br />(+26 for winning)
|c|☆chris305|gg
|l|☆Gen1elite
|player|p1|
|l|☆chris305
|player|p2|
