|j|☆life wont change
|j|☆Golisopod Enjoyer
|t:|1743900135
|gametype|singles
|player|p1|life wont change|psychicf-gen4|1770
|player|p2|Golisopod Enjoyer|bugcatcher-gen4dp|1740
|teamsize|p1|6
|teamsize|p2|6
|gen|9
|tier|[Gen 9] OU
|rated|
|rule|HP Percentage Mod: HP is shown in percentages
|rule|Endless Battle Clause: Forcing endless battles is banned
|rule|Species Clause: Limit one of each Pokémon
|rule|OHKO Clause: OHKO moves are banned
|rule|Evasion Items Clause: Evasion items are banned
|rule|Evasion Moves Clause: Evasion moves are banned
|rule|Sleep Moves Clause: Sleep-inducing moves are banned
|clearpoke
|poke|p1|Ting-Lu|
|poke|p1|Ogerpon, F|
|poke|p1|Alomomola, F|
|poke|p1|Gholdengo|
|poke|p1|Darkrai|
|poke|p1|Dragonite, M|
|poke|p2|Iron Crown|
|poke|p2|Samurott-Hisui, M|
|poke|p2|Moltres|
|poke|p2|Scizor, M|
|poke|p2|Great Tusk|
|poke|p2|Pecharunt|
|teampreview
|
|t:|1743900146
|start
|switch|p1a: AllThoseYearsAgo|Darkrai|100/100
|switch|p2a: Samurott|Samurott-Hisui, M|100/100
|turn|1
|
|t:|1743900154
|move|p1a: AllThoseYearsAgo|Will-O-Wisp|p2a: Samurott|[miss]
|-miss|p1a: AllThoseYearsAgo|p2a: Samurott
|move|p2a: Samurott|Knock Off|p1a: AllThoseYearsAgo
|-resisted|p1a: AllThoseYearsAgo
|-damage|p1a: AllThoseYearsAgo|77/100
|-enditem|p1a: AllThoseYearsAgo|Heavy-Duty Boots|[from] move: Knock Off|[of] p2a: Samurott
|
|upkeep
|turn|2
|
|t:|1743900162
|switch|p2a: Moltres|Moltres|100/100
|move|p1a: AllThoseYearsAgo|Will-O-Wisp|p2a: Moltres|[miss]
|-miss|p1a: AllThoseYearsAgo|p2a: Moltres
|
|upkeep
|turn|3
|
|t:|1743900163
|move|p1a: AllThoseYearsAgo|Knock Off|p2a: Moltres
|-damage|p2a: Moltres|80/100
|-status|p1a: AllThoseYearsAgo|brn|[from] ability: Flame Body|[of] p2a: Moltres
|-enditem|p2a: Moltres|Heavy-Duty Boots|[from] move: Knock Off|[of] p1a: AllThoseYearsAgo
|move|p2a: Moltres|U-turn|p1a: AllThoseYearsAgo
|-supereffective|p1a: AllThoseYearsAgo
|-damage|p1a: AllThoseYearsAgo|37/100 brn
|
|t:|1743900168
|switch|p2a: Scizor|Scizor, M|100/100|[from] U-turn
|
|-damage|p1a: AllThoseYearsAgo|31/100 brn|[from] brn
|upkeep
|turn|4
|
|t:|1743900172
|switch|p1a: Give Me Love|Alomomola, F|100/100
|move|p2a: Scizor|Bullet Punch|p1a: Give Me Love
|-resisted|p1a: Give Me Love
|-damage|p1a: Give Me Love|87/100
|
|upkeep
|turn|5
|
|t:|1743900177
|switch|p2a: Samurott|Samurott-Hisui, M|100/100
|move|p1a: Give Me Love|Flip Turn|p2a: Samurott
|-resisted|p2a: Samurott
|-damage|p2a: Samurott|91/100
|
|t:|1743900179
|switch|p1a: What Is Life|Ogerpon, F|100/100|[from] Flip Turn
|
|upkeep
|turn|6
|
|t:|1743900181
|switch|p1a: Cloud Nine|Ting-Lu|100/100
|-ability|p1a: Cloud Nine|Vessel of Ruin
|switch|p2a: Moltres|Moltres|80/100
|
|upkeep
|turn|7
|
|t:|1743900183
|move|p2a: Moltres|U-turn|p1a: Cloud Nine
|-supereffective|p1a: Cloud Nine
|-damage|p1a: Cloud Nine|84/100
|
|t:|1743900190
|switch|p2a: Scizor|Scizor, M|100/100|[from] U-turn
|move|p1a: Cloud Nine|Stealth Rock|p2a: Scizor
|-sidestart|p2: Golisopod Enjoyer|move: Stealth Rock
|
|-heal|p1a: Cloud Nine|90/100|[from] item: Leftovers
|upkeep
|turn|8
|
|t:|1743900195
|switch|p1a: Give Me Love|Alomomola, F|100/100
|move|p2a: Scizor|Knock Off|p1a: Give Me Love
|-damage|p1a: Give Me Love|72/100
|-enditem|p1a: Give Me Love|Heavy-Duty Boots|[from] move: Knock Off|[of] p2a: Scizor
|
|upkeep
|turn|9
|
|t:|1743900201
|switch|p2a: Moltres|Moltres|80/100
|-damage|p2a: Moltres|30/100|[from] Stealth Rock
|move|p1a: Give Me Love|Flip Turn|p2a: Moltres
|-supereffective|p2a: Moltres
|-damage|p2a: Moltres|8/100
|-status|p1a: Give Me Love|brn|[from] ability: Flame Body|[of] p2a: Moltres
|
|t:|1743900205
|switch|p1a: AllThoseYearsAgo|Darkrai|31/100 brn|[from] Flip Turn
|
|-damage|p1a: AllThoseYearsAgo|25/100 brn|[from] brn
|upkeep
|turn|10
|
|t:|1743900212
|move|p1a: AllThoseYearsAgo|Dark Pulse|p2a: Moltres
|-damage|p2a: Moltres|0 fnt
|faint|p2a: Moltres
|
|-damage|p1a: AllThoseYearsAgo|19/100 brn|[from] brn
|upkeep
|
|t:|1743900217
|switch|p2a: Samurott|Samurott-Hisui, M|91/100
|-damage|p2a: Samurott|79/100|[from] Stealth Rock
|turn|11
|
|t:|1743900219
|move|p1a: AllThoseYearsAgo|Will-O-Wisp|p2a: Samurott
|-status|p2a: Samurott|brn
|move|p2a: Samurott|Ceaseless Edge|p1a: AllThoseYearsAgo
|-resisted|p1a: AllThoseYearsAgo
|-damage|p1a: AllThoseYearsAgo|6/100 brn
|-sidestart|p1: life wont change|Spikes
|
|-damage|p1a: AllThoseYearsAgo|0 fnt|[from] brn
|faint|p1a: AllThoseYearsAgo
|-damage|p2a: Samurott|73/100 brn|[from] brn
|upkeep
|
|t:|1743900222
|switch|p1a: What Is Life|Ogerpon, F|100/100
|turn|12
|
|t:|1743900225
|switch|p2a: Scizor|Scizor, M|100/100
|-damage|p2a: Scizor|88/100|[from] Stealth Rock
|move|p1a: What Is Life|Ivy Cudgel|p2a: Scizor
|-resisted|p2a: Scizor
|-damage|p2a: Scizor|74/100
|
|upkeep
|turn|13
|
|t:|1743900231
|move|p1a: What Is Life|U-turn|p2a: Scizor
|-resisted|p2a: Scizor
|-damage|p2a: Scizor|62/100
|
|t:|1743900233
|switch|p1a: Give Me Love|Alomomola, F|100/100 brn|[from] U-turn
|-damage|p1a: Give Me Love|88/100 brn|[from] Spikes
|move|p2a: Scizor|U-turn|p1a: Give Me Love
|-crit|p1a: Give Me Love
|-damage|p1a: Give Me Love|43/100 brn
|
|t:|1743900241
|switch|p2a: Pecharunt|Pecharunt|100/100|[from] U-turn
|
|-damage|p1a: Give Me Love|37/100 brn|[from] brn
|upkeep
|turn|14
|
|t:|1743900245
|switch|p1a: Cloud Nine|Ting-Lu|90/100
|-damage|p1a: Cloud Nine|78/100|[from] Spikes
|-ability|p1a: Cloud Nine|Vessel of Ruin
|move|p2a: Pecharunt|Shadow Ball|p1a: Cloud Nine
|-resisted|p1a: Cloud Nine
|-damage|p1a: Cloud Nine|73/100
|
|-heal|p1a: Cloud Nine|79/100|[from] item: Leftovers
|upkeep
|turn|15
|
|t:|1743900247
|move|p2a: Pecharunt|Malignant Chain|p1a: Cloud Nine
|-resisted|p1a: Cloud Nine
|-damage|p1a: Cloud Nine|73/100
|-status|p1a: Cloud Nine|tox
|-start|p1a: Cloud Nine|confusion|[from] ability: Poison Puppeteer|[of] p2a: Pecharunt
|-activate|p1a: Cloud Nine|confusion
|move|p1a: Cloud Nine|Spikes|p2a: Pecharunt
|-sidestart|p2: Golisopod Enjoyer|Spikes
|
|-heal|p1a: Cloud Nine|79/100 tox|[from] item: Leftovers
|-damage|p1a: Cloud Nine|73/100 tox|[from] psn
|upkeep
|turn|16
|
|t:|1743900250
|move|p2a: Pecharunt|Parting Shot|p1a: Cloud Nine
|-unboost|p1a: Cloud Nine|atk|1
|-unboost|p1a: Cloud Nine|spa|1
|
|t:|1743900251
|switch|p2a: Great Tusk|Great Tusk|100/100|[from] Parting Shot
|-end|p1a: Cloud Nine|confusion
|move|p1a: Cloud Nine|Spikes|p2a: Great Tusk
|-sidestart|p2: Golisopod Enjoyer|Spikes
|
|-heal|p1a: Cloud Nine|79/100 tox|[from] item: Leftovers
|-damage|p1a: Cloud Nine|67/100 tox|[from] psn
|upkeep
|turn|17
|
|t:|1743900254
|switch|p1a: Isn't It A Pity|Gholdengo|100/100
|-item|p1a: Isn't It A Pity|Air Balloon
|move|p2a: Great Tusk|Ice Spinner|p1a: Isn't It A Pity
|-resisted|p1a: Isn't It A Pity
|-crit|p1a: Isn't It A Pity
|-damage|p1a: Isn't It A Pity|86/100
|-enditem|p1a: Isn't It A Pity|Air Balloon
|
|upkeep
|turn|18
|
|t:|1743900259
|move|p2a: Great Tusk|Headlong Rush|p1a: Isn't It A Pity
|-supereffective|p1a: Isn't It A Pity
|-damage|p1a: Isn't It A Pity|10/100
|-unboost|p2a: Great Tusk|def|1
|-unboost|p2a: Great Tusk|spd|1
|move|p1a: Isn't It A Pity|Make It Rain|p2a: Great Tusk
|-damage|p2a: Great Tusk|0 fnt
|-unboost|p1a: Isn't It A Pity|spa|1
|faint|p2a: Great Tusk
|-end|p2a: Great Tusk|Protosynthesis|[silent]
|
|upkeep
|
|t:|1743900271
|switch|p2a: Samurott|Samurott-Hisui, M|73/100 brn
|-damage|p2a: Samurott|61/100 brn|[from] Stealth Rock
|-damage|p2a: Samurott|44/100 brn|[from] Spikes
|turn|19
|
|t:|1743900274
|move|p2a: Samurott|Ceaseless Edge|p1a: Isn't It A Pity
|-supereffective|p1a: Isn't It A Pity
|-damage|p1a: Isn't It A Pity|0 fnt
|-sidestart|p1: life wont change|Spikes
|faint|p1a: Isn't It A Pity
|
|-damage|p2a: Samurott|38/100 brn|[from] brn
|upkeep
|
|t:|1743900276
|switch|p1a: What Is Life|Ogerpon, F|100/100
|turn|20
|
|t:|1743900281
|move|p2a: Samurott|Sucker Punch|p1a: What Is Life
|-damage|p1a: What Is Life|82/100
|move|p1a: What Is Life|Ivy Cudgel|p2a: Samurott
|-supereffective|p2a: Samurott
|-damage|p2a: Samurott|0 fnt
|faint|p2a: Samurott
|
|upkeep
|
|t:|1743900285
|switch|p2a: Scizor|Scizor, M|62/100
|-damage|p2a: Scizor|50/100|[from] Stealth Rock
|-damage|p2a: Scizor|34/100|[from] Spikes
|turn|21
|
|t:|1743900290
|move|p2a: Scizor|Bullet Punch|p1a: What Is Life
|-damage|p1a: What Is Life|19/100
|move|p1a: What Is Life|Knock Off|p2a: Scizor
|-damage|p2a: Scizor|0 fnt
|-enditem|p2a: Scizor|Choice Band|[from] move: Knock Off|[of] p1a: What Is Life
|faint|p2a: Scizor
|
|upkeep
|
|t:|1743900297
|switch|p2a: Iron Crown|Iron Crown|100/100
|-damage|p2a: Iron Crown|94/100|[from] Stealth Rock
|-damage|p2a: Iron Crown|78/100|[from] Spikes
|-enditem|p2a: Iron Crown|Booster Energy
|-activate|p2a: Iron Crown|ability: Quark Drive|[fromitem]
|-start|p2a: Iron Crown|quarkdrivespe
|turn|22
|j| SpookyMareep
|
|t:|1743900307
|-terastallize|p1a: What Is Life|Grass
|detailschange|p1a: What Is Life|Ogerpon-Teal-Tera, F, tera:Grass
|-ability|p1a: What Is Life|Embody Aspect (Teal)|boost
|-boost|p1a: What Is Life|spe|1
|move|p1a: What Is Life|U-turn|p2a: Iron Crown
|-crit|p2a: Iron Crown
|-damage|p2a: Iron Crown|42/100
|
|t:|1743900309
|switch|p1a: Give Me Love|Alomomola, F|70/100 brn|[from] U-turn
|-damage|p1a: Give Me Love|53/100 brn|[from] Spikes
|move|p2a: Iron Crown|Tachyon Cutter|p1a: Give Me Love
|-resisted|p1a: Give Me Love
|-damage|p1a: Give Me Love|40/100 brn
|-resisted|p1a: Give Me Love
|-damage|p1a: Give Me Love|27/100 brn
|-hitcount|p1a: Give Me Love|2
|
|-damage|p1a: Give Me Love|21/100 brn|[from] brn
|upkeep
|turn|23
|
|t:|1743900316
|move|p2a: Iron Crown|Calm Mind|p2a: Iron Crown
|-boost|p2a: Iron Crown|spa|1
|-boost|p2a: Iron Crown|spd|1
|move|p1a: Give Me Love|Flip Turn|p2a: Iron Crown
|-damage|p2a: Iron Crown|34/100
|
|t:|1743900318
|switch|p1a: What Is Life|Ogerpon-Teal-Tera, F, tera:Grass|19/100|[from] Flip Turn
|-ability|p1a: What Is Life|Embody Aspect (Teal)|boost
|-boost|p1a: What Is Life|spe|1
|
|upkeep
|turn|24
|
|t:|1743900321
|move|p1a: What Is Life|Encore|p2a: Iron Crown
|-start|p2a: Iron Crown|Encore
|move|p2a: Iron Crown|Calm Mind|p2a: Iron Crown
|-boost|p2a: Iron Crown|spa|1
|-boost|p2a: Iron Crown|spd|1
|
|upkeep
|turn|25
|
|t:|1743900327
|-end|p2a: Iron Crown|Quark Drive|[silent]
|switch|p2a: Pecharunt|Pecharunt|100/100
|move|p1a: What Is Life|Knock Off|p2a: Pecharunt
|-supereffective|p2a: Pecharunt
|-damage|p2a: Pecharunt|63/100
|-enditem|p2a: Pecharunt|Heavy-Duty Boots|[from] move: Knock Off|[of] p1a: What Is Life
|
|upkeep
|turn|26
|
|t:|1743900330
|move|p1a: What Is Life|U-turn|p2a: Pecharunt
|-resisted|p2a: Pecharunt
|-damage|p2a: Pecharunt|60/100
|
|t:|1743900331
|switch|p1a: Cloud Nine|Ting-Lu|67/100 tox|[from] U-turn
|-damage|p1a: Cloud Nine|50/100 tox|[from] Spikes
|-ability|p1a: Cloud Nine|Vessel of Ruin
|move|p2a: Pecharunt|Recover|p2a: Pecharunt
|-heal|p2a: Pecharunt|100/100
|
|-heal|p1a: Cloud Nine|57/100 tox|[from] item: Leftovers
|-damage|p1a: Cloud Nine|50/100 tox|[from] psn
|upkeep
|turn|27
|
|t:|1743900336
|move|p2a: Pecharunt|Parting Shot|p1a: Cloud Nine
|-unboost|p1a: Cloud Nine|atk|1
|-unboost|p1a: Cloud Nine|spa|1
|j| m0chaman_829
|
|t:|1743900337
|switch|p2a: Iron Crown|Iron Crown|34/100|[from] Parting Shot
|-damage|p2a: Iron Crown|28/100|[from] Stealth Rock
|-damage|p2a: Iron Crown|11/100|[from] Spikes
|move|p1a: Cloud Nine|Earthquake|p2a: Iron Crown
|-supereffective|p2a: Iron Crown
|-damage|p2a: Iron Crown|0 fnt
|faint|p2a: Iron Crown
|-end|p2a: Iron Crown|Quark Drive|[silent]
|
|-heal|p1a: Cloud Nine|57/100 tox|[from] item: Leftovers
|-damage|p1a: Cloud Nine|44/100 tox|[from] psn
|upkeep
|
|t:|1743900339
|switch|p2a: Pecharunt|Pecharunt|100/100
|-damage|p2a: Pecharunt|88/100|[from] Stealth Rock
|-damage|p2a: Pecharunt|71/100|[from] Spikes
|turn|28
|
|t:|1743900345
|move|p2a: Pecharunt|Parting Shot|p1a: Cloud Nine
|-unboost|p1a: Cloud Nine|atk|1
|-unboost|p1a: Cloud Nine|spa|1
|move|p1a: Cloud Nine|Earthquake|p2a: Pecharunt
|-supereffective|p2a: Pecharunt
|-damage|p2a: Pecharunt|48/100
|
|-heal|p1a: Cloud Nine|50/100 tox|[from] item: Leftovers
|-damage|p1a: Cloud Nine|32/100 tox|[from] psn
|upkeep
|turn|29
|
|t:|1743900348
|switch|p1a: What Is Life|Ogerpon-Teal-Tera, F, tera:Grass|19/100
|-ability|p1a: What Is Life|Embody Aspect (Teal)|boost
|-boost|p1a: What Is Life|spe|1
|move|p2a: Pecharunt|Recover|p2a: Pecharunt
|-heal|p2a: Pecharunt|98/100
|
|upkeep
|turn|30
|
|t:|1743900351
|move|p1a: What Is Life|Encore|p2a: Pecharunt
|-start|p2a: Pecharunt|Encore
|move|p2a: Pecharunt|Recover|p2a: Pecharunt
|-heal|p2a: Pecharunt|100/100
|
|upkeep
|turn|31
|
|t:|1743900354
|move|p1a: What Is Life|U-turn|p2a: Pecharunt
|-resisted|p2a: Pecharunt
|-damage|p2a: Pecharunt|97/100
|
|t:|1743900356
|switch|p1a: Give Me Love|Alomomola, F|54/100 brn|[from] U-turn
|-damage|p1a: Give Me Love|38/100 brn|[from] Spikes
|move|p2a: Pecharunt|Recover|p2a: Pecharunt
|-heal|p2a: Pecharunt|100/100
|
|-damage|p1a: Give Me Love|31/100 brn|[from] brn
|upkeep
|turn|32
|
|t:|1743900358
|move|p2a: Pecharunt|Recover||[still]
|-fail|p2a: Pecharunt|heal
|move|p1a: Give Me Love|Flip Turn|p2a: Pecharunt
|-damage|p2a: Pecharunt|96/100
|
|t:|1743900360
|switch|p1a: What Is Life|Ogerpon-Teal-Tera, F, tera:Grass|19/100|[from] Flip Turn
|-ability|p1a: What Is Life|Embody Aspect (Teal)|boost
|-boost|p1a: What Is Life|spe|1
|
|-end|p2a: Pecharunt|Encore
|upkeep
|turn|33
|
|t:|1743900362
|move|p1a: What Is Life|Encore|p2a: Pecharunt
|-start|p2a: Pecharunt|Encore
|move|p2a: Pecharunt|Recover|p2a: Pecharunt
|-heal|p2a: Pecharunt|100/100
|
|upkeep
|turn|34
|
|t:|1743900364
|move|p1a: What Is Life|U-turn|p2a: Pecharunt
|-resisted|p2a: Pecharunt
|-damage|p2a: Pecharunt|97/100
|
|t:|1743900365
|switch|p1a: Give Me Love|Alomomola, F|65/100 brn|[from] U-turn
|-damage|p1a: Give Me Love|48/100 brn|[from] Spikes
|move|p2a: Pecharunt|Recover|p2a: Pecharunt
|-heal|p2a: Pecharunt|100/100
|
|-damage|p1a: Give Me Love|42/100 brn|[from] brn
|upkeep
|turn|35
|
|t:|1743900368
|move|p2a: Pecharunt|Recover||[still]
|-fail|p2a: Pecharunt|heal
|move|p1a: Give Me Love|Flip Turn|p2a: Pecharunt
|-damage|p2a: Pecharunt|96/100
|
|t:|1743900369
|switch|p1a: What Is Life|Ogerpon-Teal-Tera, F, tera:Grass|19/100|[from] Flip Turn
|-ability|p1a: What Is Life|Embody Aspect (Teal)|boost
|-boost|p1a: What Is Life|spe|1
|
|-end|p2a: Pecharunt|Encore
|upkeep
|turn|36
|
|t:|1743900372
|move|p1a: What Is Life|U-turn|p2a: Pecharunt
|-resisted|p2a: Pecharunt
|-damage|p2a: Pecharunt|92/100
|
|t:|1743900374
|switch|p1a: Give Me Love|Alomomola, F|75/100 brn|[from] U-turn
|-damage|p1a: Give Me Love|59/100 brn|[from] Spikes
|move|p2a: Pecharunt|Malignant Chain|p1a: Give Me Love
|-damage|p1a: Give Me Love|22/100 brn
|
|-damage|p1a: Give Me Love|16/100 brn|[from] brn
|upkeep
|turn|37
|
|t:|1743900377
|move|p2a: Pecharunt|Shadow Ball|p1a: Give Me Love
|-damage|p1a: Give Me Love|0 fnt
|faint|p1a: Give Me Love
|
|upkeep
|
|t:|1743900378
|switch|p1a: Cloud Nine|Ting-Lu|32/100 tox
|-damage|p1a: Cloud Nine|15/100 tox|[from] Spikes
|-ability|p1a: Cloud Nine|Vessel of Ruin
|turn|38
|
|t:|1743900380
|move|p2a: Pecharunt|Malignant Chain|p1a: Cloud Nine
|-resisted|p1a: Cloud Nine
|-damage|p1a: Cloud Nine|8/100 tox
|move|p1a: Cloud Nine|Earthquake|p2a: Pecharunt
|-supereffective|p2a: Pecharunt
|-damage|p2a: Pecharunt|46/100
|
|-heal|p1a: Cloud Nine|15/100 tox|[from] item: Leftovers
|-damage|p1a: Cloud Nine|8/100 tox|[from] psn
|upkeep
|turn|39
|
|t:|1743900384
|move|p2a: Pecharunt|Shadow Ball|p1a: Cloud Nine
|-resisted|p1a: Cloud Nine
|-crit|p1a: Cloud Nine
|-damage|p1a: Cloud Nine|0 fnt
|faint|p1a: Cloud Nine
|
|upkeep
|
|t:|1743900385
|switch|p1a: My Sweet Lord|Dragonite, M|100/100
|turn|40
|
|t:|1743900388
|move|p1a: My Sweet Lord|Earthquake|p2a: Pecharunt
|-supereffective|p2a: Pecharunt
|-damage|p2a: Pecharunt|0 fnt
|faint|p2a: Pecharunt
|
|win|life wont change
|raw|life wont change's rating: 1770 &rarr; <strong>1788</strong><br />(+18 for winning)
|raw|Golisopod Enjoyer's rating: 1740 &rarr; <strong>1722</strong><br />(-18 for losing)
|c|☆Golisopod Enjoyer|gg
|l|☆life wont change
|player|p1|
|l|☆Golisopod Enjoyer
|player|p2|
