|j|☆asw990117
|j|☆Mandrake evol-VN
|t:|1743929061
|gametype|singles
|player|p1|asw990117|265|1117
|player|p2|Mandrake evol-VN|pryce|1111
|teamsize|p1|6
|teamsize|p2|6
|gen|9
|tier|[Gen 9] OU
|rated|
|rule|HP Percentage Mod: HP is shown in percentages
|rule|Endless Battle Clause: Forcing endless battles is banned
|rule|Species Clause: Limit one of each Pokémon
|rule|OHKO Clause: OHKO moves are banned
|rule|Evasion Items Clause: Evasion items are banned
|rule|Evasion Moves Clause: Evasion moves are banned
|rule|Sleep Moves Clause: Sleep-inducing moves are banned
|clearpoke
|poke|p1|Breloom, M|
|poke|p1|Corviknight, F|
|poke|p1|Raging Bolt|
|poke|p1|Swampert, M|
|poke|p1|Blaziken, M|
|poke|p1|Dragonite, F|
|poke|p2|Ursaluna, M|
|poke|p2|Alomomola, M|
|poke|p2|Great Tusk|
|poke|p2|Kingambit, M|
|poke|p2|Dragapult, M|
|poke|p2|Iron Valiant|
|teampreview
|
|t:|1743929073
|start
|switch|p1a: Swampert|Swampert, M|100/100
|switch|p2a: Great Tusk|Great Tusk|100/100
|turn|1
|inactive|Battle timer is ON: inactive players will automatically lose when time's up. (requested by asw990117)
|
|t:|1743929079
|move|p2a: Great Tusk|Stealth Rock|p1a: Swampert
|-sidestart|p1: asw990117|move: Stealth Rock
|move|p1a: Swampert|Bulk Up|p1a: Swampert
|-boost|p1a: Swampert|atk|1
|-boost|p1a: Swampert|def|1
|
|upkeep
|turn|2
|
|t:|1743929087
|-end|p2a: Great Tusk|Protosynthesis|[silent]
|switch|p2a: Alomomola|Alomomola, M|100/100
|move|p1a: Swampert|Bulk Up|p1a: Swampert
|-boost|p1a: Swampert|atk|1
|-boost|p1a: Swampert|def|1
|
|upkeep
|turn|3
|
|t:|1743929092
|move|p1a: Swampert|Bulk Up|p1a: Swampert
|-boost|p1a: Swampert|atk|1
|-boost|p1a: Swampert|def|1
|move|p2a: Alomomola|Flip Turn|p1a: Swampert
|-damage|p1a: Swampert|95/100
|
|t:|1743929094
|switch|p2a: Dragapult|Dragapult, M|100/100|[from] Flip Turn
|
|-heal|p1a: Swampert|100/100|[from] item: Leftovers
|upkeep
|turn|4
|
|t:|1743929102
|move|p2a: Dragapult|Curse|p1a: Swampert
|-start|p1a: Swampert|Curse|[of] p2a: Dragapult
|-damage|p2a: Dragapult|50/100
|move|p1a: Swampert|Ice Punch|p2a: Dragapult
|-supereffective|p2a: Dragapult
|-damage|p2a: Dragapult|0 fnt
|faint|p2a: Dragapult
|
|-damage|p1a: Swampert|76/100|[from] Curse
|upkeep
|
|t:|1743929114
|switch|p2a: Ursaluna|Ursaluna, M|100/100
|turn|5
|
|t:|1743929122
|switch|p1a: Corviknight|Corviknight, F|100/100
|-damage|p1a: Corviknight|88/100|[from] Stealth Rock
|move|p2a: Ursaluna|Protect||[still]
|-fail|p2a: Ursaluna
|
|-heal|p1a: Corviknight|94/100|[from] item: Leftovers
|-status|p2a: Ursaluna|brn|[from] item: Flame Orb
|upkeep
|turn|6
|
|t:|1743929131
|move|p1a: Corviknight|Defog|p2a: Ursaluna
|-unboost|p2a: Ursaluna|evasion|1
|-sideend|p1: asw990117|Stealth Rock|[from] move: Defog|[of] p1a: Corviknight
|move|p2a: Ursaluna|Facade|p1a: Corviknight
|-resisted|p1a: Corviknight
|-damage|p1a: Corviknight|42/100
|
|-heal|p1a: Corviknight|48/100|[from] item: Leftovers
|-damage|p2a: Ursaluna|94/100 brn|[from] brn
|upkeep
|turn|7
|
|t:|1743929140
|move|p1a: Corviknight|Body Press|p2a: Ursaluna
|-supereffective|p2a: Ursaluna
|-damage|p2a: Ursaluna|55/100 brn
|move|p2a: Ursaluna|Facade|p1a: Corviknight
|-resisted|p1a: Corviknight
|-damage|p1a: Corviknight|1/100
|
|-heal|p1a: Corviknight|8/100|[from] item: Leftovers
|-damage|p2a: Ursaluna|49/100 brn|[from] brn
|upkeep
|turn|8
|
|t:|1743929148
|move|p1a: Corviknight|Body Press|p2a: Ursaluna
|-supereffective|p2a: Ursaluna
|-damage|p2a: Ursaluna|7/100 brn
|move|p2a: Ursaluna|Drain Punch|p1a: Corviknight
|-damage|p1a: Corviknight|0 fnt
|-heal|p2a: Ursaluna|10/100 brn|[from] drain|[of] p1a: Corviknight
|faint|p1a: Corviknight
|
|-damage|p2a: Ursaluna|4/100 brn|[from] brn
|upkeep
|
|t:|1743929158
|switch|p1a: Dragonite|Dragonite, F|100/100
|turn|9
|
|t:|1743929161
|switch|p2a: Alomomola|Alomomola, M|100/100
|move|p1a: Dragonite|Extreme Speed|p2a: Alomomola
|-damage|p2a: Alomomola|80/100
|
|-heal|p2a: Alomomola|86/100|[from] item: Leftovers
|upkeep
|turn|10
|
|t:|1743929170
|switch|p1a: Breloom|Breloom, M|100/100
|move|p2a: Alomomola|Wish|p2a: Alomomola
|
|-heal|p2a: Alomomola|92/100|[from] item: Leftovers
|upkeep
|turn|11
|
|t:|1743929176
|move|p1a: Breloom|Bullet Seed|p2a: Alomomola
|-supereffective|p2a: Alomomola
|-damage|p2a: Alomomola|62/100
|-supereffective|p2a: Alomomola
|-damage|p2a: Alomomola|34/100
|-hitcount|p2a: Alomomola|2
|move|p2a: Alomomola|Flip Turn|p1a: Breloom
|-resisted|p1a: Breloom
|-damage|p1a: Breloom|89/100
|
|t:|1743929179
|switch|p2a: Ursaluna|Ursaluna, M|4/100 brn|[from] Flip Turn
|
|-heal|p2a: Ursaluna|71/100 brn|[from] move: Wish|[wisher] Alomomola
|-damage|p2a: Ursaluna|64/100 brn|[from] brn
|upkeep
|turn|12
|
|t:|1743929189
|-terastallize|p2a: Ursaluna|Steel
|move|p1a: Breloom|Bullet Seed|p2a: Ursaluna
|-resisted|p2a: Ursaluna
|-damage|p2a: Ursaluna|55/100 brn
|-resisted|p2a: Ursaluna
|-damage|p2a: Ursaluna|46/100 brn
|-hitcount|p2a: Ursaluna|2
|move|p2a: Ursaluna|Drain Punch|p1a: Breloom
|-damage|p1a: Breloom|13/100
|-heal|p2a: Ursaluna|71/100 brn|[from] drain|[of] p1a: Breloom
|
|-damage|p2a: Ursaluna|65/100 brn|[from] brn
|upkeep
|turn|13
|
|t:|1743929200
|move|p1a: Breloom|Mach Punch|p2a: Ursaluna
|-supereffective|p2a: Ursaluna
|-damage|p2a: Ursaluna|6/100 brn
|move|p2a: Ursaluna|Drain Punch|p1a: Breloom
|-damage|p1a: Breloom|0 fnt
|-heal|p2a: Ursaluna|10/100 brn|[from] drain|[of] p1a: Breloom
|faint|p1a: Breloom
|
|-damage|p2a: Ursaluna|4/100 brn|[from] brn
|upkeep
|
|t:|1743929214
|switch|p1a: Dragonite|Dragonite, F|100/100
|turn|14
|
|t:|1743929218
|switch|p2a: Alomomola|Alomomola, M|67/100
|move|p1a: Dragonite|Dragon Claw|p2a: Alomomola
|-damage|p2a: Alomomola|40/100
|
|-heal|p2a: Alomomola|46/100|[from] item: Leftovers
|upkeep
|turn|15
|
|t:|1743929228
|move|p1a: Dragonite|Dragon Claw|p2a: Alomomola
|-damage|p2a: Alomomola|19/100
|move|p2a: Alomomola|Wish|p2a: Alomomola
|
|-heal|p2a: Alomomola|25/100|[from] item: Leftovers
|upkeep
|turn|16
|
|t:|1743929234
|move|p2a: Alomomola|Protect|p2a: Alomomola
|-singleturn|p2a: Alomomola|Protect
|move|p1a: Dragonite|Ice Spinner|p2a: Alomomola
|-activate|p2a: Alomomola|move: Protect
|
|-heal|p2a: Alomomola|75/100|[from] move: Wish|[wisher] Alomomola
|-heal|p2a: Alomomola|82/100|[from] item: Leftovers
|upkeep
|turn|17
|
|t:|1743929243
|switch|p1a: Swampert|Swampert, M|76/100
|move|p2a: Alomomola|Wish|p2a: Alomomola
|
|-heal|p1a: Swampert|82/100|[from] item: Leftovers
|-heal|p2a: Alomomola|88/100|[from] item: Leftovers
|upkeep
|turn|18
|
|t:|1743929249
|move|p1a: Swampert|Bulk Up|p1a: Swampert
|-boost|p1a: Swampert|atk|1
|-boost|p1a: Swampert|def|1
|move|p2a: Alomomola|Flip Turn|p1a: Swampert
|-crit|p1a: Swampert
|-damage|p1a: Swampert|61/100
|
|t:|1743929257
|switch|p2a: Ursaluna|Ursaluna, M, tera:Steel|4/100 brn|[from] Flip Turn
|
|-heal|p2a: Ursaluna|70/100 brn|[from] move: Wish|[wisher] Alomomola
|-heal|p1a: Swampert|67/100|[from] item: Leftovers
|-damage|p2a: Ursaluna|64/100 brn|[from] brn
|upkeep
|turn|19
|
|t:|1743929264
|move|p1a: Swampert|Earthquake|p2a: Ursaluna
|-supereffective|p2a: Ursaluna
|-damage|p2a: Ursaluna|0 fnt
|faint|p2a: Ursaluna
|
|-heal|p1a: Swampert|73/100|[from] item: Leftovers
|upkeep
|
|t:|1743929268
|switch|p2a: Iron Valiant|Iron Valiant|100/100
|-enditem|p2a: Iron Valiant|Booster Energy
|-activate|p2a: Iron Valiant|ability: Quark Drive|[fromitem]
|-start|p2a: Iron Valiant|quarkdrivespe
|turn|20
|
|t:|1743929274
|move|p2a: Iron Valiant|Calm Mind|p2a: Iron Valiant
|-boost|p2a: Iron Valiant|spa|1
|-boost|p2a: Iron Valiant|spd|1
|move|p1a: Swampert|Liquidation|p2a: Iron Valiant
|-damage|p2a: Iron Valiant|26/100
|
|-heal|p1a: Swampert|79/100|[from] item: Leftovers
|upkeep
|turn|21
|
|t:|1743929282
|move|p2a: Iron Valiant|Moonblast|p1a: Swampert
|-damage|p1a: Swampert|18/100
|move|p1a: Swampert|Liquidation|p2a: Iron Valiant
|-damage|p2a: Iron Valiant|0 fnt
|faint|p2a: Iron Valiant
|-end|p2a: Iron Valiant|Quark Drive|[silent]
|
|-heal|p1a: Swampert|24/100|[from] item: Leftovers
|upkeep
|-message|Mandrake evol-VN forfeited.
|
|win|asw990117
|raw|asw990117's rating: 1117 &rarr; <strong>1142</strong><br />(+25 for winning)
|raw|Mandrake evol-VN's rating: 1111 &rarr; <strong>1086</strong><br />(-25 for losing)
|l|☆Mandrake evol-VN
|player|p2|
|l|☆asw990117
|player|p1|
