|j|☆tasty toilet water
|j|☆kthehighkid
|t:|1743899309
|gametype|singles
|player|p1|tasty toilet water|swimmerf-gen4|
|player|p2|kthehighkid|preschoolerf|
|teamsize|p1|6
|teamsize|p2|6
|gen|9
|tier|[Gen 9] OU
|rule|HP Percentage Mod: HP is shown in percentages
|rule|Endless Battle Clause: Forcing endless battles is banned
|rule|Species Clause: Limit one of each Pokémon
|rule|OHKO Clause: OHKO moves are banned
|rule|Evasion Items Clause: Evasion items are banned
|rule|Evasion Moves Clause: Evasion moves are banned
|rule|Sleep Moves Clause: Sleep-inducing moves are banned
|clearpoke
|poke|p1|Landorus-Therian, M|
|poke|p1|Iron Valiant|
|poke|p1|Sinistcha|
|poke|p1|Ting-Lu|
|poke|p1|Keldeo-Resolute|
|poke|p1|Salamence, F|
|poke|p2|Cinderace, M|
|poke|p2|Great Tusk|
|poke|p2|Suicune|
|poke|p2|Cetitan, M|
|poke|p2|Mew|
|poke|p2|Tyranitar, F|
|teampreview
|j| Mood1e
|j| jumblemuffler
|j| Bankai99
|c|☆tasty toilet water|chat are we ready
|c| Bankai99|hypeee
|c| jumblemuffler|we all in
|c| Mood1e|hypue
|
|t:|1743899401
|start
|switch|p1a: Chris Chan|Keldeo-Resolute|100/100
|switch|p2a: Big Ball of Hurt|Cetitan, M|100/100
|turn|1
|
|t:|1743899437
|move|p1a: Chris Chan|Focus Blast|p2a: Big Ball of Hurt
|-supereffective|p2a: Big Ball of Hurt
|-damage|p2a: Big Ball of Hurt|0 fnt
|faint|p2a: Big Ball of Hurt
|
|upkeep
|c|☆tasty toilet water|!dt Focus Blast
|raw|<ul class="utilichart"><li class="result"><span class="col movenamecol"><a href="https://dex.pokemonshowdown.com/moves/focusblast">Focus Blast</a></span> <span class="col typecol"><img src="//play.pokemonshowdown.com/sprites/types/Fighting.png" alt="Fighting" width="32" height="14"><img src="//play.pokemonshowdown.com/sprites/categories/Special.png" alt="Special" width="32" height="14"></span> <span class="col labelcol"><em>Power</em><br>120</span> <span class="col widelabelcol"><em>Accuracy</em><br>70%</span> <span class="col pplabelcol"><em>PP</em><br>8</span> <span class="col movedesccol">10% chance to lower the target's Sp. Def by 1.</span> </li><li style="clear:both"></li></ul>
|raw|<font size="1"><font color="#686868">Priority:</font> 0&nbsp;|&ThickSpace;<font color="#686868">Gen:</font> 4&nbsp;|&ThickSpace;&#10003; Boosted by Sheer Force&nbsp;|&ThickSpace;&#10003; Bullet&nbsp;|&ThickSpace;<font color="#686868">Z-Power:</font> 190&nbsp;|&ThickSpace;<font color="#686868">Target:</font> One Adjacent Pokémon</font>

|c| Mood1e|wtf
|
|t:|1743899494
|switch|p2a: Candle bunny|Cinderace, M, shiny|100/100
|turn|2
|c| Mood1e|i didnt know u can do that
|c| jumblemuffler|u got this katt!
|c|☆kthehighkid|:S
|c| jumblemuffler|Lock in
|
|t:|1743899620
|switch|p1a: Elphaba|Sinistcha|100/100
|move|p2a: Candle bunny|Trailblaze|p1a: Elphaba
|-start|p2a: Candle bunny|typechange|Grass|[from] ability: Libero
|-resisted|p1a: Elphaba
|-damage|p1a: Elphaba|90/100
|-boost|p2a: Candle bunny|spe|1
|-damage|p2a: Candle bunny|91/100|[from] item: Life Orb
|
|upkeep
|turn|3
|c|☆kthehighkid|cetitan ko rlly hurt my soul man
|
|t:|1743899649
|move|p2a: Candle bunny|Pyro Ball|p1a: Elphaba
|-supereffective|p1a: Elphaba
|-damage|p1a: Elphaba|57/100
|-damage|p2a: Candle bunny|81/100|[from] item: Life Orb
|move|p1a: Elphaba|Strength Sap|p2a: Candle bunny
|-unboost|p2a: Candle bunny|atk|1
|-heal|p1a: Elphaba|100/100
|
|upkeep
|turn|4
|c| Mood1e|kat stay focused its a BO3 remember what he does to you and your mistakes
|
|t:|1743899681
|move|p2a: Candle bunny|U-turn|p1a: Elphaba
|-damage|p1a: Elphaba|87/100
|-damage|p2a: Candle bunny|71/100|[from] item: Life Orb
|
|t:|1743899690
|switch|p2a: Big Loog|Tyranitar, F|100/100|[from] U-turn
|-weather|Sandstorm|[from] ability: Sand Stream|[of] p2a: Big Loog
|move|p1a: Elphaba|Shadow Ball|p2a: Big Loog
|-resisted|p2a: Big Loog
|-damage|p2a: Big Loog|94/100
|
|-weather|Sandstorm|[upkeep]
|-damage|p1a: Elphaba|81/100|[from] Sandstorm
|upkeep
|turn|5
|
|t:|1743899725
|move|p1a: Elphaba|Matcha Gotcha|p2a: Big Loog
|-supereffective|p2a: Big Loog
|-damage|p2a: Big Loog|70/100
|-heal|p1a: Elphaba|96/100|[from] drain|[of] p2a: Big Loog
|-status|p2a: Big Loog|brn
|move|p2a: Big Loog|Shadow Claw|p1a: Elphaba
|-supereffective|p1a: Elphaba
|-damage|p1a: Elphaba|78/100
|
|-weather|Sandstorm|[upkeep]
|-damage|p1a: Elphaba|72/100|[from] Sandstorm
|-damage|p2a: Big Loog|63/100 brn|[from] brn
|upkeep
|turn|6
|c| jumblemuffler|sinistche just does everything
|c| jumblemuffler|that bullshit can also burn
|c| jumblemuffler|literal waht the fuck
|
|t:|1743899793
|move|p1a: Elphaba|Calm Mind|p1a: Elphaba
|-boost|p1a: Elphaba|spa|1
|-boost|p1a: Elphaba|spd|1
|move|p2a: Big Loog|Shadow Claw|p1a: Elphaba
|-supereffective|p1a: Elphaba
|-damage|p1a: Elphaba|54/100
|
|-weather|Sandstorm|[upkeep]
|-damage|p1a: Elphaba|48/100|[from] Sandstorm
|-damage|p2a: Big Loog|57/100 brn|[from] brn
|upkeep
|turn|7
|
|t:|1743899807
|move|p1a: Elphaba|Strength Sap|p2a: Big Loog
|-unboost|p2a: Big Loog|atk|1
|-heal|p1a: Elphaba|100/100
|move|p2a: Big Loog|Stone Edge|p1a: Elphaba|[miss]
|-miss|p2a: Big Loog|p1a: Elphaba
|
|-weather|Sandstorm|[upkeep]
|-damage|p1a: Elphaba|94/100|[from] Sandstorm
|-damage|p2a: Big Loog|51/100 brn|[from] brn
|upkeep
|turn|8
|
|t:|1743899851
|switch|p2a: Candle bunny|Cinderace, M, shiny|71/100
|move|p1a: Elphaba|Matcha Gotcha|p2a: Candle bunny
|-resisted|p2a: Candle bunny
|-damage|p2a: Candle bunny|35/100
|-heal|p1a: Elphaba|100/100|[from] drain|[of] p2a: Candle bunny
|
|-weather|none
|upkeep
|turn|9
|
|t:|1743899862
|move|p2a: Candle bunny|Pyro Ball|p1a: Elphaba
|-supereffective|p1a: Elphaba
|-damage|p1a: Elphaba|44/100
|-damage|p2a: Candle bunny|25/100|[from] item: Life Orb
|move|p1a: Elphaba|Strength Sap|p2a: Candle bunny
|-unboost|p2a: Candle bunny|atk|1
|-heal|p1a: Elphaba|100/100
|
|upkeep
|turn|10
|
|t:|1743899910
|move|p2a: Candle bunny|U-turn|p1a: Elphaba
|-start|p2a: Candle bunny|typechange|Bug|[from] ability: Libero
|-damage|p1a: Elphaba|81/100
|-damage|p2a: Candle bunny|15/100|[from] item: Life Orb
|
|t:|1743899926
|switch|p2a: Wet one|Suicune|100/100|[from] U-turn
|-ability|p2a: Wet one|Pressure
|move|p1a: Elphaba|Calm Mind|p1a: Elphaba
|-boost|p1a: Elphaba|spa|1
|-boost|p1a: Elphaba|spd|1
|
|upkeep
|turn|11
|
|t:|1743899944
|-terastallize|p2a: Wet one|Ghost
|move|p2a: Wet one|Ice Beam|p1a: Elphaba
|-supereffective|p1a: Elphaba
|-damage|p1a: Elphaba|47/100
|move|p1a: Elphaba|Matcha Gotcha|p2a: Wet one
|-damage|p2a: Wet one|54/100
|-heal|p1a: Elphaba|75/100|[from] drain|[of] p2a: Wet one
|
|-heal|p2a: Wet one|60/100|[from] item: Leftovers
|upkeep
|turn|12
|
|t:|1743899974
|move|p2a: Wet one|Calm Mind|p2a: Wet one
|-boost|p2a: Wet one|spa|1
|-boost|p2a: Wet one|spd|1
|move|p1a: Elphaba|Shadow Ball|p2a: Wet one
|-supereffective|p2a: Wet one
|-damage|p2a: Wet one|0 fnt
|faint|p2a: Wet one
|
|upkeep
|
|t:|1743899990
|switch|p2a: Candle bunny|Cinderace, M, shiny|15/100
|turn|13
|
|t:|1743899995
|move|p2a: Candle bunny|Pyro Ball|p1a: Elphaba
|-supereffective|p1a: Elphaba
|-damage|p1a: Elphaba|20/100
|-damage|p2a: Candle bunny|5/100|[from] item: Life Orb
|move|p1a: Elphaba|Strength Sap|p2a: Candle bunny
|-unboost|p2a: Candle bunny|atk|1
|-heal|p1a: Elphaba|100/100
|
|upkeep
|turn|14
|
|t:|1743900019
|move|p2a: Candle bunny|Iron Head|p1a: Elphaba
|-start|p2a: Candle bunny|typechange|Steel|[from] ability: Libero
|-crit|p1a: Elphaba
|-damage|p1a: Elphaba|52/100
|-damage|p2a: Candle bunny|0 fnt|[from] item: Life Orb
|faint|p2a: Candle bunny
|move|p1a: Elphaba|Strength Sap|p2: Candle bunny|[notarget]
|-fail|p1a: Elphaba
|
|upkeep
|c|☆tasty toilet water|kat is malding non stop about sinistcha
|
|t:|1743900034
|switch|p2a: Carl|Great Tusk|100/100
|-enditem|p2a: Carl|Booster Energy
|-activate|p2a: Carl|ability: Protosynthesis|[fromitem]
|-start|p2a: Carl|protosynthesisatk
|turn|15
|
|t:|1743900058
|move|p2a: Carl|Ice Spinner|p1a: Elphaba
|-supereffective|p1a: Elphaba
|-damage|p1a: Elphaba|0 fnt
|faint|p1a: Elphaba
|
|upkeep
|c| Mood1e|lmao
|c|☆kthehighkid|finally bro
|c|☆kthehighkid|on god i was tilted
|
|t:|1743900086
|switch|p1a: Chris Chan|Keldeo-Resolute|100/100
|turn|16
|
|t:|1743900162
|move|p1a: Chris Chan|Surf|p2a: Carl
|-supereffective|p2a: Carl
|-damage|p2a: Carl|0 fnt
|faint|p2a: Carl
|-end|p2a: Carl|Protosynthesis|[silent]
|
|upkeep
|
|t:|1743900168
|switch|p2a: Big Loog|Tyranitar, F|51/100 brn
|-weather|Sandstorm|[from] ability: Sand Stream|[of] p2a: Big Loog
|turn|17
|
|t:|1743900207
|move|p1a: Chris Chan|Secret Sword|p2a: Big Loog
|-supereffective|p2a: Big Loog
|-damage|p2a: Big Loog|0 fnt
|faint|p2a: Big Loog
|
|-weather|Sandstorm|[upkeep]
|-damage|p1a: Chris Chan|94/100|[from] Sandstorm
|upkeep
|
|t:|1743900217
|switch|p2a: Thickums|Mew, shiny|100/100
|turn|18
|
|t:|1743900233
|move|p2a: Thickums|Psychic|p1a: Chris Chan
|-supereffective|p1a: Chris Chan
|-crit|p1a: Chris Chan
|-damage|p1a: Chris Chan|0 fnt
|faint|p1a: Chris Chan
|
|-weather|Sandstorm|[upkeep]
|-damage|p2a: Thickums|94/100|[from] Sandstorm
|upkeep
|
|t:|1743900264
|switch|p1a: The Watcher|Iron Valiant|100/100
|-enditem|p1a: The Watcher|Booster Energy
|-activate|p1a: The Watcher|ability: Quark Drive|[fromitem]
|-start|p1a: The Watcher|quarkdrivespe
|turn|19
|c| jumblemuffler|declan how close was it to my prediction
|c| jumblemuffler|the malding about sinistcha
|
|t:|1743900286
|-terastallize|p1a: The Watcher|Ghost
|move|p1a: The Watcher|Shadow Ball|p2a: Thickums
|-supereffective|p2a: Thickums
|-damage|p2a: Thickums|15/100
|move|p2a: Thickums|Psychic|p1a: The Watcher
|-damage|p1a: The Watcher|30/100
|
|-weather|Sandstorm|[upkeep]
|-damage|p1a: The Watcher|23/100|[from] Sandstorm
|-damage|p2a: Thickums|9/100|[from] Sandstorm
|upkeep
|turn|20
|
|t:|1743900312
|move|p1a: The Watcher|Shadow Ball|p2a: Thickums
|-supereffective|p2a: Thickums
|-damage|p2a: Thickums|0 fnt
|faint|p2a: Thickums
|
|win|tasty toilet water
