|j|☆xiaob
|j|☆Chengdu24
|t:|1743842056
|gametype|singles
|player|p1|xiaob|n|1185
|player|p2|Chengdu24|102|1230
|teamsize|p1|6
|teamsize|p2|6
|gen|9
|tier|[Gen 9] OU
|rated|
|rule|HP Percentage Mod: HP is shown in percentages
|rule|Endless Battle Clause: Forcing endless battles is banned
|rule|Species Clause: Limit one of each Pokémon
|rule|OHKO Clause: OHKO moves are banned
|rule|Evasion Items Clause: Evasion items are banned
|rule|Evasion Moves Clause: Evasion moves are banned
|rule|Sleep Moves Clause: Sleep-inducing moves are banned
|clearpoke
|poke|p1|Dragonite, M|
|poke|p1|Iron Valiant|
|poke|p1|Ogerpon-Wellspring, F|
|poke|p1|Landorus-Therian, M|
|poke|p1|Zamazenta-*|
|poke|p1|Pecharunt|
|poke|p2|Gallade, M|
|poke|p2|Ninetales-Alola, F|
|poke|p2|Cetitan, F|
|poke|p2|Cloyster, F|
|poke|p2|Skeledirge, M|
|poke|p2|Great Tusk|
|teampreview
|inactive|Battle timer is ON: inactive players will automatically lose when time's up. (requested by xiaob)
|
|t:|1743842063
|start
|switch|p1a: Pecharunt|Pecharunt|100/100
|switch|p2a: Cloyster|Cloyster, F|100/100
|turn|1
|
|t:|1743842067
|move|p1a: Pecharunt|Malignant Chain|p2a: Cloyster
|-damage|p2a: Cloyster|25/100
|-status|p2a: Cloyster|tox
|-start|p2a: Cloyster|confusion|[from] ability: Poison Puppeteer|[of] p1a: Pecharunt
|-activate|p2a: Cloyster|confusion
|move|p2a: Cloyster|Shell Smash|p2a: Cloyster
|-unboost|p2a: Cloyster|def|1
|-unboost|p2a: Cloyster|spd|1
|-boost|p2a: Cloyster|atk|2
|-boost|p2a: Cloyster|spa|2
|-boost|p2a: Cloyster|spe|2
|-enditem|p2a: Cloyster|White Herb
|-clearnegativeboost|p2a: Cloyster|[silent]
|
|-damage|p2a: Cloyster|18/100 tox|[from] psn
|upkeep
|turn|2
|
|t:|1743842077
|-activate|p2a: Cloyster|confusion
|-damage|p2a: Cloyster|0 fnt|[from] confusion
|faint|p2a: Cloyster
|move|p1a: Pecharunt|Recover||[still]
|-fail|p1a: Pecharunt|heal
|
|upkeep
|
|t:|1743842082
|switch|p2a: Great Tusk|Great Tusk|100/100
|turn|3
|
|t:|1743842087
|move|p2a: Great Tusk|Ice Spinner|p1a: Pecharunt
|-crit|p1a: Pecharunt
|-damage|p1a: Pecharunt|74/100
|move|p1a: Pecharunt|Malignant Chain|p2a: Great Tusk
|-resisted|p2a: Great Tusk
|-damage|p2a: Great Tusk|69/100
|
|upkeep
|turn|4
|
|t:|1743842091
|move|p2a: Great Tusk|Headlong Rush|p1a: Pecharunt
|-supereffective|p1a: Pecharunt
|-damage|p1a: Pecharunt|1/100
|-unboost|p2a: Great Tusk|def|1
|-unboost|p2a: Great Tusk|spd|1
|move|p1a: Pecharunt|Malignant Chain|p2a: Great Tusk
|-resisted|p2a: Great Tusk
|-damage|p2a: Great Tusk|22/100
|-status|p2a: Great Tusk|tox
|-start|p2a: Great Tusk|confusion|[from] ability: Poison Puppeteer|[of] p1a: Pecharunt
|
|-damage|p2a: Great Tusk|16/100 tox|[from] psn
|upkeep
|turn|5
|
|t:|1743842100
|-activate|p2a: Great Tusk|confusion
|move|p2a: Great Tusk|Stealth Rock|p1a: Pecharunt
|-sidestart|p1: xiaob|move: Stealth Rock
|move|p1a: Pecharunt|Recover|p1a: Pecharunt
|-heal|p1a: Pecharunt|51/100
|
|-damage|p2a: Great Tusk|3/100 tox|[from] psn
|upkeep
|turn|6
|
|t:|1743842103
|-activate|p2a: Great Tusk|confusion
|move|p2a: Great Tusk|Headlong Rush|p1a: Pecharunt
|-supereffective|p1a: Pecharunt
|-damage|p1a: Pecharunt|0 fnt
|-unboost|p2a: Great Tusk|def|1
|-unboost|p2a: Great Tusk|spd|1
|faint|p1a: Pecharunt
|
|-damage|p2a: Great Tusk|0 fnt|[from] psn
|faint|p2a: Great Tusk
|-end|p2a: Great Tusk|Protosynthesis|[silent]
|upkeep
|
|t:|1743842115
|switch|p2a: Ninetales|Ninetales-Alola, F|100/100
|switch|p1a: Landorus|Landorus-Therian, M, shiny|100/100
|-weather|Snowscape|[from] ability: Snow Warning|[of] p2a: Ninetales
|-damage|p1a: Landorus|88/100|[from] Stealth Rock
|-ability|p1a: Landorus|Intimidate|boost
|-unboost|p2a: Ninetales|atk|1
|turn|7
|
|t:|1743842139
|move|p2a: Ninetales|Aurora Veil|p2a: Ninetales
|-sidestart|p2: Chengdu24|move: Aurora Veil
|move|p1a: Landorus|Stone Edge|p2a: Ninetales
|-supereffective|p2a: Ninetales
|-damage|p2a: Ninetales|60/100
|
|-weather|Snowscape|[upkeep]
|upkeep
|turn|8
|
|t:|1743842144
|move|p2a: Ninetales|Freeze-Dry|p1a: Landorus
|-supereffective|p1a: Landorus
|-damage|p1a: Landorus|0 fnt
|faint|p1a: Landorus
|
|-weather|Snowscape|[upkeep]
|upkeep
|
|t:|1743842147
|switch|p1a: Zamazenta|Zamazenta, shiny|100/100
|-damage|p1a: Zamazenta|94/100|[from] Stealth Rock
|-ability|p1a: Zamazenta|Dauntless Shield|boost
|-boost|p1a: Zamazenta|def|1
|turn|9
|
|t:|1743842152
|move|p1a: Zamazenta|Heavy Slam|p2a: Ninetales
|-supereffective|p2a: Ninetales
|-damage|p2a: Ninetales|0 fnt
|faint|p2a: Ninetales
|
|-weather|Snowscape|[upkeep]
|-heal|p1a: Zamazenta|100/100|[from] item: Leftovers
|upkeep
|
|t:|1743842157
|switch|p2a: Cetitan|Cetitan, F|100/100
|turn|10
|inactive|xiaob has 120 seconds left.
|inactive|xiaob has 90 seconds left.
|
|t:|1743842237
|-terastallize|p2a: Cetitan|Ground
|move|p2a: Cetitan|Belly Drum|p2a: Cetitan
|-damage|p2a: Cetitan|50/100
|-setboost|p2a: Cetitan|atk|6|[from] move: Belly Drum
|-enditem|p2a: Cetitan|Sitrus Berry|[eat]
|-heal|p2a: Cetitan|75/100|[from] item: Sitrus Berry
|move|p1a: Zamazenta|Heavy Slam|p2a: Cetitan
|-damage|p2a: Cetitan|69/100
|
|-weather|Snowscape|[upkeep]
|upkeep
|turn|11
|
|t:|1743842261
|move|p2a: Cetitan|Earthquake|p1a: Zamazenta
|-damage|p1a: Zamazenta|0 fnt
|faint|p1a: Zamazenta
|
|-weather|Snowscape|[upkeep]
|-sideend|p2: Chengdu24|move: Aurora Veil
|upkeep
|
|t:|1743842265
|switch|p1a: Iron Valiant|Iron Valiant|100/100
|-damage|p1a: Iron Valiant|94/100|[from] Stealth Rock
|-enditem|p1a: Iron Valiant|Booster Energy
|-activate|p1a: Iron Valiant|ability: Quark Drive|[fromitem]
|-start|p1a: Iron Valiant|quarkdrivespe
|turn|12
|
|t:|1743842266
|move|p2a: Cetitan|Ice Shard|p1a: Iron Valiant
|-damage|p1a: Iron Valiant|0 fnt
|faint|p1a: Iron Valiant
|-end|p1a: Iron Valiant|Quark Drive|[silent]
|
|-weather|Snowscape|[upkeep]
|upkeep
|
|t:|1743842275
|switch|p1a: Dragonite|Dragonite, M|100/100
|turn|13
|
|t:|1743842288
|-terastallize|p1a: Dragonite|Normal
|move|p2a: Cetitan|Ice Shard|p1a: Dragonite
|-damage|p1a: Dragonite|62/100
|move|p1a: Dragonite|Ice Spinner|p2a: Cetitan
|-supereffective|p2a: Cetitan
|-damage|p2a: Cetitan|0 fnt
|faint|p2a: Cetitan
|
|-weather|Snowscape|[upkeep]
|upkeep
|
|t:|1743842302
|switch|p2a: Gallade|Gallade, M|100/100
|turn|14
|inactive|xiaob has 90 seconds left.
|
|t:|1743842311
|move|p1a: Dragonite|Extreme Speed|p2a: Gallade
|-damage|p2a: Gallade|25/100
|move|p2a: Gallade|Sacred Sword|p1a: Dragonite
|-supereffective|p1a: Dragonite
|-damage|p1a: Dragonite|0 fnt
|faint|p1a: Dragonite
|
|-weather|none
|upkeep
|inactive|xiaob has 90 seconds left.
|
|t:|1743842317
|switch|p1a: Ogerpon|Ogerpon-Wellspring, F|100/100
|-damage|p1a: Ogerpon|88/100|[from] Stealth Rock
|turn|15
|
|t:|1743842321
|move|p2a: Gallade|Sacred Sword|p1a: Ogerpon
|-damage|p1a: Ogerpon|0 fnt
|faint|p1a: Ogerpon
|
|win|Chengdu24
|raw|xiaob's rating: 1185 &rarr; <strong>1163</strong><br />(-22 for losing)
|raw|Chengdu24's rating: 1230 &rarr; <strong>1252</strong><br />(+22 for winning)
|l|☆Chengdu24
|player|p2|
|l|☆xiaob
|player|p1|
