|j|☆Ladder me bruh
|j|☆phantasmiccat
|t:|1743828425
|gametype|singles
|player|p1|Ladder me bruh|pokemaniac|1520
|player|p2|phantasmiccat|miku-grass|1564
|teamsize|p1|6
|teamsize|p2|6
|gen|9
|tier|[Gen 9] OU
|rated|
|rule|HP Percentage Mod: HP is shown in percentages
|rule|Endless Battle Clause: Forcing endless battles is banned
|rule|Species Clause: Limit one of each Pokémon
|rule|OHKO Clause: OHKO moves are banned
|rule|Evasion Items Clause: Evasion items are banned
|rule|Evasion Moves Clause: Evasion moves are banned
|rule|Sleep Moves Clause: Sleep-inducing moves are banned
|clearpoke
|poke|p1|Araquanid, M|
|poke|p1|Iron Treads|
|poke|p1|Cinderace, F|
|poke|p1|Kingambit, M|
|poke|p1|Pecharunt|
|poke|p1|Dragonite, F|
|poke|p2|Tyranitar, M|
|poke|p2|Excadrill, M|
|poke|p2|Zamazenta-*|
|poke|p2|Ogerpon-Wellspring, F|
|poke|p2|Moltres|
|poke|p2|Primarina, F|
|teampreview
|inactive|Battle timer is ON: inactive players will automatically lose when time's up. (requested by phantasmiccat)
|inactive|Ladder me bruh has 120 seconds left.
|inactive|phantasmiccat has 120 seconds left.
|inactive|Ladder me bruh has 90 seconds left.
|inactive|phantasmiccat has 90 seconds left.
|
|t:|1743828501
|start
|switch|p1a: Pecharunt|Pecharunt|100/100
|switch|p2a: Ogerpon|Ogerpon-Wellspring, F|100/100
|-item|p1a: Pecharunt|Air Balloon
|turn|1
|
|t:|1743828517
|move|p2a: Ogerpon|U-turn|p1a: Pecharunt
|-resisted|p1a: Pecharunt
|-damage|p1a: Pecharunt|96/100
|-enditem|p1a: Pecharunt|Air Balloon
|
|t:|1743828533
|switch|p2a: Tyranitar|Tyranitar, M|100/100|[from] U-turn
|-weather|Sandstorm|[from] ability: Sand Stream|[of] p2a: Tyranitar
|move|p1a: Pecharunt|Malignant Chain|p2a: Tyranitar
|-resisted|p2a: Tyranitar
|-damage|p2a: Tyranitar|93/100
|-status|p2a: Tyranitar|tox
|-start|p2a: Tyranitar|confusion|[from] ability: Poison Puppeteer|[of] p1a: Pecharunt
|
|-weather|Sandstorm|[upkeep]
|-damage|p1a: Pecharunt|90/100|[from] Sandstorm
|-damage|p2a: Tyranitar|86/100 tox|[from] psn
|upkeep
|turn|2
|
|t:|1743828546
|switch|p1a: Iron Treads|Iron Treads|100/100
|-enditem|p1a: Iron Treads|Booster Energy
|-activate|p1a: Iron Treads|ability: Quark Drive|[fromitem]
|-start|p1a: Iron Treads|quarkdriveatk
|-activate|p2a: Tyranitar|confusion
|move|p2a: Tyranitar|Stealth Rock|p1a: Iron Treads
|-sidestart|p1: Ladder me bruh|move: Stealth Rock
|
|-weather|Sandstorm|[upkeep]
|-damage|p2a: Tyranitar|74/100 tox|[from] psn
|upkeep
|turn|3
|
|t:|1743828560
|move|p1a: Iron Treads|Supercell Slam|p2a: Tyranitar
|-damage|p2a: Tyranitar|40/100 tox
|-activate|p2a: Tyranitar|confusion
|-damage|p2a: Tyranitar|31/100 tox|[from] confusion
|
|-weather|Sandstorm|[upkeep]
|-damage|p2a: Tyranitar|12/100 tox|[from] psn
|upkeep
|turn|4
|
|t:|1743828566
|switch|p2a: Moltres|Moltres|100/100
|move|p1a: Iron Treads|Rapid Spin|p2a: Moltres
|-damage|p2a: Moltres|85/100
|-boost|p1a: Iron Treads|spe|1
|-sideend|p1: Ladder me bruh|Stealth Rock|[from] move: Rapid Spin|[of] p1a: Iron Treads
|
|-weather|Sandstorm|[upkeep]
|-damage|p2a: Moltres|79/100|[from] Sandstorm
|upkeep
|turn|5
|
|t:|1743828574
|move|p1a: Iron Treads|Earthquake|p2a: Moltres
|-immune|p2a: Moltres
|move|p2a: Moltres|Flamethrower|p1a: Iron Treads
|-supereffective|p1a: Iron Treads
|-damage|p1a: Iron Treads|0 fnt
|faint|p1a: Iron Treads
|-end|p1a: Iron Treads|Quark Drive|[silent]
|
|-weather|Sandstorm|[upkeep]
|-damage|p2a: Moltres|73/100|[from] Sandstorm
|upkeep
|
|t:|1743828597
|switch|p1a: Araquanid|Araquanid, M, shiny|100/100
|turn|6
|inactive|Ladder me bruh has 120 seconds left.
|inactive|phantasmiccat has 120 seconds left.
|
|t:|1743828641
|move|p2a: Moltres|U-turn|p1a: Araquanid
|-damage|p1a: Araquanid|90/100
|
|t:|1743828647
|switch|p2a: Primarina|Primarina, F|100/100|[from] U-turn
|move|p1a: Araquanid|Sticky Web|p2a: Primarina
|-sidestart|p2: phantasmiccat|move: Sticky Web
|
|-weather|Sandstorm|[upkeep]
|-damage|p2a: Primarina|94/100|[from] Sandstorm
|-damage|p1a: Araquanid|84/100|[from] Sandstorm
|-heal|p2a: Primarina|100/100|[from] item: Leftovers
|upkeep
|turn|7
|
|t:|1743828654
|switch|p1a: Pecharunt|Pecharunt|90/100
|move|p2a: Primarina|Calm Mind|p2a: Primarina
|-boost|p2a: Primarina|spa|1
|-boost|p2a: Primarina|spd|1
|
|-weather|Sandstorm|[upkeep]
|-damage|p1a: Pecharunt|84/100|[from] Sandstorm
|-damage|p2a: Primarina|94/100|[from] Sandstorm
|-heal|p2a: Primarina|100/100|[from] item: Leftovers
|upkeep
|turn|8
|inactive|phantasmiccat has 120 seconds left.
|inactive|Ladder me bruh has 120 seconds left.
|
|t:|1743828692
|switch|p1a: Araquanid|Araquanid, M, shiny|84/100
|-terastallize|p2a: Primarina|Poison
|move|p2a: Primarina|Calm Mind|p2a: Primarina
|-boost|p2a: Primarina|spa|1
|-boost|p2a: Primarina|spd|1
|
|-weather|none
|upkeep
|turn|9
|
|t:|1743828702
|move|p2a: Primarina|Calm Mind|p2a: Primarina
|-boost|p2a: Primarina|spa|1
|-boost|p2a: Primarina|spd|1
|move|p1a: Araquanid|Liquidation|p2a: Primarina
|-damage|p2a: Primarina|68/100
|
|-heal|p2a: Primarina|74/100|[from] item: Leftovers
|upkeep
|turn|10
|inactive|phantasmiccat has 120 seconds left.
|
|t:|1743828719
|move|p2a: Primarina|Calm Mind|p2a: Primarina
|-boost|p2a: Primarina|spa|1
|-boost|p2a: Primarina|spd|1
|move|p1a: Araquanid|Liquidation|p2a: Primarina
|-damage|p2a: Primarina|36/100
|
|-heal|p2a: Primarina|42/100|[from] item: Leftovers
|upkeep
|turn|11
|
|t:|1743828723
|move|p2a: Primarina|Draining Kiss|p1a: Araquanid
|-crit|p1a: Araquanid
|-damage|p1a: Araquanid|3/100
|-heal|p2a: Primarina|99/100|[from] drain|[of] p1a: Araquanid
|move|p1a: Araquanid|Liquidation|p2a: Primarina
|-damage|p2a: Primarina|63/100
|
|-heal|p2a: Primarina|69/100|[from] item: Leftovers
|upkeep
|turn|12
|
|t:|1743828731
|move|p2a: Primarina|Draining Kiss|p1a: Araquanid
|-damage|p1a: Araquanid|0 fnt
|-heal|p2a: Primarina|72/100|[from] drain|[of] p1a: Araquanid
|faint|p1a: Araquanid
|
|-heal|p2a: Primarina|78/100|[from] item: Leftovers
|upkeep
|
|t:|1743828746
|switch|p1a: Dragonite|Dragonite, F|100/100
|turn|13
|inactive|phantasmiccat has 120 seconds left.
|
|t:|1743828771
|switch|p2a: Moltres|Moltres|73/100
|move|p1a: Dragonite|Earthquake|p2a: Moltres
|-immune|p2a: Moltres
|
|upkeep
|turn|14
|
|t:|1743828778
|switch|p1a: Cinderace|Cinderace, F|100/100
|move|p2a: Moltres|U-turn|p1a: Cinderace
|-resisted|p1a: Cinderace
|-crit|p1a: Cinderace
|-damage|p1a: Cinderace|84/100
|
|t:|1743828783
|switch|p2a: Excadrill|Excadrill, M|100/100|[from] U-turn
|-item|p2a: Excadrill|Air Balloon
|
|upkeep
|turn|15
|
|t:|1743828794
|switch|p2a: Tyranitar|Tyranitar, M|12/100 tox
|-activate|p2a: Tyranitar|move: Sticky Web
|-unboost|p2a: Tyranitar|spe|1
|-weather|Sandstorm|[from] ability: Sand Stream|[of] p2a: Tyranitar
|move|p1a: Cinderace|Pyro Ball|p2a: Tyranitar
|-resisted|p2a: Tyranitar
|-damage|p2a: Tyranitar|0 fnt
|faint|p2a: Tyranitar
|
|-weather|Sandstorm|[upkeep]
|-damage|p1a: Cinderace|78/100|[from] Sandstorm
|upkeep
|
|t:|1743828799
|switch|p2a: Excadrill|Excadrill, M|100/100
|-item|p2a: Excadrill|Air Balloon
|turn|16
|
|t:|1743828825
|move|p1a: Cinderace|Sucker Punch|p2a: Excadrill
|-damage|p2a: Excadrill|66/100
|-enditem|p2a: Excadrill|Air Balloon
|move|p2a: Excadrill|Iron Head|p1a: Cinderace
|-resisted|p1a: Cinderace
|-damage|p1a: Cinderace|47/100
|
|-weather|Sandstorm|[upkeep]
|-damage|p1a: Cinderace|41/100|[from] Sandstorm
|upkeep
|turn|17
|
|t:|1743828833
|switch|p1a: Pecharunt|Pecharunt|84/100
|move|p2a: Excadrill|Earthquake|p1a: Pecharunt
|-supereffective|p1a: Pecharunt
|-damage|p1a: Pecharunt|7/100
|
|-weather|Sandstorm|[upkeep]
|-damage|p1a: Pecharunt|1/100|[from] Sandstorm
|upkeep
|turn|18
|
|t:|1743828847
|switch|p1a: Dragonite|Dragonite, F|100/100
|move|p2a: Excadrill|Iron Head|p1a: Dragonite
|-damage|p1a: Dragonite|77/100
|
|-weather|Sandstorm|[upkeep]
|-damage|p1a: Dragonite|71/100|[from] Sandstorm
|upkeep
|turn|19
|
|t:|1743828852
|move|p2a: Excadrill|Rapid Spin|p1a: Dragonite
|-damage|p1a: Dragonite|53/100
|-boost|p2a: Excadrill|spe|1
|-sideend|p2: phantasmiccat|Sticky Web|[from] move: Rapid Spin|[of] p2a: Excadrill
|move|p1a: Dragonite|Dragon Dance|p1a: Dragonite
|-boost|p1a: Dragonite|atk|1
|-boost|p1a: Dragonite|spe|1
|
|-weather|Sandstorm|[upkeep]
|-damage|p1a: Dragonite|46/100|[from] Sandstorm
|upkeep
|turn|20
|-message|Ladder me bruh forfeited.
|
|win|phantasmiccat
|raw|Ladder me bruh's rating: 1520 &rarr; <strong>1503</strong><br />(-17 for losing)
|raw|phantasmiccat's rating: 1564 &rarr; <strong>1581</strong><br />(+17 for winning)
|l|☆Ladder me bruh
|player|p1|
|l|☆phantasmiccat
|player|p2|
