|j|☆goat3000
|j|☆Goobler34
|t:|1743830346
|gametype|singles
|player|p1|goat3000|169|1226
|player|p2|Goobler34|petrel|1290
|teamsize|p1|6
|teamsize|p2|6
|gen|9
|tier|[Gen 9] OU
|rated|
|rule|HP Percentage Mod: HP is shown in percentages
|rule|Endless Battle Clause: Forcing endless battles is banned
|rule|Species Clause: Limit one of each Pokémon
|rule|OHKO Clause: OHKO moves are banned
|rule|Evasion Items Clause: Evasion items are banned
|rule|Evasion Moves Clause: Evasion moves are banned
|rule|Sleep Moves Clause: Sleep-inducing moves are banned
|clearpoke
|poke|p1|Garganacl, M|
|poke|p1|Skeledirge, M|
|poke|p1|Dragapult, F|
|poke|p1|Thundurus, M|
|poke|p1|Samurott-Hisui, M|
|poke|p1|Skarmory, F|
|poke|p2|Greninja-*, M|
|poke|p2|Kleavor, F|
|poke|p2|Glimmora, F|
|poke|p2|Quagsire, M|
|poke|p2|Salazzle, F|
|poke|p2|Conkeldurr, M|
|teampreview
|inactive|Battle timer is ON: inactive players will automatically lose when time's up. (requested by Goobler34)
|
|t:|1743830407
|start
|switch|p1a: Samurott|Samurott-Hisui, M|100/100
|switch|p2a: Kleavor|Kleavor, F|100/100
|turn|1
|
|t:|1743830415
|move|p2a: Kleavor|U-turn|p1a: Samurott
|-supereffective|p1a: Samurott
|-damage|p1a: Samurott|0 fnt
|faint|p1a: Samurott
|
|t:|1743830425
|switch|p2a: Glimmora|Glimmora, F|100/100|[from] U-turn
|
|upkeep
|
|t:|1743830443
|switch|p1a: Garganacl|Garganacl, M|100/100
|turn|2
|
|t:|1743830452
|move|p2a: Glimmora|Spikes|p1a: Garganacl
|-sidestart|p1: goat3000|Spikes
|move|p1a: Garganacl|Salt Cure|p2a: Glimmora
|-damage|p2a: Glimmora|83/100
|-start|p2a: Glimmora|Salt Cure
|-activate|p2a: Glimmora|ability: Toxic Debris
|-sidestart|p1: goat3000|move: Toxic Spikes
|
|-damage|p2a: Glimmora|71/100|[from] Salt Cure
|upkeep
|turn|3
|
|t:|1743830461
|move|p2a: Glimmora|Spikes|p1a: Garganacl
|-sidestart|p1: goat3000|Spikes
|move|p1a: Garganacl|Curse|p1a: Garganacl
|-unboost|p1a: Garganacl|spe|1
|-boost|p1a: Garganacl|atk|1
|-boost|p1a: Garganacl|def|1
|
|-damage|p2a: Glimmora|58/100|[from] Salt Cure
|upkeep
|turn|4
|
|t:|1743830469
|move|p2a: Glimmora|Spikes|p1a: Garganacl
|-sidestart|p1: goat3000|Spikes
|move|p1a: Garganacl|Curse|p1a: Garganacl
|-unboost|p1a: Garganacl|spe|1
|-boost|p1a: Garganacl|atk|1
|-boost|p1a: Garganacl|def|1
|
|-damage|p2a: Glimmora|46/100|[from] Salt Cure
|upkeep
|turn|5
|
|t:|1743830474
|move|p2a: Glimmora|Power Gem|p1a: Garganacl
|-damage|p1a: Garganacl|60/100
|move|p1a: Garganacl|Curse|p1a: Garganacl
|-unboost|p1a: Garganacl|spe|1
|-boost|p1a: Garganacl|atk|1
|-boost|p1a: Garganacl|def|1
|
|-heal|p1a: Garganacl|66/100|[from] item: Leftovers
|-damage|p2a: Glimmora|33/100|[from] Salt Cure
|upkeep
|turn|6
|
|t:|1743830494
|move|p1a: Garganacl|Protect|p1a: Garganacl
|-singleturn|p1a: Garganacl|Protect
|move|p2a: Glimmora|Power Gem|p1a: Garganacl
|-activate|p1a: Garganacl|move: Protect
|
|-heal|p1a: Garganacl|72/100|[from] item: Leftovers
|-damage|p2a: Glimmora|21/100|[from] Salt Cure
|upkeep
|turn|7
|
|t:|1743830499
|move|p2a: Glimmora|Power Gem|p1a: Garganacl
|-damage|p1a: Garganacl|35/100
|move|p1a: Garganacl|Recover|p1a: Garganacl
|-heal|p1a: Garganacl|85/100
|
|-heal|p1a: Garganacl|91/100|[from] item: Leftovers
|-damage|p2a: Glimmora|9/100|[from] Salt Cure
|upkeep
|turn|8
|
|t:|1743830505
|move|p1a: Garganacl|Protect|p1a: Garganacl
|-singleturn|p1a: Garganacl|Protect
|move|p2a: Glimmora|Power Gem|p1a: Garganacl
|-activate|p1a: Garganacl|move: Protect
|
|-heal|p1a: Garganacl|97/100|[from] item: Leftovers
|-damage|p2a: Glimmora|0 fnt|[from] Salt Cure
|faint|p2a: Glimmora
|upkeep
|
|t:|1743830532
|switch|p2a: Conkeldurr|Conkeldurr, M|100/100
|turn|9
|
|t:|1743830536
|move|p2a: Conkeldurr|Knock Off|p1a: Garganacl
|-damage|p1a: Garganacl|89/100
|-enditem|p1a: Garganacl|Leftovers|[from] move: Knock Off|[of] p2a: Conkeldurr
|move|p1a: Garganacl|Salt Cure|p2a: Conkeldurr
|-resisted|p2a: Conkeldurr
|-damage|p2a: Conkeldurr|85/100
|-start|p2a: Conkeldurr|Salt Cure
|
|-damage|p2a: Conkeldurr|72/100|[from] Salt Cure
|upkeep
|turn|10
|
|t:|1743830544
|move|p2a: Conkeldurr|Drain Punch|p1a: Garganacl
|-supereffective|p1a: Garganacl
|-damage|p1a: Garganacl|71/100
|-heal|p2a: Conkeldurr|81/100|[from] drain|[of] p1a: Garganacl
|move|p1a: Garganacl|Curse|p1a: Garganacl
|-unboost|p1a: Garganacl|spe|1
|-boost|p1a: Garganacl|atk|1
|-boost|p1a: Garganacl|def|1
|
|-damage|p2a: Conkeldurr|69/100|[from] Salt Cure
|upkeep
|turn|11
|
|t:|1743830551
|switch|p2a: Salazzle|Salazzle, F|100/100
|move|p1a: Garganacl|Curse|p1a: Garganacl
|-unboost|p1a: Garganacl|spe|1
|-boost|p1a: Garganacl|atk|1
|-boost|p1a: Garganacl|def|1
|
|upkeep
|turn|12
|
|t:|1743830555
|move|p2a: Salazzle|Protect|p2a: Salazzle
|-singleturn|p2a: Salazzle|Protect
|move|p1a: Garganacl|Salt Cure|p2a: Salazzle
|-activate|p2a: Salazzle|move: Protect
|
|upkeep
|turn|13
|
|t:|1743830560
|-terastallize|p1a: Garganacl|Water
|move|p2a: Salazzle|Disable|p1a: Garganacl
|-start|p1a: Garganacl|Disable|Salt Cure
|cant|p1a: Garganacl|Disable|Salt Cure
|
|upkeep
|turn|14
|
|t:|1743830567
|move|p2a: Salazzle|Substitute|p2a: Salazzle
|-start|p2a: Salazzle|Substitute
|-damage|p2a: Salazzle|76/100
|move|p1a: Garganacl|Recover|p1a: Garganacl
|-heal|p1a: Garganacl|100/100
|
|-heal|p2a: Salazzle|82/100|[from] item: Leftovers
|upkeep
|turn|15
|
|t:|1743830572
|move|p2a: Salazzle|Toxic|p1a: Garganacl
|-immune|p1a: Garganacl|[from] ability: Purifying Salt
|move|p1a: Garganacl|Curse|p1a: Garganacl
|-unboost|p1a: Garganacl|spe|1
|-boost|p1a: Garganacl|atk|1
|-boost|p1a: Garganacl|def|1
|
|-heal|p2a: Salazzle|88/100|[from] item: Leftovers
|upkeep
|turn|16
|
|t:|1743830579
|move|p2a: Salazzle|Protect|p2a: Salazzle
|-singleturn|p2a: Salazzle|Protect
|move|p1a: Garganacl|Curse|p1a: Garganacl
|
|-heal|p2a: Salazzle|94/100|[from] item: Leftovers
|-end|p1a: Garganacl|Disable
|upkeep
|turn|17
|
|t:|1743830587
|move|p2a: Salazzle|Toxic|p1a: Garganacl
|-immune|p1a: Garganacl|[from] ability: Purifying Salt
|move|p1a: Garganacl|Salt Cure|p2a: Salazzle
|-supereffective|p2a: Salazzle
|-end|p2a: Salazzle|Substitute
|
|-heal|p2a: Salazzle|100/100|[from] item: Leftovers
|upkeep
|turn|18
|
|t:|1743830593
|move|p2a: Salazzle|Disable|p1a: Garganacl
|-start|p1a: Garganacl|Disable|Salt Cure
|cant|p1a: Garganacl|Disable|Salt Cure
|
|upkeep
|turn|19
|
|t:|1743830596
|switch|p2a: Greninja|Greninja, M|100/100
|move|p1a: Garganacl|Protect||[still]
|-fail|p1a: Garganacl
|
|upkeep
|turn|20
|
|t:|1743830601
|move|p1a: Garganacl|Protect|p1a: Garganacl
|-singleturn|p1a: Garganacl|Protect
|move|p2a: Greninja|Dark Pulse|p1a: Garganacl
|-activate|p1a: Garganacl|move: Protect
|
|upkeep
|turn|21
|
|t:|1743830607
|move|p2a: Greninja|Dark Pulse|p1a: Garganacl
|-damage|p1a: Garganacl|54/100
|-damage|p2a: Greninja|91/100|[from] item: Life Orb
|move|p1a: Garganacl|Recover|p1a: Garganacl
|-heal|p1a: Garganacl|100/100
|
|-end|p1a: Garganacl|Disable
|upkeep
|turn|22
|
|t:|1743830625
|move|p2a: Greninja|Dark Pulse|p1a: Garganacl
|-damage|p1a: Garganacl|61/100
|-damage|p2a: Greninja|81/100|[from] item: Life Orb
|cant|p1a: Garganacl|flinch
|
|upkeep
|turn|23
|
|t:|1743830634
|move|p2a: Greninja|Dark Pulse|p1a: Garganacl
|-damage|p1a: Garganacl|19/100
|-damage|p2a: Greninja|71/100|[from] item: Life Orb
|move|p1a: Garganacl|Salt Cure|p2a: Greninja
|-damage|p2a: Greninja|0 fnt
|faint|p2a: Greninja
|
|upkeep
|
|t:|1743830642
|switch|p2a: Conkeldurr|Conkeldurr, M|69/100
|turn|24
|
|t:|1743830647
|-terastallize|p2a: Conkeldurr|Fighting
|move|p2a: Conkeldurr|Drain Punch|p1a: Garganacl
|-damage|p1a: Garganacl|10/100
|-heal|p2a: Conkeldurr|73/100|[from] drain|[of] p1a: Garganacl
|move|p1a: Garganacl|Recover|p1a: Garganacl
|-heal|p1a: Garganacl|60/100
|
|upkeep
|turn|25
|-message|Goobler34 forfeited.
|
|win|goat3000
|raw|goat3000's rating: 1226 &rarr; <strong>1256</strong><br />(+30 for winning)
|raw|Goobler34's rating: 1290 &rarr; <strong>1260</strong><br />(-30 for losing)
|l|☆Goobler34
|player|p2|
|l|☆goat3000
|player|p1|
