|j|☆gourgeist enjoyer
|j|☆T-Garchomp
|t:|1743809988
|gametype|singles
|player|p1|gourgeist enjoyer|pokemonranger-gen4|1338
|player|p2|T-Garchomp|ghetsis-gen5bw|1320
|teamsize|p1|6
|teamsize|p2|6
|gen|9
|tier|[Gen 9] OU
|rated|
|rule|HP Percentage Mod: HP is shown in percentages
|rule|Endless Battle Clause: Forcing endless battles is banned
|rule|Species Clause: Limit one of each Pokémon
|rule|OHKO Clause: OHKO moves are banned
|rule|Evasion Items Clause: Evasion items are banned
|rule|Evasion Moves Clause: Evasion moves are banned
|rule|Sleep Moves Clause: Sleep-inducing moves are banned
|clearpoke
|poke|p1|Skeledirge, M|
|poke|p1|Rillaboom, M|
|poke|p1|Gliscor, F|
|poke|p1|Kingambit, F|
|poke|p1|Clefable, M|
|poke|p1|Dragapult, M|
|poke|p2|Iron Valiant|
|poke|p2|Samurott-Hisui, F|
|poke|p2|Dragonite, M|
|poke|p2|Pecharunt|
|poke|p2|Great Tusk|
|poke|p2|Kingambit, F|
|teampreview
|
|t:|1743809993
|start
|switch|p1a: False Confidence|Dragapult, M|100/100
|switch|p2a: Elephant|Great Tusk|100/100
|turn|1
|
|t:|1743809997
|move|p1a: False Confidence|Will-O-Wisp|p2a: Elephant
|-status|p2a: Elephant|brn
|move|p2a: Elephant|Stealth Rock|p1a: False Confidence
|-sidestart|p1: gourgeist enjoyer|move: Stealth Rock
|
|-damage|p2a: Elephant|94/100 brn|[from] brn
|upkeep
|turn|2
|
|t:|1743810004
|move|p1a: False Confidence|Hex|p2a: Elephant
|-damage|p2a: Elephant|17/100 brn
|move|p2a: Elephant|Headlong Rush|p1a: False Confidence
|-damage|p1a: False Confidence|66/100
|-unboost|p2a: Elephant|def|1
|-unboost|p2a: Elephant|spd|1
|
|-damage|p2a: Elephant|11/100 brn|[from] brn
|upkeep
|turn|3
|
|t:|1743810014
|-end|p2a: Elephant|Protosynthesis|[silent]
|switch|p2a: Brah|Samurott-Hisui, F, shiny|100/100
|move|p1a: False Confidence|U-turn|p2a: Brah
|-supereffective|p2a: Brah
|-damage|p2a: Brah|59/100
|
|t:|1743810019
|switch|p1a: Stick Season|Rillaboom, M|100/100|[from] U-turn
|-damage|p1a: Stick Season|88/100|[from] Stealth Rock
|-fieldstart|move: Grassy Terrain|[from] ability: Grassy Surge|[of] p1a: Stick Season
|
|-heal|p2a: Brah|66/100|[from] Grassy Terrain
|-heal|p1a: Stick Season|94/100|[from] Grassy Terrain
|upkeep
|turn|4
|
|t:|1743810023
|switch|p2a: Dragonite|Dragonite, M, shiny|100/100
|move|p1a: Stick Season|Grassy Glide|p2a: Dragonite
|-resisted|p2a: Dragonite
|-damage|p2a: Dragonite|92/100
|
|-heal|p1a: Stick Season|100/100|[from] Grassy Terrain
|upkeep
|turn|5
|
|t:|1743810025
|switch|p1a: Devil in a Dress|Clefable, M|100/100
|move|p2a: Dragonite|Dragon Dance|p2a: Dragonite
|-boost|p2a: Dragonite|atk|1
|-boost|p2a: Dragonite|spe|1
|
|upkeep
|turn|6
|
|t:|1743810031
|-terastallize|p2a: Dragonite|Normal
|move|p2a: Dragonite|Dragon Dance|p2a: Dragonite
|-boost|p2a: Dragonite|atk|1
|-boost|p2a: Dragonite|spe|1
|move|p1a: Devil in a Dress|Moonblast|p2a: Dragonite
|-damage|p2a: Dragonite|61/100
|
|-heal|p2a: Dragonite|67/100|[from] Grassy Terrain
|upkeep
|turn|7
|
|t:|1743810035
|move|p2a: Dragonite|Fire Punch|p1a: Devil in a Dress
|-damage|p1a: Devil in a Dress|56/100
|move|p1a: Devil in a Dress|Knock Off|p2a: Dragonite
|-damage|p2a: Dragonite|51/100
|-enditem|p2a: Dragonite|Heavy-Duty Boots|[from] move: Knock Off|[of] p1a: Devil in a Dress
|
|-heal|p2a: Dragonite|57/100|[from] Grassy Terrain
|-heal|p1a: Devil in a Dress|62/100|[from] Grassy Terrain
|-heal|p1a: Devil in a Dress|69/100|[from] item: Leftovers
|-fieldend|move: Grassy Terrain
|upkeep
|turn|8
|
|t:|1743810043
|move|p2a: Dragonite|Fire Punch|p1a: Devil in a Dress
|-damage|p1a: Devil in a Dress|22/100
|move|p1a: Devil in a Dress|Moonblast|p2a: Dragonite
|-damage|p2a: Dragonite|22/100
|
|-heal|p1a: Devil in a Dress|28/100|[from] item: Leftovers
|upkeep
|turn|9
|
|t:|1743810048
|move|p2a: Dragonite|Extreme Speed|p1a: Devil in a Dress
|-damage|p1a: Devil in a Dress|0 fnt
|faint|p1a: Devil in a Dress
|
|upkeep
|
|t:|1743810050
|switch|p1a: Stick Season|Rillaboom, M|100/100
|-damage|p1a: Stick Season|88/100|[from] Stealth Rock
|-fieldstart|move: Grassy Terrain|[from] ability: Grassy Surge|[of] p1a: Stick Season
|turn|10
|
|t:|1743810057
|move|p1a: Stick Season|Grassy Glide|p2a: Dragonite
|-damage|p2a: Dragonite|0 fnt
|faint|p2a: Dragonite
|
|-heal|p1a: Stick Season|94/100|[from] Grassy Terrain
|upkeep
|
|t:|1743810062
|switch|p2a: Pecharunt|Pecharunt|100/100
|turn|11
|
|t:|1743810065
|switch|p1a: Catastrophize|Kingambit, F|100/100
|-damage|p1a: Catastrophize|94/100|[from] Stealth Rock
|move|p2a: Pecharunt|Malignant Chain|p1a: Catastrophize
|-immune|p1a: Catastrophize
|
|-heal|p1a: Catastrophize|100/100|[from] Grassy Terrain
|upkeep
|turn|12
|
|t:|1743810070
|move|p2a: Pecharunt|Parting Shot|p1a: Catastrophize
|-unboost|p1a: Catastrophize|atk|1
|-ability|p1a: Catastrophize|Defiant|boost
|-boost|p1a: Catastrophize|atk|2
|-unboost|p1a: Catastrophize|spa|1
|-ability|p1a: Catastrophize|Defiant|boost
|-boost|p1a: Catastrophize|atk|2
|
|t:|1743810074
|switch|p2a: Lean Man|Iron Valiant, shiny|100/100|[from] Parting Shot
|move|p1a: Catastrophize|Iron Head|p2a: Lean Man
|-supereffective|p2a: Lean Man
|-damage|p2a: Lean Man|0 fnt
|faint|p2a: Lean Man
|-end|p2a: Lean Man|Quark Drive|[silent]
|
|upkeep
|-message|T-Garchomp forfeited.
|
|win|gourgeist enjoyer
|raw|gourgeist enjoyer's rating: 1338 &rarr; <strong>1357</strong><br />(+19 for winning)
|raw|T-Garchomp's rating: 1320 &rarr; <strong>1301</strong><br />(-19 for losing)
|l|☆T-Garchomp
|player|p2|
