|j|☆dewottsoldier370
|j|☆jjconesa
|t:|1743893283
|gametype|singles
|player|p1|dewottsoldier370|265|1368
|player|p2|jjconesa|lucas|1302
|teamsize|p1|6
|teamsize|p2|6
|gen|9
|tier|[Gen 9] OU
|rated|
|rule|HP Percentage Mod: HP is shown in percentages
|rule|Endless Battle Clause: Forcing endless battles is banned
|rule|Species Clause: Limit one of each Pokémon
|rule|OHKO Clause: OHKO moves are banned
|rule|Evasion Items Clause: Evasion items are banned
|rule|Evasion Moves Clause: Evasion moves are banned
|rule|Sleep Moves Clause: Sleep-inducing moves are banned
|clearpoke
|poke|p1|Garganacl, M|
|poke|p1|Hippowdon, M|
|poke|p1|Excadrill, M|
|poke|p1|Slowking-Galar, M|
|poke|p1|Ogerpon-Wellspring, F|
|poke|p1|Zamazenta-*|
|poke|p2|Ogerpon-Wellspring, F|
|poke|p2|Vileplume, M|
|poke|p2|Lilligant-Hisui, F|
|poke|p2|Hydrapple, F|
|poke|p2|Rotom-Mow|
|poke|p2|Zarude|
|teampreview
|inactive|Battle timer is ON: inactive players will automatically lose when time's up. (requested by dewottsoldier370)
|
|t:|1743893303
|start
|switch|p1a: Hippowdon|Hippowdon, M|100/100
|switch|p2a: Zarude|Zarude|100/100
|-weather|Sandstorm|[from] ability: Sand Stream|[of] p1a: Hippowdon
|turn|1
|
|t:|1743893311
|switch|p1a: Zamazenta|Zamazenta|100/100
|-ability|p1a: Zamazenta|Dauntless Shield|boost
|-boost|p1a: Zamazenta|def|1
|move|p2a: Zarude|Power Whip|p1a: Zamazenta
|-damage|p1a: Zamazenta|60/100
|
|-weather|Sandstorm|[upkeep]
|-damage|p2a: Zarude|95/100|[from] Sandstorm
|-damage|p1a: Zamazenta|54/100|[from] Sandstorm
|upkeep
|turn|2
|
|t:|1743893333
|switch|p2a: Hydrapple|Hydrapple, F|100/100
|move|p1a: Zamazenta|Close Combat|p2a: Hydrapple
|-damage|p2a: Hydrapple|61/100
|-unboost|p1a: Zamazenta|def|1
|-unboost|p1a: Zamazenta|spd|1
|
|-weather|Sandstorm|[upkeep]
|-damage|p1a: Zamazenta|48/100|[from] Sandstorm
|-damage|p2a: Hydrapple|55/100|[from] Sandstorm
|upkeep
|turn|3
|
|t:|1743893361
|switch|p1a: Slowking|Slowking-Galar, M|100/100
|move|p2a: Hydrapple|Draco Meteor|p1a: Slowking
|-damage|p1a: Slowking|70/100
|-unboost|p2a: Hydrapple|spa|2
|
|-weather|Sandstorm|[upkeep]
|-damage|p2a: Hydrapple|48/100|[from] Sandstorm
|-damage|p1a: Slowking|64/100|[from] Sandstorm
|upkeep
|turn|4
|inactive|jjconesa has 120 seconds left.
|
|t:|1743893392
|switch|p2a: Rotom|Rotom-Mow|100/100
|move|p1a: Slowking|Sludge Bomb|p2a: Rotom
|-supereffective|p2a: Rotom
|-damage|p2a: Rotom|0 fnt
|faint|p2a: Rotom
|
|-weather|Sandstorm|[upkeep]
|-damage|p1a: Slowking|58/100|[from] Sandstorm
|upkeep
|
|t:|1743893408
|switch|p2a: Zarude|Zarude|95/100
|turn|5
|inactive|dewottsoldier370 has 120 seconds left.
|
|t:|1743893450
|switch|p1a: Zamazenta|Zamazenta|48/100
|move|p2a: Zarude|Power Whip|p1a: Zamazenta
|-crit|p1a: Zamazenta
|-damage|p1a: Zamazenta|0 fnt
|faint|p1a: Zamazenta
|
|-weather|Sandstorm|[upkeep]
|-damage|p2a: Zarude|89/100|[from] Sandstorm
|upkeep
|
|t:|1743893459
|switch|p1a: Ogerpon|Ogerpon-Wellspring, F|100/100
|turn|6
|
|t:|1743893468
|move|p2a: Zarude|Power Whip|p1a: Ogerpon
|-damage|p1a: Ogerpon|18/100
|move|p1a: Ogerpon|Play Rough|p2a: Zarude
|-supereffective|p2a: Zarude
|-damage|p2a: Zarude|17/100
|
|-weather|Sandstorm|[upkeep]
|-damage|p2a: Zarude|11/100|[from] Sandstorm
|-damage|p1a: Ogerpon|12/100|[from] Sandstorm
|upkeep
|turn|7
|inactive|dewottsoldier370 has 120 seconds left.
|
|t:|1743893497
|switch|p2a: Vileplume|Vileplume, M|100/100
|switch|p1a: Slowking|Slowking-Galar, M|91/100
|
|-weather|Sandstorm|[upkeep]
|-damage|p2a: Vileplume|94/100|[from] Sandstorm
|-damage|p1a: Slowking|85/100|[from] Sandstorm
|upkeep
|turn|8
|inactive|jjconesa has 90 seconds left.
|
|t:|1743893523
|switch|p2a: Hydrapple|Hydrapple, F|82/100
|move|p1a: Slowking|Ice Beam|p2a: Hydrapple
|-supereffective|p2a: Hydrapple
|-damage|p2a: Hydrapple|7/100
|
|-weather|none
|upkeep
|turn|9
|inactive|jjconesa has 90 seconds left.
|
|t:|1743893535
|switch|p2a: Ogerpon|Ogerpon-Wellspring, F|100/100
|move|p1a: Slowking|Ice Beam|p2a: Ogerpon
|-crit|p2a: Ogerpon
|-damage|p2a: Ogerpon|57/100
|-status|p2a: Ogerpon|frz
|
|upkeep
|turn|10
|inactive|dewottsoldier370 has 120 seconds left.
|inactive|jjconesa has 90 seconds left.
|
|t:|1743893545
|switch|p1a: Ogerpon|Ogerpon-Wellspring, F|12/100
|cant|p2a: Ogerpon|frz
|
|upkeep
|turn|11
|inactive|jjconesa has 90 seconds left.
|
|t:|1743893552
|move|p1a: Ogerpon|Swords Dance|p1a: Ogerpon
|-boost|p1a: Ogerpon|atk|2
|cant|p2a: Ogerpon|frz
|
|upkeep
|turn|12
|
|t:|1743893557
|move|p1a: Ogerpon|Power Whip|p2a: Ogerpon
|-damage|p2a: Ogerpon|0 fnt
|faint|p2a: Ogerpon
|
|upkeep
|
|t:|1743893566
|switch|p2a: Zarude|Zarude|11/100
|turn|13
|
|t:|1743893571
|switch|p1a: Hippowdon|Hippowdon, M|100/100
|-weather|Sandstorm|[from] ability: Sand Stream|[of] p1a: Hippowdon
|move|p2a: Zarude|Knock Off|p1a: Hippowdon
|-damage|p1a: Hippowdon|70/100
|-enditem|p1a: Hippowdon|Smooth Rock|[from] move: Knock Off|[of] p2a: Zarude
|
|-weather|Sandstorm|[upkeep]
|-damage|p2a: Zarude|5/100|[from] Sandstorm
|upkeep
|turn|14
|
|t:|1743893585
|switch|p2a: Lilligant|Lilligant-Hisui, F|100/100
|move|p1a: Hippowdon|Stealth Rock|p2a: Lilligant
|-sidestart|p2: jjconesa|move: Stealth Rock
|
|-weather|Sandstorm|[upkeep]
|-damage|p2a: Lilligant|94/100|[from] Sandstorm
|upkeep
|turn|15
|
|t:|1743893596
|switch|p1a: Ogerpon|Ogerpon-Wellspring, F|12/100
|move|p2a: Lilligant|Victory Dance|p2a: Lilligant
|-boost|p2a: Lilligant|atk|1
|-boost|p2a: Lilligant|def|1
|-boost|p2a: Lilligant|spe|1
|
|-weather|Sandstorm|[upkeep]
|-damage|p2a: Lilligant|88/100|[from] Sandstorm
|-damage|p1a: Ogerpon|6/100|[from] Sandstorm
|upkeep
|turn|16
|
|t:|1743893625
|move|p2a: Lilligant|Victory Dance|p2a: Lilligant
|-boost|p2a: Lilligant|atk|1
|-boost|p2a: Lilligant|def|1
|-boost|p2a: Lilligant|spe|1
|move|p1a: Ogerpon|Ivy Cudgel|p2a: Lilligant|[anim] Ivy Cudgel Water
|-resisted|p2a: Lilligant
|-damage|p2a: Lilligant|66/100
|
|-weather|Sandstorm|[upkeep]
|-damage|p2a: Lilligant|60/100|[from] Sandstorm
|-damage|p1a: Ogerpon|0 fnt|[from] Sandstorm
|faint|p1a: Ogerpon
|upkeep
|inactive|dewottsoldier370 has 120 seconds left.
|
|t:|1743893636
|switch|p1a: Slowking|Slowking-Galar, M|100/100
|turn|17
|
|t:|1743893649
|move|p2a: Lilligant|Ice Spinner|p1a: Slowking
|-damage|p1a: Slowking|26/100
|move|p1a: Slowking|Sludge Bomb|p2a: Lilligant
|-supereffective|p2a: Lilligant
|-damage|p2a: Lilligant|0 fnt
|faint|p2a: Lilligant
|
|-weather|Sandstorm|[upkeep]
|-damage|p1a: Slowking|20/100|[from] Sandstorm
|upkeep
|
|t:|1743893660
|switch|p2a: Hydrapple|Hydrapple, F|40/100
|-damage|p2a: Hydrapple|27/100|[from] Stealth Rock
|turn|18
|
|t:|1743893680
|switch|p1a: Garganacl|Garganacl, M|100/100
|-terastallize|p2a: Hydrapple|Steel
|move|p2a: Hydrapple|Earth Power|p1a: Garganacl
|-supereffective|p1a: Garganacl
|-damage|p1a: Garganacl|73/100
|
|-weather|Sandstorm|[upkeep]
|-heal|p1a: Garganacl|79/100|[from] item: Leftovers
|upkeep
|turn|19
|
|t:|1743893691
|switch|p2a: Vileplume|Vileplume, M|94/100
|-damage|p2a: Vileplume|82/100|[from] Stealth Rock
|move|p1a: Garganacl|Salt Cure|p2a: Vileplume
|-damage|p2a: Vileplume|72/100
|-start|p2a: Vileplume|Salt Cure
|
|-weather|Sandstorm|[upkeep]
|-damage|p2a: Vileplume|65/100|[from] Sandstorm
|-heal|p1a: Garganacl|85/100|[from] item: Leftovers
|-damage|p2a: Vileplume|53/100|[from] Salt Cure
|upkeep
|turn|20
|inactive|jjconesa has 90 seconds left.
|
|t:|1743893707
|switch|p1a: Excadrill|Excadrill, M|100/100
|-item|p1a: Excadrill|Air Balloon
|move|p2a: Vileplume|Strength Sap|p1a: Excadrill
|-unboost|p1a: Excadrill|atk|1
|-heal|p2a: Vileplume|100/100
|
|-weather|none
|-damage|p2a: Vileplume|88/100|[from] Salt Cure
|upkeep
|turn|21
|inactive|jjconesa has 90 seconds left.
|
|t:|1743893718
|switch|p1a: Hippowdon|Hippowdon, M|70/100
|-weather|Sandstorm|[from] ability: Sand Stream|[of] p1a: Hippowdon
|move|p2a: Vileplume|Giga Drain|p1a: Hippowdon
|-supereffective|p1a: Hippowdon
|-damage|p1a: Hippowdon|13/100
|-heal|p2a: Vileplume|100/100|[from] drain|[of] p1a: Hippowdon
|
|-weather|Sandstorm|[upkeep]
|-damage|p2a: Vileplume|94/100|[from] Sandstorm
|-damage|p2a: Vileplume|82/100|[from] Salt Cure
|upkeep
|turn|22
|inactive|jjconesa has 90 seconds left.
|
|t:|1743893730
|switch|p1a: Slowking|Slowking-Galar, M|53/100
|move|p2a: Vileplume|Giga Drain|p1a: Slowking
|-resisted|p1a: Slowking
|-damage|p1a: Slowking|46/100
|-heal|p2a: Vileplume|86/100|[from] drain|[of] p1a: Slowking
|
|-weather|Sandstorm|[upkeep]
|-damage|p2a: Vileplume|80/100|[from] Sandstorm
|-damage|p1a: Slowking|40/100|[from] Sandstorm
|-damage|p2a: Vileplume|67/100|[from] Salt Cure
|upkeep
|turn|23
|inactive|jjconesa has 90 seconds left.
|
|t:|1743893745
|switch|p2a: Hydrapple|Hydrapple, F, tera:Steel|60/100
|-damage|p2a: Hydrapple|54/100|[from] Stealth Rock
|move|p1a: Slowking|Ice Beam|p2a: Hydrapple
|-resisted|p2a: Hydrapple
|-damage|p2a: Hydrapple|44/100
|
|-weather|Sandstorm|[upkeep]
|-damage|p1a: Slowking|34/100|[from] Sandstorm
|upkeep
|turn|24
|inactive|jjconesa has 90 seconds left.
|
|t:|1743893755
|switch|p1a: Excadrill|Excadrill, M|100/100
|-item|p1a: Excadrill|Air Balloon
|move|p2a: Hydrapple|Leaf Storm|p1a: Excadrill
|-damage|p1a: Excadrill|6/100
|-unboost|p2a: Hydrapple|spa|2
|-enditem|p1a: Excadrill|Air Balloon
|
|-weather|Sandstorm|[upkeep]
|upkeep
|turn|25
|inactive|jjconesa has 90 seconds left.
|
|t:|1743893766
|switch|p2a: Vileplume|Vileplume, M|67/100
|-damage|p2a: Vileplume|55/100|[from] Stealth Rock
|move|p1a: Excadrill|Earthquake|p2a: Vileplume
|-damage|p2a: Vileplume|12/100
|
|-weather|none
|upkeep
|turn|26
|inactive|jjconesa has 90 seconds left.
|-message|jjconesa forfeited.
|
|win|dewottsoldier370
|raw|dewottsoldier370's rating: 1349 &rarr; <strong>1366</strong><br />(+17 for winning)
|raw|jjconesa's rating: 1302 &rarr; <strong>1285</strong><br />(-17 for losing)
|l|☆jjconesa
|player|p2|
|l|☆dewottsoldier370
|player|p1|
