|j|☆lc872244
|j|☆letsbattlemanggwp
|t:|1743828252
|gametype|singles
|player|p1|lc872244|marley|1167
|player|p2|letsbattlemanggwp|waiter|1139
|teamsize|p1|6
|teamsize|p2|6
|gen|9
|tier|[Gen 9] OU
|rated|
|rule|HP Percentage Mod: HP is shown in percentages
|rule|Endless Battle Clause: Forcing endless battles is banned
|rule|Species Clause: Limit one of each Pokémon
|rule|OHKO Clause: OHKO moves are banned
|rule|Evasion Items Clause: Evasion items are banned
|rule|Evasion Moves Clause: Evasion moves are banned
|rule|Sleep Moves Clause: Sleep-inducing moves are banned
|clearpoke
|poke|p1|Samurott-Hisui, M|
|poke|p1|Gardevoir, M|
|poke|p1|Clodsire, M|
|poke|p1|Zoroark-Hisui, M|
|poke|p1|Hydrapple, M|
|poke|p1|Ceruledge, F|
|poke|p2|Hippowdon, F|
|poke|p2|Donphan, M|
|poke|p2|Ursaluna, M|
|poke|p2|Sandaconda, M|
|poke|p2|Sandslash, F|
|poke|p2|Krookodile, M|
|teampreview
|inactive|Battle timer is ON: inactive players will automatically lose when time's up. (requested by letsbattlemanggwp)
|
|t:|1743828267
|start
|switch|p1a: Samurott|Samurott-Hisui, M, shiny|100/100
|switch|p2a: Donphan|Donphan, M|100/100
|turn|1
|
|t:|1743828276
|move|p1a: Samurott|Ceaseless Edge|p2a: Donphan
|-damage|p2a: Donphan|65/100
|-sidestart|p2: letsbattlemanggwp|Spikes
|move|p2a: Donphan|Earthquake|p1a: Samurott
|-damage|p1a: Samurott|3/100
|
|upkeep
|turn|2
|
|t:|1743828287
|switch|p1a: Hydrapple|Hydrapple, M|100/100
|switch|p2a: Hippowdon|Hippowdon, F|100/100
|-damage|p2a: Hippowdon|88/100|[from] Spikes
|-weather|Sandstorm|[from] ability: Sand Stream|[of] p2a: Hippowdon
|
|-weather|Sandstorm|[upkeep]
|-damage|p1a: Hydrapple|94/100|[from] Sandstorm
|upkeep
|turn|3
|
|t:|1743828298
|move|p2a: Hippowdon|Heavy Slam|p1a: Hydrapple
|-damage|p1a: Hydrapple|70/100
|move|p1a: Hydrapple|Giga Drain|p2a: Hippowdon
|-supereffective|p2a: Hippowdon
|-damage|p2a: Hippowdon|12/100
|-heal|p1a: Hydrapple|100/100|[from] drain|[of] p2a: Hippowdon
|
|-weather|Sandstorm|[upkeep]
|-damage|p1a: Hydrapple|94/100|[from] Sandstorm
|upkeep
|turn|4
|
|t:|1743828309
|move|p2a: Hippowdon|Heavy Slam|p1a: Hydrapple
|-damage|p1a: Hydrapple|69/100
|move|p1a: Hydrapple|Giga Drain|p2a: Hippowdon
|-supereffective|p2a: Hippowdon
|-damage|p2a: Hippowdon|0 fnt
|-heal|p1a: Hydrapple|75/100|[from] drain|[of] p2a: Hippowdon
|faint|p2a: Hippowdon
|
|-weather|Sandstorm|[upkeep]
|-damage|p1a: Hydrapple|69/100|[from] Sandstorm
|upkeep
|
|t:|1743828324
|switch|p2a: Donphan|Donphan, M|65/100
|-damage|p2a: Donphan|52/100|[from] Spikes
|turn|5
|
|t:|1743828329
|move|p2a: Donphan|Ice Shard|p1a: Hydrapple
|-supereffective|p1a: Hydrapple
|-damage|p1a: Hydrapple|4/100
|move|p1a: Hydrapple|Nasty Plot|p1a: Hydrapple
|-boost|p1a: Hydrapple|spa|2
|
|-weather|Sandstorm|[upkeep]
|-damage|p1a: Hydrapple|0 fnt|[from] Sandstorm
|faint|p1a: Hydrapple
|upkeep
|
|t:|1743828347
|switch|p1a: Gardevoir|Gardevoir, M|100/100
|-ability|p1a: Gardevoir|Sturdy|[from] ability: Trace|[of] p2a: Donphan
|turn|6
|
|t:|1743828366
|-terastallize|p2a: Donphan|Steel
|move|p2a: Donphan|Ice Shard|p1a: Gardevoir
|-damage|p1a: Gardevoir|65/100
|move|p1a: Gardevoir|Alluring Voice|p2a: Donphan
|-resisted|p2a: Donphan
|-damage|p2a: Donphan|25/100
|
|-weather|none
|upkeep
|turn|7
|
|t:|1743828377
|switch|p2a: Sandaconda|Sandaconda, M|100/100
|-damage|p2a: Sandaconda|88/100|[from] Spikes
|move|p1a: Gardevoir|Alluring Voice|p2a: Sandaconda
|-damage|p2a: Sandaconda|27/100
|-weather|Sandstorm|[from] ability: Sand Spit|[of] p2a: Sandaconda
|
|-weather|Sandstorm|[upkeep]
|-damage|p1a: Gardevoir|59/100|[from] Sandstorm
|upkeep
|turn|8
|
|t:|1743828389
|move|p1a: Gardevoir|Alluring Voice|p2a: Sandaconda
|-damage|p2a: Sandaconda|0 fnt
|faint|p2a: Sandaconda
|
|-weather|Sandstorm|[upkeep]
|-damage|p1a: Gardevoir|52/100|[from] Sandstorm
|upkeep
|
|t:|1743828396
|switch|p2a: Sandslash|Sandslash, F|100/100
|-damage|p2a: Sandslash|88/100|[from] Spikes
|turn|9
|
|t:|1743828403
|move|p2a: Sandslash|Earthquake|p1a: Gardevoir
|-damage|p1a: Gardevoir|0 fnt
|faint|p1a: Gardevoir
|
|-weather|Sandstorm|[upkeep]
|upkeep
|
|t:|1743828412
|switch|p1a: Ceruledge|Ceruledge, F|100/100
|turn|10
|
|t:|1743828417
|move|p2a: Sandslash|Earthquake|p1a: Ceruledge
|-supereffective|p1a: Ceruledge
|-enditem|p1a: Ceruledge|Focus Sash
|-damage|p1a: Ceruledge|1/100
|-ability|p1a: Ceruledge|Weak Armor|boost
|-unboost|p1a: Ceruledge|def|1
|-boost|p1a: Ceruledge|spe|2
|move|p1a: Ceruledge|Swords Dance|p1a: Ceruledge
|-boost|p1a: Ceruledge|atk|2
|
|-weather|Sandstorm|[upkeep]
|-damage|p1a: Ceruledge|0 fnt|[from] Sandstorm
|faint|p1a: Ceruledge
|upkeep
|
|t:|1743828443
|switch|p1a: Clodsire|Clodsire, M|100/100
|turn|11
|
|t:|1743828450
|-terastallize|p1a: Clodsire|Dark
|move|p2a: Sandslash|Earthquake|p1a: Clodsire
|-damage|p1a: Clodsire|28/100
|move|p1a: Clodsire|Earthquake|p2a: Sandslash
|-damage|p2a: Sandslash|60/100
|
|-weather|none
|-heal|p1a: Clodsire|34/100|[from] item: Leftovers
|upkeep
|turn|12
|
|t:|1743828461
|move|p2a: Sandslash|Earthquake|p1a: Clodsire
|-damage|p1a: Clodsire|0 fnt
|faint|p1a: Clodsire
|
|upkeep
|
|t:|1743828464
|switch|p1a: Samurott|Samurott-Hisui, M, shiny|3/100
|turn|13
|
|t:|1743828470
|move|p1a: Samurott|Aqua Cutter|p2a: Sandslash
|-supereffective|p2a: Sandslash
|-damage|p2a: Sandslash|0 fnt
|faint|p2a: Sandslash
|
|upkeep
|
|t:|1743828476
|switch|p2a: Krookodile|Krookodile, M|100/100
|-damage|p2a: Krookodile|88/100|[from] Spikes
|turn|14
|
|t:|1743828482
|move|p2a: Krookodile|Crunch|p1a: Samurott
|-resisted|p1a: Samurott
|-damage|p1a: Samurott|0 fnt
|faint|p1a: Samurott
|-ability|p2a: Krookodile|Moxie|boost
|-boost|p2a: Krookodile|atk|1
|
|upkeep
|
|t:|1743828487
|switch|p1a: Zoroark|Zoroark-Hisui, M|100/100
|turn|15
|
|t:|1743828493
|move|p2a: Krookodile|Crunch|p1a: Zoroark
|-supereffective|p1a: Zoroark
|-crit|p1a: Zoroark
|-damage|p1a: Zoroark|0 fnt
|faint|p1a: Zoroark
|
|win|letsbattlemanggwp
|raw|lc872244's rating: 1167 &rarr; <strong>1140</strong><br />(-27 for losing)
|raw|letsbattlemanggwp's rating: 1139 &rarr; <strong>1166</strong><br />(+27 for winning)
|l|☆lc872244
|player|p1|
|l|☆letsbattlemanggwp
|player|p2|
