|j|☆baddyboy100
|j|☆Gengar_Pt2
|t:|1743803103
|gametype|singles
|player|p1|baddyboy100|102|1154
|player|p2|Gengar_Pt2|furisodegirl-blue|1136
|teamsize|p1|6
|teamsize|p2|6
|gen|9
|tier|[Gen 9] OU
|rated|
|rule|HP Percentage Mod: HP is shown in percentages
|rule|Endless Battle Clause: Forcing endless battles is banned
|rule|Species Clause: Limit one of each Pokémon
|rule|OHKO Clause: OHKO moves are banned
|rule|Evasion Items Clause: Evasion items are banned
|rule|Evasion Moves Clause: Evasion moves are banned
|rule|Sleep Moves Clause: Sleep-inducing moves are banned
|clearpoke
|poke|p1|Glimmora, M|
|poke|p1|Tinkaton, F|
|poke|p1|Blaziken, M|
|poke|p1|Clefable, F|
|poke|p1|Dragapult, F|
|poke|p1|Kingambit, M|
|poke|p2|Darkrai|
|poke|p2|Tatsugiri-Droopy, M|
|poke|p2|Revavroom, F|
|poke|p2|Ceruledge, F|
|poke|p2|Ribombee, F|
|poke|p2|Sandy Shocks|
|teampreview
|inactive|Battle timer is ON: inactive players will automatically lose when time's up. (requested by Gengar_Pt2)
|
|t:|1743803112
|start
|switch|p1a: Blaziken|Blaziken, M|100/100
|switch|p2a: Queen|Ribombee, F, shiny|100/100
|turn|1
|
|t:|1743803119
|move|p2a: Queen|Sticky Web|p1a: Blaziken
|-sidestart|p1: baddyboy100|move: Sticky Web
|move|p1a: Blaziken|Swords Dance|p1a: Blaziken
|-boost|p1a: Blaziken|atk|2
|
|-ability|p1a: Blaziken|Speed Boost|boost
|-boost|p1a: Blaziken|spe|1
|upkeep
|turn|2
|
|t:|1743803126
|move|p1a: Blaziken|Thunder Punch|p2a: Queen
|-enditem|p2a: Queen|Focus Sash
|-damage|p2a: Queen|1/100
|move|p2a: Queen|Moonblast|p1a: Blaziken
|-damage|p1a: Blaziken|33/100
|-unboost|p1a: Blaziken|spa|1
|
|-ability|p1a: Blaziken|Speed Boost|boost
|-boost|p1a: Blaziken|spe|1
|upkeep
|turn|3
|
|t:|1743803138
|move|p1a: Blaziken|Thunder Punch|p2a: Queen
|-crit|p2a: Queen
|-damage|p2a: Queen|0 fnt
|faint|p2a: Queen
|
|-ability|p1a: Blaziken|Speed Boost|boost
|-boost|p1a: Blaziken|spe|1
|upkeep
|inactive|Gengar_Pt2 has 120 seconds left.
|
|t:|1743803185
|switch|p2a: Engine|Revavroom, F|100/100
|-item|p2a: Engine|Air Balloon
|turn|4
|
|t:|1743803192
|move|p1a: Blaziken|Blaze Kick|p2a: Engine
|-supereffective|p2a: Engine
|-damage|p2a: Engine|0 fnt
|-enditem|p2a: Engine|Air Balloon
|faint|p2a: Engine
|
|-ability|p1a: Blaziken|Speed Boost|boost
|-boost|p1a: Blaziken|spe|1
|upkeep
|
|t:|1743803200
|switch|p2a: Fishie|Tatsugiri-Droopy, M|100/100
|turn|5
|
|t:|1743803205
|move|p1a: Blaziken|Close Combat|p2a: Fishie
|-damage|p2a: Fishie|0 fnt
|-unboost|p1a: Blaziken|def|1
|-unboost|p1a: Blaziken|spd|1
|faint|p2a: Fishie
|
|-ability|p1a: Blaziken|Speed Boost|boost
|-boost|p1a: Blaziken|spe|1
|upkeep
|
|t:|1743803208
|switch|p2a: Knight|Ceruledge, F, shiny|100/100
|turn|6
|
|t:|1743803220
|move|p2a: Knight|Shadow Sneak|p1a: Blaziken
|-damage|p1a: Blaziken|0 fnt
|faint|p1a: Blaziken
|
|upkeep
|
|t:|1743803226
|switch|p1a: Glimmora|Glimmora, M|100/100
|-activate|p1a: Glimmora|move: Sticky Web
|-unboost|p1a: Glimmora|spe|1
|turn|7
|
|t:|1743803233
|switch|p2a: Spongebob|Sandy Shocks|100/100
|-enditem|p2a: Spongebob|Booster Energy
|-activate|p2a: Spongebob|ability: Protosynthesis|[fromitem]
|-start|p2a: Spongebob|protosynthesisspa
|move|p1a: Glimmora|Mortal Spin|p2a: Spongebob
|-resisted|p2a: Spongebob
|-damage|p2a: Spongebob|97/100
|-status|p2a: Spongebob|psn
|-sideend|p1: baddyboy100|Sticky Web|[from] move: Mortal Spin|[of] p1a: Glimmora
|
|-damage|p2a: Spongebob|85/100 psn|[from] psn
|upkeep
|turn|8
|
|t:|1743803249
|-terastallize|p1a: Glimmora|Flying
|move|p2a: Spongebob|Earth Power|p1a: Glimmora
|-immune|p1a: Glimmora
|move|p1a: Glimmora|Stealth Rock|p2a: Spongebob
|-sidestart|p2: Gengar_Pt2|move: Stealth Rock
|
|-damage|p2a: Spongebob|73/100 psn|[from] psn
|upkeep
|turn|9
|
|t:|1743803262
|move|p1a: Glimmora|Spiky Shield|p1a: Glimmora
|-singleturn|p1a: Glimmora|move: Protect
|move|p2a: Spongebob|Thunderbolt|p1a: Glimmora
|-activate|p1a: Glimmora|move: Protect
|
|-damage|p2a: Spongebob|60/100 psn|[from] psn
|upkeep
|turn|10
|
|t:|1743803280
|switch|p1a: Dragapult|Dragapult, F|100/100
|move|p2a: Spongebob|Thunderbolt|p1a: Dragapult
|-resisted|p1a: Dragapult
|-damage|p1a: Dragapult|65/100
|
|-damage|p2a: Spongebob|48/100 psn|[from] psn
|upkeep
|turn|11
|
|t:|1743803296
|move|p1a: Dragapult|Dragon Darts|p2a: Spongebob
|-damage|p2a: Spongebob|10/100 psn
|-anim|p1a: Dragapult|Dragon Darts|p2a: Spongebob
|-damage|p2a: Spongebob|0 fnt
|faint|p2a: Spongebob
|-end|p2a: Spongebob|Protosynthesis|[silent]
|-damage|p1a: Dragapult|55/100|[from] item: Life Orb
|
|upkeep
|
|t:|1743803301
|switch|p2a: Knight|Ceruledge, F, shiny|100/100
|-damage|p2a: Knight|76/100|[from] Stealth Rock
|turn|12
|
|t:|1743803319
|switch|p1a: Glimmora|Glimmora, M, tera:Flying|100/100
|move|p2a: Knight|Shadow Sneak|p1a: Glimmora
|-damage|p1a: Glimmora|80/100
|-damage|p2a: Knight|59/100|[from] item: Rocky Helmet|[of] p1a: Glimmora
|-activate|p1a: Glimmora|ability: Toxic Debris
|-sidestart|p2: Gengar_Pt2|move: Toxic Spikes
|
|upkeep
|turn|13
|
|t:|1743803327
|move|p2a: Knight|Bitter Blade|p1a: Glimmora
|-damage|p1a: Glimmora|36/100
|-heal|p2a: Knight|83/100|[from] drain|[of] p1a: Glimmora
|-damage|p2a: Knight|66/100|[from] item: Rocky Helmet|[of] p1a: Glimmora
|-activate|p1a: Glimmora|ability: Toxic Debris
|-sidestart|p2: Gengar_Pt2|move: Toxic Spikes
|move|p1a: Glimmora|Power Gem|p2a: Knight
|-supereffective|p2a: Knight
|-damage|p2a: Knight|0 fnt
|faint|p2a: Knight
|
|upkeep
|
|t:|1743803332
|switch|p2a: Friend|Darkrai|100/100
|-damage|p2a: Friend|88/100|[from] Stealth Rock
|-status|p2a: Friend|tox
|turn|14
|
|t:|1743803345
|-terastallize|p2a: Friend|Stellar
|move|p2a: Friend|Ice Beam|p1a: Glimmora
|-supereffective|p1a: Glimmora
|-damage|p1a: Glimmora|0 fnt
|faint|p1a: Glimmora
|-damage|p2a: Friend|78/100 tox|[from] item: Life Orb
|
|-damage|p2a: Friend|72/100 tox|[from] psn
|upkeep
|inactive|baddyboy100 has 120 seconds left.
|
|t:|1743803394
|switch|p1a: Tinkaton|Tinkaton, F|100/100
|-ability|p1a: Tinkaton|Mold Breaker
|turn|15
|
|t:|1743803403
|move|p1a: Tinkaton|Fake Out|p2a: Friend
|-damage|p2a: Friend|60/100 tox
|cant|p2a: Friend|flinch
|
|-damage|p2a: Friend|48/100 tox|[from] psn
|upkeep
|turn|16
|
|t:|1743803424
|move|p2a: Friend|Dark Pulse|p1a: Tinkaton
|-resisted|p1a: Tinkaton
|-damage|p1a: Tinkaton|61/100
|-damage|p2a: Friend|38/100 tox|[from] item: Life Orb
|cant|p1a: Tinkaton|flinch
|
|-heal|p1a: Tinkaton|67/100|[from] item: Leftovers
|-damage|p2a: Friend|20/100 tox|[from] psn
|upkeep
|turn|17
|c|☆Gengar_Pt2|its gg
|
|t:|1743803434
|move|p2a: Friend|Dark Pulse|p1a: Tinkaton
|-resisted|p1a: Tinkaton
|-damage|p1a: Tinkaton|40/100
|-damage|p2a: Friend|10/100 tox|[from] item: Life Orb
|move|p1a: Tinkaton|Play Rough|p2a: Friend|[miss]
|-miss|p1a: Tinkaton|p2a: Friend
|
|-heal|p1a: Tinkaton|46/100|[from] item: Leftovers
|-damage|p2a: Friend|0 fnt|[from] psn
|faint|p2a: Friend
|
|win|baddyboy100
|raw|baddyboy100's rating: 1154 &rarr; <strong>1178</strong><br />(+24 for winning)
|raw|Gengar_Pt2's rating: 1136 &rarr; <strong>1112</strong><br />(-24 for losing)
|c|☆baddyboy100|gg
|l|☆baddyboy100
|player|p1|
|l|☆Gengar_Pt2
|player|p2|
