|j|☆Zanedotmidi
|j|☆AdWolfieshake
|t:|1743916795
|gametype|singles
|player|p1|Zanedotmidi|101|1160
|player|p2|AdWolfieshake|janitor|1136
|teamsize|p1|6
|teamsize|p2|6
|gen|9
|tier|[Gen 9] OU
|rated|
|rule|HP Percentage Mod: HP is shown in percentages
|rule|Endless Battle Clause: Forcing endless battles is banned
|rule|Species Clause: Limit one of each Pokémon
|rule|OHKO Clause: OHKO moves are banned
|rule|Evasion Items Clause: Evasion items are banned
|rule|Evasion Moves Clause: Evasion moves are banned
|rule|Sleep Moves Clause: Sleep-inducing moves are banned
|clearpoke
|poke|p1|Zamazenta-*|
|poke|p1|Kingambit, F|
|poke|p1|Samurott-Hisui, F|
|poke|p1|Landorus-Therian, M|
|poke|p1|Iron Valiant|
|poke|p1|Iron Moth|
|poke|p2|Glimmora, F|
|poke|p2|Polteageist-Antique|
|poke|p2|Azumarill, M|
|poke|p2|Porygon2|
|poke|p2|Chandelure, F|
|poke|p2|Maushold-Four|
|teampreview
|
|t:|1743916818
|start
|switch|p1a: Samurott|Samurott-Hisui, F|100/100
|switch|p2a: Glimmora|Glimmora, F|100/100
|turn|1
|
|t:|1743916826
|move|p2a: Glimmora|Meteor Beam||[still]
|-prepare|p2a: Glimmora|Meteor Beam
|-boost|p2a: Glimmora|spa|1
|-enditem|p2a: Glimmora|Power Herb
|-anim|p2a: Glimmora|Meteor Beam|p1a: Samurott
|-enditem|p1a: Samurott|Focus Sash
|-damage|p1a: Samurott|1/100
|move|p1a: Samurott|Ceaseless Edge|p2a: Glimmora
|-damage|p2a: Glimmora|45/100
|-activate|p2a: Glimmora|ability: Toxic Debris
|-sidestart|p1: Zanedotmidi|move: Toxic Spikes
|-sidestart|p2: AdWolfieshake|Spikes
|
|upkeep
|turn|2
|
|t:|1743916839
|move|p2a: Glimmora|Dazzling Gleam|p1a: Samurott
|-supereffective|p1a: Samurott
|-damage|p1a: Samurott|0 fnt
|faint|p1a: Samurott
|
|upkeep
|
|t:|1743916850
|switch|p1a: Landorus|Landorus-Therian, M|100/100
|-ability|p1a: Landorus|Intimidate|boost
|-unboost|p2a: Glimmora|atk|1
|turn|3
|
|t:|1743916860
|move|p1a: Landorus|Earthquake|p2a: Glimmora
|-supereffective|p2a: Glimmora
|-damage|p2a: Glimmora|0 fnt
|-activate|p2a: Glimmora|ability: Toxic Debris
|-sidestart|p1: Zanedotmidi|move: Toxic Spikes
|faint|p2a: Glimmora
|
|upkeep
|
|t:|1743916870
|switch|p2a: Porygon2|Porygon2|100/100
|-damage|p2a: Porygon2|88/100|[from] Spikes
|turn|4
|
|t:|1743916877
|switch|p1a: Iron Moth|Iron Moth|100/100
|-sideend|p1: Zanedotmidi|move: Toxic Spikes|[of] p1a: Iron Moth
|-enditem|p1a: Iron Moth|Booster Energy
|-activate|p1a: Iron Moth|ability: Quark Drive|[fromitem]
|-start|p1a: Iron Moth|quarkdrivespe
|move|p2a: Porygon2|Ice Beam|p1a: Iron Moth
|-resisted|p1a: Iron Moth
|-damage|p1a: Iron Moth|82/100
|
|upkeep
|turn|5
|
|t:|1743916888
|move|p1a: Iron Moth|Fiery Dance|p2a: Porygon2
|-damage|p2a: Porygon2|60/100
|move|p2a: Porygon2|Tri Attack|p1a: Iron Moth
|-damage|p1a: Iron Moth|26/100
|
|upkeep
|turn|6
|
|t:|1743916895
|move|p1a: Iron Moth|Sludge Wave|p2a: Porygon2
|-damage|p2a: Porygon2|31/100
|move|p2a: Porygon2|Tri Attack|p1a: Iron Moth
|-damage|p1a: Iron Moth|0 fnt
|faint|p1a: Iron Moth
|-end|p1a: Iron Moth|Quark Drive|[silent]
|
|upkeep
|
|t:|1743916908
|switch|p1a: Zamazenta|Zamazenta|100/100
|-ability|p1a: Zamazenta|Dauntless Shield|boost
|-boost|p1a: Zamazenta|def|1
|turn|7
|
|t:|1743916922
|move|p1a: Zamazenta|Body Press|p2a: Porygon2
|-supereffective|p2a: Porygon2
|-damage|p2a: Porygon2|0 fnt
|faint|p2a: Porygon2
|
|upkeep
|
|t:|1743916932
|switch|p2a: Polteageist|Polteageist-Antique|100/100
|-damage|p2a: Polteageist|88/100|[from] Spikes
|turn|8
|
|t:|1743916958
|move|p1a: Zamazenta|Crunch|p2a: Polteageist
|-supereffective|p2a: Polteageist
|-damage|p2a: Polteageist|5/100
|-ability|p2a: Polteageist|Weak Armor|boost
|-unboost|p2a: Polteageist|def|1
|-boost|p2a: Polteageist|spe|2
|-enditem|p2a: Polteageist|White Herb
|-clearnegativeboost|p2a: Polteageist|[silent]
|move|p2a: Polteageist|Shell Smash|p2a: Polteageist
|-unboost|p2a: Polteageist|def|1
|-unboost|p2a: Polteageist|spd|1
|-boost|p2a: Polteageist|atk|2
|-boost|p2a: Polteageist|spa|2
|-boost|p2a: Polteageist|spe|2
|
|upkeep
|turn|9
|
|t:|1743916977
|move|p2a: Polteageist|Stored Power|p1a: Zamazenta
|-supereffective|p1a: Zamazenta
|-damage|p1a: Zamazenta|0 fnt
|faint|p1a: Zamazenta
|
|upkeep
|
|t:|1743916981
|switch|p1a: Kingambit|Kingambit, F|100/100
|-activate|p1a: Kingambit|ability: Supreme Overlord
|-start|p1a: Kingambit|fallen3|[silent]
|turn|10
|
|t:|1743916985
|move|p1a: Kingambit|Sucker Punch||[still]
|-fail|p1a: Kingambit
|move|p2a: Polteageist|Strength Sap|p1a: Kingambit
|-unboost|p1a: Kingambit|atk|1
|-heal|p2a: Polteageist|100/100
|
|upkeep
|turn|11
|
|t:|1743917001
|move|p1a: Kingambit|Sucker Punch||[still]
|-fail|p1a: Kingambit
|move|p2a: Polteageist|Strength Sap|p1a: Kingambit
|-unboost|p1a: Kingambit|atk|1
|
|upkeep
|turn|12
|
|t:|1743917014
|-end|p1a: Kingambit|fallen3|[silent]
|switch|p1a: Landorus|Landorus-Therian, M|100/100
|-ability|p1a: Landorus|Intimidate|boost
|-unboost|p2a: Polteageist|atk|1
|-terastallize|p2a: Polteageist|Fighting
|move|p2a: Polteageist|Tera Blast|p1a: Landorus|[anim] Tera Blast Fighting
|-resisted|p1a: Landorus
|-damage|p1a: Landorus|54/100
|
|upkeep
|turn|13
|
|t:|1743917032
|move|p2a: Polteageist|Stored Power|p1a: Landorus
|-damage|p1a: Landorus|0 fnt
|faint|p1a: Landorus
|
|upkeep
|
|t:|1743917036
|switch|p1a: Iron Valiant|Iron Valiant|100/100
|-enditem|p1a: Iron Valiant|Booster Energy
|-activate|p1a: Iron Valiant|ability: Quark Drive|[fromitem]
|-start|p1a: Iron Valiant|quarkdrivespe
|turn|14
|
|t:|1743917042
|move|p2a: Polteageist|Stored Power|p1a: Iron Valiant
|-supereffective|p1a: Iron Valiant
|-damage|p1a: Iron Valiant|0 fnt
|faint|p1a: Iron Valiant
|-end|p1a: Iron Valiant|Quark Drive|[silent]
|
|upkeep
|c|☆Zanedotmidi|gg
|c|☆AdWolfieshake|gg
|-message|Zanedotmidi forfeited.
|
|win|AdWolfieshake
|raw|Zanedotmidi's rating: 1160 &rarr; <strong>1133</strong><br />(-27 for losing)
|raw|AdWolfieshake's rating: 1136 &rarr; <strong>1163</strong><br />(+27 for winning)
|l|☆Zanedotmidi
|player|p1|
|l|☆AdWolfieshake
|player|p2|
