|badge|p1|silver|gen9ubers|30-5
|uhtml|medal-msg|<div class="broadcast-blue">Curious what those medals under the avatar are? PS now has Ladder Seasons! For more information, check out the <a href="https://www.smogon.com/forums/threads/3740067/">thread on Smogon.</a></div>
|j|☆mrdarkcyber
|j|☆TurnMeOn97
|t:|1743852249
|gametype|singles
|player|p1|mrdarkcyber|1|1590
|player|p2|TurnMeOn97|266|1515
|teamsize|p1|6
|teamsize|p2|6
|gen|9
|tier|[Gen 9] OU
|rated|
|rule|HP Percentage Mod: HP is shown in percentages
|rule|Endless Battle Clause: Forcing endless battles is banned
|rule|Species Clause: Limit one of each Pokémon
|rule|OHKO Clause: OHKO moves are banned
|rule|Evasion Items Clause: Evasion items are banned
|rule|Evasion Moves Clause: Evasion moves are banned
|rule|Sleep Moves Clause: Sleep-inducing moves are banned
|clearpoke
|poke|p1|Iron Treads|
|poke|p1|Pelipper, F|
|poke|p1|Kingdra, F|
|poke|p1|Rillaboom, F|
|poke|p1|Basculegion, M|
|poke|p1|Raging Bolt|
|poke|p2|Keldeo-Resolute|
|poke|p2|Pelipper, M|
|poke|p2|Raging Bolt|
|poke|p2|Kingambit, F|
|poke|p2|Rillaboom, F|
|poke|p2|Iron Treads|
|teampreview
|
|t:|1743852273
|start
|switch|p1a: Raging Bolt|Raging Bolt|100/100
|switch|p2a: Rillaboom|Rillaboom, F|100/100
|-fieldstart|move: Grassy Terrain|[from] ability: Grassy Surge|[of] p2a: Rillaboom
|turn|1
|inactive|Battle timer is ON: inactive players will automatically lose when time's up. (requested by mrdarkcyber)
|
|t:|1743852295
|move|p1a: Raging Bolt|Dragon Pulse|p2a: Rillaboom
|-damage|p2a: Rillaboom|61/100
|move|p2a: Rillaboom|Knock Off|p1a: Raging Bolt
|-damage|p1a: Raging Bolt|66/100
|-enditem|p1a: Raging Bolt|Shuca Berry|[from] move: Knock Off|[of] p2a: Rillaboom
|
|-heal|p1a: Raging Bolt|72/100|[from] Grassy Terrain
|-heal|p2a: Rillaboom|67/100|[from] Grassy Terrain
|upkeep
|turn|2
|
|t:|1743852304
|move|p1a: Raging Bolt|Dragon Pulse|p2a: Rillaboom
|-damage|p2a: Rillaboom|30/100
|move|p2a: Rillaboom|U-turn|p1a: Raging Bolt
|-damage|p1a: Raging Bolt|48/100
|
|t:|1743852321
|switch|p2a: Iron Treads|Iron Treads|100/100|[from] U-turn
|-enditem|p2a: Iron Treads|Booster Energy
|-activate|p2a: Iron Treads|ability: Quark Drive|[fromitem]
|-start|p2a: Iron Treads|quarkdrivespe
|
|-heal|p1a: Raging Bolt|54/100|[from] Grassy Terrain
|upkeep
|turn|3
|
|t:|1743852327
|-end|p1a: Raging Bolt|Protosynthesis|[silent]
|switch|p1a: Pelipper|Pelipper, F|100/100
|-weather|RainDance|[from] ability: Drizzle|[of] p1a: Pelipper
|move|p2a: Iron Treads|Stealth Rock|p1a: Pelipper
|-sidestart|p1: mrdarkcyber|move: Stealth Rock
|
|-weather|RainDance|[upkeep]
|upkeep
|turn|4
|
|t:|1743852350
|-end|p2a: Iron Treads|Quark Drive|[silent]
|switch|p2a: Rillaboom|Rillaboom, F|30/100
|move|p1a: Pelipper|Weather Ball|p2a: Rillaboom
|-resisted|p2a: Rillaboom
|-damage|p2a: Rillaboom|11/100
|
|-weather|RainDance|[upkeep]
|-heal|p2a: Rillaboom|17/100|[from] Grassy Terrain
|upkeep
|turn|5
|
|t:|1743852359
|switch|p1a: Raging Bolt|Raging Bolt|54/100
|-damage|p1a: Raging Bolt|41/100|[from] Stealth Rock
|move|p2a: Rillaboom|Knock Off|p1a: Raging Bolt
|-damage|p1a: Raging Bolt|19/100
|
|-weather|RainDance|[upkeep]
|-heal|p1a: Raging Bolt|25/100|[from] Grassy Terrain
|-heal|p2a: Rillaboom|23/100|[from] Grassy Terrain
|-fieldend|move: Grassy Terrain
|upkeep
|turn|6
|
|t:|1743852369
|move|p1a: Raging Bolt|Weather Ball|p2a: Rillaboom
|-resisted|p2a: Rillaboom
|-damage|p2a: Rillaboom|2/100
|move|p2a: Rillaboom|Wood Hammer|p1a: Raging Bolt
|-resisted|p1a: Raging Bolt
|-crit|p1a: Raging Bolt
|-damage|p1a: Raging Bolt|0 fnt
|faint|p1a: Raging Bolt
|-end|p1a: Raging Bolt|Protosynthesis|[silent]
|-damage|p2a: Rillaboom|0 fnt|[from] Recoil
|faint|p2a: Rillaboom
|
|-weather|RainDance|[upkeep]
|upkeep
|inactive|mrdarkcyber has 120 seconds left.
|inactive|mrdarkcyber has 90 seconds left.
|
|t:|1743852434
|switch|p1a: Kingdra|Kingdra, F|100/100
|switch|p2a: Raging Bolt|Raging Bolt|100/100
|-damage|p1a: Kingdra|88/100|[from] Stealth Rock
|turn|7
|inactive|mrdarkcyber has 90 seconds left.
|
|t:|1743852457
|-terastallize|p2a: Raging Bolt|Fairy
|move|p1a: Kingdra|Hydro Pump|p2a: Raging Bolt
|-damage|p2a: Raging Bolt|21/100
|-damage|p1a: Kingdra|78/100|[from] item: Life Orb
|move|p2a: Raging Bolt|Dragon Pulse|p1a: Kingdra
|-supereffective|p1a: Kingdra
|-damage|p1a: Kingdra|0 fnt
|faint|p1a: Kingdra
|
|-weather|RainDance|[upkeep]
|upkeep
|
|t:|1743852477
|switch|p1a: Iron Treads|Iron Treads|100/100
|-damage|p1a: Iron Treads|97/100|[from] Stealth Rock
|-enditem|p1a: Iron Treads|Booster Energy
|-activate|p1a: Iron Treads|ability: Quark Drive|[fromitem]
|-start|p1a: Iron Treads|quarkdrivespe
|turn|8
|
|t:|1743852490
|move|p1a: Iron Treads|Rapid Spin|p2a: Raging Bolt
|-damage|p2a: Raging Bolt|9/100
|-boost|p1a: Iron Treads|spe|1
|-sideend|p1: mrdarkcyber|Stealth Rock|[from] move: Rapid Spin|[of] p1a: Iron Treads
|move|p2a: Raging Bolt|Weather Ball|p1a: Iron Treads
|-supereffective|p1a: Iron Treads
|-damage|p1a: Iron Treads|0 fnt
|faint|p1a: Iron Treads
|-end|p1a: Iron Treads|Quark Drive|[silent]
|
|-weather|RainDance|[upkeep]
|upkeep
|
|t:|1743852494
|switch|p1a: Rillaboom|Rillaboom, F|100/100
|-fieldstart|move: Grassy Terrain|[from] ability: Grassy Surge|[of] p1a: Rillaboom
|turn|9
|
|t:|1743852500
|move|p2a: Raging Bolt|Dragon Pulse|p1a: Rillaboom
|-damage|p1a: Rillaboom|60/100
|move|p1a: Rillaboom|U-turn|p2a: Raging Bolt
|-resisted|p2a: Raging Bolt
|-damage|p2a: Raging Bolt|0 fnt
|faint|p2a: Raging Bolt
|-end|p2a: Raging Bolt|Protosynthesis|[silent]
|inactive|mrdarkcyber has 90 seconds left.
|
|t:|1743852509
|switch|p1a: Pelipper|Pelipper, F|100/100|[from] U-turn
|
|-weather|RainDance|[upkeep]
|upkeep
|
|t:|1743852529
|switch|p2a: Iron Treads|Iron Treads|100/100
|turn|10
|
|t:|1743852534
|move|p2a: Iron Treads|Stealth Rock|p1a: Pelipper
|-sidestart|p1: mrdarkcyber|move: Stealth Rock
|move|p1a: Pelipper|Weather Ball|p2a: Iron Treads
|-supereffective|p2a: Iron Treads
|-damage|p2a: Iron Treads|0 fnt
|faint|p2a: Iron Treads
|-end|p2a: Iron Treads|Quark Drive|[silent]
|
|-weather|none
|upkeep
|
|t:|1743852541
|switch|p2a: Kingambit|Kingambit, F|100/100
|-activate|p2a: Kingambit|ability: Supreme Overlord
|-start|p2a: Kingambit|fallen3|[silent]
|turn|11
|
|t:|1743852547
|move|p1a: Pelipper|U-turn|p2a: Kingambit
|-damage|p2a: Kingambit|94/100
|
|t:|1743852549
|switch|p1a: Rillaboom|Rillaboom, F|60/100|[from] U-turn
|-damage|p1a: Rillaboom|48/100|[from] Stealth Rock
|move|p2a: Kingambit|Kowtow Cleave|p1a: Rillaboom
|-crit|p1a: Rillaboom
|-damage|p1a: Rillaboom|0 fnt
|faint|p1a: Rillaboom
|
|-heal|p2a: Kingambit|100/100|[from] Grassy Terrain
|upkeep
|
|t:|1743852553
|switch|p1a: Pelipper|Pelipper, F|100/100
|-damage|p1a: Pelipper|76/100|[from] Stealth Rock
|-weather|RainDance|[from] ability: Drizzle|[of] p1a: Pelipper
|turn|12
|
|t:|1743852558
|-end|p2a: Kingambit|fallen3|[silent]
|switch|p2a: Keldeo|Keldeo-Resolute|100/100
|move|p1a: Pelipper|Weather Ball|p2a: Keldeo
|-resisted|p2a: Keldeo
|-damage|p2a: Keldeo|74/100
|
|-weather|RainDance|[upkeep]
|-heal|p2a: Keldeo|81/100|[from] Grassy Terrain
|upkeep
|turn|13
|
|t:|1743852561
|move|p2a: Keldeo|Surf|p1a: Pelipper
|-resisted|p1a: Pelipper
|-damage|p1a: Pelipper|5/100
|move|p1a: Pelipper|Hurricane|p2a: Keldeo
|-supereffective|p2a: Keldeo
|-damage|p2a: Keldeo|0 fnt
|faint|p2a: Keldeo
|
|-weather|RainDance|[upkeep]
|-fieldend|move: Grassy Terrain
|upkeep
|
|t:|1743852567
|switch|p2a: Pelipper|Pelipper, M|100/100
|turn|14
|
|t:|1743852571
|move|p1a: Pelipper|Hurricane|p2a: Pelipper
|-damage|p2a: Pelipper|51/100
|move|p2a: Pelipper|Hurricane|p1a: Pelipper
|-damage|p1a: Pelipper|0 fnt
|faint|p1a: Pelipper
|
|-weather|RainDance|[upkeep]
|upkeep
|
|t:|1743852575
|switch|p1a: Basculegion|Basculegion, M|100/100
|-damage|p1a: Basculegion|88/100|[from] Stealth Rock
|turn|15
|
|t:|1743852587
|-terastallize|p1a: Basculegion|Water
|move|p1a: Basculegion|Wave Crash|p2a: Pelipper
|-resisted|p2a: Pelipper
|-damage|p2a: Pelipper|0 fnt
|faint|p2a: Pelipper
|-damage|p1a: Basculegion|74/100|[from] Recoil
|
|-weather|RainDance|[upkeep]
|upkeep
|
|t:|1743852591
|switch|p2a: Kingambit|Kingambit, F|100/100
|-activate|p2a: Kingambit|ability: Supreme Overlord
|-start|p2a: Kingambit|fallen5|[silent]
|turn|16
|
|t:|1743852593
|move|p2a: Kingambit|Sucker Punch|p1a: Basculegion
|-damage|p1a: Basculegion|0 fnt
|faint|p1a: Basculegion
|
|win|TurnMeOn97
|raw|mrdarkcyber's rating: 1590 &rarr; <strong>1566</strong><br />(-24 for losing)
|raw|TurnMeOn97's rating: 1515 &rarr; <strong>1539</strong><br />(+24 for winning)
|l|☆mrdarkcyber
|player|p1|
|l|☆TurnMeOn97
|player|p2|
