|j|☆reezyyy
|j|☆KillerB1000
|t:|1743878261
|gametype|singles
|player|p1|reezyyy|102|1359
|player|p2|KillerB1000|scientist-gen4|1379
|teamsize|p1|6
|teamsize|p2|6
|gen|9
|tier|[Gen 9] OU
|rated|
|rule|HP Percentage Mod: HP is shown in percentages
|rule|Endless Battle Clause: Forcing endless battles is banned
|rule|Species Clause: Limit one of each Pokémon
|rule|OHKO Clause: OHKO moves are banned
|rule|Evasion Items Clause: Evasion items are banned
|rule|Evasion Moves Clause: Evasion moves are banned
|rule|Sleep Moves Clause: Sleep-inducing moves are banned
|clearpoke
|poke|p1|Pelipper, F|
|poke|p1|Floatzel, M|
|poke|p1|Clodsire, F|
|poke|p1|Meowscarada, M|
|poke|p1|Zapdos|
|poke|p1|Iron Valiant|
|poke|p2|Skeledirge, M|
|poke|p2|Ninetales-Alola, F|
|poke|p2|Glastrier|
|poke|p2|Quaquaval, M|
|poke|p2|Armarouge, M|
|poke|p2|Iron Valiant|
|teampreview
|inactive|Battle timer is ON: inactive players will automatically lose when time's up. (requested by reezyyy)
|
|t:|1743878307
|start
|switch|p1a: Meowscarada|Meowscarada, M|100/100
|switch|p2a: Iron Valiant|Iron Valiant|100/100
|turn|1
|
|t:|1743878323
|switch|p1a: Clodsire|Clodsire, F|100/100
|-end|p2a: Iron Valiant|Quark Drive|[silent]
|switch|p2a: Ninetales|Ninetales-Alola, F|100/100
|-weather|Snowscape|[from] ability: Snow Warning|[of] p2a: Ninetales
|
|-weather|Snowscape|[upkeep]
|upkeep
|turn|2
|inactive|reezyyy has 120 seconds left.
|
|t:|1743878356
|switch|p1a: Pelipper|Pelipper, F|100/100
|-weather|RainDance|[from] ability: Drizzle|[of] p1a: Pelipper
|move|p2a: Ninetales|Freeze-Dry|p1a: Pelipper
|-supereffective|p1a: Pelipper
|-damage|p1a: Pelipper|0 fnt
|faint|p1a: Pelipper
|
|-weather|RainDance|[upkeep]
|upkeep
|
|t:|1743878365
|switch|p1a: Floatzel|Floatzel, M|100/100
|turn|3
|
|t:|1743878374
|switch|p2a: Quaquaval|Quaquaval, M|100/100
|move|p1a: Floatzel|Wave Crash|p2a: Quaquaval
|-resisted|p2a: Quaquaval
|-damage|p2a: Quaquaval|40/100
|-damage|p1a: Floatzel|76/100|[from] Recoil
|
|-weather|RainDance|[upkeep]
|upkeep
|turn|4
|
|t:|1743878378
|switch|p2a: Ninetales|Ninetales-Alola, F|100/100
|-weather|Snowscape|[from] ability: Snow Warning|[of] p2a: Ninetales
|move|p1a: Floatzel|Wave Crash|p2a: Ninetales
|-damage|p2a: Ninetales|24/100
|-damage|p1a: Floatzel|48/100|[from] Recoil
|
|-weather|Snowscape|[upkeep]
|upkeep
|turn|5
|
|t:|1743878390
|switch|p2a: Glastrier|Glastrier|100/100
|move|p1a: Floatzel|Wave Crash|p2a: Glastrier
|-damage|p2a: Glastrier|57/100
|-damage|p1a: Floatzel|29/100|[from] Recoil
|
|-weather|Snowscape|[upkeep]
|upkeep
|turn|6
|
|t:|1743878399
|-terastallize|p1a: Floatzel|Water
|move|p1a: Floatzel|Wave Crash|p2a: Glastrier
|-damage|p2a: Glastrier|5/100
|-damage|p1a: Floatzel|7/100|[from] Recoil
|move|p2a: Glastrier|Icicle Crash|p1a: Floatzel
|-resisted|p1a: Floatzel
|-damage|p1a: Floatzel|0 fnt
|faint|p1a: Floatzel
|-ability|p2a: Glastrier|Chilling Neigh|boost
|-boost|p2a: Glastrier|atk|1
|
|-weather|Snowscape|[upkeep]
|upkeep
|
|t:|1743878413
|switch|p1a: Meowscarada|Meowscarada, M|100/100
|turn|7
|
|t:|1743878443
|switch|p2a: Quaquaval|Quaquaval, M|40/100
|move|p1a: Meowscarada|U-turn|p2a: Quaquaval
|-start|p1a: Meowscarada|typechange|Bug|[from] ability: Protean
|-resisted|p2a: Quaquaval
|-damage|p2a: Quaquaval|26/100
|
|t:|1743878452
|switch|p1a: Zapdos|Zapdos|100/100|[from] U-turn
|
|-weather|Snowscape|[upkeep]
|upkeep
|turn|8
|inactive|KillerB1000 has 120 seconds left.
|
|t:|1743878475
|move|p1a: Zapdos|Volt Switch|p2a: Quaquaval
|-supereffective|p2a: Quaquaval
|-damage|p2a: Quaquaval|0 fnt
|faint|p2a: Quaquaval
|
|t:|1743878489
|switch|p1a: Meowscarada|Meowscarada, M|100/100|[from] Volt Switch
|
|-weather|none
|upkeep
|inactive|KillerB1000 has 120 seconds left.
|
|t:|1743878504
|switch|p2a: Skeledirge|Skeledirge, M|100/100
|turn|9
|
|t:|1743878518
|-terastallize|p2a: Skeledirge|Fairy
|move|p1a: Meowscarada|Knock Off|p2a: Skeledirge
|-start|p1a: Meowscarada|typechange|Dark|[from] ability: Protean
|-resisted|p2a: Skeledirge
|-damage|p2a: Skeledirge|81/100
|-enditem|p2a: Skeledirge|Heavy-Duty Boots|[from] move: Knock Off|[of] p1a: Meowscarada
|move|p2a: Skeledirge|Will-O-Wisp|p1a: Meowscarada
|-status|p1a: Meowscarada|brn
|
|-damage|p1a: Meowscarada|94/100 brn|[from] brn
|upkeep
|turn|10
|
|t:|1743878533
|switch|p2a: Armarouge|Armarouge, M|100/100
|move|p1a: Meowscarada|Spikes|p2a: Armarouge
|-sidestart|p2: KillerB1000|Spikes
|
|-damage|p1a: Meowscarada|88/100 brn|[from] brn
|upkeep
|turn|11
|inactive|KillerB1000 has 120 seconds left.
|inactive|reezyyy has 120 seconds left.
|
|t:|1743878565
|switch|p1a: Iron Valiant|Iron Valiant|100/100
|-enditem|p1a: Iron Valiant|Booster Energy
|-activate|p1a: Iron Valiant|ability: Quark Drive|[fromitem]
|-start|p1a: Iron Valiant|quarkdrivespe
|move|p2a: Armarouge|Calm Mind|p2a: Armarouge
|-boost|p2a: Armarouge|spa|1
|-boost|p2a: Armarouge|spd|1
|
|upkeep
|turn|12
|inactive|KillerB1000 has 120 seconds left.
|
|t:|1743878580
|switch|p2a: Glastrier|Glastrier|5/100
|move|p1a: Iron Valiant|Destiny Bond|p1a: Iron Valiant
|-singlemove|p1a: Iron Valiant|Destiny Bond
|
|upkeep
|turn|13
|
|t:|1743878586
|move|p1a: Iron Valiant|Shadow Ball|p2a: Glastrier
|-damage|p2a: Glastrier|0 fnt
|faint|p2a: Glastrier
|
|upkeep
|inactive|KillerB1000 has 120 seconds left.
|
|t:|1743878594
|switch|p2a: Skeledirge|Skeledirge, M, tera:Fairy|81/100
|-damage|p2a: Skeledirge|68/100|[from] Spikes
|turn|14
|
|t:|1743878601
|move|p1a: Iron Valiant|Moonblast|p2a: Skeledirge
|-crit|p2a: Skeledirge
|-damage|p2a: Skeledirge|0 fnt
|faint|p2a: Skeledirge
|
|upkeep
|inactive|KillerB1000 has 120 seconds left.
|
|t:|1743878618
|switch|p2a: Armarouge|Armarouge, M|100/100
|-damage|p2a: Armarouge|88/100|[from] Spikes
|turn|15
|
|t:|1743878641
|-end|p1a: Iron Valiant|Quark Drive|[silent]
|switch|p1a: Clodsire|Clodsire, F|100/100
|move|p2a: Armarouge|Stored Power|p1a: Clodsire
|-supereffective|p1a: Clodsire
|-damage|p1a: Clodsire|85/100
|
|-heal|p1a: Clodsire|91/100|[from] item: Leftovers
|upkeep
|turn|16
|
|t:|1743878651
|move|p2a: Armarouge|Iron Defense|p2a: Armarouge
|-boost|p2a: Armarouge|def|2
|move|p1a: Clodsire|Stealth Rock|p2a: Armarouge
|-sidestart|p2: KillerB1000|move: Stealth Rock
|
|-heal|p1a: Clodsire|97/100|[from] item: Leftovers
|upkeep
|turn|17
|inactive|reezyyy has 120 seconds left.
|
|t:|1743878678
|switch|p1a: Meowscarada|Meowscarada, M|88/100 brn
|move|p2a: Armarouge|Calm Mind|p2a: Armarouge
|-boost|p2a: Armarouge|spa|1
|-boost|p2a: Armarouge|spd|1
|
|-damage|p1a: Meowscarada|82/100 brn|[from] brn
|upkeep
|turn|18
|
|t:|1743878683
|move|p1a: Meowscarada|Spikes|p2a: Armarouge
|-start|p1a: Meowscarada|typechange|Ground|[from] ability: Protean
|-sidestart|p2: KillerB1000|Spikes
|move|p2a: Armarouge|Aura Sphere|p1a: Meowscarada
|-damage|p1a: Meowscarada|25/100 brn
|
|-damage|p1a: Meowscarada|19/100 brn|[from] brn
|upkeep
|turn|19
|
|t:|1743878690
|move|p1a: Meowscarada|Spikes|p2a: Armarouge
|-sidestart|p2: KillerB1000|Spikes
|move|p2a: Armarouge|Stored Power|p1a: Meowscarada
|-damage|p1a: Meowscarada|0 fnt
|faint|p1a: Meowscarada
|
|upkeep
|
|t:|1743878692
|switch|p1a: Iron Valiant|Iron Valiant|100/100
|turn|20
|
|t:|1743878704
|move|p1a: Iron Valiant|Shadow Ball|p2a: Armarouge
|-supereffective|p2a: Armarouge
|-damage|p2a: Armarouge|52/100
|-unboost|p2a: Armarouge|spd|1
|-enditem|p2a: Armarouge|Weakness Policy
|-boost|p2a: Armarouge|atk|2|[from] item: Weakness Policy
|-boost|p2a: Armarouge|spa|2|[from] item: Weakness Policy
|move|p2a: Armarouge|Calm Mind|p2a: Armarouge
|-boost|p2a: Armarouge|spa|1
|-boost|p2a: Armarouge|spd|1
|
|upkeep
|turn|21
|
|t:|1743878729
|move|p1a: Iron Valiant|Shadow Ball|p2a: Armarouge
|-supereffective|p2a: Armarouge
|-damage|p2a: Armarouge|14/100
|move|p2a: Armarouge|Stored Power|p1a: Iron Valiant
|-supereffective|p1a: Iron Valiant
|-damage|p1a: Iron Valiant|0 fnt
|faint|p1a: Iron Valiant
|-end|p1a: Iron Valiant|Quark Drive|[silent]
|
|upkeep
|
|t:|1743878733
|switch|p1a: Zapdos|Zapdos|100/100
|turn|22
|
|t:|1743878740
|move|p1a: Zapdos|Volt Switch|p2a: Armarouge
|-damage|p2a: Armarouge|0 fnt
|faint|p2a: Armarouge
|
|t:|1743878742
|switch|p1a: Clodsire|Clodsire, F|97/100|[from] Volt Switch
|
|-heal|p1a: Clodsire|100/100|[from] item: Leftovers
|upkeep
|
|t:|1743878747
|switch|p2a: Ninetales|Ninetales-Alola, F|24/100
|-damage|p2a: Ninetales|0 fnt|[from] Spikes
|faint|p2a: Ninetales
|
|t:|1743878748
|switch|p2a: Iron Valiant|Iron Valiant|100/100
|-damage|p2a: Iron Valiant|76/100|[from] Spikes
|-damage|p2a: Iron Valiant|69/100|[from] Stealth Rock
|turn|23
|
|t:|1743878752
|move|p2a: Iron Valiant|Knock Off|p1a: Clodsire
|-damage|p1a: Clodsire|76/100
|-enditem|p1a: Clodsire|Leftovers|[from] move: Knock Off|[of] p2a: Iron Valiant
|-damage|p2a: Iron Valiant|60/100|[from] item: Life Orb
|move|p1a: Clodsire|Earthquake|p2a: Iron Valiant
|-damage|p2a: Iron Valiant|24/100
|
|upkeep
|turn|24
|-message|KillerB1000 forfeited.
|
|win|reezyyy
|raw|reezyyy's rating: 1359 &rarr; <strong>1380</strong><br />(+21 for winning)
|raw|KillerB1000's rating: 1379 &rarr; <strong>1358</strong><br />(-21 for losing)
|l|☆KillerB1000
|player|p2|
|l|☆reezyyy
|player|p1|
