|j|☆LX1987
|j|☆Incognito260
|t:|1743846154
|gametype|singles
|player|p1|LX1987|1|1169
|player|p2|Incognito260|1|1196
|teamsize|p1|6
|teamsize|p2|6
|gen|9
|tier|[Gen 9] OU
|rated|
|rule|HP Percentage Mod: HP is shown in percentages
|rule|Endless Battle Clause: Forcing endless battles is banned
|rule|Species Clause: Limit one of each Pokémon
|rule|OHKO Clause: OHKO moves are banned
|rule|Evasion Items Clause: Evasion items are banned
|rule|Evasion Moves Clause: Evasion moves are banned
|rule|Sleep Moves Clause: Sleep-inducing moves are banned
|clearpoke
|poke|p1|Torkoal, F|
|poke|p1|Typhlosion-Hisui, F|
|poke|p1|Zamazenta-*|
|poke|p1|Walking Wake|
|poke|p1|Rhyperior, M|
|poke|p1|Trevenant, M|
|poke|p2|Iron Hands|
|poke|p2|Hatterene, F|
|poke|p2|Cinderace, M|
|poke|p2|Kingambit, F|
|poke|p2|Zamazenta-*|
|poke|p2|Latios, M|
|teampreview
|inactive|Battle timer is ON: inactive players will automatically lose when time's up. (requested by LX1987)
|
|t:|1743846167
|start
|switch|p1a: Torkoal|Torkoal, F|100/100
|switch|p2a: Cinderace|Cinderace, M|100/100
|-weather|SunnyDay|[from] ability: Drought|[of] p1a: Torkoal
|turn|1
|
|t:|1743846176
|move|p2a: Cinderace|Pyro Ball|p1a: Torkoal
|-resisted|p1a: Torkoal
|-damage|p1a: Torkoal|61/100
|move|p1a: Torkoal|Earth Power|p2a: Cinderace
|-supereffective|p2a: Cinderace
|-damage|p2a: Cinderace|43/100
|
|-weather|SunnyDay|[upkeep]
|upkeep
|turn|2
|
|t:|1743846185
|switch|p2a: Latios|Latios, M|100/100
|move|p1a: Torkoal|Will-O-Wisp|p2a: Latios
|-status|p2a: Latios|brn
|
|-weather|SunnyDay|[upkeep]
|-damage|p2a: Latios|95/100 brn|[from] brn
|upkeep
|turn|3
|
|t:|1743846198
|switch|p1a: Trevenant|Trevenant, M|100/100
|move|p2a: Latios|Luster Purge|p1a: Trevenant
|-damage|p1a: Trevenant|45/100
|
|-weather|SunnyDay|[upkeep]
|-damage|p2a: Latios|89/100 brn|[from] brn
|upkeep
|turn|4
|
|t:|1743846210
|move|p2a: Latios|Luster Purge|p1a: Trevenant
|-damage|p1a: Trevenant|0 fnt
|faint|p1a: Trevenant
|
|-weather|SunnyDay|[upkeep]
|-damage|p2a: Latios|83/100 brn|[from] brn
|upkeep
|
|t:|1743846221
|switch|p1a: Rhyperior|Rhyperior, M|100/100
|turn|5
|
|t:|1743846231
|move|p2a: Latios|Luster Purge|p1a: Rhyperior
|-damage|p1a: Rhyperior|46/100
|move|p1a: Rhyperior|Rock Polish|p1a: Rhyperior
|-boost|p1a: Rhyperior|spe|2
|
|-weather|SunnyDay|[upkeep]
|-damage|p2a: Latios|77/100 brn|[from] brn
|upkeep
|turn|6
|
|t:|1743846240
|move|p2a: Latios|Luster Purge|p1a: Rhyperior
|-damage|p1a: Rhyperior|0 fnt
|faint|p1a: Rhyperior
|
|-weather|SunnyDay|[upkeep]
|-damage|p2a: Latios|71/100 brn|[from] brn
|upkeep
|
|t:|1743846248
|switch|p1a: Typhlosion|Typhlosion-Hisui, F|100/100
|turn|7
|
|t:|1743846252
|-terastallize|p2a: Latios|Dark
|-terastallize|p1a: Typhlosion|Fire
|move|p2a: Latios|Luster Purge|p1a: Typhlosion
|-damage|p1a: Typhlosion|37/100
|-unboost|p1a: Typhlosion|spd|1
|move|p1a: Typhlosion|Eruption|p2a: Latios
|-crit|p2a: Latios
|-damage|p2a: Latios|0 fnt
|faint|p2a: Latios
|
|-weather|SunnyDay|[upkeep]
|upkeep
|
|t:|1743846265
|switch|p2a: Kingambit|Kingambit, F, shiny|100/100
|turn|8
|
|t:|1743846270
|switch|p1a: Zamazenta|Zamazenta|100/100
|-ability|p1a: Zamazenta|Dauntless Shield|boost
|-boost|p1a: Zamazenta|def|1
|move|p2a: Kingambit|Sucker Punch||[still]
|-fail|p2a: Kingambit
|
|-weather|none
|upkeep
|turn|9
|
|t:|1743846283
|switch|p2a: Hatterene|Hatterene, F|100/100
|move|p1a: Zamazenta|Crunch|p2a: Hatterene
|-damage|p2a: Hatterene|69/100
|-unboost|p2a: Hatterene|def|1
|
|upkeep
|turn|10
|
|t:|1743846296
|move|p1a: Zamazenta|Crunch|p2a: Hatterene
|-damage|p2a: Hatterene|17/100
|move|p2a: Hatterene|Trick Room|p2a: Hatterene
|-fieldstart|move: Trick Room|[of] p2a: Hatterene
|
|upkeep
|turn|11
|
|t:|1743846304
|move|p2a: Hatterene|Dazzling Gleam|p1a: Zamazenta
|-supereffective|p1a: Zamazenta
|-damage|p1a: Zamazenta|49/100
|move|p1a: Zamazenta|Stone Edge|p2a: Hatterene
|-damage|p2a: Hatterene|0 fnt
|faint|p2a: Hatterene
|
|upkeep
|
|t:|1743846311
|switch|p2a: Iron Hands|Iron Hands, shiny|100/100
|-enditem|p2a: Iron Hands|Booster Energy
|-activate|p2a: Iron Hands|ability: Quark Drive|[fromitem]
|-start|p2a: Iron Hands|quarkdriveatk
|turn|12
|
|t:|1743846317
|switch|p1a: Torkoal|Torkoal, F|61/100
|-weather|SunnyDay|[from] ability: Drought|[of] p1a: Torkoal
|move|p2a: Iron Hands|Swords Dance|p2a: Iron Hands
|-boost|p2a: Iron Hands|atk|2
|
|-weather|SunnyDay|[upkeep]
|upkeep
|turn|13
|
|t:|1743846327
|move|p1a: Torkoal|Will-O-Wisp|p2a: Iron Hands|[miss]
|-miss|p1a: Torkoal|p2a: Iron Hands
|move|p2a: Iron Hands|Thunder Punch|p1a: Torkoal
|-damage|p1a: Torkoal|0 fnt
|faint|p1a: Torkoal
|
|-weather|SunnyDay|[upkeep]
|upkeep
|
|t:|1743846337
|switch|p1a: Zamazenta|Zamazenta|49/100
|turn|14
|
|t:|1743846342
|move|p2a: Iron Hands|Thunder Punch|p1a: Zamazenta
|-damage|p1a: Zamazenta|0 fnt
|faint|p1a: Zamazenta
|
|-weather|SunnyDay|[upkeep]
|-fieldend|move: Trick Room
|upkeep
|
|t:|1743846355
|switch|p1a: Typhlosion|Typhlosion-Hisui, F, tera:Fire|37/100
|turn|15
|
|t:|1743846361
|move|p1a: Typhlosion|Lava Plume|p2a: Iron Hands
|-damage|p2a: Iron Hands|37/100
|-status|p2a: Iron Hands|brn
|move|p2a: Iron Hands|Drain Punch|p1a: Typhlosion
|-damage|p1a: Typhlosion|0 fnt
|-heal|p2a: Iron Hands|48/100 brn|[from] drain|[of] p1a: Typhlosion
|faint|p1a: Typhlosion
|
|-weather|SunnyDay|[upkeep]
|-damage|p2a: Iron Hands|41/100 brn|[from] brn
|upkeep
|
|t:|1743846374
|switch|p1a: Walking Wake|Walking Wake|100/100
|-activate|p1a: Walking Wake|ability: Protosynthesis
|-start|p1a: Walking Wake|protosynthesisspa
|turn|16
|
|t:|1743846379
|move|p1a: Walking Wake|Hydro Steam|p2a: Iron Hands
|-damage|p2a: Iron Hands|0 fnt
|faint|p2a: Iron Hands
|-end|p2a: Iron Hands|Quark Drive|[silent]
|
|-weather|SunnyDay|[upkeep]
|upkeep
|
|t:|1743846389
|switch|p2a: Cinderace|Cinderace, M|43/100
|turn|17
|
|t:|1743846393
|move|p2a: Cinderace|High Jump Kick|p1a: Walking Wake
|-start|p2a: Cinderace|typechange|Fighting|[from] ability: Libero
|-damage|p1a: Walking Wake|0 fnt
|faint|p1a: Walking Wake
|-end|p1a: Walking Wake|Protosynthesis|[silent]
|
|win|Incognito260
|raw|LX1987's rating: 1169 &rarr; <strong>1146</strong><br />(-23 for losing)
|raw|Incognito260's rating: 1196 &rarr; <strong>1219</strong><br />(+23 for winning)
|l|☆LX1987
|player|p1|
|l|☆Incognito260
|player|p2|
