|j|☆shambolic rube 2
|j|☆shimazuu
|t:|1743913083
|gametype|singles
|player|p1|shambolic rube 2|boarder-gen2|1000
|player|p2|shimazuu|hilbert-wonderlauncher|1036
|teamsize|p1|6
|teamsize|p2|6
|gen|9
|tier|[Gen 9] OU
|rated|
|rule|HP Percentage Mod: HP is shown in percentages
|rule|Endless Battle Clause: Forcing endless battles is banned
|rule|Species Clause: Limit one of each Pokémon
|rule|OHKO Clause: OHKO moves are banned
|rule|Evasion Items Clause: Evasion items are banned
|rule|Evasion Moves Clause: Evasion moves are banned
|rule|Sleep Moves Clause: Sleep-inducing moves are banned
|clearpoke
|poke|p1|Iron Valiant|
|poke|p1|Slowking-Galar, M|
|poke|p1|Great Tusk|
|poke|p1|Lokix, M|
|poke|p1|Primarina, F|
|poke|p1|Dragonite, F|
|poke|p2|Moltres-Galar|
|poke|p2|Clodsire, F|
|poke|p2|Galvantula, M|
|poke|p2|Cloyster, F|
|poke|p2|Heatran, M|
|poke|p2|Meowscarada, M|
|teampreview
|inactive|Battle timer is ON: inactive players will automatically lose when time's up. (requested by shimazuu)
|
|t:|1743913103
|start
|switch|p1a: Lokix|Lokix, M|100/100
|switch|p2a: giant NME spider|Galvantula, M|100/100
|-ability|p2a: giant NME spider|Unnerve
|turn|1
|
|t:|1743913106
|move|p2a: giant NME spider|Sticky Web|p1a: Lokix
|-sidestart|p1: shambolic rube 2|move: Sticky Web
|move|p1a: Lokix|U-turn|p2a: giant NME spider
|-damage|p2a: giant NME spider|29/100
|
|t:|1743913122
|switch|p1a: Great Tusk|Great Tusk|100/100|[from] U-turn
|
|-heal|p2a: giant NME spider|35/100|[from] item: Leftovers
|upkeep
|turn|2
|
|t:|1743913127
|move|p2a: giant NME spider|Substitute|p2a: giant NME spider
|-start|p2a: giant NME spider|Substitute
|-damage|p2a: giant NME spider|10/100
|move|p1a: Great Tusk|Rapid Spin|p2a: giant NME spider
|-activate|p2a: giant NME spider|move: Substitute|[damage]
|-sideend|p1: shambolic rube 2|Sticky Web|[from] move: Rapid Spin|[of] p1a: Great Tusk
|-boost|p1a: Great Tusk|spe|1
|
|-heal|p2a: giant NME spider|16/100|[from] item: Leftovers
|upkeep
|turn|3
|
|t:|1743913132
|switch|p2a: liquid shit|Clodsire, F|100/100
|move|p1a: Great Tusk|Earthquake|p2a: liquid shit
|-supereffective|p2a: liquid shit
|-damage|p2a: liquid shit|0 fnt
|faint|p2a: liquid shit
|
|upkeep
|
|t:|1743913144
|switch|p2a: 5 big booms|Cloyster, F|100/100
|turn|4
|
|t:|1743913156
|move|p1a: Great Tusk|Rapid Spin|p2a: 5 big booms
|-crit|p2a: 5 big booms
|-damage|p2a: 5 big booms|80/100
|-boost|p1a: Great Tusk|spe|1
|move|p2a: 5 big booms|Shell Smash|p2a: 5 big booms
|-unboost|p2a: 5 big booms|def|1
|-unboost|p2a: 5 big booms|spd|1
|-boost|p2a: 5 big booms|atk|2
|-boost|p2a: 5 big booms|spa|2
|-boost|p2a: 5 big booms|spe|2
|
|upkeep
|turn|5
|inactive|shimazuu has 120 seconds left.
|c|☆shambolic rube 2|cmon man don’t got all day
|inactive|shimazuu has 90 seconds left.
|inactive|shimazuu has 60 seconds left.
|
|t:|1743913255
|move|p1a: Great Tusk|Close Combat|p2a: 5 big booms
|-supereffective|p2a: 5 big booms
|-damage|p2a: 5 big booms|0 fnt
|-unboost|p1a: Great Tusk|def|1
|-unboost|p1a: Great Tusk|spd|1
|faint|p2a: 5 big booms
|
|upkeep
|-message|shimazuu forfeited.
|
|win|shambolic rube 2
|raw|shambolic rube 2's rating: 1000 &rarr; <strong>1044</strong><br />(+44 for winning)
|raw|shimazuu's rating: 1036 &rarr; <strong>1019</strong><br />(-17 for losing)
|l|☆shimazuu
|player|p2|
