|j|☆Eliano030
|j|☆Count Aula
|t:|1743879302
|gametype|singles
|player|p1|Eliano030|1|1563
|player|p2|Count Aula|ghetsis|1632
|teamsize|p1|6
|teamsize|p2|6
|gen|9
|tier|[Gen 9] OU
|rated|
|rule|HP Percentage Mod: HP is shown in percentages
|rule|Endless Battle Clause: Forcing endless battles is banned
|rule|Species Clause: Limit one of each Pokémon
|rule|OHKO Clause: OHKO moves are banned
|rule|Evasion Items Clause: Evasion items are banned
|rule|Evasion Moves Clause: Evasion moves are banned
|rule|Sleep Moves Clause: Sleep-inducing moves are banned
|clearpoke
|poke|p1|Meowscarada, F|
|poke|p1|Cinderace, F|
|poke|p1|Greninja-*, M|
|poke|p1|Garganacl, M|
|poke|p1|Bronzong|
|poke|p1|Donphan, L1, M|
|poke|p2|Kingambit, M|
|poke|p2|Dragonite, M|
|poke|p2|Dragapult, F|
|poke|p2|Kyurem|
|poke|p2|Corviknight, F|
|poke|p2|Slowking-Galar, F|
|teampreview
|inactive|Battle timer is ON: inactive players will automatically lose when time's up. (requested by Count Aula)
|inactive|Count Aula has 120 seconds left.
|
|t:|1743879337
|start
|switch|p1a: Bugs Bunny|Cinderace, F|100/100
|switch|p2a: Corviknight|Corviknight, F, shiny|100/100
|-ability|p2a: Corviknight|Pressure
|turn|1
|
|t:|1743879347
|move|p1a: Bugs Bunny|Pyro Ball|p2a: Corviknight
|-supereffective|p2a: Corviknight
|-damage|p2a: Corviknight|33/100
|move|p2a: Corviknight|U-turn|p1a: Bugs Bunny
|-resisted|p1a: Bugs Bunny
|-damage|p1a: Bugs Bunny|90/100
|
|t:|1743879353
|switch|p2a: Dragapult|Dragapult, F|100/100|[from] U-turn
|
|upkeep
|turn|2
|
|t:|1743879361
|switch|p1a: Saltilter|Garganacl, M|100/100
|move|p2a: Dragapult|Draco Meteor|p1a: Saltilter
|-damage|p1a: Saltilter|22/100
|-unboost|p2a: Dragapult|spa|2
|
|-heal|p1a: Saltilter|28/100|[from] item: Leftovers
|upkeep
|turn|3
|
|t:|1743879370
|switch|p1a: Bronthong|Bronzong, shiny|100/100
|move|p2a: Dragapult|Draco Meteor|p1a: Bronthong
|-resisted|p1a: Bronthong
|-damage|p1a: Bronthong|86/100
|-unboost|p2a: Dragapult|spa|2
|
|-heal|p1a: Bronthong|93/100|[from] item: Leftovers
|upkeep
|turn|4
|
|t:|1743879382
|switch|p2a: Corviknight|Corviknight, F, shiny|33/100
|-ability|p2a: Corviknight|Pressure
|move|p1a: Bronthong|Future Sight|p2a: Corviknight
|-start|p1a: Bronthong|move: Future Sight
|
|-heal|p1a: Bronthong|99/100|[from] item: Leftovers
|upkeep
|turn|5
|
|t:|1743879395
|switch|p1a: Saltilter|Garganacl, M|28/100
|move|p2a: Corviknight|Roost|p2a: Corviknight
|-heal|p2a: Corviknight|83/100
|-singleturn|p2a: Corviknight|move: Roost
|
|-heal|p1a: Saltilter|34/100|[from] item: Leftovers
|upkeep
|turn|6
|
|t:|1743879404
|move|p2a: Corviknight|Body Press|p1a: Saltilter
|-supereffective|p1a: Saltilter
|-damage|p1a: Saltilter|8/100
|move|p1a: Saltilter|Body Press|p2a: Corviknight
|-damage|p2a: Corviknight|65/100
|-damage|p1a: Saltilter|0 fnt|[from] item: Rocky Helmet|[of] p2a: Corviknight
|faint|p1a: Saltilter
|
|-end|p2a: Corviknight|move: Future Sight
|-resisted|p2a: Corviknight
|-damage|p2a: Corviknight|47/100
|upkeep
|
|t:|1743879411
|switch|p1a: Bugs Bunny|Cinderace, F|90/100
|turn|7
|
|t:|1743879426
|move|p1a: Bugs Bunny|U-turn|p2a: Corviknight
|-start|p1a: Bugs Bunny|typechange|Bug|[from] ability: Libero
|-resisted|p2a: Corviknight
|-damage|p2a: Corviknight|41/100
|-damage|p1a: Bugs Bunny|73/100|[from] item: Rocky Helmet|[of] p2a: Corviknight
|
|t:|1743879434
|switch|p1a: Mr Frogston|Greninja, M|100/100|[from] U-turn
|move|p2a: Corviknight|Body Press|p1a: Mr Frogston
|-supereffective|p1a: Mr Frogston
|-damage|p1a: Mr Frogston|6/100
|
|upkeep
|turn|8
|
|t:|1743879442
|switch|p2a: Slowking|Slowking-Galar, F|100/100
|move|p1a: Mr Frogston|Hydro Pump|p2a: Slowking
|-crit|p2a: Slowking
|-damage|p2a: Slowking|54/100
|
|upkeep
|turn|9
|
|t:|1743879450
|move|p1a: Mr Frogston|Dark Pulse|p2a: Slowking
|-supereffective|p2a: Slowking
|-damage|p2a: Slowking|11/100
|-prepare|p2a: Slowking|Chilly Reception|[premajor]
|move|p2a: Slowking|Chilly Reception|p2a: Slowking
|-weather|Snowscape
|
|t:|1743879459
|switch|p2a: Dragapult|Dragapult, F|100/100|[from] Chilly Reception
|
|-weather|Snowscape|[upkeep]
|upkeep
|turn|10
|
|t:|1743879465
|switch|p1a: Bronthong|Bronzong, shiny|99/100
|move|p2a: Dragapult|U-turn|p1a: Bronthong
|-damage|p1a: Bronthong|83/100
|
|t:|1743879470
|switch|p2a: Kingambit|Kingambit, M|100/100|[from] U-turn
|
|-weather|Snowscape|[upkeep]
|-heal|p1a: Bronthong|89/100|[from] item: Leftovers
|upkeep
|turn|11
|
|t:|1743879477
|-terastallize|p1a: Bronthong|Fighting
|move|p2a: Kingambit|Kowtow Cleave|p1a: Bronthong
|-resisted|p1a: Bronthong
|-damage|p1a: Bronthong|64/100
|move|p1a: Bronthong|Body Press|p2a: Kingambit
|-supereffective|p2a: Kingambit
|-damage|p2a: Kingambit|0 fnt
|faint|p2a: Kingambit
|-end|p2a: Kingambit|fallenundefined|[silent]
|
|-weather|Snowscape|[upkeep]
|-heal|p1a: Bronthong|70/100|[from] item: Leftovers
|upkeep
|
|t:|1743879490
|switch|p2a: Dragapult|Dragapult, F|100/100
|turn|12
|
|t:|1743879493
|move|p2a: Dragapult|Draco Meteor|p1a: Bronthong
|-damage|p1a: Bronthong|17/100
|-unboost|p2a: Dragapult|spa|2
|move|p1a: Bronthong|Future Sight|p2a: Dragapult
|-start|p1a: Bronthong|move: Future Sight
|
|-weather|Snowscape|[upkeep]
|-heal|p1a: Bronthong|23/100|[from] item: Leftovers
|upkeep
|turn|13
|
|t:|1743879506
|move|p2a: Dragapult|Draco Meteor|p1a: Bronthong
|-damage|p1a: Bronthong|0 fnt
|-unboost|p2a: Dragapult|spa|2
|faint|p1a: Bronthong
|
|-weather|none
|upkeep
|
|t:|1743879513
|switch|p1a: Meow Meow|Meowscarada, F|100/100
|turn|14
|
|t:|1743879517
|switch|p2a: Corviknight|Corviknight, F, shiny|41/100
|-ability|p2a: Corviknight|Pressure
|move|p1a: Meow Meow|Knock Off|p2a: Corviknight
|-start|p1a: Meow Meow|typechange|Dark|[from] ability: Protean
|-damage|p2a: Corviknight|13/100
|-damage|p1a: Meow Meow|84/100|[from] item: Rocky Helmet|[of] p2a: Corviknight
|-enditem|p2a: Corviknight|Rocky Helmet|[from] move: Knock Off|[of] p1a: Meow Meow
|
|-end|p2a: Corviknight|move: Future Sight
|-resisted|p2a: Corviknight
|-damage|p2a: Corviknight|0 fnt
|faint|p2a: Corviknight
|upkeep
|
|t:|1743879533
|switch|p2a: Dragapult|Dragapult, F|100/100
|turn|15
|
|t:|1743879539
|move|p1a: Meow Meow|Knock Off|p2a: Dragapult
|-supereffective|p2a: Dragapult
|-damage|p2a: Dragapult|0 fnt
|-enditem|p2a: Dragapult|Choice Specs|[from] move: Knock Off|[of] p1a: Meow Meow
|faint|p2a: Dragapult
|
|upkeep
|
|t:|1743879547
|switch|p2a: Kyurem|Kyurem|100/100
|-ability|p2a: Kyurem|Pressure
|turn|16
|
|t:|1743879554
|move|p1a: Meow Meow|Knock Off|p2a: Kyurem
|-damage|p2a: Kyurem|57/100
|-enditem|p2a: Kyurem|Choice Specs|[from] move: Knock Off|[of] p1a: Meow Meow
|move|p2a: Kyurem|Draco Meteor|p1a: Meow Meow
|-damage|p1a: Meow Meow|0 fnt
|-unboost|p2a: Kyurem|spa|2
|faint|p1a: Meow Meow
|
|upkeep
|
|t:|1743879564
|switch|p1a: Bugs Bunny|Cinderace, F|73/100
|turn|17
|
|t:|1743879569
|switch|p2a: Slowking|Slowking-Galar, F|44/100
|move|p1a: Bugs Bunny|High Jump Kick|p2a: Slowking|[miss]
|-start|p1a: Bugs Bunny|typechange|Fighting|[from] ability: Libero
|-miss|p1a: Bugs Bunny|p2a: Slowking
|-damage|p1a: Bugs Bunny|23/100|[from] highjumpkick
|
|upkeep
|turn|18
|c|☆Eliano030|:)
|
|t:|1743879578
|move|p1a: Bugs Bunny|Pyro Ball|p2a: Slowking
|-damage|p2a: Slowking|3/100
|-prepare|p2a: Slowking|Chilly Reception|[premajor]
|move|p2a: Slowking|Chilly Reception|p2a: Slowking
|-weather|Snowscape
|
|t:|1743879583
|switch|p2a: Dragonite|Dragonite, M, shiny|100/100|[from] Chilly Reception
|
|-weather|Snowscape|[upkeep]
|upkeep
|turn|19
|
|t:|1743879589
|-terastallize|p2a: Dragonite|Normal
|move|p2a: Dragonite|Extreme Speed|p1a: Bugs Bunny
|-damage|p1a: Bugs Bunny|0 fnt
|faint|p1a: Bugs Bunny
|
|-weather|Snowscape|[upkeep]
|upkeep
|
|t:|1743879593
|switch|p1a: Goobatron|Donphan, L1, M|100/100
|turn|20
|
|t:|1743879600
|switch|p2a: Slowking|Slowking-Galar, F|37/100
|move|p1a: Goobatron|Endeavor|p2a: Slowking
|-damage|p2a: Slowking|4/100
|
|-weather|Snowscape|[upkeep]
|upkeep
|turn|21
|
|t:|1743879612
|move|p1a: Goobatron|Protect|p1a: Goobatron
|-singleturn|p1a: Goobatron|Protect
|move|p2a: Slowking|Sludge Bomb|p1a: Goobatron
|-activate|p1a: Goobatron|move: Protect
|
|-weather|Snowscape|[upkeep]
|upkeep
|turn|22
|
|t:|1743879628
|move|p2a: Slowking|Sludge Bomb|p1a: Goobatron
|-resisted|p1a: Goobatron
|-crit|p1a: Goobatron
|-ability|p1a: Goobatron|Sturdy
|-damage|p1a: Goobatron|8/100
|move|p1a: Goobatron|Endeavor|p2a: Slowking
|-damage|p2a: Slowking|1/100
|-heal|p1a: Goobatron|16/100|[from] item: Shell Bell|[of] p2a: Slowking
|
|-weather|none
|upkeep
|turn|23
|
|t:|1743879645
|move|p2a: Slowking|Sludge Bomb|p1a: Goobatron
|-resisted|p1a: Goobatron
|-damage|p1a: Goobatron|0 fnt
|faint|p1a: Goobatron
|
|upkeep
|
|t:|1743879648
|switch|p1a: Mr Frogston|Greninja, M|6/100
|turn|24
|
|t:|1743879656
|move|p1a: Mr Frogston|Dark Pulse|p2a: Slowking
|-supereffective|p2a: Slowking
|-damage|p2a: Slowking|0 fnt
|faint|p2a: Slowking
|-ability|p1a: Mr Frogston|Battle Bond|boost
|-boost|p1a: Mr Frogston|atk|1
|-boost|p1a: Mr Frogston|spa|1
|-boost|p1a: Mr Frogston|spe|1
|-activate|p1a: Mr Frogston|ability: Battle Bond
|
|upkeep
|
|t:|1743879664
|switch|p2a: Dragonite|Dragonite, M, shiny, tera:Normal|100/100
|turn|25
|c|☆Eliano030|gg man
|
|t:|1743879669
|move|p2a: Dragonite|Extreme Speed|p1a: Mr Frogston
|-damage|p1a: Mr Frogston|0 fnt
|faint|p1a: Mr Frogston
|
|win|Count Aula
|raw|Eliano030's rating: 1563 &rarr; <strong>1547</strong><br />(-16 for losing)
|raw|Count Aula's rating: 1632 &rarr; <strong>1648</strong><br />(+16 for winning)
|l|☆Eliano030
|player|p1|
|l|☆Count Aula
|player|p2|
