|j|☆Diarreia Mortal
|j|☆Galladekisser
|t:|1743851675
|gametype|singles
|player|p1|Diarreia Mortal|fisherman-gen4|1133
|player|p2|Galladekisser|pokefanf-gen2|1180
|teamsize|p1|6
|teamsize|p2|6
|gen|9
|tier|[Gen 9] OU
|rated|
|rule|HP Percentage Mod: HP is shown in percentages
|rule|Endless Battle Clause: Forcing endless battles is banned
|rule|Species Clause: Limit one of each Pokémon
|rule|OHKO Clause: OHKO moves are banned
|rule|Evasion Items Clause: Evasion items are banned
|rule|Evasion Moves Clause: Evasion moves are banned
|rule|Sleep Moves Clause: Sleep-inducing moves are banned
|clearpoke
|poke|p1|Toxtricity, M|
|poke|p1|Mew|
|poke|p1|Ninetales-Alola, M|
|poke|p1|Volbeat, M|
|poke|p1|Toucannon, F|
|poke|p1|Ditto|
|poke|p2|Garganacl, F|
|poke|p2|Hydrapple, M|
|poke|p2|Ninetales-Alola, F|
|poke|p2|Glastrier|
|poke|p2|Iron Hands|
|poke|p2|Slowbro-Galar, M|
|teampreview
|inactive|Battle timer is ON: inactive players will automatically lose when time's up. (requested by Galladekisser)
|
|t:|1743851699
|start
|switch|p1a: Toxtricity|Toxtricity, M|100/100
|switch|p2a: Glastrier|Glastrier|100/100
|turn|1
|
|t:|1743851714
|move|p1a: Toxtricity|Boomburst|p2a: Glastrier
|-damage|p2a: Glastrier|23/100
|move|p2a: Glastrier|High Horsepower|p1a: Toxtricity
|-supereffective|p1a: Toxtricity
|-damage|p1a: Toxtricity|0 fnt
|faint|p1a: Toxtricity
|-ability|p2a: Glastrier|Chilling Neigh|boost
|-boost|p2a: Glastrier|atk|1
|
|upkeep
|
|t:|1743851725
|switch|p1a: Volbeat|Volbeat, M|100/100
|turn|2
|
|t:|1743851731
|move|p1a: Volbeat|Seismic Toss|p2a: Glastrier
|-damage|p2a: Glastrier|0 fnt
|faint|p2a: Glastrier
|
|upkeep
|
|t:|1743851739
|switch|p2a: Ninetales|Ninetales-Alola, F|100/100
|-weather|Snowscape|[from] ability: Snow Warning|[of] p2a: Ninetales
|turn|3
|
|t:|1743851744
|move|p1a: Volbeat|Thunder Wave|p2a: Ninetales
|-status|p2a: Ninetales|par
|move|p2a: Ninetales|Blizzard|p1a: Volbeat
|-damage|p1a: Volbeat|64/100
|
|-weather|Snowscape|[upkeep]
|upkeep
|turn|4
|
|t:|1743851751
|move|p1a: Volbeat|Seismic Toss|p2a: Ninetales
|-damage|p2a: Ninetales|66/100 par
|move|p2a: Ninetales|Aurora Veil|p2a: Ninetales
|-sidestart|p2: Galladekisser|move: Aurora Veil
|
|-weather|Snowscape|[upkeep]
|upkeep
|turn|5
|
|t:|1743851762
|switch|p2a: Garganacl|Garganacl, F|100/100
|move|p1a: Volbeat|Encore||[still]
|-fail|p1a: Volbeat
|
|-weather|Snowscape|[upkeep]
|upkeep
|turn|6
|
|t:|1743851769
|move|p1a: Volbeat|Thunder Wave|p2a: Garganacl
|-immune|p2a: Garganacl|[from] ability: Purifying Salt
|move|p2a: Garganacl|Salt Cure|p1a: Volbeat
|-supereffective|p1a: Volbeat
|-damage|p1a: Volbeat|26/100
|-start|p1a: Volbeat|Salt Cure
|
|-weather|Snowscape|[upkeep]
|-damage|p1a: Volbeat|14/100|[from] Salt Cure
|upkeep
|turn|7
|
|t:|1743851782
|move|p1a: Volbeat|Seismic Toss|p2a: Garganacl
|-damage|p2a: Garganacl|76/100
|move|p2a: Garganacl|Curse|p2a: Garganacl
|-unboost|p2a: Garganacl|spe|1
|-boost|p2a: Garganacl|atk|1
|-boost|p2a: Garganacl|def|1
|
|-weather|none
|-damage|p1a: Volbeat|1/100|[from] Salt Cure
|upkeep
|turn|8
|
|t:|1743851802
|switch|p2a: Slowbro|Slowbro-Galar, M|100/100
|move|p1a: Volbeat|Encore||[still]
|-fail|p1a: Volbeat
|
|-damage|p1a: Volbeat|0 fnt|[from] Salt Cure
|faint|p1a: Volbeat
|upkeep
|
|t:|1743851819
|switch|p1a: Toucannon|Toucannon, F|100/100
|turn|9
|
|t:|1743851830
|move|p1a: Toucannon|U-turn|p2a: Slowbro
|-damage|p2a: Slowbro|85/100
|
|t:|1743851837
|switch|p1a: Ninetales|Ninetales-Alola, M|100/100|[from] U-turn
|-weather|Snowscape|[from] ability: Snow Warning|[of] p1a: Ninetales
|move|p2a: Slowbro|Nasty Plot|p2a: Slowbro
|-boost|p2a: Slowbro|spa|2
|
|-weather|Snowscape|[upkeep]
|upkeep
|turn|10
|
|t:|1743851847
|move|p1a: Ninetales|Aurora Veil|p1a: Ninetales
|-sidestart|p1: Diarreia Mortal|move: Aurora Veil
|move|p2a: Slowbro|Sludge Bomb|p1a: Ninetales
|-supereffective|p1a: Ninetales
|-damage|p1a: Ninetales|4/100
|-status|p1a: Ninetales|psn
|
|-weather|Snowscape|[upkeep]
|-damage|p1a: Ninetales|0 fnt|[from] psn
|faint|p1a: Ninetales
|upkeep
|
|t:|1743851858
|switch|p1a: Ditto|Ditto|100/100
|-transform|p1a: Ditto|p2a: Slowbro|[from] ability: Imposter
|turn|11
|-activate|p2a: Slowbro|item: Quick Claw
|
|t:|1743851866
|move|p2a: Slowbro|Nasty Plot|p2a: Slowbro
|-boost|p2a: Slowbro|spa|2
|move|p1a: Ditto|Psyshock|p2a: Slowbro
|-damage|p2a: Slowbro|49/100
|
|-weather|Snowscape|[upkeep]
|-sideend|p2: Galladekisser|move: Aurora Veil
|upkeep
|turn|12
|
|t:|1743851879
|move|p1a: Ditto|Psyshock|p2a: Slowbro
|-crit|p2a: Slowbro
|-damage|p2a: Slowbro|0 fnt
|faint|p2a: Slowbro
|
|-weather|Snowscape|[upkeep]
|upkeep
|
|t:|1743851886
|switch|p2a: Ninetales|Ninetales-Alola, F|66/100 par
|turn|13
|
|t:|1743851891
|cant|p2a: Ninetales|par
|move|p1a: Ditto|Psyshock|p2a: Ninetales
|-crit|p2a: Ninetales
|-damage|p2a: Ninetales|0 fnt
|faint|p2a: Ninetales
|
|-weather|none
|upkeep
|
|t:|1743851908
|switch|p2a: Hydrapple|Hydrapple, M|100/100
|turn|14
|-activate|p2a: Hydrapple|item: Quick Claw
|
|t:|1743851918
|move|p2a: Hydrapple|Earth Power|p1a: Ditto
|-supereffective|p1a: Ditto
|-damage|p1a: Ditto|55/100
|-unboost|p1a: Ditto|spd|1
|move|p1a: Ditto|Psyshock|p2a: Hydrapple
|-damage|p2a: Hydrapple|41/100
|
|upkeep
|turn|15
|-activate|p1a: Ditto|ability: Quick Draw
|
|t:|1743851930
|switch|p2a: Iron Hands|Iron Hands|100/100
|move|p1a: Ditto|Psyshock|p2a: Iron Hands
|-supereffective|p2a: Iron Hands
|-damage|p2a: Iron Hands|0 fnt
|faint|p2a: Iron Hands
|-end|p2a: Iron Hands|Quark Drive|[silent]
|
|upkeep
|
|t:|1743851940
|switch|p2a: Hydrapple|Hydrapple, M|74/100
|turn|16
|
|t:|1743851945
|switch|p1a: Toucannon|Toucannon, F|100/100
|move|p2a: Hydrapple|Earth Power|p1a: Toucannon
|-immune|p1a: Toucannon
|
|upkeep
|turn|17
|
|t:|1743851957
|switch|p2a: Garganacl|Garganacl, F|76/100
|-singleturn|p1a: Toucannon|move: Beak Blast
|move|p1a: Toucannon|Beak Blast|p2a: Garganacl
|-resisted|p2a: Garganacl
|-damage|p2a: Garganacl|48/100
|
|-sideend|p1: Diarreia Mortal|move: Aurora Veil
|upkeep
|turn|18
|-activate|p2a: Garganacl|item: Quick Claw
|
|t:|1743851967
|switch|p1a: Ditto|Ditto|55/100
|-transform|p1a: Ditto|p2a: Garganacl|[from] ability: Imposter
|move|p2a: Garganacl|Recover|p2a: Garganacl
|-heal|p2a: Garganacl|98/100
|
|upkeep
|turn|19
|
|t:|1743851976
|move|p1a: Ditto|Salt Cure|p2a: Garganacl
|-damage|p2a: Garganacl|89/100
|-start|p2a: Garganacl|Salt Cure
|move|p2a: Garganacl|Salt Cure|p1a: Ditto
|-damage|p1a: Ditto|44/100
|-start|p1a: Ditto|Salt Cure
|
|-damage|p1a: Ditto|31/100|[from] Salt Cure
|-damage|p2a: Garganacl|77/100|[from] Salt Cure
|upkeep
|turn|20
|
|t:|1743851987
|switch|p1a: Mew|Mew|100/100
|switch|p2a: Hydrapple|Hydrapple, M|100/100
|
|upkeep
|turn|21
|
|t:|1743851996
|move|p1a: Mew|Dragon Dance|p1a: Mew
|-boost|p1a: Mew|atk|1
|-boost|p1a: Mew|spe|1
|move|p2a: Hydrapple|Fickle Beam|p1a: Mew
|-damage|p1a: Mew|57/100
|
|upkeep
|turn|22
|-activate|p2a: Hydrapple|item: Quick Claw
|
|t:|1743852010
|-terastallize|p1a: Mew|Fighting
|move|p2a: Hydrapple|Fickle Beam|p1a: Mew|[anim] Fickle Beam All Out
|-activate|p2a: Hydrapple|move: Fickle Beam
|-damage|p1a: Mew|0 fnt
|faint|p1a: Mew
|
|upkeep
|
|t:|1743852020
|switch|p1a: Ditto|Ditto|31/100
|-transform|p1a: Ditto|p2a: Hydrapple|[from] ability: Imposter
|turn|23
|
|t:|1743852031
|-terastallize|p2a: Hydrapple|Poison
|move|p1a: Ditto|Fickle Beam|p2a: Hydrapple|[anim] Fickle Beam All Out
|-activate|p1a: Ditto|move: Fickle Beam
|-damage|p2a: Hydrapple|19/100
|move|p2a: Hydrapple|Fickle Beam|p1a: Ditto
|-supereffective|p1a: Ditto
|-damage|p1a: Ditto|0 fnt
|faint|p1a: Ditto
|
|upkeep
|
|t:|1743852037
|switch|p1a: Toucannon|Toucannon, F|100/100
|turn|24
|
|t:|1743852044
|move|p1a: Toucannon|Brick Break|p2a: Hydrapple
|-resisted|p2a: Hydrapple
|-damage|p2a: Hydrapple|4/100
|move|p2a: Hydrapple|Fickle Beam|p1a: Toucannon
|-damage|p1a: Toucannon|53/100
|
|upkeep
|turn|25
|
|t:|1743852050
|move|p1a: Toucannon|Brick Break|p2a: Hydrapple
|-resisted|p2a: Hydrapple
|-damage|p2a: Hydrapple|0 fnt
|faint|p2a: Hydrapple
|
|upkeep
|
|t:|1743852055
|switch|p2a: Garganacl|Garganacl, F|77/100
|turn|26
|-activate|p2a: Garganacl|item: Quick Claw
|
|t:|1743852059
|move|p2a: Garganacl|Salt Cure|p1a: Toucannon
|-supereffective|p1a: Toucannon
|-damage|p1a: Toucannon|22/100
|-start|p1a: Toucannon|Salt Cure
|move|p1a: Toucannon|Brick Break|p2a: Garganacl
|-supereffective|p2a: Garganacl
|-damage|p2a: Garganacl|27/100
|
|-damage|p1a: Toucannon|10/100|[from] Salt Cure
|upkeep
|turn|27
|-activate|p2a: Garganacl|item: Quick Claw
|
|t:|1743852069
|move|p2a: Garganacl|Recover|p2a: Garganacl
|-heal|p2a: Garganacl|77/100
|move|p1a: Toucannon|Brick Break|p2a: Garganacl
|-supereffective|p2a: Garganacl
|-damage|p2a: Garganacl|24/100
|
|-damage|p1a: Toucannon|0 fnt|[from] Salt Cure
|faint|p1a: Toucannon
|
|win|Galladekisser
|raw|Diarreia Mortal's rating: 1133 &rarr; <strong>1111</strong><br />(-22 for losing)
|raw|Galladekisser's rating: 1180 &rarr; <strong>1202</strong><br />(+22 for winning)
|l|☆Diarreia Mortal
|player|p1|
|l|☆Galladekisser
|player|p2|
