|j|☆gaasss
|j|☆Xenduuu
|t:|1743846887
|gametype|singles
|player|p1|gaasss|nate|1202
|player|p2|Xenduuu|cynthia-gen4|1218
|teamsize|p1|6
|teamsize|p2|6
|gen|9
|tier|[Gen 9] OU
|rated|
|rule|HP Percentage Mod: HP is shown in percentages
|rule|Endless Battle Clause: Forcing endless battles is banned
|rule|Species Clause: Limit one of each Pokémon
|rule|OHKO Clause: OHKO moves are banned
|rule|Evasion Items Clause: Evasion items are banned
|rule|Evasion Moves Clause: Evasion moves are banned
|rule|Sleep Moves Clause: Sleep-inducing moves are banned
|clearpoke
|poke|p1|Landorus-Therian, M|
|poke|p1|Dragonite, F|
|poke|p1|Dondozo, F|
|poke|p1|Ninetales-Alola, F|
|poke|p1|Iron Moth|
|poke|p1|Kingambit, F|
|poke|p2|Alomomola, F|
|poke|p2|Florges-White, F|
|poke|p2|Araquanid, F|
|poke|p2|Ogerpon-Wellspring, F|
|poke|p2|Thundurus-Therian, M|
|poke|p2|Iron Valiant|
|teampreview
|inactive|Battle timer is ON: inactive players will automatically lose when time's up. (requested by Xenduuu)
|
|t:|1743846894
|start
|switch|p1a: Ninetales|Ninetales-Alola, F|100/100
|switch|p2a: Araquanid|Araquanid, F, shiny|100/100
|-weather|Snowscape|[from] ability: Snow Warning|[of] p1a: Ninetales
|turn|1
|
|t:|1743846900
|move|p1a: Ninetales|Aurora Veil|p1a: Ninetales
|-sidestart|p1: gaasss|move: Aurora Veil
|move|p2a: Araquanid|Sticky Web|p1a: Ninetales
|-sidestart|p1: gaasss|move: Sticky Web
|
|-weather|Snowscape|[upkeep]
|upkeep
|turn|2
|
|t:|1743846911
|switch|p1a: Kingambit|Kingambit, F|100/100
|move|p2a: Araquanid|Surf|p1a: Kingambit
|-damage|p1a: Kingambit|83/100
|
|-weather|Snowscape|[upkeep]
|upkeep
|turn|3
|
|t:|1743846917
|move|p1a: Kingambit|Swords Dance|p1a: Kingambit
|-boost|p1a: Kingambit|atk|2
|move|p2a: Araquanid|Surf|p1a: Kingambit
|-damage|p1a: Kingambit|66/100
|
|-weather|Snowscape|[upkeep]
|upkeep
|turn|4
|
|t:|1743846923
|move|p1a: Kingambit|Swords Dance|p1a: Kingambit
|-boost|p1a: Kingambit|atk|2
|move|p2a: Araquanid|Surf|p1a: Kingambit
|-damage|p1a: Kingambit|50/100
|
|-weather|Snowscape|[upkeep]
|upkeep
|turn|5
|
|t:|1743846931
|move|p1a: Kingambit|Iron Defense|p1a: Kingambit
|-boost|p1a: Kingambit|def|2
|move|p2a: Araquanid|Surf|p1a: Kingambit
|-damage|p1a: Kingambit|32/100
|
|-weather|none
|upkeep
|turn|6
|
|t:|1743846943
|move|p1a: Kingambit|Sucker Punch|p2a: Araquanid
|-damage|p2a: Araquanid|0 fnt
|faint|p2a: Araquanid
|
|upkeep
|
|t:|1743846948
|switch|p2a: Finna|Alomomola, F|100/100
|turn|7
|
|t:|1743846952
|move|p1a: Kingambit|Sucker Punch||[still]
|-fail|p1a: Kingambit
|move|p2a: Finna|Tickle|p1a: Kingambit
|-unboost|p1a: Kingambit|atk|1
|-ability|p1a: Kingambit|Defiant|boost
|-boost|p1a: Kingambit|atk|2
|-unboost|p1a: Kingambit|def|1
|-ability|p1a: Kingambit|Defiant|boost
|-boost|p1a: Kingambit|atk|1
|
|upkeep
|turn|8
|
|t:|1743846961
|move|p1a: Kingambit|Sucker Punch|p2a: Finna
|-damage|p2a: Finna|3/100
|move|p2a: Finna|Flip Turn|p1a: Kingambit
|-damage|p1a: Kingambit|28/100
|
|t:|1743846964
|switch|p2a: Iron Valiant|Iron Valiant|100/100|[from] Flip Turn
|-enditem|p2a: Iron Valiant|Booster Energy
|-activate|p2a: Iron Valiant|ability: Quark Drive|[fromitem]
|-start|p2a: Iron Valiant|quarkdrivespe
|
|-sideend|p1: gaasss|move: Aurora Veil
|upkeep
|turn|9
|
|t:|1743846972
|move|p1a: Kingambit|Sucker Punch|p2a: Iron Valiant
|-resisted|p2a: Iron Valiant
|-damage|p2a: Iron Valiant|44/100
|move|p2a: Iron Valiant|Moonblast|p1a: Kingambit
|-damage|p1a: Kingambit|0 fnt
|faint|p1a: Kingambit
|
|upkeep
|
|t:|1743846986
|switch|p1a: Iron Moth|Iron Moth|100/100
|turn|10
|
|t:|1743846994
|move|p2a: Iron Valiant|Shadow Ball|p1a: Iron Moth
|-damage|p1a: Iron Moth|74/100
|move|p1a: Iron Moth|Fiery Dance|p2a: Iron Valiant
|-damage|p2a: Iron Valiant|0 fnt
|-boost|p1a: Iron Moth|spa|1
|faint|p2a: Iron Valiant
|-end|p2a: Iron Valiant|Quark Drive|[silent]
|
|upkeep
|
|t:|1743846998
|switch|p2a: MASKED SINGER|Ogerpon-Wellspring, F|100/100
|turn|11
|
|t:|1743847007
|-terastallize|p2a: MASKED SINGER|Water
|detailschange|p2a: MASKED SINGER|Ogerpon-Wellspring-Tera, F, tera:Water
|-ability|p2a: MASKED SINGER|Embody Aspect (Wellspring)|boost
|-boost|p2a: MASKED SINGER|spd|1
|move|p2a: MASKED SINGER|Ivy Cudgel|p1a: Iron Moth|[anim] Ivy Cudgel Water
|-supereffective|p1a: Iron Moth
|-damage|p1a: Iron Moth|0 fnt
|faint|p1a: Iron Moth
|-end|p1a: Iron Moth|Quark Drive|[silent]
|
|upkeep
|
|t:|1743847023
|switch|p1a: Dragonite|Dragonite, F|100/100
|turn|12
|
|t:|1743847029
|switch|p1a: Ninetales|Ninetales-Alola, F|100/100
|-activate|p1a: Ninetales|move: Sticky Web
|-unboost|p1a: Ninetales|spe|1
|-weather|Snowscape|[from] ability: Snow Warning|[of] p1a: Ninetales
|move|p2a: MASKED SINGER|U-turn|p1a: Ninetales
|-resisted|p1a: Ninetales
|-damage|p1a: Ninetales|88/100
|
|t:|1743847035
|switch|p2a: Florges|Florges-White, F, shiny|100/100|[from] U-turn
|
|-weather|Snowscape|[upkeep]
|upkeep
|turn|13
|
|t:|1743847040
|move|p1a: Ninetales|Aurora Veil|p1a: Ninetales
|-sidestart|p1: gaasss|move: Aurora Veil
|move|p2a: Florges|Psychic Noise|p1a: Ninetales
|-crit|p1a: Ninetales
|-damage|p1a: Ninetales|40/100
|-start|p1a: Ninetales|move: Heal Block
|
|-weather|Snowscape|[upkeep]
|upkeep
|turn|14
|
|t:|1743847048
|move|p1a: Ninetales|Ice Beam|p2a: Florges
|-crit|p2a: Florges
|-damage|p2a: Florges|76/100
|move|p2a: Florges|Psychic Noise|p1a: Ninetales
|-damage|p1a: Ninetales|26/100
|
|-weather|Snowscape|[upkeep]
|-end|p1a: Ninetales|move: Heal Block
|upkeep
|turn|15
|
|t:|1743847058
|move|p1a: Ninetales|Ice Beam|p2a: Florges
|-damage|p2a: Florges|61/100
|move|p2a: Florges|Moonblast|p1a: Ninetales
|-damage|p1a: Ninetales|0 fnt
|faint|p1a: Ninetales
|
|-weather|Snowscape|[upkeep]
|upkeep
|
|t:|1743847068
|switch|p1a: Dragonite|Dragonite, F|100/100
|turn|16
|
|t:|1743847072
|-terastallize|p1a: Dragonite|Normal
|move|p1a: Dragonite|Dragon Dance|p1a: Dragonite
|-boost|p1a: Dragonite|atk|1
|-boost|p1a: Dragonite|spe|1
|move|p2a: Florges|Draining Kiss|p1a: Dragonite
|-damage|p1a: Dragonite|86/100
|-heal|p2a: Florges|71/100|[from] drain|[of] p1a: Dragonite
|
|-weather|none
|upkeep
|turn|17
|
|t:|1743847080
|move|p1a: Dragonite|Dragon Dance|p1a: Dragonite
|-boost|p1a: Dragonite|atk|1
|-boost|p1a: Dragonite|spe|1
|move|p2a: Florges|Moonblast|p1a: Dragonite
|-damage|p1a: Dragonite|60/100
|-unboost|p1a: Dragonite|spa|1
|
|upkeep
|turn|18
|-message|Xenduuu forfeited.
|
|win|gaasss
|raw|gaasss's rating: 1202 &rarr; <strong>1228</strong><br />(+26 for winning)
|raw|Xenduuu's rating: 1218 &rarr; <strong>1192</strong><br />(-26 for losing)
|l|☆Xenduuu
|player|p2|
|l|☆gaasss
|player|p1|
