|j|☆1Ekans
|j|☆RyanBSS
|t:|1743815059
|gametype|singles
|player|p1|1Ekans|unknown|1242
|player|p2|RyanBSS|az|1249
|teamsize|p1|6
|teamsize|p2|6
|gen|9
|tier|[Gen 9] OU
|rated|
|rule|HP Percentage Mod: HP is shown in percentages
|rule|Endless Battle Clause: Forcing endless battles is banned
|rule|Species Clause: Limit one of each Pokémon
|rule|OHKO Clause: OHKO moves are banned
|rule|Evasion Items Clause: Evasion items are banned
|rule|Evasion Moves Clause: Evasion moves are banned
|rule|Sleep Moves Clause: Sleep-inducing moves are banned
|clearpoke
|poke|p1|Walking Wake|
|poke|p1|Meowscarada, M|
|poke|p1|Landorus-Therian, M|
|poke|p1|Hitmonlee, M|
|poke|p1|Slowking-Galar, M|
|poke|p1|Cinderace, F|
|poke|p2|Zamazenta-*|
|poke|p2|Kingambit, F|
|poke|p2|Samurott-Hisui, F|
|poke|p2|Landorus-Therian, M|
|poke|p2|Iron Valiant|
|poke|p2|Iron Moth|
|teampreview
|inactive|Battle timer is ON: inactive players will automatically lose when time's up. (requested by RyanBSS)
|inactive|1Ekans also wants the timer to be on.
|
|t:|1743815062
|start
|switch|p1a: Meowscarada|Meowscarada, M, shiny|100/100
|switch|p2a: Samurott|Samurott-Hisui, F|100/100
|turn|1
|
|t:|1743815068
|move|p1a: Meowscarada|U-turn|p2a: Samurott
|-start|p1a: Meowscarada|typechange|Bug|[from] ability: Protean
|-supereffective|p2a: Samurott
|-damage|p2a: Samurott|22/100
|
|t:|1743815077
|switch|p1a: Landorus|Landorus-Therian, M|100/100|[from] U-turn
|-ability|p1a: Landorus|Intimidate|boost
|-unboost|p2a: Samurott|atk|1
|move|p2a: Samurott|Ceaseless Edge|p1a: Landorus
|-damage|p1a: Landorus|78/100
|-damage|p2a: Samurott|5/100|[from] item: Rocky Helmet|[of] p1a: Landorus
|-sidestart|p1: 1Ekans|Spikes
|
|upkeep
|turn|2
|
|t:|1743815084
|move|p2a: Samurott|Razor Shell|p1a: Landorus
|-supereffective|p1a: Landorus
|-damage|p1a: Landorus|24/100
|-damage|p2a: Samurott|0 fnt|[from] item: Rocky Helmet|[of] p1a: Landorus
|faint|p2a: Samurott
|move|p1a: Landorus|Stealth Rock|p2: Samurott
|-sidestart|p2: RyanBSS|move: Stealth Rock
|
|upkeep
|
|t:|1743815093
|switch|p2a: Landorus|Landorus-Therian, M|100/100
|-damage|p2a: Landorus|88/100|[from] Stealth Rock
|-ability|p2a: Landorus|Intimidate|boost
|-unboost|p1a: Landorus|atk|1
|turn|3
|
|t:|1743815099
|move|p2a: Landorus|Stealth Rock|p1a: Landorus
|-sidestart|p1: 1Ekans|move: Stealth Rock
|move|p1a: Landorus|U-turn|p2a: Landorus
|-resisted|p2a: Landorus
|-damage|p2a: Landorus|82/100
|-damage|p1a: Landorus|8/100|[from] item: Rocky Helmet|[of] p2a: Landorus
|
|t:|1743815104
|switch|p1a: Walking Wake|Walking Wake|100/100|[from] U-turn
|-damage|p1a: Walking Wake|88/100|[from] Spikes
|-damage|p1a: Walking Wake|76/100|[from] Stealth Rock
|
|upkeep
|turn|4
|
|t:|1743815111
|move|p1a: Walking Wake|Hydro Pump|p2a: Landorus|[miss]
|-miss|p1a: Walking Wake|p2a: Landorus
|move|p2a: Landorus|Earthquake|p1a: Walking Wake
|-damage|p1a: Walking Wake|26/100
|
|upkeep
|turn|5
|
|t:|1743815129
|move|p1a: Walking Wake|Hydro Pump|p2a: Landorus
|-supereffective|p2a: Landorus
|-damage|p2a: Landorus|0 fnt
|faint|p2a: Landorus
|
|upkeep
|
|t:|1743815131
|switch|p2a: Iron Valiant|Iron Valiant|100/100
|-damage|p2a: Iron Valiant|94/100|[from] Stealth Rock
|-enditem|p2a: Iron Valiant|Booster Energy
|-activate|p2a: Iron Valiant|ability: Quark Drive|[fromitem]
|-start|p2a: Iron Valiant|quarkdrivespe
|turn|6
|
|t:|1743815135
|-end|p1a: Walking Wake|Protosynthesis|[silent]
|switch|p1a: Slowking|Slowking-Galar, M|100/100
|move|p2a: Iron Valiant|Moonblast|p1a: Slowking
|-resisted|p1a: Slowking
|-damage|p1a: Slowking|86/100
|
|upkeep
|turn|7
|
|t:|1743815141
|move|p2a: Iron Valiant|Calm Mind|p2a: Iron Valiant
|-boost|p2a: Iron Valiant|spa|1
|-boost|p2a: Iron Valiant|spd|1
|move|p1a: Slowking|Thunder Wave|p2a: Iron Valiant|[miss]
|-miss|p1a: Slowking|p2a: Iron Valiant
|
|upkeep
|turn|8
|
|t:|1743815147
|-terastallize|p2a: Iron Valiant|Electric
|move|p2a: Iron Valiant|Calm Mind|p2a: Iron Valiant
|-boost|p2a: Iron Valiant|spa|1
|-boost|p2a: Iron Valiant|spd|1
|move|p1a: Slowking|Thunder Wave|p2a: Iron Valiant
|-immune|p2a: Iron Valiant
|
|upkeep
|turn|9
|
|t:|1743815154
|move|p2a: Iron Valiant|Calm Mind|p2a: Iron Valiant
|-boost|p2a: Iron Valiant|spa|1
|-boost|p2a: Iron Valiant|spd|1
|move|p1a: Slowking|Future Sight|p2a: Iron Valiant
|-start|p1a: Slowking|move: Future Sight
|
|upkeep
|turn|10
|
|t:|1743815159
|move|p2a: Iron Valiant|Psyshock|p1a: Slowking
|-damage|p1a: Slowking|14/100
|move|p1a: Slowking|Sludge Bomb|p2a: Iron Valiant
|-damage|p2a: Iron Valiant|70/100
|-status|p2a: Iron Valiant|psn
|
|-damage|p2a: Iron Valiant|58/100 psn|[from] psn
|upkeep
|turn|11
|
|t:|1743815168
|switch|p1a: Landorus|Landorus-Therian, M|8/100
|-damage|p1a: Landorus|0 fnt|[from] Stealth Rock
|faint|p1a: Landorus
|move|p2a: Iron Valiant|Psyshock|p1: Landorus|[notarget]
|-fail|p2a: Iron Valiant
|
|-end|p2a: Iron Valiant|move: Future Sight
|-damage|p2a: Iron Valiant|28/100 psn
|-damage|p2a: Iron Valiant|15/100 psn|[from] psn
|upkeep
|
|t:|1743815178
|switch|p1a: Meowscarada|Meowscarada, M, shiny|100/100
|-damage|p1a: Meowscarada|88/100|[from] Spikes
|-damage|p1a: Meowscarada|76/100|[from] Stealth Rock
|turn|12
|
|t:|1743815184
|move|p1a: Meowscarada|U-turn|p2a: Iron Valiant
|-start|p1a: Meowscarada|typechange|Bug|[from] ability: Protean
|-damage|p2a: Iron Valiant|0 fnt
|faint|p2a: Iron Valiant
|-end|p2a: Iron Valiant|Quark Drive|[silent]
|
|t:|1743815190
|switch|p1a: Cinderace|Cinderace, F|100/100|[from] U-turn
|
|upkeep
|
|t:|1743815199
|switch|p2a: Zamazenta|Zamazenta|100/100
|-damage|p2a: Zamazenta|94/100|[from] Stealth Rock
|-ability|p2a: Zamazenta|Dauntless Shield|boost
|-boost|p2a: Zamazenta|def|1
|turn|13
|
|t:|1743815202
|move|p2a: Zamazenta|Iron Defense|p2a: Zamazenta
|-boost|p2a: Zamazenta|def|2
|move|p1a: Cinderace|Will-O-Wisp|p2a: Zamazenta|[miss]
|-miss|p1a: Cinderace|p2a: Zamazenta
|
|-heal|p2a: Zamazenta|100/100|[from] item: Leftovers
|upkeep
|turn|14
|
|t:|1743815207
|move|p2a: Zamazenta|Body Press|p1a: Cinderace
|-damage|p1a: Cinderace|0 fnt
|faint|p1a: Cinderace
|
|upkeep
|c|☆1Ekans|3 misses in a row
|
|t:|1743815223
|switch|p1a: Slowking|Slowking-Galar, M|47/100
|turn|15
|
|t:|1743815228
|move|p2a: Zamazenta|Crunch|p1a: Slowking
|-supereffective|p1a: Slowking
|-damage|p1a: Slowking|3/100
|move|p1a: Slowking|Thunder Wave|p2a: Zamazenta
|-status|p2a: Zamazenta|par
|
|upkeep
|turn|16
|
|t:|1743815234
|move|p2a: Zamazenta|Body Press|p1a: Slowking
|-resisted|p1a: Slowking
|-damage|p1a: Slowking|0 fnt
|faint|p1a: Slowking
|
|upkeep
|
|t:|1743815238
|switch|p1a: Walking Wake|Walking Wake|26/100
|-damage|p1a: Walking Wake|14/100|[from] Spikes
|-damage|p1a: Walking Wake|1/100|[from] Stealth Rock
|turn|17
|
|t:|1743815243
|move|p1a: Walking Wake|Draco Meteor|p2a: Zamazenta
|-damage|p2a: Zamazenta|29/100 par
|-unboost|p1a: Walking Wake|spa|2
|cant|p2a: Zamazenta|par
|
|-heal|p2a: Zamazenta|36/100 par|[from] item: Leftovers
|upkeep
|turn|18
|
|t:|1743815247
|move|p1a: Walking Wake|Draco Meteor|p2a: Zamazenta
|-damage|p2a: Zamazenta|0 fnt
|-unboost|p1a: Walking Wake|spa|2
|faint|p2a: Zamazenta
|
|upkeep
|
|t:|1743815265
|switch|p2a: Kingambit|Kingambit, F|100/100
|-damage|p2a: Kingambit|94/100|[from] Stealth Rock
|-activate|p2a: Kingambit|ability: Supreme Overlord
|-start|p2a: Kingambit|fallen4|[silent]
|turn|19
|
|t:|1743815267
|-end|p1a: Walking Wake|Protosynthesis|[silent]
|switch|p1a: Leeman|Hitmonlee, M|100/100
|-damage|p1a: Leeman|88/100|[from] Spikes
|-damage|p1a: Leeman|82/100|[from] Stealth Rock
|move|p2a: Kingambit|Swords Dance|p2a: Kingambit
|-boost|p2a: Kingambit|atk|2
|
|-heal|p2a: Kingambit|100/100|[from] item: Leftovers
|upkeep
|turn|20
|
|t:|1743815273
|-terastallize|p1a: Leeman|Fighting
|move|p1a: Leeman|Mach Punch|p2a: Kingambit
|-supereffective|p2a: Kingambit
|-damage|p2a: Kingambit|0 fnt
|faint|p2a: Kingambit
|-end|p2a: Kingambit|fallen4|[silent]
|
|upkeep
|
|t:|1743815277
|switch|p2a: Iron Moth|Iron Moth|100/100
|-damage|p2a: Iron Moth|76/100|[from] Stealth Rock
|-enditem|p2a: Iron Moth|Booster Energy
|-activate|p2a: Iron Moth|ability: Quark Drive|[fromitem]
|-start|p2a: Iron Moth|quarkdrivespe
|turn|21
|
|t:|1743815283
|switch|p1a: Walking Wake|Walking Wake|1/100
|-damage|p1a: Walking Wake|0 fnt|[from] Spikes
|faint|p1a: Walking Wake
|-end|p1a: Walking Wake|Protosynthesis|[silent]
|move|p2a: Iron Moth|Psychic|p1: Walking Wake|[notarget]
|-fail|p2a: Iron Moth
|
|upkeep
|
|t:|1743815285
|switch|p1a: Meowscarada|Meowscarada, M, shiny|76/100
|-damage|p1a: Meowscarada|64/100|[from] Spikes
|-damage|p1a: Meowscarada|51/100|[from] Stealth Rock
|turn|22
|
|t:|1743815290
|move|p1a: Meowscarada|Knock Off|p2a: Iron Moth
|-start|p1a: Meowscarada|typechange|Dark|[from] ability: Protean
|-damage|p2a: Iron Moth|30/100
|move|p2a: Iron Moth|Fiery Dance|p1a: Meowscarada
|-damage|p1a: Meowscarada|0 fnt
|-boost|p2a: Iron Moth|spa|1
|faint|p1a: Meowscarada
|
|upkeep
|
|t:|1743815295
|switch|p1a: Leeman|Hitmonlee, M, tera:Fighting|82/100
|-damage|p1a: Leeman|69/100|[from] Spikes
|-damage|p1a: Leeman|63/100|[from] Stealth Rock
|turn|23
|
|t:|1743815299
|move|p1a: Leeman|Mach Punch|p2a: Iron Moth
|-resisted|p2a: Iron Moth
|-damage|p2a: Iron Moth|0 fnt
|faint|p2a: Iron Moth
|-end|p2a: Iron Moth|Quark Drive|[silent]
|
|win|1Ekans
|raw|1Ekans's rating: 1242 &rarr; <strong>1268</strong><br />(+26 for winning)
|raw|RyanBSS's rating: 1249 &rarr; <strong>1223</strong><br />(-26 for losing)
