|j|☆upsilonpsi
|j|☆goobler34
|t:|1743875982
|gametype|singles
|player|p1|upsilonpsi|hoopster|1298
|player|p2|goobler34|petrel|1307
|teamsize|p1|6
|teamsize|p2|6
|gen|9
|tier|[Gen 9] OU
|rated|
|rule|HP Percentage Mod: HP is shown in percentages
|rule|Endless Battle Clause: Forcing endless battles is banned
|rule|Species Clause: Limit one of each Pokémon
|rule|OHKO Clause: OHKO moves are banned
|rule|Evasion Items Clause: Evasion items are banned
|rule|Evasion Moves Clause: Evasion moves are banned
|rule|Sleep Moves Clause: Sleep-inducing moves are banned
|clearpoke
|poke|p1|Turtwig, M|
|poke|p1|Gholdengo|
|poke|p1|Landorus-Therian, M|
|poke|p1|Dragapult, M|
|poke|p1|Corviknight, M|
|poke|p1|Kyurem|
|poke|p2|Cinderace, M|
|poke|p2|Araquanid, F|
|poke|p2|Malamar, F|
|poke|p2|Sinistcha|
|poke|p2|Bisharp, M|
|poke|p2|Klefki, F|
|teampreview
|inactive|Battle timer is ON: inactive players will automatically lose when time's up. (requested by upsilonpsi)
|c|☆goobler34|not turt
|
|t:|1743875995
|start
|switch|p1a: Turtwig|Turtwig, M|100/100
|switch|p2a: Araquanid|Araquanid, F|100/100
|turn|1
|
|t:|1743876008
|move|p1a: Turtwig|Stealth Rock|p2a: Araquanid
|-sidestart|p2: goobler34|move: Stealth Rock
|move|p2a: Araquanid|Sticky Web|p1a: Turtwig
|-sidestart|p1: upsilonpsi|move: Sticky Web
|
|upkeep
|turn|2
|
|t:|1743876016
|switch|p1a: Corviknight|Corviknight, M|100/100
|-ability|p1a: Corviknight|Pressure
|switch|p2a: Cinderace|Cinderace, M|100/100
|
|upkeep
|turn|3
|
|t:|1743876023
|switch|p1a: Landorus|Landorus-Therian, M|100/100
|-ability|p1a: Landorus|Intimidate|boost
|-unboost|p2a: Cinderace|atk|1
|move|p2a: Cinderace|Pyro Ball|p1a: Landorus
|-damage|p1a: Landorus|58/100
|
|upkeep
|turn|4
|
|t:|1743876039
|move|p2a: Cinderace|Court Change|p2a: Cinderace
|-start|p2a: Cinderace|typechange|Normal|[from] ability: Libero
|-swapsideconditions
|-activate|p2a: Cinderace|move: Court Change
|move|p1a: Landorus|U-turn|p2a: Cinderace
|-damage|p2a: Cinderace|43/100
|
|t:|1743876045
|switch|p1a: Corviknight|Corviknight, M|100/100|[from] U-turn
|-damage|p1a: Corviknight|88/100|[from] Stealth Rock
|-ability|p1a: Corviknight|Pressure
|
|upkeep
|turn|5
|
|t:|1743876062
|switch|p2a: Klefki|Klefki, F|100/100
|-activate|p2a: Klefki|move: Sticky Web
|-unboost|p2a: Klefki|spe|1
|switch|p1a: Landorus|Landorus-Therian, M|58/100
|-damage|p1a: Landorus|46/100|[from] Stealth Rock
|-ability|p1a: Landorus|Intimidate|boost
|-unboost|p2a: Klefki|atk|1
|
|upkeep
|turn|6
|
|t:|1743876067
|move|p2a: Klefki|Switcheroo|p1a: Landorus
|-activate|p2a: Klefki|move: Trick|[of] p1a: Landorus
|-item|p1a: Landorus|Lagging Tail|[from] move: Switcheroo
|-item|p2a: Klefki|Choice Band|[from] move: Switcheroo
|move|p1a: Landorus|Earthquake|p2a: Klefki
|-supereffective|p2a: Klefki
|-damage|p2a: Klefki|6/100
|
|upkeep
|turn|7
|
|t:|1743876074
|move|p2a: Klefki|Spikes|p1a: Landorus
|-sidestart|p1: upsilonpsi|Spikes
|move|p1a: Landorus|U-turn|p2a: Klefki
|-resisted|p2a: Klefki
|-damage|p2a: Klefki|0 fnt
|faint|p2a: Klefki
|
|t:|1743876078
|switch|p1a: Corviknight|Corviknight, M|88/100|[from] U-turn
|-damage|p1a: Corviknight|76/100|[from] Stealth Rock
|-ability|p1a: Corviknight|Pressure
|
|upkeep
|
|t:|1743876088
|switch|p2a: Cinderace|Cinderace, M|43/100
|turn|8
|
|t:|1743876094
|-terastallize|p1a: Corviknight|Water
|move|p2a: Cinderace|Pyro Ball|p1a: Corviknight
|-resisted|p1a: Corviknight
|-damage|p1a: Corviknight|58/100
|move|p1a: Corviknight|Defog|p2a: Cinderace
|-unboost|p2a: Cinderace|evasion|1
|-sideend|p2: goobler34|Sticky Web|[from] move: Defog|[of] p1a: Corviknight
|-sideend|p1: upsilonpsi|Spikes|[from] move: Defog|[of] p1a: Corviknight
|-sideend|p1: upsilonpsi|Stealth Rock|[from] move: Defog|[of] p1a: Corviknight
|
|upkeep
|turn|9
|
|t:|1743876100
|move|p2a: Cinderace|U-turn|p1a: Corviknight
|-start|p2a: Cinderace|typechange|Bug|[from] ability: Libero
|-damage|p1a: Corviknight|37/100
|-damage|p2a: Cinderace|27/100|[from] item: Rocky Helmet|[of] p1a: Corviknight
|
|t:|1743876103
|switch|p2a: Bisharp|Bisharp, M|100/100|[from] U-turn
|move|p1a: Corviknight|U-turn|p2a: Bisharp
|-damage|p2a: Bisharp|91/100
|
|t:|1743876108
|switch|p1a: Turtwig|Turtwig, M|100/100|[from] U-turn
|
|upkeep
|turn|10
|
|t:|1743876113
|move|p2a: Bisharp|Swords Dance|p2a: Bisharp
|-boost|p2a: Bisharp|atk|2
|move|p1a: Turtwig|Stealth Rock|p2a: Bisharp
|-sidestart|p2: goobler34|move: Stealth Rock
|
|upkeep
|turn|11
|
|t:|1743876122
|move|p2a: Bisharp|Iron Head|p1a: Turtwig
|-enditem|p1a: Turtwig|Focus Sash
|-damage|p1a: Turtwig|1/100
|cant|p1a: Turtwig|flinch
|
|upkeep
|turn|12
|
|t:|1743876129
|move|p2a: Bisharp|Throat Chop|p1a: Turtwig
|-damage|p1a: Turtwig|0 fnt
|faint|p1a: Turtwig
|
|upkeep
|
|t:|1743876141
|switch|p1a: Dragapult|Dragapult, M|100/100
|turn|13
|
|t:|1743876150
|move|p1a: Dragapult|Substitute|p1a: Dragapult
|-start|p1a: Dragapult|Substitute
|-damage|p1a: Dragapult|76/100
|move|p2a: Bisharp|Throat Chop|p1a: Dragapult
|-supereffective|p1a: Dragapult
|-end|p1a: Dragapult|Substitute
|
|-heal|p1a: Dragapult|82/100|[from] item: Leftovers
|upkeep
|turn|14
|
|t:|1743876161
|move|p1a: Dragapult|Thunder Wave|p2a: Bisharp
|-status|p2a: Bisharp|par
|cant|p2a: Bisharp|par
|
|-heal|p1a: Dragapult|88/100|[from] item: Leftovers
|upkeep
|turn|15
|
|t:|1743876164
|move|p1a: Dragapult|Substitute|p1a: Dragapult
|-start|p1a: Dragapult|Substitute
|-damage|p1a: Dragapult|63/100
|cant|p2a: Bisharp|par
|
|-heal|p1a: Dragapult|69/100|[from] item: Leftovers
|upkeep
|turn|16
|
|t:|1743876168
|move|p1a: Dragapult|Draco Meteor|p2a: Bisharp
|-resisted|p2a: Bisharp
|-damage|p2a: Bisharp|63/100 par
|-unboost|p1a: Dragapult|spa|2
|cant|p2a: Bisharp|par
|
|-heal|p1a: Dragapult|75/100|[from] item: Leftovers
|upkeep
|turn|17
|c|☆goobler34|they gotta rework para
|c|☆goobler34|so fking dumb they ban sleep but not this
|
|t:|1743876185
|move|p1a: Dragapult|Shadow Ball|p2a: Bisharp
|-resisted|p2a: Bisharp
|-crit|p2a: Bisharp
|-damage|p2a: Bisharp|38/100 par
|move|p2a: Bisharp|Throat Chop|p1a: Dragapult
|-supereffective|p1a: Dragapult
|-end|p1a: Dragapult|Substitute
|
|-heal|p1a: Dragapult|81/100|[from] item: Leftovers
|upkeep
|turn|18
|
|t:|1743876193
|move|p1a: Dragapult|Substitute|p1a: Dragapult
|-start|p1a: Dragapult|Substitute
|-damage|p1a: Dragapult|56/100
|move|p2a: Bisharp|Throat Chop|p1a: Dragapult
|-supereffective|p1a: Dragapult
|-end|p1a: Dragapult|Substitute
|
|-heal|p1a: Dragapult|62/100|[from] item: Leftovers
|upkeep
|turn|19
|
|t:|1743876196
|move|p1a: Dragapult|Substitute|p1a: Dragapult
|-start|p1a: Dragapult|Substitute
|-damage|p1a: Dragapult|37/100
|cant|p2a: Bisharp|par
|
|-heal|p1a: Dragapult|43/100|[from] item: Leftovers
|upkeep
|turn|20
|
|t:|1743876199
|move|p1a: Dragapult|Shadow Ball|p2a: Bisharp
|-resisted|p2a: Bisharp
|-damage|p2a: Bisharp|31/100 par
|move|p2a: Bisharp|Throat Chop|p1a: Dragapult
|-supereffective|p1a: Dragapult
|-end|p1a: Dragapult|Substitute
|
|-heal|p1a: Dragapult|49/100|[from] item: Leftovers
|upkeep
|turn|21
|c|☆goobler34|3 turns no moving, ive now faced more hacks than sleep max duration but guess what? its permanent!
|
|t:|1743876220
|move|p1a: Dragapult|Substitute|p1a: Dragapult
|-start|p1a: Dragapult|Substitute
|-damage|p1a: Dragapult|24/100
|move|p2a: Bisharp|Throat Chop|p1a: Dragapult
|-supereffective|p1a: Dragapult
|-end|p1a: Dragapult|Substitute
|
|-heal|p1a: Dragapult|30/100|[from] item: Leftovers
|upkeep
|turn|22
|
|t:|1743876224
|move|p1a: Dragapult|Substitute|p1a: Dragapult
|-start|p1a: Dragapult|Substitute
|-damage|p1a: Dragapult|5/100
|move|p2a: Bisharp|Throat Chop|p1a: Dragapult
|-supereffective|p1a: Dragapult
|-end|p1a: Dragapult|Substitute
|
|-heal|p1a: Dragapult|11/100|[from] item: Leftovers
|upkeep
|turn|23
|
|t:|1743876230
|move|p2a: Bisharp|Sucker Punch|p1a: Dragapult
|-supereffective|p1a: Dragapult
|-damage|p1a: Dragapult|0 fnt
|faint|p1a: Dragapult
|
|upkeep
|
|t:|1743876239
|switch|p1a: Gholdengo|Gholdengo|100/100
|-item|p1a: Gholdengo|Air Balloon
|turn|24
|
|t:|1743876255
|move|p1a: Gholdengo|Nasty Plot|p1a: Gholdengo
|-boost|p1a: Gholdengo|spa|2
|move|p2a: Bisharp|Throat Chop|p1a: Gholdengo
|-supereffective|p1a: Gholdengo
|-damage|p1a: Gholdengo|0 fnt
|-enditem|p1a: Gholdengo|Air Balloon
|faint|p1a: Gholdengo
|
|upkeep
|
|t:|1743876265
|switch|p1a: Kyurem|Kyurem|100/100
|-ability|p1a: Kyurem|Pressure
|turn|25
|
|t:|1743876269
|move|p1a: Kyurem|Earth Power|p2a: Bisharp
|-supereffective|p2a: Bisharp
|-damage|p2a: Bisharp|0 fnt
|faint|p2a: Bisharp
|
|upkeep
|
|t:|1743876273
|switch|p2a: Araquanid|Araquanid, F|100/100
|-damage|p2a: Araquanid|76/100|[from] Stealth Rock
|turn|26
|
|t:|1743876277
|move|p1a: Kyurem|Dragon Dance|p1a: Kyurem
|-boost|p1a: Kyurem|atk|1
|-boost|p1a: Kyurem|spe|1
|move|p2a: Araquanid|Sticky Web|p1a: Kyurem
|-sidestart|p1: upsilonpsi|move: Sticky Web
|
|upkeep
|turn|27
|
|t:|1743876283
|move|p1a: Kyurem|Dragon Dance|p1a: Kyurem
|-boost|p1a: Kyurem|atk|1
|-boost|p1a: Kyurem|spe|1
|move|p2a: Araquanid|Mirror Coat||[still]
|-fail|p2a: Araquanid
|
|upkeep
|turn|28
|
|t:|1743876288
|move|p1a: Kyurem|Scale Shot|p2a: Araquanid
|-damage|p2a: Araquanid|53/100
|-damage|p2a: Araquanid|27/100
|-damage|p2a: Araquanid|2/100
|-damage|p2a: Araquanid|0 fnt
|faint|p2a: Araquanid
|-hitcount|p2: Araquanid|4
|-unboost|p1a: Kyurem|def|1
|-boost|p1a: Kyurem|spe|1
|
|upkeep
|
|t:|1743876293
|switch|p2a: Sinistcha|Sinistcha|100/100
|-damage|p2a: Sinistcha|88/100|[from] Stealth Rock
|turn|29
|
|t:|1743876296
|move|p1a: Kyurem|Icicle Spear|p2a: Sinistcha
|-supereffective|p2a: Sinistcha
|-damage|p2a: Sinistcha|56/100
|-enditem|p2a: Sinistcha|Weakness Policy
|-boost|p2a: Sinistcha|atk|2|[from] item: Weakness Policy
|-boost|p2a: Sinistcha|spa|2|[from] item: Weakness Policy
|-supereffective|p2a: Sinistcha
|-damage|p2a: Sinistcha|21/100
|-supereffective|p2a: Sinistcha
|-damage|p2a: Sinistcha|0 fnt
|faint|p2a: Sinistcha
|-hitcount|p2: Sinistcha|3
|
|upkeep
|-message|goobler34 forfeited.
|
|win|upsilonpsi
|raw|upsilonpsi's rating: 1298 &rarr; <strong>1324</strong><br />(+26 for winning)
|raw|goobler34's rating: 1307 &rarr; <strong>1286</strong><br />(-21 for losing)
|l|☆goobler34
|player|p2|
|l|☆upsilonpsi
|player|p1|
