|j|☆wannabe3
|j|☆Anathema666
|t:|1743892483
|gametype|singles
|player|p1|wannabe3|crasherwake|1068
|player|p2|Anathema666|265|1084
|teamsize|p1|6
|teamsize|p2|6
|gen|9
|tier|[Gen 9] OU
|rated|
|rule|HP Percentage Mod: HP is shown in percentages
|rule|Endless Battle Clause: Forcing endless battles is banned
|rule|Species Clause: Limit one of each Pokémon
|rule|OHKO Clause: OHKO moves are banned
|rule|Evasion Items Clause: Evasion items are banned
|rule|Evasion Moves Clause: Evasion moves are banned
|rule|Sleep Moves Clause: Sleep-inducing moves are banned
|clearpoke
|poke|p1|Sceptile, F|
|poke|p1|Empoleon, F|
|poke|p1|Arcanine, M|
|poke|p1|Chandelure, M|
|poke|p1|Excadrill, F|
|poke|p1|Tinkaton, F|
|poke|p2|Gligar, F|
|poke|p2|Smeargle, F|
|poke|p2|Nosepass, F|
|poke|p2|Venomoth, F|
|poke|p2|Victreebel, M|
|poke|p2|Shelgon, M|
|teampreview
|
|t:|1743892498
|start
|switch|p1a: Chandelure|Chandelure, M|100/100
|switch|p2a: Victreebel|Victreebel, M|100/100
|-item|p1a: Chandelure|Air Balloon
|turn|1
|
|t:|1743892521
|switch|p2a: Nosepass|Nosepass, F|100/100
|move|p1a: Chandelure|Fire Blast|p2a: Nosepass
|-resisted|p2a: Nosepass
|-damage|p2a: Nosepass|65/100
|
|upkeep
|turn|2
|
|t:|1743892549
|switch|p1a: Tinkaton|Tinkaton, F|100/100
|move|p2a: Nosepass|Rollout|p1a: Tinkaton
|-resisted|p1a: Tinkaton
|-damage|p1a: Tinkaton|97/100
|
|upkeep
|turn|3
|
|t:|1743892557
|move|p1a: Tinkaton|Fake Out|p2a: Nosepass
|-resisted|p2a: Nosepass
|-damage|p2a: Nosepass|62/100
|cant|p2a: Nosepass|flinch
|
|upkeep
|turn|4
|
|t:|1743892569
|move|p1a: Tinkaton|Gigaton Hammer|p2a: Nosepass
|-supereffective|p2a: Nosepass
|-damage|p2a: Nosepass|0 fnt
|faint|p2a: Nosepass
|
|upkeep
|
|t:|1743892579
|switch|p2a: Gligar|Gligar, F|100/100
|turn|5
|
|t:|1743892601
|switch|p1a: Sceptile|Sceptile, F|100/100
|move|p2a: Gligar|Swords Dance|p2a: Gligar
|-boost|p2a: Gligar|atk|2
|
|upkeep
|turn|6
|
|t:|1743892614
|move|p1a: Sceptile|Giga Drain|p2a: Gligar
|-damage|p2a: Gligar|71/100
|move|p2a: Gligar|X-Scissor|p1a: Sceptile
|-supereffective|p1a: Sceptile
|-damage|p1a: Sceptile|13/100
|
|upkeep
|turn|7
|
|t:|1743892641
|move|p2a: Gligar|Quick Attack|p1a: Sceptile
|-damage|p1a: Sceptile|0 fnt
|faint|p1a: Sceptile
|
|upkeep
|
|t:|1743892651
|switch|p1a: Empoleon|Empoleon, F|100/100
|turn|8
|
|t:|1743892657
|move|p2a: Gligar|Earthquake|p1a: Empoleon
|-supereffective|p1a: Empoleon
|-crit|p1a: Empoleon
|-damage|p1a: Empoleon|0 fnt
|faint|p1a: Empoleon
|
|upkeep
|
|t:|1743892666
|switch|p1a: Tinkaton|Tinkaton, F|97/100
|turn|9
|
|t:|1743892669
|move|p1a: Tinkaton|Fake Out|p2a: Gligar
|-damage|p2a: Gligar|64/100
|cant|p2a: Gligar|flinch
|
|upkeep
|turn|10
|
|t:|1743892686
|-terastallize|p2a: Gligar|Ground
|move|p1a: Tinkaton|Gigaton Hammer|p2a: Gligar
|-damage|p2a: Gligar|24/100
|move|p2a: Gligar|Earthquake|p1a: Tinkaton
|-supereffective|p1a: Tinkaton
|-damage|p1a: Tinkaton|0 fnt
|faint|p1a: Tinkaton
|
|upkeep
|
|t:|1743892694
|switch|p1a: Arcanine|Arcanine, M, shiny|100/100
|turn|11
|
|t:|1743892703
|move|p1a: Arcanine|Extreme Speed|p2a: Gligar
|-damage|p2a: Gligar|0 fnt
|faint|p2a: Gligar
|-damage|p1a: Arcanine|91/100|[from] item: Life Orb
|
|upkeep
|
|t:|1743892715
|switch|p2a: Shelgon|Shelgon, M|100/100
|turn|12
|
|t:|1743892725
|switch|p1a: Excadrill|Excadrill, F|100/100
|-ability|p1a: Excadrill|Mold Breaker
|move|p2a: Shelgon|Iron Defense|p2a: Shelgon
|-boost|p2a: Shelgon|def|2
|
|upkeep
|turn|13
|
|t:|1743892736
|move|p1a: Excadrill|Stealth Rock|p2a: Shelgon
|-sidestart|p2: Anathema666|move: Stealth Rock
|move|p2a: Shelgon|Dragon Dance|p2a: Shelgon
|-boost|p2a: Shelgon|atk|1
|-boost|p2a: Shelgon|spe|1
|
|upkeep
|turn|14
|
|t:|1743892747
|switch|p1a: Chandelure|Chandelure, M|100/100
|-item|p1a: Chandelure|Air Balloon
|move|p2a: Shelgon|Dragon Dance|p2a: Shelgon
|-boost|p2a: Shelgon|atk|1
|-boost|p2a: Shelgon|spe|1
|
|upkeep
|turn|15
|
|t:|1743892759
|move|p2a: Shelgon|Outrage|p1a: Chandelure
|-damage|p1a: Chandelure|0 fnt
|-enditem|p1a: Chandelure|Air Balloon
|faint|p1a: Chandelure
|
|upkeep
|
|t:|1743892765
|switch|p1a: Excadrill|Excadrill, F|100/100
|-ability|p1a: Excadrill|Mold Breaker
|turn|16
|
|t:|1743892771
|move|p1a: Excadrill|Focus Blast|p2a: Shelgon|[miss]
|-miss|p1a: Excadrill|p2a: Shelgon
|move|p2a: Shelgon|Outrage|p1a: Excadrill|[from] lockedmove
|-resisted|p1a: Excadrill
|-crit|p1a: Excadrill
|-damage|p1a: Excadrill|0 fnt
|faint|p1a: Excadrill
|
|upkeep
|
|t:|1743892778
|switch|p1a: Arcanine|Arcanine, M, shiny|91/100
|turn|17
|c|☆Anathema666|gg
|
|t:|1743892782
|move|p1a: Arcanine|Extreme Speed|p2a: Shelgon
|-damage|p2a: Shelgon|88/100
|-damage|p1a: Arcanine|81/100|[from] item: Life Orb
|move|p2a: Shelgon|Outrage|p1a: Arcanine|[from] lockedmove
|-damage|p1a: Arcanine|0 fnt
|faint|p1a: Arcanine
|-start|p2a: Shelgon|confusion|[fatigue]
|
|win|Anathema666
|raw|wannabe3's rating: 1068 &rarr; <strong>1049</strong><br />(-19 for losing)
|raw|Anathema666's rating: 1084 &rarr; <strong>1110</strong><br />(+26 for winning)
|l|☆wannabe3
|player|p1|
|l|☆Anathema666
|player|p2|
