|j|☆ProteinMan11
|j|☆ramyree
|t:|1743884872
|gametype|singles
|player|p1|ProteinMan11|hiker-gen4|1664
|player|p2|ramyree|benga|1625
|teamsize|p1|6
|teamsize|p2|6
|gen|9
|tier|[Gen 9] OU
|rated|
|rule|HP Percentage Mod: HP is shown in percentages
|rule|Endless Battle Clause: Forcing endless battles is banned
|rule|Species Clause: Limit one of each Pokémon
|rule|OHKO Clause: OHKO moves are banned
|rule|Evasion Items Clause: Evasion items are banned
|rule|Evasion Moves Clause: Evasion moves are banned
|rule|Sleep Moves Clause: Sleep-inducing moves are banned
|clearpoke
|poke|p1|Ninetales-Alola, M|
|poke|p1|Dragonite, M|
|poke|p1|Deoxys-Speed|
|poke|p1|Iron Valiant|
|poke|p1|Great Tusk|
|poke|p1|Polteageist|
|poke|p2|Iron Valiant|
|poke|p2|Kingambit, F|
|poke|p2|Iron Moth|
|poke|p2|Iron Boulder|
|poke|p2|Great Tusk|
|poke|p2|Samurott-Hisui, F|
|teampreview
|inactive|Battle timer is ON: inactive players will automatically lose when time's up. (requested by ProteinMan11)
|
|t:|1743884901
|start
|switch|p1a: Michael|Dragonite, M|100/100
|switch|p2a: Iron Boulder|Iron Boulder|100/100
|turn|1
|
|t:|1743884917
|move|p2a: Iron Boulder|Mighty Cleave|p1a: Michael
|-supereffective|p1a: Michael
|-damage|p1a: Michael|55/100
|-enditem|p1a: Michael|Weakness Policy
|-boost|p1a: Michael|atk|2|[from] item: Weakness Policy
|-boost|p1a: Michael|spa|2|[from] item: Weakness Policy
|move|p1a: Michael|Earthquake|p2a: Iron Boulder
|-supereffective|p2a: Iron Boulder
|-damage|p2a: Iron Boulder|0 fnt
|faint|p2a: Iron Boulder
|-end|p2a: Iron Boulder|Quark Drive|[silent]
|
|upkeep
|
|t:|1743884936
|switch|p2a: Samurott|Samurott-Hisui, F|100/100
|turn|2
|
|t:|1743884941
|-terastallize|p2a: Samurott|Ghost
|move|p2a: Samurott|Ceaseless Edge|p1a: Michael
|-damage|p1a: Michael|10/100
|-sidestart|p1: ProteinMan11|Spikes
|move|p1a: Michael|Outrage|p2a: Samurott
|-damage|p2a: Samurott|0 fnt
|faint|p2a: Samurott
|
|upkeep
|
|t:|1743884955
|switch|p2a: Iron Moth|Iron Moth|100/100
|-item|p2a: Iron Moth|Air Balloon
|turn|3
|
|t:|1743884958
|move|p2a: Iron Moth|Fiery Dance|p1a: Michael
|-resisted|p1a: Michael
|-damage|p1a: Michael|0 fnt
|faint|p1a: Michael
|
|upkeep
|
|t:|1743884965
|switch|p1a: Great Bust|Great Tusk|100/100
|-damage|p1a: Great Bust|88/100|[from] Spikes
|turn|4
|
|t:|1743884971
|move|p2a: Iron Moth|Fiery Dance|p1a: Great Bust
|-damage|p1a: Great Bust|27/100
|move|p1a: Great Bust|Rapid Spin|p2a: Iron Moth
|-damage|p2a: Iron Moth|62/100
|-boost|p1a: Great Bust|spe|1
|-enditem|p2a: Iron Moth|Air Balloon
|-sideend|p1: ProteinMan11|Spikes|[from] move: Rapid Spin|[of] p1a: Great Bust
|-damage|p1a: Great Bust|17/100|[from] item: Life Orb
|
|upkeep
|turn|5
|
|t:|1743884976
|-end|p2a: Iron Moth|Quark Drive|[silent]
|switch|p2a: Kingambit|Kingambit, F|100/100
|-activate|p2a: Kingambit|ability: Supreme Overlord
|-start|p2a: Kingambit|fallen2|[silent]
|-item|p2a: Kingambit|Air Balloon
|move|p1a: Great Bust|Headlong Rush|p2a: Kingambit
|-immune|p2a: Kingambit
|
|upkeep
|turn|6
|
|t:|1743884984
|move|p2a: Kingambit|Sucker Punch|p1a: Great Bust
|-resisted|p1a: Great Bust
|-damage|p1a: Great Bust|2/100
|move|p1a: Great Bust|Close Combat|p2a: Kingambit
|-supereffective|p2a: Kingambit
|-damage|p2a: Kingambit|0 fnt
|-unboost|p1a: Great Bust|def|1
|-unboost|p1a: Great Bust|spd|1
|-enditem|p2a: Kingambit|Air Balloon
|faint|p2a: Kingambit
|-end|p2a: Kingambit|fallen2|[silent]
|-damage|p1a: Great Bust|0 fnt|[from] item: Life Orb
|faint|p1a: Great Bust
|-end|p1a: Great Bust|Protosynthesis|[silent]
|
|upkeep
|
|t:|1743884996
|switch|p1a: WAAAAATER|Polteageist|100/100
|switch|p2a: Iron Moth|Iron Moth|62/100
|turn|7
|
|t:|1743885001
|move|p2a: Iron Moth|Fiery Dance|p1a: WAAAAATER
|-damage|p1a: WAAAAATER|43/100
|move|p1a: WAAAAATER|Shell Smash|p1a: WAAAAATER
|-unboost|p1a: WAAAAATER|def|1
|-unboost|p1a: WAAAAATER|spd|1
|-boost|p1a: WAAAAATER|atk|2
|-boost|p1a: WAAAAATER|spa|2
|-boost|p1a: WAAAAATER|spe|2
|
|upkeep
|turn|8
|
|t:|1743885005
|move|p1a: WAAAAATER|Stored Power|p2a: Iron Moth
|-supereffective|p2a: Iron Moth
|-damage|p2a: Iron Moth|0 fnt
|faint|p2a: Iron Moth
|-end|p2a: Iron Moth|Quark Drive|[silent]
|
|upkeep
|-message|ramyree forfeited.
|
|win|ProteinMan11
|raw|ProteinMan11's rating: 1664 &rarr; <strong>1682</strong><br />(+18 for winning)
|raw|ramyree's rating: 1625 &rarr; <strong>1607</strong><br />(-18 for losing)
|l|☆ramyree
|player|p2|
|l|☆ProteinMan11
|player|p1|
