|j|☆shogun88
|j|☆AbyssalWerksHATER
|t:|1743858576
|gametype|singles
|player|p1|shogun88|1|1137
|player|p2|AbyssalWerksHATER|giovanni|1162
|teamsize|p1|6
|teamsize|p2|6
|gen|9
|tier|[Gen 9] OU
|rated|
|rule|HP Percentage Mod: HP is shown in percentages
|rule|Endless Battle Clause: Forcing endless battles is banned
|rule|Species Clause: Limit one of each Pokémon
|rule|OHKO Clause: OHKO moves are banned
|rule|Evasion Items Clause: Evasion items are banned
|rule|Evasion Moves Clause: Evasion moves are banned
|rule|Sleep Moves Clause: Sleep-inducing moves are banned
|clearpoke
|poke|p1|Gengar, M|
|poke|p1|Garchomp, M|
|poke|p1|Darkrai|
|poke|p1|Greninja-*, M|
|poke|p1|Dragapult, M|
|poke|p1|Great Tusk|
|poke|p2|Glimmora, M|
|poke|p2|Kingambit, F|
|poke|p2|Dondozo, F|
|poke|p2|Kyurem|
|poke|p2|Ting-Lu|
|poke|p2|Dragapult, F|
|teampreview
|inactive|Battle timer is ON: inactive players will automatically lose when time's up. (requested by AbyssalWerksHATER)
|
|t:|1743858594
|start
|switch|p1a: Darkrai|Darkrai|100/100
|switch|p2a: Glimmora|Glimmora, M|100/100
|turn|1
|
|t:|1743858600
|move|p1a: Darkrai|Psychic|p2a: Glimmora
|-supereffective|p2a: Glimmora
|-damage|p2a: Glimmora|0 fnt
|faint|p2a: Glimmora
|-damage|p1a: Darkrai|91/100|[from] item: Life Orb
|
|upkeep
|
|t:|1743858607
|switch|p2a: Dragapult|Dragapult, F|100/100
|turn|2
|
|t:|1743858613
|move|p1a: Darkrai|Ice Beam|p2a: Dragapult
|-supereffective|p2a: Dragapult
|-enditem|p2a: Dragapult|Focus Sash
|-damage|p2a: Dragapult|1/100
|-damage|p1a: Darkrai|81/100|[from] item: Life Orb
|move|p2a: Dragapult|Dragon Dance|p2a: Dragapult
|-boost|p2a: Dragapult|atk|1
|-boost|p2a: Dragapult|spe|1
|
|upkeep
|turn|3
|
|t:|1743858622
|move|p2a: Dragapult|Dragon Darts|p1a: Darkrai
|-damage|p1a: Darkrai|17/100
|-anim|p2a: Dragapult|Dragon Darts|p1a: Darkrai
|-damage|p1a: Darkrai|0 fnt
|faint|p1a: Darkrai
|
|upkeep
|
|t:|1743858629
|switch|p1a: Garchomp|Garchomp, M|100/100
|turn|4
|
|t:|1743858634
|move|p2a: Dragapult|Phantom Force||[still]
|-prepare|p2a: Dragapult|Phantom Force
|move|p1a: Garchomp|Crunch|p2a: Dragapult|[miss]
|-miss|p1a: Garchomp|p2a: Dragapult
|
|upkeep
|turn|5
|
|t:|1743858643
|move|p2a: Dragapult|Phantom Force|p1a: Garchomp|[from] lockedmove
|-damage|p1a: Garchomp|22/100
|-damage|p2a: Dragapult|0 fnt|[from] ability: Rough Skin|[of] p1a: Garchomp
|faint|p2a: Dragapult
|move|p1a: Garchomp|Scale Shot|p2: Dragapult|[notarget]
|-fail|p1a: Garchomp
|
|upkeep
|
|t:|1743858650
|switch|p2a: Ting-Lu|Ting-Lu|100/100
|-ability|p2a: Ting-Lu|Vessel of Ruin
|turn|6
|
|t:|1743858670
|move|p1a: Garchomp|Flamethrower|p2a: Ting-Lu
|-damage|p2a: Ting-Lu|92/100
|-status|p2a: Ting-Lu|brn
|move|p2a: Ting-Lu|Earthquake|p1a: Garchomp
|-damage|p1a: Garchomp|4/100
|
|-heal|p2a: Ting-Lu|98/100 brn|[from] item: Leftovers
|-damage|p2a: Ting-Lu|92/100 brn|[from] brn
|upkeep
|turn|7
|
|t:|1743858683
|move|p1a: Garchomp|Earthquake|p2a: Ting-Lu
|-crit|p2a: Ting-Lu
|-damage|p2a: Ting-Lu|58/100 brn
|move|p2a: Ting-Lu|Stealth Rock|p1a: Garchomp
|-sidestart|p1: shogun88|move: Stealth Rock
|
|-heal|p2a: Ting-Lu|65/100 brn|[from] item: Leftovers
|-damage|p2a: Ting-Lu|58/100 brn|[from] brn
|upkeep
|turn|8
|
|t:|1743858701
|move|p1a: Garchomp|Earthquake|p2a: Ting-Lu
|-crit|p2a: Ting-Lu
|-damage|p2a: Ting-Lu|27/100 brn
|move|p2a: Ting-Lu|Whirlwind|p1a: Garchomp
|drag|p1a: Dragapult|Dragapult, M|100/100
|
|-heal|p2a: Ting-Lu|34/100 brn|[from] item: Leftovers
|-damage|p2a: Ting-Lu|27/100 brn|[from] brn
|upkeep
|turn|9
|
|t:|1743858715
|move|p1a: Dragapult|Dragon Darts|p2a: Ting-Lu
|-damage|p2a: Ting-Lu|16/100 brn
|-anim|p1a: Dragapult|Dragon Darts|p2a: Ting-Lu
|-damage|p2a: Ting-Lu|4/100 brn
|move|p2a: Ting-Lu|Spikes|p1a: Dragapult
|-sidestart|p1: shogun88|Spikes
|
|-heal|p2a: Ting-Lu|10/100 brn|[from] item: Leftovers
|-damage|p2a: Ting-Lu|4/100 brn|[from] brn
|upkeep
|turn|10
|
|t:|1743858726
|move|p1a: Dragapult|Dragon Darts|p2a: Ting-Lu
|-damage|p2a: Ting-Lu|0 fnt
|faint|p2a: Ting-Lu
|
|upkeep
|
|t:|1743858740
|switch|p2a: Kyurem|Kyurem|100/100
|-ability|p2a: Kyurem|Pressure
|turn|11
|
|t:|1743858746
|-terastallize|p2a: Kyurem|Steel
|move|p1a: Dragapult|Dragon Darts|p2a: Kyurem
|-resisted|p2a: Kyurem
|-damage|p2a: Kyurem|87/100
|-anim|p1a: Dragapult|Dragon Darts|p2a: Kyurem
|-resisted|p2a: Kyurem
|-damage|p2a: Kyurem|73/100
|move|p2a: Kyurem|Dragon Dance|p2a: Kyurem
|-boost|p2a: Kyurem|atk|1
|-boost|p2a: Kyurem|spe|1
|
|upkeep
|turn|12
|
|t:|1743858761
|switch|p1a: Garchomp|Garchomp, M|4/100
|-damage|p1a: Garchomp|0 fnt|[from] Stealth Rock
|faint|p1a: Garchomp
|move|p2a: Kyurem|Substitute|p2a: Kyurem
|-start|p2a: Kyurem|Substitute
|-damage|p2a: Kyurem|49/100
|
|upkeep
|
|t:|1743858772
|switch|p1a: Greninja|Greninja, M|100/100
|-damage|p1a: Greninja|88/100|[from] Stealth Rock
|-damage|p1a: Greninja|76/100|[from] Spikes
|turn|13
|inactive|shogun88 has 120 seconds left.
|
|t:|1743858791
|move|p2a: Kyurem|Scale Shot|p1a: Greninja
|-damage|p1a: Greninja|37/100
|-crit|p1a: Greninja
|-damage|p1a: Greninja|0 fnt
|faint|p1a: Greninja
|-hitcount|p1: Greninja|2
|-unboost|p2a: Kyurem|def|1
|-boost|p2a: Kyurem|spe|1
|
|upkeep
|inactive|shogun88 has 120 seconds left.
|
|t:|1743858802
|switch|p1a: Great Tusk|Great Tusk|100/100
|-damage|p1a: Great Tusk|98/100|[from] Stealth Rock
|-damage|p1a: Great Tusk|85/100|[from] Spikes
|-enditem|p1a: Great Tusk|Booster Energy
|-activate|p1a: Great Tusk|ability: Protosynthesis|[fromitem]
|-start|p1a: Great Tusk|protosynthesisatk
|turn|14
|inactive|shogun88 has 120 seconds left.
|c|☆AbyssalWerksHATER|I'm living garchomps dream
|-message|shogun88 forfeited.
|
|win|AbyssalWerksHATER
|raw|shogun88's rating: 1137 &rarr; <strong>1114</strong><br />(-23 for losing)
|raw|AbyssalWerksHATER's rating: 1162 &rarr; <strong>1185</strong><br />(+23 for winning)
|l|☆shogun88
|player|p1|
