|j|☆kitty cat 1413
|j|☆darskxddd
|t:|1743863739
|gametype|singles
|player|p1|kitty cat 1413|101|1300
|player|p2|darskxddd|169|1291
|teamsize|p1|6
|teamsize|p2|6
|gen|9
|tier|[Gen 9] OU
|rated|
|rule|HP Percentage Mod: HP is shown in percentages
|rule|Endless Battle Clause: Forcing endless battles is banned
|rule|Species Clause: Limit one of each Pokémon
|rule|OHKO Clause: OHKO moves are banned
|rule|Evasion Items Clause: Evasion items are banned
|rule|Evasion Moves Clause: Evasion moves are banned
|rule|Sleep Moves Clause: Sleep-inducing moves are banned
|clearpoke
|poke|p1|Ninetales, F|
|poke|p1|Azelf|
|poke|p1|Iron Moth|
|poke|p1|Great Tusk|
|poke|p1|Lilligant-Hisui, F|
|poke|p1|Walking Wake|
|poke|p2|Keldeo|
|poke|p2|Landorus-Therian, M|
|poke|p2|Reuniclus, F|
|poke|p2|Revavroom, F|
|poke|p2|Brambleghast, F|
|poke|p2|Kyurem|
|teampreview
|inactive|Battle timer is ON: inactive players will automatically lose when time's up. (requested by darskxddd)
|
|t:|1743863779
|start
|switch|p1a: Azelf|Azelf|100/100
|switch|p2a: Landorus|Landorus-Therian, M|100/100
|-ability|p2a: Landorus|Intimidate|boost
|-unboost|p1a: Azelf|atk|1
|turn|1
|
|t:|1743863787
|move|p1a: Azelf|Stealth Rock|p2a: Landorus
|-sidestart|p2: darskxddd|move: Stealth Rock
|move|p2a: Landorus|Stealth Rock|p1a: Azelf
|-sidestart|p1: kitty cat 1413|move: Stealth Rock
|
|upkeep
|turn|2
|
|t:|1743863795
|move|p1a: Azelf|Psychic|p2a: Landorus
|-damage|p2a: Landorus|49/100
|move|p2a: Landorus|U-turn|p1a: Azelf
|-supereffective|p1a: Azelf
|-damage|p1a: Azelf|20/100
|
|t:|1743863825
|switch|p2a: Brambleghast|Brambleghast, F|100/100|[from] U-turn
|
|upkeep
|turn|3
|
|t:|1743863829
|move|p1a: Azelf|Fire Blast|p2a: Brambleghast
|-supereffective|p2a: Brambleghast
|-damage|p2a: Brambleghast|0 fnt
|faint|p2a: Brambleghast
|
|upkeep
|
|t:|1743863837
|switch|p2a: Keldeo|Keldeo|100/100
|-damage|p2a: Keldeo|94/100|[from] Stealth Rock
|turn|4
|
|t:|1743863851
|move|p2a: Keldeo|Vacuum Wave|p1a: Azelf
|-resisted|p1a: Azelf
|-damage|p1a: Azelf|0 fnt
|faint|p1a: Azelf
|-damage|p2a: Keldeo|85/100|[from] item: Life Orb
|
|upkeep
|
|t:|1743863866
|switch|p1a: Walking Wake|Walking Wake|100/100
|-damage|p1a: Walking Wake|88/100|[from] Stealth Rock
|turn|5
|inactive|kitty cat 1413 has 120 seconds left.
|
|t:|1743863898
|switch|p2a: Reuniclus|Reuniclus, F|100/100
|-damage|p2a: Reuniclus|88/100|[from] Stealth Rock
|move|p1a: Walking Wake|Draco Meteor|p2a: Reuniclus
|-damage|p2a: Reuniclus|22/100
|-unboost|p1a: Walking Wake|spa|2
|
|-heal|p2a: Reuniclus|28/100|[from] item: Leftovers
|upkeep
|turn|6
|inactive|kitty cat 1413 has 120 seconds left.
|
|t:|1743863914
|-end|p1a: Walking Wake|Protosynthesis|[silent]
|switch|p1a: Ninetales|Ninetales, F|100/100
|-damage|p1a: Ninetales|76/100|[from] Stealth Rock
|-weather|SunnyDay|[from] ability: Drought|[of] p1a: Ninetales
|move|p2a: Reuniclus|Thunder Wave|p1a: Ninetales
|-status|p1a: Ninetales|par
|
|-weather|SunnyDay|[upkeep]
|-heal|p2a: Reuniclus|34/100|[from] item: Leftovers
|upkeep
|turn|7
|inactive|kitty cat 1413 has 90 seconds left.
|
|t:|1743863952
|switch|p1a: Lilligant|Lilligant-Hisui, F, shiny|100/100
|-damage|p1a: Lilligant|94/100|[from] Stealth Rock
|move|p2a: Reuniclus|Psychic|p1a: Lilligant
|-supereffective|p1a: Lilligant
|-damage|p1a: Lilligant|0 fnt
|faint|p1a: Lilligant
|
|-weather|SunnyDay|[upkeep]
|-heal|p2a: Reuniclus|40/100|[from] item: Leftovers
|upkeep
|
|t:|1743863956
|switch|p1a: Walking Wake|Walking Wake|88/100
|-damage|p1a: Walking Wake|76/100|[from] Stealth Rock
|-activate|p1a: Walking Wake|ability: Protosynthesis
|-start|p1a: Walking Wake|protosynthesisspa
|turn|8
|inactive|kitty cat 1413 has 90 seconds left.
|
|t:|1743863972
|move|p1a: Walking Wake|Hydro Steam|p2a: Reuniclus
|-damage|p2a: Reuniclus|0 fnt
|faint|p2a: Reuniclus
|
|-weather|SunnyDay|[upkeep]
|upkeep
|
|t:|1743863982
|switch|p2a: Kyurem|Kyurem|100/100
|-damage|p2a: Kyurem|76/100|[from] Stealth Rock
|-ability|p2a: Kyurem|Pressure
|turn|9
|
|t:|1743863990
|-terastallize|p2a: Kyurem|Fairy
|move|p2a: Kyurem|Tera Blast|p1a: Walking Wake|[anim] Tera Blast Fairy
|-supereffective|p1a: Walking Wake
|-damage|p1a: Walking Wake|0 fnt
|faint|p1a: Walking Wake
|-end|p1a: Walking Wake|Protosynthesis|[silent]
|
|-weather|SunnyDay|[upkeep]
|upkeep
|inactive|kitty cat 1413 has 90 seconds left.
|
|t:|1743864000
|switch|p1a: Iron Moth|Iron Moth|100/100
|-damage|p1a: Iron Moth|76/100|[from] Stealth Rock
|-enditem|p1a: Iron Moth|Booster Energy
|-activate|p1a: Iron Moth|ability: Quark Drive|[fromitem]
|-start|p1a: Iron Moth|quarkdrivespa
|turn|10
|inactive|kitty cat 1413 has 90 seconds left.
|
|t:|1743864031
|switch|p2a: Landorus|Landorus-Therian, M|49/100
|-damage|p2a: Landorus|36/100|[from] Stealth Rock
|-ability|p2a: Landorus|Intimidate|boost
|-unboost|p1a: Iron Moth|atk|1
|move|p1a: Iron Moth|Fiery Dance|p2a: Landorus
|-damage|p2a: Landorus|0 fnt
|faint|p2a: Landorus
|
|-weather|SunnyDay|[upkeep]
|upkeep
|inactive|darskxddd has 120 seconds left.
|
|t:|1743864046
|switch|p2a: Kyurem|Kyurem, tera:Fairy|76/100
|-damage|p2a: Kyurem|63/100|[from] Stealth Rock
|-ability|p2a: Kyurem|Pressure
|turn|11
|
|t:|1743864055
|move|p2a: Kyurem|Draco Meteor|p1a: Iron Moth
|-damage|p1a: Iron Moth|0 fnt
|-unboost|p2a: Kyurem|spa|2
|faint|p1a: Iron Moth
|-end|p1a: Iron Moth|Quark Drive|[silent]
|
|-weather|SunnyDay|[upkeep]
|upkeep
|
|t:|1743864064
|switch|p1a: Great Tusk|Great Tusk|100/100
|-damage|p1a: Great Tusk|98/100|[from] Stealth Rock
|-activate|p1a: Great Tusk|ability: Protosynthesis
|-start|p1a: Great Tusk|protosynthesisatk
|turn|12
|
|t:|1743864074
|switch|p2a: Revavroom|Revavroom, F|100/100
|-damage|p2a: Revavroom|94/100|[from] Stealth Rock
|move|p1a: Great Tusk|Rapid Spin|p2a: Revavroom
|-resisted|p2a: Revavroom
|-damage|p2a: Revavroom|80/100
|-boost|p1a: Great Tusk|spe|1
|-sideend|p1: kitty cat 1413|Stealth Rock|[from] move: Rapid Spin|[of] p1a: Great Tusk
|-damage|p1a: Great Tusk|88/100|[from] item: Life Orb
|
|-weather|SunnyDay|[upkeep]
|upkeep
|turn|13
|inactive|kitty cat 1413 has 90 seconds left.
|
|t:|1743864100
|move|p1a: Great Tusk|Rapid Spin|p2a: Revavroom
|-resisted|p2a: Revavroom
|-damage|p2a: Revavroom|64/100
|-boost|p1a: Great Tusk|spe|1
|-damage|p1a: Great Tusk|78/100|[from] item: Life Orb
|move|p2a: Revavroom|Gunk Shot|p1a: Great Tusk
|-resisted|p1a: Great Tusk
|-damage|p1a: Great Tusk|53/100
|
|-weather|none
|-end|p1a: Great Tusk|Protosynthesis
|upkeep
|turn|14
|
|t:|1743864110
|-terastallize|p1a: Great Tusk|Ground
|move|p1a: Great Tusk|Headlong Rush|p2a: Revavroom
|-supereffective|p2a: Revavroom
|-damage|p2a: Revavroom|0 fnt
|-unboost|p1a: Great Tusk|def|1
|-unboost|p1a: Great Tusk|spd|1
|faint|p2a: Revavroom
|-damage|p1a: Great Tusk|43/100|[from] item: Life Orb
|
|upkeep
|
|t:|1743864116
|switch|p2a: Keldeo|Keldeo|85/100
|-damage|p2a: Keldeo|78/100|[from] Stealth Rock
|turn|15
|
|t:|1743864125
|move|p2a: Keldeo|Vacuum Wave|p1a: Great Tusk
|-damage|p1a: Great Tusk|0 fnt
|faint|p1a: Great Tusk
|-end|p1a: Great Tusk|Protosynthesis|[silent]
|-damage|p2a: Keldeo|69/100|[from] item: Life Orb
|
|upkeep
|
|t:|1743864131
|switch|p1a: Ninetales|Ninetales, F|76/100 par
|-weather|SunnyDay|[from] ability: Drought|[of] p1a: Ninetales
|turn|16
|
|t:|1743864135
|move|p2a: Keldeo|Hydro Pump|p1a: Ninetales
|-supereffective|p1a: Ninetales
|-damage|p1a: Ninetales|26/100 par
|-damage|p2a: Keldeo|59/100|[from] item: Life Orb
|move|p1a: Ninetales|Healing Wish||[still]
|-fail|p1a: Ninetales
|
|-weather|SunnyDay|[upkeep]
|upkeep
|turn|17
|c|☆darskxddd|gg
|c|☆kitty cat 1413|ggs
|
|t:|1743864140
|move|p2a: Keldeo|Aura Sphere|p1a: Ninetales
|-damage|p1a: Ninetales|0 fnt
|faint|p1a: Ninetales
|-damage|p2a: Keldeo|49/100|[from] item: Life Orb
|
|win|darskxddd
|raw|kitty cat 1413's rating: 1300 &rarr; <strong>1274</strong><br />(-26 for losing)
|raw|darskxddd's rating: 1291 &rarr; <strong>1317</strong><br />(+26 for winning)
|l|☆kitty cat 1413
|player|p1|
|l|☆darskxddd
|player|p2|
