|j|☆Blake-Mamba
|j|‽Wester II
|t:|1743812201
|gametype|singles
|player|p1|Blake-Mamba|2|1279
|player|p2|Wester II|101|1332
|teamsize|p1|6
|teamsize|p2|6
|gen|9
|tier|[Gen 9] OU
|rated|
|rule|HP Percentage Mod: HP is shown in percentages
|rule|Endless Battle Clause: Forcing endless battles is banned
|rule|Species Clause: Limit one of each Pokémon
|rule|OHKO Clause: OHKO moves are banned
|rule|Evasion Items Clause: Evasion items are banned
|rule|Evasion Moves Clause: Evasion moves are banned
|rule|Sleep Moves Clause: Sleep-inducing moves are banned
|clearpoke
|poke|p1|Kingambit, F|
|poke|p1|Tinkaton, F|
|poke|p1|Flamigo, M|
|poke|p1|Ditto|
|poke|p1|Zoroark-Hisui, F|
|poke|p1|Oricorio, F|
|poke|p2|Iron Valiant|
|poke|p2|Iron Moth|
|poke|p2|Kingambit, M|
|poke|p2|Pecharunt|
|poke|p2|Zamazenta-*|
|poke|p2|Landorus-Therian, M|
|teampreview
|inactive|Battle timer is ON: inactive players will automatically lose when time's up. (requested by Wester II)
|
|t:|1743812217
|start
|switch|p1a: Kingambit|Kingambit, F|100/100
|switch|p2a: Landorus|Landorus-Therian, M|100/100
|-ability|p2a: Landorus|Intimidate|boost
|-unboost|p1a: Kingambit|atk|1
|turn|1
|
|t:|1743812230
|move|p1a: Kingambit|Nasty Plot|p1a: Kingambit
|-boost|p1a: Kingambit|spa|2
|move|p2a: Landorus|Stealth Rock|p1a: Kingambit
|-sidestart|p1: Blake-Mamba|move: Stealth Rock
|
|upkeep
|turn|2
|
|t:|1743812240
|move|p1a: Kingambit|Tera Blast|p2a: Landorus
|-damage|p2a: Landorus|6/100
|move|p2a: Landorus|Earthquake|p1a: Kingambit
|-enditem|p1a: Kingambit|Focus Sash
|-damage|p1a: Kingambit|1/100
|replace|p1a: Zoroark|Zoroark-Hisui, F, shiny
|-end|p1a: Zoroark|Illusion
|
|upkeep
|turn|3
|
|t:|1743812251
|move|p1a: Zoroark|Bitter Malice|p2a: Landorus
|-damage|p2a: Landorus|0 fnt
|faint|p2a: Landorus
|
|upkeep
|
|t:|1743812265
|switch|p2a: Kingambit|Kingambit, M|100/100
|turn|4
|
|t:|1743812270
|move|p2a: Kingambit|Sucker Punch|p1a: Zoroark
|-supereffective|p1a: Zoroark
|-damage|p1a: Zoroark|0 fnt
|faint|p1a: Zoroark
|
|upkeep
|
|t:|1743812278
|switch|p1a: Flamigo|Flamigo, M|100/100
|-damage|p1a: Flamigo|88/100|[from] Stealth Rock
|turn|5
|
|t:|1743812289
|switch|p2a: Pecharunt|Pecharunt|100/100
|move|p1a: Flamigo|Close Combat|p2a: Pecharunt
|-resisted|p2a: Pecharunt
|-damage|p2a: Pecharunt|83/100
|-unboost|p1a: Flamigo|def|1
|-unboost|p1a: Flamigo|spd|1
|
|-heal|p2a: Pecharunt|89/100|[from] item: Leftovers
|upkeep
|turn|6
|
|t:|1743812301
|switch|p1a: Tinkaton|Tinkaton, F|100/100
|-damage|p1a: Tinkaton|94/100|[from] Stealth Rock
|-ability|p1a: Tinkaton|Mold Breaker
|move|p2a: Pecharunt|Malignant Chain|p1a: Tinkaton
|-immune|p1a: Tinkaton
|
|-heal|p2a: Pecharunt|95/100|[from] item: Leftovers
|upkeep
|turn|7
|
|t:|1743812314
|switch|p2a: Iron Moth|Iron Moth|100/100
|-enditem|p2a: Iron Moth|Booster Energy
|-activate|p2a: Iron Moth|ability: Quark Drive|[fromitem]
|-start|p2a: Iron Moth|quarkdrivespa
|move|p1a: Tinkaton|Knock Off|p2a: Iron Moth
|-damage|p2a: Iron Moth|74/100
|
|upkeep
|turn|8
|
|t:|1743812325
|switch|p1a: Oricorio|Oricorio, F|100/100
|-damage|p1a: Oricorio|50/100|[from] Stealth Rock
|move|p2a: Iron Moth|Substitute|p2a: Iron Moth
|-start|p2a: Iron Moth|Substitute
|-damage|p2a: Iron Moth|49/100
|
|-heal|p1a: Oricorio|57/100|[from] item: Leftovers
|upkeep
|turn|9
|
|t:|1743812335
|move|p2a: Iron Moth|Sludge Wave|p1a: Oricorio
|-damage|p1a: Oricorio|0 fnt
|faint|p1a: Oricorio
|
|upkeep
|
|t:|1743812342
|switch|p1a: Ditto|Ditto|100/100
|-damage|p1a: Ditto|88/100|[from] Stealth Rock
|turn|10
|-message|Blake-Mamba forfeited.
|
|win|Wester II
|raw|Blake-Mamba's rating: 1279 &rarr; <strong>1258</strong><br />(-21 for losing)
|raw|Wester II's rating: 1332 &rarr; <strong>1349</strong><br />(+17 for winning)
|l|☆Blake-Mamba
|player|p1|
|l|‽Wester II
|player|p2|
