|j|☆SpaghettiFreak
|j|☆demixelz
|t:|1743826746
|gametype|singles
|player|p1|SpaghettiFreak|2|1507
|player|p2|demixelz|266|1515
|teamsize|p1|6
|teamsize|p2|6
|gen|9
|tier|[Gen 9] OU
|rated|
|rule|HP Percentage Mod: HP is shown in percentages
|rule|Endless Battle Clause: Forcing endless battles is banned
|rule|Species Clause: Limit one of each Pokémon
|rule|OHKO Clause: OHKO moves are banned
|rule|Evasion Items Clause: Evasion items are banned
|rule|Evasion Moves Clause: Evasion moves are banned
|rule|Sleep Moves Clause: Sleep-inducing moves are banned
|clearpoke
|poke|p1|Dragapult, F|
|poke|p1|Clefable, M|
|poke|p1|Kingambit, F|
|poke|p1|Moltres|
|poke|p1|Ogerpon-Wellspring, F|
|poke|p1|Slowking-Galar, F|
|poke|p2|Primarina, F|
|poke|p2|Zamazenta-*|
|poke|p2|Iron Treads|
|poke|p2|Hydrapple, F|
|poke|p2|Skeledirge, F|
|poke|p2|Enamorus, F|
|teampreview
|
|t:|1743826781
|start
|switch|p1a: Dragapult|Dragapult, F|100/100
|switch|p2a: Primarina|Primarina, F|100/100
|turn|1
|
|t:|1743826791
|move|p1a: Dragapult|U-turn|p2a: Primarina
|-resisted|p2a: Primarina
|-damage|p2a: Primarina|85/100
|
|t:|1743826812
|switch|p1a: Slowking|Slowking-Galar, F|100/100|[from] U-turn
|move|p2a: Primarina|Moonblast|p1a: Slowking
|-resisted|p1a: Slowking
|-crit|p1a: Slowking
|-damage|p1a: Slowking|79/100
|
|upkeep
|turn|2
|
|t:|1743826820
|move|p2a: Primarina|Flip Turn|p1a: Slowking
|-damage|p1a: Slowking|68/100
|
|t:|1743826823
|switch|p2a: Iron Treads|Iron Treads|100/100|[from] Flip Turn
|move|p1a: Slowking|Future Sight|p2a: Iron Treads
|-start|p1a: Slowking|move: Future Sight
|
|upkeep
|turn|3
|
|t:|1743826832
|switch|p1a: Moltres|Moltres|100/100
|move|p2a: Iron Treads|Stealth Rock|p1a: Moltres
|-sidestart|p1: SpaghettiFreak|move: Stealth Rock
|
|upkeep
|turn|4
|
|t:|1743826848
|move|p2a: Iron Treads|Volt Switch|p1a: Moltres
|-supereffective|p1a: Moltres
|-damage|p1a: Moltres|79/100
|
|t:|1743826852
|-end|p2a: Iron Treads|Quark Drive|[silent]
|switch|p2a: Hydrapple|Hydrapple, F|100/100|[from] Volt Switch
|move|p1a: Moltres|Brave Bird|p2a: Hydrapple
|-supereffective|p2a: Hydrapple
|-damage|p2a: Hydrapple|33/100
|-damage|p1a: Moltres|55/100|[from] Recoil
|
|-end|p2a: Hydrapple|move: Future Sight
|-damage|p2a: Hydrapple|0 fnt
|faint|p2a: Hydrapple
|upkeep
|
|t:|1743826863
|switch|p2a: Skeledirge|Skeledirge, F|100/100
|turn|5
|
|t:|1743826869
|move|p1a: Moltres|U-turn|p2a: Skeledirge
|-resisted|p2a: Skeledirge
|-damage|p2a: Skeledirge|97/100
|
|t:|1743826871
|switch|p1a: Ogerpon|Ogerpon-Wellspring, F|100/100|[from] U-turn
|-damage|p1a: Ogerpon|88/100|[from] Stealth Rock
|move|p2a: Skeledirge|Torch Song|p1a: Ogerpon
|-damage|p1a: Ogerpon|56/100
|-boost|p2a: Skeledirge|spa|1
|
|-heal|p2a: Skeledirge|100/100|[from] item: Leftovers
|upkeep
|turn|6
|
|t:|1743826878
|move|p1a: Ogerpon|Ivy Cudgel|p2a: Skeledirge|[anim] Ivy Cudgel Water
|-supereffective|p2a: Skeledirge
|-damage|p2a: Skeledirge|0 fnt
|faint|p2a: Skeledirge
|
|upkeep
|
|t:|1743826882
|switch|p2a: Enamorus|Enamorus, F|100/100
|turn|7
|
|t:|1743826888
|switch|p1a: Slowking|Slowking-Galar, F|100/100
|-damage|p1a: Slowking|88/100|[from] Stealth Rock
|move|p2a: Enamorus|Earth Power|p1a: Slowking
|-supereffective|p1a: Slowking
|-damage|p1a: Slowking|58/100
|
|upkeep
|turn|8
|
|t:|1743826893
|move|p2a: Enamorus|Earth Power|p1a: Slowking
|-supereffective|p1a: Slowking
|-damage|p1a: Slowking|24/100
|move|p1a: Slowking|Ice Beam|p2a: Enamorus
|-supereffective|p2a: Enamorus
|-damage|p2a: Enamorus|41/100
|
|upkeep
|turn|9
|
|t:|1743826900
|switch|p2a: Iron Treads|Iron Treads|100/100
|switch|p1a: Clefable|Clefable, M|100/100
|
|upkeep
|turn|10
|
|t:|1743826906
|move|p2a: Iron Treads|Earthquake|p1a: Clefable
|-damage|p1a: Clefable|62/100
|move|p1a: Clefable|Knock Off|p2a: Iron Treads
|-damage|p2a: Iron Treads|86/100
|-enditem|p2a: Iron Treads|Heavy-Duty Boots|[from] move: Knock Off|[of] p1a: Clefable
|
|upkeep
|turn|11
|
|t:|1743826916
|move|p2a: Iron Treads|Earthquake|p1a: Clefable
|-damage|p1a: Clefable|24/100
|move|p1a: Clefable|Moonlight|p1a: Clefable
|-heal|p1a: Clefable|74/100
|
|upkeep
|turn|12
|
|t:|1743826922
|move|p2a: Iron Treads|Earthquake|p1a: Clefable
|-damage|p1a: Clefable|36/100
|move|p1a: Clefable|Knock Off|p2a: Iron Treads
|-damage|p2a: Iron Treads|77/100
|
|upkeep
|turn|13
|
|t:|1743826927
|switch|p1a: Moltres|Moltres|55/100
|move|p2a: Iron Treads|Volt Switch|p1a: Moltres
|-supereffective|p1a: Moltres
|-damage|p1a: Moltres|32/100
|
|t:|1743826936
|-end|p2a: Iron Treads|Quark Drive|[silent]
|switch|p2a: Enamorus|Enamorus, F|41/100|[from] Volt Switch
|
|upkeep
|turn|14
|
|t:|1743826947
|switch|p1a: Clefable|Clefable, M|36/100
|move|p2a: Enamorus|Sludge Bomb|p1a: Clefable
|-supereffective|p1a: Clefable
|-damage|p1a: Clefable|0 fnt
|faint|p1a: Clefable
|
|upkeep
|
|t:|1743826954
|switch|p1a: Kingambit|Kingambit, F|100/100
|-damage|p1a: Kingambit|94/100|[from] Stealth Rock
|-activate|p1a: Kingambit|ability: Supreme Overlord
|-start|p1a: Kingambit|fallen1|[silent]
|turn|15
|
|t:|1743826964
|switch|p2a: Iron Treads|Iron Treads|77/100
|move|p1a: Kingambit|Iron Head|p2a: Iron Treads
|-resisted|p2a: Iron Treads
|-damage|p2a: Iron Treads|55/100
|
|-heal|p1a: Kingambit|100/100|[from] item: Leftovers
|upkeep
|turn|16
|
|t:|1743826969
|-end|p1a: Kingambit|fallen1|[silent]
|switch|p1a: Ogerpon|Ogerpon-Wellspring, F|56/100
|-damage|p1a: Ogerpon|44/100|[from] Stealth Rock
|move|p2a: Iron Treads|Earthquake|p1a: Ogerpon
|-resisted|p1a: Ogerpon
|-damage|p1a: Ogerpon|14/100
|
|upkeep
|turn|17
|
|t:|1743826975
|move|p1a: Ogerpon|Ivy Cudgel|p2a: Iron Treads|[anim] Ivy Cudgel Water
|-supereffective|p2a: Iron Treads
|-damage|p2a: Iron Treads|0 fnt
|faint|p2a: Iron Treads
|-end|p2a: Iron Treads|Quark Drive|[silent]
|
|upkeep
|
|t:|1743826982
|switch|p2a: Zamazenta|Zamazenta|100/100
|-ability|p2a: Zamazenta|Dauntless Shield|boost
|-boost|p2a: Zamazenta|def|1
|turn|18
|
|t:|1743826989
|move|p2a: Zamazenta|Crunch|p1a: Ogerpon
|-damage|p1a: Ogerpon|0 fnt
|faint|p1a: Ogerpon
|
|upkeep
|
|t:|1743826993
|switch|p1a: Moltres|Moltres|32/100
|turn|19
|
|t:|1743826996
|move|p2a: Zamazenta|Crunch|p1a: Moltres
|-damage|p1a: Moltres|1/100
|-status|p2a: Zamazenta|brn|[from] ability: Flame Body|[of] p1a: Moltres
|move|p1a: Moltres|Roost|p1a: Moltres
|-heal|p1a: Moltres|51/100
|-singleturn|p1a: Moltres|move: Roost
|
|-damage|p2a: Zamazenta|94/100 brn|[from] brn
|upkeep
|turn|20
|c|☆demixelz|OH GOD
|-message|demixelz forfeited.
|
|win|SpaghettiFreak
|raw|SpaghettiFreak's rating: 1507 &rarr; <strong>1527</strong><br />(+20 for winning)
|raw|demixelz's rating: 1515 &rarr; <strong>1495</strong><br />(-20 for losing)
|l|☆demixelz
|player|p2|
|c|☆SpaghettiFreak|:o
