|j|☆AnatiosTheHungry
|j|☆bjuyhvfr
|t:|1743861184
|gametype|singles
|player|p1|AnatiosTheHungry|nate|1040
|player|p2|bjuyhvfr|gambler|1000
|teamsize|p1|6
|teamsize|p2|6
|gen|9
|tier|[Gen 9] OU
|rated|
|rule|HP Percentage Mod: HP is shown in percentages
|rule|Endless Battle Clause: Forcing endless battles is banned
|rule|Species Clause: Limit one of each Pokémon
|rule|OHKO Clause: OHKO moves are banned
|rule|Evasion Items Clause: Evasion items are banned
|rule|Evasion Moves Clause: Evasion moves are banned
|rule|Sleep Moves Clause: Sleep-inducing moves are banned
|clearpoke
|poke|p1|Whimsicott, M|
|poke|p1|Gholdengo|
|poke|p1|Heatran, F|
|poke|p1|Toxapex, M|
|poke|p1|Pecharunt|
|poke|p1|Cloyster, F|
|poke|p2|Cinderace, F|
|poke|p2|Garganacl, M|
|poke|p2|Gliscor, M|
|poke|p2|Slowking-Galar, M|
|poke|p2|Corviknight, M|
|poke|p2|Dragapult, M|
|teampreview
|inactive|Battle timer is ON: inactive players will automatically lose when time's up. (requested by AnatiosTheHungry)
|
|t:|1743861188
|start
|switch|p1a: Pecharunt|Pecharunt|100/100
|switch|p2a: Garganacl|Garganacl, M|100/100
|turn|1
|
|t:|1743861194
|move|p1a: Pecharunt|Toxic|p2a: Garganacl
|-immune|p2a: Garganacl|[from] ability: Purifying Salt
|move|p2a: Garganacl|Stealth Rock|p1a: Pecharunt
|-sidestart|p1: AnatiosTheHungry|move: Stealth Rock
|
|upkeep
|turn|2
|
|t:|1743861200
|move|p1a: Pecharunt|Malignant Chain|p2a: Garganacl
|-resisted|p2a: Garganacl
|-damage|p2a: Garganacl|83/100
|move|p2a: Garganacl|Salt Cure|p1a: Pecharunt
|-damage|p1a: Pecharunt|90/100
|-start|p1a: Pecharunt|Salt Cure
|
|-heal|p2a: Garganacl|90/100|[from] item: Leftovers
|-damage|p1a: Pecharunt|78/100|[from] Salt Cure
|upkeep
|turn|3
|
|t:|1743861214
|switch|p1a: Cloyster|Cloyster, F|100/100
|-damage|p1a: Cloyster|76/100|[from] Stealth Rock
|move|p2a: Garganacl|Salt Cure|p1a: Cloyster
|-supereffective|p1a: Cloyster
|-damage|p1a: Cloyster|52/100
|-start|p1a: Cloyster|Salt Cure
|
|-heal|p2a: Garganacl|96/100|[from] item: Leftovers
|-damage|p1a: Cloyster|27/100|[from] Salt Cure
|upkeep
|turn|4
|
|t:|1743861228
|move|p2a: Garganacl|Protect|p2a: Garganacl
|-singleturn|p2a: Garganacl|Protect
|move|p1a: Cloyster|Drill Run|p2a: Garganacl
|-activate|p2a: Garganacl|move: Protect
|
|-heal|p2a: Garganacl|100/100|[from] item: Leftovers
|-damage|p1a: Cloyster|3/100|[from] Salt Cure
|upkeep
|turn|5
|
|t:|1743861238
|switch|p2a: Corviknight|Corviknight, M|100/100
|-ability|p2a: Corviknight|Pressure
|move|p1a: Cloyster|Toxic Spikes|p2a: Corviknight
|-sidestart|p2: bjuyhvfr|move: Toxic Spikes
|
|-damage|p1a: Cloyster|0 fnt|[from] Salt Cure
|faint|p1a: Cloyster
|upkeep
|
|t:|1743861252
|switch|p1a: Heatran|Heatran, F|100/100
|-damage|p1a: Heatran|88/100|[from] Stealth Rock
|turn|6
|
|t:|1743861257
|switch|p2a: Slowking|Slowking-Galar, M|100/100
|-sideend|p2: bjuyhvfr|move: Toxic Spikes|[of] p2a: Slowking
|move|p1a: Heatran|Magma Storm|p2a: Slowking
|-damage|p2a: Slowking|69/100
|-activate|p2a: Slowking|move: Magma Storm|[of] p1a: Heatran
|
|-damage|p2a: Slowking|57/100|[from] move: Magma Storm|[partiallytrapped]
|upkeep
|turn|7
|
|t:|1743861266
|move|p1a: Heatran|Protect|p1a: Heatran
|-singleturn|p1a: Heatran|Protect
|-prepare|p2a: Slowking|Chilly Reception|[premajor]
|move|p2a: Slowking|Chilly Reception|p2a: Slowking
|-weather|Snowscape
|
|t:|1743861268
|switch|p2a: Gliscor|Gliscor, M|100/100|[from] Chilly Reception
|
|-weather|Snowscape|[upkeep]
|-status|p2a: Gliscor|tox|[from] item: Toxic Orb
|upkeep
|turn|8
|
|t:|1743861277
|move|p2a: Gliscor|Earthquake|p1a: Heatran
|-supereffective|p1a: Heatran
|-damage|p1a: Heatran|0 fnt
|faint|p1a: Heatran
|
|-weather|Snowscape|[upkeep]
|upkeep
|
|t:|1743861284
|switch|p1a: Toxapex|Toxapex, M|100/100
|-damage|p1a: Toxapex|88/100|[from] Stealth Rock
|turn|9
|
|t:|1743861289
|move|p2a: Gliscor|Swords Dance|p2a: Gliscor
|-boost|p2a: Gliscor|atk|2
|move|p1a: Toxapex|Gunk Shot|p2a: Gliscor
|-resisted|p2a: Gliscor
|-crit|p2a: Gliscor
|-damage|p2a: Gliscor|74/100 tox
|
|-weather|Snowscape|[upkeep]
|-heal|p2a: Gliscor|86/100 tox|[from] ability: Poison Heal
|upkeep
|turn|10
|
|t:|1743861300
|move|p1a: Toxapex|Baneful Bunker|p1a: Toxapex
|-singleturn|p1a: Toxapex|move: Protect
|move|p2a: Gliscor|Earthquake|p1a: Toxapex
|-activate|p1a: Toxapex|move: Protect
|
|-weather|Snowscape|[upkeep]
|-heal|p2a: Gliscor|99/100 tox|[from] ability: Poison Heal
|upkeep
|turn|11
|
|t:|1743861308
|move|p2a: Gliscor|Earthquake|p1a: Toxapex
|-supereffective|p1a: Toxapex
|-damage|p1a: Toxapex|0 fnt
|faint|p1a: Toxapex
|
|-weather|none
|-heal|p2a: Gliscor|100/100 tox|[from] ability: Poison Heal
|upkeep
|
|t:|1743861317
|switch|p1a: Gholdengo|Gholdengo|100/100
|-damage|p1a: Gholdengo|94/100|[from] Stealth Rock
|turn|12
|
|t:|1743861322
|move|p2a: Gliscor|Earthquake|p1a: Gholdengo
|-supereffective|p1a: Gholdengo
|-damage|p1a: Gholdengo|0 fnt
|faint|p1a: Gholdengo
|
|upkeep
|
|t:|1743861328
|switch|p1a: Whimsicott|Whimsicott, M|100/100
|-damage|p1a: Whimsicott|88/100|[from] Stealth Rock
|turn|13
|
|t:|1743861335
|move|p1a: Whimsicott|Leech Seed|p2a: Gliscor
|-start|p2a: Gliscor|move: Leech Seed
|move|p2a: Gliscor|Knock Off|p1a: Whimsicott
|-resisted|p1a: Whimsicott
|-damage|p1a: Whimsicott|59/100
|-enditem|p1a: Whimsicott|Focus Sash|[from] move: Knock Off|[of] p2a: Gliscor
|
|-damage|p2a: Gliscor|88/100 tox|[from] Leech Seed|[of] p1a: Whimsicott
|-heal|p1a: Whimsicott|76/100|[silent]
|-heal|p2a: Gliscor|100/100 tox|[from] ability: Poison Heal
|upkeep
|turn|14
|
|t:|1743861345
|switch|p2a: Slowking|Slowking-Galar, M|90/100
|move|p1a: Whimsicott|Seed Bomb|p2a: Slowking
|-resisted|p2a: Slowking
|-damage|p2a: Slowking|76/100
|
|upkeep
|turn|15
|
|t:|1743861353
|move|p1a: Whimsicott|Leech Seed|p2a: Slowking
|-start|p2a: Slowking|move: Leech Seed
|move|p2a: Slowking|Sludge Bomb|p1a: Whimsicott
|-supereffective|p1a: Whimsicott
|-damage|p1a: Whimsicott|0 fnt
|faint|p1a: Whimsicott
|
|upkeep
|
|t:|1743861361
|switch|p1a: Pecharunt|Pecharunt|78/100
|-damage|p1a: Pecharunt|65/100|[from] Stealth Rock
|turn|16
|
|t:|1743861367
|move|p1a: Pecharunt|Toxic|p2a: Slowking
|-immune|p2a: Slowking
|-prepare|p2a: Slowking|Chilly Reception|[premajor]
|move|p2a: Slowking|Chilly Reception|p2a: Slowking
|-weather|Snowscape
|
|t:|1743861369
|switch|p2a: Garganacl|Garganacl, M|100/100|[from] Chilly Reception
|
|-weather|Snowscape|[upkeep]
|upkeep
|turn|17
|
|t:|1743861379
|move|p1a: Pecharunt|Malignant Chain|p2a: Garganacl
|-resisted|p2a: Garganacl
|-damage|p2a: Garganacl|86/100
|move|p2a: Garganacl|Salt Cure|p1a: Pecharunt
|-damage|p1a: Pecharunt|55/100
|-start|p1a: Pecharunt|Salt Cure
|
|-weather|Snowscape|[upkeep]
|-heal|p2a: Garganacl|92/100|[from] item: Leftovers
|-damage|p1a: Pecharunt|42/100|[from] Salt Cure
|upkeep
|turn|18
|
|t:|1743861389
|switch|p2a: Slowking|Slowking-Galar, M|100/100
|move|p1a: Pecharunt|Malignant Chain|p2a: Slowking
|-resisted|p2a: Slowking
|-damage|p2a: Slowking|86/100
|
|-weather|Snowscape|[upkeep]
|-damage|p1a: Pecharunt|30/100|[from] Salt Cure
|upkeep
|turn|19
|
|t:|1743861397
|move|p1a: Pecharunt|Malignant Chain|p2a: Slowking
|-resisted|p2a: Slowking
|-damage|p2a: Slowking|72/100
|move|p2a: Slowking|Future Sight|p1a: Pecharunt
|-start|p2a: Slowking|move: Future Sight
|
|-weather|Snowscape|[upkeep]
|-damage|p1a: Pecharunt|18/100|[from] Salt Cure
|upkeep
|turn|20
|
|t:|1743861405
|move|p1a: Pecharunt|Malignant Chain|p2a: Slowking
|-resisted|p2a: Slowking
|-damage|p2a: Slowking|57/100
|-prepare|p2a: Slowking|Chilly Reception|[premajor]
|move|p2a: Slowking|Chilly Reception|p2a: Slowking
|
|t:|1743861407
|switch|p2a: Dragapult|Dragapult, M|100/100|[from] Chilly Reception
|
|-weather|none
|-damage|p1a: Pecharunt|6/100|[from] Salt Cure
|upkeep
|turn|21
|
|t:|1743861416
|move|p2a: Dragapult|Hex|p1a: Pecharunt
|-supereffective|p1a: Pecharunt
|-damage|p1a: Pecharunt|0 fnt
|faint|p1a: Pecharunt
|
|win|bjuyhvfr
|raw|AnatiosTheHungry's rating: 1040 &rarr; <strong>1022</strong><br />(-18 for losing)
|raw|bjuyhvfr's rating: 1000 &rarr; <strong>1045</strong><br />(+45 for winning)
|l|☆AnatiosTheHungry
|player|p1|
