|j|☆kldkmd
|j|☆Fraudlz
|t:|1743845793
|gametype|singles
|player|p1|kldkmd|dawn-gen4pt|1222
|player|p2|Fraudlz|marlon|1187
|teamsize|p1|6
|teamsize|p2|6
|gen|9
|tier|[Gen 9] OU
|rated|
|rule|HP Percentage Mod: HP is shown in percentages
|rule|Endless Battle Clause: Forcing endless battles is banned
|rule|Species Clause: Limit one of each Pokémon
|rule|OHKO Clause: OHKO moves are banned
|rule|Evasion Items Clause: Evasion items are banned
|rule|Evasion Moves Clause: Evasion moves are banned
|rule|Sleep Moves Clause: Sleep-inducing moves are banned
|clearpoke
|poke|p1|Pelipper, F|
|poke|p1|Barraskewda, F|
|poke|p1|Greninja-*, M|
|poke|p1|Goodra-Hisui, M|
|poke|p1|Gastrodon-East, F|
|poke|p1|Weezing-Galar, M|
|poke|p2|Gholdengo|
|poke|p2|Great Tusk|
|poke|p2|Rotom-Wash|
|poke|p2|Iron Valiant|
|poke|p2|Dragonite, M|
|poke|p2|Ting-Lu|
|teampreview
|inactive|Battle timer is ON: inactive players will automatically lose when time's up. (requested by Fraudlz)
|inactive|Fraudlz has 120 seconds left.
|
|t:|1743845839
|start
|switch|p1a: 3|Weezing-Galar, M|100/100
|switch|p2a: Ting-Lu|Ting-Lu|100/100
|-ability|p2a: Ting-Lu|Vessel of Ruin
|turn|1
|
|t:|1743845849
|move|p1a: 3|Dazzling Gleam|p2a: Ting-Lu
|-supereffective|p2a: Ting-Lu
|-damage|p2a: Ting-Lu|79/100
|move|p2a: Ting-Lu|Earthquake|p1a: 3
|-immune|p1a: 3|[from] ability: Levitate
|
|-heal|p2a: Ting-Lu|86/100|[from] item: Leftovers
|upkeep
|turn|2
|
|t:|1743845868
|move|p1a: 3|Dazzling Gleam|p2a: Ting-Lu
|-supereffective|p2a: Ting-Lu
|-damage|p2a: Ting-Lu|65/100
|move|p2a: Ting-Lu|Stealth Rock|p1a: 3
|-sidestart|p1: kldkmd|move: Stealth Rock
|
|-heal|p2a: Ting-Lu|71/100|[from] item: Leftovers
|upkeep
|turn|3
|
|t:|1743845876
|-terastallize|p2a: Ting-Lu|Poison
|move|p1a: 3|Defog|p2a: Ting-Lu
|-unboost|p2a: Ting-Lu|evasion|1
|-sideend|p1: kldkmd|Stealth Rock|[from] move: Defog|[of] p1a: 3
|move|p2a: Ting-Lu|Spikes|p1a: 3
|-sidestart|p1: kldkmd|Spikes
|
|-heal|p2a: Ting-Lu|77/100|[from] item: Leftovers
|upkeep
|turn|4
|
|t:|1743845890
|switch|p1a: 4+|Gastrodon-East, F|100/100
|-damage|p1a: 4+|88/100|[from] Spikes
|move|p2a: Ting-Lu|Whirlwind|p1a: 4+
|drag|p1a: 4|Goodra-Hisui, M|100/100
|-damage|p1a: 4|88/100|[from] Spikes
|
|-heal|p2a: Ting-Lu|83/100|[from] item: Leftovers
|upkeep
|turn|5
|
|t:|1743845899
|switch|p1a: 13.|Pelipper, F|100/100
|-weather|RainDance|[from] ability: Drizzle|[of] p1a: 13.
|move|p2a: Ting-Lu|Spikes|p1a: 13.
|-sidestart|p1: kldkmd|Spikes
|
|-weather|RainDance|[upkeep]
|-heal|p2a: Ting-Lu|90/100|[from] item: Leftovers
|upkeep
|turn|6
|
|t:|1743845908
|move|p1a: 13.|U-turn|p2a: Ting-Lu
|-resisted|p2a: Ting-Lu
|-damage|p2a: Ting-Lu|87/100
|
|t:|1743845910
|switch|p1a: 3|Weezing-Galar, M|100/100|[from] U-turn
|move|p2a: Ting-Lu|Stealth Rock|p1a: 3
|-sidestart|p1: kldkmd|move: Stealth Rock
|
|-weather|RainDance|[upkeep]
|-heal|p2a: Ting-Lu|93/100|[from] item: Leftovers
|upkeep
|turn|7
|
|t:|1743845925
|switch|p2a: Gholdengo|Gholdengo|100/100
|move|p1a: 3|Defog|p2a: Gholdengo
|-immune|p2a: Gholdengo|[from] ability: Good as Gold
|
|-weather|RainDance|[upkeep]
|upkeep
|turn|8
|
|t:|1743845935
|switch|p1a: 4+|Gastrodon-East, F|88/100
|-damage|p1a: 4+|71/100|[from] Spikes
|-damage|p1a: 4+|65/100|[from] Stealth Rock
|move|p2a: Gholdengo|Make It Rain|p1a: 4+
|-resisted|p1a: 4+
|-damage|p1a: 4+|44/100
|-unboost|p2a: Gholdengo|spa|1
|
|-weather|RainDance|[upkeep]
|-heal|p1a: 4+|50/100|[from] item: Leftovers
|upkeep
|turn|9
|
|t:|1743845953
|switch|p2a: Rotom|Rotom-Wash|100/100
|move|p1a: 4+|Recover|p1a: 4+
|-heal|p1a: 4+|100/100
|
|-weather|RainDance|[upkeep]
|upkeep
|turn|10
|
|t:|1743845960
|move|p2a: Rotom|Will-O-Wisp|p1a: 4+
|-status|p1a: 4+|brn
|move|p1a: 4+|Surf|p2a: Rotom
|-resisted|p2a: Rotom
|-damage|p2a: Rotom|75/100
|
|-weather|RainDance|[upkeep]
|-heal|p2a: Rotom|81/100|[from] item: Leftovers
|-damage|p1a: 4+|94/100 brn|[from] brn
|upkeep
|turn|11
|
|t:|1743845967
|move|p2a: Rotom|Hydro Pump|p1a: 4+
|-ability|p1a: 4+|Storm Drain|boost
|-boost|p1a: 4+|spa|1
|move|p1a: 4+|Recover|p1a: 4+
|-heal|p1a: 4+|100/100 brn
|
|-weather|RainDance|[upkeep]
|-heal|p2a: Rotom|88/100|[from] item: Leftovers
|-damage|p1a: 4+|94/100 brn|[from] brn
|upkeep
|turn|12
|
|t:|1743845975
|move|p2a: Rotom|Protect|p2a: Rotom
|-singleturn|p2a: Rotom|Protect
|move|p1a: 4+|Surf|p2a: Rotom
|-activate|p2a: Rotom|move: Protect
|
|-weather|none
|-heal|p2a: Rotom|94/100|[from] item: Leftovers
|-heal|p1a: 4+|100/100 brn|[from] item: Leftovers
|-damage|p1a: 4+|94/100 brn|[from] brn
|upkeep
|turn|13
|
|t:|1743845984
|switch|p2a: Ting-Lu|Ting-Lu, tera:Poison|93/100
|-ability|p2a: Ting-Lu|Vessel of Ruin
|move|p1a: 4+|Surf|p2a: Ting-Lu
|-damage|p2a: Ting-Lu|74/100
|
|-heal|p2a: Ting-Lu|80/100|[from] item: Leftovers
|-heal|p1a: 4+|100/100 brn|[from] item: Leftovers
|-damage|p1a: 4+|94/100 brn|[from] brn
|upkeep
|turn|14
|
|t:|1743845992
|switch|p1a: 3|Weezing-Galar, M|100/100
|-damage|p1a: 3|88/100|[from] Stealth Rock
|move|p2a: Ting-Lu|Whirlwind|p1a: 3
|drag|p1a: 75|Greninja, M|100/100
|-damage|p1a: 75|84/100|[from] Spikes
|-damage|p1a: 75|72/100|[from] Stealth Rock
|
|-heal|p2a: Ting-Lu|86/100|[from] item: Leftovers
|upkeep
|turn|15
|-message|kldkmd forfeited.
|
|win|Fraudlz
|raw|kldkmd's rating: 1222 &rarr; <strong>1194</strong><br />(-28 for losing)
|raw|Fraudlz's rating: 1187 &rarr; <strong>1215</strong><br />(+28 for winning)
|l|☆kldkmd
|player|p1|
|l|☆Fraudlz
|player|p2|
