|j|☆roryta
|j|☆pokefanfdj
|t:|1743849457
|gametype|singles
|player|p1|roryta|n|1124
|player|p2|pokefanfdj|bugcatcher-gen4dp|1129
|teamsize|p1|6
|teamsize|p2|6
|gen|9
|tier|[Gen 9] OU
|rated|
|rule|HP Percentage Mod: HP is shown in percentages
|rule|Endless Battle Clause: Forcing endless battles is banned
|rule|Species Clause: Limit one of each Pokémon
|rule|OHKO Clause: OHKO moves are banned
|rule|Evasion Items Clause: Evasion items are banned
|rule|Evasion Moves Clause: Evasion moves are banned
|rule|Sleep Moves Clause: Sleep-inducing moves are banned
|clearpoke
|poke|p1|Minior-Indigo|
|poke|p1|Braviary, M|
|poke|p1|Komala, M|
|poke|p1|Iron Moth|
|poke|p1|Dragonite, F|
|poke|p1|Kingambit, F|
|poke|p2|Iron Valiant|
|poke|p2|Chansey, F|
|poke|p2|Serperior, M|
|poke|p2|Gliscor, M|
|poke|p2|Dondozo, M|
|poke|p2|Kingambit, F|
|teampreview
|inactive|Battle timer is ON: inactive players will automatically lose when time's up. (requested by roryta)
|
|t:|1743849470
|start
|switch|p1a: Iron Moth|Iron Moth, shiny|100/100
|switch|p2a: Serperior|Serperior, M|100/100
|-enditem|p1a: Iron Moth|Booster Energy
|-activate|p1a: Iron Moth|ability: Quark Drive|[fromitem]
|-start|p1a: Iron Moth|quarkdrivespe
|turn|1
|
|t:|1743849480
|-terastallize|p2a: Serperior|Fire
|move|p1a: Iron Moth|Fiery Dance|p2a: Serperior
|-resisted|p2a: Serperior
|-damage|p2a: Serperior|78/100
|move|p2a: Serperior|Glare|p1a: Iron Moth
|-status|p1a: Iron Moth|par
|
|-heal|p2a: Serperior|84/100|[from] item: Leftovers
|upkeep
|turn|2
|
|t:|1743849492
|switch|p2a: Chansey|Chansey, F|100/100
|move|p1a: Iron Moth|Fiery Dance|p2a: Chansey
|-damage|p2a: Chansey|88/100
|-boost|p1a: Iron Moth|spa|1
|
|upkeep
|turn|3
|
|t:|1743849504
|-end|p1a: Iron Moth|Quark Drive|[silent]
|switch|p1a: Komala|Komala, M|100/100
|-ability|p1a: Komala|Comatose
|move|p2a: Chansey|Seismic Toss|p1a: Komala
|-damage|p1a: Komala|71/100
|
|upkeep
|turn|4
|l|☆pokefanfdj
|inactive|pokefanfdj disconnected and has a minute to reconnect!
|player|p2|
|inactive|pokefanfdj has 30 seconds to reconnect!
|j|☆pokefanfdj
|inactive|pokefanfdj reconnected and has 110 seconds left.
|player|p2|pokefanfdj|bugcatcher-gen4dp|
|
|t:|1743849548
|move|p1a: Komala|Rapid Spin|p2a: Chansey
|-damage|p2a: Chansey|70/100
|-boost|p1a: Komala|spe|1
|move|p2a: Chansey|Seismic Toss|p1a: Komala
|-damage|p1a: Komala|41/100
|
|upkeep
|turn|5
|
|t:|1743849562
|move|p1a: Komala|Knock Off|p2a: Chansey
|-damage|p2a: Chansey|46/100
|-enditem|p2a: Chansey|Eviolite|[from] move: Knock Off|[of] p1a: Komala
|move|p2a: Chansey|Stealth Rock|p1a: Komala
|-sidestart|p1: roryta|move: Stealth Rock
|
|upkeep
|turn|6
|
|t:|1743849569
|switch|p2a: Gliscor|Gliscor, M|100/100
|move|p1a: Komala|Rapid Spin|p2a: Gliscor
|-damage|p2a: Gliscor|82/100
|-boost|p1a: Komala|spe|1
|-sideend|p1: roryta|Stealth Rock|[from] move: Rapid Spin|[of] p1a: Komala
|
|-status|p2a: Gliscor|tox|[from] item: Toxic Orb
|upkeep
|turn|7
|inactive|pokefanfdj has 120 seconds left.
|
|t:|1743849584
|move|p1a: Komala|Double-Edge|p2a: Gliscor
|-damage|p2a: Gliscor|38/100 tox
|-damage|p1a: Komala|26/100|[from] Recoil
|move|p2a: Gliscor|Earthquake|p1a: Komala
|-damage|p1a: Komala|0 fnt
|faint|p1a: Komala
|
|-heal|p2a: Gliscor|51/100 tox|[from] ability: Poison Heal
|upkeep
|
|t:|1743849596
|switch|p1a: Braviary|Braviary, M, shiny|100/100
|turn|8
|
|t:|1743849604
|move|p1a: Braviary|Agility|p1a: Braviary
|-boost|p1a: Braviary|spe|2
|move|p2a: Gliscor|Knock Off|p1a: Braviary
|-damage|p1a: Braviary|73/100
|-enditem|p1a: Braviary|Power Herb|[from] move: Knock Off|[of] p2a: Gliscor
|
|-heal|p2a: Gliscor|63/100 tox|[from] ability: Poison Heal
|upkeep
|turn|9
|inactive|pokefanfdj has 120 seconds left.
|
|t:|1743849626
|switch|p2a: Dondozo|Dondozo, M|100/100
|move|p1a: Braviary|Sky Attack||[still]
|-prepare|p1a: Braviary|Sky Attack
|
|upkeep
|turn|10
|inactive|pokefanfdj has 120 seconds left.
|
|t:|1743849636
|move|p1a: Braviary|Sky Attack|p2a: Dondozo|[from] lockedmove
|-damage|p2a: Dondozo|67/100
|move|p2a: Dondozo|Liquidation|p1a: Braviary
|-damage|p1a: Braviary|34/100
|-unboost|p1a: Braviary|def|1
|-ability|p1a: Braviary|Defiant|boost
|-boost|p1a: Braviary|atk|2
|
|-heal|p2a: Dondozo|73/100|[from] item: Leftovers
|upkeep
|turn|11
|inactive|pokefanfdj has 120 seconds left.
|
|t:|1743849654
|move|p1a: Braviary|Sky Attack||[still]
|-prepare|p1a: Braviary|Sky Attack
|move|p2a: Dondozo|Liquidation|p1a: Braviary
|-damage|p1a: Braviary|0 fnt
|faint|p1a: Braviary
|
|-heal|p2a: Dondozo|79/100|[from] item: Leftovers
|upkeep
|-message|roryta forfeited.
|
|win|pokefanfdj
|raw|roryta's rating: 1124 &rarr; <strong>1099</strong><br />(-25 for losing)
|raw|pokefanfdj's rating: 1129 &rarr; <strong>1154</strong><br />(+25 for winning)
|l|☆roryta
|player|p1|
|l|☆pokefanfdj
|player|p2|
