|j|☆YT-Cyber-DJ
|j|☆Tipdik
|t:|1743862674
|gametype|singles
|player|p1|YT-Cyber-DJ|gambler|1390
|player|p2|Tipdik|169|1447
|teamsize|p1|6
|teamsize|p2|6
|gen|9
|tier|[Gen 9] OU
|rated|
|rule|HP Percentage Mod: HP is shown in percentages
|rule|Endless Battle Clause: Forcing endless battles is banned
|rule|Species Clause: Limit one of each Pokémon
|rule|OHKO Clause: OHKO moves are banned
|rule|Evasion Items Clause: Evasion items are banned
|rule|Evasion Moves Clause: Evasion moves are banned
|rule|Sleep Moves Clause: Sleep-inducing moves are banned
|clearpoke
|poke|p1|Iron Valiant|
|poke|p1|Samurott-Hisui, M|
|poke|p1|Dragonite, F|
|poke|p1|Pecharunt|
|poke|p1|Great Tusk|
|poke|p1|Kingambit, M|
|poke|p2|Gliscor, M|
|poke|p2|Alomomola, F|
|poke|p2|Slowking-Galar, M|
|poke|p2|Iron Treads|
|poke|p2|Kyurem|
|poke|p2|Weavile, M|
|teampreview
|inactive|Battle timer is ON: inactive players will automatically lose when time's up. (requested by YT-Cyber-DJ)
|inactive|YT-Cyber-DJ has 120 seconds left.
|
|t:|1743862712
|start
|switch|p1a: Samurai Warrior|Samurott-Hisui, M|100/100
|switch|p2a: Alomomola|Alomomola, F|100/100
|turn|1
|
|t:|1743862729
|move|p1a: Samurai Warrior|Ceaseless Edge|p2a: Alomomola
|-damage|p2a: Alomomola|77/100
|-damage|p1a: Samurai Warrior|84/100|[from] item: Rocky Helmet|[of] p2a: Alomomola
|-sidestart|p2: Tipdik|Spikes
|move|p2a: Alomomola|Scald|p1a: Samurai Warrior
|-resisted|p1a: Samurai Warrior
|-damage|p1a: Samurai Warrior|74/100
|
|upkeep
|turn|2
|
|t:|1743862742
|switch|p1a: Wellspring "Check"|Pecharunt|100/100
|move|p2a: Alomomola|Wish|p2a: Alomomola
|
|upkeep
|turn|3
|
|t:|1743862749
|move|p1a: Wellspring "Check"|Malignant Chain|p2a: Alomomola
|-damage|p2a: Alomomola|42/100
|-status|p2a: Alomomola|tox
|-start|p2a: Alomomola|confusion|[from] ability: Poison Puppeteer|[of] p1a: Wellspring "Check"
|-activate|p2a: Alomomola|confusion
|move|p2a: Alomomola|Flip Turn|p1a: Wellspring "Check"
|-damage|p1a: Wellspring "Check"|91/100
|
|t:|1743862774
|switch|p2a: Weavile|Weavile, M|100/100|[from] Flip Turn
|-ability|p2a: Weavile|Pressure
|
|upkeep
|turn|4
|inactive|YT-Cyber-DJ has 120 seconds left.
|inactive|Tipdik has 120 seconds left.
|
|t:|1743862818
|-terastallize|p1a: Wellspring "Check"|Dark
|move|p2a: Weavile|Knock Off|p1a: Wellspring "Check"
|-resisted|p1a: Wellspring "Check"
|-damage|p1a: Wellspring "Check"|76/100
|-enditem|p1a: Wellspring "Check"|Heavy-Duty Boots|[from] move: Knock Off|[of] p2a: Weavile
|move|p1a: Wellspring "Check"|Parting Shot|p2a: Weavile
|-unboost|p2a: Weavile|atk|1
|-unboost|p2a: Weavile|spa|1
|
|t:|1743862827
|switch|p1a: Triborg|Iron Valiant, shiny|100/100|[from] Parting Shot
|
|upkeep
|turn|5
|
|t:|1743862837
|switch|p2a: Slowking|Slowking-Galar, M|100/100
|-damage|p2a: Slowking|88/100|[from] Spikes
|move|p1a: Triborg|Moonblast|p2a: Slowking
|-resisted|p2a: Slowking
|-damage|p2a: Slowking|66/100
|
|-heal|p2a: Slowking|72/100|[from] item: Black Sludge
|upkeep
|turn|6
|
|t:|1743862852
|-end|p1a: Triborg|Quark Drive|[silent]
|switch|p1a: A Dictatorship|Kingambit, M|100/100
|-prepare|p2a: Slowking|Chilly Reception|[premajor]
|move|p2a: Slowking|Chilly Reception|p2a: Slowking
|-weather|Snowscape
|inactive|Tipdik has 120 seconds left.
|
|t:|1743862869
|switch|p2a: Gliscor|Gliscor, M|100/100|[from] Chilly Reception
|
|-weather|Snowscape|[upkeep]
|-status|p2a: Gliscor|tox|[from] item: Toxic Orb
|upkeep
|turn|7
|inactive|Tipdik has 120 seconds left.
|
|t:|1743862880
|-end|p1a: A Dictatorship|fallenundefined|[silent]
|switch|p1a: Great-Therian|Great Tusk|100/100
|move|p2a: Gliscor|Spikes|p1a: Great-Therian
|-sidestart|p1: YT-Cyber-DJ|Spikes
|
|-weather|Snowscape|[upkeep]
|upkeep
|turn|8
|
|t:|1743862890
|move|p1a: Great-Therian|Stealth Rock|p2a: Gliscor
|-sidestart|p2: Tipdik|move: Stealth Rock
|move|p2a: Gliscor|Toxic|p1a: Great-Therian
|-status|p1a: Great-Therian|tox
|
|-weather|Snowscape|[upkeep]
|-damage|p1a: Great-Therian|94/100 tox|[from] psn
|upkeep
|turn|9
|
|t:|1743862900
|-end|p1a: Great-Therian|Protosynthesis|[silent]
|switch|p1a: Samurai Warrior|Samurott-Hisui, M|74/100
|move|p2a: Gliscor|Protect||[still]
|-fail|p2a: Gliscor
|
|-weather|Snowscape|[upkeep]
|upkeep
|turn|10
|
|t:|1743862909
|switch|p2a: Alomomola|Alomomola, F|76/100 tox
|-damage|p2a: Alomomola|63/100 tox|[from] Spikes
|-damage|p2a: Alomomola|51/100 tox|[from] Stealth Rock
|move|p1a: Samurai Warrior|Encore||[still]
|-fail|p1a: Samurai Warrior
|
|-weather|none
|-damage|p2a: Alomomola|45/100 tox|[from] psn
|upkeep
|turn|11
|
|t:|1743862919
|move|p1a: Samurai Warrior|Knock Off|p2a: Alomomola
|-damage|p2a: Alomomola|20/100 tox
|-damage|p1a: Samurai Warrior|58/100|[from] item: Rocky Helmet|[of] p2a: Alomomola
|-enditem|p2a: Alomomola|Rocky Helmet|[from] move: Knock Off|[of] p1a: Samurai Warrior
|move|p2a: Alomomola|Wish|p2a: Alomomola
|
|-damage|p2a: Alomomola|7/100 tox|[from] psn
|upkeep
|turn|12
|inactive|Tipdik has 120 seconds left.
|
|t:|1743862968
|move|p2a: Alomomola|Protect|p2a: Alomomola
|-singleturn|p2a: Alomomola|Protect
|move|p1a: Samurai Warrior|Ceaseless Edge|p2a: Alomomola
|-activate|p2a: Alomomola|move: Protect
|
|-heal|p2a: Alomomola|57/100 tox|[from] move: Wish|[wisher] Alomomola
|-damage|p2a: Alomomola|39/100 tox|[from] psn
|upkeep
|turn|13
|
|t:|1743862974
|switch|p2a: Kyurem|Kyurem|100/100
|-damage|p2a: Kyurem|88/100|[from] Spikes
|-damage|p2a: Kyurem|63/100|[from] Stealth Rock
|-ability|p2a: Kyurem|Pressure
|move|p1a: Samurai Warrior|Knock Off|p2a: Kyurem
|-damage|p2a: Kyurem|21/100
|-enditem|p2a: Kyurem|Choice Specs|[from] move: Knock Off|[of] p1a: Samurai Warrior
|
|upkeep
|turn|14
|
|t:|1743862985
|switch|p1a: A Dictatorship|Kingambit, M|100/100
|-damage|p1a: A Dictatorship|88/100|[from] Spikes
|move|p2a: Kyurem|Freeze-Dry|p1a: A Dictatorship
|-resisted|p1a: A Dictatorship
|-damage|p1a: A Dictatorship|71/100
|
|-heal|p1a: A Dictatorship|77/100|[from] item: Leftovers
|upkeep
|turn|15
|
|t:|1743862991
|switch|p2a: Gliscor|Gliscor, M|100/100 tox
|-damage|p2a: Gliscor|88/100 tox|[from] Stealth Rock
|move|p1a: A Dictatorship|Sucker Punch||[still]
|-fail|p1a: A Dictatorship
|
|-heal|p1a: A Dictatorship|83/100|[from] item: Leftovers
|-heal|p2a: Gliscor|100/100 tox|[from] ability: Poison Heal
|upkeep
|turn|16
|
|t:|1743863013
|-end|p1a: A Dictatorship|fallenundefined|[silent]
|switch|p1a: Wellspring "Check"|Pecharunt, tera:Dark|76/100
|-damage|p1a: Wellspring "Check"|64/100|[from] Spikes
|move|p2a: Gliscor|Earthquake|p1a: Wellspring "Check"
|-damage|p1a: Wellspring "Check"|43/100
|
|upkeep
|turn|17
|inactive|Tipdik has 90 seconds left.
|
|t:|1743863034
|move|p1a: Wellspring "Check"|Recover|p1a: Wellspring "Check"
|-heal|p1a: Wellspring "Check"|93/100
|move|p2a: Gliscor|Toxic|p1a: Wellspring "Check"
|-status|p1a: Wellspring "Check"|tox
|
|-damage|p1a: Wellspring "Check"|87/100 tox|[from] psn
|upkeep
|turn|18
|
|t:|1743863043
|move|p1a: Wellspring "Check"|Parting Shot|p2a: Gliscor
|-unboost|p2a: Gliscor|atk|1
|-unboost|p2a: Gliscor|spa|1
|
|t:|1743863045
|switch|p1a: Great-Therian|Great Tusk|94/100 tox|[from] Parting Shot
|-damage|p1a: Great-Therian|82/100 tox|[from] Spikes
|move|p2a: Gliscor|Spikes|p1a: Great-Therian
|-sidestart|p1: YT-Cyber-DJ|Spikes
|
|-damage|p1a: Great-Therian|76/100 tox|[from] psn
|upkeep
|turn|19
|
|t:|1743863054
|move|p2a: Gliscor|Protect|p2a: Gliscor
|-singleturn|p2a: Gliscor|Protect
|move|p1a: Great-Therian|Ice Spinner|p2a: Gliscor
|-activate|p2a: Gliscor|move: Protect
|
|-damage|p1a: Great-Therian|63/100 tox|[from] psn
|upkeep
|turn|20
|inactive|Tipdik has 90 seconds left.
|
|t:|1743863101
|-terastallize|p2a: Gliscor|Water
|move|p1a: Great-Therian|Rapid Spin|p2a: Gliscor
|-damage|p2a: Gliscor|91/100 tox
|-boost|p1a: Great-Therian|spe|1
|-sideend|p1: YT-Cyber-DJ|Spikes|[from] move: Rapid Spin|[of] p1a: Great-Therian
|move|p2a: Gliscor|Earthquake|p1a: Great-Therian
|-damage|p1a: Great-Therian|50/100 tox
|
|-damage|p1a: Great-Therian|31/100 tox|[from] psn
|-heal|p2a: Gliscor|100/100 tox|[from] ability: Poison Heal
|upkeep
|turn|21
|
|t:|1743863111
|-end|p1a: Great-Therian|Protosynthesis|[silent]
|switch|p1a: Samurai Warrior|Samurott-Hisui, M|58/100
|move|p2a: Gliscor|Spikes|p1a: Samurai Warrior
|-sidestart|p1: YT-Cyber-DJ|Spikes
|
|upkeep
|turn|22
|
|t:|1743863123
|move|p1a: Samurai Warrior|Encore|p2a: Gliscor
|-start|p2a: Gliscor|Encore
|move|p2a: Gliscor|Spikes|p1a: Samurai Warrior
|-sidestart|p1: YT-Cyber-DJ|Spikes
|
|upkeep
|turn|23
|
|t:|1743863130
|move|p1a: Samurai Warrior|Knock Off|p2a: Gliscor
|-damage|p2a: Gliscor|75/100 tox
|-enditem|p2a: Gliscor|Toxic Orb|[from] move: Knock Off|[of] p1a: Samurai Warrior
|move|p2a: Gliscor|Spikes|p1a: Samurai Warrior
|-sidestart|p1: YT-Cyber-DJ|Spikes
|
|-heal|p2a: Gliscor|87/100 tox|[from] ability: Poison Heal
|upkeep
|turn|24
|
|t:|1743863138
|move|p1a: Samurai Warrior|Ceaseless Edge|p2a: Gliscor
|-damage|p2a: Gliscor|57/100 tox
|-sidestart|p2: Tipdik|Spikes
|move|p2a: Gliscor|Spikes||[still]
|-fail|p2a: Gliscor
|
|-heal|p2a: Gliscor|69/100 tox|[from] ability: Poison Heal
|-end|p2a: Gliscor|Encore
|upkeep
|turn|25
|
|t:|1743863142
|switch|p2a: Iron Treads|Iron Treads|100/100
|-damage|p2a: Iron Treads|84/100|[from] Spikes
|-damage|p2a: Iron Treads|81/100|[from] Stealth Rock
|-enditem|p2a: Iron Treads|Booster Energy
|-activate|p2a: Iron Treads|ability: Quark Drive|[fromitem]
|-start|p2a: Iron Treads|quarkdrivespe
|move|p1a: Samurai Warrior|Encore||[still]
|-fail|p1a: Samurai Warrior
|
|upkeep
|turn|26
|
|t:|1743863156
|switch|p1a: Tubby|Dragonite, F|100/100
|move|p2a: Iron Treads|Rapid Spin|p1a: Tubby
|-damage|p1a: Tubby|93/100
|-boost|p2a: Iron Treads|spe|1
|-sideend|p2: Tipdik|Spikes|[from] move: Rapid Spin|[of] p2a: Iron Treads
|-sideend|p2: Tipdik|Stealth Rock|[from] move: Rapid Spin|[of] p2a: Iron Treads
|
|upkeep
|turn|27
|
|t:|1743863170
|move|p2a: Iron Treads|Ice Spinner|p1a: Tubby
|-supereffective|p1a: Tubby
|-damage|p1a: Tubby|2/100
|move|p1a: Tubby|Roost|p1a: Tubby
|-heal|p1a: Tubby|52/100
|-singleturn|p1a: Tubby|move: Roost
|
|upkeep
|turn|28
|
|t:|1743863176
|switch|p1a: Great-Therian|Great Tusk|31/100 tox
|-damage|p1a: Great-Therian|6/100 tox|[from] Spikes
|move|p2a: Iron Treads|Ice Spinner|p1a: Great-Therian
|-supereffective|p1a: Great-Therian
|-damage|p1a: Great-Therian|0 fnt
|-damage|p2a: Iron Treads|64/100|[from] item: Rocky Helmet|[of] p1a: Great-Therian
|faint|p1a: Great-Therian
|-end|p1a: Great-Therian|Protosynthesis|[silent]
|
|upkeep
|inactive|YT-Cyber-DJ has 120 seconds left.
|
|t:|1743863216
|switch|p1a: Triborg|Iron Valiant, shiny|100/100
|-damage|p1a: Triborg|76/100|[from] Spikes
|turn|29
|
|t:|1743863225
|move|p1a: Triborg|Vacuum Wave|p2a: Iron Treads
|-supereffective|p2a: Iron Treads
|-damage|p2a: Iron Treads|0 fnt
|faint|p2a: Iron Treads
|-end|p2a: Iron Treads|Quark Drive|[silent]
|
|upkeep
|
|t:|1743863243
|switch|p2a: Slowking|Slowking-Galar, M|72/100
|turn|30
|
|t:|1743863251
|-end|p1a: Triborg|Quark Drive|[silent]
|switch|p1a: Tubby|Dragonite, F|52/100
|move|p2a: Slowking|Trick|p1a: Tubby
|-activate|p2a: Slowking|move: Trick|[of] p1a: Tubby
|-item|p1a: Tubby|Black Sludge|[from] move: Trick
|-item|p2a: Slowking|Heavy-Duty Boots|[from] move: Trick
|
|-damage|p1a: Tubby|40/100|[from] item: Black Sludge
|upkeep
|turn|31
|
|t:|1743863273
|-prepare|p2a: Slowking|Chilly Reception|[premajor]
|move|p2a: Slowking|Chilly Reception|p2a: Slowking
|-weather|Snowscape
|
|t:|1743863286
|switch|p2a: Gliscor|Gliscor, M, tera:Water|69/100 tox|[from] Chilly Reception
|move|p1a: Tubby|Dragon Tail|p2a: Gliscor
|-damage|p2a: Gliscor|48/100 tox
|drag|p2a: Weavile|Weavile, M|100/100
|-ability|p2a: Weavile|Pressure
|
|-weather|Snowscape|[upkeep]
|-damage|p1a: Tubby|27/100|[from] item: Black Sludge
|upkeep
|turn|32
|inactive|Tipdik has 90 seconds left.
|
|t:|1743863301
|move|p1a: Tubby|Extreme Speed|p2a: Weavile
|-damage|p2a: Weavile|67/100
|move|p2a: Weavile|Ice Shard|p1a: Tubby
|-supereffective|p1a: Tubby
|-damage|p1a: Tubby|0 fnt
|faint|p1a: Tubby
|
|-weather|Snowscape|[upkeep]
|upkeep
|
|t:|1743863312
|switch|p1a: Wellspring "Check"|Pecharunt, tera:Dark|87/100 tox
|-damage|p1a: Wellspring "Check"|62/100 tox|[from] Spikes
|turn|33
|inactive|Tipdik has 90 seconds left.
|
|t:|1743863339
|move|p2a: Weavile|Swords Dance|p2a: Weavile
|-boost|p2a: Weavile|atk|2
|move|p1a: Wellspring "Check"|Malignant Chain|p2a: Weavile
|-damage|p2a: Weavile|27/100
|-status|p2a: Weavile|tox
|-start|p2a: Weavile|confusion|[from] ability: Poison Puppeteer|[of] p1a: Wellspring "Check"
|
|-weather|Snowscape|[upkeep]
|-damage|p2a: Weavile|21/100 tox|[from] psn
|-damage|p1a: Wellspring "Check"|56/100 tox|[from] psn
|upkeep
|turn|34
|
|t:|1743863349
|-activate|p2a: Weavile|confusion
|move|p2a: Weavile|Triple Axel|p1a: Wellspring "Check"
|-damage|p1a: Wellspring "Check"|43/100 tox
|-crit|p1a: Wellspring "Check"
|-damage|p1a: Wellspring "Check"|8/100 tox
|-damage|p1a: Wellspring "Check"|0 fnt
|faint|p1a: Wellspring "Check"
|-hitcount|p1: Wellspring "Check"|3
|
|-weather|Snowscape|[upkeep]
|-damage|p2a: Weavile|9/100 tox|[from] psn
|upkeep
|
|t:|1743863370
|switch|p1a: Triborg|Iron Valiant, shiny|76/100
|-damage|p1a: Triborg|51/100|[from] Spikes
|turn|35
|
|t:|1743863375
|-activate|p2a: Weavile|confusion
|-damage|p2a: Weavile|0 fnt|[from] confusion
|faint|p2a: Weavile
|move|p1a: Triborg|Shadow Ball|p2: Weavile|[notarget]
|-fail|p1a: Triborg
|
|-weather|none
|upkeep
|inactive|Tipdik has 90 seconds left.
|
|t:|1743863406
|switch|p2a: Gliscor|Gliscor, M, tera:Water|48/100 tox
|turn|36
|
|t:|1743863410
|-end|p1a: Triborg|Quark Drive|[silent]
|switch|p1a: Samurai Warrior|Samurott-Hisui, M|58/100
|move|p2a: Gliscor|Protect||[still]
|-fail|p2a: Gliscor
|
|-heal|p2a: Gliscor|60/100 tox|[from] ability: Poison Heal
|upkeep
|turn|37
|inactive|Tipdik has 90 seconds left.
|
|t:|1743863418
|move|p2a: Gliscor|Protect|p2a: Gliscor
|-singleturn|p2a: Gliscor|Protect
|move|p1a: Samurai Warrior|Ceaseless Edge|p2a: Gliscor
|-activate|p2a: Gliscor|move: Protect
|
|-heal|p2a: Gliscor|73/100 tox|[from] ability: Poison Heal
|upkeep
|turn|38
|
|t:|1743863425
|switch|p2a: Alomomola|Alomomola, F|72/100 tox
|move|p1a: Samurai Warrior|Ceaseless Edge|p2a: Alomomola|[miss]
|-miss|p1a: Samurai Warrior|p2a: Alomomola
|
|-damage|p2a: Alomomola|66/100 tox|[from] psn
|upkeep
|turn|39
|
|t:|1743863435
|move|p1a: Samurai Warrior|Ceaseless Edge|p2a: Alomomola
|-damage|p2a: Alomomola|44/100 tox
|-sidestart|p2: Tipdik|Spikes
|move|p2a: Alomomola|Flip Turn|p1a: Samurai Warrior
|-resisted|p1a: Samurai Warrior
|-damage|p1a: Samurai Warrior|48/100
|
|t:|1743863442
|switch|p2a: Kyurem|Kyurem|21/100|[from] Flip Turn
|-damage|p2a: Kyurem|9/100|[from] Spikes
|-ability|p2a: Kyurem|Pressure
|
|upkeep
|turn|40
|
|t:|1743863450
|switch|p1a: Triborg|Iron Valiant, shiny|51/100
|-damage|p1a: Triborg|26/100|[from] Spikes
|move|p2a: Kyurem|Earth Power|p1a: Triborg
|-damage|p1a: Triborg|0 fnt
|faint|p1a: Triborg
|-end|p1a: Triborg|Quark Drive|[silent]
|
|upkeep
|
|t:|1743863453
|switch|p1a: A Dictatorship|Kingambit, M|83/100
|-damage|p1a: A Dictatorship|59/100|[from] Spikes
|-activate|p1a: A Dictatorship|ability: Supreme Overlord
|-start|p1a: A Dictatorship|fallen4|[silent]
|turn|41
|
|t:|1743863461
|move|p1a: A Dictatorship|Sucker Punch|p2a: Kyurem
|-damage|p2a: Kyurem|0 fnt
|faint|p2a: Kyurem
|
|-heal|p1a: A Dictatorship|65/100|[from] item: Leftovers
|upkeep
|
|t:|1743863463
|switch|p2a: Gliscor|Gliscor, M, tera:Water|73/100 tox
|-damage|p2a: Gliscor|60/100 tox|[from] Spikes
|turn|42
|
|t:|1743863481
|-end|p1a: A Dictatorship|fallen4|[silent]
|switch|p1a: Samurai Warrior|Samurott-Hisui, M|48/100
|move|p2a: Gliscor|Earthquake|p1a: Samurai Warrior
|-damage|p1a: Samurai Warrior|4/100
|
|-heal|p2a: Gliscor|73/100 tox|[from] ability: Poison Heal
|upkeep
|turn|43
|
|t:|1743863492
|move|p1a: Samurai Warrior|Ceaseless Edge|p2a: Gliscor
|-damage|p2a: Gliscor|45/100 tox
|-sidestart|p2: Tipdik|Spikes
|move|p2a: Gliscor|Earthquake|p1a: Samurai Warrior
|-damage|p1a: Samurai Warrior|0 fnt
|faint|p1a: Samurai Warrior
|
|-heal|p2a: Gliscor|57/100 tox|[from] ability: Poison Heal
|upkeep
|
|t:|1743863495
|switch|p1a: A Dictatorship|Kingambit, M|65/100
|-damage|p1a: A Dictatorship|40/100|[from] Spikes
|-activate|p1a: A Dictatorship|ability: Supreme Overlord
|-start|p1a: A Dictatorship|fallen5|[silent]
|turn|44
|
|t:|1743863502
|move|p2a: Gliscor|Earthquake|p1a: A Dictatorship
|-supereffective|p1a: A Dictatorship
|-damage|p1a: A Dictatorship|0 fnt
|faint|p1a: A Dictatorship
|-end|p1a: A Dictatorship|fallen5|[silent]
|
|win|Tipdik
|raw|YT-Cyber-DJ's rating: 1390 &rarr; <strong>1373</strong><br />(-17 for losing)
|raw|Tipdik's rating: 1447 &rarr; <strong>1464</strong><br />(+17 for winning)
|l|☆YT-Cyber-DJ
|player|p1|
