|j|☆Dumbluck23
|j|☆Violet1994
|t:|1743909017
|gametype|singles
|player|p1|Dumbluck23|skyla|1243
|player|p2|Violet1994|cheryl|1235
|teamsize|p1|6
|teamsize|p2|6
|gen|9
|tier|[Gen 9] OU
|rated|
|rule|HP Percentage Mod: HP is shown in percentages
|rule|Endless Battle Clause: Forcing endless battles is banned
|rule|Species Clause: Limit one of each Pokémon
|rule|OHKO Clause: OHKO moves are banned
|rule|Evasion Items Clause: Evasion items are banned
|rule|Evasion Moves Clause: Evasion moves are banned
|rule|Sleep Moves Clause: Sleep-inducing moves are banned
|clearpoke
|poke|p1|Clefable, F|
|poke|p1|Armarouge, F|
|poke|p1|Moltres-Galar|
|poke|p1|Garganacl, M|
|poke|p1|Gliscor, F|
|poke|p1|Hatterene, F|
|poke|p2|Meganium, F|
|poke|p2|Clefable, M|
|poke|p2|Gardevoir, F|
|poke|p2|Milotic, F|
|poke|p2|Chandelure, M|
|poke|p2|Dragonite, M|
|teampreview
|inactive|Battle timer is ON: inactive players will automatically lose when time's up. (requested by Violet1994)
|c|☆Dumbluck23|gl hf
|inactive|Violet1994 has 120 seconds left.
|
|t:|1743909051
|start
|switch|p1a: Garganacl|Garganacl, M|100/100
|switch|p2a: Chandelure|Chandelure, M, shiny|100/100
|turn|1
|
|t:|1743909060
|move|p2a: Chandelure|Energy Ball|p1a: Garganacl
|-supereffective|p1a: Garganacl
|-damage|p1a: Garganacl|29/100
|move|p1a: Garganacl|Salt Cure|p2a: Chandelure
|-supereffective|p2a: Chandelure
|-damage|p2a: Chandelure|67/100
|-start|p2a: Chandelure|Salt Cure
|
|-damage|p2a: Chandelure|55/100|[from] Salt Cure
|upkeep
|turn|2
|
|t:|1743909074
|switch|p1a: Moltres|Moltres-Galar|100/100
|move|p2a: Chandelure|Energy Ball|p1a: Moltres
|-resisted|p1a: Moltres
|-damage|p1a: Moltres|87/100
|
|-heal|p1a: Moltres|94/100|[from] item: Leftovers
|-damage|p2a: Chandelure|42/100|[from] Salt Cure
|upkeep
|turn|3
|
|t:|1743909103
|move|p1a: Moltres|Protect|p1a: Moltres
|-singleturn|p1a: Moltres|Protect
|move|p2a: Chandelure|Trick Room|p2a: Chandelure
|-fieldstart|move: Trick Room|[of] p2a: Chandelure
|
|-heal|p1a: Moltres|99/100|[from] item: Leftovers
|-damage|p2a: Chandelure|30/100|[from] Salt Cure
|upkeep
|turn|4
|
|t:|1743909111
|move|p2a: Chandelure|Heat Wave|p1a: Moltres
|-damage|p1a: Moltres|57/100
|move|p1a: Moltres|Ancient Power|p2a: Chandelure
|-supereffective|p2a: Chandelure
|-damage|p2a: Chandelure|0 fnt
|faint|p2a: Chandelure
|
|-heal|p1a: Moltres|63/100|[from] item: Leftovers
|upkeep
|
|t:|1743909123
|switch|p2a: Clefable|Clefable, M, shiny|100/100
|turn|5
|
|t:|1743909130
|move|p2a: Clefable|Meteor Beam||[still]
|-prepare|p2a: Clefable|Meteor Beam
|-boost|p2a: Clefable|spa|1
|-enditem|p2a: Clefable|Power Herb
|-anim|p2a: Clefable|Meteor Beam|p1a: Moltres
|-supereffective|p1a: Moltres
|-damage|p1a: Moltres|0 fnt
|faint|p1a: Moltres
|
|upkeep
|
|t:|1743909141
|switch|p1a: Clefable|Clefable, F|100/100
|turn|6
|
|t:|1743909147
|move|p2a: Clefable|Thunder Wave|p1a: Clefable
|-status|p1a: Clefable|par
|move|p1a: Clefable|Cosmic Power|p1a: Clefable
|-boost|p1a: Clefable|def|1
|-boost|p1a: Clefable|spd|1
|
|upkeep
|turn|7
|
|t:|1743909162
|move|p1a: Clefable|Cosmic Power|p1a: Clefable
|-boost|p1a: Clefable|def|1
|-boost|p1a: Clefable|spd|1
|move|p2a: Clefable|Moonblast|p1a: Clefable
|-damage|p1a: Clefable|80/100 par
|
|-fieldend|move: Trick Room
|upkeep
|turn|8
|
|t:|1743909184
|move|p2a: Clefable|Moonblast|p1a: Clefable
|-damage|p1a: Clefable|62/100 par
|move|p1a: Clefable|Draining Kiss|p2a: Clefable
|-damage|p2a: Clefable|82/100
|-heal|p1a: Clefable|76/100 par|[from] drain|[of] p2a: Clefable
|
|upkeep
|turn|9
|
|t:|1743909192
|switch|p2a: Milotic|Milotic, F, shiny|100/100
|cant|p1a: Clefable|par
|
|upkeep
|turn|10
|
|t:|1743909199
|move|p2a: Milotic|Haze|p2a: Milotic
|-clearallboost
|move|p1a: Clefable|Cosmic Power|p1a: Clefable
|-boost|p1a: Clefable|def|1
|-boost|p1a: Clefable|spd|1
|
|upkeep
|turn|11
|
|t:|1743909205
|switch|p1a: Armarouge|Armarouge, F, shiny|100/100
|move|p2a: Milotic|Haze|p2a: Milotic
|-clearallboost
|
|upkeep
|turn|12
|
|t:|1743909223
|switch|p1a: Hatterene|Hatterene, F, shiny|100/100
|move|p2a: Milotic|Scald|p1a: Hatterene
|-damage|p1a: Hatterene|70/100
|-status|p1a: Hatterene|brn
|
|-heal|p1a: Hatterene|76/100 brn|[from] item: Leftovers
|-damage|p1a: Hatterene|70/100 brn|[from] brn
|upkeep
|turn|13
|
|t:|1743909229
|move|p2a: Milotic|Scald|p1a: Hatterene
|-damage|p1a: Hatterene|40/100 brn
|move|p1a: Hatterene|Nuzzle|p2a: Milotic
|-supereffective|p2a: Milotic
|-damage|p2a: Milotic|98/100
|-status|p2a: Milotic|par
|
|-heal|p2a: Milotic|100/100 par|[from] item: Leftovers
|-heal|p1a: Hatterene|46/100 brn|[from] item: Leftovers
|-damage|p1a: Hatterene|40/100 brn|[from] brn
|upkeep
|turn|14
|
|t:|1743909245
|move|p2a: Milotic|Scald|p1a: Hatterene
|-damage|p1a: Hatterene|14/100 brn
|move|p1a: Hatterene|Draining Kiss|p2a: Milotic
|-damage|p2a: Milotic|80/100 par
|-heal|p1a: Hatterene|34/100 brn|[from] drain|[of] p2a: Milotic
|
|-heal|p2a: Milotic|87/100 par|[from] item: Leftovers
|-heal|p1a: Hatterene|40/100 brn|[from] item: Leftovers
|-damage|p1a: Hatterene|34/100 brn|[from] brn
|upkeep
|turn|15
|
|t:|1743909268
|cant|p2a: Milotic|par
|move|p1a: Hatterene|Calm Mind|p1a: Hatterene
|-boost|p1a: Hatterene|spa|1
|-boost|p1a: Hatterene|spd|1
|
|-heal|p2a: Milotic|93/100 par|[from] item: Leftovers
|-heal|p1a: Hatterene|40/100 brn|[from] item: Leftovers
|-damage|p1a: Hatterene|34/100 brn|[from] brn
|upkeep
|turn|16
|
|t:|1743909274
|cant|p2a: Milotic|par
|move|p1a: Hatterene|Draining Kiss|p2a: Milotic
|-damage|p2a: Milotic|58/100 par
|-heal|p1a: Hatterene|67/100 brn|[from] drain|[of] p2a: Milotic
|
|-heal|p2a: Milotic|64/100 par|[from] item: Leftovers
|-heal|p1a: Hatterene|73/100 brn|[from] item: Leftovers
|-damage|p1a: Hatterene|67/100 brn|[from] brn
|upkeep
|turn|17
|
|t:|1743909284
|move|p2a: Milotic|Haze|p2a: Milotic
|-clearallboost
|move|p1a: Hatterene|Draining Kiss|p2a: Milotic
|-damage|p2a: Milotic|45/100 par
|-heal|p1a: Hatterene|87/100 brn|[from] drain|[of] p2a: Milotic
|
|-heal|p2a: Milotic|51/100 par|[from] item: Leftovers
|-heal|p1a: Hatterene|93/100 brn|[from] item: Leftovers
|-damage|p1a: Hatterene|87/100 brn|[from] brn
|upkeep
|turn|18
|
|t:|1743909295
|switch|p2a: Meganium|Meganium, F, shiny|100/100
|move|p1a: Hatterene|Draining Kiss|p2a: Meganium
|-damage|p2a: Meganium|77/100
|-heal|p1a: Hatterene|100/100 brn|[from] drain|[of] p2a: Meganium
|
|-damage|p1a: Hatterene|94/100 brn|[from] brn
|upkeep
|turn|19
|
|t:|1743909300
|move|p2a: Meganium|Swords Dance|p2a: Meganium
|-boost|p2a: Meganium|atk|2
|move|p1a: Hatterene|Nuzzle|p2a: Meganium
|-resisted|p2a: Meganium
|-damage|p2a: Meganium|76/100
|-status|p2a: Meganium|par
|
|-heal|p1a: Hatterene|100/100 brn|[from] item: Leftovers
|-damage|p1a: Hatterene|94/100 brn|[from] brn
|upkeep
|turn|20
|
|t:|1743909306
|switch|p1a: Garganacl|Garganacl, M|29/100
|move|p2a: Meganium|Petal Blizzard|p1a: Garganacl
|-supereffective|p1a: Garganacl
|-damage|p1a: Garganacl|0 fnt
|faint|p1a: Garganacl
|
|upkeep
|
|t:|1743909319
|switch|p1a: Clefable|Clefable, F|76/100 par
|turn|21
|
|t:|1743909327
|cant|p2a: Meganium|par
|move|p1a: Clefable|Cosmic Power|p1a: Clefable
|-boost|p1a: Clefable|def|1
|-boost|p1a: Clefable|spd|1
|
|upkeep
|turn|22
|
|t:|1743909338
|move|p2a: Meganium|Petal Blizzard|p1a: Clefable
|-damage|p1a: Clefable|55/100 par
|move|p1a: Clefable|Cosmic Power|p1a: Clefable
|-boost|p1a: Clefable|def|1
|-boost|p1a: Clefable|spd|1
|
|upkeep
|turn|23
|
|t:|1743909362
|move|p2a: Meganium|Swords Dance|p2a: Meganium
|-boost|p2a: Meganium|atk|2
|move|p1a: Clefable|Cosmic Power|p1a: Clefable
|-boost|p1a: Clefable|def|1
|-boost|p1a: Clefable|spd|1
|
|upkeep
|turn|24
|
|t:|1743909369
|move|p2a: Meganium|Synthesis|p2a: Meganium
|-heal|p2a: Meganium|100/100 par
|move|p1a: Clefable|Cosmic Power|p1a: Clefable
|-boost|p1a: Clefable|def|1
|-boost|p1a: Clefable|spd|1
|
|upkeep
|turn|25
|
|t:|1743909377
|move|p2a: Meganium|Swords Dance|p2a: Meganium
|-boost|p2a: Meganium|atk|2
|move|p1a: Clefable|Draining Kiss|p2a: Meganium
|-damage|p2a: Meganium|82/100 par
|-heal|p1a: Clefable|67/100 par|[from] drain|[of] p2a: Meganium
|
|upkeep
|turn|26
|
|t:|1743909390
|move|p2a: Meganium|Petal Blizzard|p1a: Clefable
|-damage|p1a: Clefable|57/100 par
|move|p1a: Clefable|Stored Power|p2a: Meganium
|-damage|p2a: Meganium|44/100 par
|
|upkeep
|turn|27
|
|t:|1743909398
|move|p2a: Meganium|Synthesis|p2a: Meganium
|-heal|p2a: Meganium|94/100 par
|move|p1a: Clefable|Moonlight|p1a: Clefable
|-heal|p1a: Clefable|100/100 par
|
|upkeep
|turn|28
|
|t:|1743909402
|move|p2a: Meganium|Petal Blizzard|p1a: Clefable
|-damage|p1a: Clefable|90/100 par
|move|p1a: Clefable|Cosmic Power|p1a: Clefable
|-boost|p1a: Clefable|def|1
|-boost|p1a: Clefable|spd|1
|
|upkeep
|turn|29
|
|t:|1743909422
|move|p2a: Meganium|Petal Blizzard|p1a: Clefable
|-damage|p1a: Clefable|81/100 par
|cant|p1a: Clefable|par
|
|upkeep
|turn|30
|
|t:|1743909428
|move|p2a: Meganium|Petal Blizzard|p1a: Clefable
|-damage|p1a: Clefable|73/100 par
|move|p1a: Clefable|Cosmic Power|p1a: Clefable
|-boost|p1a: Clefable|def|1
|-boost|p1a: Clefable|spd|1
|
|upkeep
|turn|31
|
|t:|1743909437
|switch|p2a: Milotic|Milotic, F, shiny|51/100 par
|move|p1a: Clefable|Stored Power|p2a: Milotic
|-damage|p2a: Milotic|5/100 par
|
|-heal|p2a: Milotic|11/100 par|[from] item: Leftovers
|upkeep
|turn|32
|
|t:|1743909451
|cant|p2a: Milotic|par
|cant|p1a: Clefable|par
|
|-heal|p2a: Milotic|17/100 par|[from] item: Leftovers
|upkeep
|turn|33
|
|t:|1743909469
|cant|p2a: Milotic|par
|cant|p1a: Clefable|par
|
|-heal|p2a: Milotic|23/100 par|[from] item: Leftovers
|upkeep
|turn|34
|
|t:|1743909476
|move|p2a: Milotic|Haze|p2a: Milotic
|-clearallboost
|cant|p1a: Clefable|par
|
|-heal|p2a: Milotic|29/100 par|[from] item: Leftovers
|upkeep
|turn|35
|
|t:|1743909481
|cant|p2a: Milotic|par
|cant|p1a: Clefable|par
|
|-heal|p2a: Milotic|36/100 par|[from] item: Leftovers
|upkeep
|turn|36
|
|t:|1743909487
|cant|p2a: Milotic|par
|move|p1a: Clefable|Draining Kiss|p2a: Milotic
|-damage|p2a: Milotic|21/100 par
|-heal|p1a: Clefable|84/100 par|[from] drain|[of] p2a: Milotic
|
|-heal|p2a: Milotic|27/100 par|[from] item: Leftovers
|upkeep
|turn|37
|
|t:|1743909502
|cant|p2a: Milotic|par
|move|p1a: Clefable|Draining Kiss|p2a: Milotic
|-damage|p2a: Milotic|12/100 par
|-heal|p1a: Clefable|95/100 par|[from] drain|[of] p2a: Milotic
|
|-heal|p2a: Milotic|18/100 par|[from] item: Leftovers
|upkeep
|turn|38
|
|t:|1743909509
|move|p2a: Milotic|Recover|p2a: Milotic
|-heal|p2a: Milotic|68/100 par
|cant|p1a: Clefable|par
|
|-heal|p2a: Milotic|74/100 par|[from] item: Leftovers
|upkeep
|turn|39
|
|t:|1743909520
|switch|p2a: Dragonite|Dragonite, M, shiny|100/100
|switch|p1a: Hatterene|Hatterene, F, shiny|94/100 brn
|
|-heal|p1a: Hatterene|100/100 brn|[from] item: Leftovers
|-damage|p1a: Hatterene|94/100 brn|[from] brn
|upkeep
|turn|40
|
|t:|1743909527
|switch|p1a: Gliscor|Gliscor, F|100/100
|-terastallize|p2a: Dragonite|Flying
|move|p2a: Dragonite|Tera Blast|p1a: Gliscor|[anim] Tera Blast Flying
|-damage|p1a: Gliscor|47/100
|
|-status|p1a: Gliscor|tox|[from] item: Toxic Orb
|upkeep
|turn|41
|
|t:|1743909533
|move|p1a: Gliscor|Protect|p1a: Gliscor
|-singleturn|p1a: Gliscor|Protect
|move|p2a: Dragonite|Tera Blast|p1a: Gliscor|[anim] Tera Blast Flying
|-activate|p1a: Gliscor|move: Protect
|
|-heal|p1a: Gliscor|60/100 tox|[from] ability: Poison Heal
|upkeep
|turn|42
|
|t:|1743909549
|move|p1a: Gliscor|Knock Off|p2a: Dragonite
|-damage|p2a: Dragonite|82/100
|-enditem|p2a: Dragonite|Choice Band|[from] move: Knock Off|[of] p1a: Gliscor
|move|p2a: Dragonite|Tera Blast|p1a: Gliscor|[anim] Tera Blast Flying
|-damage|p1a: Gliscor|20/100 tox
|
|-heal|p1a: Gliscor|32/100 tox|[from] ability: Poison Heal
|upkeep
|turn|43
|
|t:|1743909556
|switch|p2a: Milotic|Milotic, F, shiny|74/100 par
|move|p1a: Gliscor|Protect||[still]
|-fail|p1a: Gliscor
|
|-heal|p2a: Milotic|80/100 par|[from] item: Leftovers
|-heal|p1a: Gliscor|45/100 tox|[from] ability: Poison Heal
|upkeep
|turn|44
|
|t:|1743909560
|move|p1a: Gliscor|Knock Off|p2a: Milotic
|-damage|p2a: Milotic|64/100 par
|-enditem|p2a: Milotic|Leftovers|[from] move: Knock Off|[of] p1a: Gliscor
|move|p2a: Milotic|Ice Beam|p1a: Gliscor
|-supereffective|p1a: Gliscor
|-damage|p1a: Gliscor|0 fnt
|faint|p1a: Gliscor
|
|upkeep
|
|t:|1743909577
|switch|p1a: Armarouge|Armarouge, F, shiny|100/100
|turn|45
|
|t:|1743909582
|move|p1a: Armarouge|Iron Defense|p1a: Armarouge
|-boost|p1a: Armarouge|def|2
|move|p2a: Milotic|Scald|p1a: Armarouge
|-supereffective|p1a: Armarouge
|-damage|p1a: Armarouge|37/100
|-enditem|p1a: Armarouge|Weakness Policy
|-boost|p1a: Armarouge|atk|2|[from] item: Weakness Policy
|-boost|p1a: Armarouge|spa|2|[from] item: Weakness Policy
|
|upkeep
|turn|46
|
|t:|1743909592
|move|p1a: Armarouge|Stored Power|p2a: Milotic
|-damage|p2a: Milotic|0 fnt
|faint|p2a: Milotic
|
|upkeep
|
|t:|1743909596
|switch|p2a: Dragonite|Dragonite, M, shiny, tera:Flying|82/100
|turn|47
|
|t:|1743909603
|move|p2a: Dragonite|Extreme Speed|p1a: Armarouge
|-damage|p1a: Armarouge|24/100
|-ability|p1a: Armarouge|Weak Armor|boost
|-unboost|p1a: Armarouge|def|1
|-boost|p1a: Armarouge|spe|2
|move|p1a: Armarouge|Stored Power|p2a: Dragonite
|-damage|p2a: Dragonite|0 fnt
|faint|p2a: Dragonite
|
|upkeep
|
|t:|1743909613
|switch|p2a: Gardevoir|Gardevoir, F, shiny|100/100
|-ability|p2a: Gardevoir|Weak Armor|[from] ability: Trace|[of] p1a: Armarouge
|turn|48
|inactive|Dumbluck23 has 120 seconds left.
|
|t:|1743909655
|move|p1a: Armarouge|Stored Power|p2a: Gardevoir
|-resisted|p2a: Gardevoir
|-damage|p2a: Gardevoir|32/100
|move|p2a: Gardevoir|Trick Room|p2a: Gardevoir
|-fieldstart|move: Trick Room|[of] p2a: Gardevoir
|
|upkeep
|turn|49
|
|t:|1743909663
|move|p2a: Gardevoir|Moonblast|p1a: Armarouge
|-resisted|p1a: Armarouge
|-damage|p1a: Armarouge|0 fnt
|faint|p1a: Armarouge
|
|upkeep
|
|t:|1743909677
|switch|p1a: Clefable|Clefable, F|95/100 par
|turn|50
|
|t:|1743909686
|cant|p1a: Clefable|par
|move|p2a: Gardevoir|Mystical Fire|p1a: Clefable
|-damage|p1a: Clefable|73/100 par
|-unboost|p1a: Clefable|spa|1
|
|upkeep
|turn|51
|inactive|Dumbluck23 has 120 seconds left.
|
|t:|1743909695
|move|p1a: Clefable|Cosmic Power|p1a: Clefable
|-boost|p1a: Clefable|def|1
|-boost|p1a: Clefable|spd|1
|move|p2a: Gardevoir|Mystical Fire|p1a: Clefable
|-damage|p1a: Clefable|56/100 par
|-unboost|p1a: Clefable|spa|1
|
|upkeep
|turn|52
|
|t:|1743909704
|move|p1a: Clefable|Cosmic Power|p1a: Clefable
|-boost|p1a: Clefable|def|1
|-boost|p1a: Clefable|spd|1
|move|p2a: Gardevoir|Mystical Fire|p1a: Clefable
|-damage|p1a: Clefable|45/100 par
|-unboost|p1a: Clefable|spa|1
|
|-fieldend|move: Trick Room
|upkeep
|turn|53
|
|t:|1743909716
|move|p2a: Gardevoir|Moonblast|p1a: Clefable
|-damage|p1a: Clefable|20/100 par
|move|p1a: Clefable|Moonlight|p1a: Clefable
|-heal|p1a: Clefable|70/100 par
|
|upkeep
|turn|54
|inactive|Dumbluck23 has 120 seconds left.
|
|t:|1743909740
|move|p2a: Gardevoir|Moonblast|p1a: Clefable
|-damage|p1a: Clefable|48/100 par
|-unboost|p1a: Clefable|spa|1
|move|p1a: Clefable|Draining Kiss|p2a: Gardevoir
|-damage|p2a: Gardevoir|25/100
|-heal|p1a: Clefable|52/100 par|[from] drain|[of] p2a: Gardevoir
|
|upkeep
|turn|55
|inactive|Dumbluck23 has 120 seconds left.
|
|t:|1743909751
|move|p2a: Gardevoir|Moonblast|p1a: Clefable
|-damage|p1a: Clefable|27/100 par
|move|p1a: Clefable|Cosmic Power|p1a: Clefable
|-boost|p1a: Clefable|def|1
|-boost|p1a: Clefable|spd|1
|
|upkeep
|turn|56
|
|t:|1743909757
|move|p2a: Gardevoir|Psychic|p1a: Clefable
|-damage|p1a: Clefable|10/100 par
|move|p1a: Clefable|Moonlight|p1a: Clefable
|-heal|p1a: Clefable|60/100 par
|
|upkeep
|turn|57
|
|t:|1743909768
|move|p2a: Gardevoir|Moonblast|p1a: Clefable
|-damage|p1a: Clefable|43/100 par
|-unboost|p1a: Clefable|spa|1
|move|p1a: Clefable|Cosmic Power|p1a: Clefable
|-boost|p1a: Clefable|def|1
|-boost|p1a: Clefable|spd|1
|
|upkeep
|turn|58
|
|t:|1743909779
|move|p2a: Gardevoir|Moonblast|p1a: Clefable
|-damage|p1a: Clefable|28/100 par
|move|p1a: Clefable|Stored Power|p2a: Gardevoir
|-resisted|p2a: Gardevoir
|-damage|p2a: Gardevoir|20/100
|
|upkeep
|turn|59
|
|t:|1743909788
|move|p2a: Gardevoir|Moonblast|p1a: Clefable
|-damage|p1a: Clefable|13/100 par
|-unboost|p1a: Clefable|spa|1
|cant|p1a: Clefable|par
|
|upkeep
|turn|60
|
|t:|1743909797
|move|p2a: Gardevoir|Psychic|p1a: Clefable
|-damage|p1a: Clefable|0 fnt
|faint|p1a: Clefable
|
|upkeep
|
|t:|1743909809
|switch|p1a: Hatterene|Hatterene, F, shiny|94/100 brn
|turn|61
|
|t:|1743909813
|move|p2a: Gardevoir|Mystical Fire|p1a: Hatterene
|-damage|p1a: Hatterene|66/100 brn
|-unboost|p1a: Hatterene|spa|1
|move|p1a: Hatterene|Nuzzle|p2a: Gardevoir
|-damage|p2a: Gardevoir|17/100
|-ability|p2a: Gardevoir|Weak Armor|boost
|-unboost|p2a: Gardevoir|def|1
|-boost|p2a: Gardevoir|spe|2
|
|-heal|p1a: Hatterene|72/100 brn|[from] item: Leftovers
|-damage|p1a: Hatterene|66/100 brn|[from] brn
|upkeep
|turn|62
|
|t:|1743909839
|move|p2a: Gardevoir|Moonblast|p1a: Hatterene
|-damage|p1a: Hatterene|11/100 brn
|move|p1a: Hatterene|Calm Mind|p1a: Hatterene
|-boost|p1a: Hatterene|spa|1
|-boost|p1a: Hatterene|spd|1
|
|-heal|p1a: Hatterene|17/100 brn|[from] item: Leftovers
|-damage|p1a: Hatterene|11/100 brn|[from] brn
|upkeep
|turn|63
|-message|Dumbluck23 forfeited.
|
|win|Violet1994
|raw|Dumbluck23's rating: 1243 &rarr; <strong>1217</strong><br />(-26 for losing)
|raw|Violet1994's rating: 1235 &rarr; <strong>1261</strong><br />(+26 for winning)
|l|☆Dumbluck23
|player|p1|
|l|☆Violet1994
|player|p2|
