|j|☆No_OverUsed?
|j|☆MiaTaylor612
|t:|1743797586
|gametype|singles
|player|p1|No_OverUsed?|marlon|1779
|player|p2|MiaTaylor612|idol|1712
|teamsize|p1|6
|teamsize|p2|6
|gen|9
|tier|[Gen 9] OU
|rated|
|rule|HP Percentage Mod: HP is shown in percentages
|rule|Endless Battle Clause: Forcing endless battles is banned
|rule|Species Clause: Limit one of each Pokémon
|rule|OHKO Clause: OHKO moves are banned
|rule|Evasion Items Clause: Evasion items are banned
|rule|Evasion Moves Clause: Evasion moves are banned
|rule|Sleep Moves Clause: Sleep-inducing moves are banned
|clearpoke
|poke|p1|Scizor, M|
|poke|p1|Thundurus-Therian, M|
|poke|p1|Reuniclus, M|
|poke|p1|Brambleghast, M|
|poke|p1|Incineroar, M|
|poke|p1|Keldeo-Resolute|
|poke|p2|Garchomp, M|
|poke|p2|Slowking-Galar, M|
|poke|p2|Gholdengo|
|poke|p2|Moltres|
|poke|p2|Iron Valiant|
|poke|p2|Kingambit, M|
|teampreview
|inactive|Battle timer is ON: inactive players will automatically lose when time's up. (requested by MiaTaylor612)
|inactive|MiaTaylor612 has 120 seconds left.
|
|t:|1743797626
|start
|switch|p1a: Guts|Keldeo-Resolute|100/100
|switch|p2a: Garchomp|Garchomp, M|100/100
|turn|1
|
|t:|1743797630
|switch|p2a: Slowking|Slowking-Galar, M|100/100
|move|p1a: Guts|Surf|p2a: Slowking
|-damage|p2a: Slowking|61/100
|
|upkeep
|turn|2
|c|☆MiaTaylor612|truly a no OU team
|
|t:|1743797638
|switch|p1a: Genosis|Reuniclus, M, shiny|100/100
|-prepare|p2a: Slowking|Chilly Reception|[premajor]
|move|p2a: Slowking|Chilly Reception|p2a: Slowking
|-weather|Snowscape
|
|t:|1743797646
|switch|p2a: Garchomp|Garchomp, M|100/100|[from] Chilly Reception
|
|-weather|Snowscape|[upkeep]
|upkeep
|turn|3
|c|☆No_OverUsed?|yessir
|
|t:|1743797653
|switch|p1a: George W. Bush|Brambleghast, M, shiny|100/100
|move|p2a: Garchomp|Stealth Rock|p1a: George W. Bush
|-sidestart|p1: No_OverUsed?|move: Stealth Rock
|
|-weather|Snowscape|[upkeep]
|upkeep
|turn|4
|
|t:|1743797657
|move|p1a: George W. Bush|Rapid Spin|p2a: Garchomp
|-damage|p2a: Garchomp|94/100
|-boost|p1a: George W. Bush|spe|1
|-damage|p1a: George W. Bush|88/100|[from] ability: Rough Skin|[of] p2a: Garchomp
|-damage|p1a: George W. Bush|71/100|[from] item: Rocky Helmet|[of] p2a: Garchomp
|-sideend|p1: No_OverUsed?|Stealth Rock|[from] move: Rapid Spin|[of] p1a: George W. Bush
|move|p2a: Garchomp|Dragon Tail|p1a: George W. Bush
|-damage|p1a: George W. Bush|47/100
|drag|p1a: VGC|Incineroar, M|100/100
|-ability|p1a: VGC|Intimidate|boost
|-unboost|p2a: Garchomp|atk|1
|
|-weather|Snowscape|[upkeep]
|upkeep
|turn|5
|
|t:|1743797666
|move|p2a: Garchomp|Stealth Rock|p1a: VGC
|-sidestart|p1: No_OverUsed?|move: Stealth Rock
|move|p1a: VGC|Will-O-Wisp|p2a: Garchomp
|-status|p2a: Garchomp|brn
|
|-weather|Snowscape|[upkeep]
|-damage|p2a: Garchomp|88/100 brn|[from] brn
|upkeep
|turn|6
|
|t:|1743797670
|move|p2a: Garchomp|Earthquake|p1a: VGC
|-supereffective|p1a: VGC
|-damage|p1a: VGC|75/100
|move|p1a: VGC|Parting Shot|p2a: Garchomp
|-unboost|p2a: Garchomp|atk|1
|-unboost|p2a: Garchomp|spa|1
|
|t:|1743797672
|switch|p1a: George W. Bush|Brambleghast, M, shiny|47/100|[from] Parting Shot
|-damage|p1a: George W. Bush|34/100|[from] Stealth Rock
|
|-weather|none
|-damage|p2a: Garchomp|82/100 brn|[from] brn
|upkeep
|turn|7
|
|t:|1743797677
|switch|p2a: Gholdengo|Gholdengo|100/100
|move|p1a: George W. Bush|Strength Sap|p2a: Gholdengo
|-immune|p2a: Gholdengo|[from] ability: Good as Gold
|
|upkeep
|turn|8
|
|t:|1743797681
|switch|p1a: VGC|Incineroar, M|75/100
|-damage|p1a: VGC|50/100|[from] Stealth Rock
|-ability|p1a: VGC|Intimidate|boost
|-unboost|p2a: Gholdengo|atk|1
|move|p2a: Gholdengo|Thunder Wave|p1a: VGC
|-status|p1a: VGC|par
|
|-heal|p1a: VGC|56/100 par|[from] item: Leftovers
|upkeep
|turn|9
|
|t:|1743797688
|switch|p2a: Garchomp|Garchomp, M|82/100 brn
|move|p1a: VGC|Knock Off|p2a: Garchomp
|-damage|p2a: Garchomp|58/100 brn
|-damage|p1a: VGC|44/100 par|[from] ability: Rough Skin|[of] p2a: Garchomp
|-damage|p1a: VGC|27/100 par|[from] item: Rocky Helmet|[of] p2a: Garchomp
|-enditem|p2a: Garchomp|Rocky Helmet|[from] move: Knock Off|[of] p1a: VGC
|
|-heal|p1a: VGC|33/100 par|[from] item: Leftovers
|-damage|p2a: Garchomp|52/100 brn|[from] brn
|upkeep
|turn|10
|c|☆MiaTaylor612|The VGC kitty
|
|t:|1743797696
|move|p2a: Garchomp|Spikes|p1a: VGC
|-sidestart|p1: No_OverUsed?|Spikes
|move|p1a: VGC|Parting Shot|p2a: Garchomp
|-unboost|p2a: Garchomp|atk|1
|-unboost|p2a: Garchomp|spa|1
|
|t:|1743797700
|switch|p1a: George W. Bush|Brambleghast, M, shiny|34/100|[from] Parting Shot
|-damage|p1a: George W. Bush|22/100|[from] Stealth Rock
|-damage|p1a: George W. Bush|9/100|[from] Spikes
|
|-damage|p2a: Garchomp|45/100 brn|[from] brn
|upkeep
|turn|11
|
|t:|1743797707
|switch|p2a: Gholdengo|Gholdengo|100/100
|move|p1a: George W. Bush|Strength Sap|p2a: Gholdengo
|-immune|p2a: Gholdengo|[from] ability: Good as Gold
|
|upkeep
|turn|12
|
|t:|1743797712
|switch|p2a: Garchomp|Garchomp, M|45/100 brn
|move|p1a: George W. Bush|Shadow Ball|p2a: Garchomp
|-damage|p2a: Garchomp|25/100 brn
|
|-damage|p2a: Garchomp|19/100 brn|[from] brn
|upkeep
|turn|13
|
|t:|1743797719
|move|p2a: Garchomp|Spikes|p1a: George W. Bush
|-sidestart|p1: No_OverUsed?|Spikes
|move|p1a: George W. Bush|Strength Sap|p2a: Garchomp
|-unboost|p2a: Garchomp|atk|1
|-heal|p1a: George W. Bush|100/100
|
|-damage|p2a: Garchomp|13/100 brn|[from] brn
|upkeep
|turn|14
|
|t:|1743797724
|switch|p2a: Gholdengo|Gholdengo|100/100
|move|p1a: George W. Bush|Shadow Ball|p2a: Gholdengo
|-supereffective|p2a: Gholdengo
|-damage|p2a: Gholdengo|56/100
|
|upkeep
|turn|15
|
|t:|1743797730
|switch|p1a: VGC|Incineroar, M|33/100 par
|-damage|p1a: VGC|8/100 par|[from] Stealth Rock
|-damage|p1a: VGC|0 fnt|[from] Spikes
|faint|p1a: VGC
|move|p2a: Gholdengo|Recover|p2a: Gholdengo
|-heal|p2a: Gholdengo|100/100
|
|upkeep
|
|t:|1743797736
|switch|p1a: Amber|Scizor, M, shiny|100/100
|-damage|p1a: Amber|88/100|[from] Stealth Rock
|-damage|p1a: Amber|72/100|[from] Spikes
|turn|16
|
|t:|1743797739
|move|p2a: Gholdengo|Thunder Wave|p1a: Amber
|-status|p1a: Amber|par
|move|p1a: Amber|Knock Off|p2a: Gholdengo
|-supereffective|p2a: Gholdengo
|-damage|p2a: Gholdengo|15/100
|-enditem|p2a: Gholdengo|Heavy-Duty Boots|[from] move: Knock Off|[of] p1a: Amber
|
|upkeep
|turn|17
|
|t:|1743797743
|move|p2a: Gholdengo|Recover|p2a: Gholdengo
|-heal|p2a: Gholdengo|65/100
|move|p1a: Amber|Knock Off|p2a: Gholdengo
|-supereffective|p2a: Gholdengo
|-damage|p2a: Gholdengo|8/100
|
|upkeep
|turn|18
|
|t:|1743797747
|move|p2a: Gholdengo|Hex|p1a: Amber
|-damage|p1a: Amber|0 fnt
|faint|p1a: Amber
|
|upkeep
|
|t:|1743797755
|switch|p1a: Zeus|Thundurus-Therian, M|100/100
|-damage|p1a: Zeus|76/100|[from] Stealth Rock
|turn|19
|
|t:|1743797757
|switch|p2a: Garchomp|Garchomp, M|13/100 brn
|move|p1a: Zeus|Volt Switch|p2a: Garchomp
|-immune|p2a: Garchomp
|
|-damage|p2a: Garchomp|7/100 brn|[from] brn
|upkeep
|turn|20
|j| iamfrhaan007
|
|t:|1743797764
|switch|p1a: George W. Bush|Brambleghast, M, shiny|100/100
|-damage|p1a: George W. Bush|88/100|[from] Stealth Rock
|-damage|p1a: George W. Bush|71/100|[from] Spikes
|move|p2a: Garchomp|Dragon Tail|p1a: George W. Bush
|-damage|p1a: George W. Bush|60/100
|drag|p1a: Zeus|Thundurus-Therian, M|76/100
|-damage|p1a: Zeus|51/100|[from] Stealth Rock
|
|-damage|p2a: Garchomp|0 fnt|[from] brn
|faint|p2a: Garchomp
|upkeep
|j| pokerus11
|
|t:|1743797768
|switch|p2a: Slowking|Slowking-Galar, M|94/100
|turn|21
|
|t:|1743797771
|move|p1a: Zeus|Volt Switch|p2a: Slowking
|-damage|p2a: Slowking|69/100
|
|t:|1743797772
|switch|p1a: Genosis|Reuniclus, M, shiny|100/100|[from] Volt Switch
|-damage|p1a: Genosis|88/100|[from] Stealth Rock
|-damage|p1a: Genosis|72/100|[from] Spikes
|move|p2a: Slowking|Ice Beam|p1a: Genosis
|-damage|p1a: Genosis|62/100
|
|upkeep
|turn|22
|
|t:|1743797778
|move|p1a: Genosis|Psyshock|p2a: Slowking
|-damage|p2a: Slowking|31/100
|move|p2a: Slowking|Sludge Bomb|p1a: Genosis
|-damage|p1a: Genosis|46/100
|-status|p1a: Genosis|psn
|
|-damage|p1a: Genosis|34/100 psn|[from] psn
|upkeep
|turn|23
|
|t:|1743797783
|move|p1a: Genosis|Focus Blast|p2a: Slowking|[miss]
|-miss|p1a: Genosis|p2a: Slowking
|-prepare|p2a: Slowking|Chilly Reception|[premajor]
|move|p2a: Slowking|Chilly Reception|p2a: Slowking
|-weather|Snowscape
|
|t:|1743797785
|switch|p2a: Gholdengo|Gholdengo|8/100|[from] Chilly Reception
|
|-weather|Snowscape|[upkeep]
|-damage|p1a: Genosis|22/100 psn|[from] psn
|upkeep
|turn|24
|
|t:|1743797790
|switch|p1a: Guts|Keldeo-Resolute|100/100
|-damage|p1a: Guts|94/100|[from] Stealth Rock
|-damage|p1a: Guts|78/100|[from] Spikes
|move|p2a: Gholdengo|Hex|p1a: Guts
|-damage|p1a: Guts|45/100
|
|-weather|Snowscape|[upkeep]
|upkeep
|turn|25
|
|t:|1743797800
|switch|p2a: Moltres|Moltres|100/100
|move|p1a: Guts|Surf|p2a: Moltres
|-supereffective|p2a: Moltres
|-damage|p2a: Moltres|3/100
|
|-weather|Snowscape|[upkeep]
|upkeep
|turn|26
|
|t:|1743797804
|move|p1a: Guts|Surf|p2a: Moltres
|-supereffective|p2a: Moltres
|-damage|p2a: Moltres|0 fnt
|faint|p2a: Moltres
|
|-weather|Snowscape|[upkeep]
|upkeep
|
|t:|1743797806
|switch|p2a: Slowking|Slowking-Galar, M|64/100
|turn|27
|
|t:|1743797817
|switch|p1a: George W. Bush|Brambleghast, M, shiny|60/100
|-damage|p1a: George W. Bush|47/100|[from] Stealth Rock
|-damage|p1a: George W. Bush|31/100|[from] Spikes
|move|p2a: Slowking|Psychic Noise|p1a: George W. Bush
|-damage|p1a: George W. Bush|0 fnt
|faint|p1a: George W. Bush
|
|-weather|none
|upkeep
|j| theprodigy12
|
|t:|1743797821
|switch|p1a: Genosis|Reuniclus, M, shiny|55/100 psn
|-damage|p1a: Genosis|43/100 psn|[from] Stealth Rock
|-damage|p1a: Genosis|26/100 psn|[from] Spikes
|turn|28
|
|t:|1743797823
|switch|p2a: Gholdengo|Gholdengo|8/100
|move|p1a: Genosis|Psyshock|p2a: Gholdengo
|-resisted|p2a: Gholdengo
|-damage|p2a: Gholdengo|0 fnt
|faint|p2a: Gholdengo
|
|-damage|p1a: Genosis|14/100 psn|[from] psn
|upkeep
|
|t:|1743797829
|switch|p2a: Iron Valiant|Iron Valiant|100/100
|turn|29
|
|t:|1743797832
|move|p2a: Iron Valiant|Knock Off|p1a: Genosis
|-supereffective|p1a: Genosis
|-damage|p1a: Genosis|0 fnt
|-enditem|p1a: Genosis|Assault Vest|[from] move: Knock Off|[of] p2a: Iron Valiant
|faint|p1a: Genosis
|
|upkeep
|
|t:|1743797835
|switch|p1a: Zeus|Thundurus-Therian, M|51/100
|-damage|p1a: Zeus|26/100|[from] Stealth Rock
|turn|30
|
|t:|1743797838
|-end|p2a: Iron Valiant|Quark Drive|[silent]
|switch|p2a: Slowking|Slowking-Galar, M|97/100
|-terastallize|p1a: Zeus|Fairy
|move|p1a: Zeus|Tera Blast|p2a: Slowking|[anim] Tera Blast Fairy
|-resisted|p2a: Slowking
|-damage|p2a: Slowking|83/100
|
|upkeep
|turn|31
|-message|No_OverUsed? forfeited.
|
|win|MiaTaylor612
|raw|No_OverUsed?'s rating: 1779 &rarr; <strong>1755</strong><br />(-24 for losing)
|raw|MiaTaylor612's rating: 1712 &rarr; <strong>1736</strong><br />(+24 for winning)
|j| Alola Magikarp
|l|☆No_OverUsed?
|player|p1|
|l|☆MiaTaylor612
|player|p2|
|l| iamfrhaan007
|l| pokerus11
|l| Alola Magikarp
|l| theprodigy12
