|j|☆equinox000
|j|☆DiceyRice
|t:|1743829172
|gametype|singles
|player|p1|equinox000|101|1529
|player|p2|DiceyRice|miku-psychic|1680
|teamsize|p1|6
|teamsize|p2|6
|gen|9
|tier|[Gen 9] OU
|rated|
|rule|HP Percentage Mod: HP is shown in percentages
|rule|Endless Battle Clause: Forcing endless battles is banned
|rule|Species Clause: Limit one of each Pokémon
|rule|OHKO Clause: OHKO moves are banned
|rule|Evasion Items Clause: Evasion items are banned
|rule|Evasion Moves Clause: Evasion moves are banned
|rule|Sleep Moves Clause: Sleep-inducing moves are banned
|clearpoke
|poke|p1|Dragonite, M|
|poke|p1|Ting-Lu|
|poke|p1|Iron Moth|
|poke|p1|Iron Valiant|
|poke|p1|Kyurem|
|poke|p1|Gholdengo|
|poke|p2|Comfey, F|
|poke|p2|Whimsicott, M|
|poke|p2|Iron Moth|
|poke|p2|Walking Wake|
|poke|p2|Great Tusk|
|poke|p2|Ninetales, F|
|teampreview
|inactive|Battle timer is ON: inactive players will automatically lose when time's up. (requested by equinox000)
|
|t:|1743829210
|start
|switch|p1a: Ting-Lu|Ting-Lu|100/100
|switch|p2a: Walking Wake|Walking Wake|100/100
|-ability|p1a: Ting-Lu|Vessel of Ruin
|turn|1
|
|t:|1743829218
|switch|p1a: Gholdengo|Gholdengo|100/100
|move|p2a: Walking Wake|Knock Off|p1a: Gholdengo
|-supereffective|p1a: Gholdengo
|-damage|p1a: Gholdengo|62/100
|-enditem|p1a: Gholdengo|Choice Scarf|[from] move: Knock Off|[of] p2a: Walking Wake
|
|upkeep
|turn|2
|
|t:|1743829229
|move|p2a: Walking Wake|Flip Turn|p1a: Gholdengo
|-damage|p1a: Gholdengo|45/100
|
|t:|1743829230
|-end|p2a: Walking Wake|Protosynthesis|[silent]
|switch|p2a: Ninetales|Ninetales, F|100/100|[from] Flip Turn
|-weather|SunnyDay|[from] ability: Drought|[of] p2a: Ninetales
|move|p1a: Gholdengo|Make It Rain|p2a: Ninetales
|-resisted|p2a: Ninetales
|-damage|p2a: Ninetales|70/100
|-unboost|p1a: Gholdengo|spa|1
|
|-weather|SunnyDay|[upkeep]
|upkeep
|turn|3
|
|t:|1743829238
|move|p2a: Ninetales|Will-O-Wisp|p1a: Gholdengo
|-immune|p1a: Gholdengo|[from] ability: Good as Gold
|move|p1a: Gholdengo|Trick|p2a: Ninetales
|-activate|p1a: Gholdengo|move: Trick|[of] p2a: Ninetales
|-enditem|p2a: Ninetales|Heat Rock|[silent]|[from] move: Trick
|-item|p1a: Gholdengo|Heat Rock|[from] move: Trick
|
|-weather|SunnyDay|[upkeep]
|upkeep
|turn|4
|
|t:|1743829248
|move|p2a: Ninetales|Weather Ball|p1a: Gholdengo
|-supereffective|p1a: Gholdengo
|-damage|p1a: Gholdengo|0 fnt
|faint|p1a: Gholdengo
|
|-weather|SunnyDay|[upkeep]
|upkeep
|
|t:|1743829254
|switch|p1a: Ting-Lu|Ting-Lu|100/100
|-ability|p1a: Ting-Lu|Vessel of Ruin
|turn|5
|
|t:|1743829256
|move|p2a: Ninetales|Will-O-Wisp|p1a: Ting-Lu|[miss]
|-miss|p2a: Ninetales|p1a: Ting-Lu
|move|p1a: Ting-Lu|Earthquake|p2a: Ninetales
|-supereffective|p2a: Ninetales
|-damage|p2a: Ninetales|0 fnt
|faint|p2a: Ninetales
|
|-weather|SunnyDay|[upkeep]
|upkeep
|
|t:|1743829263
|switch|p2a: Iron Moth|Iron Moth|100/100
|-enditem|p2a: Iron Moth|Booster Energy
|-activate|p2a: Iron Moth|ability: Quark Drive|[fromitem]
|-start|p2a: Iron Moth|quarkdrivespa
|turn|6
|
|t:|1743829272
|move|p2a: Iron Moth|Overheat|p1a: Ting-Lu
|-damage|p1a: Ting-Lu|15/100
|-unboost|p2a: Iron Moth|spa|2
|move|p1a: Ting-Lu|Earthquake|p2a: Iron Moth
|-supereffective|p2a: Iron Moth
|-damage|p2a: Iron Moth|0 fnt
|faint|p2a: Iron Moth
|-end|p2a: Iron Moth|Quark Drive|[silent]
|
|-weather|SunnyDay|[upkeep]
|upkeep
|
|t:|1743829276
|switch|p2a: Whimsicott|Whimsicott, M|100/100
|turn|7
|
|t:|1743829281
|move|p2a: Whimsicott|Growth|p2a: Whimsicott
|-boost|p2a: Whimsicott|atk|2
|-boost|p2a: Whimsicott|spa|2
|move|p1a: Ting-Lu|Taunt|p2a: Whimsicott
|-start|p2a: Whimsicott|move: Taunt
|
|-weather|SunnyDay|[upkeep]
|upkeep
|turn|8
|
|t:|1743829283
|move|p2a: Whimsicott|Giga Drain|p1a: Ting-Lu
|-supereffective|p1a: Ting-Lu
|-damage|p1a: Ting-Lu|0 fnt
|faint|p1a: Ting-Lu
|-damage|p2a: Whimsicott|91/100|[from] item: Life Orb
|
|-weather|SunnyDay|[upkeep]
|upkeep
|
|t:|1743829292
|switch|p1a: Iron Moth|Iron Moth|100/100
|-enditem|p1a: Iron Moth|Booster Energy
|-activate|p1a: Iron Moth|ability: Quark Drive|[fromitem]
|-start|p1a: Iron Moth|quarkdrivespe
|turn|9
|
|t:|1743829296
|move|p2a: Whimsicott|Shadow Ball|p1a: Iron Moth
|-damage|p1a: Iron Moth|38/100
|-damage|p2a: Whimsicott|81/100|[from] item: Life Orb
|move|p1a: Iron Moth|Fiery Dance|p2a: Whimsicott
|-supereffective|p2a: Whimsicott
|-damage|p2a: Whimsicott|0 fnt
|-boost|p1a: Iron Moth|spa|1
|faint|p2a: Whimsicott
|
|-weather|none
|upkeep
|
|t:|1743829299
|switch|p2a: Walking Wake|Walking Wake|100/100
|turn|10
|
|t:|1743829304
|move|p1a: Iron Moth|Dazzling Gleam|p2a: Walking Wake
|-supereffective|p2a: Walking Wake
|-damage|p2a: Walking Wake|48/100
|move|p2a: Walking Wake|Hydro Steam|p1a: Iron Moth
|-supereffective|p1a: Iron Moth
|-damage|p1a: Iron Moth|0 fnt
|faint|p1a: Iron Moth
|-end|p1a: Iron Moth|Quark Drive|[silent]
|
|upkeep
|
|t:|1743829309
|switch|p1a: Dragonite|Dragonite, M|100/100
|turn|11
|
|t:|1743829313
|move|p2a: Walking Wake|Knock Off|p1a: Dragonite
|-damage|p1a: Dragonite|91/100
|-enditem|p1a: Dragonite|Heavy-Duty Boots|[from] move: Knock Off|[of] p2a: Walking Wake
|move|p1a: Dragonite|Dragon Dance|p1a: Dragonite
|-boost|p1a: Dragonite|atk|1
|-boost|p1a: Dragonite|spe|1
|
|upkeep
|turn|12
|
|t:|1743829320
|move|p1a: Dragonite|Earthquake|p2a: Walking Wake
|-damage|p2a: Walking Wake|0 fnt
|faint|p2a: Walking Wake
|-end|p2a: Walking Wake|Protosynthesis|[silent]
|
|upkeep
|
|t:|1743829322
|switch|p2a: Great Tusk|Great Tusk|100/100
|turn|13
|
|t:|1743829325
|move|p1a: Dragonite|Ice Spinner|p2a: Great Tusk
|-supereffective|p2a: Great Tusk
|-damage|p2a: Great Tusk|45/100
|-damage|p1a: Dragonite|74/100|[from] item: Rocky Helmet|[of] p2a: Great Tusk
|move|p2a: Great Tusk|Ice Spinner|p1a: Dragonite
|-supereffective|p1a: Dragonite
|-damage|p1a: Dragonite|0 fnt
|faint|p1a: Dragonite
|
|upkeep
|
|t:|1743829329
|switch|p1a: Kyurem|Kyurem|100/100
|-ability|p1a: Kyurem|Pressure
|turn|14
|
|t:|1743829335
|move|p2a: Great Tusk|Rapid Spin|p1a: Kyurem
|-damage|p1a: Kyurem|86/100
|-boost|p2a: Great Tusk|spe|1
|move|p1a: Kyurem|Icicle Spear|p2a: Great Tusk
|-supereffective|p2a: Great Tusk
|-damage|p2a: Great Tusk|28/100
|-supereffective|p2a: Great Tusk
|-damage|p2a: Great Tusk|12/100
|-supereffective|p2a: Great Tusk
|-damage|p2a: Great Tusk|0 fnt
|faint|p2a: Great Tusk
|-end|p2a: Great Tusk|Protosynthesis|[silent]
|-hitcount|p2: Great Tusk|3
|
|upkeep
|
|t:|1743829338
|switch|p2a: Comfey|Comfey, F|100/100
|turn|15
|
|t:|1743829346
|-terastallize|p1a: Kyurem|Fire
|-terastallize|p2a: Comfey|Water
|move|p1a: Kyurem|Icicle Spear|p2a: Comfey
|-resisted|p2a: Comfey
|-damage|p2a: Comfey|91/100
|-resisted|p2a: Comfey
|-damage|p2a: Comfey|83/100
|-resisted|p2a: Comfey
|-damage|p2a: Comfey|75/100
|-resisted|p2a: Comfey
|-damage|p2a: Comfey|65/100
|-resisted|p2a: Comfey
|-damage|p2a: Comfey|56/100
|-hitcount|p2a: Comfey|5
|move|p2a: Comfey|Growth|p2a: Comfey
|-boost|p2a: Comfey|atk|1
|-boost|p2a: Comfey|spa|1
|
|upkeep
|turn|16
|
|t:|1743829356
|switch|p1a: Iron Valiant|Iron Valiant|100/100
|-enditem|p1a: Iron Valiant|Booster Energy
|-activate|p1a: Iron Valiant|ability: Quark Drive|[fromitem]
|-start|p1a: Iron Valiant|quarkdrivespe
|move|p2a: Comfey|Draining Kiss|p1a: Iron Valiant
|-supereffective|p1a: Iron Valiant
|-damage|p1a: Iron Valiant|0 fnt
|-heal|p2a: Comfey|100/100|[from] drain|[of] p1a: Iron Valiant
|faint|p1a: Iron Valiant
|-end|p1a: Iron Valiant|Quark Drive|[silent]
|-damage|p2a: Comfey|91/100|[from] item: Life Orb
|
|upkeep
|
|t:|1743829360
|switch|p1a: Kyurem|Kyurem, tera:Fire|86/100
|-ability|p1a: Kyurem|Pressure
|turn|17
|
|t:|1743829371
|move|p2a: Comfey|Draining Kiss|p1a: Kyurem
|-resisted|p1a: Kyurem
|-damage|p1a: Kyurem|66/100
|-heal|p2a: Comfey|100/100|[from] drain|[of] p1a: Kyurem
|-damage|p2a: Comfey|91/100|[from] item: Life Orb
|move|p1a: Kyurem|Scale Shot|p2a: Comfey
|-damage|p2a: Comfey|74/100
|-damage|p2a: Comfey|55/100
|-damage|p2a: Comfey|38/100
|-damage|p2a: Comfey|18/100
|-damage|p2a: Comfey|0 fnt
|faint|p2a: Comfey
|-hitcount|p2: Comfey|5
|
|win|equinox000
|raw|equinox000's rating: 1529 &rarr; <strong>1557</strong><br />(+28 for winning)
|raw|DiceyRice's rating: 1680 &rarr; <strong>1652</strong><br />(-28 for losing)
|l|☆equinox000
|player|p1|
|l|☆DiceyRice
|player|p2|
