|j|☆IconicWrecker
|j|☆me ded 4
|t:|1743887062
|gametype|singles
|player|p1|IconicWrecker|red|1150
|player|p2|me ded 4|unknown|1109
|teamsize|p1|6
|teamsize|p2|6
|gen|9
|tier|[Gen 9] OU
|rated|
|rule|HP Percentage Mod: HP is shown in percentages
|rule|Endless Battle Clause: Forcing endless battles is banned
|rule|Species Clause: Limit one of each Pokémon
|rule|OHKO Clause: OHKO moves are banned
|rule|Evasion Items Clause: Evasion items are banned
|rule|Evasion Moves Clause: Evasion moves are banned
|rule|Sleep Moves Clause: Sleep-inducing moves are banned
|clearpoke
|poke|p1|Zarude-Dada|
|poke|p1|Skeledirge, M|
|poke|p1|Scizor, M|
|poke|p1|Volcanion|
|poke|p1|Latias, F|
|poke|p1|Armarouge, M|
|poke|p2|Garganacl, M|
|poke|p2|Ogerpon-Wellspring, F|
|poke|p2|Gengar, M|
|poke|p2|Samurott-Hisui, M|
|poke|p2|Ditto|
|poke|p2|Landorus-Therian, M|
|teampreview
|inactive|Battle timer is ON: inactive players will automatically lose when time's up. (requested by me ded 4)
|
|t:|1743887079
|start
|switch|p1a: Zarude|Zarude-Dada|100/100
|switch|p2a: Tony|Landorus-Therian, M|100/100
|-ability|p2a: Tony|Intimidate|boost
|-unboost|p1a: Zarude|atk|1
|turn|1
|
|t:|1743887088
|move|p2a: Tony|U-turn|p1a: Zarude
|-supereffective|p1a: Zarude
|-damage|p1a: Zarude|25/100
|-damage|p2a: Tony|84/100|[from] item: Rocky Helmet|[of] p1a: Zarude
|
|t:|1743887095
|switch|p2a: Squishy|Ditto, shiny|100/100|[from] U-turn
|-transform|p2a: Squishy|p1a: Zarude|[from] ability: Imposter
|move|p1a: Zarude|Bulk Up|p1a: Zarude
|-boost|p1a: Zarude|atk|1
|-boost|p1a: Zarude|def|1
|
|upkeep
|turn|2
|
|t:|1743887117
|-terastallize|p1a: Zarude|Ghost
|move|p2a: Squishy|Drain Punch|p1a: Zarude
|-immune|p1a: Zarude
|move|p1a: Zarude|Jungle Healing|p1a: Zarude
|-heal|p1a: Zarude|50/100
|
|upkeep
|turn|3
|
|t:|1743887130
|move|p2a: Squishy|Knock Off|p1a: Zarude
|-supereffective|p1a: Zarude
|-damage|p1a: Zarude|9/100
|-damage|p2a: Squishy|84/100|[from] item: Rocky Helmet|[of] p1a: Zarude
|-enditem|p1a: Zarude|Rocky Helmet|[from] move: Knock Off|[of] p2a: Squishy
|move|p1a: Zarude|Drain Punch|p2a: Squishy
|-supereffective|p2a: Squishy
|-damage|p2a: Squishy|30/100
|-heal|p1a: Zarude|32/100|[from] drain|[of] p2a: Squishy
|-enditem|p2a: Squishy|Red Card|[of] p1a: Zarude
|drag|p1a: Skeledirge|Skeledirge, M|100/100
|-item|p1a: Skeledirge|Air Balloon
|
|upkeep
|turn|4
|
|t:|1743887145
|switch|p2a: Shin|Samurott-Hisui, M, shiny|100/100
|move|p1a: Skeledirge|Torch Song|p2a: Shin
|-resisted|p2a: Shin
|-damage|p2a: Shin|75/100
|-boost|p1a: Skeledirge|spa|1
|
|upkeep
|turn|5
|inactive|IconicWrecker has 120 seconds left.
|
|t:|1743887160
|move|p2a: Shin|Ceaseless Edge|p1a: Skeledirge
|-supereffective|p1a: Skeledirge
|-damage|p1a: Skeledirge|13/100
|-enditem|p1a: Skeledirge|Air Balloon
|-sidestart|p1: IconicWrecker|Spikes
|move|p1a: Skeledirge|Will-O-Wisp|p2a: Shin
|-status|p2a: Shin|brn
|
|-damage|p2a: Shin|68/100 brn|[from] brn
|upkeep
|turn|6
|inactive|IconicWrecker has 120 seconds left.
|
|t:|1743887176
|switch|p1a: Latias|Latias, F, shiny|100/100
|move|p2a: Shin|Flip Turn|p1a: Latias
|-resisted|p1a: Latias
|-damage|p1a: Latias|91/100
|
|t:|1743887191
|switch|p2a: Well Off-Spring|Ogerpon-Wellspring, F|100/100|[from] Flip Turn
|
|upkeep
|turn|7
|inactive|IconicWrecker has 120 seconds left.
|
|t:|1743887227
|move|p2a: Well Off-Spring|Trailblaze|p1a: Latias
|-resisted|p1a: Latias
|-damage|p1a: Latias|74/100
|-boost|p2a: Well Off-Spring|spe|1
|move|p1a: Latias|Reflect|p1a: Latias
|-sidestart|p1: IconicWrecker|Reflect
|
|upkeep
|turn|8
|inactive|IconicWrecker has 90 seconds left.
|
|t:|1743887272
|switch|p1a: Zarude|Zarude-Dada, tera:Ghost|32/100
|-damage|p1a: Zarude|19/100|[from] Spikes
|move|p2a: Well Off-Spring|Swords Dance|p2a: Well Off-Spring
|-boost|p2a: Well Off-Spring|atk|2
|
|upkeep
|turn|9
|
|t:|1743887290
|move|p2a: Well Off-Spring|Ivy Cudgel|p1a: Zarude|[anim] Ivy Cudgel Water
|-damage|p1a: Zarude|0 fnt
|faint|p1a: Zarude
|
|upkeep
|
|t:|1743887298
|switch|p1a: Volcanion|Volcanion|100/100
|-damage|p1a: Volcanion|88/100|[from] Spikes
|turn|10
|
|t:|1743887309
|move|p2a: Well Off-Spring|Trailblaze|p1a: Volcanion
|-damage|p1a: Volcanion|62/100
|-boost|p2a: Well Off-Spring|spe|1
|move|p1a: Volcanion|Sludge Bomb|p2a: Well Off-Spring
|-supereffective|p2a: Well Off-Spring
|-damage|p2a: Well Off-Spring|15/100
|
|upkeep
|turn|11
|
|t:|1743887318
|move|p2a: Well Off-Spring|Trailblaze|p1a: Volcanion
|-damage|p1a: Volcanion|34/100
|-boost|p2a: Well Off-Spring|spe|1
|move|p1a: Volcanion|Sludge Bomb|p2a: Well Off-Spring
|-supereffective|p2a: Well Off-Spring
|-damage|p2a: Well Off-Spring|0 fnt
|faint|p2a: Well Off-Spring
|
|upkeep
|
|t:|1743887324
|switch|p2a: Tony|Landorus-Therian, M|84/100
|-ability|p2a: Tony|Intimidate|boost
|-unboost|p1a: Volcanion|atk|1
|turn|12
|
|t:|1743887329
|move|p2a: Tony|Sandsear Storm|p1a: Volcanion
|-supereffective|p1a: Volcanion
|-damage|p1a: Volcanion|0 fnt
|faint|p1a: Volcanion
|
|upkeep
|
|t:|1743887335
|switch|p1a: Latias|Latias, F, shiny|74/100
|turn|13
|
|t:|1743887342
|switch|p2a: Squishy|Ditto, shiny|30/100
|-transform|p2a: Squishy|p1a: Latias|[from] ability: Imposter
|move|p1a: Latias|Future Sight|p2a: Squishy
|-start|p1a: Latias|move: Future Sight
|
|upkeep
|turn|14
|inactive|IconicWrecker has 90 seconds left.
|
|t:|1743887359
|switch|p1a: Armarouge|Armarouge, M|100/100
|-damage|p1a: Armarouge|88/100|[from] Spikes
|move|p2a: Squishy|Reflect|p2a: Squishy
|-sidestart|p2: me ded 4|Reflect
|
|-sideend|p1: IconicWrecker|Reflect
|upkeep
|turn|15
|inactive|IconicWrecker has 90 seconds left.
|
|t:|1743887371
|move|p2a: Squishy|Wish|p2a: Squishy
|move|p1a: Armarouge|Calm Mind|p1a: Armarouge
|-boost|p1a: Armarouge|spa|1
|-boost|p1a: Armarouge|spd|1
|
|-end|p2a: Squishy|move: Future Sight
|-resisted|p2a: Squishy
|-damage|p2a: Squishy|4/100
|upkeep
|turn|16
|
|t:|1743887379
|move|p2a: Squishy|Light Screen|p2a: Squishy
|-sidestart|p2: me ded 4|move: Light Screen
|move|p1a: Armarouge|Flamethrower|p2a: Squishy
|-resisted|p2a: Squishy
|-damage|p2a: Squishy|0 fnt
|faint|p2a: Squishy
|-heal|p1a: Armarouge|89/100|[from] item: Shell Bell|[of] p2: Squishy
|
|upkeep
|
|t:|1743887386
|switch|p2a: Spook|Gengar, M|100/100
|turn|17
|
|t:|1743887403
|move|p2a: Spook|Shadow Ball|p1a: Armarouge
|-supereffective|p1a: Armarouge
|-damage|p1a: Armarouge|0 fnt
|faint|p1a: Armarouge
|
|upkeep
|
|t:|1743887411
|switch|p1a: Skeledirge|Skeledirge, M|13/100
|-damage|p1a: Skeledirge|0 fnt|[from] Spikes
|faint|p1a: Skeledirge
|
|t:|1743887415
|switch|p1a: Latias|Latias, F, shiny|74/100
|turn|18
|
|t:|1743887420
|move|p2a: Spook|Shadow Ball|p1a: Latias
|-supereffective|p1a: Latias
|-damage|p1a: Latias|0 fnt
|faint|p1a: Latias
|
|-sideend|p2: me ded 4|Reflect
|upkeep
|
|t:|1743887427
|switch|p1a: Scizor|Scizor, M|100/100
|-damage|p1a: Scizor|88/100|[from] Spikes
|turn|19
|
|t:|1743887437
|-terastallize|p2a: Spook|Ghost
|move|p1a: Scizor|Bullet Punch|p2a: Spook
|-damage|p2a: Spook|34/100
|move|p2a: Spook|Shadow Ball|p1a: Scizor
|-damage|p1a: Scizor|0 fnt
|faint|p1a: Scizor
|
|win|me ded 4
|raw|IconicWrecker's rating: 1150 &rarr; <strong>1122</strong><br />(-28 for losing)
|raw|me ded 4's rating: 1109 &rarr; <strong>1137</strong><br />(+28 for winning)
|l|☆IconicWrecker
|player|p1|
