|j|☆poketrep
|j|☆MajinYoshi
|t:|1743879080
|gametype|singles
|player|p1|poketrep|swimmerf|1727
|player|p2|MajinYoshi|brendan-contest|1718
|teamsize|p1|6
|teamsize|p2|6
|gen|9
|tier|[Gen 9] OU
|rated|
|rule|HP Percentage Mod: HP is shown in percentages
|rule|Endless Battle Clause: Forcing endless battles is banned
|rule|Species Clause: Limit one of each Pokémon
|rule|OHKO Clause: OHKO moves are banned
|rule|Evasion Items Clause: Evasion items are banned
|rule|Evasion Moves Clause: Evasion moves are banned
|rule|Sleep Moves Clause: Sleep-inducing moves are banned
|clearpoke
|poke|p1|Rabsca, M|
|poke|p1|Slowking-Galar, F|
|poke|p1|Ursaluna, M|
|poke|p1|Azumarill, M|
|poke|p1|Mimikyu, F|
|poke|p1|Kingambit, F|
|poke|p2|Zamazenta-*|
|poke|p2|Ogerpon-Wellspring, F|
|poke|p2|Slowking-Galar, F|
|poke|p2|Great Tusk|
|poke|p2|Kingambit, M|
|poke|p2|Zapdos|
|teampreview
|
|t:|1743879110
|start
|switch|p1a: Burr|Slowking-Galar, F|100/100
|switch|p2a: Ogerpon|Ogerpon-Wellspring, F|100/100
|turn|1
|inactive|Battle timer is ON: inactive players will automatically lose when time's up. (requested by MajinYoshi)
|
|t:|1743879116
|move|p2a: Ogerpon|Knock Off|p1a: Burr
|-supereffective|p1a: Burr
|-damage|p1a: Burr|17/100
|-enditem|p1a: Burr|Life Orb|[from] move: Knock Off|[of] p2a: Ogerpon
|move|p1a: Burr|Sludge Wave|p2a: Ogerpon
|-supereffective|p2a: Ogerpon
|-damage|p2a: Ogerpon|0 fnt
|faint|p2a: Ogerpon
|
|upkeep
|
|t:|1743879131
|switch|p2a: Great Tusk|Great Tusk, shiny|100/100
|turn|2
|
|t:|1743879135
|switch|p1a: Atonement|Rabsca, M|100/100
|move|p2a: Great Tusk|Headlong Rush|p1a: Atonement
|-resisted|p1a: Atonement
|-crit|p1a: Atonement
|-damage|p1a: Atonement|66/100
|-unboost|p2a: Great Tusk|def|1
|-unboost|p2a: Great Tusk|spd|1
|
|upkeep
|turn|3
|
|t:|1743879141
|move|p2a: Great Tusk|Stealth Rock|p1a: Atonement
|-sidestart|p1: poketrep|move: Stealth Rock
|move|p1a: Atonement|Trick Room|p1a: Atonement
|-fieldstart|move: Trick Room|[of] p1a: Atonement
|
|upkeep
|turn|4
|
|t:|1743879144
|switch|p1a: Village Crusher|Ursaluna, M|100/100
|-damage|p1a: Village Crusher|94/100|[from] Stealth Rock
|-end|p2a: Great Tusk|Protosynthesis|[silent]
|switch|p2a: Slowking|Slowking-Galar, F|100/100
|
|-status|p1a: Village Crusher|brn|[from] item: Flame Orb
|upkeep
|turn|5
|
|t:|1743879155
|move|p1a: Village Crusher|Facade|p2a: Slowking
|-damage|p2a: Slowking|0 fnt
|faint|p2a: Slowking
|
|-damage|p1a: Village Crusher|88/100 brn|[from] brn
|upkeep
|
|t:|1743879163
|switch|p2a: Zamazenta|Zamazenta|100/100
|-ability|p2a: Zamazenta|Dauntless Shield|boost
|-boost|p2a: Zamazenta|def|1
|turn|6
|
|t:|1743879181
|move|p1a: Village Crusher|Facade|p2a: Zamazenta
|-damage|p2a: Zamazenta|27/100
|move|p2a: Zamazenta|Close Combat|p1a: Village Crusher
|-supereffective|p1a: Village Crusher
|-crit|p1a: Village Crusher
|-damage|p1a: Village Crusher|0 fnt
|-unboost|p2a: Zamazenta|def|1
|-unboost|p2a: Zamazenta|spd|1
|faint|p1a: Village Crusher
|
|upkeep
|
|t:|1743879186
|switch|p1a: Chad|Azumarill, M|100/100
|-damage|p1a: Chad|88/100|[from] Stealth Rock
|turn|7
|
|t:|1743879190
|switch|p2a: Zapdos|Zapdos|100/100
|move|p1a: Chad|Liquidation|p2a: Zapdos
|-damage|p2a: Zapdos|63/100
|-status|p1a: Chad|par|[from] ability: Static|[of] p2a: Zapdos
|
|-fieldend|move: Trick Room
|upkeep
|turn|8
|
|t:|1743879197
|move|p2a: Zapdos|Volt Switch|p1a: Chad
|-supereffective|p1a: Chad
|-damage|p1a: Chad|48/100 par
|
|t:|1743879204
|switch|p2a: Great Tusk|Great Tusk, shiny|100/100|[from] Volt Switch
|move|p1a: Chad|Liquidation|p2a: Great Tusk
|-supereffective|p2a: Great Tusk
|-damage|p2a: Great Tusk|26/100
|-unboost|p2a: Great Tusk|def|1
|
|upkeep
|turn|9
|
|t:|1743879212
|-end|p2a: Great Tusk|Protosynthesis|[silent]
|switch|p2a: Zapdos|Zapdos|63/100
|cant|p1a: Chad|par
|
|upkeep
|turn|10
|
|t:|1743879234
|move|p2a: Zapdos|Hurricane|p1a: Chad
|-damage|p1a: Chad|15/100 par
|cant|p1a: Chad|par
|
|upkeep
|turn|11
|
|t:|1743879251
|move|p1a: Chad|Aqua Jet|p2a: Zapdos
|-damage|p2a: Zapdos|44/100
|move|p2a: Zapdos|Hurricane|p1a: Chad
|-crit|p1a: Chad
|-damage|p1a: Chad|0 fnt
|faint|p1a: Chad
|
|upkeep
|
|t:|1743879255
|switch|p1a: Burr|Slowking-Galar, F|50/100
|-damage|p1a: Burr|38/100|[from] Stealth Rock
|turn|12
|
|t:|1743879266
|move|p2a: Zapdos|Thunder Wave|p1a: Burr
|-status|p1a: Burr|par
|move|p1a: Burr|Trick Room|p1a: Burr
|-fieldstart|move: Trick Room|[of] p1a: Burr
|
|upkeep
|turn|13
|
|t:|1743879272
|move|p1a: Burr|Ice Beam|p2a: Zapdos
|-supereffective|p2a: Zapdos
|-damage|p2a: Zapdos|0 fnt
|faint|p2a: Zapdos
|
|upkeep
|
|t:|1743879281
|switch|p2a: Kingambit|Kingambit, M|100/100
|-activate|p2a: Kingambit|ability: Supreme Overlord
|-start|p2a: Kingambit|fallen3|[silent]
|turn|14
|j| ASilentKingambitX
|
|t:|1743879296
|-end|p2a: Kingambit|fallen3|[silent]
|switch|p2a: Great Tusk|Great Tusk, shiny|26/100
|move|p1a: Burr|Fire Blast|p2a: Great Tusk
|-damage|p2a: Great Tusk|0 fnt
|faint|p2a: Great Tusk
|-end|p2a: Great Tusk|Protosynthesis|[silent]
|
|upkeep
|
|t:|1743879298
|switch|p2a: Kingambit|Kingambit, M|100/100
|-activate|p2a: Kingambit|ability: Supreme Overlord
|-start|p2a: Kingambit|fallen4|[silent]
|turn|15
|
|t:|1743879306
|switch|p1a: Shogun|Kingambit, F|100/100
|-damage|p1a: Shogun|94/100|[from] Stealth Rock
|-activate|p1a: Shogun|ability: Supreme Overlord
|-start|p1a: Shogun|fallen2|[silent]
|move|p2a: Kingambit|Sucker Punch||[still]
|-fail|p2a: Kingambit
|
|upkeep
|turn|16
|
|t:|1743879312
|move|p1a: Shogun|Low Kick|p2a: Kingambit
|-supereffective|p2a: Kingambit
|-damage|p2a: Kingambit|0 fnt
|faint|p2a: Kingambit
|-end|p2a: Kingambit|fallen4|[silent]
|
|-fieldend|move: Trick Room
|upkeep
|-message|MajinYoshi forfeited.
|
|win|poketrep
|raw|poketrep's rating: 1727 &rarr; <strong>1746</strong><br />(+19 for winning)
|raw|MajinYoshi's rating: 1718 &rarr; <strong>1699</strong><br />(-19 for losing)
|l|☆MajinYoshi
|player|p2|
|l|☆poketrep
|player|p1|
|l| ASilentKingambitX
