|j|‽wavestrider
|j|☆UserAstro
|t:|1743905101
|gametype|singles
|player|p1|wavestrider|pokemonranger-gen4|1208
|player|p2|UserAstro|169|1237
|teamsize|p1|6
|teamsize|p2|6
|gen|9
|tier|[Gen 9] OU
|rated|
|rule|HP Percentage Mod: HP is shown in percentages
|rule|Endless Battle Clause: Forcing endless battles is banned
|rule|Species Clause: Limit one of each Pokémon
|rule|OHKO Clause: OHKO moves are banned
|rule|Evasion Items Clause: Evasion items are banned
|rule|Evasion Moves Clause: Evasion moves are banned
|rule|Sleep Moves Clause: Sleep-inducing moves are banned
|clearpoke
|poke|p1|Azumarill, F|
|poke|p1|Skarmory, M|
|poke|p1|Kingambit, F|
|poke|p1|Garganacl, M|
|poke|p1|Dragapult, F|
|poke|p1|Gliscor, F|
|poke|p2|Iron Treads|
|poke|p2|Araquanid, F|
|poke|p2|Blissey, F|
|poke|p2|Dragapult, M|
|poke|p2|Hatterene, F|
|poke|p2|Kingambit, F|
|teampreview
|inactive|Battle timer is ON: inactive players will automatically lose when time's up. (requested by UserAstro)
|
|t:|1743905105
|start
|switch|p1a: Skarmory|Skarmory, M|100/100
|switch|p2a: Araquanid|Araquanid, F, shiny|100/100
|turn|1
|
|t:|1743905112
|switch|p2a: Hatterene|Hatterene, F, shiny|100/100
|move|p1a: Skarmory|Spikes|p2a: Hatterene
|move|p2a: Hatterene|Spikes|p1a: Skarmory|[from] ability: Magic Bounce
|-sidestart|p1: wavestrider|Spikes
|
|upkeep
|turn|2
|
|t:|1743905124
|switch|p1a: Garganacl|Garganacl, M|100/100
|-damage|p1a: Garganacl|88/100|[from] Spikes
|move|p2a: Hatterene|Mystical Fire|p1a: Garganacl
|-resisted|p1a: Garganacl
|-damage|p1a: Garganacl|78/100
|-unboost|p1a: Garganacl|spa|1
|
|-heal|p1a: Garganacl|84/100|[from] item: Leftovers
|upkeep
|turn|3
|
|t:|1743905130
|move|p1a: Garganacl|Salt Cure|p2a: Hatterene
|-damage|p2a: Hatterene|85/100
|-start|p2a: Hatterene|Salt Cure
|move|p2a: Hatterene|Nuzzle|p1a: Garganacl
|-damage|p1a: Garganacl|81/100
|
|-heal|p1a: Garganacl|87/100|[from] item: Leftovers
|-heal|p2a: Hatterene|91/100|[from] item: Leftovers
|-damage|p2a: Hatterene|79/100|[from] Salt Cure
|upkeep
|turn|4
|
|t:|1743905152
|switch|p2a: Iron Treads|Iron Treads, shiny|100/100
|move|p1a: Garganacl|Stealth Rock|p2a: Iron Treads
|-sidestart|p2: UserAstro|move: Stealth Rock
|
|-heal|p1a: Garganacl|94/100|[from] item: Leftovers
|upkeep
|turn|5
|
|t:|1743905161
|move|p1a: Garganacl|Protect|p1a: Garganacl
|-singleturn|p1a: Garganacl|Protect
|move|p2a: Iron Treads|Rapid Spin|p1a: Garganacl
|-activate|p1a: Garganacl|move: Protect
|
|-heal|p1a: Garganacl|99/100|[from] item: Leftovers
|upkeep
|turn|6
|
|t:|1743905170
|move|p2a: Iron Treads|Knock Off|p1a: Garganacl
|-damage|p1a: Garganacl|78/100
|-enditem|p1a: Garganacl|Leftovers|[from] move: Knock Off|[of] p2a: Iron Treads
|move|p1a: Garganacl|Salt Cure|p2a: Iron Treads
|-resisted|p2a: Iron Treads
|-damage|p2a: Iron Treads|98/100
|-start|p2a: Iron Treads|Salt Cure
|
|-heal|p2a: Iron Treads|100/100|[from] item: Leftovers
|-damage|p2a: Iron Treads|76/100|[from] Salt Cure
|upkeep
|turn|7
|
|t:|1743905177
|switch|p1a: Dragapult|Dragapult, F|100/100
|move|p2a: Iron Treads|Rapid Spin|p1a: Dragapult
|-immune|p1a: Dragapult
|
|-heal|p2a: Iron Treads|82/100|[from] item: Leftovers
|-damage|p2a: Iron Treads|57/100|[from] Salt Cure
|upkeep
|turn|8
|
|t:|1743905182
|move|p1a: Dragapult|Will-O-Wisp|p2a: Iron Treads
|-status|p2a: Iron Treads|brn
|move|p2a: Iron Treads|Knock Off|p1a: Dragapult
|-supereffective|p1a: Dragapult
|-damage|p1a: Dragapult|59/100
|-enditem|p1a: Dragapult|Heavy-Duty Boots|[from] move: Knock Off|[of] p2a: Iron Treads
|
|-heal|p2a: Iron Treads|63/100 brn|[from] item: Leftovers
|-damage|p2a: Iron Treads|57/100 brn|[from] brn
|-damage|p2a: Iron Treads|32/100 brn|[from] Salt Cure
|upkeep
|turn|9
|
|t:|1743905189
|-end|p2a: Iron Treads|Quark Drive|[silent]
|switch|p2a: Hatterene|Hatterene, F, shiny|79/100
|-damage|p2a: Hatterene|67/100|[from] Stealth Rock
|move|p1a: Dragapult|Hex|p2a: Hatterene
|-supereffective|p2a: Hatterene
|-damage|p2a: Hatterene|8/100
|
|-heal|p2a: Hatterene|14/100|[from] item: Leftovers
|upkeep
|turn|10
|
|t:|1743905194
|move|p1a: Dragapult|Hex|p2a: Hatterene
|-supereffective|p2a: Hatterene
|-damage|p2a: Hatterene|0 fnt
|faint|p2a: Hatterene
|
|upkeep
|
|t:|1743905196
|switch|p2a: Araquanid|Araquanid, F, shiny|100/100
|turn|11
|
|t:|1743905203
|move|p1a: Dragapult|U-turn|p2a: Araquanid
|-damage|p2a: Araquanid|84/100
|
|t:|1743905205
|switch|p1a: Skarmory|Skarmory, M|100/100|[from] U-turn
|move|p2a: Araquanid|Sticky Web|p1a: Skarmory
|-sidestart|p1: wavestrider|move: Sticky Web
|
|upkeep
|turn|12
|
|t:|1743905209
|move|p1a: Skarmory|Spikes|p2a: Araquanid
|-sidestart|p2: UserAstro|Spikes
|move|p2a: Araquanid|Liquidation|p1a: Skarmory
|-damage|p1a: Skarmory|64/100
|-damage|p2a: Araquanid|67/100|[from] item: Rocky Helmet|[of] p1a: Skarmory
|
|upkeep
|turn|13
|
|t:|1743905219
|move|p1a: Skarmory|Spikes|p2a: Araquanid
|-sidestart|p2: UserAstro|Spikes
|move|p2a: Araquanid|Liquidation|p1a: Skarmory
|-damage|p1a: Skarmory|25/100
|-damage|p2a: Araquanid|51/100|[from] item: Rocky Helmet|[of] p1a: Skarmory
|
|upkeep
|turn|14
|
|t:|1743905243
|switch|p1a: Azumarill|Azumarill, F|100/100
|-damage|p1a: Azumarill|88/100|[from] Spikes
|-activate|p1a: Azumarill|move: Sticky Web
|-unboost|p1a: Azumarill|spe|1
|move|p2a: Araquanid|Liquidation|p1a: Azumarill
|-resisted|p1a: Azumarill
|-damage|p1a: Azumarill|56/100
|-unboost|p1a: Azumarill|def|1
|
|upkeep
|turn|15
|
|t:|1743905256
|move|p2a: Araquanid|Poison Jab|p1a: Azumarill
|-supereffective|p1a: Azumarill
|-damage|p1a: Azumarill|0 fnt
|faint|p1a: Azumarill
|
|upkeep
|
|t:|1743905264
|switch|p1a: Dragapult|Dragapult, F|59/100
|-damage|p1a: Dragapult|47/100|[from] Spikes
|-activate|p1a: Dragapult|move: Sticky Web
|-unboost|p1a: Dragapult|spe|1
|turn|16
|
|t:|1743905269
|switch|p2a: Iron Treads|Iron Treads, shiny|32/100 brn
|-damage|p2a: Iron Treads|29/100 brn|[from] Stealth Rock
|-damage|p2a: Iron Treads|12/100 brn|[from] Spikes
|move|p1a: Dragapult|Dragon Darts|p2a: Iron Treads
|-resisted|p2a: Iron Treads
|-damage|p2a: Iron Treads|4/100 brn
|-anim|p1a: Dragapult|Dragon Darts|p2a: Iron Treads
|-resisted|p2a: Iron Treads
|-damage|p2a: Iron Treads|0 fnt
|faint|p2a: Iron Treads
|-end|p2a: Iron Treads|Quark Drive|[silent]
|
|upkeep
|
|t:|1743905277
|switch|p2a: Dragapult|Dragapult, M, shiny|100/100
|-damage|p2a: Dragapult|88/100|[from] Stealth Rock
|-damage|p2a: Dragapult|72/100|[from] Spikes
|turn|17
|
|t:|1743905283
|-terastallize|p1a: Dragapult|Fairy
|move|p2a: Dragapult|Dragon Darts|p1a: Dragapult
|-immune|p1a: Dragapult
|move|p1a: Dragapult|Dragon Darts|p2a: Dragapult
|-supereffective|p2a: Dragapult
|-damage|p2a: Dragapult|18/100
|-anim|p1a: Dragapult|Dragon Darts|p2a: Dragapult
|-supereffective|p2a: Dragapult
|-damage|p2a: Dragapult|0 fnt
|faint|p2a: Dragapult
|
|upkeep
|
|t:|1743905297
|switch|p2a: Araquanid|Araquanid, F, shiny|51/100
|turn|18
|
|t:|1743905305
|move|p1a: Dragapult|U-turn|p2a: Araquanid
|-damage|p2a: Araquanid|33/100
|
|t:|1743905307
|switch|p1a: Gliscor|Gliscor, F|100/100|[from] U-turn
|move|p2a: Araquanid|Poison Jab|p1a: Gliscor
|-resisted|p1a: Gliscor
|-damage|p1a: Gliscor|94/100
|
|-status|p1a: Gliscor|tox|[from] item: Toxic Orb
|upkeep
|turn|19
|
|t:|1743905315
|move|p1a: Gliscor|Knock Off|p2a: Araquanid
|-damage|p2a: Araquanid|9/100
|-enditem|p2a: Araquanid|Heavy-Duty Boots|[from] move: Knock Off|[of] p1a: Gliscor
|move|p2a: Araquanid|Liquidation|p1a: Gliscor
|-supereffective|p1a: Gliscor
|-damage|p1a: Gliscor|10/100 tox
|
|-heal|p1a: Gliscor|23/100 tox|[from] ability: Poison Heal
|upkeep
|turn|20
|
|t:|1743905322
|move|p1a: Gliscor|Protect|p1a: Gliscor
|-singleturn|p1a: Gliscor|Protect
|move|p2a: Araquanid|Liquidation|p1a: Gliscor
|-activate|p1a: Gliscor|move: Protect
|
|-heal|p1a: Gliscor|35/100 tox|[from] ability: Poison Heal
|upkeep
|turn|21
|
|t:|1743905329
|move|p1a: Gliscor|Facade|p2a: Araquanid
|-damage|p2a: Araquanid|0 fnt
|faint|p2a: Araquanid
|
|-heal|p1a: Gliscor|48/100 tox|[from] ability: Poison Heal
|upkeep
|
|t:|1743905332
|switch|p2a: Kingambit|Kingambit, F, shiny|100/100
|-damage|p2a: Kingambit|94/100|[from] Stealth Rock
|-damage|p2a: Kingambit|78/100|[from] Spikes
|-activate|p2a: Kingambit|ability: Supreme Overlord
|-start|p2a: Kingambit|fallen4|[silent]
|turn|22
|
|t:|1743905344
|switch|p1a: Garganacl|Garganacl, M|78/100
|-damage|p1a: Garganacl|66/100|[from] Spikes
|-activate|p1a: Garganacl|move: Sticky Web
|-unboost|p1a: Garganacl|spe|1
|move|p2a: Kingambit|Sucker Punch||[still]
|-fail|p2a: Kingambit
|
|-heal|p2a: Kingambit|84/100|[from] item: Leftovers
|upkeep
|turn|23
|
|t:|1743905346
|move|p2a: Kingambit|Iron Head|p1a: Garganacl
|-supereffective|p1a: Garganacl
|-damage|p1a: Garganacl|0 fnt
|faint|p1a: Garganacl
|
|-heal|p2a: Kingambit|90/100|[from] item: Leftovers
|upkeep
|
|t:|1743905356
|switch|p1a: Dragapult|Dragapult, F, tera:Fairy|47/100
|-damage|p1a: Dragapult|35/100|[from] Spikes
|-activate|p1a: Dragapult|move: Sticky Web
|-unboost|p1a: Dragapult|spe|1
|turn|24
|
|t:|1743905358
|move|p1a: Dragapult|Will-O-Wisp|p2a: Kingambit
|-status|p2a: Kingambit|brn
|move|p2a: Kingambit|Iron Head|p1a: Dragapult
|-supereffective|p1a: Dragapult
|-damage|p1a: Dragapult|0 fnt
|faint|p1a: Dragapult
|
|-heal|p2a: Kingambit|96/100 brn|[from] item: Leftovers
|-damage|p2a: Kingambit|90/100 brn|[from] brn
|upkeep
|
|t:|1743905363
|switch|p1a: Gliscor|Gliscor, F|48/100 tox
|turn|25
|
|t:|1743905367
|move|p1a: Gliscor|Protect|p1a: Gliscor
|-singleturn|p1a: Gliscor|Protect
|move|p2a: Kingambit|Kowtow Cleave|p1a: Gliscor
|-activate|p1a: Gliscor|move: Protect
|
|-heal|p2a: Kingambit|96/100 brn|[from] item: Leftovers
|-heal|p1a: Gliscor|60/100 tox|[from] ability: Poison Heal
|-damage|p2a: Kingambit|90/100 brn|[from] brn
|upkeep
|turn|26
|
|t:|1743905374
|move|p1a: Gliscor|Swords Dance|p1a: Gliscor
|-boost|p1a: Gliscor|atk|2
|move|p2a: Kingambit|Kowtow Cleave|p1a: Gliscor
|-damage|p1a: Gliscor|40/100 tox
|
|-heal|p2a: Kingambit|96/100 brn|[from] item: Leftovers
|-heal|p1a: Gliscor|52/100 tox|[from] ability: Poison Heal
|-damage|p2a: Kingambit|90/100 brn|[from] brn
|upkeep
|turn|27
|
|t:|1743905381
|move|p1a: Gliscor|Protect|p1a: Gliscor
|-singleturn|p1a: Gliscor|Protect
|move|p2a: Kingambit|Sucker Punch||[still]
|-fail|p2a: Kingambit
|
|-heal|p2a: Kingambit|96/100 brn|[from] item: Leftovers
|-heal|p1a: Gliscor|65/100 tox|[from] ability: Poison Heal
|-damage|p2a: Kingambit|90/100 brn|[from] brn
|upkeep
|turn|28
|c|☆UserAstro|Touch grass
|-message|UserAstro forfeited.
|
|win|wavestrider
|raw|wavestrider's rating: 1208 &rarr; <strong>1235</strong><br />(+27 for winning)
|raw|UserAstro's rating: 1237 &rarr; <strong>1210</strong><br />(-27 for losing)
|l|☆UserAstro
|player|p2|
