|j|☆brodiewhaat.
|j|☆dwanedaily75
|t:|1743821073
|gametype|singles
|player|p1|brodiewhaat.|bugcatcher-gen4dp|1420
|player|p2|dwanedaily75|blue-masters|1412
|teamsize|p1|6
|teamsize|p2|6
|gen|9
|tier|[Gen 9] OU
|rated|
|rule|HP Percentage Mod: HP is shown in percentages
|rule|Endless Battle Clause: Forcing endless battles is banned
|rule|Species Clause: Limit one of each Pokémon
|rule|OHKO Clause: OHKO moves are banned
|rule|Evasion Items Clause: Evasion items are banned
|rule|Evasion Moves Clause: Evasion moves are banned
|rule|Sleep Moves Clause: Sleep-inducing moves are banned
|clearpoke
|poke|p1|Morpeko, M|
|poke|p1|Meowscarada, F|
|poke|p1|Kingambit, M|
|poke|p1|Gliscor, M|
|poke|p1|Pecharunt|
|poke|p1|Alomomola, F|
|poke|p2|Great Tusk|
|poke|p2|Kingambit, F|
|poke|p2|Ogerpon-Wellspring, F|
|poke|p2|Yanmega, M|
|poke|p2|Raging Bolt|
|poke|p2|Iron Moth|
|teampreview
|inactive|Battle timer is ON: inactive players will automatically lose when time's up. (requested by dwanedaily75)
|inactive|brodiewhaat. also wants the timer to be on.
|
|t:|1743821092
|start
|switch|p1a: Meowscarada|Meowscarada, F|100/100
|switch|p2a: Great Tusk|Great Tusk|100/100
|turn|1
|
|t:|1743821103
|-end|p2a: Great Tusk|Protosynthesis|[silent]
|switch|p2a: Yanmega|Yanmega, M|100/100
|move|p1a: Meowscarada|U-turn|p2a: Yanmega
|-start|p1a: Meowscarada|typechange|Bug|[from] ability: Protean
|-resisted|p2a: Yanmega
|-damage|p2a: Yanmega|69/100
|
|t:|1743821117
|switch|p1a: Pecharunt|Pecharunt|100/100|[from] U-turn
|
|upkeep
|turn|2
|
|t:|1743821123
|move|p1a: Pecharunt|Malignant Chain|p2a: Yanmega
|-damage|p2a: Yanmega|8/100
|-status|p2a: Yanmega|tox
|-start|p2a: Yanmega|confusion|[from] ability: Poison Puppeteer|[of] p1a: Pecharunt
|-activate|p2a: Yanmega|confusion
|move|p2a: Yanmega|Air Slash|p1a: Pecharunt
|-damage|p1a: Pecharunt|62/100
|
|-damage|p2a: Yanmega|1/100 tox|[from] psn
|-ability|p2a: Yanmega|Speed Boost|boost
|-boost|p2a: Yanmega|spe|1
|upkeep
|turn|3
|
|t:|1743821134
|-activate|p2a: Yanmega|confusion
|move|p2a: Yanmega|Air Slash|p1a: Pecharunt
|-damage|p1a: Pecharunt|19/100
|move|p1a: Pecharunt|Recover|p1a: Pecharunt
|-heal|p1a: Pecharunt|69/100
|
|-damage|p2a: Yanmega|0 fnt|[from] psn
|faint|p2a: Yanmega
|upkeep
|
|t:|1743821139
|switch|p2a: Great Tusk|Great Tusk|100/100
|turn|4
|
|t:|1743821149
|switch|p1a: Gliscor|Gliscor, M|100/100
|move|p2a: Great Tusk|Ice Spinner|p1a: Gliscor
|-supereffective|p1a: Gliscor
|-damage|p1a: Gliscor|9/100
|
|-status|p1a: Gliscor|tox|[from] item: Toxic Orb
|upkeep
|turn|5
|
|t:|1743821155
|move|p1a: Gliscor|Protect|p1a: Gliscor
|-singleturn|p1a: Gliscor|Protect
|move|p2a: Great Tusk|Rapid Spin|p1a: Gliscor
|-activate|p1a: Gliscor|move: Protect
|
|-heal|p1a: Gliscor|21/100 tox|[from] ability: Poison Heal
|upkeep
|turn|6
|
|t:|1743821164
|switch|p1a: Alomomola|Alomomola, F|100/100
|move|p2a: Great Tusk|Stealth Rock|p1a: Alomomola
|-sidestart|p1: brodiewhaat.|move: Stealth Rock
|
|upkeep
|turn|7
|
|t:|1743821170
|-end|p2a: Great Tusk|Protosynthesis|[silent]
|switch|p2a: Ogerpon|Ogerpon-Wellspring, F|100/100
|move|p1a: Alomomola|Flip Turn|p2a: Ogerpon
|-immune|p2a: Ogerpon|[from] ability: Water Absorb
|
|upkeep
|turn|8
|
|t:|1743821181
|switch|p1a: Meowscarada|Meowscarada, F|100/100
|-damage|p1a: Meowscarada|88/100|[from] Stealth Rock
|move|p2a: Ogerpon|Power Whip|p1a: Meowscarada
|-resisted|p1a: Meowscarada
|-damage|p1a: Meowscarada|33/100
|
|upkeep
|turn|9
|
|t:|1743821189
|switch|p2a: Iron Moth|Iron Moth|100/100
|-enditem|p2a: Iron Moth|Booster Energy
|-activate|p2a: Iron Moth|ability: Quark Drive|[fromitem]
|-start|p2a: Iron Moth|quarkdrivespe
|move|p1a: Meowscarada|U-turn|p2a: Iron Moth
|-start|p1a: Meowscarada|typechange|Bug|[from] ability: Protean
|-resisted|p2a: Iron Moth
|-damage|p2a: Iron Moth|82/100
|
|t:|1743821200
|switch|p1a: Alomomola|Alomomola, F|100/100|[from] U-turn
|-damage|p1a: Alomomola|88/100|[from] Stealth Rock
|
|upkeep
|turn|10
|
|t:|1743821206
|move|p2a: Iron Moth|Substitute|p2a: Iron Moth
|-start|p2a: Iron Moth|Substitute
|-damage|p2a: Iron Moth|57/100
|move|p1a: Alomomola|Flip Turn|p2a: Iron Moth
|-supereffective|p2a: Iron Moth
|-end|p2a: Iron Moth|Substitute
|
|t:|1743821217
|switch|p1a: Morpeko|Morpeko, M|100/100|[from] Flip Turn
|
|-formechange|p1a: Morpeko|Morpeko-Hangry||[from] ability: Hunger Switch
|upkeep
|turn|11
|
|t:|1743821222
|move|p2a: Iron Moth|Dazzling Gleam|p1a: Morpeko
|-supereffective|p1a: Morpeko
|-damage|p1a: Morpeko|0 fnt
|faint|p1a: Morpeko
|
|upkeep
|
|t:|1743821234
|switch|p1a: Kingambit|Kingambit, M|100/100
|-damage|p1a: Kingambit|94/100|[from] Stealth Rock
|-activate|p1a: Kingambit|ability: Supreme Overlord
|-start|p1a: Kingambit|fallen1|[silent]
|turn|12
|
|t:|1743821241
|move|p2a: Iron Moth|Fiery Dance|p1a: Kingambit
|-supereffective|p1a: Kingambit
|-damage|p1a: Kingambit|13/100
|-boost|p2a: Iron Moth|spa|1
|move|p1a: Kingambit|Kowtow Cleave|p2a: Iron Moth
|-damage|p2a: Iron Moth|0 fnt
|faint|p2a: Iron Moth
|-end|p2a: Iron Moth|Quark Drive|[silent]
|
|upkeep
|
|t:|1743821248
|switch|p2a: Raging Bolt|Raging Bolt|100/100
|turn|13
|
|t:|1743821251
|move|p1a: Kingambit|Sucker Punch|p2a: Raging Bolt
|-damage|p2a: Raging Bolt|58/100
|move|p2a: Raging Bolt|Draco Meteor|p1a: Kingambit
|-resisted|p1a: Kingambit
|-damage|p1a: Kingambit|0 fnt
|-unboost|p2a: Raging Bolt|spa|2
|faint|p1a: Kingambit
|-end|p1a: Kingambit|fallen1|[silent]
|
|upkeep
|
|t:|1743821259
|switch|p1a: Meowscarada|Meowscarada, F|33/100
|-damage|p1a: Meowscarada|21/100|[from] Stealth Rock
|turn|14
|
|t:|1743821266
|move|p1a: Meowscarada|Triple Axel|p2a: Raging Bolt
|-start|p1a: Meowscarada|typechange|Ice|[from] ability: Protean
|-supereffective|p2a: Raging Bolt
|-damage|p2a: Raging Bolt|34/100
|-supereffective|p2a: Raging Bolt
|-damage|p2a: Raging Bolt|0 fnt
|faint|p2a: Raging Bolt
|-end|p2a: Raging Bolt|Protosynthesis|[silent]
|-hitcount|p2: Raging Bolt|2
|
|upkeep
|
|t:|1743821279
|switch|p2a: Ogerpon|Ogerpon-Wellspring, F|100/100
|turn|15
|
|t:|1743821282
|move|p1a: Meowscarada|Triple Axel|p2a: Ogerpon
|-damage|p2a: Ogerpon|82/100
|-damage|p2a: Ogerpon|43/100
|-damage|p2a: Ogerpon|0 fnt
|faint|p2a: Ogerpon
|-hitcount|p2: Ogerpon|3
|
|upkeep
|
|t:|1743821290
|switch|p2a: Kingambit|Kingambit, F|100/100
|-activate|p2a: Kingambit|ability: Supreme Overlord
|-start|p2a: Kingambit|fallen4|[silent]
|turn|16
|
|t:|1743821298
|switch|p1a: Gliscor|Gliscor, M|21/100 tox
|-damage|p1a: Gliscor|9/100 tox|[from] Stealth Rock
|move|p2a: Kingambit|Kowtow Cleave|p1a: Gliscor
|-damage|p1a: Gliscor|0 fnt
|faint|p1a: Gliscor
|
|upkeep
|
|t:|1743821304
|switch|p1a: Alomomola|Alomomola, F|100/100
|-damage|p1a: Alomomola|88/100|[from] Stealth Rock
|turn|17
|
|t:|1743821310
|-end|p2a: Kingambit|fallen4|[silent]
|switch|p2a: Great Tusk|Great Tusk|100/100
|move|p1a: Alomomola|Play Rough|p2a: Great Tusk
|-supereffective|p2a: Great Tusk
|-damage|p2a: Great Tusk|78/100
|-damage|p1a: Alomomola|71/100|[from] item: Rocky Helmet|[of] p2a: Great Tusk
|
|upkeep
|turn|18
|
|t:|1743821318
|move|p2a: Great Tusk|Headlong Rush|p1a: Alomomola
|-damage|p1a: Alomomola|31/100
|-unboost|p2a: Great Tusk|def|1
|-unboost|p2a: Great Tusk|spd|1
|move|p1a: Alomomola|Flip Turn|p2a: Great Tusk
|-supereffective|p2a: Great Tusk
|-crit|p2a: Great Tusk
|-damage|p2a: Great Tusk|22/100
|-damage|p1a: Alomomola|15/100|[from] item: Rocky Helmet|[of] p2a: Great Tusk
|
|t:|1743821322
|switch|p1a: Meowscarada|Meowscarada, F|21/100|[from] Flip Turn
|-damage|p1a: Meowscarada|9/100|[from] Stealth Rock
|
|upkeep
|turn|19
|
|t:|1743821325
|move|p1a: Meowscarada|Flower Trick|p2a: Great Tusk
|-start|p1a: Meowscarada|typechange|Grass|[from] ability: Protean
|-supereffective|p2a: Great Tusk
|-crit|p2a: Great Tusk
|-damage|p2a: Great Tusk|0 fnt
|faint|p2a: Great Tusk
|-end|p2a: Great Tusk|Protosynthesis|[silent]
|
|upkeep
|
|t:|1743821327
|switch|p2a: Kingambit|Kingambit, F|100/100
|-activate|p2a: Kingambit|ability: Supreme Overlord
|-start|p2a: Kingambit|fallen5|[silent]
|turn|20
|
|t:|1743821334
|move|p2a: Kingambit|Sucker Punch|p1a: Meowscarada
|-damage|p1a: Meowscarada|0 fnt
|faint|p1a: Meowscarada
|
|upkeep
|
|t:|1743821338
|switch|p1a: Pecharunt|Pecharunt|69/100
|turn|21
|
|t:|1743821343
|-terastallize|p1a: Pecharunt|Ghost
|move|p1a: Pecharunt|Shadow Ball|p2a: Kingambit
|-resisted|p2a: Kingambit
|-damage|p2a: Kingambit|79/100
|move|p2a: Kingambit|Kowtow Cleave|p1a: Pecharunt
|-supereffective|p1a: Pecharunt
|-damage|p1a: Pecharunt|0 fnt
|faint|p1a: Pecharunt
|
|-heal|p2a: Kingambit|85/100|[from] item: Leftovers
|upkeep
|c|☆dwanedaily75|gg
|c|☆brodiewhaat.|gg
|-message|brodiewhaat. forfeited.
|
|win|dwanedaily75
|raw|brodiewhaat.'s rating: 1420 &rarr; <strong>1400</strong><br />(-20 for losing)
|raw|dwanedaily75's rating: 1412 &rarr; <strong>1432</strong><br />(+20 for winning)
|l|☆dwanedaily75
|player|p2|
|l|☆brodiewhaat.
|player|p1|
