|j|☆loki001
|j|☆thecoolerziraga
|t:|1743791152
|gametype|singles
|player|p1|loki001|burglar|1149
|player|p2|thecoolerziraga|benga|1125
|teamsize|p1|6
|teamsize|p2|6
|gen|9
|tier|[Gen 9] OU
|rated|
|rule|HP Percentage Mod: HP is shown in percentages
|rule|Endless Battle Clause: Forcing endless battles is banned
|rule|Species Clause: Limit one of each Pokémon
|rule|OHKO Clause: OHKO moves are banned
|rule|Evasion Items Clause: Evasion items are banned
|rule|Evasion Moves Clause: Evasion moves are banned
|rule|Sleep Moves Clause: Sleep-inducing moves are banned
|clearpoke
|poke|p1|Glimmora, F|
|poke|p1|Zamazenta-*|
|poke|p1|Latias, F|
|poke|p1|Gholdengo|
|poke|p1|Dragonite, F|
|poke|p1|Weavile, M|
|poke|p2|Corviknight, F|
|poke|p2|Great Tusk|
|poke|p2|Dragapult, F|
|poke|p2|Cottonee, L1, F|
|poke|p2|Cinderace, M|
|poke|p2|Samurott-Hisui, F|
|teampreview
|inactive|Battle timer is ON: inactive players will automatically lose when time's up. (requested by thecoolerziraga)
|
|t:|1743791157
|start
|switch|p1a: Zamazenta|Zamazenta, shiny|100/100
|switch|p2a: hit me|Cottonee, L1, F, shiny|100/100
|-ability|p1a: Zamazenta|Dauntless Shield|boost
|-boost|p1a: Zamazenta|def|1
|turn|1
|
|t:|1743791164
|move|p2a: hit me|Leech Seed|p1a: Zamazenta
|-start|p1a: Zamazenta|move: Leech Seed
|move|p1a: Zamazenta|Substitute|p1a: Zamazenta
|-start|p1a: Zamazenta|Substitute
|-damage|p1a: Zamazenta|76/100
|
|-heal|p1a: Zamazenta|82/100|[from] item: Leftovers
|-damage|p1a: Zamazenta|69/100|[from] Leech Seed|[of] p2a: hit me
|upkeep
|turn|2
|
|t:|1743791180
|move|p1a: Zamazenta|Iron Defense|p1a: Zamazenta
|-boost|p1a: Zamazenta|def|2
|move|p2a: hit me|Dazzling Gleam|p1a: Zamazenta
|-supereffective|p1a: Zamazenta
|-activate|p1a: Zamazenta|move: Substitute|[damage]
|
|-heal|p1a: Zamazenta|76/100|[from] item: Leftovers
|-damage|p1a: Zamazenta|63/100|[from] Leech Seed|[of] p2a: hit me
|upkeep
|turn|3
|
|t:|1743791189
|move|p1a: Zamazenta|Iron Defense|p1a: Zamazenta
|-boost|p1a: Zamazenta|def|2
|move|p2a: hit me|Dazzling Gleam|p1a: Zamazenta
|-supereffective|p1a: Zamazenta
|-activate|p1a: Zamazenta|move: Substitute|[damage]
|
|-heal|p1a: Zamazenta|69/100|[from] item: Leftovers
|-damage|p1a: Zamazenta|57/100|[from] Leech Seed|[of] p2a: hit me
|upkeep
|turn|4
|
|t:|1743791197
|move|p1a: Zamazenta|Iron Defense|p1a: Zamazenta
|-boost|p1a: Zamazenta|def|1
|move|p2a: hit me|Dazzling Gleam|p1a: Zamazenta
|-supereffective|p1a: Zamazenta
|-activate|p1a: Zamazenta|move: Substitute|[damage]
|
|-heal|p1a: Zamazenta|63/100|[from] item: Leftovers
|-damage|p1a: Zamazenta|51/100|[from] Leech Seed|[of] p2a: hit me
|upkeep
|turn|5
|
|t:|1743791209
|move|p1a: Zamazenta|Body Press|p2a: hit me
|-resisted|p2a: hit me
|-enditem|p2a: hit me|Focus Sash
|-damage|p2a: hit me|9/100
|move|p2a: hit me|Dazzling Gleam|p1a: Zamazenta
|-supereffective|p1a: Zamazenta
|-activate|p1a: Zamazenta|move: Substitute|[damage]
|
|-heal|p1a: Zamazenta|57/100|[from] item: Leftovers
|-damage|p1a: Zamazenta|44/100|[from] Leech Seed|[of] p2a: hit me
|-heal|p2a: hit me|100/100|[silent]
|upkeep
|turn|6
|
|t:|1743791221
|move|p1a: Zamazenta|Body Press|p2a: hit me
|-resisted|p2a: hit me
|-damage|p2a: hit me|0 fnt
|faint|p2a: hit me
|
|-heal|p1a: Zamazenta|51/100|[from] item: Leftovers
|upkeep
|
|t:|1743791236
|switch|p2a: Fortress|Corviknight, F|100/100
|-ability|p2a: Fortress|Pressure
|turn|7
|
|t:|1743791249
|move|p1a: Zamazenta|Body Press|p2a: Fortress
|-damage|p2a: Fortress|0 fnt
|faint|p2a: Fortress
|
|-heal|p1a: Zamazenta|57/100|[from] item: Leftovers
|upkeep
|
|t:|1743791262
|switch|p2a: christiano|Cinderace, M|100/100
|turn|8
|
|t:|1743791266
|move|p1a: Zamazenta|Body Press|p2a: christiano
|-damage|p2a: christiano|0 fnt
|faint|p2a: christiano
|
|-heal|p1a: Zamazenta|63/100|[from] item: Leftovers
|upkeep
|
|t:|1743791274
|switch|p2a: samurai jack|Samurott-Hisui, F|100/100
|turn|9
|
|t:|1743791279
|move|p2a: samurai jack|Aqua Jet|p1a: Zamazenta
|-activate|p1a: Zamazenta|move: Substitute|[damage]
|move|p1a: Zamazenta|Body Press|p2a: samurai jack
|-supereffective|p2a: samurai jack
|-damage|p2a: samurai jack|0 fnt
|faint|p2a: samurai jack
|
|-heal|p1a: Zamazenta|69/100|[from] item: Leftovers
|upkeep
|
|t:|1743791288
|switch|p2a: sleep me|Dragapult, F|100/100
|turn|10
|
|t:|1743791294
|move|p2a: sleep me|Substitute|p2a: sleep me
|-start|p2a: sleep me|Substitute
|-damage|p2a: sleep me|76/100
|move|p1a: Zamazenta|Body Press|p2a: sleep me
|-immune|p2a: sleep me
|
|-heal|p2a: sleep me|82/100|[from] item: Leftovers
|-heal|p1a: Zamazenta|76/100|[from] item: Leftovers
|-damage|p1a: Zamazenta|63/100|[from] Leech Seed|[of] p2a: sleep me
|-heal|p2a: sleep me|93/100|[silent]
|upkeep
|turn|11
|
|t:|1743791306
|move|p2a: sleep me|Dragon Darts|p1a: Zamazenta
|-activate|p1a: Zamazenta|move: Substitute|[damage]
|-anim|p2a: sleep me|Dragon Darts|p1a: Zamazenta
|-activate|p1a: Zamazenta|move: Substitute|[damage]
|move|p1a: Zamazenta|Crunch|p2a: sleep me
|-supereffective|p2a: sleep me
|-end|p2a: sleep me|Substitute
|
|-heal|p2a: sleep me|99/100|[from] item: Leftovers
|-heal|p1a: Zamazenta|69/100|[from] item: Leftovers
|-damage|p1a: Zamazenta|57/100|[from] Leech Seed|[of] p2a: sleep me
|-heal|p2a: sleep me|100/100|[silent]
|upkeep
|turn|12
|
|t:|1743791321
|move|p2a: sleep me|Substitute|p2a: sleep me
|-start|p2a: sleep me|Substitute
|-damage|p2a: sleep me|76/100
|move|p1a: Zamazenta|Crunch|p2a: sleep me
|-supereffective|p2a: sleep me
|-end|p2a: sleep me|Substitute
|
|-heal|p2a: sleep me|82/100|[from] item: Leftovers
|-heal|p1a: Zamazenta|63/100|[from] item: Leftovers
|-damage|p1a: Zamazenta|51/100|[from] Leech Seed|[of] p2a: sleep me
|-heal|p2a: sleep me|93/100|[silent]
|upkeep
|turn|13
|
|t:|1743791334
|move|p2a: sleep me|Dragon Darts|p1a: Zamazenta
|-activate|p1a: Zamazenta|move: Substitute|[damage]
|-anim|p2a: sleep me|Dragon Darts|p1a: Zamazenta
|-activate|p1a: Zamazenta|move: Substitute|[damage]
|move|p1a: Zamazenta|Crunch|p2a: sleep me
|-supereffective|p2a: sleep me
|-damage|p2a: sleep me|39/100
|
|-heal|p2a: sleep me|45/100|[from] item: Leftovers
|-heal|p1a: Zamazenta|57/100|[from] item: Leftovers
|-damage|p1a: Zamazenta|44/100|[from] Leech Seed|[of] p2a: sleep me
|-heal|p2a: sleep me|57/100|[silent]
|upkeep
|turn|14
|-message|thecoolerziraga forfeited.
|
|win|loki001
|raw|loki001's rating: 1149 &rarr; <strong>1172</strong><br />(+23 for winning)
|raw|thecoolerziraga's rating: 1125 &rarr; <strong>1102</strong><br />(-23 for losing)
|l|☆thecoolerziraga
|player|p2|
|l|☆loki001
|player|p1|
