|j|☆Ornaug
|j|☆aervacox178
|t:|1743859761
|gametype|singles
|player|p1|Ornaug|swimmer|1400
|player|p2|aervacox178|101|1390
|teamsize|p1|6
|teamsize|p2|6
|gen|9
|tier|[Gen 9] OU
|rated|
|rule|HP Percentage Mod: HP is shown in percentages
|rule|Endless Battle Clause: Forcing endless battles is banned
|rule|Species Clause: Limit one of each Pokémon
|rule|OHKO Clause: OHKO moves are banned
|rule|Evasion Items Clause: Evasion items are banned
|rule|Evasion Moves Clause: Evasion moves are banned
|rule|Sleep Moves Clause: Sleep-inducing moves are banned
|clearpoke
|poke|p1|Cinderace, F|
|poke|p1|Frosmoth, M|
|poke|p1|Gliscor, M|
|poke|p1|Primarina, M|
|poke|p1|Regidrago|
|poke|p1|Pecharunt|
|poke|p2|Darkrai|
|poke|p2|Walking Wake|
|poke|p2|Torkoal, M|
|poke|p2|Blissey, F|
|poke|p2|Cinderace, F|
|poke|p2|Landorus-Therian, M|
|teampreview
|inactive|Battle timer is ON: inactive players will automatically lose when time's up. (requested by Ornaug)
|
|t:|1743859774
|start
|switch|p1a: Regidrago|Regidrago|100/100
|switch|p2a: Landorus|Landorus-Therian, M, shiny|100/100
|-ability|p2a: Landorus|Intimidate|boost
|-unboost|p1a: Regidrago|atk|1
|turn|1
|
|t:|1743859781
|move|p1a: Regidrago|Dragon Energy|p2a: Landorus
|-damage|p2a: Landorus|0 fnt
|faint|p2a: Landorus
|
|upkeep
|
|t:|1743859806
|switch|p2a: Blissey|Blissey, F|100/100
|turn|2
|
|t:|1743859822
|switch|p1a: Pecharunt|Pecharunt|100/100
|move|p2a: Blissey|Stealth Rock|p1a: Pecharunt
|-sidestart|p1: Ornaug|move: Stealth Rock
|
|upkeep
|turn|3
|
|t:|1743859829
|move|p1a: Pecharunt|Nasty Plot|p1a: Pecharunt
|-boost|p1a: Pecharunt|spa|2
|move|p2a: Blissey|Thunder Wave|p1a: Pecharunt|[miss]
|-miss|p2a: Blissey|p1a: Pecharunt
|
|upkeep
|turn|4
|
|t:|1743859835
|move|p1a: Pecharunt|Malignant Chain|p2a: Blissey
|-damage|p2a: Blissey|76/100
|-status|p2a: Blissey|tox
|-start|p2a: Blissey|confusion|[from] ability: Poison Puppeteer|[of] p1a: Pecharunt
|-activate|p2a: Blissey|confusion
|move|p2a: Blissey|Thunder Wave|p1a: Pecharunt|[miss]
|-miss|p2a: Blissey|p1a: Pecharunt
|
|-heal|p2a: Blissey|82/100 tox|[from] item: Leftovers
|-damage|p2a: Blissey|76/100 tox|[from] psn
|upkeep
|turn|5
|
|t:|1743859851
|switch|p1a: Gliscor|Gliscor, M|100/100
|-damage|p1a: Gliscor|88/100|[from] Stealth Rock
|-activate|p2a: Blissey|confusion
|move|p2a: Blissey|Thunder Wave|p1a: Gliscor
|-immune|p1a: Gliscor
|
|-heal|p2a: Blissey|82/100 tox|[from] item: Leftovers
|-damage|p2a: Blissey|69/100 tox|[from] psn
|-status|p1a: Gliscor|tox|[from] item: Toxic Orb
|upkeep
|turn|6
|
|t:|1743859860
|-curestatus|p2a: Blissey|tox|[from] ability: Natural Cure
|switch|p2a: Walking Wake|Walking Wake|100/100
|move|p1a: Gliscor|Knock Off|p2a: Walking Wake
|-damage|p2a: Walking Wake|79/100
|-enditem|p2a: Walking Wake|Expert Belt|[from] move: Knock Off|[of] p1a: Gliscor
|
|-heal|p1a: Gliscor|100/100 tox|[from] ability: Poison Heal
|upkeep
|turn|7
|
|t:|1743859870
|switch|p1a: Frosmoth|Frosmoth, M|100/100
|move|p2a: Walking Wake|Hydro Steam|p1a: Frosmoth
|-damage|p1a: Frosmoth|85/100
|
|upkeep
|turn|8
|
|t:|1743859878
|move|p2a: Walking Wake|Flamethrower|p1a: Frosmoth
|-supereffective|p1a: Frosmoth
|-damage|p1a: Frosmoth|40/100
|move|p1a: Frosmoth|Quiver Dance|p1a: Frosmoth
|-boost|p1a: Frosmoth|spa|1
|-boost|p1a: Frosmoth|spd|1
|-boost|p1a: Frosmoth|spe|1
|
|upkeep
|turn|9
|
|t:|1743859904
|-end|p2a: Walking Wake|Protosynthesis|[silent]
|switch|p2a: Blissey|Blissey, F|69/100
|-terastallize|p1a: Frosmoth|Water
|move|p1a: Frosmoth|Giga Drain|p2a: Blissey
|-damage|p2a: Blissey|60/100
|-heal|p1a: Frosmoth|49/100|[from] drain|[of] p2a: Blissey
|
|-heal|p2a: Blissey|66/100|[from] item: Leftovers
|upkeep
|turn|10
|inactive|Ornaug has 120 seconds left.
|
|t:|1743859927
|switch|p1a: Gliscor|Gliscor, M|100/100 tox
|-damage|p1a: Gliscor|88/100 tox|[from] Stealth Rock
|move|p2a: Blissey|Soft-Boiled|p2a: Blissey
|-heal|p2a: Blissey|100/100
|
|-heal|p1a: Gliscor|100/100 tox|[from] ability: Poison Heal
|upkeep
|turn|11
|
|t:|1743859937
|switch|p2a: Walking Wake|Walking Wake|79/100
|move|p1a: Gliscor|Knock Off|p2a: Walking Wake
|-damage|p2a: Walking Wake|64/100
|
|upkeep
|turn|12
|
|t:|1743859946
|move|p1a: Gliscor|Protect|p1a: Gliscor
|-singleturn|p1a: Gliscor|Protect
|move|p2a: Walking Wake|Hydro Steam|p1a: Gliscor
|-activate|p1a: Gliscor|move: Protect
|
|upkeep
|turn|13
|
|t:|1743859954
|switch|p1a: Primarina|Primarina, M|100/100
|-damage|p1a: Primarina|88/100|[from] Stealth Rock
|move|p2a: Walking Wake|Hydro Steam|p1a: Primarina
|-resisted|p1a: Primarina
|-damage|p1a: Primarina|71/100
|
|-heal|p1a: Primarina|77/100|[from] item: Leftovers
|upkeep
|turn|14
|
|t:|1743859966
|-terastallize|p2a: Walking Wake|Electric
|move|p2a: Walking Wake|Tera Blast|p1a: Primarina|[anim] Tera Blast Electric
|-supereffective|p1a: Primarina
|-damage|p1a: Primarina|18/100
|move|p1a: Primarina|Substitute|p1a: Primarina
|-fail|p1a: Primarina|move: Substitute|[weak]
|
|-heal|p1a: Primarina|24/100|[from] item: Leftovers
|upkeep
|turn|15
|
|t:|1743859977
|move|p2a: Walking Wake|Hydro Steam|p1a: Primarina
|-resisted|p1a: Primarina
|-damage|p1a: Primarina|6/100
|move|p1a: Primarina|Draining Kiss|p2a: Walking Wake
|-damage|p2a: Walking Wake|39/100
|-heal|p1a: Primarina|24/100|[from] drain|[of] p2a: Walking Wake
|
|-heal|p1a: Primarina|30/100|[from] item: Leftovers
|upkeep
|turn|16
|
|t:|1743859984
|move|p2a: Walking Wake|Tera Blast|p1a: Primarina|[anim] Tera Blast Electric
|-supereffective|p1a: Primarina
|-damage|p1a: Primarina|0 fnt
|faint|p1a: Primarina
|
|upkeep
|
|t:|1743859991
|switch|p1a: Cinderace|Cinderace, F|100/100
|turn|17
|
|t:|1743859996
|-end|p2a: Walking Wake|Protosynthesis|[silent]
|switch|p2a: Torkoal|Torkoal, M|100/100
|-weather|SunnyDay|[from] ability: Drought|[of] p2a: Torkoal
|move|p1a: Cinderace|Pyro Ball|p2a: Torkoal|[miss]
|-miss|p1a: Cinderace|p2a: Torkoal
|
|-weather|SunnyDay|[upkeep]
|upkeep
|turn|18
|
|t:|1743860003
|move|p1a: Cinderace|Court Change|p1a: Cinderace
|-start|p1a: Cinderace|typechange|Normal|[from] ability: Libero
|-swapsideconditions
|-activate|p1a: Cinderace|move: Court Change
|move|p2a: Torkoal|Lava Plume|p1a: Cinderace
|-damage|p1a: Cinderace|52/100
|-status|p1a: Cinderace|brn
|
|-weather|SunnyDay|[upkeep]
|-damage|p1a: Cinderace|46/100 brn|[from] brn
|upkeep
|turn|19
|
|t:|1743860008
|move|p1a: Cinderace|U-turn|p2a: Torkoal
|-resisted|p2a: Torkoal
|-damage|p2a: Torkoal|98/100
|
|t:|1743860011
|switch|p1a: Frosmoth|Frosmoth, M, tera:Water|49/100|[from] U-turn
|move|p2a: Torkoal|Rapid Spin|p1a: Frosmoth
|-damage|p1a: Frosmoth|34/100
|-boost|p2a: Torkoal|spe|1
|-sideend|p2: aervacox178|Stealth Rock|[from] move: Rapid Spin|[of] p2a: Torkoal
|
|-weather|SunnyDay|[upkeep]
|upkeep
|turn|20
|
|t:|1743860019
|move|p1a: Frosmoth|Stun Spore|p2a: Torkoal|[miss]
|-miss|p1a: Frosmoth|p2a: Torkoal
|move|p2a: Torkoal|Solar Beam||[still]
|-prepare|p2a: Torkoal|Solar Beam
|-anim|p2a: Torkoal|Solar Beam|p1a: Frosmoth
|-supereffective|p1a: Frosmoth
|-damage|p1a: Frosmoth|14/100
|
|-weather|SunnyDay|[upkeep]
|upkeep
|turn|21
|
|t:|1743860035
|switch|p2a: Blissey|Blissey, F|100/100
|move|p1a: Frosmoth|Stun Spore|p2a: Blissey
|-status|p2a: Blissey|par
|
|-weather|SunnyDay|[upkeep]
|upkeep
|turn|22
|
|t:|1743860044
|move|p1a: Frosmoth|Giga Drain|p2a: Blissey
|-damage|p2a: Blissey|94/100 par
|-heal|p1a: Frosmoth|20/100|[from] drain|[of] p2a: Blissey
|move|p2a: Blissey|Seismic Toss|p1a: Frosmoth
|-damage|p1a: Frosmoth|0 fnt
|faint|p1a: Frosmoth
|
|-weather|SunnyDay|[upkeep]
|-heal|p2a: Blissey|100/100 par|[from] item: Leftovers
|upkeep
|
|t:|1743860055
|switch|p1a: Pecharunt|Pecharunt|100/100
|turn|23
|
|t:|1743860058
|move|p1a: Pecharunt|Nasty Plot|p1a: Pecharunt
|-boost|p1a: Pecharunt|spa|2
|cant|p2a: Blissey|par
|
|-weather|SunnyDay|[upkeep]
|upkeep
|turn|24
|
|t:|1743860064
|move|p1a: Pecharunt|Nasty Plot|p1a: Pecharunt
|-boost|p1a: Pecharunt|spa|2
|move|p2a: Blissey|Thunder Wave|p1a: Pecharunt
|-status|p1a: Pecharunt|par
|
|-weather|none
|upkeep
|turn|25
|
|t:|1743860073
|-curestatus|p2a: Blissey|par|[from] ability: Natural Cure
|switch|p2a: Torkoal|Torkoal, M|98/100
|-weather|SunnyDay|[from] ability: Drought|[of] p2a: Torkoal
|move|p1a: Pecharunt|Nasty Plot|p1a: Pecharunt
|-boost|p1a: Pecharunt|spa|2
|
|-weather|SunnyDay|[upkeep]
|upkeep
|turn|26
|
|t:|1743860083
|move|p1a: Pecharunt|Malignant Chain|p2a: Torkoal
|-damage|p2a: Torkoal|0 fnt
|faint|p2a: Torkoal
|
|-weather|SunnyDay|[upkeep]
|upkeep
|
|t:|1743860093
|switch|p2a: Darkrai|Darkrai|100/100
|turn|27
|
|t:|1743860099
|move|p2a: Darkrai|Dark Pulse|p1a: Pecharunt
|-supereffective|p1a: Pecharunt
|-damage|p1a: Pecharunt|0 fnt
|faint|p1a: Pecharunt
|
|-weather|SunnyDay|[upkeep]
|upkeep
|
|t:|1743860107
|switch|p1a: Regidrago|Regidrago|100/100
|turn|28
|
|t:|1743860110
|switch|p2a: Blissey|Blissey, F|100/100
|move|p1a: Regidrago|Dragon Energy|p2a: Blissey
|-damage|p2a: Blissey|69/100
|
|-weather|SunnyDay|[upkeep]
|-heal|p2a: Blissey|76/100|[from] item: Leftovers
|upkeep
|turn|29
|
|t:|1743860119
|switch|p1a: Gliscor|Gliscor, M|100/100 tox
|move|p2a: Blissey|Seismic Toss|p1a: Gliscor
|-damage|p1a: Gliscor|72/100 tox
|
|-weather|SunnyDay|[upkeep]
|-heal|p2a: Blissey|82/100|[from] item: Leftovers
|-heal|p1a: Gliscor|85/100 tox|[from] ability: Poison Heal
|upkeep
|turn|30
|
|t:|1743860126
|switch|p2a: Walking Wake|Walking Wake, tera:Electric|39/100
|-activate|p2a: Walking Wake|ability: Protosynthesis
|-start|p2a: Walking Wake|protosynthesisspe
|move|p1a: Gliscor|Toxic|p2a: Walking Wake
|-status|p2a: Walking Wake|tox
|
|-weather|SunnyDay|[upkeep]
|-damage|p2a: Walking Wake|33/100 tox|[from] psn
|-heal|p1a: Gliscor|97/100 tox|[from] ability: Poison Heal
|upkeep
|turn|31
|
|t:|1743860138
|-end|p2a: Walking Wake|Protosynthesis|[silent]
|switch|p2a: Cinderace|Cinderace, F|100/100
|move|p1a: Gliscor|Protect||[still]
|-fail|p1a: Gliscor
|
|-weather|SunnyDay|[upkeep]
|-heal|p1a: Gliscor|100/100 tox|[from] ability: Poison Heal
|upkeep
|turn|32
|
|t:|1743860143
|move|p2a: Cinderace|Pyro Ball|p1a: Gliscor
|-damage|p1a: Gliscor|49/100 tox
|move|p1a: Gliscor|Knock Off|p2a: Cinderace
|-damage|p2a: Cinderace|68/100
|-enditem|p2a: Cinderace|Heavy-Duty Boots|[from] move: Knock Off|[of] p1a: Gliscor
|
|-weather|none
|-heal|p1a: Gliscor|61/100 tox|[from] ability: Poison Heal
|upkeep
|turn|33
|
|t:|1743860150
|move|p1a: Gliscor|Protect|p1a: Gliscor
|-singleturn|p1a: Gliscor|Protect
|move|p2a: Cinderace|Iron Head|p1a: Gliscor
|-start|p2a: Cinderace|typechange|Steel|[from] ability: Libero
|-activate|p1a: Gliscor|move: Protect
|
|-heal|p1a: Gliscor|73/100 tox|[from] ability: Poison Heal
|upkeep
|turn|34
|
|t:|1743860157
|move|p2a: Cinderace|Iron Head|p1a: Gliscor
|-damage|p1a: Gliscor|50/100 tox
|cant|p1a: Gliscor|flinch
|
|-heal|p1a: Gliscor|63/100 tox|[from] ability: Poison Heal
|upkeep
|turn|35
|
|t:|1743860168
|move|p1a: Gliscor|Protect|p1a: Gliscor
|-singleturn|p1a: Gliscor|Protect
|move|p2a: Cinderace|Iron Head|p1a: Gliscor
|-activate|p1a: Gliscor|move: Protect
|
|-heal|p1a: Gliscor|75/100 tox|[from] ability: Poison Heal
|upkeep
|turn|36
|
|t:|1743860174
|move|p2a: Cinderace|Iron Head|p1a: Gliscor
|-damage|p1a: Gliscor|52/100 tox
|cant|p1a: Gliscor|flinch
|
|-heal|p1a: Gliscor|65/100 tox|[from] ability: Poison Heal
|upkeep
|turn|37
|
|t:|1743860186
|move|p1a: Gliscor|Protect|p1a: Gliscor
|-singleturn|p1a: Gliscor|Protect
|move|p2a: Cinderace|Iron Head|p1a: Gliscor
|-activate|p1a: Gliscor|move: Protect
|
|-heal|p1a: Gliscor|77/100 tox|[from] ability: Poison Heal
|upkeep
|turn|38
|
|t:|1743860190
|move|p2a: Cinderace|Iron Head|p1a: Gliscor
|-damage|p1a: Gliscor|52/100 tox
|cant|p1a: Gliscor|flinch
|
|-heal|p1a: Gliscor|65/100 tox|[from] ability: Poison Heal
|upkeep
|turn|39
|
|t:|1743860198
|switch|p2a: Darkrai|Darkrai|100/100
|move|p1a: Gliscor|Protect||[still]
|-fail|p1a: Gliscor
|
|-heal|p1a: Gliscor|77/100 tox|[from] ability: Poison Heal
|upkeep
|turn|40
|
|t:|1743860208
|move|p1a: Gliscor|Protect|p1a: Gliscor
|-singleturn|p1a: Gliscor|Protect
|move|p2a: Darkrai|Nasty Plot|p2a: Darkrai
|-boost|p2a: Darkrai|spa|2
|
|-heal|p1a: Gliscor|90/100 tox|[from] ability: Poison Heal
|upkeep
|turn|41
|
|t:|1743860214
|move|p2a: Darkrai|Dark Pulse|p1a: Gliscor
|-damage|p1a: Gliscor|0 fnt
|faint|p1a: Gliscor
|
|upkeep
|-message|Ornaug forfeited.
|
|win|aervacox178
|raw|Ornaug's rating: 1400 &rarr; <strong>1379</strong><br />(-21 for losing)
|raw|aervacox178's rating: 1390 &rarr; <strong>1411</strong><br />(+21 for winning)
|l|☆Ornaug
|player|p1|
|l|☆aervacox178
|player|p2|
