|j|☆dongfangbaimo
|j|☆raiden luvr
|t:|1743831476
|gametype|singles
|player|p1|dongfangbaimo|dawn|1141
|player|p2|raiden luvr|musician|1127
|teamsize|p1|6
|teamsize|p2|6
|gen|9
|tier|[Gen 9] OU
|rated|
|rule|HP Percentage Mod: HP is shown in percentages
|rule|Endless Battle Clause: Forcing endless battles is banned
|rule|Species Clause: Limit one of each Pokémon
|rule|OHKO Clause: OHKO moves are banned
|rule|Evasion Items Clause: Evasion items are banned
|rule|Evasion Moves Clause: Evasion moves are banned
|rule|Sleep Moves Clause: Sleep-inducing moves are banned
|clearpoke
|poke|p1|Clefable, M|
|poke|p1|Slither Wing|
|poke|p1|Hatterene, F|
|poke|p1|Ursaluna, M|
|poke|p1|Hoopa-Unbound|
|poke|p1|Slowking-Galar, M|
|poke|p2|Gliscor, M|
|poke|p2|Blaziken, M|
|poke|p2|Araquanid, F|
|poke|p2|Gholdengo|
|poke|p2|Incineroar, F|
|poke|p2|Iron Treads|
|teampreview
|inactive|Battle timer is ON: inactive players will automatically lose when time's up. (requested by raiden luvr)
|
|t:|1743831498
|start
|switch|p1a: Slowking|Slowking-Galar, M|100/100
|switch|p2a: Gliscor|Gliscor, M|100/100
|turn|1
|
|t:|1743831505
|move|p2a: Gliscor|Knock Off|p1a: Slowking
|-supereffective|p1a: Slowking
|-damage|p1a: Slowking|57/100
|-enditem|p1a: Slowking|Life Orb|[from] move: Knock Off|[of] p2a: Gliscor
|move|p1a: Slowking|Trick Room|p1a: Slowking
|-fieldstart|move: Trick Room|[of] p1a: Slowking
|
|-status|p2a: Gliscor|tox|[from] item: Toxic Orb
|upkeep
|turn|2
|
|t:|1743831510
|move|p1a: Slowking|Blizzard|p2a: Gliscor|[miss]
|-miss|p1a: Slowking|p2a: Gliscor
|move|p2a: Gliscor|Earthquake|p1a: Slowking
|-supereffective|p1a: Slowking
|-damage|p1a: Slowking|0 fnt
|faint|p1a: Slowking
|
|upkeep
|
|t:|1743831525
|switch|p1a: Ursaluna|Ursaluna, M|100/100
|turn|3
|
|t:|1743831532
|move|p1a: Ursaluna|Curse|p1a: Ursaluna
|-unboost|p1a: Ursaluna|spe|1
|-boost|p1a: Ursaluna|atk|1
|-boost|p1a: Ursaluna|def|1
|move|p2a: Gliscor|Knock Off|p1a: Ursaluna
|-damage|p1a: Ursaluna|90/100
|-enditem|p1a: Ursaluna|Flame Orb|[from] move: Knock Off|[of] p2a: Gliscor
|
|upkeep
|turn|4
|
|t:|1743831542
|move|p2a: Gliscor|Protect|p2a: Gliscor
|-singleturn|p2a: Gliscor|Protect
|move|p1a: Ursaluna|Curse|p1a: Ursaluna
|-unboost|p1a: Ursaluna|spe|1
|-boost|p1a: Ursaluna|atk|1
|-boost|p1a: Ursaluna|def|1
|
|upkeep
|turn|5
|
|t:|1743831548
|move|p1a: Ursaluna|Body Press|p2a: Gliscor
|-resisted|p2a: Gliscor
|-crit|p2a: Gliscor
|-damage|p2a: Gliscor|84/100 tox
|move|p2a: Gliscor|Toxic|p1a: Ursaluna
|-status|p1a: Ursaluna|tox
|
|-damage|p1a: Ursaluna|84/100 tox|[from] psn
|-heal|p2a: Gliscor|96/100 tox|[from] ability: Poison Heal
|-fieldend|move: Trick Room
|upkeep
|turn|6
|
|t:|1743831559
|move|p2a: Gliscor|Earthquake|p1a: Ursaluna
|-damage|p1a: Ursaluna|71/100 tox
|move|p1a: Ursaluna|Facade|p2a: Gliscor
|-damage|p2a: Gliscor|0 fnt
|faint|p2a: Gliscor
|
|-damage|p1a: Ursaluna|59/100 tox|[from] psn
|upkeep
|
|t:|1743831566
|switch|p2a: Gholdengo|Gholdengo|100/100
|turn|7
|
|t:|1743831578
|-terastallize|p1a: Ursaluna|Ground
|move|p2a: Gholdengo|Dazzling Gleam|p1a: Ursaluna
|-damage|p1a: Ursaluna|33/100 tox
|move|p1a: Ursaluna|Facade|p2a: Gholdengo
|-immune|p2a: Gholdengo
|
|-damage|p1a: Ursaluna|14/100 tox|[from] psn
|upkeep
|turn|8
|
|t:|1743831587
|move|p2a: Gholdengo|Dazzling Gleam|p1a: Ursaluna
|-damage|p1a: Ursaluna|0 fnt
|faint|p1a: Ursaluna
|
|upkeep
|
|t:|1743831600
|switch|p1a: Clefable|Clefable, M|100/100
|turn|9
|
|t:|1743831604
|move|p2a: Gholdengo|Make It Rain|p1a: Clefable
|-supereffective|p1a: Clefable
|-damage|p1a: Clefable|0 fnt
|-unboost|p2a: Gholdengo|spa|1
|faint|p1a: Clefable
|
|upkeep
|
|t:|1743831610
|switch|p1a: Hatterene|Hatterene, F|100/100
|turn|10
|
|t:|1743831625
|switch|p2a: Iron Treads|Iron Treads|100/100
|move|p1a: Hatterene|Trick Room|p1a: Hatterene
|-fieldstart|move: Trick Room|[of] p1a: Hatterene
|
|upkeep
|turn|11
|
|t:|1743831631
|move|p1a: Hatterene|Mystical Fire|p2a: Iron Treads
|-supereffective|p2a: Iron Treads
|-damage|p2a: Iron Treads|0 fnt
|faint|p2a: Iron Treads
|-end|p2a: Iron Treads|Quark Drive|[silent]
|-damage|p1a: Hatterene|91/100|[from] item: Life Orb
|
|upkeep
|
|t:|1743831639
|switch|p2a: Araquanid|Araquanid, F|100/100
|turn|12
|
|t:|1743831646
|move|p1a: Hatterene|Psyshock|p2a: Araquanid
|-damage|p2a: Araquanid|38/100
|-damage|p1a: Hatterene|81/100|[from] item: Life Orb
|move|p2a: Araquanid|Leech Life|p1a: Hatterene
|-damage|p1a: Hatterene|54/100
|-heal|p2a: Araquanid|49/100|[from] drain|[of] p1a: Hatterene
|
|-heal|p2a: Araquanid|56/100|[from] item: Leftovers
|upkeep
|turn|13
|
|t:|1743831656
|move|p2a: Araquanid|Protect|p2a: Araquanid
|-singleturn|p2a: Araquanid|Protect
|move|p1a: Hatterene|Psyshock|p2a: Araquanid
|-activate|p2a: Araquanid|move: Protect
|
|-heal|p2a: Araquanid|62/100|[from] item: Leftovers
|upkeep
|turn|14
|
|t:|1743831666
|switch|p2a: Incineroar|Incineroar, F|100/100
|-ability|p2a: Incineroar|Intimidate|boost
|-unboost|p1a: Hatterene|atk|1
|move|p1a: Hatterene|Psyshock|p2a: Incineroar
|-immune|p2a: Incineroar
|
|-fieldend|move: Trick Room
|upkeep
|turn|15
|
|t:|1743831676
|switch|p1a: Slither Wing|Slither Wing|100/100
|-enditem|p1a: Slither Wing|Booster Energy
|-activate|p1a: Slither Wing|ability: Protosynthesis|[fromitem]
|-start|p1a: Slither Wing|protosynthesisatk
|move|p2a: Incineroar|Fake Out|p1a: Slither Wing
|-damage|p1a: Slither Wing|85/100
|
|upkeep
|turn|16
|
|t:|1743831689
|move|p2a: Incineroar|Parting Shot|p1a: Slither Wing
|-unboost|p1a: Slither Wing|atk|1
|-unboost|p1a: Slither Wing|spa|1
|
|t:|1743831701
|switch|p2a: Araquanid|Araquanid, F|62/100|[from] Parting Shot
|move|p1a: Slither Wing|Leech Life|p2a: Araquanid
|-damage|p2a: Araquanid|15/100
|-heal|p1a: Slither Wing|100/100|[from] drain|[of] p2a: Araquanid
|
|-heal|p2a: Araquanid|22/100|[from] item: Leftovers
|upkeep
|turn|17
|
|t:|1743831714
|move|p1a: Slither Wing|High Horsepower|p2a: Araquanid
|-resisted|p2a: Araquanid
|-damage|p2a: Araquanid|4/100
|move|p2a: Araquanid|Surf|p1a: Slither Wing
|-damage|p1a: Slither Wing|67/100
|
|-heal|p2a: Araquanid|10/100|[from] item: Leftovers
|upkeep
|turn|18
|
|t:|1743831721
|-end|p1a: Slither Wing|Protosynthesis|[silent]
|switch|p1a: Hoopa|Hoopa-Unbound|100/100
|move|p2a: Araquanid|Protect||[still]
|-fail|p2a: Araquanid
|
|-heal|p2a: Araquanid|17/100|[from] item: Leftovers
|upkeep
|turn|19
|
|t:|1743831731
|move|p1a: Hoopa|Hyperspace Fury|p2a: Araquanid
|-damage|p2a: Araquanid|0 fnt
|-unboost|p1a: Hoopa|def|1
|faint|p2a: Araquanid
|-damage|p1a: Hoopa|91/100|[from] item: Life Orb
|
|upkeep
|
|t:|1743831737
|switch|p2a: Incineroar|Incineroar, F|100/100
|-ability|p2a: Incineroar|Intimidate|boost
|-unboost|p1a: Hoopa|atk|1
|turn|20
|
|t:|1743831743
|switch|p1a: Slither Wing|Slither Wing|67/100
|move|p2a: Incineroar|Fake Out|p1a: Slither Wing
|-crit|p1a: Slither Wing
|-damage|p1a: Slither Wing|47/100
|
|upkeep
|turn|21
|
|t:|1743831764
|-terastallize|p2a: Incineroar|Steel
|move|p2a: Incineroar|Knock Off|p1a: Slither Wing
|-resisted|p1a: Slither Wing
|-damage|p1a: Slither Wing|30/100
|move|p1a: Slither Wing|High Horsepower|p2a: Incineroar
|-supereffective|p2a: Incineroar
|-damage|p2a: Incineroar|23/100
|
|-heal|p2a: Incineroar|29/100|[from] item: Leftovers
|upkeep
|turn|22
|
|t:|1743831782
|move|p2a: Incineroar|Fire Punch|p1a: Slither Wing
|-supereffective|p1a: Slither Wing
|-damage|p1a: Slither Wing|0 fnt
|faint|p1a: Slither Wing
|-end|p1a: Slither Wing|Protosynthesis|[silent]
|
|-heal|p2a: Incineroar|35/100|[from] item: Leftovers
|upkeep
|
|t:|1743831793
|switch|p1a: Hoopa|Hoopa-Unbound|91/100
|turn|23
|
|t:|1743831804
|-singleturn|p1a: Hoopa|move: Focus Punch
|move|p2a: Incineroar|Knock Off|p1a: Hoopa
|-damage|p1a: Hoopa|15/100
|-enditem|p1a: Hoopa|Life Orb|[from] move: Knock Off|[of] p2a: Incineroar
|cant|p1a: Hoopa|Focus Punch|Focus Punch
|
|-heal|p2a: Incineroar|41/100|[from] item: Leftovers
|upkeep
|turn|24
|
|t:|1743831810
|move|p2a: Incineroar|Knock Off|p1a: Hoopa
|-crit|p1a: Hoopa
|-damage|p1a: Hoopa|0 fnt
|faint|p1a: Hoopa
|
|-heal|p2a: Incineroar|47/100|[from] item: Leftovers
|upkeep
|
|t:|1743831812
|switch|p1a: Hatterene|Hatterene, F|54/100
|turn|25
|
|t:|1743831817
|move|p2a: Incineroar|Knock Off|p1a: Hatterene
|-damage|p1a: Hatterene|0 fnt
|-enditem|p1a: Hatterene|Life Orb|[from] move: Knock Off|[of] p2a: Incineroar
|faint|p1a: Hatterene
|
|win|raiden luvr
|raw|dongfangbaimo's rating: 1141 &rarr; <strong>1115</strong><br />(-26 for losing)
|raw|raiden luvr's rating: 1127 &rarr; <strong>1153</strong><br />(+26 for winning)
|l|☆raiden luvr
|player|p2|
|l|☆dongfangbaimo
|player|p1|
