|j|☆54 insane rats
|j|☆Jebus1989_
|t:|1743875719
|gametype|singles
|player|p1|54 insane rats|supernerd|1750
|player|p2|Jebus1989_|ethan|1706
|teamsize|p1|6
|teamsize|p2|6
|gen|9
|tier|[Gen 9] OU
|rated|
|rule|HP Percentage Mod: HP is shown in percentages
|rule|Endless Battle Clause: Forcing endless battles is banned
|rule|Species Clause: Limit one of each Pokémon
|rule|OHKO Clause: OHKO moves are banned
|rule|Evasion Items Clause: Evasion items are banned
|rule|Evasion Moves Clause: Evasion moves are banned
|rule|Sleep Moves Clause: Sleep-inducing moves are banned
|clearpoke
|poke|p1|Gholdengo|
|poke|p1|Gliscor, M|
|poke|p1|Toxapex, M|
|poke|p1|Clefable, F|
|poke|p1|Skarmory, M|
|poke|p1|Clodsire, M|
|poke|p2|Hawlucha, F|
|poke|p2|Weezing-Galar, F|
|poke|p2|Kingambit, M|
|poke|p2|Frosmoth, F|
|poke|p2|Vaporeon, M|
|poke|p2|Great Tusk|
|teampreview
|inactive|Battle timer is ON: inactive players will automatically lose when time's up. (requested by 54 insane rats)
|
|t:|1743875731
|start
|switch|p1a: Gliscor|Gliscor, M|100/100
|switch|p2a: Frosmoth|Frosmoth, F|100/100
|turn|1
|j| alyras
|
|t:|1743875737
|switch|p1a: Toxapex|Toxapex, M|100/100
|move|p2a: Frosmoth|Substitute|p2a: Frosmoth
|-start|p2a: Frosmoth|Substitute
|-damage|p2a: Frosmoth|76/100
|
|-heal|p2a: Frosmoth|82/100|[from] item: Leftovers
|upkeep
|turn|2
|
|t:|1743875742
|move|p2a: Frosmoth|Quiver Dance|p2a: Frosmoth
|-boost|p2a: Frosmoth|spa|1
|-boost|p2a: Frosmoth|spd|1
|-boost|p2a: Frosmoth|spe|1
|move|p1a: Toxapex|Haze|p1a: Toxapex
|-clearallboost
|
|-heal|p2a: Frosmoth|88/100|[from] item: Leftovers
|upkeep
|turn|3
|
|t:|1743875749
|-terastallize|p2a: Frosmoth|Ground
|move|p2a: Frosmoth|Tera Blast|p1a: Toxapex|[anim] Tera Blast Ground
|-supereffective|p1a: Toxapex
|-damage|p1a: Toxapex|54/100
|move|p1a: Toxapex|Infestation|p2a: Frosmoth
|-activate|p2a: Frosmoth|move: Substitute|[damage]
|
|-heal|p2a: Frosmoth|94/100|[from] item: Leftovers
|upkeep
|turn|4
|j| m0chaman_829
|
|t:|1743875755
|move|p2a: Frosmoth|Quiver Dance|p2a: Frosmoth
|-boost|p2a: Frosmoth|spa|1
|-boost|p2a: Frosmoth|spd|1
|-boost|p2a: Frosmoth|spe|1
|move|p1a: Toxapex|Haze|p1a: Toxapex
|-clearallboost
|
|-heal|p2a: Frosmoth|99/100|[from] item: Leftovers
|upkeep
|turn|5
|
|t:|1743875761
|switch|p1a: Clodsire|Clodsire, M|100/100
|move|p2a: Frosmoth|Quiver Dance|p2a: Frosmoth
|-boost|p2a: Frosmoth|spa|1
|-boost|p2a: Frosmoth|spd|1
|-boost|p2a: Frosmoth|spe|1
|
|-heal|p2a: Frosmoth|100/100|[from] item: Leftovers
|upkeep
|turn|6
|
|t:|1743875764
|move|p2a: Frosmoth|Ice Beam|p1a: Clodsire
|-supereffective|p1a: Clodsire
|-damage|p1a: Clodsire|56/100
|move|p1a: Clodsire|Earthquake|p2a: Frosmoth
|-end|p2a: Frosmoth|Substitute
|
|upkeep
|turn|7
|
|t:|1743875770
|move|p2a: Frosmoth|Substitute|p2a: Frosmoth
|-start|p2a: Frosmoth|Substitute
|-damage|p2a: Frosmoth|76/100
|move|p1a: Clodsire|Earthquake|p2a: Frosmoth
|-crit|p2a: Frosmoth
|-end|p2a: Frosmoth|Substitute
|
|-heal|p2a: Frosmoth|82/100|[from] item: Leftovers
|upkeep
|turn|8
|
|t:|1743875774
|move|p2a: Frosmoth|Ice Beam|p1a: Clodsire
|-supereffective|p1a: Clodsire
|-damage|p1a: Clodsire|12/100
|move|p1a: Clodsire|Toxic|p2a: Frosmoth
|-status|p2a: Frosmoth|tox
|
|-heal|p2a: Frosmoth|88/100 tox|[from] item: Leftovers
|-damage|p2a: Frosmoth|82/100 tox|[from] psn
|upkeep
|turn|9
|
|t:|1743875780
|move|p2a: Frosmoth|Ice Beam|p1a: Clodsire
|-supereffective|p1a: Clodsire
|-damage|p1a: Clodsire|0 fnt
|faint|p1a: Clodsire
|
|-heal|p2a: Frosmoth|88/100 tox|[from] item: Leftovers
|-damage|p2a: Frosmoth|76/100 tox|[from] psn
|upkeep
|
|t:|1743875787
|switch|p1a: Clefable|Clefable, F|100/100
|turn|10
|
|t:|1743875790
|move|p2a: Frosmoth|Ice Beam|p1a: Clefable
|-damage|p1a: Clefable|40/100
|move|p1a: Clefable|Calm Mind|p1a: Clefable
|-boost|p1a: Clefable|spa|1
|-boost|p1a: Clefable|spd|1
|
|-heal|p2a: Frosmoth|82/100 tox|[from] item: Leftovers
|-heal|p1a: Clefable|46/100|[from] item: Leftovers
|-damage|p2a: Frosmoth|64/100 tox|[from] psn
|upkeep
|turn|11
|j| lowladderubersnoob
|
|t:|1743875793
|switch|p2a: Hawlucha|Hawlucha, F, shiny|100/100
|move|p1a: Clefable|Moonlight|p1a: Clefable
|-heal|p1a: Clefable|96/100
|
|-heal|p1a: Clefable|100/100|[from] item: Leftovers
|upkeep
|turn|12
|
|t:|1743875797
|switch|p1a: Gholdengo|Gholdengo|100/100
|move|p2a: Hawlucha|Encore|p1a: Gholdengo
|-immune|p1a: Gholdengo|[from] ability: Good as Gold
|
|upkeep
|turn|13
|
|t:|1743875805
|switch|p2a: Kingambit|Kingambit, M|100/100
|switch|p1a: Gliscor|Gliscor, M|100/100
|
|-status|p1a: Gliscor|tox|[from] item: Toxic Orb
|upkeep
|turn|14
|
|t:|1743875809
|move|p1a: Gliscor|Knock Off|p2a: Kingambit
|-resisted|p2a: Kingambit
|-damage|p2a: Kingambit|94/100
|-enditem|p2a: Kingambit|Leftovers|[from] move: Knock Off|[of] p1a: Gliscor
|move|p2a: Kingambit|Swords Dance|p2a: Kingambit
|-boost|p2a: Kingambit|atk|2
|
|upkeep
|turn|15
|
|t:|1743875813
|switch|p1a: Skarmory|Skarmory, M|100/100
|move|p2a: Kingambit|Kowtow Cleave|p1a: Skarmory
|-damage|p1a: Skarmory|49/100
|-damage|p2a: Kingambit|78/100|[from] item: Rocky Helmet|[of] p1a: Skarmory
|
|upkeep
|turn|16
|
|t:|1743875816
|move|p1a: Skarmory|Roost|p1a: Skarmory
|-heal|p1a: Skarmory|99/100
|-singleturn|p1a: Skarmory|move: Roost
|move|p2a: Kingambit|Kowtow Cleave|p1a: Skarmory
|-damage|p1a: Skarmory|44/100
|-damage|p2a: Kingambit|61/100|[from] item: Rocky Helmet|[of] p1a: Skarmory
|
|upkeep
|turn|17
|
|t:|1743875824
|move|p1a: Skarmory|Roost|p1a: Skarmory
|-heal|p1a: Skarmory|94/100
|-singleturn|p1a: Skarmory|move: Roost
|move|p2a: Kingambit|Kowtow Cleave|p1a: Skarmory
|-damage|p1a: Skarmory|39/100
|-damage|p2a: Kingambit|45/100|[from] item: Rocky Helmet|[of] p1a: Skarmory
|
|upkeep
|turn|18
|
|t:|1743875828
|move|p1a: Skarmory|Roost|p1a: Skarmory
|-heal|p1a: Skarmory|89/100
|-singleturn|p1a: Skarmory|move: Roost
|move|p2a: Kingambit|Kowtow Cleave|p1a: Skarmory
|-damage|p1a: Skarmory|38/100
|-damage|p2a: Kingambit|28/100|[from] item: Rocky Helmet|[of] p1a: Skarmory
|
|upkeep
|turn|19
|
|t:|1743875836
|move|p1a: Skarmory|Roost|p1a: Skarmory
|-heal|p1a: Skarmory|88/100
|-singleturn|p1a: Skarmory|move: Roost
|move|p2a: Kingambit|Kowtow Cleave|p1a: Skarmory
|-damage|p1a: Skarmory|39/100
|-damage|p2a: Kingambit|12/100|[from] item: Rocky Helmet|[of] p1a: Skarmory
|
|upkeep
|turn|20
|
|t:|1743875838
|move|p1a: Skarmory|Roost|p1a: Skarmory
|-heal|p1a: Skarmory|89/100
|-singleturn|p1a: Skarmory|move: Roost
|move|p2a: Kingambit|Kowtow Cleave|p1a: Skarmory
|-damage|p1a: Skarmory|41/100
|-damage|p2a: Kingambit|0 fnt|[from] item: Rocky Helmet|[of] p1a: Skarmory
|faint|p2a: Kingambit
|-end|p2a: Kingambit|fallenundefined|[silent]
|
|upkeep
|l| lowladderubersnoob
|
|t:|1743875845
|switch|p2a: Frosmoth|Frosmoth, F, tera:Ground|64/100 tox
|turn|21
|
|t:|1743875849
|switch|p1a: Clefable|Clefable, F|100/100
|move|p2a: Frosmoth|Ice Beam|p1a: Clefable
|-damage|p1a: Clefable|59/100
|
|-heal|p2a: Frosmoth|70/100 tox|[from] item: Leftovers
|-heal|p1a: Clefable|65/100|[from] item: Leftovers
|-damage|p2a: Frosmoth|64/100 tox|[from] psn
|upkeep
|turn|22
|
|t:|1743875852
|move|p2a: Frosmoth|Ice Beam|p1a: Clefable
|-damage|p1a: Clefable|28/100
|-status|p1a: Clefable|frz
|-curestatus|p1a: Clefable|frz|[msg]
|move|p1a: Clefable|Calm Mind|p1a: Clefable
|-boost|p1a: Clefable|spa|1
|-boost|p1a: Clefable|spd|1
|
|-heal|p2a: Frosmoth|70/100 tox|[from] item: Leftovers
|-heal|p1a: Clefable|34/100|[from] item: Leftovers
|-damage|p2a: Frosmoth|58/100 tox|[from] psn
|upkeep
|turn|23
|-message|Jebus1989_ forfeited.
|
|win|54 insane rats
|raw|54 insane rats's rating: 1750 &rarr; <strong>1767</strong><br />(+17 for winning)
|raw|Jebus1989_'s rating: 1706 &rarr; <strong>1689</strong><br />(-17 for losing)
|l|☆Jebus1989_
|player|p2|
|l|☆54 insane rats
|player|p1|
|j| lowladderubersnoob
|l| m0chaman_829
|l| lowladderubersnoob
