|j|☆Kainoa55
|j|‽itsumade mars
|t:|1743887737
|gametype|singles
|player|p1|Kainoa55|ingo|1242
|player|p2|itsumade mars|drayden|1226
|teamsize|p1|6
|teamsize|p2|6
|gen|9
|tier|[Gen 9] OU
|rated|
|rule|HP Percentage Mod: HP is shown in percentages
|rule|Endless Battle Clause: Forcing endless battles is banned
|rule|Species Clause: Limit one of each Pokémon
|rule|OHKO Clause: OHKO moves are banned
|rule|Evasion Items Clause: Evasion items are banned
|rule|Evasion Moves Clause: Evasion moves are banned
|rule|Sleep Moves Clause: Sleep-inducing moves are banned
|clearpoke
|poke|p1|Eelektross, F|
|poke|p1|Gallade, M|
|poke|p1|Ursaluna, M|
|poke|p1|Salamence, M|
|poke|p1|Oricorio-Sensu, M|
|poke|p1|Lycanroc-Dusk, M|
|poke|p2|Slowking-Galar, F|
|poke|p2|Skeledirge, F|
|poke|p2|Froslass, F|
|poke|p2|Araquanid, F|
|poke|p2|Landorus-Therian, M|
|poke|p2|Great Tusk|
|teampreview
|inactive|Battle timer is ON: inactive players will automatically lose when time's up. (requested by Kainoa55)
|
|t:|1743887768
|start
|switch|p1a: Lycanroc|Lycanroc-Dusk, M|100/100
|switch|p2a: Landorus|Landorus-Therian, M|100/100
|-ability|p2a: Landorus|Intimidate|boost
|-unboost|p1a: Lycanroc|atk|1
|turn|1
|
|t:|1743887775
|switch|p2a: Slowking|Slowking-Galar, F|100/100
|move|p1a: Lycanroc|Taunt|p2a: Slowking
|-start|p2a: Slowking|move: Taunt
|
|upkeep
|turn|2
|
|t:|1743887781
|switch|p2a: Great Tusk|Great Tusk|100/100
|move|p1a: Lycanroc|Stealth Rock|p2a: Great Tusk
|-sidestart|p2: itsumade mars|move: Stealth Rock
|
|upkeep
|turn|3
|
|t:|1743887792
|switch|p1a: Oricorio|Oricorio-Sensu, M, shiny|100/100
|move|p2a: Great Tusk|Knock Off|p1a: Oricorio
|-supereffective|p1a: Oricorio
|-damage|p1a: Oricorio|6/100
|-enditem|p1a: Oricorio|Wide Lens|[from] move: Knock Off|[of] p2a: Great Tusk
|
|upkeep
|turn|4
|
|t:|1743887802
|-end|p2a: Great Tusk|Protosynthesis|[silent]
|switch|p2a: Slowking|Slowking-Galar, F|100/100
|-damage|p2a: Slowking|88/100|[from] Stealth Rock
|move|p1a: Oricorio|Hurricane|p2a: Slowking
|-damage|p2a: Slowking|51/100
|
|upkeep
|turn|5
|
|t:|1743887820
|-terastallize|p2a: Slowking|Fairy
|move|p1a: Oricorio|Revelation Dance|p2a: Slowking
|-damage|p2a: Slowking|23/100
|-prepare|p2a: Slowking|Chilly Reception|[premajor]
|move|p2a: Slowking|Chilly Reception|p2a: Slowking
|-weather|Snowscape
|
|t:|1743887826
|switch|p2a: Froslass|Froslass, F|100/100|[from] Chilly Reception
|-damage|p2a: Froslass|76/100|[from] Stealth Rock
|
|-weather|Snowscape|[upkeep]
|upkeep
|turn|6
|
|t:|1743887844
|switch|p1a: Lycanroc|Lycanroc-Dusk, M|100/100
|move|p2a: Froslass|Aurora Veil|p2a: Froslass
|-sidestart|p2: itsumade mars|move: Aurora Veil
|
|-weather|Snowscape|[upkeep]
|upkeep
|turn|7
|
|t:|1743887855
|move|p1a: Lycanroc|Accelerock|p2a: Froslass
|-supereffective|p2a: Froslass
|-damage|p2a: Froslass|54/100
|-start|p1a: Lycanroc|Disable|Accelerock|[from] ability: Cursed Body|[of] p2a: Froslass
|move|p2a: Froslass|Will-O-Wisp|p1a: Lycanroc
|-status|p1a: Lycanroc|brn
|
|-weather|Snowscape|[upkeep]
|-damage|p1a: Lycanroc|94/100 brn|[from] brn
|upkeep
|turn|8
|
|t:|1743887863
|switch|p2a: Araquanid|Araquanid, F|100/100
|-damage|p2a: Araquanid|76/100|[from] Stealth Rock
|move|p1a: Lycanroc|Taunt|p2a: Araquanid
|-start|p2a: Araquanid|move: Taunt
|
|-weather|Snowscape|[upkeep]
|-damage|p1a: Lycanroc|88/100 brn|[from] brn
|upkeep
|turn|9
|
|t:|1743887876
|switch|p2a: Slowking|Slowking-Galar, F, tera:Fairy|56/100
|-damage|p2a: Slowking|44/100|[from] Stealth Rock
|move|p1a: Lycanroc|Endeavor|p2a: Slowking
|-immune|p2a: Slowking
|
|-weather|Snowscape|[upkeep]
|-damage|p1a: Lycanroc|82/100 brn|[from] brn
|upkeep
|turn|10
|
|t:|1743887896
|switch|p2a: Great Tusk|Great Tusk|100/100
|-damage|p2a: Great Tusk|98/100|[from] Stealth Rock
|move|p1a: Lycanroc|Taunt|p2a: Great Tusk
|-start|p2a: Great Tusk|move: Taunt
|
|-weather|Snowscape|[upkeep]
|-damage|p1a: Lycanroc|76/100 brn|[from] brn
|-end|p1a: Lycanroc|Disable
|upkeep
|turn|11
|
|t:|1743887905
|move|p1a: Lycanroc|Endeavor|p2a: Great Tusk
|-damage|p2a: Great Tusk|60/100
|move|p2a: Great Tusk|Rapid Spin|p1a: Lycanroc
|-resisted|p1a: Lycanroc
|-damage|p1a: Lycanroc|63/100 brn
|-boost|p2a: Great Tusk|spe|1
|-sideend|p2: itsumade mars|Stealth Rock|[from] move: Rapid Spin|[of] p2a: Great Tusk
|
|-weather|Snowscape|[upkeep]
|-damage|p1a: Lycanroc|57/100 brn|[from] brn
|upkeep
|turn|12
|
|t:|1743887915
|move|p2a: Great Tusk|Headlong Rush|p1a: Lycanroc
|-supereffective|p1a: Lycanroc
|-crit|p1a: Lycanroc
|-damage|p1a: Lycanroc|0 fnt
|-unboost|p2a: Great Tusk|def|1
|-unboost|p2a: Great Tusk|spd|1
|faint|p1a: Lycanroc
|
|-weather|none
|-end|p2a: Great Tusk|move: Taunt
|upkeep
|
|t:|1743887927
|switch|p1a: Ursaluna|Ursaluna, M|100/100
|turn|13
|
|t:|1743887942
|move|p1a: Ursaluna|Protect|p1a: Ursaluna
|-singleturn|p1a: Ursaluna|Protect
|move|p2a: Great Tusk|Knock Off|p1a: Ursaluna
|-activate|p1a: Ursaluna|move: Protect
|
|-sideend|p2: itsumade mars|move: Aurora Veil
|-status|p1a: Ursaluna|brn|[from] item: Flame Orb
|upkeep
|turn|14
|
|t:|1743887953
|-end|p2a: Great Tusk|Protosynthesis|[silent]
|switch|p2a: Landorus|Landorus-Therian, M|100/100
|-ability|p2a: Landorus|Intimidate|boost
|-unboost|p1a: Ursaluna|atk|1
|move|p1a: Ursaluna|Earthquake|p2a: Landorus
|-immune|p2a: Landorus
|
|-damage|p1a: Ursaluna|94/100 brn|[from] brn
|upkeep
|turn|15
|
|t:|1743887962
|switch|p1a: Oricorio|Oricorio-Sensu, M, shiny|6/100
|move|p2a: Landorus|Stealth Rock|p1a: Oricorio
|-sidestart|p1: Kainoa55|move: Stealth Rock
|
|upkeep
|turn|16
|
|t:|1743887973
|switch|p2a: Slowking|Slowking-Galar, F, tera:Fairy|77/100
|move|p1a: Oricorio|Defog|p2a: Slowking
|-unboost|p2a: Slowking|evasion|1
|-sideend|p1: Kainoa55|Stealth Rock|[from] move: Defog|[of] p1a: Oricorio
|
|upkeep
|turn|17
|
|t:|1743887980
|move|p1a: Oricorio|Quiver Dance|p1a: Oricorio
|-boost|p1a: Oricorio|spa|1
|-boost|p1a: Oricorio|spd|1
|-boost|p1a: Oricorio|spe|1
|-prepare|p2a: Slowking|Chilly Reception|[premajor]
|move|p2a: Slowking|Chilly Reception|p2a: Slowking
|-weather|Snowscape
|
|t:|1743887985
|switch|p2a: Skeledirge|Skeledirge, F|100/100|[from] Chilly Reception
|
|-weather|Snowscape|[upkeep]
|upkeep
|turn|18
|
|t:|1743887993
|move|p1a: Oricorio|Revelation Dance|p2a: Skeledirge
|-supereffective|p2a: Skeledirge
|-damage|p2a: Skeledirge|30/100
|move|p2a: Skeledirge|Torch Song|p1a: Oricorio
|-damage|p1a: Oricorio|0 fnt
|-boost|p2a: Skeledirge|spa|1
|faint|p1a: Oricorio
|
|-weather|Snowscape|[upkeep]
|upkeep
|
|t:|1743888010
|switch|p1a: Salamence|Salamence, M|100/100
|turn|19
|
|t:|1743888023
|-terastallize|p1a: Salamence|Steel
|move|p1a: Salamence|Dragon Dance|p1a: Salamence
|-boost|p1a: Salamence|atk|1
|-boost|p1a: Salamence|spe|1
|move|p2a: Skeledirge|Will-O-Wisp|p1a: Salamence
|-status|p1a: Salamence|brn
|
|-weather|Snowscape|[upkeep]
|-damage|p1a: Salamence|94/100 brn|[from] brn
|upkeep
|turn|20
|
|t:|1743888036
|move|p1a: Salamence|Earthquake|p2a: Skeledirge
|-supereffective|p2a: Skeledirge
|-damage|p2a: Skeledirge|0 fnt
|faint|p2a: Skeledirge
|-ability|p1a: Salamence|Moxie|boost
|-boost|p1a: Salamence|atk|1
|
|-weather|Snowscape|[upkeep]
|-damage|p1a: Salamence|88/100 brn|[from] brn
|upkeep
|
|t:|1743888043
|switch|p2a: Landorus|Landorus-Therian, M|100/100
|-ability|p2a: Landorus|Intimidate|boost
|-fail|p1a: Salamence|unboost|[from] item: Clear Amulet|[of] p1a: Salamence
|turn|21
|
|t:|1743888050
|move|p1a: Salamence|Dragon Claw|p2a: Landorus
|-damage|p2a: Landorus|53/100
|move|p2a: Landorus|Gravity|p2a: Landorus
|-fieldstart|move: Gravity
|
|-weather|Snowscape|[upkeep]
|-damage|p1a: Salamence|82/100 brn|[from] brn
|upkeep
|turn|22
|inactive|Kainoa55 has 120 seconds left.
|
|t:|1743888083
|move|p1a: Salamence|Dragon Claw|p2a: Landorus
|-damage|p2a: Landorus|4/100
|move|p2a: Landorus|Sandsear Storm|p1a: Salamence
|-supereffective|p1a: Salamence
|-damage|p1a: Salamence|0 fnt
|faint|p1a: Salamence
|
|-weather|Snowscape|[upkeep]
|upkeep
|inactive|Kainoa55 has 120 seconds left.
|
|t:|1743888094
|switch|p1a: Gallade|Gallade, M|100/100
|turn|23
|
|t:|1743888102
|move|p1a: Gallade|Shadow Sneak|p2a: Landorus
|-damage|p2a: Landorus|0 fnt
|faint|p2a: Landorus
|
|-weather|Snowscape|[upkeep]
|upkeep
|
|t:|1743888106
|switch|p2a: Araquanid|Araquanid, F|76/100
|turn|24
|
|t:|1743888111
|move|p1a: Gallade|Sacred Sword|p2a: Araquanid
|-resisted|p2a: Araquanid
|-damage|p2a: Araquanid|38/100
|move|p2a: Araquanid|Reflect|p2a: Araquanid
|-sidestart|p2: itsumade mars|Reflect
|
|-weather|none
|upkeep
|turn|25
|
|t:|1743888122
|move|p1a: Gallade|Psycho Cut|p2a: Araquanid
|-damage|p2a: Araquanid|11/100
|move|p2a: Araquanid|Liquidation|p1a: Gallade
|-damage|p1a: Gallade|4/100
|
|-fieldend|move: Gravity
|upkeep
|turn|26
|-enditem|p2a: Araquanid|Custap Berry|[eat]
|-activate|p2a: Araquanid|item: Custap Berry|[consumed]
|
|t:|1743888132
|move|p2a: Araquanid|Liquidation|p1a: Gallade
|-damage|p1a: Gallade|0 fnt
|faint|p1a: Gallade
|
|upkeep
|
|t:|1743888142
|switch|p1a: Eelektross|Eelektross, F|100/100
|turn|27
|
|t:|1743888148
|move|p1a: Eelektross|Grass Knot|p2a: Araquanid
|-damage|p2a: Araquanid|0 fnt
|faint|p2a: Araquanid
|
|upkeep
|
|t:|1743888153
|switch|p2a: Slowking|Slowking-Galar, F, tera:Fairy|100/100
|turn|28
|
|t:|1743888162
|switch|p1a: Ursaluna|Ursaluna, M|94/100 brn
|-prepare|p2a: Slowking|Chilly Reception|[premajor]
|move|p2a: Slowking|Chilly Reception|p2a: Slowking
|-weather|Snowscape
|
|t:|1743888164
|switch|p2a: Froslass|Froslass, F|54/100|[from] Chilly Reception
|
|-weather|Snowscape|[upkeep]
|-damage|p1a: Ursaluna|88/100 brn|[from] brn
|-sideend|p2: itsumade mars|Reflect
|upkeep
|turn|29
|
|t:|1743888172
|move|p2a: Froslass|Aurora Veil|p2a: Froslass
|-sidestart|p2: itsumade mars|move: Aurora Veil
|move|p1a: Ursaluna|Earthquake|p2a: Froslass
|-damage|p2a: Froslass|12/100
|
|-weather|Snowscape|[upkeep]
|-damage|p1a: Ursaluna|82/100 brn|[from] brn
|upkeep
|turn|30
|
|t:|1743888180
|switch|p2a: Great Tusk|Great Tusk|60/100
|move|p1a: Ursaluna|Earthquake|p2a: Great Tusk
|-damage|p2a: Great Tusk|27/100
|
|-weather|Snowscape|[upkeep]
|-damage|p1a: Ursaluna|76/100 brn|[from] brn
|upkeep
|turn|31
|
|t:|1743888187
|move|p2a: Great Tusk|Headlong Rush|p1a: Ursaluna
|-damage|p1a: Ursaluna|37/100 brn
|-unboost|p2a: Great Tusk|def|1
|-unboost|p2a: Great Tusk|spd|1
|move|p1a: Ursaluna|Earthquake|p2a: Great Tusk
|-damage|p2a: Great Tusk|0 fnt
|faint|p2a: Great Tusk
|-end|p2a: Great Tusk|Protosynthesis|[silent]
|
|-weather|Snowscape|[upkeep]
|-damage|p1a: Ursaluna|31/100 brn|[from] brn
|upkeep
|
|t:|1743888193
|switch|p2a: Slowking|Slowking-Galar, F, tera:Fairy|100/100
|turn|32
|
|t:|1743888195
|move|p1a: Ursaluna|Gunk Shot|p2a: Slowking
|-supereffective|p2a: Slowking
|-damage|p2a: Slowking|36/100
|move|p2a: Slowking|Ice Beam|p1a: Ursaluna
|-supereffective|p1a: Ursaluna
|-damage|p1a: Ursaluna|0 fnt
|faint|p1a: Ursaluna
|
|-weather|Snowscape|[upkeep]
|upkeep
|
|t:|1743888198
|switch|p1a: Eelektross|Eelektross, F|100/100
|turn|33
|
|t:|1743888204
|move|p1a: Eelektross|Thunderbolt|p2a: Slowking
|-damage|p2a: Slowking|9/100
|move|p2a: Slowking|Sludge Bomb|p1a: Eelektross
|-damage|p1a: Eelektross|62/100
|
|-weather|Snowscape|[upkeep]
|upkeep
|turn|34
|
|t:|1743888211
|switch|p2a: Froslass|Froslass, F|12/100
|move|p1a: Eelektross|Thunderbolt|p2a: Froslass
|-damage|p2a: Froslass|0 fnt
|-start|p1a: Eelektross|Disable|Thunderbolt|[from] ability: Cursed Body|[of] p2a: Froslass
|faint|p2a: Froslass
|
|-weather|Snowscape|[upkeep]
|upkeep
|
|t:|1743888213
|switch|p2a: Slowking|Slowking-Galar, F, tera:Fairy|42/100
|turn|35
|c|☆Kainoa55|wow
|c|☆Kainoa55|gg
|
|t:|1743888220
|-activate|p1a: Eelektross|move: Struggle
|move|p1a: Eelektross|Struggle|p2a: Slowking
|-damage|p2a: Slowking|37/100
|-damage|p1a: Eelektross|37/100|[from] recoil
|move|p2a: Slowking|Sludge Bomb|p1a: Eelektross
|-damage|p1a: Eelektross|0 fnt
|faint|p1a: Eelektross
|
|win|itsumade mars
|raw|Kainoa55's rating: 1242 &rarr; <strong>1216</strong><br />(-26 for losing)
|raw|itsumade mars's rating: 1226 &rarr; <strong>1252</strong><br />(+26 for winning)
|l|‽itsumade mars
|player|p2|
|l|☆Kainoa55
|player|p1|
