|j|☆ne_kerel
|j|☆Hardencongafas
|t:|1743843738
|gametype|singles
|player|p1|ne_kerel|fisherman-gen4|1473
|player|p2|Hardencongafas|266|1449
|teamsize|p1|6
|teamsize|p2|6
|gen|9
|tier|[Gen 9] OU
|rated|
|rule|HP Percentage Mod: HP is shown in percentages
|rule|Endless Battle Clause: Forcing endless battles is banned
|rule|Species Clause: Limit one of each Pokémon
|rule|OHKO Clause: OHKO moves are banned
|rule|Evasion Items Clause: Evasion items are banned
|rule|Evasion Moves Clause: Evasion moves are banned
|rule|Sleep Moves Clause: Sleep-inducing moves are banned
|clearpoke
|poke|p1|Whimsicott, F|
|poke|p1|Ninetales, M|
|poke|p1|Ceruledge, M|
|poke|p1|Walking Wake|
|poke|p1|Comfey, F|
|poke|p1|Great Tusk|
|poke|p2|Hydreigon, M|
|poke|p2|Primarina, F|
|poke|p2|Thundurus, M|
|poke|p2|Samurott-Hisui, M|
|poke|p2|Gholdengo|
|poke|p2|Gliscor, F|
|teampreview
|inactive|Battle timer is ON: inactive players will automatically lose when time's up. (requested by ne_kerel)
|
|t:|1743843755
|start
|switch|p1a: Ninetales|Ninetales, M|100/100
|switch|p2a: Samurott|Samurott-Hisui, M|100/100
|-weather|SunnyDay|[from] ability: Drought|[of] p1a: Ninetales
|turn|1
|
|t:|1743843769
|switch|p1a: Whimsicott|Whimsicott, F|100/100
|move|p2a: Samurott|Ceaseless Edge|p1a: Whimsicott
|-resisted|p1a: Whimsicott
|-damage|p1a: Whimsicott|68/100
|-sidestart|p1: ne_kerel|Spikes
|
|-weather|SunnyDay|[upkeep]
|upkeep
|turn|2
|
|t:|1743843778
|switch|p2a: Gholdengo|Gholdengo|100/100
|-item|p2a: Gholdengo|Air Balloon
|move|p1a: Whimsicott|Growth|p1a: Whimsicott
|-boost|p1a: Whimsicott|atk|2
|-boost|p1a: Whimsicott|spa|2
|
|-weather|SunnyDay|[upkeep]
|upkeep
|turn|3
|
|t:|1743843795
|move|p1a: Whimsicott|Shadow Ball|p2a: Gholdengo
|-supereffective|p2a: Gholdengo
|-damage|p2a: Gholdengo|0 fnt
|-enditem|p2a: Gholdengo|Air Balloon
|faint|p2a: Gholdengo
|-damage|p1a: Whimsicott|58/100|[from] item: Life Orb
|
|-weather|SunnyDay|[upkeep]
|upkeep
|inactive|Hardencongafas has 120 seconds left.
|
|t:|1743843820
|switch|p2a: Hydreigon|Hydreigon, M|100/100
|turn|4
|
|t:|1743843825
|-terastallize|p2a: Hydreigon|Steel
|move|p1a: Whimsicott|Moonblast|p2a: Hydreigon
|-resisted|p2a: Hydreigon
|-damage|p2a: Hydreigon|40/100
|-unboost|p2a: Hydreigon|spa|1
|-damage|p1a: Whimsicott|48/100|[from] item: Life Orb
|move|p2a: Hydreigon|Flash Cannon|p1a: Whimsicott
|-supereffective|p1a: Whimsicott
|-damage|p1a: Whimsicott|0 fnt
|faint|p1a: Whimsicott
|
|-weather|SunnyDay|[upkeep]
|upkeep
|
|t:|1743843845
|switch|p1a: Ceruledge|Ceruledge, M|100/100
|-damage|p1a: Ceruledge|88/100|[from] Spikes
|turn|5
|
|t:|1743843855
|switch|p2a: Primarina|Primarina, F|100/100
|move|p1a: Ceruledge|Swords Dance|p1a: Ceruledge
|-boost|p1a: Ceruledge|atk|2
|
|-weather|SunnyDay|[upkeep]
|upkeep
|turn|6
|
|t:|1743843862
|move|p1a: Ceruledge|Solar Blade||[still]
|-prepare|p1a: Ceruledge|Solar Blade
|-anim|p1a: Ceruledge|Solar Blade|p2a: Primarina
|-supereffective|p2a: Primarina
|-damage|p2a: Primarina|0 fnt
|faint|p2a: Primarina
|
|-weather|SunnyDay|[upkeep]
|upkeep
|
|t:|1743843868
|switch|p2a: Hydreigon|Hydreigon, M, tera:Steel|40/100
|turn|7
|
|t:|1743843873
|move|p2a: Hydreigon|Dark Pulse|p1a: Ceruledge
|-supereffective|p1a: Ceruledge
|-damage|p1a: Ceruledge|0 fnt
|faint|p1a: Ceruledge
|
|-weather|SunnyDay|[upkeep]
|upkeep
|
|t:|1743843888
|switch|p1a: Great Tusk|Great Tusk|100/100
|-activate|p1a: Great Tusk|ability: Protosynthesis
|-start|p1a: Great Tusk|protosynthesisatk
|turn|8
|inactive|Hardencongafas has 120 seconds left.
|inactive|Hardencongafas has 90 seconds left.
|inactive|Hardencongafas has 60 seconds left.
|inactive|Hardencongafas has 30 seconds left.
|inactive|Hardencongafas has 20 seconds left.
|inactive|Hardencongafas has 15 seconds left.
|l|☆Hardencongafas
|inactive|Hardencongafas disconnected and has a minute to reconnect!
|player|p2|
|inactive|Hardencongafas has 10 seconds left.
|inactive|Hardencongafas has 5 seconds left.
|-message|Hardencongafas lost due to inactivity.
|
|win|ne_kerel
|raw|ne_kerel's rating: 1473 &rarr; <strong>1492</strong><br />(+19 for winning)
|raw|Hardencongafas's rating: 1449 &rarr; <strong>1430</strong><br />(-19 for losing)
|l|☆ne_kerel
|player|p1|
