|j|☆No_OverUsed?
|j|☆YoTeH
|t:|1743844731
|gametype|singles
|player|p1|No_OverUsed?|marlon|1689
|player|p2|YoTeH|marnie|1724
|teamsize|p1|6
|teamsize|p2|6
|gen|9
|tier|[Gen 9] OU
|rated|
|rule|HP Percentage Mod: HP is shown in percentages
|rule|Endless Battle Clause: Forcing endless battles is banned
|rule|Species Clause: Limit one of each Pokémon
|rule|OHKO Clause: OHKO moves are banned
|rule|Evasion Items Clause: Evasion items are banned
|rule|Evasion Moves Clause: Evasion moves are banned
|rule|Sleep Moves Clause: Sleep-inducing moves are banned
|clearpoke
|poke|p1|Scizor, M|
|poke|p1|Thundurus-Therian, M|
|poke|p1|Reuniclus, M|
|poke|p1|Decidueye-Hisui, M|
|poke|p1|Incineroar, M|
|poke|p1|Keldeo-Resolute|
|poke|p2|Raging Bolt|
|poke|p2|Kyurem|
|poke|p2|Gholdengo|
|poke|p2|Iron Valiant|
|poke|p2|Tinkaton, F|
|poke|p2|Great Tusk|
|teampreview
|inactive|Battle timer is ON: inactive players will automatically lose when time's up. (requested by No_OverUsed?)
|
|t:|1743844740
|start
|switch|p1a: Guts|Keldeo-Resolute|100/100
|switch|p2a: Iron Valiant|Iron Valiant, shiny|100/100
|-enditem|p2a: Iron Valiant|Booster Energy
|-activate|p2a: Iron Valiant|ability: Quark Drive|[fromitem]
|-start|p2a: Iron Valiant|quarkdrivespe
|turn|1
|
|t:|1743844743
|switch|p1a: VGC|Incineroar, M|100/100
|-ability|p1a: VGC|Intimidate|boost
|-unboost|p2a: Iron Valiant|atk|1
|move|p2a: Iron Valiant|Close Combat|p1a: VGC
|-supereffective|p1a: VGC
|-damage|p1a: VGC|38/100
|-unboost|p2a: Iron Valiant|def|1
|-unboost|p2a: Iron Valiant|spd|1
|
|-heal|p1a: VGC|44/100|[from] item: Leftovers
|upkeep
|turn|2
|
|t:|1743844747
|switch|p1a: Genosis|Reuniclus, M, shiny|100/100
|move|p2a: Iron Valiant|Close Combat|p1a: Genosis
|-resisted|p1a: Genosis
|-crit|p1a: Genosis
|-damage|p1a: Genosis|60/100
|-unboost|p2a: Iron Valiant|def|1
|-unboost|p2a: Iron Valiant|spd|1
|
|upkeep
|turn|3
|
|t:|1743844761
|move|p2a: Iron Valiant|Shadow Ball|p1a: Genosis
|-supereffective|p1a: Genosis
|-damage|p1a: Genosis|35/100
|move|p1a: Genosis|Psychic Noise|p2a: Iron Valiant
|-supereffective|p2a: Iron Valiant
|-damage|p2a: Iron Valiant|0 fnt
|faint|p2a: Iron Valiant
|-end|p2a: Iron Valiant|Quark Drive|[silent]
|
|upkeep
|
|t:|1743844766
|switch|p2a: Kyurem|Kyurem, shiny|100/100
|-ability|p2a: Kyurem|Pressure
|turn|4
|
|t:|1743844772
|switch|p1a: VGC|Incineroar, M|44/100
|-ability|p1a: VGC|Intimidate|boost
|-unboost|p2a: Kyurem|atk|1
|move|p2a: Kyurem|Scale Shot|p1a: VGC
|-damage|p1a: VGC|36/100
|-damage|p1a: VGC|29/100
|-damage|p1a: VGC|22/100
|-damage|p1a: VGC|15/100
|-damage|p1a: VGC|7/100
|-hitcount|p1a: VGC|5
|-unboost|p2a: Kyurem|def|1
|-boost|p2a: Kyurem|spe|1
|
|-heal|p1a: VGC|13/100|[from] item: Leftovers
|upkeep
|turn|5
|
|t:|1743844781
|switch|p1a: Amber|Scizor, M, shiny|100/100
|move|p2a: Kyurem|Scale Shot|p1a: Amber
|-resisted|p1a: Amber
|-damage|p1a: Amber|95/100
|-resisted|p1a: Amber
|-damage|p1a: Amber|90/100
|-resisted|p1a: Amber
|-damage|p1a: Amber|85/100
|-resisted|p1a: Amber
|-damage|p1a: Amber|80/100
|-resisted|p1a: Amber
|-damage|p1a: Amber|75/100
|-hitcount|p1a: Amber|5
|-unboost|p2a: Kyurem|def|1
|-boost|p2a: Kyurem|spe|1
|
|upkeep
|turn|6
|
|t:|1743844784
|switch|p2a: Gholdengo|Gholdengo|100/100
|-item|p2a: Gholdengo|Air Balloon
|move|p1a: Amber|U-turn|p2a: Gholdengo
|-resisted|p2a: Gholdengo
|-damage|p2a: Gholdengo|89/100
|-enditem|p2a: Gholdengo|Air Balloon
|
|t:|1743844792
|switch|p1a: VGC|Incineroar, M|13/100|[from] U-turn
|-ability|p1a: VGC|Intimidate|boost
|-unboost|p2a: Gholdengo|atk|1
|
|-heal|p1a: VGC|19/100|[from] item: Leftovers
|upkeep
|turn|7
|
|t:|1743844797
|switch|p1a: Guts|Keldeo-Resolute|100/100
|move|p2a: Gholdengo|Make It Rain|p1a: Guts
|-resisted|p1a: Guts
|-damage|p1a: Guts|69/100
|-unboost|p2a: Gholdengo|spa|1
|
|upkeep
|turn|8
|
|t:|1743844801
|move|p1a: Guts|Surf|p2a: Gholdengo
|-damage|p2a: Gholdengo|16/100
|move|p2a: Gholdengo|Thunder Wave|p1a: Guts
|-status|p1a: Guts|par
|
|upkeep
|turn|9
|
|t:|1743844805
|move|p2a: Gholdengo|Recover|p2a: Gholdengo
|-heal|p2a: Gholdengo|66/100
|move|p1a: Guts|Surf|p2a: Gholdengo
|-damage|p2a: Gholdengo|0 fnt
|faint|p2a: Gholdengo
|
|upkeep
|
|t:|1743844808
|switch|p2a: Tinkaton|Tinkaton, F, shiny|100/100
|-ability|p2a: Tinkaton|Mold Breaker
|-item|p2a: Tinkaton|Air Balloon
|turn|10
|
|t:|1743844812
|move|p2a: Tinkaton|Stealth Rock|p1a: Guts
|-sidestart|p1: No_OverUsed?|move: Stealth Rock
|move|p1a: Guts|Surf|p2a: Tinkaton
|-damage|p2a: Tinkaton|40/100
|-enditem|p2a: Tinkaton|Air Balloon
|
|upkeep
|turn|11
|
|t:|1743844816
|switch|p2a: Kyurem|Kyurem, shiny|100/100
|-ability|p2a: Kyurem|Pressure
|switch|p1a: Hawkeye|Decidueye-Hisui, M, shiny|100/100
|-damage|p1a: Hawkeye|94/100|[from] Stealth Rock
|
|upkeep
|turn|12
|
|t:|1743844818
|move|p2a: Kyurem|Icicle Spear|p1a: Hawkeye
|-supereffective|p1a: Hawkeye
|-damage|p1a: Hawkeye|72/100
|-supereffective|p1a: Hawkeye
|-damage|p1a: Hawkeye|52/100
|-supereffective|p1a: Hawkeye
|-damage|p1a: Hawkeye|33/100
|-supereffective|p1a: Hawkeye
|-damage|p1a: Hawkeye|14/100
|-hitcount|p1a: Hawkeye|4
|move|p1a: Hawkeye|Defog|p2a: Kyurem
|-unboost|p2a: Kyurem|evasion|1
|-sideend|p1: No_OverUsed?|Stealth Rock|[from] move: Defog|[of] p1a: Hawkeye
|
|upkeep
|turn|13
|
|t:|1743844826
|switch|p1a: VGC|Incineroar, M|19/100
|-ability|p1a: VGC|Intimidate|boost
|-unboost|p2a: Kyurem|atk|1
|move|p2a: Kyurem|Icicle Spear|p1a: VGC
|-resisted|p1a: VGC
|-damage|p1a: VGC|16/100
|-resisted|p1a: VGC
|-damage|p1a: VGC|12/100
|-resisted|p1a: VGC
|-damage|p1a: VGC|8/100
|-resisted|p1a: VGC
|-damage|p1a: VGC|4/100
|-resisted|p1a: VGC
|-damage|p1a: VGC|1/100
|-hitcount|p1a: VGC|5
|
|-heal|p1a: VGC|7/100|[from] item: Leftovers
|upkeep
|turn|14
|
|t:|1743844830
|switch|p1a: Amber|Scizor, M, shiny|75/100
|move|p2a: Kyurem|Icicle Spear|p1a: Amber
|-resisted|p1a: Amber
|-damage|p1a: Amber|70/100
|-resisted|p1a: Amber
|-damage|p1a: Amber|65/100
|-resisted|p1a: Amber
|-damage|p1a: Amber|60/100
|-resisted|p1a: Amber
|-damage|p1a: Amber|56/100
|-resisted|p1a: Amber
|-damage|p1a: Amber|50/100
|-hitcount|p1a: Amber|5
|
|upkeep
|turn|15
|
|t:|1743844839
|switch|p2a: Raging Bolt|Raging Bolt|100/100
|-enditem|p2a: Raging Bolt|Booster Energy
|-activate|p2a: Raging Bolt|ability: Protosynthesis|[fromitem]
|-start|p2a: Raging Bolt|protosynthesisspa
|move|p1a: Amber|U-turn|p2a: Raging Bolt
|-damage|p2a: Raging Bolt|50/100
|
|t:|1743844845
|switch|p1a: Genosis|Reuniclus, M, shiny|68/100|[from] U-turn
|
|upkeep
|turn|16
|
|t:|1743844848
|move|p2a: Raging Bolt|Thunderbolt|p1a: Genosis
|-damage|p1a: Genosis|35/100
|move|p1a: Genosis|Psyshock|p2a: Raging Bolt
|-damage|p2a: Raging Bolt|18/100
|
|upkeep
|turn|17
|
|t:|1743844862
|move|p2a: Raging Bolt|Thunderbolt|p1a: Genosis
|-damage|p1a: Genosis|2/100
|move|p1a: Genosis|Shadow Ball|p2a: Raging Bolt
|-damage|p2a: Raging Bolt|0 fnt
|faint|p2a: Raging Bolt
|-end|p2a: Raging Bolt|Protosynthesis|[silent]
|
|upkeep
|
|t:|1743844864
|switch|p2a: Great Tusk|Great Tusk, shiny|100/100
|-enditem|p2a: Great Tusk|Booster Energy
|-activate|p2a: Great Tusk|ability: Protosynthesis|[fromitem]
|-start|p2a: Great Tusk|protosynthesisatk
|turn|18
|j| estupendox
|
|t:|1743844874
|switch|p1a: Zeus|Thundurus-Therian, M|100/100
|move|p2a: Great Tusk|Rapid Spin|p1a: Zeus
|-damage|p1a: Zeus|63/100
|-boost|p2a: Great Tusk|spe|1
|
|upkeep
|turn|19
|
|t:|1743844879
|move|p1a: Zeus|Grass Knot|p2a: Great Tusk
|-supereffective|p2a: Great Tusk
|-damage|p2a: Great Tusk|0 fnt
|faint|p2a: Great Tusk
|-end|p2a: Great Tusk|Protosynthesis|[silent]
|
|upkeep
|
|t:|1743844881
|switch|p2a: Kyurem|Kyurem, shiny|100/100
|-ability|p2a: Kyurem|Pressure
|turn|20
|
|t:|1743844890
|switch|p1a: VGC|Incineroar, M|7/100
|-ability|p1a: VGC|Intimidate|boost
|-unboost|p2a: Kyurem|atk|1
|move|p2a: Kyurem|Dragon Dance|p2a: Kyurem
|-boost|p2a: Kyurem|atk|1
|-boost|p2a: Kyurem|spe|1
|
|-heal|p1a: VGC|13/100|[from] item: Leftovers
|upkeep
|turn|21
|
|t:|1743844893
|move|p2a: Kyurem|Scale Shot|p1a: VGC
|-damage|p1a: VGC|2/100
|-damage|p1a: VGC|0 fnt
|faint|p1a: VGC
|-hitcount|p1: VGC|2
|-unboost|p2a: Kyurem|def|1
|-boost|p2a: Kyurem|spe|1
|
|upkeep
|
|t:|1743844896
|switch|p1a: Amber|Scizor, M, shiny|50/100
|turn|22
|
|t:|1743844899
|switch|p1a: Hawkeye|Decidueye-Hisui, M, shiny|14/100
|-terastallize|p2a: Kyurem|Fire
|move|p2a: Kyurem|Tera Blast|p1a: Hawkeye|[anim] Tera Blast Fire
|-supereffective|p1a: Hawkeye
|-damage|p1a: Hawkeye|0 fnt
|faint|p1a: Hawkeye
|
|upkeep
|
|t:|1743844911
|switch|p1a: Guts|Keldeo-Resolute|69/100 par
|turn|23
|
|t:|1743844913
|move|p1a: Guts|Vacuum Wave|p2a: Kyurem
|-damage|p2a: Kyurem|68/100
|move|p2a: Kyurem|Scale Shot|p1a: Guts
|-damage|p1a: Guts|55/100 par
|-damage|p1a: Guts|41/100 par
|-damage|p1a: Guts|26/100 par
|-crit|p1a: Guts
|-damage|p1a: Guts|2/100 par
|-hitcount|p1a: Guts|4
|-unboost|p2a: Kyurem|def|1
|-boost|p2a: Kyurem|spe|1
|
|upkeep
|turn|24
|
|t:|1743844918
|cant|p1a: Guts|par
|move|p2a: Kyurem|Icicle Spear|p1a: Guts
|-resisted|p1a: Guts
|-damage|p1a: Guts|0 fnt
|faint|p1a: Guts
|-hitcount|p1: Guts|1
|
|upkeep
|
|t:|1743844924
|switch|p1a: Amber|Scizor, M, shiny|50/100
|turn|25
|
|t:|1743844927
|-terastallize|p1a: Amber|Steel
|move|p1a: Amber|Bullet Punch|p2a: Kyurem
|-resisted|p2a: Kyurem
|-damage|p2a: Kyurem|7/100
|move|p2a: Kyurem|Tera Blast|p1a: Amber|[anim] Tera Blast Fire
|-supereffective|p1a: Amber
|-damage|p1a: Amber|0 fnt
|faint|p1a: Amber
|
|upkeep
|
|t:|1743844936
|switch|p1a: Zeus|Thundurus-Therian, M|63/100
|turn|26
|
|t:|1743844941
|move|p2a: Kyurem|Icicle Spear|p1a: Zeus
|-supereffective|p1a: Zeus
|-crit|p1a: Zeus
|-damage|p1a: Zeus|0 fnt
|faint|p1a: Zeus
|-hitcount|p1: Zeus|1
|
|upkeep
|
|t:|1743844944
|switch|p1a: Genosis|Reuniclus, M, shiny|35/100
|turn|27
|
|t:|1743844951
|move|p2a: Kyurem|Icicle Spear|p1a: Genosis
|-damage|p1a: Genosis|22/100
|-damage|p1a: Genosis|8/100
|-damage|p1a: Genosis|0 fnt
|faint|p1a: Genosis
|-hitcount|p1: Genosis|3
|
|win|YoTeH
|raw|No_OverUsed?'s rating: 1689 &rarr; <strong>1671</strong><br />(-18 for losing)
|raw|YoTeH's rating: 1724 &rarr; <strong>1742</strong><br />(+18 for winning)
|l|☆YoTeH
|player|p2|
|l|☆No_OverUsed?
|player|p1|
