|j|☆Douno
|j|☆ProboZap
|t:|1743869564
|gametype|singles
|player|p1|Douno|psychic|1149
|player|p2|ProboZap|thorton|1157
|teamsize|p1|6
|teamsize|p2|6
|gen|9
|tier|[Gen 9] OU
|rated|
|rule|HP Percentage Mod: HP is shown in percentages
|rule|Endless Battle Clause: Forcing endless battles is banned
|rule|Species Clause: Limit one of each Pokémon
|rule|OHKO Clause: OHKO moves are banned
|rule|Evasion Items Clause: Evasion items are banned
|rule|Evasion Moves Clause: Evasion moves are banned
|rule|Sleep Moves Clause: Sleep-inducing moves are banned
|clearpoke
|poke|p1|Zamazenta-*|
|poke|p1|Iron Crown|
|poke|p1|Blissey, F|
|poke|p1|Darkrai|
|poke|p1|Gliscor, M|
|poke|p1|Primarina, F|
|poke|p2|Kingambit, M|
|poke|p2|Dusclops, M|
|poke|p2|Lycanroc-Midnight, M|
|poke|p2|Chandelure, M|
|poke|p2|Flygon, M|
|poke|p2|Hippowdon, F|
|teampreview
|
|t:|1743869573
|start
|switch|p1a: Darkrai|Darkrai|100/100
|switch|p2a: Flygon|Flygon, M|100/100
|turn|1
|
|t:|1743869581
|move|p1a: Darkrai|Ice Beam|p2a: Flygon
|-supereffective|p2a: Flygon
|-damage|p2a: Flygon|0 fnt
|faint|p2a: Flygon
|
|upkeep
|
|t:|1743869584
|switch|p2a: Lycanroc|Lycanroc-Midnight, M|100/100
|turn|2
|
|t:|1743869590
|switch|p1a: Iron Crown|Iron Crown|100/100
|move|p2a: Lycanroc|Close Combat|p1a: Iron Crown
|-damage|p1a: Iron Crown|62/100
|-unboost|p2a: Lycanroc|def|1
|-unboost|p2a: Lycanroc|spd|1
|
|upkeep
|turn|3
|
|t:|1743869597
|move|p1a: Iron Crown|Tachyon Cutter|p2a: Lycanroc
|-supereffective|p2a: Lycanroc
|-enditem|p2a: Lycanroc|Focus Sash
|-damage|p2a: Lycanroc|1/100
|-supereffective|p2a: Lycanroc
|-damage|p2a: Lycanroc|0 fnt
|faint|p2a: Lycanroc
|-hitcount|p2: Lycanroc|2
|
|upkeep
|
|t:|1743869602
|switch|p2a: Dusclops|Dusclops, M|100/100
|-item|p1a: Iron Crown|Assault Vest|[from] ability: Frisk|[of] p2a: Dusclops
|turn|4
|
|t:|1743869628
|move|p1a: Iron Crown|Volt Switch|p2a: Dusclops
|-damage|p2a: Dusclops|87/100
|
|t:|1743869632
|-end|p1a: Iron Crown|Quark Drive|[silent]
|switch|p1a: Blissey|Blissey, F|100/100|[from] Volt Switch
|move|p2a: Dusclops|Trick Room|p2a: Dusclops
|-fieldstart|move: Trick Room|[of] p2a: Dusclops
|
|upkeep
|turn|5
|
|t:|1743869642
|move|p2a: Dusclops|Will-O-Wisp|p1a: Blissey
|-status|p1a: Blissey|brn
|move|p1a: Blissey|Shadow Ball|p2a: Dusclops
|-supereffective|p2a: Dusclops
|-damage|p2a: Dusclops|71/100
|
|-damage|p1a: Blissey|94/100 brn|[from] brn
|upkeep
|turn|6
|
|t:|1743869650
|move|p2a: Dusclops|Pain Split|p1a: Blissey
|-sethp|p1a: Blissey|63/100 brn|[from] move: Pain Split|[silent]
|-sethp|p2a: Dusclops|100/100|[from] move: Pain Split
|move|p1a: Blissey|Shadow Ball|p2a: Dusclops
|-supereffective|p2a: Dusclops
|-damage|p2a: Dusclops|85/100
|
|-damage|p1a: Blissey|56/100 brn|[from] brn
|upkeep
|turn|7
|
|t:|1743869662
|switch|p2a: Hippowdon|Hippowdon, F|100/100
|-weather|Sandstorm|[from] ability: Sand Stream|[of] p2a: Hippowdon
|move|p1a: Blissey|Soft-Boiled|p1a: Blissey
|-heal|p1a: Blissey|100/100 brn
|
|-weather|Sandstorm|[upkeep]
|-damage|p1a: Blissey|94/100 brn|[from] Sandstorm
|-damage|p1a: Blissey|88/100 brn|[from] brn
|upkeep
|turn|8
|
|t:|1743869675
|move|p1a: Blissey|Seismic Toss|p2a: Hippowdon
|-damage|p2a: Hippowdon|77/100
|move|p2a: Hippowdon|Whirlwind|p1a: Blissey
|-curestatus|p1a: Blissey|brn|[from] ability: Natural Cure
|drag|p1a: Primarina|Primarina, F|100/100
|
|-weather|Sandstorm|[upkeep]
|-damage|p1a: Primarina|94/100|[from] Sandstorm
|-heal|p2a: Hippowdon|83/100|[from] item: Leftovers
|-fieldend|move: Trick Room
|upkeep
|turn|9
|
|t:|1743869687
|move|p1a: Primarina|Surf|p2a: Hippowdon
|-supereffective|p2a: Hippowdon
|-damage|p2a: Hippowdon|0 fnt
|faint|p2a: Hippowdon
|
|-weather|Sandstorm|[upkeep]
|-damage|p1a: Primarina|88/100|[from] Sandstorm
|upkeep
|
|t:|1743869691
|switch|p2a: Dusclops|Dusclops, M|85/100
|-item|p1a: Primarina|Heavy-Duty Boots|[from] ability: Frisk|[of] p2a: Dusclops
|turn|10
|
|t:|1743869699
|move|p1a: Primarina|Substitute|p1a: Primarina
|-start|p1a: Primarina|Substitute
|-damage|p1a: Primarina|63/100
|move|p2a: Dusclops|Trick||[still]
|-fail|p2a: Dusclops
|
|-weather|Sandstorm|[upkeep]
|-damage|p1a: Primarina|57/100|[from] Sandstorm
|-damage|p2a: Dusclops|79/100|[from] Sandstorm
|upkeep
|turn|11
|
|t:|1743869709
|switch|p2a: Kingambit|Kingambit, M|100/100
|move|p1a: Primarina|Calm Mind|p1a: Primarina
|-boost|p1a: Primarina|spa|1
|-boost|p1a: Primarina|spd|1
|
|-weather|none
|upkeep
|turn|12
|
|t:|1743869717
|move|p1a: Primarina|Moonblast|p2a: Kingambit
|-damage|p2a: Kingambit|24/100
|move|p2a: Kingambit|Iron Head|p1a: Primarina
|-end|p1a: Primarina|Substitute
|
|upkeep
|turn|13
|
|t:|1743869726
|move|p1a: Primarina|Moonblast|p2a: Kingambit
|-damage|p2a: Kingambit|0 fnt
|faint|p2a: Kingambit
|
|upkeep
|
|t:|1743869729
|switch|p2a: Dusclops|Dusclops, M|79/100
|-item|p1a: Primarina|Heavy-Duty Boots|[from] ability: Frisk|[of] p2a: Dusclops
|turn|14
|
|t:|1743869734
|switch|p2a: Chandelure|Chandelure, M|100/100
|move|p1a: Primarina|Substitute|p1a: Primarina
|-start|p1a: Primarina|Substitute
|-damage|p1a: Primarina|32/100
|
|upkeep
|turn|15
|-message|ProboZap forfeited.
|
|win|Douno
|raw|Douno's rating: 1149 &rarr; <strong>1175</strong><br />(+26 for winning)
|raw|ProboZap's rating: 1157 &rarr; <strong>1131</strong><br />(-26 for losing)
|l|☆ProboZap
|player|p2|
|l|☆Douno
|player|p1|
