|j|☆rakeunnoha
|j|☆Paige's Pager
|t:|1743880482
|gametype|singles
|player|p1|rakeunnoha|red|1224
|player|p2|Paige's Pager|hilda-wonderlauncher|1292
|teamsize|p1|6
|teamsize|p2|6
|gen|9
|tier|[Gen 9] OU
|rated|
|rule|HP Percentage Mod: HP is shown in percentages
|rule|Endless Battle Clause: Forcing endless battles is banned
|rule|Species Clause: Limit one of each Pokémon
|rule|OHKO Clause: OHKO moves are banned
|rule|Evasion Items Clause: Evasion items are banned
|rule|Evasion Moves Clause: Evasion moves are banned
|rule|Sleep Moves Clause: Sleep-inducing moves are banned
|clearpoke
|poke|p1|Torterra, M|
|poke|p1|Cloyster, F|
|poke|p1|Polteageist-Antique|
|poke|p1|Minior-Yellow|
|poke|p1|Blastoise, F|
|poke|p1|Smeargle, M|
|poke|p2|Ting-Lu|
|poke|p2|Kyurem|
|poke|p2|Gholdengo|
|poke|p2|Iron Moth|
|poke|p2|Iron Valiant|
|poke|p2|Kingambit, M|
|teampreview
|inactive|Battle timer is ON: inactive players will automatically lose when time's up. (requested by rakeunnoha)
|c|☆Paige's Pager|HOLY SHELL SMASH!
|
|t:|1743880503
|start
|switch|p1a: Smeargle|Smeargle, M, shiny|100/100
|switch|p2a: Iron Valiant|Iron Valiant|100/100
|-enditem|p2a: Iron Valiant|Booster Energy
|-activate|p2a: Iron Valiant|ability: Quark Drive|[fromitem]
|-start|p2a: Iron Valiant|quarkdrivespe
|turn|1
|c|☆rakeunnoha|Yep :)
|
|t:|1743880525
|move|p2a: Iron Valiant|Swords Dance|p2a: Iron Valiant
|-boost|p2a: Iron Valiant|atk|2
|move|p1a: Smeargle|Shell Smash|p1a: Smeargle
|-unboost|p1a: Smeargle|def|1
|-unboost|p1a: Smeargle|spd|1
|-boost|p1a: Smeargle|atk|2
|-boost|p1a: Smeargle|spa|2
|-boost|p1a: Smeargle|spe|2
|
|upkeep
|turn|2
|
|t:|1743880531
|move|p2a: Iron Valiant|Encore|p1a: Smeargle
|-start|p1a: Smeargle|Encore
|move|p1a: Smeargle|Shell Smash|p1a: Smeargle
|-unboost|p1a: Smeargle|def|1
|-unboost|p1a: Smeargle|spd|1
|-boost|p1a: Smeargle|atk|2
|-boost|p1a: Smeargle|spa|2
|-boost|p1a: Smeargle|spe|2
|
|upkeep
|turn|3
|
|t:|1743880538
|move|p1a: Smeargle|Shell Smash|p1a: Smeargle
|-unboost|p1a: Smeargle|def|1
|-unboost|p1a: Smeargle|spd|1
|-boost|p1a: Smeargle|atk|2
|-boost|p1a: Smeargle|spa|2
|-boost|p1a: Smeargle|spe|2
|move|p2a: Iron Valiant|Swords Dance|p2a: Iron Valiant
|-boost|p2a: Iron Valiant|atk|2
|
|upkeep
|turn|4
|
|t:|1743880548
|move|p1a: Smeargle|Shell Smash|p1a: Smeargle
|-unboost|p1a: Smeargle|def|1
|-unboost|p1a: Smeargle|spd|1
|-boost|p1a: Smeargle|atk|0
|-boost|p1a: Smeargle|spa|0
|-boost|p1a: Smeargle|spe|0
|move|p2a: Iron Valiant|Knock Off|p1a: Smeargle
|-enditem|p1a: Smeargle|Focus Sash
|-damage|p1a: Smeargle|1/100
|
|-end|p1a: Smeargle|Encore
|upkeep
|turn|5
|c|☆rakeunnoha|:)
|
|t:|1743880574
|move|p1a: Smeargle|Power Trip|p2a: Iron Valiant
|-resisted|p2a: Iron Valiant
|-damage|p2a: Iron Valiant|33/100
|move|p2a: Iron Valiant|Knock Off|p1a: Smeargle
|-damage|p1a: Smeargle|0 fnt
|faint|p1a: Smeargle
|
|upkeep
|inactive|rakeunnoha has 120 seconds left.
|
|t:|1743880597
|switch|p1a: Blastoise|Blastoise, F, shiny|100/100
|turn|6
|
|t:|1743880609
|move|p2a: Iron Valiant|Close Combat|p1a: Blastoise
|-damage|p1a: Blastoise|0 fnt
|-unboost|p2a: Iron Valiant|def|1
|-unboost|p2a: Iron Valiant|spd|1
|faint|p1a: Blastoise
|
|upkeep
|
|t:|1743880615
|switch|p1a: Cloyster|Cloyster, F, shiny|100/100
|turn|7
|
|t:|1743880620
|switch|p1a: Polteageist|Polteageist-Antique, shiny|100/100
|move|p2a: Iron Valiant|Close Combat|p1a: Polteageist
|-immune|p1a: Polteageist
|
|upkeep
|turn|8
|c|☆rakeunnoha|You win
|inactive|rakeunnoha has 120 seconds left.
|c|☆Paige's Pager|have you tried clicking shell smash
|
|t:|1743880641
|move|p2a: Iron Valiant|Knock Off|p1a: Polteageist
|-supereffective|p1a: Polteageist
|-damage|p1a: Polteageist|0 fnt
|-enditem|p1a: Polteageist|White Herb|[from] move: Knock Off|[of] p2a: Iron Valiant
|faint|p1a: Polteageist
|
|upkeep
|
|t:|1743880645
|switch|p1a: Minior|Minior-Yellow, shiny|100/100
|-formechange|p1a: Minior|Minior-Meteor||[from] ability: Shields Down
|turn|9
|inactive|rakeunnoha has 120 seconds left.
|
|t:|1743880653
|move|p2a: Iron Valiant|Close Combat|p1a: Minior
|-damage|p1a: Minior|0 fnt
|-unboost|p2a: Iron Valiant|def|1
|-unboost|p2a: Iron Valiant|spd|1
|faint|p1a: Minior
|
|upkeep
|inactive|rakeunnoha has 120 seconds left.
|c|☆rakeunnoha|Yep
|
|t:|1743880674
|switch|p1a: Cloyster|Cloyster, F, shiny|100/100
|turn|10
|
|t:|1743880683
|move|p2a: Iron Valiant|Close Combat|p1a: Cloyster
|-supereffective|p1a: Cloyster
|-damage|p1a: Cloyster|0 fnt
|-unboost|p2a: Iron Valiant|def|1
|-unboost|p2a: Iron Valiant|spd|1
|faint|p1a: Cloyster
|
|upkeep
|
|t:|1743880685
|switch|p1a: Torterra|Torterra, M, shiny|100/100
|turn|11
|c|☆Paige's Pager|MMMM i love cc
|inactive|rakeunnoha has 120 seconds left.
|
|t:|1743880692
|-terastallize|p1a: Torterra|Steel
|move|p2a: Iron Valiant|Close Combat|p1a: Torterra
|-supereffective|p1a: Torterra
|-damage|p1a: Torterra|0 fnt
|-unboost|p2a: Iron Valiant|def|1
|-unboost|p2a: Iron Valiant|spd|1
|faint|p1a: Torterra
|
|win|Paige's Pager
|raw|rakeunnoha's rating: 1224 &rarr; <strong>1204</strong><br />(-20 for losing)
|raw|Paige&apos;s Pager's rating: 1292 &rarr; <strong>1312</strong><br />(+20 for winning)
|c|☆rakeunnoha|Gg
|l|☆Paige's Pager
|player|p2|
|l|☆rakeunnoha
|player|p1|
