|j|☆xiapuxiandiyi
|j|☆adiiiie
|t:|1743929484
|gametype|singles
|player|p1|xiapuxiandiyi|101|1273
|player|p2|adiiiie|102|1224
|teamsize|p1|6
|teamsize|p2|6
|gen|9
|tier|[Gen 9] OU
|rated|
|rule|HP Percentage Mod: HP is shown in percentages
|rule|Endless Battle Clause: Forcing endless battles is banned
|rule|Species Clause: Limit one of each Pokémon
|rule|OHKO Clause: OHKO moves are banned
|rule|Evasion Items Clause: Evasion items are banned
|rule|Evasion Moves Clause: Evasion moves are banned
|rule|Sleep Moves Clause: Sleep-inducing moves are banned
|clearpoke
|poke|p1|Ogerpon-Wellspring, F|
|poke|p1|Dragapult, M|
|poke|p1|Excadrill, F|
|poke|p1|Tyranitar, M|
|poke|p1|Corviknight, F|
|poke|p1|Gholdengo|
|poke|p2|Blaziken, M|
|poke|p2|Galvantula, F|
|poke|p2|Clodsire, F|
|poke|p2|Hatterene, F|
|poke|p2|Brambleghast, F|
|poke|p2|Crawdaunt, F|
|teampreview
|inactive|Battle timer is ON: inactive players will automatically lose when time's up. (requested by adiiiie)
|
|t:|1743929537
|start
|switch|p1a: Tyranitar|Tyranitar, M|100/100
|switch|p2a: Blaziken|Blaziken, M|100/100
|-weather|Sandstorm|[from] ability: Sand Stream|[of] p1a: Tyranitar
|turn|1
|
|t:|1743929552
|move|p2a: Blaziken|Focus Energy|p2a: Blaziken
|-start|p2a: Blaziken|move: Focus Energy
|move|p1a: Tyranitar|Knock Off|p2a: Blaziken
|-resisted|p2a: Blaziken
|-damage|p2a: Blaziken|54/100
|-enditem|p2a: Blaziken|Scope Lens|[from] move: Knock Off|[of] p1a: Tyranitar
|
|-weather|Sandstorm|[upkeep]
|-damage|p2a: Blaziken|48/100|[from] Sandstorm
|-ability|p2a: Blaziken|Speed Boost|boost
|-boost|p2a: Blaziken|spe|1
|upkeep
|turn|2
|inactive|xiapuxiandiyi has 120 seconds left.
|
|t:|1743929583
|switch|p1a: Corviknight|Corviknight, F|100/100
|-ability|p1a: Corviknight|Unnerve
|move|p2a: Blaziken|Overheat|p1a: Corviknight
|-supereffective|p1a: Corviknight
|-damage|p1a: Corviknight|0 fnt
|-unboost|p2a: Blaziken|spa|2
|faint|p1a: Corviknight
|
|-weather|Sandstorm|[upkeep]
|-damage|p2a: Blaziken|42/100|[from] Sandstorm
|-ability|p2a: Blaziken|Speed Boost|boost
|-boost|p2a: Blaziken|spe|1
|upkeep
|inactive|xiapuxiandiyi has 120 seconds left.
|
|t:|1743929593
|switch|p1a: Excadrill|Excadrill, F|100/100
|turn|3
|
|t:|1743929601
|move|p1a: Excadrill|Earthquake|p2a: Blaziken
|-supereffective|p2a: Blaziken
|-damage|p2a: Blaziken|0 fnt
|faint|p2a: Blaziken
|-damage|p1a: Excadrill|91/100|[from] item: Life Orb
|
|-weather|Sandstorm|[upkeep]
|upkeep
|
|t:|1743929614
|switch|p2a: Brambleghast|Brambleghast, F|100/100
|turn|4
|inactive|xiapuxiandiyi has 120 seconds left.
|
|t:|1743929648
|move|p1a: Excadrill|Earthquake|p2a: Brambleghast
|-resisted|p2a: Brambleghast
|-damage|p2a: Brambleghast|28/100
|-damage|p1a: Excadrill|81/100|[from] item: Life Orb
|move|p2a: Brambleghast|Power Whip|p1a: Excadrill
|-damage|p1a: Excadrill|4/100
|
|-weather|Sandstorm|[upkeep]
|-damage|p2a: Brambleghast|22/100|[from] Sandstorm
|upkeep
|turn|5
|
|t:|1743929670
|move|p1a: Excadrill|Earthquake|p2a: Brambleghast
|-resisted|p2a: Brambleghast
|-damage|p2a: Brambleghast|0 fnt
|faint|p2a: Brambleghast
|-damage|p1a: Excadrill|0 fnt|[from] item: Life Orb
|faint|p1a: Excadrill
|
|-weather|Sandstorm|[upkeep]
|upkeep
|
|t:|1743929689
|switch|p2a: Galvantula|Galvantula, F|100/100
|switch|p1a: Gholdengo|Gholdengo|100/100
|turn|6
|
|t:|1743929697
|move|p1a: Gholdengo|Make It Rain|p2a: Galvantula
|-resisted|p2a: Galvantula
|-damage|p2a: Galvantula|39/100
|-unboost|p1a: Gholdengo|spa|1
|move|p2a: Galvantula|Sticky Web|p1a: Gholdengo
|-sidestart|p1: xiapuxiandiyi|move: Sticky Web
|
|-weather|Sandstorm|[upkeep]
|-damage|p2a: Galvantula|33/100|[from] Sandstorm
|upkeep
|turn|7
|
|t:|1743929707
|move|p1a: Gholdengo|Make It Rain|p2a: Galvantula
|-resisted|p2a: Galvantula
|-damage|p2a: Galvantula|0 fnt
|-unboost|p1a: Gholdengo|spa|1
|faint|p2a: Galvantula
|
|-weather|Sandstorm|[upkeep]
|upkeep
|
|t:|1743929714
|switch|p2a: Crawdaunt|Crawdaunt, F|100/100
|turn|8
|inactive|xiapuxiandiyi has 90 seconds left.
|
|t:|1743929759
|switch|p1a: Dragapult|Dragapult, M|100/100
|-activate|p1a: Dragapult|move: Sticky Web
|-unboost|p1a: Dragapult|spe|1
|move|p2a: Crawdaunt|Swords Dance|p2a: Crawdaunt
|-boost|p2a: Crawdaunt|atk|2
|
|-weather|none
|upkeep
|turn|9
|inactive|xiapuxiandiyi has 60 seconds left.
|
|t:|1743929791
|move|p1a: Dragapult|Draco Meteor|p2a: Crawdaunt
|-damage|p2a: Crawdaunt|0 fnt
|-unboost|p1a: Dragapult|spa|2
|faint|p2a: Crawdaunt
|
|upkeep
|
|t:|1743929798
|switch|p2a: Clodsire|Clodsire, F|100/100
|turn|10
|
|t:|1743929806
|switch|p1a: Gholdengo|Gholdengo|100/100
|-activate|p1a: Gholdengo|move: Sticky Web
|-unboost|p1a: Gholdengo|spe|1
|move|p2a: Clodsire|Earthquake|p1a: Gholdengo
|-supereffective|p1a: Gholdengo
|-damage|p1a: Gholdengo|46/100
|
|upkeep
|turn|11
|inactive|xiapuxiandiyi has 60 seconds left.
|
|t:|1743929835
|switch|p1a: Tyranitar|Tyranitar, M|100/100
|-activate|p1a: Tyranitar|move: Sticky Web
|-unboost|p1a: Tyranitar|spe|1
|-weather|Sandstorm|[from] ability: Sand Stream|[of] p1a: Tyranitar
|move|p2a: Clodsire|Earthquake|p1a: Tyranitar
|-supereffective|p1a: Tyranitar
|-damage|p1a: Tyranitar|59/100
|
|-weather|Sandstorm|[upkeep]
|upkeep
|turn|12
|inactive|xiapuxiandiyi has 60 seconds left.
|
|t:|1743929850
|move|p1a: Tyranitar|Knock Off|p2a: Clodsire
|-damage|p2a: Clodsire|40/100
|-enditem|p2a: Clodsire|Leftovers|[from] move: Knock Off|[of] p1a: Tyranitar
|move|p2a: Clodsire|Earthquake|p1a: Tyranitar
|-supereffective|p1a: Tyranitar
|-damage|p1a: Tyranitar|16/100
|
|-weather|Sandstorm|[upkeep]
|upkeep
|turn|13
|inactive|xiapuxiandiyi has 60 seconds left.
|
|t:|1743929864
|move|p1a: Tyranitar|Rock Blast|p2a: Clodsire
|-resisted|p2a: Clodsire
|-damage|p2a: Clodsire|32/100
|-resisted|p2a: Clodsire
|-damage|p2a: Clodsire|23/100
|-hitcount|p2a: Clodsire|2
|move|p2a: Clodsire|Recover|p2a: Clodsire
|-heal|p2a: Clodsire|73/100
|
|-weather|Sandstorm|[upkeep]
|upkeep
|turn|14
|inactive|xiapuxiandiyi has 60 seconds left.
|
|t:|1743929883
|move|p1a: Tyranitar|Knock Off|p2a: Clodsire
|-damage|p2a: Clodsire|28/100
|move|p2a: Clodsire|Earthquake|p1a: Tyranitar
|-supereffective|p1a: Tyranitar
|-damage|p1a: Tyranitar|0 fnt
|faint|p1a: Tyranitar
|
|-weather|Sandstorm|[upkeep]
|upkeep
|
|t:|1743929888
|switch|p1a: Gholdengo|Gholdengo|46/100
|-activate|p1a: Gholdengo|move: Sticky Web
|-unboost|p1a: Gholdengo|spe|1
|turn|15
|
|t:|1743929902
|move|p1a: Gholdengo|Trick|p2a: Clodsire
|-activate|p1a: Gholdengo|move: Trick|[of] p2a: Clodsire
|-item|p2a: Clodsire|Choice Scarf|[from] move: Trick
|-enditem|p1a: Gholdengo|Choice Scarf|[silent]|[from] move: Trick
|move|p2a: Clodsire|Earthquake|p1a: Gholdengo
|-supereffective|p1a: Gholdengo
|-damage|p1a: Gholdengo|0 fnt
|faint|p1a: Gholdengo
|
|-weather|Sandstorm|[upkeep]
|upkeep
|inactive|xiapuxiandiyi has 60 seconds left.
|
|t:|1743929916
|switch|p1a: Ogerpon|Ogerpon-Wellspring, F|100/100
|-activate|p1a: Ogerpon|move: Sticky Web
|-unboost|p1a: Ogerpon|spe|1
|turn|16
|inactive|xiapuxiandiyi has 60 seconds left.
|
|t:|1743929929
|move|p1a: Ogerpon|Swords Dance|p1a: Ogerpon
|-boost|p1a: Ogerpon|atk|2
|move|p2a: Clodsire|Earthquake|p1a: Ogerpon
|-resisted|p1a: Ogerpon
|-damage|p1a: Ogerpon|83/100
|
|-weather|Sandstorm|[upkeep]
|-damage|p1a: Ogerpon|77/100|[from] Sandstorm
|upkeep
|turn|17
|
|t:|1743929939
|switch|p2a: Hatterene|Hatterene, F|100/100
|move|p1a: Ogerpon|Play Rough|p2a: Hatterene
|-damage|p2a: Hatterene|30/100
|
|-weather|Sandstorm|[upkeep]
|-damage|p1a: Ogerpon|71/100|[from] Sandstorm
|-damage|p2a: Hatterene|24/100|[from] Sandstorm
|-heal|p2a: Hatterene|30/100|[from] item: Leftovers
|upkeep
|turn|18
|
|t:|1743929949
|move|p1a: Ogerpon|Play Rough|p2a: Hatterene
|-damage|p2a: Hatterene|0 fnt
|faint|p2a: Hatterene
|
|-weather|none
|upkeep
|-message|adiiiie forfeited.
|
|win|xiapuxiandiyi
|raw|xiapuxiandiyi's rating: 1273 &rarr; <strong>1294</strong><br />(+21 for winning)
|raw|adiiiie's rating: 1224 &rarr; <strong>1203</strong><br />(-21 for losing)
|l|☆adiiiie
|player|p2|
|l|☆xiapuxiandiyi
|player|p1|
