|j|☆Number 1 Twice Fan
|j|☆PolarBearXTB
|t:|1743900641
|gametype|singles
|player|p1|Number 1 Twice Fan|cynthia|1285
|player|p2|PolarBearXTB|n|1212
|teamsize|p1|6
|teamsize|p2|6
|gen|9
|tier|[Gen 9] OU
|rated|
|rule|HP Percentage Mod: HP is shown in percentages
|rule|Endless Battle Clause: Forcing endless battles is banned
|rule|Species Clause: Limit one of each Pokémon
|rule|OHKO Clause: OHKO moves are banned
|rule|Evasion Items Clause: Evasion items are banned
|rule|Evasion Moves Clause: Evasion moves are banned
|rule|Sleep Moves Clause: Sleep-inducing moves are banned
|clearpoke
|poke|p1|Landorus-Therian, M|
|poke|p1|Zamazenta-*|
|poke|p1|Kingambit, F|
|poke|p1|Samurott-Hisui, F|
|poke|p1|Pecharunt|
|poke|p1|Hydreigon, F|
|poke|p2|Iron Moth|
|poke|p2|Gholdengo|
|poke|p2|Regigigas|
|poke|p2|Ogerpon-Wellspring, F|
|poke|p2|Lokix, M|
|poke|p2|Enamorus, F|
|teampreview
|inactive|Battle timer is ON: inactive players will automatically lose when time's up. (requested by Number 1 Twice Fan)
|
|t:|1743900658
|start
|switch|p1a: Landorus|Landorus-Therian, M|100/100
|switch|p2a: Ogerpon|Ogerpon-Wellspring, F|100/100
|-ability|p1a: Landorus|Intimidate|boost
|-unboost|p2a: Ogerpon|atk|1
|turn|1
|
|t:|1743900666
|switch|p1a: Pecharunt|Pecharunt|100/100
|move|p2a: Ogerpon|Taunt|p1a: Pecharunt
|-start|p1a: Pecharunt|move: Taunt
|
|upkeep
|turn|2
|
|t:|1743900674
|move|p2a: Ogerpon|Spiky Shield|p2a: Ogerpon
|-singleturn|p2a: Ogerpon|move: Protect
|move|p1a: Pecharunt|Malignant Chain|p2a: Ogerpon
|-activate|p2a: Ogerpon|move: Protect
|
|upkeep
|turn|3
|
|t:|1743900689
|switch|p2a: Gholdengo|Gholdengo|100/100
|-item|p2a: Gholdengo|Air Balloon
|move|p1a: Pecharunt|Hex|p2a: Gholdengo
|-supereffective|p2a: Gholdengo
|-damage|p2a: Gholdengo|56/100
|-enditem|p2a: Gholdengo|Air Balloon
|
|-end|p1a: Pecharunt|move: Taunt
|upkeep
|turn|4
|
|t:|1743900697
|switch|p1a: Landorus|Landorus-Therian, M|100/100
|-ability|p1a: Landorus|Intimidate|boost
|-unboost|p2a: Gholdengo|atk|1
|move|p2a: Gholdengo|Shadow Ball|p1a: Landorus
|-damage|p1a: Landorus|53/100
|-unboost|p1a: Landorus|spd|1
|
|upkeep
|turn|5
|
|t:|1743900712
|move|p1a: Landorus|Stealth Rock|p2a: Gholdengo
|-sidestart|p2: PolarBearXTB|move: Stealth Rock
|move|p2a: Gholdengo|Shadow Ball|p1a: Landorus
|-damage|p1a: Landorus|0 fnt
|faint|p1a: Landorus
|
|upkeep
|
|t:|1743900720
|switch|p1a: Samurott|Samurott-Hisui, F|100/100
|turn|6
|
|t:|1743900724
|move|p2a: Gholdengo|Thunderbolt|p1a: Samurott
|-supereffective|p1a: Samurott
|-damage|p1a: Samurott|48/100
|move|p1a: Samurott|Ceaseless Edge|p2a: Gholdengo|[miss]
|-miss|p1a: Samurott|p2a: Gholdengo
|
|upkeep
|turn|7
|
|t:|1743900728
|move|p1a: Samurott|Sucker Punch|p2a: Gholdengo
|-supereffective|p2a: Gholdengo
|-damage|p2a: Gholdengo|0 fnt
|faint|p2a: Gholdengo
|
|upkeep
|
|t:|1743900732
|switch|p2a: Lokix|Lokix, M|100/100
|-damage|p2a: Lokix|76/100|[from] Stealth Rock
|turn|8
|
|t:|1743900735
|switch|p1a: Pecharunt|Pecharunt|100/100
|move|p2a: Lokix|First Impression|p1a: Pecharunt
|-resisted|p1a: Pecharunt
|-damage|p1a: Pecharunt|86/100
|-damage|p2a: Lokix|66/100|[from] item: Life Orb
|
|upkeep
|turn|9
|
|t:|1743900741
|move|p2a: Lokix|Knock Off|p1a: Pecharunt
|-supereffective|p1a: Pecharunt
|-damage|p1a: Pecharunt|23/100
|-enditem|p1a: Pecharunt|Heavy-Duty Boots|[from] move: Knock Off|[of] p2a: Lokix
|-damage|p2a: Lokix|56/100|[from] item: Life Orb
|move|p1a: Pecharunt|Malignant Chain|p2a: Lokix
|-damage|p2a: Lokix|0 fnt
|faint|p2a: Lokix
|
|upkeep
|
|t:|1743900754
|switch|p2a: Regigigas|Regigigas|100/100
|-damage|p2a: Regigigas|88/100|[from] Stealth Rock
|-start|p2a: Regigigas|ability: Slow Start
|turn|10
|
|t:|1743900761
|move|p1a: Pecharunt|Recover|p1a: Pecharunt
|-heal|p1a: Pecharunt|74/100
|move|p2a: Regigigas|Knock Off|p1a: Pecharunt
|-supereffective|p1a: Pecharunt
|-damage|p1a: Pecharunt|55/100
|
|-heal|p2a: Regigigas|94/100|[from] item: Leftovers
|upkeep
|turn|11
|
|t:|1743900766
|move|p1a: Pecharunt|Malignant Chain|p2a: Regigigas
|-damage|p2a: Regigigas|70/100
|move|p2a: Regigigas|Thunder Wave|p1a: Pecharunt|[miss]
|-miss|p2a: Regigigas|p1a: Pecharunt
|
|-heal|p2a: Regigigas|76/100|[from] item: Leftovers
|upkeep
|turn|12
|
|t:|1743900771
|move|p2a: Regigigas|Protect|p2a: Regigigas
|-singleturn|p2a: Regigigas|Protect
|move|p1a: Pecharunt|Malignant Chain|p2a: Regigigas
|-activate|p2a: Regigigas|move: Protect
|
|-heal|p2a: Regigigas|82/100|[from] item: Leftovers
|upkeep
|turn|13
|
|t:|1743900775
|move|p1a: Pecharunt|Malignant Chain|p2a: Regigigas
|-damage|p2a: Regigigas|58/100
|move|p2a: Regigigas|Thunder Wave|p1a: Pecharunt
|-status|p1a: Pecharunt|par
|
|-heal|p2a: Regigigas|64/100|[from] item: Leftovers
|upkeep
|turn|14
|
|t:|1743900780
|move|p2a: Regigigas|Protect|p2a: Regigigas
|-singleturn|p2a: Regigigas|Protect
|move|p1a: Pecharunt|Malignant Chain|p2a: Regigigas
|-activate|p2a: Regigigas|move: Protect
|
|-heal|p2a: Regigigas|70/100|[from] item: Leftovers
|-end|p2a: Regigigas|Slow Start
|upkeep
|turn|15
|
|t:|1743900787
|move|p2a: Regigigas|Knock Off|p1a: Pecharunt
|-supereffective|p1a: Pecharunt
|-damage|p1a: Pecharunt|22/100 par
|move|p1a: Pecharunt|Malignant Chain|p2a: Regigigas
|-damage|p2a: Regigigas|46/100
|-status|p2a: Regigigas|tox
|-start|p2a: Regigigas|confusion|[from] ability: Poison Puppeteer|[of] p1a: Pecharunt
|
|-heal|p2a: Regigigas|53/100 tox|[from] item: Leftovers
|-damage|p2a: Regigigas|46/100 tox|[from] psn
|upkeep
|turn|16
|
|t:|1743900794
|-activate|p2a: Regigigas|confusion
|move|p2a: Regigigas|Knock Off|p1a: Pecharunt
|-supereffective|p1a: Pecharunt
|-damage|p1a: Pecharunt|0 fnt
|faint|p1a: Pecharunt
|
|-heal|p2a: Regigigas|53/100 tox|[from] item: Leftovers
|-damage|p2a: Regigigas|40/100 tox|[from] psn
|upkeep
|
|t:|1743900806
|switch|p1a: Zamazenta|Zamazenta|100/100
|-ability|p1a: Zamazenta|Dauntless Shield|boost
|-boost|p1a: Zamazenta|def|1
|turn|17
|
|t:|1743900814
|move|p1a: Zamazenta|Close Combat|p2a: Regigigas
|-supereffective|p2a: Regigigas
|-damage|p2a: Regigigas|0 fnt
|-unboost|p1a: Zamazenta|def|1
|-unboost|p1a: Zamazenta|spd|1
|faint|p2a: Regigigas
|-end|p2a: Regigigas|Slow Start|[silent]
|
|upkeep
|
|t:|1743900818
|switch|p2a: Enamorus|Enamorus, F|100/100
|-damage|p2a: Enamorus|76/100|[from] Stealth Rock
|turn|18
|
|t:|1743900824
|-terastallize|p1a: Zamazenta|Fire
|move|p2a: Enamorus|Moonblast|p1a: Zamazenta
|-resisted|p1a: Zamazenta
|-damage|p1a: Zamazenta|64/100
|move|p1a: Zamazenta|Heavy Slam|p2a: Enamorus
|-supereffective|p2a: Enamorus
|-damage|p2a: Enamorus|0 fnt
|faint|p2a: Enamorus
|
|upkeep
|
|t:|1743900832
|switch|p2a: Ogerpon|Ogerpon-Wellspring, F|100/100
|-damage|p2a: Ogerpon|88/100|[from] Stealth Rock
|turn|19
|
|t:|1743900835
|switch|p1a: Samurott|Samurott-Hisui, F|48/100
|move|p2a: Ogerpon|Ivy Cudgel|p1a: Samurott|[anim] Ivy Cudgel Water
|-resisted|p1a: Samurott
|-damage|p1a: Samurott|19/100
|
|upkeep
|turn|20
|
|t:|1743900841
|move|p1a: Samurott|Sucker Punch|p2a: Ogerpon
|-damage|p2a: Ogerpon|47/100
|move|p2a: Ogerpon|Ivy Cudgel|p1a: Samurott|[anim] Ivy Cudgel Water
|-resisted|p1a: Samurott
|-damage|p1a: Samurott|0 fnt
|faint|p1a: Samurott
|
|upkeep
|
|t:|1743900858
|switch|p1a: Zamazenta|Zamazenta, tera:Fire|64/100
|turn|21
|
|t:|1743900862
|move|p2a: Ogerpon|Spiky Shield|p2a: Ogerpon
|-singleturn|p2a: Ogerpon|move: Protect
|move|p1a: Zamazenta|Close Combat|p2a: Ogerpon
|-activate|p2a: Ogerpon|move: Protect
|-damage|p1a: Zamazenta|52/100|[from] Spiky Shield|[of] p2a: Ogerpon
|
|upkeep
|turn|22
|
|t:|1743900869
|move|p1a: Zamazenta|Stone Edge|p2a: Ogerpon|[miss]
|-miss|p1a: Zamazenta|p2a: Ogerpon
|move|p2a: Ogerpon|Ivy Cudgel|p1a: Zamazenta|[anim] Ivy Cudgel Water
|-supereffective|p1a: Zamazenta
|-damage|p1a: Zamazenta|0 fnt
|faint|p1a: Zamazenta
|
|upkeep
|
|t:|1743900875
|switch|p1a: Hydreigon|Hydreigon, F|100/100
|turn|23
|
|t:|1743900886
|-terastallize|p2a: Ogerpon|Water
|detailschange|p2a: Ogerpon|Ogerpon-Wellspring-Tera, F, tera:Water
|-ability|p2a: Ogerpon|Embody Aspect (Wellspring)|boost
|-boost|p2a: Ogerpon|spd|1
|move|p2a: Ogerpon|Ivy Cudgel|p1a: Hydreigon|[anim] Ivy Cudgel Water
|-resisted|p1a: Hydreigon
|-damage|p1a: Hydreigon|56/100
|move|p1a: Hydreigon|Draco Meteor|p2a: Ogerpon
|-damage|p2a: Ogerpon|1/100
|-unboost|p1a: Hydreigon|spa|2
|
|-heal|p1a: Hydreigon|63/100|[from] item: Leftovers
|upkeep
|turn|24
|
|t:|1743900897
|move|p2a: Ogerpon|Ivy Cudgel|p1a: Hydreigon|[anim] Ivy Cudgel Water
|-resisted|p1a: Hydreigon
|-damage|p1a: Hydreigon|20/100
|move|p1a: Hydreigon|Flash Cannon|p2a: Ogerpon
|-resisted|p2a: Ogerpon
|-damage|p2a: Ogerpon|0 fnt
|faint|p2a: Ogerpon
|
|-heal|p1a: Hydreigon|27/100|[from] item: Leftovers
|upkeep
|
|t:|1743900902
|switch|p2a: Iron Moth|Iron Moth|100/100
|-damage|p2a: Iron Moth|76/100|[from] Stealth Rock
|-enditem|p2a: Iron Moth|Booster Energy
|-activate|p2a: Iron Moth|ability: Quark Drive|[fromitem]
|-start|p2a: Iron Moth|quarkdrivespa
|turn|25
|
|t:|1743900921
|move|p2a: Iron Moth|Flamethrower|p1a: Hydreigon
|-resisted|p1a: Hydreigon
|-damage|p1a: Hydreigon|0 fnt
|faint|p1a: Hydreigon
|
|upkeep
|
|t:|1743900923
|switch|p1a: Kingambit|Kingambit, F|100/100
|-activate|p1a: Kingambit|ability: Supreme Overlord
|-start|p1a: Kingambit|fallen5|[silent]
|turn|26
|
|t:|1743900930
|move|p1a: Kingambit|Sucker Punch|p2a: Iron Moth
|-damage|p2a: Iron Moth|0 fnt
|faint|p2a: Iron Moth
|-end|p2a: Iron Moth|Quark Drive|[silent]
|
|win|Number 1 Twice Fan
|raw|Number 1 Twice Fan's rating: 1285 &rarr; <strong>1305</strong><br />(+20 for winning)
|raw|PolarBearXTB's rating: 1212 &rarr; <strong>1192</strong><br />(-20 for losing)
|l|☆Number 1 Twice Fan
|player|p1|
|l|☆PolarBearXTB
|player|p2|
