|j|☆CrazedJuggernaut
|j|☆RAGHA BLAGHA
|t:|1743778928
|gametype|singles
|player|p1|CrazedJuggernaut|marshal|1381
|player|p2|RAGHA BLAGHA|brycenman|1398
|teamsize|p1|6
|teamsize|p2|6
|gen|9
|tier|[Gen 9] OU
|rated|
|rule|HP Percentage Mod: HP is shown in percentages
|rule|Endless Battle Clause: Forcing endless battles is banned
|rule|Species Clause: Limit one of each Pokémon
|rule|OHKO Clause: OHKO moves are banned
|rule|Evasion Items Clause: Evasion items are banned
|rule|Evasion Moves Clause: Evasion moves are banned
|rule|Sleep Moves Clause: Sleep-inducing moves are banned
|clearpoke
|poke|p1|Ting-Lu|
|poke|p1|Great Tusk|
|poke|p1|Corviknight, M|
|poke|p1|Ogerpon-Wellspring, F|
|poke|p1|Chandelure, F|
|poke|p1|Iron Valiant|
|poke|p2|Araquanid, M|
|poke|p2|Iron Boulder|
|poke|p2|Tinkaton, F|
|poke|p2|Raging Bolt|
|poke|p2|Great Tusk|
|poke|p2|Dragalge, M|
|teampreview
|
|t:|1743778960
|start
|switch|p1a: Corviknight|Corviknight, M|100/100
|switch|p2a: Araquanid|Araquanid, M|100/100
|-ability|p1a: Corviknight|Pressure
|turn|1
|
|t:|1743778964
|move|p1a: Corviknight|Brave Bird|p2a: Araquanid
|-supereffective|p2a: Araquanid
|-damage|p2a: Araquanid|29/100
|-damage|p1a: Corviknight|80/100|[from] Recoil
|move|p2a: Araquanid|Sticky Web|p1a: Corviknight
|-sidestart|p1: CrazedJuggernaut|move: Sticky Web
|
|-heal|p1a: Corviknight|87/100|[from] item: Leftovers
|upkeep
|turn|2
|
|t:|1743778973
|move|p2a: Araquanid|Endure|p2a: Araquanid
|-singleturn|p2a: Araquanid|move: Endure
|move|p1a: Corviknight|Brave Bird|p2a: Araquanid
|-supereffective|p2a: Araquanid
|-activate|p2a: Araquanid|move: Endure
|-damage|p2a: Araquanid|1/100
|-damage|p1a: Corviknight|79/100|[from] Recoil
|
|-heal|p1a: Corviknight|85/100|[from] item: Leftovers
|upkeep
|turn|3
|-enditem|p2a: Araquanid|Custap Berry|[eat]
|-activate|p2a: Araquanid|item: Custap Berry|[consumed]
|
|t:|1743778979
|move|p2a: Araquanid|Endeavor|p1a: Corviknight
|-damage|p1a: Corviknight|1/100
|move|p1a: Corviknight|Defog|p2a: Araquanid
|-unboost|p2a: Araquanid|evasion|1
|-sideend|p1: CrazedJuggernaut|Sticky Web|[from] move: Defog|[of] p1a: Corviknight
|
|-heal|p1a: Corviknight|7/100|[from] item: Leftovers
|upkeep
|turn|4
|
|t:|1743778988
|move|p1a: Corviknight|Brave Bird|p2a: Araquanid
|-supereffective|p2a: Araquanid
|-damage|p2a: Araquanid|0 fnt
|faint|p2a: Araquanid
|-damage|p1a: Corviknight|7/100|[from] Recoil
|
|-heal|p1a: Corviknight|13/100|[from] item: Leftovers
|upkeep
|inactive|Battle timer is ON: inactive players will automatically lose when time's up. (requested by CrazedJuggernaut)
|
|t:|1743779007
|switch|p2a: Iron Boulder|Iron Boulder|100/100
|-enditem|p2a: Iron Boulder|Booster Energy
|-activate|p2a: Iron Boulder|ability: Quark Drive|[fromitem]
|-start|p2a: Iron Boulder|quarkdriveatk
|turn|5
|inactive|RAGHA BLAGHA has 120 seconds left.
|
|t:|1743779039
|move|p2a: Iron Boulder|Substitute|p2a: Iron Boulder
|-start|p2a: Iron Boulder|Substitute
|-damage|p2a: Iron Boulder|76/100
|move|p1a: Corviknight|U-turn|p2a: Iron Boulder
|-supereffective|p2a: Iron Boulder
|-end|p2a: Iron Boulder|Substitute
|
|t:|1743779043
|switch|p1a: Great Tusk|Great Tusk|100/100|[from] U-turn
|-enditem|p1a: Great Tusk|Booster Energy
|-activate|p1a: Great Tusk|ability: Protosynthesis|[fromitem]
|-start|p1a: Great Tusk|protosynthesisspe
|
|upkeep
|turn|6
|
|t:|1743779055
|move|p1a: Great Tusk|Headlong Rush|p2a: Iron Boulder
|-supereffective|p2a: Iron Boulder
|-damage|p2a: Iron Boulder|0 fnt
|-unboost|p1a: Great Tusk|def|1
|-unboost|p1a: Great Tusk|spd|1
|faint|p2a: Iron Boulder
|-end|p2a: Iron Boulder|Quark Drive|[silent]
|
|upkeep
|
|t:|1743779057
|switch|p2a: Tinkaton|Tinkaton, F|100/100
|-item|p2a: Tinkaton|Air Balloon
|turn|7
|
|t:|1743779069
|move|p1a: Great Tusk|Rapid Spin|p2a: Tinkaton
|-resisted|p2a: Tinkaton
|-damage|p2a: Tinkaton|90/100
|-boost|p1a: Great Tusk|spe|1
|-enditem|p2a: Tinkaton|Air Balloon
|move|p2a: Tinkaton|Play Rough|p1a: Great Tusk
|-supereffective|p1a: Great Tusk
|-damage|p1a: Great Tusk|39/100
|
|upkeep
|turn|8
|
|t:|1743779075
|-terastallize|p2a: Tinkaton|Water
|move|p1a: Great Tusk|Headlong Rush|p2a: Tinkaton
|-damage|p2a: Tinkaton|15/100
|-unboost|p1a: Great Tusk|def|1
|-unboost|p1a: Great Tusk|spd|1
|move|p2a: Tinkaton|Play Rough|p1a: Great Tusk
|-supereffective|p1a: Great Tusk
|-damage|p1a: Great Tusk|0 fnt
|faint|p1a: Great Tusk
|-end|p1a: Great Tusk|Protosynthesis|[silent]
|
|upkeep
|
|t:|1743779083
|switch|p1a: Ogerpon|Ogerpon-Wellspring, F|100/100
|turn|9
|
|t:|1743779087
|switch|p2a: Dragalge|Dragalge, M|100/100
|move|p1a: Ogerpon|U-turn|p2a: Dragalge
|-resisted|p2a: Dragalge
|-damage|p2a: Dragalge|82/100
|
|t:|1743779091
|switch|p1a: Ting-Lu|Ting-Lu|100/100|[from] U-turn
|-ability|p1a: Ting-Lu|Vessel of Ruin
|
|upkeep
|turn|10
|
|t:|1743779097
|move|p2a: Dragalge|Draco Meteor|p1a: Ting-Lu
|-damage|p1a: Ting-Lu|51/100
|-unboost|p2a: Dragalge|spa|2
|move|p1a: Ting-Lu|Stealth Rock|p2a: Dragalge
|-sidestart|p2: RAGHA BLAGHA|move: Stealth Rock
|
|-heal|p1a: Ting-Lu|57/100|[from] item: Leftovers
|upkeep
|turn|11
|
|t:|1743779107
|switch|p2a: Great Tusk|Great Tusk|100/100
|-damage|p2a: Great Tusk|98/100|[from] Stealth Rock
|-enditem|p2a: Great Tusk|Booster Energy
|-activate|p2a: Great Tusk|ability: Protosynthesis|[fromitem]
|-start|p2a: Great Tusk|protosynthesisatk
|switch|p1a: Corviknight|Corviknight, M|13/100
|-ability|p1a: Corviknight|Pressure
|
|-heal|p1a: Corviknight|19/100|[from] item: Leftovers
|upkeep
|turn|12
|
|t:|1743779114
|move|p2a: Great Tusk|Ice Spinner|p1a: Corviknight
|-damage|p1a: Corviknight|0 fnt
|faint|p1a: Corviknight
|
|upkeep
|
|t:|1743779118
|switch|p1a: Ogerpon|Ogerpon-Wellspring, F|100/100
|turn|13
|
|t:|1743779126
|-end|p2a: Great Tusk|Protosynthesis|[silent]
|switch|p2a: Tinkaton|Tinkaton, F, tera:Water|15/100
|-damage|p2a: Tinkaton|2/100|[from] Stealth Rock
|move|p1a: Ogerpon|Ivy Cudgel|p2a: Tinkaton|[anim] Ivy Cudgel Water
|-resisted|p2a: Tinkaton
|-damage|p2a: Tinkaton|0 fnt
|faint|p2a: Tinkaton
|
|upkeep
|
|t:|1743779154
|switch|p2a: Raging Bolt|Raging Bolt|100/100
|-damage|p2a: Raging Bolt|88/100|[from] Stealth Rock
|-enditem|p2a: Raging Bolt|Booster Energy
|-activate|p2a: Raging Bolt|ability: Protosynthesis|[fromitem]
|-start|p2a: Raging Bolt|protosynthesisspa
|turn|14
|
|t:|1743779157
|switch|p1a: Ting-Lu|Ting-Lu|57/100
|-ability|p1a: Ting-Lu|Vessel of Ruin
|move|p2a: Raging Bolt|Calm Mind|p2a: Raging Bolt
|-boost|p2a: Raging Bolt|spa|1
|-boost|p2a: Raging Bolt|spd|1
|
|-heal|p1a: Ting-Lu|63/100|[from] item: Leftovers
|upkeep
|turn|15
|
|t:|1743779161
|move|p2a: Raging Bolt|Dragon Pulse|p1a: Ting-Lu
|-damage|p1a: Ting-Lu|23/100
|move|p1a: Ting-Lu|Earthquake|p2a: Raging Bolt
|-supereffective|p2a: Raging Bolt
|-damage|p2a: Raging Bolt|13/100
|
|-heal|p1a: Ting-Lu|29/100|[from] item: Leftovers
|upkeep
|turn|16
|
|t:|1743779178
|move|p2a: Raging Bolt|Dragon Pulse|p1a: Ting-Lu
|-damage|p1a: Ting-Lu|0 fnt
|faint|p1a: Ting-Lu
|
|upkeep
|
|t:|1743779188
|switch|p1a: Iron Valiant|Iron Valiant|100/100
|-enditem|p1a: Iron Valiant|Booster Energy
|-activate|p1a: Iron Valiant|ability: Quark Drive|[fromitem]
|-start|p1a: Iron Valiant|quarkdrivespe
|turn|17
|
|t:|1743779194
|move|p1a: Iron Valiant|Vacuum Wave|p2a: Raging Bolt
|-damage|p2a: Raging Bolt|0 fnt
|faint|p2a: Raging Bolt
|-end|p2a: Raging Bolt|Protosynthesis|[silent]
|
|upkeep
|
|t:|1743779201
|switch|p2a: Dragalge|Dragalge, M|82/100
|-damage|p2a: Dragalge|70/100|[from] Stealth Rock
|turn|18
|
|t:|1743779206
|move|p1a: Iron Valiant|Moonblast|p2a: Dragalge
|-damage|p2a: Dragalge|19/100
|-unboost|p2a: Dragalge|spa|1
|move|p2a: Dragalge|Sludge Wave|p1a: Iron Valiant
|-supereffective|p1a: Iron Valiant
|-damage|p1a: Iron Valiant|0 fnt
|faint|p1a: Iron Valiant
|-end|p1a: Iron Valiant|Quark Drive|[silent]
|
|upkeep
|
|t:|1743779211
|switch|p1a: Ogerpon|Ogerpon-Wellspring, F|100/100
|turn|19
|
|t:|1743779213
|-terastallize|p1a: Ogerpon|Water
|detailschange|p1a: Ogerpon|Ogerpon-Wellspring-Tera, F, tera:Water
|-ability|p1a: Ogerpon|Embody Aspect (Wellspring)|boost
|-boost|p1a: Ogerpon|spd|1
|move|p1a: Ogerpon|Ivy Cudgel|p2a: Dragalge|[anim] Ivy Cudgel Water
|-resisted|p2a: Dragalge
|-damage|p2a: Dragalge|0 fnt
|faint|p2a: Dragalge
|
|upkeep
|
|t:|1743779219
|switch|p2a: Great Tusk|Great Tusk|98/100
|-damage|p2a: Great Tusk|95/100|[from] Stealth Rock
|turn|20
|
|t:|1743779221
|move|p1a: Ogerpon|Ivy Cudgel|p2a: Great Tusk|[anim] Ivy Cudgel Water
|-supereffective|p2a: Great Tusk
|-damage|p2a: Great Tusk|0 fnt
|faint|p2a: Great Tusk
|-end|p2a: Great Tusk|Protosynthesis|[silent]
|
|win|CrazedJuggernaut
|raw|CrazedJuggernaut's rating: 1381 &rarr; <strong>1402</strong><br />(+21 for winning)
|raw|RAGHA BLAGHA's rating: 1398 &rarr; <strong>1377</strong><br />(-21 for losing)
|l|☆RAGHA BLAGHA
|player|p2|
|c|☆CrazedJuggernaut|Gg
|l|☆CrazedJuggernaut
|player|p1|
