|j|☆IconicWrecker
|j|☆Marilyn Monhoe
|t:|1743848828
|gametype|singles
|player|p1|IconicWrecker|red|1163
|player|p2|Marilyn Monhoe|darach-caitlin|1155
|teamsize|p1|6
|teamsize|p2|6
|gen|9
|tier|[Gen 9] OU
|rated|
|rule|HP Percentage Mod: HP is shown in percentages
|rule|Endless Battle Clause: Forcing endless battles is banned
|rule|Species Clause: Limit one of each Pokémon
|rule|OHKO Clause: OHKO moves are banned
|rule|Evasion Items Clause: Evasion items are banned
|rule|Evasion Moves Clause: Evasion moves are banned
|rule|Sleep Moves Clause: Sleep-inducing moves are banned
|clearpoke
|poke|p1|Dragapult, M|
|poke|p1|Skeledirge, M|
|poke|p1|Scizor, M|
|poke|p1|Volcanion|
|poke|p1|Latias, F|
|poke|p1|Armarouge, M|
|poke|p2|Kingdra, M|
|poke|p2|Pelipper, F|
|poke|p2|Sylveon, F|
|poke|p2|Politoed, M|
|poke|p2|Ogerpon-Wellspring, F|
|poke|p2|Porygon2|
|teampreview
|inactive|Battle timer is ON: inactive players will automatically lose when time's up. (requested by IconicWrecker)
|
|t:|1743848837
|start
|switch|p1a: Latias|Latias, F, shiny|100/100
|switch|p2a: Porygon2|Porygon2|100/100
|turn|1
|
|t:|1743848844
|move|p1a: Latias|Light Screen|p1a: Latias
|-sidestart|p1: IconicWrecker|move: Light Screen
|move|p2a: Porygon2|Ice Beam|p1a: Latias
|-supereffective|p1a: Latias
|-damage|p1a: Latias|70/100
|-status|p1a: Latias|frz
|
|upkeep
|turn|2
|
|t:|1743848851
|switch|p1a: Armarouge|Armarouge, M|100/100
|move|p2a: Porygon2|Ice Beam|p1a: Armarouge
|-resisted|p1a: Armarouge
|-damage|p1a: Armarouge|90/100
|
|upkeep
|turn|3
|
|t:|1743848869
|switch|p2a: Politoed|Politoed, M, shiny|100/100
|-weather|RainDance|[from] ability: Drizzle|[of] p2a: Politoed
|move|p1a: Armarouge|Calm Mind|p1a: Armarouge
|-boost|p1a: Armarouge|spa|1
|-boost|p1a: Armarouge|spd|1
|
|-weather|RainDance|[upkeep]
|upkeep
|turn|4
|
|t:|1743848877
|move|p1a: Armarouge|Calm Mind|p1a: Armarouge
|-boost|p1a: Armarouge|spa|1
|-boost|p1a: Armarouge|spd|1
|move|p2a: Politoed|Weather Ball|p1a: Armarouge
|-supereffective|p1a: Armarouge
|-damage|p1a: Armarouge|50/100
|
|-weather|RainDance|[upkeep]
|upkeep
|turn|5
|
|t:|1743848892
|move|p1a: Armarouge|Stored Power|p2a: Politoed
|-damage|p2a: Politoed|14/100
|-heal|p1a: Armarouge|62/100|[from] item: Shell Bell|[of] p2a: Politoed
|move|p2a: Politoed|Encore|p1a: Armarouge
|-start|p1a: Armarouge|Encore
|
|-weather|RainDance|[upkeep]
|upkeep
|turn|6
|
|t:|1743848899
|move|p1a: Armarouge|Stored Power|p2a: Politoed
|-damage|p2a: Politoed|0 fnt
|faint|p2a: Politoed
|-heal|p1a: Armarouge|64/100|[from] item: Shell Bell|[of] p2: Politoed
|
|-weather|RainDance|[upkeep]
|upkeep
|
|t:|1743848909
|switch|p2a: Ogerpon|Ogerpon-Wellspring, F|100/100
|turn|7
|
|t:|1743848912
|move|p2a: Ogerpon|Ivy Cudgel|p1a: Armarouge|[anim] Ivy Cudgel Water
|-supereffective|p1a: Armarouge
|-damage|p1a: Armarouge|0 fnt
|faint|p1a: Armarouge
|
|-weather|none
|upkeep
|
|t:|1743848929
|switch|p1a: Latias|Latias, F, shiny|70/100 frz
|turn|8
|inactive|IconicWrecker has 120 seconds left.
|
|t:|1743848955
|move|p2a: Ogerpon|Play Rough|p1a: Latias
|-supereffective|p1a: Latias
|-damage|p1a: Latias|0 fnt
|faint|p1a: Latias
|
|-sideend|p1: IconicWrecker|move: Light Screen
|upkeep
|inactive|IconicWrecker has 120 seconds left.
|
|t:|1743848963
|switch|p1a: Skeledirge|Skeledirge, M|100/100
|-item|p1a: Skeledirge|Air Balloon
|turn|9
|
|t:|1743848967
|switch|p1a: Volcanion|Volcanion|100/100
|move|p2a: Ogerpon|Ivy Cudgel|p1a: Volcanion|[anim] Ivy Cudgel Water
|-immune|p1a: Volcanion|[from] ability: Water Absorb
|
|upkeep
|turn|10
|
|t:|1743848978
|switch|p2a: Porygon2|Porygon2|100/100
|move|p1a: Volcanion|Sludge Bomb|p2a: Porygon2
|-damage|p2a: Porygon2|77/100
|-status|p2a: Porygon2|psn
|
|-damage|p2a: Porygon2|65/100 psn|[from] psn
|upkeep
|turn|11
|
|t:|1743848990
|move|p1a: Volcanion|Steam Eruption|p2a: Porygon2
|-damage|p2a: Porygon2|26/100 psn
|move|p2a: Porygon2|Thunder Wave|p1a: Volcanion
|-status|p1a: Volcanion|par
|
|-damage|p2a: Porygon2|13/100 psn|[from] psn
|upkeep
|turn|12
|
|t:|1743849001
|move|p2a: Porygon2|Tri Attack|p1a: Volcanion
|-damage|p1a: Volcanion|75/100 par
|cant|p1a: Volcanion|par
|
|-damage|p2a: Porygon2|1/100 psn|[from] psn
|upkeep
|turn|13
|
|t:|1743849011
|move|p2a: Porygon2|Tri Attack|p1a: Volcanion
|-damage|p1a: Volcanion|50/100 par
|move|p1a: Volcanion|Scorching Sands|p2a: Porygon2
|-crit|p2a: Porygon2
|-damage|p2a: Porygon2|0 fnt
|faint|p2a: Porygon2
|
|upkeep
|
|t:|1743849038
|switch|p2a: Ogerpon|Ogerpon-Wellspring, F|100/100
|turn|14
|
|t:|1743849043
|move|p2a: Ogerpon|Knock Off|p1a: Volcanion
|-damage|p1a: Volcanion|18/100 par
|-enditem|p1a: Volcanion|Assault Vest|[from] move: Knock Off|[of] p2a: Ogerpon
|cant|p1a: Volcanion|par
|
|upkeep
|turn|15
|
|t:|1743849049
|move|p2a: Ogerpon|Horn Leech|p1a: Volcanion
|-damage|p1a: Volcanion|0 fnt
|faint|p1a: Volcanion
|
|upkeep
|
|t:|1743849055
|switch|p1a: Dragapult|Dragapult, M|100/100
|turn|16
|
|t:|1743849068
|-terastallize|p1a: Dragapult|Steel
|move|p1a: Dragapult|Dragon Darts|p2a: Ogerpon
|-damage|p2a: Ogerpon|66/100
|-anim|p1a: Dragapult|Dragon Darts|p2a: Ogerpon
|-damage|p2a: Ogerpon|31/100
|move|p2a: Ogerpon|Knock Off|p1a: Dragapult
|-damage|p1a: Dragapult|48/100
|-enditem|p1a: Dragapult|Power Herb|[from] move: Knock Off|[of] p2a: Ogerpon
|
|upkeep
|turn|17
|
|t:|1743849080
|move|p1a: Dragapult|Psychic Fangs|p2a: Ogerpon
|-damage|p2a: Ogerpon|0 fnt
|faint|p2a: Ogerpon
|
|upkeep
|
|t:|1743849091
|switch|p2a: Pelipper|Pelipper, F|100/100
|-weather|RainDance|[from] ability: Drizzle|[of] p2a: Pelipper
|turn|18
|
|t:|1743849098
|move|p1a: Dragapult|Dragon Darts|p2a: Pelipper
|-damage|p2a: Pelipper|75/100
|-anim|p1a: Dragapult|Dragon Darts|p2a: Pelipper
|-damage|p2a: Pelipper|50/100
|move|p2a: Pelipper|Weather Ball|p1a: Dragapult
|-damage|p1a: Dragapult|0 fnt
|faint|p1a: Dragapult
|
|-weather|RainDance|[upkeep]
|upkeep
|
|t:|1743849111
|switch|p1a: Skeledirge|Skeledirge, M|100/100
|-item|p1a: Skeledirge|Air Balloon
|turn|19
|
|t:|1743849118
|move|p1a: Skeledirge|Alluring Voice|p2a: Pelipper
|-damage|p2a: Pelipper|19/100
|move|p2a: Pelipper|Weather Ball|p1a: Skeledirge
|-supereffective|p1a: Skeledirge
|-damage|p1a: Skeledirge|0 fnt
|-enditem|p1a: Skeledirge|Air Balloon
|faint|p1a: Skeledirge
|
|-weather|RainDance|[upkeep]
|upkeep
|
|t:|1743849126
|switch|p1a: Scizor|Scizor, M|100/100
|turn|20
|
|t:|1743849135
|move|p1a: Scizor|Swords Dance|p1a: Scizor
|-boost|p1a: Scizor|atk|2
|move|p2a: Pelipper|Weather Ball|p1a: Scizor
|-damage|p1a: Scizor|39/100
|
|-weather|RainDance|[upkeep]
|upkeep
|turn|21
|
|t:|1743849143
|move|p1a: Scizor|Bullet Punch|p2a: Pelipper
|-resisted|p2a: Pelipper
|-damage|p2a: Pelipper|0 fnt
|faint|p2a: Pelipper
|
|-weather|RainDance|[upkeep]
|upkeep
|
|t:|1743849147
|switch|p2a: Kingdra|Kingdra, M|100/100
|turn|22
|
|t:|1743849152
|move|p1a: Scizor|Bullet Punch|p2a: Kingdra
|-resisted|p2a: Kingdra
|-damage|p2a: Kingdra|57/100
|move|p2a: Kingdra|Weather Ball|p1a: Scizor
|-damage|p1a: Scizor|0 fnt
|faint|p1a: Scizor
|
|win|Marilyn Monhoe
|raw|IconicWrecker's rating: 1163 &rarr; <strong>1137</strong><br />(-26 for losing)
|raw|Marilyn Monhoe's rating: 1155 &rarr; <strong>1181</strong><br />(+26 for winning)
|l|☆IconicWrecker
|player|p1|
|c|☆Marilyn Monhoe|Gg
|l|☆Marilyn Monhoe
|player|p2|
