|j|☆ranshuang
|j|☆awa芽衣赛高yyds
|t:|1743836197
|gametype|singles
|player|p1|ranshuang|caitlin|1136
|player|p2|awa芽衣赛高yyds|rosa|1163
|teamsize|p1|6
|teamsize|p2|6
|gen|9
|tier|[Gen 9] OU
|rated|
|rule|HP Percentage Mod: HP is shown in percentages
|rule|Endless Battle Clause: Forcing endless battles is banned
|rule|Species Clause: Limit one of each Pokémon
|rule|OHKO Clause: OHKO moves are banned
|rule|Evasion Items Clause: Evasion items are banned
|rule|Evasion Moves Clause: Evasion moves are banned
|rule|Sleep Moves Clause: Sleep-inducing moves are banned
|clearpoke
|poke|p1|Gholdengo|
|poke|p1|Tinkaton, F|
|poke|p1|Zapdos|
|poke|p1|Meowscarada, F|
|poke|p1|Tyranitar, M|
|poke|p1|Great Tusk|
|poke|p2|Serperior, F|
|poke|p2|Samurott-Hisui, M|
|poke|p2|Gholdengo|
|poke|p2|Kingambit, F|
|poke|p2|Kyurem|
|poke|p2|Corviknight, F|
|teampreview
|inactive|Battle timer is ON: inactive players will automatically lose when time's up. (requested by ranshuang)
|
|t:|1743836219
|start
|switch|p1a: Zapdos|Zapdos|100/100
|switch|p2a: Serperior|Serperior, F, shiny|100/100
|turn|1
|
|t:|1743836243
|switch|p2a: Kyurem|Kyurem, shiny|100/100
|-ability|p2a: Kyurem|Pressure
|move|p1a: Zapdos|Thunder Wave|p2a: Kyurem
|-status|p2a: Kyurem|par
|
|upkeep
|turn|2
|
|t:|1743836253
|switch|p1a: Tyranitar|Tyranitar, M|100/100
|-weather|Sandstorm|[from] ability: Sand Stream|[of] p1a: Tyranitar
|cant|p2a: Kyurem|par
|
|-weather|Sandstorm|[upkeep]
|-damage|p2a: Kyurem|94/100 par|[from] Sandstorm
|upkeep
|turn|3
|inactive|awa芽衣赛高yyds has 120 seconds left.
|
|t:|1743836280
|switch|p2a: Corviknight|Corviknight, F|100/100
|move|p1a: Tyranitar|Low Kick|p2a: Corviknight
|-damage|p2a: Corviknight|82/100
|
|-weather|Sandstorm|[upkeep]
|-heal|p2a: Corviknight|89/100|[from] item: Leftovers
|upkeep
|turn|4
|inactive|awa芽衣赛高yyds has 120 seconds left.
|
|t:|1743836302
|switch|p1a: Tinkaton|Tinkaton, F|100/100
|-item|p1a: Tinkaton|Air Balloon
|move|p2a: Corviknight|Iron Defense|p2a: Corviknight
|-boost|p2a: Corviknight|def|2
|
|-weather|Sandstorm|[upkeep]
|-heal|p2a: Corviknight|95/100|[from] item: Leftovers
|upkeep
|turn|5
|
|t:|1743836314
|move|p1a: Tinkaton|Encore|p2a: Corviknight
|-start|p2a: Corviknight|Encore
|move|p2a: Corviknight|Iron Defense|p2a: Corviknight
|-boost|p2a: Corviknight|def|2
|
|-weather|Sandstorm|[upkeep]
|-heal|p2a: Corviknight|100/100|[from] item: Leftovers
|upkeep
|turn|6
|
|t:|1743836323
|move|p1a: Tinkaton|Stealth Rock|p2a: Corviknight
|-sidestart|p2: awa芽衣赛高yyds|move: Stealth Rock
|move|p2a: Corviknight|Iron Defense|p2a: Corviknight
|-boost|p2a: Corviknight|def|2
|
|-weather|none
|upkeep
|turn|7
|
|t:|1743836331
|switch|p1a: Zapdos|Zapdos|100/100
|move|p2a: Corviknight|Iron Defense|p2a: Corviknight
|-boost|p2a: Corviknight|def|0
|
|-end|p2a: Corviknight|Encore
|upkeep
|turn|8
|inactive|awa芽衣赛高yyds has 120 seconds left.
|
|t:|1743836342
|-terastallize|p2a: Corviknight|Fighting
|move|p1a: Zapdos|Volt Switch|p2a: Corviknight
|-damage|p2a: Corviknight|70/100
|
|t:|1743836351
|switch|p1a: Gholdengo|Gholdengo|100/100|[from] Volt Switch
|-item|p1a: Gholdengo|Air Balloon
|move|p2a: Corviknight|Body Press|p1a: Gholdengo
|-immune|p1a: Gholdengo
|
|-heal|p2a: Corviknight|77/100|[from] item: Leftovers
|upkeep
|turn|9
|inactive|awa芽衣赛高yyds has 120 seconds left.
|
|t:|1743836363
|move|p1a: Gholdengo|Thunder Wave|p2a: Corviknight
|-status|p2a: Corviknight|par
|move|p2a: Corviknight|Defog|p1a: Gholdengo
|-immune|p1a: Gholdengo|[from] ability: Good as Gold
|
|-heal|p2a: Corviknight|83/100 par|[from] item: Leftovers
|upkeep
|turn|10
|inactive|awa芽衣赛高yyds has 120 seconds left.
|
|t:|1743836386
|switch|p2a: Samurott|Samurott-Hisui, M, shiny|100/100
|-damage|p2a: Samurott|88/100|[from] Stealth Rock
|move|p1a: Gholdengo|Hex|p2a: Samurott
|-resisted|p2a: Samurott
|-damage|p2a: Samurott|69/100
|
|upkeep
|turn|11
|
|t:|1743836400
|switch|p1a: Tinkaton|Tinkaton, F|100/100
|-item|p1a: Tinkaton|Air Balloon
|move|p2a: Samurott|Ceaseless Edge|p1a: Tinkaton
|-resisted|p1a: Tinkaton
|-damage|p1a: Tinkaton|80/100
|-enditem|p1a: Tinkaton|Air Balloon
|-sidestart|p1: ranshuang|Spikes
|-enditem|p2a: Samurott|Aguav Berry|[silent]|[from] ability: Pickpocket|[of] p2a: Samurott
|-item|p1a: Tinkaton|Aguav Berry|[from] ability: Pickpocket|[of] p2a: Samurott
|
|upkeep
|turn|12
|inactive|awa芽衣赛高yyds has 120 seconds left.
|inactive|awa芽衣赛高yyds has 90 seconds left.
|
|t:|1743836437
|switch|p2a: Gholdengo|Gholdengo|100/100
|-damage|p2a: Gholdengo|94/100|[from] Stealth Rock
|-item|p2a: Gholdengo|Air Balloon
|move|p1a: Tinkaton|Thunder Wave|p2a: Gholdengo
|-immune|p2a: Gholdengo|[from] ability: Good as Gold
|
|upkeep
|turn|13
|inactive|awa芽衣赛高yyds has 90 seconds left.
|
|t:|1743836447
|switch|p1a: Tyranitar|Tyranitar, M|100/100
|-damage|p1a: Tyranitar|88/100|[from] Spikes
|-weather|Sandstorm|[from] ability: Sand Stream|[of] p1a: Tyranitar
|move|p2a: Gholdengo|Thunder Wave|p1a: Tyranitar
|-status|p1a: Tyranitar|par
|
|-weather|Sandstorm|[upkeep]
|upkeep
|turn|14
|inactive|awa芽衣赛高yyds has 90 seconds left.
|
|t:|1743836460
|move|p2a: Gholdengo|Make It Rain|p1a: Tyranitar
|-supereffective|p1a: Tyranitar
|-damage|p1a: Tyranitar|25/100 par
|-unboost|p2a: Gholdengo|spa|1
|move|p1a: Tyranitar|Knock Off|p2a: Gholdengo
|-supereffective|p2a: Gholdengo
|-damage|p2a: Gholdengo|0 fnt
|-enditem|p2a: Gholdengo|Air Balloon
|faint|p2a: Gholdengo
|
|-weather|Sandstorm|[upkeep]
|upkeep
|inactive|awa芽衣赛高yyds has 90 seconds left.
|
|t:|1743836480
|switch|p2a: Kyurem|Kyurem, shiny|94/100 par
|-damage|p2a: Kyurem|70/100 par|[from] Stealth Rock
|-ability|p2a: Kyurem|Pressure
|turn|15
|
|t:|1743836489
|move|p1a: Tyranitar|Low Kick|p2a: Kyurem
|-supereffective|p2a: Kyurem
|-damage|p2a: Kyurem|0 fnt
|-damage|p1a: Tyranitar|8/100 par|[from] item: Rocky Helmet|[of] p2a: Kyurem
|faint|p2a: Kyurem
|
|-weather|Sandstorm|[upkeep]
|upkeep
|
|t:|1743836497
|switch|p2a: Samurott|Samurott-Hisui, M, shiny|69/100
|-damage|p2a: Samurott|56/100|[from] Stealth Rock
|turn|16
|inactive|awa芽衣赛高yyds has 90 seconds left.
|
|t:|1743836506
|switch|p1a: Great Tusk|Great Tusk|100/100
|move|p2a: Samurott|Ceaseless Edge|p1a: Great Tusk
|-resisted|p1a: Great Tusk
|-damage|p1a: Great Tusk|85/100
|-sidestart|p1: ranshuang|Spikes
|
|-weather|Sandstorm|[upkeep]
|-damage|p2a: Samurott|50/100|[from] Sandstorm
|upkeep
|turn|17
|inactive|awa芽衣赛高yyds has 90 seconds left.
|
|t:|1743836518
|move|p2a: Samurott|Aqua Jet|p1a: Great Tusk
|-supereffective|p1a: Great Tusk
|-damage|p1a: Great Tusk|61/100
|move|p1a: Great Tusk|Rapid Spin|p2a: Samurott
|-damage|p2a: Samurott|35/100
|-boost|p1a: Great Tusk|spe|1
|-sideend|p1: ranshuang|Spikes|[from] move: Rapid Spin|[of] p1a: Great Tusk
|
|-weather|none
|upkeep
|turn|18
|
|t:|1743836528
|move|p2a: Samurott|Aqua Jet|p1a: Great Tusk
|-supereffective|p1a: Great Tusk
|-damage|p1a: Great Tusk|37/100
|move|p1a: Great Tusk|Headlong Rush|p2a: Samurott
|-damage|p2a: Samurott|0 fnt
|-unboost|p1a: Great Tusk|def|1
|-unboost|p1a: Great Tusk|spd|1
|faint|p2a: Samurott
|
|upkeep
|inactive|awa芽衣赛高yyds has 90 seconds left.
|
|t:|1743836543
|switch|p2a: Serperior|Serperior, F, shiny|100/100
|-damage|p2a: Serperior|88/100|[from] Stealth Rock
|turn|19
|inactive|awa芽衣赛高yyds has 90 seconds left.
|
|t:|1743836556
|move|p1a: Great Tusk|Ice Spinner|p2a: Serperior
|-supereffective|p2a: Serperior
|-damage|p2a: Serperior|36/100
|move|p2a: Serperior|Leaf Storm|p1a: Great Tusk
|-supereffective|p1a: Great Tusk
|-damage|p1a: Great Tusk|0 fnt
|-boost|p2a: Serperior|spa|2
|faint|p1a: Great Tusk
|-end|p1a: Great Tusk|Protosynthesis|[silent]
|
|-heal|p2a: Serperior|43/100|[from] item: Leftovers
|upkeep
|
|t:|1743836566
|switch|p1a: Meowscarada|Meowscarada, F|100/100
|turn|20
|
|t:|1743836575
|move|p1a: Meowscarada|Triple Axel|p2a: Serperior
|-start|p1a: Meowscarada|typechange|Ice|[from] ability: Protean
|-supereffective|p2a: Serperior
|-damage|p2a: Serperior|18/100
|-supereffective|p2a: Serperior
|-damage|p2a: Serperior|0 fnt
|faint|p2a: Serperior
|-hitcount|p2: Serperior|2
|-damage|p1a: Meowscarada|91/100|[from] item: Life Orb
|
|upkeep
|
|t:|1743836587
|switch|p2a: Corviknight|Corviknight, F, tera:Fighting|83/100 par
|-damage|p2a: Corviknight|77/100 par|[from] Stealth Rock
|turn|21
|
|t:|1743836592
|switch|p1a: Gholdengo|Gholdengo|100/100
|-item|p1a: Gholdengo|Air Balloon
|move|p2a: Corviknight|Body Press|p1a: Gholdengo
|-immune|p1a: Gholdengo
|
|-heal|p2a: Corviknight|83/100 par|[from] item: Leftovers
|upkeep
|turn|22
|
|t:|1743836603
|move|p1a: Gholdengo|Thunder Wave|p2a: Corviknight
|-fail|p2a: Corviknight|par
|move|p2a: Corviknight|Defog|p1a: Gholdengo
|-immune|p1a: Gholdengo|[from] ability: Good as Gold
|
|-heal|p2a: Corviknight|89/100 par|[from] item: Leftovers
|upkeep
|turn|23
|
|t:|1743836609
|move|p1a: Gholdengo|Hex|p2a: Corviknight
|-damage|p2a: Corviknight|35/100 par
|cant|p2a: Corviknight|par
|
|-heal|p2a: Corviknight|41/100 par|[from] item: Leftovers
|upkeep
|turn|24
|
|t:|1743836617
|move|p1a: Gholdengo|Hex|p2a: Corviknight
|-damage|p2a: Corviknight|0 fnt
|faint|p2a: Corviknight
|
|upkeep
|
|t:|1743836622
|switch|p2a: Kingambit|Kingambit, F|100/100
|-damage|p2a: Kingambit|94/100|[from] Stealth Rock
|-activate|p2a: Kingambit|ability: Supreme Overlord
|-start|p2a: Kingambit|fallen5|[silent]
|turn|25
|inactive|awa芽衣赛高yyds has 120 seconds left.
|
|t:|1743836647
|move|p1a: Gholdengo|Thunder Wave|p2a: Kingambit
|-status|p2a: Kingambit|par
|move|p2a: Kingambit|Swords Dance|p2a: Kingambit
|-boost|p2a: Kingambit|atk|2
|
|-heal|p2a: Kingambit|100/100 par|[from] item: Leftovers
|upkeep
|turn|26
|
|t:|1743836659
|move|p1a: Gholdengo|Hex|p2a: Kingambit
|-resisted|p2a: Kingambit
|-damage|p2a: Kingambit|74/100 par
|cant|p2a: Kingambit|par
|
|-heal|p2a: Kingambit|80/100 par|[from] item: Leftovers
|upkeep
|turn|27
|
|t:|1743836671
|-terastallize|p1a: Gholdengo|Flying
|cant|p2a: Kingambit|par
|move|p1a: Gholdengo|Hex|p2a: Kingambit
|-resisted|p2a: Kingambit
|-crit|p2a: Kingambit
|-damage|p2a: Kingambit|36/100 par
|
|-heal|p2a: Kingambit|42/100 par|[from] item: Leftovers
|upkeep
|turn|28
|
|t:|1743836681
|move|p2a: Kingambit|Sucker Punch|p1a: Gholdengo
|-damage|p1a: Gholdengo|14/100
|-enditem|p1a: Gholdengo|Air Balloon
|move|p1a: Gholdengo|Hex|p2a: Kingambit
|-resisted|p2a: Kingambit
|-damage|p2a: Kingambit|13/100 par
|
|-heal|p2a: Kingambit|19/100 par|[from] item: Leftovers
|upkeep
|turn|29
|
|t:|1743836691
|cant|p2a: Kingambit|par
|move|p1a: Gholdengo|Recover|p1a: Gholdengo
|-heal|p1a: Gholdengo|64/100
|
|-heal|p2a: Kingambit|25/100 par|[from] item: Leftovers
|upkeep
|turn|30
|inactive|awa芽衣赛高yyds has 120 seconds left.
|
|t:|1743836700
|move|p1a: Gholdengo|Recover|p1a: Gholdengo
|-heal|p1a: Gholdengo|100/100
|move|p2a: Kingambit|Kowtow Cleave|p1a: Gholdengo
|-damage|p1a: Gholdengo|0 fnt
|faint|p1a: Gholdengo
|
|-heal|p2a: Kingambit|32/100 par|[from] item: Leftovers
|upkeep
|
|t:|1743836706
|switch|p1a: Tinkaton|Tinkaton, F|80/100
|turn|31
|inactive|awa芽衣赛高yyds has 120 seconds left.
|
|t:|1743836723
|move|p1a: Tinkaton|Stealth Rock||[still]
|-fail|p1a: Tinkaton
|move|p2a: Kingambit|Iron Head|p1a: Tinkaton
|-damage|p1a: Tinkaton|0 fnt
|faint|p1a: Tinkaton
|
|-heal|p2a: Kingambit|38/100 par|[from] item: Leftovers
|upkeep
|
|t:|1743836735
|switch|p1a: Zapdos|Zapdos|100/100
|turn|32
|
|t:|1743836749
|move|p2a: Kingambit|Sucker Punch|p1a: Zapdos
|-damage|p1a: Zapdos|8/100
|move|p1a: Zapdos|Volt Switch|p2a: Kingambit
|-damage|p2a: Kingambit|10/100 par
|
|t:|1743836762
|switch|p1a: Tyranitar|Tyranitar, M|8/100 par|[from] Volt Switch
|-weather|Sandstorm|[from] ability: Sand Stream|[of] p1a: Tyranitar
|
|-weather|Sandstorm|[upkeep]
|-heal|p2a: Kingambit|16/100 par|[from] item: Leftovers
|upkeep
|turn|33
|inactive|awa芽衣赛高yyds has 120 seconds left.
|
|t:|1743836789
|move|p2a: Kingambit|Sucker Punch|p1a: Tyranitar
|-resisted|p1a: Tyranitar
|-damage|p1a: Tyranitar|0 fnt
|faint|p1a: Tyranitar
|
|-weather|Sandstorm|[upkeep]
|-heal|p2a: Kingambit|22/100 par|[from] item: Leftovers
|upkeep
|
|t:|1743836794
|switch|p1a: Zapdos|Zapdos|8/100
|turn|34
|inactive|awa芽衣赛高yyds has 120 seconds left.
|
|t:|1743836829
|move|p2a: Kingambit|Sucker Punch||[still]
|-fail|p2a: Kingambit
|move|p1a: Zapdos|Roost|p1a: Zapdos
|-heal|p1a: Zapdos|58/100
|-singleturn|p1a: Zapdos|move: Roost
|
|-weather|Sandstorm|[upkeep]
|-damage|p1a: Zapdos|52/100|[from] Sandstorm
|-heal|p2a: Kingambit|29/100 par|[from] item: Leftovers
|upkeep
|turn|35
|l|☆ranshuang
|inactive|ranshuang disconnected and has a minute to reconnect!
|player|p1|
|inactive|ranshuang has 30 seconds to reconnect!
|inactive|ranshuang has 20 seconds to reconnect!
|inactive|ranshuang has 15 seconds to reconnect!
|inactive|ranshuang has 10 seconds to reconnect!
|inactive|ranshuang has 5 seconds to reconnect!
|-message|ranshuang lost due to inactivity.
|
|win|awa芽衣赛高yyds
|raw|ranshuang's rating: 1136 &rarr; <strong>1113</strong><br />(-23 for losing)
|raw|awa芽衣赛高yyds's rating: 1163 &rarr; <strong>1186</strong><br />(+23 for winning)
