|j|☆ceruledge999
|j|☆CRPCgaming.TTV
|t:|1743871743
|gametype|singles
|player|p1|ceruledge999|265|1403
|player|p2|CRPCgaming.TTV|backersf|1406
|teamsize|p1|6
|teamsize|p2|6
|gen|9
|tier|[Gen 9] OU
|rated|
|rule|HP Percentage Mod: HP is shown in percentages
|rule|Endless Battle Clause: Forcing endless battles is banned
|rule|Species Clause: Limit one of each Pokémon
|rule|OHKO Clause: OHKO moves are banned
|rule|Evasion Items Clause: Evasion items are banned
|rule|Evasion Moves Clause: Evasion moves are banned
|rule|Sleep Moves Clause: Sleep-inducing moves are banned
|clearpoke
|poke|p1|Ninetales-Alola, F|
|poke|p1|Ceruledge, M|
|poke|p1|Moltres-Galar|
|poke|p1|Cloyster, M|
|poke|p1|Zoroark-Hisui, F|
|poke|p1|Hatterene, F|
|poke|p2|Glimmora, M|
|poke|p2|Iron Moth|
|poke|p2|Cloyster, M|
|poke|p2|Latias, F|
|poke|p2|Hatterene, F|
|poke|p2|Garchomp, F|
|teampreview
|inactive|Battle timer is ON: inactive players will automatically lose when time's up. (requested by CRPCgaming.TTV)
|l|☆ceruledge999
|inactive|ceruledge999 disconnected and has a minute to reconnect!
|player|p1|
|inactive|ceruledge999 has 30 seconds to reconnect!
|j|☆ceruledge999
|inactive|ceruledge999 reconnected and has 105 seconds left.
|player|p1|ceruledge999|265|
|inactive|ceruledge999 has 90 seconds left.
|
|t:|1743871817
|start
|switch|p1a: Cloyster|Cloyster, M|100/100
|switch|p2a: Iron Moth|Iron Moth, shiny|100/100
|-enditem|p2a: Iron Moth|Booster Energy
|-activate|p2a: Iron Moth|ability: Quark Drive|[fromitem]
|-start|p2a: Iron Moth|quarkdrivespe
|turn|1
|
|t:|1743871824
|move|p1a: Cloyster|Trick|p2a: Iron Moth
|-activate|p1a: Cloyster|move: Trick|[of] p2a: Iron Moth
|-item|p2a: Iron Moth|Choice Scarf|[from] move: Trick
|-enditem|p1a: Cloyster|Choice Scarf|[silent]|[from] move: Trick
|move|p2a: Iron Moth|Fiery Dance|p1a: Cloyster
|-damage|p1a: Cloyster|14/100
|replace|p1a: Zoroark|Zoroark-Hisui, F
|-end|p1a: Zoroark|Illusion
|
|upkeep
|turn|2
|
|t:|1743871840
|move|p2a: Iron Moth|Fiery Dance|p1a: Zoroark
|-damage|p1a: Zoroark|0 fnt
|faint|p1a: Zoroark
|
|upkeep
|
|t:|1743871843
|switch|p1a: Dark Knight|Ceruledge, M, shiny|100/100
|turn|3
|
|t:|1743871850
|-end|p2a: Iron Moth|Quark Drive|[silent]
|switch|p2a: Glimmora|Glimmora, M|100/100
|move|p1a: Dark Knight|Swords Dance|p1a: Dark Knight
|-boost|p1a: Dark Knight|atk|2
|
|upkeep
|turn|4
|
|t:|1743871865
|move|p2a: Glimmora|Mortal Spin|p1a: Dark Knight
|-resisted|p1a: Dark Knight
|-damage|p1a: Dark Knight|96/100
|-status|p1a: Dark Knight|psn
|-ability|p1a: Dark Knight|Weak Armor|boost
|-unboost|p1a: Dark Knight|def|1
|-boost|p1a: Dark Knight|spe|2
|move|p1a: Dark Knight|Close Combat|p2a: Glimmora
|-enditem|p2a: Glimmora|Focus Sash
|-damage|p2a: Glimmora|1/100
|-unboost|p1a: Dark Knight|def|1
|-unboost|p1a: Dark Knight|spd|1
|-activate|p2a: Glimmora|ability: Toxic Debris
|-sidestart|p1: ceruledge999|move: Toxic Spikes
|
|-damage|p1a: Dark Knight|84/100 psn|[from] psn
|upkeep
|turn|5
|
|t:|1743871881
|move|p1a: Dark Knight|Shadow Sneak|p2a: Glimmora
|-damage|p2a: Glimmora|0 fnt
|-activate|p2a: Glimmora|ability: Toxic Debris
|-sidestart|p1: ceruledge999|move: Toxic Spikes
|faint|p2a: Glimmora
|
|-damage|p1a: Dark Knight|72/100 psn|[from] psn
|upkeep
|
|t:|1743871887
|switch|p2a: Iron Moth|Iron Moth, shiny|100/100
|turn|6
|
|t:|1743871906
|move|p1a: Dark Knight|Bitter Blade|p2a: Iron Moth
|-resisted|p2a: Iron Moth
|-damage|p2a: Iron Moth|26/100
|-heal|p1a: Dark Knight|100/100 psn|[from] drain|[of] p2a: Iron Moth
|move|p2a: Iron Moth|Sludge Wave|p1a: Dark Knight
|-resisted|p1a: Dark Knight
|-damage|p1a: Dark Knight|59/100 psn
|
|-damage|p1a: Dark Knight|47/100 psn|[from] psn
|upkeep
|turn|7
|
|t:|1743871915
|move|p1a: Dark Knight|Bitter Blade|p2a: Iron Moth
|-resisted|p2a: Iron Moth
|-damage|p2a: Iron Moth|0 fnt
|-heal|p1a: Dark Knight|60/100 psn|[from] drain|[of] p2a: Iron Moth
|faint|p2a: Iron Moth
|-end|p2a: Iron Moth|Quark Drive|[silent]
|
|-damage|p1a: Dark Knight|48/100 psn|[from] psn
|upkeep
|
|t:|1743871928
|switch|p2a: Cloyster|Cloyster, M, shiny|100/100
|turn|8
|
|t:|1743871941
|move|p1a: Dark Knight|Bitter Blade|p2a: Cloyster
|-damage|p2a: Cloyster|10/100
|-heal|p1a: Dark Knight|86/100 psn|[from] drain|[of] p2a: Cloyster
|move|p2a: Cloyster|Drill Run|p1a: Dark Knight|[miss]
|-miss|p2a: Cloyster|p1a: Dark Knight
|
|-damage|p1a: Dark Knight|73/100 psn|[from] psn
|upkeep
|turn|9
|
|t:|1743871951
|move|p1a: Dark Knight|Bitter Blade|p2a: Cloyster
|-damage|p2a: Cloyster|0 fnt
|-heal|p1a: Dark Knight|77/100 psn|[from] drain|[of] p2a: Cloyster
|faint|p2a: Cloyster
|
|-damage|p1a: Dark Knight|65/100 psn|[from] psn
|upkeep
|
|t:|1743871958
|switch|p2a: Hatterene|Hatterene, F|100/100
|turn|10
|
|t:|1743871973
|-terastallize|p2a: Hatterene|Water
|move|p1a: Dark Knight|Bitter Blade|p2a: Hatterene
|-resisted|p2a: Hatterene
|-damage|p2a: Hatterene|61/100
|-heal|p1a: Dark Knight|87/100 psn|[from] drain|[of] p2a: Hatterene
|move|p2a: Hatterene|Draining Kiss|p1a: Dark Knight
|-resisted|p1a: Dark Knight
|-damage|p1a: Dark Knight|68/100 psn
|-heal|p2a: Hatterene|73/100|[from] drain|[of] p1a: Dark Knight
|
|-heal|p2a: Hatterene|79/100|[from] item: Leftovers
|-damage|p1a: Dark Knight|56/100 psn|[from] psn
|upkeep
|turn|11
|
|t:|1743871986
|move|p1a: Dark Knight|Close Combat|p2a: Hatterene
|-damage|p2a: Hatterene|8/100
|-unboost|p1a: Dark Knight|def|1
|-unboost|p1a: Dark Knight|spd|1
|move|p2a: Hatterene|Draining Kiss|p1a: Dark Knight
|-resisted|p1a: Dark Knight
|-damage|p1a: Dark Knight|28/100 psn
|-heal|p2a: Hatterene|28/100|[from] drain|[of] p1a: Dark Knight
|
|-heal|p2a: Hatterene|34/100|[from] item: Leftovers
|-damage|p1a: Dark Knight|16/100 psn|[from] psn
|upkeep
|turn|12
|
|t:|1743871997
|move|p1a: Dark Knight|Close Combat|p2a: Hatterene
|-damage|p2a: Hatterene|0 fnt
|-unboost|p1a: Dark Knight|def|1
|-unboost|p1a: Dark Knight|spd|1
|faint|p2a: Hatterene
|
|-damage|p1a: Dark Knight|3/100 psn|[from] psn
|upkeep
|
|t:|1743872005
|switch|p2a: Latias|Latias, F|100/100
|turn|13
|
|t:|1743872010
|move|p1a: Dark Knight|Shadow Sneak|p2a: Latias
|-supereffective|p2a: Latias
|-damage|p2a: Latias|16/100
|-enditem|p2a: Latias|Weakness Policy
|-boost|p2a: Latias|atk|2|[from] item: Weakness Policy
|-boost|p2a: Latias|spa|2|[from] item: Weakness Policy
|move|p2a: Latias|Agility|p2a: Latias
|-boost|p2a: Latias|spe|2
|
|-damage|p1a: Dark Knight|0 fnt|[from] psn
|faint|p1a: Dark Knight
|upkeep
|
|t:|1743872020
|switch|p1a: Mole Trace|Moltres-Galar|100/100
|turn|14
|
|t:|1743872024
|move|p2a: Latias|Aura Sphere|p1a: Mole Trace
|-damage|p1a: Mole Trace|60/100
|move|p1a: Mole Trace|Fiery Wrath|p2a: Latias
|-supereffective|p2a: Latias
|-damage|p2a: Latias|0 fnt
|faint|p2a: Latias
|
|upkeep
|
|t:|1743872030
|switch|p2a: Garchomp|Garchomp, F, shiny|100/100
|turn|15
|
|t:|1743872034
|move|p2a: Garchomp|Swords Dance|p2a: Garchomp
|-boost|p2a: Garchomp|atk|2
|move|p1a: Mole Trace|Fiery Wrath|p2a: Garchomp
|-crit|p2a: Garchomp
|-damage|p2a: Garchomp|32/100
|
|upkeep
|turn|16
|
|t:|1743872043
|move|p2a: Garchomp|Scale Shot|p1a: Mole Trace
|-damage|p1a: Mole Trace|26/100
|-enditem|p1a: Mole Trace|Sitrus Berry|[eat]
|-heal|p1a: Mole Trace|51/100|[from] item: Sitrus Berry
|-damage|p1a: Mole Trace|18/100
|-damage|p1a: Mole Trace|0 fnt
|faint|p1a: Mole Trace
|-hitcount|p1: Mole Trace|3
|-unboost|p2a: Garchomp|def|1
|-boost|p2a: Garchomp|spe|1
|
|upkeep
|
|t:|1743872047
|switch|p1a: Ninetales|Ninetales-Alola, F, shiny|100/100
|-status|p1a: Ninetales|tox
|-weather|Snowscape|[from] ability: Snow Warning|[of] p1a: Ninetales
|turn|17
|
|t:|1743872057
|move|p2a: Garchomp|Fire Fang|p1a: Ninetales
|-supereffective|p1a: Ninetales
|-damage|p1a: Ninetales|0 fnt
|faint|p1a: Ninetales
|
|-weather|Snowscape|[upkeep]
|upkeep
|
|t:|1743872065
|switch|p1a: Cloyster|Cloyster, M|100/100
|-status|p1a: Cloyster|tox
|turn|18
|
|t:|1743872072
|-terastallize|p1a: Cloyster|Water
|move|p2a: Garchomp|Fire Fang|p1a: Cloyster
|-resisted|p1a: Cloyster
|-damage|p1a: Cloyster|79/100 tox
|move|p1a: Cloyster|Icicle Spear|p2a: Garchomp
|-supereffective|p2a: Garchomp
|-damage|p2a: Garchomp|0 fnt
|faint|p2a: Garchomp
|-hitcount|p2: Garchomp|1
|
|win|ceruledge999
|raw|ceruledge999's rating: 1403 &rarr; <strong>1423</strong><br />(+20 for winning)
|raw|CRPCgaming.TTV's rating: 1406 &rarr; <strong>1386</strong><br />(-20 for losing)
|l|☆ceruledge999
|player|p1|
|l|☆CRPCgaming.TTV
|player|p2|
