|j|☆vylngar
|j|☆jibreel69
|t:|1743883133
|gametype|singles
|player|p1|vylngar|red|1099
|player|p2|jibreel69|clair|1120
|teamsize|p1|6
|teamsize|p2|6
|gen|9
|tier|[Gen 9] OU
|rated|
|rule|HP Percentage Mod: HP is shown in percentages
|rule|Endless Battle Clause: Forcing endless battles is banned
|rule|Species Clause: Limit one of each Pokémon
|rule|OHKO Clause: OHKO moves are banned
|rule|Evasion Items Clause: Evasion items are banned
|rule|Evasion Moves Clause: Evasion moves are banned
|rule|Sleep Moves Clause: Sleep-inducing moves are banned
|clearpoke
|poke|p1|Kingambit, M|
|poke|p1|Rillaboom, M|
|poke|p1|Skarmory, F|
|poke|p1|Clefable, F|
|poke|p1|Great Tusk|
|poke|p1|Lucario, M|
|poke|p2|Alomomola, F|
|poke|p2|Alcremie, F|
|poke|p2|Iron Boulder|
|poke|p2|Dragonite, F|
|poke|p2|Cinderace, M|
|poke|p2|Decidueye-Hisui, M|
|teampreview
|inactive|Battle timer is ON: inactive players will automatically lose when time's up. (requested by vylngar)
|
|t:|1743883141
|start
|switch|p1a: Skarmory|Skarmory, F|100/100
|switch|p2a: Cinderace|Cinderace, M, shiny|100/100
|turn|1
|
|t:|1743883161
|switch|p1a: Great Tusk|Great Tusk|100/100
|-enditem|p1a: Great Tusk|Booster Energy
|-activate|p1a: Great Tusk|ability: Protosynthesis|[fromitem]
|-start|p1a: Great Tusk|protosynthesisspe
|move|p2a: Cinderace|Pyro Ball|p1a: Great Tusk
|-damage|p1a: Great Tusk|67/100
|-status|p1a: Great Tusk|brn
|
|-damage|p1a: Great Tusk|61/100 brn|[from] brn
|upkeep
|turn|2
|
|t:|1743883181
|switch|p2a: Alomomola|Alomomola, F, shiny|100/100
|move|p1a: Great Tusk|Headlong Rush|p2a: Alomomola
|-damage|p2a: Alomomola|85/100
|-unboost|p1a: Great Tusk|def|1
|-unboost|p1a: Great Tusk|spd|1
|-damage|p1a: Great Tusk|44/100 brn|[from] item: Rocky Helmet|[of] p2a: Alomomola
|
|-damage|p1a: Great Tusk|38/100 brn|[from] brn
|upkeep
|turn|3
|inactive|vylngar has 120 seconds left.
|
|t:|1743883217
|-end|p1a: Great Tusk|Protosynthesis|[silent]
|switch|p1a: Rillaboom|Rillaboom, M|100/100
|-fieldstart|move: Grassy Terrain|[from] ability: Grassy Surge|[of] p1a: Rillaboom
|move|p2a: Alomomola|Scald|p1a: Rillaboom
|-resisted|p1a: Rillaboom
|-damage|p1a: Rillaboom|92/100
|
|-heal|p1a: Rillaboom|98/100|[from] Grassy Terrain
|-heal|p2a: Alomomola|92/100|[from] Grassy Terrain
|upkeep
|turn|4
|inactive|jibreel69 has 120 seconds left.
|
|t:|1743883270
|switch|p2a: Decidueye|Decidueye-Hisui, M, shiny|100/100
|move|p1a: Rillaboom|Wood Hammer|p2a: Decidueye
|-resisted|p2a: Decidueye
|-damage|p2a: Decidueye|54/100
|-damage|p1a: Rillaboom|81/100|[from] item: Rocky Helmet|[of] p2a: Decidueye
|-damage|p1a: Rillaboom|64/100|[from] Recoil
|
|-heal|p1a: Rillaboom|71/100|[from] Grassy Terrain
|-heal|p2a: Decidueye|60/100|[from] Grassy Terrain
|upkeep
|turn|5
|
|t:|1743883285
|switch|p1a: Skarmory|Skarmory, F|100/100
|move|p2a: Decidueye|Roost|p2a: Decidueye
|-heal|p2a: Decidueye|100/100
|-singleturn|p2a: Decidueye|move: Roost
|
|upkeep
|turn|6
|
|t:|1743883292
|switch|p2a: Alomomola|Alomomola, F, shiny|100/100
|move|p1a: Skarmory|Iron Defense|p1a: Skarmory
|-boost|p1a: Skarmory|def|2
|
|upkeep
|turn|7
|
|t:|1743883302
|move|p1a: Skarmory|Body Press|p2a: Alomomola
|-damage|p2a: Alomomola|62/100
|-damage|p1a: Skarmory|84/100|[from] item: Rocky Helmet|[of] p2a: Alomomola
|move|p2a: Alomomola|Scald|p1a: Skarmory
|-damage|p1a: Skarmory|65/100
|
|-heal|p2a: Alomomola|68/100|[from] Grassy Terrain
|-fieldend|move: Grassy Terrain
|upkeep
|turn|8
|
|t:|1743883315
|move|p1a: Skarmory|Iron Defense|p1a: Skarmory
|-boost|p1a: Skarmory|def|2
|move|p2a: Alomomola|Wish|p2a: Alomomola
|
|upkeep
|turn|9
|
|t:|1743883321
|move|p1a: Skarmory|Roost|p1a: Skarmory
|-heal|p1a: Skarmory|100/100
|-singleturn|p1a: Skarmory|move: Roost
|move|p2a: Alomomola|Scald|p1a: Skarmory
|-damage|p1a: Skarmory|82/100
|
|-heal|p2a: Alomomola|100/100|[from] move: Wish|[wisher] Alomomola
|upkeep
|turn|10
|inactive|jibreel69 has 120 seconds left.
|
|t:|1743883332
|-terastallize|p2a: Alomomola|Ghost
|move|p1a: Skarmory|Spikes|p2a: Alomomola
|-sidestart|p2: jibreel69|Spikes
|move|p2a: Alomomola|Scald|p1a: Skarmory
|-damage|p1a: Skarmory|62/100
|
|upkeep
|turn|11
|inactive|jibreel69 has 120 seconds left.
|
|t:|1743883340
|move|p1a: Skarmory|Spikes|p2a: Alomomola
|-sidestart|p2: jibreel69|Spikes
|move|p2a: Alomomola|Scald|p1a: Skarmory
|-damage|p1a: Skarmory|44/100
|
|upkeep
|turn|12
|
|t:|1743883345
|move|p1a: Skarmory|Spikes|p2a: Alomomola
|-sidestart|p2: jibreel69|Spikes
|move|p2a: Alomomola|Scald|p1a: Skarmory
|-damage|p1a: Skarmory|24/100
|
|upkeep
|turn|13
|
|t:|1743883351
|move|p1a: Skarmory|Roost|p1a: Skarmory
|-heal|p1a: Skarmory|74/100
|-singleturn|p1a: Skarmory|move: Roost
|move|p2a: Alomomola|Scald|p1a: Skarmory
|-damage|p1a: Skarmory|54/100
|
|upkeep
|turn|14
|
|t:|1743883359
|move|p1a: Skarmory|Roost|p1a: Skarmory
|-heal|p1a: Skarmory|100/100
|-singleturn|p1a: Skarmory|move: Roost
|move|p2a: Alomomola|Scald|p1a: Skarmory
|-damage|p1a: Skarmory|83/100
|
|upkeep
|turn|15
|c|☆jibreel69|covert cloak ?
|
|t:|1743883387
|switch|p1a: Kingambit|Kingambit, M, shiny|100/100
|move|p2a: Alomomola|Flip Turn|p1a: Kingambit
|-damage|p1a: Kingambit|85/100
|
|t:|1743883394
|switch|p2a: Cinderace|Cinderace, M, shiny|100/100|[from] Flip Turn
|
|upkeep
|turn|16
|
|t:|1743883405
|-end|p1a: Kingambit|fallenundefined|[silent]
|switch|p1a: Great Tusk|Great Tusk|38/100 brn
|move|p2a: Cinderace|Court Change|p2a: Cinderace
|-swapsideconditions
|-activate|p2a: Cinderace|move: Court Change
|
|-damage|p1a: Great Tusk|32/100 brn|[from] brn
|upkeep
|turn|17
|
|t:|1743883413
|move|p2a: Cinderace|Pyro Ball|p1a: Great Tusk
|-damage|p1a: Great Tusk|0 fnt
|faint|p1a: Great Tusk
|-end|p1a: Great Tusk|Protosynthesis|[silent]
|
|upkeep
|
|t:|1743883423
|switch|p1a: Rillaboom|Rillaboom, M|71/100
|-damage|p1a: Rillaboom|46/100|[from] Spikes
|-fieldstart|move: Grassy Terrain|[from] ability: Grassy Surge|[of] p1a: Rillaboom
|turn|18
|
|t:|1743883431
|move|p2a: Cinderace|Pyro Ball|p1a: Rillaboom
|-supereffective|p1a: Rillaboom
|-damage|p1a: Rillaboom|0 fnt
|faint|p1a: Rillaboom
|
|upkeep
|
|t:|1743883434
|switch|p1a: Lucario|Lucario, M, shiny|100/100
|-damage|p1a: Lucario|76/100|[from] Spikes
|turn|19
|
|t:|1743883463
|move|p2a: Cinderace|Pyro Ball|p1a: Lucario|[miss]
|-miss|p2a: Cinderace|p1a: Lucario
|move|p1a: Lucario|Nasty Plot|p1a: Lucario
|-boost|p1a: Lucario|spa|2
|
|-heal|p1a: Lucario|82/100|[from] Grassy Terrain
|upkeep
|turn|20
|
|t:|1743883468
|move|p2a: Cinderace|Pyro Ball|p1a: Lucario
|-supereffective|p1a: Lucario
|-damage|p1a: Lucario|0 fnt
|faint|p1a: Lucario
|
|upkeep
|
|t:|1743883479
|switch|p1a: Clefable|Clefable, F|100/100
|turn|21
|
|t:|1743883493
|move|p2a: Cinderace|Pyro Ball|p1a: Clefable
|-damage|p1a: Clefable|54/100
|move|p1a: Clefable|Thunder Wave|p2a: Cinderace
|-status|p2a: Cinderace|par
|
|-heal|p1a: Clefable|60/100|[from] Grassy Terrain
|-heal|p1a: Clefable|66/100|[from] item: Leftovers
|upkeep
|turn|22
|
|t:|1743883498
|move|p2a: Cinderace|U-turn|p1a: Clefable
|-resisted|p1a: Clefable
|-damage|p1a: Clefable|58/100
|
|t:|1743883508
|switch|p2a: Alomomola|Alomomola, F, shiny, tera:Ghost|100/100|[from] U-turn
|move|p1a: Clefable|Moonblast|p2a: Alomomola
|-damage|p2a: Alomomola|74/100
|
|-heal|p1a: Clefable|64/100|[from] Grassy Terrain
|-heal|p1a: Clefable|70/100|[from] item: Leftovers
|-heal|p2a: Alomomola|81/100|[from] Grassy Terrain
|-fieldend|move: Grassy Terrain
|upkeep
|turn|23
|
|t:|1743883521
|move|p1a: Clefable|Moonblast|p2a: Alomomola
|-damage|p2a: Alomomola|51/100
|move|p2a: Alomomola|Scald|p1a: Clefable
|-damage|p1a: Clefable|57/100
|
|-heal|p1a: Clefable|63/100|[from] item: Leftovers
|upkeep
|turn|24
|
|t:|1743883529
|move|p1a: Clefable|Moonblast|p2a: Alomomola
|-damage|p2a: Alomomola|21/100
|move|p2a: Alomomola|Wish|p2a: Alomomola
|
|-heal|p1a: Clefable|69/100|[from] item: Leftovers
|upkeep
|turn|25
|
|t:|1743883543
|switch|p2a: Alcremie|Alcremie, F, shiny|100/100
|move|p1a: Clefable|Moonblast|p2a: Alcremie
|-damage|p2a: Alcremie|73/100
|
|-heal|p2a: Alcremie|100/100|[from] move: Wish|[wisher] Alomomola
|-heal|p1a: Clefable|75/100|[from] item: Leftovers
|upkeep
|turn|26
|
|t:|1743883551
|move|p2a: Alcremie|Calm Mind|p2a: Alcremie
|-boost|p2a: Alcremie|spa|1
|-boost|p2a: Alcremie|spd|1
|move|p1a: Clefable|Thunder Wave|p2a: Alcremie|[miss]
|-miss|p1a: Clefable|p2a: Alcremie
|
|-heal|p1a: Clefable|81/100|[from] item: Leftovers
|upkeep
|turn|27
|
|t:|1743883561
|move|p2a: Alcremie|Acid Armor|p2a: Alcremie
|-boost|p2a: Alcremie|def|2
|move|p1a: Clefable|Thunder Wave|p2a: Alcremie
|-status|p2a: Alcremie|par
|
|-heal|p1a: Clefable|88/100|[from] item: Leftovers
|upkeep
|turn|28
|
|t:|1743883569
|move|p1a: Clefable|Moonblast|p2a: Alcremie
|-damage|p2a: Alcremie|81/100 par
|-unboost|p2a: Alcremie|spa|1
|move|p2a: Alcremie|Acid Armor|p2a: Alcremie
|-boost|p2a: Alcremie|def|2
|
|-heal|p1a: Clefable|94/100|[from] item: Leftovers
|-heal|p2a: Alcremie|87/100 par|[from] item: Leftovers
|upkeep
|turn|29
|
|t:|1743883579
|move|p1a: Clefable|Moonblast|p2a: Alcremie
|-damage|p2a: Alcremie|71/100 par
|-unboost|p2a: Alcremie|spa|1
|move|p2a: Alcremie|Calm Mind|p2a: Alcremie
|-boost|p2a: Alcremie|spa|1
|-boost|p2a: Alcremie|spd|1
|
|-heal|p1a: Clefable|99/100|[from] item: Leftovers
|-heal|p2a: Alcremie|77/100 par|[from] item: Leftovers
|upkeep
|turn|30
|
|t:|1743883589
|move|p1a: Clefable|Moonblast|p2a: Alcremie
|-damage|p2a: Alcremie|62/100 par
|move|p2a: Alcremie|Calm Mind|p2a: Alcremie
|-boost|p2a: Alcremie|spa|1
|-boost|p2a: Alcremie|spd|1
|
|-heal|p1a: Clefable|100/100|[from] item: Leftovers
|-heal|p2a: Alcremie|68/100 par|[from] item: Leftovers
|upkeep
|turn|31
|
|t:|1743883596
|move|p1a: Clefable|Stealth Rock|p2a: Alcremie
|-sidestart|p2: jibreel69|move: Stealth Rock
|move|p2a: Alcremie|Draining Kiss|p1a: Clefable
|-damage|p1a: Clefable|75/100
|-heal|p2a: Alcremie|90/100 par|[from] drain|[of] p1a: Clefable
|
|-heal|p1a: Clefable|81/100|[from] item: Leftovers
|-heal|p2a: Alcremie|96/100 par|[from] item: Leftovers
|upkeep
|turn|32
|
|t:|1743883606
|switch|p1a: Skarmory|Skarmory, F|83/100
|move|p2a: Alcremie|Stored Power|p1a: Skarmory
|-resisted|p1a: Skarmory
|-damage|p1a: Skarmory|34/100
|
|-heal|p2a: Alcremie|100/100 par|[from] item: Leftovers
|upkeep
|turn|33
|
|t:|1743883615
|move|p1a: Skarmory|Body Press|p2a: Alcremie
|-resisted|p2a: Alcremie
|-damage|p2a: Alcremie|96/100 par
|move|p2a: Alcremie|Stored Power|p1a: Skarmory
|-resisted|p1a: Skarmory
|-damage|p1a: Skarmory|0 fnt
|faint|p1a: Skarmory
|
|-heal|p2a: Alcremie|100/100 par|[from] item: Leftovers
|upkeep
|
|t:|1743883621
|switch|p1a: Kingambit|Kingambit, M, shiny|85/100
|-damage|p1a: Kingambit|60/100|[from] Spikes
|-activate|p1a: Kingambit|ability: Supreme Overlord
|-start|p1a: Kingambit|fallen4|[silent]
|turn|34
|
|t:|1743883637
|-terastallize|p1a: Kingambit|Ghost
|move|p1a: Kingambit|Swords Dance|p1a: Kingambit
|-boost|p1a: Kingambit|atk|2
|cant|p2a: Alcremie|par
|
|upkeep
|turn|35
|
|t:|1743883652
|move|p1a: Kingambit|Iron Head|p2a: Alcremie
|-supereffective|p2a: Alcremie
|-damage|p2a: Alcremie|14/100 par
|move|p2a: Alcremie|Stored Power|p1a: Kingambit
|-damage|p1a: Kingambit|0 fnt
|faint|p1a: Kingambit
|-end|p1a: Kingambit|fallen4|[silent]
|
|-heal|p2a: Alcremie|20/100 par|[from] item: Leftovers
|upkeep
|
|t:|1743883658
|switch|p1a: Clefable|Clefable, F|81/100
|turn|36
|
|t:|1743883663
|move|p1a: Clefable|Moonblast|p2a: Alcremie
|-damage|p2a: Alcremie|9/100 par
|-unboost|p2a: Alcremie|spa|1
|move|p2a: Alcremie|Draining Kiss|p1a: Clefable
|-damage|p1a: Clefable|64/100
|-heal|p2a: Alcremie|24/100 par|[from] drain|[of] p1a: Clefable
|
|-heal|p1a: Clefable|71/100|[from] item: Leftovers
|-heal|p2a: Alcremie|30/100 par|[from] item: Leftovers
|upkeep
|turn|37
|-message|vylngar forfeited.
|
|win|jibreel69
|raw|vylngar's rating: 1099 &rarr; <strong>1076</strong><br />(-23 for losing)
|raw|jibreel69's rating: 1120 &rarr; <strong>1143</strong><br />(+23 for winning)
|l|☆vylngar
|player|p1|
