|j|☆BeastBoostedBoy
|j|☆Excadrillings
|t:|1743878055
|gametype|singles
|player|p1|BeastBoostedBoy|mars|1620
|player|p2|Excadrillings|burglar|1522
|teamsize|p1|6
|teamsize|p2|6
|gen|9
|tier|[Gen 9] OU
|rated|
|rule|HP Percentage Mod: HP is shown in percentages
|rule|Endless Battle Clause: Forcing endless battles is banned
|rule|Species Clause: Limit one of each Pokémon
|rule|OHKO Clause: OHKO moves are banned
|rule|Evasion Items Clause: Evasion items are banned
|rule|Evasion Moves Clause: Evasion moves are banned
|rule|Sleep Moves Clause: Sleep-inducing moves are banned
|clearpoke
|poke|p1|Ogerpon-Wellspring, F|
|poke|p1|Enamorus, F|
|poke|p1|Great Tusk|
|poke|p1|Ting-Lu|
|poke|p1|Dragapult, M|
|poke|p1|Slowking-Galar, F|
|poke|p2|Slither Wing|
|poke|p2|Landorus-Therian, M|
|poke|p2|Weezing-Galar, M|
|poke|p2|Heatran, F|
|poke|p2|Ogerpon-Wellspring, F|
|poke|p2|Dragonite, M|
|teampreview
|
|t:|1743878096
|start
|switch|p1a: Naxos|Dragapult, M, shiny|100/100
|switch|p2a: Speech Impediment|Slither Wing|100/100
|turn|1
|
|t:|1743878109
|move|p1a: Naxos|Will-O-Wisp|p2a: Speech Impediment
|-status|p2a: Speech Impediment|brn
|move|p2a: Speech Impediment|U-turn|p1a: Naxos
|-resisted|p1a: Naxos
|-damage|p1a: Naxos|89/100
|
|t:|1743878115
|-end|p2a: Speech Impediment|Protosynthesis|[silent]
|switch|p2a: Arms Race|Heatran, F|100/100|[from] U-turn
|
|upkeep
|turn|2
|
|t:|1743878121
|move|p1a: Naxos|U-turn|p2a: Arms Race
|-resisted|p2a: Arms Race
|-damage|p2a: Arms Race|97/100
|
|t:|1743878125
|switch|p1a: Venom Incarnat|Slowking-Galar, F|100/100|[from] U-turn
|move|p2a: Arms Race|Will-O-Wisp|p1a: Venom Incarnat
|-status|p1a: Venom Incarnat|brn
|
|-heal|p2a: Arms Race|100/100|[from] item: Leftovers
|-damage|p1a: Venom Incarnat|94/100 brn|[from] brn
|upkeep
|turn|3
|
|t:|1743878144
|move|p2a: Arms Race|Magma Storm|p1a: Venom Incarnat|[miss]
|-miss|p2a: Arms Race|p1a: Venom Incarnat
|-prepare|p1a: Venom Incarnat|Chilly Reception|[premajor]
|move|p1a: Venom Incarnat|Chilly Reception|p1a: Venom Incarnat
|-weather|Snowscape
|
|t:|1743878155
|switch|p1a: Blue Talisman|Ogerpon-Wellspring, F|100/100|[from] Chilly Reception
|
|-weather|Snowscape|[upkeep]
|upkeep
|turn|4
|
|t:|1743878175
|switch|p2a: Speech Impediment|Slither Wing|100/100 brn
|move|p1a: Blue Talisman|U-turn|p2a: Speech Impediment
|-resisted|p2a: Speech Impediment
|-crit|p2a: Speech Impediment
|-damage|p2a: Speech Impediment|84/100 brn
|
|t:|1743878187
|switch|p1a: Naxos|Dragapult, M, shiny|89/100|[from] U-turn
|
|-weather|Snowscape|[upkeep]
|-damage|p2a: Speech Impediment|78/100 brn|[from] brn
|upkeep
|turn|5
|
|t:|1743878194
|move|p1a: Naxos|Hex|p2a: Speech Impediment
|-damage|p2a: Speech Impediment|33/100 brn
|move|p2a: Speech Impediment|Will-O-Wisp|p1a: Naxos
|-status|p1a: Naxos|brn
|
|-weather|Snowscape|[upkeep]
|-damage|p1a: Naxos|83/100 brn|[from] brn
|-damage|p2a: Speech Impediment|26/100 brn|[from] brn
|upkeep
|turn|6
|
|t:|1743878202
|-end|p2a: Speech Impediment|Protosynthesis|[silent]
|switch|p2a: Arms Race|Heatran, F|100/100
|move|p1a: Naxos|Hex|p2a: Arms Race
|-damage|p2a: Arms Race|82/100
|
|-weather|Snowscape|[upkeep]
|-heal|p2a: Arms Race|89/100|[from] item: Leftovers
|-damage|p1a: Naxos|77/100 brn|[from] brn
|upkeep
|turn|7
|
|t:|1743878246
|switch|p1a: Venom Incarnat|Slowking-Galar, F|100/100 brn
|move|p2a: Arms Race|Magma Storm|p1a: Venom Incarnat|[miss]
|-miss|p2a: Arms Race|p1a: Venom Incarnat
|
|-weather|none
|-heal|p2a: Arms Race|95/100|[from] item: Leftovers
|-damage|p1a: Venom Incarnat|94/100 brn|[from] brn
|upkeep
|turn|8
|
|t:|1743878255
|move|p2a: Arms Race|Earth Power|p1a: Venom Incarnat
|-supereffective|p1a: Venom Incarnat
|-damage|p1a: Venom Incarnat|65/100 brn
|-prepare|p1a: Venom Incarnat|Chilly Reception|[premajor]
|move|p1a: Venom Incarnat|Chilly Reception|p1a: Venom Incarnat
|-weather|Snowscape
|
|t:|1743878276
|switch|p1a: Blue Talisman|Ogerpon-Wellspring, F|100/100|[from] Chilly Reception
|
|-weather|Snowscape|[upkeep]
|-heal|p2a: Arms Race|100/100|[from] item: Leftovers
|upkeep
|turn|9
|
|t:|1743878287
|move|p1a: Blue Talisman|Ivy Cudgel|p2a: Arms Race|[anim] Ivy Cudgel Water
|-supereffective|p2a: Arms Race
|-damage|p2a: Arms Race|0 fnt
|faint|p2a: Arms Race
|
|-weather|Snowscape|[upkeep]
|upkeep
|
|t:|1743878291
|switch|p2a: George|Dragonite, M, shiny|100/100
|turn|10
|
|t:|1743878299
|switch|p2a: LandoGyalRizzian|Landorus-Therian, M|100/100
|-ability|p2a: LandoGyalRizzian|Intimidate|boost
|-unboost|p1a: Blue Talisman|atk|1
|move|p1a: Blue Talisman|U-turn|p2a: LandoGyalRizzian
|-resisted|p2a: LandoGyalRizzian
|-damage|p2a: LandoGyalRizzian|92/100
|-damage|p1a: Blue Talisman|84/100|[from] item: Rocky Helmet|[of] p2a: LandoGyalRizzian
|
|t:|1743878313
|switch|p1a: Terroni|Great Tusk|100/100|[from] U-turn
|
|-weather|Snowscape|[upkeep]
|upkeep
|turn|11
|
|t:|1743878319
|switch|p2a: Speech Impediment|Slither Wing|26/100 brn
|move|p1a: Terroni|Ice Spinner|p2a: Speech Impediment
|-damage|p2a: Speech Impediment|8/100 brn
|
|-weather|Snowscape|[upkeep]
|-damage|p2a: Speech Impediment|2/100 brn|[from] brn
|upkeep
|turn|12
|
|t:|1743878323
|move|p1a: Terroni|Rapid Spin|p2a: Speech Impediment
|-damage|p2a: Speech Impediment|0 fnt
|-boost|p1a: Terroni|spe|1
|faint|p2a: Speech Impediment
|-end|p2a: Speech Impediment|Protosynthesis|[silent]
|
|-weather|none
|upkeep
|
|t:|1743878325
|switch|p2a: Layer Cake|Ogerpon-Wellspring, F|100/100
|turn|13
|
|t:|1743878335
|-end|p1a: Terroni|Protosynthesis|[silent]
|switch|p1a: Naxos|Dragapult, M, shiny|77/100 brn
|move|p2a: Layer Cake|Ivy Cudgel|p1a: Naxos|[anim] Ivy Cudgel Water
|-resisted|p1a: Naxos
|-crit|p1a: Naxos
|-damage|p1a: Naxos|15/100 brn
|
|-damage|p1a: Naxos|9/100 brn|[from] brn
|upkeep
|turn|14
|
|t:|1743878340
|switch|p2a: LandoGyalRizzian|Landorus-Therian, M|92/100
|-ability|p2a: LandoGyalRizzian|Intimidate|boost
|-unboost|p1a: Naxos|atk|1
|move|p1a: Naxos|Will-O-Wisp|p2a: LandoGyalRizzian
|-status|p2a: LandoGyalRizzian|brn
|
|-damage|p1a: Naxos|3/100 brn|[from] brn
|-damage|p2a: LandoGyalRizzian|86/100 brn|[from] brn
|upkeep
|turn|15
|
|t:|1743878347
|move|p1a: Naxos|Hex|p2a: LandoGyalRizzian
|-damage|p2a: LandoGyalRizzian|32/100 brn
|move|p2a: LandoGyalRizzian|Stealth Rock|p1a: Naxos
|-sidestart|p1: BeastBoostedBoy|move: Stealth Rock
|
|-damage|p1a: Naxos|0 fnt|[from] brn
|faint|p1a: Naxos
|-damage|p2a: LandoGyalRizzian|26/100 brn|[from] brn
|upkeep
|
|t:|1743878358
|switch|p1a: Terroni|Great Tusk|100/100
|-damage|p1a: Terroni|98/100|[from] Stealth Rock
|turn|16
|
|t:|1743878366
|move|p2a: LandoGyalRizzian|U-turn|p1a: Terroni
|-resisted|p1a: Terroni
|-damage|p1a: Terroni|94/100
|-damage|p2a: LandoGyalRizzian|9/100 brn|[from] item: Rocky Helmet|[of] p1a: Terroni
|
|t:|1743878367
|switch|p2a: Dickens|Weezing-Galar, M|100/100|[from] U-turn
|-ability|p2a: Dickens|Neutralizing Gas
|move|p1a: Terroni|Rapid Spin|p2a: Dickens
|-damage|p2a: Dickens|92/100
|-boost|p1a: Terroni|spe|1
|-sideend|p1: BeastBoostedBoy|Stealth Rock|[from] move: Rapid Spin|[of] p1a: Terroni
|
|upkeep
|turn|17
|
|t:|1743878373
|-end|p2a: Dickens|ability: Neutralizing Gas
|switch|p2a: LandoGyalRizzian|Landorus-Therian, M|9/100 brn
|-ability|p2a: LandoGyalRizzian|Intimidate|boost
|-unboost|p1a: Terroni|atk|1
|move|p1a: Terroni|Headlong Rush|p2a: LandoGyalRizzian
|-immune|p2a: LandoGyalRizzian
|
|-damage|p2a: LandoGyalRizzian|3/100 brn|[from] brn
|upkeep
|turn|18
|
|t:|1743878400
|move|p1a: Terroni|Knock Off|p2a: LandoGyalRizzian
|-damage|p2a: LandoGyalRizzian|0 fnt
|-damage|p1a: Terroni|78/100|[from] item: Rocky Helmet|[of] p2a: LandoGyalRizzian
|-enditem|p2a: LandoGyalRizzian|Rocky Helmet|[from] move: Knock Off|[of] p1a: Terroni
|faint|p2a: LandoGyalRizzian
|
|upkeep
|
|t:|1743878402
|switch|p2a: Layer Cake|Ogerpon-Wellspring, F|100/100
|turn|19
|
|t:|1743878411
|-end|p1a: Terroni|Protosynthesis|[silent]
|switch|p1a: Venom Incarnat|Slowking-Galar, F|99/100 brn
|move|p2a: Layer Cake|Power Whip|p1a: Venom Incarnat
|-resisted|p1a: Venom Incarnat
|-damage|p1a: Venom Incarnat|63/100 brn
|
|-damage|p1a: Venom Incarnat|57/100 brn|[from] brn
|upkeep
|turn|20
|
|t:|1743878427
|move|p2a: Layer Cake|Knock Off|p1a: Venom Incarnat
|-supereffective|p1a: Venom Incarnat
|-damage|p1a: Venom Incarnat|0 fnt
|-enditem|p1a: Venom Incarnat|Heavy-Duty Boots|[from] move: Knock Off|[of] p2a: Layer Cake
|faint|p1a: Venom Incarnat
|
|upkeep
|
|t:|1743878465
|switch|p1a: Bergamask|Ting-Lu|100/100
|-ability|p1a: Bergamask|Vessel of Ruin
|turn|21
|
|t:|1743878480
|-terastallize|p1a: Bergamask|Poison
|move|p2a: Layer Cake|Ivy Cudgel|p1a: Bergamask|[anim] Ivy Cudgel Water
|-damage|p1a: Bergamask|67/100
|move|p1a: Bergamask|Ruination|p2a: Layer Cake
|-damage|p2a: Layer Cake|51/100
|
|-heal|p1a: Bergamask|73/100|[from] item: Leftovers
|upkeep
|turn|22
|
|t:|1743878487
|switch|p2a: Dickens|Weezing-Galar, M|92/100
|-ability|p2a: Dickens|Neutralizing Gas
|move|p1a: Bergamask|Stealth Rock|p2a: Dickens
|-sidestart|p2: Excadrillings|move: Stealth Rock
|
|-heal|p1a: Bergamask|79/100|[from] item: Leftovers
|upkeep
|turn|23
|
|t:|1743878498
|move|p2a: Dickens|Defog|p1a: Bergamask
|-unboost|p1a: Bergamask|evasion|1
|-sideend|p2: Excadrillings|Stealth Rock|[from] move: Defog|[of] p2a: Dickens
|move|p1a: Bergamask|Whirlwind|p2a: Dickens
|-end|p2a: Dickens|ability: Neutralizing Gas
|-ability|p1a: Bergamask|Vessel of Ruin
|drag|p2a: George|Dragonite, M, shiny|100/100
|
|-heal|p1a: Bergamask|85/100|[from] item: Leftovers
|upkeep
|turn|24
|
|t:|1743878509
|switch|p2a: Dickens|Weezing-Galar, M|92/100
|-ability|p2a: Dickens|Neutralizing Gas
|move|p1a: Bergamask|Ruination|p2a: Dickens
|-damage|p2a: Dickens|46/100
|
|-heal|p1a: Bergamask|92/100|[from] item: Leftovers
|upkeep
|turn|25
|
|t:|1743878515
|move|p2a: Dickens|Strange Steam|p1a: Bergamask
|-resisted|p1a: Bergamask
|-damage|p1a: Bergamask|84/100
|move|p1a: Bergamask|Stealth Rock|p2a: Dickens
|-sidestart|p2: Excadrillings|move: Stealth Rock
|
|-heal|p1a: Bergamask|90/100|[from] item: Leftovers
|upkeep
|turn|26
|
|t:|1743878533
|move|p2a: Dickens|Defog|p1a: Bergamask
|-unboost|p1a: Bergamask|evasion|1
|-sideend|p2: Excadrillings|Stealth Rock|[from] move: Defog|[of] p2a: Dickens
|move|p1a: Bergamask|Earthquake|p2a: Dickens
|-supereffective|p2a: Dickens
|-damage|p2a: Dickens|0 fnt
|faint|p2a: Dickens
|-end|p2a: Dickens|ability: Neutralizing Gas
|-ability|p1a: Bergamask|Vessel of Ruin
|
|-heal|p1a: Bergamask|97/100|[from] item: Leftovers
|upkeep
|
|t:|1743878535
|switch|p2a: Layer Cake|Ogerpon-Wellspring, F|51/100
|turn|27
|
|t:|1743878539
|move|p2a: Layer Cake|Ivy Cudgel|p1a: Bergamask|[anim] Ivy Cudgel Water
|-damage|p1a: Bergamask|65/100
|move|p1a: Bergamask|Ruination|p2a: Layer Cake
|-damage|p2a: Layer Cake|26/100
|
|-heal|p1a: Bergamask|71/100|[from] item: Leftovers
|upkeep
|turn|28
|
|t:|1743878548
|move|p2a: Layer Cake|Power Whip|p1a: Bergamask
|-resisted|p1a: Bergamask
|-damage|p1a: Bergamask|51/100
|move|p1a: Bergamask|Whirlwind|p2a: Layer Cake
|drag|p2a: George|Dragonite, M, shiny|100/100
|
|-heal|p1a: Bergamask|57/100|[from] item: Leftovers
|upkeep
|turn|29
|
|t:|1743878558
|switch|p2a: Layer Cake|Ogerpon-Wellspring, F|26/100
|switch|p1a: Terroni|Great Tusk|78/100
|
|upkeep
|turn|30
|
|t:|1743878572
|-end|p1a: Terroni|Protosynthesis|[silent]
|switch|p1a: Karagöz|Enamorus, F|100/100
|move|p2a: Layer Cake|Power Whip|p1a: Karagöz
|-resisted|p1a: Karagöz
|-damage|p1a: Karagöz|45/100
|
|upkeep
|turn|31
|
|t:|1743878577
|move|p1a: Karagöz|Moonblast|p2a: Layer Cake
|-damage|p2a: Layer Cake|0 fnt
|faint|p2a: Layer Cake
|
|upkeep
|
|t:|1743878579
|switch|p2a: George|Dragonite, M, shiny|100/100
|turn|32
|
|t:|1743878584
|move|p2a: George|Extreme Speed|p1a: Karagöz
|-damage|p1a: Karagöz|1/100
|move|p1a: Karagöz|Moonblast|p2a: George
|-supereffective|p2a: George
|-damage|p2a: George|55/100
|
|upkeep
|turn|33
|
|t:|1743878590
|move|p2a: George|Extreme Speed|p1a: Karagöz
|-damage|p1a: Karagöz|0 fnt
|faint|p1a: Karagöz
|
|upkeep
|
|t:|1743878597
|switch|p1a: Terroni|Great Tusk|78/100
|turn|34
|
|t:|1743878605
|-terastallize|p2a: George|Normal
|move|p1a: Terroni|Ice Spinner|p2a: George
|-damage|p2a: George|34/100
|move|p2a: George|Dragon Dance|p2a: George
|-boost|p2a: George|atk|1
|-boost|p2a: George|spe|1
|
|upkeep
|turn|35
|l|☆Excadrillings
|player|p2|
|
|t:|1743878612
|move|p2a: George|Roost|p2a: George
|-heal|p2a: George|84/100
|move|p1a: Terroni|Headlong Rush|p2a: George
|-damage|p2a: George|38/100
|-unboost|p1a: Terroni|def|1
|-unboost|p1a: Terroni|spd|1
|
|upkeep
|turn|36
|j|☆Excadrillings
|player|p2|Excadrillings|burglar|
|
|t:|1743878624
|move|p2a: George|Roost|p2a: George
|-heal|p2a: George|88/100
|move|p1a: Terroni|Headlong Rush|p2a: George
|-damage|p2a: George|45/100
|-unboost|p1a: Terroni|def|1
|-unboost|p1a: Terroni|spd|1
|
|upkeep
|turn|37
|inactive|Battle timer is ON: inactive players will automatically lose when time's up. (requested by BeastBoostedBoy)
|
|t:|1743878630
|move|p2a: George|Roost|p2a: George
|-heal|p2a: George|95/100
|move|p1a: Terroni|Knock Off|p2a: George
|-damage|p2a: George|72/100
|-enditem|p2a: George|Heavy-Duty Boots|[from] move: Knock Off|[of] p1a: Terroni
|
|upkeep
|turn|38
|
|t:|1743878638
|move|p2a: George|Roost|p2a: George
|-heal|p2a: George|100/100
|move|p1a: Terroni|Headlong Rush|p2a: George
|-damage|p2a: George|77/100
|-unboost|p1a: Terroni|def|1
|-unboost|p1a: Terroni|spd|1
|
|upkeep
|turn|39
|
|t:|1743878643
|-end|p1a: Terroni|Protosynthesis|[silent]
|switch|p1a: Blue Talisman|Ogerpon-Wellspring, F|84/100
|move|p2a: George|Dragon Dance|p2a: George
|-boost|p2a: George|atk|1
|-boost|p2a: George|spe|1
|
|upkeep
|turn|40
|
|t:|1743878647
|move|p2a: George|Extreme Speed|p1a: Blue Talisman
|-damage|p1a: Blue Talisman|0 fnt
|faint|p1a: Blue Talisman
|
|upkeep
|
|t:|1743878654
|switch|p1a: Terroni|Great Tusk|78/100
|turn|41
|
|t:|1743878667
|move|p2a: George|Extreme Speed|p1a: Terroni
|-damage|p1a: Terroni|29/100
|-damage|p2a: George|61/100|[from] item: Rocky Helmet|[of] p1a: Terroni
|move|p1a: Terroni|Headlong Rush|p2a: George
|-damage|p2a: George|12/100
|-unboost|p1a: Terroni|def|1
|-unboost|p1a: Terroni|spd|1
|
|upkeep
|turn|42
|
|t:|1743878680
|move|p2a: George|Roost|p2a: George
|-heal|p2a: George|62/100
|move|p1a: Terroni|Headlong Rush|p2a: George
|-damage|p2a: George|15/100
|-unboost|p1a: Terroni|def|1
|-unboost|p1a: Terroni|spd|1
|
|upkeep
|turn|43
|
|t:|1743878691
|move|p2a: George|Earthquake|p1a: Terroni
|-damage|p1a: Terroni|0 fnt
|faint|p1a: Terroni
|-end|p1a: Terroni|Protosynthesis|[silent]
|
|upkeep
|
|t:|1743878694
|switch|p1a: Bergamask|Ting-Lu, tera:Poison|57/100
|-ability|p1a: Bergamask|Vessel of Ruin
|turn|44
|
|t:|1743878701
|move|p2a: George|Earthquake|p1a: Bergamask
|-supereffective|p1a: Bergamask
|-damage|p1a: Bergamask|0 fnt
|faint|p1a: Bergamask
|
|win|Excadrillings
|raw|BeastBoostedBoy's rating: 1620 &rarr; <strong>1594</strong><br />(-26 for losing)
|raw|Excadrillings's rating: 1510 &rarr; <strong>1536</strong><br />(+26 for winning)
|l|☆BeastBoostedBoy
|player|p1|
|l|☆Excadrillings
|player|p2|
