|j|☆Lunaethetic
|j|☆Gthamsrim
|t:|1743836701
|gametype|singles
|player|p1|Lunaethetic|1|1234
|player|p2|Gthamsrim|169|1187
|teamsize|p1|6
|teamsize|p2|6
|gen|9
|tier|[Gen 9] OU
|rated|
|rule|HP Percentage Mod: HP is shown in percentages
|rule|Endless Battle Clause: Forcing endless battles is banned
|rule|Species Clause: Limit one of each Pokémon
|rule|OHKO Clause: OHKO moves are banned
|rule|Evasion Items Clause: Evasion items are banned
|rule|Evasion Moves Clause: Evasion moves are banned
|rule|Sleep Moves Clause: Sleep-inducing moves are banned
|clearpoke
|poke|p1|Alomomola, M|
|poke|p1|Slowking-Galar, F|
|poke|p1|Moltres|
|poke|p1|Iron Treads|
|poke|p1|Darkrai|
|poke|p1|Iron Valiant|
|poke|p2|Iron Hands|
|poke|p2|Hatterene, F|
|poke|p2|Bronzong|
|poke|p2|Pelipper, M|
|poke|p2|Toedscruel, F|
|poke|p2|Gholdengo|
|teampreview
|
|t:|1743836719
|start
|switch|p1a: Darkrai|Darkrai|100/100
|switch|p2a: Bronzong|Bronzong|100/100
|turn|1
|inactive|Battle timer is ON: inactive players will automatically lose when time's up. (requested by Lunaethetic)
|
|t:|1743836746
|-terastallize|p2a: Bronzong|Fighting
|move|p1a: Darkrai|Dark Pulse|p2a: Bronzong
|-resisted|p2a: Bronzong
|-damage|p2a: Bronzong|78/100
|move|p2a: Bronzong|Body Press|p1a: Darkrai
|-supereffective|p1a: Darkrai
|-damage|p1a: Darkrai|8/100
|
|-heal|p2a: Bronzong|85/100|[from] item: Leftovers
|upkeep
|turn|2
|
|t:|1743836759
|switch|p1a: Moltres|Moltres|100/100
|move|p2a: Bronzong|Trick Room|p2a: Bronzong
|-fieldstart|move: Trick Room|[of] p2a: Bronzong
|
|-heal|p2a: Bronzong|91/100|[from] item: Leftovers
|upkeep
|turn|3
|
|t:|1743836783
|move|p2a: Bronzong|Psychic|p1a: Moltres
|-damage|p1a: Moltres|75/100
|move|p1a: Moltres|Roar|p2a: Bronzong
|drag|p2a: Iron Hands|Iron Hands|100/100
|
|upkeep
|turn|4
|inactive|Gthamsrim has 120 seconds left.
|
|t:|1743836810
|switch|p1a: Iron Treads|Iron Treads|100/100
|move|p2a: Iron Hands|Earthquake|p1a: Iron Treads
|-supereffective|p1a: Iron Treads
|-damage|p1a: Iron Treads|0 fnt
|faint|p1a: Iron Treads
|-end|p1a: Iron Treads|Quark Drive|[silent]
|
|upkeep
|inactive|Lunaethetic has 120 seconds left.
|
|t:|1743836840
|switch|p1a: Alomomola|Alomomola, M|100/100
|turn|5
|inactive|Gthamsrim has 120 seconds left.
|
|t:|1743836857
|-end|p2a: Iron Hands|Quark Drive|[silent]
|switch|p2a: Toedscruel|Toedscruel, F|100/100
|move|p1a: Alomomola|Protect||[still]
|-fail|p1a: Alomomola
|
|upkeep
|turn|6
|inactive|Gthamsrim has 120 seconds left.
|
|t:|1743836870
|move|p1a: Alomomola|Flip Turn|p2a: Toedscruel
|-damage|p2a: Toedscruel|81/100
|
|t:|1743836874
|switch|p1a: Moltres|Moltres|75/100|[from] Flip Turn
|move|p2a: Toedscruel|Spikes|p1a: Moltres
|-sidestart|p1: Lunaethetic|Spikes
|
|-heal|p2a: Toedscruel|87/100|[from] item: Leftovers
|-fieldend|move: Trick Room
|upkeep
|turn|7
|inactive|Gthamsrim has 120 seconds left.
|
|t:|1743836899
|move|p1a: Moltres|Flamethrower|p2a: Toedscruel
|-supereffective|p2a: Toedscruel
|-damage|p2a: Toedscruel|41/100
|move|p2a: Toedscruel|Trick Room|p2a: Toedscruel
|-fieldstart|move: Trick Room|[of] p2a: Toedscruel
|
|-heal|p2a: Toedscruel|47/100|[from] item: Leftovers
|upkeep
|turn|8
|
|t:|1743836910
|switch|p2a: Pelipper|Pelipper, M|100/100
|-weather|RainDance|[from] ability: Drizzle|[of] p2a: Pelipper
|move|p1a: Moltres|Flamethrower|p2a: Pelipper
|-resisted|p2a: Pelipper
|-damage|p2a: Pelipper|88/100
|
|-weather|RainDance|[upkeep]
|upkeep
|turn|9
|
|t:|1743836925
|switch|p1a: Slowking|Slowking-Galar, F|100/100
|move|p2a: Pelipper|Hurricane|p1a: Slowking
|-damage|p1a: Slowking|58/100
|
|-weather|RainDance|[upkeep]
|upkeep
|turn|10
|
|t:|1743836937
|move|p1a: Slowking|Future Sight|p2a: Pelipper
|-start|p1a: Slowking|move: Future Sight
|move|p2a: Pelipper|Hurricane|p1a: Slowking
|-damage|p1a: Slowking|13/100
|
|-weather|RainDance|[upkeep]
|upkeep
|turn|11
|inactive|Gthamsrim has 120 seconds left.
|
|t:|1743836947
|-prepare|p1a: Slowking|Chilly Reception|[premajor]
|move|p1a: Slowking|Chilly Reception|p1a: Slowking
|-weather|Snowscape
|
|t:|1743836955
|switch|p1a: Alomomola|Alomomola, M|100/100|[from] Chilly Reception
|move|p2a: Pelipper|Hurricane|p1a: Alomomola
|-damage|p1a: Alomomola|9/100
|
|-weather|Snowscape|[upkeep]
|-fieldend|move: Trick Room
|upkeep
|turn|12
|inactive|Gthamsrim has 120 seconds left.
|
|t:|1743836974
|switch|p1a: Darkrai|Darkrai|8/100
|-damage|p1a: Darkrai|0 fnt|[from] Spikes
|faint|p1a: Darkrai
|switch|p2a: Bronzong|Bronzong, tera:Fighting|91/100
|
|-weather|Snowscape|[upkeep]
|-end|p2a: Bronzong|move: Future Sight
|-supereffective|p2a: Bronzong
|-damage|p2a: Bronzong|26/100
|-heal|p2a: Bronzong|32/100|[from] item: Leftovers
|upkeep
|
|t:|1743836988
|switch|p1a: Iron Valiant|Iron Valiant|100/100
|-damage|p1a: Iron Valiant|88/100|[from] Spikes
|-enditem|p1a: Iron Valiant|Booster Energy
|-activate|p1a: Iron Valiant|ability: Quark Drive|[fromitem]
|-start|p1a: Iron Valiant|quarkdrivespe
|turn|13
|inactive|Gthamsrim has 120 seconds left.
|
|t:|1743837000
|move|p1a: Iron Valiant|Spirit Break|p2a: Bronzong
|-supereffective|p2a: Bronzong
|-damage|p2a: Bronzong|0 fnt
|faint|p2a: Bronzong
|
|-weather|Snowscape|[upkeep]
|upkeep
|inactive|Gthamsrim has 120 seconds left.
|
|t:|1743837019
|switch|p2a: Toedscruel|Toedscruel, F|47/100
|turn|14
|
|t:|1743837026
|move|p1a: Iron Valiant|Close Combat|p2a: Toedscruel
|-damage|p2a: Toedscruel|0 fnt
|-unboost|p1a: Iron Valiant|def|1
|-unboost|p1a: Iron Valiant|spd|1
|faint|p2a: Toedscruel
|
|-weather|Snowscape|[upkeep]
|upkeep
|
|t:|1743837034
|switch|p2a: Hatterene|Hatterene, F|100/100
|turn|15
|inactive|Gthamsrim has 120 seconds left.
|
|t:|1743837041
|-end|p1a: Iron Valiant|Quark Drive|[silent]
|switch|p1a: Slowking|Slowking-Galar, F|47/100
|move|p2a: Hatterene|Trick Room|p2a: Hatterene
|-fieldstart|move: Trick Room|[of] p2a: Hatterene
|
|-weather|none
|upkeep
|turn|16
|inactive|Gthamsrim has 120 seconds left.
|
|t:|1743837056
|switch|p2a: Iron Hands|Iron Hands|100/100
|move|p1a: Slowking|Future Sight|p2a: Iron Hands
|-start|p1a: Slowking|move: Future Sight
|
|upkeep
|turn|17
|inactive|Gthamsrim has 120 seconds left.
|inactive|Gthamsrim has 90 seconds left.
|
|t:|1743837102
|-prepare|p1a: Slowking|Chilly Reception|[premajor]
|move|p1a: Slowking|Chilly Reception|p1a: Slowking
|-weather|Snowscape
|
|t:|1743837107
|switch|p1a: Moltres|Moltres|75/100|[from] Chilly Reception
|move|p2a: Iron Hands|Earthquake|p1a: Moltres
|-immune|p1a: Moltres
|
|-weather|Snowscape|[upkeep]
|upkeep
|turn|18
|inactive|Gthamsrim has 90 seconds left.
|
|t:|1743837118
|-end|p2a: Iron Hands|Quark Drive|[silent]
|switch|p2a: Pelipper|Pelipper, M|88/100
|-weather|RainDance|[from] ability: Drizzle|[of] p2a: Pelipper
|move|p1a: Moltres|Flamethrower|p2a: Pelipper
|-resisted|p2a: Pelipper
|-damage|p2a: Pelipper|75/100
|
|-weather|RainDance|[upkeep]
|-end|p2a: Pelipper|move: Future Sight
|-damage|p2a: Pelipper|13/100
|upkeep
|turn|19
|inactive|Gthamsrim has 90 seconds left.
|
|t:|1743837126
|move|p2a: Pelipper|Surf|p1a: Moltres
|-supereffective|p1a: Moltres
|-damage|p1a: Moltres|0 fnt
|faint|p1a: Moltres
|
|-weather|RainDance|[upkeep]
|-fieldend|move: Trick Room
|upkeep
|
|t:|1743837135
|switch|p1a: Iron Valiant|Iron Valiant|88/100
|-damage|p1a: Iron Valiant|76/100|[from] Spikes
|turn|20
|
|t:|1743837141
|switch|p2a: Hatterene|Hatterene, F|100/100
|move|p1a: Iron Valiant|Knock Off|p2a: Hatterene
|-damage|p2a: Hatterene|73/100
|-enditem|p2a: Hatterene|Leftovers|[from] move: Knock Off|[of] p1a: Iron Valiant
|
|-weather|RainDance|[upkeep]
|upkeep
|turn|21
|inactive|Gthamsrim has 90 seconds left.
|
|t:|1743837174
|-end|p1a: Iron Valiant|Quark Drive|[silent]
|switch|p1a: Slowking|Slowking-Galar, F|80/100
|move|p2a: Hatterene|Trick Room|p2a: Hatterene
|-fieldstart|move: Trick Room|[of] p2a: Hatterene
|
|-weather|RainDance|[upkeep]
|upkeep
|turn|22
|
|t:|1743837188
|switch|p2a: Iron Hands|Iron Hands|100/100
|move|p1a: Slowking|Future Sight|p2a: Iron Hands
|-start|p1a: Slowking|move: Future Sight
|
|-weather|none
|upkeep
|turn|23
|
|t:|1743837197
|-prepare|p1a: Slowking|Chilly Reception|[premajor]
|move|p1a: Slowking|Chilly Reception|p1a: Slowking
|-weather|Snowscape
|
|t:|1743837202
|switch|p1a: Alomomola|Alomomola, M|42/100|[from] Chilly Reception
|move|p2a: Iron Hands|Earthquake|p1a: Alomomola
|-damage|p1a: Alomomola|9/100
|
|-weather|Snowscape|[upkeep]
|upkeep
|turn|24
|
|t:|1743837216
|move|p2a: Iron Hands|Earthquake|p1a: Alomomola
|-damage|p1a: Alomomola|0 fnt
|faint|p1a: Alomomola
|
|-weather|Snowscape|[upkeep]
|-end|p2a: Iron Hands|move: Future Sight
|-supereffective|p2a: Iron Hands
|-damage|p2a: Iron Hands|16/100
|upkeep
|
|t:|1743837226
|switch|p1a: Slowking|Slowking-Galar, F|100/100
|turn|25
|
|t:|1743837229
|move|p1a: Slowking|Sludge Bomb|p2a: Iron Hands
|-damage|p2a: Iron Hands|0 fnt
|faint|p2a: Iron Hands
|-end|p2a: Iron Hands|Quark Drive|[silent]
|
|-weather|Snowscape|[upkeep]
|-fieldend|move: Trick Room
|upkeep
|
|t:|1743837237
|switch|p2a: Gholdengo|Gholdengo|100/100
|turn|26
|
|t:|1743837261
|move|p2a: Gholdengo|Shadow Ball|p1a: Slowking
|-supereffective|p1a: Slowking
|-damage|p1a: Slowking|23/100
|-prepare|p1a: Slowking|Chilly Reception|[premajor]
|move|p1a: Slowking|Chilly Reception|p1a: Slowking
|
|t:|1743837268
|switch|p1a: Iron Valiant|Iron Valiant|76/100|[from] Chilly Reception
|-damage|p1a: Iron Valiant|63/100|[from] Spikes
|
|-weather|Snowscape|[upkeep]
|upkeep
|turn|27
|
|t:|1743837284
|switch|p2a: Hatterene|Hatterene, F|73/100
|move|p1a: Iron Valiant|Knock Off|p2a: Hatterene
|-damage|p2a: Hatterene|56/100
|
|-weather|none
|upkeep
|turn|28
|
|t:|1743837297
|-terastallize|p1a: Iron Valiant|Fairy
|move|p1a: Iron Valiant|Swords Dance|p1a: Iron Valiant
|-boost|p1a: Iron Valiant|atk|2
|move|p2a: Hatterene|Psychic|p1a: Iron Valiant
|-damage|p1a: Iron Valiant|0 fnt
|faint|p1a: Iron Valiant
|-end|p1a: Iron Valiant|Quark Drive|[silent]
|
|upkeep
|-message|Lunaethetic forfeited.
|
|win|Gthamsrim
|raw|Lunaethetic's rating: 1234 &rarr; <strong>1206</strong><br />(-28 for losing)
|raw|Gthamsrim's rating: 1187 &rarr; <strong>1215</strong><br />(+28 for winning)
|l|☆Lunaethetic
|player|p1|
