|j|☆slimyterror04
|j|☆Rootyx
|t:|1743885367
|gametype|singles
|player|p1|slimyterror04|1|1185
|player|p2|Rootyx|101|1185
|teamsize|p1|6
|teamsize|p2|6
|gen|9
|tier|[Gen 9] OU
|rated|
|rule|HP Percentage Mod: HP is shown in percentages
|rule|Endless Battle Clause: Forcing endless battles is banned
|rule|Species Clause: Limit one of each Pokémon
|rule|OHKO Clause: OHKO moves are banned
|rule|Evasion Items Clause: Evasion items are banned
|rule|Evasion Moves Clause: Evasion moves are banned
|rule|Sleep Moves Clause: Sleep-inducing moves are banned
|clearpoke
|poke|p1|Weavile, F|
|poke|p1|Pachirisu, M|
|poke|p1|Iron Treads|
|poke|p1|Dragonite, M|
|poke|p1|Dondozo, F|
|poke|p1|Iron Moth|
|poke|p2|Latias, F|
|poke|p2|Tyranitar, F|
|poke|p2|Gengar, M|
|poke|p2|Swampert, M|
|poke|p2|Corviknight, M|
|poke|p2|Ribombee, F|
|teampreview
|
|t:|1743885372
|start
|switch|p1a: Pachirisu|Pachirisu, M|100/100
|switch|p2a: Webbie|Ribombee, F, shiny|100/100
|turn|1
|
|t:|1743885381
|move|p2a: Webbie|Sticky Web|p1a: Pachirisu
|-sidestart|p1: slimyterror04|move: Sticky Web
|move|p1a: Pachirisu|Nuzzle|p2a: Webbie
|-damage|p2a: Webbie|93/100
|
|upkeep
|turn|2
|
|t:|1743885394
|move|p2a: Webbie|Reflect|p2a: Webbie
|-sidestart|p2: Rootyx|Reflect
|move|p1a: Pachirisu|U-turn|p2a: Webbie
|-resisted|p2a: Webbie
|-damage|p2a: Webbie|89/100
|
|t:|1743885400
|switch|p1a: Iron Treads|Iron Treads|100/100|[from] U-turn
|-activate|p1a: Iron Treads|move: Sticky Web
|-unboost|p1a: Iron Treads|spe|1
|
|upkeep
|turn|3
|
|t:|1743885407
|switch|p2a: #1|Gengar, M, shiny|100/100
|move|p1a: Iron Treads|Rapid Spin|p2a: #1
|-immune|p2a: #1
|
|upkeep
|turn|4
|
|t:|1743885418
|-terastallize|p2a: #1|Grass
|move|p2a: #1|Energy Ball|p1a: Iron Treads
|-damage|p1a: Iron Treads|74/100
|-unboost|p1a: Iron Treads|spd|1
|move|p1a: Iron Treads|Earthquake|p2a: #1
|-resisted|p2a: #1
|-damage|p2a: #1|81/100
|-start|p1a: Iron Treads|Disable|Earthquake|[from] ability: Cursed Body|[of] p2a: #1
|
|upkeep
|turn|5
|
|t:|1743885436
|-end|p1a: Iron Treads|Quark Drive|[silent]
|switch|p1a: Pachirisu|Pachirisu, M|100/100
|-activate|p1a: Pachirisu|move: Sticky Web
|-unboost|p1a: Pachirisu|spe|1
|move|p2a: #1|Energy Ball|p1a: Pachirisu
|-damage|p1a: Pachirisu|64/100
|
|-heal|p1a: Pachirisu|71/100|[from] item: Leftovers
|upkeep
|turn|6
|
|t:|1743885449
|switch|p2a: Webbie|Ribombee, F, shiny|89/100
|move|p1a: Pachirisu|U-turn|p2a: Webbie
|-resisted|p2a: Webbie
|-damage|p2a: Webbie|86/100
|
|t:|1743885453
|switch|p1a: Iron Treads|Iron Treads|74/100|[from] U-turn
|-activate|p1a: Iron Treads|move: Sticky Web
|-unboost|p1a: Iron Treads|spe|1
|
|-sideend|p2: Rootyx|Reflect
|upkeep
|turn|7
|
|t:|1743885459
|move|p2a: Webbie|Reflect|p2a: Webbie
|-sidestart|p2: Rootyx|Reflect
|move|p1a: Iron Treads|Rapid Spin|p2a: Webbie
|-damage|p2a: Webbie|73/100
|-boost|p1a: Iron Treads|spe|1
|-sideend|p1: slimyterror04|Sticky Web|[from] move: Rapid Spin|[of] p1a: Iron Treads
|
|upkeep
|turn|8
|
|t:|1743885466
|move|p2a: Webbie|Light Screen|p2a: Webbie
|-sidestart|p2: Rootyx|move: Light Screen
|move|p1a: Iron Treads|Iron Head|p2a: Webbie
|-supereffective|p2a: Webbie
|-damage|p2a: Webbie|10/100
|
|upkeep
|turn|9
|
|t:|1743885470
|move|p2a: Webbie|U-turn|p1a: Iron Treads
|-resisted|p1a: Iron Treads
|-damage|p1a: Iron Treads|69/100
|
|t:|1743885472
|switch|p2a: Ary Butt|Latias, F, shiny|100/100|[from] U-turn
|move|p1a: Iron Treads|Rapid Spin|p2a: Ary Butt
|-damage|p2a: Ary Butt|91/100
|-boost|p1a: Iron Treads|spe|1
|
|upkeep
|turn|10
|
|t:|1743885499
|move|p1a: Iron Treads|Iron Head|p2a: Ary Butt
|-damage|p2a: Ary Butt|71/100
|move|p2a: Ary Butt|Agility|p2a: Ary Butt
|-boost|p2a: Ary Butt|spe|2
|
|upkeep
|turn|11
|
|t:|1743885505
|move|p2a: Ary Butt|Calm Mind|p2a: Ary Butt
|-boost|p2a: Ary Butt|spa|1
|-boost|p2a: Ary Butt|spd|1
|move|p1a: Iron Treads|Iron Head|p2a: Ary Butt
|-damage|p2a: Ary Butt|50/100
|
|-sideend|p2: Rootyx|Reflect
|upkeep
|turn|12
|
|t:|1743885510
|move|p2a: Ary Butt|Calm Mind|p2a: Ary Butt
|-boost|p2a: Ary Butt|spa|1
|-boost|p2a: Ary Butt|spd|1
|move|p1a: Iron Treads|Iron Head|p2a: Ary Butt
|-damage|p2a: Ary Butt|5/100
|
|-sideend|p2: Rootyx|move: Light Screen
|upkeep
|turn|13
|
|t:|1743885514
|move|p2a: Ary Butt|Draining Kiss|p1a: Iron Treads
|-resisted|p1a: Iron Treads
|-damage|p1a: Iron Treads|60/100
|-heal|p2a: Ary Butt|13/100|[from] drain|[of] p1a: Iron Treads
|move|p1a: Iron Treads|Iron Head|p2a: Ary Butt
|-damage|p2a: Ary Butt|0 fnt
|faint|p2a: Ary Butt
|
|upkeep
|
|t:|1743885525
|switch|p2a: Tonk|Swampert, M, shiny|100/100
|turn|14
|inactive|Battle timer is ON: inactive players will automatically lose when time's up. (requested by slimyterror04)
|c|☆Rootyx|fking av treads??
|
|t:|1743885533
|-end|p1a: Iron Treads|Quark Drive|[silent]
|switch|p1a: Dondozo|Dondozo, F|100/100
|move|p2a: Tonk|Stealth Rock|p1a: Dondozo
|-sidestart|p1: slimyterror04|move: Stealth Rock
|
|upkeep
|turn|15
|
|t:|1743885547
|move|p2a: Tonk|Earthquake|p1a: Dondozo
|-damage|p1a: Dondozo|80/100
|move|p1a: Dondozo|Curse|p1a: Dondozo
|-unboost|p1a: Dondozo|spe|1
|-boost|p1a: Dondozo|atk|1
|-boost|p1a: Dondozo|def|1
|
|-heal|p1a: Dondozo|86/100|[from] item: Leftovers
|upkeep
|turn|16
|
|t:|1743885554
|switch|p2a: Webbie|Ribombee, F, shiny|10/100
|move|p1a: Dondozo|Avalanche|p2a: Webbie
|-damage|p2a: Webbie|0 fnt
|faint|p2a: Webbie
|
|-heal|p1a: Dondozo|92/100|[from] item: Leftovers
|upkeep
|
|t:|1743885562
|switch|p2a: #1|Gengar, M, shiny, tera:Grass|81/100
|turn|17
|
|t:|1743885573
|switch|p2a: Bye-Bye|Corviknight, M, shiny|100/100
|move|p1a: Dondozo|Avalanche|p2a: Bye-Bye
|-damage|p2a: Bye-Bye|85/100
|
|-heal|p2a: Bye-Bye|91/100|[from] item: Leftovers
|-heal|p1a: Dondozo|99/100|[from] item: Leftovers
|upkeep
|turn|18
|
|t:|1743885581
|move|p2a: Bye-Bye|Brave Bird|p1a: Dondozo
|-damage|p1a: Dondozo|86/100
|-damage|p2a: Bye-Bye|85/100|[from] Recoil
|move|p1a: Dondozo|Curse|p1a: Dondozo
|-unboost|p1a: Dondozo|spe|1
|-boost|p1a: Dondozo|atk|1
|-boost|p1a: Dondozo|def|1
|
|-heal|p2a: Bye-Bye|91/100|[from] item: Leftovers
|-heal|p1a: Dondozo|93/100|[from] item: Leftovers
|upkeep
|turn|19
|
|t:|1743885589
|switch|p2a: #1|Gengar, M, shiny, tera:Grass|81/100
|move|p1a: Dondozo|Aqua Tail|p2a: #1|[miss]
|-miss|p1a: Dondozo|p2a: #1
|
|-heal|p1a: Dondozo|99/100|[from] item: Leftovers
|upkeep
|turn|20
|
|t:|1743885594
|move|p2a: #1|Energy Ball|p1a: Dondozo
|-supereffective|p1a: Dondozo
|-damage|p1a: Dondozo|4/100
|move|p1a: Dondozo|Avalanche|p2a: #1
|-supereffective|p2a: #1
|-damage|p2a: #1|0 fnt
|-start|p1a: Dondozo|Disable|Avalanche|[from] ability: Cursed Body|[of] p2a: #1
|faint|p2a: #1
|
|-heal|p1a: Dondozo|11/100|[from] item: Leftovers
|upkeep
|
|t:|1743885603
|switch|p2a: Tonk|Swampert, M, shiny|100/100
|turn|21
|
|t:|1743885608
|move|p2a: Tonk|Earthquake|p1a: Dondozo
|-damage|p1a: Dondozo|1/100
|move|p1a: Dondozo|Earthquake|p2a: Tonk
|-damage|p2a: Tonk|57/100
|
|-heal|p2a: Tonk|63/100|[from] item: Leftovers
|-heal|p1a: Dondozo|8/100|[from] item: Leftovers
|upkeep
|turn|22
|
|t:|1743885618
|move|p2a: Tonk|Earthquake|p1a: Dondozo
|-damage|p1a: Dondozo|0 fnt
|faint|p1a: Dondozo
|
|-heal|p2a: Tonk|69/100|[from] item: Leftovers
|upkeep
|
|t:|1743885627
|switch|p1a: Weavile|Weavile, F|100/100
|-ability|p1a: Weavile|Pressure
|turn|23
|
|t:|1743885631
|move|p1a: Weavile|Knock Off|p2a: Tonk
|-damage|p2a: Tonk|23/100
|-enditem|p2a: Tonk|Leftovers|[from] move: Knock Off|[of] p1a: Weavile
|move|p2a: Tonk|Stone Edge|p1a: Weavile
|-supereffective|p1a: Weavile
|-damage|p1a: Weavile|0 fnt
|faint|p1a: Weavile
|
|upkeep
|inactive|slimyterror04 has 120 seconds left.
|
|t:|1743885677
|switch|p1a: Iron Moth|Iron Moth|100/100
|-damage|p1a: Iron Moth|76/100|[from] Stealth Rock
|-enditem|p1a: Iron Moth|Booster Energy
|-activate|p1a: Iron Moth|ability: Quark Drive|[fromitem]
|-start|p1a: Iron Moth|quarkdrivespa
|turn|24
|
|t:|1743885682
|move|p1a: Iron Moth|Energy Ball|p2a: Tonk
|-supereffective|p2a: Tonk
|-damage|p2a: Tonk|0 fnt
|faint|p2a: Tonk
|
|upkeep
|
|t:|1743885685
|switch|p2a: T-Tar|Tyranitar, F, shiny|100/100
|-weather|Sandstorm|[from] ability: Sand Stream|[of] p2a: T-Tar
|turn|25
|
|t:|1743885693
|-terastallize|p1a: Iron Moth|Grass
|move|p1a: Iron Moth|Energy Ball|p2a: T-Tar
|-supereffective|p2a: T-Tar
|-damage|p2a: T-Tar|6/100
|move|p2a: T-Tar|Stone Edge|p1a: Iron Moth
|-damage|p1a: Iron Moth|0 fnt
|faint|p1a: Iron Moth
|-end|p1a: Iron Moth|Quark Drive|[silent]
|
|-weather|Sandstorm|[upkeep]
|upkeep
|inactive|slimyterror04 has 120 seconds left.
|
|t:|1743885724
|switch|p1a: Iron Treads|Iron Treads|60/100
|-damage|p1a: Iron Treads|57/100|[from] Stealth Rock
|turn|26
|
|t:|1743885732
|switch|p2a: Bye-Bye|Corviknight, M, shiny|91/100
|move|p1a: Iron Treads|Earthquake|p2a: Bye-Bye
|-immune|p2a: Bye-Bye
|
|-weather|Sandstorm|[upkeep]
|-heal|p2a: Bye-Bye|97/100|[from] item: Leftovers
|upkeep
|turn|27
|
|t:|1743885738
|-end|p1a: Iron Treads|Quark Drive|[silent]
|switch|p1a: Pachirisu|Pachirisu, M|71/100
|-damage|p1a: Pachirisu|58/100|[from] Stealth Rock
|move|p2a: Bye-Bye|U-turn|p1a: Pachirisu
|-damage|p1a: Pachirisu|38/100
|
|t:|1743885742
|switch|p2a: T-Tar|Tyranitar, F, shiny|6/100|[from] U-turn
|
|-weather|Sandstorm|[upkeep]
|-damage|p1a: Pachirisu|32/100|[from] Sandstorm
|-heal|p1a: Pachirisu|38/100|[from] item: Leftovers
|upkeep
|turn|28
|
|t:|1743885748
|move|p1a: Pachirisu|U-turn|p2a: T-Tar
|-supereffective|p2a: T-Tar
|-damage|p2a: T-Tar|0 fnt
|-damage|p1a: Pachirisu|21/100|[from] item: Rocky Helmet|[of] p2a: T-Tar
|faint|p2a: T-Tar
|
|t:|1743885756
|switch|p1a: Dragonite|Dragonite, M|100/100|[from] U-turn
|-damage|p1a: Dragonite|75/100|[from] Stealth Rock
|
|-weather|Sandstorm|[upkeep]
|-damage|p1a: Dragonite|69/100|[from] Sandstorm
|upkeep
|
|t:|1743885757
|switch|p2a: Bye-Bye|Corviknight, M, shiny|97/100
|turn|29
|
|t:|1743885763
|move|p1a: Dragonite|Dragon Dance|p1a: Dragonite
|-boost|p1a: Dragonite|atk|1
|-boost|p1a: Dragonite|spe|1
|move|p2a: Bye-Bye|Brave Bird|p1a: Dragonite
|-damage|p1a: Dragonite|38/100
|-damage|p2a: Bye-Bye|85/100|[from] Recoil
|
|-weather|none
|-heal|p2a: Bye-Bye|92/100|[from] item: Leftovers
|upkeep
|turn|30
|
|t:|1743885770
|move|p1a: Dragonite|Rock Slide|p2a: Bye-Bye
|-damage|p2a: Bye-Bye|48/100
|-damage|p1a: Dragonite|28/100|[from] item: Life Orb
|cant|p2a: Bye-Bye|flinch
|
|-heal|p2a: Bye-Bye|54/100|[from] item: Leftovers
|upkeep
|turn|31
|
|t:|1743885775
|move|p1a: Dragonite|Rock Slide|p2a: Bye-Bye
|-damage|p2a: Bye-Bye|13/100
|-damage|p1a: Dragonite|18/100|[from] item: Life Orb
|move|p2a: Bye-Bye|Roost|p2a: Bye-Bye
|-heal|p2a: Bye-Bye|63/100
|-singleturn|p2a: Bye-Bye|move: Roost
|
|-heal|p2a: Bye-Bye|69/100|[from] item: Leftovers
|upkeep
|turn|32
|
|t:|1743885781
|move|p1a: Dragonite|Rock Slide|p2a: Bye-Bye
|-damage|p2a: Bye-Bye|27/100
|-damage|p1a: Dragonite|8/100|[from] item: Life Orb
|move|p2a: Bye-Bye|Roost|p2a: Bye-Bye
|-heal|p2a: Bye-Bye|77/100
|-singleturn|p2a: Bye-Bye|move: Roost
|
|-heal|p2a: Bye-Bye|84/100|[from] item: Leftovers
|upkeep
|turn|33
|
|t:|1743885789
|move|p1a: Dragonite|Dragon Dance|p1a: Dragonite
|-boost|p1a: Dragonite|atk|1
|-boost|p1a: Dragonite|spe|1
|move|p2a: Bye-Bye|Roost|p2a: Bye-Bye
|-heal|p2a: Bye-Bye|100/100
|-singleturn|p2a: Bye-Bye|move: Roost
|
|upkeep
|turn|34
|
|t:|1743885795
|move|p1a: Dragonite|Rock Slide|p2a: Bye-Bye
|-damage|p2a: Bye-Bye|43/100
|-damage|p1a: Dragonite|0 fnt|[from] item: Life Orb
|faint|p1a: Dragonite
|move|p2a: Bye-Bye|Roost|p2a: Bye-Bye
|-heal|p2a: Bye-Bye|93/100
|-singleturn|p2a: Bye-Bye|move: Roost
|
|-heal|p2a: Bye-Bye|99/100|[from] item: Leftovers
|upkeep
|
|t:|1743885802
|switch|p1a: Pachirisu|Pachirisu, M|21/100
|-damage|p1a: Pachirisu|9/100|[from] Stealth Rock
|turn|35
|
|t:|1743885807
|move|p1a: Pachirisu|Nuzzle|p2a: Bye-Bye
|-supereffective|p2a: Bye-Bye
|-damage|p2a: Bye-Bye|93/100
|-status|p2a: Bye-Bye|par
|move|p2a: Bye-Bye|U-turn|p1a: Pachirisu
|-damage|p1a: Pachirisu|0 fnt
|faint|p1a: Pachirisu
|
|-heal|p2a: Bye-Bye|99/100 par|[from] item: Leftovers
|upkeep
|
|t:|1743885813
|switch|p1a: Iron Treads|Iron Treads|57/100
|-damage|p1a: Iron Treads|54/100|[from] Stealth Rock
|turn|36
|
|t:|1743885819
|move|p1a: Iron Treads|Iron Head|p2a: Bye-Bye
|-resisted|p2a: Bye-Bye
|-damage|p2a: Bye-Bye|88/100 par
|move|p2a: Bye-Bye|Brave Bird|p1a: Iron Treads
|-resisted|p1a: Iron Treads
|-damage|p1a: Iron Treads|43/100
|-damage|p2a: Bye-Bye|84/100 par|[from] Recoil
|
|-heal|p2a: Bye-Bye|90/100 par|[from] item: Leftovers
|upkeep
|turn|37
|
|t:|1743885824
|move|p1a: Iron Treads|Iron Head|p2a: Bye-Bye
|-resisted|p2a: Bye-Bye
|-damage|p2a: Bye-Bye|78/100 par
|move|p2a: Bye-Bye|Brave Bird|p1a: Iron Treads
|-resisted|p1a: Iron Treads
|-damage|p1a: Iron Treads|30/100
|-damage|p2a: Bye-Bye|73/100 par|[from] Recoil
|
|-heal|p2a: Bye-Bye|79/100 par|[from] item: Leftovers
|upkeep
|turn|38
|
|t:|1743885831
|move|p1a: Iron Treads|Iron Head|p2a: Bye-Bye
|-resisted|p2a: Bye-Bye
|-damage|p2a: Bye-Bye|67/100 par
|cant|p2a: Bye-Bye|flinch
|
|-heal|p2a: Bye-Bye|74/100 par|[from] item: Leftovers
|upkeep
|turn|39
|
|t:|1743885836
|move|p1a: Iron Treads|Iron Head|p2a: Bye-Bye
|-resisted|p2a: Bye-Bye
|-damage|p2a: Bye-Bye|62/100 par
|move|p2a: Bye-Bye|Roost|p2a: Bye-Bye
|-heal|p2a: Bye-Bye|100/100 par
|-singleturn|p2a: Bye-Bye|move: Roost
|
|upkeep
|turn|40
|
|t:|1743885841
|move|p1a: Iron Treads|Iron Head|p2a: Bye-Bye
|-resisted|p2a: Bye-Bye
|-damage|p2a: Bye-Bye|90/100 par
|cant|p2a: Bye-Bye|par
|
|-heal|p2a: Bye-Bye|96/100 par|[from] item: Leftovers
|upkeep
|turn|41
|
|t:|1743885845
|move|p1a: Iron Treads|Iron Head|p2a: Bye-Bye
|-resisted|p2a: Bye-Bye
|-damage|p2a: Bye-Bye|85/100 par
|cant|p2a: Bye-Bye|flinch
|
|-heal|p2a: Bye-Bye|91/100 par|[from] item: Leftovers
|upkeep
|turn|42
|
|t:|1743885851
|move|p1a: Iron Treads|Iron Head|p2a: Bye-Bye
|-resisted|p2a: Bye-Bye
|-damage|p2a: Bye-Bye|80/100 par
|move|p2a: Bye-Bye|Brave Bird|p1a: Iron Treads
|-resisted|p1a: Iron Treads
|-damage|p1a: Iron Treads|18/100
|-damage|p2a: Bye-Bye|75/100 par|[from] Recoil
|
|-heal|p2a: Bye-Bye|82/100 par|[from] item: Leftovers
|upkeep
|turn|43
|
|t:|1743885857
|move|p1a: Iron Treads|Iron Head|p2a: Bye-Bye
|-resisted|p2a: Bye-Bye
|-damage|p2a: Bye-Bye|70/100 par
|move|p2a: Bye-Bye|Brave Bird|p1a: Iron Treads
|-resisted|p1a: Iron Treads
|-damage|p1a: Iron Treads|6/100
|-damage|p2a: Bye-Bye|66/100 par|[from] Recoil
|
|-heal|p2a: Bye-Bye|72/100 par|[from] item: Leftovers
|upkeep
|turn|44
|
|t:|1743885862
|move|p1a: Iron Treads|Iron Head|p2a: Bye-Bye
|-resisted|p2a: Bye-Bye
|-damage|p2a: Bye-Bye|61/100 par
|cant|p2a: Bye-Bye|flinch
|
|-heal|p2a: Bye-Bye|67/100 par|[from] item: Leftovers
|upkeep
|turn|45
|
|t:|1743885867
|move|p1a: Iron Treads|Iron Head|p2a: Bye-Bye
|-resisted|p2a: Bye-Bye
|-damage|p2a: Bye-Bye|56/100 par
|cant|p2a: Bye-Bye|flinch
|
|-heal|p2a: Bye-Bye|62/100 par|[from] item: Leftovers
|upkeep
|turn|46
|
|t:|1743885871
|move|p1a: Iron Treads|Iron Head|p2a: Bye-Bye
|-resisted|p2a: Bye-Bye
|-damage|p2a: Bye-Bye|51/100 par
|cant|p2a: Bye-Bye|flinch
|
|-heal|p2a: Bye-Bye|57/100 par|[from] item: Leftovers
|upkeep
|turn|47
|
|t:|1743885876
|move|p1a: Iron Treads|Iron Head|p2a: Bye-Bye
|-resisted|p2a: Bye-Bye
|-damage|p2a: Bye-Bye|45/100 par
|move|p2a: Bye-Bye|Roost|p2a: Bye-Bye
|-heal|p2a: Bye-Bye|95/100 par
|-singleturn|p2a: Bye-Bye|move: Roost
|
|-heal|p2a: Bye-Bye|100/100 par|[from] item: Leftovers
|upkeep
|turn|48
|
|t:|1743885881
|move|p1a: Iron Treads|Iron Head|p2a: Bye-Bye
|-resisted|p2a: Bye-Bye
|-damage|p2a: Bye-Bye|89/100 par
|cant|p2a: Bye-Bye|par
|
|-heal|p2a: Bye-Bye|95/100 par|[from] item: Leftovers
|upkeep
|turn|49
|c|☆Rootyx|gg
|
|t:|1743885898
|move|p1a: Iron Treads|Iron Head|p2a: Bye-Bye
|-resisted|p2a: Bye-Bye
|-damage|p2a: Bye-Bye|84/100 par
|move|p2a: Bye-Bye|Brave Bird|p1a: Iron Treads
|-resisted|p1a: Iron Treads
|-damage|p1a: Iron Treads|0 fnt
|faint|p1a: Iron Treads
|-end|p1a: Iron Treads|Quark Drive|[silent]
|-damage|p2a: Bye-Bye|82/100 par|[from] Recoil
|
|win|Rootyx
|raw|slimyterror04's rating: 1185 &rarr; <strong>1160</strong><br />(-25 for losing)
|raw|Rootyx's rating: 1185 &rarr; <strong>1210</strong><br />(+25 for winning)
|l|☆slimyterror04
|player|p1|
|l|☆Rootyx
|player|p2|
