|j|☆Ep1c_Squ1d
|j|☆Palhaca Demonia
|t:|1743894903
|gametype|singles
|player|p1|Ep1c_Squ1d|hiker-gen4|1123
|player|p2|Palhaca Demonia|swimmerf-gen4dp|1083
|teamsize|p1|6
|teamsize|p2|6
|gen|9
|tier|[Gen 9] OU
|rated|
|rule|HP Percentage Mod: HP is shown in percentages
|rule|Endless Battle Clause: Forcing endless battles is banned
|rule|Species Clause: Limit one of each Pokémon
|rule|OHKO Clause: OHKO moves are banned
|rule|Evasion Items Clause: Evasion items are banned
|rule|Evasion Moves Clause: Evasion moves are banned
|rule|Sleep Moves Clause: Sleep-inducing moves are banned
|clearpoke
|poke|p1|Oranguru, F|
|poke|p1|Abomasnow, M|
|poke|p1|Polteageist|
|poke|p1|Houndoom, F|
|poke|p1|Amoonguss, M|
|poke|p1|Quaquaval, M|
|poke|p2|Clodsire, F|
|poke|p2|Noivern, F|
|poke|p2|Chesnaught, M|
|poke|p2|Mienshao, F|
|poke|p2|Klefki, M|
|poke|p2|Scream Tail|
|teampreview
|
|t:|1743894906
|start
|switch|p1a: Oranguru|Oranguru, F|100/100
|switch|p2a: Mienshao|Mienshao, F|100/100
|turn|1
|
|t:|1743894916
|move|p2a: Mienshao|U-turn|p1a: Oranguru
|-supereffective|p1a: Oranguru
|-damage|p1a: Oranguru|54/100
|
|t:|1743894922
|switch|p2a: Klefki|Klefki, M|100/100|[from] U-turn
|move|p1a: Oranguru|Trick Room|p1a: Oranguru
|-fieldstart|move: Trick Room|[of] p1a: Oranguru
|
|upkeep
|turn|2
|
|t:|1743894935
|move|p2a: Klefki|Foul Play|p1a: Oranguru
|-supereffective|p1a: Oranguru
|-enditem|p1a: Oranguru|Colbur Berry|[eat]
|-enditem|p1a: Oranguru|Colbur Berry|[weaken]
|-damage|p1a: Oranguru|41/100
|move|p1a: Oranguru|Psychic|p2a: Klefki
|-resisted|p2a: Klefki
|-damage|p2a: Klefki|76/100
|
|upkeep
|turn|3
|
|t:|1743894953
|switch|p1a: Amoonguss|Amoonguss, M|100/100
|move|p2a: Klefki|Foul Play|p1a: Amoonguss
|-damage|p1a: Amoonguss|84/100
|
|upkeep
|turn|4
|
|t:|1743894965
|switch|p2a: Chesnaught|Chesnaught, M|100/100
|move|p1a: Amoonguss|Giga Drain|p2a: Chesnaught
|-resisted|p2a: Chesnaught
|-crit|p2a: Chesnaught
|-damage|p2a: Chesnaught|71/100
|-heal|p1a: Amoonguss|97/100|[from] drain|[of] p2a: Chesnaught
|
|upkeep
|turn|5
|
|t:|1743894974
|move|p1a: Amoonguss|Sludge Bomb|p2a: Chesnaught
|-immune|p2a: Chesnaught|[from] ability: Bulletproof
|move|p2a: Chesnaught|Iron Defense|p2a: Chesnaught
|-boost|p2a: Chesnaught|def|2
|
|-fieldend|move: Trick Room
|upkeep
|turn|6
|
|t:|1743894982
|move|p2a: Chesnaught|Leech Seed|p1a: Amoonguss
|-immune|p1a: Amoonguss
|move|p1a: Amoonguss|Toxic|p2a: Chesnaught
|-status|p2a: Chesnaught|tox
|
|-damage|p2a: Chesnaught|65/100 tox|[from] psn
|upkeep
|turn|7
|c|☆Palhaca Demonia|I have a
|c|☆Palhaca Demonia|question
|c|☆Palhaca Demonia|hummmmmmmmm
|c|☆Palhaca Demonia|if i do this?
|
|t:|1743895010
|switch|p1a: Houndoom|Houndoom, F|100/100
|-terastallize|p2a: Chesnaught|Steel
|move|p2a: Chesnaught|Iron Defense|p2a: Chesnaught
|-boost|p2a: Chesnaught|def|2
|
|-damage|p2a: Chesnaught|53/100 tox|[from] psn
|upkeep
|turn|8
|c|☆Palhaca Demonia|yea still poisoned
|c|☆Palhaca Demonia|well
|
|t:|1743895021
|move|p1a: Houndoom|Fire Blast|p2a: Chesnaught
|-supereffective|p2a: Chesnaught
|-damage|p2a: Chesnaught|0 fnt
|faint|p2a: Chesnaught
|
|upkeep
|c|☆Palhaca Demonia|tried
|
|t:|1743895025
|switch|p2a: Clodsire|Clodsire, F|100/100
|turn|9
|c|☆Ep1c_Squ1d|worth a shot lol
|inactive|Battle timer is ON: inactive players will automatically lose when time's up. (requested by Palhaca Demonia)
|
|t:|1743895035
|move|p1a: Houndoom|Fire Blast|p2a: Clodsire
|-damage|p2a: Clodsire|72/100
|move|p2a: Clodsire|Spikes|p1a: Houndoom
|-sidestart|p1: Ep1c_Squ1d|Spikes
|
|-heal|p2a: Clodsire|78/100|[from] item: Black Sludge
|upkeep
|turn|10
|
|t:|1743895042
|switch|p1a: Quaquaval|Quaquaval, M|100/100
|-damage|p1a: Quaquaval|88/100|[from] Spikes
|move|p2a: Clodsire|Spikes|p1a: Quaquaval
|-sidestart|p1: Ep1c_Squ1d|Spikes
|
|-heal|p2a: Clodsire|84/100|[from] item: Black Sludge
|upkeep
|turn|11
|
|t:|1743895050
|-terastallize|p1a: Quaquaval|Water
|move|p1a: Quaquaval|Aqua Step|p2a: Clodsire
|-heal|p2a: Clodsire|100/100|[from] ability: Water Absorb|[of] p1a: Quaquaval
|move|p2a: Clodsire|Spikes|p1a: Quaquaval
|-sidestart|p1: Ep1c_Squ1d|Spikes
|
|upkeep
|turn|12
|c|☆Palhaca Demonia|does he know
|
|t:|1743895060
|move|p1a: Quaquaval|Ice Spinner|p2a: Clodsire
|-supereffective|p2a: Clodsire
|-damage|p2a: Clodsire|38/100
|move|p2a: Clodsire|Toxic|p1a: Quaquaval
|-status|p1a: Quaquaval|tox
|
|-heal|p2a: Clodsire|44/100|[from] item: Black Sludge
|-damage|p1a: Quaquaval|82/100 tox|[from] psn
|upkeep
|turn|13
|
|t:|1743895073
|switch|p2a: Klefki|Klefki, M|76/100
|move|p1a: Quaquaval|Ice Spinner|p2a: Klefki
|-resisted|p2a: Klefki
|-damage|p2a: Klefki|63/100
|
|-damage|p1a: Quaquaval|70/100 tox|[from] psn
|upkeep
|turn|14
|
|t:|1743895082
|move|p2a: Klefki|Reflect|p2a: Klefki
|-sidestart|p2: Palhaca Demonia|Reflect
|move|p1a: Quaquaval|Brick Break|p2a: Klefki
|-sideend|p2: Palhaca Demonia|Reflect
|-damage|p2a: Klefki|28/100
|
|-damage|p1a: Quaquaval|52/100 tox|[from] psn
|upkeep
|turn|15
|
|t:|1743895088
|move|p1a: Quaquaval|Brick Break|p2a: Klefki
|-damage|p2a: Klefki|0 fnt
|faint|p2a: Klefki
|
|-damage|p1a: Quaquaval|27/100 tox|[from] psn
|upkeep
|
|t:|1743895092
|switch|p2a: Scream Tail|Scream Tail|100/100
|turn|16
|
|t:|1743895098
|move|p2a: Scream Tail|Protect|p2a: Scream Tail
|-singleturn|p2a: Scream Tail|Protect
|move|p1a: Quaquaval|Aqua Step|p2a: Scream Tail
|-activate|p2a: Scream Tail|move: Protect
|
|-damage|p1a: Quaquaval|0 fnt|[from] psn
|faint|p1a: Quaquaval
|upkeep
|
|t:|1743895114
|switch|p1a: Abomasnow|Abomasnow, M|100/100
|-weather|Snowscape|[from] ability: Snow Warning|[of] p1a: Abomasnow
|turn|17
|
|t:|1743895121
|-end|p2a: Scream Tail|Protosynthesis|[silent]
|switch|p2a: Mienshao|Mienshao, F|100/100
|move|p1a: Abomasnow|Aurora Veil|p1a: Abomasnow
|-sidestart|p1: Ep1c_Squ1d|move: Aurora Veil
|
|-weather|Snowscape|[upkeep]
|upkeep
|turn|18
|
|t:|1743895141
|switch|p1a: Polteageist|Polteageist|100/100
|-damage|p1a: Polteageist|76/100|[from] Spikes
|move|p2a: Mienshao|U-turn|p1a: Polteageist
|-resisted|p1a: Polteageist
|-damage|p1a: Polteageist|64/100
|-ability|p1a: Polteageist|Weak Armor|boost
|-unboost|p1a: Polteageist|def|1
|-boost|p1a: Polteageist|spe|2
|-enditem|p1a: Polteageist|White Herb
|-clearnegativeboost|p1a: Polteageist|[silent]
|
|t:|1743895144
|switch|p2a: Scream Tail|Scream Tail|100/100|[from] U-turn
|
|-weather|Snowscape|[upkeep]
|upkeep
|turn|19
|
|t:|1743895156
|move|p2a: Scream Tail|Trick|p1a: Polteageist
|-activate|p2a: Scream Tail|move: Trick|[of] p1a: Polteageist
|-item|p1a: Polteageist|Choice Scarf|[from] move: Trick
|-enditem|p2a: Scream Tail|Choice Scarf|[silent]|[from] move: Trick
|move|p1a: Polteageist|Shell Smash|p1a: Polteageist
|-unboost|p1a: Polteageist|def|1
|-unboost|p1a: Polteageist|spd|1
|-boost|p1a: Polteageist|atk|2
|-boost|p1a: Polteageist|spa|2
|-boost|p1a: Polteageist|spe|2
|
|-weather|Snowscape|[upkeep]
|upkeep
|turn|20
|
|t:|1743895169
|switch|p1a: Amoonguss|Amoonguss, M|97/100
|move|p2a: Scream Tail|Stealth Rock|p1a: Amoonguss
|-sidestart|p1: Ep1c_Squ1d|move: Stealth Rock
|
|-weather|Snowscape|[upkeep]
|upkeep
|turn|21
|
|t:|1743895175
|-end|p2a: Scream Tail|Protosynthesis|[silent]
|switch|p2a: Clodsire|Clodsire, F|44/100
|move|p1a: Amoonguss|Toxic|p2a: Clodsire
|-immune|p2a: Clodsire
|
|-weather|none
|-heal|p2a: Clodsire|50/100|[from] item: Black Sludge
|-sideend|p1: Ep1c_Squ1d|move: Aurora Veil
|upkeep
|turn|22
|
|t:|1743895194
|move|p1a: Amoonguss|Giga Drain|p2a: Clodsire
|-damage|p2a: Clodsire|33/100
|-heal|p1a: Amoonguss|100/100|[from] drain|[of] p2a: Clodsire
|move|p2a: Clodsire|Recover|p2a: Clodsire
|-heal|p2a: Clodsire|83/100
|
|-heal|p2a: Clodsire|90/100|[from] item: Black Sludge
|upkeep
|turn|23
|
|t:|1743895202
|move|p1a: Amoonguss|Giga Drain|p2a: Clodsire
|-damage|p2a: Clodsire|73/100
|move|p2a: Clodsire|Earthquake|p1a: Amoonguss
|-crit|p1a: Amoonguss
|-damage|p1a: Amoonguss|54/100
|
|-heal|p2a: Clodsire|80/100|[from] item: Black Sludge
|upkeep
|turn|24
|
|t:|1743895209
|move|p1a: Amoonguss|Giga Drain|p2a: Clodsire
|-damage|p2a: Clodsire|61/100
|-heal|p1a: Amoonguss|64/100|[from] drain|[of] p2a: Clodsire
|move|p2a: Clodsire|Earthquake|p1a: Amoonguss
|-damage|p1a: Amoonguss|37/100
|
|-heal|p2a: Clodsire|68/100|[from] item: Black Sludge
|upkeep
|turn|25
|
|t:|1743895218
|switch|p1a: Abomasnow|Abomasnow, M|100/100
|-weather|Snowscape|[from] ability: Snow Warning|[of] p1a: Abomasnow
|move|p2a: Clodsire|Recover|p2a: Clodsire
|-heal|p2a: Clodsire|100/100
|
|-weather|Snowscape|[upkeep]
|upkeep
|turn|26
|
|t:|1743895226
|move|p1a: Abomasnow|Aurora Veil|p1a: Abomasnow
|-sidestart|p1: Ep1c_Squ1d|move: Aurora Veil
|move|p2a: Clodsire|Toxic|p1a: Abomasnow
|-status|p1a: Abomasnow|tox
|
|-weather|Snowscape|[upkeep]
|-damage|p1a: Abomasnow|94/100 tox|[from] psn
|upkeep
|turn|27
|
|t:|1743895235
|move|p1a: Abomasnow|Blizzard|p2a: Clodsire
|-supereffective|p2a: Clodsire
|-damage|p2a: Clodsire|46/100
|move|p2a: Clodsire|Earthquake|p1a: Abomasnow
|-resisted|p1a: Abomasnow
|-damage|p1a: Abomasnow|89/100 tox
|
|-weather|Snowscape|[upkeep]
|-heal|p2a: Clodsire|52/100|[from] item: Black Sludge
|-damage|p1a: Abomasnow|77/100 tox|[from] psn
|upkeep
|turn|28
|
|t:|1743895244
|move|p1a: Abomasnow|Blizzard|p2a: Clodsire
|-supereffective|p2a: Clodsire
|-damage|p2a: Clodsire|0 fnt
|faint|p2a: Clodsire
|
|-weather|Snowscape|[upkeep]
|-damage|p1a: Abomasnow|59/100 tox|[from] psn
|upkeep
|
|t:|1743895250
|switch|p2a: Mienshao|Mienshao, F|100/100
|turn|29
|
|t:|1743895258
|switch|p1a: Houndoom|Houndoom, F|100/100
|-damage|p1a: Houndoom|76/100|[from] Spikes
|-damage|p1a: Houndoom|51/100|[from] Stealth Rock
|move|p2a: Mienshao|Close Combat|p1a: Houndoom
|-supereffective|p1a: Houndoom
|-damage|p1a: Houndoom|0 fnt
|-unboost|p2a: Mienshao|def|1
|-unboost|p2a: Mienshao|spd|1
|faint|p1a: Houndoom
|
|-weather|none
|upkeep
|
|t:|1743895274
|switch|p1a: Oranguru|Oranguru, F|41/100
|-damage|p1a: Oranguru|17/100|[from] Spikes
|-damage|p1a: Oranguru|4/100|[from] Stealth Rock
|turn|30
|
|t:|1743895290
|move|p2a: Mienshao|Close Combat|p1a: Oranguru
|-damage|p1a: Oranguru|0 fnt
|-unboost|p2a: Mienshao|def|1
|-unboost|p2a: Mienshao|spd|1
|faint|p1a: Oranguru
|
|-sideend|p1: Ep1c_Squ1d|move: Aurora Veil
|upkeep
|
|t:|1743895302
|switch|p1a: Abomasnow|Abomasnow, M|59/100 tox
|-weather|Snowscape|[from] ability: Snow Warning|[of] p1a: Abomasnow
|turn|31
|
|t:|1743895310
|move|p2a: Mienshao|Close Combat|p1a: Abomasnow
|-supereffective|p1a: Abomasnow
|-damage|p1a: Abomasnow|0 fnt
|-unboost|p2a: Mienshao|def|1
|-unboost|p2a: Mienshao|spd|1
|faint|p1a: Abomasnow
|
|-weather|Snowscape|[upkeep]
|upkeep
|
|t:|1743895317
|switch|p1a: Amoonguss|Amoonguss, M|37/100
|turn|32
|
|t:|1743895325
|move|p2a: Mienshao|Close Combat|p1a: Amoonguss
|-resisted|p1a: Amoonguss
|-damage|p1a: Amoonguss|4/100
|-unboost|p2a: Mienshao|def|1
|-unboost|p2a: Mienshao|spd|1
|move|p1a: Amoonguss|Sludge Bomb|p2a: Mienshao
|-crit|p2a: Mienshao
|-damage|p2a: Mienshao|0 fnt
|faint|p2a: Mienshao
|
|-weather|Snowscape|[upkeep]
|upkeep
|
|t:|1743895329
|switch|p2a: Noivern|Noivern, F|100/100
|turn|33
|
|t:|1743895341
|move|p2a: Noivern|Dragon Pulse|p1a: Amoonguss
|-damage|p1a: Amoonguss|0 fnt
|faint|p1a: Amoonguss
|
|-weather|Snowscape|[upkeep]
|upkeep
|
|t:|1743895345
|switch|p1a: Polteageist|Polteageist|64/100
|-damage|p1a: Polteageist|40/100|[from] Spikes
|-damage|p1a: Polteageist|27/100|[from] Stealth Rock
|turn|34
|
|t:|1743895353
|move|p2a: Noivern|Dragon Pulse|p1a: Polteageist
|-damage|p1a: Polteageist|0 fnt
|faint|p1a: Polteageist
|
|win|Palhaca Demonia
|raw|Ep1c_Squ1d's rating: 1123 &rarr; <strong>1095</strong><br />(-28 for losing)
|raw|Palhaca Demonia's rating: 1083 &rarr; <strong>1114</strong><br />(+31 for winning)
|l|☆Palhaca Demonia
|player|p2|
|c|☆Ep1c_Squ1d|gg
|l|☆Ep1c_Squ1d
|player|p1|
