|j|☆vc nhhjkl
|j|☆arixtides
|t:|1743897862
|gametype|singles
|player|p1|vc nhhjkl|1|1137
|player|p2|arixtides|guitarist-gen4|1179
|teamsize|p1|6
|teamsize|p2|6
|gen|9
|tier|[Gen 9] OU
|rated|
|rule|HP Percentage Mod: HP is shown in percentages
|rule|Endless Battle Clause: Forcing endless battles is banned
|rule|Species Clause: Limit one of each Pokémon
|rule|OHKO Clause: OHKO moves are banned
|rule|Evasion Items Clause: Evasion items are banned
|rule|Evasion Moves Clause: Evasion moves are banned
|rule|Sleep Moves Clause: Sleep-inducing moves are banned
|clearpoke
|poke|p1|Drifblim, M|
|poke|p1|Rampardos, M|
|poke|p1|Magnezone|
|poke|p1|Rhydon, M|
|poke|p1|Lanturn, F|
|poke|p1|Swanna, M|
|poke|p2|Sandy Shocks|
|poke|p2|Walking Wake|
|poke|p2|Torkoal, F|
|poke|p2|Great Tusk|
|poke|p2|Leavanny, F|
|poke|p2|Ceruledge, F|
|teampreview
|inactive|Battle timer is ON: inactive players will automatically lose when time's up. (requested by arixtides)
|
|t:|1743897871
|start
|switch|p1a: Rampardos|Rampardos, M|100/100
|switch|p2a: Tork5.3|Torkoal, F|100/100
|-weather|SunnyDay|[from] ability: Drought|[of] p2a: Tork5.3
|turn|1
|
|t:|1743897880
|switch|p2a: Sandy Shocks|Sandy Shocks|100/100
|-activate|p2a: Sandy Shocks|ability: Protosynthesis
|-start|p2a: Sandy Shocks|protosynthesisspa
|move|p1a: Rampardos|Head Smash|p2a: Sandy Shocks
|-resisted|p2a: Sandy Shocks
|-damage|p2a: Sandy Shocks|28/100
|-damage|p1a: Rampardos|67/100|[from] Recoil
|-damage|p1a: Rampardos|57/100|[from] item: Life Orb
|
|-weather|SunnyDay|[upkeep]
|upkeep
|turn|2
|
|t:|1743897890
|switch|p1a: Lanturn|Lanturn, F|100/100
|move|p2a: Sandy Shocks|Earth Power|p1a: Lanturn
|-supereffective|p1a: Lanturn
|-crit|p1a: Lanturn
|-damage|p1a: Lanturn|0 fnt
|faint|p1a: Lanturn
|
|-weather|SunnyDay|[upkeep]
|upkeep
|
|t:|1743897903
|switch|p1a: Drifblim|Drifblim, M|100/100
|turn|3
|
|t:|1743897912
|move|p2a: Sandy Shocks|Thunderbolt|p1a: Drifblim
|-supereffective|p1a: Drifblim
|-enditem|p1a: Drifblim|Focus Sash
|-damage|p1a: Drifblim|1/100
|move|p1a: Drifblim|Psychic|p2a: Sandy Shocks
|-damage|p2a: Sandy Shocks|11/100
|-unboost|p2a: Sandy Shocks|spd|1
|
|-weather|SunnyDay|[upkeep]
|upkeep
|turn|4
|
|t:|1743897918
|move|p1a: Drifblim|Tailwind|p1a: Drifblim
|-sidestart|p1: vc nhhjkl|move: Tailwind
|move|p2a: Sandy Shocks|Volt Switch|p1a: Drifblim
|-supereffective|p1a: Drifblim
|-damage|p1a: Drifblim|0 fnt
|faint|p1a: Drifblim
|
|t:|1743897929
|-end|p2a: Sandy Shocks|Protosynthesis|[silent]
|switch|p2a: Leavanny 2|Leavanny, F|100/100|[from] Volt Switch
|
|-weather|SunnyDay|[upkeep]
|upkeep
|
|t:|1743897938
|switch|p1a: Swanna|Swanna, M|100/100
|turn|5
|
|t:|1743897941
|move|p1a: Swanna|Ice Beam|p2a: Leavanny 2
|-supereffective|p2a: Leavanny 2
|-damage|p2a: Leavanny 2|37/100
|move|p2a: Leavanny 2|Sticky Web|p1a: Swanna
|-sidestart|p1: vc nhhjkl|move: Sticky Web
|
|-weather|SunnyDay|[upkeep]
|upkeep
|turn|6
|
|t:|1743897946
|move|p1a: Swanna|Ice Beam|p2a: Leavanny 2
|-supereffective|p2a: Leavanny 2
|-damage|p2a: Leavanny 2|0 fnt
|faint|p2a: Leavanny 2
|
|-weather|SunnyDay|[upkeep]
|upkeep
|
|t:|1743897950
|switch|p2a: Sandy Shocks|Sandy Shocks|11/100
|-activate|p2a: Sandy Shocks|ability: Protosynthesis
|-start|p2a: Sandy Shocks|protosynthesisspa
|turn|7
|
|t:|1743897957
|move|p1a: Swanna|Ice Beam|p2a: Sandy Shocks
|-supereffective|p2a: Sandy Shocks
|-damage|p2a: Sandy Shocks|0 fnt
|faint|p2a: Sandy Shocks
|-end|p2a: Sandy Shocks|Protosynthesis|[silent]
|
|-weather|SunnyDay|[upkeep]
|-sideend|p1: vc nhhjkl|move: Tailwind
|upkeep
|
|t:|1743897962
|switch|p2a: Walking Wake 2.1|Walking Wake|100/100
|-activate|p2a: Walking Wake 2.1|ability: Protosynthesis
|-start|p2a: Walking Wake 2.1|protosynthesisspe
|turn|8
|
|t:|1743897968
|switch|p1a: Rhydon|Rhydon, M|100/100
|-activate|p1a: Rhydon|move: Sticky Web
|-unboost|p1a: Rhydon|spe|1
|-terastallize|p2a: Walking Wake 2.1|Fairy
|move|p2a: Walking Wake 2.1|Draco Meteor|p1a: Rhydon
|-damage|p1a: Rhydon|7/100
|-unboost|p2a: Walking Wake 2.1|spa|2
|-damage|p2a: Walking Wake 2.1|91/100|[from] item: Life Orb
|
|-weather|none
|-end|p2a: Walking Wake 2.1|Protosynthesis
|upkeep
|turn|9
|
|t:|1743897974
|move|p2a: Walking Wake 2.1|Hydro Steam|p1a: Rhydon
|-supereffective|p1a: Rhydon
|-damage|p1a: Rhydon|0 fnt
|faint|p1a: Rhydon
|-damage|p2a: Walking Wake 2.1|81/100|[from] item: Life Orb
|
|upkeep
|
|t:|1743897976
|switch|p1a: Swanna|Swanna, M|100/100
|turn|10
|
|t:|1743897979
|-end|p2a: Walking Wake 2.1|Protosynthesis|[silent]
|switch|p2a: Tork5.3|Torkoal, F|100/100
|-weather|SunnyDay|[from] ability: Drought|[of] p2a: Tork5.3
|move|p1a: Swanna|Defog|p2a: Tork5.3
|-unboost|p2a: Tork5.3|evasion|1
|-sideend|p1: vc nhhjkl|Sticky Web|[from] move: Defog|[of] p1a: Swanna
|
|-weather|SunnyDay|[upkeep]
|upkeep
|turn|11
|
|t:|1743897983
|move|p1a: Swanna|Surf|p2a: Tork5.3
|-supereffective|p2a: Tork5.3
|-damage|p2a: Tork5.3|66/100
|move|p2a: Tork5.3|Stealth Rock|p1a: Swanna
|-sidestart|p1: vc nhhjkl|move: Stealth Rock
|
|-weather|SunnyDay|[upkeep]
|upkeep
|turn|12
|
|t:|1743897990
|switch|p2a: Walking Wake 2.1|Walking Wake, tera:Fairy|81/100
|-activate|p2a: Walking Wake 2.1|ability: Protosynthesis
|-start|p2a: Walking Wake 2.1|protosynthesisspe
|move|p1a: Swanna|Defog|p2a: Walking Wake 2.1
|-unboost|p2a: Walking Wake 2.1|evasion|1
|-sideend|p1: vc nhhjkl|Stealth Rock|[from] move: Defog|[of] p1a: Swanna
|
|-weather|SunnyDay|[upkeep]
|upkeep
|turn|13
|
|t:|1743897999
|move|p2a: Walking Wake 2.1|Draco Meteor|p1a: Swanna
|-damage|p1a: Swanna|0 fnt
|-unboost|p2a: Walking Wake 2.1|spa|2
|faint|p1a: Swanna
|-damage|p2a: Walking Wake 2.1|71/100|[from] item: Life Orb
|
|-weather|SunnyDay|[upkeep]
|upkeep
|
|t:|1743898003
|switch|p1a: Magnezone|Magnezone|100/100
|turn|14
|
|t:|1743898006
|move|p2a: Walking Wake 2.1|Flamethrower|p1a: Magnezone
|-supereffective|p1a: Magnezone
|-damage|p1a: Magnezone|40/100
|-damage|p2a: Walking Wake 2.1|61/100|[from] item: Life Orb
|move|p1a: Magnezone|Flash Cannon|p2a: Walking Wake 2.1
|-supereffective|p2a: Walking Wake 2.1
|-damage|p2a: Walking Wake 2.1|0 fnt
|faint|p2a: Walking Wake 2.1
|-end|p2a: Walking Wake 2.1|Protosynthesis|[silent]
|
|-weather|SunnyDay|[upkeep]
|upkeep
|
|t:|1743898010
|switch|p2a: Ceruledge|Ceruledge, F|100/100
|turn|15
|
|t:|1743898014
|move|p2a: Ceruledge|Solar Blade||[still]
|-prepare|p2a: Ceruledge|Solar Blade
|-anim|p2a: Ceruledge|Solar Blade|p1a: Magnezone
|-resisted|p1a: Magnezone
|-damage|p1a: Magnezone|19/100
|move|p1a: Magnezone|Volt Switch|p2a: Ceruledge
|-damage|p2a: Ceruledge|44/100
|
|t:|1743898016
|switch|p1a: Rampardos|Rampardos, M|57/100|[from] Volt Switch
|
|-weather|SunnyDay|[upkeep]
|upkeep
|turn|16
|
|t:|1743898019
|move|p2a: Ceruledge|Solar Blade||[still]
|-prepare|p2a: Ceruledge|Solar Blade
|-anim|p2a: Ceruledge|Solar Blade|p1a: Rampardos
|-supereffective|p1a: Rampardos
|-damage|p1a: Rampardos|0 fnt
|faint|p1a: Rampardos
|
|-weather|SunnyDay|[upkeep]
|upkeep
|
|t:|1743898022
|switch|p1a: Magnezone|Magnezone|19/100
|turn|17
|-message|vc nhhjkl forfeited.
|
|win|arixtides
|raw|vc nhhjkl's rating: 1137 &rarr; <strong>1115</strong><br />(-22 for losing)
|raw|arixtides's rating: 1179 &rarr; <strong>1201</strong><br />(+22 for winning)
|l|☆vc nhhjkl
|player|p1|
|l|☆arixtides
|player|p2|
