|j|☆Yun18
|j|☆hey you're
|t:|1743938430
|gametype|singles
|player|p1|Yun18|aaron|1508
|player|p2|hey you're|blackbelt-gen4dp|1442
|teamsize|p1|6
|teamsize|p2|6
|gen|9
|tier|[Gen 9] OU
|rated|
|rule|HP Percentage Mod: HP is shown in percentages
|rule|Endless Battle Clause: Forcing endless battles is banned
|rule|Species Clause: Limit one of each Pokémon
|rule|OHKO Clause: OHKO moves are banned
|rule|Evasion Items Clause: Evasion items are banned
|rule|Evasion Moves Clause: Evasion moves are banned
|rule|Sleep Moves Clause: Sleep-inducing moves are banned
|clearpoke
|poke|p1|Kyurem|
|poke|p1|Skarmory, M|
|poke|p1|Samurott-Hisui, M|
|poke|p1|Dragapult, F|
|poke|p1|Slowking-Galar, F|
|poke|p1|Gliscor, M|
|poke|p2|Iron Hands|
|poke|p2|Ogerpon-Wellspring, F|
|poke|p2|Scizor, F|
|poke|p2|Polteageist|
|poke|p2|Indeedee, M|
|poke|p2|Regidrago|
|teampreview
|inactive|Battle timer is ON: inactive players will automatically lose when time's up. (requested by Yun18)
|
|t:|1743938438
|start
|switch|p1a: Dragapult|Dragapult, F|100/100
|switch|p2a: Iron Hands|Iron Hands, shiny|100/100
|turn|1
|
|t:|1743938449
|switch|p1a: Skarmory|Skarmory, M|100/100
|move|p2a: Iron Hands|Ice Punch|p1a: Skarmory
|-damage|p1a: Skarmory|82/100
|-damage|p2a: Iron Hands|84/100|[from] item: Rocky Helmet|[of] p1a: Skarmory
|
|-heal|p2a: Iron Hands|90/100|[from] item: Leftovers
|upkeep
|turn|2
|
|t:|1743938454
|move|p1a: Skarmory|Stealth Rock|p2a: Iron Hands
|-sidestart|p2: hey you're|move: Stealth Rock
|move|p2a: Iron Hands|Supercell Slam|p1a: Skarmory
|-supereffective|p1a: Skarmory
|-damage|p1a: Skarmory|10/100
|-damage|p2a: Iron Hands|74/100|[from] item: Rocky Helmet|[of] p1a: Skarmory
|
|-heal|p2a: Iron Hands|80/100|[from] item: Leftovers
|upkeep
|turn|3
|
|t:|1743938461
|move|p1a: Skarmory|Roost|p1a: Skarmory
|-heal|p1a: Skarmory|60/100
|-singleturn|p1a: Skarmory|move: Roost
|move|p2a: Iron Hands|Drain Punch|p1a: Skarmory
|-supereffective|p1a: Skarmory
|-damage|p1a: Skarmory|0 fnt
|-heal|p2a: Iron Hands|100/100|[from] drain|[of] p1a: Skarmory
|-damage|p2a: Iron Hands|84/100|[from] item: Rocky Helmet|[of] p1a: Skarmory
|faint|p1a: Skarmory
|
|-heal|p2a: Iron Hands|90/100|[from] item: Leftovers
|upkeep
|
|t:|1743938468
|switch|p1a: Slowking|Slowking-Galar, F|100/100
|turn|4
|
|t:|1743938472
|move|p2a: Iron Hands|Earthquake|p1a: Slowking
|-supereffective|p1a: Slowking
|-damage|p1a: Slowking|20/100
|move|p1a: Slowking|Psychic Noise|p2a: Iron Hands
|-supereffective|p2a: Iron Hands
|-damage|p2a: Iron Hands|46/100
|-start|p2a: Iron Hands|move: Heal Block
|
|upkeep
|turn|5
|
|t:|1743938481
|move|p2a: Iron Hands|Ice Punch|p1a: Slowking
|-damage|p1a: Slowking|0 fnt
|faint|p1a: Slowking
|
|-end|p2a: Iron Hands|move: Heal Block
|upkeep
|
|t:|1743938488
|switch|p1a: Kyurem|Kyurem|100/100
|-ability|p1a: Kyurem|Pressure
|turn|6
|
|t:|1743938492
|-terastallize|p1a: Kyurem|Fairy
|-terastallize|p2a: Iron Hands|Flying
|move|p1a: Kyurem|Earth Power|p2a: Iron Hands
|-immune|p2a: Iron Hands
|move|p2a: Iron Hands|Drain Punch|p1a: Kyurem
|-resisted|p1a: Kyurem
|-damage|p1a: Kyurem|77/100
|-heal|p2a: Iron Hands|56/100|[from] drain|[of] p1a: Kyurem
|
|-heal|p2a: Iron Hands|62/100|[from] item: Leftovers
|upkeep
|turn|7
|
|t:|1743938501
|-end|p2a: Iron Hands|Quark Drive|[silent]
|switch|p2a: Indeedee|Indeedee, M|100/100
|-damage|p2a: Indeedee|88/100|[from] Stealth Rock
|-fieldstart|move: Psychic Terrain|[from] ability: Psychic Surge|[of] p2a: Indeedee
|move|p1a: Kyurem|Ice Beam|p2a: Indeedee
|-damage|p2a: Indeedee|29/100
|
|upkeep
|turn|8
|
|t:|1743938505
|move|p1a: Kyurem|Ice Beam|p2a: Indeedee
|-damage|p2a: Indeedee|0 fnt
|faint|p2a: Indeedee
|
|upkeep
|
|t:|1743938508
|switch|p2a: Scizor|Scizor, F|100/100
|turn|9
|
|t:|1743938511
|switch|p1a: Gliscor|Gliscor, M|100/100
|move|p2a: Scizor|Defog|p1a: Gliscor
|-unboost|p1a: Gliscor|evasion|1
|-sideend|p2: hey you're|Stealth Rock|[from] move: Defog|[of] p2a: Scizor
|-fieldend|move: Psychic Terrain
|
|-status|p1a: Gliscor|tox|[from] item: Toxic Orb
|upkeep
|turn|10
|
|t:|1743938516
|move|p1a: Gliscor|Knock Off|p2a: Scizor
|-damage|p2a: Scizor|76/100
|-enditem|p2a: Scizor|Heavy-Duty Boots|[from] move: Knock Off|[of] p1a: Gliscor
|move|p2a: Scizor|Swords Dance|p2a: Scizor
|-boost|p2a: Scizor|atk|2
|
|upkeep
|turn|11
|
|t:|1743938521
|move|p2a: Scizor|Bullet Punch|p1a: Gliscor
|-damage|p1a: Gliscor|60/100 tox
|move|p1a: Gliscor|Earthquake|p2a: Scizor
|-damage|p2a: Scizor|39/100
|
|-heal|p1a: Gliscor|73/100 tox|[from] ability: Poison Heal
|upkeep
|turn|12
|
|t:|1743938527
|move|p1a: Gliscor|Earthquake|p2a: Scizor
|-damage|p2a: Scizor|2/100
|move|p2a: Scizor|Swords Dance|p2a: Scizor
|-boost|p2a: Scizor|atk|2
|
|-heal|p1a: Gliscor|85/100 tox|[from] ability: Poison Heal
|upkeep
|turn|13
|
|t:|1743938531
|move|p2a: Scizor|Bullet Punch|p1a: Gliscor
|-damage|p1a: Gliscor|20/100 tox
|move|p1a: Gliscor|Earthquake|p2a: Scizor
|-damage|p2a: Scizor|0 fnt
|faint|p2a: Scizor
|
|-heal|p1a: Gliscor|33/100 tox|[from] ability: Poison Heal
|upkeep
|
|t:|1743938535
|switch|p2a: Ogerpon|Ogerpon-Wellspring, F|100/100
|turn|14
|
|t:|1743938550
|switch|p1a: Dragapult|Dragapult, F|100/100
|move|p2a: Ogerpon|Ivy Cudgel|p1a: Dragapult|[anim] Ivy Cudgel Water
|-resisted|p1a: Dragapult
|-damage|p1a: Dragapult|56/100
|
|upkeep
|turn|15
|
|t:|1743938559
|switch|p2a: Regidrago|Regidrago|100/100
|move|p1a: Dragapult|U-turn|p2a: Regidrago
|-damage|p2a: Regidrago|81/100
|
|t:|1743938564
|switch|p1a: Kyurem|Kyurem, tera:Fairy|77/100|[from] U-turn
|-ability|p1a: Kyurem|Pressure
|
|upkeep
|turn|16
|
|t:|1743938569
|move|p2a: Regidrago|Tera Blast|p1a: Kyurem
|-damage|p1a: Kyurem|55/100
|move|p1a: Kyurem|Ice Beam|p2a: Regidrago
|-supereffective|p2a: Regidrago
|-damage|p2a: Regidrago|0 fnt
|faint|p2a: Regidrago
|
|upkeep
|
|t:|1743938574
|switch|p2a: Ogerpon|Ogerpon-Wellspring, F|100/100
|turn|17
|
|t:|1743938584
|move|p2a: Ogerpon|Ivy Cudgel|p1a: Kyurem|[anim] Ivy Cudgel Water
|-damage|p1a: Kyurem|0 fnt
|faint|p1a: Kyurem
|
|upkeep
|
|t:|1743938588
|switch|p1a: Dragapult|Dragapult, F|56/100
|turn|18
|
|t:|1743938591
|move|p1a: Dragapult|Dragon Darts|p2a: Ogerpon
|-damage|p2a: Ogerpon|74/100
|-anim|p1a: Dragapult|Dragon Darts|p2a: Ogerpon
|-damage|p2a: Ogerpon|47/100
|move|p2a: Ogerpon|Ivy Cudgel|p1a: Dragapult|[anim] Ivy Cudgel Water
|-resisted|p1a: Dragapult
|-damage|p1a: Dragapult|9/100
|
|upkeep
|turn|19
|
|t:|1743938595
|move|p1a: Dragapult|Dragon Darts|p2a: Ogerpon
|-damage|p2a: Ogerpon|18/100
|-anim|p1a: Dragapult|Dragon Darts|p2a: Ogerpon
|-damage|p2a: Ogerpon|0 fnt
|faint|p2a: Ogerpon
|
|upkeep
|
|t:|1743938599
|switch|p2a: Iron Hands|Iron Hands, shiny, tera:Flying|62/100
|turn|20
|
|t:|1743938616
|move|p1a: Dragapult|Dragon Darts|p2a: Iron Hands
|-damage|p2a: Iron Hands|47/100
|-anim|p1a: Dragapult|Dragon Darts|p2a: Iron Hands
|-damage|p2a: Iron Hands|33/100
|move|p2a: Iron Hands|Ice Punch|p1a: Dragapult
|-supereffective|p1a: Dragapult
|-damage|p1a: Dragapult|0 fnt
|faint|p1a: Dragapult
|
|-heal|p2a: Iron Hands|39/100|[from] item: Leftovers
|upkeep
|
|t:|1743938625
|switch|p1a: Samurott|Samurott-Hisui, M|100/100
|turn|21
|
|t:|1743938627
|move|p1a: Samurott|Aqua Cutter|p2a: Iron Hands
|-damage|p2a: Iron Hands|3/100
|move|p2a: Iron Hands|Drain Punch|p1a: Samurott
|-supereffective|p1a: Samurott
|-damage|p1a: Samurott|0 fnt
|-heal|p2a: Iron Hands|39/100|[from] drain|[of] p1a: Samurott
|faint|p1a: Samurott
|
|-heal|p2a: Iron Hands|45/100|[from] item: Leftovers
|upkeep
|-message|Yun18 forfeited.
|
|win|hey you're
|raw|Yun18's rating: 1508 &rarr; <strong>1484</strong><br />(-24 for losing)
|raw|hey you&apos;re's rating: 1442 &rarr; <strong>1466</strong><br />(+24 for winning)
|l|☆Yun18
|player|p1|
|l|☆hey you're
|player|p2|
