|j|☆levi6969
|j|☆lzyleo1
|t:|1743813907
|gametype|singles
|player|p1|levi6969|266|1310
|player|p2|lzyleo1|bruno|1320
|teamsize|p1|6
|teamsize|p2|6
|gen|9
|tier|[Gen 9] OU
|rated|
|rule|HP Percentage Mod: HP is shown in percentages
|rule|Endless Battle Clause: Forcing endless battles is banned
|rule|Species Clause: Limit one of each Pokémon
|rule|OHKO Clause: OHKO moves are banned
|rule|Evasion Items Clause: Evasion items are banned
|rule|Evasion Moves Clause: Evasion moves are banned
|rule|Sleep Moves Clause: Sleep-inducing moves are banned
|clearpoke
|poke|p1|Skarmory, F|
|poke|p1|Ting-Lu|
|poke|p1|Slowking-Galar, F|
|poke|p1|Skeledirge, F|
|poke|p1|Primarina, M|
|poke|p1|Decidueye-Hisui, F|
|poke|p2|Pikachu-Original, M|
|poke|p2|Ceruledge, F|
|poke|p2|Walking Wake|
|poke|p2|Garganacl, F|
|poke|p2|Great Tusk|
|poke|p2|Zapdos|
|teampreview
|inactive|Battle timer is ON: inactive players will automatically lose when time's up. (requested by levi6969)
|
|t:|1743813937
|start
|switch|p1a: Slowking|Slowking-Galar, F|100/100
|switch|p2a: Pika!!|Pikachu-Original, M|100/100
|turn|1
|
|t:|1743813945
|move|p2a: Pika!!|Substitute|p2a: Pika!!
|-start|p2a: Pika!!|Substitute
|-damage|p2a: Pika!!|76/100
|move|p1a: Slowking|Sludge Bomb|p2a: Pika!!
|-end|p2a: Pika!!|Substitute
|
|upkeep
|turn|2
|
|t:|1743813955
|move|p2a: Pika!!|Thunder Punch|p1a: Slowking
|-damage|p1a: Slowking|53/100
|move|p1a: Slowking|Sludge Bomb|p2a: Pika!!
|-damage|p2a: Pika!!|0 fnt
|faint|p2a: Pika!!
|
|upkeep
|
|t:|1743813968
|switch|p2a: Garganacl|Garganacl, F, shiny|100/100
|turn|3
|
|t:|1743813982
|move|p2a: Garganacl|Salt Cure|p1a: Slowking
|-damage|p1a: Slowking|39/100
|-start|p1a: Slowking|Salt Cure
|move|p1a: Slowking|Sludge Bomb|p2a: Garganacl
|-resisted|p2a: Garganacl
|-damage|p2a: Garganacl|80/100
|
|-heal|p2a: Garganacl|87/100|[from] item: Leftovers
|-damage|p1a: Slowking|26/100|[from] Salt Cure
|upkeep
|turn|4
|
|t:|1743813992
|switch|p1a: Ting-Lu|Ting-Lu|100/100
|-ability|p1a: Ting-Lu|Vessel of Ruin
|move|p2a: Garganacl|Stealth Rock|p1a: Ting-Lu
|-sidestart|p1: levi6969|move: Stealth Rock
|
|-heal|p2a: Garganacl|93/100|[from] item: Leftovers
|upkeep
|turn|5
|
|t:|1743814002
|move|p1a: Ting-Lu|Earthquake|p2a: Garganacl
|-supereffective|p2a: Garganacl
|-damage|p2a: Garganacl|14/100
|move|p2a: Garganacl|Salt Cure|p1a: Ting-Lu
|-resisted|p1a: Ting-Lu
|-damage|p1a: Ting-Lu|97/100
|-start|p1a: Ting-Lu|Salt Cure
|
|-heal|p2a: Garganacl|20/100|[from] item: Leftovers
|-damage|p1a: Ting-Lu|84/100|[from] Salt Cure
|upkeep
|turn|6
|
|t:|1743814014
|move|p2a: Garganacl|Protect|p2a: Garganacl
|-singleturn|p2a: Garganacl|Protect
|move|p1a: Ting-Lu|Earthquake|p2a: Garganacl
|-activate|p2a: Garganacl|move: Protect
|
|-heal|p2a: Garganacl|26/100|[from] item: Leftovers
|-damage|p1a: Ting-Lu|72/100|[from] Salt Cure
|upkeep
|turn|7
|
|t:|1743814026
|switch|p2a: Zapdos|Zapdos|100/100
|move|p1a: Ting-Lu|Earthquake|p2a: Zapdos
|-immune|p2a: Zapdos
|
|-damage|p1a: Ting-Lu|60/100|[from] Salt Cure
|upkeep
|turn|8
|
|t:|1743814037
|switch|p1a: Slowking|Slowking-Galar, F|59/100
|-damage|p1a: Slowking|47/100|[from] Stealth Rock
|move|p2a: Zapdos|Heat Wave|p1a: Slowking
|-damage|p1a: Slowking|28/100
|-status|p1a: Slowking|brn
|
|-damage|p1a: Slowking|22/100 brn|[from] brn
|upkeep
|turn|9
|
|t:|1743814049
|move|p2a: Zapdos|Volt Switch|p1a: Slowking
|-damage|p1a: Slowking|4/100 brn
|
|t:|1743814056
|switch|p2a: Garganacl|Garganacl, F, shiny|26/100|[from] Volt Switch
|move|p1a: Slowking|Ice Beam|p2a: Garganacl
|-damage|p2a: Garganacl|0 fnt
|faint|p2a: Garganacl
|
|-damage|p1a: Slowking|0 fnt|[from] brn
|faint|p1a: Slowking
|upkeep
|
|t:|1743814072
|switch|p2a: Ceruledge|Ceruledge, F|100/100
|switch|p1a: Decidueye|Decidueye-Hisui, F, shiny|100/100
|-damage|p1a: Decidueye|94/100|[from] Stealth Rock
|turn|10
|
|t:|1743814084
|-terastallize|p1a: Decidueye|Poison
|move|p2a: Ceruledge|Swords Dance|p2a: Ceruledge
|-boost|p2a: Ceruledge|atk|2
|move|p1a: Decidueye|Defog|p2a: Ceruledge
|-unboost|p2a: Ceruledge|evasion|1
|-sideend|p1: levi6969|Stealth Rock|[from] move: Defog|[of] p1a: Decidueye
|
|upkeep
|turn|11
|
|t:|1743814100
|move|p2a: Ceruledge|Swords Dance|p2a: Ceruledge
|-boost|p2a: Ceruledge|atk|2
|move|p1a: Decidueye|Triple Arrows|p2a: Ceruledge
|-damage|p2a: Ceruledge|52/100
|-ability|p2a: Ceruledge|Weak Armor|boost
|-unboost|p2a: Ceruledge|def|1
|-boost|p2a: Ceruledge|spe|2
|
|upkeep
|turn|12
|
|t:|1743814117
|switch|p1a: Primarina|Primarina, M|100/100
|move|p2a: Ceruledge|Bitter Blade|p1a: Primarina
|-resisted|p1a: Primarina
|-damage|p1a: Primarina|41/100
|-heal|p2a: Ceruledge|89/100|[from] drain|[of] p1a: Primarina
|
|-heal|p1a: Primarina|47/100|[from] item: Leftovers
|upkeep
|turn|13
|
|t:|1743814128
|move|p2a: Ceruledge|Bitter Blade|p1a: Primarina
|-resisted|p1a: Primarina
|-damage|p1a: Primarina|0 fnt
|-heal|p2a: Ceruledge|100/100|[from] drain|[of] p1a: Primarina
|faint|p1a: Primarina
|
|upkeep
|
|t:|1743814135
|switch|p1a: Ting-Lu|Ting-Lu|60/100
|-ability|p1a: Ting-Lu|Vessel of Ruin
|turn|14
|
|t:|1743814142
|move|p2a: Ceruledge|Bitter Blade|p1a: Ting-Lu
|-damage|p1a: Ting-Lu|0 fnt
|faint|p1a: Ting-Lu
|
|upkeep
|-message|levi6969 forfeited.
|
|win|lzyleo1
|raw|levi6969's rating: 1310 &rarr; <strong>1291</strong><br />(-19 for losing)
|raw|lzyleo1's rating: 1320 &rarr; <strong>1339</strong><br />(+19 for winning)
|l|☆levi6969
|player|p1|
|l|☆lzyleo1
|player|p2|
