|j|☆Xcro
|j|☆Amoody27
|t:|1743792908
|gametype|singles
|player|p1|Xcro|steven|1000
|player|p2|Amoody27|cyclist-gen4|1002
|teamsize|p1|6
|teamsize|p2|6
|gen|9
|tier|[Gen 9] OU
|rated|
|rule|HP Percentage Mod: HP is shown in percentages
|rule|Endless Battle Clause: Forcing endless battles is banned
|rule|Species Clause: Limit one of each Pokémon
|rule|OHKO Clause: OHKO moves are banned
|rule|Evasion Items Clause: Evasion items are banned
|rule|Evasion Moves Clause: Evasion moves are banned
|rule|Sleep Moves Clause: Sleep-inducing moves are banned
|clearpoke
|poke|p1|Combusken, M|
|poke|p1|Pikachu, M|
|poke|p1|Scraggy, M|
|poke|p1|Magneton|
|poke|p1|Frogadier, M|
|poke|p1|Trumbeak, F|
|poke|p2|Arcanine-Hisui, F|
|poke|p2|Primarina, M|
|poke|p2|Sinistcha|
|poke|p2|Slowbro-Galar, M|
|poke|p2|Magnezone|
|poke|p2|Mamoswine, F|
|teampreview
|
|t:|1743792928
|start
|switch|p1a: Bacon Cooker|Combusken, M, shiny|100/100
|switch|p2a: Magnezone|Magnezone|100/100
|turn|1
|
|t:|1743792950
|move|p1a: Bacon Cooker|Fire Spin|p2a: Magnezone
|-supereffective|p2a: Magnezone
|-damage|p2a: Magnezone|64/100
|-activate|p2a: Magnezone|move: Fire Spin|[of] p1a: Bacon Cooker
|move|p2a: Magnezone|Thunder Wave|p1a: Bacon Cooker
|-status|p1a: Bacon Cooker|par
|
|-heal|p2a: Magnezone|70/100|[from] item: Leftovers
|-damage|p2a: Magnezone|58/100|[from] move: Fire Spin|[partiallytrapped]
|-ability|p1a: Bacon Cooker|Speed Boost|boost
|-boost|p1a: Bacon Cooker|spe|1
|upkeep
|turn|2
|
|t:|1743792972
|move|p2a: Magnezone|Substitute|p2a: Magnezone
|-start|p2a: Magnezone|Substitute
|-end|p2a: Magnezone|Fire Spin|[partiallytrapped]|[silent]
|-damage|p2a: Magnezone|33/100
|move|p1a: Bacon Cooker|Fire Blast|p2a: Magnezone
|-supereffective|p2a: Magnezone
|-end|p2a: Magnezone|Substitute
|
|-heal|p2a: Magnezone|39/100|[from] item: Leftovers
|-ability|p1a: Bacon Cooker|Speed Boost|boost
|-boost|p1a: Bacon Cooker|spe|1
|upkeep
|turn|3
|
|t:|1743792986
|move|p1a: Bacon Cooker|Fire Spin|p2a: Magnezone
|-supereffective|p2a: Magnezone
|-damage|p2a: Magnezone|2/100
|-activate|p2a: Magnezone|move: Fire Spin|[of] p1a: Bacon Cooker
|move|p2a: Magnezone|Thunderbolt|p1a: Bacon Cooker
|-damage|p1a: Bacon Cooker|29/100 par
|
|-heal|p2a: Magnezone|8/100|[from] item: Leftovers
|-damage|p2a: Magnezone|0 fnt|[from] move: Fire Spin|[partiallytrapped]
|faint|p2a: Magnezone
|-ability|p1a: Bacon Cooker|Speed Boost|boost
|-boost|p1a: Bacon Cooker|spe|1
|upkeep
|
|t:|1743792998
|switch|p2a: Primarina|Primarina, M|100/100
|turn|4
|
|t:|1743793018
|move|p1a: Bacon Cooker|Fire Blast|p2a: Primarina
|-resisted|p2a: Primarina
|-damage|p2a: Primarina|78/100
|move|p2a: Primarina|Sparkling Aria|p1a: Bacon Cooker
|-supereffective|p1a: Bacon Cooker
|-damage|p1a: Bacon Cooker|0 fnt
|faint|p1a: Bacon Cooker
|
|-heal|p2a: Primarina|84/100|[from] item: Leftovers
|upkeep
|
|t:|1743793024
|switch|p1a: Dr. Beaker|Trumbeak, F|100/100
|turn|5
|
|t:|1743793038
|move|p1a: Dr. Beaker|Bullet Seed|p2a: Primarina
|-supereffective|p2a: Primarina
|-damage|p2a: Primarina|65/100
|-supereffective|p2a: Primarina
|-damage|p2a: Primarina|47/100
|-supereffective|p2a: Primarina
|-damage|p2a: Primarina|31/100
|-supereffective|p2a: Primarina
|-damage|p2a: Primarina|14/100
|-supereffective|p2a: Primarina
|-damage|p2a: Primarina|0 fnt
|faint|p2a: Primarina
|-hitcount|p2: Primarina|5
|
|upkeep
|
|t:|1743793059
|switch|p2a: Mamoswine|Mamoswine, F|100/100
|turn|6
|
|t:|1743793064
|move|p1a: Dr. Beaker|Bullet Seed|p2a: Mamoswine
|-supereffective|p2a: Mamoswine
|-damage|p2a: Mamoswine|83/100
|-supereffective|p2a: Mamoswine
|-damage|p2a: Mamoswine|67/100
|-supereffective|p2a: Mamoswine
|-damage|p2a: Mamoswine|50/100
|-supereffective|p2a: Mamoswine
|-damage|p2a: Mamoswine|34/100
|-supereffective|p2a: Mamoswine
|-crit|p2a: Mamoswine
|-damage|p2a: Mamoswine|11/100
|-hitcount|p2a: Mamoswine|5
|move|p2a: Mamoswine|Icicle Spear|p1a: Dr. Beaker
|-supereffective|p1a: Dr. Beaker
|-damage|p1a: Dr. Beaker|33/100
|-supereffective|p1a: Dr. Beaker
|-damage|p1a: Dr. Beaker|0 fnt
|faint|p1a: Dr. Beaker
|-hitcount|p1: Dr. Beaker|2
|
|-heal|p2a: Mamoswine|17/100|[from] item: Leftovers
|upkeep
|
|t:|1743793074
|switch|p1a: Rochas|Pikachu, M|100/100
|turn|7
|
|t:|1743793085
|move|p1a: Rochas|Fake Out|p2a: Mamoswine
|-crit|p2a: Mamoswine
|-damage|p2a: Mamoswine|0 fnt
|faint|p2a: Mamoswine
|
|upkeep
|
|t:|1743793093
|switch|p2a: Arcanine|Arcanine-Hisui, F|100/100
|-ability|p2a: Arcanine|Intimidate|boost
|-unboost|p1a: Rochas|atk|1
|turn|8
|
|t:|1743793111
|switch|p1a: Ryano|Frogadier, M, shiny|100/100
|move|p2a: Arcanine|Rock Slide|p1a: Ryano
|-damage|p1a: Ryano|24/100
|
|upkeep
|turn|9
|
|t:|1743793119
|move|p2a: Arcanine|Extreme Speed|p1a: Ryano
|-damage|p1a: Ryano|0 fnt
|faint|p1a: Ryano
|
|upkeep
|
|t:|1743793123
|switch|p1a: Rochas|Pikachu, M|100/100
|turn|10
|
|t:|1743793128
|move|p1a: Rochas|Fake Out|p2a: Arcanine
|-resisted|p2a: Arcanine
|-damage|p2a: Arcanine|89/100
|cant|p2a: Arcanine|flinch
|
|-heal|p2a: Arcanine|95/100|[from] item: Leftovers
|upkeep
|turn|11
|
|t:|1743793136
|move|p1a: Rochas|Iron Tail|p2a: Arcanine
|-damage|p2a: Arcanine|42/100
|move|p2a: Arcanine|Stealth Rock|p1a: Rochas
|-sidestart|p1: Xcro|move: Stealth Rock
|
|-heal|p2a: Arcanine|48/100|[from] item: Leftovers
|upkeep
|turn|12
|
|t:|1743793145
|move|p1a: Rochas|Iron Tail|p2a: Arcanine
|-damage|p2a: Arcanine|0 fnt
|faint|p2a: Arcanine
|
|upkeep
|
|t:|1743793156
|switch|p2a: Sinistcha|Sinistcha|100/100
|turn|13
|
|t:|1743793170
|move|p1a: Rochas|Iron Tail|p2a: Sinistcha
|-damage|p2a: Sinistcha|61/100
|move|p2a: Sinistcha|Shadow Ball|p1a: Rochas
|-damage|p1a: Rochas|0 fnt
|faint|p1a: Rochas
|
|-heal|p2a: Sinistcha|68/100|[from] item: Leftovers
|upkeep
|
|t:|1743793176
|switch|p1a: Scrotty|Scraggy, M|100/100
|-damage|p1a: Scrotty|94/100|[from] Stealth Rock
|turn|14
|
|t:|1743793188
|move|p2a: Sinistcha|Matcha Gotcha|p1a: Scrotty
|-damage|p1a: Scrotty|50/100
|-heal|p2a: Sinistcha|83/100|[from] drain|[of] p1a: Scrotty
|move|p1a: Scrotty|Crunch|p2a: Sinistcha
|-supereffective|p2a: Sinistcha
|-damage|p2a: Sinistcha|22/100
|
|-heal|p2a: Sinistcha|28/100|[from] item: Leftovers
|upkeep
|turn|15
|
|t:|1743793199
|move|p2a: Sinistcha|Matcha Gotcha|p1a: Scrotty
|-damage|p1a: Scrotty|9/100
|-heal|p2a: Sinistcha|42/100|[from] drain|[of] p1a: Scrotty
|-status|p1a: Scrotty|brn
|move|p1a: Scrotty|Crunch|p2a: Sinistcha
|-supereffective|p2a: Sinistcha
|-damage|p2a: Sinistcha|11/100
|-unboost|p2a: Sinistcha|def|1
|
|-heal|p2a: Sinistcha|18/100|[from] item: Leftovers
|-damage|p1a: Scrotty|3/100 brn|[from] brn
|upkeep
|turn|16
|
|t:|1743793214
|move|p2a: Sinistcha|Matcha Gotcha|p1a: Scrotty
|-damage|p1a: Scrotty|0 fnt
|-heal|p2a: Sinistcha|18/100|[from] drain|[of] p1a: Scrotty
|faint|p1a: Scrotty
|
|-heal|p2a: Sinistcha|24/100|[from] item: Leftovers
|upkeep
|
|t:|1743793216
|switch|p1a: X-treme|Magneton|100/100
|-damage|p1a: X-treme|94/100|[from] Stealth Rock
|turn|17
|
|t:|1743793228
|move|p2a: Sinistcha|Matcha Gotcha|p1a: X-treme
|-resisted|p1a: X-treme
|-damage|p1a: X-treme|66/100
|-heal|p2a: Sinistcha|35/100|[from] drain|[of] p1a: X-treme
|move|p1a: X-treme|Flash Cannon|p2a: Sinistcha
|-damage|p2a: Sinistcha|0 fnt
|faint|p2a: Sinistcha
|
|upkeep
|
|t:|1743793238
|switch|p2a: Slowbro|Slowbro-Galar, M|100/100
|turn|18
|-activate|p2a: Slowbro|ability: Quick Draw
|
|t:|1743793245
|-terastallize|p1a: X-treme|Electric
|move|p2a: Slowbro|Psychic|p1a: X-treme
|-damage|p1a: X-treme|11/100
|move|p1a: X-treme|Thunder|p2a: Slowbro
|-damage|p2a: Slowbro|0 fnt
|faint|p2a: Slowbro
|
|win|Xcro
|raw|Xcro's rating: 1000 &rarr; <strong>1040</strong><br />(+40 for winning)
|raw|Amoody27's rating: 1002 &rarr; <strong>1000</strong><br />(-2 for losing)
|l|☆Amoody27
|player|p2|
