|j|☆Nbr1bleachfan
|j|☆Sadie1996
|t:|1743837415
|gametype|singles
|player|p1|Nbr1bleachfan|unknown|1099
|player|p2|Sadie1996|102|1105
|teamsize|p1|6
|teamsize|p2|6
|gen|9
|tier|[Gen 9] OU
|rated|
|rule|HP Percentage Mod: HP is shown in percentages
|rule|Endless Battle Clause: Forcing endless battles is banned
|rule|Species Clause: Limit one of each Pokémon
|rule|OHKO Clause: OHKO moves are banned
|rule|Evasion Items Clause: Evasion items are banned
|rule|Evasion Moves Clause: Evasion moves are banned
|rule|Sleep Moves Clause: Sleep-inducing moves are banned
|clearpoke
|poke|p1|Zamazenta-*|
|poke|p1|Kingambit, F|
|poke|p1|Samurott-Hisui, M|
|poke|p1|Landorus-Therian, M|
|poke|p1|Iron Valiant|
|poke|p1|Iron Moth|
|poke|p2|Ogerpon-Cornerstone, F|
|poke|p2|Donphan, M|
|poke|p2|Avalugg-Hisui, M|
|poke|p2|Magnezone|
|poke|p2|Golem-Alola, F|
|poke|p2|Hitmonlee, M|
|teampreview
|
|t:|1743837424
|start
|switch|p1a: Samurott|Samurott-Hisui, M|100/100
|switch|p2a: Avalugg|Avalugg-Hisui, M|100/100
|turn|1
|inactive|Battle timer is ON: inactive players will automatically lose when time's up. (requested by Nbr1bleachfan)
|
|t:|1743837433
|move|p1a: Samurott|Ceaseless Edge|p2a: Avalugg
|-damage|p2a: Avalugg|77/100
|-sidestart|p2: Sadie1996|Spikes
|move|p2a: Avalugg|Mountain Gale|p1a: Samurott
|-resisted|p1a: Samurott
|-damage|p1a: Samurott|66/100
|
|upkeep
|turn|2
|
|t:|1743837444
|move|p1a: Samurott|Ceaseless Edge|p2a: Avalugg
|-damage|p2a: Avalugg|54/100
|-sidestart|p2: Sadie1996|Spikes
|move|p2a: Avalugg|Stealth Rock|p1a: Samurott
|-sidestart|p1: Nbr1bleachfan|move: Stealth Rock
|
|upkeep
|turn|3
|
|t:|1743837451
|move|p1a: Samurott|Ceaseless Edge|p2a: Avalugg
|-damage|p2a: Avalugg|29/100
|-sidestart|p2: Sadie1996|Spikes
|move|p2a: Avalugg|Stone Edge|p1a: Samurott
|-damage|p1a: Samurott|0 fnt
|faint|p1a: Samurott
|
|upkeep
|
|t:|1743837459
|switch|p1a: Landorus|Landorus-Therian, M|100/100
|-damage|p1a: Landorus|88/100|[from] Stealth Rock
|-ability|p1a: Landorus|Intimidate|boost
|-unboost|p2a: Avalugg|atk|1
|turn|4
|
|t:|1743837465
|move|p1a: Landorus|Stealth Rock|p2a: Avalugg
|-sidestart|p2: Sadie1996|move: Stealth Rock
|move|p2a: Avalugg|Mountain Gale|p1a: Landorus|[miss]
|-miss|p2a: Avalugg|p1a: Landorus
|
|upkeep
|turn|5
|
|t:|1743837473
|move|p1a: Landorus|U-turn|p2a: Avalugg
|-damage|p2a: Avalugg|18/100
|
|t:|1743837477
|switch|p1a: Iron Valiant|Iron Valiant|100/100|[from] U-turn
|-damage|p1a: Iron Valiant|94/100|[from] Stealth Rock
|-enditem|p1a: Iron Valiant|Booster Energy
|-activate|p1a: Iron Valiant|ability: Quark Drive|[fromitem]
|-start|p1a: Iron Valiant|quarkdrivespe
|move|p2a: Avalugg|Mountain Gale|p1a: Iron Valiant
|-damage|p1a: Iron Valiant|45/100
|
|upkeep
|turn|6
|-enditem|p2a: Avalugg|Custap Berry|[eat]
|-activate|p2a: Avalugg|item: Custap Berry|[consumed]
|
|t:|1743837494
|move|p2a: Avalugg|Rapid Spin|p1a: Iron Valiant
|-damage|p1a: Iron Valiant|27/100
|-boost|p2a: Avalugg|spe|1
|-sideend|p2: Sadie1996|Spikes|[from] move: Rapid Spin|[of] p2a: Avalugg
|-sideend|p2: Sadie1996|Stealth Rock|[from] move: Rapid Spin|[of] p2a: Avalugg
|move|p1a: Iron Valiant|Moonblast|p2a: Avalugg
|-damage|p2a: Avalugg|0 fnt
|faint|p2a: Avalugg
|
|upkeep
|inactive|Sadie1996 has 120 seconds left.
|
|t:|1743837529
|switch|p2a: Golem|Golem-Alola, F|100/100
|turn|7
|
|t:|1743837538
|move|p1a: Iron Valiant|Psyshock|p2a: Golem
|-damage|p2a: Golem|82/100
|move|p2a: Golem|Earthquake|p1a: Iron Valiant
|-damage|p1a: Iron Valiant|0 fnt
|faint|p1a: Iron Valiant
|-end|p1a: Iron Valiant|Quark Drive|[silent]
|
|upkeep
|
|t:|1743837546
|switch|p1a: Landorus|Landorus-Therian, M|88/100
|-damage|p1a: Landorus|76/100|[from] Stealth Rock
|-ability|p1a: Landorus|Intimidate|boost
|-unboost|p2a: Golem|atk|1
|turn|8
|
|t:|1743837552
|move|p1a: Landorus|Stealth Rock|p2a: Golem
|-sidestart|p2: Sadie1996|move: Stealth Rock
|move|p2a: Golem|Stone Edge|p1a: Landorus|[miss]
|-miss|p2a: Golem|p1a: Landorus
|
|upkeep
|turn|9
|
|t:|1743837560
|move|p1a: Landorus|U-turn|p2a: Golem
|-damage|p2a: Golem|65/100
|
|t:|1743837563
|switch|p1a: Zamazenta|Zamazenta|100/100|[from] U-turn
|-damage|p1a: Zamazenta|94/100|[from] Stealth Rock
|-ability|p1a: Zamazenta|Dauntless Shield|boost
|-boost|p1a: Zamazenta|def|1
|move|p2a: Golem|Stone Edge|p1a: Zamazenta
|-resisted|p1a: Zamazenta
|-damage|p1a: Zamazenta|85/100
|
|-heal|p1a: Zamazenta|91/100|[from] item: Leftovers
|upkeep
|turn|10
|
|t:|1743837575
|move|p1a: Zamazenta|Iron Defense|p1a: Zamazenta
|-boost|p1a: Zamazenta|def|2
|move|p2a: Golem|Counter||[still]
|-fail|p2a: Golem
|
|-heal|p1a: Zamazenta|97/100|[from] item: Leftovers
|upkeep
|turn|11
|
|t:|1743837588
|move|p1a: Zamazenta|Iron Defense|p1a: Zamazenta
|-boost|p1a: Zamazenta|def|2
|move|p2a: Golem|Supercell Slam|p1a: Zamazenta
|-damage|p1a: Zamazenta|90/100
|
|-heal|p1a: Zamazenta|96/100|[from] item: Leftovers
|upkeep
|turn|12
|
|t:|1743837590
|move|p1a: Zamazenta|Iron Defense|p1a: Zamazenta
|-boost|p1a: Zamazenta|def|1
|move|p2a: Golem|Supercell Slam|p1a: Zamazenta
|-damage|p1a: Zamazenta|89/100
|
|-heal|p1a: Zamazenta|95/100|[from] item: Leftovers
|upkeep
|turn|13
|
|t:|1743837605
|move|p1a: Zamazenta|Body Press|p2a: Golem
|-supereffective|p2a: Golem
|-damage|p2a: Golem|0 fnt
|faint|p2a: Golem
|
|-heal|p1a: Zamazenta|100/100|[from] item: Leftovers
|upkeep
|
|t:|1743837608
|switch|p2a: Hitmonlee|Hitmonlee, M|100/100
|-damage|p2a: Hitmonlee|94/100|[from] Stealth Rock
|turn|14
|
|t:|1743837616
|move|p2a: Hitmonlee|Endure|p2a: Hitmonlee
|-singleturn|p2a: Hitmonlee|move: Endure
|move|p1a: Zamazenta|Body Press|p2a: Hitmonlee
|-activate|p2a: Hitmonlee|move: Endure
|-damage|p2a: Hitmonlee|1/100
|-enditem|p2a: Hitmonlee|Liechi Berry|[eat]
|-boost|p2a: Hitmonlee|atk|1|[from] item: Liechi Berry
|
|upkeep
|turn|15
|
|t:|1743837626
|-terastallize|p2a: Hitmonlee|Fighting
|move|p2a: Hitmonlee|Reversal|p1a: Zamazenta
|-damage|p1a: Zamazenta|60/100
|move|p1a: Zamazenta|Crunch|p2a: Hitmonlee
|-resisted|p2a: Hitmonlee
|-damage|p2a: Hitmonlee|0 fnt
|faint|p2a: Hitmonlee
|
|-heal|p1a: Zamazenta|67/100|[from] item: Leftovers
|upkeep
|-message|Sadie1996 forfeited.
|
|win|Nbr1bleachfan
|raw|Nbr1bleachfan's rating: 1099 &rarr; <strong>1125</strong><br />(+26 for winning)
|raw|Sadie1996's rating: 1105 &rarr; <strong>1080</strong><br />(-25 for losing)
|l|☆Sadie1996
|player|p2|
