|j|☆DrearyGod
|j|☆buda88888
|t:|1743845780
|gametype|singles
|player|p1|DrearyGod|alder|1206
|player|p2|buda88888|cynthia|1250
|teamsize|p1|6
|teamsize|p2|6
|gen|9
|tier|[Gen 9] OU
|rated|
|rule|HP Percentage Mod: HP is shown in percentages
|rule|Endless Battle Clause: Forcing endless battles is banned
|rule|Species Clause: Limit one of each Pokémon
|rule|OHKO Clause: OHKO moves are banned
|rule|Evasion Items Clause: Evasion items are banned
|rule|Evasion Moves Clause: Evasion moves are banned
|rule|Sleep Moves Clause: Sleep-inducing moves are banned
|clearpoke
|poke|p1|Great Tusk|
|poke|p1|Zapdos|
|poke|p1|Meowscarada, F|
|poke|p1|Kingambit, F|
|poke|p1|Dragapult, F|
|poke|p1|Clefable, F|
|poke|p2|Gallade, M|
|poke|p2|Umbreon, F|
|poke|p2|Chesnaught, F|
|poke|p2|Greninja-*, M|
|poke|p2|Cosmoem|
|poke|p2|Tsareena, F|
|teampreview
|inactive|Battle timer is ON: inactive players will automatically lose when time's up. (requested by buda88888)
|inactive|DrearyGod also wants the timer to be on.
|
|t:|1743845805
|start
|switch|p1a: Meowscarada|Meowscarada, F|100/100
|switch|p2a: Tsareena|Tsareena, F|100/100
|turn|1
|
|t:|1743845809
|move|p1a: Meowscarada|U-turn|p2a: Tsareena
|-start|p1a: Meowscarada|typechange|Bug|[from] ability: Protean
|-supereffective|p2a: Tsareena
|-damage|p2a: Tsareena|9/100
|
|t:|1743845815
|switch|p1a: Zapdos|Zapdos|100/100|[from] U-turn
|move|p2a: Tsareena|U-turn|p1a: Zapdos
|-resisted|p1a: Zapdos
|-damage|p1a: Zapdos|91/100
|
|t:|1743845823
|switch|p2a: Greninja|Greninja, M|100/100|[from] U-turn
|
|upkeep
|turn|2
|
|t:|1743845830
|-terastallize|p2a: Greninja|Ground
|move|p2a: Greninja|Ice Beam|p1a: Zapdos
|-supereffective|p1a: Zapdos
|-damage|p1a: Zapdos|43/100
|move|p1a: Zapdos|Heat Wave|p2a: Greninja
|-damage|p2a: Greninja|61/100
|
|upkeep
|turn|3
|
|t:|1743845838
|switch|p1a: Clefable|Clefable, F|100/100
|move|p2a: Greninja|Ice Beam|p1a: Clefable
|-damage|p1a: Clefable|81/100
|
|-heal|p1a: Clefable|87/100|[from] item: Leftovers
|upkeep
|turn|4
|
|t:|1743845843
|switch|p2a: Cosmoem|Cosmoem|100/100
|move|p1a: Clefable|Stealth Rock|p2a: Cosmoem
|-sidestart|p2: buda88888|move: Stealth Rock
|
|-heal|p1a: Clefable|93/100|[from] item: Leftovers
|upkeep
|turn|5
|
|t:|1743845848
|move|p1a: Clefable|Moonblast|p2a: Cosmoem
|-damage|p2a: Cosmoem|85/100
|-unboost|p2a: Cosmoem|spa|1
|move|p2a: Cosmoem|Teleport|p2a: Cosmoem
|
|t:|1743845851
|switch|p2a: Tsareena|Tsareena, F|9/100|[from] Teleport
|
|-heal|p1a: Clefable|99/100|[from] item: Leftovers
|upkeep
|turn|6
|
|t:|1743845854
|move|p1a: Clefable|Moonblast|p2a: Tsareena
|-damage|p2a: Tsareena|0 fnt
|faint|p2a: Tsareena
|
|-heal|p1a: Clefable|100/100|[from] item: Leftovers
|upkeep
|-message|buda88888 forfeited.
|
|win|DrearyGod
|raw|DrearyGod's rating: 1206 &rarr; <strong>1234</strong><br />(+28 for winning)
|raw|buda88888's rating: 1250 &rarr; <strong>1222</strong><br />(-28 for losing)
|l|☆buda88888
|player|p2|
|l|☆DrearyGod
|player|p1|
