|j|☆soto91
|j|☆Javii1153
|t:|1743781054
|gametype|singles
|player|p1|soto91|dragontamer|
|player|p2|Javii1153|pokefan|
|teamsize|p1|6
|teamsize|p2|6
|gen|9
|tier|[Gen 9] OU
|rule|HP Percentage Mod: HP is shown in percentages
|rule|Endless Battle Clause: Forcing endless battles is banned
|rule|Species Clause: Limit one of each Pokémon
|rule|OHKO Clause: OHKO moves are banned
|rule|Evasion Items Clause: Evasion items are banned
|rule|Evasion Moves Clause: Evasion moves are banned
|rule|Sleep Moves Clause: Sleep-inducing moves are banned
|clearpoke
|poke|p1|Gholdengo|
|poke|p1|Iron Valiant|
|poke|p1|Clefable, M|
|poke|p1|Clodsire, M|
|poke|p1|Skeledirge, F|
|poke|p1|Corviknight, M|
|poke|p2|Alcremie, F|
|poke|p2|Darkrai|
|poke|p2|Armarouge, M|
|poke|p2|Iron Valiant|
|poke|p2|Latias, F|
|poke|p2|Landorus-Therian, M|
|teampreview
|
|t:|1743781069
|start
|switch|p1a: Iron Valiant|Iron Valiant|100/100
|switch|p2a: Landorus|Landorus-Therian, M|100/100
|-ability|p2a: Landorus|Intimidate|boost
|-unboost|p1a: Iron Valiant|atk|1
|turn|1
|
|t:|1743781087
|move|p1a: Iron Valiant|Moonblast|p2a: Landorus
|-damage|p2a: Landorus|48/100
|move|p2a: Landorus|Earth Power|p1a: Iron Valiant
|-damage|p1a: Iron Valiant|38/100
|
|upkeep
|turn|2
|
|t:|1743781105
|switch|p2a: Armarouge|Armarouge, M|100/100
|move|p1a: Iron Valiant|Moonblast|p2a: Armarouge
|-resisted|p2a: Armarouge
|-damage|p2a: Armarouge|68/100
|
|upkeep
|turn|3
|
|t:|1743781118
|move|p1a: Iron Valiant|Knock Off|p2a: Armarouge
|-supereffective|p2a: Armarouge
|-damage|p2a: Armarouge|26/100
|-ability|p2a: Armarouge|Weak Armor|boost
|-unboost|p2a: Armarouge|def|1
|-boost|p2a: Armarouge|spe|2
|-enditem|p2a: Armarouge|Heavy-Duty Boots|[from] move: Knock Off|[of] p1a: Iron Valiant
|move|p2a: Armarouge|Energy Ball|p1a: Iron Valiant
|-damage|p1a: Iron Valiant|0 fnt
|faint|p1a: Iron Valiant
|-end|p1a: Iron Valiant|Quark Drive|[silent]
|
|upkeep
|
|t:|1743781135
|switch|p1a: Clodsire|Clodsire, M|100/100
|turn|4
|
|t:|1743781148
|move|p2a: Armarouge|Calm Mind|p2a: Armarouge
|-boost|p2a: Armarouge|spa|1
|-boost|p2a: Armarouge|spd|1
|move|p1a: Clodsire|Toxic|p2a: Armarouge
|-status|p2a: Armarouge|tox
|
|-damage|p2a: Armarouge|20/100 tox|[from] psn
|upkeep
|turn|5
|
|t:|1743781157
|move|p2a: Armarouge|Psyshock|p1a: Clodsire
|-supereffective|p1a: Clodsire
|-damage|p1a: Clodsire|0 fnt
|faint|p1a: Clodsire
|
|-damage|p2a: Armarouge|8/100 tox|[from] psn
|upkeep
|
|t:|1743781168
|switch|p1a: Gholdengo|Gholdengo|100/100
|turn|6
|
|t:|1743781173
|switch|p1a: Skeledirge|Skeledirge, F|100/100
|move|p2a: Armarouge|Armor Cannon|p1a: Skeledirge
|-resisted|p1a: Skeledirge
|-damage|p1a: Skeledirge|80/100
|-unboost|p2a: Armarouge|def|1
|-unboost|p2a: Armarouge|spd|1
|
|-damage|p2a: Armarouge|0 fnt|[from] psn
|faint|p2a: Armarouge
|upkeep
|
|t:|1743781203
|switch|p2a: Darkrai|Darkrai|100/100
|turn|7
|
|t:|1743781213
|-terastallize|p1a: Skeledirge|Fairy
|move|p2a: Darkrai|Dark Pulse|p1a: Skeledirge
|-resisted|p1a: Skeledirge
|-damage|p1a: Skeledirge|61/100
|-damage|p2a: Darkrai|91/100|[from] item: Life Orb
|move|p1a: Skeledirge|Torch Song|p2a: Darkrai
|-damage|p2a: Darkrai|53/100
|-boost|p1a: Skeledirge|spa|1
|
|upkeep
|turn|8
|
|t:|1743781225
|move|p2a: Darkrai|Sludge Bomb|p1a: Skeledirge
|-supereffective|p1a: Skeledirge
|-damage|p1a: Skeledirge|4/100
|-damage|p2a: Darkrai|43/100|[from] item: Life Orb
|move|p1a: Skeledirge|Torch Song|p2a: Darkrai
|-damage|p2a: Darkrai|0 fnt
|-boost|p1a: Skeledirge|spa|1
|faint|p2a: Darkrai
|
|upkeep
|
|t:|1743781236
|switch|p2a: Latias|Latias, F|100/100
|turn|9
|
|t:|1743781249
|move|p2a: Latias|Mist Ball|p1a: Skeledirge
|-damage|p1a: Skeledirge|0 fnt
|faint|p1a: Skeledirge
|
|upkeep
|
|t:|1743781259
|switch|p1a: Gholdengo|Gholdengo|100/100
|turn|10
|
|t:|1743781267
|move|p2a: Latias|Calm Mind|p2a: Latias
|-boost|p2a: Latias|spa|1
|-boost|p2a: Latias|spd|1
|move|p1a: Gholdengo|Nasty Plot|p1a: Gholdengo
|-boost|p1a: Gholdengo|spa|2
|
|upkeep
|turn|11
|
|t:|1743781283
|move|p2a: Latias|Mist Ball|p1a: Gholdengo
|-resisted|p1a: Gholdengo
|-damage|p1a: Gholdengo|69/100
|-unboost|p1a: Gholdengo|spa|1
|move|p1a: Gholdengo|Nasty Plot|p1a: Gholdengo
|-boost|p1a: Gholdengo|spa|2
|
|upkeep
|turn|12
|
|t:|1743781293
|move|p2a: Latias|Calm Mind|p2a: Latias
|-boost|p2a: Latias|spa|1
|-boost|p2a: Latias|spd|1
|move|p1a: Gholdengo|Shadow Ball|p2a: Latias
|-supereffective|p2a: Latias
|-crit|p2a: Latias
|-damage|p2a: Latias|0 fnt
|faint|p2a: Latias
|
|upkeep
|
|t:|1743781310
|switch|p2a: Iron Valiant|Iron Valiant|100/100
|-enditem|p2a: Iron Valiant|Booster Energy
|-activate|p2a: Iron Valiant|ability: Quark Drive|[fromitem]
|-start|p2a: Iron Valiant|quarkdrivespe
|turn|13
|
|t:|1743781322
|-terastallize|p2a: Iron Valiant|Dark
|move|p2a: Iron Valiant|Knock Off|p1a: Gholdengo
|-supereffective|p1a: Gholdengo
|-damage|p1a: Gholdengo|0 fnt
|-enditem|p1a: Gholdengo|Heavy-Duty Boots|[from] move: Knock Off|[of] p2a: Iron Valiant
|faint|p1a: Gholdengo
|
|upkeep
|
|t:|1743781333
|switch|p1a: Corviknight|Corviknight, M|100/100
|-ability|p1a: Corviknight|Pressure
|turn|14
|
|t:|1743781342
|move|p2a: Iron Valiant|Swords Dance|p2a: Iron Valiant
|-boost|p2a: Iron Valiant|atk|2
|move|p1a: Corviknight|Iron Defense|p1a: Corviknight
|-boost|p1a: Corviknight|def|2
|
|upkeep
|turn|15
|
|t:|1743781350
|move|p2a: Iron Valiant|Encore|p1a: Corviknight
|-start|p1a: Corviknight|Encore
|move|p1a: Corviknight|Iron Defense|p1a: Corviknight
|-boost|p1a: Corviknight|def|2
|
|upkeep
|turn|16
|
|t:|1743781359
|-end|p2a: Iron Valiant|Quark Drive|[silent]
|switch|p2a: Alcremie|Alcremie, F|100/100
|move|p1a: Corviknight|Iron Defense|p1a: Corviknight
|-boost|p1a: Corviknight|def|2
|
|upkeep
|turn|17
|
|t:|1743781379
|move|p1a: Corviknight|Iron Defense|p1a: Corviknight
|-boost|p1a: Corviknight|def|0
|move|p2a: Alcremie|Acid Armor|p2a: Alcremie
|-boost|p2a: Alcremie|def|2
|
|-end|p1a: Corviknight|Encore
|upkeep
|turn|18
|
|t:|1743781388
|move|p1a: Corviknight|Body Press|p2a: Alcremie
|-resisted|p2a: Alcremie
|-damage|p2a: Alcremie|77/100
|move|p2a: Alcremie|Acid Armor|p2a: Alcremie
|-boost|p2a: Alcremie|def|2
|
|-heal|p2a: Alcremie|83/100|[from] item: Leftovers
|upkeep
|turn|19
|
|t:|1743781403
|move|p1a: Corviknight|Body Press|p2a: Alcremie
|-resisted|p2a: Alcremie
|-damage|p2a: Alcremie|68/100
|move|p2a: Alcremie|Calm Mind|p2a: Alcremie
|-boost|p2a: Alcremie|spa|1
|-boost|p2a: Alcremie|spd|1
|
|-heal|p2a: Alcremie|74/100|[from] item: Leftovers
|upkeep
|turn|20
|
|t:|1743781419
|move|p1a: Corviknight|Body Press|p2a: Alcremie
|-resisted|p2a: Alcremie
|-damage|p2a: Alcremie|59/100
|move|p2a: Alcremie|Acid Armor|p2a: Alcremie
|-boost|p2a: Alcremie|def|2
|
|-heal|p2a: Alcremie|65/100|[from] item: Leftovers
|upkeep
|turn|21
|
|t:|1743781430
|move|p1a: Corviknight|Body Press|p2a: Alcremie
|-resisted|p2a: Alcremie
|-damage|p2a: Alcremie|53/100
|move|p2a: Alcremie|Draining Kiss|p1a: Corviknight
|-resisted|p1a: Corviknight
|-damage|p1a: Corviknight|88/100
|-heal|p2a: Alcremie|64/100|[from] drain|[of] p1a: Corviknight
|
|-heal|p1a: Corviknight|94/100|[from] item: Leftovers
|-heal|p2a: Alcremie|70/100|[from] item: Leftovers
|upkeep
|turn|22
|
|t:|1743781442
|move|p1a: Corviknight|Body Press|p2a: Alcremie
|-resisted|p2a: Alcremie
|-damage|p2a: Alcremie|59/100
|move|p2a: Alcremie|Calm Mind|p2a: Alcremie
|-boost|p2a: Alcremie|spa|1
|-boost|p2a: Alcremie|spd|1
|
|-heal|p1a: Corviknight|99/100|[from] item: Leftovers
|-heal|p2a: Alcremie|65/100|[from] item: Leftovers
|upkeep
|turn|23
|
|t:|1743781453
|move|p1a: Corviknight|Body Press|p2a: Alcremie
|-resisted|p2a: Alcremie
|-damage|p2a: Alcremie|53/100
|move|p2a: Alcremie|Calm Mind|p2a: Alcremie
|-boost|p2a: Alcremie|spa|1
|-boost|p2a: Alcremie|spd|1
|
|-heal|p1a: Corviknight|100/100|[from] item: Leftovers
|-heal|p2a: Alcremie|59/100|[from] item: Leftovers
|upkeep
|turn|24
|
|t:|1743781465
|move|p1a: Corviknight|Body Press|p2a: Alcremie
|-resisted|p2a: Alcremie
|-damage|p2a: Alcremie|48/100
|move|p2a: Alcremie|Calm Mind|p2a: Alcremie
|-boost|p2a: Alcremie|spa|1
|-boost|p2a: Alcremie|spd|1
|
|-heal|p2a: Alcremie|53/100|[from] item: Leftovers
|upkeep
|turn|25
|
|t:|1743781475
|move|p1a: Corviknight|Body Press|p2a: Alcremie
|-resisted|p2a: Alcremie
|-damage|p2a: Alcremie|42/100
|move|p2a: Alcremie|Draining Kiss|p1a: Corviknight
|-resisted|p1a: Corviknight
|-damage|p1a: Corviknight|73/100
|-heal|p2a: Alcremie|67/100|[from] drain|[of] p1a: Corviknight
|
|-heal|p1a: Corviknight|79/100|[from] item: Leftovers
|-heal|p2a: Alcremie|73/100|[from] item: Leftovers
|upkeep
|turn|26
|
|t:|1743781487
|move|p1a: Corviknight|Body Press|p2a: Alcremie
|-resisted|p2a: Alcremie
|-damage|p2a: Alcremie|60/100
|move|p2a: Alcremie|Calm Mind|p2a: Alcremie
|-boost|p2a: Alcremie|spa|1
|-boost|p2a: Alcremie|spd|1
|
|-heal|p1a: Corviknight|85/100|[from] item: Leftovers
|-heal|p2a: Alcremie|66/100|[from] item: Leftovers
|upkeep
|turn|27
|
|t:|1743781501
|move|p1a: Corviknight|Body Press|p2a: Alcremie
|-resisted|p2a: Alcremie
|-damage|p2a: Alcremie|55/100
|move|p2a: Alcremie|Calm Mind|p2a: Alcremie
|-boost|p2a: Alcremie|spa|1
|-boost|p2a: Alcremie|spd|1
|
|-heal|p1a: Corviknight|91/100|[from] item: Leftovers
|-heal|p2a: Alcremie|61/100|[from] item: Leftovers
|upkeep
|turn|28
|
|t:|1743781511
|move|p1a: Corviknight|Body Press|p2a: Alcremie
|-resisted|p2a: Alcremie
|-damage|p2a: Alcremie|48/100
|move|p2a: Alcremie|Draining Kiss|p1a: Corviknight
|-resisted|p1a: Corviknight
|-damage|p1a: Corviknight|53/100
|-heal|p2a: Alcremie|83/100|[from] drain|[of] p1a: Corviknight
|
|-heal|p1a: Corviknight|59/100|[from] item: Leftovers
|-heal|p2a: Alcremie|89/100|[from] item: Leftovers
|upkeep
|turn|29
|
|t:|1743781523
|move|p1a: Corviknight|Body Press|p2a: Alcremie
|-resisted|p2a: Alcremie
|-damage|p2a: Alcremie|78/100
|move|p2a: Alcremie|Stored Power|p1a: Corviknight
|-resisted|p1a: Corviknight
|-damage|p1a: Corviknight|0 fnt
|faint|p1a: Corviknight
|
|-heal|p2a: Alcremie|84/100|[from] item: Leftovers
|upkeep
|
|t:|1743781533
|switch|p1a: Clefable|Clefable, M|100/100
|turn|30
|
|t:|1743781539
|move|p1a: Clefable|Protect|p1a: Clefable
|-singleturn|p1a: Clefable|Protect
|move|p2a: Alcremie|Draining Kiss|p1a: Clefable
|-activate|p1a: Clefable|move: Protect
|
|-heal|p2a: Alcremie|90/100|[from] item: Leftovers
|upkeep
|turn|31
|
|t:|1743781548
|move|p2a: Alcremie|Stored Power|p1a: Clefable
|-damage|p1a: Clefable|0 fnt
|faint|p1a: Clefable
|
|win|Javii1153
|l|☆soto91
|player|p1|
