|j|☆Teefryingpan
|j|☆drippy dipplin
|t:|1743912419
|gametype|singles
|player|p1|Teefryingpan|170|1428
|player|p2|drippy dipplin|pokemonbreeder|1377
|teamsize|p1|6
|teamsize|p2|6
|gen|9
|tier|[Gen 9] OU
|rated|
|rule|HP Percentage Mod: HP is shown in percentages
|rule|Endless Battle Clause: Forcing endless battles is banned
|rule|Species Clause: Limit one of each Pokémon
|rule|OHKO Clause: OHKO moves are banned
|rule|Evasion Items Clause: Evasion items are banned
|rule|Evasion Moves Clause: Evasion moves are banned
|rule|Sleep Moves Clause: Sleep-inducing moves are banned
|clearpoke
|poke|p1|Cinderace, F|
|poke|p1|Kingambit, F|
|poke|p1|Great Tusk|
|poke|p1|Hatterene, F|
|poke|p1|Pecharunt|
|poke|p1|Garchomp, M|
|poke|p2|Iron Treads|
|poke|p2|Darkrai|
|poke|p2|Sylveon, M|
|poke|p2|Slowking, M|
|poke|p2|Meowscarada, F|
|poke|p2|Garchomp, M|
|teampreview
|inactive|Battle timer is ON: inactive players will automatically lose when time's up. (requested by Teefryingpan)
|
|t:|1743912444
|start
|switch|p1a: Pecharunt|Pecharunt|100/100
|switch|p2a: Meowscarada|Meowscarada, F|100/100
|turn|1
|
|t:|1743912468
|move|p2a: Meowscarada|U-turn|p1a: Pecharunt
|-start|p2a: Meowscarada|typechange|Bug|[from] ability: Protean
|-resisted|p1a: Pecharunt
|-damage|p1a: Pecharunt|93/100
|
|t:|1743912483
|switch|p2a: Iron Treads|Iron Treads|100/100|[from] U-turn
|-item|p2a: Iron Treads|Air Balloon
|move|p1a: Pecharunt|Malignant Chain|p2a: Iron Treads
|-immune|p2a: Iron Treads
|
|upkeep
|turn|2
|
|t:|1743912495
|move|p2a: Iron Treads|Earthquake|p1a: Pecharunt
|-supereffective|p1a: Pecharunt
|-damage|p1a: Pecharunt|36/100
|move|p1a: Pecharunt|Hex|p2a: Iron Treads
|-damage|p2a: Iron Treads|64/100
|-enditem|p2a: Iron Treads|Air Balloon
|
|upkeep
|turn|3
|
|t:|1743912505
|switch|p1a: Great Tusk|Great Tusk|100/100
|move|p2a: Iron Treads|Earthquake|p1a: Great Tusk
|-damage|p1a: Great Tusk|73/100
|
|-heal|p1a: Great Tusk|79/100|[from] item: Leftovers
|upkeep
|turn|4
|
|t:|1743912528
|-end|p2a: Iron Treads|Quark Drive|[silent]
|switch|p2a: Sylveon|Sylveon, M|100/100
|move|p1a: Great Tusk|Bulk Up|p1a: Great Tusk
|-boost|p1a: Great Tusk|atk|1
|-boost|p1a: Great Tusk|def|1
|
|-heal|p1a: Great Tusk|85/100|[from] item: Leftovers
|upkeep
|turn|5
|
|t:|1743912538
|-end|p1a: Great Tusk|Protosynthesis|[silent]
|switch|p1a: Pecharunt|Pecharunt|36/100
|move|p2a: Sylveon|Hyper Voice|p1a: Pecharunt
|-resisted|p1a: Pecharunt
|-damage|p1a: Pecharunt|15/100
|
|upkeep
|turn|6
|inactive|drippy dipplin has 120 seconds left.
|
|t:|1743912558
|move|p1a: Pecharunt|Recover|p1a: Pecharunt
|-heal|p1a: Pecharunt|65/100
|move|p2a: Sylveon|Hyper Voice|p1a: Pecharunt
|-resisted|p1a: Pecharunt
|-damage|p1a: Pecharunt|43/100
|
|upkeep
|turn|7
|inactive|drippy dipplin has 120 seconds left.
|
|t:|1743912577
|move|p1a: Pecharunt|Recover|p1a: Pecharunt
|-heal|p1a: Pecharunt|93/100
|move|p2a: Sylveon|Calm Mind|p2a: Sylveon
|-boost|p2a: Sylveon|spa|1
|-boost|p2a: Sylveon|spd|1
|
|upkeep
|turn|8
|inactive|drippy dipplin has 120 seconds left.
|
|t:|1743912584
|move|p1a: Pecharunt|Malignant Chain|p2a: Sylveon
|-supereffective|p2a: Sylveon
|-damage|p2a: Sylveon|62/100
|-status|p2a: Sylveon|tox
|-start|p2a: Sylveon|confusion|[from] ability: Poison Puppeteer|[of] p1a: Pecharunt
|-activate|p2a: Sylveon|confusion
|move|p2a: Sylveon|Calm Mind|p2a: Sylveon
|-boost|p2a: Sylveon|spa|1
|-boost|p2a: Sylveon|spd|1
|
|-heal|p2a: Sylveon|69/100 tox|[from] item: Leftovers
|-damage|p2a: Sylveon|62/100 tox|[from] psn
|upkeep
|turn|9
|inactive|drippy dipplin has 120 seconds left.
|
|t:|1743912609
|switch|p2a: Garchomp|Garchomp, M|100/100
|move|p1a: Pecharunt|Malignant Chain|p2a: Garchomp
|-resisted|p2a: Garchomp
|-damage|p2a: Garchomp|81/100
|
|upkeep
|turn|10
|
|t:|1743912629
|switch|p1a: Great Tusk|Great Tusk|85/100
|move|p2a: Garchomp|Earthquake|p1a: Great Tusk
|-damage|p1a: Great Tusk|60/100
|
|-heal|p1a: Great Tusk|66/100|[from] item: Leftovers
|upkeep
|turn|11
|inactive|drippy dipplin has 90 seconds left.
|
|t:|1743912666
|switch|p2a: Slowking|Slowking, M|100/100
|move|p1a: Great Tusk|Ice Spinner|p2a: Slowking
|-resisted|p2a: Slowking
|-damage|p2a: Slowking|91/100
|
|-heal|p1a: Great Tusk|73/100|[from] item: Leftovers
|upkeep
|turn|12
|inactive|drippy dipplin has 90 seconds left.
|
|t:|1743912681
|-end|p1a: Great Tusk|Protosynthesis|[silent]
|switch|p1a: Pecharunt|Pecharunt|93/100
|move|p2a: Slowking|Scald|p1a: Pecharunt
|-damage|p1a: Pecharunt|67/100
|
|upkeep
|turn|13
|
|t:|1743912690
|move|p1a: Pecharunt|Malignant Chain|p2a: Slowking
|-damage|p2a: Slowking|66/100
|-status|p2a: Slowking|tox
|-start|p2a: Slowking|confusion|[from] ability: Poison Puppeteer|[of] p1a: Pecharunt
|-activate|p2a: Slowking|confusion
|-damage|p2a: Slowking|61/100 tox|[from] confusion
|
|-damage|p2a: Slowking|55/100 tox|[from] psn
|upkeep
|turn|14
|
|t:|1743912699
|move|p1a: Pecharunt|Hex|p2a: Slowking
|-supereffective|p2a: Slowking
|-damage|p2a: Slowking|0 fnt
|faint|p2a: Slowking
|
|upkeep
|
|t:|1743912704
|switch|p2a: Darkrai|Darkrai|100/100
|turn|15
|
|t:|1743912710
|move|p2a: Darkrai|Dark Pulse|p1a: Pecharunt
|-supereffective|p1a: Pecharunt
|-damage|p1a: Pecharunt|0 fnt
|faint|p1a: Pecharunt
|
|upkeep
|
|t:|1743912721
|switch|p1a: Hatterene|Hatterene, F|100/100
|turn|16
|inactive|drippy dipplin has 120 seconds left.
|inactive|drippy dipplin has 90 seconds left.
|
|t:|1743912772
|switch|p2a: Garchomp|Garchomp, M|81/100
|move|p1a: Hatterene|Nuzzle|p2a: Garchomp
|-immune|p2a: Garchomp
|
|upkeep
|turn|17
|
|t:|1743912792
|move|p2a: Garchomp|Earthquake|p1a: Hatterene
|-damage|p1a: Hatterene|53/100
|move|p1a: Hatterene|Draining Kiss|p2a: Garchomp
|-supereffective|p2a: Garchomp
|-damage|p2a: Garchomp|21/100
|-heal|p1a: Hatterene|100/100|[from] drain|[of] p2a: Garchomp
|-damage|p1a: Hatterene|88/100|[from] ability: Rough Skin|[of] p2a: Garchomp
|-damage|p1a: Hatterene|72/100|[from] item: Rocky Helmet|[of] p2a: Garchomp
|
|upkeep
|turn|18
|
|t:|1743912809
|move|p2a: Garchomp|Earthquake|p1a: Hatterene
|-damage|p1a: Hatterene|22/100
|move|p1a: Hatterene|Draining Kiss|p2a: Garchomp
|-supereffective|p2a: Garchomp
|-damage|p2a: Garchomp|0 fnt
|-heal|p1a: Hatterene|42/100|[from] drain|[of] p2a: Garchomp
|-damage|p1a: Hatterene|30/100|[from] ability: Rough Skin|[of] p2a: Garchomp
|-damage|p1a: Hatterene|13/100|[from] item: Rocky Helmet|[of] p2a: Garchomp
|faint|p2a: Garchomp
|
|upkeep
|
|t:|1743912823
|switch|p2a: Meowscarada|Meowscarada, F|100/100
|turn|19
|
|t:|1743912831
|move|p2a: Meowscarada|U-turn|p1a: Hatterene
|-start|p2a: Meowscarada|typechange|Bug|[from] ability: Protean
|-damage|p1a: Hatterene|0 fnt
|faint|p1a: Hatterene
|
|t:|1743912844
|switch|p2a: Darkrai|Darkrai|100/100|[from] U-turn
|
|upkeep
|
|t:|1743912853
|switch|p1a: Kingambit|Kingambit, F|100/100
|-activate|p1a: Kingambit|ability: Supreme Overlord
|-start|p1a: Kingambit|fallen2|[silent]
|turn|20
|
|t:|1743912862
|move|p2a: Darkrai|Will-O-Wisp|p1a: Kingambit
|-status|p1a: Kingambit|brn
|move|p1a: Kingambit|Iron Head|p2a: Darkrai
|-damage|p2a: Darkrai|61/100
|
|-damage|p1a: Kingambit|94/100 brn|[from] brn
|upkeep
|turn|21
|
|t:|1743912872
|switch|p2a: Iron Treads|Iron Treads|64/100
|move|p1a: Kingambit|Iron Head|p2a: Iron Treads
|-resisted|p2a: Iron Treads
|-damage|p2a: Iron Treads|52/100
|
|-damage|p1a: Kingambit|88/100 brn|[from] brn
|upkeep
|turn|22
|
|t:|1743912881
|-end|p1a: Kingambit|fallen2|[silent]
|switch|p1a: Great Tusk|Great Tusk|73/100
|move|p2a: Iron Treads|Earthquake|p1a: Great Tusk
|-damage|p1a: Great Tusk|41/100
|
|-heal|p1a: Great Tusk|47/100|[from] item: Leftovers
|upkeep
|turn|23
|inactive|drippy dipplin has 90 seconds left.
|
|t:|1743912913
|move|p2a: Iron Treads|Ice Spinner|p1a: Great Tusk
|-supereffective|p1a: Great Tusk
|-damage|p1a: Great Tusk|18/100
|move|p1a: Great Tusk|Bulk Up|p1a: Great Tusk
|-boost|p1a: Great Tusk|atk|1
|-boost|p1a: Great Tusk|def|1
|
|-heal|p1a: Great Tusk|24/100|[from] item: Leftovers
|upkeep
|turn|24
|
|t:|1743912922
|move|p2a: Iron Treads|Ice Spinner|p1a: Great Tusk
|-supereffective|p1a: Great Tusk
|-damage|p1a: Great Tusk|2/100
|move|p1a: Great Tusk|Rapid Spin|p2a: Iron Treads
|-resisted|p2a: Iron Treads
|-damage|p2a: Iron Treads|41/100
|-boost|p1a: Great Tusk|spe|1
|
|-heal|p1a: Great Tusk|9/100|[from] item: Leftovers
|upkeep
|turn|25
|
|t:|1743912940
|-end|p2a: Iron Treads|Quark Drive|[silent]
|switch|p2a: Darkrai|Darkrai|61/100
|move|p1a: Great Tusk|Headlong Rush|p2a: Darkrai
|-damage|p2a: Darkrai|0 fnt
|-unboost|p1a: Great Tusk|def|1
|-unboost|p1a: Great Tusk|spd|1
|faint|p2a: Darkrai
|
|-heal|p1a: Great Tusk|15/100|[from] item: Leftovers
|upkeep
|inactive|drippy dipplin has 60 seconds left.
|
|t:|1743912955
|switch|p2a: Meowscarada|Meowscarada, F|100/100
|turn|26
|inactive|drippy dipplin has 60 seconds left.
|
|t:|1743912966
|move|p2a: Meowscarada|Sucker Punch|p1a: Great Tusk
|-start|p2a: Meowscarada|typechange|Dark|[from] ability: Protean
|-resisted|p1a: Great Tusk
|-damage|p1a: Great Tusk|0 fnt
|faint|p1a: Great Tusk
|-end|p1a: Great Tusk|Protosynthesis|[silent]
|
|upkeep
|
|t:|1743912979
|switch|p1a: Garchomp|Garchomp, M|100/100
|turn|27
|
|t:|1743912985
|switch|p2a: Iron Treads|Iron Treads|41/100
|move|p1a: Garchomp|Earthquake|p2a: Iron Treads
|-supereffective|p2a: Iron Treads
|-damage|p2a: Iron Treads|0 fnt
|faint|p2a: Iron Treads
|-end|p2a: Iron Treads|Quark Drive|[silent]
|
|upkeep
|inactive|drippy dipplin has 60 seconds left.
|
|t:|1743913001
|switch|p2a: Sylveon|Sylveon, M|62/100 tox
|turn|28
|
|t:|1743913010
|switch|p1a: Kingambit|Kingambit, F|88/100 brn
|-activate|p1a: Kingambit|ability: Supreme Overlord
|-start|p1a: Kingambit|fallen3|[silent]
|move|p2a: Sylveon|Hyper Voice|p1a: Kingambit
|-damage|p1a: Kingambit|43/100 brn
|
|-heal|p2a: Sylveon|69/100 tox|[from] item: Leftovers
|-damage|p2a: Sylveon|62/100 tox|[from] psn
|-damage|p1a: Kingambit|37/100 brn|[from] brn
|upkeep
|turn|29
|inactive|drippy dipplin has 60 seconds left.
|
|t:|1743913033
|-terastallize|p2a: Sylveon|Steel
|move|p1a: Kingambit|Iron Head|p2a: Sylveon
|-resisted|p2a: Sylveon
|-damage|p2a: Sylveon|50/100 tox
|move|p2a: Sylveon|Hyper Voice|p1a: Kingambit
|-damage|p1a: Kingambit|0 fnt
|faint|p1a: Kingambit
|-end|p1a: Kingambit|fallen3|[silent]
|
|-heal|p2a: Sylveon|56/100 tox|[from] item: Leftovers
|-damage|p2a: Sylveon|44/100 tox|[from] psn
|upkeep
|
|t:|1743913043
|switch|p1a: Garchomp|Garchomp, M|100/100
|turn|30
|
|t:|1743913051
|move|p1a: Garchomp|Earthquake|p2a: Sylveon
|-supereffective|p2a: Sylveon
|-damage|p2a: Sylveon|0 fnt
|faint|p2a: Sylveon
|
|upkeep
|
|t:|1743913056
|switch|p2a: Meowscarada|Meowscarada, F|100/100
|turn|31
|
|t:|1743913069
|move|p2a: Meowscarada|Flower Trick|p1a: Garchomp
|-start|p2a: Meowscarada|typechange|Grass|[from] ability: Protean
|-crit|p1a: Garchomp
|-damage|p1a: Garchomp|28/100
|move|p1a: Garchomp|Outrage|p2a: Meowscarada
|-damage|p2a: Meowscarada|8/100
|
|upkeep
|turn|32
|
|t:|1743913077
|move|p2a: Meowscarada|Flower Trick|p1a: Garchomp
|-crit|p1a: Garchomp
|-damage|p1a: Garchomp|0 fnt
|faint|p1a: Garchomp
|
|upkeep
|
|t:|1743913080
|switch|p1a: Cinderace|Cinderace, F|100/100
|turn|33
|
|t:|1743913084
|move|p1a: Cinderace|Sucker Punch|p2a: Meowscarada
|-start|p1a: Cinderace|typechange|Dark|[from] ability: Libero
|-damage|p2a: Meowscarada|0 fnt
|faint|p2a: Meowscarada
|-damage|p1a: Cinderace|91/100|[from] item: Life Orb
|
|win|Teefryingpan
|raw|Teefryingpan's rating: 1428 &rarr; <strong>1445</strong><br />(+17 for winning)
|raw|drippy dipplin's rating: 1377 &rarr; <strong>1360</strong><br />(-17 for losing)
|l|☆Teefryingpan
|player|p1|
|l|☆drippy dipplin
|player|p2|
