|j|☆warlordxxxxzzzz
|j|☆bakabomb
|t:|1743917824
|gametype|singles
|player|p1|warlordxxxxzzzz|169|1163
|player|p2|bakabomb|eusine|1163
|teamsize|p1|6
|teamsize|p2|6
|gen|9
|tier|[Gen 9] OU
|rated|
|rule|HP Percentage Mod: HP is shown in percentages
|rule|Endless Battle Clause: Forcing endless battles is banned
|rule|Species Clause: Limit one of each Pokémon
|rule|OHKO Clause: OHKO moves are banned
|rule|Evasion Items Clause: Evasion items are banned
|rule|Evasion Moves Clause: Evasion moves are banned
|rule|Sleep Moves Clause: Sleep-inducing moves are banned
|clearpoke
|poke|p1|Clefable, M|
|poke|p1|Alomomola, F|
|poke|p1|Corviknight, F|
|poke|p1|Hydrapple, F|
|poke|p1|Chansey, F|
|poke|p1|Clodsire, F|
|poke|p2|Reuniclus, M|
|poke|p2|Porygon2|
|poke|p2|Kingambit, F|
|poke|p2|Raging Bolt|
|poke|p2|Chandelure, M|
|poke|p2|Conkeldurr, M|
|teampreview
|
|t:|1743917842
|start
|switch|p1a: Alomomola|Alomomola, F|100/100
|switch|p2a: Chandelure|Chandelure, M|100/100
|turn|1
|
|t:|1743917849
|switch|p2a: Porygon2|Porygon2|100/100
|-ability|p2a: Porygon2|Regenerator|[from] ability: Trace|[of] p1a: Alomomola
|move|p1a: Alomomola|Whirlpool|p2a: Porygon2|[miss]
|-miss|p1a: Alomomola|p2a: Porygon2
|
|upkeep
|turn|2
|
|t:|1743917856
|move|p1a: Alomomola|Whirlpool|p2a: Porygon2|[miss]
|-miss|p1a: Alomomola|p2a: Porygon2
|move|p2a: Porygon2|Trick Room|p2a: Porygon2
|-fieldstart|move: Trick Room|[of] p2a: Porygon2
|
|upkeep
|turn|3
|
|t:|1743917867
|switch|p2a: Kingambit|Kingambit, F|100/100
|-item|p2a: Kingambit|Air Balloon
|move|p1a: Alomomola|Whirlpool|p2a: Kingambit
|-damage|p2a: Kingambit|94/100
|-activate|p2a: Kingambit|move: Whirlpool|[of] p1a: Alomomola
|-enditem|p2a: Kingambit|Air Balloon
|
|-damage|p2a: Kingambit|82/100|[from] move: Whirlpool|[partiallytrapped]
|upkeep
|turn|4
|
|t:|1743917877
|move|p2a: Kingambit|Swords Dance|p2a: Kingambit
|-boost|p2a: Kingambit|atk|2
|move|p1a: Alomomola|Wish|p1a: Alomomola
|
|-damage|p2a: Kingambit|70/100|[from] move: Whirlpool|[partiallytrapped]
|upkeep
|turn|5
|
|t:|1743917885
|move|p2a: Kingambit|Swords Dance|p2a: Kingambit
|-boost|p2a: Kingambit|atk|2
|move|p1a: Alomomola|Flip Turn|p2a: Kingambit
|-damage|p2a: Kingambit|58/100
|
|t:|1743917897
|switch|p1a: Clodsire|Clodsire, F|100/100|[from] Flip Turn
|
|-end|p2a: Kingambit|Whirlpool|[partiallytrapped]|[silent]
|upkeep
|turn|6
|
|t:|1743917902
|-end|p2a: Kingambit|fallenundefined|[silent]
|switch|p2a: Reuniclus|Reuniclus, M, shiny|100/100
|move|p1a: Clodsire|Earthquake|p2a: Reuniclus
|-damage|p2a: Reuniclus|74/100
|
|-fieldend|move: Trick Room
|upkeep
|turn|7
|
|t:|1743917931
|switch|p2a: Conkeldurr|Conkeldurr, M|100/100
|switch|p1a: Chansey|Chansey, F|100/100
|
|-status|p2a: Conkeldurr|brn|[from] item: Flame Orb
|upkeep
|turn|8
|
|t:|1743917945
|switch|p1a: Corviknight|Corviknight, F|100/100
|-ability|p1a: Corviknight|Pressure
|move|p2a: Conkeldurr|Knock Off|p1a: Corviknight
|-damage|p1a: Corviknight|64/100
|-damage|p2a: Conkeldurr|84/100 brn|[from] item: Rocky Helmet|[of] p1a: Corviknight
|-enditem|p1a: Corviknight|Rocky Helmet|[from] move: Knock Off|[of] p2a: Conkeldurr
|
|-damage|p2a: Conkeldurr|78/100 brn|[from] brn
|upkeep
|turn|9
|
|t:|1743917957
|move|p1a: Corviknight|Roost|p1a: Corviknight
|-heal|p1a: Corviknight|100/100
|-singleturn|p1a: Corviknight|move: Roost
|move|p2a: Conkeldurr|Drain Punch|p1a: Corviknight
|-supereffective|p1a: Corviknight
|-damage|p1a: Corviknight|16/100
|-heal|p2a: Conkeldurr|100/100 brn|[from] drain|[of] p1a: Corviknight
|
|-damage|p2a: Conkeldurr|94/100 brn|[from] brn
|upkeep
|turn|10
|
|t:|1743917978
|switch|p1a: Alomomola|Alomomola, F|100/100
|move|p2a: Conkeldurr|Bulk Up|p2a: Conkeldurr
|-boost|p2a: Conkeldurr|atk|1
|-boost|p2a: Conkeldurr|def|1
|
|-damage|p2a: Conkeldurr|88/100 brn|[from] brn
|upkeep
|turn|11
|
|t:|1743917989
|move|p1a: Alomomola|Whirlpool|p2a: Conkeldurr
|-damage|p2a: Conkeldurr|81/100 brn
|-activate|p2a: Conkeldurr|move: Whirlpool|[of] p1a: Alomomola
|move|p2a: Conkeldurr|Drain Punch|p1a: Alomomola
|-damage|p1a: Alomomola|43/100
|-heal|p2a: Conkeldurr|100/100 brn|[from] drain|[of] p1a: Alomomola
|
|-damage|p2a: Conkeldurr|94/100 brn|[from] brn
|-damage|p2a: Conkeldurr|82/100 brn|[from] move: Whirlpool|[partiallytrapped]
|upkeep
|turn|12
|
|t:|1743917999
|move|p1a: Alomomola|Protect|p1a: Alomomola
|-singleturn|p1a: Alomomola|Protect
|move|p2a: Conkeldurr|Facade|p1a: Alomomola
|-activate|p1a: Alomomola|move: Protect
|
|-damage|p2a: Conkeldurr|76/100 brn|[from] brn
|-damage|p2a: Conkeldurr|64/100 brn|[from] move: Whirlpool|[partiallytrapped]
|upkeep
|turn|13
|
|t:|1743918007
|move|p1a: Alomomola|Flip Turn|p2a: Conkeldurr
|-damage|p2a: Conkeldurr|56/100 brn
|
|t:|1743918019
|switch|p1a: Clefable|Clefable, M|100/100|[from] Flip Turn
|move|p2a: Conkeldurr|Drain Punch|p1a: Clefable
|-resisted|p1a: Clefable
|-damage|p1a: Clefable|76/100
|-heal|p2a: Conkeldurr|68/100 brn|[from] drain|[of] p1a: Clefable
|
|-heal|p1a: Clefable|82/100|[from] item: Leftovers
|-damage|p2a: Conkeldurr|62/100 brn|[from] brn
|-end|p2a: Conkeldurr|Whirlpool|[partiallytrapped]|[silent]
|upkeep
|turn|14
|
|t:|1743918038
|move|p1a: Clefable|Calm Mind|p1a: Clefable
|-boost|p1a: Clefable|spa|1
|-boost|p1a: Clefable|spd|1
|move|p2a: Conkeldurr|Facade|p1a: Clefable
|-crit|p1a: Clefable
|-damage|p1a: Clefable|0 fnt
|faint|p1a: Clefable
|
|-damage|p2a: Conkeldurr|56/100 brn|[from] brn
|upkeep
|-message|warlordxxxxzzzz forfeited.
|
|win|bakabomb
|raw|warlordxxxxzzzz's rating: 1163 &rarr; <strong>1138</strong><br />(-25 for losing)
|raw|bakabomb's rating: 1163 &rarr; <strong>1188</strong><br />(+25 for winning)
|l|☆warlordxxxxzzzz
|player|p1|
|l|☆bakabomb
|player|p2|
