|j|☆Bronzong72
|j|☆kate10956
|t:|1743814474
|gametype|singles
|player|p1|Bronzong72|falkner|1380
|player|p2|kate10956|birdkeeper-gen4dp|1355
|teamsize|p1|6
|teamsize|p2|6
|gen|9
|tier|[Gen 9] OU
|rated|
|rule|HP Percentage Mod: HP is shown in percentages
|rule|Endless Battle Clause: Forcing endless battles is banned
|rule|Species Clause: Limit one of each Pokémon
|rule|OHKO Clause: OHKO moves are banned
|rule|Evasion Items Clause: Evasion items are banned
|rule|Evasion Moves Clause: Evasion moves are banned
|rule|Sleep Moves Clause: Sleep-inducing moves are banned
|clearpoke
|poke|p1|Dachsbun, M|
|poke|p1|Meowscarada, F|
|poke|p1|Cinderace, M|
|poke|p1|Glimmora, M|
|poke|p1|Gholdengo|
|poke|p1|Zapdos|
|poke|p2|Arcanine-Hisui, F|
|poke|p2|Blastoise, F|
|poke|p2|Mamoswine, F|
|poke|p2|Zarude|
|poke|p2|Infernape, F|
|poke|p2|Toedscruel, F|
|teampreview
|inactive|Battle timer is ON: inactive players will automatically lose when time's up. (requested by Bronzong72)
|
|t:|1743814496
|start
|switch|p1a: Laura|Meowscarada, F|100/100
|switch|p2a: Toedscruel|Toedscruel, F|100/100
|turn|1
|
|t:|1743814523
|move|p1a: Laura|Triple Axel|p2a: Toedscruel
|-start|p1a: Laura|typechange|Ice|[from] ability: Protean
|-supereffective|p2a: Toedscruel
|-damage|p2a: Toedscruel|20/100
|-supereffective|p2a: Toedscruel
|-damage|p2a: Toedscruel|0 fnt
|faint|p2a: Toedscruel
|-hitcount|p2: Toedscruel|2
|
|upkeep
|
|t:|1743814529
|switch|p2a: Arcanine|Arcanine-Hisui, F|100/100
|turn|2
|
|t:|1743814533
|switch|p1a: Jalebi|Dachsbun, M|100/100
|move|p2a: Arcanine|Stealth Rock|p1a: Jalebi
|-sidestart|p1: Bronzong72|move: Stealth Rock
|
|upkeep
|turn|3
|
|t:|1743814538
|move|p2a: Arcanine|Head Smash|p1a: Jalebi|[miss]
|-miss|p2a: Arcanine|p1a: Jalebi
|move|p1a: Jalebi|Body Press|p2a: Arcanine
|-supereffective|p2a: Arcanine
|-damage|p2a: Arcanine|36/100
|
|upkeep
|turn|4
|
|t:|1743814544
|move|p2a: Arcanine|Head Smash|p1a: Jalebi|[miss]
|-miss|p2a: Arcanine|p1a: Jalebi
|move|p1a: Jalebi|Wish|p1a: Jalebi
|
|upkeep
|turn|5
|
|t:|1743814550
|move|p2a: Arcanine|Head Smash|p1a: Jalebi
|-damage|p1a: Jalebi|52/100
|-damage|p2a: Arcanine|19/100|[from] item: Rocky Helmet|[of] p1a: Jalebi
|move|p1a: Jalebi|Body Press|p2a: Arcanine
|-supereffective|p2a: Arcanine
|-damage|p2a: Arcanine|0 fnt
|faint|p2a: Arcanine
|
|-heal|p1a: Jalebi|100/100|[from] move: Wish|[wisher] Jalebi
|upkeep
|
|t:|1743814558
|switch|p2a: Blastoise|Blastoise, F|100/100
|turn|6
|
|t:|1743814561
|move|p2a: Blastoise|Shell Smash|p2a: Blastoise
|-unboost|p2a: Blastoise|def|1
|-unboost|p2a: Blastoise|spd|1
|-boost|p2a: Blastoise|atk|2
|-boost|p2a: Blastoise|spa|2
|-boost|p2a: Blastoise|spe|2
|-enditem|p2a: Blastoise|White Herb
|-clearnegativeboost|p2a: Blastoise|[silent]
|move|p1a: Jalebi|Roar|p2a: Blastoise
|drag|p2a: Infernape|Infernape, F|100/100
|
|upkeep
|turn|7
|
|t:|1743814576
|move|p2a: Infernape|Encore|p1a: Jalebi
|-start|p1a: Jalebi|Encore
|move|p1a: Jalebi|Roar|p2a: Infernape
|drag|p2a: Zarude|Zarude|100/100
|
|upkeep
|turn|8
|
|t:|1743814580
|move|p2a: Zarude|Power Whip|p1a: Jalebi
|-crit|p1a: Jalebi
|-damage|p1a: Jalebi|9/100
|-damage|p2a: Zarude|84/100|[from] item: Rocky Helmet|[of] p1a: Jalebi
|move|p1a: Jalebi|Roar|p2a: Zarude
|drag|p2a: Blastoise|Blastoise, F|100/100
|
|upkeep
|turn|9
|
|t:|1743814589
|move|p2a: Blastoise|Ice Beam|p1a: Jalebi
|-damage|p1a: Jalebi|0 fnt
|faint|p1a: Jalebi
|
|upkeep
|
|t:|1743814591
|switch|p1a: Laura|Meowscarada, F|100/100
|-damage|p1a: Laura|88/100|[from] Stealth Rock
|turn|10
|
|t:|1743814599
|switch|p2a: Infernape|Infernape, F|100/100
|move|p1a: Laura|Flower Trick|p2a: Infernape
|-start|p1a: Laura|typechange|Grass|[from] ability: Protean
|-resisted|p2a: Infernape
|-crit|p2a: Infernape
|-damage|p2a: Infernape|42/100
|
|upkeep
|turn|11
|
|t:|1743814610
|move|p2a: Infernape|Vacuum Wave|p1a: Laura
|-damage|p1a: Laura|62/100
|move|p1a: Laura|Flower Trick|p2a: Infernape
|-resisted|p2a: Infernape
|-crit|p2a: Infernape
|-damage|p2a: Infernape|0 fnt
|faint|p2a: Infernape
|
|upkeep
|
|t:|1743814615
|switch|p2a: Zarude|Zarude|84/100
|turn|12
|
|t:|1743814626
|switch|p1a: Mbappé|Cinderace, M|100/100
|move|p2a: Zarude|U-turn|p1a: Mbappé
|-resisted|p1a: Mbappé
|-damage|p1a: Mbappé|79/100
|
|t:|1743814630
|switch|p2a: Blastoise|Blastoise, F|100/100|[from] U-turn
|
|upkeep
|turn|13
|
|t:|1743814642
|move|p1a: Mbappé|Court Change|p1a: Mbappé
|-start|p1a: Mbappé|typechange|Normal|[from] ability: Libero
|-swapsideconditions
|-activate|p1a: Mbappé|move: Court Change
|move|p2a: Blastoise|Shell Smash|p2a: Blastoise
|-unboost|p2a: Blastoise|def|1
|-unboost|p2a: Blastoise|spd|1
|-boost|p2a: Blastoise|atk|2
|-boost|p2a: Blastoise|spa|2
|-boost|p2a: Blastoise|spe|2
|
|upkeep
|turn|14
|
|t:|1743814668
|move|p2a: Blastoise|Hydro Pump|p1a: Mbappé
|-damage|p1a: Mbappé|0 fnt
|faint|p1a: Mbappé
|
|upkeep
|
|t:|1743814671
|switch|p1a: Sprinkles|Zapdos|100/100
|turn|15
|
|t:|1743814676
|-terastallize|p1a: Sprinkles|Water
|move|p2a: Blastoise|Hydro Pump|p1a: Sprinkles
|-resisted|p1a: Sprinkles
|-damage|p1a: Sprinkles|58/100
|move|p1a: Sprinkles|Thunderbolt|p2a: Blastoise
|-supereffective|p2a: Blastoise
|-damage|p2a: Blastoise|0 fnt
|faint|p2a: Blastoise
|
|-heal|p1a: Sprinkles|64/100|[from] item: Leftovers
|upkeep
|
|t:|1743814681
|switch|p2a: Zarude|Zarude|84/100
|-damage|p2a: Zarude|72/100|[from] Stealth Rock
|turn|16
|
|t:|1743814699
|switch|p1a: Florian|Glimmora, M|100/100
|-terastallize|p2a: Zarude|Dark
|move|p2a: Zarude|Knock Off|p1a: Florian
|-damage|p1a: Florian|0 fnt
|-activate|p1a: Florian|ability: Toxic Debris
|-sidestart|p2: kate10956|move: Toxic Spikes
|-enditem|p1a: Florian|Choice Scarf|[from] move: Knock Off|[of] p2a: Zarude
|faint|p1a: Florian
|
|upkeep
|
|t:|1743814709
|switch|p1a: Laura|Meowscarada, F|62/100
|turn|17
|
|t:|1743814712
|move|p1a: Laura|U-turn|p2a: Zarude
|-start|p1a: Laura|typechange|Bug|[from] ability: Protean
|-supereffective|p2a: Zarude
|-damage|p2a: Zarude|0 fnt
|faint|p2a: Zarude
|
|t:|1743814717
|switch|p1a: Ronaldo|Gholdengo|100/100|[from] U-turn
|-item|p1a: Ronaldo|Air Balloon
|
|upkeep
|
|t:|1743814720
|switch|p2a: Mamoswine|Mamoswine, F|100/100
|-damage|p2a: Mamoswine|88/100|[from] Stealth Rock
|-status|p2a: Mamoswine|psn
|turn|18
|
|t:|1743814725
|move|p1a: Ronaldo|Make It Rain|p2a: Mamoswine
|-supereffective|p2a: Mamoswine
|-damage|p2a: Mamoswine|0 fnt
|-unboost|p1a: Ronaldo|spa|1
|faint|p2a: Mamoswine
|
|win|Bronzong72
|raw|Bronzong72's rating: 1380 &rarr; <strong>1399</strong><br />(+19 for winning)
|raw|kate10956's rating: 1355 &rarr; <strong>1336</strong><br />(-19 for losing)
|l|☆kate10956
|player|p2|
|l|☆Bronzong72
|player|p1|
