|j|☆link67089
|j|☆Sadie1996
|t:|1743837653
|gametype|singles
|player|p1|link67089|1|1117
|player|p2|Sadie1996|102|1080
|teamsize|p1|6
|teamsize|p2|6
|gen|9
|tier|[Gen 9] OU
|rated|
|rule|HP Percentage Mod: HP is shown in percentages
|rule|Endless Battle Clause: Forcing endless battles is banned
|rule|Species Clause: Limit one of each Pokémon
|rule|OHKO Clause: OHKO moves are banned
|rule|Evasion Items Clause: Evasion items are banned
|rule|Evasion Moves Clause: Evasion moves are banned
|rule|Sleep Moves Clause: Sleep-inducing moves are banned
|clearpoke
|poke|p1|Conkeldurr, F|
|poke|p1|Lokix, M|
|poke|p1|Ceruledge, M|
|poke|p1|Fezandipiti, M|
|poke|p1|Glimmora, F|
|poke|p1|Corviknight, M|
|poke|p2|Ogerpon-Cornerstone, F|
|poke|p2|Donphan, F|
|poke|p2|Avalugg-Hisui, F|
|poke|p2|Magnezone|
|poke|p2|Golem-Alola, F|
|poke|p2|Hitmonlee, M|
|teampreview
|
|t:|1743837661
|start
|switch|p1a: Glimmora|Glimmora, F|100/100
|switch|p2a: Magnezone|Magnezone|100/100
|turn|1
|
|t:|1743837669
|move|p1a: Glimmora|Stealth Rock|p2a: Magnezone
|-sidestart|p2: Sadie1996|move: Stealth Rock
|move|p2a: Magnezone|Flash Cannon|p1a: Glimmora
|-supereffective|p1a: Glimmora
|-damage|p1a: Glimmora|37/100
|-unboost|p1a: Glimmora|spd|1
|
|upkeep
|turn|2
|
|t:|1743837675
|move|p1a: Glimmora|Meteor Beam||[still]
|-prepare|p1a: Glimmora|Meteor Beam
|-boost|p1a: Glimmora|spa|1
|-enditem|p1a: Glimmora|Power Herb
|-anim|p1a: Glimmora|Meteor Beam|p2a: Magnezone
|-resisted|p2a: Magnezone
|-damage|p2a: Magnezone|58/100
|move|p2a: Magnezone|Flash Cannon|p1a: Glimmora
|-supereffective|p1a: Glimmora
|-damage|p1a: Glimmora|0 fnt
|faint|p1a: Glimmora
|
|upkeep
|
|t:|1743837687
|switch|p1a: Ceruledge|Ceruledge, M|100/100
|turn|3
|
|t:|1743837694
|move|p1a: Ceruledge|Bulk Up|p1a: Ceruledge
|-boost|p1a: Ceruledge|atk|1
|-boost|p1a: Ceruledge|def|1
|move|p2a: Magnezone|Thunderbolt|p1a: Ceruledge
|-damage|p1a: Ceruledge|57/100
|
|-heal|p1a: Ceruledge|64/100|[from] item: Leftovers
|upkeep
|turn|4
|
|t:|1743837702
|move|p1a: Ceruledge|Bulk Up|p1a: Ceruledge
|-boost|p1a: Ceruledge|atk|1
|-boost|p1a: Ceruledge|def|1
|move|p2a: Magnezone|Thunderbolt|p1a: Ceruledge
|-damage|p1a: Ceruledge|15/100
|
|-heal|p1a: Ceruledge|21/100|[from] item: Leftovers
|upkeep
|turn|5
|
|t:|1743837708
|move|p1a: Ceruledge|Bitter Blade|p2a: Magnezone
|-supereffective|p2a: Magnezone
|-damage|p2a: Magnezone|0 fnt
|-heal|p1a: Ceruledge|55/100|[from] drain|[of] p2a: Magnezone
|faint|p2a: Magnezone
|
|-heal|p1a: Ceruledge|61/100|[from] item: Leftovers
|upkeep
|
|t:|1743837728
|switch|p2a: Donphan|Donphan, F|100/100
|-damage|p2a: Donphan|94/100|[from] Stealth Rock
|turn|6
|
|t:|1743837736
|-terastallize|p1a: Ceruledge|Grass
|move|p1a: Ceruledge|Bitter Blade|p2a: Donphan
|-damage|p2a: Donphan|28/100
|-heal|p1a: Ceruledge|98/100|[from] drain|[of] p2a: Donphan
|move|p2a: Donphan|Counter|p1a: Ceruledge
|-damage|p1a: Ceruledge|0 fnt
|faint|p1a: Ceruledge
|
|upkeep
|
|t:|1743837748
|switch|p1a: Lokix|Lokix, M|100/100
|turn|7
|
|t:|1743837751
|move|p1a: Lokix|First Impression|p2a: Donphan
|-damage|p2a: Donphan|0 fnt
|faint|p2a: Donphan
|
|upkeep
|
|t:|1743837760
|switch|p2a: Avalugg|Avalugg-Hisui, F|100/100
|-damage|p2a: Avalugg|76/100|[from] Stealth Rock
|turn|8
|
|t:|1743837764
|move|p1a: Lokix|U-turn|p2a: Avalugg
|-damage|p2a: Avalugg|60/100
|
|t:|1743837771
|switch|p1a: Conkeldurr|Conkeldurr, F|100/100|[from] U-turn
|move|p2a: Avalugg|Rapid Spin|p1a: Conkeldurr
|-damage|p1a: Conkeldurr|84/100
|-boost|p2a: Avalugg|spe|1
|-sideend|p2: Sadie1996|Stealth Rock|[from] move: Rapid Spin|[of] p2a: Avalugg
|
|upkeep
|turn|9
|
|t:|1743837783
|move|p2a: Avalugg|Mountain Gale|p1a: Conkeldurr|[miss]
|-miss|p2a: Avalugg|p1a: Conkeldurr
|move|p1a: Conkeldurr|Drain Punch|p2a: Avalugg
|-supereffective|p2a: Avalugg
|-damage|p2a: Avalugg|0 fnt
|-heal|p1a: Conkeldurr|100/100|[from] drain|[of] p2a: Avalugg
|faint|p2a: Avalugg
|-damage|p1a: Conkeldurr|91/100|[from] item: Life Orb
|
|upkeep
|
|t:|1743837787
|switch|p2a: Golem|Golem-Alola, F|100/100
|turn|10
|
|t:|1743837799
|move|p1a: Conkeldurr|Drain Punch|p2a: Golem
|-supereffective|p2a: Golem
|-damage|p2a: Golem|16/100
|-heal|p1a: Conkeldurr|100/100|[from] drain|[of] p2a: Golem
|-damage|p1a: Conkeldurr|91/100|[from] item: Life Orb
|move|p2a: Golem|Counter|p1a: Conkeldurr
|-damage|p1a: Conkeldurr|0 fnt
|faint|p1a: Conkeldurr
|
|upkeep
|
|t:|1743837804
|switch|p1a: Fezandipiti|Fezandipiti, M|100/100
|turn|11
|-enditem|p2a: Golem|Custap Berry|[eat]
|-activate|p2a: Golem|item: Custap Berry|[consumed]
|
|t:|1743837816
|move|p2a: Golem|Earthquake|p1a: Fezandipiti
|-supereffective|p1a: Fezandipiti
|-damage|p1a: Fezandipiti|46/100
|move|p1a: Fezandipiti|Moonblast|p2a: Golem
|-damage|p2a: Golem|0 fnt
|faint|p2a: Golem
|
|-heal|p1a: Fezandipiti|52/100|[from] item: Leftovers
|upkeep
|
|t:|1743837825
|switch|p2a: Ogerpon|Ogerpon-Cornerstone, F|100/100
|turn|12
|
|t:|1743837828
|move|p2a: Ogerpon|Focus Energy|p2a: Ogerpon
|-start|p2a: Ogerpon|move: Focus Energy
|move|p1a: Fezandipiti|Sludge Bomb|p2a: Ogerpon
|-damage|p2a: Ogerpon|73/100
|
|-heal|p1a: Fezandipiti|58/100|[from] item: Leftovers
|upkeep
|turn|13
|
|t:|1743837834
|move|p2a: Ogerpon|Ivy Cudgel|p1a: Fezandipiti|[anim] Ivy Cudgel Rock
|-crit|p1a: Fezandipiti
|-damage|p1a: Fezandipiti|0 fnt
|faint|p1a: Fezandipiti
|
|upkeep
|
|t:|1743837840
|switch|p1a: Lokix|Lokix, M|100/100
|turn|14
|
|t:|1743837849
|-terastallize|p2a: Ogerpon|Rock
|detailschange|p2a: Ogerpon|Ogerpon-Cornerstone-Tera, F, tera:Rock
|-ability|p2a: Ogerpon|Embody Aspect (Cornerstone)|boost
|-boost|p2a: Ogerpon|def|1
|move|p1a: Lokix|First Impression|p2a: Ogerpon
|-damage|p2a: Ogerpon|40/100
|move|p2a: Ogerpon|Ivy Cudgel|p1a: Lokix|[anim] Ivy Cudgel Rock
|-supereffective|p1a: Lokix
|-crit|p1a: Lokix
|-enditem|p1a: Lokix|Focus Sash
|-damage|p1a: Lokix|1/100
|
|upkeep
|turn|15
|
|t:|1743837862
|move|p2a: Ogerpon|Ivy Cudgel|p1a: Lokix|[anim] Ivy Cudgel Rock
|-supereffective|p1a: Lokix
|-crit|p1a: Lokix
|-damage|p1a: Lokix|0 fnt
|faint|p1a: Lokix
|
|upkeep
|
|t:|1743837865
|switch|p1a: Corviknight|Corviknight, M|100/100
|-ability|p1a: Corviknight|Pressure
|turn|16
|
|t:|1743837872
|move|p2a: Ogerpon|Knock Off|p1a: Corviknight
|-damage|p1a: Corviknight|68/100
|-enditem|p1a: Corviknight|Leftovers|[from] move: Knock Off|[of] p2a: Ogerpon
|move|p1a: Corviknight|Body Press|p2a: Ogerpon
|-supereffective|p2a: Ogerpon
|-damage|p2a: Ogerpon|4/100
|
|upkeep
|turn|17
|
|t:|1743837876
|move|p2a: Ogerpon|Ivy Cudgel|p1a: Corviknight|[anim] Ivy Cudgel Rock
|-crit|p1a: Corviknight
|-damage|p1a: Corviknight|0 fnt
|faint|p1a: Corviknight
|
|win|Sadie1996
|raw|link67089's rating: 1117 &rarr; <strong>1089</strong><br />(-28 for losing)
|raw|Sadie1996's rating: 1080 &rarr; <strong>1111</strong><br />(+31 for winning)
|l|☆link67089
|player|p1|
|l|☆Sadie1996
|player|p2|
