|j|☆asdfjklqwert
|j|☆Barronmaster
|t:|1743877904
|gametype|singles
|player|p1|asdfjklqwert|winona|1476
|player|p2|Barronmaster|169|1485
|teamsize|p1|6
|teamsize|p2|6
|gen|9
|tier|[Gen 9] OU
|rated|
|rule|HP Percentage Mod: HP is shown in percentages
|rule|Endless Battle Clause: Forcing endless battles is banned
|rule|Species Clause: Limit one of each Pokémon
|rule|OHKO Clause: OHKO moves are banned
|rule|Evasion Items Clause: Evasion items are banned
|rule|Evasion Moves Clause: Evasion moves are banned
|rule|Sleep Moves Clause: Sleep-inducing moves are banned
|clearpoke
|poke|p1|Latios, M|
|poke|p1|Hydrapple, M|
|poke|p1|Tornadus-Therian, M|
|poke|p1|Weezing-Galar, M|
|poke|p1|Cinderace, M|
|poke|p1|Swampert, F|
|poke|p2|Hoopa-Unbound|
|poke|p2|Ninetales-Alola, F|
|poke|p2|Slowking-Galar, M|
|poke|p2|Cloyster, F|
|poke|p2|Zoroark, M|
|poke|p2|Indeedee, M|
|teampreview
|
|t:|1743877912
|start
|switch|p1a: Weezing|Weezing-Galar, M|100/100
|switch|p2a: Zoroark|Zoroark, M|100/100
|-ability|p1a: Weezing|Neutralizing Gas
|turn|1
|inactive|Battle timer is ON: inactive players will automatically lose when time's up. (requested by Barronmaster)
|c|☆Barronmaster|Lol
|c|☆Barronmaster|next time
|
|t:|1743877946
|-end|p1a: Weezing|ability: Neutralizing Gas
|switch|p1a: Tornadus|Tornadus-Therian, M|100/100
|move|p2a: Zoroark|U-turn|p1a: Tornadus
|-resisted|p1a: Tornadus
|-damage|p1a: Tornadus|85/100
|-damage|p2a: Zoroark|91/100|[from] item: Life Orb
|
|t:|1743877958
|switch|p2a: Ninetales|Ninetales-Alola, F|100/100|[from] U-turn
|-weather|Snowscape|[from] ability: Snow Warning|[of] p2a: Ninetales
|
|-weather|Snowscape|[upkeep]
|upkeep
|turn|2
|
|t:|1743877964
|move|p2a: Ninetales|Aurora Veil|p2a: Ninetales
|-sidestart|p2: Barronmaster|move: Aurora Veil
|move|p1a: Tornadus|Bleakwind Storm|p2a: Ninetales
|-damage|p2a: Ninetales|69/100
|-unboost|p2a: Ninetales|spe|1
|
|-weather|Snowscape|[upkeep]
|upkeep
|turn|3
|
|t:|1743877974
|move|p1a: Tornadus|U-turn|p2a: Ninetales
|-resisted|p2a: Ninetales
|-damage|p2a: Ninetales|65/100
|
|t:|1743877979
|switch|p1a: Weezing|Weezing-Galar, M|100/100|[from] U-turn
|-ability|p1a: Weezing|Neutralizing Gas
|move|p2a: Ninetales|Blizzard|p1a: Weezing
|-damage|p1a: Weezing|45/100
|
|-weather|Snowscape|[upkeep]
|-heal|p1a: Weezing|51/100|[from] item: Leftovers
|upkeep
|turn|4
|
|t:|1743877990
|switch|p2a: Slowking|Slowking-Galar, M|100/100
|-end|p1a: Weezing|ability: Neutralizing Gas
|switch|p1a: Cinderace|Cinderace, M|100/100
|
|-weather|Snowscape|[upkeep]
|upkeep
|turn|5
|
|t:|1743878000
|move|p1a: Cinderace|U-turn|p2a: Slowking
|-start|p1a: Cinderace|typechange|Bug|[from] ability: Libero
|-damage|p2a: Slowking|80/100
|
|t:|1743878004
|switch|p1a: Tornadus|Tornadus-Therian, M|100/100|[from] U-turn
|move|p2a: Slowking|Trick Room|p2a: Slowking
|-fieldstart|move: Trick Room|[of] p2a: Slowking
|
|-weather|none
|-heal|p2a: Slowking|86/100|[from] item: Leftovers
|upkeep
|turn|6
|
|t:|1743878011
|-terastallize|p2a: Slowking|Flying
|move|p2a: Slowking|Nasty Plot|p2a: Slowking
|-boost|p2a: Slowking|spa|2
|move|p1a: Tornadus|Knock Off|p2a: Slowking
|-damage|p2a: Slowking|74/100
|-enditem|p2a: Slowking|Leftovers|[from] move: Knock Off|[of] p1a: Tornadus
|
|upkeep
|turn|7
|
|t:|1743878018
|move|p2a: Slowking|Psychic Noise|p1a: Tornadus
|-damage|p1a: Tornadus|52/100
|-start|p1a: Tornadus|move: Heal Block
|move|p1a: Tornadus|Bleakwind Storm|p2a: Slowking
|-damage|p2a: Slowking|54/100
|
|upkeep
|turn|8
|
|t:|1743878028
|move|p2a: Slowking|Flamethrower|p1a: Tornadus
|-damage|p1a: Tornadus|8/100
|move|p1a: Tornadus|Bleakwind Storm|p2a: Slowking
|-damage|p2a: Slowking|33/100
|
|-end|p1a: Tornadus|move: Heal Block
|upkeep
|turn|9
|
|t:|1743878038
|switch|p1a: Swampert|Swampert, F|100/100
|move|p2a: Slowking|Trick Room|p2a: Slowking
|-fieldend|move: Trick Room
|
|-sideend|p2: Barronmaster|move: Aurora Veil
|upkeep
|turn|10
|
|t:|1743878048
|switch|p2a: Ninetales|Ninetales-Alola, F|65/100
|-weather|Snowscape|[from] ability: Snow Warning|[of] p2a: Ninetales
|move|p1a: Swampert|Flip Turn|p2a: Ninetales
|-damage|p2a: Ninetales|32/100
|
|t:|1743878050
|switch|p1a: Cinderace|Cinderace, M|100/100|[from] Flip Turn
|
|-weather|Snowscape|[upkeep]
|upkeep
|turn|11
|
|t:|1743878054
|switch|p2a: Cloyster|Cloyster, F|100/100
|move|p1a: Cinderace|U-turn|p2a: Cloyster
|-start|p1a: Cinderace|typechange|Bug|[from] ability: Libero
|-damage|p2a: Cloyster|84/100
|
|t:|1743878056
|switch|p1a: Latios|Latios, M|100/100|[from] U-turn
|
|-weather|Snowscape|[upkeep]
|upkeep
|turn|12
|
|t:|1743878062
|switch|p2a: Hoopa|Hoopa-Unbound|100/100
|move|p1a: Latios|Draco Meteor|p2a: Hoopa
|-damage|p2a: Hoopa|44/100
|-unboost|p1a: Latios|spa|2
|
|-weather|Snowscape|[upkeep]
|-heal|p2a: Hoopa|50/100|[from] item: Leftovers
|upkeep
|turn|13
|
|t:|1743878078
|move|p1a: Latios|Flip Turn|p2a: Hoopa
|-crit|p2a: Hoopa
|-damage|p2a: Hoopa|21/100
|
|t:|1743878082
|switch|p1a: Weezing|Weezing-Galar, M|51/100|[from] Flip Turn
|-ability|p1a: Weezing|Neutralizing Gas
|move|p2a: Hoopa|Knock Off|p1a: Weezing
|-resisted|p1a: Weezing
|-damage|p1a: Weezing|32/100
|-enditem|p1a: Weezing|Leftovers|[from] move: Knock Off|[of] p2a: Hoopa
|
|-weather|Snowscape|[upkeep]
|-heal|p2a: Hoopa|27/100|[from] item: Leftovers
|upkeep
|turn|14
|
|t:|1743878089
|move|p2a: Hoopa|Psychic Noise|p1a: Weezing
|-supereffective|p1a: Weezing
|-damage|p1a: Weezing|0 fnt
|faint|p1a: Weezing
|-end|p1a: Weezing|ability: Neutralizing Gas
|
|-weather|none
|-heal|p2a: Hoopa|33/100|[from] item: Leftovers
|upkeep
|
|t:|1743878096
|switch|p1a: Tornadus|Tornadus-Therian, M|41/100
|turn|15
|
|t:|1743878104
|switch|p2a: Slowking|Slowking-Galar, M, tera:Flying|66/100
|move|p1a: Tornadus|Bleakwind Storm|p2a: Slowking|[miss]
|-miss|p1a: Tornadus|p2a: Slowking
|
|upkeep
|turn|16
|
|t:|1743878109
|move|p1a: Tornadus|Bleakwind Storm|p2a: Slowking
|-damage|p2a: Slowking|26/100
|move|p2a: Slowking|Trick Room|p2a: Slowking
|-fieldstart|move: Trick Room|[of] p2a: Slowking
|
|upkeep
|turn|17
|
|t:|1743878117
|switch|p2a: Hoopa|Hoopa-Unbound|33/100
|move|p1a: Tornadus|U-turn|p2a: Hoopa
|-supereffective|p2a: Hoopa
|-damage|p2a: Hoopa|0 fnt
|faint|p2a: Hoopa
|
|t:|1743878123
|switch|p1a: Swampert|Swampert, F|100/100|[from] U-turn
|
|upkeep
|
|t:|1743878148
|switch|p2a: Slowking|Slowking-Galar, M, tera:Flying|59/100
|turn|18
|
|t:|1743878158
|move|p2a: Slowking|Psychic Noise|p1a: Swampert
|-damage|p1a: Swampert|66/100
|-start|p1a: Swampert|move: Heal Block
|move|p1a: Swampert|Flip Turn|p2a: Slowking
|-damage|p2a: Slowking|22/100
|
|t:|1743878166
|switch|p1a: Cinderace|Cinderace, M|100/100|[from] Flip Turn
|
|upkeep
|turn|19
|
|t:|1743878175
|switch|p2a: Indeedee|Indeedee, M|100/100
|-fieldstart|move: Psychic Terrain|[from] ability: Psychic Surge|[of] p2a: Indeedee
|move|p1a: Cinderace|Sucker Punch||[still]
|-fail|p1a: Cinderace
|
|upkeep
|turn|20
|
|t:|1743878181
|switch|p1a: Tornadus|Tornadus-Therian, M|74/100
|move|p2a: Indeedee|Expanding Force|p1a: Tornadus
|-damage|p1a: Tornadus|9/100
|-damage|p2a: Indeedee|91/100|[from] item: Life Orb
|
|-fieldend|move: Trick Room
|upkeep
|turn|21
|inactive|Barronmaster has 120 seconds left.
|
|t:|1743878212
|switch|p2a: Slowking|Slowking-Galar, M, tera:Flying|55/100
|move|p1a: Tornadus|U-turn|p2a: Slowking
|-resisted|p2a: Slowking
|-damage|p2a: Slowking|46/100
|
|t:|1743878217
|switch|p1a: Cinderace|Cinderace, M|100/100|[from] U-turn
|
|upkeep
|turn|22
|
|t:|1743878228
|move|p1a: Cinderace|Pyro Ball|p2a: Slowking
|-damage|p2a: Slowking|0 fnt
|faint|p2a: Slowking
|
|upkeep
|inactive|Barronmaster has 120 seconds left.
|
|t:|1743878242
|switch|p2a: Cloyster|Cloyster, F|84/100
|turn|23
|
|t:|1743878246
|-terastallize|p1a: Cinderace|Fire
|move|p1a: Cinderace|Pyro Ball|p2a: Cloyster
|-damage|p2a: Cloyster|27/100
|move|p2a: Cloyster|Shell Smash|p2a: Cloyster
|-unboost|p2a: Cloyster|def|1
|-unboost|p2a: Cloyster|spd|1
|-boost|p2a: Cloyster|atk|2
|-boost|p2a: Cloyster|spa|2
|-boost|p2a: Cloyster|spe|2
|
|-fieldend|move: Psychic Terrain
|upkeep
|turn|24
|
|t:|1743878256
|move|p2a: Cloyster|Ice Shard|p1a: Cinderace
|-resisted|p1a: Cinderace
|-damage|p1a: Cinderace|75/100
|move|p1a: Cinderace|Sucker Punch||[still]
|-fail|p1a: Cinderace
|
|upkeep
|turn|25
|
|t:|1743878261
|move|p2a: Cloyster|Ice Shard|p1a: Cinderace
|-resisted|p1a: Cinderace
|-damage|p1a: Cinderace|47/100
|move|p1a: Cinderace|Pyro Ball|p2a: Cloyster
|-damage|p2a: Cloyster|0 fnt
|faint|p2a: Cloyster
|
|upkeep
|
|t:|1743878263
|switch|p2a: Ninetales|Ninetales-Alola, F|91/100
|turn|26
|
|t:|1743878265
|move|p2a: Ninetales|Sucker Punch|p1a: Cinderace
|-damage|p1a: Cinderace|0 fnt
|faint|p1a: Cinderace
|-damage|p2a: Ninetales|81/100|[from] item: Life Orb
|
|upkeep
|
|t:|1743878287
|switch|p1a: Hydrapple|Hydrapple, M|100/100
|turn|27
|
|t:|1743878297
|move|p2a: Ninetales|U-turn|p1a: Hydrapple
|-supereffective|p1a: Hydrapple
|-damage|p1a: Hydrapple|56/100
|-damage|p2a: Ninetales|64/100|[from] item: Rocky Helmet|[of] p1a: Hydrapple
|-damage|p2a: Ninetales|54/100|[from] item: Life Orb
|
|t:|1743878302
|switch|p2a: Ninetales|Ninetales-Alola, F|32/100|[from] U-turn
|-weather|Snowscape|[from] ability: Snow Warning|[of] p2a: Ninetales
|move|p1a: Hydrapple|Energy Ball|p2a: Ninetales
|-damage|p2a: Ninetales|0 fnt
|faint|p2a: Ninetales
|
|-weather|Snowscape|[upkeep]
|upkeep
|
|t:|1743878304
|switch|p2a: Indeedee|Indeedee, M|91/100
|-fieldstart|move: Psychic Terrain|[from] ability: Psychic Surge|[of] p2a: Indeedee
|turn|28
|
|t:|1743878309
|switch|p1a: Latios|Latios, M|100/100
|move|p2a: Indeedee|Expanding Force|p1a: Latios
|-resisted|p1a: Latios
|-damage|p1a: Latios|49/100
|-damage|p2a: Indeedee|81/100|[from] item: Life Orb
|
|-weather|Snowscape|[upkeep]
|upkeep
|turn|29
|
|t:|1743878320
|move|p1a: Latios|Draco Meteor|p2a: Indeedee
|-damage|p2a: Indeedee|0 fnt
|-unboost|p1a: Latios|spa|2
|faint|p2a: Indeedee
|
|-weather|Snowscape|[upkeep]
|upkeep
|
|t:|1743878322
|switch|p2a: Zoroark|Zoroark, M|54/100
|turn|30
|
|t:|1743878324
|move|p1a: Latios|Draco Meteor|p2a: Zoroark|[miss]
|-miss|p1a: Latios|p2a: Zoroark
|move|p2a: Zoroark|Knock Off|p1a: Latios
|-supereffective|p1a: Latios
|-damage|p1a: Latios|0 fnt
|-enditem|p1a: Latios|Soul Dew|[from] move: Knock Off|[of] p2a: Zoroark
|faint|p1a: Latios
|-damage|p2a: Zoroark|44/100|[from] item: Life Orb
|
|-weather|Snowscape|[upkeep]
|upkeep
|
|t:|1743878327
|switch|p1a: Hydrapple|Hydrapple, M|89/100
|turn|31
|
|t:|1743878330
|move|p2a: Zoroark|U-turn|p1a: Hydrapple
|-supereffective|p1a: Hydrapple
|-damage|p1a: Hydrapple|43/100
|-damage|p2a: Zoroark|28/100|[from] item: Rocky Helmet|[of] p1a: Hydrapple
|-damage|p2a: Zoroark|18/100|[from] item: Life Orb
|move|p1a: Hydrapple|Energy Ball|p2a: Zoroark
|-damage|p2a: Zoroark|0 fnt
|faint|p2a: Zoroark
|
|win|asdfjklqwert
|raw|asdfjklqwert's rating: 1476 &rarr; <strong>1497</strong><br />(+21 for winning)
|raw|Barronmaster's rating: 1485 &rarr; <strong>1464</strong><br />(-21 for losing)
|l|☆Barronmaster
|player|p2|
|c|☆asdfjklqwert|Gg
|l|☆asdfjklqwert
|player|p1|
