|j|☆hugobui0105
|j|☆Kriy
|t:|1743835754
|gametype|singles
|player|p1|hugobui0105|scientist-gen4dp|1339
|player|p2|Kriy|ethan|1307
|teamsize|p1|6
|teamsize|p2|6
|gen|9
|tier|[Gen 9] OU
|rated|
|rule|HP Percentage Mod: HP is shown in percentages
|rule|Endless Battle Clause: Forcing endless battles is banned
|rule|Species Clause: Limit one of each Pokémon
|rule|OHKO Clause: OHKO moves are banned
|rule|Evasion Items Clause: Evasion items are banned
|rule|Evasion Moves Clause: Evasion moves are banned
|rule|Sleep Moves Clause: Sleep-inducing moves are banned
|clearpoke
|poke|p1|Kyurem|
|poke|p1|Ting-Lu|
|poke|p1|Corviknight, M|
|poke|p1|Weezing-Galar, M|
|poke|p1|Zamazenta-*|
|poke|p1|Toxapex, M|
|poke|p2|Dragonite, M|
|poke|p2|Primarina, F|
|poke|p2|Darkrai|
|poke|p2|Landorus-Therian, M|
|poke|p2|Kingambit, M|
|poke|p2|Blaziken, M|
|teampreview
|inactive|Battle timer is ON: inactive players will automatically lose when time's up. (requested by Kriy)
|
|t:|1743835773
|start
|switch|p1a: Kyotaro|Kyurem, shiny|100/100
|switch|p2a: Landorus|Landorus-Therian, M|100/100
|-ability|p1a: Kyotaro|Pressure
|-ability|p2a: Landorus|Intimidate|boost
|-unboost|p1a: Kyotaro|atk|1
|turn|1
|
|t:|1743835794
|move|p1a: Kyotaro|Substitute|p1a: Kyotaro
|-start|p1a: Kyotaro|Substitute
|-damage|p1a: Kyotaro|76/100
|move|p2a: Landorus|Taunt|p1a: Kyotaro
|-start|p1a: Kyotaro|move: Taunt
|
|-heal|p1a: Kyotaro|82/100|[from] item: Leftovers
|upkeep
|turn|2
|
|t:|1743835799
|move|p1a: Kyotaro|Freeze-Dry|p2a: Landorus
|-supereffective|p2a: Landorus
|-damage|p2a: Landorus|0 fnt
|faint|p2a: Landorus
|
|-heal|p1a: Kyotaro|88/100|[from] item: Leftovers
|upkeep
|
|t:|1743835803
|switch|p2a: Kingambit|Kingambit, M|100/100
|-activate|p2a: Kingambit|ability: Supreme Overlord
|-start|p2a: Kingambit|fallen1|[silent]
|turn|3
|
|t:|1743835806
|move|p1a: Kyotaro|Earth Power|p2a: Kingambit
|-supereffective|p2a: Kingambit
|-damage|p2a: Kingambit|45/100
|-unboost|p2a: Kingambit|spd|1
|move|p2a: Kingambit|Iron Head|p1a: Kyotaro
|-supereffective|p1a: Kyotaro
|-end|p1a: Kyotaro|Substitute
|
|-heal|p1a: Kyotaro|94/100|[from] item: Leftovers
|-heal|p2a: Kingambit|51/100|[from] item: Leftovers
|upkeep
|turn|4
|
|t:|1743835821
|switch|p1a: Trojan|Zamazenta, shiny|100/100
|-ability|p1a: Trojan|Dauntless Shield|boost
|-boost|p1a: Trojan|def|1
|-end|p2a: Kingambit|fallen1|[silent]
|switch|p2a: Darkrai|Darkrai|100/100
|
|upkeep
|turn|5
|
|t:|1743835832
|move|p1a: Trojan|Close Combat|p2a: Darkrai
|-supereffective|p2a: Darkrai
|-damage|p2a: Darkrai|0 fnt
|-unboost|p1a: Trojan|def|1
|-unboost|p1a: Trojan|spd|1
|faint|p2a: Darkrai
|
|upkeep
|
|t:|1743835835
|switch|p2a: Primarina|Primarina, F|100/100
|turn|6
|
|t:|1743835840
|switch|p1a: Serpentine|Toxapex, M, shiny|100/100
|move|p2a: Primarina|Substitute|p2a: Primarina
|-start|p2a: Primarina|Substitute
|-damage|p2a: Primarina|76/100
|
|-heal|p2a: Primarina|82/100|[from] item: Leftovers
|upkeep
|turn|7
|
|t:|1743835843
|move|p2a: Primarina|Calm Mind|p2a: Primarina
|-boost|p2a: Primarina|spa|1
|-boost|p2a: Primarina|spd|1
|move|p1a: Serpentine|Sludge Bomb|p2a: Primarina
|-supereffective|p2a: Primarina
|-end|p2a: Primarina|Substitute
|
|-heal|p2a: Primarina|88/100|[from] item: Leftovers
|upkeep
|turn|8
|
|t:|1743835848
|move|p2a: Primarina|Substitute|p2a: Primarina
|-start|p2a: Primarina|Substitute
|-damage|p2a: Primarina|63/100
|move|p1a: Serpentine|Acid Spray|p2a: Primarina
|-supereffective|p2a: Primarina
|-activate|p2a: Primarina|move: Substitute|[damage]
|
|-heal|p2a: Primarina|69/100|[from] item: Leftovers
|upkeep
|turn|9
|
|t:|1743835853
|move|p2a: Primarina|Moonblast|p1a: Serpentine
|-resisted|p1a: Serpentine
|-damage|p1a: Serpentine|83/100
|move|p1a: Serpentine|Sludge Bomb|p2a: Primarina
|-supereffective|p2a: Primarina
|-end|p2a: Primarina|Substitute
|
|-heal|p2a: Primarina|75/100|[from] item: Leftovers
|upkeep
|turn|10
|
|t:|1743835864
|move|p2a: Primarina|Psychic Noise|p1a: Serpentine
|-resisted|p1a: Serpentine
|-damage|p1a: Serpentine|70/100
|-start|p1a: Serpentine|move: Heal Block
|move|p1a: Serpentine|Sludge Bomb|p2a: Primarina
|-supereffective|p2a: Primarina
|-damage|p2a: Primarina|39/100
|-status|p2a: Primarina|psn
|
|-heal|p2a: Primarina|45/100 psn|[from] item: Leftovers
|-damage|p2a: Primarina|32/100 psn|[from] psn
|upkeep
|turn|11
|
|t:|1743835869
|move|p2a: Primarina|Moonblast|p1a: Serpentine
|-resisted|p1a: Serpentine
|-damage|p1a: Serpentine|52/100
|move|p1a: Serpentine|Sludge Bomb|p2a: Primarina
|-supereffective|p2a: Primarina
|-damage|p2a: Primarina|0 fnt
|faint|p2a: Primarina
|
|-end|p1a: Serpentine|move: Heal Block
|upkeep
|
|t:|1743835872
|switch|p2a: Blaziken|Blaziken, M|100/100
|turn|12
|
|t:|1743835885
|-terastallize|p1a: Serpentine|Water
|move|p2a: Blaziken|Swords Dance|p2a: Blaziken
|-boost|p2a: Blaziken|atk|2
|move|p1a: Serpentine|Surf|p2a: Blaziken
|-supereffective|p2a: Blaziken
|-damage|p2a: Blaziken|0 fnt
|faint|p2a: Blaziken
|
|upkeep
|-message|Kriy forfeited.
|
|win|hugobui0105
|raw|hugobui0105's rating: 1339 &rarr; <strong>1357</strong><br />(+18 for winning)
|raw|Kriy's rating: 1307 &rarr; <strong>1289</strong><br />(-18 for losing)
|l|☆Kriy
|player|p2|
|l|☆hugobui0105
|player|p1|
