|j|☆Violet1994
|j|☆TOXICccccccccccccc
|t:|1743904481
|gametype|singles
|player|p1|Violet1994|cheryl|1128
|player|p2|TOXICccccccccccccc|hiker-gen4|1158
|teamsize|p1|6
|teamsize|p2|6
|gen|9
|tier|[Gen 9] OU
|rated|
|rule|HP Percentage Mod: HP is shown in percentages
|rule|Endless Battle Clause: Forcing endless battles is banned
|rule|Species Clause: Limit one of each Pokémon
|rule|OHKO Clause: OHKO moves are banned
|rule|Evasion Items Clause: Evasion items are banned
|rule|Evasion Moves Clause: Evasion moves are banned
|rule|Sleep Moves Clause: Sleep-inducing moves are banned
|clearpoke
|poke|p1|Meganium, F|
|poke|p1|Diancie|
|poke|p1|Gardevoir, F|
|poke|p1|Milotic, F|
|poke|p1|Chandelure, M|
|poke|p1|Dragonite, M|
|poke|p2|Glimmora, M|
|poke|p2|Salazzle, F|
|poke|p2|Pecharunt|
|poke|p2|Alomomola, F|
|poke|p2|Samurott-Hisui, M|
|poke|p2|Garchomp, M|
|teampreview
|inactive|Battle timer is ON: inactive players will automatically lose when time's up. (requested by TOXICccccccccccccc)
|inactive|Violet1994 also wants the timer to be on.
|inactive|Violet1994 has 120 seconds left.
|
|t:|1743904530
|start
|switch|p1a: Diancie|Diancie, shiny|100/100
|switch|p2a: Samurott|Samurott-Hisui, M|100/100
|turn|1
|
|t:|1743904536
|move|p2a: Samurott|Flip Turn|p1a: Diancie
|-supereffective|p1a: Diancie
|-damage|p1a: Diancie|57/100
|
|t:|1743904543
|switch|p2a: Alomomola|Alomomola, F|100/100|[from] Flip Turn
|move|p1a: Diancie|Play Rough|p2a: Alomomola
|-damage|p2a: Alomomola|76/100
|
|-heal|p1a: Diancie|63/100|[from] item: Leftovers
|upkeep
|turn|2
|
|t:|1743904550
|move|p1a: Diancie|Diamond Storm|p2a: Alomomola
|-damage|p2a: Alomomola|50/100
|move|p2a: Alomomola|Flip Turn|p1a: Diancie
|-supereffective|p1a: Diancie
|-damage|p1a: Diancie|38/100
|
|t:|1743904555
|switch|p2a: Samurott|Samurott-Hisui, M|100/100|[from] Flip Turn
|
|-heal|p1a: Diancie|44/100|[from] item: Leftovers
|upkeep
|turn|3
|
|t:|1743904561
|move|p2a: Samurott|Flip Turn|p1a: Diancie
|-supereffective|p1a: Diancie
|-damage|p1a: Diancie|2/100
|
|t:|1743904564
|switch|p2a: Alomomola|Alomomola, F|83/100|[from] Flip Turn
|move|p1a: Diancie|Trick Room|p1a: Diancie
|-fieldstart|move: Trick Room|[of] p1a: Diancie
|
|-heal|p1a: Diancie|9/100|[from] item: Leftovers
|upkeep
|turn|4
|
|t:|1743904567
|switch|p1a: Meganium|Meganium, F, shiny|100/100
|move|p2a: Alomomola|Flip Turn|p1a: Meganium
|-resisted|p1a: Meganium
|-damage|p1a: Meganium|94/100
|
|t:|1743904577
|switch|p2a: Pecharunt|Pecharunt|100/100|[from] Flip Turn
|-item|p2a: Pecharunt|Air Balloon
|
|upkeep
|turn|5
|
|t:|1743904593
|move|p1a: Meganium|Swords Dance|p1a: Meganium
|-boost|p1a: Meganium|atk|2
|move|p2a: Pecharunt|Parting Shot|p1a: Meganium
|-fail|p1a: Meganium|unboost|[from] item: Clear Amulet|[of] p1a: Meganium
|
|upkeep
|turn|6
|
|t:|1743904602
|move|p1a: Meganium|Swords Dance|p1a: Meganium
|-boost|p1a: Meganium|atk|2
|move|p2a: Pecharunt|Malignant Chain|p1a: Meganium
|-supereffective|p1a: Meganium
|-damage|p1a: Meganium|36/100
|
|upkeep
|turn|7
|
|t:|1743904611
|-terastallize|p1a: Meganium|Fire
|move|p1a: Meganium|Synthesis|p1a: Meganium
|-heal|p1a: Meganium|85/100
|move|p2a: Pecharunt|Malignant Chain|p1a: Meganium
|-damage|p1a: Meganium|59/100
|
|-fieldend|move: Trick Room
|upkeep
|turn|8
|
|t:|1743904621
|move|p2a: Pecharunt|Malignant Chain|p1a: Meganium
|-damage|p1a: Meganium|33/100
|move|p1a: Meganium|Tera Blast|p2a: Pecharunt|[anim] Tera Blast Fire
|-damage|p2a: Pecharunt|58/100
|-enditem|p2a: Pecharunt|Air Balloon
|
|upkeep
|turn|9
|
|t:|1743904636
|move|p2a: Pecharunt|Malignant Chain|p1a: Meganium
|-damage|p1a: Meganium|8/100
|move|p1a: Meganium|Tera Blast|p2a: Pecharunt|[anim] Tera Blast Fire
|-damage|p2a: Pecharunt|12/100
|
|upkeep
|turn|10
|
|t:|1743904640
|move|p2a: Pecharunt|Malignant Chain|p1a: Meganium
|-damage|p1a: Meganium|0 fnt
|faint|p1a: Meganium
|
|upkeep
|
|t:|1743904645
|switch|p1a: Dragonite|Dragonite, M, shiny|100/100
|turn|11
|
|t:|1743904651
|move|p2a: Pecharunt|Malignant Chain|p1a: Dragonite
|-crit|p1a: Dragonite
|-damage|p1a: Dragonite|56/100
|-status|p1a: Dragonite|tox
|-start|p1a: Dragonite|confusion|[from] ability: Poison Puppeteer|[of] p2a: Pecharunt
|-activate|p1a: Dragonite|confusion
|move|p1a: Dragonite|Stomping Tantrum|p2a: Pecharunt
|-supereffective|p2a: Pecharunt
|-damage|p2a: Pecharunt|0 fnt
|faint|p2a: Pecharunt
|
|-damage|p1a: Dragonite|50/100 tox|[from] psn
|upkeep
|
|t:|1743904661
|switch|p2a: Samurott|Samurott-Hisui, M|100/100
|turn|12
|
|t:|1743904664
|move|p2a: Samurott|Ceaseless Edge|p1a: Dragonite
|-damage|p1a: Dragonite|12/100 tox
|-sidestart|p1: Violet1994|Spikes
|-activate|p1a: Dragonite|confusion
|-damage|p1a: Dragonite|0 fnt|[from] confusion
|faint|p1a: Dragonite
|
|upkeep
|
|t:|1743904671
|switch|p1a: Gardevoir|Gardevoir, F, shiny|100/100
|-damage|p1a: Gardevoir|88/100|[from] Spikes
|-ability|p1a: Gardevoir|Sharpness|[from] ability: Trace|[of] p2a: Samurott
|turn|13
|inactive|TOXICccccccccccccc has 120 seconds left.
|
|t:|1743904708
|move|p2a: Samurott|Ceaseless Edge|p1a: Gardevoir
|-damage|p1a: Gardevoir|26/100
|-sidestart|p1: Violet1994|Spikes
|move|p1a: Gardevoir|Moonblast|p2a: Samurott
|-supereffective|p2a: Samurott
|-damage|p2a: Samurott|0 fnt
|faint|p2a: Samurott
|
|upkeep
|inactive|TOXICccccccccccccc has 90 seconds left.
|l|☆TOXICccccccccccccc
|inactive|TOXICccccccccccccc disconnected and has a minute to reconnect!
|player|p2|
|inactive|TOXICccccccccccccc has 30 seconds to reconnect!
|inactive|TOXICccccccccccccc has 20 seconds to reconnect!
|inactive|TOXICccccccccccccc has 15 seconds to reconnect!
|inactive|TOXICccccccccccccc has 10 seconds to reconnect!
|inactive|TOXICccccccccccccc has 5 seconds to reconnect!
|-message|TOXICccccccccccccc lost due to inactivity.
|
|win|Violet1994
|raw|Violet1994's rating: 1128 &rarr; <strong>1155</strong><br />(+27 for winning)
|raw|TOXICccccccccccccc's rating: 1158 &rarr; <strong>1131</strong><br />(-27 for losing)
|l|☆Violet1994
|player|p1|
