|j|☆Vbgr
|j|☆lolcano46
|t:|1743791698
|gametype|singles
|player|p1|Vbgr|artist-gen4|1512
|player|p2|lolcano46|fisherman-gen4|1500
|teamsize|p1|6
|teamsize|p2|6
|gen|9
|tier|[Gen 9] OU
|rated|
|rule|HP Percentage Mod: HP is shown in percentages
|rule|Endless Battle Clause: Forcing endless battles is banned
|rule|Species Clause: Limit one of each Pokémon
|rule|OHKO Clause: OHKO moves are banned
|rule|Evasion Items Clause: Evasion items are banned
|rule|Evasion Moves Clause: Evasion moves are banned
|rule|Sleep Moves Clause: Sleep-inducing moves are banned
|clearpoke
|poke|p1|Cinderace, F|
|poke|p1|Great Tusk|
|poke|p1|Slowking-Galar, F|
|poke|p1|Corviknight, M|
|poke|p1|Raging Bolt|
|poke|p1|Meowscarada, F|
|poke|p2|Azelf|
|poke|p2|Ogerpon-Wellspring, F|
|poke|p2|Scizor, M|
|poke|p2|Gengar, M|
|poke|p2|Raging Bolt|
|poke|p2|Cinderace, M|
|teampreview
|inactive|Battle timer is ON: inactive players will automatically lose when time's up. (requested by lolcano46)
|
|t:|1743791709
|start
|switch|p1a: Meowscarada|Meowscarada, F|100/100
|switch|p2a: Gengar|Gengar, M|100/100
|turn|1
|
|t:|1743791719
|move|p1a: Meowscarada|Knock Off|p2a: Gengar
|-start|p1a: Meowscarada|typechange|Dark|[from] ability: Protean
|-supereffective|p2a: Gengar
|-damage|p2a: Gengar|0 fnt
|-enditem|p2a: Gengar|Choice Scarf|[from] move: Knock Off|[of] p1a: Meowscarada
|faint|p2a: Gengar
|
|upkeep
|
|t:|1743791723
|switch|p2a: Raging Bolt|Raging Bolt|100/100
|-enditem|p2a: Raging Bolt|Booster Energy
|-activate|p2a: Raging Bolt|ability: Protosynthesis|[fromitem]
|-start|p2a: Raging Bolt|protosynthesisspa
|turn|2
|
|t:|1743791732
|switch|p1a: Great Tusk|Great Tusk|100/100
|move|p2a: Raging Bolt|Dragon Pulse|p1a: Great Tusk
|-damage|p1a: Great Tusk|8/100
|
|upkeep
|turn|3
|
|t:|1743791752
|-end|p1a: Great Tusk|Protosynthesis|[silent]
|switch|p1a: Slowking|Slowking-Galar, F, shiny|100/100
|-end|p2a: Raging Bolt|Protosynthesis|[silent]
|switch|p2a: Azelf|Azelf|100/100
|
|upkeep
|turn|4
|
|t:|1743791757
|switch|p2a: Cinderace|Cinderace, M|100/100
|move|p1a: Slowking|Sludge Bomb|p2a: Cinderace
|-damage|p2a: Cinderace|34/100
|
|upkeep
|turn|5
|
|t:|1743791763
|move|p2a: Cinderace|Pyro Ball|p1a: Slowking
|-damage|p1a: Slowking|38/100
|move|p1a: Slowking|Sludge Bomb|p2a: Cinderace
|-damage|p2a: Cinderace|0 fnt
|faint|p2a: Cinderace
|
|upkeep
|
|t:|1743791769
|switch|p2a: Scizor|Scizor, M|100/100
|turn|6
|
|t:|1743791773
|switch|p1a: Corviknight|Corviknight, M|100/100
|-ability|p1a: Corviknight|Pressure
|move|p2a: Scizor|Swords Dance|p2a: Scizor
|-boost|p2a: Scizor|atk|2
|
|upkeep
|turn|7
|
|t:|1743791779
|move|p1a: Corviknight|Iron Defense|p1a: Corviknight
|-boost|p1a: Corviknight|def|2
|move|p2a: Scizor|Knock Off|p1a: Corviknight
|-damage|p1a: Corviknight|74/100
|-damage|p2a: Scizor|84/100|[from] item: Rocky Helmet|[of] p1a: Corviknight
|-enditem|p1a: Corviknight|Rocky Helmet|[from] move: Knock Off|[of] p2a: Scizor
|
|upkeep
|turn|8
|
|t:|1743791785
|switch|p2a: Raging Bolt|Raging Bolt|100/100
|move|p1a: Corviknight|Body Press|p2a: Raging Bolt
|-damage|p2a: Raging Bolt|57/100
|
|upkeep
|turn|9
|
|t:|1743791790
|switch|p1a: Great Tusk|Great Tusk|8/100
|move|p2a: Raging Bolt|Dragon Pulse|p1a: Great Tusk
|-damage|p1a: Great Tusk|0 fnt
|faint|p1a: Great Tusk
|-end|p1a: Great Tusk|Protosynthesis|[silent]
|
|upkeep
|
|t:|1743791795
|switch|p1a: Slowking|Slowking-Galar, F, shiny|71/100
|turn|10
|
|t:|1743791801
|move|p2a: Raging Bolt|Calm Mind|p2a: Raging Bolt
|-boost|p2a: Raging Bolt|spa|1
|-boost|p2a: Raging Bolt|spd|1
|move|p1a: Slowking|Ice Beam|p2a: Raging Bolt
|-supereffective|p2a: Raging Bolt
|-damage|p2a: Raging Bolt|18/100
|
|upkeep
|turn|11
|
|t:|1743791808
|move|p2a: Raging Bolt|Thunderbolt|p1a: Slowking
|-damage|p1a: Slowking|33/100
|-status|p1a: Slowking|par
|move|p1a: Slowking|Ice Beam|p2a: Raging Bolt
|-supereffective|p2a: Raging Bolt
|-damage|p2a: Raging Bolt|0 fnt
|faint|p2a: Raging Bolt
|-end|p2a: Raging Bolt|Protosynthesis|[silent]
|
|upkeep
|
|t:|1743791814
|switch|p2a: Ogerpon|Ogerpon-Wellspring, F|100/100
|turn|12
|
|t:|1743791823
|switch|p1a: Meowscarada|Meowscarada, F|100/100
|move|p2a: Ogerpon|Play Rough|p1a: Meowscarada
|-supereffective|p1a: Meowscarada
|-damage|p1a: Meowscarada|0 fnt
|faint|p1a: Meowscarada
|
|upkeep
|
|t:|1743791828
|switch|p1a: Raging Bolt|Raging Bolt|100/100
|turn|13
|
|t:|1743791831
|move|p2a: Ogerpon|Play Rough|p1a: Raging Bolt
|-supereffective|p1a: Raging Bolt
|-damage|p1a: Raging Bolt|36/100
|move|p1a: Raging Bolt|Draco Meteor|p2a: Ogerpon
|-damage|p2a: Ogerpon|0 fnt
|-unboost|p1a: Raging Bolt|spa|2
|faint|p2a: Ogerpon
|
|upkeep
|
|t:|1743791838
|switch|p2a: Azelf|Azelf|100/100
|turn|14
|inactive|Vbgr has 120 seconds left.
|
|t:|1743791879
|-end|p1a: Raging Bolt|Protosynthesis|[silent]
|switch|p1a: Cinderace|Cinderace, F|100/100
|move|p2a: Azelf|Psychic|p1a: Cinderace
|-damage|p1a: Cinderace|34/100
|
|upkeep
|turn|15
|
|t:|1743791889
|-terastallize|p2a: Azelf|Fairy
|move|p2a: Azelf|Psychic|p1a: Cinderace
|-damage|p1a: Cinderace|0 fnt
|faint|p1a: Cinderace
|
|upkeep
|
|t:|1743791902
|switch|p1a: Raging Bolt|Raging Bolt|36/100
|turn|16
|
|t:|1743791905
|move|p1a: Raging Bolt|Thunderclap|p2a: Azelf
|-damage|p2a: Azelf|5/100
|move|p2a: Azelf|Dazzling Gleam|p1a: Raging Bolt
|-supereffective|p1a: Raging Bolt
|-damage|p1a: Raging Bolt|0 fnt
|faint|p1a: Raging Bolt
|-end|p1a: Raging Bolt|Protosynthesis|[silent]
|
|upkeep
|
|t:|1743791908
|switch|p1a: Corviknight|Corviknight, M|74/100
|-ability|p1a: Corviknight|Pressure
|turn|17
|
|t:|1743791914
|move|p2a: Azelf|Flamethrower|p1a: Corviknight
|-supereffective|p1a: Corviknight
|-damage|p1a: Corviknight|5/100
|move|p1a: Corviknight|Body Press|p2a: Azelf
|-resisted|p2a: Azelf
|-damage|p2a: Azelf|0 fnt
|faint|p2a: Azelf
|
|upkeep
|
|t:|1743791919
|switch|p2a: Scizor|Scizor, M|84/100
|turn|18
|
|t:|1743791921
|move|p2a: Scizor|Bullet Punch|p1a: Corviknight
|-resisted|p1a: Corviknight
|-damage|p1a: Corviknight|0 fnt
|faint|p1a: Corviknight
|
|upkeep
|
|t:|1743791923
|switch|p1a: Slowking|Slowking-Galar, F, shiny|66/100 par
|turn|19
|
|t:|1743791927
|-terastallize|p1a: Slowking|Water
|move|p2a: Scizor|Knock Off|p1a: Slowking
|-damage|p1a: Slowking|26/100 par
|-enditem|p1a: Slowking|Assault Vest|[from] move: Knock Off|[of] p2a: Scizor
|cant|p1a: Slowking|par
|
|upkeep
|turn|20
|c|☆Vbgr|noway
|
|t:|1743791938
|move|p2a: Scizor|Close Combat|p1a: Slowking
|-damage|p1a: Slowking|0 fnt
|-unboost|p2a: Scizor|def|1
|-unboost|p2a: Scizor|spd|1
|faint|p1a: Slowking
|
|win|lolcano46
|raw|Vbgr's rating: 1512 &rarr; <strong>1491</strong><br />(-21 for losing)
|raw|lolcano46's rating: 1500 &rarr; <strong>1521</strong><br />(+21 for winning)
|l|☆Vbgr
|player|p1|
|l|☆lolcano46
|player|p2|
