|j|☆turnyacc
|j|☆Blackmamba2424
|t:|1743837158
|gametype|singles
|player|p1|turnyacc|266|1664
|player|p2|Blackmamba2424|cynthia-gen4|1511
|teamsize|p1|6
|teamsize|p2|6
|gen|9
|tier|[Gen 9] OU
|rated|
|rule|HP Percentage Mod: HP is shown in percentages
|rule|Endless Battle Clause: Forcing endless battles is banned
|rule|Species Clause: Limit one of each Pokémon
|rule|OHKO Clause: OHKO moves are banned
|rule|Evasion Items Clause: Evasion items are banned
|rule|Evasion Moves Clause: Evasion moves are banned
|rule|Sleep Moves Clause: Sleep-inducing moves are banned
|clearpoke
|poke|p1|Glimmora, M|
|poke|p1|Zamazenta-*|
|poke|p1|Latias, F|
|poke|p1|Gholdengo|
|poke|p1|Dragonite, F|
|poke|p1|Weavile, M|
|poke|p2|Ninetales-Alola, M|
|poke|p2|Raging Bolt|
|poke|p2|Ogerpon-Wellspring, F|
|poke|p2|Zamazenta-*|
|poke|p2|Kyurem|
|poke|p2|Kingambit, F|
|teampreview
|inactive|Battle timer is ON: inactive players will automatically lose when time's up. (requested by Blackmamba2424)
|
|t:|1743837170
|start
|switch|p1a: Glimmora|Glimmora, M|100/100
|switch|p2a: Kyurem|Kyurem|100/100
|-ability|p2a: Kyurem|Pressure
|turn|1
|
|t:|1743837174
|move|p2a: Kyurem|Earth Power|p1a: Glimmora
|-supereffective|p1a: Glimmora
|-enditem|p1a: Glimmora|Focus Sash
|-damage|p1a: Glimmora|1/100
|move|p1a: Glimmora|Stealth Rock|p2a: Kyurem
|-sidestart|p2: Blackmamba2424|move: Stealth Rock
|
|upkeep
|turn|2
|
|t:|1743837181
|move|p2a: Kyurem|Earth Power|p1a: Glimmora
|-supereffective|p1a: Glimmora
|-damage|p1a: Glimmora|0 fnt
|faint|p1a: Glimmora
|
|upkeep
|
|t:|1743837184
|switch|p1a: Zamazenta|Zamazenta|100/100
|-ability|p1a: Zamazenta|Dauntless Shield|boost
|-boost|p1a: Zamazenta|def|1
|turn|3
|
|t:|1743837190
|move|p1a: Zamazenta|Howl|p1a: Zamazenta
|-boost|p1a: Zamazenta|atk|1
|move|p2a: Kyurem|Snowscape|p2a: Kyurem
|-weather|Snowscape
|
|-weather|Snowscape|[upkeep]
|upkeep
|turn|4
|
|t:|1743837209
|move|p1a: Zamazenta|Howl|p1a: Zamazenta
|-boost|p1a: Zamazenta|atk|1
|move|p2a: Kyurem|Blizzard|p1a: Zamazenta
|-damage|p1a: Zamazenta|48/100
|
|-weather|Snowscape|[upkeep]
|upkeep
|turn|5
|inactive|Blackmamba2424 has 120 seconds left.
|inactive|Blackmamba2424 has 90 seconds left.
|
|t:|1743837270
|move|p1a: Zamazenta|Close Combat|p2a: Kyurem
|-supereffective|p2a: Kyurem
|-damage|p2a: Kyurem|0 fnt
|-unboost|p1a: Zamazenta|def|1
|-unboost|p1a: Zamazenta|spd|1
|faint|p2a: Kyurem
|
|-weather|Snowscape|[upkeep]
|upkeep
|inactive|Blackmamba2424 has 90 seconds left.
|
|t:|1743837277
|switch|p2a: Raging Bolt|Raging Bolt|100/100
|-damage|p2a: Raging Bolt|88/100|[from] Stealth Rock
|-enditem|p2a: Raging Bolt|Booster Energy
|-activate|p2a: Raging Bolt|ability: Protosynthesis|[fromitem]
|-start|p2a: Raging Bolt|protosynthesisspa
|turn|6
|
|t:|1743837286
|move|p2a: Raging Bolt|Thunderclap|p1a: Zamazenta
|-damage|p1a: Zamazenta|0 fnt
|faint|p1a: Zamazenta
|
|-weather|Snowscape|[upkeep]
|upkeep
|
|t:|1743837292
|switch|p1a: Weavile|Weavile, M|100/100
|turn|7
|inactive|Blackmamba2424 has 90 seconds left.
|
|t:|1743837341
|move|p1a: Weavile|Swords Dance|p1a: Weavile
|-boost|p1a: Weavile|atk|2
|move|p2a: Raging Bolt|Thunderbolt|p1a: Weavile
|-damage|p1a: Weavile|4/100
|
|-weather|none
|upkeep
|turn|8
|
|t:|1743837350
|move|p1a: Weavile|Upper Hand|p2a: Raging Bolt
|-damage|p2a: Raging Bolt|39/100
|-damage|p1a: Weavile|0 fnt|[from] item: Life Orb
|faint|p1a: Weavile
|cant|p2a: Raging Bolt|flinch
|
|upkeep
|
|t:|1743837359
|switch|p1a: Latias|Latias, F|100/100
|turn|9
|
|t:|1743837368
|-terastallize|p1a: Latias|Fairy
|move|p1a: Latias|Calm Mind|p1a: Latias
|-boost|p1a: Latias|spa|1
|-boost|p1a: Latias|spd|1
|move|p2a: Raging Bolt|Dragon Pulse|p1a: Latias
|-immune|p1a: Latias
|
|upkeep
|turn|10
|
|t:|1743837375
|move|p1a: Latias|Agility|p1a: Latias
|-boost|p1a: Latias|spe|2
|move|p2a: Raging Bolt|Thunderbolt|p1a: Latias
|-damage|p1a: Latias|64/100
|
|-heal|p1a: Latias|70/100|[from] item: Leftovers
|upkeep
|turn|11
|inactive|Blackmamba2424 has 90 seconds left.
|
|t:|1743837383
|move|p1a: Latias|Calm Mind|p1a: Latias
|-boost|p1a: Latias|spa|1
|-boost|p1a: Latias|spd|1
|move|p2a: Raging Bolt|Thunderbolt|p1a: Latias
|-damage|p1a: Latias|44/100
|
|-heal|p1a: Latias|51/100|[from] item: Leftovers
|upkeep
|turn|12
|
|t:|1743837390
|move|p1a: Latias|Calm Mind|p1a: Latias
|-boost|p1a: Latias|spa|1
|-boost|p1a: Latias|spd|1
|move|p2a: Raging Bolt|Thunderbolt|p1a: Latias
|-damage|p1a: Latias|29/100
|
|-heal|p1a: Latias|36/100|[from] item: Leftovers
|upkeep
|turn|13
|
|t:|1743837393
|move|p1a: Latias|Draining Kiss|p2a: Raging Bolt
|-supereffective|p2a: Raging Bolt
|-damage|p2a: Raging Bolt|0 fnt
|-heal|p1a: Latias|68/100|[from] drain|[of] p2a: Raging Bolt
|faint|p2a: Raging Bolt
|-end|p2a: Raging Bolt|Protosynthesis|[silent]
|
|-heal|p1a: Latias|74/100|[from] item: Leftovers
|upkeep
|
|t:|1743837396
|switch|p2a: Kingambit|Kingambit, F, shiny|100/100
|-damage|p2a: Kingambit|94/100|[from] Stealth Rock
|turn|14
|
|t:|1743837402
|move|p1a: Latias|Draining Kiss|p2a: Kingambit
|-damage|p2a: Kingambit|36/100
|-heal|p1a: Latias|100/100|[from] drain|[of] p2a: Kingambit
|move|p2a: Kingambit|Iron Head|p1a: Latias
|-supereffective|p1a: Latias
|-damage|p1a: Latias|10/100
|
|-heal|p1a: Latias|16/100|[from] item: Leftovers
|upkeep
|turn|15
|inactive|Blackmamba2424 has 120 seconds left.
|
|t:|1743837413
|move|p2a: Kingambit|Sucker Punch|p1a: Latias
|-resisted|p1a: Latias
|-damage|p1a: Latias|0 fnt
|faint|p1a: Latias
|
|upkeep
|
|t:|1743837418
|switch|p1a: Dragonite|Dragonite, F|100/100
|turn|16
|
|t:|1743837425
|move|p1a: Dragonite|Earthquake|p2a: Kingambit
|-supereffective|p2a: Kingambit
|-damage|p2a: Kingambit|0 fnt
|faint|p2a: Kingambit
|
|upkeep
|
|t:|1743837428
|switch|p2a: Ninetales|Ninetales-Alola, M|100/100
|-damage|p2a: Ninetales|76/100|[from] Stealth Rock
|-weather|Snowscape|[from] ability: Snow Warning|[of] p2a: Ninetales
|turn|17
|
|t:|1743837431
|move|p2a: Ninetales|Aurora Veil|p2a: Ninetales
|-sidestart|p2: Blackmamba2424|move: Aurora Veil
|move|p1a: Dragonite|Dragon Dance|p1a: Dragonite
|-boost|p1a: Dragonite|atk|1
|-boost|p1a: Dragonite|spe|1
|
|-weather|Snowscape|[upkeep]
|upkeep
|turn|18
|
|t:|1743837437
|move|p1a: Dragonite|Earthquake|p2a: Ninetales
|-damage|p2a: Ninetales|48/100
|move|p2a: Ninetales|Blizzard|p1a: Dragonite
|-supereffective|p1a: Dragonite
|-damage|p1a: Dragonite|14/100
|
|-weather|Snowscape|[upkeep]
|upkeep
|turn|19
|
|t:|1743837445
|move|p1a: Dragonite|Earthquake|p2a: Ninetales
|-damage|p2a: Ninetales|22/100
|move|p2a: Ninetales|Moonblast|p1a: Dragonite
|-supereffective|p1a: Dragonite
|-damage|p1a: Dragonite|0 fnt
|faint|p1a: Dragonite
|
|-weather|Snowscape|[upkeep]
|upkeep
|
|t:|1743837447
|switch|p1a: Gholdengo|Gholdengo|100/100
|turn|20
|
|t:|1743837450
|move|p2a: Ninetales|Blizzard|p1a: Gholdengo
|-resisted|p1a: Gholdengo
|-damage|p1a: Gholdengo|79/100
|move|p1a: Gholdengo|Nasty Plot|p1a: Gholdengo
|-boost|p1a: Gholdengo|spa|2
|
|-weather|Snowscape|[upkeep]
|upkeep
|turn|21
|
|t:|1743837456
|move|p2a: Ninetales|Blizzard|p1a: Gholdengo
|-resisted|p1a: Gholdengo
|-damage|p1a: Gholdengo|57/100
|move|p1a: Gholdengo|Shadow Ball|p2a: Ninetales
|-damage|p2a: Ninetales|0 fnt
|faint|p2a: Ninetales
|
|-weather|none
|upkeep
|
|t:|1743837463
|switch|p2a: Ogerpon|Ogerpon-Wellspring, F|100/100
|-damage|p2a: Ogerpon|88/100|[from] Stealth Rock
|turn|22
|
|t:|1743837467
|-terastallize|p2a: Ogerpon|Water
|detailschange|p2a: Ogerpon|Ogerpon-Wellspring-Tera, F, tera:Water
|-ability|p2a: Ogerpon|Embody Aspect (Wellspring)|boost
|-boost|p2a: Ogerpon|spd|1
|move|p2a: Ogerpon|Ivy Cudgel|p1a: Gholdengo|[anim] Ivy Cudgel Water
|-damage|p1a: Gholdengo|0 fnt
|faint|p1a: Gholdengo
|
|win|Blackmamba2424
|raw|turnyacc's rating: 1664 &rarr; <strong>1636</strong><br />(-28 for losing)
|raw|Blackmamba2424's rating: 1511 &rarr; <strong>1539</strong><br />(+28 for winning)
