|j|☆tbt123
|j|☆tdd20070515兹伏奇大吾
|t:|1743937700
|gametype|singles
|player|p1|tbt123|veteran|1508
|player|p2|tdd20070515兹伏奇大吾|steven-masters2|1621
|teamsize|p1|6
|teamsize|p2|6
|gen|9
|tier|[Gen 9] OU
|rated|
|rule|HP Percentage Mod: HP is shown in percentages
|rule|Endless Battle Clause: Forcing endless battles is banned
|rule|Species Clause: Limit one of each Pokémon
|rule|OHKO Clause: OHKO moves are banned
|rule|Evasion Items Clause: Evasion items are banned
|rule|Evasion Moves Clause: Evasion moves are banned
|rule|Sleep Moves Clause: Sleep-inducing moves are banned
|clearpoke
|poke|p1|Hatterene, F|
|poke|p1|Hoopa-Unbound|
|poke|p1|Cresselia, F|
|poke|p1|Enamorus-Therian, F|
|poke|p1|Kingambit, F|
|poke|p1|Ursaluna, F|
|poke|p2|Clodsire, F|
|poke|p2|Dondozo, M|
|poke|p2|Blissey, F|
|poke|p2|Gliscor, F|
|poke|p2|Corviknight, F|
|poke|p2|Toxapex, F|
|teampreview
|
|t:|1743937735
|start
|switch|p1a: Hatterene|Hatterene, F|100/100
|switch|p2a: 这是勾魂眼的位置|Gliscor, F|100/100
|turn|1
|inactive|Battle timer is ON: inactive players will automatically lose when time's up. (requested by tbt123)
|
|t:|1743937761
|move|p2a: 这是勾魂眼的位置|Knock Off|p1a: Hatterene
|-damage|p1a: Hatterene|83/100
|-damage|p2a: 这是勾魂眼的位置|84/100|[from] item: Rocky Helmet|[of] p1a: Hatterene
|-enditem|p1a: Hatterene|Rocky Helmet|[from] move: Knock Off|[of] p2a: 这是勾魂眼的位置
|move|p1a: Hatterene|Psychic Noise|p2a: 这是勾魂眼的位置
|-damage|p2a: 这是勾魂眼的位置|56/100
|-start|p2a: 这是勾魂眼的位置|move: Heal Block
|
|-status|p2a: 这是勾魂眼的位置|tox|[from] item: Toxic Orb
|upkeep
|turn|2
|
|t:|1743937770
|move|p2a: 这是勾魂眼的位置|Swords Dance|p2a: 这是勾魂眼的位置
|-boost|p2a: 这是勾魂眼的位置|atk|2
|move|p1a: Hatterene|Psychic Noise|p2a: 这是勾魂眼的位置
|-damage|p2a: 这是勾魂眼的位置|28/100 tox
|
|-end|p2a: 这是勾魂眼的位置|move: Heal Block
|upkeep
|turn|3
|
|t:|1743937776
|move|p2a: 这是勾魂眼的位置|Protect|p2a: 这是勾魂眼的位置
|-singleturn|p2a: 这是勾魂眼的位置|Protect
|move|p1a: Hatterene|Trick Room|p1a: Hatterene
|-fieldstart|move: Trick Room|[of] p1a: Hatterene
|
|-heal|p2a: 这是勾魂眼的位置|41/100 tox|[from] ability: Poison Heal
|upkeep
|turn|4
|
|t:|1743937781
|move|p1a: Hatterene|Psychic Noise|p2a: 这是勾魂眼的位置
|-damage|p2a: 这是勾魂眼的位置|14/100 tox
|-start|p2a: 这是勾魂眼的位置|move: Heal Block
|move|p2a: 这是勾魂眼的位置|Facade|p1a: Hatterene
|-damage|p1a: Hatterene|29/100
|
|upkeep
|turn|5
|j| Sanesa8724
|
|t:|1743937794
|move|p1a: Hatterene|Healing Wish|p1a: Hatterene
|faint|p1a: Hatterene
|move|p2a: 这是勾魂眼的位置|Facade|p1: Hatterene|[notarget]
|-fail|p2a: 这是勾魂眼的位置
|
|-end|p2a: 这是勾魂眼的位置|move: Heal Block
|upkeep
|
|t:|1743937804
|switch|p1a: Kingambit|Kingambit, F|100/100
|-activate|p1a: Kingambit|ability: Supreme Overlord
|-start|p1a: Kingambit|fallen1|[silent]
|turn|6
|
|t:|1743937811
|move|p2a: 这是勾魂眼的位置|Protect|p2a: 这是勾魂眼的位置
|-singleturn|p2a: 这是勾魂眼的位置|Protect
|move|p1a: Kingambit|Kowtow Cleave|p2a: 这是勾魂眼的位置
|-activate|p2a: 这是勾魂眼的位置|move: Protect
|
|-heal|p2a: 这是勾魂眼的位置|26/100 tox|[from] ability: Poison Heal
|upkeep
|turn|7
|
|t:|1743937817
|switch|p2a: 鸟|Corviknight, F|100/100
|-ability|p2a: 鸟|Pressure
|move|p1a: Kingambit|Swords Dance|p1a: Kingambit
|-boost|p1a: Kingambit|atk|2
|
|-fieldend|move: Trick Room
|upkeep
|turn|8
|
|t:|1743937825
|-terastallize|p1a: Kingambit|Flying
|move|p2a: 鸟|Iron Defense|p2a: 鸟
|-boost|p2a: 鸟|def|2
|move|p1a: Kingambit|Swords Dance|p1a: Kingambit
|-boost|p1a: Kingambit|atk|2
|
|upkeep
|turn|9
|
|t:|1743937831
|move|p2a: 鸟|Iron Defense|p2a: 鸟
|-boost|p2a: 鸟|def|2
|move|p1a: Kingambit|Kowtow Cleave|p2a: 鸟
|-damage|p2a: 鸟|60/100
|-damage|p1a: Kingambit|84/100|[from] item: Rocky Helmet|[of] p2a: 鸟
|
|upkeep
|turn|10
|
|t:|1743937843
|-end|p1a: Kingambit|fallen1|[silent]
|switch|p1a: Enamorus|Enamorus-Therian, F|100/100
|move|p2a: 鸟|Iron Defense|p2a: 鸟
|-boost|p2a: 鸟|def|2
|
|upkeep
|turn|11
|
|t:|1743937850
|switch|p2a: 我是中转呀|Blissey, F|100/100
|move|p1a: Enamorus|Mystical Fire|p2a: 我是中转呀
|-damage|p2a: 我是中转呀|88/100
|-unboost|p2a: 我是中转呀|spa|1
|
|upkeep
|turn|12
|
|t:|1743937856
|switch|p1a: Hoopa|Hoopa-Unbound|100/100
|move|p2a: 我是中转呀|Stealth Rock|p1a: Hoopa
|-sidestart|p1: tbt123|move: Stealth Rock
|
|upkeep
|turn|13
|
|t:|1743937864
|switch|p2a: 我菜的抠脚|Toxapex, F|100/100
|move|p1a: Hoopa|Trick Room|p1a: Hoopa
|-fieldstart|move: Trick Room|[of] p1a: Hoopa
|
|upkeep
|turn|14
|
|t:|1743937868
|move|p2a: 我菜的抠脚|Infestation|p1a: Hoopa
|-supereffective|p1a: Hoopa
|-damage|p1a: Hoopa|92/100
|-activate|p1a: Hoopa|move: Infestation|[of] p2a: 我菜的抠脚
|move|p1a: Hoopa|Psychic|p2a: 我菜的抠脚
|-supereffective|p2a: 我菜的抠脚
|-damage|p2a: 我菜的抠脚|11/100
|
|-damage|p1a: Hoopa|79/100|[from] move: Infestation|[partiallytrapped]
|upkeep
|turn|15
|
|t:|1743937877
|switch|p2a: 我是中转呀|Blissey, F|88/100
|move|p1a: Hoopa|Hyperspace Fury|p2a: 我是中转呀
|-damage|p2a: 我是中转呀|13/100
|-unboost|p1a: Hoopa|def|1
|-enditem|p1a: Hoopa|Eject Pack
|
|t:|1743937882
|switch|p1a: Ursaluna|Ursaluna, F|100/100
|-damage|p1a: Ursaluna|94/100|[from] Stealth Rock
|
|-status|p1a: Ursaluna|brn|[from] item: Flame Orb
|upkeep
|turn|16
|l| Sanesa8724
|
|t:|1743937894
|switch|p2a: 我菜的抠脚|Toxapex, F|45/100
|move|p1a: Ursaluna|Facade|p2a: 我菜的抠脚
|-damage|p2a: 我菜的抠脚|0 fnt
|faint|p2a: 我菜的抠脚
|
|-damage|p1a: Ursaluna|88/100 brn|[from] brn
|upkeep
|
|t:|1743937896
|switch|p2a: 这是勾魂眼的位置|Gliscor, F|26/100 tox
|turn|17
|
|t:|1743937910
|move|p2a: 这是勾魂眼的位置|Protect|p2a: 这是勾魂眼的位置
|-singleturn|p2a: 这是勾魂眼的位置|Protect
|move|p1a: Ursaluna|Facade|p2a: 这是勾魂眼的位置
|-activate|p2a: 这是勾魂眼的位置|move: Protect
|
|-heal|p2a: 这是勾魂眼的位置|39/100 tox|[from] ability: Poison Heal
|-damage|p1a: Ursaluna|82/100 brn|[from] brn
|-fieldend|move: Trick Room
|upkeep
|turn|18
|
|t:|1743937917
|switch|p2a: 鸟|Corviknight, F|60/100
|-ability|p2a: 鸟|Pressure
|move|p1a: Ursaluna|Facade|p2a: 鸟
|-resisted|p2a: 鸟
|-damage|p2a: 鸟|25/100
|-damage|p1a: Ursaluna|65/100 brn|[from] item: Rocky Helmet|[of] p2a: 鸟
|
|-damage|p1a: Ursaluna|59/100 brn|[from] brn
|upkeep
|turn|19
|
|t:|1743937921
|move|p2a: 鸟|Roost|p2a: 鸟
|-heal|p2a: 鸟|75/100
|-singleturn|p2a: 鸟|move: Roost
|move|p1a: Ursaluna|Earthquake|p2a: 鸟
|-supereffective|p2a: 鸟
|-damage|p2a: 鸟|0 fnt
|faint|p2a: 鸟
|
|-damage|p1a: Ursaluna|53/100 brn|[from] brn
|upkeep
|
|t:|1743937932
|switch|p2a: 您真厉害|Dondozo, M|100/100
|turn|20
|
|t:|1743937947
|switch|p1a: Enamorus|Enamorus-Therian, F|100/100
|-damage|p1a: Enamorus|75/100|[from] Stealth Rock
|move|p2a: 您真厉害|Waterfall|p1a: Enamorus
|-damage|p1a: Enamorus|50/100
|
|upkeep
|turn|21
|
|t:|1743937957
|switch|p2a: 别打我呀|Clodsire, F|100/100
|move|p1a: Enamorus|Moonblast|p2a: 别打我呀
|-resisted|p2a: 别打我呀
|-damage|p2a: 别打我呀|79/100
|-unboost|p2a: 别打我呀|spa|1
|
|upkeep
|turn|22
|
|t:|1743937974
|switch|p1a: Kingambit|Kingambit, F, tera:Flying|84/100
|-heal|p1a: Kingambit|100/100|[from] move: Healing Wish
|-damage|p1a: Kingambit|75/100|[from] Stealth Rock
|-activate|p1a: Kingambit|ability: Supreme Overlord
|-start|p1a: Kingambit|fallen1|[silent]
|move|p2a: 别打我呀|Toxic|p1a: Kingambit
|-status|p1a: Kingambit|tox
|
|-damage|p1a: Kingambit|69/100 tox|[from] psn
|upkeep
|turn|23
|
|t:|1743937985
|switch|p2a: 您真厉害|Dondozo, M|100/100
|move|p1a: Kingambit|Kowtow Cleave|p2a: 您真厉害
|-damage|p2a: 您真厉害|71/100
|
|-damage|p1a: Kingambit|57/100 tox|[from] psn
|upkeep
|turn|24
|
|t:|1743937995
|-end|p1a: Kingambit|fallen1|[silent]
|switch|p1a: Enamorus|Enamorus-Therian, F|50/100
|-damage|p1a: Enamorus|25/100|[from] Stealth Rock
|move|p2a: 您真厉害|Waterfall|p1a: Enamorus
|-damage|p1a: Enamorus|0 fnt
|faint|p1a: Enamorus
|
|upkeep
|
|t:|1743938011
|switch|p1a: Hoopa|Hoopa-Unbound|79/100
|-damage|p1a: Hoopa|67/100|[from] Stealth Rock
|turn|25
|
|t:|1743938033
|switch|p2a: 我是中转呀|Blissey, F|13/100
|move|p1a: Hoopa|Psychic|p2a: 我是中转呀
|-damage|p2a: 我是中转呀|0 fnt
|faint|p2a: 我是中转呀
|-item|p1a: Hoopa|Heavy-Duty Boots|[from] ability: Magician|[of] p2: 我是中转呀
|
|upkeep
|
|t:|1743938037
|switch|p2a: 别打我呀|Clodsire, F|79/100
|turn|26
|
|t:|1743938042
|-terastallize|p2a: 别打我呀|Steel
|move|p1a: Hoopa|Psychic|p2a: 别打我呀
|-resisted|p2a: 别打我呀
|-damage|p2a: 别打我呀|66/100
|move|p2a: 别打我呀|Toxic|p1a: Hoopa
|-status|p1a: Hoopa|tox
|
|-damage|p1a: Hoopa|61/100 tox|[from] psn
|upkeep
|turn|27
|
|t:|1743938054
|move|p1a: Hoopa|Drain Punch|p2a: 别打我呀
|-supereffective|p2a: 别打我呀
|-damage|p2a: 别打我呀|0 fnt
|-heal|p1a: Hoopa|100/100 tox|[from] drain|[of] p2a: 别打我呀
|faint|p2a: 别打我呀
|
|-damage|p1a: Hoopa|88/100 tox|[from] psn
|upkeep
|
|t:|1743938057
|switch|p2a: 这是勾魂眼的位置|Gliscor, F|39/100 tox
|turn|28
|
|t:|1743938061
|move|p2a: 这是勾魂眼的位置|Protect|p2a: 这是勾魂眼的位置
|-singleturn|p2a: 这是勾魂眼的位置|Protect
|move|p1a: Hoopa|Psychic|p2a: 这是勾魂眼的位置
|-activate|p2a: 这是勾魂眼的位置|move: Protect
|
|-heal|p2a: 这是勾魂眼的位置|51/100 tox|[from] ability: Poison Heal
|-damage|p1a: Hoopa|70/100 tox|[from] psn
|upkeep
|turn|29
|
|t:|1743938066
|move|p2a: 这是勾魂眼的位置|Knock Off|p1a: Hoopa
|-damage|p1a: Hoopa|38/100 tox
|-enditem|p1a: Hoopa|Heavy-Duty Boots|[from] move: Knock Off|[of] p2a: 这是勾魂眼的位置
|move|p1a: Hoopa|Psychic|p2a: 这是勾魂眼的位置
|-damage|p2a: 这是勾魂眼的位置|11/100 tox
|-item|p1a: Hoopa|Toxic Orb|[from] ability: Magician|[of] p2a: 这是勾魂眼的位置
|
|-heal|p2a: 这是勾魂眼的位置|23/100 tox|[from] ability: Poison Heal
|-damage|p1a: Hoopa|14/100 tox|[from] psn
|upkeep
|turn|30
|
|t:|1743938075
|switch|p1a: Cresselia|Cresselia, F|100/100
|-damage|p1a: Cresselia|88/100|[from] Stealth Rock
|move|p2a: 这是勾魂眼的位置|Swords Dance|p2a: 这是勾魂眼的位置
|-boost|p2a: 这是勾魂眼的位置|atk|2
|
|-heal|p2a: 这是勾魂眼的位置|36/100 tox|[from] ability: Poison Heal
|upkeep
|turn|31
|
|t:|1743938079
|move|p2a: 这是勾魂眼的位置|Facade|p1a: Cresselia
|-damage|p1a: Cresselia|59/100
|move|p1a: Cresselia|Trick Room|p1a: Cresselia
|-fieldstart|move: Trick Room|[of] p1a: Cresselia
|
|-heal|p2a: 这是勾魂眼的位置|48/100 tox|[from] ability: Poison Heal
|upkeep
|turn|32
|
|t:|1743938084
|move|p2a: 这是勾魂眼的位置|Protect|p2a: 这是勾魂眼的位置
|-singleturn|p2a: 这是勾魂眼的位置|Protect
|move|p1a: Cresselia|Lunar Dance|p1a: Cresselia
|faint|p1a: Cresselia
|
|-heal|p2a: 这是勾魂眼的位置|61/100 tox|[from] ability: Poison Heal
|upkeep
|
|t:|1743938086
|switch|p1a: Hoopa|Hoopa-Unbound|14/100 tox
|-heal|p1a: Hoopa|100/100|[from] move: Lunar Dance
|-damage|p1a: Hoopa|88/100|[from] Stealth Rock
|turn|33
|
|t:|1743938094
|move|p1a: Hoopa|Psychic|p2a: 这是勾魂眼的位置
|-damage|p2a: 这是勾魂眼的位置|20/100 tox
|move|p2a: 这是勾魂眼的位置|Facade|p1a: Hoopa
|-damage|p1a: Hoopa|7/100
|
|-heal|p2a: 这是勾魂眼的位置|32/100 tox|[from] ability: Poison Heal
|-status|p1a: Hoopa|tox|[from] item: Toxic Orb
|upkeep
|turn|34
|
|t:|1743938104
|move|p2a: 这是勾魂眼的位置|Protect|p2a: 这是勾魂眼的位置
|-singleturn|p2a: 这是勾魂眼的位置|Protect
|move|p1a: Hoopa|Psychic|p2a: 这是勾魂眼的位置
|-activate|p2a: 这是勾魂眼的位置|move: Protect
|
|-damage|p1a: Hoopa|0 fnt|[from] psn
|faint|p1a: Hoopa
|-heal|p2a: 这是勾魂眼的位置|45/100 tox|[from] ability: Poison Heal
|upkeep
|
|t:|1743938112
|switch|p1a: Ursaluna|Ursaluna, F|53/100 brn
|-damage|p1a: Ursaluna|46/100 brn|[from] Stealth Rock
|turn|35
|
|t:|1743938115
|move|p2a: 这是勾魂眼的位置|Protect|p2a: 这是勾魂眼的位置
|-singleturn|p2a: 这是勾魂眼的位置|Protect
|move|p1a: Ursaluna|Facade|p2a: 这是勾魂眼的位置
|-activate|p2a: 这是勾魂眼的位置|move: Protect
|
|-heal|p2a: 这是勾魂眼的位置|57/100 tox|[from] ability: Poison Heal
|-damage|p1a: Ursaluna|40/100 brn|[from] brn
|-fieldend|move: Trick Room
|upkeep
|turn|36
|
|t:|1743938122
|move|p2a: 这是勾魂眼的位置|Facade|p1a: Ursaluna
|-damage|p1a: Ursaluna|0 fnt
|faint|p1a: Ursaluna
|
|-heal|p2a: 这是勾魂眼的位置|69/100 tox|[from] ability: Poison Heal
|upkeep
|
|t:|1743938129
|switch|p1a: Kingambit|Kingambit, F, tera:Flying|57/100 tox
|-damage|p1a: Kingambit|32/100 tox|[from] Stealth Rock
|-activate|p1a: Kingambit|ability: Supreme Overlord
|-start|p1a: Kingambit|fallen5|[silent]
|turn|37
|
|t:|1743938132
|move|p2a: 这是勾魂眼的位置|Protect|p2a: 这是勾魂眼的位置
|-singleturn|p2a: 这是勾魂眼的位置|Protect
|move|p1a: Kingambit|Sucker Punch||[still]
|-fail|p1a: Kingambit
|
|-heal|p2a: 这是勾魂眼的位置|82/100 tox|[from] ability: Poison Heal
|-damage|p1a: Kingambit|26/100 tox|[from] psn
|upkeep
|turn|38
|
|t:|1743938136
|move|p1a: Kingambit|Sucker Punch|p2a: 这是勾魂眼的位置
|-damage|p2a: 这是勾魂眼的位置|23/100 tox
|move|p2a: 这是勾魂眼的位置|Knock Off|p1a: Kingambit
|-damage|p1a: Kingambit|0 fnt
|-enditem|p1a: Kingambit|Black Glasses|[from] move: Knock Off|[of] p2a: 这是勾魂眼的位置
|faint|p1a: Kingambit
|-end|p1a: Kingambit|fallen5|[silent]
|
|win|tdd20070515兹伏奇大吾
|raw|tbt123's rating: 1508 &rarr; <strong>1494</strong><br />(-14 for losing)
|raw|tdd20070515兹伏奇大吾's rating: 1621 &rarr; <strong>1635</strong><br />(+14 for winning)
|l|☆tbt123
|player|p1|
|l|☆tdd20070515兹伏奇大吾
|player|p2|
