|j|☆MEAD10CRE
|j|☆yylz
|t:|1743781313
|gametype|singles
|player|p1|MEAD10CRE|102|1235
|player|p2|yylz|dawn|1216
|teamsize|p1|6
|teamsize|p2|6
|gen|9
|tier|[Gen 9] OU
|rated|
|rule|HP Percentage Mod: HP is shown in percentages
|rule|Endless Battle Clause: Forcing endless battles is banned
|rule|Species Clause: Limit one of each Pokémon
|rule|OHKO Clause: OHKO moves are banned
|rule|Evasion Items Clause: Evasion items are banned
|rule|Evasion Moves Clause: Evasion moves are banned
|rule|Sleep Moves Clause: Sleep-inducing moves are banned
|clearpoke
|poke|p1|Garganacl, F|
|poke|p1|Tyranitar, F|
|poke|p1|Gliscor, F|
|poke|p1|Ogerpon-Wellspring, F|
|poke|p1|Corviknight, F|
|poke|p1|Landorus-Therian, M|
|poke|p2|Pelipper, F|
|poke|p2|Barraskewda, M|
|poke|p2|Zapdos|
|poke|p2|Corviknight, F|
|poke|p2|Clodsire, M|
|poke|p2|Incineroar, M|
|teampreview
|inactive|Battle timer is ON: inactive players will automatically lose when time's up. (requested by yylz)
|inactiveoff|Battle timer is now OFF.
|
|t:|1743781342
|start
|switch|p1a: Landorus|Landorus-Therian, M|100/100
|switch|p2a: Pelipper|Pelipper, F|100/100
|-ability|p1a: Landorus|Intimidate|boost
|-unboost|p2a: Pelipper|atk|1
|-weather|RainDance|[from] ability: Drizzle|[of] p2a: Pelipper
|turn|1
|
|t:|1743781355
|move|p1a: Landorus|Stealth Rock|p2a: Pelipper
|-sidestart|p2: yylz|move: Stealth Rock
|move|p2a: Pelipper|Hurricane|p1a: Landorus
|-damage|p1a: Landorus|65/100
|
|-weather|RainDance|[upkeep]
|upkeep
|turn|2
|
|t:|1743781367
|move|p1a: Landorus|U-turn|p2a: Pelipper
|-resisted|p2a: Pelipper
|-damage|p2a: Pelipper|92/100
|
|t:|1743781371
|switch|p1a: Tyranitar|Tyranitar, F|100/100|[from] U-turn
|-weather|Sandstorm|[from] ability: Sand Stream|[of] p1a: Tyranitar
|move|p2a: Pelipper|Weather Ball|p1a: Tyranitar
|-damage|p1a: Tyranitar|90/100
|
|-weather|Sandstorm|[upkeep]
|-damage|p2a: Pelipper|85/100|[from] Sandstorm
|-heal|p1a: Tyranitar|96/100|[from] item: Leftovers
|upkeep
|turn|3
|
|t:|1743781384
|switch|p2a: Clodsire|Clodsire, M|100/100
|-damage|p2a: Clodsire|94/100|[from] Stealth Rock
|move|p1a: Tyranitar|Knock Off|p2a: Clodsire
|-damage|p2a: Clodsire|44/100
|-enditem|p2a: Clodsire|Leftovers|[from] move: Knock Off|[of] p1a: Tyranitar
|
|-weather|Sandstorm|[upkeep]
|-heal|p1a: Tyranitar|100/100|[from] item: Leftovers
|upkeep
|turn|4
|
|t:|1743781401
|switch|p1a: Corviknight|Corviknight, F|100/100
|move|p2a: Clodsire|Recover|p2a: Clodsire
|-heal|p2a: Clodsire|94/100
|
|-weather|Sandstorm|[upkeep]
|upkeep
|turn|5
|
|t:|1743781409
|switch|p2a: Corviknight|Corviknight, F, shiny|100/100
|-damage|p2a: Corviknight|88/100|[from] Stealth Rock
|-ability|p2a: Corviknight|Pressure
|move|p1a: Corviknight|Iron Defense|p1a: Corviknight
|-boost|p1a: Corviknight|def|2
|
|-weather|Sandstorm|[upkeep]
|upkeep
|turn|6
|
|t:|1743781417
|move|p1a: Corviknight|Iron Defense|p1a: Corviknight
|-boost|p1a: Corviknight|def|2
|move|p2a: Corviknight|Defog|p1a: Corviknight
|-ability|p1a: Corviknight|Mirror Armor
|-unboost|p2a: Corviknight|evasion|1
|-sideend|p2: yylz|Stealth Rock|[from] move: Defog|[of] p2a: Corviknight
|
|-weather|none
|upkeep
|turn|7
|
|t:|1743781425
|switch|p2a: Incineroar|Incineroar, M, shiny|100/100
|-ability|p2a: Incineroar|Intimidate|boost
|-ability|p1a: Corviknight|Mirror Armor
|-unboost|p2a: Incineroar|atk|1
|move|p1a: Corviknight|Iron Defense|p1a: Corviknight
|-boost|p1a: Corviknight|def|2
|
|upkeep
|turn|8
|
|t:|1743781433
|move|p1a: Corviknight|Body Press|p2a: Incineroar
|-supereffective|p2a: Incineroar
|-damage|p2a: Incineroar|0 fnt
|faint|p2a: Incineroar
|
|upkeep
|
|t:|1743781439
|switch|p2a: Pelipper|Pelipper, F|85/100
|-weather|RainDance|[from] ability: Drizzle|[of] p2a: Pelipper
|turn|9
|
|t:|1743781449
|move|p1a: Corviknight|Body Press|p2a: Pelipper
|-resisted|p2a: Pelipper
|-damage|p2a: Pelipper|42/100
|move|p2a: Pelipper|U-turn|p1a: Corviknight
|-resisted|p1a: Corviknight
|-crit|p1a: Corviknight
|-damage|p1a: Corviknight|99/100
|inactive|Battle timer is ON: inactive players will automatically lose when time's up. (requested by yylz)
|
|t:|1743781456
|switch|p2a: Zapdos|Zapdos, shiny|100/100|[from] U-turn
|
|-weather|RainDance|[upkeep]
|-heal|p1a: Corviknight|100/100|[from] item: Leftovers
|upkeep
|turn|10
|
|t:|1743781461
|move|p2a: Zapdos|Thunder|p1a: Corviknight
|-supereffective|p1a: Corviknight
|-damage|p1a: Corviknight|0 fnt
|faint|p1a: Corviknight
|
|-weather|RainDance|[upkeep]
|upkeep
|
|t:|1743781470
|switch|p1a: Gliscor|Gliscor, F|100/100
|turn|11
|
|t:|1743781473
|move|p2a: Zapdos|Weather Ball|p1a: Gliscor
|-supereffective|p1a: Gliscor
|-crit|p1a: Gliscor
|-damage|p1a: Gliscor|0 fnt
|faint|p1a: Gliscor
|
|-weather|RainDance|[upkeep]
|upkeep
|
|t:|1743781479
|switch|p1a: Tyranitar|Tyranitar, F|100/100
|-weather|Sandstorm|[from] ability: Sand Stream|[of] p1a: Tyranitar
|turn|12
|
|t:|1743781485
|switch|p2a: Pelipper|Pelipper, F|42/100
|-weather|RainDance|[from] ability: Drizzle|[of] p2a: Pelipper
|move|p1a: Tyranitar|Knock Off|p2a: Pelipper
|-damage|p2a: Pelipper|7/100
|-enditem|p2a: Pelipper|Damp Rock|[from] move: Knock Off|[of] p1a: Tyranitar
|
|-weather|RainDance|[upkeep]
|upkeep
|turn|13
|
|t:|1743781503
|switch|p1a: Ogerpon|Ogerpon-Wellspring, F|100/100
|move|p2a: Pelipper|Weather Ball|p1a: Ogerpon
|-immune|p1a: Ogerpon|[from] ability: Water Absorb
|
|-weather|RainDance|[upkeep]
|upkeep
|turn|14
|
|t:|1743781512
|switch|p2a: Clodsire|Clodsire, M|94/100
|move|p1a: Ogerpon|Ivy Cudgel|p2a: Clodsire|[anim] Ivy Cudgel Water
|-heal|p2a: Clodsire|100/100|[from] ability: Water Absorb|[of] p1a: Ogerpon
|
|-weather|RainDance|[upkeep]
|upkeep
|turn|15
|
|t:|1743781520
|-terastallize|p1a: Ogerpon|Water
|detailschange|p1a: Ogerpon|Ogerpon-Wellspring-Tera, F, tera:Water
|-ability|p1a: Ogerpon|Embody Aspect (Wellspring)|boost
|-boost|p1a: Ogerpon|spd|1
|-terastallize|p2a: Clodsire|Flying
|move|p1a: Ogerpon|Leech Seed|p2a: Clodsire
|-start|p2a: Clodsire|move: Leech Seed
|move|p2a: Clodsire|Toxic|p1a: Ogerpon
|-status|p1a: Ogerpon|tox
|
|-weather|RainDance|[upkeep]
|-damage|p2a: Clodsire|88/100|[from] Leech Seed|[of] p1a: Ogerpon
|-damage|p1a: Ogerpon|94/100 tox|[from] psn
|upkeep
|turn|16
|
|t:|1743781534
|move|p1a: Ogerpon|Horn Leech|p2a: Clodsire
|-resisted|p2a: Clodsire
|-damage|p2a: Clodsire|64/100
|-heal|p1a: Ogerpon|100/100 tox|[from] drain|[of] p2a: Clodsire
|move|p2a: Clodsire|Stealth Rock|p1a: Ogerpon
|-sidestart|p1: MEAD10CRE|move: Stealth Rock
|
|-weather|RainDance|[upkeep]
|-damage|p2a: Clodsire|52/100|[from] Leech Seed|[of] p1a: Ogerpon
|-damage|p1a: Ogerpon|88/100 tox|[from] psn
|upkeep
|turn|17
|
|t:|1743781545
|switch|p1a: Tyranitar|Tyranitar, F|100/100
|-damage|p1a: Tyranitar|88/100|[from] Stealth Rock
|-weather|Sandstorm|[from] ability: Sand Stream|[of] p1a: Tyranitar
|move|p2a: Clodsire|Recover|p2a: Clodsire
|-heal|p2a: Clodsire|100/100
|
|-weather|Sandstorm|[upkeep]
|-damage|p2a: Clodsire|94/100|[from] Sandstorm
|-heal|p1a: Tyranitar|94/100|[from] item: Leftovers
|-damage|p2a: Clodsire|82/100|[from] Leech Seed|[of] p1a: Tyranitar
|-heal|p1a: Tyranitar|100/100|[silent]
|upkeep
|turn|18
|
|t:|1743781559
|move|p1a: Tyranitar|Low Kick|p2a: Clodsire
|-resisted|p2a: Clodsire
|-damage|p2a: Clodsire|61/100
|move|p2a: Clodsire|Earthquake|p1a: Tyranitar
|-supereffective|p1a: Tyranitar
|-damage|p1a: Tyranitar|54/100
|
|-weather|Sandstorm|[upkeep]
|-damage|p2a: Clodsire|55/100|[from] Sandstorm
|-heal|p1a: Tyranitar|60/100|[from] item: Leftovers
|-damage|p2a: Clodsire|42/100|[from] Leech Seed|[of] p1a: Tyranitar
|-heal|p1a: Tyranitar|76/100|[silent]
|upkeep
|turn|19
|
|t:|1743781571
|move|p1a: Tyranitar|Knock Off|p2a: Clodsire
|-damage|p2a: Clodsire|12/100
|move|p2a: Clodsire|Recover|p2a: Clodsire
|-heal|p2a: Clodsire|62/100
|
|-weather|Sandstorm|[upkeep]
|-damage|p2a: Clodsire|55/100|[from] Sandstorm
|-heal|p1a: Tyranitar|82/100|[from] item: Leftovers
|-damage|p2a: Clodsire|43/100|[from] Leech Seed|[of] p1a: Tyranitar
|-heal|p1a: Tyranitar|98/100|[silent]
|upkeep
|turn|20
|
|t:|1743781582
|move|p1a: Tyranitar|Knock Off|p2a: Clodsire
|-damage|p2a: Clodsire|13/100
|move|p2a: Clodsire|Recover|p2a: Clodsire
|-heal|p2a: Clodsire|63/100
|
|-weather|Sandstorm|[upkeep]
|-damage|p2a: Clodsire|57/100|[from] Sandstorm
|-heal|p1a: Tyranitar|100/100|[from] item: Leftovers
|-damage|p2a: Clodsire|44/100|[from] Leech Seed|[of] p1a: Tyranitar
|upkeep
|turn|21
|
|t:|1743781593
|move|p1a: Tyranitar|Knock Off|p2a: Clodsire
|-crit|p2a: Clodsire
|-damage|p2a: Clodsire|0 fnt
|faint|p2a: Clodsire
|
|-weather|none
|upkeep
|
|t:|1743781597
|switch|p2a: Pelipper|Pelipper, F|7/100
|-weather|RainDance|[from] ability: Drizzle|[of] p2a: Pelipper
|turn|22
|
|t:|1743781601
|switch|p1a: Ogerpon|Ogerpon-Wellspring-Tera, F, tera:Water|88/100 tox
|-damage|p1a: Ogerpon|76/100 tox|[from] Stealth Rock
|-ability|p1a: Ogerpon|Embody Aspect (Wellspring)|boost
|-boost|p1a: Ogerpon|spd|1
|switch|p2a: Corviknight|Corviknight, F, shiny|88/100
|-ability|p2a: Corviknight|Pressure
|
|-weather|RainDance|[upkeep]
|-damage|p1a: Ogerpon|70/100 tox|[from] psn
|upkeep
|turn|23
|
|t:|1743781612
|move|p1a: Ogerpon|Leech Seed|p2a: Corviknight|[miss]
|-miss|p1a: Ogerpon|p2a: Corviknight
|move|p2a: Corviknight|U-turn|p1a: Ogerpon
|-damage|p1a: Ogerpon|57/100 tox
|
|t:|1743781620
|switch|p2a: Zapdos|Zapdos, shiny|100/100|[from] U-turn
|
|-weather|RainDance|[upkeep]
|-damage|p1a: Ogerpon|44/100 tox|[from] psn
|upkeep
|turn|24
|
|t:|1743781629
|move|p2a: Zapdos|Hurricane|p1a: Ogerpon
|-damage|p1a: Ogerpon|10/100 tox
|move|p1a: Ogerpon|Ivy Cudgel|p2a: Zapdos|[anim] Ivy Cudgel Water
|-damage|p2a: Zapdos|0 fnt
|faint|p2a: Zapdos
|
|-weather|RainDance|[upkeep]
|-damage|p1a: Ogerpon|0 fnt|[from] psn
|faint|p1a: Ogerpon
|upkeep
|
|t:|1743781641
|switch|p2a: Corviknight|Corviknight, F, shiny|88/100
|switch|p1a: Tyranitar|Tyranitar, F|100/100
|-damage|p1a: Tyranitar|88/100|[from] Stealth Rock
|-weather|Sandstorm|[from] ability: Sand Stream|[of] p1a: Tyranitar
|-ability|p2a: Corviknight|Pressure
|turn|25
|
|t:|1743781650
|move|p1a: Tyranitar|Knock Off|p2a: Corviknight
|-damage|p2a: Corviknight|64/100
|-damage|p1a: Tyranitar|72/100|[from] item: Rocky Helmet|[of] p2a: Corviknight
|-enditem|p2a: Corviknight|Rocky Helmet|[from] move: Knock Off|[of] p1a: Tyranitar
|move|p2a: Corviknight|Body Press|p1a: Tyranitar
|-supereffective|p1a: Tyranitar
|-damage|p1a: Tyranitar|0 fnt
|faint|p1a: Tyranitar
|
|-weather|Sandstorm|[upkeep]
|upkeep
|
|t:|1743781661
|switch|p1a: Garganacl|Garganacl, F|100/100
|-damage|p1a: Garganacl|88/100|[from] Stealth Rock
|turn|26
|
|t:|1743781664
|move|p2a: Corviknight|Body Press|p1a: Garganacl
|-supereffective|p1a: Garganacl
|-damage|p1a: Garganacl|50/100
|move|p1a: Garganacl|Salt Cure|p2a: Corviknight
|-damage|p2a: Corviknight|56/100
|-start|p2a: Corviknight|Salt Cure
|
|-weather|Sandstorm|[upkeep]
|-heal|p1a: Garganacl|56/100|[from] item: Leftovers
|-damage|p2a: Corviknight|31/100|[from] Salt Cure
|upkeep
|turn|27
|
|t:|1743781676
|move|p2a: Corviknight|Roost|p2a: Corviknight
|-heal|p2a: Corviknight|81/100
|-singleturn|p2a: Corviknight|move: Roost
|move|p1a: Garganacl|Recover|p1a: Garganacl
|-heal|p1a: Garganacl|100/100
|
|-weather|Sandstorm|[upkeep]
|-damage|p2a: Corviknight|56/100|[from] Salt Cure
|upkeep
|turn|28
|
|t:|1743781685
|switch|p2a: Pelipper|Pelipper, F|7/100
|-weather|RainDance|[from] ability: Drizzle|[of] p2a: Pelipper
|move|p1a: Garganacl|Iron Defense|p1a: Garganacl
|-boost|p1a: Garganacl|def|2
|
|-weather|RainDance|[upkeep]
|upkeep
|turn|29
|
|t:|1743781692
|move|p2a: Pelipper|Weather Ball|p1a: Garganacl
|-supereffective|p1a: Garganacl
|-damage|p1a: Garganacl|37/100
|move|p1a: Garganacl|Salt Cure|p2a: Pelipper
|-supereffective|p2a: Pelipper
|-damage|p2a: Pelipper|0 fnt
|faint|p2a: Pelipper
|
|-weather|RainDance|[upkeep]
|-heal|p1a: Garganacl|43/100|[from] item: Leftovers
|upkeep
|
|t:|1743781697
|switch|p2a: Barraskewda|Barraskewda, M|100/100
|turn|30
|
|t:|1743781706
|move|p2a: Barraskewda|Liquidation|p1a: Garganacl
|-supereffective|p1a: Garganacl
|-damage|p1a: Garganacl|0 fnt
|faint|p1a: Garganacl
|
|-weather|RainDance|[upkeep]
|upkeep
|
|t:|1743781713
|switch|p1a: Landorus|Landorus-Therian, M|65/100
|-damage|p1a: Landorus|53/100|[from] Stealth Rock
|-ability|p1a: Landorus|Intimidate|boost
|-unboost|p2a: Barraskewda|atk|1
|turn|31
|
|t:|1743781722
|move|p2a: Barraskewda|Liquidation|p1a: Landorus
|-supereffective|p1a: Landorus
|-damage|p1a: Landorus|0 fnt
|-damage|p2a: Barraskewda|84/100|[from] item: Rocky Helmet|[of] p1a: Landorus
|faint|p1a: Landorus
|
|win|yylz
|raw|MEAD10CRE's rating: 1235 &rarr; <strong>1209</strong><br />(-26 for losing)
|raw|yylz's rating: 1216 &rarr; <strong>1242</strong><br />(+26 for winning)
