|j|☆NEW WAVE META
|j|☆sstarss
|t:|1743891579
|gametype|singles
|player|p1|NEW WAVE META|170|1447
|player|p2|sstarss|169|1461
|teamsize|p1|6
|teamsize|p2|6
|gen|9
|tier|[Gen 9] OU
|rated|
|rule|HP Percentage Mod: HP is shown in percentages
|rule|Endless Battle Clause: Forcing endless battles is banned
|rule|Species Clause: Limit one of each Pokémon
|rule|OHKO Clause: OHKO moves are banned
|rule|Evasion Items Clause: Evasion items are banned
|rule|Evasion Moves Clause: Evasion moves are banned
|rule|Sleep Moves Clause: Sleep-inducing moves are banned
|clearpoke
|poke|p1|Landorus-Therian, M|
|poke|p1|Zamazenta-*|
|poke|p1|Kingambit, F|
|poke|p1|Samurott-Hisui, F|
|poke|p1|Pecharunt|
|poke|p1|Delphox, F|
|poke|p2|Darkrai|
|poke|p2|Slowking-Galar, F|
|poke|p2|Weavile, F|
|poke|p2|Great Tusk|
|poke|p2|Gholdengo|
|poke|p2|Clefable, M|
|teampreview
|inactive|Battle timer is ON: inactive players will automatically lose when time's up. (requested by NEW WAVE META)
|
|t:|1743891602
|start
|switch|p1a: Samurott|Samurott-Hisui, F|100/100
|switch|p2a: Weavile|Weavile, F|100/100
|-ability|p2a: Weavile|Pressure
|turn|1
|inactive|sstarss has 120 seconds left.
|
|t:|1743891647
|switch|p2a: Clefable|Clefable, M|100/100
|move|p1a: Samurott|Razor Shell|p2a: Clefable
|-damage|p2a: Clefable|61/100
|-unboost|p2a: Clefable|def|1
|
|-heal|p2a: Clefable|67/100|[from] item: Leftovers
|upkeep
|turn|2
|
|t:|1743891662
|switch|p1a: Landorus|Landorus-Therian, M|100/100
|-ability|p1a: Landorus|Intimidate|boost
|-unboost|p2a: Clefable|atk|1
|move|p2a: Clefable|Moonblast|p1a: Landorus
|-damage|p1a: Landorus|68/100
|
|-heal|p2a: Clefable|73/100|[from] item: Leftovers
|upkeep
|turn|3
|
|t:|1743891672
|move|p1a: Landorus|Stealth Rock|p2a: Clefable
|-sidestart|p2: sstarss|move: Stealth Rock
|move|p2a: Clefable|Stealth Rock|p1a: Landorus
|-sidestart|p1: NEW WAVE META|move: Stealth Rock
|
|-heal|p2a: Clefable|79/100|[from] item: Leftovers
|upkeep
|turn|4
|inactive|sstarss has 120 seconds left.
|
|t:|1743891678
|move|p1a: Landorus|Earthquake|p2a: Clefable
|-damage|p2a: Clefable|24/100
|move|p2a: Clefable|Moonlight|p2a: Clefable
|-heal|p2a: Clefable|74/100
|
|-heal|p2a: Clefable|80/100|[from] item: Leftovers
|upkeep
|turn|5
|
|t:|1743891683
|switch|p2a: Great Tusk|Great Tusk|100/100
|move|p1a: Landorus|Earthquake|p2a: Great Tusk
|-damage|p2a: Great Tusk|67/100
|
|upkeep
|turn|6
|
|t:|1743891688
|move|p1a: Landorus|U-turn|p2a: Great Tusk
|-resisted|p2a: Great Tusk
|-damage|p2a: Great Tusk|60/100
|
|t:|1743891689
|switch|p1a: Pecharunt|Pecharunt|100/100|[from] U-turn
|move|p2a: Great Tusk|Knock Off|p1a: Pecharunt
|-supereffective|p1a: Pecharunt
|-damage|p1a: Pecharunt|59/100
|-enditem|p1a: Pecharunt|Heavy-Duty Boots|[from] move: Knock Off|[of] p2a: Great Tusk
|
|upkeep
|turn|7
|
|t:|1743891695
|move|p1a: Pecharunt|Malignant Chain|p2a: Great Tusk
|-resisted|p2a: Great Tusk
|-damage|p2a: Great Tusk|38/100
|-status|p2a: Great Tusk|tox
|-start|p2a: Great Tusk|confusion|[from] ability: Poison Puppeteer|[of] p1a: Pecharunt
|-activate|p2a: Great Tusk|confusion
|move|p2a: Great Tusk|Headlong Rush|p1a: Pecharunt
|-supereffective|p1a: Pecharunt
|-damage|p1a: Pecharunt|0 fnt
|-unboost|p2a: Great Tusk|def|1
|-unboost|p2a: Great Tusk|spd|1
|faint|p1a: Pecharunt
|
|-damage|p2a: Great Tusk|31/100 tox|[from] psn
|upkeep
|
|t:|1743891705
|switch|p1a: Landorus|Landorus-Therian, M|68/100
|-damage|p1a: Landorus|55/100|[from] Stealth Rock
|-ability|p1a: Landorus|Intimidate|boost
|-unboost|p2a: Great Tusk|atk|1
|turn|8
|
|t:|1743891713
|-end|p2a: Great Tusk|Protosynthesis|[silent]
|switch|p2a: Clefable|Clefable, M|80/100
|-damage|p2a: Clefable|67/100|[from] Stealth Rock
|move|p1a: Landorus|Earthquake|p2a: Clefable
|-damage|p2a: Clefable|30/100
|
|-heal|p2a: Clefable|37/100|[from] item: Leftovers
|upkeep
|turn|9
|
|t:|1743891722
|move|p1a: Landorus|Earthquake|p2a: Clefable
|-damage|p2a: Clefable|0 fnt
|faint|p2a: Clefable
|
|upkeep
|
|t:|1743891728
|switch|p2a: Weavile|Weavile, F|100/100
|-ability|p2a: Weavile|Pressure
|turn|10
|
|t:|1743891736
|move|p2a: Weavile|Ice Shard|p1a: Landorus
|-supereffective|p1a: Landorus
|-damage|p1a: Landorus|0 fnt
|faint|p1a: Landorus
|
|upkeep
|
|t:|1743891740
|switch|p1a: Samurott|Samurott-Hisui, F|100/100
|-damage|p1a: Samurott|88/100|[from] Stealth Rock
|turn|11
|
|t:|1743891760
|move|p2a: Weavile|Knock Off|p1a: Samurott
|-resisted|p1a: Samurott
|-damage|p1a: Samurott|64/100
|-enditem|p1a: Samurott|Assault Vest|[from] move: Knock Off|[of] p2a: Weavile
|move|p1a: Samurott|Razor Shell|p2a: Weavile
|-damage|p2a: Weavile|14/100
|
|upkeep
|turn|12
|
|t:|1743891767
|move|p2a: Weavile|Triple Axel|p1a: Samurott|[miss]
|-miss|p2a: Weavile|p1a: Samurott
|move|p1a: Samurott|Ceaseless Edge|p2a: Weavile|[miss]
|-miss|p1a: Samurott|p2a: Weavile
|
|upkeep
|turn|13
|
|t:|1743891771
|move|p2a: Weavile|Triple Axel|p1a: Samurott
|-resisted|p1a: Samurott
|-damage|p1a: Samurott|59/100
|-resisted|p1a: Samurott
|-damage|p1a: Samurott|48/100
|-hitcount|p1a: Samurott|2
|move|p1a: Samurott|Ceaseless Edge|p2a: Weavile
|-resisted|p2a: Weavile
|-damage|p2a: Weavile|0 fnt
|-sidestart|p2: sstarss|Spikes
|faint|p2a: Weavile
|
|upkeep
|
|t:|1743891780
|switch|p2a: Great Tusk|Great Tusk|31/100 tox
|turn|14
|
|t:|1743891786
|move|p2a: Great Tusk|Rapid Spin|p1a: Samurott
|-damage|p1a: Samurott|30/100
|-boost|p2a: Great Tusk|spe|1
|-sideend|p2: sstarss|Spikes|[from] move: Rapid Spin|[of] p2a: Great Tusk
|-sideend|p2: sstarss|Stealth Rock|[from] move: Rapid Spin|[of] p2a: Great Tusk
|move|p1a: Samurott|Razor Shell|p2a: Great Tusk
|-supereffective|p2a: Great Tusk
|-damage|p2a: Great Tusk|0 fnt
|faint|p2a: Great Tusk
|-end|p2a: Great Tusk|Protosynthesis|[silent]
|
|upkeep
|
|t:|1743891800
|switch|p2a: Gholdengo|Gholdengo|100/100
|turn|15
|
|t:|1743891804
|move|p2a: Gholdengo|Dazzling Gleam|p1a: Samurott
|-supereffective|p1a: Samurott
|-damage|p1a: Samurott|0 fnt
|faint|p1a: Samurott
|
|upkeep
|
|t:|1743891809
|switch|p1a: Delphox|Delphox, F|100/100
|-damage|p1a: Delphox|76/100|[from] Stealth Rock
|turn|16
|
|t:|1743891814
|switch|p2a: Slowking|Slowking-Galar, F|100/100
|move|p1a: Delphox|Nasty Plot|p1a: Delphox
|-boost|p1a: Delphox|spa|2
|
|upkeep
|turn|17
|
|t:|1743891817
|move|p1a: Delphox|Psyshock|p2a: Slowking
|-damage|p2a: Slowking|4/100
|-damage|p1a: Delphox|66/100|[from] item: Life Orb
|move|p2a: Slowking|Future Sight|p1a: Delphox
|-start|p2a: Slowking|move: Future Sight
|
|upkeep
|turn|18
|
|t:|1743891822
|move|p1a: Delphox|Fire Blast|p2a: Slowking
|-damage|p2a: Slowking|0 fnt
|faint|p2a: Slowking
|-damage|p1a: Delphox|56/100|[from] item: Life Orb
|
|upkeep
|
|t:|1743891827
|switch|p2a: Gholdengo|Gholdengo|100/100
|turn|19
|
|t:|1743891831
|-terastallize|p1a: Delphox|Fire
|move|p2a: Gholdengo|Shadow Ball|p1a: Delphox
|-damage|p1a: Delphox|3/100
|move|p1a: Delphox|Fire Blast|p2a: Gholdengo
|-supereffective|p2a: Gholdengo
|-damage|p2a: Gholdengo|0 fnt
|faint|p2a: Gholdengo
|-damage|p1a: Delphox|0 fnt|[from] item: Life Orb
|faint|p1a: Delphox
|
|-hint|Future Sight did not hit because the target is fainted.
|upkeep
|
|t:|1743891839
|switch|p1a: Zamazenta|Zamazenta|100/100
|switch|p2a: Darkrai|Darkrai|100/100
|-ability|p1a: Zamazenta|Dauntless Shield|boost
|-boost|p1a: Zamazenta|def|1
|turn|20
|c|☆sstarss|gg
|-message|sstarss forfeited.
|
|win|NEW WAVE META
|raw|NEW WAVE META's rating: 1447 &rarr; <strong>1468</strong><br />(+21 for winning)
|raw|sstarss's rating: 1461 &rarr; <strong>1440</strong><br />(-21 for losing)
|l|☆sstarss
|player|p2|
|l|☆NEW WAVE META
|player|p1|
