|j|☆ctewarrior
|j|☆Kainoa55
|t:|1743871253
|gametype|singles
|player|p1|ctewarrior|red-gen7|1269
|player|p2|Kainoa55|ingo|1251
|teamsize|p1|6
|teamsize|p2|6
|gen|9
|tier|[Gen 9] OU
|rated|
|rule|HP Percentage Mod: HP is shown in percentages
|rule|Endless Battle Clause: Forcing endless battles is banned
|rule|Species Clause: Limit one of each Pokémon
|rule|OHKO Clause: OHKO moves are banned
|rule|Evasion Items Clause: Evasion items are banned
|rule|Evasion Moves Clause: Evasion moves are banned
|rule|Sleep Moves Clause: Sleep-inducing moves are banned
|clearpoke
|poke|p1|Zamazenta-*|
|poke|p1|Kingambit, F|
|poke|p1|Samurott-Hisui, F|
|poke|p1|Landorus-Therian, M|
|poke|p1|Iron Valiant|
|poke|p1|Iron Moth|
|poke|p2|Eelektross, M|
|poke|p2|Gallade, M|
|poke|p2|Ursaluna, M|
|poke|p2|Salamence, M|
|poke|p2|Froslass, F|
|poke|p2|Krookodile, M|
|teampreview
|inactive|Battle timer is ON: inactive players will automatically lose when time's up. (requested by Kainoa55)
|inactive|ctewarrior has 120 seconds left.
|
|t:|1743871304
|start
|switch|p1a: Samurott|Samurott-Hisui, F|100/100
|switch|p2a: Eelektross|Eelektross, M|100/100
|turn|1
|
|t:|1743871322
|move|p1a: Samurott|Ceaseless Edge|p2a: Eelektross
|-damage|p2a: Eelektross|49/100
|-sidestart|p2: Kainoa55|Spikes
|move|p2a: Eelektross|Volt Switch|p1a: Samurott
|-supereffective|p1a: Samurott
|-enditem|p1a: Samurott|Focus Sash
|-damage|p1a: Samurott|1/100
|
|t:|1743871335
|switch|p2a: Gallade|Gallade, M|100/100|[from] Volt Switch
|-damage|p2a: Gallade|88/100|[from] Spikes
|
|upkeep
|turn|2
|
|t:|1743871350
|move|p2a: Gallade|Shadow Sneak|p1a: Samurott
|-resisted|p1a: Samurott
|-crit|p1a: Samurott
|-damage|p1a: Samurott|0 fnt
|faint|p1a: Samurott
|
|upkeep
|
|t:|1743871360
|switch|p1a: Landorus|Landorus-Therian, M|100/100
|-ability|p1a: Landorus|Intimidate|boost
|-unboost|p2a: Gallade|atk|1
|turn|3
|
|t:|1743871371
|switch|p2a: Ursaluna|Ursaluna, M|100/100
|-damage|p2a: Ursaluna|88/100|[from] Spikes
|move|p1a: Landorus|Stealth Rock|p2a: Ursaluna
|-sidestart|p2: Kainoa55|move: Stealth Rock
|
|-status|p2a: Ursaluna|brn|[from] item: Flame Orb
|upkeep
|turn|4
|
|t:|1743871400
|move|p1a: Landorus|U-turn|p2a: Ursaluna
|-damage|p2a: Ursaluna|72/100 brn
|
|t:|1743871403
|switch|p1a: Zamazenta|Zamazenta|100/100|[from] U-turn
|-ability|p1a: Zamazenta|Dauntless Shield|boost
|-boost|p1a: Zamazenta|def|1
|move|p2a: Ursaluna|Facade|p1a: Zamazenta
|-damage|p1a: Zamazenta|42/100
|
|-heal|p1a: Zamazenta|48/100|[from] item: Leftovers
|-damage|p2a: Ursaluna|66/100 brn|[from] brn
|upkeep
|turn|5
|
|t:|1743871415
|switch|p2a: Froslass|Froslass, F|100/100
|-damage|p2a: Froslass|88/100|[from] Spikes
|-damage|p2a: Froslass|63/100|[from] Stealth Rock
|move|p1a: Zamazenta|Roar|p2a: Froslass
|drag|p2a: Eelektross|Eelektross, M|49/100
|-damage|p2a: Eelektross|37/100|[from] Stealth Rock
|
|-heal|p1a: Zamazenta|54/100|[from] item: Leftovers
|upkeep
|turn|6
|
|t:|1743871433
|move|p1a: Zamazenta|Iron Defense|p1a: Zamazenta
|-boost|p1a: Zamazenta|def|2
|move|p2a: Eelektross|Thunderbolt|p1a: Zamazenta
|-damage|p1a: Zamazenta|0 fnt
|faint|p1a: Zamazenta
|
|upkeep
|inactive|ctewarrior has 120 seconds left.
|
|t:|1743871447
|switch|p1a: Iron Moth|Iron Moth|100/100
|-enditem|p1a: Iron Moth|Booster Energy
|-activate|p1a: Iron Moth|ability: Quark Drive|[fromitem]
|-start|p1a: Iron Moth|quarkdrivespe
|turn|7
|
|t:|1743871455
|move|p1a: Iron Moth|Fiery Dance|p2a: Eelektross
|-damage|p2a: Eelektross|0 fnt
|faint|p2a: Eelektross
|
|upkeep
|
|t:|1743871458
|switch|p2a: Gallade|Gallade, M|88/100
|-damage|p2a: Gallade|76/100|[from] Spikes
|-damage|p2a: Gallade|70/100|[from] Stealth Rock
|turn|8
|
|t:|1743871470
|move|p1a: Iron Moth|Fiery Dance|p2a: Gallade
|-damage|p2a: Gallade|42/100
|-boost|p1a: Iron Moth|spa|1
|move|p2a: Gallade|Psycho Cut|p1a: Iron Moth
|-supereffective|p1a: Iron Moth
|-damage|p1a: Iron Moth|0 fnt
|faint|p1a: Iron Moth
|-end|p1a: Iron Moth|Quark Drive|[silent]
|
|upkeep
|inactive|ctewarrior has 120 seconds left.
|
|t:|1743871499
|switch|p1a: Landorus|Landorus-Therian, M|100/100
|-ability|p1a: Landorus|Intimidate|boost
|-unboost|p2a: Gallade|atk|1
|turn|9
|
|t:|1743871510
|move|p2a: Gallade|Shadow Sneak|p1a: Landorus
|-damage|p1a: Landorus|91/100
|-damage|p2a: Gallade|26/100|[from] item: Rocky Helmet|[of] p1a: Landorus
|move|p1a: Landorus|Earthquake|p2a: Gallade
|-damage|p2a: Gallade|0 fnt
|faint|p2a: Gallade
|
|upkeep
|
|t:|1743871529
|switch|p2a: Ursaluna|Ursaluna, M|66/100 brn
|-damage|p2a: Ursaluna|54/100 brn|[from] Spikes
|-damage|p2a: Ursaluna|48/100 brn|[from] Stealth Rock
|turn|10
|inactive|ctewarrior has 120 seconds left.
|
|t:|1743871535
|move|p1a: Landorus|Earthquake|p2a: Ursaluna
|-damage|p2a: Ursaluna|16/100 brn
|move|p2a: Ursaluna|Facade|p1a: Landorus
|-damage|p1a: Landorus|0 fnt
|-damage|p2a: Ursaluna|0 fnt|[from] item: Rocky Helmet|[of] p1a: Landorus
|faint|p1a: Landorus
|faint|p2a: Ursaluna
|
|upkeep
|inactive|ctewarrior has 120 seconds left.
|
|t:|1743871562
|switch|p1a: Iron Valiant|Iron Valiant|100/100
|switch|p2a: Salamence|Salamence, M|100/100
|-damage|p2a: Salamence|76/100|[from] Stealth Rock
|-enditem|p1a: Iron Valiant|Booster Energy
|-activate|p1a: Iron Valiant|ability: Quark Drive|[fromitem]
|-start|p1a: Iron Valiant|quarkdrivespe
|turn|11
|inactive|ctewarrior has 120 seconds left.
|
|t:|1743871593
|move|p1a: Iron Valiant|Calm Mind|p1a: Iron Valiant
|-boost|p1a: Iron Valiant|spa|1
|-boost|p1a: Iron Valiant|spd|1
|move|p2a: Salamence|Dual Wingbeat|p1a: Iron Valiant
|-supereffective|p1a: Iron Valiant
|-damage|p1a: Iron Valiant|43/100
|-supereffective|p1a: Iron Valiant
|-damage|p1a: Iron Valiant|0 fnt
|faint|p1a: Iron Valiant
|-end|p1a: Iron Valiant|Quark Drive|[silent]
|-ability|p2a: Salamence|Moxie|boost
|-boost|p2a: Salamence|atk|1
|-hitcount|p1: Iron Valiant|2
|
|upkeep
|
|t:|1743871604
|switch|p1a: Kingambit|Kingambit, F|100/100
|-activate|p1a: Kingambit|ability: Supreme Overlord
|-start|p1a: Kingambit|fallen5|[silent]
|turn|12
|
|t:|1743871618
|move|p2a: Salamence|Earthquake|p1a: Kingambit
|-supereffective|p1a: Kingambit
|-damage|p1a: Kingambit|26/100
|move|p1a: Kingambit|Kowtow Cleave|p2a: Salamence
|-damage|p2a: Salamence|0 fnt
|faint|p2a: Salamence
|
|-heal|p1a: Kingambit|32/100|[from] item: Leftovers
|upkeep
|
|t:|1743871630
|switch|p2a: Froslass|Froslass, F|63/100
|-damage|p2a: Froslass|51/100|[from] Spikes
|-damage|p2a: Froslass|26/100|[from] Stealth Rock
|turn|13
|
|t:|1743871647
|move|p1a: Kingambit|Sucker Punch||[still]
|-fail|p1a: Kingambit
|move|p2a: Froslass|Trick|p1a: Kingambit
|-activate|p2a: Froslass|move: Trick|[of] p1a: Kingambit
|-item|p1a: Kingambit|Choice Band|[from] move: Trick
|-item|p2a: Froslass|Leftovers|[from] move: Trick
|
|-heal|p2a: Froslass|32/100|[from] item: Leftovers
|upkeep
|turn|14
|inactive|ctewarrior has 90 seconds left.
|
|t:|1743871676
|-terastallize|p2a: Froslass|Fighting
|move|p2a: Froslass|Tera Blast|p1a: Kingambit|[anim] Tera Blast Fighting
|-supereffective|p1a: Kingambit
|-damage|p1a: Kingambit|0 fnt
|faint|p1a: Kingambit
|-end|p1a: Kingambit|fallen5|[silent]
|
|win|Kainoa55
|raw|ctewarrior's rating: 1269 &rarr; <strong>1243</strong><br />(-26 for losing)
|raw|Kainoa55's rating: 1251 &rarr; <strong>1277</strong><br />(+26 for winning)
|l|☆ctewarrior
|player|p1|
|l|☆Kainoa55
|player|p2|
