|j|☆WanderingTrainerll
|j|☆Mckangaroon
|t:|1743831234
|gametype|singles
|player|p1|WanderingTrainerll|266|1122
|player|p2|Mckangaroon|steven|1141
|teamsize|p1|6
|teamsize|p2|6
|gen|9
|tier|[Gen 9] OU
|rated|
|rule|HP Percentage Mod: HP is shown in percentages
|rule|Endless Battle Clause: Forcing endless battles is banned
|rule|Species Clause: Limit one of each Pokémon
|rule|OHKO Clause: OHKO moves are banned
|rule|Evasion Items Clause: Evasion items are banned
|rule|Evasion Moves Clause: Evasion moves are banned
|rule|Sleep Moves Clause: Sleep-inducing moves are banned
|clearpoke
|poke|p1|Breloom, M|
|poke|p1|Galvantula, M|
|poke|p1|Cinccino, F|
|poke|p1|Espeon, F|
|poke|p1|Seviper, M|
|poke|p1|Flygon, M|
|poke|p2|Dragapult, M|
|poke|p2|Arcanine-Hisui, M|
|poke|p2|Zoroark-Hisui, M|
|poke|p2|Rotom-Wash|
|poke|p2|Darkrai|
|poke|p2|Meowscarada, M|
|teampreview
|c|☆WanderingTrainerll|im only 5 feet tall :(
|
|t:|1743831263
|start
|switch|p1a: Sammy Slurpy|Seviper, M, shiny|100/100
|switch|p2a: Arcanine|Arcanine-Hisui, M|100/100
|turn|1
|
|t:|1743831273
|move|p1a: Sammy Slurpy|Switcheroo|p2a: Arcanine
|-activate|p1a: Sammy Slurpy|move: Trick|[of] p2a: Arcanine
|-item|p2a: Arcanine|Choice Scarf|[from] move: Switcheroo
|-item|p1a: Sammy Slurpy|Focus Sash|[from] move: Switcheroo
|move|p2a: Arcanine|Agility|p2a: Arcanine
|-boost|p2a: Arcanine|spe|2
|
|upkeep
|turn|2
|
|t:|1743831292
|switch|p2a: Dragapult|Dragapult, M, shiny|100/100
|move|p1a: Sammy Slurpy|Coil|p1a: Sammy Slurpy
|-boost|p1a: Sammy Slurpy|atk|1
|-boost|p1a: Sammy Slurpy|def|1
|-boost|p1a: Sammy Slurpy|accuracy|1
|
|upkeep
|turn|3
|
|t:|1743831309
|move|p2a: Dragapult|Psychic Fangs|p1a: Sammy Slurpy
|-supereffective|p1a: Sammy Slurpy
|-crit|p1a: Sammy Slurpy
|-enditem|p1a: Sammy Slurpy|Focus Sash
|-damage|p1a: Sammy Slurpy|1/100
|-damage|p2a: Dragapult|91/100|[from] item: Life Orb
|move|p1a: Sammy Slurpy|Trailblaze|p2a: Dragapult
|-resisted|p2a: Dragapult
|-damage|p2a: Dragapult|77/100
|-boost|p1a: Sammy Slurpy|spe|1
|
|upkeep
|turn|4
|
|t:|1743831329
|move|p2a: Dragapult|Sucker Punch|p1a: Sammy Slurpy
|-damage|p1a: Sammy Slurpy|0 fnt
|faint|p1a: Sammy Slurpy
|-damage|p2a: Dragapult|67/100|[from] item: Life Orb
|
|upkeep
|
|t:|1743831349
|switch|p1a: Benny Buggin'|Galvantula, M, shiny|100/100
|turn|5
|
|t:|1743831353
|move|p2a: Dragapult|Dragon Darts|p1a: Benny Buggin'
|-damage|p1a: Benny Buggin'|41/100
|-anim|p2a: Dragapult|Dragon Darts|p1a: Benny Buggin'
|-damage|p1a: Benny Buggin'|0 fnt
|faint|p1a: Benny Buggin'
|-damage|p2a: Dragapult|57/100|[from] item: Life Orb
|
|upkeep
|-message|WanderingTrainerll forfeited.
|
|win|Mckangaroon
|raw|WanderingTrainerll's rating: 1122 &rarr; <strong>1098</strong><br />(-24 for losing)
|raw|Mckangaroon's rating: 1141 &rarr; <strong>1165</strong><br />(+24 for winning)
|l|☆WanderingTrainerll
|player|p1|
|c|☆Mckangaroon|Me too
