|j|☆Dr. Drake6782
|j|☆random tera ghost
|t:|1743811223
|gametype|singles
|player|p1|Dr. Drake6782|lance-lgpe|1548
|player|p2|random tera ghost|170|1552
|teamsize|p1|6
|teamsize|p2|6
|gen|9
|tier|[Gen 9] OU
|rated|
|rule|HP Percentage Mod: HP is shown in percentages
|rule|Endless Battle Clause: Forcing endless battles is banned
|rule|Species Clause: Limit one of each Pokémon
|rule|OHKO Clause: OHKO moves are banned
|rule|Evasion Items Clause: Evasion items are banned
|rule|Evasion Moves Clause: Evasion moves are banned
|rule|Sleep Moves Clause: Sleep-inducing moves are banned
|clearpoke
|poke|p1|Alomomola, F|
|poke|p1|Weezing-Galar, M|
|poke|p1|Garganacl, M|
|poke|p1|Kyurem|
|poke|p1|Zamazenta-*|
|poke|p1|Ting-Lu|
|poke|p2|Ninetales, F|
|poke|p2|Scovillain, F|
|poke|p2|Walking Wake|
|poke|p2|Hatterene, F|
|poke|p2|Great Tusk|
|poke|p2|Ceruledge, F|
|teampreview
|inactive|Battle timer is ON: inactive players will automatically lose when time's up. (requested by Dr. Drake6782)
|
|t:|1743811247
|start
|switch|p1a: Ting-Lu|Ting-Lu|100/100
|switch|p2a: Ninetales|Ninetales, F|100/100
|-weather|SunnyDay|[from] ability: Drought|[of] p2a: Ninetales
|-ability|p1a: Ting-Lu|Vessel of Ruin
|turn|1
|
|t:|1743811256
|move|p2a: Ninetales|Will-O-Wisp|p1a: Ting-Lu
|-status|p1a: Ting-Lu|brn
|move|p1a: Ting-Lu|Earthquake|p2a: Ninetales
|-supereffective|p2a: Ninetales
|-damage|p2a: Ninetales|52/100
|
|-weather|SunnyDay|[upkeep]
|-damage|p1a: Ting-Lu|94/100 brn|[from] brn
|upkeep
|turn|2
|
|t:|1743811273
|switch|p2a: Hatterene|Hatterene, F|100/100
|move|p1a: Ting-Lu|Stealth Rock|p2a: Hatterene
|move|p2a: Hatterene|Stealth Rock|p1a: Ting-Lu|[from] ability: Magic Bounce
|-sidestart|p1: Dr. Drake6782|move: Stealth Rock
|
|-weather|SunnyDay|[upkeep]
|-heal|p1a: Ting-Lu|100/100 brn|[from] item: Leftovers
|-damage|p1a: Ting-Lu|94/100 brn|[from] brn
|upkeep
|turn|3
|
|t:|1743811279
|move|p1a: Ting-Lu|Earthquake|p2a: Hatterene
|-damage|p2a: Hatterene|84/100
|-enditem|p2a: Hatterene|Eject Button
|
|t:|1743811282
|switch|p2a: Scovillain|Scovillain, F, shiny|100/100
|
|-weather|SunnyDay|[upkeep]
|-heal|p1a: Ting-Lu|100/100 brn|[from] item: Leftovers
|-damage|p1a: Ting-Lu|94/100 brn|[from] brn
|upkeep
|turn|4
|
|t:|1743811287
|move|p2a: Scovillain|Growth|p2a: Scovillain
|-boost|p2a: Scovillain|atk|2
|-boost|p2a: Scovillain|spa|2
|move|p1a: Ting-Lu|Stealth Rock|p2a: Scovillain
|-sidestart|p2: random tera ghost|move: Stealth Rock
|
|-weather|SunnyDay|[upkeep]
|-heal|p1a: Ting-Lu|100/100 brn|[from] item: Leftovers
|-damage|p1a: Ting-Lu|94/100 brn|[from] brn
|upkeep
|turn|5
|
|t:|1743811292
|-terastallize|p1a: Ting-Lu|Ghost
|move|p2a: Scovillain|Solar Beam||[still]
|-prepare|p2a: Scovillain|Solar Beam
|-anim|p2a: Scovillain|Solar Beam|p1a: Ting-Lu
|-damage|p1a: Ting-Lu|34/100 brn
|-damage|p2a: Scovillain|91/100|[from] item: Life Orb
|move|p1a: Ting-Lu|Whirlwind|p2a: Scovillain
|drag|p2a: Ninetales|Ninetales, F|52/100
|-damage|p2a: Ninetales|27/100|[from] Stealth Rock
|
|-weather|SunnyDay|[upkeep]
|-heal|p1a: Ting-Lu|40/100 brn|[from] item: Leftovers
|-damage|p1a: Ting-Lu|34/100 brn|[from] brn
|upkeep
|turn|6
|
|t:|1743811305
|switch|p2a: Hatterene|Hatterene, F|84/100
|-damage|p2a: Hatterene|72/100|[from] Stealth Rock
|switch|p1a: Alomomola|Alomomola, F|100/100
|
|-weather|SunnyDay|[upkeep]
|upkeep
|turn|7
|
|t:|1743811316
|move|p1a: Alomomola|Wish|p1a: Alomomola
|move|p2a: Hatterene|Psyshock|p1a: Alomomola
|-damage|p1a: Alomomola|78/100
|
|-weather|SunnyDay|[upkeep]
|upkeep
|turn|8
|
|t:|1743811321
|move|p1a: Alomomola|Flip Turn|p2a: Hatterene
|-damage|p2a: Hatterene|65/100
|
|t:|1743811323
|switch|p1a: Ting-Lu|Ting-Lu, tera:Ghost|34/100 brn|[from] Flip Turn
|-damage|p1a: Ting-Lu|21/100 brn|[from] Stealth Rock
|-ability|p1a: Ting-Lu|Vessel of Ruin
|move|p2a: Hatterene|Psyshock|p1a: Ting-Lu
|-damage|p1a: Ting-Lu|6/100 brn
|
|-weather|none
|-heal|p1a: Ting-Lu|52/100 brn|[from] move: Wish|[wisher] Alomomola
|-heal|p1a: Ting-Lu|58/100 brn|[from] item: Leftovers
|-damage|p1a: Ting-Lu|52/100 brn|[from] brn
|upkeep
|turn|9
|
|t:|1743811332
|move|p2a: Hatterene|Draining Kiss|p1a: Ting-Lu
|-damage|p1a: Ting-Lu|42/100 brn
|-heal|p2a: Hatterene|77/100|[from] drain|[of] p1a: Ting-Lu
|move|p1a: Ting-Lu|Whirlwind|p2a: Hatterene
|move|p2a: Hatterene|Whirlwind|p1a: Ting-Lu|[from] ability: Magic Bounce
|drag|p1a: Kyurem|Kyurem, shiny|100/100
|-damage|p1a: Kyurem|76/100|[from] Stealth Rock
|-ability|p1a: Kyurem|Pressure
|
|upkeep
|turn|10
|
|t:|1743811342
|switch|p1a: Alomomola|Alomomola, F|100/100
|move|p2a: Hatterene|Draining Kiss|p1a: Alomomola
|-damage|p1a: Alomomola|79/100
|-heal|p2a: Hatterene|100/100|[from] drain|[of] p1a: Alomomola
|
|upkeep
|turn|11
|
|t:|1743811355
|move|p1a: Alomomola|Wish|p1a: Alomomola
|move|p2a: Hatterene|Nuzzle|p1a: Alomomola
|-supereffective|p1a: Alomomola
|-damage|p1a: Alomomola|73/100
|-status|p1a: Alomomola|par
|
|upkeep
|turn|12
|
|t:|1743811367
|switch|p2a: Walking Wake|Walking Wake|100/100
|-damage|p2a: Walking Wake|88/100|[from] Stealth Rock
|move|p1a: Alomomola|Flip Turn|p2a: Walking Wake
|-resisted|p2a: Walking Wake
|-damage|p2a: Walking Wake|84/100
|
|t:|1743811374
|switch|p1a: Ting-Lu|Ting-Lu, tera:Ghost|42/100 brn|[from] Flip Turn
|-damage|p1a: Ting-Lu|29/100 brn|[from] Stealth Rock
|-ability|p1a: Ting-Lu|Vessel of Ruin
|
|-heal|p1a: Ting-Lu|75/100 brn|[from] move: Wish|[wisher] Alomomola
|-heal|p1a: Ting-Lu|82/100 brn|[from] item: Leftovers
|-damage|p1a: Ting-Lu|75/100 brn|[from] brn
|upkeep
|turn|13
|
|t:|1743811389
|move|p2a: Walking Wake|Draco Meteor|p1a: Ting-Lu
|-damage|p1a: Ting-Lu|34/100 brn
|-unboost|p2a: Walking Wake|spa|2
|move|p1a: Ting-Lu|Ruination|p2a: Walking Wake
|-damage|p2a: Walking Wake|42/100
|
|-heal|p1a: Ting-Lu|40/100 brn|[from] item: Leftovers
|-damage|p1a: Ting-Lu|34/100 brn|[from] brn
|upkeep
|turn|14
|j| stierball
|
|t:|1743811408
|-end|p2a: Walking Wake|Protosynthesis|[silent]
|switch|p2a: Hatterene|Hatterene, F|100/100
|-damage|p2a: Hatterene|88/100|[from] Stealth Rock
|move|p1a: Ting-Lu|Ruination|p2a: Hatterene
|-damage|p2a: Hatterene|45/100
|
|-heal|p1a: Ting-Lu|40/100 brn|[from] item: Leftovers
|-damage|p1a: Ting-Lu|34/100 brn|[from] brn
|upkeep
|turn|15
|
|t:|1743811414
|switch|p1a: Alomomola|Alomomola, F|100/100 par
|move|p2a: Hatterene|Draining Kiss|p1a: Alomomola
|-damage|p1a: Alomomola|79/100 par
|-heal|p2a: Hatterene|68/100|[from] drain|[of] p1a: Alomomola
|
|upkeep
|turn|16
|l| stierball
|
|t:|1743811419
|switch|p2a: Ninetales|Ninetales, F|27/100
|-damage|p2a: Ninetales|2/100|[from] Stealth Rock
|-weather|SunnyDay|[from] ability: Drought|[of] p2a: Ninetales
|cant|p1a: Alomomola|par
|
|-weather|SunnyDay|[upkeep]
|upkeep
|turn|17
|
|t:|1743811429
|switch|p2a: Scovillain|Scovillain, F, shiny|91/100
|-damage|p2a: Scovillain|66/100|[from] Stealth Rock
|switch|p1a: Ting-Lu|Ting-Lu, tera:Ghost|34/100 brn
|-damage|p1a: Ting-Lu|21/100 brn|[from] Stealth Rock
|-ability|p1a: Ting-Lu|Vessel of Ruin
|
|-weather|SunnyDay|[upkeep]
|-heal|p1a: Ting-Lu|28/100 brn|[from] item: Leftovers
|-damage|p1a: Ting-Lu|21/100 brn|[from] brn
|upkeep
|turn|18
|
|t:|1743811439
|switch|p1a: Zamazenta|Zamazenta|100/100
|-damage|p1a: Zamazenta|94/100|[from] Stealth Rock
|-ability|p1a: Zamazenta|Dauntless Shield|boost
|-boost|p1a: Zamazenta|def|1
|move|p2a: Scovillain|Flamethrower|p1a: Zamazenta
|-damage|p1a: Zamazenta|23/100
|-damage|p2a: Scovillain|56/100|[from] item: Life Orb
|
|-weather|SunnyDay|[upkeep]
|-heal|p1a: Zamazenta|29/100|[from] item: Leftovers
|upkeep
|turn|19
|
|t:|1743811442
|move|p2a: Scovillain|Flamethrower|p1a: Zamazenta
|-damage|p1a: Zamazenta|0 fnt
|faint|p1a: Zamazenta
|-damage|p2a: Scovillain|46/100|[from] item: Life Orb
|
|-weather|SunnyDay|[upkeep]
|upkeep
|
|t:|1743811445
|switch|p1a: Garganacl|Garganacl, M, shiny|100/100
|-damage|p1a: Garganacl|88/100|[from] Stealth Rock
|turn|20
|
|t:|1743811448
|move|p2a: Scovillain|Solar Beam||[still]
|-prepare|p2a: Scovillain|Solar Beam
|-anim|p2a: Scovillain|Solar Beam|p1a: Garganacl
|-supereffective|p1a: Garganacl
|-damage|p1a: Garganacl|0 fnt
|faint|p1a: Garganacl
|-damage|p2a: Scovillain|36/100|[from] item: Life Orb
|
|-weather|SunnyDay|[upkeep]
|upkeep
|-message|Dr. Drake6782 forfeited.
|
|win|random tera ghost
|raw|Dr. Drake6782's rating: 1529 &rarr; <strong>1510</strong><br />(-19 for losing)
|raw|random tera ghost's rating: 1552 &rarr; <strong>1571</strong><br />(+19 for winning)
|l|☆Dr. Drake6782
|player|p1|
|l|☆random tera ghost
|player|p2|
