|j|☆Coldwiii
|j|☆champ bogar
|t:|1743891174
|gametype|singles
|player|p1|Coldwiii|wattson|1496
|player|p2|champ bogar|cynthia-masters3|1558
|teamsize|p1|6
|teamsize|p2|6
|gen|9
|tier|[Gen 9] OU
|rated|
|rule|HP Percentage Mod: HP is shown in percentages
|rule|Endless Battle Clause: Forcing endless battles is banned
|rule|Species Clause: Limit one of each Pokémon
|rule|OHKO Clause: OHKO moves are banned
|rule|Evasion Items Clause: Evasion items are banned
|rule|Evasion Moves Clause: Evasion moves are banned
|rule|Sleep Moves Clause: Sleep-inducing moves are banned
|clearpoke
|poke|p1|Latios, M|
|poke|p1|Toxapex, F|
|poke|p1|Mandibuzz, F|
|poke|p1|Iron Treads|
|poke|p1|Arcanine-Hisui, F|
|poke|p1|Sinistcha|
|poke|p2|Garchomp, F|
|poke|p2|Darkrai|
|poke|p2|Deoxys-Speed|
|poke|p2|Clodsire, F|
|poke|p2|Corviknight, M|
|poke|p2|Cinderace, F|
|teampreview
|inactive|Battle timer is ON: inactive players will automatically lose when time's up. (requested by champ bogar)
|c|☆Coldwiii|glhf
|
|t:|1743891199
|start
|switch|p1a: Mandibuzz|Mandibuzz, F|100/100
|switch|p2a: Cinderace|Cinderace, F|100/100
|turn|1
|
|t:|1743891215
|move|p2a: Cinderace|U-turn|p1a: Mandibuzz
|-start|p2a: Cinderace|typechange|Bug|[from] ability: Libero
|-damage|p1a: Mandibuzz|80/100
|-damage|p2a: Cinderace|84/100|[from] item: Rocky Helmet|[of] p1a: Mandibuzz
|
|t:|1743891220
|switch|p2a: Corviknight|Corviknight, M|100/100|[from] U-turn
|-ability|p2a: Corviknight|Pressure
|move|p1a: Mandibuzz|Toxic|p2a: Corviknight
|-immune|p2a: Corviknight
|
|upkeep
|turn|2
|
|t:|1743891248
|move|p1a: Mandibuzz|Foul Play|p2a: Corviknight
|-damage|p2a: Corviknight|84/100
|-damage|p1a: Mandibuzz|63/100|[from] item: Rocky Helmet|[of] p2a: Corviknight
|move|p2a: Corviknight|U-turn|p1a: Mandibuzz
|-damage|p1a: Mandibuzz|54/100
|-damage|p2a: Corviknight|67/100|[from] item: Rocky Helmet|[of] p1a: Mandibuzz
|
|t:|1743891257
|switch|p2a: Darkrai|Darkrai|100/100|[from] U-turn
|
|upkeep
|turn|3
|
|t:|1743891273
|switch|p1a: Toxapex|Toxapex, F, shiny|100/100
|-terastallize|p2a: Darkrai|Dark
|move|p2a: Darkrai|Dark Pulse|p1a: Toxapex
|-damage|p1a: Toxapex|64/100
|
|upkeep
|turn|4
|inactive|Coldwiii has 120 seconds left.
|
|t:|1743891291
|switch|p2a: Clodsire|Clodsire, F|100/100
|move|p1a: Toxapex|Infestation|p2a: Clodsire
|-resisted|p2a: Clodsire
|-damage|p2a: Clodsire|99/100
|-activate|p2a: Clodsire|move: Infestation|[of] p1a: Toxapex
|
|-heal|p2a: Clodsire|100/100|[from] item: Leftovers
|-damage|p2a: Clodsire|88/100|[from] move: Infestation|[partiallytrapped]
|upkeep
|turn|5
|inactive|Coldwiii has 120 seconds left.
|
|t:|1743891313
|switch|p1a: Latios|Latios, M, shiny|100/100
|move|p2a: Clodsire|Earthquake|p1a: Latios
|-immune|p1a: Latios|[from] ability: Levitate
|
|-heal|p2a: Clodsire|94/100|[from] item: Leftovers
|-end|p2a: Clodsire|Infestation|[partiallytrapped]|[silent]
|upkeep
|turn|6
|
|t:|1743891338
|-terastallize|p1a: Latios|Steel
|move|p1a: Latios|Calm Mind|p1a: Latios
|-boost|p1a: Latios|spa|1
|-boost|p1a: Latios|spd|1
|move|p2a: Clodsire|Toxic|p1a: Latios
|-immune|p1a: Latios
|
|-heal|p2a: Clodsire|100/100|[from] item: Leftovers
|upkeep
|turn|7
|
|t:|1743891347
|switch|p2a: Cinderace|Cinderace, F|84/100
|move|p1a: Latios|Psychic Noise|p2a: Cinderace
|-damage|p2a: Cinderace|0 fnt
|faint|p2a: Cinderace
|
|upkeep
|
|t:|1743891351
|switch|p2a: Deoxys|Deoxys-Speed, shiny|100/100
|-ability|p2a: Deoxys|Pressure
|turn|8
|
|t:|1743891361
|move|p2a: Deoxys|Superpower|p1a: Latios
|-supereffective|p1a: Latios
|-damage|p1a: Latios|6/100
|-unboost|p2a: Deoxys|atk|1
|-unboost|p2a: Deoxys|def|1
|-damage|p2a: Deoxys|91/100|[from] item: Life Orb
|move|p1a: Latios|Draco Meteor|p2a: Deoxys
|-damage|p2a: Deoxys|0 fnt
|-unboost|p1a: Latios|spa|2
|faint|p2a: Deoxys
|
|upkeep
|
|t:|1743891365
|switch|p2a: Darkrai|Darkrai, tera:Dark|100/100
|turn|9
|
|t:|1743891375
|switch|p1a: Toxapex|Toxapex, F, shiny|97/100
|move|p2a: Darkrai|Dark Pulse|p1a: Toxapex
|-damage|p1a: Toxapex|59/100
|
|upkeep
|turn|10
|
|t:|1743891400
|move|p2a: Darkrai|Dark Pulse|p1a: Toxapex
|-damage|p1a: Toxapex|23/100
|move|p1a: Toxapex|Mud Shot|p2a: Darkrai
|-damage|p2a: Darkrai|90/100
|-unboost|p2a: Darkrai|spe|1
|
|upkeep
|turn|11
|inactive|Coldwiii has 90 seconds left.
|
|t:|1743891437
|switch|p1a: Iron Treads|Iron Treads|100/100
|move|p2a: Darkrai|Dark Pulse|p1a: Iron Treads
|-damage|p1a: Iron Treads|23/100
|
|-heal|p1a: Iron Treads|29/100|[from] item: Leftovers
|upkeep
|turn|12
|
|t:|1743891446
|switch|p2a: Corviknight|Corviknight, M|67/100
|-ability|p2a: Corviknight|Pressure
|move|p1a: Iron Treads|Stealth Rock|p2a: Corviknight
|-sidestart|p2: champ bogar|move: Stealth Rock
|
|-heal|p1a: Iron Treads|35/100|[from] item: Leftovers
|upkeep
|turn|13
|
|t:|1743891454
|-end|p1a: Iron Treads|Quark Drive|[silent]
|switch|p1a: Arcanine|Arcanine-Hisui, F|100/100
|move|p2a: Corviknight|U-turn|p1a: Arcanine
|-resisted|p1a: Arcanine
|-damage|p1a: Arcanine|91/100
|
|t:|1743891457
|switch|p2a: Darkrai|Darkrai, tera:Dark|90/100|[from] U-turn
|-damage|p2a: Darkrai|77/100|[from] Stealth Rock
|
|upkeep
|turn|14
|
|t:|1743891464
|switch|p1a: Iron Treads|Iron Treads|35/100
|move|p2a: Darkrai|Dark Pulse|p1a: Iron Treads
|-damage|p1a: Iron Treads|0 fnt
|faint|p1a: Iron Treads
|-end|p1a: Iron Treads|Quark Drive|[silent]
|
|upkeep
|
|t:|1743891470
|switch|p1a: Toxapex|Toxapex, F, shiny|56/100
|turn|15
|
|t:|1743891476
|move|p2a: Darkrai|Dark Pulse|p1a: Toxapex
|-damage|p1a: Toxapex|21/100
|move|p1a: Toxapex|Mud Shot|p2a: Darkrai|[miss]
|-miss|p1a: Toxapex|p2a: Darkrai
|
|upkeep
|turn|16
|
|t:|1743891489
|move|p2a: Darkrai|Dark Pulse|p1a: Toxapex
|-damage|p1a: Toxapex|0 fnt
|faint|p1a: Toxapex
|
|upkeep
|
|t:|1743891494
|switch|p1a: Mandibuzz|Mandibuzz, F|54/100
|turn|17
|
|t:|1743891500
|switch|p2a: Corviknight|Corviknight, M|67/100
|-damage|p2a: Corviknight|55/100|[from] Stealth Rock
|-ability|p2a: Corviknight|Pressure
|move|p1a: Mandibuzz|Roost|p1a: Mandibuzz
|-heal|p1a: Mandibuzz|100/100
|-singleturn|p1a: Mandibuzz|move: Roost
|
|upkeep
|turn|18
|
|t:|1743891509
|switch|p1a: Arcanine|Arcanine-Hisui, F|91/100
|move|p2a: Corviknight|U-turn|p1a: Arcanine
|-resisted|p1a: Arcanine
|-damage|p1a: Arcanine|83/100
|
|t:|1743891515
|switch|p2a: Garchomp|Garchomp, F|100/100|[from] U-turn
|-damage|p2a: Garchomp|94/100|[from] Stealth Rock
|
|upkeep
|turn|19
|inactive|Coldwiii has 120 seconds left.
|
|t:|1743891531
|switch|p1a: Mandibuzz|Mandibuzz, F|100/100
|move|p2a: Garchomp|Stealth Rock|p1a: Mandibuzz
|-sidestart|p1: Coldwiii|move: Stealth Rock
|
|upkeep
|turn|20
|inactive|Coldwiii has 120 seconds left.
|
|t:|1743891537
|move|p1a: Mandibuzz|Toxic|p2a: Garchomp
|-status|p2a: Garchomp|tox
|move|p2a: Garchomp|Dragon Tail|p1a: Mandibuzz
|-damage|p1a: Mandibuzz|86/100
|-damage|p2a: Garchomp|78/100 tox|[from] item: Rocky Helmet|[of] p1a: Mandibuzz
|drag|p1a: Arcanine|Arcanine-Hisui, F|83/100
|-damage|p1a: Arcanine|58/100|[from] Stealth Rock
|
|-damage|p2a: Garchomp|71/100 tox|[from] psn
|upkeep
|turn|21
|inactive|Coldwiii has 120 seconds left.
|
|t:|1743891557
|move|p1a: Arcanine|Close Combat|p2a: Garchomp
|-crit|p2a: Garchomp
|-damage|p2a: Garchomp|18/100 tox
|-unboost|p1a: Arcanine|def|1
|-unboost|p1a: Arcanine|spd|1
|-damage|p1a: Arcanine|46/100|[from] ability: Rough Skin|[of] p2a: Garchomp
|-damage|p1a: Arcanine|29/100|[from] item: Rocky Helmet|[of] p2a: Garchomp
|move|p2a: Garchomp|Dragon Tail|p1a: Arcanine
|-damage|p1a: Arcanine|0 fnt
|faint|p1a: Arcanine
|
|-damage|p2a: Garchomp|5/100 tox|[from] psn
|upkeep
|
|t:|1743891568
|switch|p1a: Mandibuzz|Mandibuzz, F|86/100
|-damage|p1a: Mandibuzz|61/100|[from] Stealth Rock
|turn|22
|
|t:|1743891573
|move|p1a: Mandibuzz|Defog|p2a: Garchomp
|-unboost|p2a: Garchomp|evasion|1
|-sideend|p2: champ bogar|Stealth Rock|[from] move: Defog|[of] p1a: Mandibuzz
|-sideend|p1: Coldwiii|Stealth Rock|[from] move: Defog|[of] p1a: Mandibuzz
|move|p2a: Garchomp|Dragon Tail|p1a: Mandibuzz
|-damage|p1a: Mandibuzz|45/100
|-damage|p2a: Garchomp|0 fnt|[from] item: Rocky Helmet|[of] p1a: Mandibuzz
|faint|p2a: Garchomp
|drag|p1a: Latios|Latios, M, shiny, tera:Steel|6/100
|
|upkeep
|
|t:|1743891576
|switch|p2a: Darkrai|Darkrai, tera:Dark|77/100
|turn|23
|
|t:|1743891585
|switch|p1a: Sinistcha|Sinistcha, shiny|100/100
|move|p2a: Darkrai|Dark Pulse|p1a: Sinistcha
|-supereffective|p1a: Sinistcha
|-damage|p1a: Sinistcha|0 fnt
|faint|p1a: Sinistcha
|
|upkeep
|
|t:|1743891592
|switch|p1a: Mandibuzz|Mandibuzz, F|45/100
|turn|24
|
|t:|1743891597
|move|p2a: Darkrai|Dark Pulse|p1a: Mandibuzz
|-resisted|p1a: Mandibuzz
|-damage|p1a: Mandibuzz|8/100
|move|p1a: Mandibuzz|Roost|p1a: Mandibuzz
|-heal|p1a: Mandibuzz|58/100
|-singleturn|p1a: Mandibuzz|move: Roost
|
|upkeep
|turn|25
|
|t:|1743891605
|move|p2a: Darkrai|Dark Pulse|p1a: Mandibuzz
|-resisted|p1a: Mandibuzz
|-damage|p1a: Mandibuzz|21/100
|move|p1a: Mandibuzz|Roost|p1a: Mandibuzz
|-heal|p1a: Mandibuzz|71/100
|-singleturn|p1a: Mandibuzz|move: Roost
|
|upkeep
|turn|26
|
|t:|1743891612
|switch|p2a: Corviknight|Corviknight, M|55/100
|-ability|p2a: Corviknight|Pressure
|move|p1a: Mandibuzz|Roost|p1a: Mandibuzz
|-heal|p1a: Mandibuzz|100/100
|-singleturn|p1a: Mandibuzz|move: Roost
|
|upkeep
|turn|27
|
|t:|1743891621
|move|p1a: Mandibuzz|Toxic|p2a: Corviknight
|-immune|p2a: Corviknight
|move|p2a: Corviknight|U-turn|p1a: Mandibuzz
|-damage|p1a: Mandibuzz|92/100
|-damage|p2a: Corviknight|38/100|[from] item: Rocky Helmet|[of] p1a: Mandibuzz
|
|t:|1743891624
|switch|p2a: Darkrai|Darkrai, tera:Dark|77/100|[from] U-turn
|
|upkeep
|turn|28
|
|t:|1743891632
|move|p2a: Darkrai|Trick|p1a: Mandibuzz
|-activate|p2a: Darkrai|move: Trick|[of] p1a: Mandibuzz
|-item|p1a: Mandibuzz|Choice Specs|[from] move: Trick
|-item|p2a: Darkrai|Rocky Helmet|[from] move: Trick
|move|p1a: Mandibuzz|Toxic|p2a: Darkrai
|-status|p2a: Darkrai|tox
|
|-damage|p2a: Darkrai|71/100 tox|[from] psn
|upkeep
|turn|29
|
|t:|1743891639
|switch|p2a: Corviknight|Corviknight, M|38/100
|-ability|p2a: Corviknight|Pressure
|move|p1a: Mandibuzz|Toxic|p2a: Corviknight
|-immune|p2a: Corviknight
|
|upkeep
|turn|30
|
|t:|1743891649
|move|p1a: Mandibuzz|Toxic|p2a: Corviknight
|-immune|p2a: Corviknight
|move|p2a: Corviknight|Roost|p2a: Corviknight
|-heal|p2a: Corviknight|88/100
|-singleturn|p2a: Corviknight|move: Roost
|
|upkeep
|turn|31
|
|t:|1743891655
|move|p1a: Mandibuzz|Toxic|p2a: Corviknight
|-immune|p2a: Corviknight
|move|p2a: Corviknight|Brave Bird|p1a: Mandibuzz
|-damage|p1a: Mandibuzz|73/100
|-damage|p2a: Corviknight|81/100|[from] Recoil
|
|upkeep
|turn|32
|c|☆Coldwiii|dang gg
|c|☆champ bogar|gg
|-message|Coldwiii forfeited.
|
|win|champ bogar
|raw|Coldwiii's rating: 1496 &rarr; <strong>1480</strong><br />(-16 for losing)
|raw|champ bogar's rating: 1558 &rarr; <strong>1574</strong><br />(+16 for winning)
|l|☆Coldwiii
|player|p1|
|l|☆champ bogar
|player|p2|
