|j|☆soldejtb
|j|☆stallkiller393
|t:|1743812264
|gametype|singles
|player|p1|soldejtb|fantina|1201
|player|p2|stallkiller393|rocketgrunt|1141
|teamsize|p1|6
|teamsize|p2|6
|gen|9
|tier|[Gen 9] OU
|rated|
|rule|HP Percentage Mod: HP is shown in percentages
|rule|Endless Battle Clause: Forcing endless battles is banned
|rule|Species Clause: Limit one of each Pokémon
|rule|OHKO Clause: OHKO moves are banned
|rule|Evasion Items Clause: Evasion items are banned
|rule|Evasion Moves Clause: Evasion moves are banned
|rule|Sleep Moves Clause: Sleep-inducing moves are banned
|clearpoke
|poke|p1|Iron Valiant|
|poke|p1|Toxapex, F|
|poke|p1|Gholdengo|
|poke|p1|Excadrill, F|
|poke|p1|Dragapult, F|
|poke|p1|Enamorus, F|
|poke|p2|Rampardos, F|
|poke|p2|Kommo-o, F|
|poke|p2|Sawsbuck, M|
|poke|p2|Torkoal, F|
|poke|p2|Scream Tail|
|poke|p2|Pecharunt|
|teampreview
|
|t:|1743812273
|start
|switch|p1a: Gholdengo|Gholdengo|100/100
|switch|p2a: Torkoal|Torkoal, F|100/100
|-weather|SunnyDay|[from] ability: Drought|[of] p2a: Torkoal
|turn|1
|inactive|Battle timer is ON: inactive players will automatically lose when time's up. (requested by stallkiller393)
|
|t:|1743812286
|switch|p1a: Dragapult|Dragapult, F|100/100
|move|p2a: Torkoal|Lava Plume|p1a: Dragapult
|-resisted|p1a: Dragapult
|-damage|p1a: Dragapult|70/100
|-status|p1a: Dragapult|brn
|
|-weather|SunnyDay|[upkeep]
|-damage|p1a: Dragapult|64/100 brn|[from] brn
|upkeep
|turn|2
|
|t:|1743812294
|move|p1a: Dragapult|Surf|p2a: Torkoal
|-supereffective|p2a: Torkoal
|-damage|p2a: Torkoal|53/100
|move|p2a: Torkoal|Stealth Rock|p1a: Dragapult
|-sidestart|p1: soldejtb|move: Stealth Rock
|
|-weather|SunnyDay|[upkeep]
|-damage|p1a: Dragapult|58/100 brn|[from] brn
|upkeep
|turn|3
|
|t:|1743812307
|switch|p2a: Sawsbuck|Sawsbuck, M|100/100
|move|p1a: Dragapult|Surf|p2a: Sawsbuck
|-resisted|p2a: Sawsbuck
|-damage|p2a: Sawsbuck|88/100
|
|-weather|SunnyDay|[upkeep]
|-damage|p1a: Dragapult|52/100 brn|[from] brn
|upkeep
|turn|4
|
|t:|1743812318
|switch|p1a: Iron Valiant|Iron Valiant, shiny|100/100
|-damage|p1a: Iron Valiant|94/100|[from] Stealth Rock
|-enditem|p1a: Iron Valiant|Booster Energy
|-activate|p1a: Iron Valiant|ability: Quark Drive|[fromitem]
|-start|p1a: Iron Valiant|quarkdrivespe
|move|p2a: Sawsbuck|Swords Dance|p2a: Sawsbuck
|-boost|p2a: Sawsbuck|atk|2
|
|-weather|SunnyDay|[upkeep]
|upkeep
|turn|5
|
|t:|1743812344
|move|p1a: Iron Valiant|Close Combat|p2a: Sawsbuck
|-supereffective|p2a: Sawsbuck
|-damage|p2a: Sawsbuck|0 fnt
|-unboost|p1a: Iron Valiant|def|1
|-unboost|p1a: Iron Valiant|spd|1
|faint|p2a: Sawsbuck
|
|-weather|none
|upkeep
|inactive|stallkiller393 has 120 seconds left.
|
|t:|1743812360
|switch|p2a: Pecharunt|Pecharunt|100/100
|-item|p2a: Pecharunt|Air Balloon
|turn|6
|
|t:|1743812366
|-terastallize|p1a: Iron Valiant|Steel
|move|p1a: Iron Valiant|Knock Off|p2a: Pecharunt
|-supereffective|p2a: Pecharunt
|-damage|p2a: Pecharunt|49/100
|-enditem|p2a: Pecharunt|Air Balloon
|move|p2a: Pecharunt|Nasty Plot|p2a: Pecharunt
|-boost|p2a: Pecharunt|spa|2
|
|upkeep
|turn|7
|
|t:|1743812376
|-terastallize|p2a: Pecharunt|Fighting
|move|p1a: Iron Valiant|Knock Off|p2a: Pecharunt
|-resisted|p2a: Pecharunt
|-damage|p2a: Pecharunt|41/100
|move|p2a: Pecharunt|Tera Blast|p1a: Iron Valiant|[anim] Tera Blast Fighting
|-supereffective|p1a: Iron Valiant
|-crit|p1a: Iron Valiant
|-damage|p1a: Iron Valiant|0 fnt
|faint|p1a: Iron Valiant
|-end|p1a: Iron Valiant|Quark Drive|[silent]
|
|upkeep
|
|t:|1743812389
|switch|p1a: Dragapult|Dragapult, F|52/100 brn
|-damage|p1a: Dragapult|40/100 brn|[from] Stealth Rock
|turn|8
|
|t:|1743812397
|switch|p2a: Torkoal|Torkoal, F|53/100
|-weather|SunnyDay|[from] ability: Drought|[of] p2a: Torkoal
|move|p1a: Dragapult|Draco Meteor|p2a: Torkoal
|-damage|p2a: Torkoal|0 fnt
|-unboost|p1a: Dragapult|spa|2
|faint|p2a: Torkoal
|
|-weather|SunnyDay|[upkeep]
|-damage|p1a: Dragapult|34/100 brn|[from] brn
|upkeep
|
|t:|1743812400
|switch|p2a: Scream Tail|Scream Tail|100/100
|-activate|p2a: Scream Tail|ability: Protosynthesis
|-start|p2a: Scream Tail|protosynthesisspe
|turn|9
|
|t:|1743812406
|switch|p1a: Excadrill|Excadrill, F|100/100
|-damage|p1a: Excadrill|98/100|[from] Stealth Rock
|-ability|p1a: Excadrill|Mold Breaker
|move|p2a: Scream Tail|Psychic Noise|p1a: Excadrill
|-resisted|p1a: Excadrill
|-damage|p1a: Excadrill|85/100
|-start|p1a: Excadrill|move: Heal Block
|-enditem|p2a: Scream Tail|Throat Spray
|-boost|p2a: Scream Tail|spa|1|[from] item: Throat Spray
|
|-weather|SunnyDay|[upkeep]
|upkeep
|turn|10
|
|t:|1743812412
|move|p2a: Scream Tail|Flamethrower|p1a: Excadrill
|-supereffective|p1a: Excadrill
|-damage|p1a: Excadrill|0 fnt
|faint|p1a: Excadrill
|
|-weather|SunnyDay|[upkeep]
|upkeep
|
|t:|1743812417
|switch|p1a: Gholdengo|Gholdengo|100/100
|-damage|p1a: Gholdengo|94/100|[from] Stealth Rock
|turn|11
|
|t:|1743812424
|move|p1a: Gholdengo|Flash Cannon|p2a: Scream Tail
|-supereffective|p2a: Scream Tail
|-damage|p2a: Scream Tail|34/100
|move|p2a: Scream Tail|Flamethrower|p1a: Gholdengo
|-supereffective|p1a: Gholdengo
|-damage|p1a: Gholdengo|0 fnt
|faint|p1a: Gholdengo
|
|-weather|SunnyDay|[upkeep]
|upkeep
|
|t:|1743812436
|switch|p1a: Dragapult|Dragapult, F|34/100 brn
|-damage|p1a: Dragapult|22/100 brn|[from] Stealth Rock
|turn|12
|
|t:|1743812451
|move|p2a: Scream Tail|Dazzling Gleam|p1a: Dragapult
|-supereffective|p1a: Dragapult
|-damage|p1a: Dragapult|0 fnt
|faint|p1a: Dragapult
|
|-weather|none
|-end|p2a: Scream Tail|Protosynthesis
|upkeep
|-message|soldejtb forfeited.
|
|win|stallkiller393
|raw|soldejtb's rating: 1201 &rarr; <strong>1172</strong><br />(-29 for losing)
|raw|stallkiller393's rating: 1141 &rarr; <strong>1170</strong><br />(+29 for winning)
|l|☆soldejtb
|player|p1|
|l|☆stallkiller393
|player|p2|
