|j|☆DEATH5_5HADOW
|j|☆lj28*
|t:|1743904676
|gametype|singles
|player|p1|DEATH5_5HADOW|hiker-gen4|1185
|player|p2|lj28*|dawn|1156
|teamsize|p1|6
|teamsize|p2|6
|gen|9
|tier|[Gen 9] OU
|rated|
|rule|HP Percentage Mod: HP is shown in percentages
|rule|Endless Battle Clause: Forcing endless battles is banned
|rule|Species Clause: Limit one of each Pokémon
|rule|OHKO Clause: OHKO moves are banned
|rule|Evasion Items Clause: Evasion items are banned
|rule|Evasion Moves Clause: Evasion moves are banned
|rule|Sleep Moves Clause: Sleep-inducing moves are banned
|clearpoke
|poke|p1|Skeledirge, F|
|poke|p1|Clodsire, F|
|poke|p1|Tinkaton, F|
|poke|p1|Dragonite, F|
|poke|p1|Araquanid, M|
|poke|p1|Walking Wake|
|poke|p2|Landorus-Therian, M|
|poke|p2|Cinderace, M|
|poke|p2|Darkrai|
|poke|p2|Raging Bolt|
|poke|p2|Glimmora, F|
|poke|p2|Tinkaton, F|
|teampreview
|inactive|Battle timer is ON: inactive players will automatically lose when time's up. (requested by lj28*)
|
|t:|1743904694
|start
|switch|p1a: Walking Wake|Walking Wake|100/100
|switch|p2a: Glimmora|Glimmora, F, shiny|100/100
|turn|1
|
|t:|1743904700
|-terastallize|p2a: Glimmora|Grass
|move|p1a: Walking Wake|Hydro Steam|p2a: Glimmora
|-resisted|p2a: Glimmora
|-damage|p2a: Glimmora|59/100
|move|p2a: Glimmora|Meteor Beam||[still]
|-prepare|p2a: Glimmora|Meteor Beam
|-boost|p2a: Glimmora|spa|1
|-enditem|p2a: Glimmora|Power Herb
|-anim|p2a: Glimmora|Meteor Beam|p1a: Walking Wake
|-damage|p1a: Walking Wake|0 fnt
|faint|p1a: Walking Wake
|-end|p1a: Walking Wake|Protosynthesis|[silent]
|
|upkeep
|
|t:|1743904714
|switch|p1a: Queen|Skeledirge, F|100/100
|turn|2
|
|t:|1743904717
|move|p2a: Glimmora|Spikes|p1a: Queen
|-sidestart|p1: DEATH5_5HADOW|Spikes
|move|p1a: Queen|Torch Song|p2a: Glimmora
|-supereffective|p2a: Glimmora
|-damage|p2a: Glimmora|0 fnt
|-boost|p1a: Queen|spa|1
|faint|p2a: Glimmora
|
|upkeep
|
|t:|1743904722
|switch|p2a: Landorus|Landorus-Therian, M, shiny|100/100
|-ability|p2a: Landorus|Intimidate|boost
|-unboost|p1a: Queen|atk|1
|turn|3
|
|t:|1743904729
|move|p2a: Landorus|Stone Edge|p1a: Queen|[miss]
|-miss|p2a: Landorus|p1a: Queen
|move|p1a: Queen|Will-O-Wisp|p2a: Landorus
|-status|p2a: Landorus|brn
|
|-damage|p2a: Landorus|94/100 brn|[from] brn
|upkeep
|turn|4
|
|t:|1743904740
|move|p2a: Landorus|Stone Edge|p1a: Queen
|-supereffective|p1a: Queen
|-damage|p1a: Queen|77/100
|move|p1a: Queen|Hex|p2a: Landorus
|-damage|p2a: Landorus|4/100 brn
|
|-damage|p2a: Landorus|0 fnt|[from] brn
|faint|p2a: Landorus
|upkeep
|
|t:|1743904747
|switch|p2a: Darkrai|Darkrai, shiny|100/100
|turn|5
|
|t:|1743904758
|switch|p1a: Araquanid|Araquanid, M|100/100
|-damage|p1a: Araquanid|88/100|[from] Spikes
|move|p2a: Darkrai|Dark Pulse|p1a: Araquanid
|-damage|p1a: Araquanid|45/100
|-damage|p2a: Darkrai|91/100|[from] item: Life Orb
|
|upkeep
|turn|6
|
|t:|1743904766
|move|p2a: Darkrai|Dark Pulse|p1a: Araquanid
|-damage|p1a: Araquanid|0 fnt
|faint|p1a: Araquanid
|-damage|p2a: Darkrai|81/100|[from] item: Life Orb
|
|upkeep
|
|t:|1743904772
|switch|p1a: Clodsire|Clodsire, F|100/100
|turn|7
|
|t:|1743904776
|switch|p2a: Tinkaton|Tinkaton, F, shiny|100/100
|-item|p2a: Tinkaton|Air Balloon
|move|p1a: Clodsire|Toxic|p2a: Tinkaton
|-immune|p2a: Tinkaton
|
|upkeep
|turn|8
|
|t:|1743904783
|switch|p1a: Queen|Skeledirge, F|77/100
|move|p2a: Tinkaton|Encore||[still]
|-fail|p2a: Tinkaton
|
|upkeep
|turn|9
|
|t:|1743904791
|move|p2a: Tinkaton|Thunder Wave|p1a: Queen
|-status|p1a: Queen|par
|cant|p1a: Queen|par
|
|upkeep
|turn|10
|
|t:|1743904801
|switch|p2a: Cinderace|Cinderace, M, shiny|100/100
|cant|p1a: Queen|par
|
|upkeep
|turn|11
|
|t:|1743904807
|move|p2a: Cinderace|Sucker Punch|p1a: Queen
|-start|p2a: Cinderace|typechange|Dark|[from] ability: Libero
|-supereffective|p1a: Queen
|-damage|p1a: Queen|29/100 par
|move|p1a: Queen|Torch Song|p2a: Cinderace
|-damage|p2a: Cinderace|60/100
|-boost|p1a: Queen|spa|1
|
|upkeep
|turn|12
|
|t:|1743904817
|switch|p1a: MC Hammer|Tinkaton, F|100/100
|-item|p1a: MC Hammer|Air Balloon
|move|p2a: Cinderace|Sucker Punch||[still]
|-fail|p2a: Cinderace
|
|upkeep
|turn|13
|
|t:|1743904823
|move|p2a: Cinderace|U-turn|p1a: MC Hammer
|-resisted|p1a: MC Hammer
|-damage|p1a: MC Hammer|94/100
|-enditem|p1a: MC Hammer|Air Balloon
|-enditem|p2a: Cinderace|Expert Belt|[silent]|[from] ability: Pickpocket|[of] p2a: Cinderace
|-item|p1a: MC Hammer|Expert Belt|[from] ability: Pickpocket|[of] p2a: Cinderace
|
|t:|1743904829
|switch|p2a: Tinkaton|Tinkaton, F, shiny|100/100|[from] U-turn
|-item|p2a: Tinkaton|Air Balloon
|move|p1a: MC Hammer|Thunder Wave|p2a: Tinkaton|[miss]
|-miss|p1a: MC Hammer|p2a: Tinkaton
|
|upkeep
|turn|14
|
|t:|1743904837
|move|p1a: MC Hammer|Gigaton Hammer|p2a: Tinkaton
|-crit|p2a: Tinkaton
|-damage|p2a: Tinkaton|28/100
|-enditem|p2a: Tinkaton|Air Balloon
|move|p2a: Tinkaton|Encore|p1a: MC Hammer
|-start|p1a: MC Hammer|Encore
|
|upkeep
|turn|15
|
|t:|1743904846
|switch|p1a: Clodsire|Clodsire, F|100/100
|move|p2a: Tinkaton|Thunder Wave|p1a: Clodsire
|-immune|p1a: Clodsire
|
|upkeep
|turn|16
|
|t:|1743904853
|move|p2a: Tinkaton|Gigaton Hammer|p1a: Clodsire
|-damage|p1a: Clodsire|29/100
|move|p1a: Clodsire|Earthquake|p2a: Tinkaton
|-supereffective|p2a: Tinkaton
|-damage|p2a: Tinkaton|0 fnt
|faint|p2a: Tinkaton
|
|upkeep
|
|t:|1743904859
|switch|p2a: Cinderace|Cinderace, M, shiny|60/100
|turn|17
|
|t:|1743904864
|move|p2a: Cinderace|Pyro Ball|p1a: Clodsire
|-damage|p1a: Clodsire|0 fnt
|faint|p1a: Clodsire
|
|upkeep
|
|t:|1743904869
|switch|p1a: Eliott|Dragonite, F, shiny|100/100
|turn|18
|
|t:|1743904872
|move|p2a: Cinderace|U-turn|p1a: Eliott
|-start|p2a: Cinderace|typechange|Bug|[from] ability: Libero
|-resisted|p1a: Eliott
|-damage|p1a: Eliott|92/100
|
|t:|1743904876
|switch|p2a: Darkrai|Darkrai, shiny|81/100|[from] U-turn
|move|p1a: Eliott|Dragon Dance|p1a: Eliott
|-boost|p1a: Eliott|atk|1
|-boost|p1a: Eliott|spe|1
|
|upkeep
|turn|19
|
|t:|1743904884
|-terastallize|p1a: Eliott|Normal
|move|p1a: Eliott|Extreme Speed|p2a: Darkrai
|-damage|p2a: Darkrai|0 fnt
|faint|p2a: Darkrai
|
|upkeep
|
|t:|1743904886
|switch|p2a: Raging Bolt|Raging Bolt|100/100
|turn|20
|
|t:|1743904894
|move|p2a: Raging Bolt|Thunderclap|p1a: Eliott
|-damage|p1a: Eliott|43/100
|move|p1a: Eliott|Earthquake|p2a: Raging Bolt
|-supereffective|p2a: Raging Bolt
|-damage|p2a: Raging Bolt|7/100
|
|-heal|p2a: Raging Bolt|13/100|[from] item: Leftovers
|upkeep
|turn|21
|
|t:|1743904902
|move|p2a: Raging Bolt|Thunderclap||[still]
|-fail|p2a: Raging Bolt
|move|p1a: Eliott|Dragon Dance|p1a: Eliott
|-boost|p1a: Eliott|atk|1
|-boost|p1a: Eliott|spe|1
|
|-heal|p2a: Raging Bolt|19/100|[from] item: Leftovers
|upkeep
|turn|22
|
|t:|1743904911
|move|p1a: Eliott|Extreme Speed|p2a: Raging Bolt
|-damage|p2a: Raging Bolt|0 fnt
|faint|p2a: Raging Bolt
|-end|p2a: Raging Bolt|Protosynthesis|[silent]
|
|upkeep
|
|t:|1743904913
|switch|p2a: Cinderace|Cinderace, M, shiny|60/100
|turn|23
|
|t:|1743904918
|move|p1a: Eliott|Extreme Speed|p2a: Cinderace
|-damage|p2a: Cinderace|0 fnt
|faint|p2a: Cinderace
|
|win|DEATH5_5HADOW
|raw|DEATH5_5HADOW's rating: 1185 &rarr; <strong>1208</strong><br />(+23 for winning)
|raw|lj28*'s rating: 1156 &rarr; <strong>1133</strong><br />(-23 for losing)
|l|☆lj28*
|player|p2|
