|j|‽Uvah
|j|☆Aldan.EX
|t:|1743801604
|gametype|singles
|player|p1|Uvah|clown|1207
|player|p2|Aldan.EX|camper|1294
|teamsize|p1|6
|teamsize|p2|6
|gen|9
|tier|[Gen 9] OU
|rated|
|rule|HP Percentage Mod: HP is shown in percentages
|rule|Endless Battle Clause: Forcing endless battles is banned
|rule|Species Clause: Limit one of each Pokémon
|rule|OHKO Clause: OHKO moves are banned
|rule|Evasion Items Clause: Evasion items are banned
|rule|Evasion Moves Clause: Evasion moves are banned
|rule|Sleep Moves Clause: Sleep-inducing moves are banned
|clearpoke
|poke|p1|Corviknight, F|
|poke|p1|Torkoal, F|
|poke|p1|Scizor, M|
|poke|p1|Raging Bolt|
|poke|p1|Pachirisu, M|
|poke|p1|Typhlosion, F|
|poke|p2|Cetitan, F|
|poke|p2|Beartic, M|
|poke|p2|Ninetales-Alola, F|
|poke|p2|Garchomp, M|
|poke|p2|Weezing-Galar, M|
|poke|p2|Iron Valiant|
|teampreview
|inactive|Battle timer is ON: inactive players will automatically lose when time's up. (requested by Uvah)
|
|t:|1743801610
|start
|switch|p1a: Scizor|Scizor, M|100/100
|switch|p2a: Garchomp|Garchomp, M|100/100
|turn|1
|
|t:|1743801618
|switch|p1a: Corviknight|Corviknight, F|100/100
|move|p2a: Garchomp|Stealth Rock|p1a: Corviknight
|-sidestart|p1: Uvah|move: Stealth Rock
|
|upkeep
|turn|2
|
|t:|1743801624
|switch|p2a: Weezing|Weezing-Galar, M|100/100
|-ability|p2a: Weezing|Neutralizing Gas
|-item|p2a: Weezing|Air Balloon
|move|p1a: Corviknight|Defog|p2a: Weezing
|-unboost|p2a: Weezing|evasion|1
|-sideend|p1: Uvah|Stealth Rock|[from] move: Defog|[of] p1a: Corviknight
|
|upkeep
|turn|3
|
|t:|1743801632
|move|p1a: Corviknight|Brave Bird|p2a: Weezing
|-damage|p2a: Weezing|73/100
|-enditem|p2a: Weezing|Air Balloon
|-damage|p1a: Corviknight|93/100|[from] Recoil
|move|p2a: Weezing|Will-O-Wisp|p1a: Corviknight
|-status|p1a: Corviknight|brn
|
|-heal|p1a: Corviknight|99/100 brn|[from] item: Leftovers
|-damage|p1a: Corviknight|93/100 brn|[from] brn
|upkeep
|turn|4
|
|t:|1743801643
|switch|p1a: Torkoal|Torkoal, F|100/100
|move|p2a: Weezing|Fire Blast|p1a: Torkoal
|-resisted|p1a: Torkoal
|-damage|p1a: Torkoal|81/100
|
|upkeep
|turn|5
|
|t:|1743801649
|move|p2a: Weezing|Strange Steam|p1a: Torkoal
|-resisted|p1a: Torkoal
|-damage|p1a: Torkoal|59/100
|move|p1a: Torkoal|Stealth Rock|p2a: Weezing
|-sidestart|p2: Aldan.EX|move: Stealth Rock
|
|upkeep
|turn|6
|
|t:|1743801653
|move|p2a: Weezing|Strange Steam|p1a: Torkoal
|-resisted|p1a: Torkoal
|-damage|p1a: Torkoal|36/100
|move|p1a: Torkoal|Earthquake|p2a: Weezing
|-supereffective|p2a: Weezing
|-damage|p2a: Weezing|42/100
|
|upkeep
|turn|7
|
|t:|1743801660
|-end|p2a: Weezing|ability: Neutralizing Gas
|-weather|SunnyDay|[from] ability: Drought|[of] p1a: Torkoal
|switch|p2a: Ninetales|Ninetales-Alola, F|100/100
|-damage|p2a: Ninetales|76/100|[from] Stealth Rock
|-weather|Snowscape|[from] ability: Snow Warning|[of] p2a: Ninetales
|switch|p1a: Pachirisu|Pachirisu, M|100/100
|
|-weather|Snowscape|[upkeep]
|upkeep
|turn|8
|
|t:|1743801669
|switch|p1a: Torkoal|Torkoal, F|36/100
|-weather|SunnyDay|[from] ability: Drought|[of] p1a: Torkoal
|move|p2a: Ninetales|Aurora Veil||[still]
|-fail|p2a: Ninetales
|
|-weather|SunnyDay|[upkeep]
|upkeep
|turn|9
|
|t:|1743801684
|switch|p2a: Garchomp|Garchomp, M|100/100
|-damage|p2a: Garchomp|94/100|[from] Stealth Rock
|switch|p1a: Typhlosion|Typhlosion, F|100/100
|
|-weather|SunnyDay|[upkeep]
|upkeep
|turn|10
|
|t:|1743801694
|switch|p1a: Corviknight|Corviknight, F|93/100 brn
|move|p2a: Garchomp|Earthquake|p1a: Corviknight
|-immune|p1a: Corviknight
|
|-weather|SunnyDay|[upkeep]
|-heal|p1a: Corviknight|99/100 brn|[from] item: Leftovers
|-damage|p1a: Corviknight|93/100 brn|[from] brn
|upkeep
|turn|11
|
|t:|1743801707
|switch|p1a: Pachirisu|Pachirisu, M|100/100
|move|p2a: Garchomp|Stealth Rock|p1a: Pachirisu
|-sidestart|p1: Uvah|move: Stealth Rock
|
|-weather|SunnyDay|[upkeep]
|upkeep
|turn|12
|
|t:|1743801711
|move|p1a: Pachirisu|Encore|p2a: Garchomp
|-start|p2a: Garchomp|Encore
|move|p2a: Garchomp|Stealth Rock||[still]
|-fail|p2a: Garchomp
|
|-weather|none
|upkeep
|turn|13
|
|t:|1743801718
|switch|p2a: Weezing|Weezing-Galar, M|42/100
|-ability|p2a: Weezing|Neutralizing Gas
|-damage|p2a: Weezing|29/100|[from] Stealth Rock
|move|p1a: Pachirisu|Super Fang|p2a: Weezing
|-damage|p2a: Weezing|15/100
|
|upkeep
|turn|14
|
|t:|1743801729
|move|p1a: Pachirisu|Nuzzle|p2a: Weezing
|-damage|p2a: Weezing|12/100
|-status|p2a: Weezing|par
|move|p2a: Weezing|Will-O-Wisp|p1a: Pachirisu
|-status|p1a: Pachirisu|brn
|
|-damage|p1a: Pachirisu|94/100 brn|[from] brn
|upkeep
|turn|15
|
|t:|1743801738
|move|p1a: Pachirisu|Super Fang|p2a: Weezing
|-damage|p2a: Weezing|6/100 par
|move|p2a: Weezing|Strange Steam|p1a: Pachirisu
|-damage|p1a: Pachirisu|58/100 brn
|
|-damage|p1a: Pachirisu|52/100 brn|[from] brn
|upkeep
|turn|16
|
|t:|1743801746
|move|p1a: Pachirisu|U-turn|p2a: Weezing
|-resisted|p2a: Weezing
|-damage|p2a: Weezing|6/100 par
|
|t:|1743801750
|switch|p1a: Torkoal|Torkoal, F|36/100|[from] U-turn
|move|p2a: Weezing|Defog|p1a: Torkoal
|-unboost|p1a: Torkoal|evasion|1
|-sideend|p1: Uvah|Stealth Rock|[from] move: Defog|[of] p2a: Weezing
|-sideend|p2: Aldan.EX|Stealth Rock|[from] move: Defog|[of] p2a: Weezing
|
|upkeep
|turn|17
|
|t:|1743801760
|cant|p2a: Weezing|par
|move|p1a: Torkoal|Stealth Rock|p2a: Weezing
|-sidestart|p2: Aldan.EX|move: Stealth Rock
|
|upkeep
|turn|18
|
|t:|1743801768
|switch|p1a: Corviknight|Corviknight, F|93/100 brn
|cant|p2a: Weezing|par
|
|-heal|p1a: Corviknight|99/100 brn|[from] item: Leftovers
|-damage|p1a: Corviknight|93/100 brn|[from] brn
|upkeep
|turn|19
|
|t:|1743801773
|move|p1a: Corviknight|Brave Bird|p2a: Weezing
|-damage|p2a: Weezing|0 fnt
|faint|p2a: Weezing
|-end|p2a: Weezing|ability: Neutralizing Gas
|-damage|p1a: Corviknight|92/100 brn|[from] Recoil
|
|-heal|p1a: Corviknight|98/100 brn|[from] item: Leftovers
|-damage|p1a: Corviknight|92/100 brn|[from] brn
|upkeep
|
|t:|1743801778
|switch|p2a: Garchomp|Garchomp, M|94/100
|-damage|p2a: Garchomp|88/100|[from] Stealth Rock
|turn|20
|
|t:|1743801797
|switch|p1a: Pachirisu|Pachirisu, M|52/100 brn
|move|p2a: Garchomp|Stealth Rock|p1a: Pachirisu
|-sidestart|p1: Uvah|move: Stealth Rock
|
|-damage|p1a: Pachirisu|46/100 brn|[from] brn
|upkeep
|turn|21
|
|t:|1743801802
|switch|p2a: Ninetales|Ninetales-Alola, F|76/100
|-damage|p2a: Ninetales|51/100|[from] Stealth Rock
|-weather|Snowscape|[from] ability: Snow Warning|[of] p2a: Ninetales
|move|p1a: Pachirisu|Super Fang|p2a: Ninetales
|-damage|p2a: Ninetales|26/100
|
|-weather|Snowscape|[upkeep]
|-damage|p1a: Pachirisu|40/100 brn|[from] brn
|upkeep
|turn|22
|
|t:|1743801812
|switch|p1a: Torkoal|Torkoal, F|36/100
|-weather|SunnyDay|[from] ability: Drought|[of] p1a: Torkoal
|move|p2a: Ninetales|Aurora Veil||[still]
|-fail|p2a: Ninetales
|
|-weather|SunnyDay|[upkeep]
|upkeep
|turn|23
|
|t:|1743801823
|switch|p2a: Garchomp|Garchomp, M|88/100
|-damage|p2a: Garchomp|82/100|[from] Stealth Rock
|move|p1a: Torkoal|Lava Plume|p2a: Garchomp
|-resisted|p2a: Garchomp
|-damage|p2a: Garchomp|66/100
|-status|p2a: Garchomp|brn
|
|-weather|SunnyDay|[upkeep]
|-damage|p2a: Garchomp|60/100 brn|[from] brn
|upkeep
|turn|24
|
|t:|1743801837
|move|p1a: Torkoal|Rapid Spin|p2a: Garchomp
|-damage|p2a: Garchomp|53/100 brn
|-boost|p1a: Torkoal|spe|1
|-damage|p1a: Torkoal|24/100|[from] ability: Rough Skin|[of] p2a: Garchomp
|-damage|p1a: Torkoal|7/100|[from] item: Rocky Helmet|[of] p2a: Garchomp
|-sideend|p1: Uvah|Stealth Rock|[from] move: Rapid Spin|[of] p1a: Torkoal
|move|p2a: Garchomp|Dragon Tail|p1a: Torkoal
|-damage|p1a: Torkoal|0 fnt
|faint|p1a: Torkoal
|
|-weather|SunnyDay|[upkeep]
|-damage|p2a: Garchomp|47/100 brn|[from] brn
|upkeep
|
|t:|1743801852
|switch|p1a: Raging Bolt|Raging Bolt|100/100
|-activate|p1a: Raging Bolt|ability: Protosynthesis
|-start|p1a: Raging Bolt|protosynthesisspa
|turn|25
|
|t:|1743801858
|-terastallize|p2a: Garchomp|Steel
|move|p1a: Raging Bolt|Dragon Pulse|p2a: Garchomp
|-resisted|p2a: Garchomp
|-damage|p2a: Garchomp|16/100 brn
|move|p2a: Garchomp|Stealth Rock|p1a: Raging Bolt
|-sidestart|p1: Uvah|move: Stealth Rock
|
|-weather|SunnyDay|[upkeep]
|-damage|p2a: Garchomp|10/100 brn|[from] brn
|upkeep
|turn|26
|
|t:|1743801868
|move|p1a: Raging Bolt|Thunderbolt|p2a: Garchomp
|-damage|p2a: Garchomp|0 fnt
|faint|p2a: Garchomp
|
|-weather|none
|-end|p1a: Raging Bolt|Protosynthesis
|upkeep
|
|t:|1743801871
|switch|p2a: Ninetales|Ninetales-Alola, F|26/100
|-damage|p2a: Ninetales|1/100|[from] Stealth Rock
|-weather|Snowscape|[from] ability: Snow Warning|[of] p2a: Ninetales
|turn|27
|
|t:|1743801881
|move|p2a: Ninetales|Aurora Veil|p2a: Ninetales
|-sidestart|p2: Aldan.EX|move: Aurora Veil
|move|p1a: Raging Bolt|Thunderbolt|p2a: Ninetales
|-damage|p2a: Ninetales|0 fnt
|faint|p2a: Ninetales
|
|-weather|Snowscape|[upkeep]
|upkeep
|
|t:|1743801891
|switch|p2a: Cetitan|Cetitan, F|100/100
|-damage|p2a: Cetitan|75/100|[from] Stealth Rock
|turn|28
|
|t:|1743801897
|-end|p1a: Raging Bolt|Protosynthesis|[silent]
|switch|p1a: Pachirisu|Pachirisu, M|40/100 brn
|move|p2a: Cetitan|Belly Drum|p2a: Cetitan
|-damage|p2a: Cetitan|25/100
|-setboost|p2a: Cetitan|atk|6|[from] move: Belly Drum
|-enditem|p2a: Cetitan|Sitrus Berry|[eat]
|-heal|p2a: Cetitan|50/100|[from] item: Sitrus Berry
|
|-weather|Snowscape|[upkeep]
|-damage|p1a: Pachirisu|34/100 brn|[from] brn
|upkeep
|turn|29
|
|t:|1743801905
|move|p2a: Cetitan|Ice Shard|p1a: Pachirisu
|-damage|p1a: Pachirisu|0 fnt
|faint|p1a: Pachirisu
|
|-weather|Snowscape|[upkeep]
|upkeep
|
|t:|1743801908
|switch|p1a: Corviknight|Corviknight, F|92/100 brn
|-damage|p1a: Corviknight|80/100 brn|[from] Stealth Rock
|turn|30
|
|t:|1743801917
|move|p2a: Cetitan|Ice Spinner|p1a: Corviknight
|-damage|p1a: Corviknight|0 fnt
|faint|p1a: Corviknight
|
|-weather|Snowscape|[upkeep]
|upkeep
|
|t:|1743801932
|switch|p1a: Typhlosion|Typhlosion, F|100/100
|-damage|p1a: Typhlosion|76/100|[from] Stealth Rock
|turn|31
|
|t:|1743801937
|move|p2a: Cetitan|Ice Shard|p1a: Typhlosion
|-resisted|p1a: Typhlosion
|-damage|p1a: Typhlosion|21/100
|move|p1a: Typhlosion|Fire Blast|p2a: Cetitan
|-supereffective|p2a: Cetitan
|-damage|p2a: Cetitan|0 fnt
|faint|p2a: Cetitan
|
|-weather|none
|upkeep
|
|t:|1743801963
|switch|p2a: Iron Valiant|Iron Valiant|100/100
|-damage|p2a: Iron Valiant|94/100|[from] Stealth Rock
|-enditem|p2a: Iron Valiant|Booster Energy
|-activate|p2a: Iron Valiant|ability: Quark Drive|[fromitem]
|-start|p2a: Iron Valiant|quarkdrivespe
|turn|32
|inactive|Aldan.EX has 120 seconds left.
|
|t:|1743801981
|move|p2a: Iron Valiant|Moonblast|p1a: Typhlosion
|-resisted|p1a: Typhlosion
|-damage|p1a: Typhlosion|0 fnt
|faint|p1a: Typhlosion
|
|upkeep
|
|t:|1743801987
|switch|p1a: Raging Bolt|Raging Bolt|100/100
|-damage|p1a: Raging Bolt|88/100|[from] Stealth Rock
|turn|33
|
|t:|1743801993
|-terastallize|p1a: Raging Bolt|Electric
|move|p2a: Iron Valiant|Moonblast|p1a: Raging Bolt
|-damage|p1a: Raging Bolt|40/100
|-unboost|p1a: Raging Bolt|spa|1
|move|p1a: Raging Bolt|Thunderbolt|p2a: Iron Valiant
|-damage|p2a: Iron Valiant|51/100
|-status|p2a: Iron Valiant|par
|
|-heal|p1a: Raging Bolt|47/100|[from] item: Leftovers
|upkeep
|turn|34
|
|t:|1743802003
|move|p2a: Iron Valiant|Moonblast|p1a: Raging Bolt
|-damage|p1a: Raging Bolt|4/100
|move|p1a: Raging Bolt|Calm Mind|p1a: Raging Bolt
|-boost|p1a: Raging Bolt|spa|1
|-boost|p1a: Raging Bolt|spd|1
|
|-heal|p1a: Raging Bolt|10/100|[from] item: Leftovers
|-sideend|p2: Aldan.EX|move: Aurora Veil
|upkeep
|turn|35
|
|t:|1743802011
|move|p1a: Raging Bolt|Thunderclap|p2a: Iron Valiant
|-damage|p2a: Iron Valiant|0 fnt
|faint|p2a: Iron Valiant
|-end|p2a: Iron Valiant|Quark Drive|[silent]
|
|-heal|p1a: Raging Bolt|16/100|[from] item: Leftovers
|upkeep
|
|t:|1743802013
|switch|p2a: Beartic|Beartic, M|100/100
|turn|36
|
|t:|1743802019
|move|p1a: Raging Bolt|Thunderclap||[still]
|-fail|p1a: Raging Bolt
|move|p2a: Beartic|Swords Dance|p2a: Beartic
|-boost|p2a: Beartic|atk|2
|
|-heal|p1a: Raging Bolt|22/100|[from] item: Leftovers
|upkeep
|turn|37
|
|t:|1743802023
|move|p1a: Raging Bolt|Thunderclap|p2a: Beartic
|-damage|p2a: Beartic|33/100
|move|p2a: Beartic|Liquidation|p1a: Raging Bolt
|-damage|p1a: Raging Bolt|0 fnt
|faint|p1a: Raging Bolt
|-end|p1a: Raging Bolt|Protosynthesis|[silent]
|
|upkeep
|
|t:|1743802027
|switch|p1a: Scizor|Scizor, M|100/100
|-damage|p1a: Scizor|88/100|[from] Stealth Rock
|turn|38
|
|t:|1743802030
|move|p1a: Scizor|Bullet Punch|p2a: Beartic
|-supereffective|p2a: Beartic
|-damage|p2a: Beartic|0 fnt
|faint|p2a: Beartic
|-damage|p1a: Scizor|78/100|[from] item: Life Orb
|
|win|Uvah
|raw|Uvah's rating: 1207 &rarr; <strong>1238</strong><br />(+31 for winning)
|raw|Aldan.EX's rating: 1294 &rarr; <strong>1263</strong><br />(-31 for losing)
|l|☆Aldan.EX
|player|p2|
|l|‽Uvah
|player|p1|
