|j|☆yitiio
|j|☆emi-wa
|t:|1743912018
|gametype|singles
|player|p1|yitiio|169|1108
|player|p2|emi-wa|cynthia-masters3|1072
|teamsize|p1|6
|teamsize|p2|6
|gen|9
|tier|[Gen 9] OU
|rated|
|rule|HP Percentage Mod: HP is shown in percentages
|rule|Endless Battle Clause: Forcing endless battles is banned
|rule|Species Clause: Limit one of each Pokémon
|rule|OHKO Clause: OHKO moves are banned
|rule|Evasion Items Clause: Evasion items are banned
|rule|Evasion Moves Clause: Evasion moves are banned
|rule|Sleep Moves Clause: Sleep-inducing moves are banned
|clearpoke
|poke|p1|Great Tusk|
|poke|p1|Raging Bolt|
|poke|p1|Ninetales, M|
|poke|p1|Slither Wing|
|poke|p1|Walking Wake|
|poke|p1|Kingambit, F|
|poke|p2|Quagsire, M|
|poke|p2|Meowscarada, F|
|poke|p2|Galvantula, M|
|poke|p2|Slowbro-Galar, M|
|poke|p2|Jirachi|
|poke|p2|Great Tusk|
|teampreview
|inactive|Battle timer is ON: inactive players will automatically lose when time's up. (requested by yitiio)
|
|t:|1743912038
|start
|switch|p1a: Ninetales|Ninetales, M|100/100
|switch|p2a: お薦|Slowbro-Galar, M|100/100
|-weather|SunnyDay|[from] ability: Drought|[of] p1a: Ninetales
|turn|1
|
|t:|1743912055
|-terastallize|p2a: お薦|Ground
|move|p1a: Ninetales|Nasty Plot|p1a: Ninetales
|-boost|p1a: Ninetales|spa|2
|move|p2a: お薦|Tera Blast|p1a: Ninetales|[anim] Tera Blast Ground
|-supereffective|p1a: Ninetales
|-damage|p1a: Ninetales|16/100
|
|-weather|SunnyDay|[upkeep]
|upkeep
|turn|2
|-activate|p2a: お薦|ability: Quick Draw
|
|t:|1743912067
|-terastallize|p1a: Ninetales|Fire
|move|p2a: お薦|Tera Blast|p1a: Ninetales|[anim] Tera Blast Ground
|-supereffective|p1a: Ninetales
|-damage|p1a: Ninetales|0 fnt
|faint|p1a: Ninetales
|
|-weather|SunnyDay|[upkeep]
|upkeep
|
|t:|1743912078
|switch|p1a: Kingambit|Kingambit, F|100/100
|turn|3
|
|t:|1743912089
|switch|p1a: Great Tusk|Great Tusk|100/100
|-activate|p1a: Great Tusk|ability: Protosynthesis
|-start|p1a: Great Tusk|protosynthesisdef
|move|p2a: お薦|Tera Blast|p1a: Great Tusk|[anim] Tera Blast Ground
|-damage|p1a: Great Tusk|53/100
|
|-weather|SunnyDay|[upkeep]
|-heal|p1a: Great Tusk|59/100|[from] item: Leftovers
|upkeep
|turn|4
|-activate|p2a: お薦|ability: Quick Draw
|
|t:|1743912101
|-end|p1a: Great Tusk|Protosynthesis|[silent]
|switch|p1a: Walking Wake|Walking Wake|100/100
|-activate|p1a: Walking Wake|ability: Protosynthesis
|-start|p1a: Walking Wake|protosynthesisspe
|move|p2a: お薦|Ice Beam|p1a: Walking Wake
|-damage|p1a: Walking Wake|73/100
|
|-weather|SunnyDay|[upkeep]
|upkeep
|turn|5
|
|t:|1743912119
|switch|p2a: 運命|Jirachi|100/100
|move|p1a: Walking Wake|Hydro Steam|p2a: 運命
|-damage|p2a: 運命|34/100
|
|-weather|SunnyDay|[upkeep]
|-heal|p2a: 運命|40/100|[from] item: Leftovers
|upkeep
|turn|6
|
|t:|1743912127
|move|p1a: Walking Wake|Hydro Steam|p2a: 運命
|-damage|p2a: 運命|0 fnt
|faint|p2a: 運命
|
|-weather|SunnyDay|[upkeep]
|upkeep
|
|t:|1743912140
|switch|p2a: リヴァイアサン|Galvantula, M, shiny|100/100
|turn|7
|inactive|emi-wa has 120 seconds left.
|
|t:|1743912167
|move|p1a: Walking Wake|Hydro Steam|p2a: リヴァイアサン
|-damage|p2a: リヴァイアサン|0 fnt
|faint|p2a: リヴァイアサン
|
|-weather|SunnyDay|[upkeep]
|upkeep
|inactive|emi-wa has 120 seconds left.
|
|t:|1743912172
|switch|p2a: すみれの花|Meowscarada, F|100/100
|turn|8
|
|t:|1743912180
|-end|p1a: Walking Wake|Protosynthesis|[silent]
|switch|p1a: Kingambit|Kingambit, F|100/100
|move|p2a: すみれの花|Flower Trick|p1a: Kingambit
|-start|p2a: すみれの花|typechange|Grass|[from] ability: Protean
|-resisted|p1a: Kingambit
|-crit|p1a: Kingambit
|-damage|p1a: Kingambit|83/100
|
|-weather|none
|upkeep
|turn|9
|
|t:|1743912197
|switch|p2a: ヒットラー|Great Tusk|100/100
|switch|p1a: Walking Wake|Walking Wake|73/100
|
|upkeep
|turn|10
|
|t:|1743912207
|move|p1a: Walking Wake|Draco Meteor|p2a: ヒットラー
|-damage|p2a: ヒットラー|17/100
|-unboost|p1a: Walking Wake|spa|2
|move|p2a: ヒットラー|Ice Spinner|p1a: Walking Wake
|-damage|p1a: Walking Wake|40/100
|
|upkeep
|turn|11
|
|t:|1743912216
|move|p1a: Walking Wake|Draco Meteor|p2a: ヒットラー
|-damage|p2a: ヒットラー|0 fnt
|-unboost|p1a: Walking Wake|spa|2
|faint|p2a: ヒットラー
|-end|p2a: ヒットラー|Protosynthesis|[silent]
|
|upkeep
|
|t:|1743912229
|switch|p2a: お薦|Slowbro-Galar, M, tera:Ground|100/100
|turn|12
|
|t:|1743912235
|-end|p1a: Walking Wake|Protosynthesis|[silent]
|switch|p1a: Slither Wing|Slither Wing|100/100
|move|p2a: お薦|Tera Blast|p1a: Slither Wing|[anim] Tera Blast Ground
|-resisted|p1a: Slither Wing
|-damage|p1a: Slither Wing|84/100
|
|upkeep
|turn|13
|-activate|p2a: お薦|item: Quick Claw
|
|t:|1743912246
|move|p2a: お薦|Flamethrower|p1a: Slither Wing
|-supereffective|p1a: Slither Wing
|-damage|p1a: Slither Wing|39/100
|move|p1a: Slither Wing|U-turn|p2a: お薦
|-damage|p2a: お薦|45/100
|
|t:|1743912255
|-end|p1a: Slither Wing|Protosynthesis|[silent]
|switch|p1a: Walking Wake|Walking Wake|40/100|[from] U-turn
|
|upkeep
|turn|14
|
|t:|1743912260
|move|p1a: Walking Wake|Hydro Steam|p2a: お薦
|-supereffective|p2a: お薦
|-damage|p2a: お薦|0 fnt
|faint|p2a: お薦
|
|upkeep
|
|t:|1743912264
|switch|p2a: ヘルハウンド|Quagsire, M|100/100
|turn|15
|
|t:|1743912274
|move|p1a: Walking Wake|Hydro Steam|p2a: ヘルハウンド
|-damage|p2a: ヘルハウンド|40/100
|move|p2a: ヘルハウンド|Hydro Pump|p1a: Walking Wake
|-resisted|p1a: Walking Wake
|-damage|p1a: Walking Wake|29/100
|
|-heal|p2a: ヘルハウンド|46/100|[from] item: Leftovers
|upkeep
|turn|16
|
|t:|1743912282
|move|p1a: Walking Wake|Hydro Steam|p2a: ヘルハウンド
|-damage|p2a: ヘルハウンド|0 fnt
|faint|p2a: ヘルハウンド
|
|upkeep
|
|t:|1743912285
|switch|p2a: すみれの花|Meowscarada, F|100/100
|turn|17
|
|t:|1743912290
|-end|p1a: Walking Wake|Protosynthesis|[silent]
|switch|p1a: Kingambit|Kingambit, F|83/100
|move|p2a: すみれの花|Play Rough|p1a: Kingambit|[miss]
|-start|p2a: すみれの花|typechange|Fairy|[from] ability: Protean
|-miss|p2a: すみれの花|p1a: Kingambit
|
|upkeep
|turn|18
|
|t:|1743912298
|move|p2a: すみれの花|Play Rough|p1a: Kingambit
|-damage|p1a: Kingambit|53/100
|move|p1a: Kingambit|Iron Head|p2a: すみれの花
|-supereffective|p2a: すみれの花
|-damage|p2a: すみれの花|0 fnt
|faint|p2a: すみれの花
|
|win|yitiio
|raw|yitiio's rating: 1108 &rarr; <strong>1130</strong><br />(+22 for winning)
|raw|emi-wa's rating: 1072 &rarr; <strong>1053</strong><br />(-19 for losing)
|l|☆emi-wa
|player|p2|
|l|☆yitiio
|player|p1|
