|j|☆Supa Dupa Hoopa
|j|☆blumped up
|t:|1743904924
|gametype|singles
|player|p1|Supa Dupa Hoopa|169|1444
|player|p2|blumped up|102|1484
|teamsize|p1|6
|teamsize|p2|6
|gen|9
|tier|[Gen 9] OU
|rated|
|rule|HP Percentage Mod: HP is shown in percentages
|rule|Endless Battle Clause: Forcing endless battles is banned
|rule|Species Clause: Limit one of each Pokémon
|rule|OHKO Clause: OHKO moves are banned
|rule|Evasion Items Clause: Evasion items are banned
|rule|Evasion Moves Clause: Evasion moves are banned
|rule|Sleep Moves Clause: Sleep-inducing moves are banned
|clearpoke
|poke|p1|Great Tusk|
|poke|p1|Dragapult, M|
|poke|p1|Corviknight, F|
|poke|p1|Clodsire, F|
|poke|p1|Meowscarada, M|
|poke|p1|Toxtricity-Low-Key, M|
|poke|p2|Reuniclus, M|
|poke|p2|Thundurus-Therian, M|
|poke|p2|Fezandipiti, M|
|poke|p2|Slither Wing|
|poke|p2|Tinkaton, F|
|poke|p2|Dragonite, M|
|teampreview
|inactive|Battle timer is ON: inactive players will automatically lose when time's up. (requested by blumped up)
|
|t:|1743904948
|start
|switch|p1a: Dragapult|Dragapult, M|100/100
|switch|p2a: Slither Wing|Slither Wing|100/100
|turn|1
|
|t:|1743904962
|move|p1a: Dragapult|U-turn|p2a: Slither Wing
|-resisted|p2a: Slither Wing
|-damage|p2a: Slither Wing|93/100
|
|t:|1743904967
|switch|p1a: Corviknight|Corviknight, F|100/100|[from] U-turn
|-ability|p1a: Corviknight|Pressure
|move|p2a: Slither Wing|Will-O-Wisp|p1a: Corviknight
|-status|p1a: Corviknight|brn
|
|-damage|p1a: Corviknight|94/100 brn|[from] brn
|upkeep
|turn|2
|
|t:|1743904978
|move|p2a: Slither Wing|U-turn|p1a: Corviknight
|-resisted|p1a: Corviknight
|-crit|p1a: Corviknight
|-damage|p1a: Corviknight|88/100 brn
|
|t:|1743904981
|-end|p2a: Slither Wing|Protosynthesis|[silent]
|switch|p2a: Thundurus|Thundurus-Therian, M|100/100|[from] U-turn
|move|p1a: Corviknight|Bulk Up|p1a: Corviknight
|-boost|p1a: Corviknight|atk|1
|-boost|p1a: Corviknight|def|1
|
|-heal|p1a: Corviknight|94/100 brn|[from] item: Leftovers
|-damage|p1a: Corviknight|88/100 brn|[from] brn
|upkeep
|turn|3
|
|t:|1743904991
|switch|p2a: Reuniclus|Reuniclus, M|100/100
|switch|p1a: Dragapult|Dragapult, M|100/100
|
|upkeep
|turn|4
|
|t:|1743904997
|switch|p2a: Fezandipiti|Fezandipiti, M|100/100
|move|p1a: Dragapult|Shadow Ball|p2a: Fezandipiti
|-damage|p2a: Fezandipiti|65/100
|
|upkeep
|turn|5
|
|t:|1743905006
|switch|p1a: Clodsire|Clodsire, F|100/100
|move|p2a: Fezandipiti|Roost|p2a: Fezandipiti
|-heal|p2a: Fezandipiti|100/100
|-singleturn|p2a: Fezandipiti|move: Roost
|
|upkeep
|turn|6
|
|t:|1743905011
|move|p2a: Fezandipiti|U-turn|p1a: Clodsire
|-resisted|p1a: Clodsire
|-damage|p1a: Clodsire|90/100
|
|t:|1743905014
|switch|p2a: Reuniclus|Reuniclus, M|100/100|[from] U-turn
|move|p1a: Clodsire|Spikes|p2a: Reuniclus
|-sidestart|p2: blumped up|Spikes
|
|-heal|p1a: Clodsire|96/100|[from] item: Leftovers
|upkeep
|turn|7
|
|t:|1743905024
|switch|p1a: Toxtricity|Toxtricity-Low-Key, M|100/100
|move|p2a: Reuniclus|Knock Off|p1a: Toxtricity
|-damage|p1a: Toxtricity|71/100
|-enditem|p1a: Toxtricity|Choice Specs|[from] move: Knock Off|[of] p2a: Reuniclus
|
|upkeep
|turn|8
|
|t:|1743905032
|switch|p2a: Fezandipiti|Fezandipiti, M|100/100
|-terastallize|p1a: Toxtricity|Normal
|move|p1a: Toxtricity|Boomburst|p2a: Fezandipiti
|-damage|p2a: Fezandipiti|45/100
|
|upkeep
|turn|9
|
|t:|1743905045
|switch|p2a: Tinkaton|Tinkaton, F|100/100
|-ability|p2a: Tinkaton|Mold Breaker
|-item|p2a: Tinkaton|Air Balloon
|move|p1a: Toxtricity|Boomburst|p2a: Tinkaton
|-resisted|p2a: Tinkaton
|-damage|p2a: Tinkaton|67/100
|-enditem|p2a: Tinkaton|Air Balloon
|
|upkeep
|turn|10
|
|t:|1743905057
|move|p2a: Tinkaton|Stealth Rock|p1a: Toxtricity
|-sidestart|p1: Supa Dupa Hoopa|move: Stealth Rock
|move|p1a: Toxtricity|Volt Switch|p2a: Tinkaton
|-damage|p2a: Tinkaton|38/100
|
|t:|1743905063
|switch|p1a: Great Tusk|Great Tusk|100/100|[from] Volt Switch
|-damage|p1a: Great Tusk|98/100|[from] Stealth Rock
|-enditem|p1a: Great Tusk|Booster Energy
|-activate|p1a: Great Tusk|ability: Protosynthesis|[fromitem]
|-start|p1a: Great Tusk|protosynthesisatk
|
|upkeep
|turn|11
|
|t:|1743905074
|switch|p2a: Slither Wing|Slither Wing|93/100
|move|p1a: Great Tusk|Earthquake|p2a: Slither Wing
|-resisted|p2a: Slither Wing
|-damage|p2a: Slither Wing|68/100
|
|upkeep
|turn|12
|
|t:|1743905082
|move|p1a: Great Tusk|Rapid Spin|p2a: Slither Wing
|-damage|p2a: Slither Wing|50/100
|-boost|p1a: Great Tusk|spe|1
|-sideend|p1: Supa Dupa Hoopa|Stealth Rock|[from] move: Rapid Spin|[of] p1a: Great Tusk
|move|p2a: Slither Wing|Morning Sun|p2a: Slither Wing
|-heal|p2a: Slither Wing|100/100
|
|upkeep
|turn|13
|
|t:|1743905091
|move|p1a: Great Tusk|Ice Spinner|p2a: Slither Wing
|-damage|p2a: Slither Wing|72/100
|move|p2a: Slither Wing|Will-O-Wisp|p1a: Great Tusk|[miss]
|-miss|p2a: Slither Wing|p1a: Great Tusk
|
|upkeep
|turn|14
|
|t:|1743905099
|-end|p1a: Great Tusk|Protosynthesis|[silent]
|switch|p1a: Dragapult|Dragapult, M|100/100
|move|p2a: Slither Wing|Morning Sun|p2a: Slither Wing
|-heal|p2a: Slither Wing|100/100
|
|upkeep
|turn|15
|
|t:|1743905109
|move|p1a: Dragapult|Draco Meteor|p2a: Slither Wing
|-damage|p2a: Slither Wing|23/100
|-unboost|p1a: Dragapult|spa|2
|move|p2a: Slither Wing|U-turn|p1a: Dragapult
|-resisted|p1a: Dragapult
|-damage|p1a: Dragapult|78/100
|
|t:|1743905113
|-end|p2a: Slither Wing|Protosynthesis|[silent]
|switch|p2a: Reuniclus|Reuniclus, M|100/100|[from] U-turn
|
|upkeep
|turn|16
|
|t:|1743905120
|switch|p1a: Meowscarada|Meowscarada, M|100/100
|move|p2a: Reuniclus|Focus Blast|p1a: Meowscarada
|-supereffective|p1a: Meowscarada
|-damage|p1a: Meowscarada|0 fnt
|faint|p1a: Meowscarada
|
|upkeep
|-message|Supa Dupa Hoopa forfeited.
|
|win|blumped up
|raw|Supa Dupa Hoopa's rating: 1444 &rarr; <strong>1426</strong><br />(-18 for losing)
|raw|blumped up's rating: 1484 &rarr; <strong>1502</strong><br />(+18 for winning)
|l|☆Supa Dupa Hoopa
|player|p1|
|l|☆blumped up
|player|p2|
