|j|☆Cosmycdust
|j|☆keynerriv
|t:|1743816039
|gametype|singles
|player|p1|Cosmycdust|hilbert|1210
|player|p2|keynerriv|266|1287
|teamsize|p1|6
|teamsize|p2|6
|gen|9
|tier|[Gen 9] OU
|rated|
|rule|HP Percentage Mod: HP is shown in percentages
|rule|Endless Battle Clause: Forcing endless battles is banned
|rule|Species Clause: Limit one of each Pokémon
|rule|OHKO Clause: OHKO moves are banned
|rule|Evasion Items Clause: Evasion items are banned
|rule|Evasion Moves Clause: Evasion moves are banned
|rule|Sleep Moves Clause: Sleep-inducing moves are banned
|clearpoke
|poke|p1|Dragapult, F|
|poke|p1|Metagross|
|poke|p1|Primarina, M|
|poke|p1|Great Tusk|
|poke|p1|Blaziken, M|
|poke|p1|Meowscarada, F|
|poke|p2|Ogerpon-Wellspring, F|
|poke|p2|Dragapult, F|
|poke|p2|Corviknight, F|
|poke|p2|Slowking-Galar, M|
|poke|p2|Umbreon, F|
|poke|p2|Crocalor, F|
|teampreview
|inactive|Battle timer is ON: inactive players will automatically lose when time's up. (requested by keynerriv)
|inactive|Cosmycdust also wants the timer to be on.
|c|☆keynerriv|Oh
|
|t:|1743816057
|start
|switch|p1a: Great Tusk|Great Tusk|100/100
|switch|p2a: Dragapult|Dragapult, F|100/100
|turn|1
|
|t:|1743816064
|switch|p2a: Corviknight|Corviknight, F|100/100
|-ability|p2a: Corviknight|Pressure
|move|p1a: Great Tusk|Ice Spinner|p2a: Corviknight
|-damage|p2a: Corviknight|86/100
|-damage|p1a: Great Tusk|84/100|[from] item: Rocky Helmet|[of] p2a: Corviknight
|
|upkeep
|turn|2
|
|t:|1743816072
|-end|p1a: Great Tusk|Protosynthesis|[silent]
|switch|p1a: Metagross|Metagross, shiny|100/100
|move|p2a: Corviknight|U-turn|p1a: Metagross
|-damage|p1a: Metagross|90/100
|
|t:|1743816078
|switch|p2a: Crocalor|Crocalor, F|100/100|[from] U-turn
|
|-heal|p1a: Metagross|96/100|[from] item: Leftovers
|upkeep
|turn|3
|c|☆keynerriv|I love that shiny
|
|t:|1743816096
|switch|p1a: Primarina|Primarina, M|100/100
|move|p2a: Crocalor|Will-O-Wisp|p1a: Primarina
|-status|p1a: Primarina|brn
|
|-damage|p1a: Primarina|94/100 brn|[from] brn
|upkeep
|turn|4
|
|t:|1743816105
|switch|p2a: Slowking|Slowking-Galar, M|100/100
|move|p1a: Primarina|Surf|p2a: Slowking
|-damage|p2a: Slowking|80/100
|
|-damage|p1a: Primarina|88/100 brn|[from] brn
|upkeep
|turn|5
|
|t:|1743816113
|move|p1a: Primarina|Flip Turn|p2a: Slowking
|-damage|p2a: Slowking|73/100
|
|t:|1743816120
|switch|p1a: Great Tusk|Great Tusk|84/100|[from] Flip Turn
|move|p2a: Slowking|Flamethrower|p1a: Great Tusk
|-damage|p1a: Great Tusk|53/100
|-status|p1a: Great Tusk|brn
|
|-damage|p1a: Great Tusk|47/100 brn|[from] brn
|upkeep
|turn|6
|
|t:|1743816129
|switch|p2a: Corviknight|Corviknight, F|86/100
|-ability|p2a: Corviknight|Pressure
|move|p1a: Great Tusk|Stealth Rock|p2a: Corviknight
|-sidestart|p2: keynerriv|move: Stealth Rock
|
|-damage|p1a: Great Tusk|40/100 brn|[from] brn
|upkeep
|turn|7
|
|t:|1743816137
|-end|p1a: Great Tusk|Protosynthesis|[silent]
|switch|p1a: Blaziken|Blaziken, M|100/100
|move|p2a: Corviknight|Defog|p1a: Blaziken
|-unboost|p1a: Blaziken|evasion|1
|-sideend|p2: keynerriv|Stealth Rock|[from] move: Defog|[of] p2a: Corviknight
|
|upkeep
|turn|8
|
|t:|1743816146
|move|p1a: Blaziken|Protect|p1a: Blaziken
|-singleturn|p1a: Blaziken|Protect
|move|p2a: Corviknight|Brave Bird|p1a: Blaziken
|-activate|p1a: Blaziken|move: Protect
|
|-ability|p1a: Blaziken|Speed Boost|boost
|-boost|p1a: Blaziken|spe|1
|upkeep
|turn|9
|
|t:|1743816175
|-terastallize|p2a: Corviknight|Fire
|move|p1a: Blaziken|Swords Dance|p1a: Blaziken
|-boost|p1a: Blaziken|atk|2
|move|p2a: Corviknight|Brave Bird|p1a: Blaziken
|-supereffective|p1a: Blaziken
|-damage|p1a: Blaziken|0 fnt
|faint|p1a: Blaziken
|-damage|p2a: Corviknight|61/100|[from] Recoil
|
|upkeep
|c|☆keynerriv|-_-
|
|t:|1743816189
|switch|p1a: Primarina|Primarina, M|88/100 brn
|turn|10
|
|t:|1743816195
|switch|p2a: Slowking|Slowking-Galar, M|100/100
|move|p1a: Primarina|Surf|p2a: Slowking
|-damage|p2a: Slowking|81/100
|
|-damage|p1a: Primarina|82/100 brn|[from] brn
|upkeep
|turn|11
|-message|Cosmycdust forfeited.
|
|win|keynerriv
|raw|Cosmycdust's rating: 1210 &rarr; <strong>1190</strong><br />(-20 for losing)
|raw|keynerriv's rating: 1287 &rarr; <strong>1307</strong><br />(+20 for winning)
|l|☆Cosmycdust
|player|p1|
|l|☆keynerriv
|player|p2|
