|j|☆Sturgeonzilla
|j|☆realZ06
|t:|1743787194
|gametype|singles
|player|p1|Sturgeonzilla|fisherman-gen4|1059
|player|p2|realZ06|lucas|1093
|teamsize|p1|6
|teamsize|p2|6
|gen|9
|tier|[Gen 9] OU
|rated|
|rule|HP Percentage Mod: HP is shown in percentages
|rule|Endless Battle Clause: Forcing endless battles is banned
|rule|Species Clause: Limit one of each Pokémon
|rule|OHKO Clause: OHKO moves are banned
|rule|Evasion Items Clause: Evasion items are banned
|rule|Evasion Moves Clause: Evasion moves are banned
|rule|Sleep Moves Clause: Sleep-inducing moves are banned
|clearpoke
|poke|p1|Samurott-Hisui, M|
|poke|p1|Dondozo, M|
|poke|p1|Gogoat, F|
|poke|p1|Zarude|
|poke|p1|Noivern, M|
|poke|p1|Tauros-Paldea-Blaze, M|
|poke|p2|Metagross|
|poke|p2|Slither Wing|
|poke|p2|Leavanny, M|
|poke|p2|Ninetales, F|
|poke|p2|Sandy Shocks|
|poke|p2|Skeledirge, M|
|teampreview
|inactive|Battle timer is ON: inactive players will automatically lose when time's up. (requested by Sturgeonzilla)
|
|t:|1743787205
|start
|switch|p1a: Samurott|Samurott-Hisui, M|100/100
|switch|p2a: Metagross|Metagross|100/100
|turn|1
|
|t:|1743787213
|-terastallize|p1a: Samurott|Water
|move|p1a: Samurott|Ceaseless Edge|p2a: Metagross
|-supereffective|p2a: Metagross
|-damage|p2a: Metagross|39/100
|-sidestart|p2: realZ06|Spikes
|move|p2a: Metagross|Stealth Rock|p1a: Samurott
|-sidestart|p1: Sturgeonzilla|move: Stealth Rock
|
|upkeep
|turn|2
|
|t:|1743787221
|move|p1a: Samurott|Ceaseless Edge|p2a: Metagross
|-supereffective|p2a: Metagross
|-damage|p2a: Metagross|0 fnt
|-sidestart|p2: realZ06|Spikes
|faint|p2a: Metagross
|
|upkeep
|
|t:|1743787231
|switch|p2a: Sandy Shocks|Sandy Shocks|100/100
|-item|p2a: Sandy Shocks|Air Balloon
|turn|3
|
|t:|1743787248
|switch|p1a: Gogoat|Gogoat, F|100/100
|move|p2a: Sandy Shocks|Volt Switch|p1a: Gogoat
|-resisted|p1a: Gogoat
|-damage|p1a: Gogoat|91/100
|
|t:|1743787253
|-end|p2a: Sandy Shocks|Protosynthesis|[silent]
|switch|p2a: Ninetales|Ninetales, F|100/100|[from] Volt Switch
|-damage|p2a: Ninetales|84/100|[from] Spikes
|-weather|SunnyDay|[from] ability: Drought|[of] p2a: Ninetales
|
|-weather|SunnyDay|[upkeep]
|upkeep
|turn|4
|
|t:|1743787264
|switch|p1a: Dondozo|Dondozo, M|100/100
|move|p2a: Ninetales|Weather Ball|p1a: Dondozo
|-resisted|p1a: Dondozo
|-damage|p1a: Dondozo|73/100
|
|-weather|SunnyDay|[upkeep]
|upkeep
|turn|5
|
|t:|1743787279
|switch|p2a: Leavanny|Leavanny, M|100/100
|-damage|p2a: Leavanny|84/100|[from] Spikes
|move|p1a: Dondozo|Waterfall|p2a: Leavanny
|-resisted|p2a: Leavanny
|-damage|p2a: Leavanny|75/100
|
|-weather|SunnyDay|[upkeep]
|upkeep
|turn|6
|
|t:|1743787288
|switch|p1a: Gogoat|Gogoat, F|91/100
|move|p2a: Leavanny|Sticky Web|p1a: Gogoat
|-sidestart|p1: Sturgeonzilla|move: Sticky Web
|
|-weather|SunnyDay|[upkeep]
|upkeep
|turn|7
|
|t:|1743787294
|move|p2a: Leavanny|Triple Axel|p1a: Gogoat
|-supereffective|p1a: Gogoat
|-damage|p1a: Gogoat|77/100
|-supereffective|p1a: Gogoat
|-damage|p1a: Gogoat|51/100
|-hitcount|p1a: Gogoat|2
|move|p1a: Gogoat|Earthquake|p2a: Leavanny
|-resisted|p2a: Leavanny
|-damage|p2a: Leavanny|67/100
|
|-weather|none
|upkeep
|turn|8
|
|t:|1743787306
|switch|p2a: Ninetales|Ninetales, F|84/100
|-damage|p2a: Ninetales|68/100|[from] Spikes
|-weather|SunnyDay|[from] ability: Drought|[of] p2a: Ninetales
|switch|p1a: Tauros|Tauros-Paldea-Blaze, M|100/100
|-damage|p1a: Tauros|88/100|[from] Stealth Rock
|-activate|p1a: Tauros|move: Sticky Web
|-unboost|p1a: Tauros|spe|1
|-ability|p1a: Tauros|Intimidate|boost
|-unboost|p2a: Ninetales|atk|1
|
|-weather|SunnyDay|[upkeep]
|-heal|p1a: Tauros|94/100|[from] item: Leftovers
|upkeep
|turn|9
|
|t:|1743787324
|switch|p2a: Sandy Shocks|Sandy Shocks|100/100
|-item|p2a: Sandy Shocks|Air Balloon
|-activate|p2a: Sandy Shocks|ability: Protosynthesis
|-start|p2a: Sandy Shocks|protosynthesisspe
|move|p1a: Tauros|Close Combat|p2a: Sandy Shocks
|-crit|p2a: Sandy Shocks
|-damage|p2a: Sandy Shocks|5/100
|-unboost|p1a: Tauros|def|1
|-unboost|p1a: Tauros|spd|1
|-enditem|p2a: Sandy Shocks|Air Balloon
|
|-weather|SunnyDay|[upkeep]
|-heal|p1a: Tauros|100/100|[from] item: Leftovers
|upkeep
|turn|10
|
|t:|1743787342
|move|p2a: Sandy Shocks|Earth Power|p1a: Tauros
|-supereffective|p1a: Tauros
|-damage|p1a: Tauros|0 fnt
|faint|p1a: Tauros
|
|-weather|SunnyDay|[upkeep]
|upkeep
|c|☆Sturgeonzilla|Ouchy
|
|t:|1743787359
|switch|p1a: Noivern|Noivern, M|100/100
|turn|11
|
|t:|1743787368
|move|p2a: Sandy Shocks|Thunderbolt|p1a: Noivern
|-damage|p1a: Noivern|41/100
|move|p1a: Noivern|Air Slash|p2a: Sandy Shocks|[miss]
|-miss|p1a: Noivern|p2a: Sandy Shocks
|
|-weather|SunnyDay|[upkeep]
|upkeep
|turn|12
|
|t:|1743787386
|switch|p1a: Zarude|Zarude|100/100
|move|p2a: Sandy Shocks|Thunderbolt|p1a: Zarude
|-resisted|p1a: Zarude
|-damage|p1a: Zarude|78/100
|
|-weather|none
|-end|p2a: Sandy Shocks|Protosynthesis
|upkeep
|turn|13
|
|t:|1743787394
|move|p1a: Zarude|Knock Off|p2a: Sandy Shocks
|-damage|p2a: Sandy Shocks|0 fnt
|faint|p2a: Sandy Shocks
|-end|p2a: Sandy Shocks|Protosynthesis|[silent]
|
|upkeep
|
|t:|1743787397
|switch|p2a: Ninetales|Ninetales, F|68/100
|-damage|p2a: Ninetales|51/100|[from] Spikes
|-weather|SunnyDay|[from] ability: Drought|[of] p2a: Ninetales
|turn|14
|
|t:|1743787405
|switch|p1a: Dondozo|Dondozo, M|73/100
|move|p2a: Ninetales|Weather Ball|p1a: Dondozo
|-resisted|p1a: Dondozo
|-damage|p1a: Dondozo|48/100
|
|-weather|SunnyDay|[upkeep]
|upkeep
|turn|15
|
|t:|1743787411
|switch|p2a: Leavanny|Leavanny, M|67/100
|-damage|p2a: Leavanny|50/100|[from] Spikes
|move|p1a: Dondozo|Rest|p1a: Dondozo
|-status|p1a: Dondozo|slp|[from] move: Rest
|-heal|p1a: Dondozo|100/100 slp|[silent]
|
|-weather|SunnyDay|[upkeep]
|upkeep
|turn|16
|
|t:|1743787429
|move|p2a: Leavanny|Low Kick|p1a: Dondozo
|-damage|p1a: Dondozo|85/100 slp
|cant|p1a: Dondozo|slp
|
|-weather|SunnyDay|[upkeep]
|upkeep
|turn|17
|
|t:|1743787443
|move|p2a: Leavanny|Low Kick|p1a: Dondozo
|-damage|p1a: Dondozo|69/100 slp
|cant|p1a: Dondozo|slp
|move|p1a: Dondozo|Sleep Talk|p1a: Dondozo
|move|p1a: Dondozo|Rest||[from] move: Sleep Talk|[still]
|-fail|p1a: Dondozo
|
|-weather|SunnyDay|[upkeep]
|upkeep
|turn|18
|
|t:|1743787451
|move|p2a: Leavanny|Low Kick|p1a: Dondozo
|-damage|p1a: Dondozo|54/100 slp
|-curestatus|p1a: Dondozo|slp|[msg]
|move|p1a: Dondozo|Sleep Talk||[still]
|-fail|p1a: Dondozo
|
|-weather|none
|upkeep
|turn|19
|
|t:|1743787457
|move|p2a: Leavanny|Leaf Storm|p1a: Dondozo
|-supereffective|p1a: Dondozo
|-damage|p1a: Dondozo|0 fnt
|-unboost|p2a: Leavanny|spa|2
|-enditem|p2a: Leavanny|Eject Pack
|faint|p1a: Dondozo
|
|t:|1743787460
|switch|p2a: Ninetales|Ninetales, F|51/100
|-damage|p2a: Ninetales|35/100|[from] Spikes
|-weather|SunnyDay|[from] ability: Drought|[of] p2a: Ninetales
|
|-weather|SunnyDay|[upkeep]
|upkeep
|
|t:|1743787468
|switch|p1a: Samurott|Samurott-Hisui, M, tera:Water|100/100
|-damage|p1a: Samurott|88/100|[from] Stealth Rock
|-activate|p1a: Samurott|move: Sticky Web
|-unboost|p1a: Samurott|spe|1
|turn|20
|
|t:|1743787474
|move|p1a: Samurott|Aqua Jet|p2a: Ninetales
|-supereffective|p2a: Ninetales
|-damage|p2a: Ninetales|0 fnt
|faint|p2a: Ninetales
|
|-weather|SunnyDay|[upkeep]
|upkeep
|
|t:|1743787479
|switch|p2a: Leavanny|Leavanny, M|50/100
|-damage|p2a: Leavanny|33/100|[from] Spikes
|turn|21
|
|t:|1743787487
|move|p2a: Leavanny|Triple Axel|p1a: Samurott
|-resisted|p1a: Samurott
|-damage|p1a: Samurott|85/100
|-resisted|p1a: Samurott
|-damage|p1a: Samurott|77/100
|-resisted|p1a: Samurott
|-damage|p1a: Samurott|67/100
|-hitcount|p1a: Samurott|3
|move|p1a: Samurott|Knock Off|p2a: Leavanny
|-damage|p2a: Leavanny|0 fnt
|faint|p2a: Leavanny
|
|-weather|SunnyDay|[upkeep]
|upkeep
|
|t:|1743787491
|switch|p2a: Slither Wing|Slither Wing|100/100
|-damage|p2a: Slither Wing|84/100|[from] Spikes
|-activate|p2a: Slither Wing|ability: Protosynthesis
|-start|p2a: Slither Wing|protosynthesisatk
|turn|22
|
|t:|1743787512
|switch|p1a: Noivern|Noivern, M|41/100
|-item|p2a: Slither Wing|Choice Band|[from] ability: Frisk|[of] p1a: Noivern
|move|p2a: Slither Wing|Leech Life|p1a: Noivern
|-resisted|p1a: Noivern
|-damage|p1a: Noivern|0 fnt
|-heal|p2a: Slither Wing|100/100|[from] drain|[of] p1a: Noivern
|faint|p1a: Noivern
|
|-weather|SunnyDay|[upkeep]
|upkeep
|inactive|Sturgeonzilla has 120 seconds left.
|
|t:|1743787543
|switch|p1a: Samurott|Samurott-Hisui, M, tera:Water|67/100
|-damage|p1a: Samurott|54/100|[from] Stealth Rock
|-activate|p1a: Samurott|move: Sticky Web
|-unboost|p1a: Samurott|spe|1
|turn|23
|
|t:|1743787554
|move|p1a: Samurott|Aqua Jet|p2a: Slither Wing
|-damage|p2a: Slither Wing|85/100
|move|p2a: Slither Wing|Leech Life|p1a: Samurott
|-damage|p1a: Samurott|0 fnt
|-heal|p2a: Slither Wing|100/100|[from] drain|[of] p1a: Samurott
|faint|p1a: Samurott
|
|-weather|none
|-end|p2a: Slither Wing|Protosynthesis
|upkeep
|
|t:|1743787567
|switch|p1a: Gogoat|Gogoat, F|51/100
|turn|24
|
|t:|1743787574
|move|p2a: Slither Wing|Leech Life|p1a: Gogoat
|-supereffective|p1a: Gogoat
|-damage|p1a: Gogoat|0 fnt
|faint|p1a: Gogoat
|
|upkeep
|c|☆Sturgeonzilla|GG
|
|t:|1743787582
|switch|p1a: Zarude|Zarude|78/100
|turn|25
|
|t:|1743787586
|move|p1a: Zarude|Knock Off|p2a: Slither Wing
|-resisted|p2a: Slither Wing
|-damage|p2a: Slither Wing|70/100
|-enditem|p2a: Slither Wing|Choice Band|[from] move: Knock Off|[of] p1a: Zarude
|move|p2a: Slither Wing|Leech Life|p1a: Zarude
|-supereffective|p1a: Zarude
|-damage|p1a: Zarude|0 fnt
|-heal|p2a: Slither Wing|100/100|[from] drain|[of] p1a: Zarude
|faint|p1a: Zarude
|
|win|realZ06
|raw|Sturgeonzilla's rating: 1059 &rarr; <strong>1042</strong><br />(-17 for losing)
|raw|realZ06's rating: 1093 &rarr; <strong>1117</strong><br />(+24 for winning)
