|j|☆Yhvh777
|j|☆lupiit
|t:|1743834612
|gametype|singles
|player|p1|Yhvh777|red|1087
|player|p2|lupiit|dragontamer|1132
|teamsize|p1|6
|teamsize|p2|6
|gen|9
|tier|[Gen 9] OU
|rated|
|rule|HP Percentage Mod: HP is shown in percentages
|rule|Endless Battle Clause: Forcing endless battles is banned
|rule|Species Clause: Limit one of each Pokémon
|rule|OHKO Clause: OHKO moves are banned
|rule|Evasion Items Clause: Evasion items are banned
|rule|Evasion Moves Clause: Evasion moves are banned
|rule|Sleep Moves Clause: Sleep-inducing moves are banned
|clearpoke
|poke|p1|Salamence, M|
|poke|p1|Mamoswine, M|
|poke|p1|Tyranitar, M|
|poke|p1|Raging Bolt|
|poke|p1|Kingambit, M|
|poke|p1|Iron Valiant|
|poke|p2|Kyurem|
|poke|p2|Cinderace, M|
|poke|p2|Scizor, F|
|poke|p2|Smeargle, F|
|poke|p2|Hoopa-Unbound|
|poke|p2|Toxapex, F|
|teampreview
|inactive|Battle timer is ON: inactive players will automatically lose when time's up. (requested by lupiit)
|
|t:|1743834636
|start
|switch|p1a: Mamoswine|Mamoswine, M|100/100
|switch|p2a: GOAL!|Cinderace, M|100/100
|turn|1
|
|t:|1743834644
|-terastallize|p1a: Mamoswine|Ghost
|move|p2a: GOAL!|U-turn|p1a: Mamoswine
|-start|p2a: GOAL!|typechange|Bug|[from] ability: Libero
|-resisted|p1a: Mamoswine
|-damage|p1a: Mamoswine|74/100
|
|t:|1743834649
|switch|p2a: CHILLYYYYYYYY|Kyurem|100/100|[from] U-turn
|-ability|p2a: CHILLYYYYYYYY|Pressure
|move|p1a: Mamoswine|Earthquake|p2a: CHILLYYYYYYYY
|-damage|p2a: CHILLYYYYYYYY|48/100
|
|-heal|p1a: Mamoswine|80/100|[from] item: Leftovers
|upkeep
|turn|2
|
|t:|1743834660
|move|p2a: CHILLYYYYYYYY|Ice Beam|p1a: Mamoswine
|-damage|p1a: Mamoswine|0 fnt
|faint|p1a: Mamoswine
|
|upkeep
|
|t:|1743834678
|switch|p1a: Beatrice|Iron Valiant|100/100
|-enditem|p1a: Beatrice|Booster Energy
|-activate|p1a: Beatrice|ability: Quark Drive|[fromitem]
|-start|p1a: Beatrice|quarkdrivespe
|turn|3
|
|t:|1743834684
|move|p1a: Beatrice|Swords Dance|p1a: Beatrice
|-boost|p1a: Beatrice|atk|2
|move|p2a: CHILLYYYYYYYY|Ice Beam|p1a: Beatrice
|-crit|p1a: Beatrice
|-damage|p1a: Beatrice|0 fnt
|faint|p1a: Beatrice
|-end|p1a: Beatrice|Quark Drive|[silent]
|
|upkeep
|
|t:|1743834703
|switch|p1a: Kingambit|Kingambit, M|100/100
|-activate|p1a: Kingambit|ability: Supreme Overlord
|-start|p1a: Kingambit|fallen2|[silent]
|turn|4
|
|t:|1743834712
|move|p1a: Kingambit|Protect|p1a: Kingambit
|-singleturn|p1a: Kingambit|Protect
|move|p2a: CHILLYYYYYYYY|Ice Beam|p1a: Kingambit
|-activate|p1a: Kingambit|move: Protect
|
|upkeep
|turn|5
|
|t:|1743834720
|move|p2a: CHILLYYYYYYYY|Ice Beam|p1a: Kingambit
|-resisted|p1a: Kingambit
|-damage|p1a: Kingambit|64/100
|move|p1a: Kingambit|Swords Dance|p1a: Kingambit
|-boost|p1a: Kingambit|atk|2
|
|-heal|p1a: Kingambit|71/100|[from] item: Leftovers
|upkeep
|turn|6
|
|t:|1743834732
|move|p2a: CHILLYYYYYYYY|Ice Beam|p1a: Kingambit
|-resisted|p1a: Kingambit
|-damage|p1a: Kingambit|34/100
|move|p1a: Kingambit|Swords Dance|p1a: Kingambit
|-boost|p1a: Kingambit|atk|2
|
|-heal|p1a: Kingambit|41/100|[from] item: Leftovers
|upkeep
|turn|7
|
|t:|1743834742
|move|p1a: Kingambit|Sucker Punch|p2a: CHILLYYYYYYYY
|-damage|p2a: CHILLYYYYYYYY|0 fnt
|faint|p2a: CHILLYYYYYYYY
|
|-heal|p1a: Kingambit|47/100|[from] item: Leftovers
|upkeep
|
|t:|1743834747
|switch|p2a: PICASSO|Smeargle, F|100/100
|turn|8
|
|t:|1743834758
|move|p1a: Kingambit|Iron Head|p2a: PICASSO
|-enditem|p2a: PICASSO|Focus Sash
|-damage|p2a: PICASSO|1/100
|move|p2a: PICASSO|Counter|p1a: Kingambit
|-damage|p1a: Kingambit|0 fnt
|faint|p1a: Kingambit
|-end|p1a: Kingambit|fallen2|[silent]
|
|upkeep
|
|t:|1743834767
|switch|p1a: Tyranitar|Tyranitar, M, shiny|100/100
|-weather|Sandstorm|[from] ability: Sand Stream|[of] p1a: Tyranitar
|turn|9
|
|t:|1743834775
|switch|p2a: U-TURN EZPZ|Scizor, F|100/100
|move|p1a: Tyranitar|Dragon Dance|p1a: Tyranitar
|-boost|p1a: Tyranitar|atk|1
|-boost|p1a: Tyranitar|spe|1
|
|-weather|Sandstorm|[upkeep]
|upkeep
|turn|10
|
|t:|1743834792
|move|p1a: Tyranitar|Earthquake|p2a: U-TURN EZPZ
|-damage|p2a: U-TURN EZPZ|38/100
|move|p2a: U-TURN EZPZ|Close Combat|p1a: Tyranitar
|-supereffective|p1a: Tyranitar
|-damage|p1a: Tyranitar|0 fnt
|-unboost|p2a: U-TURN EZPZ|def|1
|-unboost|p2a: U-TURN EZPZ|spd|1
|faint|p1a: Tyranitar
|
|-weather|Sandstorm|[upkeep]
|upkeep
|
|t:|1743834811
|switch|p1a: Raging Bolt|Raging Bolt|100/100
|turn|11
|
|t:|1743834815
|move|p1a: Raging Bolt|Thunderbolt|p2a: U-TURN EZPZ
|-crit|p2a: U-TURN EZPZ
|-damage|p2a: U-TURN EZPZ|0 fnt
|faint|p2a: U-TURN EZPZ
|
|-weather|Sandstorm|[upkeep]
|-damage|p1a: Raging Bolt|94/100|[from] Sandstorm
|upkeep
|
|t:|1743834821
|switch|p2a: GOAL!|Cinderace, M|100/100
|turn|12
|
|t:|1743834825
|move|p1a: Raging Bolt|Thunderbolt|p2a: GOAL!
|-damage|p2a: GOAL!|28/100
|move|p2a: GOAL!|U-turn|p1a: Raging Bolt
|-start|p2a: GOAL!|typechange|Bug|[from] ability: Libero
|-damage|p1a: Raging Bolt|47/100
|
|t:|1743834836
|switch|p2a: BRAAAAAAAP|Hoopa-Unbound|100/100|[from] U-turn
|
|-weather|Sandstorm|[upkeep]
|-damage|p1a: Raging Bolt|41/100|[from] Sandstorm
|-damage|p2a: BRAAAAAAAP|95/100|[from] Sandstorm
|upkeep
|turn|13
|
|t:|1743834845
|switch|p2a: PICASSO|Smeargle, F|1/100
|move|p1a: Raging Bolt|Thunderbolt|p2a: PICASSO
|-damage|p2a: PICASSO|0 fnt
|faint|p2a: PICASSO
|
|-weather|none
|upkeep
|
|t:|1743834846
|switch|p2a: GOAL!|Cinderace, M|28/100
|turn|14
|
|t:|1743834856
|move|p2a: GOAL!|Sucker Punch|p1a: Raging Bolt
|-start|p2a: GOAL!|typechange|Dark|[from] ability: Libero
|-damage|p1a: Raging Bolt|0 fnt
|faint|p1a: Raging Bolt
|-end|p1a: Raging Bolt|Protosynthesis|[silent]
|
|upkeep
|
|t:|1743834862
|switch|p1a: Salamence|Salamence, M|100/100
|-ability|p1a: Salamence|Intimidate|boost
|-unboost|p2a: GOAL!|atk|1
|turn|15
|
|t:|1743834877
|switch|p2a: Toxapex|Toxapex, F|100/100
|move|p1a: Salamence|Earthquake|p2a: Toxapex
|-supereffective|p2a: Toxapex
|-damage|p2a: Toxapex|43/100
|
|upkeep
|turn|16
|
|t:|1743834889
|move|p1a: Salamence|Earthquake|p2a: Toxapex
|-supereffective|p2a: Toxapex
|-damage|p2a: Toxapex|0 fnt
|faint|p2a: Toxapex
|
|upkeep
|
|t:|1743834890
|switch|p2a: BRAAAAAAAP|Hoopa-Unbound|95/100
|turn|17
|
|t:|1743834897
|move|p1a: Salamence|Earthquake|p2a: BRAAAAAAAP
|-damage|p2a: BRAAAAAAAP|13/100
|move|p2a: BRAAAAAAAP|Trick|p1a: Salamence
|-activate|p2a: BRAAAAAAAP|move: Trick|[of] p1a: Salamence
|-item|p1a: Salamence|Choice Band|[from] move: Trick
|-item|p2a: BRAAAAAAAP|Choice Scarf|[from] move: Trick
|
|upkeep
|turn|18
|-message|lupiit forfeited.
|
|win|Yhvh777
|raw|Yhvh777's rating: 1087 &rarr; <strong>1119</strong><br />(+32 for winning)
|raw|lupiit's rating: 1152 &rarr; <strong>1122</strong><br />(-30 for losing)
|l|☆lupiit
|player|p2|
|l|☆Yhvh777
|player|p1|
