|j|☆kadichowl
|j|☆EDoubleC
|t:|1743921674
|gametype|singles
|player|p1|kadichowl|170|1069
|player|p2|EDoubleC|265|1068
|teamsize|p1|6
|teamsize|p2|6
|gen|9
|tier|[Gen 9] OU
|rated|
|rule|HP Percentage Mod: HP is shown in percentages
|rule|Endless Battle Clause: Forcing endless battles is banned
|rule|Species Clause: Limit one of each Pokémon
|rule|OHKO Clause: OHKO moves are banned
|rule|Evasion Items Clause: Evasion items are banned
|rule|Evasion Moves Clause: Evasion moves are banned
|rule|Sleep Moves Clause: Sleep-inducing moves are banned
|clearpoke
|poke|p1|Grafaiai, M|
|poke|p1|Mandibuzz, F|
|poke|p1|Slowbro-Galar, F|
|poke|p1|Serperior, F|
|poke|p1|Deoxys-Speed|
|poke|p1|Greninja-*, M|
|poke|p2|Kleavor, F|
|poke|p2|Poliwrath, M|
|poke|p2|Tornadus, M|
|poke|p2|Forretress, M|
|poke|p2|Skeledirge, M|
|poke|p2|Torterra, F|
|teampreview
|
|t:|1743921708
|start
|switch|p1a: Mandibuzz|Mandibuzz, F|100/100
|switch|p2a: Forretress|Forretress, M|100/100
|turn|1
|
|t:|1743921714
|move|p1a: Mandibuzz|Taunt|p2a: Forretress
|-start|p2a: Forretress|move: Taunt
|cant|p2a: Forretress|move: Taunt|Thunder Wave
|
|upkeep
|turn|2
|
|t:|1743921722
|switch|p2a: Tornadus|Tornadus, M|100/100
|move|p1a: Mandibuzz|Brave Bird|p2a: Tornadus
|-damage|p2a: Tornadus|64/100
|-damage|p1a: Mandibuzz|92/100|[from] Recoil
|
|upkeep
|turn|3
|
|t:|1743921734
|move|p2a: Tornadus|Chilling Water|p1a: Mandibuzz
|-damage|p1a: Mandibuzz|81/100
|-unboost|p1a: Mandibuzz|atk|1
|move|p1a: Mandibuzz|Taunt|p2a: Tornadus
|-start|p2a: Tornadus|move: Taunt
|
|upkeep
|turn|4
|
|t:|1743921745
|move|p2a: Tornadus|Chilling Water|p1a: Mandibuzz
|-damage|p1a: Mandibuzz|69/100
|-unboost|p1a: Mandibuzz|atk|1
|move|p1a: Mandibuzz|Toxic|p2a: Tornadus
|-status|p2a: Tornadus|tox
|
|-damage|p2a: Tornadus|58/100 tox|[from] psn
|upkeep
|turn|5
|
|t:|1743921756
|move|p2a: Tornadus|Chilling Water|p1a: Mandibuzz
|-damage|p1a: Mandibuzz|59/100
|-unboost|p1a: Mandibuzz|atk|1
|move|p1a: Mandibuzz|Roost|p1a: Mandibuzz
|-heal|p1a: Mandibuzz|100/100
|-singleturn|p1a: Mandibuzz|move: Roost
|
|-damage|p2a: Tornadus|46/100 tox|[from] psn
|upkeep
|turn|6
|
|t:|1743921782
|switch|p2a: Torterra|Torterra, F|100/100
|move|p1a: Mandibuzz|Brave Bird|p2a: Torterra
|-supereffective|p2a: Torterra
|-damage|p2a: Torterra|78/100
|-damage|p1a: Mandibuzz|95/100|[from] Recoil
|
|upkeep
|turn|7
|
|t:|1743921791
|switch|p1a: Grafaiai|Grafaiai, M|100/100
|-terastallize|p2a: Torterra|Steel
|move|p2a: Torterra|Shell Smash|p2a: Torterra
|-unboost|p2a: Torterra|def|1
|-unboost|p2a: Torterra|spd|1
|-boost|p2a: Torterra|atk|2
|-boost|p2a: Torterra|spa|2
|-boost|p2a: Torterra|spe|2
|-enditem|p2a: Torterra|White Herb
|-clearnegativeboost|p2a: Torterra|[silent]
|-enditem|p1a: Grafaiai|Mirror Herb
|-boost|p1a: Grafaiai|atk|2|[from] item: Mirror Herb
|-boost|p1a: Grafaiai|spa|2|[from] item: Mirror Herb
|-boost|p1a: Grafaiai|spe|2|[from] item: Mirror Herb
|
|upkeep
|turn|8
|
|t:|1743921805
|move|p1a: Grafaiai|Low Sweep|p2a: Torterra
|-supereffective|p2a: Torterra
|-damage|p2a: Torterra|12/100
|-unboost|p2a: Torterra|spe|1
|move|p2a: Torterra|Heavy Slam|p1a: Grafaiai
|-damage|p1a: Grafaiai|0 fnt
|faint|p1a: Grafaiai
|
|upkeep
|
|t:|1743921816
|switch|p1a: Greninja|Greninja, M|100/100
|turn|9
|
|t:|1743921820
|move|p1a: Greninja|Water Shuriken|p2a: Torterra
|-damage|p2a: Torterra|2/100
|-damage|p2a: Torterra|0 fnt
|faint|p2a: Torterra
|-ability|p1a: Greninja|Battle Bond|boost
|-boost|p1a: Greninja|atk|1
|-boost|p1a: Greninja|spa|1
|-boost|p1a: Greninja|spe|1
|-activate|p1a: Greninja|ability: Battle Bond
|-hitcount|p2: Torterra|2
|-damage|p1a: Greninja|91/100|[from] item: Life Orb
|
|upkeep
|
|t:|1743921831
|switch|p2a: Forretress|Forretress, M|100/100
|turn|10
|
|t:|1743921839
|move|p1a: Greninja|Surf|p2a: Forretress
|-damage|p2a: Forretress|9/100
|-damage|p1a: Greninja|81/100|[from] item: Life Orb
|move|p2a: Forretress|Thunder Wave|p1a: Greninja|[miss]
|-miss|p2a: Forretress|p1a: Greninja
|
|-heal|p2a: Forretress|16/100|[from] item: Leftovers
|upkeep
|turn|11
|-message|EDoubleC forfeited.
|
|win|kadichowl
|raw|kadichowl's rating: 1069 &rarr; <strong>1099</strong><br />(+30 for winning)
|raw|EDoubleC's rating: 1068 &rarr; <strong>1048</strong><br />(-20 for losing)
|l|☆EDoubleC
|player|p2|
|l|☆kadichowl
|player|p1|
