|j|☆babassss
|j|☆Bum_Muncha
|t:|1743916032
|gametype|singles
|player|p1|babassss|101|1611
|player|p2|Bum_Muncha|265|1597
|teamsize|p1|6
|teamsize|p2|6
|gen|9
|tier|[Gen 9] OU
|rated|
|rule|HP Percentage Mod: HP is shown in percentages
|rule|Endless Battle Clause: Forcing endless battles is banned
|rule|Species Clause: Limit one of each Pokémon
|rule|OHKO Clause: OHKO moves are banned
|rule|Evasion Items Clause: Evasion items are banned
|rule|Evasion Moves Clause: Evasion moves are banned
|rule|Sleep Moves Clause: Sleep-inducing moves are banned
|clearpoke
|poke|p1|Ninetales, F|
|poke|p1|Hatterene, F|
|poke|p1|Walking Wake|
|poke|p1|Scizor, F|
|poke|p1|Great Tusk|
|poke|p1|Typhlosion-Hisui, F|
|poke|p2|Dragapult, F|
|poke|p2|Iron Moth|
|poke|p2|Serperior, F|
|poke|p2|Iron Treads|
|poke|p2|Dragonite, F|
|poke|p2|Greninja-*, M|
|teampreview
|inactive|Battle timer is ON: inactive players will automatically lose when time's up. (requested by babassss)
|
|t:|1743916045
|start
|switch|p1a: Ninetales|Ninetales, F, shiny|100/100
|switch|p2a: Iron Treads|Iron Treads|100/100
|-weather|SunnyDay|[from] ability: Drought|[of] p1a: Ninetales
|-enditem|p2a: Iron Treads|Booster Energy
|-activate|p2a: Iron Treads|ability: Quark Drive|[fromitem]
|-start|p2a: Iron Treads|quarkdrivespe
|turn|1
|
|t:|1743916050
|switch|p1a: Hatterene|Hatterene, F|100/100
|move|p2a: Iron Treads|Earthquake|p1a: Hatterene
|-damage|p1a: Hatterene|59/100
|-enditem|p1a: Hatterene|Eject Button
|
|t:|1743916053
|switch|p1a: Walking Wake|Walking Wake|100/100
|-activate|p1a: Walking Wake|ability: Protosynthesis
|-start|p1a: Walking Wake|protosynthesisspe
|
|-weather|SunnyDay|[upkeep]
|upkeep
|turn|2
|
|t:|1743916065
|move|p1a: Walking Wake|Flamethrower|p2a: Iron Treads
|-supereffective|p2a: Iron Treads
|-damage|p2a: Iron Treads|0 fnt
|faint|p2a: Iron Treads
|-end|p2a: Iron Treads|Quark Drive|[silent]
|
|-weather|SunnyDay|[upkeep]
|upkeep
|
|t:|1743916067
|switch|p2a: Serperior|Serperior, F|100/100
|turn|3
|
|t:|1743916072
|move|p1a: Walking Wake|Flamethrower|p2a: Serperior
|-supereffective|p2a: Serperior
|-damage|p2a: Serperior|0 fnt
|faint|p2a: Serperior
|
|-weather|SunnyDay|[upkeep]
|upkeep
|
|t:|1743916077
|switch|p2a: Dragapult|Dragapult, F|100/100
|turn|4
|
|t:|1743916080
|-end|p1a: Walking Wake|Protosynthesis|[silent]
|switch|p1a: Hatterene|Hatterene, F|59/100
|move|p2a: Dragapult|Dragon Darts|p1a: Hatterene
|-immune|p1a: Hatterene
|
|-weather|SunnyDay|[upkeep]
|upkeep
|turn|5
|
|t:|1743916087
|move|p2a: Dragapult|Hex|p1a: Hatterene
|-supereffective|p1a: Hatterene
|-damage|p1a: Hatterene|7/100
|move|p1a: Hatterene|Nuzzle|p2a: Dragapult
|-resisted|p2a: Dragapult
|-damage|p2a: Dragapult|98/100
|-status|p2a: Dragapult|par
|
|-weather|SunnyDay|[upkeep]
|upkeep
|turn|6
|-message|Bum_Muncha forfeited.
|
|win|babassss
|raw|babassss's rating: 1611 &rarr; <strong>1630</strong><br />(+19 for winning)
|raw|Bum_Muncha's rating: 1597 &rarr; <strong>1578</strong><br />(-19 for losing)
|l|☆Bum_Muncha
|player|p2|
|l|☆babassss
|player|p1|
