|j|☆wangyuhua
|j|☆Jadejae
|t:|1743936253
|gametype|singles
|player|p1|wangyuhua|101|1080
|player|p2|Jadejae|102|1076
|teamsize|p1|6
|teamsize|p2|6
|gen|9
|tier|[Gen 9] OU
|rated|
|rule|HP Percentage Mod: HP is shown in percentages
|rule|Endless Battle Clause: Forcing endless battles is banned
|rule|Species Clause: Limit one of each Pokémon
|rule|OHKO Clause: OHKO moves are banned
|rule|Evasion Items Clause: Evasion items are banned
|rule|Evasion Moves Clause: Evasion moves are banned
|rule|Sleep Moves Clause: Sleep-inducing moves are banned
|clearpoke
|poke|p1|Kyurem|
|poke|p1|Kingambit, F|
|poke|p1|Iron Valiant|
|poke|p1|Araquanid, M|
|poke|p1|Great Tusk|
|poke|p1|Blaziken, M|
|poke|p2|Regidrago|
|poke|p2|Torkoal, F|
|poke|p2|Maushold|
|poke|p2|Cinderace, F|
|poke|p2|Trevenant, M|
|poke|p2|Electrode-Hisui|
|teampreview
|inactive|Battle timer is ON: inactive players will automatically lose when time's up. (requested by wangyuhua)
|
|t:|1743936266
|start
|switch|p1a: Great Tusk|Great Tusk|100/100
|switch|p2a: Regidrago|Regidrago|100/100
|-enditem|p1a: Great Tusk|Booster Energy
|-activate|p1a: Great Tusk|ability: Protosynthesis|[fromitem]
|-start|p1a: Great Tusk|protosynthesisatk
|turn|1
|
|t:|1743936284
|move|p1a: Great Tusk|Headlong Rush|p2a: Regidrago
|-damage|p2a: Regidrago|8/100
|-unboost|p1a: Great Tusk|def|1
|-unboost|p1a: Great Tusk|spd|1
|move|p2a: Regidrago|Dragon Dance|p2a: Regidrago
|-boost|p2a: Regidrago|atk|1
|-boost|p2a: Regidrago|spe|1
|
|upkeep
|turn|2
|
|t:|1743936304
|-terastallize|p1a: Great Tusk|Steel
|move|p2a: Regidrago|Outrage|p1a: Great Tusk
|-resisted|p1a: Great Tusk
|-damage|p1a: Great Tusk|29/100
|move|p1a: Great Tusk|Rapid Spin|p2a: Regidrago
|-damage|p2a: Regidrago|0 fnt
|-boost|p1a: Great Tusk|spe|1
|faint|p2a: Regidrago
|
|upkeep
|
|t:|1743936314
|switch|p2a: Torkoal|Torkoal, F|100/100
|-weather|SunnyDay|[from] ability: Drought|[of] p2a: Torkoal
|turn|3
|
|t:|1743936318
|move|p1a: Great Tusk|Headlong Rush|p2a: Torkoal
|-supereffective|p2a: Torkoal
|-damage|p2a: Torkoal|0 fnt
|-unboost|p1a: Great Tusk|def|1
|-unboost|p1a: Great Tusk|spd|1
|faint|p2a: Torkoal
|
|-weather|SunnyDay|[upkeep]
|upkeep
|
|t:|1743936325
|switch|p2a: Electrode|Electrode-Hisui, shiny|100/100
|turn|4
|
|t:|1743936345
|move|p1a: Great Tusk|Headlong Rush|p2a: Electrode
|-damage|p2a: Electrode|0 fnt
|-unboost|p1a: Great Tusk|def|1
|-unboost|p1a: Great Tusk|spd|1
|faint|p2a: Electrode
|
|-weather|SunnyDay|[upkeep]
|upkeep
|
|t:|1743936357
|switch|p2a: Cinderace|Cinderace, F|100/100
|turn|5
|
|t:|1743936360
|move|p1a: Great Tusk|Headlong Rush|p2a: Cinderace
|-supereffective|p2a: Cinderace
|-damage|p2a: Cinderace|0 fnt
|-unboost|p1a: Great Tusk|def|1
|-unboost|p1a: Great Tusk|spd|1
|faint|p2a: Cinderace
|
|-weather|SunnyDay|[upkeep]
|upkeep
|
|t:|1743936367
|switch|p2a: Maushold|Maushold|100/100
|turn|6
|
|t:|1743936375
|-terastallize|p2a: Maushold|Normal
|move|p1a: Great Tusk|Headlong Rush|p2a: Maushold
|-damage|p2a: Maushold|0 fnt
|-unboost|p1a: Great Tusk|def|1
|-unboost|p1a: Great Tusk|spd|1
|faint|p2a: Maushold
|
|-weather|SunnyDay|[upkeep]
|upkeep
|c|☆Jadejae|gg
|
|t:|1743936382
|switch|p2a: Trevenant|Trevenant, M, shiny|100/100
|turn|7
|
|t:|1743936389
|move|p1a: Great Tusk|Ice Spinner|p2a: Trevenant
|-supereffective|p2a: Trevenant
|-damage|p2a: Trevenant|21/100
|move|p2a: Trevenant|Drain Punch|p1a: Great Tusk
|-supereffective|p1a: Great Tusk
|-damage|p1a: Great Tusk|0 fnt
|-heal|p2a: Trevenant|35/100|[from] drain|[of] p1a: Great Tusk
|faint|p1a: Great Tusk
|-end|p1a: Great Tusk|Protosynthesis|[silent]
|
|-weather|none
|upkeep
|
|t:|1743936393
|switch|p1a: Blaziken|Blaziken, M|100/100
|turn|8
|
|t:|1743936405
|move|p1a: Blaziken|Flare Blitz|p2a: Trevenant
|-supereffective|p2a: Trevenant
|-damage|p2a: Trevenant|0 fnt
|faint|p2a: Trevenant
|-damage|p1a: Blaziken|86/100|[from] Recoil
|-damage|p1a: Blaziken|76/100|[from] item: Life Orb
|
|win|wangyuhua
|raw|wangyuhua's rating: 1080 &rarr; <strong>1108</strong><br />(+28 for winning)
|raw|Jadejae's rating: 1076 &rarr; <strong>1055</strong><br />(-21 for losing)
|l|☆Jadejae
|player|p2|
|l|☆wangyuhua
|player|p1|
