|j|☆lolcano46
|j|☆Ryan Cowtinho
|t:|1743873176
|gametype|singles
|player|p1|lolcano46|fisherman-gen4|1494
|player|p2|Ryan Cowtinho|169|1550
|teamsize|p1|6
|teamsize|p2|6
|gen|9
|tier|[Gen 9] OU
|rated|
|rule|HP Percentage Mod: HP is shown in percentages
|rule|Endless Battle Clause: Forcing endless battles is banned
|rule|Species Clause: Limit one of each Pokémon
|rule|OHKO Clause: OHKO moves are banned
|rule|Evasion Items Clause: Evasion items are banned
|rule|Evasion Moves Clause: Evasion moves are banned
|rule|Sleep Moves Clause: Sleep-inducing moves are banned
|clearpoke
|poke|p1|Azelf|
|poke|p1|Ogerpon-Wellspring, F|
|poke|p1|Scizor, F|
|poke|p1|Gengar, M|
|poke|p1|Raging Bolt|
|poke|p1|Cinderace, F|
|poke|p2|Iron Treads|
|poke|p2|Rillaboom, F|
|poke|p2|Dragapult, M|
|poke|p2|Hawlucha, F|
|poke|p2|Ogerpon-Wellspring, F|
|poke|p2|Iron Moth|
|teampreview
|inactive|Battle timer is ON: inactive players will automatically lose when time's up. (requested by lolcano46)
|
|t:|1743873181
|start
|switch|p1a: Cinderace|Cinderace, F|100/100
|switch|p2a: Iron Treads|Iron Treads|100/100
|-enditem|p2a: Iron Treads|Booster Energy
|-activate|p2a: Iron Treads|ability: Quark Drive|[fromitem]
|-start|p2a: Iron Treads|quarkdrivespe
|turn|1
|
|t:|1743873188
|move|p1a: Cinderace|Sucker Punch||[still]
|-fail|p1a: Cinderace
|move|p2a: Iron Treads|Stealth Rock|p1a: Cinderace
|-sidestart|p1: lolcano46|move: Stealth Rock
|
|upkeep
|turn|2
|
|t:|1743873191
|move|p2a: Iron Treads|Earth Power|p1a: Cinderace
|-supereffective|p1a: Cinderace
|-damage|p1a: Cinderace|8/100
|move|p1a: Cinderace|Pyro Ball|p2a: Iron Treads
|-supereffective|p2a: Iron Treads
|-damage|p2a: Iron Treads|0 fnt
|faint|p2a: Iron Treads
|-end|p2a: Iron Treads|Quark Drive|[silent]
|
|upkeep
|
|t:|1743873197
|switch|p2a: Rillaboom|Rillaboom, F|100/100
|-fieldstart|move: Grassy Terrain|[from] ability: Grassy Surge|[of] p2a: Rillaboom
|turn|3
|
|t:|1743873201
|move|p1a: Cinderace|Sucker Punch|p2a: Rillaboom
|-start|p1a: Cinderace|typechange|Dark|[from] ability: Libero
|-damage|p2a: Rillaboom|67/100
|move|p2a: Rillaboom|Grassy Glide|p1a: Cinderace
|-damage|p1a: Cinderace|0 fnt
|faint|p1a: Cinderace
|
|-heal|p2a: Rillaboom|73/100|[from] Grassy Terrain
|upkeep
|
|t:|1743873210
|switch|p1a: Azelf|Azelf|100/100
|-damage|p1a: Azelf|88/100|[from] Stealth Rock
|turn|4
|
|t:|1743873220
|move|p2a: Rillaboom|Grassy Glide|p1a: Azelf
|-damage|p1a: Azelf|21/100
|move|p1a: Azelf|Flamethrower|p2a: Rillaboom
|-supereffective|p2a: Rillaboom
|-damage|p2a: Rillaboom|0 fnt
|faint|p2a: Rillaboom
|
|upkeep
|
|t:|1743873226
|switch|p2a: Dragapult|Dragapult, M|100/100
|turn|5
|
|t:|1743873230
|-terastallize|p1a: Azelf|Fairy
|move|p2a: Dragapult|Shadow Ball|p1a: Azelf
|-damage|p1a: Azelf|0 fnt
|faint|p1a: Azelf
|
|upkeep
|
|t:|1743873234
|switch|p1a: Gengar|Gengar, M|100/100
|-damage|p1a: Gengar|88/100|[from] Stealth Rock
|turn|6
|
|t:|1743873245
|move|p1a: Gengar|Shadow Ball|p2a: Dragapult
|-supereffective|p2a: Dragapult
|-damage|p2a: Dragapult|0 fnt
|faint|p2a: Dragapult
|
|-heal|p1a: Gengar|94/100|[from] Grassy Terrain
|upkeep
|
|t:|1743873248
|switch|p2a: Iron Moth|Iron Moth|100/100
|-enditem|p2a: Iron Moth|Booster Energy
|-activate|p2a: Iron Moth|ability: Quark Drive|[fromitem]
|-start|p2a: Iron Moth|quarkdrivespe
|turn|7
|
|t:|1743873255
|move|p1a: Gengar|Shadow Ball|p2a: Iron Moth
|-damage|p2a: Iron Moth|53/100
|-unboost|p2a: Iron Moth|spd|1
|move|p2a: Iron Moth|Fiery Dance|p1a: Gengar
|-damage|p1a: Gengar|26/100
|-boost|p2a: Iron Moth|spa|1
|-start|p2a: Iron Moth|Disable|Fiery Dance|[from] ability: Cursed Body|[of] p1a: Gengar
|
|-heal|p2a: Iron Moth|59/100|[from] Grassy Terrain
|-heal|p1a: Gengar|32/100|[from] Grassy Terrain
|upkeep
|turn|8
|
|t:|1743873261
|move|p1a: Gengar|Shadow Ball|p2a: Iron Moth
|-damage|p2a: Iron Moth|0 fnt
|faint|p2a: Iron Moth
|-end|p2a: Iron Moth|Quark Drive|[silent]
|
|-heal|p1a: Gengar|38/100|[from] Grassy Terrain
|upkeep
|
|t:|1743873267
|switch|p2a: Hawlucha|Hawlucha, F|100/100
|-enditem|p2a: Hawlucha|Grassy Seed
|-boost|p2a: Hawlucha|def|1|[from] item: Grassy Seed
|turn|9
|
|t:|1743873272
|move|p2a: Hawlucha|Acrobatics|p1a: Gengar
|-damage|p1a: Gengar|0 fnt
|faint|p1a: Gengar
|
|upkeep
|
|t:|1743873275
|switch|p1a: Raging Bolt|Raging Bolt|100/100
|-damage|p1a: Raging Bolt|88/100|[from] Stealth Rock
|-enditem|p1a: Raging Bolt|Booster Energy
|-activate|p1a: Raging Bolt|ability: Protosynthesis|[fromitem]
|-start|p1a: Raging Bolt|protosynthesisspa
|turn|10
|
|t:|1743873280
|move|p2a: Hawlucha|Swords Dance|p2a: Hawlucha
|-boost|p2a: Hawlucha|atk|2
|move|p1a: Raging Bolt|Thunderbolt|p2a: Hawlucha
|-supereffective|p2a: Hawlucha
|-damage|p2a: Hawlucha|0 fnt
|faint|p2a: Hawlucha
|
|-heal|p1a: Raging Bolt|94/100|[from] Grassy Terrain
|-fieldend|move: Grassy Terrain
|upkeep
|
|t:|1743873282
|switch|p2a: Ogerpon|Ogerpon-Wellspring, F|100/100
|turn|11
|
|t:|1743873290
|move|p2a: Ogerpon|Swords Dance|p2a: Ogerpon
|-boost|p2a: Ogerpon|atk|2
|move|p1a: Raging Bolt|Thunderbolt|p2a: Ogerpon
|-damage|p2a: Ogerpon|15/100
|
|upkeep
|turn|12
|
|t:|1743873296
|move|p2a: Ogerpon|Play Rough|p1a: Raging Bolt
|-supereffective|p1a: Raging Bolt
|-damage|p1a: Raging Bolt|0 fnt
|faint|p1a: Raging Bolt
|-end|p1a: Raging Bolt|Protosynthesis|[silent]
|
|upkeep
|-message|Ryan Cowtinho forfeited.
|
|win|lolcano46
|raw|lolcano46's rating: 1494 &rarr; <strong>1517</strong><br />(+23 for winning)
|raw|Ryan Cowtinho's rating: 1550 &rarr; <strong>1527</strong><br />(-23 for losing)
|l|☆Ryan Cowtinho
|player|p2|
|l|☆lolcano46
|player|p1|
