|badge|p2|bronze|gen9ou|100-5
|uhtml|medal-msg|<div class="broadcast-blue">Curious what those medals under the avatar are? PS now has Ladder Seasons! For more information, check out the <a href="https://www.smogon.com/forums/threads/3740067/">thread on Smogon.</a></div>
|j|☆Trainer #39
|j|☆Prav33n
|t:|1743871546
|gametype|singles
|player|p1|Trainer #39|pokemonbreeder|1735
|player|p2|Prav33n|koga|1811
|teamsize|p1|6
|teamsize|p2|6
|gen|9
|tier|[Gen 9] OU
|rated|
|rule|HP Percentage Mod: HP is shown in percentages
|rule|Endless Battle Clause: Forcing endless battles is banned
|rule|Species Clause: Limit one of each Pokémon
|rule|OHKO Clause: OHKO moves are banned
|rule|Evasion Items Clause: Evasion items are banned
|rule|Evasion Moves Clause: Evasion moves are banned
|rule|Sleep Moves Clause: Sleep-inducing moves are banned
|clearpoke
|poke|p1|Blissey, F|
|poke|p1|Corviknight, F|
|poke|p1|Dondozo, M|
|poke|p1|Gliscor, M|
|poke|p1|Clefable, M|
|poke|p1|Slowking-Galar, M|
|poke|p2|Ogerpon-Wellspring, F|
|poke|p2|Darkrai|
|poke|p2|Hatterene, F|
|poke|p2|Landorus-Therian, M|
|poke|p2|Dragonite, M|
|poke|p2|Zamazenta-*|
|teampreview
|inactive|Battle timer is ON: inactive players will automatically lose when time's up. (requested by Prav33n)
|j| MiniLarry
|
|t:|1743871578
|start
|switch|p1a: 🇮🇱=ter*orists|Gliscor, M|100/100
|switch|p2a: Darkrai|Darkrai|100/100
|turn|1
|
|t:|1743871582
|move|p1a: 🇮🇱=ter*orists|Protect|p1a: 🇮🇱=ter*orists
|-singleturn|p1a: 🇮🇱=ter*orists|Protect
|move|p2a: Darkrai|Will-O-Wisp|p1a: 🇮🇱=ter*orists
|-activate|p1a: 🇮🇱=ter*orists|move: Protect
|
|-status|p1a: 🇮🇱=ter*orists|tox|[from] item: Toxic Orb
|upkeep
|turn|2
|
|t:|1743871586
|switch|p1a: brat|Blissey, F|100/100
|move|p2a: Darkrai|Will-O-Wisp|p1a: brat|[miss]
|-miss|p2a: Darkrai|p1a: brat
|
|upkeep
|turn|3
|
|t:|1743871594
|switch|p2a: Hatterene|Hatterene, F|100/100
|move|p1a: brat|Stealth Rock|p2a: Hatterene
|move|p2a: Hatterene|Stealth Rock|p1a: brat|[from] ability: Magic Bounce
|-sidestart|p1: Trainer #39|move: Stealth Rock
|
|upkeep
|turn|4
|
|t:|1743871602
|switch|p1a: Kanye|Slowking-Galar, M|100/100
|-damage|p1a: Kanye|88/100|[from] Stealth Rock
|switch|p2a: Landorus|Landorus-Therian, M|100/100
|-ability|p2a: Landorus|Intimidate|boost
|-unboost|p1a: Kanye|atk|1
|
|upkeep
|turn|5
|
|t:|1743871606
|switch|p1a: 🇮🇱=ter*orists|Gliscor, M|100/100 tox
|-damage|p1a: 🇮🇱=ter*orists|88/100 tox|[from] Stealth Rock
|move|p2a: Landorus|Earthquake|p1a: 🇮🇱=ter*orists
|-immune|p1a: 🇮🇱=ter*orists
|
|-heal|p1a: 🇮🇱=ter*orists|100/100 tox|[from] ability: Poison Heal
|upkeep
|turn|6
|
|t:|1743871608
|move|p2a: Landorus|U-turn|p1a: 🇮🇱=ter*orists
|-resisted|p1a: 🇮🇱=ter*orists
|-damage|p1a: 🇮🇱=ter*orists|94/100 tox
|
|t:|1743871611
|switch|p2a: Hatterene|Hatterene, F|100/100|[from] U-turn
|move|p1a: 🇮🇱=ter*orists|Toxic|p2a: Hatterene
|move|p2a: Hatterene|Toxic|p1a: 🇮🇱=ter*orists|[from] ability: Magic Bounce
|-fail|p1a: 🇮🇱=ter*orists|tox
|
|-heal|p1a: 🇮🇱=ter*orists|100/100 tox|[from] ability: Poison Heal
|upkeep
|turn|7
|
|t:|1743871613
|switch|p1a: Kanye|Slowking-Galar, M|100/100
|-damage|p1a: Kanye|88/100|[from] Stealth Rock
|move|p2a: Hatterene|Psychic Noise|p1a: Kanye
|-damage|p1a: Kanye|58/100
|-start|p1a: Kanye|move: Heal Block
|
|upkeep
|turn|8
|
|t:|1743871618
|move|p1a: Kanye|Sludge Bomb|p2a: Hatterene
|-supereffective|p2a: Hatterene
|-crit|p2a: Hatterene
|-damage|p2a: Hatterene|31/100
|-status|p2a: Hatterene|psn
|move|p2a: Hatterene|Nuzzle|p1a: Kanye
|-damage|p1a: Kanye|54/100
|-status|p1a: Kanye|par
|
|-damage|p2a: Hatterene|18/100 psn|[from] psn
|-end|p1a: Kanye|move: Heal Block
|upkeep
|turn|9
|
|t:|1743871638
|switch|p1a: 🇮🇱=ter*orists|Gliscor, M|100/100 tox
|-damage|p1a: 🇮🇱=ter*orists|88/100 tox|[from] Stealth Rock
|move|p2a: Hatterene|Psychic Noise|p1a: 🇮🇱=ter*orists
|-damage|p1a: 🇮🇱=ter*orists|41/100 tox
|-start|p1a: 🇮🇱=ter*orists|move: Heal Block
|
|-damage|p2a: Hatterene|6/100 psn|[from] psn
|upkeep
|turn|10
|inactive|Prav33n has 120 seconds left.
|
|t:|1743871661
|move|p1a: 🇮🇱=ter*orists|Earthquake|p2a: Hatterene
|-damage|p2a: Hatterene|0 fnt
|faint|p2a: Hatterene
|
|-end|p1a: 🇮🇱=ter*orists|move: Heal Block
|upkeep
|
|t:|1743871663
|switch|p2a: Ogerpon|Ogerpon-Wellspring, F|100/100
|turn|11
|l| MiniLarry
|
|t:|1743871688
|switch|p1a: BIRDS OF A FEATHER|Corviknight, F|100/100
|-damage|p1a: BIRDS OF A FEATHER|88/100|[from] Stealth Rock
|-ability|p1a: BIRDS OF A FEATHER|Pressure
|move|p2a: Ogerpon|Ivy Cudgel|p1a: BIRDS OF A FEATHER|[anim] Ivy Cudgel Water
|-damage|p1a: BIRDS OF A FEATHER|52/100
|
|upkeep
|turn|12
|
|t:|1743871693
|move|p2a: Ogerpon|U-turn|p1a: BIRDS OF A FEATHER
|-resisted|p1a: BIRDS OF A FEATHER
|-damage|p1a: BIRDS OF A FEATHER|48/100
|-damage|p2a: Ogerpon|84/100|[from] item: Rocky Helmet|[of] p1a: BIRDS OF A FEATHER
|
|t:|1743871695
|switch|p2a: Dragonite|Dragonite, M, shiny|100/100|[from] U-turn
|move|p1a: BIRDS OF A FEATHER|Roost|p1a: BIRDS OF A FEATHER
|-heal|p1a: BIRDS OF A FEATHER|98/100
|-singleturn|p1a: BIRDS OF A FEATHER|move: Roost
|
|upkeep
|turn|13
|
|t:|1743871698
|move|p2a: Dragonite|Encore|p1a: BIRDS OF A FEATHER
|-start|p1a: BIRDS OF A FEATHER|Encore
|move|p1a: BIRDS OF A FEATHER|Roost|p1a: BIRDS OF A FEATHER
|-heal|p1a: BIRDS OF A FEATHER|100/100
|-singleturn|p1a: BIRDS OF A FEATHER|move: Roost
|
|upkeep
|turn|14
|
|t:|1743871700
|switch|p1a: 808 and curses|Dondozo, M|100/100
|-damage|p1a: 808 and curses|88/100|[from] Stealth Rock
|move|p2a: Dragonite|Dragon Dance|p2a: Dragonite
|-boost|p2a: Dragonite|atk|1
|-boost|p2a: Dragonite|spe|1
|
|-heal|p1a: 808 and curses|94/100|[from] item: Leftovers
|upkeep
|turn|15
|
|t:|1743871714
|switch|p2a: Ogerpon|Ogerpon-Wellspring, F|84/100
|move|p1a: 808 and curses|Curse|p1a: 808 and curses
|-unboost|p1a: 808 and curses|spe|1
|-boost|p1a: 808 and curses|atk|1
|-boost|p1a: 808 and curses|def|1
|
|-heal|p1a: 808 and curses|99/100|[from] item: Leftovers
|upkeep
|turn|16
|inactive|Trainer #39 has 120 seconds left.
|inactive|Trainer #39 has 90 seconds left.
|
|t:|1743871779
|switch|p1a: BIRDS OF A FEATHER|Corviknight, F|100/100
|-damage|p1a: BIRDS OF A FEATHER|88/100|[from] Stealth Rock
|-ability|p1a: BIRDS OF A FEATHER|Pressure
|move|p2a: Ogerpon|Power Whip|p1a: BIRDS OF A FEATHER
|-resisted|p1a: BIRDS OF A FEATHER
|-damage|p1a: BIRDS OF A FEATHER|77/100
|-damage|p2a: Ogerpon|67/100|[from] item: Rocky Helmet|[of] p1a: BIRDS OF A FEATHER
|
|upkeep
|turn|17
|
|t:|1743871786
|move|p2a: Ogerpon|Ivy Cudgel|p1a: BIRDS OF A FEATHER|[anim] Ivy Cudgel Water
|-damage|p1a: BIRDS OF A FEATHER|44/100
|move|p1a: BIRDS OF A FEATHER|Defog|p2a: Ogerpon
|-unboost|p2a: Ogerpon|evasion|1
|-sideend|p1: Trainer #39|Stealth Rock|[from] move: Defog|[of] p1a: BIRDS OF A FEATHER
|
|upkeep
|turn|18
|
|t:|1743871792
|switch|p2a: Dragonite|Dragonite, M, shiny|100/100
|move|p1a: BIRDS OF A FEATHER|Roost|p1a: BIRDS OF A FEATHER
|-heal|p1a: BIRDS OF A FEATHER|94/100
|-singleturn|p1a: BIRDS OF A FEATHER|move: Roost
|
|upkeep
|turn|19
|
|t:|1743871796
|switch|p1a: 808 and curses|Dondozo, M|99/100
|move|p2a: Dragonite|Dragon Dance|p2a: Dragonite
|-boost|p2a: Dragonite|atk|1
|-boost|p2a: Dragonite|spe|1
|
|-heal|p1a: 808 and curses|100/100|[from] item: Leftovers
|upkeep
|turn|20
|
|t:|1743871809
|switch|p2a: Ogerpon|Ogerpon-Wellspring, F|67/100
|move|p1a: 808 and curses|Curse|p1a: 808 and curses
|-unboost|p1a: 808 and curses|spe|1
|-boost|p1a: 808 and curses|atk|1
|-boost|p1a: 808 and curses|def|1
|
|upkeep
|turn|21
|inactive|Trainer #39 has 120 seconds left.
|
|t:|1743871852
|switch|p1a: BIRDS OF A FEATHER|Corviknight, F|94/100
|-ability|p1a: BIRDS OF A FEATHER|Pressure
|move|p2a: Ogerpon|Power Whip|p1a: BIRDS OF A FEATHER|[miss]
|-miss|p2a: Ogerpon|p1a: BIRDS OF A FEATHER
|
|upkeep
|turn|22
|
|t:|1743871858
|switch|p2a: Landorus|Landorus-Therian, M|100/100
|-ability|p2a: Landorus|Intimidate|boost
|-unboost|p1a: BIRDS OF A FEATHER|atk|1
|move|p1a: BIRDS OF A FEATHER|U-turn|p2a: Landorus
|-resisted|p2a: Landorus
|-damage|p2a: Landorus|96/100
|-damage|p1a: BIRDS OF A FEATHER|77/100|[from] item: Rocky Helmet|[of] p2a: Landorus
|
|t:|1743871860
|switch|p1a: 🇮🇱=ter*orists|Gliscor, M|41/100 tox|[from] U-turn
|
|-heal|p1a: 🇮🇱=ter*orists|54/100 tox|[from] ability: Poison Heal
|upkeep
|turn|23
|
|t:|1743871867
|move|p2a: Landorus|Stealth Rock|p1a: 🇮🇱=ter*orists
|-sidestart|p1: Trainer #39|move: Stealth Rock
|move|p1a: 🇮🇱=ter*orists|Toxic|p2a: Landorus
|-status|p2a: Landorus|tox
|
|-damage|p2a: Landorus|90/100 tox|[from] psn
|-heal|p1a: 🇮🇱=ter*orists|66/100 tox|[from] ability: Poison Heal
|upkeep
|turn|24
|
|t:|1743871872
|switch|p2a: Darkrai|Darkrai|100/100
|move|p1a: 🇮🇱=ter*orists|Substitute|p1a: 🇮🇱=ter*orists
|-start|p1a: 🇮🇱=ter*orists|Substitute
|-damage|p1a: 🇮🇱=ter*orists|41/100 tox
|
|-heal|p1a: 🇮🇱=ter*orists|54/100 tox|[from] ability: Poison Heal
|upkeep
|turn|25
|
|t:|1743871874
|move|p2a: Darkrai|Ice Beam|p1a: 🇮🇱=ter*orists
|-supereffective|p1a: 🇮🇱=ter*orists
|-end|p1a: 🇮🇱=ter*orists|Substitute
|move|p1a: 🇮🇱=ter*orists|Toxic|p2a: Darkrai
|-status|p2a: Darkrai|tox
|
|-damage|p2a: Darkrai|94/100 tox|[from] psn
|-heal|p1a: 🇮🇱=ter*orists|66/100 tox|[from] ability: Poison Heal
|upkeep
|turn|26
|
|t:|1743871878
|switch|p2a: Dragonite|Dragonite, M, shiny|100/100
|move|p1a: 🇮🇱=ter*orists|Protect||[still]
|-fail|p1a: 🇮🇱=ter*orists
|
|-heal|p1a: 🇮🇱=ter*orists|79/100 tox|[from] ability: Poison Heal
|upkeep
|turn|27
|
|t:|1743871882
|move|p1a: 🇮🇱=ter*orists|Protect|p1a: 🇮🇱=ter*orists
|-singleturn|p1a: 🇮🇱=ter*orists|Protect
|move|p2a: Dragonite|Encore|p1a: 🇮🇱=ter*orists
|-activate|p1a: 🇮🇱=ter*orists|move: Protect
|
|-heal|p1a: 🇮🇱=ter*orists|91/100 tox|[from] ability: Poison Heal
|upkeep
|turn|28
|
|t:|1743871885
|switch|p1a: BIRDS OF A FEATHER|Corviknight, F|77/100
|-damage|p1a: BIRDS OF A FEATHER|65/100|[from] Stealth Rock
|-ability|p1a: BIRDS OF A FEATHER|Pressure
|move|p2a: Dragonite|Dragon Dance|p2a: Dragonite
|-boost|p2a: Dragonite|atk|1
|-boost|p2a: Dragonite|spe|1
|
|upkeep
|turn|29
|
|t:|1743871901
|move|p2a: Dragonite|Dragon Dance|p2a: Dragonite
|-boost|p2a: Dragonite|atk|1
|-boost|p2a: Dragonite|spe|1
|move|p1a: BIRDS OF A FEATHER|Defog|p2a: Dragonite
|-unboost|p2a: Dragonite|evasion|1
|-sideend|p1: Trainer #39|Stealth Rock|[from] move: Defog|[of] p1a: BIRDS OF A FEATHER
|
|upkeep
|turn|30
|
|t:|1743871910
|move|p2a: Dragonite|Encore|p1a: BIRDS OF A FEATHER
|-start|p1a: BIRDS OF A FEATHER|Encore
|move|p1a: BIRDS OF A FEATHER|Defog|p2a: Dragonite
|-unboost|p2a: Dragonite|evasion|1
|
|upkeep
|turn|31
|
|t:|1743871929
|switch|p1a: 808 and curses|Dondozo, M|100/100
|-terastallize|p2a: Dragonite|Flying
|move|p2a: Dragonite|Tera Blast|p1a: 808 and curses|[anim] Tera Blast Flying
|-damage|p1a: 808 and curses|72/100
|
|-heal|p1a: 808 and curses|78/100|[from] item: Leftovers
|upkeep
|turn|32
|inactive|Trainer #39 has 120 seconds left.
|
|t:|1743871972
|move|p2a: Dragonite|Tera Blast|p1a: 808 and curses|[anim] Tera Blast Flying
|-damage|p1a: 808 and curses|49/100
|move|p1a: 808 and curses|Curse|p1a: 808 and curses
|-unboost|p1a: 808 and curses|spe|1
|-boost|p1a: 808 and curses|atk|1
|-boost|p1a: 808 and curses|def|1
|
|-heal|p1a: 808 and curses|55/100|[from] item: Leftovers
|upkeep
|turn|33
|
|t:|1743871979
|move|p2a: Dragonite|Tera Blast|p1a: 808 and curses|[anim] Tera Blast Flying
|-damage|p1a: 808 and curses|36/100
|move|p1a: 808 and curses|Waterfall|p2a: Dragonite
|-damage|p2a: Dragonite|79/100
|
|-heal|p1a: 808 and curses|42/100|[from] item: Leftovers
|upkeep
|turn|34
|
|t:|1743871985
|move|p2a: Dragonite|Tera Blast|p1a: 808 and curses|[anim] Tera Blast Flying
|-damage|p1a: 808 and curses|25/100
|move|p1a: 808 and curses|Rest|p1a: 808 and curses
|-status|p1a: 808 and curses|slp|[from] move: Rest
|-heal|p1a: 808 and curses|100/100 slp|[silent]
|
|upkeep
|turn|35
|
|t:|1743871990
|move|p2a: Dragonite|Encore|p1a: 808 and curses
|-start|p1a: 808 and curses|Encore
|cant|p1a: 808 and curses|slp
|
|upkeep
|turn|36
|
|t:|1743871994
|move|p2a: Dragonite|Earthquake|p1a: 808 and curses
|-damage|p1a: 808 and curses|89/100 slp
|cant|p1a: 808 and curses|slp
|
|-heal|p1a: 808 and curses|95/100 slp|[from] item: Leftovers
|upkeep
|turn|37
|
|t:|1743871998
|move|p2a: Dragonite|Earthquake|p1a: 808 and curses
|-damage|p1a: 808 and curses|84/100 slp
|-curestatus|p1a: 808 and curses|slp|[msg]
|move|p1a: 808 and curses|Rest|p1a: 808 and curses
|-status|p1a: 808 and curses|slp|[from] move: Rest
|-heal|p1a: 808 and curses|100/100 slp|[silent]
|
|-end|p1a: 808 and curses|Encore
|upkeep
|turn|38
|
|t:|1743872002
|move|p2a: Dragonite|Encore|p1a: 808 and curses
|-start|p1a: 808 and curses|Encore
|cant|p1a: 808 and curses|slp
|
|upkeep
|turn|39
|
|t:|1743872005
|move|p2a: Dragonite|Earthquake|p1a: 808 and curses
|-damage|p1a: 808 and curses|89/100 slp
|cant|p1a: 808 and curses|slp
|
|-heal|p1a: 808 and curses|95/100 slp|[from] item: Leftovers
|upkeep
|turn|40
|
|t:|1743872009
|move|p2a: Dragonite|Earthquake|p1a: 808 and curses
|-damage|p1a: 808 and curses|84/100 slp
|-curestatus|p1a: 808 and curses|slp|[msg]
|move|p1a: 808 and curses|Rest|p1a: 808 and curses
|-status|p1a: 808 and curses|slp|[from] move: Rest
|-heal|p1a: 808 and curses|100/100 slp|[silent]
|
|-end|p1a: 808 and curses|Encore
|upkeep
|turn|41
|
|t:|1743872015
|switch|p1a: BIRDS OF A FEATHER|Corviknight, F|65/100
|-ability|p1a: BIRDS OF A FEATHER|Pressure
|move|p2a: Dragonite|Earthquake|p1a: BIRDS OF A FEATHER
|-immune|p1a: BIRDS OF A FEATHER
|
|upkeep
|turn|42
|
|t:|1743872019
|switch|p1a: 808 and curses|Dondozo, M|100/100 slp
|move|p2a: Dragonite|Tera Blast|p1a: 808 and curses|[anim] Tera Blast Flying
|-damage|p1a: 808 and curses|72/100 slp
|
|-heal|p1a: 808 and curses|78/100 slp|[from] item: Leftovers
|upkeep
|turn|43
|
|t:|1743872024
|move|p2a: Dragonite|Tera Blast|p1a: 808 and curses|[anim] Tera Blast Flying
|-damage|p1a: 808 and curses|52/100 slp
|cant|p1a: 808 and curses|slp
|move|p1a: 808 and curses|Sleep Talk|p1a: 808 and curses
|move|p1a: 808 and curses|Curse|p1a: 808 and curses|[from] move: Sleep Talk
|-unboost|p1a: 808 and curses|spe|1
|-boost|p1a: 808 and curses|atk|1
|-boost|p1a: 808 and curses|def|1
|
|-heal|p1a: 808 and curses|58/100 slp|[from] item: Leftovers
|upkeep
|turn|44
|
|t:|1743872027
|move|p2a: Dragonite|Encore||[still]
|-fail|p2a: Dragonite
|cant|p1a: 808 and curses|slp
|move|p1a: 808 and curses|Sleep Talk|p1a: 808 and curses
|move|p1a: 808 and curses|Waterfall|p2a: Dragonite|[from] move: Sleep Talk
|-damage|p2a: Dragonite|31/100
|
|-heal|p1a: 808 and curses|65/100 slp|[from] item: Leftovers
|upkeep
|turn|45
|
|t:|1743872037
|move|p2a: Dragonite|Tera Blast|p1a: 808 and curses|[anim] Tera Blast Flying
|-damage|p1a: 808 and curses|45/100 slp
|-curestatus|p1a: 808 and curses|slp|[msg]
|move|p1a: 808 and curses|Waterfall|p2a: Dragonite
|-damage|p2a: Dragonite|0 fnt
|faint|p2a: Dragonite
|
|-heal|p1a: 808 and curses|51/100|[from] item: Leftovers
|upkeep
|
|t:|1743872040
|switch|p2a: Ogerpon|Ogerpon-Wellspring, F|67/100
|turn|46
|
|t:|1743872045
|switch|p1a: BIRDS OF A FEATHER|Corviknight, F|65/100
|-ability|p1a: BIRDS OF A FEATHER|Pressure
|move|p2a: Ogerpon|Ivy Cudgel|p1a: BIRDS OF A FEATHER|[anim] Ivy Cudgel Water
|-damage|p1a: BIRDS OF A FEATHER|32/100
|
|upkeep
|turn|47
|
|t:|1743872050
|move|p2a: Ogerpon|Ivy Cudgel|p1a: BIRDS OF A FEATHER|[anim] Ivy Cudgel Water
|-crit|p1a: BIRDS OF A FEATHER
|-damage|p1a: BIRDS OF A FEATHER|0 fnt
|faint|p1a: BIRDS OF A FEATHER
|
|upkeep
|
|t:|1743872053
|switch|p1a: 808 and curses|Dondozo, M|51/100
|turn|48
|
|t:|1743872056
|-terastallize|p1a: 808 and curses|Dragon
|move|p2a: Ogerpon|Ivy Cudgel|p1a: 808 and curses|[anim] Ivy Cudgel Water
|-resisted|p1a: 808 and curses
|-damage|p1a: 808 and curses|38/100
|move|p1a: 808 and curses|Curse|p1a: 808 and curses
|-unboost|p1a: 808 and curses|spe|1
|-boost|p1a: 808 and curses|atk|1
|-boost|p1a: 808 and curses|def|1
|
|-heal|p1a: 808 and curses|44/100|[from] item: Leftovers
|upkeep
|turn|49
|
|t:|1743872063
|move|p2a: Ogerpon|U-turn|p1a: 808 and curses
|-crit|p1a: 808 and curses
|-damage|p1a: 808 and curses|27/100
|
|t:|1743872068
|switch|p2a: Darkrai|Darkrai|94/100 tox|[from] U-turn
|move|p1a: 808 and curses|Rest|p1a: 808 and curses
|-status|p1a: 808 and curses|slp|[from] move: Rest
|-heal|p1a: 808 and curses|100/100 slp|[silent]
|
|-damage|p2a: Darkrai|88/100 tox|[from] psn
|-damage|p1a: 808 and curses|88/100 slp|[from] ability: Bad Dreams|[of] p2a: Darkrai
|upkeep
|turn|50
|
|t:|1743872072
|switch|p2a: Ogerpon|Ogerpon-Wellspring, F|67/100
|switch|p1a: brat|Blissey, F|100/100
|
|upkeep
|turn|51
|
|t:|1743872077
|switch|p1a: 808 and curses|Dondozo, M, tera:Dragon|88/100 slp
|move|p2a: Ogerpon|U-turn|p1a: 808 and curses
|-damage|p1a: 808 and curses|75/100 slp
|
|t:|1743872079
|switch|p2a: Darkrai|Darkrai|88/100 tox|[from] U-turn
|
|-heal|p1a: 808 and curses|82/100 slp|[from] item: Leftovers
|-damage|p2a: Darkrai|82/100 tox|[from] psn
|-damage|p1a: 808 and curses|69/100 slp|[from] ability: Bad Dreams|[of] p2a: Darkrai
|upkeep
|turn|52
|
|t:|1743872084
|switch|p2a: Ogerpon|Ogerpon-Wellspring, F|67/100
|switch|p1a: brat|Blissey, F|100/100
|
|upkeep
|turn|53
|
|t:|1743872088
|switch|p1a: 808 and curses|Dondozo, M, tera:Dragon|69/100 slp
|move|p2a: Ogerpon|U-turn|p1a: 808 and curses
|-damage|p1a: 808 and curses|57/100 slp
|
|t:|1743872089
|switch|p2a: Darkrai|Darkrai|82/100 tox|[from] U-turn
|
|-heal|p1a: 808 and curses|64/100 slp|[from] item: Leftovers
|-damage|p2a: Darkrai|76/100 tox|[from] psn
|-damage|p1a: 808 and curses|51/100 slp|[from] ability: Bad Dreams|[of] p2a: Darkrai
|upkeep
|turn|54
|
|t:|1743872095
|switch|p1a: Charli xcx|Clefable, M|100/100
|move|p2a: Darkrai|Ice Beam|p1a: Charli xcx
|-damage|p1a: Charli xcx|80/100
|
|-damage|p2a: Darkrai|64/100 tox|[from] psn
|upkeep
|turn|55
|
|t:|1743872098
|switch|p2a: Landorus|Landorus-Therian, M|90/100 tox
|-ability|p2a: Landorus|Intimidate|boost
|-unboost|p1a: Charli xcx|atk|1
|move|p1a: Charli xcx|Wish|p1a: Charli xcx
|
|-damage|p2a: Landorus|84/100 tox|[from] psn
|upkeep
|turn|56
|
|t:|1743872103
|switch|p1a: 808 and curses|Dondozo, M, tera:Dragon|51/100 slp
|move|p2a: Landorus|Stealth Rock|p1a: 808 and curses
|-sidestart|p1: Trainer #39|move: Stealth Rock
|
|-heal|p1a: 808 and curses|90/100 slp|[from] move: Wish|[wisher] Charli xcx
|-heal|p1a: 808 and curses|96/100 slp|[from] item: Leftovers
|-damage|p2a: Landorus|72/100 tox|[from] psn
|upkeep
|turn|57
|
|t:|1743872106
|move|p2a: Landorus|U-turn|p1a: 808 and curses
|-damage|p1a: 808 and curses|87/100 slp
|
|t:|1743872107
|switch|p2a: Darkrai|Darkrai|64/100 tox|[from] U-turn
|cant|p1a: 808 and curses|slp
|move|p1a: 808 and curses|Sleep Talk|p1a: 808 and curses
|move|p1a: 808 and curses|Rest||[from] move: Sleep Talk|[still]
|-fail|p1a: 808 and curses
|
|-heal|p1a: 808 and curses|93/100 slp|[from] item: Leftovers
|-damage|p2a: Darkrai|58/100 tox|[from] psn
|-damage|p1a: 808 and curses|80/100 slp|[from] ability: Bad Dreams|[of] p2a: Darkrai
|upkeep
|turn|58
|
|t:|1743872113
|switch|p2a: Landorus|Landorus-Therian, M|72/100 tox
|-ability|p2a: Landorus|Intimidate|boost
|-unboost|p1a: 808 and curses|atk|1
|switch|p1a: brat|Blissey, F|100/100
|
|-damage|p2a: Landorus|66/100 tox|[from] psn
|upkeep
|turn|59
|
|t:|1743872115
|switch|p1a: 🇮🇱=ter*orists|Gliscor, M|91/100 tox
|-damage|p1a: 🇮🇱=ter*orists|79/100 tox|[from] Stealth Rock
|move|p2a: Landorus|Earthquake|p1a: 🇮🇱=ter*orists
|-immune|p1a: 🇮🇱=ter*orists
|
|-damage|p2a: Landorus|54/100 tox|[from] psn
|-heal|p1a: 🇮🇱=ter*orists|91/100 tox|[from] ability: Poison Heal
|upkeep
|turn|60
|
|t:|1743872118
|switch|p2a: Ogerpon|Ogerpon-Wellspring, F|67/100
|move|p1a: 🇮🇱=ter*orists|Substitute|p1a: 🇮🇱=ter*orists
|-start|p1a: 🇮🇱=ter*orists|Substitute
|-damage|p1a: 🇮🇱=ter*orists|66/100 tox
|
|-heal|p1a: 🇮🇱=ter*orists|79/100 tox|[from] ability: Poison Heal
|upkeep
|turn|61
|-message|Prav33n forfeited.
|
|win|Trainer #39
|raw|Trainer #39's rating: 1735 &rarr; <strong>1759</strong><br />(+24 for winning)
|raw|Prav33n's rating: 1811 &rarr; <strong>1787</strong><br />(-24 for losing)
|l|☆Prav33n
|player|p2|
|l|☆Trainer #39
|player|p1|
