|j|☆tread and die
|j|☆Bankai99
|t:|1743902063
|gametype|singles
|player|p1|tread and die|102|
|player|p2|Bankai99|pokemaniac|
|teamsize|p1|6
|teamsize|p2|6
|gen|9
|tier|[Gen 9] OU
|rule|HP Percentage Mod: HP is shown in percentages
|rule|Endless Battle Clause: Forcing endless battles is banned
|rule|Species Clause: Limit one of each Pokémon
|rule|OHKO Clause: OHKO moves are banned
|rule|Evasion Items Clause: Evasion items are banned
|rule|Evasion Moves Clause: Evasion moves are banned
|rule|Sleep Moves Clause: Sleep-inducing moves are banned
|clearpoke
|poke|p1|Iron Moth|
|poke|p1|Terrakion|
|poke|p1|Darkrai|
|poke|p1|Serperior, M|
|poke|p1|Azumarill, F|
|poke|p1|Feraligatr, F|
|poke|p2|Garganacl, M|
|poke|p2|Metagross|
|poke|p2|Clodsire, F|
|poke|p2|Umbreon, M|
|poke|p2|Zapdos|
|poke|p2|Ogerpon-Wellspring, F|
|teampreview
|j| kthehighkid
|c|☆tread and die|glhf
|c|☆Bankai99|glhf
|j| tasty toilet water
|j| jumblemuffler
|j| Mood1e
|
|t:|1743902098
|start
|switch|p1a: Terrakion|Terrakion|100/100
|switch|p2a: Umbreon|Umbreon, M, shiny|100/100
|turn|1
|
|t:|1743902115
|move|p1a: Terrakion|Close Combat|p2a: Umbreon
|-supereffective|p2a: Umbreon
|-damage|p2a: Umbreon|0 fnt
|-unboost|p1a: Terrakion|def|1
|-unboost|p1a: Terrakion|spd|1
|faint|p2a: Umbreon
|
|upkeep
|
|t:|1743902168
|switch|p2a: Rock|Garganacl, M|100/100
|turn|2
|
|t:|1743902182
|-terastallize|p2a: Rock|Ghost
|move|p1a: Terrakion|Close Combat|p2a: Rock
|-immune|p2a: Rock
|move|p2a: Rock|Iron Defense|p2a: Rock
|-boost|p2a: Rock|def|2
|
|upkeep
|turn|3
|
|t:|1743902192
|switch|p1a: Darkrai|Darkrai|100/100
|move|p2a: Rock|Iron Defense|p2a: Rock
|-boost|p2a: Rock|def|2
|
|upkeep
|turn|4
|
|t:|1743902200
|move|p1a: Darkrai|Dark Pulse|p2a: Rock
|-supereffective|p2a: Rock
|-damage|p2a: Rock|8/100
|cant|p2a: Rock|flinch
|
|-heal|p2a: Rock|14/100|[from] item: Leftovers
|upkeep
|turn|5
|c|☆tread and die|sorry
|
|t:|1743902239
|move|p1a: Darkrai|Dark Pulse|p2a: Rock
|-supereffective|p2a: Rock
|-damage|p2a: Rock|0 fnt
|faint|p2a: Rock
|
|upkeep
|
|t:|1743902289
|switch|p2a: water boy|Ogerpon-Wellspring, F|100/100
|turn|6
|
|t:|1743902310
|move|p1a: Darkrai|Dark Pulse|p2a: water boy
|-damage|p2a: water boy|43/100
|cant|p2a: water boy|flinch
|
|upkeep
|turn|7
|
|t:|1743902340
|move|p1a: Darkrai|Dark Pulse|p2a: water boy
|-damage|p2a: water boy|0 fnt
|faint|p2a: water boy
|
|upkeep
|
|t:|1743902352
|switch|p2a: Metal|Metagross, shiny|100/100
|turn|8
|j| Westblowfish
|
|t:|1743902389
|switch|p2a: Lord|Clodsire, F, shiny|100/100
|move|p1a: Darkrai|Dark Pulse|p2a: Lord
|-damage|p2a: Lord|77/100
|
|-heal|p2a: Lord|83/100|[from] item: Leftovers
|upkeep
|turn|9
|
|t:|1743902407
|switch|p1a: Serperior|Serperior, M|100/100
|move|p2a: Lord|Toxic|p1a: Serperior
|-status|p1a: Serperior|tox
|
|-heal|p2a: Lord|90/100|[from] item: Leftovers
|-damage|p1a: Serperior|94/100 tox|[from] psn
|upkeep
|turn|10
|
|t:|1743902416
|switch|p2a: zap|Zapdos|100/100
|move|p1a: Serperior|Leaf Storm|p2a: zap
|-resisted|p2a: zap
|-damage|p2a: zap|77/100
|-boost|p1a: Serperior|spa|2
|
|-heal|p1a: Serperior|100/100 tox|[from] item: Leftovers
|-damage|p1a: Serperior|88/100 tox|[from] psn
|upkeep
|turn|11
|c| jumblemuffler|ETIENNE?!?!?!
|
|t:|1743902454
|switch|p1a: Terrakion|Terrakion|100/100
|move|p2a: zap|Heat Wave|p1a: Terrakion|[miss]
|-miss|p2a: zap|p1a: Terrakion
|
|upkeep
|turn|12
|c| Westblowfish|YERD
|c| Westblowfish|on my laptop
|
|t:|1743902485
|switch|p2a: Metal|Metagross, shiny|100/100
|move|p1a: Terrakion|Stone Edge|p2a: Metal
|-resisted|p2a: Metal
|-damage|p2a: Metal|82/100
|
|upkeep
|turn|13
|c| Westblowfish|gonna be home around 10:30
|
|t:|1743902501
|-terastallize|p1a: Terrakion|Ground
|move|p1a: Terrakion|Swords Dance|p1a: Terrakion
|-boost|p1a: Terrakion|atk|2
|move|p2a: Metal|Meteor Mash|p1a: Terrakion
|-damage|p1a: Terrakion|39/100
|
|upkeep
|turn|14
|c| Westblowfish|had to catch the battle
|
|t:|1743902515
|move|p1a: Terrakion|Earthquake|p2a: Metal
|-supereffective|p2a: Metal
|-damage|p2a: Metal|0 fnt
|faint|p2a: Metal
|
|upkeep
|
|t:|1743902527
|switch|p2a: zap|Zapdos|77/100
|turn|15
|
|t:|1743902538
|move|p1a: Terrakion|Stone Edge|p2a: zap
|-supereffective|p2a: zap
|-crit|p2a: zap
|-damage|p2a: zap|0 fnt
|faint|p2a: zap
|
|upkeep
|
|t:|1743902543
|switch|p2a: Lord|Clodsire, F, shiny|90/100
|turn|16
|c| jumblemuffler|gg fellas
|c| Westblowfish|Clodsire sweep
|
|t:|1743902550
|move|p1a: Terrakion|Earthquake|p2a: Lord
|-supereffective|p2a: Lord
|-damage|p2a: Lord|0 fnt
|faint|p2a: Lord
|
|win|tread and die
|c|☆tread and die|gg
|c| Westblowfish|oof
