|j|☆sleepdeprevation
|j|☆Quackstorm
|t:|1743835910
|gametype|singles
|player|p1|sleepdeprevation|ruinmaniac|1542
|player|p2|Quackstorm|burglar-gen2|1500
|teamsize|p1|6
|teamsize|p2|6
|gen|9
|tier|[Gen 9] OU
|rated|
|rule|HP Percentage Mod: HP is shown in percentages
|rule|Endless Battle Clause: Forcing endless battles is banned
|rule|Species Clause: Limit one of each Pokémon
|rule|OHKO Clause: OHKO moves are banned
|rule|Evasion Items Clause: Evasion items are banned
|rule|Evasion Moves Clause: Evasion moves are banned
|rule|Sleep Moves Clause: Sleep-inducing moves are banned
|clearpoke
|poke|p1|Hydrapple, M|
|poke|p1|Excadrill, M|
|poke|p1|Hippowdon, F|
|poke|p1|Garganacl, F|
|poke|p1|Samurott-Hisui, F|
|poke|p1|Skeledirge, F|
|poke|p2|Probopass, F|
|poke|p2|Ting-Lu|
|poke|p2|Sinistcha|
|poke|p2|Scizor, F|
|poke|p2|Walking Wake|
|poke|p2|Great Tusk|
|teampreview
|j| fl1permarco32
|inactive|Battle timer is ON: inactive players will automatically lose when time's up. (requested by sleepdeprevation)
|l| fl1permarco32
|
|t:|1743835945
|start
|switch|p1a: Skeledirge|Skeledirge, F|100/100
|switch|p2a: Cezar|Scizor, F|100/100
|turn|1
|
|t:|1743835949
|switch|p2a: Wakey Wakey|Walking Wake|100/100
|move|p1a: Skeledirge|Will-O-Wisp|p2a: Wakey Wakey
|-status|p2a: Wakey Wakey|brn
|
|-damage|p2a: Wakey Wakey|94/100 brn|[from] brn
|upkeep
|turn|2
|
|t:|1743835960
|switch|p1a: Hippowdon|Hippowdon, F|100/100
|-weather|Sandstorm|[from] ability: Sand Stream|[of] p1a: Hippowdon
|move|p2a: Wakey Wakey|Knock Off|p1a: Hippowdon
|-damage|p1a: Hippowdon|94/100
|-enditem|p1a: Hippowdon|Leftovers|[from] move: Knock Off|[of] p2a: Wakey Wakey
|
|-weather|Sandstorm|[upkeep]
|-damage|p2a: Wakey Wakey|88/100 brn|[from] Sandstorm
|-damage|p2a: Wakey Wakey|82/100 brn|[from] brn
|upkeep
|turn|3
|
|t:|1743835965
|move|p2a: Wakey Wakey|Scald|p1a: Hippowdon
|-supereffective|p1a: Hippowdon
|-damage|p1a: Hippowdon|37/100
|move|p1a: Hippowdon|Stealth Rock|p2a: Wakey Wakey
|-sidestart|p2: Quackstorm|move: Stealth Rock
|
|-weather|Sandstorm|[upkeep]
|-damage|p2a: Wakey Wakey|76/100 brn|[from] Sandstorm
|-damage|p2a: Wakey Wakey|70/100 brn|[from] brn
|upkeep
|turn|4
|
|t:|1743835974
|switch|p1a: Hydrapple|Hydrapple, M|100/100
|move|p2a: Wakey Wakey|Scald|p1a: Hydrapple
|-resisted|p1a: Hydrapple
|-damage|p1a: Hydrapple|91/100
|-status|p1a: Hydrapple|brn
|
|-weather|Sandstorm|[upkeep]
|-damage|p2a: Wakey Wakey|63/100 brn|[from] Sandstorm
|-damage|p1a: Hydrapple|85/100 brn|[from] Sandstorm
|-damage|p2a: Wakey Wakey|57/100 brn|[from] brn
|-damage|p1a: Hydrapple|79/100 brn|[from] brn
|upkeep
|turn|5
|
|t:|1743835982
|switch|p1a: Garganacl|Garganacl, F|100/100
|move|p2a: Wakey Wakey|Draco Meteor|p1a: Garganacl
|-damage|p1a: Garganacl|70/100
|-unboost|p2a: Wakey Wakey|spa|2
|
|-weather|Sandstorm|[upkeep]
|-damage|p2a: Wakey Wakey|51/100 brn|[from] Sandstorm
|-heal|p1a: Garganacl|76/100|[from] item: Leftovers
|-damage|p2a: Wakey Wakey|45/100 brn|[from] brn
|upkeep
|turn|6
|
|t:|1743835991
|move|p2a: Wakey Wakey|Flip Turn|p1a: Garganacl
|-supereffective|p1a: Garganacl
|-damage|p1a: Garganacl|65/100
|
|t:|1743836000
|-end|p2a: Wakey Wakey|Protosynthesis|[silent]
|switch|p2a: Matcha Gyattcha|Sinistcha|100/100|[from] Flip Turn
|move|p1a: Garganacl|Salt Cure|p2a: Matcha Gyattcha
|-damage|p2a: Matcha Gyattcha|89/100
|-start|p2a: Matcha Gyattcha|Salt Cure
|
|-weather|none
|-heal|p1a: Garganacl|71/100|[from] item: Leftovers
|-damage|p2a: Matcha Gyattcha|77/100|[from] Salt Cure
|upkeep
|turn|7
|
|t:|1743836012
|switch|p2a: Morbidly a Beast|Ting-Lu|100/100
|-damage|p2a: Morbidly a Beast|94/100|[from] Stealth Rock
|-ability|p2a: Morbidly a Beast|Vessel of Ruin
|switch|p1a: Hydrapple|Hydrapple, M|100/100 brn
|
|-heal|p2a: Morbidly a Beast|100/100|[from] item: Leftovers
|-damage|p1a: Hydrapple|94/100 brn|[from] brn
|upkeep
|turn|8
|
|t:|1743836020
|move|p2a: Morbidly a Beast|Spikes|p1a: Hydrapple
|-sidestart|p1: sleepdeprevation|Spikes
|move|p1a: Hydrapple|Nasty Plot|p1a: Hydrapple
|-boost|p1a: Hydrapple|spa|2
|
|-damage|p1a: Hydrapple|88/100 brn|[from] brn
|upkeep
|turn|9
|
|t:|1743836027
|move|p1a: Hydrapple|Fickle Beam|p2a: Morbidly a Beast
|-damage|p2a: Morbidly a Beast|73/100
|move|p2a: Morbidly a Beast|Whirlwind|p1a: Hydrapple
|drag|p1a: Hippowdon|Hippowdon, F|37/100
|-damage|p1a: Hippowdon|25/100|[from] Spikes
|-weather|Sandstorm|[from] ability: Sand Stream|[of] p1a: Hippowdon
|
|-weather|Sandstorm|[upkeep]
|-heal|p2a: Morbidly a Beast|79/100|[from] item: Leftovers
|upkeep
|turn|10
|
|t:|1743836036
|move|p1a: Hippowdon|Slack Off|p1a: Hippowdon
|-heal|p1a: Hippowdon|75/100
|move|p2a: Morbidly a Beast|Spikes|p1a: Hippowdon
|-sidestart|p1: sleepdeprevation|Spikes
|
|-weather|Sandstorm|[upkeep]
|-heal|p2a: Morbidly a Beast|85/100|[from] item: Leftovers
|upkeep
|turn|11
|
|t:|1743836040
|switch|p1a: Samurott|Samurott-Hisui, F|100/100
|-damage|p1a: Samurott|84/100|[from] Spikes
|move|p2a: Morbidly a Beast|Spikes|p1a: Samurott
|-sidestart|p1: sleepdeprevation|Spikes
|
|-weather|Sandstorm|[upkeep]
|-damage|p1a: Samurott|78/100|[from] Sandstorm
|-heal|p2a: Morbidly a Beast|92/100|[from] item: Leftovers
|upkeep
|turn|12
|
|t:|1743836050
|move|p1a: Samurott|Knock Off|p2a: Morbidly a Beast
|-resisted|p2a: Morbidly a Beast
|-damage|p2a: Morbidly a Beast|80/100
|-enditem|p2a: Morbidly a Beast|Leftovers|[from] move: Knock Off|[of] p1a: Samurott
|move|p2a: Morbidly a Beast|Whirlwind|p1a: Samurott
|drag|p1a: Skeledirge|Skeledirge, F|100/100
|
|-weather|Sandstorm|[upkeep]
|-damage|p1a: Skeledirge|94/100|[from] Sandstorm
|upkeep
|turn|13
|
|t:|1743836077
|move|p1a: Skeledirge|Hex|p2a: Morbidly a Beast
|-resisted|p2a: Morbidly a Beast
|-damage|p2a: Morbidly a Beast|75/100
|move|p2a: Morbidly a Beast|Earthquake|p1a: Skeledirge
|-supereffective|p1a: Skeledirge
|-damage|p1a: Skeledirge|47/100
|
|-weather|none
|upkeep
|turn|14
|
|t:|1743836082
|switch|p2a: Wakey Wakey|Walking Wake|45/100 brn
|move|p1a: Skeledirge|Will-O-Wisp|p2a: Wakey Wakey|[miss]
|-miss|p1a: Skeledirge|p2a: Wakey Wakey
|
|-damage|p2a: Wakey Wakey|39/100 brn|[from] brn
|upkeep
|turn|15
|
|t:|1743836100
|-terastallize|p1a: Skeledirge|Water
|move|p2a: Wakey Wakey|Flip Turn|p1a: Skeledirge
|-resisted|p1a: Skeledirge
|-damage|p1a: Skeledirge|45/100
|inactive|Quackstorm has 120 seconds left.
|
|t:|1743836119
|-end|p2a: Wakey Wakey|Protosynthesis|[silent]
|switch|p2a: Morbidly a Beast|Ting-Lu|75/100|[from] Flip Turn
|-damage|p2a: Morbidly a Beast|69/100|[from] Stealth Rock
|-ability|p2a: Morbidly a Beast|Vessel of Ruin
|move|p1a: Skeledirge|Slack Off|p1a: Skeledirge
|-heal|p1a: Skeledirge|95/100
|
|upkeep
|turn|16
|
|t:|1743836129
|move|p1a: Skeledirge|Will-O-Wisp|p2a: Morbidly a Beast
|-status|p2a: Morbidly a Beast|brn
|move|p2a: Morbidly a Beast|Whirlwind|p1a: Skeledirge
|drag|p1a: Hippowdon|Hippowdon, F|75/100
|-damage|p1a: Hippowdon|50/100|[from] Spikes
|-weather|Sandstorm|[from] ability: Sand Stream|[of] p1a: Hippowdon
|
|-weather|Sandstorm|[upkeep]
|-damage|p2a: Morbidly a Beast|63/100 brn|[from] brn
|upkeep
|turn|17
|
|t:|1743836138
|switch|p2a: Matcha Gyattcha|Sinistcha|77/100
|move|p1a: Hippowdon|Slack Off|p1a: Hippowdon
|-heal|p1a: Hippowdon|99/100
|
|-weather|Sandstorm|[upkeep]
|-damage|p2a: Matcha Gyattcha|71/100|[from] Sandstorm
|upkeep
|turn|18
|
|t:|1743836148
|switch|p1a: Hydrapple|Hydrapple, M|100/100 brn
|move|p2a: Matcha Gyattcha|Shadow Ball|p1a: Hydrapple
|-damage|p1a: Hydrapple|69/100 brn
|
|-weather|Sandstorm|[upkeep]
|-damage|p2a: Matcha Gyattcha|65/100|[from] Sandstorm
|-damage|p1a: Hydrapple|63/100 brn|[from] Sandstorm
|-damage|p1a: Hydrapple|57/100 brn|[from] brn
|upkeep
|turn|19
|
|t:|1743836155
|move|p2a: Matcha Gyattcha|Calm Mind|p2a: Matcha Gyattcha
|-boost|p2a: Matcha Gyattcha|spa|1
|-boost|p2a: Matcha Gyattcha|spd|1
|move|p1a: Hydrapple|Fickle Beam|p2a: Matcha Gyattcha
|-damage|p2a: Matcha Gyattcha|36/100
|
|-weather|Sandstorm|[upkeep]
|-damage|p2a: Matcha Gyattcha|30/100|[from] Sandstorm
|-damage|p1a: Hydrapple|51/100 brn|[from] Sandstorm
|-damage|p1a: Hydrapple|45/100 brn|[from] brn
|upkeep
|turn|20
|
|t:|1743836162
|switch|p1a: Samurott|Samurott-Hisui, F|78/100
|-damage|p1a: Samurott|53/100|[from] Spikes
|move|p2a: Matcha Gyattcha|Strength Sap|p1a: Samurott
|-unboost|p1a: Samurott|atk|1
|-heal|p2a: Matcha Gyattcha|100/100
|
|-weather|none
|upkeep
|turn|21
|
|t:|1743836180
|move|p1a: Samurott|Knock Off|p2a: Matcha Gyattcha
|-supereffective|p2a: Matcha Gyattcha
|-damage|p2a: Matcha Gyattcha|57/100
|-enditem|p2a: Matcha Gyattcha|Heavy-Duty Boots|[from] move: Knock Off|[of] p1a: Samurott
|move|p2a: Matcha Gyattcha|Matcha Gotcha|p1a: Samurott
|-supereffective|p1a: Samurott
|-damage|p1a: Samurott|0 fnt
|-heal|p2a: Matcha Gyattcha|81/100|[from] drain|[of] p1a: Samurott
|faint|p1a: Samurott
|
|upkeep
|
|t:|1743836184
|switch|p1a: Excadrill|Excadrill, M|100/100
|-item|p1a: Excadrill|Air Balloon
|turn|22
|
|t:|1743836196
|move|p1a: Excadrill|Swords Dance|p1a: Excadrill
|-boost|p1a: Excadrill|atk|2
|move|p2a: Matcha Gyattcha|Matcha Gotcha|p1a: Excadrill|[miss]
|-miss|p2a: Matcha Gyattcha|p1a: Excadrill
|
|upkeep
|turn|23
|
|t:|1743836203
|move|p1a: Excadrill|Iron Head|p2a: Matcha Gyattcha
|-damage|p2a: Matcha Gyattcha|14/100
|cant|p2a: Matcha Gyattcha|flinch
|
|upkeep
|turn|24
|
|t:|1743836211
|switch|p2a: Iron Mogulis|Probopass, F, shiny|100/100
|-damage|p2a: Iron Mogulis|94/100|[from] Stealth Rock
|move|p1a: Excadrill|Earthquake|p2a: Iron Mogulis
|-supereffective|p2a: Iron Mogulis
|-damage|p2a: Iron Mogulis|0 fnt
|faint|p2a: Iron Mogulis
|
|upkeep
|
|t:|1743836220
|switch|p2a: Wakey Wakey|Walking Wake|39/100 brn
|turn|25
|
|t:|1743836223
|move|p2a: Wakey Wakey|Scald|p1a: Excadrill
|-supereffective|p1a: Excadrill
|-damage|p1a: Excadrill|0 fnt
|-enditem|p1a: Excadrill|Air Balloon
|faint|p1a: Excadrill
|
|-damage|p2a: Wakey Wakey|32/100 brn|[from] brn
|upkeep
|
|t:|1743836234
|switch|p1a: Skeledirge|Skeledirge, F, tera:Water|95/100
|turn|26
|
|t:|1743836240
|switch|p1a: Hippowdon|Hippowdon, F|99/100
|-damage|p1a: Hippowdon|75/100|[from] Spikes
|-weather|Sandstorm|[from] ability: Sand Stream|[of] p1a: Hippowdon
|move|p2a: Wakey Wakey|Knock Off|p1a: Hippowdon
|-damage|p1a: Hippowdon|70/100
|
|-weather|Sandstorm|[upkeep]
|-damage|p2a: Wakey Wakey|26/100 brn|[from] Sandstorm
|-damage|p2a: Wakey Wakey|20/100 brn|[from] brn
|upkeep
|turn|27
|
|t:|1743836248
|-end|p2a: Wakey Wakey|Protosynthesis|[silent]
|switch|p2a: Richard|Great Tusk|100/100
|-damage|p2a: Richard|97/100|[from] Stealth Rock
|-enditem|p2a: Richard|Booster Energy
|-activate|p2a: Richard|ability: Protosynthesis|[fromitem]
|-start|p2a: Richard|protosynthesisspe
|move|p1a: Hippowdon|Whirlwind|p2a: Richard
|-end|p2a: Richard|Protosynthesis|[silent]
|drag|p2a: Morbidly a Beast|Ting-Lu|63/100 brn
|-damage|p2a: Morbidly a Beast|56/100 brn|[from] Stealth Rock
|-ability|p2a: Morbidly a Beast|Vessel of Ruin
|
|-weather|Sandstorm|[upkeep]
|-damage|p2a: Morbidly a Beast|50/100 brn|[from] brn
|upkeep
|turn|28
|
|t:|1743836255
|move|p2a: Morbidly a Beast|Ruination|p1a: Hippowdon
|-damage|p1a: Hippowdon|35/100
|move|p1a: Hippowdon|Whirlwind|p2a: Morbidly a Beast
|drag|p2a: Richard|Great Tusk|97/100
|-damage|p2a: Richard|94/100|[from] Stealth Rock
|
|-weather|Sandstorm|[upkeep]
|upkeep
|turn|29
|
|t:|1743836264
|switch|p1a: Hydrapple|Hydrapple, M|79/100 brn
|move|p2a: Richard|Rapid Spin|p1a: Hydrapple
|-damage|p1a: Hydrapple|70/100 brn
|-boost|p2a: Richard|spe|1
|-sideend|p2: Quackstorm|Stealth Rock|[from] move: Rapid Spin|[of] p2a: Richard
|
|-weather|Sandstorm|[upkeep]
|-damage|p1a: Hydrapple|64/100 brn|[from] Sandstorm
|-damage|p1a: Hydrapple|58/100 brn|[from] brn
|upkeep
|turn|30
|
|t:|1743836270
|switch|p1a: Hippowdon|Hippowdon, F|35/100
|-damage|p1a: Hippowdon|10/100|[from] Spikes
|move|p2a: Richard|Ice Spinner|p1a: Hippowdon
|-supereffective|p1a: Hippowdon
|-damage|p1a: Hippowdon|0 fnt
|faint|p1a: Hippowdon
|
|-weather|none
|upkeep
|
|t:|1743836273
|switch|p1a: Skeledirge|Skeledirge, F, tera:Water|95/100
|turn|31
|
|t:|1743836280
|-end|p2a: Richard|Protosynthesis|[silent]
|switch|p2a: Morbidly a Beast|Ting-Lu|50/100 brn
|-ability|p2a: Morbidly a Beast|Vessel of Ruin
|move|p1a: Skeledirge|Torch Song|p2a: Morbidly a Beast
|-damage|p2a: Morbidly a Beast|37/100 brn
|-boost|p1a: Skeledirge|spa|1
|
|-damage|p2a: Morbidly a Beast|31/100 brn|[from] brn
|upkeep
|turn|32
|
|t:|1743836287
|move|p1a: Skeledirge|Hex|p2a: Morbidly a Beast
|-resisted|p2a: Morbidly a Beast
|-damage|p2a: Morbidly a Beast|15/100 brn
|move|p2a: Morbidly a Beast|Whirlwind|p1a: Skeledirge
|drag|p1a: Hydrapple|Hydrapple, M|91/100 brn
|
|-damage|p2a: Morbidly a Beast|8/100 brn|[from] brn
|-damage|p1a: Hydrapple|85/100 brn|[from] brn
|upkeep
|turn|33
|
|t:|1743836293
|move|p2a: Morbidly a Beast|Ruination|p1a: Hydrapple
|-damage|p1a: Hydrapple|43/100 brn
|move|p1a: Hydrapple|Giga Drain|p2a: Morbidly a Beast
|-supereffective|p2a: Morbidly a Beast
|-damage|p2a: Morbidly a Beast|0 fnt
|-heal|p1a: Hydrapple|48/100 brn|[from] drain|[of] p2a: Morbidly a Beast
|faint|p2a: Morbidly a Beast
|
|-damage|p1a: Hydrapple|42/100 brn|[from] brn
|upkeep
|
|t:|1743836299
|switch|p2a: Matcha Gyattcha|Sinistcha|14/100
|turn|34
|
|t:|1743836302
|move|p2a: Matcha Gyattcha|Strength Sap|p1a: Hydrapple
|-unboost|p1a: Hydrapple|atk|1
|-heal|p2a: Matcha Gyattcha|57/100
|move|p1a: Hydrapple|Fickle Beam|p2a: Matcha Gyattcha
|-damage|p2a: Matcha Gyattcha|12/100
|
|-damage|p1a: Hydrapple|36/100 brn|[from] brn
|upkeep
|turn|35
|
|t:|1743836311
|switch|p1a: Skeledirge|Skeledirge, F, tera:Water|95/100
|move|p2a: Matcha Gyattcha|Shadow Ball|p1a: Skeledirge
|-damage|p1a: Skeledirge|64/100
|
|upkeep
|turn|36
|
|t:|1743836318
|switch|p1a: Hydrapple|Hydrapple, M|69/100 brn
|move|p2a: Matcha Gyattcha|Matcha Gotcha|p1a: Hydrapple
|-resisted|p1a: Hydrapple
|-damage|p1a: Hydrapple|62/100 brn
|-heal|p2a: Matcha Gyattcha|16/100|[from] drain|[of] p1a: Hydrapple
|
|-damage|p1a: Hydrapple|56/100 brn|[from] brn
|upkeep
|turn|37
|
|t:|1743836325
|move|p2a: Matcha Gyattcha|Strength Sap|p1a: Hydrapple
|-unboost|p1a: Hydrapple|atk|1
|-heal|p2a: Matcha Gyattcha|59/100
|move|p1a: Hydrapple|Fickle Beam|p2a: Matcha Gyattcha
|-damage|p2a: Matcha Gyattcha|15/100
|
|-damage|p1a: Hydrapple|50/100 brn|[from] brn
|upkeep
|turn|38
|
|t:|1743836331
|switch|p2a: Cezar|Scizor, F|100/100
|move|p1a: Hydrapple|Fickle Beam|p2a: Cezar
|-resisted|p2a: Cezar
|-damage|p2a: Cezar|77/100
|
|-damage|p1a: Hydrapple|44/100 brn|[from] brn
|upkeep
|turn|39
|
|t:|1743836336
|switch|p1a: Skeledirge|Skeledirge, F, tera:Water|64/100
|move|p2a: Cezar|U-turn|p1a: Skeledirge
|-damage|p1a: Skeledirge|28/100
|
|t:|1743836344
|switch|p2a: Matcha Gyattcha|Sinistcha|15/100|[from] U-turn
|
|upkeep
|turn|40
|
|t:|1743836354
|move|p2a: Matcha Gyattcha|Calm Mind|p2a: Matcha Gyattcha
|-boost|p2a: Matcha Gyattcha|spa|1
|-boost|p2a: Matcha Gyattcha|spd|1
|move|p1a: Skeledirge|Torch Song|p2a: Matcha Gyattcha
|-supereffective|p2a: Matcha Gyattcha
|-damage|p2a: Matcha Gyattcha|0 fnt
|-boost|p1a: Skeledirge|spa|1
|faint|p2a: Matcha Gyattcha
|
|upkeep
|
|t:|1743836362
|switch|p2a: Cezar|Scizor, F|77/100
|turn|41
|
|t:|1743836366
|move|p2a: Cezar|Knock Off|p1a: Skeledirge
|-damage|p1a: Skeledirge|0 fnt
|-enditem|p1a: Skeledirge|Heavy-Duty Boots|[from] move: Knock Off|[of] p2a: Cezar
|faint|p1a: Skeledirge
|
|upkeep
|
|t:|1743836372
|switch|p1a: Garganacl|Garganacl, F|71/100
|-damage|p1a: Garganacl|46/100|[from] Spikes
|turn|42
|
|t:|1743836379
|move|p2a: Cezar|Knock Off|p1a: Garganacl
|-crit|p1a: Garganacl
|-damage|p1a: Garganacl|0 fnt
|-enditem|p1a: Garganacl|Leftovers|[from] move: Knock Off|[of] p2a: Cezar
|faint|p1a: Garganacl
|
|upkeep
|
|t:|1743836381
|switch|p1a: Hydrapple|Hydrapple, M|77/100 brn
|turn|43
|
|t:|1743836389
|move|p2a: Cezar|Knock Off|p1a: Hydrapple
|-damage|p1a: Hydrapple|43/100 brn
|-enditem|p1a: Hydrapple|Heavy-Duty Boots|[from] move: Knock Off|[of] p2a: Cezar
|move|p1a: Hydrapple|Nasty Plot|p1a: Hydrapple
|-boost|p1a: Hydrapple|spa|2
|
|-damage|p1a: Hydrapple|37/100 brn|[from] brn
|upkeep
|turn|44
|
|t:|1743836396
|move|p2a: Cezar|Knock Off|p1a: Hydrapple
|-damage|p1a: Hydrapple|15/100 brn
|move|p1a: Hydrapple|Giga Drain|p2a: Cezar
|-resisted|p2a: Cezar
|-damage|p2a: Cezar|55/100
|-heal|p1a: Hydrapple|23/100 brn|[from] drain|[of] p2a: Cezar
|
|-damage|p1a: Hydrapple|17/100 brn|[from] brn
|upkeep
|turn|45
|-message|sleepdeprevation forfeited.
|
|win|Quackstorm
|raw|sleepdeprevation's rating: 1542 &rarr; <strong>1520</strong><br />(-22 for losing)
|raw|Quackstorm's rating: 1500 &rarr; <strong>1522</strong><br />(+22 for winning)
|l|☆sleepdeprevation
|player|p1|
|l|☆Quackstorm
|player|p2|
