|j|☆rjayyyc
|j|☆asdfjklqwert
|t:|1743878949
|gametype|singles
|player|p1|rjayyyc|riley|1430
|player|p2|asdfjklqwert|winona|1479
|teamsize|p1|6
|teamsize|p2|6
|gen|9
|tier|[Gen 9] OU
|rated|
|rule|HP Percentage Mod: HP is shown in percentages
|rule|Endless Battle Clause: Forcing endless battles is banned
|rule|Species Clause: Limit one of each Pokémon
|rule|OHKO Clause: OHKO moves are banned
|rule|Evasion Items Clause: Evasion items are banned
|rule|Evasion Moves Clause: Evasion moves are banned
|rule|Sleep Moves Clause: Sleep-inducing moves are banned
|clearpoke
|poke|p1|Clefable, F|
|poke|p1|Mamoswine, M|
|poke|p1|Lokix, M|
|poke|p1|Goodra-Hisui, F|
|poke|p1|Skeledirge, M|
|poke|p1|Pawmot, M|
|poke|p2|Latios, M|
|poke|p2|Hydrapple, F|
|poke|p2|Tornadus-Therian, M|
|poke|p2|Weezing-Galar, M|
|poke|p2|Cinderace, F|
|poke|p2|Swampert, M|
|teampreview
|inactive|Battle timer is ON: inactive players will automatically lose when time's up. (requested by rjayyyc)
|
|t:|1743878957
|start
|switch|p1a: Wooli|Mamoswine, M, shiny|100/100
|switch|p2a: Tornadus|Tornadus-Therian, M|100/100
|turn|1
|
|t:|1743878966
|switch|p2a: Swampert|Swampert, M|100/100
|move|p1a: Wooli|Icicle Crash|p2a: Swampert
|-crit|p2a: Swampert
|-damage|p2a: Swampert|28/100
|
|-heal|p2a: Swampert|34/100|[from] item: Leftovers
|upkeep
|turn|2
|
|t:|1743878973
|switch|p2a: Cinderace|Cinderace, F|100/100
|move|p1a: Wooli|Icicle Crash|p2a: Cinderace
|-resisted|p2a: Cinderace
|-damage|p2a: Cinderace|67/100
|
|upkeep
|turn|3
|
|t:|1743878986
|switch|p1a: THE OG|Clefable, F, shiny|100/100
|move|p2a: Cinderace|Pyro Ball|p1a: THE OG
|-damage|p1a: THE OG|54/100
|-status|p1a: THE OG|brn
|
|-damage|p1a: THE OG|48/100 brn|[from] brn
|upkeep
|turn|4
|
|t:|1743878994
|move|p2a: Cinderace|Pyro Ball|p1a: THE OG
|-damage|p1a: THE OG|7/100 brn
|move|p1a: THE OG|Healing Wish|p1a: THE OG
|faint|p1a: THE OG
|
|upkeep
|
|t:|1743879005
|switch|p1a: Bubbey|Pawmot, M, shiny|100/100
|turn|5
|
|t:|1743879010
|move|p1a: Bubbey|Fake Out|p2a: Cinderace
|-damage|p2a: Cinderace|41/100
|-damage|p1a: Bubbey|91/100|[from] item: Life Orb
|cant|p2a: Cinderace|flinch
|
|upkeep
|turn|6
|
|t:|1743879013
|move|p1a: Bubbey|Mach Punch|p2a: Cinderace
|-damage|p2a: Cinderace|0 fnt
|faint|p2a: Cinderace
|-damage|p1a: Bubbey|81/100|[from] item: Life Orb
|
|upkeep
|
|t:|1743879017
|switch|p2a: Latios|Latios, M|100/100
|turn|7
|
|t:|1743879021
|move|p2a: Latios|Flip Turn|p1a: Bubbey
|-damage|p1a: Bubbey|62/100
|
|t:|1743879025
|switch|p2a: Hydrapple|Hydrapple, F|100/100|[from] Flip Turn
|move|p1a: Bubbey|Revival Blessing|p1a: Bubbey
|
|t:|1743879030
|-heal|p1: THE OG|50/100|[from] move: Revival Blessing
|
|upkeep
|turn|8
|
|t:|1743879037
|switch|p1a: THE OG|Clefable, F, shiny|50/100
|-heal|p1a: THE OG|100/100|[from] move: Healing Wish
|move|p2a: Hydrapple|Substitute|p2a: Hydrapple
|-start|p2a: Hydrapple|Substitute
|-damage|p2a: Hydrapple|76/100
|
|upkeep
|turn|9
|
|t:|1743879042
|move|p1a: THE OG|Stealth Rock|p2a: Hydrapple
|-sidestart|p2: asdfjklqwert|move: Stealth Rock
|move|p2a: Hydrapple|Energy Ball|p1a: THE OG
|-damage|p1a: THE OG|56/100
|
|upkeep
|turn|10
|
|t:|1743879047
|switch|p1a: Mount Crocatoa|Skeledirge, M, shiny|100/100
|move|p2a: Hydrapple|Energy Ball|p1a: Mount Crocatoa
|-resisted|p1a: Mount Crocatoa
|-damage|p1a: Mount Crocatoa|82/100
|
|upkeep
|turn|11
|
|t:|1743879053
|move|p1a: Mount Crocatoa|Torch Song|p2a: Hydrapple
|-damage|p2a: Hydrapple|44/100
|-boost|p1a: Mount Crocatoa|spa|1
|move|p2a: Hydrapple|Earth Power|p1a: Mount Crocatoa
|-supereffective|p1a: Mount Crocatoa
|-damage|p1a: Mount Crocatoa|35/100
|
|upkeep
|turn|12
|
|t:|1743879072
|switch|p2a: Latios|Latios, M|100/100
|-damage|p2a: Latios|88/100|[from] Stealth Rock
|-terastallize|p1a: Mount Crocatoa|Bug
|move|p1a: Mount Crocatoa|Slack Off|p1a: Mount Crocatoa
|-heal|p1a: Mount Crocatoa|85/100
|
|upkeep
|turn|13
|
|t:|1743879086
|move|p2a: Latios|Flip Turn|p1a: Mount Crocatoa
|-damage|p1a: Mount Crocatoa|76/100
|
|t:|1743879088
|switch|p2a: Tornadus|Tornadus-Therian, M|100/100|[from] Flip Turn
|-damage|p2a: Tornadus|76/100|[from] Stealth Rock
|move|p1a: Mount Crocatoa|Shadow Ball|p2a: Tornadus
|-damage|p2a: Tornadus|45/100
|
|upkeep
|turn|14
|
|t:|1743879095
|move|p2a: Tornadus|Bleakwind Storm|p1a: Mount Crocatoa
|-supereffective|p1a: Mount Crocatoa
|-damage|p1a: Mount Crocatoa|1/100
|move|p1a: Mount Crocatoa|Torch Song|p2a: Tornadus
|-damage|p2a: Tornadus|16/100
|-boost|p1a: Mount Crocatoa|spa|1
|
|upkeep
|turn|15
|
|t:|1743879110
|switch|p1a: JuiceWRLD|Goodra-Hisui, F, shiny|100/100
|move|p2a: Tornadus|U-turn|p1a: JuiceWRLD
|-resisted|p1a: JuiceWRLD
|-damage|p1a: JuiceWRLD|93/100
|-ability|p1a: JuiceWRLD|Gooey
|-unboost|p2a: Tornadus|spe|1
|
|t:|1743879119
|switch|p2a: Swampert|Swampert, M|34/100|[from] U-turn
|-damage|p2a: Swampert|28/100|[from] Stealth Rock
|
|-heal|p2a: Swampert|34/100|[from] item: Leftovers
|upkeep
|turn|16
|
|t:|1743879125
|switch|p1a: Kamen Rider|Lokix, M, shiny|100/100
|move|p2a: Swampert|Stealth Rock|p1a: Kamen Rider
|-sidestart|p1: rjayyyc|move: Stealth Rock
|
|-heal|p2a: Swampert|40/100|[from] item: Leftovers
|upkeep
|turn|17
|
|t:|1743879133
|switch|p2a: Weezing|Weezing-Galar, M|100/100
|-ability|p2a: Weezing|Neutralizing Gas
|-damage|p2a: Weezing|88/100|[from] Stealth Rock
|move|p1a: Kamen Rider|First Impression|p2a: Weezing
|-resisted|p2a: Weezing
|-crit|p2a: Weezing
|-damage|p2a: Weezing|77/100
|
|-heal|p2a: Weezing|83/100|[from] item: Leftovers
|upkeep
|turn|18
|
|t:|1743879148
|move|p1a: Kamen Rider|U-turn|p2a: Weezing
|-resisted|p2a: Weezing
|-damage|p2a: Weezing|76/100
|
|t:|1743879154
|switch|p1a: JuiceWRLD|Goodra-Hisui, F, shiny|93/100|[from] U-turn
|-damage|p1a: JuiceWRLD|87/100|[from] Stealth Rock
|move|p2a: Weezing|Defog|p1a: JuiceWRLD
|-unboost|p1a: JuiceWRLD|evasion|1
|-sideend|p1: rjayyyc|Stealth Rock|[from] move: Defog|[of] p2a: Weezing
|-sideend|p2: asdfjklqwert|Stealth Rock|[from] move: Defog|[of] p2a: Weezing
|
|-heal|p2a: Weezing|82/100|[from] item: Leftovers
|upkeep
|turn|19
|
|t:|1743879162
|-end|p2a: Weezing|ability: Neutralizing Gas
|switch|p2a: Tornadus|Tornadus-Therian, M|49/100
|move|p1a: JuiceWRLD|Flash Cannon|p2a: Tornadus
|-damage|p2a: Tornadus|21/100
|
|upkeep
|turn|20
|
|t:|1743879169
|move|p2a: Tornadus|U-turn|p1a: JuiceWRLD
|-resisted|p1a: JuiceWRLD
|-damage|p1a: JuiceWRLD|80/100
|-ability|p1a: JuiceWRLD|Gooey
|-unboost|p2a: Tornadus|spe|1
|
|t:|1743879180
|switch|p2a: Hydrapple|Hydrapple, F|77/100|[from] U-turn
|move|p1a: JuiceWRLD|Thunderbolt|p2a: Hydrapple
|-resisted|p2a: Hydrapple
|-damage|p2a: Hydrapple|70/100
|
|upkeep
|turn|21
|
|t:|1743879189
|move|p1a: JuiceWRLD|Ice Beam|p2a: Hydrapple
|-supereffective|p2a: Hydrapple
|-damage|p2a: Hydrapple|0 fnt
|faint|p2a: Hydrapple
|
|upkeep
|
|t:|1743879193
|switch|p2a: Swampert|Swampert, M|40/100
|turn|22
|
|t:|1743879208
|switch|p1a: Kamen Rider|Lokix, M, shiny|100/100
|move|p2a: Swampert|Stealth Rock|p1a: Kamen Rider
|-sidestart|p1: rjayyyc|move: Stealth Rock
|
|-heal|p2a: Swampert|46/100|[from] item: Leftovers
|upkeep
|turn|23
|
|t:|1743879213
|switch|p2a: Weezing|Weezing-Galar, M|82/100
|-ability|p2a: Weezing|Neutralizing Gas
|move|p1a: Kamen Rider|Knock Off|p2a: Weezing
|-resisted|p2a: Weezing
|-damage|p2a: Weezing|64/100
|-enditem|p2a: Weezing|Leftovers|[from] move: Knock Off|[of] p1a: Kamen Rider
|
|upkeep
|turn|24
|
|t:|1743879223
|move|p1a: Kamen Rider|U-turn|p2a: Weezing
|-resisted|p2a: Weezing
|-damage|p2a: Weezing|58/100
|
|t:|1743879234
|switch|p1a: Wooli|Mamoswine, M, shiny|100/100|[from] U-turn
|-damage|p1a: Wooli|88/100|[from] Stealth Rock
|move|p2a: Weezing|Strange Steam|p1a: Wooli
|-damage|p1a: Wooli|39/100
|
|upkeep
|turn|25
|
|t:|1743879249
|-end|p2a: Weezing|ability: Neutralizing Gas
|switch|p2a: Tornadus|Tornadus-Therian, M|55/100
|move|p1a: Wooli|Heavy Slam|p2a: Tornadus
|-damage|p2a: Tornadus|12/100
|
|upkeep
|turn|26
|
|t:|1743879274
|switch|p1a: JuiceWRLD|Goodra-Hisui, F, shiny|80/100
|-damage|p1a: JuiceWRLD|74/100|[from] Stealth Rock
|move|p2a: Tornadus|Bleakwind Storm|p1a: JuiceWRLD
|-resisted|p1a: JuiceWRLD
|-damage|p1a: JuiceWRLD|58/100
|
|upkeep
|turn|27
|
|t:|1743879281
|move|p2a: Tornadus|U-turn|p1a: JuiceWRLD
|-resisted|p1a: JuiceWRLD
|-damage|p1a: JuiceWRLD|51/100
|-ability|p1a: JuiceWRLD|Gooey
|-unboost|p2a: Tornadus|spe|1
|
|t:|1743879285
|switch|p2a: Swampert|Swampert, M|46/100|[from] U-turn
|move|p1a: JuiceWRLD|Ice Beam|p2a: Swampert
|-damage|p2a: Swampert|16/100
|
|-heal|p2a: Swampert|22/100|[from] item: Leftovers
|upkeep
|turn|28
|
|t:|1743879299
|switch|p1a: Kamen Rider|Lokix, M, shiny|100/100
|move|p2a: Swampert|Earthquake|p1a: Kamen Rider
|-resisted|p1a: Kamen Rider
|-damage|p1a: Kamen Rider|64/100
|
|-heal|p2a: Swampert|28/100|[from] item: Leftovers
|upkeep
|turn|29
|
|t:|1743879305
|switch|p2a: Weezing|Weezing-Galar, M|58/100
|-ability|p2a: Weezing|Neutralizing Gas
|move|p1a: Kamen Rider|Knock Off|p2a: Weezing
|-resisted|p2a: Weezing
|-damage|p2a: Weezing|46/100
|
|upkeep
|turn|30
|
|t:|1743879314
|move|p1a: Kamen Rider|U-turn|p2a: Weezing
|-resisted|p2a: Weezing
|-damage|p2a: Weezing|40/100
|
|t:|1743879318
|switch|p1a: Bubbey|Pawmot, M, shiny|62/100|[from] U-turn
|-damage|p1a: Bubbey|56/100|[from] Stealth Rock
|move|p2a: Weezing|Strange Steam|p1a: Bubbey
|-supereffective|p1a: Bubbey
|-crit|p1a: Bubbey
|-damage|p1a: Bubbey|0 fnt
|faint|p1a: Bubbey
|
|upkeep
|
|t:|1743879328
|switch|p1a: Mount Crocatoa|Skeledirge, M, shiny, tera:Bug|1/100
|turn|31
|
|t:|1743879330
|move|p1a: Mount Crocatoa|Slack Off|p1a: Mount Crocatoa
|-heal|p1a: Mount Crocatoa|51/100
|move|p2a: Weezing|Sludge Bomb|p1a: Mount Crocatoa
|-damage|p1a: Mount Crocatoa|29/100
|
|upkeep
|turn|32
|
|t:|1743879335
|move|p1a: Mount Crocatoa|Slack Off|p1a: Mount Crocatoa
|-heal|p1a: Mount Crocatoa|79/100
|move|p2a: Weezing|Sludge Bomb|p1a: Mount Crocatoa
|-damage|p1a: Mount Crocatoa|55/100
|
|upkeep
|turn|33
|
|t:|1743879338
|move|p1a: Mount Crocatoa|Slack Off|p1a: Mount Crocatoa
|-heal|p1a: Mount Crocatoa|100/100
|move|p2a: Weezing|Sludge Bomb|p1a: Mount Crocatoa
|-damage|p1a: Mount Crocatoa|75/100
|
|upkeep
|turn|34
|
|t:|1743879340
|move|p1a: Mount Crocatoa|Torch Song|p2a: Weezing
|-damage|p2a: Weezing|0 fnt
|-boost|p1a: Mount Crocatoa|spa|1
|faint|p2a: Weezing
|-end|p2a: Weezing|ability: Neutralizing Gas
|
|upkeep
|
|t:|1743879344
|switch|p2a: Tornadus|Tornadus-Therian, M|46/100
|turn|35
|
|t:|1743879354
|switch|p1a: Wooli|Mamoswine, M, shiny|39/100
|-damage|p1a: Wooli|27/100|[from] Stealth Rock
|move|p2a: Tornadus|Bleakwind Storm|p1a: Wooli
|-damage|p1a: Wooli|0 fnt
|faint|p1a: Wooli
|
|upkeep
|
|t:|1743879367
|switch|p1a: THE OG|Clefable, F, shiny|56/100
|turn|36
|
|t:|1743879374
|move|p2a: Tornadus|Bleakwind Storm|p1a: THE OG
|-damage|p1a: THE OG|9/100
|-unboost|p1a: THE OG|spe|1
|move|p1a: THE OG|Stealth Rock|p2a: Tornadus
|-sidestart|p2: asdfjklqwert|move: Stealth Rock
|
|upkeep
|turn|37
|
|t:|1743879382
|move|p2a: Tornadus|Bleakwind Storm|p1a: THE OG|[miss]
|-miss|p2a: Tornadus|p1a: THE OG
|move|p1a: THE OG|Healing Wish|p1a: THE OG
|faint|p1a: THE OG
|
|upkeep
|
|t:|1743879392
|switch|p1a: JuiceWRLD|Goodra-Hisui, F, shiny|51/100
|-heal|p1a: JuiceWRLD|100/100|[from] move: Healing Wish
|-damage|p1a: JuiceWRLD|94/100|[from] Stealth Rock
|turn|38
|
|t:|1743879397
|move|p2a: Tornadus|Bleakwind Storm|p1a: JuiceWRLD
|-resisted|p1a: JuiceWRLD
|-damage|p1a: JuiceWRLD|79/100
|move|p1a: JuiceWRLD|Ice Beam|p2a: Tornadus
|-supereffective|p2a: Tornadus
|-damage|p2a: Tornadus|0 fnt
|faint|p2a: Tornadus
|
|upkeep
|
|t:|1743879406
|switch|p2a: Swampert|Swampert, M|28/100
|-damage|p2a: Swampert|22/100|[from] Stealth Rock
|turn|39
|
|t:|1743879411
|switch|p1a: Kamen Rider|Lokix, M, shiny|64/100
|move|p2a: Swampert|Earthquake|p1a: Kamen Rider
|-resisted|p1a: Kamen Rider
|-damage|p1a: Kamen Rider|25/100
|
|-heal|p2a: Swampert|28/100|[from] item: Leftovers
|upkeep
|turn|40
|
|t:|1743879420
|move|p1a: Kamen Rider|Knock Off|p2a: Swampert
|-damage|p2a: Swampert|0 fnt
|-enditem|p2a: Swampert|Leftovers|[from] move: Knock Off|[of] p1a: Kamen Rider
|faint|p2a: Swampert
|
|upkeep
|
|t:|1743879424
|switch|p2a: Latios|Latios, M|88/100
|-damage|p2a: Latios|76/100|[from] Stealth Rock
|turn|41
|
|t:|1743879435
|move|p1a: Kamen Rider|Sucker Punch|p2a: Latios
|-supereffective|p2a: Latios
|-damage|p2a: Latios|0 fnt
|faint|p2a: Latios
|
|win|rjayyyc
|raw|rjayyyc's rating: 1430 &rarr; <strong>1453</strong><br />(+23 for winning)
|raw|asdfjklqwert's rating: 1479 &rarr; <strong>1456</strong><br />(-23 for losing)
|l|☆asdfjklqwert
|player|p2|
|l|☆rjayyyc
|player|p1|
