|j|☆jwest2405
|j|☆ProteinMan11
|t:|1743788556
|gametype|singles
|player|p1|jwest2405|beauty-gen4dp|1493
|player|p2|ProteinMan11|hiker-gen4|1494
|teamsize|p1|6
|teamsize|p2|6
|gen|9
|tier|[Gen 9] OU
|rated|
|rule|HP Percentage Mod: HP is shown in percentages
|rule|Endless Battle Clause: Forcing endless battles is banned
|rule|Species Clause: Limit one of each Pokémon
|rule|OHKO Clause: OHKO moves are banned
|rule|Evasion Items Clause: Evasion items are banned
|rule|Evasion Moves Clause: Evasion moves are banned
|rule|Sleep Moves Clause: Sleep-inducing moves are banned
|clearpoke
|poke|p1|Latios, M|
|poke|p1|Gholdengo|
|poke|p1|Araquanid, M|
|poke|p1|Serperior, M|
|poke|p1|Great Tusk|
|poke|p1|Manaphy|
|poke|p2|Ninetales-Alola, M|
|poke|p2|Dragonite, M|
|poke|p2|Deoxys-Speed|
|poke|p2|Iron Valiant|
|poke|p2|Great Tusk|
|poke|p2|Polteageist|
|teampreview
|inactive|Battle timer is ON: inactive players will automatically lose when time's up. (requested by ProteinMan11)
|
|t:|1743788561
|start
|switch|p1a: Gholdengo|Gholdengo|100/100
|switch|p2a: Donald Trump|Ninetales-Alola, M|100/100
|-weather|Snowscape|[from] ability: Snow Warning|[of] p2a: Donald Trump
|turn|1
|
|t:|1743788563
|move|p1a: Gholdengo|Make It Rain|p2a: Donald Trump
|-supereffective|p2a: Donald Trump
|-damage|p2a: Donald Trump|0 fnt
|-unboost|p1a: Gholdengo|spa|1
|faint|p2a: Donald Trump
|
|-weather|Snowscape|[upkeep]
|upkeep
|
|t:|1743788570
|switch|p2a: This-a-way|Deoxys-Speed, shiny|100/100
|-ability|p2a: This-a-way|Pressure
|turn|2
|
|t:|1743788577
|switch|p1a: Araquanid|Araquanid, M|100/100
|move|p2a: This-a-way|Cosmic Power|p2a: This-a-way
|-boost|p2a: This-a-way|def|1
|-boost|p2a: This-a-way|spd|1
|
|-weather|Snowscape|[upkeep]
|upkeep
|turn|3
|
|t:|1743788581
|move|p2a: This-a-way|Cosmic Power|p2a: This-a-way
|-boost|p2a: This-a-way|def|1
|-boost|p2a: This-a-way|spd|1
|move|p1a: Araquanid|Surf|p2a: This-a-way
|-damage|p2a: This-a-way|65/100
|
|-weather|Snowscape|[upkeep]
|upkeep
|turn|4
|
|t:|1743788585
|move|p2a: This-a-way|Cosmic Power|p2a: This-a-way
|-boost|p2a: This-a-way|def|1
|-boost|p2a: This-a-way|spd|1
|move|p1a: Araquanid|Surf|p2a: This-a-way
|-damage|p2a: This-a-way|36/100
|
|-weather|Snowscape|[upkeep]
|upkeep
|turn|5
|
|t:|1743788588
|move|p2a: This-a-way|Recover|p2a: This-a-way
|-heal|p2a: This-a-way|86/100
|move|p1a: Araquanid|Surf|p2a: This-a-way
|-damage|p2a: This-a-way|57/100
|
|-weather|none
|upkeep
|turn|6
|
|t:|1743788589
|move|p2a: This-a-way|Cosmic Power|p2a: This-a-way
|-boost|p2a: This-a-way|def|1
|-boost|p2a: This-a-way|spd|1
|move|p1a: Araquanid|Surf|p2a: This-a-way
|-damage|p2a: This-a-way|35/100
|
|upkeep
|turn|7
|
|t:|1743788592
|move|p2a: This-a-way|Recover|p2a: This-a-way
|-heal|p2a: This-a-way|85/100
|move|p1a: Araquanid|Surf|p2a: This-a-way
|-damage|p2a: This-a-way|63/100
|
|upkeep
|turn|8
|
|t:|1743788594
|move|p2a: This-a-way|Cosmic Power|p2a: This-a-way
|-boost|p2a: This-a-way|def|1
|-boost|p2a: This-a-way|spd|1
|move|p1a: Araquanid|Surf|p2a: This-a-way
|-damage|p2a: This-a-way|42/100
|
|upkeep
|turn|9
|
|t:|1743788596
|move|p2a: This-a-way|Recover|p2a: This-a-way
|-heal|p2a: This-a-way|92/100
|move|p1a: Araquanid|Surf|p2a: This-a-way
|-damage|p2a: This-a-way|74/100
|
|upkeep
|turn|10
|
|t:|1743788598
|move|p2a: This-a-way|Cosmic Power|p2a: This-a-way
|-boost|p2a: This-a-way|def|1
|-boost|p2a: This-a-way|spd|1
|move|p1a: Araquanid|Surf|p2a: This-a-way
|-damage|p2a: This-a-way|58/100
|
|upkeep
|turn|11
|
|t:|1743788601
|move|p2a: This-a-way|Recover|p2a: This-a-way
|-heal|p2a: This-a-way|100/100
|move|p1a: Araquanid|Endeavor|p2a: This-a-way
|-immune|p2a: This-a-way
|
|upkeep
|turn|12
|
|t:|1743788606
|move|p2a: This-a-way|Stored Power|p1a: Araquanid
|-damage|p1a: Araquanid|3/100
|move|p1a: Araquanid|Endeavor|p2a: This-a-way
|-damage|p2a: This-a-way|3/100
|
|upkeep
|turn|13
|-enditem|p1a: Araquanid|Custap Berry|[eat]
|-activate|p1a: Araquanid|item: Custap Berry|[consumed]
|
|t:|1743788612
|move|p1a: Araquanid|Surf|p2a: This-a-way
|-damage|p2a: This-a-way|0 fnt
|faint|p2a: This-a-way
|
|upkeep
|
|t:|1743788627
|switch|p2a: WAAAAATER|Polteageist|100/100
|turn|14
|
|t:|1743788630
|move|p2a: WAAAAATER|Shell Smash|p2a: WAAAAATER
|-unboost|p2a: WAAAAATER|def|1
|-unboost|p2a: WAAAAATER|spd|1
|-boost|p2a: WAAAAATER|atk|2
|-boost|p2a: WAAAAATER|spa|2
|-boost|p2a: WAAAAATER|spe|2
|move|p1a: Araquanid|Surf|p2a: WAAAAATER
|-damage|p2a: WAAAAATER|10/100
|
|upkeep
|turn|15
|
|t:|1743788638
|move|p2a: WAAAAATER|Shadow Ball|p1a: Araquanid
|-damage|p1a: Araquanid|0 fnt
|faint|p1a: Araquanid
|
|upkeep
|
|t:|1743788646
|switch|p1a: Manaphy|Manaphy|100/100
|turn|16
|
|t:|1743788657
|move|p2a: WAAAAATER|Stored Power|p1a: Manaphy
|-damage|p1a: Manaphy|0 fnt
|faint|p1a: Manaphy
|
|upkeep
|
|t:|1743788665
|switch|p1a: Gholdengo|Gholdengo|100/100
|turn|17
|
|t:|1743788670
|-terastallize|p1a: Gholdengo|Fairy
|move|p2a: WAAAAATER|Shadow Ball|p1a: Gholdengo
|-damage|p1a: Gholdengo|0 fnt
|faint|p1a: Gholdengo
|
|upkeep
|
|t:|1743788677
|switch|p1a: Serperior|Serperior, M|100/100
|turn|18
|
|t:|1743788680
|move|p2a: WAAAAATER|Stored Power|p1a: Serperior
|-damage|p1a: Serperior|0 fnt
|faint|p1a: Serperior
|
|upkeep
|-message|jwest2405 forfeited.
|
|win|ProteinMan11
|raw|jwest2405's rating: 1493 &rarr; <strong>1473</strong><br />(-20 for losing)
|raw|ProteinMan11's rating: 1494 &rarr; <strong>1514</strong><br />(+20 for winning)
|l|☆jwest2405
|player|p1|
