|j|☆pallettwnshitsquad
|j|☆H85le4
|t:|1743802384
|gametype|singles
|player|p1|pallettwnshitsquad|giovanni|1086
|player|p2|H85le4|swimmer-gen4dp|1105
|teamsize|p1|6
|teamsize|p2|6
|gen|9
|tier|[Gen 9] OU
|rated|
|rule|HP Percentage Mod: HP is shown in percentages
|rule|Endless Battle Clause: Forcing endless battles is banned
|rule|Species Clause: Limit one of each Pokémon
|rule|OHKO Clause: OHKO moves are banned
|rule|Evasion Items Clause: Evasion items are banned
|rule|Evasion Moves Clause: Evasion moves are banned
|rule|Sleep Moves Clause: Sleep-inducing moves are banned
|clearpoke
|poke|p1|Venomoth, F|
|poke|p1|Azumarill, M|
|poke|p1|Houndoom, M|
|poke|p1|Krookodile, M|
|poke|p1|Kyurem|
|poke|p1|Swampert, M|
|poke|p2|Infernape, M|
|poke|p2|Morgrem, M|
|poke|p2|Dondozo, F|
|poke|p2|Iron Treads|
|poke|p2|Sinistcha|
|poke|p2|Clefable, F|
|teampreview
|inactive|Battle timer is ON: inactive players will automatically lose when time's up. (requested by H85le4)
|
|t:|1743802407
|start
|switch|p1a: dim|Swampert, M|100/100
|switch|p2a: Morgrem|Morgrem, M|100/100
|turn|1
|
|t:|1743802414
|move|p2a: Morgrem|Reflect|p2a: Morgrem
|-sidestart|p2: H85le4|Reflect
|move|p1a: dim|Stealth Rock|p2a: Morgrem
|-sidestart|p2: H85le4|move: Stealth Rock
|
|upkeep
|turn|2
|
|t:|1743802419
|switch|p2a: Sinistcha|Sinistcha|100/100
|-damage|p2a: Sinistcha|88/100|[from] Stealth Rock
|move|p1a: dim|Knock Off|p2a: Sinistcha
|-supereffective|p2a: Sinistcha
|-damage|p2a: Sinistcha|71/100
|-enditem|p2a: Sinistcha|Leftovers|[from] move: Knock Off|[of] p1a: dim
|
|upkeep
|turn|3
|
|t:|1743802428
|move|p2a: Sinistcha|Calm Mind|p2a: Sinistcha
|-boost|p2a: Sinistcha|spa|1
|-boost|p2a: Sinistcha|spd|1
|move|p1a: dim|Flip Turn|p2a: Sinistcha
|-resisted|p2a: Sinistcha
|-damage|p2a: Sinistcha|67/100
|
|t:|1743802436
|switch|p1a: hell|Houndoom, M|100/100|[from] Flip Turn
|
|upkeep
|turn|4
|
|t:|1743802444
|move|p1a: hell|Dark Pulse|p2a: Sinistcha
|-supereffective|p2a: Sinistcha
|-damage|p2a: Sinistcha|11/100
|move|p2a: Sinistcha|Strength Sap|p1a: hell
|-unboost|p1a: hell|atk|1
|-heal|p2a: Sinistcha|59/100
|
|upkeep
|turn|5
|
|t:|1743802455
|switch|p2a: Morgrem|Morgrem, M|100/100
|-damage|p2a: Morgrem|88/100|[from] Stealth Rock
|move|p1a: hell|Dark Pulse|p2a: Morgrem
|-resisted|p2a: Morgrem
|-damage|p2a: Morgrem|79/100
|
|-sideend|p2: H85le4|Reflect
|upkeep
|turn|6
|
|t:|1743802483
|switch|p1a: jeffry|Azumarill, M|100/100
|move|p2a: Morgrem|Light Screen|p2a: Morgrem
|-sidestart|p2: H85le4|move: Light Screen
|
|upkeep
|turn|7
|
|t:|1743802489
|move|p2a: Morgrem|Reflect|p2a: Morgrem
|-sidestart|p2: H85le4|Reflect
|move|p1a: jeffry|Play Rough|p2a: Morgrem
|-supereffective|p2a: Morgrem
|-damage|p2a: Morgrem|23/100
|
|upkeep
|turn|8
|
|t:|1743802500
|move|p2a: Morgrem|Thunder Wave|p1a: jeffry
|-status|p1a: jeffry|par
|move|p1a: jeffry|Knock Off|p2a: Morgrem
|-resisted|p2a: Morgrem
|-damage|p2a: Morgrem|18/100
|-enditem|p2a: Morgrem|Eviolite|[from] move: Knock Off|[of] p1a: jeffry
|
|upkeep
|turn|9
|
|t:|1743802513
|switch|p2a: Clefable|Clefable, F|100/100
|cant|p1a: jeffry|par
|
|upkeep
|turn|10
|
|t:|1743802521
|move|p2a: Clefable|Cosmic Power|p2a: Clefable
|-boost|p2a: Clefable|def|1
|-boost|p2a: Clefable|spd|1
|move|p1a: jeffry|Liquidation|p2a: Clefable
|-crit|p2a: Clefable
|-damage|p2a: Clefable|15/100
|
|-sideend|p2: H85le4|move: Light Screen
|upkeep
|turn|11
|
|t:|1743802532
|move|p2a: Clefable|Cosmic Power|p2a: Clefable
|-boost|p2a: Clefable|def|1
|-boost|p2a: Clefable|spd|1
|move|p1a: jeffry|Liquidation|p2a: Clefable
|-damage|p2a: Clefable|0 fnt
|faint|p2a: Clefable
|
|-sideend|p2: H85le4|Reflect
|upkeep
|
|t:|1743802542
|switch|p2a: Sinistcha|Sinistcha|59/100
|-damage|p2a: Sinistcha|47/100|[from] Stealth Rock
|turn|12
|
|t:|1743802548
|move|p2a: Sinistcha|Matcha Gotcha|p1a: jeffry
|-supereffective|p1a: jeffry
|-damage|p1a: jeffry|57/100 par
|-heal|p2a: Sinistcha|73/100|[from] drain|[of] p1a: jeffry
|move|p1a: jeffry|Knock Off|p2a: Sinistcha
|-supereffective|p2a: Sinistcha
|-damage|p2a: Sinistcha|32/100
|
|upkeep
|turn|13
|
|t:|1743802558
|switch|p1a: freakmoth|Venomoth, F|100/100
|move|p2a: Sinistcha|Strength Sap|p1a: freakmoth
|-unboost|p1a: freakmoth|atk|1
|-heal|p2a: Sinistcha|76/100
|
|upkeep
|turn|14
|
|t:|1743802569
|switch|p2a: Iron Treads|Iron Treads, shiny|100/100
|-damage|p2a: Iron Treads|97/100|[from] Stealth Rock
|move|p1a: freakmoth|Quiver Dance|p1a: freakmoth
|-boost|p1a: freakmoth|spa|1
|-boost|p1a: freakmoth|spd|1
|-boost|p1a: freakmoth|spe|1
|
|upkeep
|turn|15
|
|t:|1743802579
|switch|p1a: dim|Swampert, M|100/100
|move|p2a: Iron Treads|Rapid Spin|p1a: dim
|-damage|p1a: dim|89/100
|-boost|p2a: Iron Treads|spe|1
|-sideend|p2: H85le4|Stealth Rock|[from] move: Rapid Spin|[of] p2a: Iron Treads
|
|-heal|p1a: dim|96/100|[from] item: Leftovers
|upkeep
|turn|16
|
|t:|1743802589
|-end|p2a: Iron Treads|Quark Drive|[silent]
|switch|p2a: Sinistcha|Sinistcha|76/100
|move|p1a: dim|Stealth Rock|p2a: Sinistcha
|-sidestart|p2: H85le4|move: Stealth Rock
|
|-heal|p1a: dim|100/100|[from] item: Leftovers
|upkeep
|turn|17
|
|t:|1743802597
|switch|p1a: freakmoth|Venomoth, F|100/100
|move|p2a: Sinistcha|Calm Mind|p2a: Sinistcha
|-boost|p2a: Sinistcha|spa|1
|-boost|p2a: Sinistcha|spd|1
|
|upkeep
|turn|18
|
|t:|1743802603
|move|p1a: freakmoth|Quiver Dance|p1a: freakmoth
|-boost|p1a: freakmoth|spa|1
|-boost|p1a: freakmoth|spd|1
|-boost|p1a: freakmoth|spe|1
|move|p2a: Sinistcha|Hex|p1a: freakmoth
|-damage|p1a: freakmoth|62/100
|
|upkeep
|turn|19
|-message|H85le4 forfeited.
|
|win|pallettwnshitsquad
|raw|pallettwnshitsquad's rating: 1086 &rarr; <strong>1115</strong><br />(+29 for winning)
|raw|H85le4's rating: 1105 &rarr; <strong>1079</strong><br />(-26 for losing)
|l|☆H85le4
|player|p2|
|l|☆pallettwnshitsquad
|player|p1|
