|j|☆todorookie
|j|☆Baby Monster MAGA
|t:|1743937303
|gametype|singles
|player|p1|todorookie|n|1524
|player|p2|Baby Monster MAGA|265|1518
|teamsize|p1|6
|teamsize|p2|6
|gen|9
|tier|[Gen 9] OU
|rated|
|rule|HP Percentage Mod: HP is shown in percentages
|rule|Endless Battle Clause: Forcing endless battles is banned
|rule|Species Clause: Limit one of each Pokémon
|rule|OHKO Clause: OHKO moves are banned
|rule|Evasion Items Clause: Evasion items are banned
|rule|Evasion Moves Clause: Evasion moves are banned
|rule|Sleep Moves Clause: Sleep-inducing moves are banned
|clearpoke
|poke|p1|Garganacl, M|
|poke|p1|Weezing-Galar, F|
|poke|p1|Corviknight, M|
|poke|p1|Dragapult, M|
|poke|p1|Slowking-Galar, M|
|poke|p1|Samurott-Hisui, F|
|poke|p2|Torkoal, M|
|poke|p2|Walking Wake|
|poke|p2|Great Tusk|
|poke|p2|Venusaur, F|
|poke|p2|Garchomp, F|
|poke|p2|Goodra-Hisui, M|
|teampreview
|
|t:|1743937308
|start
|switch|p1a: Garganacl|Garganacl, M|100/100
|switch|p2a: Torkoal|Torkoal, M|100/100
|-weather|SunnyDay|[from] ability: Drought|[of] p2a: Torkoal
|turn|1
|inactive|Battle timer is ON: inactive players will automatically lose when time's up. (requested by todorookie)
|j| hgh test
|
|t:|1743937314
|move|p1a: Garganacl|Stealth Rock|p2a: Torkoal
|-sidestart|p2: Baby Monster MAGA|move: Stealth Rock
|move|p2a: Torkoal|Stealth Rock|p1a: Garganacl
|-sidestart|p1: todorookie|move: Stealth Rock
|
|-weather|SunnyDay|[upkeep]
|upkeep
|turn|2
|l| hgh test
|
|t:|1743937319
|move|p1a: Garganacl|Salt Cure|p2a: Torkoal
|-supereffective|p2a: Torkoal
|-damage|p2a: Torkoal|85/100
|-start|p2a: Torkoal|Salt Cure
|move|p2a: Torkoal|Rapid Spin|p1a: Garganacl
|-resisted|p1a: Garganacl
|-damage|p1a: Garganacl|98/100
|-boost|p2a: Torkoal|spe|1
|-sideend|p2: Baby Monster MAGA|Stealth Rock|[from] move: Rapid Spin|[of] p2a: Torkoal
|
|-weather|SunnyDay|[upkeep]
|-heal|p1a: Garganacl|100/100|[from] item: Leftovers
|-damage|p2a: Torkoal|73/100|[from] Salt Cure
|upkeep
|turn|3
|
|t:|1743937327
|switch|p2a: Walking Wake|Walking Wake|100/100
|-activate|p2a: Walking Wake|ability: Protosynthesis
|-start|p2a: Walking Wake|protosynthesisspa
|move|p1a: Garganacl|Stealth Rock|p2a: Walking Wake
|-sidestart|p2: Baby Monster MAGA|move: Stealth Rock
|
|-weather|SunnyDay|[upkeep]
|upkeep
|turn|4
|
|t:|1743937331
|move|p1a: Garganacl|Protect|p1a: Garganacl
|-singleturn|p1a: Garganacl|Protect
|move|p2a: Walking Wake|Hydro Steam|p1a: Garganacl
|-activate|p1a: Garganacl|move: Protect
|
|-weather|SunnyDay|[upkeep]
|upkeep
|turn|5
|
|t:|1743937342
|-terastallize|p1a: Garganacl|Fairy
|move|p2a: Walking Wake|Hydro Steam|p1a: Garganacl
|-damage|p1a: Garganacl|16/100
|move|p1a: Garganacl|Salt Cure|p2a: Walking Wake
|-damage|p2a: Walking Wake|85/100
|-start|p2a: Walking Wake|Salt Cure
|
|-weather|SunnyDay|[upkeep]
|-heal|p1a: Garganacl|22/100|[from] item: Leftovers
|-damage|p2a: Walking Wake|60/100|[from] Salt Cure
|upkeep
|turn|6
|
|t:|1743937347
|move|p1a: Garganacl|Protect|p1a: Garganacl
|-singleturn|p1a: Garganacl|Protect
|move|p2a: Walking Wake|Hydro Steam|p1a: Garganacl
|-activate|p1a: Garganacl|move: Protect
|
|-weather|SunnyDay|[upkeep]
|-heal|p1a: Garganacl|28/100|[from] item: Leftovers
|-damage|p2a: Walking Wake|36/100|[from] Salt Cure
|upkeep
|turn|7
|
|t:|1743937362
|switch|p1a: Weezing|Weezing-Galar, F|100/100
|-ability|p1a: Weezing|Neutralizing Gas
|move|p2a: Walking Wake|Hydro Steam|p1a: Weezing
|-damage|p1a: Weezing|0 fnt
|faint|p1a: Weezing
|-end|p1a: Weezing|ability: Neutralizing Gas
|
|-weather|SunnyDay|[upkeep]
|-damage|p2a: Walking Wake|11/100|[from] Salt Cure
|upkeep
|
|t:|1743937370
|switch|p1a: Garganacl|Garganacl, M, tera:Fairy|28/100
|-damage|p1a: Garganacl|16/100|[from] Stealth Rock
|turn|8
|
|t:|1743937374
|move|p2a: Walking Wake|Hydro Steam|p1a: Garganacl
|-damage|p1a: Garganacl|0 fnt
|faint|p1a: Garganacl
|
|-weather|none
|-end|p2a: Walking Wake|Protosynthesis
|-damage|p2a: Walking Wake|0 fnt|[from] Salt Cure
|faint|p2a: Walking Wake
|-end|p2a: Walking Wake|Protosynthesis|[silent]
|upkeep
|
|t:|1743937380
|switch|p2a: Garchomp|Garchomp, F|100/100
|switch|p1a: Samurott|Samurott-Hisui, F|100/100
|-damage|p1a: Samurott|88/100|[from] Stealth Rock
|-damage|p2a: Garchomp|94/100|[from] Stealth Rock
|turn|9
|
|t:|1743937383
|move|p1a: Samurott|Ceaseless Edge|p2a: Garchomp
|-damage|p2a: Garchomp|69/100
|-damage|p1a: Samurott|76/100|[from] ability: Rough Skin|[of] p2a: Garchomp
|-damage|p1a: Samurott|59/100|[from] item: Rocky Helmet|[of] p2a: Garchomp
|-sidestart|p2: Baby Monster MAGA|Spikes
|move|p2a: Garchomp|Earthquake|p1a: Samurott
|-damage|p1a: Samurott|0 fnt
|faint|p1a: Samurott
|
|upkeep
|
|t:|1743937393
|switch|p1a: Dragapult|Dragapult, M|100/100
|turn|10
|
|t:|1743937398
|switch|p2a: Torkoal|Torkoal, M|73/100
|-damage|p2a: Torkoal|48/100|[from] Stealth Rock
|-damage|p2a: Torkoal|35/100|[from] Spikes
|-weather|SunnyDay|[from] ability: Drought|[of] p2a: Torkoal
|move|p1a: Dragapult|Dragon Darts|p2a: Torkoal
|-damage|p2a: Torkoal|21/100
|-anim|p1a: Dragapult|Dragon Darts|p2a: Torkoal
|-damage|p2a: Torkoal|8/100
|
|-weather|SunnyDay|[upkeep]
|upkeep
|turn|11
|
|t:|1743937406
|move|p1a: Dragapult|Dragon Darts|p2a: Torkoal
|-crit|p2a: Torkoal
|-damage|p2a: Torkoal|0 fnt
|faint|p2a: Torkoal
|
|-weather|SunnyDay|[upkeep]
|upkeep
|
|t:|1743937410
|switch|p2a: Goodra|Goodra-Hisui, M|100/100
|-damage|p2a: Goodra|94/100|[from] Stealth Rock
|-damage|p2a: Goodra|82/100|[from] Spikes
|turn|12
|
|t:|1743937417
|switch|p1a: Slowking|Slowking-Galar, M|100/100
|-damage|p1a: Slowking|88/100|[from] Stealth Rock
|move|p2a: Goodra|Knock Off|p1a: Slowking
|-supereffective|p1a: Slowking
|-damage|p1a: Slowking|42/100
|-enditem|p1a: Slowking|Assault Vest|[from] move: Knock Off|[of] p2a: Goodra
|
|-weather|SunnyDay|[upkeep]
|upkeep
|turn|13
|
|t:|1743937425
|move|p2a: Goodra|Flamethrower|p1a: Slowking
|-damage|p1a: Slowking|12/100
|move|p1a: Slowking|Flamethrower|p2a: Goodra
|-damage|p2a: Goodra|67/100
|-status|p2a: Goodra|brn
|
|-weather|SunnyDay|[upkeep]
|-damage|p2a: Goodra|61/100 brn|[from] brn
|upkeep
|turn|14
|
|t:|1743937444
|move|p2a: Goodra|Flash Cannon|p1a: Slowking
|-damage|p1a: Slowking|0 fnt
|faint|p1a: Slowking
|
|-weather|SunnyDay|[upkeep]
|-damage|p2a: Goodra|55/100 brn|[from] brn
|upkeep
|inactive|todorookie has 120 seconds left.
|
|t:|1743937465
|switch|p1a: Dragapult|Dragapult, M|100/100
|turn|15
|
|t:|1743937476
|move|p1a: Dragapult|Dragon Darts|p2a: Goodra
|-damage|p2a: Goodra|32/100 brn
|-anim|p1a: Dragapult|Dragon Darts|p2a: Goodra
|-damage|p2a: Goodra|9/100 brn
|move|p2a: Goodra|Flash Cannon|p1a: Dragapult
|-damage|p1a: Dragapult|33/100
|
|-weather|SunnyDay|[upkeep]
|-damage|p2a: Goodra|3/100 brn|[from] brn
|upkeep
|turn|16
|
|t:|1743937487
|move|p1a: Dragapult|Dragon Darts|p2a: Goodra
|-damage|p2a: Goodra|0 fnt
|faint|p2a: Goodra
|
|-weather|SunnyDay|[upkeep]
|upkeep
|
|t:|1743937491
|switch|p2a: Venusaur|Venusaur, F|100/100
|-damage|p2a: Venusaur|88/100|[from] Stealth Rock
|-damage|p2a: Venusaur|76/100|[from] Spikes
|turn|17
|j| Sanesa8724
|
|t:|1743937499
|move|p2a: Venusaur|Knock Off|p1a: Dragapult
|-supereffective|p1a: Dragapult
|-damage|p1a: Dragapult|0 fnt
|-enditem|p1a: Dragapult|Heavy-Duty Boots|[from] move: Knock Off|[of] p2a: Venusaur
|faint|p1a: Dragapult
|
|-weather|none
|-heal|p2a: Venusaur|82/100|[from] item: Leftovers
|upkeep
|
|t:|1743937502
|switch|p1a: Corviknight|Corviknight, M|100/100
|-damage|p1a: Corviknight|88/100|[from] Stealth Rock
|-ability|p1a: Corviknight|Pressure
|turn|18
|
|t:|1743937509
|move|p2a: Venusaur|Leech Seed|p1a: Corviknight
|-start|p1a: Corviknight|move: Leech Seed
|move|p1a: Corviknight|Iron Defense|p1a: Corviknight
|-boost|p1a: Corviknight|def|2
|
|-heal|p2a: Venusaur|88/100|[from] item: Leftovers
|-damage|p1a: Corviknight|75/100|[from] Leech Seed|[of] p2a: Venusaur
|-heal|p2a: Venusaur|100/100|[silent]
|upkeep
|turn|19
|l| Sanesa8724
|
|t:|1743937517
|move|p2a: Venusaur|Substitute|p2a: Venusaur
|-start|p2a: Venusaur|Substitute
|-damage|p2a: Venusaur|75/100
|move|p1a: Corviknight|Brave Bird|p2a: Venusaur
|-supereffective|p2a: Venusaur
|-end|p2a: Venusaur|Substitute
|-damage|p1a: Corviknight|68/100|[from] Recoil|[of] p2a: Venusaur
|
|-heal|p2a: Venusaur|82/100|[from] item: Leftovers
|-damage|p1a: Corviknight|56/100|[from] Leech Seed|[of] p2a: Venusaur
|-heal|p2a: Venusaur|95/100|[silent]
|upkeep
|turn|20
|
|t:|1743937521
|move|p2a: Venusaur|Substitute|p2a: Venusaur
|-start|p2a: Venusaur|Substitute
|-damage|p2a: Venusaur|70/100
|move|p1a: Corviknight|Roost|p1a: Corviknight
|-heal|p1a: Corviknight|100/100
|-singleturn|p1a: Corviknight|move: Roost
|
|-heal|p2a: Venusaur|76/100|[from] item: Leftovers
|-damage|p1a: Corviknight|88/100|[from] Leech Seed|[of] p2a: Venusaur
|-heal|p2a: Venusaur|90/100|[silent]
|upkeep
|turn|21
|
|t:|1743937533
|move|p2a: Venusaur|Knock Off|p1a: Corviknight
|-damage|p1a: Corviknight|82/100
|-damage|p2a: Venusaur|74/100|[from] item: Rocky Helmet|[of] p1a: Corviknight
|-enditem|p1a: Corviknight|Rocky Helmet|[from] move: Knock Off|[of] p2a: Venusaur
|move|p1a: Corviknight|Brave Bird|p2a: Venusaur
|-supereffective|p2a: Venusaur
|-end|p2a: Venusaur|Substitute
|-damage|p1a: Corviknight|75/100|[from] Recoil|[of] p2a: Venusaur
|
|-heal|p2a: Venusaur|80/100|[from] item: Leftovers
|-damage|p1a: Corviknight|62/100|[from] Leech Seed|[of] p2a: Venusaur
|-heal|p2a: Venusaur|93/100|[silent]
|upkeep
|turn|22
|
|t:|1743937537
|move|p2a: Venusaur|Substitute|p2a: Venusaur
|-start|p2a: Venusaur|Substitute
|-damage|p2a: Venusaur|68/100
|move|p1a: Corviknight|Brave Bird|p2a: Venusaur
|-supereffective|p2a: Venusaur
|-end|p2a: Venusaur|Substitute
|-damage|p1a: Corviknight|55/100|[from] Recoil|[of] p2a: Venusaur
|
|-heal|p2a: Venusaur|74/100|[from] item: Leftovers
|-damage|p1a: Corviknight|42/100|[from] Leech Seed|[of] p2a: Venusaur
|-heal|p2a: Venusaur|88/100|[silent]
|upkeep
|turn|23
|
|t:|1743937546
|switch|p2a: Great Tusk|Great Tusk|100/100
|-damage|p2a: Great Tusk|98/100|[from] Stealth Rock
|-damage|p2a: Great Tusk|85/100|[from] Spikes
|move|p1a: Corviknight|Roost|p1a: Corviknight
|-heal|p1a: Corviknight|92/100
|-singleturn|p1a: Corviknight|move: Roost
|
|-damage|p1a: Corviknight|80/100|[from] Leech Seed|[of] p2a: Great Tusk
|-heal|p2a: Great Tusk|99/100|[silent]
|upkeep
|turn|24
|
|t:|1743937552
|move|p2a: Great Tusk|Rapid Spin|p1a: Corviknight
|-resisted|p1a: Corviknight
|-damage|p1a: Corviknight|77/100
|-boost|p2a: Great Tusk|spe|1
|-sideend|p2: Baby Monster MAGA|Spikes|[from] move: Rapid Spin|[of] p2a: Great Tusk
|-sideend|p2: Baby Monster MAGA|Stealth Rock|[from] move: Rapid Spin|[of] p2a: Great Tusk
|move|p1a: Corviknight|Iron Defense|p1a: Corviknight
|-boost|p1a: Corviknight|def|2
|
|-damage|p1a: Corviknight|64/100|[from] Leech Seed|[of] p2a: Great Tusk
|-heal|p2a: Great Tusk|100/100|[silent]
|upkeep
|turn|25
|
|t:|1743937563
|move|p2a: Great Tusk|Temper Flare|p1a: Corviknight
|-supereffective|p1a: Corviknight
|-damage|p1a: Corviknight|54/100
|move|p1a: Corviknight|Iron Defense|p1a: Corviknight
|-boost|p1a: Corviknight|def|2
|
|-damage|p1a: Corviknight|42/100|[from] Leech Seed|[of] p2a: Great Tusk
|upkeep
|turn|26
|
|t:|1743937568
|move|p2a: Great Tusk|Temper Flare|p1a: Corviknight
|-supereffective|p1a: Corviknight
|-damage|p1a: Corviknight|33/100
|move|p1a: Corviknight|Roost|p1a: Corviknight
|-heal|p1a: Corviknight|83/100
|-singleturn|p1a: Corviknight|move: Roost
|
|-damage|p1a: Corviknight|71/100|[from] Leech Seed|[of] p2a: Great Tusk
|upkeep
|turn|27
|
|t:|1743937573
|move|p2a: Great Tusk|Temper Flare|p1a: Corviknight
|-supereffective|p1a: Corviknight
|-damage|p1a: Corviknight|62/100
|move|p1a: Corviknight|Roost|p1a: Corviknight
|-heal|p1a: Corviknight|100/100
|-singleturn|p1a: Corviknight|move: Roost
|
|-damage|p1a: Corviknight|88/100|[from] Leech Seed|[of] p2a: Great Tusk
|upkeep
|turn|28
|
|t:|1743937577
|move|p2a: Great Tusk|Temper Flare|p1a: Corviknight
|-supereffective|p1a: Corviknight
|-crit|p1a: Corviknight
|-damage|p1a: Corviknight|42/100
|move|p1a: Corviknight|Body Press|p2a: Great Tusk
|-damage|p2a: Great Tusk|30/100
|
|-damage|p1a: Corviknight|29/100|[from] Leech Seed|[of] p2a: Great Tusk
|-heal|p2a: Great Tusk|44/100|[silent]
|upkeep
|turn|29
|
|t:|1743937581
|move|p2a: Great Tusk|Ice Spinner|p1a: Corviknight
|-damage|p1a: Corviknight|25/100
|move|p1a: Corviknight|Roost|p1a: Corviknight
|-heal|p1a: Corviknight|75/100
|-singleturn|p1a: Corviknight|move: Roost
|
|-damage|p1a: Corviknight|63/100|[from] Leech Seed|[of] p2a: Great Tusk
|-heal|p2a: Great Tusk|57/100|[silent]
|upkeep
|turn|30
|
|t:|1743937586
|move|p2a: Great Tusk|Temper Flare|p1a: Corviknight
|-supereffective|p1a: Corviknight
|-damage|p1a: Corviknight|56/100
|move|p1a: Corviknight|Body Press|p2a: Great Tusk
|-damage|p2a: Great Tusk|0 fnt
|faint|p2a: Great Tusk
|-end|p2a: Great Tusk|Protosynthesis|[silent]
|
|upkeep
|
|t:|1743937588
|switch|p2a: Garchomp|Garchomp, F|69/100
|turn|31
|
|t:|1743937594
|-terastallize|p2a: Garchomp|Ghost
|move|p1a: Corviknight|Body Press|p2a: Garchomp
|-immune|p2a: Garchomp
|move|p2a: Garchomp|Dragon Tail|p1a: Corviknight
|-resisted|p1a: Corviknight
|-damage|p1a: Corviknight|53/100
|
|-damage|p1a: Corviknight|41/100|[from] Leech Seed|[of] p2a: Garchomp
|-heal|p2a: Garchomp|80/100|[silent]
|upkeep
|turn|32
|
|t:|1743937603
|move|p2a: Garchomp|Earthquake|p1a: Corviknight
|-immune|p1a: Corviknight
|move|p1a: Corviknight|Roost|p1a: Corviknight
|-heal|p1a: Corviknight|91/100
|-singleturn|p1a: Corviknight|move: Roost
|
|-damage|p1a: Corviknight|78/100|[from] Leech Seed|[of] p2a: Garchomp
|-heal|p2a: Garchomp|92/100|[silent]
|upkeep
|turn|33
|
|t:|1743937611
|move|p1a: Corviknight|Brave Bird|p2a: Garchomp
|-damage|p2a: Garchomp|71/100
|-damage|p1a: Corviknight|66/100|[from] ability: Rough Skin|[of] p2a: Garchomp
|-damage|p1a: Corviknight|49/100|[from] item: Rocky Helmet|[of] p2a: Garchomp
|-damage|p1a: Corviknight|42/100|[from] Recoil
|move|p2a: Garchomp|Dragon Tail|p1a: Corviknight
|-resisted|p1a: Corviknight
|-damage|p1a: Corviknight|40/100
|
|-damage|p1a: Corviknight|27/100|[from] Leech Seed|[of] p2a: Garchomp
|-heal|p2a: Garchomp|83/100|[silent]
|upkeep
|turn|34
|
|t:|1743937621
|move|p1a: Corviknight|Roost|p1a: Corviknight
|-heal|p1a: Corviknight|77/100
|-singleturn|p1a: Corviknight|move: Roost
|move|p2a: Garchomp|Dragon Tail|p1a: Corviknight
|-resisted|p1a: Corviknight
|-damage|p1a: Corviknight|75/100
|
|-damage|p1a: Corviknight|62/100|[from] Leech Seed|[of] p2a: Garchomp
|-heal|p2a: Garchomp|95/100|[silent]
|upkeep
|turn|35
|
|t:|1743937627
|move|p1a: Corviknight|Brave Bird|p2a: Garchomp
|-damage|p2a: Garchomp|73/100
|-damage|p1a: Corviknight|50/100|[from] ability: Rough Skin|[of] p2a: Garchomp
|-damage|p1a: Corviknight|33/100|[from] item: Rocky Helmet|[of] p2a: Garchomp
|-damage|p1a: Corviknight|26/100|[from] Recoil
|move|p2a: Garchomp|Dragon Tail|p1a: Corviknight
|-resisted|p1a: Corviknight
|-damage|p1a: Corviknight|24/100
|
|-damage|p1a: Corviknight|11/100|[from] Leech Seed|[of] p2a: Garchomp
|-heal|p2a: Garchomp|85/100|[silent]
|upkeep
|turn|36
|c|☆todorookie|gg
|-message|todorookie forfeited.
|
|win|Baby Monster MAGA
|raw|todorookie's rating: 1524 &rarr; <strong>1504</strong><br />(-20 for losing)
|raw|Baby Monster MAGA's rating: 1518 &rarr; <strong>1538</strong><br />(+20 for winning)
|l|☆todorookie
|player|p1|
|l|☆Baby Monster MAGA
|player|p2|
