|j|☆rheeett
|j|☆Dribblz
|t:|1743799659
|gametype|singles
|player|p1|rheeett|steven|1232
|player|p2|Dribblz|roxanne|1202
|teamsize|p1|6
|teamsize|p2|6
|gen|9
|tier|[Gen 9] OU
|rated|
|rule|HP Percentage Mod: HP is shown in percentages
|rule|Endless Battle Clause: Forcing endless battles is banned
|rule|Species Clause: Limit one of each Pokémon
|rule|OHKO Clause: OHKO moves are banned
|rule|Evasion Items Clause: Evasion items are banned
|rule|Evasion Moves Clause: Evasion moves are banned
|rule|Sleep Moves Clause: Sleep-inducing moves are banned
|clearpoke
|poke|p1|Lokix, F|
|poke|p1|Corviknight, M|
|poke|p1|Landorus-Therian, M|
|poke|p1|Ogerpon-Wellspring, F|
|poke|p1|Iron Moth|
|poke|p1|Clefable, F|
|poke|p2|Samurott-Hisui, M|
|poke|p2|Iron Valiant|
|poke|p2|Bisharp, F|
|poke|p2|Ceruledge, F|
|poke|p2|Kleavor, F|
|poke|p2|Skarmory, F|
|teampreview
|
|t:|1743799678
|start
|switch|p1a: Lokix|Lokix, F|100/100
|switch|p2a: Bisharp|Bisharp, F|100/100
|turn|1
|
|t:|1743799688
|move|p1a: Lokix|U-turn|p2a: Bisharp
|-damage|p2a: Bisharp|73/100
|-damage|p1a: Lokix|91/100|[from] item: Life Orb
|
|t:|1743799700
|switch|p1a: Landorus|Landorus-Therian, M|100/100|[from] U-turn
|-ability|p1a: Landorus|Intimidate|boost
|-unboost|p2a: Bisharp|atk|1
|-ability|p2a: Bisharp|Defiant|boost
|-boost|p2a: Bisharp|atk|2
|move|p2a: Bisharp|Thunder Wave|p1a: Landorus
|-immune|p1a: Landorus
|
|upkeep
|turn|2
|
|t:|1743799711
|move|p1a: Landorus|Stealth Rock|p2a: Bisharp
|-sidestart|p2: Dribblz|move: Stealth Rock
|move|p2a: Bisharp|Swords Dance|p2a: Bisharp
|-boost|p2a: Bisharp|atk|2
|
|upkeep
|turn|3
|
|t:|1743799718
|move|p2a: Bisharp|Sucker Punch|p1a: Landorus
|-damage|p1a: Landorus|30/100
|move|p1a: Landorus|Earthquake|p2a: Bisharp
|-supereffective|p2a: Bisharp
|-damage|p2a: Bisharp|13/100
|
|-heal|p1a: Landorus|36/100|[from] item: Leftovers
|upkeep
|turn|4
|
|t:|1743799738
|move|p1a: Landorus|Earthquake|p2a: Bisharp
|-supereffective|p2a: Bisharp
|-damage|p2a: Bisharp|0 fnt
|faint|p2a: Bisharp
|
|-heal|p1a: Landorus|42/100|[from] item: Leftovers
|upkeep
|
|t:|1743799746
|switch|p2a: Samurott|Samurott-Hisui, M|100/100
|-damage|p2a: Samurott|88/100|[from] Stealth Rock
|turn|5
|
|t:|1743799754
|move|p2a: Samurott|Razor Shell|p1a: Landorus
|-supereffective|p1a: Landorus
|-damage|p1a: Landorus|0 fnt
|faint|p1a: Landorus
|
|upkeep
|
|t:|1743799758
|switch|p1a: Lokix|Lokix, F|91/100
|turn|6
|
|t:|1743799764
|switch|p2a: Kleavor|Kleavor, F|100/100
|-damage|p2a: Kleavor|76/100|[from] Stealth Rock
|move|p1a: Lokix|First Impression|p2a: Kleavor
|-damage|p2a: Kleavor|0 fnt
|faint|p2a: Kleavor
|-damage|p1a: Lokix|81/100|[from] item: Life Orb
|
|upkeep
|
|t:|1743799774
|switch|p2a: Skarmory|Skarmory, F|100/100
|-damage|p2a: Skarmory|88/100|[from] Stealth Rock
|turn|7
|
|t:|1743799790
|move|p1a: Lokix|U-turn|p2a: Skarmory
|-resisted|p2a: Skarmory
|-damage|p2a: Skarmory|77/100
|-damage|p1a: Lokix|64/100|[from] item: Rocky Helmet|[of] p2a: Skarmory
|-damage|p1a: Lokix|54/100|[from] item: Life Orb
|
|t:|1743799794
|switch|p1a: Iron Moth|Iron Moth|100/100|[from] U-turn
|-enditem|p1a: Iron Moth|Booster Energy
|-activate|p1a: Iron Moth|ability: Quark Drive|[fromitem]
|-start|p1a: Iron Moth|quarkdrivespe
|move|p2a: Skarmory|Brave Bird|p1a: Iron Moth
|-damage|p1a: Iron Moth|49/100
|-damage|p2a: Skarmory|59/100|[from] Recoil
|
|upkeep
|turn|8
|
|t:|1743799805
|switch|p2a: Ceruledge|Ceruledge, F, shiny|100/100
|-damage|p2a: Ceruledge|76/100|[from] Stealth Rock
|move|p1a: Iron Moth|Toxic Spikes|p2a: Ceruledge
|-sidestart|p2: Dribblz|move: Toxic Spikes
|
|upkeep
|turn|9
|
|t:|1743799824
|-end|p1a: Iron Moth|Quark Drive|[silent]
|switch|p1a: Ogerpon|Ogerpon-Wellspring, F|100/100
|move|p2a: Ceruledge|Poltergeist|p1a: Ogerpon
|-activate|p1a: Ogerpon|move: Poltergeist|Wellspring Mask
|-damage|p1a: Ogerpon|33/100
|
|upkeep
|turn|10
|
|t:|1743799835
|switch|p2a: Samurott|Samurott-Hisui, M|88/100
|-damage|p2a: Samurott|76/100|[from] Stealth Rock
|-status|p2a: Samurott|psn
|move|p1a: Ogerpon|Ivy Cudgel|p2a: Samurott|[anim] Ivy Cudgel Water
|-resisted|p2a: Samurott
|-damage|p2a: Samurott|37/100 psn
|
|-damage|p2a: Samurott|25/100 psn|[from] psn
|upkeep
|turn|11
|
|t:|1743799847
|move|p2a: Samurott|Ceaseless Edge|p1a: Ogerpon
|-damage|p1a: Ogerpon|0 fnt
|-sidestart|p1: rheeett|Spikes
|faint|p1a: Ogerpon
|
|-damage|p2a: Samurott|12/100 psn|[from] psn
|upkeep
|
|t:|1743799857
|switch|p1a: Clefable|Clefable, F|100/100
|turn|12
|
|t:|1743799860
|move|p2a: Samurott|Ceaseless Edge|p1a: Clefable
|-resisted|p1a: Clefable
|-crit|p1a: Clefable
|-damage|p1a: Clefable|76/100
|-sidestart|p1: rheeett|Spikes
|move|p1a: Clefable|Calm Mind|p1a: Clefable
|-boost|p1a: Clefable|spa|1
|-boost|p1a: Clefable|spd|1
|
|-heal|p1a: Clefable|82/100|[from] item: Leftovers
|-damage|p2a: Samurott|0 fnt|[from] psn
|faint|p2a: Samurott
|upkeep
|
|t:|1743799877
|switch|p2a: Ceruledge|Ceruledge, F, shiny|76/100
|-damage|p2a: Ceruledge|51/100|[from] Stealth Rock
|-status|p2a: Ceruledge|psn
|turn|13
|
|t:|1743799886
|move|p2a: Ceruledge|Bitter Blade|p1a: Clefable
|-damage|p1a: Clefable|48/100
|-heal|p2a: Ceruledge|72/100 psn|[from] drain|[of] p1a: Clefable
|move|p1a: Clefable|Thunderbolt|p2a: Ceruledge
|-damage|p2a: Ceruledge|56/100 psn
|
|-heal|p1a: Clefable|55/100|[from] item: Leftovers
|-damage|p2a: Ceruledge|44/100 psn|[from] psn
|upkeep
|turn|14
|
|t:|1743799898
|move|p2a: Ceruledge|Bitter Blade|p1a: Clefable
|-damage|p1a: Clefable|22/100
|-heal|p2a: Ceruledge|64/100 psn|[from] drain|[of] p1a: Clefable
|move|p1a: Clefable|Moonblast|p2a: Ceruledge
|-resisted|p2a: Ceruledge
|-crit|p2a: Ceruledge
|-damage|p2a: Ceruledge|46/100 psn
|
|-heal|p1a: Clefable|28/100|[from] item: Leftovers
|-damage|p2a: Ceruledge|34/100 psn|[from] psn
|upkeep
|turn|15
|
|t:|1743799910
|move|p2a: Ceruledge|Bitter Blade|p1a: Clefable
|-damage|p1a: Clefable|0 fnt
|-heal|p2a: Ceruledge|50/100 psn|[from] drain|[of] p1a: Clefable
|faint|p1a: Clefable
|
|-damage|p2a: Ceruledge|38/100 psn|[from] psn
|upkeep
|
|t:|1743799918
|switch|p1a: Iron Moth|Iron Moth|49/100
|-damage|p1a: Iron Moth|32/100|[from] Spikes
|turn|16
|
|t:|1743799924
|move|p1a: Iron Moth|Sludge Wave|p2a: Ceruledge
|-resisted|p2a: Ceruledge
|-damage|p2a: Ceruledge|25/100 psn
|move|p2a: Ceruledge|Bitter Blade|p1a: Iron Moth
|-resisted|p1a: Iron Moth
|-damage|p1a: Iron Moth|0 fnt
|-heal|p2a: Ceruledge|41/100 psn|[from] drain|[of] p1a: Iron Moth
|faint|p1a: Iron Moth
|-end|p1a: Iron Moth|Quark Drive|[silent]
|
|-damage|p2a: Ceruledge|29/100 psn|[from] psn
|upkeep
|
|t:|1743799930
|switch|p1a: Lokix|Lokix, F|54/100
|-damage|p1a: Lokix|38/100|[from] Spikes
|turn|17
|
|t:|1743799940
|switch|p2a: Skarmory|Skarmory, F|59/100
|-damage|p2a: Skarmory|47/100|[from] Stealth Rock
|move|p1a: Lokix|Sucker Punch||[still]
|-fail|p1a: Lokix
|
|upkeep
|turn|18
|
|t:|1743799947
|move|p1a: Lokix|Knock Off|p2a: Skarmory
|-damage|p2a: Skarmory|9/100
|-damage|p1a: Lokix|21/100|[from] item: Rocky Helmet|[of] p2a: Skarmory
|-enditem|p2a: Skarmory|Rocky Helmet|[from] move: Knock Off|[of] p1a: Lokix
|-damage|p1a: Lokix|11/100|[from] item: Life Orb
|move|p2a: Skarmory|Roost|p2a: Skarmory
|-heal|p2a: Skarmory|59/100
|-singleturn|p2a: Skarmory|move: Roost
|
|upkeep
|turn|19
|
|t:|1743799959
|move|p1a: Lokix|Knock Off|p2a: Skarmory
|-damage|p2a: Skarmory|35/100
|-damage|p1a: Lokix|1/100|[from] item: Life Orb
|move|p2a: Skarmory|Roost|p2a: Skarmory
|-heal|p2a: Skarmory|85/100
|-singleturn|p2a: Skarmory|move: Roost
|
|upkeep
|turn|20
|-message|rheeett forfeited.
|
|win|Dribblz
|raw|rheeett's rating: 1232 &rarr; <strong>1205</strong><br />(-27 for losing)
|raw|Dribblz's rating: 1202 &rarr; <strong>1229</strong><br />(+27 for winning)
|l|☆rheeett
|player|p1|
