|j|☆fireator
|j|☆Choso2go
|t:|1743870008
|gametype|singles
|player|p1|fireator|gambler|1745
|player|p2|Choso2go|roxie|1710
|teamsize|p1|6
|teamsize|p2|6
|gen|9
|tier|[Gen 9] OU
|rated|
|rule|HP Percentage Mod: HP is shown in percentages
|rule|Endless Battle Clause: Forcing endless battles is banned
|rule|Species Clause: Limit one of each Pokémon
|rule|OHKO Clause: OHKO moves are banned
|rule|Evasion Items Clause: Evasion items are banned
|rule|Evasion Moves Clause: Evasion moves are banned
|rule|Sleep Moves Clause: Sleep-inducing moves are banned
|clearpoke
|poke|p1|Iron Moth|
|poke|p1|Dragapult, M|
|poke|p1|Cinderace, F|
|poke|p1|Primarina, F|
|poke|p1|Zamazenta-*|
|poke|p1|Meowscarada, M|
|poke|p2|Torkoal, F|
|poke|p2|Ninetales, M|
|poke|p2|Walking Wake|
|poke|p2|Slither Wing|
|poke|p2|Great Tusk|
|poke|p2|Charizard, F|
|teampreview
|
|t:|1743870015
|start
|switch|p1a: Primarina|Primarina, F|100/100
|switch|p2a: Torkoal|Torkoal, F, shiny|100/100
|-weather|SunnyDay|[from] ability: Drought|[of] p2a: Torkoal
|turn|1
|j| lowladderubersnoob
|inactive|Battle timer is ON: inactive players will automatically lose when time's up. (requested by Choso2go)
|
|t:|1743870023
|move|p1a: Primarina|Psychic Noise|p2a: Torkoal
|-supereffective|p2a: Torkoal
|-damage|p2a: Torkoal|44/100
|-start|p2a: Torkoal|move: Heal Block
|move|p2a: Torkoal|Overheat|p1a: Primarina
|-resisted|p1a: Primarina
|-damage|p1a: Primarina|85/100
|-unboost|p2a: Torkoal|spa|2
|-enditem|p2a: Torkoal|Eject Pack
|
|t:|1743870051
|switch|p2a: Great Tusk|Great Tusk, shiny|100/100
|-activate|p2a: Great Tusk|ability: Protosynthesis
|-start|p2a: Great Tusk|protosynthesisatk
|
|-weather|SunnyDay|[upkeep]
|upkeep
|turn|2
|
|t:|1743870057
|move|p2a: Great Tusk|Headlong Rush|p1a: Primarina
|-damage|p1a: Primarina|0 fnt
|-unboost|p2a: Great Tusk|def|1
|-unboost|p2a: Great Tusk|spd|1
|-enditem|p2a: Great Tusk|Eject Pack
|faint|p1a: Primarina
|
|t:|1743870064
|-end|p2a: Great Tusk|Protosynthesis|[silent]
|switch|p2a: Burn|Charizard, F, shiny|100/100
|
|-weather|SunnyDay|[upkeep]
|-damage|p2a: Burn|88/100|[from] ability: Solar Power|[of] p2a: Burn
|upkeep
|
|t:|1743870070
|switch|p1a: Dragapult|Dragapult, M|100/100
|turn|3
|
|t:|1743870076
|move|p1a: Dragapult|Substitute|p1a: Dragapult
|-start|p1a: Dragapult|Substitute
|-damage|p1a: Dragapult|76/100
|move|p2a: Burn|Flamethrower|p1a: Dragapult
|-resisted|p1a: Dragapult
|-end|p1a: Dragapult|Substitute
|
|-weather|SunnyDay|[upkeep]
|-damage|p2a: Burn|76/100|[from] ability: Solar Power|[of] p2a: Burn
|-heal|p1a: Dragapult|82/100|[from] item: Leftovers
|upkeep
|turn|4
|
|t:|1743870085
|move|p1a: Dragapult|Substitute|p1a: Dragapult
|-start|p1a: Dragapult|Substitute
|-damage|p1a: Dragapult|57/100
|move|p2a: Burn|Flamethrower|p1a: Dragapult
|-resisted|p1a: Dragapult
|-end|p1a: Dragapult|Substitute
|
|-weather|SunnyDay|[upkeep]
|-damage|p2a: Burn|63/100|[from] ability: Solar Power|[of] p2a: Burn
|-heal|p1a: Dragapult|63/100|[from] item: Leftovers
|upkeep
|turn|5
|
|t:|1743870092
|move|p1a: Dragapult|Dragon Darts|p2a: Burn
|-damage|p2a: Burn|32/100
|-anim|p1a: Dragapult|Dragon Darts|p2a: Burn
|-damage|p2a: Burn|2/100
|move|p2a: Burn|Flamethrower|p1a: Dragapult
|-resisted|p1a: Dragapult
|-damage|p1a: Dragapult|0 fnt
|faint|p1a: Dragapult
|
|-weather|none
|upkeep
|
|t:|1743870096
|switch|p1a: Iron Moth|Iron Moth|100/100
|-enditem|p1a: Iron Moth|Booster Energy
|-activate|p1a: Iron Moth|ability: Quark Drive|[fromitem]
|-start|p1a: Iron Moth|quarkdrivespe
|turn|6
|
|t:|1743870102
|switch|p2a: Ninetales|Ninetales, M|100/100
|-weather|SunnyDay|[from] ability: Drought|[of] p2a: Ninetales
|move|p1a: Iron Moth|Fiery Dance|p2a: Ninetales
|-resisted|p2a: Ninetales
|-damage|p2a: Ninetales|72/100
|
|-weather|SunnyDay|[upkeep]
|upkeep
|turn|7
|
|t:|1743870105
|move|p1a: Iron Moth|Fiery Dance|p2a: Ninetales
|-resisted|p2a: Ninetales
|-damage|p2a: Ninetales|41/100
|-boost|p1a: Iron Moth|spa|1
|move|p2a: Ninetales|Healing Wish|p2a: Ninetales
|faint|p2a: Ninetales
|
|-weather|SunnyDay|[upkeep]
|upkeep
|
|t:|1743870112
|switch|p2a: Burn|Charizard, F, shiny|2/100
|-heal|p2a: Burn|100/100|[from] move: Healing Wish
|turn|8
|
|t:|1743870119
|move|p1a: Iron Moth|Sludge Wave|p2a: Burn
|-damage|p2a: Burn|4/100
|move|p2a: Burn|Scorching Sands|p1a: Iron Moth
|-supereffective|p1a: Iron Moth
|-damage|p1a: Iron Moth|0 fnt
|faint|p1a: Iron Moth
|-end|p1a: Iron Moth|Quark Drive|[silent]
|
|-weather|SunnyDay|[upkeep]
|-damage|p2a: Burn|0 fnt|[from] ability: Solar Power|[of] p2a: Burn
|faint|p2a: Burn
|upkeep
|j| bikingtotop100
|
|t:|1743870131
|switch|p1a: Cinderace|Cinderace, F|100/100
|switch|p2a: Slither Wing|Slither Wing, shiny|100/100
|-activate|p2a: Slither Wing|ability: Protosynthesis
|-start|p2a: Slither Wing|protosynthesisatk
|turn|9
|
|t:|1743870135
|-terastallize|p2a: Slither Wing|Fire
|move|p1a: Cinderace|Pyro Ball|p2a: Slither Wing
|-resisted|p2a: Slither Wing
|-damage|p2a: Slither Wing|16/100
|move|p2a: Slither Wing|Flare Blitz|p1a: Cinderace
|-resisted|p1a: Cinderace
|-damage|p1a: Cinderace|0 fnt
|faint|p1a: Cinderace
|-damage|p2a: Slither Wing|0 fnt|[from] Recoil
|faint|p2a: Slither Wing
|-end|p2a: Slither Wing|Protosynthesis|[silent]
|
|-weather|SunnyDay|[upkeep]
|upkeep
|
|t:|1743870143
|switch|p1a: Meowscarada|Meowscarada, M|100/100
|switch|p2a: Walking Wake|Walking Wake|100/100
|-activate|p2a: Walking Wake|ability: Protosynthesis
|-start|p2a: Walking Wake|protosynthesisspe
|turn|10
|
|t:|1743870150
|move|p2a: Walking Wake|Flamethrower|p1a: Meowscarada
|-supereffective|p1a: Meowscarada
|-damage|p1a: Meowscarada|0 fnt
|faint|p1a: Meowscarada
|
|-weather|SunnyDay|[upkeep]
|upkeep
|
|t:|1743870152
|switch|p1a: Zamazenta|Zamazenta|100/100
|-ability|p1a: Zamazenta|Dauntless Shield|boost
|-boost|p1a: Zamazenta|def|1
|turn|11
|
|t:|1743870158
|-terastallize|p1a: Zamazenta|Fire
|move|p2a: Walking Wake|Flamethrower|p1a: Zamazenta
|-resisted|p1a: Zamazenta
|-damage|p1a: Zamazenta|70/100
|move|p1a: Zamazenta|Iron Defense|p1a: Zamazenta
|-boost|p1a: Zamazenta|def|2
|
|-weather|SunnyDay|[upkeep]
|-heal|p1a: Zamazenta|76/100|[from] item: Leftovers
|upkeep
|turn|12
|
|t:|1743870165
|-end|p2a: Walking Wake|Protosynthesis|[silent]
|switch|p2a: Torkoal|Torkoal, F, shiny|44/100
|move|p1a: Zamazenta|Substitute|p1a: Zamazenta
|-start|p1a: Zamazenta|Substitute
|-damage|p1a: Zamazenta|51/100
|
|-weather|SunnyDay|[upkeep]
|-heal|p1a: Zamazenta|57/100|[from] item: Leftovers
|upkeep
|turn|13
|
|t:|1743870179
|move|p1a: Zamazenta|Body Press|p2a: Torkoal
|-damage|p2a: Torkoal|0 fnt
|faint|p2a: Torkoal
|
|-weather|none
|-heal|p1a: Zamazenta|63/100|[from] item: Leftovers
|upkeep
|
|t:|1743870182
|switch|p2a: Great Tusk|Great Tusk, shiny|100/100
|turn|14
|j| rei husabnd
|c| bikingtotop100|the throw of the century
|
|t:|1743870187
|move|p1a: Zamazenta|Body Press|p2a: Great Tusk
|-damage|p2a: Great Tusk|21/100
|move|p2a: Great Tusk|Rapid Spin|p1a: Zamazenta
|-activate|p1a: Zamazenta|move: Substitute|[damage]
|-boost|p2a: Great Tusk|spe|1
|
|-heal|p1a: Zamazenta|70/100|[from] item: Leftovers
|upkeep
|turn|15
|
|t:|1743870192
|move|p2a: Great Tusk|Headlong Rush|p1a: Zamazenta
|-supereffective|p1a: Zamazenta
|-end|p1a: Zamazenta|Substitute
|-unboost|p2a: Great Tusk|def|1
|-unboost|p2a: Great Tusk|spd|1
|move|p1a: Zamazenta|Body Press|p2a: Great Tusk
|-damage|p2a: Great Tusk|0 fnt
|faint|p2a: Great Tusk
|-end|p2a: Great Tusk|Protosynthesis|[silent]
|
|-heal|p1a: Zamazenta|76/100|[from] item: Leftovers
|upkeep
|
|t:|1743870194
|switch|p2a: Walking Wake|Walking Wake|100/100
|turn|16
|
|t:|1743870196
|move|p1a: Zamazenta|Body Press|p2a: Walking Wake
|-damage|p2a: Walking Wake|0 fnt
|faint|p2a: Walking Wake
|-end|p2a: Walking Wake|Protosynthesis|[silent]
|
|win|fireator
|raw|fireator's rating: 1745 &rarr; <strong>1763</strong><br />(+18 for winning)
|raw|Choso2go's rating: 1710 &rarr; <strong>1692</strong><br />(-18 for losing)
|l| bikingtotop100
|l|☆Choso2go
|player|p2|
|l| rei husabnd
|c|☆fireator|gg
|l| lowladderubersnoob
|l|☆fireator
|player|p1|
