|j|☆surprise blissey
|j|☆pape999
|t:|1743850991
|gametype|singles
|player|p1|surprise blissey|blaine|1531
|player|p2|pape999|101|1427
|teamsize|p1|6
|teamsize|p2|6
|gen|9
|tier|[Gen 9] OU
|rated|
|rule|HP Percentage Mod: HP is shown in percentages
|rule|Endless Battle Clause: Forcing endless battles is banned
|rule|Species Clause: Limit one of each Pokémon
|rule|OHKO Clause: OHKO moves are banned
|rule|Evasion Items Clause: Evasion items are banned
|rule|Evasion Moves Clause: Evasion moves are banned
|rule|Sleep Moves Clause: Sleep-inducing moves are banned
|clearpoke
|poke|p1|Blissey, F|
|poke|p1|Dondozo, F|
|poke|p1|Gliscor, F|
|poke|p1|Pecharunt|
|poke|p1|Regice|
|poke|p1|Clefable, F|
|poke|p2|Politoed, M|
|poke|p2|Skarmory, F|
|poke|p2|Thundurus-Therian, M|
|poke|p2|Barraskewda, F|
|poke|p2|Goodra-Hisui, M|
|poke|p2|Great Tusk|
|teampreview
|inactive|Battle timer is ON: inactive players will automatically lose when time's up. (requested by surprise blissey)
|
|t:|1743850998
|start
|switch|p1a: Blissey|Blissey, F|100/100
|switch|p2a: Thundurus|Thundurus-Therian, M|100/100
|turn|1
|
|t:|1743851004
|move|p2a: Thundurus|Volt Switch|p1a: Blissey
|-damage|p1a: Blissey|87/100
|
|t:|1743851007
|switch|p2a: Great Tusk|Great Tusk|100/100|[from] Volt Switch
|move|p1a: Blissey|Stealth Rock|p2a: Great Tusk
|-sidestart|p2: pape999|move: Stealth Rock
|
|upkeep
|turn|2
|
|t:|1743851013
|switch|p1a: Pecharunt|Pecharunt|100/100
|move|p2a: Great Tusk|Knock Off|p1a: Pecharunt
|-supereffective|p1a: Pecharunt
|-damage|p1a: Pecharunt|52/100
|-enditem|p1a: Pecharunt|Heavy-Duty Boots|[from] move: Knock Off|[of] p2a: Great Tusk
|
|upkeep
|turn|3
|
|t:|1743851023
|move|p1a: Pecharunt|Toxic|p2a: Great Tusk
|-status|p2a: Great Tusk|tox
|-start|p2a: Great Tusk|confusion|[from] ability: Poison Puppeteer|[of] p1a: Pecharunt
|-activate|p2a: Great Tusk|confusion
|-damage|p2a: Great Tusk|91/100 tox|[from] confusion
|
|-heal|p2a: Great Tusk|97/100 tox|[from] item: Leftovers
|-damage|p2a: Great Tusk|91/100 tox|[from] psn
|upkeep
|turn|4
|
|t:|1743851033
|-end|p2a: Great Tusk|Protosynthesis|[silent]
|switch|p2a: Goodra|Goodra-Hisui, M|100/100
|-damage|p2a: Goodra|94/100|[from] Stealth Rock
|move|p1a: Pecharunt|Recover|p1a: Pecharunt
|-heal|p1a: Pecharunt|100/100
|
|upkeep
|turn|5
|
|t:|1743851040
|switch|p2a: Great Tusk|Great Tusk|91/100 tox
|-damage|p2a: Great Tusk|88/100 tox|[from] Stealth Rock
|move|p1a: Pecharunt|Parting Shot|p2a: Great Tusk
|-unboost|p2a: Great Tusk|atk|1
|-unboost|p2a: Great Tusk|spa|1
|
|t:|1743851042
|switch|p1a: Gliscor|Gliscor, F|100/100|[from] Parting Shot
|
|-heal|p2a: Great Tusk|94/100 tox|[from] item: Leftovers
|-damage|p2a: Great Tusk|88/100 tox|[from] psn
|-status|p1a: Gliscor|tox|[from] item: Toxic Orb
|upkeep
|turn|6
|
|t:|1743851055
|move|p1a: Gliscor|Protect|p1a: Gliscor
|-singleturn|p1a: Gliscor|Protect
|move|p2a: Great Tusk|Ice Spinner|p1a: Gliscor
|-activate|p1a: Gliscor|move: Protect
|
|-heal|p2a: Great Tusk|94/100 tox|[from] item: Leftovers
|-damage|p2a: Great Tusk|82/100 tox|[from] psn
|upkeep
|turn|7
|
|t:|1743851063
|switch|p1a: Pecharunt|Pecharunt|100/100
|move|p2a: Great Tusk|Rapid Spin|p1a: Pecharunt
|-immune|p1a: Pecharunt
|
|-heal|p2a: Great Tusk|88/100 tox|[from] item: Leftovers
|-damage|p2a: Great Tusk|70/100 tox|[from] psn
|upkeep
|turn|8
|
|t:|1743851073
|-end|p2a: Great Tusk|Protosynthesis|[silent]
|switch|p2a: Goodra|Goodra-Hisui, M|94/100
|-damage|p2a: Goodra|88/100|[from] Stealth Rock
|move|p1a: Pecharunt|Hex|p2a: Goodra
|-damage|p2a: Goodra|79/100
|
|upkeep
|turn|9
|
|t:|1743851082
|move|p1a: Pecharunt|Parting Shot|p2a: Goodra
|-unboost|p2a: Goodra|atk|1
|-unboost|p2a: Goodra|spa|1
|
|t:|1743851086
|switch|p1a: Blissey|Blissey, F|87/100|[from] Parting Shot
|move|p2a: Goodra|Draco Meteor|p1a: Blissey
|-damage|p1a: Blissey|74/100
|-unboost|p2a: Goodra|spa|2
|
|upkeep
|turn|10
|
|t:|1743851094
|switch|p1a: Clefable|Clefable, F|100/100
|switch|p2a: Great Tusk|Great Tusk|70/100 tox
|-damage|p2a: Great Tusk|67/100 tox|[from] Stealth Rock
|
|-heal|p2a: Great Tusk|73/100 tox|[from] item: Leftovers
|-damage|p2a: Great Tusk|67/100 tox|[from] psn
|upkeep
|turn|11
|
|t:|1743851104
|move|p2a: Great Tusk|Knock Off|p1a: Clefable
|-resisted|p1a: Clefable
|-damage|p1a: Clefable|87/100
|-enditem|p1a: Clefable|Sticky Barb|[from] move: Knock Off|[of] p2a: Great Tusk
|move|p1a: Clefable|Knock Off|p2a: Great Tusk
|-resisted|p2a: Great Tusk
|-damage|p2a: Great Tusk|61/100 tox
|-enditem|p2a: Great Tusk|Leftovers|[from] move: Knock Off|[of] p1a: Clefable
|
|-damage|p2a: Great Tusk|49/100 tox|[from] psn
|upkeep
|turn|12
|
|t:|1743851116
|-end|p2a: Great Tusk|Protosynthesis|[silent]
|switch|p2a: Goodra|Goodra-Hisui, M|79/100
|-damage|p2a: Goodra|73/100|[from] Stealth Rock
|switch|p1a: Pecharunt|Pecharunt|100/100
|
|upkeep
|turn|13
|
|t:|1743851125
|move|p1a: Pecharunt|Parting Shot|p2a: Goodra
|-unboost|p2a: Goodra|atk|1
|-unboost|p2a: Goodra|spa|1
|
|t:|1743851127
|switch|p1a: Regice|Regice|100/100|[from] Parting Shot
|move|p2a: Goodra|Earthquake|p1a: Regice
|-damage|p1a: Regice|90/100
|
|upkeep
|turn|14
|
|t:|1743851146
|switch|p2a: Politoed|Politoed, M|100/100
|-damage|p2a: Politoed|88/100|[from] Stealth Rock
|-weather|RainDance|[from] ability: Drizzle|[of] p2a: Politoed
|move|p1a: Regice|Body Press|p2a: Politoed
|-damage|p2a: Politoed|63/100
|
|-weather|RainDance|[upkeep]
|upkeep
|turn|15
|
|t:|1743851157
|move|p2a: Politoed|Chilling Water|p1a: Regice
|-damage|p1a: Regice|79/100
|move|p1a: Regice|Body Press|p2a: Politoed
|-damage|p2a: Politoed|37/100
|
|-weather|RainDance|[upkeep]
|upkeep
|turn|16
|
|t:|1743851172
|switch|p2a: Skarmory|Skarmory, F|100/100
|-damage|p2a: Skarmory|88/100|[from] Stealth Rock
|move|p1a: Regice|Ice Beam|p2a: Skarmory
|-crit|p2a: Skarmory
|-damage|p2a: Skarmory|23/100
|
|-weather|RainDance|[upkeep]
|upkeep
|turn|17
|
|t:|1743851188
|switch|p1a: Gliscor|Gliscor, F|100/100 tox
|move|p2a: Skarmory|Stealth Rock|p1a: Gliscor
|-sidestart|p1: surprise blissey|move: Stealth Rock
|
|-weather|RainDance|[upkeep]
|upkeep
|turn|18
|
|t:|1743851194
|move|p1a: Gliscor|Swords Dance|p1a: Gliscor
|-boost|p1a: Gliscor|atk|2
|move|p2a: Skarmory|Roost|p2a: Skarmory
|-heal|p2a: Skarmory|73/100
|-singleturn|p2a: Skarmory|move: Roost
|
|-weather|RainDance|[upkeep]
|upkeep
|turn|19
|
|t:|1743851201
|move|p1a: Gliscor|Knock Off|p2a: Skarmory
|-damage|p2a: Skarmory|50/100
|-damage|p1a: Gliscor|84/100 tox|[from] item: Rocky Helmet|[of] p2a: Skarmory
|-enditem|p2a: Skarmory|Rocky Helmet|[from] move: Knock Off|[of] p1a: Gliscor
|move|p2a: Skarmory|Roost|p2a: Skarmory
|-heal|p2a: Skarmory|99/100
|-singleturn|p2a: Skarmory|move: Roost
|
|-weather|RainDance|[upkeep]
|-heal|p1a: Gliscor|96/100 tox|[from] ability: Poison Heal
|upkeep
|turn|20
|
|t:|1743851212
|move|p1a: Gliscor|Knock Off|p2a: Skarmory
|-damage|p2a: Skarmory|85/100
|move|p2a: Skarmory|Whirlwind|p1a: Gliscor
|drag|p1a: Regice|Regice|79/100
|
|-weather|RainDance|[upkeep]
|upkeep
|turn|21
|
|t:|1743851219
|switch|p1a: Pecharunt|Pecharunt|100/100
|-damage|p1a: Pecharunt|88/100|[from] Stealth Rock
|move|p2a: Skarmory|Body Press|p1a: Pecharunt
|-immune|p1a: Pecharunt
|
|-weather|none
|upkeep
|turn|22
|
|t:|1743851232
|switch|p2a: Politoed|Politoed, M|37/100
|-damage|p2a: Politoed|25/100|[from] Stealth Rock
|-weather|RainDance|[from] ability: Drizzle|[of] p2a: Politoed
|move|p1a: Pecharunt|Parting Shot|p2a: Politoed
|-unboost|p2a: Politoed|atk|1
|-unboost|p2a: Politoed|spa|1
|
|t:|1743851240
|switch|p1a: Blissey|Blissey, F|74/100|[from] Parting Shot
|
|-weather|RainDance|[upkeep]
|upkeep
|turn|23
|
|t:|1743851245
|switch|p2a: Great Tusk|Great Tusk|49/100 tox
|-damage|p2a: Great Tusk|46/100 tox|[from] Stealth Rock
|move|p1a: Blissey|Seismic Toss|p2a: Great Tusk
|-damage|p2a: Great Tusk|23/100 tox
|
|-weather|RainDance|[upkeep]
|-damage|p2a: Great Tusk|17/100 tox|[from] psn
|upkeep
|turn|24
|
|t:|1743851255
|switch|p1a: Pecharunt|Pecharunt|88/100
|-damage|p1a: Pecharunt|76/100|[from] Stealth Rock
|move|p2a: Great Tusk|Earthquake|p1a: Pecharunt
|-supereffective|p1a: Pecharunt
|-damage|p1a: Pecharunt|3/100
|
|-weather|RainDance|[upkeep]
|-damage|p2a: Great Tusk|4/100 tox|[from] psn
|upkeep
|turn|25
|
|t:|1743851264
|move|p1a: Pecharunt|Recover|p1a: Pecharunt
|-heal|p1a: Pecharunt|53/100
|move|p2a: Great Tusk|Earthquake|p1a: Pecharunt
|-supereffective|p1a: Pecharunt
|-damage|p1a: Pecharunt|0 fnt
|faint|p1a: Pecharunt
|
|-weather|RainDance|[upkeep]
|-damage|p2a: Great Tusk|0 fnt|[from] psn
|faint|p2a: Great Tusk
|-end|p2a: Great Tusk|Protosynthesis|[silent]
|upkeep
|
|t:|1743851282
|switch|p1a: Dondozo|Dondozo, F|100/100
|switch|p2a: Thundurus|Thundurus-Therian, M|100/100
|-damage|p2a: Thundurus|76/100|[from] Stealth Rock
|turn|26
|
|t:|1743851291
|switch|p1a: Blissey|Blissey, F|74/100
|move|p2a: Thundurus|Volt Switch|p1a: Blissey
|-damage|p1a: Blissey|62/100
|
|t:|1743851302
|switch|p2a: Barraskewda|Barraskewda, F|100/100|[from] Volt Switch
|-damage|p2a: Barraskewda|88/100|[from] Stealth Rock
|
|-weather|RainDance|[upkeep]
|upkeep
|turn|27
|
|t:|1743851314
|switch|p1a: Dondozo|Dondozo, F|100/100
|move|p2a: Barraskewda|Close Combat|p1a: Dondozo
|-damage|p1a: Dondozo|70/100
|-unboost|p2a: Barraskewda|def|1
|-unboost|p2a: Barraskewda|spd|1
|
|-weather|RainDance|[upkeep]
|upkeep
|turn|28
|
|t:|1743851325
|switch|p2a: Skarmory|Skarmory, F|85/100
|-damage|p2a: Skarmory|73/100|[from] Stealth Rock
|move|p1a: Dondozo|Avalanche|p2a: Skarmory
|-damage|p2a: Skarmory|65/100
|
|-weather|RainDance|[upkeep]
|upkeep
|turn|29
|
|t:|1743851333
|switch|p1a: Gliscor|Gliscor, F|96/100 tox
|-damage|p1a: Gliscor|84/100 tox|[from] Stealth Rock
|move|p2a: Skarmory|Body Press|p1a: Gliscor
|-resisted|p1a: Gliscor
|-damage|p1a: Gliscor|71/100 tox
|
|-weather|none
|-heal|p1a: Gliscor|83/100 tox|[from] ability: Poison Heal
|upkeep
|turn|30
|
|t:|1743851342
|move|p1a: Gliscor|Knock Off|p2a: Skarmory
|-damage|p2a: Skarmory|56/100
|move|p2a: Skarmory|Whirlwind|p1a: Gliscor
|drag|p1a: Clefable|Clefable, F|87/100
|
|upkeep
|turn|31
|
|t:|1743851348
|switch|p2a: Goodra|Goodra-Hisui, M|73/100
|-damage|p2a: Goodra|67/100|[from] Stealth Rock
|move|p1a: Clefable|Calm Mind|p1a: Clefable
|-boost|p1a: Clefable|spa|1
|-boost|p1a: Clefable|spd|1
|
|upkeep
|turn|32
|
|t:|1743851355
|switch|p1a: Dondozo|Dondozo, F|70/100
|move|p2a: Goodra|Flash Cannon|p1a: Dondozo
|-resisted|p1a: Dondozo
|-damage|p1a: Dondozo|51/100
|
|upkeep
|turn|33
|
|t:|1743851361
|switch|p1a: Blissey|Blissey, F|62/100
|move|p2a: Goodra|Draco Meteor|p1a: Blissey
|-crit|p1a: Blissey
|-damage|p1a: Blissey|32/100
|-unboost|p2a: Goodra|spa|2
|
|upkeep
|turn|34
|
|t:|1743851372
|switch|p2a: Barraskewda|Barraskewda, F|88/100
|-damage|p2a: Barraskewda|76/100|[from] Stealth Rock
|move|p1a: Blissey|Soft-Boiled|p1a: Blissey
|-heal|p1a: Blissey|82/100
|
|upkeep
|turn|35
|
|t:|1743851380
|switch|p1a: Clefable|Clefable, F|87/100
|move|p2a: Barraskewda|Liquidation|p1a: Clefable
|-damage|p1a: Clefable|32/100
|-unboost|p1a: Clefable|def|1
|
|upkeep
|turn|36
|
|t:|1743851391
|move|p2a: Barraskewda|Liquidation|p1a: Clefable
|-damage|p1a: Clefable|0 fnt
|faint|p1a: Clefable
|
|upkeep
|
|t:|1743851393
|switch|p1a: Dondozo|Dondozo, F|51/100
|turn|37
|
|t:|1743851400
|switch|p2a: Skarmory|Skarmory, F|56/100
|-damage|p2a: Skarmory|44/100|[from] Stealth Rock
|move|p1a: Dondozo|Body Press|p2a: Skarmory
|-damage|p2a: Skarmory|27/100
|
|upkeep
|turn|38
|
|t:|1743851409
|move|p2a: Skarmory|Roost|p2a: Skarmory
|-heal|p2a: Skarmory|77/100
|-singleturn|p2a: Skarmory|move: Roost
|move|p1a: Dondozo|Rest|p1a: Dondozo
|-status|p1a: Dondozo|slp|[from] move: Rest
|-heal|p1a: Dondozo|100/100 slp|[silent]
|
|upkeep
|turn|39
|
|t:|1743851418
|move|p2a: Skarmory|Body Press|p1a: Dondozo
|-damage|p1a: Dondozo|87/100 slp
|cant|p1a: Dondozo|slp
|move|p1a: Dondozo|Sleep Talk|p1a: Dondozo
|move|p1a: Dondozo|Body Press|p2a: Skarmory|[from] move: Sleep Talk
|-damage|p2a: Skarmory|60/100
|
|upkeep
|turn|40
|
|t:|1743851437
|switch|p1a: Gliscor|Gliscor, F|83/100 tox
|-damage|p1a: Gliscor|71/100 tox|[from] Stealth Rock
|move|p2a: Skarmory|Body Press|p1a: Gliscor
|-resisted|p1a: Gliscor
|-damage|p1a: Gliscor|58/100 tox
|
|-heal|p1a: Gliscor|71/100 tox|[from] ability: Poison Heal
|upkeep
|turn|41
|
|t:|1743851454
|switch|p2a: Politoed|Politoed, M|25/100
|-damage|p2a: Politoed|12/100|[from] Stealth Rock
|-weather|RainDance|[from] ability: Drizzle|[of] p2a: Politoed
|move|p1a: Gliscor|Knock Off|p2a: Politoed
|-damage|p2a: Politoed|0 fnt
|-enditem|p2a: Politoed|Damp Rock|[from] move: Knock Off|[of] p1a: Gliscor
|faint|p2a: Politoed
|
|-weather|RainDance|[upkeep]
|-heal|p1a: Gliscor|83/100 tox|[from] ability: Poison Heal
|upkeep
|
|t:|1743851465
|switch|p2a: Barraskewda|Barraskewda, F|76/100
|-damage|p2a: Barraskewda|64/100|[from] Stealth Rock
|turn|42
|
|t:|1743851473
|-terastallize|p2a: Barraskewda|Water
|move|p1a: Gliscor|Protect|p1a: Gliscor
|-singleturn|p1a: Gliscor|Protect
|move|p2a: Barraskewda|Liquidation|p1a: Gliscor
|-activate|p1a: Gliscor|move: Protect
|
|-weather|RainDance|[upkeep]
|-heal|p1a: Gliscor|96/100 tox|[from] ability: Poison Heal
|upkeep
|turn|43
|
|t:|1743851490
|switch|p1a: Blissey|Blissey, F|82/100
|move|p2a: Barraskewda|Liquidation|p1a: Blissey
|-damage|p1a: Blissey|0 fnt
|faint|p1a: Blissey
|
|-weather|RainDance|[upkeep]
|upkeep
|
|t:|1743851492
|switch|p1a: Dondozo|Dondozo, F|87/100 slp
|turn|44
|
|t:|1743851501
|switch|p2a: Thundurus|Thundurus-Therian, M|76/100
|-damage|p2a: Thundurus|51/100|[from] Stealth Rock
|cant|p1a: Dondozo|slp
|move|p1a: Dondozo|Sleep Talk|p1a: Dondozo
|move|p1a: Dondozo|Rest||[from] move: Sleep Talk|[still]
|-fail|p1a: Dondozo
|
|-weather|RainDance|[upkeep]
|upkeep
|turn|45
|
|t:|1743851520
|switch|p1a: Gliscor|Gliscor, F|96/100 tox
|-damage|p1a: Gliscor|83/100 tox|[from] Stealth Rock
|move|p2a: Thundurus|Grass Knot|p1a: Gliscor
|-damage|p1a: Gliscor|56/100 tox
|
|-weather|RainDance|[upkeep]
|-heal|p1a: Gliscor|69/100 tox|[from] ability: Poison Heal
|upkeep
|turn|46
|
|t:|1743851536
|switch|p2a: Skarmory|Skarmory, F|60/100
|-damage|p2a: Skarmory|47/100|[from] Stealth Rock
|move|p1a: Gliscor|Knock Off|p2a: Skarmory
|-damage|p2a: Skarmory|38/100
|
|-weather|RainDance|[upkeep]
|-heal|p1a: Gliscor|81/100 tox|[from] ability: Poison Heal
|upkeep
|turn|47
|
|t:|1743851546
|move|p1a: Gliscor|Swords Dance|p1a: Gliscor
|-boost|p1a: Gliscor|atk|2
|move|p2a: Skarmory|Roost|p2a: Skarmory
|-heal|p2a: Skarmory|88/100
|-singleturn|p2a: Skarmory|move: Roost
|
|-weather|RainDance|[upkeep]
|-heal|p1a: Gliscor|94/100 tox|[from] ability: Poison Heal
|upkeep
|turn|48
|
|t:|1743851554
|move|p1a: Gliscor|Knock Off|p2a: Skarmory
|-damage|p2a: Skarmory|72/100
|move|p2a: Skarmory|Whirlwind|p1a: Gliscor
|drag|p1a: Regice|Regice|79/100
|
|-weather|none
|upkeep
|turn|49
|
|t:|1743851561
|switch|p2a: Goodra|Goodra-Hisui, M|67/100
|-damage|p2a: Goodra|61/100|[from] Stealth Rock
|-terastallize|p1a: Regice|Water
|move|p1a: Regice|Amnesia|p1a: Regice
|-boost|p1a: Regice|spd|2
|
|upkeep
|turn|50
|
|t:|1743851587
|switch|p2a: Skarmory|Skarmory, F|72/100
|-damage|p2a: Skarmory|60/100|[from] Stealth Rock
|move|p1a: Regice|Body Press|p2a: Skarmory
|-damage|p2a: Skarmory|47/100
|
|upkeep
|turn|51
|
|t:|1743851594
|move|p1a: Regice|Ice Beam|p2a: Skarmory
|-damage|p2a: Skarmory|7/100
|move|p2a: Skarmory|Whirlwind|p1a: Regice
|drag|p1a: Dondozo|Dondozo, F|87/100 slp
|
|upkeep
|turn|52
|
|t:|1743851601
|move|p2a: Skarmory|Roost|p2a: Skarmory
|-heal|p2a: Skarmory|57/100
|-singleturn|p2a: Skarmory|move: Roost
|-curestatus|p1a: Dondozo|slp|[msg]
|move|p1a: Dondozo|Body Press|p2a: Skarmory
|-supereffective|p2a: Skarmory
|-damage|p2a: Skarmory|27/100
|
|upkeep
|turn|53
|
|t:|1743851622
|move|p2a: Skarmory|Body Press|p1a: Dondozo
|-damage|p1a: Dondozo|72/100
|move|p1a: Dondozo|Body Press|p2a: Skarmory
|-damage|p2a: Skarmory|10/100
|
|upkeep
|turn|54
|
|t:|1743851628
|move|p2a: Skarmory|Roost|p2a: Skarmory
|-heal|p2a: Skarmory|60/100
|-singleturn|p2a: Skarmory|move: Roost
|move|p1a: Dondozo|Body Press|p2a: Skarmory
|-supereffective|p2a: Skarmory
|-damage|p2a: Skarmory|27/100
|
|upkeep
|turn|55
|
|t:|1743851640
|switch|p2a: Thundurus|Thundurus-Therian, M|51/100
|-damage|p2a: Thundurus|26/100|[from] Stealth Rock
|move|p1a: Dondozo|Body Press|p2a: Thundurus
|-resisted|p2a: Thundurus
|-damage|p2a: Thundurus|5/100
|
|upkeep
|turn|56
|
|t:|1743851649
|move|p2a: Thundurus|Tera Blast|p1a: Dondozo
|-damage|p1a: Dondozo|43/100
|move|p1a: Dondozo|Body Press|p2a: Thundurus
|-resisted|p2a: Thundurus
|-damage|p2a: Thundurus|0 fnt
|faint|p2a: Thundurus
|
|upkeep
|
|t:|1743851657
|switch|p2a: Goodra|Goodra-Hisui, M|61/100
|-damage|p2a: Goodra|55/100|[from] Stealth Rock
|turn|57
|
|t:|1743851662
|move|p2a: Goodra|Draco Meteor|p1a: Dondozo
|-damage|p1a: Dondozo|0 fnt
|-unboost|p2a: Goodra|spa|2
|faint|p1a: Dondozo
|
|upkeep
|
|t:|1743851664
|switch|p1a: Regice|Regice, tera:Water|79/100
|turn|58
|
|t:|1743851685
|switch|p2a: Barraskewda|Barraskewda, F, tera:Water|64/100
|-damage|p2a: Barraskewda|52/100|[from] Stealth Rock
|move|p1a: Regice|Amnesia|p1a: Regice
|-boost|p1a: Regice|spd|2
|
|upkeep
|turn|59
|
|t:|1743851693
|move|p2a: Barraskewda|Close Combat|p1a: Regice
|-damage|p1a: Regice|25/100
|-unboost|p2a: Barraskewda|def|1
|-unboost|p2a: Barraskewda|spd|1
|move|p1a: Regice|Body Press|p2a: Barraskewda
|-damage|p2a: Barraskewda|0 fnt
|faint|p2a: Barraskewda
|
|upkeep
|
|t:|1743851705
|switch|p2a: Goodra|Goodra-Hisui, M|55/100
|-damage|p2a: Goodra|49/100|[from] Stealth Rock
|turn|60
|
|t:|1743851711
|move|p2a: Goodra|Draco Meteor|p1a: Regice
|-damage|p1a: Regice|9/100
|-unboost|p2a: Goodra|spa|2
|move|p1a: Regice|Rest|p1a: Regice
|-status|p1a: Regice|slp|[from] move: Rest
|-heal|p1a: Regice|100/100 slp|[silent]
|
|upkeep
|turn|61
|c|☆pape999|gg
|c|☆surprise blissey|Gg
|-message|pape999 forfeited.
|
|win|surprise blissey
|raw|surprise blissey's rating: 1531 &rarr; <strong>1545</strong><br />(+14 for winning)
|raw|pape999's rating: 1427 &rarr; <strong>1413</strong><br />(-14 for losing)
|l|☆pape999
|player|p2|
