|j|☆inglourious bstrds
|j|☆cacaculococo
|t:|1743786961
|gametype|singles
|player|p1|inglourious bstrds|musician|1212
|player|p2|cacaculococo|elesa|1196
|teamsize|p1|6
|teamsize|p2|6
|gen|9
|tier|[Gen 9] OU
|rated|
|rule|HP Percentage Mod: HP is shown in percentages
|rule|Endless Battle Clause: Forcing endless battles is banned
|rule|Species Clause: Limit one of each Pokémon
|rule|OHKO Clause: OHKO moves are banned
|rule|Evasion Items Clause: Evasion items are banned
|rule|Evasion Moves Clause: Evasion moves are banned
|rule|Sleep Moves Clause: Sleep-inducing moves are banned
|clearpoke
|poke|p1|Garganacl, F|
|poke|p1|Darkrai|
|poke|p1|Sinistcha-Masterpiece|
|poke|p1|Reuniclus, M|
|poke|p1|Scizor, F|
|poke|p1|Great Tusk|
|poke|p2|Avalugg-Hisui, F|
|poke|p2|Chansey, F|
|poke|p2|Noctowl, F|
|poke|p2|Toxapex, M|
|poke|p2|Darkrai|
|poke|p2|Blaziken, F|
|teampreview
|inactive|Battle timer is ON: inactive players will automatically lose when time's up. (requested by cacaculococo)
|
|t:|1743787013
|start
|switch|p1a: Scizor|Scizor, F|100/100
|switch|p2a: effrey Jepstein|Noctowl, F, shiny|100/100
|turn|1
|
|t:|1743787020
|move|p1a: Scizor|Close Combat|p2a: effrey Jepstein
|-damage|p2a: effrey Jepstein|8/100
|-unboost|p1a: Scizor|def|1
|-unboost|p1a: Scizor|spd|1
|move|p2a: effrey Jepstein|Hurricane|p1a: Scizor
|-damage|p1a: Scizor|0 fnt
|faint|p1a: Scizor
|
|upkeep
|
|t:|1743787039
|switch|p1a: Darkrai|Darkrai|100/100
|turn|2
|
|t:|1743787046
|switch|p2a: harvey weintein|Chansey, F|100/100
|move|p1a: Darkrai|Ice Beam|p2a: harvey weintein
|-damage|p2a: harvey weintein|93/100
|
|upkeep
|turn|3
|
|t:|1743787052
|switch|p1a: Garganacl|Garganacl, F|100/100
|move|p2a: harvey weintein|Thunder Wave|p1a: Garganacl
|-immune|p1a: Garganacl|[from] ability: Purifying Salt
|
|upkeep
|turn|4
|inactive|inglourious bstrds has 120 seconds left.
|
|t:|1743787088
|switch|p2a: bill cosby|Avalugg-Hisui, F|100/100
|move|p1a: Garganacl|Salt Cure|p2a: bill cosby
|-supereffective|p2a: bill cosby
|-damage|p2a: bill cosby|90/100
|-start|p2a: bill cosby|Salt Cure
|
|-damage|p2a: bill cosby|77/100|[from] Salt Cure
|upkeep
|turn|5
|inactive|inglourious bstrds has 120 seconds left.
|
|t:|1743787110
|-terastallize|p2a: bill cosby|Ghost
|move|p1a: Garganacl|Substitute|p1a: Garganacl
|-start|p1a: Garganacl|Substitute
|-damage|p1a: Garganacl|76/100
|move|p2a: bill cosby|Iron Defense|p2a: bill cosby
|-boost|p2a: bill cosby|def|2
|
|-heal|p1a: Garganacl|82/100|[from] item: Leftovers
|-damage|p2a: bill cosby|65/100|[from] Salt Cure
|upkeep
|turn|6
|inactive|inglourious bstrds has 120 seconds left.
|inactive|inglourious bstrds has 90 seconds left.
|
|t:|1743787170
|move|p1a: Garganacl|Salt Cure|p2a: bill cosby
|-damage|p2a: bill cosby|62/100
|move|p2a: bill cosby|Body Press|p1a: Garganacl
|-supereffective|p1a: Garganacl
|-end|p1a: Garganacl|Substitute
|
|-heal|p1a: Garganacl|88/100|[from] item: Leftovers
|-damage|p2a: bill cosby|49/100|[from] Salt Cure
|upkeep
|turn|7
|
|t:|1743787195
|move|p1a: Garganacl|Substitute|p1a: Garganacl
|-start|p1a: Garganacl|Substitute
|-damage|p1a: Garganacl|63/100
|move|p2a: bill cosby|Recover|p2a: bill cosby
|-heal|p2a: bill cosby|99/100
|
|-heal|p1a: Garganacl|69/100|[from] item: Leftovers
|-damage|p2a: bill cosby|87/100|[from] Salt Cure
|upkeep
|turn|8
|
|t:|1743787202
|move|p1a: Garganacl|Protect|p1a: Garganacl
|-singleturn|p1a: Garganacl|Protect
|move|p2a: bill cosby|Iron Defense|p2a: bill cosby
|-boost|p2a: bill cosby|def|2
|
|-heal|p1a: Garganacl|76/100|[from] item: Leftovers
|-damage|p2a: bill cosby|75/100|[from] Salt Cure
|upkeep
|turn|9
|inactive|inglourious bstrds has 90 seconds left.
|
|t:|1743787209
|move|p1a: Garganacl|Recover|p1a: Garganacl
|-heal|p1a: Garganacl|100/100
|move|p2a: bill cosby|Iron Defense|p2a: bill cosby
|-boost|p2a: bill cosby|def|2
|
|-damage|p2a: bill cosby|62/100|[from] Salt Cure
|upkeep
|turn|10
|inactive|inglourious bstrds has 90 seconds left.
|
|t:|1743787221
|move|p1a: Garganacl|Salt Cure|p2a: bill cosby
|-damage|p2a: bill cosby|61/100
|move|p2a: bill cosby|Body Press|p1a: Garganacl
|-supereffective|p1a: Garganacl
|-end|p1a: Garganacl|Substitute
|
|-damage|p2a: bill cosby|48/100|[from] Salt Cure
|upkeep
|turn|11
|inactive|inglourious bstrds has 90 seconds left.
|
|t:|1743787235
|switch|p1a: Reuniclus|Reuniclus, M|100/100
|move|p2a: bill cosby|Body Press|p1a: Reuniclus
|-resisted|p1a: Reuniclus
|-damage|p1a: Reuniclus|30/100
|
|-damage|p2a: bill cosby|36/100|[from] Salt Cure
|upkeep
|turn|12
|
|t:|1743787248
|switch|p2a: harvey weintein|Chansey, F|93/100
|move|p1a: Reuniclus|Shadow Ball|p2a: harvey weintein
|-immune|p2a: harvey weintein
|
|upkeep
|turn|13
|
|t:|1743787260
|switch|p1a: Garganacl|Garganacl, F|100/100
|move|p2a: harvey weintein|Thunder Wave|p1a: Garganacl
|-immune|p1a: Garganacl|[from] ability: Purifying Salt
|
|upkeep
|turn|14
|
|t:|1743787267
|switch|p2a: muhammad|Blaziken, F|100/100
|-item|p2a: muhammad|Air Balloon
|move|p1a: Garganacl|Salt Cure|p2a: muhammad
|-damage|p2a: muhammad|81/100
|-start|p2a: muhammad|Salt Cure
|-enditem|p2a: muhammad|Air Balloon
|
|-damage|p2a: muhammad|69/100|[from] Salt Cure
|upkeep
|turn|15
|
|t:|1743787282
|-terastallize|p1a: Garganacl|Water
|move|p2a: muhammad|Close Combat|p1a: Garganacl
|-damage|p1a: Garganacl|69/100
|-unboost|p2a: muhammad|def|1
|-unboost|p2a: muhammad|spd|1
|move|p1a: Garganacl|Substitute|p1a: Garganacl
|-start|p1a: Garganacl|Substitute
|-damage|p1a: Garganacl|44/100
|
|-heal|p1a: Garganacl|50/100|[from] item: Leftovers
|-damage|p2a: muhammad|57/100|[from] Salt Cure
|-ability|p2a: muhammad|Speed Boost|boost
|-boost|p2a: muhammad|spe|1
|upkeep
|turn|16
|-message|cacaculococo forfeited.
|
|win|inglourious bstrds
|raw|inglourious bstrds's rating: 1212 &rarr; <strong>1236</strong><br />(+24 for winning)
|raw|cacaculococo's rating: 1196 &rarr; <strong>1172</strong><br />(-24 for losing)
|l|☆cacaculococo
|player|p2|
|l|☆inglourious bstrds
|player|p1|
