|j|☆VivaLaDavis
|j|☆sad132
|t:|1743914828
|gametype|singles
|player|p1|VivaLaDavis|265|1109
|player|p2|sad132|102|1158
|teamsize|p1|6
|teamsize|p2|6
|gen|9
|tier|[Gen 9] OU
|rated|
|rule|HP Percentage Mod: HP is shown in percentages
|rule|Endless Battle Clause: Forcing endless battles is banned
|rule|Species Clause: Limit one of each Pokémon
|rule|OHKO Clause: OHKO moves are banned
|rule|Evasion Items Clause: Evasion items are banned
|rule|Evasion Moves Clause: Evasion moves are banned
|rule|Sleep Moves Clause: Sleep-inducing moves are banned
|clearpoke
|poke|p1|Goodra-Hisui, M|
|poke|p1|Orthworm, F|
|poke|p1|Empoleon, F|
|poke|p1|Skarmory, M|
|poke|p1|Scizor, M|
|poke|p1|Corviknight, F|
|poke|p2|Glimmora, F|
|poke|p2|Ogerpon-Wellspring, F|
|poke|p2|Iron Crown|
|poke|p2|Dragonite, F|
|poke|p2|Quaquaval, M|
|poke|p2|Raging Bolt|
|teampreview
|
|t:|1743914832
|start
|switch|p1a: Corviknight|Corviknight, F|100/100
|switch|p2a: Glimmora|Glimmora, F|100/100
|turn|1
|
|t:|1743914844
|move|p2a: Glimmora|Stealth Rock|p1a: Corviknight
|-sidestart|p1: VivaLaDavis|move: Stealth Rock
|move|p1a: Corviknight|U-turn|p2a: Glimmora
|-resisted|p2a: Glimmora
|-damage|p2a: Glimmora|89/100
|-activate|p2a: Glimmora|ability: Toxic Debris
|-sidestart|p1: VivaLaDavis|move: Toxic Spikes
|
|t:|1743914848
|switch|p1a: Scizor|Scizor, M|100/100|[from] U-turn
|-damage|p1a: Scizor|88/100|[from] Stealth Rock
|
|upkeep
|turn|2
|
|t:|1743914868
|move|p2a: Glimmora|Stealth Rock||[still]
|-fail|p2a: Glimmora
|move|p1a: Scizor|Swords Dance|p1a: Scizor
|-boost|p1a: Scizor|atk|2
|
|upkeep
|turn|3
|
|t:|1743914873
|move|p2a: Glimmora|Memento|p1a: Scizor
|-unboost|p1a: Scizor|atk|2
|-unboost|p1a: Scizor|spa|2
|faint|p2a: Glimmora
|move|p1a: Scizor|Swords Dance|p1a: Scizor
|-boost|p1a: Scizor|atk|2
|
|upkeep
|
|t:|1743914878
|switch|p2a: Dragonite|Dragonite, F|100/100
|turn|4
|
|t:|1743914889
|move|p2a: Dragonite|Dragon Dance|p2a: Dragonite
|-boost|p2a: Dragonite|atk|1
|-boost|p2a: Dragonite|spe|1
|move|p1a: Scizor|Swords Dance|p1a: Scizor
|-boost|p1a: Scizor|atk|2
|
|upkeep
|turn|5
|
|t:|1743914896
|move|p1a: Scizor|Bullet Punch|p2a: Dragonite
|-damage|p2a: Dragonite|49/100
|move|p2a: Dragonite|Dragon Dance|p2a: Dragonite
|-boost|p2a: Dragonite|atk|1
|-boost|p2a: Dragonite|spe|1
|
|upkeep
|turn|6
|
|t:|1743914900
|move|p1a: Scizor|Bullet Punch|p2a: Dragonite
|-damage|p2a: Dragonite|0 fnt
|faint|p2a: Dragonite
|
|upkeep
|
|t:|1743914907
|switch|p2a: Ogerpon|Ogerpon-Wellspring, F|100/100
|turn|7
|
|t:|1743914911
|move|p1a: Scizor|Bullet Punch|p2a: Ogerpon
|-resisted|p2a: Ogerpon
|-damage|p2a: Ogerpon|33/100
|move|p2a: Ogerpon|Ivy Cudgel|p1a: Scizor|[anim] Ivy Cudgel Water
|-damage|p1a: Scizor|28/100
|-enditem|p1a: Scizor|Red Card|[of] p2a: Ogerpon
|drag|p2a: Raging Bolt|Raging Bolt|100/100
|
|upkeep
|turn|8
|
|t:|1743914919
|move|p1a: Scizor|Bullet Punch|p2a: Raging Bolt
|-resisted|p2a: Raging Bolt
|-damage|p2a: Raging Bolt|56/100
|move|p2a: Raging Bolt|Dragon Pulse|p1a: Scizor
|-resisted|p1a: Scizor
|-damage|p1a: Scizor|0 fnt
|faint|p1a: Scizor
|
|-heal|p2a: Raging Bolt|62/100|[from] item: Leftovers
|upkeep
|
|t:|1743914928
|switch|p1a: Corviknight|Corviknight, F|100/100
|-damage|p1a: Corviknight|88/100|[from] Stealth Rock
|turn|9
|
|t:|1743914934
|move|p2a: Raging Bolt|Calm Mind|p2a: Raging Bolt
|-boost|p2a: Raging Bolt|spa|1
|-boost|p2a: Raging Bolt|spd|1
|move|p1a: Corviknight|Defog|p2a: Raging Bolt
|-unboost|p2a: Raging Bolt|evasion|1
|-sideend|p1: VivaLaDavis|Toxic Spikes|[from] move: Defog|[of] p1a: Corviknight
|-sideend|p1: VivaLaDavis|Stealth Rock|[from] move: Defog|[of] p1a: Corviknight
|
|-heal|p2a: Raging Bolt|68/100|[from] item: Leftovers
|upkeep
|turn|10
|
|t:|1743914940
|move|p2a: Raging Bolt|Calm Mind|p2a: Raging Bolt
|-boost|p2a: Raging Bolt|spa|1
|-boost|p2a: Raging Bolt|spd|1
|move|p1a: Corviknight|U-turn|p2a: Raging Bolt
|-damage|p2a: Raging Bolt|51/100
|
|t:|1743914948
|switch|p1a: Goodra|Goodra-Hisui, M|100/100|[from] U-turn
|
|-heal|p2a: Raging Bolt|57/100|[from] item: Leftovers
|upkeep
|turn|11
|
|t:|1743914952
|-terastallize|p2a: Raging Bolt|Fairy
|move|p2a: Raging Bolt|Dragon Pulse|p1a: Goodra
|-damage|p1a: Goodra|51/100
|move|p1a: Goodra|Dragon Pulse|p2a: Raging Bolt
|-immune|p2a: Raging Bolt
|
|-heal|p2a: Raging Bolt|63/100|[from] item: Leftovers
|upkeep
|turn|12
|
|t:|1743914961
|move|p2a: Raging Bolt|Dragon Pulse|p1a: Goodra
|-damage|p1a: Goodra|1/100
|move|p1a: Goodra|Thunder|p2a: Raging Bolt
|-damage|p2a: Raging Bolt|47/100
|
|-heal|p2a: Raging Bolt|53/100|[from] item: Leftovers
|upkeep
|turn|13
|
|t:|1743914968
|move|p2a: Raging Bolt|Dragon Pulse|p1a: Goodra
|-damage|p1a: Goodra|0 fnt
|faint|p1a: Goodra
|
|-heal|p2a: Raging Bolt|59/100|[from] item: Leftovers
|upkeep
|
|t:|1743914974
|switch|p1a: Empoleon|Empoleon, F|100/100
|turn|14
|
|t:|1743914981
|move|p2a: Raging Bolt|Thunderclap||[still]
|-fail|p2a: Raging Bolt
|move|p1a: Empoleon|Agility|p1a: Empoleon
|-boost|p1a: Empoleon|spe|2
|
|-heal|p2a: Raging Bolt|65/100|[from] item: Leftovers
|upkeep
|turn|15
|
|t:|1743914987
|move|p2a: Raging Bolt|Thunderclap|p1a: Empoleon
|-supereffective|p1a: Empoleon
|-crit|p1a: Empoleon
|-damage|p1a: Empoleon|0 fnt
|faint|p1a: Empoleon
|
|-heal|p2a: Raging Bolt|72/100|[from] item: Leftovers
|upkeep
|
|t:|1743914993
|switch|p1a: Orthworm|Orthworm, F|100/100
|turn|16
|
|t:|1743914996
|move|p2a: Raging Bolt|Thunderclap|p1a: Orthworm
|-damage|p1a: Orthworm|0 fnt
|faint|p1a: Orthworm
|
|-heal|p2a: Raging Bolt|78/100|[from] item: Leftovers
|upkeep
|
|t:|1743915001
|switch|p1a: Corviknight|Corviknight, F|88/100
|turn|17
|
|t:|1743915004
|move|p2a: Raging Bolt|Dragon Pulse|p1a: Corviknight
|-resisted|p1a: Corviknight
|-damage|p1a: Corviknight|30/100
|move|p1a: Corviknight|Drill Peck|p2a: Raging Bolt
|-damage|p2a: Raging Bolt|50/100
|
|-heal|p2a: Raging Bolt|56/100|[from] item: Leftovers
|upkeep
|turn|18
|-message|VivaLaDavis forfeited.
|
|win|sad132
|raw|VivaLaDavis's rating: 1109 &rarr; <strong>1088</strong><br />(-21 for losing)
|raw|sad132's rating: 1158 &rarr; <strong>1179</strong><br />(+21 for winning)
|l|☆VivaLaDavis
|player|p1|
|l|☆sad132
|player|p2|
