|j|☆yuh mans
|j|☆Inthefun08
|inactive|Battle timer is ON: inactive players will automatically lose when time's up.
|t:|1743871116
|gametype|singles
|player|p1|yuh mans|boarder|
|player|p2|Inthefun08|101|
|teamsize|p1|3
|teamsize|p2|3
|gen|9
|tier|[Gen 9] OU
|rated|Tournament battle
|rule|HP Percentage Mod: HP is shown in percentages
|rule|Endless Battle Clause: Forcing endless battles is banned
|rule|Species Clause: Limit one of each Pokémon
|rule|OHKO Clause: OHKO moves are banned
|rule|Evasion Items Clause: Evasion items are banned
|rule|Evasion Moves Clause: Evasion moves are banned
|rule|Sleep Moves Clause: Sleep-inducing moves are banned
|clearpoke
|poke|p1|Polteageist|
|poke|p1|Crawdaunt, M|
|poke|p1|Porygon2|
|poke|p2|Naclstack, M|
|poke|p2|Weavile, F|
|poke|p2|Toxapex, M|
|teampreview
|j|*Lady Monita ❄
|inactive|yuh mans also wants the timer to be on.
|
|t:|1743871134
|start
|switch|p1a: Crawdaunt|Crawdaunt, M, shiny|100/100
|switch|p2a: Naclstack|Naclstack, M|100/100
|turn|1
|
|t:|1743871139
|move|p1a: Crawdaunt|Liquidation|p2a: Naclstack
|-supereffective|p2a: Naclstack
|-damage|p2a: Naclstack|19/100
|-unboost|p2a: Naclstack|def|1
|-damage|p1a: Crawdaunt|91/100|[from] item: Life Orb
|move|p2a: Naclstack|Salt Cure|p1a: Crawdaunt
|-damage|p1a: Crawdaunt|77/100
|-start|p1a: Crawdaunt|Salt Cure
|
|-damage|p1a: Crawdaunt|52/100|[from] Salt Cure
|upkeep
|turn|2
|
|t:|1743871142
|move|p2a: Naclstack|Protect|p2a: Naclstack
|-singleturn|p2a: Naclstack|Protect
|move|p1a: Crawdaunt|Liquidation|p2a: Naclstack
|-activate|p2a: Naclstack|move: Protect
|
|-damage|p1a: Crawdaunt|27/100|[from] Salt Cure
|upkeep
|turn|3
|
|t:|1743871147
|move|p2a: Naclstack|Protect|p2a: Naclstack
|-singleturn|p2a: Naclstack|Protect
|move|p1a: Crawdaunt|Knock Off|p2a: Naclstack
|-activate|p2a: Naclstack|move: Protect
|
|-damage|p1a: Crawdaunt|3/100|[from] Salt Cure
|upkeep
|turn|4
|
|t:|1743871164
|move|p2a: Naclstack|Protect||[still]
|-fail|p2a: Naclstack
|move|p1a: Crawdaunt|Knock Off|p2a: Naclstack
|-damage|p2a: Naclstack|0 fnt
|-enditem|p2a: Naclstack|Eviolite|[from] move: Knock Off|[of] p1a: Crawdaunt
|faint|p2a: Naclstack
|-damage|p1a: Crawdaunt|0 fnt|[from] item: Life Orb
|faint|p1a: Crawdaunt
|
|upkeep
|
|t:|1743871170
|switch|p1a: Porygon2|Porygon2|100/100
|switch|p2a: Weavile|Weavile, F|100/100
|-ability|p2a: Weavile|Pressure
|-ability|p1a: Porygon2|Pressure
|-ability|p1a: Porygon2|Pressure|[from] ability: Trace|[of] p2a: Weavile
|turn|5
|
|t:|1743871176
|move|p2a: Weavile|Substitute|p2a: Weavile
|-start|p2a: Weavile|Substitute
|-damage|p2a: Weavile|75/100
|move|p1a: Porygon2|Tri Attack|p2a: Weavile
|-end|p2a: Weavile|Substitute
|
|-heal|p2a: Weavile|82/100|[from] item: Leftovers
|upkeep
|turn|6
|
|t:|1743871180
|move|p2a: Weavile|Substitute|p2a: Weavile
|-start|p2a: Weavile|Substitute
|-damage|p2a: Weavile|57/100
|move|p1a: Porygon2|Tri Attack|p2a: Weavile
|-end|p2a: Weavile|Substitute
|
|-heal|p2a: Weavile|63/100|[from] item: Leftovers
|upkeep
|turn|7
|
|t:|1743871183
|move|p2a: Weavile|Knock Off|p1a: Porygon2
|-damage|p1a: Porygon2|71/100
|-enditem|p1a: Porygon2|Eviolite|[from] move: Knock Off|[of] p2a: Weavile
|move|p1a: Porygon2|Tri Attack|p2a: Weavile
|-damage|p2a: Weavile|23/100
|
|-heal|p2a: Weavile|29/100|[from] item: Leftovers
|upkeep
|turn|8
|
|t:|1743871189
|move|p1a: Porygon2|Tri Attack|p2a: Weavile
|-damage|p2a: Weavile|0 fnt
|faint|p2a: Weavile
|
|upkeep
|
|t:|1743871192
|switch|p2a: Toxapex|Toxapex, M|100/100
|turn|9
|
|t:|1743871195
|move|p2a: Toxapex|Baneful Bunker|p2a: Toxapex
|-singleturn|p2a: Toxapex|move: Protect
|move|p1a: Porygon2|Charge Beam|p2a: Toxapex
|-activate|p2a: Toxapex|move: Protect
|
|upkeep
|turn|10
|
|t:|1743871199
|-terastallize|p2a: Toxapex|Poison
|move|p1a: Porygon2|Charge Beam|p2a: Toxapex
|-damage|p2a: Toxapex|88/100
|-boost|p1a: Porygon2|spa|1
|move|p2a: Toxapex|Toxic|p1a: Porygon2
|-status|p1a: Porygon2|tox
|
|-heal|p2a: Toxapex|94/100|[from] item: Black Sludge
|-damage|p1a: Porygon2|64/100 tox|[from] psn
|upkeep
|turn|11
|
|t:|1743871203
|move|p2a: Toxapex|Baneful Bunker|p2a: Toxapex
|-singleturn|p2a: Toxapex|move: Protect
|move|p1a: Porygon2|Tri Attack|p2a: Toxapex
|-activate|p2a: Toxapex|move: Protect
|
|-heal|p2a: Toxapex|99/100|[from] item: Black Sludge
|-damage|p1a: Porygon2|52/100 tox|[from] psn
|upkeep
|turn|12
|
|t:|1743871208
|move|p1a: Porygon2|Tri Attack|p2a: Toxapex
|-damage|p2a: Toxapex|60/100
|move|p2a: Toxapex|Venoshock|p1a: Porygon2
|-crit|p1a: Porygon2
|-damage|p1a: Porygon2|0 fnt
|faint|p1a: Porygon2
|
|-heal|p2a: Toxapex|66/100|[from] item: Black Sludge
|upkeep
|
|t:|1743871211
|switch|p1a: Polteageist|Polteageist|100/100
|turn|13
|
|t:|1743871213
|move|p1a: Polteageist|Shell Smash|p1a: Polteageist
|-unboost|p1a: Polteageist|def|1
|-unboost|p1a: Polteageist|spd|1
|-boost|p1a: Polteageist|atk|2
|-boost|p1a: Polteageist|spa|2
|-boost|p1a: Polteageist|spe|2
|move|p2a: Toxapex|Toxic|p1a: Polteageist
|-status|p1a: Polteageist|tox
|
|-heal|p2a: Toxapex|72/100|[from] item: Black Sludge
|-damage|p1a: Polteageist|94/100 tox|[from] psn
|upkeep
|turn|14
|
|t:|1743871215
|move|p2a: Toxapex|Baneful Bunker|p2a: Toxapex
|-singleturn|p2a: Toxapex|move: Protect
|move|p1a: Polteageist|Stored Power|p2a: Toxapex
|-activate|p2a: Toxapex|move: Protect
|
|-heal|p2a: Toxapex|78/100|[from] item: Black Sludge
|-damage|p1a: Polteageist|82/100 tox|[from] psn
|upkeep
|turn|15
|
|t:|1743871218
|move|p2a: Toxapex|Baneful Bunker||[still]
|-fail|p2a: Toxapex
|move|p1a: Polteageist|Stored Power|p2a: Toxapex
|-supereffective|p2a: Toxapex
|-damage|p2a: Toxapex|0 fnt
|faint|p2a: Toxapex
|
|win|yuh mans
|n|☆yuh mans|yuhmans
|n|☆Inthefun08|inthefun08
|n|*Lady Monita ❄|ladymonita
