|j|☆TunaMinh
|j|☆thebacchusbraviary
|t:|1743820278
|gametype|singles
|player|p1|TunaMinh|veteran|1219
|player|p2|thebacchusbraviary|skyla|1245
|teamsize|p1|6
|teamsize|p2|6
|gen|9
|tier|[Gen 9] OU
|rated|
|rule|HP Percentage Mod: HP is shown in percentages
|rule|Endless Battle Clause: Forcing endless battles is banned
|rule|Species Clause: Limit one of each Pokémon
|rule|OHKO Clause: OHKO moves are banned
|rule|Evasion Items Clause: Evasion items are banned
|rule|Evasion Moves Clause: Evasion moves are banned
|rule|Sleep Moves Clause: Sleep-inducing moves are banned
|clearpoke
|poke|p1|Weavile, F|
|poke|p1|Great Tusk|
|poke|p1|Alomomola, F|
|poke|p1|Zapdos|
|poke|p1|Dragapult, F|
|poke|p1|Ditto|
|poke|p2|Braviary, M|
|poke|p2|Tyranitar, F|
|poke|p2|Regice|
|poke|p2|Greninja-*, M|
|poke|p2|Arcanine-Hisui, F|
|poke|p2|Thundurus-Therian, M|
|teampreview
|inactive|Battle timer is ON: inactive players will automatically lose when time's up. (requested by thebacchusbraviary)
|
|t:|1743820286
|start
|switch|p1a: Dragapult|Dragapult, F|100/100
|switch|p2a: Braviary|Braviary, M|100/100
|turn|1
|
|t:|1743820289
|-terastallize|p2a: Braviary|Flying
|move|p2a: Braviary|Brave Bird|p1a: Dragapult
|-damage|p1a: Dragapult|0 fnt
|faint|p1a: Dragapult
|-damage|p2a: Braviary|70/100|[from] Recoil
|
|upkeep
|
|t:|1743820295
|switch|p1a: Weavile|Weavile, F, shiny|100/100
|-ability|p1a: Weavile|Pressure
|turn|2
|
|t:|1743820300
|move|p1a: Weavile|Ice Shard|p2a: Braviary
|-supereffective|p2a: Braviary
|-damage|p2a: Braviary|16/100
|move|p2a: Braviary|Brave Bird|p1a: Weavile
|-enditem|p1a: Weavile|Focus Sash
|-damage|p1a: Weavile|1/100
|-damage|p2a: Braviary|0 fnt|[from] Recoil
|faint|p2a: Braviary
|
|upkeep
|
|t:|1743820305
|switch|p2a: Arcanine|Arcanine-Hisui, F|100/100
|-item|p2a: Arcanine|Air Balloon
|turn|3
|
|t:|1743820309
|move|p2a: Arcanine|Extreme Speed|p1a: Weavile
|-damage|p1a: Weavile|0 fnt
|faint|p1a: Weavile
|
|upkeep
|
|t:|1743820313
|switch|p1a: Zapdos|Zapdos|100/100
|turn|4
|
|t:|1743820316
|move|p2a: Arcanine|Head Smash|p1a: Zapdos|[miss]
|-miss|p2a: Arcanine|p1a: Zapdos
|move|p1a: Zapdos|Volt Switch|p2a: Arcanine
|-crit|p2a: Arcanine
|-damage|p2a: Arcanine|45/100
|-enditem|p2a: Arcanine|Air Balloon
|
|t:|1743820320
|switch|p1a: Great Tusk|Great Tusk|100/100|[from] Volt Switch
|
|upkeep
|turn|5
|
|t:|1743820329
|move|p2a: Arcanine|Flare Blitz|p1a: Great Tusk
|-damage|p1a: Great Tusk|57/100
|move|p1a: Great Tusk|Stealth Rock|p2a: Arcanine
|-sidestart|p2: thebacchusbraviary|move: Stealth Rock
|
|upkeep
|turn|6
|
|t:|1743820343
|-end|p1a: Great Tusk|Protosynthesis|[silent]
|switch|p1a: Alomomola|Alomomola, F|100/100
|move|p2a: Arcanine|Flare Blitz|p1a: Alomomola
|-resisted|p1a: Alomomola
|-damage|p1a: Alomomola|79/100
|
|upkeep
|turn|7
|
|t:|1743820346
|move|p2a: Arcanine|Head Smash|p1a: Alomomola|[miss]
|-miss|p2a: Arcanine|p1a: Alomomola
|move|p1a: Alomomola|Flip Turn|p2a: Arcanine
|-supereffective|p2a: Arcanine
|-damage|p2a: Arcanine|0 fnt
|faint|p2a: Arcanine
|
|t:|1743820352
|switch|p1a: Zapdos|Zapdos|100/100|[from] Flip Turn
|
|upkeep
|
|t:|1743820358
|switch|p2a: Regice|Regice|100/100
|-damage|p2a: Regice|75/100|[from] Stealth Rock
|turn|8
|
|t:|1743820362
|move|p1a: Zapdos|Thunder Wave|p2a: Regice
|-status|p2a: Regice|par
|move|p2a: Regice|Ice Beam|p1a: Zapdos
|-supereffective|p1a: Zapdos
|-damage|p1a: Zapdos|44/100
|
|-heal|p2a: Regice|82/100 par|[from] item: Leftovers
|upkeep
|turn|9
|
|t:|1743820368
|move|p1a: Zapdos|Volt Switch|p2a: Regice
|-damage|p2a: Regice|66/100 par
|
|t:|1743820370
|switch|p1a: Alomomola|Alomomola, F|100/100|[from] Volt Switch
|move|p2a: Regice|Ice Beam|p1a: Alomomola
|-resisted|p1a: Alomomola
|-damage|p1a: Alomomola|92/100
|
|-heal|p2a: Regice|72/100 par|[from] item: Leftovers
|upkeep
|turn|10
|
|t:|1743820377
|move|p2a: Regice|Thunderbolt|p1a: Alomomola
|-supereffective|p1a: Alomomola
|-damage|p1a: Alomomola|73/100
|move|p1a: Alomomola|Mirror Coat|p2a: Regice
|-damage|p2a: Regice|16/100 par
|
|-heal|p2a: Regice|22/100 par|[from] item: Leftovers
|upkeep
|turn|11
|
|t:|1743820382
|move|p1a: Alomomola|Flip Turn|p2a: Regice
|-damage|p2a: Regice|11/100 par
|
|t:|1743820385
|switch|p1a: Ditto|Ditto|100/100|[from] Flip Turn
|-transform|p1a: Ditto|p2a: Regice|[from] ability: Imposter
|move|p2a: Regice|Thunder Wave|p1a: Ditto
|-status|p1a: Ditto|par
|
|-heal|p2a: Regice|17/100 par|[from] item: Leftovers
|upkeep
|turn|12
|
|t:|1743820389
|cant|p1a: Ditto|par
|cant|p2a: Regice|par
|
|-heal|p2a: Regice|23/100 par|[from] item: Leftovers
|upkeep
|turn|13
|
|t:|1743820392
|move|p1a: Ditto|Body Press|p2a: Regice
|-supereffective|p2a: Regice
|-damage|p2a: Regice|0 fnt
|faint|p2a: Regice
|
|upkeep
|
|t:|1743820402
|switch|p2a: Tyranitar|Tyranitar, F|100/100
|-damage|p2a: Tyranitar|88/100|[from] Stealth Rock
|-weather|Sandstorm|[from] ability: Sand Stream|[of] p2a: Tyranitar
|turn|14
|l|☆TunaMinh
|inactive|TunaMinh disconnected and has a minute to reconnect!
|player|p1|
|j|☆TunaMinh
|inactive|TunaMinh reconnected and has 145 seconds left.
|player|p1|TunaMinh|veteran|
|l|☆TunaMinh
|inactive|TunaMinh disconnected and has a minute to reconnect!
|player|p1|
|j|☆TunaMinh
|inactive|TunaMinh reconnected.
|player|p1|TunaMinh|veteran|
|
|t:|1743820426
|move|p2a: Tyranitar|Knock Off|p1a: Ditto
|-damage|p1a: Ditto|57/100 par
|-enditem|p1a: Ditto|Choice Scarf|[from] move: Knock Off|[of] p2a: Tyranitar
|move|p1a: Ditto|Body Press|p2a: Tyranitar
|-supereffective|p2a: Tyranitar
|-damage|p2a: Tyranitar|5/100
|
|-weather|Sandstorm|[upkeep]
|-damage|p1a: Ditto|51/100 par|[from] Sandstorm
|upkeep
|turn|15
|
|t:|1743820435
|move|p2a: Tyranitar|Low Kick|p1a: Ditto
|-supereffective|p1a: Ditto
|-damage|p1a: Ditto|0 fnt
|faint|p1a: Ditto
|
|-weather|Sandstorm|[upkeep]
|upkeep
|
|t:|1743820442
|switch|p1a: Zapdos|Zapdos|44/100
|turn|16
|
|t:|1743820445
|-terastallize|p1a: Zapdos|Grass
|move|p1a: Zapdos|Roost|p1a: Zapdos
|-heal|p1a: Zapdos|94/100
|move|p2a: Tyranitar|Ice Beam|p1a: Zapdos
|-supereffective|p1a: Zapdos
|-damage|p1a: Zapdos|56/100
|
|-weather|Sandstorm|[upkeep]
|-damage|p1a: Zapdos|50/100|[from] Sandstorm
|upkeep
|turn|17
|
|t:|1743820456
|move|p1a: Zapdos|Roost|p1a: Zapdos
|-heal|p1a: Zapdos|99/100
|move|p2a: Tyranitar|Knock Off|p1a: Zapdos
|-damage|p1a: Zapdos|63/100
|-status|p2a: Tyranitar|par|[from] ability: Static|[of] p1a: Zapdos
|-enditem|p1a: Zapdos|Heavy-Duty Boots|[from] move: Knock Off|[of] p2a: Tyranitar
|
|-weather|Sandstorm|[upkeep]
|-damage|p1a: Zapdos|57/100|[from] Sandstorm
|upkeep
|turn|18
|
|t:|1743820461
|move|p1a: Zapdos|Volt Switch|p2a: Tyranitar
|-damage|p2a: Tyranitar|0 fnt
|faint|p2a: Tyranitar
|
|t:|1743820464
|switch|p1a: Great Tusk|Great Tusk|57/100|[from] Volt Switch
|
|-weather|none
|upkeep
|
|t:|1743820466
|switch|p2a: Thundurus|Thundurus-Therian, M|100/100
|-damage|p2a: Thundurus|76/100|[from] Stealth Rock
|turn|19
|
|t:|1743820473
|move|p2a: Thundurus|Grass Knot|p1a: Great Tusk
|-supereffective|p1a: Great Tusk
|-damage|p1a: Great Tusk|0 fnt
|faint|p1a: Great Tusk
|-end|p1a: Great Tusk|Protosynthesis|[silent]
|
|upkeep
|
|t:|1743820477
|switch|p1a: Zapdos|Zapdos, tera:Grass|57/100
|turn|20
|
|t:|1743820480
|switch|p2a: Greninja|Greninja, M|100/100
|-damage|p2a: Greninja|88/100|[from] Stealth Rock
|move|p1a: Zapdos|Volt Switch|p2a: Greninja
|-supereffective|p2a: Greninja
|-damage|p2a: Greninja|0 fnt
|faint|p2a: Greninja
|
|t:|1743820483
|switch|p1a: Alomomola|Alomomola, F|100/100|[from] Volt Switch
|
|upkeep
|
|t:|1743820485
|switch|p2a: Thundurus|Thundurus-Therian, M|76/100
|-damage|p2a: Thundurus|51/100|[from] Stealth Rock
|turn|21
|
|t:|1743820488
|move|p2a: Thundurus|Thunderbolt|p1a: Alomomola
|-supereffective|p1a: Alomomola
|-damage|p1a: Alomomola|30/100
|move|p1a: Alomomola|Mirror Coat|p2a: Thundurus
|-damage|p2a: Thundurus|0 fnt
|faint|p2a: Thundurus
|
|win|TunaMinh
|raw|TunaMinh's rating: 1219 &rarr; <strong>1246</strong><br />(+27 for winning)
|raw|thebacchusbraviary's rating: 1245 &rarr; <strong>1218</strong><br />(-27 for losing)
|l|☆thebacchusbraviary
|player|p2|
|l|☆TunaMinh
|player|p1|
