|j|☆kanachox
|j|☆bubbyubb
|t:|1743833206
|gametype|singles
|player|p1|kanachox|169|1082
|player|p2|bubbyubb|pokemaniac|1066
|teamsize|p1|6
|teamsize|p2|6
|gen|9
|tier|[Gen 9] OU
|rated|
|rule|HP Percentage Mod: HP is shown in percentages
|rule|Endless Battle Clause: Forcing endless battles is banned
|rule|Species Clause: Limit one of each Pokémon
|rule|OHKO Clause: OHKO moves are banned
|rule|Evasion Items Clause: Evasion items are banned
|rule|Evasion Moves Clause: Evasion moves are banned
|rule|Sleep Moves Clause: Sleep-inducing moves are banned
|clearpoke
|poke|p1|Mew|
|poke|p1|Forretress, M|
|poke|p1|Dragapult, F|
|poke|p1|Dragonite, M|
|poke|p1|Blissey, F|
|poke|p1|Flareon, M|
|poke|p2|Dragapult, M|
|poke|p2|Garchomp, F|
|poke|p2|Hitmonlee, M|
|poke|p2|Metagross|
|poke|p2|Azumarill, M|
|poke|p2|Iron Hands|
|teampreview
|
|t:|1743833224
|start
|switch|p1a: Forretress|Forretress, M, shiny|100/100
|switch|p2a: Hitmonlee|Hitmonlee, M, shiny|100/100
|turn|1
|
|t:|1743833231
|move|p2a: Hitmonlee|Endure|p2a: Hitmonlee
|-singleturn|p2a: Hitmonlee|move: Endure
|move|p1a: Forretress|Toxic Spikes|p2a: Hitmonlee
|-sidestart|p2: bubbyubb|move: Toxic Spikes
|
|upkeep
|turn|2
|
|t:|1743833237
|move|p2a: Hitmonlee|Reversal|p1a: Forretress
|-damage|p1a: Forretress|92/100
|-enditem|p1a: Forretress|Red Card|[of] p2a: Hitmonlee
|drag|p2a: Garchomp|Garchomp, F, shiny|100/100
|-status|p2a: Garchomp|psn
|move|p1a: Forretress|Toxic Spikes|p2a: Garchomp
|-sidestart|p2: bubbyubb|move: Toxic Spikes
|
|-damage|p2a: Garchomp|88/100 psn|[from] psn
|upkeep
|turn|3
|
|t:|1743833248
|switch|p2a: Metagross|Metagross, shiny|100/100
|move|p1a: Forretress|Stealth Rock|p2a: Metagross
|-sidestart|p2: bubbyubb|move: Stealth Rock
|
|upkeep
|turn|4
|
|t:|1743833260
|switch|p1a: Dragapult|Dragapult, F, shiny|100/100
|move|p2a: Metagross|Body Press|p1a: Dragapult
|-immune|p1a: Dragapult
|
|upkeep
|turn|5
|
|t:|1743833266
|switch|p2a: Dragapult|Dragapult, M, shiny|100/100
|-status|p2a: Dragapult|tox
|-damage|p2a: Dragapult|88/100 tox|[from] Stealth Rock
|move|p1a: Dragapult|Shadow Ball|p2a: Dragapult
|-supereffective|p2a: Dragapult
|-damage|p2a: Dragapult|0 fnt
|faint|p2a: Dragapult
|
|upkeep
|
|t:|1743833271
|switch|p2a: Azumarill|Azumarill, M, shiny|100/100
|-status|p2a: Azumarill|tox
|-damage|p2a: Azumarill|88/100 tox|[from] Stealth Rock
|turn|6
|
|t:|1743833285
|move|p1a: Dragapult|Shadow Ball|p2a: Azumarill
|-damage|p2a: Azumarill|57/100 tox
|move|p2a: Azumarill|Blizzard|p1a: Dragapult
|-supereffective|p1a: Dragapult
|-damage|p1a: Dragapult|40/100
|
|-damage|p2a: Azumarill|50/100 tox|[from] psn
|upkeep
|turn|7
|
|t:|1743833295
|switch|p1a: Flareon|Flareon, M, shiny|100/100
|move|p2a: Azumarill|Blizzard|p1a: Flareon
|-resisted|p1a: Flareon
|-damage|p1a: Flareon|87/100
|-status|p1a: Flareon|frz
|
|-damage|p2a: Azumarill|38/100 tox|[from] psn
|upkeep
|turn|8
|
|t:|1743833304
|move|p2a: Azumarill|Draining Kiss|p1a: Flareon
|-resisted|p1a: Flareon
|-damage|p1a: Flareon|77/100 frz
|-heal|p2a: Azumarill|44/100 tox|[from] drain|[of] p1a: Flareon
|-curestatus|p1a: Flareon|frz|[msg]
|move|p1a: Flareon|Wish|p1a: Flareon
|
|-damage|p2a: Azumarill|25/100 tox|[from] psn
|upkeep
|turn|9
|
|t:|1743833315
|switch|p2a: Metagross|Metagross, shiny|100/100
|-damage|p2a: Metagross|95/100|[from] Stealth Rock
|move|p1a: Flareon|Scary Face|p2a: Metagross
|-fail|p2a: Metagross|unboost|[from] ability: Clear Body|[of] p2a: Metagross
|
|-heal|p1a: Flareon|100/100|[from] move: Wish|[wisher] Flareon
|upkeep
|turn|10
|
|t:|1743833325
|switch|p1a: Dragapult|Dragapult, F, shiny|40/100
|move|p2a: Metagross|Heavy Slam|p1a: Dragapult
|-damage|p1a: Dragapult|0 fnt
|faint|p1a: Dragapult
|
|upkeep
|
|t:|1743833333
|switch|p1a: Dragonite|Dragonite, M, shiny|100/100
|turn|11
|
|t:|1743833338
|move|p1a: Dragonite|Draco Meteor|p2a: Metagross
|-resisted|p2a: Metagross
|-damage|p2a: Metagross|58/100
|-unboost|p1a: Dragonite|spa|2
|move|p2a: Metagross|Heavy Slam|p1a: Dragonite
|-damage|p1a: Dragonite|75/100
|
|upkeep
|turn|12
|
|t:|1743833350
|switch|p1a: Mew|Mew, shiny|100/100
|switch|p2a: Iron Hands|Iron Hands, shiny|100/100
|-status|p2a: Iron Hands|tox
|-damage|p2a: Iron Hands|94/100 tox|[from] Stealth Rock
|-enditem|p2a: Iron Hands|Booster Energy
|-activate|p2a: Iron Hands|ability: Quark Drive|[fromitem]
|-start|p2a: Iron Hands|quarkdriveatk
|
|-damage|p2a: Iron Hands|88/100 tox|[from] psn
|upkeep
|turn|13
|
|t:|1743833364
|move|p1a: Mew|Imprison|p1a: Mew
|-start|p1a: Mew|move: Imprison
|move|p2a: Iron Hands|Drain Punch|p1a: Mew
|-resisted|p1a: Mew
|-damage|p1a: Mew|79/100
|-heal|p2a: Iron Hands|98/100 tox|[from] drain|[of] p1a: Mew
|
|-damage|p2a: Iron Hands|85/100 tox|[from] psn
|upkeep
|turn|14
|
|t:|1743833372
|move|p1a: Mew|Transform|p2a: Iron Hands
|-transform|p1a: Mew|p2a: Iron Hands
|cant|p2a: Iron Hands|move: Imprison|Drain Punch
|
|-damage|p2a: Iron Hands|67/100 tox|[from] psn
|upkeep
|turn|15
|
|t:|1743833381
|-end|p2a: Iron Hands|Quark Drive|[silent]
|switch|p2a: Metagross|Metagross, shiny|58/100
|-damage|p2a: Metagross|52/100|[from] Stealth Rock
|move|p1a: Mew|Drain Punch|p2a: Metagross
|-damage|p2a: Metagross|24/100
|-heal|p1a: Mew|89/100|[from] drain|[of] p2a: Metagross
|
|upkeep
|turn|16
|
|t:|1743833393
|-end|p1a: Mew|Quark Drive|[silent]
|switch|p1a: Dragonite|Dragonite, M, shiny|75/100
|move|p2a: Metagross|Heavy Slam|p1a: Dragonite
|-damage|p1a: Dragonite|26/100
|
|upkeep
|turn|17
|
|t:|1743833399
|move|p1a: Dragonite|Draco Meteor|p2a: Metagross
|-resisted|p2a: Metagross
|-damage|p2a: Metagross|0 fnt
|-unboost|p1a: Dragonite|spa|2
|faint|p2a: Metagross
|
|upkeep
|
|t:|1743833403
|switch|p2a: Hitmonlee|Hitmonlee, M, shiny|100/100
|-status|p2a: Hitmonlee|tox
|-damage|p2a: Hitmonlee|94/100 tox|[from] Stealth Rock
|turn|18
|
|t:|1743833409
|move|p1a: Dragonite|Roost|p1a: Dragonite
|-heal|p1a: Dragonite|76/100
|-singleturn|p1a: Dragonite|move: Roost
|move|p2a: Hitmonlee|High Jump Kick|p1a: Dragonite
|-damage|p1a: Dragonite|2/100
|
|-damage|p2a: Hitmonlee|88/100 tox|[from] psn
|upkeep
|turn|19
|
|t:|1743833427
|move|p1a: Dragonite|Extreme Speed|p2a: Hitmonlee
|-damage|p2a: Hitmonlee|39/100 tox
|move|p2a: Hitmonlee|Knock Off|p1a: Dragonite
|-damage|p1a: Dragonite|0 fnt
|-enditem|p1a: Dragonite|Mirror Herb|[from] move: Knock Off|[of] p2a: Hitmonlee
|faint|p1a: Dragonite
|
|-damage|p2a: Hitmonlee|26/100 tox|[from] psn
|upkeep
|
|t:|1743833437
|switch|p1a: Flareon|Flareon, M, shiny|100/100
|turn|20
|
|t:|1743833443
|move|p2a: Hitmonlee|Reversal|p1a: Flareon
|-damage|p1a: Flareon|45/100
|move|p1a: Flareon|Wish|p1a: Flareon
|
|-damage|p2a: Hitmonlee|8/100 tox|[from] psn
|upkeep
|-enditem|p2a: Hitmonlee|Liechi Berry|[eat]
|-boost|p2a: Hitmonlee|atk|1|[from] item: Liechi Berry
|turn|21
|
|t:|1743833451
|switch|p1a: Forretress|Forretress, M, shiny|92/100
|move|p2a: Hitmonlee|Reversal|p1a: Forretress
|-damage|p1a: Forretress|0 fnt
|faint|p1a: Forretress
|
|-damage|p2a: Hitmonlee|0 fnt|[from] psn
|faint|p2a: Hitmonlee
|upkeep
|
|t:|1743833460
|switch|p2a: Azumarill|Azumarill, M, shiny|25/100 tox
|switch|p1a: Flareon|Flareon, M, shiny|45/100
|-damage|p2a: Azumarill|13/100 tox|[from] Stealth Rock
|turn|22
|
|t:|1743833468
|switch|p1a: Blissey|Blissey, F, shiny|100/100
|move|p2a: Azumarill|Ice Beam|p1a: Blissey
|-damage|p1a: Blissey|93/100
|
|-heal|p1a: Blissey|99/100|[from] item: Leftovers
|-damage|p2a: Azumarill|7/100 tox|[from] psn
|upkeep
|turn|23
|
|t:|1743833478
|move|p2a: Azumarill|Blizzard|p1a: Blissey
|-damage|p1a: Blissey|89/100
|-status|p1a: Blissey|frz
|cant|p1a: Blissey|frz
|
|-heal|p1a: Blissey|96/100 frz|[from] item: Leftovers
|-damage|p2a: Azumarill|0 fnt|[from] psn
|faint|p2a: Azumarill
|upkeep
|
|t:|1743833481
|switch|p2a: Garchomp|Garchomp, F, shiny|88/100 psn
|-damage|p2a: Garchomp|82/100 psn|[from] Stealth Rock
|turn|24
|
|t:|1743833491
|move|p2a: Garchomp|Brick Break|p1a: Blissey
|-supereffective|p1a: Blissey
|-damage|p1a: Blissey|39/100 frz
|cant|p1a: Blissey|frz
|
|-heal|p1a: Blissey|45/100 frz|[from] item: Leftovers
|-damage|p2a: Garchomp|70/100 psn|[from] psn
|upkeep
|turn|25
|
|t:|1743833499
|move|p2a: Garchomp|Brick Break|p1a: Blissey
|-supereffective|p1a: Blissey
|-damage|p1a: Blissey|0 fnt
|faint|p1a: Blissey
|
|-damage|p2a: Garchomp|57/100 psn|[from] psn
|upkeep
|
|t:|1743833509
|switch|p1a: Flareon|Flareon, M, shiny|45/100
|turn|26
|
|t:|1743833513
|move|p2a: Garchomp|Earthquake|p1a: Flareon
|-supereffective|p1a: Flareon
|-damage|p1a: Flareon|0 fnt
|faint|p1a: Flareon
|
|-damage|p2a: Garchomp|45/100 psn|[from] psn
|upkeep
|
|t:|1743833519
|switch|p1a: Mew|Mew, shiny|89/100
|turn|27
|
|t:|1743833524
|move|p2a: Garchomp|Body Slam|p1a: Mew
|-damage|p1a: Mew|63/100
|move|p1a: Mew|Whirlpool|p2a: Garchomp
|-damage|p2a: Garchomp|37/100 psn
|-activate|p2a: Garchomp|move: Whirlpool|[of] p1a: Mew
|
|-damage|p2a: Garchomp|25/100 psn|[from] psn
|-damage|p2a: Garchomp|13/100 psn|[from] move: Whirlpool|[partiallytrapped]
|upkeep
|turn|28
|
|t:|1743833538
|-terastallize|p2a: Garchomp|Rock
|move|p2a: Garchomp|Stone Edge|p1a: Mew|[miss]
|-miss|p2a: Garchomp|p1a: Mew
|move|p1a: Mew|Whirlpool|p2a: Garchomp|[miss]
|-miss|p1a: Mew|p2a: Garchomp
|
|-damage|p2a: Garchomp|0 fnt|[from] psn
|faint|p2a: Garchomp
|upkeep
|
|t:|1743833540
|switch|p2a: Iron Hands|Iron Hands, shiny|67/100 tox
|-damage|p2a: Iron Hands|60/100 tox|[from] Stealth Rock
|turn|29
|
|t:|1743833551
|move|p1a: Mew|Imprison|p1a: Mew
|-start|p1a: Mew|move: Imprison
|move|p2a: Iron Hands|Body Slam|p1a: Mew
|-crit|p1a: Mew
|-damage|p1a: Mew|24/100
|
|-damage|p2a: Iron Hands|54/100 tox|[from] psn
|upkeep
|turn|30
|
|t:|1743833558
|move|p1a: Mew|Transform|p2a: Iron Hands
|-transform|p1a: Mew|p2a: Iron Hands
|cant|p2a: Iron Hands|move: Imprison|Body Slam
|
|-damage|p2a: Iron Hands|42/100 tox|[from] psn
|upkeep
|turn|31
|
|t:|1743833564
|move|p1a: Mew|Drain Punch|p2a: Iron Hands
|-damage|p2a: Iron Hands|10/100 tox
|-heal|p1a: Mew|41/100|[from] drain|[of] p2a: Iron Hands
|-activate|p2a: Iron Hands|move: Struggle
|move|p2a: Iron Hands|Struggle|p1a: Mew
|-damage|p1a: Mew|26/100
|-damage|p2a: Iron Hands|0 fnt|[from] recoil
|faint|p2a: Iron Hands
|-end|p2a: Iron Hands|Quark Drive|[silent]
|
|win|kanachox
|raw|kanachox's rating: 1082 &rarr; <strong>1108</strong><br />(+26 for winning)
|raw|bubbyubb's rating: 1066 &rarr; <strong>1047</strong><br />(-19 for losing)
|l|☆bubbyubb
|player|p2|
|l|☆kanachox
|player|p1|
