|j|☆marcelolrp
|j|☆pablo.ledogarcia
|t:|1743897574
|gametype|singles
|player|p1|marcelolrp|hilbert-wonderlauncher|1115
|player|p2|pablo.ledogarcia|scientist|1118
|teamsize|p1|6
|teamsize|p2|6
|gen|9
|tier|[Gen 9] OU
|rated|
|rule|HP Percentage Mod: HP is shown in percentages
|rule|Endless Battle Clause: Forcing endless battles is banned
|rule|Species Clause: Limit one of each Pokémon
|rule|OHKO Clause: OHKO moves are banned
|rule|Evasion Items Clause: Evasion items are banned
|rule|Evasion Moves Clause: Evasion moves are banned
|rule|Sleep Moves Clause: Sleep-inducing moves are banned
|clearpoke
|poke|p1|Dragapult, M|
|poke|p1|Garganacl, M|
|poke|p1|Dragonite, F|
|poke|p1|Zamazenta-*|
|poke|p1|Kingambit, F|
|poke|p1|Moltres|
|poke|p2|Farigiraf, M|
|poke|p2|Scyther, F|
|poke|p2|Tatsugiri, M|
|poke|p2|Copperajah, M|
|poke|p2|Gligar, M|
|poke|p2|Salazzle, F|
|teampreview
|inactive|Battle timer is ON: inactive players will automatically lose when time's up. (requested by pablo.ledogarcia)
|
|t:|1743897579
|start
|switch|p1a: Dragapult|Dragapult, M|100/100
|switch|p2a: Gligar|Gligar, M|100/100
|turn|1
|
|t:|1743897592
|move|p1a: Dragapult|Hydro Pump|p2a: Gligar
|-supereffective|p2a: Gligar
|-damage|p2a: Gligar|0 fnt
|faint|p2a: Gligar
|
|upkeep
|
|t:|1743897621
|switch|p2a: Tatsugiri|Tatsugiri, M|100/100
|turn|2
|
|t:|1743897630
|move|p2a: Tatsugiri|Draco Meteor|p1a: Dragapult
|-supereffective|p1a: Dragapult
|-enditem|p1a: Dragapult|Focus Sash
|-damage|p1a: Dragapult|1/100
|-unboost|p2a: Tatsugiri|spa|2
|move|p1a: Dragapult|Thunderbolt|p2a: Tatsugiri
|-damage|p2a: Tatsugiri|66/100
|
|upkeep
|turn|3
|
|t:|1743897645
|switch|p1a: Garganacl|Garganacl, M|100/100
|-item|p1a: Garganacl|Air Balloon
|move|p2a: Tatsugiri|Draco Meteor|p1a: Garganacl
|-damage|p1a: Garganacl|64/100
|-unboost|p2a: Tatsugiri|spa|2
|-enditem|p1a: Garganacl|Air Balloon
|
|upkeep
|turn|4
|
|t:|1743897661
|switch|p2a: Scyther|Scyther, F|100/100
|move|p1a: Garganacl|Explosion|p2a: Scyther
|-damage|p2a: Scyther|18/100
|faint|p1a: Garganacl
|
|upkeep
|
|t:|1743897675
|switch|p1a: Moltres|Moltres|100/100
|-ability|p1a: Moltres|Pressure
|turn|5
|inactive|marcelolrp has 120 seconds left.
|
|t:|1743897696
|switch|p2a: Salazzle|Salazzle, F|100/100
|move|p1a: Moltres|Overheat|p2a: Salazzle
|-resisted|p2a: Salazzle
|-damage|p2a: Salazzle|36/100
|-unboost|p1a: Moltres|spa|2
|-enditem|p2a: Salazzle|Sitrus Berry|[eat]
|-heal|p2a: Salazzle|61/100|[from] item: Sitrus Berry
|
|upkeep
|turn|6
|inactive|marcelolrp has 120 seconds left.
|
|t:|1743897717
|switch|p1a: Zamazenta|Zamazenta|100/100
|-ability|p1a: Zamazenta|Dauntless Shield|boost
|-boost|p1a: Zamazenta|def|1
|move|p2a: Salazzle|Fake Out|p1a: Zamazenta
|-damage|p1a: Zamazenta|97/100
|
|upkeep
|turn|7
|
|t:|1743897728
|move|p1a: Zamazenta|Close Combat|p2a: Salazzle
|-resisted|p2a: Salazzle
|-damage|p2a: Salazzle|0 fnt
|-unboost|p1a: Zamazenta|def|1
|-unboost|p1a: Zamazenta|spd|1
|faint|p2a: Salazzle
|
|upkeep
|
|t:|1743897743
|switch|p2a: Scyther|Scyther, F|18/100
|turn|8
|inactive|marcelolrp has 120 seconds left.
|
|t:|1743897757
|switch|p1a: Moltres|Moltres|100/100
|-ability|p1a: Moltres|Pressure
|move|p2a: Scyther|Trailblaze|p1a: Moltres
|-resisted|p1a: Moltres
|-damage|p1a: Moltres|95/100
|-boost|p2a: Scyther|spe|1
|
|upkeep
|turn|9
|inactive|marcelolrp has 120 seconds left.
|
|t:|1743897773
|move|p2a: Scyther|Swords Dance|p2a: Scyther
|-boost|p2a: Scyther|atk|2
|move|p1a: Moltres|Overheat|p2a: Scyther
|-supereffective|p2a: Scyther
|-damage|p2a: Scyther|0 fnt
|-unboost|p1a: Moltres|spa|2
|faint|p2a: Scyther
|
|upkeep
|
|t:|1743897782
|switch|p2a: Tatsugiri|Tatsugiri, M|66/100
|turn|10
|inactive|marcelolrp has 120 seconds left.
|
|t:|1743897797
|switch|p1a: Kingambit|Kingambit, F|100/100
|move|p2a: Tatsugiri|Muddy Water|p1a: Kingambit|[miss]
|-miss|p2a: Tatsugiri|p1a: Kingambit
|
|upkeep
|turn|11
|inactive|marcelolrp has 120 seconds left.
|
|t:|1743897813
|move|p2a: Tatsugiri|Muddy Water|p1a: Kingambit
|-damage|p1a: Kingambit|57/100
|-unboost|p1a: Kingambit|accuracy|1
|-ability|p1a: Kingambit|Defiant|boost
|-boost|p1a: Kingambit|atk|2
|move|p1a: Kingambit|Stone Edge|p2a: Tatsugiri|[miss]
|-miss|p1a: Kingambit|p2a: Tatsugiri
|
|upkeep
|turn|12
|
|t:|1743897827
|move|p2a: Tatsugiri|Muddy Water|p1a: Kingambit
|-damage|p1a: Kingambit|9/100
|-unboost|p1a: Kingambit|accuracy|1
|-ability|p1a: Kingambit|Defiant|boost
|-boost|p1a: Kingambit|atk|2
|move|p1a: Kingambit|Stone Edge|p2a: Tatsugiri
|-damage|p2a: Tatsugiri|0 fnt
|faint|p2a: Tatsugiri
|
|upkeep
|
|t:|1743897838
|switch|p2a: Farigiraf|Farigiraf, M|100/100
|turn|13
|inactive|marcelolrp has 120 seconds left.
|
|t:|1743897843
|move|p2a: Farigiraf|Nasty Plot|p2a: Farigiraf
|-boost|p2a: Farigiraf|spa|2
|move|p1a: Kingambit|Foul Play|p2a: Farigiraf|[miss]
|-miss|p1a: Kingambit|p2a: Farigiraf
|
|upkeep
|turn|14
|
|t:|1743897853
|move|p1a: Kingambit|Foul Play|p2a: Farigiraf|[miss]
|-miss|p1a: Kingambit|p2a: Farigiraf
|move|p2a: Farigiraf|Trick Room|p2a: Farigiraf
|-fieldstart|move: Trick Room|[of] p2a: Farigiraf
|
|upkeep
|turn|15
|
|t:|1743897861
|-terastallize|p2a: Farigiraf|Fire
|move|p1a: Kingambit|Foul Play|p2a: Farigiraf|[miss]
|-miss|p1a: Kingambit|p2a: Farigiraf
|move|p2a: Farigiraf|Tera Blast|p1a: Kingambit|[anim] Tera Blast Fire
|-supereffective|p1a: Kingambit
|-damage|p1a: Kingambit|0 fnt
|faint|p1a: Kingambit
|-damage|p2a: Farigiraf|91/100|[from] item: Life Orb
|
|upkeep
|inactive|marcelolrp has 120 seconds left.
|
|t:|1743897881
|switch|p1a: Dragonite|Dragonite, F|100/100
|turn|16
|
|t:|1743897888
|move|p2a: Farigiraf|Psychic|p1a: Dragonite
|-damage|p1a: Dragonite|4/100
|-damage|p2a: Farigiraf|81/100|[from] item: Life Orb
|move|p1a: Dragonite|Earthquake|p2a: Farigiraf
|-supereffective|p2a: Farigiraf
|-damage|p2a: Farigiraf|0 fnt
|faint|p2a: Farigiraf
|
|upkeep
|
|t:|1743897897
|switch|p2a: Copperajah|Copperajah, M|100/100
|turn|17
|
|t:|1743897903
|move|p2a: Copperajah|Knock Off|p1a: Dragonite
|-damage|p1a: Dragonite|0 fnt
|-enditem|p1a: Dragonite|Expert Belt|[from] move: Knock Off|[of] p2a: Copperajah
|faint|p1a: Dragonite
|
|upkeep
|
|t:|1743897912
|switch|p1a: Zamazenta|Zamazenta|97/100
|turn|18
|
|t:|1743897927
|move|p2a: Copperajah|Stealth Rock|p1a: Zamazenta
|-sidestart|p1: marcelolrp|move: Stealth Rock
|move|p1a: Zamazenta|Crunch|p2a: Copperajah
|-damage|p2a: Copperajah|54/100
|-unboost|p2a: Copperajah|def|1
|
|-heal|p2a: Copperajah|60/100|[from] item: Leftovers
|-fieldend|move: Trick Room
|upkeep
|turn|19
|
|t:|1743897940
|move|p1a: Zamazenta|Crunch|p2a: Copperajah
|-damage|p2a: Copperajah|0 fnt
|faint|p2a: Copperajah
|
|win|marcelolrp
|raw|marcelolrp's rating: 1115 &rarr; <strong>1140</strong><br />(+25 for winning)
|raw|pablo.ledogarcia's rating: 1118 &rarr; <strong>1093</strong><br />(-25 for losing)
|l|☆pablo.ledogarcia
|player|p2|
|l|☆marcelolrp
|player|p1|
