|j|☆blisseyisbroken
|j|☆Isogu
|t:|1743799649
|gametype|singles
|player|p1|blisseyisbroken|liko|1561
|player|p2|Isogu|266|1512
|teamsize|p1|6
|teamsize|p2|6
|gen|9
|tier|[Gen 9] OU
|rated|
|rule|HP Percentage Mod: HP is shown in percentages
|rule|Endless Battle Clause: Forcing endless battles is banned
|rule|Species Clause: Limit one of each Pokémon
|rule|OHKO Clause: OHKO moves are banned
|rule|Evasion Items Clause: Evasion items are banned
|rule|Evasion Moves Clause: Evasion moves are banned
|rule|Sleep Moves Clause: Sleep-inducing moves are banned
|clearpoke
|poke|p1|Primarina, F|
|poke|p1|Great Tusk|
|poke|p1|Dragonite, M|
|poke|p1|Scizor, M|
|poke|p1|Pecharunt|
|poke|p1|Weavile, F|
|poke|p2|Iron Leaves|
|poke|p2|Thundurus, M|
|poke|p2|Iron Crown|
|poke|p2|Iron Hands|
|poke|p2|Alomomola, F|
|poke|p2|Corviknight, M|
|teampreview
|
|t:|1743799665
|start
|switch|p1a: Primarina|Primarina, F|100/100
|switch|p2a: Iron Crown|Iron Crown|100/100
|turn|1
|
|t:|1743799671
|move|p2a: Iron Crown|Volt Switch|p1a: Primarina
|-supereffective|p1a: Primarina
|-damage|p1a: Primarina|73/100
|
|t:|1743799677
|-end|p2a: Iron Crown|Quark Drive|[silent]
|switch|p2a: Shinobu|Iron Leaves|100/100|[from] Volt Switch
|move|p1a: Primarina|Surf|p2a: Shinobu
|-resisted|p2a: Shinobu
|-damage|p2a: Shinobu|76/100
|
|upkeep
|turn|2
|
|t:|1743799687
|switch|p1a: Scizor|Scizor, M|100/100
|move|p2a: Shinobu|Swords Dance|p2a: Shinobu
|-boost|p2a: Shinobu|atk|2
|
|upkeep
|turn|3
|
|t:|1743799692
|-end|p2a: Shinobu|Quark Drive|[silent]
|switch|p2a: Corviknight|Corviknight, M|100/100
|-ability|p2a: Corviknight|Pressure
|move|p1a: Scizor|U-turn|p2a: Corviknight
|-resisted|p2a: Corviknight
|-damage|p2a: Corviknight|92/100
|-damage|p1a: Scizor|84/100|[from] item: Rocky Helmet|[of] p2a: Corviknight
|
|t:|1743799696
|switch|p1a: Primarina|Primarina, F|73/100|[from] U-turn
|
|upkeep
|turn|4
|
|t:|1743799700
|switch|p2a: Alomomola|Alomomola, F|100/100
|move|p1a: Primarina|Flip Turn|p2a: Alomomola
|-resisted|p2a: Alomomola
|-damage|p2a: Alomomola|95/100
|
|t:|1743799703
|switch|p1a: Scizor|Scizor, M|84/100|[from] Flip Turn
|
|-heal|p2a: Alomomola|100/100|[from] item: Leftovers
|upkeep
|turn|5
|
|t:|1743799706
|switch|p2a: Corviknight|Corviknight, M|92/100
|-ability|p2a: Corviknight|Pressure
|move|p1a: Scizor|Knock Off|p2a: Corviknight
|-damage|p2a: Corviknight|57/100
|-damage|p1a: Scizor|68/100|[from] item: Rocky Helmet|[of] p2a: Corviknight
|-enditem|p2a: Corviknight|Rocky Helmet|[from] move: Knock Off|[of] p1a: Scizor
|
|upkeep
|turn|6
|
|t:|1743799712
|switch|p1a: Primarina|Primarina, F|73/100
|move|p2a: Corviknight|Roost|p2a: Corviknight
|-heal|p2a: Corviknight|100/100
|-singleturn|p2a: Corviknight|move: Roost
|
|upkeep
|turn|7
|
|t:|1743799719
|switch|p2a: Alomomola|Alomomola, F|100/100
|move|p1a: Primarina|Flip Turn|p2a: Alomomola
|-resisted|p2a: Alomomola
|-damage|p2a: Alomomola|95/100
|
|t:|1743799722
|switch|p1a: Scizor|Scizor, M|68/100|[from] Flip Turn
|
|-heal|p2a: Alomomola|100/100|[from] item: Leftovers
|upkeep
|turn|8
|
|t:|1743799725
|move|p1a: Scizor|U-turn|p2a: Alomomola
|-damage|p2a: Alomomola|57/100
|
|t:|1743799729
|switch|p1a: Primarina|Primarina, F|73/100|[from] U-turn
|move|p2a: Alomomola|Flip Turn|p1a: Primarina
|-resisted|p1a: Primarina
|-damage|p1a: Primarina|62/100
|
|t:|1743799735
|switch|p2a: Thundurus|Thundurus, M|100/100|[from] Flip Turn
|
|upkeep
|turn|9
|
|t:|1743799740
|switch|p1a: Great Tusk|Great Tusk|100/100
|move|p2a: Thundurus|Electric Terrain|p2a: Thundurus
|-fieldstart|move: Electric Terrain
|
|upkeep
|turn|10
|
|t:|1743799745
|move|p2a: Thundurus|Grass Knot|p1a: Great Tusk
|-supereffective|p1a: Great Tusk
|-damage|p1a: Great Tusk|0 fnt
|-damage|p2a: Thundurus|84/100|[from] item: Rocky Helmet|[of] p1a: Great Tusk
|faint|p1a: Great Tusk
|-end|p1a: Great Tusk|Protosynthesis|[silent]
|
|upkeep
|
|t:|1743799749
|switch|p1a: Weavile|Weavile, F|100/100
|-ability|p1a: Weavile|Pressure
|turn|11
|
|t:|1743799759
|switch|p2a: Corviknight|Corviknight, M|100/100
|-ability|p2a: Corviknight|Pressure
|move|p1a: Weavile|Swords Dance|p1a: Weavile
|-boost|p1a: Weavile|atk|2
|
|upkeep
|turn|12
|
|t:|1743799764
|-terastallize|p1a: Weavile|Ghost
|move|p1a: Weavile|Swords Dance|p1a: Weavile
|-boost|p1a: Weavile|atk|2
|move|p2a: Corviknight|U-turn|p1a: Weavile
|-resisted|p1a: Weavile
|-damage|p1a: Weavile|89/100
|
|t:|1743799773
|switch|p2a: Iron Crown|Iron Crown|100/100|[from] U-turn
|-activate|p2a: Iron Crown|ability: Quark Drive
|-start|p2a: Iron Crown|quarkdrivespa
|
|upkeep
|turn|13
|
|t:|1743799778
|move|p2a: Iron Crown|Tachyon Cutter|p1a: Weavile
|-damage|p1a: Weavile|46/100
|-damage|p1a: Weavile|0 fnt
|faint|p1a: Weavile
|-hitcount|p1: Weavile|2
|
|upkeep
|-message|blisseyisbroken forfeited.
|
|win|Isogu
|raw|blisseyisbroken's rating: 1561 &rarr; <strong>1538</strong><br />(-23 for losing)
|raw|Isogu's rating: 1512 &rarr; <strong>1535</strong><br />(+23 for winning)
|l|☆blisseyisbroken
|player|p1|
|l|☆Isogu
|player|p2|
