|j|☆tdd20070515兹伏奇大吾
|j|☆Lilacq
|t:|1743844095
|gametype|singles
|player|p1|tdd20070515兹伏奇大吾|steven-masters2|1632
|player|p2|Lilacq|guitarist|1563
|teamsize|p1|6
|teamsize|p2|6
|gen|9
|tier|[Gen 9] OU
|rated|
|rule|HP Percentage Mod: HP is shown in percentages
|rule|Endless Battle Clause: Forcing endless battles is banned
|rule|Species Clause: Limit one of each Pokémon
|rule|OHKO Clause: OHKO moves are banned
|rule|Evasion Items Clause: Evasion items are banned
|rule|Evasion Moves Clause: Evasion moves are banned
|rule|Sleep Moves Clause: Sleep-inducing moves are banned
|clearpoke
|poke|p1|Great Tusk|
|poke|p1|Alomomola, M|
|poke|p1|Hydreigon, M|
|poke|p1|Metagross|
|poke|p1|Sinistcha-Masterpiece|
|poke|p1|Zamazenta-*|
|poke|p2|Glimmora, F|
|poke|p2|Dragapult, F|
|poke|p2|Gholdengo|
|poke|p2|Great Tusk|
|poke|p2|Weavile, M|
|poke|p2|Conkeldurr, M|
|teampreview
|inactive|Battle timer is ON: inactive players will automatically lose when time's up. (requested by Lilacq)
|
|t:|1743844116
|start
|switch|p1a: 最后我第一，又强又厉害|Metagross|100/100
|switch|p2a: Glimmora|Glimmora, F|100/100
|turn|1
|
|t:|1743844121
|move|p2a: Glimmora|Stealth Rock|p1a: 最后我第一，又强又厉害
|-sidestart|p1: tdd20070515兹伏奇大吾|move: Stealth Rock
|move|p1a: 最后我第一，又强又厉害|Heavy Slam|p2a: Glimmora
|-supereffective|p2a: Glimmora
|-enditem|p2a: Glimmora|Focus Sash
|-damage|p2a: Glimmora|1/100
|-activate|p2a: Glimmora|ability: Toxic Debris
|-sidestart|p1: tdd20070515兹伏奇大吾|move: Toxic Spikes
|
|upkeep
|turn|2
|
|t:|1743844128
|move|p2a: Glimmora|Power Gem|p1a: 最后我第一，又强又厉害
|-resisted|p1a: 最后我第一，又强又厉害
|-damage|p1a: 最后我第一，又强又厉害|86/100
|move|p1a: 最后我第一，又强又厉害|Heavy Slam|p2a: Glimmora
|-supereffective|p2a: Glimmora
|-damage|p2a: Glimmora|0 fnt
|-activate|p2a: Glimmora|ability: Toxic Debris
|-sidestart|p1: tdd20070515兹伏奇大吾|move: Toxic Spikes
|faint|p2a: Glimmora
|
|-heal|p1a: 最后我第一，又强又厉害|92/100|[from] item: Leftovers
|upkeep
|
|t:|1743844136
|switch|p2a: Gholdengo|Gholdengo|100/100
|-item|p2a: Gholdengo|Air Balloon
|turn|3
|
|t:|1743844139
|move|p2a: Gholdengo|Nasty Plot|p2a: Gholdengo
|-boost|p2a: Gholdengo|spa|2
|move|p1a: 最后我第一，又强又厉害|Knock Off|p2a: Gholdengo
|-supereffective|p2a: Gholdengo
|-damage|p2a: Gholdengo|35/100
|-enditem|p2a: Gholdengo|Air Balloon
|
|-heal|p1a: 最后我第一，又强又厉害|98/100|[from] item: Leftovers
|upkeep
|turn|4
|
|t:|1743844145
|-terastallize|p1a: 最后我第一，又强又厉害|Fairy
|move|p2a: Gholdengo|Shadow Ball|p1a: 最后我第一，又强又厉害
|-damage|p1a: 最后我第一，又强又厉害|37/100
|move|p1a: 最后我第一，又强又厉害|Knock Off|p2a: Gholdengo
|-supereffective|p2a: Gholdengo
|-damage|p2a: Gholdengo|0 fnt
|faint|p2a: Gholdengo
|
|-heal|p1a: 最后我第一，又强又厉害|43/100|[from] item: Leftovers
|upkeep
|
|t:|1743844167
|switch|p2a: Great Tusk|Great Tusk|100/100
|-enditem|p2a: Great Tusk|Booster Energy
|-activate|p2a: Great Tusk|ability: Protosynthesis|[fromitem]
|-start|p2a: Great Tusk|protosynthesisspe
|turn|5
|j| NaN9
|
|t:|1743844173
|switch|p1a: 战斗，然后死吧!|Great Tusk|100/100
|-damage|p1a: 战斗，然后死吧!|98/100|[from] Stealth Rock
|-status|p1a: 战斗，然后死吧!|tox
|move|p2a: Great Tusk|Earthquake|p1a: 战斗，然后死吧!
|-damage|p1a: 战斗，然后死吧!|75/100 tox
|
|-heal|p1a: 战斗，然后死吧!|81/100 tox|[from] item: Leftovers
|-damage|p1a: 战斗，然后死吧!|75/100 tox|[from] psn
|upkeep
|turn|6
|
|t:|1743844177
|-end|p2a: Great Tusk|Protosynthesis|[silent]
|switch|p2a: Dragapult|Dragapult, F|100/100
|move|p1a: 战斗，然后死吧!|Ice Spinner|p2a: Dragapult
|-supereffective|p2a: Dragapult
|-damage|p2a: Dragapult|32/100
|
|-heal|p1a: 战斗，然后死吧!|81/100 tox|[from] item: Leftovers
|-damage|p1a: 战斗，然后死吧!|69/100 tox|[from] psn
|upkeep
|turn|7
|l| NaN9
|
|t:|1743844180
|-end|p1a: 战斗，然后死吧!|Protosynthesis|[silent]
|switch|p1a: 大吾私人保姆|Alomomola, M|100/100
|move|p2a: Dragapult|Hex|p1a: 大吾私人保姆
|-damage|p1a: 大吾私人保姆|81/100
|
|upkeep
|turn|8
|
|t:|1743844184
|move|p2a: Dragapult|Thunder Wave|p1a: 大吾私人保姆
|-status|p1a: 大吾私人保姆|par
|move|p1a: 大吾私人保姆|Wish|p1a: 大吾私人保姆
|
|upkeep
|turn|9
|
|t:|1743844188
|move|p2a: Dragapult|Hex|p1a: 大吾私人保姆
|-damage|p1a: 大吾私人保姆|42/100 par
|cant|p1a: 大吾私人保姆|par
|
|-heal|p1a: 大吾私人保姆|92/100 par|[from] move: Wish|[wisher] 大吾私人保姆
|upkeep
|turn|10
|
|t:|1743844193
|move|p2a: Dragapult|Hex|p1a: 大吾私人保姆
|-damage|p1a: 大吾私人保姆|53/100 par
|move|p1a: 大吾私人保姆|Mirror Coat|p2a: Dragapult
|-damage|p2a: Dragapult|0 fnt
|faint|p2a: Dragapult
|
|upkeep
|
|t:|1743844198
|switch|p2a: Weavile|Weavile, M|100/100
|-ability|p2a: Weavile|Pressure
|turn|11
|
|t:|1743844206
|move|p2a: Weavile|Swords Dance|p2a: Weavile
|-boost|p2a: Weavile|atk|2
|cant|p1a: 大吾私人保姆|par
|
|upkeep
|turn|12
|
|t:|1743844211
|move|p2a: Weavile|Swords Dance|p2a: Weavile
|-boost|p2a: Weavile|atk|2
|move|p1a: 大吾私人保姆|Flip Turn|p2a: Weavile
|-damage|p2a: Weavile|72/100
|
|t:|1743844213
|switch|p1a: Zamazenta|Zamazenta|100/100|[from] Flip Turn
|-damage|p1a: Zamazenta|94/100|[from] Stealth Rock
|-status|p1a: Zamazenta|tox
|-ability|p1a: Zamazenta|Dauntless Shield|boost
|-boost|p1a: Zamazenta|def|1
|
|-damage|p1a: Zamazenta|88/100 tox|[from] psn
|upkeep
|turn|13
|
|t:|1743844221
|-terastallize|p2a: Weavile|Fire
|move|p2a: Weavile|Ice Shard|p1a: Zamazenta
|-damage|p1a: Zamazenta|49/100 tox
|move|p1a: Zamazenta|Close Combat|p2a: Weavile
|-damage|p2a: Weavile|0 fnt
|-unboost|p1a: Zamazenta|def|1
|-unboost|p1a: Zamazenta|spd|1
|faint|p2a: Weavile
|
|-damage|p1a: Zamazenta|37/100 tox|[from] psn
|upkeep
|
|t:|1743844229
|switch|p2a: Conkeldurr|Conkeldurr, M|100/100
|turn|14
|
|t:|1743844232
|move|p1a: Zamazenta|Close Combat|p2a: Conkeldurr
|-damage|p2a: Conkeldurr|20/100
|-unboost|p1a: Zamazenta|def|1
|-unboost|p1a: Zamazenta|spd|1
|move|p2a: Conkeldurr|Drain Punch|p1a: Zamazenta
|-damage|p1a: Zamazenta|0 fnt
|-heal|p2a: Conkeldurr|35/100|[from] drain|[of] p1a: Zamazenta
|faint|p1a: Zamazenta
|
|-status|p2a: Conkeldurr|brn|[from] item: Flame Orb
|upkeep
|
|t:|1743844237
|switch|p1a: 战斗，然后死吧!|Great Tusk|69/100 tox
|-damage|p1a: 战斗，然后死吧!|66/100 tox|[from] Stealth Rock
|turn|15
|
|t:|1743844242
|move|p1a: 战斗，然后死吧!|Bulk Up|p1a: 战斗，然后死吧!
|-boost|p1a: 战斗，然后死吧!|atk|1
|-boost|p1a: 战斗，然后死吧!|def|1
|move|p2a: Conkeldurr|Drain Punch|p1a: 战斗，然后死吧!
|-damage|p1a: 战斗，然后死吧!|43/100 tox
|-heal|p2a: Conkeldurr|47/100 brn|[from] drain|[of] p1a: 战斗，然后死吧!
|
|-heal|p1a: 战斗，然后死吧!|49/100 tox|[from] item: Leftovers
|-damage|p1a: 战斗，然后死吧!|43/100 tox|[from] psn
|-damage|p2a: Conkeldurr|41/100 brn|[from] brn
|upkeep
|turn|16
|
|t:|1743844247
|move|p1a: 战斗，然后死吧!|Rapid Spin|p2a: Conkeldurr
|-damage|p2a: Conkeldurr|22/100 brn
|-boost|p1a: 战斗，然后死吧!|spe|1
|-sideend|p1: tdd20070515兹伏奇大吾|Toxic Spikes|[from] move: Rapid Spin|[of] p1a: 战斗，然后死吧!
|-sideend|p1: tdd20070515兹伏奇大吾|Stealth Rock|[from] move: Rapid Spin|[of] p1a: 战斗，然后死吧!
|move|p2a: Conkeldurr|Ice Punch|p1a: 战斗，然后死吧!
|-supereffective|p1a: 战斗，然后死吧!
|-damage|p1a: 战斗，然后死吧!|15/100 tox
|
|-heal|p1a: 战斗，然后死吧!|21/100 tox|[from] item: Leftovers
|-damage|p1a: 战斗，然后死吧!|8/100 tox|[from] psn
|-damage|p2a: Conkeldurr|16/100 brn|[from] brn
|upkeep
|turn|17
|
|t:|1743844251
|move|p2a: Conkeldurr|Mach Punch|p1a: 战斗，然后死吧!
|-damage|p1a: 战斗，然后死吧!|0 fnt
|faint|p1a: 战斗，然后死吧!
|-end|p1a: 战斗，然后死吧!|Protosynthesis|[silent]
|
|-damage|p2a: Conkeldurr|10/100 brn|[from] brn
|upkeep
|
|t:|1743844253
|switch|p1a: 来悲茶吗|Sinistcha-Masterpiece|100/100
|turn|18
|
|t:|1743844255
|move|p1a: 来悲茶吗|Shadow Ball|p2a: Conkeldurr
|-damage|p2a: Conkeldurr|0 fnt
|faint|p2a: Conkeldurr
|
|upkeep
|-message|Lilacq forfeited.
|
|win|tdd20070515兹伏奇大吾
|raw|tdd20070515兹伏奇大吾's rating: 1632 &rarr; <strong>1648</strong><br />(+16 for winning)
|raw|Lilacq's rating: 1563 &rarr; <strong>1547</strong><br />(-16 for losing)
|l|☆Lilacq
|player|p2|
|l|☆tdd20070515兹伏奇大吾
|player|p1|
