|j|☆JP ShinySeeker
|j|☆Ruby Xoxo
|t:|1743905047
|gametype|singles
|player|p1|JP ShinySeeker|grimsley|1553
|player|p2|Ruby Xoxo|iris-gen5bw2|1611
|teamsize|p1|6
|teamsize|p2|6
|gen|9
|tier|[Gen 9] OU
|rated|
|rule|HP Percentage Mod: HP is shown in percentages
|rule|Endless Battle Clause: Forcing endless battles is banned
|rule|Species Clause: Limit one of each Pokémon
|rule|OHKO Clause: OHKO moves are banned
|rule|Evasion Items Clause: Evasion items are banned
|rule|Evasion Moves Clause: Evasion moves are banned
|rule|Sleep Moves Clause: Sleep-inducing moves are banned
|clearpoke
|poke|p1|Manaphy|
|poke|p1|Raging Bolt|
|poke|p1|Entei|
|poke|p1|Hoopa-Unbound|
|poke|p1|Avalugg, M|
|poke|p1|Garchomp, F|
|poke|p2|Amoonguss, M|
|poke|p2|Tyranitar, F|
|poke|p2|Excadrill, M|
|poke|p2|Dragapult, F|
|poke|p2|Hippowdon, F|
|poke|p2|Ting-Lu|
|teampreview
|
|t:|1743905057
|start
|switch|p1a: Garchomp|Garchomp, F|100/100
|switch|p2a: Tyranitar|Tyranitar, F|100/100
|-weather|Sandstorm|[from] ability: Sand Stream|[of] p2a: Tyranitar
|turn|1
|
|t:|1743905060
|move|p1a: Garchomp|Swords Dance|p1a: Garchomp
|-boost|p1a: Garchomp|atk|2
|move|p2a: Tyranitar|Ice Beam|p1a: Garchomp
|-supereffective|p1a: Garchomp
|-damage|p1a: Garchomp|5/100
|
|-weather|Sandstorm|[upkeep]
|upkeep
|turn|2
|
|t:|1743905093
|move|p1a: Garchomp|Earthquake|p2a: Tyranitar
|-supereffective|p2a: Tyranitar
|-damage|p2a: Tyranitar|0 fnt
|faint|p2a: Tyranitar
|
|-weather|Sandstorm|[upkeep]
|upkeep
|
|t:|1743905097
|switch|p2a: Dragapult|Dragapult, F|100/100
|turn|3
|
|t:|1743905102
|move|p2a: Dragapult|U-turn|p1a: Garchomp
|-damage|p1a: Garchomp|0 fnt
|-damage|p2a: Dragapult|88/100|[from] ability: Rough Skin|[of] p1a: Garchomp
|faint|p1a: Garchomp
|
|t:|1743905109
|switch|p2a: Amoonguss|Amoonguss, M|100/100|[from] U-turn
|
|-weather|Sandstorm|[upkeep]
|-damage|p2a: Amoonguss|94/100|[from] Sandstorm
|upkeep
|
|t:|1743905114
|switch|p1a: Manaphy|Manaphy|100/100
|turn|4
|
|t:|1743905119
|move|p1a: Manaphy|Substitute|p1a: Manaphy
|-start|p1a: Manaphy|Substitute
|-damage|p1a: Manaphy|76/100
|move|p2a: Amoonguss|Giga Drain|p1a: Manaphy
|-supereffective|p1a: Manaphy
|-end|p1a: Manaphy|Substitute
|-heal|p2a: Amoonguss|100/100|[from] drain|[of] p1a: Manaphy
|
|-weather|Sandstorm|[upkeep]
|-damage|p1a: Manaphy|69/100|[from] Sandstorm
|-damage|p2a: Amoonguss|94/100|[from] Sandstorm
|-heal|p1a: Manaphy|76/100|[from] item: Leftovers
|upkeep
|turn|5
|
|t:|1743905124
|switch|p1a: Entei|Entei, shiny|100/100
|move|p2a: Amoonguss|Giga Drain|p1a: Entei
|-resisted|p1a: Entei
|-damage|p1a: Entei|86/100
|-heal|p2a: Amoonguss|100/100|[from] drain|[of] p1a: Entei
|
|-weather|none
|upkeep
|turn|6
|
|t:|1743905131
|switch|p2a: Ting-Lu|Ting-Lu|100/100
|-ability|p2a: Ting-Lu|Vessel of Ruin
|move|p1a: Entei|Swagger|p2a: Ting-Lu
|-boost|p2a: Ting-Lu|atk|2
|-start|p2a: Ting-Lu|confusion
|-enditem|p1a: Entei|Mirror Herb
|-boost|p1a: Entei|atk|2|[from] item: Mirror Herb
|
|upkeep
|turn|7
|
|t:|1743905138
|move|p1a: Entei|Sacred Fire|p2a: Ting-Lu
|-damage|p2a: Ting-Lu|46/100
|-status|p2a: Ting-Lu|brn
|-activate|p2a: Ting-Lu|confusion
|-damage|p2a: Ting-Lu|34/100 brn|[from] confusion
|
|-damage|p2a: Ting-Lu|28/100 brn|[from] brn
|upkeep
|turn|8
|
|t:|1743905144
|move|p1a: Entei|Sacred Fire|p2a: Ting-Lu
|-damage|p2a: Ting-Lu|0 fnt
|faint|p2a: Ting-Lu
|
|upkeep
|
|t:|1743905146
|switch|p2a: Hippowdon|Hippowdon, F|100/100
|-weather|Sandstorm|[from] ability: Sand Stream|[of] p2a: Hippowdon
|turn|9
|
|t:|1743905150
|move|p1a: Entei|Sacred Fire|p2a: Hippowdon
|-damage|p2a: Hippowdon|50/100
|-status|p2a: Hippowdon|brn
|move|p2a: Hippowdon|Earthquake|p1a: Entei
|-supereffective|p1a: Entei
|-damage|p1a: Entei|46/100
|
|-weather|Sandstorm|[upkeep]
|-damage|p1a: Entei|40/100|[from] Sandstorm
|-damage|p2a: Hippowdon|44/100 brn|[from] brn
|upkeep
|turn|10
|
|t:|1743905158
|switch|p2a: Dragapult|Dragapult, F|88/100
|move|p1a: Entei|Sacred Fire|p2a: Dragapult
|-resisted|p2a: Dragapult
|-crit|p2a: Dragapult
|-damage|p2a: Dragapult|0 fnt
|faint|p2a: Dragapult
|
|-weather|Sandstorm|[upkeep]
|-damage|p1a: Entei|34/100|[from] Sandstorm
|upkeep
|
|t:|1743905163
|switch|p2a: Excadrill|Excadrill, M|100/100
|-item|p2a: Excadrill|Air Balloon
|turn|11
|
|t:|1743905166
|move|p1a: Entei|Extreme Speed|p2a: Excadrill
|-resisted|p2a: Excadrill
|-damage|p2a: Excadrill|62/100
|-enditem|p2a: Excadrill|Air Balloon
|move|p2a: Excadrill|Earthquake|p1a: Entei
|-supereffective|p1a: Entei
|-damage|p1a: Entei|0 fnt
|faint|p1a: Entei
|
|-weather|Sandstorm|[upkeep]
|upkeep
|
|t:|1743905171
|switch|p1a: Avalugg|Avalugg, M|100/100
|turn|12
|-message|Ruby Xoxo forfeited.
|
|win|JP ShinySeeker
|raw|JP ShinySeeker's rating: 1553 &rarr; <strong>1576</strong><br />(+23 for winning)
|raw|Ruby Xoxo's rating: 1611 &rarr; <strong>1588</strong><br />(-23 for losing)
|l|☆Ruby Xoxo
|player|p2|
|l|☆JP ShinySeeker
|player|p1|
