|j|☆mod5
|j|☆bowling12345
|t:|1743812441
|gametype|singles
|player|p1|mod5|elesa|1311
|player|p2|bowling12345|169|1345
|teamsize|p1|6
|teamsize|p2|6
|gen|9
|tier|[Gen 9] OU
|rated|
|rule|HP Percentage Mod: HP is shown in percentages
|rule|Endless Battle Clause: Forcing endless battles is banned
|rule|Species Clause: Limit one of each Pokémon
|rule|OHKO Clause: OHKO moves are banned
|rule|Evasion Items Clause: Evasion items are banned
|rule|Evasion Moves Clause: Evasion moves are banned
|rule|Sleep Moves Clause: Sleep-inducing moves are banned
|clearpoke
|poke|p1|Okidogi, M|
|poke|p1|Gholdengo|
|poke|p1|Kingambit, F|
|poke|p1|Primarina, M|
|poke|p1|Tinkaton, F|
|poke|p1|Landorus-Therian, M|
|poke|p2|Zoroark-Hisui, F|
|poke|p2|Ting-Lu|
|poke|p2|Munkidori, M|
|poke|p2|Sinistcha|
|poke|p2|Great Tusk|
|poke|p2|Entei|
|teampreview
|inactive|Battle timer is ON: inactive players will automatically lose when time's up. (requested by mod5)
|
|t:|1743812467
|start
|switch|p1a: Tinkaton|Tinkaton, F|100/100
|switch|p2a: Ting-Lu|Ting-Lu|100/100
|-item|p1a: Tinkaton|Air Balloon
|-ability|p2a: Ting-Lu|Vessel of Ruin
|turn|1
|
|t:|1743812477
|move|p1a: Tinkaton|Stealth Rock|p2a: Ting-Lu
|-sidestart|p2: bowling12345|move: Stealth Rock
|move|p2a: Ting-Lu|Ruination|p1a: Tinkaton
|-damage|p1a: Tinkaton|50/100
|-enditem|p1a: Tinkaton|Air Balloon
|
|upkeep
|turn|2
|
|t:|1743812487
|move|p1a: Tinkaton|Gigaton Hammer|p2a: Ting-Lu
|-damage|p2a: Ting-Lu|79/100
|move|p2a: Ting-Lu|Spikes|p1a: Tinkaton
|-sidestart|p1: mod5|Spikes
|
|-heal|p2a: Ting-Lu|85/100|[from] item: Leftovers
|upkeep
|turn|3
|
|t:|1743812494
|move|p1a: Tinkaton|Encore|p2a: Ting-Lu
|-start|p2a: Ting-Lu|Encore
|move|p2a: Ting-Lu|Spikes|p1a: Tinkaton
|-sidestart|p1: mod5|Spikes
|
|-heal|p2a: Ting-Lu|91/100|[from] item: Leftovers
|upkeep
|turn|4
|
|t:|1743812500
|switch|p1a: Okidogi|Okidogi, M|100/100
|-damage|p1a: Okidogi|84/100|[from] Spikes
|move|p2a: Ting-Lu|Spikes|p1a: Okidogi
|-sidestart|p1: mod5|Spikes
|
|-heal|p1a: Okidogi|90/100|[from] item: Leftovers
|-heal|p2a: Ting-Lu|97/100|[from] item: Leftovers
|upkeep
|turn|5
|
|t:|1743812512
|switch|p2a: Munkidori|Munkidori, M|100/100
|-damage|p2a: Munkidori|88/100|[from] Stealth Rock
|move|p1a: Okidogi|Bulk Up|p1a: Okidogi
|-boost|p1a: Okidogi|atk|1
|-boost|p1a: Okidogi|def|1
|
|-heal|p1a: Okidogi|96/100|[from] item: Leftovers
|upkeep
|turn|6
|
|t:|1743812522
|-terastallize|p1a: Okidogi|Water
|move|p2a: Munkidori|Psyshock|p1a: Okidogi
|-damage|p1a: Okidogi|73/100
|-status|p1a: Okidogi|tox|[from] ability: Toxic Chain|[of] p2a: Munkidori
|move|p1a: Okidogi|Knock Off|p2a: Munkidori
|-supereffective|p2a: Munkidori
|-damage|p2a: Munkidori|0 fnt
|-enditem|p2a: Munkidori|Assault Vest|[from] move: Knock Off|[of] p1a: Okidogi
|faint|p2a: Munkidori
|
|-heal|p1a: Okidogi|79/100 tox|[from] item: Leftovers
|-damage|p1a: Okidogi|73/100 tox|[from] psn
|upkeep
|inactive|bowling12345 has 120 seconds left.
|
|t:|1743812560
|switch|p2a: Sinistcha|Sinistcha|100/100
|-damage|p2a: Sinistcha|88/100|[from] Stealth Rock
|turn|7
|inactive|bowling12345 has 120 seconds left.
|
|t:|1743812565
|move|p1a: Okidogi|Knock Off|p2a: Sinistcha
|-supereffective|p2a: Sinistcha
|-damage|p2a: Sinistcha|0 fnt
|-enditem|p2a: Sinistcha|Weakness Policy|[from] move: Knock Off|[of] p1a: Okidogi
|faint|p2a: Sinistcha
|
|-heal|p1a: Okidogi|79/100 tox|[from] item: Leftovers
|-damage|p1a: Okidogi|67/100 tox|[from] psn
|upkeep
|inactive|bowling12345 has 120 seconds left.
|
|t:|1743812574
|switch|p2a: Ting-Lu|Ting-Lu|97/100
|-damage|p2a: Ting-Lu|91/100|[from] Stealth Rock
|-ability|p2a: Ting-Lu|Vessel of Ruin
|turn|8
|
|t:|1743812581
|move|p1a: Okidogi|Bulk Up|p1a: Okidogi
|-boost|p1a: Okidogi|atk|1
|-boost|p1a: Okidogi|def|1
|move|p2a: Ting-Lu|Ruination|p1a: Okidogi
|-damage|p1a: Okidogi|34/100 tox
|
|-heal|p1a: Okidogi|40/100 tox|[from] item: Leftovers
|-heal|p2a: Ting-Lu|97/100|[from] item: Leftovers
|-damage|p1a: Okidogi|21/100 tox|[from] psn
|upkeep
|turn|9
|
|t:|1743812591
|switch|p2a: Entei|Entei|100/100
|-damage|p2a: Entei|88/100|[from] Stealth Rock
|move|p1a: Okidogi|Drain Punch|p2a: Entei
|-immune|p2a: Entei
|
|-heal|p1a: Okidogi|28/100 tox|[from] item: Leftovers
|-damage|p1a: Okidogi|3/100 tox|[from] psn
|upkeep
|turn|10
|
|t:|1743812600
|move|p2a: Entei|Hex|p1a: Okidogi
|-damage|p1a: Okidogi|0 fnt
|faint|p1a: Okidogi
|
|upkeep
|
|t:|1743812622
|switch|p1a: Primarina|Primarina, M, shiny|100/100
|-damage|p1a: Primarina|76/100|[from] Spikes
|turn|11
|inactive|bowling12345 has 120 seconds left.
|c|☆mod5|if it wasnt for the poison
|c|☆bowling12345|yep
|c|☆mod5|I'd have swept
|c|☆bowling12345|not sure what to do
|c|☆bowling12345|i feel i already lost
|inactive|bowling12345 has 90 seconds left.
|
|t:|1743812685
|switch|p2a: Ting-Lu|Ting-Lu|97/100
|-damage|p2a: Ting-Lu|91/100|[from] Stealth Rock
|-ability|p2a: Ting-Lu|Vessel of Ruin
|move|p1a: Primarina|Surf|p2a: Ting-Lu
|-supereffective|p2a: Ting-Lu
|-damage|p2a: Ting-Lu|47/100
|
|-heal|p2a: Ting-Lu|53/100|[from] item: Leftovers
|upkeep
|turn|12
|inactive|bowling12345 has 90 seconds left.
|
|t:|1743812697
|move|p1a: Primarina|Flip Turn|p2a: Ting-Lu
|-supereffective|p2a: Ting-Lu
|-damage|p2a: Ting-Lu|38/100
|
|t:|1743812701
|switch|p1a: Tinkaton|Tinkaton, F|50/100|[from] Flip Turn
|-damage|p1a: Tinkaton|26/100|[from] Spikes
|move|p2a: Ting-Lu|Stealth Rock|p1a: Tinkaton
|-sidestart|p1: mod5|move: Stealth Rock
|
|-heal|p2a: Ting-Lu|44/100|[from] item: Leftovers
|upkeep
|turn|13
|
|t:|1743812714
|switch|p2a: Great Tusk|Great Tusk|100/100
|-damage|p2a: Great Tusk|98/100|[from] Stealth Rock
|-enditem|p2a: Great Tusk|Booster Energy
|-activate|p2a: Great Tusk|ability: Protosynthesis|[fromitem]
|-start|p2a: Great Tusk|protosynthesisatk
|move|p1a: Tinkaton|Gigaton Hammer|p2a: Great Tusk
|-damage|p2a: Great Tusk|71/100
|
|upkeep
|turn|14
|
|t:|1743812739
|switch|p1a: Landorus|Landorus-Therian, M, shiny|100/100
|-damage|p1a: Landorus|88/100|[from] Stealth Rock
|-ability|p1a: Landorus|Intimidate|boost
|-unboost|p2a: Great Tusk|atk|1
|move|p2a: Great Tusk|Rapid Spin|p1a: Landorus
|-damage|p1a: Landorus|72/100
|-boost|p2a: Great Tusk|spe|1
|-sideend|p2: bowling12345|Stealth Rock|[from] move: Rapid Spin|[of] p2a: Great Tusk
|
|upkeep
|turn|15
|inactive|mod5 has 120 seconds left.
|inactive|bowling12345 has 90 seconds left.
|
|t:|1743812762
|switch|p1a: Tinkaton|Tinkaton, F|26/100
|-damage|p1a: Tinkaton|1/100|[from] Spikes
|-damage|p1a: Tinkaton|0 fnt|[from] Stealth Rock
|faint|p1a: Tinkaton
|move|p2a: Great Tusk|Knock Off|p1: Tinkaton|[notarget]
|-fail|p2a: Great Tusk
|
|upkeep
|inactive|mod5 has 120 seconds left.
|
|t:|1743812771
|switch|p1a: Landorus|Landorus-Therian, M, shiny|72/100
|-damage|p1a: Landorus|59/100|[from] Stealth Rock
|-ability|p1a: Landorus|Intimidate|boost
|-unboost|p2a: Great Tusk|atk|1
|turn|16
|
|t:|1743812778
|switch|p1a: Primarina|Primarina, M, shiny|76/100
|-damage|p1a: Primarina|51/100|[from] Spikes
|-damage|p1a: Primarina|38/100|[from] Stealth Rock
|-end|p2a: Great Tusk|Protosynthesis|[silent]
|switch|p2a: Ting-Lu|Ting-Lu|44/100
|-ability|p2a: Ting-Lu|Vessel of Ruin
|
|-heal|p2a: Ting-Lu|50/100|[from] item: Leftovers
|upkeep
|turn|17
|
|t:|1743812796
|-terastallize|p2a: Ting-Lu|Dark
|move|p1a: Primarina|Surf|p2a: Ting-Lu
|-damage|p2a: Ting-Lu|27/100
|move|p2a: Ting-Lu|Whirlwind|p1a: Primarina
|drag|p1a: Gholdengo|Gholdengo|100/100
|-damage|p1a: Gholdengo|75/100|[from] Spikes
|-damage|p1a: Gholdengo|69/100|[from] Stealth Rock
|
|-heal|p2a: Ting-Lu|33/100|[from] item: Leftovers
|upkeep
|turn|18
|
|t:|1743812809
|move|p1a: Gholdengo|Make It Rain|p2a: Ting-Lu
|-damage|p2a: Ting-Lu|0 fnt
|-unboost|p1a: Gholdengo|spa|1
|faint|p2a: Ting-Lu
|
|upkeep
|inactive|bowling12345 has 90 seconds left.
|
|t:|1743812824
|switch|p2a: Entei|Entei|100/100
|turn|19
|
|t:|1743812828
|switch|p1a: Primarina|Primarina, M, shiny|38/100
|-damage|p1a: Primarina|13/100|[from] Spikes
|-damage|p1a: Primarina|1/100|[from] Stealth Rock
|move|p2a: Entei|Sacred Fire|p1a: Primarina
|-resisted|p1a: Primarina
|-damage|p1a: Primarina|0 fnt
|faint|p1a: Primarina
|
|upkeep
|
|t:|1743812835
|switch|p1a: Landorus|Landorus-Therian, M, shiny|59/100
|-damage|p1a: Landorus|47/100|[from] Stealth Rock
|-ability|p1a: Landorus|Intimidate|boost
|-fail|p2a: Entei|unboost|Attack|[from] ability: Inner Focus|[of] p2a: Entei
|turn|20
|
|t:|1743812850
|switch|p2a: Great Tusk|Great Tusk|88/100
|move|p1a: Landorus|Earthquake|p2a: Great Tusk
|-damage|p2a: Great Tusk|0 fnt
|replace|p2a: Zoroark|Zoroark-Hisui, F
|-end|p2a: Zoroark|Illusion
|faint|p2a: Zoroark
|
|upkeep
|
|t:|1743812858
|switch|p2a: Great Tusk|Great Tusk|71/100
|turn|21
|
|t:|1743812873
|switch|p1a: Gholdengo|Gholdengo|69/100
|-damage|p1a: Gholdengo|44/100|[from] Spikes
|-damage|p1a: Gholdengo|38/100|[from] Stealth Rock
|move|p2a: Great Tusk|Knock Off|p1a: Gholdengo
|-supereffective|p1a: Gholdengo
|-damage|p1a: Gholdengo|0 fnt
|-enditem|p1a: Gholdengo|Choice Scarf|[from] move: Knock Off|[of] p2a: Great Tusk
|faint|p1a: Gholdengo
|
|upkeep
|
|t:|1743812882
|switch|p1a: Landorus|Landorus-Therian, M, shiny|47/100
|-damage|p1a: Landorus|34/100|[from] Stealth Rock
|-ability|p1a: Landorus|Intimidate|boost
|-unboost|p2a: Great Tusk|atk|1
|turn|22
|
|t:|1743812890
|move|p1a: Landorus|Earthquake|p2a: Great Tusk
|-damage|p2a: Great Tusk|30/100
|move|p2a: Great Tusk|Knock Off|p1a: Landorus
|-damage|p1a: Landorus|10/100
|-enditem|p1a: Landorus|Choice Scarf|[from] move: Knock Off|[of] p2a: Great Tusk
|
|upkeep
|turn|23
|
|t:|1743812900
|move|p1a: Landorus|Earthquake|p2a: Great Tusk
|-damage|p2a: Great Tusk|0 fnt
|faint|p2a: Great Tusk
|-end|p2a: Great Tusk|Protosynthesis|[silent]
|
|upkeep
|
|t:|1743812904
|switch|p2a: Entei|Entei|100/100
|turn|24
|
|t:|1743812907
|move|p2a: Entei|Extreme Speed|p1a: Landorus
|-damage|p1a: Landorus|0 fnt
|faint|p1a: Landorus
|
|upkeep
|
|t:|1743812909
|switch|p1a: Kingambit|Kingambit, F|100/100
|-damage|p1a: Kingambit|76/100|[from] Spikes
|-damage|p1a: Kingambit|70/100|[from] Stealth Rock
|-activate|p1a: Kingambit|ability: Supreme Overlord
|-start|p1a: Kingambit|fallen5|[silent]
|turn|25
|c|☆bowling12345|gg
|
|t:|1743812919
|move|p1a: Kingambit|Sucker Punch|p2a: Entei
|-damage|p2a: Entei|13/100
|-damage|p1a: Kingambit|60/100|[from] item: Life Orb
|move|p2a: Entei|Sacred Fire|p1a: Kingambit
|-supereffective|p1a: Kingambit
|-crit|p1a: Kingambit
|-damage|p1a: Kingambit|0 fnt
|faint|p1a: Kingambit
|-end|p1a: Kingambit|fallen5|[silent]
|
|win|bowling12345
|raw|mod5's rating: 1311 &rarr; <strong>1293</strong><br />(-18 for losing)
|raw|bowling12345's rating: 1345 &rarr; <strong>1363</strong><br />(+18 for winning)
|l|☆bowling12345
|player|p2|
|l|☆mod5
|player|p1|
