|j|☆Imnotsorrytbh
|j|‽BishopTheSaint
|t:|1743871973
|gametype|singles
|player|p1|Imnotsorrytbh|colress|1417
|player|p2|BishopTheSaint|acetrainer-gen4dp|1461
|teamsize|p1|6
|teamsize|p2|6
|gen|9
|tier|[Gen 9] OU
|rated|
|rule|HP Percentage Mod: HP is shown in percentages
|rule|Endless Battle Clause: Forcing endless battles is banned
|rule|Species Clause: Limit one of each Pokémon
|rule|OHKO Clause: OHKO moves are banned
|rule|Evasion Items Clause: Evasion items are banned
|rule|Evasion Moves Clause: Evasion moves are banned
|rule|Sleep Moves Clause: Sleep-inducing moves are banned
|clearpoke
|poke|p1|Clodsire, M|
|poke|p1|Dondozo, M|
|poke|p1|Alomomola, F|
|poke|p1|Talonflame, F|
|poke|p1|Toxapex, M|
|poke|p1|Blissey, F|
|poke|p2|Garchomp, M|
|poke|p2|Ting-Lu|
|poke|p2|Corviknight, M|
|poke|p2|Gholdengo|
|poke|p2|Iron Valiant|
|poke|p2|Meowscarada, F|
|teampreview
|
|t:|1743871988
|start
|switch|p1a: Toxapex|Toxapex, M|100/100
|switch|p2a: Gholdengo|Gholdengo|100/100
|turn|1
|inactive|Battle timer is ON: inactive players will automatically lose when time's up. (requested by BishopTheSaint)
|l|☆Imnotsorrytbh
|inactive|Imnotsorrytbh disconnected and has a minute to reconnect!
|player|p1|
|inactive|Imnotsorrytbh has 30 seconds to reconnect!
|inactive|Imnotsorrytbh has 20 seconds to reconnect!
|inactive|Imnotsorrytbh has 15 seconds to reconnect!
|j|☆Imnotsorrytbh
|inactive|Imnotsorrytbh reconnected and has 105 seconds left.
|player|p1|Imnotsorrytbh|colress|
|inactive|Imnotsorrytbh has 90 seconds left.
|l|☆Imnotsorrytbh
|inactive|Imnotsorrytbh disconnected and has a minute to reconnect!
|player|p1|
|j|☆Imnotsorrytbh
|inactive|Imnotsorrytbh reconnected and has 65 seconds left.
|player|p1|Imnotsorrytbh|colress|
|
|t:|1743872099
|switch|p1a: Blissey|Blissey, F|100/100
|move|p2a: Gholdengo|Trick|p1a: Blissey
|-activate|p2a: Gholdengo|move: Trick|[of] p1a: Blissey
|-item|p1a: Blissey|Choice Scarf|[from] move: Trick
|-item|p2a: Gholdengo|Heavy-Duty Boots|[from] move: Trick
|
|upkeep
|turn|2
|
|t:|1743872115
|switch|p2a: Ting-Lu|Ting-Lu|100/100
|-ability|p2a: Ting-Lu|Vessel of Ruin
|move|p1a: Blissey|Shadow Ball|p2a: Ting-Lu
|-resisted|p2a: Ting-Lu
|-damage|p2a: Ting-Lu|97/100
|-unboost|p2a: Ting-Lu|spd|1
|
|-heal|p2a: Ting-Lu|100/100|[from] item: Leftovers
|upkeep
|turn|3
|
|t:|1743872121
|switch|p1a: Alomomola|Alomomola, F|100/100
|move|p2a: Ting-Lu|Stealth Rock|p1a: Alomomola
|-sidestart|p1: Imnotsorrytbh|move: Stealth Rock
|
|upkeep
|turn|4
|
|t:|1743872130
|move|p2a: Ting-Lu|Ruination|p1a: Alomomola
|-damage|p1a: Alomomola|50/100
|move|p1a: Alomomola|Whirlpool|p2a: Ting-Lu
|-supereffective|p2a: Ting-Lu
|-damage|p2a: Ting-Lu|92/100
|-activate|p2a: Ting-Lu|move: Whirlpool|[of] p1a: Alomomola
|
|-heal|p2a: Ting-Lu|99/100|[from] item: Leftovers
|-damage|p2a: Ting-Lu|86/100|[from] move: Whirlpool|[partiallytrapped]
|upkeep
|turn|5
|l|☆Imnotsorrytbh
|inactive|Imnotsorrytbh disconnected and has a minute to reconnect!
|player|p1|
|j|☆Imnotsorrytbh
|inactive|Imnotsorrytbh reconnected and has 115 seconds left.
|player|p1|Imnotsorrytbh|colress|
|
|t:|1743872172
|move|p1a: Alomomola|Whirlpool|p2a: Ting-Lu
|-supereffective|p2a: Ting-Lu
|-damage|p2a: Ting-Lu|78/100
|move|p2a: Ting-Lu|Whirlwind|p1a: Alomomola
|drag|p1a: Talonflame|Talonflame, F|100/100
|
|-heal|p2a: Ting-Lu|84/100|[from] item: Leftovers
|-end|p2a: Ting-Lu|Whirlpool|[partiallytrapped]|[silent]
|upkeep
|turn|6
|
|t:|1743872184
|move|p1a: Talonflame|Will-O-Wisp|p2a: Ting-Lu
|-status|p2a: Ting-Lu|brn
|move|p2a: Ting-Lu|Ruination|p1a: Talonflame
|-damage|p1a: Talonflame|50/100
|
|-heal|p2a: Ting-Lu|90/100 brn|[from] item: Leftovers
|-damage|p2a: Ting-Lu|84/100 brn|[from] brn
|upkeep
|turn|7
|
|t:|1743872192
|move|p1a: Talonflame|Roost|p1a: Talonflame
|-heal|p1a: Talonflame|100/100
|-singleturn|p1a: Talonflame|move: Roost
|move|p2a: Ting-Lu|Earthquake|p1a: Talonflame
|-supereffective|p1a: Talonflame
|-damage|p1a: Talonflame|62/100
|
|-heal|p2a: Ting-Lu|90/100 brn|[from] item: Leftovers
|-damage|p2a: Ting-Lu|84/100 brn|[from] brn
|upkeep
|turn|8
|
|t:|1743872197
|move|p1a: Talonflame|Defog|p2a: Ting-Lu
|-unboost|p2a: Ting-Lu|evasion|1
|-sideend|p1: Imnotsorrytbh|Stealth Rock|[from] move: Defog|[of] p1a: Talonflame
|move|p2a: Ting-Lu|Whirlwind|p1a: Talonflame
|drag|p1a: Toxapex|Toxapex, M|100/100
|
|-heal|p2a: Ting-Lu|90/100 brn|[from] item: Leftovers
|-damage|p2a: Ting-Lu|84/100 brn|[from] brn
|upkeep
|turn|9
|
|t:|1743872207
|move|p2a: Ting-Lu|Stealth Rock|p1a: Toxapex
|-sidestart|p1: Imnotsorrytbh|move: Stealth Rock
|move|p1a: Toxapex|Infestation|p2a: Ting-Lu
|-supereffective|p2a: Ting-Lu
|-damage|p2a: Ting-Lu|80/100 brn
|-activate|p2a: Ting-Lu|move: Infestation|[of] p1a: Toxapex
|
|-heal|p2a: Ting-Lu|86/100 brn|[from] item: Leftovers
|-damage|p2a: Ting-Lu|80/100 brn|[from] brn
|-damage|p2a: Ting-Lu|68/100 brn|[from] move: Infestation|[partiallytrapped]
|upkeep
|turn|10
|
|t:|1743872216
|move|p1a: Toxapex|Infestation|p2a: Ting-Lu
|-supereffective|p2a: Ting-Lu
|-damage|p2a: Ting-Lu|64/100 brn
|move|p2a: Ting-Lu|Whirlwind|p1a: Toxapex
|drag|p1a: Alomomola|Alomomola, F|84/100
|
|-heal|p2a: Ting-Lu|71/100 brn|[from] item: Leftovers
|-damage|p2a: Ting-Lu|64/100 brn|[from] brn
|-end|p2a: Ting-Lu|Infestation|[partiallytrapped]|[silent]
|upkeep
|turn|11
|
|t:|1743872224
|move|p1a: Alomomola|Wish|p1a: Alomomola
|move|p2a: Ting-Lu|Whirlwind|p1a: Alomomola
|drag|p1a: Talonflame|Talonflame, F|62/100
|
|-heal|p2a: Ting-Lu|71/100 brn|[from] item: Leftovers
|-damage|p2a: Ting-Lu|64/100 brn|[from] brn
|upkeep
|turn|12
|
|t:|1743872231
|move|p1a: Talonflame|Flamethrower|p2a: Ting-Lu
|-damage|p2a: Ting-Lu|49/100 brn
|move|p2a: Ting-Lu|Whirlwind|p1a: Talonflame
|drag|p1a: Alomomola|Alomomola, F|100/100
|
|-heal|p2a: Ting-Lu|55/100 brn|[from] item: Leftovers
|-damage|p2a: Ting-Lu|49/100 brn|[from] brn
|upkeep
|turn|13
|
|t:|1743872239
|move|p2a: Ting-Lu|Ruination|p1a: Alomomola
|-damage|p1a: Alomomola|50/100
|move|p1a: Alomomola|Chilling Water|p2a: Ting-Lu
|-supereffective|p2a: Ting-Lu
|-damage|p2a: Ting-Lu|37/100 brn
|-unboost|p2a: Ting-Lu|atk|1
|
|-heal|p2a: Ting-Lu|44/100 brn|[from] item: Leftovers
|-damage|p2a: Ting-Lu|37/100 brn|[from] brn
|upkeep
|turn|14
|
|t:|1743872249
|switch|p2a: Meowscarada|Meowscarada, F, shiny|100/100
|move|p1a: Alomomola|Chilling Water|p2a: Meowscarada
|-resisted|p2a: Meowscarada
|-damage|p2a: Meowscarada|94/100
|-unboost|p2a: Meowscarada|atk|1
|
|upkeep
|turn|15
|
|t:|1743872261
|switch|p1a: Toxapex|Toxapex, M|100/100
|move|p2a: Meowscarada|U-turn|p1a: Toxapex
|-start|p2a: Meowscarada|typechange|Bug|[from] ability: Protean
|-resisted|p1a: Toxapex
|-damage|p1a: Toxapex|94/100
|
|t:|1743872267
|switch|p2a: Garchomp|Garchomp, M|100/100|[from] U-turn
|
|upkeep
|turn|16
|
|t:|1743872269
|move|p2a: Garchomp|Swords Dance|p2a: Garchomp
|-boost|p2a: Garchomp|atk|2
|move|p1a: Toxapex|Toxic|p2a: Garchomp
|-status|p2a: Garchomp|tox
|
|-damage|p2a: Garchomp|94/100 tox|[from] psn
|upkeep
|turn|17
|
|t:|1743872272
|switch|p1a: Dondozo|Dondozo, M|100/100
|move|p2a: Garchomp|Earthquake|p1a: Dondozo
|-damage|p1a: Dondozo|78/100
|
|-damage|p2a: Garchomp|82/100 tox|[from] psn
|upkeep
|turn|18
|
|t:|1743872280
|switch|p2a: Iron Valiant|Iron Valiant|100/100
|-enditem|p2a: Iron Valiant|Booster Energy
|-activate|p2a: Iron Valiant|ability: Quark Drive|[fromitem]
|-start|p2a: Iron Valiant|quarkdrivespe
|move|p1a: Dondozo|Rest|p1a: Dondozo
|-status|p1a: Dondozo|slp|[from] move: Rest
|-heal|p1a: Dondozo|100/100 slp|[silent]
|
|upkeep
|turn|19
|
|t:|1743872287
|switch|p1a: Clodsire|Clodsire, M|100/100
|move|p2a: Iron Valiant|Moonblast|p1a: Clodsire
|-resisted|p1a: Clodsire
|-damage|p1a: Clodsire|91/100
|
|upkeep
|turn|20
|
|t:|1743872293
|move|p2a: Iron Valiant|Taunt|p1a: Clodsire
|-start|p1a: Clodsire|move: Taunt
|move|p1a: Clodsire|Earthquake|p2a: Iron Valiant
|-damage|p2a: Iron Valiant|70/100
|
|upkeep
|turn|21
|
|t:|1743872299
|-end|p2a: Iron Valiant|Quark Drive|[silent]
|switch|p2a: Meowscarada|Meowscarada, F, shiny|94/100
|move|p1a: Clodsire|Earthquake|p2a: Meowscarada
|-resisted|p2a: Meowscarada
|-damage|p2a: Meowscarada|72/100
|
|upkeep
|turn|22
|
|t:|1743872306
|switch|p1a: Toxapex|Toxapex, M|100/100
|move|p2a: Meowscarada|Knock Off|p1a: Toxapex
|-start|p2a: Meowscarada|typechange|Dark|[from] ability: Protean
|-damage|p1a: Toxapex|73/100
|-enditem|p1a: Toxapex|Heavy-Duty Boots|[from] move: Knock Off|[of] p2a: Meowscarada
|
|upkeep
|turn|23
|
|t:|1743872313
|switch|p2a: Gholdengo|Gholdengo|100/100
|move|p1a: Toxapex|Infestation|p2a: Gholdengo
|-resisted|p2a: Gholdengo
|-damage|p2a: Gholdengo|99/100
|-activate|p2a: Gholdengo|move: Infestation|[of] p1a: Toxapex
|
|-damage|p2a: Gholdengo|87/100|[from] move: Infestation|[partiallytrapped]
|upkeep
|turn|24
|
|t:|1743872323
|switch|p1a: Blissey|Blissey, F|100/100
|-damage|p1a: Blissey|88/100|[from] Stealth Rock
|move|p2a: Gholdengo|Shadow Ball|p1a: Blissey
|-immune|p1a: Blissey
|
|-end|p2a: Gholdengo|Infestation|[partiallytrapped]|[silent]
|upkeep
|turn|25
|
|t:|1743872340
|switch|p2a: Corviknight|Corviknight, M|100/100
|-ability|p2a: Corviknight|Pressure
|move|p1a: Blissey|Stealth Rock|p2a: Corviknight
|-sidestart|p2: BishopTheSaint|move: Stealth Rock
|
|upkeep
|turn|26
|
|t:|1743872347
|switch|p1a: Talonflame|Talonflame, F|62/100
|move|p2a: Corviknight|U-turn|p1a: Talonflame
|-resisted|p1a: Talonflame
|-damage|p1a: Talonflame|59/100
|
|t:|1743872352
|switch|p2a: Garchomp|Garchomp, M|82/100 tox|[from] U-turn
|-damage|p2a: Garchomp|76/100 tox|[from] Stealth Rock
|
|-damage|p2a: Garchomp|70/100 tox|[from] psn
|upkeep
|turn|27
|
|t:|1743872356
|switch|p1a: Alomomola|Alomomola, F|84/100
|move|p2a: Garchomp|Scale Shot|p1a: Alomomola
|-damage|p1a: Alomomola|76/100
|-crit|p1a: Alomomola
|-damage|p1a: Alomomola|65/100
|-damage|p1a: Alomomola|58/100
|-damage|p1a: Alomomola|50/100
|-damage|p1a: Alomomola|44/100
|-hitcount|p1a: Alomomola|5
|-unboost|p2a: Garchomp|def|1
|-boost|p2a: Garchomp|spe|1
|
|-damage|p2a: Garchomp|57/100 tox|[from] psn
|upkeep
|turn|28
|
|t:|1743872362
|move|p1a: Alomomola|Protect|p1a: Alomomola
|-singleturn|p1a: Alomomola|Protect
|move|p2a: Garchomp|Scale Shot|p1a: Alomomola
|-activate|p1a: Alomomola|move: Protect
|
|-damage|p2a: Garchomp|39/100 tox|[from] psn
|upkeep
|turn|29
|
|t:|1743872369
|switch|p1a: Dondozo|Dondozo, M|100/100 slp
|move|p2a: Garchomp|Scale Shot|p1a: Dondozo
|-damage|p1a: Dondozo|95/100 slp
|-damage|p1a: Dondozo|89/100 slp
|-damage|p1a: Dondozo|83/100 slp
|-damage|p1a: Dondozo|77/100 slp
|-damage|p1a: Dondozo|71/100 slp
|-hitcount|p1a: Dondozo|5
|-unboost|p2a: Garchomp|def|1
|-boost|p2a: Garchomp|spe|1
|
|-damage|p2a: Garchomp|14/100 tox|[from] psn
|upkeep
|turn|30
|
|t:|1743872378
|switch|p2a: Meowscarada|Meowscarada, F, shiny|72/100
|switch|p1a: Alomomola|Alomomola, F|77/100
|
|upkeep
|turn|31
|
|t:|1743872385
|switch|p1a: Toxapex|Toxapex, M|100/100
|-damage|p1a: Toxapex|88/100|[from] Stealth Rock
|move|p2a: Meowscarada|Flower Trick|p1a: Toxapex
|-start|p2a: Meowscarada|typechange|Grass|[from] ability: Protean
|-crit|p1a: Toxapex
|-damage|p1a: Toxapex|55/100
|
|upkeep
|turn|32
|
|t:|1743872394
|move|p2a: Meowscarada|U-turn|p1a: Toxapex
|-resisted|p1a: Toxapex
|-damage|p1a: Toxapex|48/100
|
|t:|1743872396
|switch|p2a: Gholdengo|Gholdengo|87/100|[from] U-turn
|move|p1a: Toxapex|Toxic|p2a: Gholdengo
|-immune|p2a: Gholdengo|[from] ability: Good as Gold
|
|upkeep
|turn|33
|
|t:|1743872407
|switch|p2a: Meowscarada|Meowscarada, F, shiny|72/100
|switch|p1a: Blissey|Blissey, F|88/100
|-damage|p1a: Blissey|76/100|[from] Stealth Rock
|
|upkeep
|turn|34
|
|t:|1743872414
|switch|p1a: Talonflame|Talonflame, F|59/100
|move|p2a: Meowscarada|Flower Trick|p1a: Talonflame
|-start|p2a: Meowscarada|typechange|Grass|[from] ability: Protean
|-resisted|p1a: Talonflame
|-crit|p1a: Talonflame
|-damage|p1a: Talonflame|47/100
|
|upkeep
|turn|35
|
|t:|1743872422
|move|p2a: Meowscarada|Knock Off|p1a: Talonflame
|-damage|p1a: Talonflame|19/100
|-status|p2a: Meowscarada|brn|[from] ability: Flame Body|[of] p1a: Talonflame
|-enditem|p1a: Talonflame|Heavy-Duty Boots|[from] move: Knock Off|[of] p2a: Meowscarada
|move|p1a: Talonflame|Roost|p1a: Talonflame
|-heal|p1a: Talonflame|69/100
|-singleturn|p1a: Talonflame|move: Roost
|
|-damage|p2a: Meowscarada|66/100 brn|[from] brn
|upkeep
|turn|36
|
|t:|1743872434
|move|p2a: Meowscarada|U-turn|p1a: Talonflame
|-resisted|p1a: Talonflame
|-damage|p1a: Talonflame|66/100
|
|t:|1743872440
|switch|p2a: Ting-Lu|Ting-Lu|37/100 brn|[from] U-turn
|-damage|p2a: Ting-Lu|31/100 brn|[from] Stealth Rock
|-ability|p2a: Ting-Lu|Vessel of Ruin
|move|p1a: Talonflame|Defog|p2a: Ting-Lu
|-unboost|p2a: Ting-Lu|evasion|1
|-sideend|p2: BishopTheSaint|Stealth Rock|[from] move: Defog|[of] p1a: Talonflame
|-sideend|p1: Imnotsorrytbh|Stealth Rock|[from] move: Defog|[of] p1a: Talonflame
|
|-heal|p2a: Ting-Lu|37/100 brn|[from] item: Leftovers
|-damage|p2a: Ting-Lu|31/100 brn|[from] brn
|upkeep
|turn|37
|
|t:|1743872449
|move|p1a: Talonflame|Roost|p1a: Talonflame
|-heal|p1a: Talonflame|100/100
|-singleturn|p1a: Talonflame|move: Roost
|move|p2a: Ting-Lu|Stealth Rock|p1a: Talonflame
|-sidestart|p1: Imnotsorrytbh|move: Stealth Rock
|
|-heal|p2a: Ting-Lu|37/100 brn|[from] item: Leftovers
|-damage|p2a: Ting-Lu|31/100 brn|[from] brn
|upkeep
|turn|38
|
|t:|1743872454
|switch|p2a: Gholdengo|Gholdengo|87/100
|move|p1a: Talonflame|Defog|p2a: Gholdengo
|-immune|p2a: Gholdengo|[from] ability: Good as Gold
|
|upkeep
|turn|39
|
|t:|1743872460
|-terastallize|p2a: Gholdengo|Flying
|move|p1a: Talonflame|Flamethrower|p2a: Gholdengo
|-damage|p2a: Gholdengo|61/100
|move|p2a: Gholdengo|Shadow Ball|p1a: Talonflame
|-damage|p1a: Talonflame|44/100
|
|upkeep
|turn|40
|
|t:|1743872469
|move|p1a: Talonflame|Roost|p1a: Talonflame
|-heal|p1a: Talonflame|94/100
|-singleturn|p1a: Talonflame|move: Roost
|move|p2a: Gholdengo|Shadow Ball|p1a: Talonflame
|-crit|p1a: Talonflame
|-damage|p1a: Talonflame|5/100
|
|upkeep
|turn|41
|
|t:|1743872482
|switch|p1a: Blissey|Blissey, F|76/100
|-damage|p1a: Blissey|63/100|[from] Stealth Rock
|move|p2a: Gholdengo|Shadow Ball|p1a: Blissey
|-immune|p1a: Blissey
|
|upkeep
|turn|42
|
|t:|1743872491
|move|p2a: Gholdengo|Recover|p2a: Gholdengo
|-heal|p2a: Gholdengo|100/100
|move|p1a: Blissey|Soft-Boiled|p1a: Blissey
|-heal|p1a: Blissey|100/100
|
|upkeep
|turn|43
|
|t:|1743872496
|switch|p1a: Clodsire|Clodsire, M|91/100
|move|p2a: Gholdengo|Shadow Ball|p1a: Clodsire
|-damage|p1a: Clodsire|66/100
|
|upkeep
|turn|44
|
|t:|1743872505
|move|p2a: Gholdengo|Make It Rain|p1a: Clodsire
|-damage|p1a: Clodsire|35/100
|-unboost|p2a: Gholdengo|spa|1
|move|p1a: Clodsire|Recover|p1a: Clodsire
|-heal|p1a: Clodsire|85/100
|
|upkeep
|turn|45
|
|t:|1743872518
|switch|p1a: Toxapex|Toxapex, M|81/100
|-damage|p1a: Toxapex|69/100|[from] Stealth Rock
|move|p2a: Gholdengo|Shadow Ball|p1a: Toxapex
|-damage|p1a: Toxapex|46/100
|-unboost|p1a: Toxapex|spd|1
|
|upkeep
|turn|46
|
|t:|1743872528
|switch|p1a: Blissey|Blissey, F|100/100
|-damage|p1a: Blissey|88/100|[from] Stealth Rock
|move|p2a: Gholdengo|Shadow Ball|p1a: Blissey
|-immune|p1a: Blissey
|
|upkeep
|turn|47
|
|t:|1743872540
|move|p2a: Gholdengo|Shadow Ball|p1a: Blissey
|-immune|p1a: Blissey
|move|p1a: Blissey|Stealth Rock|p2a: Gholdengo
|-sidestart|p2: BishopTheSaint|move: Stealth Rock
|
|upkeep
|turn|48
|
|t:|1743872546
|move|p2a: Gholdengo|Shadow Ball|p1a: Blissey
|-immune|p1a: Blissey
|move|p1a: Blissey|Stealth Rock||[still]
|-fail|p1a: Blissey
|
|upkeep
|turn|49
|
|t:|1743872552
|move|p2a: Gholdengo|Make It Rain|p1a: Blissey
|-damage|p1a: Blissey|77/100
|-unboost|p2a: Gholdengo|spa|1
|move|p1a: Blissey|Stealth Rock||[still]
|-fail|p1a: Blissey
|
|upkeep
|turn|50
|
|t:|1743872562
|switch|p2a: Meowscarada|Meowscarada, F, shiny|66/100 brn
|move|p1a: Blissey|Stealth Rock||[still]
|-fail|p1a: Blissey
|
|-damage|p2a: Meowscarada|60/100 brn|[from] brn
|upkeep
|turn|51
|
|t:|1743872573
|switch|p1a: Talonflame|Talonflame, F|5/100
|-damage|p1a: Talonflame|0 fnt|[from] Stealth Rock
|faint|p1a: Talonflame
|move|p2a: Meowscarada|U-turn|p1: Talonflame|[notarget]
|-fail|p2a: Meowscarada
|
|-damage|p2a: Meowscarada|53/100 brn|[from] brn
|upkeep
|
|t:|1743872583
|switch|p1a: Toxapex|Toxapex, M|79/100
|-damage|p1a: Toxapex|67/100|[from] Stealth Rock
|turn|52
|
|t:|1743872587
|move|p2a: Meowscarada|U-turn|p1a: Toxapex
|-start|p2a: Meowscarada|typechange|Bug|[from] ability: Protean
|-resisted|p1a: Toxapex
|-damage|p1a: Toxapex|62/100
|
|t:|1743872593
|switch|p2a: Gholdengo|Gholdengo, tera:Flying|100/100|[from] U-turn
|move|p1a: Toxapex|Infestation|p2a: Gholdengo
|-resisted|p2a: Gholdengo
|-damage|p2a: Gholdengo|99/100
|-activate|p2a: Gholdengo|move: Infestation|[of] p1a: Toxapex
|
|-damage|p2a: Gholdengo|87/100|[from] move: Infestation|[partiallytrapped]
|upkeep
|turn|53
|
|t:|1743872603
|switch|p1a: Blissey|Blissey, F|77/100
|-damage|p1a: Blissey|64/100|[from] Stealth Rock
|move|p2a: Gholdengo|Shadow Ball|p1a: Blissey
|-immune|p1a: Blissey
|
|-end|p2a: Gholdengo|Infestation|[partiallytrapped]|[silent]
|upkeep
|turn|54
|
|t:|1743872615
|switch|p2a: Corviknight|Corviknight, M|100/100
|-damage|p2a: Corviknight|88/100|[from] Stealth Rock
|-ability|p2a: Corviknight|Pressure
|move|p1a: Blissey|Seismic Toss|p2a: Corviknight
|-damage|p2a: Corviknight|63/100
|-damage|p1a: Blissey|48/100|[from] item: Rocky Helmet|[of] p2a: Corviknight
|
|upkeep
|turn|55
|
|t:|1743872621
|switch|p1a: Alomomola|Alomomola, F|100/100
|move|p2a: Corviknight|U-turn|p1a: Alomomola
|-damage|p1a: Alomomola|93/100
|
|t:|1743872627
|switch|p2a: Meowscarada|Meowscarada, F, shiny|53/100 brn|[from] U-turn
|
|-damage|p2a: Meowscarada|47/100 brn|[from] brn
|upkeep
|turn|56
|
|t:|1743872630
|move|p1a: Alomomola|Protect|p1a: Alomomola
|-singleturn|p1a: Alomomola|Protect
|move|p2a: Meowscarada|U-turn|p1a: Alomomola
|-start|p2a: Meowscarada|typechange|Bug|[from] ability: Protean
|-activate|p1a: Alomomola|move: Protect
|
|-damage|p2a: Meowscarada|41/100 brn|[from] brn
|upkeep
|turn|57
|
|t:|1743872638
|move|p2a: Meowscarada|Knock Off|p1a: Alomomola
|-damage|p1a: Alomomola|85/100
|-enditem|p1a: Alomomola|Heavy-Duty Boots|[from] move: Knock Off|[of] p2a: Meowscarada
|move|p1a: Alomomola|Wish|p1a: Alomomola
|
|-damage|p2a: Meowscarada|35/100 brn|[from] brn
|upkeep
|turn|58
|
|t:|1743872654
|move|p2a: Meowscarada|U-turn|p1a: Alomomola
|-damage|p1a: Alomomola|76/100
|
|t:|1743872658
|switch|p2a: Corviknight|Corviknight, M|63/100|[from] U-turn
|-damage|p2a: Corviknight|51/100|[from] Stealth Rock
|-ability|p2a: Corviknight|Pressure
|move|p1a: Alomomola|Whirlpool|p2a: Corviknight|[miss]
|-miss|p1a: Alomomola|p2a: Corviknight
|
|-heal|p1a: Alomomola|100/100|[from] move: Wish|[wisher] Alomomola
|upkeep
|turn|59
|
|t:|1743872668
|move|p2a: Corviknight|Roost|p2a: Corviknight
|-heal|p2a: Corviknight|100/100
|-singleturn|p2a: Corviknight|move: Roost
|move|p1a: Alomomola|Wish|p1a: Alomomola
|
|upkeep
|turn|60
|
|t:|1743872678
|move|p2a: Corviknight|U-turn|p1a: Alomomola
|-damage|p1a: Alomomola|93/100
|
|t:|1743872681
|switch|p2a: Gholdengo|Gholdengo, tera:Flying|87/100|[from] U-turn
|move|p1a: Alomomola|Whirlpool|p2a: Gholdengo
|-damage|p2a: Gholdengo|80/100
|-activate|p2a: Gholdengo|move: Whirlpool|[of] p1a: Alomomola
|
|-heal|p1a: Alomomola|100/100|[from] move: Wish|[wisher] Alomomola
|-damage|p2a: Gholdengo|67/100|[from] move: Whirlpool|[partiallytrapped]
|upkeep
|turn|61
|
|t:|1743872690
|move|p2a: Gholdengo|Recover|p2a: Gholdengo
|-heal|p2a: Gholdengo|100/100
|move|p1a: Alomomola|Wish|p1a: Alomomola
|
|-damage|p2a: Gholdengo|88/100|[from] move: Whirlpool|[partiallytrapped]
|upkeep
|turn|62
|
|t:|1743872696
|switch|p1a: Blissey|Blissey, F|48/100
|-damage|p1a: Blissey|35/100|[from] Stealth Rock
|move|p2a: Gholdengo|Shadow Ball|p1a: Blissey
|-immune|p1a: Blissey
|
|-heal|p1a: Blissey|72/100|[from] move: Wish|[wisher] Alomomola
|-end|p2a: Gholdengo|Whirlpool|[partiallytrapped]|[silent]
|upkeep
|turn|63
|
|t:|1743872709
|switch|p2a: Corviknight|Corviknight, M|100/100
|-damage|p2a: Corviknight|88/100|[from] Stealth Rock
|-ability|p2a: Corviknight|Pressure
|move|p1a: Blissey|Soft-Boiled|p1a: Blissey
|-heal|p1a: Blissey|100/100
|
|upkeep
|turn|64
|
|t:|1743872720
|switch|p1a: Toxapex|Toxapex, M|95/100
|-damage|p1a: Toxapex|82/100|[from] Stealth Rock
|move|p2a: Corviknight|U-turn|p1a: Toxapex
|-resisted|p1a: Toxapex
|-damage|p1a: Toxapex|78/100
|
|t:|1743872724
|switch|p2a: Gholdengo|Gholdengo, tera:Flying|88/100|[from] U-turn
|
|upkeep
|turn|65
|
|t:|1743872729
|switch|p2a: Corviknight|Corviknight, M|88/100
|-damage|p2a: Corviknight|76/100|[from] Stealth Rock
|-ability|p2a: Corviknight|Pressure
|move|p1a: Toxapex|Infestation|p2a: Corviknight
|-resisted|p2a: Corviknight
|-damage|p2a: Corviknight|75/100
|-activate|p2a: Corviknight|move: Infestation|[of] p1a: Toxapex
|-damage|p1a: Toxapex|62/100|[from] item: Rocky Helmet|[of] p2a: Corviknight
|
|-damage|p2a: Corviknight|63/100|[from] move: Infestation|[partiallytrapped]
|upkeep
|turn|66
|
|t:|1743872740
|move|p2a: Corviknight|U-turn|p1a: Toxapex
|-resisted|p1a: Toxapex
|-damage|p1a: Toxapex|57/100
|
|t:|1743872748
|switch|p2a: Gholdengo|Gholdengo, tera:Flying|88/100|[from] U-turn
|move|p1a: Toxapex|Infestation|p2a: Gholdengo
|-resisted|p2a: Gholdengo
|-damage|p2a: Gholdengo|87/100
|-activate|p2a: Gholdengo|move: Infestation|[of] p1a: Toxapex
|
|-damage|p2a: Gholdengo|74/100|[from] move: Infestation|[partiallytrapped]
|upkeep
|turn|67
|
|t:|1743872756
|switch|p1a: Blissey|Blissey, F|100/100
|-damage|p1a: Blissey|88/100|[from] Stealth Rock
|move|p2a: Gholdengo|Shadow Ball|p1a: Blissey
|-immune|p1a: Blissey
|
|-end|p2a: Gholdengo|Infestation|[partiallytrapped]|[silent]
|upkeep
|turn|68
|
|t:|1743872765
|switch|p2a: Corviknight|Corviknight, M|63/100
|-damage|p2a: Corviknight|51/100|[from] Stealth Rock
|-ability|p2a: Corviknight|Pressure
|move|p1a: Blissey|Seismic Toss|p2a: Corviknight
|-damage|p2a: Corviknight|26/100
|-damage|p1a: Blissey|71/100|[from] item: Rocky Helmet|[of] p2a: Corviknight
|
|upkeep
|turn|69
|
|t:|1743872776
|switch|p1a: Toxapex|Toxapex, M|90/100
|-damage|p1a: Toxapex|78/100|[from] Stealth Rock
|move|p2a: Corviknight|Roost|p2a: Corviknight
|-heal|p2a: Corviknight|76/100
|-singleturn|p2a: Corviknight|move: Roost
|
|upkeep
|turn|70
|
|t:|1743872792
|move|p2a: Corviknight|Body Press|p1a: Toxapex
|-resisted|p1a: Toxapex
|-damage|p1a: Toxapex|71/100
|move|p1a: Toxapex|Infestation|p2a: Corviknight
|-resisted|p2a: Corviknight
|-damage|p2a: Corviknight|75/100
|-activate|p2a: Corviknight|move: Infestation|[of] p1a: Toxapex
|-damage|p1a: Toxapex|54/100|[from] item: Rocky Helmet|[of] p2a: Corviknight
|
|-damage|p2a: Corviknight|63/100|[from] move: Infestation|[partiallytrapped]
|upkeep
|turn|71
|
|t:|1743872809
|move|p2a: Corviknight|U-turn|p1a: Toxapex
|-resisted|p1a: Toxapex
|-damage|p1a: Toxapex|50/100
|
|t:|1743872813
|switch|p2a: Meowscarada|Meowscarada, F, shiny|35/100 brn|[from] U-turn
|move|p1a: Toxapex|Infestation|p2a: Meowscarada
|-supereffective|p2a: Meowscarada
|-damage|p2a: Meowscarada|16/100 brn
|-activate|p2a: Meowscarada|move: Infestation|[of] p1a: Toxapex
|
|-damage|p2a: Meowscarada|10/100 brn|[from] brn
|-damage|p2a: Meowscarada|0 fnt|[from] move: Infestation|[partiallytrapped]
|faint|p2a: Meowscarada
|upkeep
|
|t:|1743872815
|switch|p2a: Garchomp|Garchomp, M|14/100 tox
|-damage|p2a: Garchomp|8/100 tox|[from] Stealth Rock
|turn|72
|
|t:|1743872825
|switch|p1a: Dondozo|Dondozo, M|71/100 slp
|move|p2a: Garchomp|Earthquake|p1a: Dondozo
|-damage|p1a: Dondozo|49/100 slp
|
|-damage|p2a: Garchomp|2/100 tox|[from] psn
|upkeep
|turn|73
|
|t:|1743872832
|switch|p1a: Alomomola|Alomomola, F|100/100
|-damage|p1a: Alomomola|88/100|[from] Stealth Rock
|move|p2a: Garchomp|Earthquake|p1a: Alomomola
|-damage|p1a: Alomomola|58/100
|
|-damage|p2a: Garchomp|0 fnt|[from] psn
|faint|p2a: Garchomp
|upkeep
|
|t:|1743872839
|switch|p2a: Gholdengo|Gholdengo, tera:Flying|74/100
|turn|74
|
|t:|1743872843
|switch|p1a: Blissey|Blissey, F|71/100
|-damage|p1a: Blissey|59/100|[from] Stealth Rock
|move|p2a: Gholdengo|Shadow Ball|p1a: Blissey
|-immune|p1a: Blissey
|
|upkeep
|turn|75
|
|t:|1743872850
|switch|p2a: Corviknight|Corviknight, M|63/100
|-damage|p2a: Corviknight|51/100|[from] Stealth Rock
|-ability|p2a: Corviknight|Pressure
|move|p1a: Blissey|Soft-Boiled|p1a: Blissey
|-heal|p1a: Blissey|100/100
|
|upkeep
|turn|76
|
|t:|1743872859
|switch|p1a: Alomomola|Alomomola, F|92/100
|-damage|p1a: Alomomola|79/100|[from] Stealth Rock
|move|p2a: Corviknight|Roost|p2a: Corviknight
|-heal|p2a: Corviknight|100/100
|-singleturn|p2a: Corviknight|move: Roost
|
|upkeep
|turn|77
|
|t:|1743872864
|move|p2a: Corviknight|U-turn|p1a: Alomomola
|-damage|p1a: Alomomola|72/100
|
|t:|1743872869
|switch|p2a: Iron Valiant|Iron Valiant|70/100|[from] U-turn
|-damage|p2a: Iron Valiant|64/100|[from] Stealth Rock
|move|p1a: Alomomola|Wish|p1a: Alomomola
|
|upkeep
|turn|78
|
|t:|1743872878
|switch|p1a: Clodsire|Clodsire, M|85/100
|move|p2a: Iron Valiant|Encore||[still]
|-fail|p2a: Iron Valiant
|
|-heal|p1a: Clodsire|100/100|[from] move: Wish|[wisher] Alomomola
|upkeep
|turn|79
|
|t:|1743872887
|-end|p2a: Iron Valiant|Quark Drive|[silent]
|switch|p2a: Corviknight|Corviknight, M|100/100
|-damage|p2a: Corviknight|88/100|[from] Stealth Rock
|-ability|p2a: Corviknight|Pressure
|move|p1a: Clodsire|Earthquake|p2a: Corviknight
|-immune|p2a: Corviknight
|
|upkeep
|turn|80
|
|t:|1743872895
|switch|p1a: Alomomola|Alomomola, F|100/100
|-damage|p1a: Alomomola|88/100|[from] Stealth Rock
|move|p2a: Corviknight|U-turn|p1a: Alomomola
|-damage|p1a: Alomomola|80/100
|
|t:|1743872898
|switch|p2a: Gholdengo|Gholdengo, tera:Flying|74/100|[from] U-turn
|
|upkeep
|turn|81
|
|t:|1743872901
|switch|p2a: Corviknight|Corviknight, M|88/100
|-damage|p2a: Corviknight|76/100|[from] Stealth Rock
|-ability|p2a: Corviknight|Pressure
|move|p1a: Alomomola|Protect||[still]
|-fail|p1a: Alomomola
|
|upkeep
|turn|82
|
|t:|1743872909
|move|p2a: Corviknight|Body Press|p1a: Alomomola
|-crit|p1a: Alomomola
|-damage|p1a: Alomomola|59/100
|move|p1a: Alomomola|Wish|p1a: Alomomola
|
|upkeep
|turn|83
|
|t:|1743872915
|switch|p1a: Dondozo|Dondozo, M|49/100 slp
|move|p2a: Corviknight|U-turn|p1a: Dondozo
|-damage|p1a: Dondozo|43/100 slp
|
|t:|1743872919
|switch|p2a: Iron Valiant|Iron Valiant|64/100|[from] U-turn
|-damage|p2a: Iron Valiant|58/100|[from] Stealth Rock
|
|-heal|p1a: Dondozo|96/100 slp|[from] move: Wish|[wisher] Alomomola
|upkeep
|turn|84
|
|t:|1743872926
|switch|p1a: Clodsire|Clodsire, M|100/100
|move|p2a: Iron Valiant|Taunt|p1a: Clodsire
|-start|p1a: Clodsire|move: Taunt
|
|upkeep
|turn|85
|
|t:|1743872929
|-end|p2a: Iron Valiant|Quark Drive|[silent]
|switch|p2a: Gholdengo|Gholdengo, tera:Flying|74/100
|move|p1a: Clodsire|Earthquake|p2a: Gholdengo
|-immune|p2a: Gholdengo
|
|upkeep
|turn|86
|
|t:|1743872936
|switch|p2a: Corviknight|Corviknight, M|76/100
|-damage|p2a: Corviknight|64/100|[from] Stealth Rock
|-ability|p2a: Corviknight|Pressure
|switch|p1a: Blissey|Blissey, F|100/100
|-damage|p1a: Blissey|88/100|[from] Stealth Rock
|
|upkeep
|turn|87
|
|t:|1743872943
|switch|p1a: Alomomola|Alomomola, F|93/100
|-damage|p1a: Alomomola|80/100|[from] Stealth Rock
|switch|p2a: Gholdengo|Gholdengo, tera:Flying|74/100
|
|upkeep
|turn|88
|
|t:|1743872951
|switch|p2a: Corviknight|Corviknight, M|64/100
|-damage|p2a: Corviknight|51/100|[from] Stealth Rock
|-ability|p2a: Corviknight|Pressure
|move|p1a: Alomomola|Whirlpool|p2a: Corviknight
|-damage|p2a: Corviknight|45/100
|-activate|p2a: Corviknight|move: Whirlpool|[of] p1a: Alomomola
|
|-damage|p2a: Corviknight|33/100|[from] move: Whirlpool|[partiallytrapped]
|upkeep
|turn|89
|
|t:|1743872960
|move|p2a: Corviknight|Roost|p2a: Corviknight
|-heal|p2a: Corviknight|83/100
|-singleturn|p2a: Corviknight|move: Roost
|move|p1a: Alomomola|Chilling Water|p2a: Corviknight
|-damage|p2a: Corviknight|74/100
|-unboost|p2a: Corviknight|atk|1
|
|-damage|p2a: Corviknight|62/100|[from] move: Whirlpool|[partiallytrapped]
|upkeep
|turn|90
|
|t:|1743872969
|move|p2a: Corviknight|U-turn|p1a: Alomomola
|-damage|p1a: Alomomola|75/100
|
|t:|1743872972
|switch|p2a: Gholdengo|Gholdengo, tera:Flying|74/100|[from] U-turn
|move|p1a: Alomomola|Whirlpool|p2a: Gholdengo|[miss]
|-miss|p1a: Alomomola|p2a: Gholdengo
|
|upkeep
|turn|91
|
|t:|1743872979
|move|p1a: Alomomola|Protect|p1a: Alomomola
|-singleturn|p1a: Alomomola|Protect
|move|p2a: Gholdengo|Shadow Ball|p1a: Alomomola
|-activate|p1a: Alomomola|move: Protect
|
|upkeep
|turn|92
|-message|BishopTheSaint forfeited.
|
|win|Imnotsorrytbh
|raw|Imnotsorrytbh's rating: 1417 &rarr; <strong>1440</strong><br />(+23 for winning)
|raw|BishopTheSaint's rating: 1461 &rarr; <strong>1438</strong><br />(-23 for losing)
|l|‽BishopTheSaint
|player|p2|
|l|☆Imnotsorrytbh
|player|p1|
