|j|☆jxrx
|j|☆Zodiac Senpai
|t:|1743859019
|gametype|singles
|player|p1|jxrx|norman|1208
|player|p2|Zodiac Senpai|265|1252
|teamsize|p1|6
|teamsize|p2|6
|gen|9
|tier|[Gen 9] OU
|rated|
|rule|HP Percentage Mod: HP is shown in percentages
|rule|Endless Battle Clause: Forcing endless battles is banned
|rule|Species Clause: Limit one of each Pokémon
|rule|OHKO Clause: OHKO moves are banned
|rule|Evasion Items Clause: Evasion items are banned
|rule|Evasion Moves Clause: Evasion moves are banned
|rule|Sleep Moves Clause: Sleep-inducing moves are banned
|clearpoke
|poke|p1|Great Tusk|
|poke|p1|Muk-Alola, F|
|poke|p1|Dragapult, M|
|poke|p1|Empoleon, M|
|poke|p1|Vileplume, M|
|poke|p1|Iron Moth|
|poke|p2|Dragapult, F|
|poke|p2|Corviknight, F|
|poke|p2|Cinderace, M|
|poke|p2|Samurott-Hisui, M|
|poke|p2|Great Tusk|
|poke|p2|Primarina, M|
|teampreview
|inactive|Battle timer is ON: inactive players will automatically lose when time's up. (requested by Zodiac Senpai)
|inactive|jxrx has 120 seconds left.
|
|t:|1743859063
|start
|switch|p1a: Vileplume|Vileplume, M|100/100
|switch|p2a: Cinderace|Cinderace, M|100/100
|turn|1
|
|t:|1743859074
|move|p2a: Cinderace|U-turn|p1a: Vileplume
|-start|p2a: Cinderace|typechange|Bug|[from] ability: Libero
|-damage|p1a: Vileplume|63/100
|-damage|p2a: Cinderace|84/100|[from] item: Rocky Helmet|[of] p1a: Vileplume
|
|t:|1743859079
|switch|p2a: Corviknight|Corviknight, F, shiny|100/100|[from] U-turn
|move|p1a: Vileplume|Strength Sap|p2a: Corviknight
|-ability|p2a: Corviknight|Mirror Armor
|-unboost|p1a: Vileplume|atk|1
|-heal|p1a: Vileplume|100/100
|
|upkeep
|turn|2
|inactive|jxrx has 120 seconds left.
|
|t:|1743859123
|move|p2a: Corviknight|U-turn|p1a: Vileplume
|-damage|p1a: Vileplume|89/100
|-damage|p2a: Corviknight|84/100|[from] item: Rocky Helmet|[of] p1a: Vileplume
|-status|p2a: Corviknight|slp|[from] ability: Effect Spore|[of] p1a: Vileplume
|
|t:|1743859128
|switch|p2a: Cinderace|Cinderace, M|84/100|[from] U-turn
|move|p1a: Vileplume|Leech Seed|p2a: Cinderace
|-start|p2a: Cinderace|move: Leech Seed
|
|-damage|p2a: Cinderace|72/100|[from] Leech Seed|[of] p1a: Vileplume
|-heal|p1a: Vileplume|99/100|[silent]
|upkeep
|turn|3
|inactive|jxrx has 120 seconds left.
|inactive|jxrx has 90 seconds left.
|inactive|jxrx has 60 seconds left.
|
|t:|1743859216
|switch|p1a: Great Tusk|Great Tusk|100/100
|move|p2a: Cinderace|Pyro Ball|p1a: Great Tusk
|-damage|p1a: Great Tusk|41/100
|
|-damage|p2a: Cinderace|59/100|[from] Leech Seed|[of] p1a: Great Tusk
|-heal|p1a: Great Tusk|51/100|[silent]
|upkeep
|turn|4
|
|t:|1743859225
|-end|p1a: Great Tusk|Protosynthesis|[silent]
|switch|p1a: Iron Moth|Iron Moth|100/100
|move|p2a: Cinderace|Pyro Ball|p1a: Iron Moth
|-resisted|p1a: Iron Moth
|-damage|p1a: Iron Moth|32/100
|
|-damage|p2a: Cinderace|47/100|[from] Leech Seed|[of] p1a: Iron Moth
|-heal|p1a: Iron Moth|44/100|[silent]
|upkeep
|turn|5
|
|t:|1743859233
|move|p1a: Iron Moth|Sludge Wave|p2a: Cinderace
|-damage|p2a: Cinderace|0 fnt
|faint|p2a: Cinderace
|
|upkeep
|
|t:|1743859244
|switch|p2a: Samurott|Samurott-Hisui, M|100/100
|turn|6
|
|t:|1743859253
|-end|p1a: Iron Moth|Quark Drive|[silent]
|switch|p1a: Vileplume|Vileplume, M|99/100
|-terastallize|p2a: Samurott|Poison
|move|p2a: Samurott|Aqua Cutter|p1a: Vileplume
|-resisted|p1a: Vileplume
|-damage|p1a: Vileplume|78/100
|
|upkeep
|turn|7
|
|t:|1743859261
|switch|p2a: Dragapult|Dragapult, F, shiny|100/100
|move|p1a: Vileplume|Strength Sap|p2a: Dragapult
|-unboost|p2a: Dragapult|atk|1
|-heal|p1a: Vileplume|100/100
|
|upkeep
|turn|8
|
|t:|1743859268
|switch|p1a: Muk|Muk-Alola, F|100/100
|move|p2a: Dragapult|Will-O-Wisp|p1a: Muk
|-status|p1a: Muk|brn
|
|-damage|p1a: Muk|94/100 brn|[from] brn
|upkeep
|turn|9
|inactive|jxrx has 90 seconds left.
|inactive|jxrx has 60 seconds left.
|
|t:|1743859305
|move|p2a: Dragapult|U-turn|p1a: Muk
|-damage|p1a: Muk|79/100 brn
|
|t:|1743859316
|switch|p2a: Great Tusk|Great Tusk, shiny|100/100|[from] U-turn
|-enditem|p2a: Great Tusk|Booster Energy
|-activate|p2a: Great Tusk|ability: Protosynthesis|[fromitem]
|-start|p2a: Great Tusk|protosynthesisatk
|move|p1a: Muk|Knock Off|p2a: Great Tusk
|-resisted|p2a: Great Tusk
|-damage|p2a: Great Tusk|96/100
|
|-damage|p1a: Muk|73/100 brn|[from] brn
|upkeep
|turn|10
|inactive|jxrx has 60 seconds left.
|
|t:|1743859334
|switch|p1a: Great Tusk|Great Tusk|51/100
|move|p2a: Great Tusk|Knock Off|p1a: Great Tusk
|-resisted|p1a: Great Tusk
|-damage|p1a: Great Tusk|34/100
|-enditem|p1a: Great Tusk|Heavy-Duty Boots|[from] move: Knock Off|[of] p2a: Great Tusk
|
|upkeep
|turn|11
|
|t:|1743859343
|move|p2a: Great Tusk|Rapid Spin|p1a: Great Tusk
|-damage|p1a: Great Tusk|18/100
|-boost|p2a: Great Tusk|spe|1
|move|p1a: Great Tusk|Stealth Rock|p2a: Great Tusk
|-sidestart|p2: Zodiac Senpai|move: Stealth Rock
|
|upkeep
|turn|12
|
|t:|1743859350
|move|p2a: Great Tusk|Rapid Spin|p1a: Great Tusk
|-damage|p1a: Great Tusk|0 fnt
|-boost|p2a: Great Tusk|spe|1
|-sideend|p2: Zodiac Senpai|Stealth Rock|[from] move: Rapid Spin|[of] p2a: Great Tusk
|faint|p1a: Great Tusk
|-end|p1a: Great Tusk|Protosynthesis|[silent]
|
|upkeep
|
|t:|1743859353
|switch|p1a: Vileplume|Vileplume, M|100/100
|turn|13
|
|t:|1743859358
|move|p2a: Great Tusk|Ice Spinner|p1a: Vileplume
|-supereffective|p1a: Vileplume
|-damage|p1a: Vileplume|43/100
|-damage|p2a: Great Tusk|80/100|[from] item: Rocky Helmet|[of] p1a: Vileplume
|move|p1a: Vileplume|Strength Sap|p2a: Great Tusk
|-unboost|p2a: Great Tusk|atk|1
|-heal|p1a: Vileplume|100/100
|
|upkeep
|turn|14
|
|t:|1743859368
|move|p2a: Great Tusk|Knock Off|p1a: Vileplume
|-damage|p1a: Vileplume|76/100
|-damage|p2a: Great Tusk|64/100|[from] item: Rocky Helmet|[of] p1a: Vileplume
|-enditem|p1a: Vileplume|Rocky Helmet|[from] move: Knock Off|[of] p2a: Great Tusk
|move|p1a: Vileplume|Giga Drain|p2a: Great Tusk
|-supereffective|p2a: Great Tusk
|-damage|p2a: Great Tusk|0 fnt
|-heal|p1a: Vileplume|100/100|[from] drain|[of] p2a: Great Tusk
|faint|p2a: Great Tusk
|-end|p2a: Great Tusk|Protosynthesis|[silent]
|
|upkeep
|
|t:|1743859379
|switch|p2a: Dragapult|Dragapult, F, shiny|100/100
|turn|15
|
|t:|1743859387
|switch|p1a: Muk|Muk-Alola, F|73/100 brn
|move|p2a: Dragapult|Will-O-Wisp|p1a: Muk
|-fail|p1a: Muk|brn
|
|-damage|p1a: Muk|67/100 brn|[from] brn
|upkeep
|turn|16
|
|t:|1743859395
|move|p2a: Dragapult|U-turn|p1a: Muk
|-damage|p1a: Muk|45/100 brn
|
|t:|1743859406
|switch|p2a: Corviknight|Corviknight, F, shiny|84/100 slp|[from] U-turn
|move|p1a: Muk|Knock Off|p2a: Corviknight
|-damage|p2a: Corviknight|72/100 slp
|-enditem|p2a: Corviknight|Leftovers|[from] move: Knock Off|[of] p1a: Muk
|
|-damage|p1a: Muk|39/100 brn|[from] brn
|upkeep
|turn|17
|inactive|jxrx has 120 seconds left.
|
|t:|1743859441
|switch|p1a: Iron Moth|Iron Moth|44/100
|cant|p2a: Corviknight|slp
|
|upkeep
|turn|18
|
|t:|1743859448
|move|p1a: Iron Moth|Toxic Spikes|p2a: Corviknight
|-sidestart|p2: Zodiac Senpai|move: Toxic Spikes
|cant|p2a: Corviknight|slp
|
|upkeep
|turn|19
|
|t:|1743859454
|-end|p1a: Iron Moth|Quark Drive|[silent]
|switch|p1a: Empoleon|Empoleon, M|100/100
|switch|p2a: Samurott|Samurott-Hisui, M, tera:Poison|100/100
|-sideend|p2: Zodiac Senpai|move: Toxic Spikes|[of] p2a: Samurott
|
|upkeep
|turn|20
|inactive|jxrx has 120 seconds left.
|
|t:|1743859462
|switch|p1a: Vileplume|Vileplume, M|100/100
|move|p2a: Samurott|Sacred Sword|p1a: Vileplume
|-resisted|p1a: Vileplume
|-damage|p1a: Vileplume|83/100
|
|upkeep
|turn|21
|
|t:|1743859470
|switch|p2a: Corviknight|Corviknight, F, shiny|72/100 slp
|move|p1a: Vileplume|Leech Seed|p2a: Corviknight
|-start|p2a: Corviknight|move: Leech Seed
|
|-damage|p2a: Corviknight|59/100 slp|[from] Leech Seed|[of] p1a: Vileplume
|-heal|p1a: Vileplume|97/100|[silent]
|upkeep
|turn|22
|
|t:|1743859482
|switch|p2a: Dragapult|Dragapult, F, shiny|100/100
|switch|p1a: Iron Moth|Iron Moth|44/100
|
|upkeep
|turn|23
|
|t:|1743859490
|-end|p1a: Iron Moth|Quark Drive|[silent]
|switch|p1a: Muk|Muk-Alola, F|39/100 brn
|move|p2a: Dragapult|Dragon Darts|p1a: Muk
|-damage|p1a: Muk|15/100 brn
|-anim|p2a: Dragapult|Dragon Darts|p1a: Muk
|-damage|p1a: Muk|0 fnt
|faint|p1a: Muk
|
|upkeep
|
|t:|1743859492
|switch|p1a: Empoleon|Empoleon, M|100/100
|turn|24
|
|t:|1743859500
|move|p2a: Dragapult|U-turn|p1a: Empoleon
|-resisted|p1a: Empoleon
|-damage|p1a: Empoleon|89/100
|
|t:|1743859507
|switch|p2a: Samurott|Samurott-Hisui, M, tera:Poison|100/100|[from] U-turn
|move|p1a: Empoleon|Ice Beam|p2a: Samurott
|-damage|p2a: Samurott|75/100
|
|-heal|p1a: Empoleon|95/100|[from] item: Leftovers
|upkeep
|turn|25
|
|t:|1743859518
|switch|p1a: Vileplume|Vileplume, M|97/100
|move|p2a: Samurott|Ceaseless Edge|p1a: Vileplume
|-damage|p1a: Vileplume|60/100
|-status|p2a: Samurott|slp|[from] ability: Effect Spore|[of] p1a: Vileplume
|-sidestart|p1: jxrx|Spikes
|
|upkeep
|turn|26
|
|t:|1743859528
|switch|p2a: Corviknight|Corviknight, F, shiny|59/100 slp
|move|p1a: Vileplume|Leech Seed|p2a: Corviknight
|-start|p2a: Corviknight|move: Leech Seed
|
|-damage|p2a: Corviknight|47/100 slp|[from] Leech Seed|[of] p1a: Vileplume
|-heal|p1a: Vileplume|74/100|[silent]
|upkeep
|turn|27
|
|t:|1743859537
|switch|p2a: Dragapult|Dragapult, F, shiny|100/100
|switch|p1a: Iron Moth|Iron Moth|44/100
|-damage|p1a: Iron Moth|32/100|[from] Spikes
|
|upkeep
|turn|28
|
|t:|1743859544
|move|p1a: Iron Moth|Sludge Wave|p2a: Dragapult
|-resisted|p2a: Dragapult
|-damage|p2a: Dragapult|60/100
|move|p2a: Dragapult|Dragon Darts|p1a: Iron Moth
|-damage|p1a: Iron Moth|0 fnt
|faint|p1a: Iron Moth
|-end|p1a: Iron Moth|Quark Drive|[silent]
|
|upkeep
|
|t:|1743859549
|switch|p1a: Empoleon|Empoleon, M|95/100
|-damage|p1a: Empoleon|83/100|[from] Spikes
|turn|29
|
|t:|1743859559
|switch|p2a: Samurott|Samurott-Hisui, M, tera:Poison|75/100 slp
|move|p1a: Empoleon|Agility|p1a: Empoleon
|-boost|p1a: Empoleon|spe|2
|
|-heal|p1a: Empoleon|89/100|[from] item: Leftovers
|upkeep
|turn|30
|
|t:|1743859568
|move|p1a: Empoleon|Surf|p2a: Samurott
|-damage|p2a: Samurott|31/100 slp
|cant|p2a: Samurott|slp
|
|-heal|p1a: Empoleon|95/100|[from] item: Leftovers
|upkeep
|turn|31
|
|t:|1743859575
|move|p1a: Empoleon|Surf|p2a: Samurott
|-damage|p2a: Samurott|0 fnt
|faint|p2a: Samurott
|
|-heal|p1a: Empoleon|100/100|[from] item: Leftovers
|upkeep
|
|t:|1743859584
|switch|p2a: Corviknight|Corviknight, F, shiny|47/100 slp
|turn|32
|
|t:|1743859588
|move|p1a: Empoleon|Surf|p2a: Corviknight
|-damage|p2a: Corviknight|1/100 slp
|cant|p2a: Corviknight|slp
|
|upkeep
|turn|33
|
|t:|1743859594
|move|p1a: Empoleon|Surf|p2a: Corviknight
|-damage|p2a: Corviknight|0 fnt
|faint|p2a: Corviknight
|
|upkeep
|
|t:|1743859598
|switch|p2a: Dragapult|Dragapult, F, shiny|60/100
|turn|34
|
|t:|1743859604
|switch|p2a: Primarina|Primarina, M|100/100
|move|p1a: Empoleon|Ice Beam|p2a: Primarina
|-resisted|p2a: Primarina
|-damage|p2a: Primarina|88/100
|
|-heal|p2a: Primarina|94/100|[from] item: Leftovers
|upkeep
|turn|35
|
|t:|1743859613
|move|p1a: Empoleon|Flash Cannon|p2a: Primarina
|-damage|p2a: Primarina|62/100
|move|p2a: Primarina|Calm Mind|p2a: Primarina
|-boost|p2a: Primarina|spa|1
|-boost|p2a: Primarina|spd|1
|
|-heal|p2a: Primarina|68/100|[from] item: Leftovers
|upkeep
|turn|36
|
|t:|1743859624
|move|p1a: Empoleon|Flash Cannon|p2a: Primarina
|-damage|p2a: Primarina|44/100
|-unboost|p2a: Primarina|spd|1
|move|p2a: Primarina|Calm Mind|p2a: Primarina
|-boost|p2a: Primarina|spa|1
|-boost|p2a: Primarina|spd|1
|
|-heal|p2a: Primarina|50/100|[from] item: Leftovers
|upkeep
|turn|37
|
|t:|1743859633
|move|p1a: Empoleon|Flash Cannon|p2a: Primarina
|-damage|p2a: Primarina|28/100
|move|p2a: Primarina|Draining Kiss|p1a: Empoleon
|-resisted|p1a: Empoleon
|-damage|p1a: Empoleon|78/100
|-heal|p2a: Primarina|43/100|[from] drain|[of] p1a: Empoleon
|
|-heal|p1a: Empoleon|84/100|[from] item: Leftovers
|-heal|p2a: Primarina|49/100|[from] item: Leftovers
|upkeep
|turn|38
|
|t:|1743859643
|move|p1a: Empoleon|Flash Cannon|p2a: Primarina
|-damage|p2a: Primarina|27/100
|move|p2a: Primarina|Calm Mind|p2a: Primarina
|-boost|p2a: Primarina|spa|1
|-boost|p2a: Primarina|spd|1
|
|-heal|p1a: Empoleon|90/100|[from] item: Leftovers
|-heal|p2a: Primarina|33/100|[from] item: Leftovers
|upkeep
|turn|39
|
|t:|1743859652
|move|p1a: Empoleon|Flash Cannon|p2a: Primarina
|-crit|p2a: Primarina
|-damage|p2a: Primarina|0 fnt
|faint|p2a: Primarina
|
|-heal|p1a: Empoleon|96/100|[from] item: Leftovers
|upkeep
|
|t:|1743859658
|switch|p2a: Dragapult|Dragapult, F, shiny|60/100
|turn|40
|-message|Zodiac Senpai forfeited.
|
|win|jxrx
|raw|jxrx's rating: 1208 &rarr; <strong>1236</strong><br />(+28 for winning)
|raw|Zodiac Senpai's rating: 1252 &rarr; <strong>1224</strong><br />(-28 for losing)
|l|☆Zodiac Senpai
|player|p2|
|l|☆jxrx
|player|p1|
