|j|☆weepingbell456
|j|☆TheLaggyOwl
|t:|1743928460
|gametype|singles
|player|p1|weepingbell456|1|1112
|player|p2|TheLaggyOwl|veteran|1151
|teamsize|p1|6
|teamsize|p2|6
|gen|9
|tier|[Gen 9] OU
|rated|
|rule|HP Percentage Mod: HP is shown in percentages
|rule|Endless Battle Clause: Forcing endless battles is banned
|rule|Species Clause: Limit one of each Pokémon
|rule|OHKO Clause: OHKO moves are banned
|rule|Evasion Items Clause: Evasion items are banned
|rule|Evasion Moves Clause: Evasion moves are banned
|rule|Sleep Moves Clause: Sleep-inducing moves are banned
|clearpoke
|poke|p1|Pelipper, F|
|poke|p1|Bronzong|
|poke|p1|Overqwil, M|
|poke|p1|Araquanid, F|
|poke|p1|Brambleghast, M|
|poke|p1|Weezing-Galar, F|
|poke|p2|Haxorus, M|
|poke|p2|Dusclops, M|
|poke|p2|Chesnaught, M|
|poke|p2|Weavile, F|
|poke|p2|Cinccino, F|
|poke|p2|Latias, F|
|teampreview
|
|t:|1743928479
|start
|switch|p1a: Bronzong|Bronzong|100/100
|switch|p2a: Latias|Latias, F|100/100
|turn|1
|
|t:|1743928484
|move|p2a: Latias|Calm Mind|p2a: Latias
|-boost|p2a: Latias|spa|1
|-boost|p2a: Latias|spd|1
|move|p1a: Bronzong|Trick Room|p1a: Bronzong
|-fieldstart|move: Trick Room|[of] p1a: Bronzong
|
|upkeep
|turn|2
|
|t:|1743928489
|move|p1a: Bronzong|Stealth Rock|p2a: Latias
|-sidestart|p2: TheLaggyOwl|move: Stealth Rock
|move|p2a: Latias|Calm Mind|p2a: Latias
|-boost|p2a: Latias|spa|1
|-boost|p2a: Latias|spd|1
|
|upkeep
|turn|3
|
|t:|1743928494
|move|p1a: Bronzong|Future Sight|p2a: Latias
|-start|p1a: Bronzong|move: Future Sight
|move|p2a: Latias|Future Sight|p1a: Bronzong
|-start|p2a: Latias|move: Future Sight
|
|upkeep
|turn|4
|
|t:|1743928500
|switch|p1a: Overqwil|Overqwil, M|100/100
|move|p2a: Latias|Calm Mind|p2a: Latias
|-boost|p2a: Latias|spa|1
|-boost|p2a: Latias|spd|1
|
|upkeep
|turn|5
|
|t:|1743928510
|move|p1a: Overqwil|Destiny Bond|p1a: Overqwil
|-singlemove|p1a: Overqwil|Destiny Bond
|move|p2a: Latias|Draining Kiss|p1a: Overqwil
|-damage|p1a: Overqwil|71/100
|
|-end|p1a: Overqwil|move: Future Sight
|-immune|p1a: Overqwil
|-end|p2a: Latias|move: Future Sight
|-resisted|p2a: Latias
|-damage|p2a: Latias|94/100
|-heal|p2a: Latias|99/100|[from] item: Leftovers
|-fieldend|move: Trick Room
|upkeep
|turn|6
|
|t:|1743928521
|move|p2a: Latias|Draining Kiss|p1a: Overqwil
|-damage|p1a: Overqwil|38/100
|-heal|p2a: Latias|100/100|[from] drain|[of] p1a: Overqwil
|move|p1a: Overqwil|Toxic|p2a: Latias
|-status|p2a: Latias|tox
|
|-damage|p2a: Latias|95/100 tox|[from] psn
|upkeep
|turn|7
|
|t:|1743928530
|switch|p1a: Bronzong|Bronzong|100/100
|move|p2a: Latias|Future Sight|p1a: Bronzong
|-start|p2a: Latias|move: Future Sight
|
|-heal|p2a: Latias|100/100 tox|[from] item: Leftovers
|-damage|p2a: Latias|89/100 tox|[from] psn
|upkeep
|turn|8
|
|t:|1743928538
|move|p2a: Latias|Calm Mind|p2a: Latias
|-boost|p2a: Latias|spa|1
|-boost|p2a: Latias|spd|1
|move|p1a: Bronzong|Trick Room|p1a: Bronzong
|-fieldstart|move: Trick Room|[of] p1a: Bronzong
|
|-heal|p2a: Latias|95/100 tox|[from] item: Leftovers
|-damage|p2a: Latias|77/100 tox|[from] psn
|upkeep
|turn|9
|
|t:|1743928549
|move|p1a: Bronzong|Future Sight|p2a: Latias
|-start|p1a: Bronzong|move: Future Sight
|move|p2a: Latias|Draining Kiss|p1a: Bronzong
|-resisted|p1a: Bronzong
|-damage|p1a: Bronzong|85/100
|-heal|p2a: Latias|90/100 tox|[from] drain|[of] p1a: Bronzong
|
|-end|p1a: Bronzong|move: Future Sight
|-resisted|p1a: Bronzong
|-damage|p1a: Bronzong|55/100
|-heal|p1a: Bronzong|61/100|[from] item: Leftovers
|-heal|p2a: Latias|96/100 tox|[from] item: Leftovers
|-damage|p2a: Latias|72/100 tox|[from] psn
|upkeep
|turn|10
|
|t:|1743928561
|switch|p1a: Brambleghast|Brambleghast, M|100/100
|move|p2a: Latias|Future Sight|p1a: Brambleghast
|-start|p2a: Latias|move: Future Sight
|
|-heal|p2a: Latias|78/100 tox|[from] item: Leftovers
|-damage|p2a: Latias|48/100 tox|[from] psn
|upkeep
|turn|11
|
|t:|1743928569
|move|p1a: Brambleghast|Poltergeist|p2a: Latias
|-activate|p2a: Latias|move: Poltergeist|Leftovers
|-supereffective|p2a: Latias
|-damage|p2a: Latias|0 fnt
|faint|p2a: Latias
|
|-hint|Future Sight did not hit because the target is fainted.
|upkeep
|
|t:|1743928583
|switch|p2a: Dusclops|Dusclops, M|100/100
|-damage|p2a: Dusclops|88/100|[from] Stealth Rock
|-item|p1a: Brambleghast|Heavy-Duty Boots|[from] ability: Frisk|[of] p2a: Dusclops
|turn|12
|
|t:|1743928591
|switch|p1a: Overqwil|Overqwil, M|38/100
|move|p2a: Dusclops|Will-O-Wisp|p1a: Overqwil
|-status|p1a: Overqwil|brn
|
|-end|p1a: Overqwil|move: Future Sight
|-immune|p1a: Overqwil
|-damage|p1a: Overqwil|32/100 brn|[from] brn
|-fieldend|move: Trick Room
|upkeep
|turn|13
|
|t:|1743928601
|move|p1a: Overqwil|Toxic|p2a: Dusclops
|-status|p2a: Dusclops|tox
|move|p2a: Dusclops|Night Shade|p1a: Overqwil
|-damage|p1a: Overqwil|0 fnt
|faint|p1a: Overqwil
|
|-damage|p2a: Dusclops|82/100 tox|[from] psn
|upkeep
|
|t:|1743928609
|switch|p1a: Pelipper|Pelipper, F|100/100
|-weather|RainDance|[from] ability: Drizzle|[of] p1a: Pelipper
|turn|14
|
|t:|1743928616
|move|p1a: Pelipper|Knock Off|p2a: Dusclops
|-supereffective|p2a: Dusclops
|-damage|p2a: Dusclops|63/100 tox
|-enditem|p2a: Dusclops|Eviolite|[from] move: Knock Off|[of] p1a: Pelipper
|move|p2a: Dusclops|Will-O-Wisp|p1a: Pelipper
|-status|p1a: Pelipper|brn
|
|-weather|RainDance|[upkeep]
|-damage|p2a: Dusclops|51/100 tox|[from] psn
|-damage|p1a: Pelipper|94/100 brn|[from] brn
|upkeep
|turn|15
|
|t:|1743928627
|move|p1a: Pelipper|U-turn|p2a: Dusclops
|-resisted|p2a: Dusclops
|-damage|p2a: Dusclops|48/100 tox
|
|t:|1743928632
|switch|p1a: Araquanid|Araquanid, F|100/100|[from] U-turn
|move|p2a: Dusclops|Pain Split|p1a: Araquanid
|-sethp|p1a: Araquanid|66/100|[from] move: Pain Split|[silent]
|-sethp|p2a: Dusclops|99/100 tox|[from] move: Pain Split
|
|-weather|RainDance|[upkeep]
|-damage|p2a: Dusclops|81/100 tox|[from] psn
|upkeep
|turn|16
|
|t:|1743928642
|move|p1a: Araquanid|Sticky Web|p2a: Dusclops
|-sidestart|p2: TheLaggyOwl|move: Sticky Web
|move|p2a: Dusclops|Will-O-Wisp|p1a: Araquanid
|-immune|p1a: Araquanid|[from] ability: Water Bubble
|
|-weather|RainDance|[upkeep]
|-damage|p2a: Dusclops|57/100 tox|[from] psn
|upkeep
|turn|17
|
|t:|1743928649
|move|p1a: Araquanid|Liquidation|p2a: Dusclops
|-damage|p2a: Dusclops|0 fnt
|faint|p2a: Dusclops
|
|-weather|RainDance|[upkeep]
|upkeep
|
|t:|1743928661
|switch|p2a: Chesnaught|Chesnaught, M, shiny|100/100
|-damage|p2a: Chesnaught|94/100|[from] Stealth Rock
|-activate|p2a: Chesnaught|move: Sticky Web
|-unboost|p2a: Chesnaught|spe|1
|turn|18
|
|t:|1743928668
|switch|p1a: Pelipper|Pelipper, F|94/100 brn
|move|p2a: Chesnaught|Leech Seed|p1a: Pelipper
|-start|p1a: Pelipper|move: Leech Seed
|
|-weather|RainDance|[upkeep]
|-heal|p2a: Chesnaught|100/100|[from] item: Leftovers
|-damage|p1a: Pelipper|82/100 brn|[from] Leech Seed|[of] p2a: Chesnaught
|-damage|p1a: Pelipper|76/100 brn|[from] brn
|upkeep
|turn|19
|
|t:|1743928677
|move|p2a: Chesnaught|Spiky Shield|p2a: Chesnaught
|-singleturn|p2a: Chesnaught|move: Protect
|move|p1a: Pelipper|Hurricane|p2a: Chesnaught
|-activate|p2a: Chesnaught|move: Protect
|
|-weather|RainDance|[upkeep]
|-damage|p1a: Pelipper|64/100 brn|[from] Leech Seed|[of] p2a: Chesnaught
|-damage|p1a: Pelipper|58/100 brn|[from] brn
|upkeep
|turn|20
|
|t:|1743928688
|-terastallize|p2a: Chesnaught|Steel
|move|p1a: Pelipper|Hurricane|p2a: Chesnaught
|-resisted|p2a: Chesnaught
|-crit|p2a: Chesnaught
|-damage|p2a: Chesnaught|69/100
|move|p2a: Chesnaught|Drain Punch|p1a: Pelipper
|-resisted|p1a: Pelipper
|-damage|p1a: Pelipper|45/100 brn
|-heal|p2a: Chesnaught|74/100|[from] drain|[of] p1a: Pelipper
|
|-weather|RainDance|[upkeep]
|-heal|p2a: Chesnaught|80/100|[from] item: Leftovers
|-damage|p1a: Pelipper|33/100 brn|[from] Leech Seed|[of] p2a: Chesnaught
|-heal|p2a: Chesnaught|90/100|[silent]
|-damage|p1a: Pelipper|27/100 brn|[from] brn
|upkeep
|turn|21
|
|t:|1743928703
|move|p1a: Pelipper|Roost|p1a: Pelipper
|-heal|p1a: Pelipper|77/100 brn
|-singleturn|p1a: Pelipper|move: Roost
|move|p2a: Chesnaught|Drain Punch|p1a: Pelipper
|-damage|p1a: Pelipper|48/100 brn
|-heal|p2a: Chesnaught|100/100|[from] drain|[of] p1a: Pelipper
|
|-weather|none
|-damage|p1a: Pelipper|36/100 brn|[from] Leech Seed|[of] p2a: Chesnaught
|-damage|p1a: Pelipper|30/100 brn|[from] brn
|upkeep
|turn|22
|
|t:|1743928719
|move|p1a: Pelipper|U-turn|p2a: Chesnaught
|-resisted|p2a: Chesnaught
|-damage|p2a: Chesnaught|99/100
|
|t:|1743928725
|switch|p1a: Brambleghast|Brambleghast, M|100/100|[from] U-turn
|move|p2a: Chesnaught|Earthquake|p1a: Brambleghast
|-resisted|p1a: Brambleghast
|-damage|p1a: Brambleghast|84/100
|
|-heal|p2a: Chesnaught|100/100|[from] item: Leftovers
|upkeep
|turn|23
|
|t:|1743928736
|switch|p2a: Cinccino|Cinccino, F|100/100
|-damage|p2a: Cinccino|88/100|[from] Stealth Rock
|-activate|p2a: Cinccino|move: Sticky Web
|-unboost|p2a: Cinccino|spe|1
|move|p1a: Brambleghast|Spikes|p2a: Cinccino
|-sidestart|p2: TheLaggyOwl|Spikes
|
|upkeep
|turn|24
|
|t:|1743928744
|move|p2a: Cinccino|Tidy Up|p2a: Cinccino
|-sideend|p2: TheLaggyOwl|Spikes
|-sideend|p2: TheLaggyOwl|Stealth Rock
|-sideend|p2: TheLaggyOwl|Sticky Web
|-activate|p2a: Cinccino|move: Tidy Up
|-boost|p2a: Cinccino|atk|1
|-boost|p2a: Cinccino|spe|1
|move|p1a: Brambleghast|Power Whip|p2a: Cinccino
|-damage|p2a: Cinccino|0 fnt
|faint|p2a: Cinccino
|
|upkeep
|
|t:|1743928752
|switch|p2a: Haxorus|Haxorus, M, shiny|100/100
|-ability|p2a: Haxorus|Mold Breaker
|turn|25
|
|t:|1743928757
|switch|p1a: Pelipper|Pelipper, F|30/100 brn
|-weather|RainDance|[from] ability: Drizzle|[of] p1a: Pelipper
|move|p2a: Haxorus|Dragon Dance|p2a: Haxorus
|-boost|p2a: Haxorus|atk|1
|-boost|p2a: Haxorus|spe|1
|
|-weather|RainDance|[upkeep]
|-damage|p1a: Pelipper|24/100 brn|[from] brn
|upkeep
|turn|26
|
|t:|1743928768
|move|p2a: Haxorus|Poison Jab|p1a: Pelipper
|-damage|p1a: Pelipper|0 fnt
|faint|p1a: Pelipper
|
|-weather|RainDance|[upkeep]
|upkeep
|
|t:|1743928785
|switch|p1a: Araquanid|Araquanid, F|66/100
|turn|27
|
|t:|1743928790
|move|p2a: Haxorus|Outrage|p1a: Araquanid
|-damage|p1a: Araquanid|0 fnt
|faint|p1a: Araquanid
|
|-weather|RainDance|[upkeep]
|upkeep
|
|t:|1743928795
|switch|p1a: Weezing|Weezing-Galar, F|100/100
|-ability|p1a: Weezing|Neutralizing Gas
|turn|28
|
|t:|1743928799
|move|p2a: Haxorus|Outrage|p1a: Weezing|[from] lockedmove
|-immune|p1a: Weezing
|-start|p2a: Haxorus|confusion|[fatigue]
|move|p1a: Weezing|Toxic|p2a: Haxorus
|-status|p2a: Haxorus|tox
|
|-weather|RainDance|[upkeep]
|-damage|p2a: Haxorus|94/100 tox|[from] psn
|upkeep
|turn|29
|
|t:|1743928808
|-activate|p2a: Haxorus|confusion
|move|p2a: Haxorus|Poison Jab|p1a: Weezing
|-damage|p1a: Weezing|55/100
|move|p1a: Weezing|Gunk Shot|p2a: Haxorus
|-damage|p2a: Haxorus|42/100 tox
|
|-weather|RainDance|[upkeep]
|-damage|p2a: Haxorus|30/100 tox|[from] psn
|upkeep
|turn|30
|
|t:|1743928820
|-activate|p2a: Haxorus|confusion
|move|p2a: Haxorus|Earthquake|p1a: Weezing
|-supereffective|p1a: Weezing
|-damage|p1a: Weezing|0 fnt
|faint|p1a: Weezing
|-end|p1a: Weezing|ability: Neutralizing Gas
|-ability|p2a: Haxorus|Mold Breaker
|
|-weather|RainDance|[upkeep]
|-damage|p2a: Haxorus|11/100 tox|[from] psn
|upkeep
|
|t:|1743928829
|switch|p1a: Brambleghast|Brambleghast, M|84/100
|turn|31
|
|t:|1743928833
|switch|p1a: Bronzong|Bronzong|61/100
|-activate|p2a: Haxorus|confusion
|move|p2a: Haxorus|Poison Jab|p1a: Bronzong
|-immune|p1a: Bronzong
|
|-weather|RainDance|[upkeep]
|-heal|p1a: Bronzong|67/100|[from] item: Leftovers
|-damage|p2a: Haxorus|0 fnt|[from] psn
|faint|p2a: Haxorus
|upkeep
|
|t:|1743928837
|switch|p2a: Weavile|Weavile, F|100/100
|-ability|p2a: Weavile|Pressure
|turn|32
|
|t:|1743928850
|-terastallize|p1a: Bronzong|Steel
|move|p2a: Weavile|Knock Off|p1a: Bronzong
|-damage|p1a: Bronzong|21/100
|-enditem|p1a: Bronzong|Leftovers|[from] move: Knock Off|[of] p2a: Weavile
|move|p1a: Bronzong|Trick Room|p1a: Bronzong
|-fieldstart|move: Trick Room|[of] p1a: Bronzong
|
|-weather|none
|upkeep
|turn|33
|
|t:|1743928865
|move|p1a: Bronzong|Weather Ball|p2a: Weavile
|-damage|p2a: Weavile|81/100
|move|p2a: Weavile|Triple Axel|p1a: Bronzong
|-resisted|p1a: Bronzong
|-damage|p1a: Bronzong|16/100
|-resisted|p1a: Bronzong
|-damage|p1a: Bronzong|7/100
|-resisted|p1a: Bronzong
|-damage|p1a: Bronzong|0 fnt
|faint|p1a: Bronzong
|-hitcount|p1: Bronzong|3
|
|upkeep
|
|t:|1743928876
|switch|p1a: Brambleghast|Brambleghast, M|84/100
|turn|34
|
|t:|1743928880
|switch|p2a: Chesnaught|Chesnaught, M, shiny, tera:Steel|100/100
|move|p1a: Brambleghast|Power Whip|p2a: Chesnaught
|-resisted|p2a: Chesnaught
|-damage|p2a: Chesnaught|85/100
|
|-heal|p2a: Chesnaught|91/100|[from] item: Leftovers
|upkeep
|turn|35
|
|t:|1743928888
|move|p2a: Chesnaught|Earthquake|p1a: Brambleghast
|-resisted|p1a: Brambleghast
|-damage|p1a: Brambleghast|64/100
|move|p1a: Brambleghast|Poltergeist|p2a: Chesnaught|[miss]
|-miss|p1a: Brambleghast|p2a: Chesnaught
|
|-heal|p2a: Chesnaught|97/100|[from] item: Leftovers
|upkeep
|turn|36
|
|t:|1743928897
|move|p2a: Chesnaught|Earthquake|p1a: Brambleghast
|-resisted|p1a: Brambleghast
|-damage|p1a: Brambleghast|45/100
|move|p1a: Brambleghast|Poltergeist|p2a: Chesnaught
|-activate|p2a: Chesnaught|move: Poltergeist|Leftovers
|-damage|p2a: Chesnaught|68/100
|
|-heal|p2a: Chesnaught|74/100|[from] item: Leftovers
|-fieldend|move: Trick Room
|upkeep
|turn|37
|-message|weepingbell456 forfeited.
|
|win|TheLaggyOwl
|raw|weepingbell456's rating: 1112 &rarr; <strong>1090</strong><br />(-22 for losing)
|raw|TheLaggyOwl's rating: 1151 &rarr; <strong>1173</strong><br />(+22 for winning)
|l|☆weepingbell456
|player|p1|
|l|☆TheLaggyOwl
|player|p2|
