|j|☆Catryepie
|j|☆FiiLLiPp
|t:|1743845033
|gametype|singles
|player|p1|Catryepie|preschoolerf|1000
|player|p2|FiiLLiPp|hiker-gen4|1000
|teamsize|p1|6
|teamsize|p2|6
|gen|9
|tier|[Gen 9] OU
|rated|
|rule|HP Percentage Mod: HP is shown in percentages
|rule|Endless Battle Clause: Forcing endless battles is banned
|rule|Species Clause: Limit one of each Pokémon
|rule|OHKO Clause: OHKO moves are banned
|rule|Evasion Items Clause: Evasion items are banned
|rule|Evasion Moves Clause: Evasion moves are banned
|rule|Sleep Moves Clause: Sleep-inducing moves are banned
|clearpoke
|poke|p1|Morpeko, F|
|poke|p1|Jirachi|
|poke|p1|Chespin, M|
|poke|p1|Gliscor, M|
|poke|p1|Manaphy|
|poke|p1|Clefable, M|
|poke|p2|Hydreigon, M|
|poke|p2|Charizard, M|
|poke|p2|Gliscor, M|
|poke|p2|Heracross, M|
|poke|p2|Glalie, M|
|poke|p2|Lanturn, M|
|teampreview
|
|t:|1743845057
|start
|switch|p1a: Chespin|Chespin, M|100/100
|switch|p2a: Gliscor|Gliscor, M, shiny|100/100
|turn|1
|
|t:|1743845082
|-terastallize|p2a: Gliscor|Psychic
|move|p2a: Gliscor|Giga Impact|p1a: Chespin
|-enditem|p1a: Chespin|Focus Sash
|-damage|p1a: Chespin|1/100
|-mustrecharge|p2a: Gliscor
|move|p1a: Chespin|Pain Split|p2a: Gliscor
|-sethp|p2a: Gliscor|51/100|[from] move: Pain Split|[silent]
|-sethp|p1a: Chespin|47/100|[from] move: Pain Split
|
|upkeep
|turn|2
|
|t:|1743845093
|cant|p2a: Gliscor|recharge
|move|p1a: Chespin|Leech Seed|p2a: Gliscor|[miss]
|-miss|p1a: Chespin|p2a: Gliscor
|
|upkeep
|turn|3
|
|t:|1743845098
|move|p2a: Gliscor|Giga Impact|p1a: Chespin
|-damage|p1a: Chespin|0 fnt
|-mustrecharge|p2a: Gliscor
|faint|p1a: Chespin
|
|upkeep
|
|t:|1743845104
|switch|p1a: Morpeko|Morpeko, F, shiny|100/100
|turn|4
|
|t:|1743845109
|move|p1a: Morpeko|Parting Shot|p2a: Gliscor
|-unboost|p2a: Gliscor|atk|1
|-unboost|p2a: Gliscor|spa|1
|
|t:|1743845118
|switch|p1a: Jirachi|Jirachi|100/100|[from] Parting Shot
|cant|p2a: Gliscor|recharge
|
|upkeep
|turn|5
|
|t:|1743845135
|switch|p1a: Manaphy|Manaphy|100/100
|move|p2a: Gliscor|Giga Impact|p1a: Manaphy
|-damage|p1a: Manaphy|59/100
|-mustrecharge|p2a: Gliscor
|
|-heal|p1a: Manaphy|65/100|[from] item: Leftovers
|upkeep
|turn|6
|
|t:|1743845141
|move|p1a: Manaphy|Tail Glow|p1a: Manaphy
|-boost|p1a: Manaphy|spa|3
|cant|p2a: Gliscor|recharge
|
|-heal|p1a: Manaphy|71/100|[from] item: Leftovers
|upkeep
|turn|7
|
|t:|1743845147
|move|p1a: Manaphy|Surf|p2a: Gliscor
|-damage|p2a: Gliscor|0 fnt
|faint|p2a: Gliscor
|
|-heal|p1a: Manaphy|77/100|[from] item: Leftovers
|upkeep
|
|t:|1743845160
|switch|p2a: Lanturn|Lanturn, M, shiny|100/100
|turn|8
|
|t:|1743845173
|-terastallize|p1a: Manaphy|Fairy
|move|p1a: Manaphy|Alluring Voice|p2a: Lanturn
|-damage|p2a: Lanturn|6/100
|-enditem|p2a: Lanturn|Aguav Berry|[eat]
|-heal|p2a: Lanturn|39/100|[from] item: Aguav Berry
|move|p2a: Lanturn|Thunder|p1a: Manaphy
|-damage|p1a: Manaphy|36/100
|
|-heal|p1a: Manaphy|42/100|[from] item: Leftovers
|upkeep
|turn|9
|
|t:|1743845204
|move|p1a: Manaphy|Alluring Voice|p2a: Lanturn
|-damage|p2a: Lanturn|0 fnt
|faint|p2a: Lanturn
|
|-heal|p1a: Manaphy|48/100|[from] item: Leftovers
|upkeep
|
|t:|1743845210
|switch|p2a: Heracross|Heracross, M, shiny|100/100
|turn|10
|
|t:|1743845223
|-singleturn|p2a: Heracross|move: Focus Punch
|move|p1a: Manaphy|Alluring Voice|p2a: Heracross
|-supereffective|p2a: Heracross
|-damage|p2a: Heracross|0 fnt
|faint|p2a: Heracross
|
|-heal|p1a: Manaphy|54/100|[from] item: Leftovers
|upkeep
|
|t:|1743845236
|switch|p2a: Charizard|Charizard, M, shiny|100/100
|turn|11
|
|t:|1743845241
|move|p1a: Manaphy|Surf|p2a: Charizard
|-supereffective|p2a: Charizard
|-enditem|p2a: Charizard|Focus Sash
|-damage|p2a: Charizard|1/100
|move|p2a: Charizard|Blast Burn|p1a: Manaphy
|-damage|p1a: Manaphy|0 fnt
|-mustrecharge|p2a: Charizard
|faint|p1a: Manaphy
|
|upkeep
|
|t:|1743845256
|switch|p1a: Morpeko|Morpeko, F, shiny|100/100
|turn|12
|
|t:|1743845268
|cant|p2a: Charizard|recharge
|move|p1a: Morpeko|Aura Wheel|p2a: Charizard
|-supereffective|p2a: Charizard
|-damage|p2a: Charizard|0 fnt
|-boost|p1a: Morpeko|spe|1
|faint|p2a: Charizard
|
|-formechange|p1a: Morpeko|Morpeko-Hangry||[from] ability: Hunger Switch
|upkeep
|
|t:|1743845281
|switch|p2a: Hydreigon|Hydreigon, M|100/100
|turn|13
|
|t:|1743845293
|move|p1a: Morpeko|Parting Shot|p2a: Hydreigon
|-unboost|p2a: Hydreigon|atk|1
|-unboost|p2a: Hydreigon|spa|1
|
|t:|1743845297
|switch|p1a: Clefable|Clefable, M|100/100|[from] Parting Shot
|move|p2a: Hydreigon|Draco Meteor|p1a: Clefable
|-immune|p1a: Clefable
|
|upkeep
|turn|14
|
|t:|1743845308
|switch|p2a: Glalie|Glalie, M, shiny|100/100
|move|p1a: Clefable|Moonblast|p2a: Glalie
|-damage|p2a: Glalie|66/100
|
|upkeep
|turn|15
|
|t:|1743845317
|move|p2a: Glalie|Iron Head|p1a: Clefable
|-supereffective|p1a: Clefable
|-damage|p1a: Clefable|76/100
|-damage|p2a: Glalie|49/100|[from] item: Rocky Helmet|[of] p1a: Clefable
|cant|p1a: Clefable|flinch
|
|upkeep
|turn|16
|
|t:|1743845323
|move|p2a: Glalie|Iron Head|p1a: Clefable
|-supereffective|p1a: Clefable
|-damage|p1a: Clefable|51/100
|-damage|p2a: Glalie|33/100|[from] item: Rocky Helmet|[of] p1a: Clefable
|move|p1a: Clefable|Stealth Rock|p2a: Glalie
|-sidestart|p2: FiiLLiPp|move: Stealth Rock
|
|upkeep
|turn|17
|
|t:|1743845330
|move|p2a: Glalie|Iron Head|p1a: Clefable
|-supereffective|p1a: Clefable
|-damage|p1a: Clefable|24/100
|-damage|p2a: Glalie|16/100|[from] item: Rocky Helmet|[of] p1a: Clefable
|move|p1a: Clefable|Thunder Wave|p2a: Glalie
|-status|p2a: Glalie|par
|
|upkeep
|turn|18
|
|t:|1743845338
|move|p1a: Clefable|Wish|p1a: Clefable
|move|p2a: Glalie|Iron Head|p1a: Clefable
|-supereffective|p1a: Clefable
|-damage|p1a: Clefable|0 fnt
|-damage|p2a: Glalie|0 fnt|[from] item: Rocky Helmet|[of] p1a: Clefable
|faint|p1a: Clefable
|faint|p2a: Glalie
|
|upkeep
|
|t:|1743845353
|switch|p2a: Hydreigon|Hydreigon, M|100/100
|switch|p1a: Morpeko|Morpeko, F, shiny|100/100
|-damage|p2a: Hydreigon|88/100|[from] Stealth Rock
|turn|19
|
|t:|1743845367
|move|p1a: Morpeko|Aura Wheel|p2a: Hydreigon
|-resisted|p2a: Hydreigon
|-damage|p2a: Hydreigon|64/100
|-boost|p1a: Morpeko|spe|1
|move|p2a: Hydreigon|Fire Blast|p1a: Morpeko
|-damage|p1a: Morpeko|0 fnt
|faint|p1a: Morpeko
|
|upkeep
|
|t:|1743845375
|switch|p1a: Gliscor|Gliscor, M|100/100
|turn|20
|
|t:|1743845382
|move|p2a: Hydreigon|Fire Blast|p1a: Gliscor
|-damage|p1a: Gliscor|42/100
|move|p1a: Gliscor|Toxic|p2a: Hydreigon
|-status|p2a: Hydreigon|tox
|
|-damage|p2a: Hydreigon|58/100 tox|[from] psn
|-status|p1a: Gliscor|tox|[from] item: Toxic Orb
|upkeep
|turn|21
|
|t:|1743845400
|move|p2a: Hydreigon|Fire Blast|p1a: Gliscor
|-crit|p1a: Gliscor
|-damage|p1a: Gliscor|0 fnt
|faint|p1a: Gliscor
|
|-damage|p2a: Hydreigon|46/100 tox|[from] psn
|upkeep
|
|t:|1743845406
|switch|p1a: Jirachi|Jirachi|100/100
|turn|22
|
|t:|1743845422
|move|p1a: Jirachi|Ice Punch|p2a: Hydreigon
|-supereffective|p2a: Hydreigon
|-damage|p2a: Hydreigon|15/100 tox
|move|p2a: Hydreigon|Fire Blast|p1a: Jirachi
|-supereffective|p1a: Jirachi
|-damage|p1a: Jirachi|0 fnt
|faint|p1a: Jirachi
|
|win|FiiLLiPp
|raw|Catryepie's rating: 1000 &rarr; <strong>1000</strong><br />(+0 for losing)
|raw|FiiLLiPp's rating: 1000 &rarr; <strong>1040</strong><br />(+40 for winning)
|l|☆Catryepie
|player|p1|
