|j|☆xiapuxiandiyi
|j|☆ztxqwert
|t:|1743827290
|gametype|singles
|player|p1|xiapuxiandiyi|dawn|1158
|player|p2|ztxqwert|unknown|1209
|teamsize|p1|6
|teamsize|p2|6
|gen|9
|tier|[Gen 9] OU
|rated|
|rule|HP Percentage Mod: HP is shown in percentages
|rule|Endless Battle Clause: Forcing endless battles is banned
|rule|Species Clause: Limit one of each Pokémon
|rule|OHKO Clause: OHKO moves are banned
|rule|Evasion Items Clause: Evasion items are banned
|rule|Evasion Moves Clause: Evasion moves are banned
|rule|Sleep Moves Clause: Sleep-inducing moves are banned
|clearpoke
|poke|p1|Iron Valiant|
|poke|p1|Slowking-Galar, M|
|poke|p1|Ogerpon-Wellspring, F|
|poke|p1|Zapdos|
|poke|p1|Tyranitar, F|
|poke|p1|Great Tusk|
|poke|p2|Meowscarada, M|
|poke|p2|Tinkaton, F|
|poke|p2|Tyranitar, F|
|poke|p2|Gholdengo|
|poke|p2|Great Tusk|
|poke|p2|Zapdos|
|teampreview
|
|t:|1743827342
|start
|switch|p1a: Ogerpon|Ogerpon-Wellspring, F|100/100
|switch|p2a: Tinkaton|Tinkaton, F, shiny|100/100
|-item|p2a: Tinkaton|Air Balloon
|turn|1
|
|t:|1743827357
|move|p1a: Ogerpon|Ivy Cudgel|p2a: Tinkaton|[anim] Ivy Cudgel Water
|-damage|p2a: Tinkaton|34/100
|-enditem|p2a: Tinkaton|Air Balloon
|move|p2a: Tinkaton|Thunder Wave|p1a: Ogerpon
|-status|p1a: Ogerpon|par
|
|upkeep
|turn|2
|
|t:|1743827378
|move|p2a: Tinkaton|Stealth Rock|p1a: Ogerpon
|-sidestart|p1: xiapuxiandiyi|move: Stealth Rock
|move|p1a: Ogerpon|Ivy Cudgel|p2a: Tinkaton|[anim] Ivy Cudgel Water
|-damage|p2a: Tinkaton|0 fnt
|faint|p2a: Tinkaton
|
|upkeep
|
|t:|1743827383
|switch|p2a: Meowscarada|Meowscarada, M|100/100
|turn|3
|
|t:|1743827407
|switch|p1a: Zapdos|Zapdos|100/100
|move|p2a: Meowscarada|U-turn|p1a: Zapdos
|-start|p2a: Meowscarada|typechange|Bug|[from] ability: Protean
|-resisted|p1a: Zapdos
|-damage|p1a: Zapdos|82/100
|
|t:|1743827423
|switch|p2a: Tyranitar|Tyranitar, F|100/100|[from] U-turn
|-weather|Sandstorm|[from] ability: Sand Stream|[of] p2a: Tyranitar
|
|-weather|Sandstorm|[upkeep]
|-damage|p1a: Zapdos|76/100|[from] Sandstorm
|upkeep
|turn|4
|
|t:|1743827466
|switch|p1a: Great Tusk|Great Tusk|100/100
|-damage|p1a: Great Tusk|97/100|[from] Stealth Rock
|move|p2a: Tyranitar|Stone Edge|p1a: Great Tusk|[miss]
|-miss|p2a: Tyranitar|p1a: Great Tusk
|
|-weather|Sandstorm|[upkeep]
|upkeep
|turn|5
|
|t:|1743827478
|-terastallize|p2a: Tyranitar|Flying
|move|p1a: Great Tusk|Stealth Rock|p2a: Tyranitar
|-sidestart|p2: ztxqwert|move: Stealth Rock
|move|p2a: Tyranitar|Ice Beam|p1a: Great Tusk
|-supereffective|p1a: Great Tusk
|-damage|p1a: Great Tusk|43/100
|
|-weather|Sandstorm|[upkeep]
|-damage|p2a: Tyranitar|94/100|[from] Sandstorm
|upkeep
|turn|6
|inactive|Battle timer is ON: inactive players will automatically lose when time's up. (requested by ztxqwert)
|
|t:|1743827534
|-end|p1a: Great Tusk|Protosynthesis|[silent]
|switch|p1a: Ogerpon|Ogerpon-Wellspring, F|100/100 par
|-damage|p1a: Ogerpon|88/100 par|[from] Stealth Rock
|move|p2a: Tyranitar|Low Kick|p1a: Ogerpon
|-damage|p1a: Ogerpon|62/100 par
|
|-weather|Sandstorm|[upkeep]
|-damage|p2a: Tyranitar|88/100|[from] Sandstorm
|-damage|p1a: Ogerpon|56/100 par|[from] Sandstorm
|upkeep
|turn|7
|
|t:|1743827550
|move|p2a: Tyranitar|Stone Edge|p1a: Ogerpon
|-damage|p1a: Ogerpon|0 fnt
|faint|p1a: Ogerpon
|
|-weather|none
|upkeep
|
|t:|1743827564
|switch|p1a: Iron Valiant|Iron Valiant|100/100
|-damage|p1a: Iron Valiant|94/100|[from] Stealth Rock
|turn|8
|
|t:|1743827590
|move|p1a: Iron Valiant|Thunderbolt|p2a: Tyranitar
|-supereffective|p2a: Tyranitar
|-damage|p2a: Tyranitar|45/100
|-status|p2a: Tyranitar|par
|move|p2a: Tyranitar|Ice Beam|p1a: Iron Valiant
|-damage|p1a: Iron Valiant|63/100
|
|upkeep
|turn|9
|inactive|ztxqwert has 120 seconds left.
|inactive|xiapuxiandiyi has 120 seconds left.
|
|t:|1743827631
|-end|p1a: Iron Valiant|Quark Drive|[silent]
|switch|p1a: Slowking|Slowking-Galar, M|100/100
|-damage|p1a: Slowking|88/100|[from] Stealth Rock
|move|p2a: Tyranitar|Knock Off|p1a: Slowking
|-supereffective|p1a: Slowking
|-damage|p1a: Slowking|0 fnt
|-damage|p2a: Tyranitar|28/100 par|[from] item: Rocky Helmet|[of] p1a: Slowking
|-enditem|p1a: Slowking|Rocky Helmet|[from] move: Knock Off|[of] p2a: Tyranitar
|faint|p1a: Slowking
|
|upkeep
|
|t:|1743827646
|switch|p1a: Zapdos|Zapdos|76/100
|turn|10
|inactive|ztxqwert has 120 seconds left.
|
|t:|1743827666
|move|p1a: Zapdos|Volt Switch|p2a: Tyranitar
|-supereffective|p2a: Tyranitar
|-damage|p2a: Tyranitar|0 fnt
|faint|p2a: Tyranitar
|
|t:|1743827681
|switch|p1a: Great Tusk|Great Tusk|43/100|[from] Volt Switch
|-damage|p1a: Great Tusk|40/100|[from] Stealth Rock
|
|upkeep
|
|t:|1743827690
|switch|p2a: Meowscarada|Meowscarada, M|100/100
|-damage|p2a: Meowscarada|88/100|[from] Stealth Rock
|turn|11
|inactive|ztxqwert has 120 seconds left.
|inactive|xiapuxiandiyi has 90 seconds left.
|
|t:|1743827716
|-end|p1a: Great Tusk|Protosynthesis|[silent]
|switch|p1a: Zapdos|Zapdos|76/100
|move|p2a: Meowscarada|Triple Axel|p1a: Zapdos
|-start|p2a: Meowscarada|typechange|Ice|[from] ability: Protean
|-supereffective|p1a: Zapdos
|-damage|p1a: Zapdos|53/100
|-supereffective|p1a: Zapdos
|-damage|p1a: Zapdos|7/100
|-supereffective|p1a: Zapdos
|-damage|p1a: Zapdos|0 fnt
|faint|p1a: Zapdos
|-hitcount|p1: Zapdos|3
|
|upkeep
|inactive|xiapuxiandiyi has 90 seconds left.
|
|t:|1743827734
|switch|p1a: Iron Valiant|Iron Valiant|63/100
|-damage|p1a: Iron Valiant|57/100|[from] Stealth Rock
|turn|12
|inactive|ztxqwert has 120 seconds left.
|
|t:|1743827757
|switch|p2a: Gholdengo|Gholdengo|100/100
|-damage|p2a: Gholdengo|94/100|[from] Stealth Rock
|-item|p2a: Gholdengo|Air Balloon
|move|p1a: Iron Valiant|Aura Sphere|p2a: Gholdengo
|-immune|p2a: Gholdengo
|
|upkeep
|turn|13
|inactive|ztxqwert has 120 seconds left.
|-message|xiapuxiandiyi forfeited.
|
|win|ztxqwert
|raw|xiapuxiandiyi's rating: 1158 &rarr; <strong>1137</strong><br />(-21 for losing)
|raw|ztxqwert's rating: 1209 &rarr; <strong>1230</strong><br />(+21 for winning)
|l|☆xiapuxiandiyi
|player|p1|
|l|☆ztxqwert
|player|p2|
