|j|☆surprise blissey
|j|☆RavenEyeKSR
|t:|1743795296
|gametype|singles
|player|p1|surprise blissey|blaine|1490
|player|p2|RavenEyeKSR|cynthia|1415
|teamsize|p1|6
|teamsize|p2|6
|gen|9
|tier|[Gen 9] OU
|rated|
|rule|HP Percentage Mod: HP is shown in percentages
|rule|Endless Battle Clause: Forcing endless battles is banned
|rule|Species Clause: Limit one of each Pokémon
|rule|OHKO Clause: OHKO moves are banned
|rule|Evasion Items Clause: Evasion items are banned
|rule|Evasion Moves Clause: Evasion moves are banned
|rule|Sleep Moves Clause: Sleep-inducing moves are banned
|clearpoke
|poke|p1|Blissey, F|
|poke|p1|Dondozo, M|
|poke|p1|Gliscor, F|
|poke|p1|Pecharunt|
|poke|p1|Regice|
|poke|p1|Clefable, M|
|poke|p2|Hydreigon, F|
|poke|p2|Iron Crown|
|poke|p2|Iron Valiant|
|poke|p2|Landorus-Therian, M|
|poke|p2|Rotom-Wash|
|poke|p2|Zamazenta-*|
|teampreview
|inactive|Battle timer is ON: inactive players will automatically lose when time's up. (requested by surprise blissey)
|c|☆RavenEyeKSR|glhf
|
|t:|1743795313
|start
|switch|p1a: Gliscor|Gliscor, F|100/100
|switch|p2a: Landorus|Landorus-Therian, M|100/100
|-ability|p2a: Landorus|Intimidate|boost
|-unboost|p1a: Gliscor|atk|1
|turn|1
|
|t:|1743795320
|move|p1a: Gliscor|Swords Dance|p1a: Gliscor
|-boost|p1a: Gliscor|atk|2
|move|p2a: Landorus|Taunt|p1a: Gliscor
|-start|p1a: Gliscor|move: Taunt
|
|-status|p1a: Gliscor|tox|[from] item: Toxic Orb
|upkeep
|turn|2
|
|t:|1743795327
|move|p1a: Gliscor|Knock Off|p2a: Landorus
|-damage|p2a: Landorus|72/100
|-damage|p1a: Gliscor|84/100 tox|[from] item: Rocky Helmet|[of] p2a: Landorus
|-enditem|p2a: Landorus|Rocky Helmet|[from] move: Knock Off|[of] p1a: Gliscor
|move|p2a: Landorus|Stealth Rock|p1a: Gliscor
|-sidestart|p1: surprise blissey|move: Stealth Rock
|
|-heal|p1a: Gliscor|96/100 tox|[from] ability: Poison Heal
|upkeep
|turn|3
|
|t:|1743795330
|move|p1a: Gliscor|Facade|p2a: Landorus
|-damage|p2a: Landorus|30/100
|move|p2a: Landorus|U-turn|p1a: Gliscor
|-resisted|p1a: Gliscor
|-damage|p1a: Gliscor|89/100 tox
|
|t:|1743795354
|switch|p2a: Rotom|Rotom-Wash|100/100|[from] U-turn
|
|-heal|p1a: Gliscor|100/100 tox|[from] ability: Poison Heal
|upkeep
|turn|4
|c|☆surprise blissey|I didn’t see that my b, glhf
|
|t:|1743795375
|switch|p1a: Regice|Regice|100/100
|move|p2a: Rotom|Hydro Pump|p1a: Regice
|-crit|p1a: Regice
|-damage|p1a: Regice|71/100
|
|upkeep
|turn|5
|
|t:|1743795382
|move|p2a: Rotom|Volt Switch|p1a: Regice
|-damage|p1a: Regice|58/100
|
|t:|1743795387
|switch|p2a: Iron Crown|Iron Crown|100/100|[from] Volt Switch
|move|p1a: Regice|Ice Beam|p2a: Iron Crown
|-resisted|p2a: Iron Crown
|-damage|p2a: Iron Crown|89/100
|
|upkeep
|turn|6
|
|t:|1743795396
|move|p2a: Iron Crown|Future Sight|p1a: Regice
|-start|p2a: Iron Crown|move: Future Sight
|move|p1a: Regice|Amnesia|p1a: Regice
|-boost|p1a: Regice|spd|2
|
|upkeep
|turn|7
|
|t:|1743795403
|move|p2a: Iron Crown|Tachyon Cutter|p1a: Regice
|-supereffective|p1a: Regice
|-damage|p1a: Regice|46/100
|-supereffective|p1a: Regice
|-damage|p1a: Regice|33/100
|-hitcount|p1a: Regice|2
|move|p1a: Regice|Rest|p1a: Regice
|-status|p1a: Regice|slp|[from] move: Rest
|-heal|p1a: Regice|100/100 slp|[silent]
|
|upkeep
|turn|8
|
|t:|1743795417
|move|p2a: Iron Crown|Volt Switch|p1a: Regice
|-damage|p1a: Regice|94/100 slp
|
|t:|1743795425
|-end|p2a: Iron Crown|Quark Drive|[silent]
|switch|p2a: Zamazenta|Zamazenta|100/100|[from] Volt Switch
|-ability|p2a: Zamazenta|Dauntless Shield|boost
|-boost|p2a: Zamazenta|def|1
|cant|p1a: Regice|slp
|
|-end|p1a: Regice|move: Future Sight
|-damage|p1a: Regice|78/100 slp
|upkeep
|turn|9
|
|t:|1743795439
|switch|p1a: Pecharunt|Pecharunt|100/100
|move|p2a: Zamazenta|Roar|p1a: Pecharunt
|drag|p1a: Dondozo|Dondozo, M|100/100
|
|upkeep
|turn|10
|
|t:|1743795447
|switch|p2a: Rotom|Rotom-Wash|100/100
|switch|p1a: Pecharunt|Pecharunt|100/100
|
|upkeep
|turn|11
|
|t:|1743795456
|move|p1a: Pecharunt|Parting Shot|p2a: Rotom
|-unboost|p2a: Rotom|atk|1
|-unboost|p2a: Rotom|spa|1
|
|t:|1743795460
|switch|p1a: Regice|Regice|78/100 slp|[from] Parting Shot
|move|p2a: Rotom|Thunder Wave||[still]
|-fail|p2a: Rotom
|
|upkeep
|turn|12
|
|t:|1743795464
|move|p2a: Rotom|Volt Switch|p1a: Regice
|-damage|p1a: Regice|69/100 slp
|
|t:|1743795472
|switch|p2a: Zamazenta|Zamazenta|100/100|[from] Volt Switch
|cant|p1a: Regice|slp
|
|upkeep
|turn|13
|
|t:|1743795476
|switch|p1a: Pecharunt|Pecharunt|100/100
|move|p2a: Zamazenta|Crunch|p1a: Pecharunt
|-supereffective|p1a: Pecharunt
|-damage|p1a: Pecharunt|77/100
|
|upkeep
|turn|14
|
|t:|1743795489
|switch|p2a: Iron Crown|Iron Crown|89/100
|move|p1a: Pecharunt|Toxic|p2a: Iron Crown
|-immune|p2a: Iron Crown
|
|upkeep
|turn|15
|
|t:|1743795496
|switch|p1a: Blissey|Blissey, F|100/100
|move|p2a: Iron Crown|Future Sight|p1a: Blissey
|-start|p2a: Iron Crown|move: Future Sight
|
|upkeep
|turn|16
|
|t:|1743795500
|move|p2a: Iron Crown|Volt Switch|p1a: Blissey
|-damage|p1a: Blissey|93/100
|
|t:|1743795506
|-end|p2a: Iron Crown|Quark Drive|[silent]
|switch|p2a: Zamazenta|Zamazenta|100/100|[from] Volt Switch
|move|p1a: Blissey|Stealth Rock|p2a: Zamazenta
|-sidestart|p2: RavenEyeKSR|move: Stealth Rock
|
|upkeep
|turn|17
|
|t:|1743795522
|switch|p1a: Clefable|Clefable, M|100/100
|move|p2a: Zamazenta|Crunch|p1a: Clefable
|-resisted|p1a: Clefable
|-damage|p1a: Clefable|92/100
|-unboost|p1a: Clefable|def|1
|
|-end|p1a: Clefable|move: Future Sight
|-damage|p1a: Clefable|36/100
|upkeep
|turn|18
|
|t:|1743795538
|switch|p2a: Iron Crown|Iron Crown|89/100
|-damage|p2a: Iron Crown|83/100|[from] Stealth Rock
|move|p1a: Clefable|Moonlight|p1a: Clefable
|-heal|p1a: Clefable|86/100
|
|upkeep
|turn|19
|
|t:|1743795548
|switch|p1a: Blissey|Blissey, F|93/100
|move|p2a: Iron Crown|Tachyon Cutter|p1a: Blissey
|-damage|p1a: Blissey|85/100
|-damage|p1a: Blissey|78/100
|-hitcount|p1a: Blissey|2
|
|upkeep
|turn|20
|
|t:|1743795559
|move|p2a: Iron Crown|Volt Switch|p1a: Blissey
|-damage|p1a: Blissey|71/100
|
|t:|1743795569
|-end|p2a: Iron Crown|Quark Drive|[silent]
|switch|p2a: Zamazenta|Zamazenta|100/100|[from] Volt Switch
|-damage|p2a: Zamazenta|94/100|[from] Stealth Rock
|move|p1a: Blissey|Seismic Toss|p2a: Zamazenta
|-damage|p2a: Zamazenta|69/100
|
|-heal|p2a: Zamazenta|75/100|[from] item: Leftovers
|upkeep
|turn|21
|inactive|surprise blissey has 120 seconds left.
|
|t:|1743795600
|switch|p2a: Iron Crown|Iron Crown|83/100
|-damage|p2a: Iron Crown|77/100|[from] Stealth Rock
|switch|p1a: Pecharunt|Pecharunt|77/100
|
|upkeep
|turn|22
|inactive|surprise blissey has 120 seconds left.
|
|t:|1743795613
|move|p2a: Iron Crown|Future Sight|p1a: Pecharunt
|-start|p2a: Iron Crown|move: Future Sight
|move|p1a: Pecharunt|Recover|p1a: Pecharunt
|-heal|p1a: Pecharunt|100/100
|
|upkeep
|turn|23
|
|t:|1743795621
|move|p2a: Iron Crown|Volt Switch|p1a: Pecharunt
|-damage|p1a: Pecharunt|78/100
|
|t:|1743795629
|-end|p2a: Iron Crown|Quark Drive|[silent]
|switch|p2a: Landorus|Landorus-Therian, M|30/100|[from] Volt Switch
|-damage|p2a: Landorus|17/100|[from] Stealth Rock
|-ability|p2a: Landorus|Intimidate|boost
|-unboost|p1a: Pecharunt|atk|1
|move|p1a: Pecharunt|Hex|p2a: Landorus
|-damage|p2a: Landorus|0 fnt
|faint|p2a: Landorus
|
|upkeep
|inactive|RavenEyeKSR has 120 seconds left.
|
|t:|1743795672
|switch|p2a: Iron Valiant|Iron Valiant|100/100
|-damage|p2a: Iron Valiant|94/100|[from] Stealth Rock
|turn|24
|
|t:|1743795679
|move|p2a: Iron Valiant|Trick|p1a: Pecharunt
|-activate|p2a: Iron Valiant|move: Trick|[of] p1a: Pecharunt
|-item|p1a: Pecharunt|Choice Scarf|[from] move: Trick
|-item|p2a: Iron Valiant|Heavy-Duty Boots|[from] move: Trick
|move|p1a: Pecharunt|Parting Shot|p2a: Iron Valiant
|-unboost|p2a: Iron Valiant|atk|1
|-unboost|p2a: Iron Valiant|spa|1
|
|t:|1743795692
|switch|p1a: Blissey|Blissey, F|71/100|[from] Parting Shot
|
|-end|p1a: Blissey|move: Future Sight
|-damage|p1a: Blissey|51/100
|upkeep
|turn|25
|inactive|RavenEyeKSR has 120 seconds left.
|
|t:|1743795704
|-end|p2a: Iron Valiant|Quark Drive|[silent]
|switch|p2a: Zamazenta|Zamazenta|75/100
|-damage|p2a: Zamazenta|69/100|[from] Stealth Rock
|switch|p1a: Gliscor|Gliscor, F|100/100 tox
|-damage|p1a: Gliscor|88/100 tox|[from] Stealth Rock
|
|-heal|p2a: Zamazenta|75/100|[from] item: Leftovers
|-heal|p1a: Gliscor|100/100 tox|[from] ability: Poison Heal
|upkeep
|turn|26
|inactive|RavenEyeKSR has 120 seconds left.
|
|t:|1743795720
|switch|p2a: Rotom|Rotom-Wash|100/100
|-damage|p2a: Rotom|88/100|[from] Stealth Rock
|move|p1a: Gliscor|Knock Off|p2a: Rotom
|-damage|p2a: Rotom|65/100
|-enditem|p2a: Rotom|Leftovers|[from] move: Knock Off|[of] p1a: Gliscor
|
|upkeep
|turn|27
|inactive|RavenEyeKSR has 120 seconds left.
|
|t:|1743795729
|move|p1a: Gliscor|Protect|p1a: Gliscor
|-singleturn|p1a: Gliscor|Protect
|move|p2a: Rotom|Pain Split|p1a: Gliscor
|-activate|p1a: Gliscor|move: Protect
|
|upkeep
|turn|28
|inactive|RavenEyeKSR has 120 seconds left.
|
|t:|1743795740
|move|p1a: Gliscor|Swords Dance|p1a: Gliscor
|-boost|p1a: Gliscor|atk|2
|move|p2a: Rotom|Hydro Pump|p1a: Gliscor
|-supereffective|p1a: Gliscor
|-damage|p1a: Gliscor|14/100 tox
|
|-heal|p1a: Gliscor|26/100 tox|[from] ability: Poison Heal
|upkeep
|turn|29
|inactive|RavenEyeKSR has 120 seconds left.
|
|t:|1743795755
|move|p1a: Gliscor|Protect|p1a: Gliscor
|-singleturn|p1a: Gliscor|Protect
|move|p2a: Rotom|Hydro Pump|p1a: Gliscor
|-activate|p1a: Gliscor|move: Protect
|
|-heal|p1a: Gliscor|39/100 tox|[from] ability: Poison Heal
|upkeep
|turn|30
|
|t:|1743795758
|-terastallize|p1a: Gliscor|Normal
|move|p1a: Gliscor|Facade|p2a: Rotom
|-damage|p2a: Rotom|0 fnt
|faint|p2a: Rotom
|
|-heal|p1a: Gliscor|51/100 tox|[from] ability: Poison Heal
|upkeep
|
|t:|1743795770
|switch|p2a: Zamazenta|Zamazenta|75/100
|-damage|p2a: Zamazenta|69/100|[from] Stealth Rock
|turn|31
|
|t:|1743795778
|move|p1a: Gliscor|Protect|p1a: Gliscor
|-singleturn|p1a: Gliscor|Protect
|move|p2a: Zamazenta|Body Press|p1a: Gliscor
|-activate|p1a: Gliscor|move: Protect
|
|-heal|p2a: Zamazenta|75/100|[from] item: Leftovers
|-heal|p1a: Gliscor|64/100 tox|[from] ability: Poison Heal
|upkeep
|turn|32
|
|t:|1743795784
|switch|p1a: Clefable|Clefable, M|86/100
|move|p2a: Zamazenta|Iron Defense|p2a: Zamazenta
|-boost|p2a: Zamazenta|def|2
|
|-heal|p2a: Zamazenta|81/100|[from] item: Leftovers
|upkeep
|turn|33
|
|t:|1743795792
|switch|p2a: Iron Crown|Iron Crown|77/100
|-damage|p2a: Iron Crown|71/100|[from] Stealth Rock
|move|p1a: Clefable|Knock Off|p2a: Iron Crown
|-supereffective|p2a: Iron Crown
|-damage|p2a: Iron Crown|34/100
|-enditem|p2a: Iron Crown|Assault Vest|[from] move: Knock Off|[of] p1a: Clefable
|
|upkeep
|turn|34
|
|t:|1743795803
|switch|p1a: Blissey|Blissey, F|51/100
|move|p2a: Iron Crown|Tachyon Cutter|p1a: Blissey
|-damage|p1a: Blissey|43/100
|-damage|p1a: Blissey|35/100
|-hitcount|p1a: Blissey|2
|
|upkeep
|turn|35
|
|t:|1743795815
|move|p2a: Iron Crown|Focus Blast|p1a: Blissey|[miss]
|-miss|p2a: Iron Crown|p1a: Blissey
|move|p1a: Blissey|Soft-Boiled|p1a: Blissey
|-heal|p1a: Blissey|85/100
|
|upkeep
|turn|36
|
|t:|1743795820
|move|p2a: Iron Crown|Volt Switch|p1a: Blissey
|-damage|p1a: Blissey|78/100
|
|t:|1743795826
|-end|p2a: Iron Crown|Quark Drive|[silent]
|switch|p2a: Zamazenta|Zamazenta|81/100|[from] Volt Switch
|-damage|p2a: Zamazenta|75/100|[from] Stealth Rock
|move|p1a: Blissey|Seismic Toss|p2a: Zamazenta
|-damage|p2a: Zamazenta|49/100
|
|-heal|p2a: Zamazenta|55/100|[from] item: Leftovers
|upkeep
|turn|37
|
|t:|1743795833
|switch|p1a: Pecharunt|Pecharunt|78/100
|-damage|p1a: Pecharunt|66/100|[from] Stealth Rock
|move|p2a: Zamazenta|Body Press|p1a: Pecharunt
|-immune|p1a: Pecharunt
|
|-heal|p2a: Zamazenta|61/100|[from] item: Leftovers
|upkeep
|turn|38
|
|t:|1743795838
|move|p1a: Pecharunt|Parting Shot|p2a: Zamazenta
|-unboost|p2a: Zamazenta|atk|1
|-unboost|p2a: Zamazenta|spa|1
|
|t:|1743795840
|switch|p1a: Clefable|Clefable, M|86/100|[from] Parting Shot
|move|p2a: Zamazenta|Crunch|p1a: Clefable
|-resisted|p1a: Clefable
|-damage|p1a: Clefable|81/100
|
|-heal|p2a: Zamazenta|68/100|[from] item: Leftovers
|upkeep
|turn|39
|
|t:|1743795850
|move|p1a: Clefable|Knock Off|p2a: Zamazenta
|-resisted|p2a: Zamazenta
|-damage|p2a: Zamazenta|62/100
|-enditem|p2a: Zamazenta|Leftovers|[from] move: Knock Off|[of] p1a: Clefable
|move|p2a: Zamazenta|Roar|p1a: Clefable
|drag|p1a: Regice|Regice|69/100 slp
|
|upkeep
|turn|40
|
|t:|1743795861
|switch|p2a: Iron Valiant|Iron Valiant|94/100
|switch|p1a: Clefable|Clefable, M|81/100
|
|upkeep
|turn|41
|inactive|RavenEyeKSR has 120 seconds left.
|
|t:|1743795909
|-end|p2a: Iron Valiant|Quark Drive|[silent]
|switch|p2a: Iron Crown|Iron Crown|34/100
|-damage|p2a: Iron Crown|28/100|[from] Stealth Rock
|move|p1a: Clefable|Knock Off|p2a: Iron Crown
|-supereffective|p2a: Iron Crown
|-damage|p2a: Iron Crown|6/100
|
|upkeep
|turn|42
|
|t:|1743795919
|switch|p1a: Blissey|Blissey, F|78/100
|move|p2a: Iron Crown|Future Sight|p1a: Blissey
|-start|p2a: Iron Crown|move: Future Sight
|
|upkeep
|turn|43
|
|t:|1743795924
|move|p2a: Iron Crown|Focus Blast|p1a: Blissey
|-supereffective|p1a: Blissey
|-damage|p1a: Blissey|52/100
|move|p1a: Blissey|Seismic Toss|p2a: Iron Crown
|-damage|p2a: Iron Crown|0 fnt
|faint|p2a: Iron Crown
|-end|p2a: Iron Crown|Quark Drive|[silent]
|
|upkeep
|
|t:|1743795933
|switch|p2a: Hydreigon|Hydreigon, F|100/100
|-damage|p2a: Hydreigon|88/100|[from] Stealth Rock
|turn|44
|
|t:|1743795936
|move|p2a: Hydreigon|Nasty Plot|p2a: Hydreigon
|-boost|p2a: Hydreigon|spa|2
|move|p1a: Blissey|Soft-Boiled|p1a: Blissey
|-heal|p1a: Blissey|100/100
|
|-end|p1a: Blissey|move: Future Sight
|-damage|p1a: Blissey|81/100
|-heal|p2a: Hydreigon|94/100|[from] item: Leftovers
|upkeep
|turn|45
|
|t:|1743795945
|move|p2a: Hydreigon|Substitute|p2a: Hydreigon
|-start|p2a: Hydreigon|Substitute
|-damage|p2a: Hydreigon|69/100
|move|p1a: Blissey|Calm Mind|p1a: Blissey
|-boost|p1a: Blissey|spa|1
|-boost|p1a: Blissey|spd|1
|
|-heal|p2a: Hydreigon|76/100|[from] item: Leftovers
|upkeep
|turn|46
|
|t:|1743795948
|move|p2a: Hydreigon|Nasty Plot|p2a: Hydreigon
|-boost|p2a: Hydreigon|spa|2
|move|p1a: Blissey|Calm Mind|p1a: Blissey
|-boost|p1a: Blissey|spa|1
|-boost|p1a: Blissey|spd|1
|
|-heal|p2a: Hydreigon|82/100|[from] item: Leftovers
|upkeep
|turn|47
|
|t:|1743795951
|move|p2a: Hydreigon|Nasty Plot|p2a: Hydreigon
|-boost|p2a: Hydreigon|spa|2
|move|p1a: Blissey|Calm Mind|p1a: Blissey
|-boost|p1a: Blissey|spa|1
|-boost|p1a: Blissey|spd|1
|
|-heal|p2a: Hydreigon|88/100|[from] item: Leftovers
|upkeep
|turn|48
|
|t:|1743795954
|move|p2a: Hydreigon|Dark Pulse|p1a: Blissey
|-damage|p1a: Blissey|61/100
|move|p1a: Blissey|Calm Mind|p1a: Blissey
|-boost|p1a: Blissey|spa|1
|-boost|p1a: Blissey|spd|1
|
|-heal|p2a: Hydreigon|94/100|[from] item: Leftovers
|upkeep
|turn|49
|
|t:|1743795958
|move|p2a: Hydreigon|Dark Pulse|p1a: Blissey
|-damage|p1a: Blissey|44/100
|move|p1a: Blissey|Soft-Boiled|p1a: Blissey
|-heal|p1a: Blissey|94/100
|
|-heal|p2a: Hydreigon|99/100|[from] item: Leftovers
|upkeep
|turn|50
|
|t:|1743795965
|move|p2a: Hydreigon|Dark Pulse|p1a: Blissey
|-damage|p1a: Blissey|77/100
|move|p1a: Blissey|Seismic Toss|p2a: Hydreigon
|-end|p2a: Hydreigon|Substitute
|
|-heal|p2a: Hydreigon|100/100|[from] item: Leftovers
|upkeep
|turn|51
|
|t:|1743795971
|move|p2a: Hydreigon|Substitute|p2a: Hydreigon
|-start|p2a: Hydreigon|Substitute
|-damage|p2a: Hydreigon|76/100
|move|p1a: Blissey|Seismic Toss|p2a: Hydreigon
|-end|p2a: Hydreigon|Substitute
|
|-heal|p2a: Hydreigon|82/100|[from] item: Leftovers
|upkeep
|turn|52
|
|t:|1743795975
|move|p2a: Hydreigon|Substitute|p2a: Hydreigon
|-start|p2a: Hydreigon|Substitute
|-damage|p2a: Hydreigon|57/100
|move|p1a: Blissey|Seismic Toss|p2a: Hydreigon
|-end|p2a: Hydreigon|Substitute
|
|-heal|p2a: Hydreigon|63/100|[from] item: Leftovers
|upkeep
|turn|53
|
|t:|1743795979
|move|p2a: Hydreigon|Dark Pulse|p1a: Blissey
|-damage|p1a: Blissey|59/100
|move|p1a: Blissey|Seismic Toss|p2a: Hydreigon
|-damage|p2a: Hydreigon|32/100
|
|-heal|p2a: Hydreigon|38/100|[from] item: Leftovers
|upkeep
|turn|54
|
|t:|1743795983
|move|p2a: Hydreigon|Dark Pulse|p1a: Blissey
|-damage|p1a: Blissey|42/100
|move|p1a: Blissey|Seismic Toss|p2a: Hydreigon
|-damage|p2a: Hydreigon|8/100
|
|-heal|p2a: Hydreigon|14/100|[from] item: Leftovers
|upkeep
|turn|55
|
|t:|1743795990
|move|p2a: Hydreigon|Dark Pulse|p1a: Blissey
|-damage|p1a: Blissey|26/100
|cant|p1a: Blissey|flinch
|
|-heal|p2a: Hydreigon|20/100|[from] item: Leftovers
|upkeep
|turn|56
|
|t:|1743796001
|move|p2a: Hydreigon|Dark Pulse|p1a: Blissey
|-damage|p1a: Blissey|9/100
|cant|p1a: Blissey|flinch
|
|-heal|p2a: Hydreigon|26/100|[from] item: Leftovers
|upkeep
|turn|57
|
|t:|1743796005
|move|p2a: Hydreigon|Dark Pulse|p1a: Blissey
|-damage|p1a: Blissey|0 fnt
|faint|p1a: Blissey
|
|-heal|p2a: Hydreigon|32/100|[from] item: Leftovers
|upkeep
|
|t:|1743796010
|switch|p1a: Dondozo|Dondozo, M|100/100
|turn|58
|
|t:|1743796037
|move|p2a: Hydreigon|Dark Pulse|p1a: Dondozo
|-damage|p1a: Dondozo|59/100
|move|p1a: Dondozo|Body Press|p2a: Hydreigon
|-supereffective|p2a: Hydreigon
|-damage|p2a: Hydreigon|0 fnt
|faint|p2a: Hydreigon
|
|upkeep
|
|t:|1743796042
|switch|p2a: Iron Valiant|Iron Valiant|94/100
|turn|59
|inactive|RavenEyeKSR has 120 seconds left.
|
|t:|1743796059
|move|p2a: Iron Valiant|Calm Mind|p2a: Iron Valiant
|-boost|p2a: Iron Valiant|spa|1
|-boost|p2a: Iron Valiant|spd|1
|move|p1a: Dondozo|Avalanche|p2a: Iron Valiant
|-damage|p2a: Iron Valiant|77/100
|
|upkeep
|turn|60
|
|t:|1743796068
|move|p2a: Iron Valiant|Moonblast|p1a: Dondozo
|-damage|p1a: Dondozo|13/100
|move|p1a: Dondozo|Avalanche|p2a: Iron Valiant
|-damage|p2a: Iron Valiant|42/100
|
|upkeep
|turn|61
|
|t:|1743796077
|move|p2a: Iron Valiant|Moonblast|p1a: Dondozo
|-damage|p1a: Dondozo|0 fnt
|faint|p1a: Dondozo
|
|upkeep
|
|t:|1743796079
|switch|p1a: Pecharunt|Pecharunt|66/100
|-damage|p1a: Pecharunt|53/100|[from] Stealth Rock
|turn|62
|
|t:|1743796101
|move|p1a: Pecharunt|Toxic|p2a: Iron Valiant
|-status|p2a: Iron Valiant|tox
|-start|p2a: Iron Valiant|confusion|[from] ability: Poison Puppeteer|[of] p1a: Pecharunt
|-activate|p2a: Iron Valiant|confusion
|move|p2a: Iron Valiant|Shadow Ball|p1a: Pecharunt
|-supereffective|p1a: Pecharunt
|-damage|p1a: Pecharunt|0 fnt
|faint|p1a: Pecharunt
|
|-damage|p2a: Iron Valiant|35/100 tox|[from] psn
|upkeep
|
|t:|1743796106
|switch|p1a: Gliscor|Gliscor, F, tera:Normal|64/100 tox
|-damage|p1a: Gliscor|51/100 tox|[from] Stealth Rock
|turn|63
|
|t:|1743796112
|move|p1a: Gliscor|Protect|p1a: Gliscor
|-singleturn|p1a: Gliscor|Protect
|-activate|p2a: Iron Valiant|confusion
|move|p2a: Iron Valiant|Moonblast|p1a: Gliscor
|-activate|p1a: Gliscor|move: Protect
|
|-damage|p2a: Iron Valiant|23/100 tox|[from] psn
|-heal|p1a: Gliscor|64/100 tox|[from] ability: Poison Heal
|upkeep
|turn|64
|
|t:|1743796116
|-end|p2a: Iron Valiant|confusion
|move|p2a: Iron Valiant|Moonblast|p1a: Gliscor
|-damage|p1a: Gliscor|0 fnt
|faint|p1a: Gliscor
|
|-damage|p2a: Iron Valiant|4/100 tox|[from] psn
|upkeep
|
|t:|1743796120
|switch|p1a: Regice|Regice|69/100 slp
|turn|65
|
|t:|1743796129
|move|p2a: Iron Valiant|Moonblast|p1a: Regice
|-damage|p1a: Regice|36/100 slp
|-curestatus|p1a: Regice|slp|[msg]
|move|p1a: Regice|Ice Beam|p2a: Iron Valiant
|-damage|p2a: Iron Valiant|0 fnt
|faint|p2a: Iron Valiant
|-end|p2a: Iron Valiant|Quark Drive|[silent]
|
|upkeep
|
|t:|1743796135
|switch|p2a: Zamazenta|Zamazenta|62/100
|-damage|p2a: Zamazenta|56/100|[from] Stealth Rock
|turn|66
|
|t:|1743796140
|move|p2a: Zamazenta|Iron Defense|p2a: Zamazenta
|-boost|p2a: Zamazenta|def|2
|move|p1a: Regice|Ice Beam|p2a: Zamazenta
|-crit|p2a: Zamazenta
|-damage|p2a: Zamazenta|18/100
|
|upkeep
|turn|67
|
|t:|1743796146
|move|p2a: Zamazenta|Body Press|p1a: Regice
|-supereffective|p1a: Regice
|-damage|p1a: Regice|0 fnt
|faint|p1a: Regice
|
|upkeep
|
|t:|1743796148
|switch|p1a: Clefable|Clefable, M|81/100
|turn|68
|
|t:|1743796159
|move|p2a: Zamazenta|Body Press|p1a: Clefable
|-resisted|p1a: Clefable
|-damage|p1a: Clefable|56/100
|move|p1a: Clefable|Moonlight|p1a: Clefable
|-heal|p1a: Clefable|100/100
|
|-damage|p2a: Zamazenta|5/100|[from] item: Sticky Barb
|upkeep
|turn|69
|
|t:|1743796170
|move|p2a: Zamazenta|Body Press|p1a: Clefable
|-resisted|p1a: Clefable
|-damage|p1a: Clefable|75/100
|move|p1a: Clefable|Moonlight|p1a: Clefable
|-heal|p1a: Clefable|100/100
|
|-damage|p2a: Zamazenta|0 fnt|[from] item: Sticky Barb
|faint|p2a: Zamazenta
|
|win|surprise blissey
|raw|surprise blissey's rating: 1490 &rarr; <strong>1506</strong><br />(+16 for winning)
|raw|RavenEyeKSR's rating: 1415 &rarr; <strong>1399</strong><br />(-16 for losing)
|c|☆RavenEyeKSR|gg
|c|☆surprise blissey|Gg
