|j|☆DeepFriedMagikarp
|j|☆dajiangbanlema
|t:|1743813952
|gametype|singles
|player|p1|DeepFriedMagikarp|fantina|1640
|player|p2|dajiangbanlema|170|1644
|teamsize|p1|6
|teamsize|p2|6
|gen|9
|tier|[Gen 9] OU
|rated|
|rule|HP Percentage Mod: HP is shown in percentages
|rule|Endless Battle Clause: Forcing endless battles is banned
|rule|Species Clause: Limit one of each Pokémon
|rule|OHKO Clause: OHKO moves are banned
|rule|Evasion Items Clause: Evasion items are banned
|rule|Evasion Moves Clause: Evasion moves are banned
|rule|Sleep Moves Clause: Sleep-inducing moves are banned
|clearpoke
|poke|p1|Darkrai|
|poke|p1|Manaphy|
|poke|p1|Landorus-Therian, M|
|poke|p1|Gholdengo|
|poke|p1|Raging Bolt|
|poke|p1|Iron Valiant|
|poke|p2|Mew|
|poke|p2|Hatterene, F|
|poke|p2|Deoxys-Defense|
|poke|p2|Glimmora, F|
|poke|p2|Clefable, M|
|poke|p2|Gholdengo|
|teampreview
|inactive|Battle timer is ON: inactive players will automatically lose when time's up. (requested by DeepFriedMagikarp)
|
|t:|1743813965
|start
|switch|p1a: Darkrai|Darkrai|100/100
|switch|p2a: Mew|Mew|100/100
|turn|1
|
|t:|1743813970
|switch|p2a: Clefable|Clefable, M|100/100
|move|p1a: Darkrai|Dark Pulse|p2a: Clefable
|-resisted|p2a: Clefable
|-damage|p2a: Clefable|85/100
|
|-heal|p2a: Clefable|91/100|[from] item: Leftovers
|upkeep
|turn|2
|
|t:|1743813974
|move|p2a: Clefable|Protect|p2a: Clefable
|-singleturn|p2a: Clefable|Protect
|move|p1a: Darkrai|Sludge Bomb|p2a: Clefable
|-activate|p2a: Clefable|move: Protect
|
|-heal|p2a: Clefable|97/100|[from] item: Leftovers
|upkeep
|turn|3
|
|t:|1743813980
|move|p1a: Darkrai|Sludge Bomb|p2a: Clefable
|-supereffective|p2a: Clefable
|-damage|p2a: Clefable|50/100
|move|p2a: Clefable|Moonblast|p1a: Darkrai
|-supereffective|p1a: Darkrai
|-damage|p1a: Darkrai|17/100
|-unboost|p1a: Darkrai|spa|1
|
|-heal|p2a: Clefable|56/100|[from] item: Leftovers
|upkeep
|turn|4
|
|t:|1743813989
|switch|p1a: Gholdengo|Gholdengo|100/100
|-item|p1a: Gholdengo|Air Balloon
|move|p2a: Clefable|Protect||[still]
|-fail|p2a: Clefable
|
|-heal|p2a: Clefable|62/100|[from] item: Leftovers
|upkeep
|turn|5
|
|t:|1743814008
|move|p1a: Gholdengo|Nasty Plot|p1a: Gholdengo
|-boost|p1a: Gholdengo|spa|2
|move|p2a: Clefable|Stealth Rock|p1a: Gholdengo
|-sidestart|p1: DeepFriedMagikarp|move: Stealth Rock
|
|-heal|p2a: Clefable|69/100|[from] item: Leftovers
|upkeep
|turn|6
|
|t:|1743814011
|move|p2a: Clefable|Protect|p2a: Clefable
|-singleturn|p2a: Clefable|Protect
|move|p1a: Gholdengo|Make It Rain|p2a: Clefable
|-activate|p2a: Clefable|move: Protect
|
|-heal|p2a: Clefable|75/100|[from] item: Leftovers
|upkeep
|turn|7
|
|t:|1743814021
|-terastallize|p2a: Clefable|Water
|move|p1a: Gholdengo|Make It Rain|p2a: Clefable
|-resisted|p2a: Clefable
|-damage|p2a: Clefable|55/100
|-unboost|p1a: Gholdengo|spa|1
|move|p2a: Clefable|Wish|p2a: Clefable
|
|-heal|p2a: Clefable|61/100|[from] item: Leftovers
|upkeep
|turn|8
|
|t:|1743814031
|move|p1a: Gholdengo|Shadow Ball|p2a: Clefable
|-damage|p2a: Clefable|31/100
|move|p2a: Clefable|Moonblast|p1a: Gholdengo
|-resisted|p1a: Gholdengo
|-damage|p1a: Gholdengo|86/100
|-enditem|p1a: Gholdengo|Air Balloon
|
|-heal|p2a: Clefable|81/100|[from] move: Wish|[wisher] Clefable
|-heal|p2a: Clefable|87/100|[from] item: Leftovers
|upkeep
|turn|9
|
|t:|1743814041
|move|p1a: Gholdengo|Shadow Ball|p2a: Clefable
|-damage|p2a: Clefable|57/100
|move|p2a: Clefable|Moonblast|p1a: Gholdengo
|-resisted|p1a: Gholdengo
|-damage|p1a: Gholdengo|70/100
|
|-heal|p2a: Clefable|63/100|[from] item: Leftovers
|upkeep
|turn|10
|
|t:|1743814045
|move|p2a: Clefable|Protect|p2a: Clefable
|-singleturn|p2a: Clefable|Protect
|move|p1a: Gholdengo|Shadow Ball|p2a: Clefable
|-activate|p2a: Clefable|move: Protect
|
|-heal|p2a: Clefable|69/100|[from] item: Leftovers
|upkeep
|turn|11
|
|t:|1743814048
|move|p1a: Gholdengo|Shadow Ball|p2a: Clefable
|-damage|p2a: Clefable|38/100
|move|p2a: Clefable|Wish|p2a: Clefable
|
|-heal|p2a: Clefable|44/100|[from] item: Leftovers
|upkeep
|turn|12
|
|t:|1743814052
|move|p2a: Clefable|Protect|p2a: Clefable
|-singleturn|p2a: Clefable|Protect
|move|p1a: Gholdengo|Shadow Ball|p2a: Clefable
|-activate|p2a: Clefable|move: Protect
|
|-heal|p2a: Clefable|94/100|[from] move: Wish|[wisher] Clefable
|-heal|p2a: Clefable|100/100|[from] item: Leftovers
|upkeep
|turn|13
|
|t:|1743814056
|move|p1a: Gholdengo|Shadow Ball|p2a: Clefable
|-damage|p2a: Clefable|72/100
|move|p2a: Clefable|Moonblast|p1a: Gholdengo
|-resisted|p1a: Gholdengo
|-damage|p1a: Gholdengo|54/100
|
|-heal|p2a: Clefable|78/100|[from] item: Leftovers
|upkeep
|turn|14
|
|t:|1743814059
|move|p2a: Clefable|Protect|p2a: Clefable
|-singleturn|p2a: Clefable|Protect
|move|p1a: Gholdengo|Shadow Ball|p2a: Clefable
|-activate|p2a: Clefable|move: Protect
|
|-heal|p2a: Clefable|84/100|[from] item: Leftovers
|upkeep
|turn|15
|
|t:|1743814062
|move|p1a: Gholdengo|Shadow Ball|p2a: Clefable
|-damage|p2a: Clefable|58/100
|move|p2a: Clefable|Moonblast|p1a: Gholdengo
|-resisted|p1a: Gholdengo
|-damage|p1a: Gholdengo|38/100
|-unboost|p1a: Gholdengo|spa|1
|
|-heal|p2a: Clefable|64/100|[from] item: Leftovers
|upkeep
|turn|16
|
|t:|1743814066
|move|p2a: Clefable|Protect|p2a: Clefable
|-singleturn|p2a: Clefable|Protect
|move|p1a: Gholdengo|Shadow Ball|p2a: Clefable
|-activate|p2a: Clefable|move: Protect
|
|-heal|p2a: Clefable|70/100|[from] item: Leftovers
|upkeep
|turn|17
|
|t:|1743814071
|move|p1a: Gholdengo|Shadow Ball|p2a: Clefable
|-damage|p2a: Clefable|39/100
|-unboost|p2a: Clefable|spd|1
|move|p2a: Clefable|Moonblast|p1a: Gholdengo
|-resisted|p1a: Gholdengo
|-damage|p1a: Gholdengo|20/100
|-unboost|p1a: Gholdengo|spa|1
|
|-heal|p2a: Clefable|45/100|[from] item: Leftovers
|upkeep
|turn|18
|
|t:|1743814075
|move|p2a: Clefable|Protect|p2a: Clefable
|-singleturn|p2a: Clefable|Protect
|move|p1a: Gholdengo|Nasty Plot|p1a: Gholdengo
|-boost|p1a: Gholdengo|spa|2
|
|-heal|p2a: Clefable|51/100|[from] item: Leftovers
|upkeep
|turn|19
|
|t:|1743814078
|move|p1a: Gholdengo|Shadow Ball|p2a: Clefable
|-damage|p2a: Clefable|8/100
|move|p2a: Clefable|Wish|p2a: Clefable
|
|-heal|p2a: Clefable|14/100|[from] item: Leftovers
|upkeep
|turn|20
|
|t:|1743814084
|move|p2a: Clefable|Protect|p2a: Clefable
|-singleturn|p2a: Clefable|Protect
|move|p1a: Gholdengo|Nasty Plot|p1a: Gholdengo
|-boost|p1a: Gholdengo|spa|2
|
|-heal|p2a: Clefable|64/100|[from] move: Wish|[wisher] Clefable
|-heal|p2a: Clefable|70/100|[from] item: Leftovers
|upkeep
|turn|21
|
|t:|1743814093
|switch|p2a: Glimmora|Glimmora, F|100/100
|move|p1a: Gholdengo|Shadow Ball|p2a: Glimmora
|-damage|p2a: Glimmora|0 fnt
|faint|p2a: Glimmora
|
|upkeep
|j| Duke Guy
|
|t:|1743814105
|switch|p2a: Mew|Mew|100/100
|turn|22
|
|t:|1743814107
|move|p2a: Mew|Earth Power|p1a: Gholdengo
|-supereffective|p1a: Gholdengo
|-damage|p1a: Gholdengo|0 fnt
|faint|p1a: Gholdengo
|
|upkeep
|
|t:|1743814110
|switch|p1a: Darkrai|Darkrai|17/100
|turn|23
|
|t:|1743814115
|switch|p2a: Hatterene|Hatterene, F|100/100
|move|p1a: Darkrai|Dark Pulse|p2a: Hatterene
|-damage|p2a: Hatterene|51/100
|
|-heal|p2a: Hatterene|57/100|[from] item: Leftovers
|upkeep
|turn|24
|
|t:|1743814120
|move|p1a: Darkrai|Sludge Bomb|p2a: Hatterene
|-supereffective|p2a: Hatterene
|-damage|p2a: Hatterene|0 fnt
|faint|p2a: Hatterene
|
|upkeep
|
|t:|1743814126
|switch|p2a: Clefable|Clefable, M, tera:Water|70/100
|turn|25
|
|t:|1743814130
|switch|p1a: Manaphy|Manaphy|100/100
|-damage|p1a: Manaphy|88/100|[from] Stealth Rock
|move|p2a: Clefable|Moonblast|p1a: Manaphy
|-damage|p1a: Manaphy|58/100
|
|-heal|p2a: Clefable|76/100|[from] item: Leftovers
|upkeep
|turn|26
|
|t:|1743814141
|move|p1a: Manaphy|Energy Ball|p2a: Clefable
|-supereffective|p2a: Clefable
|-damage|p2a: Clefable|40/100
|move|p2a: Clefable|Wish|p2a: Clefable
|
|-heal|p2a: Clefable|46/100|[from] item: Leftovers
|upkeep
|turn|27
|
|t:|1743814146
|switch|p1a: Raging Bolt|Raging Bolt|100/100
|-damage|p1a: Raging Bolt|88/100|[from] Stealth Rock
|-enditem|p1a: Raging Bolt|Booster Energy
|-activate|p1a: Raging Bolt|ability: Protosynthesis|[fromitem]
|-start|p1a: Raging Bolt|protosynthesisspa
|move|p2a: Clefable|Moonblast|p1a: Raging Bolt
|-supereffective|p1a: Raging Bolt
|-damage|p1a: Raging Bolt|36/100
|
|-heal|p2a: Clefable|96/100|[from] move: Wish|[wisher] Clefable
|-heal|p2a: Clefable|100/100|[from] item: Leftovers
|upkeep
|turn|28
|
|t:|1743814156
|move|p1a: Raging Bolt|Thunderbolt|p2a: Clefable
|-supereffective|p2a: Clefable
|-crit|p2a: Clefable
|-damage|p2a: Clefable|0 fnt
|faint|p2a: Clefable
|
|upkeep
|
|t:|1743814160
|switch|p2a: Mew|Mew|100/100
|turn|29
|
|t:|1743814163
|move|p1a: Raging Bolt|Thunderclap|p2a: Mew
|-damage|p2a: Mew|46/100
|move|p2a: Mew|Earth Power|p1a: Raging Bolt
|-supereffective|p1a: Raging Bolt
|-damage|p1a: Raging Bolt|0 fnt
|faint|p1a: Raging Bolt
|-end|p1a: Raging Bolt|Protosynthesis|[silent]
|
|upkeep
|
|t:|1743814165
|switch|p1a: Darkrai|Darkrai|17/100
|turn|30
|
|t:|1743814171
|switch|p2a: Deoxys|Deoxys-Defense|100/100
|-ability|p2a: Deoxys|Pressure
|move|p1a: Darkrai|Dark Pulse|p2a: Deoxys
|-supereffective|p2a: Deoxys
|-damage|p2a: Deoxys|45/100
|
|upkeep
|turn|31
|
|t:|1743814175
|move|p1a: Darkrai|Dark Pulse|p2a: Deoxys
|-supereffective|p2a: Deoxys
|-damage|p2a: Deoxys|0 fnt
|faint|p2a: Deoxys
|
|upkeep
|
|t:|1743814177
|switch|p2a: Gholdengo|Gholdengo|100/100
|-item|p2a: Gholdengo|Air Balloon
|turn|32
|
|t:|1743814183
|move|p1a: Darkrai|Dark Pulse|p2a: Gholdengo
|-supereffective|p2a: Gholdengo
|-damage|p2a: Gholdengo|0 fnt
|-enditem|p2a: Gholdengo|Air Balloon
|faint|p2a: Gholdengo
|
|upkeep
|-message|dajiangbanlema forfeited.
|
|win|DeepFriedMagikarp
|raw|DeepFriedMagikarp's rating: 1640 &rarr; <strong>1660</strong><br />(+20 for winning)
|raw|dajiangbanlema's rating: 1644 &rarr; <strong>1624</strong><br />(-20 for losing)
|l|☆dajiangbanlema
|player|p2|
|l|☆DeepFriedMagikarp
|player|p1|
