|j|☆mbmvmv
|j|☆jibreel69
|t:|1743826030
|gametype|singles
|player|p1|mbmvmv|101|1270
|player|p2|jibreel69|clair|1237
|teamsize|p1|6
|teamsize|p2|6
|gen|9
|tier|[Gen 9] OU
|rated|
|rule|HP Percentage Mod: HP is shown in percentages
|rule|Endless Battle Clause: Forcing endless battles is banned
|rule|Species Clause: Limit one of each Pokémon
|rule|OHKO Clause: OHKO moves are banned
|rule|Evasion Items Clause: Evasion items are banned
|rule|Evasion Moves Clause: Evasion moves are banned
|rule|Sleep Moves Clause: Sleep-inducing moves are banned
|clearpoke
|poke|p1|Blaziken, F|
|poke|p1|Garchomp, M|
|poke|p1|Azumarill, M|
|poke|p1|Slowking-Galar, F|
|poke|p1|Forretress, M|
|poke|p1|Clodsire, M|
|poke|p2|Thundurus-Therian, M|
|poke|p2|Cinderace, M|
|poke|p2|Corviknight, F|
|poke|p2|Alomomola, F|
|poke|p2|Iron Treads|
|poke|p2|Walking Wake|
|teampreview
|inactive|Battle timer is ON: inactive players will automatically lose when time's up. (requested by mbmvmv)
|
|t:|1743826061
|start
|switch|p1a: Garchomp|Garchomp, M|100/100
|switch|p2a: Alomomola|Alomomola, F, shiny|100/100
|turn|1
|
|t:|1743826069
|move|p1a: Garchomp|Stealth Rock|p2a: Alomomola
|-sidestart|p2: jibreel69|move: Stealth Rock
|move|p2a: Alomomola|Flip Turn|p1a: Garchomp
|-damage|p1a: Garchomp|91/100
|-damage|p2a: Alomomola|88/100|[from] ability: Rough Skin|[of] p1a: Garchomp
|-damage|p2a: Alomomola|72/100|[from] item: Rocky Helmet|[of] p1a: Garchomp
|
|t:|1743826077
|switch|p2a: Corviknight|Corviknight, F|100/100|[from] Flip Turn
|-damage|p2a: Corviknight|88/100|[from] Stealth Rock
|-ability|p2a: Corviknight|Pressure
|
|upkeep
|turn|2
|
|t:|1743826085
|move|p1a: Garchomp|Swords Dance|p1a: Garchomp
|-boost|p1a: Garchomp|atk|2
|move|p2a: Corviknight|Defog|p1a: Garchomp
|-unboost|p1a: Garchomp|evasion|1
|-sideend|p2: jibreel69|Stealth Rock|[from] move: Defog|[of] p2a: Corviknight
|
|upkeep
|turn|3
|
|t:|1743826093
|move|p1a: Garchomp|Stealth Rock|p2a: Corviknight
|-sidestart|p2: jibreel69|move: Stealth Rock
|move|p2a: Corviknight|Brave Bird|p1a: Garchomp
|-damage|p1a: Garchomp|68/100
|-damage|p2a: Corviknight|76/100|[from] ability: Rough Skin|[of] p1a: Garchomp
|-damage|p2a: Corviknight|59/100|[from] item: Rocky Helmet|[of] p1a: Garchomp
|-damage|p2a: Corviknight|51/100|[from] Recoil
|
|upkeep
|turn|4
|
|t:|1743826099
|move|p1a: Garchomp|Swords Dance|p1a: Garchomp
|-boost|p1a: Garchomp|atk|2
|move|p2a: Corviknight|Roost|p2a: Corviknight
|-heal|p2a: Corviknight|100/100
|-singleturn|p2a: Corviknight|move: Roost
|
|upkeep
|turn|5
|
|t:|1743826106
|move|p1a: Garchomp|Spikes|p2a: Corviknight
|-sidestart|p2: jibreel69|Spikes
|move|p2a: Corviknight|Defog|p1a: Garchomp
|-unboost|p1a: Garchomp|evasion|1
|-sideend|p2: jibreel69|Spikes|[from] move: Defog|[of] p2a: Corviknight
|-sideend|p2: jibreel69|Stealth Rock|[from] move: Defog|[of] p2a: Corviknight
|
|upkeep
|turn|6
|
|t:|1743826114
|move|p2a: Corviknight|Defog|p1a: Garchomp
|-unboost|p1a: Garchomp|evasion|1
|move|p1a: Garchomp|Dragon Tail|p2a: Corviknight|[miss]
|-miss|p1a: Garchomp|p2a: Corviknight
|
|upkeep
|turn|7
|
|t:|1743826120
|move|p1a: Garchomp|Stealth Rock|p2a: Corviknight
|-sidestart|p2: jibreel69|move: Stealth Rock
|move|p2a: Corviknight|Brave Bird|p1a: Garchomp
|-damage|p1a: Garchomp|46/100
|-damage|p2a: Corviknight|88/100|[from] ability: Rough Skin|[of] p1a: Garchomp
|-damage|p2a: Corviknight|72/100|[from] item: Rocky Helmet|[of] p1a: Garchomp
|-damage|p2a: Corviknight|64/100|[from] Recoil
|
|upkeep
|turn|8
|
|t:|1743826124
|move|p2a: Corviknight|Defog|p1a: Garchomp
|-unboost|p1a: Garchomp|evasion|1
|-sideend|p2: jibreel69|Stealth Rock|[from] move: Defog|[of] p2a: Corviknight
|move|p1a: Garchomp|Dragon Tail|p2a: Corviknight
|-resisted|p2a: Corviknight
|-damage|p2a: Corviknight|40/100
|-damage|p1a: Garchomp|30/100|[from] item: Rocky Helmet|[of] p2a: Corviknight
|drag|p2a: Thundurus|Thundurus-Therian, M, shiny|100/100
|
|upkeep
|turn|9
|
|t:|1743826140
|switch|p2a: Corviknight|Corviknight, F|40/100
|-ability|p2a: Corviknight|Pressure
|move|p1a: Garchomp|Dragon Tail|p2a: Corviknight
|-resisted|p2a: Corviknight
|-damage|p2a: Corviknight|16/100
|-damage|p1a: Garchomp|13/100|[from] item: Rocky Helmet|[of] p2a: Corviknight
|drag|p2a: Alomomola|Alomomola, F, shiny|100/100
|
|upkeep
|turn|10
|
|t:|1743826150
|move|p1a: Garchomp|Stealth Rock|p2a: Alomomola
|-sidestart|p2: jibreel69|move: Stealth Rock
|move|p2a: Alomomola|Wish|p2a: Alomomola
|
|upkeep
|turn|11
|
|t:|1743826160
|move|p2a: Alomomola|Mirror Coat||[still]
|-fail|p2a: Alomomola
|move|p1a: Garchomp|Dragon Tail|p2a: Alomomola|[miss]
|-miss|p1a: Garchomp|p2a: Alomomola
|
|upkeep
|turn|12
|
|t:|1743826171
|move|p2a: Alomomola|Wish|p2a: Alomomola
|move|p1a: Garchomp|Dragon Tail|p2a: Alomomola
|-damage|p2a: Alomomola|56/100
|-damage|p1a: Garchomp|0 fnt|[from] item: Rocky Helmet|[of] p2a: Alomomola
|faint|p1a: Garchomp
|drag|p2a: Walking Wake|Walking Wake|100/100
|-damage|p2a: Walking Wake|88/100|[from] Stealth Rock
|
|upkeep
|
|t:|1743826184
|switch|p1a: Slowking|Slowking-Galar, F|100/100
|turn|13
|
|t:|1743826191
|move|p2a: Walking Wake|Knock Off|p1a: Slowking
|-supereffective|p1a: Slowking
|-damage|p1a: Slowking|69/100
|-enditem|p1a: Slowking|Assault Vest|[from] move: Knock Off|[of] p2a: Walking Wake
|move|p1a: Slowking|Psychic Noise|p2a: Walking Wake
|-damage|p2a: Walking Wake|65/100
|-start|p2a: Walking Wake|move: Heal Block
|
|upkeep
|turn|14
|
|t:|1743826203
|switch|p1a: Forretress|Forretress, M|100/100
|move|p2a: Walking Wake|Hydro Steam|p1a: Forretress
|-damage|p1a: Forretress|52/100
|
|-end|p2a: Walking Wake|move: Heal Block
|upkeep
|turn|15
|
|t:|1743826211
|move|p2a: Walking Wake|Hydro Steam|p1a: Forretress
|-damage|p1a: Forretress|4/100
|move|p1a: Forretress|Pain Split|p2a: Walking Wake
|-sethp|p2a: Walking Wake|34/100|[from] move: Pain Split|[silent]
|-sethp|p1a: Forretress|46/100|[from] move: Pain Split
|
|upkeep
|turn|16
|
|t:|1743826221
|move|p2a: Walking Wake|Hydro Steam|p1a: Forretress
|-damage|p1a: Forretress|0 fnt
|faint|p1a: Forretress
|
|upkeep
|
|t:|1743826231
|switch|p1a: Blaziken|Blaziken, F|100/100
|turn|17
|
|t:|1743826240
|move|p1a: Blaziken|Endure|p1a: Blaziken
|-singleturn|p1a: Blaziken|move: Endure
|move|p2a: Walking Wake|Flip Turn|p1a: Blaziken
|-supereffective|p1a: Blaziken
|-damage|p1a: Blaziken|45/100
|-enditem|p1a: Blaziken|Weakness Policy
|-boost|p1a: Blaziken|atk|2|[from] item: Weakness Policy
|-boost|p1a: Blaziken|spa|2|[from] item: Weakness Policy
|
|t:|1743826249
|-end|p2a: Walking Wake|Protosynthesis|[silent]
|switch|p2a: Alomomola|Alomomola, F, shiny|89/100|[from] Flip Turn
|-damage|p2a: Alomomola|77/100|[from] Stealth Rock
|
|-ability|p1a: Blaziken|Speed Boost|boost
|-boost|p1a: Blaziken|spe|1
|upkeep
|turn|18
|
|t:|1743826257
|move|p1a: Blaziken|Close Combat|p2a: Alomomola
|-damage|p2a: Alomomola|0 fnt
|-unboost|p1a: Blaziken|def|1
|-unboost|p1a: Blaziken|spd|1
|-damage|p1a: Blaziken|28/100|[from] item: Rocky Helmet|[of] p2a: Alomomola
|faint|p2a: Alomomola
|
|-ability|p1a: Blaziken|Speed Boost|boost
|-boost|p1a: Blaziken|spe|1
|upkeep
|inactive|jibreel69 has 120 seconds left.
|
|t:|1743826290
|switch|p2a: Iron Treads|Iron Treads|100/100
|-damage|p2a: Iron Treads|97/100|[from] Stealth Rock
|turn|19
|
|t:|1743826300
|move|p1a: Blaziken|Close Combat|p2a: Iron Treads
|-supereffective|p2a: Iron Treads
|-damage|p2a: Iron Treads|0 fnt
|-unboost|p1a: Blaziken|def|1
|-unboost|p1a: Blaziken|spd|1
|faint|p2a: Iron Treads
|-end|p2a: Iron Treads|Quark Drive|[silent]
|
|-ability|p1a: Blaziken|Speed Boost|boost
|-boost|p1a: Blaziken|spe|1
|upkeep
|
|t:|1743826305
|switch|p2a: Thundurus|Thundurus-Therian, M, shiny|100/100
|-damage|p2a: Thundurus|76/100|[from] Stealth Rock
|turn|20
|
|t:|1743826310
|-terastallize|p2a: Thundurus|Fairy
|move|p1a: Blaziken|Fire Blast|p2a: Thundurus
|-damage|p2a: Thundurus|0 fnt
|faint|p2a: Thundurus
|
|-ability|p1a: Blaziken|Speed Boost|boost
|-boost|p1a: Blaziken|spe|1
|upkeep
|
|t:|1743826318
|switch|p2a: Cinderace|Cinderace, M|100/100
|turn|21
|
|t:|1743826325
|move|p1a: Blaziken|Close Combat|p2a: Cinderace
|-damage|p2a: Cinderace|0 fnt
|-unboost|p1a: Blaziken|def|1
|-unboost|p1a: Blaziken|spd|1
|faint|p2a: Cinderace
|
|-ability|p1a: Blaziken|Speed Boost|boost
|-boost|p1a: Blaziken|spe|1
|upkeep
|-message|jibreel69 forfeited.
|
|win|mbmvmv
|raw|mbmvmv's rating: 1293 &rarr; <strong>1314</strong><br />(+21 for winning)
|raw|jibreel69's rating: 1237 &rarr; <strong>1216</strong><br />(-21 for losing)
|l|☆jibreel69
|player|p2|
|l|☆mbmvmv
|player|p1|
