|j|☆elpartemandarinas
|j|☆Siyah31
|t:|1743822037
|gametype|singles
|player|p1|elpartemandarinas|101|1321
|player|p2|Siyah31|crasherwake|1454
|teamsize|p1|6
|teamsize|p2|6
|gen|9
|tier|[Gen 9] OU
|rated|
|rule|HP Percentage Mod: HP is shown in percentages
|rule|Endless Battle Clause: Forcing endless battles is banned
|rule|Species Clause: Limit one of each Pokémon
|rule|OHKO Clause: OHKO moves are banned
|rule|Evasion Items Clause: Evasion items are banned
|rule|Evasion Moves Clause: Evasion moves are banned
|rule|Sleep Moves Clause: Sleep-inducing moves are banned
|clearpoke
|poke|p1|Landorus-Therian, M|
|poke|p1|Moltres|
|poke|p1|Slowking-Galar, M|
|poke|p1|Raging Bolt|
|poke|p1|Iron Treads|
|poke|p1|Meowscarada, F|
|poke|p2|Glimmora, F|
|poke|p2|Zamazenta-*|
|poke|p2|Latias, F|
|poke|p2|Gholdengo|
|poke|p2|Dragonite, M|
|poke|p2|Weavile, M|
|teampreview
|
|t:|1743822053
|start
|switch|p1a: Landorus|Landorus-Therian, M|100/100
|switch|p2a: Weavile|Weavile, M|100/100
|-ability|p1a: Landorus|Intimidate|boost
|-unboost|p2a: Weavile|atk|1
|turn|1
|
|t:|1743822058
|move|p1a: Landorus|Stone Edge|p2a: Weavile
|-supereffective|p2a: Weavile
|-damage|p2a: Weavile|0 fnt
|faint|p2a: Weavile
|
|upkeep
|inactive|Battle timer is ON: inactive players will automatically lose when time's up. (requested by elpartemandarinas)
|
|t:|1743822091
|switch|p2a: Dragonite|Dragonite, M|100/100
|turn|2
|
|t:|1743822119
|switch|p1a: Moltres|Moltres|100/100
|move|p2a: Dragonite|Dragon Dance|p2a: Dragonite
|-boost|p2a: Dragonite|atk|1
|-boost|p2a: Dragonite|spe|1
|
|upkeep
|turn|3
|
|t:|1743822135
|switch|p2a: Glimmora|Glimmora, F|100/100
|move|p1a: Moltres|Will-O-Wisp|p2a: Glimmora
|-status|p2a: Glimmora|brn
|
|-damage|p2a: Glimmora|94/100 brn|[from] brn
|upkeep
|turn|4
|
|t:|1743822145
|switch|p1a: Landorus|Landorus-Therian, M|100/100
|-ability|p1a: Landorus|Intimidate|boost
|-unboost|p2a: Glimmora|atk|1
|move|p2a: Glimmora|Stealth Rock|p1a: Landorus
|-sidestart|p1: elpartemandarinas|move: Stealth Rock
|
|-damage|p2a: Glimmora|88/100 brn|[from] brn
|upkeep
|turn|5
|
|t:|1743822158
|-terastallize|p2a: Glimmora|Ghost
|move|p1a: Landorus|U-turn|p2a: Glimmora
|-resisted|p2a: Glimmora
|-damage|p2a: Glimmora|76/100 brn
|-activate|p2a: Glimmora|ability: Toxic Debris
|-sidestart|p1: elpartemandarinas|move: Toxic Spikes
|-enditem|p2a: Glimmora|Red Card|[of] p1a: Landorus
|drag|p1a: Moltres|Moltres|100/100
|move|p2a: Glimmora|Power Gem|p1a: Moltres
|-supereffective|p1a: Moltres
|-damage|p1a: Moltres|0 fnt
|faint|p1a: Moltres
|
|-damage|p2a: Glimmora|70/100 brn|[from] brn
|upkeep
|
|t:|1743822168
|switch|p1a: Iron Treads|Iron Treads|100/100
|-damage|p1a: Iron Treads|97/100|[from] Stealth Rock
|-enditem|p1a: Iron Treads|Booster Energy
|-activate|p1a: Iron Treads|ability: Quark Drive|[fromitem]
|-start|p1a: Iron Treads|quarkdrivespe
|turn|6
|
|t:|1743822183
|move|p1a: Iron Treads|Stealth Rock|p2a: Glimmora
|-sidestart|p2: Siyah31|move: Stealth Rock
|move|p2a: Glimmora|Spikes|p1a: Iron Treads
|-sidestart|p1: elpartemandarinas|Spikes
|
|-damage|p2a: Glimmora|64/100 brn|[from] brn
|upkeep
|turn|7
|
|t:|1743822188
|move|p1a: Iron Treads|Earthquake|p2a: Glimmora
|-damage|p2a: Glimmora|18/100 brn
|-activate|p2a: Glimmora|ability: Toxic Debris
|-sidestart|p1: elpartemandarinas|move: Toxic Spikes
|move|p2a: Glimmora|Earth Power|p1a: Iron Treads
|-supereffective|p1a: Iron Treads
|-damage|p1a: Iron Treads|18/100
|
|-damage|p2a: Glimmora|12/100 brn|[from] brn
|upkeep
|turn|8
|
|t:|1743822193
|move|p1a: Iron Treads|Ice Spinner|p2a: Glimmora
|-damage|p2a: Glimmora|0 fnt
|faint|p2a: Glimmora
|
|upkeep
|
|t:|1743822211
|switch|p2a: Dragonite|Dragonite, M|100/100
|turn|9
|
|t:|1743822214
|move|p1a: Iron Treads|Rapid Spin|p2a: Dragonite
|-crit|p2a: Dragonite
|-damage|p2a: Dragonite|88/100
|-boost|p1a: Iron Treads|spe|1
|-sideend|p1: elpartemandarinas|Spikes|[from] move: Rapid Spin|[of] p1a: Iron Treads
|-sideend|p1: elpartemandarinas|Toxic Spikes|[from] move: Rapid Spin|[of] p1a: Iron Treads
|-sideend|p1: elpartemandarinas|Stealth Rock|[from] move: Rapid Spin|[of] p1a: Iron Treads
|move|p2a: Dragonite|Dragon Dance|p2a: Dragonite
|-boost|p2a: Dragonite|atk|1
|-boost|p2a: Dragonite|spe|1
|
|upkeep
|turn|10
|
|t:|1743822217
|move|p2a: Dragonite|Extreme Speed|p1a: Iron Treads
|-resisted|p1a: Iron Treads
|-damage|p1a: Iron Treads|0 fnt
|faint|p1a: Iron Treads
|-end|p1a: Iron Treads|Quark Drive|[silent]
|
|upkeep
|
|t:|1743822232
|switch|p1a: Landorus|Landorus-Therian, M|100/100
|-ability|p1a: Landorus|Intimidate|boost
|-unboost|p2a: Dragonite|atk|1
|turn|11
|
|t:|1743822241
|move|p1a: Landorus|Stone Edge|p2a: Dragonite
|-supereffective|p2a: Dragonite
|-damage|p2a: Dragonite|7/100
|move|p2a: Dragonite|Ice Spinner|p1a: Landorus
|-supereffective|p1a: Landorus
|-damage|p1a: Landorus|0 fnt
|faint|p1a: Landorus
|
|upkeep
|
|t:|1743822247
|switch|p1a: Raging Bolt|Raging Bolt|100/100
|-enditem|p1a: Raging Bolt|Booster Energy
|-activate|p1a: Raging Bolt|ability: Protosynthesis|[fromitem]
|-start|p1a: Raging Bolt|protosynthesisspa
|turn|12
|
|t:|1743822251
|move|p2a: Dragonite|Earthquake|p1a: Raging Bolt
|-supereffective|p1a: Raging Bolt
|-damage|p1a: Raging Bolt|31/100
|move|p1a: Raging Bolt|Dragon Pulse|p2a: Dragonite
|-supereffective|p2a: Dragonite
|-damage|p2a: Dragonite|0 fnt
|faint|p2a: Dragonite
|
|upkeep
|
|t:|1743822261
|switch|p2a: Gholdengo|Gholdengo|100/100
|-damage|p2a: Gholdengo|94/100|[from] Stealth Rock
|turn|13
|
|t:|1743822267
|move|p1a: Raging Bolt|Thunderclap|p2a: Gholdengo
|-damage|p2a: Gholdengo|41/100
|move|p2a: Gholdengo|Shadow Ball|p1a: Raging Bolt
|-damage|p1a: Raging Bolt|0 fnt
|faint|p1a: Raging Bolt
|-end|p1a: Raging Bolt|Protosynthesis|[silent]
|
|upkeep
|
|t:|1743822282
|switch|p1a: Meowscarada|Meowscarada, F|100/100
|turn|14
|
|t:|1743822294
|switch|p2a: Zamazenta|Zamazenta|100/100
|-damage|p2a: Zamazenta|94/100|[from] Stealth Rock
|-ability|p2a: Zamazenta|Dauntless Shield|boost
|-boost|p2a: Zamazenta|def|1
|move|p1a: Meowscarada|Knock Off|p2a: Zamazenta
|-start|p1a: Meowscarada|typechange|Dark|[from] ability: Protean
|-resisted|p2a: Zamazenta
|-damage|p2a: Zamazenta|78/100
|-enditem|p2a: Zamazenta|Leftovers|[from] move: Knock Off|[of] p1a: Meowscarada
|
|upkeep
|turn|15
|
|t:|1743822299
|switch|p1a: Slowking|Slowking-Galar, M|100/100
|move|p2a: Zamazenta|Body Press|p1a: Slowking
|-resisted|p1a: Slowking
|-damage|p1a: Slowking|87/100
|
|upkeep
|turn|16
|
|t:|1743822307
|switch|p2a: Latias|Latias, F|100/100
|-damage|p2a: Latias|88/100|[from] Stealth Rock
|move|p1a: Slowking|Future Sight|p2a: Latias
|-start|p1a: Slowking|move: Future Sight
|
|-heal|p2a: Latias|94/100|[from] item: Leftovers
|upkeep
|turn|17
|
|t:|1743822312
|switch|p1a: Meowscarada|Meowscarada, F|100/100
|move|p2a: Latias|Agility|p2a: Latias
|-boost|p2a: Latias|spe|2
|
|-heal|p2a: Latias|100/100|[from] item: Leftovers
|upkeep
|turn|18
|
|t:|1743822319
|switch|p2a: Zamazenta|Zamazenta|78/100
|-damage|p2a: Zamazenta|71/100|[from] Stealth Rock
|move|p1a: Meowscarada|Knock Off|p2a: Zamazenta
|-start|p1a: Meowscarada|typechange|Dark|[from] ability: Protean
|-resisted|p2a: Zamazenta
|-damage|p2a: Zamazenta|52/100
|
|-end|p2a: Zamazenta|move: Future Sight
|-supereffective|p2a: Zamazenta
|-damage|p2a: Zamazenta|0 fnt
|faint|p2a: Zamazenta
|upkeep
|
|t:|1743822330
|switch|p2a: Latias|Latias, F|100/100
|-damage|p2a: Latias|88/100|[from] Stealth Rock
|turn|19
|
|t:|1743822337
|move|p1a: Meowscarada|Knock Off|p2a: Latias
|-supereffective|p2a: Latias
|-damage|p2a: Latias|0 fnt
|-enditem|p2a: Latias|Leftovers|[from] move: Knock Off|[of] p1a: Meowscarada
|faint|p2a: Latias
|
|upkeep
|
|t:|1743822339
|switch|p2a: Gholdengo|Gholdengo|41/100
|-damage|p2a: Gholdengo|35/100|[from] Stealth Rock
|turn|20
|
|t:|1743822342
|move|p1a: Meowscarada|Knock Off|p2a: Gholdengo
|-supereffective|p2a: Gholdengo
|-damage|p2a: Gholdengo|0 fnt
|-enditem|p2a: Gholdengo|Custap Berry|[from] move: Knock Off|[of] p1a: Meowscarada
|faint|p2a: Gholdengo
|
|win|elpartemandarinas
|raw|elpartemandarinas's rating: 1321 &rarr; <strong>1348</strong><br />(+27 for winning)
|raw|Siyah31's rating: 1454 &rarr; <strong>1427</strong><br />(-27 for losing)
|l|☆Siyah31
|player|p2|
