|j|☆kooopooolooo
|j|☆lebrons side hoe
|t:|1743786086
|gametype|singles
|player|p1|kooopooolooo|169|1198
|player|p2|lebrons side hoe|169|1199
|teamsize|p1|6
|teamsize|p2|6
|gen|9
|tier|[Gen 9] OU
|rated|
|rule|HP Percentage Mod: HP is shown in percentages
|rule|Endless Battle Clause: Forcing endless battles is banned
|rule|Species Clause: Limit one of each Pokémon
|rule|OHKO Clause: OHKO moves are banned
|rule|Evasion Items Clause: Evasion items are banned
|rule|Evasion Moves Clause: Evasion moves are banned
|rule|Sleep Moves Clause: Sleep-inducing moves are banned
|clearpoke
|poke|p1|Slowking-Galar, F|
|poke|p1|Cetitan, M|
|poke|p1|Hatterene, F|
|poke|p1|Alomomola, F|
|poke|p1|Glimmora, F|
|poke|p1|Iron Hands|
|poke|p2|Cinccino, F|
|poke|p2|Ogerpon-Wellspring, F|
|poke|p2|Ditto|
|poke|p2|Corviknight, M|
|poke|p2|Charjabug, M|
|poke|p2|Typhlosion-Hisui, M|
|teampreview
|inactive|Battle timer is ON: inactive players will automatically lose when time's up. (requested by kooopooolooo)
|
|t:|1743786105
|start
|switch|p1a: Glimmora|Glimmora, F|100/100
|switch|p2a: Charjabug|Charjabug, M|100/100
|turn|1
|
|t:|1743786110
|move|p1a: Glimmora|Meteor Beam||[still]
|-prepare|p1a: Glimmora|Meteor Beam
|-boost|p1a: Glimmora|spa|1
|-enditem|p1a: Glimmora|Power Herb
|-anim|p1a: Glimmora|Meteor Beam|p2a: Charjabug
|-supereffective|p2a: Charjabug
|-crit|p2a: Charjabug
|-damage|p2a: Charjabug|0 fnt
|faint|p2a: Charjabug
|
|upkeep
|
|t:|1743786116
|switch|p2a: Ditto|Ditto|100/100
|-transform|p2a: Ditto|p1a: Glimmora|[from] ability: Imposter
|turn|2
|
|t:|1743786120
|-terastallize|p1a: Glimmora|Ghost
|move|p2a: Ditto|Earth Power|p1a: Glimmora
|-damage|p1a: Glimmora|57/100
|move|p1a: Glimmora|Earth Power|p2a: Ditto
|-supereffective|p2a: Ditto
|-damage|p2a: Ditto|0 fnt
|faint|p2a: Ditto
|
|upkeep
|
|t:|1743786129
|switch|p2a: Typhlosion|Typhlosion-Hisui, M|100/100
|turn|3
|c|☆kooopooolooo|worth it
|
|t:|1743786135
|move|p2a: Typhlosion|Shadow Ball|p1a: Glimmora
|-supereffective|p1a: Glimmora
|-damage|p1a: Glimmora|0 fnt
|faint|p1a: Glimmora
|
|upkeep
|
|t:|1743786143
|switch|p1a: Alomomola|Alomomola, F|100/100
|turn|4
|
|t:|1743786148
|switch|p2a: Ogerpon|Ogerpon-Wellspring, F|100/100
|move|p1a: Alomomola|Flip Turn|p2a: Ogerpon
|-immune|p2a: Ogerpon|[from] ability: Water Absorb
|
|upkeep
|turn|5
|
|t:|1743786156
|switch|p1a: Hatterene|Hatterene, F|100/100
|move|p2a: Ogerpon|Swords Dance|p2a: Ogerpon
|-boost|p2a: Ogerpon|atk|2
|
|upkeep
|turn|6
|
|t:|1743786160
|move|p2a: Ogerpon|Ivy Cudgel|p1a: Hatterene|[anim] Ivy Cudgel Water
|-damage|p1a: Hatterene|0 fnt
|faint|p1a: Hatterene
|
|upkeep
|
|t:|1743786189
|switch|p1a: Iron Hands|Iron Hands|100/100
|turn|7
|
|t:|1743786193
|move|p2a: Ogerpon|Ivy Cudgel|p1a: Iron Hands|[anim] Ivy Cudgel Water
|-damage|p1a: Iron Hands|32/100
|move|p1a: Iron Hands|Drain Punch|p2a: Ogerpon
|-damage|p2a: Ogerpon|39/100
|-heal|p1a: Iron Hands|50/100|[from] drain|[of] p2a: Ogerpon
|
|-heal|p1a: Iron Hands|57/100|[from] item: Leftovers
|upkeep
|turn|8
|
|t:|1743786202
|-end|p1a: Iron Hands|Quark Drive|[silent]
|switch|p1a: Alomomola|Alomomola, F|100/100
|move|p2a: Ogerpon|Ivy Cudgel|p1a: Alomomola|[anim] Ivy Cudgel Water
|-resisted|p1a: Alomomola
|-damage|p1a: Alomomola|69/100
|
|upkeep
|turn|9
|
|t:|1743786209
|switch|p1a: Slowking|Slowking-Galar, F|100/100
|move|p2a: Ogerpon|Wood Hammer|p1a: Slowking
|-resisted|p1a: Slowking
|-damage|p1a: Slowking|31/100
|-damage|p2a: Ogerpon|9/100|[from] Recoil
|
|upkeep
|turn|10
|
|t:|1743786216
|switch|p1a: Alomomola|Alomomola, F|100/100
|move|p2a: Ogerpon|Ivy Cudgel|p1a: Alomomola|[anim] Ivy Cudgel Water
|-resisted|p1a: Alomomola
|-crit|p1a: Alomomola
|-damage|p1a: Alomomola|55/100
|
|upkeep
|turn|11
|
|t:|1743786224
|move|p2a: Ogerpon|Superpower|p1a: Alomomola
|-damage|p1a: Alomomola|4/100
|-unboost|p2a: Ogerpon|atk|1
|-unboost|p2a: Ogerpon|def|1
|move|p1a: Alomomola|Ice Beam|p2a: Ogerpon
|-damage|p2a: Ogerpon|0 fnt
|faint|p2a: Ogerpon
|
|upkeep
|
|t:|1743786229
|switch|p2a: Cinccino|Cinccino, F|100/100
|turn|12
|
|t:|1743786233
|move|p2a: Cinccino|Tidy Up|p2a: Cinccino
|-boost|p2a: Cinccino|atk|1
|-boost|p2a: Cinccino|spe|1
|move|p1a: Alomomola|Scald|p2a: Cinccino
|-damage|p2a: Cinccino|76/100
|-status|p2a: Cinccino|brn
|
|-damage|p2a: Cinccino|70/100 brn|[from] brn
|upkeep
|turn|13
|
|t:|1743786238
|move|p2a: Cinccino|Tidy Up|p2a: Cinccino
|-boost|p2a: Cinccino|atk|1
|-boost|p2a: Cinccino|spe|1
|move|p1a: Alomomola|Wish|p1a: Alomomola
|
|-damage|p2a: Cinccino|64/100 brn|[from] brn
|upkeep
|turn|14
|
|t:|1743786241
|switch|p1a: Iron Hands|Iron Hands|57/100
|move|p2a: Cinccino|Tidy Up|p2a: Cinccino
|-boost|p2a: Cinccino|atk|1
|-boost|p2a: Cinccino|spe|1
|
|-heal|p1a: Iron Hands|100/100|[from] move: Wish|[wisher] Alomomola
|-damage|p2a: Cinccino|58/100 brn|[from] brn
|upkeep
|turn|15
|
|t:|1743786244
|move|p2a: Cinccino|Tail Slap|p1a: Iron Hands
|-damage|p1a: Iron Hands|89/100
|-damage|p1a: Iron Hands|76/100
|-damage|p1a: Iron Hands|64/100
|-damage|p1a: Iron Hands|52/100
|-hitcount|p1a: Iron Hands|4
|move|p1a: Iron Hands|Drain Punch|p2a: Cinccino
|-supereffective|p2a: Cinccino
|-damage|p2a: Cinccino|0 fnt
|-heal|p1a: Iron Hands|69/100|[from] drain|[of] p2a: Cinccino
|faint|p2a: Cinccino
|
|-heal|p1a: Iron Hands|75/100|[from] item: Leftovers
|upkeep
|
|t:|1743786252
|switch|p2a: Typhlosion|Typhlosion-Hisui, M|100/100
|-item|p1a: Iron Hands|Leftovers|[from] ability: Frisk|[of] p2a: Typhlosion
|turn|16
|
|t:|1743786257
|switch|p2a: Corviknight|Corviknight, M|100/100
|-ability|p2a: Corviknight|Pressure
|move|p1a: Iron Hands|Thunder Punch|p2a: Corviknight
|-supereffective|p2a: Corviknight
|-damage|p2a: Corviknight|31/100
|
|-heal|p2a: Corviknight|37/100|[from] item: Leftovers
|-heal|p1a: Iron Hands|81/100|[from] item: Leftovers
|upkeep
|turn|17
|
|t:|1743786264
|-terastallize|p2a: Corviknight|Dragon
|move|p2a: Corviknight|Roost|p2a: Corviknight
|-heal|p2a: Corviknight|87/100
|move|p1a: Iron Hands|Thunder Punch|p2a: Corviknight
|-resisted|p2a: Corviknight
|-damage|p2a: Corviknight|70/100
|
|-heal|p2a: Corviknight|76/100|[from] item: Leftovers
|-heal|p1a: Iron Hands|88/100|[from] item: Leftovers
|upkeep
|turn|18
|
|t:|1743786269
|move|p2a: Corviknight|Bulk Up|p2a: Corviknight
|-boost|p2a: Corviknight|atk|1
|-boost|p2a: Corviknight|def|1
|move|p1a: Iron Hands|Ice Punch|p2a: Corviknight
|-supereffective|p2a: Corviknight
|-damage|p2a: Corviknight|43/100
|
|-heal|p2a: Corviknight|50/100|[from] item: Leftovers
|-heal|p1a: Iron Hands|94/100|[from] item: Leftovers
|upkeep
|turn|19
|
|t:|1743786282
|-end|p1a: Iron Hands|Quark Drive|[silent]
|switch|p1a: Slowking|Slowking-Galar, F|65/100
|move|p2a: Corviknight|Bulk Up|p2a: Corviknight
|-boost|p2a: Corviknight|atk|1
|-boost|p2a: Corviknight|def|1
|
|-heal|p2a: Corviknight|56/100|[from] item: Leftovers
|upkeep
|turn|20
|
|t:|1743786287
|move|p2a: Corviknight|Brave Bird|p1a: Slowking
|-damage|p1a: Slowking|0 fnt
|faint|p1a: Slowking
|-damage|p2a: Corviknight|35/100|[from] Recoil
|
|-heal|p2a: Corviknight|41/100|[from] item: Leftovers
|upkeep
|
|t:|1743786301
|switch|p1a: Iron Hands|Iron Hands|94/100
|turn|21
|
|t:|1743786305
|move|p2a: Corviknight|Brave Bird|p1a: Iron Hands
|-damage|p1a: Iron Hands|48/100
|-damage|p2a: Corviknight|22/100|[from] Recoil
|move|p1a: Iron Hands|Ice Punch|p2a: Corviknight
|-supereffective|p2a: Corviknight
|-damage|p2a: Corviknight|0 fnt
|faint|p2a: Corviknight
|
|-heal|p1a: Iron Hands|54/100|[from] item: Leftovers
|upkeep
|
|t:|1743786309
|switch|p2a: Typhlosion|Typhlosion-Hisui, M|100/100
|-item|p1a: Iron Hands|Leftovers|[from] ability: Frisk|[of] p2a: Typhlosion
|turn|22
|
|t:|1743786316
|-end|p1a: Iron Hands|Quark Drive|[silent]
|switch|p1a: Alomomola|Alomomola, F|38/100
|move|p2a: Typhlosion|Shadow Ball|p1a: Alomomola
|-damage|p1a: Alomomola|0 fnt
|faint|p1a: Alomomola
|
|upkeep
|
|t:|1743786319
|switch|p1a: Cetitan|Cetitan, M|100/100
|turn|23
|
|t:|1743786321
|move|p2a: Typhlosion|Shadow Ball|p1a: Cetitan
|-damage|p1a: Cetitan|65/100
|move|p1a: Cetitan|Earthquake|p2a: Typhlosion
|-supereffective|p2a: Typhlosion
|-damage|p2a: Typhlosion|1/100
|
|upkeep
|turn|24
|
|t:|1743786326
|move|p1a: Cetitan|Ice Shard|p2a: Typhlosion
|-resisted|p2a: Typhlosion
|-damage|p2a: Typhlosion|0 fnt
|faint|p2a: Typhlosion
|
|win|kooopooolooo
|raw|kooopooolooo's rating: 1198 &rarr; <strong>1223</strong><br />(+25 for winning)
|raw|lebrons side hoe's rating: 1199 &rarr; <strong>1174</strong><br />(-25 for losing)
|l|☆lebrons side hoe
|player|p2|
|l|☆kooopooolooo
|player|p1|
