|j|☆lebmaster
|j|☆Violet1994
|t:|1743907470
|gametype|singles
|player|p1|lebmaster|dahlia|1234
|player|p2|Violet1994|cheryl|1252
|teamsize|p1|6
|teamsize|p2|6
|gen|9
|tier|[Gen 9] OU
|rated|
|rule|HP Percentage Mod: HP is shown in percentages
|rule|Endless Battle Clause: Forcing endless battles is banned
|rule|Species Clause: Limit one of each Pokémon
|rule|OHKO Clause: OHKO moves are banned
|rule|Evasion Items Clause: Evasion items are banned
|rule|Evasion Moves Clause: Evasion moves are banned
|rule|Sleep Moves Clause: Sleep-inducing moves are banned
|clearpoke
|poke|p1|Zapdos|
|poke|p1|Darkrai|
|poke|p1|Kingambit, M|
|poke|p1|Ogerpon-Wellspring, F|
|poke|p1|Gliscor, F|
|poke|p1|Cinderace, F|
|poke|p2|Meganium, F|
|poke|p2|Clefable, M|
|poke|p2|Gardevoir, F|
|poke|p2|Milotic, F|
|poke|p2|Chandelure, M|
|poke|p2|Dragonite, M|
|teampreview
|inactive|Battle timer is ON: inactive players will automatically lose when time's up. (requested by Violet1994)
|
|t:|1743907485
|start
|switch|p1a: Darkrai|Darkrai|100/100
|switch|p2a: Chandelure|Chandelure, M, shiny|100/100
|turn|1
|
|t:|1743907501
|move|p1a: Darkrai|Dark Pulse|p2a: Chandelure
|-supereffective|p2a: Chandelure
|-damage|p2a: Chandelure|8/100
|move|p2a: Chandelure|Trick Room|p2a: Chandelure
|-fieldstart|move: Trick Room|[of] p2a: Chandelure
|
|upkeep
|turn|2
|
|t:|1743907507
|move|p2a: Chandelure|Heat Wave|p1a: Darkrai
|-damage|p1a: Darkrai|22/100
|move|p1a: Darkrai|Dark Pulse|p2a: Chandelure
|-supereffective|p2a: Chandelure
|-damage|p2a: Chandelure|0 fnt
|faint|p2a: Chandelure
|
|upkeep
|
|t:|1743907511
|switch|p2a: Clefable|Clefable, M, shiny|100/100
|turn|3
|
|t:|1743907516
|switch|p1a: Zapdos|Zapdos|100/100
|move|p2a: Clefable|Moonblast|p1a: Zapdos
|-crit|p1a: Zapdos
|-damage|p1a: Zapdos|51/100
|
|upkeep
|turn|4
|
|t:|1743907520
|move|p2a: Clefable|Meteor Beam||[still]
|-prepare|p2a: Clefable|Meteor Beam
|-boost|p2a: Clefable|spa|1
|-enditem|p2a: Clefable|Power Herb
|-anim|p2a: Clefable|Meteor Beam|p1a: Zapdos
|-supereffective|p1a: Zapdos
|-damage|p1a: Zapdos|0 fnt
|faint|p1a: Zapdos
|
|upkeep
|
|t:|1743907528
|switch|p1a: Kingambit|Kingambit, M|100/100
|-activate|p1a: Kingambit|ability: Supreme Overlord
|-start|p1a: Kingambit|fallen1|[silent]
|turn|5
|
|t:|1743907539
|-terastallize|p1a: Kingambit|Ghost
|move|p2a: Clefable|Thunder Wave|p1a: Kingambit
|-status|p1a: Kingambit|par
|move|p1a: Kingambit|Iron Head|p2a: Clefable
|-supereffective|p2a: Clefable
|-damage|p2a: Clefable|0 fnt
|faint|p2a: Clefable
|
|-fieldend|move: Trick Room
|upkeep
|
|t:|1743907552
|switch|p2a: Meganium|Meganium, F, shiny|100/100
|turn|6
|
|t:|1743907558
|-end|p1a: Kingambit|fallen1|[silent]
|switch|p1a: Cinderace|Cinderace, F|100/100
|move|p2a: Meganium|Swords Dance|p2a: Meganium
|-boost|p2a: Meganium|atk|2
|
|upkeep
|turn|7
|
|t:|1743907567
|-terastallize|p2a: Meganium|Fire
|move|p1a: Cinderace|Pyro Ball|p2a: Meganium
|-resisted|p2a: Meganium
|-damage|p2a: Meganium|77/100
|move|p2a: Meganium|Swords Dance|p2a: Meganium
|-boost|p2a: Meganium|atk|2
|
|upkeep
|turn|8
|
|t:|1743907573
|move|p1a: Cinderace|High Jump Kick|p2a: Meganium
|-damage|p2a: Meganium|42/100
|move|p2a: Meganium|Synthesis|p2a: Meganium
|-heal|p2a: Meganium|92/100
|
|upkeep
|turn|9
|
|t:|1743907578
|move|p1a: Cinderace|U-turn|p2a: Meganium
|-resisted|p2a: Meganium
|-damage|p2a: Meganium|83/100
|
|t:|1743907580
|switch|p1a: Gliscor|Gliscor, F|100/100|[from] U-turn
|move|p2a: Meganium|Tera Blast|p1a: Gliscor|[anim] Tera Blast Fire
|-damage|p1a: Gliscor|49/100
|
|-status|p1a: Gliscor|tox|[from] item: Toxic Orb
|upkeep
|turn|10
|
|t:|1743907585
|move|p1a: Gliscor|Protect|p1a: Gliscor
|-singleturn|p1a: Gliscor|Protect
|move|p2a: Meganium|Petal Blizzard|p1a: Gliscor
|-activate|p1a: Gliscor|move: Protect
|
|-heal|p1a: Gliscor|62/100 tox|[from] ability: Poison Heal
|upkeep
|turn|11
|
|t:|1743907588
|move|p1a: Gliscor|Toxic|p2a: Meganium|[miss]
|-miss|p1a: Gliscor|p2a: Meganium
|move|p2a: Meganium|Petal Blizzard|p1a: Gliscor
|-damage|p1a: Gliscor|3/100 tox
|
|-heal|p1a: Gliscor|16/100 tox|[from] ability: Poison Heal
|upkeep
|turn|12
|
|t:|1743907592
|move|p1a: Gliscor|Toxic|p2a: Meganium
|-status|p2a: Meganium|tox
|move|p2a: Meganium|Petal Blizzard|p1a: Gliscor
|-damage|p1a: Gliscor|0 fnt
|faint|p1a: Gliscor
|
|-damage|p2a: Meganium|77/100 tox|[from] psn
|upkeep
|
|t:|1743907594
|switch|p1a: Ogerpon|Ogerpon-Wellspring, F|100/100
|turn|13
|
|t:|1743907600
|move|p1a: Ogerpon|Ivy Cudgel|p2a: Meganium|[anim] Ivy Cudgel Water
|-supereffective|p2a: Meganium
|-damage|p2a: Meganium|0 fnt
|faint|p2a: Meganium
|
|upkeep
|
|t:|1743907603
|switch|p2a: Dragonite|Dragonite, M, shiny|100/100
|turn|14
|
|t:|1743907611
|move|p1a: Ogerpon|U-turn|p2a: Dragonite
|-resisted|p2a: Dragonite
|-damage|p2a: Dragonite|89/100
|
|t:|1743907614
|switch|p1a: Darkrai|Darkrai|22/100|[from] U-turn
|move|p2a: Dragonite|Dragon Claw|p1a: Darkrai
|-damage|p1a: Darkrai|0 fnt
|faint|p1a: Darkrai
|
|upkeep
|
|t:|1743907620
|switch|p1a: Kingambit|Kingambit, M, tera:Ghost|100/100 par
|-activate|p1a: Kingambit|ability: Supreme Overlord
|-start|p1a: Kingambit|fallen3|[silent]
|turn|15
|
|t:|1743907632
|move|p2a: Dragonite|Dragon Claw|p1a: Kingambit
|-damage|p1a: Kingambit|41/100 par
|move|p1a: Kingambit|Kowtow Cleave|p2a: Dragonite
|-damage|p2a: Dragonite|26/100
|
|-heal|p1a: Kingambit|47/100 par|[from] item: Leftovers
|upkeep
|turn|16
|
|t:|1743907638
|move|p1a: Kingambit|Sucker Punch|p2a: Dragonite
|-damage|p2a: Dragonite|0 fnt
|faint|p2a: Dragonite
|
|-heal|p1a: Kingambit|53/100 par|[from] item: Leftovers
|upkeep
|
|t:|1743907646
|switch|p2a: Gardevoir|Gardevoir, F, shiny|100/100
|-activate|p2a: Gardevoir|ability: Supreme Overlord
|-start|p2a: Gardevoir|fallen4|[silent]
|-ability|p2a: Gardevoir|Supreme Overlord|[from] ability: Trace|[of] p1a: Kingambit
|turn|17
|
|t:|1743907654
|move|p2a: Gardevoir|Psychic|p1a: Kingambit
|-damage|p1a: Kingambit|0 fnt
|faint|p1a: Kingambit
|-end|p1a: Kingambit|fallen3|[silent]
|
|upkeep
|
|t:|1743907660
|switch|p1a: Cinderace|Cinderace, F|100/100
|turn|18
|
|t:|1743907664
|move|p1a: Cinderace|Pyro Ball|p2a: Gardevoir
|-crit|p2a: Gardevoir
|-damage|p2a: Gardevoir|0 fnt
|faint|p2a: Gardevoir
|-end|p2a: Gardevoir|fallen4|[silent]
|
|upkeep
|
|t:|1743907666
|switch|p2a: Milotic|Milotic, F, shiny|100/100
|turn|19
|
|t:|1743907669
|move|p1a: Cinderace|High Jump Kick|p2a: Milotic
|-damage|p2a: Milotic|73/100
|move|p2a: Milotic|Ice Beam|p1a: Cinderace
|-resisted|p1a: Cinderace
|-damage|p1a: Cinderace|84/100
|
|-heal|p2a: Milotic|79/100|[from] item: Leftovers
|upkeep
|turn|20
|
|t:|1743907673
|move|p1a: Cinderace|High Jump Kick|p2a: Milotic
|-damage|p2a: Milotic|47/100
|move|p2a: Milotic|Scald|p1a: Cinderace
|-supereffective|p1a: Cinderace
|-damage|p1a: Cinderace|4/100
|
|-heal|p2a: Milotic|53/100|[from] item: Leftovers
|upkeep
|turn|21
|
|t:|1743907677
|move|p1a: Cinderace|High Jump Kick|p2a: Milotic
|-crit|p2a: Milotic
|-damage|p2a: Milotic|4/100
|move|p2a: Milotic|Recover|p2a: Milotic
|-heal|p2a: Milotic|54/100
|
|-heal|p2a: Milotic|60/100|[from] item: Leftovers
|upkeep
|turn|22
|
|t:|1743907681
|move|p1a: Cinderace|High Jump Kick|p2a: Milotic|[miss]
|-miss|p1a: Cinderace|p2a: Milotic
|-damage|p1a: Cinderace|0 fnt|[from] highjumpkick
|faint|p1a: Cinderace
|move|p2a: Milotic|Recover|p2a: Milotic
|-heal|p2a: Milotic|100/100
|
|upkeep
|
|t:|1743907683
|switch|p1a: Ogerpon|Ogerpon-Wellspring, F|100/100
|turn|23
|
|t:|1743907687
|move|p1a: Ogerpon|Knock Off|p2a: Milotic
|-damage|p2a: Milotic|73/100
|-enditem|p2a: Milotic|Leftovers|[from] move: Knock Off|[of] p1a: Ogerpon
|move|p2a: Milotic|Ice Beam|p1a: Ogerpon
|-damage|p1a: Ogerpon|75/100
|
|upkeep
|turn|24
|
|t:|1743907692
|move|p1a: Ogerpon|Horn Leech|p2a: Milotic
|-supereffective|p2a: Milotic
|-damage|p2a: Milotic|11/100
|-heal|p1a: Ogerpon|100/100|[from] drain|[of] p2a: Milotic
|move|p2a: Milotic|Ice Beam|p1a: Ogerpon
|-damage|p1a: Ogerpon|75/100
|-status|p1a: Ogerpon|frz
|
|upkeep
|turn|25
|
|t:|1743907698
|cant|p1a: Ogerpon|frz
|move|p2a: Milotic|Ice Beam|p1a: Ogerpon
|-damage|p1a: Ogerpon|51/100 frz
|
|upkeep
|turn|26
|
|t:|1743907701
|cant|p1a: Ogerpon|frz
|move|p2a: Milotic|Ice Beam|p1a: Ogerpon
|-damage|p1a: Ogerpon|26/100 frz
|
|upkeep
|turn|27
|
|t:|1743907703
|cant|p1a: Ogerpon|frz
|move|p2a: Milotic|Ice Beam|p1a: Ogerpon
|-damage|p1a: Ogerpon|2/100 frz
|
|upkeep
|turn|28
|
|t:|1743907704
|cant|p1a: Ogerpon|frz
|move|p2a: Milotic|Ice Beam|p1a: Ogerpon
|-damage|p1a: Ogerpon|0 fnt
|faint|p1a: Ogerpon
|
|win|Violet1994
|raw|lebmaster's rating: 1234 &rarr; <strong>1210</strong><br />(-24 for losing)
|raw|Violet1994's rating: 1252 &rarr; <strong>1276</strong><br />(+24 for winning)
|c|☆lebmaster|wow
|l|☆Violet1994
|player|p2|
|l|☆lebmaster
|player|p1|
