|j|☆Elainads
|j|☆shimazuu
|t:|1743918253
|gametype|singles
|player|p1|Elainads|dawn|1166
|player|p2|shimazuu|hilbert-wonderlauncher|1113
|teamsize|p1|6
|teamsize|p2|6
|gen|9
|tier|[Gen 9] OU
|rated|
|rule|HP Percentage Mod: HP is shown in percentages
|rule|Endless Battle Clause: Forcing endless battles is banned
|rule|Species Clause: Limit one of each Pokémon
|rule|OHKO Clause: OHKO moves are banned
|rule|Evasion Items Clause: Evasion items are banned
|rule|Evasion Moves Clause: Evasion moves are banned
|rule|Sleep Moves Clause: Sleep-inducing moves are banned
|clearpoke
|poke|p1|Alomomola, M|
|poke|p1|Comfey, F|
|poke|p1|Samurott-Hisui, F|
|poke|p1|Zapdos|
|poke|p1|Iron Moth|
|poke|p1|Landorus-Therian, M|
|poke|p2|Incineroar, F|
|poke|p2|Cresselia, F|
|poke|p2|Iron Hands|
|poke|p2|Conkeldurr, M|
|poke|p2|Diancie|
|poke|p2|Ursaluna, M|
|teampreview
|inactive|Battle timer is ON: inactive players will automatically lose when time's up. (requested by shimazuu)
|
|t:|1743918285
|start
|switch|p1a: Samurott|Samurott-Hisui, F, shiny|100/100
|switch|p2a: duck|Cresselia, F|100/100
|turn|1
|
|t:|1743918304
|move|p1a: Samurott|Ceaseless Edge|p2a: duck
|-supereffective|p2a: duck
|-damage|p2a: duck|37/100
|-sidestart|p2: shimazuu|Spikes
|move|p2a: duck|Trick Room|p2a: duck
|-fieldstart|move: Trick Room|[of] p2a: duck
|
|-heal|p2a: duck|43/100|[from] item: Leftovers
|upkeep
|turn|2
|inactive|shimazuu has 120 seconds left.
|
|t:|1743918360
|switch|p2a: HAARP weapon|Ursaluna, M|100/100
|-damage|p2a: HAARP weapon|88/100|[from] Spikes
|move|p1a: Samurott|Ceaseless Edge|p2a: HAARP weapon
|-damage|p2a: HAARP weapon|55/100
|-sidestart|p2: shimazuu|Spikes
|
|upkeep
|turn|3
|
|t:|1743918373
|switch|p1a: Landorus|Landorus-Therian, M|100/100
|-ability|p1a: Landorus|Intimidate|boost
|-unboost|p2a: HAARP weapon|atk|1
|-terastallize|p2a: HAARP weapon|Ghost
|move|p2a: HAARP weapon|Belly Drum|p2a: HAARP weapon
|-damage|p2a: HAARP weapon|5/100
|-setboost|p2a: HAARP weapon|atk|6|[from] move: Belly Drum
|-enditem|p2a: HAARP weapon|Sitrus Berry|[eat]
|-heal|p2a: HAARP weapon|30/100|[from] item: Sitrus Berry
|
|upkeep
|turn|4
|
|t:|1743918387
|move|p2a: HAARP weapon|Ice Punch|p1a: Landorus
|-supereffective|p1a: Landorus
|-damage|p1a: Landorus|0 fnt
|-damage|p2a: HAARP weapon|13/100|[from] item: Rocky Helmet|[of] p1a: Landorus
|faint|p1a: Landorus
|
|upkeep
|
|t:|1743918394
|switch|p1a: Comfey|Comfey, F|100/100
|turn|5
|inactive|shimazuu has 120 seconds left.
|
|t:|1743918399
|move|p1a: Comfey|Draining Kiss|p2a: HAARP weapon
|-damage|p2a: HAARP weapon|0 fnt
|faint|p2a: HAARP weapon
|
|-fieldend|move: Trick Room
|upkeep
|inactive|shimazuu has 120 seconds left.
|
|t:|1743918407
|switch|p2a: Diancie|Diancie|100/100
|-damage|p2a: Diancie|84/100|[from] Spikes
|turn|6
|
|t:|1743918413
|move|p1a: Comfey|Calm Mind|p1a: Comfey
|-boost|p1a: Comfey|spa|1
|-boost|p1a: Comfey|spd|1
|move|p2a: Diancie|Diamond Storm|p1a: Comfey
|-damage|p1a: Comfey|37/100
|
|upkeep
|turn|7
|
|t:|1743918423
|-terastallize|p1a: Comfey|Steel
|move|p1a: Comfey|Draining Kiss|p2a: Diancie
|-damage|p2a: Diancie|54/100
|-heal|p1a: Comfey|60/100|[from] drain|[of] p2a: Diancie
|move|p2a: Diancie|Diamond Storm|p1a: Comfey
|-resisted|p1a: Comfey
|-crit|p1a: Comfey
|-damage|p1a: Comfey|14/100
|
|upkeep
|turn|8
|inactive|shimazuu has 120 seconds left.
|
|t:|1743918458
|move|p1a: Comfey|Draining Kiss|p2a: Diancie
|-damage|p2a: Diancie|24/100
|-heal|p1a: Comfey|36/100|[from] drain|[of] p2a: Diancie
|move|p2a: Diancie|Diamond Storm|p1a: Comfey
|-resisted|p1a: Comfey
|-damage|p1a: Comfey|8/100
|
|upkeep
|turn|9
|-message|shimazuu forfeited.
|
|win|Elainads
|raw|Elainads's rating: 1166 &rarr; <strong>1187</strong><br />(+21 for winning)
|raw|shimazuu's rating: 1113 &rarr; <strong>1092</strong><br />(-21 for losing)
|l|☆shimazuu
|player|p2|
|l|☆Elainads
|player|p1|
