|j|☆dmac99
|j|☆impotent wretch
|t:|1743851984
|gametype|singles
|player|p1|dmac99|veteran|1533
|player|p2|impotent wretch|1|1526
|teamsize|p1|6
|teamsize|p2|6
|gen|9
|tier|[Gen 9] OU
|rated|
|rule|HP Percentage Mod: HP is shown in percentages
|rule|Endless Battle Clause: Forcing endless battles is banned
|rule|Species Clause: Limit one of each Pokémon
|rule|OHKO Clause: OHKO moves are banned
|rule|Evasion Items Clause: Evasion items are banned
|rule|Evasion Moves Clause: Evasion moves are banned
|rule|Sleep Moves Clause: Sleep-inducing moves are banned
|clearpoke
|poke|p1|Zapdos|
|poke|p1|Volcanion|
|poke|p1|Dragapult, M|
|poke|p1|Indeedee, M|
|poke|p1|Goodra-Hisui, M|
|poke|p1|Great Tusk|
|poke|p2|Deoxys-Speed|
|poke|p2|Cinderace, F|
|poke|p2|Tinkaton, F|
|poke|p2|Rotom-Wash|
|poke|p2|Gliscor, M|
|poke|p2|Kommo-o, M|
|teampreview
|inactive|Battle timer is ON: inactive players will automatically lose when time's up. (requested by dmac99)
|
|t:|1743852006
|start
|switch|p1a: Dragapult|Dragapult, M|100/100
|switch|p2a: Tinkaton|Tinkaton, F|100/100
|-item|p2a: Tinkaton|Air Balloon
|turn|1
|
|t:|1743852012
|move|p1a: Dragapult|U-turn|p2a: Tinkaton
|-resisted|p2a: Tinkaton
|-damage|p2a: Tinkaton|90/100
|-enditem|p2a: Tinkaton|Air Balloon
|-enditem|p1a: Dragapult|Choice Band|[silent]|[from] ability: Pickpocket|[of] p1a: Dragapult
|-item|p2a: Tinkaton|Choice Band|[from] ability: Pickpocket|[of] p1a: Dragapult
|
|t:|1743852018
|switch|p1a: Volcanion|Volcanion|100/100|[from] U-turn
|move|p2a: Tinkaton|Stealth Rock|p1a: Volcanion
|-sidestart|p1: dmac99|move: Stealth Rock
|
|upkeep
|turn|2
|
|t:|1743852048
|switch|p2a: Kommo-o|Kommo-o, M|100/100
|move|p1a: Volcanion|Steam Eruption|p2a: Kommo-o
|-resisted|p2a: Kommo-o
|-damage|p2a: Kommo-o|43/100
|-status|p2a: Kommo-o|brn
|
|-damage|p2a: Kommo-o|37/100 brn|[from] brn
|upkeep
|turn|3
|c|☆impotent wretch|oh!
|
|t:|1743852059
|move|p2a: Kommo-o|Clanging Scales|p1a: Volcanion
|-damage|p1a: Volcanion|40/100
|-unboost|p2a: Kommo-o|def|1
|-enditem|p2a: Kommo-o|Throat Spray
|-boost|p2a: Kommo-o|spa|1|[from] item: Throat Spray
|move|p1a: Volcanion|Steam Eruption|p2a: Kommo-o
|-resisted|p2a: Kommo-o
|-damage|p2a: Kommo-o|0 fnt
|faint|p2a: Kommo-o
|
|upkeep
|inactive|impotent wretch has 120 seconds left.
|
|t:|1743852087
|switch|p2a: Deoxys|Deoxys-Speed|100/100
|-ability|p2a: Deoxys|Pressure
|turn|4
|
|t:|1743852098
|move|p2a: Deoxys|Psycho Boost|p1a: Volcanion
|-damage|p1a: Volcanion|0 fnt
|-unboost|p2a: Deoxys|spa|2
|faint|p1a: Volcanion
|-damage|p2a: Deoxys|91/100|[from] item: Life Orb
|
|upkeep
|
|t:|1743852108
|switch|p1a: Zapdos|Zapdos|100/100
|turn|5
|
|t:|1743852113
|switch|p2a: Gliscor|Gliscor, M|100/100
|move|p1a: Zapdos|U-turn|p2a: Gliscor
|-resisted|p2a: Gliscor
|-damage|p2a: Gliscor|95/100
|
|t:|1743852118
|switch|p1a: Indeedee|Indeedee, M|100/100|[from] U-turn
|-damage|p1a: Indeedee|88/100|[from] Stealth Rock
|-fieldstart|move: Psychic Terrain|[from] ability: Psychic Surge|[of] p1a: Indeedee
|
|-status|p2a: Gliscor|tox|[from] item: Toxic Orb
|upkeep
|turn|6
|
|t:|1743852123
|move|p2a: Gliscor|Protect|p2a: Gliscor
|-singleturn|p2a: Gliscor|Protect
|move|p1a: Indeedee|Expanding Force|p2a: Gliscor
|-activate|p2a: Gliscor|move: Protect
|
|-heal|p2a: Gliscor|100/100 tox|[from] ability: Poison Heal
|upkeep
|turn|7
|
|t:|1743852141
|switch|p2a: Tinkaton|Tinkaton, F|90/100
|move|p1a: Indeedee|Expanding Force|p2a: Tinkaton
|-resisted|p2a: Tinkaton
|-damage|p2a: Tinkaton|58/100
|
|upkeep
|turn|8
|
|t:|1743852158
|switch|p1a: Great Tusk|Great Tusk|100/100
|switch|p2a: Deoxys|Deoxys-Speed|91/100
|-ability|p2a: Deoxys|Pressure
|
|upkeep
|turn|9
|
|t:|1743852173
|-end|p1a: Great Tusk|Protosynthesis|[silent]
|switch|p1a: Goodra|Goodra-Hisui, M|100/100
|-damage|p1a: Goodra|94/100|[from] Stealth Rock
|move|p2a: Deoxys|Psycho Boost|p1a: Goodra
|-resisted|p1a: Goodra
|-crit|p1a: Goodra
|-damage|p1a: Goodra|64/100
|-unboost|p2a: Deoxys|spa|2
|-damage|p2a: Deoxys|81/100|[from] item: Life Orb
|
|-fieldend|move: Psychic Terrain
|upkeep
|turn|10
|c|☆impotent wretch|that was a crit
|c|☆impotent wretch|lol
|
|t:|1743852191
|switch|p2a: Rotom|Rotom-Wash|100/100
|move|p1a: Goodra|Dragon Tail|p2a: Rotom
|-damage|p2a: Rotom|86/100
|-damage|p1a: Goodra|48/100|[from] item: Rocky Helmet|[of] p2a: Rotom
|drag|p2a: Deoxys|Deoxys-Speed|81/100
|-ability|p2a: Deoxys|Pressure
|
|upkeep
|turn|11
|
|t:|1743852206
|move|p2a: Deoxys|Superpower|p1a: Goodra
|-supereffective|p1a: Goodra
|-crit|p1a: Goodra
|-damage|p1a: Goodra|0 fnt
|-unboost|p2a: Deoxys|atk|1
|-unboost|p2a: Deoxys|def|1
|faint|p1a: Goodra
|-damage|p2a: Deoxys|71/100|[from] item: Life Orb
|
|upkeep
|
|t:|1743852215
|switch|p1a: Zapdos|Zapdos|100/100
|turn|12
|
|t:|1743852221
|switch|p2a: Gliscor|Gliscor, M|100/100 tox
|move|p1a: Zapdos|U-turn|p2a: Gliscor
|-resisted|p2a: Gliscor
|-damage|p2a: Gliscor|95/100 tox
|
|t:|1743852223
|switch|p1a: Indeedee|Indeedee, M|88/100|[from] U-turn
|-damage|p1a: Indeedee|76/100|[from] Stealth Rock
|-fieldstart|move: Psychic Terrain|[from] ability: Psychic Surge|[of] p1a: Indeedee
|
|-heal|p2a: Gliscor|100/100 tox|[from] ability: Poison Heal
|upkeep
|turn|13
|
|t:|1743852237
|move|p2a: Gliscor|Protect|p2a: Gliscor
|-singleturn|p2a: Gliscor|Protect
|move|p1a: Indeedee|Expanding Force|p2a: Gliscor
|-activate|p2a: Gliscor|move: Protect
|
|upkeep
|turn|14
|
|t:|1743852261
|switch|p2a: Cinderace|Cinderace, F|100/100
|move|p1a: Indeedee|Expanding Force|p2a: Cinderace
|-damage|p2a: Cinderace|0 fnt
|faint|p2a: Cinderace
|
|upkeep
|
|t:|1743852267
|switch|p2a: Tinkaton|Tinkaton, F|58/100
|turn|15
|
|t:|1743852274
|switch|p1a: Great Tusk|Great Tusk|100/100
|switch|p2a: Deoxys|Deoxys-Speed|71/100
|-ability|p2a: Deoxys|Pressure
|
|upkeep
|turn|16
|
|t:|1743852287
|-terastallize|p2a: Deoxys|Psychic
|-terastallize|p1a: Great Tusk|Steel
|move|p2a: Deoxys|Psycho Boost|p1a: Great Tusk
|-resisted|p1a: Great Tusk
|-damage|p1a: Great Tusk|3/100
|-unboost|p2a: Deoxys|spa|2
|-damage|p2a: Deoxys|61/100|[from] item: Life Orb
|move|p1a: Great Tusk|Knock Off|p2a: Deoxys
|-supereffective|p2a: Deoxys
|-damage|p2a: Deoxys|0 fnt
|-enditem|p2a: Deoxys|Life Orb|[from] move: Knock Off|[of] p1a: Great Tusk
|faint|p2a: Deoxys
|
|-fieldend|move: Psychic Terrain
|upkeep
|
|t:|1743852306
|switch|p2a: Rotom|Rotom-Wash|86/100
|turn|17
|
|t:|1743852312
|-end|p1a: Great Tusk|Protosynthesis|[silent]
|switch|p1a: Zapdos|Zapdos|100/100
|move|p2a: Rotom|Volt Switch|p1a: Zapdos
|-damage|p1a: Zapdos|77/100
|
|t:|1743852321
|switch|p2a: Gliscor|Gliscor, M|100/100 tox|[from] Volt Switch
|
|upkeep
|turn|18
|
|t:|1743852333
|move|p1a: Zapdos|Hurricane|p2a: Gliscor
|-damage|p2a: Gliscor|60/100 tox
|move|p2a: Gliscor|Knock Off|p1a: Zapdos
|-damage|p1a: Zapdos|59/100
|-enditem|p1a: Zapdos|Heavy-Duty Boots|[from] move: Knock Off|[of] p2a: Gliscor
|
|-heal|p2a: Gliscor|73/100 tox|[from] ability: Poison Heal
|upkeep
|turn|19
|
|t:|1743852343
|move|p2a: Gliscor|Protect|p2a: Gliscor
|-singleturn|p2a: Gliscor|Protect
|move|p1a: Zapdos|Roost|p1a: Zapdos
|-heal|p1a: Zapdos|100/100
|-singleturn|p1a: Zapdos|move: Roost
|
|-heal|p2a: Gliscor|85/100 tox|[from] ability: Poison Heal
|upkeep
|turn|20
|
|t:|1743852348
|move|p1a: Zapdos|Hurricane|p2a: Gliscor
|-damage|p2a: Gliscor|45/100 tox
|-start|p2a: Gliscor|confusion
|-activate|p2a: Gliscor|confusion
|move|p2a: Gliscor|Toxic|p1a: Zapdos
|-status|p1a: Zapdos|tox
|
|-damage|p1a: Zapdos|94/100 tox|[from] psn
|-heal|p2a: Gliscor|57/100 tox|[from] ability: Poison Heal
|upkeep
|turn|21
|
|t:|1743852357
|switch|p1a: Indeedee|Indeedee, M|76/100
|-damage|p1a: Indeedee|64/100|[from] Stealth Rock
|-fieldstart|move: Psychic Terrain|[from] ability: Psychic Surge|[of] p1a: Indeedee
|-activate|p2a: Gliscor|confusion
|move|p2a: Gliscor|Protect||[still]
|-fail|p2a: Gliscor
|
|-heal|p2a: Gliscor|70/100 tox|[from] ability: Poison Heal
|upkeep
|turn|22
|
|t:|1743852366
|switch|p2a: Tinkaton|Tinkaton, F|58/100
|move|p1a: Indeedee|Expanding Force|p2a: Tinkaton
|-resisted|p2a: Tinkaton
|-damage|p2a: Tinkaton|26/100
|
|upkeep
|turn|23
|
|t:|1743852370
|move|p1a: Indeedee|Expanding Force|p2a: Tinkaton
|-resisted|p2a: Tinkaton
|-damage|p2a: Tinkaton|0 fnt
|faint|p2a: Tinkaton
|
|upkeep
|
|t:|1743852372
|switch|p2a: Gliscor|Gliscor, M|70/100 tox
|turn|24
|
|t:|1743852374
|move|p2a: Gliscor|Protect|p2a: Gliscor
|-singleturn|p2a: Gliscor|Protect
|move|p1a: Indeedee|Expanding Force|p2a: Gliscor
|-activate|p2a: Gliscor|move: Protect
|
|-heal|p2a: Gliscor|82/100 tox|[from] ability: Poison Heal
|upkeep
|turn|25
|
|t:|1743852378
|move|p1a: Indeedee|Expanding Force|p2a: Gliscor
|-damage|p2a: Gliscor|17/100 tox
|move|p2a: Gliscor|Knock Off|p1a: Indeedee
|-supereffective|p1a: Indeedee
|-damage|p1a: Indeedee|0 fnt
|-enditem|p1a: Indeedee|Choice Scarf|[from] move: Knock Off|[of] p2a: Gliscor
|faint|p1a: Indeedee
|
|-heal|p2a: Gliscor|30/100 tox|[from] ability: Poison Heal
|-fieldend|move: Psychic Terrain
|upkeep
|
|t:|1743852381
|switch|p1a: Dragapult|Dragapult, M|100/100
|-damage|p1a: Dragapult|88/100|[from] Stealth Rock
|turn|26
|
|t:|1743852389
|move|p2a: Gliscor|Protect|p2a: Gliscor
|-singleturn|p2a: Gliscor|Protect
|move|p1a: Dragapult|Dragon Darts|p2a: Gliscor
|-activate|p2a: Gliscor|move: Protect
|
|-heal|p2a: Gliscor|42/100 tox|[from] ability: Poison Heal
|upkeep
|turn|27
|
|t:|1743852395
|switch|p2a: Rotom|Rotom-Wash|86/100
|move|p1a: Dragapult|Dragon Darts|p2a: Rotom
|-damage|p2a: Rotom|66/100
|-anim|p1a: Dragapult|Dragon Darts|p2a: Rotom
|-damage|p2a: Rotom|45/100
|
|upkeep
|turn|28
|
|t:|1743852419
|move|p1a: Dragapult|Dragon Darts|p2a: Rotom
|-damage|p2a: Rotom|25/100
|-anim|p1a: Dragapult|Dragon Darts|p2a: Rotom
|-damage|p2a: Rotom|7/100
|move|p2a: Rotom|Pain Split|p1a: Dragapult
|-sethp|p1a: Dragapult|47/100|[from] move: Pain Split|[silent]
|-sethp|p2a: Rotom|49/100|[from] move: Pain Split
|
|upkeep
|turn|29
|
|t:|1743852448
|move|p1a: Dragapult|Dragon Darts|p2a: Rotom
|-damage|p2a: Rotom|30/100
|-anim|p1a: Dragapult|Dragon Darts|p2a: Rotom
|-damage|p2a: Rotom|9/100
|move|p2a: Rotom|Will-O-Wisp|p1a: Dragapult|[miss]
|-miss|p2a: Rotom|p1a: Dragapult
|
|upkeep
|turn|30
|c|☆impotent wretch|i knew that was gonna happen
|
|t:|1743852459
|move|p1a: Dragapult|Dragon Darts|p2a: Rotom
|-damage|p2a: Rotom|0 fnt
|faint|p2a: Rotom
|
|upkeep
|
|t:|1743852462
|switch|p2a: Gliscor|Gliscor, M|42/100 tox
|turn|31
|
|t:|1743852468
|move|p2a: Gliscor|Protect|p2a: Gliscor
|-singleturn|p2a: Gliscor|Protect
|move|p1a: Dragapult|Dragon Darts|p2a: Gliscor
|-activate|p2a: Gliscor|move: Protect
|
|-heal|p2a: Gliscor|55/100 tox|[from] ability: Poison Heal
|upkeep
|turn|32
|
|t:|1743852473
|move|p1a: Dragapult|U-turn|p2a: Gliscor
|-resisted|p2a: Gliscor
|-damage|p2a: Gliscor|46/100 tox
|
|t:|1743852475
|switch|p1a: Zapdos|Zapdos|94/100 tox|[from] U-turn
|-damage|p1a: Zapdos|70/100 tox|[from] Stealth Rock
|move|p2a: Gliscor|Knock Off|p1a: Zapdos
|-damage|p1a: Zapdos|57/100 tox
|
|-damage|p1a: Zapdos|51/100 tox|[from] psn
|-heal|p2a: Gliscor|58/100 tox|[from] ability: Poison Heal
|upkeep
|turn|33
|
|t:|1743852480
|move|p2a: Gliscor|Protect|p2a: Gliscor
|-singleturn|p2a: Gliscor|Protect
|move|p1a: Zapdos|Hurricane|p2a: Gliscor
|-activate|p2a: Gliscor|move: Protect
|
|-damage|p1a: Zapdos|39/100 tox|[from] psn
|-heal|p2a: Gliscor|71/100 tox|[from] ability: Poison Heal
|upkeep
|turn|34
|
|t:|1743852486
|move|p1a: Zapdos|Roost|p1a: Zapdos
|-heal|p1a: Zapdos|90/100 tox
|-singleturn|p1a: Zapdos|move: Roost
|move|p2a: Gliscor|Knock Off|p1a: Zapdos
|-damage|p1a: Zapdos|77/100 tox
|
|-damage|p1a: Zapdos|59/100 tox|[from] psn
|-heal|p2a: Gliscor|83/100 tox|[from] ability: Poison Heal
|upkeep
|turn|35
|
|t:|1743852491
|switch|p1a: Great Tusk|Great Tusk, tera:Steel|3/100
|move|p2a: Gliscor|Protect||[still]
|-fail|p2a: Gliscor
|
|-heal|p2a: Gliscor|96/100 tox|[from] ability: Poison Heal
|upkeep
|turn|36
|
|t:|1743852498
|move|p1a: Great Tusk|Rapid Spin|p2a: Gliscor
|-damage|p2a: Gliscor|84/100 tox
|-boost|p1a: Great Tusk|spe|1
|-sideend|p1: dmac99|Stealth Rock|[from] move: Rapid Spin|[of] p1a: Great Tusk
|move|p2a: Gliscor|Knock Off|p1a: Great Tusk
|-damage|p1a: Great Tusk|0 fnt
|-enditem|p1a: Great Tusk|Heavy-Duty Boots|[from] move: Knock Off|[of] p2a: Gliscor
|faint|p1a: Great Tusk
|-end|p1a: Great Tusk|Protosynthesis|[silent]
|
|-heal|p2a: Gliscor|96/100 tox|[from] ability: Poison Heal
|upkeep
|
|t:|1743852505
|switch|p1a: Zapdos|Zapdos|59/100 tox
|turn|37
|
|t:|1743852510
|move|p1a: Zapdos|Hurricane|p2a: Gliscor
|-damage|p2a: Gliscor|54/100 tox
|move|p2a: Gliscor|Knock Off|p1a: Zapdos
|-damage|p1a: Zapdos|48/100 tox
|
|-damage|p1a: Zapdos|42/100 tox|[from] psn
|-heal|p2a: Gliscor|66/100 tox|[from] ability: Poison Heal
|upkeep
|turn|38
|
|t:|1743852515
|move|p1a: Zapdos|Roost|p1a: Zapdos
|-heal|p1a: Zapdos|92/100 tox
|-singleturn|p1a: Zapdos|move: Roost
|move|p2a: Gliscor|Earthquake|p1a: Zapdos
|-supereffective|p1a: Zapdos
|-damage|p1a: Zapdos|34/100 tox
|
|-damage|p1a: Zapdos|22/100 tox|[from] psn
|-heal|p2a: Gliscor|79/100 tox|[from] ability: Poison Heal
|upkeep
|turn|39
|
|t:|1743852519
|move|p2a: Gliscor|Protect|p2a: Gliscor
|-singleturn|p2a: Gliscor|Protect
|move|p1a: Zapdos|Hurricane|p2a: Gliscor
|-activate|p2a: Gliscor|move: Protect
|
|-damage|p1a: Zapdos|4/100 tox|[from] psn
|-heal|p2a: Gliscor|91/100 tox|[from] ability: Poison Heal
|upkeep
|turn|40
|
|t:|1743852529
|move|p2a: Gliscor|Protect|p2a: Gliscor
|-singleturn|p2a: Gliscor|Protect
|move|p1a: Zapdos|Hurricane|p2a: Gliscor
|-activate|p2a: Gliscor|move: Protect
|
|-damage|p1a: Zapdos|0 fnt|[from] psn
|faint|p1a: Zapdos
|-heal|p2a: Gliscor|100/100 tox|[from] ability: Poison Heal
|upkeep
|
|t:|1743852537
|switch|p1a: Dragapult|Dragapult, M|47/100
|turn|41
|
|t:|1743852548
|move|p1a: Dragapult|Dragon Darts|p2a: Gliscor
|-damage|p2a: Gliscor|81/100 tox
|-anim|p1a: Dragapult|Dragon Darts|p2a: Gliscor
|-damage|p2a: Gliscor|60/100 tox
|move|p2a: Gliscor|Earthquake|p1a: Dragapult
|-damage|p1a: Dragapult|3/100
|
|-heal|p2a: Gliscor|72/100 tox|[from] ability: Poison Heal
|upkeep
|turn|42
|
|t:|1743852552
|move|p1a: Dragapult|Dragon Darts|p2a: Gliscor
|-damage|p2a: Gliscor|52/100 tox
|-anim|p1a: Dragapult|Dragon Darts|p2a: Gliscor
|-damage|p2a: Gliscor|33/100 tox
|move|p2a: Gliscor|Earthquake|p1a: Dragapult
|-damage|p1a: Dragapult|0 fnt
|faint|p1a: Dragapult
|
|win|impotent wretch
|raw|dmac99's rating: 1533 &rarr; <strong>1513</strong><br />(-20 for losing)
|raw|impotent wretch's rating: 1526 &rarr; <strong>1546</strong><br />(+20 for winning)
|l|☆dmac99
|player|p1|
|c|☆impotent wretch|gg
|l|☆impotent wretch
|player|p2|
