|j|☆01zx
|j|☆jardison
|t:|1743846001
|gametype|singles
|player|p1|01zx|cyrus|1256
|player|p2|jardison|li|1268
|teamsize|p1|6
|teamsize|p2|6
|gen|9
|tier|[Gen 9] OU
|rated|
|rule|HP Percentage Mod: HP is shown in percentages
|rule|Endless Battle Clause: Forcing endless battles is banned
|rule|Species Clause: Limit one of each Pokémon
|rule|OHKO Clause: OHKO moves are banned
|rule|Evasion Items Clause: Evasion items are banned
|rule|Evasion Moves Clause: Evasion moves are banned
|rule|Sleep Moves Clause: Sleep-inducing moves are banned
|clearpoke
|poke|p1|Sinistcha-Masterpiece|
|poke|p1|Kleavor, M|
|poke|p1|Ursaluna, F|
|poke|p1|Alomomola, M|
|poke|p1|Toxtricity-Low-Key, M|
|poke|p1|Corviknight, F|
|poke|p2|Weavile, M|
|poke|p2|Glimmora, F|
|poke|p2|Zamazenta-*|
|poke|p2|Latias, F|
|poke|p2|Gholdengo|
|poke|p2|Dragonite, F|
|teampreview
|inactive|Battle timer is ON: inactive players will automatically lose when time's up. (requested by jardison)
|
|t:|1743846014
|start
|switch|p1a: Toxtricity|Toxtricity-Low-Key, M, shiny|100/100
|switch|p2a: Glimmora|Glimmora, F|100/100
|-item|p1a: Toxtricity|Air Balloon
|turn|1
|
|t:|1743846025
|move|p1a: Toxtricity|Overdrive|p2a: Glimmora
|-damage|p2a: Glimmora|57/100
|move|p2a: Glimmora|Stealth Rock|p1a: Toxtricity
|-sidestart|p1: 01zx|move: Stealth Rock
|
|upkeep
|turn|2
|
|t:|1743846033
|move|p1a: Toxtricity|Overdrive|p2a: Glimmora
|-damage|p2a: Glimmora|13/100
|move|p2a: Glimmora|Spikes|p1a: Toxtricity
|-sidestart|p1: 01zx|Spikes
|
|upkeep
|turn|3
|
|t:|1743846046
|move|p1a: Toxtricity|Boomburst|p2a: Glimmora
|-resisted|p2a: Glimmora
|-damage|p2a: Glimmora|0 fnt
|faint|p2a: Glimmora
|
|upkeep
|
|t:|1743846055
|switch|p2a: Latias|Latias, F|100/100
|turn|4
|
|t:|1743846061
|switch|p1a: Corviknight|Corviknight, F, shiny|100/100
|-damage|p1a: Corviknight|88/100|[from] Stealth Rock
|move|p2a: Latias|Calm Mind|p2a: Latias
|-boost|p2a: Latias|spa|1
|-boost|p2a: Latias|spd|1
|
|upkeep
|turn|5
|
|t:|1743846082
|switch|p2a: Gholdengo|Gholdengo|100/100
|move|p1a: Corviknight|Defog|p2a: Gholdengo
|-immune|p2a: Gholdengo|[from] ability: Good as Gold
|
|upkeep
|turn|6
|
|t:|1743846091
|move|p2a: Gholdengo|Nasty Plot|p2a: Gholdengo
|-boost|p2a: Gholdengo|spa|2
|move|p1a: Corviknight|U-turn|p2a: Gholdengo
|-resisted|p2a: Gholdengo
|-damage|p2a: Gholdengo|97/100
|
|t:|1743846112
|switch|p1a: Ursaluna|Ursaluna, F, shiny|100/100|[from] U-turn
|-damage|p1a: Ursaluna|94/100|[from] Stealth Rock
|-damage|p1a: Ursaluna|82/100|[from] Spikes
|
|-status|p1a: Ursaluna|brn|[from] item: Flame Orb
|upkeep
|turn|7
|inactive|01zx has 120 seconds left.
|
|t:|1743846134
|switch|p1a: Corviknight|Corviknight, F, shiny|88/100
|-damage|p1a: Corviknight|75/100|[from] Stealth Rock
|move|p2a: Gholdengo|Dazzling Gleam|p1a: Corviknight
|-resisted|p1a: Corviknight
|-damage|p1a: Corviknight|49/100
|
|upkeep
|turn|8
|
|t:|1743846144
|move|p2a: Gholdengo|Thunderbolt|p1a: Corviknight
|-supereffective|p1a: Corviknight
|-damage|p1a: Corviknight|0 fnt
|faint|p1a: Corviknight
|
|upkeep
|
|t:|1743846149
|switch|p1a: 无限|Alomomola, M, shiny|100/100
|-damage|p1a: 无限|88/100|[from] Stealth Rock
|-damage|p1a: 无限|76/100|[from] Spikes
|turn|9
|
|t:|1743846154
|move|p2a: Gholdengo|Thunderbolt|p1a: 无限
|-supereffective|p1a: 无限
|-damage|p1a: 无限|0 fnt
|faint|p1a: 无限
|
|upkeep
|-message|01zx forfeited.
|
|win|jardison
|raw|01zx's rating: 1256 &rarr; <strong>1232</strong><br />(-24 for losing)
|raw|jardison's rating: 1268 &rarr; <strong>1292</strong><br />(+24 for winning)
|l|☆01zx
|player|p1|
|l|☆jardison
|player|p2|
