|j|☆Clair117
|j|☆Axiomatic24
|t:|1743811589
|gametype|singles
|player|p1|Clair117|courtney|1395
|player|p2|Axiomatic24|karen|1413
|teamsize|p1|6
|teamsize|p2|6
|gen|9
|tier|[Gen 9] OU
|rated|
|rule|HP Percentage Mod: HP is shown in percentages
|rule|Endless Battle Clause: Forcing endless battles is banned
|rule|Species Clause: Limit one of each Pokémon
|rule|OHKO Clause: OHKO moves are banned
|rule|Evasion Items Clause: Evasion items are banned
|rule|Evasion Moves Clause: Evasion moves are banned
|rule|Sleep Moves Clause: Sleep-inducing moves are banned
|clearpoke
|poke|p1|Polteageist|
|poke|p1|Indeedee, M|
|poke|p1|Ting-Lu|
|poke|p1|Corviknight, F|
|poke|p1|Ogerpon-Wellspring, F|
|poke|p1|Iron Valiant|
|poke|p2|Kyurem|
|poke|p2|Darkrai|
|poke|p2|Garchomp, M|
|poke|p2|Ogerpon-Cornerstone, F|
|poke|p2|Cinderace, M|
|poke|p2|Latios, M|
|teampreview
|inactive|Battle timer is ON: inactive players will automatically lose when time's up. (requested by Clair117)
|
|t:|1743811607
|start
|switch|p1a: Ogerpon|Ogerpon-Wellspring, F|100/100
|switch|p2a: Kyurem|Kyurem|100/100
|-ability|p2a: Kyurem|Pressure
|turn|1
|
|t:|1743811615
|move|p1a: Ogerpon|U-turn|p2a: Kyurem
|-damage|p2a: Kyurem|70/100
|
|t:|1743811619
|switch|p1a: Corviknight|Corviknight, F|100/100|[from] U-turn
|-ability|p1a: Corviknight|Pressure
|move|p2a: Kyurem|Freeze-Dry|p1a: Corviknight
|-damage|p1a: Corviknight|68/100
|
|upkeep
|turn|2
|
|t:|1743811626
|switch|p2a: Garchomp|Garchomp, M|100/100
|move|p1a: Corviknight|U-turn|p2a: Garchomp
|-damage|p2a: Garchomp|91/100
|-damage|p1a: Corviknight|56/100|[from] ability: Rough Skin|[of] p2a: Garchomp
|-damage|p1a: Corviknight|39/100|[from] item: Rocky Helmet|[of] p2a: Garchomp
|
|t:|1743811637
|switch|p1a: Iron Valiant|Iron Valiant|100/100|[from] U-turn
|-enditem|p1a: Iron Valiant|Booster Energy
|-activate|p1a: Iron Valiant|ability: Quark Drive|[fromitem]
|-start|p1a: Iron Valiant|quarkdrivespe
|
|upkeep
|turn|3
|
|t:|1743811644
|switch|p2a: Cinderace|Cinderace, M|100/100
|move|p1a: Iron Valiant|Moonblast|p2a: Cinderace
|-resisted|p2a: Cinderace
|-damage|p2a: Cinderace|72/100
|
|upkeep
|turn|4
|
|t:|1743811653
|-end|p1a: Iron Valiant|Quark Drive|[silent]
|switch|p1a: Ting-Lu|Ting-Lu|100/100
|-ability|p1a: Ting-Lu|Vessel of Ruin
|move|p2a: Cinderace|U-turn|p1a: Ting-Lu
|-supereffective|p1a: Ting-Lu
|-damage|p1a: Ting-Lu|81/100
|
|t:|1743811662
|switch|p2a: Ogerpon|Ogerpon-Cornerstone, F|100/100|[from] U-turn
|
|-heal|p1a: Ting-Lu|88/100|[from] item: Leftovers
|upkeep
|turn|5
|
|t:|1743811676
|move|p2a: Ogerpon|Swords Dance|p2a: Ogerpon
|-boost|p2a: Ogerpon|atk|2
|move|p1a: Ting-Lu|Whirlwind|p2a: Ogerpon
|drag|p2a: Garchomp|Garchomp, M|91/100
|
|-heal|p1a: Ting-Lu|94/100|[from] item: Leftovers
|upkeep
|turn|6
|
|t:|1743811687
|switch|p2a: Ogerpon|Ogerpon-Cornerstone, F|100/100
|move|p1a: Ting-Lu|Spikes|p2a: Ogerpon
|-sidestart|p2: Axiomatic24|Spikes
|
|-heal|p1a: Ting-Lu|99/100|[from] item: Leftovers
|upkeep
|turn|7
|
|t:|1743811693
|move|p2a: Ogerpon|Power Whip|p1a: Ting-Lu
|-supereffective|p1a: Ting-Lu
|-damage|p1a: Ting-Lu|22/100
|move|p1a: Ting-Lu|Whirlwind|p2a: Ogerpon
|drag|p2a: Kyurem|Kyurem|70/100
|-damage|p2a: Kyurem|57/100|[from] Spikes
|-ability|p2a: Kyurem|Pressure
|
|-heal|p1a: Ting-Lu|28/100|[from] item: Leftovers
|upkeep
|turn|8
|
|t:|1743811703
|move|p2a: Kyurem|Icicle Spear|p1a: Ting-Lu
|-supereffective|p1a: Ting-Lu
|-damage|p1a: Ting-Lu|15/100
|-supereffective|p1a: Ting-Lu
|-damage|p1a: Ting-Lu|0 fnt
|faint|p1a: Ting-Lu
|-hitcount|p1: Ting-Lu|2
|
|upkeep
|
|t:|1743811707
|switch|p1a: Iron Valiant|Iron Valiant|100/100
|turn|9
|
|t:|1743811718
|move|p1a: Iron Valiant|Aura Sphere|p2a: Kyurem
|-supereffective|p2a: Kyurem
|-damage|p2a: Kyurem|0 fnt
|faint|p2a: Kyurem
|
|upkeep
|
|t:|1743811723
|switch|p2a: Cinderace|Cinderace, M|72/100
|turn|10
|
|t:|1743811731
|move|p2a: Cinderace|Pyro Ball|p1a: Iron Valiant
|-damage|p1a: Iron Valiant|33/100
|move|p1a: Iron Valiant|Aura Sphere|p2a: Cinderace
|-damage|p2a: Cinderace|21/100
|
|upkeep
|turn|11
|
|t:|1743811742
|-end|p1a: Iron Valiant|Quark Drive|[silent]
|switch|p1a: Indeedee|Indeedee, M|100/100
|-fieldstart|move: Psychic Terrain|[from] ability: Psychic Surge|[of] p1a: Indeedee
|move|p2a: Cinderace|Pyro Ball|p1a: Indeedee
|-damage|p1a: Indeedee|0 fnt
|faint|p1a: Indeedee
|
|upkeep
|
|t:|1743811744
|switch|p1a: Polteageist|Polteageist|100/100
|turn|12
|inactive|Axiomatic24 has 120 seconds left.
|
|t:|1743811776
|move|p2a: Cinderace|Court Change|p2a: Cinderace
|-swapsideconditions
|-activate|p2a: Cinderace|move: Court Change
|move|p1a: Polteageist|Shell Smash|p1a: Polteageist
|-unboost|p1a: Polteageist|def|1
|-unboost|p1a: Polteageist|spd|1
|-boost|p1a: Polteageist|atk|2
|-boost|p1a: Polteageist|spa|2
|-boost|p1a: Polteageist|spe|2
|
|upkeep
|turn|13
|inactive|Axiomatic24 has 120 seconds left.
|
|t:|1743811793
|move|p1a: Polteageist|Tera Blast|p2a: Cinderace
|-crit|p2a: Cinderace
|-damage|p2a: Cinderace|0 fnt
|faint|p2a: Cinderace
|
|upkeep
|inactive|Axiomatic24 has 120 seconds left.
|
|t:|1743811802
|switch|p2a: Darkrai|Darkrai|100/100
|turn|14
|
|t:|1743811808
|-terastallize|p2a: Darkrai|Poison
|move|p1a: Polteageist|Shell Smash|p1a: Polteageist
|-unboost|p1a: Polteageist|def|1
|-unboost|p1a: Polteageist|spd|1
|-boost|p1a: Polteageist|atk|2
|-boost|p1a: Polteageist|spa|2
|-boost|p1a: Polteageist|spe|2
|move|p2a: Darkrai|Dark Pulse|p1a: Polteageist
|-supereffective|p1a: Polteageist
|-enditem|p1a: Polteageist|Focus Sash
|-damage|p1a: Polteageist|1/100
|-damage|p2a: Darkrai|91/100|[from] item: Life Orb
|
|upkeep
|turn|15
|
|t:|1743811822
|switch|p2a: Latios|Latios, M|100/100
|move|p1a: Polteageist|Stored Power|p2a: Latios
|-resisted|p2a: Latios
|-damage|p2a: Latios|0 fnt
|faint|p2a: Latios
|
|upkeep
|
|t:|1743811829
|switch|p2a: Ogerpon|Ogerpon-Cornerstone, F|100/100
|turn|16
|
|t:|1743811837
|move|p1a: Polteageist|Stored Power|p2a: Ogerpon
|-ability|p2a: Ogerpon|Sturdy
|-damage|p2a: Ogerpon|1/100
|move|p2a: Ogerpon|Ivy Cudgel|p1a: Polteageist|[anim] Ivy Cudgel Rock
|-damage|p1a: Polteageist|0 fnt
|faint|p1a: Polteageist
|
|upkeep
|
|t:|1743811844
|switch|p1a: Ogerpon|Ogerpon-Wellspring, F|100/100
|-damage|p1a: Ogerpon|88/100|[from] Spikes
|turn|17
|
|t:|1743811851
|move|p1a: Ogerpon|Ivy Cudgel|p2a: Ogerpon|[anim] Ivy Cudgel Water
|-damage|p2a: Ogerpon|0 fnt
|faint|p2a: Ogerpon
|
|upkeep
|
|t:|1743811855
|switch|p2a: Darkrai|Darkrai, tera:Poison|91/100
|turn|18
|
|t:|1743811863
|move|p2a: Darkrai|Sludge Bomb|p1a: Ogerpon
|-supereffective|p1a: Ogerpon
|-damage|p1a: Ogerpon|0 fnt
|faint|p1a: Ogerpon
|-damage|p2a: Darkrai|81/100|[from] item: Life Orb
|
|-fieldend|move: Psychic Terrain
|upkeep
|
|t:|1743811865
|switch|p1a: Corviknight|Corviknight, F|39/100
|-ability|p1a: Corviknight|Pressure
|turn|19
|
|t:|1743811873
|move|p2a: Darkrai|Dark Pulse|p1a: Corviknight
|-damage|p1a: Corviknight|0 fnt
|faint|p1a: Corviknight
|-damage|p2a: Darkrai|71/100|[from] item: Life Orb
|
|upkeep
|
|t:|1743811879
|switch|p1a: Iron Valiant|Iron Valiant|33/100
|-damage|p1a: Iron Valiant|21/100|[from] Spikes
|turn|20
|
|t:|1743811884
|move|p2a: Darkrai|Psyshock|p1a: Iron Valiant
|-supereffective|p1a: Iron Valiant
|-damage|p1a: Iron Valiant|0 fnt
|faint|p1a: Iron Valiant
|-end|p1a: Iron Valiant|Quark Drive|[silent]
|-damage|p2a: Darkrai|61/100|[from] item: Life Orb
|
|win|Axiomatic24
|raw|Clair117's rating: 1395 &rarr; <strong>1376</strong><br />(-19 for losing)
|raw|Axiomatic24's rating: 1413 &rarr; <strong>1432</strong><br />(+19 for winning)
|l|☆Clair117
|player|p1|
