|j|☆Alby379
|j|☆brodiewhaat.
|inactive|Battle timer is ON: inactive players will automatically lose when time's up.
|t:|1743809510
|gametype|singles
|player|p1|Alby379|n|
|player|p2|brodiewhaat.|bugcatcher-gen4dp|
|teamsize|p1|6
|teamsize|p2|6
|gen|9
|tier|[Gen 9] OU
|rated|Tournament battle
|rule|HP Percentage Mod: HP is shown in percentages
|rule|Endless Battle Clause: Forcing endless battles is banned
|rule|Species Clause: Limit one of each Pokémon
|rule|OHKO Clause: OHKO moves are banned
|rule|Evasion Items Clause: Evasion items are banned
|rule|Evasion Moves Clause: Evasion moves are banned
|rule|Sleep Moves Clause: Sleep-inducing moves are banned
|clearpoke
|poke|p1|Rillaboom, F|
|poke|p1|Hawlucha, F|
|poke|p1|Glimmora, M|
|poke|p1|Zamazenta-*|
|poke|p1|Garganacl, F|
|poke|p1|Iron Moth|
|poke|p2|Pelipper, M|
|poke|p2|Golduck, M|
|poke|p2|Barraskewda, M|
|poke|p2|Zapdos|
|poke|p2|Weezing-Galar, M|
|poke|p2|Goodra-Hisui, M|
|teampreview
|inactive|brodiewhaat. also wants the timer to be on.
|j| Lavisse
|j| 67uh578ji
|j| metakill4r
|j| Blumenwitz
|j| Love Is Cruel
|j| Punfy
|l| 67uh578ji
|j| 0Rose Thorns
|l| Punfy
|c|☆brodiewhaat.|bro a rilla im cooked
|j| Punfy
|c| metakill4r|W gold
|c|☆brodiewhaat.|gl
|c| 0Rose Thorns|Hf
|j|@Vittorioso ✿
|l|@Vittorioso ✿
|inactive|Alby379 has 120 seconds left.
|inactive|brodiewhaat. has 120 seconds left.
|c|☆Alby379|tbf, half my team is weak to water, so it's not over
|j| floating all day
|c|☆Alby379|gl u2 btw
|
|t:|1743809561
|start
|switch|p1a: Glimmora|Glimmora, M|100/100
|switch|p2a: Pelipper|Pelipper, M|100/100
|-weather|RainDance|[from] ability: Drizzle|[of] p2a: Pelipper
|turn|1
|
|t:|1743809568
|switch|p2a: Goodra|Goodra-Hisui, M|100/100
|move|p1a: Glimmora|Power Gem|p2a: Goodra
|-resisted|p2a: Goodra
|-damage|p2a: Goodra|93/100
|
|-weather|RainDance|[upkeep]
|upkeep
|turn|2
|
|t:|1743809575
|switch|p1a: Garganacl|Garganacl, F|100/100
|move|p2a: Goodra|Flash Cannon|p1a: Garganacl
|-supereffective|p1a: Garganacl
|-damage|p1a: Garganacl|62/100
|
|-weather|RainDance|[upkeep]
|-heal|p1a: Garganacl|68/100|[from] item: Leftovers
|upkeep
|turn|3
|
|t:|1743809589
|move|p2a: Goodra|Flash Cannon|p1a: Garganacl
|-supereffective|p1a: Garganacl
|-damage|p1a: Garganacl|28/100
|move|p1a: Garganacl|Salt Cure|p2a: Goodra
|-resisted|p2a: Goodra
|-damage|p2a: Goodra|87/100
|-start|p2a: Goodra|Salt Cure
|
|-weather|RainDance|[upkeep]
|-heal|p1a: Garganacl|35/100|[from] item: Leftovers
|-damage|p2a: Goodra|62/100|[from] Salt Cure
|upkeep
|turn|4
|j| Phoenixm99789
|
|t:|1743809611
|switch|p2a: Barraskewda|Barraskewda, M|100/100
|switch|p1a: Iron Moth|Iron Moth|100/100
|-enditem|p1a: Iron Moth|Booster Energy
|-activate|p1a: Iron Moth|ability: Quark Drive|[fromitem]
|-start|p1a: Iron Moth|quarkdrivespe
|
|-weather|RainDance|[upkeep]
|upkeep
|turn|5
|
|t:|1743809616
|move|p2a: Barraskewda|Flip Turn|p1a: Iron Moth
|-supereffective|p1a: Iron Moth
|-damage|p1a: Iron Moth|0 fnt
|faint|p1a: Iron Moth
|-end|p1a: Iron Moth|Quark Drive|[silent]
|c| 0Rose Thorns|That’s an incoming moth switch in
|l| Phoenixm99789
|c| 0Rose Thorns|I did think so
|c|☆Alby379|moth has no purpose in this mu
|c| 0Rose Thorns|Ik
|j| MREUhjrwuje
|inactive|brodiewhaat. has 120 seconds left.
|c| 0Rose Thorns|why didn’t you switch into rilla
|c| MREUhjrwuje|Golduck
|
|t:|1743809653
|switch|p2a: Zapdos|Zapdos, shiny|100/100|[from] Flip Turn
|
|-weather|RainDance|[upkeep]
|upkeep
|c|☆Alby379|may do 35% to g-weezing
|
|t:|1743809660
|switch|p1a: Glimmora|Glimmora, M|100/100
|turn|6
|
|t:|1743809668
|switch|p2a: Goodra|Goodra-Hisui, M|62/100
|move|p1a: Glimmora|Stealth Rock|p2a: Goodra
|-sidestart|p2: brodiewhaat.|move: Stealth Rock
|
|-weather|RainDance|[upkeep]
|upkeep
|turn|7
|j| storm cone
|l| storm cone
|
|t:|1743809675
|switch|p1a: Zamazenta|Zamazenta|100/100
|-ability|p1a: Zamazenta|Dauntless Shield|boost
|-boost|p1a: Zamazenta|def|1
|move|p2a: Goodra|Flash Cannon|p1a: Zamazenta
|-damage|p1a: Zamazenta|75/100
|
|-weather|RainDance|[upkeep]
|-heal|p1a: Zamazenta|81/100|[from] item: Leftovers
|upkeep
|turn|8
|
|t:|1743809679
|switch|p2a: Weezing|Weezing-Galar, M|100/100
|-damage|p2a: Weezing|88/100|[from] Stealth Rock
|move|p1a: Zamazenta|Body Press|p2a: Weezing
|-resisted|p2a: Weezing
|-damage|p2a: Weezing|79/100
|
|-weather|none
|-heal|p1a: Zamazenta|87/100|[from] item: Leftovers
|-heal|p2a: Weezing|85/100|[from] item: Leftovers
|upkeep
|turn|9
|
|t:|1743809685
|switch|p1a: Glimmora|Glimmora, M|100/100
|move|p2a: Weezing|Will-O-Wisp|p1a: Glimmora
|-status|p1a: Glimmora|brn
|
|-heal|p2a: Weezing|91/100|[from] item: Leftovers
|-damage|p1a: Glimmora|94/100 brn|[from] brn
|upkeep
|turn|10
|c|☆brodiewhaat.|one sec
|inactive|Alby379 has 120 seconds left.
|c|☆brodiewhaat.|my right hand is greasy from eating some pizza
|c|☆brodiewhaat.|brb
|inactive|brodiewhaat. has 120 seconds left.
|c| 0Rose Thorns|Brodie that’s the life
|c|☆Alby379|i ate pizza too
|c|☆Alby379|like 6 hours ago tho
|inactive|brodiewhaat. has 90 seconds left.
|c|☆Alby379|it's 1:35 am rn
|c| 0Rose Thorns|Dude go to sleep
|j| Kingblack10
|c|☆Alby379|i was playing golf on ds with some friends
|c| Punfy|I’m in eu aswell
|inactive|brodiewhaat. has 60 seconds left.
|c|☆Alby379|buggiest game ever btw
|c|☆brodiewhaat.|ok im back
|
|t:|1743809800
|switch|p2a: Goodra|Goodra-Hisui, M|62/100
|-damage|p2a: Goodra|56/100|[from] Stealth Rock
|move|p1a: Glimmora|Power Gem|p2a: Goodra
|-resisted|p2a: Goodra
|-damage|p2a: Goodra|48/100
|
|-damage|p1a: Glimmora|88/100 brn|[from] brn
|upkeep
|turn|11
|c| Punfy|its 2:36 am here
|inactive|Alby379 has 120 seconds left.
|inactive|brodiewhaat. has 60 seconds left.
|l| MREUhjrwuje
|c|☆Alby379|eastern europe then
|j| battedminifaust
|l| metakill4r
|
|t:|1743809831
|switch|p1a: Zamazenta|Zamazenta|87/100
|move|p2a: Goodra|Draco Meteor|p1a: Zamazenta
|-damage|p1a: Zamazenta|47/100
|-unboost|p2a: Goodra|spa|2
|
|-heal|p1a: Zamazenta|53/100|[from] item: Leftovers
|upkeep
|turn|12
|c| Punfy|yea finland
|inactive|Alby379 has 90 seconds left.
|c|☆Alby379|oh, was thinking balcans
|
|t:|1743809852
|switch|p2a: Weezing|Weezing-Galar, M|91/100
|-damage|p2a: Weezing|79/100|[from] Stealth Rock
|move|p1a: Zamazenta|Stone Edge|p2a: Weezing|[miss]
|-miss|p1a: Zamazenta|p2a: Weezing
|
|-heal|p1a: Zamazenta|59/100|[from] item: Leftovers
|-heal|p2a: Weezing|85/100|[from] item: Leftovers
|upkeep
|turn|13
|inactive|Alby379 has 90 seconds left.
|
|t:|1743809859
|switch|p1a: Garganacl|Garganacl, F|35/100
|move|p2a: Weezing|Defog|p1a: Garganacl
|-unboost|p1a: Garganacl|evasion|1
|-sideend|p2: brodiewhaat.|Stealth Rock|[from] move: Defog|[of] p2a: Weezing
|
|-heal|p2a: Weezing|91/100|[from] item: Leftovers
|-heal|p1a: Garganacl|41/100|[from] item: Leftovers
|upkeep
|turn|14
|j| Agency Type Beat
|
|t:|1743809868
|switch|p2a: Pelipper|Pelipper, M|100/100
|-weather|RainDance|[from] ability: Drizzle|[of] p2a: Pelipper
|move|p1a: Garganacl|Salt Cure|p2a: Pelipper
|-supereffective|p2a: Pelipper
|-damage|p2a: Pelipper|74/100
|-start|p2a: Pelipper|Salt Cure
|
|-weather|RainDance|[upkeep]
|-heal|p1a: Garganacl|47/100|[from] item: Leftovers
|-damage|p2a: Pelipper|50/100|[from] Salt Cure
|upkeep
|turn|15
|inactive|Alby379 has 90 seconds left.
|
|t:|1743809890
|switch|p1a: Glimmora|Glimmora, M|88/100 brn
|move|p2a: Pelipper|Roost|p2a: Pelipper
|-heal|p2a: Pelipper|99/100
|-singleturn|p2a: Pelipper|move: Roost
|
|-weather|RainDance|[upkeep]
|-damage|p1a: Glimmora|82/100 brn|[from] brn
|-damage|p2a: Pelipper|75/100|[from] Salt Cure
|upkeep
|turn|16
|
|t:|1743809898
|switch|p2a: Barraskewda|Barraskewda, M|100/100
|move|p1a: Glimmora|Power Gem|p2a: Barraskewda
|-damage|p2a: Barraskewda|14/100
|
|-weather|RainDance|[upkeep]
|-damage|p1a: Glimmora|76/100 brn|[from] brn
|upkeep
|turn|17
|inactive|brodiewhaat. has 90 seconds left.
|
|t:|1743809905
|switch|p1a: Zamazenta|Zamazenta|59/100
|move|p2a: Barraskewda|Flip Turn|p1a: Zamazenta
|-damage|p1a: Zamazenta|3/100
|
|t:|1743809909
|switch|p2a: Golduck|Golduck, M|100/100|[from] Flip Turn
|
|-weather|RainDance|[upkeep]
|-heal|p1a: Zamazenta|9/100|[from] item: Leftovers
|upkeep
|turn|18
|
|t:|1743809914
|move|p2a: Golduck|Ice Beam|p1a: Zamazenta
|-damage|p1a: Zamazenta|0 fnt
|faint|p1a: Zamazenta
|-damage|p2a: Golduck|91/100|[from] item: Life Orb
|
|-weather|RainDance|[upkeep]
|upkeep
|
|t:|1743809915
|switch|p1a: Rillaboom|Rillaboom, F, shiny|100/100
|-fieldstart|move: Grassy Terrain|[from] ability: Grassy Surge|[of] p1a: Rillaboom
|turn|19
|
|t:|1743809920
|switch|p2a: Weezing|Weezing-Galar, M|91/100
|-terastallize|p1a: Rillaboom|Grass
|move|p1a: Rillaboom|Grassy Glide|p2a: Weezing
|-resisted|p2a: Weezing
|-damage|p2a: Weezing|72/100
|
|-weather|RainDance|[upkeep]
|-heal|p2a: Weezing|78/100|[from] item: Leftovers
|upkeep
|turn|20
|l| Lavisse
|inactive|brodiewhaat. has 120 seconds left.
|
|t:|1743809931
|move|p1a: Rillaboom|U-turn|p2a: Weezing
|-resisted|p2a: Weezing
|-damage|p2a: Weezing|74/100
|
|t:|1743809934
|switch|p1a: Glimmora|Glimmora, M|76/100 brn|[from] U-turn
|move|p2a: Weezing|Will-O-Wisp|p1a: Glimmora|[miss]
|-miss|p2a: Weezing|p1a: Glimmora
|
|-weather|RainDance|[upkeep]
|-heal|p1a: Glimmora|82/100 brn|[from] Grassy Terrain
|-heal|p2a: Weezing|80/100|[from] item: Leftovers
|-damage|p1a: Glimmora|76/100 brn|[from] brn
|upkeep
|turn|21
|
|t:|1743809939
|switch|p2a: Goodra|Goodra-Hisui, M|48/100
|move|p1a: Glimmora|Stealth Rock|p2a: Goodra
|-sidestart|p2: brodiewhaat.|move: Stealth Rock
|
|-weather|none
|-heal|p1a: Glimmora|82/100 brn|[from] Grassy Terrain
|-heal|p2a: Goodra|54/100|[from] Grassy Terrain
|-damage|p1a: Glimmora|76/100 brn|[from] brn
|upkeep
|turn|22
|
|t:|1743809949
|move|p1a: Glimmora|Mud Shot|p2a: Goodra
|-supereffective|p2a: Goodra
|-damage|p2a: Goodra|40/100
|-unboost|p2a: Goodra|spe|1
|move|p2a: Goodra|Flash Cannon|p1a: Glimmora
|-supereffective|p1a: Glimmora
|-damage|p1a: Glimmora|0 fnt
|faint|p1a: Glimmora
|
|-heal|p2a: Goodra|46/100|[from] Grassy Terrain
|upkeep
|
|t:|1743809951
|switch|p1a: Hawlucha|Hawlucha, F, shiny|100/100
|-enditem|p1a: Hawlucha|Grassy Seed
|-boost|p1a: Hawlucha|def|1|[from] item: Grassy Seed
|turn|23
|
|t:|1743809962
|move|p1a: Hawlucha|Swords Dance|p1a: Hawlucha
|-boost|p1a: Hawlucha|atk|2
|move|p2a: Goodra|Dragon Tail|p1a: Hawlucha
|-damage|p1a: Hawlucha|85/100
|drag|p1a: Garganacl|Garganacl, F|47/100
|
|-heal|p1a: Garganacl|53/100|[from] Grassy Terrain
|-heal|p1a: Garganacl|60/100|[from] item: Leftovers
|-heal|p2a: Goodra|52/100|[from] Grassy Terrain
|upkeep
|turn|24
|
|t:|1743809971
|move|p1a: Garganacl|Salt Cure|p2a: Goodra
|-resisted|p2a: Goodra
|-damage|p2a: Goodra|46/100
|-start|p2a: Goodra|Salt Cure
|move|p2a: Goodra|Flash Cannon|p1a: Garganacl
|-supereffective|p1a: Garganacl
|-damage|p1a: Garganacl|16/100
|
|-heal|p1a: Garganacl|22/100|[from] Grassy Terrain
|-heal|p1a: Garganacl|28/100|[from] item: Leftovers
|-heal|p2a: Goodra|52/100|[from] Grassy Terrain
|-damage|p2a: Goodra|27/100|[from] Salt Cure
|upkeep
|turn|25
|j|%Tb0lt
|
|t:|1743809977
|switch|p2a: Pelipper|Pelipper, M|75/100
|-damage|p2a: Pelipper|50/100|[from] Stealth Rock
|-weather|RainDance|[from] ability: Drizzle|[of] p2a: Pelipper
|move|p1a: Garganacl|Recover|p1a: Garganacl
|-heal|p1a: Garganacl|78/100
|
|-weather|RainDance|[upkeep]
|-heal|p1a: Garganacl|85/100|[from] Grassy Terrain
|-heal|p1a: Garganacl|91/100|[from] item: Leftovers
|upkeep
|turn|26
|
|t:|1743809983
|move|p2a: Pelipper|Weather Ball|p1a: Garganacl
|-supereffective|p1a: Garganacl
|-damage|p1a: Garganacl|1/100
|move|p1a: Garganacl|Salt Cure|p2a: Pelipper
|-supereffective|p2a: Pelipper
|-damage|p2a: Pelipper|24/100
|-start|p2a: Pelipper|Salt Cure
|
|-weather|RainDance|[upkeep]
|-heal|p1a: Garganacl|7/100|[from] Grassy Terrain
|-heal|p1a: Garganacl|13/100|[from] item: Leftovers
|-damage|p2a: Pelipper|0 fnt|[from] Salt Cure
|faint|p2a: Pelipper
|-fieldend|move: Grassy Terrain
|upkeep
|j|@mala☆huju
|c|☆brodiewhaat.|dang
|c|☆brodiewhaat.|garg is fat
|
|t:|1743810000
|switch|p2a: Barraskewda|Barraskewda, M|14/100
|-damage|p2a: Barraskewda|2/100|[from] Stealth Rock
|turn|27
|c|@mala☆huju|goatnacl
|c|☆brodiewhaat.|fr tho
|
|t:|1743810013
|switch|p1a: Hawlucha|Hawlucha, F, shiny|85/100
|move|p2a: Barraskewda|Liquidation|p1a: Hawlucha
|-damage|p1a: Hawlucha|0 fnt
|faint|p1a: Hawlucha
|
|-weather|RainDance|[upkeep]
|upkeep
|
|t:|1743810015
|switch|p1a: Rillaboom|Rillaboom, F, shiny, tera:Grass|100/100
|-fieldstart|move: Grassy Terrain|[from] ability: Grassy Surge|[of] p1a: Rillaboom
|turn|28
|
|t:|1743810024
|move|p1a: Rillaboom|Grassy Glide|p2a: Barraskewda
|-supereffective|p2a: Barraskewda
|-crit|p2a: Barraskewda
|-damage|p2a: Barraskewda|0 fnt
|faint|p2a: Barraskewda
|
|-weather|RainDance|[upkeep]
|upkeep
|
|t:|1743810032
|switch|p2a: Zapdos|Zapdos, shiny|100/100
|turn|29
|l| Love Is Cruel
|inactive|Alby379 has 120 seconds left.
|
|t:|1743810069
|move|p2a: Zapdos|Hurricane|p1a: Rillaboom
|-supereffective|p1a: Rillaboom
|-damage|p1a: Rillaboom|0 fnt
|faint|p1a: Rillaboom
|
|-weather|RainDance|[upkeep]
|upkeep
|
|t:|1743810072
|switch|p1a: Garganacl|Garganacl, F|13/100
|turn|30
|l|@mala☆huju
|c|☆Alby379|gg
|
|t:|1743810078
|-terastallize|p2a: Zapdos|Electric
|move|p2a: Zapdos|Thunder|p1a: Garganacl
|-damage|p1a: Garganacl|0 fnt
|faint|p1a: Garganacl
|
|win|brodiewhaat.
|n|☆Alby379|alby379
|n|☆brodiewhaat.|brodiewhaat
|n| Blumenwitz|blumenwitz
|n| 0Rose Thorns|0rosethorns
|n| Punfy|punfy
|n| floating all day|floatingallday
|n| Kingblack10|kingblack10
|n| battedminifaust|battedminifaust
|n| Agency Type Beat|agencytypebeat
|n|%Tb0lt|tb0lt
