|j|☆Yhvh777
|j|☆gaasss
|t:|1743842370
|gametype|singles
|player|p1|Yhvh777|red|1180
|player|p2|gaasss|nate|1225
|teamsize|p1|6
|teamsize|p2|6
|gen|9
|tier|[Gen 9] OU
|rated|
|rule|HP Percentage Mod: HP is shown in percentages
|rule|Endless Battle Clause: Forcing endless battles is banned
|rule|Species Clause: Limit one of each Pokémon
|rule|OHKO Clause: OHKO moves are banned
|rule|Evasion Items Clause: Evasion items are banned
|rule|Evasion Moves Clause: Evasion moves are banned
|rule|Sleep Moves Clause: Sleep-inducing moves are banned
|clearpoke
|poke|p1|Zapdos-Galar|
|poke|p1|Spiritomb, M|
|poke|p1|Gholdengo|
|poke|p1|Gliscor, M|
|poke|p1|Meowscarada, F|
|poke|p1|Garganacl, F|
|poke|p2|Kingambit, F|
|poke|p2|Dragonite, F|
|poke|p2|Garganacl, M|
|poke|p2|Ninetales-Alola, F|
|poke|p2|Ogerpon-Wellspring, F|
|poke|p2|Cinderace, M|
|teampreview
|inactive|Battle timer is ON: inactive players will automatically lose when time's up. (requested by gaasss)
|
|t:|1743842375
|start
|switch|p1a: Garganacl|Garganacl, F|100/100
|switch|p2a: Ninetales|Ninetales-Alola, F|100/100
|-weather|Snowscape|[from] ability: Snow Warning|[of] p2a: Ninetales
|turn|1
|
|t:|1743842383
|move|p2a: Ninetales|Aurora Veil|p2a: Ninetales
|-sidestart|p2: gaasss|move: Aurora Veil
|move|p1a: Garganacl|Salt Cure|p2a: Ninetales
|-supereffective|p2a: Ninetales
|-damage|p2a: Ninetales|80/100
|-start|p2a: Ninetales|Salt Cure
|
|-weather|Snowscape|[upkeep]
|-damage|p2a: Ninetales|67/100|[from] Salt Cure
|upkeep
|turn|2
|
|t:|1743842393
|switch|p2a: Kingambit|Kingambit, F|100/100
|move|p1a: Garganacl|Stealth Rock|p2a: Kingambit
|-sidestart|p2: gaasss|move: Stealth Rock
|
|-weather|Snowscape|[upkeep]
|upkeep
|turn|3
|
|t:|1743842401
|move|p2a: Kingambit|Swords Dance|p2a: Kingambit
|-boost|p2a: Kingambit|atk|2
|move|p1a: Garganacl|Salt Cure|p2a: Kingambit
|-resisted|p2a: Kingambit
|-damage|p2a: Kingambit|97/100
|-start|p2a: Kingambit|Salt Cure
|
|-weather|Snowscape|[upkeep]
|-damage|p2a: Kingambit|72/100|[from] Salt Cure
|upkeep
|turn|4
|
|t:|1743842412
|move|p2a: Kingambit|Iron Head|p1a: Garganacl
|-supereffective|p1a: Garganacl
|-damage|p1a: Garganacl|0 fnt
|faint|p1a: Garganacl
|
|-weather|Snowscape|[upkeep]
|-damage|p2a: Kingambit|47/100|[from] Salt Cure
|upkeep
|
|t:|1743842431
|switch|p1a: Spiritomb|Spiritomb, M|100/100
|-ability|p1a: Spiritomb|Pressure
|turn|5
|
|t:|1743842441
|move|p2a: Kingambit|Sucker Punch||[still]
|-fail|p2a: Kingambit
|move|p1a: Spiritomb|Will-O-Wisp|p2a: Kingambit|[miss]
|-miss|p1a: Spiritomb|p2a: Kingambit
|
|-weather|none
|-damage|p2a: Kingambit|22/100|[from] Salt Cure
|upkeep
|turn|6
|
|t:|1743842453
|move|p2a: Kingambit|Kowtow Cleave|p1a: Spiritomb
|-damage|p1a: Spiritomb|0 fnt
|faint|p1a: Spiritomb
|
|-damage|p2a: Kingambit|0 fnt|[from] Salt Cure
|faint|p2a: Kingambit
|upkeep
|
|t:|1743842466
|switch|p2a: Dragonite|Dragonite, F|100/100
|switch|p1a: Gliscor|Gliscor, M|100/100
|turn|7
|
|t:|1743842474
|move|p1a: Gliscor|Protect|p1a: Gliscor
|-singleturn|p1a: Gliscor|Protect
|move|p2a: Dragonite|Dragon Dance|p2a: Dragonite
|-boost|p2a: Dragonite|atk|1
|-boost|p2a: Dragonite|spe|1
|
|-status|p1a: Gliscor|tox|[from] item: Toxic Orb
|upkeep
|turn|8
|
|t:|1743842484
|move|p2a: Dragonite|Dragon Dance|p2a: Dragonite
|-boost|p2a: Dragonite|atk|1
|-boost|p2a: Dragonite|spe|1
|move|p1a: Gliscor|Toxic|p2a: Dragonite
|-status|p2a: Dragonite|tox
|
|-damage|p2a: Dragonite|94/100 tox|[from] psn
|-sideend|p2: gaasss|move: Aurora Veil
|upkeep
|turn|9
|
|t:|1743842495
|-terastallize|p2a: Dragonite|Normal
|move|p1a: Gliscor|Protect|p1a: Gliscor
|-singleturn|p1a: Gliscor|Protect
|move|p2a: Dragonite|Extreme Speed|p1a: Gliscor
|-activate|p1a: Gliscor|move: Protect
|
|-damage|p2a: Dragonite|82/100 tox|[from] psn
|upkeep
|turn|10
|
|t:|1743842511
|switch|p1a: Gholdengo|Gholdengo|100/100
|move|p2a: Dragonite|Extreme Speed|p1a: Gholdengo
|-immune|p1a: Gholdengo
|
|-damage|p2a: Dragonite|63/100 tox|[from] psn
|upkeep
|turn|11
|
|t:|1743842523
|switch|p1a: Gliscor|Gliscor, M|100/100 tox
|move|p2a: Dragonite|Earthquake|p1a: Gliscor
|-immune|p1a: Gliscor
|
|-damage|p2a: Dragonite|39/100 tox|[from] psn
|upkeep
|turn|12
|
|t:|1743842532
|move|p1a: Gliscor|Protect|p1a: Gliscor
|-singleturn|p1a: Gliscor|Protect
|move|p2a: Dragonite|Dragon Claw|p1a: Gliscor
|-activate|p1a: Gliscor|move: Protect
|
|-damage|p2a: Dragonite|8/100 tox|[from] psn
|upkeep
|turn|13
|
|t:|1743842543
|move|p1a: Gliscor|Protect||[still]
|-fail|p1a: Gliscor
|move|p2a: Dragonite|Dragon Claw|p1a: Gliscor
|-crit|p1a: Gliscor
|-damage|p1a: Gliscor|5/100 tox
|
|-damage|p2a: Dragonite|0 fnt|[from] psn
|faint|p2a: Dragonite
|-heal|p1a: Gliscor|17/100 tox|[from] ability: Poison Heal
|upkeep
|
|t:|1743842552
|switch|p2a: Cinderace|Cinderace, M|100/100
|turn|14
|
|t:|1743842558
|move|p1a: Gliscor|Protect|p1a: Gliscor
|-singleturn|p1a: Gliscor|Protect
|move|p2a: Cinderace|High Jump Kick|p1a: Gliscor
|-start|p2a: Cinderace|typechange|Fighting|[from] ability: Libero
|-activate|p1a: Gliscor|move: Protect
|-damage|p2a: Cinderace|50/100|[from] highjumpkick
|
|-heal|p1a: Gliscor|29/100 tox|[from] ability: Poison Heal
|upkeep
|turn|15
|
|t:|1743842579
|move|p2a: Cinderace|Court Change|p2a: Cinderace
|-swapsideconditions
|-activate|p2a: Cinderace|move: Court Change
|move|p1a: Gliscor|Spikes|p2a: Cinderace
|-sidestart|p2: gaasss|Spikes
|
|-heal|p1a: Gliscor|42/100 tox|[from] ability: Poison Heal
|upkeep
|turn|16
|
|t:|1743842589
|move|p1a: Gliscor|Protect|p1a: Gliscor
|-singleturn|p1a: Gliscor|Protect
|move|p2a: Cinderace|High Jump Kick|p1a: Gliscor
|-activate|p1a: Gliscor|move: Protect
|-damage|p2a: Cinderace|0 fnt|[from] highjumpkick
|faint|p2a: Cinderace
|
|-heal|p1a: Gliscor|54/100 tox|[from] ability: Poison Heal
|upkeep
|
|t:|1743842598
|switch|p2a: Garganacl|Garganacl, M|100/100
|-damage|p2a: Garganacl|88/100|[from] Spikes
|turn|17
|
|t:|1743842608
|move|p1a: Gliscor|Earthquake|p2a: Garganacl
|-supereffective|p2a: Garganacl
|-damage|p2a: Garganacl|30/100
|move|p2a: Garganacl|Salt Cure|p1a: Gliscor
|-damage|p1a: Gliscor|43/100 tox
|-start|p1a: Gliscor|Salt Cure
|
|-heal|p2a: Garganacl|36/100|[from] item: Leftovers
|-heal|p1a: Gliscor|56/100 tox|[from] ability: Poison Heal
|-damage|p1a: Gliscor|43/100 tox|[from] Salt Cure
|upkeep
|turn|18
|
|t:|1743842620
|move|p1a: Gliscor|Earthquake|p2a: Garganacl
|-supereffective|p2a: Garganacl
|-damage|p2a: Garganacl|0 fnt
|faint|p2a: Garganacl
|
|-heal|p1a: Gliscor|56/100 tox|[from] ability: Poison Heal
|-damage|p1a: Gliscor|43/100 tox|[from] Salt Cure
|upkeep
|-message|gaasss forfeited.
|
|win|Yhvh777
|raw|Yhvh777's rating: 1180 &rarr; <strong>1208</strong><br />(+28 for winning)
|raw|gaasss's rating: 1225 &rarr; <strong>1197</strong><br />(-28 for losing)
|l|☆gaasss
|player|p2|
|l|☆Yhvh777
|player|p1|
