|j|☆horjan bro
|j|☆Efrain.9
|t:|1743900105
|gametype|singles
|player|p1|horjan bro|266|1317
|player|p2|Efrain.9|schoolkid-gen4dp|1337
|teamsize|p1|6
|teamsize|p2|6
|gen|9
|tier|[Gen 9] OU
|rated|
|rule|HP Percentage Mod: HP is shown in percentages
|rule|Endless Battle Clause: Forcing endless battles is banned
|rule|Species Clause: Limit one of each Pokémon
|rule|OHKO Clause: OHKO moves are banned
|rule|Evasion Items Clause: Evasion items are banned
|rule|Evasion Moves Clause: Evasion moves are banned
|rule|Sleep Moves Clause: Sleep-inducing moves are banned
|clearpoke
|poke|p1|Ting-Lu|
|poke|p1|Pachirisu, M|
|poke|p1|Greninja-*, M|
|poke|p1|Iron Moth|
|poke|p1|Iron Treads|
|poke|p1|Moltres|
|poke|p2|Pelipper, F|
|poke|p2|Barraskewda, F|
|poke|p2|Walking Wake|
|poke|p2|Scizor, M|
|poke|p2|Raging Bolt|
|poke|p2|Ogerpon-Wellspring, F|
|teampreview
|inactive|Battle timer is ON: inactive players will automatically lose when time's up. (requested by horjan bro)
|
|t:|1743900143
|start
|switch|p1a: Pachirisu|Pachirisu, M|100/100
|switch|p2a: Pelipper|Pelipper, F|100/100
|-weather|RainDance|[from] ability: Drizzle|[of] p2a: Pelipper
|turn|1
|
|t:|1743900149
|switch|p2a: Raging Bolt|Raging Bolt|100/100
|move|p1a: Pachirisu|Nuzzle|p2a: Raging Bolt
|-resisted|p2a: Raging Bolt
|-damage|p2a: Raging Bolt|99/100
|
|-weather|RainDance|[upkeep]
|upkeep
|turn|2
|
|t:|1743900156
|move|p1a: Pachirisu|Super Fang|p2a: Raging Bolt
|-damage|p2a: Raging Bolt|50/100
|move|p2a: Raging Bolt|Draco Meteor|p1a: Pachirisu
|-damage|p1a: Pachirisu|9/100
|-unboost|p2a: Raging Bolt|spa|2
|
|-weather|RainDance|[upkeep]
|upkeep
|turn|3
|
|t:|1743900165
|move|p1a: Pachirisu|Encore|p2a: Raging Bolt
|-start|p2a: Raging Bolt|Encore
|move|p2a: Raging Bolt|Draco Meteor|p1a: Pachirisu
|-damage|p1a: Pachirisu|0 fnt
|-unboost|p2a: Raging Bolt|spa|2
|faint|p1a: Pachirisu
|
|-weather|RainDance|[upkeep]
|upkeep
|
|t:|1743900176
|switch|p1a: Ting-Lu|Ting-Lu|100/100
|-ability|p1a: Ting-Lu|Vessel of Ruin
|turn|4
|
|t:|1743900183
|-end|p2a: Raging Bolt|Protosynthesis|[silent]
|switch|p2a: Ogerpon|Ogerpon-Wellspring, F|100/100
|move|p1a: Ting-Lu|Stealth Rock|p2a: Ogerpon
|-sidestart|p2: Efrain.9|move: Stealth Rock
|
|-weather|RainDance|[upkeep]
|upkeep
|turn|5
|
|t:|1743900190
|switch|p1a: Greninja|Greninja, M|100/100
|move|p2a: Ogerpon|Ivy Cudgel|p1a: Greninja|[anim] Ivy Cudgel Water
|-resisted|p1a: Greninja
|-damage|p1a: Greninja|20/100
|
|-weather|none
|upkeep
|turn|6
|
|t:|1743900198
|-terastallize|p2a: Ogerpon|Water
|detailschange|p2a: Ogerpon|Ogerpon-Wellspring-Tera, F, tera:Water
|-ability|p2a: Ogerpon|Embody Aspect (Wellspring)|boost
|-boost|p2a: Ogerpon|spd|1
|move|p1a: Greninja|Sludge Wave|p2a: Ogerpon
|-damage|p2a: Ogerpon|69/100
|-status|p2a: Ogerpon|psn
|move|p2a: Ogerpon|U-turn|p1a: Greninja
|-supereffective|p1a: Greninja
|-damage|p1a: Greninja|0 fnt
|faint|p1a: Greninja
|
|t:|1743900214
|switch|p2a: Pelipper|Pelipper, F|100/100|[from] U-turn
|-weather|RainDance|[from] ability: Drizzle|[of] p2a: Pelipper
|
|-weather|RainDance|[upkeep]
|upkeep
|
|t:|1743900225
|switch|p1a: Ting-Lu|Ting-Lu|100/100
|-ability|p1a: Ting-Lu|Vessel of Ruin
|turn|7
|
|t:|1743900229
|move|p2a: Pelipper|Weather Ball|p1a: Ting-Lu
|-supereffective|p1a: Ting-Lu
|-damage|p1a: Ting-Lu|14/100
|move|p1a: Ting-Lu|Ruination|p2a: Pelipper
|-damage|p2a: Pelipper|51/100
|
|-weather|RainDance|[upkeep]
|-heal|p1a: Ting-Lu|20/100|[from] item: Leftovers
|upkeep
|turn|8
|
|t:|1743900239
|move|p2a: Pelipper|Weather Ball|p1a: Ting-Lu
|-supereffective|p1a: Ting-Lu
|-damage|p1a: Ting-Lu|0 fnt
|faint|p1a: Ting-Lu
|
|-weather|RainDance|[upkeep]
|upkeep
|
|t:|1743900252
|switch|p1a: Iron Treads|Iron Treads|100/100
|-enditem|p1a: Iron Treads|Booster Energy
|-activate|p1a: Iron Treads|ability: Quark Drive|[fromitem]
|-start|p1a: Iron Treads|quarkdrivespe
|turn|9
|
|t:|1743900269
|switch|p2a: Scizor|Scizor, M|100/100
|-damage|p2a: Scizor|88/100|[from] Stealth Rock
|move|p1a: Iron Treads|Rock Slide|p2a: Scizor
|-damage|p2a: Scizor|66/100
|
|-weather|RainDance|[upkeep]
|upkeep
|turn|10
|
|t:|1743900279
|-end|p1a: Iron Treads|Quark Drive|[silent]
|switch|p1a: Moltres|Moltres|100/100
|move|p2a: Scizor|Defog|p1a: Moltres
|-unboost|p1a: Moltres|evasion|1
|-sideend|p2: Efrain.9|Stealth Rock|[from] move: Defog|[of] p2a: Scizor
|
|-weather|none
|upkeep
|turn|11
|
|t:|1743900292
|switch|p1a: Iron Treads|Iron Treads|100/100
|switch|p2a: Raging Bolt|Raging Bolt|50/100
|
|upkeep
|turn|12
|
|t:|1743900299
|-end|p2a: Raging Bolt|Protosynthesis|[silent]
|switch|p2a: Pelipper|Pelipper, F|51/100
|-weather|RainDance|[from] ability: Drizzle|[of] p2a: Pelipper
|move|p1a: Iron Treads|Earthquake|p2a: Pelipper
|-immune|p2a: Pelipper
|
|-weather|RainDance|[upkeep]
|upkeep
|turn|13
|
|t:|1743900306
|move|p1a: Iron Treads|Rock Slide|p2a: Pelipper
|-supereffective|p2a: Pelipper
|-damage|p2a: Pelipper|0 fnt
|faint|p2a: Pelipper
|
|-weather|RainDance|[upkeep]
|upkeep
|
|t:|1743900312
|switch|p2a: Ogerpon|Ogerpon-Wellspring-Tera, F, tera:Water|69/100 psn
|-ability|p2a: Ogerpon|Embody Aspect (Wellspring)|boost
|-boost|p2a: Ogerpon|spd|1
|turn|14
|
|t:|1743900330
|-end|p1a: Iron Treads|Quark Drive|[silent]
|switch|p1a: Moltres|Moltres|100/100
|move|p2a: Ogerpon|U-turn|p1a: Moltres
|-resisted|p1a: Moltres
|-damage|p1a: Moltres|94/100
|
|t:|1743900336
|switch|p2a: Walking Wake|Walking Wake|100/100|[from] U-turn
|-enditem|p2a: Walking Wake|Booster Energy
|-activate|p2a: Walking Wake|ability: Protosynthesis|[fromitem]
|-start|p2a: Walking Wake|protosynthesisspa
|
|-weather|RainDance|[upkeep]
|upkeep
|turn|15
|
|t:|1743900348
|move|p2a: Walking Wake|Hydro Steam|p1a: Moltres
|-supereffective|p1a: Moltres
|-damage|p1a: Moltres|0 fnt
|faint|p1a: Moltres
|
|-weather|RainDance|[upkeep]
|upkeep
|-message|horjan bro forfeited.
|
|win|Efrain.9
|raw|horjan bro's rating: 1317 &rarr; <strong>1298</strong><br />(-19 for losing)
|raw|Efrain.9's rating: 1337 &rarr; <strong>1356</strong><br />(+19 for winning)
|l|☆horjan bro
|player|p1|
|l|☆Efrain.9
|player|p2|
