|j|☆maple_syrup689hoe
|j|☆Markolinho
|t:|1743939062
|gametype|singles
|player|p1|maple_syrup689hoe|rosa|1537
|player|p2|Markolinho|2|1612
|teamsize|p1|6
|teamsize|p2|6
|gen|9
|tier|[Gen 9] OU
|rated|
|rule|HP Percentage Mod: HP is shown in percentages
|rule|Endless Battle Clause: Forcing endless battles is banned
|rule|Species Clause: Limit one of each Pokémon
|rule|OHKO Clause: OHKO moves are banned
|rule|Evasion Items Clause: Evasion items are banned
|rule|Evasion Moves Clause: Evasion moves are banned
|rule|Sleep Moves Clause: Sleep-inducing moves are banned
|clearpoke
|poke|p1|Weavile, F|
|poke|p1|Hatterene, F|
|poke|p1|Oricorio-Pom-Pom, M|
|poke|p1|Araquanid, F|
|poke|p1|Dragonite, M|
|poke|p1|Gholdengo|
|poke|p2|Primarina, F|
|poke|p2|Corviknight, F|
|poke|p2|Cinderace, M|
|poke|p2|Ting-Lu|
|poke|p2|Slowking-Galar, F|
|poke|p2|Weavile, M|
|teampreview
|inactive|Battle timer is ON: inactive players will automatically lose when time's up. (requested by Markolinho)
|
|t:|1743939092
|start
|switch|p1a: Araquanid|Araquanid, F|100/100
|switch|p2a: Primarina|Primarina, F|100/100
|turn|1
|
|t:|1743939102
|move|p2a: Primarina|Moonblast|p1a: Araquanid
|-damage|p1a: Araquanid|36/100
|move|p1a: Araquanid|Surf|p2a: Primarina
|-resisted|p2a: Primarina
|-damage|p2a: Primarina|75/100
|
|upkeep
|turn|2
|
|t:|1743939130
|move|p1a: Araquanid|Endure|p1a: Araquanid
|-singleturn|p1a: Araquanid|move: Endure
|move|p2a: Primarina|Moonblast|p1a: Araquanid
|-activate|p1a: Araquanid|move: Endure
|-damage|p1a: Araquanid|1/100
|
|upkeep
|turn|3
|-enditem|p1a: Araquanid|Custap Berry|[eat]
|-activate|p1a: Araquanid|item: Custap Berry|[consumed]
|
|t:|1743939145
|switch|p2a: Slowking|Slowking-Galar, F|100/100
|move|p1a: Araquanid|Endeavor|p2a: Slowking
|-damage|p2a: Slowking|1/100
|-enditem|p2a: Slowking|Sitrus Berry|[eat]
|-heal|p2a: Slowking|26/100|[from] item: Sitrus Berry
|
|upkeep
|turn|4
|
|t:|1743939155
|switch|p2a: Corviknight|Corviknight, F|100/100
|move|p1a: Araquanid|Surf|p2a: Corviknight
|-damage|p2a: Corviknight|46/100
|
|upkeep
|turn|5
|
|t:|1743939162
|move|p2a: Corviknight|U-turn|p1a: Araquanid
|-damage|p1a: Araquanid|0 fnt
|faint|p1a: Araquanid
|
|t:|1743939170
|switch|p2a: Primarina|Primarina, F|75/100|[from] U-turn
|
|upkeep
|
|t:|1743939178
|switch|p1a: Oricorio|Oricorio-Pom-Pom, M|100/100
|turn|6
|
|t:|1743939204
|switch|p2a: Ting-Lu|Ting-Lu|100/100
|-ability|p2a: Ting-Lu|Vessel of Ruin
|move|p1a: Oricorio|Hurricane|p2a: Ting-Lu
|-damage|p2a: Ting-Lu|82/100
|-start|p2a: Ting-Lu|confusion
|
|-heal|p2a: Ting-Lu|89/100|[from] item: Leftovers
|upkeep
|turn|7
|inactive|maple_syrup689hoe has 120 seconds left.
|
|t:|1743939239
|switch|p1a: Hatterene|Hatterene, F|100/100
|-activate|p2a: Ting-Lu|confusion
|move|p2a: Ting-Lu|Throat Chop|p1a: Hatterene
|-damage|p1a: Hatterene|72/100
|-start|p1a: Hatterene|Throat Chop|[silent]
|
|-heal|p2a: Ting-Lu|95/100|[from] item: Leftovers
|-heal|p1a: Hatterene|78/100|[from] item: Leftovers
|upkeep
|turn|8
|j| DesertGardener
|l| DesertGardener
|inactive|Markolinho has 120 seconds left.
|
|t:|1743939262
|switch|p2a: Slowking|Slowking-Galar, F|59/100
|move|p1a: Hatterene|Draining Kiss|p2a: Slowking
|-resisted|p2a: Slowking
|-damage|p2a: Slowking|52/100
|-heal|p1a: Hatterene|84/100|[from] drain|[of] p2a: Slowking
|
|-heal|p1a: Hatterene|90/100|[from] item: Leftovers
|-end|p1a: Hatterene|Throat Chop|[silent]
|upkeep
|turn|9
|inactive|Markolinho has 120 seconds left.
|
|t:|1743939271
|move|p1a: Hatterene|Calm Mind|p1a: Hatterene
|-boost|p1a: Hatterene|spa|1
|-boost|p1a: Hatterene|spd|1
|move|p2a: Slowking|Sludge Bomb|p1a: Hatterene
|-supereffective|p1a: Hatterene
|-damage|p1a: Hatterene|41/100
|
|-heal|p1a: Hatterene|47/100|[from] item: Leftovers
|upkeep
|turn|10
|
|t:|1743939279
|move|p1a: Hatterene|Mystical Fire|p2a: Slowking
|-damage|p2a: Slowking|32/100
|-unboost|p2a: Slowking|spa|1
|-prepare|p2a: Slowking|Chilly Reception|[premajor]
|move|p2a: Slowking|Chilly Reception|p2a: Slowking
|-weather|Snowscape
|
|t:|1743939286
|switch|p2a: Weavile|Weavile, M|100/100|[from] Chilly Reception
|
|-weather|Snowscape|[upkeep]
|-heal|p1a: Hatterene|53/100|[from] item: Leftovers
|upkeep
|turn|11
|
|t:|1743939292
|move|p2a: Weavile|Knock Off|p1a: Hatterene
|-damage|p1a: Hatterene|0 fnt
|-enditem|p1a: Hatterene|Leftovers|[from] move: Knock Off|[of] p2a: Weavile
|faint|p1a: Hatterene
|
|-weather|Snowscape|[upkeep]
|upkeep
|
|t:|1743939296
|switch|p1a: Weavile|Weavile, F|100/100
|-ability|p1a: Weavile|Pressure
|turn|12
|
|t:|1743939309
|switch|p2a: Primarina|Primarina, F|75/100
|move|p1a: Weavile|Swords Dance|p1a: Weavile
|-boost|p1a: Weavile|atk|2
|
|-weather|Snowscape|[upkeep]
|upkeep
|turn|13
|
|t:|1743939315
|-terastallize|p1a: Weavile|Ice
|move|p1a: Weavile|Knock Off|p2a: Primarina
|-resisted|p2a: Primarina
|-damage|p2a: Primarina|14/100
|-enditem|p2a: Primarina|Choice Specs|[from] move: Knock Off|[of] p1a: Weavile
|move|p2a: Primarina|Moonblast|p1a: Weavile
|-damage|p1a: Weavile|30/100
|
|-weather|Snowscape|[upkeep]
|upkeep
|turn|14
|
|t:|1743939323
|move|p1a: Weavile|Knock Off|p2a: Primarina
|-resisted|p2a: Primarina
|-damage|p2a: Primarina|0 fnt
|faint|p2a: Primarina
|
|-weather|none
|upkeep
|
|t:|1743939342
|switch|p2a: Cinderace|Cinderace, M|100/100
|turn|15
|
|t:|1743939346
|move|p2a: Cinderace|Sucker Punch|p1a: Weavile
|-start|p2a: Cinderace|typechange|Dark|[from] ability: Libero
|-damage|p1a: Weavile|0 fnt
|faint|p1a: Weavile
|
|upkeep
|
|t:|1743939349
|switch|p1a: Oricorio|Oricorio-Pom-Pom, M|100/100
|turn|16
|
|t:|1743939364
|switch|p1a: Gholdengo|Gholdengo|100/100
|move|p2a: Cinderace|U-turn|p1a: Gholdengo
|-resisted|p1a: Gholdengo
|-crit|p1a: Gholdengo
|-damage|p1a: Gholdengo|91/100
|
|t:|1743939371
|switch|p2a: Ting-Lu|Ting-Lu|95/100|[from] U-turn
|-ability|p2a: Ting-Lu|Vessel of Ruin
|
|-heal|p2a: Ting-Lu|100/100|[from] item: Leftovers
|upkeep
|turn|17
|
|t:|1743939379
|move|p1a: Gholdengo|Focus Blast|p2a: Ting-Lu
|-supereffective|p2a: Ting-Lu
|-damage|p2a: Ting-Lu|57/100
|move|p2a: Ting-Lu|Throat Chop|p1a: Gholdengo
|-supereffective|p1a: Gholdengo
|-damage|p1a: Gholdengo|16/100
|-start|p1a: Gholdengo|Throat Chop|[silent]
|
|-heal|p2a: Ting-Lu|64/100|[from] item: Leftovers
|upkeep
|turn|18
|
|t:|1743939389
|switch|p1a: Dragonite|Dragonite, M|100/100
|switch|p2a: Slowking|Slowking-Galar, F|66/100
|
|upkeep
|turn|19
|
|t:|1743939396
|move|p1a: Dragonite|Dragon Dance|p1a: Dragonite
|-boost|p1a: Dragonite|atk|1
|-boost|p1a: Dragonite|spe|1
|move|p2a: Slowking|Sludge Bomb|p1a: Dragonite
|-damage|p1a: Dragonite|83/100
|
|upkeep
|turn|20
|
|t:|1743939401
|move|p1a: Dragonite|Dragon Dance|p1a: Dragonite
|-boost|p1a: Dragonite|atk|1
|-boost|p1a: Dragonite|spe|1
|move|p2a: Slowking|Sludge Bomb|p1a: Dragonite
|-damage|p1a: Dragonite|46/100
|-status|p1a: Dragonite|psn
|
|-damage|p1a: Dragonite|34/100 psn|[from] psn
|upkeep
|turn|21
|
|t:|1743939411
|switch|p2a: Corviknight|Corviknight, F|46/100
|move|p1a: Dragonite|Ice Spinner|p2a: Corviknight
|-damage|p2a: Corviknight|9/100
|-damage|p1a: Dragonite|18/100 psn|[from] item: Rocky Helmet|[of] p2a: Corviknight
|
|-damage|p1a: Dragonite|5/100 psn|[from] psn
|upkeep
|turn|22
|
|t:|1743939419
|move|p1a: Dragonite|Ice Spinner|p2a: Corviknight
|-damage|p2a: Corviknight|0 fnt
|-damage|p1a: Dragonite|0 fnt|[from] item: Rocky Helmet|[of] p2a: Corviknight
|faint|p2a: Corviknight
|faint|p1a: Dragonite
|
|upkeep
|
|t:|1743939427
|switch|p1a: Oricorio|Oricorio-Pom-Pom, M|100/100
|switch|p2a: Ting-Lu|Ting-Lu|64/100
|-ability|p2a: Ting-Lu|Vessel of Ruin
|turn|23
|
|t:|1743939433
|switch|p1a: Gholdengo|Gholdengo|16/100
|move|p2a: Ting-Lu|Throat Chop|p1a: Gholdengo
|-supereffective|p1a: Gholdengo
|-crit|p1a: Gholdengo
|-damage|p1a: Gholdengo|0 fnt
|faint|p1a: Gholdengo
|
|-heal|p2a: Ting-Lu|70/100|[from] item: Leftovers
|upkeep
|j| plaketdefrein
|
|t:|1743939452
|switch|p1a: Oricorio|Oricorio-Pom-Pom, M|100/100
|turn|24
|
|t:|1743939458
|move|p1a: Oricorio|Quiver Dance|p1a: Oricorio
|-boost|p1a: Oricorio|spa|1
|-boost|p1a: Oricorio|spd|1
|-boost|p1a: Oricorio|spe|1
|move|p2a: Ting-Lu|Throat Chop|p1a: Oricorio
|-damage|p1a: Oricorio|72/100
|-start|p1a: Oricorio|Throat Chop|[silent]
|-enditem|p1a: Oricorio|Kee Berry|[eat]
|-boost|p1a: Oricorio|def|1|[from] item: Kee Berry
|
|-heal|p2a: Ting-Lu|76/100|[from] item: Leftovers
|upkeep
|turn|25
|
|t:|1743939468
|move|p1a: Oricorio|Quiver Dance|p1a: Oricorio
|-boost|p1a: Oricorio|spa|1
|-boost|p1a: Oricorio|spd|1
|-boost|p1a: Oricorio|spe|1
|move|p2a: Ting-Lu|Ruination|p1a: Oricorio
|-damage|p1a: Oricorio|36/100
|
|-heal|p2a: Ting-Lu|82/100|[from] item: Leftovers
|-end|p1a: Oricorio|Throat Chop|[silent]
|upkeep
|turn|26
|
|t:|1743939481
|switch|p2a: Slowking|Slowking-Galar, F|99/100
|move|p1a: Oricorio|Hurricane|p2a: Slowking
|-damage|p2a: Slowking|55/100
|
|upkeep
|turn|27
|
|t:|1743939489
|move|p1a: Oricorio|Roost|p1a: Oricorio
|-heal|p1a: Oricorio|86/100
|-singleturn|p1a: Oricorio|move: Roost
|move|p2a: Slowking|Sludge Bomb|p1a: Oricorio
|-damage|p1a: Oricorio|66/100
|-status|p1a: Oricorio|psn
|
|-damage|p1a: Oricorio|53/100 psn|[from] psn
|upkeep
|turn|28
|
|t:|1743939498
|move|p1a: Oricorio|Quiver Dance|p1a: Oricorio
|-boost|p1a: Oricorio|spa|1
|-boost|p1a: Oricorio|spd|1
|-boost|p1a: Oricorio|spe|1
|-prepare|p2a: Slowking|Chilly Reception|[premajor]
|move|p2a: Slowking|Chilly Reception|p2a: Slowking
|-weather|Snowscape
|
|t:|1743939504
|switch|p2a: Ting-Lu|Ting-Lu|82/100|[from] Chilly Reception
|-ability|p2a: Ting-Lu|Vessel of Ruin
|
|-weather|Snowscape|[upkeep]
|-heal|p2a: Ting-Lu|88/100|[from] item: Leftovers
|-damage|p1a: Oricorio|41/100 psn|[from] psn
|upkeep
|turn|29
|
|t:|1743939516
|move|p1a: Oricorio|Roost|p1a: Oricorio
|-heal|p1a: Oricorio|91/100 psn
|-singleturn|p1a: Oricorio|move: Roost
|move|p2a: Ting-Lu|Throat Chop|p1a: Oricorio
|-damage|p1a: Oricorio|70/100 psn
|-start|p1a: Oricorio|Throat Chop|[silent]
|
|-weather|Snowscape|[upkeep]
|-heal|p2a: Ting-Lu|95/100|[from] item: Leftovers
|-damage|p1a: Oricorio|57/100 psn|[from] psn
|upkeep
|turn|30
|
|t:|1743939525
|move|p1a: Oricorio|Hurricane|p2a: Ting-Lu|[miss]
|-miss|p1a: Oricorio|p2a: Ting-Lu
|move|p2a: Ting-Lu|Throat Chop|p1a: Oricorio
|-damage|p1a: Oricorio|35/100 psn
|
|-weather|Snowscape|[upkeep]
|-heal|p2a: Ting-Lu|100/100|[from] item: Leftovers
|-damage|p1a: Oricorio|23/100 psn|[from] psn
|-end|p1a: Oricorio|Throat Chop|[silent]
|upkeep
|turn|31
|
|t:|1743939536
|move|p1a: Oricorio|Roost|p1a: Oricorio
|-heal|p1a: Oricorio|73/100 psn
|-singleturn|p1a: Oricorio|move: Roost
|move|p2a: Ting-Lu|Earthquake|p1a: Oricorio
|-supereffective|p1a: Oricorio
|-damage|p1a: Oricorio|23/100 psn
|
|-weather|Snowscape|[upkeep]
|-damage|p1a: Oricorio|11/100 psn|[from] psn
|upkeep
|turn|32
|-message|maple_syrup689hoe forfeited.
|
|win|Markolinho
|raw|maple_syrup689hoe's rating: 1537 &rarr; <strong>1521</strong><br />(-16 for losing)
|raw|Markolinho's rating: 1612 &rarr; <strong>1628</strong><br />(+16 for winning)
|l|☆maple_syrup689hoe
|player|p1|
|l|☆Markolinho
|player|p2|
|l| plaketdefrein
