|j|☆xiyihi
|j|☆32r8h9dionejk
|t:|1743829007
|gametype|singles
|player|p1|xiyihi|pokemonbreeder|1131
|player|p2|32r8h9dionejk|169|1084
|teamsize|p1|6
|teamsize|p2|6
|gen|9
|tier|[Gen 9] OU
|rated|
|rule|HP Percentage Mod: HP is shown in percentages
|rule|Endless Battle Clause: Forcing endless battles is banned
|rule|Species Clause: Limit one of each Pokémon
|rule|OHKO Clause: OHKO moves are banned
|rule|Evasion Items Clause: Evasion items are banned
|rule|Evasion Moves Clause: Evasion moves are banned
|rule|Sleep Moves Clause: Sleep-inducing moves are banned
|clearpoke
|poke|p1|Landorus-Therian, M|
|poke|p1|Gholdengo|
|poke|p1|Iron Valiant|
|poke|p1|Meowscarada, F|
|poke|p1|Samurott-Hisui, F|
|poke|p1|Arcanine-Hisui, M|
|poke|p2|Landorus-Therian, M|
|poke|p2|Dudunsparce-*, M|
|poke|p2|Riolu, M|
|poke|p2|Araquanid, M|
|poke|p2|Garchomp, F|
|poke|p2|Weavile, F|
|teampreview
|
|t:|1743829012
|start
|switch|p1a: Landorus|Landorus-Therian, M|100/100
|switch|p2a: Araquanid|Araquanid, M|100/100
|-ability|p1a: Landorus|Intimidate|boost
|-unboost|p2a: Araquanid|atk|1
|turn|1
|
|t:|1743829028
|move|p1a: Landorus|U-turn|p2a: Araquanid
|-damage|p2a: Araquanid|71/100
|
|t:|1743829038
|switch|p1a: Samurott|Samurott-Hisui, F|100/100|[from] U-turn
|move|p2a: Araquanid|Liquidation|p1a: Samurott
|-resisted|p1a: Samurott
|-damage|p1a: Samurott|57/100
|
|upkeep
|turn|2
|
|t:|1743829048
|switch|p2a: Garchomp|Garchomp, F|100/100
|move|p1a: Samurott|Ceaseless Edge|p2a: Garchomp
|-damage|p2a: Garchomp|57/100
|-damage|p1a: Samurott|44/100|[from] ability: Rough Skin|[of] p2a: Garchomp
|-sidestart|p2: 32r8h9dionejk|Spikes
|
|upkeep
|turn|3
|
|t:|1743829059
|switch|p1a: Landorus|Landorus-Therian, M|100/100
|-ability|p1a: Landorus|Intimidate|boost
|-unboost|p2a: Garchomp|atk|1
|move|p2a: Garchomp|Poison Jab|p1a: Landorus
|-resisted|p1a: Landorus
|-damage|p1a: Landorus|90/100
|-damage|p2a: Garchomp|40/100|[from] item: Rocky Helmet|[of] p1a: Landorus
|
|upkeep
|turn|4
|
|t:|1743829075
|switch|p2a: Landorus|Landorus-Therian, M|100/100
|-ability|p2a: Landorus|Intimidate|boost
|-unboost|p1a: Landorus|atk|1
|move|p1a: Landorus|Stealth Rock|p2a: Landorus
|-sidestart|p2: 32r8h9dionejk|move: Stealth Rock
|
|upkeep
|turn|5
|
|t:|1743829082
|move|p1a: Landorus|Taunt|p2a: Landorus
|-start|p2a: Landorus|move: Taunt
|move|p2a: Landorus|Fly||[still]
|-prepare|p2a: Landorus|Fly
|
|upkeep
|turn|6
|
|t:|1743829097
|move|p1a: Landorus|Stealth Rock||[still]
|-fail|p1a: Landorus
|move|p2a: Landorus|Fly|p1a: Landorus|[from] lockedmove
|-damage|p1a: Landorus|35/100
|-damage|p2a: Landorus|84/100|[from] item: Rocky Helmet|[of] p1a: Landorus
|
|-heal|p2a: Landorus|90/100|[from] item: Leftovers
|upkeep
|turn|7
|
|t:|1743829106
|move|p1a: Landorus|U-turn|p2a: Landorus
|-resisted|p2a: Landorus
|-damage|p2a: Landorus|80/100
|
|t:|1743829111
|switch|p1a: Meowscarada|Meowscarada, F|100/100|[from] U-turn
|move|p2a: Landorus|Fly||[still]
|-prepare|p2a: Landorus|Fly
|
|-heal|p2a: Landorus|86/100|[from] item: Leftovers
|-end|p2a: Landorus|move: Taunt
|upkeep
|turn|8
|
|t:|1743829121
|switch|p1a: Landorus|Landorus-Therian, M|35/100
|-ability|p1a: Landorus|Intimidate|boost
|-unboost|p2a: Landorus|atk|1
|move|p2a: Landorus|Fly|p1a: Landorus|[from] lockedmove
|-damage|p1a: Landorus|0 fnt
|-damage|p2a: Landorus|69/100|[from] item: Rocky Helmet|[of] p1a: Landorus
|faint|p1a: Landorus
|
|-heal|p2a: Landorus|75/100|[from] item: Leftovers
|upkeep
|
|t:|1743829135
|switch|p1a: Meowscarada|Meowscarada, F|100/100
|turn|9
|
|t:|1743829146
|move|p1a: Meowscarada|Triple Axel|p2a: Landorus
|-start|p1a: Meowscarada|typechange|Ice|[from] ability: Protean
|-supereffective|p2a: Landorus
|-damage|p2a: Landorus|30/100
|-supereffective|p2a: Landorus
|-crit|p2a: Landorus
|-damage|p2a: Landorus|0 fnt
|faint|p2a: Landorus
|-hitcount|p2: Landorus|2
|
|upkeep
|
|t:|1743829157
|switch|p2a: Dudunsparce|Dudunsparce, M|100/100
|-damage|p2a: Dudunsparce|88/100|[from] Spikes
|-damage|p2a: Dudunsparce|76/100|[from] Stealth Rock
|turn|10
|
|t:|1743829165
|move|p1a: Meowscarada|Knock Off|p2a: Dudunsparce
|-damage|p2a: Dudunsparce|48/100
|-ability|p2a: Dudunsparce|Rattled|boost
|-boost|p2a: Dudunsparce|spe|1
|-enditem|p2a: Dudunsparce|Choice Specs|[from] move: Knock Off|[of] p1a: Meowscarada
|move|p2a: Dudunsparce|Boomburst|p1a: Meowscarada
|-damage|p1a: Meowscarada|11/100
|
|upkeep
|turn|11
|
|t:|1743829176
|move|p1a: Meowscarada|U-turn|p2a: Dudunsparce
|-damage|p2a: Dudunsparce|27/100
|-ability|p2a: Dudunsparce|Rattled|boost
|-boost|p2a: Dudunsparce|spe|1
|
|t:|1743829184
|switch|p1a: Gholdengo|Gholdengo|100/100|[from] U-turn
|move|p2a: Dudunsparce|Roost|p2a: Dudunsparce
|-heal|p2a: Dudunsparce|77/100
|-singleturn|p2a: Dudunsparce|move: Roost
|
|upkeep
|turn|12
|
|t:|1743829195
|move|p1a: Gholdengo|Focus Blast|p2a: Dudunsparce|[miss]
|-miss|p1a: Gholdengo|p2a: Dudunsparce
|move|p2a: Dudunsparce|Shadow Ball|p1a: Gholdengo
|-supereffective|p1a: Gholdengo
|-damage|p1a: Gholdengo|48/100
|
|upkeep
|turn|13
|
|t:|1743829209
|switch|p2a: Garchomp|Garchomp, F|40/100
|-damage|p2a: Garchomp|28/100|[from] Spikes
|-damage|p2a: Garchomp|22/100|[from] Stealth Rock
|move|p1a: Gholdengo|Focus Blast|p2a: Garchomp
|-damage|p2a: Garchomp|0 fnt
|faint|p2a: Garchomp
|
|upkeep
|
|t:|1743829213
|switch|p2a: Weavile|Weavile, F|100/100
|-damage|p2a: Weavile|88/100|[from] Spikes
|-damage|p2a: Weavile|63/100|[from] Stealth Rock
|-ability|p2a: Weavile|Pressure
|turn|14
|
|t:|1743829224
|move|p1a: Gholdengo|Focus Blast|p2a: Weavile|[miss]
|-miss|p1a: Gholdengo|p2a: Weavile
|move|p2a: Weavile|Knock Off|p1a: Gholdengo
|-supereffective|p1a: Gholdengo
|-damage|p1a: Gholdengo|0 fnt
|-enditem|p1a: Gholdengo|Choice Scarf|[from] move: Knock Off|[of] p2a: Weavile
|faint|p1a: Gholdengo
|
|-heal|p2a: Weavile|70/100|[from] item: Leftovers
|upkeep
|
|t:|1743829236
|switch|p1a: Iron Valiant|Iron Valiant|100/100
|-enditem|p1a: Iron Valiant|Booster Energy
|-activate|p1a: Iron Valiant|ability: Quark Drive|[fromitem]
|-start|p1a: Iron Valiant|quarkdrivespe
|turn|15
|
|t:|1743829245
|move|p2a: Weavile|Protect|p2a: Weavile
|-singleturn|p2a: Weavile|Protect
|move|p1a: Iron Valiant|Aura Sphere|p2a: Weavile
|-activate|p2a: Weavile|move: Protect
|
|-heal|p2a: Weavile|76/100|[from] item: Leftovers
|upkeep
|turn|16
|
|t:|1743829253
|switch|p2a: Dudunsparce|Dudunsparce, M|77/100
|-damage|p2a: Dudunsparce|64/100|[from] Spikes
|-damage|p2a: Dudunsparce|52/100|[from] Stealth Rock
|move|p1a: Iron Valiant|Aura Sphere|p2a: Dudunsparce
|-supereffective|p2a: Dudunsparce
|-damage|p2a: Dudunsparce|0 fnt
|faint|p2a: Dudunsparce
|
|upkeep
|
|t:|1743829255
|switch|p2a: Araquanid|Araquanid, M|71/100
|-damage|p2a: Araquanid|58/100|[from] Spikes
|-damage|p2a: Araquanid|34/100|[from] Stealth Rock
|turn|17
|
|t:|1743829273
|move|p1a: Iron Valiant|Moonblast|p2a: Araquanid
|-damage|p2a: Araquanid|0 fnt
|faint|p2a: Araquanid
|
|upkeep
|
|t:|1743829313
|switch|p2a: Riolu|Riolu, M|100/100
|-damage|p2a: Riolu|88/100|[from] Spikes
|-damage|p2a: Riolu|82/100|[from] Stealth Rock
|turn|18
|
|t:|1743829320
|move|p2a: Riolu|Copycat|p2a: Riolu
|move|p2a: Riolu|Moonblast|p1a: Iron Valiant|[from] move: Copycat
|-supereffective|p1a: Iron Valiant
|-damage|p1a: Iron Valiant|65/100
|-unboost|p1a: Iron Valiant|spa|1
|move|p1a: Iron Valiant|Moonblast|p2a: Riolu
|-supereffective|p2a: Riolu
|-damage|p2a: Riolu|0 fnt
|faint|p2a: Riolu
|
|upkeep
|
|t:|1743829325
|switch|p2a: Weavile|Weavile, F|76/100
|-damage|p2a: Weavile|63/100|[from] Spikes
|-damage|p2a: Weavile|39/100|[from] Stealth Rock
|-ability|p2a: Weavile|Pressure
|turn|19
|
|t:|1743829337
|move|p2a: Weavile|Protect|p2a: Weavile
|-singleturn|p2a: Weavile|Protect
|move|p1a: Iron Valiant|Aura Sphere|p2a: Weavile
|-activate|p2a: Weavile|move: Protect
|
|-heal|p2a: Weavile|45/100|[from] item: Leftovers
|upkeep
|turn|20
|inactive|Battle timer is ON: inactive players will automatically lose when time's up. (requested by xiyihi)
|inactive|32r8h9dionejk has 120 seconds left.
|
|t:|1743829461
|-terastallize|p2a: Weavile|Dark
|move|p1a: Iron Valiant|Aura Sphere|p2a: Weavile
|-supereffective|p2a: Weavile
|-damage|p2a: Weavile|0 fnt
|faint|p2a: Weavile
|
|win|xiyihi
|raw|xiyihi's rating: 1131 &rarr; <strong>1151</strong><br />(+20 for winning)
|raw|32r8h9dionejk's rating: 1060 &rarr; <strong>1045</strong><br />(-15 for losing)
|l|☆32r8h9dionejk
|player|p2|
|l|☆xiyihi
|player|p1|
