|j|☆useful22
|j|☆haoran0813
|t:|1743938016
|gametype|singles
|player|p1|useful22|266|1160
|player|p2|haoran0813|2|1149
|teamsize|p1|6
|teamsize|p2|6
|gen|9
|tier|[Gen 9] OU
|rated|
|rule|HP Percentage Mod: HP is shown in percentages
|rule|Endless Battle Clause: Forcing endless battles is banned
|rule|Species Clause: Limit one of each Pokémon
|rule|OHKO Clause: OHKO moves are banned
|rule|Evasion Items Clause: Evasion items are banned
|rule|Evasion Moves Clause: Evasion moves are banned
|rule|Sleep Moves Clause: Sleep-inducing moves are banned
|clearpoke
|poke|p1|Kommo-o, M|
|poke|p1|Typhlosion-Hisui, F|
|poke|p1|Polteageist-Antique|
|poke|p1|Incineroar, M|
|poke|p1|Cinccino, F|
|poke|p1|Greninja-*, M|
|poke|p2|Glimmora, M|
|poke|p2|Zamazenta-*|
|poke|p2|Latias, F|
|poke|p2|Gholdengo|
|poke|p2|Dragonite, F|
|poke|p2|Dragapult, M|
|teampreview
|inactive|Battle timer is ON: inactive players will automatically lose when time's up. (requested by haoran0813)
|inactive|useful22 has 120 seconds left.
|
|t:|1743938078
|start
|switch|p1a: Cinccino|Cinccino, F|100/100
|switch|p2a: Dragonite|Dragonite, F|100/100
|turn|1
|
|t:|1743938087
|move|p1a: Cinccino|Tidy Up|p1a: Cinccino
|-boost|p1a: Cinccino|atk|1
|-boost|p1a: Cinccino|spe|1
|move|p2a: Dragonite|Dragon Dance|p2a: Dragonite
|-boost|p2a: Dragonite|atk|1
|-boost|p2a: Dragonite|spe|1
|
|upkeep
|turn|2
|
|t:|1743938103
|move|p1a: Cinccino|Triple Axel|p2a: Dragonite
|-supereffective|p2a: Dragonite
|-damage|p2a: Dragonite|73/100
|-supereffective|p2a: Dragonite
|-damage|p2a: Dragonite|0 fnt
|faint|p2a: Dragonite
|-hitcount|p2: Dragonite|2
|
|upkeep
|
|t:|1743938113
|switch|p2a: Zamazenta|Zamazenta|100/100
|-ability|p2a: Zamazenta|Dauntless Shield|boost
|-boost|p2a: Zamazenta|def|1
|turn|3
|
|t:|1743938127
|switch|p1a: Polteageist|Polteageist-Antique, shiny|100/100
|move|p2a: Zamazenta|Iron Defense|p2a: Zamazenta
|-boost|p2a: Zamazenta|def|2
|
|upkeep
|turn|4
|
|t:|1743938136
|move|p2a: Zamazenta|Crunch|p1a: Polteageist
|-supereffective|p1a: Polteageist
|-damage|p1a: Polteageist|18/100
|-ability|p1a: Polteageist|Weak Armor|boost
|-unboost|p1a: Polteageist|def|1
|-boost|p1a: Polteageist|spe|2
|move|p1a: Polteageist|Shell Smash|p1a: Polteageist
|-unboost|p1a: Polteageist|def|1
|-unboost|p1a: Polteageist|spd|1
|-boost|p1a: Polteageist|atk|2
|-boost|p1a: Polteageist|spa|2
|-boost|p1a: Polteageist|spe|2
|
|upkeep
|turn|5
|
|t:|1743938164
|move|p1a: Polteageist|Stored Power|p2a: Zamazenta
|-supereffective|p2a: Zamazenta
|-damage|p2a: Zamazenta|0 fnt
|faint|p2a: Zamazenta
|
|upkeep
|inactive|haoran0813 has 120 seconds left.
|
|t:|1743938181
|switch|p2a: Glimmora|Glimmora, M|100/100
|turn|6
|inactive|haoran0813 has 120 seconds left.
|
|t:|1743938192
|move|p1a: Polteageist|Giga Drain|p2a: Glimmora
|-damage|p2a: Glimmora|50/100
|-heal|p1a: Polteageist|54/100|[from] drain|[of] p2a: Glimmora
|-enditem|p2a: Glimmora|Red Card|[of] p1a: Polteageist
|drag|p1a: Kommo-o|Kommo-o, M|100/100
|move|p2a: Glimmora|Earth Power|p1a: Kommo-o
|-damage|p1a: Kommo-o|72/100
|
|upkeep
|turn|7
|inactive|haoran0813 has 120 seconds left.
|inactive|useful22 has 120 seconds left.
|
|t:|1743938218
|move|p1a: Kommo-o|Clangorous Soul|p1a: Kommo-o
|-boost|p1a: Kommo-o|atk|1
|-boost|p1a: Kommo-o|def|1
|-boost|p1a: Kommo-o|spa|1
|-boost|p1a: Kommo-o|spd|1
|-boost|p1a: Kommo-o|spe|1
|-damage|p1a: Kommo-o|39/100
|-enditem|p1a: Kommo-o|Throat Spray
|-boost|p1a: Kommo-o|spa|1|[from] item: Throat Spray
|move|p2a: Glimmora|Stealth Rock|p1a: Kommo-o
|-sidestart|p1: useful22|move: Stealth Rock
|
|upkeep
|turn|8
|inactive|haoran0813 has 120 seconds left.
|
|t:|1743938231
|move|p1a: Kommo-o|Boomburst|p2a: Glimmora
|-resisted|p2a: Glimmora
|-damage|p2a: Glimmora|15/100
|move|p2a: Glimmora|Spikes|p1a: Kommo-o
|-sidestart|p1: useful22|Spikes
|
|upkeep
|turn|9
|inactive|haoran0813 has 120 seconds left.
|
|t:|1743938246
|-terastallize|p2a: Glimmora|Ghost
|move|p1a: Kommo-o|Boomburst|p2a: Glimmora
|-immune|p2a: Glimmora
|move|p2a: Glimmora|Spikes|p1a: Kommo-o
|-sidestart|p1: useful22|Spikes
|
|upkeep
|turn|10
|
|t:|1743938264
|switch|p2a: Gholdengo|Gholdengo|100/100
|move|p1a: Kommo-o|Clanging Scales|p2a: Gholdengo
|-resisted|p2a: Gholdengo
|-damage|p2a: Gholdengo|48/100
|-unboost|p1a: Kommo-o|def|1
|
|upkeep
|turn|11
|
|t:|1743938279
|switch|p2a: Glimmora|Glimmora, M, tera:Ghost|15/100
|move|p1a: Kommo-o|Clanging Scales|p2a: Glimmora
|-damage|p2a: Glimmora|0 fnt
|faint|p2a: Glimmora
|-unboost|p1a: Kommo-o|def|1
|
|upkeep
|inactive|haoran0813 has 90 seconds left.
|
|t:|1743938300
|switch|p2a: Gholdengo|Gholdengo|48/100
|turn|12
|
|t:|1743938308
|move|p1a: Kommo-o|Clanging Scales|p2a: Gholdengo
|-resisted|p2a: Gholdengo
|-damage|p2a: Gholdengo|3/100
|-unboost|p1a: Kommo-o|def|1
|move|p2a: Gholdengo|Dazzling Gleam|p1a: Kommo-o
|-supereffective|p1a: Kommo-o
|-damage|p1a: Kommo-o|0 fnt
|faint|p1a: Kommo-o
|
|upkeep
|
|t:|1743938317
|switch|p1a: Cinccino|Cinccino, F|100/100
|-damage|p1a: Cinccino|88/100|[from] Stealth Rock
|-damage|p1a: Cinccino|72/100|[from] Spikes
|turn|13
|-enditem|p2a: Gholdengo|Custap Berry|[eat]
|-activate|p2a: Gholdengo|item: Custap Berry|[consumed]
|
|t:|1743938330
|move|p2a: Gholdengo|Thunderbolt|p1a: Cinccino
|-damage|p1a: Cinccino|17/100
|move|p1a: Cinccino|Tidy Up|p1a: Cinccino
|-sideend|p1: useful22|Spikes
|-sideend|p1: useful22|Stealth Rock
|-activate|p1a: Cinccino|move: Tidy Up
|-boost|p1a: Cinccino|atk|1
|-boost|p1a: Cinccino|spe|1
|
|upkeep
|turn|14
|
|t:|1743938341
|move|p1a: Cinccino|Bullet Seed|p2a: Gholdengo
|-resisted|p2a: Gholdengo
|-damage|p2a: Gholdengo|0 fnt
|faint|p2a: Gholdengo
|-hitcount|p2: Gholdengo|1
|
|upkeep
|
|t:|1743938350
|switch|p2a: Latias|Latias, F|100/100
|turn|15
|
|t:|1743938358
|move|p1a: Cinccino|Triple Axel|p2a: Latias
|-supereffective|p2a: Latias
|-damage|p2a: Latias|78/100
|-supereffective|p2a: Latias
|-damage|p2a: Latias|32/100
|-supereffective|p2a: Latias
|-damage|p2a: Latias|0 fnt
|faint|p2a: Latias
|-hitcount|p2: Latias|3
|
|upkeep
|
|t:|1743938361
|switch|p2a: Dragapult|Dragapult, M|100/100
|turn|16
|
|t:|1743938382
|move|p1a: Cinccino|Triple Axel|p2a: Dragapult
|-supereffective|p2a: Dragapult
|-damage|p2a: Dragapult|65/100
|-supereffective|p2a: Dragapult
|-damage|p2a: Dragapult|0 fnt
|faint|p2a: Dragapult
|-hitcount|p2: Dragapult|2
|
|win|useful22
|raw|useful22's rating: 1160 &rarr; <strong>1184</strong><br />(+24 for winning)
|raw|haoran0813's rating: 1149 &rarr; <strong>1125</strong><br />(-24 for losing)
|l|☆haoran0813
|player|p2|
|l|☆useful22
|player|p1|
