|j|☆demixelz
|j|☆okfernankk
|t:|1743825907
|gametype|singles
|player|p1|demixelz|266|1485
|player|p2|okfernankk|266|1552
|teamsize|p1|6
|teamsize|p2|6
|gen|9
|tier|[Gen 9] OU
|rated|
|rule|HP Percentage Mod: HP is shown in percentages
|rule|Endless Battle Clause: Forcing endless battles is banned
|rule|Species Clause: Limit one of each Pokémon
|rule|OHKO Clause: OHKO moves are banned
|rule|Evasion Items Clause: Evasion items are banned
|rule|Evasion Moves Clause: Evasion moves are banned
|rule|Sleep Moves Clause: Sleep-inducing moves are banned
|clearpoke
|poke|p1|Primarina, M|
|poke|p1|Zamazenta-*|
|poke|p1|Iron Treads|
|poke|p1|Iron Valiant|
|poke|p1|Skeledirge, M|
|poke|p1|Enamorus, F|
|poke|p2|Hydrapple, M|
|poke|p2|Skarmory, F|
|poke|p2|Tyranitar, F|
|poke|p2|Alomomola, F|
|poke|p2|Clodsire, F|
|poke|p2|Clefable, M|
|teampreview
|
|t:|1743825925
|start
|switch|p1a: Iron Treads|Iron Treads|100/100
|switch|p2a: Alomomola|Alomomola, F, shiny|100/100
|turn|1
|
|t:|1743825930
|move|p1a: Iron Treads|Stealth Rock|p2a: Alomomola
|-sidestart|p2: okfernankk|move: Stealth Rock
|move|p2a: Alomomola|Flip Turn|p1a: Iron Treads
|-supereffective|p1a: Iron Treads
|-damage|p1a: Iron Treads|72/100
|
|t:|1743825936
|switch|p2a: Hydrapple|Hydrapple, M|100/100|[from] Flip Turn
|
|upkeep
|turn|2
|
|t:|1743825941
|move|p1a: Iron Treads|Volt Switch|p2a: Hydrapple
|-resisted|p2a: Hydrapple
|-damage|p2a: Hydrapple|98/100
|
|t:|1743825944
|-end|p1a: Iron Treads|Quark Drive|[silent]
|switch|p1a: Enamorus|Enamorus, F|100/100|[from] Volt Switch
|move|p2a: Hydrapple|Earth Power|p1a: Enamorus
|-immune|p1a: Enamorus
|
|upkeep
|turn|3
|
|t:|1743825951
|switch|p2a: Alomomola|Alomomola, F, shiny|100/100
|move|p1a: Enamorus|Moonblast|p2a: Alomomola
|-damage|p2a: Alomomola|51/100
|
|upkeep
|turn|4
|
|t:|1743825954
|switch|p2a: Clodsire|Clodsire, F|100/100
|move|p1a: Enamorus|Moonblast|p2a: Clodsire
|-resisted|p2a: Clodsire
|-damage|p2a: Clodsire|85/100
|
|upkeep
|turn|5
|
|t:|1743825963
|switch|p1a: Iron Treads|Iron Treads|72/100
|move|p2a: Clodsire|Earthquake|p1a: Iron Treads
|-supereffective|p1a: Iron Treads
|-damage|p1a: Iron Treads|21/100
|
|upkeep
|turn|6
|
|t:|1743825968
|-end|p1a: Iron Treads|Quark Drive|[silent]
|switch|p1a: Primarina|Primarina, M|100/100
|switch|p2a: Skarmory|Skarmory, F|100/100
|-damage|p2a: Skarmory|88/100|[from] Stealth Rock
|
|upkeep
|turn|7
|
|t:|1743825972
|switch|p2a: Alomomola|Alomomola, F, shiny|85/100
|move|p1a: Primarina|Surf|p2a: Alomomola
|-resisted|p2a: Alomomola
|-damage|p2a: Alomomola|63/100
|
|upkeep
|turn|8
|
|t:|1743825976
|move|p1a: Primarina|Moonblast|p2a: Alomomola
|-damage|p2a: Alomomola|17/100
|move|p2a: Alomomola|Wish|p2a: Alomomola
|
|upkeep
|turn|9
|
|t:|1743825981
|move|p2a: Alomomola|Protect|p2a: Alomomola
|-singleturn|p2a: Alomomola|Protect
|move|p1a: Primarina|Moonblast|p2a: Alomomola
|-activate|p2a: Alomomola|move: Protect
|
|-heal|p2a: Alomomola|67/100|[from] move: Wish|[wisher] Alomomola
|upkeep
|turn|10
|
|t:|1743825988
|move|p1a: Primarina|Moonblast|p2a: Alomomola
|-damage|p2a: Alomomola|17/100
|move|p2a: Alomomola|Wish|p2a: Alomomola
|
|upkeep
|turn|11
|
|t:|1743825993
|move|p2a: Alomomola|Protect|p2a: Alomomola
|-singleturn|p2a: Alomomola|Protect
|move|p1a: Primarina|Moonblast|p2a: Alomomola
|-activate|p2a: Alomomola|move: Protect
|
|-heal|p2a: Alomomola|67/100|[from] move: Wish|[wisher] Alomomola
|upkeep
|turn|12
|
|t:|1743825996
|move|p1a: Primarina|Moonblast|p2a: Alomomola
|-damage|p2a: Alomomola|21/100
|move|p2a: Alomomola|Wish|p2a: Alomomola
|
|upkeep
|turn|13
|
|t:|1743826000
|move|p2a: Alomomola|Protect|p2a: Alomomola
|-singleturn|p2a: Alomomola|Protect
|move|p1a: Primarina|Moonblast|p2a: Alomomola
|-activate|p2a: Alomomola|move: Protect
|
|-heal|p2a: Alomomola|71/100|[from] move: Wish|[wisher] Alomomola
|upkeep
|turn|14
|
|t:|1743826004
|move|p1a: Primarina|Psychic Noise|p2a: Alomomola
|-damage|p2a: Alomomola|46/100
|-start|p2a: Alomomola|move: Heal Block
|cant|p2a: Alomomola|move: Heal Block|Wish
|
|upkeep
|turn|15
|
|t:|1743826009
|move|p2a: Alomomola|Protect|p2a: Alomomola
|-singleturn|p2a: Alomomola|Protect
|move|p1a: Primarina|Moonblast|p2a: Alomomola
|-activate|p2a: Alomomola|move: Protect
|
|-end|p2a: Alomomola|move: Heal Block
|upkeep
|turn|16
|
|t:|1743826013
|move|p1a: Primarina|Moonblast|p2a: Alomomola
|-damage|p2a: Alomomola|0 fnt
|faint|p2a: Alomomola
|
|upkeep
|
|t:|1743826017
|switch|p2a: Clodsire|Clodsire, F|85/100
|turn|17
|
|t:|1743826022
|move|p1a: Primarina|Surf|p2a: Clodsire
|-supereffective|p2a: Clodsire
|-damage|p2a: Clodsire|19/100
|move|p2a: Clodsire|Toxic|p1a: Primarina
|-status|p1a: Primarina|tox
|
|-damage|p1a: Primarina|94/100 tox|[from] psn
|upkeep
|turn|18
|
|t:|1743826027
|move|p1a: Primarina|Flip Turn|p2a: Clodsire
|-supereffective|p2a: Clodsire
|-damage|p2a: Clodsire|0 fnt
|faint|p2a: Clodsire
|
|t:|1743826033
|switch|p1a: Iron Treads|Iron Treads|21/100|[from] Flip Turn
|
|upkeep
|
|t:|1743826041
|switch|p2a: Clefable|Clefable, M|100/100
|turn|19
|
|t:|1743826048
|move|p1a: Iron Treads|Volt Switch|p2a: Clefable
|-damage|p2a: Clefable|90/100
|
|t:|1743826053
|-end|p1a: Iron Treads|Quark Drive|[silent]
|switch|p1a: Primarina|Primarina, M|94/100 tox|[from] Volt Switch
|move|p2a: Clefable|Moonblast|p1a: Primarina
|-damage|p1a: Primarina|76/100 tox
|
|-damage|p1a: Primarina|70/100 tox|[from] psn
|upkeep
|turn|20
|
|t:|1743826055
|move|p2a: Clefable|Protect|p2a: Clefable
|-singleturn|p2a: Clefable|Protect
|move|p1a: Primarina|Moonblast|p2a: Clefable
|-activate|p2a: Clefable|move: Protect
|
|-damage|p1a: Primarina|58/100 tox|[from] psn
|upkeep
|turn|21
|
|t:|1743826060
|move|p1a: Primarina|Flip Turn|p2a: Clefable
|-damage|p2a: Clefable|78/100
|
|t:|1743826064
|switch|p1a: Enamorus|Enamorus, F|100/100|[from] Flip Turn
|move|p2a: Clefable|Wish|p2a: Clefable
|
|upkeep
|turn|22
|
|t:|1743826070
|move|p1a: Enamorus|Sludge Bomb|p2a: Clefable
|-supereffective|p2a: Clefable
|-damage|p2a: Clefable|22/100
|-status|p2a: Clefable|psn
|move|p2a: Clefable|Knock Off|p1a: Enamorus
|-resisted|p1a: Enamorus
|-damage|p1a: Enamorus|88/100
|-enditem|p1a: Enamorus|Choice Scarf|[from] move: Knock Off|[of] p2a: Clefable
|
|-heal|p2a: Clefable|72/100 psn|[from] move: Wish|[wisher] Clefable
|upkeep
|turn|23
|
|t:|1743826083
|switch|p2a: Skarmory|Skarmory, F|88/100
|-damage|p2a: Skarmory|76/100|[from] Stealth Rock
|move|p1a: Enamorus|Moonblast|p2a: Skarmory
|-resisted|p2a: Skarmory
|-damage|p2a: Skarmory|38/100
|
|upkeep
|turn|24
|
|t:|1743826089
|move|p1a: Enamorus|Moonblast|p2a: Skarmory
|-resisted|p2a: Skarmory
|-damage|p2a: Skarmory|0 fnt
|faint|p2a: Skarmory
|
|upkeep
|
|t:|1743826092
|switch|p2a: Hydrapple|Hydrapple, M|100/100
|turn|25
|
|t:|1743826100
|-terastallize|p1a: Enamorus|Fairy
|-terastallize|p2a: Hydrapple|Steel
|move|p1a: Enamorus|Moonblast|p2a: Hydrapple
|-resisted|p2a: Hydrapple
|-damage|p2a: Hydrapple|68/100
|move|p2a: Hydrapple|Nasty Plot|p2a: Hydrapple
|-boost|p2a: Hydrapple|spa|2
|
|upkeep
|turn|26
|
|t:|1743826105
|move|p1a: Enamorus|Earth Power|p2a: Hydrapple
|-supereffective|p2a: Hydrapple
|-damage|p2a: Hydrapple|5/100
|move|p2a: Hydrapple|Giga Drain|p1a: Enamorus
|-damage|p1a: Enamorus|0 fnt
|-heal|p2a: Hydrapple|35/100|[from] drain|[of] p1a: Enamorus
|faint|p1a: Enamorus
|
|upkeep
|
|t:|1743826112
|switch|p1a: Zamazenta|Zamazenta|100/100
|-ability|p1a: Zamazenta|Dauntless Shield|boost
|-boost|p1a: Zamazenta|def|1
|turn|27
|
|t:|1743826117
|switch|p2a: Clefable|Clefable, M|72/100 psn
|move|p1a: Zamazenta|Close Combat|p2a: Clefable
|-resisted|p2a: Clefable
|-damage|p2a: Clefable|37/100 psn
|-unboost|p1a: Zamazenta|def|1
|-unboost|p1a: Zamazenta|spd|1
|
|upkeep
|turn|28
|
|t:|1743826123
|switch|p1a: Primarina|Primarina, M|58/100 tox
|move|p2a: Clefable|Wish|p2a: Clefable
|
|-damage|p1a: Primarina|51/100 tox|[from] psn
|upkeep
|turn|29
|
|t:|1743826129
|switch|p1a: Zamazenta|Zamazenta|100/100
|move|p2a: Clefable|Protect||[still]
|-fail|p2a: Clefable
|
|-heal|p2a: Clefable|87/100 psn|[from] move: Wish|[wisher] Clefable
|upkeep
|turn|30
|
|t:|1743826133
|move|p2a: Clefable|Protect|p2a: Clefable
|-singleturn|p2a: Clefable|Protect
|move|p1a: Zamazenta|Iron Head|p2a: Clefable
|-activate|p2a: Clefable|move: Protect
|
|upkeep
|turn|31
|
|t:|1743826139
|switch|p1a: Skeledirge|Skeledirge, M|100/100
|switch|p2a: Hydrapple|Hydrapple, M, tera:Steel|69/100
|
|upkeep
|turn|32
|
|t:|1743826148
|move|p1a: Skeledirge|Will-O-Wisp|p2a: Hydrapple|[miss]
|-miss|p1a: Skeledirge|p2a: Hydrapple
|move|p2a: Hydrapple|Earth Power|p1a: Skeledirge
|-supereffective|p1a: Skeledirge
|-damage|p1a: Skeledirge|60/100
|
|-heal|p1a: Skeledirge|66/100|[from] item: Leftovers
|upkeep
|turn|33
|
|t:|1743826152
|switch|p2a: Clefable|Clefable, M|87/100 psn
|move|p1a: Skeledirge|Will-O-Wisp||[still]
|-fail|p1a: Skeledirge
|
|-heal|p1a: Skeledirge|72/100|[from] item: Leftovers
|upkeep
|turn|34
|
|t:|1743826162
|move|p1a: Skeledirge|Torch Song|p2a: Clefable
|-damage|p2a: Clefable|58/100 psn
|-boost|p1a: Skeledirge|spa|1
|move|p2a: Clefable|Knock Off|p1a: Skeledirge
|-supereffective|p1a: Skeledirge
|-damage|p1a: Skeledirge|50/100
|-enditem|p1a: Skeledirge|Leftovers|[from] move: Knock Off|[of] p2a: Clefable
|
|upkeep
|turn|35
|
|t:|1743826171
|switch|p2a: Tyranitar|Tyranitar, F|100/100
|-weather|Sandstorm|[from] ability: Sand Stream|[of] p2a: Tyranitar
|move|p1a: Skeledirge|Slack Off|p1a: Skeledirge
|-heal|p1a: Skeledirge|99/100
|
|-weather|Sandstorm|[upkeep]
|-damage|p1a: Skeledirge|93/100|[from] Sandstorm
|upkeep
|turn|36
|
|t:|1743826176
|move|p1a: Skeledirge|Will-O-Wisp|p2a: Tyranitar
|-status|p2a: Tyranitar|brn
|move|p2a: Tyranitar|Stealth Rock|p1a: Skeledirge
|-sidestart|p1: demixelz|move: Stealth Rock
|
|-weather|Sandstorm|[upkeep]
|-damage|p1a: Skeledirge|87/100|[from] Sandstorm
|-damage|p2a: Tyranitar|94/100 brn|[from] brn
|upkeep
|turn|37
|
|t:|1743826183
|move|p1a: Skeledirge|Hex|p2a: Tyranitar
|-resisted|p2a: Tyranitar
|-damage|p2a: Tyranitar|78/100 brn
|move|p2a: Tyranitar|Roar|p1a: Skeledirge
|drag|p1a: Iron Valiant|Iron Valiant|100/100
|-damage|p1a: Iron Valiant|94/100|[from] Stealth Rock
|-enditem|p1a: Iron Valiant|Booster Energy
|-activate|p1a: Iron Valiant|ability: Quark Drive|[fromitem]
|-start|p1a: Iron Valiant|quarkdrivespe
|
|-weather|Sandstorm|[upkeep]
|-damage|p1a: Iron Valiant|88/100|[from] Sandstorm
|-damage|p2a: Tyranitar|72/100 brn|[from] brn
|upkeep
|turn|38
|
|t:|1743826188
|move|p1a: Iron Valiant|Moonblast|p2a: Tyranitar
|-supereffective|p2a: Tyranitar
|-damage|p2a: Tyranitar|32/100 brn
|move|p2a: Tyranitar|Roar|p1a: Iron Valiant
|-end|p1a: Iron Valiant|Quark Drive|[silent]
|drag|p1a: Primarina|Primarina, M|51/100 tox
|-damage|p1a: Primarina|39/100 tox|[from] Stealth Rock
|
|-weather|Sandstorm|[upkeep]
|-damage|p1a: Primarina|33/100 tox|[from] Sandstorm
|-damage|p1a: Primarina|26/100 tox|[from] psn
|-damage|p2a: Tyranitar|26/100 brn|[from] brn
|upkeep
|turn|39
|
|t:|1743826194
|switch|p2a: Hydrapple|Hydrapple, M, tera:Steel|100/100
|move|p1a: Primarina|Flip Turn|p2a: Hydrapple
|-damage|p2a: Hydrapple|88/100
|
|t:|1743826198
|switch|p1a: Skeledirge|Skeledirge, M|87/100|[from] Flip Turn
|-damage|p1a: Skeledirge|62/100|[from] Stealth Rock
|
|-weather|none
|upkeep
|turn|40
|
|t:|1743826202
|move|p1a: Skeledirge|Slack Off|p1a: Skeledirge
|-heal|p1a: Skeledirge|100/100
|move|p2a: Hydrapple|Earth Power|p1a: Skeledirge
|-supereffective|p1a: Skeledirge
|-damage|p1a: Skeledirge|64/100
|
|upkeep
|turn|41
|
|t:|1743826204
|move|p1a: Skeledirge|Torch Song|p2a: Hydrapple
|-supereffective|p2a: Hydrapple
|-damage|p2a: Hydrapple|24/100
|-boost|p1a: Skeledirge|spa|1
|move|p2a: Hydrapple|Earth Power|p1a: Skeledirge
|-supereffective|p1a: Skeledirge
|-damage|p1a: Skeledirge|28/100
|
|upkeep
|turn|42
|
|t:|1743826209
|switch|p2a: Tyranitar|Tyranitar, F|26/100 brn
|-weather|Sandstorm|[from] ability: Sand Stream|[of] p2a: Tyranitar
|move|p1a: Skeledirge|Slack Off|p1a: Skeledirge
|-heal|p1a: Skeledirge|78/100
|
|-weather|Sandstorm|[upkeep]
|-damage|p1a: Skeledirge|72/100|[from] Sandstorm
|-damage|p2a: Tyranitar|20/100 brn|[from] brn
|upkeep
|turn|43
|
|t:|1743826212
|move|p1a: Skeledirge|Hex|p2a: Tyranitar
|-resisted|p2a: Tyranitar
|-damage|p2a: Tyranitar|5/100 brn
|move|p2a: Tyranitar|Roar|p1a: Skeledirge
|drag|p1a: Primarina|Primarina, M|26/100 tox
|-damage|p1a: Primarina|14/100 tox|[from] Stealth Rock
|
|-weather|Sandstorm|[upkeep]
|-damage|p1a: Primarina|8/100 tox|[from] Sandstorm
|-damage|p1a: Primarina|1/100 tox|[from] psn
|-damage|p2a: Tyranitar|0 fnt|[from] brn
|faint|p2a: Tyranitar
|upkeep
|
|t:|1743826215
|switch|p2a: Hydrapple|Hydrapple, M, tera:Steel|57/100
|turn|44
|
|t:|1743826221
|switch|p2a: Clefable|Clefable, M|58/100 psn
|move|p1a: Primarina|Surf|p2a: Clefable
|-damage|p2a: Clefable|0 fnt
|faint|p2a: Clefable
|
|-weather|Sandstorm|[upkeep]
|-damage|p1a: Primarina|0 fnt|[from] Sandstorm
|faint|p1a: Primarina
|upkeep
|
|t:|1743826224
|switch|p1a: Skeledirge|Skeledirge, M|72/100
|switch|p2a: Hydrapple|Hydrapple, M, tera:Steel|91/100
|-damage|p1a: Skeledirge|47/100|[from] Stealth Rock
|turn|45
|
|t:|1743826227
|move|p1a: Skeledirge|Slack Off|p1a: Skeledirge
|-heal|p1a: Skeledirge|97/100
|move|p2a: Hydrapple|Earth Power|p1a: Skeledirge
|-supereffective|p1a: Skeledirge
|-damage|p1a: Skeledirge|62/100
|
|-weather|Sandstorm|[upkeep]
|-damage|p1a: Skeledirge|56/100|[from] Sandstorm
|upkeep
|turn|46
|
|t:|1743826229
|move|p1a: Skeledirge|Torch Song|p2a: Hydrapple
|-supereffective|p2a: Hydrapple
|-damage|p2a: Hydrapple|28/100
|-boost|p1a: Skeledirge|spa|1
|move|p2a: Hydrapple|Earth Power|p1a: Skeledirge
|-supereffective|p1a: Skeledirge
|-damage|p1a: Skeledirge|22/100
|
|-weather|none
|upkeep
|turn|47
|-message|okfernankk forfeited.
|
|win|demixelz
|raw|demixelz's rating: 1485 &rarr; <strong>1509</strong><br />(+24 for winning)
|raw|okfernankk's rating: 1552 &rarr; <strong>1528</strong><br />(-24 for losing)
|l|☆okfernankk
|player|p2|
|l|☆demixelz
|player|p1|
