|j|☆6134588q
|j|☆Violet1994
|t:|1743915986
|gametype|singles
|player|p1|6134588q|rancher|1126
|player|p2|Violet1994|cheryl|1241
|teamsize|p1|6
|teamsize|p2|6
|gen|9
|tier|[Gen 9] OU
|rated|
|rule|HP Percentage Mod: HP is shown in percentages
|rule|Endless Battle Clause: Forcing endless battles is banned
|rule|Species Clause: Limit one of each Pokémon
|rule|OHKO Clause: OHKO moves are banned
|rule|Evasion Items Clause: Evasion items are banned
|rule|Evasion Moves Clause: Evasion moves are banned
|rule|Sleep Moves Clause: Sleep-inducing moves are banned
|clearpoke
|poke|p1|Dragapult, F|
|poke|p1|Toxapex, M|
|poke|p1|Gliscor, F|
|poke|p1|Venusaur, F|
|poke|p1|Torkoal, F|
|poke|p1|Raging Bolt|
|poke|p2|Meganium, F|
|poke|p2|Clefable, M|
|poke|p2|Gardevoir, F|
|poke|p2|Milotic, F|
|poke|p2|Chandelure, M|
|poke|p2|Dragonite, M|
|teampreview
|inactive|Battle timer is ON: inactive players will automatically lose when time's up. (requested by Violet1994)
|inactive|Violet1994 has 120 seconds left.
|
|t:|1743916031
|start
|switch|p1a: Torkoal|Torkoal, F|100/100
|switch|p2a: Chandelure|Chandelure, M, shiny|100/100
|-weather|SunnyDay|[from] ability: Drought|[of] p1a: Torkoal
|turn|1
|
|t:|1743916048
|move|p2a: Chandelure|Shadow Ball|p1a: Torkoal
|-damage|p1a: Torkoal|39/100
|-unboost|p1a: Torkoal|spd|1
|move|p1a: Torkoal|Stealth Rock|p2a: Chandelure
|-sidestart|p2: Violet1994|move: Stealth Rock
|
|-weather|SunnyDay|[upkeep]
|upkeep
|turn|2
|
|t:|1743916066
|switch|p1a: Toxapex|Toxapex, M|100/100
|move|p2a: Chandelure|Shadow Ball|p1a: Toxapex
|-damage|p1a: Toxapex|70/100
|
|-weather|SunnyDay|[upkeep]
|-heal|p1a: Toxapex|76/100|[from] item: Leftovers
|upkeep
|turn|3
|
|t:|1743916078
|move|p2a: Chandelure|Shadow Ball|p1a: Toxapex
|-damage|p1a: Toxapex|45/100
|-unboost|p1a: Toxapex|spd|1
|move|p1a: Toxapex|Toxic|p2a: Chandelure
|-status|p2a: Chandelure|tox
|
|-weather|SunnyDay|[upkeep]
|-heal|p1a: Toxapex|51/100|[from] item: Leftovers
|-damage|p2a: Chandelure|94/100 tox|[from] psn
|upkeep
|turn|4
|
|t:|1743916097
|move|p1a: Toxapex|Recover|p1a: Toxapex
|-heal|p1a: Toxapex|100/100
|move|p2a: Chandelure|Trick Room|p2a: Chandelure
|-fieldstart|move: Trick Room|[of] p2a: Chandelure
|
|-weather|SunnyDay|[upkeep]
|-damage|p2a: Chandelure|82/100 tox|[from] psn
|upkeep
|turn|5
|
|t:|1743916112
|move|p1a: Toxapex|Toxic|p2a: Chandelure
|-fail|p2a: Chandelure|tox
|move|p2a: Chandelure|Shadow Ball|p1a: Toxapex
|-damage|p1a: Toxapex|54/100
|
|-weather|SunnyDay|[upkeep]
|-heal|p1a: Toxapex|60/100|[from] item: Leftovers
|-damage|p2a: Chandelure|63/100 tox|[from] psn
|upkeep
|turn|6
|
|t:|1743916119
|move|p1a: Toxapex|Haze|p1a: Toxapex
|-clearallboost
|move|p2a: Chandelure|Shadow Ball|p1a: Toxapex
|-damage|p1a: Toxapex|27/100
|-unboost|p1a: Toxapex|spd|1
|
|-weather|SunnyDay|[upkeep]
|-heal|p1a: Toxapex|33/100|[from] item: Leftovers
|-damage|p2a: Chandelure|39/100 tox|[from] psn
|upkeep
|turn|7
|
|t:|1743916127
|move|p1a: Toxapex|Recover|p1a: Toxapex
|-heal|p1a: Toxapex|83/100
|move|p2a: Chandelure|Shadow Ball|p1a: Toxapex
|-damage|p1a: Toxapex|32/100
|
|-weather|SunnyDay|[upkeep]
|-heal|p1a: Toxapex|38/100|[from] item: Leftovers
|-damage|p2a: Chandelure|8/100 tox|[from] psn
|upkeep
|turn|8
|
|t:|1743916139
|move|p1a: Toxapex|Recover|p1a: Toxapex
|-heal|p1a: Toxapex|88/100
|move|p2a: Chandelure|Shadow Ball|p1a: Toxapex
|-damage|p1a: Toxapex|42/100
|
|-weather|none
|-heal|p1a: Toxapex|48/100|[from] item: Leftovers
|-damage|p2a: Chandelure|0 fnt|[from] psn
|faint|p2a: Chandelure
|-fieldend|move: Trick Room
|upkeep
|
|t:|1743916142
|switch|p2a: Gardevoir|Gardevoir, F, shiny|100/100
|-damage|p2a: Gardevoir|88/100|[from] Stealth Rock
|-ability|p2a: Gardevoir|Regenerator|[from] ability: Trace|[of] p1a: Toxapex
|turn|9
|
|t:|1743916164
|switch|p1a: Gliscor|Gliscor, F|100/100
|move|p2a: Gardevoir|Psychic|p1a: Gliscor
|-damage|p1a: Gliscor|35/100
|
|-status|p1a: Gliscor|tox|[from] item: Toxic Orb
|upkeep
|turn|10
|
|t:|1743916170
|move|p1a: Gliscor|Protect|p1a: Gliscor
|-singleturn|p1a: Gliscor|Protect
|move|p2a: Gardevoir|Psychic|p1a: Gliscor
|-activate|p1a: Gliscor|move: Protect
|
|-heal|p1a: Gliscor|47/100 tox|[from] ability: Poison Heal
|upkeep
|turn|11
|
|t:|1743916182
|switch|p1a: Torkoal|Torkoal, F|39/100
|-weather|SunnyDay|[from] ability: Drought|[of] p1a: Torkoal
|move|p2a: Gardevoir|Psychic|p1a: Torkoal
|-damage|p1a: Torkoal|0 fnt
|faint|p1a: Torkoal
|
|-weather|SunnyDay|[upkeep]
|upkeep
|
|t:|1743916191
|switch|p1a: Venusaur|Venusaur, F|100/100
|turn|12
|
|t:|1743916204
|-terastallize|p1a: Venusaur|Grass
|move|p1a: Venusaur|Solar Beam||[still]
|-prepare|p1a: Venusaur|Solar Beam
|-anim|p1a: Venusaur|Solar Beam|p2a: Gardevoir
|-damage|p2a: Gardevoir|22/100
|move|p2a: Gardevoir|Psychic|p1a: Venusaur
|-damage|p1a: Venusaur|52/100
|
|-weather|SunnyDay|[upkeep]
|-heal|p1a: Venusaur|58/100|[from] item: Leftovers
|upkeep
|turn|13
|
|t:|1743916216
|move|p1a: Venusaur|Sludge Bomb|p2a: Gardevoir
|-supereffective|p2a: Gardevoir
|-crit|p2a: Gardevoir
|-damage|p2a: Gardevoir|0 fnt
|faint|p2a: Gardevoir
|
|-weather|SunnyDay|[upkeep]
|-heal|p1a: Venusaur|64/100|[from] item: Leftovers
|upkeep
|
|t:|1743916223
|switch|p2a: Clefable|Clefable, M, shiny|100/100
|turn|14
|
|t:|1743916230
|move|p1a: Venusaur|Sludge Bomb|p2a: Clefable
|-supereffective|p2a: Clefable
|-damage|p2a: Clefable|22/100
|move|p2a: Clefable|Thunder Wave|p1a: Venusaur
|-status|p1a: Venusaur|par
|
|-weather|SunnyDay|[upkeep]
|-heal|p1a: Venusaur|70/100 par|[from] item: Leftovers
|upkeep
|turn|15
|
|t:|1743916238
|cant|p1a: Venusaur|par
|move|p2a: Clefable|Moonlight|p2a: Clefable
|-heal|p2a: Clefable|89/100
|
|-weather|SunnyDay|[upkeep]
|-heal|p1a: Venusaur|76/100 par|[from] item: Leftovers
|upkeep
|turn|16
|
|t:|1743916247
|move|p1a: Venusaur|Sludge Bomb|p2a: Clefable
|-supereffective|p2a: Clefable
|-damage|p2a: Clefable|5/100
|move|p2a: Clefable|Meteor Beam||[still]
|-prepare|p2a: Clefable|Meteor Beam
|-boost|p2a: Clefable|spa|1
|-enditem|p2a: Clefable|Power Herb
|-anim|p2a: Clefable|Meteor Beam|p1a: Venusaur
|-damage|p1a: Venusaur|30/100 par
|
|-weather|SunnyDay|[upkeep]
|-heal|p1a: Venusaur|36/100 par|[from] item: Leftovers
|upkeep
|turn|17
|
|t:|1743916256
|-terastallize|p2a: Clefable|Steel
|move|p1a: Venusaur|Sludge Bomb|p2a: Clefable
|-immune|p2a: Clefable
|move|p2a: Clefable|Moonlight|p2a: Clefable
|-heal|p2a: Clefable|72/100
|
|-weather|SunnyDay|[upkeep]
|-heal|p1a: Venusaur|42/100 par|[from] item: Leftovers
|upkeep
|turn|18
|
|t:|1743916267
|move|p1a: Venusaur|Synthesis|p1a: Venusaur
|-heal|p1a: Venusaur|100/100 par
|move|p2a: Clefable|Moonblast|p1a: Venusaur
|-damage|p1a: Venusaur|37/100 par
|-unboost|p1a: Venusaur|spa|1
|
|-weather|none
|-heal|p1a: Venusaur|43/100 par|[from] item: Leftovers
|upkeep
|turn|19
|
|t:|1743916281
|switch|p1a: Toxapex|Toxapex, M|81/100
|move|p2a: Clefable|Moonblast|p1a: Toxapex
|-resisted|p1a: Toxapex
|-damage|p1a: Toxapex|61/100
|
|-heal|p1a: Toxapex|68/100|[from] item: Leftovers
|upkeep
|turn|20
|
|t:|1743916288
|move|p2a: Clefable|Meteor Beam||[still]
|-prepare|p2a: Clefable|Meteor Beam
|-boost|p2a: Clefable|spa|1
|move|p1a: Toxapex|Haze|p1a: Toxapex
|-clearallboost
|
|-heal|p1a: Toxapex|74/100|[from] item: Leftovers
|upkeep
|turn|21
|
|t:|1743916300
|move|p2a: Clefable|Meteor Beam|p1a: Toxapex|[from] lockedmove
|-damage|p1a: Toxapex|52/100
|move|p1a: Toxapex|Lunge|p2a: Clefable
|-resisted|p2a: Clefable
|-damage|p2a: Clefable|65/100
|-unboost|p2a: Clefable|atk|1
|
|-heal|p1a: Toxapex|58/100|[from] item: Leftovers
|upkeep
|turn|22
|
|t:|1743916316
|switch|p1a: Gliscor|Gliscor, F|47/100 tox
|move|p2a: Clefable|Thunder Wave|p1a: Gliscor
|-immune|p1a: Gliscor
|
|-heal|p1a: Gliscor|60/100 tox|[from] ability: Poison Heal
|upkeep
|turn|23
|
|t:|1743916326
|move|p1a: Gliscor|Earthquake|p2a: Clefable
|-supereffective|p2a: Clefable
|-damage|p2a: Clefable|0 fnt
|faint|p2a: Clefable
|
|-heal|p1a: Gliscor|72/100 tox|[from] ability: Poison Heal
|upkeep
|
|t:|1743916329
|switch|p2a: Milotic|Milotic, F, shiny|100/100
|-damage|p2a: Milotic|88/100|[from] Stealth Rock
|turn|24
|
|t:|1743916340
|switch|p1a: Toxapex|Toxapex, M|91/100
|move|p2a: Milotic|Ice Beam|p1a: Toxapex
|-resisted|p1a: Toxapex
|-damage|p1a: Toxapex|85/100
|-status|p1a: Toxapex|frz
|
|-heal|p2a: Milotic|94/100|[from] item: Leftovers
|-heal|p1a: Toxapex|91/100 frz|[from] item: Leftovers
|upkeep
|turn|25
|-message|Violet1994 forfeited.
|
|win|6134588q
|raw|6134588q's rating: 1126 &rarr; <strong>1159</strong><br />(+33 for winning)
|raw|Violet1994's rating: 1241 &rarr; <strong>1208</strong><br />(-33 for losing)
|l|☆Violet1994
|player|p2|
|l|☆6134588q
|player|p1|
