|j|☆eros maniac
|j|☆guesyo
|t:|1743937913
|gametype|singles
|player|p1|eros maniac|101|1659
|player|p2|guesyo|unknownf|1617
|teamsize|p1|6
|teamsize|p2|6
|gen|9
|tier|[Gen 9] OU
|rated|
|rule|HP Percentage Mod: HP is shown in percentages
|rule|Endless Battle Clause: Forcing endless battles is banned
|rule|Species Clause: Limit one of each Pokémon
|rule|OHKO Clause: OHKO moves are banned
|rule|Evasion Items Clause: Evasion items are banned
|rule|Evasion Moves Clause: Evasion moves are banned
|rule|Sleep Moves Clause: Sleep-inducing moves are banned
|clearpoke
|poke|p1|Frosmoth, F|
|poke|p1|Maushold-Four|
|poke|p1|Incineroar, F|
|poke|p1|Weezing-Galar, F|
|poke|p1|Sinistcha-Masterpiece|
|poke|p1|Alomomola, F|
|poke|p2|Zamazenta-*|
|poke|p2|Ogerpon-Wellspring, F|
|poke|p2|Slowking-Galar, F|
|poke|p2|Great Tusk|
|poke|p2|Kingambit, F|
|poke|p2|Zapdos|
|teampreview
|inactive|Battle timer is ON: inactive players will automatically lose when time's up. (requested by eros maniac)
|
|t:|1743937929
|start
|switch|p1a: Alomomola|Alomomola, F|100/100
|switch|p2a: Zapdos|Zapdos|100/100
|turn|1
|
|t:|1743937931
|move|p2a: Zapdos|Thunder Wave|p1a: Alomomola
|-status|p1a: Alomomola|par
|move|p1a: Alomomola|Mirror Coat||[still]
|-fail|p1a: Alomomola
|
|upkeep
|turn|2
|
|t:|1743937946
|switch|p2a: Ogerpon|Ogerpon-Wellspring, F|100/100
|cant|p1a: Alomomola|par
|
|upkeep
|turn|3
|
|t:|1743937951
|switch|p1a: Incineroar|Incineroar, F|100/100
|-ability|p1a: Incineroar|Intimidate|boost
|-unboost|p2a: Ogerpon|atk|1
|move|p2a: Ogerpon|Knock Off|p1a: Incineroar
|-resisted|p1a: Incineroar
|-damage|p1a: Incineroar|92/100
|-enditem|p1a: Incineroar|Heavy-Duty Boots|[from] move: Knock Off|[of] p2a: Ogerpon
|
|upkeep
|turn|4
|
|t:|1743937955
|switch|p1a: Sinistcha|Sinistcha-Masterpiece|100/100
|move|p2a: Ogerpon|U-turn|p1a: Sinistcha
|-damage|p1a: Sinistcha|87/100
|
|t:|1743937968
|switch|p2a: Zapdos|Zapdos|100/100|[from] U-turn
|
|upkeep
|turn|5
|
|t:|1743937976
|switch|p1a: Frosmoth|Frosmoth, F|100/100
|move|p2a: Zapdos|Hurricane|p1a: Frosmoth
|-supereffective|p1a: Frosmoth
|-damage|p1a: Frosmoth|67/100
|
|-heal|p1a: Frosmoth|73/100|[from] item: Leftovers
|upkeep
|turn|6
|
|t:|1743937982
|switch|p2a: Slowking|Slowking-Galar, F|100/100
|-terastallize|p1a: Frosmoth|Electric
|move|p1a: Frosmoth|Ice Beam|p2a: Slowking
|-damage|p2a: Slowking|81/100
|
|-heal|p1a: Frosmoth|79/100|[from] item: Leftovers
|upkeep
|turn|7
|
|t:|1743937986
|move|p1a: Frosmoth|Substitute|p1a: Frosmoth
|-start|p1a: Frosmoth|Substitute
|-damage|p1a: Frosmoth|55/100
|move|p2a: Slowking|Psyshock|p1a: Frosmoth
|-end|p1a: Frosmoth|Substitute
|
|-heal|p1a: Frosmoth|61/100|[from] item: Leftovers
|upkeep
|turn|8
|
|t:|1743937988
|switch|p1a: Incineroar|Incineroar, F|92/100
|-ability|p1a: Incineroar|Intimidate|boost
|-unboost|p2a: Slowking|atk|1
|move|p2a: Slowking|Psyshock|p1a: Incineroar
|-immune|p1a: Incineroar
|
|upkeep
|turn|9
|
|t:|1743937995
|switch|p2a: Zapdos|Zapdos|100/100
|move|p1a: Incineroar|Will-O-Wisp|p2a: Zapdos|[miss]
|-miss|p1a: Incineroar|p2a: Zapdos
|
|upkeep
|turn|10
|
|t:|1743937999
|move|p2a: Zapdos|Volt Switch|p1a: Incineroar
|-damage|p1a: Incineroar|66/100
|
|t:|1743938005
|switch|p2a: Great Tusk|Great Tusk, shiny|100/100|[from] Volt Switch
|move|p1a: Incineroar|Will-O-Wisp|p2a: Great Tusk
|-status|p2a: Great Tusk|brn
|
|-damage|p2a: Great Tusk|94/100 brn|[from] brn
|upkeep
|turn|11
|
|t:|1743938012
|move|p2a: Great Tusk|Headlong Rush|p1a: Incineroar
|-supereffective|p1a: Incineroar
|-damage|p1a: Incineroar|23/100
|-unboost|p2a: Great Tusk|def|1
|-unboost|p2a: Great Tusk|spd|1
|move|p1a: Incineroar|Knock Off|p2a: Great Tusk
|-resisted|p2a: Great Tusk
|-damage|p2a: Great Tusk|74/100 brn
|-enditem|p2a: Great Tusk|Heavy-Duty Boots|[from] move: Knock Off|[of] p1a: Incineroar
|
|-damage|p2a: Great Tusk|68/100 brn|[from] brn
|upkeep
|turn|12
|
|t:|1743938016
|switch|p1a: Alomomola|Alomomola, F|100/100 par
|move|p2a: Great Tusk|Headlong Rush|p1a: Alomomola
|-crit|p1a: Alomomola
|-damage|p1a: Alomomola|70/100 par
|-unboost|p2a: Great Tusk|def|1
|-unboost|p2a: Great Tusk|spd|1
|-damage|p2a: Great Tusk|51/100 brn|[from] item: Rocky Helmet|[of] p1a: Alomomola
|
|-damage|p2a: Great Tusk|45/100 brn|[from] brn
|upkeep
|turn|13
|
|t:|1743938020
|move|p2a: Great Tusk|Stealth Rock|p1a: Alomomola
|-sidestart|p1: eros maniac|move: Stealth Rock
|move|p1a: Alomomola|Wish|p1a: Alomomola
|
|-damage|p2a: Great Tusk|39/100 brn|[from] brn
|upkeep
|turn|14
|
|t:|1743938026
|-end|p2a: Great Tusk|Protosynthesis|[silent]
|switch|p2a: Zapdos|Zapdos|100/100
|switch|p1a: Sinistcha|Sinistcha-Masterpiece|87/100
|-damage|p1a: Sinistcha|74/100|[from] Stealth Rock
|
|-heal|p1a: Sinistcha|100/100|[from] move: Wish|[wisher] Alomomola
|upkeep
|turn|15
|
|t:|1743938029
|switch|p1a: Frosmoth|Frosmoth, F, tera:Electric|61/100
|-damage|p1a: Frosmoth|48/100|[from] Stealth Rock
|move|p2a: Zapdos|Thunder Wave|p1a: Frosmoth|[miss]
|-miss|p2a: Zapdos|p1a: Frosmoth
|
|-heal|p1a: Frosmoth|55/100|[from] item: Leftovers
|upkeep
|turn|16
|
|t:|1743938033
|move|p2a: Zapdos|Volt Switch|p1a: Frosmoth
|-resisted|p1a: Frosmoth
|-damage|p1a: Frosmoth|50/100
|
|t:|1743938035
|switch|p2a: Slowking|Slowking-Galar, F|100/100|[from] Volt Switch
|move|p1a: Frosmoth|Ice Beam|p2a: Slowking
|-damage|p2a: Slowking|81/100
|
|-heal|p1a: Frosmoth|56/100|[from] item: Leftovers
|upkeep
|turn|17
|
|t:|1743938040
|switch|p1a: Incineroar|Incineroar, F|23/100
|-damage|p1a: Incineroar|0 fnt|[from] Stealth Rock
|faint|p1a: Incineroar
|move|p2a: Slowking|Sludge Bomb|p1: Incineroar|[notarget]
|-fail|p2a: Slowking
|
|upkeep
|
|t:|1743938043
|switch|p1a: Maushold|Maushold-Four|100/100
|-damage|p1a: Maushold|88/100|[from] Stealth Rock
|turn|18
|
|t:|1743938054
|switch|p2a: Kingambit|Kingambit, F|100/100
|move|p1a: Maushold|Tidy Up|p1a: Maushold
|-sideend|p1: eros maniac|Stealth Rock
|-activate|p1a: Maushold|move: Tidy Up
|-boost|p1a: Maushold|atk|1
|-boost|p1a: Maushold|spe|1
|
|upkeep
|turn|19
|
|t:|1743938061
|move|p1a: Maushold|Population Bomb|p2a: Kingambit
|-resisted|p2a: Kingambit
|-damage|p2a: Kingambit|94/100
|-resisted|p2a: Kingambit
|-damage|p2a: Kingambit|88/100
|-resisted|p2a: Kingambit
|-damage|p2a: Kingambit|82/100
|-resisted|p2a: Kingambit
|-crit|p2a: Kingambit
|-damage|p2a: Kingambit|73/100
|-resisted|p2a: Kingambit
|-damage|p2a: Kingambit|67/100
|-resisted|p2a: Kingambit
|-damage|p2a: Kingambit|61/100
|-resisted|p2a: Kingambit
|-damage|p2a: Kingambit|54/100
|-resisted|p2a: Kingambit
|-damage|p2a: Kingambit|48/100
|-resisted|p2a: Kingambit
|-damage|p2a: Kingambit|42/100
|-resisted|p2a: Kingambit
|-damage|p2a: Kingambit|36/100
|-hitcount|p2a: Kingambit|10
|move|p2a: Kingambit|Kowtow Cleave|p1a: Maushold
|-crit|p1a: Maushold
|-damage|p1a: Maushold|0 fnt
|faint|p1a: Maushold
|
|-heal|p2a: Kingambit|42/100|[from] item: Leftovers
|upkeep
|
|t:|1743938065
|switch|p1a: Weezing|Weezing-Galar, F|100/100
|-ability|p1a: Weezing|Neutralizing Gas
|turn|20
|
|t:|1743938070
|-end|p2a: Kingambit|fallenundefined|[silent]
|switch|p2a: Great Tusk|Great Tusk, shiny|39/100 brn
|move|p1a: Weezing|Strange Steam|p2a: Great Tusk|[miss]
|-miss|p1a: Weezing|p2a: Great Tusk
|
|-damage|p2a: Great Tusk|33/100 brn|[from] brn
|upkeep
|turn|21
|-message|eros maniac forfeited.
|
|win|guesyo
|raw|eros maniac's rating: 1659 &rarr; <strong>1637</strong><br />(-22 for losing)
|raw|guesyo's rating: 1617 &rarr; <strong>1639</strong><br />(+22 for winning)
|l|☆eros maniac
|player|p1|
|l|☆guesyo
|player|p2|
