|badge|p1|bronze|gen9lc|100-5
|uhtml|medal-msg|<div class="broadcast-blue">Curious what those medals under the avatar are? PS now has Ladder Seasons! For more information, check out the <a href="https://www.smogon.com/forums/threads/3740067/">thread on Smogon.</a></div>
|j|☆elder guardian
|j|☆Dugtrio Is Broken
|inactive|Battle timer is ON: inactive players will automatically lose when time's up.
|t:|1743906686
|gametype|singles
|player|p1|elder guardian|dawn|
|player|p2|Dugtrio Is Broken|klara|
|teamsize|p1|6
|teamsize|p2|6
|gen|9
|tier|[Gen 9] OU
|rated|Tournament battle
|rule|HP Percentage Mod: HP is shown in percentages
|rule|Endless Battle Clause: Forcing endless battles is banned
|rule|Species Clause: Limit one of each Pokémon
|rule|OHKO Clause: OHKO moves are banned
|rule|Evasion Items Clause: Evasion items are banned
|rule|Evasion Moves Clause: Evasion moves are banned
|rule|Sleep Moves Clause: Sleep-inducing moves are banned
|clearpoke
|poke|p1|Ninetales, F|
|poke|p1|Walking Wake|
|poke|p1|Slither Wing|
|poke|p1|Great Tusk|
|poke|p1|Venusaur, M|
|poke|p1|Clefable, F|
|poke|p2|Kyurem|
|poke|p2|Glimmora, F|
|poke|p2|Great Tusk|
|poke|p2|Ogerpon-Wellspring, F|
|poke|p2|Enamorus, F|
|poke|p2|Kingambit, M|
|teampreview
|j|*Lady Monita ❄
|inactive|Dugtrio Is Broken also wants the timer to be on.
|inactive|elder guardian also wants the timer to be on.
|c|☆elder guardian|hf
|c|☆Dugtrio Is Broken|=
|
|t:|1743906714
|start
|switch|p1a: Quicksand|Great Tusk|100/100
|switch|p2a: Boa noite amigos|Glimmora, F|100/100
|turn|1
|
|t:|1743906721
|switch|p2a: Sexta-Feira|Ogerpon-Wellspring, F|100/100
|move|p1a: Quicksand|Rapid Spin|p2a: Sexta-Feira
|-damage|p2a: Sexta-Feira|80/100
|-boost|p1a: Quicksand|spe|1
|
|upkeep
|turn|2
|
|t:|1743906740
|-end|p1a: Quicksand|Protosynthesis|[silent]
|switch|p1a: Homesick|Slither Wing|100/100
|move|p2a: Sexta-Feira|U-turn|p1a: Homesick
|-resisted|p1a: Homesick
|-damage|p1a: Homesick|89/100
|
|t:|1743906752
|switch|p2a: Boa noite amigos|Glimmora, F|100/100|[from] U-turn
|
|upkeep
|turn|3
|
|t:|1743906760
|-end|p1a: Homesick|Protosynthesis|[silent]
|switch|p1a: Quicksand|Great Tusk|100/100
|move|p2a: Boa noite amigos|Stealth Rock|p1a: Quicksand
|-sidestart|p1: elder guardian|move: Stealth Rock
|
|upkeep
|turn|4
|
|t:|1743906781
|move|p1a: Quicksand|Rapid Spin|p2a: Boa noite amigos
|-resisted|p2a: Boa noite amigos
|-damage|p2a: Boa noite amigos|93/100
|-boost|p1a: Quicksand|spe|1
|-activate|p2a: Boa noite amigos|ability: Toxic Debris
|-sidestart|p1: elder guardian|move: Toxic Spikes
|-sideend|p1: elder guardian|Toxic Spikes|[from] move: Rapid Spin|[of] p1a: Quicksand
|-sideend|p1: elder guardian|Stealth Rock|[from] move: Rapid Spin|[of] p1a: Quicksand
|-enditem|p2a: Boa noite amigos|Red Card|[of] p1a: Quicksand
|-end|p1a: Quicksand|Protosynthesis|[silent]
|drag|p1a: Dark Sun|Ninetales, F|100/100
|-weather|SunnyDay|[from] ability: Drought|[of] p1a: Dark Sun
|move|p2a: Boa noite amigos|Mortal Spin|p1a: Dark Sun
|-damage|p1a: Dark Sun|93/100
|-status|p1a: Dark Sun|psn
|
|-weather|SunnyDay|[upkeep]
|-damage|p1a: Dark Sun|80/100 psn|[from] psn
|upkeep
|turn|5
|
|t:|1743906796
|move|p1a: Dark Sun|Encore|p2a: Boa noite amigos
|-start|p2a: Boa noite amigos|Encore
|move|p2a: Boa noite amigos|Mortal Spin|p1a: Dark Sun
|-damage|p1a: Dark Sun|73/100 psn
|
|-weather|SunnyDay|[upkeep]
|-damage|p1a: Dark Sun|61/100 psn|[from] psn
|upkeep
|turn|6
|
|t:|1743906799
|switch|p1a: Parallel|Venusaur, M|100/100
|move|p2a: Boa noite amigos|Mortal Spin|p1a: Parallel
|-damage|p1a: Parallel|93/100
|
|-weather|SunnyDay|[upkeep]
|upkeep
|turn|7
|
|t:|1743906814
|switch|p2a: Louco e sonhador|Kyurem|100/100
|-ability|p2a: Louco e sonhador|Pressure
|move|p1a: Parallel|Growth|p1a: Parallel
|-boost|p1a: Parallel|atk|2
|-boost|p1a: Parallel|spa|2
|
|-weather|SunnyDay|[upkeep]
|upkeep
|turn|8
|
|t:|1743906821
|move|p1a: Parallel|Sludge Bomb|p2a: Louco e sonhador
|-damage|p2a: Louco e sonhador|0 fnt
|faint|p2a: Louco e sonhador
|-damage|p1a: Parallel|83/100|[from] item: Life Orb
|
|-weather|SunnyDay|[upkeep]
|upkeep
|
|t:|1743906829
|switch|p2a: Whatsapp 2|Kingambit, M|100/100
|-activate|p2a: Whatsapp 2|ability: Supreme Overlord
|-start|p2a: Whatsapp 2|fallen1|[silent]
|turn|9
|
|t:|1743906841
|-terastallize|p2a: Whatsapp 2|Fairy
|move|p1a: Parallel|Earth Power|p2a: Whatsapp 2
|-damage|p2a: Whatsapp 2|34/100
|-damage|p1a: Parallel|73/100|[from] item: Life Orb
|move|p2a: Whatsapp 2|Kowtow Cleave|p1a: Parallel
|-crit|p1a: Parallel
|-damage|p1a: Parallel|0 fnt
|faint|p1a: Parallel
|
|-weather|SunnyDay|[upkeep]
|-heal|p2a: Whatsapp 2|40/100|[from] item: Leftovers
|upkeep
|
|t:|1743906858
|switch|p1a: Quicksand|Great Tusk|100/100
|-activate|p1a: Quicksand|ability: Protosynthesis
|-start|p1a: Quicksand|protosynthesisatk
|turn|10
|
|t:|1743906865
|move|p1a: Quicksand|Headlong Rush|p2a: Whatsapp 2
|-damage|p2a: Whatsapp 2|0 fnt
|-unboost|p1a: Quicksand|def|1
|-unboost|p1a: Quicksand|spd|1
|-enditem|p1a: Quicksand|Eject Pack
|faint|p2a: Whatsapp 2
|-end|p2a: Whatsapp 2|fallen1|[silent]
|
|t:|1743906876
|-end|p1a: Quicksand|Protosynthesis|[silent]
|switch|p1a: Neon Grave|Walking Wake|100/100
|-activate|p1a: Neon Grave|ability: Protosynthesis
|-start|p1a: Neon Grave|protosynthesisspa
|
|-weather|SunnyDay|[upkeep]
|upkeep
|
|t:|1743906880
|switch|p2a: O MAL VENCEU|Enamorus, F|100/100
|turn|11
|j| deno_nemesis
|
|t:|1743906895
|switch|p2a: Sexta-Feira|Ogerpon-Wellspring, F|80/100
|-terastallize|p1a: Neon Grave|Water
|move|p1a: Neon Grave|Flamethrower|p2a: Sexta-Feira
|-damage|p2a: Sexta-Feira|0 fnt
|faint|p2a: Sexta-Feira
|
|-weather|none
|-end|p1a: Neon Grave|Protosynthesis
|upkeep
|
|t:|1743906902
|switch|p2a: Boa noite amigos|Glimmora, F|93/100
|turn|12
|
|t:|1743906909
|-end|p1a: Neon Grave|Protosynthesis|[silent]
|switch|p1a: Dark Sun|Ninetales, F|61/100 psn
|-weather|SunnyDay|[from] ability: Drought|[of] p1a: Dark Sun
|switch|p2a: O MAL VENCEU|Enamorus, F|100/100
|
|-weather|SunnyDay|[upkeep]
|-damage|p1a: Dark Sun|49/100 psn|[from] psn
|upkeep
|turn|13
|
|t:|1743906922
|switch|p1a: Paper Heart|Clefable, F|100/100
|move|p2a: O MAL VENCEU|Moonblast|p1a: Paper Heart
|-damage|p1a: Paper Heart|45/100
|
|-weather|SunnyDay|[upkeep]
|upkeep
|turn|14
|
|t:|1743906931
|move|p2a: O MAL VENCEU|Moonblast|p1a: Paper Heart
|-damage|p1a: Paper Heart|0 fnt
|faint|p1a: Paper Heart
|
|-weather|SunnyDay|[upkeep]
|upkeep
|
|t:|1743906943
|switch|p1a: Neon Grave|Walking Wake, tera:Water|100/100
|-activate|p1a: Neon Grave|ability: Protosynthesis
|-start|p1a: Neon Grave|protosynthesisspa
|turn|15
|
|t:|1743906948
|move|p2a: O MAL VENCEU|Moonblast|p1a: Neon Grave
|-damage|p1a: Neon Grave|36/100
|-unboost|p1a: Neon Grave|spa|1
|move|p1a: Neon Grave|Hydro Steam|p2a: O MAL VENCEU
|-damage|p2a: O MAL VENCEU|0 fnt
|faint|p2a: O MAL VENCEU
|
|-weather|SunnyDay|[upkeep]
|upkeep
|
|t:|1743906951
|switch|p2a: Elon Tusk|Great Tusk|100/100
|-activate|p2a: Elon Tusk|ability: Protosynthesis
|-start|p2a: Elon Tusk|protosynthesisspe
|turn|16
|
|t:|1743906970
|move|p2a: Elon Tusk|Earthquake|p1a: Neon Grave
|-damage|p1a: Neon Grave|0 fnt
|faint|p1a: Neon Grave
|-end|p1a: Neon Grave|Protosynthesis|[silent]
|
|-weather|SunnyDay|[upkeep]
|upkeep
|
|t:|1743906981
|switch|p1a: Homesick|Slither Wing|89/100
|-activate|p1a: Homesick|ability: Protosynthesis
|-start|p1a: Homesick|protosynthesisatk
|turn|17
|
|t:|1743906987
|move|p2a: Elon Tusk|Taunt|p1a: Homesick
|-start|p1a: Homesick|move: Taunt
|cant|p1a: Homesick|move: Taunt|Stun Spore
|
|-weather|SunnyDay|[upkeep]
|upkeep
|turn|18
|
|t:|1743906990
|move|p2a: Elon Tusk|Bulk Up|p2a: Elon Tusk
|-boost|p2a: Elon Tusk|atk|1
|-boost|p2a: Elon Tusk|def|1
|move|p1a: Homesick|U-turn|p2a: Elon Tusk
|-resisted|p2a: Elon Tusk
|-damage|p2a: Elon Tusk|91/100
|
|t:|1743906997
|-end|p1a: Homesick|Protosynthesis|[silent]
|switch|p1a: Quicksand|Great Tusk|100/100|[from] U-turn
|-activate|p1a: Quicksand|ability: Protosynthesis
|-start|p1a: Quicksand|protosynthesisatk
|
|-weather|SunnyDay|[upkeep]
|upkeep
|turn|19
|
|t:|1743907003
|move|p2a: Elon Tusk|Bulk Up|p2a: Elon Tusk
|-boost|p2a: Elon Tusk|atk|1
|-boost|p2a: Elon Tusk|def|1
|move|p1a: Quicksand|Headlong Rush|p2a: Elon Tusk
|-damage|p2a: Elon Tusk|67/100
|-unboost|p1a: Quicksand|def|1
|-unboost|p1a: Quicksand|spd|1
|
|-weather|none
|-end|p2a: Elon Tusk|Protosynthesis
|-end|p1a: Quicksand|Protosynthesis
|upkeep
|-enditem|p2a: Elon Tusk|Booster Energy
|-activate|p2a: Elon Tusk|ability: Protosynthesis|[fromitem]
|-start|p2a: Elon Tusk|protosynthesisatk
|turn|20
|
|t:|1743907013
|-end|p1a: Quicksand|Protosynthesis|[silent]
|switch|p1a: Homesick|Slither Wing|89/100
|move|p2a: Elon Tusk|Earthquake|p1a: Homesick
|-resisted|p1a: Homesick
|-crit|p1a: Homesick
|-damage|p1a: Homesick|7/100
|
|upkeep
|turn|21
|
|t:|1743907020
|move|p1a: Homesick|First Impression|p2a: Elon Tusk
|-resisted|p2a: Elon Tusk
|-damage|p2a: Elon Tusk|59/100
|move|p2a: Elon Tusk|Earthquake|p1a: Homesick
|-resisted|p1a: Homesick
|-damage|p1a: Homesick|0 fnt
|faint|p1a: Homesick
|-end|p1a: Homesick|Protosynthesis|[silent]
|
|upkeep
|
|t:|1743907028
|switch|p1a: Dark Sun|Ninetales, F|49/100 psn
|-weather|SunnyDay|[from] ability: Drought|[of] p1a: Dark Sun
|turn|22
|
|t:|1743907031
|move|p1a: Dark Sun|Weather Ball|p2a: Elon Tusk
|-damage|p2a: Elon Tusk|4/100
|move|p2a: Elon Tusk|Earthquake|p1a: Dark Sun
|-supereffective|p1a: Dark Sun
|-damage|p1a: Dark Sun|0 fnt
|faint|p1a: Dark Sun
|
|-weather|SunnyDay|[upkeep]
|upkeep
|
|t:|1743907034
|switch|p1a: Quicksand|Great Tusk|100/100
|-activate|p1a: Quicksand|ability: Protosynthesis
|-start|p1a: Quicksand|protosynthesisatk
|turn|23
|
|t:|1743907045
|move|p2a: Elon Tusk|Earthquake|p1a: Quicksand
|-damage|p1a: Quicksand|13/100
|move|p1a: Quicksand|Rapid Spin|p2a: Elon Tusk
|-damage|p2a: Elon Tusk|0 fnt
|-boost|p1a: Quicksand|spe|1
|faint|p2a: Elon Tusk
|-end|p2a: Elon Tusk|Protosynthesis|[silent]
|
|-weather|SunnyDay|[upkeep]
|upkeep
|
|t:|1743907048
|switch|p2a: Boa noite amigos|Glimmora, F|93/100
|turn|24
|c|☆Dugtrio Is Broken|gg
|
|t:|1743907051
|move|p1a: Quicksand|Headlong Rush|p2a: Boa noite amigos
|-supereffective|p2a: Boa noite amigos
|-damage|p2a: Boa noite amigos|0 fnt
|-unboost|p1a: Quicksand|def|1
|-unboost|p1a: Quicksand|spd|1
|-activate|p2a: Boa noite amigos|ability: Toxic Debris
|-sidestart|p1: elder guardian|move: Toxic Spikes
|faint|p2a: Boa noite amigos
|
|win|elder guardian
|n|☆elder guardian|elderguardian
|n|☆Dugtrio Is Broken|dugtrioisbroken
|n|*Lady Monita ❄|ladymonita
|n| deno_nemesis|denonemesis
|l|*Lady Monita ❄
|c|☆elder guardian|gg
|l|☆Dugtrio Is Broken
|player|p2|
