|j|☆lebronthegoat23
|j|☆r1icard
|t:|1743793513
|gametype|singles
|player|p1|lebronthegoat23|hilda|1423
|player|p2|r1icard|dawn|1424
|teamsize|p1|6
|teamsize|p2|6
|gen|9
|tier|[Gen 9] OU
|rated|
|rule|HP Percentage Mod: HP is shown in percentages
|rule|Endless Battle Clause: Forcing endless battles is banned
|rule|Species Clause: Limit one of each Pokémon
|rule|OHKO Clause: OHKO moves are banned
|rule|Evasion Items Clause: Evasion items are banned
|rule|Evasion Moves Clause: Evasion moves are banned
|rule|Sleep Moves Clause: Sleep-inducing moves are banned
|clearpoke
|poke|p1|Blissey, F|
|poke|p1|Dondozo, M|
|poke|p1|Corviknight, M|
|poke|p1|Sandy Shocks|
|poke|p1|Zamazenta-*|
|poke|p1|Landorus-Therian, M|
|poke|p2|Keldeo|
|poke|p2|Meowscarada, F|
|poke|p2|Moltres|
|poke|p2|Slowking-Galar, F|
|poke|p2|Iron Treads|
|poke|p2|Kyurem|
|teampreview
|
|t:|1743793522
|start
|switch|p1a: Landorus|Landorus-Therian, M|100/100
|switch|p2a: Meowscarada|Meowscarada, F|100/100
|-ability|p1a: Landorus|Intimidate|boost
|-unboost|p2a: Meowscarada|atk|1
|turn|1
|inactive|Battle timer is ON: inactive players will automatically lose when time's up. (requested by lebronthegoat23)
|
|t:|1743793527
|switch|p1a: Corviknight|Corviknight, M|100/100
|-ability|p1a: Corviknight|Pressure
|move|p2a: Meowscarada|Knock Off|p1a: Corviknight
|-start|p2a: Meowscarada|typechange|Dark|[from] ability: Protean
|-damage|p1a: Corviknight|81/100
|-damage|p2a: Meowscarada|84/100|[from] item: Rocky Helmet|[of] p1a: Corviknight
|-enditem|p1a: Corviknight|Rocky Helmet|[from] move: Knock Off|[of] p2a: Meowscarada
|
|upkeep
|turn|2
|
|t:|1743793534
|move|p2a: Meowscarada|U-turn|p1a: Corviknight
|-resisted|p1a: Corviknight
|-damage|p1a: Corviknight|79/100
|
|t:|1743793536
|switch|p2a: Moltres|Moltres|100/100|[from] U-turn
|move|p1a: Corviknight|U-turn|p2a: Moltres
|-resisted|p2a: Moltres
|-crit|p2a: Moltres
|-damage|p2a: Moltres|97/100
|-status|p1a: Corviknight|brn|[from] ability: Flame Body|[of] p2a: Moltres
|
|t:|1743793559
|switch|p1a: Sandy Shocks|Sandy Shocks|100/100|[from] U-turn
|
|upkeep
|turn|3
|
|t:|1743793570
|switch|p2a: Iron Treads|Iron Treads|100/100
|move|p1a: Sandy Shocks|Thunderbolt|p2a: Iron Treads
|-immune|p2a: Iron Treads
|
|upkeep
|turn|4
|
|t:|1743793573
|-end|p1a: Sandy Shocks|Protosynthesis|[silent]
|switch|p1a: Corviknight|Corviknight, M|79/100 brn
|-ability|p1a: Corviknight|Pressure
|move|p2a: Iron Treads|Earthquake|p1a: Corviknight
|-immune|p1a: Corviknight
|
|-damage|p1a: Corviknight|73/100 brn|[from] brn
|upkeep
|turn|5
|
|t:|1743793577
|-end|p2a: Iron Treads|Quark Drive|[silent]
|switch|p2a: Moltres|Moltres|97/100
|move|p1a: Corviknight|U-turn|p2a: Moltres
|-resisted|p2a: Moltres
|-damage|p2a: Moltres|96/100
|
|t:|1743793580
|switch|p1a: Sandy Shocks|Sandy Shocks|100/100|[from] U-turn
|
|upkeep
|turn|6
|
|t:|1743793582
|move|p1a: Sandy Shocks|Volt Switch|p2a: Moltres
|-supereffective|p2a: Moltres
|-damage|p2a: Moltres|0 fnt
|faint|p2a: Moltres
|
|t:|1743793586
|-end|p1a: Sandy Shocks|Protosynthesis|[silent]
|switch|p1a: Corviknight|Corviknight, M|73/100 brn|[from] Volt Switch
|-ability|p1a: Corviknight|Pressure
|
|-damage|p1a: Corviknight|67/100 brn|[from] brn
|upkeep
|
|t:|1743793590
|switch|p2a: Keldeo|Keldeo, shiny|100/100
|turn|7
|
|t:|1743793610
|move|p2a: Keldeo|Flip Turn|p1a: Corviknight
|-damage|p1a: Corviknight|58/100 brn
|
|t:|1743793613
|switch|p2a: Slowking|Slowking-Galar, F|100/100|[from] Flip Turn
|move|p1a: Corviknight|U-turn|p2a: Slowking
|-damage|p2a: Slowking|93/100
|
|t:|1743793621
|switch|p1a: Landorus|Landorus-Therian, M|100/100|[from] U-turn
|-ability|p1a: Landorus|Intimidate|boost
|-unboost|p2a: Slowking|atk|1
|
|upkeep
|turn|8
|
|t:|1743793634
|switch|p2a: Meowscarada|Meowscarada, F|84/100
|move|p1a: Landorus|Earthquake|p2a: Meowscarada
|-resisted|p2a: Meowscarada
|-damage|p2a: Meowscarada|38/100
|
|upkeep
|turn|9
|
|t:|1743793638
|switch|p1a: Corviknight|Corviknight, M|58/100 brn
|-ability|p1a: Corviknight|Pressure
|move|p2a: Meowscarada|Triple Axel|p1a: Corviknight
|-start|p2a: Meowscarada|typechange|Ice|[from] ability: Protean
|-damage|p1a: Corviknight|52/100 brn
|-damage|p1a: Corviknight|41/100 brn
|-damage|p1a: Corviknight|23/100 brn
|-hitcount|p1a: Corviknight|3
|
|-damage|p1a: Corviknight|17/100 brn|[from] brn
|upkeep
|turn|10
|
|t:|1743793643
|move|p2a: Meowscarada|Triple Axel|p1a: Corviknight
|-damage|p1a: Corviknight|12/100 brn
|-damage|p1a: Corviknight|1/100 brn
|-damage|p1a: Corviknight|0 fnt
|faint|p1a: Corviknight
|-hitcount|p1: Corviknight|3
|
|upkeep
|
|t:|1743793660
|switch|p1a: Landorus|Landorus-Therian, M|100/100
|-ability|p1a: Landorus|Intimidate|boost
|-unboost|p2a: Meowscarada|atk|1
|turn|11
|
|t:|1743793665
|switch|p2a: Iron Treads|Iron Treads|100/100
|switch|p1a: Dondozo|Dondozo, M|100/100
|
|upkeep
|turn|12
|
|t:|1743793673
|-end|p2a: Iron Treads|Quark Drive|[silent]
|switch|p2a: Slowking|Slowking-Galar, F|100/100
|move|p1a: Dondozo|Wave Crash|p2a: Slowking
|-damage|p2a: Slowking|53/100
|-damage|p1a: Dondozo|88/100|[from] Recoil
|
|-heal|p1a: Dondozo|95/100|[from] item: Leftovers
|upkeep
|turn|13
|
|t:|1743793679
|move|p1a: Dondozo|Wave Crash|p2a: Slowking
|-damage|p2a: Slowking|8/100
|-damage|p1a: Dondozo|83/100|[from] Recoil
|-prepare|p2a: Slowking|Chilly Reception|[premajor]
|move|p2a: Slowking|Chilly Reception|p2a: Slowking
|-weather|Snowscape
|
|t:|1743793686
|switch|p2a: Keldeo|Keldeo, shiny|100/100|[from] Chilly Reception
|
|-weather|Snowscape|[upkeep]
|-heal|p1a: Dondozo|89/100|[from] item: Leftovers
|upkeep
|turn|14
|
|t:|1743793693
|switch|p1a: Blissey|Blissey, F|100/100
|move|p2a: Keldeo|Aura Sphere|p1a: Blissey
|-supereffective|p1a: Blissey
|-damage|p1a: Blissey|67/100
|
|-weather|Snowscape|[upkeep]
|upkeep
|turn|15
|
|t:|1743793697
|switch|p2a: Slowking|Slowking-Galar, F|41/100
|move|p1a: Blissey|Soft-Boiled|p1a: Blissey
|-heal|p1a: Blissey|100/100
|
|-weather|Snowscape|[upkeep]
|upkeep
|turn|16
|
|t:|1743793700
|move|p1a: Blissey|Seismic Toss|p2a: Slowking
|-damage|p2a: Slowking|16/100
|-prepare|p2a: Slowking|Chilly Reception|[premajor]
|move|p2a: Slowking|Chilly Reception|p2a: Slowking
|
|t:|1743793702
|switch|p2a: Kyurem|Kyurem|100/100|[from] Chilly Reception
|-ability|p2a: Kyurem|Pressure
|
|-weather|Snowscape|[upkeep]
|upkeep
|turn|17
|
|t:|1743793715
|switch|p2a: Iron Treads|Iron Treads|100/100
|switch|p1a: Zamazenta|Zamazenta|100/100
|-ability|p1a: Zamazenta|Dauntless Shield|boost
|-boost|p1a: Zamazenta|def|1
|
|-weather|none
|upkeep
|turn|18
|
|t:|1743793727
|-end|p2a: Iron Treads|Quark Drive|[silent]
|switch|p2a: Slowking|Slowking-Galar, F|49/100
|move|p1a: Zamazenta|Substitute|p1a: Zamazenta
|-start|p1a: Zamazenta|Substitute
|-damage|p1a: Zamazenta|76/100
|
|-heal|p1a: Zamazenta|82/100|[from] item: Leftovers
|upkeep
|turn|19
|
|t:|1743793731
|move|p1a: Zamazenta|Iron Defense|p1a: Zamazenta
|-boost|p1a: Zamazenta|def|2
|move|p2a: Slowking|Future Sight|p1a: Zamazenta
|-start|p2a: Slowking|move: Future Sight
|
|-heal|p1a: Zamazenta|88/100|[from] item: Leftovers
|upkeep
|turn|20
|
|t:|1743793737
|move|p1a: Zamazenta|Crunch|p2a: Slowking
|-supereffective|p2a: Slowking
|-damage|p2a: Slowking|0 fnt
|faint|p2a: Slowking
|
|-heal|p1a: Zamazenta|94/100|[from] item: Leftovers
|upkeep
|
|t:|1743793744
|switch|p2a: Keldeo|Keldeo, shiny|100/100
|turn|21
|
|t:|1743793748
|switch|p1a: Blissey|Blissey, F|100/100
|move|p2a: Keldeo|Hydro Pump|p1a: Blissey|[miss]
|-miss|p2a: Keldeo|p1a: Blissey
|
|-end|p1a: Blissey|move: Future Sight
|-damage|p1a: Blissey|88/100
|upkeep
|turn|22
|
|t:|1743793755
|switch|p2a: Iron Treads|Iron Treads|100/100
|move|p1a: Blissey|Seismic Toss|p2a: Iron Treads
|-damage|p2a: Iron Treads|74/100
|
|upkeep
|turn|23
|
|t:|1743793762
|switch|p1a: Landorus|Landorus-Therian, M|100/100
|-ability|p1a: Landorus|Intimidate|boost
|-unboost|p2a: Iron Treads|atk|1
|move|p2a: Iron Treads|Earthquake|p1a: Landorus
|-immune|p1a: Landorus
|
|upkeep
|turn|24
|
|t:|1743793766
|move|p1a: Landorus|U-turn|p2a: Iron Treads
|-resisted|p2a: Iron Treads
|-damage|p2a: Iron Treads|67/100
|
|t:|1743793769
|switch|p1a: Zamazenta|Zamazenta|94/100|[from] U-turn
|move|p2a: Iron Treads|Iron Head|p1a: Zamazenta
|-damage|p1a: Zamazenta|78/100
|
|-heal|p1a: Zamazenta|84/100|[from] item: Leftovers
|upkeep
|turn|25
|
|t:|1743793773
|-end|p2a: Iron Treads|Quark Drive|[silent]
|switch|p2a: Keldeo|Keldeo, shiny|100/100
|move|p1a: Zamazenta|Substitute|p1a: Zamazenta
|-start|p1a: Zamazenta|Substitute
|-damage|p1a: Zamazenta|59/100
|
|-heal|p1a: Zamazenta|66/100|[from] item: Leftovers
|upkeep
|turn|26
|
|t:|1743793778
|move|p1a: Zamazenta|Body Press|p2a: Keldeo
|-damage|p2a: Keldeo|56/100
|move|p2a: Keldeo|Hydro Pump|p1a: Zamazenta
|-end|p1a: Zamazenta|Substitute
|
|-heal|p1a: Zamazenta|72/100|[from] item: Leftovers
|upkeep
|turn|27
|
|t:|1743793782
|switch|p1a: Blissey|Blissey, F|88/100
|move|p2a: Keldeo|Hydro Pump|p1a: Blissey
|-damage|p1a: Blissey|62/100
|
|upkeep
|turn|28
|
|t:|1743793785
|switch|p2a: Meowscarada|Meowscarada, F|38/100
|move|p1a: Blissey|Seismic Toss|p2a: Meowscarada
|-damage|p2a: Meowscarada|4/100
|
|upkeep
|turn|29
|
|t:|1743793790
|switch|p1a: Dondozo|Dondozo, M|89/100
|move|p2a: Meowscarada|U-turn|p1a: Dondozo
|-start|p2a: Meowscarada|typechange|Bug|[from] ability: Protean
|-damage|p1a: Dondozo|73/100
|
|t:|1743793793
|switch|p2a: Kyurem|Kyurem|100/100|[from] U-turn
|-ability|p2a: Kyurem|Pressure
|
|-heal|p1a: Dondozo|80/100|[from] item: Leftovers
|upkeep
|turn|30
|
|t:|1743793796
|switch|p1a: Blissey|Blissey, F|62/100
|move|p2a: Kyurem|Dragon Dance|p2a: Kyurem
|-boost|p2a: Kyurem|atk|1
|-boost|p2a: Kyurem|spe|1
|
|upkeep
|turn|31
|
|t:|1743793799
|switch|p1a: Dondozo|Dondozo, M|80/100
|move|p2a: Kyurem|Icicle Spear|p1a: Dondozo
|-resisted|p1a: Dondozo
|-damage|p1a: Dondozo|76/100
|-resisted|p1a: Dondozo
|-damage|p1a: Dondozo|73/100
|-resisted|p1a: Dondozo
|-crit|p1a: Dondozo
|-damage|p1a: Dondozo|68/100
|-resisted|p1a: Dondozo
|-damage|p1a: Dondozo|64/100
|-hitcount|p1a: Dondozo|4
|
|-heal|p1a: Dondozo|70/100|[from] item: Leftovers
|upkeep
|turn|32
|
|t:|1743793804
|-terastallize|p2a: Kyurem|Electric
|-terastallize|p1a: Dondozo|Fairy
|move|p2a: Kyurem|Tera Blast|p1a: Dondozo|[anim] Tera Blast Electric
|-damage|p1a: Dondozo|52/100
|move|p1a: Dondozo|Curse|p1a: Dondozo
|-unboost|p1a: Dondozo|spe|1
|-boost|p1a: Dondozo|atk|1
|-boost|p1a: Dondozo|def|1
|
|-heal|p1a: Dondozo|58/100|[from] item: Leftovers
|upkeep
|turn|33
|
|t:|1743793808
|switch|p2a: Keldeo|Keldeo, shiny|56/100
|move|p1a: Dondozo|Curse|p1a: Dondozo
|-unboost|p1a: Dondozo|spe|1
|-boost|p1a: Dondozo|atk|1
|-boost|p1a: Dondozo|def|1
|
|-heal|p1a: Dondozo|64/100|[from] item: Leftovers
|upkeep
|turn|34
|
|t:|1743793811
|move|p2a: Keldeo|Hydro Pump|p1a: Dondozo
|-damage|p1a: Dondozo|0 fnt
|faint|p1a: Dondozo
|
|upkeep
|
|t:|1743793840
|switch|p1a: Blissey|Blissey, F|62/100
|turn|35
|
|t:|1743793843
|move|p2a: Keldeo|Hydro Pump|p1a: Blissey
|-damage|p1a: Blissey|37/100
|move|p1a: Blissey|Seismic Toss|p2a: Keldeo
|-damage|p2a: Keldeo|26/100
|
|upkeep
|turn|36
|
|t:|1743793848
|move|p2a: Keldeo|Hydro Pump|p1a: Blissey|[miss]
|-miss|p2a: Keldeo|p1a: Blissey
|move|p1a: Blissey|Seismic Toss|p2a: Keldeo
|-damage|p2a: Keldeo|0 fnt
|faint|p2a: Keldeo
|
|upkeep
|
|t:|1743793850
|switch|p2a: Kyurem|Kyurem, tera:Electric|100/100
|-ability|p2a: Kyurem|Pressure
|turn|37
|
|t:|1743793853
|switch|p1a: Landorus|Landorus-Therian, M|100/100
|-ability|p1a: Landorus|Intimidate|boost
|-unboost|p2a: Kyurem|atk|1
|move|p2a: Kyurem|Dragon Dance|p2a: Kyurem
|-boost|p2a: Kyurem|atk|1
|-boost|p2a: Kyurem|spe|1
|
|upkeep
|turn|38
|
|t:|1743793858
|move|p2a: Kyurem|Icicle Spear|p1a: Landorus
|-supereffective|p1a: Landorus
|-damage|p1a: Landorus|29/100
|-supereffective|p1a: Landorus
|-damage|p1a: Landorus|0 fnt
|faint|p1a: Landorus
|-hitcount|p1: Landorus|2
|
|upkeep
|
|t:|1743793860
|switch|p1a: Zamazenta|Zamazenta|72/100
|turn|39
|
|t:|1743793864
|move|p2a: Kyurem|Icicle Spear|p1a: Zamazenta
|-damage|p1a: Zamazenta|60/100
|-damage|p1a: Zamazenta|49/100
|-damage|p1a: Zamazenta|38/100
|-damage|p1a: Zamazenta|26/100
|-damage|p1a: Zamazenta|15/100
|-hitcount|p1a: Zamazenta|5
|move|p1a: Zamazenta|Iron Defense|p1a: Zamazenta
|-boost|p1a: Zamazenta|def|2
|
|-heal|p1a: Zamazenta|21/100|[from] item: Leftovers
|upkeep
|turn|40
|
|t:|1743793868
|move|p2a: Kyurem|Icicle Spear|p1a: Zamazenta
|-damage|p1a: Zamazenta|16/100
|-damage|p1a: Zamazenta|10/100
|-damage|p1a: Zamazenta|4/100
|-damage|p1a: Zamazenta|0 fnt
|faint|p1a: Zamazenta
|-hitcount|p1: Zamazenta|4
|
|upkeep
|c|☆lebronthegoat23|dumb ash
|c|☆lebronthegoat23|trash gam
|c|☆lebronthegoat23|quit btch
|c|☆r1icard|says the stall player
|c|☆lebronthegoat23|u fukn suck
|-message|lebronthegoat23 forfeited.
|
|win|r1icard
