|j|☆banded struggle
|j|☆gpasd'idees
|t:|1743879768
|gametype|singles
|player|p1|banded struggle|hau|1440
|player|p2|gpasd'idees|169|1412
|teamsize|p1|6
|teamsize|p2|6
|gen|9
|tier|[Gen 9] OU
|rated|
|rule|HP Percentage Mod: HP is shown in percentages
|rule|Endless Battle Clause: Forcing endless battles is banned
|rule|Species Clause: Limit one of each Pokémon
|rule|OHKO Clause: OHKO moves are banned
|rule|Evasion Items Clause: Evasion items are banned
|rule|Evasion Moves Clause: Evasion moves are banned
|rule|Sleep Moves Clause: Sleep-inducing moves are banned
|clearpoke
|poke|p1|Clodsire, M|
|poke|p1|Darkrai|
|poke|p1|Breloom, M|
|poke|p1|Rotom-Heat|
|poke|p1|Primarina, M|
|poke|p1|Corviknight, M|
|poke|p2|Kyurem|
|poke|p2|Great Tusk|
|poke|p2|Samurott-Hisui, M|
|poke|p2|Hydrapple, M|
|poke|p2|Iron Moth|
|poke|p2|Keldeo-Resolute|
|teampreview
|inactive|Battle timer is ON: inactive players will automatically lose when time's up. (requested by gpasd'idees)
|inactive|banded struggle also wants the timer to be on.
|c|☆banded struggle|Hf
|c|☆gpasd'idees|thx tou 2
|
|t:|1743879785
|start
|switch|p1a: Breloom|Breloom, M|100/100
|switch|p2a: Samurott|Samurott-Hisui, M|100/100
|turn|1
|c|☆gpasd'idees|*you
|
|t:|1743879795
|move|p2a: Samurott|Ceaseless Edge|p1a: Breloom
|-resisted|p1a: Breloom
|-damage|p1a: Breloom|65/100
|-sidestart|p1: banded struggle|Spikes
|move|p1a: Breloom|Bullet Seed|p2a: Samurott
|-supereffective|p2a: Samurott
|-damage|p2a: Samurott|24/100
|-supereffective|p2a: Samurott
|-damage|p2a: Samurott|0 fnt
|faint|p2a: Samurott
|-hitcount|p2: Samurott|2
|
|upkeep
|
|t:|1743879804
|switch|p2a: Iron Moth|Iron Moth|100/100
|turn|2
|
|t:|1743879810
|switch|p1a: Clodsire|Clodsire, M|100/100
|-damage|p1a: Clodsire|88/100|[from] Spikes
|move|p2a: Iron Moth|Substitute|p2a: Iron Moth
|-start|p2a: Iron Moth|Substitute
|-damage|p2a: Iron Moth|76/100
|
|-heal|p1a: Clodsire|94/100|[from] item: Leftovers
|upkeep
|turn|3
|
|t:|1743879815
|move|p2a: Iron Moth|Fiery Dance|p1a: Clodsire
|-damage|p1a: Clodsire|69/100
|move|p1a: Clodsire|Earthquake|p2a: Iron Moth
|-supereffective|p2a: Iron Moth
|-end|p2a: Iron Moth|Substitute
|
|-heal|p1a: Clodsire|75/100|[from] item: Leftovers
|upkeep
|turn|4
|
|t:|1743879820
|-end|p2a: Iron Moth|Quark Drive|[silent]
|switch|p2a: Hydrapple|Hydrapple, M|100/100
|move|p1a: Clodsire|Earthquake|p2a: Hydrapple
|-resisted|p2a: Hydrapple
|-damage|p2a: Hydrapple|90/100
|
|-heal|p1a: Clodsire|81/100|[from] item: Leftovers
|upkeep
|turn|5
|
|t:|1743879826
|switch|p1a: Corviknight|Corviknight, M|100/100
|-ability|p1a: Corviknight|Pressure
|move|p2a: Hydrapple|Nasty Plot|p2a: Hydrapple
|-boost|p2a: Hydrapple|spa|2
|
|upkeep
|turn|6
|
|t:|1743879837
|move|p1a: Corviknight|Defog|p2a: Hydrapple
|-unboost|p2a: Hydrapple|evasion|1
|-sideend|p1: banded struggle|Spikes|[from] move: Defog|[of] p1a: Corviknight
|move|p2a: Hydrapple|Fickle Beam|p1a: Corviknight
|-resisted|p1a: Corviknight
|-damage|p1a: Corviknight|56/100
|
|-heal|p1a: Corviknight|62/100|[from] item: Leftovers
|upkeep
|turn|7
|
|t:|1743879843
|move|p1a: Corviknight|U-turn|p2a: Hydrapple
|-supereffective|p2a: Hydrapple
|-damage|p2a: Hydrapple|66/100
|
|t:|1743879852
|switch|p1a: Primarina|Primarina, M|100/100|[from] U-turn
|move|p2a: Hydrapple|Fickle Beam|p1a: Primarina
|-immune|p1a: Primarina
|
|upkeep
|turn|8
|
|t:|1743879858
|-terastallize|p2a: Hydrapple|Steel
|move|p1a: Primarina|Flip Turn|p2a: Hydrapple
|-damage|p2a: Hydrapple|54/100
|
|t:|1743879866
|switch|p1a: Clodsire|Clodsire, M|81/100|[from] Flip Turn
|move|p2a: Hydrapple|Giga Drain|p1a: Clodsire
|-crit|p1a: Clodsire
|-damage|p1a: Clodsire|14/100
|-heal|p2a: Hydrapple|92/100|[from] drain|[of] p1a: Clodsire
|
|-heal|p1a: Clodsire|20/100|[from] item: Leftovers
|upkeep
|turn|9
|
|t:|1743879878
|switch|p1a: Corviknight|Corviknight, M|62/100
|-ability|p1a: Corviknight|Pressure
|move|p2a: Hydrapple|Giga Drain|p1a: Corviknight
|-resisted|p1a: Corviknight
|-damage|p1a: Corviknight|40/100
|-heal|p2a: Hydrapple|100/100|[from] drain|[of] p1a: Corviknight
|
|-heal|p1a: Corviknight|46/100|[from] item: Leftovers
|upkeep
|turn|10
|
|t:|1743879890
|move|p1a: Corviknight|Roost|p1a: Corviknight
|-heal|p1a: Corviknight|96/100
|-singleturn|p1a: Corviknight|move: Roost
|move|p2a: Hydrapple|Fickle Beam|p1a: Corviknight
|-resisted|p1a: Corviknight
|-crit|p1a: Corviknight
|-damage|p1a: Corviknight|35/100
|
|-heal|p1a: Corviknight|41/100|[from] item: Leftovers
|upkeep
|turn|11
|c|☆banded struggle|We love switching, woooooo
|
|t:|1743879903
|move|p1a: Corviknight|Roost|p1a: Corviknight
|-heal|p1a: Corviknight|91/100
|-singleturn|p1a: Corviknight|move: Roost
|move|p2a: Hydrapple|Nasty Plot|p2a: Hydrapple
|-boost|p2a: Hydrapple|spa|2
|
|-heal|p1a: Corviknight|97/100|[from] item: Leftovers
|upkeep
|turn|12
|c|☆gpasd'idees|:)
|
|t:|1743879918
|switch|p1a: Rotom|Rotom-Heat|100/100
|move|p2a: Hydrapple|Nasty Plot|p2a: Hydrapple
|-boost|p2a: Hydrapple|spa|2
|
|upkeep
|turn|13
|
|t:|1743879924
|move|p1a: Rotom|Overheat|p2a: Hydrapple
|-supereffective|p2a: Hydrapple
|-damage|p2a: Hydrapple|5/100
|-unboost|p1a: Rotom|spa|2
|move|p2a: Hydrapple|Giga Drain|p1a: Rotom
|-resisted|p1a: Rotom
|-crit|p1a: Rotom
|-damage|p1a: Rotom|0 fnt
|-heal|p2a: Hydrapple|42/100|[from] drain|[of] p1a: Rotom
|faint|p1a: Rotom
|
|upkeep
|
|t:|1743879933
|switch|p1a: Breloom|Breloom, M|65/100
|turn|14
|
|t:|1743879939
|switch|p2a: Iron Moth|Iron Moth|76/100
|move|p1a: Breloom|Mach Punch|p2a: Iron Moth
|-resisted|p2a: Iron Moth
|-damage|p2a: Iron Moth|30/100
|
|upkeep
|turn|15
|c|☆banded struggle|Huh
|c|☆gpasd'idees|what is this damage :)
|
|t:|1743879958
|move|p1a: Breloom|Mach Punch|p2a: Iron Moth
|-resisted|p2a: Iron Moth
|-crit|p2a: Iron Moth
|-damage|p2a: Iron Moth|0 fnt
|faint|p2a: Iron Moth
|-end|p2a: Iron Moth|Quark Drive|[silent]
|
|upkeep
|
|t:|1743879963
|switch|p2a: Great Tusk|Great Tusk|100/100
|turn|16
|c|☆banded struggle|CB damage, that's what
|
|t:|1743879971
|switch|p1a: Corviknight|Corviknight, M|97/100
|-ability|p1a: Corviknight|Pressure
|move|p2a: Great Tusk|Ice Spinner|p1a: Corviknight
|-damage|p1a: Corviknight|79/100
|
|-heal|p1a: Corviknight|85/100|[from] item: Leftovers
|upkeep
|turn|17
|
|t:|1743879978
|-end|p2a: Great Tusk|Protosynthesis|[silent]
|switch|p2a: Hydrapple|Hydrapple, M, tera:Steel|75/100
|move|p1a: Corviknight|U-turn|p2a: Hydrapple
|-resisted|p2a: Hydrapple
|-damage|p2a: Hydrapple|70/100
|
|t:|1743879981
|switch|p1a: Breloom|Breloom, M|65/100|[from] U-turn
|
|upkeep
|turn|18
|
|t:|1743879986
|move|p1a: Breloom|Close Combat|p2a: Hydrapple
|-supereffective|p2a: Hydrapple
|-damage|p2a: Hydrapple|0 fnt
|-unboost|p1a: Breloom|def|1
|-unboost|p1a: Breloom|spd|1
|faint|p2a: Hydrapple
|
|upkeep
|
|t:|1743879990
|switch|p2a: Keldeo|Keldeo-Resolute|100/100
|turn|19
|
|t:|1743879998
|switch|p1a: Clodsire|Clodsire, M|20/100
|move|p2a: Keldeo|Hydro Pump|p1a: Clodsire
|-heal|p1a: Clodsire|45/100|[from] ability: Water Absorb|[of] p2a: Keldeo
|
|-heal|p1a: Clodsire|51/100|[from] item: Leftovers
|upkeep
|turn|20
|
|t:|1743880005
|switch|p2a: Great Tusk|Great Tusk|100/100
|move|p1a: Clodsire|Toxic|p2a: Great Tusk
|-status|p2a: Great Tusk|tox
|
|-heal|p1a: Clodsire|58/100|[from] item: Leftovers
|-damage|p2a: Great Tusk|94/100 tox|[from] psn
|upkeep
|turn|21
|
|t:|1743880008
|switch|p1a: Corviknight|Corviknight, M|85/100
|-ability|p1a: Corviknight|Pressure
|move|p2a: Great Tusk|Knock Off|p1a: Corviknight
|-damage|p1a: Corviknight|64/100
|-enditem|p1a: Corviknight|Leftovers|[from] move: Knock Off|[of] p2a: Great Tusk
|
|-heal|p2a: Great Tusk|100/100 tox|[from] item: Leftovers
|-damage|p2a: Great Tusk|88/100 tox|[from] psn
|upkeep
|turn|22
|
|t:|1743880017
|move|p2a: Great Tusk|Ice Spinner|p1a: Corviknight
|-damage|p1a: Corviknight|45/100
|move|p1a: Corviknight|U-turn|p2a: Great Tusk
|-resisted|p2a: Great Tusk
|-damage|p2a: Great Tusk|83/100 tox
|
|t:|1743880025
|switch|p1a: Darkrai|Darkrai|100/100|[from] U-turn
|
|-heal|p2a: Great Tusk|89/100 tox|[from] item: Leftovers
|-damage|p2a: Great Tusk|71/100 tox|[from] psn
|upkeep
|turn|23
|
|t:|1743880029
|move|p1a: Darkrai|Ice Beam|p2a: Great Tusk
|-supereffective|p2a: Great Tusk
|-damage|p2a: Great Tusk|0 fnt
|faint|p2a: Great Tusk
|-end|p2a: Great Tusk|Protosynthesis|[silent]
|
|upkeep
|
|t:|1743880032
|switch|p2a: Keldeo|Keldeo-Resolute|100/100
|turn|24
|
|t:|1743880034
|switch|p1a: Clodsire|Clodsire, M|58/100
|move|p2a: Keldeo|Icy Wind|p1a: Clodsire
|-supereffective|p1a: Clodsire
|-damage|p1a: Clodsire|38/100
|-unboost|p1a: Clodsire|spe|1
|
|-heal|p1a: Clodsire|44/100|[from] item: Leftovers
|upkeep
|turn|25
|
|t:|1743880041
|switch|p2a: Kyurem|Kyurem|100/100
|-ability|p2a: Kyurem|Pressure
|move|p1a: Clodsire|Toxic|p2a: Kyurem
|-status|p2a: Kyurem|tox
|
|-heal|p1a: Clodsire|51/100|[from] item: Leftovers
|-damage|p2a: Kyurem|94/100 tox|[from] psn
|upkeep
|turn|26
|
|t:|1743880047
|switch|p1a: Primarina|Primarina, M|100/100
|move|p2a: Kyurem|Dragon Dance|p2a: Kyurem
|-boost|p2a: Kyurem|atk|1
|-boost|p2a: Kyurem|spe|1
|
|-damage|p2a: Kyurem|82/100 tox|[from] psn
|upkeep
|turn|27
|
|t:|1743880053
|move|p2a: Kyurem|Icicle Spear|p1a: Primarina
|-resisted|p1a: Primarina
|-damage|p1a: Primarina|85/100
|-resisted|p1a: Primarina
|-damage|p1a: Primarina|72/100
|-resisted|p1a: Primarina
|-damage|p1a: Primarina|57/100
|-resisted|p1a: Primarina
|-damage|p1a: Primarina|41/100
|-resisted|p1a: Primarina
|-damage|p1a: Primarina|28/100
|-hitcount|p1a: Primarina|5
|move|p1a: Primarina|Moonblast|p2a: Kyurem
|-supereffective|p2a: Kyurem
|-damage|p2a: Kyurem|0 fnt
|faint|p2a: Kyurem
|
|upkeep
|
|t:|1743880057
|switch|p2a: Keldeo|Keldeo-Resolute|100/100
|turn|28
|c|☆banded struggle|Ggs
|c|☆banded struggle|Wp
|c|☆gpasd'idees|gg
|
|t:|1743880064
|move|p2a: Keldeo|Secret Sword|p1a: Primarina
|-resisted|p1a: Primarina
|-damage|p1a: Primarina|0 fnt
|faint|p1a: Primarina
|
|upkeep
|l|☆gpasd'idees
|inactive|gpasd'idees disconnected and has a minute to reconnect!
|player|p2|
|
|t:|1743880079
|switch|p1a: Darkrai|Darkrai|100/100
|turn|29
|inactive|gpasd'idees has 30 seconds to reconnect!
|inactive|gpasd'idees has 20 seconds to reconnect!
|inactive|gpasd'idees has 15 seconds to reconnect!
|j|☆gpasd'idees
|inactive|gpasd'idees reconnected and has 105 seconds left.
|player|p2|gpasd'idees|169|
|-message|gpasd'idees forfeited.
|
|win|banded struggle
|raw|banded struggle's rating: 1440 &rarr; <strong>1458</strong><br />(+18 for winning)
|raw|gpasd&apos;idees's rating: 1412 &rarr; <strong>1394</strong><br />(-18 for losing)
|c|☆banded struggle|Welcome back
|c|☆gpasd'idees|sorry
|c|☆banded struggle|It's alright
|c|☆banded struggle|DW
|c|☆gpasd'idees|i forgot to forfeit
|c|☆gpasd'idees|:(
|c|☆banded struggle|Lol
|c|☆banded struggle|Have a good one man
|c|☆gpasd'idees|trully sorry
|c|☆banded struggle|Don't worry about it
|l|☆banded struggle
|player|p1|
|l|☆gpasd'idees
|player|p2|
