|j|☆youinjks
|j|☆josu1910
|t:|1743796652
|gametype|singles
|player|p1|youinjks|ash-unova|1067
|player|p2|josu1910|102|1102
|teamsize|p1|6
|teamsize|p2|6
|gen|9
|tier|[Gen 9] OU
|rated|
|rule|HP Percentage Mod: HP is shown in percentages
|rule|Endless Battle Clause: Forcing endless battles is banned
|rule|Species Clause: Limit one of each Pokémon
|rule|OHKO Clause: OHKO moves are banned
|rule|Evasion Items Clause: Evasion items are banned
|rule|Evasion Moves Clause: Evasion moves are banned
|rule|Sleep Moves Clause: Sleep-inducing moves are banned
|clearpoke
|poke|p1|Pikachu-World, M|
|poke|p1|Pelipper, F|
|poke|p1|Zapdos|
|poke|p1|Dragapult, M|
|poke|p1|Blaziken, F|
|poke|p1|Great Tusk|
|poke|p2|Ursaluna, M|
|poke|p2|Gholdengo|
|poke|p2|Goodra-Hisui, M|
|poke|p2|Moltres|
|poke|p2|Meowscarada, M|
|poke|p2|Primarina, M|
|teampreview
|inactive|Battle timer is ON: inactive players will automatically lose when time's up. (requested by josu1910)
|
|t:|1743796709
|start
|switch|p1a: Pelipper|Pelipper, F|100/100
|switch|p2a: Meowscarada|Meowscarada, M|100/100
|-weather|RainDance|[from] ability: Drizzle|[of] p1a: Pelipper
|turn|1
|inactive|youinjks has 120 seconds left.
|
|t:|1743796740
|move|p2a: Meowscarada|Knock Off|p1a: Pelipper
|-start|p2a: Meowscarada|typechange|Dark|[from] ability: Protean
|-damage|p1a: Pelipper|67/100
|-enditem|p1a: Pelipper|Damp Rock|[from] move: Knock Off|[of] p2a: Meowscarada
|move|p1a: Pelipper|Knock Off|p2a: Meowscarada
|-resisted|p2a: Meowscarada
|-damage|p2a: Meowscarada|91/100
|-enditem|p2a: Meowscarada|Heavy-Duty Boots|[from] move: Knock Off|[of] p1a: Pelipper
|
|-weather|RainDance|[upkeep]
|upkeep
|turn|2
|inactive|youinjks has 120 seconds left.
|
|t:|1743796765
|switch|p1a: Blaziken|Blaziken, F|100/100
|move|p2a: Meowscarada|Flower Trick|p1a: Blaziken
|-resisted|p1a: Blaziken
|-crit|p1a: Blaziken
|-damage|p1a: Blaziken|75/100
|
|-weather|RainDance|[upkeep]
|upkeep
|turn|3
|
|t:|1743796780
|move|p2a: Meowscarada|U-turn|p1a: Blaziken
|-resisted|p1a: Blaziken
|-damage|p1a: Blaziken|67/100
|
|t:|1743796784
|switch|p2a: Primarina|Primarina, M|100/100|[from] U-turn
|move|p1a: Blaziken|Swords Dance|p1a: Blaziken
|-boost|p1a: Blaziken|atk|2
|
|-weather|RainDance|[upkeep]
|-ability|p1a: Blaziken|Speed Boost|boost
|-boost|p1a: Blaziken|spe|1
|upkeep
|turn|4
|
|t:|1743796804
|switch|p1a: Zapdos|Zapdos|100/100
|move|p2a: Primarina|Reflect|p2a: Primarina
|-sidestart|p2: josu1910|Reflect
|
|-weather|RainDance|[upkeep]
|upkeep
|turn|5
|
|t:|1743796823
|-terastallize|p2a: Primarina|Poison
|move|p1a: Zapdos|Discharge|p2a: Primarina
|-damage|p2a: Primarina|78/100
|-status|p2a: Primarina|par
|move|p2a: Primarina|Moonblast|p1a: Zapdos
|-damage|p1a: Zapdos|64/100
|-unboost|p1a: Zapdos|spa|1
|
|-weather|RainDance|[upkeep]
|upkeep
|turn|6
|
|t:|1743796836
|move|p1a: Zapdos|Volt Switch|p2a: Primarina
|-damage|p2a: Primarina|65/100 par
|
|t:|1743796845
|switch|p1a: Great Tusk|Great Tusk|100/100|[from] Volt Switch
|cant|p2a: Primarina|par
|
|-weather|RainDance|[upkeep]
|upkeep
|turn|7
|
|t:|1743796863
|switch|p2a: Moltres|Moltres|100/100
|move|p1a: Great Tusk|Ice Spinner|p2a: Moltres
|-damage|p2a: Moltres|86/100
|
|-weather|RainDance|[upkeep]
|upkeep
|turn|8
|
|t:|1743796881
|-end|p1a: Great Tusk|Protosynthesis|[silent]
|switch|p1a: Zapdos|Zapdos|64/100
|move|p2a: Moltres|Air Slash|p1a: Zapdos
|-resisted|p1a: Zapdos
|-crit|p1a: Zapdos
|-damage|p1a: Zapdos|32/100
|
|-weather|none
|upkeep
|turn|9
|
|t:|1743796895
|switch|p2a: Ursaluna|Ursaluna, M|100/100
|move|p1a: Zapdos|Roost|p1a: Zapdos
|-heal|p1a: Zapdos|82/100
|-singleturn|p1a: Zapdos|move: Roost
|
|-status|p2a: Ursaluna|brn|[from] item: Flame Orb
|upkeep
|turn|10
|inactive|youinjks has 120 seconds left.
|
|t:|1743796906
|switch|p1a: Pelipper|Pelipper, F|67/100
|-weather|RainDance|[from] ability: Drizzle|[of] p1a: Pelipper
|move|p2a: Ursaluna|Facade|p1a: Pelipper
|-damage|p1a: Pelipper|0 fnt
|faint|p1a: Pelipper
|
|-weather|RainDance|[upkeep]
|-damage|p2a: Ursaluna|94/100 brn|[from] brn
|upkeep
|
|t:|1743796918
|switch|p1a: Pikachu|Pikachu-World, M|100/100
|turn|11
|
|t:|1743796923
|move|p1a: Pikachu|Grass Knot|p2a: Ursaluna
|-supereffective|p2a: Ursaluna
|-crit|p2a: Ursaluna
|-damage|p2a: Ursaluna|0 fnt
|faint|p2a: Ursaluna
|
|-weather|RainDance|[upkeep]
|-sideend|p2: josu1910|Reflect
|upkeep
|
|t:|1743796938
|switch|p2a: Goodra|Goodra-Hisui, M|100/100
|turn|12
|inactive|youinjks has 120 seconds left.
|inactive|youinjks has 90 seconds left.
|
|t:|1743797007
|switch|p1a: Great Tusk|Great Tusk|100/100
|move|p2a: Goodra|Heavy Slam|p1a: Great Tusk
|-damage|p1a: Great Tusk|91/100
|-damage|p2a: Goodra|84/100|[from] item: Rocky Helmet|[of] p1a: Great Tusk
|
|-weather|RainDance|[upkeep]
|-heal|p2a: Goodra|90/100|[from] item: Leftovers
|upkeep
|turn|13
|inactive|youinjks has 60 seconds left.
|inactive|josu1910 has 120 seconds left.
|
|t:|1743797043
|move|p2a: Goodra|Protect|p2a: Goodra
|-singleturn|p2a: Goodra|Protect
|move|p1a: Great Tusk|Stealth Rock|p2a: Goodra
|-sidestart|p2: josu1910|move: Stealth Rock
|
|-weather|RainDance|[upkeep]
|-heal|p2a: Goodra|96/100|[from] item: Leftovers
|upkeep
|turn|14
|inactive|josu1910 has 120 seconds left.
|inactive|youinjks has 60 seconds left.
|
|t:|1743797057
|switch|p2a: Moltres|Moltres|86/100
|-damage|p2a: Moltres|36/100|[from] Stealth Rock
|move|p1a: Great Tusk|Ice Spinner|p2a: Moltres
|-damage|p2a: Moltres|6/100
|
|-weather|none
|upkeep
|turn|15
|inactive|josu1910 has 120 seconds left.
|inactive|youinjks has 60 seconds left.
|
|t:|1743797077
|-end|p1a: Great Tusk|Protosynthesis|[silent]
|switch|p1a: Zapdos|Zapdos|82/100
|move|p2a: Moltres|Roost|p2a: Moltres
|-heal|p2a: Moltres|57/100
|-singleturn|p2a: Moltres|move: Roost
|
|upkeep
|turn|16
|inactive|youinjks has 60 seconds left.
|
|t:|1743797087
|move|p2a: Moltres|Will-O-Wisp|p1a: Zapdos
|-status|p1a: Zapdos|brn
|move|p1a: Zapdos|Volt Switch|p2a: Moltres
|-supereffective|p2a: Moltres
|-damage|p2a: Moltres|0 fnt
|faint|p2a: Moltres
|inactive|youinjks has 60 seconds left.
|
|t:|1743797099
|switch|p1a: Blaziken|Blaziken, F|67/100|[from] Volt Switch
|
|upkeep
|inactive|josu1910 has 120 seconds left.
|
|t:|1743797114
|switch|p2a: Primarina|Primarina, M, tera:Poison|65/100 par
|-damage|p2a: Primarina|53/100 par|[from] Stealth Rock
|turn|17
|
|t:|1743797123
|move|p1a: Blaziken|Flare Blitz|p2a: Primarina
|-damage|p2a: Primarina|0 fnt
|faint|p2a: Primarina
|-damage|p1a: Blaziken|46/100|[from] Recoil
|-damage|p1a: Blaziken|36/100|[from] item: Life Orb
|
|-ability|p1a: Blaziken|Speed Boost|boost
|-boost|p1a: Blaziken|spe|1
|upkeep
|inactive|josu1910 has 120 seconds left.
|
|t:|1743797136
|switch|p2a: Meowscarada|Meowscarada, M|91/100
|-damage|p2a: Meowscarada|79/100|[from] Stealth Rock
|turn|18
|inactive|josu1910 has 120 seconds left.
|
|t:|1743797151
|move|p1a: Blaziken|Flare Blitz|p2a: Meowscarada
|-supereffective|p2a: Meowscarada
|-damage|p2a: Meowscarada|0 fnt
|faint|p2a: Meowscarada
|-damage|p1a: Blaziken|10/100|[from] Recoil
|-damage|p1a: Blaziken|0 fnt|[from] item: Life Orb
|faint|p1a: Blaziken
|
|upkeep
|inactive|josu1910 has 120 seconds left.
|inactive|youinjks has 60 seconds left.
|
|t:|1743797168
|switch|p2a: Goodra|Goodra-Hisui, M|96/100
|switch|p1a: Dragapult|Dragapult, M|100/100
|-damage|p2a: Goodra|90/100|[from] Stealth Rock
|turn|19
|inactive|youinjks has 60 seconds left.
|inactive|josu1910 has 120 seconds left.
|
|t:|1743797179
|move|p1a: Dragapult|Draco Meteor|p2a: Goodra
|-damage|p2a: Goodra|30/100
|-unboost|p1a: Dragapult|spa|2
|move|p2a: Goodra|Dragon Claw|p1a: Dragapult
|-supereffective|p1a: Dragapult
|-damage|p1a: Dragapult|27/100
|
|-heal|p2a: Goodra|36/100|[from] item: Leftovers
|upkeep
|turn|20
|inactive|youinjks has 60 seconds left.
|
|t:|1743797191
|switch|p1a: Great Tusk|Great Tusk|91/100
|move|p2a: Goodra|Protect||[still]
|-fail|p2a: Goodra
|
|-heal|p2a: Goodra|43/100|[from] item: Leftovers
|upkeep
|turn|21
|
|t:|1743797199
|switch|p2a: Gholdengo|Gholdengo|100/100
|-damage|p2a: Gholdengo|94/100|[from] Stealth Rock
|move|p1a: Great Tusk|Headlong Rush|p2a: Gholdengo
|-supereffective|p2a: Gholdengo
|-damage|p2a: Gholdengo|0 fnt
|-unboost|p1a: Great Tusk|def|1
|-unboost|p1a: Great Tusk|spd|1
|faint|p2a: Gholdengo
|
|upkeep
|
|t:|1743797209
|switch|p2a: Goodra|Goodra-Hisui, M|43/100
|-damage|p2a: Goodra|36/100|[from] Stealth Rock
|turn|22
|
|t:|1743797217
|move|p1a: Great Tusk|Ice Spinner|p2a: Goodra
|-damage|p2a: Goodra|16/100
|move|p2a: Goodra|Heavy Slam|p1a: Great Tusk
|-damage|p1a: Great Tusk|76/100
|-damage|p2a: Goodra|0 fnt|[from] item: Rocky Helmet|[of] p1a: Great Tusk
|faint|p2a: Goodra
|
|win|youinjks
|raw|youinjks's rating: 1067 &rarr; <strong>1100</strong><br />(+33 for winning)
|raw|josu1910's rating: 1102 &rarr; <strong>1074</strong><br />(-28 for losing)
|l|☆josu1910
|player|p2|
|l|☆youinjks
|player|p1|
