|j|☆stampedfish
|j|☆seba estra
|t:|1743794597
|gametype|singles
|player|p1|stampedfish|266|1105
|player|p2|seba estra|266|1140
|teamsize|p1|6
|teamsize|p2|6
|gen|9
|tier|[Gen 9] OU
|rated|
|rule|HP Percentage Mod: HP is shown in percentages
|rule|Endless Battle Clause: Forcing endless battles is banned
|rule|Species Clause: Limit one of each Pokémon
|rule|OHKO Clause: OHKO moves are banned
|rule|Evasion Items Clause: Evasion items are banned
|rule|Evasion Moves Clause: Evasion moves are banned
|rule|Sleep Moves Clause: Sleep-inducing moves are banned
|clearpoke
|poke|p1|Maushold-Four|
|poke|p1|Sandy Shocks|
|poke|p1|Meowscarada, F|
|poke|p1|Greninja-*, M|
|poke|p1|Dragapult, M|
|poke|p1|Iron Valiant|
|poke|p2|Seviper, F|
|poke|p2|Arbok, F|
|poke|p2|Dunsparce, F|
|poke|p2|Milotic, F|
|poke|p2|Serperior, F|
|poke|p2|Sandaconda, F|
|teampreview
|
|t:|1743794610
|start
|switch|p1a: Maushold|Maushold-Four, shiny|100/100
|switch|p2a: Dunsparce|Dunsparce, F, shiny|100/100
|turn|1
|c|☆stampedfish|dunsparce?
|inactive|Battle timer is ON: inactive players will automatically lose when time's up. (requested by seba estra)
|
|t:|1743794619
|move|p1a: Maushold|Population Bomb|p2a: Dunsparce
|-damage|p2a: Dunsparce|91/100
|-crit|p2a: Dunsparce
|-damage|p2a: Dunsparce|78/100
|-damage|p2a: Dunsparce|69/100
|-damage|p2a: Dunsparce|60/100
|-damage|p2a: Dunsparce|52/100
|-damage|p2a: Dunsparce|42/100
|-damage|p2a: Dunsparce|33/100
|-damage|p2a: Dunsparce|24/100
|-damage|p2a: Dunsparce|15/100
|-damage|p2a: Dunsparce|6/100
|-hitcount|p2a: Dunsparce|10
|move|p2a: Dunsparce|Body Slam|p1a: Maushold
|-damage|p1a: Maushold|58/100
|-status|p1a: Maushold|par
|
|upkeep
|turn|2
|
|t:|1743794637
|-terastallize|p2a: Dunsparce|Ghost
|move|p1a: Maushold|Population Bomb|p2a: Dunsparce
|-immune|p2a: Dunsparce
|move|p2a: Dunsparce|Coil|p2a: Dunsparce
|-boost|p2a: Dunsparce|atk|1
|-boost|p2a: Dunsparce|def|1
|-boost|p2a: Dunsparce|accuracy|1
|
|upkeep
|turn|3
|
|t:|1743794647
|move|p1a: Maushold|Bite|p2a: Dunsparce
|-supereffective|p2a: Dunsparce
|-crit|p2a: Dunsparce
|-damage|p2a: Dunsparce|0 fnt
|faint|p2a: Dunsparce
|
|upkeep
|
|t:|1743794654
|switch|p2a: Sandaconda|Sandaconda, F, shiny|100/100
|turn|4
|
|t:|1743794657
|move|p2a: Sandaconda|Coil|p2a: Sandaconda
|-boost|p2a: Sandaconda|atk|1
|-boost|p2a: Sandaconda|def|1
|-boost|p2a: Sandaconda|accuracy|1
|cant|p1a: Maushold|par
|
|upkeep
|turn|5
|
|t:|1743794675
|move|p2a: Sandaconda|Rock Slide|p1a: Maushold
|-damage|p1a: Maushold|16/100 par
|cant|p1a: Maushold|flinch
|
|upkeep
|turn|6
|
|t:|1743794682
|move|p2a: Sandaconda|Rock Slide|p1a: Maushold
|-crit|p1a: Maushold
|-damage|p1a: Maushold|0 fnt
|faint|p1a: Maushold
|
|upkeep
|
|t:|1743794691
|switch|p1a: Greninja|Greninja, M, shiny|100/100
|turn|7
|
|t:|1743794703
|move|p1a: Greninja|Surf|p2a: Sandaconda
|-start|p1a: Greninja|typechange|Water|[from] ability: Protean
|-supereffective|p2a: Sandaconda
|-damage|p2a: Sandaconda|0 fnt
|-weather|Sandstorm|[from] ability: Sand Spit|[of] p2a: Sandaconda
|faint|p2a: Sandaconda
|
|-weather|Sandstorm|[upkeep]
|-damage|p1a: Greninja|95/100|[from] Sandstorm
|upkeep
|
|t:|1743794706
|switch|p2a: Serperior|Serperior, F, shiny|100/100
|turn|8
|
|t:|1743794720
|switch|p1a: Meowscarada|Meowscarada, F|100/100
|move|p2a: Serperior|Substitute|p2a: Serperior
|-start|p2a: Serperior|Substitute
|-damage|p2a: Serperior|75/100
|
|-weather|Sandstorm|[upkeep]
|-damage|p1a: Meowscarada|94/100|[from] Sandstorm
|-damage|p2a: Serperior|69/100|[from] Sandstorm
|-heal|p2a: Serperior|75/100|[from] item: Leftovers
|upkeep
|turn|9
|
|t:|1743794731
|move|p1a: Meowscarada|Triple Axel|p2a: Serperior
|-start|p1a: Meowscarada|typechange|Ice|[from] ability: Protean
|-supereffective|p2a: Serperior
|-activate|p2a: Serperior|move: Substitute|[damage]
|-supereffective|p2a: Serperior
|-end|p2a: Serperior|Substitute
|-supereffective|p2a: Serperior
|-damage|p2a: Serperior|7/100
|-hitcount|p2a: Serperior|3
|-damage|p1a: Meowscarada|84/100|[from] item: Life Orb
|move|p2a: Serperior|Leaf Storm|p1a: Meowscarada
|-damage|p1a: Meowscarada|22/100
|-boost|p2a: Serperior|spa|2
|
|-weather|Sandstorm|[upkeep]
|-damage|p1a: Meowscarada|16/100|[from] Sandstorm
|-damage|p2a: Serperior|1/100|[from] Sandstorm
|-heal|p2a: Serperior|7/100|[from] item: Leftovers
|upkeep
|turn|10
|
|t:|1743794749
|move|p1a: Meowscarada|U-turn|p2a: Serperior
|-supereffective|p2a: Serperior
|-damage|p2a: Serperior|0 fnt
|faint|p2a: Serperior
|-damage|p1a: Meowscarada|6/100|[from] item: Life Orb
|-message|seba estra forfeited.
|
|win|stampedfish
|raw|stampedfish's rating: 1105 &rarr; <strong>1134</strong><br />(+29 for winning)
|raw|seba estra's rating: 1166 &rarr; <strong>1137</strong><br />(-29 for losing)
|l|☆seba estra
|player|p2|
|l|☆stampedfish
|player|p1|
