|j|☆aex27
|j|☆Pha948
|t:|1743849284
|gametype|singles
|player|p1|aex27|cynthia-gen4|1414
|player|p2|Pha948|2|1426
|teamsize|p1|6
|teamsize|p2|6
|gen|9
|tier|[Gen 9] OU
|rated|
|rule|HP Percentage Mod: HP is shown in percentages
|rule|Endless Battle Clause: Forcing endless battles is banned
|rule|Species Clause: Limit one of each Pokémon
|rule|OHKO Clause: OHKO moves are banned
|rule|Evasion Items Clause: Evasion items are banned
|rule|Evasion Moves Clause: Evasion moves are banned
|rule|Sleep Moves Clause: Sleep-inducing moves are banned
|clearpoke
|poke|p1|Enamorus, F|
|poke|p1|Ribombee, M|
|poke|p1|Gholdengo|
|poke|p1|Landorus-Therian, M|
|poke|p1|Weavile, F|
|poke|p1|Serperior, F|
|poke|p2|Glimmora, M|
|poke|p2|Moltres|
|poke|p2|Pecharunt|
|poke|p2|Dragapult, M|
|poke|p2|Serperior, M|
|poke|p2|Scizor, F|
|teampreview
|
|t:|1743849305
|start
|switch|p1a: Ribombee|Ribombee, M|100/100
|switch|p2a: Scizor|Scizor, F|100/100
|turn|1
|
|t:|1743849310
|move|p2a: Scizor|Bullet Punch|p1a: Ribombee
|-supereffective|p1a: Ribombee
|-enditem|p1a: Ribombee|Focus Sash
|-damage|p1a: Ribombee|1/100
|move|p1a: Ribombee|Sticky Web|p2a: Scizor
|-sidestart|p2: Pha948|move: Sticky Web
|
|upkeep
|turn|2
|
|t:|1743849312
|move|p2a: Scizor|Bullet Punch|p1a: Ribombee
|-supereffective|p1a: Ribombee
|-damage|p1a: Ribombee|0 fnt
|faint|p1a: Ribombee
|
|upkeep
|
|t:|1743849321
|switch|p1a: Landorus|Landorus-Therian, M|100/100
|-ability|p1a: Landorus|Intimidate|boost
|-unboost|p2a: Scizor|atk|1
|turn|3
|
|t:|1743849329
|switch|p2a: Moltres|Moltres|100/100
|move|p1a: Landorus|Stealth Rock|p2a: Moltres
|-sidestart|p2: Pha948|move: Stealth Rock
|
|upkeep
|turn|4
|
|t:|1743849337
|move|p1a: Landorus|U-turn|p2a: Moltres
|-resisted|p2a: Moltres
|-damage|p2a: Moltres|96/100
|-status|p1a: Landorus|brn|[from] ability: Flame Body|[of] p2a: Moltres
|
|t:|1743849384
|switch|p1a: Weavile|Weavile, F|100/100|[from] U-turn
|-ability|p1a: Weavile|Pressure
|move|p2a: Moltres|Flamethrower|p1a: Weavile
|-supereffective|p1a: Weavile
|-damage|p1a: Weavile|0 fnt
|faint|p1a: Weavile
|
|upkeep
|
|t:|1743849397
|switch|p1a: Gholdengo|Gholdengo|100/100
|-item|p1a: Gholdengo|Air Balloon
|turn|5
|
|t:|1743849408
|move|p1a: Gholdengo|Thunder Wave|p2a: Moltres
|-status|p2a: Moltres|par
|move|p2a: Moltres|Flamethrower|p1a: Gholdengo
|-supereffective|p1a: Gholdengo
|-damage|p1a: Gholdengo|7/100
|-enditem|p1a: Gholdengo|Air Balloon
|
|upkeep
|turn|6
|
|t:|1743849416
|move|p1a: Gholdengo|Make It Rain|p2a: Moltres
|-resisted|p2a: Moltres
|-crit|p2a: Moltres
|-damage|p2a: Moltres|60/100 par
|-unboost|p1a: Gholdengo|spa|1
|cant|p2a: Moltres|par
|
|upkeep
|turn|7
|
|t:|1743849424
|move|p1a: Gholdengo|Make It Rain|p2a: Moltres
|-resisted|p2a: Moltres
|-damage|p2a: Moltres|46/100 par
|-unboost|p1a: Gholdengo|spa|1
|move|p2a: Moltres|Flamethrower|p1a: Gholdengo
|-supereffective|p1a: Gholdengo
|-damage|p1a: Gholdengo|0 fnt
|faint|p1a: Gholdengo
|
|upkeep
|
|t:|1743849431
|switch|p1a: Enamorus|Enamorus, F|100/100
|turn|8
|
|t:|1743849439
|-terastallize|p1a: Enamorus|Stellar
|move|p1a: Enamorus|Tera Blast|p2a: Moltres|[anim] Tera Blast Stellar
|-damage|p2a: Moltres|0 fnt
|-boost|p1a: Enamorus|atk|1
|-boost|p1a: Enamorus|spa|1
|faint|p2a: Moltres
|
|upkeep
|inactive|Battle timer is ON: inactive players will automatically lose when time's up. (requested by aex27)
|
|t:|1743849454
|switch|p2a: Serperior|Serperior, M|100/100
|-activate|p2a: Serperior|move: Sticky Web
|-boost|p2a: Serperior|spe|1
|-damage|p2a: Serperior|88/100|[from] Stealth Rock
|turn|9
|
|t:|1743849458
|move|p2a: Serperior|Leaf Storm|p1a: Enamorus
|-resisted|p1a: Enamorus
|-damage|p1a: Enamorus|75/100
|-boost|p2a: Serperior|spa|2
|move|p1a: Enamorus|Tera Blast|p2a: Serperior|[anim] Tera Blast Stellar
|-crit|p2a: Serperior
|-damage|p2a: Serperior|0 fnt
|-boost|p1a: Enamorus|atk|1
|-boost|p1a: Enamorus|spa|1
|faint|p2a: Serperior
|
|upkeep
|
|t:|1743849468
|switch|p2a: Scizor|Scizor, F|100/100
|-activate|p2a: Scizor|move: Sticky Web
|-unboost|p2a: Scizor|spe|1
|-damage|p2a: Scizor|88/100|[from] Stealth Rock
|turn|10
|
|t:|1743849480
|-terastallize|p2a: Scizor|Steel
|move|p2a: Scizor|Bullet Punch|p1a: Enamorus
|-supereffective|p1a: Enamorus
|-damage|p1a: Enamorus|0 fnt
|faint|p1a: Enamorus
|
|upkeep
|
|t:|1743849488
|switch|p1a: Landorus|Landorus-Therian, M|100/100 brn
|-ability|p1a: Landorus|Intimidate|boost
|-unboost|p2a: Scizor|atk|1
|turn|11
|
|t:|1743849493
|switch|p2a: Dragapult|Dragapult, M|100/100
|move|p1a: Landorus|Earth Power|p2a: Dragapult
|-damage|p2a: Dragapult|53/100
|
|-damage|p1a: Landorus|94/100 brn|[from] brn
|upkeep
|turn|12
|
|t:|1743849498
|move|p2a: Dragapult|Hex|p1a: Landorus
|-damage|p1a: Landorus|36/100 brn
|move|p1a: Landorus|Earth Power|p2a: Dragapult
|-damage|p2a: Dragapult|0 fnt
|faint|p2a: Dragapult
|
|-damage|p1a: Landorus|30/100 brn|[from] brn
|upkeep
|
|t:|1743849511
|switch|p2a: Pecharunt|Pecharunt|100/100
|turn|13
|
|t:|1743849515
|move|p1a: Landorus|Earth Power|p2a: Pecharunt
|-supereffective|p2a: Pecharunt
|-damage|p2a: Pecharunt|35/100
|move|p2a: Pecharunt|Hex|p1a: Landorus
|-damage|p1a: Landorus|0 fnt
|faint|p1a: Landorus
|
|upkeep
|
|t:|1743849518
|switch|p1a: Serperior|Serperior, F|100/100
|turn|14
|
|t:|1743849520
|move|p1a: Serperior|Substitute|p1a: Serperior
|-start|p1a: Serperior|Substitute
|-damage|p1a: Serperior|75/100
|move|p2a: Pecharunt|Malignant Chain|p1a: Serperior
|-supereffective|p1a: Serperior
|-end|p1a: Serperior|Substitute
|
|-heal|p1a: Serperior|82/100|[from] item: Leftovers
|upkeep
|turn|15
|
|t:|1743849527
|move|p1a: Serperior|Glare|p2a: Pecharunt
|-status|p2a: Pecharunt|par
|move|p2a: Pecharunt|Malignant Chain|p1a: Serperior
|-supereffective|p1a: Serperior
|-damage|p1a: Serperior|5/100
|-status|p1a: Serperior|tox
|-start|p1a: Serperior|confusion|[from] ability: Poison Puppeteer|[of] p2a: Pecharunt
|
|-heal|p1a: Serperior|11/100 tox|[from] item: Leftovers
|-damage|p1a: Serperior|5/100 tox|[from] psn
|upkeep
|turn|16
|
|t:|1743849542
|-activate|p1a: Serperior|confusion
|move|p1a: Serperior|Substitute|p1a: Serperior
|-fail|p1a: Serperior|move: Substitute|[weak]
|move|p2a: Pecharunt|Recover|p2a: Pecharunt
|-heal|p2a: Pecharunt|85/100 par
|
|-heal|p1a: Serperior|11/100 tox|[from] item: Leftovers
|-damage|p1a: Serperior|0 fnt|[from] psn
|faint|p1a: Serperior
|
|win|Pha948
|raw|aex27's rating: 1414 &rarr; <strong>1395</strong><br />(-19 for losing)
|raw|Pha948's rating: 1426 &rarr; <strong>1445</strong><br />(+19 for winning)
|l|☆Pha948
|player|p2|
|l|☆aex27
|player|p1|
