|j|☆proman123lol
|j|☆jushudawu
|t:|1743827193
|gametype|singles
|player|p1|proman123lol|266|1050
|player|p2|jushudawu|steven-masters2|1057
|teamsize|p1|6
|teamsize|p2|6
|gen|9
|tier|[Gen 9] OU
|rated|
|rule|HP Percentage Mod: HP is shown in percentages
|rule|Endless Battle Clause: Forcing endless battles is banned
|rule|Species Clause: Limit one of each Pokémon
|rule|OHKO Clause: OHKO moves are banned
|rule|Evasion Items Clause: Evasion items are banned
|rule|Evasion Moves Clause: Evasion moves are banned
|rule|Sleep Moves Clause: Sleep-inducing moves are banned
|clearpoke
|poke|p1|Gliscor, F|
|poke|p1|Blaziken, F|
|poke|p1|Regidrago|
|poke|p1|Sunflora, F|
|poke|p1|Lapras, M|
|poke|p1|Kingambit, F|
|poke|p2|Iron Valiant|
|poke|p2|Great Tusk|
|poke|p2|Gholdengo|
|poke|p2|Rotom-Wash|
|poke|p2|Kingambit, M|
|poke|p2|Sandy Shocks|
|teampreview
|
|t:|1743827207
|start
|switch|p1a: Gliscor|Gliscor, F|100/100
|switch|p2a: Rotom|Rotom-Wash|100/100
|turn|1
|
|t:|1743827217
|move|p1a: Gliscor|Protect|p1a: Gliscor
|-singleturn|p1a: Gliscor|Protect
|move|p2a: Rotom|Hydro Pump|p1a: Gliscor
|-activate|p1a: Gliscor|move: Protect
|
|-status|p1a: Gliscor|tox|[from] item: Toxic Orb
|upkeep
|turn|2
|
|t:|1743827234
|switch|p2a: Sandy Shocks|Sandy Shocks|100/100
|-terastallize|p1a: Gliscor|Water
|move|p1a: Gliscor|Toxic|p2a: Sandy Shocks
|-status|p2a: Sandy Shocks|tox
|
|-damage|p2a: Sandy Shocks|94/100 tox|[from] psn
|upkeep
|turn|3
|
|t:|1743827251
|move|p1a: Gliscor|Protect|p1a: Gliscor
|-singleturn|p1a: Gliscor|Protect
|move|p2a: Sandy Shocks|Spikes|p1a: Gliscor
|-sidestart|p1: proman123lol|Spikes
|
|-heal|p2a: Sandy Shocks|100/100 tox|[from] item: Leftovers
|-damage|p2a: Sandy Shocks|88/100 tox|[from] psn
|upkeep
|turn|4
|
|t:|1743827259
|move|p2a: Sandy Shocks|Thunderbolt|p1a: Gliscor
|-supereffective|p1a: Gliscor
|-crit|p1a: Gliscor
|-damage|p1a: Gliscor|0 fnt
|faint|p1a: Gliscor
|
|-heal|p2a: Sandy Shocks|94/100 tox|[from] item: Leftovers
|-damage|p2a: Sandy Shocks|76/100 tox|[from] psn
|upkeep
|
|t:|1743827271
|switch|p1a: Sunflora|Sunflora, F|100/100
|-damage|p1a: Sunflora|88/100|[from] Spikes
|turn|5
|
|t:|1743827277
|move|p2a: Sandy Shocks|Spikes|p1a: Sunflora
|-sidestart|p1: proman123lol|Spikes
|move|p1a: Sunflora|Sunny Day|p1a: Sunflora
|-weather|SunnyDay
|-activate|p2a: Sandy Shocks|ability: Protosynthesis
|-start|p2a: Sandy Shocks|protosynthesisspa
|
|-weather|SunnyDay|[upkeep]
|-heal|p1a: Sunflora|94/100|[from] item: Leftovers
|-heal|p2a: Sandy Shocks|82/100 tox|[from] item: Leftovers
|-damage|p2a: Sandy Shocks|58/100 tox|[from] psn
|upkeep
|turn|6
|
|t:|1743827287
|move|p1a: Sunflora|Dazzling Gleam|p2a: Sandy Shocks
|-damage|p2a: Sandy Shocks|33/100 tox
|move|p2a: Sandy Shocks|Spikes|p1a: Sunflora
|-sidestart|p1: proman123lol|Spikes
|
|-weather|SunnyDay|[upkeep]
|-heal|p1a: Sunflora|100/100|[from] item: Leftovers
|-heal|p2a: Sandy Shocks|39/100 tox|[from] item: Leftovers
|-damage|p2a: Sandy Shocks|8/100 tox|[from] psn
|upkeep
|turn|7
|
|t:|1743827296
|move|p1a: Sunflora|Leech Seed|p2a: Sandy Shocks
|-start|p2a: Sandy Shocks|move: Leech Seed
|move|p2a: Sandy Shocks|Thunderbolt|p1a: Sunflora
|-resisted|p1a: Sunflora
|-damage|p1a: Sunflora|68/100
|
|-weather|SunnyDay|[upkeep]
|-heal|p1a: Sunflora|74/100|[from] item: Leftovers
|-heal|p2a: Sandy Shocks|14/100 tox|[from] item: Leftovers
|-damage|p2a: Sandy Shocks|2/100 tox|[from] Leech Seed|[of] p1a: Sunflora
|-heal|p1a: Sunflora|85/100|[silent]
|-damage|p2a: Sandy Shocks|0 fnt|[from] psn
|faint|p2a: Sandy Shocks
|-end|p2a: Sandy Shocks|Protosynthesis|[silent]
|upkeep
|
|t:|1743827309
|switch|p2a: Kingambit|Kingambit, M|100/100
|-activate|p2a: Kingambit|ability: Supreme Overlord
|-start|p2a: Kingambit|fallen1|[silent]
|turn|8
|
|t:|1743827313
|move|p1a: Sunflora|Weather Ball|p2a: Kingambit
|-supereffective|p2a: Kingambit
|-damage|p2a: Kingambit|30/100
|move|p2a: Kingambit|Kowtow Cleave|p1a: Sunflora
|-damage|p1a: Sunflora|0 fnt
|faint|p1a: Sunflora
|
|-weather|SunnyDay|[upkeep]
|upkeep
|
|t:|1743827323
|switch|p1a: Lapras|Lapras, M|100/100
|turn|9
|
|t:|1743827333
|-end|p2a: Kingambit|fallen1|[silent]
|switch|p2a: Rotom|Rotom-Wash|100/100
|move|p1a: Lapras|Freeze-Dry|p2a: Rotom
|-supereffective|p2a: Rotom
|-damage|p2a: Rotom|23/100
|
|-weather|none
|upkeep
|turn|10
|
|t:|1743827349
|switch|p1a: Regidrago|Regidrago|100/100
|-damage|p1a: Regidrago|76/100|[from] Spikes
|move|p2a: Rotom|Volt Switch|p1a: Regidrago
|-resisted|p1a: Regidrago
|-damage|p1a: Regidrago|57/100
|
|t:|1743827353
|switch|p2a: Iron Valiant|Iron Valiant|100/100|[from] Volt Switch
|-enditem|p2a: Iron Valiant|Booster Energy
|-activate|p2a: Iron Valiant|ability: Quark Drive|[fromitem]
|-start|p2a: Iron Valiant|quarkdrivespe
|
|upkeep
|turn|11
|
|t:|1743827370
|move|p2a: Iron Valiant|Calm Mind|p2a: Iron Valiant
|-boost|p2a: Iron Valiant|spa|1
|-boost|p2a: Iron Valiant|spd|1
|move|p1a: Regidrago|Earthquake|p2a: Iron Valiant
|-damage|p2a: Iron Valiant|65/100
|
|upkeep
|turn|12
|
|t:|1743827381
|switch|p1a: Kingambit|Kingambit, F|100/100
|-damage|p1a: Kingambit|76/100|[from] Spikes
|-activate|p1a: Kingambit|ability: Supreme Overlord
|-start|p1a: Kingambit|fallen2|[silent]
|move|p2a: Iron Valiant|Moonblast|p1a: Kingambit
|-damage|p1a: Kingambit|0 fnt
|faint|p1a: Kingambit
|-end|p1a: Kingambit|fallen2|[silent]
|
|upkeep
|
|t:|1743827391
|switch|p1a: Lapras|Lapras, M|100/100
|turn|13
|
|t:|1743827397
|move|p2a: Iron Valiant|Thunderbolt|p1a: Lapras
|-supereffective|p1a: Lapras
|-damage|p1a: Lapras|23/100
|move|p1a: Lapras|Hydro Pump|p2a: Iron Valiant
|-damage|p2a: Iron Valiant|7/100
|
|upkeep
|turn|14
|
|t:|1743827410
|move|p2a: Iron Valiant|Moonblast|p1a: Lapras
|-damage|p1a: Lapras|0 fnt
|faint|p1a: Lapras
|
|upkeep
|
|t:|1743827415
|switch|p1a: Blaziken|Blaziken, F|100/100
|-damage|p1a: Blaziken|76/100|[from] Spikes
|turn|15
|
|t:|1743827426
|move|p2a: Iron Valiant|Psyshock|p1a: Blaziken
|-supereffective|p1a: Blaziken
|-damage|p1a: Blaziken|0 fnt
|faint|p1a: Blaziken
|
|upkeep
|
|t:|1743827431
|switch|p1a: Regidrago|Regidrago|57/100
|-damage|p1a: Regidrago|32/100|[from] Spikes
|turn|16
|
|t:|1743827435
|move|p2a: Iron Valiant|Psyshock|p1a: Regidrago
|-damage|p1a: Regidrago|0 fnt
|faint|p1a: Regidrago
|
|win|jushudawu
|raw|proman123lol's rating: 1050 &rarr; <strong>1033</strong><br />(-17 for losing)
|raw|jushudawu's rating: 1057 &rarr; <strong>1088</strong><br />(+31 for winning)
|l|☆jushudawu
|player|p2|
