|j|☆ouvt zie
|j|☆54 Insane Rats
|t:|1743913033
|gametype|singles
|player|p1|ouvt zie|102|1622
|player|p2|54 Insane Rats|supernerd|1661
|teamsize|p1|6
|teamsize|p2|6
|gen|9
|tier|[Gen 9] OU
|rated|
|rule|HP Percentage Mod: HP is shown in percentages
|rule|Endless Battle Clause: Forcing endless battles is banned
|rule|Species Clause: Limit one of each Pokémon
|rule|OHKO Clause: OHKO moves are banned
|rule|Evasion Items Clause: Evasion items are banned
|rule|Evasion Moves Clause: Evasion moves are banned
|rule|Sleep Moves Clause: Sleep-inducing moves are banned
|clearpoke
|poke|p1|Araquanid, M|
|poke|p1|Raging Bolt|
|poke|p1|Iron Moth|
|poke|p1|Great Tusk|
|poke|p1|Gholdengo|
|poke|p1|Kingambit, F|
|poke|p2|Pelipper, F|
|poke|p2|Inteleon, M|
|poke|p2|Ogerpon-Wellspring, F|
|poke|p2|Barraskewda, M|
|poke|p2|Iron Treads|
|poke|p2|Pecharunt|
|teampreview
|inactive|Battle timer is ON: inactive players will automatically lose when time's up. (requested by 54 Insane Rats)
|
|t:|1743913046
|start
|switch|p1a: Araquanid|Araquanid, M|100/100
|switch|p2a: Inteleon|Inteleon, M|100/100
|turn|1
|
|t:|1743913048
|move|p2a: Inteleon|Air Cutter|p1a: Araquanid
|-supereffective|p1a: Araquanid
|-crit|p1a: Araquanid
|-damage|p1a: Araquanid|34/100
|move|p1a: Araquanid|Sticky Web|p2a: Inteleon
|-sidestart|p2: 54 Insane Rats|move: Sticky Web
|
|upkeep
|turn|2
|
|t:|1743913058
|switch|p1a: Raging Bolt|Raging Bolt|100/100
|-enditem|p1a: Raging Bolt|Booster Energy
|-activate|p1a: Raging Bolt|ability: Protosynthesis|[fromitem]
|-start|p1a: Raging Bolt|protosynthesisspa
|move|p2a: Inteleon|Ice Beam|p1a: Raging Bolt
|-supereffective|p1a: Raging Bolt
|-damage|p1a: Raging Bolt|43/100
|-status|p1a: Raging Bolt|frz
|
|upkeep
|turn|3
|
|t:|1743913064
|cant|p1a: Raging Bolt|frz
|move|p2a: Inteleon|Ice Beam|p1a: Raging Bolt
|-supereffective|p1a: Raging Bolt
|-crit|p1a: Raging Bolt
|-damage|p1a: Raging Bolt|0 fnt
|faint|p1a: Raging Bolt
|-end|p1a: Raging Bolt|Protosynthesis|[silent]
|
|upkeep
|
|t:|1743913070
|switch|p1a: Kingambit|Kingambit, F|100/100
|-activate|p1a: Kingambit|ability: Supreme Overlord
|-start|p1a: Kingambit|fallen1|[silent]
|turn|4
|
|t:|1743913073
|move|p2a: Inteleon|U-turn|p1a: Kingambit
|-damage|p1a: Kingambit|89/100
|
|t:|1743913074
|switch|p2a: Pelipper|Pelipper, F|100/100|[from] U-turn
|-weather|RainDance|[from] ability: Drizzle|[of] p2a: Pelipper
|move|p1a: Kingambit|Kowtow Cleave|p2a: Pelipper
|-damage|p2a: Pelipper|57/100
|
|-weather|RainDance|[upkeep]
|upkeep
|turn|5
|
|t:|1743913081
|move|p1a: Kingambit|Kowtow Cleave|p2a: Pelipper
|-damage|p2a: Pelipper|12/100
|move|p2a: Pelipper|U-turn|p1a: Kingambit
|-damage|p1a: Kingambit|82/100
|
|t:|1743913086
|switch|p2a: Iron Treads|Iron Treads|100/100|[from] U-turn
|-activate|p2a: Iron Treads|move: Sticky Web
|-unboost|p2a: Iron Treads|spe|1
|
|-weather|RainDance|[upkeep]
|upkeep
|turn|6
|
|t:|1743913092
|move|p2a: Iron Treads|Volt Switch|p1a: Kingambit
|-damage|p1a: Kingambit|69/100
|
|t:|1743913101
|-end|p2a: Iron Treads|Quark Drive|[silent]
|switch|p2a: Pelipper|Pelipper, F|12/100|[from] Volt Switch
|move|p1a: Kingambit|Kowtow Cleave|p2a: Pelipper
|-damage|p2a: Pelipper|0 fnt
|faint|p2a: Pelipper
|
|-weather|RainDance|[upkeep]
|upkeep
|
|t:|1743913103
|switch|p2a: Iron Treads|Iron Treads|100/100
|-activate|p2a: Iron Treads|move: Sticky Web
|-unboost|p2a: Iron Treads|spe|1
|turn|7
|j| rroge
|
|t:|1743913105
|-end|p1a: Kingambit|fallen1|[silent]
|switch|p1a: Gholdengo|Gholdengo|100/100
|-item|p1a: Gholdengo|Air Balloon
|move|p2a: Iron Treads|Volt Switch|p1a: Gholdengo
|-damage|p1a: Gholdengo|88/100
|-enditem|p1a: Gholdengo|Air Balloon
|j| Nap & Spite Inc
|
|t:|1743913108
|-end|p2a: Iron Treads|Quark Drive|[silent]
|switch|p2a: Barraskewda|Barraskewda, M|100/100|[from] Volt Switch
|-activate|p2a: Barraskewda|move: Sticky Web
|-unboost|p2a: Barraskewda|spe|1
|
|-weather|RainDance|[upkeep]
|upkeep
|turn|8
|
|t:|1743913112
|switch|p1a: Araquanid|Araquanid, M|34/100
|move|p2a: Barraskewda|Liquidation|p1a: Araquanid
|-resisted|p1a: Araquanid
|-damage|p1a: Araquanid|0 fnt
|faint|p1a: Araquanid
|
|-weather|RainDance|[upkeep]
|upkeep
|
|t:|1743913135
|switch|p1a: Great Tusk|Great Tusk|100/100
|-enditem|p1a: Great Tusk|Booster Energy
|-activate|p1a: Great Tusk|ability: Protosynthesis|[fromitem]
|-start|p1a: Great Tusk|protosynthesisatk
|turn|9
|
|t:|1743913144
|-terastallize|p1a: Great Tusk|Ice
|move|p2a: Barraskewda|Flip Turn|p1a: Great Tusk
|-damage|p1a: Great Tusk|53/100
|
|t:|1743913148
|switch|p2a: Ogerpon|Ogerpon-Wellspring, F|100/100|[from] Flip Turn
|-activate|p2a: Ogerpon|move: Sticky Web
|-unboost|p2a: Ogerpon|spe|1
|move|p1a: Great Tusk|Headlong Rush|p2a: Ogerpon
|-resisted|p2a: Ogerpon
|-damage|p2a: Ogerpon|45/100
|-unboost|p1a: Great Tusk|def|1
|-unboost|p1a: Great Tusk|spd|1
|
|-weather|RainDance|[upkeep]
|upkeep
|turn|10
|
|t:|1743913165
|move|p1a: Great Tusk|Headlong Rush|p2a: Ogerpon
|-resisted|p2a: Ogerpon
|-damage|p2a: Ogerpon|0 fnt
|-unboost|p1a: Great Tusk|def|1
|-unboost|p1a: Great Tusk|spd|1
|faint|p2a: Ogerpon
|
|-weather|RainDance|[upkeep]
|upkeep
|
|t:|1743913168
|switch|p2a: Barraskewda|Barraskewda, M|100/100
|-activate|p2a: Barraskewda|move: Sticky Web
|-unboost|p2a: Barraskewda|spe|1
|turn|11
|
|t:|1743913182
|-end|p1a: Great Tusk|Protosynthesis|[silent]
|switch|p1a: Gholdengo|Gholdengo|88/100
|move|p2a: Barraskewda|Liquidation|p1a: Gholdengo
|-damage|p1a: Gholdengo|0 fnt
|faint|p1a: Gholdengo
|
|-weather|none
|upkeep
|
|t:|1743913192
|switch|p1a: Great Tusk|Great Tusk, tera:Ice|53/100
|turn|12
|
|t:|1743913199
|switch|p2a: Inteleon|Inteleon, M|100/100
|-activate|p2a: Inteleon|move: Sticky Web
|-unboost|p2a: Inteleon|spe|1
|move|p1a: Great Tusk|Headlong Rush|p2a: Inteleon
|-crit|p2a: Inteleon
|-damage|p2a: Inteleon|0 fnt
|-unboost|p1a: Great Tusk|def|1
|-unboost|p1a: Great Tusk|spd|1
|faint|p2a: Inteleon
|
|upkeep
|
|t:|1743913208
|switch|p2a: Iron Treads|Iron Treads|100/100
|-activate|p2a: Iron Treads|move: Sticky Web
|-unboost|p2a: Iron Treads|spe|1
|turn|13
|j| Trucker Hat Mew
|
|t:|1743913213
|-terastallize|p2a: Iron Treads|Ghost
|move|p1a: Great Tusk|Headlong Rush|p2a: Iron Treads
|-damage|p2a: Iron Treads|43/100
|-unboost|p1a: Great Tusk|def|1
|-unboost|p1a: Great Tusk|spd|1
|move|p2a: Iron Treads|Rapid Spin|p1a: Great Tusk
|-damage|p1a: Great Tusk|31/100
|-boost|p2a: Iron Treads|spe|1
|-sideend|p2: 54 Insane Rats|Sticky Web|[from] move: Rapid Spin|[of] p2a: Iron Treads
|
|-heal|p2a: Iron Treads|49/100|[from] item: Leftovers
|upkeep
|turn|14
|
|t:|1743913219
|move|p2a: Iron Treads|Earthquake|p1a: Great Tusk
|-damage|p1a: Great Tusk|0 fnt
|faint|p1a: Great Tusk
|-end|p1a: Great Tusk|Protosynthesis|[silent]
|
|-heal|p2a: Iron Treads|56/100|[from] item: Leftovers
|upkeep
|
|t:|1743913235
|switch|p1a: Iron Moth|Iron Moth|100/100
|-enditem|p1a: Iron Moth|Booster Energy
|-activate|p1a: Iron Moth|ability: Quark Drive|[fromitem]
|-start|p1a: Iron Moth|quarkdrivespa
|turn|15
|l| rroge
|
|t:|1743913254
|-end|p2a: Iron Treads|Quark Drive|[silent]
|switch|p2a: Pecharunt|Pecharunt|100/100
|move|p1a: Iron Moth|Fiery Dance|p2a: Pecharunt
|-damage|p2a: Pecharunt|45/100
|
|upkeep
|turn|16
|
|t:|1743913267
|move|p1a: Iron Moth|Fiery Dance|p2a: Pecharunt
|-damage|p2a: Pecharunt|0 fnt
|-boost|p1a: Iron Moth|spa|1
|faint|p2a: Pecharunt
|
|upkeep
|
|t:|1743913269
|switch|p2a: Barraskewda|Barraskewda, M|100/100
|turn|17
|
|t:|1743913279
|move|p2a: Barraskewda|Flip Turn|p1a: Iron Moth
|-supereffective|p1a: Iron Moth
|-damage|p1a: Iron Moth|0 fnt
|faint|p1a: Iron Moth
|-end|p1a: Iron Moth|Quark Drive|[silent]
|
|t:|1743913282
|switch|p2a: Iron Treads|Iron Treads, tera:Ghost|56/100|[from] Flip Turn
|
|-heal|p2a: Iron Treads|62/100|[from] item: Leftovers
|upkeep
|
|t:|1743913283
|switch|p1a: Kingambit|Kingambit, F|69/100
|-activate|p1a: Kingambit|ability: Supreme Overlord
|-start|p1a: Kingambit|fallen5|[silent]
|turn|18
|
|t:|1743913289
|move|p1a: Kingambit|Sucker Punch|p2a: Iron Treads
|-supereffective|p2a: Iron Treads
|-damage|p2a: Iron Treads|0 fnt
|faint|p2a: Iron Treads
|-end|p2a: Iron Treads|Quark Drive|[silent]
|
|upkeep
|
|t:|1743913290
|switch|p2a: Barraskewda|Barraskewda, M|100/100
|turn|19
|
|t:|1743913317
|move|p1a: Kingambit|Sucker Punch||[still]
|-fail|p1a: Kingambit
|move|p2a: Barraskewda|Substitute|p2a: Barraskewda
|-start|p2a: Barraskewda|Substitute
|-damage|p2a: Barraskewda|76/100
|
|upkeep
|turn|20
|
|t:|1743913322
|move|p2a: Barraskewda|Liquidation|p1a: Kingambit
|-damage|p1a: Kingambit|19/100
|-unboost|p1a: Kingambit|def|1
|move|p1a: Kingambit|Kowtow Cleave|p2a: Barraskewda
|-end|p2a: Barraskewda|Substitute
|
|upkeep
|turn|21
|
|t:|1743913326
|move|p2a: Barraskewda|Substitute|p2a: Barraskewda
|-start|p2a: Barraskewda|Substitute
|-damage|p2a: Barraskewda|51/100
|move|p1a: Kingambit|Kowtow Cleave|p2a: Barraskewda
|-end|p2a: Barraskewda|Substitute
|
|upkeep
|turn|22
|
|t:|1743913329
|move|p1a: Kingambit|Sucker Punch||[still]
|-fail|p1a: Kingambit
|move|p2a: Barraskewda|Substitute|p2a: Barraskewda
|-start|p2a: Barraskewda|Substitute
|-damage|p2a: Barraskewda|26/100
|
|upkeep
|turn|23
|
|t:|1743913331
|move|p1a: Kingambit|Sucker Punch|p2a: Barraskewda
|-end|p2a: Barraskewda|Substitute
|move|p2a: Barraskewda|Liquidation|p1a: Kingambit
|-crit|p1a: Kingambit
|-damage|p1a: Kingambit|0 fnt
|faint|p1a: Kingambit
|-end|p1a: Kingambit|fallen5|[silent]
|
|win|54 Insane Rats
|raw|ouvt zie's rating: 1622 &rarr; <strong>1604</strong><br />(-18 for losing)
|raw|54 Insane Rats's rating: 1661 &rarr; <strong>1679</strong><br />(+18 for winning)
|l| Trucker Hat Mew
|l|☆ouvt zie
|player|p1|
|l|☆54 Insane Rats
|player|p2|
