|j|☆xiyihi
|j|☆letsbattlemanggwp
|t:|1743827546
|gametype|singles
|player|p1|xiyihi|pokemonbreeder|1113
|player|p2|letsbattlemanggwp|waiter|1112
|teamsize|p1|6
|teamsize|p2|6
|gen|9
|tier|[Gen 9] OU
|rated|
|rule|HP Percentage Mod: HP is shown in percentages
|rule|Endless Battle Clause: Forcing endless battles is banned
|rule|Species Clause: Limit one of each Pokémon
|rule|OHKO Clause: OHKO moves are banned
|rule|Evasion Items Clause: Evasion items are banned
|rule|Evasion Moves Clause: Evasion moves are banned
|rule|Sleep Moves Clause: Sleep-inducing moves are banned
|clearpoke
|poke|p1|Landorus-Therian, M|
|poke|p1|Gholdengo|
|poke|p1|Iron Valiant|
|poke|p1|Meowscarada, M|
|poke|p1|Samurott-Hisui, M|
|poke|p1|Arcanine-Hisui, M|
|poke|p2|Hippowdon, M|
|poke|p2|Donphan, F|
|poke|p2|Ursaluna, F|
|poke|p2|Sandaconda, F|
|poke|p2|Sandslash, M|
|poke|p2|Krookodile, F|
|teampreview
|inactive|Battle timer is ON: inactive players will automatically lose when time's up. (requested by letsbattlemanggwp)
|
|t:|1743827579
|start
|switch|p1a: Meowscarada|Meowscarada, M|100/100
|switch|p2a: Hippowdon|Hippowdon, M|100/100
|-weather|Sandstorm|[from] ability: Sand Stream|[of] p2a: Hippowdon
|turn|1
|
|t:|1743827588
|move|p1a: Meowscarada|Knock Off|p2a: Hippowdon
|-start|p1a: Meowscarada|typechange|Dark|[from] ability: Protean
|-damage|p2a: Hippowdon|70/100
|-enditem|p2a: Hippowdon|Choice Band|[from] move: Knock Off|[of] p1a: Meowscarada
|move|p2a: Hippowdon|Heavy Slam|p1a: Meowscarada
|-damage|p1a: Meowscarada|47/100
|
|-weather|Sandstorm|[upkeep]
|-damage|p1a: Meowscarada|40/100|[from] Sandstorm
|upkeep
|turn|2
|
|t:|1743827601
|move|p1a: Meowscarada|U-turn|p2a: Hippowdon
|-damage|p2a: Hippowdon|55/100
|
|t:|1743827604
|switch|p1a: Landorus|Landorus-Therian, M|100/100|[from] U-turn
|-ability|p1a: Landorus|Intimidate|boost
|-unboost|p2a: Hippowdon|atk|1
|move|p2a: Hippowdon|Heavy Slam|p1a: Landorus
|-damage|p1a: Landorus|75/100
|-damage|p2a: Hippowdon|38/100|[from] item: Rocky Helmet|[of] p1a: Landorus
|
|-weather|Sandstorm|[upkeep]
|upkeep
|turn|3
|
|t:|1743827617
|switch|p2a: Donphan|Donphan, F|100/100
|move|p1a: Landorus|Stealth Rock|p2a: Donphan
|-sidestart|p2: letsbattlemanggwp|move: Stealth Rock
|
|-weather|Sandstorm|[upkeep]
|upkeep
|turn|4
|
|t:|1743827625
|move|p2a: Donphan|Ice Shard|p1a: Landorus
|-supereffective|p1a: Landorus
|-damage|p1a: Landorus|0 fnt
|faint|p1a: Landorus
|
|-weather|Sandstorm|[upkeep]
|upkeep
|
|t:|1743827634
|switch|p1a: Samurott|Samurott-Hisui, M|100/100
|turn|5
|
|t:|1743827641
|switch|p2a: Sandslash|Sandslash, M|100/100
|-damage|p2a: Sandslash|94/100|[from] Stealth Rock
|move|p1a: Samurott|Aqua Cutter|p2a: Sandslash
|-supereffective|p2a: Sandslash
|-damage|p2a: Sandslash|0 fnt
|faint|p2a: Sandslash
|
|-weather|none
|upkeep
|
|t:|1743827652
|switch|p2a: Krookodile|Krookodile, F|100/100
|-damage|p2a: Krookodile|94/100|[from] Stealth Rock
|turn|6
|
|t:|1743827661
|-terastallize|p2a: Krookodile|Dragon
|move|p2a: Krookodile|Close Combat|p1a: Samurott
|-supereffective|p1a: Samurott
|-damage|p1a: Samurott|0 fnt
|-unboost|p2a: Krookodile|def|1
|-unboost|p2a: Krookodile|spd|1
|faint|p1a: Samurott
|-ability|p2a: Krookodile|Moxie|boost
|-boost|p2a: Krookodile|atk|1
|
|upkeep
|
|t:|1743827673
|switch|p1a: Iron Valiant|Iron Valiant|100/100
|-enditem|p1a: Iron Valiant|Booster Energy
|-activate|p1a: Iron Valiant|ability: Quark Drive|[fromitem]
|-start|p1a: Iron Valiant|quarkdrivespe
|turn|7
|
|t:|1743827679
|switch|p2a: Hippowdon|Hippowdon, M|38/100
|-damage|p2a: Hippowdon|32/100|[from] Stealth Rock
|-weather|Sandstorm|[from] ability: Sand Stream|[of] p2a: Hippowdon
|move|p1a: Iron Valiant|Moonblast|p2a: Hippowdon
|-damage|p2a: Hippowdon|0 fnt
|faint|p2a: Hippowdon
|
|-weather|Sandstorm|[upkeep]
|-damage|p1a: Iron Valiant|94/100|[from] Sandstorm
|upkeep
|
|t:|1743827693
|switch|p2a: Donphan|Donphan, F|100/100
|-damage|p2a: Donphan|94/100|[from] Stealth Rock
|turn|8
|
|t:|1743827699
|move|p1a: Iron Valiant|Moonblast|p2a: Donphan
|-damage|p2a: Donphan|29/100
|move|p2a: Donphan|Earthquake|p1a: Iron Valiant
|-damage|p1a: Iron Valiant|0 fnt
|faint|p1a: Iron Valiant
|-end|p1a: Iron Valiant|Quark Drive|[silent]
|
|-weather|Sandstorm|[upkeep]
|upkeep
|
|t:|1743827718
|switch|p1a: Meowscarada|Meowscarada, M|40/100
|turn|9
|
|t:|1743827726
|move|p1a: Meowscarada|Flower Trick|p2a: Donphan
|-start|p1a: Meowscarada|typechange|Grass|[from] ability: Protean
|-supereffective|p2a: Donphan
|-crit|p2a: Donphan
|-damage|p2a: Donphan|0 fnt
|faint|p2a: Donphan
|
|-weather|Sandstorm|[upkeep]
|-damage|p1a: Meowscarada|34/100|[from] Sandstorm
|upkeep
|
|t:|1743827741
|switch|p2a: Sandaconda|Sandaconda, F|100/100
|-damage|p2a: Sandaconda|95/100|[from] Stealth Rock
|turn|10
|
|t:|1743827748
|move|p1a: Meowscarada|Flower Trick|p2a: Sandaconda
|-supereffective|p2a: Sandaconda
|-crit|p2a: Sandaconda
|-damage|p2a: Sandaconda|0 fnt
|faint|p2a: Sandaconda
|
|-weather|Sandstorm|[upkeep]
|-damage|p1a: Meowscarada|28/100|[from] Sandstorm
|upkeep
|
|t:|1743827757
|switch|p2a: Krookodile|Krookodile, F, tera:Dragon|94/100
|-damage|p2a: Krookodile|82/100|[from] Stealth Rock
|turn|11
|
|t:|1743827767
|move|p2a: Krookodile|Crunch|p1a: Meowscarada
|-damage|p1a: Meowscarada|0 fnt
|faint|p1a: Meowscarada
|-ability|p2a: Krookodile|Moxie|boost
|-boost|p2a: Krookodile|atk|1
|
|-weather|none
|upkeep
|
|t:|1743827775
|switch|p1a: Gholdengo|Gholdengo|100/100
|turn|12
|
|t:|1743827784
|-terastallize|p1a: Gholdengo|Steel
|move|p2a: Krookodile|Crunch|p1a: Gholdengo
|-damage|p1a: Gholdengo|35/100
|-unboost|p1a: Gholdengo|def|1
|move|p1a: Gholdengo|Make It Rain|p2a: Krookodile
|-damage|p2a: Krookodile|0 fnt
|-unboost|p1a: Gholdengo|spa|1
|faint|p2a: Krookodile
|
|upkeep
|
|t:|1743827797
|switch|p2a: Ursaluna|Ursaluna, F|100/100
|-damage|p2a: Ursaluna|94/100|[from] Stealth Rock
|turn|13
|
|t:|1743827804
|move|p1a: Gholdengo|Make It Rain|p2a: Ursaluna
|-damage|p2a: Ursaluna|45/100
|-unboost|p1a: Gholdengo|spa|1
|move|p2a: Ursaluna|Headlong Rush|p1a: Gholdengo
|-supereffective|p1a: Gholdengo
|-damage|p1a: Gholdengo|0 fnt
|-unboost|p2a: Ursaluna|def|1
|-unboost|p2a: Ursaluna|spd|1
|faint|p1a: Gholdengo
|
|upkeep
|
|t:|1743827816
|switch|p1a: Arcanine|Arcanine-Hisui, M|100/100
|turn|14
|
|t:|1743827820
|move|p1a: Arcanine|Flare Blitz|p2a: Ursaluna
|-damage|p2a: Ursaluna|0 fnt
|faint|p2a: Ursaluna
|
|win|xiyihi
|raw|xiyihi's rating: 1113 &rarr; <strong>1138</strong><br />(+25 for winning)
|raw|letsbattlemanggwp's rating: 1112 &rarr; <strong>1087</strong><br />(-25 for losing)
|l|☆xiyihi
|player|p1|
|l|☆letsbattlemanggwp
|player|p2|
