|j|☆Mister_ttar
|j|☆Lati
|t:|1743790457
|gametype|singles
|player|p1|Mister_ttar|102|1658
|player|p2|Lati|clown|1605
|teamsize|p1|6
|teamsize|p2|6
|gen|9
|tier|[Gen 9] OU
|rated|
|rule|HP Percentage Mod: HP is shown in percentages
|rule|Endless Battle Clause: Forcing endless battles is banned
|rule|Species Clause: Limit one of each Pokémon
|rule|OHKO Clause: OHKO moves are banned
|rule|Evasion Items Clause: Evasion items are banned
|rule|Evasion Moves Clause: Evasion moves are banned
|rule|Sleep Moves Clause: Sleep-inducing moves are banned
|clearpoke
|poke|p1|Sylveon, F|
|poke|p1|Torkoal, M|
|poke|p1|Kingambit, F|
|poke|p1|Walking Wake|
|poke|p1|Great Tusk|
|poke|p1|Typhlosion-Hisui, M|
|poke|p2|Primarina, F|
|poke|p2|Kyurem|
|poke|p2|Ting-Lu|
|poke|p2|Zapdos|
|poke|p2|Great Tusk|
|poke|p2|Zamazenta-*|
|teampreview
|
|t:|1743790480
|start
|switch|p1a: Torkoal|Torkoal, M|100/100
|switch|p2a: Primarina|Primarina, F|100/100
|-weather|SunnyDay|[from] ability: Drought|[of] p1a: Torkoal
|turn|1
|
|t:|1743790486
|switch|p1a: Sylveon|Sylveon, F|100/100
|move|p2a: Primarina|Substitute|p2a: Primarina
|-start|p2a: Primarina|Substitute
|-damage|p2a: Primarina|76/100
|
|-weather|SunnyDay|[upkeep]
|-heal|p2a: Primarina|82/100|[from] item: Leftovers
|upkeep
|turn|2
|
|t:|1743790490
|move|p1a: Sylveon|Calm Mind|p1a: Sylveon
|-boost|p1a: Sylveon|spa|1
|-boost|p1a: Sylveon|spd|1
|move|p2a: Primarina|Calm Mind|p2a: Primarina
|-boost|p2a: Primarina|spa|1
|-boost|p2a: Primarina|spd|1
|
|-weather|SunnyDay|[upkeep]
|-heal|p2a: Primarina|88/100|[from] item: Leftovers
|upkeep
|turn|3
|
|t:|1743790495
|move|p2a: Primarina|Calm Mind|p2a: Primarina
|-boost|p2a: Primarina|spa|1
|-boost|p2a: Primarina|spd|1
|move|p1a: Sylveon|Calm Mind|p1a: Sylveon
|-boost|p1a: Sylveon|spa|1
|-boost|p1a: Sylveon|spd|1
|
|-weather|SunnyDay|[upkeep]
|-heal|p2a: Primarina|94/100|[from] item: Leftovers
|upkeep
|turn|4
|
|t:|1743790497
|move|p1a: Sylveon|Calm Mind|p1a: Sylveon
|-boost|p1a: Sylveon|spa|1
|-boost|p1a: Sylveon|spd|1
|move|p2a: Primarina|Calm Mind|p2a: Primarina
|-boost|p2a: Primarina|spa|1
|-boost|p2a: Primarina|spd|1
|
|-weather|SunnyDay|[upkeep]
|-heal|p2a: Primarina|100/100|[from] item: Leftovers
|upkeep
|turn|5
|
|t:|1743790500
|move|p2a: Primarina|Calm Mind|p2a: Primarina
|-boost|p2a: Primarina|spa|1
|-boost|p2a: Primarina|spd|1
|move|p1a: Sylveon|Calm Mind|p1a: Sylveon
|-boost|p1a: Sylveon|spa|1
|-boost|p1a: Sylveon|spd|1
|
|-weather|SunnyDay|[upkeep]
|upkeep
|turn|6
|
|t:|1743790503
|move|p1a: Sylveon|Calm Mind|p1a: Sylveon
|-boost|p1a: Sylveon|spa|1
|-boost|p1a: Sylveon|spd|1
|move|p2a: Primarina|Calm Mind|p2a: Primarina
|-boost|p2a: Primarina|spa|1
|-boost|p2a: Primarina|spd|1
|
|-weather|SunnyDay|[upkeep]
|upkeep
|turn|7
|
|t:|1743790509
|move|p2a: Primarina|Calm Mind|p2a: Primarina
|-boost|p2a: Primarina|spa|1
|-boost|p2a: Primarina|spd|1
|move|p1a: Sylveon|Calm Mind|p1a: Sylveon
|-boost|p1a: Sylveon|spa|1
|-boost|p1a: Sylveon|spd|1
|
|-weather|SunnyDay|[upkeep]
|upkeep
|turn|8
|
|t:|1743790514
|-terastallize|p2a: Primarina|Steel
|move|p1a: Sylveon|Hyper Voice|p2a: Primarina
|-resisted|p2a: Primarina
|-damage|p2a: Primarina|80/100
|move|p2a: Primarina|Moonblast|p1a: Sylveon
|-damage|p1a: Sylveon|74/100
|
|-weather|none
|-heal|p2a: Primarina|86/100|[from] item: Leftovers
|-heal|p1a: Sylveon|80/100|[from] item: Leftovers
|upkeep
|turn|9
|
|t:|1743790521
|move|p1a: Sylveon|Hyper Voice|p2a: Primarina
|-resisted|p2a: Primarina
|-damage|p2a: Primarina|69/100
|move|p2a: Primarina|Surf|p1a: Sylveon
|-damage|p1a: Sylveon|54/100
|
|-heal|p2a: Primarina|75/100|[from] item: Leftovers
|-heal|p1a: Sylveon|60/100|[from] item: Leftovers
|upkeep
|turn|10
|
|t:|1743790524
|move|p1a: Sylveon|Wish|p1a: Sylveon
|move|p2a: Primarina|Moonblast|p1a: Sylveon
|-damage|p1a: Sylveon|30/100
|
|-heal|p1a: Sylveon|36/100|[from] item: Leftovers
|-heal|p2a: Primarina|81/100|[from] item: Leftovers
|upkeep
|turn|11
|
|t:|1743790527
|move|p2a: Primarina|Moonblast|p1a: Sylveon
|-damage|p1a: Sylveon|9/100
|move|p1a: Sylveon|Hyper Voice|p2a: Primarina
|-resisted|p2a: Primarina
|-damage|p2a: Primarina|63/100
|
|-heal|p1a: Sylveon|59/100|[from] move: Wish|[wisher] Sylveon
|-heal|p1a: Sylveon|65/100|[from] item: Leftovers
|-heal|p2a: Primarina|69/100|[from] item: Leftovers
|upkeep
|turn|12
|
|t:|1743790530
|move|p2a: Primarina|Surf|p1a: Sylveon
|-damage|p1a: Sylveon|38/100
|move|p1a: Sylveon|Wish|p1a: Sylveon
|
|-heal|p1a: Sylveon|44/100|[from] item: Leftovers
|-heal|p2a: Primarina|75/100|[from] item: Leftovers
|upkeep
|turn|13
|
|t:|1743790533
|move|p2a: Primarina|Moonblast|p1a: Sylveon
|-damage|p1a: Sylveon|15/100
|move|p1a: Sylveon|Hyper Voice|p2a: Primarina
|-resisted|p2a: Primarina
|-damage|p2a: Primarina|57/100
|
|-heal|p1a: Sylveon|65/100|[from] move: Wish|[wisher] Sylveon
|-heal|p1a: Sylveon|71/100|[from] item: Leftovers
|-heal|p2a: Primarina|63/100|[from] item: Leftovers
|upkeep
|turn|14
|
|t:|1743790535
|move|p1a: Sylveon|Wish|p1a: Sylveon
|move|p2a: Primarina|Moonblast|p1a: Sylveon
|-damage|p1a: Sylveon|45/100
|
|-heal|p2a: Primarina|69/100|[from] item: Leftovers
|-heal|p1a: Sylveon|51/100|[from] item: Leftovers
|upkeep
|turn|15
|
|t:|1743790537
|move|p1a: Sylveon|Hyper Voice|p2a: Primarina
|-resisted|p2a: Primarina
|-damage|p2a: Primarina|51/100
|move|p2a: Primarina|Moonblast|p1a: Sylveon
|-damage|p1a: Sylveon|25/100
|
|-heal|p1a: Sylveon|75/100|[from] move: Wish|[wisher] Sylveon
|-heal|p1a: Sylveon|81/100|[from] item: Leftovers
|-heal|p2a: Primarina|58/100|[from] item: Leftovers
|upkeep
|turn|16
|j| diaodeyibi12345
|
|t:|1743790543
|move|p1a: Sylveon|Wish|p1a: Sylveon
|move|p2a: Primarina|Surf|p1a: Sylveon
|-damage|p1a: Sylveon|55/100
|
|-heal|p2a: Primarina|64/100|[from] item: Leftovers
|-heal|p1a: Sylveon|61/100|[from] item: Leftovers
|upkeep
|turn|17
|
|t:|1743790546
|move|p1a: Sylveon|Hyper Voice|p2a: Primarina
|-resisted|p2a: Primarina
|-damage|p2a: Primarina|44/100
|move|p2a: Primarina|Moonblast|p1a: Sylveon
|-damage|p1a: Sylveon|31/100
|-unboost|p1a: Sylveon|spa|1
|
|-heal|p1a: Sylveon|81/100|[from] move: Wish|[wisher] Sylveon
|-heal|p2a: Primarina|50/100|[from] item: Leftovers
|-heal|p1a: Sylveon|88/100|[from] item: Leftovers
|upkeep
|turn|18
|
|t:|1743790554
|move|p1a: Sylveon|Calm Mind|p1a: Sylveon
|-boost|p1a: Sylveon|spa|1
|-boost|p1a: Sylveon|spd|0
|move|p2a: Primarina|Moonblast|p1a: Sylveon
|-damage|p1a: Sylveon|60/100
|
|-heal|p2a: Primarina|57/100|[from] item: Leftovers
|-heal|p1a: Sylveon|66/100|[from] item: Leftovers
|upkeep
|turn|19
|
|t:|1743790558
|move|p1a: Sylveon|Hyper Voice|p2a: Primarina
|-resisted|p2a: Primarina
|-damage|p2a: Primarina|37/100
|move|p2a: Primarina|Moonblast|p1a: Sylveon
|-damage|p1a: Sylveon|39/100
|-unboost|p1a: Sylveon|spa|1
|
|-heal|p2a: Primarina|43/100|[from] item: Leftovers
|-heal|p1a: Sylveon|45/100|[from] item: Leftovers
|upkeep
|turn|20
|
|t:|1743790560
|move|p1a: Sylveon|Wish|p1a: Sylveon
|move|p2a: Primarina|Moonblast|p1a: Sylveon
|-damage|p1a: Sylveon|17/100
|
|-heal|p1a: Sylveon|23/100|[from] item: Leftovers
|-heal|p2a: Primarina|49/100|[from] item: Leftovers
|upkeep
|turn|21
|
|t:|1743790565
|move|p1a: Sylveon|Protect|p1a: Sylveon
|-singleturn|p1a: Sylveon|Protect
|move|p2a: Primarina|Moonblast|p1a: Sylveon
|-activate|p1a: Sylveon|move: Protect
|
|-heal|p1a: Sylveon|73/100|[from] move: Wish|[wisher] Sylveon
|-heal|p2a: Primarina|55/100|[from] item: Leftovers
|-heal|p1a: Sylveon|79/100|[from] item: Leftovers
|upkeep
|turn|22
|
|t:|1743790567
|move|p2a: Primarina|Moonblast|p1a: Sylveon
|-damage|p1a: Sylveon|53/100
|-unboost|p1a: Sylveon|spa|1
|move|p1a: Sylveon|Wish|p1a: Sylveon
|
|-heal|p2a: Primarina|62/100|[from] item: Leftovers
|-heal|p1a: Sylveon|59/100|[from] item: Leftovers
|upkeep
|turn|23
|
|t:|1743790571
|move|p2a: Primarina|Surf|p1a: Sylveon
|-damage|p1a: Sylveon|32/100
|move|p1a: Sylveon|Hyper Voice|p2a: Primarina
|-resisted|p2a: Primarina
|-damage|p2a: Primarina|47/100
|
|-heal|p1a: Sylveon|82/100|[from] move: Wish|[wisher] Sylveon
|-heal|p1a: Sylveon|88/100|[from] item: Leftovers
|-heal|p2a: Primarina|53/100|[from] item: Leftovers
|upkeep
|turn|24
|
|t:|1743790574
|move|p1a: Sylveon|Calm Mind|p1a: Sylveon
|-boost|p1a: Sylveon|spa|1
|-boost|p1a: Sylveon|spd|0
|move|p2a: Primarina|Moonblast|p1a: Sylveon
|-damage|p1a: Sylveon|60/100
|
|-heal|p1a: Sylveon|66/100|[from] item: Leftovers
|-heal|p2a: Primarina|59/100|[from] item: Leftovers
|upkeep
|turn|25
|
|t:|1743790576
|move|p1a: Sylveon|Wish|p1a: Sylveon
|move|p2a: Primarina|Moonblast|p1a: Sylveon
|-damage|p1a: Sylveon|38/100
|
|-heal|p1a: Sylveon|44/100|[from] item: Leftovers
|-heal|p2a: Primarina|65/100|[from] item: Leftovers
|upkeep
|turn|26
|
|t:|1743790579
|move|p1a: Sylveon|Calm Mind|p1a: Sylveon
|-boost|p1a: Sylveon|spa|1
|-boost|p1a: Sylveon|spd|0
|move|p2a: Primarina|Substitute|p2a: Primarina
|-fail|p2a: Primarina|move: Substitute
|
|-heal|p1a: Sylveon|94/100|[from] move: Wish|[wisher] Sylveon
|-heal|p1a: Sylveon|100/100|[from] item: Leftovers
|-heal|p2a: Primarina|72/100|[from] item: Leftovers
|upkeep
|turn|27
|
|t:|1743790586
|move|p2a: Primarina|Surf|p1a: Sylveon
|-damage|p1a: Sylveon|76/100
|move|p1a: Sylveon|Hyper Voice|p2a: Primarina
|-resisted|p2a: Primarina
|-damage|p2a: Primarina|52/100
|
|-heal|p2a: Primarina|58/100|[from] item: Leftovers
|-heal|p1a: Sylveon|82/100|[from] item: Leftovers
|upkeep
|turn|28
|
|t:|1743790589
|move|p1a: Sylveon|Hyper Voice|p2a: Primarina
|-resisted|p2a: Primarina
|-damage|p2a: Primarina|38/100
|move|p2a: Primarina|Surf|p1a: Sylveon
|-damage|p1a: Sylveon|54/100
|
|-heal|p2a: Primarina|44/100|[from] item: Leftovers
|-heal|p1a: Sylveon|60/100|[from] item: Leftovers
|upkeep
|turn|29
|l| diaodeyibi12345
|j| bybvdn
|
|t:|1743790595
|move|p1a: Sylveon|Wish|p1a: Sylveon
|move|p2a: Primarina|Surf|p1a: Sylveon
|-damage|p1a: Sylveon|35/100
|
|-heal|p1a: Sylveon|41/100|[from] item: Leftovers
|-heal|p2a: Primarina|51/100|[from] item: Leftovers
|upkeep
|turn|30
|
|t:|1743790599
|move|p2a: Primarina|Substitute|p2a: Primarina
|-fail|p2a: Primarina|move: Substitute
|move|p1a: Sylveon|Hyper Voice|p2a: Primarina
|-resisted|p2a: Primarina
|-damage|p2a: Primarina|31/100
|
|-heal|p1a: Sylveon|91/100|[from] move: Wish|[wisher] Sylveon
|-heal|p2a: Primarina|37/100|[from] item: Leftovers
|-heal|p1a: Sylveon|97/100|[from] item: Leftovers
|upkeep
|turn|31
|
|t:|1743790604
|move|p2a: Primarina|Surf|p1a: Sylveon
|-damage|p1a: Sylveon|70/100
|move|p1a: Sylveon|Hyper Voice|p2a: Primarina
|-resisted|p2a: Primarina
|-damage|p2a: Primarina|18/100
|
|-heal|p2a: Primarina|24/100|[from] item: Leftovers
|-heal|p1a: Sylveon|76/100|[from] item: Leftovers
|upkeep
|turn|32
|
|t:|1743790608
|move|p1a: Sylveon|Hyper Voice|p2a: Primarina
|-resisted|p2a: Primarina
|-damage|p2a: Primarina|6/100
|move|p2a: Primarina|Surf|p1a: Sylveon
|-damage|p1a: Sylveon|35/100
|
|-heal|p2a: Primarina|12/100|[from] item: Leftovers
|-heal|p1a: Sylveon|41/100|[from] item: Leftovers
|upkeep
|turn|33
|
|t:|1743790612
|move|p2a: Primarina|Surf|p1a: Sylveon
|-damage|p1a: Sylveon|4/100
|move|p1a: Sylveon|Wish|p1a: Sylveon
|
|-heal|p2a: Primarina|18/100|[from] item: Leftovers
|-heal|p1a: Sylveon|10/100|[from] item: Leftovers
|upkeep
|turn|34
|j| diaodeyibi12345
|
|t:|1743790617
|move|p1a: Sylveon|Protect|p1a: Sylveon
|-singleturn|p1a: Sylveon|Protect
|move|p2a: Primarina|Moonblast|p1a: Sylveon
|-activate|p1a: Sylveon|move: Protect
|
|-heal|p1a: Sylveon|60/100|[from] move: Wish|[wisher] Sylveon
|-heal|p1a: Sylveon|66/100|[from] item: Leftovers
|-heal|p2a: Primarina|24/100|[from] item: Leftovers
|upkeep
|turn|35
|
|t:|1743790620
|move|p1a: Sylveon|Wish|p1a: Sylveon
|move|p2a: Primarina|Moonblast|p1a: Sylveon
|-damage|p1a: Sylveon|36/100
|-unboost|p1a: Sylveon|spa|1
|
|-heal|p2a: Primarina|31/100|[from] item: Leftovers
|-heal|p1a: Sylveon|42/100|[from] item: Leftovers
|upkeep
|turn|36
|
|t:|1743790622
|move|p1a: Sylveon|Hyper Voice|p2a: Primarina
|-resisted|p2a: Primarina
|-damage|p2a: Primarina|14/100
|move|p2a: Primarina|Moonblast|p1a: Sylveon
|-damage|p1a: Sylveon|16/100
|-unboost|p1a: Sylveon|spa|1
|
|-heal|p1a: Sylveon|66/100|[from] move: Wish|[wisher] Sylveon
|-heal|p2a: Primarina|20/100|[from] item: Leftovers
|-heal|p1a: Sylveon|72/100|[from] item: Leftovers
|upkeep
|turn|37
|
|t:|1743790626
|move|p2a: Primarina|Moonblast|p1a: Sylveon
|-damage|p1a: Sylveon|44/100
|move|p1a: Sylveon|Calm Mind|p1a: Sylveon
|-boost|p1a: Sylveon|spa|1
|-boost|p1a: Sylveon|spd|0
|
|-heal|p2a: Primarina|26/100|[from] item: Leftovers
|-heal|p1a: Sylveon|50/100|[from] item: Leftovers
|upkeep
|turn|38
|
|t:|1743790645
|move|p1a: Sylveon|Hyper Voice|p2a: Primarina
|-resisted|p2a: Primarina
|-damage|p2a: Primarina|10/100
|move|p2a: Primarina|Surf|p1a: Sylveon
|-damage|p1a: Sylveon|8/100
|
|-heal|p1a: Sylveon|14/100|[from] item: Leftovers
|-heal|p2a: Primarina|17/100|[from] item: Leftovers
|upkeep
|turn|39
|
|t:|1743790651
|move|p2a: Primarina|Surf|p1a: Sylveon
|-damage|p1a: Sylveon|0 fnt
|faint|p1a: Sylveon
|
|-heal|p2a: Primarina|23/100|[from] item: Leftovers
|upkeep
|
|t:|1743790670
|switch|p1a: Great Tusk|Great Tusk|100/100
|turn|40
|j| FaronAan
|
|t:|1743790673
|move|p1a: Great Tusk|Headlong Rush|p2a: Primarina
|-supereffective|p2a: Primarina
|-end|p2a: Primarina|Substitute
|-unboost|p1a: Great Tusk|def|1
|-unboost|p1a: Great Tusk|spd|1
|move|p2a: Primarina|Surf|p1a: Great Tusk
|-supereffective|p1a: Great Tusk
|-damage|p1a: Great Tusk|0 fnt
|faint|p1a: Great Tusk
|-end|p1a: Great Tusk|Protosynthesis|[silent]
|
|-heal|p2a: Primarina|29/100|[from] item: Leftovers
|upkeep
|
|t:|1743790677
|switch|p1a: Typhlosion|Typhlosion-Hisui, M|100/100
|-item|p2a: Primarina|Leftovers|[from] ability: Frisk|[of] p1a: Typhlosion
|turn|41
|
|t:|1743790680
|move|p1a: Typhlosion|Eruption|p2a: Primarina
|-supereffective|p2a: Primarina
|-damage|p2a: Primarina|0 fnt
|faint|p2a: Primarina
|
|upkeep
|
|t:|1743790683
|switch|p2a: Great Tusk|Great Tusk|100/100
|-enditem|p2a: Great Tusk|Booster Energy
|-activate|p2a: Great Tusk|ability: Protosynthesis|[fromitem]
|-start|p2a: Great Tusk|protosynthesisspe
|turn|42
|j| Despote
|
|t:|1743790688
|move|p1a: Typhlosion|Eruption|p2a: Great Tusk
|-damage|p2a: Great Tusk|0 fnt
|faint|p2a: Great Tusk
|-end|p2a: Great Tusk|Protosynthesis|[silent]
|
|upkeep
|l| bybvdn
|
|t:|1743790690
|switch|p2a: Ting-Lu|Ting-Lu|100/100
|-ability|p2a: Ting-Lu|Vessel of Ruin
|turn|43
|
|t:|1743790692
|switch|p1a: Torkoal|Torkoal, M|100/100
|-weather|SunnyDay|[from] ability: Drought|[of] p1a: Torkoal
|move|p2a: Ting-Lu|Earthquake|p1a: Torkoal
|-supereffective|p1a: Torkoal
|-damage|p1a: Torkoal|57/100
|
|-weather|SunnyDay|[upkeep]
|upkeep
|turn|44
|
|t:|1743790696
|move|p2a: Ting-Lu|Earthquake|p1a: Torkoal
|-supereffective|p1a: Torkoal
|-damage|p1a: Torkoal|15/100
|move|p1a: Torkoal|Will-O-Wisp|p2a: Ting-Lu
|-status|p2a: Ting-Lu|brn
|
|-weather|SunnyDay|[upkeep]
|-damage|p2a: Ting-Lu|94/100 brn|[from] brn
|upkeep
|turn|45
|
|t:|1743790700
|switch|p1a: Walking Wake|Walking Wake|100/100
|-activate|p1a: Walking Wake|ability: Protosynthesis
|-start|p1a: Walking Wake|protosynthesisspa
|move|p2a: Ting-Lu|Stealth Rock|p1a: Walking Wake
|-sidestart|p1: Mister_ttar|move: Stealth Rock
|
|-weather|SunnyDay|[upkeep]
|-heal|p2a: Ting-Lu|100/100 brn|[from] item: Leftovers
|-damage|p2a: Ting-Lu|94/100 brn|[from] brn
|upkeep
|turn|46
|
|t:|1743790708
|-terastallize|p1a: Walking Wake|Water
|move|p1a: Walking Wake|Hydro Steam|p2a: Ting-Lu
|-supereffective|p2a: Ting-Lu
|-damage|p2a: Ting-Lu|0 fnt
|faint|p2a: Ting-Lu
|
|-weather|SunnyDay|[upkeep]
|upkeep
|
|t:|1743790719
|switch|p2a: Zamazenta|Zamazenta|100/100
|-ability|p2a: Zamazenta|Dauntless Shield|boost
|-boost|p2a: Zamazenta|def|1
|turn|47
|
|t:|1743790722
|move|p2a: Zamazenta|Close Combat|p1a: Walking Wake
|-damage|p1a: Walking Wake|39/100
|-unboost|p2a: Zamazenta|def|1
|-unboost|p2a: Zamazenta|spd|1
|move|p1a: Walking Wake|Hydro Steam|p2a: Zamazenta
|-damage|p2a: Zamazenta|0 fnt
|faint|p2a: Zamazenta
|
|-weather|SunnyDay|[upkeep]
|upkeep
|
|t:|1743790725
|switch|p2a: Zapdos|Zapdos|100/100
|turn|48
|
|t:|1743790728
|move|p1a: Walking Wake|Hydro Steam|p2a: Zapdos
|-damage|p2a: Zapdos|0 fnt
|faint|p2a: Zapdos
|
|-weather|SunnyDay|[upkeep]
|upkeep
|
|t:|1743790730
|switch|p2a: Kyurem|Kyurem|100/100
|-ability|p2a: Kyurem|Pressure
|turn|49
|
|t:|1743790733
|-end|p1a: Walking Wake|Protosynthesis|[silent]
|switch|p1a: Torkoal|Torkoal, M|15/100
|-damage|p1a: Torkoal|0 fnt|[from] Stealth Rock
|faint|p1a: Torkoal
|move|p2a: Kyurem|Scale Shot|p1: Torkoal|[notarget]
|-fail|p2a: Kyurem
|
|-weather|SunnyDay|[upkeep]
|upkeep
|
|t:|1743790734
|switch|p1a: Walking Wake|Walking Wake, tera:Water|39/100
|-damage|p1a: Walking Wake|27/100|[from] Stealth Rock
|-activate|p1a: Walking Wake|ability: Protosynthesis
|-start|p1a: Walking Wake|protosynthesisspa
|turn|50
|
|t:|1743790737
|move|p1a: Walking Wake|Dragon Pulse|p2a: Kyurem
|-supereffective|p2a: Kyurem
|-damage|p2a: Kyurem|0 fnt
|faint|p2a: Kyurem
|
|win|Mister_ttar
|raw|Mister_ttar's rating: 1658 &rarr; <strong>1675</strong><br />(+17 for winning)
|raw|Lati's rating: 1605 &rarr; <strong>1588</strong><br />(-17 for losing)
|l|☆Mister_ttar
|player|p1|
|l|☆Lati
|player|p2|
|l| FaronAan
|l| diaodeyibi12345
