|j|☆Force_ten
|j|☆dia45
|t:|1743923883
|gametype|singles
|player|p1|Force_ten|102|1446
|player|p2|dia45|rancher|1499
|teamsize|p1|6
|teamsize|p2|6
|gen|9
|tier|[Gen 9] OU
|rated|
|rule|HP Percentage Mod: HP is shown in percentages
|rule|Endless Battle Clause: Forcing endless battles is banned
|rule|Species Clause: Limit one of each Pokémon
|rule|OHKO Clause: OHKO moves are banned
|rule|Evasion Items Clause: Evasion items are banned
|rule|Evasion Moves Clause: Evasion moves are banned
|rule|Sleep Moves Clause: Sleep-inducing moves are banned
|clearpoke
|poke|p1|Great Tusk|
|poke|p1|Slowking-Galar, F|
|poke|p1|Corviknight, M|
|poke|p1|Iron Valiant|
|poke|p1|Dondozo, M|
|poke|p1|Dragapult, M|
|poke|p2|Lokix, F|
|poke|p2|Slowking-Galar, F|
|poke|p2|Moltres|
|poke|p2|Okidogi, M|
|poke|p2|Enamorus, F|
|poke|p2|Iron Treads|
|teampreview
|inactive|Battle timer is ON: inactive players will automatically lose when time's up. (requested by dia45)
|
|t:|1743923904
|start
|switch|p1a: Dondozo|Dondozo, M|100/100
|switch|p2a: Moltres|Moltres|100/100
|turn|1
|
|t:|1743923911
|switch|p1a: Slowking|Slowking-Galar, F|100/100
|move|p2a: Moltres|U-turn|p1a: Slowking
|-damage|p1a: Slowking|85/100
|
|t:|1743923917
|switch|p2a: Lokix|Lokix, F|100/100|[from] U-turn
|
|upkeep
|turn|2
|
|t:|1743923921
|switch|p1a: Corviknight|Corviknight, M|100/100
|-ability|p1a: Corviknight|Pressure
|move|p2a: Lokix|Knock Off|p1a: Corviknight
|-damage|p1a: Corviknight|74/100
|-damage|p2a: Lokix|84/100|[from] item: Rocky Helmet|[of] p1a: Corviknight
|-enditem|p1a: Corviknight|Rocky Helmet|[from] move: Knock Off|[of] p2a: Lokix
|
|upkeep
|turn|3
|
|t:|1743923930
|switch|p1a: Slowking|Slowking-Galar, F|100/100
|move|p2a: Lokix|U-turn|p1a: Slowking
|-damage|p1a: Slowking|62/100
|
|t:|1743923938
|switch|p2a: Iron Treads|Iron Treads|100/100|[from] U-turn
|
|upkeep
|turn|4
|
|t:|1743923942
|switch|p1a: Corviknight|Corviknight, M|74/100
|-ability|p1a: Corviknight|Pressure
|move|p2a: Iron Treads|Stealth Rock|p1a: Corviknight
|-sidestart|p1: Force_ten|move: Stealth Rock
|
|upkeep
|turn|5
|
|t:|1743923949
|-end|p2a: Iron Treads|Quark Drive|[silent]
|switch|p2a: Moltres|Moltres|100/100
|move|p1a: Corviknight|Defog|p2a: Moltres
|-unboost|p2a: Moltres|evasion|1
|-sideend|p1: Force_ten|Stealth Rock|[from] move: Defog|[of] p1a: Corviknight
|
|upkeep
|turn|6
|
|t:|1743923953
|switch|p1a: Slowking|Slowking-Galar, F|96/100
|move|p2a: Moltres|U-turn|p1a: Slowking
|-damage|p1a: Slowking|79/100
|
|t:|1743923956
|switch|p2a: Lokix|Lokix, F|84/100|[from] U-turn
|
|upkeep
|turn|7
|
|t:|1743923968
|switch|p1a: Corviknight|Corviknight, M|74/100
|-ability|p1a: Corviknight|Pressure
|move|p2a: Lokix|Knock Off|p1a: Corviknight
|-damage|p1a: Corviknight|58/100
|
|upkeep
|turn|8
|
|t:|1743923974
|move|p2a: Lokix|U-turn|p1a: Corviknight
|-resisted|p1a: Corviknight
|-damage|p1a: Corviknight|48/100
|
|t:|1743923977
|switch|p2a: Moltres|Moltres|100/100|[from] U-turn
|move|p1a: Corviknight|Roost|p1a: Corviknight
|-heal|p1a: Corviknight|98/100
|-singleturn|p1a: Corviknight|move: Roost
|
|upkeep
|turn|9
|
|t:|1743923987
|switch|p1a: Slowking|Slowking-Galar, F|100/100
|move|p2a: Moltres|Flamethrower|p1a: Slowking
|-damage|p1a: Slowking|77/100
|
|upkeep
|turn|10
|
|t:|1743923993
|move|p2a: Moltres|U-turn|p1a: Slowking
|-damage|p1a: Slowking|61/100
|
|t:|1743923996
|switch|p2a: Iron Treads|Iron Treads|100/100|[from] U-turn
|-prepare|p1a: Slowking|Chilly Reception|[premajor]
|move|p1a: Slowking|Chilly Reception|p1a: Slowking
|-weather|Snowscape
|
|t:|1743924004
|switch|p1a: Great Tusk|Great Tusk|100/100|[from] Chilly Reception
|
|-weather|Snowscape|[upkeep]
|upkeep
|turn|11
|
|t:|1743924009
|-end|p2a: Iron Treads|Quark Drive|[silent]
|switch|p2a: Moltres|Moltres|100/100
|move|p1a: Great Tusk|Headlong Rush|p2a: Moltres
|-immune|p2a: Moltres
|
|-weather|Snowscape|[upkeep]
|upkeep
|turn|12
|
|t:|1743924016
|move|p1a: Great Tusk|Head Smash|p2a: Moltres
|-supereffective|p2a: Moltres
|-damage|p2a: Moltres|0 fnt
|-status|p1a: Great Tusk|brn|[from] ability: Flame Body|[of] p2a: Moltres
|faint|p2a: Moltres
|-damage|p1a: Great Tusk|49/100 brn|[from] Recoil
|
|-weather|Snowscape|[upkeep]
|-damage|p1a: Great Tusk|43/100 brn|[from] brn
|upkeep
|inactive|dia45 has 120 seconds left.
|
|t:|1743924055
|switch|p2a: Enamorus|Enamorus, F|100/100
|turn|13
|
|t:|1743924058
|-end|p1a: Great Tusk|Protosynthesis|[silent]
|switch|p1a: Slowking|Slowking-Galar, F|95/100
|move|p2a: Enamorus|Moonblast|p1a: Slowking
|-resisted|p1a: Slowking
|-damage|p1a: Slowking|81/100
|
|-weather|Snowscape|[upkeep]
|upkeep
|turn|14
|
|t:|1743924065
|switch|p2a: Iron Treads|Iron Treads|100/100
|-prepare|p1a: Slowking|Chilly Reception|[premajor]
|move|p1a: Slowking|Chilly Reception|p1a: Slowking
|
|t:|1743924070
|switch|p1a: Great Tusk|Great Tusk|43/100 brn|[from] Chilly Reception
|
|-weather|none
|-damage|p1a: Great Tusk|36/100 brn|[from] brn
|upkeep
|turn|15
|
|t:|1743924074
|move|p2a: Iron Treads|Earthquake|p1a: Great Tusk
|-damage|p1a: Great Tusk|3/100 brn
|move|p1a: Great Tusk|Headlong Rush|p2a: Iron Treads
|-supereffective|p2a: Iron Treads
|-damage|p2a: Iron Treads|40/100
|-unboost|p1a: Great Tusk|def|1
|-unboost|p1a: Great Tusk|spd|1
|
|-heal|p2a: Iron Treads|47/100|[from] item: Leftovers
|-damage|p1a: Great Tusk|0 fnt|[from] brn
|faint|p1a: Great Tusk
|-end|p1a: Great Tusk|Protosynthesis|[silent]
|upkeep
|
|t:|1743924079
|switch|p1a: Iron Valiant|Iron Valiant|100/100
|turn|16
|
|t:|1743924085
|move|p1a: Iron Valiant|Knock Off|p2a: Iron Treads
|-damage|p2a: Iron Treads|0 fnt
|-enditem|p2a: Iron Treads|Leftovers|[from] move: Knock Off|[of] p1a: Iron Valiant
|faint|p2a: Iron Treads
|-end|p2a: Iron Treads|Quark Drive|[silent]
|
|upkeep
|
|t:|1743924093
|switch|p2a: Okidogi|Okidogi, M|100/100
|turn|17
|
|t:|1743924096
|-end|p1a: Iron Valiant|Quark Drive|[silent]
|switch|p1a: Corviknight|Corviknight, M|98/100
|-ability|p1a: Corviknight|Pressure
|move|p2a: Okidogi|Gunk Shot|p1a: Corviknight
|-immune|p1a: Corviknight
|
|upkeep
|turn|18
|
|t:|1743924101
|switch|p1a: Slowking|Slowking-Galar, F|100/100
|move|p2a: Okidogi|Drain Punch|p1a: Slowking
|-resisted|p1a: Slowking
|-damage|p1a: Slowking|90/100
|
|upkeep
|turn|19
|
|t:|1743924106
|switch|p1a: Corviknight|Corviknight, M|98/100
|-ability|p1a: Corviknight|Pressure
|move|p2a: Okidogi|Knock Off|p1a: Corviknight
|-damage|p1a: Corviknight|82/100
|
|upkeep
|turn|20
|
|t:|1743924115
|move|p2a: Okidogi|Ice Punch|p1a: Corviknight
|-damage|p1a: Corviknight|64/100
|move|p1a: Corviknight|Iron Defense|p1a: Corviknight
|-boost|p1a: Corviknight|def|2
|
|upkeep
|turn|21
|
|t:|1743924128
|switch|p2a: Enamorus|Enamorus, F|100/100
|move|p1a: Corviknight|Roost|p1a: Corviknight
|-heal|p1a: Corviknight|100/100
|-singleturn|p1a: Corviknight|move: Roost
|
|upkeep
|turn|22
|
|t:|1743924131
|switch|p1a: Slowking|Slowking-Galar, F|100/100
|-terastallize|p2a: Enamorus|Stellar
|move|p2a: Enamorus|Tera Blast|p1a: Slowking|[anim] Tera Blast Stellar
|-damage|p1a: Slowking|76/100
|-boost|p2a: Enamorus|atk|1
|-boost|p2a: Enamorus|spa|1
|
|upkeep
|turn|23
|
|t:|1743924141
|switch|p2a: Okidogi|Okidogi, M|100/100
|move|p1a: Slowking|Thunder Wave|p2a: Okidogi|[miss]
|-miss|p1a: Slowking|p2a: Okidogi
|
|upkeep
|turn|24
|
|t:|1743924146
|switch|p1a: Corviknight|Corviknight, M|100/100
|-ability|p1a: Corviknight|Pressure
|move|p2a: Okidogi|Ice Punch|p1a: Corviknight
|-damage|p1a: Corviknight|83/100
|
|upkeep
|turn|25
|
|t:|1743924160
|move|p2a: Okidogi|Ice Punch|p1a: Corviknight
|-damage|p1a: Corviknight|66/100
|move|p1a: Corviknight|Iron Defense|p1a: Corviknight
|-boost|p1a: Corviknight|def|2
|
|upkeep
|turn|26
|
|t:|1743924181
|move|p2a: Okidogi|Ice Punch|p1a: Corviknight
|-damage|p1a: Corviknight|57/100
|move|p1a: Corviknight|Roost|p1a: Corviknight
|-heal|p1a: Corviknight|100/100
|-singleturn|p1a: Corviknight|move: Roost
|
|upkeep
|turn|27
|
|t:|1743924197
|move|p2a: Okidogi|Ice Punch|p1a: Corviknight
|-damage|p1a: Corviknight|92/100
|move|p1a: Corviknight|Iron Defense|p1a: Corviknight
|-boost|p1a: Corviknight|def|2
|
|upkeep
|turn|28
|
|t:|1743924204
|move|p2a: Okidogi|Ice Punch|p1a: Corviknight
|-damage|p1a: Corviknight|86/100
|move|p1a: Corviknight|Body Press|p2a: Okidogi
|-resisted|p2a: Okidogi
|-damage|p2a: Okidogi|69/100
|
|upkeep
|turn|29
|
|t:|1743924211
|move|p2a: Okidogi|Drain Punch|p1a: Corviknight
|-damage|p1a: Corviknight|76/100
|-heal|p2a: Okidogi|75/100|[from] drain|[of] p1a: Corviknight
|move|p1a: Corviknight|Body Press|p2a: Okidogi
|-resisted|p2a: Okidogi
|-damage|p2a: Okidogi|41/100
|
|upkeep
|turn|30
|
|t:|1743924219
|move|p2a: Okidogi|Drain Punch|p1a: Corviknight
|-damage|p1a: Corviknight|67/100
|-heal|p2a: Okidogi|45/100|[from] drain|[of] p1a: Corviknight
|move|p1a: Corviknight|Body Press|p2a: Okidogi
|-resisted|p2a: Okidogi
|-damage|p2a: Okidogi|15/100
|
|upkeep
|turn|31
|
|t:|1743924223
|move|p2a: Okidogi|Ice Punch|p1a: Corviknight
|-damage|p1a: Corviknight|61/100
|-status|p1a: Corviknight|frz
|cant|p1a: Corviknight|frz
|
|upkeep
|turn|32
|
|t:|1743924234
|switch|p2a: Enamorus|Enamorus, F, tera:Stellar|100/100
|cant|p1a: Corviknight|frz
|
|upkeep
|turn|33
|
|t:|1743924237
|switch|p1a: Slowking|Slowking-Galar, F|100/100
|move|p2a: Enamorus|Tera Blast|p1a: Slowking|[anim] Tera Blast Stellar
|-damage|p1a: Slowking|81/100
|-boost|p2a: Enamorus|atk|1
|-boost|p2a: Enamorus|spa|1
|
|upkeep
|turn|34
|
|t:|1743924246
|switch|p2a: Slowking|Slowking-Galar, F|100/100
|move|p1a: Slowking|Thunder Wave|p2a: Slowking
|-status|p2a: Slowking|par
|
|upkeep
|turn|35
|
|t:|1743924249
|-prepare|p1a: Slowking|Chilly Reception|[premajor]
|move|p1a: Slowking|Chilly Reception|p1a: Slowking
|-weather|Snowscape
|
|t:|1743924254
|switch|p1a: Iron Valiant|Iron Valiant|100/100|[from] Chilly Reception
|-prepare|p2a: Slowking|Chilly Reception|[premajor]
|move|p2a: Slowking|Chilly Reception|p2a: Slowking
|
|t:|1743924276
|switch|p2a: Enamorus|Enamorus, F, tera:Stellar|100/100|[from] Chilly Reception
|
|-weather|Snowscape|[upkeep]
|upkeep
|turn|36
|
|t:|1743924290
|-end|p1a: Iron Valiant|Quark Drive|[silent]
|switch|p1a: Slowking|Slowking-Galar, F|100/100
|move|p2a: Enamorus|Earth Power|p1a: Slowking
|-supereffective|p1a: Slowking
|-damage|p1a: Slowking|51/100
|
|-weather|Snowscape|[upkeep]
|upkeep
|turn|37
|
|t:|1743924298
|switch|p1a: Dondozo|Dondozo, M|100/100
|move|p2a: Enamorus|Earth Power|p1a: Dondozo
|-damage|p1a: Dondozo|79/100
|
|-weather|Snowscape|[upkeep]
|-heal|p1a: Dondozo|85/100|[from] item: Leftovers
|upkeep
|turn|38
|
|t:|1743924302
|switch|p2a: Okidogi|Okidogi, M|15/100
|move|p1a: Dondozo|Curse|p1a: Dondozo
|-unboost|p1a: Dondozo|spe|1
|-boost|p1a: Dondozo|atk|1
|-boost|p1a: Dondozo|def|1
|
|-weather|Snowscape|[upkeep]
|-heal|p1a: Dondozo|91/100|[from] item: Leftovers
|upkeep
|turn|39
|
|t:|1743924305
|move|p2a: Okidogi|Drain Punch|p1a: Dondozo
|-damage|p1a: Dondozo|75/100
|-heal|p2a: Okidogi|26/100|[from] drain|[of] p1a: Dondozo
|-status|p1a: Dondozo|tox|[from] ability: Toxic Chain|[of] p2a: Okidogi
|move|p1a: Dondozo|Liquidation|p2a: Okidogi
|-damage|p2a: Okidogi|0 fnt
|faint|p2a: Okidogi
|
|-weather|none
|-heal|p1a: Dondozo|81/100 tox|[from] item: Leftovers
|-damage|p1a: Dondozo|75/100 tox|[from] psn
|upkeep
|
|t:|1743924317
|switch|p2a: Slowking|Slowking-Galar, F|100/100 par
|turn|40
|
|t:|1743924321
|move|p1a: Dondozo|Rest|p1a: Dondozo
|-status|p1a: Dondozo|slp|[from] move: Rest
|-heal|p1a: Dondozo|100/100 slp|[silent]
|cant|p2a: Slowking|par
|
|upkeep
|turn|41
|
|t:|1743924326
|cant|p1a: Dondozo|slp
|move|p1a: Dondozo|Sleep Talk|p1a: Dondozo
|move|p1a: Dondozo|Rest||[from] move: Sleep Talk|[still]
|-fail|p1a: Dondozo
|-prepare|p2a: Slowking|Chilly Reception|[premajor]
|move|p2a: Slowking|Chilly Reception|p2a: Slowking
|-weather|Snowscape
|
|t:|1743924328
|switch|p2a: Enamorus|Enamorus, F, tera:Stellar|100/100|[from] Chilly Reception
|
|-weather|Snowscape|[upkeep]
|upkeep
|turn|42
|
|t:|1743924334
|move|p2a: Enamorus|Tera Blast|p1a: Dondozo|[anim] Tera Blast Stellar
|-damage|p1a: Dondozo|77/100 slp
|-boost|p2a: Enamorus|atk|1
|-boost|p2a: Enamorus|spa|1
|cant|p1a: Dondozo|slp
|move|p1a: Dondozo|Sleep Talk|p1a: Dondozo
|move|p1a: Dondozo|Curse|p1a: Dondozo|[from] move: Sleep Talk
|-unboost|p1a: Dondozo|spe|1
|-boost|p1a: Dondozo|atk|1
|-boost|p1a: Dondozo|def|1
|
|-weather|Snowscape|[upkeep]
|-heal|p1a: Dondozo|83/100 slp|[from] item: Leftovers
|upkeep
|turn|43
|
|t:|1743924345
|switch|p1a: Slowking|Slowking-Galar, F|84/100
|move|p2a: Enamorus|Tera Blast|p1a: Slowking|[anim] Tera Blast Stellar
|-damage|p1a: Slowking|51/100
|-boost|p2a: Enamorus|atk|1
|-boost|p2a: Enamorus|spa|1
|
|-weather|Snowscape|[upkeep]
|upkeep
|turn|44
|
|t:|1743924352
|move|p2a: Enamorus|Tera Blast|p1a: Slowking|[anim] Tera Blast Stellar
|-crit|p1a: Slowking
|-damage|p1a: Slowking|0 fnt
|-boost|p2a: Enamorus|atk|1
|-boost|p2a: Enamorus|spa|1
|faint|p1a: Slowking
|
|-weather|Snowscape|[upkeep]
|upkeep
|
|t:|1743924359
|switch|p1a: Dondozo|Dondozo, M|83/100 slp
|turn|45
|
|t:|1743924364
|move|p2a: Enamorus|Tera Blast|p1a: Dondozo|[anim] Tera Blast Stellar
|-damage|p1a: Dondozo|60/100 slp
|-boost|p2a: Enamorus|atk|1
|-boost|p2a: Enamorus|spa|1
|-curestatus|p1a: Dondozo|slp|[msg]
|move|p1a: Dondozo|Curse|p1a: Dondozo
|-unboost|p1a: Dondozo|spe|1
|-boost|p1a: Dondozo|atk|1
|-boost|p1a: Dondozo|def|1
|
|-weather|none
|-heal|p1a: Dondozo|67/100|[from] item: Leftovers
|upkeep
|turn|46
|
|t:|1743924368
|move|p2a: Enamorus|Tera Blast|p1a: Dondozo|[anim] Tera Blast Stellar
|-damage|p1a: Dondozo|44/100
|-boost|p2a: Enamorus|atk|1
|-boost|p2a: Enamorus|spa|1
|move|p1a: Dondozo|Rest|p1a: Dondozo
|-status|p1a: Dondozo|slp|[from] move: Rest
|-heal|p1a: Dondozo|100/100 slp|[silent]
|
|upkeep
|turn|47
|
|t:|1743924374
|move|p2a: Enamorus|Tera Blast|p1a: Dondozo|[anim] Tera Blast Stellar
|-damage|p1a: Dondozo|79/100 slp
|-boost|p2a: Enamorus|atk|1
|-boost|p2a: Enamorus|spa|1
|cant|p1a: Dondozo|slp
|move|p1a: Dondozo|Sleep Talk|p1a: Dondozo
|move|p1a: Dondozo|Liquidation|p2a: Enamorus|[from] move: Sleep Talk
|-damage|p2a: Enamorus|33/100
|
|-heal|p1a: Dondozo|85/100 slp|[from] item: Leftovers
|upkeep
|turn|48
|
|t:|1743924379
|switch|p2a: Slowking|Slowking-Galar, F|100/100 par
|cant|p1a: Dondozo|slp
|move|p1a: Dondozo|Sleep Talk|p1a: Dondozo
|move|p1a: Dondozo|Liquidation|p2a: Slowking|[from] move: Sleep Talk
|-damage|p2a: Slowking|57/100 par
|
|-heal|p1a: Dondozo|91/100 slp|[from] item: Leftovers
|upkeep
|turn|49
|
|t:|1743924382
|-curestatus|p1a: Dondozo|slp|[msg]
|move|p1a: Dondozo|Liquidation|p2a: Slowking
|-damage|p2a: Slowking|13/100 par
|-unboost|p2a: Slowking|def|1
|move|p2a: Slowking|Future Sight|p1a: Dondozo
|-start|p2a: Slowking|move: Future Sight
|
|-heal|p1a: Dondozo|98/100|[from] item: Leftovers
|upkeep
|turn|50
|
|t:|1743924388
|move|p1a: Dondozo|Liquidation|p2a: Slowking
|-damage|p2a: Slowking|0 fnt
|faint|p2a: Slowking
|
|-heal|p1a: Dondozo|100/100|[from] item: Leftovers
|upkeep
|
|t:|1743924390
|switch|p2a: Enamorus|Enamorus, F, tera:Stellar|33/100
|turn|51
|
|t:|1743924393
|move|p2a: Enamorus|Moonblast|p1a: Dondozo
|-damage|p1a: Dondozo|58/100
|move|p1a: Dondozo|Liquidation|p2a: Enamorus
|-damage|p2a: Enamorus|0 fnt
|faint|p2a: Enamorus
|
|-end|p1a: Dondozo|move: Future Sight
|-damage|p1a: Dondozo|28/100
|-heal|p1a: Dondozo|34/100|[from] item: Leftovers
|upkeep
|
|t:|1743924399
|switch|p2a: Lokix|Lokix, F|84/100
|turn|52
|
|t:|1743924402
|move|p2a: Lokix|Knock Off|p1a: Dondozo
|-damage|p1a: Dondozo|18/100
|-enditem|p1a: Dondozo|Leftovers|[from] move: Knock Off|[of] p2a: Lokix
|move|p1a: Dondozo|Liquidation|p2a: Lokix
|-damage|p2a: Lokix|22/100
|
|upkeep
|turn|53
|
|t:|1743924407
|move|p2a: Lokix|U-turn|p1a: Dondozo
|-damage|p1a: Dondozo|2/100
|move|p1a: Dondozo|Liquidation|p2a: Lokix
|-damage|p2a: Lokix|0 fnt
|faint|p2a: Lokix
|
|win|Force_ten
|raw|Force_ten's rating: 1468 &rarr; <strong>1490</strong><br />(+22 for winning)
|raw|dia45's rating: 1499 &rarr; <strong>1477</strong><br />(-22 for losing)
|l|☆dia45
|player|p2|
|l|☆Force_ten
|player|p1|
