|j|☆Ill Leave
|j|☆xendra
|t:|1743820407
|gametype|singles
|player|p1|Ill Leave|li|1596
|player|p2|xendra|ethan|1697
|teamsize|p1|6
|teamsize|p2|6
|gen|9
|tier|[Gen 9] OU
|rated|
|rule|HP Percentage Mod: HP is shown in percentages
|rule|Endless Battle Clause: Forcing endless battles is banned
|rule|Species Clause: Limit one of each Pokémon
|rule|OHKO Clause: OHKO moves are banned
|rule|Evasion Items Clause: Evasion items are banned
|rule|Evasion Moves Clause: Evasion moves are banned
|rule|Sleep Moves Clause: Sleep-inducing moves are banned
|clearpoke
|poke|p1|Ursaluna, M|
|poke|p1|Alomomola, F|
|poke|p1|Skarmory, M|
|poke|p1|Heatran, M|
|poke|p1|Garganacl, M|
|poke|p1|Mandibuzz, F|
|poke|p2|Tyranitar, F|
|poke|p2|Excadrill, M|
|poke|p2|Hydreigon, F|
|poke|p2|Meowscarada, F|
|poke|p2|Slowking-Galar, M|
|poke|p2|Corviknight, M|
|teampreview
|j| helintianxia
|inactive|Battle timer is ON: inactive players will automatically lose when time's up. (requested by Ill Leave)
|
|t:|1743820437
|start
|switch|p1a: Heatran|Heatran, M|100/100
|switch|p2a: Hydreigon|Hydreigon, F|100/100
|turn|1
|
|t:|1743820452
|switch|p2a: Slowking|Slowking-Galar, M|100/100
|move|p1a: Heatran|Stealth Rock|p2a: Slowking
|-sidestart|p2: xendra|move: Stealth Rock
|
|upkeep
|turn|2
|
|t:|1743820457
|move|p1a: Heatran|Magma Storm|p2a: Slowking
|-damage|p2a: Slowking|75/100
|-activate|p2a: Slowking|move: Magma Storm|[of] p1a: Heatran
|-prepare|p2a: Slowking|Chilly Reception|[premajor]
|move|p2a: Slowking|Chilly Reception|p2a: Slowking
|-weather|Snowscape
|
|t:|1743820461
|switch|p2a: Tyranitar|Tyranitar, F|100/100|[from] Chilly Reception
|-damage|p2a: Tyranitar|88/100|[from] Stealth Rock
|-weather|Sandstorm|[from] ability: Sand Stream|[of] p2a: Tyranitar
|
|-weather|Sandstorm|[upkeep]
|upkeep
|turn|3
|
|t:|1743820466
|switch|p1a: Skarmory|Skarmory, M|100/100
|move|p2a: Tyranitar|Knock Off|p1a: Skarmory
|-damage|p1a: Skarmory|72/100
|-damage|p2a: Tyranitar|72/100|[from] item: Rocky Helmet|[of] p1a: Skarmory
|-enditem|p1a: Skarmory|Rocky Helmet|[from] move: Knock Off|[of] p2a: Tyranitar
|
|-weather|Sandstorm|[upkeep]
|upkeep
|turn|4
|
|t:|1743820471
|switch|p2a: Corviknight|Corviknight, M|100/100
|-damage|p2a: Corviknight|88/100|[from] Stealth Rock
|-ability|p2a: Corviknight|Pressure
|move|p1a: Skarmory|Spikes|p2a: Corviknight
|-sidestart|p2: xendra|Spikes
|
|-weather|Sandstorm|[upkeep]
|upkeep
|turn|5
|
|t:|1743820478
|switch|p1a: Alomomola|Alomomola, F|100/100
|move|p2a: Corviknight|Defog|p1a: Alomomola
|-unboost|p1a: Alomomola|evasion|1
|-sideend|p2: xendra|Spikes|[from] move: Defog|[of] p2a: Corviknight
|-sideend|p2: xendra|Stealth Rock|[from] move: Defog|[of] p2a: Corviknight
|
|-weather|Sandstorm|[upkeep]
|-damage|p1a: Alomomola|94/100|[from] Sandstorm
|upkeep
|turn|6
|
|t:|1743820483
|move|p2a: Corviknight|U-turn|p1a: Alomomola
|-damage|p1a: Alomomola|86/100
|
|t:|1743820487
|switch|p2a: Meowscarada|Meowscarada, F|100/100|[from] U-turn
|move|p1a: Alomomola|Scald|p2a: Meowscarada
|-resisted|p2a: Meowscarada
|-damage|p2a: Meowscarada|88/100
|
|-weather|none
|upkeep
|turn|7
|
|t:|1743820500
|move|p2a: Meowscarada|U-turn|p1a: Alomomola
|-start|p2a: Meowscarada|typechange|Bug|[from] ability: Protean
|-damage|p1a: Alomomola|64/100
|-damage|p2a: Meowscarada|78/100|[from] item: Life Orb
|
|t:|1743820506
|switch|p2a: Corviknight|Corviknight, M|88/100|[from] U-turn
|-ability|p2a: Corviknight|Pressure
|move|p1a: Alomomola|Scald|p2a: Corviknight
|-damage|p2a: Corviknight|75/100
|-status|p2a: Corviknight|brn
|
|-damage|p2a: Corviknight|69/100 brn|[from] brn
|upkeep
|turn|8
|
|t:|1743820516
|move|p2a: Corviknight|U-turn|p1a: Alomomola
|-damage|p1a: Alomomola|60/100
|
|t:|1743820518
|switch|p2a: Slowking|Slowking-Galar, M|100/100|[from] U-turn
|move|p1a: Alomomola|Scald|p2a: Slowking
|-damage|p2a: Slowking|92/100
|-status|p2a: Slowking|brn
|
|-damage|p2a: Slowking|86/100 brn|[from] brn
|upkeep
|turn|9
|
|t:|1743820522
|switch|p1a: Heatran|Heatran, M|100/100
|-prepare|p2a: Slowking|Chilly Reception|[premajor]
|move|p2a: Slowking|Chilly Reception|p2a: Slowking
|-weather|Snowscape
|
|t:|1743820525
|switch|p2a: Tyranitar|Tyranitar, F|72/100|[from] Chilly Reception
|-weather|Sandstorm|[from] ability: Sand Stream|[of] p2a: Tyranitar
|
|-weather|Sandstorm|[upkeep]
|upkeep
|turn|10
|
|t:|1743820529
|switch|p1a: Skarmory|Skarmory, M|72/100
|move|p2a: Tyranitar|Knock Off|p1a: Skarmory
|-damage|p1a: Skarmory|50/100
|
|-weather|Sandstorm|[upkeep]
|upkeep
|turn|11
|
|t:|1743820534
|switch|p2a: Slowking|Slowking-Galar, M|100/100 brn
|move|p1a: Skarmory|Spikes|p2a: Slowking
|-sidestart|p2: xendra|Spikes
|
|-weather|Sandstorm|[upkeep]
|-damage|p2a: Slowking|94/100 brn|[from] Sandstorm
|-damage|p2a: Slowking|88/100 brn|[from] brn
|upkeep
|turn|12
|
|t:|1743820538
|move|p1a: Skarmory|Roost|p1a: Skarmory
|-heal|p1a: Skarmory|99/100
|-singleturn|p1a: Skarmory|move: Roost
|move|p2a: Slowking|Future Sight|p1a: Skarmory
|-start|p2a: Slowking|move: Future Sight
|
|-weather|Sandstorm|[upkeep]
|-damage|p2a: Slowking|82/100 brn|[from] Sandstorm
|-damage|p2a: Slowking|76/100 brn|[from] brn
|upkeep
|turn|13
|
|t:|1743820543
|switch|p1a: Mandibuzz|Mandibuzz, F|100/100
|move|p2a: Slowking|Flamethrower|p1a: Mandibuzz
|-damage|p1a: Mandibuzz|80/100
|
|-weather|none
|-damage|p2a: Slowking|70/100 brn|[from] brn
|upkeep
|turn|14
|
|t:|1743820553
|switch|p2a: Corviknight|Corviknight, M|69/100 brn
|-ability|p2a: Corviknight|Pressure
|move|p1a: Mandibuzz|Knock Off|p2a: Corviknight
|-damage|p2a: Corviknight|57/100 brn
|-damage|p1a: Mandibuzz|64/100|[from] item: Rocky Helmet|[of] p2a: Corviknight
|-enditem|p2a: Corviknight|Rocky Helmet|[from] move: Knock Off|[of] p1a: Mandibuzz
|
|-end|p1a: Mandibuzz|move: Future Sight
|-immune|p1a: Mandibuzz
|-damage|p2a: Corviknight|51/100 brn|[from] brn
|upkeep
|turn|15
|
|t:|1743820564
|switch|p1a: Heatran|Heatran, M|100/100
|move|p2a: Corviknight|Roost|p2a: Corviknight
|-heal|p2a: Corviknight|100/100 brn
|-singleturn|p2a: Corviknight|move: Roost
|
|-damage|p2a: Corviknight|94/100 brn|[from] brn
|upkeep
|turn|16
|
|t:|1743820572
|move|p1a: Heatran|Magma Storm|p2a: Corviknight
|-supereffective|p2a: Corviknight
|-damage|p2a: Corviknight|10/100 brn
|-activate|p2a: Corviknight|move: Magma Storm|[of] p1a: Heatran
|move|p2a: Corviknight|Defog|p1a: Heatran
|-unboost|p1a: Heatran|evasion|1
|-sideend|p2: xendra|Spikes|[from] move: Defog|[of] p2a: Corviknight
|
|-damage|p2a: Corviknight|4/100 brn|[from] brn
|-damage|p2a: Corviknight|0 fnt|[from] move: Magma Storm|[partiallytrapped]
|faint|p2a: Corviknight
|upkeep
|
|t:|1743820579
|switch|p2a: Excadrill|Excadrill, M|100/100
|-item|p2a: Excadrill|Air Balloon
|turn|17
|
|t:|1743820586
|switch|p2a: Tyranitar|Tyranitar, F|72/100
|-weather|Sandstorm|[from] ability: Sand Stream|[of] p2a: Tyranitar
|switch|p1a: Alomomola|Alomomola, F|94/100
|
|-weather|Sandstorm|[upkeep]
|-damage|p1a: Alomomola|87/100|[from] Sandstorm
|upkeep
|turn|18
|
|t:|1743820591
|move|p2a: Tyranitar|Knock Off|p1a: Alomomola
|-damage|p1a: Alomomola|58/100
|-enditem|p1a: Alomomola|Heavy-Duty Boots|[from] move: Knock Off|[of] p2a: Tyranitar
|move|p1a: Alomomola|Flip Turn|p2a: Tyranitar
|-supereffective|p2a: Tyranitar
|-damage|p2a: Tyranitar|48/100
|
|t:|1743820595
|switch|p1a: Skarmory|Skarmory, M|99/100|[from] Flip Turn
|
|-weather|Sandstorm|[upkeep]
|upkeep
|turn|19
|
|t:|1743820599
|switch|p2a: Meowscarada|Meowscarada, F|78/100
|move|p1a: Skarmory|Spikes|p2a: Meowscarada
|-sidestart|p2: xendra|Spikes
|
|-weather|Sandstorm|[upkeep]
|-damage|p2a: Meowscarada|72/100|[from] Sandstorm
|upkeep
|turn|20
|
|t:|1743820605
|move|p2a: Meowscarada|Spikes|p1a: Skarmory
|-start|p2a: Meowscarada|typechange|Ground|[from] ability: Protean
|-sidestart|p1: Ill Leave|Spikes
|move|p1a: Skarmory|Spikes|p2a: Meowscarada
|-sidestart|p2: xendra|Spikes
|
|-weather|Sandstorm|[upkeep]
|upkeep
|turn|21
|
|t:|1743820610
|move|p2a: Meowscarada|Spikes|p1a: Skarmory
|-sidestart|p1: Ill Leave|Spikes
|move|p1a: Skarmory|Brave Bird|p2a: Meowscarada
|-damage|p2a: Meowscarada|17/100
|-damage|p1a: Skarmory|84/100|[from] Recoil
|
|-weather|none
|upkeep
|turn|22
|
|t:|1743820618
|move|p2a: Meowscarada|Spikes|p1a: Skarmory
|-sidestart|p1: Ill Leave|Spikes
|move|p1a: Skarmory|Spikes|p2a: Meowscarada
|-sidestart|p2: xendra|Spikes
|
|upkeep
|turn|23
|
|t:|1743820626
|move|p2a: Meowscarada|Power Gem|p1a: Skarmory
|-damage|p1a: Skarmory|47/100
|-damage|p2a: Meowscarada|7/100|[from] item: Life Orb
|move|p1a: Skarmory|Roost|p1a: Skarmory
|-heal|p1a: Skarmory|97/100
|-singleturn|p1a: Skarmory|move: Roost
|
|upkeep
|turn|24
|
|t:|1743820631
|move|p2a: Meowscarada|Power Gem|p1a: Skarmory
|-damage|p1a: Skarmory|60/100
|-damage|p2a: Meowscarada|0 fnt|[from] item: Life Orb
|faint|p2a: Meowscarada
|move|p1a: Skarmory|Roost|p1a: Skarmory
|-heal|p1a: Skarmory|100/100
|-singleturn|p1a: Skarmory|move: Roost
|
|upkeep
|
|t:|1743820634
|switch|p2a: Hydreigon|Hydreigon, F|100/100
|turn|25
|
|t:|1743820643
|switch|p1a: Alomomola|Alomomola, F|91/100
|-damage|p1a: Alomomola|66/100|[from] Spikes
|move|p2a: Hydreigon|Nasty Plot|p2a: Hydreigon
|-boost|p2a: Hydreigon|spa|2
|
|upkeep
|turn|26
|
|t:|1743820651
|-terastallize|p2a: Hydreigon|Steel
|move|p2a: Hydreigon|Substitute|p2a: Hydreigon
|-start|p2a: Hydreigon|Substitute
|-damage|p2a: Hydreigon|76/100
|move|p1a: Alomomola|Wish|p1a: Alomomola
|
|-heal|p2a: Hydreigon|82/100|[from] item: Leftovers
|upkeep
|turn|27
|
|t:|1743820660
|switch|p1a: Skarmory|Skarmory, M|100/100
|move|p2a: Hydreigon|Dark Pulse|p1a: Skarmory
|-ability|p1a: Skarmory|Sturdy
|-damage|p1a: Skarmory|1/100
|
|-heal|p1a: Skarmory|71/100|[from] move: Wish|[wisher] Alomomola
|-heal|p2a: Hydreigon|88/100|[from] item: Leftovers
|upkeep
|turn|28
|c|☆xendra|Five Nights at Freddy
|
|t:|1743820686
|move|p2a: Hydreigon|Dark Pulse|p1a: Skarmory
|-damage|p1a: Skarmory|0 fnt
|faint|p1a: Skarmory
|
|-heal|p2a: Hydreigon|94/100|[from] item: Leftovers
|upkeep
|
|t:|1743820688
|switch|p1a: Mandibuzz|Mandibuzz, F|64/100
|turn|29
|
|t:|1743820697
|move|p2a: Hydreigon|Flamethrower|p1a: Mandibuzz
|-damage|p1a: Mandibuzz|12/100
|move|p1a: Mandibuzz|Knock Off|p2a: Hydreigon
|-activate|p2a: Hydreigon|move: Substitute|[damage]
|
|-heal|p2a: Hydreigon|99/100|[from] item: Leftovers
|upkeep
|turn|30
|
|t:|1743820702
|move|p2a: Hydreigon|Flamethrower|p1a: Mandibuzz
|-damage|p1a: Mandibuzz|0 fnt
|faint|p1a: Mandibuzz
|
|-heal|p2a: Hydreigon|100/100|[from] item: Leftovers
|upkeep
|
|t:|1743820704
|switch|p1a: Heatran|Heatran, M|100/100
|-damage|p1a: Heatran|76/100|[from] Spikes
|turn|31
|
|t:|1743820708
|move|p2a: Hydreigon|Dark Pulse|p1a: Heatran
|-damage|p1a: Heatran|26/100
|move|p1a: Heatran|Magma Storm|p2a: Hydreigon
|-supereffective|p2a: Hydreigon
|-end|p2a: Hydreigon|Substitute
|
|-heal|p1a: Heatran|32/100|[from] item: Leftovers
|upkeep
|turn|32
|
|t:|1743820719
|move|p2a: Hydreigon|Dark Pulse|p1a: Heatran
|-damage|p1a: Heatran|0 fnt
|faint|p1a: Heatran
|
|upkeep
|
|t:|1743820724
|switch|p1a: Ursaluna|Ursaluna, M|100/100
|-damage|p1a: Ursaluna|76/100|[from] Spikes
|turn|33
|
|t:|1743820729
|move|p2a: Hydreigon|Dark Pulse|p1a: Ursaluna
|-damage|p1a: Ursaluna|15/100
|move|p1a: Ursaluna|Fire Punch|p2a: Hydreigon
|-supereffective|p2a: Hydreigon
|-damage|p2a: Hydreigon|43/100
|-status|p2a: Hydreigon|brn
|
|-heal|p2a: Hydreigon|49/100 brn|[from] item: Leftovers
|-heal|p1a: Ursaluna|21/100|[from] item: Leftovers
|-damage|p2a: Hydreigon|43/100 brn|[from] brn
|upkeep
|turn|34
|
|t:|1743820745
|move|p2a: Hydreigon|Dark Pulse|p1a: Ursaluna
|-damage|p1a: Ursaluna|0 fnt
|faint|p1a: Ursaluna
|
|-heal|p2a: Hydreigon|49/100 brn|[from] item: Leftovers
|-damage|p2a: Hydreigon|43/100 brn|[from] brn
|upkeep
|
|t:|1743820747
|switch|p1a: Garganacl|Garganacl, M|100/100
|-damage|p1a: Garganacl|75/100|[from] Spikes
|turn|35
|j| first blast
|l| first blast
|
|t:|1743820767
|move|p2a: Hydreigon|Dark Pulse|p1a: Garganacl
|-damage|p1a: Garganacl|15/100
|move|p1a: Garganacl|Salt Cure|p2a: Hydreigon
|-resisted|p2a: Hydreigon
|-damage|p2a: Hydreigon|35/100 brn
|-start|p2a: Hydreigon|Salt Cure
|
|-heal|p2a: Hydreigon|41/100 brn|[from] item: Leftovers
|-heal|p1a: Garganacl|22/100|[from] item: Leftovers
|-damage|p2a: Hydreigon|35/100 brn|[from] brn
|-damage|p2a: Hydreigon|10/100 brn|[from] Salt Cure
|upkeep
|turn|36
|j| MiniLarry
|
|t:|1743820779
|move|p2a: Hydreigon|Dark Pulse|p1a: Garganacl
|-damage|p1a: Garganacl|0 fnt
|faint|p1a: Garganacl
|
|-heal|p2a: Hydreigon|16/100 brn|[from] item: Leftovers
|-damage|p2a: Hydreigon|10/100 brn|[from] brn
|-damage|p2a: Hydreigon|0 fnt|[from] Salt Cure
|faint|p2a: Hydreigon
|upkeep
|
|t:|1743820782
|switch|p2a: Slowking|Slowking-Galar, M|100/100 brn
|switch|p1a: Alomomola|Alomomola, F|99/100
|-damage|p1a: Alomomola|74/100|[from] Spikes
|turn|37
|l| MiniLarry
|j| MiniLarry
|
|t:|1743820787
|move|p1a: Alomomola|Scald|p2a: Slowking
|-damage|p2a: Slowking|93/100 brn
|move|p2a: Slowking|Future Sight|p1a: Alomomola
|-start|p2a: Slowking|move: Future Sight
|
|-damage|p2a: Slowking|87/100 brn|[from] brn
|upkeep
|turn|38
|l| MiniLarry
|
|t:|1743820791
|move|p1a: Alomomola|Flip Turn|p2a: Slowking
|-damage|p2a: Slowking|68/100 brn
|move|p2a: Slowking|Sludge Bomb|p1a: Alomomola
|-damage|p1a: Alomomola|44/100
|-status|p1a: Alomomola|psn
|
|-damage|p1a: Alomomola|31/100 psn|[from] psn
|-damage|p2a: Slowking|62/100 brn|[from] brn
|upkeep
|turn|39
|-message|Ill Leave forfeited.
|
|win|xendra
|raw|Ill Leave's rating: 1596 &rarr; <strong>1582</strong><br />(-14 for losing)
|raw|xendra's rating: 1697 &rarr; <strong>1711</strong><br />(+14 for winning)
|l|☆Ill Leave
|player|p1|
|l| helintianxia
|j| sacrum
|l| sacrum
