|j|☆duckles98
|j|☆Felikeruto
|t:|1743893684
|gametype|singles
|player|p1|duckles98|dancer|1072
|player|p2|Felikeruto|265|1093
|teamsize|p1|6
|teamsize|p2|6
|gen|9
|tier|[Gen 9] OU
|rated|
|rule|HP Percentage Mod: HP is shown in percentages
|rule|Endless Battle Clause: Forcing endless battles is banned
|rule|Species Clause: Limit one of each Pokémon
|rule|OHKO Clause: OHKO moves are banned
|rule|Evasion Items Clause: Evasion items are banned
|rule|Evasion Moves Clause: Evasion moves are banned
|rule|Sleep Moves Clause: Sleep-inducing moves are banned
|clearpoke
|poke|p1|Crocalor, F|
|poke|p1|Oricorio-Sensu, M|
|poke|p1|Lurantis, M|
|poke|p1|Blissey, F|
|poke|p1|Glimmora, M|
|poke|p1|Leavanny, M|
|poke|p2|Arcanine-Hisui, M|
|poke|p2|Umbreon, F|
|poke|p2|Florges, F|
|poke|p2|Ditto|
|poke|p2|Toxtricity, M|
|poke|p2|Forretress, F|
|teampreview
|inactive|Battle timer is ON: inactive players will automatically lose when time's up. (requested by duckles98)
|
|t:|1743893702
|start
|switch|p1a: Leavanny|Leavanny, M|100/100
|switch|p2a: Toxtricity|Toxtricity, M|100/100
|turn|1
|
|t:|1743893708
|move|p1a: Leavanny|Sticky Web|p2a: Toxtricity
|-sidestart|p2: Felikeruto|move: Sticky Web
|move|p2a: Toxtricity|Sludge Wave|p1a: Leavanny
|-supereffective|p1a: Leavanny
|-enditem|p1a: Leavanny|Focus Sash
|-damage|p1a: Leavanny|1/100
|
|upkeep
|turn|2
|
|t:|1743893714
|move|p1a: Leavanny|Knock Off|p2a: Toxtricity
|-damage|p2a: Toxtricity|52/100
|-enditem|p2a: Toxtricity|Throat Spray|[from] move: Knock Off|[of] p1a: Leavanny
|move|p2a: Toxtricity|Trailblaze|p1a: Leavanny
|-resisted|p1a: Leavanny
|-damage|p1a: Leavanny|0 fnt
|-boost|p2a: Toxtricity|spe|1
|faint|p1a: Leavanny
|
|upkeep
|
|t:|1743893726
|switch|p1a: Glimmora|Glimmora, M|100/100
|turn|3
|
|t:|1743893729
|-terastallize|p2a: Toxtricity|Normal
|move|p1a: Glimmora|Meteor Beam||[still]
|-prepare|p1a: Glimmora|Meteor Beam
|-boost|p1a: Glimmora|spa|1
|-enditem|p1a: Glimmora|Power Herb
|-anim|p1a: Glimmora|Meteor Beam|p2a: Toxtricity
|-damage|p2a: Toxtricity|0 fnt
|faint|p2a: Toxtricity
|
|upkeep
|
|t:|1743893740
|switch|p2a: Florges|Florges, F|100/100
|-activate|p2a: Florges|move: Sticky Web
|-unboost|p2a: Florges|spe|1
|turn|4
|
|t:|1743893747
|move|p1a: Glimmora|Mortal Spin|p2a: Florges
|-supereffective|p2a: Florges
|-damage|p2a: Florges|82/100
|-status|p2a: Florges|psn
|move|p2a: Florges|Calm Mind|p2a: Florges
|-boost|p2a: Florges|spa|1
|-boost|p2a: Florges|spd|1
|
|-heal|p2a: Florges|88/100 psn|[from] item: Leftovers
|-damage|p2a: Florges|76/100 psn|[from] psn
|upkeep
|turn|5
|
|t:|1743893760
|move|p1a: Glimmora|Meteor Beam||[still]
|-prepare|p1a: Glimmora|Meteor Beam
|-boost|p1a: Glimmora|spa|1
|move|p2a: Florges|Calm Mind|p2a: Florges
|-boost|p2a: Florges|spa|1
|-boost|p2a: Florges|spd|1
|
|-heal|p2a: Florges|82/100 psn|[from] item: Leftovers
|-damage|p2a: Florges|69/100 psn|[from] psn
|upkeep
|turn|6
|
|t:|1743893768
|move|p1a: Glimmora|Meteor Beam|p2a: Florges|[from] lockedmove
|-damage|p2a: Florges|32/100 psn
|move|p2a: Florges|Stored Power|p1a: Glimmora
|-supereffective|p1a: Glimmora
|-damage|p1a: Glimmora|0 fnt
|faint|p1a: Glimmora
|
|-heal|p2a: Florges|38/100 psn|[from] item: Leftovers
|-damage|p2a: Florges|25/100 psn|[from] psn
|upkeep
|
|t:|1743893777
|switch|p1a: Lurantis|Lurantis, M, shiny|100/100
|turn|7
|
|t:|1743893780
|switch|p2a: Forretress|Forretress, F|100/100
|-activate|p2a: Forretress|move: Sticky Web
|-unboost|p2a: Forretress|spe|1
|move|p1a: Lurantis|Leaf Storm|p2a: Forretress
|-resisted|p2a: Forretress
|-damage|p2a: Forretress|87/100
|-boost|p1a: Lurantis|spa|2
|
|-heal|p2a: Forretress|93/100|[from] item: Leftovers
|upkeep
|turn|8
|
|t:|1743893790
|move|p1a: Lurantis|Superpower|p2a: Forretress
|-damage|p2a: Forretress|76/100
|-boost|p1a: Lurantis|atk|1
|-boost|p1a: Lurantis|def|1
|move|p2a: Forretress|Rapid Spin|p1a: Lurantis
|-damage|p1a: Lurantis|91/100
|-boost|p2a: Forretress|spe|1
|-sideend|p2: Felikeruto|Sticky Web|[from] move: Rapid Spin|[of] p2a: Forretress
|
|-heal|p2a: Forretress|82/100|[from] item: Leftovers
|upkeep
|turn|9
|
|t:|1743893799
|move|p1a: Lurantis|Superpower|p2a: Forretress
|-damage|p2a: Forretress|58/100
|-boost|p1a: Lurantis|atk|1
|-boost|p1a: Lurantis|def|1
|move|p2a: Forretress|Thunder Wave|p1a: Lurantis
|-status|p1a: Lurantis|par
|
|-heal|p2a: Forretress|64/100|[from] item: Leftovers
|upkeep
|turn|10
|
|t:|1743893807
|move|p2a: Forretress|Gyro Ball|p1a: Lurantis
|-damage|p1a: Lurantis|88/100 par
|move|p1a: Lurantis|Superpower|p2a: Forretress
|-damage|p2a: Forretress|32/100
|-boost|p1a: Lurantis|atk|1
|-boost|p1a: Lurantis|def|1
|
|-heal|p2a: Forretress|38/100|[from] item: Leftovers
|upkeep
|turn|11
|
|t:|1743893815
|move|p2a: Forretress|Pain Split|p1a: Lurantis
|-sethp|p1a: Lurantis|63/100 par|[from] move: Pain Split|[silent]
|-sethp|p2a: Forretress|62/100|[from] move: Pain Split
|move|p1a: Lurantis|Superpower|p2a: Forretress
|-damage|p2a: Forretress|24/100
|-boost|p1a: Lurantis|atk|1
|-boost|p1a: Lurantis|def|1
|
|-heal|p2a: Forretress|30/100|[from] item: Leftovers
|upkeep
|turn|12
|
|t:|1743893827
|move|p2a: Forretress|Pain Split|p1a: Lurantis
|-sethp|p1a: Lurantis|47/100 par|[from] move: Pain Split|[silent]
|-sethp|p2a: Forretress|46/100|[from] move: Pain Split
|move|p1a: Lurantis|Superpower|p2a: Forretress
|-damage|p2a: Forretress|0 fnt
|-boost|p1a: Lurantis|atk|1
|-boost|p1a: Lurantis|def|1
|faint|p2a: Forretress
|
|upkeep
|
|t:|1743893837
|switch|p2a: Ditto|Ditto|100/100
|-transform|p2a: Ditto|p1a: Lurantis|[from] ability: Imposter
|turn|13
|
|t:|1743893849
|-terastallize|p1a: Lurantis|Fighting
|move|p2a: Ditto|Leech Life|p1a: Lurantis
|-resisted|p1a: Lurantis
|-damage|p1a: Lurantis|35/100 par
|move|p1a: Lurantis|Leech Life|p2a: Ditto
|-supereffective|p2a: Ditto
|-damage|p2a: Ditto|30/100
|-heal|p1a: Lurantis|59/100 par|[from] drain|[of] p2a: Ditto
|
|upkeep
|turn|14
|
|t:|1743893860
|switch|p2a: Arcanine|Arcanine-Hisui, M, shiny|100/100
|move|p1a: Lurantis|Leech Life|p2a: Arcanine
|-resisted|p2a: Arcanine
|-damage|p2a: Arcanine|57/100
|-heal|p1a: Lurantis|80/100 par|[from] drain|[of] p2a: Arcanine
|
|upkeep
|turn|15
|
|t:|1743893868
|move|p2a: Arcanine|Flare Blitz|p1a: Lurantis
|-damage|p1a: Lurantis|52/100 par
|cant|p1a: Lurantis|par
|
|upkeep
|turn|16
|
|t:|1743893875
|move|p2a: Arcanine|Flare Blitz|p1a: Lurantis
|-damage|p1a: Lurantis|22/100 par
|-enditem|p1a: Lurantis|Aguav Berry|[eat]
|-heal|p1a: Lurantis|55/100 par|[from] item: Aguav Berry
|cant|p1a: Lurantis|par
|
|upkeep
|turn|17
|
|t:|1743893882
|move|p2a: Arcanine|Flare Blitz|p1a: Lurantis
|-damage|p1a: Lurantis|25/100 par
|move|p1a: Lurantis|Leaf Storm|p2a: Arcanine|[miss]
|-miss|p1a: Lurantis|p2a: Arcanine
|
|upkeep
|turn|18
|
|t:|1743893888
|move|p2a: Arcanine|Flare Blitz|p1a: Lurantis
|-damage|p1a: Lurantis|0 fnt
|faint|p1a: Lurantis
|
|upkeep
|
|t:|1743893897
|switch|p1a: Oricorio|Oricorio-Sensu, M|100/100
|turn|19
|
|t:|1743893899
|move|p2a: Arcanine|Flare Blitz|p1a: Oricorio
|-damage|p1a: Oricorio|29/100
|move|p1a: Oricorio|Quiver Dance|p1a: Oricorio
|-boost|p1a: Oricorio|spa|1
|-boost|p1a: Oricorio|spd|1
|-boost|p1a: Oricorio|spe|1
|
|upkeep
|turn|20
|
|t:|1743893906
|move|p1a: Oricorio|Revelation Dance|p2a: Arcanine
|-damage|p2a: Arcanine|0 fnt
|faint|p2a: Arcanine
|
|upkeep
|
|t:|1743893910
|switch|p2a: Ditto|Ditto|30/100
|-transform|p2a: Ditto|p1a: Oricorio|[from] ability: Imposter
|turn|21
|
|t:|1743893915
|move|p2a: Ditto|Revelation Dance|p1a: Oricorio
|-supereffective|p1a: Oricorio
|-damage|p1a: Oricorio|0 fnt
|faint|p1a: Oricorio
|
|upkeep
|
|t:|1743893921
|switch|p1a: Blissey|Blissey, F|100/100
|turn|22
|
|t:|1743893925
|switch|p2a: Umbreon|Umbreon, F, shiny|100/100
|move|p1a: Blissey|Blizzard|p2a: Umbreon|[miss]
|-miss|p1a: Blissey|p2a: Umbreon
|
|upkeep
|turn|23
|
|t:|1743893931
|move|p2a: Umbreon|Toxic|p1a: Blissey
|-status|p1a: Blissey|tox
|move|p1a: Blissey|Flamethrower|p2a: Umbreon
|-damage|p2a: Umbreon|92/100
|
|-heal|p2a: Umbreon|98/100|[from] item: Leftovers
|-damage|p1a: Blissey|94/100 tox|[from] psn
|upkeep
|turn|24
|
|t:|1743893938
|move|p2a: Umbreon|Wish|p2a: Umbreon
|move|p1a: Blissey|Blizzard|p2a: Umbreon
|-damage|p2a: Umbreon|88/100
|
|-heal|p2a: Umbreon|94/100|[from] item: Leftovers
|-heal|p1a: Blissey|100/100 tox|[from] item: Leftovers
|-damage|p1a: Blissey|88/100 tox|[from] psn
|upkeep
|turn|25
|
|t:|1743893947
|switch|p2a: Ditto|Ditto|30/100
|-transform|p2a: Ditto|p1a: Blissey|[from] ability: Imposter
|move|p1a: Blissey|Blizzard|p2a: Ditto|[miss]
|-miss|p1a: Blissey|p2a: Ditto
|
|-heal|p2a: Ditto|100/100|[from] move: Wish|[wisher] Umbreon
|-heal|p1a: Blissey|94/100 tox|[from] item: Leftovers
|-damage|p1a: Blissey|76/100 tox|[from] psn
|upkeep
|turn|26
|
|t:|1743893965
|move|p2a: Ditto|Seismic Toss|p1a: Blissey
|-damage|p1a: Blissey|62/100 tox
|move|p1a: Blissey|Seismic Toss|p2a: Ditto
|-damage|p2a: Ditto|58/100
|
|-heal|p1a: Blissey|68/100 tox|[from] item: Leftovers
|-damage|p1a: Blissey|43/100 tox|[from] psn
|upkeep
|turn|27
|
|t:|1743893974
|switch|p2a: Umbreon|Umbreon, F, shiny|94/100
|move|p1a: Blissey|Seismic Toss|p2a: Umbreon
|-damage|p2a: Umbreon|69/100
|
|-heal|p2a: Umbreon|75/100|[from] item: Leftovers
|-heal|p1a: Blissey|50/100 tox|[from] item: Leftovers
|-damage|p1a: Blissey|19/100 tox|[from] psn
|upkeep
|turn|28
|
|t:|1743893983
|move|p2a: Umbreon|Wish|p2a: Umbreon
|move|p1a: Blissey|Seismic Toss|p2a: Umbreon
|-damage|p2a: Umbreon|49/100
|
|-heal|p2a: Umbreon|55/100|[from] item: Leftovers
|-heal|p1a: Blissey|25/100 tox|[from] item: Leftovers
|-damage|p1a: Blissey|0 fnt|[from] psn
|faint|p1a: Blissey
|upkeep
|
|t:|1743893991
|switch|p1a: Crocalor|Crocalor, F|100/100
|turn|29
|
|t:|1743893996
|move|p2a: Umbreon|Toxic|p1a: Crocalor
|-status|p1a: Crocalor|tox
|move|p1a: Crocalor|Hyper Voice|p2a: Umbreon
|-damage|p2a: Umbreon|45/100
|
|-heal|p2a: Umbreon|95/100|[from] move: Wish|[wisher] Umbreon
|-heal|p2a: Umbreon|100/100|[from] item: Leftovers
|-damage|p1a: Crocalor|94/100 tox|[from] psn
|upkeep
|turn|30
|-message|duckles98 forfeited.
|
|win|Felikeruto
|raw|duckles98's rating: 1072 &rarr; <strong>1052</strong><br />(-20 for losing)
|raw|Felikeruto's rating: 1093 &rarr; <strong>1117</strong><br />(+24 for winning)
|l|☆duckles98
|player|p1|
|l|☆Felikeruto
|player|p2|
