|j|☆sumerand
|j|☆Driz0
|t:|1743888660
|gametype|singles
|player|p1|sumerand|ghetsis|1258
|player|p2|Driz0|169|1291
|teamsize|p1|6
|teamsize|p2|6
|gen|9
|tier|[Gen 9] OU
|rated|
|rule|HP Percentage Mod: HP is shown in percentages
|rule|Endless Battle Clause: Forcing endless battles is banned
|rule|Species Clause: Limit one of each Pokémon
|rule|OHKO Clause: OHKO moves are banned
|rule|Evasion Items Clause: Evasion items are banned
|rule|Evasion Moves Clause: Evasion moves are banned
|rule|Sleep Moves Clause: Sleep-inducing moves are banned
|clearpoke
|poke|p1|Inteleon, M|
|poke|p1|Dragapult, M|
|poke|p1|Cinderace, M|
|poke|p1|Corviknight, F|
|poke|p1|Alomomola, F|
|poke|p1|Ting-Lu|
|poke|p2|Bellibolt, F|
|poke|p2|Bisharp, F|
|poke|p2|Froslass, F|
|poke|p2|Great Tusk|
|poke|p2|Iron Valiant|
|poke|p2|Gholdengo|
|teampreview
|inactive|Battle timer is ON: inactive players will automatically lose when time's up. (requested by Driz0)
|
|t:|1743888687
|start
|switch|p1a: Cinderace|Cinderace, M|100/100
|switch|p2a: Froslass|Froslass, F|100/100
|turn|1
|
|t:|1743888714
|move|p2a: Froslass|Destiny Bond|p2a: Froslass
|-singlemove|p2a: Froslass|Destiny Bond
|move|p1a: Cinderace|Pyro Ball|p2a: Froslass
|-supereffective|p2a: Froslass
|-damage|p2a: Froslass|0 fnt
|-start|p1a: Cinderace|Disable|Pyro Ball|[from] ability: Cursed Body|[of] p2a: Froslass
|faint|p2a: Froslass
|-activate|p2a: Froslass|move: Destiny Bond
|faint|p1a: Cinderace
|
|upkeep
|
|t:|1743888725
|switch|p1a: Inteleon|Inteleon, M|100/100
|switch|p2a: Gholdengo|Gholdengo|100/100
|turn|2
|inactive|Driz0 has 120 seconds left.
|
|t:|1743888757
|switch|p1a: Ting-Lu|Ting-Lu|100/100
|-ability|p1a: Ting-Lu|Vessel of Ruin
|move|p2a: Gholdengo|Shadow Ball|p1a: Ting-Lu
|-resisted|p1a: Ting-Lu
|-crit|p1a: Ting-Lu
|-damage|p1a: Ting-Lu|85/100
|
|-heal|p1a: Ting-Lu|92/100|[from] item: Leftovers
|upkeep
|turn|3
|inactive|sumerand has 120 seconds left.
|
|t:|1743888809
|switch|p2a: Great Tusk|Great Tusk|100/100
|move|p1a: Ting-Lu|Ruination|p2a: Great Tusk
|-damage|p2a: Great Tusk|50/100
|
|-heal|p2a: Great Tusk|57/100|[from] item: Leftovers
|-heal|p1a: Ting-Lu|98/100|[from] item: Leftovers
|upkeep
|turn|4
|inactive|Driz0 has 120 seconds left.
|inactive|Driz0 has 90 seconds left.
|
|t:|1743888855
|switch|p1a: Inteleon|Inteleon, M|100/100
|move|p2a: Great Tusk|Ice Spinner|p1a: Inteleon
|-resisted|p1a: Inteleon
|-damage|p1a: Inteleon|71/100
|
|-heal|p2a: Great Tusk|63/100|[from] item: Leftovers
|upkeep
|turn|5
|
|t:|1743888863
|-end|p2a: Great Tusk|Protosynthesis|[silent]
|switch|p2a: Gholdengo|Gholdengo|100/100
|move|p1a: Inteleon|Surf|p2a: Gholdengo
|-damage|p2a: Gholdengo|23/100
|
|upkeep
|turn|6
|inactive|Driz0 has 90 seconds left.
|
|t:|1743888870
|switch|p1a: Ting-Lu|Ting-Lu|98/100
|-ability|p1a: Ting-Lu|Vessel of Ruin
|move|p2a: Gholdengo|Shadow Ball|p1a: Ting-Lu
|-resisted|p1a: Ting-Lu
|-damage|p1a: Ting-Lu|88/100
|
|-heal|p1a: Ting-Lu|94/100|[from] item: Leftovers
|upkeep
|turn|7
|
|t:|1743888881
|switch|p2a: Great Tusk|Great Tusk|63/100
|switch|p1a: Inteleon|Inteleon, M|71/100
|
|-heal|p2a: Great Tusk|69/100|[from] item: Leftovers
|upkeep
|turn|8
|
|t:|1743888889
|-end|p2a: Great Tusk|Protosynthesis|[silent]
|switch|p2a: Gholdengo|Gholdengo|23/100
|move|p1a: Inteleon|Surf|p2a: Gholdengo
|-damage|p2a: Gholdengo|0 fnt
|faint|p2a: Gholdengo
|
|upkeep
|-message|Driz0 forfeited.
|
|win|sumerand
|raw|sumerand's rating: 1258 &rarr; <strong>1285</strong><br />(+27 for winning)
|raw|Driz0's rating: 1291 &rarr; <strong>1264</strong><br />(-27 for losing)
|l|☆Driz0
|player|p2|
