|j|☆Aleph501!
|j|☆aex27
|t:|1743896624
|gametype|singles
|player|p1|Aleph501!|102|1502
|player|p2|aex27|cynthia-gen4|1427
|teamsize|p1|6
|teamsize|p2|6
|gen|9
|tier|[Gen 9] OU
|rated|
|rule|HP Percentage Mod: HP is shown in percentages
|rule|Endless Battle Clause: Forcing endless battles is banned
|rule|Species Clause: Limit one of each Pokémon
|rule|OHKO Clause: OHKO moves are banned
|rule|Evasion Items Clause: Evasion items are banned
|rule|Evasion Moves Clause: Evasion moves are banned
|rule|Sleep Moves Clause: Sleep-inducing moves are banned
|clearpoke
|poke|p1|Zamazenta-*|
|poke|p1|Gliscor, F|
|poke|p1|Gholdengo|
|poke|p1|Serperior, M|
|poke|p1|Volcanion|
|poke|p1|Great Tusk|
|poke|p2|Enamorus, F|
|poke|p2|Ribombee, F|
|poke|p2|Gholdengo|
|poke|p2|Landorus-Therian, M|
|poke|p2|Weavile, M|
|poke|p2|Serperior, F|
|teampreview
|inactive|Battle timer is ON: inactive players will automatically lose when time's up. (requested by aex27)
|
|t:|1743896641
|start
|switch|p1a: Serperior|Serperior, M|100/100
|switch|p2a: Ribombee|Ribombee, F|100/100
|turn|1
|
|t:|1743896648
|move|p2a: Ribombee|Sticky Web|p1a: Serperior
|-sidestart|p1: Aleph501!|move: Sticky Web
|move|p1a: Serperior|Glare|p2a: Ribombee
|-status|p2a: Ribombee|par
|
|upkeep
|turn|2
|
|t:|1743896653
|move|p1a: Serperior|Leaf Storm|p2a: Ribombee
|-resisted|p2a: Ribombee
|-damage|p2a: Ribombee|59/100 par
|-boost|p1a: Serperior|spa|2
|move|p2a: Ribombee|Stun Spore|p1a: Serperior
|-immune|p1a: Serperior
|
|upkeep
|turn|3
|
|t:|1743896661
|move|p1a: Serperior|Leaf Storm|p2a: Ribombee
|-resisted|p2a: Ribombee
|-damage|p2a: Ribombee|0 fnt
|-boost|p1a: Serperior|spa|2
|faint|p2a: Ribombee
|
|upkeep
|
|t:|1743896665
|switch|p2a: Weavile|Weavile, M|100/100
|-ability|p2a: Weavile|Pressure
|turn|4
|inactive|Aleph501! has 120 seconds left.
|
|t:|1743896696
|move|p2a: Weavile|Triple Axel|p1a: Serperior
|-supereffective|p1a: Serperior
|-damage|p1a: Serperior|77/100
|-supereffective|p1a: Serperior
|-damage|p1a: Serperior|26/100
|-hitcount|p1a: Serperior|2
|move|p1a: Serperior|Leaf Storm|p2a: Weavile
|-damage|p2a: Weavile|0 fnt
|-boost|p1a: Serperior|spa|2
|faint|p2a: Weavile
|
|-heal|p1a: Serperior|32/100|[from] item: Leftovers
|upkeep
|
|t:|1743896714
|switch|p2a: Serperior|Serperior, F|100/100
|turn|5
|
|t:|1743896720
|move|p2a: Serperior|Leaf Storm|p1a: Serperior
|-resisted|p1a: Serperior
|-damage|p1a: Serperior|6/100
|-boost|p2a: Serperior|spa|2
|move|p1a: Serperior|Dragon Pulse|p2a: Serperior
|-damage|p2a: Serperior|1/100
|
|-heal|p1a: Serperior|12/100|[from] item: Leftovers
|-heal|p2a: Serperior|7/100|[from] item: Leftovers
|upkeep
|turn|6
|
|t:|1743896734
|move|p2a: Serperior|Leaf Storm|p1a: Serperior
|-resisted|p1a: Serperior
|-damage|p1a: Serperior|0 fnt
|-boost|p2a: Serperior|spa|2
|faint|p1a: Serperior
|
|-heal|p2a: Serperior|14/100|[from] item: Leftovers
|upkeep
|inactive|Aleph501! has 120 seconds left.
|
|t:|1743896768
|switch|p1a: Zamazenta|Zamazenta|100/100
|-activate|p1a: Zamazenta|move: Sticky Web
|-unboost|p1a: Zamazenta|spe|1
|-ability|p1a: Zamazenta|Dauntless Shield|boost
|-boost|p1a: Zamazenta|def|1
|turn|7
|
|t:|1743896775
|move|p2a: Serperior|Leaf Storm|p1a: Zamazenta
|-damage|p1a: Zamazenta|0 fnt
|-boost|p2a: Serperior|spa|2
|faint|p1a: Zamazenta
|
|-heal|p2a: Serperior|20/100|[from] item: Leftovers
|upkeep
|
|t:|1743896786
|switch|p1a: Volcanion|Volcanion|100/100
|-activate|p1a: Volcanion|move: Sticky Web
|-unboost|p1a: Volcanion|spe|1
|turn|8
|
|t:|1743896792
|move|p2a: Serperior|Leaf Storm|p1a: Volcanion
|-damage|p1a: Volcanion|0 fnt
|faint|p1a: Volcanion
|
|-heal|p2a: Serperior|26/100|[from] item: Leftovers
|upkeep
|
|t:|1743896799
|switch|p1a: Great Tusk|Great Tusk|100/100
|-activate|p1a: Great Tusk|move: Sticky Web
|-unboost|p1a: Great Tusk|spe|1
|turn|9
|
|t:|1743896803
|move|p2a: Serperior|Leaf Storm|p1a: Great Tusk
|-supereffective|p1a: Great Tusk
|-damage|p1a: Great Tusk|0 fnt
|faint|p1a: Great Tusk
|-end|p1a: Great Tusk|Protosynthesis|[silent]
|
|-heal|p2a: Serperior|32/100|[from] item: Leftovers
|upkeep
|-message|Aleph501! forfeited.
|
|win|aex27
|raw|Aleph501!'s rating: 1502 &rarr; <strong>1478</strong><br />(-24 for losing)
|raw|aex27's rating: 1427 &rarr; <strong>1451</strong><br />(+24 for winning)
|l|☆Aleph501!
|player|p1|
|c|☆aex27|Serp diff
