|j|☆d4ni3lb3rry
|j|☆CapitolG
|t:|1743914887
|gametype|singles
|player|p1|d4ni3lb3rry|aaron|1120
|player|p2|CapitolG|266|1126
|teamsize|p1|6
|teamsize|p2|6
|gen|9
|tier|[Gen 9] OU
|rated|
|rule|HP Percentage Mod: HP is shown in percentages
|rule|Endless Battle Clause: Forcing endless battles is banned
|rule|Species Clause: Limit one of each Pokémon
|rule|OHKO Clause: OHKO moves are banned
|rule|Evasion Items Clause: Evasion items are banned
|rule|Evasion Moves Clause: Evasion moves are banned
|rule|Sleep Moves Clause: Sleep-inducing moves are banned
|clearpoke
|poke|p1|Glimmora, M|
|poke|p1|Kyurem|
|poke|p1|Dragonite, M|
|poke|p1|Hoopa-Unbound|
|poke|p1|Azumarill, F|
|poke|p1|Cinderace, M|
|poke|p2|Chandelure, F|
|poke|p2|Gothitelle, M|
|poke|p2|Milotic, M|
|poke|p2|Kingambit, M|
|poke|p2|Cinderace, F|
|poke|p2|Leavanny, M|
|teampreview
|inactive|Battle timer is ON: inactive players will automatically lose when time's up. (requested by d4ni3lb3rry)
|
|t:|1743914891
|start
|switch|p1a: Glimmora|Glimmora, M|100/100
|switch|p2a: Leavanny|Leavanny, M|100/100
|turn|1
|
|t:|1743914896
|move|p1a: Glimmora|Stealth Rock|p2a: Leavanny
|-sidestart|p2: CapitolG|move: Stealth Rock
|move|p2a: Leavanny|Sticky Web|p1a: Glimmora
|-sidestart|p1: d4ni3lb3rry|move: Sticky Web
|
|upkeep
|turn|2
|
|t:|1743914906
|switch|p1a: Cinderace|Cinderace, M|100/100
|switch|p2a: Kingambit|Kingambit, M|100/100
|-damage|p2a: Kingambit|94/100|[from] Stealth Rock
|
|upkeep
|turn|3
|
|t:|1743914920
|switch|p2a: Cinderace|Cinderace, F|100/100
|move|p1a: Cinderace|Court Change|p1a: Cinderace
|-swapsideconditions
|-activate|p1a: Cinderace|move: Court Change
|
|upkeep
|turn|4
|
|t:|1743914928
|move|p1a: Cinderace|U-turn|p2a: Cinderace
|-resisted|p2a: Cinderace
|-damage|p2a: Cinderace|83/100
|
|t:|1743914930
|switch|p1a: Azumarill|Azumarill, F|100/100|[from] U-turn
|-damage|p1a: Azumarill|88/100|[from] Stealth Rock
|move|p2a: Cinderace|High Jump Kick|p1a: Azumarill
|-start|p2a: Cinderace|typechange|Fighting|[from] ability: Libero
|-resisted|p1a: Azumarill
|-damage|p1a: Azumarill|59/100
|
|-heal|p1a: Azumarill|65/100|[from] item: Leftovers
|upkeep
|turn|5
|
|t:|1743914941
|move|p2a: Cinderace|Pyro Ball|p1a: Azumarill
|-resisted|p1a: Azumarill
|-damage|p1a: Azumarill|47/100
|move|p1a: Azumarill|Play Rough|p2a: Cinderace
|-supereffective|p2a: Cinderace
|-damage|p2a: Cinderace|0 fnt
|faint|p2a: Cinderace
|
|-heal|p1a: Azumarill|53/100|[from] item: Leftovers
|upkeep
|
|t:|1743914947
|switch|p2a: Chandelure|Chandelure, F|100/100
|-activate|p2a: Chandelure|move: Sticky Web
|-unboost|p2a: Chandelure|spe|1
|turn|6
|
|t:|1743914950
|move|p1a: Azumarill|Aqua Jet|p2a: Chandelure
|-supereffective|p2a: Chandelure
|-damage|p2a: Chandelure|39/100
|-status|p1a: Azumarill|brn|[from] ability: Flame Body|[of] p2a: Chandelure
|move|p2a: Chandelure|Trick Room|p2a: Chandelure
|-fieldstart|move: Trick Room|[of] p2a: Chandelure
|
|-heal|p1a: Azumarill|59/100 brn|[from] item: Leftovers
|-damage|p1a: Azumarill|53/100 brn|[from] brn
|upkeep
|turn|7
|
|t:|1743914954
|move|p1a: Azumarill|Aqua Jet|p2a: Chandelure
|-supereffective|p2a: Chandelure
|-damage|p2a: Chandelure|11/100
|move|p2a: Chandelure|Flamethrower|p1a: Azumarill
|-resisted|p1a: Azumarill
|-damage|p1a: Azumarill|31/100 brn
|
|-heal|p1a: Azumarill|37/100 brn|[from] item: Leftovers
|-damage|p1a: Azumarill|31/100 brn|[from] brn
|upkeep
|turn|8
|
|t:|1743914956
|move|p1a: Azumarill|Aqua Jet|p2a: Chandelure
|-supereffective|p2a: Chandelure
|-damage|p2a: Chandelure|0 fnt
|faint|p2a: Chandelure
|
|-heal|p1a: Azumarill|37/100 brn|[from] item: Leftovers
|-damage|p1a: Azumarill|31/100 brn|[from] brn
|upkeep
|
|t:|1743914959
|switch|p2a: Milotic|Milotic, M|100/100
|-activate|p2a: Milotic|move: Sticky Web
|-unboost|p2a: Milotic|spe|1
|-ability|p2a: Milotic|Competitive|boost
|-boost|p2a: Milotic|spa|2
|turn|9
|
|t:|1743914962
|move|p2a: Milotic|Scald|p1a: Azumarill
|-resisted|p1a: Azumarill
|-damage|p1a: Azumarill|0 fnt
|faint|p1a: Azumarill
|
|upkeep
|
|t:|1743914968
|switch|p1a: Kyurem|Kyurem|100/100
|-damage|p1a: Kyurem|76/100|[from] Stealth Rock
|-ability|p1a: Kyurem|Pressure
|turn|10
|
|t:|1743914978
|move|p2a: Milotic|Alluring Voice|p1a: Kyurem
|-supereffective|p1a: Kyurem
|-damage|p1a: Kyurem|0 fnt
|faint|p1a: Kyurem
|
|-fieldend|move: Trick Room
|upkeep
|
|t:|1743914985
|switch|p1a: Glimmora|Glimmora, M|100/100
|-damage|p1a: Glimmora|88/100|[from] Stealth Rock
|turn|11
|
|t:|1743914992
|move|p1a: Glimmora|Memento|p2a: Milotic
|-unboost|p2a: Milotic|atk|2
|-ability|p2a: Milotic|Competitive|boost
|-boost|p2a: Milotic|spa|2
|-unboost|p2a: Milotic|spa|2
|-ability|p2a: Milotic|Competitive|boost
|-boost|p2a: Milotic|spa|2
|faint|p1a: Glimmora
|move|p2a: Milotic|Scald|p1: Glimmora|[notarget]
|-fail|p2a: Milotic
|
|upkeep
|
|t:|1743915001
|switch|p1a: Hoopa|Hoopa-Unbound|100/100
|-damage|p1a: Hoopa|88/100|[from] Stealth Rock
|turn|12
|
|t:|1743915004
|move|p1a: Hoopa|Hyperspace Fury|p2a: Milotic
|-damage|p2a: Milotic|8/100
|-unboost|p1a: Hoopa|def|1
|move|p2a: Milotic|Alluring Voice|p1a: Hoopa
|-supereffective|p1a: Hoopa
|-damage|p1a: Hoopa|0 fnt
|faint|p1a: Hoopa
|
|upkeep
|
|t:|1743915007
|switch|p1a: Dragonite|Dragonite, M|100/100
|-damage|p1a: Dragonite|76/100|[from] Stealth Rock
|turn|13
|
|t:|1743915011
|move|p1a: Dragonite|Extreme Speed|p2a: Milotic
|-damage|p2a: Milotic|0 fnt
|faint|p2a: Milotic
|
|-heal|p1a: Dragonite|82/100|[from] item: Leftovers
|upkeep
|
|t:|1743915014
|switch|p2a: Leavanny|Leavanny, M|100/100
|-activate|p2a: Leavanny|move: Sticky Web
|-unboost|p2a: Leavanny|spe|1
|turn|14
|
|t:|1743915025
|switch|p1a: Cinderace|Cinderace, M|100/100
|move|p2a: Leavanny|Triple Axel|p1a: Cinderace|[miss]
|-miss|p2a: Leavanny|p1a: Cinderace
|
|upkeep
|turn|15
|
|t:|1743915034
|switch|p2a: Gothitelle|Gothitelle, M|100/100
|-activate|p2a: Gothitelle|move: Sticky Web
|-unboost|p2a: Gothitelle|spe|1
|-ability|p2a: Gothitelle|Competitive|boost
|-boost|p2a: Gothitelle|spa|2
|move|p1a: Cinderace|Pyro Ball|p2a: Gothitelle
|-damage|p2a: Gothitelle|42/100
|
|-heal|p2a: Gothitelle|48/100|[from] item: Leftovers
|upkeep
|turn|16
|
|t:|1743915039
|move|p1a: Cinderace|Pyro Ball|p2a: Gothitelle
|-damage|p2a: Gothitelle|0 fnt
|faint|p2a: Gothitelle
|
|upkeep
|
|t:|1743915042
|switch|p2a: Kingambit|Kingambit, M|94/100
|-activate|p2a: Kingambit|move: Sticky Web
|-unboost|p2a: Kingambit|spe|1
|-ability|p2a: Kingambit|Defiant|boost
|-boost|p2a: Kingambit|atk|2
|turn|17
|
|t:|1743915044
|move|p2a: Kingambit|Sucker Punch|p1a: Cinderace
|-damage|p1a: Cinderace|0 fnt
|faint|p1a: Cinderace
|
|upkeep
|
|t:|1743915047
|switch|p1a: Dragonite|Dragonite, M|82/100
|-damage|p1a: Dragonite|57/100|[from] Stealth Rock
|turn|18
|
|t:|1743915054
|move|p1a: Dragonite|Earthquake|p2a: Kingambit
|-supereffective|p2a: Kingambit
|-damage|p2a: Kingambit|42/100
|move|p2a: Kingambit|Throat Chop|p1a: Dragonite
|-damage|p1a: Dragonite|0 fnt
|faint|p1a: Dragonite
|
|win|CapitolG
|raw|d4ni3lb3rry's rating: 1120 &rarr; <strong>1095</strong><br />(-25 for losing)
|raw|CapitolG's rating: 1126 &rarr; <strong>1151</strong><br />(+25 for winning)
|l|☆CapitolG
|player|p2|
|l|☆d4ni3lb3rry
|player|p1|
