|j|☆Topclass-A
|j|☆End of dream
|t:|1743927112
|gametype|singles
|player|p1|Topclass-A|170|1619
|player|p2|End of dream|zinnia-masters|1598
|teamsize|p1|6
|teamsize|p2|6
|gen|9
|tier|[Gen 9] OU
|rated|
|rule|HP Percentage Mod: HP is shown in percentages
|rule|Endless Battle Clause: Forcing endless battles is banned
|rule|Species Clause: Limit one of each Pokémon
|rule|OHKO Clause: OHKO moves are banned
|rule|Evasion Items Clause: Evasion items are banned
|rule|Evasion Moves Clause: Evasion moves are banned
|rule|Sleep Moves Clause: Sleep-inducing moves are banned
|clearpoke
|poke|p1|Zamazenta-*|
|poke|p1|Cinderace, M|
|poke|p1|Slowking-Galar, F|
|poke|p1|Corviknight, F|
|poke|p1|Ting-Lu|
|poke|p1|Kyurem|
|poke|p2|Ogerpon-Wellspring, F|
|poke|p2|Okidogi, M|
|poke|p2|Darkrai|
|poke|p2|Enamorus, F|
|poke|p2|Ursaluna, M|
|poke|p2|Dragapult, F|
|teampreview
|inactive|Battle timer is ON: inactive players will automatically lose when time's up. (requested by End of dream)
|
|t:|1743927128
|start
|switch|p1a: Slowking|Slowking-Galar, F|100/100
|switch|p2a: Okidogi|Okidogi, M|100/100
|turn|1
|
|t:|1743927131
|move|p2a: Okidogi|Knock Off|p1a: Slowking
|-supereffective|p1a: Slowking
|-damage|p1a: Slowking|49/100
|-enditem|p1a: Slowking|Shuca Berry|[from] move: Knock Off|[of] p2a: Okidogi
|move|p1a: Slowking|Future Sight|p2a: Okidogi
|-start|p1a: Slowking|move: Future Sight
|
|upkeep
|turn|2
|
|t:|1743927139
|-terastallize|p2a: Okidogi|Dark
|move|p2a: Okidogi|Knock Off|p1a: Slowking
|-supereffective|p1a: Slowking
|-damage|p1a: Slowking|0 fnt
|faint|p1a: Slowking
|
|upkeep
|
|t:|1743927149
|switch|p1a: Zamazenta|Zamazenta|100/100
|-ability|p1a: Zamazenta|Dauntless Shield|boost
|-boost|p1a: Zamazenta|def|1
|turn|3
|
|t:|1743927160
|switch|p2a: Dragapult|Dragapult, F, shiny|100/100
|move|p1a: Zamazenta|Crunch|p2a: Dragapult
|-supereffective|p2a: Dragapult
|-damage|p2a: Dragapult|0 fnt
|faint|p2a: Dragapult
|
|-hint|Future Sight did not hit because the target is fainted.
|upkeep
|
|t:|1743927165
|switch|p2a: Enamorus|Enamorus, F|100/100
|turn|4
|
|t:|1743927173
|switch|p1a: Corviknight|Corviknight, F|100/100
|-ability|p1a: Corviknight|Pressure
|move|p2a: Enamorus|Moonblast|p1a: Corviknight
|-resisted|p1a: Corviknight
|-crit|p1a: Corviknight
|-damage|p1a: Corviknight|45/100
|-unboost|p1a: Corviknight|spa|1
|
|upkeep
|turn|5
|
|t:|1743927181
|move|p2a: Enamorus|Moonblast|p1a: Corviknight
|-resisted|p1a: Corviknight
|-crit|p1a: Corviknight
|-damage|p1a: Corviknight|0 fnt
|faint|p1a: Corviknight
|
|upkeep
|c|☆End of dream|mine
|
|t:|1743927190
|switch|p1a: Zamazenta|Zamazenta|100/100
|turn|6
|
|t:|1743927194
|switch|p2a: Ursaluna|Ursaluna, M|100/100
|move|p1a: Zamazenta|Heavy Slam|p2a: Ursaluna
|-damage|p2a: Ursaluna|86/100
|
|-status|p2a: Ursaluna|brn|[from] item: Flame Orb
|upkeep
|turn|7
|
|t:|1743927200
|switch|p1a: Ting-Lu|Ting-Lu|100/100
|-ability|p1a: Ting-Lu|Vessel of Ruin
|move|p2a: Ursaluna|Facade|p1a: Ting-Lu
|-damage|p1a: Ting-Lu|29/100
|
|-heal|p1a: Ting-Lu|35/100|[from] item: Leftovers
|-damage|p2a: Ursaluna|80/100 brn|[from] brn
|upkeep
|turn|8
|
|t:|1743927207
|move|p2a: Ursaluna|Facade|p1a: Ting-Lu
|-damage|p1a: Ting-Lu|0 fnt
|faint|p1a: Ting-Lu
|
|-damage|p2a: Ursaluna|74/100 brn|[from] brn
|upkeep
|
|t:|1743927210
|switch|p1a: Zamazenta|Zamazenta|100/100
|turn|9
|
|t:|1743927219
|switch|p2a: Enamorus|Enamorus, F|100/100
|move|p1a: Zamazenta|Heavy Slam|p2a: Enamorus
|-supereffective|p2a: Enamorus
|-damage|p2a: Enamorus|0 fnt
|faint|p2a: Enamorus
|
|upkeep
|
|t:|1743927225
|switch|p2a: Ursaluna|Ursaluna, M|74/100 brn
|turn|10
|
|t:|1743927228
|switch|p1a: Cinderace|Cinderace, M|100/100
|move|p2a: Ursaluna|Facade|p1a: Cinderace
|-damage|p1a: Cinderace|0 fnt
|faint|p1a: Cinderace
|
|-damage|p2a: Ursaluna|68/100 brn|[from] brn
|upkeep
|
|t:|1743927230
|switch|p1a: Zamazenta|Zamazenta|100/100
|turn|11
|
|t:|1743927253
|move|p1a: Zamazenta|Close Combat|p2a: Ursaluna
|-supereffective|p2a: Ursaluna
|-damage|p2a: Ursaluna|0 fnt
|-unboost|p1a: Zamazenta|def|1
|-unboost|p1a: Zamazenta|spd|1
|faint|p2a: Ursaluna
|
|upkeep
|
|t:|1743927262
|switch|p2a: Darkrai|Darkrai|100/100
|turn|12
|
|t:|1743927266
|move|p2a: Darkrai|Will-O-Wisp|p1a: Zamazenta
|-status|p1a: Zamazenta|brn
|move|p1a: Zamazenta|Close Combat|p2a: Darkrai
|-supereffective|p2a: Darkrai
|-damage|p2a: Darkrai|0 fnt
|-unboost|p1a: Zamazenta|def|1
|-unboost|p1a: Zamazenta|spd|1
|faint|p2a: Darkrai
|
|-damage|p1a: Zamazenta|94/100 brn|[from] brn
|upkeep
|j| Kovumon
|
|t:|1743927277
|switch|p2a: Ogerpon|Ogerpon-Wellspring, F|100/100
|turn|13
|
|t:|1743927280
|move|p1a: Zamazenta|Close Combat|p2a: Ogerpon
|-damage|p2a: Ogerpon|41/100
|-unboost|p1a: Zamazenta|def|1
|-unboost|p1a: Zamazenta|spd|1
|move|p2a: Ogerpon|Ivy Cudgel|p1a: Zamazenta|[anim] Ivy Cudgel Water
|-damage|p1a: Zamazenta|0 fnt
|faint|p1a: Zamazenta
|
|upkeep
|j| sdksod
|
|t:|1743927282
|switch|p1a: Kyurem|Kyurem, shiny|100/100
|-ability|p1a: Kyurem|Pressure
|turn|14
|
|t:|1743927286
|move|p2a: Ogerpon|Taunt|p1a: Kyurem
|-start|p1a: Kyurem|move: Taunt
|cant|p1a: Kyurem|move: Taunt|Dragon Dance
|
|upkeep
|turn|15
|j| MY爱莉希雅SAMA
|
|t:|1743927294
|move|p2a: Ogerpon|Ivy Cudgel|p1a: Kyurem|[anim] Ivy Cudgel Water
|-resisted|p1a: Kyurem
|-damage|p1a: Kyurem|73/100
|move|p1a: Kyurem|Scale Shot|p2a: Ogerpon
|-damage|p2a: Ogerpon|21/100
|-damage|p2a: Ogerpon|1/100
|-damage|p2a: Ogerpon|0 fnt
|faint|p2a: Ogerpon
|-hitcount|p2: Ogerpon|3
|-unboost|p1a: Kyurem|def|1
|-boost|p1a: Kyurem|spe|1
|
|upkeep
|l| MY爱莉希雅SAMA
|
|t:|1743927301
|switch|p2a: Okidogi|Okidogi, M, tera:Dark|100/100
|turn|16
|j| kill thiel
|
|t:|1743927308
|-terastallize|p1a: Kyurem|Ground
|move|p1a: Kyurem|Icicle Spear|p2a: Okidogi
|-damage|p2a: Okidogi|89/100
|-damage|p2a: Okidogi|78/100
|-damage|p2a: Okidogi|67/100
|-damage|p2a: Okidogi|54/100
|-damage|p2a: Okidogi|44/100
|-hitcount|p2a: Okidogi|5
|move|p2a: Okidogi|Close Combat|p1a: Kyurem
|-damage|p1a: Kyurem|0 fnt
|-unboost|p2a: Okidogi|def|1
|-unboost|p2a: Okidogi|spd|1
|faint|p1a: Kyurem
|
|win|End of dream
|raw|Topclass-A's rating: 1619 &rarr; <strong>1599</strong><br />(-20 for losing)
|raw|End of dream's rating: 1620 &rarr; <strong>1640</strong><br />(+20 for winning)
|l|☆Topclass-A
|player|p1|
|l| kill thiel
|l| Kovumon
