|j|☆tdd20070515兹伏奇大吾
|j|☆Mister_ttar
|t:|1743850287
|gametype|singles
|player|p1|tdd20070515兹伏奇大吾|steven-masters2|1603
|player|p2|Mister_ttar|doctor-gen8|1654
|teamsize|p1|6
|teamsize|p2|6
|gen|9
|tier|[Gen 9] OU
|rated|
|rule|HP Percentage Mod: HP is shown in percentages
|rule|Endless Battle Clause: Forcing endless battles is banned
|rule|Species Clause: Limit one of each Pokémon
|rule|OHKO Clause: OHKO moves are banned
|rule|Evasion Items Clause: Evasion items are banned
|rule|Evasion Moves Clause: Evasion moves are banned
|rule|Sleep Moves Clause: Sleep-inducing moves are banned
|clearpoke
|poke|p1|Corviknight, M|
|poke|p1|Darkrai|
|poke|p1|Sinistcha|
|poke|p1|Enamorus-Therian, F|
|poke|p1|Alomomola, M|
|poke|p1|Iron Treads|
|poke|p2|Iron Crown|
|poke|p2|Iron Hands|
|poke|p2|Grimmsnarl, M|
|poke|p2|Great Tusk|
|poke|p2|Dragonite, M|
|poke|p2|Glimmora, F|
|teampreview
|
|t:|1743850294
|start
|switch|p1a: 在提瓦特大陆|Iron Treads|100/100
|switch|p2a: Grimmsnarl|Grimmsnarl, M|100/100
|turn|1
|
|t:|1743850299
|move|p2a: Grimmsnarl|Reflect|p2a: Grimmsnarl
|-sidestart|p2: Mister_ttar|Reflect
|move|p1a: 在提瓦特大陆|Knock Off|p2a: Grimmsnarl
|-resisted|p2a: Grimmsnarl
|-damage|p2a: Grimmsnarl|97/100
|-enditem|p2a: Grimmsnarl|Light Clay|[from] move: Knock Off|[of] p1a: 在提瓦特大陆
|
|upkeep
|turn|2
|
|t:|1743850305
|move|p2a: Grimmsnarl|Parting Shot|p1a: 在提瓦特大陆
|-unboost|p1a: 在提瓦特大陆|atk|1
|-unboost|p1a: 在提瓦特大陆|spa|1
|
|t:|1743850308
|switch|p2a: Great Tusk|Great Tusk|100/100|[from] Parting Shot
|-enditem|p2a: Great Tusk|Booster Energy
|-activate|p2a: Great Tusk|ability: Protosynthesis|[fromitem]
|-start|p2a: Great Tusk|protosynthesisspe
|move|p1a: 在提瓦特大陆|Iron Head|p2a: Great Tusk
|-damage|p2a: Great Tusk|95/100
|
|upkeep
|turn|3
|
|t:|1743850315
|-end|p1a: 在提瓦特大陆|Quark Drive|[silent]
|switch|p1a: 是由米哈游自主开发|Corviknight, M|100/100
|-ability|p1a: 是由米哈游自主开发|Pressure
|move|p2a: Great Tusk|Bulk Up|p2a: Great Tusk
|-boost|p2a: Great Tusk|atk|1
|-boost|p2a: Great Tusk|def|1
|
|upkeep
|turn|4
|
|t:|1743850318
|move|p2a: Great Tusk|Bulk Up|p2a: Great Tusk
|-boost|p2a: Great Tusk|atk|1
|-boost|p2a: Great Tusk|def|1
|move|p1a: 是由米哈游自主开发|Iron Defense|p1a: 是由米哈游自主开发
|-boost|p1a: 是由米哈游自主开发|def|2
|
|upkeep
|turn|5
|
|t:|1743850346
|-end|p2a: Great Tusk|Protosynthesis|[silent]
|switch|p2a: Glimmora|Glimmora, F|100/100
|move|p1a: 是由米哈游自主开发|Iron Defense|p1a: 是由米哈游自主开发
|-boost|p1a: 是由米哈游自主开发|def|2
|
|upkeep
|turn|6
|
|t:|1743850364
|switch|p1a: 在提瓦特大陆|Iron Treads|100/100
|move|p2a: Glimmora|Meteor Beam||[still]
|-prepare|p2a: Glimmora|Meteor Beam
|-boost|p2a: Glimmora|spa|1
|-enditem|p2a: Glimmora|Power Herb
|-anim|p2a: Glimmora|Meteor Beam|p1a: 在提瓦特大陆
|-resisted|p1a: 在提瓦特大陆
|-damage|p1a: 在提瓦特大陆|87/100
|
|upkeep
|turn|7
|
|t:|1743850372
|move|p2a: Glimmora|Earth Power|p1a: 在提瓦特大陆
|-supereffective|p1a: 在提瓦特大陆
|-damage|p1a: 在提瓦特大陆|30/100
|-unboost|p1a: 在提瓦特大陆|spd|1
|move|p1a: 在提瓦特大陆|Earthquake|p2a: Glimmora
|-supereffective|p2a: Glimmora
|-damage|p2a: Glimmora|11/100
|-activate|p2a: Glimmora|ability: Toxic Debris
|-sidestart|p1: tdd20070515兹伏奇大吾|move: Toxic Spikes
|
|upkeep
|turn|8
|
|t:|1743850380
|-end|p1a: 在提瓦特大陆|Quark Drive|[silent]
|switch|p1a: 旅行者|Alomomola, M|100/100
|move|p2a: Glimmora|Earth Power|p1a: 旅行者
|-damage|p1a: 旅行者|63/100
|
|-sideend|p2: Mister_ttar|Reflect
|upkeep
|turn|9
|
|t:|1743850387
|move|p1a: 旅行者|Protect|p1a: 旅行者
|-singleturn|p1a: 旅行者|Protect
|move|p2a: Glimmora|Earth Power|p1a: 旅行者
|-activate|p1a: 旅行者|move: Protect
|
|upkeep
|turn|10
|
|t:|1743850391
|move|p2a: Glimmora|Earth Power|p1a: 旅行者
|-damage|p1a: 旅行者|26/100
|move|p1a: 旅行者|Flip Turn|p2a: Glimmora
|-supereffective|p2a: Glimmora
|-damage|p2a: Glimmora|0 fnt
|-activate|p2a: Glimmora|ability: Toxic Debris
|-sidestart|p1: tdd20070515兹伏奇大吾|move: Toxic Spikes
|faint|p2a: Glimmora
|
|t:|1743850394
|switch|p1a: 是由米哈游自主开发|Corviknight, M|100/100|[from] Flip Turn
|-ability|p1a: 是由米哈游自主开发|Pressure
|
|upkeep
|
|t:|1743850402
|switch|p2a: Iron Hands|Iron Hands|100/100
|turn|11
|
|t:|1743850404
|move|p1a: 是由米哈游自主开发|Iron Defense|p1a: 是由米哈游自主开发
|-boost|p1a: 是由米哈游自主开发|def|2
|move|p2a: Iron Hands|Swords Dance|p2a: Iron Hands
|-boost|p2a: Iron Hands|atk|2
|
|upkeep
|turn|12
|
|t:|1743850408
|move|p1a: 是由米哈游自主开发|Defog|p2a: Iron Hands
|-unboost|p2a: Iron Hands|evasion|1
|-sideend|p1: tdd20070515兹伏奇大吾|Toxic Spikes|[from] move: Defog|[of] p1a: 是由米哈游自主开发
|move|p2a: Iron Hands|Thunder Punch|p1a: 是由米哈游自主开发
|-supereffective|p1a: 是由米哈游自主开发
|-crit|p1a: 是由米哈游自主开发
|-damage|p1a: 是由米哈游自主开发|0 fnt
|-damage|p2a: Iron Hands|84/100|[from] item: Rocky Helmet|[of] p1a: 是由米哈游自主开发
|faint|p1a: 是由米哈游自主开发
|
|-heal|p2a: Iron Hands|90/100|[from] item: Leftovers
|upkeep
|
|t:|1743850415
|switch|p1a: 原神|Sinistcha|100/100
|turn|13
|
|t:|1743850419
|move|p1a: 原神|Strength Sap|p2a: Iron Hands
|-unboost|p2a: Iron Hands|atk|1
|move|p2a: Iron Hands|Ice Punch|p1a: 原神
|-supereffective|p1a: 原神
|-damage|p1a: 原神|48/100
|
|-heal|p2a: Iron Hands|96/100|[from] item: Leftovers
|upkeep
|turn|14
|
|t:|1743850426
|-end|p2a: Iron Hands|Quark Drive|[silent]
|switch|p2a: Grimmsnarl|Grimmsnarl, M|97/100
|move|p1a: 原神|Strength Sap|p2a: Grimmsnarl
|-unboost|p2a: Grimmsnarl|atk|1
|-heal|p1a: 原神|100/100
|
|upkeep
|turn|15
|
|t:|1743850433
|move|p2a: Grimmsnarl|Light Screen|p2a: Grimmsnarl
|-sidestart|p2: Mister_ttar|move: Light Screen
|move|p1a: 原神|Calm Mind|p1a: 原神
|-boost|p1a: 原神|spa|1
|-boost|p1a: 原神|spd|1
|
|upkeep
|turn|16
|
|t:|1743850438
|move|p2a: Grimmsnarl|Parting Shot|p1a: 原神
|-unboost|p1a: 原神|atk|1
|-unboost|p1a: 原神|spa|1
|
|t:|1743850442
|switch|p2a: Dragonite|Dragonite, M|100/100|[from] Parting Shot
|move|p1a: 原神|Calm Mind|p1a: 原神
|-boost|p1a: 原神|spa|1
|-boost|p1a: 原神|spd|1
|
|upkeep
|turn|17
|
|t:|1743850447
|move|p2a: Dragonite|Encore|p1a: 原神
|-start|p1a: 原神|Encore
|move|p1a: 原神|Calm Mind|p1a: 原神
|-boost|p1a: 原神|spa|1
|-boost|p1a: 原神|spd|1
|
|upkeep
|turn|18
|
|t:|1743850450
|switch|p1a: 在这里你将扮演|Enamorus-Therian, F|100/100
|move|p2a: Dragonite|Dragon Dance|p2a: Dragonite
|-boost|p2a: Dragonite|atk|1
|-boost|p2a: Dragonite|spe|1
|
|upkeep
|turn|19
|
|t:|1743850455
|-terastallize|p1a: 在这里你将扮演|Fairy
|move|p2a: Dragonite|Fire Punch|p1a: 在这里你将扮演
|-damage|p1a: 在这里你将扮演|64/100
|move|p1a: 在这里你将扮演|Moonblast|p2a: Dragonite
|-supereffective|p2a: Dragonite
|-damage|p2a: Dragonite|39/100
|
|-sideend|p2: Mister_ttar|move: Light Screen
|upkeep
|turn|20
|
|t:|1743850464
|move|p2a: Dragonite|Fire Punch|p1a: 在这里你将扮演
|-damage|p1a: 在这里你将扮演|22/100
|move|p1a: 在这里你将扮演|Moonblast|p2a: Dragonite
|-supereffective|p2a: Dragonite
|-damage|p2a: Dragonite|0 fnt
|faint|p2a: Dragonite
|
|upkeep
|
|t:|1743850468
|switch|p2a: Iron Crown|Iron Crown|100/100
|-enditem|p2a: Iron Crown|Booster Energy
|-activate|p2a: Iron Crown|ability: Quark Drive|[fromitem]
|-start|p2a: Iron Crown|quarkdrivespe
|turn|21
|
|t:|1743850473
|switch|p1a: 旅行者|Alomomola, M|59/100
|move|p2a: Iron Crown|Calm Mind|p2a: Iron Crown
|-boost|p2a: Iron Crown|spa|1
|-boost|p2a: Iron Crown|spd|1
|
|upkeep
|turn|22
|
|t:|1743850477
|move|p2a: Iron Crown|Calm Mind|p2a: Iron Crown
|-boost|p2a: Iron Crown|spa|1
|-boost|p2a: Iron Crown|spd|1
|move|p1a: 旅行者|Wish|p1a: 旅行者
|
|upkeep
|turn|23
|
|t:|1743850483
|move|p2a: Iron Crown|Calm Mind|p2a: Iron Crown
|-boost|p2a: Iron Crown|spa|1
|-boost|p2a: Iron Crown|spd|1
|move|p1a: 旅行者|Flip Turn|p2a: Iron Crown
|-damage|p2a: Iron Crown|83/100
|
|t:|1743850485
|switch|p1a: 在提瓦特大陆|Iron Treads|30/100|[from] Flip Turn
|
|-heal|p1a: 在提瓦特大陆|99/100|[from] move: Wish|[wisher] 旅行者
|upkeep
|turn|24
|
|t:|1743850494
|move|p2a: Iron Crown|Focus Blast|p1a: 在提瓦特大陆|[miss]
|-miss|p2a: Iron Crown|p1a: 在提瓦特大陆
|move|p1a: 在提瓦特大陆|Earthquake|p2a: Iron Crown
|-supereffective|p2a: Iron Crown
|-damage|p2a: Iron Crown|4/100
|
|upkeep
|turn|25
|
|t:|1743850499
|move|p2a: Iron Crown|Focus Blast|p1a: 在提瓦特大陆|[miss]
|-miss|p2a: Iron Crown|p1a: 在提瓦特大陆
|move|p1a: 在提瓦特大陆|Earthquake|p2a: Iron Crown
|-supereffective|p2a: Iron Crown
|-crit|p2a: Iron Crown
|-damage|p2a: Iron Crown|0 fnt
|faint|p2a: Iron Crown
|-end|p2a: Iron Crown|Quark Drive|[silent]
|
|upkeep
|
|t:|1743850507
|switch|p2a: Grimmsnarl|Grimmsnarl, M|97/100
|turn|26
|
|t:|1743850510
|move|p2a: Grimmsnarl|Reflect|p2a: Grimmsnarl
|-sidestart|p2: Mister_ttar|Reflect
|move|p1a: 在提瓦特大陆|Iron Head|p2a: Grimmsnarl
|-supereffective|p2a: Grimmsnarl
|-damage|p2a: Grimmsnarl|67/100
|
|upkeep
|turn|27
|
|t:|1743850516
|-end|p1a: 在提瓦特大陆|Quark Drive|[silent]
|switch|p1a: 旅行者|Alomomola, M|93/100
|move|p2a: Grimmsnarl|Parting Shot|p1a: 旅行者
|-unboost|p1a: 旅行者|atk|1
|-unboost|p1a: 旅行者|spa|1
|
|t:|1743850519
|switch|p2a: Iron Hands|Iron Hands|96/100|[from] Parting Shot
|
|-heal|p2a: Iron Hands|100/100|[from] item: Leftovers
|upkeep
|turn|28
|
|t:|1743850523
|switch|p1a: 原神|Sinistcha|100/100
|move|p2a: Iron Hands|Swords Dance|p2a: Iron Hands
|-boost|p2a: Iron Hands|atk|2
|
|upkeep
|turn|29
|
|t:|1743850527
|move|p1a: 原神|Calm Mind|p1a: 原神
|-boost|p1a: 原神|spa|1
|-boost|p1a: 原神|spd|1
|move|p2a: Iron Hands|Swords Dance|p2a: Iron Hands
|-boost|p2a: Iron Hands|atk|2
|
|upkeep
|turn|30
|
|t:|1743850535
|move|p1a: 原神|Matcha Gotcha|p2a: Iron Hands|[miss]
|-miss|p1a: 原神|p2a: Iron Hands
|move|p2a: Iron Hands|Ice Punch|p1a: 原神
|-supereffective|p1a: 原神
|-damage|p1a: 原神|0 fnt
|faint|p1a: 原神
|
|-sideend|p2: Mister_ttar|Reflect
|upkeep
|
|t:|1743850540
|switch|p1a: 在提瓦特大陆|Iron Treads|99/100
|turn|31
|
|t:|1743850545
|move|p1a: 在提瓦特大陆|Earthquake|p2a: Iron Hands
|-supereffective|p2a: Iron Hands
|-damage|p2a: Iron Hands|56/100
|move|p2a: Iron Hands|Drain Punch|p1a: 在提瓦特大陆
|-supereffective|p1a: 在提瓦特大陆
|-damage|p1a: 在提瓦特大陆|0 fnt
|-heal|p2a: Iron Hands|93/100|[from] drain|[of] p1a: 在提瓦特大陆
|faint|p1a: 在提瓦特大陆
|-end|p1a: 在提瓦特大陆|Quark Drive|[silent]
|
|-heal|p2a: Iron Hands|99/100|[from] item: Leftovers
|upkeep
|
|t:|1743850547
|switch|p1a: 在这里你将扮演|Enamorus-Therian, F, tera:Fairy|22/100
|turn|32
|
|t:|1743850554
|move|p2a: Iron Hands|Thunder Punch|p1a: 在这里你将扮演
|-damage|p1a: 在这里你将扮演|0 fnt
|faint|p1a: 在这里你将扮演
|
|-heal|p2a: Iron Hands|100/100|[from] item: Leftovers
|upkeep
|-message|tdd20070515兹伏奇大吾 forfeited.
|
|win|Mister_ttar
|raw|tdd20070515兹伏奇大吾's rating: 1603 &rarr; <strong>1586</strong><br />(-17 for losing)
|raw|Mister_ttar's rating: 1654 &rarr; <strong>1671</strong><br />(+17 for winning)
|l|☆tdd20070515兹伏奇大吾
|player|p1|
|l|☆Mister_ttar
|player|p2|
