|j|☆etude_suzuki
|j|☆Victeam1610
|t:|1743845956
|gametype|singles
|player|p1|etude_suzuki|265|1116
|player|p2|Victeam1610|scientist|1119
|teamsize|p1|6
|teamsize|p2|6
|gen|9
|tier|[Gen 9] OU
|rated|
|rule|HP Percentage Mod: HP is shown in percentages
|rule|Endless Battle Clause: Forcing endless battles is banned
|rule|Species Clause: Limit one of each Pokémon
|rule|OHKO Clause: OHKO moves are banned
|rule|Evasion Items Clause: Evasion items are banned
|rule|Evasion Moves Clause: Evasion moves are banned
|rule|Sleep Moves Clause: Sleep-inducing moves are banned
|clearpoke
|poke|p1|Pikachu, M|
|poke|p1|Lucario, M|
|poke|p1|Zoroark, M|
|poke|p1|Gardevoir, F|
|poke|p1|Lapras, F|
|poke|p1|Charizard, M|
|poke|p2|Clodsire, M|
|poke|p2|Samurott-Hisui, M|
|poke|p2|Scizor, F|
|poke|p2|Raichu-Alola, M|
|poke|p2|Kyurem|
|poke|p2|Chandelure, F|
|teampreview
|inactive|Battle timer is ON: inactive players will automatically lose when time's up. (requested by Victeam1610)
|
|t:|1743845981
|start
|switch|p1a: Lapras|Lapras, F|100/100
|switch|p2a: Baxalibur|Kyurem, shiny|100/100
|-ability|p2a: Baxalibur|Pressure
|turn|1
|
|t:|1743845993
|move|p2a: Baxalibur|Light Screen|p2a: Baxalibur
|-sidestart|p2: Victeam1610|move: Light Screen
|move|p1a: Lapras|Dragon Pulse|p2a: Baxalibur
|-supereffective|p2a: Baxalibur
|-damage|p2a: Baxalibur|83/100
|
|upkeep
|turn|2
|
|t:|1743845999
|move|p2a: Baxalibur|Freeze-Dry|p1a: Lapras
|-damage|p1a: Lapras|84/100
|move|p1a: Lapras|Dragon Pulse|p2a: Baxalibur
|-supereffective|p2a: Baxalibur
|-damage|p2a: Baxalibur|64/100
|
|upkeep
|turn|3
|
|t:|1743846009
|switch|p2a: Dame mante|Scizor, F, shiny|100/100
|move|p1a: Lapras|Dragon Pulse|p2a: Dame mante
|-resisted|p2a: Dame mante
|-damage|p2a: Dame mante|94/100
|
|upkeep
|turn|4
|
|t:|1743846018
|switch|p1a: Charizard|Charizard, M|100/100
|move|p2a: Dame mante|Bullet Punch|p1a: Charizard
|-resisted|p1a: Charizard
|-damage|p1a: Charizard|70/100
|
|upkeep
|turn|5
|
|t:|1743846041
|switch|p2a: Non détestable|Clodsire, M|100/100
|move|p1a: Charizard|Ancient Power|p2a: Non détestable
|-resisted|p2a: Non détestable
|-damage|p2a: Non détestable|98/100
|-boost|p1a: Charizard|atk|1
|-boost|p1a: Charizard|def|1
|-boost|p1a: Charizard|spa|1
|-boost|p1a: Charizard|spd|1
|-boost|p1a: Charizard|spe|1
|
|-heal|p2a: Non détestable|100/100|[from] item: Leftovers
|upkeep
|turn|6
|
|t:|1743846054
|move|p1a: Charizard|Air Slash|p2a: Non détestable
|-damage|p2a: Non détestable|87/100
|move|p2a: Non détestable|Stealth Rock|p1a: Charizard
|-sidestart|p1: etude_suzuki|move: Stealth Rock
|
|-heal|p2a: Non détestable|94/100|[from] item: Leftovers
|upkeep
|turn|7
|
|t:|1743846060
|move|p1a: Charizard|Air Slash|p2a: Non détestable
|-damage|p2a: Non détestable|81/100
|move|p2a: Non détestable|Toxic|p1a: Charizard
|-status|p1a: Charizard|tox
|
|-heal|p2a: Non détestable|87/100|[from] item: Leftovers
|-damage|p1a: Charizard|64/100 tox|[from] psn
|upkeep
|turn|8
|
|t:|1743846068
|move|p1a: Charizard|Ancient Power|p2a: Non détestable
|-resisted|p2a: Non détestable
|-damage|p2a: Non détestable|84/100
|move|p2a: Non détestable|Recover|p2a: Non détestable
|-heal|p2a: Non détestable|100/100
|
|-damage|p1a: Charizard|52/100 tox|[from] psn
|-sideend|p2: Victeam1610|move: Light Screen
|upkeep
|turn|9
|
|t:|1743846077
|move|p1a: Charizard|Flamethrower|p2a: Non détestable
|-damage|p2a: Non détestable|68/100
|move|p2a: Non détestable|Earthquake|p1a: Charizard
|-immune|p1a: Charizard
|
|-heal|p2a: Non détestable|74/100|[from] item: Leftovers
|-damage|p1a: Charizard|34/100 tox|[from] psn
|upkeep
|turn|10
|
|t:|1743846085
|move|p1a: Charizard|Ancient Power|p2a: Non détestable
|-resisted|p2a: Non détestable
|-damage|p2a: Non détestable|66/100
|move|p2a: Non détestable|Recover|p2a: Non détestable
|-heal|p2a: Non détestable|100/100
|
|-damage|p1a: Charizard|10/100 tox|[from] psn
|upkeep
|turn|11
|
|t:|1743846094
|move|p1a: Charizard|Flamethrower|p2a: Non détestable
|-damage|p2a: Non détestable|50/100
|move|p2a: Non détestable|Recover|p2a: Non détestable
|-heal|p2a: Non détestable|99/100
|
|-heal|p2a: Non détestable|100/100|[from] item: Leftovers
|-damage|p1a: Charizard|0 fnt|[from] psn
|faint|p1a: Charizard
|upkeep
|
|t:|1743846106
|switch|p1a: Lucario|Lucario, M|100/100
|-damage|p1a: Lucario|98/100|[from] Stealth Rock
|turn|12
|
|t:|1743846113
|move|p1a: Lucario|Earthquake|p2a: Non détestable
|-supereffective|p2a: Non détestable
|-damage|p2a: Non détestable|32/100
|move|p2a: Non détestable|Earthquake|p1a: Lucario
|-supereffective|p1a: Lucario
|-damage|p1a: Lucario|14/100
|
|-heal|p2a: Non détestable|38/100|[from] item: Leftovers
|upkeep
|turn|13
|
|t:|1743846123
|-terastallize|p2a: Non détestable|Flying
|move|p1a: Lucario|Earthquake|p2a: Non détestable
|-immune|p2a: Non détestable
|move|p2a: Non détestable|Earthquake|p1a: Lucario
|-supereffective|p1a: Lucario
|-damage|p1a: Lucario|0 fnt
|faint|p1a: Lucario
|
|-heal|p2a: Non détestable|44/100|[from] item: Leftovers
|upkeep
|
|t:|1743846132
|switch|p1a: Pikachu|Pikachu, M|100/100
|-damage|p1a: Pikachu|88/100|[from] Stealth Rock
|turn|14
|
|t:|1743846140
|move|p1a: Pikachu|Thunderbolt|p2a: Non détestable
|-supereffective|p2a: Non détestable
|-damage|p2a: Non détestable|0 fnt
|faint|p2a: Non détestable
|
|upkeep
|
|t:|1743846145
|switch|p2a: Abdou|Raichu-Alola, M, shiny|100/100
|turn|15
|
|t:|1743846151
|switch|p1a: Gardevoir|Gardevoir, F|100/100
|-damage|p1a: Gardevoir|88/100|[from] Stealth Rock
|move|p2a: Abdou|Psychic|p1a: Gardevoir
|-immune|p1a: Gardevoir
|
|upkeep
|turn|16
|
|t:|1743846163
|move|p1a: Gardevoir|Sucker Punch|p2a: Abdou
|-supereffective|p2a: Abdou
|-damage|p2a: Abdou|0 fnt
|faint|p2a: Abdou
|
|upkeep
|
|t:|1743846170
|switch|p2a: Roronoa|Samurott-Hisui, M|100/100
|turn|17
|
|t:|1743846174
|switch|p1a: Lapras|Lapras, F|84/100
|-damage|p1a: Lapras|59/100|[from] Stealth Rock
|move|p2a: Roronoa|Ceaseless Edge|p1a: Lapras
|-damage|p1a: Lapras|10/100
|-sidestart|p1: etude_suzuki|Spikes
|-damage|p2a: Roronoa|91/100|[from] item: Life Orb
|
|upkeep
|turn|18
|
|t:|1743846183
|move|p1a: Lapras|Ice Shard|p2a: Roronoa
|-resisted|p2a: Roronoa
|-damage|p2a: Roronoa|83/100
|move|p2a: Roronoa|Ceaseless Edge|p1a: Lapras
|-damage|p1a: Lapras|0 fnt
|-sidestart|p1: etude_suzuki|Spikes
|faint|p1a: Lapras
|-damage|p2a: Roronoa|73/100|[from] item: Life Orb
|
|upkeep
|
|t:|1743846191
|switch|p1a: Pikachu|Pikachu, M|88/100
|-damage|p1a: Pikachu|76/100|[from] Stealth Rock
|-damage|p1a: Pikachu|59/100|[from] Spikes
|turn|19
|
|t:|1743846198
|move|p1a: Pikachu|Thunderbolt|p2a: Roronoa
|-supereffective|p2a: Roronoa
|-damage|p2a: Roronoa|0 fnt
|faint|p2a: Roronoa
|
|upkeep
|
|t:|1743846204
|switch|p2a: Chance-lier|Chandelure, F, shiny|100/100
|turn|20
|
|t:|1743846212
|move|p2a: Chance-lier|Energy Ball|p1a: Pikachu
|-damage|p1a: Pikachu|0 fnt
|faint|p1a: Pikachu
|
|upkeep
|
|t:|1743846217
|switch|p1a: Gardevoir|Gardevoir, F|100/100
|-damage|p1a: Gardevoir|88/100|[from] Stealth Rock
|-damage|p1a: Gardevoir|72/100|[from] Spikes
|-ability|p1a: Gardevoir|Infiltrator|[from] ability: Trace|[of] p2a: Chance-lier
|turn|21
|
|t:|1743846232
|move|p2a: Chance-lier|Energy Ball|p1a: Gardevoir
|-damage|p1a: Gardevoir|34/100
|move|p1a: Gardevoir|Calm Mind|p1a: Gardevoir
|-boost|p1a: Gardevoir|spa|1
|-boost|p1a: Gardevoir|spd|1
|
|-heal|p1a: Gardevoir|40/100|[from] item: Leftovers
|upkeep
|turn|22
|
|t:|1743846240
|move|p2a: Chance-lier|Energy Ball|p1a: Gardevoir
|-damage|p1a: Gardevoir|14/100
|move|p1a: Gardevoir|Psyshock|p2a: Chance-lier
|-damage|p2a: Chance-lier|22/100
|
|-heal|p1a: Gardevoir|20/100|[from] item: Leftovers
|upkeep
|turn|23
|
|t:|1743846249
|move|p2a: Chance-lier|Energy Ball|p1a: Gardevoir
|-damage|p1a: Gardevoir|0 fnt
|faint|p1a: Gardevoir
|
|upkeep
|
|t:|1743846253
|switch|p1a: Zoroark|Zoroark, M|88/100
|-damage|p1a: Zoroark|76/100|[from] Stealth Rock
|-damage|p1a: Zoroark|60/100|[from] Spikes
|turn|24
|
|t:|1743846259
|move|p1a: Zoroark|Sucker Punch|p2a: Chance-lier
|-supereffective|p2a: Chance-lier
|-damage|p2a: Chance-lier|0 fnt
|faint|p2a: Chance-lier
|
|upkeep
|
|t:|1743846263
|switch|p2a: Dame mante|Scizor, F, shiny|94/100
|turn|25
|
|t:|1743846271
|-terastallize|p1a: Zoroark|Dark
|move|p1a: Zoroark|Sucker Punch|p2a: Dame mante
|-damage|p2a: Dame mante|48/100
|move|p2a: Dame mante|U-turn|p1a: Zoroark
|-supereffective|p1a: Zoroark
|-damage|p1a: Zoroark|0 fnt
|faint|p1a: Zoroark
|
|win|Victeam1610
|raw|etude_suzuki's rating: 1116 &rarr; <strong>1091</strong><br />(-25 for losing)
|raw|Victeam1610's rating: 1119 &rarr; <strong>1144</strong><br />(+25 for winning)
|l|☆Victeam1610
|player|p2|
|l|☆etude_suzuki
|player|p1|
|j|☆etude_suzuki
|player|p1|etude_suzuki|265|
