|j|☆PumpkinShadow
|j|☆Lolawish
|t:|1743848254
|gametype|singles
|player|p1|PumpkinShadow|drayden|1398
|player|p2|Lolawish|darach-caitlin|1338
|teamsize|p1|6
|teamsize|p2|6
|gen|9
|tier|[Gen 9] OU
|rated|
|rule|HP Percentage Mod: HP is shown in percentages
|rule|Endless Battle Clause: Forcing endless battles is banned
|rule|Species Clause: Limit one of each Pokémon
|rule|OHKO Clause: OHKO moves are banned
|rule|Evasion Items Clause: Evasion items are banned
|rule|Evasion Moves Clause: Evasion moves are banned
|rule|Sleep Moves Clause: Sleep-inducing moves are banned
|clearpoke
|poke|p1|Pelipper, F|
|poke|p1|Barraskewda, M|
|poke|p1|Zapdos|
|poke|p1|Corviknight, F|
|poke|p1|Clodsire, M|
|poke|p1|Incineroar, F|
|poke|p2|Alomomola, M|
|poke|p2|Zapdos|
|poke|p2|Slowking-Galar, M|
|poke|p2|Iron Valiant|
|poke|p2|Gliscor, F|
|poke|p2|Iron Crown|
|teampreview
|inactive|Battle timer is ON: inactive players will automatically lose when time's up. (requested by Lolawish)
|
|t:|1743848271
|start
|switch|p1a: Barraskewda|Barraskewda, M|100/100
|switch|p2a: Alomomola|Alomomola, M|100/100
|turn|1
|
|t:|1743848276
|move|p1a: Barraskewda|Flip Turn|p2a: Alomomola
|-resisted|p2a: Alomomola
|-damage|p2a: Alomomola|88/100
|
|t:|1743848280
|switch|p1a: Clodsire|Clodsire, M|100/100|[from] Flip Turn
|move|p2a: Alomomola|Scald|p1a: Clodsire
|-immune|p1a: Clodsire|[from] ability: Water Absorb
|
|upkeep
|turn|2
|
|t:|1743848287
|switch|p2a: Gliscor|Gliscor, F|100/100
|switch|p1a: Pelipper|Pelipper, F|100/100
|-weather|RainDance|[from] ability: Drizzle|[of] p1a: Pelipper
|
|-weather|RainDance|[upkeep]
|-status|p2a: Gliscor|tox|[from] item: Toxic Orb
|upkeep
|turn|3
|
|t:|1743848300
|move|p2a: Gliscor|Protect|p2a: Gliscor
|-singleturn|p2a: Gliscor|Protect
|move|p1a: Pelipper|Weather Ball|p2a: Gliscor
|-activate|p2a: Gliscor|move: Protect
|
|-weather|RainDance|[upkeep]
|upkeep
|turn|4
|
|t:|1743848306
|switch|p2a: Slowking|Slowking-Galar, M|100/100
|move|p1a: Pelipper|U-turn|p2a: Slowking
|-damage|p2a: Slowking|91/100
|
|t:|1743848312
|switch|p1a: Barraskewda|Barraskewda, M|100/100|[from] U-turn
|
|-weather|RainDance|[upkeep]
|upkeep
|turn|5
|
|t:|1743848319
|switch|p2a: Alomomola|Alomomola, M|100/100
|move|p1a: Barraskewda|Flip Turn|p2a: Alomomola
|-resisted|p2a: Alomomola
|-damage|p2a: Alomomola|82/100
|
|t:|1743848325
|switch|p1a: Clodsire|Clodsire, M|100/100|[from] Flip Turn
|
|-weather|RainDance|[upkeep]
|upkeep
|turn|6
|
|t:|1743848331
|switch|p2a: Gliscor|Gliscor, F|100/100 tox
|move|p1a: Clodsire|Toxic|p2a: Gliscor
|-fail|p2a: Gliscor|tox
|
|-weather|RainDance|[upkeep]
|upkeep
|turn|7
|
|t:|1743848337
|switch|p1a: Corviknight|Corviknight, F, shiny|100/100
|-ability|p1a: Corviknight|Pressure
|move|p2a: Gliscor|Toxic|p1a: Corviknight
|-immune|p1a: Corviknight
|
|-weather|RainDance|[upkeep]
|upkeep
|turn|8
|
|t:|1743848344
|move|p2a: Gliscor|Spikes|p1a: Corviknight
|-sidestart|p1: PumpkinShadow|Spikes
|move|p1a: Corviknight|U-turn|p2a: Gliscor
|-resisted|p2a: Gliscor
|-damage|p2a: Gliscor|95/100 tox
|
|t:|1743848350
|switch|p1a: Barraskewda|Barraskewda, M|100/100|[from] U-turn
|-damage|p1a: Barraskewda|88/100|[from] Spikes
|
|-weather|RainDance|[upkeep]
|-heal|p2a: Gliscor|100/100 tox|[from] ability: Poison Heal
|upkeep
|turn|9
|
|t:|1743848354
|switch|p2a: Alomomola|Alomomola, M|100/100
|move|p1a: Barraskewda|Flip Turn|p2a: Alomomola
|-resisted|p2a: Alomomola
|-damage|p2a: Alomomola|80/100
|
|t:|1743848364
|switch|p1a: Clodsire|Clodsire, M|100/100|[from] Flip Turn
|-damage|p1a: Clodsire|88/100|[from] Spikes
|
|-weather|none
|-heal|p1a: Clodsire|94/100|[from] item: Leftovers
|upkeep
|turn|10
|
|t:|1743848368
|switch|p2a: Gliscor|Gliscor, F|100/100 tox
|move|p1a: Clodsire|Stealth Rock|p2a: Gliscor
|-sidestart|p2: Lolawish|move: Stealth Rock
|
|-heal|p1a: Clodsire|100/100|[from] item: Leftovers
|upkeep
|turn|11
|
|t:|1743848373
|switch|p1a: Pelipper|Pelipper, F|100/100
|-weather|RainDance|[from] ability: Drizzle|[of] p1a: Pelipper
|move|p2a: Gliscor|Toxic|p1a: Pelipper
|-status|p1a: Pelipper|tox
|
|-weather|RainDance|[upkeep]
|-damage|p1a: Pelipper|94/100 tox|[from] psn
|upkeep
|turn|12
|
|t:|1743848378
|move|p2a: Gliscor|Protect|p2a: Gliscor
|-singleturn|p2a: Gliscor|Protect
|move|p1a: Pelipper|Weather Ball|p2a: Gliscor
|-activate|p2a: Gliscor|move: Protect
|
|-weather|RainDance|[upkeep]
|-damage|p1a: Pelipper|82/100 tox|[from] psn
|upkeep
|turn|13
|
|t:|1743848392
|switch|p2a: Slowking|Slowking-Galar, M|100/100
|-damage|p2a: Slowking|88/100|[from] Stealth Rock
|move|p1a: Pelipper|Weather Ball|p2a: Slowking
|-damage|p2a: Slowking|63/100
|
|-weather|RainDance|[upkeep]
|-damage|p1a: Pelipper|63/100 tox|[from] psn
|upkeep
|turn|14
|
|t:|1743848397
|switch|p1a: Corviknight|Corviknight, F, shiny|100/100
|-ability|p1a: Corviknight|Pressure
|move|p2a: Slowking|Sludge Bomb|p1a: Corviknight
|-immune|p1a: Corviknight
|
|-weather|RainDance|[upkeep]
|upkeep
|turn|15
|
|t:|1743848406
|switch|p2a: Alomomola|Alomomola, M|100/100
|move|p1a: Corviknight|U-turn|p2a: Alomomola
|-damage|p2a: Alomomola|93/100
|
|t:|1743848411
|switch|p1a: Zapdos|Zapdos, shiny|100/100|[from] U-turn
|
|-weather|RainDance|[upkeep]
|upkeep
|turn|16
|
|t:|1743848421
|move|p2a: Alomomola|Protect|p2a: Alomomola
|-singleturn|p2a: Alomomola|Protect
|move|p1a: Zapdos|Hurricane|p2a: Alomomola
|-activate|p2a: Alomomola|move: Protect
|
|-weather|RainDance|[upkeep]
|upkeep
|turn|17
|
|t:|1743848428
|switch|p2a: Slowking|Slowking-Galar, M|96/100
|-damage|p2a: Slowking|84/100|[from] Stealth Rock
|move|p1a: Zapdos|Thunder|p2a: Slowking
|-damage|p2a: Slowking|57/100
|
|-weather|RainDance|[upkeep]
|upkeep
|turn|18
|
|t:|1743848437
|move|p1a: Zapdos|Volt Switch|p2a: Slowking
|-damage|p2a: Slowking|41/100
|
|t:|1743848440
|switch|p1a: Incineroar|Incineroar, F, shiny|100/100|[from] Volt Switch
|-ability|p1a: Incineroar|Intimidate|boost
|-unboost|p2a: Slowking|atk|1
|move|p2a: Slowking|Ice Beam|p1a: Incineroar
|-resisted|p1a: Incineroar
|-damage|p1a: Incineroar|88/100
|
|-weather|none
|upkeep
|turn|19
|
|t:|1743848451
|switch|p2a: Alomomola|Alomomola, M|100/100
|move|p1a: Incineroar|Knock Off|p2a: Alomomola
|-damage|p2a: Alomomola|82/100
|-enditem|p2a: Alomomola|Heavy-Duty Boots|[from] move: Knock Off|[of] p1a: Incineroar
|
|upkeep
|turn|20
|
|t:|1743848463
|move|p1a: Incineroar|Parting Shot|p2a: Alomomola
|-unboost|p2a: Alomomola|atk|1
|-unboost|p2a: Alomomola|spa|1
|
|t:|1743848466
|switch|p1a: Clodsire|Clodsire, M|100/100|[from] Parting Shot
|-damage|p1a: Clodsire|88/100|[from] Spikes
|move|p2a: Alomomola|Wish|p2a: Alomomola
|
|-heal|p1a: Clodsire|94/100|[from] item: Leftovers
|upkeep
|turn|21
|
|t:|1743848473
|switch|p2a: Slowking|Slowking-Galar, M|74/100
|-damage|p2a: Slowking|62/100|[from] Stealth Rock
|move|p1a: Clodsire|Earthquake|p2a: Slowking
|-supereffective|p2a: Slowking
|-damage|p2a: Slowking|10/100
|
|-heal|p2a: Slowking|77/100|[from] move: Wish|[wisher] Alomomola
|-heal|p1a: Clodsire|100/100|[from] item: Leftovers
|upkeep
|turn|22
|
|t:|1743848485
|move|p2a: Slowking|Psyshock|p1a: Clodsire
|-supereffective|p1a: Clodsire
|-damage|p1a: Clodsire|16/100
|move|p1a: Clodsire|Earthquake|p2a: Slowking
|-supereffective|p2a: Slowking
|-damage|p2a: Slowking|26/100
|
|-heal|p1a: Clodsire|23/100|[from] item: Leftovers
|upkeep
|turn|23
|
|t:|1743848499
|switch|p2a: Gliscor|Gliscor, F|100/100 tox
|-damage|p2a: Gliscor|88/100 tox|[from] Stealth Rock
|switch|p1a: Incineroar|Incineroar, F, shiny|88/100
|-ability|p1a: Incineroar|Intimidate|boost
|-unboost|p2a: Gliscor|atk|1
|
|-heal|p2a: Gliscor|100/100 tox|[from] ability: Poison Heal
|upkeep
|turn|24
|
|t:|1743848511
|switch|p1a: Corviknight|Corviknight, F, shiny|100/100
|-ability|p1a: Corviknight|Pressure
|move|p2a: Gliscor|Protect||[still]
|-fail|p2a: Gliscor
|
|upkeep
|turn|25
|
|t:|1743848519
|move|p2a: Gliscor|Spikes|p1a: Corviknight
|-sidestart|p1: PumpkinShadow|Spikes
|move|p1a: Corviknight|U-turn|p2a: Gliscor
|-resisted|p2a: Gliscor
|-damage|p2a: Gliscor|95/100 tox
|
|t:|1743848524
|switch|p1a: Pelipper|Pelipper, F|63/100 tox|[from] U-turn
|-weather|RainDance|[from] ability: Drizzle|[of] p1a: Pelipper
|
|-weather|RainDance|[upkeep]
|-heal|p2a: Gliscor|100/100 tox|[from] ability: Poison Heal
|-damage|p1a: Pelipper|57/100 tox|[from] psn
|upkeep
|turn|26
|
|t:|1743848531
|switch|p2a: Slowking|Slowking-Galar, M|59/100
|-damage|p2a: Slowking|46/100|[from] Stealth Rock
|switch|p1a: Zapdos|Zapdos, shiny|100/100
|
|-weather|RainDance|[upkeep]
|upkeep
|turn|27
|
|t:|1743848540
|move|p1a: Zapdos|Thunder|p2a: Slowking
|-damage|p2a: Slowking|19/100
|move|p2a: Slowking|Sludge Bomb|p1a: Zapdos
|-damage|p1a: Zapdos|53/100
|
|-weather|RainDance|[upkeep]
|upkeep
|turn|28
|
|t:|1743848563
|switch|p2a: Iron Crown|Iron Crown|100/100
|-damage|p2a: Iron Crown|94/100|[from] Stealth Rock
|move|p1a: Zapdos|Hurricane|p2a: Iron Crown
|-resisted|p2a: Iron Crown
|-damage|p2a: Iron Crown|65/100
|-start|p2a: Iron Crown|confusion
|
|-weather|RainDance|[upkeep]
|upkeep
|turn|29
|
|t:|1743848576
|-end|p2a: Iron Crown|Quark Drive|[silent]
|switch|p2a: Slowking|Slowking-Galar, M|52/100
|-damage|p2a: Slowking|40/100|[from] Stealth Rock
|move|p1a: Zapdos|Volt Switch|p2a: Slowking
|-damage|p2a: Slowking|22/100
|
|t:|1743848585
|switch|p1a: Incineroar|Incineroar, F, shiny|88/100|[from] Volt Switch
|-ability|p1a: Incineroar|Intimidate|boost
|-unboost|p2a: Slowking|atk|1
|
|-weather|RainDance|[upkeep]
|upkeep
|turn|30
|
|t:|1743848592
|switch|p2a: Alomomola|Alomomola, M|100/100
|-damage|p2a: Alomomola|88/100|[from] Stealth Rock
|move|p1a: Incineroar|Parting Shot|p2a: Alomomola
|-unboost|p2a: Alomomola|atk|1
|-unboost|p2a: Alomomola|spa|1
|
|t:|1743848596
|switch|p1a: Zapdos|Zapdos, shiny|53/100|[from] Parting Shot
|
|-weather|RainDance|[upkeep]
|upkeep
|turn|31
|
|t:|1743848600
|move|p2a: Alomomola|Protect|p2a: Alomomola
|-singleturn|p2a: Alomomola|Protect
|move|p1a: Zapdos|Thunder|p2a: Alomomola
|-activate|p2a: Alomomola|move: Protect
|
|-weather|RainDance|[upkeep]
|upkeep
|turn|32
|
|t:|1743848613
|move|p2a: Alomomola|Protect||[still]
|-fail|p2a: Alomomola
|move|p1a: Zapdos|Weather Ball|p2a: Alomomola
|-resisted|p2a: Alomomola
|-damage|p2a: Alomomola|59/100
|
|-weather|none
|upkeep
|turn|33
|
|t:|1743848623
|switch|p2a: Slowking|Slowking-Galar, M|55/100
|-damage|p2a: Slowking|43/100|[from] Stealth Rock
|move|p1a: Zapdos|Volt Switch|p2a: Slowking
|-damage|p2a: Slowking|25/100
|
|t:|1743848630
|switch|p1a: Incineroar|Incineroar, F, shiny|88/100|[from] Volt Switch
|-ability|p1a: Incineroar|Intimidate|boost
|-unboost|p2a: Slowking|atk|1
|
|upkeep
|turn|34
|
|t:|1743848644
|switch|p2a: Alomomola|Alomomola, M|93/100
|-damage|p2a: Alomomola|80/100|[from] Stealth Rock
|move|p1a: Incineroar|Parting Shot|p2a: Alomomola
|-unboost|p2a: Alomomola|atk|1
|-unboost|p2a: Alomomola|spa|1
|
|t:|1743848651
|switch|p1a: Zapdos|Zapdos, shiny|53/100|[from] Parting Shot
|
|upkeep
|turn|35
|
|t:|1743848666
|switch|p2a: Zapdos|Zapdos|100/100
|move|p1a: Zapdos|Volt Switch|p2a: Zapdos
|-damage|p2a: Zapdos|66/100
|
|t:|1743848672
|switch|p1a: Barraskewda|Barraskewda, M|88/100|[from] Volt Switch
|-damage|p1a: Barraskewda|72/100|[from] Spikes
|
|upkeep
|turn|36
|
|t:|1743848681
|-terastallize|p1a: Barraskewda|Water
|move|p1a: Barraskewda|Liquidation|p2a: Zapdos
|-damage|p2a: Zapdos|0 fnt
|faint|p2a: Zapdos
|
|upkeep
|
|t:|1743848687
|switch|p2a: Iron Valiant|Iron Valiant|100/100
|-damage|p2a: Iron Valiant|94/100|[from] Stealth Rock
|-enditem|p2a: Iron Valiant|Booster Energy
|-activate|p2a: Iron Valiant|ability: Quark Drive|[fromitem]
|-start|p2a: Iron Valiant|quarkdrivespe
|turn|37
|
|t:|1743848695
|switch|p1a: Corviknight|Corviknight, F, shiny|100/100
|-ability|p1a: Corviknight|Pressure
|move|p2a: Iron Valiant|Moonblast|p1a: Corviknight
|-resisted|p1a: Corviknight
|-damage|p1a: Corviknight|76/100
|
|upkeep
|turn|38
|
|t:|1743848706
|move|p2a: Iron Valiant|Knock Off|p1a: Corviknight
|-damage|p1a: Corviknight|59/100
|-damage|p2a: Iron Valiant|78/100|[from] item: Rocky Helmet|[of] p1a: Corviknight
|-enditem|p1a: Corviknight|Rocky Helmet|[from] move: Knock Off|[of] p2a: Iron Valiant
|move|p1a: Corviknight|U-turn|p2a: Iron Valiant
|-resisted|p2a: Iron Valiant
|-damage|p2a: Iron Valiant|73/100
|
|t:|1743848711
|switch|p1a: Pelipper|Pelipper, F|57/100 tox|[from] U-turn
|-weather|RainDance|[from] ability: Drizzle|[of] p1a: Pelipper
|
|-weather|RainDance|[upkeep]
|-damage|p1a: Pelipper|51/100 tox|[from] psn
|upkeep
|turn|39
|
|t:|1743848720
|switch|p1a: Corviknight|Corviknight, F, shiny|59/100
|-ability|p1a: Corviknight|Pressure
|move|p2a: Iron Valiant|Moonblast|p1a: Corviknight
|-resisted|p1a: Corviknight
|-damage|p1a: Corviknight|37/100
|
|-weather|RainDance|[upkeep]
|upkeep
|turn|40
|
|t:|1743848728
|move|p2a: Iron Valiant|Close Combat|p1a: Corviknight
|-damage|p1a: Corviknight|8/100
|-unboost|p2a: Iron Valiant|def|1
|-unboost|p2a: Iron Valiant|spd|1
|move|p1a: Corviknight|Roost|p1a: Corviknight
|-heal|p1a: Corviknight|58/100
|-singleturn|p1a: Corviknight|move: Roost
|
|-weather|RainDance|[upkeep]
|upkeep
|turn|41
|
|t:|1743848732
|move|p2a: Iron Valiant|Encore|p1a: Corviknight
|-start|p1a: Corviknight|Encore
|move|p1a: Corviknight|Roost|p1a: Corviknight
|-heal|p1a: Corviknight|100/100
|-singleturn|p1a: Corviknight|move: Roost
|
|-weather|RainDance|[upkeep]
|upkeep
|turn|42
|
|t:|1743848744
|-end|p2a: Iron Valiant|Quark Drive|[silent]
|switch|p2a: Iron Crown|Iron Crown|65/100
|-damage|p2a: Iron Crown|58/100|[from] Stealth Rock
|switch|p1a: Incineroar|Incineroar, F, shiny|88/100
|-ability|p1a: Incineroar|Intimidate|boost
|-unboost|p2a: Iron Crown|atk|1
|
|-weather|RainDance|[upkeep]
|upkeep
|turn|43
|
|t:|1743848755
|move|p2a: Iron Crown|Focus Blast|p1a: Incineroar
|-supereffective|p1a: Incineroar
|-damage|p1a: Incineroar|0 fnt
|faint|p1a: Incineroar
|
|-weather|RainDance|[upkeep]
|upkeep
|
|t:|1743848759
|switch|p1a: Barraskewda|Barraskewda, M, tera:Water|72/100
|-damage|p1a: Barraskewda|56/100|[from] Spikes
|turn|44
|
|t:|1743848764
|-end|p2a: Iron Crown|Quark Drive|[silent]
|switch|p2a: Alomomola|Alomomola, M|100/100
|-damage|p2a: Alomomola|88/100|[from] Stealth Rock
|move|p1a: Barraskewda|Flip Turn|p2a: Alomomola
|-resisted|p2a: Alomomola
|-damage|p2a: Alomomola|62/100
|
|t:|1743848772
|switch|p1a: Zapdos|Zapdos, shiny|53/100|[from] Flip Turn
|
|-weather|RainDance|[upkeep]
|upkeep
|turn|45
|
|t:|1743848781
|switch|p2a: Gliscor|Gliscor, F|100/100 tox
|-damage|p2a: Gliscor|88/100 tox|[from] Stealth Rock
|move|p1a: Zapdos|Thunder|p2a: Gliscor
|-immune|p2a: Gliscor
|
|-weather|none
|-heal|p2a: Gliscor|100/100 tox|[from] ability: Poison Heal
|upkeep
|turn|46
|inactive|Lolawish has 120 seconds left.
|
|t:|1743848814
|switch|p1a: Pelipper|Pelipper, F|51/100 tox
|-weather|RainDance|[from] ability: Drizzle|[of] p1a: Pelipper
|move|p2a: Gliscor|Spikes|p1a: Pelipper
|-sidestart|p1: PumpkinShadow|Spikes
|
|-weather|RainDance|[upkeep]
|-damage|p1a: Pelipper|45/100 tox|[from] psn
|upkeep
|turn|47
|
|t:|1743848820
|move|p2a: Gliscor|Protect|p2a: Gliscor
|-singleturn|p2a: Gliscor|Protect
|move|p1a: Pelipper|U-turn|p2a: Gliscor
|-activate|p2a: Gliscor|move: Protect
|
|-weather|RainDance|[upkeep]
|-damage|p1a: Pelipper|32/100 tox|[from] psn
|upkeep
|turn|48
|inactive|Lolawish has 120 seconds left.
|
|t:|1743848848
|move|p2a: Gliscor|Earthquake|p1a: Pelipper
|-immune|p1a: Pelipper
|move|p1a: Pelipper|Roost|p1a: Pelipper
|-heal|p1a: Pelipper|83/100 tox
|-singleturn|p1a: Pelipper|move: Roost
|
|-weather|RainDance|[upkeep]
|-damage|p1a: Pelipper|64/100 tox|[from] psn
|upkeep
|turn|49
|
|t:|1743848859
|switch|p2a: Slowking|Slowking-Galar, M|58/100
|-damage|p2a: Slowking|45/100|[from] Stealth Rock
|switch|p1a: Corviknight|Corviknight, F, shiny|100/100
|-ability|p1a: Corviknight|Pressure
|
|-weather|RainDance|[upkeep]
|upkeep
|turn|50
|inactive|Lolawish has 120 seconds left.
|
|t:|1743848877
|switch|p2a: Alomomola|Alomomola, M|96/100
|-damage|p2a: Alomomola|83/100|[from] Stealth Rock
|move|p1a: Corviknight|Defog|p2a: Alomomola
|-unboost|p2a: Alomomola|evasion|1
|-sideend|p2: Lolawish|Stealth Rock|[from] move: Defog|[of] p1a: Corviknight
|-sideend|p1: PumpkinShadow|Spikes|[from] move: Defog|[of] p1a: Corviknight
|
|-weather|RainDance|[upkeep]
|upkeep
|turn|51
|
|t:|1743848882
|move|p1a: Corviknight|U-turn|p2a: Alomomola
|-damage|p2a: Alomomola|75/100
|
|t:|1743848889
|switch|p1a: Clodsire|Clodsire, M|23/100|[from] U-turn
|move|p2a: Alomomola|Scald|p1a: Clodsire
|-heal|p1a: Clodsire|48/100|[from] ability: Water Absorb|[of] p2a: Alomomola
|
|-weather|RainDance|[upkeep]
|-heal|p1a: Clodsire|54/100|[from] item: Leftovers
|upkeep
|turn|52
|
|t:|1743848898
|move|p2a: Alomomola|Wish|p2a: Alomomola
|move|p1a: Clodsire|Earthquake|p2a: Alomomola
|-damage|p2a: Alomomola|61/100
|
|-weather|RainDance|[upkeep]
|-heal|p1a: Clodsire|60/100|[from] item: Leftovers
|upkeep
|turn|53
|
|t:|1743848908
|switch|p2a: Iron Crown|Iron Crown|58/100
|move|p1a: Clodsire|Earthquake|p2a: Iron Crown
|-supereffective|p2a: Iron Crown
|-damage|p2a: Iron Crown|0 fnt
|faint|p2a: Iron Crown
|-end|p2a: Iron Crown|Quark Drive|[silent]
|
|-weather|none
|-heal|p1a: Clodsire|66/100|[from] item: Leftovers
|upkeep
|
|t:|1743848918
|switch|p2a: Iron Valiant|Iron Valiant|73/100
|turn|54
|
|t:|1743848924
|move|p2a: Iron Valiant|Knock Off|p1a: Clodsire
|-damage|p1a: Clodsire|37/100
|-enditem|p1a: Clodsire|Leftovers|[from] move: Knock Off|[of] p2a: Iron Valiant
|move|p1a: Clodsire|Toxic|p2a: Iron Valiant
|-status|p2a: Iron Valiant|tox
|
|-damage|p2a: Iron Valiant|67/100 tox|[from] psn
|upkeep
|turn|55
|
|t:|1743848933
|switch|p1a: Corviknight|Corviknight, F, shiny|100/100
|-ability|p1a: Corviknight|Pressure
|move|p2a: Iron Valiant|Knock Off|p1a: Corviknight
|-damage|p1a: Corviknight|89/100
|
|-damage|p2a: Iron Valiant|54/100 tox|[from] psn
|upkeep
|turn|56
|
|t:|1743848944
|-end|p2a: Iron Valiant|Quark Drive|[silent]
|switch|p2a: Slowking|Slowking-Galar, M|79/100
|move|p1a: Corviknight|U-turn|p2a: Slowking
|-damage|p2a: Slowking|63/100
|
|t:|1743848951
|switch|p1a: Barraskewda|Barraskewda, M, tera:Water|56/100|[from] U-turn
|
|upkeep
|turn|57
|
|t:|1743848955
|switch|p2a: Alomomola|Alomomola, M|95/100
|move|p1a: Barraskewda|Flip Turn|p2a: Alomomola
|-resisted|p2a: Alomomola
|-damage|p2a: Alomomola|77/100
|
|t:|1743848960
|switch|p1a: Pelipper|Pelipper, F|64/100 tox|[from] Flip Turn
|-weather|RainDance|[from] ability: Drizzle|[of] p1a: Pelipper
|
|-weather|RainDance|[upkeep]
|-damage|p1a: Pelipper|58/100 tox|[from] psn
|upkeep
|turn|58
|
|t:|1743848972
|switch|p1a: Clodsire|Clodsire, M|37/100
|move|p2a: Alomomola|Flip Turn|p1a: Clodsire
|-heal|p1a: Clodsire|62/100|[from] ability: Water Absorb|[of] p2a: Alomomola
|
|-weather|RainDance|[upkeep]
|upkeep
|turn|59
|
|t:|1743848988
|move|p2a: Alomomola|Protect|p2a: Alomomola
|-singleturn|p2a: Alomomola|Protect
|move|p1a: Clodsire|Stealth Rock|p2a: Alomomola
|-sidestart|p2: Lolawish|move: Stealth Rock
|
|-weather|RainDance|[upkeep]
|upkeep
|turn|60
|
|t:|1743849000
|move|p2a: Alomomola|Wish|p2a: Alomomola
|move|p1a: Clodsire|Toxic|p2a: Alomomola
|-status|p2a: Alomomola|tox
|
|-weather|RainDance|[upkeep]
|-damage|p2a: Alomomola|71/100 tox|[from] psn
|upkeep
|turn|61
|
|t:|1743849008
|switch|p2a: Slowking|Slowking-Galar, M|97/100
|-damage|p2a: Slowking|84/100|[from] Stealth Rock
|move|p1a: Clodsire|Recover|p1a: Clodsire
|-heal|p1a: Clodsire|100/100
|
|-weather|RainDance|[upkeep]
|-heal|p2a: Slowking|100/100|[from] move: Wish|[wisher] Alomomola
|upkeep
|turn|62
|
|t:|1743849015
|move|p2a: Slowking|Psyshock|p1a: Clodsire
|-supereffective|p1a: Clodsire
|-damage|p1a: Clodsire|19/100
|move|p1a: Clodsire|Earthquake|p2a: Slowking
|-supereffective|p2a: Slowking
|-damage|p2a: Slowking|47/100
|
|-weather|RainDance|[upkeep]
|upkeep
|turn|63
|
|t:|1743849024
|switch|p1a: Corviknight|Corviknight, F, shiny|89/100
|-ability|p1a: Corviknight|Pressure
|move|p2a: Slowking|Ice Beam|p1a: Corviknight
|-damage|p1a: Corviknight|60/100
|-status|p1a: Corviknight|frz
|
|-weather|RainDance|[upkeep]
|upkeep
|turn|64
|
|t:|1743849032
|cant|p1a: Corviknight|frz
|move|p2a: Slowking|Ice Beam|p1a: Corviknight
|-damage|p1a: Corviknight|32/100 frz
|
|-weather|none
|upkeep
|turn|65
|
|t:|1743849041
|cant|p1a: Corviknight|frz
|move|p2a: Slowking|Flamethrower|p1a: Corviknight
|-supereffective|p1a: Corviknight
|-crit|p1a: Corviknight
|-damage|p1a: Corviknight|0 fnt
|faint|p1a: Corviknight
|
|upkeep
|
|t:|1743849043
|switch|p1a: Barraskewda|Barraskewda, M, tera:Water|56/100
|turn|66
|
|t:|1743849047
|switch|p2a: Alomomola|Alomomola, M|100/100 tox
|-damage|p2a: Alomomola|88/100 tox|[from] Stealth Rock
|move|p1a: Barraskewda|Flip Turn|p2a: Alomomola
|-resisted|p2a: Alomomola
|-damage|p2a: Alomomola|70/100 tox
|
|t:|1743849049
|switch|p1a: Zapdos|Zapdos, shiny|53/100|[from] Flip Turn
|
|-damage|p2a: Alomomola|64/100 tox|[from] psn
|upkeep
|turn|67
|
|t:|1743849069
|switch|p2a: Gliscor|Gliscor, F|100/100 tox
|-damage|p2a: Gliscor|88/100 tox|[from] Stealth Rock
|move|p1a: Zapdos|Hurricane|p2a: Gliscor
|-damage|p2a: Gliscor|43/100 tox
|
|-heal|p2a: Gliscor|55/100 tox|[from] ability: Poison Heal
|upkeep
|turn|68
|
|t:|1743849079
|switch|p1a: Pelipper|Pelipper, F|58/100 tox
|-weather|RainDance|[from] ability: Drizzle|[of] p1a: Pelipper
|move|p2a: Gliscor|Toxic|p1a: Pelipper
|-fail|p1a: Pelipper|tox
|
|-weather|RainDance|[upkeep]
|-heal|p2a: Gliscor|68/100 tox|[from] ability: Poison Heal
|-damage|p1a: Pelipper|52/100 tox|[from] psn
|upkeep
|turn|69
|
|t:|1743849083
|switch|p1a: Barraskewda|Barraskewda, M, tera:Water|56/100
|move|p2a: Gliscor|Protect||[still]
|-fail|p2a: Gliscor
|
|-weather|RainDance|[upkeep]
|-heal|p2a: Gliscor|80/100 tox|[from] ability: Poison Heal
|upkeep
|turn|70
|
|t:|1743849091
|switch|p2a: Alomomola|Alomomola, M|97/100 tox
|-damage|p2a: Alomomola|85/100 tox|[from] Stealth Rock
|move|p1a: Barraskewda|Liquidation|p2a: Alomomola
|-resisted|p2a: Alomomola
|-damage|p2a: Alomomola|45/100 tox
|-unboost|p2a: Alomomola|def|1
|
|-weather|RainDance|[upkeep]
|-damage|p2a: Alomomola|39/100 tox|[from] psn
|upkeep
|turn|71
|
|t:|1743849106
|move|p2a: Alomomola|Protect|p2a: Alomomola
|-singleturn|p2a: Alomomola|Protect
|move|p1a: Barraskewda|Liquidation|p2a: Alomomola
|-activate|p2a: Alomomola|move: Protect
|
|-weather|RainDance|[upkeep]
|-damage|p2a: Alomomola|26/100 tox|[from] psn
|upkeep
|turn|72
|
|t:|1743849112
|switch|p2a: Slowking|Slowking-Galar, M|80/100
|-damage|p2a: Slowking|68/100|[from] Stealth Rock
|move|p1a: Barraskewda|Liquidation|p2a: Slowking
|-damage|p2a: Slowking|0 fnt
|faint|p2a: Slowking
|
|-weather|RainDance|[upkeep]
|upkeep
|
|t:|1743849121
|switch|p2a: Gliscor|Gliscor, F|80/100 tox
|-damage|p2a: Gliscor|68/100 tox|[from] Stealth Rock
|turn|73
|
|t:|1743849126
|move|p2a: Gliscor|Protect|p2a: Gliscor
|-singleturn|p2a: Gliscor|Protect
|move|p1a: Barraskewda|Liquidation|p2a: Gliscor
|-activate|p2a: Gliscor|move: Protect
|
|-weather|RainDance|[upkeep]
|-heal|p2a: Gliscor|80/100 tox|[from] ability: Poison Heal
|upkeep
|turn|74
|
|t:|1743849138
|switch|p2a: Alomomola|Alomomola, M|59/100 tox
|-damage|p2a: Alomomola|47/100 tox|[from] Stealth Rock
|move|p1a: Barraskewda|Liquidation|p2a: Alomomola
|-resisted|p2a: Alomomola
|-damage|p2a: Alomomola|7/100 tox
|
|-weather|RainDance|[upkeep]
|-damage|p2a: Alomomola|1/100 tox|[from] psn
|upkeep
|turn|75
|
|t:|1743849150
|move|p2a: Alomomola|Protect|p2a: Alomomola
|-singleturn|p2a: Alomomola|Protect
|move|p1a: Barraskewda|Liquidation|p2a: Alomomola
|-activate|p2a: Alomomola|move: Protect
|
|-weather|none
|-damage|p2a: Alomomola|0 fnt|[from] psn
|faint|p2a: Alomomola
|upkeep
|
|t:|1743849154
|switch|p2a: Iron Valiant|Iron Valiant|54/100 tox
|-damage|p2a: Iron Valiant|48/100 tox|[from] Stealth Rock
|turn|76
|
|t:|1743849160
|switch|p1a: Clodsire|Clodsire, M|19/100
|move|p2a: Iron Valiant|Moonblast|p1a: Clodsire
|-resisted|p1a: Clodsire
|-damage|p1a: Clodsire|7/100
|
|-damage|p2a: Iron Valiant|42/100 tox|[from] psn
|upkeep
|turn|77
|
|t:|1743849164
|switch|p1a: Pelipper|Pelipper, F|52/100 tox
|-weather|RainDance|[from] ability: Drizzle|[of] p1a: Pelipper
|move|p2a: Iron Valiant|Moonblast|p1a: Pelipper
|-crit|p1a: Pelipper
|-damage|p1a: Pelipper|0 fnt
|faint|p1a: Pelipper
|
|-weather|RainDance|[upkeep]
|-damage|p2a: Iron Valiant|30/100 tox|[from] psn
|upkeep
|
|t:|1743849166
|switch|p1a: Barraskewda|Barraskewda, M, tera:Water|56/100
|turn|78
|
|t:|1743849178
|-end|p2a: Iron Valiant|Quark Drive|[silent]
|switch|p2a: Gliscor|Gliscor, F|80/100 tox
|-damage|p2a: Gliscor|68/100 tox|[from] Stealth Rock
|move|p1a: Barraskewda|Liquidation|p2a: Gliscor
|-supereffective|p2a: Gliscor
|-damage|p2a: Gliscor|0 fnt
|faint|p2a: Gliscor
|
|-weather|RainDance|[upkeep]
|upkeep
|
|t:|1743849184
|switch|p2a: Iron Valiant|Iron Valiant|30/100 tox
|-damage|p2a: Iron Valiant|23/100 tox|[from] Stealth Rock
|turn|79
|
|t:|1743849190
|move|p1a: Barraskewda|Liquidation|p2a: Iron Valiant
|-damage|p2a: Iron Valiant|0 fnt
|faint|p2a: Iron Valiant
|-end|p2a: Iron Valiant|Quark Drive|[silent]
|
|win|PumpkinShadow
|raw|PumpkinShadow's rating: 1398 &rarr; <strong>1415</strong><br />(+17 for winning)
|raw|Lolawish's rating: 1338 &rarr; <strong>1321</strong><br />(-17 for losing)
|c|☆PumpkinShadow|gg
|l|☆Lolawish
|player|p2|
|l|☆PumpkinShadow
|player|p1|
|j|☆PumpkinShadow
|player|p1|PumpkinShadow|drayden|
