|j|☆Chin dragon001
|j|☆Rexadoo
|t:|1743821907
|gametype|singles
|player|p1|Chin dragon001|cynthia|1078
|player|p2|Rexadoo|pokemaniac|1119
|teamsize|p1|6
|teamsize|p2|6
|gen|9
|tier|[Gen 9] OU
|rated|
|rule|HP Percentage Mod: HP is shown in percentages
|rule|Endless Battle Clause: Forcing endless battles is banned
|rule|Species Clause: Limit one of each Pokémon
|rule|OHKO Clause: OHKO moves are banned
|rule|Evasion Items Clause: Evasion items are banned
|rule|Evasion Moves Clause: Evasion moves are banned
|rule|Sleep Moves Clause: Sleep-inducing moves are banned
|clearpoke
|poke|p1|Masquerain, F|
|poke|p1|Smeargle, M|
|poke|p1|Pelipper, F|
|poke|p1|Serperior, F|
|poke|p1|Pawmot, F|
|poke|p1|Dragonite, M|
|poke|p2|Pawmot, M|
|poke|p2|Samurott, M|
|poke|p2|Galvantula, M|
|poke|p2|Talonflame, M|
|poke|p2|Glimmora, F|
|poke|p2|Kommo-o, M|
|teampreview
|
|t:|1743821914
|start
|switch|p1a: Bug|Masquerain, F, shiny|100/100
|switch|p2a: Samurott|Samurott, M|100/100
|-ability|p1a: Bug|Intimidate|boost
|-unboost|p2a: Samurott|atk|1
|turn|1
|
|t:|1743821928
|move|p1a: Bug|Sticky Web|p2a: Samurott
|-sidestart|p2: Rexadoo|move: Sticky Web
|move|p2a: Samurott|Ice Beam|p1a: Bug
|-supereffective|p1a: Bug
|-damage|p1a: Bug|52/100
|
|upkeep
|turn|2
|
|t:|1743821932
|move|p1a: Bug|Stun Spore|p2a: Samurott|[miss]
|-miss|p1a: Bug|p2a: Samurott
|move|p2a: Samurott|Swords Dance|p2a: Samurott
|-boost|p2a: Samurott|atk|2
|
|upkeep
|turn|3
|
|t:|1743821937
|move|p1a: Bug|Stun Spore|p2a: Samurott
|-status|p2a: Samurott|par
|move|p2a: Samurott|Knock Off|p1a: Bug
|-damage|p1a: Bug|0 fnt
|-enditem|p1a: Bug|Wide Lens|[from] move: Knock Off|[of] p2a: Samurott
|faint|p1a: Bug
|
|upkeep
|
|t:|1743821943
|switch|p1a: Viper|Serperior, F, shiny|100/100
|turn|4
|
|t:|1743821955
|switch|p2a: Galvantula|Galvantula, M|100/100
|-activate|p2a: Galvantula|move: Sticky Web
|-unboost|p2a: Galvantula|spe|1
|move|p1a: Viper|Leaf Storm|p2a: Galvantula
|-resisted|p2a: Galvantula
|-damage|p2a: Galvantula|65/100
|-boost|p1a: Viper|spa|2
|
|upkeep
|turn|5
|
|t:|1743822013
|move|p1a: Viper|Substitute|p1a: Viper
|-start|p1a: Viper|Substitute
|-damage|p1a: Viper|76/100
|move|p2a: Galvantula|Bug Buzz|p1a: Viper
|-supereffective|p1a: Viper
|-damage|p1a: Viper|0 fnt
|faint|p1a: Viper
|
|upkeep
|
|t:|1743822021
|switch|p1a: Da’Vinci|Smeargle, M, shiny|100/100
|turn|6
|
|t:|1743822028
|move|p1a: Da’Vinci|Shell Smash|p1a: Da’Vinci
|-unboost|p1a: Da’Vinci|def|1
|-unboost|p1a: Da’Vinci|spd|1
|-boost|p1a: Da’Vinci|atk|2
|-boost|p1a: Da’Vinci|spa|2
|-boost|p1a: Da’Vinci|spe|2
|move|p2a: Galvantula|Thunder|p1a: Da’Vinci
|-damage|p1a: Da’Vinci|0 fnt
|faint|p1a: Da’Vinci
|
|upkeep
|
|t:|1743822038
|switch|p1a: Team 🚀|Pelipper, F, shiny|100/100
|-weather|RainDance|[from] ability: Drizzle|[of] p1a: Team 🚀
|turn|7
|
|t:|1743822045
|switch|p1a: Fluffy pikachu|Pawmot, F|100/100
|-item|p1a: Fluffy pikachu|Air Balloon
|move|p2a: Galvantula|Gastro Acid|p1a: Fluffy pikachu
|-endability|p1a: Fluffy pikachu
|
|-weather|RainDance|[upkeep]
|upkeep
|turn|8
|
|t:|1743822057
|move|p1a: Fluffy pikachu|Fake Out|p2a: Galvantula
|-damage|p2a: Galvantula|43/100
|cant|p2a: Galvantula|flinch
|
|-weather|RainDance|[upkeep]
|upkeep
|turn|9
|
|t:|1743822115
|move|p1a: Fluffy pikachu|Revival Blessing|p1a: Fluffy pikachu
|
|t:|1743822153
|-heal|p1: Viper|50/100|[from] move: Revival Blessing
|move|p2a: Galvantula|Thunder|p1a: Fluffy pikachu
|-resisted|p1a: Fluffy pikachu
|-damage|p1a: Fluffy pikachu|55/100
|-enditem|p1a: Fluffy pikachu|Air Balloon
|
|-weather|RainDance|[upkeep]
|upkeep
|turn|10
|
|t:|1743822163
|move|p1a: Fluffy pikachu|Close Combat|p2a: Galvantula
|-resisted|p2a: Galvantula
|-damage|p2a: Galvantula|0 fnt
|-unboost|p1a: Fluffy pikachu|def|1
|-unboost|p1a: Fluffy pikachu|spd|1
|faint|p2a: Galvantula
|
|-weather|RainDance|[upkeep]
|upkeep
|
|t:|1743822207
|switch|p2a: Kommo-o|Kommo-o, M|100/100
|-activate|p2a: Kommo-o|move: Sticky Web
|-unboost|p2a: Kommo-o|spe|1
|turn|11
|
|t:|1743822226
|move|p1a: Fluffy pikachu|Double Shock|p2a: Kommo-o
|-resisted|p2a: Kommo-o
|-crit|p2a: Kommo-o
|-damage|p2a: Kommo-o|70/100
|-start|p1a: Fluffy pikachu|typechange|???/Fighting|[from] move: Double Shock
|move|p2a: Kommo-o|Clanging Scales|p1a: Fluffy pikachu
|-damage|p1a: Fluffy pikachu|0 fnt
|faint|p1a: Fluffy pikachu
|-unboost|p2a: Kommo-o|def|1
|
|-weather|none
|upkeep
|
|t:|1743822233
|switch|p1a: Team 🚀|Pelipper, F, shiny|100/100
|-weather|RainDance|[from] ability: Drizzle|[of] p1a: Team 🚀
|turn|12
|inactive|Battle timer is ON: inactive players will automatically lose when time's up. (requested by Chin dragon001)
|
|t:|1743822243
|switch|p2a: Samurott|Samurott, M|100/100 par
|-activate|p2a: Samurott|move: Sticky Web
|-unboost|p2a: Samurott|spe|1
|-terastallize|p1a: Team 🚀|Water
|move|p1a: Team 🚀|Weather Ball|p2a: Samurott
|-resisted|p2a: Samurott
|-damage|p2a: Samurott|21/100 par
|
|-weather|RainDance|[upkeep]
|upkeep
|turn|13
|
|t:|1743822253
|move|p1a: Team 🚀|Weather Ball|p2a: Samurott
|-resisted|p2a: Samurott
|-damage|p2a: Samurott|0 fnt
|faint|p2a: Samurott
|
|-weather|RainDance|[upkeep]
|upkeep
|
|t:|1743822269
|switch|p2a: Talonflame|Talonflame, M|100/100
|turn|14
|
|t:|1743822296
|move|p2a: Talonflame|Defog|p1a: Team 🚀
|-unboost|p1a: Team 🚀|evasion|1
|-sideend|p2: Rexadoo|Sticky Web|[from] move: Defog|[of] p2a: Talonflame
|move|p1a: Team 🚀|Weather Ball|p2a: Talonflame
|-supereffective|p2a: Talonflame
|-damage|p2a: Talonflame|0 fnt
|faint|p2a: Talonflame
|
|-weather|RainDance|[upkeep]
|upkeep
|
|t:|1743822305
|switch|p2a: Glimmora|Glimmora, F|100/100
|turn|15
|
|t:|1743822317
|-terastallize|p2a: Glimmora|Grass
|move|p2a: Glimmora|Power Gem|p1a: Team 🚀
|-damage|p1a: Team 🚀|0 fnt
|faint|p1a: Team 🚀
|
|-weather|RainDance|[upkeep]
|upkeep
|
|t:|1743822329
|switch|p1a: Big boi|Dragonite, M|100/100
|turn|16
|
|t:|1743822337
|move|p2a: Glimmora|Power Gem|p1a: Big boi
|-supereffective|p1a: Big boi
|-damage|p1a: Big boi|35/100
|move|p1a: Big boi|Dragon Dance|p1a: Big boi
|-boost|p1a: Big boi|atk|1
|-boost|p1a: Big boi|spe|1
|
|-weather|none
|upkeep
|turn|17
|
|t:|1743822342
|move|p1a: Big boi|Outrage|p2a: Glimmora
|-damage|p2a: Glimmora|0 fnt
|-activate|p2a: Glimmora|ability: Toxic Debris
|-sidestart|p1: Chin dragon001|move: Toxic Spikes
|faint|p2a: Glimmora
|
|upkeep
|
|t:|1743822347
|switch|p2a: Pawmot|Pawmot, M|100/100
|turn|18
|
|t:|1743822375
|move|p2a: Pawmot|Double Shock|p1a: Big boi
|-damage|p1a: Big boi|0 fnt
|-start|p2a: Pawmot|typechange|???/Fighting|[from] move: Double Shock
|faint|p1a: Big boi
|
|upkeep
|inactive|Chin dragon001 has 120 seconds left.
|
|t:|1743822395
|switch|p1a: Viper|Serperior, F, shiny|50/100
|-status|p1a: Viper|psn
|turn|19
|
|t:|1743822406
|move|p2a: Pawmot|Double Shock||[still]
|-fail|p2a: Pawmot|move: Double Shock
|move|p1a: Viper|Leaf Storm|p2a: Pawmot
|-damage|p2a: Pawmot|32/100
|-boost|p1a: Viper|spa|2
|
|-heal|p1a: Viper|56/100 psn|[from] item: Leftovers
|-damage|p1a: Viper|44/100 psn|[from] psn
|upkeep
|turn|20
|
|t:|1743822410
|switch|p2a: Kommo-o|Kommo-o, M|70/100
|move|p1a: Viper|Leaf Storm|p2a: Kommo-o|[miss]
|-miss|p1a: Viper|p2a: Kommo-o
|
|-heal|p1a: Viper|50/100 psn|[from] item: Leftovers
|-damage|p1a: Viper|38/100 psn|[from] psn
|upkeep
|turn|21
|inactive|Chin dragon001 has 120 seconds left.
|
|t:|1743822457
|move|p1a: Viper|Leaf Storm|p2a: Kommo-o
|-resisted|p2a: Kommo-o
|-damage|p2a: Kommo-o|22/100
|-boost|p1a: Viper|spa|2
|move|p2a: Kommo-o|Clanging Scales|p1a: Viper
|-crit|p1a: Viper
|-damage|p1a: Viper|0 fnt
|faint|p1a: Viper
|
|win|Rexadoo
|raw|Chin dragon001's rating: 1078 &rarr; <strong>1059</strong><br />(-19 for losing)
|raw|Rexadoo's rating: 1119 &rarr; <strong>1141</strong><br />(+22 for winning)
|l|☆Rexadoo
|player|p2|
|l|☆Chin dragon001
|player|p1|
