|j|☆y528
|j|‽Spidermanboss
|t:|1743836643
|gametype|singles
|player|p1|y528|giovanni|1187
|player|p2|Spidermanboss|1|1196
|teamsize|p1|6
|teamsize|p2|6
|gen|9
|tier|[Gen 9] OU
|rated|
|rule|HP Percentage Mod: HP is shown in percentages
|rule|Endless Battle Clause: Forcing endless battles is banned
|rule|Species Clause: Limit one of each Pokémon
|rule|OHKO Clause: OHKO moves are banned
|rule|Evasion Items Clause: Evasion items are banned
|rule|Evasion Moves Clause: Evasion moves are banned
|rule|Sleep Moves Clause: Sleep-inducing moves are banned
|clearpoke
|poke|p1|Gliscor, F|
|poke|p1|Suicune|
|poke|p1|Tyranitar, F|
|poke|p1|Medicham, F|
|poke|p1|Zapdos|
|poke|p1|Jirachi|
|poke|p2|Dragonite, M|
|poke|p2|Garchomp, M|
|poke|p2|Iron Valiant|
|poke|p2|Greninja-*, M|
|poke|p2|Iron Moth|
|poke|p2|Araquanid, M|
|teampreview
|inactive|Battle timer is ON: inactive players will automatically lose when time's up. (requested by y528)
|
|t:|1743836650
|start
|switch|p1a: Gliscor|Gliscor, F, shiny|100/100
|switch|p2a: Araquanid|Araquanid, M|100/100
|turn|1
|
|t:|1743836663
|move|p1a: Gliscor|Stealth Rock|p2a: Araquanid
|-sidestart|p2: Spidermanboss|move: Stealth Rock
|move|p2a: Araquanid|Sticky Web|p1a: Gliscor
|-sidestart|p1: y528|move: Sticky Web
|
|-status|p1a: Gliscor|tox|[from] item: Toxic Orb
|upkeep
|turn|2
|
|t:|1743836670
|move|p1a: Gliscor|U-turn|p2a: Araquanid
|-damage|p2a: Araquanid|84/100
|
|t:|1743836674
|switch|p1a: Zapdos|Zapdos|100/100|[from] U-turn
|move|p2a: Araquanid|Iron Defense|p2a: Araquanid
|-boost|p2a: Araquanid|def|2
|
|-heal|p2a: Araquanid|90/100|[from] item: Leftovers
|upkeep
|turn|3
|
|t:|1743836683
|move|p1a: Zapdos|Thunderbolt|p2a: Araquanid
|-supereffective|p2a: Araquanid
|-damage|p2a: Araquanid|3/100
|move|p2a: Araquanid|Liquidation|p1a: Zapdos
|-damage|p1a: Zapdos|59/100
|-unboost|p1a: Zapdos|def|1
|
|-heal|p1a: Zapdos|65/100|[from] item: Leftovers
|-heal|p2a: Araquanid|9/100|[from] item: Leftovers
|upkeep
|turn|4
|
|t:|1743836694
|move|p1a: Zapdos|Volt Switch|p2a: Araquanid
|-supereffective|p2a: Araquanid
|-damage|p2a: Araquanid|0 fnt
|faint|p2a: Araquanid
|
|t:|1743836703
|switch|p1a: Tyranitar|Tyranitar, F, shiny|100/100|[from] Volt Switch
|-activate|p1a: Tyranitar|move: Sticky Web
|-unboost|p1a: Tyranitar|spe|1
|-weather|Sandstorm|[from] ability: Sand Stream|[of] p1a: Tyranitar
|
|-weather|Sandstorm|[upkeep]
|upkeep
|
|t:|1743836713
|switch|p2a: Greninja|Greninja, M|100/100
|-damage|p2a: Greninja|88/100|[from] Stealth Rock
|turn|5
|
|t:|1743836719
|move|p2a: Greninja|Hydro Pump|p1a: Tyranitar|[miss]
|-miss|p2a: Greninja|p1a: Tyranitar
|move|p1a: Tyranitar|Rock Blast|p2a: Greninja
|-damage|p2a: Greninja|58/100
|-damage|p2a: Greninja|30/100
|-hitcount|p2a: Greninja|2
|-damage|p1a: Tyranitar|91/100|[from] item: Life Orb
|
|-weather|Sandstorm|[upkeep]
|-damage|p2a: Greninja|24/100|[from] Sandstorm
|upkeep
|turn|6
|
|t:|1743836731
|switch|p1a: Suicune|Suicune, shiny|100/100
|-activate|p1a: Suicune|move: Sticky Web
|-unboost|p1a: Suicune|spe|1
|move|p2a: Greninja|Hydro Pump|p1a: Suicune
|-resisted|p1a: Suicune
|-damage|p1a: Suicune|81/100
|-damage|p2a: Greninja|14/100|[from] item: Life Orb
|
|-weather|Sandstorm|[upkeep]
|-damage|p2a: Greninja|8/100|[from] Sandstorm
|-damage|p1a: Suicune|75/100|[from] Sandstorm
|-heal|p1a: Suicune|81/100|[from] item: Leftovers
|upkeep
|turn|7
|
|t:|1743836746
|move|p2a: Greninja|Dark Pulse|p1a: Suicune
|-damage|p1a: Suicune|52/100
|-damage|p2a: Greninja|0 fnt|[from] item: Life Orb
|faint|p2a: Greninja
|move|p1a: Suicune|Calm Mind|p1a: Suicune
|-boost|p1a: Suicune|spa|1
|-boost|p1a: Suicune|spd|1
|
|-weather|Sandstorm|[upkeep]
|-damage|p1a: Suicune|46/100|[from] Sandstorm
|-heal|p1a: Suicune|52/100|[from] item: Leftovers
|upkeep
|
|t:|1743836759
|switch|p2a: Iron Moth|Iron Moth|100/100
|-damage|p2a: Iron Moth|76/100|[from] Stealth Rock
|-enditem|p2a: Iron Moth|Booster Energy
|-activate|p2a: Iron Moth|ability: Quark Drive|[fromitem]
|-start|p2a: Iron Moth|quarkdrivespe
|turn|8
|
|t:|1743836767
|move|p2a: Iron Moth|Energy Ball|p1a: Suicune
|-supereffective|p1a: Suicune
|-damage|p1a: Suicune|27/100
|-unboost|p1a: Suicune|spd|1
|move|p1a: Suicune|Scald|p2a: Iron Moth
|-supereffective|p2a: Iron Moth
|-damage|p2a: Iron Moth|0 fnt
|faint|p2a: Iron Moth
|-end|p2a: Iron Moth|Quark Drive|[silent]
|
|-weather|none
|-heal|p1a: Suicune|34/100|[from] item: Leftovers
|upkeep
|
|t:|1743836779
|switch|p2a: Garchomp|Garchomp, M|100/100
|-damage|p2a: Garchomp|94/100|[from] Stealth Rock
|turn|9
|
|t:|1743836783
|move|p2a: Garchomp|Swords Dance|p2a: Garchomp
|-boost|p2a: Garchomp|atk|2
|move|p1a: Suicune|Ice Beam|p2a: Garchomp
|-supereffective|p2a: Garchomp
|-damage|p2a: Garchomp|0 fnt
|faint|p2a: Garchomp
|
|-heal|p1a: Suicune|40/100|[from] item: Leftovers
|upkeep
|l|‽Spidermanboss
|inactive|Spidermanboss disconnected and has a minute to reconnect!
|player|p2|
|inactive|Spidermanboss has 30 seconds to reconnect!
|inactive|Spidermanboss has 20 seconds to reconnect!
|inactive|Spidermanboss has 15 seconds to reconnect!
|inactive|Spidermanboss has 10 seconds to reconnect!
|inactive|Spidermanboss has 5 seconds to reconnect!
|-message|Spidermanboss lost due to inactivity.
|
|win|y528
|raw|y528's rating: 1187 &rarr; <strong>1213</strong><br />(+26 for winning)
|raw|Spidermanboss's rating: 1196 &rarr; <strong>1170</strong><br />(-26 for losing)
|l|☆y528
|player|p1|
