|j|☆123lyf
|j|☆asheroakthorn
|t:|1743842178
|gametype|singles
|player|p1|123lyf|265|1298
|player|p2|asheroakthorn|265|1334
|teamsize|p1|6
|teamsize|p2|6
|gen|9
|tier|[Gen 9] OU
|rated|
|rule|HP Percentage Mod: HP is shown in percentages
|rule|Endless Battle Clause: Forcing endless battles is banned
|rule|Species Clause: Limit one of each Pokémon
|rule|OHKO Clause: OHKO moves are banned
|rule|Evasion Items Clause: Evasion items are banned
|rule|Evasion Moves Clause: Evasion moves are banned
|rule|Sleep Moves Clause: Sleep-inducing moves are banned
|clearpoke
|poke|p1|Forretress, F|
|poke|p1|Dragapult, M|
|poke|p1|Great Tusk|
|poke|p1|Kingambit, F|
|poke|p1|Primarina, F|
|poke|p1|Gholdengo|
|poke|p2|Cinderace, M|
|poke|p2|Primarina, F|
|poke|p2|Landorus-Therian, M|
|poke|p2|Kyurem|
|poke|p2|Slowking-Galar, F|
|poke|p2|Meowscarada, M|
|teampreview
|
|t:|1743842196
|start
|switch|p1a: Gholdengo|Gholdengo|100/100
|switch|p2a: Cinderace|Cinderace, M|100/100
|-item|p1a: Gholdengo|Air Balloon
|turn|1
|inactive|Battle timer is ON: inactive players will automatically lose when time's up. (requested by 123lyf)
|
|t:|1743842223
|switch|p1a: Primarina|Primarina, F|100/100
|move|p2a: Cinderace|Pyro Ball|p1a: Primarina
|-resisted|p1a: Primarina
|-damage|p1a: Primarina|68/100
|
|-heal|p1a: Primarina|74/100|[from] item: Leftovers
|upkeep
|turn|2
|
|t:|1743842235
|switch|p2a: Slowking|Slowking-Galar, F|100/100
|move|p1a: Primarina|Calm Mind|p1a: Primarina
|-boost|p1a: Primarina|spa|1
|-boost|p1a: Primarina|spd|1
|
|-heal|p1a: Primarina|80/100|[from] item: Leftovers
|upkeep
|turn|3
|
|t:|1743842252
|move|p1a: Primarina|Hyper Voice|p2a: Slowking
|-damage|p2a: Slowking|58/100
|move|p2a: Slowking|Thunder Wave|p1a: Primarina
|-status|p1a: Primarina|par
|
|-heal|p1a: Primarina|86/100 par|[from] item: Leftovers
|upkeep
|turn|4
|
|t:|1743842259
|move|p2a: Slowking|Sludge Bomb|p1a: Primarina
|-supereffective|p1a: Primarina
|-damage|p1a: Primarina|48/100 par
|move|p1a: Primarina|Hyper Voice|p2a: Slowking
|-damage|p2a: Slowking|9/100
|
|-heal|p1a: Primarina|54/100 par|[from] item: Leftovers
|upkeep
|turn|5
|
|t:|1743842272
|-prepare|p2a: Slowking|Chilly Reception|[premajor]
|move|p2a: Slowking|Chilly Reception|p2a: Slowking
|-weather|Snowscape
|
|t:|1743842276
|switch|p2a: Cinderace|Cinderace, M|100/100|[from] Chilly Reception
|move|p1a: Primarina|Draining Kiss|p2a: Cinderace
|-resisted|p2a: Cinderace
|-damage|p2a: Cinderace|70/100
|-heal|p1a: Primarina|73/100 par|[from] drain|[of] p2a: Cinderace
|
|-weather|Snowscape|[upkeep]
|-heal|p1a: Primarina|79/100 par|[from] item: Leftovers
|upkeep
|turn|6
|
|t:|1743842286
|switch|p2a: Meowscarada|Meowscarada, M|100/100
|move|p1a: Primarina|Calm Mind|p1a: Primarina
|-boost|p1a: Primarina|spa|1
|-boost|p1a: Primarina|spd|1
|
|-weather|Snowscape|[upkeep]
|-heal|p1a: Primarina|85/100 par|[from] item: Leftovers
|upkeep
|turn|7
|
|t:|1743842313
|move|p2a: Meowscarada|Flower Trick|p1a: Primarina
|-start|p2a: Meowscarada|typechange|Grass|[from] ability: Protean
|-supereffective|p1a: Primarina
|-crit|p1a: Primarina
|-damage|p1a: Primarina|0 fnt
|faint|p1a: Primarina
|
|-weather|Snowscape|[upkeep]
|upkeep
|inactive|123lyf has 120 seconds left.
|
|t:|1743842330
|switch|p1a: Forretress|Forretress, F|100/100
|turn|8
|inactive|123lyf has 120 seconds left.
|
|t:|1743842338
|switch|p2a: Cinderace|Cinderace, M|70/100
|move|p1a: Forretress|Stealth Rock|p2a: Cinderace
|-sidestart|p2: asheroakthorn|move: Stealth Rock
|
|-weather|Snowscape|[upkeep]
|upkeep
|turn|9
|inactive|123lyf has 120 seconds left.
|
|t:|1743842352
|move|p2a: Cinderace|Court Change|p2a: Cinderace
|-start|p2a: Cinderace|typechange|Normal|[from] ability: Libero
|-swapsideconditions
|-activate|p2a: Cinderace|move: Court Change
|move|p1a: Forretress|Stealth Rock|p2a: Cinderace
|-sidestart|p2: asheroakthorn|move: Stealth Rock
|
|-weather|none
|upkeep
|turn|10
|inactive|123lyf has 120 seconds left.
|
|t:|1743842362
|move|p2a: Cinderace|Pyro Ball|p1a: Forretress
|-supereffective|p1a: Forretress
|-damage|p1a: Forretress|17/100
|-enditem|p1a: Forretress|Red Card|[of] p2a: Cinderace
|drag|p2a: Primarina|Primarina, F|100/100
|-damage|p2a: Primarina|88/100|[from] Stealth Rock
|move|p1a: Forretress|Power Trick|p1a: Forretress
|-start|p1a: Forretress|Power Trick
|
|upkeep
|turn|11
|
|t:|1743842367
|move|p2a: Primarina|Surf|p1a: Forretress
|-damage|p1a: Forretress|0 fnt
|faint|p1a: Forretress
|
|upkeep
|
|t:|1743842374
|switch|p1a: Gholdengo|Gholdengo|100/100
|-damage|p1a: Gholdengo|94/100|[from] Stealth Rock
|-item|p1a: Gholdengo|Air Balloon
|turn|12
|
|t:|1743842386
|switch|p1a: Dragapult|Dragapult, M|100/100
|-damage|p1a: Dragapult|88/100|[from] Stealth Rock
|move|p2a: Primarina|Surf|p1a: Dragapult
|-resisted|p1a: Dragapult
|-damage|p1a: Dragapult|56/100
|
|upkeep
|turn|13
|
|t:|1743842395
|move|p1a: Dragapult|U-turn|p2a: Primarina
|-resisted|p2a: Primarina
|-damage|p2a: Primarina|62/100
|-message|123lyf forfeited.
|
|win|asheroakthorn
|raw|123lyf's rating: 1298 &rarr; <strong>1276</strong><br />(-22 for losing)
|raw|asheroakthorn's rating: 1334 &rarr; <strong>1352</strong><br />(+18 for winning)
|l|☆123lyf
|player|p1|
|l|☆asheroakthorn
|player|p2|
