|j|☆mala☆huju
|j|☆Itkenreiza
|t:|1743832508
|gametype|singles
|player|p1|mala☆huju|steven|1497
|player|p2|Itkenreiza|102|1585
|teamsize|p1|6
|teamsize|p2|6
|gen|9
|tier|[Gen 9] OU
|rated|
|rule|HP Percentage Mod: HP is shown in percentages
|rule|Endless Battle Clause: Forcing endless battles is banned
|rule|Species Clause: Limit one of each Pokémon
|rule|OHKO Clause: OHKO moves are banned
|rule|Evasion Items Clause: Evasion items are banned
|rule|Evasion Moves Clause: Evasion moves are banned
|rule|Sleep Moves Clause: Sleep-inducing moves are banned
|clearpoke
|poke|p1|Landorus-Therian, M|
|poke|p1|Garganacl, F|
|poke|p1|Kingambit, M|
|poke|p1|Cinderace, M|
|poke|p1|Dragapult, M|
|poke|p1|Tinkaton, F|
|poke|p2|Cinderace, M|
|poke|p2|Enamorus, F|
|poke|p2|Ogerpon-Wellspring, F|
|poke|p2|Basculegion, M|
|poke|p2|Zapdos-Galar|
|poke|p2|Politoed, F|
|teampreview
|inactive|Battle timer is ON: inactive players will automatically lose when time's up. (requested by Itkenreiza)
|c|☆mala☆huju|hf
|inactive|mala☆huju has 120 seconds left.
|inactive|Itkenreiza has 120 seconds left.
|c|☆Itkenreiza|u2
|j| CloudyEJ
|c|☆Itkenreiza|oh great
|c|☆mala☆huju|wot
|inactive|mala☆huju has 90 seconds left.
|c|☆Itkenreiza|you guys are high end players and im tring out a new team lol
|c|☆mala☆huju|im testing a new team actually
|inactive|mala☆huju has 60 seconds left.
|c|☆Itkenreiza|ok cool
|c| CloudyEJ|im bad at pokemon actually
|c|☆Itkenreiza|lol cloudy
|inactive|mala☆huju has 30 seconds left.
|
|t:|1743832632
|start
|switch|p1a: Tinkaton|Tinkaton, F|100/100
|switch|p2a: Politoed|Politoed, F|100/100
|-item|p1a: Tinkaton|Air Balloon
|-weather|RainDance|[from] ability: Drizzle|[of] p2a: Politoed
|turn|1
|
|t:|1743832637
|move|p1a: Tinkaton|Knock Off|p2a: Politoed
|-damage|p2a: Politoed|80/100
|-enditem|p2a: Politoed|Damp Rock|[from] move: Knock Off|[of] p1a: Tinkaton
|move|p2a: Politoed|Encore|p1a: Tinkaton
|-start|p1a: Tinkaton|Encore
|
|-weather|RainDance|[upkeep]
|upkeep
|turn|2
|inactive|mala☆huju has 90 seconds left.
|
|t:|1743832659
|switch|p1a: Landorus|Landorus-Therian, M|100/100
|-ability|p1a: Landorus|Intimidate|boost
|-unboost|p2a: Politoed|atk|1
|move|p2a: Politoed|Ice Beam|p1a: Landorus
|-supereffective|p1a: Landorus
|-damage|p1a: Landorus|0 fnt
|faint|p1a: Landorus
|
|-weather|RainDance|[upkeep]
|upkeep
|
|t:|1743832669
|switch|p1a: Garganacl|Garganacl, F|100/100
|turn|3
|
|t:|1743832678
|-terastallize|p1a: Garganacl|Water
|move|p2a: Politoed|Hydro Pump|p1a: Garganacl
|-resisted|p1a: Garganacl
|-damage|p1a: Garganacl|78/100
|move|p1a: Garganacl|Curse|p1a: Garganacl
|-unboost|p1a: Garganacl|spe|1
|-boost|p1a: Garganacl|atk|1
|-boost|p1a: Garganacl|def|1
|
|-weather|RainDance|[upkeep]
|-heal|p1a: Garganacl|84/100|[from] item: Leftovers
|upkeep
|turn|4
|
|t:|1743832682
|move|p2a: Politoed|Encore|p1a: Garganacl
|-start|p1a: Garganacl|Encore
|move|p1a: Garganacl|Curse|p1a: Garganacl
|-unboost|p1a: Garganacl|spe|1
|-boost|p1a: Garganacl|atk|1
|-boost|p1a: Garganacl|def|1
|
|-weather|RainDance|[upkeep]
|-heal|p1a: Garganacl|90/100|[from] item: Leftovers
|upkeep
|turn|5
|inactive|mala☆huju has 90 seconds left.
|
|t:|1743832714
|switch|p1a: Cinderace|Cinderace, M|100/100
|move|p2a: Politoed|Perish Song|p2a: Politoed
|-start|p1a: Cinderace|perish3|[silent]
|-start|p2a: Politoed|perish3|[silent]
|-fieldactivate|move: Perish Song
|
|-weather|RainDance|[upkeep]
|-start|p1a: Cinderace|perish3
|-start|p2a: Politoed|perish3
|upkeep
|turn|6
|
|t:|1743832725
|switch|p2a: Cinderace|Cinderace, M|100/100
|move|p1a: Cinderace|U-turn|p2a: Cinderace
|-start|p1a: Cinderace|typechange|Bug|[from] ability: Libero
|-resisted|p2a: Cinderace
|-damage|p2a: Cinderace|75/100
|c|☆mala☆huju|no whirlpool?
|c|☆Itkenreiza|nah
|
|t:|1743832731
|switch|p1a: Garganacl|Garganacl, F, tera:Water|90/100|[from] U-turn
|
|-weather|RainDance|[upkeep]
|-heal|p1a: Garganacl|97/100|[from] item: Leftovers
|upkeep
|turn|7
|
|t:|1743832739
|move|p2a: Cinderace|U-turn|p1a: Garganacl
|-start|p2a: Cinderace|typechange|Bug|[from] ability: Libero
|-damage|p1a: Garganacl|73/100
|
|t:|1743832743
|switch|p2a: Ogerpon|Ogerpon-Wellspring, F|100/100|[from] U-turn
|move|p1a: Garganacl|Salt Cure|p2a: Ogerpon
|-damage|p2a: Ogerpon|84/100
|-start|p2a: Ogerpon|Salt Cure
|
|-weather|RainDance|[upkeep]
|-heal|p1a: Garganacl|79/100|[from] item: Leftovers
|-damage|p2a: Ogerpon|59/100|[from] Salt Cure
|upkeep
|turn|8
|inactive|mala☆huju has 90 seconds left.
|
|t:|1743832765
|switch|p1a: Kingambit|Kingambit, M|100/100
|-activate|p1a: Kingambit|ability: Supreme Overlord
|-start|p1a: Kingambit|fallen1|[silent]
|move|p2a: Ogerpon|U-turn|p1a: Kingambit
|-damage|p1a: Kingambit|78/100
|c|☆Itkenreiza|ice beam is too useful
|
|t:|1743832781
|switch|p2a: Zapdos|Zapdos-Galar|100/100|[from] U-turn
|
|-weather|none
|-heal|p1a: Kingambit|84/100|[from] item: Leftovers
|upkeep
|turn|9
|inactive|mala☆huju has 90 seconds left.
|
|t:|1743832813
|-end|p1a: Kingambit|fallen1|[silent]
|switch|p1a: Dragapult|Dragapult, M|100/100
|move|p2a: Zapdos|Knock Off|p1a: Dragapult
|-supereffective|p1a: Dragapult
|-damage|p1a: Dragapult|4/100
|-enditem|p1a: Dragapult|Heavy-Duty Boots|[from] move: Knock Off|[of] p2a: Zapdos
|
|upkeep
|turn|10
|
|t:|1743832818
|move|p2a: Zapdos|Knock Off|p1a: Dragapult
|-supereffective|p1a: Dragapult
|-damage|p1a: Dragapult|0 fnt
|faint|p1a: Dragapult
|
|upkeep
|
|t:|1743832824
|switch|p1a: Garganacl|Garganacl, F, tera:Water|79/100
|turn|11
|
|t:|1743832827
|switch|p2a: Politoed|Politoed, F|80/100
|-weather|RainDance|[from] ability: Drizzle|[of] p2a: Politoed
|move|p1a: Garganacl|Curse|p1a: Garganacl
|-unboost|p1a: Garganacl|spe|1
|-boost|p1a: Garganacl|atk|1
|-boost|p1a: Garganacl|def|1
|
|-weather|RainDance|[upkeep]
|-heal|p1a: Garganacl|85/100|[from] item: Leftovers
|upkeep
|turn|12
|
|t:|1743832831
|switch|p1a: Tinkaton|Tinkaton, F|100/100
|-item|p1a: Tinkaton|Air Balloon
|move|p2a: Politoed|Encore||[still]
|-fail|p2a: Politoed
|
|-weather|RainDance|[upkeep]
|upkeep
|turn|13
|
|t:|1743832833
|move|p1a: Tinkaton|Encore||[still]
|-fail|p1a: Tinkaton
|move|p2a: Politoed|Hydro Pump|p1a: Tinkaton
|-damage|p1a: Tinkaton|44/100
|-enditem|p1a: Tinkaton|Air Balloon
|
|-weather|RainDance|[upkeep]
|upkeep
|turn|14
|
|t:|1743832839
|move|p1a: Tinkaton|Thunder Wave|p2a: Politoed
|-status|p2a: Politoed|par
|move|p2a: Politoed|Hydro Pump|p1a: Tinkaton
|-damage|p1a: Tinkaton|0 fnt
|faint|p1a: Tinkaton
|
|-weather|RainDance|[upkeep]
|upkeep
|inactive|mala☆huju has 90 seconds left.
|
|t:|1743832869
|switch|p1a: Garganacl|Garganacl, F, tera:Water|85/100
|turn|15
|
|t:|1743832873
|move|p1a: Garganacl|Salt Cure|p2a: Politoed
|-damage|p2a: Politoed|65/100 par
|-start|p2a: Politoed|Salt Cure
|move|p2a: Politoed|Perish Song|p2a: Politoed
|-start|p1a: Garganacl|perish3|[silent]
|-start|p2a: Politoed|perish3|[silent]
|-fieldactivate|move: Perish Song
|
|-weather|none
|-heal|p1a: Garganacl|91/100|[from] item: Leftovers
|-damage|p2a: Politoed|40/100 par|[from] Salt Cure
|-start|p1a: Garganacl|perish3
|-start|p2a: Politoed|perish3
|upkeep
|turn|16
|
|t:|1743832879
|switch|p2a: Ogerpon|Ogerpon-Wellspring, F|59/100
|move|p1a: Garganacl|Salt Cure|p2a: Ogerpon
|-damage|p2a: Ogerpon|42/100
|-start|p2a: Ogerpon|Salt Cure
|
|-heal|p1a: Garganacl|98/100|[from] item: Leftovers
|-damage|p2a: Ogerpon|17/100|[from] Salt Cure
|-start|p1a: Garganacl|perish2
|upkeep
|turn|17
|
|t:|1743832885
|switch|p1a: Cinderace|Cinderace, M|100/100
|move|p2a: Ogerpon|Horn Leech|p1a: Cinderace
|-resisted|p1a: Cinderace
|-damage|p1a: Cinderace|68/100
|-heal|p2a: Ogerpon|33/100|[from] drain|[of] p1a: Cinderace
|
|-damage|p2a: Ogerpon|8/100|[from] Salt Cure
|upkeep
|turn|18
|inactive|mala☆huju has 90 seconds left.
|
|t:|1743832912
|move|p1a: Cinderace|U-turn|p2a: Ogerpon
|-start|p1a: Cinderace|typechange|Bug|[from] ability: Libero
|-supereffective|p2a: Ogerpon
|-damage|p2a: Ogerpon|0 fnt
|faint|p2a: Ogerpon
|inactive|mala☆huju has 90 seconds left.
|
|t:|1743832920
|switch|p1a: Garganacl|Garganacl, F, tera:Water|98/100|[from] U-turn
|
|-heal|p1a: Garganacl|100/100|[from] item: Leftovers
|upkeep
|
|t:|1743832942
|switch|p2a: Zapdos|Zapdos-Galar|100/100
|turn|19
|
|t:|1743832946
|move|p2a: Zapdos|Thunderous Kick|p1a: Garganacl
|-damage|p1a: Garganacl|65/100
|-unboost|p1a: Garganacl|def|1
|move|p1a: Garganacl|Salt Cure|p2a: Zapdos
|-damage|p2a: Zapdos|83/100
|-start|p2a: Zapdos|Salt Cure
|
|-heal|p1a: Garganacl|71/100|[from] item: Leftovers
|-damage|p2a: Zapdos|71/100|[from] Salt Cure
|upkeep
|turn|20
|
|t:|1743832965
|switch|p1a: Cinderace|Cinderace, M|68/100
|move|p2a: Zapdos|Thunderous Kick|p1a: Cinderace
|-damage|p1a: Cinderace|0 fnt
|faint|p1a: Cinderace
|
|-damage|p2a: Zapdos|58/100|[from] Salt Cure
|upkeep
|
|t:|1743832970
|switch|p1a: Garganacl|Garganacl, F, tera:Water|71/100
|turn|21
|
|t:|1743832974
|move|p2a: Zapdos|Thunderous Kick|p1a: Garganacl
|-damage|p1a: Garganacl|35/100
|-unboost|p1a: Garganacl|def|1
|move|p1a: Garganacl|Curse|p1a: Garganacl
|-unboost|p1a: Garganacl|spe|1
|-boost|p1a: Garganacl|atk|1
|-boost|p1a: Garganacl|def|1
|
|-heal|p1a: Garganacl|41/100|[from] item: Leftovers
|-damage|p2a: Zapdos|46/100|[from] Salt Cure
|upkeep
|turn|22
|
|t:|1743832986
|-terastallize|p2a: Zapdos|Fighting
|move|p2a: Zapdos|Thunderous Kick|p1a: Garganacl
|-damage|p1a: Garganacl|0 fnt
|faint|p1a: Garganacl
|
|-damage|p2a: Zapdos|34/100|[from] Salt Cure
|upkeep
|
|t:|1743832990
|switch|p1a: Kingambit|Kingambit, M|84/100
|-activate|p1a: Kingambit|ability: Supreme Overlord
|-start|p1a: Kingambit|fallen5|[silent]
|turn|23
|
|t:|1743832992
|move|p1a: Kingambit|Sucker Punch|p2a: Zapdos
|-resisted|p2a: Zapdos
|-damage|p2a: Zapdos|0 fnt
|faint|p2a: Zapdos
|
|-heal|p1a: Kingambit|90/100|[from] item: Leftovers
|upkeep
|
|t:|1743832994
|switch|p2a: Politoed|Politoed, F|40/100 par
|-weather|RainDance|[from] ability: Drizzle|[of] p2a: Politoed
|turn|24
|
|t:|1743832998
|move|p1a: Kingambit|Kowtow Cleave|p2a: Politoed
|-damage|p2a: Politoed|0 fnt
|faint|p2a: Politoed
|
|-weather|RainDance|[upkeep]
|-heal|p1a: Kingambit|96/100|[from] item: Leftovers
|upkeep
|
|t:|1743833007
|switch|p2a: Basculegion|Basculegion, M|100/100
|turn|25
|
|t:|1743833023
|move|p2a: Basculegion|Aqua Jet|p1a: Kingambit
|-damage|p1a: Kingambit|61/100
|move|p1a: Kingambit|Sucker Punch||[still]
|-fail|p1a: Kingambit
|
|-weather|RainDance|[upkeep]
|-heal|p1a: Kingambit|67/100|[from] item: Leftovers
|upkeep
|turn|26
|
|t:|1743833029
|switch|p2a: Cinderace|Cinderace, M|75/100
|move|p1a: Kingambit|Kowtow Cleave|p2a: Cinderace
|-damage|p2a: Cinderace|0 fnt
|faint|p2a: Cinderace
|
|-weather|RainDance|[upkeep]
|-heal|p1a: Kingambit|73/100|[from] item: Leftovers
|upkeep
|
|t:|1743833032
|switch|p2a: Enamorus|Enamorus, F|100/100
|turn|27
|
|t:|1743833036
|move|p2a: Enamorus|Superpower|p1a: Kingambit
|-supereffective|p1a: Kingambit
|-damage|p1a: Kingambit|0 fnt
|-boost|p2a: Enamorus|atk|1
|-boost|p2a: Enamorus|def|1
|faint|p1a: Kingambit
|-end|p1a: Kingambit|fallen5|[silent]
|
|win|Itkenreiza
|raw|mala☆huju's rating: 1497 &rarr; <strong>1482</strong><br />(-15 for losing)
|raw|Itkenreiza's rating: 1585 &rarr; <strong>1600</strong><br />(+15 for winning)
|c|☆Itkenreiza|gg
|c|☆mala☆huju|gg
|l| CloudyEJ
|l|☆mala☆huju
|player|p1|
|l|☆Itkenreiza
|player|p2|
