|j|‽Guest 5510301
|j|☆Soapy1324
|t:|1743864696
|gametype|singles
|player|p1|Guest 5510301|boarder|1011
|player|p2|Soapy1324|clown|1000
|teamsize|p1|6
|teamsize|p2|6
|gen|9
|tier|[Gen 9] OU
|rated|
|rule|HP Percentage Mod: HP is shown in percentages
|rule|Endless Battle Clause: Forcing endless battles is banned
|rule|Species Clause: Limit one of each Pokémon
|rule|OHKO Clause: OHKO moves are banned
|rule|Evasion Items Clause: Evasion items are banned
|rule|Evasion Moves Clause: Evasion moves are banned
|rule|Sleep Moves Clause: Sleep-inducing moves are banned
|clearpoke
|poke|p1|Gliscor, M|
|poke|p1|Dragapult, F|
|poke|p1|Ting-Lu|
|poke|p1|Ogerpon-Wellspring, F|
|poke|p1|Garganacl, F|
|poke|p1|Zamazenta-*|
|poke|p2|Dragapult, F|
|poke|p2|Iron Moth|
|poke|p2|Corviknight, M|
|poke|p2|Tinkaton, F|
|poke|p2|Iron Hands|
|poke|p2|Deoxys-Speed|
|teampreview
|
|t:|1743864713
|start
|switch|p1a: Ting-Lu|Ting-Lu|100/100
|switch|p2a: Iron Hands|Iron Hands|100/100
|-ability|p1a: Ting-Lu|Vessel of Ruin
|turn|1
|
|t:|1743864756
|move|p1a: Ting-Lu|Stealth Rock|p2a: Iron Hands
|-sidestart|p2: Soapy1324|move: Stealth Rock
|move|p2a: Iron Hands|Swords Dance|p2a: Iron Hands
|-boost|p2a: Iron Hands|atk|2
|
|upkeep
|turn|2
|
|t:|1743864766
|move|p2a: Iron Hands|Ice Punch|p1a: Ting-Lu
|-supereffective|p1a: Ting-Lu
|-damage|p1a: Ting-Lu|44/100
|move|p1a: Ting-Lu|Whirlwind|p2a: Iron Hands
|-end|p2a: Iron Hands|Quark Drive|[silent]
|drag|p2a: Iron Moth|Iron Moth|100/100
|-damage|p2a: Iron Moth|76/100|[from] Stealth Rock
|-enditem|p2a: Iron Moth|Booster Energy
|-activate|p2a: Iron Moth|ability: Quark Drive|[fromitem]
|-start|p2a: Iron Moth|quarkdrivespa
|
|-heal|p1a: Ting-Lu|50/100|[from] item: Leftovers
|upkeep
|turn|3
|
|t:|1743864780
|move|p2a: Iron Moth|Flash Cannon|p1a: Ting-Lu
|-damage|p1a: Ting-Lu|25/100
|move|p1a: Ting-Lu|Spikes|p2a: Iron Moth
|-sidestart|p2: Soapy1324|Spikes
|
|-heal|p1a: Ting-Lu|31/100|[from] item: Leftovers
|upkeep
|turn|4
|
|t:|1743864793
|move|p2a: Iron Moth|Flash Cannon|p1a: Ting-Lu
|-damage|p1a: Ting-Lu|9/100
|move|p1a: Ting-Lu|Spikes|p2a: Iron Moth
|-sidestart|p2: Soapy1324|Spikes
|
|-heal|p1a: Ting-Lu|15/100|[from] item: Leftovers
|upkeep
|turn|5
|
|t:|1743864800
|-terastallize|p1a: Ting-Lu|Dark
|move|p2a: Iron Moth|Flash Cannon|p1a: Ting-Lu
|-damage|p1a: Ting-Lu|0 fnt
|faint|p1a: Ting-Lu
|
|upkeep
|
|t:|1743864808
|switch|p1a: Ogerpon|Ogerpon-Wellspring, F|100/100
|turn|6
|
|t:|1743864825
|-end|p2a: Iron Moth|Quark Drive|[silent]
|switch|p2a: Tinkaton|Tinkaton, F|100/100
|-damage|p2a: Tinkaton|94/100|[from] Stealth Rock
|-damage|p2a: Tinkaton|78/100|[from] Spikes
|move|p1a: Ogerpon|Ivy Cudgel|p2a: Tinkaton|[anim] Ivy Cudgel Water
|-damage|p2a: Tinkaton|14/100
|
|-heal|p2a: Tinkaton|20/100|[from] item: Leftovers
|upkeep
|turn|7
|
|t:|1743864840
|move|p1a: Ogerpon|Swords Dance|p1a: Ogerpon
|-boost|p1a: Ogerpon|atk|2
|move|p2a: Tinkaton|Draining Kiss|p1a: Ogerpon
|-damage|p1a: Ogerpon|87/100
|-heal|p2a: Tinkaton|30/100|[from] drain|[of] p1a: Ogerpon
|
|-heal|p2a: Tinkaton|36/100|[from] item: Leftovers
|upkeep
|turn|8
|
|t:|1743864848
|move|p1a: Ogerpon|Ivy Cudgel|p2a: Tinkaton|[anim] Ivy Cudgel Water
|-damage|p2a: Tinkaton|0 fnt
|faint|p2a: Tinkaton
|
|upkeep
|
|t:|1743864868
|switch|p2a: Dragapult|Dragapult, F|100/100
|-damage|p2a: Dragapult|88/100|[from] Stealth Rock
|-damage|p2a: Dragapult|72/100|[from] Spikes
|turn|9
|
|t:|1743864890
|move|p2a: Dragapult|Thunderbolt|p1a: Ogerpon
|-damage|p1a: Ogerpon|66/100
|move|p1a: Ogerpon|Swords Dance|p1a: Ogerpon
|-boost|p1a: Ogerpon|atk|2
|
|-heal|p2a: Dragapult|78/100|[from] item: Leftovers
|upkeep
|turn|10
|
|t:|1743864896
|move|p2a: Dragapult|Reflect|p2a: Dragapult
|-sidestart|p2: Soapy1324|Reflect
|move|p1a: Ogerpon|Horn Leech|p2a: Dragapult
|-resisted|p2a: Dragapult
|-damage|p2a: Dragapult|36/100
|-heal|p1a: Ogerpon|86/100|[from] drain|[of] p2a: Dragapult
|
|-heal|p2a: Dragapult|42/100|[from] item: Leftovers
|upkeep
|turn|11
|
|t:|1743864911
|move|p2a: Dragapult|Phantom Force||[still]
|-prepare|p2a: Dragapult|Phantom Force
|move|p1a: Ogerpon|Ivy Cudgel|p2a: Dragapult|[anim] Ivy Cudgel Water|[miss]
|-miss|p1a: Ogerpon|p2a: Dragapult
|
|-heal|p2a: Dragapult|48/100|[from] item: Leftovers
|upkeep
|turn|12
|
|t:|1743864921
|move|p2a: Dragapult|Phantom Force|p1a: Ogerpon|[from] lockedmove
|-damage|p1a: Ogerpon|40/100
|move|p1a: Ogerpon|Leech Seed|p2a: Dragapult
|-start|p2a: Dragapult|move: Leech Seed
|
|-heal|p2a: Dragapult|54/100|[from] item: Leftovers
|-damage|p2a: Dragapult|42/100|[from] Leech Seed|[of] p1a: Ogerpon
|-heal|p1a: Ogerpon|52/100|[silent]
|upkeep
|turn|13
|
|t:|1743864926
|move|p2a: Dragapult|Phantom Force||[still]
|-prepare|p2a: Dragapult|Phantom Force
|move|p1a: Ogerpon|Horn Leech|p2a: Dragapult|[miss]
|-miss|p1a: Ogerpon|p2a: Dragapult
|
|-heal|p2a: Dragapult|48/100|[from] item: Leftovers
|-damage|p2a: Dragapult|35/100|[from] Leech Seed|[of] p1a: Ogerpon
|-heal|p1a: Ogerpon|64/100|[silent]
|upkeep
|turn|14
|
|t:|1743864936
|move|p2a: Dragapult|Phantom Force|p1a: Ogerpon|[from] lockedmove
|-damage|p1a: Ogerpon|12/100
|move|p1a: Ogerpon|Ivy Cudgel|p2a: Dragapult|[anim] Ivy Cudgel Water
|-resisted|p2a: Dragapult
|-damage|p2a: Dragapult|0 fnt
|faint|p2a: Dragapult
|
|-sideend|p2: Soapy1324|Reflect
|upkeep
|
|t:|1743864949
|switch|p2a: Deoxys|Deoxys-Speed|100/100
|-damage|p2a: Deoxys|88/100|[from] Stealth Rock
|-damage|p2a: Deoxys|72/100|[from] Spikes
|-ability|p2a: Deoxys|Pressure
|turn|15
|
|t:|1743864979
|move|p2a: Deoxys|Ice Beam|p1a: Ogerpon
|-damage|p1a: Ogerpon|0 fnt
|faint|p1a: Ogerpon
|
|-heal|p2a: Deoxys|78/100|[from] item: Leftovers
|upkeep
|
|t:|1743864986
|switch|p1a: Garganacl|Garganacl, F|100/100
|turn|16
|
|t:|1743864998
|move|p2a: Deoxys|Calm Mind|p2a: Deoxys
|-boost|p2a: Deoxys|spa|1
|-boost|p2a: Deoxys|spd|1
|move|p1a: Garganacl|Recover||[still]
|-fail|p1a: Garganacl|heal
|
|-heal|p2a: Deoxys|84/100|[from] item: Leftovers
|upkeep
|turn|17
|
|t:|1743865008
|move|p2a: Deoxys|Meteor Beam||[still]
|-prepare|p2a: Deoxys|Meteor Beam
|-boost|p2a: Deoxys|spa|1
|move|p1a: Garganacl|Salt Cure|p2a: Deoxys
|-damage|p2a: Deoxys|60/100
|-start|p2a: Deoxys|Salt Cure
|
|-heal|p2a: Deoxys|66/100|[from] item: Leftovers
|-damage|p2a: Deoxys|54/100|[from] Salt Cure
|upkeep
|turn|18
|
|t:|1743865016
|move|p2a: Deoxys|Meteor Beam|p1a: Garganacl|[from] lockedmove
|-damage|p1a: Garganacl|39/100
|move|p1a: Garganacl|Rock Polish|p1a: Garganacl
|-boost|p1a: Garganacl|spe|2
|
|-heal|p2a: Deoxys|60/100|[from] item: Leftovers
|-heal|p1a: Garganacl|45/100|[from] item: Leftovers
|-damage|p2a: Deoxys|48/100|[from] Salt Cure
|upkeep
|turn|19
|
|t:|1743865027
|move|p2a: Deoxys|Recover|p2a: Deoxys
|-heal|p2a: Deoxys|98/100
|move|p1a: Garganacl|Recover|p1a: Garganacl
|-heal|p1a: Garganacl|95/100
|
|-heal|p2a: Deoxys|100/100|[from] item: Leftovers
|-heal|p1a: Garganacl|100/100|[from] item: Leftovers
|-damage|p2a: Deoxys|88/100|[from] Salt Cure
|upkeep
|turn|20
|
|t:|1743865053
|move|p2a: Deoxys|Ice Beam|p1a: Garganacl
|-damage|p1a: Garganacl|53/100
|move|p1a: Garganacl|Heavy Slam|p2a: Deoxys
|-damage|p2a: Deoxys|60/100
|
|-heal|p2a: Deoxys|66/100|[from] item: Leftovers
|-heal|p1a: Garganacl|59/100|[from] item: Leftovers
|-damage|p2a: Deoxys|53/100|[from] Salt Cure
|upkeep
|turn|21
|
|t:|1743865063
|move|p2a: Deoxys|Recover|p2a: Deoxys
|-heal|p2a: Deoxys|100/100
|move|p1a: Garganacl|Recover|p1a: Garganacl
|-heal|p1a: Garganacl|100/100
|
|-damage|p2a: Deoxys|88/100|[from] Salt Cure
|upkeep
|turn|22
|
|t:|1743865067
|move|p2a: Deoxys|Meteor Beam||[still]
|-prepare|p2a: Deoxys|Meteor Beam
|-boost|p2a: Deoxys|spa|1
|move|p1a: Garganacl|Rock Polish|p1a: Garganacl
|-boost|p1a: Garganacl|spe|2
|
|-heal|p2a: Deoxys|94/100|[from] item: Leftovers
|-damage|p2a: Deoxys|82/100|[from] Salt Cure
|upkeep
|turn|23
|
|t:|1743865079
|move|p1a: Garganacl|Salt Cure|p2a: Deoxys
|-damage|p2a: Deoxys|58/100
|move|p2a: Deoxys|Meteor Beam|p1a: Garganacl|[from] lockedmove
|-damage|p1a: Garganacl|23/100
|
|-heal|p1a: Garganacl|30/100|[from] item: Leftovers
|-heal|p2a: Deoxys|64/100|[from] item: Leftovers
|-damage|p2a: Deoxys|52/100|[from] Salt Cure
|upkeep
|turn|24
|
|t:|1743865085
|move|p1a: Garganacl|Recover|p1a: Garganacl
|-heal|p1a: Garganacl|80/100
|move|p2a: Deoxys|Ice Beam|p1a: Garganacl
|-damage|p1a: Garganacl|16/100
|-status|p1a: Garganacl|frz
|
|-heal|p1a: Garganacl|22/100 frz|[from] item: Leftovers
|-heal|p2a: Deoxys|58/100|[from] item: Leftovers
|-damage|p2a: Deoxys|46/100|[from] Salt Cure
|upkeep
|turn|25
|
|t:|1743865092
|cant|p1a: Garganacl|frz
|move|p2a: Deoxys|Recover|p2a: Deoxys
|-heal|p2a: Deoxys|96/100
|
|-heal|p1a: Garganacl|28/100 frz|[from] item: Leftovers
|-heal|p2a: Deoxys|100/100|[from] item: Leftovers
|-damage|p2a: Deoxys|88/100|[from] Salt Cure
|upkeep
|turn|26
|
|t:|1743865097
|cant|p1a: Garganacl|frz
|move|p2a: Deoxys|Ice Beam|p1a: Garganacl
|-damage|p1a: Garganacl|0 fnt
|faint|p1a: Garganacl
|
|-heal|p2a: Deoxys|94/100|[from] item: Leftovers
|-damage|p2a: Deoxys|82/100|[from] Salt Cure
|upkeep
|
|t:|1743865101
|switch|p1a: Dragapult|Dragapult, F|100/100
|turn|27
|
|t:|1743865132
|switch|p2a: Iron Moth|Iron Moth|76/100
|-damage|p2a: Iron Moth|51/100|[from] Stealth Rock
|-damage|p2a: Iron Moth|34/100|[from] Spikes
|move|p1a: Dragapult|Agility|p1a: Dragapult
|-boost|p1a: Dragapult|spe|2
|
|upkeep
|turn|28
|
|t:|1743865142
|move|p1a: Dragapult|Dragon Darts|p2a: Iron Moth
|-damage|p2a: Iron Moth|0 fnt
|faint|p2a: Iron Moth
|-end|p2a: Iron Moth|Quark Drive|[silent]
|
|upkeep
|
|t:|1743865148
|switch|p2a: Deoxys|Deoxys-Speed|82/100
|-damage|p2a: Deoxys|69/100|[from] Stealth Rock
|-damage|p2a: Deoxys|53/100|[from] Spikes
|-ability|p2a: Deoxys|Pressure
|turn|29
|
|t:|1743865156
|move|p1a: Dragapult|Phantom Force||[still]
|-prepare|p1a: Dragapult|Phantom Force
|move|p2a: Deoxys|Recover|p2a: Deoxys
|-heal|p2a: Deoxys|100/100
|
|upkeep
|turn|30
|
|t:|1743865164
|move|p1a: Dragapult|Phantom Force|p2a: Deoxys|[from] lockedmove
|-supereffective|p2a: Deoxys
|-damage|p2a: Deoxys|0 fnt
|faint|p2a: Deoxys
|
|upkeep
|
|t:|1743865170
|switch|p2a: Corviknight|Corviknight, M|100/100
|-damage|p2a: Corviknight|88/100|[from] Stealth Rock
|turn|31
|
|t:|1743865175
|move|p1a: Dragapult|Dragon Darts|p2a: Corviknight
|-resisted|p2a: Corviknight
|-damage|p2a: Corviknight|79/100
|-anim|p1a: Dragapult|Dragon Darts|p2a: Corviknight
|-resisted|p2a: Corviknight
|-damage|p2a: Corviknight|69/100
|move|p2a: Corviknight|Bulk Up|p2a: Corviknight
|-boost|p2a: Corviknight|atk|1
|-boost|p2a: Corviknight|def|1
|
|upkeep
|turn|32
|
|t:|1743865181
|move|p1a: Dragapult|Phantom Force||[still]
|-prepare|p1a: Dragapult|Phantom Force
|move|p2a: Corviknight|Brave Bird|p1a: Dragapult|[miss]
|-miss|p2a: Corviknight|p1a: Dragapult
|
|upkeep
|turn|33
|
|t:|1743865186
|move|p1a: Dragapult|Phantom Force|p2a: Corviknight|[from] lockedmove
|-damage|p2a: Corviknight|46/100
|move|p2a: Corviknight|Brave Bird|p1a: Dragapult
|-damage|p1a: Dragapult|43/100
|-damage|p2a: Corviknight|29/100|[from] Recoil
|
|-heal|p1a: Dragapult|50/100|[from] item: Leftovers
|upkeep
|turn|34
|
|t:|1743865191
|move|p1a: Dragapult|Phantom Force||[still]
|-prepare|p1a: Dragapult|Phantom Force
|move|p2a: Corviknight|Brave Bird|p1a: Dragapult|[miss]
|-miss|p2a: Corviknight|p1a: Dragapult
|
|-heal|p1a: Dragapult|56/100|[from] item: Leftovers
|upkeep
|turn|35
|
|t:|1743865195
|move|p1a: Dragapult|Phantom Force|p2a: Corviknight|[from] lockedmove
|-damage|p2a: Corviknight|5/100
|move|p2a: Corviknight|Roost|p2a: Corviknight
|-heal|p2a: Corviknight|55/100
|-singleturn|p2a: Corviknight|move: Roost
|
|-heal|p1a: Dragapult|62/100|[from] item: Leftovers
|upkeep
|turn|36
|
|t:|1743865199
|move|p1a: Dragapult|Phantom Force||[still]
|-prepare|p1a: Dragapult|Phantom Force
|move|p2a: Corviknight|Roost|p2a: Corviknight
|-heal|p2a: Corviknight|100/100
|-singleturn|p2a: Corviknight|move: Roost
|
|-heal|p1a: Dragapult|68/100|[from] item: Leftovers
|upkeep
|turn|37
|
|t:|1743865202
|move|p1a: Dragapult|Phantom Force|p2a: Corviknight|[from] lockedmove
|-damage|p2a: Corviknight|79/100
|move|p2a: Corviknight|Brave Bird|p1a: Dragapult
|-damage|p1a: Dragapult|8/100
|-damage|p2a: Corviknight|61/100|[from] Recoil
|
|-heal|p1a: Dragapult|14/100|[from] item: Leftovers
|upkeep
|turn|38
|
|t:|1743865210
|move|p1a: Dragapult|Protect|p1a: Dragapult
|-singleturn|p1a: Dragapult|Protect
|move|p2a: Corviknight|Roost|p2a: Corviknight
|-heal|p2a: Corviknight|100/100
|-singleturn|p2a: Corviknight|move: Roost
|
|-heal|p1a: Dragapult|20/100|[from] item: Leftovers
|upkeep
|turn|39
|
|t:|1743865215
|move|p1a: Dragapult|Protect||[still]
|-fail|p1a: Dragapult
|move|p2a: Corviknight|Iron Head|p1a: Dragapult
|-damage|p1a: Dragapult|0 fnt
|faint|p1a: Dragapult
|
|upkeep
|
|t:|1743865226
|switch|p1a: Zamazenta|Zamazenta|100/100
|-ability|p1a: Zamazenta|Dauntless Shield|boost
|-boost|p1a: Zamazenta|def|1
|turn|40
|
|t:|1743865235
|move|p1a: Zamazenta|Iron Defense|p1a: Zamazenta
|-boost|p1a: Zamazenta|def|2
|move|p2a: Corviknight|Bulk Up|p2a: Corviknight
|-boost|p2a: Corviknight|atk|1
|-boost|p2a: Corviknight|def|1
|
|upkeep
|turn|41
|
|t:|1743865241
|move|p1a: Zamazenta|Iron Defense|p1a: Zamazenta
|-boost|p1a: Zamazenta|def|2
|move|p2a: Corviknight|Brave Bird|p1a: Zamazenta
|-supereffective|p1a: Zamazenta
|-damage|p1a: Zamazenta|74/100
|-damage|p2a: Corviknight|92/100|[from] Recoil
|
|upkeep
|turn|42
|
|t:|1743865244
|move|p1a: Zamazenta|Rest|p1a: Zamazenta
|-status|p1a: Zamazenta|slp|[from] move: Rest
|-heal|p1a: Zamazenta|100/100 slp|[silent]
|move|p2a: Corviknight|Brave Bird|p1a: Zamazenta
|-supereffective|p1a: Zamazenta
|-damage|p1a: Zamazenta|72/100 slp
|-damage|p2a: Corviknight|84/100|[from] Recoil
|
|upkeep
|turn|43
|
|t:|1743865251
|cant|p1a: Zamazenta|slp
|move|p1a: Zamazenta|Sleep Talk|p1a: Zamazenta
|move|p1a: Zamazenta|Body Press|p2a: Corviknight|[from] move: Sleep Talk
|-damage|p2a: Corviknight|22/100
|move|p2a: Corviknight|Brave Bird|p1a: Zamazenta
|-supereffective|p1a: Zamazenta
|-crit|p1a: Zamazenta
|-damage|p1a: Zamazenta|0 fnt
|faint|p1a: Zamazenta
|-damage|p2a: Corviknight|1/100|[from] Recoil
|
|upkeep
|
|t:|1743865254
|switch|p1a: Gliscor|Gliscor, M|100/100
|turn|44
|
|t:|1743865264
|move|p1a: Gliscor|Gunk Shot|p2a: Corviknight
|-immune|p2a: Corviknight
|move|p2a: Corviknight|Roost|p2a: Corviknight
|-heal|p2a: Corviknight|51/100
|-singleturn|p2a: Corviknight|move: Roost
|
|-status|p1a: Gliscor|tox|[from] item: Toxic Orb
|upkeep
|turn|45
|
|t:|1743865269
|move|p1a: Gliscor|Toxic Spikes|p2a: Corviknight
|-sidestart|p2: Soapy1324|move: Toxic Spikes
|move|p2a: Corviknight|Roost|p2a: Corviknight
|-heal|p2a: Corviknight|100/100
|-singleturn|p2a: Corviknight|move: Roost
|
|upkeep
|turn|46
|
|t:|1743865279
|move|p1a: Gliscor|Toxic Spikes|p2a: Corviknight
|-sidestart|p2: Soapy1324|move: Toxic Spikes
|move|p2a: Corviknight|Bulk Up|p2a: Corviknight
|-boost|p2a: Corviknight|atk|1
|-boost|p2a: Corviknight|def|1
|
|upkeep
|turn|47
|
|t:|1743865286
|move|p1a: Gliscor|Gunk Shot|p2a: Corviknight
|-immune|p2a: Corviknight
|move|p2a: Corviknight|Iron Head|p1a: Gliscor
|-damage|p1a: Gliscor|53/100 tox
|
|-heal|p1a: Gliscor|65/100 tox|[from] ability: Poison Heal
|upkeep
|turn|48
|
|t:|1743865295
|move|p1a: Gliscor|Protect|p1a: Gliscor
|-singleturn|p1a: Gliscor|Protect
|move|p2a: Corviknight|Brave Bird|p1a: Gliscor
|-activate|p1a: Gliscor|move: Protect
|
|-heal|p1a: Gliscor|78/100 tox|[from] ability: Poison Heal
|upkeep
|turn|49
|
|t:|1743865323
|move|p1a: Gliscor|Gunk Shot|p2a: Corviknight
|-immune|p2a: Corviknight
|move|p2a: Corviknight|Brave Bird|p1a: Gliscor
|-damage|p1a: Gliscor|0 fnt
|faint|p1a: Gliscor
|-damage|p2a: Corviknight|79/100|[from] Recoil
|
|win|Soapy1324
|raw|Guest 5510301's rating: 1011 &rarr; <strong>1000</strong><br />(-11 for losing)
|raw|Soapy1324's rating: 1000 &rarr; <strong>1041</strong><br />(+41 for winning)
|l|‽Guest 5510301
|player|p1|
