|j|☆Edk895
|j|☆901ttc
|t:|1743795005
|gametype|singles
|player|p1|Edk895|266|1393
|player|p2|901ttc|101|1447
|teamsize|p1|6
|teamsize|p2|6
|gen|9
|tier|[Gen 9] OU
|rated|
|rule|HP Percentage Mod: HP is shown in percentages
|rule|Endless Battle Clause: Forcing endless battles is banned
|rule|Species Clause: Limit one of each Pokémon
|rule|OHKO Clause: OHKO moves are banned
|rule|Evasion Items Clause: Evasion items are banned
|rule|Evasion Moves Clause: Evasion moves are banned
|rule|Sleep Moves Clause: Sleep-inducing moves are banned
|clearpoke
|poke|p1|Meowscarada, M|
|poke|p1|Zamazenta-*|
|poke|p1|Dragonite, M|
|poke|p1|Deoxys-Speed|
|poke|p1|Pecharunt|
|poke|p1|Iron Valiant|
|poke|p2|Walking Wake|
|poke|p2|Meowscarada, M|
|poke|p2|Landorus-Therian, M|
|poke|p2|Hitmontop, M|
|poke|p2|Slowking-Galar, F|
|poke|p2|Cinderace, M|
|teampreview
|
|t:|1743795026
|start
|switch|p1a: Deoxys|Deoxys-Speed|100/100
|switch|p2a: Meowscarada|Meowscarada, M, shiny|100/100
|-ability|p1a: Deoxys|Pressure
|turn|1
|
|t:|1743795032
|move|p2a: Meowscarada|U-turn|p1a: Deoxys
|-start|p2a: Meowscarada|typechange|Bug|[from] ability: Protean
|-supereffective|p1a: Deoxys
|-damage|p1a: Deoxys|15/100
|
|t:|1743795042
|switch|p2a: Hitmontop|Hitmontop, M|100/100|[from] U-turn
|move|p1a: Deoxys|Stealth Rock|p2a: Hitmontop
|-sidestart|p2: 901ttc|move: Stealth Rock
|
|upkeep
|turn|2
|
|t:|1743795050
|switch|p1a: Pecharunt|Pecharunt|100/100
|move|p2a: Hitmontop|Bullet Punch|p1a: Pecharunt
|-damage|p1a: Pecharunt|92/100
|
|upkeep
|turn|3
|
|t:|1743795059
|switch|p2a: Slowking|Slowking-Galar, F|100/100
|move|p1a: Pecharunt|Parting Shot|p2a: Slowking
|-unboost|p2a: Slowking|atk|1
|-unboost|p2a: Slowking|spa|1
|
|t:|1743795066
|switch|p1a: Meowscarada|Meowscarada, M|100/100|[from] Parting Shot
|
|upkeep
|turn|4
|
|t:|1743795075
|switch|p2a: Hitmontop|Hitmontop, M|100/100
|move|p1a: Meowscarada|Knock Off|p2a: Hitmontop
|-start|p1a: Meowscarada|typechange|Dark|[from] ability: Protean
|-resisted|p2a: Hitmontop
|-damage|p2a: Hitmontop|71/100
|-enditem|p2a: Hitmontop|Heavy-Duty Boots|[from] move: Knock Off|[of] p1a: Meowscarada
|
|upkeep
|turn|5
|
|t:|1743795087
|switch|p1a: Pecharunt|Pecharunt|92/100
|switch|p2a: Landorus|Landorus-Therian, M|100/100
|-damage|p2a: Landorus|88/100|[from] Stealth Rock
|-ability|p2a: Landorus|Intimidate|boost
|-unboost|p1a: Pecharunt|atk|1
|
|upkeep
|turn|6
|
|t:|1743795098
|move|p2a: Landorus|Stealth Rock|p1a: Pecharunt
|-sidestart|p1: Edk895|move: Stealth Rock
|move|p1a: Pecharunt|Malignant Chain|p2a: Landorus
|-resisted|p2a: Landorus
|-damage|p2a: Landorus|71/100
|
|upkeep
|turn|7
|
|t:|1743795104
|switch|p1a: Deoxys|Deoxys-Speed|15/100
|-damage|p1a: Deoxys|2/100|[from] Stealth Rock
|-ability|p1a: Deoxys|Pressure
|move|p2a: Landorus|Earth Power|p1a: Deoxys
|-damage|p1a: Deoxys|0 fnt
|faint|p1a: Deoxys
|
|upkeep
|
|t:|1743795114
|switch|p1a: Zamazenta|Zamazenta|100/100
|-damage|p1a: Zamazenta|94/100|[from] Stealth Rock
|-ability|p1a: Zamazenta|Dauntless Shield|boost
|-boost|p1a: Zamazenta|def|1
|turn|8
|
|t:|1743795122
|move|p1a: Zamazenta|Substitute|p1a: Zamazenta
|-start|p1a: Zamazenta|Substitute
|-damage|p1a: Zamazenta|69/100
|move|p2a: Landorus|U-turn|p1a: Zamazenta
|-resisted|p1a: Zamazenta
|-activate|p1a: Zamazenta|move: Substitute|[damage]
|inactive|Battle timer is ON: inactive players will automatically lose when time's up. (requested by Edk895)
|
|t:|1743795163
|switch|p2a: Hitmontop|Hitmontop, M|71/100|[from] U-turn
|-damage|p2a: Hitmontop|65/100|[from] Stealth Rock
|
|-heal|p1a: Zamazenta|76/100|[from] item: Leftovers
|upkeep
|turn|9
|
|t:|1743795169
|move|p1a: Zamazenta|Iron Defense|p1a: Zamazenta
|-boost|p1a: Zamazenta|def|2
|move|p2a: Hitmontop|Rapid Spin|p1a: Zamazenta
|-activate|p1a: Zamazenta|move: Substitute|[damage]
|-sideend|p2: 901ttc|Stealth Rock|[from] move: Rapid Spin|[of] p2a: Hitmontop
|-boost|p2a: Hitmontop|spe|1
|
|-heal|p1a: Zamazenta|82/100|[from] item: Leftovers
|upkeep
|turn|10
|
|t:|1743795180
|move|p1a: Zamazenta|Body Press|p2a: Hitmontop
|-damage|p2a: Hitmontop|0 fnt
|faint|p2a: Hitmontop
|
|-heal|p1a: Zamazenta|88/100|[from] item: Leftovers
|upkeep
|
|t:|1743795202
|switch|p2a: Slowking|Slowking-Galar, F|100/100
|turn|11
|
|t:|1743795204
|move|p1a: Zamazenta|Crunch|p2a: Slowking
|-supereffective|p2a: Slowking
|-damage|p2a: Slowking|47/100
|move|p2a: Slowking|Future Sight|p1a: Zamazenta
|-start|p2a: Slowking|move: Future Sight
|
|-heal|p1a: Zamazenta|94/100|[from] item: Leftovers
|upkeep
|turn|12
|
|t:|1743795211
|switch|p2a: Landorus|Landorus-Therian, M|71/100
|-ability|p2a: Landorus|Intimidate|boost
|-immune|p1a: Zamazenta
|move|p1a: Zamazenta|Crunch|p2a: Landorus
|-damage|p2a: Landorus|53/100
|-unboost|p2a: Landorus|def|1
|-damage|p1a: Zamazenta|77/100|[from] item: Rocky Helmet|[of] p2a: Landorus
|
|-heal|p1a: Zamazenta|84/100|[from] item: Leftovers
|upkeep
|turn|13
|
|t:|1743795223
|move|p1a: Zamazenta|Iron Defense|p1a: Zamazenta
|-boost|p1a: Zamazenta|def|2
|move|p2a: Landorus|Earth Power|p1a: Zamazenta
|-end|p1a: Zamazenta|Substitute
|
|-end|p1a: Zamazenta|move: Future Sight
|-supereffective|p1a: Zamazenta
|-damage|p1a: Zamazenta|11/100
|-heal|p1a: Zamazenta|17/100|[from] item: Leftovers
|upkeep
|turn|14
|
|t:|1743795236
|move|p1a: Zamazenta|Body Press|p2a: Landorus
|-resisted|p2a: Landorus
|-damage|p2a: Landorus|0 fnt
|-damage|p1a: Zamazenta|0 fnt|[from] item: Rocky Helmet|[of] p2a: Landorus
|faint|p2a: Landorus
|faint|p1a: Zamazenta
|
|upkeep
|
|t:|1743795263
|switch|p1a: Pecharunt|Pecharunt|92/100
|switch|p2a: Meowscarada|Meowscarada, M, shiny|100/100
|turn|15
|
|t:|1743795275
|move|p2a: Meowscarada|U-turn|p1a: Pecharunt
|-start|p2a: Meowscarada|typechange|Bug|[from] ability: Protean
|-resisted|p1a: Pecharunt
|-damage|p1a: Pecharunt|89/100
|
|t:|1743795279
|switch|p2a: Slowking|Slowking-Galar, F|80/100|[from] U-turn
|move|p1a: Pecharunt|Recover|p1a: Pecharunt
|-heal|p1a: Pecharunt|100/100
|
|upkeep
|turn|16
|
|t:|1743795287
|move|p1a: Pecharunt|Shadow Ball|p2a: Slowking
|-supereffective|p2a: Slowking
|-damage|p2a: Slowking|49/100
|move|p2a: Slowking|Thunder Wave|p1a: Pecharunt
|-status|p1a: Pecharunt|par
|
|upkeep
|turn|17
|
|t:|1743795301
|switch|p2a: Cinderace|Cinderace, M|100/100
|cant|p1a: Pecharunt|par
|
|upkeep
|turn|18
|
|t:|1743795307
|move|p2a: Cinderace|Pyro Ball|p1a: Pecharunt
|-damage|p1a: Pecharunt|78/100 par
|cant|p1a: Pecharunt|par
|
|upkeep
|turn|19
|
|t:|1743795313
|move|p2a: Cinderace|U-turn|p1a: Pecharunt
|-resisted|p1a: Pecharunt
|-damage|p1a: Pecharunt|76/100 par
|
|t:|1743795317
|switch|p2a: Slowking|Slowking-Galar, F|83/100|[from] U-turn
|move|p1a: Pecharunt|Shadow Ball|p2a: Slowking
|-supereffective|p2a: Slowking
|-damage|p2a: Slowking|54/100
|
|upkeep
|turn|20
|
|t:|1743795329
|cant|p1a: Pecharunt|par
|move|p2a: Slowking|Future Sight|p1a: Pecharunt
|-start|p2a: Slowking|move: Future Sight
|
|upkeep
|turn|21
|
|t:|1743795335
|move|p1a: Pecharunt|Malignant Chain|p2a: Slowking
|-resisted|p2a: Slowking
|-damage|p2a: Slowking|45/100
|-prepare|p2a: Slowking|Chilly Reception|[premajor]
|move|p2a: Slowking|Chilly Reception|p2a: Slowking
|-weather|Snowscape
|
|t:|1743795340
|switch|p2a: Meowscarada|Meowscarada, M, shiny|100/100|[from] Chilly Reception
|
|-weather|Snowscape|[upkeep]
|upkeep
|turn|22
|
|t:|1743795348
|move|p2a: Meowscarada|Triple Axel|p1a: Pecharunt
|-start|p2a: Meowscarada|typechange|Ice|[from] ability: Protean
|-damage|p1a: Pecharunt|72/100 par
|-damage|p1a: Pecharunt|62/100 par
|-damage|p1a: Pecharunt|49/100 par
|-hitcount|p1a: Pecharunt|3
|move|p1a: Pecharunt|Parting Shot|p2a: Meowscarada
|-unboost|p2a: Meowscarada|atk|1
|-unboost|p2a: Meowscarada|spa|1
|
|t:|1743795358
|switch|p1a: Iron Valiant|Iron Valiant|100/100|[from] Parting Shot
|-damage|p1a: Iron Valiant|94/100|[from] Stealth Rock
|-enditem|p1a: Iron Valiant|Booster Energy
|-activate|p1a: Iron Valiant|ability: Quark Drive|[fromitem]
|-start|p1a: Iron Valiant|quarkdrivespe
|
|-weather|Snowscape|[upkeep]
|-end|p1a: Iron Valiant|move: Future Sight
|-supereffective|p1a: Iron Valiant
|-damage|p1a: Iron Valiant|0 fnt
|faint|p1a: Iron Valiant
|-end|p1a: Iron Valiant|Quark Drive|[silent]
|upkeep
|-message|Edk895 forfeited.
|
|win|901ttc
|raw|Edk895's rating: 1393 &rarr; <strong>1376</strong><br />(-17 for losing)
|raw|901ttc's rating: 1447 &rarr; <strong>1464</strong><br />(+17 for winning)
|l|☆Edk895
|player|p1|
|l|☆901ttc
|player|p2|
