|j|☆HYTT_tt迷人侠
|j|☆blackpol
|t:|1743906360
|gametype|singles
|player|p1|HYTT_tt迷人侠|argenta|1070
|player|p2|blackpol|steven|1076
|teamsize|p1|6
|teamsize|p2|6
|gen|9
|tier|[Gen 9] OU
|rated|
|rule|HP Percentage Mod: HP is shown in percentages
|rule|Endless Battle Clause: Forcing endless battles is banned
|rule|Species Clause: Limit one of each Pokémon
|rule|OHKO Clause: OHKO moves are banned
|rule|Evasion Items Clause: Evasion items are banned
|rule|Evasion Moves Clause: Evasion moves are banned
|rule|Sleep Moves Clause: Sleep-inducing moves are banned
|clearpoke
|poke|p1|Torkoal, M|
|poke|p1|Alomomola, M|
|poke|p1|Walking Wake|
|poke|p1|Great Tusk|
|poke|p1|Rillaboom, F|
|poke|p1|Iron Valiant|
|poke|p2|Dragapult, M|
|poke|p2|Kingambit, F|
|poke|p2|Cinderace, M|
|poke|p2|Toxapex, F|
|poke|p2|Garganacl, M|
|poke|p2|Glimmora, M|
|teampreview
|
|t:|1743906402
|start
|switch|p1a: Torkoal|Torkoal, M|100/100
|switch|p2a: Toxapex|Toxapex, F|100/100
|-weather|SunnyDay|[from] ability: Drought|[of] p1a: Torkoal
|turn|1
|
|t:|1743906411
|move|p2a: Toxapex|Hydro Pump|p1a: Torkoal
|-supereffective|p1a: Torkoal
|-damage|p1a: Torkoal|67/100
|move|p1a: Torkoal|Stealth Rock|p2a: Toxapex
|-sidestart|p2: blackpol|move: Stealth Rock
|
|-weather|SunnyDay|[upkeep]
|upkeep
|turn|2
|
|t:|1743906429
|switch|p1a: Walking Wake|Walking Wake|100/100
|-activate|p1a: Walking Wake|ability: Protosynthesis
|-start|p1a: Walking Wake|protosynthesisspe
|move|p2a: Toxapex|Hydro Pump|p1a: Walking Wake
|-resisted|p1a: Walking Wake
|-damage|p1a: Walking Wake|96/100
|
|-weather|SunnyDay|[upkeep]
|upkeep
|turn|3
|
|t:|1743906441
|move|p2a: Toxapex|Baneful Bunker|p2a: Toxapex
|-singleturn|p2a: Toxapex|move: Protect
|move|p1a: Walking Wake|Draco Meteor|p2a: Toxapex
|-activate|p2a: Toxapex|move: Protect
|
|-weather|SunnyDay|[upkeep]
|upkeep
|turn|4
|
|t:|1743906461
|move|p1a: Walking Wake|Draco Meteor|p2a: Toxapex
|-damage|p2a: Toxapex|23/100
|-unboost|p1a: Walking Wake|spa|2
|move|p2a: Toxapex|Haze|p2a: Toxapex
|-clearallboost
|
|-weather|SunnyDay|[upkeep]
|upkeep
|turn|5
|
|t:|1743906472
|move|p1a: Walking Wake|Draco Meteor|p2a: Toxapex
|-damage|p2a: Toxapex|0 fnt
|-unboost|p1a: Walking Wake|spa|2
|faint|p2a: Toxapex
|
|-weather|SunnyDay|[upkeep]
|upkeep
|
|t:|1743906476
|switch|p2a: Dragapult|Dragapult, M, shiny|100/100
|-damage|p2a: Dragapult|88/100|[from] Stealth Rock
|turn|6
|
|t:|1743906482
|-terastallize|p2a: Dragapult|Dragon
|move|p1a: Walking Wake|Draco Meteor|p2a: Dragapult
|-supereffective|p2a: Dragapult
|-damage|p2a: Dragapult|0 fnt
|-unboost|p1a: Walking Wake|spa|2
|faint|p2a: Dragapult
|
|-weather|SunnyDay|[upkeep]
|upkeep
|
|t:|1743906492
|switch|p2a: Cinderace|Cinderace, M|100/100
|-damage|p2a: Cinderace|76/100|[from] Stealth Rock
|turn|7
|
|t:|1743906509
|-end|p1a: Walking Wake|Protosynthesis|[silent]
|switch|p1a: Great Tusk|Great Tusk|100/100
|-activate|p1a: Great Tusk|ability: Protosynthesis
|-start|p1a: Great Tusk|protosynthesisatk
|move|p2a: Cinderace|Zen Headbutt|p1a: Great Tusk
|-start|p2a: Cinderace|typechange|Psychic|[from] ability: Libero
|-supereffective|p1a: Great Tusk
|-damage|p1a: Great Tusk|39/100
|
|-weather|SunnyDay|[upkeep]
|upkeep
|turn|8
|
|t:|1743906522
|move|p2a: Cinderace|Zen Headbutt|p1a: Great Tusk
|-supereffective|p1a: Great Tusk
|-damage|p1a: Great Tusk|0 fnt
|faint|p1a: Great Tusk
|-end|p1a: Great Tusk|Protosynthesis|[silent]
|
|-weather|none
|upkeep
|
|t:|1743906527
|switch|p1a: Torkoal|Torkoal, M|67/100
|-weather|SunnyDay|[from] ability: Drought|[of] p1a: Torkoal
|turn|9
|
|t:|1743906535
|move|p2a: Cinderace|Zen Headbutt|p1a: Torkoal
|-damage|p1a: Torkoal|39/100
|move|p1a: Torkoal|Flamethrower|p2a: Cinderace
|-damage|p2a: Cinderace|15/100
|
|-weather|SunnyDay|[upkeep]
|upkeep
|turn|10
|
|t:|1743906541
|switch|p2a: Glimmora|Glimmora, M, shiny|100/100
|-damage|p2a: Glimmora|88/100|[from] Stealth Rock
|move|p1a: Torkoal|Flamethrower|p2a: Glimmora
|-resisted|p2a: Glimmora
|-damage|p2a: Glimmora|69/100
|
|-weather|SunnyDay|[upkeep]
|upkeep
|turn|11
|
|t:|1743906557
|switch|p1a: Walking Wake|Walking Wake|96/100
|-activate|p1a: Walking Wake|ability: Protosynthesis
|-start|p1a: Walking Wake|protosynthesisspe
|move|p2a: Glimmora|Toxic Spikes|p1a: Walking Wake
|-sidestart|p1: HYTT_tt迷人侠|move: Toxic Spikes
|
|-weather|SunnyDay|[upkeep]
|upkeep
|turn|12
|
|t:|1743906572
|move|p1a: Walking Wake|Hydro Steam|p2a: Glimmora
|-supereffective|p2a: Glimmora
|-damage|p2a: Glimmora|0 fnt
|faint|p2a: Glimmora
|
|-weather|SunnyDay|[upkeep]
|upkeep
|
|t:|1743906577
|switch|p2a: Cinderace|Cinderace, M|15/100
|-damage|p2a: Cinderace|0 fnt|[from] Stealth Rock
|faint|p2a: Cinderace
|
|t:|1743906581
|switch|p2a: Garganacl|Garganacl, M, shiny|100/100
|-damage|p2a: Garganacl|88/100|[from] Stealth Rock
|-item|p2a: Garganacl|Air Balloon
|turn|13
|
|t:|1743906586
|-terastallize|p1a: Walking Wake|Water
|move|p1a: Walking Wake|Hydro Steam|p2a: Garganacl
|-supereffective|p2a: Garganacl
|-damage|p2a: Garganacl|0 fnt
|-enditem|p2a: Garganacl|Air Balloon
|faint|p2a: Garganacl
|
|-weather|SunnyDay|[upkeep]
|upkeep
|
|t:|1743906590
|switch|p2a: Kingambit|Kingambit, F, shiny|100/100
|-damage|p2a: Kingambit|94/100|[from] Stealth Rock
|-activate|p2a: Kingambit|ability: Supreme Overlord
|-start|p2a: Kingambit|fallen5|[silent]
|turn|14
|
|t:|1743906598
|move|p2a: Kingambit|Sucker Punch|p1a: Walking Wake
|-damage|p1a: Walking Wake|31/100
|move|p1a: Walking Wake|Hydro Steam|p2a: Kingambit
|-damage|p2a: Kingambit|0 fnt
|faint|p2a: Kingambit
|-end|p2a: Kingambit|fallen5|[silent]
|
|win|HYTT_tt迷人侠
|raw|HYTT_tt迷人侠's rating: 1070 &rarr; <strong>1100</strong><br />(+30 for winning)
|raw|blackpol's rating: 1076 &rarr; <strong>1054</strong><br />(-22 for losing)
|l|☆blackpol
|player|p2|
