|j|☆reduxniceyes
|j|☆Lex Talion
|t:|1743919537
|gametype|singles
|player|p1|reduxniceyes|2|1157
|player|p2|Lex Talion|266|1160
|teamsize|p1|6
|teamsize|p2|5
|gen|9
|tier|[Gen 9] OU
|rated|
|rule|HP Percentage Mod: HP is shown in percentages
|rule|Endless Battle Clause: Forcing endless battles is banned
|rule|Species Clause: Limit one of each Pokémon
|rule|OHKO Clause: OHKO moves are banned
|rule|Evasion Items Clause: Evasion items are banned
|rule|Evasion Moves Clause: Evasion moves are banned
|rule|Sleep Moves Clause: Sleep-inducing moves are banned
|clearpoke
|poke|p1|Glimmora, F|
|poke|p1|Zamazenta-*|
|poke|p1|Latias, F|
|poke|p1|Gholdengo|
|poke|p1|Dragonite, M|
|poke|p1|Weavile, M|
|poke|p2|Regice|
|poke|p2|Regidrago|
|poke|p2|Regigigas|
|poke|p2|Regirock|
|poke|p2|Registeel|
|teampreview
|inactive|Battle timer is ON: inactive players will automatically lose when time's up. (requested by Lex Talion)
|
|t:|1743919549
|start
|switch|p1a: Glimmora|Glimmora, F|100/100
|switch|p2a: Regice|Regice|100/100
|turn|1
|
|t:|1743919561
|move|p1a: Glimmora|Earth Power|p2a: Regice
|-damage|p2a: Regice|88/100
|move|p2a: Regice|Thunder Wave|p1a: Glimmora
|-status|p1a: Glimmora|par
|
|-heal|p2a: Regice|94/100|[from] item: Leftovers
|upkeep
|turn|2
|
|t:|1743919573
|move|p2a: Regice|Thunderbolt|p1a: Glimmora
|-damage|p1a: Glimmora|78/100 par
|-enditem|p1a: Glimmora|Red Card|[of] p2a: Regice
|drag|p2a: Regigigas|Regigigas|100/100
|-start|p2a: Regigigas|ability: Slow Start
|move|p1a: Glimmora|Stealth Rock|p2a: Regigigas
|-sidestart|p2: Lex Talion|move: Stealth Rock
|
|upkeep
|turn|3
|inactive|Lex Talion has 120 seconds left.
|
|t:|1743919612
|switch|p1a: Zamazenta|Zamazenta|100/100
|-ability|p1a: Zamazenta|Dauntless Shield|boost
|-boost|p1a: Zamazenta|def|1
|move|p2a: Regigigas|Heavy Slam|p1a: Zamazenta
|-damage|p1a: Zamazenta|94/100
|
|-heal|p1a: Zamazenta|99/100|[from] item: Leftovers
|upkeep
|turn|4
|inactive|Lex Talion has 120 seconds left.
|
|t:|1743919629
|-terastallize|p2a: Regigigas|Fairy
|move|p1a: Zamazenta|Substitute|p1a: Zamazenta
|-start|p1a: Zamazenta|Substitute
|-damage|p1a: Zamazenta|75/100
|move|p2a: Regigigas|Heat Crash|p1a: Zamazenta
|-activate|p1a: Zamazenta|move: Substitute|[damage]
|
|-heal|p1a: Zamazenta|82/100|[from] item: Leftovers
|upkeep
|turn|5
|
|t:|1743919640
|move|p1a: Zamazenta|Iron Defense|p1a: Zamazenta
|-boost|p1a: Zamazenta|def|2
|move|p2a: Regigigas|Knock Off|p1a: Zamazenta
|-resisted|p1a: Zamazenta
|-activate|p1a: Zamazenta|move: Substitute|[damage]
|
|-heal|p1a: Zamazenta|88/100|[from] item: Leftovers
|upkeep
|turn|6
|
|t:|1743919650
|move|p1a: Zamazenta|Iron Defense|p1a: Zamazenta
|-boost|p1a: Zamazenta|def|2
|move|p2a: Regigigas|Heat Crash|p1a: Zamazenta
|-activate|p1a: Zamazenta|move: Substitute|[damage]
|
|-heal|p1a: Zamazenta|94/100|[from] item: Leftovers
|upkeep
|turn|7
|
|t:|1743919661
|-end|p2a: Regigigas|Slow Start|[silent]
|switch|p2a: Regice|Regice|94/100
|-damage|p2a: Regice|69/100|[from] Stealth Rock
|move|p1a: Zamazenta|Iron Defense|p1a: Zamazenta
|-boost|p1a: Zamazenta|def|1
|
|-heal|p1a: Zamazenta|99/100|[from] item: Leftovers
|-heal|p2a: Regice|75/100|[from] item: Leftovers
|upkeep
|turn|8
|
|t:|1743919674
|move|p1a: Zamazenta|Body Press|p2a: Regice
|-supereffective|p2a: Regice
|-damage|p2a: Regice|0 fnt
|faint|p2a: Regice
|
|-heal|p1a: Zamazenta|100/100|[from] item: Leftovers
|upkeep
|
|t:|1743919684
|switch|p2a: Regidrago|Regidrago|100/100
|-damage|p2a: Regidrago|88/100|[from] Stealth Rock
|turn|9
|
|t:|1743919688
|move|p2a: Regidrago|Protect|p2a: Regidrago
|-singleturn|p2a: Regidrago|Protect
|move|p1a: Zamazenta|Body Press|p2a: Regidrago
|-activate|p2a: Regidrago|move: Protect
|
|upkeep
|turn|10
|
|t:|1743919696
|move|p1a: Zamazenta|Body Press|p2a: Regidrago
|-damage|p2a: Regidrago|0 fnt
|faint|p2a: Regidrago
|
|upkeep
|
|t:|1743919702
|switch|p2a: Regirock|Regirock|100/100
|-damage|p2a: Regirock|88/100|[from] Stealth Rock
|turn|11
|
|t:|1743919708
|move|p1a: Zamazenta|Body Press|p2a: Regirock
|-supereffective|p2a: Regirock
|-damage|p2a: Regirock|0 fnt
|-damage|p1a: Zamazenta|84/100|[from] item: Rocky Helmet|[of] p2a: Regirock
|faint|p2a: Regirock
|
|-heal|p1a: Zamazenta|90/100|[from] item: Leftovers
|upkeep
|
|t:|1743919717
|switch|p2a: Registeel|Registeel|100/100
|-damage|p2a: Registeel|94/100|[from] Stealth Rock
|turn|12
|
|t:|1743919723
|move|p2a: Registeel|Protect|p2a: Registeel
|-singleturn|p2a: Registeel|Protect
|move|p1a: Zamazenta|Body Press|p2a: Registeel
|-activate|p2a: Registeel|move: Protect
|
|-heal|p1a: Zamazenta|97/100|[from] item: Leftovers
|upkeep
|turn|13
|
|t:|1743919734
|move|p1a: Zamazenta|Body Press|p2a: Registeel
|-supereffective|p2a: Registeel
|-damage|p2a: Registeel|0 fnt
|faint|p2a: Registeel
|
|-heal|p1a: Zamazenta|100/100|[from] item: Leftovers
|upkeep
|
|t:|1743919743
|switch|p2a: Regigigas|Regigigas, tera:Fairy|100/100
|-damage|p2a: Regigigas|88/100|[from] Stealth Rock
|-start|p2a: Regigigas|ability: Slow Start
|turn|14
|
|t:|1743919750
|move|p1a: Zamazenta|Iron Defense|p1a: Zamazenta
|-boost|p1a: Zamazenta|def|0
|move|p2a: Regigigas|Knock Off|p1a: Zamazenta
|-resisted|p1a: Zamazenta
|-activate|p1a: Zamazenta|move: Substitute|[damage]
|
|upkeep
|turn|15
|
|t:|1743919760
|move|p1a: Zamazenta|Iron Defense|p1a: Zamazenta
|-boost|p1a: Zamazenta|def|0
|move|p2a: Regigigas|Stone Edge|p1a: Zamazenta|[miss]
|-miss|p2a: Regigigas|p1a: Zamazenta
|
|upkeep
|turn|16
|
|t:|1743919767
|move|p1a: Zamazenta|Iron Defense|p1a: Zamazenta
|-boost|p1a: Zamazenta|def|0
|move|p2a: Regigigas|Heat Crash|p1a: Zamazenta
|-activate|p1a: Zamazenta|move: Substitute|[damage]
|
|upkeep
|turn|17
|
|t:|1743919773
|move|p1a: Zamazenta|Iron Defense|p1a: Zamazenta
|-boost|p1a: Zamazenta|def|0
|move|p2a: Regigigas|Heat Crash|p1a: Zamazenta
|-activate|p1a: Zamazenta|move: Substitute|[damage]
|
|upkeep
|turn|18
|
|t:|1743919780
|move|p1a: Zamazenta|Iron Defense|p1a: Zamazenta
|-boost|p1a: Zamazenta|def|0
|move|p2a: Regigigas|Stone Edge|p1a: Zamazenta|[miss]
|-miss|p2a: Regigigas|p1a: Zamazenta
|
|-end|p2a: Regigigas|Slow Start
|upkeep
|turn|19
|
|t:|1743919794
|move|p1a: Zamazenta|Iron Defense|p1a: Zamazenta
|-boost|p1a: Zamazenta|def|0
|move|p2a: Regigigas|Stone Edge|p1a: Zamazenta
|-resisted|p1a: Zamazenta
|-end|p1a: Zamazenta|Substitute
|
|upkeep
|turn|20
|
|t:|1743919804
|move|p1a: Zamazenta|Iron Defense|p1a: Zamazenta
|-boost|p1a: Zamazenta|def|0
|move|p2a: Regigigas|Heat Crash|p1a: Zamazenta
|-damage|p1a: Zamazenta|95/100
|
|-heal|p1a: Zamazenta|100/100|[from] item: Leftovers
|upkeep
|turn|21
|
|t:|1743919813
|move|p1a: Zamazenta|Body Press|p2a: Regigigas
|-resisted|p2a: Regigigas
|-damage|p2a: Regigigas|25/100
|move|p2a: Regigigas|Heavy Slam|p1a: Zamazenta
|-damage|p1a: Zamazenta|96/100
|
|-heal|p1a: Zamazenta|100/100|[from] item: Leftovers
|upkeep
|turn|22
|
|t:|1743919822
|move|p1a: Zamazenta|Body Press|p2a: Regigigas
|-resisted|p2a: Regigigas
|-crit|p2a: Regigigas
|-damage|p2a: Regigigas|0 fnt
|faint|p2a: Regigigas
|-end|p2a: Regigigas|Slow Start|[silent]
|
|win|reduxniceyes
|raw|reduxniceyes's rating: 1157 &rarr; <strong>1182</strong><br />(+25 for winning)
|raw|Lex Talion's rating: 1160 &rarr; <strong>1135</strong><br />(-25 for losing)
|l|☆Lex Talion
|player|p2|
|l|☆reduxniceyes
|player|p1|
