|j|☆Skiddris
|j|☆Frostywingz
|t:|1743880072
|gametype|singles
|player|p1|Skiddris|artist|1232
|player|p2|Frostywingz|sabrina|1212
|teamsize|p1|6
|teamsize|p2|6
|gen|9
|tier|[Gen 9] OU
|rated|
|rule|HP Percentage Mod: HP is shown in percentages
|rule|Endless Battle Clause: Forcing endless battles is banned
|rule|Species Clause: Limit one of each Pokémon
|rule|OHKO Clause: OHKO moves are banned
|rule|Evasion Items Clause: Evasion items are banned
|rule|Evasion Moves Clause: Evasion moves are banned
|rule|Sleep Moves Clause: Sleep-inducing moves are banned
|clearpoke
|poke|p1|Ribombee, M|
|poke|p1|Cinderace, F|
|poke|p1|Serperior, M|
|poke|p1|Mimikyu, F|
|poke|p1|Dragapult, M|
|poke|p1|Bisharp, M|
|poke|p2|Dusclops, F|
|poke|p2|Articuno|
|poke|p2|Cinccino, M|
|poke|p2|Meowstic, M|
|poke|p2|Iron Valiant|
|poke|p2|Ribombee, F|
|teampreview
|inactive|Battle timer is ON: inactive players will automatically lose when time's up. (requested by Frostywingz)
|
|t:|1743880079
|start
|switch|p1a: Ribombee|Ribombee, M, shiny|100/100
|switch|p2a: Meowstic|Meowstic, M|100/100
|turn|1
|c|☆Skiddris|nice team
|
|t:|1743880086
|move|p2a: Meowstic|Thunder Wave|p1a: Ribombee
|-status|p1a: Ribombee|par
|cant|p1a: Ribombee|par
|
|upkeep
|turn|2
|
|t:|1743880092
|move|p2a: Meowstic|Light Screen|p2a: Meowstic
|-sidestart|p2: Frostywingz|move: Light Screen
|cant|p1a: Ribombee|par
|
|upkeep
|turn|3
|
|t:|1743880097
|move|p2a: Meowstic|Reflect|p2a: Meowstic
|-sidestart|p2: Frostywingz|Reflect
|move|p1a: Ribombee|Sticky Web|p2a: Meowstic
|-sidestart|p2: Frostywingz|move: Sticky Web
|
|upkeep
|turn|4
|
|t:|1743880121
|switch|p2a: Cinccino|Cinccino, M|100/100
|-activate|p2a: Cinccino|move: Sticky Web
|-unboost|p2a: Cinccino|spe|1
|move|p1a: Ribombee|Stun Spore|p2a: Cinccino
|-status|p2a: Cinccino|par
|
|upkeep
|turn|5
|
|t:|1743880130
|cant|p1a: Ribombee|par
|cant|p2a: Cinccino|par
|
|upkeep
|turn|6
|
|t:|1743880135
|move|p1a: Ribombee|Moonblast|p2a: Cinccino
|-damage|p2a: Cinccino|64/100 par
|-unboost|p2a: Cinccino|spa|1
|move|p2a: Cinccino|Tidy Up|p2a: Cinccino
|-sideend|p2: Frostywingz|Sticky Web
|-activate|p2a: Cinccino|move: Tidy Up
|-boost|p2a: Cinccino|atk|1
|-boost|p2a: Cinccino|spe|1
|
|upkeep
|turn|7
|
|t:|1743880144
|move|p1a: Ribombee|Sticky Web|p2a: Cinccino
|-sidestart|p2: Frostywingz|move: Sticky Web
|cant|p2a: Cinccino|par
|
|upkeep
|turn|8
|
|t:|1743880149
|move|p1a: Ribombee|Moonblast|p2a: Cinccino
|-damage|p2a: Cinccino|29/100 par
|move|p2a: Cinccino|Tidy Up|p2a: Cinccino
|-sideend|p2: Frostywingz|Sticky Web
|-activate|p2a: Cinccino|move: Tidy Up
|-boost|p2a: Cinccino|atk|1
|-boost|p2a: Cinccino|spe|1
|
|upkeep
|turn|9
|
|t:|1743880156
|move|p2a: Cinccino|Tail Slap|p1a: Ribombee
|-damage|p1a: Ribombee|44/100 par
|-damage|p1a: Ribombee|0 fnt
|faint|p1a: Ribombee
|-hitcount|p1: Ribombee|2
|
|-sideend|p2: Frostywingz|move: Light Screen
|upkeep
|
|t:|1743880174
|switch|p1a: Cinderace|Cinderace, F|100/100
|turn|10
|
|t:|1743880179
|switch|p2a: Dusclops|Dusclops, F|100/100
|-item|p1a: Cinderace|Heavy-Duty Boots|[from] ability: Frisk|[of] p2a: Dusclops
|move|p1a: Cinderace|Pyro Ball|p2a: Dusclops
|-damage|p2a: Dusclops|83/100
|
|-sideend|p2: Frostywingz|Reflect
|upkeep
|turn|11
|
|t:|1743880201
|move|p1a: Cinderace|U-turn|p2a: Dusclops
|-resisted|p2a: Dusclops
|-damage|p2a: Dusclops|76/100
|
|t:|1743880212
|switch|p1a: Bisharp|Bisharp, M|100/100|[from] U-turn
|move|p2a: Dusclops|Calm Mind|p2a: Dusclops
|-boost|p2a: Dusclops|spa|1
|-boost|p2a: Dusclops|spd|1
|
|upkeep
|turn|12
|
|t:|1743880219
|move|p1a: Bisharp|Swords Dance|p1a: Bisharp
|-boost|p1a: Bisharp|atk|2
|move|p2a: Dusclops|Will-O-Wisp|p1a: Bisharp
|-status|p1a: Bisharp|brn
|
|-damage|p1a: Bisharp|94/100 brn|[from] brn
|upkeep
|turn|13
|
|t:|1743880226
|move|p1a: Bisharp|Swords Dance|p1a: Bisharp
|-boost|p1a: Bisharp|atk|2
|move|p2a: Dusclops|Shadow Ball|p1a: Bisharp
|-resisted|p1a: Bisharp
|-damage|p1a: Bisharp|75/100 brn
|-unboost|p1a: Bisharp|spd|1
|-ability|p1a: Bisharp|Defiant|boost
|-boost|p1a: Bisharp|atk|2
|
|-damage|p1a: Bisharp|69/100 brn|[from] brn
|upkeep
|turn|14
|
|t:|1743880235
|switch|p2a: Cinccino|Cinccino, M|29/100 par
|move|p1a: Bisharp|Throat Chop|p2a: Cinccino
|-damage|p2a: Cinccino|0 fnt
|faint|p2a: Cinccino
|
|-damage|p1a: Bisharp|62/100 brn|[from] brn
|upkeep
|
|t:|1743880241
|switch|p2a: Meowstic|Meowstic, M|100/100
|turn|15
|
|t:|1743880248
|move|p2a: Meowstic|Reflect|p2a: Meowstic
|-sidestart|p2: Frostywingz|Reflect
|move|p1a: Bisharp|Throat Chop|p2a: Meowstic
|-supereffective|p2a: Meowstic
|-damage|p2a: Meowstic|0 fnt
|faint|p2a: Meowstic
|
|-damage|p1a: Bisharp|56/100 brn|[from] brn
|upkeep
|
|t:|1743880250
|switch|p2a: Articuno|Articuno|100/100
|-ability|p2a: Articuno|Pressure
|turn|16
|
|t:|1743880257
|-terastallize|p2a: Articuno|Ground
|move|p1a: Bisharp|Sucker Punch|p2a: Articuno
|-damage|p2a: Articuno|61/100
|move|p2a: Articuno|Tera Blast|p1a: Bisharp|[anim] Tera Blast Ground
|-supereffective|p1a: Bisharp
|-damage|p1a: Bisharp|0 fnt
|faint|p1a: Bisharp
|
|upkeep
|
|t:|1743880272
|switch|p1a: Serperior|Serperior, M|100/100
|turn|17
|
|t:|1743880278
|switch|p2a: Dusclops|Dusclops, F|76/100
|-item|p1a: Serperior|Leftovers|[from] ability: Frisk|[of] p2a: Dusclops
|move|p1a: Serperior|Leaf Storm|p2a: Dusclops
|-damage|p2a: Dusclops|48/100
|-boost|p1a: Serperior|spa|2
|
|upkeep
|turn|18
|
|t:|1743880286
|move|p1a: Serperior|Leaf Storm|p2a: Dusclops
|-damage|p2a: Dusclops|0 fnt
|-boost|p1a: Serperior|spa|2
|faint|p2a: Dusclops
|
|upkeep
|
|t:|1743880293
|switch|p2a: Ribombee|Ribombee, F|100/100
|turn|19
|
|t:|1743880299
|move|p2a: Ribombee|Sticky Web|p1a: Serperior
|-sidestart|p1: Skiddris|move: Sticky Web
|move|p1a: Serperior|Leaf Storm|p2a: Ribombee
|-resisted|p2a: Ribombee
|-enditem|p2a: Ribombee|Focus Sash
|-damage|p2a: Ribombee|1/100
|-boost|p1a: Serperior|spa|2
|
|upkeep
|turn|20
|
|t:|1743880306
|move|p2a: Ribombee|Moonblast|p1a: Serperior
|-damage|p1a: Serperior|49/100
|move|p1a: Serperior|Tera Blast|p2a: Ribombee
|-damage|p2a: Ribombee|0 fnt
|faint|p2a: Ribombee
|
|-heal|p1a: Serperior|55/100|[from] item: Leftovers
|upkeep
|
|t:|1743880309
|switch|p2a: Iron Valiant|Iron Valiant|100/100
|-enditem|p2a: Iron Valiant|Booster Energy
|-activate|p2a: Iron Valiant|ability: Quark Drive|[fromitem]
|-start|p2a: Iron Valiant|quarkdrivespe
|turn|21
|
|t:|1743880330
|switch|p1a: Mimikyu|Mimikyu, F|100/100
|-activate|p1a: Mimikyu|move: Sticky Web
|-unboost|p1a: Mimikyu|spe|1
|move|p2a: Iron Valiant|Close Combat|p1a: Mimikyu
|-immune|p1a: Mimikyu
|
|upkeep
|turn|22
|
|t:|1743880342
|-end|p2a: Iron Valiant|Quark Drive|[silent]
|switch|p2a: Articuno|Articuno, tera:Ground|61/100
|-ability|p2a: Articuno|Pressure
|move|p1a: Mimikyu|Play Rough|p2a: Articuno
|-damage|p2a: Articuno|41/100
|
|-sideend|p2: Frostywingz|Reflect
|upkeep
|turn|23
|
|t:|1743880349
|move|p2a: Articuno|Freeze-Dry|p1a: Mimikyu
|-activate|p1a: Mimikyu|ability: Disguise
|-damage|p1a: Mimikyu|100/100
|detailschange|p1a: Mimikyu|Mimikyu-Busted, F
|-damage|p1a: Mimikyu|88/100|[from] pokemon: Mimikyu-Busted
|-enditem|p1a: Mimikyu|Red Card|[of] p2a: Articuno
|drag|p2a: Iron Valiant|Iron Valiant|100/100
|move|p1a: Mimikyu|Will-O-Wisp|p2a: Iron Valiant
|-status|p2a: Iron Valiant|brn
|
|-damage|p2a: Iron Valiant|94/100 brn|[from] brn
|upkeep
|turn|24
|
|t:|1743880361
|move|p2a: Iron Valiant|Swords Dance|p2a: Iron Valiant
|-boost|p2a: Iron Valiant|atk|2
|move|p1a: Mimikyu|Play Rough|p2a: Iron Valiant
|-supereffective|p2a: Iron Valiant
|-damage|p2a: Iron Valiant|7/100 brn
|
|-damage|p2a: Iron Valiant|1/100 brn|[from] brn
|upkeep
|turn|25
|
|t:|1743880369
|move|p2a: Iron Valiant|Spirit Break|p1a: Mimikyu
|-damage|p1a: Mimikyu|23/100
|-unboost|p1a: Mimikyu|spa|1
|move|p1a: Mimikyu|Play Rough|p2a: Iron Valiant
|-supereffective|p2a: Iron Valiant
|-damage|p2a: Iron Valiant|0 fnt
|faint|p2a: Iron Valiant
|-end|p2a: Iron Valiant|Quark Drive|[silent]
|
|upkeep
|
|t:|1743880372
|switch|p2a: Articuno|Articuno, tera:Ground|41/100
|-ability|p2a: Articuno|Pressure
|turn|26
|
|t:|1743880380
|move|p2a: Articuno|Freeze-Dry|p1a: Mimikyu
|-damage|p1a: Mimikyu|0 fnt
|faint|p1a: Mimikyu
|
|upkeep
|
|t:|1743880385
|switch|p1a: Serperior|Serperior, M|55/100
|-activate|p1a: Serperior|move: Sticky Web
|-boost|p1a: Serperior|spe|1
|turn|27
|
|t:|1743880390
|move|p1a: Serperior|Leaf Storm|p2a: Articuno
|-supereffective|p2a: Articuno
|-damage|p2a: Articuno|0 fnt
|-boost|p1a: Serperior|spa|2
|faint|p2a: Articuno
|
|win|Skiddris
|raw|Skiddris's rating: 1232 &rarr; <strong>1256</strong><br />(+24 for winning)
|raw|Frostywingz's rating: 1212 &rarr; <strong>1188</strong><br />(-24 for losing)
|l|☆Frostywingz
|player|p2|
|l|☆Skiddris
|player|p1|
