|j|☆feebas456
|j|☆vitosouzakk
|t:|1743793632
|gametype|singles
|player|p1|feebas456|1|1266
|player|p2|vitosouzakk|1|1240
|teamsize|p1|6
|teamsize|p2|6
|gen|9
|tier|[Gen 9] OU
|rated|
|rule|HP Percentage Mod: HP is shown in percentages
|rule|Endless Battle Clause: Forcing endless battles is banned
|rule|Species Clause: Limit one of each Pokémon
|rule|OHKO Clause: OHKO moves are banned
|rule|Evasion Items Clause: Evasion items are banned
|rule|Evasion Moves Clause: Evasion moves are banned
|rule|Sleep Moves Clause: Sleep-inducing moves are banned
|clearpoke
|poke|p1|Hydreigon, F|
|poke|p1|Great Tusk|
|poke|p1|Scizor, F|
|poke|p1|Trevenant, F|
|poke|p1|Slowking-Galar, F|
|poke|p1|Milotic, F|
|poke|p2|Gliscor, F|
|poke|p2|Iron Valiant|
|poke|p2|Walking Wake|
|poke|p2|Meowscarada, F|
|poke|p2|Iron Moth|
|poke|p2|Torkoal, M|
|teampreview
|inactive|Battle timer is ON: inactive players will automatically lose when time's up. (requested by vitosouzakk)
|
|t:|1743793638
|start
|switch|p1a: Great Tusk|Great Tusk|100/100
|switch|p2a: Walking Wake|Walking Wake|100/100
|-enditem|p2a: Walking Wake|Booster Energy
|-activate|p2a: Walking Wake|ability: Protosynthesis|[fromitem]
|-start|p2a: Walking Wake|protosynthesisspa
|-enditem|p1a: Great Tusk|Booster Energy
|-activate|p1a: Great Tusk|ability: Protosynthesis|[fromitem]
|-start|p1a: Great Tusk|protosynthesisatk
|turn|1
|
|t:|1743793647
|-end|p1a: Great Tusk|Protosynthesis|[silent]
|switch|p1a: Milotic|Milotic, F|100/100
|move|p2a: Walking Wake|Hydro Steam|p1a: Milotic
|-resisted|p1a: Milotic
|-damage|p1a: Milotic|83/100
|
|-status|p1a: Milotic|brn|[from] item: Flame Orb
|upkeep
|turn|2
|
|t:|1743793656
|move|p2a: Walking Wake|Dragon Pulse|p1a: Milotic
|-damage|p1a: Milotic|40/100 brn
|move|p1a: Milotic|Ice Beam|p2a: Walking Wake
|-damage|p2a: Walking Wake|75/100
|
|-damage|p1a: Milotic|34/100 brn|[from] brn
|upkeep
|turn|3
|
|t:|1743793665
|switch|p1a: Slowking|Slowking-Galar, F|100/100
|move|p2a: Walking Wake|Dragon Pulse|p1a: Slowking
|-damage|p1a: Slowking|63/100
|
|upkeep
|turn|4
|
|t:|1743793673
|-end|p2a: Walking Wake|Protosynthesis|[silent]
|switch|p2a: Torkoal|Torkoal, M|100/100
|-weather|SunnyDay|[from] ability: Drought|[of] p2a: Torkoal
|move|p1a: Slowking|Sludge Wave|p2a: Torkoal
|-damage|p2a: Torkoal|55/100
|-enditem|p2a: Torkoal|Eject Button
|
|t:|1743793676
|switch|p2a: Gliscor|Gliscor, F|100/100
|
|-weather|SunnyDay|[upkeep]
|-status|p2a: Gliscor|tox|[from] item: Toxic Orb
|upkeep
|turn|5
|
|t:|1743793688
|switch|p1a: Trevenant|Trevenant, F|100/100
|move|p2a: Gliscor|Earthquake|p1a: Trevenant
|-resisted|p1a: Trevenant
|-damage|p1a: Trevenant|81/100
|
|-weather|SunnyDay|[upkeep]
|upkeep
|turn|6
|
|t:|1743793694
|move|p2a: Gliscor|Ice Fang|p1a: Trevenant
|-supereffective|p1a: Trevenant
|-damage|p1a: Trevenant|44/100
|-enditem|p1a: Trevenant|Sitrus Berry|[eat]
|-heal|p1a: Trevenant|69/100|[from] item: Sitrus Berry
|cant|p1a: Trevenant|flinch
|
|-weather|SunnyDay|[upkeep]
|-item|p1a: Trevenant|Sitrus Berry|[from] ability: Harvest
|upkeep
|turn|7
|
|t:|1743793701
|switch|p1a: Milotic|Milotic, F|34/100 brn
|move|p2a: Gliscor|Ice Fang|p1a: Milotic
|-resisted|p1a: Milotic
|-damage|p1a: Milotic|29/100 brn
|
|-weather|SunnyDay|[upkeep]
|-damage|p1a: Milotic|23/100 brn|[from] brn
|upkeep
|turn|8
|
|t:|1743793705
|move|p2a: Gliscor|Earthquake|p1a: Milotic
|-damage|p1a: Milotic|0 fnt
|faint|p1a: Milotic
|
|-weather|none
|upkeep
|
|t:|1743793716
|switch|p1a: Great Tusk|Great Tusk|100/100
|turn|9
|
|t:|1743793723
|switch|p2a: Torkoal|Torkoal, M|55/100
|-weather|SunnyDay|[from] ability: Drought|[of] p2a: Torkoal
|-activate|p1a: Great Tusk|ability: Protosynthesis
|-start|p1a: Great Tusk|protosynthesisatk
|move|p1a: Great Tusk|Stealth Rock|p2a: Torkoal
|-sidestart|p2: vitosouzakk|move: Stealth Rock
|
|-weather|SunnyDay|[upkeep]
|upkeep
|turn|10
|
|t:|1743793728
|move|p1a: Great Tusk|Headlong Rush|p2a: Torkoal
|-supereffective|p2a: Torkoal
|-damage|p2a: Torkoal|0 fnt
|-unboost|p1a: Great Tusk|def|1
|-unboost|p1a: Great Tusk|spd|1
|faint|p2a: Torkoal
|
|-weather|SunnyDay|[upkeep]
|upkeep
|
|t:|1743793732
|switch|p2a: Walking Wake|Walking Wake|75/100
|-damage|p2a: Walking Wake|62/100|[from] Stealth Rock
|-activate|p2a: Walking Wake|ability: Protosynthesis
|-start|p2a: Walking Wake|protosynthesisspa
|turn|11
|
|t:|1743793741
|-end|p1a: Great Tusk|Protosynthesis|[silent]
|switch|p1a: Slowking|Slowking-Galar, F|96/100
|move|p2a: Walking Wake|Hydro Steam|p1a: Slowking
|-damage|p1a: Slowking|45/100
|
|-weather|SunnyDay|[upkeep]
|upkeep
|turn|12
|
|t:|1743793749
|move|p2a: Walking Wake|Hydro Steam|p1a: Slowking
|-damage|p1a: Slowking|0 fnt
|faint|p1a: Slowking
|
|-weather|SunnyDay|[upkeep]
|upkeep
|
|t:|1743793762
|switch|p1a: Trevenant|Trevenant, F|69/100
|turn|13
|
|t:|1743793765
|move|p2a: Walking Wake|Flamethrower|p1a: Trevenant
|-supereffective|p1a: Trevenant
|-damage|p1a: Trevenant|0 fnt
|faint|p1a: Trevenant
|
|-weather|none
|-end|p2a: Walking Wake|Protosynthesis
|upkeep
|
|t:|1743793768
|switch|p1a: Hydreigon|Hydreigon, F|100/100
|turn|14
|
|t:|1743793772
|-end|p2a: Walking Wake|Protosynthesis|[silent]
|switch|p2a: Iron Valiant|Iron Valiant|100/100
|-damage|p2a: Iron Valiant|94/100|[from] Stealth Rock
|-enditem|p2a: Iron Valiant|Booster Energy
|-activate|p2a: Iron Valiant|ability: Quark Drive|[fromitem]
|-start|p2a: Iron Valiant|quarkdrivespa
|move|p1a: Hydreigon|Draco Meteor|p2a: Iron Valiant
|-immune|p2a: Iron Valiant
|
|upkeep
|turn|15
|
|t:|1743793778
|-terastallize|p1a: Hydreigon|Fire
|move|p2a: Iron Valiant|Moonblast|p1a: Hydreigon
|-resisted|p1a: Hydreigon
|-damage|p1a: Hydreigon|61/100
|move|p1a: Hydreigon|Flamethrower|p2a: Iron Valiant
|-damage|p2a: Iron Valiant|0 fnt
|faint|p2a: Iron Valiant
|-end|p2a: Iron Valiant|Quark Drive|[silent]
|-damage|p1a: Hydreigon|51/100|[from] item: Life Orb
|
|upkeep
|
|t:|1743793795
|switch|p2a: Walking Wake|Walking Wake|62/100
|-damage|p2a: Walking Wake|50/100|[from] Stealth Rock
|turn|16
|
|t:|1743793798
|move|p1a: Hydreigon|Dark Pulse|p2a: Walking Wake
|-damage|p2a: Walking Wake|0 fnt
|faint|p2a: Walking Wake
|-end|p2a: Walking Wake|Protosynthesis|[silent]
|-damage|p1a: Hydreigon|41/100|[from] item: Life Orb
|
|upkeep
|
|t:|1743793809
|switch|p2a: Meowscarada|Meowscarada, F|100/100
|-damage|p2a: Meowscarada|88/100|[from] Stealth Rock
|turn|17
|
|t:|1743793813
|move|p2a: Meowscarada|Sucker Punch|p1a: Hydreigon
|-start|p2a: Meowscarada|typechange|Dark|[from] ability: Protean
|-damage|p1a: Hydreigon|0 fnt
|faint|p1a: Hydreigon
|-damage|p2a: Meowscarada|78/100|[from] item: Life Orb
|
|upkeep
|
|t:|1743793817
|switch|p1a: Scizor|Scizor, F|100/100
|turn|18
|
|t:|1743793821
|switch|p2a: Gliscor|Gliscor, F|100/100 tox
|-damage|p2a: Gliscor|88/100 tox|[from] Stealth Rock
|move|p1a: Scizor|U-turn|p2a: Gliscor
|-resisted|p2a: Gliscor
|-crit|p2a: Gliscor
|-damage|p2a: Gliscor|64/100 tox
|
|t:|1743793827
|switch|p1a: Great Tusk|Great Tusk|100/100|[from] U-turn
|
|-heal|p2a: Gliscor|77/100 tox|[from] ability: Poison Heal
|upkeep
|turn|19
|
|t:|1743793830
|move|p2a: Gliscor|Earthquake|p1a: Great Tusk
|-damage|p1a: Great Tusk|74/100
|move|p1a: Great Tusk|Knock Off|p2a: Gliscor
|-damage|p2a: Gliscor|47/100 tox
|-enditem|p2a: Gliscor|Toxic Orb|[from] move: Knock Off|[of] p1a: Great Tusk
|
|-heal|p2a: Gliscor|59/100 tox|[from] ability: Poison Heal
|upkeep
|turn|20
|
|t:|1743793834
|move|p2a: Gliscor|Earthquake|p1a: Great Tusk
|-damage|p1a: Great Tusk|46/100
|move|p1a: Great Tusk|Rapid Spin|p2a: Gliscor
|-damage|p2a: Gliscor|44/100 tox
|-boost|p1a: Great Tusk|spe|1
|
|-heal|p2a: Gliscor|57/100 tox|[from] ability: Poison Heal
|upkeep
|turn|21
|
|t:|1743793843
|move|p1a: Great Tusk|Rapid Spin|p2a: Gliscor
|-damage|p2a: Gliscor|41/100 tox
|-boost|p1a: Great Tusk|spe|1
|move|p2a: Gliscor|Earthquake|p1a: Great Tusk
|-damage|p1a: Great Tusk|19/100
|
|-heal|p2a: Gliscor|53/100 tox|[from] ability: Poison Heal
|upkeep
|turn|22
|-message|feebas456 forfeited.
|
|win|vitosouzakk
|raw|feebas456's rating: 1266 &rarr; <strong>1239</strong><br />(-27 for losing)
|raw|vitosouzakk's rating: 1240 &rarr; <strong>1267</strong><br />(+27 for winning)
|l|☆feebas456
|player|p1|
|l|☆vitosouzakk
|player|p2|
