|j|☆arixzoiberg
|j|☆froggyfroggy3
|t:|1743783434
|gametype|singles
|player|p1|arixzoiberg|brycenman|1257
|player|p2|froggyfroggy3|drayden|1230
|teamsize|p1|6
|teamsize|p2|6
|gen|9
|tier|[Gen 9] OU
|rated|
|rule|HP Percentage Mod: HP is shown in percentages
|rule|Endless Battle Clause: Forcing endless battles is banned
|rule|Species Clause: Limit one of each Pokémon
|rule|OHKO Clause: OHKO moves are banned
|rule|Evasion Items Clause: Evasion items are banned
|rule|Evasion Moves Clause: Evasion moves are banned
|rule|Sleep Moves Clause: Sleep-inducing moves are banned
|clearpoke
|poke|p1|Venusaur, M|
|poke|p1|Walking Wake|
|poke|p1|Torkoal, F|
|poke|p1|Great Tusk|
|poke|p1|Leavanny, F|
|poke|p1|Ceruledge, F|
|poke|p2|Slowking-Galar, F|
|poke|p2|Cresselia, F|
|poke|p2|Golem-Alola, M|
|poke|p2|Ursaluna, M|
|poke|p2|Hydrapple, F|
|poke|p2|Frosmoth, M|
|teampreview
|inactive|Battle timer is ON: inactive players will automatically lose when time's up. (requested by froggyfroggy3)
|inactive|froggyfroggy3 has 120 seconds left.
|
|t:|1743783467
|start
|switch|p1a: Tork5.1 rapd|Torkoal, F, shiny|100/100
|switch|p2a: Slowking|Slowking-Galar, F, shiny|100/100
|-weather|SunnyDay|[from] ability: Drought|[of] p1a: Tork5.1 rapd
|turn|1
|
|t:|1743783473
|move|p1a: Tork5.1 rapd|Stealth Rock|p2a: Slowking
|-sidestart|p2: froggyfroggy3|move: Stealth Rock
|move|p2a: Slowking|Trick Room|p2a: Slowking
|-fieldstart|move: Trick Room|[of] p2a: Slowking
|
|-weather|SunnyDay|[upkeep]
|upkeep
|turn|2
|
|t:|1743783482
|move|p1a: Tork5.1 rapd|Scorching Sands|p2a: Slowking
|-supereffective|p2a: Slowking
|-damage|p2a: Slowking|80/100
|-prepare|p2a: Slowking|Chilly Reception|[premajor]
|move|p2a: Slowking|Chilly Reception|p2a: Slowking
|-weather|Snowscape
|
|t:|1743783496
|switch|p2a: Hydrapple|Hydrapple, F, shiny|100/100|[from] Chilly Reception
|-damage|p2a: Hydrapple|88/100|[from] Stealth Rock
|
|-weather|Snowscape|[upkeep]
|upkeep
|turn|3
|
|t:|1743783526
|move|p1a: Tork5.1 rapd|Flamethrower|p2a: Hydrapple
|-damage|p2a: Hydrapple|71/100
|move|p2a: Hydrapple|Fickle Beam|p1a: Tork5.1 rapd
|-damage|p1a: Tork5.1 rapd|52/100
|
|-weather|Snowscape|[upkeep]
|upkeep
|turn|4
|inactive|arixzoiberg has 120 seconds left.
|inactive|froggyfroggy3 has 120 seconds left.
|
|t:|1743783557
|move|p1a: Tork5.1 rapd|Flamethrower|p2a: Hydrapple
|-damage|p2a: Hydrapple|53/100
|move|p2a: Hydrapple|Earth Power|p1a: Tork5.1 rapd
|-supereffective|p1a: Tork5.1 rapd
|-damage|p1a: Tork5.1 rapd|0 fnt
|faint|p1a: Tork5.1 rapd
|
|-weather|Snowscape|[upkeep]
|upkeep
|
|t:|1743783575
|switch|p1a: Venusaur 2|Venusaur, M, shiny|100/100
|turn|5
|inactive|froggyfroggy3 has 120 seconds left.
|
|t:|1743783610
|switch|p2a: Slowking|Slowking-Galar, F, shiny|100/100
|move|p1a: Venusaur 2|Sludge Bomb|p2a: Slowking
|-resisted|p2a: Slowking
|-damage|p2a: Slowking|79/100
|-damage|p1a: Venusaur 2|91/100|[from] item: Life Orb
|
|-weather|Snowscape|[upkeep]
|-fieldend|move: Trick Room
|upkeep
|turn|6
|
|t:|1743783639
|move|p1a: Venusaur 2|Weather Ball|p2a: Slowking
|-damage|p2a: Slowking|47/100
|-damage|p1a: Venusaur 2|81/100|[from] item: Life Orb
|move|p2a: Slowking|Future Sight|p1a: Venusaur 2
|-start|p2a: Slowking|move: Future Sight
|
|-weather|none
|upkeep
|turn|7
|l|☆froggyfroggy3
|inactive|froggyfroggy3 disconnected and has a minute to reconnect!
|player|p2|
|inactive|froggyfroggy3 has 30 seconds to reconnect!
|j|☆froggyfroggy3
|inactive|froggyfroggy3 reconnected and has 70 seconds left.
|player|p2|froggyfroggy3|drayden|
|
|t:|1743783689
|switch|p1a: Ceruledge .1|Ceruledge, F|100/100
|-item|p1a: Ceruledge .1|Air Balloon
|move|p2a: Slowking|Trick Room|p2a: Slowking
|-fieldstart|move: Trick Room|[of] p2a: Slowking
|
|upkeep
|turn|8
|
|t:|1743783698
|move|p1a: Ceruledge .1|Shadow Sneak|p2a: Slowking
|-supereffective|p2a: Slowking
|-damage|p2a: Slowking|5/100
|-prepare|p2a: Slowking|Chilly Reception|[premajor]
|move|p2a: Slowking|Chilly Reception|p2a: Slowking
|-weather|Snowscape
|
|t:|1743783711
|switch|p2a: Golem|Golem-Alola, M, shiny|100/100|[from] Chilly Reception
|-damage|p2a: Golem|88/100|[from] Stealth Rock
|
|-weather|Snowscape|[upkeep]
|-end|p1a: Ceruledge .1|move: Future Sight
|-damage|p1a: Ceruledge .1|34/100
|-enditem|p1a: Ceruledge .1|Air Balloon
|upkeep
|turn|9
|inactive|arixzoiberg has 120 seconds left.
|
|t:|1743783724
|-terastallize|p1a: Ceruledge .1|Grass
|move|p2a: Golem|Earthquake|p1a: Ceruledge .1
|-resisted|p1a: Ceruledge .1
|-damage|p1a: Ceruledge .1|10/100
|move|p1a: Ceruledge .1|Solar Blade||[still]
|-prepare|p1a: Ceruledge .1|Solar Blade
|
|-weather|Snowscape|[upkeep]
|upkeep
|turn|10
|inactive|arixzoiberg has 120 seconds left.
|
|t:|1743783733
|move|p2a: Golem|Gyro Ball|p1a: Ceruledge .1
|-damage|p1a: Ceruledge .1|0 fnt
|faint|p1a: Ceruledge .1
|
|-weather|Snowscape|[upkeep]
|upkeep
|-message|arixzoiberg forfeited.
|
|win|froggyfroggy3
|raw|arixzoiberg's rating: 1257 &rarr; <strong>1230</strong><br />(-27 for losing)
|raw|froggyfroggy3's rating: 1230 &rarr; <strong>1257</strong><br />(+27 for winning)
|l|☆arixzoiberg
|player|p1|
|l|☆froggyfroggy3
|player|p2|
