|j|☆iceriderlover
|j|☆Joe Sugg
|t:|1743849912
|gametype|singles
|player|p1|iceriderlover|alder|1274
|player|p2|Joe Sugg|gentleman-gen4|1328
|teamsize|p1|6
|teamsize|p2|6
|gen|9
|tier|[Gen 9] OU
|rated|
|rule|HP Percentage Mod: HP is shown in percentages
|rule|Endless Battle Clause: Forcing endless battles is banned
|rule|Species Clause: Limit one of each Pokémon
|rule|OHKO Clause: OHKO moves are banned
|rule|Evasion Items Clause: Evasion items are banned
|rule|Evasion Moves Clause: Evasion moves are banned
|rule|Sleep Moves Clause: Sleep-inducing moves are banned
|clearpoke
|poke|p1|Infernape, M|
|poke|p1|Weavile, M|
|poke|p1|Great Tusk|
|poke|p1|Corviknight, F|
|poke|p1|Raging Bolt|
|poke|p1|Slowking-Galar, F|
|poke|p2|Great Tusk|
|poke|p2|Dragonite, M|
|poke|p2|Kingambit, F|
|poke|p2|Iron Moth|
|poke|p2|Iron Valiant|
|poke|p2|Moltres-Galar|
|teampreview
|inactive|Battle timer is ON: inactive players will automatically lose when time's up. (requested by Joe Sugg)
|
|t:|1743849930
|start
|switch|p1a: Great Tusk|Great Tusk|100/100
|switch|p2a: Kingambit|Kingambit, F|100/100
|-item|p2a: Kingambit|Air Balloon
|turn|1
|
|t:|1743849941
|-end|p2a: Kingambit|fallenundefined|[silent]
|switch|p2a: Dragonite|Dragonite, M|100/100
|move|p1a: Great Tusk|Knock Off|p2a: Dragonite
|-damage|p2a: Dragonite|82/100
|-enditem|p2a: Dragonite|Heavy-Duty Boots|[from] move: Knock Off|[of] p1a: Great Tusk
|
|upkeep
|turn|2
|
|t:|1743849946
|move|p1a: Great Tusk|Ice Spinner|p2a: Dragonite
|-supereffective|p2a: Dragonite
|-damage|p2a: Dragonite|0 fnt
|faint|p2a: Dragonite
|
|upkeep
|
|t:|1743849949
|switch|p2a: Iron Valiant|Iron Valiant|100/100
|-enditem|p2a: Iron Valiant|Booster Energy
|-activate|p2a: Iron Valiant|ability: Quark Drive|[fromitem]
|-start|p2a: Iron Valiant|quarkdrivespe
|turn|3
|
|t:|1743849957
|-end|p1a: Great Tusk|Protosynthesis|[silent]
|switch|p1a: Corviknight|Corviknight, F|100/100
|-ability|p1a: Corviknight|Pressure
|move|p2a: Iron Valiant|Knock Off|p1a: Corviknight
|-damage|p1a: Corviknight|71/100
|-enditem|p1a: Corviknight|Life Orb|[from] move: Knock Off|[of] p2a: Iron Valiant
|
|upkeep
|turn|4
|
|t:|1743849967
|-end|p2a: Iron Valiant|Quark Drive|[silent]
|switch|p2a: Kingambit|Kingambit, F|100/100
|-activate|p2a: Kingambit|ability: Supreme Overlord
|-start|p2a: Kingambit|fallen1|[silent]
|-item|p2a: Kingambit|Air Balloon
|move|p1a: Corviknight|Nasty Plot|p1a: Corviknight
|-boost|p1a: Corviknight|spa|2
|
|upkeep
|turn|5
|
|t:|1743849973
|-terastallize|p1a: Corviknight|Fire
|move|p1a: Corviknight|Tera Blast|p2a: Kingambit|[anim] Tera Blast Fire
|-supereffective|p2a: Kingambit
|-damage|p2a: Kingambit|0 fnt
|-enditem|p2a: Kingambit|Air Balloon
|faint|p2a: Kingambit
|-end|p2a: Kingambit|fallen1|[silent]
|
|upkeep
|
|t:|1743849977
|switch|p2a: Iron Moth|Iron Moth|100/100
|-enditem|p2a: Iron Moth|Booster Energy
|-activate|p2a: Iron Moth|ability: Quark Drive|[fromitem]
|-start|p2a: Iron Moth|quarkdrivespe
|turn|6
|
|t:|1743849982
|move|p2a: Iron Moth|Sludge Wave|p1a: Corviknight
|-damage|p1a: Corviknight|19/100
|move|p1a: Corviknight|Hurricane|p2a: Iron Moth|[miss]
|-miss|p1a: Corviknight|p2a: Iron Moth
|
|upkeep
|turn|7
|
|t:|1743849988
|switch|p1a: Slowking|Slowking-Galar, F|100/100
|move|p2a: Iron Moth|Fiery Dance|p1a: Slowking
|-damage|p1a: Slowking|77/100
|-boost|p2a: Iron Moth|spa|1
|
|upkeep
|turn|8
|
|t:|1743849991
|move|p2a: Iron Moth|Fiery Dance|p1a: Slowking
|-damage|p1a: Slowking|44/100
|-boost|p2a: Iron Moth|spa|1
|move|p1a: Slowking|Thunder Wave|p2a: Iron Moth
|-status|p2a: Iron Moth|par
|
|upkeep
|turn|9
|
|t:|1743849995
|move|p2a: Iron Moth|Fiery Dance|p1a: Slowking
|-damage|p1a: Slowking|0 fnt
|-boost|p2a: Iron Moth|spa|1
|faint|p1a: Slowking
|
|upkeep
|
|t:|1743850001
|switch|p1a: Great Tusk|Great Tusk|100/100
|turn|10
|
|t:|1743850005
|-terastallize|p2a: Iron Moth|Fairy
|move|p1a: Great Tusk|Headlong Rush|p2a: Iron Moth
|-damage|p2a: Iron Moth|12/100 par
|-unboost|p1a: Great Tusk|def|1
|-unboost|p1a: Great Tusk|spd|1
|move|p2a: Iron Moth|Energy Ball|p1a: Great Tusk
|-supereffective|p1a: Great Tusk
|-damage|p1a: Great Tusk|0 fnt
|faint|p1a: Great Tusk
|-end|p1a: Great Tusk|Protosynthesis|[silent]
|
|upkeep
|
|t:|1743850009
|switch|p1a: Weavile|Weavile, M|100/100
|turn|11
|
|t:|1743850012
|move|p1a: Weavile|Knock Off|p2a: Iron Moth
|-resisted|p2a: Iron Moth
|-damage|p2a: Iron Moth|0 fnt
|faint|p2a: Iron Moth
|-end|p2a: Iron Moth|Quark Drive|[silent]
|
|upkeep
|
|t:|1743850020
|switch|p2a: Iron Valiant|Iron Valiant|100/100
|turn|12
|
|t:|1743850023
|switch|p1a: Corviknight|Corviknight, F, tera:Fire|19/100
|-ability|p1a: Corviknight|Pressure
|move|p2a: Iron Valiant|Moonblast|p1a: Corviknight
|-resisted|p1a: Corviknight
|-damage|p1a: Corviknight|0 fnt
|faint|p1a: Corviknight
|
|upkeep
|
|t:|1743850026
|switch|p1a: Raging Bolt|Raging Bolt|100/100
|turn|13
|
|t:|1743850029
|move|p1a: Raging Bolt|Thunderclap||[still]
|-fail|p1a: Raging Bolt
|move|p2a: Iron Valiant|Destiny Bond|p2a: Iron Valiant
|-singlemove|p2a: Iron Valiant|Destiny Bond
|
|upkeep
|turn|14
|
|t:|1743850031
|move|p2a: Iron Valiant|Moonblast|p1a: Raging Bolt
|-supereffective|p1a: Raging Bolt
|-damage|p1a: Raging Bolt|13/100
|-unboost|p1a: Raging Bolt|spa|1
|move|p1a: Raging Bolt|Volt Switch|p2a: Iron Valiant
|-damage|p2a: Iron Valiant|43/100
|
|t:|1743850035
|-end|p1a: Raging Bolt|Protosynthesis|[silent]
|switch|p1a: Infernape|Infernape, M|100/100|[from] Volt Switch
|
|upkeep
|turn|15
|
|t:|1743850040
|move|p1a: Infernape|Flare Blitz|p2a: Iron Valiant
|-damage|p2a: Iron Valiant|0 fnt
|faint|p2a: Iron Valiant
|-end|p2a: Iron Valiant|Quark Drive|[silent]
|-damage|p1a: Infernape|87/100|[from] Recoil
|
|upkeep
|
|t:|1743850052
|switch|p2a: Moltres|Moltres-Galar|100/100
|turn|16
|
|t:|1743850059
|switch|p1a: Raging Bolt|Raging Bolt|13/100
|move|p2a: Moltres|Tera Blast|p1a: Raging Bolt
|-damage|p1a: Raging Bolt|0 fnt
|faint|p1a: Raging Bolt
|-end|p1a: Raging Bolt|Protosynthesis|[silent]
|
|upkeep
|
|t:|1743850062
|switch|p1a: Weavile|Weavile, M|100/100
|turn|17
|
|t:|1743850066
|move|p1a: Weavile|Triple Axel|p2a: Moltres
|-supereffective|p2a: Moltres
|-damage|p2a: Moltres|65/100
|-supereffective|p2a: Moltres
|-damage|p2a: Moltres|0 fnt
|faint|p2a: Moltres
|-hitcount|p2: Moltres|2
|
|upkeep
|
|t:|1743850068
|switch|p2a: Great Tusk|Great Tusk|100/100
|turn|18
|
|t:|1743850071
|move|p1a: Weavile|Triple Axel|p2a: Great Tusk
|-supereffective|p2a: Great Tusk
|-damage|p2a: Great Tusk|78/100
|-supereffective|p2a: Great Tusk
|-damage|p2a: Great Tusk|32/100
|-supereffective|p2a: Great Tusk
|-damage|p2a: Great Tusk|0 fnt
|faint|p2a: Great Tusk
|-end|p2a: Great Tusk|Protosynthesis|[silent]
|-hitcount|p2: Great Tusk|3
|
|win|iceriderlover
|raw|iceriderlover's rating: 1274 &rarr; <strong>1303</strong><br />(+29 for winning)
|raw|Joe Sugg's rating: 1328 &rarr; <strong>1305</strong><br />(-23 for losing)
|l|☆Joe Sugg
|player|p2|
|l|☆iceriderlover
|player|p1|
