|j|☆gogotoat
|j|☆nevermoretree
|t:|1743789690
|gametype|singles
|player|p1|gogotoat|dawn|1371
|player|p2|nevermoretree|102|1391
|teamsize|p1|6
|teamsize|p2|6
|gen|9
|tier|[Gen 9] OU
|rated|
|rule|HP Percentage Mod: HP is shown in percentages
|rule|Endless Battle Clause: Forcing endless battles is banned
|rule|Species Clause: Limit one of each Pokémon
|rule|OHKO Clause: OHKO moves are banned
|rule|Evasion Items Clause: Evasion items are banned
|rule|Evasion Moves Clause: Evasion moves are banned
|rule|Sleep Moves Clause: Sleep-inducing moves are banned
|clearpoke
|poke|p1|Necrozma|
|poke|p1|Excadrill, M|
|poke|p1|Raging Bolt|
|poke|p1|Dragapult, M|
|poke|p1|Ninetales-Alola, F|
|poke|p1|Quaquaval, F|
|poke|p2|Samurott-Hisui, M|
|poke|p2|Gliscor, F|
|poke|p2|Great Tusk|
|poke|p2|Tinkaton, F|
|poke|p2|Dragapult, F|
|poke|p2|Garganacl, F|
|teampreview
|
|t:|1743789714
|start
|switch|p1a: Excadrill|Excadrill, M|100/100
|switch|p2a: Dragapult|Dragapult, F|100/100
|-ability|p1a: Excadrill|Mold Breaker
|turn|1
|
|t:|1743789725
|move|p2a: Dragapult|Will-O-Wisp|p1a: Excadrill
|-status|p1a: Excadrill|brn
|move|p1a: Excadrill|Earthquake|p2a: Dragapult
|-damage|p2a: Dragapult|65/100
|
|-damage|p1a: Excadrill|94/100 brn|[from] brn
|upkeep
|turn|2
|
|t:|1743789733
|switch|p1a: Ninetales|Ninetales-Alola, F|100/100
|-weather|Snowscape|[from] ability: Snow Warning|[of] p1a: Ninetales
|move|p2a: Dragapult|Hex|p1a: Ninetales
|-damage|p1a: Ninetales|73/100
|
|-weather|Snowscape|[upkeep]
|upkeep
|turn|3
|
|t:|1743789743
|move|p2a: Dragapult|U-turn|p1a: Ninetales
|-resisted|p1a: Ninetales
|-damage|p1a: Ninetales|65/100
|
|t:|1743789752
|switch|p2a: Tinkaton|Tinkaton, F|100/100|[from] U-turn
|-item|p2a: Tinkaton|Air Balloon
|move|p1a: Ninetales|Moonblast|p2a: Tinkaton
|-resisted|p2a: Tinkaton
|-damage|p2a: Tinkaton|88/100
|-enditem|p2a: Tinkaton|Air Balloon
|
|-weather|Snowscape|[upkeep]
|upkeep
|turn|4
|
|t:|1743789767
|move|p1a: Ninetales|Aurora Veil|p1a: Ninetales
|-sidestart|p1: gogotoat|move: Aurora Veil
|move|p2a: Tinkaton|Stealth Rock|p1a: Ninetales
|-sidestart|p1: gogotoat|move: Stealth Rock
|
|-weather|Snowscape|[upkeep]
|upkeep
|turn|5
|
|t:|1743789775
|move|p1a: Ninetales|Encore|p2a: Tinkaton
|-start|p2a: Tinkaton|Encore
|move|p2a: Tinkaton|Stealth Rock||[still]
|-fail|p2a: Tinkaton
|
|-weather|Snowscape|[upkeep]
|upkeep
|turn|6
|
|t:|1743789785
|switch|p1a: Quaquaval|Quaquaval, F|100/100
|-damage|p1a: Quaquaval|94/100|[from] Stealth Rock
|switch|p2a: Garganacl|Garganacl, F|100/100
|
|-weather|none
|upkeep
|turn|7
|
|t:|1743789795
|move|p1a: Quaquaval|Knock Off|p2a: Garganacl
|-damage|p2a: Garganacl|83/100
|-enditem|p2a: Garganacl|Leftovers|[from] move: Knock Off|[of] p1a: Quaquaval
|move|p2a: Garganacl|Salt Cure|p1a: Quaquaval
|-resisted|p1a: Quaquaval
|-damage|p1a: Quaquaval|91/100
|-start|p1a: Quaquaval|Salt Cure
|
|-damage|p1a: Quaquaval|66/100|[from] Salt Cure
|upkeep
|turn|8
|
|t:|1743789810
|switch|p1a: Excadrill|Excadrill, M|94/100 brn
|-damage|p1a: Excadrill|91/100 brn|[from] Stealth Rock
|-ability|p1a: Excadrill|Mold Breaker
|switch|p2a: Dragapult|Dragapult, F|65/100
|
|-damage|p1a: Excadrill|85/100 brn|[from] brn
|upkeep
|turn|9
|
|t:|1743789825
|move|p2a: Dragapult|U-turn|p1a: Excadrill
|-resisted|p1a: Excadrill
|-damage|p1a: Excadrill|79/100 brn
|
|t:|1743789835
|switch|p2a: Gliscor|Gliscor, F|100/100|[from] U-turn
|move|p1a: Excadrill|Earthquake|p2a: Gliscor
|-immune|p2a: Gliscor
|
|-damage|p1a: Excadrill|73/100 brn|[from] brn
|-status|p2a: Gliscor|tox|[from] item: Toxic Orb
|upkeep
|turn|10
|
|t:|1743789845
|move|p1a: Excadrill|Swords Dance|p1a: Excadrill
|-boost|p1a: Excadrill|atk|2
|move|p2a: Gliscor|Knock Off|p1a: Excadrill
|-damage|p1a: Excadrill|59/100 brn
|-enditem|p1a: Excadrill|Focus Sash|[from] move: Knock Off|[of] p2a: Gliscor
|
|-damage|p1a: Excadrill|53/100 brn|[from] brn
|upkeep
|turn|11
|
|t:|1743789875
|move|p1a: Excadrill|Rapid Spin|p2a: Gliscor
|-damage|p2a: Gliscor|87/100 tox
|-boost|p1a: Excadrill|spe|1
|-sideend|p1: gogotoat|Stealth Rock|[from] move: Rapid Spin|[of] p1a: Excadrill
|move|p2a: Gliscor|Swords Dance|p2a: Gliscor
|-boost|p2a: Gliscor|atk|2
|
|-heal|p2a: Gliscor|99/100 tox|[from] ability: Poison Heal
|-damage|p1a: Excadrill|47/100 brn|[from] brn
|-sideend|p1: gogotoat|move: Aurora Veil
|upkeep
|turn|12
|
|t:|1743789890
|move|p1a: Excadrill|Iron Head|p2a: Gliscor
|-damage|p2a: Gliscor|66/100 tox
|cant|p2a: Gliscor|flinch
|
|-heal|p2a: Gliscor|78/100 tox|[from] ability: Poison Heal
|-damage|p1a: Excadrill|41/100 brn|[from] brn
|upkeep
|turn|13
|
|t:|1743789897
|move|p1a: Excadrill|Iron Head|p2a: Gliscor
|-damage|p2a: Gliscor|45/100 tox
|cant|p2a: Gliscor|flinch
|
|-heal|p2a: Gliscor|57/100 tox|[from] ability: Poison Heal
|-damage|p1a: Excadrill|35/100 brn|[from] brn
|upkeep
|turn|14
|
|t:|1743789904
|move|p2a: Gliscor|Protect|p2a: Gliscor
|-singleturn|p2a: Gliscor|Protect
|move|p1a: Excadrill|Iron Head|p2a: Gliscor
|-activate|p2a: Gliscor|move: Protect
|
|-heal|p2a: Gliscor|70/100 tox|[from] ability: Poison Heal
|-damage|p1a: Excadrill|28/100 brn|[from] brn
|upkeep
|turn|15
|
|t:|1743789913
|move|p1a: Excadrill|Iron Head|p2a: Gliscor
|-damage|p2a: Gliscor|37/100 tox
|cant|p2a: Gliscor|flinch
|
|-heal|p2a: Gliscor|49/100 tox|[from] ability: Poison Heal
|-damage|p1a: Excadrill|22/100 brn|[from] brn
|upkeep
|turn|16
|
|t:|1743789920
|switch|p1a: Ninetales|Ninetales-Alola, F|65/100
|-weather|Snowscape|[from] ability: Snow Warning|[of] p1a: Ninetales
|move|p2a: Gliscor|Facade|p1a: Ninetales
|-damage|p1a: Ninetales|13/100
|
|-weather|Snowscape|[upkeep]
|-heal|p2a: Gliscor|62/100 tox|[from] ability: Poison Heal
|upkeep
|turn|17
|
|t:|1743789947
|move|p1a: Ninetales|Aurora Veil|p1a: Ninetales
|-sidestart|p1: gogotoat|move: Aurora Veil
|move|p2a: Gliscor|Knock Off|p1a: Ninetales
|-resisted|p1a: Ninetales
|-damage|p1a: Ninetales|4/100
|-enditem|p1a: Ninetales|Light Clay|[from] move: Knock Off|[of] p2a: Gliscor
|
|-weather|Snowscape|[upkeep]
|-heal|p2a: Gliscor|74/100 tox|[from] ability: Poison Heal
|upkeep
|turn|18
|
|t:|1743789958
|move|p2a: Gliscor|Protect|p2a: Gliscor
|-singleturn|p2a: Gliscor|Protect
|move|p1a: Ninetales|Freeze-Dry|p2a: Gliscor
|-activate|p2a: Gliscor|move: Protect
|
|-weather|Snowscape|[upkeep]
|-heal|p2a: Gliscor|87/100 tox|[from] ability: Poison Heal
|upkeep
|turn|19
|
|t:|1743789974
|switch|p1a: Necrozma|Necrozma|100/100
|switch|p2a: Garganacl|Garganacl, F|83/100
|
|-weather|Snowscape|[upkeep]
|upkeep
|turn|20
|
|t:|1743789984
|move|p1a: Necrozma|Calm Mind|p1a: Necrozma
|-boost|p1a: Necrozma|spa|1
|-boost|p1a: Necrozma|spd|1
|move|p2a: Garganacl|Salt Cure|p1a: Necrozma
|-damage|p1a: Necrozma|95/100
|-start|p1a: Necrozma|Salt Cure
|
|-weather|none
|-heal|p1a: Necrozma|100/100|[from] item: Leftovers
|-damage|p1a: Necrozma|88/100|[from] Salt Cure
|upkeep
|turn|21
|
|t:|1743789998
|switch|p2a: Samurott|Samurott-Hisui, M|100/100
|move|p1a: Necrozma|Earth Power|p2a: Samurott
|-crit|p2a: Samurott
|-damage|p2a: Samurott|29/100
|
|-heal|p1a: Necrozma|94/100|[from] item: Leftovers
|-damage|p1a: Necrozma|82/100|[from] Salt Cure
|upkeep
|turn|22
|
|t:|1743790009
|move|p2a: Samurott|Ceaseless Edge|p1a: Necrozma|[miss]
|-miss|p2a: Samurott|p1a: Necrozma
|move|p1a: Necrozma|Earth Power|p2a: Samurott
|-damage|p2a: Samurott|0 fnt
|faint|p2a: Samurott
|
|-heal|p1a: Necrozma|88/100|[from] item: Leftovers
|-damage|p1a: Necrozma|76/100|[from] Salt Cure
|upkeep
|
|t:|1743790056
|switch|p2a: Gliscor|Gliscor, F|87/100 tox
|turn|23
|
|t:|1743790061
|move|p2a: Gliscor|Swords Dance|p2a: Gliscor
|-boost|p2a: Gliscor|atk|2
|move|p1a: Necrozma|Photon Geyser|p2a: Gliscor
|-damage|p2a: Gliscor|15/100 tox
|
|-heal|p1a: Necrozma|82/100|[from] item: Leftovers
|-heal|p2a: Gliscor|28/100 tox|[from] ability: Poison Heal
|-damage|p1a: Necrozma|69/100|[from] Salt Cure
|upkeep
|turn|24
|
|t:|1743790073
|move|p2a: Gliscor|Facade|p1a: Necrozma
|-damage|p1a: Necrozma|42/100
|move|p1a: Necrozma|Photon Geyser|p2a: Gliscor
|-damage|p2a: Gliscor|0 fnt
|faint|p2a: Gliscor
|
|-heal|p1a: Necrozma|48/100|[from] item: Leftovers
|-damage|p1a: Necrozma|35/100|[from] Salt Cure
|-sideend|p1: gogotoat|move: Aurora Veil
|upkeep
|
|t:|1743790090
|switch|p2a: Great Tusk|Great Tusk|100/100
|turn|25
|
|t:|1743790093
|move|p2a: Great Tusk|Headlong Rush|p1a: Necrozma
|-damage|p1a: Necrozma|0 fnt
|-unboost|p2a: Great Tusk|def|1
|-unboost|p2a: Great Tusk|spd|1
|faint|p1a: Necrozma
|
|upkeep
|
|t:|1743790098
|switch|p1a: Ninetales|Ninetales-Alola, F|4/100
|-weather|Snowscape|[from] ability: Snow Warning|[of] p1a: Ninetales
|turn|26
|
|t:|1743790103
|move|p1a: Ninetales|Aurora Veil|p1a: Ninetales
|-sidestart|p1: gogotoat|move: Aurora Veil
|move|p2a: Great Tusk|Rapid Spin|p1a: Ninetales
|-damage|p1a: Ninetales|0 fnt
|-boost|p2a: Great Tusk|spe|1
|faint|p1a: Ninetales
|
|-weather|Snowscape|[upkeep]
|upkeep
|
|t:|1743790111
|switch|p1a: Quaquaval|Quaquaval, F|66/100
|turn|27
|
|t:|1743790135
|-terastallize|p2a: Great Tusk|Steel
|move|p2a: Great Tusk|Rapid Spin|p1a: Quaquaval
|-crit|p1a: Quaquaval
|-damage|p1a: Quaquaval|38/100
|-boost|p2a: Great Tusk|spe|1
|move|p1a: Quaquaval|Aqua Step|p2a: Great Tusk
|-damage|p2a: Great Tusk|62/100
|-boost|p1a: Quaquaval|spe|1
|
|-weather|Snowscape|[upkeep]
|upkeep
|turn|28
|
|t:|1743790145
|move|p2a: Great Tusk|Headlong Rush|p1a: Quaquaval
|-damage|p1a: Quaquaval|8/100
|-unboost|p2a: Great Tusk|def|1
|-unboost|p2a: Great Tusk|spd|1
|move|p1a: Quaquaval|Close Combat|p2a: Great Tusk
|-supereffective|p2a: Great Tusk
|-damage|p2a: Great Tusk|0 fnt
|-unboost|p1a: Quaquaval|def|1
|-unboost|p1a: Quaquaval|spd|1
|faint|p2a: Great Tusk
|-end|p2a: Great Tusk|Protosynthesis|[silent]
|-ability|p1a: Quaquaval|Moxie|boost
|-boost|p1a: Quaquaval|atk|1
|
|-weather|Snowscape|[upkeep]
|upkeep
|
|t:|1743790163
|switch|p2a: Dragapult|Dragapult, F|65/100
|turn|29
|
|t:|1743790169
|move|p2a: Dragapult|Hex|p1a: Quaquaval
|-damage|p1a: Quaquaval|0 fnt
|faint|p1a: Quaquaval
|
|-weather|Snowscape|[upkeep]
|upkeep
|
|t:|1743790175
|switch|p1a: Dragapult|Dragapult, M|100/100
|turn|30
|
|t:|1743790181
|switch|p2a: Tinkaton|Tinkaton, F|88/100
|move|p1a: Dragapult|Dragon Darts|p2a: Tinkaton
|-immune|p2a: Tinkaton
|
|-weather|none
|-sideend|p1: gogotoat|move: Aurora Veil
|upkeep
|turn|31
|-message|gogotoat forfeited.
|
|win|nevermoretree
|raw|gogotoat's rating: 1371 &rarr; <strong>1352</strong><br />(-19 for losing)
|raw|nevermoretree's rating: 1391 &rarr; <strong>1410</strong><br />(+19 for winning)
|l|☆gogotoat
|player|p1|
|l|☆nevermoretree
|player|p2|
