|j|☆superbigmariofan1
|j|☆R. Caroline
|t:|1743891689
|gametype|singles
|player|p1|superbigmariofan1|iris-gen5bw2|1637
|player|p2|R. Caroline|pokemonrangerf-gen4|1612
|teamsize|p1|6
|teamsize|p2|6
|gen|9
|tier|[Gen 9] OU
|rated|
|rule|HP Percentage Mod: HP is shown in percentages
|rule|Endless Battle Clause: Forcing endless battles is banned
|rule|Species Clause: Limit one of each Pokémon
|rule|OHKO Clause: OHKO moves are banned
|rule|Evasion Items Clause: Evasion items are banned
|rule|Evasion Moves Clause: Evasion moves are banned
|rule|Sleep Moves Clause: Sleep-inducing moves are banned
|clearpoke
|poke|p1|Comfey, M|
|poke|p1|Whimsicott, F|
|poke|p1|Iron Moth|
|poke|p1|Walking Wake|
|poke|p1|Great Tusk|
|poke|p1|Ninetales, M|
|poke|p2|Latias, F|
|poke|p2|Chansey, F|
|poke|p2|Ursaluna, M|
|poke|p2|Scizor, M|
|poke|p2|Umbreon, F|
|poke|p2|Mew|
|teampreview
|inactive|Battle timer is ON: inactive players will automatically lose when time's up. (requested by superbigmariofan1)
|inactive|R. Caroline has 120 seconds left.
|
|t:|1743891735
|start
|switch|p1a: Walking Wake|Walking Wake|100/100
|switch|p2a: Etrig|Ursaluna, M, shiny|100/100
|turn|1
|
|t:|1743891748
|move|p1a: Walking Wake|Knock Off|p2a: Etrig
|-damage|p2a: Etrig|90/100
|-enditem|p2a: Etrig|Assault Vest|[from] move: Knock Off|[of] p1a: Walking Wake
|move|p2a: Etrig|Gunk Shot|p1a: Walking Wake
|-damage|p1a: Walking Wake|54/100
|
|upkeep
|turn|2
|
|t:|1743891758
|switch|p2a: Shay|Chansey, F, shiny|100/100
|move|p1a: Walking Wake|Hydro Steam|p2a: Shay
|-crit|p2a: Shay
|-damage|p2a: Shay|88/100
|
|upkeep
|turn|3
|
|t:|1743891764
|move|p1a: Walking Wake|Knock Off|p2a: Shay
|-damage|p2a: Shay|69/100
|-enditem|p2a: Shay|Eviolite|[from] move: Knock Off|[of] p1a: Walking Wake
|move|p2a: Shay|Stealth Rock|p1a: Walking Wake
|-sidestart|p1: superbigmariofan1|move: Stealth Rock
|
|upkeep
|turn|4
|
|t:|1743891769
|move|p1a: Walking Wake|Flip Turn|p2a: Shay
|-damage|p2a: Shay|44/100
|
|t:|1743891771
|-end|p1a: Walking Wake|Protosynthesis|[silent]
|switch|p1a: Great Tusk|Great Tusk|100/100|[from] Flip Turn
|-damage|p1a: Great Tusk|98/100|[from] Stealth Rock
|move|p2a: Shay|Soft-Boiled|p2a: Shay
|-heal|p2a: Shay|94/100
|
|upkeep
|turn|5
|
|t:|1743891779
|switch|p2a: Dinah|Umbreon, F|100/100
|move|p1a: Great Tusk|Rapid Spin|p2a: Dinah
|-damage|p2a: Dinah|93/100
|-boost|p1a: Great Tusk|spe|1
|-damage|p1a: Great Tusk|81/100|[from] item: Rocky Helmet|[of] p2a: Dinah
|-sideend|p1: superbigmariofan1|Stealth Rock|[from] move: Rapid Spin|[of] p1a: Great Tusk
|
|upkeep
|turn|6
|
|t:|1743891786
|-end|p1a: Great Tusk|Protosynthesis|[silent]
|switch|p1a: Ninetales|Ninetales, M|100/100
|-weather|SunnyDay|[from] ability: Drought|[of] p1a: Ninetales
|move|p2a: Dinah|Foul Play|p1a: Ninetales
|-damage|p1a: Ninetales|75/100
|
|-weather|SunnyDay|[upkeep]
|upkeep
|turn|7
|
|t:|1743891793
|switch|p1a: Iron Moth|Iron Moth|100/100
|-enditem|p1a: Iron Moth|Booster Energy
|-activate|p1a: Iron Moth|ability: Quark Drive|[fromitem]
|-start|p1a: Iron Moth|quarkdrivespa
|switch|p2a: Etrig|Ursaluna, M, shiny|90/100
|
|-weather|SunnyDay|[upkeep]
|upkeep
|turn|8
|
|t:|1743891800
|move|p1a: Iron Moth|Solar Beam||[still]
|-prepare|p1a: Iron Moth|Solar Beam
|-anim|p1a: Iron Moth|Solar Beam|p2a: Etrig
|-supereffective|p2a: Etrig
|-damage|p2a: Etrig|0 fnt
|faint|p2a: Etrig
|
|-weather|SunnyDay|[upkeep]
|upkeep
|
|t:|1743891807
|switch|p2a: Boston|Mew, shiny|100/100
|turn|9
|
|t:|1743891809
|move|p2a: Boston|Earth Power|p1a: Iron Moth
|-supereffective|p1a: Iron Moth
|-damage|p1a: Iron Moth|0 fnt
|faint|p1a: Iron Moth
|-end|p1a: Iron Moth|Quark Drive|[silent]
|
|-weather|SunnyDay|[upkeep]
|upkeep
|
|t:|1743891813
|switch|p1a: Whimsicott|Whimsicott, F|100/100
|turn|10
|
|t:|1743891818
|switch|p2a: Dinah|Umbreon, F|93/100
|move|p1a: Whimsicott|Growth|p1a: Whimsicott
|-boost|p1a: Whimsicott|atk|2
|-boost|p1a: Whimsicott|spa|2
|
|-weather|SunnyDay|[upkeep]
|upkeep
|turn|11
|
|t:|1743891831
|-terastallize|p2a: Dinah|Bug
|move|p1a: Whimsicott|Moonblast|p2a: Dinah
|-damage|p2a: Dinah|26/100
|-damage|p1a: Whimsicott|91/100|[from] item: Life Orb
|move|p2a: Dinah|Foul Play|p1a: Whimsicott
|-resisted|p1a: Whimsicott
|-damage|p1a: Whimsicott|67/100
|
|-weather|SunnyDay|[upkeep]
|upkeep
|turn|12
|
|t:|1743891840
|switch|p2a: Garf|Scizor, M, shiny|100/100
|move|p1a: Whimsicott|Moonblast|p2a: Garf
|-resisted|p2a: Garf
|-damage|p2a: Garf|43/100
|-damage|p1a: Whimsicott|57/100|[from] item: Life Orb
|
|-weather|SunnyDay|[upkeep]
|upkeep
|turn|13
|
|t:|1743891848
|switch|p1a: Great Tusk|Great Tusk|81/100
|-activate|p1a: Great Tusk|ability: Protosynthesis
|-start|p1a: Great Tusk|protosynthesisspe
|move|p2a: Garf|Bullet Punch|p1a: Great Tusk
|-damage|p1a: Great Tusk|61/100
|-damage|p2a: Garf|27/100|[from] item: Rocky Helmet|[of] p1a: Great Tusk
|
|-weather|none
|-end|p1a: Great Tusk|Protosynthesis
|upkeep
|turn|14
|
|t:|1743891856
|switch|p2a: Dinah|Umbreon, F, tera:Bug|26/100
|move|p1a: Great Tusk|Stealth Rock|p2a: Dinah
|-sidestart|p2: R. Caroline|move: Stealth Rock
|
|upkeep
|turn|15
|
|t:|1743891861
|-end|p1a: Great Tusk|Protosynthesis|[silent]
|switch|p1a: Ninetales|Ninetales, M|75/100
|-weather|SunnyDay|[from] ability: Drought|[of] p1a: Ninetales
|move|p2a: Dinah|Moonlight|p2a: Dinah
|-heal|p2a: Dinah|93/100
|
|-weather|SunnyDay|[upkeep]
|upkeep
|turn|16
|
|t:|1743891875
|switch|p2a: Shay|Chansey, F, shiny|94/100
|-damage|p2a: Shay|82/100|[from] Stealth Rock
|move|p1a: Ninetales|Weather Ball|p2a: Shay
|-damage|p2a: Shay|66/100
|
|-weather|SunnyDay|[upkeep]
|upkeep
|turn|17
|
|t:|1743891886
|switch|p1a: Comfey|Comfey, M|100/100
|move|p2a: Shay|Seismic Toss|p1a: Comfey
|-damage|p1a: Comfey|68/100
|
|-weather|SunnyDay|[upkeep]
|upkeep
|turn|18
|
|t:|1743891893
|switch|p2a: Boston|Mew, shiny|100/100
|-damage|p2a: Boston|88/100|[from] Stealth Rock
|move|p1a: Comfey|Growth|p1a: Comfey
|-boost|p1a: Comfey|atk|2
|-boost|p1a: Comfey|spa|2
|
|-weather|SunnyDay|[upkeep]
|upkeep
|turn|19
|
|t:|1743891900
|switch|p1a: Walking Wake|Walking Wake|54/100
|-activate|p1a: Walking Wake|ability: Protosynthesis
|-start|p1a: Walking Wake|protosynthesisspe
|move|p2a: Boston|Trick|p1a: Walking Wake
|-activate|p2a: Boston|move: Trick|[of] p1a: Walking Wake
|-item|p1a: Walking Wake|Choice Scarf|[from] move: Trick
|-item|p2a: Boston|Assault Vest|[from] move: Trick
|
|-weather|SunnyDay|[upkeep]
|upkeep
|turn|20
|
|t:|1743891911
|move|p1a: Walking Wake|Flip Turn|p2a: Boston
|-damage|p2a: Boston|80/100
|
|t:|1743891913
|-end|p1a: Walking Wake|Protosynthesis|[silent]
|switch|p1a: Whimsicott|Whimsicott, F|57/100|[from] Flip Turn
|move|p2a: Boston|Volt Switch|p1a: Whimsicott
|-resisted|p1a: Whimsicott
|-damage|p1a: Whimsicott|41/100
|
|t:|1743891919
|switch|p2a: Garf|Scizor, M, shiny|27/100|[from] Volt Switch
|
|-weather|SunnyDay|[upkeep]
|upkeep
|turn|21
|
|t:|1743891923
|switch|p1a: Great Tusk|Great Tusk|61/100
|-activate|p1a: Great Tusk|ability: Protosynthesis
|-start|p1a: Great Tusk|protosynthesisspe
|move|p2a: Garf|Defog|p1a: Great Tusk
|-unboost|p1a: Great Tusk|evasion|1
|-sideend|p2: R. Caroline|Stealth Rock|[from] move: Defog|[of] p2a: Garf
|
|-weather|SunnyDay|[upkeep]
|upkeep
|turn|22
|
|t:|1743891931
|switch|p2a: Dinah|Umbreon, F, tera:Bug|93/100
|move|p1a: Great Tusk|Stealth Rock|p2a: Dinah
|-sidestart|p2: R. Caroline|move: Stealth Rock
|
|-weather|none
|-end|p1a: Great Tusk|Protosynthesis
|upkeep
|turn|23
|
|t:|1743891936
|-end|p1a: Great Tusk|Protosynthesis|[silent]
|switch|p1a: Ninetales|Ninetales, M|75/100
|-weather|SunnyDay|[from] ability: Drought|[of] p1a: Ninetales
|move|p2a: Dinah|Foul Play|p1a: Ninetales
|-damage|p1a: Ninetales|49/100
|
|-weather|SunnyDay|[upkeep]
|upkeep
|turn|24
|
|t:|1743891944
|switch|p1a: Comfey|Comfey, M|68/100
|move|p2a: Dinah|Foul Play|p1a: Comfey
|-resisted|p1a: Comfey
|-damage|p1a: Comfey|60/100
|
|-weather|SunnyDay|[upkeep]
|upkeep
|turn|25
|
|t:|1743891951
|move|p1a: Comfey|Growth|p1a: Comfey
|-boost|p1a: Comfey|atk|2
|-boost|p1a: Comfey|spa|2
|move|p2a: Dinah|Taunt|p1a: Comfey
|-start|p1a: Comfey|move: Taunt
|
|-weather|SunnyDay|[upkeep]
|upkeep
|turn|26
|
|t:|1743891960
|switch|p1a: Great Tusk|Great Tusk|61/100
|-activate|p1a: Great Tusk|ability: Protosynthesis
|-start|p1a: Great Tusk|protosynthesisspe
|switch|p2a: Shay|Chansey, F, shiny|66/100
|-damage|p2a: Shay|54/100|[from] Stealth Rock
|
|-weather|SunnyDay|[upkeep]
|upkeep
|turn|27
|
|t:|1743891969
|-end|p1a: Great Tusk|Protosynthesis|[silent]
|switch|p1a: Whimsicott|Whimsicott, F|41/100
|switch|p2a: Dinah|Umbreon, F, tera:Bug|93/100
|-damage|p2a: Dinah|68/100|[from] Stealth Rock
|
|-weather|SunnyDay|[upkeep]
|upkeep
|turn|28
|
|t:|1743891976
|move|p1a: Whimsicott|Growth|p1a: Whimsicott
|-boost|p1a: Whimsicott|atk|2
|-boost|p1a: Whimsicott|spa|2
|move|p2a: Dinah|Moonlight|p2a: Dinah
|-heal|p2a: Dinah|100/100
|
|-weather|SunnyDay|[upkeep]
|upkeep
|turn|29
|
|t:|1743891983
|move|p1a: Whimsicott|Moonblast|p2a: Dinah
|-damage|p2a: Dinah|28/100
|-damage|p1a: Whimsicott|31/100|[from] item: Life Orb
|move|p2a: Dinah|Foul Play|p1a: Whimsicott
|-resisted|p1a: Whimsicott
|-damage|p1a: Whimsicott|10/100
|
|-weather|SunnyDay|[upkeep]
|upkeep
|turn|30
|
|t:|1743891990
|move|p1a: Whimsicott|Moonblast|p2a: Dinah
|-damage|p2a: Dinah|0 fnt
|faint|p2a: Dinah
|-damage|p1a: Whimsicott|0 fnt|[from] item: Life Orb
|faint|p1a: Whimsicott
|
|-weather|none
|upkeep
|
|t:|1743892001
|switch|p1a: Ninetales|Ninetales, M|49/100
|switch|p2a: Kori|Latias, F, shiny|100/100
|-damage|p2a: Kori|88/100|[from] Stealth Rock
|-weather|SunnyDay|[from] ability: Drought|[of] p1a: Ninetales
|turn|31
|
|t:|1743892007
|move|p2a: Kori|Psyshock|p1a: Ninetales
|-damage|p1a: Ninetales|0 fnt
|faint|p1a: Ninetales
|
|-weather|SunnyDay|[upkeep]
|upkeep
|
|t:|1743892017
|switch|p1a: Walking Wake|Walking Wake|54/100
|-activate|p1a: Walking Wake|ability: Protosynthesis
|-start|p1a: Walking Wake|protosynthesisspe
|turn|32
|
|t:|1743892028
|move|p1a: Walking Wake|Knock Off|p2a: Kori
|-supereffective|p2a: Kori
|-damage|p2a: Kori|44/100
|-enditem|p2a: Kori|Choice Specs|[from] move: Knock Off|[of] p1a: Walking Wake
|move|p2a: Kori|Psyshock|p1a: Walking Wake
|-damage|p1a: Walking Wake|17/100
|
|-weather|SunnyDay|[upkeep]
|upkeep
|turn|33
|
|t:|1743892035
|move|p1a: Walking Wake|Knock Off|p2a: Kori
|-supereffective|p2a: Kori
|-damage|p2a: Kori|14/100
|move|p2a: Kori|Psyshock|p1a: Walking Wake
|-damage|p1a: Walking Wake|0 fnt
|faint|p1a: Walking Wake
|-end|p1a: Walking Wake|Protosynthesis|[silent]
|
|-weather|SunnyDay|[upkeep]
|upkeep
|
|t:|1743892038
|switch|p1a: Comfey|Comfey, M|60/100
|turn|34
|
|t:|1743892045
|switch|p2a: Shay|Chansey, F, shiny|54/100
|-damage|p2a: Shay|41/100|[from] Stealth Rock
|move|p1a: Comfey|Growth|p1a: Comfey
|-boost|p1a: Comfey|atk|2
|-boost|p1a: Comfey|spa|2
|
|-weather|SunnyDay|[upkeep]
|upkeep
|turn|35
|
|t:|1743892054
|move|p1a: Comfey|Growth|p1a: Comfey
|-boost|p1a: Comfey|atk|2
|-boost|p1a: Comfey|spa|2
|move|p2a: Shay|Soft-Boiled|p2a: Shay
|-heal|p2a: Shay|92/100
|
|-weather|SunnyDay|[upkeep]
|upkeep
|turn|36
|
|t:|1743892060
|move|p1a: Comfey|Stored Power|p2a: Shay
|-damage|p2a: Shay|21/100
|-damage|p1a: Comfey|50/100|[from] item: Life Orb
|move|p2a: Shay|Seismic Toss|p1a: Comfey
|-damage|p1a: Comfey|17/100
|
|-weather|SunnyDay|[upkeep]
|upkeep
|turn|37
|
|t:|1743892069
|move|p1a: Comfey|Draining Kiss|p2a: Shay
|-damage|p2a: Shay|0 fnt
|-heal|p1a: Comfey|52/100|[from] drain|[of] p2a: Shay
|faint|p2a: Shay
|-damage|p1a: Comfey|42/100|[from] item: Life Orb
|
|-weather|SunnyDay|[upkeep]
|upkeep
|
|t:|1743892076
|switch|p2a: Garf|Scizor, M, shiny|27/100
|turn|38
|
|t:|1743892079
|move|p1a: Comfey|Draining Kiss|p2a: Garf
|-resisted|p2a: Garf
|-damage|p2a: Garf|0 fnt
|-heal|p1a: Comfey|64/100|[from] drain|[of] p2a: Garf
|faint|p2a: Garf
|-damage|p1a: Comfey|54/100|[from] item: Life Orb
|
|-weather|none
|upkeep
|-message|R. Caroline forfeited.
|
|win|superbigmariofan1
|raw|superbigmariofan1's rating: 1637 &rarr; <strong>1656</strong><br />(+19 for winning)
|raw|R. Caroline's rating: 1612 &rarr; <strong>1593</strong><br />(-19 for losing)
|l|☆R. Caroline
|player|p2|
|l|☆superbigmariofan1
|player|p1|
