|j|‽fenrril8201
|j|☆Minoluck
|t:|1743916052
|gametype|singles
|player|p1|fenrril8201|169|1189
|player|p2|Minoluck|gentleman-gen4|1228
|teamsize|p1|6
|teamsize|p2|6
|gen|9
|tier|[Gen 9] OU
|rated|
|rule|HP Percentage Mod: HP is shown in percentages
|rule|Endless Battle Clause: Forcing endless battles is banned
|rule|Species Clause: Limit one of each Pokémon
|rule|OHKO Clause: OHKO moves are banned
|rule|Evasion Items Clause: Evasion items are banned
|rule|Evasion Moves Clause: Evasion moves are banned
|rule|Sleep Moves Clause: Sleep-inducing moves are banned
|clearpoke
|poke|p1|Gliscor, F|
|poke|p1|Clefable, F|
|poke|p1|Iron Treads|
|poke|p1|Meowscarada, M|
|poke|p1|Greninja-*, M|
|poke|p1|Dragapult, M|
|poke|p2|Jirachi|
|poke|p2|Lokix, M|
|poke|p2|Mimikyu, M|
|poke|p2|Gyarados, F|
|poke|p2|Cinderace, F|
|poke|p2|Ting-Lu|
|teampreview
|inactive|Battle timer is ON: inactive players will automatically lose when time's up. (requested by fenrril8201)
|
|t:|1743916065
|start
|switch|p1a: Gliscor|Gliscor, F, shiny|100/100
|switch|p2a: Jirachi|Jirachi|100/100
|turn|1
|
|t:|1743916069
|move|p1a: Gliscor|Protect|p1a: Gliscor
|-singleturn|p1a: Gliscor|Protect
|move|p2a: Jirachi|Doom Desire|p1a: Gliscor
|-start|p2a: Jirachi|Doom Desire
|
|-status|p1a: Gliscor|tox|[from] item: Toxic Orb
|upkeep
|turn|2
|
|t:|1743916084
|switch|p2a: Gyarados|Gyarados, F|100/100
|-ability|p2a: Gyarados|Intimidate|boost
|-unboost|p1a: Gliscor|atk|1
|move|p1a: Gliscor|Earthquake|p2a: Gyarados
|-immune|p2a: Gyarados
|
|upkeep
|turn|3
|
|t:|1743916090
|-terastallize|p1a: Gliscor|Water
|move|p2a: Gyarados|Dragon Dance|p2a: Gyarados
|-boost|p2a: Gyarados|atk|1
|-boost|p2a: Gyarados|spe|1
|move|p1a: Gliscor|Toxic|p2a: Gyarados
|-status|p2a: Gyarados|tox
|
|-end|p1a: Gliscor|move: Doom Desire
|-resisted|p1a: Gliscor
|-damage|p1a: Gliscor|64/100 tox
|-damage|p2a: Gyarados|94/100 tox|[from] psn
|-heal|p1a: Gliscor|76/100 tox|[from] ability: Poison Heal
|upkeep
|turn|4
|
|t:|1743916100
|move|p2a: Gyarados|Dragon Dance|p2a: Gyarados
|-boost|p2a: Gyarados|atk|1
|-boost|p2a: Gyarados|spe|1
|move|p1a: Gliscor|Substitute|p1a: Gliscor
|-start|p1a: Gliscor|Substitute
|-damage|p1a: Gliscor|51/100 tox
|
|-heal|p2a: Gyarados|100/100 tox|[from] item: Leftovers
|-damage|p2a: Gyarados|88/100 tox|[from] psn
|-heal|p1a: Gliscor|64/100 tox|[from] ability: Poison Heal
|upkeep
|turn|5
|
|t:|1743916106
|move|p1a: Gliscor|Protect|p1a: Gliscor
|-singleturn|p1a: Gliscor|Protect
|move|p2a: Gyarados|Waterfall|p1a: Gliscor
|-activate|p1a: Gliscor|move: Protect
|
|-heal|p2a: Gyarados|94/100 tox|[from] item: Leftovers
|-damage|p2a: Gyarados|76/100 tox|[from] psn
|-heal|p1a: Gliscor|76/100 tox|[from] ability: Poison Heal
|upkeep
|turn|6
|
|t:|1743916115
|move|p2a: Gyarados|Waterfall|p1a: Gliscor
|-resisted|p1a: Gliscor
|-end|p1a: Gliscor|Substitute
|move|p1a: Gliscor|Substitute|p1a: Gliscor
|-start|p1a: Gliscor|Substitute
|-damage|p1a: Gliscor|51/100 tox
|
|-heal|p2a: Gyarados|82/100 tox|[from] item: Leftovers
|-damage|p2a: Gyarados|58/100 tox|[from] psn
|-heal|p1a: Gliscor|64/100 tox|[from] ability: Poison Heal
|upkeep
|turn|7
|
|t:|1743916122
|move|p1a: Gliscor|Protect|p1a: Gliscor
|-singleturn|p1a: Gliscor|Protect
|move|p2a: Gyarados|Waterfall|p1a: Gliscor
|-activate|p1a: Gliscor|move: Protect
|
|-heal|p2a: Gyarados|64/100 tox|[from] item: Leftovers
|-damage|p2a: Gyarados|34/100 tox|[from] psn
|-heal|p1a: Gliscor|76/100 tox|[from] ability: Poison Heal
|upkeep
|turn|8
|
|t:|1743916130
|move|p2a: Gyarados|Waterfall|p1a: Gliscor
|-resisted|p1a: Gliscor
|-end|p1a: Gliscor|Substitute
|move|p1a: Gliscor|Substitute|p1a: Gliscor
|-start|p1a: Gliscor|Substitute
|-damage|p1a: Gliscor|51/100 tox
|
|-heal|p2a: Gyarados|40/100 tox|[from] item: Leftovers
|-damage|p2a: Gyarados|4/100 tox|[from] psn
|-heal|p1a: Gliscor|64/100 tox|[from] ability: Poison Heal
|upkeep
|turn|9
|
|t:|1743916136
|move|p1a: Gliscor|Protect|p1a: Gliscor
|-singleturn|p1a: Gliscor|Protect
|move|p2a: Gyarados|Waterfall|p1a: Gliscor
|-activate|p1a: Gliscor|move: Protect
|
|-heal|p2a: Gyarados|10/100 tox|[from] item: Leftovers
|-damage|p2a: Gyarados|0 fnt|[from] psn
|faint|p2a: Gyarados
|-heal|p1a: Gliscor|76/100 tox|[from] ability: Poison Heal
|upkeep
|
|t:|1743916138
|switch|p2a: Ting-Lu|Ting-Lu|100/100
|-ability|p2a: Ting-Lu|Vessel of Ruin
|turn|10
|
|t:|1743916146
|move|p1a: Gliscor|Toxic|p2a: Ting-Lu
|-status|p2a: Ting-Lu|tox
|move|p2a: Ting-Lu|Stealth Rock|p1a: Gliscor
|-sidestart|p1: fenrril8201|move: Stealth Rock
|
|-heal|p1a: Gliscor|89/100 tox|[from] ability: Poison Heal
|-damage|p2a: Ting-Lu|94/100 tox|[from] psn
|upkeep
|turn|11
|
|t:|1743916153
|move|p1a: Gliscor|Protect|p1a: Gliscor
|-singleturn|p1a: Gliscor|Protect
|move|p2a: Ting-Lu|Whirlwind|p1a: Gliscor
|drag|p1a: Clefable|Clefable, F, shiny|100/100
|-damage|p1a: Clefable|88/100|[from] Stealth Rock
|
|-heal|p1a: Clefable|94/100|[from] item: Leftovers
|-heal|p2a: Ting-Lu|100/100 tox|[from] item: Leftovers
|-damage|p2a: Ting-Lu|88/100 tox|[from] psn
|upkeep
|turn|12
|
|t:|1743916162
|switch|p2a: Jirachi|Jirachi|100/100
|move|p1a: Clefable|Moonblast|p2a: Jirachi
|-resisted|p2a: Jirachi
|-damage|p2a: Jirachi|84/100
|
|-heal|p1a: Clefable|100/100|[from] item: Leftovers
|upkeep
|turn|13
|
|t:|1743916171
|move|p2a: Jirachi|Doom Desire|p1a: Clefable
|-start|p2a: Jirachi|Doom Desire
|move|p1a: Clefable|Fire Blast|p2a: Jirachi
|-supereffective|p2a: Jirachi
|-damage|p2a: Jirachi|38/100
|
|upkeep
|turn|14
|
|t:|1743916181
|switch|p1a: Gliscor|Gliscor, F, shiny, tera:Water|89/100 tox
|-damage|p1a: Gliscor|76/100 tox|[from] Stealth Rock
|move|p2a: Jirachi|Flash Cannon|p1a: Gliscor
|-resisted|p1a: Gliscor
|-damage|p1a: Gliscor|50/100 tox
|
|-heal|p1a: Gliscor|62/100 tox|[from] ability: Poison Heal
|upkeep
|turn|15
|
|t:|1743916189
|move|p1a: Gliscor|Protect|p1a: Gliscor
|-singleturn|p1a: Gliscor|Protect
|move|p2a: Jirachi|Thunder|p1a: Gliscor
|-activate|p1a: Gliscor|move: Protect
|
|-end|p1a: Gliscor|move: Doom Desire
|-resisted|p1a: Gliscor
|-damage|p1a: Gliscor|15/100 tox
|-heal|p1a: Gliscor|27/100 tox|[from] ability: Poison Heal
|upkeep
|turn|16
|
|t:|1743916198
|switch|p1a: Iron Treads|Iron Treads|100/100
|-damage|p1a: Iron Treads|97/100|[from] Stealth Rock
|move|p2a: Jirachi|Thunder|p1a: Iron Treads
|-immune|p1a: Iron Treads
|
|upkeep
|turn|17
|
|t:|1743916207
|switch|p2a: Mimikyu|Mimikyu, M|100/100
|move|p1a: Iron Treads|Rapid Spin|p2a: Mimikyu
|-immune|p2a: Mimikyu
|
|upkeep
|turn|18
|
|t:|1743916217
|move|p1a: Iron Treads|Iron Head|p2a: Mimikyu
|-activate|p2a: Mimikyu|ability: Disguise
|-damage|p2a: Mimikyu|100/100
|detailschange|p2a: Mimikyu|Mimikyu-Busted, M
|-damage|p2a: Mimikyu|88/100|[from] pokemon: Mimikyu-Busted
|-damage|p1a: Iron Treads|87/100|[from] item: Life Orb
|move|p2a: Mimikyu|Swords Dance|p2a: Mimikyu
|-boost|p2a: Mimikyu|atk|2
|
|upkeep
|turn|19
|inactive|fenrril8201 has 120 seconds left.
|
|t:|1743916254
|-terastallize|p2a: Mimikyu|Fighting
|move|p1a: Iron Treads|Iron Head|p2a: Mimikyu
|-damage|p2a: Mimikyu|13/100
|-damage|p1a: Iron Treads|78/100|[from] item: Life Orb
|move|p2a: Mimikyu|Drain Punch|p1a: Iron Treads
|-supereffective|p1a: Iron Treads
|-damage|p1a: Iron Treads|0 fnt
|-heal|p2a: Mimikyu|63/100|[from] drain|[of] p1a: Iron Treads
|faint|p1a: Iron Treads
|-end|p1a: Iron Treads|Quark Drive|[silent]
|-damage|p2a: Mimikyu|53/100|[from] item: Life Orb
|
|upkeep
|
|t:|1743916261
|switch|p1a: Clefable|Clefable, F, shiny|100/100
|-damage|p1a: Clefable|88/100|[from] Stealth Rock
|turn|20
|
|t:|1743916264
|move|p2a: Mimikyu|Play Rough|p1a: Clefable
|-damage|p1a: Clefable|39/100
|-damage|p2a: Mimikyu|43/100|[from] item: Life Orb
|move|p1a: Clefable|Wish|p1a: Clefable
|
|-heal|p1a: Clefable|45/100|[from] item: Leftovers
|upkeep
|turn|21
|
|t:|1743916273
|move|p2a: Mimikyu|Play Rough|p1a: Clefable
|-damage|p1a: Clefable|0 fnt
|faint|p1a: Clefable
|-damage|p2a: Mimikyu|33/100|[from] item: Life Orb
|
|upkeep
|
|t:|1743916281
|switch|p1a: Greninja|Greninja, M|100/100
|-damage|p1a: Greninja|88/100|[from] Stealth Rock
|turn|22
|
|t:|1743916291
|move|p2a: Mimikyu|Shadow Sneak|p1a: Greninja
|-resisted|p1a: Greninja
|-damage|p1a: Greninja|53/100
|-damage|p2a: Mimikyu|23/100|[from] item: Life Orb
|move|p1a: Greninja|Hydro Pump|p2a: Mimikyu
|-start|p1a: Greninja|typechange|Water|[from] ability: Protean
|-damage|p2a: Mimikyu|0 fnt
|faint|p2a: Mimikyu
|
|upkeep
|
|t:|1743916297
|switch|p2a: Lokix|Lokix, M|100/100
|turn|23
|
|t:|1743916306
|switch|p1a: Dragapult|Dragapult, M|100/100
|-damage|p1a: Dragapult|88/100|[from] Stealth Rock
|move|p2a: Lokix|First Impression|p1a: Dragapult
|-resisted|p1a: Dragapult
|-damage|p1a: Dragapult|22/100
|-damage|p2a: Lokix|91/100|[from] item: Life Orb
|
|upkeep
|turn|24
|
|t:|1743916313
|move|p1a: Dragapult|Fire Blast|p2a: Lokix
|-supereffective|p2a: Lokix
|-crit|p2a: Lokix
|-damage|p2a: Lokix|0 fnt
|faint|p2a: Lokix
|
|upkeep
|
|t:|1743916319
|switch|p2a: Cinderace|Cinderace, F|100/100
|turn|25
|
|t:|1743916322
|move|p1a: Dragapult|Fire Blast|p2a: Cinderace
|-resisted|p2a: Cinderace
|-damage|p2a: Cinderace|69/100
|move|p2a: Cinderace|Pyro Ball|p1a: Dragapult
|-resisted|p1a: Dragapult
|-damage|p1a: Dragapult|0 fnt
|faint|p1a: Dragapult
|
|upkeep
|
|t:|1743916330
|switch|p1a: Greninja|Greninja, M|53/100
|-damage|p1a: Greninja|41/100|[from] Stealth Rock
|turn|26
|
|t:|1743916337
|move|p1a: Greninja|Hydro Pump|p2a: Cinderace
|-start|p1a: Greninja|typechange|Water|[from] ability: Protean
|-supereffective|p2a: Cinderace
|-damage|p2a: Cinderace|0 fnt
|faint|p2a: Cinderace
|
|upkeep
|
|t:|1743916340
|switch|p2a: Ting-Lu|Ting-Lu|88/100 tox
|-ability|p2a: Ting-Lu|Vessel of Ruin
|turn|27
|
|t:|1743916344
|move|p1a: Greninja|Hydro Pump|p2a: Ting-Lu
|-supereffective|p2a: Ting-Lu
|-damage|p2a: Ting-Lu|0 fnt
|faint|p2a: Ting-Lu
|
|upkeep
|
|t:|1743916347
|switch|p2a: Jirachi|Jirachi|38/100
|turn|28
|
|t:|1743916349
|move|p1a: Greninja|Hydro Pump|p2a: Jirachi
|-damage|p2a: Jirachi|0 fnt
|faint|p2a: Jirachi
|
|win|fenrril8201
|raw|fenrril8201's rating: 1189 &rarr; <strong>1217</strong><br />(+28 for winning)
|raw|Minoluck's rating: 1228 &rarr; <strong>1200</strong><br />(-28 for losing)
|l|‽fenrril8201
|player|p1|
|l|☆Minoluck
|player|p2|
