|j|☆Amaburakosagi
|j|☆SubDivine
|t:|1743912302
|gametype|singles
|player|p1|Amaburakosagi|swimmerf-gen4dp|1061
|player|p2|SubDivine|chase|1090
|teamsize|p1|6
|teamsize|p2|6
|gen|9
|tier|[Gen 9] OU
|rated|
|rule|HP Percentage Mod: HP is shown in percentages
|rule|Endless Battle Clause: Forcing endless battles is banned
|rule|Species Clause: Limit one of each Pokémon
|rule|OHKO Clause: OHKO moves are banned
|rule|Evasion Items Clause: Evasion items are banned
|rule|Evasion Moves Clause: Evasion moves are banned
|rule|Sleep Moves Clause: Sleep-inducing moves are banned
|clearpoke
|poke|p1|Floatzel, M|
|poke|p1|Golurk|
|poke|p1|Armarouge, F|
|poke|p1|Zangoose, M|
|poke|p1|Rillaboom, F|
|poke|p1|Entei|
|poke|p2|Tauros, M|
|poke|p2|Torterra, F|
|poke|p2|Talonflame, M|
|poke|p2|Weavile, F|
|poke|p2|Hoopa-Unbound|
|poke|p2|Garganacl, F|
|teampreview
|inactive|Battle timer is ON: inactive players will automatically lose when time's up. (requested by SubDivine)
|
|t:|1743912320
|start
|switch|p1a: Rillaboom|Rillaboom, F|100/100
|switch|p2a: Weavile|Weavile, F|100/100
|-ability|p2a: Weavile|Pressure
|-fieldstart|move: Grassy Terrain|[from] ability: Grassy Surge|[of] p1a: Rillaboom
|turn|1
|
|t:|1743912331
|move|p2a: Weavile|Ice Spinner|p1a: Rillaboom
|-supereffective|p1a: Rillaboom
|-damage|p1a: Rillaboom|0 fnt
|-fieldend|move: Grassy Terrain
|faint|p1a: Rillaboom
|
|upkeep
|
|t:|1743912342
|switch|p1a: Golurk|Golurk|100/100
|turn|2
|
|t:|1743912349
|move|p2a: Weavile|Ice Spinner|p1a: Golurk
|-supereffective|p1a: Golurk
|-damage|p1a: Golurk|0 fnt
|faint|p1a: Golurk
|
|upkeep
|
|t:|1743912367
|switch|p1a: Entei|Entei|100/100
|-ability|p1a: Entei|Pressure
|turn|3
|inactive|SubDivine has 120 seconds left.
|
|t:|1743912405
|switch|p2a: Garganacl|Garganacl, F, shiny|100/100
|move|p1a: Entei|Flare Blitz|p2a: Garganacl
|-resisted|p2a: Garganacl
|-damage|p2a: Garganacl|72/100
|-damage|p1a: Entei|90/100|[from] Recoil
|
|-heal|p2a: Garganacl|78/100|[from] item: Leftovers
|upkeep
|turn|4
|
|t:|1743912416
|switch|p1a: Floatzel|Floatzel, M|100/100
|move|p2a: Garganacl|Salt Cure|p1a: Floatzel
|-damage|p1a: Floatzel|78/100
|-start|p1a: Floatzel|Salt Cure
|
|-heal|p1a: Floatzel|84/100|[from] item: Leftovers
|-heal|p2a: Garganacl|85/100|[from] item: Leftovers
|-damage|p1a: Floatzel|59/100|[from] Salt Cure
|upkeep
|turn|5
|
|t:|1743912433
|move|p1a: Floatzel|Wave Crash|p2a: Garganacl
|-supereffective|p2a: Garganacl
|-damage|p2a: Garganacl|13/100
|-damage|p1a: Floatzel|30/100|[from] Recoil
|move|p2a: Garganacl|Recover|p2a: Garganacl
|-heal|p2a: Garganacl|63/100
|
|-heal|p1a: Floatzel|36/100|[from] item: Leftovers
|-heal|p2a: Garganacl|70/100|[from] item: Leftovers
|-damage|p1a: Floatzel|12/100|[from] Salt Cure
|upkeep
|turn|6
|
|t:|1743912446
|move|p1a: Floatzel|Wave Crash|p2a: Garganacl
|-supereffective|p2a: Garganacl
|-damage|p2a: Garganacl|2/100
|-damage|p1a: Floatzel|0 fnt|[from] Recoil
|faint|p1a: Floatzel
|move|p2a: Garganacl|Recover|p2a: Garganacl
|-heal|p2a: Garganacl|52/100
|
|-heal|p2a: Garganacl|58/100|[from] item: Leftovers
|upkeep
|
|t:|1743912454
|switch|p1a: Armarouge|Armarouge, F|100/100
|turn|7
|
|t:|1743912465
|move|p1a: Armarouge|Focus Blast|p2a: Garganacl
|-supereffective|p2a: Garganacl
|-damage|p2a: Garganacl|0 fnt
|faint|p2a: Garganacl
|
|upkeep
|
|t:|1743912470
|switch|p2a: Weavile|Weavile, F|100/100
|-ability|p2a: Weavile|Pressure
|turn|8
|
|t:|1743912475
|move|p2a: Weavile|Knock Off|p1a: Armarouge
|-supereffective|p1a: Armarouge
|-damage|p1a: Armarouge|0 fnt
|-enditem|p1a: Armarouge|Heavy-Duty Boots|[from] move: Knock Off|[of] p2a: Weavile
|faint|p1a: Armarouge
|
|upkeep
|
|t:|1743912486
|switch|p1a: Entei|Entei|90/100
|-ability|p1a: Entei|Pressure
|turn|9
|
|t:|1743912491
|move|p2a: Weavile|Knock Off|p1a: Entei
|-damage|p1a: Entei|18/100
|-enditem|p1a: Entei|Choice Band|[from] move: Knock Off|[of] p2a: Weavile
|move|p1a: Entei|Flare Blitz|p2a: Weavile
|-supereffective|p2a: Weavile
|-damage|p2a: Weavile|0 fnt
|faint|p2a: Weavile
|-damage|p1a: Entei|0 fnt|[from] Recoil
|faint|p1a: Entei
|
|upkeep
|
|t:|1743912499
|switch|p2a: Tauros|Tauros, M|100/100
|switch|p1a: Zangoose|Zangoose, M|100/100
|turn|10
|
|t:|1743912504
|move|p2a: Tauros|Close Combat|p1a: Zangoose
|-supereffective|p1a: Zangoose
|-damage|p1a: Zangoose|0 fnt
|-unboost|p2a: Tauros|def|1
|-unboost|p2a: Tauros|spd|1
|faint|p1a: Zangoose
|-damage|p2a: Tauros|91/100|[from] item: Life Orb
|
|win|SubDivine
|raw|Amaburakosagi's rating: 1061 &rarr; <strong>1043</strong><br />(-18 for losing)
|raw|SubDivine's rating: 1090 &rarr; <strong>1114</strong><br />(+24 for winning)
|l|☆SubDivine
|player|p2|
|l|☆Amaburakosagi
|player|p1|
