|j|☆SmolTuna
|j|☆foobarbazqux
|t:|1743784218
|gametype|singles
|player|p1|SmolTuna|pokefanf-gen2|1660
|player|p2|foobarbazqux|1|1692
|teamsize|p1|6
|teamsize|p2|6
|gen|9
|tier|[Gen 9] OU
|rated|
|rule|HP Percentage Mod: HP is shown in percentages
|rule|Endless Battle Clause: Forcing endless battles is banned
|rule|Species Clause: Limit one of each Pokémon
|rule|OHKO Clause: OHKO moves are banned
|rule|Evasion Items Clause: Evasion items are banned
|rule|Evasion Moves Clause: Evasion moves are banned
|rule|Sleep Moves Clause: Sleep-inducing moves are banned
|clearpoke
|poke|p1|Gliscor, F|
|poke|p1|Ursaluna, F|
|poke|p1|Dragapult, M|
|poke|p1|Slowking-Galar, M|
|poke|p1|Meowscarada, F|
|poke|p1|Skarmory, M|
|poke|p2|Araquanid, F|
|poke|p2|Cinderace, F|
|poke|p2|Kingambit, M|
|poke|p2|Serperior, M|
|poke|p2|Gliscor, M|
|poke|p2|Milotic, F|
|teampreview
|j| L J Mann
|j| joshizback
|inactive|Battle timer is ON: inactive players will automatically lose when time's up. (requested by SmolTuna)
|
|t:|1743784255
|start
|switch|p1a: Skarmory|Skarmory, M|100/100
|switch|p2a: Araquanid|Araquanid, F|100/100
|turn|1
|
|t:|1743784259
|move|p1a: Skarmory|Brave Bird|p2a: Araquanid
|-supereffective|p2a: Araquanid
|-damage|p2a: Araquanid|20/100
|-damage|p1a: Skarmory|73/100|[from] Recoil
|move|p2a: Araquanid|Sticky Web|p1a: Skarmory
|-sidestart|p1: SmolTuna|move: Sticky Web
|
|upkeep
|turn|2
|
|t:|1743784274
|switch|p1a: Meowscarada|Meowscarada, F|100/100
|switch|p2a: Serperior|Serperior, M|100/100
|
|upkeep
|turn|3
|l| L J Mann
|
|t:|1743784282
|switch|p2a: Araquanid|Araquanid, F|20/100
|move|p1a: Meowscarada|Triple Axel|p2a: Araquanid
|-start|p1a: Meowscarada|typechange|Ice|[from] ability: Protean
|-resisted|p2a: Araquanid
|-damage|p2a: Araquanid|15/100
|-resisted|p2a: Araquanid
|-damage|p2a: Araquanid|6/100
|-resisted|p2a: Araquanid
|-damage|p2a: Araquanid|0 fnt
|faint|p2a: Araquanid
|-hitcount|p2: Araquanid|3
|
|upkeep
|
|t:|1743784284
|switch|p2a: Cinderace|Cinderace, F|100/100
|turn|4
|
|t:|1743784288
|move|p1a: Meowscarada|U-turn|p2a: Cinderace
|-resisted|p2a: Cinderace
|-crit|p2a: Cinderace
|-damage|p2a: Cinderace|82/100
|
|t:|1743784294
|switch|p1a: Slowking|Slowking-Galar, M, shiny|100/100|[from] U-turn
|move|p2a: Cinderace|Court Change|p2a: Cinderace
|-swapsideconditions
|-activate|p2a: Cinderace|move: Court Change
|
|upkeep
|turn|5
|
|t:|1743784297
|move|p2a: Cinderace|U-turn|p1a: Slowking
|-damage|p1a: Slowking|80/100
|
|t:|1743784299
|switch|p2a: Gliscor|Gliscor, M|100/100|[from] U-turn
|-prepare|p1a: Slowking|Chilly Reception|[premajor]
|move|p1a: Slowking|Chilly Reception|p1a: Slowking
|-weather|Snowscape
|
|t:|1743784305
|switch|p1a: Meowscarada|Meowscarada, F|100/100|[from] Chilly Reception
|
|-weather|Snowscape|[upkeep]
|-status|p2a: Gliscor|tox|[from] item: Toxic Orb
|upkeep
|turn|6
|
|t:|1743784310
|move|p2a: Gliscor|Protect|p2a: Gliscor
|-singleturn|p2a: Gliscor|Protect
|move|p1a: Meowscarada|Spikes|p2a: Gliscor
|-start|p1a: Meowscarada|typechange|Ground|[from] ability: Protean
|-sidestart|p2: foobarbazqux|Spikes
|
|-weather|Snowscape|[upkeep]
|upkeep
|turn|7
|
|t:|1743784318
|switch|p2a: Serperior|Serperior, M|100/100
|-activate|p2a: Serperior|move: Sticky Web
|-boost|p2a: Serperior|spe|1
|-damage|p2a: Serperior|88/100|[from] Spikes
|move|p1a: Meowscarada|Spikes|p2a: Serperior
|-sidestart|p2: foobarbazqux|Spikes
|
|-weather|Snowscape|[upkeep]
|upkeep
|turn|8
|
|t:|1743784322
|switch|p1a: Slowking|Slowking-Galar, M, shiny|100/100
|move|p2a: Serperior|Leaf Storm|p1a: Slowking
|-resisted|p1a: Slowking
|-damage|p1a: Slowking|84/100
|-boost|p2a: Serperior|spa|2
|-damage|p2a: Serperior|78/100|[from] item: Life Orb
|
|-weather|Snowscape|[upkeep]
|upkeep
|turn|9
|
|t:|1743784326
|-terastallize|p2a: Serperior|Ground
|move|p2a: Serperior|Leaf Storm|p1a: Slowking
|-resisted|p1a: Slowking
|-damage|p1a: Slowking|47/100
|-boost|p2a: Serperior|spa|2
|-damage|p2a: Serperior|68/100|[from] item: Life Orb
|move|p1a: Slowking|Sludge Bomb|p2a: Serperior
|-resisted|p2a: Serperior
|-damage|p2a: Serperior|50/100
|
|-weather|none
|upkeep
|turn|10
|
|t:|1743784343
|move|p2a: Serperior|Giga Drain|p1a: Slowking
|-resisted|p1a: Slowking
|-damage|p1a: Slowking|14/100
|-heal|p2a: Serperior|72/100|[from] drain|[of] p1a: Slowking
|-damage|p2a: Serperior|62/100|[from] item: Life Orb
|move|p1a: Slowking|Sludge Bomb|p2a: Serperior
|-resisted|p2a: Serperior
|-damage|p2a: Serperior|41/100
|
|upkeep
|turn|11
|
|t:|1743784348
|move|p2a: Serperior|Giga Drain|p1a: Slowking
|-resisted|p1a: Slowking
|-damage|p1a: Slowking|0 fnt
|-heal|p2a: Serperior|50/100|[from] drain|[of] p1a: Slowking
|faint|p1a: Slowking
|-damage|p2a: Serperior|40/100|[from] item: Life Orb
|
|upkeep
|
|t:|1743784351
|switch|p1a: Ursaluna|Ursaluna, F, shiny|100/100
|turn|12
|
|t:|1743784355
|-terastallize|p1a: Ursaluna|Steel
|move|p2a: Serperior|Giga Drain|p1a: Ursaluna
|-resisted|p1a: Ursaluna
|-damage|p1a: Ursaluna|60/100
|-heal|p2a: Serperior|71/100|[from] drain|[of] p1a: Ursaluna
|-damage|p2a: Serperior|61/100|[from] item: Life Orb
|move|p1a: Ursaluna|Headlong Rush|p2a: Serperior
|-damage|p2a: Serperior|0 fnt
|-unboost|p1a: Ursaluna|def|1
|-unboost|p1a: Ursaluna|spd|1
|faint|p2a: Serperior
|
|upkeep
|
|t:|1743784362
|switch|p2a: Gliscor|Gliscor, M|100/100 tox
|turn|13
|
|t:|1743784365
|switch|p1a: Skarmory|Skarmory, M|73/100
|move|p2a: Gliscor|Knock Off|p1a: Skarmory
|-damage|p1a: Skarmory|61/100
|-damage|p2a: Gliscor|84/100 tox|[from] item: Rocky Helmet|[of] p1a: Skarmory
|-enditem|p1a: Skarmory|Rocky Helmet|[from] move: Knock Off|[of] p2a: Gliscor
|
|-heal|p2a: Gliscor|97/100 tox|[from] ability: Poison Heal
|upkeep
|turn|14
|
|t:|1743784368
|move|p2a: Gliscor|Spikes|p1a: Skarmory
|-sidestart|p1: SmolTuna|Spikes
|move|p1a: Skarmory|Stealth Rock|p2a: Gliscor
|-sidestart|p2: foobarbazqux|move: Stealth Rock
|
|-heal|p2a: Gliscor|100/100 tox|[from] ability: Poison Heal
|upkeep
|turn|15
|
|t:|1743784376
|switch|p1a: Meowscarada|Meowscarada, F|100/100
|move|p2a: Gliscor|Spikes|p1a: Meowscarada
|-sidestart|p1: SmolTuna|Spikes
|
|upkeep
|turn|16
|
|t:|1743784381
|move|p2a: Gliscor|Protect|p2a: Gliscor
|-singleturn|p2a: Gliscor|Protect
|move|p1a: Meowscarada|Triple Axel|p2a: Gliscor
|-start|p1a: Meowscarada|typechange|Ice|[from] ability: Protean
|-activate|p2a: Gliscor|move: Protect
|
|upkeep
|turn|17
|
|t:|1743784384
|switch|p2a: Cinderace|Cinderace, F|82/100
|move|p1a: Meowscarada|Spikes|p2a: Cinderace
|-sidestart|p2: foobarbazqux|Spikes
|
|upkeep
|turn|18
|
|t:|1743784388
|switch|p1a: Gliscor|Gliscor, F|100/100
|move|p2a: Cinderace|Will-O-Wisp|p1a: Gliscor
|-status|p1a: Gliscor|brn
|
|-damage|p1a: Gliscor|94/100 brn|[from] brn
|upkeep
|turn|19
|c|☆foobarbazqux|looooool
|
|t:|1743784395
|move|p2a: Cinderace|Pyro Ball|p1a: Gliscor
|-damage|p1a: Gliscor|59/100 brn
|move|p1a: Gliscor|Knock Off|p2a: Cinderace
|-damage|p2a: Cinderace|68/100
|-enditem|p2a: Cinderace|Heavy-Duty Boots|[from] move: Knock Off|[of] p1a: Gliscor
|
|-damage|p1a: Gliscor|53/100 brn|[from] brn
|upkeep
|turn|20
|
|t:|1743784398
|move|p2a: Cinderace|Pyro Ball|p1a: Gliscor
|-damage|p1a: Gliscor|19/100 brn
|move|p1a: Gliscor|Facade|p2a: Cinderace
|-damage|p2a: Cinderace|33/100
|
|-damage|p1a: Gliscor|13/100 brn|[from] brn
|upkeep
|turn|21
|
|t:|1743784401
|move|p2a: Cinderace|Pyro Ball|p1a: Gliscor
|-damage|p1a: Gliscor|0 fnt
|faint|p1a: Gliscor
|
|upkeep
|
|t:|1743784403
|switch|p1a: Dragapult|Dragapult, M|100/100
|turn|22
|
|t:|1743784407
|move|p1a: Dragapult|Hex|p2a: Cinderace
|-damage|p2a: Cinderace|0 fnt
|faint|p2a: Cinderace
|
|upkeep
|
|t:|1743784409
|switch|p2a: Kingambit|Kingambit, M|100/100
|-activate|p2a: Kingambit|move: Sticky Web
|-unboost|p2a: Kingambit|spe|1
|-ability|p2a: Kingambit|Defiant|boost
|-boost|p2a: Kingambit|atk|2
|-damage|p2a: Kingambit|75/100|[from] Spikes
|-damage|p2a: Kingambit|69/100|[from] Stealth Rock
|turn|23
|
|t:|1743784415
|move|p2a: Kingambit|Sucker Punch||[still]
|-fail|p2a: Kingambit
|move|p1a: Dragapult|Will-O-Wisp|p2a: Kingambit
|-status|p2a: Kingambit|brn
|
|-damage|p2a: Kingambit|63/100 brn|[from] brn
|upkeep
|turn|24
|
|t:|1743784420
|switch|p1a: Skarmory|Skarmory, M|61/100
|move|p2a: Kingambit|Kowtow Cleave|p1a: Skarmory
|-damage|p1a: Skarmory|27/100
|
|-damage|p2a: Kingambit|57/100 brn|[from] brn
|upkeep
|turn|25
|
|t:|1743784423
|move|p1a: Skarmory|Roost|p1a: Skarmory
|-heal|p1a: Skarmory|78/100
|-singleturn|p1a: Skarmory|move: Roost
|move|p2a: Kingambit|Low Kick|p1a: Skarmory
|-supereffective|p1a: Skarmory
|-damage|p1a: Skarmory|38/100
|
|-damage|p2a: Kingambit|51/100 brn|[from] brn
|upkeep
|turn|26
|
|t:|1743784427
|switch|p2a: Gliscor|Gliscor, M|100/100 tox
|-damage|p2a: Gliscor|88/100 tox|[from] Stealth Rock
|move|p1a: Skarmory|Roost|p1a: Skarmory
|-heal|p1a: Skarmory|88/100
|-singleturn|p1a: Skarmory|move: Roost
|
|-heal|p2a: Gliscor|100/100 tox|[from] ability: Poison Heal
|upkeep
|turn|27
|
|t:|1743784433
|move|p2a: Gliscor|Spikes|p1a: Skarmory
|-sidestart|p1: SmolTuna|Spikes
|move|p1a: Skarmory|Brave Bird|p2a: Gliscor
|-damage|p2a: Gliscor|71/100 tox
|-damage|p1a: Skarmory|77/100|[from] Recoil
|
|-heal|p2a: Gliscor|83/100 tox|[from] ability: Poison Heal
|upkeep
|turn|28
|j| Tabata tyrogue
|
|t:|1743784438
|move|p2a: Gliscor|Knock Off|p1a: Skarmory
|-damage|p1a: Skarmory|69/100
|move|p1a: Skarmory|Whirlwind|p2a: Gliscor
|drag|p2a: Milotic|Milotic, F|100/100
|-activate|p2a: Milotic|move: Sticky Web
|-unboost|p2a: Milotic|spe|1
|-ability|p2a: Milotic|Competitive|boost
|-boost|p2a: Milotic|spa|2
|-damage|p2a: Milotic|76/100|[from] Spikes
|-damage|p2a: Milotic|63/100|[from] Stealth Rock
|
|-heal|p2a: Milotic|69/100|[from] item: Leftovers
|upkeep
|turn|29
|
|t:|1743784448
|switch|p1a: Ursaluna|Ursaluna, F, shiny, tera:Steel|60/100
|move|p2a: Milotic|Dragon Tail|p1a: Ursaluna
|-resisted|p1a: Ursaluna
|-damage|p1a: Ursaluna|57/100
|drag|p1a: Meowscarada|Meowscarada, F|100/100
|
|-heal|p2a: Milotic|75/100|[from] item: Leftovers
|upkeep
|turn|30
|
|t:|1743784453
|move|p1a: Meowscarada|Knock Off|p2a: Milotic
|-start|p1a: Meowscarada|typechange|Dark|[from] ability: Protean
|-damage|p2a: Milotic|45/100
|-enditem|p2a: Milotic|Leftovers|[from] move: Knock Off|[of] p1a: Meowscarada
|move|p2a: Milotic|Ice Beam|p1a: Meowscarada
|-damage|p1a: Meowscarada|33/100
|-status|p1a: Meowscarada|frz
|
|upkeep
|turn|31
|
|t:|1743784458
|cant|p1a: Meowscarada|frz
|move|p2a: Milotic|Recover|p2a: Milotic
|-heal|p2a: Milotic|95/100
|
|upkeep
|turn|32
|
|t:|1743784461
|cant|p1a: Meowscarada|frz
|move|p2a: Milotic|Dragon Tail|p1a: Meowscarada
|-damage|p1a: Meowscarada|21/100 frz
|drag|p1a: Skarmory|Skarmory, M|69/100
|
|upkeep
|turn|33
|
|t:|1743784465
|move|p1a: Skarmory|Roost|p1a: Skarmory
|-heal|p1a: Skarmory|100/100
|-singleturn|p1a: Skarmory|move: Roost
|move|p2a: Milotic|Hydro Pump|p1a: Skarmory|[miss]
|-miss|p2a: Milotic|p1a: Skarmory
|
|upkeep
|turn|34
|
|t:|1743784469
|switch|p1a: Meowscarada|Meowscarada, F|21/100 frz
|move|p2a: Milotic|Hydro Pump|p1a: Meowscarada|[miss]
|-miss|p2a: Milotic|p1a: Meowscarada
|
|upkeep
|turn|35
|
|t:|1743784472
|cant|p1a: Meowscarada|frz
|move|p2a: Milotic|Ice Beam|p1a: Meowscarada
|-supereffective|p1a: Meowscarada
|-damage|p1a: Meowscarada|0 fnt
|faint|p1a: Meowscarada
|
|upkeep
|
|t:|1743784475
|switch|p1a: Ursaluna|Ursaluna, F, shiny, tera:Steel|57/100
|turn|36
|
|t:|1743784478
|move|p1a: Ursaluna|Headlong Rush|p2a: Milotic
|-damage|p2a: Milotic|48/100
|-unboost|p1a: Ursaluna|def|1
|-unboost|p1a: Ursaluna|spd|1
|move|p2a: Milotic|Hydro Pump|p1a: Ursaluna|[miss]
|-miss|p2a: Milotic|p1a: Ursaluna
|
|upkeep
|turn|37
|
|t:|1743784489
|move|p1a: Ursaluna|Headlong Rush|p2a: Milotic
|-damage|p2a: Milotic|4/100
|-unboost|p1a: Ursaluna|def|1
|-unboost|p1a: Ursaluna|spd|1
|move|p2a: Milotic|Hydro Pump|p1a: Ursaluna
|-damage|p1a: Ursaluna|0 fnt
|faint|p1a: Ursaluna
|
|upkeep
|
|t:|1743784490
|switch|p1a: Dragapult|Dragapult, M|100/100
|turn|38
|
|t:|1743784494
|move|p1a: Dragapult|Hex|p2a: Milotic
|-crit|p2a: Milotic
|-damage|p2a: Milotic|0 fnt
|faint|p2a: Milotic
|
|upkeep
|
|t:|1743784497
|switch|p2a: Gliscor|Gliscor, M|83/100 tox
|-damage|p2a: Gliscor|71/100 tox|[from] Stealth Rock
|turn|39
|
|t:|1743784501
|move|p2a: Gliscor|Protect|p2a: Gliscor
|-singleturn|p2a: Gliscor|Protect
|move|p1a: Dragapult|Hex|p2a: Gliscor
|-activate|p2a: Gliscor|move: Protect
|
|-heal|p2a: Gliscor|83/100 tox|[from] ability: Poison Heal
|upkeep
|turn|40
|
|t:|1743784505
|move|p1a: Dragapult|U-turn|p2a: Gliscor
|-resisted|p2a: Gliscor
|-damage|p2a: Gliscor|76/100 tox
|
|t:|1743784506
|switch|p1a: Skarmory|Skarmory, M|100/100|[from] U-turn
|move|p2a: Gliscor|Knock Off|p1a: Skarmory
|-damage|p1a: Skarmory|91/100
|
|-heal|p2a: Gliscor|89/100 tox|[from] ability: Poison Heal
|upkeep
|turn|41
|
|t:|1743784513
|move|p2a: Gliscor|Knock Off|p1a: Skarmory
|-damage|p1a: Skarmory|83/100
|move|p1a: Skarmory|Whirlwind|p2a: Gliscor
|drag|p2a: Kingambit|Kingambit, M|51/100 brn
|-activate|p2a: Kingambit|move: Sticky Web
|-unboost|p2a: Kingambit|spe|1
|-ability|p2a: Kingambit|Defiant|boost
|-boost|p2a: Kingambit|atk|2
|-damage|p2a: Kingambit|26/100 brn|[from] Spikes
|-damage|p2a: Kingambit|20/100 brn|[from] Stealth Rock
|
|-damage|p2a: Kingambit|13/100 brn|[from] brn
|upkeep
|turn|42
|
|t:|1743784517
|move|p1a: Skarmory|Roost|p1a: Skarmory
|-heal|p1a: Skarmory|100/100
|-singleturn|p1a: Skarmory|move: Roost
|move|p2a: Kingambit|Kowtow Cleave|p1a: Skarmory
|-damage|p1a: Skarmory|65/100
|
|-damage|p2a: Kingambit|7/100 brn|[from] brn
|upkeep
|turn|43
|
|t:|1743784520
|move|p1a: Skarmory|Roost|p1a: Skarmory
|-heal|p1a: Skarmory|100/100
|-singleturn|p1a: Skarmory|move: Roost
|move|p2a: Kingambit|Kowtow Cleave|p1a: Skarmory
|-damage|p1a: Skarmory|65/100
|
|-damage|p2a: Kingambit|1/100 brn|[from] brn
|upkeep
|turn|44
|
|t:|1743784522
|move|p1a: Skarmory|Roost|p1a: Skarmory
|-heal|p1a: Skarmory|100/100
|-singleturn|p1a: Skarmory|move: Roost
|move|p2a: Kingambit|Kowtow Cleave|p1a: Skarmory
|-damage|p1a: Skarmory|62/100
|
|-damage|p2a: Kingambit|0 fnt|[from] brn
|faint|p2a: Kingambit
|upkeep
|
|t:|1743784525
|switch|p2a: Gliscor|Gliscor, M|89/100 tox
|-damage|p2a: Gliscor|76/100 tox|[from] Stealth Rock
|turn|45
|
|t:|1743784527
|move|p2a: Gliscor|Knock Off|p1a: Skarmory
|-damage|p1a: Skarmory|53/100
|move|p1a: Skarmory|Brave Bird|p2a: Gliscor
|-damage|p2a: Gliscor|47/100 tox
|-damage|p1a: Skarmory|43/100|[from] Recoil
|
|-heal|p2a: Gliscor|60/100 tox|[from] ability: Poison Heal
|upkeep
|turn|46
|
|t:|1743784532
|move|p2a: Gliscor|Protect|p2a: Gliscor
|-singleturn|p2a: Gliscor|Protect
|move|p1a: Skarmory|Brave Bird|p2a: Gliscor
|-activate|p2a: Gliscor|move: Protect
|
|-heal|p2a: Gliscor|72/100 tox|[from] ability: Poison Heal
|upkeep
|turn|47
|j| QD KING
|j| TheTyranitard
|
|t:|1743784536
|move|p2a: Gliscor|Knock Off|p1a: Skarmory
|-damage|p1a: Skarmory|34/100
|move|p1a: Skarmory|Brave Bird|p2a: Gliscor
|-damage|p2a: Gliscor|44/100 tox
|-damage|p1a: Skarmory|24/100|[from] Recoil
|
|-heal|p2a: Gliscor|56/100 tox|[from] ability: Poison Heal
|upkeep
|turn|48
|
|t:|1743784541
|move|p2a: Gliscor|Knock Off|p1a: Skarmory
|-damage|p1a: Skarmory|15/100
|move|p1a: Skarmory|Roost|p1a: Skarmory
|-heal|p1a: Skarmory|65/100
|-singleturn|p1a: Skarmory|move: Roost
|
|-heal|p2a: Gliscor|69/100 tox|[from] ability: Poison Heal
|upkeep
|turn|49
|
|t:|1743784544
|move|p2a: Gliscor|Spikes||[still]
|-fail|p2a: Gliscor
|move|p1a: Skarmory|Brave Bird|p2a: Gliscor
|-damage|p2a: Gliscor|43/100 tox
|-damage|p1a: Skarmory|56/100|[from] Recoil
|
|-heal|p2a: Gliscor|55/100 tox|[from] ability: Poison Heal
|upkeep
|turn|50
|
|t:|1743784546
|move|p2a: Gliscor|Spikes||[still]
|-fail|p2a: Gliscor
|move|p1a: Skarmory|Brave Bird|p2a: Gliscor
|-damage|p2a: Gliscor|28/100 tox
|-damage|p1a: Skarmory|46/100|[from] Recoil
|
|-heal|p2a: Gliscor|41/100 tox|[from] ability: Poison Heal
|upkeep
|turn|51
|
|t:|1743784548
|move|p2a: Gliscor|Protect|p2a: Gliscor
|-singleturn|p2a: Gliscor|Protect
|move|p1a: Skarmory|Brave Bird|p2a: Gliscor
|-activate|p2a: Gliscor|move: Protect
|
|-heal|p2a: Gliscor|53/100 tox|[from] ability: Poison Heal
|upkeep
|turn|52
|
|t:|1743784552
|move|p2a: Gliscor|Knock Off|p1a: Skarmory
|-damage|p1a: Skarmory|38/100
|move|p1a: Skarmory|Brave Bird|p2a: Gliscor
|-crit|p2a: Gliscor
|-damage|p2a: Gliscor|14/100 tox
|-damage|p1a: Skarmory|24/100|[from] Recoil
|
|-heal|p2a: Gliscor|26/100 tox|[from] ability: Poison Heal
|upkeep
|turn|53
|
|t:|1743784555
|move|p2a: Gliscor|Protect|p2a: Gliscor
|-singleturn|p2a: Gliscor|Protect
|move|p1a: Skarmory|Roost|p1a: Skarmory
|-heal|p1a: Skarmory|74/100
|-singleturn|p1a: Skarmory|move: Roost
|
|-heal|p2a: Gliscor|39/100 tox|[from] ability: Poison Heal
|upkeep
|turn|54
|
|t:|1743784558
|move|p2a: Gliscor|Protect||[still]
|-fail|p2a: Gliscor
|move|p1a: Skarmory|Brave Bird|p2a: Gliscor
|-damage|p2a: Gliscor|12/100 tox
|-damage|p1a: Skarmory|65/100|[from] Recoil
|
|-heal|p2a: Gliscor|25/100 tox|[from] ability: Poison Heal
|upkeep
|turn|55
|
|t:|1743784560
|move|p2a: Gliscor|Protect|p2a: Gliscor
|-singleturn|p2a: Gliscor|Protect
|move|p1a: Skarmory|Brave Bird|p2a: Gliscor
|-activate|p2a: Gliscor|move: Protect
|
|-heal|p2a: Gliscor|37/100 tox|[from] ability: Poison Heal
|upkeep
|turn|56
|
|t:|1743784565
|move|p2a: Gliscor|Knock Off|p1a: Skarmory
|-damage|p1a: Skarmory|56/100
|move|p1a: Skarmory|Brave Bird|p2a: Gliscor
|-damage|p2a: Gliscor|7/100 tox
|-damage|p1a: Skarmory|45/100|[from] Recoil
|
|-heal|p2a: Gliscor|20/100 tox|[from] ability: Poison Heal
|upkeep
|turn|57
|
|t:|1743784568
|move|p2a: Gliscor|Protect|p2a: Gliscor
|-singleturn|p2a: Gliscor|Protect
|move|p1a: Skarmory|Brave Bird|p2a: Gliscor
|-activate|p2a: Gliscor|move: Protect
|
|-heal|p2a: Gliscor|32/100 tox|[from] ability: Poison Heal
|upkeep
|turn|58
|
|t:|1743784571
|move|p2a: Gliscor|Knock Off|p1a: Skarmory
|-damage|p1a: Skarmory|36/100
|move|p1a: Skarmory|Brave Bird|p2a: Gliscor
|-damage|p2a: Gliscor|4/100 tox
|-damage|p1a: Skarmory|26/100|[from] Recoil
|
|-heal|p2a: Gliscor|16/100 tox|[from] ability: Poison Heal
|upkeep
|turn|59
|
|t:|1743784574
|move|p2a: Gliscor|Protect|p2a: Gliscor
|-singleturn|p2a: Gliscor|Protect
|move|p1a: Skarmory|Brave Bird|p2a: Gliscor
|-activate|p2a: Gliscor|move: Protect
|
|-heal|p2a: Gliscor|29/100 tox|[from] ability: Poison Heal
|upkeep
|turn|60
|
|t:|1743784578
|move|p2a: Gliscor|Knock Off|p1a: Skarmory
|-damage|p1a: Skarmory|18/100
|move|p1a: Skarmory|Brave Bird|p2a: Gliscor
|-damage|p2a: Gliscor|3/100 tox
|-damage|p1a: Skarmory|9/100|[from] Recoil
|
|-heal|p2a: Gliscor|16/100 tox|[from] ability: Poison Heal
|upkeep
|turn|61
|
|t:|1743784582
|move|p2a: Gliscor|Protect|p2a: Gliscor
|-singleturn|p2a: Gliscor|Protect
|move|p1a: Skarmory|Brave Bird|p2a: Gliscor
|-activate|p2a: Gliscor|move: Protect
|
|-heal|p2a: Gliscor|28/100 tox|[from] ability: Poison Heal
|upkeep
|turn|62
|
|t:|1743784590
|move|p2a: Gliscor|Knock Off|p1a: Skarmory
|-damage|p1a: Skarmory|0 fnt
|faint|p1a: Skarmory
|
|-heal|p2a: Gliscor|41/100 tox|[from] ability: Poison Heal
|upkeep
|
|t:|1743784591
|switch|p1a: Dragapult|Dragapult, M|100/100
|turn|63
|c|☆foobarbazqux|why not pp stall me?
|
|t:|1743784596
|move|p2a: Gliscor|Protect|p2a: Gliscor
|-singleturn|p2a: Gliscor|Protect
|move|p1a: Dragapult|Hex|p2a: Gliscor
|-activate|p2a: Gliscor|move: Protect
|
|-heal|p2a: Gliscor|53/100 tox|[from] ability: Poison Heal
|upkeep
|turn|64
|j| Le Bouquetin
|c|☆SmolTuna|out of roosts
|c|☆foobarbazqux|yeah but brave bird was killing you
|c|☆SmolTuna|plus I still win, i think
|
|t:|1743784615
|move|p1a: Dragapult|Hex|p2a: Gliscor
|-damage|p2a: Gliscor|2/100 tox
|move|p2a: Gliscor|Toxic|p1a: Dragapult
|-status|p1a: Dragapult|tox
|
|-damage|p1a: Dragapult|95/100 tox|[from] psn
|-heal|p2a: Gliscor|14/100 tox|[from] ability: Poison Heal
|upkeep
|turn|65
|
|t:|1743784619
|move|p2a: Gliscor|Protect|p2a: Gliscor
|-singleturn|p2a: Gliscor|Protect
|move|p1a: Dragapult|Hex|p2a: Gliscor
|-activate|p2a: Gliscor|move: Protect
|
|-damage|p1a: Dragapult|83/100 tox|[from] psn
|-heal|p2a: Gliscor|27/100 tox|[from] ability: Poison Heal
|upkeep
|turn|66
|c|☆foobarbazqux|yeah
|c|☆foobarbazqux|gg
|
|t:|1743784623
|move|p2a: Gliscor|Protect||[still]
|-fail|p2a: Gliscor
|move|p1a: Dragapult|Hex|p2a: Gliscor
|-damage|p2a: Gliscor|0 fnt
|faint|p2a: Gliscor
|
|win|SmolTuna
|raw|SmolTuna's rating: 1660 &rarr; <strong>1682</strong><br />(+22 for winning)
|raw|foobarbazqux's rating: 1692 &rarr; <strong>1670</strong><br />(-22 for losing)
|c|☆SmolTuna|gg
|l|☆foobarbazqux
|player|p2|
|l| QD KING
|l|☆SmolTuna
|player|p1|
|l| joshizback
|l| TheTyranitard
