|j|☆champ bogar
|j|☆GrittyGamer
|t:|1743884731
|gametype|singles
|player|p1|champ bogar|cynthia-masters3|1538
|player|p2|GrittyGamer|scientist-gen4|1530
|teamsize|p1|6
|teamsize|p2|6
|gen|9
|tier|[Gen 9] OU
|rated|
|rule|HP Percentage Mod: HP is shown in percentages
|rule|Endless Battle Clause: Forcing endless battles is banned
|rule|Species Clause: Limit one of each Pokémon
|rule|OHKO Clause: OHKO moves are banned
|rule|Evasion Items Clause: Evasion items are banned
|rule|Evasion Moves Clause: Evasion moves are banned
|rule|Sleep Moves Clause: Sleep-inducing moves are banned
|clearpoke
|poke|p1|Garchomp, F|
|poke|p1|Darkrai|
|poke|p1|Deoxys-Speed|
|poke|p1|Clodsire, F|
|poke|p1|Corviknight, M|
|poke|p1|Cinderace, F|
|poke|p2|Moltres|
|poke|p2|Gholdengo|
|poke|p2|Slowking-Galar, F|
|poke|p2|Clefable, F|
|poke|p2|Ting-Lu|
|poke|p2|Meowscarada, M|
|teampreview
|inactive|Battle timer is ON: inactive players will automatically lose when time's up. (requested by champ bogar)
|
|t:|1743884748
|start
|switch|p1a: Corviknight|Corviknight, M|100/100
|switch|p2a: Clefable|Clefable, F|100/100
|-ability|p1a: Corviknight|Pressure
|turn|1
|
|t:|1743884757
|move|p2a: Clefable|Stealth Rock|p1a: Corviknight
|-sidestart|p1: champ bogar|move: Stealth Rock
|move|p1a: Corviknight|U-turn|p2a: Clefable
|-resisted|p2a: Clefable
|-damage|p2a: Clefable|95/100
|
|t:|1743884779
|switch|p1a: Clodsire|Clodsire, F|100/100|[from] U-turn
|-damage|p1a: Clodsire|94/100|[from] Stealth Rock
|
|-heal|p2a: Clefable|100/100|[from] item: Leftovers
|-heal|p1a: Clodsire|100/100|[from] item: Leftovers
|upkeep
|turn|2
|
|t:|1743884788
|move|p2a: Clefable|Knock Off|p1a: Clodsire
|-damage|p1a: Clodsire|83/100
|-enditem|p1a: Clodsire|Leftovers|[from] move: Knock Off|[of] p2a: Clefable
|move|p1a: Clodsire|Poison Jab|p2a: Clefable
|-supereffective|p2a: Clefable
|-damage|p2a: Clefable|68/100
|-status|p2a: Clefable|psn
|
|-heal|p2a: Clefable|74/100 psn|[from] item: Leftovers
|upkeep
|turn|3
|
|t:|1743884798
|switch|p2a: Slowking|Slowking-Galar, F|100/100
|move|p1a: Clodsire|Poison Jab|p2a: Slowking
|-resisted|p2a: Slowking
|-damage|p2a: Slowking|90/100
|
|upkeep
|turn|4
|
|t:|1743884806
|move|p1a: Clodsire|Earthquake|p2a: Slowking
|-supereffective|p2a: Slowking
|-damage|p2a: Slowking|29/100
|-prepare|p2a: Slowking|Chilly Reception|[premajor]
|move|p2a: Slowking|Chilly Reception|p2a: Slowking
|-weather|Snowscape
|
|t:|1743884811
|switch|p2a: Meowscarada|Meowscarada, M|100/100|[from] Chilly Reception
|
|-weather|Snowscape|[upkeep]
|upkeep
|turn|5
|
|t:|1743884819
|switch|p1a: Corviknight|Corviknight, M|100/100
|-damage|p1a: Corviknight|88/100|[from] Stealth Rock
|-ability|p1a: Corviknight|Pressure
|move|p2a: Meowscarada|Triple Axel|p1a: Corviknight
|-start|p2a: Meowscarada|typechange|Ice|[from] ability: Protean
|-damage|p1a: Corviknight|83/100
|-damage|p2a: Meowscarada|84/100|[from] item: Rocky Helmet|[of] p1a: Corviknight
|-damage|p1a: Corviknight|72/100
|-damage|p2a: Meowscarada|68/100|[from] item: Rocky Helmet|[of] p1a: Corviknight
|-damage|p1a: Corviknight|54/100
|-damage|p2a: Meowscarada|51/100|[from] item: Rocky Helmet|[of] p1a: Corviknight
|-hitcount|p1a: Corviknight|3
|
|-weather|Snowscape|[upkeep]
|upkeep
|turn|6
|
|t:|1743884834
|switch|p2a: Moltres|Moltres|100/100
|move|p1a: Corviknight|Roost|p1a: Corviknight
|-heal|p1a: Corviknight|100/100
|-singleturn|p1a: Corviknight|move: Roost
|
|-weather|Snowscape|[upkeep]
|upkeep
|turn|7
|
|t:|1743884838
|switch|p1a: Clodsire|Clodsire, F|83/100
|-damage|p1a: Clodsire|77/100|[from] Stealth Rock
|move|p2a: Moltres|Flamethrower|p1a: Clodsire
|-damage|p1a: Clodsire|57/100
|-status|p1a: Clodsire|brn
|
|-weather|Snowscape|[upkeep]
|-damage|p1a: Clodsire|50/100 brn|[from] brn
|upkeep
|turn|8
|
|t:|1743884851
|switch|p2a: Gholdengo|Gholdengo|100/100
|-item|p2a: Gholdengo|Air Balloon
|move|p1a: Clodsire|Recover|p1a: Clodsire
|-heal|p1a: Clodsire|100/100 brn
|
|-weather|none
|-damage|p1a: Clodsire|94/100 brn|[from] brn
|upkeep
|turn|9
|j| Norigon
|
|t:|1743884873
|switch|p1a: Cinderace|Cinderace, F|100/100
|move|p2a: Gholdengo|Hex|p1a: Cinderace
|-damage|p1a: Cinderace|63/100
|
|upkeep
|turn|10
|
|t:|1743884881
|switch|p2a: Moltres|Moltres|100/100
|move|p1a: Cinderace|Court Change|p1a: Cinderace
|-start|p1a: Cinderace|typechange|Normal|[from] ability: Libero
|-swapsideconditions
|-activate|p1a: Cinderace|move: Court Change
|
|upkeep
|turn|11
|
|t:|1743884889
|switch|p1a: Garchomp|Garchomp, F|100/100
|move|p2a: Moltres|Will-O-Wisp|p1a: Garchomp
|-status|p1a: Garchomp|brn
|
|-damage|p1a: Garchomp|94/100 brn|[from] brn
|upkeep
|turn|12
|
|t:|1743884904
|move|p1a: Garchomp|Dragon Tail|p2a: Moltres
|-damage|p2a: Moltres|92/100
|drag|p2a: Meowscarada|Meowscarada, M|51/100
|
|-damage|p1a: Garchomp|88/100 brn|[from] brn
|upkeep
|turn|13
|
|t:|1743884915
|switch|p2a: Moltres|Moltres|92/100
|move|p1a: Garchomp|Dragon Tail|p2a: Moltres
|-damage|p2a: Moltres|82/100
|drag|p2a: Clefable|Clefable, F|74/100 psn
|
|-heal|p2a: Clefable|80/100 psn|[from] item: Leftovers
|-damage|p1a: Garchomp|82/100 brn|[from] brn
|upkeep
|turn|14
|
|t:|1743884925
|switch|p1a: Clodsire|Clodsire, F|94/100 brn
|move|p2a: Clefable|Stealth Rock|p1a: Clodsire
|-sidestart|p1: champ bogar|move: Stealth Rock
|
|-heal|p2a: Clefable|86/100 psn|[from] item: Leftovers
|-damage|p1a: Clodsire|88/100 brn|[from] brn
|upkeep
|turn|15
|
|t:|1743884932
|switch|p2a: Gholdengo|Gholdengo|100/100
|-damage|p2a: Gholdengo|94/100|[from] Stealth Rock
|-item|p2a: Gholdengo|Air Balloon
|switch|p1a: Darkrai|Darkrai|100/100
|-damage|p1a: Darkrai|88/100|[from] Stealth Rock
|
|upkeep
|turn|16
|
|t:|1743884943
|switch|p2a: Ting-Lu|Ting-Lu|100/100
|-damage|p2a: Ting-Lu|94/100|[from] Stealth Rock
|-ability|p2a: Ting-Lu|Vessel of Ruin
|move|p1a: Darkrai|Ice Beam|p2a: Ting-Lu
|-supereffective|p2a: Ting-Lu
|-damage|p2a: Ting-Lu|53/100
|
|-heal|p2a: Ting-Lu|60/100|[from] item: Leftovers
|upkeep
|turn|17
|
|t:|1743884960
|switch|p2a: Slowking|Slowking-Galar, F|62/100
|move|p1a: Darkrai|Ice Beam|p2a: Slowking
|-damage|p2a: Slowking|32/100
|
|upkeep
|turn|18
|
|t:|1743884966
|switch|p2a: Clefable|Clefable, F|86/100 psn
|move|p1a: Darkrai|Ice Beam|p2a: Clefable
|-damage|p2a: Clefable|42/100 psn
|
|-heal|p2a: Clefable|48/100 psn|[from] item: Leftovers
|upkeep
|turn|19
|
|t:|1743884972
|switch|p1a: Clodsire|Clodsire, F|88/100 brn
|-damage|p1a: Clodsire|82/100 brn|[from] Stealth Rock
|move|p2a: Clefable|Moonblast|p1a: Clodsire
|-resisted|p1a: Clodsire
|-damage|p1a: Clodsire|74/100 brn
|-unboost|p1a: Clodsire|spa|1
|
|-heal|p2a: Clefable|54/100 psn|[from] item: Leftovers
|-damage|p1a: Clodsire|68/100 brn|[from] brn
|upkeep
|turn|20
|
|t:|1743884977
|move|p2a: Clefable|Moonlight|p2a: Clefable
|-heal|p2a: Clefable|100/100 psn
|move|p1a: Clodsire|Poison Jab|p2a: Clefable
|-supereffective|p2a: Clefable
|-damage|p2a: Clefable|85/100 psn
|
|-heal|p2a: Clefable|91/100 psn|[from] item: Leftovers
|-damage|p1a: Clodsire|61/100 brn|[from] brn
|upkeep
|turn|21
|
|t:|1743884991
|move|p2a: Clefable|Moonblast|p1a: Clodsire
|-resisted|p1a: Clodsire
|-damage|p1a: Clodsire|53/100 brn
|move|p1a: Clodsire|Recover|p1a: Clodsire
|-heal|p1a: Clodsire|100/100 brn
|
|-heal|p2a: Clefable|97/100 psn|[from] item: Leftovers
|-damage|p1a: Clodsire|94/100 brn|[from] brn
|upkeep
|turn|22
|
|t:|1743885006
|switch|p2a: Gholdengo|Gholdengo|94/100
|-damage|p2a: Gholdengo|88/100|[from] Stealth Rock
|-item|p2a: Gholdengo|Air Balloon
|move|p1a: Clodsire|Poison Jab|p2a: Gholdengo
|-immune|p2a: Gholdengo
|
|-damage|p1a: Clodsire|88/100 brn|[from] brn
|upkeep
|turn|23
|
|t:|1743885016
|switch|p1a: Cinderace|Cinderace, F|63/100
|move|p2a: Gholdengo|Make It Rain|p1a: Cinderace
|-resisted|p1a: Cinderace
|-damage|p1a: Cinderace|26/100
|-unboost|p2a: Gholdengo|spa|1
|
|upkeep
|turn|24
|
|t:|1743885023
|switch|p2a: Moltres|Moltres|82/100
|move|p1a: Cinderace|Pyro Ball|p2a: Moltres
|-resisted|p2a: Moltres
|-damage|p2a: Moltres|60/100
|
|upkeep
|turn|25
|
|t:|1743885027
|move|p1a: Cinderace|Pyro Ball|p2a: Moltres
|-resisted|p2a: Moltres
|-damage|p2a: Moltres|38/100
|move|p2a: Moltres|Roost|p2a: Moltres
|-heal|p2a: Moltres|88/100
|-singleturn|p2a: Moltres|move: Roost
|
|upkeep
|turn|26
|
|t:|1743885032
|switch|p1a: Clodsire|Clodsire, F|88/100 brn
|-damage|p1a: Clodsire|82/100 brn|[from] Stealth Rock
|move|p2a: Moltres|Flamethrower|p1a: Clodsire
|-damage|p1a: Clodsire|60/100 brn
|
|-damage|p1a: Clodsire|54/100 brn|[from] brn
|upkeep
|turn|27
|inactive|GrittyGamer has 120 seconds left.
|
|t:|1743885068
|switch|p2a: Gholdengo|Gholdengo|88/100
|-damage|p2a: Gholdengo|82/100|[from] Stealth Rock
|-item|p2a: Gholdengo|Air Balloon
|move|p1a: Clodsire|Recover|p1a: Clodsire
|-heal|p1a: Clodsire|100/100 brn
|
|-damage|p1a: Clodsire|94/100 brn|[from] brn
|upkeep
|turn|28
|inactive|GrittyGamer has 120 seconds left.
|
|t:|1743885074
|switch|p1a: Garchomp|Garchomp, F|82/100 brn
|-damage|p1a: Garchomp|76/100 brn|[from] Stealth Rock
|move|p2a: Gholdengo|Hex|p1a: Garchomp
|-damage|p1a: Garchomp|25/100 brn
|
|-damage|p1a: Garchomp|19/100 brn|[from] brn
|upkeep
|turn|29
|
|t:|1743885080
|move|p2a: Gholdengo|Hex|p1a: Garchomp
|-damage|p1a: Garchomp|0 fnt
|faint|p1a: Garchomp
|
|upkeep
|
|t:|1743885083
|switch|p1a: Darkrai|Darkrai|88/100
|-damage|p1a: Darkrai|76/100|[from] Stealth Rock
|turn|30
|
|t:|1743885088
|switch|p2a: Clefable|Clefable, F|97/100 psn
|move|p1a: Darkrai|Dark Pulse|p2a: Clefable
|-resisted|p2a: Clefable
|-damage|p2a: Clefable|68/100 psn
|
|-heal|p2a: Clefable|74/100 psn|[from] item: Leftovers
|upkeep
|turn|31
|
|t:|1743885107
|switch|p1a: Clodsire|Clodsire, F|94/100 brn
|-damage|p1a: Clodsire|88/100 brn|[from] Stealth Rock
|move|p2a: Clefable|Moonblast|p1a: Clodsire
|-resisted|p1a: Clodsire
|-damage|p1a: Clodsire|80/100 brn
|-unboost|p1a: Clodsire|spa|1
|
|-heal|p2a: Clefable|80/100 psn|[from] item: Leftovers
|-damage|p1a: Clodsire|74/100 brn|[from] brn
|upkeep
|turn|32
|
|t:|1743885128
|switch|p2a: Gholdengo|Gholdengo|82/100
|-damage|p2a: Gholdengo|76/100|[from] Stealth Rock
|-item|p2a: Gholdengo|Air Balloon
|switch|p1a: Darkrai|Darkrai|76/100
|-damage|p1a: Darkrai|63/100|[from] Stealth Rock
|
|upkeep
|turn|33
|
|t:|1743885139
|switch|p2a: Clefable|Clefable, F|80/100 psn
|move|p1a: Darkrai|Sludge Bomb|p2a: Clefable
|-supereffective|p2a: Clefable
|-damage|p2a: Clefable|0 fnt
|faint|p2a: Clefable
|
|upkeep
|inactive|GrittyGamer has 120 seconds left.
|
|t:|1743885162
|switch|p2a: Moltres|Moltres|88/100
|turn|34
|inactive|GrittyGamer has 120 seconds left.
|
|t:|1743885177
|switch|p1a: Clodsire|Clodsire, F|74/100 brn
|-damage|p1a: Clodsire|68/100 brn|[from] Stealth Rock
|move|p2a: Moltres|Flamethrower|p1a: Clodsire
|-damage|p1a: Clodsire|48/100 brn
|
|-damage|p1a: Clodsire|42/100 brn|[from] brn
|upkeep
|turn|35
|
|t:|1743885186
|switch|p2a: Ting-Lu|Ting-Lu|60/100
|-damage|p2a: Ting-Lu|53/100|[from] Stealth Rock
|-ability|p2a: Ting-Lu|Vessel of Ruin
|move|p1a: Clodsire|Recover|p1a: Clodsire
|-heal|p1a: Clodsire|92/100 brn
|
|-heal|p2a: Ting-Lu|60/100|[from] item: Leftovers
|-damage|p1a: Clodsire|86/100 brn|[from] brn
|upkeep
|turn|36
|
|t:|1743885189
|move|p2a: Ting-Lu|Spikes|p1a: Clodsire
|-sidestart|p1: champ bogar|Spikes
|move|p1a: Clodsire|Toxic|p2a: Ting-Lu
|-status|p2a: Ting-Lu|tox
|
|-heal|p2a: Ting-Lu|66/100 tox|[from] item: Leftovers
|-damage|p2a: Ting-Lu|60/100 tox|[from] psn
|-damage|p1a: Clodsire|80/100 brn|[from] brn
|upkeep
|turn|37
|
|t:|1743885200
|switch|p1a: Corviknight|Corviknight, M|100/100
|-damage|p1a: Corviknight|88/100|[from] Stealth Rock
|-ability|p1a: Corviknight|Pressure
|move|p2a: Ting-Lu|Earthquake|p1a: Corviknight
|-immune|p1a: Corviknight
|
|-heal|p2a: Ting-Lu|66/100 tox|[from] item: Leftovers
|-damage|p2a: Ting-Lu|53/100 tox|[from] psn
|upkeep
|turn|38
|
|t:|1743885204
|switch|p2a: Gholdengo|Gholdengo|76/100
|-damage|p2a: Gholdengo|70/100|[from] Stealth Rock
|-item|p2a: Gholdengo|Air Balloon
|move|p1a: Corviknight|U-turn|p2a: Gholdengo
|-resisted|p2a: Gholdengo
|-damage|p2a: Gholdengo|68/100
|-enditem|p2a: Gholdengo|Air Balloon
|
|t:|1743885206
|switch|p1a: Cinderace|Cinderace, F|26/100|[from] U-turn
|
|upkeep
|turn|39
|
|t:|1743885210
|switch|p2a: Moltres|Moltres|88/100
|move|p1a: Cinderace|Pyro Ball|p2a: Moltres
|-resisted|p2a: Moltres
|-damage|p2a: Moltres|67/100
|
|upkeep
|turn|40
|
|t:|1743885215
|switch|p1a: Clodsire|Clodsire, F|80/100 brn
|-damage|p1a: Clodsire|73/100 brn|[from] Stealth Rock
|-damage|p1a: Clodsire|61/100 brn|[from] Spikes
|move|p2a: Moltres|Flamethrower|p1a: Clodsire
|-damage|p1a: Clodsire|41/100 brn
|
|-damage|p1a: Clodsire|34/100 brn|[from] brn
|upkeep
|turn|41
|
|t:|1743885222
|switch|p2a: Slowking|Slowking-Galar, F|65/100
|move|p1a: Clodsire|Recover|p1a: Clodsire
|-heal|p1a: Clodsire|84/100 brn
|
|-damage|p1a: Clodsire|78/100 brn|[from] brn
|upkeep
|turn|42
|
|t:|1743885227
|move|p1a: Clodsire|Earthquake|p2a: Slowking
|-supereffective|p2a: Slowking
|-damage|p2a: Slowking|38/100
|move|p2a: Slowking|Psychic Noise|p1a: Clodsire
|-supereffective|p1a: Clodsire
|-damage|p1a: Clodsire|48/100 brn
|-start|p1a: Clodsire|move: Heal Block
|
|-damage|p1a: Clodsire|42/100 brn|[from] brn
|upkeep
|turn|43
|
|t:|1743885237
|switch|p1a: Darkrai|Darkrai|63/100
|-damage|p1a: Darkrai|51/100|[from] Stealth Rock
|-damage|p1a: Darkrai|38/100|[from] Spikes
|-prepare|p2a: Slowking|Chilly Reception|[premajor]
|move|p2a: Slowking|Chilly Reception|p2a: Slowking
|-weather|Snowscape
|
|t:|1743885243
|switch|p2a: Ting-Lu|Ting-Lu|53/100 tox|[from] Chilly Reception
|-damage|p2a: Ting-Lu|47/100 tox|[from] Stealth Rock
|-ability|p2a: Ting-Lu|Vessel of Ruin
|
|-weather|Snowscape|[upkeep]
|-heal|p2a: Ting-Lu|53/100 tox|[from] item: Leftovers
|-damage|p2a: Ting-Lu|47/100 tox|[from] psn
|upkeep
|turn|44
|
|t:|1743885253
|switch|p1a: Corviknight|Corviknight, M|88/100
|-damage|p1a: Corviknight|76/100|[from] Stealth Rock
|-ability|p1a: Corviknight|Pressure
|move|p2a: Ting-Lu|Whirlwind|p1a: Corviknight
|drag|p1a: Deoxys|Deoxys-Speed, shiny|100/100
|-damage|p1a: Deoxys|88/100|[from] Stealth Rock
|-damage|p1a: Deoxys|76/100|[from] Spikes
|-ability|p1a: Deoxys|Pressure
|
|-weather|Snowscape|[upkeep]
|-heal|p2a: Ting-Lu|53/100 tox|[from] item: Leftovers
|-damage|p2a: Ting-Lu|41/100 tox|[from] psn
|upkeep
|turn|45
|
|t:|1743885266
|switch|p2a: Gholdengo|Gholdengo|68/100
|-damage|p2a: Gholdengo|62/100|[from] Stealth Rock
|move|p1a: Deoxys|Superpower|p2a: Gholdengo
|-immune|p2a: Gholdengo
|
|-weather|Snowscape|[upkeep]
|upkeep
|turn|46
|
|t:|1743885277
|switch|p1a: Clodsire|Clodsire, F|42/100 brn
|-damage|p1a: Clodsire|35/100 brn|[from] Stealth Rock
|-damage|p1a: Clodsire|23/100 brn|[from] Spikes
|move|p2a: Gholdengo|Thunder Wave|p1a: Clodsire
|-immune|p1a: Clodsire
|
|-weather|Snowscape|[upkeep]
|-damage|p1a: Clodsire|17/100 brn|[from] brn
|upkeep
|turn|47
|
|t:|1743885282
|move|p2a: Gholdengo|Hex|p1a: Clodsire
|-damage|p1a: Clodsire|0 fnt
|faint|p1a: Clodsire
|
|-weather|none
|upkeep
|
|t:|1743885297
|switch|p1a: Cinderace|Cinderace, F|26/100
|turn|48
|
|t:|1743885302
|switch|p2a: Moltres|Moltres|67/100
|move|p1a: Cinderace|U-turn|p2a: Moltres
|-start|p1a: Cinderace|typechange|Bug|[from] ability: Libero
|-resisted|p2a: Moltres
|-damage|p2a: Moltres|62/100
|
|t:|1743885304
|switch|p1a: Darkrai|Darkrai|38/100|[from] U-turn
|-damage|p1a: Darkrai|26/100|[from] Stealth Rock
|-damage|p1a: Darkrai|13/100|[from] Spikes
|
|upkeep
|turn|49
|
|t:|1743885311
|-terastallize|p1a: Darkrai|Dark
|move|p1a: Darkrai|Dark Pulse|p2a: Moltres
|-crit|p2a: Moltres
|-damage|p2a: Moltres|0 fnt
|faint|p2a: Moltres
|
|upkeep
|
|t:|1743885327
|switch|p2a: Slowking|Slowking-Galar, F|71/100
|turn|50
|
|t:|1743885332
|-terastallize|p2a: Slowking|Water
|move|p1a: Darkrai|Dark Pulse|p2a: Slowking
|-damage|p2a: Slowking|17/100
|move|p2a: Slowking|Sludge Bomb|p1a: Darkrai
|-damage|p1a: Darkrai|0 fnt
|faint|p1a: Darkrai
|
|upkeep
|
|t:|1743885339
|switch|p1a: Cinderace|Cinderace, F|26/100
|turn|51
|
|t:|1743885348
|switch|p2a: Ting-Lu|Ting-Lu|41/100 tox
|-damage|p2a: Ting-Lu|35/100 tox|[from] Stealth Rock
|-ability|p2a: Ting-Lu|Vessel of Ruin
|move|p1a: Cinderace|U-turn|p2a: Ting-Lu
|-start|p1a: Cinderace|typechange|Bug|[from] ability: Libero
|-supereffective|p2a: Ting-Lu
|-damage|p2a: Ting-Lu|0 fnt
|faint|p2a: Ting-Lu
|
|t:|1743885353
|switch|p1a: Corviknight|Corviknight, M|76/100|[from] U-turn
|-damage|p1a: Corviknight|64/100|[from] Stealth Rock
|-ability|p1a: Corviknight|Pressure
|
|upkeep
|
|t:|1743885357
|switch|p2a: Gholdengo|Gholdengo|62/100
|-damage|p2a: Gholdengo|56/100|[from] Stealth Rock
|turn|52
|
|t:|1743885363
|move|p2a: Gholdengo|Thunder Wave|p1a: Corviknight
|-status|p1a: Corviknight|par
|move|p1a: Corviknight|U-turn|p2a: Gholdengo
|-resisted|p2a: Gholdengo
|-damage|p2a: Gholdengo|53/100
|
|t:|1743885366
|switch|p1a: Cinderace|Cinderace, F|26/100|[from] U-turn
|
|upkeep
|turn|53
|
|t:|1743885375
|switch|p2a: Slowking|Slowking-Galar, F, tera:Water|50/100
|move|p1a: Cinderace|Pyro Ball|p2a: Slowking
|-resisted|p2a: Slowking
|-damage|p2a: Slowking|23/100
|
|upkeep
|turn|54
|
|t:|1743885401
|move|p1a: Cinderace|Pyro Ball|p2a: Slowking
|-resisted|p2a: Slowking
|-damage|p2a: Slowking|0 fnt
|faint|p2a: Slowking
|
|upkeep
|
|t:|1743885403
|switch|p2a: Meowscarada|Meowscarada, M|51/100
|turn|55
|
|t:|1743885406
|switch|p1a: Corviknight|Corviknight, M|64/100 par
|-damage|p1a: Corviknight|51/100 par|[from] Stealth Rock
|-ability|p1a: Corviknight|Pressure
|move|p2a: Meowscarada|Knock Off|p1a: Corviknight
|-start|p2a: Meowscarada|typechange|Dark|[from] ability: Protean
|-damage|p1a: Corviknight|26/100 par
|-damage|p2a: Meowscarada|35/100|[from] item: Rocky Helmet|[of] p1a: Corviknight
|-enditem|p1a: Corviknight|Rocky Helmet|[from] move: Knock Off|[of] p2a: Meowscarada
|
|upkeep
|turn|56
|inactive|GrittyGamer has 120 seconds left.
|
|t:|1743885437
|move|p2a: Meowscarada|U-turn|p1a: Corviknight
|-resisted|p1a: Corviknight
|-damage|p1a: Corviknight|23/100 par
|
|t:|1743885439
|switch|p2a: Gholdengo|Gholdengo|53/100|[from] U-turn
|-damage|p2a: Gholdengo|47/100|[from] Stealth Rock
|move|p1a: Corviknight|Roost|p1a: Corviknight
|-heal|p1a: Corviknight|73/100 par
|-singleturn|p1a: Corviknight|move: Roost
|
|upkeep
|turn|57
|inactive|GrittyGamer has 120 seconds left.
|
|t:|1743885455
|move|p2a: Gholdengo|Hex|p1a: Corviknight
|-damage|p1a: Corviknight|15/100 par
|move|p1a: Corviknight|U-turn|p2a: Gholdengo
|-resisted|p2a: Gholdengo
|-damage|p2a: Gholdengo|44/100
|
|t:|1743885458
|switch|p1a: Cinderace|Cinderace, F|26/100|[from] U-turn
|
|upkeep
|turn|58
|
|t:|1743885467
|move|p1a: Cinderace|Pyro Ball|p2a: Gholdengo
|-supereffective|p2a: Gholdengo
|-damage|p2a: Gholdengo|0 fnt
|faint|p2a: Gholdengo
|
|upkeep
|
|t:|1743885469
|switch|p2a: Meowscarada|Meowscarada, M|35/100
|turn|59
|
|t:|1743885474
|move|p1a: Cinderace|Sucker Punch|p2a: Meowscarada
|-start|p1a: Cinderace|typechange|Dark|[from] ability: Libero
|-resisted|p2a: Meowscarada
|-damage|p2a: Meowscarada|8/100
|move|p2a: Meowscarada|Knock Off|p1a: Cinderace
|-start|p2a: Meowscarada|typechange|Dark|[from] ability: Protean
|-resisted|p1a: Cinderace
|-damage|p1a: Cinderace|0 fnt
|-enditem|p1a: Cinderace|Heavy-Duty Boots|[from] move: Knock Off|[of] p2a: Meowscarada
|faint|p1a: Cinderace
|
|upkeep
|
|t:|1743885479
|switch|p1a: Deoxys|Deoxys-Speed, shiny|76/100
|-damage|p1a: Deoxys|63/100|[from] Stealth Rock
|-damage|p1a: Deoxys|51/100|[from] Spikes
|-ability|p1a: Deoxys|Pressure
|turn|60
|
|t:|1743885483
|switch|p1a: Corviknight|Corviknight, M|15/100 par
|-damage|p1a: Corviknight|3/100 par|[from] Stealth Rock
|-ability|p1a: Corviknight|Pressure
|move|p2a: Meowscarada|Knock Off|p1a: Corviknight
|-damage|p1a: Corviknight|0 fnt
|faint|p1a: Corviknight
|
|upkeep
|
|t:|1743885486
|switch|p1a: Deoxys|Deoxys-Speed, shiny|51/100
|-damage|p1a: Deoxys|38/100|[from] Stealth Rock
|-damage|p1a: Deoxys|26/100|[from] Spikes
|-ability|p1a: Deoxys|Pressure
|turn|61
|
|t:|1743885492
|move|p1a: Deoxys|Ice Beam|p2a: Meowscarada
|-damage|p2a: Meowscarada|0 fnt
|faint|p2a: Meowscarada
|-damage|p1a: Deoxys|16/100|[from] item: Life Orb
|
|win|champ bogar
|raw|champ bogar's rating: 1538 &rarr; <strong>1558</strong><br />(+20 for winning)
|raw|GrittyGamer's rating: 1530 &rarr; <strong>1510</strong><br />(-20 for losing)
