|j|☆Quackstorm
|j|☆tytheflyguy69420
|t:|1743834773
|gametype|singles
|player|p1|Quackstorm|burglar-gen2|1469
|player|p2|tytheflyguy69420|2|1416
|teamsize|p1|6
|teamsize|p2|6
|gen|9
|tier|[Gen 9] OU
|rated|
|rule|HP Percentage Mod: HP is shown in percentages
|rule|Endless Battle Clause: Forcing endless battles is banned
|rule|Species Clause: Limit one of each Pokémon
|rule|OHKO Clause: OHKO moves are banned
|rule|Evasion Items Clause: Evasion items are banned
|rule|Evasion Moves Clause: Evasion moves are banned
|rule|Sleep Moves Clause: Sleep-inducing moves are banned
|clearpoke
|poke|p1|Probopass, F|
|poke|p1|Ting-Lu|
|poke|p1|Sinistcha|
|poke|p1|Scizor, F|
|poke|p1|Walking Wake|
|poke|p1|Great Tusk|
|poke|p2|Ninetales-Alola, M|
|poke|p2|Kyurem|
|poke|p2|Rillaboom, F|
|poke|p2|Hawlucha, F|
|poke|p2|Slowking-Galar, M|
|poke|p2|Great Tusk|
|teampreview
|inactive|Battle timer is ON: inactive players will automatically lose when time's up. (requested by tytheflyguy69420)
|
|t:|1743834823
|start
|switch|p1a: Wakey Wakey|Walking Wake|100/100
|switch|p2a: Slowking|Slowking-Galar, M|100/100
|turn|1
|
|t:|1743834837
|move|p1a: Wakey Wakey|Flip Turn|p2a: Slowking
|-damage|p2a: Slowking|84/100
|
|t:|1743834841
|-end|p1a: Wakey Wakey|Protosynthesis|[silent]
|switch|p1a: Morbidly a Beast|Ting-Lu|100/100|[from] Flip Turn
|-ability|p1a: Morbidly a Beast|Vessel of Ruin
|-prepare|p2a: Slowking|Chilly Reception|[premajor]
|move|p2a: Slowking|Chilly Reception|p2a: Slowking
|-weather|Snowscape
|
|t:|1743834867
|switch|p2a: Kyurem|Kyurem, shiny|100/100|[from] Chilly Reception
|-ability|p2a: Kyurem|Pressure
|
|-weather|Snowscape|[upkeep]
|upkeep
|turn|2
|
|t:|1743834881
|move|p2a: Kyurem|Dragon Dance|p2a: Kyurem
|-boost|p2a: Kyurem|atk|1
|-boost|p2a: Kyurem|spe|1
|move|p1a: Morbidly a Beast|Spikes|p2a: Kyurem
|-sidestart|p2: tytheflyguy69420|Spikes
|
|-weather|Snowscape|[upkeep]
|upkeep
|turn|3
|
|t:|1743834896
|-terastallize|p1a: Morbidly a Beast|Ghost
|move|p2a: Kyurem|Icicle Spear|p1a: Morbidly a Beast
|-damage|p1a: Morbidly a Beast|89/100
|-damage|p1a: Morbidly a Beast|77/100
|-damage|p1a: Morbidly a Beast|66/100
|-damage|p1a: Morbidly a Beast|54/100
|-hitcount|p1a: Morbidly a Beast|4
|move|p1a: Morbidly a Beast|Whirlwind|p2a: Kyurem
|drag|p2a: Slowking|Slowking-Galar, M|100/100
|
|-weather|Snowscape|[upkeep]
|-heal|p1a: Morbidly a Beast|61/100|[from] item: Leftovers
|upkeep
|turn|4
|
|t:|1743834909
|move|p1a: Morbidly a Beast|Earthquake|p2a: Slowking
|-supereffective|p2a: Slowking
|-damage|p2a: Slowking|27/100
|move|p2a: Slowking|Future Sight|p1a: Morbidly a Beast
|-start|p2a: Slowking|move: Future Sight
|
|-weather|Snowscape|[upkeep]
|-heal|p1a: Morbidly a Beast|67/100|[from] item: Leftovers
|upkeep
|turn|5
|inactive|Quackstorm has 120 seconds left.
|
|t:|1743834945
|switch|p2a: Hawlucha|Hawlucha, F, shiny|100/100
|move|p1a: Morbidly a Beast|Spikes|p2a: Hawlucha
|-sidestart|p2: tytheflyguy69420|Spikes
|
|-weather|none
|-heal|p1a: Morbidly a Beast|73/100|[from] item: Leftovers
|upkeep
|turn|6
|
|t:|1743834955
|move|p2a: Hawlucha|Encore|p1a: Morbidly a Beast
|-start|p1a: Morbidly a Beast|Encore
|move|p1a: Morbidly a Beast|Spikes|p2a: Hawlucha
|-sidestart|p2: tytheflyguy69420|Spikes
|
|-end|p1a: Morbidly a Beast|move: Future Sight
|-damage|p1a: Morbidly a Beast|53/100
|-heal|p1a: Morbidly a Beast|59/100|[from] item: Leftovers
|upkeep
|turn|7
|inactive|Quackstorm has 120 seconds left.
|
|t:|1743834961
|switch|p1a: Iron Mogulis|Probopass, F, shiny|100/100
|move|p2a: Hawlucha|Swords Dance|p2a: Hawlucha
|-boost|p2a: Hawlucha|atk|2
|
|upkeep
|turn|8
|inactive|Quackstorm has 120 seconds left.
|
|t:|1743834974
|switch|p1a: Morbidly a Beast|Ting-Lu, tera:Ghost|59/100
|-ability|p1a: Morbidly a Beast|Vessel of Ruin
|move|p2a: Hawlucha|Close Combat|p1a: Morbidly a Beast
|-immune|p1a: Morbidly a Beast
|
|-heal|p1a: Morbidly a Beast|66/100|[from] item: Leftovers
|upkeep
|turn|9
|inactive|Quackstorm has 120 seconds left.
|
|t:|1743834989
|move|p2a: Hawlucha|Swords Dance|p2a: Hawlucha
|-boost|p2a: Hawlucha|atk|2
|move|p1a: Morbidly a Beast|Whirlwind|p2a: Hawlucha
|drag|p2a: Great Tusk|Great Tusk|100/100
|-damage|p2a: Great Tusk|76/100|[from] Spikes
|-enditem|p2a: Great Tusk|Booster Energy
|-activate|p2a: Great Tusk|ability: Protosynthesis|[fromitem]
|-start|p2a: Great Tusk|protosynthesisatk
|
|-heal|p1a: Morbidly a Beast|72/100|[from] item: Leftovers
|upkeep
|turn|10
|inactive|Quackstorm has 120 seconds left.
|-message|tytheflyguy69420 forfeited.
|
|win|Quackstorm
|raw|Quackstorm's rating: 1469 &rarr; <strong>1486</strong><br />(+17 for winning)
|raw|tytheflyguy69420's rating: 1416 &rarr; <strong>1399</strong><br />(-17 for losing)
|l|☆tytheflyguy69420
|player|p2|
|l|☆Quackstorm
|player|p1|
