|j|☆Skiddris
|j|☆gametimedavis
|t:|1743783381
|gametype|singles
|player|p1|Skiddris|artist|1185
|player|p2|gametimedavis|blue|1138
|teamsize|p1|6
|teamsize|p2|6
|gen|9
|tier|[Gen 9] OU
|rated|
|rule|HP Percentage Mod: HP is shown in percentages
|rule|Endless Battle Clause: Forcing endless battles is banned
|rule|Species Clause: Limit one of each Pokémon
|rule|OHKO Clause: OHKO moves are banned
|rule|Evasion Items Clause: Evasion items are banned
|rule|Evasion Moves Clause: Evasion moves are banned
|rule|Sleep Moves Clause: Sleep-inducing moves are banned
|clearpoke
|poke|p1|Ribombee, F|
|poke|p1|Cinderace, F|
|poke|p1|Serperior, M|
|poke|p1|Mimikyu, F|
|poke|p1|Dragapult, F|
|poke|p1|Bisharp, M|
|poke|p2|Tinkaton, F|
|poke|p2|Quaquaval, F|
|poke|p2|Polteageist|
|poke|p2|Venusaur, M|
|poke|p2|Gligar, M|
|poke|p2|Iron Jugulis|
|teampreview
|inactive|Battle timer is ON: inactive players will automatically lose when time's up. (requested by gametimedavis)
|
|t:|1743783388
|start
|switch|p1a: Ribombee|Ribombee, F, shiny|100/100
|switch|p2a: Gligar|Gligar, M|100/100
|turn|1
|
|t:|1743783394
|move|p1a: Ribombee|Sticky Web|p2a: Gligar
|-sidestart|p2: gametimedavis|move: Sticky Web
|move|p2a: Gligar|Toxic|p1a: Ribombee
|-status|p1a: Ribombee|tox
|
|-damage|p1a: Ribombee|94/100 tox|[from] psn
|upkeep
|turn|2
|
|t:|1743783415
|move|p1a: Ribombee|Moonblast|p2a: Gligar
|-damage|p2a: Gligar|62/100
|-unboost|p2a: Gligar|spa|1
|move|p2a: Gligar|Stealth Rock|p1a: Ribombee
|-sidestart|p1: Skiddris|move: Stealth Rock
|
|-damage|p1a: Ribombee|82/100 tox|[from] psn
|upkeep
|turn|3
|
|t:|1743783423
|move|p1a: Ribombee|Moonblast|p2a: Gligar
|-damage|p2a: Gligar|26/100
|move|p2a: Gligar|Earthquake|p1a: Ribombee
|-resisted|p1a: Ribombee
|-damage|p1a: Ribombee|56/100 tox
|
|-damage|p1a: Ribombee|38/100 tox|[from] psn
|upkeep
|turn|4
|
|t:|1743783451
|move|p1a: Ribombee|Moonblast|p2a: Gligar
|-damage|p2a: Gligar|0 fnt
|faint|p2a: Gligar
|
|-damage|p1a: Ribombee|14/100 tox|[from] psn
|upkeep
|
|t:|1743783456
|switch|p2a: Quaquaval|Quaquaval, F|100/100
|turn|5
|
|t:|1743783463
|-terastallize|p2a: Quaquaval|Steel
|move|p1a: Ribombee|Moonblast|p2a: Quaquaval
|-resisted|p2a: Quaquaval
|-damage|p2a: Quaquaval|73/100
|move|p2a: Quaquaval|Rapid Spin|p1a: Ribombee
|-damage|p1a: Ribombee|0 fnt
|-boost|p2a: Quaquaval|spe|1
|-sideend|p2: gametimedavis|Sticky Web|[from] move: Rapid Spin|[of] p2a: Quaquaval
|faint|p1a: Ribombee
|-ability|p2a: Quaquaval|Moxie|boost
|-boost|p2a: Quaquaval|atk|1
|
|upkeep
|
|t:|1743783475
|switch|p1a: Mimikyu|Mimikyu, F|100/100
|-damage|p1a: Mimikyu|88/100|[from] Stealth Rock
|turn|6
|
|t:|1743783479
|move|p2a: Quaquaval|Aqua Step|p1a: Mimikyu
|-activate|p1a: Mimikyu|ability: Disguise
|-damage|p1a: Mimikyu|88/100
|-boost|p2a: Quaquaval|spe|1
|detailschange|p1a: Mimikyu|Mimikyu-Busted, F
|-damage|p1a: Mimikyu|76/100|[from] pokemon: Mimikyu-Busted
|-enditem|p1a: Mimikyu|Red Card|[of] p2a: Quaquaval
|drag|p2a: Tinkaton|Tinkaton, F|100/100
|-ability|p2a: Tinkaton|Mold Breaker
|move|p1a: Mimikyu|Will-O-Wisp|p2a: Tinkaton|[miss]
|-miss|p1a: Mimikyu|p2a: Tinkaton
|
|upkeep
|turn|7
|
|t:|1743783495
|switch|p1a: Cinderace|Cinderace, F|100/100
|move|p2a: Tinkaton|Gigaton Hammer|p1a: Cinderace
|-resisted|p1a: Cinderace
|-damage|p1a: Cinderace|57/100
|
|upkeep
|turn|8
|
|t:|1743783506
|move|p1a: Cinderace|Pyro Ball|p2a: Tinkaton
|-supereffective|p2a: Tinkaton
|-damage|p2a: Tinkaton|0 fnt
|faint|p2a: Tinkaton
|
|upkeep
|
|t:|1743783508
|switch|p2a: Iron Jugulis|Iron Jugulis|100/100
|-enditem|p2a: Iron Jugulis|Booster Energy
|-activate|p2a: Iron Jugulis|ability: Quark Drive|[fromitem]
|-start|p2a: Iron Jugulis|quarkdrivespe
|turn|9
|
|t:|1743783522
|switch|p1a: Bisharp|Bisharp, M|100/100
|-damage|p1a: Bisharp|94/100|[from] Stealth Rock
|move|p2a: Iron Jugulis|Dark Pulse|p1a: Bisharp
|-resisted|p1a: Bisharp
|-damage|p1a: Bisharp|76/100
|
|upkeep
|turn|10
|
|t:|1743783552
|move|p2a: Iron Jugulis|Dark Pulse|p1a: Bisharp
|-resisted|p1a: Bisharp
|-damage|p1a: Bisharp|58/100
|cant|p1a: Bisharp|flinch
|
|upkeep
|turn|11
|
|t:|1743783559
|move|p2a: Iron Jugulis|Dragon Pulse|p1a: Bisharp
|-resisted|p1a: Bisharp
|-damage|p1a: Bisharp|43/100
|move|p1a: Bisharp|Swords Dance|p1a: Bisharp
|-boost|p1a: Bisharp|atk|2
|
|upkeep
|turn|12
|
|t:|1743783567
|move|p2a: Iron Jugulis|Air Slash|p1a: Bisharp
|-resisted|p1a: Bisharp
|-damage|p1a: Bisharp|25/100
|move|p1a: Bisharp|Swords Dance|p1a: Bisharp
|-boost|p1a: Bisharp|atk|2
|
|upkeep
|turn|13
|
|t:|1743783575
|move|p2a: Iron Jugulis|Air Slash|p1a: Bisharp
|-resisted|p1a: Bisharp
|-damage|p1a: Bisharp|5/100
|cant|p1a: Bisharp|flinch
|
|upkeep
|turn|14
|c|☆Skiddris|...
|c|☆Skiddris|the flinch was not a part of the plan
|
|t:|1743783593
|move|p1a: Bisharp|Sucker Punch|p2a: Iron Jugulis
|-resisted|p2a: Iron Jugulis
|-damage|p2a: Iron Jugulis|35/100
|move|p2a: Iron Jugulis|Air Slash|p1a: Bisharp
|-resisted|p1a: Bisharp
|-damage|p1a: Bisharp|0 fnt
|faint|p1a: Bisharp
|
|upkeep
|inactive|Skiddris has 120 seconds left.
|
|t:|1743783616
|switch|p1a: Cinderace|Cinderace, F|57/100
|turn|15
|
|t:|1743783621
|move|p2a: Iron Jugulis|Dark Pulse|p1a: Cinderace
|-damage|p1a: Cinderace|0 fnt
|faint|p1a: Cinderace
|
|upkeep
|
|t:|1743783631
|switch|p1a: Serperior|Serperior, M|100/100
|-damage|p1a: Serperior|88/100|[from] Stealth Rock
|turn|16
|
|t:|1743783640
|-terastallize|p1a: Serperior|Fire
|move|p2a: Iron Jugulis|Air Slash|p1a: Serperior
|-damage|p1a: Serperior|41/100
|move|p1a: Serperior|Leaf Storm|p2a: Iron Jugulis|[miss]
|-miss|p1a: Serperior|p2a: Iron Jugulis
|
|-heal|p1a: Serperior|47/100|[from] item: Leftovers
|upkeep
|turn|17
|
|t:|1743783651
|move|p2a: Iron Jugulis|Air Slash|p1a: Serperior
|-damage|p1a: Serperior|4/100
|cant|p1a: Serperior|flinch
|
|-heal|p1a: Serperior|10/100|[from] item: Leftovers
|upkeep
|turn|18
|-message|Skiddris forfeited.
|
|win|gametimedavis
|raw|Skiddris's rating: 1185 &rarr; <strong>1157</strong><br />(-28 for losing)
|raw|gametimedavis's rating: 1138 &rarr; <strong>1166</strong><br />(+28 for winning)
|l|☆Skiddris
|player|p1|
|l|☆gametimedavis
|player|p2|
