|j|☆Route111Fan
|j|☆random tera ghost
|t:|1743779224
|gametype|singles
|player|p1|Route111Fan|giovanni|1230
|player|p2|random tera ghost|265|1186
|teamsize|p1|6
|teamsize|p2|6
|gen|9
|tier|[Gen 9] OU
|rated|
|rule|HP Percentage Mod: HP is shown in percentages
|rule|Endless Battle Clause: Forcing endless battles is banned
|rule|Species Clause: Limit one of each Pokémon
|rule|OHKO Clause: OHKO moves are banned
|rule|Evasion Items Clause: Evasion items are banned
|rule|Evasion Moves Clause: Evasion moves are banned
|rule|Sleep Moves Clause: Sleep-inducing moves are banned
|clearpoke
|poke|p1|Pelipper, M|
|poke|p1|Overqwil, F|
|poke|p1|Landorus-Therian, M|
|poke|p1|Thundurus-Therian, M|
|poke|p1|Tsareena, F|
|poke|p1|Poliwrath, F|
|poke|p2|Ninetales, F|
|poke|p2|Scovillain, M|
|poke|p2|Walking Wake|
|poke|p2|Hatterene, F|
|poke|p2|Great Tusk|
|poke|p2|Ceruledge, M|
|teampreview
|inactive|Battle timer is ON: inactive players will automatically lose when time's up. (requested by random tera ghost)
|
|t:|1743779259
|start
|switch|p1a: Pelipper|Pelipper, M|100/100
|switch|p2a: Walking Wake|Walking Wake|100/100
|-weather|RainDance|[from] ability: Drizzle|[of] p1a: Pelipper
|turn|1
|
|t:|1743779267
|switch|p1a: Tsareena|Tsareena, F|100/100
|-terastallize|p2a: Walking Wake|Water
|move|p2a: Walking Wake|Hydro Steam|p1a: Tsareena
|-resisted|p1a: Tsareena
|-crit|p1a: Tsareena
|-damage|p1a: Tsareena|13/100
|
|-weather|RainDance|[upkeep]
|upkeep
|turn|2
|
|t:|1743779276
|move|p2a: Walking Wake|Hydro Steam|p1a: Tsareena
|-resisted|p1a: Tsareena
|-damage|p1a: Tsareena|0 fnt
|faint|p1a: Tsareena
|
|-weather|RainDance|[upkeep]
|upkeep
|
|t:|1743779283
|switch|p1a: Thundurus|Thundurus-Therian, M|100/100
|turn|3
|
|t:|1743779300
|-end|p2a: Walking Wake|Protosynthesis|[silent]
|switch|p2a: Hatterene|Hatterene, F|100/100
|-terastallize|p1a: Thundurus|Flying
|move|p1a: Thundurus|Tera Blast|p2a: Hatterene|[anim] Tera Blast Flying
|-damage|p2a: Hatterene|19/100
|-enditem|p2a: Hatterene|Eject Button
|
|t:|1743779311
|switch|p2a: Ninetales|Ninetales, F|100/100
|-weather|SunnyDay|[from] ability: Drought|[of] p2a: Ninetales
|
|-weather|SunnyDay|[upkeep]
|upkeep
|turn|4
|
|t:|1743779320
|switch|p2a: Hatterene|Hatterene, F|19/100
|move|p1a: Thundurus|Tera Blast|p2a: Hatterene|[anim] Tera Blast Flying
|-damage|p2a: Hatterene|0 fnt
|faint|p2a: Hatterene
|
|-weather|SunnyDay|[upkeep]
|upkeep
|
|t:|1743779331
|switch|p2a: Walking Wake|Walking Wake, tera:Water|100/100
|-activate|p2a: Walking Wake|ability: Protosynthesis
|-start|p2a: Walking Wake|protosynthesisspa
|turn|5
|
|t:|1743779346
|switch|p1a: Pelipper|Pelipper, M|100/100
|-weather|RainDance|[from] ability: Drizzle|[of] p1a: Pelipper
|-end|p2a: Walking Wake|Protosynthesis
|move|p2a: Walking Wake|Hydro Steam|p1a: Pelipper
|-resisted|p1a: Pelipper
|-damage|p1a: Pelipper|9/100
|
|-weather|RainDance|[upkeep]
|upkeep
|turn|6
|
|t:|1743779353
|switch|p1a: Poliwrath|Poliwrath, F|100/100
|move|p2a: Walking Wake|Hydro Steam|p1a: Poliwrath
|-resisted|p1a: Poliwrath
|-damage|p1a: Poliwrath|53/100
|
|-weather|RainDance|[upkeep]
|-heal|p1a: Poliwrath|59/100|[from] item: Leftovers
|upkeep
|turn|7
|
|t:|1743779367
|-end|p2a: Walking Wake|Protosynthesis|[silent]
|switch|p2a: Ninetales|Ninetales, F|100/100
|-weather|SunnyDay|[from] ability: Drought|[of] p2a: Ninetales
|move|p1a: Poliwrath|Bulk Up|p1a: Poliwrath
|-boost|p1a: Poliwrath|atk|1
|-boost|p1a: Poliwrath|def|1
|
|-weather|SunnyDay|[upkeep]
|-heal|p1a: Poliwrath|66/100|[from] item: Leftovers
|upkeep
|turn|8
|
|t:|1743779371
|move|p2a: Ninetales|Will-O-Wisp|p1a: Poliwrath
|-status|p1a: Poliwrath|brn
|move|p1a: Poliwrath|Drain Punch|p2a: Ninetales
|-damage|p2a: Ninetales|78/100
|-heal|p1a: Poliwrath|76/100 brn|[from] drain|[of] p2a: Ninetales
|
|-weather|SunnyDay|[upkeep]
|-heal|p1a: Poliwrath|82/100 brn|[from] item: Leftovers
|-damage|p1a: Poliwrath|76/100 brn|[from] brn
|upkeep
|turn|9
|
|t:|1743779378
|switch|p1a: Pelipper|Pelipper, M|9/100
|-weather|RainDance|[from] ability: Drizzle|[of] p1a: Pelipper
|move|p2a: Ninetales|Weather Ball|p1a: Pelipper
|-resisted|p1a: Pelipper
|-damage|p1a: Pelipper|0 fnt
|faint|p1a: Pelipper
|
|-weather|RainDance|[upkeep]
|upkeep
|
|t:|1743779388
|switch|p1a: Thundurus|Thundurus-Therian, M, tera:Flying|100/100
|turn|10
|inactive|random tera ghost has 120 seconds left.
|
|t:|1743779423
|switch|p2a: Don|Great Tusk|100/100
|move|p1a: Thundurus|Tera Blast|p2a: Don|[anim] Tera Blast Flying
|-supereffective|p2a: Don
|-damage|p2a: Don|0 fnt
|faint|p2a: Don
|-end|p2a: Don|Protosynthesis|[silent]
|
|-weather|RainDance|[upkeep]
|upkeep
|
|t:|1743779427
|switch|p2a: Ninetales|Ninetales, F|78/100
|-weather|SunnyDay|[from] ability: Drought|[of] p2a: Ninetales
|turn|11
|
|t:|1743779438
|switch|p2a: Walking Wake|Walking Wake, tera:Water|100/100
|-activate|p2a: Walking Wake|ability: Protosynthesis
|-start|p2a: Walking Wake|protosynthesisspa
|move|p1a: Thundurus|Tera Blast|p2a: Walking Wake|[anim] Tera Blast Flying
|-damage|p2a: Walking Wake|0 fnt
|faint|p2a: Walking Wake
|-end|p2a: Walking Wake|Protosynthesis|[silent]
|
|-weather|SunnyDay|[upkeep]
|upkeep
|
|t:|1743779443
|switch|p2a: Scovillain|Scovillain, M, shiny|100/100
|turn|12
|
|t:|1743779460
|move|p2a: Scovillain|Flamethrower|p1a: Thundurus
|-damage|p1a: Thundurus|0 fnt
|faint|p1a: Thundurus
|-damage|p2a: Scovillain|91/100|[from] item: Life Orb
|
|-weather|SunnyDay|[upkeep]
|upkeep
|
|t:|1743779471
|switch|p1a: Poliwrath|Poliwrath, F|76/100 brn
|turn|13
|
|t:|1743779474
|move|p2a: Scovillain|Solar Beam||[still]
|-prepare|p2a: Scovillain|Solar Beam
|-anim|p2a: Scovillain|Solar Beam|p1a: Poliwrath
|-supereffective|p1a: Poliwrath
|-damage|p1a: Poliwrath|0 fnt
|faint|p1a: Poliwrath
|-damage|p2a: Scovillain|81/100|[from] item: Life Orb
|
|-weather|SunnyDay|[upkeep]
|upkeep
|
|t:|1743779477
|switch|p1a: Landorus|Landorus-Therian, M|100/100
|-ability|p1a: Landorus|Intimidate|boost
|-unboost|p2a: Scovillain|atk|1
|turn|14
|
|t:|1743779486
|move|p2a: Scovillain|Flamethrower|p1a: Landorus
|-damage|p1a: Landorus|2/100
|-damage|p2a: Scovillain|71/100|[from] item: Life Orb
|move|p1a: Landorus|Weather Ball|p2a: Scovillain
|-damage|p2a: Scovillain|0 fnt
|faint|p2a: Scovillain
|
|-weather|SunnyDay|[upkeep]
|upkeep
|
|t:|1743779497
|switch|p2a: Ninetales|Ninetales, F|78/100
|turn|15
|
|t:|1743779500
|move|p2a: Ninetales|Weather Ball|p1a: Landorus
|-damage|p1a: Landorus|0 fnt
|faint|p1a: Landorus
|
|-weather|SunnyDay|[upkeep]
|upkeep
|
|t:|1743779502
|switch|p1a: Overqwil|Overqwil, F|100/100
|turn|16
|
|t:|1743779505
|move|p2a: Ninetales|Will-O-Wisp|p1a: Overqwil
|-status|p1a: Overqwil|brn
|move|p1a: Overqwil|Crunch|p2a: Ninetales
|-damage|p2a: Ninetales|39/100
|-unboost|p2a: Ninetales|def|1
|
|-weather|SunnyDay|[upkeep]
|-damage|p1a: Overqwil|94/100 brn|[from] brn
|upkeep
|turn|17
|
|t:|1743779515
|move|p2a: Ninetales|Weather Ball|p1a: Overqwil
|-damage|p1a: Overqwil|31/100 brn
|move|p1a: Overqwil|Crunch|p2a: Ninetales
|-damage|p2a: Ninetales|0 fnt
|faint|p2a: Ninetales
|
|-weather|SunnyDay|[upkeep]
|-damage|p1a: Overqwil|25/100 brn|[from] brn
|upkeep
|
|t:|1743779516
|switch|p2a: Ceruledge|Ceruledge, M|100/100
|turn|18
|
|t:|1743779530
|move|p1a: Overqwil|Crunch|p2a: Ceruledge
|-supereffective|p2a: Ceruledge
|-damage|p2a: Ceruledge|10/100
|-unboost|p2a: Ceruledge|def|1
|-ability|p2a: Ceruledge|Weak Armor|boost
|-unboost|p2a: Ceruledge|def|1
|-boost|p2a: Ceruledge|spe|2
|move|p2a: Ceruledge|Bitter Blade|p1a: Overqwil
|-damage|p1a: Overqwil|0 fnt
|-heal|p2a: Ceruledge|24/100|[from] drain|[of] p1a: Overqwil
|faint|p1a: Overqwil
|
|win|random tera ghost
|raw|Route111Fan's rating: 1230 &rarr; <strong>1202</strong><br />(-28 for losing)
|raw|random tera ghost's rating: 1186 &rarr; <strong>1214</strong><br />(+28 for winning)
|l|☆Route111Fan
|player|p1|
|l|☆random tera ghost
|player|p2|
