|j|☆1juantrainer
|j|☆thegildedarrow
|t:|1743926673
|gametype|singles
|player|p1|1juantrainer|1|1126
|player|p2|thegildedarrow|steven|1175
|teamsize|p1|6
|teamsize|p2|6
|gen|9
|tier|[Gen 9] OU
|rated|
|rule|HP Percentage Mod: HP is shown in percentages
|rule|Endless Battle Clause: Forcing endless battles is banned
|rule|Species Clause: Limit one of each Pokémon
|rule|OHKO Clause: OHKO moves are banned
|rule|Evasion Items Clause: Evasion items are banned
|rule|Evasion Moves Clause: Evasion moves are banned
|rule|Sleep Moves Clause: Sleep-inducing moves are banned
|clearpoke
|poke|p1|Azumarill, F|
|poke|p1|Jirachi|
|poke|p1|Serperior, F|
|poke|p1|Hariyama, F|
|poke|p1|Galvantula, M|
|poke|p1|Magmortar, F|
|poke|p2|Galvantula, M|
|poke|p2|Flygon, F|
|poke|p2|Necrozma|
|poke|p2|Umbreon, M|
|poke|p2|Lilligant-Hisui, F|
|poke|p2|Walking Wake|
|teampreview
|inactive|Battle timer is ON: inactive players will automatically lose when time's up. (requested by 1juantrainer)
|
|t:|1743926681
|start
|switch|p1a: Magmortar|Magmortar, F, shiny|100/100
|switch|p2a: Sparky|Galvantula, M, shiny|100/100
|turn|1
|
|t:|1743926698
|move|p2a: Sparky|Discharge|p1a: Magmortar
|-damage|p1a: Magmortar|64/100
|move|p1a: Magmortar|Belly Drum|p1a: Magmortar
|-damage|p1a: Magmortar|14/100
|-setboost|p1a: Magmortar|atk|6|[from] move: Belly Drum
|
|upkeep
|turn|2
|
|t:|1743926712
|move|p1a: Magmortar|Mach Punch|p2a: Sparky
|-resisted|p2a: Sparky
|-damage|p2a: Sparky|56/100
|move|p2a: Sparky|Volt Switch|p1a: Magmortar
|-damage|p1a: Magmortar|0 fnt
|faint|p1a: Magmortar
|
|t:|1743926726
|switch|p2a: Spirit|Flygon, F, shiny|100/100|[from] Volt Switch
|
|upkeep
|
|t:|1743926743
|switch|p1a: Azumarill|Azumarill, F|100/100
|turn|3
|
|t:|1743926751
|move|p2a: Spirit|Earthquake|p1a: Azumarill
|-damage|p1a: Azumarill|50/100
|move|p1a: Azumarill|Belly Drum||[still]
|-fail|p1a: Azumarill
|
|-heal|p1a: Azumarill|56/100|[from] item: Leftovers
|upkeep
|turn|4
|
|t:|1743926759
|move|p2a: Spirit|Earthquake|p1a: Azumarill
|-damage|p1a: Azumarill|10/100
|move|p1a: Azumarill|Ice Spinner|p2a: Spirit
|-supereffective|p2a: Spirit
|-damage|p2a: Spirit|0 fnt
|faint|p2a: Spirit
|
|-heal|p1a: Azumarill|16/100|[from] item: Leftovers
|upkeep
|
|t:|1743926779
|switch|p2a: Eclipse|Lilligant-Hisui, F, shiny|100/100
|turn|5
|
|t:|1743926786
|move|p2a: Eclipse|Petal Blizzard|p1a: Azumarill
|-supereffective|p1a: Azumarill
|-damage|p1a: Azumarill|0 fnt
|faint|p1a: Azumarill
|
|upkeep
|
|t:|1743926793
|switch|p1a: Galvantula|Galvantula, M|100/100
|turn|6
|
|t:|1743926803
|switch|p2a: Deno Dino|Walking Wake|100/100
|move|p1a: Galvantula|Sticky Web|p2a: Deno Dino
|-sidestart|p2: thegildedarrow|move: Sticky Web
|
|upkeep
|turn|7
|
|t:|1743926815
|move|p1a: Galvantula|Thunder Wave|p2a: Deno Dino
|-status|p2a: Deno Dino|par
|move|p2a: Deno Dino|Sunny Day|p2a: Deno Dino
|-weather|SunnyDay
|-activate|p2a: Deno Dino|ability: Protosynthesis
|-start|p2a: Deno Dino|protosynthesisspa
|
|-weather|SunnyDay|[upkeep]
|upkeep
|turn|8
|
|t:|1743926834
|move|p1a: Galvantula|Thunder|p2a: Deno Dino|[miss]
|-miss|p1a: Galvantula|p2a: Deno Dino
|move|p2a: Deno Dino|Weather Ball|p1a: Galvantula
|-supereffective|p1a: Galvantula
|-damage|p1a: Galvantula|0 fnt
|faint|p1a: Galvantula
|-damage|p2a: Deno Dino|91/100 par|[from] item: Life Orb
|
|-weather|SunnyDay|[upkeep]
|upkeep
|
|t:|1743926841
|switch|p1a: Hariyama|Hariyama, F|100/100
|turn|9
|
|t:|1743926860
|-terastallize|p2a: Deno Dino|Stellar
|move|p1a: Hariyama|Fake Out|p2a: Deno Dino
|-damage|p2a: Deno Dino|77/100 par
|cant|p2a: Deno Dino|flinch
|
|-weather|SunnyDay|[upkeep]
|upkeep
|turn|10
|
|t:|1743926870
|move|p2a: Deno Dino|Hydro Steam|p1a: Hariyama
|-damage|p1a: Hariyama|0 fnt
|faint|p1a: Hariyama
|-damage|p2a: Deno Dino|67/100 par|[from] item: Life Orb
|
|-weather|SunnyDay|[upkeep]
|upkeep
|
|t:|1743926885
|switch|p1a: Serperior|Serperior, F|100/100
|turn|11
|
|t:|1743926898
|-terastallize|p1a: Serperior|Dark
|move|p1a: Serperior|Leaf Storm|p2a: Deno Dino
|-crit|p2a: Deno Dino
|-damage|p2a: Deno Dino|0 fnt
|-boost|p1a: Serperior|spa|2
|faint|p2a: Deno Dino
|-end|p2a: Deno Dino|Protosynthesis|[silent]
|
|-weather|none
|upkeep
|
|t:|1743926910
|switch|p2a: Sparky|Galvantula, M, shiny|56/100
|-activate|p2a: Sparky|move: Sticky Web
|-unboost|p2a: Sparky|spe|1
|turn|12
|
|t:|1743926915
|move|p1a: Serperior|Dragon Pulse|p2a: Sparky
|-damage|p2a: Sparky|0 fnt
|faint|p2a: Sparky
|
|upkeep
|
|t:|1743926923
|switch|p2a: Eclipse|Lilligant-Hisui, F, shiny|100/100
|-activate|p2a: Eclipse|move: Sticky Web
|-unboost|p2a: Eclipse|spe|1
|turn|13
|
|t:|1743926928
|move|p1a: Serperior|Substitute|p1a: Serperior
|-start|p1a: Serperior|Substitute
|-damage|p1a: Serperior|76/100
|move|p2a: Eclipse|Close Combat|p1a: Serperior
|-supereffective|p1a: Serperior
|-end|p1a: Serperior|Substitute
|-unboost|p2a: Eclipse|def|1
|-unboost|p2a: Eclipse|spd|1
|
|upkeep
|turn|14
|
|t:|1743926936
|move|p1a: Serperior|Leaf Storm|p2a: Eclipse
|-resisted|p2a: Eclipse
|-enditem|p2a: Eclipse|Focus Sash
|-damage|p2a: Eclipse|1/100
|-boost|p1a: Serperior|spa|2
|move|p2a: Eclipse|Close Combat|p1a: Serperior
|-supereffective|p1a: Serperior
|-damage|p1a: Serperior|0 fnt
|-unboost|p2a: Eclipse|def|1
|-unboost|p2a: Eclipse|spd|1
|faint|p1a: Serperior
|
|upkeep
|
|t:|1743926944
|switch|p1a: Jirachi|Jirachi|100/100
|turn|15
|
|t:|1743926952
|move|p1a: Jirachi|Aura Sphere|p2a: Eclipse
|-damage|p2a: Eclipse|0 fnt
|faint|p2a: Eclipse
|
|upkeep
|
|t:|1743926958
|switch|p2a: Castle|Necrozma|100/100
|-activate|p2a: Castle|move: Sticky Web
|-unboost|p2a: Castle|spe|1
|turn|16
|
|t:|1743926964
|move|p1a: Jirachi|Meteor Beam||[still]
|-prepare|p1a: Jirachi|Meteor Beam
|-boost|p1a: Jirachi|spa|1
|-enditem|p1a: Jirachi|Power Herb
|-anim|p1a: Jirachi|Meteor Beam|p2a: Castle
|-damage|p2a: Castle|53/100
|move|p2a: Castle|Calm Mind|p2a: Castle
|-boost|p2a: Castle|spa|1
|-boost|p2a: Castle|spd|1
|
|-heal|p2a: Castle|59/100|[from] item: Leftovers
|upkeep
|turn|17
|
|t:|1743926973
|move|p1a: Jirachi|Thunder|p2a: Castle
|-damage|p2a: Castle|27/100
|-status|p2a: Castle|par
|move|p2a: Castle|Morning Sun|p2a: Castle
|-heal|p2a: Castle|77/100 par
|
|-heal|p2a: Castle|83/100 par|[from] item: Leftovers
|upkeep
|turn|18
|
|t:|1743926985
|move|p1a: Jirachi|Thunder|p2a: Castle
|-damage|p2a: Castle|52/100 par
|move|p2a: Castle|Calm Mind|p2a: Castle
|-boost|p2a: Castle|spa|1
|-boost|p2a: Castle|spd|1
|
|-heal|p2a: Castle|58/100 par|[from] item: Leftovers
|upkeep
|turn|19
|
|t:|1743926992
|move|p1a: Jirachi|Flash Cannon|p2a: Castle
|-damage|p2a: Castle|33/100 par
|-unboost|p2a: Castle|spd|1
|move|p2a: Castle|Morning Sun|p2a: Castle
|-heal|p2a: Castle|83/100 par
|
|-heal|p2a: Castle|89/100 par|[from] item: Leftovers
|upkeep
|turn|20
|
|t:|1743927001
|move|p1a: Jirachi|Flash Cannon|p2a: Castle
|-damage|p2a: Castle|53/100 par
|move|p2a: Castle|Calm Mind|p2a: Castle
|-boost|p2a: Castle|spa|1
|-boost|p2a: Castle|spd|1
|
|-heal|p2a: Castle|59/100 par|[from] item: Leftovers
|upkeep
|turn|21
|
|t:|1743927009
|move|p1a: Jirachi|Flash Cannon|p2a: Castle
|-damage|p2a: Castle|34/100 par
|-unboost|p2a: Castle|spd|1
|cant|p2a: Castle|par
|
|-heal|p2a: Castle|40/100 par|[from] item: Leftovers
|upkeep
|turn|22
|
|t:|1743927017
|move|p1a: Jirachi|Flash Cannon|p2a: Castle
|-damage|p2a: Castle|6/100 par
|cant|p2a: Castle|par
|
|-heal|p2a: Castle|12/100 par|[from] item: Leftovers
|upkeep
|turn|23
|
|t:|1743927024
|move|p1a: Jirachi|Aura Sphere|p2a: Castle
|-resisted|p2a: Castle
|-damage|p2a: Castle|1/100 par
|cant|p2a: Castle|par
|
|-heal|p2a: Castle|7/100 par|[from] item: Leftovers
|upkeep
|turn|24
|
|t:|1743927032
|move|p1a: Jirachi|Aura Sphere|p2a: Castle
|-resisted|p2a: Castle
|-damage|p2a: Castle|0 fnt
|faint|p2a: Castle
|
|upkeep
|
|t:|1743927036
|switch|p2a: Theo|Umbreon, M, shiny|100/100
|-activate|p2a: Theo|move: Sticky Web
|-unboost|p2a: Theo|spe|1
|turn|25
|
|t:|1743927044
|move|p1a: Jirachi|Aura Sphere|p2a: Theo
|-supereffective|p2a: Theo
|-damage|p2a: Theo|67/100
|move|p2a: Theo|Curse|p2a: Theo
|-unboost|p2a: Theo|spe|1
|-boost|p2a: Theo|atk|1
|-boost|p2a: Theo|def|1
|
|-heal|p2a: Theo|73/100|[from] item: Leftovers
|upkeep
|turn|26
|
|t:|1743927052
|move|p1a: Jirachi|Thunder|p2a: Theo|[miss]
|-miss|p1a: Jirachi|p2a: Theo
|move|p2a: Theo|Curse|p2a: Theo
|-unboost|p2a: Theo|spe|1
|-boost|p2a: Theo|atk|1
|-boost|p2a: Theo|def|1
|
|-heal|p2a: Theo|79/100|[from] item: Leftovers
|upkeep
|turn|27
|
|t:|1743927063
|move|p1a: Jirachi|Thunder|p2a: Theo
|-damage|p2a: Theo|52/100
|-status|p2a: Theo|par
|-activate|p2a: Theo|ability: Synchronize
|-status|p1a: Jirachi|par
|move|p2a: Theo|Lash Out|p1a: Jirachi
|-supereffective|p1a: Jirachi
|-damage|p1a: Jirachi|26/100 par
|
|-heal|p2a: Theo|58/100 par|[from] item: Leftovers
|upkeep
|turn|28
|
|t:|1743927077
|cant|p2a: Theo|par
|move|p1a: Jirachi|Aura Sphere|p2a: Theo
|-supereffective|p2a: Theo
|-damage|p2a: Theo|23/100 par
|
|-heal|p2a: Theo|29/100 par|[from] item: Leftovers
|upkeep
|turn|29
|
|t:|1743927088
|cant|p1a: Jirachi|par
|move|p2a: Theo|Moonlight|p2a: Theo
|-heal|p2a: Theo|79/100 par
|
|-heal|p2a: Theo|85/100 par|[from] item: Leftovers
|upkeep
|turn|30
|
|t:|1743927094
|move|p2a: Theo|Quick Attack|p1a: Jirachi
|-resisted|p1a: Jirachi
|-damage|p1a: Jirachi|20/100 par
|move|p1a: Jirachi|Flash Cannon|p2a: Theo
|-damage|p2a: Theo|57/100 par
|
|-heal|p2a: Theo|63/100 par|[from] item: Leftovers
|upkeep
|turn|31
|
|t:|1743927101
|cant|p1a: Jirachi|par
|move|p2a: Theo|Lash Out|p1a: Jirachi
|-supereffective|p1a: Jirachi
|-damage|p1a: Jirachi|0 fnt
|faint|p1a: Jirachi
|
|win|thegildedarrow
|raw|1juantrainer's rating: 1126 &rarr; <strong>1106</strong><br />(-20 for losing)
|raw|thegildedarrow's rating: 1197 &rarr; <strong>1217</strong><br />(+20 for winning)
|l|☆1juantrainer
|player|p1|
|l|☆thegildedarrow
|player|p2|
