|j|☆JigglypuffFan24
|j|☆HulkDestroyer
|t:|1743938875
|gametype|singles
|player|p1|JigglypuffFan24|lady-gen4|1121
|player|p2|HulkDestroyer|unknown|1073
|teamsize|p1|6
|teamsize|p2|5
|gen|9
|tier|[Gen 9] OU
|rated|
|rule|HP Percentage Mod: HP is shown in percentages
|rule|Endless Battle Clause: Forcing endless battles is banned
|rule|Species Clause: Limit one of each Pokémon
|rule|OHKO Clause: OHKO moves are banned
|rule|Evasion Items Clause: Evasion items are banned
|rule|Evasion Moves Clause: Evasion moves are banned
|rule|Sleep Moves Clause: Sleep-inducing moves are banned
|clearpoke
|poke|p1|Rillaboom, M|
|poke|p1|Hawlucha, F|
|poke|p1|Alomomola, F|
|poke|p1|Iron Crown|
|poke|p1|Iron Treads|
|poke|p1|Kyurem|
|poke|p2|Gliscor, F|
|poke|p2|Great Tusk|
|poke|p2|Ogerpon-Wellspring, F|
|poke|p2|Cinderace, M|
|poke|p2|Golem-Alola, F|
|teampreview
|inactive|Battle timer is ON: inactive players will automatically lose when time's up. (requested by JigglypuffFan24)
|
|t:|1743938886
|start
|switch|p1a: Asuna|Alomomola, F, shiny|100/100
|switch|p2a: Golem|Golem-Alola, F|100/100
|turn|1
|
|t:|1743938894
|switch|p1a: Klein|Iron Treads|100/100
|move|p2a: Golem|Counter||[still]
|-fail|p2a: Golem
|
|upkeep
|turn|2
|
|t:|1743938908
|move|p1a: Klein|Volt Switch|p2a: Golem
|-resisted|p2a: Golem
|-damage|p2a: Golem|91/100
|
|t:|1743938914
|-end|p1a: Klein|Quark Drive|[silent]
|switch|p1a: Asuna|Alomomola, F, shiny|100/100|[from] Volt Switch
|move|p2a: Golem|Counter||[still]
|-fail|p2a: Golem
|
|upkeep
|turn|3
|
|t:|1743938918
|move|p2a: Golem|Thunder Wave|p1a: Asuna
|-status|p1a: Asuna|par
|cant|p1a: Asuna|par
|
|upkeep
|turn|4
|
|t:|1743938925
|move|p2a: Golem|Rock Slide|p1a: Asuna
|-damage|p1a: Asuna|74/100 par
|move|p1a: Asuna|Flip Turn|p2a: Golem
|-supereffective|p2a: Golem
|-damage|p2a: Golem|66/100
|
|t:|1743938932
|switch|p1a: Klein|Iron Treads|100/100|[from] Flip Turn
|
|upkeep
|turn|5
|
|t:|1743938939
|move|p1a: Klein|Earth Power|p2a: Golem
|-supereffective|p2a: Golem
|-damage|p2a: Golem|0 fnt
|faint|p2a: Golem
|
|upkeep
|
|t:|1743938950
|switch|p2a: Gliscor|Gliscor, F|100/100
|turn|6
|
|t:|1743938955
|-end|p1a: Klein|Quark Drive|[silent]
|switch|p1a: Asuna|Alomomola, F, shiny|100/100 par
|move|p2a: Gliscor|Earthquake|p1a: Asuna
|-damage|p1a: Asuna|75/100 par
|
|-status|p2a: Gliscor|tox|[from] item: Toxic Orb
|upkeep
|turn|7
|
|t:|1743938967
|move|p2a: Gliscor|Substitute|p2a: Gliscor
|-start|p2a: Gliscor|Substitute
|-damage|p2a: Gliscor|76/100 tox
|move|p1a: Asuna|Flip Turn|p2a: Gliscor
|-supereffective|p2a: Gliscor
|-end|p2a: Gliscor|Substitute
|
|t:|1743938973
|switch|p1a: Kyurem|Kyurem|100/100|[from] Flip Turn
|-ability|p1a: Kyurem|Pressure
|
|-heal|p2a: Gliscor|88/100 tox|[from] ability: Poison Heal
|upkeep
|turn|8
|
|t:|1743938981
|switch|p2a: Ogerpon|Ogerpon-Wellspring, F|100/100
|move|p1a: Kyurem|Icicle Spear|p2a: Ogerpon
|-damage|p2a: Ogerpon|82/100
|-damage|p2a: Ogerpon|64/100
|-damage|p2a: Ogerpon|46/100
|-damage|p2a: Ogerpon|27/100
|-hitcount|p2a: Ogerpon|4
|
|upkeep
|turn|9
|
|t:|1743938994
|move|p2a: Ogerpon|Spiky Shield|p2a: Ogerpon
|-singleturn|p2a: Ogerpon|move: Protect
|move|p1a: Kyurem|Dragon Dance|p1a: Kyurem
|-boost|p1a: Kyurem|atk|1
|-boost|p1a: Kyurem|spe|1
|
|upkeep
|turn|10
|
|t:|1743939000
|move|p1a: Kyurem|Icicle Spear|p2a: Ogerpon
|-damage|p2a: Ogerpon|3/100
|-damage|p2a: Ogerpon|0 fnt
|faint|p2a: Ogerpon
|-hitcount|p2: Ogerpon|2
|
|upkeep
|
|t:|1743939010
|switch|p2a: Cinderace|Cinderace, M|100/100
|-item|p2a: Cinderace|Air Balloon
|turn|11
|
|t:|1743939015
|move|p1a: Kyurem|Scale Shot|p2a: Cinderace
|-damage|p2a: Cinderace|73/100
|-enditem|p2a: Cinderace|Air Balloon
|-damage|p2a: Cinderace|43/100
|-damage|p2a: Cinderace|14/100
|-damage|p2a: Cinderace|0 fnt
|faint|p2a: Cinderace
|-hitcount|p2: Cinderace|4
|-unboost|p1a: Kyurem|def|1
|-boost|p1a: Kyurem|spe|1
|
|upkeep
|
|t:|1743939024
|switch|p2a: Great Tusk|Great Tusk|100/100
|-enditem|p2a: Great Tusk|Booster Energy
|-activate|p2a: Great Tusk|ability: Protosynthesis|[fromitem]
|-start|p2a: Great Tusk|protosynthesisdef
|turn|12
|
|t:|1743939027
|move|p1a: Kyurem|Icicle Spear|p2a: Great Tusk
|-supereffective|p2a: Great Tusk
|-damage|p2a: Great Tusk|85/100
|-supereffective|p2a: Great Tusk
|-damage|p2a: Great Tusk|71/100
|-supereffective|p2a: Great Tusk
|-damage|p2a: Great Tusk|56/100
|-supereffective|p2a: Great Tusk
|-damage|p2a: Great Tusk|40/100
|-hitcount|p2a: Great Tusk|4
|move|p2a: Great Tusk|Roar|p1a: Kyurem
|drag|p1a: sillica|Iron Crown|100/100
|
|upkeep
|turn|13
|
|t:|1743939039
|move|p1a: sillica|Psychic Noise|p2a: Great Tusk
|-supereffective|p2a: Great Tusk
|-damage|p2a: Great Tusk|0 fnt
|faint|p2a: Great Tusk
|-end|p2a: Great Tusk|Protosynthesis|[silent]
|
|upkeep
|
|t:|1743939044
|switch|p2a: Gliscor|Gliscor, F|88/100 tox
|turn|14
|
|t:|1743939048
|-end|p1a: sillica|Quark Drive|[silent]
|switch|p1a: Agil|Rillaboom, M|100/100
|-fieldstart|move: Grassy Terrain|[from] ability: Grassy Surge|[of] p1a: Agil
|move|p2a: Gliscor|Substitute|p2a: Gliscor
|-start|p2a: Gliscor|Substitute
|-damage|p2a: Gliscor|63/100 tox
|
|-heal|p2a: Gliscor|76/100 tox|[from] ability: Poison Heal
|upkeep
|turn|15
|
|t:|1743939060
|move|p1a: Agil|Grassy Glide|p2a: Gliscor
|-end|p2a: Gliscor|Substitute
|move|p2a: Gliscor|Dual Wingbeat|p1a: Agil|[miss]
|-miss|p2a: Gliscor|p1a: Agil
|
|-heal|p2a: Gliscor|88/100 tox|[from] ability: Poison Heal
|upkeep
|turn|16
|
|t:|1743939070
|move|p2a: Gliscor|Substitute|p2a: Gliscor
|-start|p2a: Gliscor|Substitute
|-damage|p2a: Gliscor|63/100 tox
|move|p1a: Agil|U-turn|p2a: Gliscor
|-resisted|p2a: Gliscor
|-activate|p2a: Gliscor|move: Substitute|[damage]
|
|t:|1743939076
|switch|p1a: Asuna|Alomomola, F, shiny|100/100 par|[from] U-turn
|
|-heal|p2a: Gliscor|76/100 tox|[from] ability: Poison Heal
|upkeep
|turn|17
|
|t:|1743939087
|move|p2a: Gliscor|Protect|p2a: Gliscor
|-singleturn|p2a: Gliscor|Protect
|move|p1a: Asuna|Flip Turn|p2a: Gliscor
|-activate|p2a: Gliscor|move: Protect
|
|-heal|p2a: Gliscor|88/100 tox|[from] ability: Poison Heal
|upkeep
|turn|18
|
|t:|1743939100
|-terastallize|p2a: Gliscor|Ground
|move|p2a: Gliscor|Earthquake|p1a: Asuna
|-damage|p1a: Asuna|81/100 par
|cant|p1a: Asuna|par
|
|-heal|p2a: Gliscor|94/100 tox|[from] Grassy Terrain
|-heal|p1a: Asuna|87/100 par|[from] Grassy Terrain
|-heal|p2a: Gliscor|100/100 tox|[from] ability: Poison Heal
|-fieldend|move: Grassy Terrain
|upkeep
|turn|19
|l|☆HulkDestroyer
|inactive|HulkDestroyer disconnected and has a minute to reconnect!
|player|p2|
|inactive|HulkDestroyer has 30 seconds to reconnect!
|inactive|HulkDestroyer has 20 seconds to reconnect!
|inactive|HulkDestroyer has 15 seconds to reconnect!
|inactive|HulkDestroyer has 10 seconds to reconnect!
|inactive|HulkDestroyer has 5 seconds to reconnect!
|-message|HulkDestroyer lost due to inactivity.
|
|win|JigglypuffFan24
|raw|JigglypuffFan24's rating: 1121 &rarr; <strong>1143</strong><br />(+22 for winning)
|raw|HulkDestroyer's rating: 1073 &rarr; <strong>1055</strong><br />(-18 for losing)
|l|☆JigglypuffFan24
|player|p1|
