|j|☆hallo darkniss
|j|☆Beangle
|t:|1743800249
|gametype|singles
|player|p1|hallo darkniss|bea|1069
|player|p2|Beangle|bugsy|1091
|teamsize|p1|6
|teamsize|p2|6
|gen|9
|tier|[Gen 9] OU
|rated|
|rule|HP Percentage Mod: HP is shown in percentages
|rule|Endless Battle Clause: Forcing endless battles is banned
|rule|Species Clause: Limit one of each Pokémon
|rule|OHKO Clause: OHKO moves are banned
|rule|Evasion Items Clause: Evasion items are banned
|rule|Evasion Moves Clause: Evasion moves are banned
|rule|Sleep Moves Clause: Sleep-inducing moves are banned
|clearpoke
|poke|p1|Arcanine-Hisui, M|
|poke|p1|Slither Wing|
|poke|p1|Garchomp, M|
|poke|p1|Iron Treads|
|poke|p1|Sinistcha|
|poke|p1|Lucario, F|
|poke|p2|Hydrapple, M|
|poke|p2|Tinkaton, F|
|poke|p2|Moltres|
|poke|p2|Rotom-Wash|
|poke|p2|Great Tusk|
|poke|p2|Darkrai|
|teampreview
|inactive|Battle timer is ON: inactive players will automatically lose when time's up. (requested by hallo darkniss)
|
|t:|1743800264
|start
|switch|p1a: Lucario|Lucario, F|100/100
|switch|p2a: one-time-I-dreamt|Darkrai|100/100
|turn|1
|c|☆Beangle|always the timer, damn....
|
|t:|1743800285
|-terastallize|p2a: one-time-I-dreamt|Ghost
|move|p2a: one-time-I-dreamt|Nasty Plot|p2a: one-time-I-dreamt
|-boost|p2a: one-time-I-dreamt|spa|2
|move|p1a: Lucario|Aura Sphere|p2a: one-time-I-dreamt
|-immune|p2a: one-time-I-dreamt
|
|upkeep
|turn|2
|
|t:|1743800300
|move|p2a: one-time-I-dreamt|Nasty Plot|p2a: one-time-I-dreamt
|-boost|p2a: one-time-I-dreamt|spa|2
|move|p1a: Lucario|Dark Pulse|p2a: one-time-I-dreamt
|-supereffective|p2a: one-time-I-dreamt
|-damage|p2a: one-time-I-dreamt|43/100
|
|-heal|p2a: one-time-I-dreamt|49/100|[from] item: Leftovers
|upkeep
|turn|3
|
|t:|1743800310
|move|p2a: one-time-I-dreamt|Dark Pulse|p1a: Lucario
|-resisted|p1a: Lucario
|-damage|p1a: Lucario|52/100
|cant|p1a: Lucario|flinch
|-ability|p1a: Lucario|Steadfast|boost
|-boost|p1a: Lucario|spe|1
|
|-heal|p2a: one-time-I-dreamt|55/100|[from] item: Leftovers
|upkeep
|turn|4
|c|☆Beangle|wait
|c|☆Beangle|why did it only do that much damage
|inactive|Beangle has 120 seconds left.
|c|☆Beangle|calc said double
|c|☆hallo darkniss|i got flinched 3 times in a row last game
|c|☆hallo darkniss|im av
|c|☆Beangle|ah thank you <3
|
|t:|1743800347
|move|p2a: one-time-I-dreamt|Dark Pulse|p1a: Lucario
|-resisted|p1a: Lucario
|-damage|p1a: Lucario|4/100
|move|p1a: Lucario|Dark Pulse|p2a: one-time-I-dreamt
|-supereffective|p2a: one-time-I-dreamt
|-damage|p2a: one-time-I-dreamt|0 fnt
|faint|p2a: one-time-I-dreamt
|
|upkeep
|c|☆hallo darkniss|np
|
|t:|1743800365
|switch|p2a: Twinkaton|Tinkaton, F|100/100
|-ability|p2a: Twinkaton|Mold Breaker
|turn|5
|
|t:|1743800373
|move|p1a: Lucario|Aura Sphere|p2a: Twinkaton
|-damage|p2a: Twinkaton|72/100
|move|p2a: Twinkaton|Stealth Rock|p1a: Lucario
|-sidestart|p1: hallo darkniss|move: Stealth Rock
|
|-heal|p2a: Twinkaton|78/100|[from] item: Leftovers
|upkeep
|turn|6
|
|t:|1743800393
|move|p1a: Lucario|Aura Sphere|p2a: Twinkaton
|-damage|p2a: Twinkaton|51/100
|move|p2a: Twinkaton|Knock Off|p1a: Lucario
|-resisted|p1a: Lucario
|-damage|p1a: Lucario|0 fnt
|-enditem|p1a: Lucario|Assault Vest|[from] move: Knock Off|[of] p2a: Twinkaton
|faint|p1a: Lucario
|
|-heal|p2a: Twinkaton|57/100|[from] item: Leftovers
|upkeep
|
|t:|1743800398
|switch|p1a: Arcanine|Arcanine-Hisui, M|100/100
|-damage|p1a: Arcanine|76/100|[from] Stealth Rock
|-ability|p1a: Arcanine|Intimidate|boost
|-unboost|p2a: Twinkaton|atk|1
|turn|7
|
|t:|1743800412
|switch|p2a: scrotum-wash|Rotom-Wash|100/100
|move|p1a: Arcanine|Flare Blitz|p2a: scrotum-wash
|-resisted|p2a: scrotum-wash
|-damage|p2a: scrotum-wash|79/100
|-damage|p1a: Arcanine|59/100|[from] item: Rocky Helmet|[of] p2a: scrotum-wash
|-damage|p1a: Arcanine|53/100|[from] Recoil
|
|upkeep
|turn|8
|c|☆hallo darkniss|lol
|
|t:|1743800424
|move|p2a: scrotum-wash|Volt Switch|p1a: Arcanine
|-damage|p1a: Arcanine|27/100
|c|☆hallo darkniss|the name
|
|t:|1743800430
|switch|p2a: Iron Delicious|Hydrapple, M|100/100|[from] Volt Switch
|move|p1a: Arcanine|Head Smash|p2a: Iron Delicious|[miss]
|-miss|p1a: Arcanine|p2a: Iron Delicious
|
|upkeep
|turn|9
|
|t:|1743800446
|move|p1a: Arcanine|Head Smash|p2a: Iron Delicious
|-damage|p2a: Iron Delicious|42/100
|-damage|p1a: Arcanine|0 fnt|[from] Recoil
|faint|p1a: Arcanine
|move|p2a: Iron Delicious|Fickle Beam|p1: Arcanine|[notarget]
|-fail|p2a: Iron Delicious
|
|upkeep
|
|t:|1743800451
|switch|p1a: Slither Wing|Slither Wing|100/100
|-damage|p1a: Slither Wing|88/100|[from] Stealth Rock
|-enditem|p1a: Slither Wing|Booster Energy
|-activate|p1a: Slither Wing|ability: Protosynthesis|[fromitem]
|-start|p1a: Slither Wing|protosynthesisatk
|turn|10
|
|t:|1743800459
|switch|p2a: Twinkaton|Tinkaton, F|57/100
|-ability|p2a: Twinkaton|Mold Breaker
|move|p1a: Slither Wing|Dual Wingbeat|p2a: Twinkaton
|-resisted|p2a: Twinkaton
|-damage|p2a: Twinkaton|46/100
|-resisted|p2a: Twinkaton
|-damage|p2a: Twinkaton|35/100
|-hitcount|p2a: Twinkaton|2
|
|-heal|p2a: Twinkaton|42/100|[from] item: Leftovers
|upkeep
|turn|11
|
|t:|1743800467
|switch|p2a: scrotum-wash|Rotom-Wash|79/100
|move|p1a: Slither Wing|Earthquake|p2a: scrotum-wash
|-immune|p2a: scrotum-wash|[from] ability: Levitate
|
|upkeep
|turn|12
|
|t:|1743800475
|-end|p1a: Slither Wing|Protosynthesis|[silent]
|switch|p1a: yummy|Sinistcha|100/100
|-damage|p1a: yummy|88/100|[from] Stealth Rock
|move|p2a: scrotum-wash|Will-O-Wisp|p1a: yummy
|-status|p1a: yummy|brn
|
|-damage|p1a: yummy|85/100 brn|[from] brn
|upkeep
|turn|13
|inactive|Beangle has 120 seconds left.
|
|t:|1743800485
|switch|p2a: Iron Delicious|Hydrapple, M|75/100
|move|p1a: yummy|Matcha Gotcha|p2a: Iron Delicious
|-resisted|p2a: Iron Delicious
|-damage|p2a: Iron Delicious|65/100
|-heal|p1a: yummy|92/100 brn|[from] drain|[of] p2a: Iron Delicious
|
|-damage|p1a: yummy|89/100 brn|[from] brn
|upkeep
|turn|14
|inactive|Beangle has 120 seconds left.
|
|t:|1743800494
|switch|p1a: Slither Wing|Slither Wing|88/100
|-damage|p1a: Slither Wing|76/100|[from] Stealth Rock
|switch|p2a: Iron Bird|Moltres|100/100
|
|upkeep
|turn|15
|
|t:|1743800502
|-end|p1a: Slither Wing|Protosynthesis|[silent]
|switch|p1a: Garchomp|Garchomp, M|100/100
|-damage|p1a: Garchomp|94/100|[from] Stealth Rock
|move|p2a: Iron Bird|U-turn|p1a: Garchomp
|-crit|p1a: Garchomp
|-damage|p1a: Garchomp|72/100
|-damage|p2a: Iron Bird|88/100|[from] ability: Rough Skin|[of] p1a: Garchomp
|inactive|Beangle has 120 seconds left.
|
|t:|1743800514
|switch|p2a: Twinkaton|Tinkaton, F|42/100|[from] U-turn
|-ability|p2a: Twinkaton|Mold Breaker
|
|-heal|p2a: Twinkaton|48/100|[from] item: Leftovers
|upkeep
|turn|16
|inactive|Beangle has 120 seconds left.
|
|t:|1743800527
|switch|p2a: scrotum-wash|Rotom-Wash|79/100
|move|p1a: Garchomp|Earthquake|p2a: scrotum-wash
|-immune|p2a: scrotum-wash|[from] ability: Levitate
|
|upkeep
|turn|17
|
|t:|1743800535
|move|p1a: Garchomp|Earthquake|p2a: scrotum-wash
|-immune|p2a: scrotum-wash|[from] ability: Levitate
|move|p2a: scrotum-wash|Will-O-Wisp|p1a: Garchomp
|-status|p1a: Garchomp|brn
|
|-damage|p1a: Garchomp|66/100 brn|[from] brn
|upkeep
|turn|18
|c|☆hallo darkniss|ur to good
|c|☆hallo darkniss|gg
|-message|hallo darkniss forfeited.
|
|win|Beangle
|raw|hallo darkniss's rating: 1069 &rarr; <strong>1050</strong><br />(-19 for losing)
|raw|Beangle's rating: 1091 &rarr; <strong>1116</strong><br />(+25 for winning)
|l|☆hallo darkniss
|player|p1|
|c|☆Beangle|jjsdhfjshdf gg
