|j|☆ZaneCrescentB
|j|☆keu2faire
|t:|1743894291
|gametype|singles
|player|p1|ZaneCrescentB|vessa|1134
|player|p2|keu2faire|az|1178
|teamsize|p1|6
|teamsize|p2|6
|gen|9
|tier|[Gen 9] OU
|rated|
|rule|HP Percentage Mod: HP is shown in percentages
|rule|Endless Battle Clause: Forcing endless battles is banned
|rule|Species Clause: Limit one of each Pokémon
|rule|OHKO Clause: OHKO moves are banned
|rule|Evasion Items Clause: Evasion items are banned
|rule|Evasion Moves Clause: Evasion moves are banned
|rule|Sleep Moves Clause: Sleep-inducing moves are banned
|clearpoke
|poke|p1|Pawmot, F|
|poke|p1|Alomomola, F|
|poke|p1|Grimmsnarl, M|
|poke|p1|Cinderace, F|
|poke|p1|Weavile, M|
|poke|p1|Toedscruel, M|
|poke|p2|Araquanid, M|
|poke|p2|Mimikyu, M|
|poke|p2|Bisharp, M|
|poke|p2|Corviknight, M|
|poke|p2|Iron Moth|
|poke|p2|Iron Hands|
|teampreview
|c|☆ZaneCrescentB|Gl hf.
|c|☆ZaneCrescentB|LEt's GO!
|
|t:|1743894302
|start
|switch|p1a: Grimm!|Grimmsnarl, M|100/100
|switch|p2a: Force|Araquanid, M, shiny|100/100
|turn|1
|
|t:|1743894311
|move|p1a: Grimm!|Thunder Wave|p2a: Force
|-status|p2a: Force|par
|move|p2a: Force|Sticky Web|p1a: Grimm!
|-sidestart|p1: ZaneCrescentB|move: Sticky Web
|
|upkeep
|turn|2
|c|☆keu2faire|gl
|
|t:|1743894318
|move|p1a: Grimm!|Spirit Break|p2a: Force
|-damage|p2a: Force|68/100 par
|-unboost|p2a: Force|spa|1
|-damage|p1a: Grimm!|84/100|[from] item: Rocky Helmet|[of] p2a: Force
|move|p2a: Force|Reflect|p2a: Force
|-sidestart|p2: keu2faire|Reflect
|
|upkeep
|turn|3
|
|t:|1743894328
|switch|p2a: HOHOHOHO|Corviknight, M, shiny|100/100
|-ability|p2a: HOHOHOHO|Pressure
|move|p1a: Grimm!|Parting Shot|p2a: HOHOHOHO
|-unboost|p2a: HOHOHOHO|atk|1
|-unboost|p2a: HOHOHOHO|spa|1
|
|t:|1743894336
|switch|p1a: Cinders|Cinderace, F|100/100|[from] Parting Shot
|
|upkeep
|turn|4
|
|t:|1743894341
|move|p1a: Cinders|Court Change|p1a: Cinders
|-start|p1a: Cinders|typechange|Normal|[from] ability: Libero
|-swapsideconditions
|-activate|p1a: Cinders|move: Court Change
|move|p2a: HOHOHOHO|U-turn|p1a: Cinders
|-damage|p1a: Cinders|94/100
|
|t:|1743894350
|switch|p2a: Daron|Iron Hands|100/100|[from] U-turn
|-activate|p2a: Daron|move: Sticky Web
|-unboost|p2a: Daron|spe|1
|
|upkeep
|turn|5
|
|t:|1743894359
|switch|p1a: Possi.|Alomomola, F|100/100
|move|p2a: Daron|Drain Punch|p1a: Possi.
|-damage|p1a: Possi.|88/100
|-damage|p2a: Daron|84/100|[from] item: Rocky Helmet|[of] p1a: Possi.
|
|-heal|p2a: Daron|90/100|[from] item: Leftovers
|upkeep
|turn|6
|
|t:|1743894368
|-end|p2a: Daron|Quark Drive|[silent]
|switch|p2a: HOHOHOHO|Corviknight, M, shiny|100/100
|-ability|p2a: HOHOHOHO|Pressure
|move|p1a: Possi.|Whirlpool|p2a: HOHOHOHO|[miss]
|-miss|p1a: Possi.|p2a: HOHOHOHO
|
|-sideend|p1: ZaneCrescentB|Reflect
|upkeep
|turn|7
|
|t:|1743894375
|move|p2a: HOHOHOHO|Defog|p1a: Possi.
|-unboost|p1a: Possi.|evasion|1
|-sideend|p2: keu2faire|Sticky Web|[from] move: Defog|[of] p2a: HOHOHOHO
|move|p1a: Possi.|Whirlpool|p2a: HOHOHOHO
|-damage|p2a: HOHOHOHO|94/100
|-activate|p2a: HOHOHOHO|move: Whirlpool|[of] p1a: Possi.
|
|-damage|p2a: HOHOHOHO|82/100|[from] move: Whirlpool|[partiallytrapped]
|upkeep
|turn|8
|
|t:|1743894385
|move|p2a: HOHOHOHO|U-turn|p1a: Possi.
|-damage|p1a: Possi.|78/100
|-damage|p2a: HOHOHOHO|65/100|[from] item: Rocky Helmet|[of] p1a: Possi.
|
|t:|1743894389
|switch|p2a: Force|Araquanid, M, shiny|68/100 par|[from] U-turn
|move|p1a: Possi.|Wish|p1a: Possi.
|
|upkeep
|turn|9
|
|t:|1743894410
|switch|p1a: Reimi Itadori|Pawmot, F, shiny|100/100
|move|p2a: Force|Lunge|p1a: Reimi Itadori
|-resisted|p1a: Reimi Itadori
|-damage|p1a: Reimi Itadori|76/100
|-unboost|p1a: Reimi Itadori|atk|1
|
|-heal|p1a: Reimi Itadori|100/100|[from] move: Wish|[wisher] Possi.
|upkeep
|turn|10
|
|t:|1743894439
|move|p1a: Reimi Itadori|Thunder Punch|p2a: Force
|-supereffective|p2a: Force
|-damage|p2a: Force|5/100 par
|move|p2a: Force|Reflect|p2a: Force
|-sidestart|p2: keu2faire|Reflect
|
|upkeep
|turn|11
|
|t:|1743894447
|move|p1a: Reimi Itadori|Mach Punch|p2a: Force
|-resisted|p2a: Force
|-damage|p2a: Force|0 fnt
|faint|p2a: Force
|
|upkeep
|
|t:|1743894451
|switch|p2a: Beru|Iron Moth|100/100
|-enditem|p2a: Beru|Booster Energy
|-activate|p2a: Beru|ability: Quark Drive|[fromitem]
|-start|p2a: Beru|quarkdrivespa
|turn|12
|c|☆ZaneCrescentB|BERU?!
|
|t:|1743894467
|switch|p1a: Possi.|Alomomola, F|100/100
|move|p2a: Beru|Dazzling Gleam|p1a: Possi.
|-damage|p1a: Possi.|63/100
|
|upkeep
|turn|13
|
|t:|1743894475
|-end|p2a: Beru|Quark Drive|[silent]
|switch|p2a: Daron|Iron Hands|90/100
|move|p1a: Possi.|Flip Turn|p2a: Daron
|-damage|p2a: Daron|85/100
|
|t:|1743894478
|switch|p1a: Grimm!|Grimmsnarl, M|84/100|[from] Flip Turn
|
|-heal|p2a: Daron|91/100|[from] item: Leftovers
|upkeep
|turn|14
|
|t:|1743894495
|-end|p2a: Daron|Quark Drive|[silent]
|switch|p2a: HOHOHOHO|Corviknight, M, shiny|65/100
|-ability|p2a: HOHOHOHO|Pressure
|move|p1a: Grimm!|Parting Shot|p2a: HOHOHOHO
|-unboost|p2a: HOHOHOHO|atk|1
|-unboost|p2a: HOHOHOHO|spa|1
|
|t:|1743894511
|switch|p1a: Reimi Itadori|Pawmot, F, shiny|100/100|[from] Parting Shot
|
|-sideend|p2: keu2faire|Reflect
|upkeep
|turn|15
|c|☆ZaneCrescentB|BLACK FLASH!
|
|t:|1743894524
|move|p1a: Reimi Itadori|Thunder Punch|p2a: HOHOHOHO
|-supereffective|p2a: HOHOHOHO
|-damage|p2a: HOHOHOHO|11/100
|move|p2a: HOHOHOHO|U-turn|p1a: Reimi Itadori
|-resisted|p1a: Reimi Itadori
|-crit|p1a: Reimi Itadori
|-damage|p1a: Reimi Itadori|83/100
|
|t:|1743894530
|switch|p2a: Beru|Iron Moth|100/100|[from] U-turn
|
|upkeep
|turn|16
|
|t:|1743894544
|switch|p1a: Possi.|Alomomola, F|96/100
|move|p2a: Beru|Dazzling Gleam|p1a: Possi.
|-damage|p1a: Possi.|68/100
|
|upkeep
|turn|17
|
|t:|1743894570
|-end|p2a: Beru|Quark Drive|[silent]
|switch|p2a: HOHOHOHO|Corviknight, M, shiny|11/100
|-ability|p2a: HOHOHOHO|Pressure
|move|p1a: Possi.|Flip Turn|p2a: HOHOHOHO
|-damage|p2a: HOHOHOHO|1/100
|-damage|p1a: Possi.|51/100|[from] item: Rocky Helmet|[of] p2a: HOHOHOHO
|
|t:|1743894574
|switch|p1a: Reimi Itadori|Pawmot, F, shiny|83/100|[from] Flip Turn
|
|upkeep
|turn|18
|
|t:|1743894582
|move|p1a: Reimi Itadori|Mach Punch|p2a: HOHOHOHO
|-damage|p2a: HOHOHOHO|0 fnt
|faint|p2a: HOHOHOHO
|
|upkeep
|
|t:|1743894599
|switch|p2a: Gogeta SSJ4|Bisharp, M, shiny|100/100
|turn|19
|c|☆ZaneCrescentB|SSJ4 GETA?
|
|t:|1743894613
|-terastallize|p2a: Gogeta SSJ4|Flying
|move|p1a: Reimi Itadori|Mach Punch|p2a: Gogeta SSJ4
|-resisted|p2a: Gogeta SSJ4
|-damage|p2a: Gogeta SSJ4|86/100
|move|p2a: Gogeta SSJ4|Aerial Ace|p1a: Reimi Itadori
|-damage|p1a: Reimi Itadori|18/100
|-damage|p2a: Gogeta SSJ4|76/100|[from] item: Life Orb
|
|upkeep
|turn|20
|
|t:|1743894620
|switch|p1a: Possi.|Alomomola, F|84/100
|move|p2a: Gogeta SSJ4|Sucker Punch||[still]
|-fail|p2a: Gogeta SSJ4
|
|upkeep
|turn|21
|c|☆keu2faire|yeahh
|
|t:|1743894629
|move|p2a: Gogeta SSJ4|Swords Dance|p2a: Gogeta SSJ4
|-boost|p2a: Gogeta SSJ4|atk|2
|move|p1a: Possi.|Wish|p1a: Possi.
|
|upkeep
|turn|22
|
|t:|1743894643
|move|p1a: Possi.|Protect|p1a: Possi.
|-singleturn|p1a: Possi.|Protect
|move|p2a: Gogeta SSJ4|Swords Dance|p2a: Gogeta SSJ4
|-boost|p2a: Gogeta SSJ4|atk|2
|
|-heal|p1a: Possi.|100/100|[from] move: Wish|[wisher] Possi.
|upkeep
|turn|23
|
|t:|1743894655
|move|p2a: Gogeta SSJ4|Iron Head|p1a: Possi.
|-resisted|p1a: Possi.
|-damage|p1a: Possi.|55/100
|-damage|p2a: Gogeta SSJ4|59/100|[from] item: Rocky Helmet|[of] p1a: Possi.
|-damage|p2a: Gogeta SSJ4|49/100|[from] item: Life Orb
|move|p1a: Possi.|Flip Turn|p2a: Gogeta SSJ4
|-damage|p2a: Gogeta SSJ4|30/100
|
|t:|1743894662
|switch|p1a: Grimm!|Grimmsnarl, M|84/100|[from] Flip Turn
|
|upkeep
|turn|24
|
|t:|1743894680
|move|p1a: Grimm!|Parting Shot|p2a: Gogeta SSJ4
|-unboost|p2a: Gogeta SSJ4|atk|1
|-ability|p2a: Gogeta SSJ4|Defiant|boost
|-boost|p2a: Gogeta SSJ4|atk|2
|-unboost|p2a: Gogeta SSJ4|spa|1
|-ability|p2a: Gogeta SSJ4|Defiant|boost
|-boost|p2a: Gogeta SSJ4|atk|1
|
|t:|1743894687
|switch|p1a: Possi.|Alomomola, F|88/100|[from] Parting Shot
|move|p2a: Gogeta SSJ4|Aerial Ace|p1a: Possi.
|-damage|p1a: Possi.|0 fnt
|-damage|p2a: Gogeta SSJ4|14/100|[from] item: Rocky Helmet|[of] p1a: Possi.
|faint|p1a: Possi.
|-damage|p2a: Gogeta SSJ4|4/100|[from] item: Life Orb
|
|upkeep
|c|☆ZaneCrescentB|Ooof.
|c|☆ZaneCrescentB|I forgot.
|
|t:|1743894700
|switch|p1a: Reimi Itadori|Pawmot, F, shiny|18/100
|turn|25
|c|☆keu2faire|yeah
|
|t:|1743894707
|move|p1a: Reimi Itadori|Mach Punch|p2a: Gogeta SSJ4
|-resisted|p2a: Gogeta SSJ4
|-damage|p2a: Gogeta SSJ4|0 fnt
|faint|p2a: Gogeta SSJ4
|
|upkeep
|c|☆ZaneCrescentB|But it doesn't matter.
|
|t:|1743894715
|switch|p2a: Beru|Iron Moth|100/100
|turn|26
|
|t:|1743894719
|move|p2a: Beru|Dazzling Gleam|p1a: Reimi Itadori
|-supereffective|p1a: Reimi Itadori
|-damage|p1a: Reimi Itadori|0 fnt
|faint|p1a: Reimi Itadori
|
|upkeep
|
|t:|1743894725
|switch|p1a: Grimm!|Grimmsnarl, M|84/100
|turn|27
|
|t:|1743894729
|move|p1a: Grimm!|Light Screen|p1a: Grimm!
|-sidestart|p1: ZaneCrescentB|move: Light Screen
|move|p2a: Beru|Psychic|p1a: Grimm!
|-immune|p1a: Grimm!
|
|upkeep
|turn|28
|
|t:|1743894761
|move|p1a: Grimm!|Thunder Wave|p2a: Beru
|-status|p2a: Beru|par
|move|p2a: Beru|Sludge Wave|p1a: Grimm!
|-supereffective|p1a: Grimm!
|-damage|p1a: Grimm!|24/100
|
|upkeep
|turn|29
|
|t:|1743894767
|move|p1a: Grimm!|Parting Shot|p2a: Beru
|-unboost|p2a: Beru|atk|1
|-unboost|p2a: Beru|spa|1
|
|t:|1743894774
|switch|p1a: Cruel Stones|Toedscruel, M|100/100|[from] Parting Shot
|cant|p2a: Beru|par
|
|upkeep
|turn|30
|
|t:|1743894803
|-end|p2a: Beru|Quark Drive|[silent]
|switch|p2a: Daron|Iron Hands|91/100
|move|p1a: Cruel Stones|Earth Power|p2a: Daron
|-supereffective|p2a: Daron
|-damage|p2a: Daron|36/100
|
|-heal|p2a: Daron|42/100|[from] item: Leftovers
|upkeep
|turn|31
|
|t:|1743894817
|move|p1a: Cruel Stones|Earth Power|p2a: Daron
|-supereffective|p2a: Daron
|-damage|p2a: Daron|0 fnt
|faint|p2a: Daron
|-end|p2a: Daron|Quark Drive|[silent]
|
|upkeep
|
|t:|1743894821
|switch|p2a: Cleaner|Mimikyu, M, shiny|100/100
|turn|32
|
|t:|1743894827
|move|p2a: Cleaner|Swords Dance|p2a: Cleaner
|-boost|p2a: Cleaner|atk|2
|move|p1a: Cruel Stones|Energy Ball|p2a: Cleaner
|-activate|p2a: Cleaner|ability: Disguise
|-damage|p2a: Cleaner|100/100
|detailschange|p2a: Cleaner|Mimikyu-Busted, M, shiny
|-damage|p2a: Cleaner|88/100|[from] pokemon: Mimikyu-Busted
|
|upkeep
|turn|33
|
|t:|1743894846
|move|p2a: Cleaner|Shadow Sneak|p1a: Cruel Stones
|-damage|p1a: Cruel Stones|52/100
|-damage|p2a: Cleaner|78/100|[from] item: Life Orb
|move|p1a: Cruel Stones|Earth Power|p2a: Cleaner
|-damage|p2a: Cleaner|46/100
|
|-heal|p1a: Cruel Stones|58/100|[from] item: Leftovers
|upkeep
|turn|34
|
|t:|1743894856
|move|p2a: Cleaner|Shadow Sneak|p1a: Cruel Stones
|-damage|p1a: Cruel Stones|10/100
|-damage|p2a: Cleaner|36/100|[from] item: Life Orb
|move|p1a: Cruel Stones|Earth Power|p2a: Cleaner
|-damage|p2a: Cleaner|2/100
|-unboost|p2a: Cleaner|spd|1
|
|-heal|p1a: Cruel Stones|16/100|[from] item: Leftovers
|-sideend|p1: ZaneCrescentB|move: Light Screen
|upkeep
|turn|35
|
|t:|1743894865
|switch|p1a: Grimm!|Grimmsnarl, M|24/100
|move|p2a: Cleaner|Shadow Sneak|p1a: Grimm!
|-resisted|p1a: Grimm!
|-damage|p1a: Grimm!|3/100
|-damage|p2a: Cleaner|0 fnt|[from] item: Life Orb
|faint|p2a: Cleaner
|
|upkeep
|c|☆ZaneCrescentB|Nice.
|
|t:|1743894872
|switch|p2a: Beru|Iron Moth|100/100 par
|turn|36
|
|t:|1743894876
|move|p1a: Grimm!|Light Screen|p1a: Grimm!
|-sidestart|p1: ZaneCrescentB|move: Light Screen
|cant|p2a: Beru|par
|
|upkeep
|turn|37
|
|t:|1743894879
|move|p1a: Grimm!|Parting Shot|p2a: Beru
|-unboost|p2a: Beru|atk|1
|-unboost|p2a: Beru|spa|1
|
|t:|1743894882
|switch|p1a: Keltin|Weavile, M|100/100|[from] Parting Shot
|-ability|p1a: Keltin|Pressure
|cant|p2a: Beru|par
|
|upkeep
|turn|38
|
|t:|1743894892
|move|p1a: Keltin|Knock Off|p2a: Beru
|-damage|p2a: Beru|48/100 par
|move|p2a: Beru|Dazzling Gleam|p1a: Keltin
|-supereffective|p1a: Keltin
|-damage|p1a: Keltin|73/100
|
|upkeep
|turn|39
|
|t:|1743894902
|switch|p1a: Grimm!|Grimmsnarl, M|3/100
|move|p2a: Beru|Dazzling Gleam|p1a: Grimm!
|-supereffective|p1a: Grimm!
|-damage|p1a: Grimm!|0 fnt
|faint|p1a: Grimm!
|
|upkeep
|-message|keu2faire forfeited.
|
|win|ZaneCrescentB
|raw|ZaneCrescentB's rating: 1134 &rarr; <strong>1162</strong><br />(+28 for winning)
|raw|keu2faire's rating: 1178 &rarr; <strong>1150</strong><br />(-28 for losing)
|l|☆keu2faire
|player|p2|
|c|☆ZaneCrescentB|Gg.
|c|☆ZaneCrescentB|I NEVER END ON A LOSS!!!
