|j|☆temperature111
|j|☆Quinto Sol
|t:|1743927024
|gametype|singles
|player|p1|temperature111|pokemonrangerf-gen4|1323
|player|p2|Quinto Sol|cynthia|1266
|teamsize|p1|6
|teamsize|p2|6
|gen|9
|tier|[Gen 9] OU
|rated|
|rule|HP Percentage Mod: HP is shown in percentages
|rule|Endless Battle Clause: Forcing endless battles is banned
|rule|Species Clause: Limit one of each Pokémon
|rule|OHKO Clause: OHKO moves are banned
|rule|Evasion Items Clause: Evasion items are banned
|rule|Evasion Moves Clause: Evasion moves are banned
|rule|Sleep Moves Clause: Sleep-inducing moves are banned
|clearpoke
|poke|p1|Clodsire, F|
|poke|p1|Pelipper, F|
|poke|p1|Barraskewda, M|
|poke|p1|Zapdos|
|poke|p1|Incineroar, F|
|poke|p1|Corviknight, M|
|poke|p2|Ceruledge, M|
|poke|p2|Quaquaval, M|
|poke|p2|Kingambit, M|
|poke|p2|Greninja-*, M|
|poke|p2|Serperior, F|
|poke|p2|Iron Jugulis|
|teampreview
|inactive|Battle timer is ON: inactive players will automatically lose when time's up. (requested by temperature111)
|
|t:|1743927049
|start
|switch|p1a: Pelipper|Pelipper, F|100/100
|switch|p2a: Iron Jugulis|Iron Jugulis|100/100
|-weather|RainDance|[from] ability: Drizzle|[of] p1a: Pelipper
|-enditem|p2a: Iron Jugulis|Booster Energy
|-activate|p2a: Iron Jugulis|ability: Quark Drive|[fromitem]
|-start|p2a: Iron Jugulis|quarkdrivespe
|turn|1
|
|t:|1743927067
|switch|p1a: Clodsire|Clodsire, F|100/100
|move|p2a: Iron Jugulis|Air Slash|p1a: Clodsire
|-damage|p1a: Clodsire|82/100
|
|-weather|RainDance|[upkeep]
|-heal|p1a: Clodsire|88/100|[from] item: Leftovers
|upkeep
|turn|2
|
|t:|1743927077
|move|p2a: Iron Jugulis|Earth Power|p1a: Clodsire
|-supereffective|p1a: Clodsire
|-damage|p1a: Clodsire|56/100
|move|p1a: Clodsire|Toxic|p2a: Iron Jugulis
|-status|p2a: Iron Jugulis|tox
|
|-weather|RainDance|[upkeep]
|-heal|p1a: Clodsire|62/100|[from] item: Leftovers
|-damage|p2a: Iron Jugulis|94/100 tox|[from] psn
|upkeep
|turn|3
|
|t:|1743927082
|move|p2a: Iron Jugulis|Air Slash|p1a: Clodsire
|-damage|p1a: Clodsire|42/100
|move|p1a: Clodsire|Recover|p1a: Clodsire
|-heal|p1a: Clodsire|92/100
|
|-weather|RainDance|[upkeep]
|-heal|p1a: Clodsire|98/100|[from] item: Leftovers
|-damage|p2a: Iron Jugulis|82/100 tox|[from] psn
|upkeep
|turn|4
|
|t:|1743927088
|move|p2a: Iron Jugulis|Dark Pulse|p1a: Clodsire
|-damage|p1a: Clodsire|75/100
|move|p1a: Clodsire|Stealth Rock|p2a: Iron Jugulis
|-sidestart|p2: Quinto Sol|move: Stealth Rock
|
|-weather|RainDance|[upkeep]
|-heal|p1a: Clodsire|81/100|[from] item: Leftovers
|-damage|p2a: Iron Jugulis|64/100 tox|[from] psn
|upkeep
|turn|5
|
|t:|1743927095
|move|p2a: Iron Jugulis|Air Slash|p1a: Clodsire
|-damage|p1a: Clodsire|61/100
|move|p1a: Clodsire|Recover|p1a: Clodsire
|-heal|p1a: Clodsire|100/100
|
|-weather|RainDance|[upkeep]
|-damage|p2a: Iron Jugulis|40/100 tox|[from] psn
|upkeep
|turn|6
|
|t:|1743927105
|move|p2a: Iron Jugulis|Dark Pulse|p1a: Clodsire
|-damage|p1a: Clodsire|78/100
|move|p1a: Clodsire|Stealth Rock||[still]
|-fail|p1a: Clodsire
|
|-weather|RainDance|[upkeep]
|-heal|p1a: Clodsire|85/100|[from] item: Leftovers
|-damage|p2a: Iron Jugulis|9/100 tox|[from] psn
|upkeep
|turn|7
|
|t:|1743927108
|move|p2a: Iron Jugulis|Dark Pulse|p1a: Clodsire
|-damage|p1a: Clodsire|62/100
|move|p1a: Clodsire|Recover|p1a: Clodsire
|-heal|p1a: Clodsire|100/100
|
|-weather|RainDance|[upkeep]
|-damage|p2a: Iron Jugulis|0 fnt|[from] psn
|faint|p2a: Iron Jugulis
|-end|p2a: Iron Jugulis|Quark Drive|[silent]
|upkeep
|
|t:|1743927111
|switch|p2a: Quaquaval|Quaquaval, M|100/100
|turn|8
|
|t:|1743927115
|move|p2a: Quaquaval|Rapid Spin|p1a: Clodsire
|-damage|p1a: Clodsire|83/100
|-boost|p2a: Quaquaval|spe|1
|-sideend|p2: Quinto Sol|Stealth Rock|[from] move: Rapid Spin|[of] p2a: Quaquaval
|move|p1a: Clodsire|Toxic|p2a: Quaquaval
|-status|p2a: Quaquaval|tox
|
|-weather|none
|-heal|p1a: Clodsire|89/100|[from] item: Leftovers
|-damage|p2a: Quaquaval|94/100 tox|[from] psn
|upkeep
|turn|9
|
|t:|1743927123
|move|p2a: Quaquaval|Ice Spinner|p1a: Clodsire
|-supereffective|p1a: Clodsire
|-damage|p1a: Clodsire|30/100
|move|p1a: Clodsire|Stealth Rock|p2a: Quaquaval
|-sidestart|p2: Quinto Sol|move: Stealth Rock
|
|-heal|p1a: Clodsire|36/100|[from] item: Leftovers
|-damage|p2a: Quaquaval|82/100 tox|[from] psn
|upkeep
|turn|10
|
|t:|1743927132
|switch|p1a: Incineroar|Incineroar, F|100/100
|-ability|p1a: Incineroar|Intimidate|boost
|-unboost|p2a: Quaquaval|atk|1
|move|p2a: Quaquaval|Ice Spinner|p1a: Incineroar
|-resisted|p1a: Incineroar
|-damage|p1a: Incineroar|95/100
|
|-damage|p2a: Quaquaval|64/100 tox|[from] psn
|upkeep
|turn|11
|
|t:|1743927145
|switch|p2a: Greninja|Greninja, M|100/100
|-damage|p2a: Greninja|88/100|[from] Stealth Rock
|switch|p1a: Pelipper|Pelipper, F|100/100
|-weather|RainDance|[from] ability: Drizzle|[of] p1a: Pelipper
|
|-weather|RainDance|[upkeep]
|upkeep
|turn|12
|
|t:|1743927150
|move|p2a: Greninja|Ice Beam|p1a: Pelipper
|-damage|p1a: Pelipper|63/100
|move|p1a: Pelipper|U-turn|p2a: Greninja
|-supereffective|p2a: Greninja
|-damage|p2a: Greninja|54/100
|
|t:|1743927157
|switch|p1a: Barraskewda|Barraskewda, M|100/100|[from] U-turn
|
|-weather|RainDance|[upkeep]
|upkeep
|turn|13
|
|t:|1743927163
|move|p1a: Barraskewda|Flip Turn|p2a: Greninja
|-resisted|p2a: Greninja
|-damage|p2a: Greninja|0 fnt
|faint|p2a: Greninja
|
|t:|1743927170
|switch|p1a: Zapdos|Zapdos|100/100|[from] Flip Turn
|
|-weather|RainDance|[upkeep]
|upkeep
|
|t:|1743927174
|switch|p2a: Serperior|Serperior, F|100/100
|-damage|p2a: Serperior|88/100|[from] Stealth Rock
|turn|14
|
|t:|1743927179
|move|p2a: Serperior|Leaf Storm|p1a: Zapdos
|-resisted|p1a: Zapdos
|-damage|p1a: Zapdos|75/100
|-boost|p2a: Serperior|spa|2
|move|p1a: Zapdos|Hurricane|p2a: Serperior
|-supereffective|p2a: Serperior
|-damage|p2a: Serperior|0 fnt
|faint|p2a: Serperior
|
|-weather|RainDance|[upkeep]
|upkeep
|
|t:|1743927185
|switch|p2a: Kingambit|Kingambit, M|100/100
|-damage|p2a: Kingambit|94/100|[from] Stealth Rock
|-activate|p2a: Kingambit|ability: Supreme Overlord
|-start|p2a: Kingambit|fallen3|[silent]
|turn|15
|
|t:|1743927195
|move|p2a: Kingambit|Sucker Punch|p1a: Zapdos
|-damage|p1a: Zapdos|0 fnt
|-status|p2a: Kingambit|par|[from] ability: Static|[of] p1a: Zapdos
|faint|p1a: Zapdos
|
|-weather|RainDance|[upkeep]
|upkeep
|
|t:|1743927201
|switch|p1a: Incineroar|Incineroar, F|95/100
|-ability|p1a: Incineroar|Intimidate|boost
|-unboost|p2a: Kingambit|atk|1
|turn|16
|
|t:|1743927207
|-end|p2a: Kingambit|fallen3|[silent]
|switch|p2a: Quaquaval|Quaquaval, M|64/100 tox
|move|p1a: Incineroar|Parting Shot|p2a: Quaquaval
|-unboost|p2a: Quaquaval|atk|1
|-unboost|p2a: Quaquaval|spa|1
|
|t:|1743927213
|switch|p1a: Barraskewda|Barraskewda, M|100/100|[from] Parting Shot
|
|-weather|RainDance|[upkeep]
|-damage|p2a: Quaquaval|58/100 tox|[from] psn
|upkeep
|turn|17
|
|t:|1743927216
|move|p1a: Barraskewda|Liquidation|p2a: Quaquaval
|-resisted|p2a: Quaquaval
|-damage|p2a: Quaquaval|0 fnt
|faint|p2a: Quaquaval
|
|-weather|RainDance|[upkeep]
|upkeep
|
|t:|1743927219
|switch|p2a: Kingambit|Kingambit, M|94/100 par
|-damage|p2a: Kingambit|88/100 par|[from] Stealth Rock
|-activate|p2a: Kingambit|ability: Supreme Overlord
|-start|p2a: Kingambit|fallen4|[silent]
|turn|18
|
|t:|1743927223
|move|p2a: Kingambit|Sucker Punch|p1a: Barraskewda
|-damage|p1a: Barraskewda|0 fnt
|faint|p1a: Barraskewda
|
|-weather|none
|upkeep
|
|t:|1743927230
|switch|p1a: Incineroar|Incineroar, F|95/100
|-ability|p1a: Incineroar|Intimidate|boost
|-unboost|p2a: Kingambit|atk|1
|turn|19
|
|t:|1743927236
|move|p1a: Incineroar|Parting Shot|p2a: Kingambit
|-unboost|p2a: Kingambit|atk|1
|-unboost|p2a: Kingambit|spa|1
|
|t:|1743927241
|switch|p1a: Pelipper|Pelipper, F|63/100|[from] Parting Shot
|-weather|RainDance|[from] ability: Drizzle|[of] p1a: Pelipper
|move|p2a: Kingambit|Brick Break|p1a: Pelipper
|-resisted|p1a: Pelipper
|-damage|p1a: Pelipper|55/100
|
|-weather|RainDance|[upkeep]
|upkeep
|turn|20
|
|t:|1743927250
|-end|p2a: Kingambit|fallen4|[silent]
|switch|p2a: Ceruledge|Ceruledge, M|100/100
|-damage|p2a: Ceruledge|76/100|[from] Stealth Rock
|move|p1a: Pelipper|Weather Ball|p2a: Ceruledge
|-supereffective|p2a: Ceruledge
|-damage|p2a: Ceruledge|0 fnt
|faint|p2a: Ceruledge
|
|-weather|RainDance|[upkeep]
|upkeep
|
|t:|1743927252
|switch|p2a: Kingambit|Kingambit, M|88/100 par
|-damage|p2a: Kingambit|82/100 par|[from] Stealth Rock
|-activate|p2a: Kingambit|ability: Supreme Overlord
|-start|p2a: Kingambit|fallen5|[silent]
|turn|21
|
|t:|1743927259
|move|p1a: Pelipper|U-turn|p2a: Kingambit
|-damage|p2a: Kingambit|75/100 par
|
|t:|1743927262
|switch|p1a: Incineroar|Incineroar, F|95/100|[from] U-turn
|-ability|p1a: Incineroar|Intimidate|boost
|-unboost|p2a: Kingambit|atk|1
|move|p2a: Kingambit|Swords Dance|p2a: Kingambit
|-boost|p2a: Kingambit|atk|2
|
|-weather|RainDance|[upkeep]
|upkeep
|turn|22
|
|t:|1743927267
|-terastallize|p2a: Kingambit|Dark
|move|p1a: Incineroar|Parting Shot|p2a: Kingambit
|-unboost|p2a: Kingambit|atk|1
|-unboost|p2a: Kingambit|spa|1
|
|t:|1743927275
|switch|p1a: Corviknight|Corviknight, M|100/100|[from] Parting Shot
|-ability|p1a: Corviknight|Pressure
|cant|p2a: Kingambit|par
|
|-weather|RainDance|[upkeep]
|upkeep
|turn|23
|
|t:|1743927279
|move|p1a: Corviknight|Body Press|p2a: Kingambit
|-supereffective|p2a: Kingambit
|-damage|p2a: Kingambit|39/100 par
|move|p2a: Kingambit|Swords Dance|p2a: Kingambit
|-boost|p2a: Kingambit|atk|2
|
|-weather|RainDance|[upkeep]
|upkeep
|turn|24
|
|t:|1743927287
|move|p2a: Kingambit|Sucker Punch|p1a: Corviknight
|-damage|p1a: Corviknight|0 fnt
|-damage|p2a: Kingambit|23/100 par|[from] item: Rocky Helmet|[of] p1a: Corviknight
|faint|p1a: Corviknight
|
|-weather|RainDance|[upkeep]
|upkeep
|
|t:|1743927291
|switch|p1a: Incineroar|Incineroar, F|95/100
|-ability|p1a: Incineroar|Intimidate|boost
|-unboost|p2a: Kingambit|atk|1
|turn|25
|
|t:|1743927294
|move|p2a: Kingambit|Sucker Punch||[still]
|-fail|p2a: Kingambit
|move|p1a: Incineroar|Parting Shot|p2a: Kingambit
|-unboost|p2a: Kingambit|atk|1
|-unboost|p2a: Kingambit|spa|1
|-message|Quinto Sol forfeited.
|
|win|temperature111
|raw|temperature111's rating: 1323 &rarr; <strong>1340</strong><br />(+17 for winning)
|raw|Quinto Sol's rating: 1266 &rarr; <strong>1245</strong><br />(-21 for losing)
|l|☆Quinto Sol
|player|p2|
|l|☆temperature111
|player|p1|
