|j|☆Kyle Shmelvin
|j|☆deebeeweebee
|t:|1743918041
|gametype|singles
|player|p1|Kyle Shmelvin|scientistf|1101
|player|p2|deebeeweebee|169|1178
|teamsize|p1|6
|teamsize|p2|6
|gen|9
|tier|[Gen 9] OU
|rated|
|rule|HP Percentage Mod: HP is shown in percentages
|rule|Endless Battle Clause: Forcing endless battles is banned
|rule|Species Clause: Limit one of each Pokémon
|rule|OHKO Clause: OHKO moves are banned
|rule|Evasion Items Clause: Evasion items are banned
|rule|Evasion Moves Clause: Evasion moves are banned
|rule|Sleep Moves Clause: Sleep-inducing moves are banned
|clearpoke
|poke|p1|Moltres|
|poke|p1|Blissey, F|
|poke|p1|Kyurem|
|poke|p1|Kingambit, M|
|poke|p1|Dragonite, F|
|poke|p1|Metagross|
|poke|p2|Orthworm, F|
|poke|p2|Clodsire, F|
|poke|p2|Pecharunt|
|poke|p2|Great Tusk|
|poke|p2|Slowking, F|
|poke|p2|Weavile, F|
|teampreview
|
|t:|1743918062
|start
|switch|p1a: Kyurem|Kyurem, shiny|100/100
|switch|p2a: Clodsire|Clodsire, F, shiny|100/100
|-ability|p1a: Kyurem|Pressure
|turn|1
|
|t:|1743918074
|-terastallize|p2a: Clodsire|Water
|move|p1a: Kyurem|Ice Beam|p2a: Clodsire
|-resisted|p2a: Clodsire
|-damage|p2a: Clodsire|88/100
|move|p2a: Clodsire|Toxic|p1a: Kyurem
|-status|p1a: Kyurem|tox
|
|-damage|p1a: Kyurem|94/100 tox|[from] psn
|upkeep
|turn|2
|
|t:|1743918087
|move|p1a: Kyurem|Freeze-Dry|p2a: Clodsire
|-supereffective|p2a: Clodsire
|-damage|p2a: Clodsire|45/100
|move|p2a: Clodsire|Stealth Rock|p1a: Kyurem
|-sidestart|p1: Kyle Shmelvin|move: Stealth Rock
|
|-damage|p1a: Kyurem|82/100 tox|[from] psn
|upkeep
|turn|3
|
|t:|1743918094
|switch|p2a: Slowking|Slowking, F, shiny|100/100
|move|p1a: Kyurem|Freeze-Dry|p2a: Slowking
|-supereffective|p2a: Slowking
|-damage|p2a: Slowking|55/100
|-status|p2a: Slowking|frz
|
|-damage|p1a: Kyurem|64/100 tox|[from] psn
|upkeep
|turn|4
|
|t:|1743918110
|switch|p1a: Dragonite|Dragonite, F|100/100
|-prepare|p2a: Slowking|Chilly Reception|[premajor]
|-curestatus|p2a: Slowking|frz|[msg]
|move|p2a: Slowking|Chilly Reception|p2a: Slowking
|-weather|Snowscape
|
|t:|1743918116
|switch|p2a: Orthworm|Orthworm, F, shiny|100/100|[from] Chilly Reception
|
|-weather|Snowscape|[upkeep]
|upkeep
|turn|5
|
|t:|1743918123
|move|p1a: Dragonite|Dragon Dance|p1a: Dragonite
|-boost|p1a: Dragonite|atk|1
|-boost|p1a: Dragonite|spe|1
|move|p2a: Orthworm|Spikes|p1a: Dragonite
|-sidestart|p1: Kyle Shmelvin|Spikes
|
|-weather|Snowscape|[upkeep]
|upkeep
|turn|6
|
|t:|1743918127
|move|p1a: Dragonite|Dragon Dance|p1a: Dragonite
|-boost|p1a: Dragonite|atk|1
|-boost|p1a: Dragonite|spe|1
|move|p2a: Orthworm|Iron Defense|p2a: Orthworm
|-boost|p2a: Orthworm|def|2
|
|-weather|Snowscape|[upkeep]
|upkeep
|turn|7
|
|t:|1743918131
|move|p1a: Dragonite|Dragon Dance|p1a: Dragonite
|-boost|p1a: Dragonite|atk|1
|-boost|p1a: Dragonite|spe|1
|move|p2a: Orthworm|Iron Defense|p2a: Orthworm
|-boost|p2a: Orthworm|def|2
|
|-weather|Snowscape|[upkeep]
|upkeep
|turn|8
|
|t:|1743918135
|move|p1a: Dragonite|Dragon Dance|p1a: Dragonite
|-boost|p1a: Dragonite|atk|1
|-boost|p1a: Dragonite|spe|1
|move|p2a: Orthworm|Body Press|p1a: Dragonite
|-resisted|p1a: Dragonite
|-damage|p1a: Dragonite|74/100
|
|-weather|none
|upkeep
|turn|9
|
|t:|1743918140
|move|p1a: Dragonite|Dragon Dance|p1a: Dragonite
|-boost|p1a: Dragonite|atk|1
|-boost|p1a: Dragonite|spe|1
|move|p2a: Orthworm|Iron Defense|p2a: Orthworm
|-boost|p2a: Orthworm|def|2
|
|upkeep
|turn|10
|
|t:|1743918142
|move|p1a: Dragonite|Dragon Dance|p1a: Dragonite
|-boost|p1a: Dragonite|atk|1
|-boost|p1a: Dragonite|spe|1
|move|p2a: Orthworm|Body Press|p1a: Dragonite
|-resisted|p1a: Dragonite
|-damage|p1a: Dragonite|5/100
|
|upkeep
|turn|11
|
|t:|1743918150
|move|p1a: Dragonite|Earthquake|p2a: Orthworm
|-immune|p2a: Orthworm|[from] ability: Earth Eater
|move|p2a: Orthworm|Spikes|p1a: Dragonite
|-sidestart|p1: Kyle Shmelvin|Spikes
|
|upkeep
|turn|12
|
|t:|1743918156
|move|p1a: Dragonite|Ice Spinner|p2a: Orthworm
|-resisted|p2a: Orthworm
|-damage|p2a: Orthworm|92/100
|-damage|p1a: Dragonite|0 fnt|[from] item: Rocky Helmet|[of] p2a: Orthworm
|faint|p1a: Dragonite
|move|p2a: Orthworm|Spikes|p1: Dragonite
|-sidestart|p1: Kyle Shmelvin|Spikes
|
|upkeep
|
|t:|1743918159
|switch|p1a: Moltres|Moltres, shiny|100/100
|turn|13
|
|t:|1743918166
|switch|p2a: Clodsire|Clodsire, F, shiny, tera:Water|45/100
|move|p1a: Moltres|Flamethrower|p2a: Clodsire
|-resisted|p2a: Clodsire
|-damage|p2a: Clodsire|35/100
|
|upkeep
|turn|14
|
|t:|1743918187
|switch|p1a: Kyurem|Kyurem, shiny|64/100 tox
|-ability|p1a: Kyurem|Pressure
|move|p2a: Clodsire|Recover|p2a: Clodsire
|-heal|p2a: Clodsire|85/100
|
|-damage|p1a: Kyurem|58/100 tox|[from] psn
|upkeep
|turn|15
|
|t:|1743918202
|move|p1a: Kyurem|Freeze-Dry|p2a: Clodsire
|-supereffective|p2a: Clodsire
|-damage|p2a: Clodsire|45/100
|move|p2a: Clodsire|Recover|p2a: Clodsire
|-heal|p2a: Clodsire|95/100
|
|-damage|p1a: Kyurem|45/100 tox|[from] psn
|upkeep
|turn|16
|
|t:|1743918211
|move|p1a: Kyurem|Freeze-Dry|p2a: Clodsire
|-supereffective|p2a: Clodsire
|-crit|p2a: Clodsire
|-damage|p2a: Clodsire|37/100
|move|p2a: Clodsire|Earthquake|p1a: Kyurem
|-damage|p1a: Kyurem|19/100 tox
|
|-damage|p1a: Kyurem|0 fnt|[from] psn
|faint|p1a: Kyurem
|upkeep
|
|t:|1743918221
|switch|p1a: Metagross|Metagross|100/100
|-damage|p1a: Metagross|95/100|[from] Stealth Rock
|-damage|p1a: Metagross|70/100|[from] Spikes
|turn|17
|
|t:|1743918231
|move|p1a: Metagross|Earthquake|p2a: Clodsire
|-damage|p2a: Clodsire|0 fnt
|faint|p2a: Clodsire
|
|upkeep
|
|t:|1743918242
|switch|p2a: Weavile|Weavile, F, shiny|100/100
|-ability|p2a: Weavile|Pressure
|turn|18
|
|t:|1743918248
|move|p1a: Metagross|Earthquake|p2a: Weavile
|-damage|p2a: Weavile|38/100
|move|p2a: Weavile|Knock Off|p1a: Metagross
|-supereffective|p1a: Metagross
|-damage|p1a: Metagross|0 fnt
|-enditem|p1a: Metagross|Choice Scarf|[from] move: Knock Off|[of] p2a: Weavile
|faint|p1a: Metagross
|
|upkeep
|
|t:|1743918254
|switch|p1a: Moltres|Moltres, shiny|100/100
|turn|19
|
|t:|1743918261
|move|p2a: Weavile|Knock Off|p1a: Moltres
|-damage|p1a: Moltres|67/100
|-enditem|p1a: Moltres|Heavy-Duty Boots|[from] move: Knock Off|[of] p2a: Weavile
|move|p1a: Moltres|Air Slash|p2a: Weavile
|-damage|p2a: Weavile|0 fnt
|faint|p2a: Weavile
|
|upkeep
|
|t:|1743918268
|switch|p2a: Slowking|Slowking, F, shiny|88/100
|turn|20
|
|t:|1743918279
|switch|p1a: Kingambit|Kingambit, M|100/100
|-damage|p1a: Kingambit|94/100|[from] Stealth Rock
|-damage|p1a: Kingambit|69/100|[from] Spikes
|-activate|p1a: Kingambit|ability: Supreme Overlord
|-start|p1a: Kingambit|fallen3|[silent]
|move|p2a: Slowking|Scald|p1a: Kingambit
|-damage|p1a: Kingambit|42/100
|
|-heal|p1a: Kingambit|48/100|[from] item: Leftovers
|upkeep
|turn|21
|
|t:|1743918293
|switch|p2a: Orthworm|Orthworm, F, shiny|92/100
|move|p1a: Kingambit|Kowtow Cleave|p2a: Orthworm
|-damage|p2a: Orthworm|56/100
|-damage|p1a: Kingambit|31/100|[from] item: Rocky Helmet|[of] p2a: Orthworm
|
|-heal|p1a: Kingambit|37/100|[from] item: Leftovers
|upkeep
|turn|22
|
|t:|1743918301
|move|p2a: Orthworm|Body Press|p1a: Kingambit
|-supereffective|p1a: Kingambit
|-damage|p1a: Kingambit|0 fnt
|faint|p1a: Kingambit
|-end|p1a: Kingambit|fallen3|[silent]
|
|upkeep
|-message|Kyle Shmelvin forfeited.
|
|win|deebeeweebee
|raw|Kyle Shmelvin's rating: 1101 &rarr; <strong>1081</strong><br />(-20 for losing)
|raw|deebeeweebee's rating: 1178 &rarr; <strong>1198</strong><br />(+20 for winning)
|l|☆Kyle Shmelvin
|player|p1|
|l|☆deebeeweebee
|player|p2|
