|j|‽bigblacknunruly
|j|☆huggyG
|t:|1743910567
|gametype|singles
|player|p1|bigblacknunruly|sage|1183
|player|p2|huggyG|101|1153
|teamsize|p1|6
|teamsize|p2|6
|gen|9
|tier|[Gen 9] OU
|rated|
|rule|HP Percentage Mod: HP is shown in percentages
|rule|Endless Battle Clause: Forcing endless battles is banned
|rule|Species Clause: Limit one of each Pokémon
|rule|OHKO Clause: OHKO moves are banned
|rule|Evasion Items Clause: Evasion items are banned
|rule|Evasion Moves Clause: Evasion moves are banned
|rule|Sleep Moves Clause: Sleep-inducing moves are banned
|clearpoke
|poke|p1|Okidogi, M|
|poke|p1|Rotom-Wash|
|poke|p1|Rillaboom, F|
|poke|p1|Corviknight, F|
|poke|p1|Toxapex, F|
|poke|p1|Gholdengo|
|poke|p2|Excadrill, F|
|poke|p2|Azumarill, F|
|poke|p2|Darkrai|
|poke|p2|Ludicolo, F|
|poke|p2|Pelipper, M|
|poke|p2|Wo-Chien|
|teampreview
|
|t:|1743910590
|start
|switch|p1a: Rotom|Rotom-Wash|100/100
|switch|p2a: Wo-Chien|Wo-Chien|100/100
|-ability|p2a: Wo-Chien|Tablets of Ruin
|turn|1
|
|t:|1743910607
|move|p1a: Rotom|Thunder Wave|p2a: Wo-Chien
|-status|p2a: Wo-Chien|par
|move|p2a: Wo-Chien|Leech Seed|p1a: Rotom
|-start|p1a: Rotom|move: Leech Seed
|
|-damage|p1a: Rotom|88/100|[from] Leech Seed|[of] p2a: Wo-Chien
|upkeep
|turn|2
|
|t:|1743910631
|move|p1a: Rotom|Volt Switch|p2a: Wo-Chien
|-resisted|p2a: Wo-Chien
|-damage|p2a: Wo-Chien|93/100 par
|
|t:|1743910647
|switch|p1a: Okidogi|Okidogi, M|100/100|[from] Volt Switch
|move|p2a: Wo-Chien|Knock Off|p1a: Okidogi
|-resisted|p1a: Okidogi
|-damage|p1a: Okidogi|89/100
|-enditem|p1a: Okidogi|Covert Cloak|[from] move: Knock Off|[of] p2a: Wo-Chien
|
|-heal|p2a: Wo-Chien|99/100 par|[from] item: Leftovers
|upkeep
|turn|3
|
|t:|1743910673
|move|p1a: Okidogi|Bulk Up|p1a: Okidogi
|-boost|p1a: Okidogi|atk|1
|-boost|p1a: Okidogi|def|1
|move|p2a: Wo-Chien|Tickle|p1a: Okidogi
|-unboost|p1a: Okidogi|atk|1
|-unboost|p1a: Okidogi|def|1
|
|-heal|p2a: Wo-Chien|100/100 par|[from] item: Leftovers
|upkeep
|turn|4
|
|t:|1743910684
|move|p1a: Okidogi|Knock Off|p2a: Wo-Chien
|-resisted|p2a: Wo-Chien
|-damage|p2a: Wo-Chien|92/100 par
|-enditem|p2a: Wo-Chien|Leftovers|[from] move: Knock Off|[of] p1a: Okidogi
|move|p2a: Wo-Chien|Leech Seed|p1a: Okidogi
|-start|p1a: Okidogi|move: Leech Seed
|
|-damage|p1a: Okidogi|77/100|[from] Leech Seed|[of] p2a: Wo-Chien
|-heal|p2a: Wo-Chien|100/100 par|[silent]
|upkeep
|turn|5
|
|t:|1743910721
|move|p1a: Okidogi|Bulk Up|p1a: Okidogi
|-boost|p1a: Okidogi|atk|1
|-boost|p1a: Okidogi|def|1
|move|p2a: Wo-Chien|Tickle|p1a: Okidogi
|-unboost|p1a: Okidogi|atk|1
|-unboost|p1a: Okidogi|def|1
|
|-damage|p1a: Okidogi|65/100|[from] Leech Seed|[of] p2a: Wo-Chien
|upkeep
|turn|6
|
|t:|1743910748
|move|p1a: Okidogi|Bulk Up|p1a: Okidogi
|-boost|p1a: Okidogi|atk|1
|-boost|p1a: Okidogi|def|1
|move|p2a: Wo-Chien|Tickle|p1a: Okidogi
|-unboost|p1a: Okidogi|atk|1
|-unboost|p1a: Okidogi|def|1
|
|-damage|p1a: Okidogi|52/100|[from] Leech Seed|[of] p2a: Wo-Chien
|upkeep
|turn|7
|
|t:|1743910759
|move|p1a: Okidogi|Bulk Up|p1a: Okidogi
|-boost|p1a: Okidogi|atk|1
|-boost|p1a: Okidogi|def|1
|move|p2a: Wo-Chien|Tickle|p1a: Okidogi
|-unboost|p1a: Okidogi|atk|1
|-unboost|p1a: Okidogi|def|1
|
|-damage|p1a: Okidogi|40/100|[from] Leech Seed|[of] p2a: Wo-Chien
|upkeep
|turn|8
|
|t:|1743910775
|switch|p1a: Corviknight|Corviknight, F|100/100
|-ability|p1a: Corviknight|Pressure
|move|p2a: Wo-Chien|Tickle|p1a: Corviknight
|-unboost|p1a: Corviknight|atk|1
|-unboost|p1a: Corviknight|def|1
|
|upkeep
|turn|9
|
|t:|1743910786
|move|p1a: Corviknight|Defog|p2a: Wo-Chien
|-unboost|p2a: Wo-Chien|evasion|1
|move|p2a: Wo-Chien|Leech Seed|p1a: Corviknight
|-start|p1a: Corviknight|move: Leech Seed
|
|-damage|p1a: Corviknight|88/100|[from] Leech Seed|[of] p2a: Wo-Chien
|upkeep
|turn|10
|
|t:|1743910792
|move|p1a: Corviknight|Brave Bird|p2a: Wo-Chien
|-supereffective|p2a: Wo-Chien
|-damage|p2a: Wo-Chien|68/100 par
|-damage|p1a: Corviknight|78/100|[from] Recoil
|move|p2a: Wo-Chien|Knock Off|p1a: Corviknight
|-damage|p1a: Corviknight|52/100
|-enditem|p1a: Corviknight|Heavy-Duty Boots|[from] move: Knock Off|[of] p2a: Wo-Chien
|
|-damage|p1a: Corviknight|40/100|[from] Leech Seed|[of] p2a: Wo-Chien
|-heal|p2a: Wo-Chien|82/100 par|[silent]
|upkeep
|turn|11
|
|t:|1743910821
|move|p1a: Corviknight|Brave Bird|p2a: Wo-Chien
|-supereffective|p2a: Wo-Chien
|-crit|p2a: Wo-Chien
|-damage|p2a: Wo-Chien|11/100 par
|-damage|p1a: Corviknight|18/100|[from] Recoil
|move|p2a: Wo-Chien|Tickle|p1a: Corviknight
|-unboost|p1a: Corviknight|atk|1
|-unboost|p1a: Corviknight|def|1
|
|-damage|p1a: Corviknight|5/100|[from] Leech Seed|[of] p2a: Wo-Chien
|-heal|p2a: Wo-Chien|25/100 par|[silent]
|upkeep
|turn|12
|
|t:|1743910880
|move|p2a: Wo-Chien|Protect|p2a: Wo-Chien
|-singleturn|p2a: Wo-Chien|Protect
|move|p1a: Corviknight|U-turn|p2a: Wo-Chien
|-activate|p2a: Wo-Chien|move: Protect
|
|-damage|p1a: Corviknight|0 fnt|[from] Leech Seed|[of] p2a: Wo-Chien
|-heal|p2a: Wo-Chien|30/100 par|[silent]
|faint|p1a: Corviknight
|upkeep
|
|t:|1743910889
|switch|p1a: Okidogi|Okidogi, M|40/100
|turn|13
|
|t:|1743910900
|move|p1a: Okidogi|Drain Punch|p2a: Wo-Chien
|-supereffective|p2a: Wo-Chien
|-damage|p2a: Wo-Chien|0 fnt
|-heal|p1a: Okidogi|54/100|[from] drain|[of] p2a: Wo-Chien
|faint|p2a: Wo-Chien
|
|upkeep
|
|t:|1743910911
|switch|p2a: Pelipper|Pelipper, M|100/100
|-weather|RainDance|[from] ability: Drizzle|[of] p2a: Pelipper
|turn|14
|
|t:|1743910929
|switch|p1a: Rotom|Rotom-Wash|88/100
|move|p2a: Pelipper|Tailwind|p2a: Pelipper
|-sidestart|p2: huggyG|move: Tailwind
|
|-weather|RainDance|[upkeep]
|upkeep
|turn|15
|
|t:|1743910950
|move|p2a: Pelipper|Hurricane|p1a: Rotom
|-resisted|p1a: Rotom
|-damage|p1a: Rotom|68/100
|-enditem|p1a: Rotom|Eject Button
|
|t:|1743910958
|switch|p1a: Gholdengo|Gholdengo|100/100
|
|-weather|RainDance|[upkeep]
|upkeep
|turn|16
|
|t:|1743910972
|move|p2a: Pelipper|Weather Ball|p1a: Gholdengo
|-damage|p1a: Gholdengo|51/100
|move|p1a: Gholdengo|Thunderbolt|p2a: Pelipper
|-supereffective|p2a: Pelipper
|-damage|p2a: Pelipper|0 fnt
|faint|p2a: Pelipper
|
|-weather|RainDance|[upkeep]
|upkeep
|
|t:|1743911001
|switch|p2a: Excadrill|Excadrill, F|100/100
|-ability|p2a: Excadrill|Mold Breaker
|turn|17
|
|t:|1743911009
|switch|p1a: Rillaboom|Rillaboom, F|100/100
|-fieldstart|move: Grassy Terrain|[from] ability: Grassy Surge|[of] p1a: Rillaboom
|move|p2a: Excadrill|Stealth Rock|p1a: Rillaboom
|-sidestart|p1: bigblacknunruly|move: Stealth Rock
|
|-weather|RainDance|[upkeep]
|-sideend|p2: huggyG|move: Tailwind
|upkeep
|turn|18
|
|t:|1743911078
|switch|p2a: Ludicolo|Ludicolo, F, shiny|100/100
|move|p1a: Rillaboom|Knock Off|p2a: Ludicolo
|-damage|p2a: Ludicolo|49/100
|-enditem|p2a: Ludicolo|Life Orb|[from] move: Knock Off|[of] p1a: Rillaboom
|
|-weather|none
|-heal|p2a: Ludicolo|55/100|[from] Grassy Terrain
|upkeep
|turn|19
|
|t:|1743911098
|move|p1a: Rillaboom|U-turn|p2a: Ludicolo
|-supereffective|p2a: Ludicolo
|-damage|p2a: Ludicolo|0 fnt
|faint|p2a: Ludicolo
|
|t:|1743911111
|switch|p1a: Toxapex|Toxapex, F|100/100|[from] U-turn
|-damage|p1a: Toxapex|88/100|[from] Stealth Rock
|
|-heal|p1a: Toxapex|94/100|[from] Grassy Terrain
|upkeep
|
|t:|1743911124
|switch|p2a: Darkrai|Darkrai|100/100
|turn|20
|
|t:|1743911131
|move|p2a: Darkrai|Thunder|p1a: Toxapex|[miss]
|-miss|p2a: Darkrai|p1a: Toxapex
|move|p1a: Toxapex|Surf|p2a: Darkrai
|-damage|p2a: Darkrai|60/100
|
|-heal|p2a: Darkrai|66/100|[from] Grassy Terrain
|-heal|p1a: Toxapex|99/100|[from] Grassy Terrain
|upkeep
|turn|21
|
|t:|1743911143
|switch|p2a: Excadrill|Excadrill, F|100/100
|-ability|p2a: Excadrill|Mold Breaker
|move|p1a: Toxapex|Sludge Bomb|p2a: Excadrill
|-immune|p2a: Excadrill
|
|-heal|p1a: Toxapex|100/100|[from] Grassy Terrain
|-fieldend|move: Grassy Terrain
|upkeep
|turn|22
|
|t:|1743911153
|move|p2a: Excadrill|Rapid Spin|p1a: Toxapex
|-damage|p1a: Toxapex|86/100
|-boost|p2a: Excadrill|spe|1
|-damage|p2a: Excadrill|84/100|[from] item: Rocky Helmet|[of] p1a: Toxapex
|move|p1a: Toxapex|Surf|p2a: Excadrill
|-supereffective|p2a: Excadrill
|-damage|p2a: Excadrill|2/100
|
|upkeep
|turn|23
|
|t:|1743911164
|-terastallize|p1a: Toxapex|Water
|move|p2a: Excadrill|Earthquake|p1a: Toxapex
|-damage|p1a: Toxapex|45/100
|move|p1a: Toxapex|Surf|p2a: Excadrill
|-supereffective|p2a: Excadrill
|-damage|p2a: Excadrill|0 fnt
|faint|p2a: Excadrill
|
|upkeep
|
|t:|1743911169
|switch|p2a: Azumarill|Azumarill, F, shiny|100/100
|turn|24
|
|t:|1743911176
|move|p2a: Azumarill|Double-Edge|p1a: Toxapex
|-damage|p1a: Toxapex|0 fnt
|-damage|p2a: Azumarill|84/100|[from] item: Rocky Helmet|[of] p1a: Toxapex
|faint|p1a: Toxapex
|-damage|p2a: Azumarill|73/100|[from] Recoil
|-damage|p2a: Azumarill|63/100|[from] item: Life Orb
|
|upkeep
|
|t:|1743911187
|switch|p1a: Rotom|Rotom-Wash|68/100
|-damage|p1a: Rotom|56/100|[from] Stealth Rock
|turn|25
|
|t:|1743911207
|-terastallize|p2a: Azumarill|Grass
|move|p1a: Rotom|Volt Switch|p2a: Azumarill
|-resisted|p2a: Azumarill
|-damage|p2a: Azumarill|50/100
|
|t:|1743911213
|switch|p1a: Rillaboom|Rillaboom, F|100/100|[from] Volt Switch
|-damage|p1a: Rillaboom|88/100|[from] Stealth Rock
|-fieldstart|move: Grassy Terrain|[from] ability: Grassy Surge|[of] p1a: Rillaboom
|move|p2a: Azumarill|Play Rough|p1a: Rillaboom
|-crit|p1a: Rillaboom
|-damage|p1a: Rillaboom|0 fnt
|faint|p1a: Rillaboom
|-damage|p2a: Azumarill|40/100|[from] item: Life Orb
|
|-heal|p2a: Azumarill|46/100|[from] Grassy Terrain
|upkeep
|
|t:|1743911224
|switch|p1a: Okidogi|Okidogi, M|54/100
|-damage|p1a: Okidogi|48/100|[from] Stealth Rock
|turn|26
|
|t:|1743911234
|move|p2a: Azumarill|Aqua Jet|p1a: Okidogi
|-damage|p1a: Okidogi|22/100
|-damage|p2a: Azumarill|36/100|[from] item: Life Orb
|move|p1a: Okidogi|Drain Punch|p2a: Azumarill
|-damage|p2a: Azumarill|5/100
|-heal|p1a: Okidogi|38/100|[from] drain|[of] p2a: Azumarill
|-status|p2a: Azumarill|tox|[from] ability: Toxic Chain|[of] p1a: Okidogi
|
|-heal|p1a: Okidogi|44/100|[from] Grassy Terrain
|-heal|p2a: Azumarill|12/100 tox|[from] Grassy Terrain
|-damage|p2a: Azumarill|5/100 tox|[from] psn
|upkeep
|turn|27
|
|t:|1743911254
|move|p1a: Okidogi|Drain Punch|p2a: Azumarill
|-damage|p2a: Azumarill|0 fnt
|-heal|p1a: Okidogi|47/100|[from] drain|[of] p2a: Azumarill
|faint|p2a: Azumarill
|
|-heal|p1a: Okidogi|53/100|[from] Grassy Terrain
|upkeep
|
|t:|1743911257
|switch|p2a: Darkrai|Darkrai|66/100
|turn|28
|
|t:|1743911274
|move|p2a: Darkrai|Thunder|p1a: Okidogi
|-damage|p1a: Okidogi|14/100
|-damage|p2a: Darkrai|56/100|[from] item: Life Orb
|move|p1a: Okidogi|Drain Punch|p2a: Darkrai
|-supereffective|p2a: Darkrai
|-damage|p2a: Darkrai|0 fnt
|-heal|p1a: Okidogi|34/100|[from] drain|[of] p2a: Darkrai
|faint|p2a: Darkrai
|
|win|bigblacknunruly
|raw|bigblacknunruly's rating: 1183 &rarr; <strong>1206</strong><br />(+23 for winning)
|raw|huggyG's rating: 1153 &rarr; <strong>1130</strong><br />(-23 for losing)
|l|☆huggyG
|player|p2|
