|j|‽JackRG1
|j|☆M1rrorshot
|t:|1743865699
|gametype|singles
|player|p1|JackRG1|iris|1490
|player|p2|M1rrorshot|266|1578
|teamsize|p1|6
|teamsize|p2|6
|gen|9
|tier|[Gen 9] OU
|rated|
|rule|HP Percentage Mod: HP is shown in percentages
|rule|Endless Battle Clause: Forcing endless battles is banned
|rule|Species Clause: Limit one of each Pokémon
|rule|OHKO Clause: OHKO moves are banned
|rule|Evasion Items Clause: Evasion items are banned
|rule|Evasion Moves Clause: Evasion moves are banned
|rule|Sleep Moves Clause: Sleep-inducing moves are banned
|clearpoke
|poke|p1|Slowking-Galar, M|
|poke|p1|Corviknight, M|
|poke|p1|Cinderace, M|
|poke|p1|Zamazenta-*|
|poke|p1|Sinistcha|
|poke|p1|Clodsire, M|
|poke|p2|Scizor, F|
|poke|p2|Ogerpon-Wellspring, F|
|poke|p2|Raging Bolt|
|poke|p2|Pecharunt|
|poke|p2|Landorus-Therian, M|
|poke|p2|Samurott-Hisui, F|
|teampreview
|inactive|Battle timer is ON: inactive players will automatically lose when time's up. (requested by JackRG1)
|
|t:|1743865727
|start
|switch|p1a: Slowking|Slowking-Galar, M|100/100
|switch|p2a: Samurott|Samurott-Hisui, F|100/100
|turn|1
|
|t:|1743865732
|switch|p1a: Corviknight|Corviknight, M, shiny|100/100
|-ability|p1a: Corviknight|Pressure
|move|p2a: Samurott|Knock Off|p1a: Corviknight
|-damage|p1a: Corviknight|76/100
|-damage|p2a: Samurott|84/100|[from] item: Rocky Helmet|[of] p1a: Corviknight
|-enditem|p1a: Corviknight|Rocky Helmet|[from] move: Knock Off|[of] p2a: Samurott
|
|upkeep
|turn|2
|
|t:|1743865744
|switch|p2a: Landorus|Landorus-Therian, M|100/100
|-ability|p2a: Landorus|Intimidate|boost
|-unboost|p1a: Corviknight|atk|1
|move|p1a: Corviknight|Body Press|p2a: Landorus
|-resisted|p2a: Landorus
|-damage|p2a: Landorus|88/100
|-damage|p1a: Corviknight|60/100|[from] item: Rocky Helmet|[of] p2a: Landorus
|
|upkeep
|turn|3
|
|t:|1743865753
|switch|p1a: Slowking|Slowking-Galar, M|100/100
|move|p2a: Landorus|Taunt|p1a: Slowking
|-start|p1a: Slowking|move: Taunt
|
|upkeep
|turn|4
|
|t:|1743865760
|move|p2a: Landorus|U-turn|p1a: Slowking
|-damage|p1a: Slowking|83/100
|
|t:|1743865762
|switch|p2a: Scizor|Scizor, F|100/100|[from] U-turn
|move|p1a: Slowking|Ice Beam|p2a: Scizor
|-resisted|p2a: Scizor
|-damage|p2a: Scizor|85/100
|
|upkeep
|turn|5
|
|t:|1743865781
|move|p2a: Scizor|U-turn|p1a: Slowking
|-damage|p1a: Slowking|34/100
|
|t:|1743865791
|switch|p2a: Samurott|Samurott-Hisui, F|84/100|[from] U-turn
|move|p1a: Slowking|Future Sight|p2a: Samurott
|-start|p1a: Slowking|move: Future Sight
|
|-end|p1a: Slowking|move: Taunt
|upkeep
|turn|6
|
|t:|1743865803
|switch|p1a: Zamazenta|Zamazenta|100/100
|-ability|p1a: Zamazenta|Dauntless Shield|boost
|-boost|p1a: Zamazenta|def|1
|move|p2a: Samurott|Flip Turn|p1a: Zamazenta
|-damage|p1a: Zamazenta|84/100
|
|t:|1743865810
|switch|p2a: Scizor|Scizor, F|85/100|[from] Flip Turn
|
|upkeep
|turn|7
|
|t:|1743865818
|-terastallize|p1a: Zamazenta|Fighting
|move|p1a: Zamazenta|Close Combat|p2a: Scizor
|-damage|p2a: Scizor|0 fnt
|-unboost|p1a: Zamazenta|def|1
|-unboost|p1a: Zamazenta|spd|1
|faint|p2a: Scizor
|
|-hint|Future Sight did not hit because the target is fainted.
|upkeep
|
|t:|1743865832
|switch|p2a: Pecharunt|Pecharunt|100/100
|turn|8
|
|t:|1743865836
|switch|p1a: Slowking|Slowking-Galar, M|68/100
|move|p2a: Pecharunt|Parting Shot|p1a: Slowking
|-unboost|p1a: Slowking|atk|1
|-unboost|p1a: Slowking|spa|1
|
|t:|1743865844
|switch|p2a: Samurott|Samurott-Hisui, F|84/100|[from] Parting Shot
|
|upkeep
|turn|9
|
|t:|1743865851
|switch|p1a: Zamazenta|Zamazenta, tera:Fighting|84/100
|move|p2a: Samurott|Ceaseless Edge|p1a: Zamazenta
|-resisted|p1a: Zamazenta
|-damage|p1a: Zamazenta|65/100
|-sidestart|p1: JackRG1|Spikes
|
|upkeep
|turn|10
|
|t:|1743865859
|switch|p2a: Pecharunt|Pecharunt|100/100
|switch|p1a: Corviknight|Corviknight, M, shiny|60/100
|-ability|p1a: Corviknight|Pressure
|
|upkeep
|turn|11
|
|t:|1743865868
|move|p2a: Pecharunt|Parting Shot|p1a: Corviknight
|-unboost|p1a: Corviknight|atk|1
|-unboost|p1a: Corviknight|spa|1
|
|t:|1743865872
|switch|p2a: Landorus|Landorus-Therian, M|88/100|[from] Parting Shot
|-ability|p2a: Landorus|Intimidate|boost
|-unboost|p1a: Corviknight|atk|1
|move|p1a: Corviknight|Defog|p2a: Landorus
|-unboost|p2a: Landorus|evasion|1
|-sideend|p1: JackRG1|Spikes|[from] move: Defog|[of] p1a: Corviknight
|
|upkeep
|turn|12
|
|t:|1743865880
|switch|p1a: Sinistcha|Sinistcha|100/100
|move|p2a: Landorus|Taunt|p1a: Sinistcha
|-start|p1a: Sinistcha|move: Taunt
|
|upkeep
|turn|13
|
|t:|1743865886
|move|p2a: Landorus|Stealth Rock|p1a: Sinistcha
|-sidestart|p1: JackRG1|move: Stealth Rock
|move|p1a: Sinistcha|Matcha Gotcha|p2a: Landorus
|-damage|p2a: Landorus|50/100
|
|upkeep
|turn|14
|
|t:|1743865893
|move|p2a: Landorus|U-turn|p1a: Sinistcha
|-damage|p1a: Sinistcha|85/100
|
|t:|1743865900
|switch|p2a: Raging Bolt|Raging Bolt|100/100|[from] U-turn
|move|p1a: Sinistcha|Shadow Ball|p2a: Raging Bolt
|-damage|p2a: Raging Bolt|71/100
|
|-heal|p1a: Sinistcha|92/100|[from] item: Leftovers
|-end|p1a: Sinistcha|move: Taunt
|upkeep
|turn|15
|
|t:|1743865915
|switch|p1a: Clodsire|Clodsire, M|100/100
|move|p2a: Raging Bolt|Draco Meteor|p1a: Clodsire
|-damage|p1a: Clodsire|61/100
|-unboost|p2a: Raging Bolt|spa|2
|
|upkeep
|turn|16
|
|t:|1743865927
|-end|p2a: Raging Bolt|Protosynthesis|[silent]
|switch|p2a: Landorus|Landorus-Therian, M|50/100
|-ability|p2a: Landorus|Intimidate|boost
|-unboost|p1a: Clodsire|atk|1
|move|p1a: Clodsire|Recover|p1a: Clodsire
|-heal|p1a: Clodsire|100/100
|
|upkeep
|turn|17
|
|t:|1743865934
|switch|p1a: Sinistcha|Sinistcha|92/100
|-damage|p1a: Sinistcha|79/100|[from] Stealth Rock
|move|p2a: Landorus|Taunt|p1a: Sinistcha
|-start|p1a: Sinistcha|move: Taunt
|
|-heal|p1a: Sinistcha|85/100|[from] item: Leftovers
|upkeep
|turn|18
|
|t:|1743865943
|move|p2a: Landorus|U-turn|p1a: Sinistcha
|-damage|p1a: Sinistcha|70/100
|
|t:|1743865947
|switch|p2a: Raging Bolt|Raging Bolt|71/100|[from] U-turn
|move|p1a: Sinistcha|Matcha Gotcha|p2a: Raging Bolt
|-resisted|p2a: Raging Bolt
|-damage|p2a: Raging Bolt|56/100
|-heal|p1a: Sinistcha|79/100|[from] drain|[of] p2a: Raging Bolt
|-status|p2a: Raging Bolt|brn
|
|-heal|p1a: Sinistcha|85/100|[from] item: Leftovers
|-damage|p2a: Raging Bolt|50/100 brn|[from] brn
|upkeep
|turn|19
|
|t:|1743865967
|-end|p2a: Raging Bolt|Protosynthesis|[silent]
|switch|p2a: Ogerpon|Ogerpon-Wellspring, F|100/100
|switch|p1a: Clodsire|Clodsire, M|100/100
|
|upkeep
|turn|20
|
|t:|1743865982
|switch|p1a: Zamazenta|Zamazenta, tera:Fighting|65/100
|-damage|p1a: Zamazenta|59/100|[from] Stealth Rock
|move|p2a: Ogerpon|U-turn|p1a: Zamazenta
|-resisted|p1a: Zamazenta
|-damage|p1a: Zamazenta|47/100
|
|t:|1743865992
|switch|p2a: Landorus|Landorus-Therian, M|50/100|[from] U-turn
|-ability|p2a: Landorus|Intimidate|boost
|-unboost|p1a: Zamazenta|atk|1
|
|upkeep
|turn|21
|
|t:|1743865998
|switch|p2a: Pecharunt|Pecharunt|100/100
|move|p1a: Zamazenta|Stone Edge|p2a: Pecharunt|[miss]
|-miss|p1a: Zamazenta|p2a: Pecharunt
|
|upkeep
|turn|22
|
|t:|1743866022
|switch|p1a: Cinderace|Cinderace, M|100/100
|move|p2a: Pecharunt|Parting Shot|p1a: Cinderace
|-unboost|p1a: Cinderace|atk|1
|-unboost|p1a: Cinderace|spa|1
|
|t:|1743866029
|switch|p2a: Samurott|Samurott-Hisui, F|84/100|[from] Parting Shot
|
|upkeep
|turn|23
|
|t:|1743866038
|switch|p1a: Sinistcha|Sinistcha|85/100
|-damage|p1a: Sinistcha|72/100|[from] Stealth Rock
|move|p2a: Samurott|Aqua Cutter|p1a: Sinistcha
|-resisted|p1a: Sinistcha
|-crit|p1a: Sinistcha
|-damage|p1a: Sinistcha|50/100
|
|-heal|p1a: Sinistcha|56/100|[from] item: Leftovers
|upkeep
|turn|24
|
|t:|1743866050
|switch|p2a: Raging Bolt|Raging Bolt|50/100 brn
|move|p1a: Sinistcha|Strength Sap|p2a: Raging Bolt
|-unboost|p2a: Raging Bolt|atk|1
|-heal|p1a: Sinistcha|99/100
|
|-heal|p1a: Sinistcha|100/100|[from] item: Leftovers
|-damage|p2a: Raging Bolt|44/100 brn|[from] brn
|upkeep
|turn|25
|
|t:|1743866075
|switch|p1a: Slowking|Slowking-Galar, M|100/100
|-damage|p1a: Slowking|88/100|[from] Stealth Rock
|move|p2a: Raging Bolt|Draco Meteor|p1a: Slowking
|-damage|p1a: Slowking|26/100
|-unboost|p2a: Raging Bolt|spa|2
|
|-damage|p2a: Raging Bolt|38/100 brn|[from] brn
|upkeep
|turn|26
|
|t:|1743866088
|-end|p2a: Raging Bolt|Protosynthesis|[silent]
|switch|p2a: Samurott|Samurott-Hisui, F|84/100
|switch|p1a: Clodsire|Clodsire, M|100/100
|
|upkeep
|turn|27
|
|t:|1743866099
|move|p2a: Samurott|Aqua Cutter|p1a: Clodsire
|-supereffective|p1a: Clodsire
|-damage|p1a: Clodsire|0 fnt
|faint|p1a: Clodsire
|
|upkeep
|
|t:|1743866103
|switch|p1a: Sinistcha|Sinistcha|100/100
|-damage|p1a: Sinistcha|88/100|[from] Stealth Rock
|turn|28
|
|t:|1743866115
|switch|p2a: Pecharunt|Pecharunt|100/100
|move|p1a: Sinistcha|Calm Mind|p1a: Sinistcha
|-boost|p1a: Sinistcha|spa|1
|-boost|p1a: Sinistcha|spd|1
|
|-heal|p1a: Sinistcha|94/100|[from] item: Leftovers
|upkeep
|turn|29
|
|t:|1743866125
|move|p2a: Pecharunt|Malignant Chain|p1a: Sinistcha
|-damage|p1a: Sinistcha|70/100
|move|p1a: Sinistcha|Shadow Ball|p2a: Pecharunt
|-supereffective|p2a: Pecharunt
|-damage|p2a: Pecharunt|6/100
|-unboost|p2a: Pecharunt|spd|1
|
|-heal|p1a: Sinistcha|77/100|[from] item: Leftovers
|upkeep
|turn|30
|
|t:|1743866134
|move|p2a: Pecharunt|Malignant Chain|p1a: Sinistcha
|-damage|p1a: Sinistcha|50/100
|move|p1a: Sinistcha|Matcha Gotcha|p2a: Pecharunt
|-resisted|p2a: Pecharunt
|-damage|p2a: Pecharunt|0 fnt
|-heal|p1a: Sinistcha|53/100|[from] drain|[of] p2a: Pecharunt
|faint|p2a: Pecharunt
|
|-heal|p1a: Sinistcha|59/100|[from] item: Leftovers
|upkeep
|
|t:|1743866159
|switch|p2a: Raging Bolt|Raging Bolt|38/100 brn
|turn|31
|
|t:|1743866165
|switch|p1a: Slowking|Slowking-Galar, M|59/100
|-damage|p1a: Slowking|47/100|[from] Stealth Rock
|move|p2a: Raging Bolt|Draco Meteor|p1a: Slowking
|-damage|p1a: Slowking|0 fnt
|-unboost|p2a: Raging Bolt|spa|2
|faint|p1a: Slowking
|
|-damage|p2a: Raging Bolt|31/100 brn|[from] brn
|upkeep
|
|t:|1743866171
|switch|p1a: Cinderace|Cinderace, M|100/100
|turn|32
|
|t:|1743866179
|-end|p2a: Raging Bolt|Protosynthesis|[silent]
|switch|p2a: Landorus|Landorus-Therian, M|50/100
|-ability|p2a: Landorus|Intimidate|boost
|-unboost|p1a: Cinderace|atk|1
|move|p1a: Cinderace|Court Change|p1a: Cinderace
|-swapsideconditions
|-activate|p1a: Cinderace|move: Court Change
|
|upkeep
|turn|33
|
|t:|1743866187
|move|p1a: Cinderace|Will-O-Wisp|p2a: Landorus
|-status|p2a: Landorus|brn
|move|p2a: Landorus|Stealth Rock|p1a: Cinderace
|-sidestart|p1: JackRG1|move: Stealth Rock
|
|-damage|p2a: Landorus|44/100 brn|[from] brn
|upkeep
|turn|34
|
|t:|1743866194
|move|p1a: Cinderace|Pyro Ball|p2a: Landorus
|-damage|p2a: Landorus|11/100 brn
|move|p2a: Landorus|Taunt|p1a: Cinderace
|-start|p1a: Cinderace|move: Taunt
|
|-damage|p2a: Landorus|5/100 brn|[from] brn
|upkeep
|turn|35
|
|t:|1743866202
|move|p1a: Cinderace|Pyro Ball|p2a: Landorus
|-damage|p2a: Landorus|0 fnt
|faint|p2a: Landorus
|
|upkeep
|
|t:|1743866210
|switch|p2a: Samurott|Samurott-Hisui, F|84/100
|-damage|p2a: Samurott|72/100|[from] Stealth Rock
|turn|36
|
|t:|1743866216
|move|p2a: Samurott|Aqua Cutter|p1a: Cinderace
|-supereffective|p1a: Cinderace
|-damage|p1a: Cinderace|0 fnt
|faint|p1a: Cinderace
|
|upkeep
|
|t:|1743866219
|switch|p1a: Sinistcha|Sinistcha|59/100
|-damage|p1a: Sinistcha|47/100|[from] Stealth Rock
|turn|37
|
|t:|1743866229
|switch|p2a: Ogerpon|Ogerpon-Wellspring, F|100/100
|-damage|p2a: Ogerpon|88/100|[from] Stealth Rock
|move|p1a: Sinistcha|Strength Sap|p2a: Ogerpon
|-unboost|p2a: Ogerpon|atk|1
|-heal|p1a: Sinistcha|100/100
|
|upkeep
|turn|38
|
|t:|1743866239
|move|p2a: Ogerpon|Knock Off|p1a: Sinistcha
|-supereffective|p1a: Sinistcha
|-damage|p1a: Sinistcha|62/100
|-enditem|p1a: Sinistcha|Leftovers|[from] move: Knock Off|[of] p2a: Ogerpon
|move|p1a: Sinistcha|Matcha Gotcha|p2a: Ogerpon
|-damage|p2a: Ogerpon|49/100
|-heal|p1a: Sinistcha|79/100|[from] drain|[of] p2a: Ogerpon
|
|upkeep
|turn|39
|
|t:|1743866251
|move|p2a: Ogerpon|Knock Off|p1a: Sinistcha
|-supereffective|p1a: Sinistcha
|-damage|p1a: Sinistcha|52/100
|move|p1a: Sinistcha|Strength Sap|p2a: Ogerpon
|-unboost|p2a: Ogerpon|atk|1
|-heal|p1a: Sinistcha|100/100
|
|upkeep
|turn|40
|
|t:|1743866266
|move|p2a: Ogerpon|Knock Off|p1a: Sinistcha
|-supereffective|p1a: Sinistcha
|-damage|p1a: Sinistcha|80/100
|move|p1a: Sinistcha|Shadow Ball|p2a: Ogerpon
|-damage|p2a: Ogerpon|10/100
|
|upkeep
|turn|41
|
|t:|1743866272
|move|p2a: Ogerpon|Knock Off|p1a: Sinistcha
|-supereffective|p1a: Sinistcha
|-damage|p1a: Sinistcha|62/100
|move|p1a: Sinistcha|Strength Sap|p2a: Ogerpon
|-unboost|p2a: Ogerpon|atk|1
|-heal|p1a: Sinistcha|100/100
|
|upkeep
|turn|42
|
|t:|1743866281
|move|p2a: Ogerpon|Knock Off|p1a: Sinistcha
|-supereffective|p1a: Sinistcha
|-damage|p1a: Sinistcha|86/100
|move|p1a: Sinistcha|Matcha Gotcha|p2a: Ogerpon
|-damage|p2a: Ogerpon|0 fnt
|-heal|p1a: Sinistcha|90/100|[from] drain|[of] p2a: Ogerpon
|faint|p2a: Ogerpon
|
|upkeep
|
|t:|1743866297
|switch|p2a: Raging Bolt|Raging Bolt|31/100 brn
|turn|43
|
|t:|1743866308
|move|p2a: Raging Bolt|Draco Meteor|p1a: Sinistcha
|-damage|p1a: Sinistcha|5/100
|-unboost|p2a: Raging Bolt|spa|2
|move|p1a: Sinistcha|Shadow Ball|p2a: Raging Bolt
|-crit|p2a: Raging Bolt
|-damage|p2a: Raging Bolt|0 fnt
|faint|p2a: Raging Bolt
|-end|p2a: Raging Bolt|Protosynthesis|[silent]
|
|upkeep
|
|t:|1743866317
|switch|p2a: Samurott|Samurott-Hisui, F|72/100
|-damage|p2a: Samurott|59/100|[from] Stealth Rock
|turn|44
|
|t:|1743866325
|move|p2a: Samurott|Aqua Cutter|p1a: Sinistcha
|-resisted|p1a: Sinistcha
|-crit|p1a: Sinistcha
|-damage|p1a: Sinistcha|0 fnt
|faint|p1a: Sinistcha
|
|upkeep
|
|t:|1743866327
|switch|p1a: Corviknight|Corviknight, M, shiny|60/100
|-damage|p1a: Corviknight|47/100|[from] Stealth Rock
|-ability|p1a: Corviknight|Pressure
|turn|45
|
|t:|1743866337
|-terastallize|p2a: Samurott|Ghost
|move|p2a: Samurott|Aqua Cutter|p1a: Corviknight
|-damage|p1a: Corviknight|16/100
|move|p1a: Corviknight|Roost|p1a: Corviknight
|-heal|p1a: Corviknight|66/100
|-singleturn|p1a: Corviknight|move: Roost
|
|upkeep
|turn|46
|
|t:|1743866345
|move|p2a: Samurott|Aqua Cutter|p1a: Corviknight
|-damage|p1a: Corviknight|38/100
|move|p1a: Corviknight|Roost|p1a: Corviknight
|-heal|p1a: Corviknight|88/100
|-singleturn|p1a: Corviknight|move: Roost
|
|upkeep
|turn|47
|
|t:|1743866352
|move|p2a: Samurott|Aqua Cutter|p1a: Corviknight
|-damage|p1a: Corviknight|58/100
|move|p1a: Corviknight|Roost|p1a: Corviknight
|-heal|p1a: Corviknight|100/100
|-singleturn|p1a: Corviknight|move: Roost
|
|upkeep
|turn|48
|
|t:|1743866361
|move|p2a: Samurott|Aqua Cutter|p1a: Corviknight
|-damage|p1a: Corviknight|74/100
|move|p1a: Corviknight|Brave Bird|p2a: Samurott
|-damage|p2a: Samurott|14/100
|-damage|p1a: Corviknight|62/100|[from] Recoil
|
|upkeep
|turn|49
|
|t:|1743866368
|move|p2a: Samurott|Aqua Cutter|p1a: Corviknight
|-damage|p1a: Corviknight|32/100
|move|p1a: Corviknight|Brave Bird|p2a: Samurott
|-damage|p2a: Samurott|0 fnt
|faint|p2a: Samurott
|-damage|p1a: Corviknight|28/100|[from] Recoil
|
|win|JackRG1
|raw|JackRG1's rating: 1490 &rarr; <strong>1515</strong><br />(+25 for winning)
|raw|M1rrorshot's rating: 1578 &rarr; <strong>1553</strong><br />(-25 for losing)
|l|☆M1rrorshot
|player|p2|
