|j|☆the original power
|j|‽JustAskChat
|t:|1743788959
|gametype|singles
|player|p1|the original power|lance|1260
|player|p2|JustAskChat|unknown|1265
|teamsize|p1|6
|teamsize|p2|6
|gen|9
|tier|[Gen 9] OU
|rated|
|rule|HP Percentage Mod: HP is shown in percentages
|rule|Endless Battle Clause: Forcing endless battles is banned
|rule|Species Clause: Limit one of each Pokémon
|rule|OHKO Clause: OHKO moves are banned
|rule|Evasion Items Clause: Evasion items are banned
|rule|Evasion Moves Clause: Evasion moves are banned
|rule|Sleep Moves Clause: Sleep-inducing moves are banned
|clearpoke
|poke|p1|Raichu, M|
|poke|p1|Gengar, M|
|poke|p1|Blastoise, F|
|poke|p1|Mew|
|poke|p1|Dragonite, F|
|poke|p1|Clefable, F|
|poke|p2|Samurott-Hisui, M|
|poke|p2|Garganacl, M|
|poke|p2|Tinkaton, F|
|poke|p2|Dragapult, M|
|poke|p2|Gliscor, M|
|poke|p2|Great Tusk|
|teampreview
|inactive|Battle timer is ON: inactive players will automatically lose when time's up. (requested by the original power)
|c|☆the original power|hf
|inactive|JustAskChat has 120 seconds left.
|
|t:|1743788998
|start
|switch|p1a: Raichu|Raichu, M|100/100
|switch|p2a: Samurott|Samurott-Hisui, M, shiny|100/100
|turn|1
|
|t:|1743789006
|switch|p2a: Gliscor|Gliscor, M, shiny|100/100
|move|p1a: Raichu|Reflect|p1a: Raichu
|-sidestart|p1: the original power|Reflect
|
|-status|p2a: Gliscor|tox|[from] item: Toxic Orb
|upkeep
|turn|2
|
|t:|1743789015
|move|p1a: Raichu|Light Screen|p1a: Raichu
|-sidestart|p1: the original power|move: Light Screen
|move|p2a: Gliscor|Toxic|p1a: Raichu
|-status|p1a: Raichu|tox
|
|-damage|p1a: Raichu|94/100 tox|[from] psn
|upkeep
|turn|3
|
|t:|1743789022
|switch|p1a: Gengar|Gengar, M|100/100
|-item|p1a: Gengar|Air Balloon
|move|p2a: Gliscor|U-turn|p1a: Gengar
|-resisted|p1a: Gengar
|-damage|p1a: Gengar|97/100
|-enditem|p1a: Gengar|Air Balloon
|
|t:|1743789033
|switch|p2a: Samurott|Samurott-Hisui, M, shiny|100/100|[from] U-turn
|
|upkeep
|turn|4
|
|t:|1743789039
|move|p1a: Gengar|Sludge Wave|p2a: Samurott
|-damage|p2a: Samurott|25/100
|move|p2a: Samurott|Ceaseless Edge|p1a: Gengar
|-supereffective|p1a: Gengar
|-damage|p1a: Gengar|1/100
|-start|p2a: Samurott|Disable|Ceaseless Edge|[from] ability: Cursed Body|[of] p1a: Gengar
|-sidestart|p1: the original power|Spikes
|
|upkeep
|turn|5
|
|t:|1743789050
|move|p2a: Samurott|Sucker Punch|p1a: Gengar
|-supereffective|p1a: Gengar
|-damage|p1a: Gengar|0 fnt
|faint|p1a: Gengar
|
|upkeep
|
|t:|1743789073
|switch|p1a: Blastoise|Blastoise, F|100/100
|-damage|p1a: Blastoise|88/100|[from] Spikes
|turn|6
|inactive|JustAskChat has 120 seconds left.
|
|t:|1743789105
|switch|p2a: Tinkaton|Tinkaton, F, shiny|100/100
|-item|p2a: Tinkaton|Air Balloon
|move|p1a: Blastoise|Shell Smash|p1a: Blastoise
|-unboost|p1a: Blastoise|def|1
|-unboost|p1a: Blastoise|spd|1
|-boost|p1a: Blastoise|atk|2
|-boost|p1a: Blastoise|spa|2
|-boost|p1a: Blastoise|spe|2
|-enditem|p1a: Blastoise|White Herb
|-clearnegativeboost|p1a: Blastoise|[silent]
|
|upkeep
|turn|7
|
|t:|1743789112
|move|p1a: Blastoise|Hydro Pump|p2a: Tinkaton
|-damage|p2a: Tinkaton|22/100
|-enditem|p2a: Tinkaton|Air Balloon
|move|p2a: Tinkaton|Knock Off|p1a: Blastoise
|-damage|p1a: Blastoise|82/100
|
|upkeep
|turn|8
|
|t:|1743789119
|move|p1a: Blastoise|Aura Sphere|p2a: Tinkaton
|-damage|p2a: Tinkaton|0 fnt
|faint|p2a: Tinkaton
|
|-sideend|p1: the original power|Reflect
|upkeep
|
|t:|1743789133
|switch|p2a: Garganacl|Garganacl, M, shiny|100/100
|turn|9
|
|t:|1743789149
|-terastallize|p2a: Garganacl|Water
|move|p1a: Blastoise|Hydro Pump|p2a: Garganacl|[miss]
|-miss|p1a: Blastoise|p2a: Garganacl
|move|p2a: Garganacl|Salt Cure|p1a: Blastoise
|-damage|p1a: Blastoise|65/100
|-start|p1a: Blastoise|Salt Cure
|
|-damage|p1a: Blastoise|41/100|[from] Salt Cure
|-sideend|p1: the original power|move: Light Screen
|upkeep
|turn|10
|
|t:|1743789157
|move|p1a: Blastoise|Aura Sphere|p2a: Garganacl
|-damage|p2a: Garganacl|73/100
|move|p2a: Garganacl|Recover|p2a: Garganacl
|-heal|p2a: Garganacl|100/100
|
|-damage|p1a: Blastoise|16/100|[from] Salt Cure
|upkeep
|turn|11
|
|t:|1743789169
|move|p1a: Blastoise|Aura Sphere|p2a: Garganacl
|-damage|p2a: Garganacl|70/100
|move|p2a: Garganacl|Curse|p2a: Garganacl
|-unboost|p2a: Garganacl|spe|1
|-boost|p2a: Garganacl|atk|1
|-boost|p2a: Garganacl|def|1
|
|-heal|p2a: Garganacl|76/100|[from] item: Leftovers
|-damage|p1a: Blastoise|0 fnt|[from] Salt Cure
|faint|p1a: Blastoise
|upkeep
|
|t:|1743789174
|switch|p1a: Raichu|Raichu, M|94/100 tox
|-damage|p1a: Raichu|82/100 tox|[from] Spikes
|turn|12
|
|t:|1743789177
|move|p1a: Raichu|Reflect|p1a: Raichu
|-sidestart|p1: the original power|Reflect
|move|p2a: Garganacl|Recover|p2a: Garganacl
|-heal|p2a: Garganacl|100/100
|
|-damage|p1a: Raichu|76/100 tox|[from] psn
|upkeep
|turn|13
|
|t:|1743789182
|move|p1a: Raichu|Light Screen|p1a: Raichu
|-sidestart|p1: the original power|move: Light Screen
|move|p2a: Garganacl|Curse|p2a: Garganacl
|-unboost|p2a: Garganacl|spe|1
|-boost|p2a: Garganacl|atk|1
|-boost|p2a: Garganacl|def|1
|
|-damage|p1a: Raichu|63/100 tox|[from] psn
|upkeep
|turn|14
|
|t:|1743789185
|move|p1a: Raichu|Grass Knot|p2a: Garganacl
|-supereffective|p2a: Garganacl
|-damage|p2a: Garganacl|69/100
|move|p2a: Garganacl|Recover|p2a: Garganacl
|-heal|p2a: Garganacl|100/100
|
|-damage|p1a: Raichu|45/100 tox|[from] psn
|upkeep
|turn|15
|
|t:|1743789198
|move|p1a: Raichu|Grass Knot|p2a: Garganacl
|-supereffective|p2a: Garganacl
|-damage|p2a: Garganacl|70/100
|move|p2a: Garganacl|Curse|p2a: Garganacl
|-unboost|p2a: Garganacl|spe|1
|-boost|p2a: Garganacl|atk|1
|-boost|p2a: Garganacl|def|1
|
|-heal|p2a: Garganacl|76/100|[from] item: Leftovers
|-damage|p1a: Raichu|20/100 tox|[from] psn
|upkeep
|turn|16
|
|t:|1743789207
|move|p1a: Raichu|Grass Knot|p2a: Garganacl
|-supereffective|p2a: Garganacl
|-crit|p2a: Garganacl
|-damage|p2a: Garganacl|32/100
|move|p2a: Garganacl|Curse|p2a: Garganacl
|-unboost|p2a: Garganacl|spe|1
|-boost|p2a: Garganacl|atk|1
|-boost|p2a: Garganacl|def|1
|
|-heal|p2a: Garganacl|39/100|[from] item: Leftovers
|-damage|p1a: Raichu|0 fnt|[from] psn
|faint|p1a: Raichu
|upkeep
|
|t:|1743789217
|switch|p1a: Clefable|Clefable, F|100/100
|turn|17
|
|t:|1743789221
|move|p1a: Clefable|Calm Mind|p1a: Clefable
|-boost|p1a: Clefable|spa|1
|-boost|p1a: Clefable|spd|1
|move|p2a: Garganacl|Salt Cure|p1a: Clefable
|-damage|p1a: Clefable|96/100
|-start|p1a: Clefable|Salt Cure
|
|-heal|p2a: Garganacl|45/100|[from] item: Leftovers
|-damage|p1a: Clefable|83/100|[from] Salt Cure
|upkeep
|turn|18
|
|t:|1743789239
|move|p1a: Clefable|Moonblast|p2a: Garganacl
|-damage|p2a: Garganacl|12/100
|move|p2a: Garganacl|Recover|p2a: Garganacl
|-heal|p2a: Garganacl|62/100
|
|-heal|p2a: Garganacl|68/100|[from] item: Leftovers
|-damage|p1a: Clefable|71/100|[from] Salt Cure
|upkeep
|turn|19
|
|t:|1743789242
|switch|p2a: Gliscor|Gliscor, M, shiny|100/100 tox
|move|p1a: Clefable|Wish|p1a: Clefable
|
|-damage|p1a: Clefable|58/100|[from] Salt Cure
|-sideend|p1: the original power|Reflect
|upkeep
|turn|20
|
|t:|1743789254
|switch|p1a: Mew|Mew|100/100
|move|p2a: Gliscor|Toxic|p1a: Mew|[miss]
|-miss|p2a: Gliscor|p1a: Mew
|
|-sideend|p1: the original power|move: Light Screen
|upkeep
|turn|21
|inactive|the original power has 120 seconds left.
|
|t:|1743789292
|move|p1a: Mew|Dragon Dance|p1a: Mew
|-boost|p1a: Mew|atk|1
|-boost|p1a: Mew|spe|1
|move|p2a: Gliscor|Toxic|p1a: Mew
|-status|p1a: Mew|tox
|-activate|p1a: Mew|ability: Synchronize
|-fail|p2a: Gliscor|tox
|
|-damage|p1a: Mew|94/100 tox|[from] psn
|upkeep
|turn|22
|
|t:|1743789301
|move|p1a: Mew|Dragon Dance|p1a: Mew
|-boost|p1a: Mew|atk|1
|-boost|p1a: Mew|spe|1
|move|p2a: Gliscor|U-turn|p1a: Mew
|-supereffective|p1a: Mew
|-damage|p1a: Mew|63/100 tox
|
|t:|1743789305
|switch|p2a: Samurott|Samurott-Hisui, M, shiny|25/100|[from] U-turn
|
|-damage|p1a: Mew|51/100 tox|[from] psn
|upkeep
|turn|23
|
|t:|1743789311
|move|p2a: Samurott|Sucker Punch|p1a: Mew
|-supereffective|p1a: Mew
|-damage|p1a: Mew|0 fnt
|faint|p1a: Mew
|
|upkeep
|
|t:|1743789320
|switch|p1a: Dragonite|Dragonite, F|100/100
|turn|24
|
|t:|1743789344
|switch|p2a: Garganacl|Garganacl, M, shiny, tera:Water|68/100
|move|p1a: Dragonite|Dragon Dance|p1a: Dragonite
|-boost|p1a: Dragonite|atk|1
|-boost|p1a: Dragonite|spe|1
|
|-heal|p2a: Garganacl|74/100|[from] item: Leftovers
|upkeep
|turn|25
|
|t:|1743789351
|move|p1a: Dragonite|Dragon Dance|p1a: Dragonite
|-boost|p1a: Dragonite|atk|1
|-boost|p1a: Dragonite|spe|1
|move|p2a: Garganacl|Curse|p2a: Garganacl
|-unboost|p2a: Garganacl|spe|1
|-boost|p2a: Garganacl|atk|1
|-boost|p2a: Garganacl|def|1
|
|-heal|p2a: Garganacl|80/100|[from] item: Leftovers
|upkeep
|turn|26
|
|t:|1743789357
|move|p1a: Dragonite|Dragon Dance|p1a: Dragonite
|-boost|p1a: Dragonite|atk|1
|-boost|p1a: Dragonite|spe|1
|move|p2a: Garganacl|Curse|p2a: Garganacl
|-unboost|p2a: Garganacl|spe|1
|-boost|p2a: Garganacl|atk|1
|-boost|p2a: Garganacl|def|1
|
|-heal|p2a: Garganacl|87/100|[from] item: Leftovers
|upkeep
|turn|27
|
|t:|1743789359
|-terastallize|p1a: Dragonite|Flying
|move|p1a: Dragonite|Tera Blast|p2a: Garganacl|[anim] Tera Blast Flying
|-damage|p2a: Garganacl|35/100
|move|p2a: Garganacl|Curse|p2a: Garganacl
|-unboost|p2a: Garganacl|spe|1
|-boost|p2a: Garganacl|atk|1
|-boost|p2a: Garganacl|def|1
|
|-heal|p2a: Garganacl|41/100|[from] item: Leftovers
|upkeep
|turn|28
|
|t:|1743789365
|move|p1a: Dragonite|Tera Blast|p2a: Garganacl|[anim] Tera Blast Flying
|-damage|p2a: Garganacl|0 fnt
|faint|p2a: Garganacl
|
|upkeep
|
|t:|1743789374
|switch|p2a: Gliscor|Gliscor, M, shiny|100/100 tox
|turn|29
|
|t:|1743789381
|move|p1a: Dragonite|Ice Spinner|p2a: Gliscor
|-supereffective|p2a: Gliscor
|-damage|p2a: Gliscor|0 fnt
|faint|p2a: Gliscor
|
|upkeep
|-message|JustAskChat forfeited.
|
|win|the original power
|raw|the original power's rating: 1260 &rarr; <strong>1285</strong><br />(+25 for winning)
|raw|JustAskChat's rating: 1265 &rarr; <strong>1240</strong><br />(-25 for losing)
|l|‽JustAskChat
|player|p2|
|l|☆the original power
|player|p1|
