|j|☆OfficialdcjensenYT
|j|☆JimmyCWard
|t:|1743924079
|gametype|singles
|player|p1|OfficialdcjensenYT|koga|1126
|player|p2|JimmyCWard|veteran|1073
|teamsize|p1|6
|teamsize|p2|6
|gen|9
|tier|[Gen 9] OU
|rated|
|rule|HP Percentage Mod: HP is shown in percentages
|rule|Endless Battle Clause: Forcing endless battles is banned
|rule|Species Clause: Limit one of each Pokémon
|rule|OHKO Clause: OHKO moves are banned
|rule|Evasion Items Clause: Evasion items are banned
|rule|Evasion Moves Clause: Evasion moves are banned
|rule|Sleep Moves Clause: Sleep-inducing moves are banned
|clearpoke
|poke|p1|Braviary-Hisui, M|
|poke|p1|Corviknight, M|
|poke|p1|Zapdos|
|poke|p1|Moltres|
|poke|p1|Articuno|
|poke|p1|Starly, L69, M|
|poke|p2|Mandibuzz, F|
|poke|p2|Donphan, F|
|poke|p2|Garchomp, F|
|poke|p2|Meowscarada, M|
|poke|p2|Blastoise, M|
|poke|p2|Incineroar, M|
|teampreview
|c|☆JimmyCWard|lvl 69
|c|☆JimmyCWard|thats tha s e x number!
|
|t:|1743924126
|start
|switch|p1a: Moltres|Moltres|100/100
|switch|p2a: Donphan|Donphan, F|100/100
|-ability|p1a: Moltres|Pressure
|turn|1
|
|t:|1743924140
|move|p1a: Moltres|Fire Spin|p2a: Donphan
|-damage|p2a: Donphan|87/100
|-activate|p2a: Donphan|move: Fire Spin|[of] p1a: Moltres
|move|p2a: Donphan|Knock Off|p1a: Moltres
|-damage|p1a: Moltres|77/100
|-enditem|p1a: Moltres|Assault Vest|[from] move: Knock Off|[of] p2a: Donphan
|
|-heal|p2a: Donphan|93/100|[from] item: Leftovers
|-damage|p2a: Donphan|80/100|[from] move: Fire Spin|[partiallytrapped]
|upkeep
|turn|2
|
|t:|1743924152
|move|p1a: Moltres|Ancient Power|p2a: Donphan
|-resisted|p2a: Donphan
|-damage|p2a: Donphan|71/100
|move|p2a: Donphan|Stealth Rock|p1a: Moltres
|-sidestart|p1: OfficialdcjensenYT|move: Stealth Rock
|
|-heal|p2a: Donphan|77/100|[from] item: Leftovers
|-damage|p2a: Donphan|65/100|[from] move: Fire Spin|[partiallytrapped]
|upkeep
|turn|3
|
|t:|1743924161
|move|p1a: Moltres|Flame Charge|p2a: Donphan
|-damage|p2a: Donphan|53/100
|-boost|p1a: Moltres|spe|1
|move|p2a: Donphan|Roar|p1a: Moltres
|drag|p1a: Braviary|Braviary-Hisui, M, shiny|100/100
|-damage|p1a: Braviary|76/100|[from] Stealth Rock
|
|-heal|p2a: Donphan|59/100|[from] item: Leftovers
|-end|p2a: Donphan|Fire Spin|[partiallytrapped]|[silent]
|upkeep
|turn|4
|
|t:|1743924172
|move|p1a: Braviary|Esper Wing|p2a: Donphan
|-damage|p2a: Donphan|27/100
|-boost|p1a: Braviary|spe|1
|move|p2a: Donphan|Knock Off|p1a: Braviary
|-supereffective|p1a: Braviary
|-damage|p1a: Braviary|22/100
|-enditem|p1a: Braviary|Wise Glasses|[from] move: Knock Off|[of] p2a: Donphan
|
|-heal|p2a: Donphan|33/100|[from] item: Leftovers
|upkeep
|turn|5
|
|t:|1743924183
|move|p1a: Braviary|Roost|p1a: Braviary
|-heal|p1a: Braviary|72/100
|-singleturn|p1a: Braviary|move: Roost
|move|p2a: Donphan|Roar|p1a: Braviary
|drag|p1a: Starly|Starly, L69, M|100/100
|-damage|p1a: Starly|76/100|[from] Stealth Rock
|
|-heal|p2a: Donphan|40/100|[from] item: Leftovers
|upkeep
|turn|6
|
|t:|1743924197
|move|p1a: Starly|Protect|p1a: Starly
|-singleturn|p1a: Starly|Protect
|move|p2a: Donphan|Knock Off|p1a: Starly
|-activate|p1a: Starly|move: Protect
|
|-heal|p2a: Donphan|46/100|[from] item: Leftovers
|upkeep
|turn|7
|
|t:|1743924205
|move|p1a: Starly|Quick Attack|p2a: Donphan
|-damage|p2a: Donphan|41/100
|move|p2a: Donphan|Knock Off|p1a: Starly
|-damage|p1a: Starly|0 fnt
|-enditem|p1a: Starly|Focus Sash|[from] move: Knock Off|[of] p2a: Donphan
|faint|p1a: Starly
|
|-heal|p2a: Donphan|48/100|[from] item: Leftovers
|upkeep
|
|t:|1743924208
|switch|p1a: Corviknight|Corviknight, M, shiny|100/100
|-damage|p1a: Corviknight|88/100|[from] Stealth Rock
|turn|8
|
|t:|1743924217
|move|p1a: Corviknight|Defog|p2a: Donphan
|-unboost|p2a: Donphan|evasion|1
|-sideend|p1: OfficialdcjensenYT|Stealth Rock|[from] move: Defog|[of] p1a: Corviknight
|move|p2a: Donphan|Knock Off|p1a: Corviknight
|-damage|p1a: Corviknight|67/100
|-enditem|p1a: Corviknight|Leftovers|[from] move: Knock Off|[of] p2a: Donphan
|
|-heal|p2a: Donphan|54/100|[from] item: Leftovers
|upkeep
|turn|9
|c|☆JimmyCWard|lmao
|
|t:|1743924230
|move|p1a: Corviknight|Nasty Plot|p1a: Corviknight
|-boost|p1a: Corviknight|spa|2
|move|p2a: Donphan|Stealth Rock|p1a: Corviknight
|-sidestart|p1: OfficialdcjensenYT|move: Stealth Rock
|
|-heal|p2a: Donphan|60/100|[from] item: Leftovers
|upkeep
|turn|10
|
|t:|1743924268
|move|p1a: Corviknight|Hurricane|p2a: Donphan
|-damage|p2a: Donphan|2/100
|-start|p2a: Donphan|confusion
|-activate|p2a: Donphan|confusion
|move|p2a: Donphan|Roar|p1a: Corviknight
|drag|p1a: Moltres|Moltres|77/100
|-damage|p1a: Moltres|27/100|[from] Stealth Rock
|-ability|p1a: Moltres|Pressure
|
|-heal|p2a: Donphan|8/100|[from] item: Leftovers
|upkeep
|turn|11
|
|t:|1743924284
|switch|p2a: Garchomp|Garchomp, F, shiny|100/100
|move|p1a: Moltres|Ancient Power|p2a: Garchomp
|-resisted|p2a: Garchomp
|-damage|p2a: Garchomp|91/100
|
|upkeep
|turn|12
|
|t:|1743924297
|move|p2a: Garchomp|Swords Dance|p2a: Garchomp
|-boost|p2a: Garchomp|atk|2
|move|p1a: Moltres|Fly||[still]
|-prepare|p1a: Moltres|Fly
|
|upkeep
|turn|13
|
|t:|1743924311
|move|p2a: Garchomp|Swords Dance|p2a: Garchomp
|-boost|p2a: Garchomp|atk|2
|move|p1a: Moltres|Fly|p2a: Garchomp|[from] lockedmove
|-damage|p2a: Garchomp|58/100
|-damage|p1a: Moltres|15/100|[from] ability: Rough Skin|[of] p2a: Garchomp
|
|upkeep
|turn|14
|
|t:|1743924323
|move|p2a: Garchomp|Scale Shot|p1a: Moltres
|-damage|p1a: Moltres|0 fnt
|faint|p1a: Moltres
|-hitcount|p1: Moltres|1
|-unboost|p2a: Garchomp|def|1
|-boost|p2a: Garchomp|spe|1
|
|upkeep
|
|t:|1743924330
|switch|p1a: Corviknight|Corviknight, M, shiny|67/100
|-damage|p1a: Corviknight|54/100|[from] Stealth Rock
|turn|15
|
|t:|1743924338
|move|p2a: Garchomp|Fire Fang|p1a: Corviknight
|-supereffective|p1a: Corviknight
|-damage|p1a: Corviknight|0 fnt
|faint|p1a: Corviknight
|
|upkeep
|
|t:|1743924342
|switch|p1a: Articuno|Articuno, shiny|100/100
|-damage|p1a: Articuno|50/100|[from] Stealth Rock
|-ability|p1a: Articuno|Pressure
|turn|16
|
|t:|1743924352
|-terastallize|p1a: Articuno|Psychic
|move|p2a: Garchomp|Fire Fang|p1a: Articuno
|-damage|p1a: Articuno|0 fnt
|faint|p1a: Articuno
|
|upkeep
|
|t:|1743924357
|switch|p1a: Braviary|Braviary-Hisui, M, shiny|72/100
|-damage|p1a: Braviary|47/100|[from] Stealth Rock
|turn|17
|
|t:|1743924364
|move|p2a: Garchomp|Scale Shot|p1a: Braviary
|-crit|p1a: Braviary
|-damage|p1a: Braviary|0 fnt
|faint|p1a: Braviary
|-hitcount|p1: Braviary|1
|-unboost|p2a: Garchomp|def|1
|-boost|p2a: Garchomp|spe|1
|
|upkeep
|
|t:|1743924369
|switch|p1a: Zapdos|Zapdos|100/100
|-damage|p1a: Zapdos|76/100|[from] Stealth Rock
|-ability|p1a: Zapdos|Pressure
|turn|18
|c|☆JimmyCWard|gg bro ill check out your YT xx
|
|t:|1743924379
|move|p2a: Garchomp|Scale Shot|p1a: Zapdos
|-damage|p1a: Zapdos|40/100
|-damage|p1a: Zapdos|2/100
|-damage|p1a: Zapdos|0 fnt
|faint|p1a: Zapdos
|-hitcount|p1: Zapdos|3
|
|win|JimmyCWard
|raw|OfficialdcjensenYT's rating: 1126 &rarr; <strong>1097</strong><br />(-29 for losing)
|raw|JimmyCWard's rating: 1073 &rarr; <strong>1106</strong><br />(+33 for winning)
|l|☆OfficialdcjensenYT
|player|p1|
|l|☆JimmyCWard
|player|p2|
