|j|☆Treisin
|j|☆RyanBSS
|t:|1743814945
|gametype|singles
|player|p1|Treisin|nate|1207
|player|p2|RyanBSS|az|1225
|teamsize|p1|6
|teamsize|p2|6
|gen|9
|tier|[Gen 9] OU
|rated|
|rule|HP Percentage Mod: HP is shown in percentages
|rule|Endless Battle Clause: Forcing endless battles is banned
|rule|Species Clause: Limit one of each Pokémon
|rule|OHKO Clause: OHKO moves are banned
|rule|Evasion Items Clause: Evasion items are banned
|rule|Evasion Moves Clause: Evasion moves are banned
|rule|Sleep Moves Clause: Sleep-inducing moves are banned
|clearpoke
|poke|p1|Araquanid, M|
|poke|p1|Raging Bolt|
|poke|p1|Iron Moth|
|poke|p1|Great Tusk|
|poke|p1|Gholdengo|
|poke|p1|Kingambit, M|
|poke|p2|Zamazenta-*|
|poke|p2|Kingambit, M|
|poke|p2|Samurott-Hisui, M|
|poke|p2|Landorus-Therian, M|
|poke|p2|Iron Valiant|
|poke|p2|Iron Moth|
|teampreview
|inactive|Battle timer is ON: inactive players will automatically lose when time's up. (requested by RyanBSS)
|
|t:|1743814954
|start
|switch|p1a: Araquanid|Araquanid, M|100/100
|switch|p2a: Samurott|Samurott-Hisui, M|100/100
|turn|1
|
|t:|1743814962
|move|p2a: Samurott|Ceaseless Edge|p1a: Araquanid|[miss]
|-miss|p2a: Samurott|p1a: Araquanid
|move|p1a: Araquanid|Lunge|p2a: Samurott
|-supereffective|p2a: Samurott
|-damage|p2a: Samurott|51/100
|-unboost|p2a: Samurott|atk|1
|
|upkeep
|turn|2
|
|t:|1743814973
|move|p2a: Samurott|Ceaseless Edge|p1a: Araquanid
|-damage|p1a: Araquanid|70/100
|-sidestart|p1: Treisin|Spikes
|move|p1a: Araquanid|Lunge|p2a: Samurott
|-supereffective|p2a: Samurott
|-damage|p2a: Samurott|0 fnt
|faint|p2a: Samurott
|
|upkeep
|
|t:|1743814988
|switch|p2a: Iron Valiant|Iron Valiant|100/100
|-enditem|p2a: Iron Valiant|Booster Energy
|-activate|p2a: Iron Valiant|ability: Quark Drive|[fromitem]
|-start|p2a: Iron Valiant|quarkdrivespe
|turn|3
|
|t:|1743814993
|move|p2a: Iron Valiant|Thunderbolt|p1a: Araquanid
|-supereffective|p1a: Araquanid
|-damage|p1a: Araquanid|32/100
|-status|p1a: Araquanid|par
|cant|p1a: Araquanid|par
|
|upkeep
|turn|4
|
|t:|1743815008
|move|p2a: Iron Valiant|Thunderbolt|p1a: Araquanid
|-supereffective|p1a: Araquanid
|-damage|p1a: Araquanid|0 fnt
|faint|p1a: Araquanid
|
|upkeep
|
|t:|1743815021
|switch|p1a: Great Tusk|Great Tusk|100/100
|-damage|p1a: Great Tusk|88/100|[from] Spikes
|-enditem|p1a: Great Tusk|Booster Energy
|-activate|p1a: Great Tusk|ability: Protosynthesis|[fromitem]
|-start|p1a: Great Tusk|protosynthesisatk
|turn|5
|
|t:|1743815037
|move|p2a: Iron Valiant|Moonblast|p1a: Great Tusk
|-supereffective|p1a: Great Tusk
|-damage|p1a: Great Tusk|0 fnt
|faint|p1a: Great Tusk
|-end|p1a: Great Tusk|Protosynthesis|[silent]
|
|upkeep
|-message|Treisin forfeited.
|
|win|RyanBSS
|raw|Treisin's rating: 1207 &rarr; <strong>1183</strong><br />(-24 for losing)
|raw|RyanBSS's rating: 1225 &rarr; <strong>1249</strong><br />(+24 for winning)
