|j|☆linglinger
|j|☆KurbyK14
|t:|1743828669
|gametype|singles
|player|p1|linglinger|169|1196
|player|p2|KurbyK14|pokemonranger-gen4|1257
|teamsize|p1|6
|teamsize|p2|6
|gen|9
|tier|[Gen 9] OU
|rated|
|rule|HP Percentage Mod: HP is shown in percentages
|rule|Endless Battle Clause: Forcing endless battles is banned
|rule|Species Clause: Limit one of each Pokémon
|rule|OHKO Clause: OHKO moves are banned
|rule|Evasion Items Clause: Evasion items are banned
|rule|Evasion Moves Clause: Evasion moves are banned
|rule|Sleep Moves Clause: Sleep-inducing moves are banned
|clearpoke
|poke|p1|Zamazenta-*|
|poke|p1|Ogerpon-Wellspring, F|
|poke|p1|Slowking-Galar, F|
|poke|p1|Great Tusk|
|poke|p1|Kingambit, M|
|poke|p1|Zapdos|
|poke|p2|Leavanny, M|
|poke|p2|Torkoal, M|
|poke|p2|Walking Wake|
|poke|p2|Great Tusk|
|poke|p2|Venusaur, F|
|poke|p2|Ceruledge, F|
|teampreview
|
|t:|1743828690
|start
|switch|p1a: Ogerpon|Ogerpon-Wellspring, F|100/100
|switch|p2a: Torkoal|Torkoal, M|100/100
|-weather|SunnyDay|[from] ability: Drought|[of] p2a: Torkoal
|turn|1
|inactive|Battle timer is ON: inactive players will automatically lose when time's up. (requested by KurbyK14)
|
|t:|1743828701
|move|p1a: Ogerpon|U-turn|p2a: Torkoal
|-resisted|p2a: Torkoal
|-damage|p2a: Torkoal|93/100
|
|t:|1743828706
|switch|p1a: Slowking|Slowking-Galar, F|100/100|[from] U-turn
|move|p2a: Torkoal|Stealth Rock|p1a: Slowking
|-sidestart|p1: linglinger|move: Stealth Rock
|
|-weather|SunnyDay|[upkeep]
|upkeep
|turn|2
|inactive|KurbyK14 has 120 seconds left.
|
|t:|1743828741
|move|p1a: Slowking|Sludge Bomb|p2a: Torkoal
|-damage|p2a: Torkoal|31/100
|move|p2a: Torkoal|Lava Plume|p1a: Slowking
|-damage|p1a: Slowking|83/100
|
|-weather|SunnyDay|[upkeep]
|upkeep
|turn|3
|
|t:|1743828751
|switch|p2a: Great Tusk|Great Tusk|100/100
|-activate|p2a: Great Tusk|ability: Protosynthesis
|-start|p2a: Great Tusk|protosynthesisatk
|move|p1a: Slowking|Sludge Bomb|p2a: Great Tusk
|-resisted|p2a: Great Tusk
|-damage|p2a: Great Tusk|67/100
|-status|p2a: Great Tusk|psn
|
|-weather|SunnyDay|[upkeep]
|-damage|p2a: Great Tusk|54/100 psn|[from] psn
|upkeep
|turn|4
|
|t:|1743828771
|switch|p1a: Zapdos|Zapdos|100/100
|move|p2a: Great Tusk|Headlong Rush|p1a: Zapdos
|-immune|p1a: Zapdos
|
|-weather|SunnyDay|[upkeep]
|-damage|p2a: Great Tusk|42/100 psn|[from] psn
|upkeep
|turn|5
|inactive|KurbyK14 has 120 seconds left.
|
|t:|1743828793
|move|p2a: Great Tusk|Ice Spinner|p1a: Zapdos
|-supereffective|p1a: Zapdos
|-damage|p1a: Zapdos|49/100
|move|p1a: Zapdos|Hurricane|p2a: Great Tusk
|-supereffective|p2a: Great Tusk
|-damage|p2a: Great Tusk|0 fnt
|faint|p2a: Great Tusk
|-end|p2a: Great Tusk|Protosynthesis|[silent]
|
|-weather|SunnyDay|[upkeep]
|upkeep
|
|t:|1743828804
|switch|p2a: Leavanny|Leavanny, M|100/100
|turn|6
|
|t:|1743828813
|move|p2a: Leavanny|Triple Axel|p1a: Zapdos
|-supereffective|p1a: Zapdos
|-damage|p1a: Zapdos|40/100
|-supereffective|p1a: Zapdos
|-damage|p1a: Zapdos|23/100
|-supereffective|p1a: Zapdos
|-damage|p1a: Zapdos|0 fnt
|faint|p1a: Zapdos
|-hitcount|p1: Zapdos|3
|
|-weather|SunnyDay|[upkeep]
|upkeep
|
|t:|1743828817
|switch|p1a: Slowking|Slowking-Galar, F|100/100
|-damage|p1a: Slowking|88/100|[from] Stealth Rock
|turn|7
|inactive|KurbyK14 has 120 seconds left.
|
|t:|1743828833
|move|p2a: Leavanny|Sticky Web|p1a: Slowking
|-sidestart|p1: linglinger|move: Sticky Web
|move|p1a: Slowking|Flamethrower|p2a: Leavanny
|-supereffective|p2a: Leavanny
|-damage|p2a: Leavanny|0 fnt
|faint|p2a: Leavanny
|
|-weather|SunnyDay|[upkeep]
|upkeep
|inactive|KurbyK14 has 120 seconds left.
|
|t:|1743828843
|switch|p2a: Ceruledge|Ceruledge, F|100/100
|turn|8
|
|t:|1743828858
|move|p2a: Ceruledge|Swords Dance|p2a: Ceruledge
|-boost|p2a: Ceruledge|atk|2
|move|p1a: Slowking|Sludge Bomb|p2a: Ceruledge
|-resisted|p2a: Ceruledge
|-crit|p2a: Ceruledge
|-damage|p2a: Ceruledge|59/100
|
|-weather|none
|upkeep
|turn|9
|
|t:|1743828869
|move|p2a: Ceruledge|Bitter Blade|p1a: Slowking
|-crit|p1a: Slowking
|-damage|p1a: Slowking|0 fnt
|-heal|p2a: Ceruledge|100/100|[from] drain|[of] p1a: Slowking
|faint|p1a: Slowking
|
|upkeep
|
|t:|1743828878
|switch|p1a: Great Tusk|Great Tusk, shiny|100/100
|turn|10
|
|t:|1743828889
|move|p1a: Great Tusk|Headlong Rush|p2a: Ceruledge
|-supereffective|p2a: Ceruledge
|-enditem|p2a: Ceruledge|Focus Sash
|-damage|p2a: Ceruledge|1/100
|-unboost|p1a: Great Tusk|def|1
|-unboost|p1a: Great Tusk|spd|1
|-ability|p2a: Ceruledge|Weak Armor|boost
|-unboost|p2a: Ceruledge|def|1
|-boost|p2a: Ceruledge|spe|2
|move|p2a: Ceruledge|Bitter Blade|p1a: Great Tusk
|-damage|p1a: Great Tusk|6/100
|-heal|p2a: Ceruledge|61/100|[from] drain|[of] p1a: Great Tusk
|
|upkeep
|turn|11
|
|t:|1743828903
|move|p2a: Ceruledge|Bitter Blade|p1a: Great Tusk
|-damage|p1a: Great Tusk|0 fnt
|-heal|p2a: Ceruledge|65/100|[from] drain|[of] p1a: Great Tusk
|faint|p1a: Great Tusk
|-end|p1a: Great Tusk|Protosynthesis|[silent]
|
|upkeep
|
|t:|1743828907
|switch|p1a: Kingambit|Kingambit, M|100/100
|-damage|p1a: Kingambit|94/100|[from] Stealth Rock
|-activate|p1a: Kingambit|move: Sticky Web
|-unboost|p1a: Kingambit|spe|1
|-activate|p1a: Kingambit|ability: Supreme Overlord
|-start|p1a: Kingambit|fallen3|[silent]
|turn|12
|
|t:|1743828920
|switch|p2a: Torkoal|Torkoal, M|31/100
|-weather|SunnyDay|[from] ability: Drought|[of] p2a: Torkoal
|move|p1a: Kingambit|Sucker Punch||[still]
|-fail|p1a: Kingambit
|
|-weather|SunnyDay|[upkeep]
|-heal|p1a: Kingambit|100/100|[from] item: Leftovers
|upkeep
|turn|13
|
|t:|1743828941
|-terastallize|p1a: Kingambit|Ghost
|move|p1a: Kingambit|Swords Dance|p1a: Kingambit
|-boost|p1a: Kingambit|atk|2
|move|p2a: Torkoal|Lava Plume|p1a: Kingambit
|-damage|p1a: Kingambit|62/100
|
|-weather|SunnyDay|[upkeep]
|-heal|p1a: Kingambit|68/100|[from] item: Leftovers
|upkeep
|turn|14
|
|t:|1743828952
|move|p1a: Kingambit|Sucker Punch||[still]
|-fail|p1a: Kingambit
|move|p2a: Torkoal|Will-O-Wisp|p1a: Kingambit|[miss]
|-miss|p2a: Torkoal|p1a: Kingambit
|
|-weather|SunnyDay|[upkeep]
|-heal|p1a: Kingambit|74/100|[from] item: Leftovers
|upkeep
|turn|15
|
|t:|1743828965
|move|p1a: Kingambit|Swords Dance|p1a: Kingambit
|-boost|p1a: Kingambit|atk|2
|move|p2a: Torkoal|Will-O-Wisp|p1a: Kingambit
|-status|p1a: Kingambit|brn
|
|-weather|SunnyDay|[upkeep]
|-heal|p1a: Kingambit|81/100 brn|[from] item: Leftovers
|-damage|p1a: Kingambit|74/100 brn|[from] brn
|upkeep
|turn|16
|
|t:|1743828977
|move|p1a: Kingambit|Sucker Punch|p2a: Torkoal
|-damage|p2a: Torkoal|0 fnt
|faint|p2a: Torkoal
|
|-weather|SunnyDay|[upkeep]
|-heal|p1a: Kingambit|81/100 brn|[from] item: Leftovers
|-damage|p1a: Kingambit|74/100 brn|[from] brn
|upkeep
|
|t:|1743828982
|switch|p2a: Walking Wake|Walking Wake|100/100
|-activate|p2a: Walking Wake|ability: Protosynthesis
|-start|p2a: Walking Wake|protosynthesisspa
|turn|17
|
|t:|1743828992
|move|p1a: Kingambit|Sucker Punch|p2a: Walking Wake
|-damage|p2a: Walking Wake|18/100
|move|p2a: Walking Wake|Hydro Steam|p1a: Kingambit
|-damage|p1a: Kingambit|0 fnt
|faint|p1a: Kingambit
|-end|p1a: Kingambit|fallen3|[silent]
|
|-weather|SunnyDay|[upkeep]
|upkeep
|
|t:|1743829000
|switch|p1a: Zamazenta|Zamazenta|100/100
|-damage|p1a: Zamazenta|94/100|[from] Stealth Rock
|-activate|p1a: Zamazenta|move: Sticky Web
|-unboost|p1a: Zamazenta|spe|1
|-ability|p1a: Zamazenta|Dauntless Shield|boost
|-boost|p1a: Zamazenta|def|1
|turn|18
|
|t:|1743829005
|move|p2a: Walking Wake|Hydro Steam|p1a: Zamazenta
|-damage|p1a: Zamazenta|0 fnt
|faint|p1a: Zamazenta
|
|-weather|SunnyDay|[upkeep]
|upkeep
|
|t:|1743829008
|switch|p1a: Ogerpon|Ogerpon-Wellspring, F|100/100
|-damage|p1a: Ogerpon|88/100|[from] Stealth Rock
|-activate|p1a: Ogerpon|move: Sticky Web
|-unboost|p1a: Ogerpon|spe|1
|turn|19
|
|t:|1743829015
|move|p2a: Walking Wake|Hydro Steam|p1a: Ogerpon
|-heal|p1a: Ogerpon|100/100|[from] ability: Water Absorb|[of] p2a: Walking Wake
|move|p1a: Ogerpon|Knock Off|p2a: Walking Wake
|-damage|p2a: Walking Wake|0 fnt
|-enditem|p2a: Walking Wake|Choice Specs|[from] move: Knock Off|[of] p1a: Ogerpon
|faint|p2a: Walking Wake
|-end|p2a: Walking Wake|Protosynthesis|[silent]
|
|-weather|none
|upkeep
|
|t:|1743829024
|switch|p2a: Venusaur|Venusaur, F|100/100
|turn|20
|
|t:|1743829031
|move|p2a: Venusaur|Growth|p2a: Venusaur
|-boost|p2a: Venusaur|atk|1
|-boost|p2a: Venusaur|spa|1
|move|p1a: Ogerpon|Knock Off|p2a: Venusaur
|-damage|p2a: Venusaur|49/100
|-enditem|p2a: Venusaur|Life Orb|[from] move: Knock Off|[of] p1a: Ogerpon
|
|upkeep
|turn|21
|
|t:|1743829037
|move|p2a: Venusaur|Giga Drain|p1a: Ogerpon
|-damage|p1a: Ogerpon|39/100
|-heal|p2a: Venusaur|79/100|[from] drain|[of] p1a: Ogerpon
|move|p1a: Ogerpon|Knock Off|p2a: Venusaur
|-damage|p2a: Venusaur|47/100
|
|upkeep
|turn|22
|
|t:|1743829043
|move|p2a: Venusaur|Giga Drain|p1a: Ogerpon
|-damage|p1a: Ogerpon|0 fnt
|-heal|p2a: Venusaur|67/100|[from] drain|[of] p1a: Ogerpon
|faint|p1a: Ogerpon
|
|win|KurbyK14
|raw|linglinger's rating: 1196 &rarr; <strong>1175</strong><br />(-21 for losing)
|raw|KurbyK14's rating: 1257 &rarr; <strong>1278</strong><br />(+21 for winning)
|l|☆linglinger
|player|p1|
|l|☆KurbyK14
|player|p2|
