|j|☆Bisharp6
|j|☆krispii07
|t:|1743827274
|gametype|singles
|player|p1|Bisharp6|blue|1324
|player|p2|krispii07|harlequin|1295
|teamsize|p1|6
|teamsize|p2|6
|gen|9
|tier|[Gen 9] OU
|rated|
|rule|HP Percentage Mod: HP is shown in percentages
|rule|Endless Battle Clause: Forcing endless battles is banned
|rule|Species Clause: Limit one of each Pokémon
|rule|OHKO Clause: OHKO moves are banned
|rule|Evasion Items Clause: Evasion items are banned
|rule|Evasion Moves Clause: Evasion moves are banned
|rule|Sleep Moves Clause: Sleep-inducing moves are banned
|clearpoke
|poke|p1|Gliscor, F|
|poke|p1|Iron Treads|
|poke|p1|Zamazenta-*|
|poke|p1|Gholdengo|
|poke|p1|Manaphy|
|poke|p1|Dragapult, F|
|poke|p2|Samurott-Hisui, F|
|poke|p2|Landorus-Therian, M|
|poke|p2|Slowking-Galar, M|
|poke|p2|Gholdengo|
|poke|p2|Enamorus, F|
|poke|p2|Great Tusk|
|teampreview
|inactive|Battle timer is ON: inactive players will automatically lose when time's up. (requested by Bisharp6)
|
|t:|1743827292
|start
|switch|p1a: Gliscor|Gliscor, F|100/100
|switch|p2a: Great Tusk|Great Tusk|100/100
|turn|1
|
|t:|1743827301
|move|p1a: Gliscor|Stealth Rock|p2a: Great Tusk
|-sidestart|p2: krispii07|move: Stealth Rock
|move|p2a: Great Tusk|Knock Off|p1a: Gliscor
|-damage|p1a: Gliscor|72/100
|-enditem|p1a: Gliscor|Toxic Orb|[from] move: Knock Off|[of] p2a: Great Tusk
|
|upkeep
|turn|2
|
|t:|1743827311
|move|p1a: Gliscor|Toxic|p2a: Great Tusk
|-status|p2a: Great Tusk|tox
|move|p2a: Great Tusk|Ice Spinner|p1a: Gliscor
|-supereffective|p1a: Gliscor
|-crit|p1a: Gliscor
|-damage|p1a: Gliscor|0 fnt
|faint|p1a: Gliscor
|
|-damage|p2a: Great Tusk|94/100 tox|[from] psn
|upkeep
|
|t:|1743827323
|switch|p1a: Manaphy|Manaphy|100/100
|turn|3
|
|t:|1743827328
|move|p1a: Manaphy|Tail Glow|p1a: Manaphy
|-boost|p1a: Manaphy|spa|3
|move|p2a: Great Tusk|Rapid Spin|p1a: Manaphy
|-damage|p1a: Manaphy|86/100
|-boost|p2a: Great Tusk|spe|1
|-sideend|p2: krispii07|Stealth Rock|[from] move: Rapid Spin|[of] p2a: Great Tusk
|
|-heal|p1a: Manaphy|92/100|[from] item: Leftovers
|-damage|p2a: Great Tusk|82/100 tox|[from] psn
|upkeep
|turn|4
|
|t:|1743827343
|move|p2a: Great Tusk|Headlong Rush|p1a: Manaphy
|-damage|p1a: Manaphy|41/100
|-unboost|p2a: Great Tusk|def|1
|-unboost|p2a: Great Tusk|spd|1
|move|p1a: Manaphy|Surf|p2a: Great Tusk
|-supereffective|p2a: Great Tusk
|-damage|p2a: Great Tusk|0 fnt
|faint|p2a: Great Tusk
|-end|p2a: Great Tusk|Protosynthesis|[silent]
|
|-heal|p1a: Manaphy|47/100|[from] item: Leftovers
|upkeep
|
|t:|1743827355
|switch|p2a: Samurott|Samurott-Hisui, F|100/100
|turn|5
|
|t:|1743827367
|move|p1a: Manaphy|Energy Ball|p2a: Samurott
|-supereffective|p2a: Samurott
|-crit|p2a: Samurott
|-enditem|p2a: Samurott|Focus Sash
|-damage|p2a: Samurott|1/100
|move|p2a: Samurott|Ceaseless Edge|p1a: Manaphy
|-damage|p1a: Manaphy|3/100
|-sidestart|p1: Bisharp6|Spikes
|
|-heal|p1a: Manaphy|10/100|[from] item: Leftovers
|upkeep
|turn|6
|
|t:|1743827377
|move|p2a: Samurott|Aqua Jet|p1a: Manaphy
|-resisted|p1a: Manaphy
|-damage|p1a: Manaphy|1/100
|move|p1a: Manaphy|Energy Ball|p2a: Samurott
|-supereffective|p2a: Samurott
|-crit|p2a: Samurott
|-damage|p2a: Samurott|0 fnt
|faint|p2a: Samurott
|
|-heal|p1a: Manaphy|7/100|[from] item: Leftovers
|upkeep
|
|t:|1743827384
|switch|p2a: Enamorus|Enamorus, F|100/100
|turn|7
|
|t:|1743827394
|move|p2a: Enamorus|Moonblast|p1a: Manaphy
|-damage|p1a: Manaphy|0 fnt
|faint|p1a: Manaphy
|
|upkeep
|
|t:|1743827398
|switch|p1a: Iron Treads|Iron Treads|100/100
|turn|8
|
|t:|1743827406
|switch|p2a: Landorus|Landorus-Therian, M|100/100
|-ability|p2a: Landorus|Intimidate|boost
|-unboost|p1a: Iron Treads|atk|1
|move|p1a: Iron Treads|Rapid Spin|p2a: Landorus
|-damage|p2a: Landorus|90/100
|-boost|p1a: Iron Treads|spe|1
|-damage|p1a: Iron Treads|84/100|[from] item: Rocky Helmet|[of] p2a: Landorus
|-sideend|p1: Bisharp6|Spikes|[from] move: Rapid Spin|[of] p1a: Iron Treads
|
|upkeep
|turn|9
|
|t:|1743827438
|-end|p1a: Iron Treads|Quark Drive|[silent]
|switch|p1a: Gholdengo|Gholdengo|100/100
|-item|p1a: Gholdengo|Air Balloon
|move|p2a: Landorus|Stealth Rock|p1a: Gholdengo
|-sidestart|p1: Bisharp6|move: Stealth Rock
|
|upkeep
|turn|10
|
|t:|1743827449
|move|p2a: Landorus|U-turn|p1a: Gholdengo
|-resisted|p1a: Gholdengo
|-damage|p1a: Gholdengo|95/100
|-enditem|p1a: Gholdengo|Air Balloon
|
|t:|1743827454
|switch|p2a: Slowking|Slowking-Galar, M|100/100|[from] U-turn
|move|p1a: Gholdengo|Nasty Plot|p1a: Gholdengo
|-boost|p1a: Gholdengo|spa|2
|
|upkeep
|turn|11
|
|t:|1743827462
|move|p1a: Gholdengo|Shadow Ball|p2a: Slowking
|-supereffective|p2a: Slowking
|-damage|p2a: Slowking|20/100
|move|p2a: Slowking|Flamethrower|p1a: Gholdengo
|-supereffective|p1a: Gholdengo
|-damage|p1a: Gholdengo|24/100
|
|upkeep
|turn|12
|inactive|Bisharp6 has 120 seconds left.
|
|t:|1743827487
|switch|p2a: Landorus|Landorus-Therian, M|90/100
|-ability|p2a: Landorus|Intimidate|boost
|-unboost|p1a: Gholdengo|atk|1
|move|p1a: Gholdengo|Shadow Ball|p2a: Landorus
|-damage|p2a: Landorus|5/100
|
|upkeep
|turn|13
|
|t:|1743827499
|move|p2a: Landorus|Earthquake|p1a: Gholdengo
|-supereffective|p1a: Gholdengo
|-damage|p1a: Gholdengo|0 fnt
|faint|p1a: Gholdengo
|
|upkeep
|
|t:|1743827508
|switch|p1a: Iron Treads|Iron Treads|84/100
|turn|14
|
|t:|1743827514
|switch|p2a: Gholdengo|Gholdengo|100/100
|-item|p2a: Gholdengo|Air Balloon
|move|p1a: Iron Treads|Rapid Spin|p2a: Gholdengo
|-immune|p2a: Gholdengo
|
|upkeep
|turn|15
|
|t:|1743827525
|move|p1a: Iron Treads|Knock Off|p2a: Gholdengo
|-supereffective|p2a: Gholdengo
|-damage|p2a: Gholdengo|36/100
|-enditem|p2a: Gholdengo|Air Balloon
|move|p2a: Gholdengo|Nasty Plot|p2a: Gholdengo
|-boost|p2a: Gholdengo|spa|2
|
|upkeep
|turn|16
|
|t:|1743827545
|switch|p2a: Enamorus|Enamorus, F|100/100
|move|p1a: Iron Treads|Knock Off|p2a: Enamorus
|-resisted|p2a: Enamorus
|-damage|p2a: Enamorus|76/100
|-enditem|p2a: Enamorus|Choice Scarf|[from] move: Knock Off|[of] p1a: Iron Treads
|
|upkeep
|turn|17
|
|t:|1743827561
|-terastallize|p2a: Enamorus|Ground
|move|p2a: Enamorus|Earth Power|p1a: Iron Treads
|-supereffective|p1a: Iron Treads
|-damage|p1a: Iron Treads|0 fnt
|faint|p1a: Iron Treads
|-end|p1a: Iron Treads|Quark Drive|[silent]
|
|upkeep
|
|t:|1743827583
|switch|p1a: Zamazenta|Zamazenta|100/100
|-damage|p1a: Zamazenta|94/100|[from] Stealth Rock
|-ability|p1a: Zamazenta|Dauntless Shield|boost
|-boost|p1a: Zamazenta|def|1
|turn|18
|
|t:|1743827587
|move|p1a: Zamazenta|Play Rough|p2a: Enamorus
|-damage|p2a: Enamorus|2/100
|move|p2a: Enamorus|Moonblast|p1a: Zamazenta
|-supereffective|p1a: Zamazenta
|-damage|p1a: Zamazenta|0 fnt
|faint|p1a: Zamazenta
|
|upkeep
|
|t:|1743827594
|switch|p1a: Dragapult|Dragapult, F|100/100
|-damage|p1a: Dragapult|88/100|[from] Stealth Rock
|turn|19
|
|t:|1743827598
|move|p1a: Dragapult|Sucker Punch||[still]
|-fail|p1a: Dragapult
|move|p2a: Enamorus|Healing Wish|p2a: Enamorus
|faint|p2a: Enamorus
|
|upkeep
|
|t:|1743827606
|switch|p2a: Landorus|Landorus-Therian, M|5/100
|-heal|p2a: Landorus|100/100|[from] move: Healing Wish
|-ability|p2a: Landorus|Intimidate|boost
|-unboost|p1a: Dragapult|atk|1
|turn|20
|
|t:|1743827630
|move|p1a: Dragapult|Dragon Dance|p1a: Dragapult
|-boost|p1a: Dragapult|atk|1
|-boost|p1a: Dragapult|spe|1
|move|p2a: Landorus|Earthquake|p1a: Dragapult
|-damage|p1a: Dragapult|19/100
|
|upkeep
|turn|21
|
|t:|1743827639
|move|p1a: Dragapult|Phantom Force||[still]
|-prepare|p1a: Dragapult|Phantom Force
|move|p2a: Landorus|Earthquake|p1a: Dragapult|[miss]
|-miss|p2a: Landorus|p1a: Dragapult
|
|upkeep
|turn|22
|
|t:|1743827647
|switch|p2a: Gholdengo|Gholdengo|36/100
|move|p1a: Dragapult|Phantom Force|p2a: Gholdengo|[from] lockedmove
|-supereffective|p2a: Gholdengo
|-damage|p2a: Gholdengo|0 fnt
|faint|p2a: Gholdengo
|-damage|p1a: Dragapult|9/100|[from] item: Life Orb
|
|upkeep
|
|t:|1743827650
|switch|p2a: Landorus|Landorus-Therian, M|100/100
|-ability|p2a: Landorus|Intimidate|boost
|-unboost|p1a: Dragapult|atk|1
|turn|23
|
|t:|1743827659
|move|p1a: Dragapult|Phantom Force||[still]
|-prepare|p1a: Dragapult|Phantom Force
|move|p2a: Landorus|Earthquake|p1a: Dragapult|[miss]
|-miss|p2a: Landorus|p1a: Dragapult
|
|upkeep
|turn|24
|
|t:|1743827665
|switch|p2a: Slowking|Slowking-Galar, M|53/100
|move|p1a: Dragapult|Phantom Force|p2a: Slowking|[from] lockedmove
|-supereffective|p2a: Slowking
|-damage|p2a: Slowking|0 fnt
|faint|p2a: Slowking
|-damage|p1a: Dragapult|0 fnt|[from] item: Life Orb
|faint|p1a: Dragapult
|
|win|krispii07
|raw|Bisharp6's rating: 1324 &rarr; <strong>1302</strong><br />(-22 for losing)
|raw|krispii07's rating: 1295 &rarr; <strong>1322</strong><br />(+27 for winning)
|c|☆krispii07|gg
|c|☆Bisharp6|Gg
|l|☆Bisharp6
|player|p1|
