|j|☆Dargon_Man101
|j|☆surprise blissey
|t:|1743780400
|gametype|singles
|player|p1|Dargon_Man101|grimsley|1370
|player|p2|surprise blissey|blaine|1419
|teamsize|p1|6
|teamsize|p2|6
|gen|9
|tier|[Gen 9] OU
|rated|
|rule|HP Percentage Mod: HP is shown in percentages
|rule|Endless Battle Clause: Forcing endless battles is banned
|rule|Species Clause: Limit one of each Pokémon
|rule|OHKO Clause: OHKO moves are banned
|rule|Evasion Items Clause: Evasion items are banned
|rule|Evasion Moves Clause: Evasion moves are banned
|rule|Sleep Moves Clause: Sleep-inducing moves are banned
|clearpoke
|poke|p1|Blaziken, M|
|poke|p1|Samurott-Hisui, M|
|poke|p1|Kingambit, M|
|poke|p1|Great Tusk|
|poke|p1|Iron Moth|
|poke|p1|Darkrai|
|poke|p2|Lapras, F|
|poke|p2|Muk, M|
|poke|p2|Blissey, F|
|poke|p2|Dondozo, M|
|poke|p2|Gliscor, F|
|poke|p2|Pecharunt|
|teampreview
|inactive|Battle timer is ON: inactive players will automatically lose when time's up. (requested by surprise blissey)
|inactive|Dargon_Man101 also wants the timer to be on.
|
|t:|1743780419
|start
|switch|p1a: Darkrai|Darkrai|100/100
|switch|p2a: Gliscor|Gliscor, F|100/100
|turn|1
|
|t:|1743780424
|move|p2a: Gliscor|Protect|p2a: Gliscor
|-singleturn|p2a: Gliscor|Protect
|move|p1a: Darkrai|Ice Beam|p2a: Gliscor
|-activate|p2a: Gliscor|move: Protect
|
|-status|p2a: Gliscor|tox|[from] item: Toxic Orb
|upkeep
|turn|2
|
|t:|1743780427
|switch|p2a: Blissey|Blissey, F|100/100
|move|p1a: Darkrai|Nasty Plot|p1a: Darkrai
|-boost|p1a: Darkrai|spa|2
|
|upkeep
|turn|3
|
|t:|1743780436
|move|p1a: Darkrai|Dark Pulse|p2a: Blissey
|-damage|p2a: Blissey|61/100
|-damage|p1a: Darkrai|91/100|[from] item: Life Orb
|move|p2a: Blissey|Calm Mind|p2a: Blissey
|-boost|p2a: Blissey|spa|1
|-boost|p2a: Blissey|spd|1
|
|upkeep
|turn|4
|
|t:|1743780441
|switch|p1a: Samurott|Samurott-Hisui, M|100/100
|move|p2a: Blissey|Soft-Boiled|p2a: Blissey
|-heal|p2a: Blissey|100/100
|
|upkeep
|turn|5
|
|t:|1743780450
|switch|p2a: Muk|Muk, M|100/100
|move|p1a: Samurott|Ceaseless Edge|p2a: Muk
|-damage|p2a: Muk|68/100
|-sidestart|p2: surprise blissey|Spikes
|
|upkeep
|turn|6
|
|t:|1743780452
|move|p1a: Samurott|Ceaseless Edge|p2a: Muk|[miss]
|-miss|p1a: Samurott|p2a: Muk
|move|p2a: Muk|Acid Armor|p2a: Muk
|-boost|p2a: Muk|def|2
|
|upkeep
|turn|7
|
|t:|1743780458
|switch|p1a: Iron Moth|Iron Moth|100/100
|move|p2a: Muk|Toxic|p1a: Iron Moth
|-immune|p1a: Iron Moth
|
|upkeep
|turn|8
|
|t:|1743780465
|move|p1a: Iron Moth|Fiery Dance|p2a: Muk
|-damage|p2a: Muk|5/100
|-boost|p1a: Iron Moth|spa|1
|move|p2a: Muk|Rest|p2a: Muk
|-status|p2a: Muk|slp|[from] move: Rest
|-heal|p2a: Muk|100/100 slp|[silent]
|
|upkeep
|turn|9
|
|t:|1743780470
|switch|p2a: Blissey|Blissey, F|100/100
|move|p1a: Iron Moth|Fiery Dance|p2a: Blissey
|-damage|p2a: Blissey|66/100
|
|upkeep
|turn|10
|
|t:|1743780473
|move|p1a: Iron Moth|Fiery Dance|p2a: Blissey
|-damage|p2a: Blissey|32/100
|-boost|p1a: Iron Moth|spa|1
|move|p2a: Blissey|Calm Mind|p2a: Blissey
|-boost|p2a: Blissey|spa|1
|-boost|p2a: Blissey|spd|1
|
|upkeep
|turn|11
|
|t:|1743780477
|move|p1a: Iron Moth|Fiery Dance|p2a: Blissey
|-damage|p2a: Blissey|5/100
|-boost|p1a: Iron Moth|spa|1
|move|p2a: Blissey|Soft-Boiled|p2a: Blissey
|-heal|p2a: Blissey|55/100
|
|upkeep
|turn|12
|
|t:|1743780482
|move|p1a: Iron Moth|Fiery Dance|p2a: Blissey
|-damage|p2a: Blissey|16/100
|move|p2a: Blissey|Soft-Boiled|p2a: Blissey
|-heal|p2a: Blissey|66/100
|
|upkeep
|turn|13
|
|t:|1743780494
|move|p1a: Iron Moth|Fiery Dance|p2a: Blissey
|-damage|p2a: Blissey|28/100
|move|p2a: Blissey|Stealth Rock|p1a: Iron Moth
|-sidestart|p1: Dargon_Man101|move: Stealth Rock
|
|upkeep
|turn|14
|
|t:|1743780500
|move|p1a: Iron Moth|Fiery Dance|p2a: Blissey
|-damage|p2a: Blissey|0 fnt
|faint|p2a: Blissey
|
|upkeep
|
|t:|1743780502
|switch|p2a: Lapras|Lapras, F, shiny|100/100
|turn|15
|
|t:|1743780505
|-terastallize|p2a: Lapras|Fire
|move|p1a: Iron Moth|Fiery Dance|p2a: Lapras
|-resisted|p2a: Lapras
|-damage|p2a: Lapras|33/100
|move|p2a: Lapras|Surf|p1a: Iron Moth
|-supereffective|p1a: Iron Moth
|-damage|p1a: Iron Moth|43/100
|
|upkeep
|turn|16
|
|t:|1743780515
|move|p1a: Iron Moth|Fiery Dance|p2a: Lapras
|-resisted|p2a: Lapras
|-damage|p2a: Lapras|0 fnt
|faint|p2a: Lapras
|
|upkeep
|
|t:|1743780516
|switch|p2a: Dondozo|Dondozo, M|100/100
|turn|17
|
|t:|1743780522
|move|p1a: Iron Moth|Fiery Dance|p2a: Dondozo
|-resisted|p2a: Dondozo
|-damage|p2a: Dondozo|66/100
|move|p2a: Dondozo|Body Press|p1a: Iron Moth
|-resisted|p1a: Iron Moth
|-damage|p1a: Iron Moth|20/100
|
|upkeep
|turn|18
|
|t:|1743780528
|move|p1a: Iron Moth|Fiery Dance|p2a: Dondozo
|-resisted|p2a: Dondozo
|-damage|p2a: Dondozo|34/100
|move|p2a: Dondozo|Body Press|p1a: Iron Moth
|-resisted|p1a: Iron Moth
|-damage|p1a: Iron Moth|0 fnt
|faint|p1a: Iron Moth
|-end|p1a: Iron Moth|Quark Drive|[silent]
|
|upkeep
|
|t:|1743780535
|switch|p1a: Darkrai|Darkrai|91/100
|-damage|p1a: Darkrai|78/100|[from] Stealth Rock
|turn|19
|
|t:|1743780538
|move|p1a: Darkrai|Nasty Plot|p1a: Darkrai
|-boost|p1a: Darkrai|spa|2
|move|p2a: Dondozo|Body Press|p1a: Darkrai
|-supereffective|p1a: Darkrai
|-damage|p1a: Darkrai|4/100
|
|upkeep
|turn|20
|
|t:|1743780543
|move|p1a: Darkrai|Dark Pulse|p2a: Dondozo
|-damage|p2a: Dondozo|0 fnt
|faint|p2a: Dondozo
|-damage|p1a: Darkrai|0 fnt|[from] item: Life Orb
|faint|p1a: Darkrai
|
|upkeep
|
|t:|1743780550
|switch|p1a: Great Tusk|Great Tusk|100/100
|switch|p2a: Muk|Muk, M|100/100 slp
|-damage|p1a: Great Tusk|97/100|[from] Stealth Rock
|turn|21
|
|t:|1743780556
|switch|p2a: Pecharunt|Pecharunt|100/100
|move|p1a: Great Tusk|Rapid Spin|p2a: Pecharunt
|-immune|p2a: Pecharunt
|
|upkeep
|turn|22
|
|t:|1743780560
|move|p2a: Pecharunt|Toxic|p1a: Great Tusk
|-status|p1a: Great Tusk|tox
|-start|p1a: Great Tusk|confusion|[from] ability: Poison Puppeteer|[of] p2a: Pecharunt
|-activate|p1a: Great Tusk|confusion
|move|p1a: Great Tusk|Earthquake|p2a: Pecharunt
|-supereffective|p2a: Pecharunt
|-damage|p2a: Pecharunt|37/100
|
|-damage|p1a: Great Tusk|91/100 tox|[from] psn
|upkeep
|turn|23
|
|t:|1743780566
|move|p2a: Pecharunt|Recover|p2a: Pecharunt
|-heal|p2a: Pecharunt|87/100
|-activate|p1a: Great Tusk|confusion
|move|p1a: Great Tusk|Rapid Spin|p2a: Pecharunt
|-immune|p2a: Pecharunt
|
|-damage|p1a: Great Tusk|79/100 tox|[from] psn
|upkeep
|turn|24
|
|t:|1743780570
|move|p2a: Pecharunt|Hex|p1a: Great Tusk
|-damage|p1a: Great Tusk|54/100 tox
|-activate|p1a: Great Tusk|confusion
|move|p1a: Great Tusk|Earthquake|p2a: Pecharunt
|-supereffective|p2a: Pecharunt
|-damage|p2a: Pecharunt|30/100
|
|-damage|p1a: Great Tusk|36/100 tox|[from] psn
|upkeep
|turn|25
|
|t:|1743780574
|move|p2a: Pecharunt|Recover|p2a: Pecharunt
|-heal|p2a: Pecharunt|80/100
|-activate|p1a: Great Tusk|confusion
|-damage|p1a: Great Tusk|25/100 tox|[from] confusion
|
|-damage|p1a: Great Tusk|0 fnt|[from] psn
|faint|p1a: Great Tusk
|-end|p1a: Great Tusk|Protosynthesis|[silent]
|upkeep
|l|☆Dargon_Man101
|inactive|Dargon_Man101 disconnected and has a minute to reconnect!
|player|p1|
|inactive|Dargon_Man101 has 30 seconds to reconnect!
|inactive|Dargon_Man101 has 20 seconds to reconnect!
|inactive|Dargon_Man101 has 15 seconds to reconnect!
|inactive|Dargon_Man101 has 10 seconds to reconnect!
|inactive|Dargon_Man101 has 5 seconds to reconnect!
|-message|Dargon_Man101 lost due to inactivity.
|
|win|surprise blissey
|raw|Dargon_Man101's rating: 1370 &rarr; <strong>1353</strong><br />(-17 for losing)
|raw|surprise blissey's rating: 1419 &rarr; <strong>1436</strong><br />(+17 for winning)
|l|☆surprise blissey
|player|p2|
