|j|☆Rhyde
|j|☆stallkiller393
|t:|1743843175
|gametype|singles
|player|p1|Rhyde|roxie-masters|1174
|player|p2|stallkiller393|rocketgrunt|1170
|teamsize|p1|6
|teamsize|p2|6
|gen|9
|tier|[Gen 9] OU
|rated|
|rule|HP Percentage Mod: HP is shown in percentages
|rule|Endless Battle Clause: Forcing endless battles is banned
|rule|Species Clause: Limit one of each Pokémon
|rule|OHKO Clause: OHKO moves are banned
|rule|Evasion Items Clause: Evasion items are banned
|rule|Evasion Moves Clause: Evasion moves are banned
|rule|Sleep Moves Clause: Sleep-inducing moves are banned
|clearpoke
|poke|p1|Weavile, M|
|poke|p1|Ogerpon-Wellspring, F|
|poke|p1|Iron Moth|
|poke|p1|Raging Bolt|
|poke|p1|Pecharunt|
|poke|p1|Iron Treads|
|poke|p2|Rampardos, M|
|poke|p2|Kommo-o, F|
|poke|p2|Sawsbuck, F|
|poke|p2|Torkoal, F|
|poke|p2|Scream Tail|
|poke|p2|Pecharunt|
|teampreview
|
|t:|1743843180
|start
|switch|p1a: Weavile|Weavile, M|100/100
|switch|p2a: Torkoal|Torkoal, F|100/100
|-ability|p1a: Weavile|Pressure
|-weather|SunnyDay|[from] ability: Drought|[of] p2a: Torkoal
|turn|1
|
|t:|1743843190
|move|p1a: Weavile|Knock Off|p2a: Torkoal
|-damage|p2a: Torkoal|44/100
|-enditem|p2a: Torkoal|Heavy-Duty Boots|[from] move: Knock Off|[of] p1a: Weavile
|move|p2a: Torkoal|Lava Plume|p1a: Weavile
|-supereffective|p1a: Weavile
|-damage|p1a: Weavile|0 fnt
|faint|p1a: Weavile
|
|-weather|SunnyDay|[upkeep]
|upkeep
|
|t:|1743843205
|switch|p1a: Iron Treads|Iron Treads|100/100
|-item|p1a: Iron Treads|Air Balloon
|turn|2
|
|t:|1743843233
|switch|p2a: Sawsbuck|Sawsbuck, F|100/100
|move|p1a: Iron Treads|Earthquake|p2a: Sawsbuck
|-resisted|p2a: Sawsbuck
|-damage|p2a: Sawsbuck|69/100
|
|-weather|SunnyDay|[upkeep]
|upkeep
|turn|3
|
|t:|1743843244
|-end|p1a: Iron Treads|Quark Drive|[silent]
|switch|p1a: Pecharunt|Pecharunt|100/100
|move|p2a: Sawsbuck|Swords Dance|p2a: Sawsbuck
|-boost|p2a: Sawsbuck|atk|2
|
|-weather|SunnyDay|[upkeep]
|upkeep
|turn|4
|
|t:|1743843251
|move|p2a: Sawsbuck|High Horsepower|p1a: Pecharunt
|-supereffective|p1a: Pecharunt
|-damage|p1a: Pecharunt|0 fnt
|faint|p1a: Pecharunt
|-damage|p2a: Sawsbuck|59/100|[from] item: Life Orb
|
|-weather|SunnyDay|[upkeep]
|upkeep
|
|t:|1743843263
|switch|p1a: Ogerpon|Ogerpon-Wellspring, F|100/100
|turn|5
|
|t:|1743843306
|move|p2a: Sawsbuck|Horn Leech|p1a: Ogerpon
|-damage|p1a: Ogerpon|0 fnt
|-heal|p2a: Sawsbuck|100/100|[from] drain|[of] p1a: Ogerpon
|faint|p1a: Ogerpon
|-damage|p2a: Sawsbuck|91/100|[from] item: Life Orb
|
|-weather|none
|upkeep
|
|t:|1743843315
|switch|p1a: Iron Moth|Iron Moth|100/100
|-enditem|p1a: Iron Moth|Booster Energy
|-activate|p1a: Iron Moth|ability: Quark Drive|[fromitem]
|-start|p1a: Iron Moth|quarkdrivespa
|turn|6
|
|t:|1743843322
|-terastallize|p2a: Sawsbuck|Ground
|move|p1a: Iron Moth|Fiery Dance|p2a: Sawsbuck
|-damage|p2a: Sawsbuck|24/100
|move|p2a: Sawsbuck|High Horsepower|p1a: Iron Moth
|-supereffective|p1a: Iron Moth
|-crit|p1a: Iron Moth
|-damage|p1a: Iron Moth|0 fnt
|faint|p1a: Iron Moth
|-end|p1a: Iron Moth|Quark Drive|[silent]
|-damage|p2a: Sawsbuck|14/100|[from] item: Life Orb
|
|upkeep
|-message|Rhyde forfeited.
|
|win|stallkiller393
|raw|Rhyde's rating: 1174 &rarr; <strong>1149</strong><br />(-25 for losing)
|raw|stallkiller393's rating: 1170 &rarr; <strong>1195</strong><br />(+25 for winning)
|l|☆Rhyde
|player|p1|
|l|☆stallkiller393
|player|p2|
