|j|☆jushudawu
|j|☆shupple
|t:|1743828974
|gametype|singles
|player|p1|jushudawu|steven-masters2|1146
|player|p2|shupple|lusamine-nihilego|1154
|teamsize|p1|6
|teamsize|p2|6
|gen|9
|tier|[Gen 9] OU
|rated|
|rule|HP Percentage Mod: HP is shown in percentages
|rule|Endless Battle Clause: Forcing endless battles is banned
|rule|Species Clause: Limit one of each Pokémon
|rule|OHKO Clause: OHKO moves are banned
|rule|Evasion Items Clause: Evasion items are banned
|rule|Evasion Moves Clause: Evasion moves are banned
|rule|Sleep Moves Clause: Sleep-inducing moves are banned
|clearpoke
|poke|p1|Iron Valiant|
|poke|p1|Great Tusk|
|poke|p1|Gholdengo|
|poke|p1|Rotom-Wash|
|poke|p1|Kingambit, F|
|poke|p1|Sandy Shocks|
|poke|p2|Bellibolt, F|
|poke|p2|Rillaboom, M|
|poke|p2|Great Tusk|
|poke|p2|Dragapult, F|
|poke|p2|Kingambit, M|
|poke|p2|Cloyster, F|
|teampreview
|
|t:|1743828985
|start
|switch|p1a: Rotom|Rotom-Wash|100/100
|switch|p2a: Great Tusk|Great Tusk|100/100
|turn|1
|
|t:|1743828995
|-end|p2a: Great Tusk|Protosynthesis|[silent]
|switch|p2a: Bellibolt|Bellibolt, F, shiny|100/100
|move|p1a: Rotom|Will-O-Wisp|p2a: Bellibolt
|-status|p2a: Bellibolt|brn
|
|-damage|p2a: Bellibolt|94/100 brn|[from] brn
|upkeep
|turn|2
|
|t:|1743829001
|switch|p1a: Sandy Shocks|Sandy Shocks|100/100
|move|p2a: Bellibolt|Toxic|p1a: Sandy Shocks|[miss]
|-miss|p2a: Bellibolt|p1a: Sandy Shocks
|
|-damage|p2a: Bellibolt|88/100 brn|[from] brn
|upkeep
|turn|3
|
|t:|1743829015
|switch|p2a: Great Tusk|Great Tusk|100/100
|move|p1a: Sandy Shocks|Earth Power|p2a: Great Tusk
|-damage|p2a: Great Tusk|38/100
|
|upkeep
|turn|4
|
|t:|1743829024
|-end|p2a: Great Tusk|Protosynthesis|[silent]
|switch|p2a: Rillaboom|Rillaboom, M|100/100
|-fieldstart|move: Grassy Terrain|[from] ability: Grassy Surge|[of] p2a: Rillaboom
|move|p1a: Sandy Shocks|Earth Power|p2a: Rillaboom
|-resisted|p2a: Rillaboom
|-damage|p2a: Rillaboom|71/100
|
|-heal|p2a: Rillaboom|77/100|[from] Grassy Terrain
|upkeep
|turn|5
|
|t:|1743829033
|move|p1a: Sandy Shocks|Protect|p1a: Sandy Shocks
|-singleturn|p1a: Sandy Shocks|Protect
|move|p2a: Rillaboom|Grassy Glide|p1a: Sandy Shocks
|-activate|p1a: Sandy Shocks|move: Protect
|
|-heal|p2a: Rillaboom|83/100|[from] Grassy Terrain
|upkeep
|turn|6
|
|t:|1743829038
|-end|p1a: Sandy Shocks|Protosynthesis|[silent]
|switch|p1a: Kingambit|Kingambit, F|100/100
|move|p2a: Rillaboom|Knock Off|p1a: Kingambit
|-resisted|p1a: Kingambit
|-damage|p1a: Kingambit|84/100
|-enditem|p1a: Kingambit|Black Glasses|[from] move: Knock Off|[of] p2a: Rillaboom
|-damage|p2a: Rillaboom|73/100|[from] item: Life Orb
|
|-heal|p2a: Rillaboom|79/100|[from] Grassy Terrain
|-heal|p1a: Kingambit|90/100|[from] Grassy Terrain
|upkeep
|turn|7
|
|t:|1743829048
|move|p2a: Rillaboom|High Horsepower|p1a: Kingambit
|-supereffective|p1a: Kingambit
|-damage|p1a: Kingambit|24/100
|-damage|p2a: Rillaboom|69/100|[from] item: Life Orb
|move|p1a: Kingambit|Kowtow Cleave|p2a: Rillaboom
|-damage|p2a: Rillaboom|14/100
|
|-heal|p2a: Rillaboom|20/100|[from] Grassy Terrain
|-heal|p1a: Kingambit|30/100|[from] Grassy Terrain
|upkeep
|turn|8
|
|t:|1743829060
|move|p2a: Rillaboom|Grassy Glide|p1a: Kingambit
|-resisted|p1a: Kingambit
|-damage|p1a: Kingambit|11/100
|-damage|p2a: Rillaboom|10/100|[from] item: Life Orb
|move|p1a: Kingambit|Kowtow Cleave|p2a: Rillaboom
|-damage|p2a: Rillaboom|0 fnt
|faint|p2a: Rillaboom
|
|-heal|p1a: Kingambit|18/100|[from] Grassy Terrain
|-fieldend|move: Grassy Terrain
|upkeep
|
|t:|1743829077
|switch|p2a: Cloyster|Cloyster, F|100/100
|turn|9
|inactive|Battle timer is ON: inactive players will automatically lose when time's up. (requested by jushudawu)
|
|t:|1743829091
|switch|p2a: Kingambit|Kingambit, M|100/100
|-activate|p2a: Kingambit|ability: Supreme Overlord
|-start|p2a: Kingambit|fallen1|[silent]
|move|p1a: Kingambit|Iron Head|p2a: Kingambit
|-resisted|p2a: Kingambit
|-damage|p2a: Kingambit|85/100
|
|upkeep
|turn|10
|
|t:|1743829102
|-end|p1a: Kingambit|fallenundefined|[silent]
|switch|p1a: Rotom|Rotom-Wash|100/100
|move|p2a: Kingambit|Low Kick|p1a: Rotom
|-damage|p1a: Rotom|88/100
|
|upkeep
|turn|11
|
|t:|1743829111
|-end|p2a: Kingambit|fallen1|[silent]
|switch|p2a: Bellibolt|Bellibolt, F, shiny|88/100 brn
|move|p1a: Rotom|Trick|p2a: Bellibolt
|-activate|p1a: Rotom|move: Trick|[of] p2a: Bellibolt
|-item|p2a: Bellibolt|Choice Scarf|[from] move: Trick
|-item|p1a: Rotom|Heavy-Duty Boots|[from] move: Trick
|
|-damage|p2a: Bellibolt|82/100 brn|[from] brn
|upkeep
|turn|12
|
|t:|1743829121
|switch|p2a: Cloyster|Cloyster, F|100/100
|move|p1a: Rotom|Volt Switch|p2a: Cloyster
|-supereffective|p2a: Cloyster
|-enditem|p2a: Cloyster|Focus Sash
|-damage|p2a: Cloyster|1/100
|
|t:|1743829125
|switch|p1a: Sandy Shocks|Sandy Shocks|100/100|[from] Volt Switch
|
|upkeep
|turn|13
|-message|shupple forfeited.
|
|win|jushudawu
|raw|jushudawu's rating: 1146 &rarr; <strong>1172</strong><br />(+26 for winning)
|raw|shupple's rating: 1154 &rarr; <strong>1128</strong><br />(-26 for losing)
|l|☆shupple
|player|p2|
|l|☆jushudawu
|player|p1|
