|j|☆D3NiR
|j|☆YeatLover267
|t:|1743857198
|gametype|singles
|player|p1|D3NiR|marlon|1172
|player|p2|YeatLover267|266|1177
|teamsize|p1|6
|teamsize|p2|6
|gen|9
|tier|[Gen 9] OU
|rated|
|rule|HP Percentage Mod: HP is shown in percentages
|rule|Endless Battle Clause: Forcing endless battles is banned
|rule|Species Clause: Limit one of each Pokémon
|rule|OHKO Clause: OHKO moves are banned
|rule|Evasion Items Clause: Evasion items are banned
|rule|Evasion Moves Clause: Evasion moves are banned
|rule|Sleep Moves Clause: Sleep-inducing moves are banned
|clearpoke
|poke|p1|Alomomola, M|
|poke|p1|Slowking-Galar, M|
|poke|p1|Tornadus-Therian, M|
|poke|p1|Gliscor, F|
|poke|p1|Jumpluff, M|
|poke|p1|Iron Treads|
|poke|p2|Haxorus, M|
|poke|p2|Kyurem|
|poke|p2|Scizor, F|
|poke|p2|Tinkaton, F|
|poke|p2|Iron Hands|
|poke|p2|Clodsire, M|
|teampreview
|inactive|Battle timer is ON: inactive players will automatically lose when time's up. (requested by D3NiR)
|
|t:|1743857207
|start
|switch|p1a: Jumpluff|Jumpluff, M|100/100
|switch|p2a: Tinkaton|Tinkaton, F|100/100
|-item|p2a: Tinkaton|Air Balloon
|turn|1
|inactive|D3NiR has 120 seconds left.
|
|t:|1743857240
|move|p1a: Jumpluff|Switcheroo|p2a: Tinkaton
|-activate|p1a: Jumpluff|move: Trick|[of] p2a: Tinkaton
|-item|p2a: Tinkaton|Choice Scarf|[from] move: Switcheroo
|-item|p1a: Jumpluff|Air Balloon
|-item|p1a: Jumpluff|Air Balloon|[from] move: Switcheroo
|move|p2a: Tinkaton|Stealth Rock|p1a: Jumpluff
|-sidestart|p1: D3NiR|move: Stealth Rock
|
|upkeep
|turn|2
|
|t:|1743857248
|move|p2a: Tinkaton|Stealth Rock||[still]
|-fail|p2a: Tinkaton
|move|p1a: Jumpluff|Encore|p2a: Tinkaton
|-start|p2a: Tinkaton|Encore
|
|upkeep
|turn|3
|
|t:|1743857256
|move|p2a: Tinkaton|Stealth Rock||[still]
|-fail|p2a: Tinkaton
|move|p1a: Jumpluff|U-turn|p2a: Tinkaton
|-resisted|p2a: Tinkaton
|-damage|p2a: Tinkaton|98/100
|inactive|D3NiR has 120 seconds left.
|
|t:|1743857281
|switch|p1a: Gliscor|Gliscor, F|100/100|[from] U-turn
|-damage|p1a: Gliscor|88/100|[from] Stealth Rock
|
|-status|p1a: Gliscor|tox|[from] item: Toxic Orb
|upkeep
|turn|4
|
|t:|1743857288
|switch|p2a: Scizor|Scizor, F|100/100
|move|p1a: Gliscor|Spikes|p2a: Scizor
|-sidestart|p2: YeatLover267|Spikes
|
|-heal|p1a: Gliscor|100/100 tox|[from] ability: Poison Heal
|upkeep
|turn|5
|inactive|D3NiR has 120 seconds left.
|
|t:|1743857305
|switch|p1a: Jumpluff|Jumpluff, M|100/100
|-damage|p1a: Jumpluff|76/100|[from] Stealth Rock
|-item|p1a: Jumpluff|Air Balloon
|move|p2a: Scizor|Defog|p1a: Jumpluff
|-unboost|p1a: Jumpluff|evasion|1
|-sideend|p1: D3NiR|Stealth Rock|[from] move: Defog|[of] p2a: Scizor
|-sideend|p2: YeatLover267|Spikes|[from] move: Defog|[of] p2a: Scizor
|
|upkeep
|turn|6
|
|t:|1743857311
|move|p1a: Jumpluff|Encore|p2a: Scizor
|-start|p2a: Scizor|Encore
|move|p2a: Scizor|Defog|p1a: Jumpluff
|-unboost|p1a: Jumpluff|evasion|1
|
|upkeep
|turn|7
|
|t:|1743857316
|switch|p2a: Tinkaton|Tinkaton, F|98/100
|move|p1a: Jumpluff|Leech Seed|p2a: Tinkaton
|-start|p2a: Tinkaton|move: Leech Seed
|
|-damage|p2a: Tinkaton|85/100|[from] Leech Seed|[of] p1a: Jumpluff
|-heal|p1a: Jumpluff|89/100|[silent]
|upkeep
|turn|8
|
|t:|1743857322
|switch|p2a: Kyurem|Kyurem|100/100
|-ability|p2a: Kyurem|Pressure
|move|p1a: Jumpluff|U-turn|p2a: Kyurem
|-damage|p2a: Kyurem|91/100
|
|t:|1743857331
|switch|p1a: Slowking|Slowking-Galar, M|100/100|[from] U-turn
|
|upkeep
|turn|9
|
|t:|1743857344
|move|p2a: Kyurem|Substitute|p2a: Kyurem
|-start|p2a: Kyurem|Substitute
|-damage|p2a: Kyurem|66/100
|move|p1a: Slowking|Future Sight|p2a: Kyurem
|-start|p1a: Slowking|move: Future Sight
|
|upkeep
|turn|10
|
|t:|1743857353
|-terastallize|p2a: Kyurem|Ice
|move|p2a: Kyurem|Icicle Spear|p1a: Slowking
|-damage|p1a: Slowking|81/100
|-damage|p1a: Slowking|64/100
|-damage|p1a: Slowking|45/100
|-damage|p1a: Slowking|28/100
|-damage|p1a: Slowking|9/100
|-hitcount|p1a: Slowking|5
|move|p1a: Slowking|Sludge Bomb|p2a: Kyurem
|-end|p2a: Kyurem|Substitute
|
|upkeep
|turn|11
|
|t:|1743857368
|switch|p2a: Tinkaton|Tinkaton, F|85/100
|switch|p1a: Alomomola|Alomomola, M|100/100
|
|-end|p2a: Tinkaton|move: Future Sight
|-resisted|p2a: Tinkaton
|-damage|p2a: Tinkaton|67/100
|upkeep
|turn|12
|
|t:|1743857372
|move|p2a: Tinkaton|Thunder Wave|p1a: Alomomola
|-status|p1a: Alomomola|par
|move|p1a: Alomomola|Wish|p1a: Alomomola
|
|upkeep
|turn|13
|
|t:|1743857378
|switch|p2a: Clodsire|Clodsire, M|100/100
|switch|p1a: Slowking|Slowking-Galar, M|42/100
|
|-heal|p1a: Slowking|100/100|[from] move: Wish|[wisher] Alomomola
|upkeep
|turn|14
|
|t:|1743857384
|move|p2a: Clodsire|Earthquake|p1a: Slowking
|-supereffective|p1a: Slowking
|-damage|p1a: Slowking|47/100
|move|p1a: Slowking|Future Sight|p2a: Clodsire
|-start|p1a: Slowking|move: Future Sight
|
|upkeep
|turn|15
|
|t:|1743857390
|switch|p2a: Tinkaton|Tinkaton, F|67/100
|switch|p1a: Tornadus|Tornadus-Therian, M|100/100
|
|upkeep
|turn|16
|
|t:|1743857401
|move|p2a: Tinkaton|Gigaton Hammer|p1a: Tornadus
|-damage|p1a: Tornadus|47/100
|move|p1a: Tornadus|U-turn|p2a: Tinkaton
|-resisted|p2a: Tinkaton
|-damage|p2a: Tinkaton|63/100
|
|t:|1743857411
|switch|p1a: Gliscor|Gliscor, F|100/100 tox|[from] U-turn
|
|-end|p2a: Tinkaton|move: Future Sight
|-resisted|p2a: Tinkaton
|-damage|p2a: Tinkaton|44/100
|upkeep
|turn|17
|
|t:|1743857418
|switch|p2a: Scizor|Scizor, F|100/100
|move|p1a: Gliscor|Ice Fang|p2a: Scizor
|-resisted|p2a: Scizor
|-damage|p2a: Scizor|94/100
|-status|p2a: Scizor|frz
|
|upkeep
|turn|18
|
|t:|1743857424
|switch|p1a: Iron Treads|Iron Treads|100/100
|cant|p2a: Scizor|frz
|
|upkeep
|turn|19
|
|t:|1743857427
|move|p1a: Iron Treads|Knock Off|p2a: Scizor
|-damage|p2a: Scizor|65/100 frz
|-enditem|p2a: Scizor|Heavy-Duty Boots|[from] move: Knock Off|[of] p1a: Iron Treads
|cant|p2a: Scizor|frz
|
|upkeep
|turn|20
|
|t:|1743857435
|move|p1a: Iron Treads|Stealth Rock|p2a: Scizor
|-sidestart|p2: YeatLover267|move: Stealth Rock
|cant|p2a: Scizor|frz
|
|upkeep
|turn|21
|
|t:|1743857438
|-end|p1a: Iron Treads|Quark Drive|[silent]
|switch|p1a: Jumpluff|Jumpluff, M|89/100
|-item|p1a: Jumpluff|Air Balloon
|cant|p2a: Scizor|frz
|
|upkeep
|turn|22
|-message|YeatLover267 forfeited.
|
|win|D3NiR
|raw|D3NiR's rating: 1172 &rarr; <strong>1197</strong><br />(+25 for winning)
|raw|YeatLover267's rating: 1177 &rarr; <strong>1152</strong><br />(-25 for losing)
|l|☆YeatLover267
|player|p2|
|l|☆D3NiR
|player|p1|
