|j|☆manko17
|j|☆ceruledge999
|t:|1743876421
|gametype|singles
|player|p1|manko17|swimmer-gen4dp|1388
|player|p2|ceruledge999|265|1396
|teamsize|p1|6
|teamsize|p2|6
|gen|9
|tier|[Gen 9] OU
|rated|
|rule|HP Percentage Mod: HP is shown in percentages
|rule|Endless Battle Clause: Forcing endless battles is banned
|rule|Species Clause: Limit one of each Pokémon
|rule|OHKO Clause: OHKO moves are banned
|rule|Evasion Items Clause: Evasion items are banned
|rule|Evasion Moves Clause: Evasion moves are banned
|rule|Sleep Moves Clause: Sleep-inducing moves are banned
|clearpoke
|poke|p1|Corviknight, M|
|poke|p1|Primarina, F|
|poke|p1|Iron Moth|
|poke|p1|Raging Bolt|
|poke|p1|Weavile, F|
|poke|p1|Great Tusk|
|poke|p2|Ninetales-Alola, M|
|poke|p2|Ceruledge, M|
|poke|p2|Moltres-Galar|
|poke|p2|Cloyster, F|
|poke|p2|Zoroark-Hisui, M|
|poke|p2|Espeon, M|
|teampreview
|inactive|Battle timer is ON: inactive players will automatically lose when time's up. (requested by ceruledge999)
|
|t:|1743876451
|start
|switch|p1a: Primarina|Primarina, F|100/100
|switch|p2a: Cloyster|Cloyster, F|100/100
|turn|1
|
|t:|1743876461
|move|p2a: Cloyster|Trick|p1a: Primarina
|-activate|p2a: Cloyster|move: Trick|[of] p1a: Primarina
|-item|p1a: Primarina|Choice Scarf|[from] move: Trick
|-item|p2a: Cloyster|Assault Vest|[from] move: Trick
|move|p1a: Primarina|Moonblast|p2a: Cloyster
|-damage|p2a: Cloyster|32/100
|replace|p2a: Zoroark|Zoroark-Hisui, M
|-end|p2a: Zoroark|Illusion
|
|upkeep
|turn|2
|
|t:|1743876467
|move|p2a: Zoroark|Sludge Bomb|p1a: Primarina
|-supereffective|p1a: Primarina
|-damage|p1a: Primarina|40/100
|move|p1a: Primarina|Moonblast|p2a: Zoroark
|-damage|p2a: Zoroark|0 fnt
|faint|p2a: Zoroark
|
|upkeep
|
|t:|1743876482
|switch|p2a: Ninetales|Ninetales-Alola, M, shiny|100/100
|-weather|Snowscape|[from] ability: Snow Warning|[of] p2a: Ninetales
|turn|3
|
|t:|1743876487
|move|p2a: Ninetales|Aurora Veil|p2a: Ninetales
|-sidestart|p2: ceruledge999|move: Aurora Veil
|move|p1a: Primarina|Moonblast|p2a: Ninetales
|-damage|p2a: Ninetales|68/100
|
|-weather|Snowscape|[upkeep]
|upkeep
|turn|4
|
|t:|1743876491
|move|p2a: Ninetales|Freeze-Dry|p1a: Primarina
|-supereffective|p1a: Primarina
|-damage|p1a: Primarina|0 fnt
|faint|p1a: Primarina
|
|-weather|Snowscape|[upkeep]
|upkeep
|
|t:|1743876493
|switch|p1a: Iron Moth|Iron Moth|100/100
|-enditem|p1a: Iron Moth|Booster Energy
|-activate|p1a: Iron Moth|ability: Quark Drive|[fromitem]
|-start|p1a: Iron Moth|quarkdrivespe
|turn|5
|
|t:|1743876499
|switch|p2a: Dark Knight|Ceruledge, M, shiny|100/100
|move|p1a: Iron Moth|Sludge Wave|p2a: Dark Knight
|-resisted|p2a: Dark Knight
|-damage|p2a: Dark Knight|86/100
|
|-weather|Snowscape|[upkeep]
|upkeep
|turn|6
|
|t:|1743876518
|move|p1a: Iron Moth|Sludge Wave|p2a: Dark Knight
|-resisted|p2a: Dark Knight
|-damage|p2a: Dark Knight|73/100
|move|p2a: Dark Knight|Bitter Blade|p1a: Iron Moth
|-resisted|p1a: Iron Moth
|-damage|p1a: Iron Moth|67/100
|-heal|p2a: Dark Knight|90/100|[from] drain|[of] p1a: Iron Moth
|
|-weather|Snowscape|[upkeep]
|upkeep
|turn|7
|
|t:|1743876526
|move|p1a: Iron Moth|Substitute|p1a: Iron Moth
|-start|p1a: Iron Moth|Substitute
|-damage|p1a: Iron Moth|42/100
|move|p2a: Dark Knight|Swords Dance|p2a: Dark Knight
|-boost|p2a: Dark Knight|atk|2
|
|-weather|none
|upkeep
|turn|8
|
|t:|1743876532
|move|p1a: Iron Moth|Dazzling Gleam|p2a: Dark Knight
|-resisted|p2a: Dark Knight
|-damage|p2a: Dark Knight|82/100
|move|p2a: Dark Knight|Bitter Blade|p1a: Iron Moth
|-resisted|p1a: Iron Moth
|-end|p1a: Iron Moth|Substitute
|-heal|p2a: Dark Knight|95/100|[from] drain|[of] p1a: Iron Moth
|
|upkeep
|turn|9
|
|t:|1743876538
|move|p1a: Iron Moth|Sludge Wave|p2a: Dark Knight
|-resisted|p2a: Dark Knight
|-damage|p2a: Dark Knight|82/100
|move|p2a: Dark Knight|Swords Dance|p2a: Dark Knight
|-boost|p2a: Dark Knight|atk|2
|
|upkeep
|turn|10
|
|t:|1743876543
|move|p1a: Iron Moth|Sludge Wave|p2a: Dark Knight
|-resisted|p2a: Dark Knight
|-damage|p2a: Dark Knight|68/100
|move|p2a: Dark Knight|Swords Dance|p2a: Dark Knight
|-boost|p2a: Dark Knight|atk|2
|
|-sideend|p2: ceruledge999|move: Aurora Veil
|upkeep
|turn|11
|
|t:|1743876546
|move|p2a: Dark Knight|Shadow Sneak|p1a: Iron Moth
|-damage|p1a: Iron Moth|0 fnt
|faint|p1a: Iron Moth
|-end|p1a: Iron Moth|Quark Drive|[silent]
|
|upkeep
|
|t:|1743876562
|switch|p1a: Raging Bolt|Raging Bolt|100/100
|-enditem|p1a: Raging Bolt|Booster Energy
|-activate|p1a: Raging Bolt|ability: Protosynthesis|[fromitem]
|-start|p1a: Raging Bolt|protosynthesisspa
|turn|12
|
|t:|1743876565
|move|p2a: Dark Knight|Shadow Sneak|p1a: Raging Bolt
|-damage|p1a: Raging Bolt|24/100
|move|p1a: Raging Bolt|Thunderclap||[still]
|-fail|p1a: Raging Bolt
|
|upkeep
|turn|13
|
|t:|1743876568
|move|p2a: Dark Knight|Shadow Sneak|p1a: Raging Bolt
|-damage|p1a: Raging Bolt|0 fnt
|faint|p1a: Raging Bolt
|-end|p1a: Raging Bolt|Protosynthesis|[silent]
|
|upkeep
|
|t:|1743876570
|switch|p1a: Weavile|Weavile, F, shiny|100/100
|-ability|p1a: Weavile|Pressure
|turn|14
|
|t:|1743876573
|move|p2a: Dark Knight|Shadow Sneak|p1a: Weavile
|-resisted|p1a: Weavile
|-damage|p1a: Weavile|23/100
|move|p1a: Weavile|Knock Off|p2a: Dark Knight
|-supereffective|p2a: Dark Knight
|-damage|p2a: Dark Knight|0 fnt
|-enditem|p2a: Dark Knight|Focus Sash|[from] move: Knock Off|[of] p1a: Weavile
|faint|p2a: Dark Knight
|
|upkeep
|
|t:|1743876586
|switch|p2a: Ninetales|Ninetales-Alola, M, shiny|68/100
|-weather|Snowscape|[from] ability: Snow Warning|[of] p2a: Ninetales
|turn|15
|
|t:|1743876590
|move|p1a: Weavile|Knock Off|p2a: Ninetales
|-resisted|p2a: Ninetales
|-damage|p2a: Ninetales|44/100
|-enditem|p2a: Ninetales|Light Clay|[from] move: Knock Off|[of] p1a: Weavile
|move|p2a: Ninetales|Aurora Veil|p2a: Ninetales
|-sidestart|p2: ceruledge999|move: Aurora Veil
|
|-weather|Snowscape|[upkeep]
|upkeep
|turn|16
|
|t:|1743876596
|switch|p1a: Corviknight|Corviknight, M|100/100
|-ability|p1a: Corviknight|Pressure
|move|p2a: Ninetales|Moonblast|p1a: Corviknight
|-resisted|p1a: Corviknight
|-damage|p1a: Corviknight|82/100
|
|-weather|Snowscape|[upkeep]
|-heal|p1a: Corviknight|88/100|[from] item: Leftovers
|upkeep
|turn|17
|
|t:|1743876602
|switch|p2a: Ice spice|Espeon, M, shiny|100/100
|move|p1a: Corviknight|Brave Bird|p2a: Ice spice
|-damage|p2a: Ice spice|62/100
|-damage|p1a: Corviknight|80/100|[from] Recoil
|
|-weather|Snowscape|[upkeep]
|-heal|p1a: Corviknight|86/100|[from] item: Leftovers
|upkeep
|turn|18
|inactive|manko17 has 120 seconds left.
|
|t:|1743876637
|move|p2a: Ice spice|Thunder Wave|p1a: Corviknight
|-status|p1a: Corviknight|par
|cant|p1a: Corviknight|par
|
|-weather|Snowscape|[upkeep]
|-heal|p1a: Corviknight|92/100 par|[from] item: Leftovers
|upkeep
|turn|19
|
|t:|1743876645
|move|p2a: Ice spice|Shadow Ball|p1a: Corviknight
|-damage|p1a: Corviknight|65/100 par
|-unboost|p1a: Corviknight|spd|1
|move|p1a: Corviknight|U-turn|p2a: Ice spice
|-supereffective|p2a: Ice spice
|-damage|p2a: Ice spice|35/100
|
|t:|1743876652
|switch|p1a: Weavile|Weavile, F, shiny|23/100|[from] U-turn
|-ability|p1a: Weavile|Pressure
|
|-weather|none
|-sideend|p2: ceruledge999|move: Aurora Veil
|upkeep
|turn|20
|
|t:|1743876660
|move|p1a: Weavile|Knock Off|p2a: Ice spice
|-supereffective|p2a: Ice spice
|-damage|p2a: Ice spice|0 fnt
|-enditem|p2a: Ice spice|Covert Cloak|[from] move: Knock Off|[of] p1a: Weavile
|faint|p2a: Ice spice
|
|upkeep
|
|t:|1743876662
|switch|p2a: Ninetales|Ninetales-Alola, M, shiny|44/100
|-weather|Snowscape|[from] ability: Snow Warning|[of] p2a: Ninetales
|turn|21
|
|t:|1743876666
|move|p1a: Weavile|Icicle Crash|p2a: Ninetales
|-resisted|p2a: Ninetales
|-damage|p2a: Ninetales|25/100
|move|p2a: Ninetales|Aurora Veil|p2a: Ninetales
|-sidestart|p2: ceruledge999|move: Aurora Veil
|
|-weather|Snowscape|[upkeep]
|upkeep
|turn|22
|
|t:|1743876673
|switch|p1a: Corviknight|Corviknight, M|65/100 par
|-ability|p1a: Corviknight|Pressure
|switch|p2a: Cloyster|Cloyster, F|100/100
|
|-weather|Snowscape|[upkeep]
|-heal|p1a: Corviknight|71/100 par|[from] item: Leftovers
|upkeep
|turn|23
|
|t:|1743876677
|move|p2a: Cloyster|Shell Smash|p2a: Cloyster
|-unboost|p2a: Cloyster|def|1
|-unboost|p2a: Cloyster|spd|1
|-boost|p2a: Cloyster|atk|2
|-boost|p2a: Cloyster|spa|2
|-boost|p2a: Cloyster|spe|2
|-enditem|p2a: Cloyster|White Herb
|-clearnegativeboost|p2a: Cloyster|[silent]
|move|p1a: Corviknight|Roost|p1a: Corviknight
|-heal|p1a: Corviknight|100/100 par
|-singleturn|p1a: Corviknight|move: Roost
|
|-weather|Snowscape|[upkeep]
|upkeep
|turn|24
|
|t:|1743876682
|move|p2a: Cloyster|Shell Smash|p2a: Cloyster
|-unboost|p2a: Cloyster|def|1
|-unboost|p2a: Cloyster|spd|1
|-boost|p2a: Cloyster|atk|2
|-boost|p2a: Cloyster|spa|2
|-boost|p2a: Cloyster|spe|2
|move|p1a: Corviknight|Brave Bird|p2a: Cloyster
|-damage|p2a: Cloyster|85/100
|-damage|p1a: Corviknight|97/100 par|[from] Recoil
|
|-weather|Snowscape|[upkeep]
|-heal|p1a: Corviknight|100/100 par|[from] item: Leftovers
|upkeep
|turn|25
|
|t:|1743876686
|move|p2a: Cloyster|Icicle Spear|p1a: Corviknight
|-damage|p1a: Corviknight|79/100 par
|-damage|p1a: Corviknight|56/100 par
|-damage|p1a: Corviknight|36/100 par
|-damage|p1a: Corviknight|12/100 par
|-damage|p1a: Corviknight|0 fnt
|faint|p1a: Corviknight
|-hitcount|p1: Corviknight|5
|
|-weather|none
|-sideend|p2: ceruledge999|move: Aurora Veil
|upkeep
|
|t:|1743876690
|switch|p1a: Weavile|Weavile, F, shiny|23/100
|-ability|p1a: Weavile|Pressure
|turn|26
|
|t:|1743876693
|move|p1a: Weavile|Ice Shard|p2a: Cloyster
|-resisted|p2a: Cloyster
|-damage|p2a: Cloyster|79/100
|move|p2a: Cloyster|Icicle Spear|p1a: Weavile
|-resisted|p1a: Weavile
|-damage|p1a: Weavile|0 fnt
|faint|p1a: Weavile
|-hitcount|p1: Weavile|1
|
|upkeep
|
|t:|1743876695
|switch|p1a: Great Tusk|Great Tusk|100/100
|turn|27
|
|t:|1743876697
|move|p2a: Cloyster|Icicle Spear|p1a: Great Tusk
|-supereffective|p1a: Great Tusk
|-damage|p1a: Great Tusk|50/100
|-supereffective|p1a: Great Tusk
|-damage|p1a: Great Tusk|0 fnt
|faint|p1a: Great Tusk
|-end|p1a: Great Tusk|Protosynthesis|[silent]
|-hitcount|p1: Great Tusk|2
|
|win|ceruledge999
|raw|manko17's rating: 1388 &rarr; <strong>1368</strong><br />(-20 for losing)
|raw|ceruledge999's rating: 1396 &rarr; <strong>1416</strong><br />(+20 for winning)
|l|☆manko17
|player|p1|
|l|☆ceruledge999
|player|p2|
