|j|☆ikthoizzykil
|j|‽itsumade mars
|t:|1743895486
|gametype|singles
|player|p1|ikthoizzykil|101|1336
|player|p2|itsumade mars|drayden|1304
|teamsize|p1|6
|teamsize|p2|6
|gen|9
|tier|[Gen 9] OU
|rated|
|rule|HP Percentage Mod: HP is shown in percentages
|rule|Endless Battle Clause: Forcing endless battles is banned
|rule|Species Clause: Limit one of each Pokémon
|rule|OHKO Clause: OHKO moves are banned
|rule|Evasion Items Clause: Evasion items are banned
|rule|Evasion Moves Clause: Evasion moves are banned
|rule|Sleep Moves Clause: Sleep-inducing moves are banned
|clearpoke
|poke|p1|Ceruledge, F|
|poke|p1|Umbreon, F|
|poke|p1|Alomomola, F|
|poke|p1|Ogerpon-Wellspring, F|
|poke|p1|Iron Treads|
|poke|p1|Thundurus-Therian, M|
|poke|p2|Slowking-Galar, M|
|poke|p2|Skeledirge, M|
|poke|p2|Froslass, F|
|poke|p2|Araquanid, M|
|poke|p2|Landorus-Therian, M|
|poke|p2|Great Tusk|
|teampreview
|inactive|Battle timer is ON: inactive players will automatically lose when time's up. (requested by ikthoizzykil)
|inactive|itsumade mars has 120 seconds left.
|inactive|itsumade mars has 90 seconds left.
|
|t:|1743895574
|start
|switch|p1a: Ogerpon|Ogerpon-Wellspring, F|100/100
|switch|p2a: Slowking|Slowking-Galar, M|100/100
|turn|1
|
|t:|1743895584
|switch|p1a: Iron Treads|Iron Treads|100/100
|-prepare|p2a: Slowking|Chilly Reception|[premajor]
|move|p2a: Slowking|Chilly Reception|p2a: Slowking
|-weather|Snowscape
|inactive|itsumade mars has 120 seconds left.
|
|t:|1743895604
|switch|p2a: Landorus|Landorus-Therian, M|100/100|[from] Chilly Reception
|-ability|p2a: Landorus|Intimidate|boost
|-unboost|p1a: Iron Treads|atk|1
|
|-weather|Snowscape|[upkeep]
|upkeep
|turn|2
|
|t:|1743895617
|move|p1a: Iron Treads|Stealth Rock|p2a: Landorus
|-sidestart|p2: itsumade mars|move: Stealth Rock
|move|p2a: Landorus|Gravity|p2a: Landorus
|-fieldstart|move: Gravity
|
|-weather|Snowscape|[upkeep]
|upkeep
|turn|3
|
|t:|1743895631
|-end|p1a: Iron Treads|Quark Drive|[silent]
|switch|p1a: Alomomola|Alomomola, F|100/100
|move|p2a: Landorus|Sandsear Storm|p1a: Alomomola
|-damage|p1a: Alomomola|48/100
|
|-weather|Snowscape|[upkeep]
|upkeep
|turn|4
|
|t:|1743895638
|switch|p1a: Umbreon|Umbreon, F|100/100
|move|p2a: Landorus|Sandsear Storm|p1a: Umbreon
|-damage|p1a: Umbreon|80/100
|
|-weather|Snowscape|[upkeep]
|-heal|p1a: Umbreon|86/100|[from] item: Leftovers
|upkeep
|turn|5
|
|t:|1743895651
|switch|p2a: Slowking|Slowking-Galar, M|100/100
|-damage|p2a: Slowking|88/100|[from] Stealth Rock
|move|p1a: Umbreon|Curse|p1a: Umbreon
|-unboost|p1a: Umbreon|spe|1
|-boost|p1a: Umbreon|atk|1
|-boost|p1a: Umbreon|def|1
|
|-weather|Snowscape|[upkeep]
|-heal|p1a: Umbreon|92/100|[from] item: Leftovers
|upkeep
|turn|6
|
|t:|1743895672
|switch|p1a: Iron Treads|Iron Treads|100/100
|move|p2a: Slowking|Toxic Spikes|p1a: Iron Treads
|-sidestart|p1: ikthoizzykil|move: Toxic Spikes
|
|-weather|Snowscape|[upkeep]
|-fieldend|move: Gravity
|upkeep
|turn|7
|
|t:|1743895690
|switch|p2a: Froslass|Froslass, F|100/100
|-damage|p2a: Froslass|76/100|[from] Stealth Rock
|move|p1a: Iron Treads|Knock Off|p2a: Froslass
|-supereffective|p2a: Froslass
|-damage|p2a: Froslass|27/100
|-enditem|p2a: Froslass|Light Clay|[from] move: Knock Off|[of] p1a: Iron Treads
|
|-weather|Snowscape|[upkeep]
|upkeep
|turn|8
|inactive|itsumade mars has 120 seconds left.
|
|t:|1743895715
|move|p1a: Iron Treads|Knock Off|p2a: Froslass
|-supereffective|p2a: Froslass
|-damage|p2a: Froslass|0 fnt
|faint|p2a: Froslass
|
|-weather|none
|upkeep
|inactive|itsumade mars has 120 seconds left.
|
|t:|1743895725
|switch|p2a: Landorus|Landorus-Therian, M|100/100
|-ability|p2a: Landorus|Intimidate|boost
|-unboost|p1a: Iron Treads|atk|1
|turn|9
|-message|itsumade mars forfeited.
|
|win|ikthoizzykil
|raw|ikthoizzykil's rating: 1336 &rarr; <strong>1354</strong><br />(+18 for winning)
|raw|itsumade mars's rating: 1304 &rarr; <strong>1286</strong><br />(-18 for losing)
