|j|☆kinsword
|j|☆AryHD
|t:|1743863005
|gametype|singles
|player|p1|kinsword|2|1305
|player|p2|AryHD|102|1309
|teamsize|p1|6
|teamsize|p2|6
|gen|9
|tier|[Gen 9] OU
|rated|
|rule|HP Percentage Mod: HP is shown in percentages
|rule|Endless Battle Clause: Forcing endless battles is banned
|rule|Species Clause: Limit one of each Pokémon
|rule|OHKO Clause: OHKO moves are banned
|rule|Evasion Items Clause: Evasion items are banned
|rule|Evasion Moves Clause: Evasion moves are banned
|rule|Sleep Moves Clause: Sleep-inducing moves are banned
|clearpoke
|poke|p1|Eelektross, F|
|poke|p1|Zapdos-Galar|
|poke|p1|Brambleghast, M|
|poke|p1|Goodra-Hisui, M|
|poke|p1|Entei|
|poke|p1|Suicune|
|poke|p2|Meowscarada, M|
|poke|p2|Dragapult, F|
|poke|p2|Iron Valiant|
|poke|p2|Dondozo, F|
|poke|p2|Chansey, F|
|poke|p2|Ribombee, M|
|teampreview
|inactive|Battle timer is ON: inactive players will automatically lose when time's up. (requested by kinsword)
|
|t:|1743863014
|start
|switch|p1a: Zapdos|Zapdos-Galar|100/100
|switch|p2a: Ribombee|Ribombee, M|100/100
|turn|1
|
|t:|1743863022
|move|p2a: Ribombee|Sticky Web|p1a: Zapdos
|-sidestart|p1: kinsword|move: Sticky Web
|move|p1a: Zapdos|U-turn|p2a: Ribombee
|-resisted|p2a: Ribombee
|-damage|p2a: Ribombee|76/100
|
|t:|1743863028
|switch|p1a: Brambleghast|Brambleghast, M|100/100|[from] U-turn
|
|upkeep
|turn|2
|
|t:|1743863035
|switch|p2a: Dragapult|Dragapult, F|100/100
|move|p1a: Brambleghast|Poltergeist|p2a: Dragapult
|-activate|p2a: Dragapult|move: Poltergeist|Life Orb
|-supereffective|p2a: Dragapult
|-damage|p2a: Dragapult|0 fnt
|faint|p2a: Dragapult
|
|upkeep
|
|t:|1743863040
|switch|p2a: Meowscarada|Meowscarada, M|100/100
|turn|3
|
|t:|1743863058
|-terastallize|p1a: Brambleghast|Grass
|move|p2a: Meowscarada|Triple Axel|p1a: Brambleghast
|-start|p2a: Meowscarada|typechange|Ice|[from] ability: Protean
|-supereffective|p1a: Brambleghast
|-damage|p1a: Brambleghast|67/100
|-supereffective|p1a: Brambleghast
|-damage|p1a: Brambleghast|2/100
|-supereffective|p1a: Brambleghast
|-damage|p1a: Brambleghast|0 fnt
|faint|p1a: Brambleghast
|-hitcount|p1: Brambleghast|3
|
|upkeep
|
|t:|1743863071
|switch|p1a: Entei|Entei, shiny|100/100
|-ability|p1a: Entei|Pressure
|turn|4
|
|t:|1743863076
|switch|p2a: Dondozo|Dondozo, F|100/100
|move|p1a: Entei|Sacred Fire|p2a: Dondozo
|-resisted|p2a: Dondozo
|-damage|p2a: Dondozo|88/100
|
|-heal|p2a: Dondozo|94/100|[from] item: Leftovers
|upkeep
|turn|5
|
|t:|1743863088
|switch|p1a: Eelektross|Eelektross, F|100/100
|switch|p2a: Meowscarada|Meowscarada, M|100/100
|
|upkeep
|turn|6
|
|t:|1743863096
|move|p2a: Meowscarada|Flower Trick|p1a: Eelektross
|-start|p2a: Meowscarada|typechange|Grass|[from] ability: Protean
|-crit|p1a: Eelektross
|-damage|p1a: Eelektross|26/100
|move|p1a: Eelektross|Knock Off|p2a: Meowscarada
|-damage|p2a: Meowscarada|52/100
|-enditem|p2a: Meowscarada|Choice Band|[from] move: Knock Off|[of] p1a: Eelektross
|
|-heal|p1a: Eelektross|32/100|[from] item: Leftovers
|upkeep
|turn|7
|
|t:|1743863111
|switch|p1a: Entei|Entei, shiny|100/100
|-ability|p1a: Entei|Pressure
|move|p2a: Meowscarada|Flower Trick|p1a: Entei
|-resisted|p1a: Entei
|-crit|p1a: Entei
|-damage|p1a: Entei|75/100
|
|upkeep
|turn|8
|
|t:|1743863122
|switch|p2a: Dondozo|Dondozo, F|94/100
|switch|p1a: Eelektross|Eelektross, F|32/100
|
|-heal|p1a: Eelektross|38/100|[from] item: Leftovers
|-heal|p2a: Dondozo|99/100|[from] item: Leftovers
|upkeep
|turn|9
|
|t:|1743863132
|switch|p2a: Iron Valiant|Iron Valiant|100/100
|-enditem|p2a: Iron Valiant|Booster Energy
|-activate|p2a: Iron Valiant|ability: Quark Drive|[fromitem]
|-start|p2a: Iron Valiant|quarkdrivespe
|move|p1a: Eelektross|Supercell Slam|p2a: Iron Valiant
|-damage|p2a: Iron Valiant|35/100
|
|-heal|p1a: Eelektross|44/100|[from] item: Leftovers
|upkeep
|turn|10
|
|t:|1743863146
|switch|p1a: Goodra|Goodra-Hisui, M|100/100
|-activate|p1a: Goodra|move: Sticky Web
|-unboost|p1a: Goodra|spe|1
|move|p2a: Iron Valiant|Close Combat|p1a: Goodra
|-supereffective|p1a: Goodra
|-damage|p1a: Goodra|0 fnt
|-unboost|p2a: Iron Valiant|def|1
|-unboost|p2a: Iron Valiant|spd|1
|faint|p1a: Goodra
|
|upkeep
|
|t:|1743863158
|switch|p1a: Zapdos|Zapdos-Galar|100/100
|turn|11
|
|t:|1743863167
|switch|p1a: Entei|Entei, shiny|75/100
|-ability|p1a: Entei|Pressure
|move|p2a: Iron Valiant|Moonblast|p1a: Entei
|-resisted|p1a: Entei
|-damage|p1a: Entei|54/100
|-unboost|p1a: Entei|spa|1
|
|upkeep
|turn|12
|
|t:|1743863179
|move|p1a: Entei|Extreme Speed|p2a: Iron Valiant
|-damage|p2a: Iron Valiant|0 fnt
|faint|p2a: Iron Valiant
|-end|p2a: Iron Valiant|Quark Drive|[silent]
|
|upkeep
|
|t:|1743863203
|switch|p2a: Meowscarada|Meowscarada, M|52/100
|turn|13
|
|t:|1743863209
|move|p1a: Entei|Extreme Speed|p2a: Meowscarada
|-damage|p2a: Meowscarada|5/100
|move|p2a: Meowscarada|Knock Off|p1a: Entei
|-start|p2a: Meowscarada|typechange|Dark|[from] ability: Protean
|-damage|p1a: Entei|5/100
|-enditem|p1a: Entei|Heavy-Duty Boots|[from] move: Knock Off|[of] p2a: Meowscarada
|
|upkeep
|turn|14
|
|t:|1743863222
|switch|p2a: Dondozo|Dondozo, F|99/100
|move|p1a: Entei|Sacred Fire|p2a: Dondozo
|-resisted|p2a: Dondozo
|-damage|p2a: Dondozo|89/100
|-status|p2a: Dondozo|brn
|
|-heal|p2a: Dondozo|95/100 brn|[from] item: Leftovers
|-damage|p2a: Dondozo|89/100 brn|[from] brn
|upkeep
|turn|15
|
|t:|1743863234
|switch|p1a: Suicune|Suicune|100/100
|-activate|p1a: Suicune|move: Sticky Web
|-unboost|p1a: Suicune|spe|1
|-ability|p1a: Suicune|Pressure
|move|p2a: Dondozo|Wave Crash|p1a: Suicune
|-resisted|p1a: Suicune
|-damage|p1a: Suicune|95/100
|-damage|p2a: Dondozo|87/100 brn|[from] Recoil
|
|-heal|p1a: Suicune|100/100|[from] item: Leftovers
|-heal|p2a: Dondozo|93/100 brn|[from] item: Leftovers
|-damage|p2a: Dondozo|87/100 brn|[from] brn
|upkeep
|turn|16
|
|t:|1743863249
|switch|p2a: Ribombee|Ribombee, M|76/100
|move|p1a: Suicune|Substitute|p1a: Suicune
|-start|p1a: Suicune|Substitute
|-damage|p1a: Suicune|75/100
|
|-heal|p1a: Suicune|82/100|[from] item: Leftovers
|upkeep
|turn|17
|
|t:|1743863259
|move|p2a: Ribombee|Moonblast|p1a: Suicune
|-end|p1a: Suicune|Substitute
|move|p1a: Suicune|Calm Mind|p1a: Suicune
|-boost|p1a: Suicune|spa|1
|-boost|p1a: Suicune|spd|1
|
|-heal|p1a: Suicune|88/100|[from] item: Leftovers
|upkeep
|turn|18
|
|t:|1743863269
|switch|p2a: Chansey|Chansey, F|100/100
|move|p1a: Suicune|Substitute|p1a: Suicune
|-start|p1a: Suicune|Substitute
|-damage|p1a: Suicune|63/100
|
|-heal|p1a: Suicune|69/100|[from] item: Leftovers
|upkeep
|turn|19
|
|t:|1743863277
|move|p1a: Suicune|Scald|p2a: Chansey
|-damage|p2a: Chansey|92/100
|move|p2a: Chansey|Seismic Toss|p1a: Suicune
|-activate|p1a: Suicune|move: Substitute|[damage]
|
|-heal|p1a: Suicune|75/100|[from] item: Leftovers
|upkeep
|turn|20
|
|t:|1743863287
|move|p1a: Suicune|Calm Mind|p1a: Suicune
|-boost|p1a: Suicune|spa|1
|-boost|p1a: Suicune|spd|1
|move|p2a: Chansey|Stealth Rock|p1a: Suicune
|-sidestart|p1: kinsword|move: Stealth Rock
|
|-heal|p1a: Suicune|81/100|[from] item: Leftovers
|upkeep
|turn|21
|
|t:|1743863296
|move|p1a: Suicune|Calm Mind|p1a: Suicune
|-boost|p1a: Suicune|spa|1
|-boost|p1a: Suicune|spd|1
|move|p2a: Chansey|Seismic Toss|p1a: Suicune
|-end|p1a: Suicune|Substitute
|
|-heal|p1a: Suicune|88/100|[from] item: Leftovers
|upkeep
|turn|22
|
|t:|1743863307
|switch|p2a: Meowscarada|Meowscarada, M|5/100
|move|p1a: Suicune|Substitute|p1a: Suicune
|-start|p1a: Suicune|Substitute
|-damage|p1a: Suicune|63/100
|
|-heal|p1a: Suicune|69/100|[from] item: Leftovers
|upkeep
|turn|23
|
|t:|1743863316
|move|p2a: Meowscarada|U-turn|p1a: Suicune
|-start|p2a: Meowscarada|typechange|Bug|[from] ability: Protean
|-activate|p1a: Suicune|move: Substitute|[damage]
|
|t:|1743863323
|switch|p2a: Dondozo|Dondozo, F|87/100 brn|[from] U-turn
|move|p1a: Suicune|Scald|p2a: Dondozo
|-resisted|p2a: Dondozo
|-damage|p2a: Dondozo|75/100 brn
|
|-heal|p1a: Suicune|75/100|[from] item: Leftovers
|-heal|p2a: Dondozo|81/100 brn|[from] item: Leftovers
|-damage|p2a: Dondozo|75/100 brn|[from] brn
|upkeep
|turn|24
|
|t:|1743863336
|move|p1a: Suicune|Calm Mind|p1a: Suicune
|-boost|p1a: Suicune|spa|1
|-boost|p1a: Suicune|spd|1
|move|p2a: Dondozo|Curse|p2a: Dondozo
|-unboost|p2a: Dondozo|spe|1
|-boost|p2a: Dondozo|atk|1
|-boost|p2a: Dondozo|def|1
|
|-heal|p1a: Suicune|81/100|[from] item: Leftovers
|-heal|p2a: Dondozo|81/100 brn|[from] item: Leftovers
|-damage|p2a: Dondozo|75/100 brn|[from] brn
|upkeep
|turn|25
|
|t:|1743863349
|switch|p1a: Eelektross|Eelektross, F|44/100
|-damage|p1a: Eelektross|32/100|[from] Stealth Rock
|move|p2a: Dondozo|Curse|p2a: Dondozo
|-unboost|p2a: Dondozo|spe|1
|-boost|p2a: Dondozo|atk|1
|-boost|p2a: Dondozo|def|1
|
|-heal|p1a: Eelektross|38/100|[from] item: Leftovers
|-heal|p2a: Dondozo|81/100 brn|[from] item: Leftovers
|-damage|p2a: Dondozo|75/100 brn|[from] brn
|upkeep
|turn|26
|
|t:|1743863364
|move|p1a: Eelektross|Supercell Slam|p2a: Dondozo
|-supereffective|p2a: Dondozo
|-damage|p2a: Dondozo|52/100 brn
|move|p2a: Dondozo|Rest|p2a: Dondozo
|-status|p2a: Dondozo|slp|[from] move: Rest
|-heal|p2a: Dondozo|100/100 slp|[silent]
|
|-heal|p1a: Eelektross|44/100|[from] item: Leftovers
|upkeep
|turn|27
|
|t:|1743863375
|move|p1a: Eelektross|Knock Off|p2a: Dondozo
|-crit|p2a: Dondozo
|-damage|p2a: Dondozo|80/100 slp
|-enditem|p2a: Dondozo|Leftovers|[from] move: Knock Off|[of] p1a: Eelektross
|cant|p2a: Dondozo|slp
|
|-heal|p1a: Eelektross|50/100|[from] item: Leftovers
|upkeep
|turn|28
|
|t:|1743863385
|move|p1a: Eelektross|Supercell Slam|p2a: Dondozo
|-supereffective|p2a: Dondozo
|-damage|p2a: Dondozo|55/100 slp
|cant|p2a: Dondozo|slp
|
|-heal|p1a: Eelektross|57/100|[from] item: Leftovers
|upkeep
|turn|29
|
|t:|1743863395
|move|p1a: Eelektross|Supercell Slam|p2a: Dondozo|[miss]
|-miss|p1a: Eelektross|p2a: Dondozo
|-damage|p1a: Eelektross|7/100|[from] supercellslam
|-curestatus|p2a: Dondozo|slp|[msg]
|move|p2a: Dondozo|Wave Crash|p1a: Eelektross
|-damage|p1a: Eelektross|0 fnt
|faint|p1a: Eelektross
|-damage|p2a: Dondozo|53/100|[from] Recoil
|
|upkeep
|
|t:|1743863406
|switch|p1a: Suicune|Suicune|81/100
|-activate|p1a: Suicune|move: Sticky Web
|-unboost|p1a: Suicune|spe|1
|-damage|p1a: Suicune|69/100|[from] Stealth Rock
|-ability|p1a: Suicune|Pressure
|turn|30
|
|t:|1743863414
|move|p1a: Suicune|Calm Mind|p1a: Suicune
|-boost|p1a: Suicune|spa|1
|-boost|p1a: Suicune|spd|1
|move|p2a: Dondozo|Body Press|p1a: Suicune
|-damage|p1a: Suicune|37/100
|
|-heal|p1a: Suicune|43/100|[from] item: Leftovers
|upkeep
|turn|31
|
|t:|1743863423
|move|p1a: Suicune|Scald|p2a: Dondozo
|-resisted|p2a: Dondozo
|-damage|p2a: Dondozo|41/100
|move|p2a: Dondozo|Curse|p2a: Dondozo
|-unboost|p2a: Dondozo|spe|1
|-boost|p2a: Dondozo|atk|1
|-boost|p2a: Dondozo|def|1
|
|-heal|p1a: Suicune|49/100|[from] item: Leftovers
|upkeep
|turn|32
|
|t:|1743863434
|move|p1a: Suicune|Scald|p2a: Dondozo
|-resisted|p2a: Dondozo
|-damage|p2a: Dondozo|28/100
|move|p2a: Dondozo|Body Press|p1a: Suicune
|-damage|p1a: Suicune|11/100
|
|-heal|p1a: Suicune|18/100|[from] item: Leftovers
|upkeep
|turn|33
|
|t:|1743863444
|move|p1a: Suicune|Scald|p2a: Dondozo
|-resisted|p2a: Dondozo
|-damage|p2a: Dondozo|16/100
|move|p2a: Dondozo|Rest|p2a: Dondozo
|-status|p2a: Dondozo|slp|[from] move: Rest
|-heal|p2a: Dondozo|100/100 slp|[silent]
|
|-heal|p1a: Suicune|24/100|[from] item: Leftovers
|upkeep
|turn|34
|
|t:|1743863454
|move|p1a: Suicune|Calm Mind|p1a: Suicune
|-boost|p1a: Suicune|spa|1
|-boost|p1a: Suicune|spd|1
|cant|p2a: Dondozo|slp
|
|-heal|p1a: Suicune|30/100|[from] item: Leftovers
|upkeep
|turn|35
|
|t:|1743863464
|move|p1a: Suicune|Calm Mind|p1a: Suicune
|-boost|p1a: Suicune|spa|1
|-boost|p1a: Suicune|spd|1
|cant|p2a: Dondozo|slp
|
|-heal|p1a: Suicune|36/100|[from] item: Leftovers
|upkeep
|turn|36
|
|t:|1743863473
|move|p1a: Suicune|Substitute|p1a: Suicune
|-start|p1a: Suicune|Substitute
|-damage|p1a: Suicune|11/100
|-curestatus|p2a: Dondozo|slp|[msg]
|move|p2a: Dondozo|Body Press|p1a: Suicune
|-end|p1a: Suicune|Substitute
|
|-heal|p1a: Suicune|17/100|[from] item: Leftovers
|upkeep
|turn|37
|
|t:|1743863484
|move|p1a: Suicune|Scald|p2a: Dondozo
|-resisted|p2a: Dondozo
|-damage|p2a: Dondozo|89/100
|-status|p2a: Dondozo|brn
|move|p2a: Dondozo|Body Press|p1a: Suicune
|-damage|p1a: Suicune|0 fnt
|faint|p1a: Suicune
|
|-damage|p2a: Dondozo|83/100 brn|[from] brn
|upkeep
|-message|kinsword forfeited.
|
|win|AryHD
|raw|kinsword's rating: 1305 &rarr; <strong>1285</strong><br />(-20 for losing)
|raw|AryHD's rating: 1309 &rarr; <strong>1329</strong><br />(+20 for winning)
|l|☆kinsword
|player|p1|
|l|☆AryHD
|player|p2|
