|j|☆nhg445
|j|☆Bakozineo
|t:|1743834726
|gametype|singles
|player|p1|nhg445|cynthia|1640
|player|p2|Bakozineo|gentleman-gen4dp|1586
|teamsize|p1|6
|teamsize|p2|6
|gen|9
|tier|[Gen 9] OU
|rated|
|rule|HP Percentage Mod: HP is shown in percentages
|rule|Endless Battle Clause: Forcing endless battles is banned
|rule|Species Clause: Limit one of each Pokémon
|rule|OHKO Clause: OHKO moves are banned
|rule|Evasion Items Clause: Evasion items are banned
|rule|Evasion Moves Clause: Evasion moves are banned
|rule|Sleep Moves Clause: Sleep-inducing moves are banned
|clearpoke
|poke|p1|Landorus-Therian, M|
|poke|p1|Zamazenta-*|
|poke|p1|Raging Bolt|
|poke|p1|Darkrai|
|poke|p1|Gholdengo|
|poke|p1|Dragonite, F|
|poke|p2|Zapdos|
|poke|p2|Darkrai|
|poke|p2|Alomomola, M|
|poke|p2|Great Tusk|
|poke|p2|Hatterene, F|
|poke|p2|Dragonite, F|
|teampreview
|inactive|Battle timer is ON: inactive players will automatically lose when time's up. (requested by nhg445)
|
|t:|1743834733
|start
|switch|p1a: Raging Bolt|Raging Bolt|100/100
|switch|p2a: Zapdos|Zapdos|100/100
|-enditem|p1a: Raging Bolt|Booster Energy
|-activate|p1a: Raging Bolt|ability: Protosynthesis|[fromitem]
|-start|p1a: Raging Bolt|protosynthesisspa
|turn|1
|
|t:|1743834737
|move|p1a: Raging Bolt|Dragon Pulse|p2a: Zapdos
|-damage|p2a: Zapdos|31/100
|move|p2a: Zapdos|Volt Switch|p1a: Raging Bolt
|-resisted|p1a: Raging Bolt
|-damage|p1a: Raging Bolt|94/100
|
|t:|1743834743
|switch|p2a: Great Tusk|Great Tusk|100/100|[from] Volt Switch
|
|upkeep
|turn|2
|
|t:|1743834745
|-terastallize|p1a: Raging Bolt|Fairy
|move|p2a: Great Tusk|Ice Spinner|p1a: Raging Bolt
|-damage|p1a: Raging Bolt|69/100
|move|p1a: Raging Bolt|Dragon Pulse|p2a: Great Tusk
|-damage|p2a: Great Tusk|0 fnt
|faint|p2a: Great Tusk
|-end|p2a: Great Tusk|Protosynthesis|[silent]
|
|upkeep
|
|t:|1743834749
|switch|p2a: Darkrai|Darkrai|100/100
|turn|3
|
|t:|1743834757
|-terastallize|p2a: Darkrai|Poison
|move|p2a: Darkrai|Sludge Bomb|p1a: Raging Bolt
|-supereffective|p1a: Raging Bolt
|-damage|p1a: Raging Bolt|0 fnt
|faint|p1a: Raging Bolt
|-end|p1a: Raging Bolt|Protosynthesis|[silent]
|
|upkeep
|
|t:|1743834759
|switch|p1a: Landorus|Landorus-Therian, M|100/100
|-ability|p1a: Landorus|Intimidate|boost
|-unboost|p2a: Darkrai|atk|1
|turn|4
|
|t:|1743834772
|switch|p2a: Zapdos|Zapdos|31/100
|move|p1a: Landorus|Earth Power|p2a: Zapdos
|-immune|p2a: Zapdos
|
|upkeep
|turn|5
|
|t:|1743834775
|move|p1a: Landorus|Stealth Rock|p2a: Zapdos
|-sidestart|p2: Bakozineo|move: Stealth Rock
|move|p2a: Zapdos|Roost|p2a: Zapdos
|-heal|p2a: Zapdos|81/100
|-singleturn|p2a: Zapdos|move: Roost
|
|upkeep
|turn|6
|
|t:|1743834784
|switch|p2a: Alomomola|Alomomola, M|100/100
|-damage|p2a: Alomomola|88/100|[from] Stealth Rock
|move|p1a: Landorus|U-turn|p2a: Alomomola
|-damage|p2a: Alomomola|75/100
|
|t:|1743834787
|switch|p1a: Darkrai|Darkrai|100/100|[from] U-turn
|
|upkeep
|turn|7
|
|t:|1743834790
|move|p1a: Darkrai|Dark Pulse|p2a: Alomomola
|-damage|p2a: Alomomola|52/100
|move|p2a: Alomomola|Flip Turn|p1a: Darkrai
|-damage|p1a: Darkrai|80/100
|
|t:|1743834799
|switch|p2a: Zapdos|Zapdos|81/100|[from] Flip Turn
|
|upkeep
|turn|8
|
|t:|1743834802
|move|p1a: Darkrai|Ice Beam|p2a: Zapdos
|-supereffective|p2a: Zapdos
|-damage|p2a: Zapdos|20/100
|move|p2a: Zapdos|Thunder Wave|p1a: Darkrai|[miss]
|-miss|p2a: Zapdos|p1a: Darkrai
|
|upkeep
|turn|9
|
|t:|1743834807
|move|p1a: Darkrai|Dark Pulse|p2a: Zapdos
|-damage|p2a: Zapdos|0 fnt
|faint|p2a: Zapdos
|
|upkeep
|
|t:|1743834809
|switch|p2a: Darkrai|Darkrai, tera:Poison|100/100
|turn|10
|
|t:|1743834811
|move|p1a: Darkrai|Dark Pulse|p2a: Darkrai
|-damage|p2a: Darkrai|46/100
|move|p2a: Darkrai|Sludge Bomb|p1a: Darkrai
|-damage|p1a: Darkrai|19/100
|
|upkeep
|turn|11
|
|t:|1743834816
|switch|p2a: Alomomola|Alomomola, M|85/100
|-damage|p2a: Alomomola|72/100|[from] Stealth Rock
|move|p1a: Darkrai|Dark Pulse|p2a: Alomomola
|-damage|p2a: Alomomola|50/100
|
|upkeep
|turn|12
|
|t:|1743834821
|move|p1a: Darkrai|Will-O-Wisp|p2a: Alomomola
|-status|p2a: Alomomola|brn
|move|p2a: Alomomola|Flip Turn|p1a: Darkrai
|-damage|p1a: Darkrai|7/100
|
|t:|1743834824
|switch|p2a: Dragonite|Dragonite, F|100/100|[from] Flip Turn
|
|upkeep
|turn|13
|
|t:|1743834827
|move|p2a: Dragonite|Extreme Speed|p1a: Darkrai
|-damage|p1a: Darkrai|0 fnt
|faint|p1a: Darkrai
|
|upkeep
|
|t:|1743834829
|switch|p1a: Zamazenta|Zamazenta|100/100
|-ability|p1a: Zamazenta|Dauntless Shield|boost
|-boost|p1a: Zamazenta|def|1
|turn|14
|
|t:|1743834835
|switch|p2a: Hatterene|Hatterene, F|100/100
|-damage|p2a: Hatterene|88/100|[from] Stealth Rock
|move|p1a: Zamazenta|Roar|p2a: Hatterene
|move|p2a: Hatterene|Roar|p1a: Zamazenta|[from] ability: Magic Bounce
|drag|p1a: Landorus|Landorus-Therian, M|100/100
|-ability|p1a: Landorus|Intimidate|boost
|-unboost|p2a: Hatterene|atk|1
|
|-heal|p2a: Hatterene|94/100|[from] item: Leftovers
|upkeep
|turn|15
|
|t:|1743834838
|move|p1a: Landorus|U-turn|p2a: Hatterene
|-damage|p2a: Hatterene|76/100
|
|t:|1743834841
|switch|p1a: Gholdengo|Gholdengo|100/100|[from] U-turn
|-item|p1a: Gholdengo|Air Balloon
|move|p2a: Hatterene|Mystical Fire|p1a: Gholdengo
|-supereffective|p1a: Gholdengo
|-damage|p1a: Gholdengo|56/100
|-unboost|p1a: Gholdengo|spa|1
|-enditem|p1a: Gholdengo|Air Balloon
|
|-heal|p2a: Hatterene|82/100|[from] item: Leftovers
|upkeep
|turn|16
|
|t:|1743834844
|switch|p2a: Alomomola|Alomomola, M|83/100 brn
|-damage|p2a: Alomomola|71/100 brn|[from] Stealth Rock
|move|p1a: Gholdengo|Nasty Plot|p1a: Gholdengo
|-boost|p1a: Gholdengo|spa|2
|
|-damage|p2a: Alomomola|65/100 brn|[from] brn
|upkeep
|turn|17
|
|t:|1743834847
|move|p1a: Gholdengo|Recover|p1a: Gholdengo
|-heal|p1a: Gholdengo|100/100
|move|p2a: Alomomola|Flip Turn|p1a: Gholdengo
|-damage|p1a: Gholdengo|95/100
|
|t:|1743834849
|switch|p2a: Darkrai|Darkrai, tera:Poison|46/100|[from] Flip Turn
|
|upkeep
|turn|18
|
|t:|1743834854
|move|p2a: Darkrai|Dark Pulse|p1a: Gholdengo
|-supereffective|p1a: Gholdengo
|-damage|p1a: Gholdengo|14/100
|move|p1a: Gholdengo|Shadow Ball|p2a: Darkrai
|-damage|p2a: Darkrai|0 fnt
|faint|p2a: Darkrai
|
|upkeep
|
|t:|1743834861
|switch|p2a: Dragonite|Dragonite, F|100/100
|turn|19
|
|t:|1743834865
|switch|p1a: Dragonite|Dragonite, F|100/100
|move|p2a: Dragonite|Dragon Dance|p2a: Dragonite
|-boost|p2a: Dragonite|atk|1
|-boost|p2a: Dragonite|spe|1
|
|upkeep
|turn|20
|
|t:|1743834868
|move|p2a: Dragonite|Ice Spinner|p1a: Dragonite
|-supereffective|p1a: Dragonite
|-crit|p1a: Dragonite
|-damage|p1a: Dragonite|0 fnt
|faint|p1a: Dragonite
|
|upkeep
|
|t:|1743834871
|switch|p1a: Zamazenta|Zamazenta|100/100
|turn|21
|
|t:|1743834875
|move|p1a: Zamazenta|Iron Defense|p1a: Zamazenta
|-boost|p1a: Zamazenta|def|2
|move|p2a: Dragonite|Earthquake|p1a: Zamazenta
|-damage|p1a: Zamazenta|78/100
|
|-heal|p1a: Zamazenta|84/100|[from] item: Leftovers
|upkeep
|turn|22
|
|t:|1743834879
|switch|p2a: Hatterene|Hatterene, F|82/100
|-damage|p2a: Hatterene|70/100|[from] Stealth Rock
|move|p1a: Zamazenta|Body Press|p2a: Hatterene
|-resisted|p2a: Hatterene
|-damage|p2a: Hatterene|57/100
|
|-heal|p1a: Zamazenta|90/100|[from] item: Leftovers
|-heal|p2a: Hatterene|63/100|[from] item: Leftovers
|upkeep
|turn|23
|
|t:|1743834884
|move|p1a: Zamazenta|Crunch|p2a: Hatterene
|-damage|p2a: Hatterene|44/100
|move|p2a: Hatterene|Draining Kiss|p1a: Zamazenta
|-supereffective|p1a: Zamazenta
|-damage|p1a: Zamazenta|56/100
|-heal|p2a: Hatterene|75/100|[from] drain|[of] p1a: Zamazenta
|
|-heal|p1a: Zamazenta|62/100|[from] item: Leftovers
|-heal|p2a: Hatterene|81/100|[from] item: Leftovers
|upkeep
|turn|24
|
|t:|1743834892
|switch|p1a: Landorus|Landorus-Therian, M|100/100
|-ability|p1a: Landorus|Intimidate|boost
|-unboost|p2a: Hatterene|atk|1
|move|p2a: Hatterene|Draining Kiss|p1a: Landorus
|-damage|p1a: Landorus|78/100
|-heal|p2a: Hatterene|100/100|[from] drain|[of] p1a: Landorus
|-damage|p2a: Hatterene|84/100|[from] item: Rocky Helmet|[of] p1a: Landorus
|
|-heal|p2a: Hatterene|90/100|[from] item: Leftovers
|upkeep
|turn|25
|
|t:|1743834897
|switch|p2a: Alomomola|Alomomola, M|98/100 brn
|-damage|p2a: Alomomola|86/100 brn|[from] Stealth Rock
|move|p1a: Landorus|Earth Power|p2a: Alomomola
|-damage|p2a: Alomomola|68/100 brn
|
|-damage|p2a: Alomomola|62/100 brn|[from] brn
|upkeep
|turn|26
|
|t:|1743834901
|move|p1a: Landorus|U-turn|p2a: Alomomola
|-damage|p2a: Alomomola|48/100 brn
|
|t:|1743834903
|switch|p1a: Gholdengo|Gholdengo|14/100|[from] U-turn
|move|p2a: Alomomola|Flip Turn|p1a: Gholdengo
|-damage|p1a: Gholdengo|8/100
|
|t:|1743834906
|switch|p2a: Dragonite|Dragonite, F|100/100|[from] Flip Turn
|
|upkeep
|turn|27
|-message|nhg445 forfeited.
|
|win|Bakozineo
|raw|nhg445's rating: 1640 &rarr; <strong>1617</strong><br />(-23 for losing)
|raw|Bakozineo's rating: 1586 &rarr; <strong>1609</strong><br />(+23 for winning)
|l|☆nhg445
|player|p1|
|l|☆Bakozineo
|player|p2|
