|j|☆huanghunqingyue
|j|☆YAMASH1T4
|t:|1743834035
|gametype|singles
|player|p1|huanghunqingyue|1|1272
|player|p2|YAMASH1T4|elesa|1243
|teamsize|p1|6
|teamsize|p2|6
|gen|9
|tier|[Gen 9] OU
|rated|
|rule|HP Percentage Mod: HP is shown in percentages
|rule|Endless Battle Clause: Forcing endless battles is banned
|rule|Species Clause: Limit one of each Pokémon
|rule|OHKO Clause: OHKO moves are banned
|rule|Evasion Items Clause: Evasion items are banned
|rule|Evasion Moves Clause: Evasion moves are banned
|rule|Sleep Moves Clause: Sleep-inducing moves are banned
|clearpoke
|poke|p1|Gliscor, M|
|poke|p1|Toxapex, M|
|poke|p1|Great Tusk|
|poke|p1|Gholdengo|
|poke|p1|Dondozo, F|
|poke|p1|Chansey, F|
|poke|p2|Iron Boulder|
|poke|p2|Iron Crown|
|poke|p2|Iron Treads|
|poke|p2|Iron Moth|
|poke|p2|Iron Valiant|
|poke|p2|Pincurchin, F|
|teampreview
|inactive|Battle timer is ON: inactive players will automatically lose when time's up. (requested by huanghunqingyue)
|
|t:|1743834041
|start
|switch|p1a: Chansey|Chansey, F|100/100
|switch|p2a: dead piece|Pincurchin, F|100/100
|-fieldstart|move: Electric Terrain|[from] ability: Electric Surge|[of] p2a: dead piece
|turn|1
|
|t:|1743834049
|move|p1a: Chansey|Stealth Rock|p2a: dead piece
|-sidestart|p2: YAMASH1T4|move: Stealth Rock
|move|p2a: dead piece|Spikes|p1a: Chansey
|-sidestart|p1: huanghunqingyue|Spikes
|
|upkeep
|turn|2
|
|t:|1743834058
|switch|p1a: Gliscor|Gliscor, M|100/100
|move|p2a: dead piece|Spikes|p1a: Gliscor
|-sidestart|p1: huanghunqingyue|Spikes
|
|-status|p1a: Gliscor|tox|[from] item: Toxic Orb
|upkeep
|turn|3
|inactive|YAMASH1T4 has 120 seconds left.
|
|t:|1743834095
|move|p1a: Gliscor|Spikes|p2a: dead piece
|-sidestart|p2: YAMASH1T4|Spikes
|move|p2a: dead piece|Memento|p1a: Gliscor
|-unboost|p1a: Gliscor|atk|2
|-unboost|p1a: Gliscor|spa|2
|faint|p2a: dead piece
|
|upkeep
|
|t:|1743834103
|switch|p2a: crowning|Iron Crown|100/100
|-damage|p2a: crowning|94/100|[from] Stealth Rock
|-damage|p2a: crowning|82/100|[from] Spikes
|-activate|p2a: crowning|ability: Quark Drive
|-start|p2a: crowning|quarkdrivespa
|turn|4
|
|t:|1743834107
|switch|p1a: Chansey|Chansey, F|100/100
|-damage|p1a: Chansey|84/100|[from] Spikes
|-terastallize|p2a: crowning|Fairy
|move|p2a: crowning|Calm Mind|p2a: crowning
|-boost|p2a: crowning|spa|1
|-boost|p2a: crowning|spd|1
|
|-heal|p2a: crowning|88/100|[from] item: Leftovers
|upkeep
|turn|5
|
|t:|1743834119
|move|p2a: crowning|Psyshock|p1a: Chansey
|-damage|p1a: Chansey|0 fnt
|faint|p1a: Chansey
|
|-heal|p2a: crowning|94/100|[from] item: Leftovers
|upkeep
|
|t:|1743834125
|switch|p1a: Toxapex|Toxapex, M|100/100
|-damage|p1a: Toxapex|84/100|[from] Spikes
|turn|6
|
|t:|1743834141
|-terastallize|p1a: Toxapex|Dark
|move|p2a: crowning|Psyshock|p1a: Toxapex
|-immune|p1a: Toxapex
|move|p1a: Toxapex|Toxic|p2a: crowning
|-status|p2a: crowning|tox
|
|-heal|p2a: crowning|100/100 tox|[from] item: Leftovers
|-heal|p1a: Toxapex|90/100|[from] item: Leftovers
|-damage|p2a: crowning|94/100 tox|[from] psn
|upkeep
|turn|7
|
|t:|1743834147
|move|p2a: crowning|Tera Blast|p1a: Toxapex|[anim] Tera Blast Fairy
|-supereffective|p1a: Toxapex
|-crit|p1a: Toxapex
|-damage|p1a: Toxapex|0 fnt
|faint|p1a: Toxapex
|
|-heal|p2a: crowning|100/100 tox|[from] item: Leftovers
|-damage|p2a: crowning|88/100 tox|[from] psn
|upkeep
|-message|huanghunqingyue forfeited.
|
|win|YAMASH1T4
|raw|huanghunqingyue's rating: 1272 &rarr; <strong>1245</strong><br />(-27 for losing)
|raw|YAMASH1T4's rating: 1243 &rarr; <strong>1270</strong><br />(+27 for winning)
|l|☆huanghunqingyue
|player|p1|
|j|☆huanghunqingyue
|player|p1|huanghunqingyue|1|
|l|☆YAMASH1T4
|player|p2|
|l|☆huanghunqingyue
|player|p1|
