|j|☆Riaxeris
|j|☆Ivanopano
|t:|1743932249
|gametype|singles
|player|p1|Riaxeris|veteran|1110
|player|p2|Ivanopano|mars|1080
|teamsize|p1|6
|teamsize|p2|6
|gen|9
|tier|[Gen 9] OU
|rated|
|rule|HP Percentage Mod: HP is shown in percentages
|rule|Endless Battle Clause: Forcing endless battles is banned
|rule|Species Clause: Limit one of each Pokémon
|rule|OHKO Clause: OHKO moves are banned
|rule|Evasion Items Clause: Evasion items are banned
|rule|Evasion Moves Clause: Evasion moves are banned
|rule|Sleep Moves Clause: Sleep-inducing moves are banned
|clearpoke
|poke|p1|Gliscor, M|
|poke|p1|Samurott-Hisui, M|
|poke|p1|Great Tusk|
|poke|p1|Tinkaton, F|
|poke|p1|Dragapult, M|
|poke|p1|Garganacl, M|
|poke|p2|Gholdengo|
|poke|p2|Meowscarada, F|
|poke|p2|Ursaluna, M|
|poke|p2|Ribombee, F|
|poke|p2|Metagross|
|poke|p2|Venusaur, M|
|teampreview
|inactive|Battle timer is ON: inactive players will automatically lose when time's up. (requested by Ivanopano)
|
|t:|1743932264
|start
|switch|p1a: Samurott|Samurott-Hisui, M|100/100
|switch|p2a: Seth|Ribombee, F, shiny|100/100
|turn|1
|
|t:|1743932280
|move|p2a: Seth|Sticky Web|p1a: Samurott
|-sidestart|p1: Riaxeris|move: Sticky Web
|move|p1a: Samurott|Aqua Cutter|p2a: Seth
|-damage|p2a: Seth|4/100
|
|upkeep
|turn|2
|
|t:|1743932286
|move|p2a: Seth|Dazzling Gleam|p1a: Samurott
|-supereffective|p1a: Samurott
|-damage|p1a: Samurott|10/100
|move|p1a: Samurott|Knock Off|p2a: Seth
|-resisted|p2a: Seth
|-damage|p2a: Seth|0 fnt
|-enditem|p2a: Seth|Focus Sash|[from] move: Knock Off|[of] p1a: Samurott
|faint|p2a: Seth
|
|upkeep
|
|t:|1743932304
|switch|p2a: Meowscarada|Meowscarada, F|100/100
|turn|3
|
|t:|1743932319
|move|p1a: Samurott|Sucker Punch|p2a: Meowscarada
|-resisted|p2a: Meowscarada
|-damage|p2a: Meowscarada|72/100
|move|p2a: Meowscarada|Flower Trick|p1a: Samurott
|-start|p2a: Meowscarada|typechange|Grass|[from] ability: Protean
|-supereffective|p1a: Samurott
|-crit|p1a: Samurott
|-damage|p1a: Samurott|0 fnt
|faint|p1a: Samurott
|
|upkeep
|
|t:|1743932342
|switch|p1a: Great Tusk|Great Tusk|100/100
|-activate|p1a: Great Tusk|move: Sticky Web
|-unboost|p1a: Great Tusk|spe|1
|turn|4
|
|t:|1743932349
|move|p2a: Meowscarada|Flower Trick|p1a: Great Tusk
|-supereffective|p1a: Great Tusk
|-crit|p1a: Great Tusk
|-damage|p1a: Great Tusk|37/100
|move|p1a: Great Tusk|Rapid Spin|p2a: Meowscarada
|-damage|p2a: Meowscarada|46/100
|-boost|p1a: Great Tusk|spe|1
|-sideend|p1: Riaxeris|Sticky Web|[from] move: Rapid Spin|[of] p1a: Great Tusk
|
|upkeep
|turn|5
|
|t:|1743932359
|-end|p1a: Great Tusk|Protosynthesis|[silent]
|switch|p1a: Tinkaton|Tinkaton, F|100/100
|-item|p1a: Tinkaton|Air Balloon
|move|p2a: Meowscarada|Flower Trick|p1a: Tinkaton
|-resisted|p1a: Tinkaton
|-crit|p1a: Tinkaton
|-damage|p1a: Tinkaton|73/100
|-enditem|p1a: Tinkaton|Air Balloon
|
|upkeep
|turn|6
|
|t:|1743932371
|move|p2a: Meowscarada|U-turn|p1a: Tinkaton
|-resisted|p1a: Tinkaton
|-crit|p1a: Tinkaton
|-damage|p1a: Tinkaton|63/100
|-enditem|p2a: Meowscarada|Assault Vest|[silent]|[from] ability: Pickpocket|[of] p2a: Meowscarada
|-item|p1a: Tinkaton|Assault Vest|[from] ability: Pickpocket|[of] p2a: Meowscarada
|
|t:|1743932387
|switch|p2a: Davorfak|Ursaluna, M|100/100|[from] U-turn
|move|p1a: Tinkaton|Gigaton Hammer|p2a: Davorfak
|-damage|p2a: Davorfak|72/100
|
|-heal|p2a: Davorfak|78/100|[from] item: Leftovers
|upkeep
|turn|7
|
|t:|1743932414
|switch|p1a: Gliscor|Gliscor, M|100/100
|move|p2a: Davorfak|Trailblaze|p1a: Gliscor
|-damage|p1a: Gliscor|86/100
|-boost|p2a: Davorfak|spe|1
|
|-heal|p2a: Davorfak|84/100|[from] item: Leftovers
|-status|p1a: Gliscor|tox|[from] item: Toxic Orb
|upkeep
|turn|8
|
|t:|1743932427
|move|p1a: Gliscor|Toxic|p2a: Davorfak
|-status|p2a: Davorfak|tox
|move|p2a: Davorfak|Body Slam|p1a: Gliscor
|-damage|p1a: Gliscor|30/100 tox
|
|-heal|p2a: Davorfak|91/100 tox|[from] item: Leftovers
|-heal|p1a: Gliscor|43/100 tox|[from] ability: Poison Heal
|-damage|p2a: Davorfak|84/100 tox|[from] psn
|upkeep
|turn|9
|
|t:|1743932437
|move|p1a: Gliscor|Protect|p1a: Gliscor
|-singleturn|p1a: Gliscor|Protect
|move|p2a: Davorfak|Body Slam|p1a: Gliscor
|-activate|p1a: Gliscor|move: Protect
|
|-heal|p2a: Davorfak|91/100 tox|[from] item: Leftovers
|-heal|p1a: Gliscor|55/100 tox|[from] ability: Poison Heal
|-damage|p2a: Davorfak|78/100 tox|[from] psn
|upkeep
|turn|10
|
|t:|1743932447
|move|p1a: Gliscor|Protect|p1a: Gliscor
|-singleturn|p1a: Gliscor|Protect
|move|p2a: Davorfak|Body Slam|p1a: Gliscor
|-activate|p1a: Gliscor|move: Protect
|
|-heal|p2a: Davorfak|84/100 tox|[from] item: Leftovers
|-heal|p1a: Gliscor|68/100 tox|[from] ability: Poison Heal
|-damage|p2a: Davorfak|66/100 tox|[from] psn
|upkeep
|turn|11
|
|t:|1743932463
|move|p1a: Gliscor|Protect||[still]
|-fail|p1a: Gliscor
|move|p2a: Davorfak|Body Slam|p1a: Gliscor
|-damage|p1a: Gliscor|3/100 tox
|
|-heal|p2a: Davorfak|72/100 tox|[from] item: Leftovers
|-heal|p1a: Gliscor|15/100 tox|[from] ability: Poison Heal
|-damage|p2a: Davorfak|47/100 tox|[from] psn
|upkeep
|turn|12
|
|t:|1743932477
|switch|p2a: Freeronald|Metagross|100/100
|move|p1a: Gliscor|Protect||[still]
|-fail|p1a: Gliscor
|
|-heal|p1a: Gliscor|28/100 tox|[from] ability: Poison Heal
|upkeep
|turn|13
|
|t:|1743932486
|move|p2a: Freeronald|Bullet Punch|p1a: Gliscor
|-damage|p1a: Gliscor|11/100 tox
|move|p1a: Gliscor|Earthquake|p2a: Freeronald
|-supereffective|p2a: Freeronald
|-damage|p2a: Freeronald|49/100
|
|-heal|p1a: Gliscor|23/100 tox|[from] ability: Poison Heal
|upkeep
|turn|14
|
|t:|1743932506
|switch|p1a: Dragapult|Dragapult, M|100/100
|move|p2a: Freeronald|Zen Headbutt|p1a: Dragapult|[miss]
|-miss|p2a: Freeronald|p1a: Dragapult
|
|upkeep
|turn|15
|
|t:|1743932519
|switch|p2a: Davorfak|Ursaluna, M|47/100 tox
|move|p1a: Dragapult|Hex|p2a: Davorfak
|-immune|p2a: Davorfak
|
|-heal|p2a: Davorfak|53/100 tox|[from] item: Leftovers
|-damage|p2a: Davorfak|47/100 tox|[from] psn
|upkeep
|turn|16
|
|t:|1743932539
|switch|p2a: Amandil|Venusaur, M|100/100
|move|p1a: Dragapult|Draco Meteor|p2a: Amandil
|-damage|p2a: Amandil|61/100
|-unboost|p1a: Dragapult|spa|2
|
|upkeep
|turn|17
|inactive|Riaxeris has 120 seconds left.
|
|t:|1743932576
|move|p1a: Dragapult|Will-O-Wisp|p2a: Amandil
|-status|p2a: Amandil|brn
|move|p2a: Amandil|Leech Seed|p1a: Dragapult
|-start|p1a: Dragapult|move: Leech Seed
|
|-damage|p1a: Dragapult|88/100|[from] Leech Seed|[of] p2a: Amandil
|-heal|p2a: Amandil|71/100 brn|[silent]
|-damage|p2a: Amandil|65/100 brn|[from] brn
|upkeep
|turn|18
|inactive|Riaxeris has 120 seconds left.
|
|t:|1743932596
|move|p1a: Dragapult|U-turn|p2a: Amandil
|-damage|p2a: Amandil|46/100 brn
|-enditem|p2a: Amandil|Sitrus Berry|[eat]
|-heal|p2a: Amandil|71/100 brn|[from] item: Sitrus Berry
|
|t:|1743932602
|switch|p1a: Gliscor|Gliscor, M|23/100 tox|[from] U-turn
|move|p2a: Amandil|Giga Drain|p1a: Gliscor
|-damage|p1a: Gliscor|1/100 tox
|-heal|p2a: Amandil|82/100 brn|[from] drain|[of] p1a: Gliscor
|
|-heal|p1a: Gliscor|14/100 tox|[from] ability: Poison Heal
|-damage|p2a: Amandil|75/100 brn|[from] brn
|upkeep
|turn|19
|inactive|Riaxeris has 120 seconds left.
|inactive|Ivanopano has 120 seconds left.
|
|t:|1743932625
|move|p1a: Gliscor|Earthquake|p2a: Amandil
|-damage|p2a: Amandil|37/100 brn
|move|p2a: Amandil|Leech Seed|p1a: Gliscor
|-start|p1a: Gliscor|move: Leech Seed
|
|-damage|p1a: Gliscor|1/100 tox|[from] Leech Seed|[of] p2a: Amandil
|-heal|p2a: Amandil|49/100 brn|[silent]
|-heal|p1a: Gliscor|14/100 tox|[from] ability: Poison Heal
|-damage|p2a: Amandil|43/100 brn|[from] brn
|upkeep
|turn|20
|inactive|Ivanopano has 120 seconds left.
|
|t:|1743932636
|move|p1a: Gliscor|Earthquake|p2a: Amandil
|-damage|p2a: Amandil|5/100 brn
|move|p2a: Amandil|Giga Drain|p1a: Gliscor
|-damage|p1a: Gliscor|0 fnt
|-heal|p2a: Amandil|11/100 brn|[from] drain|[of] p1a: Gliscor
|faint|p1a: Gliscor
|
|-damage|p2a: Amandil|5/100 brn|[from] brn
|upkeep
|
|t:|1743932647
|switch|p1a: Great Tusk|Great Tusk|37/100
|turn|21
|
|t:|1743932666
|move|p1a: Great Tusk|Close Combat|p2a: Amandil
|-resisted|p2a: Amandil
|-damage|p2a: Amandil|0 fnt
|-unboost|p1a: Great Tusk|def|1
|-unboost|p1a: Great Tusk|spd|1
|faint|p2a: Amandil
|
|upkeep
|
|t:|1743932673
|switch|p2a: Angiales|Gholdengo|100/100
|turn|22
|inactive|Ivanopano has 120 seconds left.
|
|t:|1743932696
|-terastallize|p1a: Great Tusk|Fairy
|move|p1a: Great Tusk|Headlong Rush|p2a: Angiales
|-supereffective|p2a: Angiales
|-damage|p2a: Angiales|0 fnt
|-unboost|p1a: Great Tusk|def|1
|-unboost|p1a: Great Tusk|spd|1
|faint|p2a: Angiales
|
|upkeep
|inactive|Ivanopano has 120 seconds left.
|
|t:|1743932707
|switch|p2a: Freeronald|Metagross|49/100
|turn|23
|
|t:|1743932714
|move|p2a: Freeronald|Bullet Punch|p1a: Great Tusk
|-supereffective|p1a: Great Tusk
|-damage|p1a: Great Tusk|0 fnt
|-damage|p2a: Freeronald|33/100|[from] item: Rocky Helmet|[of] p1a: Great Tusk
|faint|p1a: Great Tusk
|-end|p1a: Great Tusk|Protosynthesis|[silent]
|
|upkeep
|
|t:|1743932720
|switch|p1a: Tinkaton|Tinkaton, F|63/100
|turn|24
|inactive|Riaxeris has 120 seconds left.
|
|t:|1743932727
|move|p1a: Tinkaton|Knock Off|p2a: Freeronald
|-supereffective|p2a: Freeronald
|-damage|p2a: Freeronald|4/100
|-enditem|p2a: Freeronald|Assault Vest|[from] move: Knock Off|[of] p1a: Tinkaton
|move|p2a: Freeronald|Earthquake|p1a: Tinkaton
|-supereffective|p1a: Tinkaton
|-damage|p1a: Tinkaton|0 fnt
|faint|p1a: Tinkaton
|
|upkeep
|inactive|Riaxeris has 120 seconds left.
|
|t:|1743932735
|switch|p1a: Dragapult|Dragapult, M|88/100
|turn|25
|inactive|Riaxeris has 120 seconds left.
|
|t:|1743932747
|switch|p2a: Davorfak|Ursaluna, M|47/100 tox
|move|p1a: Dragapult|Will-O-Wisp|p2a: Davorfak|[miss]
|-miss|p1a: Dragapult|p2a: Davorfak
|
|-heal|p2a: Davorfak|53/100 tox|[from] item: Leftovers
|-damage|p2a: Davorfak|47/100 tox|[from] psn
|upkeep
|turn|26
|
|t:|1743932756
|move|p1a: Dragapult|Draco Meteor|p2a: Davorfak
|-damage|p2a: Davorfak|0 fnt
|-unboost|p1a: Dragapult|spa|2
|faint|p2a: Davorfak
|
|upkeep
|
|t:|1743932762
|switch|p2a: Meowscarada|Meowscarada, F|46/100
|turn|27
|
|t:|1743932780
|move|p1a: Dragapult|U-turn|p2a: Meowscarada
|-supereffective|p2a: Meowscarada
|-damage|p2a: Meowscarada|0 fnt
|faint|p2a: Meowscarada
|
|t:|1743932783
|switch|p1a: Garganacl|Garganacl, M, shiny|100/100|[from] U-turn
|
|upkeep
|
|t:|1743932787
|switch|p2a: Freeronald|Metagross|4/100
|turn|28
|
|t:|1743932791
|move|p2a: Freeronald|Earthquake|p1a: Garganacl
|-supereffective|p1a: Garganacl
|-damage|p1a: Garganacl|48/100
|move|p1a: Garganacl|Salt Cure|p2a: Freeronald
|-resisted|p2a: Freeronald
|-damage|p2a: Freeronald|0 fnt
|faint|p2a: Freeronald
|
|win|Riaxeris
|raw|Riaxeris's rating: 1110 &rarr; <strong>1133</strong><br />(+23 for winning)
|raw|Ivanopano's rating: 1080 &rarr; <strong>1060</strong><br />(-20 for losing)
|l|☆Ivanopano
|player|p2|
|j| we be out here
|l| we be out here
