|j|☆kevin.du.MA
|j|☆gametimedavis
|t:|1743782685
|gametype|singles
|player|p1|kevin.du.MA|blue|1088
|player|p2|gametimedavis|blue|1115
|teamsize|p1|6
|teamsize|p2|6
|gen|9
|tier|[Gen 9] OU
|rated|
|rule|HP Percentage Mod: HP is shown in percentages
|rule|Endless Battle Clause: Forcing endless battles is banned
|rule|Species Clause: Limit one of each Pokémon
|rule|OHKO Clause: OHKO moves are banned
|rule|Evasion Items Clause: Evasion items are banned
|rule|Evasion Moves Clause: Evasion moves are banned
|rule|Sleep Moves Clause: Sleep-inducing moves are banned
|clearpoke
|poke|p1|Ribombee, F|
|poke|p1|Glimmora, M|
|poke|p1|Indeedee, M|
|poke|p1|Sinistcha|
|poke|p1|Blaziken, F|
|poke|p1|Gyarados, M|
|poke|p2|Tinkaton, F|
|poke|p2|Quaquaval, M|
|poke|p2|Polteageist|
|poke|p2|Venusaur, F|
|poke|p2|Gligar, M|
|poke|p2|Iron Jugulis|
|teampreview
|inactive|Battle timer is ON: inactive players will automatically lose when time's up. (requested by gametimedavis)
|
|t:|1743782698
|start
|switch|p1a: Glimmora|Glimmora, M, shiny|100/100
|switch|p2a: Gligar|Gligar, M|100/100
|turn|1
|
|t:|1743782707
|switch|p1a: Ribombee|Ribombee, F|100/100
|move|p2a: Gligar|Earthquake|p1a: Ribombee
|-resisted|p1a: Ribombee
|-crit|p1a: Ribombee
|-damage|p1a: Ribombee|60/100
|
|upkeep
|turn|2
|
|t:|1743782713
|move|p1a: Ribombee|Sticky Web|p2a: Gligar
|-sidestart|p2: gametimedavis|move: Sticky Web
|move|p2a: Gligar|Toxic|p1a: Ribombee
|-status|p1a: Ribombee|tox
|
|-damage|p1a: Ribombee|54/100 tox|[from] psn
|upkeep
|turn|3
|
|t:|1743782719
|move|p1a: Ribombee|Moonblast|p2a: Gligar
|-damage|p2a: Gligar|59/100
|-unboost|p2a: Gligar|spa|1
|move|p2a: Gligar|Stealth Rock|p1a: Ribombee
|-sidestart|p1: kevin.du.MA|move: Stealth Rock
|
|-damage|p1a: Ribombee|41/100 tox|[from] psn
|upkeep
|turn|4
|
|t:|1743782728
|move|p1a: Ribombee|Moonblast|p2a: Gligar
|-damage|p2a: Gligar|24/100
|move|p2a: Gligar|Earthquake|p1a: Ribombee
|-resisted|p1a: Ribombee
|-damage|p1a: Ribombee|15/100 tox
|
|-damage|p1a: Ribombee|0 fnt|[from] psn
|faint|p1a: Ribombee
|upkeep
|
|t:|1743782737
|switch|p1a: Gyarados|Gyarados, M|100/100
|turn|5
|
|t:|1743782741
|move|p1a: Gyarados|Dragon Dance|p1a: Gyarados
|-boost|p1a: Gyarados|atk|1
|-boost|p1a: Gyarados|spe|1
|move|p2a: Gligar|Toxic|p1a: Gyarados|[miss]
|-miss|p2a: Gligar|p1a: Gyarados
|
|upkeep
|turn|6
|
|t:|1743782748
|move|p1a: Gyarados|Waterfall|p2a: Gligar
|-supereffective|p2a: Gligar
|-damage|p2a: Gligar|0 fnt
|faint|p2a: Gligar
|-ability|p1a: Gyarados|Moxie|boost
|-boost|p1a: Gyarados|atk|1
|
|upkeep
|
|t:|1743782750
|switch|p2a: Quaquaval|Quaquaval, M|100/100
|turn|7
|
|t:|1743782765
|move|p1a: Gyarados|Earthquake|p2a: Quaquaval
|-damage|p2a: Quaquaval|5/100
|move|p2a: Quaquaval|Rapid Spin|p1a: Gyarados
|-damage|p1a: Gyarados|80/100
|-boost|p2a: Quaquaval|spe|1
|-sideend|p2: gametimedavis|Sticky Web|[from] move: Rapid Spin|[of] p2a: Quaquaval
|
|upkeep
|turn|8
|
|t:|1743782772
|switch|p2a: Iron Jugulis|Iron Jugulis|100/100
|-enditem|p2a: Iron Jugulis|Booster Energy
|-activate|p2a: Iron Jugulis|ability: Quark Drive|[fromitem]
|-start|p2a: Iron Jugulis|quarkdrivespe
|move|p1a: Gyarados|Earthquake|p2a: Iron Jugulis
|-immune|p2a: Iron Jugulis
|
|upkeep
|turn|9
|
|t:|1743782780
|move|p2a: Iron Jugulis|Dark Pulse|p1a: Gyarados
|-damage|p1a: Gyarados|38/100
|cant|p1a: Gyarados|flinch
|
|upkeep
|turn|10
|
|t:|1743782784
|move|p2a: Iron Jugulis|Dark Pulse|p1a: Gyarados
|-damage|p1a: Gyarados|0 fnt
|faint|p1a: Gyarados
|
|upkeep
|
|t:|1743782805
|switch|p1a: Glimmora|Glimmora, M, shiny|100/100
|-damage|p1a: Glimmora|88/100|[from] Stealth Rock
|turn|11
|
|t:|1743782811
|move|p2a: Iron Jugulis|Dark Pulse|p1a: Glimmora
|-damage|p1a: Glimmora|44/100
|-enditem|p1a: Glimmora|Red Card|[of] p2a: Iron Jugulis
|-end|p2a: Iron Jugulis|Quark Drive|[silent]
|drag|p2a: Quaquaval|Quaquaval, M|5/100
|move|p1a: Glimmora|Mortal Spin|p2a: Quaquaval
|-damage|p2a: Quaquaval|0 fnt
|-sideend|p1: kevin.du.MA|Stealth Rock|[from] move: Mortal Spin|[of] p1a: Glimmora
|faint|p2a: Quaquaval
|
|upkeep
|
|t:|1743782826
|switch|p2a: Iron Jugulis|Iron Jugulis|100/100
|turn|12
|
|t:|1743782834
|move|p2a: Iron Jugulis|Dark Pulse|p1a: Glimmora
|-damage|p1a: Glimmora|0 fnt
|faint|p1a: Glimmora
|
|upkeep
|
|t:|1743782842
|switch|p1a: Blaziken|Blaziken, F|100/100
|turn|13
|
|t:|1743782845
|move|p1a: Blaziken|Protect|p1a: Blaziken
|-singleturn|p1a: Blaziken|Protect
|move|p2a: Iron Jugulis|Air Slash|p1a: Blaziken
|-activate|p1a: Blaziken|move: Protect
|
|-ability|p1a: Blaziken|Speed Boost|boost
|-boost|p1a: Blaziken|spe|1
|upkeep
|turn|14
|
|t:|1743782856
|move|p1a: Blaziken|Flare Blitz|p2a: Iron Jugulis
|-damage|p2a: Iron Jugulis|36/100
|-damage|p1a: Blaziken|77/100|[from] Recoil
|move|p2a: Iron Jugulis|Air Slash|p1a: Blaziken|[miss]
|-miss|p2a: Iron Jugulis|p1a: Blaziken
|
|-heal|p1a: Blaziken|83/100|[from] item: Leftovers
|-ability|p1a: Blaziken|Speed Boost|boost
|-boost|p1a: Blaziken|spe|1
|upkeep
|turn|15
|
|t:|1743782866
|move|p1a: Blaziken|Close Combat|p2a: Iron Jugulis
|-damage|p2a: Iron Jugulis|0 fnt
|-unboost|p1a: Blaziken|def|1
|-unboost|p1a: Blaziken|spd|1
|faint|p2a: Iron Jugulis
|-end|p2a: Iron Jugulis|Quark Drive|[silent]
|
|-heal|p1a: Blaziken|89/100|[from] item: Leftovers
|-ability|p1a: Blaziken|Speed Boost|boost
|-boost|p1a: Blaziken|spe|1
|upkeep
|
|t:|1743782878
|switch|p2a: Venusaur|Venusaur, F|100/100
|turn|16
|
|t:|1743782895
|-terastallize|p2a: Venusaur|Poison
|move|p1a: Blaziken|Flare Blitz|p2a: Venusaur
|-damage|p2a: Venusaur|40/100
|-damage|p1a: Blaziken|65/100|[from] Recoil
|move|p2a: Venusaur|Sludge Bomb|p1a: Blaziken
|-damage|p1a: Blaziken|0 fnt
|faint|p1a: Blaziken
|
|-heal|p2a: Venusaur|46/100|[from] item: Black Sludge
|upkeep
|
|t:|1743782913
|switch|p1a: Indeedee|Indeedee, M|100/100
|-fieldstart|move: Psychic Terrain|[from] ability: Psychic Surge|[of] p1a: Indeedee
|turn|17
|
|t:|1743782919
|-terastallize|p1a: Indeedee|Psychic
|move|p1a: Indeedee|Expanding Force|p2a: Venusaur
|-supereffective|p2a: Venusaur
|-damage|p2a: Venusaur|0 fnt
|faint|p2a: Venusaur
|
|upkeep
|
|t:|1743782922
|switch|p2a: Tinkaton|Tinkaton, F|100/100
|-ability|p2a: Tinkaton|Mold Breaker
|turn|18
|
|t:|1743782928
|move|p1a: Indeedee|Expanding Force|p2a: Tinkaton
|-resisted|p2a: Tinkaton
|-damage|p2a: Tinkaton|22/100
|move|p2a: Tinkaton|Gigaton Hammer|p1a: Indeedee
|-damage|p1a: Indeedee|0 fnt
|faint|p1a: Indeedee
|
|-heal|p2a: Tinkaton|28/100|[from] item: Leftovers
|upkeep
|
|t:|1743782935
|switch|p1a: Sinistcha|Sinistcha|100/100
|turn|19
|
|t:|1743782939
|move|p2a: Tinkaton|Thunder Wave|p1a: Sinistcha
|-status|p1a: Sinistcha|par
|move|p1a: Sinistcha|Strength Sap|p2a: Tinkaton
|-unboost|p2a: Tinkaton|atk|1
|
|-heal|p2a: Tinkaton|34/100|[from] item: Leftovers
|upkeep
|turn|20
|
|t:|1743782946
|move|p2a: Tinkaton|Swords Dance|p2a: Tinkaton
|-boost|p2a: Tinkaton|atk|2
|move|p1a: Sinistcha|Strength Sap|p2a: Tinkaton
|-unboost|p2a: Tinkaton|atk|1
|
|-heal|p2a: Tinkaton|40/100|[from] item: Leftovers
|upkeep
|turn|21
|
|t:|1743782953
|move|p2a: Tinkaton|Swords Dance|p2a: Tinkaton
|-boost|p2a: Tinkaton|atk|2
|move|p1a: Sinistcha|Calm Mind|p1a: Sinistcha
|-boost|p1a: Sinistcha|spa|1
|-boost|p1a: Sinistcha|spd|1
|
|-heal|p2a: Tinkaton|46/100|[from] item: Leftovers
|-fieldend|move: Psychic Terrain
|upkeep
|turn|22
|
|t:|1743782960
|move|p2a: Tinkaton|Gigaton Hammer|p1a: Sinistcha
|-damage|p1a: Sinistcha|10/100 par
|cant|p1a: Sinistcha|par
|
|-heal|p2a: Tinkaton|53/100|[from] item: Leftovers
|upkeep
|turn|23
|
|t:|1743782967
|move|p2a: Tinkaton|Play Rough|p1a: Sinistcha
|-damage|p1a: Sinistcha|0 fnt
|faint|p1a: Sinistcha
|
|win|gametimedavis
|raw|kevin.du.MA's rating: 1088 &rarr; <strong>1067</strong><br />(-21 for losing)
|raw|gametimedavis's rating: 1115 &rarr; <strong>1138</strong><br />(+23 for winning)
|l|☆gametimedavis
|player|p2|
|l|☆kevin.du.MA
|player|p1|
