|j|☆g355668
|j|☆NoobEpidemic01
|t:|1743792018
|gametype|singles
|player|p1|g355668|iris|1030
|player|p2|NoobEpidemic01|twins-gen4dp|1070
|teamsize|p1|6
|teamsize|p2|6
|gen|9
|tier|[Gen 9] OU
|rated|
|rule|HP Percentage Mod: HP is shown in percentages
|rule|Endless Battle Clause: Forcing endless battles is banned
|rule|Species Clause: Limit one of each Pokémon
|rule|OHKO Clause: OHKO moves are banned
|rule|Evasion Items Clause: Evasion items are banned
|rule|Evasion Moves Clause: Evasion moves are banned
|rule|Sleep Moves Clause: Sleep-inducing moves are banned
|clearpoke
|poke|p1|Rillaboom, F|
|poke|p1|Corviknight, F|
|poke|p1|Gliscor, M|
|poke|p1|Suicune|
|poke|p1|Kyurem|
|poke|p1|Alomomola, M|
|poke|p2|Alomomola, F|
|poke|p2|Amoonguss, M|
|poke|p2|Blissey, F|
|poke|p2|Quagsire, M|
|poke|p2|Chansey, F|
|poke|p2|Cinderace, F|
|teampreview
|inactive|Battle timer is ON: inactive players will automatically lose when time's up. (requested by g355668)
|
|t:|1743792042
|start
|switch|p1a: 丰川祥子(你真是满脑子都想着自己呢)|Suicune|100/100
|switch|p2a: Blissey|Blissey, F|100/100
|-ability|p1a: 丰川祥子(你真是满脑子都想着自己呢)|Pressure
|turn|1
|
|t:|1743792050
|move|p1a: 丰川祥子(你真是满脑子都想着自己呢)|Substitute|p1a: 丰川祥子(你真是满脑子都想着自己呢)
|-start|p1a: 丰川祥子(你真是满脑子都想着自己呢)|Substitute
|-damage|p1a: 丰川祥子(你真是满脑子都想着自己呢)|75/100
|move|p2a: Blissey|Ice Beam|p1a: 丰川祥子(你真是满脑子都想着自己呢)
|-resisted|p1a: 丰川祥子(你真是满脑子都想着自己呢)
|-activate|p1a: 丰川祥子(你真是满脑子都想着自己呢)|move: Substitute|[damage]
|
|-heal|p1a: 丰川祥子(你真是满脑子都想着自己呢)|82/100|[from] item: Leftovers
|upkeep
|turn|2
|
|t:|1743792055
|switch|p2a: Amoonguss|Amoonguss, M|100/100
|move|p1a: 丰川祥子(你真是满脑子都想着自己呢)|Calm Mind|p1a: 丰川祥子(你真是满脑子都想着自己呢)
|-boost|p1a: 丰川祥子(你真是满脑子都想着自己呢)|spa|1
|-boost|p1a: 丰川祥子(你真是满脑子都想着自己呢)|spd|1
|
|-heal|p1a: 丰川祥子(你真是满脑子都想着自己呢)|88/100|[from] item: Leftovers
|upkeep
|turn|3
|
|t:|1743792063
|move|p1a: 丰川祥子(你真是满脑子都想着自己呢)|Calm Mind|p1a: 丰川祥子(你真是满脑子都想着自己呢)
|-boost|p1a: 丰川祥子(你真是满脑子都想着自己呢)|spa|1
|-boost|p1a: 丰川祥子(你真是满脑子都想着自己呢)|spd|1
|move|p2a: Amoonguss|Energy Ball|p1a: 丰川祥子(你真是满脑子都想着自己呢)
|-supereffective|p1a: 丰川祥子(你真是满脑子都想着自己呢)
|-end|p1a: 丰川祥子(你真是满脑子都想着自己呢)|Substitute
|
|-heal|p1a: 丰川祥子(你真是满脑子都想着自己呢)|94/100|[from] item: Leftovers
|upkeep
|turn|4
|
|t:|1743792072
|move|p1a: 丰川祥子(你真是满脑子都想着自己呢)|Protect|p1a: 丰川祥子(你真是满脑子都想着自己呢)
|-singleturn|p1a: 丰川祥子(你真是满脑子都想着自己呢)|Protect
|move|p2a: Amoonguss|Energy Ball|p1a: 丰川祥子(你真是满脑子都想着自己呢)
|-activate|p1a: 丰川祥子(你真是满脑子都想着自己呢)|move: Protect
|
|-heal|p1a: 丰川祥子(你真是满脑子都想着自己呢)|99/100|[from] item: Leftovers
|upkeep
|turn|5
|
|t:|1743792078
|switch|p2a: Quagsire|Quagsire, M|100/100
|move|p1a: 丰川祥子(你真是满脑子都想着自己呢)|Substitute|p1a: 丰川祥子(你真是满脑子都想着自己呢)
|-start|p1a: 丰川祥子(你真是满脑子都想着自己呢)|Substitute
|-damage|p1a: 丰川祥子(你真是满脑子都想着自己呢)|75/100
|
|-heal|p1a: 丰川祥子(你真是满脑子都想着自己呢)|81/100|[from] item: Leftovers
|upkeep
|turn|6
|
|t:|1743792083
|move|p1a: 丰川祥子(你真是满脑子都想着自己呢)|Protect|p1a: 丰川祥子(你真是满脑子都想着自己呢)
|-singleturn|p1a: 丰川祥子(你真是满脑子都想着自己呢)|Protect
|move|p2a: Quagsire|Haze|p2a: Quagsire
|-clearallboost
|
|-heal|p1a: 丰川祥子(你真是满脑子都想着自己呢)|88/100|[from] item: Leftovers
|upkeep
|turn|7
|
|t:|1743792089
|switch|p2a: Amoonguss|Amoonguss, M|100/100
|move|p1a: 丰川祥子(你真是满脑子都想着自己呢)|Calm Mind|p1a: 丰川祥子(你真是满脑子都想着自己呢)
|-boost|p1a: 丰川祥子(你真是满脑子都想着自己呢)|spa|1
|-boost|p1a: 丰川祥子(你真是满脑子都想着自己呢)|spd|1
|
|-heal|p1a: 丰川祥子(你真是满脑子都想着自己呢)|94/100|[from] item: Leftovers
|upkeep
|turn|8
|
|t:|1743792095
|move|p1a: 丰川祥子(你真是满脑子都想着自己呢)|Protect|p1a: 丰川祥子(你真是满脑子都想着自己呢)
|-singleturn|p1a: 丰川祥子(你真是满脑子都想着自己呢)|Protect
|move|p2a: Amoonguss|Energy Ball|p1a: 丰川祥子(你真是满脑子都想着自己呢)
|-activate|p1a: 丰川祥子(你真是满脑子都想着自己呢)|move: Protect
|
|-heal|p1a: 丰川祥子(你真是满脑子都想着自己呢)|99/100|[from] item: Leftovers
|upkeep
|turn|9
|
|t:|1743792103
|move|p1a: 丰川祥子(你真是满脑子都想着自己呢)|Calm Mind|p1a: 丰川祥子(你真是满脑子都想着自己呢)
|-boost|p1a: 丰川祥子(你真是满脑子都想着自己呢)|spa|1
|-boost|p1a: 丰川祥子(你真是满脑子都想着自己呢)|spd|1
|move|p2a: Amoonguss|Energy Ball|p1a: 丰川祥子(你真是满脑子都想着自己呢)
|-supereffective|p1a: 丰川祥子(你真是满脑子都想着自己呢)
|-activate|p1a: 丰川祥子(你真是满脑子都想着自己呢)|move: Substitute|[damage]
|
|-heal|p1a: 丰川祥子(你真是满脑子都想着自己呢)|100/100|[from] item: Leftovers
|upkeep
|turn|10
|
|t:|1743792107
|switch|p2a: Quagsire|Quagsire, M|100/100
|move|p1a: 丰川祥子(你真是满脑子都想着自己呢)|Scald|p2a: Quagsire
|-damage|p2a: Quagsire|71/100
|-status|p2a: Quagsire|brn
|
|-damage|p2a: Quagsire|65/100 brn|[from] brn
|upkeep
|turn|11
|
|t:|1743792111
|move|p1a: 丰川祥子(你真是满脑子都想着自己呢)|Scald|p2a: Quagsire
|-damage|p2a: Quagsire|34/100 brn
|move|p2a: Quagsire|Haze|p2a: Quagsire
|-clearallboost
|
|-damage|p2a: Quagsire|28/100 brn|[from] brn
|upkeep
|turn|12
|
|t:|1743792118
|switch|p2a: Blissey|Blissey, F|100/100
|move|p1a: 丰川祥子(你真是满脑子都想着自己呢)|Calm Mind|p1a: 丰川祥子(你真是满脑子都想着自己呢)
|-boost|p1a: 丰川祥子(你真是满脑子都想着自己呢)|spa|1
|-boost|p1a: 丰川祥子(你真是满脑子都想着自己呢)|spd|1
|
|upkeep
|turn|13
|
|t:|1743792124
|move|p1a: 丰川祥子(你真是满脑子都想着自己呢)|Calm Mind|p1a: 丰川祥子(你真是满脑子都想着自己呢)
|-boost|p1a: 丰川祥子(你真是满脑子都想着自己呢)|spa|1
|-boost|p1a: 丰川祥子(你真是满脑子都想着自己呢)|spd|1
|move|p2a: Blissey|Thunderbolt|p1a: 丰川祥子(你真是满脑子都想着自己呢)
|-supereffective|p1a: 丰川祥子(你真是满脑子都想着自己呢)
|-end|p1a: 丰川祥子(你真是满脑子都想着自己呢)|Substitute
|
|upkeep
|turn|14
|
|t:|1743792127
|move|p1a: 丰川祥子(你真是满脑子都想着自己呢)|Substitute|p1a: 丰川祥子(你真是满脑子都想着自己呢)
|-start|p1a: 丰川祥子(你真是满脑子都想着自己呢)|Substitute
|-damage|p1a: 丰川祥子(你真是满脑子都想着自己呢)|75/100
|move|p2a: Blissey|Thunderbolt|p1a: 丰川祥子(你真是满脑子都想着自己呢)
|-supereffective|p1a: 丰川祥子(你真是满脑子都想着自己呢)
|-end|p1a: 丰川祥子(你真是满脑子都想着自己呢)|Substitute
|
|-heal|p1a: 丰川祥子(你真是满脑子都想着自己呢)|82/100|[from] item: Leftovers
|upkeep
|turn|15
|
|t:|1743792131
|move|p1a: 丰川祥子(你真是满脑子都想着自己呢)|Protect|p1a: 丰川祥子(你真是满脑子都想着自己呢)
|-singleturn|p1a: 丰川祥子(你真是满脑子都想着自己呢)|Protect
|move|p2a: Blissey|Thunderbolt|p1a: 丰川祥子(你真是满脑子都想着自己呢)
|-activate|p1a: 丰川祥子(你真是满脑子都想着自己呢)|move: Protect
|
|-heal|p1a: 丰川祥子(你真是满脑子都想着自己呢)|88/100|[from] item: Leftovers
|upkeep
|turn|16
|
|t:|1743792139
|move|p1a: 丰川祥子(你真是满脑子都想着自己呢)|Substitute|p1a: 丰川祥子(你真是满脑子都想着自己呢)
|-start|p1a: 丰川祥子(你真是满脑子都想着自己呢)|Substitute
|-damage|p1a: 丰川祥子(你真是满脑子都想着自己呢)|63/100
|move|p2a: Blissey|Thunderbolt|p1a: 丰川祥子(你真是满脑子都想着自己呢)
|-supereffective|p1a: 丰川祥子(你真是满脑子都想着自己呢)
|-end|p1a: 丰川祥子(你真是满脑子都想着自己呢)|Substitute
|
|-heal|p1a: 丰川祥子(你真是满脑子都想着自己呢)|69/100|[from] item: Leftovers
|upkeep
|turn|17
|
|t:|1743792143
|move|p1a: 丰川祥子(你真是满脑子都想着自己呢)|Protect|p1a: 丰川祥子(你真是满脑子都想着自己呢)
|-singleturn|p1a: 丰川祥子(你真是满脑子都想着自己呢)|Protect
|move|p2a: Blissey|Thunderbolt|p1a: 丰川祥子(你真是满脑子都想着自己呢)
|-activate|p1a: 丰川祥子(你真是满脑子都想着自己呢)|move: Protect
|
|-heal|p1a: 丰川祥子(你真是满脑子都想着自己呢)|75/100|[from] item: Leftovers
|upkeep
|turn|18
|
|t:|1743792152
|-terastallize|p1a: 丰川祥子(你真是满脑子都想着自己呢)|Poison
|move|p1a: 丰川祥子(你真是满脑子都想着自己呢)|Substitute|p1a: 丰川祥子(你真是满脑子都想着自己呢)
|-start|p1a: 丰川祥子(你真是满脑子都想着自己呢)|Substitute
|-damage|p1a: 丰川祥子(你真是满脑子都想着自己呢)|50/100
|move|p2a: Blissey|Thunderbolt|p1a: 丰川祥子(你真是满脑子都想着自己呢)
|-activate|p1a: 丰川祥子(你真是满脑子都想着自己呢)|move: Substitute|[damage]
|
|-heal|p1a: 丰川祥子(你真是满脑子都想着自己呢)|56/100|[from] item: Leftovers
|upkeep
|turn|19
|inactive|NoobEpidemic01 has 120 seconds left.
|inactive|NoobEpidemic01 has 90 seconds left.
|inactive|NoobEpidemic01 has 60 seconds left.
|
|t:|1743792249
|move|p1a: 丰川祥子(你真是满脑子都想着自己呢)|Calm Mind|p1a: 丰川祥子(你真是满脑子都想着自己呢)
|-boost|p1a: 丰川祥子(你真是满脑子都想着自己呢)|spa|1
|-boost|p1a: 丰川祥子(你真是满脑子都想着自己呢)|spd|1
|move|p2a: Blissey|Thunderbolt|p1a: 丰川祥子(你真是满脑子都想着自己呢)
|-end|p1a: 丰川祥子(你真是满脑子都想着自己呢)|Substitute
|
|-heal|p1a: 丰川祥子(你真是满脑子都想着自己呢)|63/100|[from] item: Leftovers
|upkeep
|turn|20
|
|t:|1743792256
|move|p1a: 丰川祥子(你真是满脑子都想着自己呢)|Protect|p1a: 丰川祥子(你真是满脑子都想着自己呢)
|-singleturn|p1a: 丰川祥子(你真是满脑子都想着自己呢)|Protect
|move|p2a: Blissey|Thunderbolt|p1a: 丰川祥子(你真是满脑子都想着自己呢)
|-activate|p1a: 丰川祥子(你真是满脑子都想着自己呢)|move: Protect
|
|-heal|p1a: 丰川祥子(你真是满脑子都想着自己呢)|69/100|[from] item: Leftovers
|upkeep
|turn|21
|
|t:|1743792258
|move|p1a: 丰川祥子(你真是满脑子都想着自己呢)|Substitute|p1a: 丰川祥子(你真是满脑子都想着自己呢)
|-start|p1a: 丰川祥子(你真是满脑子都想着自己呢)|Substitute
|-damage|p1a: 丰川祥子(你真是满脑子都想着自己呢)|44/100
|move|p2a: Blissey|Thunderbolt|p1a: 丰川祥子(你真是满脑子都想着自己呢)
|-activate|p1a: 丰川祥子(你真是满脑子都想着自己呢)|move: Substitute|[damage]
|
|-heal|p1a: 丰川祥子(你真是满脑子都想着自己呢)|50/100|[from] item: Leftovers
|upkeep
|turn|22
|
|t:|1743792262
|move|p1a: 丰川祥子(你真是满脑子都想着自己呢)|Calm Mind|p1a: 丰川祥子(你真是满脑子都想着自己呢)
|-boost|p1a: 丰川祥子(你真是满脑子都想着自己呢)|spa|1
|-boost|p1a: 丰川祥子(你真是满脑子都想着自己呢)|spd|1
|move|p2a: Blissey|Thunderbolt|p1a: 丰川祥子(你真是满脑子都想着自己呢)
|-activate|p1a: 丰川祥子(你真是满脑子都想着自己呢)|move: Substitute|[damage]
|
|-heal|p1a: 丰川祥子(你真是满脑子都想着自己呢)|56/100|[from] item: Leftovers
|upkeep
|turn|23
|inactive|NoobEpidemic01 has 90 seconds left.
|
|t:|1743792270
|switch|p2a: Alomomola|Alomomola, F|100/100
|move|p1a: 丰川祥子(你真是满脑子都想着自己呢)|Calm Mind|p1a: 丰川祥子(你真是满脑子都想着自己呢)
|-boost|p1a: 丰川祥子(你真是满脑子都想着自己呢)|spa|1
|-boost|p1a: 丰川祥子(你真是满脑子都想着自己呢)|spd|1
|
|-heal|p1a: 丰川祥子(你真是满脑子都想着自己呢)|62/100|[from] item: Leftovers
|upkeep
|turn|24
|
|t:|1743792276
|move|p1a: 丰川祥子(你真是满脑子都想着自己呢)|Protect|p1a: 丰川祥子(你真是满脑子都想着自己呢)
|-singleturn|p1a: 丰川祥子(你真是满脑子都想着自己呢)|Protect
|move|p2a: Alomomola|Wish|p2a: Alomomola
|
|-heal|p1a: 丰川祥子(你真是满脑子都想着自己呢)|69/100|[from] item: Leftovers
|upkeep
|turn|25
|
|t:|1743792281
|switch|p2a: Quagsire|Quagsire, M|28/100 brn
|move|p1a: 丰川祥子(你真是满脑子都想着自己呢)|Scald|p2a: Quagsire
|-damage|p2a: Quagsire|0 fnt
|faint|p2a: Quagsire
|
|-heal|p1a: 丰川祥子(你真是满脑子都想着自己呢)|75/100|[from] item: Leftovers
|upkeep
|-message|NoobEpidemic01 forfeited.
|
|win|g355668
|raw|g355668's rating: 1014 &rarr; <strong>1058</strong><br />(+44 for winning)
|raw|NoobEpidemic01's rating: 1070 &rarr; <strong>1046</strong><br />(-24 for losing)
