|j|☆amacklai
|j|☆Oficial Matute
|t:|1743871163
|gametype|singles
|player|p1|amacklai|101|1166
|player|p2|Oficial Matute|policeman-gen4|1207
|teamsize|p1|6
|teamsize|p2|6
|gen|9
|tier|[Gen 9] OU
|rated|
|rule|HP Percentage Mod: HP is shown in percentages
|rule|Endless Battle Clause: Forcing endless battles is banned
|rule|Species Clause: Limit one of each Pokémon
|rule|OHKO Clause: OHKO moves are banned
|rule|Evasion Items Clause: Evasion items are banned
|rule|Evasion Moves Clause: Evasion moves are banned
|rule|Sleep Moves Clause: Sleep-inducing moves are banned
|clearpoke
|poke|p1|Delphox, M|
|poke|p1|Revavroom, M|
|poke|p1|Garchomp, F|
|poke|p1|Cinccino, F|
|poke|p1|Grimmsnarl, M|
|poke|p1|Glimmora, M|
|poke|p2|Noivern, F|
|poke|p2|Hydrapple, M|
|poke|p2|Tropius, M|
|poke|p2|Garchomp, M|
|poke|p2|Torterra, F|
|poke|p2|Landorus-Therian, M|
|teampreview
|
|t:|1743871172
|start
|switch|p1a: Garchomp|Garchomp, F|100/100
|switch|p2a: 👁️💋👁️|Noivern, F, shiny|100/100
|-item|p1a: Garchomp|Rocky Helmet|[from] ability: Frisk|[of] p2a: 👁️💋👁️
|turn|1
|inactive|Battle timer is ON: inactive players will automatically lose when time's up. (requested by Oficial Matute)
|
|t:|1743871179
|move|p2a: 👁️💋👁️|Switcheroo|p1a: Garchomp
|-activate|p2a: 👁️💋👁️|move: Trick|[of] p1a: Garchomp
|-item|p1a: Garchomp|Choice Scarf|[from] move: Switcheroo
|-item|p2a: 👁️💋👁️|Rocky Helmet|[from] move: Switcheroo
|move|p1a: Garchomp|Stealth Rock|p2a: 👁️💋👁️
|-sidestart|p2: Oficial Matute|move: Stealth Rock
|
|upkeep
|turn|2
|
|t:|1743871187
|switch|p1a: Glimmora|Glimmora, M|100/100
|move|p2a: 👁️💋👁️|Defog|p1a: Glimmora
|-unboost|p1a: Glimmora|evasion|1
|-sideend|p2: Oficial Matute|Stealth Rock|[from] move: Defog|[of] p2a: 👁️💋👁️
|
|upkeep
|turn|3
|
|t:|1743871195
|move|p2a: 👁️💋👁️|Air Slash|p1a: Glimmora
|-resisted|p1a: Glimmora
|-damage|p1a: Glimmora|78/100
|move|p1a: Glimmora|Meteor Beam||[still]
|-prepare|p1a: Glimmora|Meteor Beam
|-boost|p1a: Glimmora|spa|1
|-enditem|p1a: Glimmora|Power Herb
|-anim|p1a: Glimmora|Meteor Beam|p2a: 👁️💋👁️
|-supereffective|p2a: 👁️💋👁️
|-damage|p2a: 👁️💋👁️|0 fnt
|faint|p2a: 👁️💋👁️
|
|upkeep
|
|t:|1743871217
|switch|p2a: 👁️👅👁️|Hydrapple, M|100/100
|turn|4
|
|t:|1743871224
|move|p1a: Glimmora|Sludge Wave|p2a: 👁️👅👁️
|-supereffective|p2a: 👁️👅👁️
|-damage|p2a: 👁️👅👁️|0 fnt
|faint|p2a: 👁️👅👁️
|
|upkeep
|
|t:|1743871229
|switch|p2a: 👁️🐽👁️|Tropius, M|100/100
|turn|5
|
|t:|1743871233
|-terastallize|p2a: 👁️🐽👁️|Ghost
|move|p1a: Glimmora|Sludge Wave|p2a: 👁️🐽👁️
|-resisted|p2a: 👁️🐽👁️
|-damage|p2a: 👁️🐽👁️|75/100
|move|p2a: 👁️🐽👁️|Substitute|p2a: 👁️🐽👁️
|-start|p2a: 👁️🐽👁️|Substitute
|-damage|p2a: 👁️🐽👁️|50/100
|-enditem|p2a: 👁️🐽👁️|Sitrus Berry|[eat]
|-heal|p2a: 👁️🐽👁️|75/100|[from] item: Sitrus Berry
|
|upkeep
|turn|6
|
|t:|1743871245
|move|p1a: Glimmora|Energy Ball|p2a: 👁️🐽👁️
|-end|p2a: 👁️🐽👁️|Substitute
|move|p2a: 👁️🐽👁️|Curse|p1a: Glimmora
|-start|p1a: Glimmora|Curse|[of] p2a: 👁️🐽👁️
|-damage|p2a: 👁️🐽👁️|25/100
|
|-damage|p1a: Glimmora|53/100|[from] Curse
|upkeep
|turn|7
|
|t:|1743871255
|move|p2a: 👁️🐽👁️|Protect|p2a: 👁️🐽👁️
|-singleturn|p2a: 👁️🐽👁️|Protect
|move|p1a: Glimmora|Energy Ball|p2a: 👁️🐽👁️
|-activate|p2a: 👁️🐽👁️|move: Protect
|
|-damage|p1a: Glimmora|28/100|[from] Curse
|upkeep
|turn|8
|
|t:|1743871266
|switch|p2a: 👁️👄👁️|Garchomp, M|100/100
|move|p1a: Glimmora|Mortal Spin|p2a: 👁️👄👁️
|-resisted|p2a: 👁️👄👁️
|-damage|p2a: 👁️👄👁️|98/100
|-status|p2a: 👁️👄👁️|psn
|-damage|p1a: Glimmora|16/100|[from] ability: Rough Skin|[of] p2a: 👁️👄👁️
|
|-damage|p2a: 👁️👄👁️|86/100 psn|[from] psn
|-damage|p1a: Glimmora|0 fnt|[from] Curse
|faint|p1a: Glimmora
|upkeep
|
|t:|1743871284
|switch|p1a: Cinccino|Cinccino, F|100/100
|turn|9
|
|t:|1743871293
|move|p1a: Cinccino|Bullet Seed|p2a: 👁️👄👁️
|-damage|p2a: 👁️👄👁️|75/100 psn
|-damage|p2a: 👁️👄👁️|65/100 psn
|-damage|p2a: 👁️👄👁️|55/100 psn
|-damage|p2a: 👁️👄👁️|44/100 psn
|-hitcount|p2a: 👁️👄👁️|4
|move|p2a: 👁️👄👁️|Earthquake|p1a: Cinccino
|-damage|p1a: Cinccino|13/100
|
|-damage|p2a: 👁️👄👁️|32/100 psn|[from] psn
|upkeep
|turn|10
|
|t:|1743871304
|move|p1a: Cinccino|Bullet Seed|p2a: 👁️👄👁️
|-damage|p2a: 👁️👄👁️|22/100 psn
|-damage|p2a: 👁️👄👁️|12/100 psn
|-damage|p2a: 👁️👄👁️|0 fnt
|faint|p2a: 👁️👄👁️
|-hitcount|p2: 👁️👄👁️|3
|
|upkeep
|
|t:|1743871311
|switch|p2a: 👁️👃👁️|Landorus-Therian, M|100/100
|-ability|p2a: 👁️👃👁️|Intimidate|boost
|-unboost|p1a: Cinccino|atk|1
|turn|11
|
|t:|1743871317
|move|p1a: Cinccino|Tail Slap|p2a: 👁️👃👁️
|-damage|p2a: 👁️👃👁️|93/100
|-damage|p1a: Cinccino|0 fnt|[from] item: Rocky Helmet|[of] p2a: 👁️👃👁️
|faint|p1a: Cinccino
|-hitcount|p2a: 👁️👃👁️|1
|move|p2a: 👁️👃👁️|U-turn|p1: Cinccino|[notarget]
|-fail|p2a: 👁️👃👁️
|
|upkeep
|
|t:|1743871326
|switch|p1a: Revavroom|Revavroom, M|100/100
|-item|p1a: Revavroom|Air Balloon
|turn|12
|
|t:|1743871332
|move|p1a: Revavroom|Shift Gear|p1a: Revavroom
|-boost|p1a: Revavroom|spe|2
|-boost|p1a: Revavroom|atk|1
|move|p2a: 👁️👃👁️|U-turn|p1a: Revavroom
|-resisted|p1a: Revavroom
|-damage|p1a: Revavroom|94/100
|-enditem|p1a: Revavroom|Air Balloon
|
|t:|1743871338
|switch|p2a: 👁️🫦👁️|Torterra, F|100/100|[from] U-turn
|
|upkeep
|turn|13
|
|t:|1743871344
|-terastallize|p1a: Revavroom|Flying
|move|p1a: Revavroom|Shift Gear|p1a: Revavroom
|-boost|p1a: Revavroom|spe|2
|-boost|p1a: Revavroom|atk|1
|move|p2a: 👁️🫦👁️|Headlong Rush|p1a: Revavroom
|-immune|p1a: Revavroom
|
|upkeep
|turn|14
|
|t:|1743871353
|move|p1a: Revavroom|Shift Gear|p1a: Revavroom
|-boost|p1a: Revavroom|spe|2
|-boost|p1a: Revavroom|atk|1
|move|p2a: 👁️🫦👁️|Smack Down|p1a: Revavroom
|-supereffective|p1a: Revavroom
|-damage|p1a: Revavroom|67/100
|-start|p1a: Revavroom|Smack Down
|
|upkeep
|turn|15
|
|t:|1743871366
|move|p1a: Revavroom|Poison Jab|p2a: 👁️🫦👁️
|-enditem|p2a: 👁️🫦👁️|Focus Sash
|-damage|p2a: 👁️🫦👁️|1/100
|move|p2a: 👁️🫦👁️|Headlong Rush|p1a: Revavroom
|-damage|p1a: Revavroom|0 fnt
|-unboost|p2a: 👁️🫦👁️|def|1
|-unboost|p2a: 👁️🫦👁️|spd|1
|faint|p1a: Revavroom
|
|upkeep
|
|t:|1743871377
|switch|p1a: Delphox|Delphox, M|100/100
|turn|16
|
|t:|1743871382
|move|p1a: Delphox|Future Sight|p2a: 👁️🫦👁️
|-start|p1a: Delphox|move: Future Sight
|move|p2a: 👁️🫦👁️|Shell Smash|p2a: 👁️🫦👁️
|-unboost|p2a: 👁️🫦👁️|def|1
|-unboost|p2a: 👁️🫦👁️|spd|1
|-boost|p2a: 👁️🫦👁️|atk|2
|-boost|p2a: 👁️🫦👁️|spa|2
|-boost|p2a: 👁️🫦👁️|spe|2
|
|upkeep
|turn|17
|
|t:|1743871390
|move|p2a: 👁️🫦👁️|Headlong Rush|p1a: Delphox
|-supereffective|p1a: Delphox
|-damage|p1a: Delphox|0 fnt
|-unboost|p2a: 👁️🫦👁️|def|1
|-unboost|p2a: 👁️🫦👁️|spd|1
|faint|p1a: Delphox
|
|upkeep
|
|t:|1743871397
|switch|p1a: Grimmsnarl|Grimmsnarl, M|100/100
|turn|18
|
|t:|1743871402
|move|p1a: Grimmsnarl|Sucker Punch|p2a: 👁️🫦👁️
|-damage|p2a: 👁️🫦👁️|0 fnt
|faint|p2a: 👁️🫦👁️
|
|-hint|Future Sight did not hit because the target is fainted.
|upkeep
|
|t:|1743871409
|switch|p2a: 👁️👃👁️|Landorus-Therian, M|93/100
|-ability|p2a: 👁️👃👁️|Intimidate|boost
|-unboost|p1a: Grimmsnarl|atk|1
|turn|19
|
|t:|1743871414
|move|p1a: Grimmsnarl|Bulk Up|p1a: Grimmsnarl
|-boost|p1a: Grimmsnarl|atk|1
|-boost|p1a: Grimmsnarl|def|1
|move|p2a: 👁️👃👁️|U-turn|p1a: Grimmsnarl
|-damage|p1a: Grimmsnarl|82/100
|
|t:|1743871420
|switch|p2a: 👁️🐽👁️|Tropius, M, tera:Ghost|25/100|[from] U-turn
|
|upkeep
|turn|20
|
|t:|1743871424
|move|p2a: 👁️🐽👁️|Protect|p2a: 👁️🐽👁️
|-singleturn|p2a: 👁️🐽👁️|Protect
|move|p1a: Grimmsnarl|Sucker Punch||[still]
|-fail|p1a: Grimmsnarl
|
|upkeep
|turn|21
|
|t:|1743871430
|move|p1a: Grimmsnarl|Bulk Up|p1a: Grimmsnarl
|-boost|p1a: Grimmsnarl|atk|1
|-boost|p1a: Grimmsnarl|def|1
|move|p2a: 👁️🐽👁️|Leech Seed|p1a: Grimmsnarl
|-start|p1a: Grimmsnarl|move: Leech Seed
|
|-damage|p1a: Grimmsnarl|69/100|[from] Leech Seed|[of] p2a: 👁️🐽👁️
|-heal|p2a: 👁️🐽👁️|37/100|[silent]
|upkeep
|turn|22
|
|t:|1743871439
|move|p2a: 👁️🐽👁️|Protect|p2a: 👁️🐽👁️
|-singleturn|p2a: 👁️🐽👁️|Protect
|move|p1a: Grimmsnarl|Spirit Break|p2a: 👁️🐽👁️
|-activate|p2a: 👁️🐽👁️|move: Protect
|
|-damage|p1a: Grimmsnarl|57/100|[from] Leech Seed|[of] p2a: 👁️🐽👁️
|-heal|p2a: 👁️🐽👁️|49/100|[silent]
|-item|p2a: 👁️🐽👁️|Sitrus Berry|[from] ability: Harvest
|upkeep
|-enditem|p2a: 👁️🐽👁️|Sitrus Berry|[eat]
|-heal|p2a: 👁️🐽👁️|74/100|[from] item: Sitrus Berry
|turn|23
|
|t:|1743871453
|switch|p2a: 👁️👃👁️|Landorus-Therian, M|93/100
|-ability|p2a: 👁️👃👁️|Intimidate|boost
|-unboost|p1a: Grimmsnarl|atk|1
|move|p1a: Grimmsnarl|Spirit Break|p2a: 👁️👃👁️
|-damage|p2a: 👁️👃👁️|68/100
|-unboost|p2a: 👁️👃👁️|spa|1
|-damage|p1a: Grimmsnarl|40/100|[from] item: Rocky Helmet|[of] p2a: 👁️👃👁️
|
|-damage|p1a: Grimmsnarl|28/100|[from] Leech Seed|[of] p2a: 👁️👃👁️
|-heal|p2a: 👁️👃👁️|80/100|[silent]
|upkeep
|turn|24
|-message|amacklai forfeited.
|
|win|Oficial Matute
|raw|amacklai's rating: 1166 &rarr; <strong>1144</strong><br />(-22 for losing)
|raw|Oficial Matute's rating: 1207 &rarr; <strong>1229</strong><br />(+22 for winning)
|l|☆amacklai
|player|p1|
|l|☆Oficial Matute
|player|p2|
