|j|☆KaisPiplup
|j|☆lc872244
|t:|1743869432
|gametype|singles
|player|p1|KaisPiplup|iris-gen5bw2|1122
|player|p2|lc872244|marley|1089
|teamsize|p1|6
|teamsize|p2|6
|gen|9
|tier|[Gen 9] OU
|rated|
|rule|HP Percentage Mod: HP is shown in percentages
|rule|Endless Battle Clause: Forcing endless battles is banned
|rule|Species Clause: Limit one of each Pokémon
|rule|OHKO Clause: OHKO moves are banned
|rule|Evasion Items Clause: Evasion items are banned
|rule|Evasion Moves Clause: Evasion moves are banned
|rule|Sleep Moves Clause: Sleep-inducing moves are banned
|clearpoke
|poke|p1|Landorus-Therian, M|
|poke|p1|Samurott-Hisui, F|
|poke|p1|Pecharunt|
|poke|p1|Dragonite, F|
|poke|p1|Clefable, F|
|poke|p1|Great Tusk|
|poke|p2|Samurott-Hisui, F|
|poke|p2|Gardevoir, M|
|poke|p2|Clodsire, M|
|poke|p2|Zoroark-Hisui, M|
|poke|p2|Hydrapple, M|
|poke|p2|Maushold-Four|
|teampreview
|c|☆KaisPiplup|okay so
|c|☆KaisPiplup|im in two battles
|c|☆KaisPiplup|alt
|
|t:|1743869451
|start
|switch|p1a: Samurott|Samurott-Hisui, F, shiny|100/100
|switch|p2a: Samurott|Samurott-Hisui, F, shiny|100/100
|turn|1
|
|t:|1743869463
|move|p1a: Samurott|Ceaseless Edge|p2a: Samurott
|-resisted|p2a: Samurott
|-damage|p2a: Samurott|76/100
|-sidestart|p2: lc872244|Spikes
|move|p2a: Samurott|Knock Off|p1a: Samurott
|-resisted|p1a: Samurott
|-damage|p1a: Samurott|67/100
|-enditem|p1a: Samurott|Choice Scarf|[from] move: Knock Off|[of] p2a: Samurott
|
|upkeep
|turn|2
|
|t:|1743869472
|move|p1a: Samurott|Flip Turn|p2a: Samurott
|-resisted|p2a: Samurott
|-damage|p2a: Samurott|59/100
|
|t:|1743869483
|switch|p1a: Great Tusk|Great Tusk, shiny|100/100|[from] Flip Turn
|move|p2a: Samurott|Ceaseless Edge|p1a: Great Tusk
|-resisted|p1a: Great Tusk
|-damage|p1a: Great Tusk|85/100
|-sidestart|p1: KaisPiplup|Spikes
|
|upkeep
|turn|3
|
|t:|1743869511
|move|p2a: Samurott|Aqua Jet|p1a: Great Tusk
|-supereffective|p1a: Great Tusk
|-damage|p1a: Great Tusk|60/100
|move|p1a: Great Tusk|Rapid Spin|p2a: Samurott
|-damage|p2a: Samurott|38/100
|-boost|p1a: Great Tusk|spe|1
|-sideend|p1: KaisPiplup|Spikes|[from] move: Rapid Spin|[of] p1a: Great Tusk
|
|upkeep
|turn|4
|
|t:|1743869522
|switch|p2a: Maushold|Maushold-Four|100/100
|-damage|p2a: Maushold|88/100|[from] Spikes
|move|p1a: Great Tusk|Headlong Rush|p2a: Maushold
|-damage|p2a: Maushold|0 fnt
|-unboost|p1a: Great Tusk|def|1
|-unboost|p1a: Great Tusk|spd|1
|replace|p2a: Zoroark|Zoroark-Hisui, M
|-end|p2a: Zoroark|Illusion
|faint|p2a: Zoroark
|
|upkeep
|
|t:|1743869533
|switch|p2a: Hydrapple|Hydrapple, M|100/100
|-damage|p2a: Hydrapple|88/100|[from] Spikes
|turn|5
|
|t:|1743869539
|-end|p1a: Great Tusk|Protosynthesis|[silent]
|switch|p1a: Clefable|Clefable, F, shiny|100/100
|-terastallize|p2a: Hydrapple|Fairy
|move|p2a: Hydrapple|Giga Drain|p1a: Clefable
|-damage|p1a: Clefable|65/100
|-heal|p2a: Hydrapple|100/100|[from] drain|[of] p1a: Clefable
|
|upkeep
|turn|6
|
|t:|1743869560
|move|p2a: Hydrapple|Nasty Plot|p2a: Hydrapple
|-boost|p2a: Hydrapple|spa|2
|move|p1a: Clefable|Calm Mind|p1a: Clefable
|-boost|p1a: Clefable|spa|1
|-boost|p1a: Clefable|spd|1
|
|upkeep
|turn|7
|
|t:|1743869571
|move|p2a: Hydrapple|Nasty Plot|p2a: Hydrapple
|-boost|p2a: Hydrapple|spa|2
|move|p1a: Clefable|Meteor Beam||[still]
|-prepare|p1a: Clefable|Meteor Beam
|-boost|p1a: Clefable|spa|1
|-enditem|p1a: Clefable|Power Herb
|-anim|p1a: Clefable|Meteor Beam|p2a: Hydrapple|[miss]
|-miss|p1a: Clefable|p2a: Hydrapple
|
|upkeep
|turn|8
|
|t:|1743869588
|move|p2a: Hydrapple|Giga Drain|p1a: Clefable
|-damage|p1a: Clefable|0 fnt
|faint|p1a: Clefable
|
|upkeep
|
|t:|1743869602
|switch|p1a: Pecharunt|Pecharunt|100/100
|turn|9
|
|t:|1743869608
|move|p1a: Pecharunt|Malignant Chain|p2a: Hydrapple
|-supereffective|p2a: Hydrapple
|-damage|p2a: Hydrapple|0 fnt
|faint|p2a: Hydrapple
|
|upkeep
|
|t:|1743869613
|switch|p2a: Clodsire|Clodsire, M|100/100
|-damage|p2a: Clodsire|88/100|[from] Spikes
|turn|10
|
|t:|1743869649
|move|p1a: Pecharunt|Parting Shot|p2a: Clodsire
|-unboost|p2a: Clodsire|atk|1
|-unboost|p2a: Clodsire|spa|1
|
|t:|1743869667
|switch|p1a: Samurott|Samurott-Hisui, F, shiny|67/100|[from] Parting Shot
|move|p2a: Clodsire|Earthquake|p1a: Samurott
|-damage|p1a: Samurott|43/100
|
|-heal|p2a: Clodsire|94/100|[from] item: Black Sludge
|upkeep
|turn|11
|
|t:|1743869685
|switch|p2a: Samurott|Samurott-Hisui, F, shiny|38/100
|-damage|p2a: Samurott|26/100|[from] Spikes
|move|p1a: Samurott|Aqua Cutter|p2a: Samurott
|-resisted|p2a: Samurott
|-crit|p2a: Samurott
|-damage|p2a: Samurott|0 fnt
|faint|p2a: Samurott
|
|upkeep
|
|t:|1743869691
|switch|p2a: Maushold|Maushold-Four|100/100
|-damage|p2a: Maushold|88/100|[from] Spikes
|turn|12
|
|t:|1743869759
|switch|p1a: Pecharunt|Pecharunt|100/100
|move|p2a: Maushold|Low Kick|p1a: Pecharunt
|-immune|p1a: Pecharunt
|
|upkeep
|turn|13
|
|t:|1743869765
|move|p2a: Maushold|Crunch|p1a: Pecharunt
|-supereffective|p1a: Pecharunt
|-damage|p1a: Pecharunt|76/100
|-unboost|p1a: Pecharunt|def|1
|move|p1a: Pecharunt|Malignant Chain|p2a: Maushold
|-damage|p2a: Maushold|22/100
|-status|p2a: Maushold|tox
|-start|p2a: Maushold|confusion|[from] ability: Poison Puppeteer|[of] p1a: Pecharunt
|
|-heal|p1a: Pecharunt|82/100|[from] item: Leftovers
|-damage|p2a: Maushold|15/100 tox|[from] psn
|upkeep
|turn|14
|l|☆lc872244
|player|p2|
|
|t:|1743869822
|-activate|p2a: Maushold|confusion
|move|p2a: Maushold|Tidy Up|p2a: Maushold
|-sideend|p2: lc872244|Spikes
|-activate|p2a: Maushold|move: Tidy Up
|-boost|p2a: Maushold|atk|1
|-boost|p2a: Maushold|spe|1
|move|p1a: Pecharunt|Parting Shot|p2a: Maushold
|-unboost|p2a: Maushold|atk|1
|-unboost|p2a: Maushold|spa|1
|j|☆lc872244
|player|p2|lc872244|marley|
|
|t:|1743869831
|switch|p1a: Dragonite|Dragonite, F, shiny|100/100|[from] Parting Shot
|
|-damage|p2a: Maushold|3/100 tox|[from] psn
|upkeep
|turn|15
|l|☆lc872244
|player|p2|
|inactive|Battle timer is ON: inactive players will automatically lose when time's up. (requested by KaisPiplup)
|j|☆lc872244
|inactive|lc872244 reconnected and has 130 seconds left.
|player|p2|lc872244|marley|
|
|t:|1743870091
|move|p1a: Dragonite|Extreme Speed|p2a: Maushold
|-damage|p2a: Maushold|0 fnt
|faint|p2a: Maushold
|
|upkeep
|
|t:|1743870095
|switch|p2a: Gardevoir|Gardevoir, M|100/100
|-ability|p2a: Gardevoir|Multiscale|[from] ability: Trace|[of] p1a: Dragonite
|turn|16
|inactive|KaisPiplup has 120 seconds left.
|
|t:|1743870138
|switch|p1a: Pecharunt|Pecharunt|82/100
|move|p2a: Gardevoir|Psychic|p1a: Pecharunt
|-supereffective|p1a: Pecharunt
|-damage|p1a: Pecharunt|0 fnt
|faint|p1a: Pecharunt
|
|upkeep
|
|t:|1743870146
|switch|p1a: Samurott|Samurott-Hisui, F, shiny|43/100
|turn|17
|c|☆KaisPiplup|whoopa
|
|t:|1743870160
|switch|p2a: Clodsire|Clodsire, M|94/100
|move|p1a: Samurott|Ceaseless Edge|p2a: Clodsire
|-damage|p2a: Clodsire|49/100
|-sidestart|p2: lc872244|Spikes
|
|-heal|p2a: Clodsire|55/100|[from] item: Black Sludge
|upkeep
|turn|18
|
|t:|1743870170
|switch|p1a: Dragonite|Dragonite, F, shiny|100/100
|move|p2a: Clodsire|Recover|p2a: Clodsire
|-heal|p2a: Clodsire|100/100
|
|upkeep
|turn|19
|
|t:|1743870176
|move|p1a: Dragonite|Encore|p2a: Clodsire
|-start|p2a: Clodsire|Encore
|move|p2a: Clodsire|Recover||[still]
|-fail|p2a: Clodsire|heal
|
|upkeep
|turn|20
|
|t:|1743870182
|switch|p2a: Gardevoir|Gardevoir, M|100/100
|-damage|p2a: Gardevoir|88/100|[from] Spikes
|-ability|p2a: Gardevoir|Multiscale|[from] ability: Trace|[of] p1a: Dragonite
|move|p1a: Dragonite|Dragon Dance|p1a: Dragonite
|-boost|p1a: Dragonite|atk|1
|-boost|p1a: Dragonite|spe|1
|
|upkeep
|turn|21
|
|t:|1743870202
|-terastallize|p1a: Dragonite|Flying
|move|p2a: Gardevoir|Alluring Voice|p1a: Dragonite
|-damage|p1a: Dragonite|78/100
|move|p1a: Dragonite|Dragon Dance|p1a: Dragonite
|-boost|p1a: Dragonite|atk|1
|-boost|p1a: Dragonite|spe|1
|
|upkeep
|turn|22
|
|t:|1743870219
|move|p1a: Dragonite|Tera Blast|p2a: Gardevoir|[anim] Tera Blast Flying
|-damage|p2a: Gardevoir|0 fnt
|faint|p2a: Gardevoir
|
|upkeep
|
|t:|1743870231
|switch|p2a: Clodsire|Clodsire, M|100/100
|-damage|p2a: Clodsire|88/100|[from] Spikes
|turn|23
|
|t:|1743870236
|move|p1a: Dragonite|Tera Blast|p2a: Clodsire|[anim] Tera Blast Flying
|-damage|p2a: Clodsire|21/100
|move|p2a: Clodsire|Poison Jab|p1a: Dragonite
|-damage|p1a: Dragonite|49/100
|
|-heal|p2a: Clodsire|27/100|[from] item: Black Sludge
|upkeep
|turn|24
|
|t:|1743870249
|move|p1a: Dragonite|Tera Blast|p2a: Clodsire|[anim] Tera Blast Flying
|-damage|p2a: Clodsire|0 fnt
|faint|p2a: Clodsire
|
|win|KaisPiplup
|raw|KaisPiplup's rating: 1093 &rarr; <strong>1119</strong><br />(+26 for winning)
|raw|lc872244's rating: 1089 &rarr; <strong>1066</strong><br />(-23 for losing)
|l|☆lc872244
|player|p2|
