|j|☆Chinatownz
|j|☆iceriderlover
|t:|1743842099
|gametype|singles
|player|p1|Chinatownz|170|1235
|player|p2|iceriderlover|alder|1264
|teamsize|p1|6
|teamsize|p2|6
|gen|9
|tier|[Gen 9] OU
|rated|
|rule|HP Percentage Mod: HP is shown in percentages
|rule|Endless Battle Clause: Forcing endless battles is banned
|rule|Species Clause: Limit one of each Pokémon
|rule|OHKO Clause: OHKO moves are banned
|rule|Evasion Items Clause: Evasion items are banned
|rule|Evasion Moves Clause: Evasion moves are banned
|rule|Sleep Moves Clause: Sleep-inducing moves are banned
|clearpoke
|poke|p1|Eiscue, F|
|poke|p1|Blissey, F|
|poke|p1|Great Tusk|
|poke|p1|Skeledirge, F|
|poke|p1|Lokix, F|
|poke|p1|Glimmora, F|
|poke|p2|Infernape, M|
|poke|p2|Weavile, F|
|poke|p2|Great Tusk|
|poke|p2|Corviknight, F|
|poke|p2|Raging Bolt|
|poke|p2|Slowking-Galar, M|
|teampreview
|inactive|Battle timer is ON: inactive players will automatically lose when time's up. (requested by Chinatownz)
|
|t:|1743842110
|start
|switch|p1a: Lokix|Lokix, F|100/100
|switch|p2a: Infernape|Infernape, M|100/100
|turn|1
|
|t:|1743842118
|switch|p1a: more usage then u|Great Tusk|100/100
|-enditem|p1a: more usage then u|Booster Energy
|-activate|p1a: more usage then u|ability: Protosynthesis|[fromitem]
|-start|p1a: more usage then u|protosynthesisatk
|move|p2a: Infernape|U-turn|p1a: more usage then u
|-resisted|p1a: more usage then u
|-damage|p1a: more usage then u|93/100
|
|t:|1743842126
|switch|p2a: Corviknight|Corviknight, F|100/100|[from] U-turn
|-ability|p2a: Corviknight|Pressure
|
|upkeep
|turn|2
|
|t:|1743842138
|-end|p1a: more usage then u|Protosynthesis|[silent]
|switch|p1a: BBL glizzy|Glimmora, F|100/100
|move|p2a: Corviknight|Nasty Plot|p2a: Corviknight
|-boost|p2a: Corviknight|spa|2
|
|upkeep
|turn|3
|
|t:|1743842142
|move|p1a: BBL glizzy|Power Gem|p2a: Corviknight
|-damage|p2a: Corviknight|59/100
|move|p2a: Corviknight|Flash Cannon|p1a: BBL glizzy
|-supereffective|p1a: BBL glizzy
|-enditem|p1a: BBL glizzy|Focus Sash
|-damage|p1a: BBL glizzy|1/100
|-damage|p2a: Corviknight|49/100|[from] item: Life Orb
|
|upkeep
|turn|4
|
|t:|1743842155
|switch|p1a: Wannnabe crocodile|Skeledirge, F|100/100
|move|p2a: Corviknight|Flash Cannon|p1a: Wannnabe crocodile
|-resisted|p1a: Wannnabe crocodile
|-damage|p1a: Wannnabe crocodile|89/100
|-damage|p2a: Corviknight|40/100|[from] item: Life Orb
|
|-heal|p1a: Wannnabe crocodile|95/100|[from] item: Leftovers
|upkeep
|turn|5
|
|t:|1743842166
|switch|p2a: Great Tusk|Great Tusk|100/100
|move|p1a: Wannnabe crocodile|Torch Song|p2a: Great Tusk
|-damage|p2a: Great Tusk|58/100
|-boost|p1a: Wannnabe crocodile|spa|1
|
|-heal|p1a: Wannnabe crocodile|100/100|[from] item: Leftovers
|upkeep
|turn|6
|
|t:|1743842174
|switch|p1a: Lokix|Lokix, F|100/100
|move|p2a: Great Tusk|Headlong Rush|p1a: Lokix
|-resisted|p1a: Lokix
|-damage|p1a: Lokix|51/100
|-unboost|p2a: Great Tusk|def|1
|-unboost|p2a: Great Tusk|spd|1
|
|upkeep
|turn|7
|
|t:|1743842180
|-end|p2a: Great Tusk|Protosynthesis|[silent]
|switch|p2a: Corviknight|Corviknight, F|40/100
|-ability|p2a: Corviknight|Pressure
|move|p1a: Lokix|U-turn|p2a: Corviknight
|-resisted|p2a: Corviknight
|-damage|p2a: Corviknight|14/100
|
|t:|1743842194
|switch|p1a: BBL glizzy|Glimmora, F|1/100|[from] U-turn
|
|upkeep
|turn|8
|
|t:|1743842200
|switch|p2a: Infernape|Infernape, M|100/100
|move|p1a: BBL glizzy|Power Gem|p2a: Infernape
|-damage|p2a: Infernape|44/100
|
|upkeep
|turn|9
|
|t:|1743842207
|move|p2a: Infernape|U-turn|p1a: BBL glizzy
|-resisted|p1a: BBL glizzy
|-damage|p1a: BBL glizzy|0 fnt
|-activate|p1a: BBL glizzy|ability: Toxic Debris
|-sidestart|p2: iceriderlover|move: Toxic Spikes
|faint|p1a: BBL glizzy
|
|t:|1743842208
|switch|p2a: Slowking|Slowking-Galar, M|100/100|[from] U-turn
|-sideend|p2: iceriderlover|move: Toxic Spikes|[of] p2a: Slowking
|
|upkeep
|
|t:|1743842214
|switch|p1a: Lokix|Lokix, F|51/100
|turn|10
|
|t:|1743842222
|-terastallize|p2a: Slowking|Water
|move|p1a: Lokix|Knock Off|p2a: Slowking
|-damage|p2a: Slowking|23/100
|-enditem|p2a: Slowking|Heavy-Duty Boots|[from] move: Knock Off|[of] p1a: Lokix
|move|p2a: Slowking|Sludge Bomb|p1a: Lokix
|-damage|p1a: Lokix|0 fnt
|faint|p1a: Lokix
|
|upkeep
|
|t:|1743842229
|switch|p1a: more usage then u|Great Tusk|93/100
|turn|11
|
|t:|1743842234
|switch|p2a: Corviknight|Corviknight, F|14/100
|-ability|p2a: Corviknight|Pressure
|move|p1a: more usage then u|Ice Spinner|p2a: Corviknight
|-damage|p2a: Corviknight|0 fnt
|faint|p2a: Corviknight
|
|upkeep
|
|t:|1743842238
|switch|p2a: Weavile|Weavile, F|100/100
|turn|12
|
|t:|1743842247
|move|p2a: Weavile|Triple Axel|p1a: more usage then u
|-supereffective|p1a: more usage then u
|-damage|p1a: more usage then u|70/100
|-supereffective|p1a: more usage then u
|-damage|p1a: more usage then u|28/100
|-supereffective|p1a: more usage then u
|-damage|p1a: more usage then u|0 fnt
|faint|p1a: more usage then u
|-end|p1a: more usage then u|Protosynthesis|[silent]
|-hitcount|p1: more usage then u|3
|
|upkeep
|
|t:|1743842253
|switch|p1a: Eiscue|Eiscue, F|100/100
|turn|13
|
|t:|1743842258
|switch|p2a: Infernape|Infernape, M|44/100
|move|p1a: Eiscue|Belly Drum|p1a: Eiscue
|-damage|p1a: Eiscue|51/100
|-setboost|p1a: Eiscue|atk|6|[from] move: Belly Drum
|
|upkeep
|turn|14
|
|t:|1743842265
|move|p2a: Infernape|Close Combat|p1a: Eiscue
|-activate|p1a: Eiscue|ability: Ice Face
|-damage|p1a: Eiscue|51/100
|-unboost|p2a: Infernape|def|1
|-unboost|p2a: Infernape|spd|1
|detailschange|p1a: Eiscue|Eiscue-Noice, F
|move|p1a: Eiscue|Waterfall|p2a: Infernape
|-supereffective|p2a: Infernape
|-damage|p2a: Infernape|0 fnt
|faint|p2a: Infernape
|
|upkeep
|
|t:|1743842270
|switch|p2a: Raging Bolt|Raging Bolt|100/100
|turn|15
|
|t:|1743842272
|move|p1a: Eiscue|Icicle Spear|p2a: Raging Bolt
|-supereffective|p2a: Raging Bolt
|-damage|p2a: Raging Bolt|20/100
|-supereffective|p2a: Raging Bolt
|-damage|p2a: Raging Bolt|0 fnt
|faint|p2a: Raging Bolt
|-end|p2a: Raging Bolt|Protosynthesis|[silent]
|-hitcount|p2: Raging Bolt|2
|
|upkeep
|
|t:|1743842277
|switch|p2a: Weavile|Weavile, F|100/100
|turn|16
|
|t:|1743842282
|move|p2a: Weavile|Knock Off|p1a: Eiscue
|-damage|p1a: Eiscue|0 fnt
|-enditem|p1a: Eiscue|Loaded Dice|[from] move: Knock Off|[of] p2a: Weavile
|faint|p1a: Eiscue
|
|upkeep
|
|t:|1743842287
|switch|p1a: Wannnabe crocodile|Skeledirge, F|100/100
|turn|17
|
|t:|1743842289
|-terastallize|p1a: Wannnabe crocodile|Fire
|move|p2a: Weavile|Knock Off|p1a: Wannnabe crocodile
|-damage|p1a: Wannnabe crocodile|43/100
|-enditem|p1a: Wannnabe crocodile|Leftovers|[from] move: Knock Off|[of] p2a: Weavile
|move|p1a: Wannnabe crocodile|Will-O-Wisp|p2a: Weavile
|-status|p2a: Weavile|brn
|
|-damage|p2a: Weavile|94/100 brn|[from] brn
|upkeep
|turn|18
|
|t:|1743842294
|switch|p2a: Slowking|Slowking-Galar, M, tera:Water|56/100
|move|p1a: Wannnabe crocodile|Slack Off|p1a: Wannnabe crocodile
|-heal|p1a: Wannnabe crocodile|93/100
|
|upkeep
|turn|19
|
|t:|1743842301
|switch|p1a: you tomorrow|Blissey, F|100/100
|switch|p2a: Weavile|Weavile, F|94/100 brn
|
|-damage|p2a: Weavile|88/100 brn|[from] brn
|upkeep
|turn|20
|
|t:|1743842307
|move|p2a: Weavile|Triple Axel|p1a: you tomorrow
|-damage|p1a: you tomorrow|86/100
|-damage|p1a: you tomorrow|57/100
|-damage|p1a: you tomorrow|13/100
|-hitcount|p1a: you tomorrow|3
|move|p1a: you tomorrow|Seismic Toss|p2a: Weavile
|-damage|p2a: Weavile|53/100 brn
|
|-heal|p1a: you tomorrow|19/100|[from] item: Leftovers
|-damage|p2a: Weavile|47/100 brn|[from] brn
|upkeep
|turn|21
|
|t:|1743842311
|move|p2a: Weavile|Triple Axel|p1a: you tomorrow
|-damage|p1a: you tomorrow|6/100
|-damage|p1a: you tomorrow|0 fnt
|faint|p1a: you tomorrow
|-hitcount|p1: you tomorrow|2
|
|-damage|p2a: Weavile|41/100 brn|[from] brn
|upkeep
|
|t:|1743842312
|switch|p1a: Wannnabe crocodile|Skeledirge, F, tera:Fire|93/100
|turn|22
|
|t:|1743842315
|switch|p2a: Slowking|Slowking-Galar, M, tera:Water|89/100
|move|p1a: Wannnabe crocodile|Torch Song|p2a: Slowking
|-resisted|p2a: Slowking
|-damage|p2a: Slowking|77/100
|-boost|p1a: Wannnabe crocodile|spa|1
|
|upkeep
|turn|23
|
|t:|1743842321
|move|p1a: Wannnabe crocodile|Torch Song|p2a: Slowking
|-resisted|p2a: Slowking
|-damage|p2a: Slowking|60/100
|-boost|p1a: Wannnabe crocodile|spa|1
|move|p2a: Slowking|Thunder Wave|p1a: Wannnabe crocodile
|-status|p1a: Wannnabe crocodile|par
|
|upkeep
|turn|24
|
|t:|1743842325
|move|p1a: Wannnabe crocodile|Torch Song|p2a: Slowking
|-resisted|p2a: Slowking
|-damage|p2a: Slowking|35/100
|-boost|p1a: Wannnabe crocodile|spa|1
|move|p2a: Slowking|Future Sight|p1a: Wannnabe crocodile
|-start|p2a: Slowking|move: Future Sight
|
|upkeep
|turn|25
|
|t:|1743842336
|move|p1a: Wannnabe crocodile|Hex|p2a: Slowking
|-damage|p2a: Slowking|2/100
|-prepare|p2a: Slowking|Chilly Reception|[premajor]
|move|p2a: Slowking|Chilly Reception|p2a: Slowking
|-weather|Snowscape
|
|t:|1743842339
|switch|p2a: Great Tusk|Great Tusk|58/100|[from] Chilly Reception
|
|-weather|Snowscape|[upkeep]
|upkeep
|turn|26
|
|t:|1743842344
|move|p2a: Great Tusk|Headlong Rush|p1a: Wannnabe crocodile
|-supereffective|p1a: Wannnabe crocodile
|-damage|p1a: Wannnabe crocodile|0 fnt
|-unboost|p2a: Great Tusk|def|1
|-unboost|p2a: Great Tusk|spd|1
|faint|p1a: Wannnabe crocodile
|
|win|iceriderlover
|raw|Chinatownz's rating: 1235 &rarr; <strong>1212</strong><br />(-23 for losing)
|raw|iceriderlover's rating: 1264 &rarr; <strong>1287</strong><br />(+23 for winning)
|l|☆Chinatownz
|player|p1|
|l|☆iceriderlover
|player|p2|
