|j|☆DanieruPK
|j|☆Lady_Truffle
|t:|1743813708
|gametype|singles
|player|p1|DanieruPK|cameraman|1116
|player|p2|Lady_Truffle|102|1146
|teamsize|p1|6
|teamsize|p2|6
|gen|9
|tier|[Gen 9] OU
|rated|
|rule|HP Percentage Mod: HP is shown in percentages
|rule|Endless Battle Clause: Forcing endless battles is banned
|rule|Species Clause: Limit one of each Pokémon
|rule|OHKO Clause: OHKO moves are banned
|rule|Evasion Items Clause: Evasion items are banned
|rule|Evasion Moves Clause: Evasion moves are banned
|rule|Sleep Moves Clause: Sleep-inducing moves are banned
|clearpoke
|poke|p1|Pikachu, M|
|poke|p1|Cinderace, F|
|poke|p1|Venusaur, M|
|poke|p1|Meowstic-F, F|
|poke|p1|Gyarados, M|
|poke|p1|Kingambit, M|
|poke|p2|Clodsire, F|
|poke|p2|Gholdengo|
|poke|p2|Blissey, F|
|poke|p2|Alomomola, M|
|poke|p2|Corviknight, F|
|poke|p2|Talonflame, M|
|teampreview
|inactive|Battle timer is ON: inactive players will automatically lose when time's up. (requested by DanieruPK)
|
|t:|1743813750
|start
|switch|p1a: Meowstic|Meowstic-F, F|100/100
|switch|p2a: Blissey|Blissey, F|100/100
|turn|1
|
|t:|1743813758
|move|p1a: Meowstic|Psyshock|p2a: Blissey
|-damage|p2a: Blissey|56/100
|move|p2a: Blissey|Stealth Rock|p1a: Meowstic
|-sidestart|p1: DanieruPK|move: Stealth Rock
|
|upkeep
|turn|2
|
|t:|1743813779
|switch|p2a: Alomomola|Alomomola, M|100/100
|move|p1a: Meowstic|Psyshock|p2a: Alomomola
|-damage|p2a: Alomomola|78/100
|
|upkeep
|turn|3
|
|t:|1743813789
|switch|p1a: Pikachu|Pikachu, M|100/100
|-damage|p1a: Pikachu|88/100|[from] Stealth Rock
|move|p2a: Alomomola|Whirlpool|p1a: Pikachu
|-damage|p1a: Pikachu|72/100
|-activate|p1a: Pikachu|move: Whirlpool|[of] p2a: Alomomola
|
|-damage|p1a: Pikachu|60/100|[from] move: Whirlpool|[partiallytrapped]
|upkeep
|turn|4
|
|t:|1743813799
|move|p2a: Alomomola|Protect|p2a: Alomomola
|-singleturn|p2a: Alomomola|Protect
|move|p1a: Pikachu|Volt Switch|p2a: Alomomola
|-activate|p2a: Alomomola|move: Protect
|
|-damage|p1a: Pikachu|47/100|[from] move: Whirlpool|[partiallytrapped]
|upkeep
|turn|5
|
|t:|1743813809
|switch|p2a: Clodsire|Clodsire, F|100/100
|move|p1a: Pikachu|Volt Switch|p2a: Clodsire
|-immune|p2a: Clodsire
|
|-end|p1a: Pikachu|Whirlpool|[partiallytrapped]|[silent]
|upkeep
|turn|6
|
|t:|1743813817
|switch|p1a: Meowstic|Meowstic-F, F|100/100
|-damage|p1a: Meowstic|88/100|[from] Stealth Rock
|move|p2a: Clodsire|Toxic|p1a: Meowstic
|-status|p1a: Meowstic|tox
|
|-damage|p1a: Meowstic|82/100 tox|[from] psn
|upkeep
|turn|7
|
|t:|1743813831
|switch|p2a: Blissey|Blissey, F|56/100
|move|p1a: Meowstic|Psyshock|p2a: Blissey
|-damage|p2a: Blissey|6/100
|
|-damage|p1a: Meowstic|69/100 tox|[from] psn
|upkeep
|turn|8
|
|t:|1743813847
|switch|p1a: Cinderace|Cinderace, F|100/100
|switch|p2a: Alomomola|Alomomola, M|100/100
|
|upkeep
|turn|9
|
|t:|1743813856
|move|p1a: Cinderace|Court Change|p1a: Cinderace
|-start|p1a: Cinderace|typechange|Normal|[from] ability: Libero
|-swapsideconditions
|-activate|p1a: Cinderace|move: Court Change
|move|p2a: Alomomola|Chilling Water|p1a: Cinderace
|-crit|p1a: Cinderace
|-damage|p1a: Cinderace|82/100
|-unboost|p1a: Cinderace|atk|1
|
|upkeep
|turn|10
|
|t:|1743813865
|move|p1a: Cinderace|U-turn|p2a: Alomomola
|-damage|p2a: Alomomola|92/100
|
|t:|1743813869
|switch|p1a: Venusaur|Venusaur, M|100/100|[from] U-turn
|move|p2a: Alomomola|Whirlpool|p1a: Venusaur
|-resisted|p1a: Venusaur
|-damage|p1a: Venusaur|98/100
|-activate|p1a: Venusaur|move: Whirlpool|[of] p2a: Alomomola
|
|-damage|p1a: Venusaur|85/100|[from] move: Whirlpool|[partiallytrapped]
|upkeep
|turn|11
|
|t:|1743813882
|move|p1a: Venusaur|Sunny Day|p1a: Venusaur
|-weather|SunnyDay
|move|p2a: Alomomola|Wish|p2a: Alomomola
|
|-weather|SunnyDay|[upkeep]
|-damage|p1a: Venusaur|73/100|[from] move: Whirlpool|[partiallytrapped]
|upkeep
|turn|12
|
|t:|1743813895
|switch|p2a: Blissey|Blissey, F|6/100
|move|p1a: Venusaur|Energy Ball|p2a: Blissey
|-damage|p2a: Blissey|0 fnt
|faint|p2a: Blissey
|-damage|p1a: Venusaur|63/100|[from] item: Life Orb
|
|-weather|SunnyDay|[upkeep]
|-end|p1a: Venusaur|Whirlpool|[partiallytrapped]|[silent]
|upkeep
|
|t:|1743813907
|switch|p2a: Talonflame|Talonflame, M|100/100
|turn|13
|
|t:|1743813918
|switch|p1a: Gyarados|Gyarados, M|100/100
|-ability|p1a: Gyarados|Intimidate|boost
|-unboost|p2a: Talonflame|atk|1
|move|p2a: Talonflame|Air Slash|p1a: Gyarados
|-damage|p1a: Gyarados|78/100
|
|-weather|SunnyDay|[upkeep]
|upkeep
|turn|14
|
|t:|1743813929
|move|p2a: Talonflame|Will-O-Wisp|p1a: Gyarados
|-status|p1a: Gyarados|brn
|move|p1a: Gyarados|Dragon Dance|p1a: Gyarados
|-boost|p1a: Gyarados|atk|1
|-boost|p1a: Gyarados|spe|1
|
|-weather|SunnyDay|[upkeep]
|-damage|p1a: Gyarados|72/100 brn|[from] brn
|upkeep
|turn|15
|
|t:|1743813941
|switch|p2a: Clodsire|Clodsire, F|100/100
|move|p1a: Gyarados|Dragon Dance|p1a: Gyarados
|-boost|p1a: Gyarados|atk|1
|-boost|p1a: Gyarados|spe|1
|
|-weather|none
|-damage|p1a: Gyarados|66/100 brn|[from] brn
|upkeep
|turn|16
|
|t:|1743813947
|move|p1a: Gyarados|Earthquake|p2a: Clodsire
|-supereffective|p2a: Clodsire
|-damage|p2a: Clodsire|78/100
|move|p2a: Clodsire|Spikes|p1a: Gyarados
|-sidestart|p1: DanieruPK|Spikes
|
|-damage|p1a: Gyarados|60/100 brn|[from] brn
|upkeep
|turn|17
|inactive|DanieruPK has 120 seconds left.
|
|t:|1743813995
|switch|p1a: Meowstic|Meowstic-F, F|69/100 tox
|-damage|p1a: Meowstic|57/100 tox|[from] Spikes
|move|p2a: Clodsire|Recover|p2a: Clodsire
|-heal|p2a: Clodsire|100/100
|
|-damage|p1a: Meowstic|51/100 tox|[from] psn
|upkeep
|turn|18
|
|t:|1743814004
|switch|p2a: Alomomola|Alomomola, M|100/100
|move|p1a: Meowstic|Psyshock|p2a: Alomomola
|-damage|p2a: Alomomola|74/100
|
|-damage|p1a: Meowstic|38/100 tox|[from] psn
|upkeep
|turn|19
|
|t:|1743814016
|switch|p1a: Venusaur|Venusaur, M|63/100
|-damage|p1a: Venusaur|51/100|[from] Spikes
|move|p2a: Alomomola|Protect||[still]
|-fail|p2a: Alomomola
|
|upkeep
|turn|20
|
|t:|1743814024
|move|p1a: Venusaur|Energy Ball|p2a: Alomomola
|-supereffective|p2a: Alomomola
|-damage|p2a: Alomomola|0 fnt
|faint|p2a: Alomomola
|-damage|p1a: Venusaur|41/100|[from] item: Life Orb
|
|upkeep
|
|t:|1743814035
|switch|p2a: Gholdengo|Gholdengo|100/100
|turn|21
|
|t:|1743814053
|switch|p1a: Kingambit|Kingambit, M|100/100
|-damage|p1a: Kingambit|88/100|[from] Spikes
|move|p2a: Gholdengo|Nasty Plot|p2a: Gholdengo
|-boost|p2a: Gholdengo|spa|2
|
|upkeep
|turn|22
|
|t:|1743814066
|switch|p2a: Corviknight|Corviknight, F|100/100
|-damage|p2a: Corviknight|88/100|[from] Stealth Rock
|-ability|p2a: Corviknight|Pressure
|move|p1a: Kingambit|Sucker Punch||[still]
|-fail|p1a: Kingambit
|
|upkeep
|turn|23
|
|t:|1743814075
|-end|p1a: Kingambit|fallenundefined|[silent]
|switch|p1a: Cinderace|Cinderace, F|82/100
|move|p2a: Corviknight|Body Press|p1a: Cinderace
|-damage|p1a: Cinderace|41/100
|
|upkeep
|turn|24
|
|t:|1743814086
|move|p1a: Cinderace|Pyro Ball|p2a: Corviknight
|-supereffective|p2a: Corviknight
|-damage|p2a: Corviknight|15/100
|move|p2a: Corviknight|Defog|p1a: Cinderace
|-unboost|p1a: Cinderace|evasion|1
|-sideend|p1: DanieruPK|Spikes|[from] move: Defog|[of] p2a: Corviknight
|-sideend|p2: Lady_Truffle|Stealth Rock|[from] move: Defog|[of] p2a: Corviknight
|
|upkeep
|turn|25
|
|t:|1743814096
|switch|p2a: Talonflame|Talonflame, M|100/100
|move|p1a: Cinderace|Pyro Ball|p2a: Talonflame
|-resisted|p2a: Talonflame
|-damage|p2a: Talonflame|74/100
|
|upkeep
|turn|26
|
|t:|1743814110
|switch|p1a: Pikachu|Pikachu, M|47/100
|move|p2a: Talonflame|Air Slash|p1a: Pikachu
|-resisted|p1a: Pikachu
|-damage|p1a: Pikachu|17/100
|
|upkeep
|turn|27
|
|t:|1743814124
|switch|p2a: Clodsire|Clodsire, F|100/100
|move|p1a: Pikachu|Volt Tackle|p2a: Clodsire
|-immune|p2a: Clodsire
|
|upkeep
|turn|28
|
|t:|1743814130
|switch|p1a: Meowstic|Meowstic-F, F|38/100 tox
|move|p2a: Clodsire|Toxic|p1a: Meowstic
|-fail|p1a: Meowstic|tox
|
|-damage|p1a: Meowstic|32/100 tox|[from] psn
|upkeep
|turn|29
|
|t:|1743814135
|switch|p2a: Gholdengo|Gholdengo|100/100
|move|p1a: Meowstic|Psyshock|p2a: Gholdengo
|-resisted|p2a: Gholdengo
|-damage|p2a: Gholdengo|84/100
|
|-damage|p1a: Meowstic|20/100 tox|[from] psn
|upkeep
|turn|30
|
|t:|1743814144
|switch|p1a: Kingambit|Kingambit, M|88/100
|move|p2a: Gholdengo|Nasty Plot|p2a: Gholdengo
|-boost|p2a: Gholdengo|spa|2
|
|upkeep
|turn|31
|
|t:|1743814157
|switch|p2a: Clodsire|Clodsire, F|100/100
|move|p1a: Kingambit|Sucker Punch||[still]
|-fail|p1a: Kingambit
|
|upkeep
|turn|32
|
|t:|1743814162
|-end|p1a: Kingambit|fallenundefined|[silent]
|switch|p1a: Gyarados|Gyarados, M|60/100 brn
|-ability|p1a: Gyarados|Intimidate|boost
|-unboost|p2a: Clodsire|atk|1
|move|p2a: Clodsire|Toxic||[still]
|-fail|p2a: Clodsire
|
|-damage|p1a: Gyarados|54/100 brn|[from] brn
|upkeep
|turn|33
|
|t:|1743814170
|switch|p2a: Talonflame|Talonflame, M|74/100
|move|p1a: Gyarados|Earthquake|p2a: Talonflame
|-immune|p2a: Talonflame
|
|-damage|p1a: Gyarados|48/100 brn|[from] brn
|upkeep
|turn|34
|inactive|DanieruPK has 120 seconds left.
|inactive|DanieruPK has 90 seconds left.
|
|t:|1743814235
|switch|p2a: Corviknight|Corviknight, F|15/100
|-ability|p2a: Corviknight|Pressure
|move|p1a: Gyarados|Waterfall|p2a: Corviknight
|-damage|p2a: Corviknight|4/100
|-damage|p1a: Gyarados|32/100 brn|[from] item: Rocky Helmet|[of] p2a: Corviknight
|
|-damage|p1a: Gyarados|26/100 brn|[from] brn
|upkeep
|turn|35
|
|t:|1743814254
|move|p1a: Gyarados|Ice Fang|p2a: Corviknight
|-damage|p2a: Corviknight|0 fnt
|-damage|p1a: Gyarados|9/100 brn|[from] item: Rocky Helmet|[of] p2a: Corviknight
|faint|p2a: Corviknight
|
|-damage|p1a: Gyarados|3/100 brn|[from] brn
|upkeep
|
|t:|1743814264
|switch|p2a: Gholdengo|Gholdengo|84/100
|turn|36
|
|t:|1743814268
|move|p1a: Gyarados|Earthquake|p2a: Gholdengo
|-supereffective|p2a: Gholdengo
|-damage|p2a: Gholdengo|59/100
|move|p2a: Gholdengo|Nasty Plot|p2a: Gholdengo
|-boost|p2a: Gholdengo|spa|2
|
|-damage|p1a: Gyarados|0 fnt|[from] brn
|faint|p1a: Gyarados
|upkeep
|
|t:|1743814277
|switch|p1a: Cinderace|Cinderace, F|41/100
|turn|37
|
|t:|1743814284
|-terastallize|p2a: Gholdengo|Flying
|move|p1a: Cinderace|Pyro Ball|p2a: Gholdengo
|-damage|p2a: Gholdengo|10/100
|move|p2a: Gholdengo|Shadow Ball|p1a: Cinderace
|-damage|p1a: Cinderace|0 fnt
|faint|p1a: Cinderace
|
|upkeep
|
|t:|1743814290
|switch|p1a: Pikachu|Pikachu, M|17/100
|turn|38
|
|t:|1743814295
|move|p1a: Pikachu|Surf|p2a: Gholdengo
|-damage|p2a: Gholdengo|0 fnt
|faint|p2a: Gholdengo
|
|upkeep
|
|t:|1743814300
|switch|p2a: Talonflame|Talonflame, M|74/100
|turn|39
|
|t:|1743814306
|switch|p2a: Clodsire|Clodsire, F|100/100
|move|p1a: Pikachu|Volt Tackle|p2a: Clodsire
|-immune|p2a: Clodsire
|
|upkeep
|turn|40
|
|t:|1743814314
|switch|p1a: Venusaur|Venusaur, M|41/100
|move|p2a: Clodsire|Earthquake|p1a: Venusaur
|-damage|p1a: Venusaur|3/100
|
|upkeep
|turn|41
|
|t:|1743814321
|move|p1a: Venusaur|Earth Power|p2a: Clodsire
|-supereffective|p2a: Clodsire
|-damage|p2a: Clodsire|43/100
|-damage|p1a: Venusaur|0 fnt|[from] item: Life Orb
|faint|p1a: Venusaur
|move|p2a: Clodsire|Earthquake|p1: Venusaur|[notarget]
|-fail|p2a: Clodsire
|
|upkeep
|
|t:|1743814330
|switch|p1a: Meowstic|Meowstic-F, F|20/100 tox
|turn|42
|
|t:|1743814336
|switch|p2a: Talonflame|Talonflame, M|74/100
|move|p1a: Meowstic|Psyshock|p2a: Talonflame
|-damage|p2a: Talonflame|29/100
|
|-damage|p1a: Meowstic|13/100 tox|[from] psn
|upkeep
|turn|43
|
|t:|1743814345
|switch|p1a: Pikachu|Pikachu, M|17/100
|move|p2a: Talonflame|Roost|p2a: Talonflame
|-heal|p2a: Talonflame|79/100
|-singleturn|p2a: Talonflame|move: Roost
|
|upkeep
|turn|44
|
|t:|1743814352
|move|p1a: Pikachu|Volt Switch|p2a: Talonflame
|-supereffective|p2a: Talonflame
|-damage|p2a: Talonflame|9/100
|
|t:|1743814356
|switch|p1a: Kingambit|Kingambit, M|88/100|[from] Volt Switch
|-activate|p1a: Kingambit|ability: Supreme Overlord
|-start|p1a: Kingambit|fallen3|[silent]
|move|p2a: Talonflame|Flamethrower|p1a: Kingambit
|-supereffective|p1a: Kingambit
|-damage|p1a: Kingambit|41/100
|
|upkeep
|turn|45
|
|t:|1743814369
|move|p2a: Talonflame|Will-O-Wisp|p1a: Kingambit|[miss]
|-miss|p2a: Talonflame|p1a: Kingambit
|move|p1a: Kingambit|Iron Head|p2a: Talonflame
|-resisted|p2a: Talonflame
|-damage|p2a: Talonflame|0 fnt
|-status|p1a: Kingambit|brn|[from] ability: Flame Body|[of] p2a: Talonflame
|faint|p2a: Talonflame
|
|-damage|p1a: Kingambit|34/100 brn|[from] brn
|upkeep
|
|t:|1743814374
|switch|p2a: Clodsire|Clodsire, F|43/100
|turn|46
|
|t:|1743814377
|-end|p1a: Kingambit|fallen3|[silent]
|switch|p1a: Pikachu|Pikachu, M|17/100
|move|p2a: Clodsire|Recover|p2a: Clodsire
|-heal|p2a: Clodsire|93/100
|
|upkeep
|turn|47
|
|t:|1743814384
|move|p1a: Pikachu|Play Rough|p2a: Clodsire
|-resisted|p2a: Clodsire
|-damage|p2a: Clodsire|80/100
|move|p2a: Clodsire|Earthquake|p1a: Pikachu
|-supereffective|p1a: Pikachu
|-damage|p1a: Pikachu|0 fnt
|faint|p1a: Pikachu
|
|upkeep
|
|t:|1743814388
|switch|p1a: Meowstic|Meowstic-F, F|13/100 tox
|turn|48
|
|t:|1743814394
|-terastallize|p1a: Meowstic|Psychic
|move|p1a: Meowstic|Psyshock|p2a: Clodsire
|-supereffective|p2a: Clodsire
|-damage|p2a: Clodsire|0 fnt
|faint|p2a: Clodsire
|
|win|DanieruPK
|raw|DanieruPK's rating: 1116 &rarr; <strong>1143</strong><br />(+27 for winning)
|raw|Lady_Truffle's rating: 1146 &rarr; <strong>1119</strong><br />(-27 for losing)
|c|☆DanieruPK|gg
|c|☆DanieruPK|good battle
|l|☆Lady_Truffle
|player|p2|
|l|☆DanieruPK
|player|p1|
