|j|☆letsbattlemanggwp
|j|☆Tkats
|t:|1743827969
|gametype|singles
|player|p1|letsbattlemanggwp|waiter|1114
|player|p2|Tkats|266|1120
|teamsize|p1|6
|teamsize|p2|6
|gen|9
|tier|[Gen 9] OU
|rated|
|rule|HP Percentage Mod: HP is shown in percentages
|rule|Endless Battle Clause: Forcing endless battles is banned
|rule|Species Clause: Limit one of each Pokémon
|rule|OHKO Clause: OHKO moves are banned
|rule|Evasion Items Clause: Evasion items are banned
|rule|Evasion Moves Clause: Evasion moves are banned
|rule|Sleep Moves Clause: Sleep-inducing moves are banned
|clearpoke
|poke|p1|Hippowdon, M|
|poke|p1|Donphan, M|
|poke|p1|Ursaluna, M|
|poke|p1|Sandaconda, F|
|poke|p1|Sandslash, F|
|poke|p1|Krookodile, F|
|poke|p2|Shiftry, M|
|poke|p2|Gallade, M|
|poke|p2|Oricorio-Sensu, F|
|poke|p2|Ninetales-Alola, M|
|poke|p2|Cinderace, F|
|poke|p2|Tatsugiri-Droopy, M|
|teampreview
|inactive|Battle timer is ON: inactive players will automatically lose when time's up. (requested by letsbattlemanggwp)
|
|t:|1743827993
|start
|switch|p1a: Hippowdon|Hippowdon, M|100/100
|switch|p2a: Cinderace|Cinderace, F|100/100
|-weather|Sandstorm|[from] ability: Sand Stream|[of] p1a: Hippowdon
|turn|1
|
|t:|1743828001
|move|p2a: Cinderace|U-turn|p1a: Hippowdon
|-start|p2a: Cinderace|typechange|Bug|[from] ability: Libero
|-damage|p1a: Hippowdon|67/100
|
|t:|1743828004
|switch|p2a: Ninetales|Ninetales-Alola, M|100/100|[from] U-turn
|-weather|Snowscape|[from] ability: Snow Warning|[of] p2a: Ninetales
|move|p1a: Hippowdon|Earthquake|p2a: Ninetales
|-damage|p2a: Ninetales|40/100
|
|-weather|Snowscape|[upkeep]
|upkeep
|turn|2
|
|t:|1743828014
|move|p2a: Ninetales|Aurora Veil|p2a: Ninetales
|-sidestart|p2: Tkats|move: Aurora Veil
|move|p1a: Hippowdon|Earthquake|p2a: Ninetales
|-damage|p2a: Ninetales|13/100
|
|-weather|Snowscape|[upkeep]
|upkeep
|turn|3
|
|t:|1743828022
|move|p2a: Ninetales|Freeze-Dry|p1a: Hippowdon
|-supereffective|p1a: Hippowdon
|-damage|p1a: Hippowdon|27/100
|move|p1a: Hippowdon|Earthquake|p2a: Ninetales
|-damage|p2a: Ninetales|0 fnt
|faint|p2a: Ninetales
|
|-weather|Snowscape|[upkeep]
|upkeep
|inactiveoff|Battle timer is now OFF.
|
|t:|1743828035
|switch|p2a: Shiftry|Shiftry, M|100/100
|turn|4
|
|t:|1743828044
|move|p2a: Shiftry|Leaf Blade|p1a: Hippowdon
|-supereffective|p1a: Hippowdon
|-damage|p1a: Hippowdon|0 fnt
|faint|p1a: Hippowdon
|
|-weather|Snowscape|[upkeep]
|upkeep
|
|t:|1743828048
|switch|p1a: Sandaconda|Sandaconda, F|100/100
|turn|5
|
|t:|1743828054
|move|p2a: Shiftry|Leaf Blade|p1a: Sandaconda
|-supereffective|p1a: Sandaconda
|-damage|p1a: Sandaconda|27/100
|-weather|Sandstorm|[from] ability: Sand Spit|[of] p1a: Sandaconda
|move|p1a: Sandaconda|Stone Edge|p2a: Shiftry
|-damage|p2a: Shiftry|62/100
|
|-weather|Sandstorm|[upkeep]
|-damage|p2a: Shiftry|56/100|[from] Sandstorm
|upkeep
|turn|6
|
|t:|1743828066
|move|p2a: Shiftry|Leaf Blade|p1a: Sandaconda
|-supereffective|p1a: Sandaconda
|-damage|p1a: Sandaconda|0 fnt
|faint|p1a: Sandaconda
|
|-weather|Sandstorm|[upkeep]
|-damage|p2a: Shiftry|50/100|[from] Sandstorm
|upkeep
|
|t:|1743828074
|switch|p1a: Sandslash|Sandslash, F|100/100
|turn|7
|
|t:|1743828090
|move|p1a: Sandslash|Gunk Shot|p2a: Shiftry
|-supereffective|p2a: Shiftry
|-damage|p2a: Shiftry|0 fnt
|faint|p2a: Shiftry
|
|-weather|Sandstorm|[upkeep]
|upkeep
|
|t:|1743828104
|switch|p2a: Tatsugiri|Tatsugiri-Droopy, M|100/100
|turn|8
|
|t:|1743828114
|move|p1a: Sandslash|Gunk Shot|p2a: Tatsugiri
|-damage|p2a: Tatsugiri|55/100
|move|p2a: Tatsugiri|Hydro Pump|p1a: Sandslash
|-supereffective|p1a: Sandslash
|-damage|p1a: Sandslash|0 fnt
|faint|p1a: Sandslash
|
|-weather|Sandstorm|[upkeep]
|-damage|p2a: Tatsugiri|49/100|[from] Sandstorm
|upkeep
|
|t:|1743828124
|switch|p1a: Krookodile|Krookodile, F|100/100
|turn|9
|
|t:|1743828131
|-terastallize|p1a: Krookodile|Dragon
|move|p1a: Krookodile|Outrage|p2a: Tatsugiri
|-supereffective|p2a: Tatsugiri
|-damage|p2a: Tatsugiri|0 fnt
|faint|p2a: Tatsugiri
|-ability|p1a: Krookodile|Moxie|boost
|-boost|p1a: Krookodile|atk|1
|
|-weather|none
|-sideend|p2: Tkats|move: Aurora Veil
|upkeep
|inactive|Battle timer is ON: inactive players will automatically lose when time's up. (requested by letsbattlemanggwp)
|
|t:|1743828167
|switch|p2a: Cinderace|Cinderace, F|100/100
|turn|10
|
|t:|1743828181
|move|p2a: Cinderace|Sucker Punch|p1a: Krookodile
|-start|p2a: Cinderace|typechange|Dark|[from] ability: Libero
|-damage|p1a: Krookodile|34/100
|move|p1a: Krookodile|Outrage|p2a: Cinderace|[from] lockedmove
|-damage|p2a: Cinderace|0 fnt
|faint|p2a: Cinderace
|-ability|p1a: Krookodile|Moxie|boost
|-boost|p1a: Krookodile|atk|1
|-start|p1a: Krookodile|confusion|[fatigue]
|
|upkeep
|
|t:|1743828194
|switch|p2a: Gallade|Gallade, M|100/100
|turn|11
|
|t:|1743828200
|-activate|p1a: Krookodile|confusion
|-damage|p1a: Krookodile|2/100|[from] confusion
|move|p2a: Gallade|Sacred Sword|p1a: Krookodile
|-damage|p1a: Krookodile|0 fnt
|faint|p1a: Krookodile
|
|upkeep
|
|t:|1743828208
|switch|p1a: Donphan|Donphan, M|100/100
|turn|12
|
|t:|1743828217
|switch|p2a: Oricorio|Oricorio-Sensu, F|100/100
|move|p1a: Donphan|Knock Off|p2a: Oricorio
|-supereffective|p2a: Oricorio
|-damage|p2a: Oricorio|0 fnt
|-enditem|p2a: Oricorio|Mirror Herb|[from] move: Knock Off|[of] p1a: Donphan
|faint|p2a: Oricorio
|
|upkeep
|
|t:|1743828225
|switch|p2a: Gallade|Gallade, M|100/100
|turn|13
|
|t:|1743828231
|switch|p1a: Ursaluna|Ursaluna, M|100/100
|move|p2a: Gallade|Sacred Sword|p1a: Ursaluna
|-supereffective|p1a: Ursaluna
|-damage|p1a: Ursaluna|0 fnt
|faint|p1a: Ursaluna
|
|upkeep
|
|t:|1743828239
|switch|p1a: Donphan|Donphan, M|100/100
|turn|14
|
|t:|1743828243
|move|p2a: Gallade|Sacred Sword|p1a: Donphan
|-damage|p1a: Donphan|43/100
|move|p1a: Donphan|Earthquake|p2a: Gallade
|-damage|p2a: Gallade|0 fnt
|faint|p2a: Gallade
|
|win|letsbattlemanggwp
|raw|letsbattlemanggwp's rating: 1114 &rarr; <strong>1139</strong><br />(+25 for winning)
|raw|Tkats's rating: 1120 &rarr; <strong>1095</strong><br />(-25 for losing)
|l|☆letsbattlemanggwp
|player|p1|
|c|☆Tkats|Gg
|l|☆Tkats
|player|p2|
