|j|‽Buy my book azul
|j|☆EndlessDark9
|t:|1743782826
|gametype|singles
|player|p1|Buy my book azul|170|1467
|player|p2|EndlessDark9|iono|1491
|teamsize|p1|6
|teamsize|p2|6
|gen|9
|tier|[Gen 9] OU
|rated|
|rule|HP Percentage Mod: HP is shown in percentages
|rule|Endless Battle Clause: Forcing endless battles is banned
|rule|Species Clause: Limit one of each Pokémon
|rule|OHKO Clause: OHKO moves are banned
|rule|Evasion Items Clause: Evasion items are banned
|rule|Evasion Moves Clause: Evasion moves are banned
|rule|Sleep Moves Clause: Sleep-inducing moves are banned
|clearpoke
|poke|p1|Garchomp, M|
|poke|p1|Ogerpon-Wellspring, F|
|poke|p1|Great Tusk|
|poke|p1|Kyurem|
|poke|p1|Kingambit, M|
|poke|p1|Dragapult, M|
|poke|p2|Ting-Lu|
|poke|p2|Pecharunt|
|poke|p2|Kingambit, M|
|poke|p2|Great Tusk|
|poke|p2|Ogerpon-Wellspring, F|
|poke|p2|Raging Bolt|
|teampreview
|inactive|Battle timer is ON: inactive players will automatically lose when time's up. (requested by EndlessDark9)
|inactive|EndlessDark9 has 120 seconds left.
|
|t:|1743782865
|start
|switch|p1a: Kyurem|Kyurem|100/100
|switch|p2a: Ting-Lu|Ting-Lu|100/100
|-ability|p1a: Kyurem|Pressure
|-ability|p2a: Ting-Lu|Vessel of Ruin
|turn|1
|
|t:|1743782876
|-terastallize|p2a: Ting-Lu|Poison
|move|p1a: Kyurem|Ice Beam|p2a: Ting-Lu
|-damage|p2a: Ting-Lu|71/100
|move|p2a: Ting-Lu|Ruination|p1a: Kyurem
|-damage|p1a: Kyurem|51/100
|
|-heal|p2a: Ting-Lu|77/100|[from] item: Leftovers
|upkeep
|turn|2
|
|t:|1743782884
|switch|p1a: Great Tusk|Great Tusk|100/100
|move|p2a: Ting-Lu|Spikes|p1a: Great Tusk
|-sidestart|p1: Buy my book azul|Spikes
|
|-heal|p2a: Ting-Lu|83/100|[from] item: Leftovers
|upkeep
|turn|3
|
|t:|1743782901
|move|p1a: Great Tusk|Knock Off|p2a: Ting-Lu
|-damage|p2a: Ting-Lu|66/100
|-enditem|p2a: Ting-Lu|Leftovers|[from] move: Knock Off|[of] p1a: Great Tusk
|move|p2a: Ting-Lu|Ruination|p1a: Great Tusk
|-damage|p1a: Great Tusk|50/100
|
|-heal|p1a: Great Tusk|57/100|[from] item: Leftovers
|upkeep
|turn|4
|
|t:|1743782908
|switch|p2a: Great Tusk|Great Tusk|100/100
|move|p1a: Great Tusk|Rapid Spin|p2a: Great Tusk
|-damage|p2a: Great Tusk|91/100
|-boost|p1a: Great Tusk|spe|1
|-sideend|p1: Buy my book azul|Spikes|[from] move: Rapid Spin|[of] p1a: Great Tusk
|
|-heal|p1a: Great Tusk|63/100|[from] item: Leftovers
|upkeep
|turn|5
|
|t:|1743782920
|move|p1a: Great Tusk|Stealth Rock|p2a: Great Tusk
|-sidestart|p2: EndlessDark9|move: Stealth Rock
|move|p2a: Great Tusk|Ice Spinner|p1a: Great Tusk
|-supereffective|p1a: Great Tusk
|-damage|p1a: Great Tusk|36/100
|
|-heal|p1a: Great Tusk|42/100|[from] item: Leftovers
|upkeep
|turn|6
|
|t:|1743782933
|move|p1a: Great Tusk|Knock Off|p2a: Great Tusk
|-resisted|p2a: Great Tusk
|-damage|p2a: Great Tusk|81/100
|-enditem|p2a: Great Tusk|Heavy-Duty Boots|[from] move: Knock Off|[of] p1a: Great Tusk
|move|p2a: Great Tusk|Rapid Spin|p1a: Great Tusk
|-damage|p1a: Great Tusk|34/100
|-boost|p2a: Great Tusk|spe|1
|-sideend|p2: EndlessDark9|Stealth Rock|[from] move: Rapid Spin|[of] p2a: Great Tusk
|
|-heal|p1a: Great Tusk|40/100|[from] item: Leftovers
|upkeep
|turn|7
|
|t:|1743782946
|move|p2a: Great Tusk|Ice Spinner|p1a: Great Tusk
|-supereffective|p1a: Great Tusk
|-damage|p1a: Great Tusk|11/100
|move|p1a: Great Tusk|Earthquake|p2a: Great Tusk
|-damage|p2a: Great Tusk|48/100
|
|-heal|p1a: Great Tusk|18/100|[from] item: Leftovers
|upkeep
|turn|8
|
|t:|1743782959
|-end|p1a: Great Tusk|Protosynthesis|[silent]
|switch|p1a: Ogerpon|Ogerpon-Wellspring, F|100/100
|move|p2a: Great Tusk|Ice Spinner|p1a: Ogerpon
|-damage|p1a: Ogerpon|62/100
|
|upkeep
|turn|9
|
|t:|1743782972
|-end|p2a: Great Tusk|Protosynthesis|[silent]
|switch|p2a: Raging Bolt|Raging Bolt|100/100
|move|p1a: Ogerpon|Horn Leech|p2a: Raging Bolt
|-resisted|p2a: Raging Bolt
|-damage|p2a: Raging Bolt|79/100
|-heal|p1a: Ogerpon|77/100|[from] drain|[of] p2a: Raging Bolt
|
|upkeep
|turn|10
|
|t:|1743782982
|move|p1a: Ogerpon|Taunt|p2a: Raging Bolt
|-start|p2a: Raging Bolt|move: Taunt
|move|p2a: Raging Bolt|Volt Switch|p1a: Ogerpon
|-damage|p1a: Ogerpon|27/100
|
|t:|1743782993
|-end|p2a: Raging Bolt|Protosynthesis|[silent]
|switch|p2a: Ogerpon|Ogerpon-Wellspring, F|100/100|[from] Volt Switch
|
|upkeep
|turn|11
|
|t:|1743783001
|move|p1a: Ogerpon|U-turn|p2a: Ogerpon
|-supereffective|p2a: Ogerpon
|-damage|p2a: Ogerpon|23/100
|
|t:|1743783009
|switch|p1a: Great Tusk|Great Tusk|18/100|[from] U-turn
|move|p2a: Ogerpon|Knock Off|p1a: Great Tusk
|-resisted|p1a: Great Tusk
|-damage|p1a: Great Tusk|9/100
|-enditem|p1a: Great Tusk|Leftovers|[from] move: Knock Off|[of] p2a: Ogerpon
|
|upkeep
|turn|12
|
|t:|1743783021
|move|p2a: Ogerpon|Horn Leech|p1a: Great Tusk
|-supereffective|p1a: Great Tusk
|-damage|p1a: Great Tusk|0 fnt
|-heal|p2a: Ogerpon|29/100|[from] drain|[of] p1a: Great Tusk
|faint|p1a: Great Tusk
|-end|p1a: Great Tusk|Protosynthesis|[silent]
|
|upkeep
|
|t:|1743783024
|switch|p1a: Dragapult|Dragapult, M|100/100
|turn|13
|
|t:|1743783029
|switch|p2a: Ting-Lu|Ting-Lu, tera:Poison|66/100
|-ability|p2a: Ting-Lu|Vessel of Ruin
|move|p1a: Dragapult|Dragon Darts|p2a: Ting-Lu
|-damage|p2a: Ting-Lu|55/100
|-anim|p1a: Dragapult|Dragon Darts|p2a: Ting-Lu
|-damage|p2a: Ting-Lu|42/100
|
|upkeep
|turn|14
|
|t:|1743783050
|switch|p1a: Garchomp|Garchomp, M|100/100
|move|p2a: Ting-Lu|Spikes|p1a: Garchomp
|-sidestart|p1: Buy my book azul|Spikes
|
|upkeep
|turn|15
|inactive|EndlessDark9 has 120 seconds left.
|
|t:|1743783073
|move|p1a: Garchomp|Swords Dance|p1a: Garchomp
|-boost|p1a: Garchomp|atk|2
|move|p2a: Ting-Lu|Spikes|p1a: Garchomp
|-sidestart|p1: Buy my book azul|Spikes
|
|upkeep
|turn|16
|
|t:|1743783082
|move|p1a: Garchomp|Scale Shot|p2a: Ting-Lu
|-damage|p2a: Ting-Lu|29/100
|-damage|p2a: Ting-Lu|14/100
|-damage|p2a: Ting-Lu|0 fnt
|faint|p2a: Ting-Lu
|-hitcount|p2: Ting-Lu|3
|-unboost|p1a: Garchomp|def|1
|-boost|p1a: Garchomp|spe|1
|
|upkeep
|inactive|EndlessDark9 has 120 seconds left.
|inactive|EndlessDark9 has 90 seconds left.
|inactive|EndlessDark9 has 60 seconds left.
|
|t:|1743783152
|switch|p2a: Kingambit|Kingambit, M|100/100
|-activate|p2a: Kingambit|ability: Supreme Overlord
|-start|p2a: Kingambit|fallen1|[silent]
|turn|17
|inactive|EndlessDark9 has 60 seconds left.
|
|t:|1743783178
|move|p2a: Kingambit|Sucker Punch|p1a: Garchomp
|-damage|p1a: Garchomp|31/100
|-damage|p2a: Kingambit|88/100|[from] ability: Rough Skin|[of] p1a: Garchomp
|move|p1a: Garchomp|Earthquake|p2a: Kingambit
|-supereffective|p2a: Kingambit
|-damage|p2a: Kingambit|0 fnt
|faint|p2a: Kingambit
|-end|p2a: Kingambit|fallen1|[silent]
|
|upkeep
|-message|EndlessDark9 forfeited.
|
|win|Buy my book azul
|raw|Buy my book azul's rating: 1467 &rarr; <strong>1488</strong><br />(+21 for winning)
|raw|EndlessDark9's rating: 1491 &rarr; <strong>1470</strong><br />(-21 for losing)
|l|☆EndlessDark9
|player|p2|
