|j|☆AscentPhoenix
|j|☆uraverager0bloxian
|t:|1743799997
|gametype|singles
|player|p1|AscentPhoenix|gambler|1175
|player|p2|uraverager0bloxian|hilbert-wonderlauncher|1133
|teamsize|p1|6
|teamsize|p2|6
|gen|9
|tier|[Gen 9] OU
|rated|
|rule|HP Percentage Mod: HP is shown in percentages
|rule|Endless Battle Clause: Forcing endless battles is banned
|rule|Species Clause: Limit one of each Pokémon
|rule|OHKO Clause: OHKO moves are banned
|rule|Evasion Items Clause: Evasion items are banned
|rule|Evasion Moves Clause: Evasion moves are banned
|rule|Sleep Moves Clause: Sleep-inducing moves are banned
|clearpoke
|poke|p1|Sceptile, F|
|poke|p1|Rillaboom, F|
|poke|p1|Garganacl, M|
|poke|p1|Hatterene, F|
|poke|p1|Veluza, F|
|poke|p1|Iron Moth|
|poke|p2|Tinkaton, F|
|poke|p2|Great Tusk|
|poke|p2|Rillaboom, M|
|poke|p2|Rotom-Wash|
|poke|p2|Tyranitar, F|
|poke|p2|Pecharunt|
|teampreview
|inactive|Battle timer is ON: inactive players will automatically lose when time's up. (requested by uraverager0bloxian)
|
|t:|1743800023
|start
|switch|p1a: Iron Moth|Iron Moth|100/100
|switch|p2a: Tinkaton|Tinkaton, F|100/100
|-ability|p2a: Tinkaton|Mold Breaker
|-item|p2a: Tinkaton|Air Balloon
|turn|1
|
|t:|1743800040
|switch|p2a: Tyranitar|Tyranitar, F|100/100
|-weather|Sandstorm|[from] ability: Sand Stream|[of] p2a: Tyranitar
|move|p1a: Iron Moth|Fiery Dance|p2a: Tyranitar
|-resisted|p2a: Tyranitar
|-damage|p2a: Tyranitar|84/100
|
|-weather|Sandstorm|[upkeep]
|-damage|p1a: Iron Moth|95/100|[from] Sandstorm
|upkeep
|turn|2
|
|t:|1743800050
|-end|p1a: Iron Moth|Quark Drive|[silent]
|switch|p1a: Rillaboom|Rillaboom, F|100/100
|-fieldstart|move: Grassy Terrain|[from] ability: Grassy Surge|[of] p1a: Rillaboom
|move|p2a: Tyranitar|Dragon Dance|p2a: Tyranitar
|-boost|p2a: Tyranitar|atk|1
|-boost|p2a: Tyranitar|spe|1
|
|-weather|Sandstorm|[upkeep]
|-damage|p1a: Rillaboom|94/100|[from] Sandstorm
|-heal|p2a: Tyranitar|90/100|[from] Grassy Terrain
|-heal|p1a: Rillaboom|100/100|[from] Grassy Terrain
|upkeep
|turn|3
|
|t:|1743800062
|move|p2a: Tyranitar|Knock Off|p1a: Rillaboom
|-damage|p1a: Rillaboom|0 fnt
|-enditem|p1a: Rillaboom|Terrain Extender|[from] move: Knock Off|[of] p2a: Tyranitar
|faint|p1a: Rillaboom
|-damage|p2a: Tyranitar|80/100|[from] item: Life Orb
|
|-weather|Sandstorm|[upkeep]
|-heal|p2a: Tyranitar|86/100|[from] Grassy Terrain
|upkeep
|
|t:|1743800071
|switch|p1a: Garganacl|Garganacl, M|100/100
|turn|4
|
|t:|1743800079
|move|p2a: Tyranitar|Knock Off|p1a: Garganacl
|-damage|p1a: Garganacl|48/100
|-damage|p2a: Tyranitar|70/100|[from] item: Rocky Helmet|[of] p1a: Garganacl
|-enditem|p1a: Garganacl|Rocky Helmet|[from] move: Knock Off|[of] p2a: Tyranitar
|-damage|p2a: Tyranitar|60/100|[from] item: Life Orb
|move|p1a: Garganacl|Stealth Rock|p2a: Tyranitar
|-sidestart|p2: uraverager0bloxian|move: Stealth Rock
|
|-weather|Sandstorm|[upkeep]
|-heal|p2a: Tyranitar|66/100|[from] Grassy Terrain
|-heal|p1a: Garganacl|54/100|[from] Grassy Terrain
|upkeep
|turn|5
|
|t:|1743800091
|move|p2a: Tyranitar|Dragon Dance|p2a: Tyranitar
|-boost|p2a: Tyranitar|atk|1
|-boost|p2a: Tyranitar|spe|1
|move|p1a: Garganacl|Body Press|p2a: Tyranitar
|-supereffective|p2a: Tyranitar
|-damage|p2a: Tyranitar|0 fnt
|faint|p2a: Tyranitar
|
|-weather|none
|-heal|p1a: Garganacl|60/100|[from] Grassy Terrain
|upkeep
|
|t:|1743800107
|switch|p2a: Tinkaton|Tinkaton, F|100/100
|-damage|p2a: Tinkaton|94/100|[from] Stealth Rock
|-ability|p2a: Tinkaton|Mold Breaker
|-item|p2a: Tinkaton|Air Balloon
|turn|6
|
|t:|1743800115
|move|p2a: Tinkaton|Thunder Wave|p1a: Garganacl
|-status|p1a: Garganacl|par
|move|p1a: Garganacl|Salt Cure|p2a: Tinkaton
|-resisted|p2a: Tinkaton
|-damage|p2a: Tinkaton|86/100
|-start|p2a: Tinkaton|Salt Cure
|-enditem|p2a: Tinkaton|Air Balloon
|
|-heal|p2a: Tinkaton|92/100|[from] Grassy Terrain
|-heal|p1a: Garganacl|67/100 par|[from] Grassy Terrain
|-damage|p2a: Tinkaton|67/100|[from] Salt Cure
|upkeep
|turn|7
|
|t:|1743800128
|switch|p1a: Veluza|Veluza, F|100/100
|-ability|p1a: Veluza|Mold Breaker
|move|p2a: Tinkaton|Gigaton Hammer|p1a: Veluza
|-resisted|p1a: Veluza
|-damage|p1a: Veluza|69/100
|
|-heal|p2a: Tinkaton|73/100|[from] Grassy Terrain
|-heal|p1a: Veluza|75/100|[from] Grassy Terrain
|-damage|p2a: Tinkaton|49/100|[from] Salt Cure
|upkeep
|turn|8
|c|☆uraverager0bloxian|gtg
|l|☆uraverager0bloxian
|inactive|uraverager0bloxian disconnected and has a minute to reconnect!
|player|p2|
|inactive|uraverager0bloxian has 30 seconds to reconnect!
|inactive|uraverager0bloxian has 20 seconds to reconnect!
|inactive|uraverager0bloxian has 15 seconds to reconnect!
|inactive|uraverager0bloxian has 10 seconds to reconnect!
|inactive|uraverager0bloxian has 5 seconds to reconnect!
|-message|uraverager0bloxian lost due to inactivity.
|
|win|AscentPhoenix
|raw|AscentPhoenix's rating: 1175 &rarr; <strong>1197</strong><br />(+22 for winning)
|raw|uraverager0bloxian's rating: 1133 &rarr; <strong>1111</strong><br />(-22 for losing)
|l|☆AscentPhoenix
|player|p1|
