|j|☆ionlysmokezaza
|j|☆Cyclepaf
|t:|1743841342
|gametype|singles
|player|p1|ionlysmokezaza|ltsurge|1142
|player|p2|Cyclepaf|cynthia-gen4|1107
|teamsize|p1|6
|teamsize|p2|6
|gen|9
|tier|[Gen 9] OU
|rated|
|rule|HP Percentage Mod: HP is shown in percentages
|rule|Endless Battle Clause: Forcing endless battles is banned
|rule|Species Clause: Limit one of each Pokémon
|rule|OHKO Clause: OHKO moves are banned
|rule|Evasion Items Clause: Evasion items are banned
|rule|Evasion Moves Clause: Evasion moves are banned
|rule|Sleep Moves Clause: Sleep-inducing moves are banned
|clearpoke
|poke|p1|Keldeo|
|poke|p1|Dragonite, F|
|poke|p1|Corviknight, F|
|poke|p1|Great Tusk|
|poke|p1|Tinkaton, F|
|poke|p1|Sinistcha|
|poke|p2|Pecharunt|
|poke|p2|Meloetta|
|poke|p2|Hoopa-Unbound|
|poke|p2|Manaphy|
|poke|p2|Great Tusk|
|poke|p2|Ceruledge, F|
|teampreview
|l|☆ionlysmokezaza
|player|p1|
|j|☆ionlysmokezaza
|player|p1|ionlysmokezaza|ltsurge|
|inactive|Battle timer is ON: inactive players will automatically lose when time's up. (requested by Cyclepaf)
|
|t:|1743841373
|start
|switch|p1a: x-wing|Corviknight, F|100/100
|switch|p2a: Ceruledge|Ceruledge, F|100/100
|-ability|p1a: x-wing|Pressure
|turn|1
|inactive|ionlysmokezaza has 120 seconds left.
|
|t:|1743841416
|switch|p1a: dih nite 🤤|Dragonite, F|100/100
|move|p2a: Ceruledge|Poltergeist|p1a: dih nite 🤤
|-activate|p1a: dih nite 🤤|move: Poltergeist|Heavy-Duty Boots
|-damage|p1a: dih nite 🤤|67/100
|
|upkeep
|turn|2
|
|t:|1743841426
|move|p2a: Ceruledge|Poltergeist|p1a: dih nite 🤤
|-activate|p1a: dih nite 🤤|move: Poltergeist|Heavy-Duty Boots
|-crit|p1a: dih nite 🤤
|-damage|p1a: dih nite 🤤|0 fnt
|faint|p1a: dih nite 🤤
|
|upkeep
|
|t:|1743841429
|switch|p1a: rainbow cash|Keldeo|100/100
|turn|3
|
|t:|1743841434
|switch|p2a: Hoopa|Hoopa-Unbound|100/100
|move|p1a: rainbow cash|Flip Turn|p2a: Hoopa
|-damage|p2a: Hoopa|75/100
|
|t:|1743841437
|switch|p1a: x-wing|Corviknight, F|100/100|[from] Flip Turn
|-ability|p1a: x-wing|Pressure
|
|upkeep
|turn|4
|
|t:|1743841440
|move|p2a: Hoopa|Thunderbolt|p1a: x-wing
|-supereffective|p1a: x-wing
|-damage|p1a: x-wing|34/100
|move|p1a: x-wing|U-turn|p2a: Hoopa
|-supereffective|p2a: Hoopa
|-damage|p2a: Hoopa|0 fnt
|faint|p2a: Hoopa
|
|t:|1743841445
|switch|p1a: need hammy|Tinkaton, F|100/100|[from] U-turn
|-ability|p1a: need hammy|Mold Breaker
|-item|p1a: need hammy|Air Balloon
|
|upkeep
|
|t:|1743841458
|switch|p2a: Ceruledge|Ceruledge, F|100/100
|turn|5
|
|t:|1743841476
|move|p1a: need hammy|Thunder Wave|p2a: Ceruledge|[miss]
|-miss|p1a: need hammy|p2a: Ceruledge
|move|p2a: Ceruledge|Bitter Blade|p1a: need hammy
|-supereffective|p1a: need hammy
|-damage|p1a: need hammy|0 fnt
|-enditem|p1a: need hammy|Air Balloon
|faint|p1a: need hammy
|
|upkeep
|
|t:|1743841481
|switch|p1a: G herbo|Great Tusk|100/100
|turn|6
|
|t:|1743841486
|move|p1a: G herbo|Knock Off|p2a: Ceruledge
|-supereffective|p2a: Ceruledge
|-damage|p2a: Ceruledge|6/100
|-ability|p2a: Ceruledge|Weak Armor|boost
|-unboost|p2a: Ceruledge|def|1
|-boost|p2a: Ceruledge|spe|2
|-enditem|p2a: Ceruledge|Focus Sash|[from] move: Knock Off|[of] p1a: G herbo
|move|p2a: Ceruledge|Bitter Blade|p1a: G herbo
|-damage|p1a: G herbo|65/100
|-heal|p2a: Ceruledge|31/100|[from] drain|[of] p1a: G herbo
|
|upkeep
|turn|7
|
|t:|1743841492
|move|p2a: Ceruledge|Destiny Bond|p2a: Ceruledge
|-singlemove|p2a: Ceruledge|Destiny Bond
|move|p1a: G herbo|Knock Off|p2a: Ceruledge
|-supereffective|p2a: Ceruledge
|-damage|p2a: Ceruledge|0 fnt
|faint|p2a: Ceruledge
|-activate|p2a: Ceruledge|move: Destiny Bond
|faint|p1a: G herbo
|-end|p1a: G herbo|Protosynthesis|[silent]
|
|upkeep
|
|t:|1743841499
|switch|p1a: rainbow cash|Keldeo|100/100
|switch|p2a: Meloetta|Meloetta|100/100
|turn|8
|
|t:|1743841518
|switch|p1a: x-wing|Corviknight, F|34/100
|-ability|p1a: x-wing|Pressure
|move|p2a: Meloetta|Psychic|p1a: x-wing
|-resisted|p1a: x-wing
|-damage|p1a: x-wing|15/100
|
|upkeep
|turn|9
|
|t:|1743841527
|move|p2a: Meloetta|Psychic|p1a: x-wing
|-resisted|p1a: x-wing
|-damage|p1a: x-wing|0 fnt
|faint|p1a: x-wing
|
|upkeep
|
|t:|1743841530
|switch|p1a: matcha drilla|Sinistcha|100/100
|turn|10
|
|t:|1743841534
|move|p2a: Meloetta|Thunder|p1a: matcha drilla|[miss]
|-miss|p2a: Meloetta|p1a: matcha drilla
|move|p1a: matcha drilla|Calm Mind|p1a: matcha drilla
|-boost|p1a: matcha drilla|spa|1
|-boost|p1a: matcha drilla|spd|1
|
|upkeep
|turn|11
|
|t:|1743841537
|move|p2a: Meloetta|Thunder|p1a: matcha drilla
|-resisted|p1a: matcha drilla
|-damage|p1a: matcha drilla|85/100
|-status|p1a: matcha drilla|par
|cant|p1a: matcha drilla|par
|
|upkeep
|turn|12
|
|t:|1743841547
|switch|p2a: Great Tusk|Great Tusk|100/100
|-enditem|p2a: Great Tusk|Booster Energy
|-activate|p2a: Great Tusk|ability: Protosynthesis|[fromitem]
|-start|p2a: Great Tusk|protosynthesisdef
|move|p1a: matcha drilla|Giga Drain|p2a: Great Tusk
|-supereffective|p2a: Great Tusk
|-damage|p2a: Great Tusk|0 fnt
|-heal|p1a: matcha drilla|100/100 par|[from] drain|[of] p2a: Great Tusk
|faint|p2a: Great Tusk
|-end|p2a: Great Tusk|Protosynthesis|[silent]
|
|upkeep
|
|t:|1743841550
|switch|p2a: Pecharunt|Pecharunt|100/100
|turn|13
|
|t:|1743841558
|-terastallize|p1a: matcha drilla|Steel
|move|p2a: Pecharunt|Hex|p1a: matcha drilla
|-damage|p1a: matcha drilla|70/100 par
|move|p1a: matcha drilla|Calm Mind|p1a: matcha drilla
|-boost|p1a: matcha drilla|spa|1
|-boost|p1a: matcha drilla|spd|1
|
|upkeep
|turn|14
|
|t:|1743841566
|move|p2a: Pecharunt|Hex|p1a: matcha drilla
|-damage|p1a: matcha drilla|46/100 par
|move|p1a: matcha drilla|Shadow Ball|p2a: Pecharunt
|-supereffective|p2a: Pecharunt
|-damage|p2a: Pecharunt|0 fnt
|faint|p2a: Pecharunt
|
|upkeep
|
|t:|1743841572
|switch|p2a: Manaphy|Manaphy|100/100
|turn|15
|
|t:|1743841574
|-terastallize|p2a: Manaphy|Grass
|move|p2a: Manaphy|Stored Power|p1a: matcha drilla
|-resisted|p1a: matcha drilla
|-damage|p1a: matcha drilla|44/100 par
|cant|p1a: matcha drilla|par
|
|upkeep
|turn|16
|
|t:|1743841578
|move|p2a: Manaphy|Take Heart|p2a: Manaphy
|-boost|p2a: Manaphy|spa|1
|-boost|p2a: Manaphy|spd|1
|move|p1a: matcha drilla|Strength Sap|p2a: Manaphy
|-unboost|p2a: Manaphy|atk|1
|-heal|p1a: matcha drilla|98/100 par
|
|upkeep
|turn|17
|
|t:|1743841581
|move|p2a: Manaphy|Take Heart|p2a: Manaphy
|-boost|p2a: Manaphy|spa|1
|-boost|p2a: Manaphy|spd|1
|move|p1a: matcha drilla|Shadow Ball|p2a: Manaphy
|-damage|p2a: Manaphy|72/100
|-unboost|p2a: Manaphy|spd|1
|
|-heal|p2a: Manaphy|78/100|[from] item: Leftovers
|upkeep
|turn|18
|
|t:|1743841584
|switch|p1a: rainbow cash|Keldeo|100/100
|move|p2a: Manaphy|Take Heart|p2a: Manaphy
|-boost|p2a: Manaphy|spa|1
|-boost|p2a: Manaphy|spd|1
|
|-heal|p2a: Manaphy|85/100|[from] item: Leftovers
|upkeep
|turn|19
|
|t:|1743841586
|move|p1a: rainbow cash|Taunt|p2a: Manaphy
|-start|p2a: Manaphy|move: Taunt
|cant|p2a: Manaphy|move: Taunt|Take Heart
|
|-heal|p2a: Manaphy|91/100|[from] item: Leftovers
|upkeep
|turn|20
|
|t:|1743841593
|move|p1a: rainbow cash|Flip Turn|p2a: Manaphy
|-resisted|p2a: Manaphy
|-crit|p2a: Manaphy
|-damage|p2a: Manaphy|83/100
|
|t:|1743841594
|switch|p1a: matcha drilla|Sinistcha, tera:Steel|98/100 par|[from] Flip Turn
|move|p2a: Manaphy|Stored Power|p1a: matcha drilla
|-resisted|p1a: matcha drilla
|-damage|p1a: matcha drilla|55/100 par
|
|-heal|p2a: Manaphy|90/100|[from] item: Leftovers
|upkeep
|turn|21
|
|t:|1743841597
|move|p2a: Manaphy|Surf|p1a: matcha drilla
|-damage|p1a: matcha drilla|0 fnt
|faint|p1a: matcha drilla
|
|-heal|p2a: Manaphy|96/100|[from] item: Leftovers
|-end|p2a: Manaphy|move: Taunt
|upkeep
|
|t:|1743841599
|switch|p1a: rainbow cash|Keldeo|100/100
|turn|22
|
|t:|1743841602
|move|p1a: rainbow cash|Aura Sphere|p2a: Manaphy
|-damage|p2a: Manaphy|78/100
|move|p2a: Manaphy|Stored Power|p1a: rainbow cash
|-supereffective|p1a: rainbow cash
|-damage|p1a: rainbow cash|0 fnt
|faint|p1a: rainbow cash
|
|win|Cyclepaf
|raw|ionlysmokezaza's rating: 1142 &rarr; <strong>1114</strong><br />(-28 for losing)
|raw|Cyclepaf's rating: 1107 &rarr; <strong>1135</strong><br />(+28 for winning)
|l|☆ionlysmokezaza
|player|p1|
|c|☆Cyclepaf|gg
|l|☆Cyclepaf
|player|p2|
