|j|☆jn_r1z
|j|☆hcgut
|t:|1743826270
|gametype|singles
|player|p1|jn_r1z|burglar|1154
|player|p2|hcgut|266|1144
|teamsize|p1|6
|teamsize|p2|6
|gen|9
|tier|[Gen 9] OU
|rated|
|rule|HP Percentage Mod: HP is shown in percentages
|rule|Endless Battle Clause: Forcing endless battles is banned
|rule|Species Clause: Limit one of each Pokémon
|rule|OHKO Clause: OHKO moves are banned
|rule|Evasion Items Clause: Evasion items are banned
|rule|Evasion Moves Clause: Evasion moves are banned
|rule|Sleep Moves Clause: Sleep-inducing moves are banned
|clearpoke
|poke|p1|Kyurem|
|poke|p1|Corviknight, M|
|poke|p1|Clefable, F|
|poke|p1|Quaquaval, F|
|poke|p1|Gengar, M|
|poke|p1|Landorus-Therian, M|
|poke|p2|Gholdengo|
|poke|p2|Samurott-Hisui, M|
|poke|p2|Glimmora, F|
|poke|p2|Iron Valiant|
|poke|p2|Raging Bolt|
|poke|p2|Iron Boulder|
|teampreview
|c|☆hcgut|Glhf
|c|☆jn_r1z|u2
|
|t:|1743826290
|start
|switch|p1a: Quaquaval|Quaquaval, F|100/100
|switch|p2a: Glimmora|Glimmora, F|100/100
|turn|1
|
|t:|1743826309
|move|p1a: Quaquaval|Flip Turn|p2a: Glimmora
|-supereffective|p2a: Glimmora
|-damage|p2a: Glimmora|26/100
|-activate|p2a: Glimmora|ability: Toxic Debris
|-sidestart|p1: jn_r1z|move: Toxic Spikes
|
|t:|1743826315
|switch|p1a: Corviknight|Corviknight, M|100/100|[from] Flip Turn
|move|p2a: Glimmora|Mortal Spin|p1a: Corviknight
|-immune|p1a: Corviknight
|
|upkeep
|turn|2
|
|t:|1743826323
|switch|p2a: Gholdengo|Gholdengo|100/100
|-item|p2a: Gholdengo|Air Balloon
|move|p1a: Corviknight|U-turn|p2a: Gholdengo
|-resisted|p2a: Gholdengo
|-damage|p2a: Gholdengo|97/100
|-enditem|p2a: Gholdengo|Air Balloon
|
|t:|1743826330
|switch|p1a: Gengar|Gengar, M|100/100|[from] U-turn
|-sideend|p1: jn_r1z|move: Toxic Spikes|[of] p1a: Gengar
|
|upkeep
|turn|3
|
|t:|1743826346
|switch|p2a: Samurott|Samurott-Hisui, M|100/100
|move|p1a: Gengar|Substitute|p1a: Gengar
|-start|p1a: Gengar|Substitute
|-damage|p1a: Gengar|76/100
|
|-heal|p1a: Gengar|82/100|[from] item: Leftovers
|upkeep
|turn|4
|
|t:|1743826355
|move|p1a: Gengar|Sludge Bomb|p2a: Samurott
|-damage|p2a: Samurott|36/100
|move|p2a: Samurott|Ceaseless Edge|p1a: Gengar
|-supereffective|p1a: Gengar
|-end|p1a: Gengar|Substitute
|-sidestart|p1: jn_r1z|Spikes
|
|-heal|p1a: Gengar|88/100|[from] item: Leftovers
|upkeep
|turn|5
|
|t:|1743826368
|switch|p1a: Corviknight|Corviknight, M|100/100
|move|p2a: Samurott|Sucker Punch||[still]
|-fail|p2a: Samurott
|
|upkeep
|turn|6
|
|t:|1743826393
|switch|p2a: Gholdengo|Gholdengo|97/100
|move|p1a: Corviknight|U-turn|p2a: Gholdengo
|-resisted|p2a: Gholdengo
|-damage|p2a: Gholdengo|94/100
|
|t:|1743826406
|switch|p1a: Gengar|Gengar, M|88/100|[from] U-turn
|-damage|p1a: Gengar|76/100|[from] Spikes
|
|-heal|p1a: Gengar|82/100|[from] item: Leftovers
|upkeep
|turn|7
|
|t:|1743826414
|move|p1a: Gengar|Shadow Ball|p2a: Gholdengo
|-supereffective|p2a: Gholdengo
|-damage|p2a: Gholdengo|24/100
|move|p2a: Gholdengo|Shadow Ball|p1a: Gengar
|-supereffective|p1a: Gengar
|-damage|p1a: Gengar|0 fnt
|-start|p2a: Gholdengo|Disable|Shadow Ball|[from] ability: Cursed Body|[of] p1a: Gengar
|faint|p1a: Gengar
|
|upkeep
|
|t:|1743826434
|switch|p1a: Quaquaval|Quaquaval, F|100/100
|-damage|p1a: Quaquaval|88/100|[from] Spikes
|turn|8
|
|t:|1743826450
|switch|p2a: Glimmora|Glimmora, F|26/100
|move|p1a: Quaquaval|Flip Turn|p2a: Glimmora
|-supereffective|p2a: Glimmora
|-damage|p2a: Glimmora|0 fnt
|-activate|p2a: Glimmora|ability: Toxic Debris
|-sidestart|p1: jn_r1z|move: Toxic Spikes
|faint|p2a: Glimmora
|-ability|p1a: Quaquaval|Moxie|boost
|-boost|p1a: Quaquaval|atk|1
|
|t:|1743826461
|switch|p1a: Clefable|Clefable, F|100/100|[from] Flip Turn
|-status|p1a: Clefable|psn
|
|upkeep
|
|t:|1743826482
|switch|p2a: Gholdengo|Gholdengo|24/100
|turn|9
|
|t:|1743826496
|-terastallize|p1a: Clefable|Water
|move|p2a: Gholdengo|Make It Rain|p1a: Clefable
|-resisted|p1a: Clefable
|-damage|p1a: Clefable|74/100 psn
|-unboost|p2a: Gholdengo|spa|1
|move|p1a: Clefable|Cosmic Power|p1a: Clefable
|-boost|p1a: Clefable|def|1
|-boost|p1a: Clefable|spd|1
|
|-heal|p1a: Clefable|80/100 psn|[from] item: Leftovers
|upkeep
|turn|10
|
|t:|1743826516
|switch|p2a: Raging Bolt|Raging Bolt|100/100
|move|p1a: Clefable|Cosmic Power|p1a: Clefable
|-boost|p1a: Clefable|def|1
|-boost|p1a: Clefable|spd|1
|
|-heal|p1a: Clefable|86/100 psn|[from] item: Leftovers
|upkeep
|turn|11
|
|t:|1743826527
|move|p2a: Raging Bolt|Thunderbolt|p1a: Clefable
|-supereffective|p1a: Clefable
|-damage|p1a: Clefable|47/100 psn
|move|p1a: Clefable|Moonblast|p2a: Raging Bolt
|-supereffective|p2a: Raging Bolt
|-damage|p2a: Raging Bolt|51/100
|
|-heal|p1a: Clefable|54/100 psn|[from] item: Leftovers
|upkeep
|turn|12
|
|t:|1743826548
|move|p2a: Raging Bolt|Thunderbolt|p1a: Clefable
|-supereffective|p1a: Clefable
|-damage|p1a: Clefable|18/100 psn
|move|p1a: Clefable|Moonlight|p1a: Clefable
|-heal|p1a: Clefable|68/100 psn
|
|-heal|p1a: Clefable|74/100 psn|[from] item: Leftovers
|upkeep
|turn|13
|
|t:|1743826562
|move|p2a: Raging Bolt|Thunderbolt|p1a: Clefable
|-supereffective|p1a: Clefable
|-damage|p1a: Clefable|38/100 psn
|move|p1a: Clefable|Cosmic Power|p1a: Clefable
|-boost|p1a: Clefable|def|1
|-boost|p1a: Clefable|spd|1
|
|-heal|p1a: Clefable|44/100 psn|[from] item: Leftovers
|upkeep
|turn|14
|
|t:|1743826571
|move|p2a: Raging Bolt|Thunderbolt|p1a: Clefable
|-supereffective|p1a: Clefable
|-damage|p1a: Clefable|14/100 psn
|move|p1a: Clefable|Moonlight|p1a: Clefable
|-heal|p1a: Clefable|64/100 psn
|
|-heal|p1a: Clefable|70/100 psn|[from] item: Leftovers
|upkeep
|turn|15
|
|t:|1743826580
|move|p2a: Raging Bolt|Thunderbolt|p1a: Clefable
|-supereffective|p1a: Clefable
|-damage|p1a: Clefable|38/100 psn
|move|p1a: Clefable|Cosmic Power|p1a: Clefable
|-boost|p1a: Clefable|def|1
|-boost|p1a: Clefable|spd|1
|
|-heal|p1a: Clefable|44/100 psn|[from] item: Leftovers
|upkeep
|turn|16
|
|t:|1743826589
|move|p2a: Raging Bolt|Thunderbolt|p1a: Clefable
|-supereffective|p1a: Clefable
|-damage|p1a: Clefable|18/100 psn
|move|p1a: Clefable|Moonlight|p1a: Clefable
|-heal|p1a: Clefable|68/100 psn
|
|-heal|p1a: Clefable|74/100 psn|[from] item: Leftovers
|upkeep
|turn|17
|
|t:|1743826603
|move|p2a: Raging Bolt|Thunderbolt|p1a: Clefable
|-supereffective|p1a: Clefable
|-damage|p1a: Clefable|47/100 psn
|move|p1a: Clefable|Moonblast|p2a: Raging Bolt
|-supereffective|p2a: Raging Bolt
|-damage|p2a: Raging Bolt|0 fnt
|faint|p2a: Raging Bolt
|-end|p2a: Raging Bolt|Protosynthesis|[silent]
|
|-heal|p1a: Clefable|53/100 psn|[from] item: Leftovers
|upkeep
|
|t:|1743826613
|switch|p2a: Iron Valiant|Iron Valiant|100/100
|turn|18
|
|t:|1743826624
|move|p2a: Iron Valiant|Trick|p1a: Clefable
|-activate|p2a: Iron Valiant|move: Trick|[of] p1a: Clefable
|-item|p1a: Clefable|Choice Specs|[from] move: Trick
|-item|p2a: Iron Valiant|Leftovers|[from] move: Trick
|move|p1a: Clefable|Stored Power|p2a: Iron Valiant
|-supereffective|p2a: Iron Valiant
|-damage|p2a: Iron Valiant|0 fnt
|faint|p2a: Iron Valiant
|-end|p2a: Iron Valiant|Quark Drive|[silent]
|
|upkeep
|
|t:|1743826633
|switch|p2a: Samurott|Samurott-Hisui, M|36/100
|turn|19
|
|t:|1743826641
|switch|p1a: Landorus|Landorus-Therian, M|100/100
|-ability|p1a: Landorus|Intimidate|boost
|-unboost|p2a: Samurott|atk|1
|move|p2a: Samurott|Ceaseless Edge|p1a: Landorus
|-damage|p1a: Landorus|78/100
|-damage|p2a: Samurott|19/100|[from] item: Rocky Helmet|[of] p1a: Landorus
|-sidestart|p1: jn_r1z|Spikes
|
|upkeep
|turn|20
|
|t:|1743826661
|switch|p1a: Corviknight|Corviknight, M|100/100
|-terastallize|p2a: Samurott|Flying
|move|p2a: Samurott|Aqua Cutter|p1a: Corviknight
|-damage|p1a: Corviknight|81/100
|
|upkeep
|turn|21
|
|t:|1743826672
|move|p2a: Samurott|Knock Off|p1a: Corviknight
|-damage|p1a: Corviknight|63/100
|-enditem|p1a: Corviknight|Heavy-Duty Boots|[from] move: Knock Off|[of] p2a: Samurott
|move|p1a: Corviknight|Defog|p2a: Samurott
|-unboost|p2a: Samurott|evasion|1
|-sideend|p1: jn_r1z|Spikes|[from] move: Defog|[of] p1a: Corviknight
|-sideend|p1: jn_r1z|Toxic Spikes|[from] move: Defog|[of] p1a: Corviknight
|
|upkeep
|turn|22
|c|☆hcgut|NOOOOOOO!!!!!
|
|t:|1743826692
|move|p2a: Samurott|Ceaseless Edge|p1a: Corviknight
|-damage|p1a: Corviknight|47/100
|-sidestart|p1: jn_r1z|Spikes
|move|p1a: Corviknight|Brave Bird|p2a: Samurott
|-damage|p2a: Samurott|0 fnt
|faint|p2a: Samurott
|-damage|p1a: Corviknight|42/100|[from] Recoil
|
|upkeep
|
|t:|1743826704
|switch|p2a: Iron Boulder|Iron Boulder|100/100
|-enditem|p2a: Iron Boulder|Booster Energy
|-activate|p2a: Iron Boulder|ability: Quark Drive|[fromitem]
|-start|p2a: Iron Boulder|quarkdrivespe
|turn|23
|
|t:|1743826709
|move|p2a: Iron Boulder|Swords Dance|p2a: Iron Boulder
|-boost|p2a: Iron Boulder|atk|2
|move|p1a: Corviknight|U-turn|p2a: Iron Boulder
|-supereffective|p2a: Iron Boulder
|-damage|p2a: Iron Boulder|60/100
|
|t:|1743826717
|switch|p1a: Landorus|Landorus-Therian, M|78/100|[from] U-turn
|-ability|p1a: Landorus|Intimidate|boost
|-unboost|p2a: Iron Boulder|atk|1
|
|upkeep
|turn|24
|
|t:|1743826725
|move|p2a: Iron Boulder|Mighty Cleave|p1a: Landorus
|-damage|p1a: Landorus|24/100
|-damage|p2a: Iron Boulder|43/100|[from] item: Rocky Helmet|[of] p1a: Landorus
|move|p1a: Landorus|Earthquake|p2a: Iron Boulder
|-supereffective|p2a: Iron Boulder
|-damage|p2a: Iron Boulder|0 fnt
|faint|p2a: Iron Boulder
|-end|p2a: Iron Boulder|Quark Drive|[silent]
|
|upkeep
|
|t:|1743826735
|switch|p2a: Gholdengo|Gholdengo|24/100
|turn|25
|
|t:|1743826740
|move|p1a: Landorus|Earthquake|p2a: Gholdengo
|-supereffective|p2a: Gholdengo
|-damage|p2a: Gholdengo|0 fnt
|faint|p2a: Gholdengo
|
|win|jn_r1z
|raw|jn_r1z's rating: 1154 &rarr; <strong>1178</strong><br />(+24 for winning)
|raw|hcgut's rating: 1144 &rarr; <strong>1120</strong><br />(-24 for losing)
|c|☆hcgut|Gg
|c|☆jn_r1z|ggwp
|l|☆jn_r1z
|player|p1|
|l|☆hcgut
|player|p2|
