|j|☆sunluochen孙洛尘
|j|‽itsumade mars
|t:|1743938621
|gametype|singles
|player|p1|sunluochen孙洛尘|lucas|1182
|player|p2|itsumade mars|drayden|1284
|teamsize|p1|6
|teamsize|p2|6
|gen|9
|tier|[Gen 9] OU
|rated|
|rule|HP Percentage Mod: HP is shown in percentages
|rule|Endless Battle Clause: Forcing endless battles is banned
|rule|Species Clause: Limit one of each Pokémon
|rule|OHKO Clause: OHKO moves are banned
|rule|Evasion Items Clause: Evasion items are banned
|rule|Evasion Moves Clause: Evasion moves are banned
|rule|Sleep Moves Clause: Sleep-inducing moves are banned
|clearpoke
|poke|p1|Meowscarada, F|
|poke|p1|Landorus-Therian, M|
|poke|p1|Gholdengo|
|poke|p1|Glimmora, F|
|poke|p1|Garganacl, M|
|poke|p1|Dondozo, M|
|poke|p2|Slowking-Galar, F|
|poke|p2|Skeledirge, F|
|poke|p2|Froslass, F|
|poke|p2|Araquanid, F|
|poke|p2|Landorus-Therian, M|
|poke|p2|Great Tusk|
|teampreview
|inactive|Battle timer is ON: inactive players will automatically lose when time's up. (requested by itsumade mars)
|inactive|itsumade mars has 120 seconds left.
|inactive|itsumade mars has 90 seconds left.
|
|t:|1743938712
|start
|switch|p1a: Glimmora|Glimmora, F, shiny|100/100
|switch|p2a: Araquanid|Araquanid, F|100/100
|turn|1
|
|t:|1743938719
|move|p1a: Glimmora|Power Gem|p2a: Araquanid
|-supereffective|p2a: Araquanid
|-damage|p2a: Araquanid|18/100
|move|p2a: Araquanid|Liquidation|p1a: Glimmora
|-supereffective|p1a: Glimmora
|-enditem|p1a: Glimmora|Focus Sash
|-damage|p1a: Glimmora|1/100
|-activate|p1a: Glimmora|ability: Toxic Debris
|-sidestart|p2: itsumade mars|move: Toxic Spikes
|
|upkeep
|turn|2
|
|t:|1743938728
|switch|p2a: Slowking|Slowking-Galar, F|100/100
|-sideend|p2: itsumade mars|move: Toxic Spikes|[of] p2a: Slowking
|move|p1a: Glimmora|Power Gem|p2a: Slowking
|-damage|p2a: Slowking|69/100
|
|upkeep
|turn|3
|
|t:|1743938746
|switch|p1a: Landorus|Landorus-Therian, M, shiny|100/100
|-ability|p1a: Landorus|Intimidate|boost
|-unboost|p2a: Slowking|atk|1
|-prepare|p2a: Slowking|Chilly Reception|[premajor]
|move|p2a: Slowking|Chilly Reception|p2a: Slowking
|-weather|Snowscape
|
|t:|1743938765
|switch|p2a: Froslass|Froslass, F|100/100|[from] Chilly Reception
|
|-weather|Snowscape|[upkeep]
|upkeep
|turn|4
|
|t:|1743938784
|switch|p1a: Gholdengo|Gholdengo, shiny|100/100
|move|p2a: Froslass|Aurora Veil|p2a: Froslass
|-sidestart|p2: itsumade mars|move: Aurora Veil
|
|-weather|Snowscape|[upkeep]
|upkeep
|turn|5
|
|t:|1743938795
|switch|p2a: Landorus|Landorus-Therian, M|100/100
|-ability|p2a: Landorus|Intimidate|boost
|-unboost|p1a: Gholdengo|atk|1
|move|p1a: Gholdengo|Shadow Ball|p2a: Landorus
|-crit|p2a: Landorus
|-damage|p2a: Landorus|30/100
|
|-weather|Snowscape|[upkeep]
|upkeep
|turn|6
|
|t:|1743938803
|move|p1a: Gholdengo|Shadow Ball|p2a: Landorus
|-damage|p2a: Landorus|2/100
|move|p2a: Landorus|Stealth Rock|p1a: Gholdengo
|-sidestart|p1: sunluochen孙洛尘|move: Stealth Rock
|
|-weather|Snowscape|[upkeep]
|upkeep
|turn|7
|
|t:|1743938815
|switch|p2a: Great Tusk|Great Tusk|100/100
|move|p1a: Gholdengo|Shadow Ball|p2a: Great Tusk
|-damage|p2a: Great Tusk|75/100
|
|-weather|Snowscape|[upkeep]
|upkeep
|turn|8
|
|t:|1743938825
|switch|p1a: Dondozo|Dondozo, M, shiny|100/100
|-damage|p1a: Dondozo|88/100|[from] Stealth Rock
|move|p2a: Great Tusk|Knock Off|p1a: Dondozo
|-damage|p1a: Dondozo|71/100
|-enditem|p1a: Dondozo|Assault Vest|[from] move: Knock Off|[of] p2a: Great Tusk
|
|-weather|Snowscape|[upkeep]
|upkeep
|turn|9
|
|t:|1743938844
|-end|p2a: Great Tusk|Protosynthesis|[silent]
|switch|p2a: Slowking|Slowking-Galar, F|100/100
|move|p1a: Dondozo|Avalanche|p2a: Slowking
|-damage|p2a: Slowking|94/100
|
|-weather|Snowscape|[upkeep]
|upkeep
|turn|10
|
|t:|1743938859
|move|p1a: Dondozo|Earthquake|p2a: Slowking
|-supereffective|p2a: Slowking
|-damage|p2a: Slowking|73/100
|move|p2a: Slowking|Toxic Spikes|p1a: Dondozo
|-sidestart|p1: sunluochen孙洛尘|move: Toxic Spikes
|
|-weather|none
|upkeep
|turn|11
|
|t:|1743938869
|move|p1a: Dondozo|Earthquake|p2a: Slowking
|-supereffective|p2a: Slowking
|-damage|p2a: Slowking|53/100
|-prepare|p2a: Slowking|Chilly Reception|[premajor]
|move|p2a: Slowking|Chilly Reception|p2a: Slowking
|-weather|Snowscape
|
|t:|1743938875
|switch|p2a: Froslass|Froslass, F|100/100|[from] Chilly Reception
|
|-weather|Snowscape|[upkeep]
|-sideend|p2: itsumade mars|move: Aurora Veil
|upkeep
|turn|12
|
|t:|1743938881
|move|p2a: Froslass|Aurora Veil|p2a: Froslass
|-sidestart|p2: itsumade mars|move: Aurora Veil
|move|p1a: Dondozo|Earthquake|p2a: Froslass
|-damage|p2a: Froslass|91/100
|-start|p1a: Dondozo|Disable|Earthquake|[from] ability: Cursed Body|[of] p2a: Froslass
|
|-weather|Snowscape|[upkeep]
|upkeep
|turn|13
|
|t:|1743938901
|switch|p2a: Skeledirge|Skeledirge, F|100/100
|move|p1a: Dondozo|Wave Crash|p2a: Skeledirge
|-supereffective|p2a: Skeledirge
|-damage|p2a: Skeledirge|65/100
|-damage|p1a: Dondozo|62/100|[from] Recoil
|
|-weather|Snowscape|[upkeep]
|upkeep
|turn|14
|
|t:|1743938910
|move|p2a: Skeledirge|Will-O-Wisp|p1a: Dondozo
|-status|p1a: Dondozo|brn
|move|p1a: Dondozo|Wave Crash|p2a: Skeledirge
|-supereffective|p2a: Skeledirge
|-damage|p2a: Skeledirge|48/100
|-damage|p1a: Dondozo|58/100 brn|[from] Recoil
|
|-weather|Snowscape|[upkeep]
|-damage|p1a: Dondozo|52/100 brn|[from] brn
|upkeep
|turn|15
|
|t:|1743938919
|move|p2a: Skeledirge|Torch Song|p1a: Dondozo
|-resisted|p1a: Dondozo
|-damage|p1a: Dondozo|40/100 brn
|-boost|p2a: Skeledirge|spa|1
|move|p1a: Dondozo|Avalanche|p2a: Skeledirge
|-resisted|p2a: Skeledirge
|-damage|p2a: Skeledirge|45/100
|
|-weather|Snowscape|[upkeep]
|-damage|p1a: Dondozo|34/100 brn|[from] brn
|-end|p1a: Dondozo|Disable
|upkeep
|turn|16
|
|t:|1743938926
|move|p2a: Skeledirge|Slack Off|p2a: Skeledirge
|-heal|p2a: Skeledirge|95/100
|move|p1a: Dondozo|Wave Crash|p2a: Skeledirge
|-supereffective|p2a: Skeledirge
|-damage|p2a: Skeledirge|79/100
|-damage|p1a: Dondozo|30/100 brn|[from] Recoil
|
|-weather|Snowscape|[upkeep]
|-damage|p1a: Dondozo|24/100 brn|[from] brn
|upkeep
|turn|17
|
|t:|1743938936
|move|p1a: Dondozo|Wave Crash|p2a: Skeledirge
|-supereffective|p2a: Skeledirge
|-damage|p2a: Skeledirge|62/100
|-damage|p1a: Dondozo|21/100 brn|[from] Recoil
|move|p2a: Skeledirge|Roar|p1a: Dondozo
|drag|p1a: Glimmora|Glimmora, F, shiny|1/100
|-damage|p1a: Glimmora|0 fnt|[from] Stealth Rock
|faint|p1a: Glimmora
|
|-weather|Snowscape|[upkeep]
|upkeep
|
|t:|1743938963
|switch|p1a: Dondozo|Dondozo, M, shiny|21/100 brn
|-damage|p1a: Dondozo|8/100 brn|[from] Stealth Rock
|turn|18
|
|t:|1743938968
|move|p2a: Skeledirge|Torch Song|p1a: Dondozo
|-resisted|p1a: Dondozo
|-damage|p1a: Dondozo|0 fnt
|-boost|p2a: Skeledirge|spa|1
|faint|p1a: Dondozo
|
|-weather|none
|upkeep
|
|t:|1743938973
|switch|p1a: Gholdengo|Gholdengo, shiny|100/100
|-damage|p1a: Gholdengo|94/100|[from] Stealth Rock
|turn|19
|
|t:|1743938978
|move|p1a: Gholdengo|Shadow Ball|p2a: Skeledirge
|-supereffective|p2a: Skeledirge
|-damage|p2a: Skeledirge|23/100
|move|p2a: Skeledirge|Torch Song|p1a: Gholdengo
|-supereffective|p1a: Gholdengo
|-damage|p1a: Gholdengo|0 fnt
|-boost|p2a: Skeledirge|spa|1
|faint|p1a: Gholdengo
|
|-sideend|p2: itsumade mars|move: Aurora Veil
|upkeep
|
|t:|1743938991
|switch|p1a: Meowscarada|Meowscarada, F, shiny|100/100
|-damage|p1a: Meowscarada|88/100|[from] Stealth Rock
|-status|p1a: Meowscarada|psn
|turn|20
|
|t:|1743938999
|-terastallize|p2a: Skeledirge|Fairy
|move|p1a: Meowscarada|Knock Off|p2a: Skeledirge
|-start|p1a: Meowscarada|typechange|Dark|[from] ability: Protean
|-resisted|p2a: Skeledirge
|-damage|p2a: Skeledirge|0 fnt
|-enditem|p2a: Skeledirge|Colbur Berry|[from] move: Knock Off|[of] p1a: Meowscarada
|faint|p2a: Skeledirge
|
|-damage|p1a: Meowscarada|76/100 psn|[from] psn
|upkeep
|
|t:|1743939014
|switch|p2a: Great Tusk|Great Tusk|75/100
|turn|21
|
|t:|1743939025
|switch|p1a: Landorus|Landorus-Therian, M, shiny|100/100
|-damage|p1a: Landorus|88/100|[from] Stealth Rock
|-ability|p1a: Landorus|Intimidate|boost
|-unboost|p2a: Great Tusk|atk|1
|move|p2a: Great Tusk|Knock Off|p1a: Landorus
|-damage|p1a: Landorus|66/100
|-damage|p2a: Great Tusk|58/100|[from] item: Rocky Helmet|[of] p1a: Landorus
|-enditem|p1a: Landorus|Rocky Helmet|[from] move: Knock Off|[of] p2a: Great Tusk
|
|upkeep
|turn|22
|
|t:|1743939039
|-end|p2a: Great Tusk|Protosynthesis|[silent]
|switch|p2a: Froslass|Froslass, F|91/100
|move|p1a: Landorus|Stealth Rock|p2a: Froslass
|-sidestart|p2: itsumade mars|move: Stealth Rock
|
|upkeep
|turn|23
|
|t:|1743939049
|move|p2a: Froslass|Will-O-Wisp|p1a: Landorus
|-status|p1a: Landorus|brn
|move|p1a: Landorus|Earthquake|p2a: Froslass
|-damage|p2a: Froslass|54/100
|
|-damage|p1a: Landorus|60/100 brn|[from] brn
|upkeep
|turn|24
|
|t:|1743939056
|switch|p2a: Great Tusk|Great Tusk|58/100
|-damage|p2a: Great Tusk|55/100|[from] Stealth Rock
|move|p1a: Landorus|Taunt|p2a: Great Tusk
|-start|p2a: Great Tusk|move: Taunt
|
|-damage|p1a: Landorus|54/100 brn|[from] brn
|upkeep
|turn|25
|
|t:|1743939068
|move|p1a: Landorus|Stealth Rock||[still]
|-fail|p1a: Landorus
|move|p2a: Great Tusk|Rapid Spin|p1a: Landorus
|-damage|p1a: Landorus|37/100 brn
|-boost|p2a: Great Tusk|spe|1
|-sideend|p2: itsumade mars|Stealth Rock|[from] move: Rapid Spin|[of] p2a: Great Tusk
|
|-damage|p1a: Landorus|31/100 brn|[from] brn
|upkeep
|turn|26
|
|t:|1743939077
|move|p2a: Great Tusk|Knock Off|p1a: Landorus
|-damage|p1a: Landorus|11/100 brn
|move|p1a: Landorus|Stealth Rock|p2a: Great Tusk
|-sidestart|p2: itsumade mars|move: Stealth Rock
|
|-damage|p1a: Landorus|5/100 brn|[from] brn
|-end|p2a: Great Tusk|move: Taunt
|upkeep
|turn|27
|
|t:|1743939092
|move|p2a: Great Tusk|Rapid Spin|p1a: Landorus
|-damage|p1a: Landorus|0 fnt
|-boost|p2a: Great Tusk|spe|1
|-sideend|p2: itsumade mars|Stealth Rock|[from] move: Rapid Spin|[of] p2a: Great Tusk
|faint|p1a: Landorus
|
|upkeep
|
|t:|1743939106
|switch|p1a: Meowscarada|Meowscarada, F, shiny|76/100 psn
|-damage|p1a: Meowscarada|64/100 psn|[from] Stealth Rock
|turn|28
|inactive|sunluochen孙洛尘 has 120 seconds left.
|
|t:|1743939142
|move|p2a: Great Tusk|Headlong Rush|p1a: Meowscarada
|-resisted|p1a: Meowscarada
|-damage|p1a: Meowscarada|16/100 psn
|-unboost|p2a: Great Tusk|def|1
|-unboost|p2a: Great Tusk|spd|1
|move|p1a: Meowscarada|Flower Trick|p2a: Great Tusk
|-start|p1a: Meowscarada|typechange|Grass|[from] ability: Protean
|-supereffective|p2a: Great Tusk
|-crit|p2a: Great Tusk
|-damage|p2a: Great Tusk|0 fnt
|faint|p2a: Great Tusk
|-end|p2a: Great Tusk|Protosynthesis|[silent]
|
|-damage|p1a: Meowscarada|4/100 psn|[from] psn
|upkeep
|
|t:|1743939166
|switch|p2a: Slowking|Slowking-Galar, F|87/100
|turn|29
|
|t:|1743939169
|move|p1a: Meowscarada|Flower Trick|p2a: Slowking
|-resisted|p2a: Slowking
|-crit|p2a: Slowking
|-damage|p2a: Slowking|56/100
|-prepare|p2a: Slowking|Chilly Reception|[premajor]
|move|p2a: Slowking|Chilly Reception|p2a: Slowking
|-weather|Snowscape
|
|t:|1743939179
|switch|p2a: Araquanid|Araquanid, F|18/100|[from] Chilly Reception
|
|-weather|Snowscape|[upkeep]
|-damage|p1a: Meowscarada|0 fnt|[from] psn
|faint|p1a: Meowscarada
|upkeep
|
|t:|1743939182
|switch|p1a: Garganacl|Garganacl, M, shiny|100/100
|-damage|p1a: Garganacl|88/100|[from] Stealth Rock
|turn|30
|-enditem|p2a: Araquanid|Custap Berry|[eat]
|-activate|p2a: Araquanid|item: Custap Berry|[consumed]
|
|t:|1743939192
|-terastallize|p1a: Garganacl|Ghost
|move|p2a: Araquanid|Liquidation|p1a: Garganacl
|-damage|p1a: Garganacl|50/100
|move|p1a: Garganacl|Salt Cure|p2a: Araquanid
|-supereffective|p2a: Araquanid
|-damage|p2a: Araquanid|0 fnt
|faint|p2a: Araquanid
|
|-weather|Snowscape|[upkeep]
|-heal|p1a: Garganacl|56/100|[from] item: Leftovers
|upkeep
|
|t:|1743939215
|switch|p2a: Froslass|Froslass, F|54/100
|turn|31
|
|t:|1743939218
|move|p2a: Froslass|Aurora Veil|p2a: Froslass
|-sidestart|p2: itsumade mars|move: Aurora Veil
|move|p1a: Garganacl|Recover|p1a: Garganacl
|-heal|p1a: Garganacl|100/100
|
|-weather|Snowscape|[upkeep]
|upkeep
|turn|32
|
|t:|1743939228
|move|p2a: Froslass|Night Shade|p1a: Garganacl
|-damage|p1a: Garganacl|76/100
|move|p1a: Garganacl|Salt Cure|p2a: Froslass
|-supereffective|p2a: Froslass
|-damage|p2a: Froslass|42/100
|-start|p2a: Froslass|Salt Cure
|
|-weather|Snowscape|[upkeep]
|-heal|p1a: Garganacl|82/100|[from] item: Leftovers
|-damage|p2a: Froslass|30/100|[from] Salt Cure
|upkeep
|turn|33
|-message|itsumade mars forfeited.
|
|win|sunluochen孙洛尘
|raw|sunluochen孙洛尘's rating: 1182 &rarr; <strong>1214</strong><br />(+32 for winning)
|raw|itsumade mars's rating: 1284 &rarr; <strong>1252</strong><br />(-32 for losing)
|l|☆sunluochen孙洛尘
|player|p1|
|l|‽itsumade mars
|player|p2|
