|j|☆trovz
|j|☆arj.uno
|t:|1743866795
|gametype|singles
|player|p1|trovz|pokemaniac|1176
|player|p2|arj.uno|doctor|1117
|teamsize|p1|6
|teamsize|p2|6
|gen|9
|tier|[Gen 9] OU
|rated|
|rule|HP Percentage Mod: HP is shown in percentages
|rule|Endless Battle Clause: Forcing endless battles is banned
|rule|Species Clause: Limit one of each Pokémon
|rule|OHKO Clause: OHKO moves are banned
|rule|Evasion Items Clause: Evasion items are banned
|rule|Evasion Moves Clause: Evasion moves are banned
|rule|Sleep Moves Clause: Sleep-inducing moves are banned
|clearpoke
|poke|p1|Araquanid, F|
|poke|p1|Scizor, M|
|poke|p1|Weavile, F|
|poke|p1|Cinderace, M|
|poke|p1|Sinistcha-Masterpiece|
|poke|p1|Samurott-Hisui, M|
|poke|p2|Serperior, M|
|poke|p2|Quaquaval, M|
|poke|p2|Clefable, F|
|poke|p2|Tauros, M|
|poke|p2|Heracross, F|
|poke|p2|Skeledirge, F|
|teampreview
|inactive|Battle timer is ON: inactive players will automatically lose when time's up. (requested by trovz)
|
|t:|1743866802
|start
|switch|p1a: Cavatica|Araquanid, F|100/100
|switch|p2a: Tauros|Tauros, M|100/100
|turn|1
|
|t:|1743866807
|move|p2a: Tauros|Stone Edge|p1a: Cavatica
|-supereffective|p1a: Cavatica
|-damage|p1a: Cavatica|17/100
|-damage|p2a: Tauros|91/100|[from] item: Life Orb
|move|p1a: Cavatica|Liquidation|p2a: Tauros
|-damage|p2a: Tauros|0 fnt
|faint|p2a: Tauros
|
|upkeep
|
|t:|1743866812
|switch|p2a: Serperior|Serperior, M|100/100
|turn|2
|
|t:|1743866818
|switch|p1a: The Unc|Sinistcha-Masterpiece|100/100
|move|p2a: Serperior|Leaf Storm|p1a: The Unc
|-resisted|p1a: The Unc
|-damage|p1a: The Unc|72/100
|-boost|p2a: Serperior|spa|2
|
|-heal|p1a: The Unc|78/100|[from] item: Leftovers
|upkeep
|turn|3
|
|t:|1743866837
|move|p2a: Serperior|Leaf Storm|p1a: The Unc
|-resisted|p1a: The Unc
|-damage|p1a: The Unc|27/100
|-boost|p2a: Serperior|spa|2
|move|p1a: The Unc|Matcha Gotcha|p2a: Serperior
|-resisted|p2a: Serperior
|-damage|p2a: Serperior|82/100
|-heal|p1a: The Unc|35/100|[from] drain|[of] p2a: Serperior
|
|-heal|p2a: Serperior|88/100|[from] item: Leftovers
|-heal|p1a: The Unc|41/100|[from] item: Leftovers
|upkeep
|turn|4
|
|t:|1743866849
|move|p2a: Serperior|Leaf Storm|p1a: The Unc
|-resisted|p1a: The Unc
|-damage|p1a: The Unc|0 fnt
|-boost|p2a: Serperior|spa|2
|faint|p1a: The Unc
|
|-heal|p2a: Serperior|94/100|[from] item: Leftovers
|upkeep
|
|t:|1743866857
|switch|p1a: He's Baby Keem|Cinderace, M|100/100
|turn|5
|
|t:|1743866864
|move|p1a: He's Baby Keem|Pyro Ball|p2a: Serperior
|-supereffective|p2a: Serperior
|-damage|p2a: Serperior|0 fnt
|faint|p2a: Serperior
|
|upkeep
|
|t:|1743866868
|switch|p2a: Quaquaval|Quaquaval, M|100/100
|turn|6
|
|t:|1743866872
|move|p1a: He's Baby Keem|U-turn|p2a: Quaquaval
|-start|p1a: He's Baby Keem|typechange|Bug|[from] ability: Libero
|-resisted|p2a: Quaquaval
|-damage|p2a: Quaquaval|77/100
|
|t:|1743866882
|switch|p1a: Cavatica|Araquanid, F|17/100|[from] U-turn
|move|p2a: Quaquaval|Aqua Step|p1a: Cavatica
|-resisted|p1a: Cavatica
|-damage|p1a: Cavatica|0 fnt
|-boost|p2a: Quaquaval|spe|1
|faint|p1a: Cavatica
|-ability|p2a: Quaquaval|Moxie|boost
|-boost|p2a: Quaquaval|atk|1
|
|upkeep
|inactive|trovz has 120 seconds left.
|
|t:|1743866908
|switch|p1a: Samuel|Samurott-Hisui, M|100/100
|turn|7
|
|t:|1743866915
|-terastallize|p1a: Samuel|Fighting
|move|p2a: Quaquaval|U-turn|p1a: Samuel
|-resisted|p1a: Samuel
|-damage|p1a: Samuel|80/100
|
|t:|1743866919
|switch|p2a: Skeledirge|Skeledirge, F|100/100|[from] U-turn
|move|p1a: Samuel|Knock Off|p2a: Skeledirge
|-supereffective|p2a: Skeledirge
|-damage|p2a: Skeledirge|15/100
|-enditem|p2a: Skeledirge|Leftovers|[from] move: Knock Off|[of] p1a: Samuel
|-damage|p1a: Samuel|70/100|[from] item: Life Orb
|
|upkeep
|turn|8
|
|t:|1743866928
|move|p1a: Samuel|Ceaseless Edge|p2a: Skeledirge
|-supereffective|p2a: Skeledirge
|-damage|p2a: Skeledirge|0 fnt
|-sidestart|p2: arj.uno|Spikes
|faint|p2a: Skeledirge
|-damage|p1a: Samuel|60/100|[from] item: Life Orb
|
|upkeep
|
|t:|1743866934
|switch|p2a: Clefable|Clefable, F|100/100
|turn|9
|
|t:|1743866937
|move|p1a: Samuel|Flip Turn|p2a: Clefable
|-damage|p2a: Clefable|67/100
|-damage|p1a: Samuel|50/100|[from] item: Life Orb
|
|t:|1743866944
|switch|p1a: He's Baby Keem|Cinderace, M|100/100|[from] Flip Turn
|move|p2a: Clefable|Stealth Rock|p1a: He's Baby Keem
|-sidestart|p1: trovz|move: Stealth Rock
|
|-heal|p2a: Clefable|73/100|[from] item: Leftovers
|upkeep
|turn|10
|
|t:|1743866952
|move|p1a: He's Baby Keem|Pyro Ball|p2a: Clefable
|-damage|p2a: Clefable|21/100
|move|p2a: Clefable|Thunder Wave|p1a: He's Baby Keem
|-status|p1a: He's Baby Keem|par
|
|-heal|p2a: Clefable|27/100|[from] item: Leftovers
|upkeep
|turn|11
|
|t:|1743866965
|move|p1a: He's Baby Keem|Pyro Ball|p2a: Clefable
|-crit|p2a: Clefable
|-damage|p2a: Clefable|0 fnt
|faint|p2a: Clefable
|
|upkeep
|
|t:|1743866969
|switch|p2a: Quaquaval|Quaquaval, M|77/100
|-damage|p2a: Quaquaval|65/100|[from] Spikes
|turn|12
|
|t:|1743866975
|move|p2a: Quaquaval|Aqua Step|p1a: He's Baby Keem
|-supereffective|p1a: He's Baby Keem
|-damage|p1a: He's Baby Keem|0 fnt
|-boost|p2a: Quaquaval|spe|1
|faint|p1a: He's Baby Keem
|-ability|p2a: Quaquaval|Moxie|boost
|-boost|p2a: Quaquaval|atk|1
|
|upkeep
|
|t:|1743866987
|switch|p1a: Samuel|Samurott-Hisui, M, tera:Fighting|50/100
|-damage|p1a: Samuel|44/100|[from] Stealth Rock
|turn|13
|
|t:|1743866998
|move|p2a: Quaquaval|Aqua Step|p1a: Samuel
|-damage|p1a: Samuel|0 fnt
|-boost|p2a: Quaquaval|spe|1
|faint|p1a: Samuel
|-ability|p2a: Quaquaval|Moxie|boost
|-boost|p2a: Quaquaval|atk|1
|
|upkeep
|
|t:|1743867006
|switch|p1a: The Grill|Scizor, M|100/100
|-damage|p1a: The Grill|88/100|[from] Stealth Rock
|turn|14
|
|t:|1743867011
|-terastallize|p2a: Quaquaval|Water
|move|p1a: The Grill|Bullet Punch|p2a: Quaquaval
|-resisted|p2a: Quaquaval
|-damage|p2a: Quaquaval|34/100
|move|p2a: Quaquaval|Aqua Step|p1a: The Grill
|-damage|p1a: The Grill|0 fnt
|-boost|p2a: Quaquaval|spe|1
|faint|p1a: The Grill
|-ability|p2a: Quaquaval|Moxie|boost
|-boost|p2a: Quaquaval|atk|1
|
|upkeep
|
|t:|1743867021
|switch|p1a: Jared|Weavile, F|100/100
|-ability|p1a: Jared|Pressure
|turn|15
|
|t:|1743867026
|move|p1a: Jared|Ice Shard|p2a: Quaquaval
|-resisted|p2a: Quaquaval
|-damage|p2a: Quaquaval|22/100
|move|p2a: Quaquaval|U-turn|p1a: Jared
|-supereffective|p1a: Jared
|-damage|p1a: Jared|0 fnt
|faint|p1a: Jared
|
|win|arj.uno
|raw|trovz's rating: 1176 &rarr; <strong>1148</strong><br />(-28 for losing)
|raw|arj.uno's rating: 1139 &rarr; <strong>1167</strong><br />(+28 for winning)
|l|☆arj.uno
|player|p2|
|l|☆trovz
|player|p1|
