|j|☆Akash0709
|j|☆mezq1996
|t:|1743894481
|gametype|singles
|player|p1|Akash0709|101|1104
|player|p2|mezq1996|pokemonranger-gen4|1080
|teamsize|p1|6
|teamsize|p2|3
|gen|9
|tier|[Gen 9] OU
|rated|
|rule|HP Percentage Mod: HP is shown in percentages
|rule|Endless Battle Clause: Forcing endless battles is banned
|rule|Species Clause: Limit one of each Pokémon
|rule|OHKO Clause: OHKO moves are banned
|rule|Evasion Items Clause: Evasion items are banned
|rule|Evasion Moves Clause: Evasion moves are banned
|rule|Sleep Moves Clause: Sleep-inducing moves are banned
|clearpoke
|poke|p1|Gholdengo|
|poke|p1|Great Tusk|
|poke|p1|Iron Valiant|
|poke|p1|Rotom-Wash|
|poke|p1|Kingambit, M|
|poke|p1|Dragapult, F|
|poke|p2|Dragonite, F|
|poke|p2|Arcanine, F|
|poke|p2|Magneton|
|teampreview
|
|t:|1743894498
|start
|switch|p1a: Great Tusk|Great Tusk|100/100
|switch|p2a: Magneton|Magneton|100/100
|-enditem|p1a: Great Tusk|Booster Energy
|-activate|p1a: Great Tusk|ability: Protosynthesis|[fromitem]
|-start|p1a: Great Tusk|protosynthesisdef
|turn|1
|
|t:|1743894510
|switch|p2a: Dragonite|Dragonite, F|100/100
|move|p1a: Great Tusk|Earthquake|p2a: Dragonite
|-immune|p2a: Dragonite
|
|upkeep
|turn|2
|
|t:|1743894527
|-end|p1a: Great Tusk|Protosynthesis|[silent]
|switch|p1a: Dragapult|Dragapult, F|100/100
|move|p2a: Dragonite|Dragon Breath|p1a: Dragapult
|-supereffective|p1a: Dragapult
|-damage|p1a: Dragapult|49/100
|-status|p1a: Dragapult|par
|
|upkeep
|turn|3
|
|t:|1743894545
|switch|p1a: Iron Valiant|Iron Valiant|100/100
|move|p2a: Dragonite|Dragon Breath|p1a: Iron Valiant
|-immune|p1a: Iron Valiant
|
|upkeep
|turn|4
|
|t:|1743894578
|move|p1a: Iron Valiant|Close Combat|p2a: Dragonite
|-resisted|p2a: Dragonite
|-damage|p2a: Dragonite|92/100
|-unboost|p1a: Iron Valiant|def|1
|-unboost|p1a: Iron Valiant|spd|1
|move|p2a: Dragonite|Hurricane|p1a: Iron Valiant
|-supereffective|p1a: Iron Valiant
|-damage|p1a: Iron Valiant|0 fnt
|faint|p1a: Iron Valiant
|-end|p1a: Iron Valiant|Quark Drive|[silent]
|
|upkeep
|
|t:|1743894597
|switch|p1a: Gholdengo|Gholdengo|100/100
|turn|5
|
|t:|1743894610
|move|p1a: Gholdengo|Power Gem|p2a: Dragonite
|-supereffective|p2a: Dragonite
|-damage|p2a: Dragonite|16/100
|move|p2a: Dragonite|Dragon Breath|p1a: Gholdengo
|-resisted|p1a: Gholdengo
|-damage|p1a: Gholdengo|89/100
|
|upkeep
|turn|6
|
|t:|1743894618
|switch|p2a: Magneton|Magneton|100/100
|move|p1a: Gholdengo|Power Gem|p2a: Magneton
|-resisted|p2a: Magneton
|-damage|p2a: Magneton|78/100
|
|upkeep
|turn|7
|
|t:|1743894630
|switch|p1a: Great Tusk|Great Tusk|100/100
|move|p2a: Magneton|Discharge|p1a: Great Tusk
|-immune|p1a: Great Tusk
|
|upkeep
|turn|8
|
|t:|1743894648
|switch|p2a: Arcanine|Arcanine, F|100/100
|-ability|p2a: Arcanine|Intimidate|boost
|-unboost|p1a: Great Tusk|atk|1
|move|p1a: Great Tusk|Stealth Rock|p2a: Arcanine
|-sidestart|p2: mezq1996|move: Stealth Rock
|
|upkeep
|turn|9
|
|t:|1743894662
|move|p1a: Great Tusk|Earthquake|p2a: Arcanine
|-supereffective|p2a: Arcanine
|-damage|p2a: Arcanine|22/100
|move|p2a: Arcanine|Fire Fang|p1a: Great Tusk
|-damage|p1a: Great Tusk|81/100
|
|upkeep
|turn|10
|
|t:|1743894669
|switch|p2a: Dragonite|Dragonite, F|16/100
|move|p1a: Great Tusk|Earthquake|p2a: Dragonite
|-immune|p2a: Dragonite
|
|upkeep
|turn|11
|
|t:|1743894679
|-end|p1a: Great Tusk|Protosynthesis|[silent]
|switch|p1a: Gholdengo|Gholdengo|89/100
|move|p2a: Dragonite|Roost|p2a: Dragonite
|-heal|p2a: Dragonite|66/100
|-singleturn|p2a: Dragonite|move: Roost
|
|upkeep
|turn|12
|l|☆Akash0709
|player|p1|
|j|☆Akash0709
|player|p1|Akash0709|101|
|
|t:|1743894710
|move|p1a: Gholdengo|Power Gem|p2a: Dragonite
|-supereffective|p2a: Dragonite
|-damage|p2a: Dragonite|0 fnt
|faint|p2a: Dragonite
|
|upkeep
|
|t:|1743894718
|switch|p2a: Magneton|Magneton|78/100
|-damage|p2a: Magneton|72/100|[from] Stealth Rock
|turn|13
|
|t:|1743894733
|switch|p1a: Great Tusk|Great Tusk|81/100
|move|p2a: Magneton|Volt Switch|p1a: Great Tusk
|-immune|p1a: Great Tusk
|
|upkeep
|turn|14
|
|t:|1743894742
|move|p1a: Great Tusk|Earthquake|p2a: Magneton
|-supereffective|p2a: Magneton
|-damage|p2a: Magneton|0 fnt
|faint|p2a: Magneton
|
|upkeep
|
|t:|1743894746
|switch|p2a: Arcanine|Arcanine, F|22/100
|-damage|p2a: Arcanine|0 fnt|[from] Stealth Rock
|faint|p2a: Arcanine
|
|win|Akash0709
|raw|Akash0709's rating: 1104 &rarr; <strong>1127</strong><br />(+23 for winning)
|raw|mezq1996's rating: 1080 &rarr; <strong>1060</strong><br />(-20 for losing)
|l|☆Akash0709
|player|p1|
|l|☆mezq1996
|player|p2|
