|j|‽smogonules
|j|☆PierreRochey
|t:|1743788148
|gametype|singles
|player|p1|smogonules|2|1438
|player|p2|PierreRochey|170|1432
|teamsize|p1|6
|teamsize|p2|6
|gen|9
|tier|[Gen 9] OU
|rated|
|rule|HP Percentage Mod: HP is shown in percentages
|rule|Endless Battle Clause: Forcing endless battles is banned
|rule|Species Clause: Limit one of each Pokémon
|rule|OHKO Clause: OHKO moves are banned
|rule|Evasion Items Clause: Evasion items are banned
|rule|Evasion Moves Clause: Evasion moves are banned
|rule|Sleep Moves Clause: Sleep-inducing moves are banned
|clearpoke
|poke|p1|Jirachi|
|poke|p1|Great Tusk|
|poke|p1|Latios, M|
|poke|p1|Gardevoir, M|
|poke|p1|Polteageist|
|poke|p1|Crawdaunt, M|
|poke|p2|Iron Moth|
|poke|p2|Gholdengo|
|poke|p2|Greninja-*, M|
|poke|p2|Ogerpon-Cornerstone, F|
|poke|p2|Azumarill, F|
|poke|p2|Scizor, F|
|teampreview
|
|t:|1743788177
|start
|switch|p1a: Jirachi|Jirachi|100/100
|switch|p2a: Azumarill|Azumarill, F|100/100
|turn|1
|inactive|Battle timer is ON: inactive players will automatically lose when time's up. (requested by PierreRochey)
|
|t:|1743788203
|move|p1a: Jirachi|Thunder Wave|p2a: Azumarill
|-status|p2a: Azumarill|par
|move|p2a: Azumarill|Liquidation|p1a: Jirachi
|-damage|p1a: Jirachi|21/100
|
|upkeep
|turn|2
|
|t:|1743788211
|move|p1a: Jirachi|Stealth Rock|p2a: Azumarill
|-sidestart|p2: PierreRochey|move: Stealth Rock
|move|p2a: Azumarill|Liquidation|p1a: Jirachi
|-damage|p1a: Jirachi|0 fnt
|faint|p1a: Jirachi
|
|upkeep
|
|t:|1743788216
|switch|p1a: Polteageist|Polteageist|100/100
|turn|3
|
|t:|1743788220
|move|p1a: Polteageist|Giga Drain|p2a: Azumarill
|-supereffective|p2a: Azumarill
|-damage|p2a: Azumarill|24/100 par
|move|p2a: Azumarill|Liquidation|p1a: Polteageist
|-enditem|p1a: Polteageist|Focus Sash
|-damage|p1a: Polteageist|1/100
|-ability|p1a: Polteageist|Weak Armor|boost
|-unboost|p1a: Polteageist|def|1
|-boost|p1a: Polteageist|spe|2
|
|upkeep
|turn|4
|
|t:|1743788225
|switch|p2a: Scizor|Scizor, F|100/100
|-damage|p2a: Scizor|88/100|[from] Stealth Rock
|move|p1a: Polteageist|Giga Drain|p2a: Scizor
|-resisted|p2a: Scizor
|-damage|p2a: Scizor|78/100
|-heal|p1a: Polteageist|7/100|[from] drain|[of] p2a: Scizor
|
|-heal|p2a: Scizor|84/100|[from] item: Leftovers
|upkeep
|turn|5
|
|t:|1743788230
|move|p2a: Scizor|Bullet Punch|p1a: Polteageist
|-damage|p1a: Polteageist|0 fnt
|faint|p1a: Polteageist
|
|-heal|p2a: Scizor|90/100|[from] item: Leftovers
|upkeep
|
|t:|1743788243
|switch|p1a: Crawdaunt|Crawdaunt, M|100/100
|turn|6
|
|t:|1743788250
|move|p1a: Crawdaunt|Knock Off|p2a: Scizor
|-damage|p2a: Scizor|0 fnt
|-enditem|p2a: Scizor|Leftovers|[from] move: Knock Off|[of] p1a: Crawdaunt
|faint|p2a: Scizor
|-damage|p1a: Crawdaunt|91/100|[from] item: Life Orb
|
|upkeep
|
|t:|1743788262
|switch|p2a: Ogerpon|Ogerpon-Cornerstone, F|100/100
|-damage|p2a: Ogerpon|88/100|[from] Stealth Rock
|turn|7
|
|t:|1743788271
|move|p2a: Ogerpon|Horn Leech|p1a: Crawdaunt
|-supereffective|p1a: Crawdaunt
|-damage|p1a: Crawdaunt|0 fnt
|-heal|p2a: Ogerpon|100/100|[from] drain|[of] p1a: Crawdaunt
|faint|p1a: Crawdaunt
|
|upkeep
|
|t:|1743788273
|switch|p1a: Latios|Latios, M|100/100
|turn|8
|
|t:|1743788278
|move|p1a: Latios|Reflect|p1a: Latios
|-sidestart|p1: smogonules|Reflect
|move|p2a: Ogerpon|Ivy Cudgel|p1a: Latios|[anim] Ivy Cudgel Rock
|-damage|p1a: Latios|61/100
|
|upkeep
|turn|9
|
|t:|1743788288
|move|p1a: Latios|Simple Beam|p2a: Ogerpon
|-endability|p2a: Ogerpon|Sturdy|[from] move: Simple Beam
|-ability|p2a: Ogerpon|Simple|[from] move: Simple Beam
|move|p2a: Ogerpon|Ivy Cudgel|p1a: Latios|[anim] Ivy Cudgel Rock
|-crit|p1a: Latios
|-damage|p1a: Latios|0 fnt
|faint|p1a: Latios
|
|upkeep
|
|t:|1743788291
|switch|p1a: Gardevoir|Gardevoir, M|100/100
|-ability|p1a: Gardevoir|Simple|[from] ability: Trace|[of] p2a: Ogerpon
|turn|10
|
|t:|1743788300
|move|p2a: Ogerpon|Taunt|p1a: Gardevoir
|-start|p1a: Gardevoir|move: Taunt
|cant|p1a: Gardevoir|move: Taunt|Calm Mind
|
|upkeep
|turn|11
|
|t:|1743788309
|move|p2a: Ogerpon|Swords Dance|p2a: Ogerpon
|-boost|p2a: Ogerpon|atk|4
|move|p1a: Gardevoir|Draining Kiss|p2a: Ogerpon
|-damage|p2a: Ogerpon|77/100
|
|upkeep
|turn|12
|
|t:|1743788317
|move|p2a: Ogerpon|Swords Dance|p2a: Ogerpon
|-boost|p2a: Ogerpon|atk|2
|move|p1a: Gardevoir|Draining Kiss|p2a: Ogerpon
|-damage|p2a: Ogerpon|52/100
|
|-end|p1a: Gardevoir|move: Taunt
|upkeep
|turn|13
|
|t:|1743788324
|move|p2a: Ogerpon|Horn Leech|p1a: Gardevoir
|-damage|p1a: Gardevoir|0 fnt
|-heal|p2a: Ogerpon|100/100|[from] drain|[of] p1a: Gardevoir
|faint|p1a: Gardevoir
|
|upkeep
|-message|smogonules forfeited.
|
|win|PierreRochey
|raw|smogonules's rating: 1438 &rarr; <strong>1418</strong><br />(-20 for losing)
|raw|PierreRochey's rating: 1432 &rarr; <strong>1452</strong><br />(+20 for winning)
|l|‽smogonules
|player|p1|
|l|☆PierreRochey
|player|p2|
