|j|☆antwan420
|j|☆lebmaster
|t:|1743889365
|gametype|singles
|player|p1|antwan420|unknown|1389
|player|p2|lebmaster|dahlia|1327
|teamsize|p1|6
|teamsize|p2|6
|gen|9
|tier|[Gen 9] OU
|rated|
|rule|HP Percentage Mod: HP is shown in percentages
|rule|Endless Battle Clause: Forcing endless battles is banned
|rule|Species Clause: Limit one of each Pokémon
|rule|OHKO Clause: OHKO moves are banned
|rule|Evasion Items Clause: Evasion items are banned
|rule|Evasion Moves Clause: Evasion moves are banned
|rule|Sleep Moves Clause: Sleep-inducing moves are banned
|clearpoke
|poke|p1|Necrozma|
|poke|p1|Cyclizar, F|
|poke|p1|Glaceon, M|
|poke|p1|Heatran, F|
|poke|p1|Gliscor, M|
|poke|p1|Maushold|
|poke|p2|Zapdos|
|poke|p2|Darkrai|
|poke|p2|Kingambit, F|
|poke|p2|Ogerpon-Wellspring, F|
|poke|p2|Gliscor, M|
|poke|p2|Cinderace, M|
|teampreview
|
|t:|1743889371
|start
|switch|p1a: Gliscor|Gliscor, M|100/100
|switch|p2a: Darkrai|Darkrai|100/100
|turn|1
|
|t:|1743889377
|switch|p1a: Glaceon|Glaceon, M|100/100
|move|p2a: Darkrai|Ice Beam|p1a: Glaceon
|-resisted|p1a: Glaceon
|-damage|p1a: Glaceon|91/100
|
|upkeep
|turn|2
|
|t:|1743889387
|switch|p2a: Gliscor|Gliscor, M|100/100
|move|p1a: Glaceon|Ice Beam|p2a: Gliscor
|-supereffective|p2a: Gliscor
|-damage|p2a: Gliscor|0 fnt
|faint|p2a: Gliscor
|
|upkeep
|
|t:|1743889392
|switch|p2a: Cinderace|Cinderace, M|100/100
|turn|3
|
|t:|1743889395
|switch|p1a: Heatran|Heatran, F|100/100
|-item|p1a: Heatran|Air Balloon
|move|p2a: Cinderace|Pyro Ball|p1a: Heatran
|-start|p1a: Heatran|ability: Flash Fire
|
|upkeep
|turn|4
|
|t:|1743889403
|move|p2a: Cinderace|U-turn|p1a: Heatran
|-resisted|p1a: Heatran
|-damage|p1a: Heatran|96/100
|-enditem|p1a: Heatran|Air Balloon
|
|t:|1743889405
|switch|p2a: Ogerpon|Ogerpon-Wellspring, F|100/100|[from] U-turn
|move|p1a: Heatran|Magma Storm|p2a: Ogerpon
|-damage|p2a: Ogerpon|17/100
|-activate|p2a: Ogerpon|move: Magma Storm|[of] p1a: Heatran
|
|-damage|p2a: Ogerpon|4/100|[from] move: Magma Storm|[partiallytrapped]
|upkeep
|turn|5
|
|t:|1743889428
|-terastallize|p1a: Heatran|Grass
|move|p2a: Ogerpon|Ivy Cudgel|p1a: Heatran|[anim] Ivy Cudgel Water
|-resisted|p1a: Heatran
|-damage|p1a: Heatran|74/100
|move|p1a: Heatran|Stealth Rock|p2a: Ogerpon
|-sidestart|p2: lebmaster|move: Stealth Rock
|
|-damage|p2a: Ogerpon|0 fnt|[from] move: Magma Storm|[partiallytrapped]
|faint|p2a: Ogerpon
|upkeep
|
|t:|1743889441
|switch|p2a: Darkrai|Darkrai|100/100
|-damage|p2a: Darkrai|88/100|[from] Stealth Rock
|turn|6
|
|t:|1743889449
|move|p2a: Darkrai|Sludge Bomb|p1a: Heatran
|-supereffective|p1a: Heatran
|-damage|p1a: Heatran|27/100
|move|p1a: Heatran|Magma Storm|p2a: Darkrai|[miss]
|-miss|p1a: Heatran|p2a: Darkrai
|
|upkeep
|turn|7
|
|t:|1743889456
|move|p2a: Darkrai|Sludge Bomb|p1a: Heatran
|-supereffective|p1a: Heatran
|-damage|p1a: Heatran|0 fnt
|faint|p1a: Heatran
|
|upkeep
|
|t:|1743889463
|switch|p1a: Cyclizar|Cyclizar, F|100/100
|turn|8
|
|t:|1743889470
|switch|p2a: Zapdos|Zapdos|100/100
|move|p1a: Cyclizar|U-turn|p2a: Zapdos
|-resisted|p2a: Zapdos
|-damage|p2a: Zapdos|93/100
|-status|p1a: Cyclizar|par|[from] ability: Static|[of] p2a: Zapdos
|
|t:|1743889477
|switch|p1a: Glaceon|Glaceon, M|91/100|[from] U-turn
|
|upkeep
|turn|9
|
|t:|1743889482
|move|p2a: Zapdos|Volt Switch|p1a: Glaceon
|-damage|p1a: Glaceon|77/100
|
|t:|1743889484
|switch|p2a: Cinderace|Cinderace, M|100/100|[from] Volt Switch
|move|p1a: Glaceon|Ice Beam|p2a: Cinderace
|-resisted|p2a: Cinderace
|-damage|p2a: Cinderace|73/100
|
|upkeep
|turn|10
|
|t:|1743889488
|switch|p1a: Maushold|Maushold|100/100
|move|p2a: Cinderace|Court Change|p2a: Cinderace
|-swapsideconditions
|-activate|p2a: Cinderace|move: Court Change
|
|upkeep
|turn|11
|
|t:|1743889492
|move|p2a: Cinderace|High Jump Kick|p1a: Maushold
|-supereffective|p1a: Maushold
|-damage|p1a: Maushold|0 fnt
|faint|p1a: Maushold
|
|upkeep
|
|t:|1743889496
|switch|p1a: Necrozma|Necrozma|100/100
|-damage|p1a: Necrozma|88/100|[from] Stealth Rock
|turn|12
|
|t:|1743889501
|move|p2a: Cinderace|U-turn|p1a: Necrozma
|-supereffective|p1a: Necrozma
|-damage|p1a: Necrozma|59/100
|
|t:|1743889502
|switch|p2a: Zapdos|Zapdos|93/100|[from] U-turn
|move|p1a: Necrozma|Meteor Beam||[still]
|-prepare|p1a: Necrozma|Meteor Beam
|-boost|p1a: Necrozma|spa|1
|-enditem|p1a: Necrozma|Power Herb
|-anim|p1a: Necrozma|Meteor Beam|p2a: Zapdos|[miss]
|-miss|p1a: Necrozma|p2a: Zapdos
|
|upkeep
|turn|13
|
|t:|1743889506
|move|p2a: Zapdos|Thunder Wave|p1a: Necrozma
|-status|p1a: Necrozma|par
|move|p1a: Necrozma|Photon Geyser|p2a: Zapdos
|-damage|p2a: Zapdos|33/100
|
|upkeep
|turn|14
|
|t:|1743889513
|move|p2a: Zapdos|Roost|p2a: Zapdos
|-heal|p2a: Zapdos|83/100
|-singleturn|p2a: Zapdos|move: Roost
|move|p1a: Necrozma|Photon Geyser|p2a: Zapdos
|-damage|p2a: Zapdos|27/100
|
|upkeep
|turn|15
|
|t:|1743889521
|switch|p2a: Darkrai|Darkrai|88/100
|cant|p1a: Necrozma|par
|
|upkeep
|turn|16
|
|t:|1743889527
|move|p2a: Darkrai|Dark Pulse|p1a: Necrozma
|-supereffective|p1a: Necrozma
|-damage|p1a: Necrozma|0 fnt
|faint|p1a: Necrozma
|
|upkeep
|
|t:|1743889530
|switch|p1a: Glaceon|Glaceon, M|77/100
|-damage|p1a: Glaceon|52/100|[from] Stealth Rock
|turn|17
|
|t:|1743889548
|switch|p2a: Cinderace|Cinderace, M|73/100
|move|p1a: Glaceon|Mirror Coat||[still]
|-fail|p1a: Glaceon
|
|upkeep
|turn|18
|
|t:|1743889554
|switch|p1a: Gliscor|Gliscor, M|100/100
|-damage|p1a: Gliscor|88/100|[from] Stealth Rock
|move|p2a: Cinderace|Pyro Ball|p1a: Gliscor
|-damage|p1a: Gliscor|54/100
|
|-status|p1a: Gliscor|tox|[from] item: Toxic Orb
|upkeep
|turn|19
|
|t:|1743889560
|switch|p2a: Zapdos|Zapdos|27/100
|move|p1a: Gliscor|Toxic|p2a: Zapdos
|-status|p2a: Zapdos|tox
|
|-damage|p2a: Zapdos|21/100 tox|[from] psn
|-heal|p1a: Gliscor|67/100 tox|[from] ability: Poison Heal
|upkeep
|turn|20
|
|t:|1743889566
|move|p2a: Zapdos|Roost|p2a: Zapdos
|-heal|p2a: Zapdos|71/100 tox
|-singleturn|p2a: Zapdos|move: Roost
|move|p1a: Gliscor|Knock Off|p2a: Zapdos
|-damage|p2a: Zapdos|47/100 tox
|-enditem|p2a: Zapdos|Heavy-Duty Boots|[from] move: Knock Off|[of] p1a: Gliscor
|
|-damage|p2a: Zapdos|35/100 tox|[from] psn
|-heal|p1a: Gliscor|79/100 tox|[from] ability: Poison Heal
|upkeep
|turn|21
|
|t:|1743889571
|move|p2a: Zapdos|Hurricane|p1a: Gliscor
|-damage|p1a: Gliscor|19/100 tox
|move|p1a: Gliscor|Earthquake|p2a: Zapdos
|-immune|p2a: Zapdos
|
|-damage|p2a: Zapdos|17/100 tox|[from] psn
|-heal|p1a: Gliscor|31/100 tox|[from] ability: Poison Heal
|upkeep
|turn|22
|
|t:|1743889574
|move|p1a: Gliscor|Protect|p1a: Gliscor
|-singleturn|p1a: Gliscor|Protect
|move|p2a: Zapdos|Hurricane|p1a: Gliscor
|-activate|p1a: Gliscor|move: Protect
|
|-damage|p2a: Zapdos|0 fnt|[from] psn
|faint|p2a: Zapdos
|-heal|p1a: Gliscor|44/100 tox|[from] ability: Poison Heal
|upkeep
|
|t:|1743889576
|switch|p2a: Darkrai|Darkrai|88/100
|turn|23
|
|t:|1743889581
|switch|p1a: Glaceon|Glaceon, M|52/100
|-damage|p1a: Glaceon|27/100|[from] Stealth Rock
|move|p2a: Darkrai|Trick|p1a: Glaceon
|-activate|p2a: Darkrai|move: Trick|[of] p1a: Glaceon
|-item|p1a: Glaceon|Choice Scarf|[from] move: Trick
|-item|p2a: Darkrai|Assault Vest|[from] move: Trick
|
|upkeep
|turn|24
|
|t:|1743889591
|move|p2a: Darkrai|Dark Pulse|p1a: Glaceon
|-damage|p1a: Glaceon|0 fnt
|faint|p1a: Glaceon
|
|upkeep
|
|t:|1743889595
|switch|p1a: Cyclizar|Cyclizar, F|100/100 par
|-damage|p1a: Cyclizar|88/100 par|[from] Stealth Rock
|turn|25
|
|t:|1743889598
|move|p2a: Darkrai|Ice Beam|p1a: Cyclizar
|-supereffective|p1a: Cyclizar
|-damage|p1a: Cyclizar|39/100 par
|move|p1a: Cyclizar|U-turn|p2a: Darkrai
|-supereffective|p2a: Darkrai
|-damage|p2a: Darkrai|43/100
|inactive|Battle timer is ON: inactive players will automatically lose when time's up. (requested by lebmaster)
|-message|antwan420 forfeited.
|
|win|lebmaster
|raw|antwan420's rating: 1389 &rarr; <strong>1365</strong><br />(-24 for losing)
|raw|lebmaster's rating: 1327 &rarr; <strong>1351</strong><br />(+24 for winning)
|l|☆antwan420
|player|p1|
|l|☆lebmaster
|player|p2|
