|j|☆LewBurn
|j|☆CraftZin
|t:|1743799529
|gametype|singles
|player|p1|LewBurn|ghetsis-gen5bw|1087
|player|p2|CraftZin|101|1078
|teamsize|p1|6
|teamsize|p2|6
|gen|9
|tier|[Gen 9] OU
|rated|
|rule|HP Percentage Mod: HP is shown in percentages
|rule|Endless Battle Clause: Forcing endless battles is banned
|rule|Species Clause: Limit one of each Pokémon
|rule|OHKO Clause: OHKO moves are banned
|rule|Evasion Items Clause: Evasion items are banned
|rule|Evasion Moves Clause: Evasion moves are banned
|rule|Sleep Moves Clause: Sleep-inducing moves are banned
|clearpoke
|poke|p1|Toedscruel, M|
|poke|p1|Quaquaval, M|
|poke|p1|Dachsbun, F|
|poke|p1|Ceruledge, M|
|poke|p1|Kilowattrel, F|
|poke|p1|Kingambit, M|
|poke|p2|Dondozo, F|
|poke|p2|Glimmora, M|
|poke|p2|Vikavolt, M|
|poke|p2|Deoxys-Speed|
|poke|p2|Landorus-Therian, M|
|poke|p2|Garganacl, M|
|teampreview
|inactive|Battle timer is ON: inactive players will automatically lose when time's up. (requested by LewBurn)
|
|t:|1743799545
|start
|switch|p1a: Toedscruel|Toedscruel, M|100/100
|switch|p2a: Vikavolt|Vikavolt, M, shiny|100/100
|turn|1
|
|t:|1743799552
|move|p2a: Vikavolt|Sticky Web|p1a: Toedscruel
|-sidestart|p1: LewBurn|move: Sticky Web
|move|p1a: Toedscruel|Spikes|p2a: Vikavolt
|-sidestart|p2: CraftZin|Spikes
|
|upkeep
|turn|2
|
|t:|1743799562
|switch|p2a: Glimmora|Glimmora, M|100/100
|-item|p2a: Glimmora|Air Balloon
|move|p1a: Toedscruel|Rapid Spin|p2a: Glimmora
|-resisted|p2a: Glimmora
|-damage|p2a: Glimmora|97/100
|-boost|p1a: Toedscruel|spe|1
|-enditem|p2a: Glimmora|Air Balloon
|-sideend|p1: LewBurn|Sticky Web|[from] move: Rapid Spin|[of] p1a: Toedscruel
|
|upkeep
|turn|3
|
|t:|1743799573
|move|p2a: Glimmora|Toxic Spikes|p1a: Toedscruel
|-sidestart|p1: LewBurn|move: Toxic Spikes
|move|p1a: Toedscruel|Spikes|p2a: Glimmora
|-sidestart|p2: CraftZin|Spikes
|
|upkeep
|turn|4
|
|t:|1743799579
|move|p1a: Toedscruel|Rapid Spin|p2a: Glimmora
|-resisted|p2a: Glimmora
|-damage|p2a: Glimmora|94/100
|-boost|p1a: Toedscruel|spe|1
|-sideend|p1: LewBurn|Toxic Spikes|[from] move: Rapid Spin|[of] p1a: Toedscruel
|move|p2a: Glimmora|Toxic|p1a: Toedscruel
|-status|p1a: Toedscruel|tox
|
|-damage|p1a: Toedscruel|94/100 tox|[from] psn
|upkeep
|turn|5
|
|t:|1743799589
|move|p2a: Glimmora|Power Gem|p1a: Toedscruel
|-resisted|p1a: Toedscruel
|-damage|p1a: Toedscruel|81/100 tox
|move|p1a: Toedscruel|Spikes|p2a: Glimmora
|-sidestart|p2: CraftZin|Spikes
|
|-damage|p1a: Toedscruel|69/100 tox|[from] psn
|upkeep
|turn|6
|
|t:|1743799598
|move|p2a: Glimmora|Toxic Spikes|p1a: Toedscruel
|-sidestart|p1: LewBurn|move: Toxic Spikes
|move|p1a: Toedscruel|Stun Spore|p2a: Glimmora
|-status|p2a: Glimmora|par
|
|-damage|p1a: Toedscruel|50/100 tox|[from] psn
|upkeep
|turn|7
|
|t:|1743799607
|move|p1a: Toedscruel|Rapid Spin|p2a: Glimmora
|-resisted|p2a: Glimmora
|-damage|p2a: Glimmora|90/100 par
|-boost|p1a: Toedscruel|spe|1
|-sideend|p1: LewBurn|Toxic Spikes|[from] move: Rapid Spin|[of] p1a: Toedscruel
|move|p2a: Glimmora|Toxic Spikes|p1a: Toedscruel
|-sidestart|p1: LewBurn|move: Toxic Spikes
|
|-damage|p1a: Toedscruel|26/100 tox|[from] psn
|upkeep
|turn|8
|
|t:|1743799627
|move|p1a: Toedscruel|Rapid Spin|p2a: Glimmora
|-resisted|p2a: Glimmora
|-damage|p2a: Glimmora|87/100 par
|-boost|p1a: Toedscruel|spe|1
|-sideend|p1: LewBurn|Toxic Spikes|[from] move: Rapid Spin|[of] p1a: Toedscruel
|cant|p2a: Glimmora|par
|
|-damage|p1a: Toedscruel|0 fnt|[from] psn
|faint|p1a: Toedscruel
|upkeep
|
|t:|1743799630
|switch|p1a: Quaquaval|Quaquaval, M|100/100
|turn|9
|
|t:|1743799642
|move|p1a: Quaquaval|Swords Dance|p1a: Quaquaval
|-boost|p1a: Quaquaval|atk|2
|move|p2a: Glimmora|Toxic|p1a: Quaquaval
|-status|p1a: Quaquaval|tox
|
|-damage|p1a: Quaquaval|94/100 tox|[from] psn
|upkeep
|turn|10
|
|t:|1743799651
|move|p1a: Quaquaval|Aqua Step|p2a: Glimmora
|-supereffective|p2a: Glimmora
|-damage|p2a: Glimmora|0 fnt
|-boost|p1a: Quaquaval|spe|1
|faint|p2a: Glimmora
|-ability|p1a: Quaquaval|Moxie|boost
|-boost|p1a: Quaquaval|atk|1
|
|-damage|p1a: Quaquaval|82/100 tox|[from] psn
|upkeep
|
|t:|1743799664
|switch|p2a: Vikavolt|Vikavolt, M, shiny|100/100
|turn|11
|
|t:|1743799670
|move|p1a: Quaquaval|Aqua Step|p2a: Vikavolt
|-damage|p2a: Vikavolt|0 fnt
|-boost|p1a: Quaquaval|spe|1
|faint|p2a: Vikavolt
|-ability|p1a: Quaquaval|Moxie|boost
|-boost|p1a: Quaquaval|atk|1
|
|-damage|p1a: Quaquaval|64/100 tox|[from] psn
|upkeep
|
|t:|1743799682
|switch|p2a: Deoxys|Deoxys-Speed|100/100
|-damage|p2a: Deoxys|76/100|[from] Spikes
|-ability|p2a: Deoxys|Pressure
|turn|12
|
|t:|1743799692
|move|p1a: Quaquaval|Aqua Step|p2a: Deoxys
|-damage|p2a: Deoxys|0 fnt
|-boost|p1a: Quaquaval|spe|1
|faint|p2a: Deoxys
|-ability|p1a: Quaquaval|Moxie|boost
|-boost|p1a: Quaquaval|atk|1
|
|-damage|p1a: Quaquaval|39/100 tox|[from] psn
|upkeep
|
|t:|1743799701
|switch|p2a: Dondozo|Dondozo, F|100/100
|-damage|p2a: Dondozo|75/100|[from] Spikes
|turn|13
|
|t:|1743799706
|move|p1a: Quaquaval|Close Combat|p2a: Dondozo
|-damage|p2a: Dondozo|44/100
|-unboost|p1a: Quaquaval|def|1
|-unboost|p1a: Quaquaval|spd|1
|move|p2a: Dondozo|Rest|p2a: Dondozo
|-status|p2a: Dondozo|slp|[from] move: Rest
|-heal|p2a: Dondozo|100/100 slp|[silent]
|
|-damage|p1a: Quaquaval|9/100 tox|[from] psn
|upkeep
|turn|14
|
|t:|1743799728
|move|p1a: Quaquaval|Close Combat|p2a: Dondozo
|-damage|p2a: Dondozo|66/100 slp
|-unboost|p1a: Quaquaval|def|1
|-unboost|p1a: Quaquaval|spd|1
|cant|p2a: Dondozo|slp
|
|-heal|p2a: Dondozo|73/100 slp|[from] item: Leftovers
|-damage|p1a: Quaquaval|0 fnt|[from] psn
|faint|p1a: Quaquaval
|upkeep
|
|t:|1743799731
|switch|p1a: Kilowattrel|Kilowattrel, F|100/100
|turn|15
|
|t:|1743799743
|switch|p2a: Garganacl|Garganacl, M, shiny|100/100
|-item|p2a: Garganacl|Air Balloon
|move|p1a: Kilowattrel|Thunderbolt|p2a: Garganacl
|-damage|p2a: Garganacl|52/100
|-status|p2a: Garganacl|par
|-enditem|p2a: Garganacl|Air Balloon
|-damage|p1a: Kilowattrel|91/100|[from] item: Life Orb
|
|upkeep
|turn|16
|
|t:|1743799756
|move|p1a: Kilowattrel|U-turn|p2a: Garganacl
|-damage|p2a: Garganacl|44/100 par
|-damage|p1a: Kilowattrel|81/100|[from] item: Life Orb
|
|t:|1743799759
|switch|p1a: Dachsbun|Dachsbun, F|100/100|[from] U-turn
|move|p2a: Garganacl|Salt Cure|p1a: Dachsbun
|-damage|p1a: Dachsbun|81/100
|-start|p1a: Dachsbun|Salt Cure
|
|-damage|p1a: Dachsbun|69/100|[from] Salt Cure
|upkeep
|turn|17
|
|t:|1743799771
|-terastallize|p1a: Dachsbun|Steel
|move|p1a: Dachsbun|Tera Blast|p2a: Garganacl|[anim] Tera Blast Steel
|-supereffective|p2a: Garganacl
|-damage|p2a: Garganacl|7/100 par
|move|p2a: Garganacl|Curse|p2a: Garganacl
|-unboost|p2a: Garganacl|spe|1
|-boost|p2a: Garganacl|atk|1
|-boost|p2a: Garganacl|def|1
|
|-damage|p1a: Dachsbun|44/100|[from] Salt Cure
|upkeep
|turn|18
|
|t:|1743799783
|move|p1a: Dachsbun|Tera Blast|p2a: Garganacl|[anim] Tera Blast Steel
|-supereffective|p2a: Garganacl
|-damage|p2a: Garganacl|0 fnt
|faint|p2a: Garganacl
|
|-damage|p1a: Dachsbun|20/100|[from] Salt Cure
|upkeep
|
|t:|1743799792
|switch|p2a: Dondozo|Dondozo, F|73/100 slp
|-damage|p2a: Dondozo|48/100 slp|[from] Spikes
|turn|19
|
|t:|1743799802
|move|p1a: Dachsbun|Body Press|p2a: Dondozo
|-crit|p2a: Dondozo
|-damage|p2a: Dondozo|32/100 slp
|cant|p2a: Dondozo|slp
|move|p2a: Dondozo|Sleep Talk|p2a: Dondozo
|move|p2a: Dondozo|Wave Crash|p1a: Dachsbun|[from] move: Sleep Talk
|-damage|p1a: Dachsbun|0 fnt
|faint|p1a: Dachsbun
|-damage|p2a: Dondozo|28/100 slp|[from] Recoil
|
|-heal|p2a: Dondozo|35/100 slp|[from] item: Leftovers
|upkeep
|
|t:|1743799805
|switch|p1a: Kilowattrel|Kilowattrel, F|81/100
|turn|20
|
|t:|1743799819
|switch|p2a: Landorus|Landorus-Therian, M|100/100
|-ability|p2a: Landorus|Intimidate|boost
|-unboost|p1a: Kilowattrel|atk|1
|move|p1a: Kilowattrel|Thunderbolt|p2a: Landorus
|-immune|p2a: Landorus
|
|upkeep
|turn|21
|
|t:|1743799827
|move|p1a: Kilowattrel|U-turn|p2a: Landorus
|-resisted|p2a: Landorus
|-damage|p2a: Landorus|95/100
|-damage|p1a: Kilowattrel|71/100|[from] item: Life Orb
|
|t:|1743799829
|switch|p1a: Ceruledge|Ceruledge, M|100/100|[from] U-turn
|move|p2a: Landorus|Swords Dance|p2a: Landorus
|-boost|p2a: Landorus|atk|2
|
|-heal|p2a: Landorus|100/100|[from] item: Leftovers
|upkeep
|turn|22
|
|t:|1743799840
|move|p1a: Ceruledge|Swords Dance|p1a: Ceruledge
|-boost|p1a: Ceruledge|atk|2
|move|p2a: Landorus|Earthquake|p1a: Ceruledge
|-supereffective|p1a: Ceruledge
|-enditem|p1a: Ceruledge|Focus Sash
|-damage|p1a: Ceruledge|1/100
|-ability|p1a: Ceruledge|Weak Armor|boost
|-unboost|p1a: Ceruledge|def|1
|-boost|p1a: Ceruledge|spe|2
|
|upkeep
|turn|23
|
|t:|1743799853
|move|p1a: Ceruledge|Bitter Blade|p2a: Landorus
|-damage|p2a: Landorus|0 fnt
|-heal|p1a: Ceruledge|56/100|[from] drain|[of] p2a: Landorus
|faint|p2a: Landorus
|
|upkeep
|
|t:|1743799863
|switch|p2a: Dondozo|Dondozo, F|35/100 slp
|-damage|p2a: Dondozo|10/100 slp|[from] Spikes
|turn|24
|inactive|CraftZin has 120 seconds left.
|inactive|CraftZin has 90 seconds left.
|inactive|CraftZin has 60 seconds left.
|inactive|CraftZin has 30 seconds left.
|inactive|CraftZin has 20 seconds left.
|inactive|CraftZin has 15 seconds left.
|inactive|CraftZin has 10 seconds left.
|inactive|CraftZin has 5 seconds left.
|-message|CraftZin lost due to inactivity.
|
|win|LewBurn
|raw|LewBurn's rating: 1087 &rarr; <strong>1113</strong><br />(+26 for winning)
|raw|CraftZin's rating: 1078 &rarr; <strong>1057</strong><br />(-21 for losing)
|l|☆LewBurn
|player|p1|
