|j|☆R. Caroline
|j|☆fasterfaster88
|t:|1743830005
|gametype|singles
|player|p1|R. Caroline|pokemonrangerf-gen4|1601
|player|p2|fasterfaster88|266|1586
|teamsize|p1|6
|teamsize|p2|6
|gen|9
|tier|[Gen 9] OU
|rated|
|rule|HP Percentage Mod: HP is shown in percentages
|rule|Endless Battle Clause: Forcing endless battles is banned
|rule|Species Clause: Limit one of each Pokémon
|rule|OHKO Clause: OHKO moves are banned
|rule|Evasion Items Clause: Evasion items are banned
|rule|Evasion Moves Clause: Evasion moves are banned
|rule|Sleep Moves Clause: Sleep-inducing moves are banned
|clearpoke
|poke|p1|Latias, F|
|poke|p1|Chansey, F|
|poke|p1|Ursaluna, M|
|poke|p1|Scizor, M|
|poke|p1|Umbreon, F|
|poke|p1|Mew|
|poke|p2|Weezing-Galar, M|
|poke|p2|Incineroar, F|
|poke|p2|Ogerpon-Wellspring, F|
|poke|p2|Gliscor, M|
|poke|p2|Gholdengo|
|poke|p2|Garganacl, F|
|teampreview
|inactive|Battle timer is ON: inactive players will automatically lose when time's up. (requested by fasterfaster88)
|
|t:|1743830026
|start
|switch|p1a: Dinah|Umbreon, F|100/100
|switch|p2a: Incineroar|Incineroar, F|100/100
|-ability|p2a: Incineroar|Intimidate|boost
|-fail|p1a: Dinah|unboost|Attack|[from] ability: Inner Focus|[of] p1a: Dinah
|turn|1
|
|t:|1743830041
|move|p1a: Dinah|Thunder Wave|p2a: Incineroar
|-status|p2a: Incineroar|par
|move|p2a: Incineroar|U-turn|p1a: Dinah
|-supereffective|p1a: Dinah
|-damage|p1a: Dinah|74/100
|-damage|p2a: Incineroar|84/100 par|[from] item: Rocky Helmet|[of] p1a: Dinah
|
|t:|1743830046
|switch|p2a: Gliscor|Gliscor, M|100/100|[from] U-turn
|
|-status|p2a: Gliscor|tox|[from] item: Toxic Orb
|upkeep
|turn|2
|
|t:|1743830056
|move|p2a: Gliscor|Toxic|p1a: Dinah
|-status|p1a: Dinah|tox
|move|p1a: Dinah|Taunt|p2a: Gliscor
|-start|p2a: Gliscor|move: Taunt
|
|-damage|p1a: Dinah|68/100 tox|[from] psn
|upkeep
|turn|3
|
|t:|1743830063
|move|p2a: Gliscor|U-turn|p1a: Dinah
|-supereffective|p1a: Dinah
|-crit|p1a: Dinah
|-damage|p1a: Dinah|41/100 tox
|-damage|p2a: Gliscor|84/100 tox|[from] item: Rocky Helmet|[of] p1a: Dinah
|
|t:|1743830066
|switch|p2a: Incineroar|Incineroar, F|84/100 par|[from] U-turn
|-ability|p2a: Incineroar|Intimidate|boost
|-fail|p1a: Dinah|unboost|Attack|[from] ability: Inner Focus|[of] p1a: Dinah
|move|p1a: Dinah|Foul Play|p2a: Incineroar
|-resisted|p2a: Incineroar
|-damage|p2a: Incineroar|60/100 par
|
|-damage|p1a: Dinah|29/100 tox|[from] psn
|upkeep
|turn|4
|
|t:|1743830074
|move|p1a: Dinah|Moonlight|p1a: Dinah
|-heal|p1a: Dinah|79/100 tox
|move|p2a: Incineroar|U-turn|p1a: Dinah
|-supereffective|p1a: Dinah
|-damage|p1a: Dinah|48/100 tox
|-damage|p2a: Incineroar|43/100 par|[from] item: Rocky Helmet|[of] p1a: Dinah
|
|t:|1743830094
|switch|p2a: Garganacl|Garganacl, F|100/100|[from] U-turn
|
|-damage|p1a: Dinah|30/100 tox|[from] psn
|upkeep
|turn|5
|
|t:|1743830098
|move|p1a: Dinah|Moonlight|p1a: Dinah
|-heal|p1a: Dinah|80/100 tox
|move|p2a: Garganacl|Stealth Rock|p1a: Dinah
|-sidestart|p1: R. Caroline|move: Stealth Rock
|
|-damage|p1a: Dinah|56/100 tox|[from] psn
|upkeep
|turn|6
|
|t:|1743830107
|switch|p1a: Garf|Scizor, M, shiny|100/100
|move|p2a: Garganacl|Salt Cure|p1a: Garf
|-damage|p1a: Garf|89/100
|-start|p1a: Garf|Salt Cure
|
|-damage|p1a: Garf|64/100|[from] Salt Cure
|upkeep
|turn|7
|
|t:|1743830120
|switch|p2a: Gliscor|Gliscor, M|84/100 tox
|move|p1a: Garf|Knock Off|p2a: Gliscor
|-damage|p2a: Gliscor|61/100 tox
|-enditem|p2a: Gliscor|Toxic Orb|[from] move: Knock Off|[of] p1a: Garf
|
|-heal|p2a: Gliscor|74/100 tox|[from] ability: Poison Heal
|-damage|p1a: Garf|39/100|[from] Salt Cure
|upkeep
|turn|8
|
|t:|1743830130
|move|p2a: Gliscor|U-turn|p1a: Garf
|-resisted|p1a: Garf
|-damage|p1a: Garf|32/100
|
|t:|1743830134
|switch|p2a: Weezing|Weezing-Galar, M|100/100|[from] U-turn
|-ability|p2a: Weezing|Neutralizing Gas
|move|p1a: Garf|Defog|p2a: Weezing
|-unboost|p2a: Weezing|evasion|1
|-sideend|p1: R. Caroline|Stealth Rock|[from] move: Defog|[of] p1a: Garf
|
|-damage|p1a: Garf|7/100|[from] Salt Cure
|upkeep
|turn|9
|
|t:|1743830148
|switch|p1a: Boston|Mew, shiny|100/100
|-end|p2a: Weezing|ability: Neutralizing Gas
|switch|p2a: Garganacl|Garganacl, F|100/100
|
|upkeep
|turn|10
|
|t:|1743830153
|move|p1a: Boston|Trick|p2a: Garganacl
|-activate|p1a: Boston|move: Trick|[of] p2a: Garganacl
|-item|p2a: Garganacl|Choice Scarf|[from] move: Trick
|-item|p1a: Boston|Leftovers|[from] move: Trick
|move|p2a: Garganacl|Stealth Rock|p1a: Boston
|-sidestart|p1: R. Caroline|move: Stealth Rock
|
|upkeep
|turn|11
|
|t:|1743830161
|switch|p2a: Gholdengo|Gholdengo|100/100
|-item|p2a: Gholdengo|Air Balloon
|move|p1a: Boston|Earth Power|p2a: Gholdengo
|-immune|p2a: Gholdengo
|
|upkeep
|turn|12
|
|t:|1743830167
|move|p1a: Boston|Volt Switch|p2a: Gholdengo
|-damage|p2a: Gholdengo|82/100
|-enditem|p2a: Gholdengo|Air Balloon
|
|t:|1743830171
|switch|p1a: Etrig|Ursaluna, M, shiny|100/100|[from] Volt Switch
|-damage|p1a: Etrig|94/100|[from] Stealth Rock
|move|p2a: Gholdengo|Nasty Plot|p2a: Gholdengo
|-boost|p2a: Gholdengo|spa|2
|
|upkeep
|turn|13
|
|t:|1743830177
|move|p2a: Gholdengo|Make It Rain|p1a: Etrig
|-damage|p1a: Etrig|4/100
|-unboost|p2a: Gholdengo|spa|1
|move|p1a: Etrig|Earthquake|p2a: Gholdengo
|-supereffective|p2a: Gholdengo
|-damage|p2a: Gholdengo|0 fnt
|faint|p2a: Gholdengo
|
|upkeep
|
|t:|1743830183
|switch|p2a: Gliscor|Gliscor, M|74/100 tox
|turn|14
|
|t:|1743830192
|switch|p1a: Boston|Mew, shiny|100/100
|-damage|p1a: Boston|88/100|[from] Stealth Rock
|move|p2a: Gliscor|Earthquake|p1a: Boston
|-damage|p1a: Boston|57/100
|
|-heal|p1a: Boston|63/100|[from] item: Leftovers
|-heal|p2a: Gliscor|86/100 tox|[from] ability: Poison Heal
|upkeep
|turn|15
|
|t:|1743830200
|switch|p2a: Garganacl|Garganacl, F|100/100
|move|p1a: Boston|Ice Beam|p2a: Garganacl
|-damage|p2a: Garganacl|83/100
|
|-heal|p1a: Boston|69/100|[from] item: Leftovers
|upkeep
|turn|16
|
|t:|1743830207
|move|p1a: Boston|Earth Power|p2a: Garganacl
|-supereffective|p2a: Garganacl
|-damage|p2a: Garganacl|51/100
|move|p2a: Garganacl|Salt Cure|p1a: Boston
|-damage|p1a: Boston|56/100
|-start|p1a: Boston|Salt Cure
|
|-heal|p1a: Boston|62/100|[from] item: Leftovers
|-damage|p1a: Boston|50/100|[from] Salt Cure
|upkeep
|turn|17
|
|t:|1743830217
|switch|p2a: Ogerpon|Ogerpon-Wellspring, F|100/100
|move|p1a: Boston|Volt Switch|p2a: Ogerpon
|-damage|p2a: Ogerpon|78/100
|
|t:|1743830230
|switch|p1a: Dinah|Umbreon, F|56/100 tox|[from] Volt Switch
|-damage|p1a: Dinah|43/100 tox|[from] Stealth Rock
|
|-damage|p1a: Dinah|37/100 tox|[from] psn
|upkeep
|turn|18
|
|t:|1743830238
|switch|p2a: Garganacl|Garganacl, F|51/100
|move|p1a: Dinah|Foul Play|p2a: Garganacl
|-damage|p2a: Garganacl|28/100
|
|-damage|p1a: Dinah|25/100 tox|[from] psn
|upkeep
|turn|19
|
|t:|1743830245
|move|p1a: Dinah|Moonlight|p1a: Dinah
|-heal|p1a: Dinah|75/100 tox
|move|p2a: Garganacl|Recover|p2a: Garganacl
|-heal|p2a: Garganacl|78/100
|
|-damage|p1a: Dinah|57/100 tox|[from] psn
|upkeep
|turn|20
|
|t:|1743830254
|switch|p1a: Garf|Scizor, M, shiny|7/100
|switch|p2a: Gliscor|Gliscor, M|86/100 tox
|
|-heal|p2a: Gliscor|99/100 tox|[from] ability: Poison Heal
|upkeep
|turn|21
|
|t:|1743830266
|move|p2a: Gliscor|Earthquake|p1a: Garf
|-damage|p1a: Garf|0 fnt
|faint|p1a: Garf
|
|-heal|p2a: Gliscor|100/100 tox|[from] ability: Poison Heal
|upkeep
|
|t:|1743830276
|switch|p1a: Shay|Chansey, F, shiny|100/100
|-damage|p1a: Shay|88/100|[from] Stealth Rock
|turn|22
|
|t:|1743830298
|move|p2a: Gliscor|U-turn|p1a: Shay
|-damage|p1a: Shay|70/100
|j| lehoang24121992
|
|t:|1743830309
|switch|p2a: Incineroar|Incineroar, F|43/100 par|[from] U-turn
|-ability|p2a: Incineroar|Intimidate|boost
|-unboost|p1a: Shay|atk|1
|move|p1a: Shay|Healing Wish|p1a: Shay
|faint|p1a: Shay
|
|upkeep
|
|t:|1743830319
|switch|p1a: Etrig|Ursaluna, M, shiny|4/100
|-heal|p1a: Etrig|100/100|[from] move: Healing Wish
|-damage|p1a: Etrig|94/100|[from] Stealth Rock
|turn|23
|
|t:|1743830326
|move|p1a: Etrig|Stone Edge|p2a: Incineroar
|-supereffective|p2a: Incineroar
|-damage|p2a: Incineroar|0 fnt
|faint|p2a: Incineroar
|
|upkeep
|
|t:|1743830335
|switch|p2a: Ogerpon|Ogerpon-Wellspring, F|78/100
|turn|24
|
|t:|1743830350
|-terastallize|p2a: Ogerpon|Water
|detailschange|p2a: Ogerpon|Ogerpon-Wellspring-Tera, F, tera:Water
|-ability|p2a: Ogerpon|Embody Aspect (Wellspring)|boost
|-boost|p2a: Ogerpon|spd|1
|-terastallize|p1a: Etrig|Bug
|move|p2a: Ogerpon|Ivy Cudgel|p1a: Etrig|[anim] Ivy Cudgel Water
|-damage|p1a: Etrig|44/100
|move|p1a: Etrig|Supercell Slam|p2a: Ogerpon
|-supereffective|p2a: Ogerpon
|-damage|p2a: Ogerpon|0 fnt
|faint|p2a: Ogerpon
|
|upkeep
|
|t:|1743830363
|switch|p2a: Garganacl|Garganacl, F|78/100
|turn|25
|
|t:|1743830365
|move|p2a: Garganacl|Salt Cure|p1a: Etrig
|-supereffective|p1a: Etrig
|-damage|p1a: Etrig|26/100
|-start|p1a: Etrig|Salt Cure
|move|p1a: Etrig|Earthquake|p2a: Garganacl
|-supereffective|p2a: Garganacl
|-damage|p2a: Garganacl|4/100
|
|-damage|p1a: Etrig|14/100|[from] Salt Cure
|upkeep
|turn|26
|
|t:|1743830373
|move|p2a: Garganacl|Salt Cure|p1a: Etrig
|-supereffective|p1a: Etrig
|-damage|p1a: Etrig|0 fnt
|faint|p1a: Etrig
|
|upkeep
|
|t:|1743830384
|switch|p1a: Boston|Mew, shiny|50/100
|-damage|p1a: Boston|37/100|[from] Stealth Rock
|turn|27
|
|t:|1743830397
|switch|p2a: Weezing|Weezing-Galar, M|100/100
|-ability|p2a: Weezing|Neutralizing Gas
|move|p1a: Boston|Earth Power|p2a: Weezing
|-supereffective|p2a: Weezing
|-damage|p2a: Weezing|27/100
|
|-heal|p1a: Boston|44/100|[from] item: Leftovers
|upkeep
|turn|28
|
|t:|1743830407
|move|p1a: Boston|Earth Power|p2a: Weezing
|-supereffective|p2a: Weezing
|-damage|p2a: Weezing|0 fnt
|faint|p2a: Weezing
|-end|p2a: Weezing|ability: Neutralizing Gas
|
|-heal|p1a: Boston|50/100|[from] item: Leftovers
|upkeep
|-message|fasterfaster88 forfeited.
|
|win|R. Caroline
|raw|R. Caroline's rating: 1601 &rarr; <strong>1620</strong><br />(+19 for winning)
|raw|fasterfaster88's rating: 1586 &rarr; <strong>1567</strong><br />(-19 for losing)
|l|☆fasterfaster88
|player|p2|
