|j|☆Camskilol101
|j|☆nokir44
|t:|1743891863
|gametype|singles
|player|p1|Camskilol101|byron|1039
|player|p2|nokir44|170|1000
|teamsize|p1|6
|teamsize|p2|6
|gen|9
|tier|[Gen 9] OU
|rated|
|rule|HP Percentage Mod: HP is shown in percentages
|rule|Endless Battle Clause: Forcing endless battles is banned
|rule|Species Clause: Limit one of each Pokémon
|rule|OHKO Clause: OHKO moves are banned
|rule|Evasion Items Clause: Evasion items are banned
|rule|Evasion Moves Clause: Evasion moves are banned
|rule|Sleep Moves Clause: Sleep-inducing moves are banned
|clearpoke
|poke|p1|Comfey, F|
|poke|p1|Sandy Shocks|
|poke|p1|Toxapex, M|
|poke|p1|Goodra-Hisui, M|
|poke|p1|Iron Jugulis|
|poke|p1|Blaziken, M|
|poke|p2|Venusaur, F|
|poke|p2|Charizard, F|
|poke|p2|Blastoise, M|
|poke|p2|Ninetales, M|
|poke|p2|Vileplume, F|
|poke|p2|Golduck, M|
|teampreview
|inactive|Battle timer is ON: inactive players will automatically lose when time's up. (requested by Camskilol101)
|
|t:|1743891870
|start
|switch|p1a: mr cheeks|Sandy Shocks, shiny|100/100
|switch|p2a: Charizard|Charizard, F|100/100
|-enditem|p1a: mr cheeks|Booster Energy
|-activate|p1a: mr cheeks|ability: Protosynthesis|[fromitem]
|-start|p1a: mr cheeks|protosynthesisspe
|turn|1
|
|t:|1743891878
|switch|p2a: Ninetales|Ninetales, M|100/100
|-item|p2a: Ninetales|Air Balloon
|move|p1a: mr cheeks|Stealth Rock|p2a: Ninetales
|-sidestart|p2: nokir44|move: Stealth Rock
|
|upkeep
|turn|2
|
|t:|1743891891
|move|p1a: mr cheeks|Thunderbolt|p2a: Ninetales
|-damage|p2a: Ninetales|60/100
|-enditem|p2a: Ninetales|Air Balloon
|move|p2a: Ninetales|Psyshock|p1a: mr cheeks
|-damage|p1a: mr cheeks|82/100
|
|upkeep
|turn|3
|
|t:|1743891900
|move|p1a: mr cheeks|Earth Power|p2a: Ninetales
|-supereffective|p2a: Ninetales
|-damage|p2a: Ninetales|0 fnt
|faint|p2a: Ninetales
|
|upkeep
|
|t:|1743891906
|switch|p2a: Golduck|Golduck, M|100/100
|-damage|p2a: Golduck|88/100|[from] Stealth Rock
|turn|4
|
|t:|1743891913
|move|p1a: mr cheeks|Thunderbolt|p2a: Golduck
|-supereffective|p2a: Golduck
|-damage|p2a: Golduck|0 fnt
|faint|p2a: Golduck
|
|upkeep
|
|t:|1743891921
|switch|p2a: Venusaur|Venusaur, F|100/100
|-damage|p2a: Venusaur|88/100|[from] Stealth Rock
|turn|5
|
|t:|1743891933
|-terastallize|p1a: mr cheeks|Ice
|move|p1a: mr cheeks|Tera Blast|p2a: Venusaur|[anim] Tera Blast Ice
|-supereffective|p2a: Venusaur
|-damage|p2a: Venusaur|37/100
|move|p2a: Venusaur|Earth Power|p1a: mr cheeks
|-damage|p1a: mr cheeks|49/100
|
|upkeep
|turn|6
|
|t:|1743891941
|move|p1a: mr cheeks|Tera Blast|p2a: Venusaur|[anim] Tera Blast Ice
|-supereffective|p2a: Venusaur
|-damage|p2a: Venusaur|0 fnt
|faint|p2a: Venusaur
|
|upkeep
|
|t:|1743891947
|switch|p2a: Vileplume|Vileplume, F|100/100
|-damage|p2a: Vileplume|88/100|[from] Stealth Rock
|turn|7
|
|t:|1743891951
|move|p1a: mr cheeks|Tera Blast|p2a: Vileplume|[anim] Tera Blast Ice
|-supereffective|p2a: Vileplume
|-damage|p2a: Vileplume|7/100
|move|p2a: Vileplume|Energy Ball|p1a: mr cheeks
|-damage|p1a: mr cheeks|0 fnt
|faint|p1a: mr cheeks
|-end|p1a: mr cheeks|Protosynthesis|[silent]
|-damage|p2a: Vileplume|0 fnt|[from] item: Life Orb
|faint|p2a: Vileplume
|
|upkeep
|
|t:|1743891968
|switch|p1a: freak lord|Iron Jugulis, shiny|100/100
|switch|p2a: Blastoise|Blastoise, M|100/100
|-damage|p2a: Blastoise|88/100|[from] Stealth Rock
|-enditem|p1a: freak lord|Booster Energy
|-activate|p1a: freak lord|ability: Quark Drive|[fromitem]
|-start|p1a: freak lord|quarkdrivespe
|turn|8
|
|t:|1743891975
|move|p1a: freak lord|Hurricane|p2a: Blastoise
|-crit|p2a: Blastoise
|-damage|p2a: Blastoise|15/100
|-start|p2a: Blastoise|confusion
|-activate|p2a: Blastoise|confusion
|move|p2a: Blastoise|Avalanche|p1a: freak lord
|-supereffective|p1a: freak lord
|-damage|p1a: freak lord|42/100
|
|-heal|p2a: Blastoise|21/100|[from] item: Leftovers
|upkeep
|turn|9
|
|t:|1743891987
|move|p1a: freak lord|Dark Pulse|p2a: Blastoise
|-damage|p2a: Blastoise|0 fnt
|faint|p2a: Blastoise
|
|upkeep
|
|t:|1743891991
|switch|p2a: Charizard|Charizard, F|100/100
|-damage|p2a: Charizard|50/100|[from] Stealth Rock
|turn|10
|
|t:|1743892007
|-terastallize|p2a: Charizard|Electric
|move|p1a: freak lord|Hurricane|p2a: Charizard
|-resisted|p2a: Charizard
|-damage|p2a: Charizard|18/100
|move|p2a: Charizard|Acrobatics|p1a: freak lord
|-damage|p1a: freak lord|2/100
|
|upkeep
|turn|11
|
|t:|1743892017
|move|p1a: freak lord|Earth Power|p2a: Charizard
|-supereffective|p2a: Charizard
|-damage|p2a: Charizard|0 fnt
|faint|p2a: Charizard
|
|win|Camskilol101
|raw|Camskilol101's rating: 1039 &rarr; <strong>1069</strong><br />(+30 for winning)
|raw|nokir44's rating: 1000 &rarr; <strong>1000</strong><br />(+0 for losing)
