|j|☆rippedpantsbob
|j|☆shupple
|t:|1743855682
|gametype|singles
|player|p1|rippedpantsbob|dawn|1194
|player|p2|shupple|elesa|1261
|teamsize|p1|6
|teamsize|p2|6
|gen|9
|tier|[Gen 9] OU
|rated|
|rule|HP Percentage Mod: HP is shown in percentages
|rule|Endless Battle Clause: Forcing endless battles is banned
|rule|Species Clause: Limit one of each Pokémon
|rule|OHKO Clause: OHKO moves are banned
|rule|Evasion Items Clause: Evasion items are banned
|rule|Evasion Moves Clause: Evasion moves are banned
|rule|Sleep Moves Clause: Sleep-inducing moves are banned
|clearpoke
|poke|p1|Glimmora, M|
|poke|p1|Slowking-Galar, M|
|poke|p1|Corviknight, F|
|poke|p1|Kyurem|
|poke|p1|Raikou|
|poke|p1|Sinistcha|
|poke|p2|Bellibolt, M|
|poke|p2|Rillaboom, F|
|poke|p2|Great Tusk|
|poke|p2|Dragapult, F|
|poke|p2|Kingambit, F|
|poke|p2|Cloyster, M|
|teampreview
|inactive|Battle timer is ON: inactive players will automatically lose when time's up. (requested by rippedpantsbob)
|
|t:|1743855714
|start
|switch|p1a: Glimmora|Glimmora, M|100/100
|switch|p2a: Cloyster|Cloyster, M|100/100
|turn|1
|
|t:|1743855724
|move|p1a: Glimmora|Meteor Beam||[still]
|-prepare|p1a: Glimmora|Meteor Beam
|-boost|p1a: Glimmora|spa|1
|-enditem|p1a: Glimmora|Power Herb
|-anim|p1a: Glimmora|Meteor Beam|p2a: Cloyster
|-supereffective|p2a: Cloyster
|-enditem|p2a: Cloyster|Focus Sash
|-damage|p2a: Cloyster|1/100
|move|p2a: Cloyster|Shell Smash|p2a: Cloyster
|-unboost|p2a: Cloyster|def|1
|-unboost|p2a: Cloyster|spd|1
|-boost|p2a: Cloyster|atk|2
|-boost|p2a: Cloyster|spa|2
|-boost|p2a: Cloyster|spe|2
|
|upkeep
|turn|2
|
|t:|1743855734
|move|p2a: Cloyster|Surf|p1a: Glimmora
|-supereffective|p1a: Glimmora
|-damage|p1a: Glimmora|0 fnt
|faint|p1a: Glimmora
|
|upkeep
|
|t:|1743855745
|switch|p1a: Slowking|Slowking-Galar, M|100/100
|turn|3
|
|t:|1743855752
|move|p2a: Cloyster|Icicle Spear|p1a: Slowking
|-damage|p1a: Slowking|79/100
|-damage|p1a: Slowking|58/100
|-damage|p1a: Slowking|38/100
|-damage|p1a: Slowking|15/100
|-damage|p1a: Slowking|0 fnt
|faint|p1a: Slowking
|-hitcount|p1: Slowking|5
|
|upkeep
|
|t:|1743855755
|switch|p1a: Corviknight|Corviknight, F|100/100
|-ability|p1a: Corviknight|Pressure
|turn|4
|
|t:|1743855763
|move|p2a: Cloyster|Surf|p1a: Corviknight
|-damage|p1a: Corviknight|52/100
|move|p1a: Corviknight|U-turn|p2a: Cloyster
|-damage|p2a: Cloyster|0 fnt
|faint|p2a: Cloyster
|
|t:|1743855772
|switch|p1a: Raikou|Raikou|100/100|[from] U-turn
|-ability|p1a: Raikou|Pressure
|
|upkeep
|
|t:|1743855783
|switch|p2a: Great Tusk|Great Tusk|100/100
|turn|5
|
|t:|1743855799
|move|p1a: Raikou|Scald|p2a: Great Tusk
|-supereffective|p2a: Great Tusk
|-damage|p2a: Great Tusk|20/100
|move|p2a: Great Tusk|Close Combat|p1a: Raikou
|-damage|p1a: Raikou|10/100
|-unboost|p2a: Great Tusk|def|1
|-unboost|p2a: Great Tusk|spd|1
|
|upkeep
|turn|6
|
|t:|1743855810
|move|p1a: Raikou|Scald|p2a: Great Tusk
|-supereffective|p2a: Great Tusk
|-damage|p2a: Great Tusk|0 fnt
|faint|p2a: Great Tusk
|-end|p2a: Great Tusk|Protosynthesis|[silent]
|
|upkeep
|
|t:|1743855813
|switch|p2a: Rillaboom|Rillaboom, F|100/100
|-fieldstart|move: Grassy Terrain|[from] ability: Grassy Surge|[of] p2a: Rillaboom
|turn|7
|
|t:|1743855818
|switch|p1a: Corviknight|Corviknight, F|52/100
|-ability|p1a: Corviknight|Pressure
|move|p2a: Rillaboom|Grassy Glide|p1a: Corviknight
|-resisted|p1a: Corviknight
|-damage|p1a: Corviknight|44/100
|-damage|p2a: Rillaboom|84/100|[from] item: Rocky Helmet|[of] p1a: Corviknight
|-damage|p2a: Rillaboom|74/100|[from] item: Life Orb
|
|-heal|p2a: Rillaboom|80/100|[from] Grassy Terrain
|upkeep
|turn|8
|
|t:|1743855825
|switch|p2a: Bellibolt|Bellibolt, M, shiny|100/100
|move|p1a: Corviknight|Roost|p1a: Corviknight
|-heal|p1a: Corviknight|94/100
|-singleturn|p1a: Corviknight|move: Roost
|
|-heal|p1a: Corviknight|99/100|[from] Grassy Terrain
|upkeep
|turn|9
|
|t:|1743855836
|switch|p1a: Raikou|Raikou|10/100
|-ability|p1a: Raikou|Pressure
|move|p2a: Bellibolt|Soak|p1a: Raikou
|-start|p1a: Raikou|typechange|Water
|
|-heal|p1a: Raikou|17/100|[from] Grassy Terrain
|upkeep
|turn|10
|
|t:|1743855854
|move|p1a: Raikou|Scald|p2a: Bellibolt
|-damage|p2a: Bellibolt|75/100
|-start|p2a: Bellibolt|Charge|Scald|[from] ability: Electromorphosis
|move|p2a: Bellibolt|Discharge|p1a: Raikou
|-supereffective|p1a: Raikou
|-damage|p1a: Raikou|0 fnt
|faint|p1a: Raikou
|-end|p2a: Bellibolt|Charge|[silent]
|
|-heal|p2a: Bellibolt|81/100|[from] Grassy Terrain
|upkeep
|
|t:|1743855861
|switch|p1a: Sinistcha|Sinistcha|100/100
|turn|11
|
|t:|1743855870
|move|p1a: Sinistcha|Calm Mind|p1a: Sinistcha
|-boost|p1a: Sinistcha|spa|1
|-boost|p1a: Sinistcha|spd|1
|move|p2a: Bellibolt|Soak|p1a: Sinistcha
|-start|p1a: Sinistcha|typechange|Water
|
|-heal|p2a: Bellibolt|88/100|[from] Grassy Terrain
|-fieldend|move: Grassy Terrain
|upkeep
|turn|12
|
|t:|1743855879
|move|p1a: Sinistcha|Calm Mind|p1a: Sinistcha
|-boost|p1a: Sinistcha|spa|1
|-boost|p1a: Sinistcha|spd|1
|move|p2a: Bellibolt|Toxic|p1a: Sinistcha
|-status|p1a: Sinistcha|tox
|
|-damage|p1a: Sinistcha|94/100 tox|[from] psn
|upkeep
|turn|13
|
|t:|1743855888
|move|p1a: Sinistcha|Matcha Gotcha|p2a: Bellibolt
|-damage|p2a: Bellibolt|61/100
|-heal|p1a: Sinistcha|100/100 tox|[from] drain|[of] p2a: Bellibolt
|-start|p2a: Bellibolt|Charge|Matcha Gotcha|[from] ability: Electromorphosis
|move|p2a: Bellibolt|Discharge|p1a: Sinistcha
|-supereffective|p1a: Sinistcha
|-damage|p1a: Sinistcha|31/100 tox
|-end|p2a: Bellibolt|Charge|[silent]
|
|-damage|p1a: Sinistcha|19/100 tox|[from] psn
|upkeep
|turn|14
|
|t:|1743855905
|move|p1a: Sinistcha|Matcha Gotcha|p2a: Bellibolt
|-damage|p2a: Bellibolt|33/100
|-heal|p1a: Sinistcha|36/100 tox|[from] drain|[of] p2a: Bellibolt
|-start|p2a: Bellibolt|Charge|Matcha Gotcha|[from] ability: Electromorphosis
|move|p2a: Bellibolt|Slack Off|p2a: Bellibolt
|-heal|p2a: Bellibolt|83/100
|
|-damage|p1a: Sinistcha|18/100 tox|[from] psn
|upkeep
|turn|15
|
|t:|1743855912
|move|p1a: Sinistcha|Matcha Gotcha|p2a: Bellibolt
|-damage|p2a: Bellibolt|54/100
|-heal|p1a: Sinistcha|36/100 tox|[from] drain|[of] p2a: Bellibolt
|-status|p2a: Bellibolt|brn
|-start|p2a: Bellibolt|Charge|Matcha Gotcha|[from] ability: Electromorphosis
|move|p2a: Bellibolt|Discharge|p1a: Sinistcha
|-supereffective|p1a: Sinistcha
|-damage|p1a: Sinistcha|0 fnt
|faint|p1a: Sinistcha
|-end|p2a: Bellibolt|Charge|[silent]
|
|-damage|p2a: Bellibolt|48/100 brn|[from] brn
|upkeep
|
|t:|1743855920
|switch|p1a: Kyurem|Kyurem|100/100
|-ability|p1a: Kyurem|Pressure
|turn|16
|
|t:|1743855925
|move|p1a: Kyurem|Substitute|p1a: Kyurem
|-start|p1a: Kyurem|Substitute
|-damage|p1a: Kyurem|76/100
|move|p2a: Bellibolt|Slack Off|p2a: Bellibolt
|-heal|p2a: Bellibolt|98/100 brn
|
|-heal|p1a: Kyurem|82/100|[from] item: Leftovers
|-damage|p2a: Bellibolt|92/100 brn|[from] brn
|upkeep
|turn|17
|
|t:|1743855932
|move|p1a: Kyurem|Earth Power|p2a: Bellibolt
|-supereffective|p2a: Bellibolt
|-damage|p2a: Bellibolt|59/100 brn
|-start|p2a: Bellibolt|Charge|Earth Power|[from] ability: Electromorphosis
|move|p2a: Bellibolt|Discharge|p1a: Kyurem
|-resisted|p1a: Kyurem
|-activate|p1a: Kyurem|move: Substitute|[damage]
|-end|p2a: Bellibolt|Charge|[silent]
|
|-heal|p1a: Kyurem|88/100|[from] item: Leftovers
|-damage|p2a: Bellibolt|53/100 brn|[from] brn
|upkeep
|turn|18
|
|t:|1743855938
|move|p1a: Kyurem|Protect|p1a: Kyurem
|-singleturn|p1a: Kyurem|Protect
|move|p2a: Bellibolt|Discharge|p1a: Kyurem
|-activate|p1a: Kyurem|move: Protect
|
|-heal|p1a: Kyurem|94/100|[from] item: Leftovers
|-damage|p2a: Bellibolt|47/100 brn|[from] brn
|upkeep
|turn|19
|
|t:|1743855949
|move|p1a: Kyurem|Freeze-Dry|p2a: Bellibolt
|-crit|p2a: Bellibolt
|-damage|p2a: Bellibolt|18/100 brn
|-start|p2a: Bellibolt|Charge|Freeze-Dry|[from] ability: Electromorphosis
|move|p2a: Bellibolt|Discharge|p1a: Kyurem
|-resisted|p1a: Kyurem
|-end|p1a: Kyurem|Substitute
|-end|p2a: Bellibolt|Charge|[silent]
|
|-heal|p1a: Kyurem|99/100|[from] item: Leftovers
|-damage|p2a: Bellibolt|11/100 brn|[from] brn
|upkeep
|turn|20
|
|t:|1743855967
|move|p1a: Kyurem|Substitute|p1a: Kyurem
|-start|p1a: Kyurem|Substitute
|-damage|p1a: Kyurem|75/100
|move|p2a: Bellibolt|Slack Off|p2a: Bellibolt
|-heal|p2a: Bellibolt|62/100 brn
|
|-heal|p1a: Kyurem|82/100|[from] item: Leftovers
|-damage|p2a: Bellibolt|55/100 brn|[from] brn
|upkeep
|turn|21
|
|t:|1743855974
|switch|p2a: Dragapult|Dragapult, F|100/100
|move|p1a: Kyurem|Earth Power|p2a: Dragapult
|-damage|p2a: Dragapult|67/100
|
|-heal|p1a: Kyurem|88/100|[from] item: Leftovers
|upkeep
|turn|22
|
|t:|1743855983
|-terastallize|p1a: Kyurem|Steel
|move|p2a: Dragapult|Draco Meteor|p1a: Kyurem
|-resisted|p1a: Kyurem
|-damage|p1a: Kyurem|60/100
|-unboost|p2a: Dragapult|spa|2
|-damage|p2a: Dragapult|57/100|[from] item: Life Orb
|move|p1a: Kyurem|Freeze-Dry|p2a: Dragapult
|-supereffective|p2a: Dragapult
|-damage|p2a: Dragapult|0 fnt
|faint|p2a: Dragapult
|
|-heal|p1a: Kyurem|66/100|[from] item: Leftovers
|upkeep
|
|t:|1743855994
|switch|p2a: Kingambit|Kingambit, F|100/100
|-activate|p2a: Kingambit|ability: Supreme Overlord
|-start|p2a: Kingambit|fallen3|[silent]
|turn|23
|
|t:|1743856002
|move|p1a: Kyurem|Earth Power|p2a: Kingambit
|-supereffective|p2a: Kingambit
|-damage|p2a: Kingambit|50/100
|move|p2a: Kingambit|Low Kick|p1a: Kyurem
|-supereffective|p1a: Kyurem
|-end|p1a: Kyurem|Substitute
|
|-heal|p1a: Kyurem|72/100|[from] item: Leftovers
|upkeep
|turn|24
|
|t:|1743856008
|switch|p1a: Corviknight|Corviknight, F|99/100
|-ability|p1a: Corviknight|Pressure
|move|p2a: Kingambit|Sucker Punch||[still]
|-fail|p2a: Kingambit
|
|upkeep
|turn|25
|
|t:|1743856022
|-end|p2a: Kingambit|fallen3|[silent]
|switch|p2a: Bellibolt|Bellibolt, M, shiny|55/100 brn
|move|p1a: Corviknight|Iron Defense|p1a: Corviknight
|-boost|p1a: Corviknight|def|2
|
|-damage|p2a: Bellibolt|49/100 brn|[from] brn
|upkeep
|turn|26
|
|t:|1743856029
|move|p1a: Corviknight|Body Press|p2a: Bellibolt
|-damage|p2a: Bellibolt|4/100 brn
|-start|p2a: Bellibolt|Charge|Body Press|[from] ability: Electromorphosis
|move|p2a: Bellibolt|Slack Off|p2a: Bellibolt
|-heal|p2a: Bellibolt|54/100 brn
|
|-damage|p2a: Bellibolt|48/100 brn|[from] brn
|upkeep
|turn|27
|
|t:|1743856044
|move|p1a: Corviknight|Body Press|p2a: Bellibolt
|-damage|p2a: Bellibolt|1/100 brn
|-start|p2a: Bellibolt|Charge|Body Press|[from] ability: Electromorphosis
|move|p2a: Bellibolt|Slack Off|p2a: Bellibolt
|-heal|p2a: Bellibolt|52/100 brn
|
|-damage|p2a: Bellibolt|45/100 brn|[from] brn
|upkeep
|turn|28
|
|t:|1743856055
|move|p1a: Corviknight|Body Press|p2a: Bellibolt
|-damage|p2a: Bellibolt|0 fnt
|faint|p2a: Bellibolt
|
|upkeep
|
|t:|1743856065
|switch|p2a: Rillaboom|Rillaboom, F|80/100
|-fieldstart|move: Grassy Terrain|[from] ability: Grassy Surge|[of] p2a: Rillaboom
|turn|29
|
|t:|1743856070
|move|p2a: Rillaboom|Wood Hammer|p1a: Corviknight
|-resisted|p1a: Corviknight
|-damage|p1a: Corviknight|91/100
|-damage|p2a: Rillaboom|63/100|[from] item: Rocky Helmet|[of] p1a: Corviknight
|-damage|p2a: Rillaboom|60/100|[from] Recoil
|-damage|p2a: Rillaboom|50/100|[from] item: Life Orb
|move|p1a: Corviknight|Iron Defense|p1a: Corviknight
|-boost|p1a: Corviknight|def|2
|
|-heal|p2a: Rillaboom|56/100|[from] Grassy Terrain
|upkeep
|turn|30
|-message|shupple forfeited.
|
|win|rippedpantsbob
|raw|rippedpantsbob's rating: 1194 &rarr; <strong>1224</strong><br />(+30 for winning)
|raw|shupple's rating: 1261 &rarr; <strong>1231</strong><br />(-30 for losing)
|l|☆shupple
|player|p2|
|l|☆rippedpantsbob
|player|p1|
