|j|☆Aggron
|j|☆Bum_Muncha
|t:|1743908708
|gametype|singles
|player|p1|Aggron|266|1510
|player|p2|Bum_Muncha|265|1582
|teamsize|p1|6
|teamsize|p2|6
|gen|9
|tier|[Gen 9] OU
|rated|
|rule|HP Percentage Mod: HP is shown in percentages
|rule|Endless Battle Clause: Forcing endless battles is banned
|rule|Species Clause: Limit one of each Pokémon
|rule|OHKO Clause: OHKO moves are banned
|rule|Evasion Items Clause: Evasion items are banned
|rule|Evasion Moves Clause: Evasion moves are banned
|rule|Sleep Moves Clause: Sleep-inducing moves are banned
|clearpoke
|poke|p1|Grafaiai, M|
|poke|p1|Lokix, M|
|poke|p1|Excadrill, M|
|poke|p1|Enamorus, F|
|poke|p1|Garchomp, F|
|poke|p1|Araquanid, F|
|poke|p2|Kingambit, M|
|poke|p2|Garchomp, M|
|poke|p2|Pecharunt|
|poke|p2|Darkrai|
|poke|p2|Kyurem|
|poke|p2|Zapdos-Galar|
|teampreview
|inactive|Battle timer is ON: inactive players will automatically lose when time's up. (requested by Aggron)
|
|t:|1743908721
|start
|switch|p1a: Enamorus|Enamorus, F|100/100
|switch|p2a: Garchomp|Garchomp, M|100/100
|turn|1
|
|t:|1743908726
|switch|p2a: Pecharunt|Pecharunt|100/100
|-item|p2a: Pecharunt|Air Balloon
|move|p1a: Enamorus|Moonblast|p2a: Pecharunt
|-resisted|p2a: Pecharunt
|-damage|p2a: Pecharunt|73/100
|-enditem|p2a: Pecharunt|Air Balloon
|
|upkeep
|turn|2
|
|t:|1743908736
|switch|p1a: Grafaiai|Grafaiai, M|100/100
|switch|p2a: Zapdos|Zapdos-Galar|100/100
|
|upkeep
|turn|3
|
|t:|1743908741
|switch|p1a: Garchomp|Garchomp, F|100/100
|move|p2a: Zapdos|U-turn|p1a: Garchomp
|-damage|p1a: Garchomp|85/100
|-damage|p2a: Zapdos|88/100|[from] ability: Rough Skin|[of] p1a: Garchomp
|-damage|p2a: Zapdos|72/100|[from] item: Rocky Helmet|[of] p1a: Garchomp
|
|t:|1743908746
|switch|p2a: Garchomp|Garchomp, M|100/100|[from] U-turn
|
|upkeep
|turn|4
|
|t:|1743908752
|move|p2a: Garchomp|Stealth Rock|p1a: Garchomp
|-sidestart|p1: Aggron|move: Stealth Rock
|move|p1a: Garchomp|Stealth Rock|p2a: Garchomp
|-sidestart|p2: Bum_Muncha|move: Stealth Rock
|
|upkeep
|turn|5
|
|t:|1743908759
|move|p2a: Garchomp|Draco Meteor|p1a: Garchomp
|-supereffective|p1a: Garchomp
|-damage|p1a: Garchomp|0 fnt
|-unboost|p2a: Garchomp|spa|2
|faint|p1a: Garchomp
|-damage|p2a: Garchomp|91/100|[from] item: Life Orb
|
|upkeep
|
|t:|1743908766
|switch|p1a: Araquanid|Araquanid, F|100/100
|-damage|p1a: Araquanid|76/100|[from] Stealth Rock
|turn|6
|
|t:|1743908772
|move|p2a: Garchomp|Earthquake|p1a: Araquanid
|-resisted|p1a: Araquanid
|-damage|p1a: Araquanid|46/100
|-damage|p2a: Garchomp|81/100|[from] item: Life Orb
|move|p1a: Araquanid|Sticky Web|p2a: Garchomp
|-sidestart|p2: Bum_Muncha|move: Sticky Web
|
|upkeep
|turn|7
|
|t:|1743908776
|move|p2a: Garchomp|Earthquake|p1a: Araquanid
|-resisted|p1a: Araquanid
|-damage|p1a: Araquanid|16/100
|-damage|p2a: Garchomp|71/100|[from] item: Life Orb
|move|p1a: Araquanid|Liquidation|p2a: Garchomp
|-damage|p2a: Garchomp|10/100
|-damage|p1a: Araquanid|4/100|[from] ability: Rough Skin|[of] p2a: Garchomp
|
|upkeep
|turn|8
|-enditem|p1a: Araquanid|Custap Berry|[eat]
|-activate|p1a: Araquanid|item: Custap Berry|[consumed]
|
|t:|1743908781
|move|p1a: Araquanid|Liquidation|p2a: Garchomp
|-damage|p2a: Garchomp|0 fnt
|-damage|p1a: Araquanid|0 fnt|[from] ability: Rough Skin|[of] p2a: Garchomp
|faint|p2a: Garchomp
|faint|p1a: Araquanid
|
|upkeep
|
|t:|1743908798
|switch|p2a: Darkrai|Darkrai|100/100
|switch|p1a: Grafaiai|Grafaiai, M|100/100
|-damage|p1a: Grafaiai|88/100|[from] Stealth Rock
|turn|9
|
|t:|1743908802
|move|p2a: Darkrai|Dark Pulse|p1a: Grafaiai
|-damage|p1a: Grafaiai|27/100
|move|p1a: Grafaiai|U-turn|p2a: Darkrai
|-supereffective|p2a: Darkrai
|-crit|p2a: Darkrai
|-damage|p2a: Darkrai|39/100
|
|t:|1743908807
|switch|p1a: Lokix|Lokix, M|100/100|[from] U-turn
|
|upkeep
|turn|10
|
|t:|1743908812
|switch|p2a: Pecharunt|Pecharunt|73/100
|-damage|p2a: Pecharunt|60/100|[from] Stealth Rock
|-activate|p2a: Pecharunt|move: Sticky Web
|-unboost|p2a: Pecharunt|spe|1
|move|p1a: Lokix|First Impression|p2a: Pecharunt
|-resisted|p2a: Pecharunt
|-damage|p2a: Pecharunt|50/100
|
|upkeep
|turn|11
|
|t:|1743908815
|move|p1a: Lokix|Knock Off|p2a: Pecharunt
|-supereffective|p2a: Pecharunt
|-damage|p2a: Pecharunt|19/100
|move|p2a: Pecharunt|Recover|p2a: Pecharunt
|-heal|p2a: Pecharunt|69/100
|
|upkeep
|turn|12
|
|t:|1743908823
|switch|p1a: Excadrill|Excadrill, M|100/100
|-damage|p1a: Excadrill|97/100|[from] Stealth Rock
|-ability|p1a: Excadrill|Mold Breaker
|move|p2a: Pecharunt|Recover|p2a: Pecharunt
|-heal|p2a: Pecharunt|100/100
|
|upkeep
|turn|13
|
|t:|1743908831
|move|p1a: Excadrill|Rapid Spin|p2a: Pecharunt
|-immune|p2a: Pecharunt
|move|p2a: Pecharunt|Parting Shot|p1a: Excadrill
|-unboost|p1a: Excadrill|atk|1
|-unboost|p1a: Excadrill|spa|1
|
|t:|1743908834
|switch|p2a: Zapdos|Zapdos-Galar|72/100|[from] Parting Shot
|-damage|p2a: Zapdos|59/100|[from] Stealth Rock
|
|upkeep
|turn|14
|
|t:|1743908841
|switch|p1a: Grafaiai|Grafaiai, M|27/100
|-damage|p1a: Grafaiai|15/100|[from] Stealth Rock
|move|p2a: Zapdos|U-turn|p1a: Grafaiai
|-resisted|p1a: Grafaiai
|-damage|p1a: Grafaiai|4/100
|
|t:|1743908845
|switch|p2a: Darkrai|Darkrai|39/100|[from] U-turn
|
|-heal|p1a: Grafaiai|10/100|[from] item: Black Sludge
|upkeep
|turn|15
|
|t:|1743908853
|switch|p1a: Lokix|Lokix, M|100/100
|move|p2a: Darkrai|Dark Pulse|p1a: Lokix
|-resisted|p1a: Lokix
|-damage|p1a: Lokix|59/100
|
|upkeep
|turn|16
|
|t:|1743908859
|switch|p2a: Pecharunt|Pecharunt|100/100
|-damage|p2a: Pecharunt|88/100|[from] Stealth Rock
|-activate|p2a: Pecharunt|move: Sticky Web
|-unboost|p2a: Pecharunt|spe|1
|move|p1a: Lokix|Swords Dance|p1a: Lokix
|-boost|p1a: Lokix|atk|2
|
|upkeep
|turn|17
|
|t:|1743908863
|move|p1a: Lokix|Knock Off|p2a: Pecharunt
|-supereffective|p2a: Pecharunt
|-damage|p2a: Pecharunt|31/100
|move|p2a: Pecharunt|Malignant Chain|p1a: Lokix
|-damage|p1a: Lokix|0 fnt
|faint|p1a: Lokix
|
|upkeep
|
|t:|1743908870
|switch|p1a: Excadrill|Excadrill, M|97/100
|-damage|p1a: Excadrill|94/100|[from] Stealth Rock
|-ability|p1a: Excadrill|Mold Breaker
|turn|18
|
|t:|1743908879
|switch|p2a: Zapdos|Zapdos-Galar|59/100
|-damage|p2a: Zapdos|47/100|[from] Stealth Rock
|move|p1a: Excadrill|Earthquake|p2a: Zapdos
|-immune|p2a: Zapdos
|
|upkeep
|turn|19
|
|t:|1743908884
|-terastallize|p1a: Excadrill|Ghost
|move|p2a: Zapdos|Close Combat|p1a: Excadrill
|-immune|p1a: Excadrill
|move|p1a: Excadrill|Rapid Spin|p2a: Zapdos
|-damage|p2a: Zapdos|27/100
|-boost|p1a: Excadrill|spe|1
|-sideend|p1: Aggron|Stealth Rock|[from] move: Rapid Spin|[of] p1a: Excadrill
|
|upkeep
|turn|20
|
|t:|1743908897
|switch|p2a: Pecharunt|Pecharunt|31/100
|-damage|p2a: Pecharunt|18/100|[from] Stealth Rock
|-activate|p2a: Pecharunt|move: Sticky Web
|-unboost|p2a: Pecharunt|spe|1
|move|p1a: Excadrill|Earthquake|p2a: Pecharunt
|-supereffective|p2a: Pecharunt
|-damage|p2a: Pecharunt|0 fnt
|faint|p2a: Pecharunt
|
|upkeep
|
|t:|1743908901
|switch|p2a: Kingambit|Kingambit, M|100/100
|-damage|p2a: Kingambit|94/100|[from] Stealth Rock
|-activate|p2a: Kingambit|move: Sticky Web
|-unboost|p2a: Kingambit|spe|1
|-activate|p2a: Kingambit|ability: Supreme Overlord
|-start|p2a: Kingambit|fallen2|[silent]
|turn|21
|
|t:|1743908905
|move|p2a: Kingambit|Sucker Punch|p1a: Excadrill
|-supereffective|p1a: Excadrill
|-damage|p1a: Excadrill|0 fnt
|faint|p1a: Excadrill
|
|upkeep
|
|t:|1743908907
|switch|p1a: Enamorus|Enamorus, F|100/100
|turn|22
|
|t:|1743908913
|move|p1a: Enamorus|Earth Power|p2a: Kingambit
|-supereffective|p2a: Kingambit
|-damage|p2a: Kingambit|9/100
|move|p2a: Kingambit|Iron Head|p1a: Enamorus
|-supereffective|p1a: Enamorus
|-damage|p1a: Enamorus|0 fnt
|faint|p1a: Enamorus
|
|upkeep
|-message|Aggron forfeited.
|
|win|Bum_Muncha
|raw|Aggron's rating: 1510 &rarr; <strong>1494</strong><br />(-16 for losing)
|raw|Bum_Muncha's rating: 1582 &rarr; <strong>1598</strong><br />(+16 for winning)
|l|☆Aggron
|player|p1|
|l|☆Bum_Muncha
|player|p2|
