|j|☆DBest04
|j|☆dishes_ttv
|t:|1743870635
|gametype|singles
|player|p1|DBest04|170|1641
|player|p2|dishes_ttv|101|1635
|teamsize|p1|6
|teamsize|p2|6
|gen|9
|tier|[Gen 9] OU
|rated|
|rule|HP Percentage Mod: HP is shown in percentages
|rule|Endless Battle Clause: Forcing endless battles is banned
|rule|Species Clause: Limit one of each Pokémon
|rule|OHKO Clause: OHKO moves are banned
|rule|Evasion Items Clause: Evasion items are banned
|rule|Evasion Moves Clause: Evasion moves are banned
|rule|Sleep Moves Clause: Sleep-inducing moves are banned
|clearpoke
|poke|p1|Cinderace, M|
|poke|p1|Kingambit, M|
|poke|p1|Ribombee, F|
|poke|p1|Gholdengo|
|poke|p1|Empoleon, M|
|poke|p1|Serperior, F|
|poke|p2|Dragapult, M|
|poke|p2|Meowscarada, F|
|poke|p2|Tinkaton, F|
|poke|p2|Primarina, F|
|poke|p2|Gholdengo|
|poke|p2|Great Tusk|
|teampreview
|j| j0hn the baptist
|inactive|Battle timer is ON: inactive players will automatically lose when time's up. (requested by DBest04)
|inactive|dishes_ttv has 120 seconds left.
|l| j0hn the baptist
|
|t:|1743870673
|start
|switch|p1a: Bumblebee|Ribombee, F, shiny|100/100
|switch|p2a: Tinkaton|Tinkaton, F|100/100
|-ability|p2a: Tinkaton|Mold Breaker
|-item|p2a: Tinkaton|Air Balloon
|turn|1
|
|t:|1743870677
|move|p1a: Bumblebee|Sticky Web|p2a: Tinkaton
|-sidestart|p2: dishes_ttv|move: Sticky Web
|move|p2a: Tinkaton|Gigaton Hammer|p1a: Bumblebee
|-supereffective|p1a: Bumblebee
|-enditem|p1a: Bumblebee|Focus Sash
|-damage|p1a: Bumblebee|1/100
|
|upkeep
|turn|2
|j| j0hn the baptist
|
|t:|1743870682
|move|p1a: Bumblebee|U-turn|p2a: Tinkaton
|-resisted|p2a: Tinkaton
|-damage|p2a: Tinkaton|97/100
|-enditem|p2a: Tinkaton|Air Balloon
|
|t:|1743870686
|switch|p1a: Ace|Cinderace, M|100/100|[from] U-turn
|move|p2a: Tinkaton|Stealth Rock|p1a: Ace
|-sidestart|p1: DBest04|move: Stealth Rock
|
|upkeep
|turn|3
|
|t:|1743870692
|switch|p2a: Great Tusk|Great Tusk|100/100
|-activate|p2a: Great Tusk|move: Sticky Web
|-unboost|p2a: Great Tusk|spe|1
|move|p1a: Ace|Will-O-Wisp|p2a: Great Tusk
|-status|p2a: Great Tusk|brn
|
|-damage|p2a: Great Tusk|94/100 brn|[from] brn
|upkeep
|turn|4
|l| j0hn the baptist
|j| Dude201
|
|t:|1743870718
|move|p1a: Ace|Court Change|p1a: Ace
|-swapsideconditions
|-activate|p1a: Ace|move: Court Change
|move|p2a: Great Tusk|Rapid Spin|p1a: Ace
|-damage|p1a: Ace|90/100
|-boost|p2a: Great Tusk|spe|1
|-sideend|p2: dishes_ttv|Stealth Rock|[from] move: Rapid Spin|[of] p2a: Great Tusk
|
|-damage|p2a: Great Tusk|88/100 brn|[from] brn
|upkeep
|turn|5
|
|t:|1743870725
|move|p1a: Ace|U-turn|p2a: Great Tusk
|-resisted|p2a: Great Tusk
|-damage|p2a: Great Tusk|83/100 brn
|-damage|p1a: Ace|74/100|[from] item: Rocky Helmet|[of] p2a: Great Tusk
|
|t:|1743870726
|switch|p1a: Leviathan|Serperior, F, shiny|100/100|[from] U-turn
|-activate|p1a: Leviathan|move: Sticky Web
|-boost|p1a: Leviathan|spe|1
|move|p2a: Great Tusk|Knock Off|p1a: Leviathan
|-damage|p1a: Leviathan|84/100
|-enditem|p1a: Leviathan|Wide Lens|[from] move: Knock Off|[of] p2a: Great Tusk
|
|-damage|p2a: Great Tusk|77/100 brn|[from] brn
|upkeep
|turn|6
|
|t:|1743870735
|-end|p2a: Great Tusk|Protosynthesis|[silent]
|switch|p2a: Tinkaton|Tinkaton, F|97/100
|-ability|p2a: Tinkaton|Mold Breaker
|move|p1a: Leviathan|Leaf Storm|p2a: Tinkaton
|-resisted|p2a: Tinkaton
|-damage|p2a: Tinkaton|83/100
|-boost|p1a: Leviathan|spa|2
|
|upkeep
|turn|7
|
|t:|1743870743
|move|p1a: Leviathan|Substitute|p1a: Leviathan
|-start|p1a: Leviathan|Substitute
|-damage|p1a: Leviathan|60/100
|move|p2a: Tinkaton|Thunder Wave||[still]
|-fail|p2a: Tinkaton
|
|upkeep
|turn|8
|
|t:|1743870750
|move|p1a: Leviathan|Leaf Storm|p2a: Tinkaton
|-resisted|p2a: Tinkaton
|-damage|p2a: Tinkaton|55/100
|-boost|p1a: Leviathan|spa|2
|move|p2a: Tinkaton|Gigaton Hammer|p1a: Leviathan
|-end|p1a: Leviathan|Substitute
|
|upkeep
|turn|9
|
|t:|1743870760
|-terastallize|p1a: Leviathan|Ground
|move|p1a: Leviathan|Tera Blast|p2a: Tinkaton|[anim] Tera Blast Ground
|-supereffective|p2a: Tinkaton
|-damage|p2a: Tinkaton|0 fnt
|faint|p2a: Tinkaton
|
|upkeep
|
|t:|1743870767
|switch|p2a: Meowscarada|Meowscarada, F|100/100
|turn|10
|
|t:|1743870769
|move|p2a: Meowscarada|Flower Trick|p1a: Leviathan
|-start|p2a: Meowscarada|typechange|Grass|[from] ability: Protean
|-supereffective|p1a: Leviathan
|-crit|p1a: Leviathan
|-damage|p1a: Leviathan|0 fnt
|faint|p1a: Leviathan
|
|upkeep
|
|t:|1743870780
|switch|p1a: A Man's World|Kingambit, M, shiny|100/100
|-activate|p1a: A Man's World|move: Sticky Web
|-unboost|p1a: A Man's World|spe|1
|-ability|p1a: A Man's World|Defiant|boost
|-boost|p1a: A Man's World|atk|2
|turn|11
|
|t:|1743870788
|switch|p2a: Great Tusk|Great Tusk|77/100 brn
|move|p1a: A Man's World|Iron Head|p2a: Great Tusk
|-damage|p2a: Great Tusk|33/100 brn
|-damage|p1a: A Man's World|84/100|[from] item: Rocky Helmet|[of] p2a: Great Tusk
|
|-damage|p2a: Great Tusk|27/100 brn|[from] brn
|upkeep
|turn|12
|l| Dude201
|
|t:|1743870801
|switch|p1a: Ace|Cinderace, M|74/100
|move|p2a: Great Tusk|Headlong Rush|p1a: Ace
|-supereffective|p1a: Ace
|-damage|p1a: Ace|1/100
|-unboost|p2a: Great Tusk|def|1
|-unboost|p2a: Great Tusk|spd|1
|
|-damage|p2a: Great Tusk|20/100 brn|[from] brn
|upkeep
|turn|13
|
|t:|1743870809
|move|p1a: Ace|Pyro Ball|p2a: Great Tusk
|-damage|p2a: Great Tusk|0 fnt
|faint|p2a: Great Tusk
|-end|p2a: Great Tusk|Protosynthesis|[silent]
|
|upkeep
|
|t:|1743870814
|switch|p2a: Meowscarada|Meowscarada, F|100/100
|turn|14
|
|t:|1743870816
|switch|p1a: Bumblebee|Ribombee, F, shiny|1/100
|-activate|p1a: Bumblebee|move: Sticky Web
|-unboost|p1a: Bumblebee|spe|1
|move|p2a: Meowscarada|U-turn|p1a: Bumblebee
|-start|p2a: Meowscarada|typechange|Bug|[from] ability: Protean
|-resisted|p1a: Bumblebee
|-damage|p1a: Bumblebee|0 fnt
|faint|p1a: Bumblebee
|
|t:|1743870820
|switch|p2a: Primarina|Primarina, F|100/100|[from] U-turn
|
|upkeep
|
|t:|1743870830
|switch|p1a: Kingpen|Empoleon, M, shiny|100/100
|-activate|p1a: Kingpen|move: Sticky Web
|-unboost|p1a: Kingpen|spe|1
|-ability|p1a: Kingpen|Competitive|boost
|-boost|p1a: Kingpen|spa|2
|turn|15
|
|t:|1743870835
|move|p2a: Primarina|Flip Turn|p1a: Kingpen
|-resisted|p1a: Kingpen
|-damage|p1a: Kingpen|93/100
|
|t:|1743870838
|switch|p2a: Gholdengo|Gholdengo|100/100|[from] Flip Turn
|-item|p2a: Gholdengo|Air Balloon
|move|p1a: Kingpen|Surf|p2a: Gholdengo
|-damage|p2a: Gholdengo|8/100
|-enditem|p2a: Gholdengo|Air Balloon
|
|upkeep
|turn|16
|
|t:|1743870842
|move|p2a: Gholdengo|Shadow Ball|p1a: Kingpen
|-damage|p1a: Kingpen|73/100
|move|p1a: Kingpen|Surf|p2a: Gholdengo
|-damage|p2a: Gholdengo|0 fnt
|faint|p2a: Gholdengo
|
|upkeep
|
|t:|1743870847
|switch|p2a: Meowscarada|Meowscarada, F|100/100
|turn|17
|
|t:|1743870873
|move|p1a: Kingpen|Vacuum Wave|p2a: Meowscarada
|-supereffective|p2a: Meowscarada
|-damage|p2a: Meowscarada|12/100
|move|p2a: Meowscarada|Flower Trick|p1a: Kingpen
|-start|p2a: Meowscarada|typechange|Grass|[from] ability: Protean
|-crit|p1a: Kingpen
|-damage|p1a: Kingpen|16/100
|
|upkeep
|turn|18
|
|t:|1743870882
|switch|p2a: Dragapult|Dragapult, M|100/100
|move|p1a: Kingpen|Vacuum Wave|p2a: Dragapult
|-immune|p2a: Dragapult
|
|upkeep
|turn|19
|
|t:|1743870891
|switch|p1a: Ace|Cinderace, M|1/100
|move|p2a: Dragapult|Dragon Darts|p1a: Ace
|-damage|p1a: Ace|0 fnt
|faint|p1a: Ace
|
|upkeep
|
|t:|1743870897
|switch|p1a: A Man's World|Kingambit, M, shiny|84/100
|-activate|p1a: A Man's World|move: Sticky Web
|-unboost|p1a: A Man's World|spe|1
|-ability|p1a: A Man's World|Defiant|boost
|-boost|p1a: A Man's World|atk|2
|turn|20
|inactive|dishes_ttv has 120 seconds left.
|
|t:|1743870945
|switch|p2a: Meowscarada|Meowscarada, F|12/100
|move|p1a: A Man's World|Iron Head|p2a: Meowscarada
|-damage|p2a: Meowscarada|0 fnt
|faint|p2a: Meowscarada
|
|upkeep
|
|t:|1743870948
|switch|p2a: Primarina|Primarina, F|100/100
|turn|21
|
|t:|1743870965
|switch|p1a: Kingpen|Empoleon, M, shiny|16/100
|-activate|p1a: Kingpen|move: Sticky Web
|-unboost|p1a: Kingpen|spe|1
|-ability|p1a: Kingpen|Competitive|boost
|-boost|p1a: Kingpen|spa|2
|move|p2a: Primarina|Surf|p1a: Kingpen
|-resisted|p1a: Kingpen
|-damage|p1a: Kingpen|1/100
|
|upkeep
|turn|22
|inactive|dishes_ttv has 120 seconds left.
|
|t:|1743870976
|move|p2a: Primarina|Flip Turn|p1a: Kingpen
|-resisted|p1a: Kingpen
|-damage|p1a: Kingpen|0 fnt
|faint|p1a: Kingpen
|
|t:|1743870979
|switch|p2a: Dragapult|Dragapult, M|100/100|[from] Flip Turn
|
|upkeep
|
|t:|1743870982
|switch|p1a: A Man's World|Kingambit, M, shiny|84/100
|-activate|p1a: A Man's World|move: Sticky Web
|-unboost|p1a: A Man's World|spe|1
|-ability|p1a: A Man's World|Defiant|boost
|-boost|p1a: A Man's World|atk|2
|turn|23
|
|t:|1743870996
|move|p2a: Dragapult|Dragon Darts|p1a: A Man's World
|-resisted|p1a: A Man's World
|-damage|p1a: A Man's World|68/100
|-anim|p2a: Dragapult|Dragon Darts|p1a: A Man's World
|-resisted|p1a: A Man's World
|-damage|p1a: A Man's World|54/100
|move|p1a: A Man's World|Iron Head|p2a: Dragapult
|-damage|p2a: Dragapult|0 fnt
|faint|p2a: Dragapult
|
|upkeep
|
|t:|1743871001
|switch|p2a: Primarina|Primarina, F|100/100
|turn|24
|c|☆DBest04|Ggwp
|
|t:|1743871009
|move|p2a: Primarina|Moonblast|p1a: A Man's World
|-damage|p1a: A Man's World|21/100
|move|p1a: A Man's World|Iron Head|p2a: Primarina
|-damage|p2a: Primarina|0 fnt
|faint|p2a: Primarina
|
|win|DBest04
|raw|DBest04's rating: 1641 &rarr; <strong>1661</strong><br />(+20 for winning)
|raw|dishes_ttv's rating: 1635 &rarr; <strong>1615</strong><br />(-20 for losing)
|c|☆dishes_ttv|gg
|l|☆DBest04
|player|p1|
|l|☆dishes_ttv
|player|p2|
