|j|☆RenegadeArtUtube
|j|☆Z-Pokemaster2000
|t:|1743794327
|gametype|singles
|player|p1|RenegadeArtUtube|gambler|1596
|player|p2|Z-Pokemaster2000|101|1655
|teamsize|p1|6
|teamsize|p2|6
|gen|9
|tier|[Gen 9] OU
|rated|
|rule|HP Percentage Mod: HP is shown in percentages
|rule|Endless Battle Clause: Forcing endless battles is banned
|rule|Species Clause: Limit one of each Pokémon
|rule|OHKO Clause: OHKO moves are banned
|rule|Evasion Items Clause: Evasion items are banned
|rule|Evasion Moves Clause: Evasion moves are banned
|rule|Sleep Moves Clause: Sleep-inducing moves are banned
|clearpoke
|poke|p1|Blaziken, M|
|poke|p1|Ninetales-Alola, F|
|poke|p1|Polteageist-Antique|
|poke|p1|Hatterene, F|
|poke|p1|Raging Bolt|
|poke|p1|Landorus-Therian, M|
|poke|p2|Okidogi, M|
|poke|p2|Alcremie-Matcha-Cream, F|
|poke|p2|Grimmsnarl, M|
|poke|p2|Great Tusk|
|poke|p2|Hydrapple, M|
|poke|p2|Kingambit, F|
|teampreview
|inactive|Battle timer is ON: inactive players will automatically lose when time's up. (requested by Z-Pokemaster2000)
|
|t:|1743794342
|start
|switch|p1a: Landorus|Landorus-Therian, M|100/100
|switch|p2a: Okidogi|Okidogi, M|100/100
|-ability|p1a: Landorus|Intimidate|boost
|-unboost|p2a: Okidogi|atk|1
|turn|1
|
|t:|1743794350
|move|p1a: Landorus|Earthquake|p2a: Okidogi
|-supereffective|p2a: Okidogi
|-damage|p2a: Okidogi|9/100
|move|p2a: Okidogi|Knock Off|p1a: Landorus
|-damage|p1a: Landorus|74/100
|-damage|p2a: Okidogi|0 fnt|[from] item: Rocky Helmet|[of] p1a: Landorus
|faint|p2a: Okidogi
|
|upkeep
|
|t:|1743794354
|switch|p2a: Hydrapple|Hydrapple, M, shiny|100/100
|turn|2
|
|t:|1743794363
|move|p1a: Landorus|U-turn|p2a: Hydrapple
|-supereffective|p2a: Hydrapple
|-damage|p2a: Hydrapple|60/100
|
|t:|1743794368
|switch|p1a: Ninetales|Ninetales-Alola, F|100/100|[from] U-turn
|-weather|Snowscape|[from] ability: Snow Warning|[of] p1a: Ninetales
|move|p2a: Hydrapple|Giga Drain|p1a: Ninetales
|-damage|p1a: Ninetales|37/100
|-heal|p2a: Hydrapple|87/100|[from] drain|[of] p1a: Ninetales
|
|-weather|Snowscape|[upkeep]
|upkeep
|turn|3
|
|t:|1743794381
|switch|p2a: Kingambit|Kingambit, F, shiny|100/100
|-activate|p2a: Kingambit|ability: Supreme Overlord
|-start|p2a: Kingambit|fallen1|[silent]
|move|p1a: Ninetales|Aurora Veil|p1a: Ninetales
|-sidestart|p1: RenegadeArtUtube|move: Aurora Veil
|
|-weather|Snowscape|[upkeep]
|upkeep
|turn|4
|
|t:|1743794390
|switch|p1a: Landorus|Landorus-Therian, M|74/100
|-ability|p1a: Landorus|Intimidate|boost
|-unboost|p2a: Kingambit|atk|1
|move|p2a: Kingambit|Iron Head|p1a: Landorus
|-damage|p1a: Landorus|58/100
|-damage|p2a: Kingambit|84/100|[from] item: Rocky Helmet|[of] p1a: Landorus
|
|-weather|Snowscape|[upkeep]
|-heal|p2a: Kingambit|90/100|[from] item: Leftovers
|upkeep
|turn|5
|
|t:|1743794402
|-end|p2a: Kingambit|fallen1|[silent]
|switch|p2a: Hydrapple|Hydrapple, M, shiny|100/100
|move|p1a: Landorus|Earthquake|p2a: Hydrapple
|-resisted|p2a: Hydrapple
|-damage|p2a: Hydrapple|80/100
|
|-weather|Snowscape|[upkeep]
|upkeep
|turn|6
|
|t:|1743794414
|move|p1a: Landorus|U-turn|p2a: Hydrapple
|-supereffective|p2a: Hydrapple
|-damage|p2a: Hydrapple|38/100
|inactive|RenegadeArtUtube has 120 seconds left.
|
|t:|1743794445
|switch|p1a: Blaziken|Blaziken, M, shiny|100/100|[from] U-turn
|move|p2a: Hydrapple|Earth Power|p1a: Blaziken
|-supereffective|p1a: Blaziken
|-damage|p1a: Blaziken|30/100
|
|-weather|none
|upkeep
|turn|7
|inactive|RenegadeArtUtube has 120 seconds left.
|
|t:|1743794456
|switch|p2a: Great Tusk|Great Tusk, shiny|100/100
|move|p1a: Blaziken|Knock Off|p2a: Great Tusk
|-resisted|p2a: Great Tusk
|-damage|p2a: Great Tusk|90/100
|-enditem|p2a: Great Tusk|Leftovers|[from] move: Knock Off|[of] p1a: Blaziken
|
|-ability|p1a: Blaziken|Speed Boost|boost
|-boost|p1a: Blaziken|spe|1
|upkeep
|turn|8
|inactive|RenegadeArtUtube has 120 seconds left.
|j| stierball
|
|t:|1743794488
|move|p1a: Blaziken|Close Combat|p2a: Great Tusk
|-damage|p2a: Great Tusk|48/100
|-unboost|p1a: Blaziken|def|1
|-unboost|p1a: Blaziken|spd|1
|move|p2a: Great Tusk|Headlong Rush|p1a: Blaziken
|-supereffective|p1a: Blaziken
|-damage|p1a: Blaziken|0 fnt
|-unboost|p2a: Great Tusk|def|1
|-unboost|p2a: Great Tusk|spd|1
|faint|p1a: Blaziken
|
|upkeep
|l| stierball
|inactive|RenegadeArtUtube has 90 seconds left.
|
|t:|1743794509
|switch|p1a: Ninetales|Ninetales-Alola, F|37/100
|-weather|Snowscape|[from] ability: Snow Warning|[of] p1a: Ninetales
|turn|9
|inactive|RenegadeArtUtube has 90 seconds left.
|
|t:|1743794517
|-end|p2a: Great Tusk|Protosynthesis|[silent]
|switch|p2a: Kingambit|Kingambit, F, shiny|90/100
|-activate|p2a: Kingambit|ability: Supreme Overlord
|-start|p2a: Kingambit|fallen1|[silent]
|move|p1a: Ninetales|Draining Kiss|p2a: Kingambit
|-damage|p2a: Kingambit|80/100
|-heal|p1a: Ninetales|46/100|[from] drain|[of] p2a: Kingambit
|
|-weather|Snowscape|[upkeep]
|-heal|p2a: Kingambit|86/100|[from] item: Leftovers
|upkeep
|turn|10
|inactive|RenegadeArtUtube has 90 seconds left.
|
|t:|1743794536
|switch|p1a: Landorus|Landorus-Therian, M|58/100
|-ability|p1a: Landorus|Intimidate|boost
|-unboost|p2a: Kingambit|atk|1
|-end|p2a: Kingambit|fallen1|[silent]
|switch|p2a: Hydrapple|Hydrapple, M, shiny|71/100
|
|-weather|Snowscape|[upkeep]
|-sideend|p1: RenegadeArtUtube|move: Aurora Veil
|upkeep
|turn|11
|inactive|RenegadeArtUtube has 90 seconds left.
|
|t:|1743794552
|move|p1a: Landorus|U-turn|p2a: Hydrapple
|-supereffective|p2a: Hydrapple
|-damage|p2a: Hydrapple|29/100
|
|t:|1743794556
|switch|p1a: Polteageist|Polteageist-Antique|100/100|[from] U-turn
|move|p2a: Hydrapple|Giga Drain|p1a: Polteageist
|-damage|p1a: Polteageist|30/100
|-heal|p2a: Hydrapple|53/100|[from] drain|[of] p1a: Polteageist
|
|-weather|Snowscape|[upkeep]
|upkeep
|turn|12
|inactive|RenegadeArtUtube has 90 seconds left.
|
|t:|1743794567
|move|p1a: Polteageist|Shadow Ball|p2a: Hydrapple
|-damage|p2a: Hydrapple|4/100
|-unboost|p2a: Hydrapple|spd|1
|move|p2a: Hydrapple|Giga Drain|p1a: Polteageist
|-damage|p1a: Polteageist|0 fnt
|-heal|p2a: Hydrapple|15/100|[from] drain|[of] p1a: Polteageist
|faint|p1a: Polteageist
|
|-weather|Snowscape|[upkeep]
|upkeep
|
|t:|1743794581
|switch|p1a: Ninetales|Ninetales-Alola, F|46/100
|turn|13
|
|t:|1743794592
|switch|p2a: Kingambit|Kingambit, F, shiny|86/100
|-activate|p2a: Kingambit|ability: Supreme Overlord
|-start|p2a: Kingambit|fallen1|[silent]
|move|p1a: Ninetales|Aurora Veil|p1a: Ninetales
|-sidestart|p1: RenegadeArtUtube|move: Aurora Veil
|
|-weather|none
|-heal|p2a: Kingambit|92/100|[from] item: Leftovers
|upkeep
|turn|14
|inactive|RenegadeArtUtube has 90 seconds left.
|
|t:|1743794605
|switch|p1a: Landorus|Landorus-Therian, M|58/100
|-ability|p1a: Landorus|Intimidate|boost
|-unboost|p2a: Kingambit|atk|1
|move|p2a: Kingambit|Iron Head|p1a: Landorus
|-damage|p1a: Landorus|40/100
|-damage|p2a: Kingambit|76/100|[from] item: Rocky Helmet|[of] p1a: Landorus
|
|-heal|p2a: Kingambit|82/100|[from] item: Leftovers
|upkeep
|turn|15
|inactive|RenegadeArtUtube has 90 seconds left.
|
|t:|1743794621
|-end|p2a: Kingambit|fallen1|[silent]
|switch|p2a: Grimmsnarl|Grimmsnarl, M, shiny|100/100
|move|p1a: Landorus|Earthquake|p2a: Grimmsnarl
|-damage|p2a: Grimmsnarl|30/100
|
|upkeep
|turn|16
|inactive|RenegadeArtUtube has 90 seconds left.
|
|t:|1743794640
|move|p2a: Grimmsnarl|Parting Shot|p1a: Landorus
|-unboost|p1a: Landorus|atk|1
|-unboost|p1a: Landorus|spa|1
|
|t:|1743794642
|switch|p2a: Hydrapple|Hydrapple, M, shiny|48/100|[from] Parting Shot
|move|p1a: Landorus|Stealth Rock|p2a: Hydrapple
|-sidestart|p2: Z-Pokemaster2000|move: Stealth Rock
|
|upkeep
|turn|17
|inactive|RenegadeArtUtube has 90 seconds left.
|inactive|Z-Pokemaster2000 has 120 seconds left.
|
|t:|1743794668
|move|p1a: Landorus|U-turn|p2a: Hydrapple
|-supereffective|p2a: Hydrapple
|-damage|p2a: Hydrapple|18/100
|
|t:|1743794672
|switch|p1a: Ninetales|Ninetales-Alola, F|46/100|[from] U-turn
|-weather|Snowscape|[from] ability: Snow Warning|[of] p1a: Ninetales
|move|p2a: Hydrapple|Fickle Beam|p1a: Ninetales
|-immune|p1a: Ninetales
|
|-weather|Snowscape|[upkeep]
|upkeep
|turn|18
|
|t:|1743794685
|switch|p2a: Great Tusk|Great Tusk, shiny|48/100
|-damage|p2a: Great Tusk|45/100|[from] Stealth Rock
|move|p1a: Ninetales|Draining Kiss|p2a: Great Tusk
|-supereffective|p2a: Great Tusk
|-damage|p2a: Great Tusk|3/100
|-heal|p1a: Ninetales|81/100|[from] drain|[of] p2a: Great Tusk
|
|-weather|Snowscape|[upkeep]
|upkeep
|turn|19
|
|t:|1743794695
|move|p1a: Ninetales|Draining Kiss|p2a: Great Tusk
|-supereffective|p2a: Great Tusk
|-damage|p2a: Great Tusk|0 fnt
|-heal|p1a: Ninetales|83/100|[from] drain|[of] p2a: Great Tusk
|faint|p2a: Great Tusk
|-end|p2a: Great Tusk|Protosynthesis|[silent]
|
|-weather|Snowscape|[upkeep]
|upkeep
|
|t:|1743794699
|switch|p2a: Grimmsnarl|Grimmsnarl, M, shiny|30/100
|-damage|p2a: Grimmsnarl|18/100|[from] Stealth Rock
|turn|20
|
|t:|1743794715
|move|p2a: Grimmsnarl|Light Screen|p2a: Grimmsnarl
|-sidestart|p2: Z-Pokemaster2000|move: Light Screen
|move|p1a: Ninetales|Encore|p2a: Grimmsnarl
|-start|p2a: Grimmsnarl|Encore
|
|-weather|Snowscape|[upkeep]
|-sideend|p1: RenegadeArtUtube|move: Aurora Veil
|upkeep
|turn|21
|
|t:|1743794723
|switch|p2a: Kingambit|Kingambit, F, shiny|82/100
|-damage|p2a: Kingambit|76/100|[from] Stealth Rock
|-activate|p2a: Kingambit|ability: Supreme Overlord
|-start|p2a: Kingambit|fallen2|[silent]
|move|p1a: Ninetales|Aurora Veil|p1a: Ninetales
|-sidestart|p1: RenegadeArtUtube|move: Aurora Veil
|
|-weather|none
|-heal|p2a: Kingambit|82/100|[from] item: Leftovers
|upkeep
|turn|22
|
|t:|1743794735
|move|p1a: Ninetales|Encore||[still]
|-fail|p1a: Ninetales
|move|p2a: Kingambit|Swords Dance|p2a: Kingambit
|-boost|p2a: Kingambit|atk|2
|
|-heal|p2a: Kingambit|88/100|[from] item: Leftovers
|upkeep
|turn|23
|
|t:|1743794745
|-end|p2a: Kingambit|fallen2|[silent]
|switch|p2a: Grimmsnarl|Grimmsnarl, M, shiny|18/100
|-damage|p2a: Grimmsnarl|5/100|[from] Stealth Rock
|move|p1a: Ninetales|Encore||[still]
|-fail|p1a: Ninetales
|
|upkeep
|turn|24
|
|t:|1743794759
|switch|p1a: Landorus|Landorus-Therian, M|40/100
|-ability|p1a: Landorus|Intimidate|boost
|-unboost|p2a: Grimmsnarl|atk|1
|move|p2a: Grimmsnarl|Reflect|p2a: Grimmsnarl
|-sidestart|p2: Z-Pokemaster2000|Reflect
|
|upkeep
|turn|25
|
|t:|1743794767
|move|p2a: Grimmsnarl|Parting Shot|p1a: Landorus
|-unboost|p1a: Landorus|atk|1
|-unboost|p1a: Landorus|spa|1
|
|t:|1743794770
|switch|p2a: Hydrapple|Hydrapple, M, shiny|51/100|[from] Parting Shot
|-damage|p2a: Hydrapple|39/100|[from] Stealth Rock
|move|p1a: Landorus|U-turn|p2a: Hydrapple
|-supereffective|p2a: Hydrapple
|-damage|p2a: Hydrapple|25/100
|inactive|RenegadeArtUtube has 120 seconds left.
|
|t:|1743794778
|switch|p1a: Ninetales|Ninetales-Alola, F|83/100|[from] U-turn
|-weather|Snowscape|[from] ability: Snow Warning|[of] p1a: Ninetales
|
|-weather|Snowscape|[upkeep]
|upkeep
|turn|26
|
|t:|1743794789
|switch|p2a: Grimmsnarl|Grimmsnarl, M, shiny|5/100
|-damage|p2a: Grimmsnarl|0 fnt|[from] Stealth Rock
|faint|p2a: Grimmsnarl
|move|p1a: Ninetales|Freeze-Dry|p2: Grimmsnarl|[notarget]
|-fail|p1a: Ninetales
|
|-weather|Snowscape|[upkeep]
|upkeep
|
|t:|1743794793
|switch|p2a: Kingambit|Kingambit, F, shiny|88/100
|-damage|p2a: Kingambit|82/100|[from] Stealth Rock
|-activate|p2a: Kingambit|ability: Supreme Overlord
|-start|p2a: Kingambit|fallen3|[silent]
|turn|27
|inactive|RenegadeArtUtube has 120 seconds left.
|
|t:|1743794825
|switch|p1a: Raging Bolt|Raging Bolt|100/100
|-enditem|p1a: Raging Bolt|Booster Energy
|-activate|p1a: Raging Bolt|ability: Protosynthesis|[fromitem]
|-start|p1a: Raging Bolt|protosynthesisspa
|move|p2a: Kingambit|Iron Head|p1a: Raging Bolt
|-resisted|p1a: Raging Bolt
|-damage|p1a: Raging Bolt|90/100
|
|-weather|Snowscape|[upkeep]
|-heal|p2a: Kingambit|88/100|[from] item: Leftovers
|-sideend|p2: Z-Pokemaster2000|move: Light Screen
|upkeep
|turn|28
|
|t:|1743794838
|move|p1a: Raging Bolt|Discharge|p2a: Kingambit
|-damage|p2a: Kingambit|38/100
|move|p2a: Kingambit|Kowtow Cleave|p1a: Raging Bolt
|-damage|p1a: Raging Bolt|67/100
|
|-weather|Snowscape|[upkeep]
|-heal|p2a: Kingambit|44/100|[from] item: Leftovers
|-sideend|p1: RenegadeArtUtube|move: Aurora Veil
|upkeep
|turn|29
|
|t:|1743794853
|move|p1a: Raging Bolt|Discharge|p2a: Kingambit
|-damage|p2a: Kingambit|0 fnt
|faint|p2a: Kingambit
|-end|p2a: Kingambit|fallen3|[silent]
|
|-weather|none
|upkeep
|
|t:|1743794860
|switch|p2a: Alcremie|Alcremie-Matcha-Cream, F, shiny|100/100
|-damage|p2a: Alcremie|88/100|[from] Stealth Rock
|turn|30
|inactive|RenegadeArtUtube has 120 seconds left.
|
|t:|1743794885
|-terastallize|p1a: Raging Bolt|Fairy
|move|p1a: Raging Bolt|Discharge|p2a: Alcremie
|-damage|p2a: Alcremie|39/100
|-status|p2a: Alcremie|par
|move|p2a: Alcremie|Calm Mind|p2a: Alcremie
|-boost|p2a: Alcremie|spa|1
|-boost|p2a: Alcremie|spd|1
|
|-heal|p2a: Alcremie|45/100 par|[from] item: Leftovers
|upkeep
|turn|31
|
|t:|1743794898
|move|p1a: Raging Bolt|Discharge|p2a: Alcremie
|-damage|p2a: Alcremie|10/100 par
|move|p2a: Alcremie|Recover|p2a: Alcremie
|-heal|p2a: Alcremie|60/100 par
|
|-heal|p2a: Alcremie|66/100 par|[from] item: Leftovers
|-sideend|p2: Z-Pokemaster2000|Reflect
|upkeep
|turn|32
|
|t:|1743794906
|move|p1a: Raging Bolt|Discharge|p2a: Alcremie
|-damage|p2a: Alcremie|32/100 par
|cant|p2a: Alcremie|par
|
|-heal|p2a: Alcremie|38/100 par|[from] item: Leftovers
|upkeep
|turn|33
|
|t:|1743794914
|move|p1a: Raging Bolt|Discharge|p2a: Alcremie
|-damage|p2a: Alcremie|3/100 par
|move|p2a: Alcremie|Recover|p2a: Alcremie
|-heal|p2a: Alcremie|53/100 par
|
|-heal|p2a: Alcremie|59/100 par|[from] item: Leftovers
|upkeep
|turn|34
|inactive|RenegadeArtUtube has 120 seconds left.
|
|t:|1743794923
|move|p1a: Raging Bolt|Discharge|p2a: Alcremie
|-damage|p2a: Alcremie|27/100 par
|move|p2a: Alcremie|Recover|p2a: Alcremie
|-heal|p2a: Alcremie|77/100 par
|
|-heal|p2a: Alcremie|83/100 par|[from] item: Leftovers
|upkeep
|turn|35
|
|t:|1743794931
|move|p1a: Raging Bolt|Discharge|p2a: Alcremie
|-damage|p2a: Alcremie|47/100 par
|move|p2a: Alcremie|Calm Mind|p2a: Alcremie
|-boost|p2a: Alcremie|spa|1
|-boost|p2a: Alcremie|spd|1
|
|-heal|p2a: Alcremie|54/100 par|[from] item: Leftovers
|upkeep
|turn|36
|
|t:|1743794942
|-end|p1a: Raging Bolt|Protosynthesis|[silent]
|switch|p1a: Ninetales|Ninetales-Alola, F|83/100
|-weather|Snowscape|[from] ability: Snow Warning|[of] p1a: Ninetales
|move|p2a: Alcremie|Recover|p2a: Alcremie
|-heal|p2a: Alcremie|100/100 par
|
|-weather|Snowscape|[upkeep]
|upkeep
|turn|37
|
|t:|1743794950
|move|p1a: Ninetales|Encore|p2a: Alcremie
|-block|p2a: Alcremie|ability: Aroma Veil|[of] p2a: Alcremie
|move|p2a: Alcremie|Acid Armor|p2a: Alcremie
|-boost|p2a: Alcremie|def|2
|
|-weather|Snowscape|[upkeep]
|upkeep
|turn|38
|
|t:|1743794959
|move|p1a: Ninetales|Aurora Veil|p1a: Ninetales
|-sidestart|p1: RenegadeArtUtube|move: Aurora Veil
|move|p2a: Alcremie|Calm Mind|p2a: Alcremie
|-boost|p2a: Alcremie|spa|1
|-boost|p2a: Alcremie|spd|1
|
|-weather|Snowscape|[upkeep]
|upkeep
|turn|39
|c|☆RenegadeArtUtube|Wow
|
|t:|1743794977
|switch|p1a: Hatterene|Hatterene, F, shiny|100/100
|move|p2a: Alcremie|Acid Armor|p2a: Alcremie
|-boost|p2a: Alcremie|def|2
|
|-weather|Snowscape|[upkeep]
|upkeep
|turn|40
|c|☆Z-Pokemaster2000|what
|
|t:|1743794984
|move|p1a: Hatterene|Future Sight|p2a: Alcremie
|-start|p1a: Hatterene|move: Future Sight
|move|p2a: Alcremie|Alluring Voice|p1a: Hatterene
|-damage|p1a: Hatterene|61/100
|
|-weather|none
|upkeep
|turn|41
|j| sgt. unicorn
|
|t:|1743794991
|move|p1a: Hatterene|Calm Mind|p1a: Hatterene
|-boost|p1a: Hatterene|spa|1
|-boost|p1a: Hatterene|spd|1
|move|p2a: Alcremie|Alluring Voice|p1a: Hatterene
|-damage|p1a: Hatterene|34/100
|-start|p1a: Hatterene|confusion
|
|upkeep
|turn|42
|c| sgt. unicorn|grey ice cream
|
|t:|1743795003
|-activate|p1a: Hatterene|confusion
|move|p1a: Hatterene|Draining Kiss|p2a: Alcremie
|-damage|p2a: Alcremie|89/100 par
|-heal|p1a: Hatterene|43/100|[from] drain|[of] p2a: Alcremie
|move|p2a: Alcremie|Alluring Voice|p1a: Hatterene
|-damage|p1a: Hatterene|17/100
|
|-end|p2a: Alcremie|move: Future Sight
|-damage|p2a: Alcremie|63/100 par
|-heal|p2a: Alcremie|69/100 par|[from] item: Leftovers
|upkeep
|turn|43
|c| sgt. unicorn|this shi gotta be studied
|
|t:|1743795016
|-activate|p1a: Hatterene|confusion
|move|p1a: Hatterene|Draining Kiss|p2a: Alcremie
|-damage|p2a: Alcremie|57/100 par
|-heal|p1a: Hatterene|26/100|[from] drain|[of] p2a: Alcremie
|cant|p2a: Alcremie|par
|
|-heal|p2a: Alcremie|63/100 par|[from] item: Leftovers
|upkeep
|turn|44
|
|t:|1743795026
|-activate|p1a: Hatterene|confusion
|move|p1a: Hatterene|Future Sight|p2a: Alcremie
|-start|p1a: Hatterene|move: Future Sight
|move|p2a: Alcremie|Alluring Voice|p1a: Hatterene
|-damage|p1a: Hatterene|0 fnt
|faint|p1a: Hatterene
|
|-heal|p2a: Alcremie|69/100 par|[from] item: Leftovers
|upkeep
|
|t:|1743795034
|switch|p1a: Landorus|Landorus-Therian, M|40/100
|-ability|p1a: Landorus|Intimidate|boost
|-unboost|p2a: Alcremie|atk|1
|turn|45
|
|t:|1743795039
|move|p1a: Landorus|Earthquake|p2a: Alcremie
|-crit|p2a: Alcremie
|-damage|p2a: Alcremie|0 fnt
|faint|p2a: Alcremie
|
|-sideend|p1: RenegadeArtUtube|move: Aurora Veil
|upkeep
|c|☆RenegadeArtUtube|HAAA HAAA
|
|t:|1743795056
|switch|p2a: Hydrapple|Hydrapple, M, shiny|58/100
|-damage|p2a: Hydrapple|46/100|[from] Stealth Rock
|turn|46
|c| sgt. unicorn|mods give him a psych evalution
|c|☆Z-Pokemaster2000|I dunno whats funny but
|c|☆Z-Pokemaster2000|ggs
|
|t:|1743795079
|move|p1a: Landorus|U-turn|p2a: Hydrapple
|-supereffective|p2a: Hydrapple
|-damage|p2a: Hydrapple|7/100
|inactive|RenegadeArtUtube has 120 seconds left.
|
|t:|1743795110
|switch|p1a: Ninetales|Ninetales-Alola, F|83/100|[from] U-turn
|-weather|Snowscape|[from] ability: Snow Warning|[of] p1a: Ninetales
|move|p2a: Hydrapple|Giga Drain|p1a: Ninetales
|-damage|p1a: Ninetales|24/100
|-heal|p2a: Hydrapple|31/100|[from] drain|[of] p1a: Ninetales
|
|-weather|Snowscape|[upkeep]
|-end|p2a: Hydrapple|move: Future Sight
|-damage|p2a: Hydrapple|0 fnt
|faint|p2a: Hydrapple
|
|win|RenegadeArtUtube
|raw|RenegadeArtUtube's rating: 1596 &rarr; <strong>1619</strong><br />(+23 for winning)
|raw|Z-Pokemaster2000's rating: 1655 &rarr; <strong>1632</strong><br />(-23 for losing)
|l|☆RenegadeArtUtube
|player|p1|
|l| sgt. unicorn
|l|☆Z-Pokemaster2000
|player|p2|
|j|☆RenegadeArtUtube
|player|p1|RenegadeArtUtube|gambler|
