|j|☆sgt. unicorn
|j|☆Scarlet Firefly
|inactive|Battle timer is ON: inactive players will automatically lose when time's up.
|t:|1743796521
|gametype|singles
|player|p1|sgt. unicorn|265|
|player|p2|Scarlet Firefly|klara|
|teamsize|p1|6
|teamsize|p2|6
|gen|9
|tier|[Gen 9] OU
|rated|Tournament battle
|rule|HP Percentage Mod: HP is shown in percentages
|rule|Endless Battle Clause: Forcing endless battles is banned
|rule|Species Clause: Limit one of each Pokémon
|rule|OHKO Clause: OHKO moves are banned
|rule|Evasion Items Clause: Evasion items are banned
|rule|Evasion Moves Clause: Evasion moves are banned
|rule|Sleep Moves Clause: Sleep-inducing moves are banned
|clearpoke
|poke|p1|Urshifu-*, F|
|poke|p1|Clefable, M|
|poke|p1|Moltres|
|poke|p1|Slowking-Galar, F|
|poke|p1|Dragonite, M|
|poke|p1|Great Tusk|
|poke|p2|Ursaluna, M|
|poke|p2|Alomomola, F|
|poke|p2|Urshifu-*, M|
|poke|p2|Sinistcha|
|poke|p2|Iron Treads|
|poke|p2|Iron Valiant|
|teampreview
|j| loxxlv
|j| fitzor
|
|t:|1743796547
|start
|switch|p1a: Urshifu|Urshifu, F|100/100
|switch|p2a: Silicon Valley|Iron Valiant|100/100
|turn|1
|j| WPP2025
|
|t:|1743796559
|-end|p2a: Silicon Valley|Quark Drive|[silent]
|switch|p2a: Big Bear|Ursaluna, M|100/100
|switch|p1a: Slowking|Slowking-Galar, F|100/100
|
|-status|p2a: Big Bear|brn|[from] item: Flame Orb
|upkeep
|turn|2
|j| Audio Peel
|inactive|sgt. unicorn has 120 seconds left.
|
|t:|1743796590
|switch|p1a: Moltres|Moltres|100/100
|move|p2a: Big Bear|Swords Dance|p2a: Big Bear
|-boost|p2a: Big Bear|atk|2
|
|-damage|p2a: Big Bear|94/100 brn|[from] brn
|upkeep
|turn|3
|
|t:|1743796598
|move|p2a: Big Bear|Facade|p1a: Moltres
|-damage|p1a: Moltres|0 fnt
|faint|p1a: Moltres
|
|-damage|p2a: Big Bear|88/100 brn|[from] brn
|upkeep
|
|t:|1743796603
|switch|p1a: Urshifu|Urshifu, F|100/100
|turn|4
|
|t:|1743796609
|-terastallize|p2a: Big Bear|Ghost
|move|p1a: Urshifu|U-turn|p2a: Big Bear
|-resisted|p2a: Big Bear
|-damage|p2a: Big Bear|74/100 brn
|j|#SetsuStsna
|c| Audio Peel|was that min speed molt?
|c|☆sgt. unicorn|idk
|inactive|sgt. unicorn has 120 seconds left.
|
|t:|1743796635
|switch|p1a: Great Tusk|Great Tusk|100/100|[from] U-turn
|move|p2a: Big Bear|Facade|p1a: Great Tusk
|-damage|p1a: Great Tusk|0 fnt
|faint|p1a: Great Tusk
|-end|p1a: Great Tusk|Protosynthesis|[silent]
|
|-damage|p2a: Big Bear|68/100 brn|[from] brn
|upkeep
|
|t:|1743796639
|switch|p1a: Urshifu|Urshifu, F|100/100
|turn|5
|inactive|sgt. unicorn has 120 seconds left.
|
|t:|1743796644
|switch|p2a: Silicon Valley|Iron Valiant|100/100
|move|p1a: Urshifu|U-turn|p2a: Silicon Valley
|-resisted|p2a: Silicon Valley
|-damage|p2a: Silicon Valley|88/100
|inactive|sgt. unicorn has 120 seconds left.
|
|t:|1743796658
|switch|p1a: Slowking|Slowking-Galar, F|100/100|[from] U-turn
|
|upkeep
|turn|6
|
|t:|1743796664
|-end|p2a: Silicon Valley|Quark Drive|[silent]
|switch|p2a: Big Bear|Ursaluna, M, tera:Ghost|68/100 brn
|move|p1a: Slowking|Future Sight|p2a: Big Bear
|-start|p1a: Slowking|move: Future Sight
|
|-damage|p2a: Big Bear|62/100 brn|[from] brn
|upkeep
|turn|7
|
|t:|1743796676
|move|p2a: Big Bear|Facade|p1a: Slowking
|-damage|p1a: Slowking|0 fnt
|faint|p1a: Slowking
|
|-damage|p2a: Big Bear|56/100 brn|[from] brn
|upkeep
|
|t:|1743796683
|switch|p1a: Urshifu|Urshifu, F|100/100
|turn|8
|j|@Stads
|
|t:|1743796709
|switch|p2a: Urshifu|Urshifu, M|100/100
|move|p1a: Urshifu|Wicked Blow|p2a: Urshifu
|-resisted|p2a: Urshifu
|-crit|p2a: Urshifu
|-damage|p2a: Urshifu|78/100
|
|-end|p2a: Urshifu|move: Future Sight
|-immune|p2a: Urshifu
|upkeep
|turn|9
|l| loxxlv
|
|t:|1743796718
|switch|p1a: Clefable|Clefable, M|100/100
|move|p2a: Urshifu|U-turn|p1a: Clefable
|-resisted|p1a: Clefable
|-damage|p1a: Clefable|91/100
|
|t:|1743796720
|switch|p2a: Big Bear|Ursaluna, M, tera:Ghost|56/100 brn|[from] U-turn
|
|-heal|p1a: Clefable|97/100|[from] item: Leftovers
|-damage|p2a: Big Bear|49/100 brn|[from] brn
|upkeep
|turn|10
|c|☆Scarlet Firefly|cooked
|
|t:|1743796728
|move|p2a: Big Bear|Facade|p1a: Clefable
|-damage|p1a: Clefable|0 fnt
|faint|p1a: Clefable
|
|-damage|p2a: Big Bear|43/100 brn|[from] brn
|upkeep
|
|t:|1743796733
|switch|p1a: Urshifu|Urshifu, F|100/100
|turn|11
|
|t:|1743796745
|switch|p2a: Silicon Valley|Iron Valiant|88/100
|move|p1a: Urshifu|Wicked Blow|p2a: Silicon Valley
|-resisted|p2a: Silicon Valley
|-crit|p2a: Silicon Valley
|-damage|p2a: Silicon Valley|60/100
|
|upkeep
|turn|12
|
|t:|1743796754
|switch|p1a: Dragonite|Dragonite, M|100/100
|move|p2a: Silicon Valley|Moonblast|p1a: Dragonite
|-supereffective|p1a: Dragonite
|-damage|p1a: Dragonite|21/100
|-unboost|p1a: Dragonite|spa|1
|
|upkeep
|turn|13
|
|t:|1743796761
|-end|p2a: Silicon Valley|Quark Drive|[silent]
|switch|p2a: Monterey|Alomomola, F|100/100
|-terastallize|p1a: Dragonite|Normal
|move|p1a: Dragonite|Extreme Speed|p2a: Monterey
|-damage|p2a: Monterey|72/100
|-damage|p1a: Dragonite|5/100|[from] item: Rocky Helmet|[of] p2a: Monterey
|
|upkeep
|turn|14
|
|t:|1743796771
|move|p1a: Dragonite|Dragon Dance|p1a: Dragonite
|-boost|p1a: Dragonite|atk|1
|-boost|p1a: Dragonite|spe|1
|move|p2a: Monterey|Flip Turn|p1a: Dragonite
|-damage|p1a: Dragonite|0 fnt
|faint|p1a: Dragonite
|
|t:|1743796773
|switch|p2a: Silicon Valley|Iron Valiant|60/100|[from] Flip Turn
|
|upkeep
|-message|sgt. unicorn forfeited.
|
|win|Scarlet Firefly
|n|☆sgt. unicorn|sgtunicorn
|n|☆Scarlet Firefly|scarletfirefly
|n| fitzor|fitzor
|n| WPP2025|wpp2025
|n| Audio Peel|audiopeel
|n|+SetsuStsna|setsustsna
|n| Stads|stads
|l|☆sgt. unicorn
|player|p1|
|l| fitzor
|l|☆Scarlet Firefly
|player|p2|
|l| Stads
|l| WPP2025
|l|+SetsuStsna
