|j|☆Ceron75
|j|☆honeyfee
|t:|1743877204
|gametype|singles
|player|p1|Ceron75|colress|1279
|player|p2|honeyfee|ltsurge|1292
|teamsize|p1|6
|teamsize|p2|6
|gen|9
|tier|[Gen 9] OU
|rated|
|rule|HP Percentage Mod: HP is shown in percentages
|rule|Endless Battle Clause: Forcing endless battles is banned
|rule|Species Clause: Limit one of each Pokémon
|rule|OHKO Clause: OHKO moves are banned
|rule|Evasion Items Clause: Evasion items are banned
|rule|Evasion Moves Clause: Evasion moves are banned
|rule|Sleep Moves Clause: Sleep-inducing moves are banned
|clearpoke
|poke|p1|Samurott-Hisui, M|
|poke|p1|Murkrow, M|
|poke|p1|Ribombee, F|
|poke|p1|Clodsire, F|
|poke|p1|Corviknight, M|
|poke|p1|Kingambit, M|
|poke|p2|Samurott-Hisui, M|
|poke|p2|Ninetales-Alola, F|
|poke|p2|Gholdengo|
|poke|p2|Kingambit, F|
|poke|p2|Iron Moth|
|poke|p2|Iron Hands|
|teampreview
|inactive|Battle timer is ON: inactive players will automatically lose when time's up. (requested by Ceron75)
|
|t:|1743877229
|start
|switch|p1a: Corviknight|Corviknight, M|100/100
|switch|p2a: Samurott|Samurott-Hisui, M|100/100
|-ability|p1a: Corviknight|Pressure
|turn|1
|
|t:|1743877242
|move|p2a: Samurott|Swords Dance|p2a: Samurott
|-boost|p2a: Samurott|atk|2
|move|p1a: Corviknight|Body Press|p2a: Samurott
|-supereffective|p2a: Samurott
|-damage|p2a: Samurott|45/100
|
|upkeep
|turn|2
|
|t:|1743877251
|move|p2a: Samurott|Ceaseless Edge|p1a: Corviknight
|-damage|p1a: Corviknight|39/100
|-sidestart|p1: Ceron75|Spikes
|move|p1a: Corviknight|Body Press|p2a: Samurott
|-supereffective|p2a: Samurott
|-damage|p2a: Samurott|0 fnt
|faint|p2a: Samurott
|
|upkeep
|
|t:|1743877260
|switch|p2a: Gholdengo|Gholdengo|100/100
|-item|p2a: Gholdengo|Air Balloon
|turn|3
|
|t:|1743877275
|move|p2a: Gholdengo|Nasty Plot|p2a: Gholdengo
|-boost|p2a: Gholdengo|spa|2
|move|p1a: Corviknight|Roost|p1a: Corviknight
|-heal|p1a: Corviknight|89/100
|-singleturn|p1a: Corviknight|move: Roost
|
|upkeep
|turn|4
|
|t:|1743877282
|move|p2a: Gholdengo|Shadow Ball|p1a: Corviknight
|-damage|p1a: Corviknight|4/100
|move|p1a: Corviknight|Defog|p2a: Gholdengo
|-immune|p2a: Gholdengo|[from] ability: Good as Gold
|
|upkeep
|turn|5
|
|t:|1743877303
|move|p2a: Gholdengo|Shadow Ball|p1a: Corviknight
|-damage|p1a: Corviknight|0 fnt
|faint|p1a: Corviknight
|
|upkeep
|
|t:|1743877307
|switch|p1a: Ribombee|Ribombee, F|100/100
|-damage|p1a: Ribombee|88/100|[from] Spikes
|turn|6
|
|t:|1743877313
|move|p1a: Ribombee|Sticky Web|p2a: Gholdengo
|-sidestart|p2: honeyfee|move: Sticky Web
|move|p2a: Gholdengo|Shadow Ball|p1a: Ribombee
|-damage|p1a: Ribombee|0 fnt
|faint|p1a: Ribombee
|
|upkeep
|
|t:|1743877322
|switch|p1a: Samurott|Samurott-Hisui, M|100/100
|-damage|p1a: Samurott|88/100|[from] Spikes
|turn|7
|
|t:|1743877347
|move|p1a: Samurott|Ceaseless Edge|p2a: Gholdengo
|-supereffective|p2a: Gholdengo
|-damage|p2a: Gholdengo|5/100
|-enditem|p2a: Gholdengo|Air Balloon
|-sidestart|p2: honeyfee|Spikes
|move|p2a: Gholdengo|Make It Rain|p1a: Samurott
|-resisted|p1a: Samurott
|-damage|p1a: Samurott|0 fnt
|-unboost|p2a: Gholdengo|spa|1
|faint|p1a: Samurott
|
|upkeep
|
|t:|1743877361
|switch|p1a: Clodsire|Clodsire, F|100/100
|-damage|p1a: Clodsire|88/100|[from] Spikes
|turn|8
|
|t:|1743877367
|move|p2a: Gholdengo|Make It Rain|p1a: Clodsire
|-damage|p1a: Clodsire|44/100
|-unboost|p2a: Gholdengo|spa|1
|move|p1a: Clodsire|Earthquake|p2a: Gholdengo
|-supereffective|p2a: Gholdengo
|-damage|p2a: Gholdengo|0 fnt
|faint|p2a: Gholdengo
|
|-heal|p1a: Clodsire|50/100|[from] item: Leftovers
|upkeep
|
|t:|1743877385
|switch|p2a: Ninetales|Ninetales-Alola, F|100/100
|-activate|p2a: Ninetales|move: Sticky Web
|-unboost|p2a: Ninetales|spe|1
|-damage|p2a: Ninetales|88/100|[from] Spikes
|-weather|Snowscape|[from] ability: Snow Warning|[of] p2a: Ninetales
|turn|9
|
|t:|1743877392
|move|p1a: Clodsire|Protect|p1a: Clodsire
|-singleturn|p1a: Clodsire|Protect
|move|p2a: Ninetales|Aurora Veil|p2a: Ninetales
|-sidestart|p2: honeyfee|move: Aurora Veil
|
|-weather|Snowscape|[upkeep]
|-heal|p1a: Clodsire|56/100|[from] item: Leftovers
|upkeep
|turn|10
|
|t:|1743877406
|move|p2a: Ninetales|Encore|p1a: Clodsire
|-start|p1a: Clodsire|Encore
|move|p1a: Clodsire|Protect||[still]
|-fail|p1a: Clodsire
|
|-weather|Snowscape|[upkeep]
|-heal|p1a: Clodsire|62/100|[from] item: Leftovers
|upkeep
|turn|11
|
|t:|1743877413
|switch|p2a: Iron Hands|Iron Hands|100/100
|-activate|p2a: Iron Hands|move: Sticky Web
|-unboost|p2a: Iron Hands|spe|1
|-damage|p2a: Iron Hands|88/100|[from] Spikes
|-enditem|p2a: Iron Hands|Booster Energy
|-activate|p2a: Iron Hands|ability: Quark Drive|[fromitem]
|-start|p2a: Iron Hands|quarkdriveatk
|switch|p1a: Murkrow|Murkrow, M|100/100
|
|-weather|Snowscape|[upkeep]
|upkeep
|turn|12
|
|t:|1743877422
|move|p1a: Murkrow|Perish Song|p1a: Murkrow
|-start|p1a: Murkrow|perish3|[silent]
|-start|p2a: Iron Hands|perish3|[silent]
|-fieldactivate|move: Perish Song
|move|p2a: Iron Hands|Swords Dance|p2a: Iron Hands
|-boost|p2a: Iron Hands|atk|2
|
|-weather|Snowscape|[upkeep]
|-start|p1a: Murkrow|perish3
|-start|p2a: Iron Hands|perish3
|upkeep
|turn|13
|
|t:|1743877430
|move|p1a: Murkrow|Haze|p1a: Murkrow
|-clearallboost
|move|p2a: Iron Hands|Drain Punch|p1a: Murkrow
|-enditem|p1a: Murkrow|Focus Sash
|-damage|p1a: Murkrow|1/100
|-heal|p2a: Iron Hands|100/100|[from] drain|[of] p1a: Murkrow
|
|-weather|none
|-start|p1a: Murkrow|perish2
|-start|p2a: Iron Hands|perish2
|upkeep
|turn|14
|
|t:|1743877440
|move|p1a: Murkrow|Taunt|p2a: Iron Hands
|-start|p2a: Iron Hands|move: Taunt
|move|p2a: Iron Hands|Ice Punch|p1a: Murkrow
|-supereffective|p1a: Murkrow
|-crit|p1a: Murkrow
|-damage|p1a: Murkrow|0 fnt
|faint|p1a: Murkrow
|
|-start|p2a: Iron Hands|perish1
|upkeep
|
|t:|1743877453
|switch|p1a: Clodsire|Clodsire, F|62/100
|-damage|p1a: Clodsire|50/100|[from] Spikes
|turn|15
|
|t:|1743877463
|-end|p2a: Iron Hands|Quark Drive|[silent]
|switch|p2a: Iron Moth|Iron Moth|100/100
|-activate|p2a: Iron Moth|move: Sticky Web
|-unboost|p2a: Iron Moth|spe|1
|-damage|p2a: Iron Moth|88/100|[from] Spikes
|-enditem|p2a: Iron Moth|Booster Energy
|-activate|p2a: Iron Moth|ability: Quark Drive|[fromitem]
|-start|p2a: Iron Moth|quarkdrivespa
|move|p1a: Clodsire|Protect||[still]
|-fail|p1a: Clodsire
|
|-heal|p1a: Clodsire|56/100|[from] item: Leftovers
|upkeep
|turn|16
|
|t:|1743877470
|move|p2a: Iron Moth|Fiery Dance|p1a: Clodsire
|-damage|p1a: Clodsire|22/100
|-boost|p2a: Iron Moth|spa|1
|move|p1a: Clodsire|Earthquake|p2a: Iron Moth
|-supereffective|p2a: Iron Moth
|-damage|p2a: Iron Moth|12/100
|
|-heal|p1a: Clodsire|28/100|[from] item: Leftovers
|-sideend|p2: honeyfee|move: Aurora Veil
|upkeep
|turn|17
|
|t:|1743877480
|move|p1a: Clodsire|Protect|p1a: Clodsire
|-singleturn|p1a: Clodsire|Protect
|move|p2a: Iron Moth|Fiery Dance|p1a: Clodsire
|-activate|p1a: Clodsire|move: Protect
|
|-heal|p1a: Clodsire|35/100|[from] item: Leftovers
|upkeep
|turn|18
|
|t:|1743877493
|move|p1a: Clodsire|Protect||[still]
|-fail|p1a: Clodsire
|move|p2a: Iron Moth|Fiery Dance|p1a: Clodsire
|-damage|p1a: Clodsire|1/100
|
|-heal|p1a: Clodsire|7/100|[from] item: Leftovers
|upkeep
|turn|19
|
|t:|1743877501
|move|p1a: Clodsire|Protect|p1a: Clodsire
|-singleturn|p1a: Clodsire|Protect
|move|p2a: Iron Moth|Fiery Dance|p1a: Clodsire
|-activate|p1a: Clodsire|move: Protect
|
|-heal|p1a: Clodsire|13/100|[from] item: Leftovers
|upkeep
|turn|20
|
|t:|1743877515
|move|p2a: Iron Moth|Fiery Dance|p1a: Clodsire
|-damage|p1a: Clodsire|0 fnt
|faint|p1a: Clodsire
|
|upkeep
|
|t:|1743877519
|switch|p1a: Kingambit|Kingambit, M|100/100
|-damage|p1a: Kingambit|88/100|[from] Spikes
|-activate|p1a: Kingambit|ability: Supreme Overlord
|-start|p1a: Kingambit|fallen5|[silent]
|turn|21
|
|t:|1743877545
|move|p1a: Kingambit|Sucker Punch|p2a: Iron Moth
|-damage|p2a: Iron Moth|0 fnt
|faint|p2a: Iron Moth
|-end|p2a: Iron Moth|Quark Drive|[silent]
|
|upkeep
|
|t:|1743877547
|switch|p2a: Iron Hands|Iron Hands|100/100
|-activate|p2a: Iron Hands|move: Sticky Web
|-unboost|p2a: Iron Hands|spe|1
|-damage|p2a: Iron Hands|88/100|[from] Spikes
|turn|22
|
|t:|1743877561
|-terastallize|p1a: Kingambit|Ghost
|move|p1a: Kingambit|Swords Dance|p1a: Kingambit
|-boost|p1a: Kingambit|atk|2
|move|p2a: Iron Hands|Thunder Punch|p1a: Kingambit
|-damage|p1a: Kingambit|53/100
|
|upkeep
|turn|23
|
|t:|1743877569
|move|p1a: Kingambit|Swords Dance|p1a: Kingambit
|-boost|p1a: Kingambit|atk|2
|move|p2a: Iron Hands|Thunder Punch|p1a: Kingambit
|-damage|p1a: Kingambit|20/100
|
|upkeep
|turn|24
|
|t:|1743877579
|move|p1a: Kingambit|Iron Head|p2a: Iron Hands
|-resisted|p2a: Iron Hands
|-damage|p2a: Iron Hands|17/100
|cant|p2a: Iron Hands|flinch
|
|upkeep
|turn|25
|
|t:|1743877589
|move|p1a: Kingambit|Sucker Punch|p2a: Iron Hands
|-resisted|p2a: Iron Hands
|-damage|p2a: Iron Hands|0 fnt
|faint|p2a: Iron Hands
|-end|p2a: Iron Hands|Quark Drive|[silent]
|
|upkeep
|
|t:|1743877590
|switch|p2a: Ninetales|Ninetales-Alola, F|88/100
|-activate|p2a: Ninetales|move: Sticky Web
|-unboost|p2a: Ninetales|spe|1
|-damage|p2a: Ninetales|76/100|[from] Spikes
|-weather|Snowscape|[from] ability: Snow Warning|[of] p2a: Ninetales
|turn|26
|
|t:|1743877601
|move|p2a: Ninetales|Encore|p1a: Kingambit
|-start|p1a: Kingambit|Encore
|move|p1a: Kingambit|Sucker Punch||[still]
|-fail|p1a: Kingambit
|
|-weather|Snowscape|[upkeep]
|upkeep
|turn|27
|
|t:|1743877607
|move|p1a: Kingambit|Sucker Punch||[still]
|-fail|p1a: Kingambit
|move|p2a: Ninetales|Aurora Veil|p2a: Ninetales
|-sidestart|p2: honeyfee|move: Aurora Veil
|
|-weather|Snowscape|[upkeep]
|upkeep
|turn|28
|
|t:|1743877614
|move|p1a: Kingambit|Sucker Punch|p2a: Ninetales
|-resisted|p2a: Ninetales
|-damage|p2a: Ninetales|38/100
|move|p2a: Ninetales|Moonblast|p1a: Kingambit
|-damage|p1a: Kingambit|0 fnt
|faint|p1a: Kingambit
|-end|p1a: Kingambit|fallen5|[silent]
|
|win|honeyfee
|raw|Ceron75's rating: 1279 &rarr; <strong>1255</strong><br />(-24 for losing)
|raw|honeyfee's rating: 1292 &rarr; <strong>1316</strong><br />(+24 for winning)
|l|☆honeyfee
|player|p2|
