|j|☆RisingCringe
|j|☆BTTFKR3000
|t:|1743840237
|gametype|singles
|player|p1|RisingCringe|169|1111
|player|p2|BTTFKR3000|1|1119
|teamsize|p1|6
|teamsize|p2|6
|gen|9
|tier|[Gen 9] OU
|rated|
|rule|HP Percentage Mod: HP is shown in percentages
|rule|Endless Battle Clause: Forcing endless battles is banned
|rule|Species Clause: Limit one of each Pokémon
|rule|OHKO Clause: OHKO moves are banned
|rule|Evasion Items Clause: Evasion items are banned
|rule|Evasion Moves Clause: Evasion moves are banned
|rule|Sleep Moves Clause: Sleep-inducing moves are banned
|clearpoke
|poke|p1|Araquanid, M|
|poke|p1|Lokix, F|
|poke|p1|Forretress, F|
|poke|p1|Galvantula, F|
|poke|p1|Venomoth, M|
|poke|p1|Scizor, M|
|poke|p2|Whimsicott, F|
|poke|p2|Gliscor, M|
|poke|p2|Okidogi, M|
|poke|p2|Latias, F|
|poke|p2|Venomoth, F|
|poke|p2|Sylveon, M|
|teampreview
|inactive|Battle timer is ON: inactive players will automatically lose when time's up. (requested by RisingCringe)
|
|t:|1743840260
|start
|switch|p1a: Araquanid|Araquanid, M|100/100
|switch|p2a: Red Toothless|Latias, F|100/100
|turn|1
|
|t:|1743840269
|-terastallize|p2a: Red Toothless|Steel
|move|p2a: Red Toothless|Agility|p2a: Red Toothless
|-boost|p2a: Red Toothless|spe|2
|move|p1a: Araquanid|Leech Life|p2a: Red Toothless
|-resisted|p2a: Red Toothless
|-damage|p2a: Red Toothless|82/100
|
|-heal|p2a: Red Toothless|88/100|[from] item: Leftovers
|upkeep
|turn|2
|
|t:|1743840281
|move|p2a: Red Toothless|Calm Mind|p2a: Red Toothless
|-boost|p2a: Red Toothless|spa|1
|-boost|p2a: Red Toothless|spd|1
|move|p1a: Araquanid|Sticky Web|p2a: Red Toothless
|-sidestart|p2: BTTFKR3000|move: Sticky Web
|
|-heal|p2a: Red Toothless|94/100|[from] item: Leftovers
|upkeep
|turn|3
|
|t:|1743840289
|switch|p1a: Forretress|Forretress, F|100/100
|move|p2a: Red Toothless|Calm Mind|p2a: Red Toothless
|-boost|p2a: Red Toothless|spa|1
|-boost|p2a: Red Toothless|spd|1
|
|-heal|p2a: Red Toothless|99/100|[from] item: Leftovers
|upkeep
|turn|4
|
|t:|1743840301
|move|p2a: Red Toothless|Agility|p2a: Red Toothless
|-boost|p2a: Red Toothless|spe|2
|move|p1a: Forretress|Thunder Wave|p2a: Red Toothless
|-status|p2a: Red Toothless|par
|
|-heal|p2a: Red Toothless|100/100 par|[from] item: Leftovers
|upkeep
|turn|5
|
|t:|1743840310
|move|p2a: Red Toothless|Calm Mind|p2a: Red Toothless
|-boost|p2a: Red Toothless|spa|1
|-boost|p2a: Red Toothless|spd|1
|move|p1a: Forretress|Stealth Rock|p2a: Red Toothless
|-sidestart|p2: BTTFKR3000|move: Stealth Rock
|
|upkeep
|turn|6
|
|t:|1743840316
|move|p2a: Red Toothless|Calm Mind|p2a: Red Toothless
|-boost|p2a: Red Toothless|spa|1
|-boost|p2a: Red Toothless|spd|1
|move|p1a: Forretress|Volt Switch|p2a: Red Toothless
|-crit|p2a: Red Toothless
|-damage|p2a: Red Toothless|85/100 par
|
|t:|1743840323
|switch|p1a: Scizor|Scizor, M|100/100|[from] Volt Switch
|
|-heal|p2a: Red Toothless|91/100 par|[from] item: Leftovers
|upkeep
|turn|7
|
|t:|1743840331
|cant|p2a: Red Toothless|par
|move|p1a: Scizor|Swords Dance|p1a: Scizor
|-boost|p1a: Scizor|atk|2
|
|-heal|p2a: Red Toothless|97/100 par|[from] item: Leftovers
|upkeep
|turn|8
|
|t:|1743840338
|move|p2a: Red Toothless|Stored Power|p1a: Scizor
|-resisted|p1a: Scizor
|-enditem|p1a: Scizor|Focus Sash
|-damage|p1a: Scizor|1/100
|move|p1a: Scizor|Brick Break|p2a: Red Toothless
|-supereffective|p2a: Red Toothless
|-damage|p2a: Red Toothless|0 fnt
|faint|p2a: Red Toothless
|
|upkeep
|
|t:|1743840348
|switch|p2a: Lil' Fucker|Whimsicott, F|100/100
|-activate|p2a: Lil' Fucker|move: Sticky Web
|-unboost|p2a: Lil' Fucker|spe|1
|-damage|p2a: Lil' Fucker|88/100|[from] Stealth Rock
|turn|9
|
|t:|1743840353
|move|p1a: Scizor|Bullet Punch|p2a: Lil' Fucker
|-supereffective|p2a: Lil' Fucker
|-damage|p2a: Lil' Fucker|0 fnt
|faint|p2a: Lil' Fucker
|
|upkeep
|
|t:|1743840371
|switch|p2a: Twink|Sylveon, M|100/100
|turn|10
|
|t:|1743840374
|move|p2a: Twink|Protect|p2a: Twink
|-singleturn|p2a: Twink|Protect
|move|p1a: Scizor|Bullet Punch|p2a: Twink
|-activate|p2a: Twink|move: Protect
|
|upkeep
|turn|11
|
|t:|1743840384
|move|p1a: Scizor|Bullet Punch|p2a: Twink
|-supereffective|p2a: Twink
|-crit|p2a: Twink
|-damage|p2a: Twink|0 fnt
|faint|p2a: Twink
|
|upkeep
|
|t:|1743840390
|switch|p2a: Mothra|Venomoth, F|100/100
|-activate|p2a: Mothra|move: Sticky Web
|-unboost|p2a: Mothra|spe|1
|-damage|p2a: Mothra|76/100|[from] Stealth Rock
|turn|12
|
|t:|1743840399
|move|p1a: Scizor|Bullet Punch|p2a: Mothra
|-damage|p2a: Mothra|0 fnt
|faint|p2a: Mothra
|
|upkeep
|-message|BTTFKR3000 forfeited.
|
|win|RisingCringe
|raw|RisingCringe's rating: 1111 &rarr; <strong>1137</strong><br />(+26 for winning)
|raw|BTTFKR3000's rating: 1119 &rarr; <strong>1093</strong><br />(-26 for losing)
|l|☆BTTFKR3000
|player|p2|
|l|☆RisingCringe
|player|p1|
