|j|☆Ace Trainer Gdubz
|j|☆elekid3
|t:|1743916804
|gametype|singles
|player|p1|Ace Trainer Gdubz|riley|1188
|player|p2|elekid3|workerice|1207
|teamsize|p1|6
|teamsize|p2|6
|gen|9
|tier|[Gen 9] OU
|rated|
|rule|HP Percentage Mod: HP is shown in percentages
|rule|Endless Battle Clause: Forcing endless battles is banned
|rule|Species Clause: Limit one of each Pokémon
|rule|OHKO Clause: OHKO moves are banned
|rule|Evasion Items Clause: Evasion items are banned
|rule|Evasion Moves Clause: Evasion moves are banned
|rule|Sleep Moves Clause: Sleep-inducing moves are banned
|clearpoke
|poke|p1|Ribombee, M|
|poke|p1|Mew|
|poke|p1|Dragapult, M|
|poke|p1|Dragonite, F|
|poke|p1|Enamorus, F|
|poke|p1|Forretress, F|
|poke|p2|Torkoal, M|
|poke|p2|Cinderace, M|
|poke|p2|Walking Wake|
|poke|p2|Raging Bolt|
|poke|p2|Great Tusk|
|poke|p2|Charizard, M|
|teampreview
|inactive|Battle timer is ON: inactive players will automatically lose when time's up. (requested by elekid3)
|
|t:|1743916809
|start
|switch|p1a: Buzzladysue|Ribombee, M|100/100
|switch|p2a: Cinderace|Cinderace, M|100/100
|turn|1
|
|t:|1743916814
|move|p1a: Buzzladysue|Sticky Web|p2a: Cinderace
|-sidestart|p2: elekid3|move: Sticky Web
|move|p2a: Cinderace|Iron Head|p1a: Buzzladysue
|-start|p2a: Cinderace|typechange|Steel|[from] ability: Libero
|-supereffective|p1a: Buzzladysue
|-enditem|p1a: Buzzladysue|Focus Sash
|-damage|p1a: Buzzladysue|1/100
|-damage|p2a: Cinderace|91/100|[from] item: Life Orb
|
|upkeep
|turn|2
|
|t:|1743916823
|move|p1a: Buzzladysue|Stun Spore|p2a: Cinderace
|-status|p2a: Cinderace|par
|cant|p2a: Cinderace|par
|
|upkeep
|turn|3
|
|t:|1743916836
|switch|p1a: SryNotSry|Mew, shiny|100/100
|move|p2a: Cinderace|U-turn|p1a: SryNotSry
|-supereffective|p1a: SryNotSry
|-damage|p1a: SryNotSry|46/100
|-damage|p2a: Cinderace|81/100 par|[from] item: Life Orb
|
|t:|1743916840
|switch|p2a: Torkoal|Torkoal, M|100/100|[from] U-turn
|-activate|p2a: Torkoal|move: Sticky Web
|-unboost|p2a: Torkoal|spe|1
|-weather|SunnyDay|[from] ability: Drought|[of] p2a: Torkoal
|
|-weather|SunnyDay|[upkeep]
|-heal|p1a: SryNotSry|52/100|[from] item: Leftovers
|upkeep
|turn|4
|
|t:|1743916847
|move|p1a: SryNotSry|Fire Spin|p2a: Torkoal|[miss]
|-miss|p1a: SryNotSry|p2a: Torkoal
|move|p2a: Torkoal|Rapid Spin|p1a: SryNotSry
|-damage|p1a: SryNotSry|42/100
|-boost|p2a: Torkoal|spe|1
|-sideend|p2: elekid3|Sticky Web|[from] move: Rapid Spin|[of] p2a: Torkoal
|
|-weather|SunnyDay|[upkeep]
|-heal|p1a: SryNotSry|48/100|[from] item: Leftovers
|upkeep
|turn|5
|
|t:|1743916861
|move|p1a: SryNotSry|Fire Spin|p2a: Torkoal
|-resisted|p2a: Torkoal
|-damage|p2a: Torkoal|91/100
|-activate|p2a: Torkoal|move: Fire Spin|[of] p1a: SryNotSry
|move|p2a: Torkoal|Stealth Rock|p1a: SryNotSry
|-sidestart|p1: Ace Trainer Gdubz|move: Stealth Rock
|
|-weather|SunnyDay|[upkeep]
|-heal|p1a: SryNotSry|54/100|[from] item: Leftovers
|-damage|p2a: Torkoal|79/100|[from] move: Fire Spin|[partiallytrapped]
|upkeep
|turn|6
|
|t:|1743916869
|move|p1a: SryNotSry|Imprison|p1a: SryNotSry
|-start|p1a: SryNotSry|move: Imprison
|move|p2a: Torkoal|Lava Plume|p1a: SryNotSry
|-damage|p1a: SryNotSry|19/100
|
|-weather|SunnyDay|[upkeep]
|-heal|p1a: SryNotSry|25/100|[from] item: Leftovers
|-damage|p2a: Torkoal|66/100|[from] move: Fire Spin|[partiallytrapped]
|upkeep
|turn|7
|
|t:|1743916875
|move|p1a: SryNotSry|Transform|p2a: Torkoal
|-transform|p1a: SryNotSry|p2a: Torkoal
|cant|p2a: Torkoal|move: Imprison|Lava Plume
|
|-weather|SunnyDay|[upkeep]
|-heal|p1a: SryNotSry|32/100|[from] item: Leftovers
|-damage|p2a: Torkoal|54/100|[from] move: Fire Spin|[partiallytrapped]
|upkeep
|turn|8
|
|t:|1743916887
|-activate|p2a: Torkoal|move: Struggle
|move|p2a: Torkoal|Struggle|p1a: SryNotSry
|-damage|p1a: SryNotSry|25/100
|-damage|p2a: Torkoal|29/100|[from] recoil
|move|p1a: SryNotSry|Rapid Spin|p2a: Torkoal
|-damage|p2a: Torkoal|23/100
|-boost|p1a: SryNotSry|spe|1
|-sideend|p1: Ace Trainer Gdubz|Stealth Rock|[from] move: Rapid Spin|[of] p1a: SryNotSry
|
|-weather|SunnyDay|[upkeep]
|-heal|p1a: SryNotSry|31/100|[from] item: Leftovers
|-damage|p2a: Torkoal|10/100|[from] move: Fire Spin|[partiallytrapped]
|upkeep
|turn|9
|
|t:|1743916902
|move|p1a: SryNotSry|Stealth Rock|p2a: Torkoal
|-sidestart|p2: elekid3|move: Stealth Rock
|-activate|p2a: Torkoal|move: Struggle
|move|p2a: Torkoal|Struggle|p1a: SryNotSry
|-damage|p1a: SryNotSry|24/100
|-damage|p2a: Torkoal|0 fnt|[from] recoil
|faint|p2a: Torkoal
|
|-weather|SunnyDay|[upkeep]
|-heal|p1a: SryNotSry|30/100|[from] item: Leftovers
|upkeep
|
|t:|1743916905
|switch|p2a: Great Tusk|Great Tusk, shiny|100/100
|-damage|p2a: Great Tusk|98/100|[from] Stealth Rock
|-activate|p2a: Great Tusk|ability: Protosynthesis
|-start|p2a: Great Tusk|protosynthesisatk
|turn|10
|inactive|Ace Trainer Gdubz has 120 seconds left.
|
|t:|1743916939
|move|p2a: Great Tusk|Headlong Rush|p1a: SryNotSry
|-supereffective|p1a: SryNotSry
|-damage|p1a: SryNotSry|0 fnt
|-unboost|p2a: Great Tusk|def|1
|-unboost|p2a: Great Tusk|spd|1
|faint|p1a: SryNotSry
|
|-weather|none
|-end|p2a: Great Tusk|Protosynthesis
|upkeep
|inactive|Ace Trainer Gdubz has 120 seconds left.
|
|t:|1743916946
|switch|p1a: Buzzladysue|Ribombee, M|1/100
|turn|11
|
|t:|1743916955
|move|p1a: Buzzladysue|Sticky Web|p2a: Great Tusk
|-sidestart|p2: elekid3|move: Sticky Web
|move|p2a: Great Tusk|Rapid Spin|p1a: Buzzladysue
|-damage|p1a: Buzzladysue|0 fnt
|-boost|p2a: Great Tusk|spe|1
|-sideend|p2: elekid3|Stealth Rock|[from] move: Rapid Spin|[of] p2a: Great Tusk
|-sideend|p2: elekid3|Sticky Web|[from] move: Rapid Spin|[of] p2a: Great Tusk
|faint|p1a: Buzzladysue
|
|upkeep
|inactive|Ace Trainer Gdubz has 120 seconds left.
|inactive|Ace Trainer Gdubz has 90 seconds left.
|inactive|Ace Trainer Gdubz has 60 seconds left.
|inactive|Ace Trainer Gdubz has 30 seconds left.
|
|t:|1743917056
|switch|p1a: Chompain|Forretress, F|100/100
|turn|12
|inactive|Ace Trainer Gdubz has 30 seconds left.
|
|t:|1743917072
|-end|p2a: Great Tusk|Protosynthesis|[silent]
|switch|p2a: Cinderace|Cinderace, M|81/100 par
|move|p1a: Chompain|Stealth Rock|p2a: Cinderace
|-sidestart|p2: elekid3|move: Stealth Rock
|
|upkeep
|turn|13
|inactive|Ace Trainer Gdubz has 30 seconds left.
|inactive|Ace Trainer Gdubz has 20 seconds left.
|inactive|Ace Trainer Gdubz has 15 seconds left.
|
|t:|1743917094
|switch|p1a: Hyde|Dragapult, M|100/100
|move|p2a: Cinderace|Sunny Day|p2a: Cinderace
|-weather|SunnyDay
|
|-weather|SunnyDay|[upkeep]
|upkeep
|turn|14
|inactive|Ace Trainer Gdubz has 25 seconds left this turn.
|
|t:|1743917106
|move|p1a: Hyde|Substitute|p1a: Hyde
|-start|p1a: Hyde|Substitute
|-damage|p1a: Hyde|76/100
|move|p2a: Cinderace|Pyro Ball|p1a: Hyde
|-resisted|p1a: Hyde
|-end|p1a: Hyde|Substitute
|-damage|p2a: Cinderace|71/100 par|[from] item: Life Orb
|
|-weather|SunnyDay|[upkeep]
|-heal|p1a: Hyde|82/100|[from] item: Leftovers
|upkeep
|turn|15
|inactive|Ace Trainer Gdubz has 30 seconds left.
|
|t:|1743917115
|switch|p2a: Charizard|Charizard, M, shiny|100/100
|-damage|p2a: Charizard|50/100|[from] Stealth Rock
|move|p1a: Hyde|Dragon Dance|p1a: Hyde
|-boost|p1a: Hyde|atk|1
|-boost|p1a: Hyde|spe|1
|
|-weather|SunnyDay|[upkeep]
|-damage|p2a: Charizard|38/100|[from] ability: Solar Power|[of] p2a: Charizard
|-heal|p1a: Hyde|88/100|[from] item: Leftovers
|upkeep
|turn|16
|
|t:|1743917121
|move|p1a: Hyde|Dragon Darts|p2a: Charizard
|-damage|p2a: Charizard|0 fnt
|faint|p2a: Charizard
|
|-weather|SunnyDay|[upkeep]
|-heal|p1a: Hyde|94/100|[from] item: Leftovers
|upkeep
|
|t:|1743917126
|switch|p2a: Great Tusk|Great Tusk, shiny|98/100
|-damage|p2a: Great Tusk|95/100|[from] Stealth Rock
|-activate|p2a: Great Tusk|ability: Protosynthesis
|-start|p2a: Great Tusk|protosynthesisatk
|turn|17
|
|t:|1743917131
|-terastallize|p2a: Great Tusk|Steel
|move|p1a: Hyde|Substitute|p1a: Hyde
|-start|p1a: Hyde|Substitute
|-damage|p1a: Hyde|69/100
|move|p2a: Great Tusk|Ice Spinner|p1a: Hyde
|-supereffective|p1a: Hyde
|-end|p1a: Hyde|Substitute
|
|-weather|none
|-end|p2a: Great Tusk|Protosynthesis
|-heal|p1a: Hyde|75/100|[from] item: Leftovers
|upkeep
|turn|18
|inactive|Ace Trainer Gdubz has 60 seconds left.
|
|t:|1743917140
|move|p1a: Hyde|Phantom Force||[still]
|-prepare|p1a: Hyde|Phantom Force
|move|p2a: Great Tusk|Ice Spinner|p1a: Hyde|[miss]
|-miss|p2a: Great Tusk|p1a: Hyde
|
|-heal|p1a: Hyde|81/100|[from] item: Leftovers
|upkeep
|turn|19
|
|t:|1743917146
|move|p1a: Hyde|Phantom Force|p2a: Great Tusk|[from] lockedmove
|-damage|p2a: Great Tusk|42/100
|move|p2a: Great Tusk|Ice Spinner|p1a: Hyde
|-supereffective|p1a: Hyde
|-damage|p1a: Hyde|6/100
|
|-heal|p1a: Hyde|12/100|[from] item: Leftovers
|upkeep
|turn|20
|
|t:|1743917155
|move|p1a: Hyde|Phantom Force||[still]
|-prepare|p1a: Hyde|Phantom Force
|move|p2a: Great Tusk|Rapid Spin|p1a: Hyde|[miss]
|-miss|p2a: Great Tusk|p1a: Hyde
|
|-heal|p1a: Hyde|18/100|[from] item: Leftovers
|upkeep
|turn|21
|
|t:|1743917160
|move|p1a: Hyde|Phantom Force|p2a: Great Tusk|[from] lockedmove
|-damage|p2a: Great Tusk|0 fnt
|faint|p2a: Great Tusk
|-end|p2a: Great Tusk|Protosynthesis|[silent]
|
|-heal|p1a: Hyde|24/100|[from] item: Leftovers
|upkeep
|
|t:|1743917165
|switch|p2a: Raging Bolt|Raging Bolt|100/100
|-damage|p2a: Raging Bolt|88/100|[from] Stealth Rock
|turn|22
|inactive|Ace Trainer Gdubz has 90 seconds left.
|
|t:|1743917176
|move|p2a: Raging Bolt|Thunderclap||[still]
|-fail|p2a: Raging Bolt
|move|p1a: Hyde|Dragon Dance|p1a: Hyde
|-boost|p1a: Hyde|atk|1
|-boost|p1a: Hyde|spe|1
|
|-heal|p1a: Hyde|30/100|[from] item: Leftovers
|upkeep
|turn|23
|
|t:|1743917182
|move|p1a: Hyde|Dragon Darts|p2a: Raging Bolt
|-supereffective|p2a: Raging Bolt
|-damage|p2a: Raging Bolt|15/100
|-anim|p1a: Hyde|Dragon Darts|p2a: Raging Bolt
|-supereffective|p2a: Raging Bolt
|-damage|p2a: Raging Bolt|0 fnt
|faint|p2a: Raging Bolt
|-end|p2a: Raging Bolt|Protosynthesis|[silent]
|
|-heal|p1a: Hyde|36/100|[from] item: Leftovers
|upkeep
|-message|elekid3 forfeited.
|
|win|Ace Trainer Gdubz
|raw|Ace Trainer Gdubz's rating: 1188 &rarr; <strong>1214</strong><br />(+26 for winning)
|raw|elekid3's rating: 1207 &rarr; <strong>1181</strong><br />(-26 for losing)
|l|☆elekid3
|player|p2|
|l|☆Ace Trainer Gdubz
|player|p1|
