|j|☆Celest107
|j|☆Coldwiii
|t:|1743871981
|gametype|singles
|player|p1|Celest107|miku-fire|1445
|player|p2|Coldwiii|wattson|1516
|teamsize|p1|6
|teamsize|p2|6
|gen|9
|tier|[Gen 9] OU
|rated|
|rule|HP Percentage Mod: HP is shown in percentages
|rule|Endless Battle Clause: Forcing endless battles is banned
|rule|Species Clause: Limit one of each Pokémon
|rule|OHKO Clause: OHKO moves are banned
|rule|Evasion Items Clause: Evasion items are banned
|rule|Evasion Moves Clause: Evasion moves are banned
|rule|Sleep Moves Clause: Sleep-inducing moves are banned
|clearpoke
|poke|p1|Ursaluna, F|
|poke|p1|Mimikyu, M|
|poke|p1|Cresselia, F|
|poke|p1|Enamorus-Therian, F|
|poke|p1|Hatterene, F|
|poke|p1|Hoopa-Unbound|
|poke|p2|Ting-Lu|
|poke|p2|Latios, M|
|poke|p2|Skeledirge, F|
|poke|p2|Corviknight, F|
|poke|p2|Hatterene, F|
|poke|p2|Breloom, F|
|teampreview
|c|☆Coldwiii|glhf
|
|t:|1743872009
|start
|switch|p1a: Enamorus|Enamorus-Therian, F|100/100
|switch|p2a: Skeledirge|Skeledirge, F|100/100
|turn|1
|
|t:|1743872034
|switch|p2a: Hatterene|Hatterene, F, shiny|100/100
|move|p1a: Enamorus|Earth Power|p2a: Hatterene
|-damage|p2a: Hatterene|60/100
|-unboost|p2a: Hatterene|spd|1
|
|-heal|p2a: Hatterene|66/100|[from] item: Leftovers
|upkeep
|turn|2
|
|t:|1743872044
|switch|p2a: Corviknight|Corviknight, F, shiny|100/100
|-ability|p2a: Corviknight|Pressure
|move|p1a: Enamorus|Earth Power|p2a: Corviknight
|-immune|p2a: Corviknight
|
|upkeep
|turn|3
|
|t:|1743872062
|switch|p2a: Breloom|Breloom, F|100/100
|switch|p1a: Hatterene|Hatterene, F|100/100
|
|upkeep
|turn|4
|
|t:|1743872071
|move|p2a: Breloom|Bullet Seed|p1a: Hatterene
|-damage|p1a: Hatterene|73/100
|-damage|p1a: Hatterene|45/100
|-hitcount|p1a: Hatterene|2
|move|p1a: Hatterene|Trick Room|p1a: Hatterene
|-fieldstart|move: Trick Room|[of] p1a: Hatterene
|
|upkeep
|turn|5
|
|t:|1743872093
|switch|p2a: Ting-Lu|Ting-Lu|100/100
|-ability|p2a: Ting-Lu|Vessel of Ruin
|move|p1a: Hatterene|Mystical Fire|p2a: Ting-Lu
|-damage|p2a: Ting-Lu|91/100
|-unboost|p2a: Ting-Lu|spa|1
|
|-heal|p2a: Ting-Lu|98/100|[from] item: Leftovers
|upkeep
|turn|6
|
|t:|1743872103
|move|p1a: Hatterene|Healing Wish|p1a: Hatterene
|faint|p1a: Hatterene
|move|p2a: Ting-Lu|Ruination|p1: Hatterene|[notarget]
|-fail|p2a: Ting-Lu
|
|-heal|p2a: Ting-Lu|100/100|[from] item: Leftovers
|upkeep
|
|t:|1743872111
|switch|p1a: Ursaluna|Ursaluna, F|100/100
|turn|7
|
|t:|1743872118
|move|p1a: Ursaluna|Swords Dance|p1a: Ursaluna
|-boost|p1a: Ursaluna|atk|2
|move|p2a: Ting-Lu|Whirlwind|p1a: Ursaluna
|drag|p1a: Enamorus|Enamorus-Therian, F|100/100
|
|upkeep
|turn|8
|
|t:|1743872135
|move|p1a: Enamorus|Moonblast|p2a: Ting-Lu
|-supereffective|p2a: Ting-Lu
|-damage|p2a: Ting-Lu|36/100
|move|p2a: Ting-Lu|Ruination|p1a: Enamorus
|-damage|p1a: Enamorus|51/100
|
|-heal|p2a: Ting-Lu|42/100|[from] item: Leftovers
|-fieldend|move: Trick Room
|upkeep
|turn|9
|
|t:|1743872142
|move|p2a: Ting-Lu|Stealth Rock|p1a: Enamorus
|-sidestart|p1: Celest107|move: Stealth Rock
|move|p1a: Enamorus|Moonblast|p2a: Ting-Lu
|-supereffective|p2a: Ting-Lu
|-damage|p2a: Ting-Lu|0 fnt
|faint|p2a: Ting-Lu
|
|upkeep
|
|t:|1743872153
|switch|p2a: Breloom|Breloom, F|100/100
|turn|10
|
|t:|1743872160
|switch|p1a: Cresselia|Cresselia, F|100/100
|-damage|p1a: Cresselia|88/100|[from] Stealth Rock
|move|p2a: Breloom|Rock Tomb|p1a: Cresselia
|-damage|p1a: Cresselia|59/100
|-unboost|p1a: Cresselia|spe|1
|
|upkeep
|turn|11
|
|t:|1743872174
|switch|p2a: Latios|Latios, M, shiny|100/100
|move|p1a: Cresselia|Trick Room|p1a: Cresselia
|-fieldstart|move: Trick Room|[of] p1a: Cresselia
|
|upkeep
|turn|12
|
|t:|1743872187
|move|p1a: Cresselia|Lunar Dance|p1a: Cresselia
|faint|p1a: Cresselia
|move|p2a: Latios|Calm Mind|p2a: Latios
|-boost|p2a: Latios|spa|1
|-boost|p2a: Latios|spd|1
|
|upkeep
|
|t:|1743872192
|switch|p1a: Ursaluna|Ursaluna, F|100/100
|-heal|p1a: Ursaluna|100/100|[from] move: Lunar Dance
|-damage|p1a: Ursaluna|94/100|[from] Stealth Rock
|turn|13
|
|t:|1743872204
|move|p1a: Ursaluna|Facade|p2a: Latios
|-damage|p2a: Latios|44/100
|move|p2a: Latios|Draco Meteor|p1a: Ursaluna
|-damage|p1a: Ursaluna|0 fnt
|-unboost|p2a: Latios|spa|2
|faint|p1a: Ursaluna
|
|upkeep
|
|t:|1743872211
|switch|p1a: Hoopa|Hoopa-Unbound|100/100
|-damage|p1a: Hoopa|88/100|[from] Stealth Rock
|turn|14
|
|t:|1743872221
|switch|p2a: Corviknight|Corviknight, F, shiny|100/100
|-ability|p2a: Corviknight|Pressure
|move|p1a: Hoopa|Hyperspace Fury|p2a: Corviknight
|-damage|p2a: Corviknight|58/100
|-unboost|p1a: Hoopa|def|1
|-enditem|p1a: Hoopa|Eject Pack
|
|t:|1743872226
|switch|p1a: Mimikyu|Mimikyu, M|100/100
|-damage|p1a: Mimikyu|88/100|[from] Stealth Rock
|
|upkeep
|turn|15
|
|t:|1743872235
|move|p2a: Corviknight|Brave Bird|p1a: Mimikyu
|-activate|p1a: Mimikyu|ability: Disguise
|-damage|p1a: Mimikyu|88/100
|detailschange|p1a: Mimikyu|Mimikyu-Busted, M
|-damage|p1a: Mimikyu|76/100|[from] pokemon: Mimikyu-Busted
|-enditem|p1a: Mimikyu|Red Card|[of] p2a: Corviknight
|drag|p2a: Skeledirge|Skeledirge, F|100/100
|move|p1a: Mimikyu|Taunt|p2a: Skeledirge
|-start|p2a: Skeledirge|move: Taunt
|
|-fieldend|move: Trick Room
|upkeep
|turn|16
|
|t:|1743872252
|move|p2a: Skeledirge|Torch Song|p1a: Mimikyu
|-damage|p1a: Mimikyu|55/100
|-boost|p2a: Skeledirge|spa|1
|move|p1a: Mimikyu|Trick Room|p1a: Mimikyu
|-fieldstart|move: Trick Room|[of] p1a: Mimikyu
|
|upkeep
|turn|17
|
|t:|1743872270
|move|p2a: Skeledirge|Torch Song|p1a: Mimikyu
|-damage|p1a: Mimikyu|23/100
|-boost|p2a: Skeledirge|spa|1
|move|p1a: Mimikyu|Curse|p2a: Skeledirge
|-start|p2a: Skeledirge|Curse|[of] p1a: Mimikyu
|-damage|p1a: Mimikyu|0 fnt
|faint|p1a: Mimikyu
|
|-damage|p2a: Skeledirge|75/100|[from] Curse
|-end|p2a: Skeledirge|move: Taunt
|upkeep
|
|t:|1743872296
|switch|p1a: Hoopa|Hoopa-Unbound|88/100
|-heal|p1a: Hoopa|100/100|[from] move: Healing Wish
|-damage|p1a: Hoopa|88/100|[from] Stealth Rock
|turn|18
|
|t:|1743872305
|move|p1a: Hoopa|Hyperspace Fury|p2a: Skeledirge
|-supereffective|p2a: Skeledirge
|-damage|p2a: Skeledirge|2/100
|-unboost|p1a: Hoopa|def|1
|-item|p1a: Hoopa|Heavy-Duty Boots|[from] ability: Magician|[of] p2a: Skeledirge
|move|p2a: Skeledirge|Will-O-Wisp|p1a: Hoopa|[miss]
|-miss|p2a: Skeledirge|p1a: Hoopa
|
|-damage|p2a: Skeledirge|0 fnt|[from] Curse
|faint|p2a: Skeledirge
|upkeep
|
|t:|1743872315
|switch|p2a: Corviknight|Corviknight, F, shiny|58/100
|-ability|p2a: Corviknight|Pressure
|turn|19
|
|t:|1743872329
|switch|p1a: Enamorus|Enamorus-Therian, F|51/100
|-damage|p1a: Enamorus|26/100|[from] Stealth Rock
|move|p2a: Corviknight|Roost|p2a: Corviknight
|-heal|p2a: Corviknight|100/100
|-singleturn|p2a: Corviknight|move: Roost
|
|upkeep
|turn|20
|
|t:|1743872337
|move|p1a: Enamorus|Mystical Fire|p2a: Corviknight
|-supereffective|p2a: Corviknight
|-damage|p2a: Corviknight|8/100
|-unboost|p2a: Corviknight|spa|1
|move|p2a: Corviknight|Brave Bird|p1a: Enamorus
|-damage|p1a: Enamorus|0 fnt
|faint|p1a: Enamorus
|-damage|p2a: Corviknight|1/100|[from] Recoil
|
|-fieldend|move: Trick Room
|upkeep
|c|☆Coldwiii|gg
|
|t:|1743872351
|switch|p1a: Hoopa|Hoopa-Unbound|88/100
|turn|21
|
|t:|1743872354
|move|p2a: Corviknight|Brave Bird|p1a: Hoopa
|-damage|p1a: Hoopa|36/100
|-damage|p2a: Corviknight|0 fnt|[from] Recoil
|faint|p2a: Corviknight
|move|p1a: Hoopa|Trick Room|p1a: Hoopa
|-fieldstart|move: Trick Room|[of] p1a: Hoopa
|
|upkeep
|
|t:|1743872369
|switch|p2a: Hatterene|Hatterene, F, shiny|66/100
|turn|22
|
|t:|1743872375
|move|p2a: Hatterene|Draining Kiss|p1a: Hoopa
|-supereffective|p1a: Hoopa
|-damage|p1a: Hoopa|4/100
|-heal|p2a: Hatterene|93/100|[from] drain|[of] p1a: Hoopa
|move|p1a: Hoopa|Hyperspace Fury|p2a: Hatterene
|-crit|p2a: Hatterene
|-damage|p2a: Hatterene|0 fnt
|-unboost|p1a: Hoopa|def|1
|faint|p2a: Hatterene
|
|upkeep
|c|☆Coldwiii|gg
|
|t:|1743872384
|switch|p2a: Breloom|Breloom, F|100/100
|turn|23
|
|t:|1743872389
|move|p2a: Breloom|Mach Punch|p1a: Hoopa
|-damage|p1a: Hoopa|0 fnt
|faint|p1a: Hoopa
|
|win|Coldwiii
|raw|Celest107's rating: 1426 &rarr; <strong>1411</strong><br />(-15 for losing)
|raw|Coldwiii's rating: 1516 &rarr; <strong>1531</strong><br />(+15 for winning)
|l|☆Celest107
|player|p1|
|l|☆Coldwiii
|player|p2|
