|j|☆Lubyaaa
|j|☆Stageldor
|t:|1743830202
|gametype|singles
|player|p1|Lubyaaa|dawn|1142
|player|p2|Stageldor|kieran-champion|1085
|teamsize|p1|6
|teamsize|p2|6
|gen|9
|tier|[Gen 9] OU
|rated|
|rule|HP Percentage Mod: HP is shown in percentages
|rule|Endless Battle Clause: Forcing endless battles is banned
|rule|Species Clause: Limit one of each Pokémon
|rule|OHKO Clause: OHKO moves are banned
|rule|Evasion Items Clause: Evasion items are banned
|rule|Evasion Moves Clause: Evasion moves are banned
|rule|Sleep Moves Clause: Sleep-inducing moves are banned
|clearpoke
|poke|p1|Zapdos|
|poke|p1|Empoleon, M|
|poke|p1|Serperior, M|
|poke|p1|Great Tusk|
|poke|p1|Hydreigon, M|
|poke|p1|Gholdengo|
|poke|p2|Wyrdeer, M|
|poke|p2|Garchomp, M|
|poke|p2|Arcanine-Hisui, M|
|poke|p2|Quaquaval, M|
|poke|p2|Greedent, M|
|poke|p2|Rotom-Mow|
|teampreview
|inactive|Battle timer is ON: inactive players will automatically lose when time's up. (requested by Stageldor)
|
|t:|1743830211
|start
|switch|p1a: 肯德基|Zapdos|100/100
|switch|p2a: Charles|Garchomp, M|100/100
|turn|1
|
|t:|1743830219
|move|p1a: 肯德基|Hurricane|p2a: Charles
|-damage|p2a: Charles|68/100
|move|p2a: Charles|Stealth Rock|p1a: 肯德基
|-sidestart|p1: Lubyaaa|move: Stealth Rock
|
|upkeep
|turn|2
|
|t:|1743830231
|move|p1a: 肯德基|Hurricane|p2a: Charles
|-damage|p2a: Charles|38/100
|-start|p2a: Charles|confusion
|-activate|p2a: Charles|confusion
|move|p2a: Charles|Fire Blast|p1a: 肯德基|[miss]
|-miss|p2a: Charles|p1a: 肯德基
|
|upkeep
|turn|3
|
|t:|1743830251
|move|p1a: 肯德基|Hurricane|p2a: Charles
|-damage|p2a: Charles|9/100
|-end|p2a: Charles|confusion
|move|p2a: Charles|Dragon Claw|p1a: 肯德基
|-damage|p1a: 肯德基|69/100
|
|upkeep
|turn|4
|
|t:|1743830261
|move|p1a: 肯德基|Hurricane|p2a: Charles|[miss]
|-miss|p1a: 肯德基|p2a: Charles
|move|p2a: Charles|Dragon Claw|p1a: 肯德基
|-damage|p1a: 肯德基|40/100
|-status|p2a: Charles|par|[from] ability: Static|[of] p1a: 肯德基
|
|upkeep
|turn|5
|
|t:|1743830271
|move|p1a: 肯德基|Roost|p1a: 肯德基
|-heal|p1a: 肯德基|90/100
|-singleturn|p1a: 肯德基|move: Roost
|move|p2a: Charles|Dragon Claw|p1a: 肯德基
|-damage|p1a: 肯德基|61/100
|
|upkeep
|turn|6
|
|t:|1743830286
|move|p1a: 肯德基|Hurricane|p2a: Charles
|-damage|p2a: Charles|0 fnt
|faint|p2a: Charles
|
|upkeep
|
|t:|1743830291
|switch|p2a: RK9|Arcanine-Hisui, M|100/100
|turn|7
|
|t:|1743830296
|move|p1a: 肯德基|Volt Switch|p2a: RK9
|-damage|p2a: RK9|63/100
|
|t:|1743830300
|switch|p1a: Empoleon|Empoleon, M|100/100|[from] Volt Switch
|-damage|p1a: Empoleon|94/100|[from] Stealth Rock
|move|p2a: RK9|Head Smash|p1a: Empoleon|[miss]
|-miss|p2a: RK9|p1a: Empoleon
|
|upkeep
|turn|8
|
|t:|1743830330
|switch|p2a: BuzzCut|Rotom-Mow|100/100
|move|p1a: Empoleon|Hydro Pump|p2a: BuzzCut
|-resisted|p2a: BuzzCut
|-damage|p2a: BuzzCut|41/100
|
|upkeep
|turn|9
|
|t:|1743830339
|move|p2a: BuzzCut|Thunderbolt|p1a: Empoleon
|-supereffective|p1a: Empoleon
|-damage|p1a: Empoleon|15/100
|move|p1a: Empoleon|Hydro Pump|p2a: BuzzCut|[miss]
|-miss|p1a: Empoleon|p2a: BuzzCut
|
|upkeep
|turn|10
|
|t:|1743830356
|move|p2a: BuzzCut|Thunderbolt|p1a: Empoleon
|-supereffective|p1a: Empoleon
|-damage|p1a: Empoleon|0 fnt
|faint|p1a: Empoleon
|
|upkeep
|
|t:|1743830362
|switch|p1a: Hydreigon|Hydreigon, M|100/100
|-damage|p1a: Hydreigon|88/100|[from] Stealth Rock
|turn|11
|
|t:|1743830378
|switch|p2a: QuackSparrow|Quaquaval, M|100/100
|move|p1a: Hydreigon|Nasty Plot|p1a: Hydreigon
|-boost|p1a: Hydreigon|spa|2
|
|-heal|p1a: Hydreigon|94/100|[from] item: Leftovers
|upkeep
|turn|12
|
|t:|1743830388
|-terastallize|p1a: Hydreigon|Steel
|move|p1a: Hydreigon|Draco Meteor|p2a: QuackSparrow
|-damage|p2a: QuackSparrow|0 fnt
|-unboost|p1a: Hydreigon|spa|2
|faint|p2a: QuackSparrow
|
|-heal|p1a: Hydreigon|99/100|[from] item: Leftovers
|upkeep
|
|t:|1743830394
|switch|p2a: RK9|Arcanine-Hisui, M|63/100
|turn|13
|
|t:|1743830402
|move|p2a: RK9|Flare Blitz|p1a: Hydreigon
|-supereffective|p1a: Hydreigon
|-damage|p1a: Hydreigon|0 fnt
|faint|p1a: Hydreigon
|
|upkeep
|
|t:|1743830414
|switch|p1a: Serperior|Serperior, M|100/100
|-damage|p1a: Serperior|88/100|[from] Stealth Rock
|turn|14
|
|t:|1743830421
|-terastallize|p2a: RK9|Fire
|move|p1a: Serperior|Leaf Storm|p2a: RK9
|-resisted|p2a: RK9
|-damage|p2a: RK9|39/100
|-boost|p1a: Serperior|spa|2
|move|p2a: RK9|Flare Blitz|p1a: Serperior
|-supereffective|p1a: Serperior
|-damage|p1a: Serperior|0 fnt
|faint|p1a: Serperior
|
|upkeep
|
|t:|1743830433
|switch|p1a: Great Tusk|Great Tusk|100/100
|-damage|p1a: Great Tusk|98/100|[from] Stealth Rock
|turn|15
|
|t:|1743830451
|switch|p2a: BuzzCut|Rotom-Mow|41/100
|move|p1a: Great Tusk|Close Combat|p2a: BuzzCut
|-damage|p2a: BuzzCut|0 fnt
|-unboost|p1a: Great Tusk|def|1
|-unboost|p1a: Great Tusk|spd|1
|faint|p2a: BuzzCut
|
|upkeep
|
|t:|1743830467
|switch|p2a: Blitzen|Wyrdeer, M|100/100
|-ability|p2a: Blitzen|Intimidate|boost
|-unboost|p1a: Great Tusk|atk|1
|turn|16
|
|t:|1743830472
|move|p1a: Great Tusk|Close Combat|p2a: Blitzen
|-damage|p2a: Blitzen|47/100
|-unboost|p1a: Great Tusk|def|1
|-unboost|p1a: Great Tusk|spd|1
|move|p2a: Blitzen|Agility|p2a: Blitzen
|-boost|p2a: Blitzen|spe|2
|
|upkeep
|turn|17
|
|t:|1743830481
|move|p2a: Blitzen|Stored Power|p1a: Great Tusk
|-supereffective|p1a: Great Tusk
|-damage|p1a: Great Tusk|0 fnt
|faint|p1a: Great Tusk
|-end|p1a: Great Tusk|Protosynthesis|[silent]
|
|upkeep
|
|t:|1743830487
|switch|p1a: 肯德基|Zapdos|61/100
|turn|18
|
|t:|1743830501
|move|p2a: Blitzen|Stored Power|p1a: 肯德基
|-damage|p1a: 肯德基|28/100
|move|p1a: 肯德基|Discharge|p2a: Blitzen
|-damage|p2a: Blitzen|5/100
|
|upkeep
|turn|19
|
|t:|1743830515
|move|p2a: Blitzen|Stored Power|p1a: 肯德基
|-crit|p1a: 肯德基
|-damage|p1a: 肯德基|0 fnt
|faint|p1a: 肯德基
|
|upkeep
|
|t:|1743830522
|switch|p1a: Gholdengo|Gholdengo|100/100
|-damage|p1a: Gholdengo|94/100|[from] Stealth Rock
|-item|p1a: Gholdengo|Air Balloon
|turn|20
|
|t:|1743830531
|move|p2a: Blitzen|Thunderbolt|p1a: Gholdengo
|-damage|p1a: Gholdengo|69/100
|-status|p1a: Gholdengo|par
|-enditem|p1a: Gholdengo|Air Balloon
|move|p1a: Gholdengo|Hex|p2a: Blitzen
|-immune|p2a: Blitzen
|
|upkeep
|turn|21
|-message|Lubyaaa forfeited.
|
|win|Stageldor
|raw|Lubyaaa's rating: 1142 &rarr; <strong>1113</strong><br />(-29 for losing)
|raw|Stageldor's rating: 1085 &rarr; <strong>1117</strong><br />(+32 for winning)
|l|☆Lubyaaa
|player|p1|
|l|☆Stageldor
|player|p2|
