|j|☆mio3777
|j|☆pistou5
|t:|1743860764
|gametype|singles
|player|p1|mio3777|266|1414
|player|p2|pistou5|blackbelt-gen4dp|1439
|teamsize|p1|6
|teamsize|p2|6
|gen|9
|tier|[Gen 9] OU
|rated|
|rule|HP Percentage Mod: HP is shown in percentages
|rule|Endless Battle Clause: Forcing endless battles is banned
|rule|Species Clause: Limit one of each Pokémon
|rule|OHKO Clause: OHKO moves are banned
|rule|Evasion Items Clause: Evasion items are banned
|rule|Evasion Moves Clause: Evasion moves are banned
|rule|Sleep Moves Clause: Sleep-inducing moves are banned
|clearpoke
|poke|p1|Glimmora, M|
|poke|p1|Gholdengo|
|poke|p1|Dondozo, F|
|poke|p1|Blissey, F|
|poke|p1|Rotom-Heat|
|poke|p1|Hoopa-Unbound|
|poke|p2|Tinkaton, F|
|poke|p2|Landorus-Therian, M|
|poke|p2|Kyurem|
|poke|p2|Zamazenta-*|
|poke|p2|Heatran, M|
|poke|p2|Dragapult, F|
|teampreview
|inactive|Battle timer is ON: inactive players will automatically lose when time's up. (requested by pistou5)
|
|t:|1743860774
|start
|switch|p1a: Glimmora|Glimmora, M|100/100
|switch|p2a: Landorus|Landorus-Therian, M|100/100
|-ability|p2a: Landorus|Intimidate|boost
|-unboost|p1a: Glimmora|atk|1
|turn|1
|
|t:|1743860784
|-terastallize|p1a: Glimmora|Ghost
|move|p2a: Landorus|Earthquake|p1a: Glimmora
|-damage|p1a: Glimmora|49/100
|-activate|p1a: Glimmora|ability: Toxic Debris
|-sidestart|p2: pistou5|move: Toxic Spikes
|-enditem|p1a: Glimmora|Red Card|[of] p2a: Landorus
|drag|p2a: Dragapult|Dragapult, F|100/100
|-status|p2a: Dragapult|psn
|move|p1a: Glimmora|Stealth Rock|p2a: Dragapult
|-sidestart|p2: pistou5|move: Stealth Rock
|
|-damage|p2a: Dragapult|88/100 psn|[from] psn
|upkeep
|turn|2
|
|t:|1743860806
|move|p2a: Dragapult|Draco Meteor|p1a: Glimmora
|-damage|p1a: Glimmora|0 fnt
|-unboost|p2a: Dragapult|spa|2
|faint|p1a: Glimmora
|
|-damage|p2a: Dragapult|76/100 psn|[from] psn
|upkeep
|
|t:|1743860813
|switch|p1a: Blissey|Blissey, F|100/100
|turn|3
|
|t:|1743860817
|switch|p2a: Tinkaton|Tinkaton, F|100/100
|-damage|p2a: Tinkaton|94/100|[from] Stealth Rock
|-ability|p2a: Tinkaton|Mold Breaker
|move|p1a: Blissey|Trick|p2a: Tinkaton
|-activate|p1a: Blissey|move: Trick|[of] p2a: Tinkaton
|-item|p2a: Tinkaton|Choice Specs|[from] move: Trick
|-item|p1a: Blissey|Leftovers|[from] move: Trick
|
|upkeep
|turn|4
|
|t:|1743860838
|switch|p1a: Gholdengo|Gholdengo|100/100
|move|p2a: Tinkaton|Encore||[still]
|-fail|p2a: Tinkaton
|
|upkeep
|turn|5
|
|t:|1743860856
|switch|p2a: Landorus|Landorus-Therian, M|100/100
|-damage|p2a: Landorus|88/100|[from] Stealth Rock
|-ability|p2a: Landorus|Intimidate|boost
|-unboost|p1a: Gholdengo|atk|1
|move|p1a: Gholdengo|Trick|p2a: Landorus
|-activate|p1a: Gholdengo|move: Trick|[of] p2a: Landorus
|-item|p2a: Landorus|Choice Scarf|[from] move: Trick
|-item|p1a: Gholdengo|Rocky Helmet|[from] move: Trick
|
|upkeep
|turn|6
|
|t:|1743860867
|switch|p1a: Dondozo|Dondozo, F|100/100
|move|p2a: Landorus|Stealth Rock|p1a: Dondozo
|-sidestart|p1: mio3777|move: Stealth Rock
|
|upkeep
|turn|7
|
|t:|1743860886
|switch|p2a: Dragapult|Dragapult, F|76/100 psn
|-damage|p2a: Dragapult|64/100 psn|[from] Stealth Rock
|move|p1a: Dondozo|Liquidation|p2a: Dragapult
|-resisted|p2a: Dragapult
|-damage|p2a: Dragapult|34/100 psn
|
|-damage|p2a: Dragapult|21/100 psn|[from] psn
|upkeep
|turn|8
|
|t:|1743860896
|switch|p1a: Blissey|Blissey, F|100/100
|-damage|p1a: Blissey|88/100|[from] Stealth Rock
|move|p2a: Dragapult|Draco Meteor|p1a: Blissey
|-damage|p1a: Blissey|62/100
|-unboost|p2a: Dragapult|spa|2
|
|-heal|p1a: Blissey|68/100|[from] item: Leftovers
|-damage|p2a: Dragapult|9/100 psn|[from] psn
|upkeep
|turn|9
|
|t:|1743860908
|move|p2a: Dragapult|Draco Meteor|p1a: Blissey
|-crit|p1a: Blissey
|-damage|p1a: Blissey|31/100
|-unboost|p2a: Dragapult|spa|2
|move|p1a: Blissey|Ice Beam|p2a: Dragapult
|-supereffective|p2a: Dragapult
|-damage|p2a: Dragapult|0 fnt
|faint|p2a: Dragapult
|
|-heal|p1a: Blissey|37/100|[from] item: Leftovers
|upkeep
|inactive|pistou5 has 120 seconds left.
|
|t:|1743860927
|switch|p2a: Heatran|Heatran, M|100/100
|-damage|p2a: Heatran|88/100|[from] Stealth Rock
|-item|p2a: Heatran|Air Balloon
|turn|10
|
|t:|1743860934
|switch|p2a: Tinkaton|Tinkaton, F|94/100
|-damage|p2a: Tinkaton|88/100|[from] Stealth Rock
|-ability|p2a: Tinkaton|Mold Breaker
|move|p1a: Blissey|Soft-Boiled|p1a: Blissey
|-heal|p1a: Blissey|87/100
|
|-heal|p1a: Blissey|94/100|[from] item: Leftovers
|upkeep
|turn|11
|
|t:|1743860944
|switch|p1a: Dondozo|Dondozo, F|100/100
|-damage|p1a: Dondozo|88/100|[from] Stealth Rock
|move|p2a: Tinkaton|Gigaton Hammer|p1a: Dondozo
|-resisted|p1a: Dondozo
|-damage|p1a: Dondozo|76/100
|
|upkeep
|turn|12
|inactive|pistou5 has 120 seconds left.
|
|t:|1743860960
|-activate|p2a: Tinkaton|move: Struggle
|move|p2a: Tinkaton|Struggle|p1a: Dondozo
|-damage|p1a: Dondozo|71/100
|-damage|p2a: Tinkaton|72/100|[from] item: Rocky Helmet|[of] p1a: Dondozo
|-damage|p2a: Tinkaton|46/100|[from] recoil
|move|p1a: Dondozo|Liquidation|p2a: Tinkaton
|-damage|p2a: Tinkaton|0 fnt
|faint|p2a: Tinkaton
|
|upkeep
|inactive|pistou5 has 120 seconds left.
|
|t:|1743860984
|switch|p2a: Heatran|Heatran, M|88/100
|-damage|p2a: Heatran|76/100|[from] Stealth Rock
|-item|p2a: Heatran|Air Balloon
|turn|13
|
|t:|1743861003
|move|p2a: Heatran|Magma Storm|p1a: Dondozo
|-resisted|p1a: Dondozo
|-crit|p1a: Dondozo
|-damage|p1a: Dondozo|27/100
|-activate|p1a: Dondozo|move: Magma Storm|[of] p2a: Heatran
|move|p1a: Dondozo|Liquidation|p2a: Heatran
|-supereffective|p2a: Heatran
|-damage|p2a: Heatran|0 fnt
|-enditem|p2a: Heatran|Air Balloon
|faint|p2a: Heatran
|
|-end|p1a: Dondozo|Magma Storm|[partiallytrapped]|[silent]
|upkeep
|
|t:|1743861016
|switch|p2a: Landorus|Landorus-Therian, M|88/100
|-damage|p2a: Landorus|76/100|[from] Stealth Rock
|-ability|p2a: Landorus|Intimidate|boost
|-unboost|p1a: Dondozo|atk|1
|turn|14
|
|t:|1743861022
|move|p2a: Landorus|Earthquake|p1a: Dondozo
|-damage|p1a: Dondozo|0 fnt
|faint|p1a: Dondozo
|
|upkeep
|
|t:|1743861031
|switch|p1a: Rotom|Rotom-Heat|100/100
|-damage|p1a: Rotom|76/100|[from] Stealth Rock
|turn|15
|
|t:|1743861040
|switch|p2a: Kyurem|Kyurem|100/100
|-status|p2a: Kyurem|psn
|-damage|p2a: Kyurem|76/100 psn|[from] Stealth Rock
|-ability|p2a: Kyurem|Pressure
|move|p1a: Rotom|Overheat|p2a: Kyurem|[miss]
|-miss|p1a: Rotom|p2a: Kyurem
|
|-damage|p2a: Kyurem|63/100 psn|[from] psn
|upkeep
|turn|16
|
|t:|1743861058
|move|p1a: Rotom|Overheat|p2a: Kyurem
|-damage|p2a: Kyurem|3/100 psn
|-unboost|p1a: Rotom|spa|2
|move|p2a: Kyurem|Scale Shot|p1a: Rotom
|-crit|p1a: Rotom
|-damage|p1a: Rotom|49/100
|-damage|p1a: Rotom|33/100
|-damage|p1a: Rotom|14/100
|-damage|p1a: Rotom|0 fnt
|faint|p1a: Rotom
|-hitcount|p1: Rotom|4
|-unboost|p2a: Kyurem|def|1
|-boost|p2a: Kyurem|spe|1
|
|-damage|p2a: Kyurem|0 fnt|[from] psn
|faint|p2a: Kyurem
|upkeep
|
|t:|1743861082
|switch|p2a: Landorus|Landorus-Therian, M|76/100
|switch|p1a: Hoopa|Hoopa-Unbound|100/100
|-damage|p2a: Landorus|64/100|[from] Stealth Rock
|-ability|p2a: Landorus|Intimidate|boost
|-unboost|p1a: Hoopa|atk|1
|-damage|p1a: Hoopa|88/100|[from] Stealth Rock
|turn|17
|
|t:|1743861093
|move|p2a: Landorus|U-turn|p1a: Hoopa
|-supereffective|p1a: Hoopa
|-damage|p1a: Hoopa|0 fnt
|faint|p1a: Hoopa
|
|t:|1743861097
|switch|p2a: Zamazenta|Zamazenta|100/100|[from] U-turn
|-status|p2a: Zamazenta|psn
|-damage|p2a: Zamazenta|94/100 psn|[from] Stealth Rock
|-ability|p2a: Zamazenta|Dauntless Shield|boost
|-boost|p2a: Zamazenta|def|1
|
|-heal|p2a: Zamazenta|100/100 psn|[from] item: Leftovers
|-damage|p2a: Zamazenta|88/100 psn|[from] psn
|upkeep
|
|t:|1743861107
|switch|p1a: Gholdengo|Gholdengo|100/100
|-damage|p1a: Gholdengo|94/100|[from] Stealth Rock
|turn|18
|
|t:|1743861117
|move|p2a: Zamazenta|Crunch|p1a: Gholdengo
|-supereffective|p1a: Gholdengo
|-damage|p1a: Gholdengo|45/100
|-damage|p2a: Zamazenta|72/100 psn|[from] item: Rocky Helmet|[of] p1a: Gholdengo
|move|p1a: Gholdengo|Trick|p2a: Zamazenta
|-activate|p1a: Gholdengo|move: Trick|[of] p2a: Zamazenta
|-item|p2a: Zamazenta|Rocky Helmet|[from] move: Trick
|-item|p1a: Gholdengo|Leftovers|[from] move: Trick
|
|-heal|p1a: Gholdengo|51/100|[from] item: Leftovers
|-damage|p2a: Zamazenta|59/100 psn|[from] psn
|upkeep
|turn|19
|inactive|pistou5 has 120 seconds left.
|
|t:|1743861131
|move|p2a: Zamazenta|Crunch|p1a: Gholdengo
|-supereffective|p1a: Gholdengo
|-damage|p1a: Gholdengo|2/100
|-unboost|p1a: Gholdengo|def|1
|move|p1a: Gholdengo|Shadow Ball|p2a: Zamazenta
|-damage|p2a: Zamazenta|29/100 psn
|
|-heal|p1a: Gholdengo|8/100|[from] item: Leftovers
|-damage|p2a: Zamazenta|16/100 psn|[from] psn
|upkeep
|turn|20
|inactive|pistou5 has 120 seconds left.
|
|t:|1743861144
|move|p2a: Zamazenta|Crunch|p1a: Gholdengo
|-supereffective|p1a: Gholdengo
|-damage|p1a: Gholdengo|0 fnt
|faint|p1a: Gholdengo
|
|-damage|p2a: Zamazenta|4/100 psn|[from] psn
|upkeep
|-message|mio3777 forfeited.
|
|win|pistou5
|raw|mio3777's rating: 1414 &rarr; <strong>1395</strong><br />(-19 for losing)
|raw|pistou5's rating: 1439 &rarr; <strong>1458</strong><br />(+19 for winning)
|l|☆mio3777
|player|p1|
|l|☆pistou5
|player|p2|
