|j|☆gradation09
|j|☆Jagonite
|t:|1743906863
|gametype|singles
|player|p1|gradation09|cynthia|1301
|player|p2|Jagonite|swimmer|1304
|teamsize|p1|6
|teamsize|p2|6
|gen|9
|tier|[Gen 9] OU
|rated|
|rule|HP Percentage Mod: HP is shown in percentages
|rule|Endless Battle Clause: Forcing endless battles is banned
|rule|Species Clause: Limit one of each Pokémon
|rule|OHKO Clause: OHKO moves are banned
|rule|Evasion Items Clause: Evasion items are banned
|rule|Evasion Moves Clause: Evasion moves are banned
|rule|Sleep Moves Clause: Sleep-inducing moves are banned
|clearpoke
|poke|p1|Garchomp, M|
|poke|p1|Infernape, M|
|poke|p1|Staraptor, F|
|poke|p1|Gyarados, F|
|poke|p1|Torterra, F|
|poke|p1|Porygon2|
|poke|p2|Dragapult, M|
|poke|p2|Great Tusk|
|poke|p2|Samurott-Hisui, M|
|poke|p2|Dragonite, M|
|poke|p2|Slowking-Galar, M|
|poke|p2|Ogerpon, F|
|teampreview
|
|t:|1743906868
|start
|switch|p1a: Torterra|Torterra, F|100/100
|switch|p2a: Dragapult|Dragapult, M|100/100
|turn|1
|inactive|Battle timer is ON: inactive players will automatically lose when time's up. (requested by gradation09)
|
|t:|1743906909
|move|p2a: Dragapult|U-turn|p1a: Torterra
|-supereffective|p1a: Torterra
|-damage|p1a: Torterra|52/100
|
|t:|1743906912
|switch|p2a: Ogerpon|Ogerpon, F|100/100|[from] U-turn
|move|p1a: Torterra|Leech Seed|p2a: Ogerpon
|-immune|p2a: Ogerpon
|
|-heal|p1a: Torterra|58/100|[from] item: Leftovers
|upkeep
|turn|2
|
|t:|1743906918
|move|p2a: Ogerpon|U-turn|p1a: Torterra
|-supereffective|p1a: Torterra
|-damage|p1a: Torterra|10/100
|
|t:|1743906921
|switch|p2a: Dragapult|Dragapult, M|100/100|[from] U-turn
|move|p1a: Torterra|Synthesis|p1a: Torterra
|-heal|p1a: Torterra|60/100
|
|-heal|p1a: Torterra|66/100|[from] item: Leftovers
|upkeep
|turn|3
|
|t:|1743906930
|move|p2a: Dragapult|Dragon Darts|p1a: Torterra
|-damage|p1a: Torterra|41/100
|-anim|p2a: Dragapult|Dragon Darts|p1a: Torterra
|-damage|p1a: Torterra|20/100
|move|p1a: Torterra|Synthesis|p1a: Torterra
|-heal|p1a: Torterra|70/100
|
|-heal|p1a: Torterra|76/100|[from] item: Leftovers
|upkeep
|turn|4
|
|t:|1743906940
|switch|p2a: Dragonite|Dragonite, M|100/100
|move|p1a: Torterra|Synthesis|p1a: Torterra
|-heal|p1a: Torterra|100/100
|
|upkeep
|turn|5
|
|t:|1743906948
|move|p2a: Dragonite|Ice Spinner|p1a: Torterra
|-supereffective|p1a: Torterra
|-damage|p1a: Torterra|0 fnt
|faint|p1a: Torterra
|
|upkeep
|
|t:|1743906966
|switch|p1a: Garchomp|Garchomp, M, shiny|100/100
|turn|6
|
|t:|1743906972
|-terastallize|p1a: Garchomp|Steel
|-terastallize|p2a: Dragonite|Normal
|move|p1a: Garchomp|Swords Dance|p1a: Garchomp
|-boost|p1a: Garchomp|atk|2
|move|p2a: Dragonite|Ice Spinner|p1a: Garchomp
|-resisted|p1a: Garchomp
|-damage|p1a: Garchomp|76/100
|-damage|p2a: Dragonite|88/100|[from] ability: Rough Skin|[of] p1a: Garchomp
|
|upkeep
|turn|7
|
|t:|1743906984
|switch|p2a: Samurott|Samurott-Hisui, M|100/100
|move|p1a: Garchomp|Scale Shot|p2a: Samurott
|-damage|p2a: Samurott|67/100
|-damage|p2a: Samurott|33/100
|-damage|p2a: Samurott|0 fnt
|faint|p2a: Samurott
|-hitcount|p2: Samurott|3
|-unboost|p1a: Garchomp|def|1
|-boost|p1a: Garchomp|spe|1
|
|upkeep
|
|t:|1743906994
|switch|p2a: Ogerpon|Ogerpon, F|100/100
|turn|8
|
|t:|1743907000
|move|p1a: Garchomp|Scale Shot|p2a: Ogerpon
|-damage|p2a: Ogerpon|68/100
|-damage|p2a: Ogerpon|36/100
|-damage|p2a: Ogerpon|0 fnt
|faint|p2a: Ogerpon
|-hitcount|p2: Ogerpon|3
|-unboost|p1a: Garchomp|def|1
|-boost|p1a: Garchomp|spe|1
|
|upkeep
|
|t:|1743907006
|switch|p2a: Dragonite|Dragonite, M, tera:Normal|88/100
|turn|9
|
|t:|1743907016
|move|p2a: Dragonite|Extreme Speed|p1a: Garchomp
|-resisted|p1a: Garchomp
|-damage|p1a: Garchomp|3/100
|-damage|p2a: Dragonite|76/100|[from] ability: Rough Skin|[of] p1a: Garchomp
|move|p1a: Garchomp|Earthquake|p2a: Dragonite
|-damage|p2a: Dragonite|0 fnt
|faint|p2a: Dragonite
|
|upkeep
|-message|Jagonite forfeited.
|
|win|gradation09
|raw|gradation09's rating: 1301 &rarr; <strong>1321</strong><br />(+20 for winning)
|raw|Jagonite's rating: 1304 &rarr; <strong>1284</strong><br />(-20 for losing)
|l|☆Jagonite
|player|p2|
|l|☆gradation09
|player|p1|
