|j|☆0utOne
|j|☆RyanBSS
|t:|1743815805
|gametype|singles
|player|p1|0utOne|waiter-gen4dp|1313
|player|p2|RyanBSS|az|1244
|teamsize|p1|6
|teamsize|p2|6
|gen|9
|tier|[Gen 9] OU
|rated|
|rule|HP Percentage Mod: HP is shown in percentages
|rule|Endless Battle Clause: Forcing endless battles is banned
|rule|Species Clause: Limit one of each Pokémon
|rule|OHKO Clause: OHKO moves are banned
|rule|Evasion Items Clause: Evasion items are banned
|rule|Evasion Moves Clause: Evasion moves are banned
|rule|Sleep Moves Clause: Sleep-inducing moves are banned
|clearpoke
|poke|p1|Glimmora, F|
|poke|p1|Polteageist|
|poke|p1|Samurott-Hisui, M|
|poke|p1|Garchomp, F|
|poke|p1|Skeledirge, F|
|poke|p1|Ninetales-Alola, F|
|poke|p2|Zamazenta-*|
|poke|p2|Kingambit, F|
|poke|p2|Samurott-Hisui, M|
|poke|p2|Landorus-Therian, M|
|poke|p2|Iron Valiant|
|poke|p2|Iron Moth|
|teampreview
|inactive|Battle timer is ON: inactive players will automatically lose when time's up. (requested by RyanBSS)
|
|t:|1743815816
|start
|switch|p1a: Polteageist|Polteageist|100/100
|switch|p2a: Samurott|Samurott-Hisui, M|100/100
|turn|1
|
|t:|1743815822
|-terastallize|p1a: Polteageist|Fighting
|move|p2a: Samurott|Ceaseless Edge|p1a: Polteageist
|-resisted|p1a: Polteageist
|-damage|p1a: Polteageist|57/100
|-ability|p1a: Polteageist|Weak Armor|boost
|-unboost|p1a: Polteageist|def|1
|-boost|p1a: Polteageist|spe|2
|-sidestart|p1: 0utOne|Spikes
|move|p1a: Polteageist|Shell Smash|p1a: Polteageist
|-unboost|p1a: Polteageist|def|1
|-unboost|p1a: Polteageist|spd|1
|-boost|p1a: Polteageist|atk|2
|-boost|p1a: Polteageist|spa|2
|-boost|p1a: Polteageist|spe|2
|
|upkeep
|turn|2
|
|t:|1743815841
|move|p1a: Polteageist|Tera Blast|p2a: Samurott|[anim] Tera Blast Fighting
|-supereffective|p2a: Samurott
|-enditem|p2a: Samurott|Focus Sash
|-damage|p2a: Samurott|1/100
|move|p2a: Samurott|Razor Shell|p1a: Polteageist
|-damage|p1a: Polteageist|0 fnt
|faint|p1a: Polteageist
|
|upkeep
|
|t:|1743815845
|switch|p1a: Glimmora|Glimmora, F|100/100
|-damage|p1a: Glimmora|88/100|[from] Spikes
|turn|3
|
|t:|1743815849
|move|p1a: Glimmora|Mortal Spin|p2a: Samurott
|-damage|p2a: Samurott|0 fnt
|-sideend|p1: 0utOne|Spikes|[from] move: Mortal Spin|[of] p1a: Glimmora
|faint|p2a: Samurott
|
|upkeep
|
|t:|1743815851
|switch|p2a: Landorus|Landorus-Therian, M|100/100
|-ability|p2a: Landorus|Intimidate|boost
|-unboost|p1a: Glimmora|atk|1
|turn|4
|
|t:|1743815856
|move|p2a: Landorus|Earthquake|p1a: Glimmora
|-supereffective|p1a: Glimmora
|-damage|p1a: Glimmora|0 fnt
|-activate|p1a: Glimmora|ability: Toxic Debris
|-sidestart|p2: RyanBSS|move: Toxic Spikes
|faint|p1a: Glimmora
|
|upkeep
|
|t:|1743815860
|switch|p1a: Samurott|Samurott-Hisui, M|100/100
|turn|5
|
|t:|1743815869
|move|p2a: Landorus|U-turn|p1a: Samurott
|-supereffective|p1a: Samurott
|-damage|p1a: Samurott|43/100
|
|t:|1743815872
|switch|p2a: Zamazenta|Zamazenta|100/100|[from] U-turn
|-status|p2a: Zamazenta|psn
|-ability|p2a: Zamazenta|Dauntless Shield|boost
|-boost|p2a: Zamazenta|def|1
|move|p1a: Samurott|Ceaseless Edge|p2a: Zamazenta
|-resisted|p2a: Zamazenta
|-damage|p2a: Zamazenta|87/100 psn
|-sidestart|p2: RyanBSS|Spikes
|-damage|p1a: Samurott|33/100|[from] item: Life Orb
|
|-heal|p2a: Zamazenta|93/100 psn|[from] item: Leftovers
|-damage|p2a: Zamazenta|81/100 psn|[from] psn
|upkeep
|turn|6
|
|t:|1743815876
|move|p2a: Zamazenta|Body Press|p1a: Samurott
|-supereffective|p1a: Samurott
|-damage|p1a: Samurott|0 fnt
|faint|p1a: Samurott
|
|-heal|p2a: Zamazenta|87/100 psn|[from] item: Leftovers
|-damage|p2a: Zamazenta|75/100 psn|[from] psn
|upkeep
|
|t:|1743815881
|switch|p1a: Garchomp|Garchomp, F|100/100
|turn|7
|
|t:|1743815885
|move|p2a: Zamazenta|Body Press|p1a: Garchomp
|-damage|p1a: Garchomp|53/100
|-damage|p2a: Zamazenta|62/100 psn|[from] ability: Rough Skin|[of] p1a: Garchomp
|-damage|p2a: Zamazenta|46/100 psn|[from] item: Rocky Helmet|[of] p1a: Garchomp
|move|p1a: Garchomp|Swords Dance|p1a: Garchomp
|-boost|p1a: Garchomp|atk|2
|
|-heal|p2a: Zamazenta|52/100 psn|[from] item: Leftovers
|-damage|p2a: Zamazenta|39/100 psn|[from] psn
|upkeep
|turn|8
|
|t:|1743815889
|move|p1a: Garchomp|Scale Shot|p2a: Zamazenta
|-damage|p2a: Zamazenta|27/100 psn
|-damage|p2a: Zamazenta|13/100 psn
|-damage|p2a: Zamazenta|0 fnt
|faint|p2a: Zamazenta
|-hitcount|p2: Zamazenta|3
|-unboost|p1a: Garchomp|def|1
|-boost|p1a: Garchomp|spe|1
|
|upkeep
|
|t:|1743815895
|switch|p2a: Landorus|Landorus-Therian, M|100/100
|-ability|p2a: Landorus|Intimidate|boost
|-unboost|p1a: Garchomp|atk|1
|turn|9
|
|t:|1743815899
|move|p1a: Garchomp|Scale Shot|p2a: Landorus
|-damage|p2a: Landorus|83/100
|-damage|p2a: Landorus|63/100
|-hitcount|p2a: Landorus|2
|-unboost|p1a: Garchomp|def|1
|-boost|p1a: Garchomp|spe|1
|move|p2a: Landorus|Earthquake|p1a: Garchomp
|-damage|p1a: Garchomp|0 fnt
|faint|p1a: Garchomp
|
|upkeep
|
|t:|1743815902
|switch|p1a: Ninetales|Ninetales-Alola, F|100/100
|-weather|Snowscape|[from] ability: Snow Warning|[of] p1a: Ninetales
|turn|10
|-message|0utOne forfeited.
|
|win|RyanBSS
|raw|0utOne's rating: 1313 &rarr; <strong>1289</strong><br />(-24 for losing)
|raw|RyanBSS's rating: 1244 &rarr; <strong>1274</strong><br />(+30 for winning)
|l|☆0utOne
|player|p1|
