|j|☆Kingdra all day
|j|☆swisky
|t:|1743902022
|gametype|singles
|player|p1|Kingdra all day|clair|1563
|player|p2|swisky|shauntal|1551
|teamsize|p1|6
|teamsize|p2|6
|gen|9
|tier|[Gen 9] OU
|rated|
|rule|HP Percentage Mod: HP is shown in percentages
|rule|Endless Battle Clause: Forcing endless battles is banned
|rule|Species Clause: Limit one of each Pokémon
|rule|OHKO Clause: OHKO moves are banned
|rule|Evasion Items Clause: Evasion items are banned
|rule|Evasion Moves Clause: Evasion moves are banned
|rule|Sleep Moves Clause: Sleep-inducing moves are banned
|clearpoke
|poke|p1|Ninetales-Alola, M|
|poke|p1|Klefki, M|
|poke|p1|Maushold-Four|
|poke|p1|Latias, F|
|poke|p1|Kyurem|
|poke|p1|Kingdra, F|
|poke|p2|Ogerpon-Wellspring, F|
|poke|p2|Great Tusk|
|poke|p2|Tinkaton, F|
|poke|p2|Kyurem|
|poke|p2|Garganacl, M|
|poke|p2|Dragonite, F|
|teampreview
|inactive|Battle timer is ON: inactive players will automatically lose when time's up. (requested by Kingdra all day)
|
|t:|1743902030
|start
|switch|p1a: Ninetales|Ninetales-Alola, M|100/100
|switch|p2a: Tinkaton|Tinkaton, F|100/100
|-weather|Snowscape|[from] ability: Snow Warning|[of] p1a: Ninetales
|-item|p2a: Tinkaton|Air Balloon
|turn|1
|
|t:|1743902036
|move|p1a: Ninetales|Aurora Veil|p1a: Ninetales
|-sidestart|p1: Kingdra all day|move: Aurora Veil
|move|p2a: Tinkaton|Stealth Rock|p1a: Ninetales
|-sidestart|p1: Kingdra all day|move: Stealth Rock
|
|-weather|Snowscape|[upkeep]
|upkeep
|turn|2
|
|t:|1743902051
|move|p1a: Ninetales|Encore|p2a: Tinkaton
|-start|p2a: Tinkaton|Encore
|move|p2a: Tinkaton|Stealth Rock||[still]
|-fail|p2a: Tinkaton
|
|-weather|Snowscape|[upkeep]
|upkeep
|turn|3
|
|t:|1743902060
|switch|p2a: Garganacl|Garganacl, M|100/100
|move|p1a: Ninetales|Misty Terrain|p1a: Ninetales
|-fieldstart|move: Misty Terrain
|
|-weather|Snowscape|[upkeep]
|upkeep
|turn|4
|
|t:|1743902071
|switch|p1a: Maushold|Maushold-Four|100/100
|-damage|p1a: Maushold|88/100|[from] Stealth Rock
|move|p2a: Garganacl|Salt Cure|p1a: Maushold
|-damage|p1a: Maushold|78/100
|-start|p1a: Maushold|Salt Cure
|
|-weather|Snowscape|[upkeep]
|-damage|p1a: Maushold|65/100|[from] Salt Cure
|upkeep
|turn|5
|
|t:|1743902085
|move|p1a: Maushold|Tidy Up|p1a: Maushold
|-sideend|p1: Kingdra all day|Stealth Rock
|-activate|p1a: Maushold|move: Tidy Up
|-boost|p1a: Maushold|atk|1
|-boost|p1a: Maushold|spe|1
|move|p2a: Garganacl|Curse|p2a: Garganacl
|-unboost|p2a: Garganacl|spe|1
|-boost|p2a: Garganacl|atk|1
|-boost|p2a: Garganacl|def|1
|
|-weather|none
|-damage|p1a: Maushold|53/100|[from] Salt Cure
|upkeep
|turn|6
|
|t:|1743902099
|move|p1a: Maushold|Encore|p2a: Garganacl
|-start|p2a: Garganacl|Encore
|move|p2a: Garganacl|Curse|p2a: Garganacl
|-unboost|p2a: Garganacl|spe|1
|-boost|p2a: Garganacl|atk|1
|-boost|p2a: Garganacl|def|1
|
|-damage|p1a: Maushold|40/100|[from] Salt Cure
|upkeep
|turn|7
|
|t:|1743902104
|switch|p1a: Latias|Latias, F|100/100
|move|p2a: Garganacl|Curse|p2a: Garganacl
|-unboost|p2a: Garganacl|spe|1
|-boost|p2a: Garganacl|atk|1
|-boost|p2a: Garganacl|def|1
|
|-fieldend|Misty Terrain
|upkeep
|turn|8
|
|t:|1743902119
|move|p1a: Latias|Agility|p1a: Latias
|-boost|p1a: Latias|spe|2
|move|p2a: Garganacl|Curse|p2a: Garganacl
|-unboost|p2a: Garganacl|spe|1
|-boost|p2a: Garganacl|atk|1
|-boost|p2a: Garganacl|def|1
|
|-end|p2a: Garganacl|Encore
|-sideend|p1: Kingdra all day|move: Aurora Veil
|upkeep
|turn|9
|
|t:|1743902122
|move|p1a: Latias|Calm Mind|p1a: Latias
|-boost|p1a: Latias|spa|1
|-boost|p1a: Latias|spd|1
|move|p2a: Garganacl|Salt Cure|p1a: Latias
|-damage|p1a: Latias|59/100
|-start|p1a: Latias|Salt Cure
|
|-damage|p1a: Latias|47/100|[from] Salt Cure
|upkeep
|turn|10
|
|t:|1743902135
|move|p1a: Latias|Stored Power|p2a: Garganacl
|-damage|p2a: Garganacl|43/100
|move|p2a: Garganacl|Salt Cure|p1a: Latias
|-damage|p1a: Latias|10/100
|
|-heal|p2a: Garganacl|50/100|[from] item: Leftovers
|-damage|p1a: Latias|0 fnt|[from] Salt Cure
|faint|p1a: Latias
|upkeep
|
|t:|1743902147
|switch|p1a: Ninetales|Ninetales-Alola, M|100/100
|-weather|Snowscape|[from] ability: Snow Warning|[of] p1a: Ninetales
|turn|11
|
|t:|1743902162
|move|p1a: Ninetales|Encore|p2a: Garganacl
|-start|p2a: Garganacl|Encore
|move|p2a: Garganacl|Salt Cure|p1a: Ninetales
|-supereffective|p1a: Ninetales
|-damage|p1a: Ninetales|32/100
|-start|p1a: Ninetales|Salt Cure
|
|-weather|Snowscape|[upkeep]
|-heal|p2a: Garganacl|56/100|[from] item: Leftovers
|-damage|p1a: Ninetales|19/100|[from] Salt Cure
|upkeep
|turn|12
|l|☆swisky
|inactive|swisky disconnected and has a minute to reconnect!
|player|p2|
|j|☆swisky
|inactive|swisky reconnected and has 110 seconds left.
|player|p2|swisky|shauntal|
|
|t:|1743902209
|switch|p2a: Tinkaton|Tinkaton, F|100/100
|-item|p2a: Tinkaton|Air Balloon
|move|p1a: Ninetales|Aurora Veil|p1a: Ninetales
|-sidestart|p1: Kingdra all day|move: Aurora Veil
|
|-weather|Snowscape|[upkeep]
|-damage|p1a: Ninetales|7/100|[from] Salt Cure
|upkeep
|turn|13
|
|t:|1743902220
|move|p1a: Ninetales|Misty Terrain|p1a: Ninetales
|-fieldstart|move: Misty Terrain
|move|p2a: Tinkaton|Stealth Rock|p1a: Ninetales
|-sidestart|p1: Kingdra all day|move: Stealth Rock
|
|-weather|Snowscape|[upkeep]
|-damage|p1a: Ninetales|0 fnt|[from] Salt Cure
|faint|p1a: Ninetales
|upkeep
|
|t:|1743902225
|switch|p1a: Maushold|Maushold-Four|40/100
|-damage|p1a: Maushold|28/100|[from] Stealth Rock
|turn|14
|
|t:|1743902241
|move|p2a: Tinkaton|Encore||[still]
|-fail|p2a: Tinkaton
|move|p1a: Maushold|Tidy Up|p1a: Maushold
|-sideend|p1: Kingdra all day|Stealth Rock
|-activate|p1a: Maushold|move: Tidy Up
|-boost|p1a: Maushold|atk|1
|-boost|p1a: Maushold|spe|1
|
|-weather|Snowscape|[upkeep]
|upkeep
|turn|15
|
|t:|1743902256
|move|p1a: Maushold|Population Bomb|p2a: Tinkaton
|-resisted|p2a: Tinkaton
|-damage|p2a: Tinkaton|89/100
|-enditem|p2a: Tinkaton|Air Balloon
|-resisted|p2a: Tinkaton
|-damage|p2a: Tinkaton|79/100
|-resisted|p2a: Tinkaton
|-damage|p2a: Tinkaton|69/100
|-resisted|p2a: Tinkaton
|-damage|p2a: Tinkaton|58/100
|-resisted|p2a: Tinkaton
|-damage|p2a: Tinkaton|48/100
|-resisted|p2a: Tinkaton
|-damage|p2a: Tinkaton|38/100
|-resisted|p2a: Tinkaton
|-damage|p2a: Tinkaton|28/100
|-resisted|p2a: Tinkaton
|-damage|p2a: Tinkaton|18/100
|-resisted|p2a: Tinkaton
|-damage|p2a: Tinkaton|8/100
|-resisted|p2a: Tinkaton
|-damage|p2a: Tinkaton|0 fnt
|faint|p2a: Tinkaton
|-hitcount|p2: Tinkaton|10
|
|-weather|none
|upkeep
|
|t:|1743902264
|switch|p2a: Garganacl|Garganacl, M|56/100
|turn|16
|
|t:|1743902276
|move|p2a: Garganacl|Protect|p2a: Garganacl
|-singleturn|p2a: Garganacl|Protect
|move|p1a: Maushold|Population Bomb|p2a: Garganacl
|-activate|p2a: Garganacl|move: Protect
|
|-heal|p2a: Garganacl|62/100|[from] item: Leftovers
|upkeep
|turn|17
|inactive|Kingdra all day has 120 seconds left.
|
|t:|1743902310
|move|p1a: Maushold|Population Bomb|p2a: Garganacl
|-resisted|p2a: Garganacl
|-damage|p2a: Garganacl|56/100
|-resisted|p2a: Garganacl
|-damage|p2a: Garganacl|51/100
|-resisted|p2a: Garganacl
|-damage|p2a: Garganacl|45/100
|-resisted|p2a: Garganacl
|-damage|p2a: Garganacl|39/100
|-resisted|p2a: Garganacl
|-damage|p2a: Garganacl|33/100
|-resisted|p2a: Garganacl
|-damage|p2a: Garganacl|27/100
|-resisted|p2a: Garganacl
|-damage|p2a: Garganacl|21/100
|-resisted|p2a: Garganacl
|-damage|p2a: Garganacl|16/100
|-resisted|p2a: Garganacl
|-damage|p2a: Garganacl|10/100
|-resisted|p2a: Garganacl
|-damage|p2a: Garganacl|4/100
|-hitcount|p2a: Garganacl|10
|move|p2a: Garganacl|Salt Cure|p1a: Maushold
|-damage|p1a: Maushold|18/100
|-start|p1a: Maushold|Salt Cure
|
|-heal|p2a: Garganacl|10/100|[from] item: Leftovers
|-damage|p1a: Maushold|6/100|[from] Salt Cure
|-fieldend|Misty Terrain
|upkeep
|turn|18
|
|t:|1743902318
|move|p1a: Maushold|Population Bomb|p2a: Garganacl
|-resisted|p2a: Garganacl
|-damage|p2a: Garganacl|4/100
|-resisted|p2a: Garganacl
|-damage|p2a: Garganacl|0 fnt
|faint|p2a: Garganacl
|-hitcount|p2: Garganacl|2
|
|-damage|p1a: Maushold|0 fnt|[from] Salt Cure
|faint|p1a: Maushold
|upkeep
|inactive|swisky has 120 seconds left.
|
|t:|1743902330
|switch|p1a: Klefki|Klefki, M|100/100
|switch|p2a: Great Tusk|Great Tusk|100/100
|turn|19
|inactive|swisky has 120 seconds left.
|
|t:|1743902342
|move|p1a: Klefki|Reflect|p1a: Klefki
|-sidestart|p1: Kingdra all day|Reflect
|move|p2a: Great Tusk|Bulk Up|p2a: Great Tusk
|-boost|p2a: Great Tusk|atk|1
|-boost|p2a: Great Tusk|def|1
|
|-sideend|p1: Kingdra all day|move: Aurora Veil
|upkeep
|turn|20
|inactive|swisky has 120 seconds left.
|
|t:|1743902356
|switch|p1a: Kyurem|Kyurem, shiny|100/100
|-ability|p1a: Kyurem|Pressure
|move|p2a: Great Tusk|Rapid Spin|p1a: Kyurem
|-damage|p1a: Kyurem|89/100
|-boost|p2a: Great Tusk|spe|1
|
|upkeep
|turn|21
|inactive|swisky has 120 seconds left.
|
|t:|1743902374
|-terastallize|p2a: Great Tusk|Fairy
|move|p2a: Great Tusk|Headlong Rush|p1a: Kyurem
|-damage|p1a: Kyurem|45/100
|-unboost|p2a: Great Tusk|def|1
|-unboost|p2a: Great Tusk|spd|1
|move|p1a: Kyurem|Dragon Dance|p1a: Kyurem
|-boost|p1a: Kyurem|atk|1
|-boost|p1a: Kyurem|spe|1
|
|upkeep
|turn|22
|
|t:|1743902399
|move|p2a: Great Tusk|Rapid Spin|p1a: Kyurem
|-damage|p1a: Kyurem|33/100
|-boost|p2a: Great Tusk|spe|1
|move|p1a: Kyurem|Icicle Spear|p2a: Great Tusk
|-damage|p2a: Great Tusk|84/100
|-damage|p2a: Great Tusk|68/100
|-damage|p2a: Great Tusk|53/100
|-damage|p2a: Great Tusk|37/100
|-damage|p2a: Great Tusk|21/100
|-hitcount|p2a: Great Tusk|5
|
|upkeep
|turn|23
|j| BetterStallSaul
|
|t:|1743902420
|switch|p1a: Klefki|Klefki, M|100/100
|move|p2a: Great Tusk|Headlong Rush|p1a: Klefki
|-supereffective|p1a: Klefki
|-damage|p1a: Klefki|0 fnt
|-unboost|p2a: Great Tusk|def|1
|-unboost|p2a: Great Tusk|spd|1
|faint|p1a: Klefki
|
|upkeep
|
|t:|1743902428
|switch|p1a: Kingdra|Kingdra, F, shiny|100/100
|turn|24
|
|t:|1743902438
|move|p2a: Great Tusk|Knock Off|p1a: Kingdra
|-damage|p1a: Kingdra|69/100
|-enditem|p1a: Kingdra|Scope Lens|[from] move: Knock Off|[of] p2a: Great Tusk
|move|p1a: Kingdra|Liquidation|p2a: Great Tusk
|-damage|p2a: Great Tusk|0 fnt
|-damage|p1a: Kingdra|52/100|[from] item: Rocky Helmet|[of] p2a: Great Tusk
|faint|p2a: Great Tusk
|-end|p2a: Great Tusk|Protosynthesis|[silent]
|
|upkeep
|
|t:|1743902448
|switch|p2a: Kyurem|Kyurem|100/100
|-ability|p2a: Kyurem|Pressure
|turn|25
|inactive|swisky has 120 seconds left.
|
|t:|1743902455
|-terastallize|p1a: Kingdra|Fairy
|move|p2a: Kyurem|Freeze-Dry|p1a: Kingdra
|-damage|p1a: Kingdra|0 fnt
|faint|p1a: Kingdra
|
|upkeep
|
|t:|1743902460
|switch|p1a: Kyurem|Kyurem, shiny|33/100
|-ability|p1a: Kyurem|Pressure
|turn|26
|
|t:|1743902463
|move|p2a: Kyurem|Freeze-Dry|p1a: Kyurem
|-damage|p1a: Kyurem|0 fnt
|faint|p1a: Kyurem
|
|win|swisky
|raw|Kingdra all day's rating: 1563 &rarr; <strong>1542</strong><br />(-21 for losing)
|raw|swisky's rating: 1551 &rarr; <strong>1572</strong><br />(+21 for winning)
|l|☆Kingdra all day
|player|p1|
|l|☆swisky
|player|p2|
