|j|☆yolemonde
|j|☆Lord2525
|t:|1743865248
|gametype|singles
|player|p1|yolemonde|colress|1046
|player|p2|Lord2525|101|1094
|teamsize|p1|6
|teamsize|p2|6
|gen|9
|tier|[Gen 9] OU
|rated|
|rule|HP Percentage Mod: HP is shown in percentages
|rule|Endless Battle Clause: Forcing endless battles is banned
|rule|Species Clause: Limit one of each Pokémon
|rule|OHKO Clause: OHKO moves are banned
|rule|Evasion Items Clause: Evasion items are banned
|rule|Evasion Moves Clause: Evasion moves are banned
|rule|Sleep Moves Clause: Sleep-inducing moves are banned
|clearpoke
|poke|p1|Alomomola, F|
|poke|p1|Amoonguss, M|
|poke|p1|Hoopa-Unbound|
|poke|p1|Kingambit, F|
|poke|p1|Cinderace, F|
|poke|p1|Ambipom, M|
|poke|p2|Dragonite, M|
|poke|p2|Volcanion|
|poke|p2|Pecharunt|
|poke|p2|Meowscarada, F|
|poke|p2|Salamence, F|
|poke|p2|Great Tusk|
|teampreview
|
|t:|1743865258
|start
|switch|p1a: toxico|Amoonguss, M|100/100
|switch|p2a: Great Tusk|Great Tusk|100/100
|-enditem|p2a: Great Tusk|Booster Energy
|-activate|p2a: Great Tusk|ability: Protosynthesis|[fromitem]
|-start|p2a: Great Tusk|protosynthesisatk
|turn|1
|
|t:|1743865284
|move|p2a: Great Tusk|Headlong Rush|p1a: toxico
|-damage|p1a: toxico|34/100
|-unboost|p2a: Great Tusk|def|1
|-unboost|p2a: Great Tusk|spd|1
|move|p1a: toxico|Grass Knot|p2a: Great Tusk
|-supereffective|p2a: Great Tusk
|-damage|p2a: Great Tusk|0 fnt
|faint|p2a: Great Tusk
|-end|p2a: Great Tusk|Protosynthesis|[silent]
|
|upkeep
|
|t:|1743865295
|switch|p2a: Volcanion|Volcanion|100/100
|turn|2
|
|t:|1743865310
|switch|p1a: bugsbunny|Cinderace, F|100/100
|move|p2a: Volcanion|Flare Blitz|p1a: bugsbunny
|-resisted|p1a: bugsbunny
|-damage|p1a: bugsbunny|68/100
|-damage|p2a: Volcanion|90/100|[from] Recoil
|
|-heal|p2a: Volcanion|96/100|[from] item: Leftovers
|upkeep
|turn|3
|
|t:|1743865323
|move|p1a: bugsbunny|U-turn|p2a: Volcanion
|-start|p1a: bugsbunny|typechange|Bug|[from] ability: Libero
|-resisted|p2a: Volcanion
|-damage|p2a: Volcanion|82/100
|
|t:|1743865330
|switch|p1a: toxico|Amoonguss, M|68/100|[from] U-turn
|move|p2a: Volcanion|Steam Eruption|p1a: toxico
|-resisted|p1a: toxico
|-damage|p1a: toxico|47/100
|
|-heal|p2a: Volcanion|88/100|[from] item: Leftovers
|upkeep
|turn|4
|
|t:|1743865340
|move|p2a: Volcanion|Sludge Bomb|p1a: toxico
|-damage|p1a: toxico|26/100
|move|p1a: toxico|Toxic|p2a: Volcanion
|-status|p2a: Volcanion|tox
|
|-heal|p2a: Volcanion|94/100 tox|[from] item: Leftovers
|-damage|p2a: Volcanion|88/100 tox|[from] psn
|upkeep
|turn|5
|
|t:|1743865350
|switch|p1a: nemo|Alomomola, F|100/100
|move|p2a: Volcanion|Sludge Bomb|p1a: nemo
|-damage|p1a: nemo|78/100
|
|-heal|p2a: Volcanion|94/100 tox|[from] item: Leftovers
|-damage|p2a: Volcanion|82/100 tox|[from] psn
|upkeep
|turn|6
|
|t:|1743865364
|switch|p2a: Pecharunt|Pecharunt|100/100
|move|p1a: nemo|Protect||[still]
|-fail|p1a: nemo
|
|upkeep
|turn|7
|
|t:|1743865373
|move|p2a: Pecharunt|Shadow Ball|p1a: nemo
|-damage|p1a: nemo|58/100
|move|p1a: nemo|Flip Turn|p2a: Pecharunt
|-damage|p2a: Pecharunt|91/100
|inactive|Battle timer is ON: inactive players will automatically lose when time's up. (requested by Lord2525)
|
|t:|1743865416
|switch|p1a: Ambipom|Ambipom, M|100/100|[from] Flip Turn
|
|-heal|p2a: Pecharunt|97/100|[from] item: Leftovers
|upkeep
|turn|8
|
|t:|1743865426
|move|p1a: Ambipom|U-turn|p2a: Pecharunt
|-resisted|p2a: Pecharunt
|-damage|p2a: Pecharunt|94/100
|
|t:|1743865431
|switch|p1a: toxico|Amoonguss, M|59/100|[from] U-turn
|move|p2a: Pecharunt|Malignant Chain|p1a: toxico
|-damage|p1a: toxico|36/100
|
|-heal|p2a: Pecharunt|99/100|[from] item: Leftovers
|upkeep
|turn|9
|
|t:|1743865454
|switch|p1a: nemo|Alomomola, F|91/100
|move|p2a: Pecharunt|Foul Play|p1a: nemo
|-damage|p1a: nemo|81/100
|
|-heal|p2a: Pecharunt|100/100|[from] item: Leftovers
|upkeep
|turn|10
|
|t:|1743865463
|move|p2a: Pecharunt|Malignant Chain|p1a: nemo
|-damage|p1a: nemo|56/100
|-status|p1a: nemo|tox
|-start|p1a: nemo|confusion|[from] ability: Poison Puppeteer|[of] p2a: Pecharunt
|-activate|p1a: nemo|confusion
|move|p1a: nemo|Flip Turn|p2a: Pecharunt
|-damage|p2a: Pecharunt|90/100
|
|t:|1743865479
|switch|p1a: portalgun|Hoopa-Unbound|100/100|[from] Flip Turn
|
|-heal|p2a: Pecharunt|96/100|[from] item: Leftovers
|upkeep
|turn|11
|inactive|yolemonde has 120 seconds left.
|
|t:|1743865494
|move|p1a: portalgun|Dark Pulse|p2a: Pecharunt
|-supereffective|p2a: Pecharunt
|-damage|p2a: Pecharunt|0 fnt
|faint|p2a: Pecharunt
|
|upkeep
|
|t:|1743865502
|switch|p2a: Meowscarada|Meowscarada, F|100/100
|turn|12
|inactive|yolemonde has 120 seconds left.
|
|t:|1743865537
|switch|p1a: nemo|Alomomola, F|89/100 tox
|move|p2a: Meowscarada|Knock Off|p1a: nemo
|-start|p2a: Meowscarada|typechange|Dark|[from] ability: Protean
|-damage|p1a: nemo|63/100 tox
|-enditem|p1a: nemo|Heavy-Duty Boots|[from] move: Knock Off|[of] p2a: Meowscarada
|
|-damage|p1a: nemo|57/100 tox|[from] psn
|upkeep
|turn|13
|c|☆Lord2525|hoopa.......
|
|t:|1743865552
|switch|p1a: toxico|Amoonguss, M|69/100
|move|p2a: Meowscarada|Flower Trick|p1a: toxico
|-resisted|p1a: toxico
|-crit|p1a: toxico
|-damage|p1a: toxico|64/100
|
|upkeep
|turn|14
|
|t:|1743865563
|move|p2a: Meowscarada|Knock Off|p1a: toxico
|-damage|p1a: toxico|38/100
|-enditem|p1a: toxico|Heavy-Duty Boots|[from] move: Knock Off|[of] p2a: Meowscarada
|move|p1a: toxico|Toxic|p2a: Meowscarada
|-status|p2a: Meowscarada|tox
|
|-damage|p2a: Meowscarada|94/100 tox|[from] psn
|upkeep
|turn|15
|
|t:|1743865575
|switch|p1a: nemo|Alomomola, F|91/100 tox
|move|p2a: Meowscarada|Triple Axel|p1a: nemo
|-resisted|p1a: nemo
|-damage|p1a: nemo|89/100 tox
|-resisted|p1a: nemo
|-damage|p1a: nemo|86/100 tox
|-resisted|p1a: nemo
|-damage|p1a: nemo|80/100 tox
|-hitcount|p1a: nemo|3
|
|-heal|p2a: Meowscarada|100/100 tox|[from] item: Leftovers
|-damage|p2a: Meowscarada|88/100 tox|[from] psn
|-damage|p1a: nemo|74/100 tox|[from] psn
|upkeep
|turn|16
|
|t:|1743865592
|move|p2a: Meowscarada|Protect|p2a: Meowscarada
|-singleturn|p2a: Meowscarada|Protect
|move|p1a: nemo|Flip Turn|p2a: Meowscarada
|-activate|p2a: Meowscarada|move: Protect
|
|-heal|p2a: Meowscarada|94/100 tox|[from] item: Leftovers
|-damage|p2a: Meowscarada|76/100 tox|[from] psn
|-damage|p1a: nemo|62/100 tox|[from] psn
|upkeep
|turn|17
|
|t:|1743865602
|move|p2a: Meowscarada|Triple Axel|p1a: nemo
|-resisted|p1a: nemo
|-damage|p1a: nemo|60/100 tox
|-resisted|p1a: nemo
|-damage|p1a: nemo|57/100 tox
|-resisted|p1a: nemo
|-damage|p1a: nemo|52/100 tox
|-hitcount|p1a: nemo|3
|move|p1a: nemo|Flip Turn|p2a: Meowscarada
|-damage|p2a: Meowscarada|50/100 tox
|
|t:|1743865613
|switch|p1a: Ambipom|Ambipom, M|100/100|[from] Flip Turn
|
|-heal|p2a: Meowscarada|56/100 tox|[from] item: Leftovers
|-damage|p2a: Meowscarada|32/100 tox|[from] psn
|upkeep
|turn|18
|
|t:|1743865625
|switch|p2a: Volcanion|Volcanion|82/100 tox
|move|p1a: Ambipom|Fake Out|p2a: Volcanion
|-damage|p2a: Volcanion|61/100 tox
|
|-heal|p2a: Volcanion|67/100 tox|[from] item: Leftovers
|-damage|p2a: Volcanion|61/100 tox|[from] psn
|upkeep
|turn|19
|
|t:|1743865636
|move|p1a: Ambipom|U-turn|p2a: Volcanion
|-resisted|p2a: Volcanion
|-damage|p2a: Volcanion|52/100 tox
|
|t:|1743865640
|switch|p1a: nemo|Alomomola, F|86/100 tox|[from] U-turn
|move|p2a: Volcanion|Sludge Bomb|p1a: nemo
|-damage|p1a: nemo|65/100 tox
|
|-heal|p2a: Volcanion|58/100 tox|[from] item: Leftovers
|-damage|p2a: Volcanion|46/100 tox|[from] psn
|-damage|p1a: nemo|59/100 tox|[from] psn
|upkeep
|turn|20
|
|t:|1743865649
|switch|p2a: Meowscarada|Meowscarada, F|32/100 tox
|move|p1a: nemo|Wish|p1a: nemo
|
|-heal|p2a: Meowscarada|38/100 tox|[from] item: Leftovers
|-damage|p2a: Meowscarada|32/100 tox|[from] psn
|-damage|p1a: nemo|46/100 tox|[from] psn
|upkeep
|turn|21
|
|t:|1743865663
|move|p1a: nemo|Protect|p1a: nemo
|-singleturn|p1a: nemo|Protect
|move|p2a: Meowscarada|Flower Trick|p1a: nemo
|-start|p2a: Meowscarada|typechange|Grass|[from] ability: Protean
|-activate|p1a: nemo|move: Protect
|
|-heal|p1a: nemo|96/100 tox|[from] move: Wish|[wisher] nemo
|-heal|p2a: Meowscarada|38/100 tox|[from] item: Leftovers
|-damage|p2a: Meowscarada|25/100 tox|[from] psn
|-damage|p1a: nemo|78/100 tox|[from] psn
|upkeep
|turn|22
|inactive|yolemonde has 120 seconds left.
|
|t:|1743865686
|move|p2a: Meowscarada|Flower Trick|p1a: nemo
|-supereffective|p1a: nemo
|-crit|p1a: nemo
|-damage|p1a: nemo|24/100 tox
|move|p1a: nemo|Flip Turn|p2a: Meowscarada
|-resisted|p2a: Meowscarada
|-damage|p2a: Meowscarada|11/100 tox
|inactive|yolemonde has 90 seconds left.
|
|t:|1743865708
|switch|p1a: Ambipom|Ambipom, M|100/100|[from] Flip Turn
|
|-heal|p2a: Meowscarada|17/100 tox|[from] item: Leftovers
|-damage|p2a: Meowscarada|0 fnt|[from] psn
|faint|p2a: Meowscarada
|upkeep
|
|t:|1743865714
|switch|p2a: Volcanion|Volcanion|46/100 tox
|turn|23
|
|t:|1743865723
|move|p1a: Ambipom|Fake Out|p2a: Volcanion
|-damage|p2a: Volcanion|24/100 tox
|cant|p2a: Volcanion|flinch
|
|-heal|p2a: Volcanion|30/100 tox|[from] item: Leftovers
|-damage|p2a: Volcanion|24/100 tox|[from] psn
|upkeep
|turn|24
|
|t:|1743865736
|move|p1a: Ambipom|U-turn|p2a: Volcanion
|-resisted|p2a: Volcanion
|-damage|p2a: Volcanion|16/100 tox
|
|t:|1743865745
|switch|p1a: nemo|Alomomola, F|57/100 tox|[from] U-turn
|move|p2a: Volcanion|Steam Eruption|p1a: nemo
|-resisted|p1a: nemo
|-damage|p1a: nemo|36/100 tox
|
|-heal|p2a: Volcanion|22/100 tox|[from] item: Leftovers
|-damage|p2a: Volcanion|10/100 tox|[from] psn
|-damage|p1a: nemo|30/100 tox|[from] psn
|upkeep
|turn|25
|inactive|yolemonde has 90 seconds left.
|
|t:|1743865772
|switch|p2a: Dragonite|Dragonite, M, shiny|100/100
|switch|p1a: toxico|Amoonguss, M|72/100
|
|upkeep
|turn|26
|inactive|yolemonde has 90 seconds left.
|inactive|Lord2525 has 120 seconds left.
|inactive|Lord2525 has 90 seconds left.
|inactive|Lord2525 has 60 seconds left.
|
|t:|1743865879
|move|p1a: toxico|Toxic|p2a: Dragonite
|-status|p2a: Dragonite|tox
|move|p2a: Dragonite|Dragon Tail|p1a: toxico|[miss]
|-miss|p2a: Dragonite|p1a: toxico
|
|-damage|p2a: Dragonite|94/100 tox|[from] psn
|upkeep
|turn|27
|inactive|yolemonde has 90 seconds left.
|
|t:|1743865893
|move|p1a: toxico|Foul Play|p2a: Dragonite
|-damage|p2a: Dragonite|58/100 tox
|move|p2a: Dragonite|Dragon Tail|p1a: toxico
|-damage|p1a: toxico|49/100
|drag|p1a: bugsbunny|Cinderace, F|68/100
|
|-heal|p2a: Dragonite|64/100 tox|[from] item: Leftovers
|-damage|p2a: Dragonite|52/100 tox|[from] psn
|upkeep
|turn|28
|inactive|yolemonde has 90 seconds left.
|
|t:|1743865907
|switch|p2a: Volcanion|Volcanion|10/100 tox
|move|p1a: bugsbunny|U-turn|p2a: Volcanion
|-start|p1a: bugsbunny|typechange|Bug|[from] ability: Libero
|-resisted|p2a: Volcanion
|-damage|p2a: Volcanion|0 fnt
|faint|p2a: Volcanion
|inactive|yolemonde has 90 seconds left.
|
|t:|1743865919
|switch|p1a: Ambipom|Ambipom, M|100/100|[from] U-turn
|
|upkeep
|
|t:|1743865924
|switch|p2a: Salamence|Salamence, F|100/100
|turn|29
|
|t:|1743865930
|move|p1a: Ambipom|Fake Out|p2a: Salamence
|-damage|p2a: Salamence|59/100
|cant|p2a: Salamence|flinch
|
|-heal|p2a: Salamence|65/100|[from] item: Leftovers
|upkeep
|turn|30
|inactive|Lord2525 has 60 seconds left.
|
|t:|1743865938
|move|p1a: Ambipom|U-turn|p2a: Salamence
|-resisted|p2a: Salamence
|-damage|p2a: Salamence|49/100
|
|t:|1743865947
|switch|p1a: nemo|Alomomola, F|64/100 tox|[from] U-turn
|move|p2a: Salamence|Hurricane|p1a: nemo
|-damage|p1a: nemo|30/100 tox
|
|-heal|p2a: Salamence|55/100|[from] item: Leftovers
|-damage|p1a: nemo|24/100 tox|[from] psn
|upkeep
|turn|31
|
|t:|1743865965
|switch|p1a: Ambipom|Ambipom, M|100/100
|move|p2a: Salamence|Roost|p2a: Salamence
|-heal|p2a: Salamence|100/100
|-singleturn|p2a: Salamence|move: Roost
|
|upkeep
|turn|32
|
|t:|1743865976
|move|p1a: Ambipom|Fake Out|p2a: Salamence
|-damage|p2a: Salamence|61/100
|cant|p2a: Salamence|flinch
|
|-heal|p2a: Salamence|67/100|[from] item: Leftovers
|upkeep
|turn|33
|
|t:|1743865984
|move|p1a: Ambipom|U-turn|p2a: Salamence
|-resisted|p2a: Salamence
|-damage|p2a: Salamence|52/100
|
|t:|1743865990
|switch|p1a: toxico|Amoonguss, M|83/100|[from] U-turn
|move|p2a: Salamence|Earthquake|p1a: toxico
|-damage|p1a: toxico|56/100
|
|-heal|p2a: Salamence|58/100|[from] item: Leftovers
|upkeep
|turn|34
|
|t:|1743865999
|move|p2a: Salamence|Hurricane|p1a: toxico|[miss]
|-miss|p2a: Salamence|p1a: toxico
|move|p1a: toxico|Toxic|p2a: Salamence
|-status|p2a: Salamence|tox
|
|-heal|p2a: Salamence|64/100 tox|[from] item: Leftovers
|-damage|p2a: Salamence|58/100 tox|[from] psn
|upkeep
|turn|35
|inactive|Lord2525 has 90 seconds left.
|-message|Lord2525 forfeited.
|
|win|yolemonde
|raw|yolemonde's rating: 1046 &rarr; <strong>1081</strong><br />(+35 for winning)
|raw|Lord2525's rating: 1067 &rarr; <strong>1046</strong><br />(-21 for losing)
|l|☆Lord2525
|player|p2|
