|j|☆ivsuvsbusbus
|j|☆horsecouncilnation
|t:|1743783231
|gametype|singles
|player|p1|ivsuvsbusbus|169|1286
|player|p2|horsecouncilnation|biker-gen4|1300
|teamsize|p1|6
|teamsize|p2|6
|gen|9
|tier|[Gen 9] OU
|rated|
|rule|HP Percentage Mod: HP is shown in percentages
|rule|Endless Battle Clause: Forcing endless battles is banned
|rule|Species Clause: Limit one of each Pokémon
|rule|OHKO Clause: OHKO moves are banned
|rule|Evasion Items Clause: Evasion items are banned
|rule|Evasion Moves Clause: Evasion moves are banned
|rule|Sleep Moves Clause: Sleep-inducing moves are banned
|clearpoke
|poke|p1|Gliscor, F|
|poke|p1|Meowscarada, F|
|poke|p1|Ursaluna, F|
|poke|p1|Skarmory, F|
|poke|p1|Dragapult, F|
|poke|p1|Slowking-Galar, F|
|poke|p2|Samurott-Hisui, F|
|poke|p2|Iron Moth|
|poke|p2|Lokix, M|
|poke|p2|Zamazenta-*|
|poke|p2|Dragonite, M|
|poke|p2|Iron Crown|
|teampreview
|inactive|Battle timer is ON: inactive players will automatically lose when time's up. (requested by horsecouncilnation)
|
|t:|1743783250
|start
|switch|p1a: Meowscarada|Meowscarada, F|100/100
|switch|p2a: Samurott|Samurott-Hisui, F|100/100
|turn|1
|
|t:|1743783255
|move|p1a: Meowscarada|U-turn|p2a: Samurott
|-start|p1a: Meowscarada|typechange|Bug|[from] ability: Protean
|-supereffective|p2a: Samurott
|-damage|p2a: Samurott|10/100
|
|t:|1743783285
|switch|p1a: Skarmory|Skarmory, F|100/100|[from] U-turn
|move|p2a: Samurott|Ceaseless Edge|p1a: Skarmory
|-damage|p1a: Skarmory|71/100
|-damage|p2a: Samurott|0 fnt|[from] item: Rocky Helmet|[of] p1a: Skarmory
|faint|p2a: Samurott
|
|upkeep
|
|t:|1743783290
|switch|p2a: Iron Moth|Iron Moth|100/100
|-enditem|p2a: Iron Moth|Booster Energy
|-activate|p2a: Iron Moth|ability: Quark Drive|[fromitem]
|-start|p2a: Iron Moth|quarkdrivespe
|turn|2
|
|t:|1743783303
|switch|p1a: Slowking|Slowking-Galar, F|100/100
|move|p2a: Iron Moth|Fiery Dance|p1a: Slowking
|-damage|p1a: Slowking|78/100
|
|upkeep
|turn|3
|
|t:|1743783307
|move|p2a: Iron Moth|Fiery Dance|p1a: Slowking
|-damage|p1a: Slowking|55/100
|-boost|p2a: Iron Moth|spa|1
|move|p1a: Slowking|Thunder Wave|p2a: Iron Moth
|-status|p2a: Iron Moth|par
|
|upkeep
|turn|4
|
|t:|1743783314
|move|p2a: Iron Moth|Fiery Dance|p1a: Slowking
|-damage|p1a: Slowking|21/100
|-boost|p2a: Iron Moth|spa|1
|move|p1a: Slowking|Psychic Noise|p2a: Iron Moth
|-supereffective|p2a: Iron Moth
|-damage|p2a: Iron Moth|51/100 par
|-start|p2a: Iron Moth|move: Heal Block
|
|upkeep
|turn|5
|
|t:|1743783333
|switch|p1a: Meowscarada|Meowscarada, F|100/100
|move|p2a: Iron Moth|Fiery Dance|p1a: Meowscarada
|-supereffective|p1a: Meowscarada
|-damage|p1a: Meowscarada|0 fnt
|-boost|p2a: Iron Moth|spa|1
|faint|p1a: Meowscarada
|
|-end|p2a: Iron Moth|move: Heal Block
|upkeep
|
|t:|1743783337
|switch|p1a: Dragapult|Dragapult, F|100/100
|turn|6
|
|t:|1743783340
|move|p1a: Dragapult|Hex|p2a: Iron Moth
|-damage|p2a: Iron Moth|0 fnt
|faint|p2a: Iron Moth
|-end|p2a: Iron Moth|Quark Drive|[silent]
|
|upkeep
|
|t:|1743783343
|switch|p2a: Lokix|Lokix, M|100/100
|turn|7
|
|t:|1743783347
|switch|p1a: Skarmory|Skarmory, F|71/100
|move|p2a: Lokix|Throat Chop|p1a: Skarmory
|-damage|p1a: Skarmory|35/100
|-start|p1a: Skarmory|Throat Chop|[silent]
|-damage|p2a: Lokix|84/100|[from] item: Rocky Helmet|[of] p1a: Skarmory
|
|upkeep
|turn|8
|
|t:|1743783362
|switch|p1a: Gliscor|Gliscor, F|100/100
|move|p2a: Lokix|Throat Chop|p1a: Gliscor
|-damage|p1a: Gliscor|63/100
|-start|p1a: Gliscor|Throat Chop|[silent]
|
|-status|p1a: Gliscor|tox|[from] item: Toxic Orb
|upkeep
|turn|9
|
|t:|1743783375
|switch|p2a: Dragonite|Dragonite, M|100/100
|move|p1a: Gliscor|Protect||[still]
|-fail|p1a: Gliscor
|
|-heal|p1a: Gliscor|75/100 tox|[from] ability: Poison Heal
|-end|p1a: Gliscor|Throat Chop|[silent]
|upkeep
|turn|10
|
|t:|1743783378
|move|p1a: Gliscor|Swords Dance|p1a: Gliscor
|-boost|p1a: Gliscor|atk|2
|move|p2a: Dragonite|Dragon Dance|p2a: Dragonite
|-boost|p2a: Dragonite|atk|1
|-boost|p2a: Dragonite|spe|1
|
|-heal|p1a: Gliscor|88/100 tox|[from] ability: Poison Heal
|upkeep
|turn|11
|
|t:|1743783383
|move|p2a: Dragonite|Outrage|p1a: Gliscor
|-damage|p1a: Gliscor|22/100 tox
|move|p1a: Gliscor|Knock Off|p2a: Dragonite
|-damage|p2a: Dragonite|77/100
|-enditem|p2a: Dragonite|Heavy-Duty Boots|[from] move: Knock Off|[of] p1a: Gliscor
|
|-heal|p1a: Gliscor|35/100 tox|[from] ability: Poison Heal
|upkeep
|turn|12
|
|t:|1743783393
|move|p1a: Gliscor|Protect|p1a: Gliscor
|-singleturn|p1a: Gliscor|Protect
|move|p2a: Dragonite|Outrage|p1a: Gliscor|[from] lockedmove
|-activate|p1a: Gliscor|move: Protect
|-start|p2a: Dragonite|confusion|[fatigue]
|
|-heal|p1a: Gliscor|47/100 tox|[from] ability: Poison Heal
|upkeep
|turn|13
|
|t:|1743783397
|-activate|p2a: Dragonite|confusion
|move|p2a: Dragonite|Extreme Speed|p1a: Gliscor
|-damage|p1a: Gliscor|17/100 tox
|move|p1a: Gliscor|Facade|p2a: Dragonite
|-crit|p2a: Dragonite
|-damage|p2a: Dragonite|0 fnt
|faint|p2a: Dragonite
|
|-heal|p1a: Gliscor|29/100 tox|[from] ability: Poison Heal
|upkeep
|
|t:|1743783405
|switch|p2a: Lokix|Lokix, M|84/100
|turn|14
|
|t:|1743783412
|switch|p2a: Zamazenta|Zamazenta|100/100
|-ability|p2a: Zamazenta|Dauntless Shield|boost
|-boost|p2a: Zamazenta|def|1
|move|p1a: Gliscor|Protect||[still]
|-fail|p1a: Gliscor
|
|-heal|p1a: Gliscor|42/100 tox|[from] ability: Poison Heal
|upkeep
|turn|15
|
|t:|1743783418
|move|p2a: Zamazenta|Iron Defense|p2a: Zamazenta
|-boost|p2a: Zamazenta|def|2
|move|p1a: Gliscor|Facade|p2a: Zamazenta
|-damage|p2a: Zamazenta|80/100
|
|-heal|p2a: Zamazenta|86/100|[from] item: Leftovers
|-heal|p1a: Gliscor|54/100 tox|[from] ability: Poison Heal
|upkeep
|turn|16
|
|t:|1743783423
|move|p1a: Gliscor|Protect|p1a: Gliscor
|-singleturn|p1a: Gliscor|Protect
|move|p2a: Zamazenta|Body Press|p1a: Gliscor
|-activate|p1a: Gliscor|move: Protect
|
|-heal|p2a: Zamazenta|93/100|[from] item: Leftovers
|-heal|p1a: Gliscor|67/100 tox|[from] ability: Poison Heal
|upkeep
|turn|17
|
|t:|1743783430
|move|p2a: Zamazenta|Stone Edge|p1a: Gliscor
|-damage|p1a: Gliscor|43/100 tox
|move|p1a: Gliscor|Swords Dance|p1a: Gliscor
|-boost|p1a: Gliscor|atk|2
|
|-heal|p2a: Zamazenta|99/100|[from] item: Leftovers
|-heal|p1a: Gliscor|56/100 tox|[from] ability: Poison Heal
|upkeep
|turn|18
|
|t:|1743783442
|move|p1a: Gliscor|Protect|p1a: Gliscor
|-singleturn|p1a: Gliscor|Protect
|move|p2a: Zamazenta|Play Rough|p1a: Gliscor
|-activate|p1a: Gliscor|move: Protect
|
|-heal|p2a: Zamazenta|100/100|[from] item: Leftovers
|-heal|p1a: Gliscor|68/100 tox|[from] ability: Poison Heal
|upkeep
|turn|19
|
|t:|1743783468
|move|p2a: Zamazenta|Play Rough|p1a: Gliscor
|-damage|p1a: Gliscor|44/100 tox
|move|p1a: Gliscor|Swords Dance|p1a: Gliscor
|-boost|p1a: Gliscor|atk|2
|
|-heal|p1a: Gliscor|57/100 tox|[from] ability: Poison Heal
|upkeep
|turn|20
|
|t:|1743783471
|switch|p2a: Lokix|Lokix, M|84/100
|move|p1a: Gliscor|Protect||[still]
|-fail|p1a: Gliscor
|
|-heal|p1a: Gliscor|69/100 tox|[from] ability: Poison Heal
|upkeep
|turn|21
|
|t:|1743783481
|-terastallize|p2a: Lokix|Bug
|move|p2a: Lokix|First Impression|p1a: Gliscor
|-resisted|p1a: Gliscor
|-damage|p1a: Gliscor|9/100 tox
|move|p1a: Gliscor|Facade|p2a: Lokix
|-damage|p2a: Lokix|0 fnt
|faint|p2a: Lokix
|
|-heal|p1a: Gliscor|22/100 tox|[from] ability: Poison Heal
|upkeep
|
|t:|1743783485
|switch|p2a: Iron Crown|Iron Crown|100/100
|-enditem|p2a: Iron Crown|Booster Energy
|-activate|p2a: Iron Crown|ability: Quark Drive|[fromitem]
|-start|p2a: Iron Crown|quarkdrivespe
|turn|22
|
|t:|1743783490
|move|p1a: Gliscor|Protect|p1a: Gliscor
|-singleturn|p1a: Gliscor|Protect
|move|p2a: Iron Crown|Tachyon Cutter|p1a: Gliscor
|-activate|p1a: Gliscor|move: Protect
|
|-heal|p1a: Gliscor|34/100 tox|[from] ability: Poison Heal
|upkeep
|turn|23
|
|t:|1743783496
|switch|p1a: Slowking|Slowking-Galar, F|54/100
|move|p2a: Iron Crown|Tachyon Cutter|p1a: Slowking
|-damage|p1a: Slowking|40/100
|-crit|p1a: Slowking
|-damage|p1a: Slowking|20/100
|-hitcount|p1a: Slowking|2
|
|upkeep
|turn|24
|
|t:|1743783499
|move|p2a: Iron Crown|Tachyon Cutter|p1a: Slowking
|-damage|p1a: Slowking|7/100
|-damage|p1a: Slowking|0 fnt
|faint|p1a: Slowking
|-hitcount|p1: Slowking|2
|
|upkeep
|
|t:|1743783501
|switch|p1a: Ursaluna|Ursaluna, F|100/100
|turn|25
|
|t:|1743783506
|move|p2a: Iron Crown|Tachyon Cutter|p1a: Ursaluna
|-damage|p1a: Ursaluna|82/100
|-damage|p1a: Ursaluna|66/100
|-hitcount|p1a: Ursaluna|2
|move|p1a: Ursaluna|Headlong Rush|p2a: Iron Crown
|-supereffective|p2a: Iron Crown
|-damage|p2a: Iron Crown|0 fnt
|-unboost|p1a: Ursaluna|def|1
|-unboost|p1a: Ursaluna|spd|1
|faint|p2a: Iron Crown
|-end|p2a: Iron Crown|Quark Drive|[silent]
|
|upkeep
|
|t:|1743783509
|switch|p2a: Zamazenta|Zamazenta|100/100
|turn|26
|
|t:|1743783513
|switch|p1a: Skarmory|Skarmory, F|35/100
|move|p2a: Zamazenta|Body Press|p1a: Skarmory
|-damage|p1a: Skarmory|16/100
|-damage|p2a: Zamazenta|84/100|[from] item: Rocky Helmet|[of] p1a: Skarmory
|
|-heal|p2a: Zamazenta|90/100|[from] item: Leftovers
|upkeep
|turn|27
|
|t:|1743783516
|move|p2a: Zamazenta|Body Press|p1a: Skarmory
|-damage|p1a: Skarmory|0 fnt
|-damage|p2a: Zamazenta|74/100|[from] item: Rocky Helmet|[of] p1a: Skarmory
|faint|p1a: Skarmory
|
|-heal|p2a: Zamazenta|80/100|[from] item: Leftovers
|upkeep
|
|t:|1743783519
|switch|p1a: Gliscor|Gliscor, F|34/100 tox
|turn|28
|
|t:|1743783523
|move|p1a: Gliscor|Protect|p1a: Gliscor
|-singleturn|p1a: Gliscor|Protect
|move|p2a: Zamazenta|Iron Defense|p2a: Zamazenta
|-boost|p2a: Zamazenta|def|2
|
|-heal|p2a: Zamazenta|86/100|[from] item: Leftovers
|-heal|p1a: Gliscor|47/100 tox|[from] ability: Poison Heal
|upkeep
|turn|29
|
|t:|1743783526
|move|p2a: Zamazenta|Body Press|p1a: Gliscor
|-resisted|p1a: Gliscor
|-damage|p1a: Gliscor|24/100 tox
|move|p1a: Gliscor|Swords Dance|p1a: Gliscor
|-boost|p1a: Gliscor|atk|2
|
|-heal|p2a: Zamazenta|92/100|[from] item: Leftovers
|-heal|p1a: Gliscor|36/100 tox|[from] ability: Poison Heal
|upkeep
|turn|30
|
|t:|1743783531
|move|p2a: Zamazenta|Iron Defense|p2a: Zamazenta
|-boost|p2a: Zamazenta|def|2
|move|p1a: Gliscor|Swords Dance|p1a: Gliscor
|-boost|p1a: Gliscor|atk|2
|
|-heal|p2a: Zamazenta|98/100|[from] item: Leftovers
|-heal|p1a: Gliscor|49/100 tox|[from] ability: Poison Heal
|upkeep
|turn|31
|
|t:|1743783536
|move|p1a: Gliscor|Protect|p1a: Gliscor
|-singleturn|p1a: Gliscor|Protect
|move|p2a: Zamazenta|Body Press|p1a: Gliscor
|-activate|p1a: Gliscor|move: Protect
|
|-heal|p2a: Zamazenta|100/100|[from] item: Leftovers
|-heal|p1a: Gliscor|61/100 tox|[from] ability: Poison Heal
|upkeep
|turn|32
|
|t:|1743783538
|move|p2a: Zamazenta|Body Press|p1a: Gliscor
|-resisted|p1a: Gliscor
|-damage|p1a: Gliscor|31/100 tox
|move|p1a: Gliscor|Swords Dance|p1a: Gliscor
|-boost|p1a: Gliscor|atk|2
|
|-heal|p1a: Gliscor|43/100 tox|[from] ability: Poison Heal
|upkeep
|turn|33
|
|t:|1743783540
|move|p1a: Gliscor|Protect|p1a: Gliscor
|-singleturn|p1a: Gliscor|Protect
|move|p2a: Zamazenta|Body Press|p1a: Gliscor
|-activate|p1a: Gliscor|move: Protect
|
|-heal|p1a: Gliscor|56/100 tox|[from] ability: Poison Heal
|upkeep
|turn|34
|
|t:|1743783544
|move|p2a: Zamazenta|Body Press|p1a: Gliscor
|-resisted|p1a: Gliscor
|-damage|p1a: Gliscor|24/100 tox
|move|p1a: Gliscor|Facade|p2a: Zamazenta
|-damage|p2a: Zamazenta|66/100
|
|-heal|p2a: Zamazenta|72/100|[from] item: Leftovers
|-heal|p1a: Gliscor|36/100 tox|[from] ability: Poison Heal
|upkeep
|turn|35
|
|t:|1743783550
|move|p1a: Gliscor|Protect|p1a: Gliscor
|-singleturn|p1a: Gliscor|Protect
|move|p2a: Zamazenta|Iron Defense|p2a: Zamazenta
|-boost|p2a: Zamazenta|def|2
|
|-heal|p2a: Zamazenta|78/100|[from] item: Leftovers
|-heal|p1a: Gliscor|49/100 tox|[from] ability: Poison Heal
|upkeep
|turn|36
|
|t:|1743783554
|move|p2a: Zamazenta|Body Press|p1a: Gliscor
|-resisted|p1a: Gliscor
|-damage|p1a: Gliscor|8/100 tox
|move|p1a: Gliscor|Facade|p2a: Zamazenta
|-damage|p2a: Zamazenta|56/100
|
|-heal|p2a: Zamazenta|62/100|[from] item: Leftovers
|-heal|p1a: Gliscor|20/100 tox|[from] ability: Poison Heal
|upkeep
|turn|37
|
|t:|1743783562
|move|p2a: Zamazenta|Play Rough|p1a: Gliscor
|-damage|p1a: Gliscor|0 fnt
|faint|p1a: Gliscor
|
|-heal|p2a: Zamazenta|68/100|[from] item: Leftovers
|upkeep
|
|t:|1743783566
|switch|p1a: Dragapult|Dragapult, F|100/100
|turn|38
|
|t:|1743783572
|-terastallize|p1a: Dragapult|Ghost
|move|p1a: Dragapult|Draco Meteor|p2a: Zamazenta|[miss]
|-miss|p1a: Dragapult|p2a: Zamazenta
|move|p2a: Zamazenta|Play Rough|p1a: Dragapult
|-damage|p1a: Dragapult|55/100
|
|-heal|p2a: Zamazenta|74/100|[from] item: Leftovers
|upkeep
|turn|39
|
|t:|1743783576
|move|p1a: Dragapult|Draco Meteor|p2a: Zamazenta
|-damage|p2a: Zamazenta|33/100
|-unboost|p1a: Dragapult|spa|2
|move|p2a: Zamazenta|Play Rough|p1a: Dragapult
|-damage|p1a: Dragapult|11/100
|
|-heal|p2a: Zamazenta|39/100|[from] item: Leftovers
|upkeep
|turn|40
|
|t:|1743783579
|move|p1a: Dragapult|U-turn|p2a: Zamazenta
|-resisted|p2a: Zamazenta
|-damage|p2a: Zamazenta|37/100
|
|t:|1743783580
|switch|p1a: Ursaluna|Ursaluna, F|66/100|[from] U-turn
|move|p2a: Zamazenta|Play Rough|p1a: Ursaluna
|-damage|p1a: Ursaluna|41/100
|
|-heal|p2a: Zamazenta|44/100|[from] item: Leftovers
|upkeep
|turn|41
|
|t:|1743783583
|move|p2a: Zamazenta|Body Press|p1a: Ursaluna
|-supereffective|p1a: Ursaluna
|-damage|p1a: Ursaluna|0 fnt
|faint|p1a: Ursaluna
|
|-heal|p2a: Zamazenta|50/100|[from] item: Leftovers
|upkeep
|
|t:|1743783584
|switch|p1a: Dragapult|Dragapult, F, tera:Ghost|11/100
|turn|42
|
|t:|1743783587
|move|p1a: Dragapult|Draco Meteor|p2a: Zamazenta
|-damage|p2a: Zamazenta|3/100
|-unboost|p1a: Dragapult|spa|2
|move|p2a: Zamazenta|Play Rough|p1a: Dragapult
|-damage|p1a: Dragapult|0 fnt
|faint|p1a: Dragapult
|
|win|horsecouncilnation
|raw|ivsuvsbusbus's rating: 1286 &rarr; <strong>1262</strong><br />(-24 for losing)
|raw|horsecouncilnation's rating: 1300 &rarr; <strong>1324</strong><br />(+24 for winning)
