|j|☆treplaysgames21
|j|☆thesuituser
|t:|1743792786
|gametype|singles
|player|p1|treplaysgames21|170|1040
|player|p2|thesuituser|102|1026
|teamsize|p1|6
|teamsize|p2|6
|gen|9
|tier|[Gen 9] OU
|rated|
|rule|HP Percentage Mod: HP is shown in percentages
|rule|Endless Battle Clause: Forcing endless battles is banned
|rule|Species Clause: Limit one of each Pokémon
|rule|OHKO Clause: OHKO moves are banned
|rule|Evasion Items Clause: Evasion items are banned
|rule|Evasion Moves Clause: Evasion moves are banned
|rule|Sleep Moves Clause: Sleep-inducing moves are banned
|clearpoke
|poke|p1|Flygon, F|
|poke|p1|Gliscor, M|
|poke|p1|Golurk|
|poke|p1|Camerupt, F|
|poke|p1|Gastrodon, M|
|poke|p1|Garchomp, M|
|poke|p2|Rotom-Wash|
|poke|p2|Gallade, M|
|poke|p2|Gholdengo|
|poke|p2|Gliscor, F|
|poke|p2|Deoxys-Speed|
|poke|p2|Serperior, F|
|teampreview
|
|t:|1743792800
|start
|switch|p1a: Camerupt|Camerupt, F|100/100
|switch|p2a: Rotom|Rotom-Wash, shiny|100/100
|turn|1
|
|t:|1743792810
|move|p2a: Rotom|Hydro Pump|p1a: Camerupt|[miss]
|-miss|p2a: Rotom|p1a: Camerupt
|move|p1a: Camerupt|Stealth Rock|p2a: Rotom
|-sidestart|p2: thesuituser|move: Stealth Rock
|
|upkeep
|turn|2
|
|t:|1743792818
|switch|p1a: Gastrodon|Gastrodon, M|100/100
|move|p2a: Rotom|Hydro Pump|p1a: Gastrodon
|-ability|p1a: Gastrodon|Storm Drain|boost
|-boost|p1a: Gastrodon|spa|1
|
|upkeep
|turn|3
|
|t:|1743792826
|move|p2a: Rotom|Dark Pulse|p1a: Gastrodon
|-damage|p1a: Gastrodon|79/100
|move|p1a: Gastrodon|Earth Power|p2a: Rotom
|-immune|p2a: Rotom|[from] ability: Levitate
|
|upkeep
|turn|4
|
|t:|1743792834
|move|p2a: Rotom|Dark Pulse|p1a: Gastrodon
|-damage|p1a: Gastrodon|58/100
|move|p1a: Gastrodon|Ice Beam|p2a: Rotom
|-resisted|p2a: Rotom
|-damage|p2a: Rotom|75/100
|
|-heal|p2a: Rotom|81/100|[from] item: Leftovers
|upkeep
|turn|5
|
|t:|1743792844
|move|p2a: Rotom|Dark Pulse|p1a: Gastrodon
|-crit|p1a: Gastrodon
|-damage|p1a: Gastrodon|25/100
|move|p1a: Gastrodon|Ice Beam|p2a: Rotom
|-resisted|p2a: Rotom
|-damage|p2a: Rotom|55/100
|
|-heal|p2a: Rotom|61/100|[from] item: Leftovers
|upkeep
|turn|6
|
|t:|1743792853
|move|p2a: Rotom|Dark Pulse|p1a: Gastrodon
|-damage|p1a: Gastrodon|4/100
|move|p1a: Gastrodon|Ice Beam|p2a: Rotom
|-resisted|p2a: Rotom
|-damage|p2a: Rotom|33/100
|
|-heal|p2a: Rotom|39/100|[from] item: Leftovers
|upkeep
|turn|7
|
|t:|1743792862
|move|p1a: Gastrodon|Protect|p1a: Gastrodon
|-singleturn|p1a: Gastrodon|Protect
|move|p2a: Rotom|Dark Pulse|p1a: Gastrodon
|-activate|p1a: Gastrodon|move: Protect
|
|-heal|p2a: Rotom|45/100|[from] item: Leftovers
|upkeep
|turn|8
|
|t:|1743792870
|move|p2a: Rotom|Dark Pulse|p1a: Gastrodon
|-damage|p1a: Gastrodon|0 fnt
|faint|p1a: Gastrodon
|
|-heal|p2a: Rotom|52/100|[from] item: Leftovers
|upkeep
|
|t:|1743792877
|switch|p1a: Flygon|Flygon, F|100/100
|turn|9
|
|t:|1743792881
|move|p1a: Flygon|Thunder Punch|p2a: Rotom
|-damage|p2a: Rotom|18/100
|move|p2a: Rotom|Will-O-Wisp|p1a: Flygon
|-status|p1a: Flygon|brn
|
|-heal|p2a: Rotom|24/100|[from] item: Leftovers
|-damage|p1a: Flygon|95/100 brn|[from] brn
|upkeep
|turn|10
|
|t:|1743792898
|move|p1a: Flygon|Thunder Punch|p2a: Rotom
|-damage|p2a: Rotom|9/100
|move|p2a: Rotom|Hydro Pump|p1a: Flygon
|-damage|p1a: Flygon|24/100 brn
|
|-heal|p1a: Flygon|30/100 brn|[from] item: Leftovers
|-heal|p2a: Rotom|15/100|[from] item: Leftovers
|-damage|p1a: Flygon|24/100 brn|[from] brn
|upkeep
|turn|11
|
|t:|1743792909
|switch|p2a: Gliscor|Gliscor, F, shiny|100/100
|-damage|p2a: Gliscor|88/100|[from] Stealth Rock
|move|p1a: Flygon|Thunder Punch|p2a: Gliscor
|-immune|p2a: Gliscor
|
|-heal|p1a: Flygon|30/100 brn|[from] item: Leftovers
|-damage|p1a: Flygon|24/100 brn|[from] brn
|-status|p2a: Gliscor|tox|[from] item: Toxic Orb
|upkeep
|turn|12
|
|t:|1743792922
|move|p2a: Gliscor|Swords Dance|p2a: Gliscor
|-boost|p2a: Gliscor|atk|2
|move|p1a: Flygon|Dragon Claw|p2a: Gliscor
|-damage|p2a: Gliscor|71/100 tox
|
|-heal|p1a: Flygon|30/100 brn|[from] item: Leftovers
|-heal|p2a: Gliscor|83/100 tox|[from] ability: Poison Heal
|-damage|p1a: Flygon|24/100 brn|[from] brn
|upkeep
|turn|13
|
|t:|1743792935
|move|p2a: Gliscor|Swords Dance|p2a: Gliscor
|-boost|p2a: Gliscor|atk|2
|move|p1a: Flygon|Dragon Claw|p2a: Gliscor
|-damage|p2a: Gliscor|64/100 tox
|
|-heal|p1a: Flygon|30/100 brn|[from] item: Leftovers
|-heal|p2a: Gliscor|76/100 tox|[from] ability: Poison Heal
|-damage|p1a: Flygon|24/100 brn|[from] brn
|upkeep
|turn|14
|
|t:|1743792947
|move|p2a: Gliscor|Swords Dance|p2a: Gliscor
|-boost|p2a: Gliscor|atk|2
|move|p1a: Flygon|Dragon Claw|p2a: Gliscor
|-damage|p2a: Gliscor|59/100 tox
|
|-heal|p1a: Flygon|30/100 brn|[from] item: Leftovers
|-heal|p2a: Gliscor|71/100 tox|[from] ability: Poison Heal
|-damage|p1a: Flygon|24/100 brn|[from] brn
|upkeep
|turn|15
|
|t:|1743792958
|move|p2a: Gliscor|Protect|p2a: Gliscor
|-singleturn|p2a: Gliscor|Protect
|move|p1a: Flygon|Dragon Claw|p2a: Gliscor
|-activate|p2a: Gliscor|move: Protect
|
|-heal|p1a: Flygon|30/100 brn|[from] item: Leftovers
|-heal|p2a: Gliscor|84/100 tox|[from] ability: Poison Heal
|-damage|p1a: Flygon|24/100 brn|[from] brn
|upkeep
|turn|16
|
|t:|1743792970
|move|p2a: Gliscor|Facade|p1a: Flygon
|-damage|p1a: Flygon|0 fnt
|faint|p1a: Flygon
|
|-heal|p2a: Gliscor|96/100 tox|[from] ability: Poison Heal
|upkeep
|
|t:|1743792979
|switch|p1a: Golurk|Golurk|100/100
|turn|17
|
|t:|1743792984
|move|p2a: Gliscor|Earthquake|p1a: Golurk
|-damage|p1a: Golurk|0 fnt
|faint|p1a: Golurk
|
|-heal|p2a: Gliscor|100/100 tox|[from] ability: Poison Heal
|upkeep
|
|t:|1743792991
|switch|p1a: Gliscor|Gliscor, M|100/100
|turn|18
|
|t:|1743792997
|move|p2a: Gliscor|Swords Dance|p2a: Gliscor
|-boost|p2a: Gliscor|atk|0
|move|p1a: Gliscor|Crabhammer|p2a: Gliscor|[miss]
|-miss|p1a: Gliscor|p2a: Gliscor
|
|-status|p1a: Gliscor|tox|[from] item: Toxic Orb
|upkeep
|turn|19
|c|☆thesuituser|Misclicked
|
|t:|1743793010
|move|p2a: Gliscor|Facade|p1a: Gliscor
|-damage|p1a: Gliscor|0 fnt
|faint|p1a: Gliscor
|
|upkeep
|
|t:|1743793015
|switch|p1a: Camerupt|Camerupt, F|100/100
|turn|20
|
|t:|1743793021
|move|p2a: Gliscor|Earthquake|p1a: Camerupt
|-supereffective|p1a: Camerupt
|-damage|p1a: Camerupt|0 fnt
|faint|p1a: Camerupt
|
|upkeep
|
|t:|1743793027
|switch|p1a: Garchomp|Garchomp, M|100/100
|turn|21
|
|t:|1743793032
|move|p1a: Garchomp|Dragon Claw|p2a: Gliscor
|-damage|p2a: Gliscor|57/100 tox
|move|p2a: Gliscor|Facade|p1a: Garchomp
|-damage|p1a: Garchomp|0 fnt
|-damage|p2a: Gliscor|45/100 tox|[from] ability: Rough Skin|[of] p1a: Garchomp
|-damage|p2a: Gliscor|28/100 tox|[from] item: Rocky Helmet|[of] p1a: Garchomp
|faint|p1a: Garchomp
|
|win|thesuituser
|raw|treplaysgames21's rating: 1040 &rarr; <strong>1023</strong><br />(-17 for losing)
|raw|thesuituser's rating: 1026 &rarr; <strong>1064</strong><br />(+38 for winning)
