|badge|p1|bronze|gen9ou|100-5
|uhtml|medal-msg|<div class="broadcast-blue">Curious what those medals under the avatar are? PS now has Ladder Seasons! For more information, check out the <a href="https://www.smogon.com/forums/threads/3740067/">thread on Smogon.</a></div>
|badge|p2|bronze|gen9ou|100-5
|uhtml|medal-msg|<div class="broadcast-blue">Curious what those medals under the avatar are? PS now has Ladder Seasons! For more information, check out the <a href="https://www.smogon.com/forums/threads/3740067/">thread on Smogon.</a></div>
|j|☆Johnny tots
|j|☆LaBaleada
|t:|1743864344
|gametype|singles
|player|p1|Johnny tots|2|1849
|player|p2|LaBaleada|2|1838
|teamsize|p1|6
|teamsize|p2|6
|gen|9
|tier|[Gen 9] OU
|rated|
|rule|HP Percentage Mod: HP is shown in percentages
|rule|Endless Battle Clause: Forcing endless battles is banned
|rule|Species Clause: Limit one of each Pokémon
|rule|OHKO Clause: OHKO moves are banned
|rule|Evasion Items Clause: Evasion items are banned
|rule|Evasion Moves Clause: Evasion moves are banned
|rule|Sleep Moves Clause: Sleep-inducing moves are banned
|clearpoke
|poke|p1|Klefki, F|
|poke|p1|Manaphy|
|poke|p1|Kyurem|
|poke|p1|Cinderace, F|
|poke|p1|Iron Valiant|
|poke|p1|Clefable, F|
|poke|p2|Metagross|
|poke|p2|Ogerpon-Wellspring, F|
|poke|p2|Raging Bolt|
|poke|p2|Cinderace, M|
|poke|p2|Landorus-Therian, M|
|poke|p2|Slowking-Galar, M|
|teampreview
|inactive|Battle timer is ON: inactive players will automatically lose when time's up. (requested by LaBaleada)
|inactive|LaBaleada has 120 seconds left.
|
|t:|1743864391
|start
|switch|p1a: Klefki|Klefki, F|100/100
|switch|p2a: Landorus|Landorus-Therian, M|100/100
|-ability|p2a: Landorus|Intimidate|boost
|-unboost|p1a: Klefki|atk|1
|turn|1
|
|t:|1743864399
|move|p1a: Klefki|Reflect|p1a: Klefki
|-sidestart|p1: Johnny tots|Reflect
|move|p2a: Landorus|Taunt|p1a: Klefki
|-start|p1a: Klefki|move: Taunt
|
|upkeep
|turn|2
|
|t:|1743864404
|switch|p1a: Manaphy|Manaphy|100/100
|move|p2a: Landorus|Earth Power|p1a: Manaphy
|-damage|p1a: Manaphy|73/100
|
|-heal|p1a: Manaphy|79/100|[from] item: Leftovers
|upkeep
|turn|3
|
|t:|1743864407
|switch|p1a: Klefki|Klefki, F|100/100
|move|p2a: Landorus|U-turn|p1a: Klefki
|-resisted|p1a: Klefki
|-damage|p1a: Klefki|99/100
|
|t:|1743864411
|switch|p2a: Cinderace|Cinderace, M|100/100|[from] U-turn
|
|upkeep
|turn|4
|
|t:|1743864413
|switch|p2a: Landorus|Landorus-Therian, M|100/100
|-ability|p2a: Landorus|Intimidate|boost
|-unboost|p1a: Klefki|atk|1
|move|p1a: Klefki|Thunder Wave|p2a: Landorus
|-immune|p2a: Landorus
|
|upkeep
|turn|5
|
|t:|1743864418
|move|p1a: Klefki|Light Screen|p1a: Klefki
|-sidestart|p1: Johnny tots|move: Light Screen
|move|p2a: Landorus|Earth Power|p1a: Klefki
|-supereffective|p1a: Klefki
|-damage|p1a: Klefki|62/100
|
|upkeep
|turn|6
|
|t:|1743864422
|switch|p1a: Iron Valiant|Iron Valiant|100/100
|-enditem|p1a: Iron Valiant|Booster Energy
|-activate|p1a: Iron Valiant|ability: Quark Drive|[fromitem]
|-start|p1a: Iron Valiant|quarkdrivespe
|move|p2a: Landorus|Taunt|p1a: Iron Valiant
|-start|p1a: Iron Valiant|move: Taunt
|
|upkeep
|turn|7
|
|t:|1743864425
|switch|p2a: Slowking|Slowking-Galar, M|100/100
|move|p1a: Iron Valiant|Moonblast|p2a: Slowking
|-resisted|p2a: Slowking
|-damage|p2a: Slowking|86/100
|
|upkeep
|turn|8
|
|t:|1743864434
|-end|p1a: Iron Valiant|Quark Drive|[silent]
|switch|p1a: Klefki|Klefki, F|62/100
|move|p2a: Slowking|Thunder Wave|p1a: Klefki|[miss]
|-miss|p2a: Slowking|p1a: Klefki
|
|-sideend|p1: Johnny tots|Reflect
|upkeep
|turn|9
|l|☆LaBaleada
|inactive|LaBaleada disconnected and has a minute to reconnect!
|player|p2|
|j|☆LaBaleada
|inactive|LaBaleada reconnected and has 130 seconds left.
|player|p2|LaBaleada|2|
|inactive|LaBaleada has 120 seconds left.
|
|t:|1743864475
|switch|p2a: Landorus|Landorus-Therian, M|100/100
|-ability|p2a: Landorus|Intimidate|boost
|-unboost|p1a: Klefki|atk|1
|move|p1a: Klefki|Reflect|p1a: Klefki
|-sidestart|p1: Johnny tots|Reflect
|
|upkeep
|turn|10
|
|t:|1743864484
|switch|p1a: Iron Valiant|Iron Valiant|100/100
|move|p2a: Landorus|U-turn|p1a: Iron Valiant
|-resisted|p1a: Iron Valiant
|-damage|p1a: Iron Valiant|97/100
|
|t:|1743864490
|switch|p2a: Slowking|Slowking-Galar, M|100/100|[from] U-turn
|
|upkeep
|turn|11
|
|t:|1743864499
|move|p1a: Iron Valiant|Calm Mind|p1a: Iron Valiant
|-boost|p1a: Iron Valiant|spa|1
|-boost|p1a: Iron Valiant|spd|1
|move|p2a: Slowking|Thunder Wave|p1a: Iron Valiant|[miss]
|-miss|p2a: Slowking|p1a: Iron Valiant
|
|upkeep
|turn|12
|
|t:|1743864503
|move|p1a: Iron Valiant|Shadow Ball|p2a: Slowking
|-supereffective|p2a: Slowking
|-damage|p2a: Slowking|54/100
|move|p2a: Slowking|Thunder Wave|p1a: Iron Valiant
|-status|p1a: Iron Valiant|par
|
|-sideend|p1: Johnny tots|move: Light Screen
|upkeep
|turn|13
|
|t:|1743864512
|move|p1a: Iron Valiant|Shadow Ball|p2a: Slowking
|-supereffective|p2a: Slowking
|-damage|p2a: Slowking|9/100
|move|p2a: Slowking|Sludge Bomb|p1a: Iron Valiant
|-supereffective|p1a: Iron Valiant
|-damage|p1a: Iron Valiant|18/100 par
|
|upkeep
|turn|14
|
|t:|1743864520
|switch|p2a: Cinderace|Cinderace, M|100/100
|move|p1a: Iron Valiant|Moonblast|p2a: Cinderace
|-resisted|p2a: Cinderace
|-damage|p2a: Cinderace|58/100
|
|upkeep
|turn|15
|j| kingambit player
|
|t:|1743864525
|move|p2a: Cinderace|Pyro Ball|p1a: Iron Valiant|[miss]
|-miss|p2a: Cinderace|p1a: Iron Valiant
|move|p1a: Iron Valiant|Shadow Ball|p2a: Cinderace
|-damage|p2a: Cinderace|11/100
|-unboost|p2a: Cinderace|spd|1
|
|upkeep
|turn|16
|
|t:|1743864533
|move|p2a: Cinderace|Pyro Ball|p1a: Iron Valiant|[miss]
|-miss|p2a: Cinderace|p1a: Iron Valiant
|move|p1a: Iron Valiant|Shadow Ball|p2a: Cinderace
|-damage|p2a: Cinderace|0 fnt
|faint|p2a: Cinderace
|
|-sideend|p1: Johnny tots|Reflect
|upkeep
|c|☆Johnny tots|Ya that makes sense
|c|☆LaBaleada|of course
|
|t:|1743864550
|switch|p2a: Landorus|Landorus-Therian, M|100/100
|-ability|p2a: Landorus|Intimidate|boost
|-unboost|p1a: Iron Valiant|atk|1
|turn|17
|
|t:|1743864553
|move|p2a: Landorus|Earth Power|p1a: Iron Valiant
|-damage|p1a: Iron Valiant|0 fnt
|faint|p1a: Iron Valiant
|-end|p1a: Iron Valiant|Quark Drive|[silent]
|
|upkeep
|
|t:|1743864556
|switch|p1a: Klefki|Klefki, F|62/100
|turn|18
|
|t:|1743864559
|move|p1a: Klefki|Light Screen|p1a: Klefki
|-sidestart|p1: Johnny tots|move: Light Screen
|move|p2a: Landorus|Earth Power|p1a: Klefki
|-supereffective|p1a: Klefki
|-damage|p1a: Klefki|21/100
|
|upkeep
|turn|19
|
|t:|1743864563
|move|p1a: Klefki|Reflect|p1a: Klefki
|-sidestart|p1: Johnny tots|Reflect
|move|p2a: Landorus|Stealth Rock|p1a: Klefki
|-sidestart|p1: Johnny tots|move: Stealth Rock
|
|upkeep
|turn|20
|
|t:|1743864566
|move|p1a: Klefki|Spikes|p2a: Landorus
|-sidestart|p2: LaBaleada|Spikes
|move|p2a: Landorus|Taunt|p1a: Klefki
|-start|p1a: Klefki|move: Taunt
|
|upkeep
|turn|21
|
|t:|1743864569
|switch|p1a: Clefable|Clefable, F|100/100
|move|p2a: Landorus|Taunt|p1a: Clefable
|-start|p1a: Clefable|move: Taunt
|
|upkeep
|turn|22
|
|t:|1743864574
|move|p2a: Landorus|U-turn|p1a: Clefable
|-resisted|p1a: Clefable
|-crit|p1a: Clefable
|-damage|p1a: Clefable|87/100
|j| MiniLarry
|
|t:|1743864575
|switch|p2a: Slowking|Slowking-Galar, M|42/100|[from] U-turn
|-damage|p2a: Slowking|29/100|[from] Spikes
|move|p1a: Clefable|Fire Blast|p2a: Slowking|[miss]
|-miss|p1a: Clefable|p2a: Slowking
|
|-heal|p1a: Clefable|93/100|[from] item: Leftovers
|upkeep
|turn|23
|j| TheTyranitard
|
|t:|1743864589
|switch|p1a: Klefki|Klefki, F|21/100
|-damage|p1a: Klefki|15/100|[from] Stealth Rock
|-prepare|p2a: Slowking|Chilly Reception|[premajor]
|move|p2a: Slowking|Chilly Reception|p2a: Slowking
|-weather|Snowscape
|
|t:|1743864598
|switch|p2a: Metagross|Metagross|100/100|[from] Chilly Reception
|-damage|p2a: Metagross|88/100|[from] Spikes
|
|-weather|Snowscape|[upkeep]
|upkeep
|turn|24
|
|t:|1743864604
|move|p1a: Klefki|Thunder Wave|p2a: Metagross
|-status|p2a: Metagross|par
|move|p2a: Metagross|Bullet Punch|p1a: Klefki
|-damage|p1a: Klefki|5/100
|
|-weather|Snowscape|[upkeep]
|upkeep
|turn|25
|
|t:|1743864608
|move|p1a: Klefki|Spikes|p2a: Metagross
|-sidestart|p2: LaBaleada|Spikes
|move|p2a: Metagross|Bullet Punch|p1a: Klefki
|-damage|p1a: Klefki|0 fnt
|faint|p1a: Klefki
|
|-weather|Snowscape|[upkeep]
|-sideend|p1: Johnny tots|move: Light Screen
|upkeep
|
|t:|1743864612
|switch|p1a: Cinderace|Cinderace, F|100/100
|turn|26
|
|t:|1743864614
|switch|p2a: Landorus|Landorus-Therian, M|100/100
|-ability|p2a: Landorus|Intimidate|boost
|-unboost|p1a: Cinderace|atk|1
|move|p1a: Cinderace|Swords Dance|p1a: Cinderace
|-boost|p1a: Cinderace|atk|2
|
|-weather|Snowscape|[upkeep]
|-sideend|p1: Johnny tots|Reflect
|upkeep
|turn|27
|
|t:|1743864618
|move|p1a: Cinderace|Pyro Ball|p2a: Landorus
|-damage|p2a: Landorus|23/100
|move|p2a: Landorus|Earth Power|p1a: Cinderace
|-supereffective|p1a: Cinderace
|-damage|p1a: Cinderace|5/100
|
|-weather|none
|upkeep
|turn|28
|
|t:|1743864625
|move|p1a: Cinderace|Pyro Ball|p2a: Landorus
|-damage|p2a: Landorus|0 fnt
|faint|p2a: Landorus
|
|upkeep
|
|t:|1743864627
|switch|p2a: Metagross|Metagross|88/100 par
|-damage|p2a: Metagross|72/100 par|[from] Spikes
|turn|29
|
|t:|1743864630
|move|p1a: Cinderace|Sucker Punch|p2a: Metagross
|-supereffective|p2a: Metagross
|-damage|p2a: Metagross|18/100 par
|move|p2a: Metagross|Bullet Punch|p1a: Cinderace
|-resisted|p1a: Cinderace
|-damage|p1a: Cinderace|0 fnt
|faint|p1a: Cinderace
|
|upkeep
|
|t:|1743864636
|switch|p1a: Clefable|Clefable, F|93/100
|turn|30
|
|t:|1743864643
|cant|p2a: Metagross|par
|move|p1a: Clefable|Fire Blast|p2a: Metagross
|-supereffective|p2a: Metagross
|-damage|p2a: Metagross|0 fnt
|faint|p2a: Metagross
|
|-heal|p1a: Clefable|99/100|[from] item: Leftovers
|upkeep
|
|t:|1743864645
|switch|p2a: Slowking|Slowking-Galar, M|63/100
|-damage|p2a: Slowking|46/100|[from] Spikes
|turn|31
|
|t:|1743864649
|move|p1a: Clefable|Calm Mind|p1a: Clefable
|-boost|p1a: Clefable|spa|1
|-boost|p1a: Clefable|spd|1
|move|p2a: Slowking|Thunder Wave|p1a: Clefable
|-status|p1a: Clefable|par
|
|-heal|p1a: Clefable|100/100 par|[from] item: Leftovers
|upkeep
|turn|32
|
|t:|1743864654
|move|p1a: Clefable|Moonblast|p2a: Slowking
|-resisted|p2a: Slowking
|-damage|p2a: Slowking|29/100
|move|p2a: Slowking|Sludge Bomb|p1a: Clefable
|-supereffective|p1a: Clefable
|-damage|p1a: Clefable|61/100 par
|
|-heal|p1a: Clefable|67/100 par|[from] item: Leftovers
|upkeep
|turn|33
|
|t:|1743864660
|move|p1a: Clefable|Psyshock|p2a: Slowking
|-damage|p2a: Slowking|0 fnt
|faint|p2a: Slowking
|
|-heal|p1a: Clefable|73/100 par|[from] item: Leftovers
|upkeep
|
|t:|1743864663
|switch|p2a: Ogerpon|Ogerpon-Wellspring, F|100/100
|-damage|p2a: Ogerpon|84/100|[from] Spikes
|turn|34
|
|t:|1743864669
|move|p2a: Ogerpon|Ivy Cudgel|p1a: Clefable|[anim] Ivy Cudgel Water
|-damage|p1a: Clefable|15/100 par
|move|p1a: Clefable|Moonblast|p2a: Ogerpon
|-damage|p2a: Ogerpon|7/100
|-unboost|p2a: Ogerpon|spa|1
|
|-heal|p1a: Clefable|21/100 par|[from] item: Leftovers
|upkeep
|turn|35
|
|t:|1743864677
|move|p2a: Ogerpon|Ivy Cudgel|p1a: Clefable|[anim] Ivy Cudgel Water
|-crit|p1a: Clefable
|-damage|p1a: Clefable|0 fnt
|faint|p1a: Clefable
|
|upkeep
|
|t:|1743864678
|switch|p1a: Kyurem|Kyurem|100/100
|-damage|p1a: Kyurem|75/100|[from] Stealth Rock
|-ability|p1a: Kyurem|Pressure
|turn|36
|
|t:|1743864684
|move|p2a: Ogerpon|Knock Off|p1a: Kyurem
|-damage|p1a: Kyurem|37/100
|-enditem|p1a: Kyurem|Loaded Dice|[from] move: Knock Off|[of] p2a: Ogerpon
|move|p1a: Kyurem|Icicle Spear|p2a: Ogerpon
|-damage|p2a: Ogerpon|0 fnt
|faint|p2a: Ogerpon
|-hitcount|p2: Ogerpon|1
|
|upkeep
|
|t:|1743864687
|switch|p2a: Raging Bolt|Raging Bolt|100/100
|-damage|p2a: Raging Bolt|84/100|[from] Spikes
|-enditem|p2a: Raging Bolt|Booster Energy
|-activate|p2a: Raging Bolt|ability: Protosynthesis|[fromitem]
|-start|p2a: Raging Bolt|protosynthesisspa
|turn|37
|
|t:|1743864693
|-terastallize|p2a: Raging Bolt|Fairy
|move|p1a: Kyurem|Icicle Spear|p2a: Raging Bolt
|-damage|p2a: Raging Bolt|71/100
|-damage|p2a: Raging Bolt|58/100
|-damage|p2a: Raging Bolt|45/100
|-hitcount|p2a: Raging Bolt|3
|move|p2a: Raging Bolt|Dragon Pulse|p1a: Kyurem
|-supereffective|p1a: Kyurem
|-damage|p1a: Kyurem|0 fnt
|faint|p1a: Kyurem
|
|upkeep
|
|t:|1743864695
|switch|p1a: Manaphy|Manaphy|79/100
|-damage|p1a: Manaphy|67/100|[from] Stealth Rock
|turn|38
|
|t:|1743864698
|-terastallize|p1a: Manaphy|Grass
|move|p1a: Manaphy|Take Heart|p1a: Manaphy
|-boost|p1a: Manaphy|spa|1
|-boost|p1a: Manaphy|spd|1
|move|p2a: Raging Bolt|Thunderbolt|p1a: Manaphy
|-resisted|p1a: Manaphy
|-damage|p1a: Manaphy|45/100
|
|-heal|p1a: Manaphy|51/100|[from] item: Leftovers
|upkeep
|turn|39
|
|t:|1743864701
|move|p1a: Manaphy|Take Heart|p1a: Manaphy
|-boost|p1a: Manaphy|spa|1
|-boost|p1a: Manaphy|spd|1
|move|p2a: Raging Bolt|Dragon Pulse|p1a: Manaphy
|-damage|p1a: Manaphy|20/100
|
|-heal|p1a: Manaphy|26/100|[from] item: Leftovers
|upkeep
|turn|40
|
|t:|1743864704
|move|p1a: Manaphy|Stored Power|p2a: Raging Bolt
|-damage|p2a: Raging Bolt|0 fnt
|faint|p2a: Raging Bolt
|-end|p2a: Raging Bolt|Protosynthesis|[silent]
|
|win|Johnny tots
|raw|Johnny tots's rating: 1849 &rarr; <strong>1868</strong><br />(+19 for winning)
|raw|LaBaleada's rating: 1838 &rarr; <strong>1819</strong><br />(-19 for losing)
|l|☆LaBaleada
|player|p2|
|l|☆Johnny tots
|player|p1|
|l| TheTyranitard
