|j|☆are you jesus?
|j|☆Adlet
|t:|1743826819
|gametype|singles
|player|p1|are you jesus?|artist|1067
|player|p2|Adlet|169|1114
|teamsize|p1|6
|teamsize|p2|6
|gen|9
|tier|[Gen 9] OU
|rated|
|rule|HP Percentage Mod: HP is shown in percentages
|rule|Endless Battle Clause: Forcing endless battles is banned
|rule|Species Clause: Limit one of each Pokémon
|rule|OHKO Clause: OHKO moves are banned
|rule|Evasion Items Clause: Evasion items are banned
|rule|Evasion Moves Clause: Evasion moves are banned
|rule|Sleep Moves Clause: Sleep-inducing moves are banned
|clearpoke
|poke|p1|Azelf|
|poke|p1|Forretress, F|
|poke|p1|Chansey, F|
|poke|p1|Noivern, M|
|poke|p1|Crawdaunt, F|
|poke|p1|Raikou|
|poke|p2|Serperior, M|
|poke|p2|Weavile, F|
|poke|p2|Alomomola, F|
|poke|p2|Moltres|
|poke|p2|Iron Treads|
|poke|p2|Dragapult, M|
|teampreview
|inactive|Battle timer is ON: inactive players will automatically lose when time's up. (requested by Adlet)
|c|☆are you jesus?|hi
|
|t:|1743826832
|start
|switch|p1a: Forretress|Forretress, F|100/100
|switch|p2a: Weavile|Weavile, F|100/100
|-ability|p2a: Weavile|Pressure
|turn|1
|
|t:|1743826842
|switch|p2a: Moltres|Moltres|100/100
|move|p1a: Forretress|Stealth Rock|p2a: Moltres
|-sidestart|p2: Adlet|move: Stealth Rock
|
|upkeep
|turn|2
|
|t:|1743826849
|switch|p1a: Chansey|Chansey, F|100/100
|move|p2a: Moltres|Flamethrower|p1a: Chansey
|-damage|p1a: Chansey|91/100
|
|upkeep
|turn|3
|
|t:|1743826860
|move|p1a: Chansey|Thunder Wave|p2a: Moltres
|-status|p2a: Moltres|par
|move|p2a: Moltres|Roar|p1a: Chansey
|drag|p1a: Crawdaunt|Crawdaunt, F|100/100
|
|upkeep
|turn|4
|
|t:|1743826873
|switch|p2a: Serperior|Serperior, M|100/100
|-damage|p2a: Serperior|88/100|[from] Stealth Rock
|move|p1a: Crawdaunt|Dragon Dance|p1a: Crawdaunt
|-boost|p1a: Crawdaunt|atk|1
|-boost|p1a: Crawdaunt|spe|1
|
|-heal|p2a: Serperior|94/100|[from] item: Leftovers
|upkeep
|turn|5
|
|t:|1743826893
|switch|p1a: Harlan Ellison|Noivern, M|100/100
|move|p2a: Serperior|Leaf Storm|p1a: Harlan Ellison
|-resisted|p1a: Harlan Ellison
|-damage|p1a: Harlan Ellison|89/100
|-boost|p2a: Serperior|spa|2
|
|-heal|p2a: Serperior|99/100|[from] item: Leftovers
|upkeep
|turn|6
|
|t:|1743826903
|-terastallize|p1a: Harlan Ellison|Flying
|move|p1a: Harlan Ellison|Air Slash|p2a: Serperior
|-supereffective|p2a: Serperior
|-damage|p2a: Serperior|0 fnt
|faint|p2a: Serperior
|
|upkeep
|
|t:|1743826910
|switch|p2a: Weavile|Weavile, F|100/100
|-damage|p2a: Weavile|76/100|[from] Stealth Rock
|-ability|p2a: Weavile|Pressure
|turn|7
|
|t:|1743826916
|switch|p1a: Forretress|Forretress, F|100/100
|move|p2a: Weavile|Triple Axel|p1a: Forretress|[miss]
|-miss|p2a: Weavile|p1a: Forretress
|
|upkeep
|turn|8
|-message|Adlet forfeited.
|
|win|are you jesus?
|raw|are you jesus?'s rating: 1067 &rarr; <strong>1101</strong><br />(+34 for winning)
|raw|Adlet's rating: 1114 &rarr; <strong>1086</strong><br />(-28 for losing)
|l|☆Adlet
|player|p2|
|l|☆are you jesus?
|player|p1|
