|j|☆YuukiAsunaa
|j|☆kldkmd
|t:|1743845622
|gametype|singles
|player|p1|YuukiAsunaa|bellelba|1199
|player|p2|kldkmd|dawn-gen4pt|1197
|teamsize|p1|6
|teamsize|p2|6
|gen|9
|tier|[Gen 9] OU
|rated|
|rule|HP Percentage Mod: HP is shown in percentages
|rule|Endless Battle Clause: Forcing endless battles is banned
|rule|Species Clause: Limit one of each Pokémon
|rule|OHKO Clause: OHKO moves are banned
|rule|Evasion Items Clause: Evasion items are banned
|rule|Evasion Moves Clause: Evasion moves are banned
|rule|Sleep Moves Clause: Sleep-inducing moves are banned
|clearpoke
|poke|p1|Samurott-Hisui, F|
|poke|p1|Serperior, F|
|poke|p1|Enamorus, F|
|poke|p1|Gholdengo|
|poke|p1|Great Tusk|
|poke|p1|Iron Moth|
|poke|p2|Pelipper, F|
|poke|p2|Barraskewda, M|
|poke|p2|Greninja-*, M|
|poke|p2|Goodra-Hisui, F|
|poke|p2|Gastrodon-East, M|
|poke|p2|Weezing-Galar, M|
|teampreview
|inactive|Battle timer is ON: inactive players will automatically lose when time's up. (requested by YuukiAsunaa)
|
|t:|1743845654
|start
|switch|p1a: Samurott|Samurott-Hisui, F, shiny|100/100
|switch|p2a: 3|Weezing-Galar, M|100/100
|-ability|p2a: 3|Neutralizing Gas
|turn|1
|
|t:|1743845662
|move|p1a: Samurott|Ceaseless Edge|p2a: 3
|-resisted|p2a: 3
|-damage|p2a: 3|91/100
|-sidestart|p2: kldkmd|Spikes
|move|p2a: 3|Dazzling Gleam|p1a: Samurott
|-supereffective|p1a: Samurott
|-damage|p1a: Samurott|29/100
|
|-heal|p2a: 3|97/100|[from] item: Leftovers
|upkeep
|turn|2
|
|t:|1743845668
|move|p1a: Samurott|Taunt|p2a: 3
|-start|p2a: 3|move: Taunt
|move|p2a: 3|Dazzling Gleam|p1a: Samurott
|-supereffective|p1a: Samurott
|-damage|p1a: Samurott|0 fnt
|faint|p1a: Samurott
|
|-heal|p2a: 3|100/100|[from] item: Leftovers
|upkeep
|
|t:|1743845675
|switch|p1a: Gholdengo|Gholdengo, shiny|100/100
|-item|p1a: Gholdengo|Air Balloon
|turn|3
|
|t:|1743845692
|-end|p2a: 3|ability: Neutralizing Gas
|switch|p2a: 4+|Gastrodon-East, M|100/100
|-damage|p2a: 4+|88/100|[from] Spikes
|move|p1a: Gholdengo|Make It Rain|p2a: 4+
|-resisted|p2a: 4+
|-crit|p2a: 4+
|-damage|p2a: 4+|54/100
|-unboost|p1a: Gholdengo|spa|1
|
|-heal|p2a: 4+|60/100|[from] item: Leftovers
|upkeep
|turn|4
|
|t:|1743845703
|switch|p1a: Serperior|Serperior, F, shiny|100/100
|move|p2a: 4+|Recover|p2a: 4+
|-heal|p2a: 4+|100/100
|
|upkeep
|turn|5
|
|t:|1743845709
|switch|p2a: 4|Goodra-Hisui, F|100/100
|-damage|p2a: 4|88/100|[from] Spikes
|move|p1a: Serperior|Glare|p2a: 4
|-status|p2a: 4|par
|
|upkeep
|turn|6
|
|t:|1743845719
|switch|p1a: Great Tusk|Great Tusk, shiny|100/100
|move|p2a: 4|Ice Beam|p1a: Great Tusk
|-supereffective|p1a: Great Tusk
|-damage|p1a: Great Tusk|24/100
|
|upkeep
|turn|7
|
|t:|1743845728
|switch|p2a: 13.|Pelipper, F|100/100
|-weather|RainDance|[from] ability: Drizzle|[of] p2a: 13.
|move|p1a: Great Tusk|Earthquake|p2a: 13.
|-immune|p2a: 13.
|
|-weather|RainDance|[upkeep]
|upkeep
|turn|8
|
|t:|1743845741
|move|p1a: Great Tusk|Ice Spinner|p2a: 13.
|-damage|p2a: 13.|82/100
|move|p2a: 13.|U-turn|p1a: Great Tusk
|-resisted|p1a: Great Tusk
|-crit|p1a: Great Tusk
|-damage|p1a: Great Tusk|20/100
|
|t:|1743845744
|switch|p2a: 27.-|Barraskewda, M|100/100|[from] U-turn
|-damage|p2a: 27.-|88/100|[from] Spikes
|
|-weather|RainDance|[upkeep]
|upkeep
|turn|9
|
|t:|1743845749
|move|p2a: 27.-|Flip Turn|p1a: Great Tusk
|-supereffective|p1a: Great Tusk
|-damage|p1a: Great Tusk|0 fnt
|faint|p1a: Great Tusk
|-end|p1a: Great Tusk|Protosynthesis|[silent]
|inactive|kldkmd has 120 seconds left.
|-message|YuukiAsunaa forfeited.
|
|win|kldkmd
|raw|YuukiAsunaa's rating: 1199 &rarr; <strong>1174</strong><br />(-25 for losing)
|raw|kldkmd's rating: 1197 &rarr; <strong>1222</strong><br />(+25 for winning)
|l|☆YuukiAsunaa
|player|p1|
|l|☆kldkmd
|player|p2|
