|j|☆why clap
|j|☆HelloKittyAssassin
|t:|1743843865
|gametype|singles
|player|p1|why clap|170|
|player|p2|HelloKittyAssassin|dawn|
|teamsize|p1|6
|teamsize|p2|6
|gen|9
|tier|[Gen 9] OU
|rule|HP Percentage Mod: HP is shown in percentages
|rule|Endless Battle Clause: Forcing endless battles is banned
|rule|Species Clause: Limit one of each Pokémon
|rule|OHKO Clause: OHKO moves are banned
|rule|Evasion Items Clause: Evasion items are banned
|rule|Evasion Moves Clause: Evasion moves are banned
|rule|Sleep Moves Clause: Sleep-inducing moves are banned
|clearpoke
|poke|p1|Lokix, M|
|poke|p1|Araquanid, M|
|poke|p1|Kingambit, F|
|poke|p1|Iron Treads|
|poke|p1|Pecharunt|
|poke|p1|Raging Bolt|
|poke|p2|Dragonite, F|
|poke|p2|Rotom-Wash|
|poke|p2|Glimmora, M|
|poke|p2|Skeledirge, F|
|poke|p2|Lokix, M|
|poke|p2|Comfey, F|
|teampreview
|inactive|Battle timer is ON: inactive players will automatically lose when time's up. (requested by why clap)
|j| quic test
|c|☆why clap|Hf
|
|t:|1743843882
|start
|switch|p1a: Araquanid|Araquanid, M|100/100
|switch|p2a: Comfey|Comfey, F|100/100
|turn|1
|
|t:|1743843902
|switch|p1a: Kingambit|Kingambit, F|100/100
|move|p2a: Comfey|Trick|p1a: Kingambit
|-activate|p2a: Comfey|move: Trick|[of] p1a: Kingambit
|-item|p1a: Kingambit|Flame Orb|[from] move: Trick
|-item|p2a: Comfey|Leftovers|[from] move: Trick
|
|-status|p1a: Kingambit|brn|[from] item: Flame Orb
|upkeep
|turn|2
|c| quic test|LMFAOOO
|
|t:|1743843923
|switch|p2a: Glimmora|Glimmora, M, shiny|100/100
|move|p1a: Kingambit|Iron Head|p2a: Glimmora
|-supereffective|p2a: Glimmora
|-damage|p2a: Glimmora|42/100
|-activate|p2a: Glimmora|ability: Toxic Debris
|-sidestart|p1: why clap|move: Toxic Spikes
|
|-damage|p1a: Kingambit|94/100 brn|[from] brn
|upkeep
|turn|3
|c|☆HelloKittyAssassin|ran into a will o wisp
|c|☆HelloKittyAssassin|rip
|
|t:|1743843929
|move|p2a: Glimmora|Earth Power|p1a: Kingambit
|-supereffective|p1a: Kingambit
|-damage|p1a: Kingambit|23/100 brn
|move|p1a: Kingambit|Iron Head|p2a: Glimmora
|-supereffective|p2a: Glimmora
|-damage|p2a: Glimmora|0 fnt
|-activate|p2a: Glimmora|ability: Toxic Debris
|-sidestart|p1: why clap|move: Toxic Spikes
|faint|p2a: Glimmora
|
|-damage|p1a: Kingambit|17/100 brn|[from] brn
|upkeep
|
|t:|1743843939
|switch|p2a: Rotom|Rotom-Wash|100/100
|turn|4
|
|t:|1743843945
|move|p2a: Rotom|Discharge|p1a: Kingambit
|-damage|p1a: Kingambit|0 fnt
|faint|p1a: Kingambit
|-end|p1a: Kingambit|fallenundefined|[silent]
|
|upkeep
|
|t:|1743843953
|switch|p1a: Pecharunt|Pecharunt|100/100
|-sideend|p1: why clap|move: Toxic Spikes|[of] p1a: Pecharunt
|turn|5
|
|t:|1743843964
|switch|p1a: Araquanid|Araquanid, M|100/100
|move|p2a: Rotom|Substitute|p2a: Rotom
|-start|p2a: Rotom|Substitute
|-damage|p2a: Rotom|76/100
|
|-heal|p2a: Rotom|82/100|[from] item: Leftovers
|upkeep
|turn|6
|
|t:|1743843970
|move|p2a: Rotom|Nasty Plot|p2a: Rotom
|-boost|p2a: Rotom|spa|2
|move|p1a: Araquanid|Sticky Web|p2a: Rotom
|-sidestart|p2: HelloKittyAssassin|move: Sticky Web
|
|-heal|p2a: Rotom|88/100|[from] item: Leftovers
|upkeep
|turn|7
|
|t:|1743843976
|move|p1a: Araquanid|Endure|p1a: Araquanid
|-singleturn|p1a: Araquanid|move: Endure
|move|p2a: Rotom|Discharge|p1a: Araquanid
|-supereffective|p1a: Araquanid
|-activate|p1a: Araquanid|move: Endure
|-damage|p1a: Araquanid|1/100
|-status|p1a: Araquanid|par
|
|-heal|p2a: Rotom|94/100|[from] item: Leftovers
|upkeep
|turn|8
|-enditem|p1a: Araquanid|Custap Berry|[eat]
|-activate|p1a: Araquanid|item: Custap Berry|[consumed]
|
|t:|1743843984
|move|p1a: Araquanid|Surf|p2a: Rotom
|-resisted|p2a: Rotom
|-activate|p2a: Rotom|move: Substitute|[damage]
|move|p2a: Rotom|Nasty Plot|p2a: Rotom
|-boost|p2a: Rotom|spa|2
|
|-heal|p2a: Rotom|99/100|[from] item: Leftovers
|upkeep
|turn|9
|
|t:|1743843991
|move|p2a: Rotom|Discharge|p1a: Araquanid
|-supereffective|p1a: Araquanid
|-damage|p1a: Araquanid|0 fnt
|faint|p1a: Araquanid
|
|-heal|p2a: Rotom|100/100|[from] item: Leftovers
|upkeep
|c| quic test|holy fuck bro theyre cookinh
|
|t:|1743844001
|switch|p1a: Raging Bolt|Raging Bolt|100/100
|turn|10
|c|☆HelloKittyAssassin|nasty plot abuser
|
|t:|1743844011
|move|p1a: Raging Bolt|Thunderbolt|p2a: Rotom
|-end|p2a: Rotom|Substitute
|move|p2a: Rotom|Hydro Pump|p1a: Raging Bolt
|-resisted|p1a: Raging Bolt
|-damage|p1a: Raging Bolt|40/100
|
|-heal|p1a: Raging Bolt|46/100|[from] item: Leftovers
|upkeep
|turn|11
|
|t:|1743844020
|move|p1a: Raging Bolt|Calm Mind|p1a: Raging Bolt
|-boost|p1a: Raging Bolt|spa|1
|-boost|p1a: Raging Bolt|spd|1
|move|p2a: Rotom|Discharge|p1a: Raging Bolt
|-resisted|p1a: Raging Bolt
|-damage|p1a: Raging Bolt|30/100
|
|-heal|p1a: Raging Bolt|36/100|[from] item: Leftovers
|upkeep
|turn|12
|
|t:|1743844028
|move|p1a: Raging Bolt|Calm Mind|p1a: Raging Bolt
|-boost|p1a: Raging Bolt|spa|1
|-boost|p1a: Raging Bolt|spd|1
|move|p2a: Rotom|Substitute|p2a: Rotom
|-start|p2a: Rotom|Substitute
|-damage|p2a: Rotom|76/100
|
|-heal|p1a: Raging Bolt|42/100|[from] item: Leftovers
|-heal|p2a: Rotom|82/100|[from] item: Leftovers
|upkeep
|turn|13
|
|t:|1743844031
|move|p1a: Raging Bolt|Thunderbolt|p2a: Rotom
|-end|p2a: Rotom|Substitute
|move|p2a: Rotom|Hydro Pump|p1a: Raging Bolt|[miss]
|-miss|p2a: Rotom|p1a: Raging Bolt
|
|-heal|p1a: Raging Bolt|49/100|[from] item: Leftovers
|-heal|p2a: Rotom|88/100|[from] item: Leftovers
|upkeep
|turn|14
|
|t:|1743844038
|move|p1a: Raging Bolt|Thunderbolt|p2a: Rotom
|-damage|p2a: Rotom|0 fnt
|faint|p2a: Rotom
|
|-heal|p1a: Raging Bolt|55/100|[from] item: Leftovers
|upkeep
|
|t:|1743844044
|switch|p2a: Lokix|Lokix, M|100/100
|-activate|p2a: Lokix|move: Sticky Web
|-unboost|p2a: Lokix|spe|1
|turn|15
|
|t:|1743844048
|move|p2a: Lokix|First Impression|p1a: Raging Bolt
|-damage|p1a: Raging Bolt|5/100
|-damage|p2a: Lokix|91/100|[from] item: Life Orb
|move|p1a: Raging Bolt|Thunderbolt|p2a: Lokix
|-damage|p2a: Lokix|0 fnt
|faint|p2a: Lokix
|
|-heal|p1a: Raging Bolt|11/100|[from] item: Leftovers
|upkeep
|
|t:|1743844055
|switch|p2a: Skeledirge|Skeledirge, F, shiny|100/100
|-activate|p2a: Skeledirge|move: Sticky Web
|-unboost|p2a: Skeledirge|spe|1
|turn|16
|
|t:|1743844061
|move|p1a: Raging Bolt|Thunderbolt|p2a: Skeledirge
|-damage|p2a: Skeledirge|48/100
|move|p2a: Skeledirge|Torch Song|p1a: Raging Bolt
|-resisted|p1a: Raging Bolt
|-damage|p1a: Raging Bolt|0 fnt
|-boost|p2a: Skeledirge|spa|1
|faint|p1a: Raging Bolt
|-end|p1a: Raging Bolt|Protosynthesis|[silent]
|
|-heal|p2a: Skeledirge|54/100|[from] item: Leftovers
|upkeep
|
|t:|1743844066
|switch|p1a: Iron Treads|Iron Treads|100/100
|-enditem|p1a: Iron Treads|Booster Energy
|-activate|p1a: Iron Treads|ability: Quark Drive|[fromitem]
|-start|p1a: Iron Treads|quarkdrivespe
|turn|17
|
|t:|1743844073
|move|p1a: Iron Treads|Earth Power|p2a: Skeledirge
|-supereffective|p2a: Skeledirge
|-damage|p2a: Skeledirge|0 fnt
|faint|p2a: Skeledirge
|
|upkeep
|
|t:|1743844082
|switch|p2a: Comfey|Comfey, F|100/100
|-activate|p2a: Comfey|move: Sticky Web
|-unboost|p2a: Comfey|spe|1
|turn|18
|
|t:|1743844086
|move|p1a: Iron Treads|Stealth Rock|p2a: Comfey
|-sidestart|p2: HelloKittyAssassin|move: Stealth Rock
|move|p2a: Comfey|Tailwind|p2a: Comfey
|-sidestart|p2: HelloKittyAssassin|move: Tailwind
|
|upkeep
|turn|19
|
|t:|1743844090
|move|p1a: Iron Treads|Steel Beam|p2a: Comfey
|-supereffective|p2a: Comfey
|-crit|p2a: Comfey
|-damage|p2a: Comfey|0 fnt
|-damage|p1a: Iron Treads|50/100|[from] steelbeam
|faint|p2a: Comfey
|
|upkeep
|
|t:|1743844096
|switch|p2a: Dragonite|Dragonite, F, shiny|100/100
|turn|20
|
|t:|1743844106
|move|p1a: Iron Treads|Rapid Spin|p2a: Dragonite
|-damage|p2a: Dragonite|95/100
|-boost|p1a: Iron Treads|spe|1
|move|p2a: Dragonite|Dragon Dance|p2a: Dragonite
|-boost|p2a: Dragonite|atk|1
|-boost|p2a: Dragonite|spe|1
|
|upkeep
|turn|21
|
|t:|1743844111
|move|p1a: Iron Treads|Steel Beam|p2a: Dragonite|[miss]
|-miss|p1a: Iron Treads|p2a: Dragonite
|-damage|p1a: Iron Treads|0 fnt|[from] steelbeam
|faint|p1a: Iron Treads
|-end|p1a: Iron Treads|Quark Drive|[silent]
|move|p2a: Dragonite|Dragon Dance|p2a: Dragonite
|-boost|p2a: Dragonite|atk|1
|-boost|p2a: Dragonite|spe|1
|
|-sideend|p2: HelloKittyAssassin|move: Tailwind
|upkeep
|
|t:|1743844124
|switch|p1a: Pecharunt|Pecharunt|100/100
|turn|22
|
|t:|1743844134
|-terastallize|p2a: Dragonite|Fire
|-terastallize|p1a: Pecharunt|Ghost
|move|p2a: Dragonite|Earthquake|p1a: Pecharunt
|-damage|p1a: Pecharunt|41/100
|move|p1a: Pecharunt|Malignant Chain|p2a: Dragonite
|-damage|p2a: Dragonite|60/100
|
|upkeep
|turn|23
|c|☆why clap|Steel beam miss
|
|t:|1743844144
|move|p2a: Dragonite|Earthquake|p1a: Pecharunt
|-damage|p1a: Pecharunt|0 fnt
|faint|p1a: Pecharunt
|
|upkeep
|
|t:|1743844147
|switch|p1a: Lokix|Lokix, M|100/100
|turn|24
|
|t:|1743844151
|move|p2a: Dragonite|Extreme Speed|p1a: Lokix
|-damage|p1a: Lokix|2/100
|move|p1a: Lokix|Sucker Punch||[still]
|-fail|p1a: Lokix
|
|upkeep
|turn|25
|c| quic test|they might just be better man
|c|☆HelloKittyAssassin|gg wp master
|c|☆HelloKittyAssassin|I am the diva of ou gen chat
|c|☆why clap|Gg
|c|☆HelloKittyAssassin|gg
|
|t:|1743844177
|move|p2a: Dragonite|Extreme Speed|p1a: Lokix
|-damage|p1a: Lokix|0 fnt
|faint|p1a: Lokix
|
|win|HelloKittyAssassin
|l|☆why clap
|player|p1|
