|j|☆yushih
|j|☆niginggig
|t:|1743832079
|gametype|singles
|player|p1|yushih|170|1145
|player|p2|niginggig|2|1136
|teamsize|p1|6
|teamsize|p2|6
|gen|9
|tier|[Gen 9] OU
|rated|
|rule|HP Percentage Mod: HP is shown in percentages
|rule|Endless Battle Clause: Forcing endless battles is banned
|rule|Species Clause: Limit one of each Pokémon
|rule|OHKO Clause: OHKO moves are banned
|rule|Evasion Items Clause: Evasion items are banned
|rule|Evasion Moves Clause: Evasion moves are banned
|rule|Sleep Moves Clause: Sleep-inducing moves are banned
|clearpoke
|poke|p1|Cinccino, M|
|poke|p1|Maushold-Four|
|poke|p1|Cloyster, M|
|poke|p1|Primarina, M|
|poke|p1|Latios, M|
|poke|p1|Armarouge, M|
|poke|p2|Iron Crown|
|poke|p2|Iron Valiant|
|poke|p2|Dragonite, F|
|poke|p2|Samurott-Hisui, F|
|poke|p2|Cinderace, M|
|poke|p2|Corviknight, F|
|teampreview
|
|t:|1743832107
|start
|switch|p1a: Cloyster|Cloyster, M|100/100
|switch|p2a: Samurott|Samurott-Hisui, F|100/100
|turn|1
|
|t:|1743832117
|move|p2a: Samurott|Knock Off|p1a: Cloyster
|-damage|p1a: Cloyster|53/100
|-enditem|p1a: Cloyster|Focus Sash|[from] move: Knock Off|[of] p2a: Samurott
|-damage|p2a: Samurott|91/100|[from] item: Life Orb
|move|p1a: Cloyster|Shell Smash|p1a: Cloyster
|-unboost|p1a: Cloyster|def|1
|-unboost|p1a: Cloyster|spd|1
|-boost|p1a: Cloyster|atk|2
|-boost|p1a: Cloyster|spa|2
|-boost|p1a: Cloyster|spe|2
|
|upkeep
|turn|2
|
|t:|1743832129
|move|p1a: Cloyster|Icicle Spear|p2a: Samurott
|-resisted|p2a: Samurott
|-damage|p2a: Samurott|77/100
|-resisted|p2a: Samurott
|-damage|p2a: Samurott|61/100
|-resisted|p2a: Samurott
|-crit|p2a: Samurott
|-damage|p2a: Samurott|37/100
|-resisted|p2a: Samurott
|-damage|p2a: Samurott|22/100
|-resisted|p2a: Samurott
|-crit|p2a: Samurott
|-damage|p2a: Samurott|0 fnt
|faint|p2a: Samurott
|-hitcount|p2: Samurott|5
|
|upkeep
|
|t:|1743832141
|switch|p2a: Dragonite|Dragonite, F|100/100
|turn|3
|
|t:|1743832145
|move|p2a: Dragonite|Extreme Speed|p1a: Cloyster
|-damage|p1a: Cloyster|0 fnt
|faint|p1a: Cloyster
|
|upkeep
|
|t:|1743832162
|switch|p1a: Cinccino|Cinccino, M|100/100
|turn|4
|
|t:|1743832169
|switch|p2a: Corviknight|Corviknight, F|100/100
|-ability|p2a: Corviknight|Pressure
|move|p1a: Cinccino|Rock Blast|p2a: Corviknight
|-damage|p2a: Corviknight|93/100
|-damage|p2a: Corviknight|87/100
|-damage|p2a: Corviknight|81/100
|-damage|p2a: Corviknight|73/100
|-damage|p2a: Corviknight|67/100
|-hitcount|p2a: Corviknight|5
|
|-heal|p2a: Corviknight|73/100|[from] item: Leftovers
|upkeep
|turn|5
|
|t:|1743832191
|move|p1a: Cinccino|Triple Axel|p2a: Corviknight
|-damage|p2a: Corviknight|67/100
|-damage|p2a: Corviknight|56/100
|-damage|p2a: Corviknight|41/100
|-hitcount|p2a: Corviknight|3
|move|p2a: Corviknight|Reflect|p2a: Corviknight
|-sidestart|p2: niginggig|Reflect
|
|-heal|p2a: Corviknight|47/100|[from] item: Leftovers
|upkeep
|turn|6
|
|t:|1743832202
|move|p1a: Cinccino|Triple Axel|p2a: Corviknight
|-damage|p2a: Corviknight|44/100
|-damage|p2a: Corviknight|39/100
|-damage|p2a: Corviknight|31/100
|-hitcount|p2a: Corviknight|3
|move|p2a: Corviknight|Roost|p2a: Corviknight
|-heal|p2a: Corviknight|81/100
|-singleturn|p2a: Corviknight|move: Roost
|
|-heal|p2a: Corviknight|87/100|[from] item: Leftovers
|upkeep
|turn|7
|inactive|Battle timer is ON: inactive players will automatically lose when time's up. (requested by niginggig)
|
|t:|1743832215
|switch|p1a: Armarouge|Armarouge, M|100/100
|switch|p2a: Iron Valiant|Iron Valiant|100/100
|-enditem|p2a: Iron Valiant|Booster Energy
|-activate|p2a: Iron Valiant|ability: Quark Drive|[fromitem]
|-start|p2a: Iron Valiant|quarkdrivespe
|
|upkeep
|turn|8
|
|t:|1743832231
|move|p2a: Iron Valiant|Spirit Break|p1a: Armarouge
|-resisted|p1a: Armarouge
|-damage|p1a: Armarouge|79/100
|-unboost|p1a: Armarouge|spa|1
|-ability|p1a: Armarouge|Weak Armor|boost
|-unboost|p1a: Armarouge|def|1
|-boost|p1a: Armarouge|spe|2
|move|p1a: Armarouge|Calm Mind|p1a: Armarouge
|-boost|p1a: Armarouge|spa|1
|-boost|p1a: Armarouge|spd|1
|
|upkeep
|turn|9
|inactive|niginggig has 120 seconds left.
|
|t:|1743832266
|-end|p2a: Iron Valiant|Quark Drive|[silent]
|switch|p2a: Dragonite|Dragonite, F|100/100
|move|p1a: Armarouge|Armor Cannon|p2a: Dragonite
|-resisted|p2a: Dragonite
|-damage|p2a: Dragonite|83/100
|-unboost|p1a: Armarouge|def|1
|-unboost|p1a: Armarouge|spd|1
|
|-sideend|p2: niginggig|Reflect
|upkeep
|turn|10
|inactive|niginggig has 120 seconds left.
|l|☆yushih
|inactive|yushih disconnected and has a minute to reconnect!
|player|p1|
|inactive|yushih has 30 seconds to reconnect!
|inactive|yushih has 20 seconds to reconnect!
|inactive|yushih has 15 seconds to reconnect!
|inactive|yushih has 10 seconds to reconnect!
|inactive|yushih has 5 seconds to reconnect!
|-message|yushih lost due to inactivity.
|
|win|niginggig
|raw|yushih's rating: 1145 &rarr; <strong>1119</strong><br />(-26 for losing)
|raw|niginggig's rating: 1136 &rarr; <strong>1162</strong><br />(+26 for winning)
|l|☆niginggig
|player|p2|
