|j|☆Mehno
|j|☆Anathema666
|t:|1743892803
|gametype|singles
|player|p1|Mehno|swimmerf-gen4dp|1100
|player|p2|Anathema666|265|1110
|teamsize|p1|6
|teamsize|p2|6
|gen|9
|tier|[Gen 9] OU
|rated|
|rule|HP Percentage Mod: HP is shown in percentages
|rule|Endless Battle Clause: Forcing endless battles is banned
|rule|Species Clause: Limit one of each Pokémon
|rule|OHKO Clause: OHKO moves are banned
|rule|Evasion Items Clause: Evasion items are banned
|rule|Evasion Moves Clause: Evasion moves are banned
|rule|Sleep Moves Clause: Sleep-inducing moves are banned
|clearpoke
|poke|p1|Dragonite, M|
|poke|p1|Corviknight, M|
|poke|p1|Slowking-Galar, F|
|poke|p1|Azumarill, M|
|poke|p1|Landorus-Therian, M|
|poke|p1|Latias, F|
|poke|p2|Gligar, M|
|poke|p2|Smeargle, F|
|poke|p2|Nosepass, F|
|poke|p2|Venomoth, F|
|poke|p2|Victreebel, M|
|poke|p2|Shelgon, M|
|teampreview
|
|t:|1743892824
|start
|switch|p1a: Landorus|Landorus-Therian, M|100/100
|switch|p2a: Venomoth|Venomoth, F|100/100
|-ability|p1a: Landorus|Intimidate|boost
|-unboost|p2a: Venomoth|atk|1
|turn|1
|
|t:|1743892833
|move|p2a: Venomoth|Quiver Dance|p2a: Venomoth
|-boost|p2a: Venomoth|spa|1
|-boost|p2a: Venomoth|spd|1
|-boost|p2a: Venomoth|spe|1
|move|p1a: Landorus|Taunt|p2a: Venomoth
|-start|p2a: Venomoth|move: Taunt
|
|upkeep
|turn|2
|
|t:|1743892856
|-terastallize|p2a: Venomoth|Bug
|move|p2a: Venomoth|Psychic|p1a: Landorus
|-damage|p1a: Landorus|61/100
|move|p1a: Landorus|Stealth Rock|p2a: Venomoth
|-sidestart|p2: Anathema666|move: Stealth Rock
|
|upkeep
|turn|3
|
|t:|1743892863
|move|p2a: Venomoth|Psychic|p1a: Landorus
|-damage|p1a: Landorus|19/100
|-unboost|p1a: Landorus|spd|1
|move|p1a: Landorus|U-turn|p2a: Venomoth
|-damage|p2a: Venomoth|61/100
|
|t:|1743892888
|switch|p1a: Slowking|Slowking-Galar, F|100/100|[from] U-turn
|
|upkeep
|turn|4
|
|t:|1743892909
|-terastallize|p1a: Slowking|Poison
|move|p2a: Venomoth|Air Slash|p1a: Slowking
|-damage|p1a: Slowking|81/100
|move|p1a: Slowking|Future Sight|p2a: Venomoth
|-start|p1a: Slowking|move: Future Sight
|
|-heal|p1a: Slowking|87/100|[from] item: Leftovers
|-end|p2a: Venomoth|move: Taunt
|upkeep
|turn|5
|
|t:|1743892919
|move|p2a: Venomoth|Giga Drain|p1a: Slowking
|-resisted|p1a: Slowking
|-damage|p1a: Slowking|67/100
|-heal|p2a: Venomoth|75/100|[from] drain|[of] p1a: Slowking
|move|p1a: Slowking|Thunder Wave|p2a: Venomoth
|-status|p2a: Venomoth|par
|
|-heal|p1a: Slowking|73/100|[from] item: Leftovers
|upkeep
|turn|6
|
|t:|1743892931
|move|p2a: Venomoth|Psychic|p1a: Slowking
|-supereffective|p1a: Slowking
|-damage|p1a: Slowking|23/100
|move|p1a: Slowking|Sludge Bomb|p2a: Venomoth
|-damage|p2a: Venomoth|31/100 par
|
|-end|p2a: Venomoth|move: Future Sight
|-damage|p2a: Venomoth|0 fnt
|faint|p2a: Venomoth
|-heal|p1a: Slowking|29/100|[from] item: Leftovers
|upkeep
|
|t:|1743892956
|switch|p2a: Smeargle|Smeargle, F|100/100
|-damage|p2a: Smeargle|88/100|[from] Stealth Rock
|turn|7
|
|t:|1743892962
|move|p2a: Smeargle|Stockpile|p2a: Smeargle
|-start|p2a: Smeargle|stockpile1
|-boost|p2a: Smeargle|def|1
|-boost|p2a: Smeargle|spd|1
|move|p1a: Slowking|Sludge Bomb|p2a: Smeargle
|-damage|p2a: Smeargle|41/100
|
|-heal|p1a: Slowking|35/100|[from] item: Leftovers
|upkeep
|turn|8
|
|t:|1743892976
|move|p2a: Smeargle|Stockpile|p2a: Smeargle
|-start|p2a: Smeargle|stockpile2
|-boost|p2a: Smeargle|def|1
|-boost|p2a: Smeargle|spd|1
|move|p1a: Slowking|Sludge Bomb|p2a: Smeargle
|-damage|p2a: Smeargle|2/100
|-status|p2a: Smeargle|psn
|
|-heal|p1a: Slowking|41/100|[from] item: Leftovers
|-damage|p2a: Smeargle|0 fnt|[from] psn
|faint|p2a: Smeargle
|upkeep
|
|t:|1743892991
|switch|p2a: Gligar|Gligar, M|100/100
|-damage|p2a: Gligar|88/100|[from] Stealth Rock
|turn|9
|
|t:|1743892996
|move|p2a: Gligar|Swords Dance|p2a: Gligar
|-boost|p2a: Gligar|atk|2
|move|p1a: Slowking|Future Sight|p2a: Gligar
|-start|p1a: Slowking|move: Future Sight
|
|-heal|p1a: Slowking|47/100|[from] item: Leftovers
|upkeep
|turn|10
|
|t:|1743893005
|switch|p1a: Corviknight|Corviknight, M|100/100
|-ability|p1a: Corviknight|Pressure
|move|p2a: Gligar|Earthquake|p1a: Corviknight
|-immune|p1a: Corviknight
|
|upkeep
|turn|11
|
|t:|1743893015
|move|p2a: Gligar|Swords Dance|p2a: Gligar
|-boost|p2a: Gligar|atk|2
|move|p1a: Corviknight|Reflect|p1a: Corviknight
|-sidestart|p1: Mehno|Reflect
|
|-end|p2a: Gligar|move: Future Sight
|-damage|p2a: Gligar|53/100
|upkeep
|turn|12
|
|t:|1743893023
|move|p2a: Gligar|Quick Attack|p1a: Corviknight
|-resisted|p1a: Corviknight
|-damage|p1a: Corviknight|97/100
|-damage|p2a: Gligar|36/100|[from] item: Rocky Helmet|[of] p1a: Corviknight
|move|p1a: Corviknight|U-turn|p2a: Gligar
|-resisted|p2a: Gligar
|-damage|p2a: Gligar|31/100
|
|t:|1743893041
|switch|p1a: Dragonite|Dragonite, M|100/100|[from] U-turn
|
|upkeep
|turn|13
|
|t:|1743893061
|move|p1a: Dragonite|Ice Spinner|p2a: Gligar
|-supereffective|p2a: Gligar
|-damage|p2a: Gligar|0 fnt
|faint|p2a: Gligar
|
|upkeep
|
|t:|1743893068
|switch|p2a: Nosepass|Nosepass, F|100/100
|-damage|p2a: Nosepass|88/100|[from] Stealth Rock
|turn|14
|
|t:|1743893075
|move|p1a: Dragonite|Dragon Dance|p1a: Dragonite
|-boost|p1a: Dragonite|atk|1
|-boost|p1a: Dragonite|spe|1
|move|p2a: Nosepass|Curse|p2a: Nosepass
|-unboost|p2a: Nosepass|spe|1
|-boost|p2a: Nosepass|atk|1
|-boost|p2a: Nosepass|def|1
|
|upkeep
|turn|15
|
|t:|1743893085
|move|p1a: Dragonite|Dragon Dance|p1a: Dragonite
|-boost|p1a: Dragonite|atk|1
|-boost|p1a: Dragonite|spe|1
|move|p2a: Nosepass|Curse|p2a: Nosepass
|-unboost|p2a: Nosepass|spe|1
|-boost|p2a: Nosepass|atk|1
|-boost|p2a: Nosepass|def|1
|
|-sideend|p1: Mehno|Reflect
|upkeep
|turn|16
|
|t:|1743893094
|-singleturn|p1a: Dragonite|move: Focus Punch
|move|p2a: Nosepass|Rollout|p1a: Dragonite
|-supereffective|p1a: Dragonite
|-damage|p1a: Dragonite|76/100
|cant|p1a: Dragonite|Focus Punch|Focus Punch
|
|upkeep
|turn|17
|
|t:|1743893101
|move|p1a: Dragonite|Earthquake|p2a: Nosepass
|-supereffective|p2a: Nosepass
|-damage|p2a: Nosepass|31/100
|move|p2a: Nosepass|Rollout|p1a: Dragonite|[from] lockedmove
|-supereffective|p1a: Dragonite
|-damage|p1a: Dragonite|24/100
|
|upkeep
|turn|18
|
|t:|1743893108
|move|p1a: Dragonite|Earthquake|p2a: Nosepass
|-supereffective|p2a: Nosepass
|-damage|p2a: Nosepass|0 fnt
|faint|p2a: Nosepass
|
|upkeep
|
|t:|1743893116
|switch|p2a: Shelgon|Shelgon, M|100/100
|-damage|p2a: Shelgon|88/100|[from] Stealth Rock
|turn|19
|
|t:|1743893121
|-singleturn|p1a: Dragonite|move: Focus Punch
|move|p2a: Shelgon|Iron Defense|p2a: Shelgon
|-boost|p2a: Shelgon|def|2
|move|p1a: Dragonite|Focus Punch|p2a: Shelgon
|-damage|p2a: Shelgon|54/100
|
|upkeep
|turn|20
|
|t:|1743893131
|move|p1a: Dragonite|Ice Spinner|p2a: Shelgon
|-supereffective|p2a: Shelgon
|-damage|p2a: Shelgon|10/100
|move|p2a: Shelgon|Dragon Dance|p2a: Shelgon
|-boost|p2a: Shelgon|atk|1
|-boost|p2a: Shelgon|spe|1
|
|upkeep
|turn|21
|
|t:|1743893138
|move|p1a: Dragonite|Ice Spinner|p2a: Shelgon
|-supereffective|p2a: Shelgon
|-damage|p2a: Shelgon|0 fnt
|faint|p2a: Shelgon
|
|upkeep
|-message|Anathema666 forfeited.
|
|win|Mehno
|raw|Mehno's rating: 1100 &rarr; <strong>1126</strong><br />(+26 for winning)
|raw|Anathema666's rating: 1110 &rarr; <strong>1084</strong><br />(-26 for losing)
|l|☆Anathema666
|player|p2|
|l|☆Mehno
|player|p1|
