|j|☆RockPaperScisors
|j|☆ranshuang
|t:|1743833509
|gametype|singles
|player|p1|RockPaperScisors|hiker-gen4|1196
|player|p2|ranshuang|caitlin|1175
|teamsize|p1|6
|teamsize|p2|6
|gen|9
|tier|[Gen 9] OU
|rated|
|rule|HP Percentage Mod: HP is shown in percentages
|rule|Endless Battle Clause: Forcing endless battles is banned
|rule|Species Clause: Limit one of each Pokémon
|rule|OHKO Clause: OHKO moves are banned
|rule|Evasion Items Clause: Evasion items are banned
|rule|Evasion Moves Clause: Evasion moves are banned
|rule|Sleep Moves Clause: Sleep-inducing moves are banned
|clearpoke
|poke|p1|Garganacl, M|
|poke|p1|Alomomola, F|
|poke|p1|Blissey, F|
|poke|p1|Gliscor, M|
|poke|p1|Skarmory, M|
|poke|p1|Pecharunt|
|poke|p2|Gholdengo|
|poke|p2|Tinkaton, F|
|poke|p2|Zapdos|
|poke|p2|Meowscarada, F|
|poke|p2|Tyranitar, M|
|poke|p2|Great Tusk|
|teampreview
|inactive|Battle timer is ON: inactive players will automatically lose when time's up. (requested by ranshuang)
|
|t:|1743833519
|start
|switch|p1a: Gliscor|Gliscor, M|100/100
|switch|p2a: Tinkaton|Tinkaton, F|100/100
|-item|p2a: Tinkaton|Air Balloon
|turn|1
|
|t:|1743833532
|move|p1a: Gliscor|Protect|p1a: Gliscor
|-singleturn|p1a: Gliscor|Protect
|move|p2a: Tinkaton|Stealth Rock|p1a: Gliscor
|-sidestart|p1: RockPaperScisors|move: Stealth Rock
|
|-status|p1a: Gliscor|tox|[from] item: Toxic Orb
|upkeep
|turn|2
|
|t:|1743833539
|move|p2a: Tinkaton|Encore|p1a: Gliscor
|-start|p1a: Gliscor|Encore
|move|p1a: Gliscor|Protect||[still]
|-fail|p1a: Gliscor
|
|upkeep
|turn|3
|
|t:|1743833552
|move|p1a: Gliscor|Protect|p1a: Gliscor
|-singleturn|p1a: Gliscor|Protect
|move|p2a: Tinkaton|Thunder Wave|p1a: Gliscor
|-activate|p1a: Gliscor|move: Protect
|
|upkeep
|turn|4
|
|t:|1743833558
|move|p1a: Gliscor|Protect||[still]
|-fail|p1a: Gliscor
|move|p2a: Tinkaton|Thunder Wave|p1a: Gliscor
|-immune|p1a: Gliscor
|
|-end|p1a: Gliscor|Encore
|upkeep
|turn|5
|
|t:|1743833567
|move|p2a: Tinkaton|Encore|p1a: Gliscor
|-start|p1a: Gliscor|Encore
|move|p1a: Gliscor|Protect||[still]
|-fail|p1a: Gliscor
|
|upkeep
|turn|6
|
|t:|1743833573
|move|p1a: Gliscor|Protect|p1a: Gliscor
|-singleturn|p1a: Gliscor|Protect
|move|p2a: Tinkaton|Gigaton Hammer|p1a: Gliscor
|-activate|p1a: Gliscor|move: Protect
|
|upkeep
|turn|7
|
|t:|1743833580
|move|p1a: Gliscor|Protect||[still]
|-fail|p1a: Gliscor
|move|p2a: Tinkaton|Thunder Wave|p1a: Gliscor
|-immune|p1a: Gliscor
|
|-end|p1a: Gliscor|Encore
|upkeep
|turn|8
|
|t:|1743833592
|switch|p1a: Skarmory|Skarmory, M|100/100
|move|p2a: Tinkaton|Encore||[still]
|-fail|p2a: Tinkaton
|
|upkeep
|turn|9
|
|t:|1743833599
|switch|p1a: Gliscor|Gliscor, M|100/100 tox
|-damage|p1a: Gliscor|88/100 tox|[from] Stealth Rock
|move|p2a: Tinkaton|Thunder Wave|p1a: Gliscor
|-immune|p1a: Gliscor
|
|-heal|p1a: Gliscor|100/100 tox|[from] ability: Poison Heal
|upkeep
|turn|10
|
|t:|1743833611
|switch|p2a: Great Tusk|Great Tusk|100/100
|move|p1a: Gliscor|Knock Off|p2a: Great Tusk
|-resisted|p2a: Great Tusk
|-damage|p2a: Great Tusk|93/100
|-enditem|p2a: Great Tusk|Heavy-Duty Boots|[from] move: Knock Off|[of] p1a: Gliscor
|
|upkeep
|turn|11
|
|t:|1743833627
|switch|p1a: Alomomola|Alomomola, F|100/100
|move|p2a: Great Tusk|Knock Off|p1a: Alomomola
|-damage|p1a: Alomomola|82/100
|-enditem|p1a: Alomomola|Heavy-Duty Boots|[from] move: Knock Off|[of] p2a: Great Tusk
|
|upkeep
|turn|12
|
|t:|1743833638
|-end|p2a: Great Tusk|Protosynthesis|[silent]
|switch|p2a: Zapdos|Zapdos|100/100
|move|p1a: Alomomola|Flip Turn|p2a: Zapdos
|-damage|p2a: Zapdos|89/100
|
|t:|1743833650
|switch|p1a: Garganacl|Garganacl, M|100/100|[from] Flip Turn
|
|upkeep
|turn|13
|
|t:|1743833662
|move|p2a: Zapdos|Volt Switch|p1a: Garganacl
|-damage|p1a: Garganacl|80/100
|
|t:|1743833668
|switch|p2a: Tyranitar|Tyranitar, M|100/100|[from] Volt Switch
|-weather|Sandstorm|[from] ability: Sand Stream|[of] p2a: Tyranitar
|move|p1a: Garganacl|Salt Cure|p2a: Tyranitar
|-damage|p2a: Tyranitar|89/100
|-start|p2a: Tyranitar|Salt Cure
|
|-weather|Sandstorm|[upkeep]
|-damage|p2a: Tyranitar|77/100|[from] Salt Cure
|upkeep
|turn|14
|
|t:|1743833684
|switch|p1a: Gliscor|Gliscor, M|100/100 tox
|-damage|p1a: Gliscor|88/100 tox|[from] Stealth Rock
|move|p2a: Tyranitar|Knock Off|p1a: Gliscor
|-damage|p1a: Gliscor|41/100 tox
|-enditem|p1a: Gliscor|Toxic Orb|[from] move: Knock Off|[of] p2a: Tyranitar
|
|-weather|Sandstorm|[upkeep]
|-heal|p1a: Gliscor|53/100 tox|[from] ability: Poison Heal
|-damage|p2a: Tyranitar|64/100|[from] Salt Cure
|upkeep
|turn|15
|
|t:|1743833707
|switch|p2a: Tinkaton|Tinkaton, F|100/100
|-item|p2a: Tinkaton|Air Balloon
|move|p1a: Gliscor|Knock Off|p2a: Tinkaton
|-resisted|p2a: Tinkaton
|-damage|p2a: Tinkaton|88/100
|-enditem|p2a: Tinkaton|Air Balloon
|
|-weather|Sandstorm|[upkeep]
|-heal|p1a: Gliscor|65/100 tox|[from] ability: Poison Heal
|upkeep
|turn|16
|inactive|RockPaperScisors has 120 seconds left.
|inactive|ranshuang has 120 seconds left.
|inactive|ranshuang has 90 seconds left.
|
|t:|1743833769
|switch|p2a: Great Tusk|Great Tusk|93/100
|move|p1a: Gliscor|Knock Off|p2a: Great Tusk
|-resisted|p2a: Great Tusk
|-damage|p2a: Great Tusk|87/100
|
|-weather|Sandstorm|[upkeep]
|-heal|p1a: Gliscor|78/100 tox|[from] ability: Poison Heal
|upkeep
|turn|17
|inactive|RockPaperScisors has 120 seconds left.
|inactive|ranshuang has 90 seconds left.
|
|t:|1743833795
|move|p1a: Gliscor|Protect|p1a: Gliscor
|-singleturn|p1a: Gliscor|Protect
|move|p2a: Great Tusk|Ice Spinner|p1a: Gliscor
|-activate|p1a: Gliscor|move: Protect
|
|-weather|none
|-heal|p1a: Gliscor|90/100 tox|[from] ability: Poison Heal
|upkeep
|turn|18
|inactive|RockPaperScisors has 120 seconds left.
|
|t:|1743833814
|-terastallize|p1a: Gliscor|Water
|move|p2a: Great Tusk|Ice Spinner|p1a: Gliscor
|-resisted|p1a: Gliscor
|-damage|p1a: Gliscor|79/100 tox
|move|p1a: Gliscor|Toxic|p2a: Great Tusk
|-status|p2a: Great Tusk|tox
|
|-damage|p2a: Great Tusk|81/100 tox|[from] psn
|-heal|p1a: Gliscor|91/100 tox|[from] ability: Poison Heal
|upkeep
|turn|19
|inactive|ranshuang has 90 seconds left.
|
|t:|1743833837
|-end|p2a: Great Tusk|Protosynthesis|[silent]
|switch|p2a: Zapdos|Zapdos|89/100
|move|p1a: Gliscor|Toxic|p2a: Zapdos|[miss]
|-miss|p1a: Gliscor|p2a: Zapdos
|
|-heal|p1a: Gliscor|100/100 tox|[from] ability: Poison Heal
|upkeep
|turn|20
|inactive|ranshuang has 90 seconds left.
|
|t:|1743833853
|move|p2a: Zapdos|Volt Switch|p1a: Gliscor
|-supereffective|p1a: Gliscor
|-damage|p1a: Gliscor|51/100 tox
|inactive|ranshuang has 90 seconds left.
|
|t:|1743833858
|switch|p2a: Tinkaton|Tinkaton, F|88/100|[from] Volt Switch
|move|p1a: Gliscor|Toxic|p2a: Tinkaton
|-immune|p2a: Tinkaton
|
|-heal|p1a: Gliscor|64/100 tox|[from] ability: Poison Heal
|upkeep
|turn|21
|inactive|RockPaperScisors has 90 seconds left.
|
|t:|1743833883
|switch|p1a: Pecharunt|Pecharunt|100/100
|move|p2a: Tinkaton|Encore||[still]
|-fail|p2a: Tinkaton
|
|upkeep
|turn|22
|inactive|RockPaperScisors has 90 seconds left.
|
|t:|1743833894
|move|p2a: Tinkaton|Thunder Wave|p1a: Pecharunt
|-status|p1a: Pecharunt|par
|cant|p1a: Pecharunt|par
|
|upkeep
|turn|23
|inactive|RockPaperScisors has 90 seconds left.
|
|t:|1743833913
|move|p2a: Tinkaton|Gigaton Hammer|p1a: Pecharunt
|-damage|p1a: Pecharunt|82/100 par
|cant|p1a: Pecharunt|par
|
|upkeep
|turn|24
|inactive|RockPaperScisors has 90 seconds left.
|
|t:|1743833926
|switch|p2a: Zapdos|Zapdos|89/100
|move|p1a: Pecharunt|Hex|p2a: Zapdos
|-damage|p2a: Zapdos|68/100
|
|upkeep
|turn|25
|inactive|RockPaperScisors has 90 seconds left.
|
|t:|1743833941
|switch|p2a: Great Tusk|Great Tusk|81/100 tox
|switch|p1a: Garganacl|Garganacl, M|80/100
|
|-damage|p2a: Great Tusk|75/100 tox|[from] psn
|upkeep
|turn|26
|inactive|RockPaperScisors has 90 seconds left.
|
|t:|1743833953
|switch|p1a: Gliscor|Gliscor, M, tera:Water|64/100 tox
|-damage|p1a: Gliscor|51/100 tox|[from] Stealth Rock
|move|p2a: Great Tusk|Headlong Rush|p1a: Gliscor
|-damage|p1a: Gliscor|4/100 tox
|-unboost|p2a: Great Tusk|def|1
|-unboost|p2a: Great Tusk|spd|1
|
|-damage|p2a: Great Tusk|62/100 tox|[from] psn
|-heal|p1a: Gliscor|17/100 tox|[from] ability: Poison Heal
|upkeep
|turn|27
|inactive|RockPaperScisors has 90 seconds left.
|
|t:|1743833972
|-end|p2a: Great Tusk|Protosynthesis|[silent]
|switch|p2a: Zapdos|Zapdos|68/100
|move|p1a: Gliscor|Protect||[still]
|-fail|p1a: Gliscor
|
|-heal|p1a: Gliscor|29/100 tox|[from] ability: Poison Heal
|upkeep
|turn|28
|inactive|RockPaperScisors has 90 seconds left.
|inactive|ranshuang has 120 seconds left.
|
|t:|1743833985
|move|p1a: Gliscor|Protect|p1a: Gliscor
|-singleturn|p1a: Gliscor|Protect
|move|p2a: Zapdos|Volt Switch|p1a: Gliscor
|-activate|p1a: Gliscor|move: Protect
|
|-heal|p1a: Gliscor|42/100 tox|[from] ability: Poison Heal
|upkeep
|turn|29
|inactive|RockPaperScisors has 90 seconds left.
|inactive|ranshuang has 120 seconds left.
|
|t:|1743834025
|switch|p1a: Pecharunt|Pecharunt|82/100 par
|move|p2a: Zapdos|Volt Switch|p1a: Pecharunt
|-damage|p1a: Pecharunt|54/100 par
|
|t:|1743834030
|switch|p2a: Gholdengo|Gholdengo|100/100|[from] Volt Switch
|-item|p2a: Gholdengo|Air Balloon
|
|upkeep
|turn|30
|inactive|RockPaperScisors has 90 seconds left.
|
|t:|1743834039
|switch|p1a: Blissey|Blissey, F|100/100
|move|p2a: Gholdengo|Hex|p1a: Blissey
|-immune|p1a: Blissey
|
|upkeep
|turn|31
|
|t:|1743834048
|switch|p2a: Tinkaton|Tinkaton, F|88/100
|move|p1a: Blissey|Stealth Rock|p2a: Tinkaton
|-sidestart|p2: ranshuang|move: Stealth Rock
|
|upkeep
|turn|32
|inactive|ranshuang has 120 seconds left.
|
|t:|1743834057
|switch|p1a: Gliscor|Gliscor, M, tera:Water|42/100 tox
|-damage|p1a: Gliscor|29/100 tox|[from] Stealth Rock
|move|p2a: Tinkaton|Gigaton Hammer|p1a: Gliscor
|-resisted|p1a: Gliscor
|-damage|p1a: Gliscor|12/100 tox
|
|-heal|p1a: Gliscor|25/100 tox|[from] ability: Poison Heal
|upkeep
|turn|33
|inactive|RockPaperScisors has 90 seconds left.
|inactive|RockPaperScisors has 60 seconds left.
|
|t:|1743834108
|switch|p2a: Zapdos|Zapdos|68/100
|move|p1a: Gliscor|Knock Off|p2a: Zapdos
|-damage|p2a: Zapdos|52/100
|-enditem|p2a: Zapdos|Heavy-Duty Boots|[from] move: Knock Off|[of] p1a: Gliscor
|
|-heal|p1a: Gliscor|37/100 tox|[from] ability: Poison Heal
|upkeep
|turn|34
|inactive|RockPaperScisors has 60 seconds left.
|
|t:|1743834123
|move|p2a: Zapdos|Roost|p2a: Zapdos
|-heal|p2a: Zapdos|100/100
|-singleturn|p2a: Zapdos|move: Roost
|move|p1a: Gliscor|Toxic|p2a: Zapdos
|-status|p2a: Zapdos|tox
|
|-damage|p2a: Zapdos|94/100 tox|[from] psn
|-heal|p1a: Gliscor|49/100 tox|[from] ability: Poison Heal
|upkeep
|turn|35
|inactive|RockPaperScisors has 60 seconds left.
|
|t:|1743834133
|move|p1a: Gliscor|Protect|p1a: Gliscor
|-singleturn|p1a: Gliscor|Protect
|move|p2a: Zapdos|Volt Switch|p1a: Gliscor
|-activate|p1a: Gliscor|move: Protect
|
|-damage|p2a: Zapdos|82/100 tox|[from] psn
|-heal|p1a: Gliscor|62/100 tox|[from] ability: Poison Heal
|upkeep
|turn|36
|inactive|RockPaperScisors has 60 seconds left.
|
|t:|1743834143
|move|p1a: Gliscor|Protect||[still]
|-fail|p1a: Gliscor
|move|p2a: Zapdos|Volt Switch|p1a: Gliscor
|-supereffective|p1a: Gliscor
|-damage|p1a: Gliscor|12/100 tox
|
|t:|1743834151
|switch|p2a: Meowscarada|Meowscarada, F|100/100|[from] Volt Switch
|-damage|p2a: Meowscarada|88/100|[from] Stealth Rock
|
|-heal|p1a: Gliscor|25/100 tox|[from] ability: Poison Heal
|upkeep
|turn|37
|inactive|RockPaperScisors has 60 seconds left.
|
|t:|1743834166
|move|p1a: Gliscor|Protect|p1a: Gliscor
|-singleturn|p1a: Gliscor|Protect
|move|p2a: Meowscarada|Flower Trick|p1a: Gliscor
|-start|p2a: Meowscarada|typechange|Grass|[from] ability: Protean
|-activate|p1a: Gliscor|move: Protect
|
|-heal|p1a: Gliscor|37/100 tox|[from] ability: Poison Heal
|upkeep
|turn|38
|inactive|RockPaperScisors has 60 seconds left.
|
|t:|1743834190
|switch|p1a: Skarmory|Skarmory, M|100/100
|move|p2a: Meowscarada|Flower Trick|p1a: Skarmory
|-resisted|p1a: Skarmory
|-crit|p1a: Skarmory
|-damage|p1a: Skarmory|91/100
|-damage|p2a: Meowscarada|78/100|[from] item: Life Orb
|
|upkeep
|turn|39
|
|t:|1743834206
|move|p2a: Meowscarada|U-turn|p1a: Skarmory
|-resisted|p1a: Skarmory
|-damage|p1a: Skarmory|87/100
|-damage|p2a: Meowscarada|68/100|[from] item: Life Orb
|
|t:|1743834208
|switch|p2a: Gholdengo|Gholdengo|100/100|[from] U-turn
|-damage|p2a: Gholdengo|94/100|[from] Stealth Rock
|-item|p2a: Gholdengo|Air Balloon
|move|p1a: Skarmory|Spikes|p2a: Gholdengo
|-sidestart|p2: ranshuang|Spikes
|
|upkeep
|turn|40
|inactive|RockPaperScisors has 60 seconds left.
|
|t:|1743834218
|switch|p1a: Blissey|Blissey, F|100/100
|move|p2a: Gholdengo|Thunder Wave|p1a: Blissey
|-status|p1a: Blissey|par
|
|upkeep
|turn|41
|
|t:|1743834227
|switch|p2a: Great Tusk|Great Tusk|62/100 tox
|-damage|p2a: Great Tusk|60/100 tox|[from] Stealth Rock
|-damage|p2a: Great Tusk|47/100 tox|[from] Spikes
|-curestatus|p1a: Blissey|par|[from] ability: Natural Cure
|switch|p1a: Gliscor|Gliscor, M, tera:Water|37/100 tox
|-damage|p1a: Gliscor|25/100 tox|[from] Stealth Rock
|
|-damage|p2a: Great Tusk|41/100 tox|[from] psn
|-heal|p1a: Gliscor|37/100 tox|[from] ability: Poison Heal
|upkeep
|turn|42
|
|t:|1743834237
|move|p1a: Gliscor|Protect|p1a: Gliscor
|-singleturn|p1a: Gliscor|Protect
|move|p2a: Great Tusk|Rapid Spin|p1a: Gliscor
|-activate|p1a: Gliscor|move: Protect
|
|-damage|p2a: Great Tusk|29/100 tox|[from] psn
|-heal|p1a: Gliscor|49/100 tox|[from] ability: Poison Heal
|upkeep
|turn|43
|
|t:|1743834250
|switch|p1a: Skarmory|Skarmory, M|87/100
|move|p2a: Great Tusk|Headlong Rush|p1a: Skarmory
|-immune|p1a: Skarmory
|
|-damage|p2a: Great Tusk|10/100 tox|[from] psn
|upkeep
|turn|44
|
|t:|1743834261
|move|p2a: Great Tusk|Rapid Spin|p1a: Skarmory
|-resisted|p1a: Skarmory
|-damage|p1a: Skarmory|82/100
|-boost|p2a: Great Tusk|spe|1
|-sideend|p2: ranshuang|Spikes|[from] move: Rapid Spin|[of] p2a: Great Tusk
|-sideend|p2: ranshuang|Stealth Rock|[from] move: Rapid Spin|[of] p2a: Great Tusk
|move|p1a: Skarmory|Spikes|p2a: Great Tusk
|-sidestart|p2: ranshuang|Spikes
|
|-damage|p2a: Great Tusk|0 fnt|[from] psn
|faint|p2a: Great Tusk
|-end|p2a: Great Tusk|Protosynthesis|[silent]
|upkeep
|
|t:|1743834266
|switch|p2a: Zapdos|Zapdos|82/100 tox
|turn|45
|
|t:|1743834281
|switch|p1a: Blissey|Blissey, F|100/100
|move|p2a: Zapdos|Volt Switch|p1a: Blissey
|-damage|p1a: Blissey|91/100
|
|t:|1743834290
|switch|p2a: Tyranitar|Tyranitar, M|64/100|[from] Volt Switch
|-damage|p2a: Tyranitar|52/100|[from] Spikes
|-weather|Sandstorm|[from] ability: Sand Stream|[of] p2a: Tyranitar
|
|-weather|Sandstorm|[upkeep]
|-damage|p1a: Blissey|85/100|[from] Sandstorm
|upkeep
|turn|46
|
|t:|1743834307
|switch|p1a: Alomomola|Alomomola, F|100/100
|-damage|p1a: Alomomola|88/100|[from] Stealth Rock
|move|p2a: Tyranitar|Knock Off|p1a: Alomomola
|-damage|p1a: Alomomola|67/100
|
|-weather|Sandstorm|[upkeep]
|-damage|p1a: Alomomola|61/100|[from] Sandstorm
|upkeep
|turn|47
|
|t:|1743834321
|switch|p2a: Gholdengo|Gholdengo|94/100
|-item|p2a: Gholdengo|Air Balloon
|move|p1a: Alomomola|Flip Turn|p2a: Gholdengo
|-damage|p2a: Gholdengo|83/100
|-enditem|p2a: Gholdengo|Air Balloon
|
|t:|1743834329
|switch|p1a: Blissey|Blissey, F|85/100|[from] Flip Turn
|
|-weather|Sandstorm|[upkeep]
|-damage|p1a: Blissey|79/100|[from] Sandstorm
|upkeep
|turn|48
|
|t:|1743834342
|switch|p2a: Tinkaton|Tinkaton, F|88/100
|-damage|p2a: Tinkaton|76/100|[from] Spikes
|move|p1a: Blissey|Stealth Rock|p2a: Tinkaton
|-sidestart|p2: ranshuang|move: Stealth Rock
|
|-weather|Sandstorm|[upkeep]
|-damage|p1a: Blissey|72/100|[from] Sandstorm
|upkeep
|turn|49
|
|t:|1743834355
|switch|p2a: Meowscarada|Meowscarada, F|68/100
|-damage|p2a: Meowscarada|56/100|[from] Spikes
|-damage|p2a: Meowscarada|44/100|[from] Stealth Rock
|switch|p1a: Pecharunt|Pecharunt|54/100 par
|
|-weather|none
|upkeep
|turn|50
|
|t:|1743834370
|move|p2a: Meowscarada|Sucker Punch||[still]
|-fail|p2a: Meowscarada
|move|p1a: Pecharunt|Toxic|p2a: Meowscarada
|-status|p2a: Meowscarada|tox
|-start|p2a: Meowscarada|confusion|[from] ability: Poison Puppeteer|[of] p1a: Pecharunt
|
|-damage|p2a: Meowscarada|38/100 tox|[from] psn
|upkeep
|turn|51
|
|t:|1743834385
|switch|p2a: Gholdengo|Gholdengo|83/100
|-damage|p2a: Gholdengo|71/100|[from] Spikes
|-damage|p2a: Gholdengo|64/100|[from] Stealth Rock
|move|p1a: Pecharunt|Recover|p1a: Pecharunt
|-heal|p1a: Pecharunt|100/100 par
|
|upkeep
|turn|52
|
|t:|1743834397
|switch|p1a: Blissey|Blissey, F|72/100
|move|p2a: Gholdengo|Recover|p2a: Gholdengo
|-heal|p2a: Gholdengo|100/100
|
|upkeep
|turn|53
|-message|ranshuang forfeited.
|
|win|RockPaperScisors
|raw|RockPaperScisors's rating: 1196 &rarr; <strong>1219</strong><br />(+23 for winning)
|raw|ranshuang's rating: 1175 &rarr; <strong>1152</strong><br />(-23 for losing)
|l|☆ranshuang
|player|p2|
