|j|☆Billygunter
|j|☆LaBaleada
|t:|1743810745
|gametype|singles
|player|p1|Billygunter|169|1731
|player|p2|LaBaleada|170|1764
|teamsize|p1|6
|teamsize|p2|6
|gen|9
|tier|[Gen 9] OU
|rated|
|rule|HP Percentage Mod: HP is shown in percentages
|rule|Endless Battle Clause: Forcing endless battles is banned
|rule|Species Clause: Limit one of each Pokémon
|rule|OHKO Clause: OHKO moves are banned
|rule|Evasion Items Clause: Evasion items are banned
|rule|Evasion Moves Clause: Evasion moves are banned
|rule|Sleep Moves Clause: Sleep-inducing moves are banned
|clearpoke
|poke|p1|Cobalion|
|poke|p1|Pecharunt|
|poke|p1|Ting-Lu|
|poke|p1|Ogerpon-Wellspring, F|
|poke|p1|Dragapult, M|
|poke|p1|Great Tusk|
|poke|p2|Metagross|
|poke|p2|Ogerpon-Wellspring, F|
|poke|p2|Raging Bolt|
|poke|p2|Cinderace, M|
|poke|p2|Landorus-Therian, M|
|poke|p2|Slowking-Galar, M|
|teampreview
|inactive|Battle timer is ON: inactive players will automatically lose when time's up. (requested by LaBaleada)
|inactive|LaBaleada has 120 seconds left.
|
|t:|1743810780
|start
|switch|p1a: Dragapult|Dragapult, M|100/100
|switch|p2a: Slowking|Slowking-Galar, M|100/100
|turn|1
|
|t:|1743810808
|switch|p1a: Ting-Lu|Ting-Lu|100/100
|-ability|p1a: Ting-Lu|Vessel of Ruin
|move|p2a: Slowking|Thunder Wave|p1a: Ting-Lu
|-immune|p1a: Ting-Lu
|
|upkeep
|turn|2
|
|t:|1743810817
|switch|p2a: Ogerpon|Ogerpon-Wellspring, F|100/100
|move|p1a: Ting-Lu|Ruination|p2a: Ogerpon
|-damage|p2a: Ogerpon|51/100
|
|upkeep
|turn|3
|
|t:|1743810824
|switch|p1a: Pecharunt|Pecharunt|100/100
|-item|p1a: Pecharunt|Air Balloon
|move|p2a: Ogerpon|Knock Off|p1a: Pecharunt
|-supereffective|p1a: Pecharunt
|-damage|p1a: Pecharunt|64/100
|-enditem|p1a: Pecharunt|Air Balloon
|
|upkeep
|turn|4
|
|t:|1743810833
|move|p2a: Ogerpon|Ivy Cudgel|p1a: Pecharunt|[anim] Ivy Cudgel Water
|-damage|p1a: Pecharunt|35/100
|move|p1a: Pecharunt|Parting Shot|p2a: Ogerpon
|-unboost|p2a: Ogerpon|atk|1
|-unboost|p2a: Ogerpon|spa|1
|
|t:|1743810840
|switch|p1a: Dragapult|Dragapult, M|100/100|[from] Parting Shot
|
|upkeep
|turn|5
|
|t:|1743810851
|switch|p2a: Landorus|Landorus-Therian, M|100/100
|-ability|p2a: Landorus|Intimidate|boost
|-unboost|p1a: Dragapult|atk|1
|-terastallize|p1a: Dragapult|Ghost
|move|p1a: Dragapult|Shadow Ball|p2a: Landorus
|-damage|p2a: Landorus|31/100
|-unboost|p2a: Landorus|spd|1
|
|upkeep
|turn|6
|
|t:|1743810862
|move|p1a: Dragapult|Shadow Ball|p2a: Landorus
|-damage|p2a: Landorus|0 fnt
|faint|p2a: Landorus
|
|upkeep
|
|t:|1743810863
|switch|p2a: Slowking|Slowking-Galar, M|100/100
|turn|7
|
|t:|1743810875
|switch|p1a: Great Tusk|Great Tusk|100/100
|-terastallize|p2a: Slowking|Normal
|-prepare|p2a: Slowking|Chilly Reception|[premajor]
|move|p2a: Slowking|Chilly Reception|p2a: Slowking
|-weather|Snowscape
|
|t:|1743810879
|switch|p2a: Ogerpon|Ogerpon-Wellspring, F|51/100|[from] Chilly Reception
|
|-weather|Snowscape|[upkeep]
|upkeep
|turn|8
|
|t:|1743810889
|-end|p1a: Great Tusk|Protosynthesis|[silent]
|switch|p1a: Pecharunt|Pecharunt|35/100
|move|p2a: Ogerpon|Power Whip|p1a: Pecharunt|[miss]
|-miss|p2a: Ogerpon|p1a: Pecharunt
|
|-weather|Snowscape|[upkeep]
|upkeep
|turn|9
|
|t:|1743810897
|move|p2a: Ogerpon|Ivy Cudgel|p1a: Pecharunt|[anim] Ivy Cudgel Water
|-damage|p1a: Pecharunt|9/100
|move|p1a: Pecharunt|Recover|p1a: Pecharunt
|-heal|p1a: Pecharunt|59/100
|
|-weather|Snowscape|[upkeep]
|upkeep
|turn|10
|
|t:|1743810905
|move|p2a: Ogerpon|Encore|p1a: Pecharunt
|-start|p1a: Pecharunt|Encore
|move|p1a: Pecharunt|Recover|p1a: Pecharunt
|-heal|p1a: Pecharunt|100/100
|
|-weather|Snowscape|[upkeep]
|upkeep
|turn|11
|
|t:|1743810914
|switch|p1a: Cobalion|Cobalion|100/100
|move|p2a: Ogerpon|Knock Off|p1a: Cobalion
|-resisted|p1a: Cobalion
|-damage|p1a: Cobalion|87/100
|-damage|p2a: Ogerpon|34/100|[from] item: Rocky Helmet|[of] p1a: Cobalion
|-ability|p1a: Cobalion|Justified|boost
|-boost|p1a: Cobalion|atk|1
|-enditem|p1a: Cobalion|Rocky Helmet|[from] move: Knock Off|[of] p2a: Ogerpon
|
|-weather|none
|upkeep
|turn|12
|
|t:|1743810925
|switch|p2a: Cinderace|Cinderace, M|100/100
|move|p1a: Cobalion|Body Press|p2a: Cinderace
|-damage|p2a: Cinderace|50/100
|
|upkeep
|turn|13
|
|t:|1743810941
|switch|p1a: Pecharunt|Pecharunt|100/100
|move|p2a: Cinderace|Will-O-Wisp|p1a: Pecharunt
|-status|p1a: Pecharunt|brn
|
|-damage|p1a: Pecharunt|94/100 brn|[from] brn
|upkeep
|turn|14
|
|t:|1743810952
|move|p2a: Cinderace|U-turn|p1a: Pecharunt
|-resisted|p1a: Pecharunt
|-damage|p1a: Pecharunt|92/100 brn
|j| p0k3_v13rn35
|
|t:|1743810954
|switch|p2a: Metagross|Metagross|100/100|[from] U-turn
|move|p1a: Pecharunt|Shadow Ball|p2a: Metagross
|-supereffective|p2a: Metagross
|-damage|p2a: Metagross|45/100
|
|-damage|p1a: Pecharunt|86/100 brn|[from] brn
|upkeep
|turn|15
|j| stierball
|
|t:|1743810964
|move|p1a: Pecharunt|Shadow Ball|p2a: Metagross
|-supereffective|p2a: Metagross
|-damage|p2a: Metagross|0 fnt
|faint|p2a: Metagross
|
|-damage|p1a: Pecharunt|80/100 brn|[from] brn
|upkeep
|-message|LaBaleada forfeited.
|
|win|Billygunter
|raw|Billygunter's rating: 1731 &rarr; <strong>1753</strong><br />(+22 for winning)
|raw|LaBaleada's rating: 1764 &rarr; <strong>1742</strong><br />(-22 for losing)
|l|☆LaBaleada
|player|p2|
