|j|☆the original power
|j|☆RankedKingMo
|t:|1743874520
|gametype|singles
|player|p1|the original power|lance|1350
|player|p2|RankedKingMo|170|1358
|teamsize|p1|6
|teamsize|p2|6
|gen|9
|tier|[Gen 9] OU
|rated|
|rule|HP Percentage Mod: HP is shown in percentages
|rule|Endless Battle Clause: Forcing endless battles is banned
|rule|Species Clause: Limit one of each Pokémon
|rule|OHKO Clause: OHKO moves are banned
|rule|Evasion Items Clause: Evasion items are banned
|rule|Evasion Moves Clause: Evasion moves are banned
|rule|Sleep Moves Clause: Sleep-inducing moves are banned
|clearpoke
|poke|p1|Raichu, M|
|poke|p1|Gengar, F|
|poke|p1|Blastoise, M|
|poke|p1|Mew|
|poke|p1|Dragonite, F|
|poke|p1|Clefable, F|
|poke|p2|Alomomola, M|
|poke|p2|Lokix, F|
|poke|p2|Hatterene, F|
|poke|p2|Landorus-Therian, M|
|poke|p2|Kyurem|
|poke|p2|Cinderace, F|
|teampreview
|inactive|Battle timer is ON: inactive players will automatically lose when time's up. (requested by the original power)
|c|☆the original power|hf
|c|☆RankedKingMo|you too
|
|t:|1743874535
|start
|switch|p1a: Raichu|Raichu, M|100/100
|switch|p2a: Cinderace|Cinderace, F, shiny|100/100
|turn|1
|
|t:|1743874540
|move|p2a: Cinderace|U-turn|p1a: Raichu
|-start|p2a: Cinderace|typechange|Bug|[from] ability: Libero
|-damage|p1a: Raichu|38/100
|
|t:|1743874547
|switch|p2a: Landorus|Landorus-Therian, M, shiny|100/100|[from] U-turn
|-ability|p2a: Landorus|Intimidate|boost
|-unboost|p1a: Raichu|atk|1
|move|p1a: Raichu|Reflect|p1a: Raichu
|-sidestart|p1: the original power|Reflect
|
|upkeep
|turn|2
|inactive|the original power has 120 seconds left.
|
|t:|1743874580
|move|p1a: Raichu|Light Screen|p1a: Raichu
|-sidestart|p1: the original power|move: Light Screen
|move|p2a: Landorus|Stealth Rock|p1a: Raichu
|-sidestart|p1: the original power|move: Stealth Rock
|
|upkeep
|turn|3
|
|t:|1743874590
|move|p1a: Raichu|Encore|p2a: Landorus
|-start|p2a: Landorus|Encore
|move|p2a: Landorus|Stealth Rock||[still]
|-fail|p2a: Landorus
|
|upkeep
|turn|4
|
|t:|1743874602
|switch|p2a: Hatterene|Hatterene, F, shiny|100/100
|move|p1a: Raichu|Nuzzle|p2a: Hatterene
|-damage|p2a: Hatterene|96/100
|-status|p2a: Hatterene|par
|-enditem|p2a: Hatterene|Eject Button
|
|t:|1743874625
|switch|p2a: Cinderace|Cinderace, F, shiny|100/100
|
|upkeep
|turn|5
|
|t:|1743874631
|move|p2a: Cinderace|U-turn|p1a: Raichu
|-start|p2a: Cinderace|typechange|Bug|[from] ability: Libero
|-damage|p1a: Raichu|10/100
|
|t:|1743874635
|switch|p2a: Landorus|Landorus-Therian, M, shiny|100/100|[from] U-turn
|-ability|p2a: Landorus|Intimidate|boost
|-unboost|p1a: Raichu|atk|1
|move|p1a: Raichu|Nuzzle|p2a: Landorus
|-immune|p2a: Landorus
|
|upkeep
|turn|6
|
|t:|1743874643
|move|p1a: Raichu|Nuzzle|p2a: Landorus
|-immune|p2a: Landorus
|move|p2a: Landorus|U-turn|p1a: Raichu
|-crit|p1a: Raichu
|-damage|p1a: Raichu|0 fnt
|faint|p1a: Raichu
|
|t:|1743874651
|switch|p2a: Hatterene|Hatterene, F, shiny|96/100 par|[from] U-turn
|
|upkeep
|
|t:|1743874666
|switch|p1a: Mew|Mew|100/100
|turn|7
|
|t:|1743874671
|move|p1a: Mew|Calm Mind|p1a: Mew
|-boost|p1a: Mew|spa|1
|-boost|p1a: Mew|spd|1
|cant|p2a: Hatterene|par
|
|upkeep
|turn|8
|
|t:|1743874678
|move|p1a: Mew|Agility|p1a: Mew
|-boost|p1a: Mew|spe|2
|cant|p2a: Hatterene|par
|
|-sideend|p1: the original power|Reflect
|upkeep
|turn|9
|
|t:|1743874684
|move|p1a: Mew|Calm Mind|p1a: Mew
|-boost|p1a: Mew|spa|1
|-boost|p1a: Mew|spd|1
|move|p2a: Hatterene|Nuzzle|p1a: Mew
|-damage|p1a: Mew|98/100
|-status|p1a: Mew|par
|-activate|p1a: Mew|ability: Synchronize
|-fail|p2a: Hatterene|par
|
|-sideend|p1: the original power|move: Light Screen
|upkeep
|turn|10
|
|t:|1743874695
|switch|p2a: Alomomola|Alomomola, M, shiny|100/100
|cant|p1a: Mew|par
|
|upkeep
|turn|11
|
|t:|1743874705
|-terastallize|p2a: Alomomola|Ghost
|move|p1a: Mew|Stored Power|p2a: Alomomola
|-damage|p2a: Alomomola|0 fnt
|faint|p2a: Alomomola
|
|upkeep
|
|t:|1743874716
|switch|p2a: Lokix|Lokix, F, shiny|100/100
|turn|12
|
|t:|1743874720
|move|p2a: Lokix|First Impression|p1a: Mew
|-supereffective|p1a: Mew
|-damage|p1a: Mew|0 fnt
|faint|p1a: Mew
|
|upkeep
|
|t:|1743874725
|switch|p1a: Gengar|Gengar, F|100/100
|-damage|p1a: Gengar|88/100|[from] Stealth Rock
|-item|p1a: Gengar|Air Balloon
|turn|13
|
|t:|1743874732
|switch|p2a: Hatterene|Hatterene, F, shiny|96/100 par
|move|p1a: Gengar|Encore|p2a: Hatterene
|move|p2a: Hatterene|Encore||[from] ability: Magic Bounce|[still]
|-fail|p2a: Hatterene
|
|upkeep
|turn|14
|
|t:|1743874739
|move|p1a: Gengar|Shadow Ball|p2a: Hatterene
|-supereffective|p2a: Hatterene
|-damage|p2a: Hatterene|16/100 par
|move|p2a: Hatterene|Nuzzle|p1a: Gengar
|-crit|p1a: Gengar
|-damage|p1a: Gengar|78/100
|-status|p1a: Gengar|par
|-enditem|p1a: Gengar|Air Balloon
|
|upkeep
|turn|15
|
|t:|1743874754
|cant|p1a: Gengar|par
|move|p2a: Hatterene|Healing Wish|p2a: Hatterene
|faint|p2a: Hatterene
|
|upkeep
|
|t:|1743874766
|switch|p2a: Kyurem|Kyurem, shiny|100/100
|-ability|p2a: Kyurem|Pressure
|turn|16
|
|t:|1743874770
|move|p2a: Kyurem|Substitute|p2a: Kyurem
|-start|p2a: Kyurem|Substitute
|-damage|p2a: Kyurem|76/100
|move|p1a: Gengar|Sludge Wave|p2a: Kyurem
|-end|p2a: Kyurem|Substitute
|
|-heal|p2a: Kyurem|82/100|[from] item: Leftovers
|upkeep
|turn|17
|
|t:|1743874776
|move|p2a: Kyurem|Substitute|p2a: Kyurem
|-start|p2a: Kyurem|Substitute
|-damage|p2a: Kyurem|57/100
|cant|p1a: Gengar|par
|
|-heal|p2a: Kyurem|63/100|[from] item: Leftovers
|upkeep
|turn|18
|
|t:|1743874781
|move|p2a: Kyurem|Earth Power|p1a: Gengar
|-supereffective|p1a: Gengar
|-damage|p1a: Gengar|0 fnt
|faint|p1a: Gengar
|
|-heal|p2a: Kyurem|69/100|[from] item: Leftovers
|upkeep
|
|t:|1743874787
|switch|p1a: Clefable|Clefable, F|100/100
|turn|19
|
|t:|1743874790
|move|p2a: Kyurem|Freeze-Dry|p1a: Clefable
|-damage|p1a: Clefable|64/100
|-status|p1a: Clefable|frz
|cant|p1a: Clefable|frz
|
|-heal|p2a: Kyurem|75/100|[from] item: Leftovers
|upkeep
|turn|20
|
|t:|1743874794
|move|p2a: Kyurem|Freeze-Dry|p1a: Clefable
|-damage|p1a: Clefable|24/100 frz
|cant|p1a: Clefable|frz
|
|-heal|p2a: Kyurem|81/100|[from] item: Leftovers
|upkeep
|turn|21
|
|t:|1743874798
|move|p2a: Kyurem|Freeze-Dry|p1a: Clefable
|-damage|p1a: Clefable|0 fnt
|faint|p1a: Clefable
|
|-heal|p2a: Kyurem|88/100|[from] item: Leftovers
|upkeep
|
|t:|1743874802
|switch|p1a: Blastoise|Blastoise, M|100/100
|-damage|p1a: Blastoise|88/100|[from] Stealth Rock
|turn|22
|
|t:|1743874807
|-terastallize|p1a: Blastoise|Fighting
|move|p1a: Blastoise|Shell Smash|p1a: Blastoise
|-unboost|p1a: Blastoise|def|1
|-unboost|p1a: Blastoise|spd|1
|-boost|p1a: Blastoise|atk|2
|-boost|p1a: Blastoise|spa|2
|-boost|p1a: Blastoise|spe|2
|-enditem|p1a: Blastoise|White Herb
|-clearnegativeboost|p1a: Blastoise|[silent]
|move|p2a: Kyurem|Freeze-Dry|p1a: Blastoise
|-damage|p1a: Blastoise|48/100
|
|-heal|p2a: Kyurem|94/100|[from] item: Leftovers
|upkeep
|turn|23
|
|t:|1743874818
|move|p1a: Blastoise|Aura Sphere|p2a: Kyurem
|-supereffective|p2a: Kyurem
|-end|p2a: Kyurem|Substitute
|move|p2a: Kyurem|Freeze-Dry|p1a: Blastoise
|-damage|p1a: Blastoise|4/100
|
|-heal|p2a: Kyurem|99/100|[from] item: Leftovers
|upkeep
|turn|24
|
|t:|1743874825
|move|p2a: Kyurem|Protect|p2a: Kyurem
|-singleturn|p2a: Kyurem|Protect
|move|p1a: Blastoise|Aura Sphere|p2a: Kyurem
|-activate|p2a: Kyurem|move: Protect
|
|-heal|p2a: Kyurem|100/100|[from] item: Leftovers
|upkeep
|turn|25
|
|t:|1743874831
|move|p1a: Blastoise|Aura Sphere|p2a: Kyurem
|-supereffective|p2a: Kyurem
|-damage|p2a: Kyurem|0 fnt
|faint|p2a: Kyurem
|
|upkeep
|
|t:|1743874836
|switch|p2a: Lokix|Lokix, F, shiny|100/100
|turn|26
|
|t:|1743874839
|move|p2a: Lokix|First Impression|p1a: Blastoise
|-resisted|p1a: Blastoise
|-damage|p1a: Blastoise|0 fnt
|faint|p1a: Blastoise
|
|upkeep
|
|t:|1743874840
|switch|p1a: Dragonite|Dragonite, F|100/100
|turn|27
|
|t:|1743874843
|switch|p2a: Landorus|Landorus-Therian, M, shiny|100/100
|-ability|p2a: Landorus|Intimidate|boost
|-unboost|p1a: Dragonite|atk|1
|move|p1a: Dragonite|Dragon Dance|p1a: Dragonite
|-boost|p1a: Dragonite|atk|1
|-boost|p1a: Dragonite|spe|1
|
|upkeep
|turn|28
|
|t:|1743874846
|move|p1a: Dragonite|Dragon Dance|p1a: Dragonite
|-boost|p1a: Dragonite|atk|1
|-boost|p1a: Dragonite|spe|1
|move|p2a: Landorus|Taunt|p1a: Dragonite
|-start|p1a: Dragonite|move: Taunt
|
|upkeep
|turn|29
|
|t:|1743874852
|move|p1a: Dragonite|Ice Spinner|p2a: Landorus
|-supereffective|p2a: Landorus
|-damage|p2a: Landorus|0 fnt
|-damage|p1a: Dragonite|84/100|[from] item: Rocky Helmet|[of] p2a: Landorus
|faint|p2a: Landorus
|
|upkeep
|
|t:|1743874856
|switch|p2a: Cinderace|Cinderace, F, shiny|100/100
|turn|30
|
|t:|1743874860
|move|p1a: Dragonite|Earthquake|p2a: Cinderace
|-supereffective|p2a: Cinderace
|-damage|p2a: Cinderace|0 fnt
|faint|p2a: Cinderace
|
|upkeep
|
|t:|1743874862
|switch|p2a: Lokix|Lokix, F, shiny|100/100
|turn|31
|
|t:|1743874872
|move|p1a: Dragonite|Ice Spinner|p2a: Lokix
|-damage|p2a: Lokix|37/100
|move|p2a: Lokix|Knock Off|p1a: Dragonite
|-damage|p1a: Dragonite|0 fnt
|-enditem|p1a: Dragonite|Heavy-Duty Boots|[from] move: Knock Off|[of] p2a: Lokix
|faint|p1a: Dragonite
|
|win|RankedKingMo
|raw|the original power's rating: 1350 &rarr; <strong>1330</strong><br />(-20 for losing)
|raw|RankedKingMo's rating: 1358 &rarr; <strong>1378</strong><br />(+20 for winning)
|c|☆the original power|gg
|l|☆RankedKingMo
|player|p2|
|c|☆the original power|wish my mew was tera fairy
|l|☆the original power
|player|p1|
