|j|☆deebeeweebee
|j|☆frog221
|t:|1743919825
|gametype|singles
|player|p1|deebeeweebee|169|1230
|player|p2|frog221|psychicf-gen3rs|1283
|teamsize|p1|6
|teamsize|p2|6
|gen|9
|tier|[Gen 9] OU
|rated|
|rule|HP Percentage Mod: HP is shown in percentages
|rule|Endless Battle Clause: Forcing endless battles is banned
|rule|Species Clause: Limit one of each Pokémon
|rule|OHKO Clause: OHKO moves are banned
|rule|Evasion Items Clause: Evasion items are banned
|rule|Evasion Moves Clause: Evasion moves are banned
|rule|Sleep Moves Clause: Sleep-inducing moves are banned
|clearpoke
|poke|p1|Orthworm, F|
|poke|p1|Clodsire, F|
|poke|p1|Pecharunt|
|poke|p1|Great Tusk|
|poke|p1|Slowking, F|
|poke|p1|Weavile, F|
|poke|p2|Slowking-Galar, M|
|poke|p2|Great Tusk|
|poke|p2|Lokix, F|
|poke|p2|Primarina, F|
|poke|p2|Dragonite, F|
|poke|p2|Iron Valiant|
|teampreview
|
|t:|1743919832
|start
|switch|p1a: Orthworm|Orthworm, F, shiny|100/100
|switch|p2a: Lokix|Lokix, F|100/100
|turn|1
|
|t:|1743919844
|move|p2a: Lokix|U-turn|p1a: Orthworm
|-resisted|p1a: Orthworm
|-damage|p1a: Orthworm|75/100
|-damage|p2a: Lokix|84/100|[from] item: Rocky Helmet|[of] p1a: Orthworm
|
|t:|1743919850
|switch|p2a: Primarina|Primarina, F, shiny|100/100|[from] U-turn
|move|p1a: Orthworm|Body Press|p2a: Primarina
|-resisted|p2a: Primarina
|-damage|p2a: Primarina|82/100
|
|upkeep
|turn|2
|
|t:|1743919857
|switch|p1a: Slowking|Slowking, F, shiny|100/100
|move|p2a: Primarina|Surf|p1a: Slowking
|-resisted|p1a: Slowking
|-damage|p1a: Slowking|88/100
|
|upkeep
|turn|3
|
|t:|1743919868
|move|p2a: Primarina|Flip Turn|p1a: Slowking
|-resisted|p1a: Slowking
|-damage|p1a: Slowking|81/100
|
|t:|1743919884
|switch|p2a: Slowking|Slowking-Galar, M|100/100|[from] Flip Turn
|move|p1a: Slowking|Thunder Wave|p2a: Slowking
|-status|p2a: Slowking|par
|
|upkeep
|turn|4
|
|t:|1743919890
|move|p1a: Slowking|Future Sight|p2a: Slowking
|-start|p1a: Slowking|move: Future Sight
|move|p2a: Slowking|Thunder Wave|p1a: Slowking
|-status|p1a: Slowking|par
|
|upkeep
|turn|5
|
|t:|1743919898
|switch|p1a: Weavile|Weavile, F, shiny|100/100
|-ability|p1a: Weavile|Pressure
|-prepare|p2a: Slowking|Chilly Reception|[premajor]
|move|p2a: Slowking|Chilly Reception|p2a: Slowking
|-weather|Snowscape
|
|t:|1743919904
|switch|p2a: Lokix|Lokix, F|84/100|[from] Chilly Reception
|
|-weather|Snowscape|[upkeep]
|upkeep
|turn|6
|
|t:|1743919912
|switch|p1a: Orthworm|Orthworm, F, shiny|75/100
|move|p2a: Lokix|First Impression|p1a: Orthworm
|-resisted|p1a: Orthworm
|-damage|p1a: Orthworm|40/100
|-damage|p2a: Lokix|67/100|[from] item: Rocky Helmet|[of] p1a: Orthworm
|
|-weather|Snowscape|[upkeep]
|-end|p2a: Lokix|move: Future Sight
|-immune|p2a: Lokix
|upkeep
|turn|7
|
|t:|1743919920
|switch|p2a: Primarina|Primarina, F, shiny|82/100
|move|p1a: Orthworm|Spikes|p2a: Primarina
|-sidestart|p2: frog221|Spikes
|
|-weather|Snowscape|[upkeep]
|upkeep
|turn|8
|
|t:|1743919933
|switch|p1a: Slowking|Slowking, F, shiny|100/100 par
|move|p2a: Primarina|Moonblast|p1a: Slowking
|-damage|p1a: Slowking|70/100 par
|
|-weather|Snowscape|[upkeep]
|upkeep
|turn|9
|
|t:|1743919942
|move|p2a: Primarina|Flip Turn|p1a: Slowking
|-resisted|p1a: Slowking
|-damage|p1a: Slowking|63/100 par
|
|t:|1743919951
|switch|p2a: Slowking|Slowking-Galar, M|100/100 par|[from] Flip Turn
|-damage|p2a: Slowking|88/100 par|[from] Spikes
|move|p1a: Slowking|Future Sight|p2a: Slowking
|-start|p1a: Slowking|move: Future Sight
|
|-weather|none
|upkeep
|turn|10
|
|t:|1743919958
|switch|p1a: Clodsire|Clodsire, F, shiny|100/100
|-prepare|p2a: Slowking|Chilly Reception|[premajor]
|move|p2a: Slowking|Chilly Reception|p2a: Slowking
|-weather|Snowscape
|
|t:|1743919981
|switch|p2a: Great Tusk|Great Tusk|100/100|[from] Chilly Reception
|
|-weather|Snowscape|[upkeep]
|upkeep
|turn|11
|
|t:|1743919987
|switch|p1a: Orthworm|Orthworm, F, shiny|40/100
|move|p2a: Great Tusk|Rapid Spin|p1a: Orthworm
|-resisted|p1a: Orthworm
|-damage|p1a: Orthworm|35/100
|-boost|p2a: Great Tusk|spe|1
|-damage|p2a: Great Tusk|84/100|[from] item: Rocky Helmet|[of] p1a: Orthworm
|-sideend|p2: frog221|Spikes|[from] move: Rapid Spin|[of] p2a: Great Tusk
|
|-weather|Snowscape|[upkeep]
|-end|p2a: Great Tusk|move: Future Sight
|-supereffective|p2a: Great Tusk
|-damage|p2a: Great Tusk|0 fnt
|faint|p2a: Great Tusk
|-end|p2a: Great Tusk|Protosynthesis|[silent]
|upkeep
|
|t:|1743919994
|switch|p2a: Primarina|Primarina, F, shiny|82/100
|turn|12
|
|t:|1743919998
|switch|p1a: Slowking|Slowking, F, shiny|96/100 par
|move|p2a: Primarina|Surf|p1a: Slowking
|-resisted|p1a: Slowking
|-damage|p1a: Slowking|83/100 par
|
|-weather|Snowscape|[upkeep]
|upkeep
|turn|13
|
|t:|1743920003
|move|p2a: Primarina|Flip Turn|p1a: Slowking
|-resisted|p1a: Slowking
|-damage|p1a: Slowking|75/100 par
|
|t:|1743920012
|switch|p2a: Lokix|Lokix, F|67/100|[from] Flip Turn
|move|p1a: Slowking|Future Sight|p2a: Lokix
|-start|p1a: Slowking|move: Future Sight
|
|-weather|Snowscape|[upkeep]
|upkeep
|turn|14
|
|t:|1743920027
|switch|p1a: Orthworm|Orthworm, F, shiny|35/100
|move|p2a: Lokix|U-turn|p1a: Orthworm
|-resisted|p1a: Orthworm
|-damage|p1a: Orthworm|9/100
|-damage|p2a: Lokix|51/100|[from] item: Rocky Helmet|[of] p1a: Orthworm
|
|t:|1743920037
|switch|p2a: Primarina|Primarina, F, shiny|82/100|[from] U-turn
|
|-weather|none
|upkeep
|turn|15
|
|t:|1743920044
|switch|p1a: Slowking|Slowking, F, shiny|100/100 par
|move|p2a: Primarina|Flip Turn|p1a: Slowking
|-resisted|p1a: Slowking
|-damage|p1a: Slowking|92/100 par
|
|t:|1743920047
|switch|p2a: Lokix|Lokix, F|51/100|[from] Flip Turn
|
|-end|p2a: Lokix|move: Future Sight
|-immune|p2a: Lokix
|upkeep
|turn|16
|
|t:|1743920051
|switch|p1a: Orthworm|Orthworm, F, shiny|9/100
|move|p2a: Lokix|Leech Life|p1a: Orthworm
|-resisted|p1a: Orthworm
|-damage|p1a: Orthworm|0 fnt
|-heal|p2a: Lokix|56/100|[from] drain|[of] p1a: Orthworm
|-damage|p2a: Lokix|39/100|[from] item: Rocky Helmet|[of] p1a: Orthworm
|faint|p1a: Orthworm
|
|upkeep
|
|t:|1743920094
|switch|p1a: Great Tusk|Great Tusk, shiny|100/100
|turn|17
|
|t:|1743920107
|switch|p2a: Primarina|Primarina, F, shiny|82/100
|move|p1a: Great Tusk|Headlong Rush|p2a: Primarina
|-damage|p2a: Primarina|14/100
|-unboost|p1a: Great Tusk|def|1
|-unboost|p1a: Great Tusk|spd|1
|
|upkeep
|turn|18
|
|t:|1743920113
|switch|p2a: Dragonite|Dragonite, F|100/100
|move|p1a: Great Tusk|Headlong Rush|p2a: Dragonite
|-immune|p2a: Dragonite
|
|upkeep
|turn|19
|
|t:|1743920127
|-end|p1a: Great Tusk|Protosynthesis|[silent]
|switch|p1a: Clodsire|Clodsire, F, shiny|100/100
|-terastallize|p2a: Dragonite|Normal
|move|p2a: Dragonite|Dragon Dance|p2a: Dragonite
|-boost|p2a: Dragonite|atk|1
|-boost|p2a: Dragonite|spe|1
|
|upkeep
|turn|20
|
|t:|1743920136
|move|p2a: Dragonite|Earthquake|p1a: Clodsire
|-supereffective|p1a: Clodsire
|-damage|p1a: Clodsire|9/100
|move|p1a: Clodsire|Toxic|p2a: Dragonite
|-status|p2a: Dragonite|tox
|
|-damage|p2a: Dragonite|94/100 tox|[from] psn
|upkeep
|turn|21
|
|t:|1743920145
|move|p2a: Dragonite|Dragon Dance|p2a: Dragonite
|-boost|p2a: Dragonite|atk|1
|-boost|p2a: Dragonite|spe|1
|move|p1a: Clodsire|Recover|p1a: Clodsire
|-heal|p1a: Clodsire|59/100
|
|-damage|p2a: Dragonite|82/100 tox|[from] psn
|upkeep
|turn|22
|
|t:|1743920162
|move|p2a: Dragonite|Earthquake|p1a: Clodsire
|-supereffective|p1a: Clodsire
|-damage|p1a: Clodsire|0 fnt
|faint|p1a: Clodsire
|
|-damage|p2a: Dragonite|63/100 tox|[from] psn
|upkeep
|
|t:|1743920169
|switch|p1a: Weavile|Weavile, F, shiny|100/100
|-ability|p1a: Weavile|Pressure
|turn|23
|
|t:|1743920178
|switch|p1a: Pecharunt|Pecharunt|100/100
|move|p2a: Dragonite|Extreme Speed|p1a: Pecharunt
|-immune|p1a: Pecharunt
|
|-damage|p2a: Dragonite|39/100 tox|[from] psn
|upkeep
|turn|24
|
|t:|1743920198
|-terastallize|p1a: Pecharunt|Dark
|move|p2a: Dragonite|Earthquake|p1a: Pecharunt
|-damage|p1a: Pecharunt|65/100
|move|p1a: Pecharunt|Recover|p1a: Pecharunt
|-heal|p1a: Pecharunt|100/100
|
|-damage|p2a: Dragonite|8/100 tox|[from] psn
|upkeep
|turn|25
|
|t:|1743920210
|move|p2a: Dragonite|Outrage|p1a: Pecharunt
|-damage|p1a: Pecharunt|40/100
|move|p1a: Pecharunt|Recover|p1a: Pecharunt
|-heal|p1a: Pecharunt|90/100
|
|-damage|p2a: Dragonite|0 fnt|[from] psn
|faint|p2a: Dragonite
|upkeep
|
|t:|1743920235
|switch|p2a: Lokix|Lokix, F|39/100
|turn|26
|
|t:|1743920244
|switch|p1a: Great Tusk|Great Tusk, shiny|100/100
|move|p2a: Lokix|U-turn|p1a: Great Tusk
|-resisted|p1a: Great Tusk
|-damage|p1a: Great Tusk|65/100
|
|t:|1743920264
|switch|p2a: Iron Valiant|Iron Valiant|100/100|[from] U-turn
|-enditem|p2a: Iron Valiant|Booster Energy
|-activate|p2a: Iron Valiant|ability: Quark Drive|[fromitem]
|-start|p2a: Iron Valiant|quarkdrivespe
|
|upkeep
|turn|27
|
|t:|1743920280
|-end|p1a: Great Tusk|Protosynthesis|[silent]
|switch|p1a: Slowking|Slowking, F, shiny|100/100 par
|move|p2a: Iron Valiant|Moonblast|p1a: Slowking
|-damage|p1a: Slowking|72/100 par
|-unboost|p1a: Slowking|spa|1
|
|upkeep
|turn|28
|
|t:|1743920318
|move|p2a: Iron Valiant|Moonblast|p1a: Slowking
|-damage|p1a: Slowking|46/100 par
|cant|p1a: Slowking|par
|
|upkeep
|turn|29
|
|t:|1743920324
|move|p2a: Iron Valiant|Moonblast|p1a: Slowking
|-damage|p1a: Slowking|17/100 par
|cant|p1a: Slowking|par
|
|upkeep
|turn|30
|inactive|Battle timer is ON: inactive players will automatically lose when time's up. (requested by frog221)
|-message|deebeeweebee forfeited.
|
|win|frog221
|raw|deebeeweebee's rating: 1230 &rarr; <strong>1209</strong><br />(-21 for losing)
|raw|frog221's rating: 1283 &rarr; <strong>1304</strong><br />(+21 for winning)
|l|☆deebeeweebee
|player|p1|
