|j|☆elekid3
|j|☆Quintesshou
|t:|1743917579
|gametype|singles
|player|p1|elekid3|workerice|1160
|player|p2|Quintesshou|clerkf|1120
|teamsize|p1|6
|teamsize|p2|6
|gen|9
|tier|[Gen 9] OU
|rated|
|rule|HP Percentage Mod: HP is shown in percentages
|rule|Endless Battle Clause: Forcing endless battles is banned
|rule|Species Clause: Limit one of each Pokémon
|rule|OHKO Clause: OHKO moves are banned
|rule|Evasion Items Clause: Evasion items are banned
|rule|Evasion Moves Clause: Evasion moves are banned
|rule|Sleep Moves Clause: Sleep-inducing moves are banned
|clearpoke
|poke|p1|Torkoal, M|
|poke|p1|Cinderace, M|
|poke|p1|Walking Wake|
|poke|p1|Raging Bolt|
|poke|p1|Great Tusk|
|poke|p1|Charizard, M|
|poke|p2|Ninetales-Alola, F|
|poke|p2|Frosmoth, F|
|poke|p2|Cetitan, F|
|poke|p2|Glaceon, F|
|poke|p2|Dewgong, F|
|poke|p2|Abomasnow, F|
|teampreview
|inactive|Battle timer is ON: inactive players will automatically lose when time's up. (requested by Quintesshou)
|inactive|elekid3 also wants the timer to be on.
|
|t:|1743917600
|start
|switch|p1a: Cinderace|Cinderace, M|100/100
|switch|p2a: Shivver|Glaceon, F, shiny|100/100
|turn|1
|
|t:|1743917615
|-terastallize|p2a: Shivver|Ground
|move|p1a: Cinderace|U-turn|p2a: Shivver
|-start|p1a: Cinderace|typechange|Bug|[from] ability: Libero
|-damage|p2a: Shivver|48/100
|-damage|p1a: Cinderace|91/100|[from] item: Life Orb
|
|t:|1743917619
|switch|p1a: Charizard|Charizard, M, shiny|100/100|[from] U-turn
|move|p2a: Shivver|Tera Blast|p1a: Charizard|[anim] Tera Blast Ground
|-immune|p1a: Charizard
|
|upkeep
|turn|2
|
|t:|1743917627
|switch|p1a: Torkoal|Torkoal, M|100/100
|-weather|SunnyDay|[from] ability: Drought|[of] p1a: Torkoal
|switch|p2a: Bubblefreeze|Dewgong, F, shiny|100/100
|
|-weather|SunnyDay|[upkeep]
|upkeep
|turn|3
|
|t:|1743917635
|move|p2a: Bubblefreeze|Whirlpool|p1a: Torkoal
|-supereffective|p1a: Torkoal
|-damage|p1a: Torkoal|89/100
|-activate|p1a: Torkoal|move: Whirlpool|[of] p2a: Bubblefreeze
|move|p1a: Torkoal|Stealth Rock|p2a: Bubblefreeze
|-sidestart|p2: Quintesshou|move: Stealth Rock
|
|-weather|SunnyDay|[upkeep]
|-damage|p1a: Torkoal|73/100|[from] move: Whirlpool|[partiallytrapped]
|upkeep
|turn|4
|
|t:|1743917644
|move|p2a: Bubblefreeze|Encore|p1a: Torkoal
|-start|p1a: Torkoal|Encore
|move|p1a: Torkoal|Stealth Rock||[still]
|-fail|p1a: Torkoal
|
|-weather|SunnyDay|[upkeep]
|-damage|p1a: Torkoal|56/100|[from] move: Whirlpool|[partiallytrapped]
|upkeep
|turn|5
|
|t:|1743917654
|move|p2a: Bubblefreeze|Disable|p1a: Torkoal
|-start|p1a: Torkoal|Disable|Stealth Rock
|cant|p1a: Torkoal|Disable|Stealth Rock
|
|-weather|SunnyDay|[upkeep]
|-damage|p1a: Torkoal|40/100|[from] move: Whirlpool|[partiallytrapped]
|upkeep
|turn|6
|
|t:|1743917663
|move|p2a: Bubblefreeze|Protect|p2a: Bubblefreeze
|-singleturn|p2a: Bubblefreeze|Protect
|-activate|p1a: Torkoal|move: Struggle
|move|p1a: Torkoal|Struggle|p2a: Bubblefreeze
|-activate|p2a: Bubblefreeze|move: Protect
|
|-weather|SunnyDay|[upkeep]
|-damage|p1a: Torkoal|23/100|[from] move: Whirlpool|[partiallytrapped]
|-end|p1a: Torkoal|Encore
|upkeep
|turn|7
|
|t:|1743917675
|move|p2a: Bubblefreeze|Whirlpool|p1a: Torkoal
|-supereffective|p1a: Torkoal
|-damage|p1a: Torkoal|12/100
|move|p1a: Torkoal|Lava Plume|p2a: Bubblefreeze
|-damage|p2a: Bubblefreeze|74/100
|-status|p2a: Bubblefreeze|brn
|
|-weather|SunnyDay|[upkeep]
|-damage|p2a: Bubblefreeze|68/100 brn|[from] brn
|-damage|p1a: Torkoal|0 fnt|[from] move: Whirlpool|[partiallytrapped]
|faint|p1a: Torkoal
|upkeep
|
|t:|1743917678
|switch|p1a: Raging Bolt|Raging Bolt|100/100
|-activate|p1a: Raging Bolt|ability: Protosynthesis
|-start|p1a: Raging Bolt|protosynthesisdef
|turn|8
|
|t:|1743917705
|switch|p2a: Frostora|Frosmoth, F, shiny|100/100
|move|p1a: Raging Bolt|Calm Mind|p1a: Raging Bolt
|-boost|p1a: Raging Bolt|spa|1
|-boost|p1a: Raging Bolt|spd|1
|
|-weather|SunnyDay|[upkeep]
|upkeep
|turn|9
|
|t:|1743917717
|-terastallize|p1a: Raging Bolt|Fire
|move|p1a: Raging Bolt|Weather Ball|p2a: Frostora
|-supereffective|p2a: Frostora
|-damage|p2a: Frostora|0 fnt
|faint|p2a: Frostora
|
|-weather|none
|-end|p1a: Raging Bolt|Protosynthesis
|upkeep
|
|t:|1743917727
|switch|p2a: SnowMommy|Abomasnow, F, shiny|100/100
|-damage|p2a: SnowMommy|75/100|[from] Stealth Rock
|-weather|Snowscape|[from] ability: Snow Warning|[of] p2a: SnowMommy
|turn|10
|
|t:|1743917735
|move|p1a: Raging Bolt|Dragon Pulse|p2a: SnowMommy
|-damage|p2a: SnowMommy|20/100
|move|p2a: SnowMommy|Earthquake|p1a: Raging Bolt
|-supereffective|p1a: Raging Bolt
|-damage|p1a: Raging Bolt|63/100
|
|-weather|Snowscape|[upkeep]
|-heal|p1a: Raging Bolt|69/100|[from] item: Leftovers
|upkeep
|turn|11
|
|t:|1743917743
|move|p1a: Raging Bolt|Calm Mind|p1a: Raging Bolt
|-boost|p1a: Raging Bolt|spa|1
|-boost|p1a: Raging Bolt|spd|1
|move|p2a: SnowMommy|Earthquake|p1a: Raging Bolt
|-supereffective|p1a: Raging Bolt
|-damage|p1a: Raging Bolt|25/100
|
|-weather|Snowscape|[upkeep]
|-heal|p1a: Raging Bolt|31/100|[from] item: Leftovers
|upkeep
|turn|12
|
|t:|1743917751
|move|p1a: Raging Bolt|Thunderbolt|p2a: SnowMommy
|-resisted|p2a: SnowMommy
|-damage|p2a: SnowMommy|0 fnt
|faint|p2a: SnowMommy
|
|-weather|Snowscape|[upkeep]
|-heal|p1a: Raging Bolt|37/100|[from] item: Leftovers
|upkeep
|
|t:|1743917758
|switch|p2a: Icebreaker|Cetitan, F, shiny|100/100
|-damage|p2a: Icebreaker|76/100|[from] Stealth Rock
|turn|13
|
|t:|1743917766
|move|p2a: Icebreaker|Belly Drum|p2a: Icebreaker
|-damage|p2a: Icebreaker|26/100
|-setboost|p2a: Icebreaker|atk|6|[from] move: Belly Drum
|-enditem|p2a: Icebreaker|Sitrus Berry|[eat]
|-heal|p2a: Icebreaker|50/100|[from] item: Sitrus Berry
|move|p1a: Raging Bolt|Dragon Pulse|p2a: Icebreaker
|-damage|p2a: Icebreaker|0 fnt
|faint|p2a: Icebreaker
|
|-weather|Snowscape|[upkeep]
|-heal|p1a: Raging Bolt|43/100|[from] item: Leftovers
|upkeep
|
|t:|1743917777
|switch|p2a: Snowbelle|Ninetales-Alola, F, shiny|100/100
|-damage|p2a: Snowbelle|75/100|[from] Stealth Rock
|turn|14
|
|t:|1743917782
|move|p2a: Snowbelle|Aurora Veil|p2a: Snowbelle
|-sidestart|p2: Quintesshou|move: Aurora Veil
|move|p1a: Raging Bolt|Thunderbolt|p2a: Snowbelle
|-damage|p2a: Snowbelle|31/100
|
|-weather|Snowscape|[upkeep]
|-heal|p1a: Raging Bolt|49/100|[from] item: Leftovers
|upkeep
|turn|15
|
|t:|1743917788
|move|p2a: Snowbelle|Blizzard|p1a: Raging Bolt
|-resisted|p1a: Raging Bolt
|-damage|p1a: Raging Bolt|41/100
|move|p1a: Raging Bolt|Thunderbolt|p2a: Snowbelle
|-damage|p2a: Snowbelle|0 fnt
|faint|p2a: Snowbelle
|
|-weather|Snowscape|[upkeep]
|-heal|p1a: Raging Bolt|47/100|[from] item: Leftovers
|upkeep
|
|t:|1743917797
|switch|p2a: Bubblefreeze|Dewgong, F, shiny|68/100 brn
|-damage|p2a: Bubblefreeze|43/100 brn|[from] Stealth Rock
|turn|16
|
|t:|1743917801
|move|p1a: Raging Bolt|Thunderbolt|p2a: Bubblefreeze
|-supereffective|p2a: Bubblefreeze
|-damage|p2a: Bubblefreeze|0 fnt
|faint|p2a: Bubblefreeze
|
|-weather|Snowscape|[upkeep]
|-heal|p1a: Raging Bolt|54/100|[from] item: Leftovers
|upkeep
|-message|Quintesshou forfeited.
|
|win|elekid3
|raw|elekid3's rating: 1160 &rarr; <strong>1182</strong><br />(+22 for winning)
|raw|Quintesshou's rating: 1120 &rarr; <strong>1098</strong><br />(-22 for losing)
|l|☆Quintesshou
|player|p2|
|l|☆elekid3
|player|p1|
