|j|☆918kw
|j|☆Geobat-99
|t:|1743828069
|gametype|singles
|player|p1|918kw|lucas|1128
|player|p2|Geobat-99|101|1179
|teamsize|p1|6
|teamsize|p2|6
|gen|9
|tier|[Gen 9] OU
|rated|
|rule|HP Percentage Mod: HP is shown in percentages
|rule|Endless Battle Clause: Forcing endless battles is banned
|rule|Species Clause: Limit one of each Pokémon
|rule|OHKO Clause: OHKO moves are banned
|rule|Evasion Items Clause: Evasion items are banned
|rule|Evasion Moves Clause: Evasion moves are banned
|rule|Sleep Moves Clause: Sleep-inducing moves are banned
|clearpoke
|poke|p1|Pelipper, F|
|poke|p1|Beartic, F|
|poke|p1|Incineroar, F|
|poke|p1|Araquanid, F|
|poke|p1|Grimmsnarl, M|
|poke|p1|Basculegion, M|
|poke|p2|Garganacl, M|
|poke|p2|Garchomp, F|
|poke|p2|Alomomola, M|
|poke|p2|Darkrai|
|poke|p2|Pecharunt|
|poke|p2|Gliscor, M|
|teampreview
|inactive|Battle timer is ON: inactive players will automatically lose when time's up. (requested by 918kw)
|
|t:|1743828083
|start
|switch|p1a: Araquanid|Araquanid, F|100/100
|switch|p2a: Garchomp|Garchomp, F|100/100
|turn|1
|
|t:|1743828088
|move|p2a: Garchomp|Spikes|p1a: Araquanid
|-sidestart|p1: 918kw|Spikes
|move|p1a: Araquanid|Lunge|p2a: Garchomp
|-damage|p2a: Garchomp|76/100
|-unboost|p2a: Garchomp|atk|1
|-damage|p1a: Araquanid|88/100|[from] ability: Rough Skin|[of] p2a: Garchomp
|-damage|p1a: Araquanid|72/100|[from] item: Rocky Helmet|[of] p2a: Garchomp
|
|upkeep
|turn|2
|
|t:|1743828096
|switch|p1a: Incineroar|Incineroar, F|100/100
|-damage|p1a: Incineroar|88/100|[from] Spikes
|-ability|p1a: Incineroar|Intimidate|boost
|-unboost|p2a: Garchomp|atk|1
|move|p2a: Garchomp|Spikes|p1a: Incineroar
|-sidestart|p1: 918kw|Spikes
|
|upkeep
|turn|3
|
|t:|1743828109
|move|p2a: Garchomp|Spikes|p1a: Incineroar
|-sidestart|p1: 918kw|Spikes
|move|p1a: Incineroar|Drain Punch|p2a: Garchomp
|-damage|p2a: Garchomp|54/100
|-heal|p1a: Incineroar|100/100|[from] drain|[of] p2a: Garchomp
|-damage|p1a: Incineroar|88/100|[from] ability: Rough Skin|[of] p2a: Garchomp
|-damage|p1a: Incineroar|71/100|[from] item: Rocky Helmet|[of] p2a: Garchomp
|
|upkeep
|turn|4
|
|t:|1743828125
|switch|p2a: Gliscor|Gliscor, M|100/100
|move|p1a: Incineroar|Flame Charge|p2a: Gliscor
|-damage|p2a: Gliscor|84/100
|-boost|p1a: Incineroar|spe|1
|
|-status|p2a: Gliscor|tox|[from] item: Toxic Orb
|upkeep
|turn|5
|
|t:|1743828135
|move|p1a: Incineroar|Bulk Up|p1a: Incineroar
|-boost|p1a: Incineroar|atk|1
|-boost|p1a: Incineroar|def|1
|move|p2a: Gliscor|Toxic|p1a: Incineroar
|-status|p1a: Incineroar|tox
|
|-damage|p1a: Incineroar|65/100 tox|[from] psn
|-heal|p2a: Gliscor|97/100 tox|[from] ability: Poison Heal
|upkeep
|turn|6
|
|t:|1743828147
|move|p1a: Incineroar|Bulk Up|p1a: Incineroar
|-boost|p1a: Incineroar|atk|1
|-boost|p1a: Incineroar|def|1
|move|p2a: Gliscor|Knock Off|p1a: Incineroar
|-resisted|p1a: Incineroar
|-damage|p1a: Incineroar|59/100 tox
|-enditem|p1a: Incineroar|Weakness Policy|[from] move: Knock Off|[of] p2a: Gliscor
|
|-damage|p1a: Incineroar|47/100 tox|[from] psn
|-heal|p2a: Gliscor|100/100 tox|[from] ability: Poison Heal
|upkeep
|turn|7
|
|t:|1743828162
|move|p1a: Incineroar|Power Trip|p2a: Gliscor
|-damage|p2a: Gliscor|27/100 tox
|move|p2a: Gliscor|U-turn|p1a: Incineroar
|-damage|p1a: Incineroar|38/100 tox
|
|t:|1743828171
|switch|p2a: Garganacl|Garganacl, M|100/100|[from] U-turn
|
|-damage|p1a: Incineroar|20/100 tox|[from] psn
|upkeep
|turn|8
|
|t:|1743828176
|move|p2a: Garganacl|Protect|p2a: Garganacl
|-singleturn|p2a: Garganacl|Protect
|move|p1a: Incineroar|Drain Punch|p2a: Garganacl
|-activate|p2a: Garganacl|move: Protect
|
|-damage|p1a: Incineroar|0 fnt|[from] psn
|faint|p1a: Incineroar
|upkeep
|
|t:|1743828178
|switch|p1a: Araquanid|Araquanid, F|72/100
|-damage|p1a: Araquanid|47/100|[from] Spikes
|turn|9
|
|t:|1743828189
|-terastallize|p2a: Garganacl|Water
|move|p1a: Araquanid|Liquidation|p2a: Garganacl
|-resisted|p2a: Garganacl
|-damage|p2a: Garganacl|73/100
|move|p2a: Garganacl|Stealth Rock|p1a: Araquanid
|-sidestart|p1: 918kw|move: Stealth Rock
|
|-heal|p2a: Garganacl|79/100|[from] item: Leftovers
|upkeep
|turn|10
|
|t:|1743828201
|move|p1a: Araquanid|Liquidation|p2a: Garganacl
|-resisted|p2a: Garganacl
|-damage|p2a: Garganacl|52/100
|move|p2a: Garganacl|Salt Cure|p1a: Araquanid
|-supereffective|p1a: Araquanid
|-damage|p1a: Araquanid|20/100
|-start|p1a: Araquanid|Salt Cure
|
|-heal|p2a: Garganacl|58/100|[from] item: Leftovers
|-damage|p1a: Araquanid|0 fnt|[from] Salt Cure
|faint|p1a: Araquanid
|upkeep
|
|t:|1743828210
|switch|p1a: Pelipper|Pelipper, F|100/100
|-damage|p1a: Pelipper|76/100|[from] Stealth Rock
|-weather|RainDance|[from] ability: Drizzle|[of] p1a: Pelipper
|turn|11
|
|t:|1743828222
|move|p2a: Garganacl|Protect|p2a: Garganacl
|-singleturn|p2a: Garganacl|Protect
|move|p1a: Pelipper|Hurricane|p2a: Garganacl
|-activate|p2a: Garganacl|move: Protect
|
|-weather|RainDance|[upkeep]
|-heal|p2a: Garganacl|64/100|[from] item: Leftovers
|upkeep
|turn|12
|
|t:|1743828229
|move|p1a: Pelipper|Hurricane|p2a: Garganacl
|-damage|p2a: Garganacl|32/100
|move|p2a: Garganacl|Recover|p2a: Garganacl
|-heal|p2a: Garganacl|82/100
|
|-weather|RainDance|[upkeep]
|-heal|p2a: Garganacl|88/100|[from] item: Leftovers
|upkeep
|turn|13
|
|t:|1743828239
|move|p2a: Garganacl|Protect|p2a: Garganacl
|-singleturn|p2a: Garganacl|Protect
|move|p1a: Pelipper|Hurricane|p2a: Garganacl
|-activate|p2a: Garganacl|move: Protect
|
|-weather|RainDance|[upkeep]
|-heal|p2a: Garganacl|95/100|[from] item: Leftovers
|upkeep
|turn|14
|inactive|Geobat-99 has 120 seconds left.
|
|t:|1743828278
|move|p1a: Pelipper|Hurricane|p2a: Garganacl
|-damage|p2a: Garganacl|63/100
|-start|p2a: Garganacl|confusion
|-activate|p2a: Garganacl|confusion
|move|p2a: Garganacl|Recover|p2a: Garganacl
|-heal|p2a: Garganacl|100/100
|
|-weather|RainDance|[upkeep]
|upkeep
|turn|15
|inactive|Geobat-99 has 120 seconds left.
|
|t:|1743828289
|switch|p2a: Alomomola|Alomomola, M|100/100
|move|p1a: Pelipper|Tailwind|p1a: Pelipper
|-sidestart|p1: 918kw|move: Tailwind
|
|-weather|RainDance|[upkeep]
|upkeep
|turn|16
|inactive|Geobat-99 has 120 seconds left.
|
|t:|1743828303
|move|p1a: Pelipper|Hurricane|p2a: Alomomola
|-crit|p2a: Alomomola
|-damage|p2a: Alomomola|38/100
|move|p2a: Alomomola|Scald|p1a: Pelipper
|-resisted|p1a: Pelipper
|-damage|p1a: Pelipper|57/100
|
|-weather|RainDance|[upkeep]
|upkeep
|turn|17
|inactive|Geobat-99 has 120 seconds left.
|
|t:|1743828312
|move|p1a: Pelipper|Hurricane|p2a: Alomomola
|-damage|p2a: Alomomola|0 fnt
|faint|p2a: Alomomola
|
|-weather|RainDance|[upkeep]
|upkeep
|inactive|Geobat-99 has 120 seconds left.
|
|t:|1743828331
|switch|p2a: Gliscor|Gliscor, M|27/100 tox
|turn|18
|
|t:|1743828348
|move|p2a: Gliscor|Protect|p2a: Gliscor
|-singleturn|p2a: Gliscor|Protect
|move|p1a: Pelipper|Weather Ball|p2a: Gliscor
|-activate|p2a: Gliscor|move: Protect
|
|-weather|none
|-heal|p2a: Gliscor|39/100 tox|[from] ability: Poison Heal
|-sideend|p1: 918kw|move: Tailwind
|upkeep
|turn|19
|inactive|Geobat-99 has 120 seconds left.
|
|t:|1743828378
|switch|p2a: Garganacl|Garganacl, M, tera:Water|100/100
|move|p1a: Pelipper|Hurricane|p2a: Garganacl
|-damage|p2a: Garganacl|67/100
|
|-heal|p2a: Garganacl|73/100|[from] item: Leftovers
|upkeep
|turn|20
|inactive|918kw has 120 seconds left.
|
|t:|1743828413
|move|p1a: Pelipper|Hurricane|p2a: Garganacl
|-crit|p2a: Garganacl
|-damage|p2a: Garganacl|25/100
|move|p2a: Garganacl|Salt Cure|p1a: Pelipper
|-supereffective|p1a: Pelipper
|-damage|p1a: Pelipper|31/100
|-start|p1a: Pelipper|Salt Cure
|
|-heal|p2a: Garganacl|31/100|[from] item: Leftovers
|-damage|p1a: Pelipper|6/100|[from] Salt Cure
|upkeep
|turn|21
|
|t:|1743828425
|move|p2a: Garganacl|Protect|p2a: Garganacl
|-singleturn|p2a: Garganacl|Protect
|move|p1a: Pelipper|Hurricane|p2a: Garganacl
|-activate|p2a: Garganacl|move: Protect
|
|-heal|p2a: Garganacl|38/100|[from] item: Leftovers
|-damage|p1a: Pelipper|0 fnt|[from] Salt Cure
|faint|p1a: Pelipper
|upkeep
|
|t:|1743828431
|switch|p1a: Beartic|Beartic, F|100/100
|-damage|p1a: Beartic|76/100|[from] Spikes
|-damage|p1a: Beartic|51/100|[from] Stealth Rock
|turn|22
|
|t:|1743828442
|move|p1a: Beartic|Close Combat|p2a: Garganacl
|-damage|p2a: Garganacl|7/100
|-unboost|p1a: Beartic|def|1
|-unboost|p1a: Beartic|spd|1
|move|p2a: Garganacl|Recover|p2a: Garganacl
|-heal|p2a: Garganacl|57/100
|
|-heal|p2a: Garganacl|64/100|[from] item: Leftovers
|upkeep
|turn|23
|
|t:|1743828455
|move|p1a: Beartic|Icicle Spear|p2a: Garganacl
|-resisted|p2a: Garganacl
|-damage|p2a: Garganacl|59/100
|-resisted|p2a: Garganacl
|-damage|p2a: Garganacl|54/100
|-resisted|p2a: Garganacl
|-damage|p2a: Garganacl|49/100
|-resisted|p2a: Garganacl
|-damage|p2a: Garganacl|44/100
|-hitcount|p2a: Garganacl|4
|move|p2a: Garganacl|Salt Cure|p1a: Beartic
|-supereffective|p1a: Beartic
|-crit|p1a: Beartic
|-damage|p1a: Beartic|0 fnt
|faint|p1a: Beartic
|
|-heal|p2a: Garganacl|50/100|[from] item: Leftovers
|upkeep
|
|t:|1743828462
|switch|p1a: Basculegion|Basculegion, M|100/100
|-damage|p1a: Basculegion|76/100|[from] Spikes
|-damage|p1a: Basculegion|63/100|[from] Stealth Rock
|turn|24
|inactive|Geobat-99 has 120 seconds left.
|
|t:|1743828475
|-terastallize|p1a: Basculegion|Water
|move|p1a: Basculegion|Wave Crash|p2a: Garganacl
|-resisted|p2a: Garganacl
|-damage|p2a: Garganacl|19/100
|-damage|p1a: Basculegion|52/100|[from] Recoil
|move|p2a: Garganacl|Salt Cure|p1a: Basculegion
|-damage|p1a: Basculegion|33/100
|-start|p1a: Basculegion|Salt Cure
|
|-heal|p2a: Garganacl|25/100|[from] item: Leftovers
|-damage|p1a: Basculegion|8/100|[from] Salt Cure
|upkeep
|turn|25
|inactive|Geobat-99 has 120 seconds left.
|
|t:|1743828485
|move|p2a: Garganacl|Protect|p2a: Garganacl
|-singleturn|p2a: Garganacl|Protect
|move|p1a: Basculegion|Wave Crash|p2a: Garganacl
|-activate|p2a: Garganacl|move: Protect
|
|-heal|p2a: Garganacl|31/100|[from] item: Leftovers
|-damage|p1a: Basculegion|0 fnt|[from] Salt Cure
|faint|p1a: Basculegion
|upkeep
|
|t:|1743828500
|switch|p1a: Grimmsnarl|Grimmsnarl, M|100/100
|-damage|p1a: Grimmsnarl|76/100|[from] Spikes
|-damage|p1a: Grimmsnarl|63/100|[from] Stealth Rock
|turn|26
|
|t:|1743828508
|move|p1a: Grimmsnarl|Crunch|p2a: Garganacl
|-damage|p2a: Garganacl|1/100
|-unboost|p2a: Garganacl|def|1
|move|p2a: Garganacl|Salt Cure|p1a: Grimmsnarl
|-damage|p1a: Grimmsnarl|50/100
|-start|p1a: Grimmsnarl|Salt Cure
|
|-heal|p1a: Grimmsnarl|56/100|[from] item: Leftovers
|-heal|p2a: Garganacl|7/100|[from] item: Leftovers
|-damage|p1a: Grimmsnarl|43/100|[from] Salt Cure
|upkeep
|turn|27
|
|t:|1743828519
|move|p2a: Garganacl|Protect|p2a: Garganacl
|-singleturn|p2a: Garganacl|Protect
|move|p1a: Grimmsnarl|Crunch|p2a: Garganacl
|-activate|p2a: Garganacl|move: Protect
|
|-heal|p1a: Grimmsnarl|49/100|[from] item: Leftovers
|-heal|p2a: Garganacl|13/100|[from] item: Leftovers
|-damage|p1a: Grimmsnarl|37/100|[from] Salt Cure
|upkeep
|turn|28
|
|t:|1743828530
|move|p1a: Grimmsnarl|Crunch|p2a: Garganacl
|-damage|p2a: Garganacl|0 fnt
|faint|p2a: Garganacl
|
|-heal|p1a: Grimmsnarl|43/100|[from] item: Leftovers
|-damage|p1a: Grimmsnarl|31/100|[from] Salt Cure
|upkeep
|inactive|Geobat-99 has 120 seconds left.
|
|t:|1743828549
|switch|p2a: Darkrai|Darkrai|100/100
|turn|29
|
|t:|1743828564
|move|p1a: Grimmsnarl|Reflect|p1a: Grimmsnarl
|-sidestart|p1: 918kw|Reflect
|move|p2a: Darkrai|Sludge Bomb|p1a: Grimmsnarl
|-supereffective|p1a: Grimmsnarl
|-damage|p1a: Grimmsnarl|0 fnt
|faint|p1a: Grimmsnarl
|
|win|Geobat-99
|raw|918kw's rating: 1128 &rarr; <strong>1107</strong><br />(-21 for losing)
|raw|Geobat-99's rating: 1179 &rarr; <strong>1200</strong><br />(+21 for winning)
|l|☆918kw
|player|p1|
|l|☆Geobat-99
|player|p2|
