|j|☆owenowen7786
|j|☆RisingCringe
|t:|1743841005
|gametype|singles
|player|p1|owenowen7786|266|1132
|player|p2|RisingCringe|169|1137
|teamsize|p1|6
|teamsize|p2|6
|gen|9
|tier|[Gen 9] OU
|rated|
|rule|HP Percentage Mod: HP is shown in percentages
|rule|Endless Battle Clause: Forcing endless battles is banned
|rule|Species Clause: Limit one of each Pokémon
|rule|OHKO Clause: OHKO moves are banned
|rule|Evasion Items Clause: Evasion items are banned
|rule|Evasion Moves Clause: Evasion moves are banned
|rule|Sleep Moves Clause: Sleep-inducing moves are banned
|clearpoke
|poke|p1|Pecharunt|
|poke|p1|Tinkaton, F|
|poke|p1|Masquerain, M|
|poke|p1|Ceruledge, F|
|poke|p1|Ogerpon-Wellspring, F|
|poke|p1|Iron Crown|
|poke|p2|Araquanid, M|
|poke|p2|Lokix, M|
|poke|p2|Forretress, F|
|poke|p2|Galvantula, M|
|poke|p2|Venomoth, F|
|poke|p2|Scizor, F|
|teampreview
|inactive|Battle timer is ON: inactive players will automatically lose when time's up. (requested by RisingCringe)
|
|t:|1743841016
|start
|switch|p1a: 威嚇蟲|Masquerain, M, shiny|100/100
|switch|p2a: Scizor|Scizor, F|100/100
|-ability|p1a: 威嚇蟲|Intimidate|boost
|-unboost|p2a: Scizor|atk|1
|turn|1
|
|t:|1743841028
|move|p1a: 威嚇蟲|Chilling Water|p2a: Scizor
|-damage|p2a: Scizor|87/100
|-unboost|p2a: Scizor|atk|1
|move|p2a: Scizor|Swords Dance|p2a: Scizor
|-boost|p2a: Scizor|atk|2
|
|upkeep
|turn|2
|
|t:|1743841039
|move|p2a: Scizor|Bullet Punch|p1a: 威嚇蟲
|-crit|p1a: 威嚇蟲
|-damage|p1a: 威嚇蟲|14/100
|-enditem|p1a: 威嚇蟲|Eject Button
|
|t:|1743841046
|switch|p1a: 火之刃|Ceruledge, F, shiny|100/100
|
|upkeep
|turn|3
|
|t:|1743841052
|switch|p2a: Araquanid|Araquanid, M|100/100
|move|p1a: 火之刃|Bitter Blade|p2a: Araquanid
|-damage|p2a: Araquanid|68/100
|-damage|p1a: 火之刃|91/100|[from] item: Life Orb
|
|upkeep
|turn|4
|
|t:|1743841070
|move|p1a: 火之刃|Bitter Blade|p2a: Araquanid
|-damage|p2a: Araquanid|36/100
|-heal|p1a: 火之刃|100/100|[from] drain|[of] p2a: Araquanid
|-damage|p1a: 火之刃|91/100|[from] item: Life Orb
|move|p2a: Araquanid|Sticky Web|p1a: 火之刃
|-sidestart|p1: owenowen7786|move: Sticky Web
|
|upkeep
|turn|5
|
|t:|1743841077
|move|p1a: 火之刃|Bitter Blade|p2a: Araquanid
|-damage|p2a: Araquanid|4/100
|-heal|p1a: 火之刃|100/100|[from] drain|[of] p2a: Araquanid
|-damage|p1a: 火之刃|91/100|[from] item: Life Orb
|move|p2a: Araquanid|Liquidation|p1a: 火之刃
|-supereffective|p1a: 火之刃
|-damage|p1a: 火之刃|0 fnt
|faint|p1a: 火之刃
|
|upkeep
|
|t:|1743841086
|switch|p1a: 威嚇蟲|Masquerain, M, shiny|14/100
|-ability|p1a: 威嚇蟲|Intimidate|boost
|-unboost|p2a: Araquanid|atk|1
|turn|6
|
|t:|1743841093
|switch|p2a: Scizor|Scizor, F|87/100
|move|p1a: 威嚇蟲|Sticky Web|p2a: Scizor
|-sidestart|p2: RisingCringe|move: Sticky Web
|
|upkeep
|turn|7
|
|t:|1743841113
|move|p2a: Scizor|Bullet Punch|p1a: 威嚇蟲
|-damage|p1a: 威嚇蟲|0 fnt
|faint|p1a: 威嚇蟲
|
|upkeep
|
|t:|1743841131
|switch|p1a: 鋼盔|Iron Crown|100/100
|-activate|p1a: 鋼盔|move: Sticky Web
|-unboost|p1a: 鋼盔|spe|1
|-enditem|p1a: 鋼盔|Booster Energy
|-activate|p1a: 鋼盔|ability: Quark Drive|[fromitem]
|-start|p1a: 鋼盔|quarkdrivespa
|turn|8
|
|t:|1743841144
|move|p1a: 鋼盔|Protect|p1a: 鋼盔
|-singleturn|p1a: 鋼盔|Protect
|move|p2a: Scizor|Brick Break|p1a: 鋼盔
|-activate|p1a: 鋼盔|move: Protect
|
|upkeep
|turn|9
|inactive|owenowen7786 has 120 seconds left.
|
|t:|1743841167
|move|p1a: 鋼盔|Tachyon Cutter|p2a: Scizor
|-resisted|p2a: Scizor
|-damage|p2a: Scizor|68/100
|-resisted|p2a: Scizor
|-damage|p2a: Scizor|50/100
|-hitcount|p2a: Scizor|2
|move|p2a: Scizor|Swords Dance|p2a: Scizor
|-boost|p2a: Scizor|atk|2
|
|upkeep
|turn|10
|
|t:|1743841176
|move|p1a: 鋼盔|Tachyon Cutter|p2a: Scizor
|-resisted|p2a: Scizor
|-damage|p2a: Scizor|31/100
|-resisted|p2a: Scizor
|-damage|p2a: Scizor|13/100
|-hitcount|p2a: Scizor|2
|move|p2a: Scizor|Swords Dance|p2a: Scizor
|-boost|p2a: Scizor|atk|2
|
|upkeep
|turn|11
|inactive|owenowen7786 has 120 seconds left.
|
|t:|1743841195
|move|p1a: 鋼盔|Protect|p1a: 鋼盔
|-singleturn|p1a: 鋼盔|Protect
|move|p2a: Scizor|Bullet Punch|p1a: 鋼盔
|-activate|p1a: 鋼盔|move: Protect
|
|upkeep
|turn|12
|inactive|owenowen7786 has 120 seconds left.
|
|t:|1743841211
|move|p2a: Scizor|Bullet Punch|p1a: 鋼盔
|-resisted|p1a: 鋼盔
|-damage|p1a: 鋼盔|45/100
|move|p1a: 鋼盔|Tachyon Cutter|p2a: Scizor
|-resisted|p2a: Scizor
|-damage|p2a: Scizor|0 fnt
|faint|p2a: Scizor
|-hitcount|p2: Scizor|1
|
|upkeep
|
|t:|1743841216
|switch|p2a: Forretress|Forretress, F|100/100
|-activate|p2a: Forretress|move: Sticky Web
|-unboost|p2a: Forretress|spe|1
|turn|13
|
|t:|1743841224
|move|p1a: 鋼盔|Tachyon Cutter|p2a: Forretress
|-resisted|p2a: Forretress
|-damage|p2a: Forretress|76/100
|-resisted|p2a: Forretress
|-damage|p2a: Forretress|51/100
|-hitcount|p2a: Forretress|2
|move|p2a: Forretress|Rapid Spin|p1a: 鋼盔
|-resisted|p1a: 鋼盔
|-damage|p1a: 鋼盔|40/100
|-boost|p2a: Forretress|spe|1
|-sideend|p2: RisingCringe|Sticky Web|[from] move: Rapid Spin|[of] p2a: Forretress
|
|upkeep
|turn|14
|
|t:|1743841253
|move|p1a: 鋼盔|Tachyon Cutter|p2a: Forretress
|-resisted|p2a: Forretress
|-damage|p2a: Forretress|25/100
|-resisted|p2a: Forretress
|-damage|p2a: Forretress|1/100
|-hitcount|p2a: Forretress|2
|move|p2a: Forretress|Stealth Rock|p1a: 鋼盔
|-sidestart|p1: owenowen7786|move: Stealth Rock
|
|upkeep
|turn|15
|
|t:|1743841263
|move|p1a: 鋼盔|Tachyon Cutter|p2a: Forretress
|-resisted|p2a: Forretress
|-crit|p2a: Forretress
|-damage|p2a: Forretress|0 fnt
|faint|p2a: Forretress
|-hitcount|p2: Forretress|1
|
|upkeep
|
|t:|1743841276
|switch|p2a: Lokix|Lokix, M|100/100
|turn|16
|
|t:|1743841285
|move|p2a: Lokix|Knock Off|p1a: 鋼盔
|-supereffective|p1a: 鋼盔
|-damage|p1a: 鋼盔|0 fnt
|faint|p1a: 鋼盔
|-end|p1a: 鋼盔|Quark Drive|[silent]
|
|upkeep
|
|t:|1743841301
|switch|p1a: 麻吉麻吉|Pecharunt|100/100
|-activate|p1a: 麻吉麻吉|move: Sticky Web
|-unboost|p1a: 麻吉麻吉|spe|1
|-damage|p1a: 麻吉麻吉|88/100|[from] Stealth Rock
|turn|17
|
|t:|1743841320
|-terastallize|p1a: 麻吉麻吉|Poison
|move|p2a: Lokix|Knock Off|p1a: 麻吉麻吉
|-damage|p1a: 麻吉麻吉|53/100
|-enditem|p1a: 麻吉麻吉|Black Sludge|[from] move: Knock Off|[of] p2a: Lokix
|move|p1a: 麻吉麻吉|Malignant Chain|p2a: Lokix
|-damage|p2a: Lokix|26/100
|-status|p2a: Lokix|tox
|-start|p2a: Lokix|confusion|[from] ability: Poison Puppeteer|[of] p1a: 麻吉麻吉
|
|-damage|p2a: Lokix|20/100 tox|[from] psn
|upkeep
|turn|18
|
|t:|1743841331
|move|p1a: 麻吉麻吉|Protect|p1a: 麻吉麻吉
|-singleturn|p1a: 麻吉麻吉|Protect
|-activate|p2a: Lokix|confusion
|move|p2a: Lokix|Knock Off|p1a: 麻吉麻吉
|-activate|p1a: 麻吉麻吉|move: Protect
|
|-damage|p2a: Lokix|8/100 tox|[from] psn
|upkeep
|turn|19
|
|t:|1743841344
|-activate|p2a: Lokix|confusion
|move|p2a: Lokix|Knock Off|p1a: 麻吉麻吉
|-damage|p1a: 麻吉麻吉|26/100
|move|p1a: 麻吉麻吉|Recover|p1a: 麻吉麻吉
|-heal|p1a: 麻吉麻吉|76/100
|
|-damage|p2a: Lokix|0 fnt|[from] psn
|faint|p2a: Lokix
|upkeep
|
|t:|1743841351
|switch|p2a: Venomoth|Venomoth, F|100/100
|turn|20
|
|t:|1743841362
|move|p2a: Venomoth|Quiver Dance|p2a: Venomoth
|-boost|p2a: Venomoth|spa|1
|-boost|p2a: Venomoth|spd|1
|-boost|p2a: Venomoth|spe|1
|move|p1a: 麻吉麻吉|Malignant Chain|p2a: Venomoth
|-resisted|p2a: Venomoth
|-damage|p2a: Venomoth|78/100
|
|upkeep
|turn|21
|inactive|RisingCringe has 120 seconds left.
|
|t:|1743841412
|move|p2a: Venomoth|Quiver Dance|p2a: Venomoth
|-boost|p2a: Venomoth|spa|1
|-boost|p2a: Venomoth|spd|1
|-boost|p2a: Venomoth|spe|1
|move|p1a: 麻吉麻吉|Malignant Chain|p2a: Venomoth
|-resisted|p2a: Venomoth
|-damage|p2a: Venomoth|62/100
|
|upkeep
|turn|22
|inactive|owenowen7786 has 120 seconds left.
|
|t:|1743841438
|move|p2a: Venomoth|Bug Buzz|p1a: 麻吉麻吉
|-resisted|p1a: 麻吉麻吉
|-damage|p1a: 麻吉麻吉|24/100
|move|p1a: 麻吉麻吉|Shadow Ball|p2a: Venomoth
|-damage|p2a: Venomoth|44/100
|
|upkeep
|turn|23
|inactive|owenowen7786 has 120 seconds left.
|inactive|RisingCringe has 90 seconds left.
|
|t:|1743841475
|move|p2a: Venomoth|Bug Buzz|p1a: 麻吉麻吉
|-resisted|p1a: 麻吉麻吉
|-damage|p1a: 麻吉麻吉|0 fnt
|faint|p1a: 麻吉麻吉
|
|upkeep
|
|t:|1743841479
|switch|p1a: 水泵|Ogerpon-Wellspring, F|100/100
|-activate|p1a: 水泵|move: Sticky Web
|-unboost|p1a: 水泵|spe|1
|-damage|p1a: 水泵|88/100|[from] Stealth Rock
|turn|24
|inactive|owenowen7786 has 120 seconds left.
|
|t:|1743841502
|move|p2a: Venomoth|Bug Buzz|p1a: 水泵
|-supereffective|p1a: 水泵
|-damage|p1a: 水泵|0 fnt
|faint|p1a: 水泵
|
|upkeep
|
|t:|1743841506
|switch|p1a: 槌錘|Tinkaton, F, shiny|100/100
|-activate|p1a: 槌錘|move: Sticky Web
|-unboost|p1a: 槌錘|spe|1
|-damage|p1a: 槌錘|94/100|[from] Stealth Rock
|-ability|p1a: 槌錘|Mold Breaker
|turn|25
|inactive|owenowen7786 has 120 seconds left.
|inactive|RisingCringe has 90 seconds left.
|
|t:|1743841541
|move|p1a: 槌錘|Fake Out|p2a: Venomoth
|-damage|p2a: Venomoth|26/100
|cant|p2a: Venomoth|flinch
|
|upkeep
|turn|26
|inactive|owenowen7786 has 120 seconds left.
|
|t:|1743841560
|move|p2a: Venomoth|Bug Buzz|p1a: 槌錘
|-resisted|p1a: 槌錘
|-damage|p1a: 槌錘|55/100
|-enditem|p1a: 槌錘|Red Card|[of] p2a: Venomoth
|drag|p2a: Araquanid|Araquanid, M|4/100
|move|p1a: 槌錘|Ice Hammer|p2a: Araquanid
|-resisted|p2a: Araquanid
|-damage|p2a: Araquanid|0 fnt
|-unboost|p1a: 槌錘|spe|1
|faint|p2a: Araquanid
|
|upkeep
|inactive|RisingCringe has 90 seconds left.
|inactive|RisingCringe has 60 seconds left.
|inactive|RisingCringe has 30 seconds left.
|inactive|RisingCringe has 20 seconds left.
|inactive|RisingCringe has 15 seconds left.
|inactive|RisingCringe has 10 seconds left.
|inactive|RisingCringe has 5 seconds left.
|-message|RisingCringe lost due to inactivity.
|
|win|owenowen7786
|raw|owenowen7786's rating: 1132 &rarr; <strong>1157</strong><br />(+25 for winning)
|raw|RisingCringe's rating: 1137 &rarr; <strong>1112</strong><br />(-25 for losing)
|l|☆owenowen7786
|player|p1|
|l|☆RisingCringe
|player|p2|
