|j|☆sdht
|j|☆RyvalMD
|t:|1743866665
|gametype|singles
|player|p1|sdht|265|1553
|player|p2|RyvalMD|1|1562
|teamsize|p1|6
|teamsize|p2|6
|gen|9
|tier|[Gen 9] OU
|rated|
|rule|HP Percentage Mod: HP is shown in percentages
|rule|Endless Battle Clause: Forcing endless battles is banned
|rule|Species Clause: Limit one of each Pokémon
|rule|OHKO Clause: OHKO moves are banned
|rule|Evasion Items Clause: Evasion items are banned
|rule|Evasion Moves Clause: Evasion moves are banned
|rule|Sleep Moves Clause: Sleep-inducing moves are banned
|clearpoke
|poke|p1|Comfey, F|
|poke|p1|Whimsicott, F|
|poke|p1|Iron Moth|
|poke|p1|Walking Wake|
|poke|p1|Great Tusk|
|poke|p1|Ninetales, F|
|poke|p2|Clefable, M|
|poke|p2|Gliscor, F|
|poke|p2|Dragapult, F|
|poke|p2|Kingambit, F|
|poke|p2|Darkrai|
|poke|p2|Slowking-Galar, M|
|teampreview
|
|t:|1743866677
|start
|switch|p1a: Ninetales|Ninetales, F|100/100
|switch|p2a: Gliscor|Gliscor, F|100/100
|-weather|SunnyDay|[from] ability: Drought|[of] p1a: Ninetales
|turn|1
|
|t:|1743866682
|switch|p1a: Walking Wake|Walking Wake|100/100
|-activate|p1a: Walking Wake|ability: Protosynthesis
|-start|p1a: Walking Wake|protosynthesisspe
|move|p2a: Gliscor|Earthquake|p1a: Walking Wake
|-damage|p1a: Walking Wake|70/100
|
|-weather|SunnyDay|[upkeep]
|-status|p2a: Gliscor|tox|[from] item: Toxic Orb
|upkeep
|turn|2
|
|t:|1743866687
|switch|p2a: Slowking|Slowking-Galar, M|100/100
|move|p1a: Walking Wake|Hydro Steam|p2a: Slowking
|-damage|p2a: Slowking|66/100
|
|-weather|SunnyDay|[upkeep]
|upkeep
|turn|3
|
|t:|1743866690
|move|p1a: Walking Wake|Knock Off|p2a: Slowking
|-supereffective|p2a: Slowking
|-damage|p2a: Slowking|32/100
|-enditem|p2a: Slowking|Heavy-Duty Boots|[from] move: Knock Off|[of] p1a: Walking Wake
|-prepare|p2a: Slowking|Chilly Reception|[premajor]
|move|p2a: Slowking|Chilly Reception|p2a: Slowking
|-weather|Snowscape
|-end|p1a: Walking Wake|Protosynthesis
|
|t:|1743866693
|switch|p2a: Dragapult|Dragapult, F|100/100|[from] Chilly Reception
|
|-weather|Snowscape|[upkeep]
|upkeep
|turn|4
|
|t:|1743866700
|move|p2a: Dragapult|Dragon Darts|p1a: Walking Wake
|-supereffective|p1a: Walking Wake
|-damage|p1a: Walking Wake|35/100
|-anim|p2a: Dragapult|Dragon Darts|p1a: Walking Wake
|-supereffective|p1a: Walking Wake
|-damage|p1a: Walking Wake|0 fnt
|faint|p1a: Walking Wake
|-end|p1a: Walking Wake|Protosynthesis|[silent]
|
|-weather|Snowscape|[upkeep]
|upkeep
|
|t:|1743866704
|switch|p1a: Ninetales|Ninetales, F|100/100
|-weather|SunnyDay|[from] ability: Drought|[of] p1a: Ninetales
|turn|5
|
|t:|1743866711
|switch|p1a: Whimsicott|Whimsicott, F|100/100
|move|p2a: Dragapult|U-turn|p1a: Whimsicott
|-damage|p1a: Whimsicott|75/100
|
|t:|1743866723
|switch|p2a: Slowking|Slowking-Galar, M|65/100|[from] U-turn
|
|-weather|SunnyDay|[upkeep]
|upkeep
|turn|6
|
|t:|1743866728
|move|p1a: Whimsicott|Growth|p1a: Whimsicott
|-boost|p1a: Whimsicott|atk|2
|-boost|p1a: Whimsicott|spa|2
|move|p2a: Slowking|Sludge Bomb|p1a: Whimsicott
|-supereffective|p1a: Whimsicott
|-damage|p1a: Whimsicott|0 fnt
|faint|p1a: Whimsicott
|
|-weather|SunnyDay|[upkeep]
|upkeep
|
|t:|1743866731
|switch|p1a: Comfey|Comfey, F|100/100
|turn|7
|
|t:|1743866739
|-terastallize|p1a: Comfey|Water
|move|p1a: Comfey|Growth|p1a: Comfey
|-boost|p1a: Comfey|atk|2
|-boost|p1a: Comfey|spa|2
|-prepare|p2a: Slowking|Chilly Reception|[premajor]
|move|p2a: Slowking|Chilly Reception|p2a: Slowking
|-weather|Snowscape
|
|t:|1743866744
|switch|p2a: Clefable|Clefable, M|100/100|[from] Chilly Reception
|
|-weather|Snowscape|[upkeep]
|upkeep
|turn|8
|
|t:|1743866752
|move|p1a: Comfey|Growth|p1a: Comfey
|-boost|p1a: Comfey|atk|1
|-boost|p1a: Comfey|spa|1
|move|p2a: Clefable|Thunder Wave|p1a: Comfey
|-status|p1a: Comfey|par
|
|-weather|Snowscape|[upkeep]
|upkeep
|turn|9
|
|t:|1743866757
|move|p2a: Clefable|Stealth Rock|p1a: Comfey
|-sidestart|p1: sdht|move: Stealth Rock
|cant|p1a: Comfey|par
|
|-weather|Snowscape|[upkeep]
|upkeep
|turn|10
|
|t:|1743866762
|move|p2a: Clefable|Moonblast|p1a: Comfey
|-damage|p1a: Comfey|70/100 par
|move|p1a: Comfey|Growth|p1a: Comfey
|-boost|p1a: Comfey|atk|1
|-boost|p1a: Comfey|spa|1
|
|-weather|Snowscape|[upkeep]
|upkeep
|turn|11
|
|t:|1743866764
|cant|p1a: Comfey|par
|move|p2a: Clefable|Moonblast|p1a: Comfey
|-damage|p1a: Comfey|36/100 par
|-unboost|p1a: Comfey|spa|1
|
|-weather|none
|upkeep
|turn|12
|
|t:|1743866767
|move|p2a: Clefable|Moonblast|p1a: Comfey
|-damage|p1a: Comfey|1/100 par
|move|p1a: Comfey|Stored Power|p2a: Clefable
|-damage|p2a: Clefable|0 fnt
|faint|p2a: Clefable
|-damage|p1a: Comfey|0 fnt|[from] item: Life Orb
|faint|p1a: Comfey
|
|upkeep
|
|t:|1743866775
|switch|p1a: Ninetales|Ninetales, F|100/100
|switch|p2a: Slowking|Slowking-Galar, M|99/100
|-damage|p1a: Ninetales|76/100|[from] Stealth Rock
|-weather|SunnyDay|[from] ability: Drought|[of] p1a: Ninetales
|turn|13
|l|☆RyvalMD
|player|p2|
|j|☆RyvalMD
|player|p2|RyvalMD|1|
|l|☆RyvalMD
|player|p2|
|j|☆RyvalMD
|player|p2|RyvalMD|1|
|
|t:|1743866823
|switch|p1a: Great Tusk|Great Tusk|100/100
|-damage|p1a: Great Tusk|98/100|[from] Stealth Rock
|-activate|p1a: Great Tusk|ability: Protosynthesis
|-start|p1a: Great Tusk|protosynthesisspe
|-prepare|p2a: Slowking|Chilly Reception|[premajor]
|move|p2a: Slowking|Chilly Reception|p2a: Slowking
|-weather|Snowscape
|-end|p1a: Great Tusk|Protosynthesis
|
|t:|1743866830
|switch|p2a: Dragapult|Dragapult, F|100/100|[from] Chilly Reception
|
|-weather|Snowscape|[upkeep]
|upkeep
|turn|14
|
|t:|1743866832
|move|p2a: Dragapult|Will-O-Wisp|p1a: Great Tusk|[miss]
|-miss|p2a: Dragapult|p1a: Great Tusk
|move|p1a: Great Tusk|Ice Spinner|p2a: Dragapult
|-supereffective|p2a: Dragapult
|-damage|p2a: Dragapult|29/100
|
|-weather|Snowscape|[upkeep]
|upkeep
|turn|15
|
|t:|1743866835
|move|p2a: Dragapult|Will-O-Wisp|p1a: Great Tusk|[miss]
|-miss|p2a: Dragapult|p1a: Great Tusk
|move|p1a: Great Tusk|Rapid Spin|p2a: Dragapult
|-immune|p2a: Dragapult
|
|-weather|Snowscape|[upkeep]
|upkeep
|turn|16
|
|t:|1743866840
|-end|p1a: Great Tusk|Protosynthesis|[silent]
|switch|p1a: Ninetales|Ninetales, F|76/100
|-damage|p1a: Ninetales|51/100|[from] Stealth Rock
|-weather|SunnyDay|[from] ability: Drought|[of] p1a: Ninetales
|move|p2a: Dragapult|Will-O-Wisp|p1a: Ninetales|[miss]
|-miss|p2a: Dragapult|p1a: Ninetales
|
|-weather|SunnyDay|[upkeep]
|upkeep
|turn|17
|
|t:|1743866844
|switch|p1a: Great Tusk|Great Tusk|98/100
|-damage|p1a: Great Tusk|95/100|[from] Stealth Rock
|-activate|p1a: Great Tusk|ability: Protosynthesis
|-start|p1a: Great Tusk|protosynthesisspe
|move|p2a: Dragapult|Dragon Darts|p1a: Great Tusk
|-damage|p1a: Great Tusk|81/100
|-anim|p2a: Dragapult|Dragon Darts|p1a: Great Tusk
|-damage|p1a: Great Tusk|68/100
|
|-weather|SunnyDay|[upkeep]
|upkeep
|turn|18
|
|t:|1743866852
|switch|p2a: Kingambit|Kingambit, F|100/100
|-activate|p2a: Kingambit|ability: Supreme Overlord
|-start|p2a: Kingambit|fallen1|[silent]
|move|p1a: Great Tusk|Ice Spinner|p2a: Kingambit
|-resisted|p2a: Kingambit
|-damage|p2a: Kingambit|92/100
|
|-weather|SunnyDay|[upkeep]
|upkeep
|turn|19
|
|t:|1743866857
|-terastallize|p2a: Kingambit|Flying
|move|p1a: Great Tusk|Headlong Rush|p2a: Kingambit
|-immune|p2a: Kingambit
|move|p2a: Kingambit|Low Kick|p1a: Great Tusk
|-damage|p1a: Great Tusk|36/100
|-damage|p2a: Kingambit|75/100|[from] item: Rocky Helmet|[of] p1a: Great Tusk
|
|-weather|SunnyDay|[upkeep]
|upkeep
|turn|20
|
|t:|1743866861
|move|p1a: Great Tusk|Ice Spinner|p2a: Kingambit
|-supereffective|p2a: Kingambit
|-damage|p2a: Kingambit|43/100
|move|p2a: Kingambit|Low Kick|p1a: Great Tusk
|-damage|p1a: Great Tusk|5/100
|-damage|p2a: Kingambit|26/100|[from] item: Rocky Helmet|[of] p1a: Great Tusk
|
|-weather|SunnyDay|[upkeep]
|upkeep
|turn|21
|j| 54 insane rats
|
|t:|1743866865
|move|p2a: Kingambit|Sucker Punch|p1a: Great Tusk
|-resisted|p1a: Great Tusk
|-damage|p1a: Great Tusk|0 fnt
|-damage|p2a: Kingambit|10/100|[from] item: Rocky Helmet|[of] p1a: Great Tusk
|faint|p1a: Great Tusk
|-end|p1a: Great Tusk|Protosynthesis|[silent]
|
|-weather|SunnyDay|[upkeep]
|upkeep
|
|t:|1743866867
|switch|p1a: Iron Moth|Iron Moth|100/100
|-damage|p1a: Iron Moth|76/100|[from] Stealth Rock
|-enditem|p1a: Iron Moth|Booster Energy
|-activate|p1a: Iron Moth|ability: Quark Drive|[fromitem]
|-start|p1a: Iron Moth|quarkdrivespa
|turn|22
|l|☆RyvalMD
|player|p2|
|j|☆RyvalMD
|player|p2|RyvalMD|1|
|
|t:|1743866899
|move|p2a: Kingambit|Sucker Punch|p1a: Iron Moth
|-damage|p1a: Iron Moth|0 fnt
|faint|p1a: Iron Moth
|-end|p1a: Iron Moth|Quark Drive|[silent]
|
|-weather|SunnyDay|[upkeep]
|upkeep
|l|☆sdht
|player|p1|
|l|☆RyvalMD
|player|p2|
|j|☆RyvalMD
|player|p2|RyvalMD|1|
|inactive|Battle timer is ON: inactive players will automatically lose when time's up. (requested by RyvalMD)
|l|☆RyvalMD
|inactive|RyvalMD disconnected and has a minute to reconnect!
|player|p2|
|j|☆RyvalMD
|inactive|RyvalMD reconnected.
|player|p2|RyvalMD|1|
|inactive|sdht has 30 seconds to reconnect!
|inactive|sdht has 20 seconds to reconnect!
|inactive|sdht has 15 seconds to reconnect!
|inactive|sdht has 10 seconds to reconnect!
|inactive|sdht has 5 seconds to reconnect!
|-message|sdht lost due to inactivity.
|
|win|RyvalMD
|raw|sdht's rating: 1553 &rarr; <strong>1534</strong><br />(-19 for losing)
|raw|RyvalMD's rating: 1562 &rarr; <strong>1581</strong><br />(+19 for winning)
|l| 54 insane rats
|l|☆RyvalMD
|player|p2|
