|j|☆tyvubin
|j|☆dthcyj
|t:|1743869029
|gametype|singles
|player|p1|tyvubin|101|1153
|player|p2|dthcyj|policeman-gen4|1185
|teamsize|p1|6
|teamsize|p2|6
|gen|9
|tier|[Gen 9] OU
|rated|
|rule|HP Percentage Mod: HP is shown in percentages
|rule|Endless Battle Clause: Forcing endless battles is banned
|rule|Species Clause: Limit one of each Pokémon
|rule|OHKO Clause: OHKO moves are banned
|rule|Evasion Items Clause: Evasion items are banned
|rule|Evasion Moves Clause: Evasion moves are banned
|rule|Sleep Moves Clause: Sleep-inducing moves are banned
|clearpoke
|poke|p1|Porygon2|
|poke|p1|Skuntank, M|
|poke|p1|Galvantula, M|
|poke|p1|Lilligant-Hisui, F|
|poke|p1|Copperajah, F|
|poke|p1|Cramorant, M|
|poke|p2|Pelipper, M|
|poke|p2|Barraskewda, F|
|poke|p2|Meowscarada, F|
|poke|p2|Incineroar, F|
|poke|p2|Zapdos|
|poke|p2|Iron Treads|
|teampreview
|
|t:|1743869038
|start
|switch|p1a: Galvantula|Galvantula, M|100/100
|switch|p2a: Incineroar|Incineroar, F, shiny|100/100
|-ability|p2a: Incineroar|Intimidate|boost
|-unboost|p1a: Galvantula|atk|1
|turn|1
|inactive|Battle timer is ON: inactive players will automatically lose when time's up. (requested by dthcyj)
|
|t:|1743869078
|switch|p1a: Cramorant|Cramorant, M|100/100
|move|p2a: Incineroar|Knock Off|p1a: Cramorant
|-damage|p1a: Cramorant|17/100
|-enditem|p1a: Cramorant|Mystic Water|[from] move: Knock Off|[of] p2a: Incineroar
|
|upkeep
|turn|2
|
|t:|1743869093
|switch|p2a: Zapdos|Zapdos, shiny|100/100
|move|p1a: Cramorant|Hydro Pump|p2a: Zapdos
|-damage|p2a: Zapdos|56/100
|
|upkeep
|turn|3
|
|t:|1743869101
|move|p2a: Zapdos|Roost|p2a: Zapdos
|-heal|p2a: Zapdos|100/100
|-singleturn|p2a: Zapdos|move: Roost
|move|p1a: Cramorant|Tailwind|p1a: Cramorant
|-sidestart|p1: tyvubin|move: Tailwind
|
|upkeep
|turn|4
|
|t:|1743869125
|move|p1a: Cramorant|Hydro Pump|p2a: Zapdos
|-damage|p2a: Zapdos|62/100
|move|p2a: Zapdos|Thunder Wave|p1a: Cramorant
|-status|p1a: Cramorant|par
|
|upkeep
|turn|5
|
|t:|1743869135
|move|p2a: Zapdos|Roost|p2a: Zapdos
|-heal|p2a: Zapdos|100/100
|-singleturn|p2a: Zapdos|move: Roost
|move|p1a: Cramorant|Hydro Pump|p2a: Zapdos
|-damage|p2a: Zapdos|59/100
|
|upkeep
|turn|6
|
|t:|1743869142
|move|p2a: Zapdos|Roost|p2a: Zapdos
|-heal|p2a: Zapdos|100/100
|-singleturn|p2a: Zapdos|move: Roost
|move|p1a: Cramorant|Hydro Pump|p2a: Zapdos
|-damage|p2a: Zapdos|60/100
|
|-sideend|p1: tyvubin|move: Tailwind
|upkeep
|turn|7
|
|t:|1743869152
|move|p2a: Zapdos|Roost|p2a: Zapdos
|-heal|p2a: Zapdos|100/100
|-singleturn|p2a: Zapdos|move: Roost
|move|p1a: Cramorant|Tailwind|p1a: Cramorant
|-sidestart|p1: tyvubin|move: Tailwind
|
|upkeep
|turn|8
|
|t:|1743869161
|switch|p1a: Copperajah|Copperajah, F|100/100
|move|p2a: Zapdos|Hurricane|p1a: Copperajah|[miss]
|-miss|p2a: Zapdos|p1a: Copperajah
|
|upkeep
|turn|9
|
|t:|1743869175
|switch|p2a: Incineroar|Incineroar, F, shiny|100/100
|-ability|p2a: Incineroar|Intimidate|boost
|-unboost|p1a: Copperajah|atk|1
|-terastallize|p1a: Copperajah|Ground
|move|p1a: Copperajah|Iron Head|p2a: Incineroar
|-resisted|p2a: Incineroar
|-damage|p2a: Incineroar|85/100
|
|-heal|p2a: Incineroar|91/100|[from] item: Leftovers
|upkeep
|turn|10
|
|t:|1743869190
|move|p1a: Copperajah|Earthquake|p2a: Incineroar
|-supereffective|p2a: Incineroar
|-damage|p2a: Incineroar|37/100
|move|p2a: Incineroar|Will-O-Wisp|p1a: Copperajah
|-status|p1a: Copperajah|brn
|
|-heal|p2a: Incineroar|43/100|[from] item: Leftovers
|-damage|p1a: Copperajah|94/100 brn|[from] brn
|-sideend|p1: tyvubin|move: Tailwind
|upkeep
|turn|11
|
|t:|1743869199
|move|p2a: Incineroar|Drain Punch|p1a: Copperajah
|-damage|p1a: Copperajah|72/100 brn
|-heal|p2a: Incineroar|56/100|[from] drain|[of] p1a: Copperajah
|-damage|p2a: Incineroar|40/100|[from] item: Rocky Helmet|[of] p1a: Copperajah
|move|p1a: Copperajah|Stealth Rock|p2a: Incineroar
|-sidestart|p2: dthcyj|move: Stealth Rock
|
|-heal|p2a: Incineroar|46/100|[from] item: Leftovers
|-damage|p1a: Copperajah|65/100 brn|[from] brn
|upkeep
|turn|12
|
|t:|1743869208
|move|p2a: Incineroar|Knock Off|p1a: Copperajah
|-damage|p1a: Copperajah|27/100 brn
|-damage|p2a: Incineroar|29/100|[from] item: Rocky Helmet|[of] p1a: Copperajah
|-enditem|p1a: Copperajah|Rocky Helmet|[from] move: Knock Off|[of] p2a: Incineroar
|move|p1a: Copperajah|Earthquake|p2a: Incineroar
|-supereffective|p2a: Incineroar
|-damage|p2a: Incineroar|2/100
|
|-heal|p2a: Incineroar|8/100|[from] item: Leftovers
|-damage|p1a: Copperajah|21/100 brn|[from] brn
|upkeep
|turn|13
|
|t:|1743869218
|move|p2a: Incineroar|Drain Punch|p1a: Copperajah
|-damage|p1a: Copperajah|0 fnt
|-heal|p2a: Incineroar|20/100|[from] drain|[of] p1a: Copperajah
|faint|p1a: Copperajah
|
|-heal|p2a: Incineroar|26/100|[from] item: Leftovers
|upkeep
|
|t:|1743869228
|switch|p1a: Lilligant|Lilligant-Hisui, F|100/100
|turn|14
|
|t:|1743869241
|switch|p2a: Zapdos|Zapdos, shiny|100/100
|move|p1a: Lilligant|Axe Kick|p2a: Zapdos
|-resisted|p2a: Zapdos
|-damage|p2a: Zapdos|60/100
|-damage|p1a: Lilligant|91/100|[from] item: Life Orb
|
|upkeep
|turn|15
|
|t:|1743869250
|move|p1a: Lilligant|Ice Spinner|p2a: Zapdos
|-supereffective|p2a: Zapdos
|-damage|p2a: Zapdos|0 fnt
|-status|p1a: Lilligant|par|[from] ability: Static|[of] p2a: Zapdos
|faint|p2a: Zapdos
|-damage|p1a: Lilligant|81/100 par|[from] item: Life Orb
|
|upkeep
|
|t:|1743869265
|switch|p2a: Barraskewda|Barraskewda, F, shiny|100/100
|-damage|p2a: Barraskewda|88/100|[from] Stealth Rock
|turn|16
|
|t:|1743869269
|move|p2a: Barraskewda|Psychic Fangs|p1a: Lilligant
|-supereffective|p1a: Lilligant
|-damage|p1a: Lilligant|0 fnt
|faint|p1a: Lilligant
|
|upkeep
|
|t:|1743869273
|switch|p1a: Skuntank|Skuntank, M|100/100
|turn|17
|
|t:|1743869286
|switch|p2a: Iron Treads|Iron Treads|100/100
|-damage|p2a: Iron Treads|97/100|[from] Stealth Rock
|-item|p2a: Iron Treads|Air Balloon
|move|p1a: Skuntank|Gunk Shot|p2a: Iron Treads
|-immune|p2a: Iron Treads
|
|upkeep
|turn|18
|
|t:|1743869307
|switch|p1a: Cramorant|Cramorant, M|17/100 par
|move|p2a: Iron Treads|Stealth Rock|p1a: Cramorant
|-sidestart|p1: tyvubin|move: Stealth Rock
|
|upkeep
|turn|19
|
|t:|1743869313
|move|p2a: Iron Treads|Rapid Spin|p1a: Cramorant
|-damage|p1a: Cramorant|0 fnt
|-boost|p2a: Iron Treads|spe|1
|-sideend|p2: dthcyj|Stealth Rock|[from] move: Rapid Spin|[of] p2a: Iron Treads
|faint|p1a: Cramorant
|
|upkeep
|
|t:|1743869320
|switch|p1a: Galvantula|Galvantula, M|100/100
|-damage|p1a: Galvantula|76/100|[from] Stealth Rock
|turn|20
|
|t:|1743869326
|move|p2a: Iron Treads|Earthquake|p1a: Galvantula
|-damage|p1a: Galvantula|0 fnt
|faint|p1a: Galvantula
|
|upkeep
|
|t:|1743869330
|switch|p1a: Skuntank|Skuntank, M|100/100
|-damage|p1a: Skuntank|88/100|[from] Stealth Rock
|turn|21
|
|t:|1743869337
|move|p2a: Iron Treads|Earthquake|p1a: Skuntank
|-supereffective|p1a: Skuntank
|-damage|p1a: Skuntank|0 fnt
|faint|p1a: Skuntank
|
|upkeep
|
|t:|1743869341
|switch|p1a: Porygon2|Porygon2|100/100
|-damage|p1a: Porygon2|88/100|[from] Stealth Rock
|-ability|p1a: Porygon2|Download|boost
|-boost|p1a: Porygon2|spa|1
|turn|22
|
|t:|1743869348
|move|p2a: Iron Treads|Earthquake|p1a: Porygon2
|-damage|p1a: Porygon2|59/100
|move|p1a: Porygon2|Ice Beam|p2a: Iron Treads
|-crit|p2a: Iron Treads
|-damage|p2a: Iron Treads|25/100
|-enditem|p2a: Iron Treads|Air Balloon
|
|upkeep
|turn|23
|
|t:|1743869357
|move|p2a: Iron Treads|Earthquake|p1a: Porygon2
|-damage|p1a: Porygon2|26/100
|move|p1a: Porygon2|Ice Beam|p2a: Iron Treads
|-damage|p2a: Iron Treads|0 fnt
|faint|p2a: Iron Treads
|-end|p2a: Iron Treads|Quark Drive|[silent]
|
|upkeep
|
|t:|1743869364
|switch|p2a: Meowscarada|Meowscarada, F, shiny|100/100
|turn|24
|
|t:|1743869368
|move|p2a: Meowscarada|Flower Trick|p1a: Porygon2
|-start|p2a: Meowscarada|typechange|Grass|[from] ability: Protean
|-crit|p1a: Porygon2
|-damage|p1a: Porygon2|0 fnt
|faint|p1a: Porygon2
|
|win|dthcyj
|raw|tyvubin's rating: 1153 &rarr; <strong>1130</strong><br />(-23 for losing)
|raw|dthcyj's rating: 1185 &rarr; <strong>1208</strong><br />(+23 for winning)
|l|☆tyvubin
|player|p1|
|l|☆dthcyj
|player|p2|
