|badge|p1|bronze|gen9ubers|100-5
|uhtml|medal-msg|<div class="broadcast-blue">Curious what those medals under the avatar are? PS now has Ladder Seasons! For more information, check out the <a href="https://www.smogon.com/forums/threads/3740067/">thread on Smogon.</a></div>
|j|☆Skyiew
|j|☆Agera's ALT
|inactive|Battle timer is ON: inactive players will automatically lose when time's up.
|t:|1743874546
|gametype|singles
|player|p1|Skyiew|#adpl|
|player|p2|Agera's ALT|blue-masters|
|teamsize|p1|6
|teamsize|p2|6
|gen|9
|tier|[Gen 9] OU
|rated|Tournament battle
|rule|HP Percentage Mod: HP is shown in percentages
|rule|Endless Battle Clause: Forcing endless battles is banned
|rule|Species Clause: Limit one of each Pokémon
|rule|OHKO Clause: OHKO moves are banned
|rule|Evasion Items Clause: Evasion items are banned
|rule|Evasion Moves Clause: Evasion moves are banned
|rule|Sleep Moves Clause: Sleep-inducing moves are banned
|clearpoke
|poke|p1|Slowking-Galar, F|
|poke|p1|Corviknight, F|
|poke|p1|Dragapult, F|
|poke|p1|Garganacl, M|
|poke|p1|Great Tusk|
|poke|p1|Ogerpon-Wellspring, F|
|poke|p2|Araquanid, F|
|poke|p2|Iron Treads|
|poke|p2|Kingambit, F|
|poke|p2|Enamorus, F|
|poke|p2|Iron Valiant|
|poke|p2|Iron Moth|
|teampreview
|j|*Lady Monita ❄
|j| UKRYD
|j| BB-8-NU
|j| ScottOBrian
|c|☆Agera's ALT|hf!
|j| dwagone
|c|☆Skyiew|hf
|j| parkour2highladder
|
|t:|1743874558
|start
|switch|p1a: Ogerpon|Ogerpon-Wellspring, F|100/100
|switch|p2a: Beaches|Araquanid, F|100/100
|turn|1
|j| jjfangs3
|j| gallarin
|
|t:|1743874565
|move|p1a: Ogerpon|Swords Dance|p1a: Ogerpon
|-boost|p1a: Ogerpon|atk|2
|move|p2a: Beaches|Sticky Web|p1a: Ogerpon
|-sidestart|p1: Skyiew|move: Sticky Web
|
|upkeep
|turn|2
|j| Airi Pearl
|j| sayyonara
|j| The Devils
|
|t:|1743874572
|move|p1a: Ogerpon|Ivy Cudgel|p2a: Beaches|[anim] Ivy Cudgel Water
|-resisted|p2a: Beaches
|-damage|p2a: Beaches|37/100
|move|p2a: Beaches|Endeavor|p1a: Ogerpon
|-damage|p1a: Ogerpon|41/100
|
|upkeep
|turn|3
|c| sayyonara|entrei na room so pra ver vc ser amassado Skyiew
|
|t:|1743874580
|move|p2a: Beaches|Endure|p2a: Beaches
|-singleturn|p2a: Beaches|move: Endure
|move|p1a: Ogerpon|Swords Dance|p1a: Ogerpon
|-boost|p1a: Ogerpon|atk|2
|
|upkeep
|turn|4
|j|@Rio Vidal
|c| sayyonara|pqp
|c| sayyonara|nunca critiquei
|
|t:|1743874587
|move|p2a: Beaches|Endure||[still]
|-fail|p2a: Beaches
|move|p1a: Ogerpon|Horn Leech|p2a: Beaches
|-damage|p2a: Beaches|0 fnt
|-heal|p1a: Ogerpon|62/100|[from] drain|[of] p2a: Beaches
|faint|p2a: Beaches
|
|upkeep
|c| jjfangs3|good try rico
|
|t:|1743874603
|switch|p2a: 10:36|Iron Treads|100/100
|-enditem|p2a: 10:36|Booster Energy
|-activate|p2a: 10:36|ability: Quark Drive|[fromitem]
|-start|p2a: 10:36|quarkdrivespe
|turn|5
|c| jjfangs3|rio not rico lmao
|
|t:|1743874610
|move|p2a: 10:36|Steel Beam|p1a: Ogerpon
|-resisted|p1a: Ogerpon
|-crit|p1a: Ogerpon
|-damage|p1a: Ogerpon|16/100
|-damage|p2a: 10:36|50/100|[from] steelbeam
|move|p1a: Ogerpon|Horn Leech|p2a: 10:36
|-damage|p2a: 10:36|0 fnt
|-heal|p1a: Ogerpon|43/100|[from] drain|[of] p2a: 10:36
|faint|p2a: 10:36
|-end|p2a: 10:36|Quark Drive|[silent]
|
|upkeep
|
|t:|1743874632
|switch|p2a: Magdalene|Iron Moth|100/100
|-enditem|p2a: Magdalene|Booster Energy
|-activate|p2a: Magdalene|ability: Quark Drive|[fromitem]
|-start|p2a: Magdalene|quarkdrivespa
|turn|6
|
|t:|1743874637
|move|p1a: Ogerpon|Ivy Cudgel|p2a: Magdalene|[anim] Ivy Cudgel Water
|-supereffective|p2a: Magdalene
|-damage|p2a: Magdalene|0 fnt
|faint|p2a: Magdalene
|-end|p2a: Magdalene|Quark Drive|[silent]
|
|upkeep
|
|t:|1743874642
|switch|p2a: Everest|Kingambit, F|100/100
|-activate|p2a: Everest|ability: Supreme Overlord
|-start|p2a: Everest|fallen3|[silent]
|-item|p2a: Everest|Air Balloon
|turn|7
|c|☆Agera's ALT|welp
|c|☆Agera's ALT|ggs
|c|☆Agera's ALT|xD
|
|t:|1743874650
|move|p1a: Ogerpon|Ivy Cudgel|p2a: Everest|[anim] Ivy Cudgel Water
|-damage|p2a: Everest|0 fnt
|-enditem|p2a: Everest|Air Balloon
|faint|p2a: Everest
|-end|p2a: Everest|fallen3|[silent]
|
|upkeep
|
|t:|1743874652
|switch|p2a: Forest|Iron Valiant|100/100
|-enditem|p2a: Forest|Booster Energy
|-activate|p2a: Forest|ability: Quark Drive|[fromitem]
|-start|p2a: Forest|quarkdrivespa
|turn|8
|c|☆Skyiew|gg
|c| sayyonara|bah q surra eh essa
|c| sayyonara|cara tem familia
|
|t:|1743874658
|move|p2a: Forest|Vacuum Wave|p1a: Ogerpon
|-damage|p1a: Ogerpon|8/100
|move|p1a: Ogerpon|Ivy Cudgel|p2a: Forest|[anim] Ivy Cudgel Water
|-damage|p2a: Forest|0 fnt
|faint|p2a: Forest
|-end|p2a: Forest|Quark Drive|[silent]
|
|upkeep
|
|t:|1743874660
|switch|p2a: Yoshimi|Enamorus, F|100/100
|turn|9
|c|☆Skyiew|tnc
|c|☆Skyiew|pior jogo
|c|☆Skyiew|da historia
|c| sayyonara|kkkkkkkkk
|
|t:|1743874668
|move|p1a: Ogerpon|Horn Leech|p2a: Yoshimi
|-resisted|p2a: Yoshimi
|-damage|p2a: Yoshimi|0 fnt
|-heal|p1a: Ogerpon|56/100|[from] drain|[of] p2a: Yoshimi
|faint|p2a: Yoshimi
|
|win|Skyiew
|n|☆Skyiew|skyiew
|n|☆Agera's ALT|agerasalt
|n|*Lady Monita ❄|ladymonita
|n| UKRYD|ukryd
|n| BB-8-NU|bb8nu
|n| ScottOBrian|scottobrian
|n| dwagone|dwagone
|n| parkour2highladder|parkour2highladder
|n| jjfangs3|jjfangs3
|n| gallarin|gallarin
|n| Airi Pearl|airipearl
|n| sayyonara|sayyonara
|n| The Devils|thedevils
|n|@Rio Vidal|riovidal
