|j|☆nadn2ioand29ian
|j|☆coconutwader
|t:|1743836995
|gametype|singles
|player|p1|nadn2ioand29ian|169|1126
|player|p2|coconutwader|blue|1098
|teamsize|p1|6
|teamsize|p2|6
|gen|9
|tier|[Gen 9] OU
|rated|
|rule|HP Percentage Mod: HP is shown in percentages
|rule|Endless Battle Clause: Forcing endless battles is banned
|rule|Species Clause: Limit one of each Pokémon
|rule|OHKO Clause: OHKO moves are banned
|rule|Evasion Items Clause: Evasion items are banned
|rule|Evasion Moves Clause: Evasion moves are banned
|rule|Sleep Moves Clause: Sleep-inducing moves are banned
|clearpoke
|poke|p1|Samurott-Hisui, F|
|poke|p1|Iron Valiant|
|poke|p1|Kingambit, F|
|poke|p1|Shiftry, M|
|poke|p1|Deoxys-Speed|
|poke|p1|Golurk|
|poke|p2|Glimmora, F|
|poke|p2|Dragapult, M|
|poke|p2|Corviknight, F|
|poke|p2|Gliscor, M|
|poke|p2|Enamorus, F|
|poke|p2|Blissey, F|
|teampreview
|
|t:|1743836999
|start
|switch|p1a: Deoxys|Deoxys-Speed|100/100
|switch|p2a: Glimmora|Glimmora, F|100/100
|-ability|p1a: Deoxys|Pressure
|turn|1
|
|t:|1743837008
|move|p1a: Deoxys|Taunt|p2a: Glimmora
|-start|p2a: Glimmora|move: Taunt
|cant|p2a: Glimmora|move: Taunt|Stealth Rock
|
|upkeep
|turn|2
|
|t:|1743837016
|move|p1a: Deoxys|Psycho Boost|p2a: Glimmora
|-supereffective|p2a: Glimmora
|-enditem|p2a: Glimmora|Focus Sash
|-damage|p2a: Glimmora|1/100
|-unboost|p1a: Deoxys|spa|2
|move|p2a: Glimmora|Mortal Spin|p1a: Deoxys
|-damage|p1a: Deoxys|91/100
|-status|p1a: Deoxys|psn
|
|-damage|p1a: Deoxys|78/100 psn|[from] psn
|upkeep
|turn|3
|
|t:|1743837032
|move|p1a: Deoxys|Knock Off|p2a: Glimmora
|-damage|p2a: Glimmora|0 fnt
|-activate|p2a: Glimmora|ability: Toxic Debris
|-sidestart|p1: nadn2ioand29ian|move: Toxic Spikes
|faint|p2a: Glimmora
|
|-damage|p1a: Deoxys|66/100 psn|[from] psn
|upkeep
|
|t:|1743837038
|switch|p2a: Enamorus|Enamorus, F|100/100
|turn|4
|
|t:|1743837043
|move|p2a: Enamorus|Moonblast|p1a: Deoxys
|-damage|p1a: Deoxys|0 fnt
|faint|p1a: Deoxys
|
|upkeep
|
|t:|1743837055
|switch|p1a: Golurk|Golurk|100/100
|-status|p1a: Golurk|psn
|turn|5
|
|t:|1743837070
|switch|p2a: Corviknight|Corviknight, F|100/100
|-ability|p2a: Corviknight|Unnerve
|move|p1a: Golurk|Ice Punch|p2a: Corviknight
|-damage|p2a: Corviknight|69/100
|-damage|p1a: Golurk|84/100 psn|[from] item: Rocky Helmet|[of] p2a: Corviknight
|
|-damage|p1a: Golurk|72/100 psn|[from] psn
|upkeep
|turn|6
|
|t:|1743837080
|move|p1a: Golurk|Ice Punch|p2a: Corviknight
|-damage|p2a: Corviknight|36/100
|-damage|p1a: Golurk|55/100 psn|[from] item: Rocky Helmet|[of] p2a: Corviknight
|move|p2a: Corviknight|Iron Defense|p2a: Corviknight
|-boost|p2a: Corviknight|def|2
|
|-damage|p1a: Golurk|43/100 psn|[from] psn
|upkeep
|turn|7
|
|t:|1743837089
|move|p1a: Golurk|Ice Punch|p2a: Corviknight
|-damage|p2a: Corviknight|20/100
|-damage|p1a: Golurk|26/100 psn|[from] item: Rocky Helmet|[of] p2a: Corviknight
|move|p2a: Corviknight|Roost|p2a: Corviknight
|-heal|p2a: Corviknight|70/100
|-singleturn|p2a: Corviknight|move: Roost
|
|-damage|p1a: Golurk|14/100 psn|[from] psn
|upkeep
|turn|8
|
|t:|1743837099
|move|p1a: Golurk|Ice Punch|p2a: Corviknight
|-damage|p2a: Corviknight|55/100
|-damage|p1a: Golurk|0 fnt|[from] item: Rocky Helmet|[of] p2a: Corviknight
|faint|p1a: Golurk
|move|p2a: Corviknight|Iron Defense|p2a: Corviknight
|-boost|p2a: Corviknight|def|2
|
|upkeep
|
|t:|1743837105
|switch|p1a: Iron Valiant|Iron Valiant|100/100
|-status|p1a: Iron Valiant|psn
|-enditem|p1a: Iron Valiant|Booster Energy
|-activate|p1a: Iron Valiant|ability: Quark Drive|[fromitem]
|-start|p1a: Iron Valiant|quarkdrivespe
|turn|9
|
|t:|1743837112
|move|p1a: Iron Valiant|Aura Sphere|p2a: Corviknight
|-damage|p2a: Corviknight|29/100
|move|p2a: Corviknight|Body Press|p1a: Iron Valiant
|-resisted|p1a: Iron Valiant
|-damage|p1a: Iron Valiant|64/100 psn
|
|-damage|p1a: Iron Valiant|51/100 psn|[from] psn
|upkeep
|turn|10
|
|t:|1743837121
|move|p1a: Iron Valiant|Aura Sphere|p2a: Corviknight
|-damage|p2a: Corviknight|0 fnt
|faint|p2a: Corviknight
|
|-damage|p1a: Iron Valiant|39/100 psn|[from] psn
|upkeep
|
|t:|1743837129
|switch|p2a: Enamorus|Enamorus, F|100/100
|turn|11
|
|t:|1743837134
|move|p1a: Iron Valiant|Moonblast|p2a: Enamorus
|-damage|p2a: Enamorus|36/100
|move|p2a: Enamorus|Moonblast|p1a: Iron Valiant
|-supereffective|p1a: Iron Valiant
|-damage|p1a: Iron Valiant|0 fnt
|faint|p1a: Iron Valiant
|-end|p1a: Iron Valiant|Quark Drive|[silent]
|
|upkeep
|
|t:|1743837152
|switch|p1a: Samurott|Samurott-Hisui, F|100/100
|-status|p1a: Samurott|psn
|-enditem|p1a: Samurott|Lum Berry|[eat]
|-curestatus|p1a: Samurott|psn|[msg]
|turn|12
|
|t:|1743837158
|move|p1a: Samurott|Aqua Jet|p2a: Enamorus
|-damage|p2a: Enamorus|6/100
|move|p2a: Enamorus|Moonblast|p1a: Samurott
|-supereffective|p1a: Samurott
|-damage|p1a: Samurott|0 fnt
|faint|p1a: Samurott
|
|upkeep
|
|t:|1743837181
|switch|p1a: Shiftry|Shiftry, M|100/100
|-status|p1a: Shiftry|psn
|turn|13
|
|t:|1743837185
|-terastallize|p1a: Shiftry|Ice
|move|p2a: Enamorus|Moonblast|p1a: Shiftry
|-damage|p1a: Shiftry|20/100 psn
|-unboost|p1a: Shiftry|spa|1
|move|p1a: Shiftry|Tailwind|p1a: Shiftry
|-sidestart|p1: nadn2ioand29ian|move: Tailwind
|-ability|p1a: Shiftry|Wind Rider|boost
|-boost|p1a: Shiftry|atk|1
|
|-damage|p1a: Shiftry|7/100 psn|[from] psn
|upkeep
|turn|14
|
|t:|1743837195
|move|p1a: Shiftry|Tera Blast|p2a: Enamorus|[anim] Tera Blast Ice
|-supereffective|p2a: Enamorus
|-damage|p2a: Enamorus|0 fnt
|faint|p2a: Enamorus
|-damage|p1a: Shiftry|0 fnt|[from] item: Life Orb
|faint|p1a: Shiftry
|
|upkeep
|
|t:|1743837204
|switch|p2a: Gliscor|Gliscor, M|100/100
|switch|p1a: Kingambit|Kingambit, F|100/100
|-activate|p1a: Kingambit|ability: Supreme Overlord
|-start|p1a: Kingambit|fallen5|[silent]
|turn|15
|
|t:|1743837219
|move|p1a: Kingambit|Kowtow Cleave|p2a: Gliscor
|-damage|p2a: Gliscor|18/100
|move|p2a: Gliscor|Swords Dance|p2a: Gliscor
|-boost|p2a: Gliscor|atk|2
|
|-status|p2a: Gliscor|tox|[from] item: Toxic Orb
|upkeep
|turn|16
|
|t:|1743837226
|move|p2a: Gliscor|Protect|p2a: Gliscor
|-singleturn|p2a: Gliscor|Protect
|move|p1a: Kingambit|Sucker Punch||[still]
|-fail|p1a: Kingambit
|
|-heal|p2a: Gliscor|30/100 tox|[from] ability: Poison Heal
|-sideend|p1: nadn2ioand29ian|move: Tailwind
|upkeep
|turn|17
|
|t:|1743837234
|move|p1a: Kingambit|Sucker Punch|p2a: Gliscor
|-damage|p2a: Gliscor|0 fnt
|faint|p2a: Gliscor
|
|upkeep
|
|t:|1743837239
|switch|p2a: Blissey|Blissey, F|100/100
|turn|18
|
|t:|1743837249
|move|p1a: Kingambit|Kowtow Cleave|p2a: Blissey
|-damage|p2a: Blissey|11/100
|move|p2a: Blissey|Thunder Wave|p1a: Kingambit
|-status|p1a: Kingambit|par
|
|upkeep
|turn|19
|
|t:|1743837258
|move|p2a: Blissey|Soft-Boiled|p2a: Blissey
|-heal|p2a: Blissey|61/100
|move|p1a: Kingambit|Kowtow Cleave|p2a: Blissey
|-damage|p2a: Blissey|0 fnt
|faint|p2a: Blissey
|
|upkeep
|
|t:|1743837265
|switch|p2a: Dragapult|Dragapult, M|100/100
|turn|20
|
|t:|1743837272
|move|p1a: Kingambit|Sucker Punch|p2a: Dragapult
|-supereffective|p2a: Dragapult
|-damage|p2a: Dragapult|0 fnt
|faint|p2a: Dragapult
|
|win|nadn2ioand29ian
|raw|nadn2ioand29ian's rating: 1126 &rarr; <strong>1149</strong><br />(+23 for winning)
|raw|coconutwader's rating: 1098 &rarr; <strong>1075</strong><br />(-23 for losing)
|l|☆coconutwader
|player|p2|
|l|☆nadn2ioand29ian
|player|p1|
