|j|☆berioost
|j|☆syjcx
|t:|1743872684
|gametype|singles
|player|p1|berioost|170|1155
|player|p2|syjcx|cynthia-gen4|1120
|teamsize|p1|6
|teamsize|p2|6
|gen|9
|tier|[Gen 9] OU
|rated|
|rule|HP Percentage Mod: HP is shown in percentages
|rule|Endless Battle Clause: Forcing endless battles is banned
|rule|Species Clause: Limit one of each Pokémon
|rule|OHKO Clause: OHKO moves are banned
|rule|Evasion Items Clause: Evasion items are banned
|rule|Evasion Moves Clause: Evasion moves are banned
|rule|Sleep Moves Clause: Sleep-inducing moves are banned
|clearpoke
|poke|p1|Blaziken, M|
|poke|p1|Greninja-*, M|
|poke|p1|Flygon, M|
|poke|p1|Jolteon, M|
|poke|p1|Scizor, M|
|poke|p1|Decidueye, M|
|poke|p2|Dragonite, F|
|poke|p2|Gliscor, F|
|poke|p2|Alomomola, F|
|poke|p2|Garchomp, M|
|poke|p2|Scizor, M|
|poke|p2|Tentacruel, M|
|teampreview
|
|t:|1743872691
|start
|switch|p1a: Greninja|Greninja, M|100/100
|switch|p2a: Garchomp|Garchomp, M, shiny|100/100
|turn|1
|
|t:|1743872698
|switch|p2a: Alomomola|Alomomola, F, shiny|100/100
|move|p1a: Greninja|Ice Beam|p2a: Alomomola
|-resisted|p2a: Alomomola
|-damage|p2a: Alomomola|92/100
|
|upkeep
|turn|2
|
|t:|1743872713
|switch|p1a: Decidueye|Decidueye, M, shiny|100/100
|move|p2a: Alomomola|Flip Turn|p1a: Decidueye
|-resisted|p1a: Decidueye
|-damage|p1a: Decidueye|91/100
|-damage|p2a: Alomomola|75/100|[from] item: Rocky Helmet|[of] p1a: Decidueye
|
|t:|1743872723
|switch|p2a: Garchomp|Garchomp, M, shiny|100/100|[from] Flip Turn
|
|upkeep
|turn|3
|
|t:|1743872732
|move|p1a: Decidueye|Trailblaze|p2a: Garchomp
|-damage|p2a: Garchomp|88/100
|-boost|p1a: Decidueye|spe|1
|-damage|p1a: Decidueye|79/100|[from] ability: Rough Skin|[of] p2a: Garchomp
|-damage|p1a: Decidueye|62/100|[from] item: Rocky Helmet|[of] p2a: Garchomp
|move|p2a: Garchomp|Stealth Rock|p1a: Decidueye
|-sidestart|p1: berioost|move: Stealth Rock
|
|upkeep
|turn|4
|
|t:|1743872749
|move|p1a: Decidueye|Poltergeist|p2a: Garchomp
|-activate|p2a: Garchomp|move: Poltergeist|Rocky Helmet
|-damage|p2a: Garchomp|59/100
|move|p2a: Garchomp|Draco Meteor|p1a: Decidueye|[miss]
|-miss|p2a: Garchomp|p1a: Decidueye
|
|upkeep
|turn|5
|
|t:|1743872758
|move|p1a: Decidueye|Poltergeist|p2a: Garchomp
|-activate|p2a: Garchomp|move: Poltergeist|Rocky Helmet
|-damage|p2a: Garchomp|31/100
|move|p2a: Garchomp|Draco Meteor|p1a: Decidueye
|-damage|p1a: Decidueye|24/100
|-unboost|p2a: Garchomp|spa|2
|
|upkeep
|turn|6
|
|t:|1743872770
|switch|p2a: Alomomola|Alomomola, F, shiny|100/100
|move|p1a: Decidueye|Poltergeist|p2a: Alomomola
|-activate|p2a: Alomomola|move: Poltergeist|Assault Vest
|-damage|p2a: Alomomola|68/100
|
|upkeep
|turn|7
|
|t:|1743872779
|move|p1a: Decidueye|Leaf Blade|p2a: Alomomola
|-supereffective|p2a: Alomomola
|-damage|p2a: Alomomola|0 fnt
|faint|p2a: Alomomola
|
|upkeep
|
|t:|1743872787
|switch|p2a: Scizor|Scizor, M, shiny|100/100
|turn|8
|
|t:|1743872796
|move|p2a: Scizor|Bullet Punch|p1a: Decidueye
|-damage|p1a: Decidueye|0 fnt
|-damage|p2a: Scizor|84/100|[from] item: Rocky Helmet|[of] p1a: Decidueye
|faint|p1a: Decidueye
|
|upkeep
|
|t:|1743872804
|switch|p1a: Blaziken|Blaziken, M|100/100
|-damage|p1a: Blaziken|88/100|[from] Stealth Rock
|turn|9
|
|t:|1743872815
|switch|p2a: Garchomp|Garchomp, M, shiny|31/100
|move|p1a: Blaziken|Swords Dance|p1a: Blaziken
|-boost|p1a: Blaziken|atk|2
|
|-heal|p1a: Blaziken|94/100|[from] item: Leftovers
|-ability|p1a: Blaziken|Speed Boost|boost
|-boost|p1a: Blaziken|spe|1
|upkeep
|turn|10
|
|t:|1743872827
|move|p1a: Blaziken|Protect|p1a: Blaziken
|-singleturn|p1a: Blaziken|Protect
|move|p2a: Garchomp|Earthquake|p1a: Blaziken
|-activate|p1a: Blaziken|move: Protect
|
|-heal|p1a: Blaziken|99/100|[from] item: Leftovers
|-ability|p1a: Blaziken|Speed Boost|boost
|-boost|p1a: Blaziken|spe|1
|upkeep
|turn|11
|
|t:|1743872837
|move|p1a: Blaziken|Close Combat|p2a: Garchomp
|-damage|p2a: Garchomp|0 fnt
|-unboost|p1a: Blaziken|def|1
|-unboost|p1a: Blaziken|spd|1
|-damage|p1a: Blaziken|88/100|[from] ability: Rough Skin|[of] p2a: Garchomp
|-damage|p1a: Blaziken|71/100|[from] item: Rocky Helmet|[of] p2a: Garchomp
|faint|p2a: Garchomp
|
|-heal|p1a: Blaziken|77/100|[from] item: Leftovers
|-ability|p1a: Blaziken|Speed Boost|boost
|-boost|p1a: Blaziken|spe|1
|upkeep
|
|t:|1743872850
|switch|p2a: Dragonite|Dragonite, F|100/100
|turn|12
|
|t:|1743872855
|-terastallize|p2a: Dragonite|Normal
|move|p1a: Blaziken|Protect|p1a: Blaziken
|-singleturn|p1a: Blaziken|Protect
|move|p2a: Dragonite|Extreme Speed|p1a: Blaziken
|-activate|p1a: Blaziken|move: Protect
|
|-heal|p1a: Blaziken|83/100|[from] item: Leftovers
|-ability|p1a: Blaziken|Speed Boost|boost
|-boost|p1a: Blaziken|spe|1
|upkeep
|turn|13
|
|t:|1743872868
|move|p2a: Dragonite|Extreme Speed|p1a: Blaziken
|-damage|p1a: Blaziken|0 fnt
|faint|p1a: Blaziken
|
|upkeep
|
|t:|1743872879
|switch|p1a: Jolteon|Jolteon, M|100/100
|-damage|p1a: Jolteon|88/100|[from] Stealth Rock
|turn|14
|
|t:|1743872885
|switch|p2a: Gliscor|Gliscor, F|100/100
|move|p1a: Jolteon|Thunder Wave|p2a: Gliscor
|-immune|p2a: Gliscor
|
|-status|p2a: Gliscor|tox|[from] item: Toxic Orb
|upkeep
|turn|15
|
|t:|1743872894
|switch|p1a: Greninja|Greninja, M|100/100
|-damage|p1a: Greninja|88/100|[from] Stealth Rock
|move|p2a: Gliscor|Protect||[still]
|-fail|p2a: Gliscor
|
|upkeep
|turn|16
|
|t:|1743872901
|move|p2a: Gliscor|Protect|p2a: Gliscor
|-singleturn|p2a: Gliscor|Protect
|move|p1a: Greninja|Ice Beam|p2a: Gliscor
|-activate|p2a: Gliscor|move: Protect
|
|upkeep
|turn|17
|
|t:|1743872909
|switch|p2a: Tentacruel|Tentacruel, M, shiny|100/100
|move|p1a: Greninja|Ice Beam|p2a: Tentacruel
|-resisted|p2a: Tentacruel
|-damage|p2a: Tentacruel|92/100
|
|-heal|p2a: Tentacruel|98/100|[from] item: Black Sludge
|upkeep
|turn|18
|
|t:|1743872928
|move|p1a: Greninja|Dark Pulse|p2a: Tentacruel
|-damage|p2a: Tentacruel|73/100
|cant|p2a: Tentacruel|flinch
|
|-heal|p2a: Tentacruel|79/100|[from] item: Black Sludge
|upkeep
|turn|19
|
|t:|1743872939
|switch|p1a: Scizor|Scizor, M, shiny|100/100
|-damage|p1a: Scizor|88/100|[from] Stealth Rock
|move|p2a: Tentacruel|Toxic Spikes|p1a: Scizor
|-sidestart|p1: berioost|move: Toxic Spikes
|
|-heal|p2a: Tentacruel|85/100|[from] item: Black Sludge
|upkeep
|turn|20
|
|t:|1743872949
|switch|p2a: Gliscor|Gliscor, F|100/100 tox
|move|p1a: Scizor|Swords Dance|p1a: Scizor
|-boost|p1a: Scizor|atk|2
|
|upkeep
|turn|21
|
|t:|1743872958
|move|p2a: Gliscor|Knock Off|p1a: Scizor
|-damage|p1a: Scizor|61/100
|-enditem|p1a: Scizor|Metal Coat|[from] move: Knock Off|[of] p2a: Gliscor
|move|p1a: Scizor|Swords Dance|p1a: Scizor
|-boost|p1a: Scizor|atk|2
|
|upkeep
|turn|22
|
|t:|1743872966
|move|p2a: Gliscor|Earthquake|p1a: Scizor
|-damage|p1a: Scizor|21/100
|move|p1a: Scizor|Swords Dance|p1a: Scizor
|-boost|p1a: Scizor|atk|2
|
|upkeep
|turn|23
|
|t:|1743872973
|move|p1a: Scizor|Bullet Punch|p2a: Gliscor
|-damage|p2a: Gliscor|26/100 tox
|move|p2a: Gliscor|Earthquake|p1a: Scizor
|-damage|p1a: Scizor|0 fnt
|faint|p1a: Scizor
|
|-heal|p2a: Gliscor|38/100 tox|[from] ability: Poison Heal
|upkeep
|
|t:|1743872985
|switch|p1a: Flygon|Flygon, M|100/100
|-damage|p1a: Flygon|95/100|[from] Stealth Rock
|turn|24
|
|t:|1743872995
|move|p2a: Gliscor|Earthquake|p1a: Flygon
|-immune|p1a: Flygon|[from] ability: Levitate
|move|p1a: Flygon|Dragon Dance|p1a: Flygon
|-boost|p1a: Flygon|atk|1
|-boost|p1a: Flygon|spe|1
|
|-heal|p2a: Gliscor|50/100 tox|[from] ability: Poison Heal
|upkeep
|turn|25
|
|t:|1743873015
|move|p1a: Flygon|Dragon Claw|p2a: Gliscor
|-damage|p2a: Gliscor|8/100 tox
|move|p2a: Gliscor|Knock Off|p1a: Flygon
|-damage|p1a: Flygon|70/100
|-enditem|p1a: Flygon|Focus Sash|[from] move: Knock Off|[of] p2a: Gliscor
|
|-heal|p2a: Gliscor|20/100 tox|[from] ability: Poison Heal
|upkeep
|turn|26
|
|t:|1743873025
|move|p1a: Flygon|Dragon Claw|p2a: Gliscor
|-damage|p2a: Gliscor|0 fnt
|faint|p2a: Gliscor
|
|upkeep
|
|t:|1743873032
|switch|p2a: Scizor|Scizor, M, shiny|84/100
|turn|27
|
|t:|1743873042
|-terastallize|p1a: Flygon|Steel
|move|p2a: Scizor|Bullet Punch|p1a: Flygon
|-resisted|p1a: Flygon
|-damage|p1a: Flygon|40/100
|move|p1a: Flygon|Earthquake|p2a: Scizor
|-damage|p2a: Scizor|20/100
|
|upkeep
|turn|28
|
|t:|1743873052
|move|p2a: Scizor|Bullet Punch|p1a: Flygon
|-resisted|p1a: Flygon
|-damage|p1a: Flygon|9/100
|move|p1a: Flygon|Earthquake|p2a: Scizor
|-damage|p2a: Scizor|0 fnt
|faint|p2a: Scizor
|
|upkeep
|
|t:|1743873061
|switch|p2a: Dragonite|Dragonite, F, tera:Normal|100/100
|turn|29
|
|t:|1743873067
|move|p2a: Dragonite|Extreme Speed|p1a: Flygon
|-resisted|p1a: Flygon
|-damage|p1a: Flygon|0 fnt
|faint|p1a: Flygon
|
|upkeep
|
|t:|1743873073
|switch|p1a: Jolteon|Jolteon, M|88/100
|-damage|p1a: Jolteon|76/100|[from] Stealth Rock
|-status|p1a: Jolteon|psn
|turn|30
|
|t:|1743873084
|switch|p2a: Tentacruel|Tentacruel, M, shiny|85/100
|move|p1a: Jolteon|Discharge|p2a: Tentacruel
|-supereffective|p2a: Tentacruel
|-crit|p2a: Tentacruel
|-damage|p2a: Tentacruel|17/100
|
|-heal|p2a: Tentacruel|23/100|[from] item: Black Sludge
|-damage|p1a: Jolteon|64/100 psn|[from] psn
|upkeep
|turn|31
|
|t:|1743873096
|move|p1a: Jolteon|Discharge|p2a: Tentacruel
|-supereffective|p2a: Tentacruel
|-damage|p2a: Tentacruel|0 fnt
|faint|p2a: Tentacruel
|
|-damage|p1a: Jolteon|52/100 psn|[from] psn
|upkeep
|
|t:|1743873103
|switch|p2a: Dragonite|Dragonite, F, tera:Normal|100/100
|turn|32
|
|t:|1743873111
|move|p2a: Dragonite|Extreme Speed|p1a: Jolteon
|-damage|p1a: Jolteon|0 fnt
|-damage|p2a: Dragonite|84/100|[from] item: Rocky Helmet|[of] p1a: Jolteon
|faint|p1a: Jolteon
|
|upkeep
|
|t:|1743873117
|switch|p1a: Greninja|Greninja, M|88/100
|-damage|p1a: Greninja|76/100|[from] Stealth Rock
|-status|p1a: Greninja|psn
|turn|33
|
|t:|1743873125
|move|p2a: Dragonite|Extreme Speed|p1a: Greninja
|-damage|p1a: Greninja|0 fnt
|faint|p1a: Greninja
|
|win|syjcx
|raw|berioost's rating: 1155 &rarr; <strong>1127</strong><br />(-28 for losing)
|raw|syjcx's rating: 1120 &rarr; <strong>1148</strong><br />(+28 for winning)
|l|☆berioost
|player|p1|
