|j|☆ThylaFishie
|j|☆nabuchonodosor
|t:|1743869506
|gametype|singles
|player|p1|ThylaFishie|fisherman-gen4|1452
|player|p2|nabuchonodosor|266|1400
|teamsize|p1|6
|teamsize|p2|6
|gen|9
|tier|[Gen 9] OU
|rated|
|rule|HP Percentage Mod: HP is shown in percentages
|rule|Endless Battle Clause: Forcing endless battles is banned
|rule|Species Clause: Limit one of each Pokémon
|rule|OHKO Clause: OHKO moves are banned
|rule|Evasion Items Clause: Evasion items are banned
|rule|Evasion Moves Clause: Evasion moves are banned
|rule|Sleep Moves Clause: Sleep-inducing moves are banned
|clearpoke
|poke|p1|Tsareena, F|
|poke|p1|Landorus-Therian, M|
|poke|p1|Gastrodon-East, F|
|poke|p1|Great Tusk|
|poke|p1|Tinkaton, F|
|poke|p1|Darkrai|
|poke|p2|Darkrai|
|poke|p2|Samurott-Hisui, F|
|poke|p2|Latios, M|
|poke|p2|Pecharunt|
|poke|p2|Zamazenta-*|
|poke|p2|Landorus-Therian, M|
|teampreview
|inactive|Battle timer is ON: inactive players will automatically lose when time's up. (requested by ThylaFishie)
|
|t:|1743869526
|start
|switch|p1a: Tsareena|Tsareena, F|100/100
|switch|p2a: Samurott|Samurott-Hisui, F|100/100
|turn|1
|
|t:|1743869532
|switch|p2a: Landorus|Landorus-Therian, M|100/100
|-ability|p2a: Landorus|Intimidate|boost
|-unboost|p1a: Tsareena|atk|1
|move|p1a: Tsareena|Power Whip|p2a: Landorus
|-damage|p2a: Landorus|58/100
|-damage|p1a: Tsareena|84/100|[from] item: Rocky Helmet|[of] p2a: Landorus
|
|upkeep
|turn|2
|
|t:|1743869540
|switch|p1a: Landorus|Landorus-Therian, M|100/100
|-ability|p1a: Landorus|Intimidate|boost
|-unboost|p2a: Landorus|atk|1
|move|p2a: Landorus|U-turn|p1a: Landorus
|-resisted|p1a: Landorus
|-crit|p1a: Landorus
|-damage|p1a: Landorus|86/100
|-damage|p2a: Landorus|41/100|[from] item: Rocky Helmet|[of] p1a: Landorus
|
|t:|1743869545
|switch|p2a: Darkrai|Darkrai|100/100|[from] U-turn
|
|upkeep
|turn|3
|
|t:|1743869549
|switch|p1a: Gastrodon|Gastrodon-East, F|100/100
|move|p2a: Darkrai|Will-O-Wisp|p1a: Gastrodon|[miss]
|-miss|p2a: Darkrai|p1a: Gastrodon
|
|upkeep
|turn|4
|
|t:|1743869557
|move|p2a: Darkrai|Will-O-Wisp|p1a: Gastrodon
|-status|p1a: Gastrodon|brn
|move|p1a: Gastrodon|Spikes|p2a: Darkrai
|-sidestart|p2: nabuchonodosor|Spikes
|
|-damage|p1a: Gastrodon|94/100 brn|[from] brn
|upkeep
|turn|5
|
|t:|1743869563
|switch|p1a: Tsareena|Tsareena, F|84/100
|move|p2a: Darkrai|Dark Pulse|p1a: Tsareena
|-damage|p1a: Tsareena|53/100
|
|upkeep
|turn|6
|
|t:|1743869571
|switch|p1a: Gastrodon|Gastrodon-East, F|94/100 brn
|move|p2a: Darkrai|Will-O-Wisp|p1a: Gastrodon
|-fail|p1a: Gastrodon|brn
|
|-heal|p1a: Gastrodon|100/100 brn|[from] item: Leftovers
|-damage|p1a: Gastrodon|94/100 brn|[from] brn
|upkeep
|turn|7
|
|t:|1743869576
|move|p2a: Darkrai|Knock Off|p1a: Gastrodon
|-damage|p1a: Gastrodon|65/100 brn
|-enditem|p1a: Gastrodon|Leftovers|[from] move: Knock Off|[of] p2a: Darkrai
|move|p1a: Gastrodon|Ice Beam|p2a: Darkrai
|-crit|p2a: Darkrai
|-damage|p2a: Darkrai|63/100
|
|-damage|p1a: Gastrodon|58/100 brn|[from] brn
|upkeep
|turn|8
|
|t:|1743869583
|move|p2a: Darkrai|Dark Pulse|p1a: Gastrodon
|-damage|p1a: Gastrodon|28/100 brn
|move|p1a: Gastrodon|Recover|p1a: Gastrodon
|-heal|p1a: Gastrodon|78/100 brn
|
|-damage|p1a: Gastrodon|72/100 brn|[from] brn
|upkeep
|turn|9
|
|t:|1743869592
|switch|p2a: Samurott|Samurott-Hisui, F|100/100
|-damage|p2a: Samurott|88/100|[from] Spikes
|move|p1a: Gastrodon|Recover|p1a: Gastrodon
|-heal|p1a: Gastrodon|100/100 brn
|
|-damage|p1a: Gastrodon|94/100 brn|[from] brn
|upkeep
|turn|10
|
|t:|1743869598
|switch|p1a: Landorus|Landorus-Therian, M|86/100
|-ability|p1a: Landorus|Intimidate|boost
|-unboost|p2a: Samurott|atk|1
|move|p2a: Samurott|Ceaseless Edge|p1a: Landorus
|-damage|p1a: Landorus|57/100
|-damage|p2a: Samurott|71/100|[from] item: Rocky Helmet|[of] p1a: Landorus
|-sidestart|p1: ThylaFishie|Spikes
|
|upkeep
|turn|11
|
|t:|1743869605
|move|p1a: Landorus|Earth Power|p2a: Samurott
|-damage|p2a: Samurott|45/100
|move|p2a: Samurott|Razor Shell|p1a: Landorus
|-supereffective|p1a: Landorus
|-damage|p1a: Landorus|0 fnt
|-damage|p2a: Samurott|28/100|[from] item: Rocky Helmet|[of] p1a: Landorus
|faint|p1a: Landorus
|
|upkeep
|
|t:|1743869621
|switch|p1a: Great Tusk|Great Tusk|100/100
|turn|12
|
|t:|1743869628
|move|p1a: Great Tusk|Earthquake|p2a: Samurott
|-damage|p2a: Samurott|0 fnt
|faint|p2a: Samurott
|
|upkeep
|
|t:|1743869632
|switch|p2a: Latios|Latios, M|100/100
|turn|13
|
|t:|1743869637
|-end|p1a: Great Tusk|Protosynthesis|[silent]
|switch|p1a: Tinkaton|Tinkaton, F|100/100
|-damage|p1a: Tinkaton|88/100|[from] Spikes
|-ability|p1a: Tinkaton|Mold Breaker
|move|p2a: Latios|Calm Mind|p2a: Latios
|-boost|p2a: Latios|spa|1
|-boost|p2a: Latios|spd|1
|
|-heal|p1a: Tinkaton|94/100|[from] item: Leftovers
|upkeep
|turn|14
|
|t:|1743869643
|switch|p2a: Landorus|Landorus-Therian, M|41/100
|-ability|p2a: Landorus|Intimidate|boost
|-unboost|p1a: Tinkaton|atk|1
|move|p1a: Tinkaton|Encore||[still]
|-fail|p1a: Tinkaton
|
|-heal|p1a: Tinkaton|100/100|[from] item: Leftovers
|upkeep
|turn|15
|
|t:|1743869649
|switch|p1a: Great Tusk|Great Tusk|100/100
|move|p2a: Landorus|Stealth Rock|p1a: Great Tusk
|-sidestart|p1: ThylaFishie|move: Stealth Rock
|
|upkeep
|turn|16
|
|t:|1743869656
|switch|p2a: Pecharunt|Pecharunt|100/100
|move|p1a: Great Tusk|Knock Off|p2a: Pecharunt
|-supereffective|p2a: Pecharunt
|-damage|p2a: Pecharunt|68/100
|-enditem|p2a: Pecharunt|Heavy-Duty Boots|[from] move: Knock Off|[of] p1a: Great Tusk
|
|upkeep
|turn|17
|
|t:|1743869663
|switch|p2a: Landorus|Landorus-Therian, M|41/100
|-ability|p2a: Landorus|Intimidate|boost
|-unboost|p1a: Great Tusk|atk|1
|move|p1a: Great Tusk|Earthquake|p2a: Landorus
|-immune|p2a: Landorus
|
|upkeep
|turn|18
|
|t:|1743869669
|move|p2a: Landorus|U-turn|p1a: Great Tusk
|-resisted|p1a: Great Tusk
|-damage|p1a: Great Tusk|92/100
|
|t:|1743869673
|switch|p2a: Pecharunt|Pecharunt|68/100|[from] U-turn
|-damage|p2a: Pecharunt|56/100|[from] Spikes
|move|p1a: Great Tusk|Rapid Spin|p2a: Pecharunt
|-immune|p2a: Pecharunt
|
|upkeep
|turn|19
|
|t:|1743869676
|-end|p1a: Great Tusk|Protosynthesis|[silent]
|switch|p1a: Darkrai|Darkrai|100/100
|-damage|p1a: Darkrai|88/100|[from] Spikes
|-damage|p1a: Darkrai|76/100|[from] Stealth Rock
|move|p2a: Pecharunt|Parting Shot|p1a: Darkrai
|-unboost|p1a: Darkrai|atk|1
|-unboost|p1a: Darkrai|spa|1
|
|t:|1743869682
|switch|p2a: Landorus|Landorus-Therian, M|41/100|[from] Parting Shot
|-ability|p2a: Landorus|Intimidate|boost
|-unboost|p1a: Darkrai|atk|1
|
|upkeep
|turn|20
|
|t:|1743869689
|move|p1a: Darkrai|Ice Beam|p2a: Landorus
|-supereffective|p2a: Landorus
|-damage|p2a: Landorus|0 fnt
|faint|p2a: Landorus
|
|upkeep
|
|t:|1743869697
|switch|p2a: Darkrai|Darkrai|63/100
|turn|21
|
|t:|1743869712
|move|p2a: Darkrai|Will-O-Wisp|p1a: Darkrai
|-status|p1a: Darkrai|brn
|move|p1a: Darkrai|Ice Beam|p2a: Darkrai
|-damage|p2a: Darkrai|21/100
|
|-damage|p1a: Darkrai|70/100 brn|[from] brn
|upkeep
|turn|22
|
|t:|1743869719
|switch|p2a: Zamazenta|Zamazenta|100/100
|-ability|p2a: Zamazenta|Dauntless Shield|boost
|-boost|p2a: Zamazenta|def|1
|move|p1a: Darkrai|Ice Beam|p2a: Zamazenta
|-damage|p2a: Zamazenta|74/100
|
|-damage|p1a: Darkrai|64/100 brn|[from] brn
|upkeep
|turn|23
|
|t:|1743869723
|move|p2a: Zamazenta|Close Combat|p1a: Darkrai
|-supereffective|p1a: Darkrai
|-damage|p1a: Darkrai|0 fnt
|-unboost|p2a: Zamazenta|def|1
|-unboost|p2a: Zamazenta|spd|1
|faint|p1a: Darkrai
|
|upkeep
|
|t:|1743869729
|switch|p1a: Great Tusk|Great Tusk|92/100
|turn|24
|
|t:|1743869733
|move|p2a: Zamazenta|Ice Fang|p1a: Great Tusk
|-supereffective|p1a: Great Tusk
|-damage|p1a: Great Tusk|62/100
|move|p1a: Great Tusk|Rapid Spin|p2a: Zamazenta
|-damage|p2a: Zamazenta|59/100
|-boost|p1a: Great Tusk|spe|1
|-sideend|p1: ThylaFishie|Spikes|[from] move: Rapid Spin|[of] p1a: Great Tusk
|-sideend|p1: ThylaFishie|Stealth Rock|[from] move: Rapid Spin|[of] p1a: Great Tusk
|
|upkeep
|turn|25
|
|t:|1743869745
|switch|p2a: Latios|Latios, M|100/100
|move|p1a: Great Tusk|Earthquake|p2a: Latios
|-immune|p2a: Latios|[from] ability: Levitate
|
|upkeep
|turn|26
|
|t:|1743869754
|-end|p1a: Great Tusk|Protosynthesis|[silent]
|switch|p1a: Gastrodon|Gastrodon-East, F|94/100 brn
|move|p2a: Latios|Psychic Noise|p1a: Gastrodon
|-damage|p1a: Gastrodon|62/100 brn
|-start|p1a: Gastrodon|move: Heal Block
|
|-damage|p1a: Gastrodon|56/100 brn|[from] brn
|upkeep
|turn|27
|
|t:|1743869763
|move|p2a: Latios|Calm Mind|p2a: Latios
|-boost|p2a: Latios|spa|1
|-boost|p2a: Latios|spd|1
|move|p1a: Gastrodon|Clear Smog|p2a: Latios
|-damage|p2a: Latios|92/100
|-clearboost|p2a: Latios
|
|-damage|p1a: Gastrodon|50/100 brn|[from] brn
|-end|p1a: Gastrodon|move: Heal Block
|upkeep
|turn|28
|
|t:|1743869769
|move|p2a: Latios|Psychic Noise|p1a: Gastrodon
|-damage|p1a: Gastrodon|18/100 brn
|-start|p1a: Gastrodon|move: Heal Block
|move|p1a: Gastrodon|Spikes|p2a: Latios
|-sidestart|p2: nabuchonodosor|Spikes
|
|-damage|p1a: Gastrodon|12/100 brn|[from] brn
|upkeep
|turn|29
|
|t:|1743869777
|move|p2a: Latios|Calm Mind|p2a: Latios
|-boost|p2a: Latios|spa|1
|-boost|p2a: Latios|spd|1
|move|p1a: Gastrodon|Ice Beam|p2a: Latios
|-supereffective|p2a: Latios
|-damage|p2a: Latios|62/100
|
|-damage|p1a: Gastrodon|6/100 brn|[from] brn
|-end|p1a: Gastrodon|move: Heal Block
|upkeep
|turn|30
|
|t:|1743869782
|move|p2a: Latios|Psychic Noise|p1a: Gastrodon
|-damage|p1a: Gastrodon|0 fnt
|faint|p1a: Gastrodon
|
|upkeep
|
|t:|1743869787
|switch|p1a: Tinkaton|Tinkaton, F|100/100
|-ability|p1a: Tinkaton|Mold Breaker
|turn|31
|
|t:|1743869792
|switch|p2a: Pecharunt|Pecharunt|56/100
|-damage|p2a: Pecharunt|39/100|[from] Spikes
|move|p1a: Tinkaton|Gigaton Hammer|p2a: Pecharunt
|-damage|p2a: Pecharunt|15/100
|
|upkeep
|turn|32
|
|t:|1743869798
|move|p1a: Tinkaton|Knock Off|p2a: Pecharunt
|-supereffective|p2a: Pecharunt
|-damage|p2a: Pecharunt|0 fnt
|faint|p2a: Pecharunt
|
|upkeep
|
|t:|1743869801
|switch|p2a: Zamazenta|Zamazenta|59/100
|turn|33
|
|t:|1743869806
|-terastallize|p1a: Tinkaton|Flying
|move|p2a: Zamazenta|Close Combat|p1a: Tinkaton
|-resisted|p1a: Tinkaton
|-damage|p1a: Tinkaton|58/100
|-unboost|p2a: Zamazenta|def|1
|-unboost|p2a: Zamazenta|spd|1
|move|p1a: Tinkaton|Thunder Wave|p2a: Zamazenta
|-status|p2a: Zamazenta|par
|
|-heal|p1a: Tinkaton|64/100|[from] item: Leftovers
|upkeep
|turn|34
|
|t:|1743869813
|move|p1a: Tinkaton|Gigaton Hammer|p2a: Zamazenta
|-damage|p2a: Zamazenta|0 fnt
|faint|p2a: Zamazenta
|
|-heal|p1a: Tinkaton|70/100|[from] item: Leftovers
|upkeep
|
|t:|1743869817
|switch|p2a: Latios|Latios, M|62/100
|turn|35
|
|t:|1743869833
|switch|p1a: Great Tusk|Great Tusk|62/100
|move|p2a: Latios|Calm Mind|p2a: Latios
|-boost|p2a: Latios|spa|1
|-boost|p2a: Latios|spd|1
|
|upkeep
|turn|36
|
|t:|1743869837
|move|p2a: Latios|Psychic Noise|p1a: Great Tusk
|-supereffective|p1a: Great Tusk
|-damage|p1a: Great Tusk|0 fnt
|faint|p1a: Great Tusk
|-end|p1a: Great Tusk|Protosynthesis|[silent]
|
|upkeep
|
|t:|1743869839
|switch|p1a: Tinkaton|Tinkaton, F, tera:Flying|70/100
|-ability|p1a: Tinkaton|Mold Breaker
|turn|37
|
|t:|1743869846
|move|p2a: Latios|Psychic Noise|p1a: Tinkaton
|-damage|p1a: Tinkaton|0 fnt
|faint|p1a: Tinkaton
|
|upkeep
|-message|ThylaFishie forfeited.
|
|win|nabuchonodosor
|raw|ThylaFishie's rating: 1452 &rarr; <strong>1429</strong><br />(-23 for losing)
|raw|nabuchonodosor's rating: 1400 &rarr; <strong>1423</strong><br />(+23 for winning)
|l|☆ThylaFishie
|player|p1|
|l|☆nabuchonodosor
|player|p2|
