|j|☆Guingil
|j|☆R. Caroline
|t:|1743807964
|gametype|singles
|player|p1|Guingil|265|1517
|player|p2|R. Caroline|pokemonrangerf-gen4|1576
|teamsize|p1|6
|teamsize|p2|6
|gen|9
|tier|[Gen 9] OU
|rated|
|rule|HP Percentage Mod: HP is shown in percentages
|rule|Endless Battle Clause: Forcing endless battles is banned
|rule|Species Clause: Limit one of each Pokémon
|rule|OHKO Clause: OHKO moves are banned
|rule|Evasion Items Clause: Evasion items are banned
|rule|Evasion Moves Clause: Evasion moves are banned
|rule|Sleep Moves Clause: Sleep-inducing moves are banned
|clearpoke
|poke|p1|Iron Treads|
|poke|p1|Raging Bolt|
|poke|p1|Gholdengo|
|poke|p1|Enamorus, F|
|poke|p1|Samurott-Hisui, F|
|poke|p1|Ribombee, M|
|poke|p2|Latias, F|
|poke|p2|Chansey, F|
|poke|p2|Ursaluna, M|
|poke|p2|Scizor, M|
|poke|p2|Umbreon, F|
|poke|p2|Mew|
|teampreview
|inactive|Battle timer is ON: inactive players will automatically lose when time's up. (requested by Guingil)
|
|t:|1743807984
|start
|switch|p1a: Ribombee|Ribombee, M|100/100
|switch|p2a: Garf|Scizor, M, shiny|100/100
|turn|1
|
|t:|1743807994
|move|p2a: Garf|Bullet Punch|p1a: Ribombee
|-supereffective|p1a: Ribombee
|-damage|p1a: Ribombee|23/100
|move|p1a: Ribombee|Sticky Web|p2a: Garf
|-sidestart|p2: R. Caroline|move: Sticky Web
|
|upkeep
|turn|2
|
|t:|1743808003
|switch|p1a: Iron Treads|Iron Treads|100/100
|-enditem|p1a: Iron Treads|Booster Energy
|-activate|p1a: Iron Treads|ability: Quark Drive|[fromitem]
|-start|p1a: Iron Treads|quarkdrivespe
|move|p2a: Garf|Bullet Punch|p1a: Iron Treads
|-resisted|p1a: Iron Treads
|-damage|p1a: Iron Treads|88/100
|
|upkeep
|turn|3
|
|t:|1743808013
|switch|p2a: Dinah|Umbreon, F|100/100
|-activate|p2a: Dinah|move: Sticky Web
|-unboost|p2a: Dinah|spe|1
|move|p1a: Iron Treads|Stealth Rock|p2a: Dinah
|-sidestart|p2: R. Caroline|move: Stealth Rock
|
|upkeep
|turn|4
|
|t:|1743808022
|move|p1a: Iron Treads|Earthquake|p2a: Dinah
|-damage|p2a: Dinah|76/100
|move|p2a: Dinah|Foul Play|p1a: Iron Treads
|-damage|p1a: Iron Treads|62/100
|
|upkeep
|turn|5
|
|t:|1743808032
|move|p1a: Iron Treads|Earthquake|p2a: Dinah
|-damage|p2a: Dinah|55/100
|move|p2a: Dinah|Foul Play|p1a: Iron Treads
|-damage|p1a: Iron Treads|34/100
|
|upkeep
|turn|6
|
|t:|1743808039
|-end|p1a: Iron Treads|Quark Drive|[silent]
|switch|p1a: Enamorus|Enamorus, F|100/100
|move|p2a: Dinah|Moonlight|p2a: Dinah
|-heal|p2a: Dinah|100/100
|
|upkeep
|turn|7
|
|t:|1743808048
|switch|p2a: Shay|Chansey, F, shiny|100/100
|-activate|p2a: Shay|move: Sticky Web
|-unboost|p2a: Shay|spe|1
|-damage|p2a: Shay|88/100|[from] Stealth Rock
|move|p1a: Enamorus|Moonblast|p2a: Shay
|-damage|p2a: Shay|68/100
|
|upkeep
|turn|8
|
|t:|1743808061
|switch|p1a: Iron Treads|Iron Treads|34/100
|move|p2a: Shay|Soft-Boiled|p2a: Shay
|-heal|p2a: Shay|100/100
|
|upkeep
|turn|9
|
|t:|1743808069
|switch|p2a: Dinah|Umbreon, F|100/100
|-activate|p2a: Dinah|move: Sticky Web
|-unboost|p2a: Dinah|spe|1
|-damage|p2a: Dinah|88/100|[from] Stealth Rock
|move|p1a: Iron Treads|Earthquake|p2a: Dinah
|-crit|p2a: Dinah
|-damage|p2a: Dinah|57/100
|
|upkeep
|turn|10
|inactive|Guingil has 120 seconds left.
|
|t:|1743808123
|-end|p1a: Iron Treads|Quark Drive|[silent]
|switch|p1a: Ribombee|Ribombee, M|23/100
|move|p2a: Dinah|Moonlight|p2a: Dinah
|-heal|p2a: Dinah|100/100
|
|upkeep
|turn|11
|
|t:|1743808132
|switch|p2a: Shay|Chansey, F, shiny|100/100
|-activate|p2a: Shay|move: Sticky Web
|-unboost|p2a: Shay|spe|1
|-damage|p2a: Shay|88/100|[from] Stealth Rock
|move|p1a: Ribombee|Stun Spore|p2a: Shay
|-status|p2a: Shay|par
|
|upkeep
|turn|12
|inactive|Guingil has 90 seconds left.
|
|t:|1743808165
|switch|p1a: Samurott|Samurott-Hisui, F|100/100
|cant|p2a: Shay|par
|
|upkeep
|turn|13
|inactive|Guingil has 90 seconds left.
|
|t:|1743808182
|-curestatus|p2a: Shay|par|[from] ability: Natural Cure
|switch|p2a: Dinah|Umbreon, F|100/100
|-activate|p2a: Dinah|move: Sticky Web
|-unboost|p2a: Dinah|spe|1
|-damage|p2a: Dinah|88/100|[from] Stealth Rock
|move|p1a: Samurott|Ceaseless Edge|p2a: Dinah
|-resisted|p2a: Dinah
|-damage|p2a: Dinah|71/100
|-damage|p1a: Samurott|84/100|[from] item: Rocky Helmet|[of] p2a: Dinah
|-sidestart|p2: R. Caroline|Spikes
|
|upkeep
|turn|14
|inactive|Guingil has 90 seconds left.
|
|t:|1743808195
|move|p1a: Samurott|Ceaseless Edge|p2a: Dinah
|-resisted|p2a: Dinah
|-damage|p2a: Dinah|54/100
|-damage|p1a: Samurott|67/100|[from] item: Rocky Helmet|[of] p2a: Dinah
|-sidestart|p2: R. Caroline|Spikes
|move|p2a: Dinah|Foul Play|p1a: Samurott
|-resisted|p1a: Samurott
|-damage|p1a: Samurott|38/100
|
|upkeep
|turn|15
|
|t:|1743808204
|move|p1a: Samurott|Swords Dance|p1a: Samurott
|-boost|p1a: Samurott|atk|2
|move|p2a: Dinah|Moonlight|p2a: Dinah
|-heal|p2a: Dinah|100/100
|
|upkeep
|turn|16
|
|t:|1743808212
|move|p1a: Samurott|Aqua Cutter|p2a: Dinah
|-damage|p2a: Dinah|33/100
|move|p2a: Dinah|Foul Play|p1a: Samurott
|-resisted|p1a: Samurott
|-damage|p1a: Samurott|0 fnt
|faint|p1a: Samurott
|
|upkeep
|
|t:|1743808221
|switch|p1a: Enamorus|Enamorus, F|100/100
|turn|17
|
|t:|1743808226
|switch|p2a: Shay|Chansey, F, shiny|88/100
|-activate|p2a: Shay|move: Sticky Web
|-unboost|p2a: Shay|spe|1
|-damage|p2a: Shay|76/100|[from] Stealth Rock
|-damage|p2a: Shay|59/100|[from] Spikes
|-terastallize|p1a: Enamorus|Stellar
|move|p1a: Enamorus|Tera Blast|p2a: Shay|[anim] Tera Blast Stellar
|-damage|p2a: Shay|43/100
|-boost|p1a: Enamorus|atk|1
|-boost|p1a: Enamorus|spa|1
|
|upkeep
|turn|18
|
|t:|1743808239
|move|p1a: Enamorus|Tera Blast|p2a: Shay|[anim] Tera Blast Stellar
|-damage|p2a: Shay|22/100
|-boost|p1a: Enamorus|atk|1
|-boost|p1a: Enamorus|spa|1
|move|p2a: Shay|Soft-Boiled|p2a: Shay
|-heal|p2a: Shay|72/100
|
|upkeep
|turn|19
|
|t:|1743808250
|move|p1a: Enamorus|Tera Blast|p2a: Shay|[anim] Tera Blast Stellar
|-damage|p2a: Shay|44/100
|-boost|p1a: Enamorus|atk|1
|-boost|p1a: Enamorus|spa|1
|move|p2a: Shay|Soft-Boiled|p2a: Shay
|-heal|p2a: Shay|94/100
|
|upkeep
|turn|20
|
|t:|1743808258
|move|p1a: Enamorus|Tera Blast|p2a: Shay|[anim] Tera Blast Stellar
|-damage|p2a: Shay|58/100
|-boost|p1a: Enamorus|atk|1
|-boost|p1a: Enamorus|spa|1
|move|p2a: Shay|Seismic Toss|p1a: Enamorus
|-damage|p1a: Enamorus|66/100
|
|upkeep
|turn|21
|inactive|Guingil has 120 seconds left.
|
|t:|1743808269
|move|p1a: Enamorus|Tera Blast|p2a: Shay|[anim] Tera Blast Stellar
|-damage|p2a: Shay|15/100
|-boost|p1a: Enamorus|atk|1
|-boost|p1a: Enamorus|spa|1
|move|p2a: Shay|Soft-Boiled|p2a: Shay
|-heal|p2a: Shay|65/100
|
|upkeep
|turn|22
|
|t:|1743808277
|move|p1a: Enamorus|Tera Blast|p2a: Shay|[anim] Tera Blast Stellar
|-damage|p2a: Shay|16/100
|-boost|p1a: Enamorus|atk|1
|-boost|p1a: Enamorus|spa|1
|move|p2a: Shay|Healing Wish|p2a: Shay
|faint|p2a: Shay
|
|upkeep
|
|t:|1743808283
|switch|p2a: Garf|Scizor, M, shiny|100/100
|turn|23
|
|t:|1743808288
|switch|p1a: Iron Treads|Iron Treads|34/100
|move|p2a: Garf|Bullet Punch|p1a: Iron Treads
|-resisted|p1a: Iron Treads
|-damage|p1a: Iron Treads|22/100
|
|upkeep
|turn|24
|
|t:|1743808298
|move|p1a: Iron Treads|Earthquake|p2a: Garf
|-damage|p2a: Garf|66/100
|move|p2a: Garf|Defog|p1a: Iron Treads
|-unboost|p1a: Iron Treads|evasion|1
|-sideend|p2: R. Caroline|Spikes|[from] move: Defog|[of] p2a: Garf
|-sideend|p2: R. Caroline|Stealth Rock|[from] move: Defog|[of] p2a: Garf
|-sideend|p2: R. Caroline|Sticky Web|[from] move: Defog|[of] p2a: Garf
|
|upkeep
|turn|25
|
|t:|1743808308
|switch|p2a: Dinah|Umbreon, F|33/100
|-heal|p2a: Dinah|100/100|[from] move: Healing Wish
|move|p1a: Iron Treads|Earthquake|p2a: Dinah
|-damage|p2a: Dinah|80/100
|
|upkeep
|turn|26
|
|t:|1743808322
|move|p1a: Iron Treads|Stealth Rock|p2a: Dinah
|-sidestart|p2: R. Caroline|move: Stealth Rock
|move|p2a: Dinah|Foul Play|p1a: Iron Treads
|-damage|p1a: Iron Treads|0 fnt
|faint|p1a: Iron Treads
|-end|p1a: Iron Treads|Quark Drive|[silent]
|
|upkeep
|
|t:|1743808331
|switch|p1a: Enamorus|Enamorus, F, tera:Stellar|66/100
|turn|27
|
|t:|1743808344
|switch|p2a: Garf|Scizor, M, shiny|66/100
|move|p1a: Enamorus|Tera Blast|p2a: Garf|[anim] Tera Blast Stellar
|-damage|p2a: Garf|3/100
|-boost|p1a: Enamorus|atk|1
|-boost|p1a: Enamorus|spa|1
|
|upkeep
|turn|28
|
|t:|1743808354
|switch|p1a: Gholdengo|Gholdengo|100/100
|move|p2a: Garf|Bullet Punch|p1a: Gholdengo
|-resisted|p1a: Gholdengo
|-damage|p1a: Gholdengo|85/100
|
|upkeep
|turn|29
|
|t:|1743808366
|switch|p2a: Etrig|Ursaluna, M, shiny|100/100
|-damage|p2a: Etrig|94/100|[from] Stealth Rock
|move|p1a: Gholdengo|Dazzling Gleam|p2a: Etrig
|-damage|p2a: Etrig|69/100
|-damage|p1a: Gholdengo|75/100|[from] item: Life Orb
|
|upkeep
|turn|30
|
|t:|1743808377
|switch|p1a: Enamorus|Enamorus, F, tera:Stellar|66/100
|move|p2a: Etrig|Earthquake|p1a: Enamorus
|-immune|p1a: Enamorus
|
|upkeep
|turn|31
|
|t:|1743808383
|move|p1a: Enamorus|Tera Blast|p2a: Etrig|[anim] Tera Blast Stellar
|-damage|p2a: Etrig|36/100
|-boost|p1a: Enamorus|atk|1
|-boost|p1a: Enamorus|spa|1
|move|p2a: Etrig|Heavy Slam|p1a: Enamorus
|-supereffective|p1a: Enamorus
|-damage|p1a: Enamorus|0 fnt
|faint|p1a: Enamorus
|
|upkeep
|
|t:|1743808396
|switch|p1a: Raging Bolt|Raging Bolt|100/100
|-enditem|p1a: Raging Bolt|Booster Energy
|-activate|p1a: Raging Bolt|ability: Protosynthesis|[fromitem]
|-start|p1a: Raging Bolt|protosynthesisspa
|turn|32
|
|t:|1743808402
|move|p1a: Raging Bolt|Draco Meteor|p2a: Etrig
|-damage|p2a: Etrig|0 fnt
|-unboost|p1a: Raging Bolt|spa|2
|faint|p2a: Etrig
|
|upkeep
|
|t:|1743808419
|switch|p2a: Boston|Mew, shiny|100/100
|-damage|p2a: Boston|88/100|[from] Stealth Rock
|turn|33
|
|t:|1743808428
|-end|p1a: Raging Bolt|Protosynthesis|[silent]
|switch|p1a: Gholdengo|Gholdengo|75/100
|move|p2a: Boston|Earth Power|p1a: Gholdengo
|-supereffective|p1a: Gholdengo
|-damage|p1a: Gholdengo|22/100
|-unboost|p1a: Gholdengo|spd|1
|
|upkeep
|turn|34
|
|t:|1743808437
|move|p2a: Boston|Earth Power|p1a: Gholdengo
|-supereffective|p1a: Gholdengo
|-crit|p1a: Gholdengo
|-damage|p1a: Gholdengo|0 fnt
|faint|p1a: Gholdengo
|
|upkeep
|
|t:|1743808443
|switch|p1a: Ribombee|Ribombee, M|23/100
|turn|35
|
|t:|1743808455
|-terastallize|p2a: Boston|Ground
|move|p2a: Boston|Earth Power|p1a: Ribombee
|-resisted|p1a: Ribombee
|-damage|p1a: Ribombee|0 fnt
|faint|p1a: Ribombee
|
|upkeep
|inactive|Guingil has 120 seconds left.
|
|t:|1743808486
|switch|p1a: Raging Bolt|Raging Bolt|100/100
|turn|36
|
|t:|1743808489
|move|p2a: Boston|Earth Power|p1a: Raging Bolt
|-supereffective|p1a: Raging Bolt
|-damage|p1a: Raging Bolt|22/100
|move|p1a: Raging Bolt|Draco Meteor|p2a: Boston
|-damage|p2a: Boston|16/100
|-unboost|p1a: Raging Bolt|spa|2
|
|upkeep
|turn|37
|
|t:|1743808498
|move|p1a: Raging Bolt|Thunderclap|p2a: Boston
|-immune|p2a: Boston
|move|p2a: Boston|Earth Power|p1a: Raging Bolt
|-supereffective|p1a: Raging Bolt
|-damage|p1a: Raging Bolt|0 fnt
|faint|p1a: Raging Bolt
|-end|p1a: Raging Bolt|Protosynthesis|[silent]
|
|win|R. Caroline
|raw|Guingil's rating: 1517 &rarr; <strong>1500</strong><br />(-17 for losing)
|raw|R. Caroline's rating: 1576 &rarr; <strong>1593</strong><br />(+17 for winning)
|l|☆Guingil
|player|p1|
|l|☆R. Caroline
|player|p2|
