|j|☆pie2
|j|☆Quintesshou
|t:|1743875423
|gametype|singles
|player|p1|pie2|265|1139
|player|p2|Quintesshou|clerkf|1099
|teamsize|p1|6
|teamsize|p2|6
|gen|9
|tier|[Gen 9] OU
|rated|
|rule|HP Percentage Mod: HP is shown in percentages
|rule|Endless Battle Clause: Forcing endless battles is banned
|rule|Species Clause: Limit one of each Pokémon
|rule|OHKO Clause: OHKO moves are banned
|rule|Evasion Items Clause: Evasion items are banned
|rule|Evasion Moves Clause: Evasion moves are banned
|rule|Sleep Moves Clause: Sleep-inducing moves are banned
|clearpoke
|poke|p1|Kyurem|
|poke|p1|Ninetales-Alola, M|
|poke|p1|Rillaboom, F|
|poke|p1|Hawlucha, F|
|poke|p1|Great Tusk|
|poke|p1|Samurott-Hisui, F|
|poke|p2|Ninetales-Alola, F|
|poke|p2|Frosmoth, F|
|poke|p2|Cetitan, F|
|poke|p2|Glaceon, F|
|poke|p2|Dewgong, F|
|poke|p2|Abomasnow, F|
|teampreview
|inactive|Battle timer is ON: inactive players will automatically lose when time's up. (requested by Quintesshou)
|
|t:|1743875436
|start
|switch|p1a: Ninetales|Ninetales-Alola, M|100/100
|switch|p2a: Glaceon|Glaceon, F, shiny|100/100
|-weather|Snowscape|[from] ability: Snow Warning|[of] p1a: Ninetales
|turn|1
|
|t:|1743875448
|move|p1a: Ninetales|Aurora Veil|p1a: Ninetales
|-sidestart|p1: pie2|move: Aurora Veil
|move|p2a: Glaceon|Trailblaze|p1a: Ninetales
|-damage|p1a: Ninetales|96/100
|-boost|p2a: Glaceon|spe|1
|-damage|p2a: Glaceon|91/100|[from] item: Life Orb
|
|-weather|Snowscape|[upkeep]
|-heal|p2a: Glaceon|97/100|[from] ability: Ice Body
|upkeep
|turn|2
|
|t:|1743875464
|move|p1a: Ninetales|Encore|p2a: Glaceon
|-start|p2a: Glaceon|Encore
|move|p2a: Glaceon|Trailblaze|p1a: Ninetales
|-damage|p1a: Ninetales|93/100
|-boost|p2a: Glaceon|spe|1
|-damage|p2a: Glaceon|87/100|[from] item: Life Orb
|
|-weather|Snowscape|[upkeep]
|-heal|p2a: Glaceon|93/100|[from] ability: Ice Body
|upkeep
|turn|3
|
|t:|1743875478
|switch|p1a: Kyurem|Kyurem|100/100
|-ability|p1a: Kyurem|Pressure
|move|p2a: Glaceon|Trailblaze|p1a: Kyurem
|-resisted|p1a: Kyurem
|-damage|p1a: Kyurem|99/100
|-boost|p2a: Glaceon|spe|1
|-damage|p2a: Glaceon|83/100|[from] item: Life Orb
|
|-weather|Snowscape|[upkeep]
|-heal|p2a: Glaceon|89/100|[from] ability: Ice Body
|upkeep
|turn|4
|
|t:|1743875494
|switch|p2a: Dewgong|Dewgong, F, shiny|100/100
|move|p1a: Kyurem|Dragon Dance|p1a: Kyurem
|-boost|p1a: Kyurem|atk|1
|-boost|p1a: Kyurem|spe|1
|
|-weather|Snowscape|[upkeep]
|upkeep
|turn|5
|
|t:|1743875512
|move|p1a: Kyurem|Scale Shot|p2a: Dewgong
|-damage|p2a: Dewgong|87/100
|-damage|p2a: Dewgong|73/100
|-damage|p2a: Dewgong|60/100
|-damage|p2a: Dewgong|47/100
|-hitcount|p2a: Dewgong|4
|-unboost|p1a: Kyurem|def|1
|-boost|p1a: Kyurem|spe|1
|move|p2a: Dewgong|Perish Song|p2a: Dewgong
|-start|p1a: Kyurem|perish3|[silent]
|-start|p2a: Dewgong|perish3|[silent]
|-fieldactivate|move: Perish Song
|
|-weather|none
|-heal|p2a: Dewgong|53/100|[from] item: Leftovers
|-start|p1a: Kyurem|perish3
|-start|p2a: Dewgong|perish3
|upkeep
|turn|6
|
|t:|1743875531
|move|p2a: Dewgong|Protect|p2a: Dewgong
|-singleturn|p2a: Dewgong|Protect
|move|p1a: Kyurem|Scale Shot|p2a: Dewgong
|-activate|p2a: Dewgong|move: Protect
|
|-heal|p2a: Dewgong|60/100|[from] item: Leftovers
|-start|p1a: Kyurem|perish2
|-start|p2a: Dewgong|perish2
|upkeep
|turn|7
|inactive|pie2 has 120 seconds left.
|
|t:|1743875547
|switch|p1a: Rillaboom|Rillaboom, F|100/100
|-fieldstart|move: Grassy Terrain|[from] ability: Grassy Surge|[of] p1a: Rillaboom
|move|p2a: Dewgong|Whirlpool|p1a: Rillaboom
|-resisted|p1a: Rillaboom
|-damage|p1a: Rillaboom|98/100
|-activate|p1a: Rillaboom|move: Whirlpool|[of] p2a: Dewgong
|
|-heal|p1a: Rillaboom|100/100|[from] Grassy Terrain
|-heal|p2a: Dewgong|66/100|[from] Grassy Terrain
|-heal|p2a: Dewgong|72/100|[from] item: Leftovers
|-damage|p1a: Rillaboom|88/100|[from] move: Whirlpool|[partiallytrapped]
|-start|p2a: Dewgong|perish1
|upkeep
|turn|8
|inactive|pie2 has 120 seconds left.
|
|t:|1743875564
|switch|p2a: Ninetales|Ninetales-Alola, F, shiny|100/100
|-weather|Snowscape|[from] ability: Snow Warning|[of] p2a: Ninetales
|move|p1a: Rillaboom|Grassy Glide|p2a: Ninetales
|-damage|p2a: Ninetales|58/100
|
|-weather|Snowscape|[upkeep]
|-heal|p2a: Ninetales|65/100|[from] Grassy Terrain
|-heal|p1a: Rillaboom|94/100|[from] Grassy Terrain
|-end|p1a: Rillaboom|Whirlpool|[partiallytrapped]|[silent]
|-sideend|p1: pie2|move: Aurora Veil
|upkeep
|turn|9
|inactive|pie2 has 120 seconds left.
|
|t:|1743875588
|switch|p1a: Samurott|Samurott-Hisui, F|100/100
|move|p2a: Ninetales|Blizzard|p1a: Samurott
|-resisted|p1a: Samurott
|-damage|p1a: Samurott|70/100
|
|-weather|Snowscape|[upkeep]
|-heal|p1a: Samurott|76/100|[from] Grassy Terrain
|-heal|p2a: Ninetales|71/100|[from] Grassy Terrain
|upkeep
|turn|10
|
|t:|1743875600
|move|p1a: Samurott|Razor Shell|p2a: Ninetales
|-damage|p2a: Ninetales|17/100
|move|p2a: Ninetales|Aurora Veil|p2a: Ninetales
|-sidestart|p2: Quintesshou|move: Aurora Veil
|
|-weather|Snowscape|[upkeep]
|-heal|p1a: Samurott|82/100|[from] Grassy Terrain
|-heal|p2a: Ninetales|23/100|[from] Grassy Terrain
|upkeep
|turn|11
|
|t:|1743875610
|move|p1a: Samurott|Razor Shell|p2a: Ninetales
|-damage|p2a: Ninetales|0 fnt
|faint|p2a: Ninetales
|
|-weather|Snowscape|[upkeep]
|-heal|p1a: Samurott|88/100|[from] Grassy Terrain
|upkeep
|
|t:|1743875622
|switch|p2a: Glaceon|Glaceon, F, shiny|89/100
|turn|12
|
|t:|1743875627
|switch|p1a: Ninetales|Ninetales-Alola, M|93/100
|move|p2a: Glaceon|Freeze-Dry|p1a: Ninetales
|-resisted|p1a: Ninetales
|-damage|p1a: Ninetales|66/100
|-damage|p2a: Glaceon|80/100|[from] item: Life Orb
|
|-weather|none
|-heal|p1a: Ninetales|72/100|[from] Grassy Terrain
|-heal|p2a: Glaceon|86/100|[from] Grassy Terrain
|upkeep
|turn|13
|inactive|pie2 has 120 seconds left.
|
|t:|1743875643
|switch|p2a: Abomasnow|Abomasnow, F, shiny|100/100
|-weather|Snowscape|[from] ability: Snow Warning|[of] p2a: Abomasnow
|move|p1a: Ninetales|Encore||[still]
|-fail|p1a: Ninetales
|
|-weather|Snowscape|[upkeep]
|-heal|p1a: Ninetales|78/100|[from] Grassy Terrain
|upkeep
|turn|14
|
|t:|1743875655
|move|p1a: Ninetales|Aurora Veil|p1a: Ninetales
|-sidestart|p1: pie2|move: Aurora Veil
|move|p2a: Abomasnow|Earthquake|p1a: Ninetales
|-damage|p1a: Ninetales|72/100
|
|-weather|Snowscape|[upkeep]
|-heal|p1a: Ninetales|78/100|[from] Grassy Terrain
|-fieldend|move: Grassy Terrain
|upkeep
|turn|15
|inactive|pie2 has 120 seconds left.
|
|t:|1743875684
|switch|p2a: Frosmoth|Frosmoth, F, shiny|100/100
|move|p1a: Ninetales|Encore||[still]
|-fail|p1a: Ninetales
|
|-weather|Snowscape|[upkeep]
|upkeep
|turn|16
|
|t:|1743875702
|switch|p1a: Samurott|Samurott-Hisui, F|88/100
|move|p2a: Frosmoth|Defog|p1a: Samurott
|-unboost|p1a: Samurott|evasion|1
|-sideend|p1: pie2|move: Aurora Veil
|
|-weather|Snowscape|[upkeep]
|upkeep
|turn|17
|inactive|Quintesshou has 120 seconds left.
|
|t:|1743875740
|move|p1a: Samurott|Flip Turn|p2a: Frosmoth
|-damage|p2a: Frosmoth|87/100
|inactive|pie2 has 90 seconds left.
|
|t:|1743875755
|switch|p1a: Kyurem|Kyurem|99/100|[from] Flip Turn
|-ability|p1a: Kyurem|Pressure
|move|p2a: Frosmoth|Quiver Dance|p2a: Frosmoth
|-boost|p2a: Frosmoth|spa|1
|-boost|p2a: Frosmoth|spd|1
|-boost|p2a: Frosmoth|spe|1
|
|-weather|Snowscape|[upkeep]
|-sideend|p2: Quintesshou|move: Aurora Veil
|upkeep
|turn|18
|inactive|pie2 has 90 seconds left.
|inactive|Quintesshou has 120 seconds left.
|
|t:|1743875787
|switch|p2a: Dewgong|Dewgong, F, shiny|72/100
|-terastallize|p1a: Kyurem|Fire
|move|p1a: Kyurem|Tera Blast|p2a: Dewgong|[anim] Tera Blast Fire
|-damage|p2a: Dewgong|43/100
|
|-weather|Snowscape|[upkeep]
|-heal|p2a: Dewgong|49/100|[from] ability: Ice Body
|-heal|p2a: Dewgong|55/100|[from] item: Leftovers
|upkeep
|turn|19
|inactive|pie2 has 90 seconds left.
|
|t:|1743875799
|move|p1a: Kyurem|Scale Shot|p2a: Dewgong
|-damage|p2a: Dewgong|46/100
|-damage|p2a: Dewgong|36/100
|-damage|p2a: Dewgong|28/100
|-damage|p2a: Dewgong|20/100
|-hitcount|p2a: Dewgong|4
|-unboost|p1a: Kyurem|def|1
|-boost|p1a: Kyurem|spe|1
|move|p2a: Dewgong|Whirlpool|p1a: Kyurem|[miss]
|-miss|p2a: Dewgong|p1a: Kyurem
|
|-weather|Snowscape|[upkeep]
|-heal|p2a: Dewgong|26/100|[from] ability: Ice Body
|-heal|p2a: Dewgong|33/100|[from] item: Leftovers
|upkeep
|turn|20
|inactive|pie2 has 90 seconds left.
|
|t:|1743875814
|move|p2a: Dewgong|Protect|p2a: Dewgong
|-singleturn|p2a: Dewgong|Protect
|move|p1a: Kyurem|Scale Shot|p2a: Dewgong
|-activate|p2a: Dewgong|move: Protect
|
|-weather|none
|-heal|p2a: Dewgong|39/100|[from] item: Leftovers
|upkeep
|turn|21
|
|t:|1743875821
|move|p1a: Kyurem|Scale Shot|p2a: Dewgong
|-damage|p2a: Dewgong|25/100
|-crit|p2a: Dewgong
|-damage|p2a: Dewgong|5/100
|-damage|p2a: Dewgong|0 fnt
|faint|p2a: Dewgong
|-hitcount|p2: Dewgong|3
|-unboost|p1a: Kyurem|def|1
|-boost|p1a: Kyurem|spe|1
|
|upkeep
|
|t:|1743875834
|switch|p2a: Abomasnow|Abomasnow, F, shiny|100/100
|-weather|Snowscape|[from] ability: Snow Warning|[of] p2a: Abomasnow
|turn|22
|
|t:|1743875840
|move|p1a: Kyurem|Tera Blast|p2a: Abomasnow|[anim] Tera Blast Fire
|-supereffective|p2a: Abomasnow
|-damage|p2a: Abomasnow|0 fnt
|faint|p2a: Abomasnow
|
|-weather|Snowscape|[upkeep]
|upkeep
|
|t:|1743875845
|switch|p2a: Cetitan|Cetitan, F, shiny|100/100
|turn|23
|
|t:|1743875854
|-terastallize|p2a: Cetitan|Fire
|move|p1a: Kyurem|Dragon Dance|p1a: Kyurem
|-boost|p1a: Kyurem|atk|1
|-boost|p1a: Kyurem|spe|1
|move|p2a: Cetitan|Belly Drum|p2a: Cetitan
|-damage|p2a: Cetitan|50/100
|-setboost|p2a: Cetitan|atk|6|[from] move: Belly Drum
|-enditem|p2a: Cetitan|Sitrus Berry|[eat]
|-heal|p2a: Cetitan|75/100|[from] item: Sitrus Berry
|
|-weather|Snowscape|[upkeep]
|upkeep
|turn|24
|inactive|Quintesshou has 120 seconds left.
|
|t:|1743875865
|move|p1a: Kyurem|Scale Shot|p2a: Cetitan
|-damage|p2a: Cetitan|55/100
|-damage|p2a: Cetitan|34/100
|-damage|p2a: Cetitan|14/100
|-damage|p2a: Cetitan|0 fnt
|faint|p2a: Cetitan
|-hitcount|p2: Cetitan|4
|-unboost|p1a: Kyurem|def|1
|-boost|p1a: Kyurem|spe|1
|
|-weather|Snowscape|[upkeep]
|upkeep
|-message|Quintesshou forfeited.
|
|win|pie2
|raw|pie2's rating: 1139 &rarr; <strong>1161</strong><br />(+22 for winning)
|raw|Quintesshou's rating: 1099 &rarr; <strong>1077</strong><br />(-22 for losing)
|l|☆Quintesshou
|player|p2|
|l|☆pie2
|player|p1|
