|j|☆Mostofmyday
|j|☆jxrx
|t:|1743869892
|gametype|singles
|player|p1|Mostofmyday|sage|1209
|player|p2|jxrx|norman|1254
|teamsize|p1|6
|teamsize|p2|6
|gen|9
|tier|[Gen 9] OU
|rated|
|rule|HP Percentage Mod: HP is shown in percentages
|rule|Endless Battle Clause: Forcing endless battles is banned
|rule|Species Clause: Limit one of each Pokémon
|rule|OHKO Clause: OHKO moves are banned
|rule|Evasion Items Clause: Evasion items are banned
|rule|Evasion Moves Clause: Evasion moves are banned
|rule|Sleep Moves Clause: Sleep-inducing moves are banned
|clearpoke
|poke|p1|Garganacl, M|
|poke|p1|Glimmora, F|
|poke|p1|Gholdengo|
|poke|p1|Gliscor, M|
|poke|p1|Blaziken, M|
|poke|p1|Volcanion|
|poke|p2|Great Tusk|
|poke|p2|Muk-Alola, F|
|poke|p2|Dragapult, M|
|poke|p2|Empoleon, M|
|poke|p2|Iron Moth|
|poke|p2|Jumpluff, M|
|teampreview
|inactive|Battle timer is ON: inactive players will automatically lose when time's up. (requested by jxrx)
|
|t:|1743869919
|start
|switch|p1a: KGB|Volcanion|100/100
|switch|p2a: Jumpluff|Jumpluff, M|100/100
|turn|1
|
|t:|1743869928
|switch|p2a: Muk|Muk-Alola, F|100/100
|move|p1a: KGB|Steam Eruption|p2a: Muk
|-damage|p2a: Muk|67/100
|
|upkeep
|turn|2
|
|t:|1743869938
|switch|p1a: Banshee|Glimmora, F|100/100
|move|p2a: Muk|Knock Off|p1a: Banshee
|-damage|p1a: Banshee|55/100
|-activate|p1a: Banshee|ability: Toxic Debris
|-sidestart|p2: jxrx|move: Toxic Spikes
|-enditem|p1a: Banshee|Focus Sash|[from] move: Knock Off|[of] p2a: Muk
|
|upkeep
|turn|3
|
|t:|1743869947
|switch|p2a: Jumpluff|Jumpluff, M|100/100
|move|p1a: Banshee|Stealth Rock|p2a: Jumpluff
|-sidestart|p2: jxrx|move: Stealth Rock
|
|upkeep
|turn|4
|
|t:|1743869952
|move|p2a: Jumpluff|Encore|p1a: Banshee
|-start|p1a: Banshee|Encore
|move|p1a: Banshee|Stealth Rock||[still]
|-fail|p1a: Banshee
|
|upkeep
|turn|5
|
|t:|1743869956
|switch|p1a: PinchUrNips|Gliscor, M, shiny|100/100
|move|p2a: Jumpluff|Stun Spore|p1a: PinchUrNips
|-status|p1a: PinchUrNips|par
|
|upkeep
|turn|6
|
|t:|1743869965
|move|p2a: Jumpluff|Leech Seed|p1a: PinchUrNips
|-start|p1a: PinchUrNips|move: Leech Seed
|cant|p1a: PinchUrNips|par
|
|-damage|p1a: PinchUrNips|88/100 par|[from] Leech Seed|[of] p2a: Jumpluff
|upkeep
|turn|7
|
|t:|1743869972
|switch|p2a: Great Tusk|Great Tusk|100/100
|switch|p1a: Banshee|Glimmora, F|55/100
|
|upkeep
|turn|8
|
|t:|1743869987
|switch|p1a: Money Mane|Gholdengo|100/100
|-item|p1a: Money Mane|Air Balloon
|move|p2a: Great Tusk|Earthquake|p1a: Money Mane
|-immune|p1a: Money Mane
|
|upkeep
|turn|9
|
|t:|1743869993
|switch|p1a: Banshee|Glimmora, F|55/100
|move|p2a: Great Tusk|Ice Spinner|p1a: Banshee
|-damage|p1a: Banshee|20/100
|-activate|p1a: Banshee|ability: Toxic Debris
|-sidestart|p2: jxrx|move: Toxic Spikes
|
|upkeep
|turn|10
|
|t:|1743870008
|switch|p1a: Money Mane|Gholdengo|100/100
|-item|p1a: Money Mane|Air Balloon
|move|p2a: Great Tusk|Ice Spinner|p1a: Money Mane
|-resisted|p1a: Money Mane
|-damage|p1a: Money Mane|91/100
|-enditem|p1a: Money Mane|Air Balloon
|
|upkeep
|turn|11
|
|t:|1743870023
|move|p2a: Great Tusk|Earthquake|p1a: Money Mane
|-supereffective|p1a: Money Mane
|-damage|p1a: Money Mane|13/100
|move|p1a: Money Mane|Hex|p2a: Great Tusk
|-damage|p2a: Great Tusk|58/100
|
|upkeep
|turn|12
|
|t:|1743870029
|switch|p1a: Banshee|Glimmora, F|20/100
|move|p2a: Great Tusk|Ice Spinner|p1a: Banshee
|-damage|p1a: Banshee|0 fnt
|faint|p1a: Banshee
|
|upkeep
|
|t:|1743870037
|switch|p1a: A Salting Ape|Garganacl, M, shiny|100/100
|turn|13
|
|t:|1743870039
|move|p1a: A Salting Ape|Protect|p1a: A Salting Ape
|-singleturn|p1a: A Salting Ape|Protect
|move|p2a: Great Tusk|Rapid Spin|p1a: A Salting Ape
|-activate|p1a: A Salting Ape|move: Protect
|
|upkeep
|turn|14
|
|t:|1743870048
|-terastallize|p1a: A Salting Ape|Ghost
|move|p2a: Great Tusk|Earthquake|p1a: A Salting Ape
|-damage|p1a: A Salting Ape|65/100
|move|p1a: A Salting Ape|Salt Cure|p2a: Great Tusk
|-resisted|p2a: Great Tusk
|-damage|p2a: Great Tusk|55/100
|-start|p2a: Great Tusk|Salt Cure
|
|-heal|p1a: A Salting Ape|71/100|[from] item: Leftovers
|-damage|p2a: Great Tusk|43/100|[from] Salt Cure
|upkeep
|turn|15
|
|t:|1743870056
|-end|p2a: Great Tusk|Protosynthesis|[silent]
|switch|p2a: Muk|Muk-Alola, F|67/100
|-sideend|p2: jxrx|move: Toxic Spikes|[of] p2a: Muk
|-damage|p2a: Muk|55/100|[from] Stealth Rock
|move|p1a: A Salting Ape|Curse|p2a: Muk
|-start|p2a: Muk|Curse|[of] p1a: A Salting Ape
|-damage|p1a: A Salting Ape|21/100
|
|-heal|p1a: A Salting Ape|27/100|[from] item: Leftovers
|-damage|p2a: Muk|30/100|[from] Curse
|upkeep
|turn|16
|
|t:|1743870071
|move|p1a: A Salting Ape|Protect|p1a: A Salting Ape
|-singleturn|p1a: A Salting Ape|Protect
|move|p2a: Muk|Knock Off|p1a: A Salting Ape
|-activate|p1a: A Salting Ape|move: Protect
|
|-heal|p1a: A Salting Ape|33/100|[from] item: Leftovers
|-damage|p2a: Muk|5/100|[from] Curse
|upkeep
|turn|17
|
|t:|1743870087
|switch|p1a: PinchUrNips|Gliscor, M, shiny|88/100 par
|move|p2a: Muk|Knock Off|p1a: PinchUrNips
|-damage|p1a: PinchUrNips|68/100 par
|-enditem|p1a: PinchUrNips|Toxic Orb|[from] move: Knock Off|[of] p2a: Muk
|
|-damage|p2a: Muk|0 fnt|[from] Curse
|faint|p2a: Muk
|upkeep
|
|t:|1743870095
|switch|p2a: Great Tusk|Great Tusk|43/100
|turn|18
|
|t:|1743870101
|move|p1a: PinchUrNips|Protect|p1a: PinchUrNips
|-singleturn|p1a: PinchUrNips|Protect
|move|p2a: Great Tusk|Stealth Rock|p1a: PinchUrNips
|-sidestart|p1: Mostofmyday|move: Stealth Rock
|
|upkeep
|turn|19
|
|t:|1743870107
|switch|p1a: Money Mane|Gholdengo|13/100
|-damage|p1a: Money Mane|7/100|[from] Stealth Rock
|move|p2a: Great Tusk|Ice Spinner|p1a: Money Mane
|-resisted|p1a: Money Mane
|-damage|p1a: Money Mane|0 fnt
|faint|p1a: Money Mane
|
|upkeep
|
|t:|1743870125
|switch|p1a: KGB|Volcanion|100/100
|-damage|p1a: KGB|75/100|[from] Stealth Rock
|turn|20
|
|t:|1743870129
|move|p2a: Great Tusk|Earthquake|p1a: KGB
|-supereffective|p1a: KGB
|-damage|p1a: KGB|0 fnt
|faint|p1a: KGB
|
|upkeep
|-message|Mostofmyday forfeited.
|
|win|jxrx
|raw|Mostofmyday's rating: 1209 &rarr; <strong>1187</strong><br />(-22 for losing)
|raw|jxrx's rating: 1254 &rarr; <strong>1276</strong><br />(+22 for winning)
|l|☆Mostofmyday
|player|p1|
|l|☆jxrx
|player|p2|
