|j|☆Cam1610
|j|☆Novice by Nature
|t:|1743798979
|gametype|singles
|player|p1|Cam1610|hiker-gen4|1509
|player|p2|Novice by Nature|yellow|1519
|teamsize|p1|6
|teamsize|p2|6
|gen|9
|tier|[Gen 9] OU
|rated|
|rule|HP Percentage Mod: HP is shown in percentages
|rule|Endless Battle Clause: Forcing endless battles is banned
|rule|Species Clause: Limit one of each Pokémon
|rule|OHKO Clause: OHKO moves are banned
|rule|Evasion Items Clause: Evasion items are banned
|rule|Evasion Moves Clause: Evasion moves are banned
|rule|Sleep Moves Clause: Sleep-inducing moves are banned
|clearpoke
|poke|p1|Darkrai|
|poke|p1|Ceruledge, M|
|poke|p1|Ursaluna, F|
|poke|p1|Kingambit, M|
|poke|p1|Noivern, M|
|poke|p1|Scizor, F|
|poke|p2|Talonflame, F|
|poke|p2|Hatterene, F|
|poke|p2|Alomomola, F|
|poke|p2|Ogerpon-Wellspring, F|
|poke|p2|Great Tusk|
|poke|p2|Raging Bolt|
|teampreview
|inactive|Battle timer is ON: inactive players will automatically lose when time's up. (requested by Cam1610)
|
|t:|1743798985
|start
|switch|p1a: Beru|Scizor, F|100/100
|switch|p2a: Hatterene|Hatterene, F|100/100
|turn|1
|
|t:|1743798995
|switch|p2a: Great Tusk|Great Tusk|100/100
|move|p1a: Beru|Bullet Punch|p2a: Great Tusk
|-damage|p2a: Great Tusk|67/100
|
|upkeep
|turn|2
|
|t:|1743799011
|move|p1a: Beru|Bullet Punch|p2a: Great Tusk
|-damage|p2a: Great Tusk|31/100
|move|p2a: Great Tusk|Stealth Rock|p1a: Beru
|-sidestart|p1: Cam1610|move: Stealth Rock
|
|upkeep
|turn|3
|
|t:|1743799015
|-end|p2a: Great Tusk|Protosynthesis|[silent]
|switch|p2a: Alomomola|Alomomola, F|100/100
|move|p1a: Beru|Bullet Punch|p2a: Alomomola
|-resisted|p2a: Alomomola
|-damage|p2a: Alomomola|84/100
|-enditem|p2a: Alomomola|Eject Button
|
|t:|1743799022
|switch|p2a: Raging Bolt|Raging Bolt|100/100
|
|upkeep
|turn|4
|
|t:|1743799027
|switch|p1a: Tank|Ursaluna, F, shiny|100/100
|-damage|p1a: Tank|94/100|[from] Stealth Rock
|move|p2a: Raging Bolt|Draco Meteor|p1a: Tank
|-damage|p1a: Tank|30/100
|-unboost|p2a: Raging Bolt|spa|2
|
|-status|p1a: Tank|brn|[from] item: Flame Orb
|upkeep
|turn|5
|
|t:|1743799035
|move|p2a: Raging Bolt|Draco Meteor|p1a: Tank
|-damage|p1a: Tank|0 fnt
|-unboost|p2a: Raging Bolt|spa|2
|faint|p1a: Tank
|
|upkeep
|
|t:|1743799040
|switch|p1a: Igris|Ceruledge, M|100/100
|-damage|p1a: Igris|76/100|[from] Stealth Rock
|turn|6
|
|t:|1743799043
|move|p1a: Igris|Poltergeist|p2a: Raging Bolt
|-activate|p2a: Raging Bolt|move: Poltergeist|Assault Vest
|-damage|p2a: Raging Bolt|59/100
|move|p2a: Raging Bolt|Volt Switch|p1a: Igris
|-damage|p1a: Igris|60/100
|
|t:|1743799051
|-end|p2a: Raging Bolt|Protosynthesis|[silent]
|switch|p2a: Alomomola|Alomomola, F|100/100|[from] Volt Switch
|
|upkeep
|turn|7
|
|t:|1743799054
|move|p1a: Igris|Swords Dance|p1a: Igris
|-boost|p1a: Igris|atk|2
|move|p2a: Alomomola|Flip Turn|p1a: Igris
|-supereffective|p1a: Igris
|-damage|p1a: Igris|10/100
|-ability|p1a: Igris|Weak Armor|boost
|-unboost|p1a: Igris|def|1
|-boost|p1a: Igris|spe|2
|
|t:|1743799063
|switch|p2a: Talonflame|Talonflame, F|100/100|[from] Flip Turn
|
|upkeep
|turn|8
|
|t:|1743799066
|move|p1a: Igris|Shadow Sneak|p2a: Talonflame
|-damage|p2a: Talonflame|39/100
|move|p2a: Talonflame|Dual Wingbeat|p1a: Igris
|-damage|p1a: Igris|0 fnt
|faint|p1a: Igris
|-hitcount|p1: Igris|1
|
|upkeep
|
|t:|1743799071
|switch|p1a: Kaisel|Noivern, M|100/100
|-damage|p1a: Kaisel|76/100|[from] Stealth Rock
|turn|9
|
|t:|1743799075
|switch|p2a: Hatterene|Hatterene, F|100/100
|move|p1a: Kaisel|Defog|p2a: Hatterene
|move|p2a: Hatterene|Defog|p1a: Kaisel|[from] ability: Magic Bounce
|-unboost|p1a: Kaisel|evasion|1
|-sideend|p1: Cam1610|Stealth Rock|[from] move: Defog|[of] p2a: Hatterene
|
|upkeep
|turn|10
|
|t:|1743799080
|switch|p1a: Beru|Scizor, F|100/100
|move|p2a: Hatterene|Nuzzle|p1a: Beru
|-damage|p1a: Beru|96/100
|-status|p1a: Beru|par
|
|upkeep
|turn|11
|
|t:|1743799088
|switch|p2a: Alomomola|Alomomola, F|100/100
|move|p1a: Beru|U-turn|p2a: Alomomola
|-damage|p2a: Alomomola|65/100
|
|t:|1743799091
|switch|p1a: Kaisel|Noivern, M|76/100|[from] U-turn
|
|upkeep
|turn|12
|
|t:|1743799099
|move|p1a: Kaisel|Boomburst|p2a: Alomomola
|-damage|p2a: Alomomola|26/100
|-enditem|p1a: Kaisel|Throat Spray
|-boost|p1a: Kaisel|spa|1|[from] item: Throat Spray
|move|p2a: Alomomola|Flip Turn|p1a: Kaisel
|-resisted|p1a: Kaisel
|-damage|p1a: Kaisel|65/100
|
|t:|1743799104
|switch|p2a: Hatterene|Hatterene, F|100/100|[from] Flip Turn
|
|upkeep
|turn|13
|
|t:|1743799107
|move|p1a: Kaisel|Hurricane|p2a: Hatterene|[miss]
|-miss|p1a: Kaisel|p2a: Hatterene
|move|p2a: Hatterene|Draining Kiss|p1a: Kaisel
|-supereffective|p1a: Kaisel
|-damage|p1a: Kaisel|0 fnt
|faint|p1a: Kaisel
|
|upkeep
|
|t:|1743799109
|switch|p1a: Beru|Scizor, F|96/100 par
|turn|14
|
|t:|1743799125
|move|p2a: Hatterene|Mystical Fire|p1a: Beru
|-supereffective|p1a: Beru
|-damage|p1a: Beru|0 fnt
|faint|p1a: Beru
|
|upkeep
|
|t:|1743799127
|switch|p1a: Tusk|Darkrai, shiny|100/100
|turn|15
|
|t:|1743799130
|move|p1a: Tusk|Dark Pulse|p2a: Hatterene
|-damage|p2a: Hatterene|60/100
|-damage|p1a: Tusk|91/100|[from] item: Life Orb
|move|p2a: Hatterene|Draining Kiss|p1a: Tusk
|-supereffective|p1a: Tusk
|-damage|p1a: Tusk|24/100
|-heal|p2a: Hatterene|100/100|[from] drain|[of] p1a: Tusk
|
|upkeep
|turn|16
|
|t:|1743799136
|move|p1a: Tusk|Sludge Bomb|p2a: Hatterene
|-supereffective|p2a: Hatterene
|-damage|p2a: Hatterene|42/100
|-damage|p1a: Tusk|14/100|[from] item: Life Orb
|move|p2a: Hatterene|Draining Kiss|p1a: Tusk
|-supereffective|p1a: Tusk
|-damage|p1a: Tusk|0 fnt
|-heal|p2a: Hatterene|51/100|[from] drain|[of] p1a: Tusk
|faint|p1a: Tusk
|
|upkeep
|
|t:|1743799139
|switch|p1a: Sung Jin Woo|Kingambit, M, shiny|100/100
|-activate|p1a: Sung Jin Woo|ability: Supreme Overlord
|-start|p1a: Sung Jin Woo|fallen5|[silent]
|turn|17
|
|t:|1743799142
|move|p1a: Sung Jin Woo|Iron Head|p2a: Hatterene
|-supereffective|p2a: Hatterene
|-damage|p2a: Hatterene|0 fnt
|faint|p2a: Hatterene
|
|upkeep
|
|t:|1743799147
|switch|p2a: Great Tusk|Great Tusk|31/100
|turn|18
|
|t:|1743799152
|-terastallize|p1a: Sung Jin Woo|Fairy
|move|p1a: Sung Jin Woo|Sucker Punch|p2a: Great Tusk
|-resisted|p2a: Great Tusk
|-damage|p2a: Great Tusk|12/100
|move|p2a: Great Tusk|Headlong Rush|p1a: Sung Jin Woo
|-damage|p1a: Sung Jin Woo|60/100
|-unboost|p2a: Great Tusk|def|1
|-unboost|p2a: Great Tusk|spd|1
|
|-heal|p1a: Sung Jin Woo|66/100|[from] item: Leftovers
|upkeep
|turn|19
|
|t:|1743799162
|move|p1a: Sung Jin Woo|Sucker Punch|p2a: Great Tusk
|-resisted|p2a: Great Tusk
|-damage|p2a: Great Tusk|0 fnt
|faint|p2a: Great Tusk
|-end|p2a: Great Tusk|Protosynthesis|[silent]
|
|-heal|p1a: Sung Jin Woo|72/100|[from] item: Leftovers
|upkeep
|
|t:|1743799172
|switch|p2a: Alomomola|Alomomola, F|60/100
|turn|20
|
|t:|1743799175
|move|p1a: Sung Jin Woo|Tera Blast|p2a: Alomomola|[anim] Tera Blast Fairy
|-damage|p2a: Alomomola|16/100
|move|p2a: Alomomola|Healing Wish|p2a: Alomomola
|faint|p2a: Alomomola
|
|-heal|p1a: Sung Jin Woo|78/100|[from] item: Leftovers
|upkeep
|
|t:|1743799182
|switch|p2a: Talonflame|Talonflame, F|39/100
|-heal|p2a: Talonflame|100/100|[from] move: Healing Wish
|turn|21
|
|t:|1743799186
|move|p2a: Talonflame|Brave Bird|p1a: Sung Jin Woo
|-damage|p1a: Sung Jin Woo|32/100
|-damage|p2a: Talonflame|80/100|[from] Recoil
|move|p1a: Sung Jin Woo|Kowtow Cleave|p2a: Talonflame
|-damage|p2a: Talonflame|0 fnt
|faint|p2a: Talonflame
|
|-heal|p1a: Sung Jin Woo|39/100|[from] item: Leftovers
|upkeep
|
|t:|1743799191
|switch|p2a: Ogerpon|Ogerpon-Wellspring, F|100/100
|turn|22
|
|t:|1743799194
|move|p1a: Sung Jin Woo|Sucker Punch|p2a: Ogerpon
|-crit|p2a: Ogerpon
|-damage|p2a: Ogerpon|0 fnt
|faint|p2a: Ogerpon
|
|-heal|p1a: Sung Jin Woo|45/100|[from] item: Leftovers
|upkeep
|
|t:|1743799197
|switch|p2a: Raging Bolt|Raging Bolt|59/100
|turn|23
|
|t:|1743799204
|-terastallize|p2a: Raging Bolt|Ice
|move|p2a: Raging Bolt|Tera Blast|p1a: Sung Jin Woo|[anim] Tera Blast Ice
|-damage|p1a: Sung Jin Woo|1/100
|move|p1a: Sung Jin Woo|Tera Blast|p2a: Raging Bolt|[anim] Tera Blast Fairy
|-damage|p2a: Raging Bolt|0 fnt
|faint|p2a: Raging Bolt
|-end|p2a: Raging Bolt|Protosynthesis|[silent]
|
|win|Cam1610
|raw|Cam1610's rating: 1509 &rarr; <strong>1530</strong><br />(+21 for winning)
|raw|Novice by Nature's rating: 1519 &rarr; <strong>1498</strong><br />(-21 for losing)
|c|☆Cam1610|Gg
|l|☆Novice by Nature
|player|p2|
|l|☆Cam1610
|player|p1|
