|j|☆Purple Mamba
|j|☆ShittyHole69
|t:|1743877465
|gametype|singles
|player|p1|Purple Mamba|101|1298
|player|p2|ShittyHole69|drayden|1293
|teamsize|p1|6
|teamsize|p2|6
|gen|9
|tier|[Gen 9] OU
|rated|
|rule|HP Percentage Mod: HP is shown in percentages
|rule|Endless Battle Clause: Forcing endless battles is banned
|rule|Species Clause: Limit one of each Pokémon
|rule|OHKO Clause: OHKO moves are banned
|rule|Evasion Items Clause: Evasion items are banned
|rule|Evasion Moves Clause: Evasion moves are banned
|rule|Sleep Moves Clause: Sleep-inducing moves are banned
|clearpoke
|poke|p1|Krookodile, F|
|poke|p1|Torkoal, M|
|poke|p1|Skeledirge, F|
|poke|p1|Scizor, F|
|poke|p1|Iron Valiant|
|poke|p1|Great Tusk|
|poke|p2|Ogerpon, F|
|poke|p2|Chandelure, M|
|poke|p2|Mandibuzz, F|
|poke|p2|Moltres-Galar|
|poke|p2|Landorus-Therian, M|
|poke|p2|Comfey, M|
|teampreview
|inactive|Battle timer is ON: inactive players will automatically lose when time's up. (requested by Purple Mamba)
|
|t:|1743877483
|start
|switch|p1a: Krookodile|Krookodile, F|100/100
|switch|p2a: Ogerpon-Shitspring|Ogerpon, F|100/100
|-ability|p1a: Krookodile|Intimidate|boost
|-unboost|p2a: Ogerpon-Shitspring|atk|1
|-ability|p2a: Ogerpon-Shitspring|Defiant|boost
|-boost|p2a: Ogerpon-Shitspring|atk|2
|turn|1
|
|t:|1743877492
|move|p2a: Ogerpon-Shitspring|U-turn|p1a: Krookodile
|-supereffective|p1a: Krookodile
|-enditem|p1a: Krookodile|Focus Sash
|-damage|p1a: Krookodile|1/100
|
|t:|1743877496
|switch|p2a: Mandibuzz|Mandibuzz, F|100/100|[from] U-turn
|move|p1a: Krookodile|Knock Off|p2a: Mandibuzz
|-resisted|p2a: Mandibuzz
|-damage|p2a: Mandibuzz|88/100
|-enditem|p2a: Mandibuzz|Heavy-Duty Boots|[from] move: Knock Off|[of] p1a: Krookodile
|
|upkeep
|turn|2
|
|t:|1743877505
|move|p1a: Krookodile|Stealth Rock|p2a: Mandibuzz
|-sidestart|p2: ShittyHole69|move: Stealth Rock
|move|p2a: Mandibuzz|Foul Play|p1a: Krookodile
|-resisted|p1a: Krookodile
|-damage|p1a: Krookodile|0 fnt
|faint|p1a: Krookodile
|
|upkeep
|
|t:|1743877512
|switch|p1a: Iron Valiant|Iron Valiant|100/100
|-enditem|p1a: Iron Valiant|Booster Energy
|-activate|p1a: Iron Valiant|ability: Quark Drive|[fromitem]
|-start|p1a: Iron Valiant|quarkdrivespe
|turn|3
|
|t:|1743877518
|switch|p2a: Comfey|Comfey, M|100/100
|-damage|p2a: Comfey|88/100|[from] Stealth Rock
|move|p1a: Iron Valiant|Calm Mind|p1a: Iron Valiant
|-boost|p1a: Iron Valiant|spa|1
|-boost|p1a: Iron Valiant|spd|1
|
|upkeep
|turn|4
|
|t:|1743877526
|-terastallize|p1a: Iron Valiant|Electric
|move|p2a: Comfey|Draining Kiss|p1a: Iron Valiant
|-crit|p1a: Iron Valiant
|-damage|p1a: Iron Valiant|13/100
|-heal|p2a: Comfey|100/100|[from] drain|[of] p1a: Iron Valiant
|move|p1a: Iron Valiant|Calm Mind|p1a: Iron Valiant
|-boost|p1a: Iron Valiant|spa|1
|-boost|p1a: Iron Valiant|spd|1
|
|upkeep
|turn|5
|
|t:|1743877537
|move|p2a: Comfey|Draining Kiss|p1a: Iron Valiant
|-damage|p1a: Iron Valiant|0 fnt
|faint|p1a: Iron Valiant
|-end|p1a: Iron Valiant|Quark Drive|[silent]
|
|upkeep
|
|t:|1743877542
|switch|p1a: Scizor|Scizor, F|100/100
|turn|6
|
|t:|1743877546
|switch|p2a: Mandibuzz|Mandibuzz, F|88/100
|-damage|p2a: Mandibuzz|63/100|[from] Stealth Rock
|move|p1a: Scizor|Knock Off|p2a: Mandibuzz
|-resisted|p2a: Mandibuzz
|-damage|p2a: Mandibuzz|56/100
|
|upkeep
|turn|7
|
|t:|1743877555
|switch|p1a: Torkoal|Torkoal, M|100/100
|-weather|SunnyDay|[from] ability: Drought|[of] p1a: Torkoal
|move|p2a: Mandibuzz|Defog|p1a: Torkoal
|-unboost|p1a: Torkoal|evasion|1
|-sideend|p2: ShittyHole69|Stealth Rock|[from] move: Defog|[of] p2a: Mandibuzz
|
|-weather|SunnyDay|[upkeep]
|upkeep
|turn|8
|
|t:|1743877564
|switch|p2a: Chandy|Chandelure, M|100/100
|move|p1a: Torkoal|Stealth Rock|p2a: Chandy
|-sidestart|p2: ShittyHole69|move: Stealth Rock
|
|-weather|SunnyDay|[upkeep]
|upkeep
|turn|9
|
|t:|1743877572
|switch|p1a: Great Tusk|Great Tusk|100/100
|-activate|p1a: Great Tusk|ability: Protosynthesis
|-start|p1a: Great Tusk|protosynthesisatk
|move|p2a: Chandy|Overheat|p1a: Great Tusk
|-damage|p1a: Great Tusk|0 fnt
|-unboost|p2a: Chandy|spa|2
|faint|p1a: Great Tusk
|-end|p1a: Great Tusk|Protosynthesis|[silent]
|
|-weather|SunnyDay|[upkeep]
|upkeep
|-message|Purple Mamba forfeited.
|
|win|ShittyHole69
|raw|Purple Mamba's rating: 1298 &rarr; <strong>1273</strong><br />(-25 for losing)
|raw|ShittyHole69's rating: 1293 &rarr; <strong>1318</strong><br />(+25 for winning)
|l|☆Purple Mamba
|player|p1|
