|j|☆turnyacc
|j|☆rock$tar made
|t:|1743830261
|gametype|singles
|player|p1|turnyacc|266|1722
|player|p2|rock$tar made|red|1713
|teamsize|p1|6
|teamsize|p2|6
|gen|9
|tier|[Gen 9] OU
|rated|
|rule|HP Percentage Mod: HP is shown in percentages
|rule|Endless Battle Clause: Forcing endless battles is banned
|rule|Species Clause: Limit one of each Pokémon
|rule|OHKO Clause: OHKO moves are banned
|rule|Evasion Items Clause: Evasion items are banned
|rule|Evasion Moves Clause: Evasion moves are banned
|rule|Sleep Moves Clause: Sleep-inducing moves are banned
|clearpoke
|poke|p1|Moltres|
|poke|p1|Clodsire, M|
|poke|p1|Raging Bolt|
|poke|p1|Great Tusk|
|poke|p1|Clefable, M|
|poke|p1|Iron Crown|
|poke|p2|Weezing-Galar, M|
|poke|p2|Alomomola, F|
|poke|p2|Enamorus, F|
|poke|p2|Iron Treads|
|poke|p2|Tornadus, M|
|poke|p2|Zamazenta-*|
|teampreview
|inactive|Battle timer is ON: inactive players will automatically lose when time's up. (requested by rock$tar made)
|
|t:|1743830277
|start
|switch|p1a: Clefable|Clefable, M|100/100
|switch|p2a: Tornadus|Tornadus, M|100/100
|turn|1
|
|t:|1743830280
|-terastallize|p2a: Tornadus|Flying
|move|p2a: Tornadus|Bleakwind Storm|p1a: Clefable
|-damage|p1a: Clefable|5/100
|-unboost|p1a: Clefable|spe|1
|move|p1a: Clefable|Thunder Wave|p2a: Tornadus
|-status|p2a: Tornadus|par
|
|-heal|p1a: Clefable|11/100|[from] item: Leftovers
|upkeep
|turn|2
|j| MiniLarry
|j| atlas tales
|j| lehoang24121992
|
|t:|1743830301
|switch|p1a: Iron Crown|Iron Crown|100/100
|cant|p2a: Tornadus|par
|
|upkeep
|turn|3
|
|t:|1743830307
|switch|p2a: Iron Treads|Iron Treads|100/100
|move|p1a: Iron Crown|Future Sight|p2a: Iron Treads
|-start|p1a: Iron Crown|move: Future Sight
|
|upkeep
|turn|4
|
|t:|1743830311
|-end|p1a: Iron Crown|Quark Drive|[silent]
|switch|p1a: Moltres|Moltres|100/100
|move|p2a: Iron Treads|Knock Off|p1a: Moltres
|-damage|p1a: Moltres|84/100
|-enditem|p1a: Moltres|Heavy-Duty Boots|[from] move: Knock Off|[of] p2a: Iron Treads
|
|upkeep
|turn|5
|
|t:|1743830321
|move|p2a: Iron Treads|Stealth Rock|p1a: Moltres
|-sidestart|p1: turnyacc|move: Stealth Rock
|move|p1a: Moltres|Flamethrower|p2a: Iron Treads
|-supereffective|p2a: Iron Treads
|-damage|p2a: Iron Treads|39/100
|
|-end|p2a: Iron Treads|move: Future Sight
|-resisted|p2a: Iron Treads
|-damage|p2a: Iron Treads|18/100
|-heal|p2a: Iron Treads|24/100|[from] item: Leftovers
|upkeep
|turn|6
|j| dilf huntr
|
|t:|1743830325
|-end|p2a: Iron Treads|Quark Drive|[silent]
|switch|p2a: Alomomola|Alomomola, F|100/100
|move|p1a: Moltres|Will-O-Wisp|p2a: Alomomola
|-status|p2a: Alomomola|brn
|
|-damage|p2a: Alomomola|94/100 brn|[from] brn
|upkeep
|turn|7
|
|t:|1743830329
|move|p1a: Moltres|U-turn|p2a: Alomomola
|-damage|p2a: Alomomola|85/100 brn
|
|t:|1743830334
|switch|p1a: Clefable|Clefable, M|11/100|[from] U-turn
|move|p2a: Alomomola|Flip Turn|p1a: Clefable
|-damage|p1a: Clefable|4/100
|
|t:|1743830338
|switch|p2a: Iron Treads|Iron Treads|24/100|[from] Flip Turn
|
|-heal|p2a: Iron Treads|30/100|[from] item: Leftovers
|-heal|p1a: Clefable|10/100|[from] item: Leftovers
|upkeep
|turn|8
|
|t:|1743830346
|switch|p1a: Great Tusk|Great Tusk|100/100
|move|p2a: Iron Treads|Earthquake|p1a: Great Tusk
|-damage|p1a: Great Tusk|74/100
|
|-heal|p2a: Iron Treads|36/100|[from] item: Leftovers
|upkeep
|turn|9
|
|t:|1743830355
|-end|p2a: Iron Treads|Quark Drive|[silent]
|switch|p2a: Enamorus|Enamorus, F|100/100
|move|p1a: Great Tusk|Rapid Spin|p2a: Enamorus
|-damage|p2a: Enamorus|72/100
|-boost|p1a: Great Tusk|spe|1
|-sideend|p1: turnyacc|Stealth Rock|[from] move: Rapid Spin|[of] p1a: Great Tusk
|
|upkeep
|turn|10
|j| m0chaman_829
|
|t:|1743830360
|switch|p2a: Tornadus|Tornadus, M, tera:Flying|100/100 par
|-end|p1a: Great Tusk|Protosynthesis|[silent]
|switch|p1a: Clefable|Clefable, M|10/100
|
|-heal|p1a: Clefable|16/100|[from] item: Leftovers
|upkeep
|turn|11
|
|t:|1743830364
|cant|p2a: Tornadus|par
|move|p1a: Clefable|Wish|p1a: Clefable
|
|-heal|p1a: Clefable|23/100|[from] item: Leftovers
|upkeep
|turn|12
|
|t:|1743830368
|switch|p1a: Moltres|Moltres|84/100
|move|p2a: Tornadus|Bleakwind Storm|p1a: Moltres|[miss]
|-miss|p2a: Tornadus|p1a: Moltres
|
|-heal|p1a: Moltres|100/100|[from] move: Wish|[wisher] Clefable
|upkeep
|turn|13
|c| m0chaman_829|Kyurem suspect again please
|l| MiniLarry
|j| MiniLarry
|c|☆turnyacc|IM SAYIN
|c|☆turnyacc|FUCK KYU
|
|t:|1743830386
|move|p1a: Moltres|Flamethrower|p2a: Tornadus
|-crit|p2a: Tornadus
|-damage|p2a: Tornadus|13/100 par
|move|p2a: Tornadus|Bleakwind Storm|p1a: Moltres
|-damage|p1a: Moltres|0 fnt
|faint|p1a: Moltres
|
|upkeep
|c|☆turnyacc|sorry for crit
|
|t:|1743830399
|switch|p1a: Great Tusk|Great Tusk|74/100
|turn|14
|c| m0chaman_829|do they announce the next suspect or does it just happen randomly.
|c|☆turnyacc|they annouce them in advance
|
|t:|1743830422
|move|p1a: Great Tusk|Knock Off|p2a: Tornadus
|-damage|p2a: Tornadus|0 fnt
|-enditem|p2a: Tornadus|Choice Specs|[from] move: Knock Off|[of] p1a: Great Tusk
|faint|p2a: Tornadus
|
|upkeep
|
|t:|1743830425
|switch|p2a: Enamorus|Enamorus, F|72/100
|turn|15
|c| m0chaman_829|Kyurem is just too good its bulky, hits hard, a million sets
|
|t:|1743830432
|-end|p1a: Great Tusk|Protosynthesis|[silent]
|switch|p1a: Clefable|Clefable, M|23/100
|move|p2a: Enamorus|Earth Power|p1a: Clefable
|-damage|p1a: Clefable|0 fnt
|faint|p1a: Clefable
|
|upkeep
|c| m0chaman_829|ter electric tera ground ters fire
|
|t:|1743830439
|switch|p1a: Iron Crown|Iron Crown|100/100
|turn|16
|
|t:|1743830443
|switch|p2a: Alomomola|Alomomola, F|100/100 brn
|move|p1a: Iron Crown|Future Sight|p2a: Alomomola
|-start|p1a: Iron Crown|move: Future Sight
|
|-damage|p2a: Alomomola|94/100 brn|[from] brn
|upkeep
|turn|17
|
|t:|1743830445
|move|p1a: Iron Crown|Volt Switch|p2a: Alomomola
|-supereffective|p2a: Alomomola
|-damage|p2a: Alomomola|72/100 brn
|
|t:|1743830447
|-end|p1a: Iron Crown|Quark Drive|[silent]
|switch|p1a: Raging Bolt|Raging Bolt|100/100|[from] Volt Switch
|move|p2a: Alomomola|Flip Turn|p1a: Raging Bolt
|-resisted|p1a: Raging Bolt
|-damage|p1a: Raging Bolt|98/100
|
|t:|1743830450
|switch|p2a: Iron Treads|Iron Treads|36/100|[from] Flip Turn
|
|-heal|p2a: Iron Treads|43/100|[from] item: Leftovers
|-heal|p1a: Raging Bolt|100/100|[from] item: Leftovers
|upkeep
|turn|18
|c| m0chaman_829|ok well fingers crossed its Kyurem
|
|t:|1743830453
|-end|p1a: Raging Bolt|Protosynthesis|[silent]
|switch|p1a: Great Tusk|Great Tusk|74/100
|move|p2a: Iron Treads|Earthquake|p1a: Great Tusk
|-damage|p1a: Great Tusk|47/100
|
|-end|p2a: Iron Treads|move: Future Sight
|-resisted|p2a: Iron Treads
|-damage|p2a: Iron Treads|20/100
|-heal|p2a: Iron Treads|26/100|[from] item: Leftovers
|upkeep
|turn|19
|c|☆turnyacc|its not getting suspected again
|
|t:|1743830468
|-end|p2a: Iron Treads|Quark Drive|[silent]
|switch|p2a: Enamorus|Enamorus, F|72/100
|move|p1a: Great Tusk|Knock Off|p2a: Enamorus
|-resisted|p2a: Enamorus
|-damage|p2a: Enamorus|43/100
|-enditem|p2a: Enamorus|Choice Scarf|[from] move: Knock Off|[of] p1a: Great Tusk
|
|upkeep
|turn|20
|
|t:|1743830474
|-end|p1a: Great Tusk|Protosynthesis|[silent]
|switch|p1a: Clodsire|Clodsire, M|100/100
|move|p2a: Enamorus|Earth Power|p1a: Clodsire
|-supereffective|p1a: Clodsire
|-damage|p1a: Clodsire|64/100
|
|-heal|p1a: Clodsire|70/100|[from] item: Leftovers
|upkeep
|turn|21
|c| m0chaman_829|it wont
|c|☆turnyacc|nah
|c|☆turnyacc|much to my dismay
|
|t:|1743830484
|switch|p2a: Weezing|Weezing-Galar, M|100/100
|-ability|p2a: Weezing|Neutralizing Gas
|move|p1a: Clodsire|Stealth Rock|p2a: Weezing
|-sidestart|p2: rock$tar made|move: Stealth Rock
|
|-heal|p1a: Clodsire|76/100|[from] item: Leftovers
|upkeep
|turn|22
|
|t:|1743830487
|switch|p1a: Iron Crown|Iron Crown|100/100
|move|p2a: Weezing|Will-O-Wisp|p1a: Iron Crown|[miss]
|-miss|p2a: Weezing|p1a: Iron Crown
|
|upkeep
|turn|23
|c| m0chaman_829|i thought they suspected other mons more than once
|
|t:|1743830495
|-end|p2a: Weezing|ability: Neutralizing Gas
|switch|p2a: Alomomola|Alomomola, F|100/100 brn
|-damage|p2a: Alomomola|88/100 brn|[from] Stealth Rock
|move|p1a: Iron Crown|Future Sight|p2a: Alomomola
|-start|p1a: Iron Crown|move: Future Sight
|
|-damage|p2a: Alomomola|82/100 brn|[from] brn
|upkeep
|turn|24
|j| lowladderubersnoob
|
|t:|1743830500
|move|p1a: Iron Crown|Psychic Noise|p2a: Alomomola
|-damage|p2a: Alomomola|62/100 brn
|-start|p2a: Alomomola|move: Heal Block
|move|p2a: Alomomola|Flip Turn|p1a: Iron Crown
|-damage|p1a: Iron Crown|91/100
|
|t:|1743830504
|switch|p2a: Iron Treads|Iron Treads|26/100|[from] Flip Turn
|-damage|p2a: Iron Treads|23/100|[from] Stealth Rock
|
|-heal|p2a: Iron Treads|29/100|[from] item: Leftovers
|upkeep
|turn|25
|c| m0chaman_829|like Gouging Fire and Gliscor
|
|t:|1743830512
|move|p1a: Iron Crown|Tachyon Cutter|p2a: Iron Treads
|-resisted|p2a: Iron Treads
|-damage|p2a: Iron Treads|19/100
|-resisted|p2a: Iron Treads
|-damage|p2a: Iron Treads|10/100
|-hitcount|p2a: Iron Treads|2
|move|p2a: Iron Treads|Rapid Spin|p1a: Iron Crown
|-resisted|p1a: Iron Crown
|-damage|p1a: Iron Crown|85/100
|-boost|p2a: Iron Treads|spe|1
|-sideend|p2: rock$tar made|Stealth Rock|[from] move: Rapid Spin|[of] p2a: Iron Treads
|
|-end|p2a: Iron Treads|move: Future Sight
|-resisted|p2a: Iron Treads
|-damage|p2a: Iron Treads|0 fnt
|faint|p2a: Iron Treads
|-end|p2a: Iron Treads|Quark Drive|[silent]
|upkeep
|c|☆turnyacc|they did
|
|t:|1743830531
|switch|p2a: Enamorus|Enamorus, F|43/100
|turn|26
|c|☆turnyacc|but they arent gonna do kyu again
|l| lowladderubersnoob
|c| m0chaman_829|rip
|c|☆turnyacc|for some reason people are so braindead that they think kyurem is ok for the tier
|
|t:|1743830551
|-end|p1a: Iron Crown|Quark Drive|[silent]
|switch|p1a: Clodsire|Clodsire, M|76/100
|move|p2a: Enamorus|Earth Power|p1a: Clodsire
|-supereffective|p1a: Clodsire
|-damage|p1a: Clodsire|37/100
|
|-heal|p1a: Clodsire|43/100|[from] item: Leftovers
|upkeep
|turn|27
|
|t:|1743830557
|switch|p2a: Weezing|Weezing-Galar, M|100/100
|-ability|p2a: Weezing|Neutralizing Gas
|move|p1a: Clodsire|Recover|p1a: Clodsire
|-heal|p1a: Clodsire|93/100
|
|-heal|p1a: Clodsire|99/100|[from] item: Leftovers
|upkeep
|turn|28
|j| lowladderubersnoob
|c| m0chaman_829|idk
|
|t:|1743830561
|-end|p2a: Weezing|ability: Neutralizing Gas
|switch|p2a: Zamazenta|Zamazenta|100/100
|-ability|p2a: Zamazenta|Dauntless Shield|boost
|-boost|p2a: Zamazenta|def|1
|move|p1a: Clodsire|Stealth Rock|p2a: Zamazenta
|-sidestart|p2: rock$tar made|move: Stealth Rock
|
|-heal|p1a: Clodsire|100/100|[from] item: Leftovers
|upkeep
|turn|29
|
|t:|1743830567
|switch|p2a: Weezing|Weezing-Galar, M|100/100
|-ability|p2a: Weezing|Neutralizing Gas
|-damage|p2a: Weezing|88/100|[from] Stealth Rock
|move|p1a: Clodsire|Toxic|p2a: Weezing
|-immune|p2a: Weezing
|
|-heal|p2a: Weezing|94/100|[from] item: Leftovers
|upkeep
|turn|30
|
|t:|1743830569
|switch|p1a: Iron Crown|Iron Crown|85/100
|move|p2a: Weezing|Defog|p1a: Iron Crown
|-unboost|p1a: Iron Crown|evasion|1
|-sideend|p2: rock$tar made|Stealth Rock|[from] move: Defog|[of] p2a: Weezing
|
|-heal|p2a: Weezing|99/100|[from] item: Leftovers
|upkeep
|turn|31
|
|t:|1743830572
|-end|p2a: Weezing|ability: Neutralizing Gas
|switch|p2a: Alomomola|Alomomola, F|95/100 brn
|move|p1a: Iron Crown|Future Sight|p2a: Alomomola
|-start|p1a: Iron Crown|move: Future Sight
|
|-damage|p2a: Alomomola|89/100 brn|[from] brn
|upkeep
|turn|32
|c| m0chaman_829|it seems like an obvious ban
|
|t:|1743830577
|move|p1a: Iron Crown|Psychic Noise|p2a: Alomomola
|-damage|p2a: Alomomola|69/100 brn
|-start|p2a: Alomomola|move: Heal Block
|move|p2a: Alomomola|Mirror Coat|p1a: Iron Crown
|-damage|p1a: Iron Crown|25/100
|
|-damage|p2a: Alomomola|63/100 brn|[from] brn
|upkeep
|turn|33
|c|☆turnyacc|ik
|
|t:|1743830597
|move|p1a: Iron Crown|Volt Switch|p2a: Alomomola
|-supereffective|p2a: Alomomola
|-damage|p2a: Alomomola|39/100 brn
|
|t:|1743830598
|-end|p1a: Iron Crown|Quark Drive|[silent]
|switch|p1a: Clodsire|Clodsire, M|100/100|[from] Volt Switch
|move|p2a: Alomomola|Mirror Coat|p1a: Clodsire
|-damage|p1a: Clodsire|51/100
|
|-end|p2a: Alomomola|move: Future Sight
|-damage|p2a: Alomomola|8/100 brn
|-heal|p1a: Clodsire|57/100|[from] item: Leftovers
|-damage|p2a: Alomomola|2/100 brn|[from] brn
|-end|p2a: Alomomola|move: Heal Block
|upkeep
|turn|34
|l| lowladderubersnoob
|
|t:|1743830606
|switch|p1a: Iron Crown|Iron Crown|25/100
|move|p2a: Alomomola|Flip Turn|p1a: Iron Crown
|-damage|p1a: Iron Crown|17/100
|
|t:|1743830613
|switch|p2a: Enamorus|Enamorus, F|43/100|[from] Flip Turn
|
|upkeep
|turn|35
|
|t:|1743830615
|move|p1a: Iron Crown|Tachyon Cutter|p2a: Enamorus
|-supereffective|p2a: Enamorus
|-damage|p2a: Enamorus|0 fnt
|faint|p2a: Enamorus
|-hitcount|p2: Enamorus|1
|
|upkeep
|
|t:|1743830621
|switch|p2a: Zamazenta|Zamazenta|100/100
|turn|36
|c|☆turnyacc|why ur mons so slow
|c|☆turnyacc|u are so greedy lol
|
|t:|1743830631
|-end|p1a: Iron Crown|Quark Drive|[silent]
|switch|p1a: Clodsire|Clodsire, M|57/100
|move|p2a: Zamazenta|Crunch|p1a: Clodsire
|-damage|p1a: Clodsire|18/100
|-damage|p2a: Zamazenta|91/100|[from] item: Life Orb
|
|-heal|p1a: Clodsire|24/100|[from] item: Leftovers
|upkeep
|turn|37
|
|t:|1743830638
|move|p2a: Zamazenta|Crunch|p1a: Clodsire
|-damage|p1a: Clodsire|0 fnt
|faint|p1a: Clodsire
|-damage|p2a: Zamazenta|81/100|[from] item: Life Orb
|
|upkeep
|
|t:|1743830643
|switch|p1a: Iron Crown|Iron Crown|17/100
|turn|38
|
|t:|1743830650
|move|p2a: Zamazenta|Crunch|p1a: Iron Crown
|-supereffective|p1a: Iron Crown
|-damage|p1a: Iron Crown|0 fnt
|faint|p1a: Iron Crown
|-end|p1a: Iron Crown|Quark Drive|[silent]
|-damage|p2a: Zamazenta|71/100|[from] item: Life Orb
|
|upkeep
|
|t:|1743830654
|switch|p1a: Great Tusk|Great Tusk|47/100
|turn|39
|
|t:|1743830657
|move|p2a: Zamazenta|Close Combat|p1a: Great Tusk
|-damage|p1a: Great Tusk|0 fnt
|-unboost|p2a: Zamazenta|def|1
|-unboost|p2a: Zamazenta|spd|1
|faint|p1a: Great Tusk
|-end|p1a: Great Tusk|Protosynthesis|[silent]
|-damage|p2a: Zamazenta|61/100|[from] item: Life Orb
|
|upkeep
|
|t:|1743830659
|switch|p1a: Raging Bolt|Raging Bolt|100/100
|turn|40
|
|t:|1743830660
|switch|p2a: Alomomola|Alomomola, F|35/100 brn
|-terastallize|p1a: Raging Bolt|Bug
|move|p1a: Raging Bolt|Calm Mind|p1a: Raging Bolt
|-boost|p1a: Raging Bolt|spa|1
|-boost|p1a: Raging Bolt|spd|1
|
|-damage|p2a: Alomomola|29/100 brn|[from] brn
|upkeep
|turn|41
|
|t:|1743830663
|move|p1a: Raging Bolt|Calm Mind|p1a: Raging Bolt
|-boost|p1a: Raging Bolt|spa|1
|-boost|p1a: Raging Bolt|spd|1
|move|p2a: Alomomola|Mirror Coat||[still]
|-fail|p2a: Alomomola
|
|-damage|p2a: Alomomola|23/100 brn|[from] brn
|upkeep
|turn|42
|
|t:|1743830666
|move|p1a: Raging Bolt|Calm Mind|p1a: Raging Bolt
|-boost|p1a: Raging Bolt|spa|1
|-boost|p1a: Raging Bolt|spd|1
|move|p2a: Alomomola|Play Rough|p1a: Raging Bolt
|-damage|p1a: Raging Bolt|96/100
|
|-heal|p1a: Raging Bolt|100/100|[from] item: Leftovers
|-damage|p2a: Alomomola|17/100 brn|[from] brn
|upkeep
|turn|43
|
|t:|1743830668
|move|p1a: Raging Bolt|Calm Mind|p1a: Raging Bolt
|-boost|p1a: Raging Bolt|spa|1
|-boost|p1a: Raging Bolt|spd|1
|move|p2a: Alomomola|Scald|p1a: Raging Bolt
|-damage|p1a: Raging Bolt|96/100
|
|-heal|p1a: Raging Bolt|100/100|[from] item: Leftovers
|-damage|p2a: Alomomola|11/100 brn|[from] brn
|upkeep
|turn|44
|
|t:|1743830670
|move|p1a: Raging Bolt|Calm Mind|p1a: Raging Bolt
|-boost|p1a: Raging Bolt|spa|1
|-boost|p1a: Raging Bolt|spd|1
|move|p2a: Alomomola|Scald|p1a: Raging Bolt
|-damage|p1a: Raging Bolt|97/100
|
|-heal|p1a: Raging Bolt|100/100|[from] item: Leftovers
|-damage|p2a: Alomomola|5/100 brn|[from] brn
|upkeep
|turn|45
|
|t:|1743830671
|move|p1a: Raging Bolt|Calm Mind|p1a: Raging Bolt
|-boost|p1a: Raging Bolt|spa|1
|-boost|p1a: Raging Bolt|spd|1
|move|p2a: Alomomola|Flip Turn|p1a: Raging Bolt
|-damage|p1a: Raging Bolt|96/100
|
|t:|1743830673
|switch|p2a: Weezing|Weezing-Galar, M|99/100|[from] Flip Turn
|-ability|p2a: Weezing|Neutralizing Gas
|
|-heal|p1a: Raging Bolt|100/100|[from] item: Leftovers
|-heal|p2a: Weezing|100/100|[from] item: Leftovers
|upkeep
|turn|46
|
|t:|1743830674
|move|p1a: Raging Bolt|Thunderbolt|p2a: Weezing
|-damage|p2a: Weezing|0 fnt
|faint|p2a: Weezing
|-end|p2a: Weezing|ability: Neutralizing Gas
|
|upkeep
|
|t:|1743830676
|switch|p2a: Zamazenta|Zamazenta|61/100
|turn|47
|
|t:|1743830677
|move|p1a: Raging Bolt|Thunderclap|p2a: Zamazenta
|-damage|p2a: Zamazenta|0 fnt
|faint|p2a: Zamazenta
|
|upkeep
|-message|rock$tar made forfeited.
|
|win|turnyacc
