|j|☆sznxpo
|j|☆Fwooshi
|t:|1743813764
|gametype|singles
|player|p1|sznxpo|medium|1066
|player|p2|Fwooshi|ghetsis-gen5bw|1033
|teamsize|p1|6
|teamsize|p2|6
|gen|9
|tier|[Gen 9] OU
|rated|
|rule|HP Percentage Mod: HP is shown in percentages
|rule|Endless Battle Clause: Forcing endless battles is banned
|rule|Species Clause: Limit one of each Pokémon
|rule|OHKO Clause: OHKO moves are banned
|rule|Evasion Items Clause: Evasion items are banned
|rule|Evasion Moves Clause: Evasion moves are banned
|rule|Sleep Moves Clause: Sleep-inducing moves are banned
|clearpoke
|poke|p1|Blaziken, F|
|poke|p1|Raichu-Alola, F|
|poke|p1|Froslass, F|
|poke|p1|Corviknight, M|
|poke|p1|Milotic, M|
|poke|p1|Sandy Shocks|
|poke|p2|Glimmora, M|
|poke|p2|Zamazenta-*|
|poke|p2|Iron Thorns|
|poke|p2|Deoxys-Defense|
|poke|p2|Ogerpon-Wellspring, F|
|poke|p2|Heatran, M|
|teampreview
|inactive|Battle timer is ON: inactive players will automatically lose when time's up. (requested by Fwooshi)
|j| kem1218
|
|t:|1743813769
|start
|switch|p1a: Froslass|Froslass, F|100/100
|switch|p2a: Not garbage|Iron Thorns|100/100
|-enditem|p2a: Not garbage|Booster Energy
|-activate|p2a: Not garbage|ability: Quark Drive|[fromitem]
|-start|p2a: Not garbage|quarkdriveatk
|turn|1
|
|t:|1743813777
|move|p1a: Froslass|Spikes|p2a: Not garbage
|-sidestart|p2: Fwooshi|Spikes
|move|p2a: Not garbage|Dragon Dance|p2a: Not garbage
|-boost|p2a: Not garbage|atk|1
|-boost|p2a: Not garbage|spe|1
|
|upkeep
|turn|2
|
|t:|1743813788
|move|p2a: Not garbage|Dragon Dance|p2a: Not garbage
|-boost|p2a: Not garbage|atk|1
|-boost|p2a: Not garbage|spe|1
|move|p1a: Froslass|Shadow Ball|p2a: Not garbage
|-damage|p2a: Not garbage|65/100
|
|upkeep
|turn|3
|
|t:|1743813795
|move|p2a: Not garbage|Rock Blast|p1a: Froslass
|-supereffective|p1a: Froslass
|-enditem|p1a: Froslass|Focus Sash
|-damage|p1a: Froslass|1/100
|-supereffective|p1a: Froslass
|-damage|p1a: Froslass|0 fnt
|faint|p1a: Froslass
|-hitcount|p1: Froslass|2
|
|upkeep
|
|t:|1743813819
|switch|p1a: Sandy Shocks|Sandy Shocks|100/100
|-enditem|p1a: Sandy Shocks|Booster Energy
|-activate|p1a: Sandy Shocks|ability: Protosynthesis|[fromitem]
|-start|p1a: Sandy Shocks|protosynthesisspa
|turn|4
|
|t:|1743813825
|-terastallize|p2a: Not garbage|Grass
|move|p2a: Not garbage|Ice Punch|p1a: Sandy Shocks
|-supereffective|p1a: Sandy Shocks
|-damage|p1a: Sandy Shocks|0 fnt
|faint|p1a: Sandy Shocks
|-end|p1a: Sandy Shocks|Protosynthesis|[silent]
|
|upkeep
|
|t:|1743813832
|switch|p1a: Blaziken|Blaziken, F|100/100
|turn|5
|
|t:|1743813836
|-terastallize|p1a: Blaziken|Fire
|move|p2a: Not garbage|Rock Blast|p1a: Blaziken
|-supereffective|p1a: Blaziken
|-damage|p1a: Blaziken|0 fnt
|faint|p1a: Blaziken
|-hitcount|p1: Blaziken|1
|
|upkeep
|-message|sznxpo forfeited.
|
|win|Fwooshi
|raw|sznxpo's rating: 1066 &rarr; <strong>1044</strong><br />(-22 for losing)
|raw|Fwooshi's rating: 1033 &rarr; <strong>1071</strong><br />(+38 for winning)
|l|☆sznxpo
|player|p1|
