|j|‽burnburnburnburn
|j|‽Derick ten Hag
|t:|1743779758
|gametype|singles
|player|p1|burnburnburnburn|silver|
|player|p2|Derick ten Hag|ethan|
|teamsize|p1|6
|teamsize|p2|6
|gen|9
|tier|[Gen 9] OU
|rule|HP Percentage Mod: HP is shown in percentages
|rule|Endless Battle Clause: Forcing endless battles is banned
|rule|Species Clause: Limit one of each Pokémon
|rule|OHKO Clause: OHKO moves are banned
|rule|Evasion Items Clause: Evasion items are banned
|rule|Evasion Moves Clause: Evasion moves are banned
|rule|Sleep Moves Clause: Sleep-inducing moves are banned
|clearpoke
|poke|p1|Gengar, F|
|poke|p1|Skeledirge, F|
|poke|p1|Dragapult, M|
|poke|p1|Mimikyu, F|
|poke|p1|Gholdengo|
|poke|p1|Sableye, F|
|poke|p2|Milotic, F|
|poke|p2|Dudunsparce-*, F|
|poke|p2|Gliscor, F|
|poke|p2|Araquanid, F|
|poke|p2|Porygon-Z|
|poke|p2|Avalugg, M|
|teampreview
|
|t:|1743779772
|start
|switch|p1a: Gholdengo|Gholdengo|100/100
|switch|p2a: Porygon-Z|Porygon-Z|100/100
|-item|p1a: Gholdengo|Air Balloon
|turn|1
|
|t:|1743779778
|move|p1a: Gholdengo|Nasty Plot|p1a: Gholdengo
|-boost|p1a: Gholdengo|spa|2
|move|p2a: Porygon-Z|Dark Pulse|p1a: Gholdengo
|-supereffective|p1a: Gholdengo
|-damage|p1a: Gholdengo|42/100
|-enditem|p1a: Gholdengo|Air Balloon
|
|upkeep
|turn|2
|
|t:|1743779786
|-terastallize|p1a: Gholdengo|Steel
|move|p1a: Gholdengo|Make It Rain|p2a: Porygon-Z
|-damage|p2a: Porygon-Z|0 fnt
|-unboost|p1a: Gholdengo|spa|1
|faint|p2a: Porygon-Z
|
|upkeep
|
|t:|1743779799
|switch|p2a: Milotic|Milotic, F|100/100
|turn|3
|
|t:|1743779805
|move|p1a: Gholdengo|Recover|p1a: Gholdengo
|-heal|p1a: Gholdengo|92/100
|move|p2a: Milotic|Draining Kiss|p1a: Gholdengo
|-resisted|p1a: Gholdengo
|-damage|p1a: Gholdengo|85/100
|
|upkeep
|turn|4
|
|t:|1743779815
|move|p1a: Gholdengo|Nasty Plot|p1a: Gholdengo
|-boost|p1a: Gholdengo|spa|2
|move|p2a: Milotic|Iron Head|p1a: Gholdengo
|-resisted|p1a: Gholdengo
|-damage|p1a: Gholdengo|77/100
|
|upkeep
|turn|5
|
|t:|1743779823
|move|p1a: Gholdengo|Nasty Plot|p1a: Gholdengo
|-boost|p1a: Gholdengo|spa|2
|move|p2a: Milotic|Ice Beam|p1a: Gholdengo
|-resisted|p1a: Gholdengo
|-damage|p1a: Gholdengo|64/100
|
|upkeep
|turn|6
|
|t:|1743779831
|move|p1a: Gholdengo|Make It Rain|p2a: Milotic
|-resisted|p2a: Milotic
|-damage|p2a: Milotic|0 fnt
|-unboost|p1a: Gholdengo|spa|1
|faint|p2a: Milotic
|
|upkeep
|
|t:|1743779846
|switch|p2a: Avalugg|Avalugg, M|100/100
|turn|7
|
|t:|1743779851
|move|p1a: Gholdengo|Make It Rain|p2a: Avalugg
|-supereffective|p2a: Avalugg
|-damage|p2a: Avalugg|0 fnt
|-unboost|p1a: Gholdengo|spa|1
|faint|p2a: Avalugg
|
|upkeep
|
|t:|1743779866
|switch|p2a: Araquanid|Araquanid, F|100/100
|turn|8
|
|t:|1743779881
|move|p1a: Gholdengo|Make It Rain|p2a: Araquanid
|-resisted|p2a: Araquanid
|-damage|p2a: Araquanid|6/100
|-unboost|p1a: Gholdengo|spa|1
|move|p2a: Araquanid|Lunge|p1a: Gholdengo
|-resisted|p1a: Gholdengo
|-damage|p1a: Gholdengo|51/100
|-unboost|p1a: Gholdengo|atk|1
|
|-heal|p2a: Araquanid|13/100|[from] item: Leftovers
|upkeep
|turn|9
|
|t:|1743779915
|move|p1a: Gholdengo|Recover|p1a: Gholdengo
|-heal|p1a: Gholdengo|100/100
|move|p2a: Araquanid|Blizzard|p1a: Gholdengo
|-resisted|p1a: Gholdengo
|-damage|p1a: Gholdengo|90/100
|
|-heal|p2a: Araquanid|19/100|[from] item: Leftovers
|upkeep
|turn|10
|
|t:|1743779944
|move|p1a: Gholdengo|Nasty Plot|p1a: Gholdengo
|-boost|p1a: Gholdengo|spa|2
|move|p2a: Araquanid|Liquidation|p1a: Gholdengo
|-damage|p1a: Gholdengo|33/100
|
|-heal|p2a: Araquanid|25/100|[from] item: Leftovers
|upkeep
|turn|11
|
|t:|1743779953
|move|p1a: Gholdengo|Make It Rain|p2a: Araquanid
|-resisted|p2a: Araquanid
|-damage|p2a: Araquanid|0 fnt
|-unboost|p1a: Gholdengo|spa|1
|faint|p2a: Araquanid
|
|upkeep
|
|t:|1743779963
|switch|p2a: Gliscor|Gliscor, F|100/100
|turn|12
|l|‽burnburnburnburn
|player|p1|
|j|‽burnburnburnburn
|player|p1|burnburnburnburn|silver|
|n|‽burnburnburnburn|burnburnburnburn
|
|t:|1743779988
|move|p1a: Gholdengo|Make It Rain|p2a: Gliscor
|-damage|p2a: Gliscor|0 fnt
|-unboost|p1a: Gholdengo|spa|1
|faint|p2a: Gliscor
|
|upkeep
|
|t:|1743779996
|switch|p2a: Dudunsparce|Dudunsparce-Three-Segment, F|100/100
|turn|13
|
|t:|1743780003
|move|p1a: Gholdengo|Recover|p1a: Gholdengo
|-heal|p1a: Gholdengo|83/100
|move|p2a: Dudunsparce|Chilling Water|p1a: Gholdengo
|-damage|p1a: Gholdengo|71/100
|-unboost|p1a: Gholdengo|atk|1
|
|upkeep
|turn|14
|
|t:|1743780015
|move|p1a: Gholdengo|Nasty Plot|p1a: Gholdengo
|-boost|p1a: Gholdengo|spa|2
|move|p2a: Dudunsparce|Earth Power|p1a: Gholdengo
|-supereffective|p1a: Gholdengo
|-damage|p1a: Gholdengo|26/100
|-unboost|p1a: Gholdengo|spd|1
|
|upkeep
|turn|15
|
|t:|1743780023
|move|p1a: Gholdengo|Make It Rain|p2a: Dudunsparce
|-damage|p2a: Dudunsparce|0 fnt
|-unboost|p1a: Gholdengo|spa|1
|faint|p2a: Dudunsparce
|
|win|burnburnburnburn
|l|‽burnburnburnburn
|player|p1|
|j|‽burnburnburnburn
|player|p1|burnburnburnburn|silver|
|n|‽burnburnburnburn|burnburnburnburn
|l|‽burnburnburnburn
|player|p1|
|j|‽burnburnburnburn
|player|p1|burnburnburnburn|silver|
|n|‽burnburnburnburn|burnburnburnburn
