|j|☆EverProtect
|j|☆mts1632
|t:|1743935922
|gametype|singles
|player|p1|EverProtect|beni-ninja|1313
|player|p2|mts1632|benga|1263
|teamsize|p1|6
|teamsize|p2|6
|gen|9
|tier|[Gen 9] OU
|rated|
|rule|HP Percentage Mod: HP is shown in percentages
|rule|Endless Battle Clause: Forcing endless battles is banned
|rule|Species Clause: Limit one of each Pokémon
|rule|OHKO Clause: OHKO moves are banned
|rule|Evasion Items Clause: Evasion items are banned
|rule|Evasion Moves Clause: Evasion moves are banned
|rule|Sleep Moves Clause: Sleep-inducing moves are banned
|clearpoke
|poke|p1|Alomomola, M|
|poke|p1|Dragapult, F|
|poke|p1|Hatterene, F|
|poke|p1|Iron Crown|
|poke|p1|Grimmsnarl, M|
|poke|p1|Great Tusk|
|poke|p2|Raging Bolt|
|poke|p2|Kingambit, F|
|poke|p2|Enamorus, F|
|poke|p2|Iron Treads|
|poke|p2|Dragonite, M|
|poke|p2|Gholdengo|
|teampreview
|inactive|Battle timer is ON: inactive players will automatically lose when time's up. (requested by EverProtect)
|c|☆EverProtect|hf
|c|☆mts1632|gl
|inactive|EverProtect has 120 seconds left.
|
|t:|1743935960
|start
|switch|p1a: Alomomola|Alomomola, M|100/100
|switch|p2a: Enamorus|Enamorus, F|100/100
|turn|1
|
|t:|1743935973
|move|p2a: Enamorus|Moonblast|p1a: Alomomola
|-damage|p1a: Alomomola|64/100
|move|p1a: Alomomola|Flip Turn|p2a: Enamorus
|-damage|p2a: Enamorus|74/100
|
|t:|1743935978
|switch|p1a: Iron Crown|Iron Crown|100/100|[from] Flip Turn
|
|upkeep
|turn|2
|
|t:|1743935990
|switch|p2a: Iron Treads|Iron Treads|100/100
|-enditem|p2a: Iron Treads|Booster Energy
|-activate|p2a: Iron Treads|ability: Quark Drive|[fromitem]
|-start|p2a: Iron Treads|quarkdrivespe
|move|p1a: Iron Crown|Volt Switch|p2a: Iron Treads
|-immune|p2a: Iron Treads
|
|upkeep
|turn|3
|
|t:|1743936002
|-end|p1a: Iron Crown|Quark Drive|[silent]
|switch|p1a: Alomomola|Alomomola, M|97/100
|move|p2a: Iron Treads|Stealth Rock|p1a: Alomomola
|-sidestart|p1: EverProtect|move: Stealth Rock
|
|upkeep
|turn|4
|
|t:|1743936019
|-end|p2a: Iron Treads|Quark Drive|[silent]
|switch|p2a: Dragonite|Dragonite, M|100/100
|move|p1a: Alomomola|Flip Turn|p2a: Dragonite
|-resisted|p2a: Dragonite
|-damage|p2a: Dragonite|96/100
|
|t:|1743936028
|switch|p1a: Grimmsnarl|Grimmsnarl, M|100/100|[from] Flip Turn
|-damage|p1a: Grimmsnarl|88/100|[from] Stealth Rock
|
|upkeep
|turn|5
|
|t:|1743936043
|switch|p2a: Iron Treads|Iron Treads|100/100
|move|p1a: Grimmsnarl|Reflect|p1a: Grimmsnarl
|-sidestart|p1: EverProtect|Reflect
|
|upkeep
|turn|6
|inactive|EverProtect has 120 seconds left.
|
|t:|1743936085
|move|p2a: Iron Treads|Steel Beam|p1a: Grimmsnarl
|-supereffective|p1a: Grimmsnarl
|-damage|p1a: Grimmsnarl|0 fnt
|-damage|p2a: Iron Treads|50/100|[from] steelbeam
|faint|p1a: Grimmsnarl
|
|upkeep
|
|t:|1743936102
|switch|p1a: Alomomola|Alomomola, M|100/100
|-damage|p1a: Alomomola|88/100|[from] Stealth Rock
|turn|7
|
|t:|1743936115
|-end|p2a: Iron Treads|Quark Drive|[silent]
|switch|p2a: Raging Bolt|Raging Bolt|100/100
|-enditem|p2a: Raging Bolt|Booster Energy
|-activate|p2a: Raging Bolt|ability: Protosynthesis|[fromitem]
|-start|p2a: Raging Bolt|protosynthesisspa
|move|p1a: Alomomola|Flip Turn|p2a: Raging Bolt
|-resisted|p2a: Raging Bolt
|-damage|p2a: Raging Bolt|93/100
|
|t:|1743936127
|switch|p1a: Iron Crown|Iron Crown|100/100|[from] Flip Turn
|-damage|p1a: Iron Crown|94/100|[from] Stealth Rock
|
|upkeep
|turn|8
|
|t:|1743936154
|move|p2a: Raging Bolt|Thunderclap|p1a: Iron Crown
|-crit|p1a: Iron Crown
|-damage|p1a: Iron Crown|42/100
|move|p1a: Iron Crown|Future Sight|p2a: Raging Bolt
|-start|p1a: Iron Crown|move: Future Sight
|
|upkeep
|turn|9
|inactive|EverProtect has 120 seconds left.
|
|t:|1743936166
|-end|p1a: Iron Crown|Quark Drive|[silent]
|switch|p1a: Great Tusk|Great Tusk|100/100
|move|p2a: Raging Bolt|Calm Mind|p2a: Raging Bolt
|-boost|p2a: Raging Bolt|spa|1
|-boost|p2a: Raging Bolt|spd|1
|
|upkeep
|turn|10
|
|t:|1743936175
|move|p1a: Great Tusk|Stealth Rock|p2a: Raging Bolt
|-sidestart|p2: mts1632|move: Stealth Rock
|move|p2a: Raging Bolt|Dragon Pulse|p1a: Great Tusk
|-damage|p1a: Great Tusk|0 fnt
|faint|p1a: Great Tusk
|-end|p1a: Great Tusk|Protosynthesis|[silent]
|
|-end|p2a: Raging Bolt|move: Future Sight
|-damage|p2a: Raging Bolt|63/100
|upkeep
|-message|EverProtect forfeited.
|
|win|mts1632
|raw|EverProtect's rating: 1313 &rarr; <strong>1290</strong><br />(-23 for losing)
|raw|mts1632's rating: 1263 &rarr; <strong>1292</strong><br />(+29 for winning)
|l|☆EverProtect
|player|p1|
|c|☆mts1632|gg
