|j|☆Gehenna's gift
|j|☆Pope111222333
|t:|1743939772
|gametype|singles
|player|p1|Gehenna's gift|youngster-gen4dp|1592
|player|p2|Pope111222333|1|1625
|teamsize|p1|6
|teamsize|p2|6
|gen|9
|tier|[Gen 9] OU
|rated|
|rule|HP Percentage Mod: HP is shown in percentages
|rule|Endless Battle Clause: Forcing endless battles is banned
|rule|Species Clause: Limit one of each Pokémon
|rule|OHKO Clause: OHKO moves are banned
|rule|Evasion Items Clause: Evasion items are banned
|rule|Evasion Moves Clause: Evasion moves are banned
|rule|Sleep Moves Clause: Sleep-inducing moves are banned
|clearpoke
|poke|p1|Hydrapple, M|
|poke|p1|Blissey, F|
|poke|p1|Dondozo, F|
|poke|p1|Clodsire, F|
|poke|p1|Clefable, F|
|poke|p1|Gliscor, F|
|poke|p2|Torkoal, F|
|poke|p2|Diancie|
|poke|p2|Hatterene, F|
|poke|p2|Mimikyu, M|
|poke|p2|Hawlucha, F|
|poke|p2|Ursaluna, F|
|teampreview
|inactive|Battle timer is ON: inactive players will automatically lose when time's up. (requested by Gehenna's gift)
|
|t:|1743939786
|start
|switch|p1a: Gliscor|Gliscor, F|100/100
|switch|p2a: Hatterene|Hatterene, F|100/100
|turn|1
|
|t:|1743939789
|move|p1a: Gliscor|Knock Off|p2a: Hatterene
|-damage|p2a: Hatterene|77/100
|-enditem|p2a: Hatterene|Focus Sash|[from] move: Knock Off|[of] p1a: Gliscor
|move|p2a: Hatterene|Dazzling Gleam|p1a: Gliscor
|-damage|p1a: Gliscor|39/100
|
|-status|p1a: Gliscor|tox|[from] item: Toxic Orb
|upkeep
|turn|2
|
|t:|1743939797
|move|p1a: Gliscor|Protect|p1a: Gliscor
|-singleturn|p1a: Gliscor|Protect
|move|p2a: Hatterene|Trick Room|p2a: Hatterene
|-fieldstart|move: Trick Room|[of] p2a: Hatterene
|
|-heal|p1a: Gliscor|52/100 tox|[from] ability: Poison Heal
|upkeep
|turn|3
|
|t:|1743939800
|switch|p2a: Ursaluna|Ursaluna, F|100/100
|switch|p1a: Blissey|Blissey, F|100/100
|
|-status|p2a: Ursaluna|brn|[from] item: Flame Orb
|upkeep
|turn|4
|
|t:|1743939805
|switch|p1a: Hydrapple|Hydrapple, M|100/100
|move|p2a: Ursaluna|Facade|p1a: Hydrapple
|-damage|p1a: Hydrapple|34/100
|
|-damage|p2a: Ursaluna|94/100 brn|[from] brn
|upkeep
|turn|5
|
|t:|1743939809
|move|p2a: Ursaluna|Facade|p1a: Hydrapple
|-damage|p1a: Hydrapple|0 fnt
|faint|p1a: Hydrapple
|
|-damage|p2a: Ursaluna|88/100 brn|[from] brn
|upkeep
|
|t:|1743939812
|switch|p1a: Dondozo|Dondozo, F|100/100
|turn|6
|j| Le Bouquetin
|
|t:|1743939816
|switch|p2a: Hawlucha|Hawlucha, F|100/100
|-ability|p2a: Hawlucha|Mold Breaker
|move|p1a: Dondozo|Waterfall|p2a: Hawlucha
|-damage|p2a: Hawlucha|57/100
|-damage|p1a: Dondozo|84/100|[from] item: Rocky Helmet|[of] p2a: Hawlucha
|
|-fieldend|move: Trick Room
|upkeep
|turn|7
|
|t:|1743939826
|move|p2a: Hawlucha|Encore|p1a: Dondozo
|-start|p1a: Dondozo|Encore
|move|p1a: Dondozo|Waterfall|p2a: Hawlucha
|-damage|p2a: Hawlucha|17/100
|-damage|p1a: Dondozo|67/100|[from] item: Rocky Helmet|[of] p2a: Hawlucha
|
|upkeep
|turn|8
|
|t:|1743939830
|switch|p1a: Gliscor|Gliscor, F|52/100 tox
|move|p2a: Hawlucha|U-turn|p1a: Gliscor
|-resisted|p1a: Gliscor
|-damage|p1a: Gliscor|45/100 tox
|
|t:|1743939842
|switch|p2a: Hatterene|Hatterene, F|77/100|[from] U-turn
|
|-heal|p1a: Gliscor|58/100 tox|[from] ability: Poison Heal
|upkeep
|turn|9
|
|t:|1743939850
|move|p1a: Gliscor|Protect|p1a: Gliscor
|-singleturn|p1a: Gliscor|Protect
|move|p2a: Hatterene|Dazzling Gleam|p1a: Gliscor
|-activate|p1a: Gliscor|move: Protect
|
|-heal|p1a: Gliscor|70/100 tox|[from] ability: Poison Heal
|upkeep
|turn|10
|
|t:|1743939854
|move|p1a: Gliscor|Poison Jab|p2a: Hatterene
|-supereffective|p2a: Hatterene
|-damage|p2a: Hatterene|37/100
|move|p2a: Hatterene|Dazzling Gleam|p1a: Gliscor
|-damage|p1a: Gliscor|10/100 tox
|
|-heal|p1a: Gliscor|23/100 tox|[from] ability: Poison Heal
|upkeep
|turn|11
|
|t:|1743939864
|switch|p2a: Hawlucha|Hawlucha, F|17/100
|-ability|p2a: Hawlucha|Mold Breaker
|move|p1a: Gliscor|Poison Jab|p2a: Hawlucha
|-damage|p2a: Hawlucha|0 fnt
|-damage|p1a: Gliscor|6/100 tox|[from] item: Rocky Helmet|[of] p2a: Hawlucha
|faint|p2a: Hawlucha
|
|-heal|p1a: Gliscor|19/100 tox|[from] ability: Poison Heal
|upkeep
|inactive|Pope111222333 has 120 seconds left.
|
|t:|1743939892
|switch|p2a: Mimikyu|Mimikyu, M|100/100
|turn|12
|
|t:|1743939911
|move|p1a: Gliscor|Protect|p1a: Gliscor
|-singleturn|p1a: Gliscor|Protect
|move|p2a: Mimikyu|Play Rough|p1a: Gliscor
|-activate|p1a: Gliscor|move: Protect
|
|-heal|p1a: Gliscor|31/100 tox|[from] ability: Poison Heal
|upkeep
|turn|13
|
|t:|1743939919
|switch|p1a: Clefable|Clefable, F|100/100
|move|p2a: Mimikyu|Play Rough|p1a: Clefable
|-damage|p1a: Clefable|64/100
|-unboost|p1a: Clefable|atk|1
|-damage|p2a: Mimikyu|91/100|[from] item: Life Orb
|
|upkeep
|turn|14
|
|t:|1743939929
|move|p2a: Mimikyu|Play Rough|p1a: Clefable
|-damage|p1a: Clefable|27/100
|-damage|p2a: Mimikyu|81/100|[from] item: Life Orb
|move|p1a: Clefable|Wish|p1a: Clefable
|
|upkeep
|turn|15
|inactive|Gehenna's gift has 120 seconds left.
|
|t:|1743939963
|switch|p2a: Ursaluna|Ursaluna, F|88/100 brn
|move|p1a: Clefable|Moonlight|p1a: Clefable
|-heal|p1a: Clefable|77/100
|
|-heal|p1a: Clefable|100/100|[from] move: Wish|[wisher] Clefable
|-damage|p2a: Ursaluna|82/100 brn|[from] brn
|upkeep
|turn|16
|inactive|Gehenna's gift has 120 seconds left.
|
|t:|1743939974
|switch|p1a: Clodsire|Clodsire, F|100/100
|move|p2a: Ursaluna|Facade|p1a: Clodsire
|-damage|p1a: Clodsire|0 fnt
|faint|p1a: Clodsire
|
|-damage|p2a: Ursaluna|76/100 brn|[from] brn
|upkeep
|
|t:|1743939975
|switch|p1a: Gliscor|Gliscor, F|31/100 tox
|turn|17
|
|t:|1743939985
|-terastallize|p1a: Gliscor|Ghost
|move|p1a: Gliscor|Knock Off|p2a: Ursaluna
|-damage|p2a: Ursaluna|62/100 brn
|-enditem|p2a: Ursaluna|Flame Orb|[from] move: Knock Off|[of] p1a: Gliscor
|move|p2a: Ursaluna|Facade|p1a: Gliscor
|-immune|p1a: Gliscor
|
|-heal|p1a: Gliscor|44/100 tox|[from] ability: Poison Heal
|-damage|p2a: Ursaluna|56/100 brn|[from] brn
|upkeep
|turn|18
|
|t:|1743939992
|move|p1a: Gliscor|Protect|p1a: Gliscor
|-singleturn|p1a: Gliscor|Protect
|move|p2a: Ursaluna|Headlong Rush|p1a: Gliscor
|-activate|p1a: Gliscor|move: Protect
|
|-heal|p1a: Gliscor|56/100 tox|[from] ability: Poison Heal
|-damage|p2a: Ursaluna|50/100 brn|[from] brn
|upkeep
|turn|19
|
|t:|1743939998
|switch|p1a: Dondozo|Dondozo, F|67/100
|move|p2a: Ursaluna|Headlong Rush|p1a: Dondozo
|-damage|p1a: Dondozo|22/100
|-unboost|p2a: Ursaluna|def|1
|-unboost|p2a: Ursaluna|spd|1
|
|-damage|p2a: Ursaluna|44/100 brn|[from] brn
|upkeep
|turn|20
|
|t:|1743940018
|switch|p2a: Torkoal|Torkoal, F|100/100
|-weather|SunnyDay|[from] ability: Drought|[of] p2a: Torkoal
|move|p1a: Dondozo|Waterfall|p2a: Torkoal
|-supereffective|p2a: Torkoal
|-damage|p2a: Torkoal|81/100
|
|-weather|SunnyDay|[upkeep]
|upkeep
|turn|21
|
|t:|1743940025
|switch|p1a: Blissey|Blissey, F|100/100
|move|p2a: Torkoal|Solar Beam||[still]
|-prepare|p2a: Torkoal|Solar Beam
|-anim|p2a: Torkoal|Solar Beam|p1a: Blissey
|-damage|p1a: Blissey|84/100
|
|-weather|SunnyDay|[upkeep]
|upkeep
|turn|22
|
|t:|1743940033
|switch|p2a: Mimikyu|Mimikyu, M|81/100
|move|p1a: Blissey|Stealth Rock|p2a: Mimikyu
|-sidestart|p2: Pope111222333|move: Stealth Rock
|
|-weather|SunnyDay|[upkeep]
|upkeep
|turn|23
|
|t:|1743940045
|switch|p1a: Clefable|Clefable, F|100/100
|move|p2a: Mimikyu|Play Rough|p1a: Clefable
|-crit|p1a: Clefable
|-damage|p1a: Clefable|44/100
|-unboost|p1a: Clefable|atk|1
|-damage|p2a: Mimikyu|71/100|[from] item: Life Orb
|
|-weather|SunnyDay|[upkeep]
|upkeep
|turn|24
|
|t:|1743940061
|switch|p2a: Hatterene|Hatterene, F|37/100
|-damage|p2a: Hatterene|25/100|[from] Stealth Rock
|move|p1a: Clefable|Moonlight|p1a: Clefable
|-heal|p1a: Clefable|100/100
|
|-weather|none
|upkeep
|turn|25
|
|t:|1743940067
|move|p1a: Clefable|Moonblast|p2a: Hatterene
|-damage|p2a: Hatterene|0 fnt
|faint|p2a: Hatterene
|
|upkeep
|
|t:|1743940075
|switch|p2a: Ursaluna|Ursaluna, F|44/100 brn
|-damage|p2a: Ursaluna|38/100 brn|[from] Stealth Rock
|turn|26
|
|t:|1743940100
|move|p1a: Clefable|Moonblast|p2a: Ursaluna
|-damage|p2a: Ursaluna|12/100 brn
|-unboost|p2a: Ursaluna|spa|1
|move|p2a: Ursaluna|Facade|p1a: Clefable
|-damage|p1a: Clefable|3/100
|
|-damage|p2a: Ursaluna|6/100 brn|[from] brn
|-damage|p2a: Ursaluna|0 fnt|[from] item: Sticky Barb
|faint|p2a: Ursaluna
|upkeep
|
|t:|1743940104
|switch|p2a: Mimikyu|Mimikyu, M|71/100
|-damage|p2a: Mimikyu|58/100|[from] Stealth Rock
|turn|27
|
|t:|1743940119
|move|p2a: Mimikyu|Play Rough|p1a: Clefable
|-damage|p1a: Clefable|0 fnt
|faint|p1a: Clefable
|-damage|p2a: Mimikyu|49/100|[from] item: Life Orb
|
|upkeep
|
|t:|1743940127
|switch|p1a: Dondozo|Dondozo, F|22/100
|turn|28
|
|t:|1743940132
|move|p2a: Mimikyu|Play Rough|p1a: Dondozo
|-damage|p1a: Dondozo|0 fnt
|faint|p1a: Dondozo
|-damage|p2a: Mimikyu|39/100|[from] item: Life Orb
|
|upkeep
|l|☆Gehenna's gift
|inactive|Gehenna's gift disconnected and has a minute to reconnect!
|player|p1|
|j|☆Gehenna's gift
|inactive|Gehenna's gift reconnected and has 140 seconds left.
|player|p1|Gehenna's gift|youngster-gen4dp|
|
|t:|1743940144
|switch|p1a: Gliscor|Gliscor, F, tera:Ghost|56/100 tox
|turn|29
|
|t:|1743940153
|move|p1a: Gliscor|Protect|p1a: Gliscor
|-singleturn|p1a: Gliscor|Protect
|move|p2a: Mimikyu|Play Rough|p1a: Gliscor
|-activate|p1a: Gliscor|move: Protect
|
|-heal|p1a: Gliscor|69/100 tox|[from] ability: Poison Heal
|upkeep
|turn|30
|
|t:|1743940163
|move|p2a: Mimikyu|Play Rough|p1a: Gliscor
|-damage|p1a: Gliscor|39/100 tox
|-damage|p2a: Mimikyu|29/100|[from] item: Life Orb
|move|p1a: Gliscor|Knock Off|p2a: Mimikyu
|-activate|p2a: Mimikyu|ability: Disguise
|-damage|p2a: Mimikyu|29/100
|-enditem|p2a: Mimikyu|Life Orb|[from] move: Knock Off|[of] p1a: Gliscor
|detailschange|p2a: Mimikyu|Mimikyu-Busted, M
|-damage|p2a: Mimikyu|16/100|[from] pokemon: Mimikyu-Busted
|
|-heal|p1a: Gliscor|52/100 tox|[from] ability: Poison Heal
|upkeep
|turn|31
|
|t:|1743940174
|switch|p2a: Diancie|Diancie|100/100
|-damage|p2a: Diancie|88/100|[from] Stealth Rock
|move|p1a: Gliscor|Protect||[still]
|-fail|p1a: Gliscor
|
|-heal|p1a: Gliscor|64/100 tox|[from] ability: Poison Heal
|upkeep
|turn|32
|
|t:|1743940182
|move|p1a: Gliscor|Knock Off|p2a: Diancie
|-resisted|p2a: Diancie
|-damage|p2a: Diancie|81/100
|-enditem|p2a: Diancie|Power Herb|[from] move: Knock Off|[of] p1a: Gliscor
|move|p2a: Diancie|Trick Room|p2a: Diancie
|-fieldstart|move: Trick Room|[of] p2a: Diancie
|
|-heal|p1a: Gliscor|77/100 tox|[from] ability: Poison Heal
|upkeep
|turn|33
|
|t:|1743940187
|move|p1a: Gliscor|Protect|p1a: Gliscor
|-singleturn|p1a: Gliscor|Protect
|move|p2a: Diancie|Meteor Beam||[still]
|-prepare|p2a: Diancie|Meteor Beam
|-boost|p2a: Diancie|spa|1
|
|-heal|p1a: Gliscor|89/100 tox|[from] ability: Poison Heal
|upkeep
|turn|34
|
|t:|1743940194
|switch|p1a: Blissey|Blissey, F|84/100
|move|p2a: Diancie|Meteor Beam|p1a: Blissey|[from] lockedmove
|-damage|p1a: Blissey|60/100
|
|upkeep
|turn|35
|
|t:|1743940202
|move|p2a: Diancie|Meteor Beam||[still]
|-prepare|p2a: Diancie|Meteor Beam
|-boost|p2a: Diancie|spa|1
|move|p1a: Blissey|Calm Mind|p1a: Blissey
|-boost|p1a: Blissey|spa|1
|-boost|p1a: Blissey|spd|1
|
|upkeep
|turn|36
|
|t:|1743940207
|move|p2a: Diancie|Meteor Beam|p1a: Blissey|[from] lockedmove
|-damage|p1a: Blissey|36/100
|move|p1a: Blissey|Soft-Boiled|p1a: Blissey
|-heal|p1a: Blissey|86/100
|
|-fieldend|move: Trick Room
|upkeep
|turn|37
|
|t:|1743940213
|move|p1a: Blissey|Calm Mind|p1a: Blissey
|-boost|p1a: Blissey|spa|1
|-boost|p1a: Blissey|spd|1
|move|p2a: Diancie|Meteor Beam||[still]
|-prepare|p2a: Diancie|Meteor Beam
|-boost|p2a: Diancie|spa|1
|
|upkeep
|turn|38
|
|t:|1743940215
|move|p1a: Blissey|Calm Mind|p1a: Blissey
|-boost|p1a: Blissey|spa|1
|-boost|p1a: Blissey|spd|1
|move|p2a: Diancie|Meteor Beam|p1a: Blissey|[from] lockedmove
|-damage|p1a: Blissey|68/100
|
|upkeep
|turn|39
|
|t:|1743940218
|move|p1a: Blissey|Calm Mind|p1a: Blissey
|-boost|p1a: Blissey|spa|1
|-boost|p1a: Blissey|spd|1
|move|p2a: Diancie|Meteor Beam||[still]
|-prepare|p2a: Diancie|Meteor Beam
|-boost|p2a: Diancie|spa|1
|
|upkeep
|turn|40
|
|t:|1743940220
|move|p1a: Blissey|Seismic Toss|p2a: Diancie
|-damage|p2a: Diancie|48/100
|move|p2a: Diancie|Meteor Beam|p1a: Blissey|[from] lockedmove
|-damage|p1a: Blissey|50/100
|
|upkeep
|turn|41
|
|t:|1743940227
|move|p1a: Blissey|Soft-Boiled|p1a: Blissey
|-heal|p1a: Blissey|99/100
|move|p2a: Diancie|Trick Room|p2a: Diancie
|-fieldstart|move: Trick Room|[of] p2a: Diancie
|
|upkeep
|turn|42
|
|t:|1743940243
|move|p2a: Diancie|Meteor Beam||[still]
|-prepare|p2a: Diancie|Meteor Beam
|-boost|p2a: Diancie|spa|1
|move|p1a: Blissey|Seismic Toss|p2a: Diancie
|-damage|p2a: Diancie|15/100
|
|upkeep
|turn|43
|
|t:|1743940251
|move|p2a: Diancie|Meteor Beam|p1a: Blissey|[from] lockedmove
|-damage|p1a: Blissey|78/100
|move|p1a: Blissey|Seismic Toss|p2a: Diancie
|-damage|p2a: Diancie|0 fnt
|faint|p2a: Diancie
|
|upkeep
|
|t:|1743940254
|switch|p2a: Mimikyu|Mimikyu-Busted, M|16/100
|-damage|p2a: Mimikyu|4/100|[from] Stealth Rock
|turn|44
|
|t:|1743940257
|switch|p1a: Gliscor|Gliscor, F, tera:Ghost|89/100 tox
|move|p2a: Mimikyu|Play Rough|p1a: Gliscor
|-damage|p1a: Gliscor|64/100 tox
|
|-heal|p1a: Gliscor|77/100 tox|[from] ability: Poison Heal
|upkeep
|turn|45
|-message|Pope111222333 forfeited.
|
|win|Gehenna's gift
|raw|Gehenna&apos;s gift's rating: 1580 &rarr; <strong>1603</strong><br />(+23 for winning)
|raw|Pope111222333's rating: 1625 &rarr; <strong>1602</strong><br />(-23 for losing)
|l|☆Pope111222333
|player|p2|
|l|☆Gehenna's gift
|player|p1|
