|j|☆Jmoneyy1212
|j|☆ArmyOfBrachydios
|t:|1743797735
|gametype|singles
|player|p1|Jmoneyy1212|2|1429
|player|p2|ArmyOfBrachydios|266|1470
|teamsize|p1|6
|teamsize|p2|6
|gen|9
|tier|[Gen 9] OU
|rated|
|rule|HP Percentage Mod: HP is shown in percentages
|rule|Endless Battle Clause: Forcing endless battles is banned
|rule|Species Clause: Limit one of each Pokémon
|rule|OHKO Clause: OHKO moves are banned
|rule|Evasion Items Clause: Evasion items are banned
|rule|Evasion Moves Clause: Evasion moves are banned
|rule|Sleep Moves Clause: Sleep-inducing moves are banned
|clearpoke
|poke|p1|Heatran, M|
|poke|p1|Iron Crown|
|poke|p1|Rillaboom, M|
|poke|p1|Ogerpon-Wellspring, F|
|poke|p1|Zapdos|
|poke|p1|Great Tusk|
|poke|p2|Skeledirge, M|
|poke|p2|Garchomp, M|
|poke|p2|Quaquaval, F|
|poke|p2|Corviknight, F|
|poke|p2|Galvantula, F|
|poke|p2|Glimmora, M|
|teampreview
|
|t:|1743797758
|start
|switch|p1a: Great Tusk|Great Tusk|100/100
|switch|p2a: Glimmora|Glimmora, M|100/100
|-item|p2a: Glimmora|Air Balloon
|turn|1
|
|t:|1743797768
|-end|p1a: Great Tusk|Protosynthesis|[silent]
|switch|p1a: Heatran|Heatran, M|100/100
|move|p2a: Glimmora|Sludge Bomb|p1a: Heatran
|-immune|p1a: Heatran
|
|upkeep
|turn|2
|
|t:|1743797775
|move|p1a: Heatran|Protect|p1a: Heatran
|-singleturn|p1a: Heatran|Protect
|move|p2a: Glimmora|Earth Power|p1a: Heatran
|-activate|p1a: Heatran|move: Protect
|
|upkeep
|turn|3
|
|t:|1743797782
|switch|p1a: Iron Crown|Iron Crown|100/100
|-enditem|p1a: Iron Crown|Booster Energy
|-activate|p1a: Iron Crown|ability: Quark Drive|[fromitem]
|-start|p1a: Iron Crown|quarkdrivespe
|move|p2a: Glimmora|Stealth Rock|p1a: Iron Crown
|-sidestart|p1: Jmoneyy1212|move: Stealth Rock
|
|upkeep
|turn|4
|
|t:|1743797796
|move|p1a: Iron Crown|Tachyon Cutter|p2a: Glimmora
|-supereffective|p2a: Glimmora
|-damage|p2a: Glimmora|26/100
|-enditem|p2a: Glimmora|Air Balloon
|-supereffective|p2a: Glimmora
|-damage|p2a: Glimmora|0 fnt
|faint|p2a: Glimmora
|-hitcount|p2: Glimmora|2
|
|upkeep
|
|t:|1743797803
|switch|p2a: Skeledirge|Skeledirge, M|100/100
|turn|5
|
|t:|1743797815
|-end|p1a: Iron Crown|Quark Drive|[silent]
|switch|p1a: Heatran|Heatran, M|100/100
|-damage|p1a: Heatran|88/100|[from] Stealth Rock
|move|p2a: Skeledirge|Torch Song|p1a: Heatran
|-start|p1a: Heatran|ability: Flash Fire
|
|-heal|p1a: Heatran|94/100|[from] item: Leftovers
|upkeep
|turn|6
|
|t:|1743797822
|move|p1a: Heatran|Magma Storm|p2a: Skeledirge|[miss]
|-miss|p1a: Heatran|p2a: Skeledirge
|move|p2a: Skeledirge|Earth Power|p1a: Heatran
|-supereffective|p1a: Heatran
|-damage|p1a: Heatran|13/100
|
|-heal|p1a: Heatran|20/100|[from] item: Leftovers
|upkeep
|turn|7
|
|t:|1743797829
|move|p1a: Heatran|Earth Power|p2a: Skeledirge
|-supereffective|p2a: Skeledirge
|-damage|p2a: Skeledirge|50/100
|move|p2a: Skeledirge|Earth Power|p1a: Heatran
|-supereffective|p1a: Heatran
|-damage|p1a: Heatran|0 fnt
|faint|p1a: Heatran
|
|-heal|p2a: Skeledirge|56/100|[from] item: Leftovers
|upkeep
|
|t:|1743797846
|switch|p1a: Great Tusk|Great Tusk|100/100
|turn|8
|
|t:|1743797853
|move|p1a: Great Tusk|Stealth Rock|p2a: Skeledirge
|-sidestart|p2: ArmyOfBrachydios|move: Stealth Rock
|move|p2a: Skeledirge|Torch Song|p1a: Great Tusk
|-damage|p1a: Great Tusk|44/100
|-boost|p2a: Skeledirge|spa|1
|
|-heal|p2a: Skeledirge|62/100|[from] item: Leftovers
|upkeep
|turn|9
|
|t:|1743797859
|move|p1a: Great Tusk|Headlong Rush|p2a: Skeledirge
|-supereffective|p2a: Skeledirge
|-damage|p2a: Skeledirge|0 fnt
|-unboost|p1a: Great Tusk|def|1
|-unboost|p1a: Great Tusk|spd|1
|faint|p2a: Skeledirge
|
|upkeep
|
|t:|1743797865
|switch|p2a: Garchomp|Garchomp, M|100/100
|-damage|p2a: Garchomp|94/100|[from] Stealth Rock
|turn|10
|
|t:|1743797878
|-end|p1a: Great Tusk|Protosynthesis|[silent]
|switch|p1a: Zapdos|Zapdos|100/100
|-terastallize|p2a: Garchomp|Dragon
|move|p2a: Garchomp|Scale Shot|p1a: Zapdos
|-damage|p1a: Zapdos|86/100
|-damage|p1a: Zapdos|71/100
|-damage|p1a: Zapdos|59/100
|-damage|p1a: Zapdos|44/100
|-hitcount|p1a: Zapdos|4
|-unboost|p2a: Garchomp|def|1
|-boost|p2a: Garchomp|spe|1
|
|upkeep
|turn|11
|
|t:|1743797901
|move|p2a: Garchomp|Swords Dance|p2a: Garchomp
|-boost|p2a: Garchomp|atk|2
|move|p1a: Zapdos|Roost|p1a: Zapdos
|-heal|p1a: Zapdos|94/100
|-singleturn|p1a: Zapdos|move: Roost
|
|upkeep
|turn|12
|
|t:|1743797920
|move|p2a: Garchomp|Scale Shot|p1a: Zapdos
|-damage|p1a: Zapdos|69/100
|-damage|p1a: Zapdos|44/100
|-damage|p1a: Zapdos|16/100
|-damage|p1a: Zapdos|0 fnt
|faint|p1a: Zapdos
|-hitcount|p1: Zapdos|4
|-unboost|p2a: Garchomp|def|1
|-boost|p2a: Garchomp|spe|1
|
|upkeep
|
|t:|1743797944
|switch|p1a: Rillaboom|Rillaboom, M|100/100
|-damage|p1a: Rillaboom|88/100|[from] Stealth Rock
|-fieldstart|move: Grassy Terrain|[from] ability: Grassy Surge|[of] p1a: Rillaboom
|turn|13
|
|t:|1743797958
|-terastallize|p1a: Rillaboom|Grass
|move|p1a: Rillaboom|Grassy Glide|p2a: Garchomp
|-resisted|p2a: Garchomp
|-damage|p2a: Garchomp|42/100
|-damage|p1a: Rillaboom|76/100|[from] ability: Rough Skin|[of] p2a: Garchomp
|move|p2a: Garchomp|Scale Shot|p1a: Rillaboom
|-damage|p1a: Rillaboom|44/100
|-damage|p1a: Rillaboom|14/100
|-damage|p1a: Rillaboom|0 fnt
|faint|p1a: Rillaboom
|-hitcount|p1: Rillaboom|3
|-unboost|p2a: Garchomp|def|1
|-boost|p2a: Garchomp|spe|1
|
|-heal|p2a: Garchomp|48/100|[from] Grassy Terrain
|upkeep
|
|t:|1743797970
|switch|p1a: Ogerpon|Ogerpon-Wellspring, F|100/100
|-damage|p1a: Ogerpon|88/100|[from] Stealth Rock
|turn|14
|
|t:|1743797987
|move|p1a: Ogerpon|Grassy Glide|p2a: Garchomp
|-resisted|p2a: Garchomp
|-damage|p2a: Garchomp|0 fnt
|-damage|p1a: Ogerpon|76/100|[from] ability: Rough Skin|[of] p2a: Garchomp
|faint|p2a: Garchomp
|
|-heal|p1a: Ogerpon|82/100|[from] Grassy Terrain
|upkeep
|
|t:|1743798008
|switch|p2a: Corviknight|Corviknight, F|100/100
|-damage|p2a: Corviknight|88/100|[from] Stealth Rock
|turn|15
|
|t:|1743798027
|move|p1a: Ogerpon|Swords Dance|p1a: Ogerpon
|-boost|p1a: Ogerpon|atk|2
|move|p2a: Corviknight|Bulk Up|p2a: Corviknight
|-boost|p2a: Corviknight|atk|1
|-boost|p2a: Corviknight|def|1
|
|-heal|p1a: Ogerpon|88/100|[from] Grassy Terrain
|-heal|p2a: Corviknight|94/100|[from] item: Leftovers
|upkeep
|turn|16
|
|t:|1743798034
|move|p1a: Ogerpon|Ivy Cudgel|p2a: Corviknight|[anim] Ivy Cudgel Water
|-crit|p2a: Corviknight
|-damage|p2a: Corviknight|0 fnt
|faint|p2a: Corviknight
|
|-heal|p1a: Ogerpon|94/100|[from] Grassy Terrain
|upkeep
|
|t:|1743798040
|switch|p2a: Galvantula|Galvantula, F|100/100
|-damage|p2a: Galvantula|76/100|[from] Stealth Rock
|turn|17
|
|t:|1743798044
|move|p1a: Ogerpon|Ivy Cudgel|p2a: Galvantula|[anim] Ivy Cudgel Water
|-damage|p2a: Galvantula|0 fnt
|faint|p2a: Galvantula
|
|-heal|p1a: Ogerpon|99/100|[from] Grassy Terrain
|-fieldend|move: Grassy Terrain
|upkeep
|
|t:|1743798046
|switch|p2a: Quaquaval|Quaquaval, F|100/100
|-damage|p2a: Quaquaval|94/100|[from] Stealth Rock
|turn|18
|
|t:|1743798056
|move|p1a: Ogerpon|Grassy Glide|p2a: Quaquaval
|-supereffective|p2a: Quaquaval
|-damage|p2a: Quaquaval|0 fnt
|faint|p2a: Quaquaval
|
|win|Jmoneyy1212
|raw|Jmoneyy1212's rating: 1429 &rarr; <strong>1451</strong><br />(+22 for winning)
|raw|ArmyOfBrachydios's rating: 1470 &rarr; <strong>1448</strong><br />(-22 for losing)
|l|☆Jmoneyy1212
|player|p1|
|l|☆ArmyOfBrachydios
|player|p2|
