|j|☆pouring goon
|j|☆mr.diversity
|t:|1743869354
|gametype|singles
|player|p1|pouring goon|marley|1674
|player|p2|mr.diversity|bruno|1754
|teamsize|p1|6
|teamsize|p2|6
|gen|9
|tier|[Gen 9] OU
|rated|
|rule|HP Percentage Mod: HP is shown in percentages
|rule|Endless Battle Clause: Forcing endless battles is banned
|rule|Species Clause: Limit one of each Pokémon
|rule|OHKO Clause: OHKO moves are banned
|rule|Evasion Items Clause: Evasion items are banned
|rule|Evasion Moves Clause: Evasion moves are banned
|rule|Sleep Moves Clause: Sleep-inducing moves are banned
|clearpoke
|poke|p1|Skeledirge, F|
|poke|p1|Clefable, F|
|poke|p1|Alomomola, M|
|poke|p1|Skarmory, F|
|poke|p1|Gliscor, F|
|poke|p1|Weavile, M|
|poke|p2|Landorus-Therian, M|
|poke|p2|Cinderace, M|
|poke|p2|Great Tusk|
|poke|p2|Heatran, F|
|poke|p2|Clodsire, F|
|poke|p2|Armarouge, F|
|teampreview
|inactive|Battle timer is ON: inactive players will automatically lose when time's up. (requested by mr.diversity)
|
|t:|1743869365
|start
|switch|p1a: Alomomola|Alomomola, M|100/100
|switch|p2a: Cinderace|Cinderace, M|100/100
|turn|1
|j| Landogon
|
|t:|1743869368
|move|p2a: Cinderace|High Jump Kick|p1a: Alomomola
|-start|p2a: Cinderace|typechange|Fighting|[from] ability: Libero
|-damage|p1a: Alomomola|41/100
|move|p1a: Alomomola|Flip Turn|p2a: Cinderace
|-damage|p2a: Cinderace|79/100
|inactive|pouring goon has 120 seconds left.
|
|t:|1743869401
|switch|p1a: Weavile|Weavile, M|100/100|[from] Flip Turn
|-ability|p1a: Weavile|Pressure
|
|upkeep
|turn|2
|
|t:|1743869405
|move|p1a: Weavile|Triple Axel|p2a: Cinderace
|-damage|p2a: Cinderace|64/100
|-damage|p2a: Cinderace|34/100
|-damage|p2a: Cinderace|0 fnt
|faint|p2a: Cinderace
|-hitcount|p2: Cinderace|3
|
|upkeep
|
|t:|1743869408
|switch|p2a: Heatran|Heatran, F|100/100
|turn|3
|c| Landogon|hi
|
|t:|1743869426
|switch|p1a: Alomomola|Alomomola, M|74/100
|move|p2a: Heatran|Magma Storm|p1a: Alomomola|[miss]
|-miss|p2a: Heatran|p1a: Alomomola
|
|upkeep
|turn|4
|
|t:|1743869431
|move|p2a: Heatran|Magma Storm|p1a: Alomomola|[miss]
|-miss|p2a: Heatran|p1a: Alomomola
|move|p1a: Alomomola|Flip Turn|p2a: Heatran
|-supereffective|p2a: Heatran
|-damage|p2a: Heatran|75/100
|c| Landogon|do you like turtles
|
|t:|1743869451
|switch|p1a: Gliscor|Gliscor, F|100/100|[from] Flip Turn
|
|-status|p1a: Gliscor|tox|[from] item: Toxic Orb
|upkeep
|turn|5
|
|t:|1743869457
|switch|p2a: Great Tusk|Great Tusk|100/100
|-enditem|p2a: Great Tusk|Booster Energy
|-activate|p2a: Great Tusk|ability: Protosynthesis|[fromitem]
|-start|p2a: Great Tusk|protosynthesisatk
|move|p1a: Gliscor|Swords Dance|p1a: Gliscor
|-boost|p1a: Gliscor|atk|2
|
|upkeep
|turn|6
|
|t:|1743869464
|switch|p1a: Skarmory|Skarmory, F|100/100
|move|p2a: Great Tusk|Close Combat|p1a: Skarmory
|-damage|p1a: Skarmory|53/100
|-unboost|p2a: Great Tusk|def|1
|-unboost|p2a: Great Tusk|spd|1
|-damage|p2a: Great Tusk|84/100|[from] item: Rocky Helmet|[of] p1a: Skarmory
|
|upkeep
|turn|7
|
|t:|1743869469
|move|p2a: Great Tusk|Close Combat|p1a: Skarmory
|-damage|p1a: Skarmory|0 fnt
|-unboost|p2a: Great Tusk|def|1
|-unboost|p2a: Great Tusk|spd|1
|-damage|p2a: Great Tusk|68/100|[from] item: Rocky Helmet|[of] p1a: Skarmory
|faint|p1a: Skarmory
|
|upkeep
|
|t:|1743869474
|switch|p1a: Weavile|Weavile, M|100/100
|-ability|p1a: Weavile|Pressure
|turn|8
|
|t:|1743869478
|-end|p2a: Great Tusk|Protosynthesis|[silent]
|switch|p2a: Heatran|Heatran, F|75/100
|move|p1a: Weavile|Triple Axel|p2a: Heatran
|-resisted|p2a: Heatran
|-damage|p2a: Heatran|73/100
|-status|p1a: Weavile|brn|[from] ability: Flame Body|[of] p2a: Heatran
|-resisted|p2a: Heatran
|-damage|p2a: Heatran|71/100
|-resisted|p2a: Heatran
|-crit|p2a: Heatran
|-damage|p2a: Heatran|66/100
|-hitcount|p2a: Heatran|3
|
|-damage|p1a: Weavile|94/100 brn|[from] brn
|upkeep
|turn|9
|
|t:|1743869483
|move|p1a: Weavile|Low Kick|p2a: Heatran
|-supereffective|p2a: Heatran
|-damage|p2a: Heatran|31/100
|move|p2a: Heatran|Magma Storm|p1a: Weavile
|-supereffective|p1a: Weavile
|-damage|p1a: Weavile|0 fnt
|faint|p1a: Weavile
|
|upkeep
|
|t:|1743869490
|switch|p1a: Gliscor|Gliscor, F|100/100 tox
|turn|10
|
|t:|1743869494
|move|p1a: Gliscor|Swords Dance|p1a: Gliscor
|-boost|p1a: Gliscor|atk|2
|move|p2a: Heatran|Magma Storm|p1a: Gliscor
|-damage|p1a: Gliscor|18/100 tox
|-activate|p1a: Gliscor|move: Magma Storm|[of] p2a: Heatran
|
|-heal|p1a: Gliscor|31/100 tox|[from] ability: Poison Heal
|-damage|p1a: Gliscor|18/100 tox|[from] move: Magma Storm|[partiallytrapped]
|upkeep
|turn|11
|
|t:|1743869499
|switch|p2a: Landorus|Landorus-Therian, M|100/100
|-ability|p2a: Landorus|Intimidate|boost
|-unboost|p1a: Gliscor|atk|1
|move|p1a: Gliscor|Earthquake|p2a: Landorus
|-immune|p2a: Landorus
|
|-heal|p1a: Gliscor|31/100 tox|[from] ability: Poison Heal
|-end|p1a: Gliscor|Magma Storm|[partiallytrapped]|[silent]
|upkeep
|turn|12
|l| Landogon
|
|t:|1743869501
|move|p1a: Gliscor|Protect|p1a: Gliscor
|-singleturn|p1a: Gliscor|Protect
|move|p2a: Landorus|Stone Edge|p1a: Gliscor
|-activate|p1a: Gliscor|move: Protect
|
|-heal|p1a: Gliscor|43/100 tox|[from] ability: Poison Heal
|upkeep
|turn|13
|
|t:|1743869510
|move|p1a: Gliscor|Facade|p2a: Landorus
|-damage|p2a: Landorus|48/100
|move|p2a: Landorus|Stone Edge|p1a: Gliscor
|-damage|p1a: Gliscor|0 fnt
|faint|p1a: Gliscor
|
|upkeep
|
|t:|1743869521
|switch|p1a: Alomomola|Alomomola, M|100/100
|turn|14
|
|t:|1743869527
|switch|p2a: Armarouge|Armarouge, F|100/100
|move|p1a: Alomomola|Scald|p2a: Armarouge
|-supereffective|p2a: Armarouge
|-damage|p2a: Armarouge|62/100
|-enditem|p2a: Armarouge|Weakness Policy
|-boost|p2a: Armarouge|atk|2|[from] item: Weakness Policy
|-boost|p2a: Armarouge|spa|2|[from] item: Weakness Policy
|
|upkeep
|turn|15
|
|t:|1743869533
|move|p2a: Armarouge|Stored Power|p1a: Alomomola
|-damage|p1a: Alomomola|23/100
|move|p1a: Alomomola|Scald|p2a: Armarouge
|-supereffective|p2a: Armarouge
|-damage|p2a: Armarouge|27/100
|
|upkeep
|turn|16
|
|t:|1743869540
|switch|p1a: Skeledirge|Skeledirge, F|100/100
|move|p2a: Armarouge|Stored Power|p1a: Skeledirge
|-damage|p1a: Skeledirge|66/100
|
|upkeep
|turn|17
|
|t:|1743869545
|move|p2a: Armarouge|Endure|p2a: Armarouge
|-singleturn|p2a: Armarouge|move: Endure
|move|p1a: Skeledirge|Slack Off|p1a: Skeledirge
|-heal|p1a: Skeledirge|100/100
|
|upkeep
|turn|18
|
|t:|1743869548
|move|p2a: Armarouge|Stored Power|p1a: Skeledirge
|-damage|p1a: Skeledirge|64/100
|move|p1a: Skeledirge|Hex|p2a: Armarouge
|-supereffective|p2a: Armarouge
|-damage|p2a: Armarouge|0 fnt
|faint|p2a: Armarouge
|
|upkeep
|
|t:|1743869551
|switch|p2a: Landorus|Landorus-Therian, M|48/100
|-ability|p2a: Landorus|Intimidate|boost
|-unboost|p1a: Skeledirge|atk|1
|turn|19
|
|t:|1743869555
|switch|p1a: Alomomola|Alomomola, M|56/100
|move|p2a: Landorus|Earthquake|p1a: Alomomola
|-damage|p1a: Alomomola|0 fnt
|faint|p1a: Alomomola
|
|upkeep
|
|t:|1743869558
|switch|p1a: Clefable|Clefable, F|100/100
|turn|20
|j| lowladderubersnoob
|
|t:|1743869563
|move|p2a: Landorus|Earthquake|p1a: Clefable
|-damage|p1a: Clefable|25/100
|move|p1a: Clefable|Knock Off|p2a: Landorus
|-damage|p2a: Landorus|31/100
|-enditem|p2a: Landorus|Choice Band|[from] move: Knock Off|[of] p1a: Clefable
|
|-heal|p1a: Clefable|31/100|[from] item: Leftovers
|upkeep
|turn|21
|-message|pouring goon forfeited.
|
|win|mr.diversity
|raw|pouring goon's rating: 1674 &rarr; <strong>1659</strong><br />(-15 for losing)
|raw|mr.diversity's rating: 1768 &rarr; <strong>1783</strong><br />(+15 for winning)
|l|☆pouring goon
|player|p1|
|l|☆mr.diversity
|player|p2|
|l| lowladderubersnoob
