|j|☆Zeeplesaurus99
|j|☆twistmebabe
|t:|1743869119
|gametype|singles
|player|p1|Zeeplesaurus99|169|1431
|player|p2|twistmebabe|wallace|1441
|teamsize|p1|6
|teamsize|p2|6
|gen|9
|tier|[Gen 9] OU
|rated|
|rule|HP Percentage Mod: HP is shown in percentages
|rule|Endless Battle Clause: Forcing endless battles is banned
|rule|Species Clause: Limit one of each Pokémon
|rule|OHKO Clause: OHKO moves are banned
|rule|Evasion Items Clause: Evasion items are banned
|rule|Evasion Moves Clause: Evasion moves are banned
|rule|Sleep Moves Clause: Sleep-inducing moves are banned
|clearpoke
|poke|p1|Araquanid, M|
|poke|p1|Iron Treads|
|poke|p1|Cinderace, M|
|poke|p1|Kingambit, F|
|poke|p1|Pecharunt|
|poke|p1|Dragonite, M|
|poke|p2|Ninetales, F|
|poke|p2|Walking Wake|
|poke|p2|Leavanny, M|
|poke|p2|Great Tusk|
|poke|p2|Iron Moth|
|poke|p2|Ceruledge, F|
|teampreview
|inactive|Battle timer is ON: inactive players will automatically lose when time's up. (requested by twistmebabe)
|
|t:|1743869134
|start
|switch|p1a: Araquanid|Araquanid, M, shiny|100/100
|switch|p2a: Ninetales|Ninetales, F, shiny|100/100
|-weather|SunnyDay|[from] ability: Drought|[of] p2a: Ninetales
|turn|1
|
|t:|1743869144
|move|p2a: Ninetales|Weather Ball|p1a: Araquanid
|-damage|p1a: Araquanid|84/100
|move|p1a: Araquanid|Sticky Web|p2a: Ninetales
|-sidestart|p2: twistmebabe|move: Sticky Web
|
|-weather|SunnyDay|[upkeep]
|upkeep
|turn|2
|
|t:|1743869148
|move|p2a: Ninetales|Encore|p1a: Araquanid
|-start|p1a: Araquanid|Encore
|-enditem|p1a: Araquanid|Mental Herb
|-end|p1a: Araquanid|Encore
|move|p1a: Araquanid|Liquidation|p2a: Ninetales
|-supereffective|p2a: Ninetales
|-damage|p2a: Ninetales|48/100
|
|-weather|SunnyDay|[upkeep]
|upkeep
|turn|3
|
|t:|1743869178
|switch|p2a: Great Tusk|Great Tusk|100/100
|-activate|p2a: Great Tusk|ability: Protosynthesis
|-start|p2a: Great Tusk|protosynthesisatk
|move|p1a: Araquanid|Liquidation|p2a: Great Tusk
|-supereffective|p2a: Great Tusk
|-damage|p2a: Great Tusk|71/100
|
|-weather|SunnyDay|[upkeep]
|upkeep
|turn|4
|
|t:|1743869187
|move|p2a: Great Tusk|Temper Flare|p1a: Araquanid
|-damage|p1a: Araquanid|64/100
|move|p1a: Araquanid|Liquidation|p2a: Great Tusk
|-supereffective|p2a: Great Tusk
|-damage|p2a: Great Tusk|41/100
|
|-weather|SunnyDay|[upkeep]
|upkeep
|turn|5
|
|t:|1743869193
|move|p2a: Great Tusk|Rapid Spin|p1a: Araquanid
|-damage|p1a: Araquanid|48/100
|-boost|p2a: Great Tusk|spe|1
|-sideend|p2: twistmebabe|Sticky Web|[from] move: Rapid Spin|[of] p2a: Great Tusk
|move|p1a: Araquanid|Liquidation|p2a: Great Tusk
|-supereffective|p2a: Great Tusk
|-damage|p2a: Great Tusk|10/100
|
|-weather|SunnyDay|[upkeep]
|upkeep
|turn|6
|
|t:|1743869205
|-end|p2a: Great Tusk|Protosynthesis|[silent]
|switch|p2a: Walking Wake|Walking Wake|100/100
|-activate|p2a: Walking Wake|ability: Protosynthesis
|-start|p2a: Walking Wake|protosynthesisspa
|move|p1a: Araquanid|Sticky Web|p2a: Walking Wake
|-sidestart|p2: twistmebabe|move: Sticky Web
|
|-weather|SunnyDay|[upkeep]
|upkeep
|turn|7
|
|t:|1743869224
|move|p2a: Walking Wake|Dragon Pulse|p1a: Araquanid
|-damage|p1a: Araquanid|0 fnt
|faint|p1a: Araquanid
|
|-weather|SunnyDay|[upkeep]
|upkeep
|
|t:|1743869235
|switch|p1a: Dragonite|Dragonite, M|100/100
|turn|8
|inactive|twistmebabe has 120 seconds left.
|
|t:|1743869262
|-terastallize|p2a: Walking Wake|Water
|move|p2a: Walking Wake|Dragon Pulse|p1a: Dragonite
|-supereffective|p1a: Dragonite
|-damage|p1a: Dragonite|6/100
|move|p1a: Dragonite|Dragon Tail|p2a: Walking Wake
|-damage|p2a: Walking Wake|59/100
|-end|p2a: Walking Wake|Protosynthesis|[silent]
|drag|p2a: Leavanny|Leavanny, M, shiny|100/100
|-activate|p2a: Leavanny|move: Sticky Web
|-unboost|p2a: Leavanny|spe|1
|-enditem|p2a: Leavanny|Eject Pack
|inactive|twistmebabe has 120 seconds left.
|
|t:|1743869276
|switch|p2a: Ceruledge|Ceruledge, F, shiny|100/100
|-activate|p2a: Ceruledge|move: Sticky Web
|-unboost|p2a: Ceruledge|spe|1
|
|-weather|none
|upkeep
|turn|9
|inactive|twistmebabe has 120 seconds left.
|
|t:|1743869294
|move|p2a: Ceruledge|Shadow Sneak|p1a: Dragonite
|-damage|p1a: Dragonite|0 fnt
|faint|p1a: Dragonite
|
|upkeep
|
|t:|1743869304
|switch|p1a: Iron Treads|Iron Treads|100/100
|-enditem|p1a: Iron Treads|Booster Energy
|-activate|p1a: Iron Treads|ability: Quark Drive|[fromitem]
|-start|p1a: Iron Treads|quarkdriveatk
|turn|10
|inactive|twistmebabe has 120 seconds left.
|
|t:|1743869324
|move|p1a: Iron Treads|Earthquake|p2a: Ceruledge
|-supereffective|p2a: Ceruledge
|-enditem|p2a: Ceruledge|Focus Sash
|-damage|p2a: Ceruledge|1/100
|-ability|p2a: Ceruledge|Weak Armor|boost
|-unboost|p2a: Ceruledge|def|1
|-boost|p2a: Ceruledge|spe|2
|move|p2a: Ceruledge|Swords Dance|p2a: Ceruledge
|-boost|p2a: Ceruledge|atk|2
|
|upkeep
|turn|11
|
|t:|1743869341
|move|p2a: Ceruledge|Bitter Blade|p1a: Iron Treads
|-supereffective|p1a: Iron Treads
|-crit|p1a: Iron Treads
|-damage|p1a: Iron Treads|0 fnt
|-heal|p2a: Ceruledge|56/100|[from] drain|[of] p1a: Iron Treads
|faint|p1a: Iron Treads
|-end|p1a: Iron Treads|Quark Drive|[silent]
|
|upkeep
|
|t:|1743869348
|switch|p1a: Cinderace|Cinderace, M|100/100
|turn|12
|
|t:|1743869352
|move|p1a: Cinderace|Sucker Punch|p2a: Ceruledge
|-supereffective|p2a: Ceruledge
|-damage|p2a: Ceruledge|0 fnt
|faint|p2a: Ceruledge
|
|upkeep
|
|t:|1743869359
|switch|p2a: Ninetales|Ninetales, F, shiny|48/100
|-activate|p2a: Ninetales|move: Sticky Web
|-unboost|p2a: Ninetales|spe|1
|-weather|SunnyDay|[from] ability: Drought|[of] p2a: Ninetales
|turn|13
|
|t:|1743869370
|move|p1a: Cinderace|Swords Dance|p1a: Cinderace
|-boost|p1a: Cinderace|atk|2
|move|p2a: Ninetales|Healing Wish|p2a: Ninetales
|faint|p2a: Ninetales
|
|-weather|SunnyDay|[upkeep]
|upkeep
|
|t:|1743869380
|switch|p2a: Great Tusk|Great Tusk|10/100
|-heal|p2a: Great Tusk|100/100|[from] move: Healing Wish
|-activate|p2a: Great Tusk|ability: Protosynthesis
|-start|p2a: Great Tusk|protosynthesisatk
|turn|14
|
|t:|1743869393
|move|p1a: Cinderace|Pyro Ball|p2a: Great Tusk
|-damage|p2a: Great Tusk|0 fnt
|faint|p2a: Great Tusk
|-end|p2a: Great Tusk|Protosynthesis|[silent]
|
|-weather|SunnyDay|[upkeep]
|upkeep
|
|t:|1743869403
|switch|p2a: Iron Moth|Iron Moth, shiny|100/100
|-activate|p2a: Iron Moth|move: Sticky Web
|-unboost|p2a: Iron Moth|spe|1
|-enditem|p2a: Iron Moth|Booster Energy
|-activate|p2a: Iron Moth|ability: Quark Drive|[fromitem]
|-start|p2a: Iron Moth|quarkdrivespa
|turn|15
|
|t:|1743869410
|move|p1a: Cinderace|Pyro Ball|p2a: Iron Moth
|-resisted|p2a: Iron Moth
|-damage|p2a: Iron Moth|0 fnt
|faint|p2a: Iron Moth
|-end|p2a: Iron Moth|Quark Drive|[silent]
|
|-weather|SunnyDay|[upkeep]
|upkeep
|-message|twistmebabe forfeited.
|
|win|Zeeplesaurus99
|raw|Zeeplesaurus99's rating: 1431 &rarr; <strong>1452</strong><br />(+21 for winning)
|raw|twistmebabe's rating: 1441 &rarr; <strong>1420</strong><br />(-21 for losing)
|l|☆twistmebabe
|player|p2|
|l|☆Zeeplesaurus99
|player|p1|
