|j|☆AceGangsta
|j|☆DBZ_Beast_Curt
|t:|1743931870
|gametype|singles
|player|p1|AceGangsta|benga|1169
|player|p2|DBZ_Beast_Curt|dawn|1199
|teamsize|p1|6
|teamsize|p2|6
|gen|9
|tier|[Gen 9] OU
|rated|
|rule|HP Percentage Mod: HP is shown in percentages
|rule|Endless Battle Clause: Forcing endless battles is banned
|rule|Species Clause: Limit one of each Pokémon
|rule|OHKO Clause: OHKO moves are banned
|rule|Evasion Items Clause: Evasion items are banned
|rule|Evasion Moves Clause: Evasion moves are banned
|rule|Sleep Moves Clause: Sleep-inducing moves are banned
|clearpoke
|poke|p1|Ursaluna, F|
|poke|p1|Blissey, F|
|poke|p1|Gholdengo|
|poke|p1|Corviknight, F|
|poke|p1|Iron Valiant|
|poke|p1|Kleavor, M|
|poke|p2|Decidueye, M|
|poke|p2|Greninja-*, M|
|poke|p2|Blaziken, M|
|poke|p2|Hawlucha, F|
|poke|p2|Espeon, M|
|poke|p2|Garchomp, M|
|teampreview
|inactive|Battle timer is ON: inactive players will automatically lose when time's up. (requested by AceGangsta)
|
|t:|1743931894
|start
|switch|p1a: Corviknight|Corviknight, F|100/100
|switch|p2a: Alien|Espeon, M|100/100
|-ability|p1a: Corviknight|Pressure
|turn|1
|
|t:|1743931902
|move|p2a: Alien|Thunder Wave|p1a: Corviknight
|-status|p1a: Corviknight|par
|move|p1a: Corviknight|U-turn|p2a: Alien
|-supereffective|p2a: Alien
|-damage|p2a: Alien|50/100
|
|t:|1743931915
|switch|p1a: Kleavor|Kleavor, M|100/100|[from] U-turn
|
|-heal|p2a: Alien|55/100|[from] item: Leftovers
|upkeep
|turn|2
|
|t:|1743931924
|switch|p2a: Quincy|Decidueye, M|100/100
|switch|p1a: Gholdengo|Gholdengo|100/100
|-item|p1a: Gholdengo|Air Balloon
|
|upkeep
|turn|3
|
|t:|1743931936
|switch|p1a: Blissey|Blissey, F|100/100
|move|p2a: Quincy|Knock Off|p1a: Blissey
|-damage|p1a: Blissey|41/100
|-enditem|p1a: Blissey|Leftovers|[from] move: Knock Off|[of] p2a: Quincy
|
|upkeep
|turn|4
|
|t:|1743931946
|switch|p1a: Corviknight|Corviknight, F|100/100 par
|-ability|p1a: Corviknight|Pressure
|move|p2a: Quincy|Spirit Shackle|p1a: Corviknight
|-damage|p1a: Corviknight|73/100 par
|-activate|p1a: Corviknight|trapped
|
|upkeep
|turn|5
|
|t:|1743931954
|move|p2a: Quincy|Knock Off|p1a: Corviknight
|-damage|p1a: Corviknight|49/100 par
|-enditem|p1a: Corviknight|Rocky Helmet|[from] move: Knock Off|[of] p2a: Quincy
|cant|p1a: Corviknight|par
|
|upkeep
|turn|6
|
|t:|1743931974
|move|p2a: Quincy|Spirit Shackle|p1a: Corviknight
|-damage|p1a: Corviknight|22/100 par
|move|p1a: Corviknight|Roost|p1a: Corviknight
|-heal|p1a: Corviknight|72/100 par
|-singleturn|p1a: Corviknight|move: Roost
|
|upkeep
|turn|7
|
|t:|1743931986
|move|p2a: Quincy|Spirit Shackle|p1a: Corviknight
|-damage|p1a: Corviknight|45/100 par
|cant|p1a: Corviknight|par
|
|upkeep
|turn|8
|
|t:|1743931993
|move|p2a: Quincy|Spirit Shackle|p1a: Corviknight
|-damage|p1a: Corviknight|19/100 par
|cant|p1a: Corviknight|par
|
|upkeep
|turn|9
|
|t:|1743932001
|move|p2a: Quincy|Knock Off|p1a: Corviknight
|-damage|p1a: Corviknight|3/100 par
|move|p1a: Corviknight|Roost|p1a: Corviknight
|-heal|p1a: Corviknight|54/100 par
|-singleturn|p1a: Corviknight|move: Roost
|
|upkeep
|turn|10
|
|t:|1743932010
|move|p2a: Quincy|Spirit Shackle|p1a: Corviknight
|-damage|p1a: Corviknight|24/100 par
|move|p1a: Corviknight|Roost|p1a: Corviknight
|-heal|p1a: Corviknight|74/100 par
|-singleturn|p1a: Corviknight|move: Roost
|
|upkeep
|turn|11
|
|t:|1743932018
|move|p2a: Quincy|Spirit Shackle|p1a: Corviknight
|-damage|p1a: Corviknight|46/100 par
|move|p1a: Corviknight|U-turn|p2a: Quincy
|-damage|p2a: Quincy|84/100
|
|t:|1743932024
|switch|p1a: Kleavor|Kleavor, M|100/100|[from] U-turn
|
|upkeep
|turn|12
|
|t:|1743932032
|-terastallize|p1a: Kleavor|Bug
|move|p1a: Kleavor|Agility|p1a: Kleavor
|-boost|p1a: Kleavor|spe|2
|move|p2a: Quincy|Knock Off|p1a: Kleavor
|-damage|p1a: Kleavor|64/100
|-enditem|p1a: Kleavor|Metronome|[from] move: Knock Off|[of] p2a: Quincy
|
|upkeep
|turn|13
|
|t:|1743932046
|move|p1a: Kleavor|Fury Cutter|p2a: Quincy
|-damage|p2a: Quincy|29/100
|move|p2a: Quincy|U-turn|p1a: Kleavor
|-damage|p1a: Kleavor|38/100
|
|t:|1743932056
|switch|p2a: ChompchoMp|Garchomp, M|100/100|[from] U-turn
|
|upkeep
|turn|14
|
|t:|1743932062
|move|p1a: Kleavor|Fury Cutter|p2a: ChompchoMp
|-damage|p2a: ChompchoMp|8/100
|-damage|p1a: Kleavor|25/100|[from] ability: Rough Skin|[of] p2a: ChompchoMp
|-damage|p1a: Kleavor|9/100|[from] item: Rocky Helmet|[of] p2a: ChompchoMp
|move|p2a: ChompchoMp|Swords Dance|p2a: ChompchoMp
|-boost|p2a: ChompchoMp|atk|2
|
|upkeep
|turn|15
|
|t:|1743932073
|move|p1a: Kleavor|Fury Cutter|p2a: ChompchoMp
|-damage|p2a: ChompchoMp|0 fnt
|-damage|p1a: Kleavor|0 fnt|[from] ability: Rough Skin|[of] p2a: ChompchoMp
|faint|p2a: ChompchoMp
|faint|p1a: Kleavor
|
|upkeep
|
|t:|1743932083
|switch|p2a: KFC|Blaziken, M|100/100
|switch|p1a: Corviknight|Corviknight, F|46/100 par
|-ability|p1a: Corviknight|Pressure
|turn|16
|
|t:|1743932091
|move|p2a: KFC|Flare Blitz|p1a: Corviknight
|-supereffective|p1a: Corviknight
|-damage|p1a: Corviknight|0 fnt
|faint|p1a: Corviknight
|-damage|p2a: KFC|84/100|[from] Recoil
|-damage|p2a: KFC|74/100|[from] item: Life Orb
|
|-ability|p2a: KFC|Speed Boost|boost
|-boost|p2a: KFC|spe|1
|upkeep
|
|t:|1743932097
|switch|p1a: Ursaluna|Ursaluna, F|100/100
|turn|17
|
|t:|1743932104
|move|p2a: KFC|Close Combat|p1a: Ursaluna
|-supereffective|p1a: Ursaluna
|-damage|p1a: Ursaluna|0 fnt
|-unboost|p2a: KFC|def|1
|-unboost|p2a: KFC|spd|1
|faint|p1a: Ursaluna
|-damage|p2a: KFC|64/100|[from] item: Life Orb
|
|-ability|p2a: KFC|Speed Boost|boost
|-boost|p2a: KFC|spe|1
|upkeep
|inactive|AceGangsta has 120 seconds left.
|inactive|AceGangsta has 90 seconds left.
|inactive|AceGangsta has 60 seconds left.
|inactive|AceGangsta has 30 seconds left.
|inactive|AceGangsta has 20 seconds left.
|inactive|AceGangsta has 15 seconds left.
|inactive|AceGangsta has 10 seconds left.
|inactive|AceGangsta has 5 seconds left.
|-message|AceGangsta lost due to inactivity.
|
|win|DBZ_Beast_Curt
|raw|AceGangsta's rating: 1169 &rarr; <strong>1146</strong><br />(-23 for losing)
|raw|DBZ_Beast_Curt's rating: 1199 &rarr; <strong>1222</strong><br />(+23 for winning)
|l|☆AceGangsta
|player|p1|
