|j|☆3gris
|j|☆EDETANVS
|t:|1743793291
|gametype|singles
|player|p1|3gris|depotagent|1150
|player|p2|EDETANVS|veteran|1191
|teamsize|p1|6
|teamsize|p2|6
|gen|9
|tier|[Gen 9] OU
|rated|
|rule|HP Percentage Mod: HP is shown in percentages
|rule|Endless Battle Clause: Forcing endless battles is banned
|rule|Species Clause: Limit one of each Pokémon
|rule|OHKO Clause: OHKO moves are banned
|rule|Evasion Items Clause: Evasion items are banned
|rule|Evasion Moves Clause: Evasion moves are banned
|rule|Sleep Moves Clause: Sleep-inducing moves are banned
|clearpoke
|poke|p1|Hydrapple, F|
|poke|p1|Samurott-Hisui, F|
|poke|p1|Corviknight, F|
|poke|p1|Ursaluna, F|
|poke|p1|Iron Valiant|
|poke|p1|Iron Moth|
|poke|p2|Cottonee, L1, M|
|poke|p2|Ditto|
|poke|p2|Pineco, L1, M|
|poke|p2|Cinderace, M|
|poke|p2|Salazzle, F|
|poke|p2|Kingambit, M|
|teampreview
|
|t:|1743793306
|start
|switch|p1a: Ursaluna|Ursaluna, F|100/100
|switch|p2a: Cottonee|Cottonee, L1, M|100/100
|turn|1
|inactive|Battle timer is ON: inactive players will automatically lose when time's up. (requested by EDETANVS)
|
|t:|1743793317
|move|p2a: Cottonee|Leech Seed|p1a: Ursaluna
|-start|p1a: Ursaluna|move: Leech Seed
|move|p1a: Ursaluna|Fire Punch|p2a: Cottonee
|-supereffective|p2a: Cottonee
|-enditem|p2a: Cottonee|Focus Sash
|-damage|p2a: Cottonee|9/100
|
|-damage|p1a: Ursaluna|88/100|[from] Leech Seed|[of] p2a: Cottonee
|-heal|p2a: Cottonee|100/100|[silent]
|-status|p1a: Ursaluna|brn|[from] item: Flame Orb
|upkeep
|turn|2
|
|t:|1743793326
|move|p2a: Cottonee|Substitute|p2a: Cottonee
|-start|p2a: Cottonee|Substitute
|-damage|p2a: Cottonee|75/100
|move|p1a: Ursaluna|Fire Punch|p2a: Cottonee
|-supereffective|p2a: Cottonee
|-end|p2a: Cottonee|Substitute
|
|-damage|p1a: Ursaluna|76/100 brn|[from] Leech Seed|[of] p2a: Cottonee
|-heal|p2a: Cottonee|100/100|[silent]
|-damage|p1a: Ursaluna|69/100 brn|[from] brn
|upkeep
|turn|3
|inactive|3gris has 120 seconds left.
|
|t:|1743793357
|move|p2a: Cottonee|Substitute|p2a: Cottonee
|-start|p2a: Cottonee|Substitute
|-damage|p2a: Cottonee|75/100
|move|p1a: Ursaluna|Swords Dance|p1a: Ursaluna
|-boost|p1a: Ursaluna|atk|2
|
|-damage|p1a: Ursaluna|57/100 brn|[from] Leech Seed|[of] p2a: Cottonee
|-heal|p2a: Cottonee|100/100|[silent]
|-damage|p1a: Ursaluna|51/100 brn|[from] brn
|upkeep
|turn|4
|
|t:|1743793366
|move|p1a: Ursaluna|Facade|p2a: Cottonee
|-end|p2a: Cottonee|Substitute
|move|p2a: Cottonee|Endeavor|p1a: Ursaluna
|-damage|p1a: Ursaluna|3/100 brn
|
|-damage|p1a: Ursaluna|0 fnt|[from] Leech Seed|[of] p2a: Cottonee
|faint|p1a: Ursaluna
|upkeep
|
|t:|1743793370
|switch|p1a: Iron Moth|Iron Moth|100/100
|-enditem|p1a: Iron Moth|Booster Energy
|-activate|p1a: Iron Moth|ability: Quark Drive|[fromitem]
|-start|p1a: Iron Moth|quarkdrivespa
|turn|5
|
|t:|1743793377
|move|p2a: Cottonee|Leech Seed|p1a: Iron Moth
|-start|p1a: Iron Moth|move: Leech Seed
|move|p1a: Iron Moth|Substitute|p1a: Iron Moth
|-start|p1a: Iron Moth|Substitute
|-damage|p1a: Iron Moth|76/100
|
|-damage|p1a: Iron Moth|63/100|[from] Leech Seed|[of] p2a: Cottonee
|upkeep
|turn|6
|
|t:|1743793383
|move|p2a: Cottonee|Substitute|p2a: Cottonee
|-start|p2a: Cottonee|Substitute
|-damage|p2a: Cottonee|75/100
|move|p1a: Iron Moth|Fiery Dance|p2a: Cottonee
|-supereffective|p2a: Cottonee
|-end|p2a: Cottonee|Substitute
|
|-damage|p1a: Iron Moth|51/100|[from] Leech Seed|[of] p2a: Cottonee
|-heal|p2a: Cottonee|100/100|[silent]
|upkeep
|turn|7
|c|☆EDETANVS|how do u like my weedy seed
|inactive|3gris has 120 seconds left.
|
|t:|1743793422
|move|p2a: Cottonee|Substitute|p2a: Cottonee
|-start|p2a: Cottonee|Substitute
|-damage|p2a: Cottonee|75/100
|move|p1a: Iron Moth|Fiery Dance|p2a: Cottonee
|-supereffective|p2a: Cottonee
|-end|p2a: Cottonee|Substitute
|
|-damage|p1a: Iron Moth|39/100|[from] Leech Seed|[of] p2a: Cottonee
|-heal|p2a: Cottonee|100/100|[silent]
|upkeep
|turn|8
|
|t:|1743793430
|move|p2a: Cottonee|Substitute|p2a: Cottonee
|-start|p2a: Cottonee|Substitute
|-damage|p2a: Cottonee|75/100
|move|p1a: Iron Moth|Fiery Dance|p2a: Cottonee
|-supereffective|p2a: Cottonee
|-end|p2a: Cottonee|Substitute
|
|-damage|p1a: Iron Moth|26/100|[from] Leech Seed|[of] p2a: Cottonee
|-heal|p2a: Cottonee|100/100|[silent]
|upkeep
|turn|9
|c|☆3gris|he is awful
|
|t:|1743793438
|move|p2a: Cottonee|Substitute|p2a: Cottonee
|-start|p2a: Cottonee|Substitute
|-damage|p2a: Cottonee|75/100
|move|p1a: Iron Moth|Sludge Wave|p2a: Cottonee
|-supereffective|p2a: Cottonee
|-end|p2a: Cottonee|Substitute
|
|-damage|p1a: Iron Moth|14/100|[from] Leech Seed|[of] p2a: Cottonee
|-heal|p2a: Cottonee|100/100|[silent]
|upkeep
|turn|10
|
|t:|1743793449
|-end|p1a: Iron Moth|Quark Drive|[silent]
|switch|p1a: Corviknight|Corviknight, F|100/100
|-ability|p1a: Corviknight|Unnerve
|move|p2a: Cottonee|Substitute|p2a: Cottonee
|-start|p2a: Cottonee|Substitute
|-damage|p2a: Cottonee|75/100
|
|upkeep
|turn|11
|
|t:|1743793455
|move|p2a: Cottonee|Leech Seed|p1a: Corviknight|[miss]
|-miss|p2a: Cottonee|p1a: Corviknight
|move|p1a: Corviknight|Brave Bird|p2a: Cottonee
|-supereffective|p2a: Cottonee
|-end|p2a: Cottonee|Substitute
|-damage|p1a: Corviknight|99/100|[from] Recoil|[of] p2a: Cottonee
|
|upkeep
|turn|12
|c|☆3gris|it's a nice find
|
|t:|1743793482
|move|p2a: Cottonee|Leech Seed|p1a: Corviknight
|-start|p1a: Corviknight|move: Leech Seed
|move|p1a: Corviknight|Brave Bird|p2a: Cottonee
|-supereffective|p2a: Cottonee
|-damage|p2a: Cottonee|0 fnt
|faint|p2a: Cottonee
|-damage|p1a: Corviknight|99/100|[from] Recoil
|
|upkeep
|
|t:|1743793490
|switch|p2a: Salazzle|Salazzle, F|100/100
|-item|p2a: Salazzle|Air Balloon
|turn|13
|
|t:|1743793498
|move|p2a: Salazzle|Toxic|p1a: Corviknight
|-status|p1a: Corviknight|tox
|move|p1a: Corviknight|U-turn|p2a: Salazzle
|-resisted|p2a: Salazzle
|-damage|p2a: Salazzle|93/100
|-enditem|p2a: Salazzle|Air Balloon
|inactive|3gris has 120 seconds left.
|c|☆3gris|I thought steels couldn't be poisoned
|
|t:|1743793532
|switch|p1a: Iron Moth|Iron Moth|14/100|[from] U-turn
|
|upkeep
|turn|14
|
|t:|1743793543
|move|p2a: Salazzle|Hyper Voice|p1a: Iron Moth
|-damage|p1a: Iron Moth|0 fnt
|faint|p1a: Iron Moth
|-end|p1a: Iron Moth|Quark Drive|[silent]
|
|upkeep
|
|t:|1743793545
|switch|p1a: Iron Valiant|Iron Valiant|100/100
|-enditem|p1a: Iron Valiant|Booster Energy
|-activate|p1a: Iron Valiant|ability: Quark Drive|[fromitem]
|-start|p1a: Iron Valiant|quarkdrivespe
|turn|15
|inactive|3gris has 120 seconds left.
|inactive|EDETANVS has 120 seconds left.
|
|t:|1743793585
|move|p1a: Iron Valiant|Destiny Bond|p1a: Iron Valiant
|-singlemove|p1a: Iron Valiant|Destiny Bond
|move|p2a: Salazzle|Toxic|p1a: Iron Valiant
|-status|p1a: Iron Valiant|tox
|
|-damage|p1a: Iron Valiant|94/100 tox|[from] psn
|upkeep
|turn|16
|inactive|EDETANVS has 120 seconds left.
|inactive|3gris has 120 seconds left.
|
|t:|1743793597
|move|p1a: Iron Valiant|Thunderbolt|p2a: Salazzle
|-damage|p2a: Salazzle|37/100
|move|p2a: Salazzle|Toxic Spikes|p1a: Iron Valiant
|-sidestart|p1: 3gris|move: Toxic Spikes
|
|-damage|p1a: Iron Valiant|82/100 tox|[from] psn
|upkeep
|turn|17
|inactive|EDETANVS has 120 seconds left.
|
|t:|1743793611
|move|p1a: Iron Valiant|Thunderbolt|p2a: Salazzle
|-damage|p2a: Salazzle|0 fnt
|faint|p2a: Salazzle
|
|-damage|p1a: Iron Valiant|63/100 tox|[from] psn
|upkeep
|inactive|EDETANVS has 120 seconds left.
|
|t:|1743793616
|switch|p2a: Pineco|Pineco, L1, M|100/100
|turn|18
|
|t:|1743793632
|-terastallize|p1a: Iron Valiant|Fairy
|move|p1a: Iron Valiant|Dazzling Gleam|p2a: Pineco
|-ability|p2a: Pineco|Sturdy
|-damage|p2a: Pineco|9/100
|move|p2a: Pineco|Pain Split|p1a: Iron Valiant
|-sethp|p1a: Iron Valiant|32/100 tox|[from] move: Pain Split|[silent]
|-sethp|p2a: Pineco|100/100|[from] move: Pain Split
|
|-damage|p1a: Iron Valiant|7/100 tox|[from] psn
|upkeep
|turn|19
|
|t:|1743793642
|move|p2a: Pineco|Protect|p2a: Pineco
|-singleturn|p2a: Pineco|Protect
|move|p1a: Iron Valiant|Dazzling Gleam|p2a: Pineco
|-activate|p2a: Pineco|move: Protect
|
|-damage|p1a: Iron Valiant|0 fnt|[from] psn
|faint|p1a: Iron Valiant
|-end|p1a: Iron Valiant|Quark Drive|[silent]
|upkeep
|c|☆EDETANVS|done
|c|☆EDETANVS|gg
|inactive|3gris has 120 seconds left.
|c|☆3gris|Your team is horrible. I like it.
|
|t:|1743793670
|switch|p1a: Corviknight|Corviknight, F|99/100 tox
|-ability|p1a: Corviknight|Unnerve
|turn|20
|
|t:|1743793673
|move|p1a: Corviknight|Brave Bird|p2a: Pineco
|-supereffective|p2a: Pineco
|-ability|p2a: Pineco|Sturdy
|-damage|p2a: Pineco|9/100
|-damage|p1a: Corviknight|98/100 tox|[from] Recoil
|move|p2a: Pineco|Pain Split|p1a: Corviknight
|-sethp|p1a: Corviknight|50/100 tox|[from] move: Pain Split|[silent]
|-sethp|p2a: Pineco|100/100|[from] move: Pain Split
|
|-damage|p1a: Corviknight|44/100 tox|[from] psn
|upkeep
|turn|21
|
|t:|1743793683
|move|p1a: Corviknight|Roost|p1a: Corviknight
|-heal|p1a: Corviknight|94/100 tox
|-singleturn|p1a: Corviknight|move: Roost
|move|p2a: Pineco|Pain Split|p1a: Corviknight
|-sethp|p1a: Corviknight|49/100 tox|[from] move: Pain Split|[silent]
|-sethp|p2a: Pineco|100/100|[from] move: Pain Split
|
|-damage|p1a: Corviknight|37/100 tox|[from] psn
|upkeep
|turn|22
|
|t:|1743793691
|move|p1a: Corviknight|Defog|p2a: Pineco
|-unboost|p2a: Pineco|evasion|1
|-sideend|p1: 3gris|Toxic Spikes|[from] move: Defog|[of] p1a: Corviknight
|move|p2a: Pineco|Pain Split|p1a: Corviknight
|-sethp|p1a: Corviknight|20/100 tox|[from] move: Pain Split|[silent]
|-sethp|p2a: Pineco|100/100|[from] move: Pain Split
|
|-damage|p1a: Corviknight|2/100 tox|[from] psn
|upkeep
|turn|23
|
|t:|1743793702
|move|p1a: Corviknight|Brave Bird|p2a: Pineco
|-supereffective|p2a: Pineco
|-ability|p2a: Pineco|Sturdy
|-damage|p2a: Pineco|9/100
|-damage|p1a: Corviknight|1/100 tox|[from] Recoil
|move|p2a: Pineco|Toxic Spikes|p1a: Corviknight
|-sidestart|p1: 3gris|move: Toxic Spikes
|
|-damage|p1a: Corviknight|0 fnt|[from] psn
|faint|p1a: Corviknight
|upkeep
|
|t:|1743793704
|switch|p1a: Samurott|Samurott-Hisui, F|100/100
|-status|p1a: Samurott|psn
|turn|24
|
|t:|1743793716
|move|p2a: Pineco|Protect|p2a: Pineco
|-singleturn|p2a: Pineco|Protect
|move|p1a: Samurott|Aqua Jet|p2a: Pineco
|-activate|p2a: Pineco|move: Protect
|
|-damage|p1a: Samurott|88/100 psn|[from] psn
|upkeep
|turn|25
|
|t:|1743793723
|move|p1a: Samurott|Aqua Jet|p2a: Pineco
|-damage|p2a: Pineco|0 fnt
|faint|p2a: Pineco
|
|-damage|p1a: Samurott|76/100 psn|[from] psn
|upkeep
|
|t:|1743793729
|switch|p2a: Cinderace|Cinderace, M|100/100
|turn|26
|
|t:|1743793735
|-terastallize|p2a: Cinderace|Grass
|move|p2a: Cinderace|U-turn|p1a: Samurott
|-supereffective|p1a: Samurott
|-crit|p1a: Samurott
|-damage|p1a: Samurott|0 fnt
|faint|p1a: Samurott
|
|t:|1743793740
|switch|p2a: Kingambit|Kingambit, M|100/100|[from] U-turn
|-activate|p2a: Kingambit|ability: Supreme Overlord
|-start|p2a: Kingambit|fallen3|[silent]
|
|upkeep
|
|t:|1743793752
|switch|p1a: Hydrapple|Hydrapple, F|100/100
|-status|p1a: Hydrapple|psn
|turn|27
|
|t:|1743793759
|move|p1a: Hydrapple|Earth Power|p2a: Kingambit
|-supereffective|p2a: Kingambit
|-damage|p2a: Kingambit|11/100
|move|p2a: Kingambit|Swords Dance|p2a: Kingambit
|-boost|p2a: Kingambit|atk|2
|
|-damage|p1a: Hydrapple|88/100 psn|[from] psn
|upkeep
|turn|28
|inactive|3gris has 120 seconds left.
|
|t:|1743793805
|move|p2a: Kingambit|Sucker Punch|p1a: Hydrapple
|-damage|p1a: Hydrapple|0 fnt
|faint|p1a: Hydrapple
|
|win|EDETANVS
|raw|3gris's rating: 1150 &rarr; <strong>1128</strong><br />(-22 for losing)
|raw|EDETANVS's rating: 1191 &rarr; <strong>1213</strong><br />(+22 for winning)
|c|☆3gris|gg
|c|☆3gris|nice teambulding
|l|☆EDETANVS
|player|p2|
