|j|☆LITLE0
|j|☆ThickLatinaLover
|t:|1743874735
|gametype|singles
|player|p1|LITLE0|unknown|1334
|player|p2|ThickLatinaLover|169|1309
|teamsize|p1|6
|teamsize|p2|6
|gen|9
|tier|[Gen 9] OU
|rated|
|rule|HP Percentage Mod: HP is shown in percentages
|rule|Endless Battle Clause: Forcing endless battles is banned
|rule|Species Clause: Limit one of each Pokémon
|rule|OHKO Clause: OHKO moves are banned
|rule|Evasion Items Clause: Evasion items are banned
|rule|Evasion Moves Clause: Evasion moves are banned
|rule|Sleep Moves Clause: Sleep-inducing moves are banned
|clearpoke
|poke|p1|Rillaboom, M|
|poke|p1|Drifblim, F|
|poke|p1|Iron Treads|
|poke|p1|Slowking-Galar, M|
|poke|p1|Moltres|
|poke|p1|Kingambit, M|
|poke|p2|Araquanid, F|
|poke|p2|Iron Treads|
|poke|p2|Cinderace, M|
|poke|p2|Kingambit, F|
|poke|p2|Pecharunt|
|poke|p2|Dragonite, F|
|teampreview
|inactive|Battle timer is ON: inactive players will automatically lose when time's up. (requested by ThickLatinaLover)
|inactive|LITLE0 has 120 seconds left.
|
|t:|1743874766
|start
|switch|p1a: Iron Treads|Iron Treads|100/100
|switch|p2a: Araquanid|Araquanid, F, shiny|100/100
|turn|1
|
|t:|1743874771
|move|p1a: Iron Treads|Stealth Rock|p2a: Araquanid
|-sidestart|p2: ThickLatinaLover|move: Stealth Rock
|move|p2a: Araquanid|Liquidation|p1a: Iron Treads
|-supereffective|p1a: Iron Treads
|-damage|p1a: Iron Treads|26/100
|
|upkeep
|turn|2
|
|t:|1743874779
|move|p1a: Iron Treads|Knock Off|p2a: Araquanid
|-damage|p2a: Araquanid|78/100
|-enditem|p2a: Araquanid|Mental Herb|[from] move: Knock Off|[of] p1a: Iron Treads
|move|p2a: Araquanid|Sticky Web|p1a: Iron Treads
|-sidestart|p1: LITLE0|move: Sticky Web
|
|upkeep
|turn|3
|
|t:|1743874784
|move|p1a: Iron Treads|Rapid Spin|p2a: Araquanid
|-damage|p2a: Araquanid|66/100
|-boost|p1a: Iron Treads|spe|1
|-sideend|p1: LITLE0|Sticky Web|[from] move: Rapid Spin|[of] p1a: Iron Treads
|move|p2a: Araquanid|Liquidation|p1a: Iron Treads
|-supereffective|p1a: Iron Treads
|-damage|p1a: Iron Treads|0 fnt
|faint|p1a: Iron Treads
|-end|p1a: Iron Treads|Quark Drive|[silent]
|
|upkeep
|
|t:|1743874793
|switch|p1a: Rillaboom|Rillaboom, M|100/100
|-fieldstart|move: Grassy Terrain|[from] ability: Grassy Surge|[of] p1a: Rillaboom
|turn|4
|
|t:|1743874820
|move|p1a: Rillaboom|Wood Hammer|p2a: Araquanid
|-damage|p2a: Araquanid|0 fnt
|faint|p2a: Araquanid
|-damage|p1a: Rillaboom|79/100|[from] Recoil
|
|-heal|p1a: Rillaboom|85/100|[from] Grassy Terrain
|upkeep
|inactive|ThickLatinaLover has 120 seconds left.
|
|t:|1743874831
|switch|p2a: Cinderace|Cinderace, M|100/100
|-damage|p2a: Cinderace|76/100|[from] Stealth Rock
|turn|5
|
|t:|1743874835
|switch|p1a: Moltres|Moltres|100/100
|move|p2a: Cinderace|Pyro Ball|p1a: Moltres
|-resisted|p1a: Moltres
|-damage|p1a: Moltres|76/100
|-damage|p2a: Cinderace|66/100|[from] item: Life Orb
|
|-heal|p2a: Cinderace|72/100|[from] Grassy Terrain
|upkeep
|turn|6
|inactive|ThickLatinaLover has 120 seconds left.
|
|t:|1743874861
|move|p2a: Cinderace|Swords Dance|p2a: Cinderace
|-start|p2a: Cinderace|typechange|Normal|[from] ability: Libero
|-boost|p2a: Cinderace|atk|2
|move|p1a: Moltres|U-turn|p2a: Cinderace
|-damage|p2a: Cinderace|49/100
|
|t:|1743874873
|switch|p1a: Drifblim|Drifblim, F|100/100|[from] U-turn
|-enditem|p1a: Drifblim|Grassy Seed
|-boost|p1a: Drifblim|def|1|[from] item: Grassy Seed
|
|-heal|p2a: Cinderace|55/100|[from] Grassy Terrain
|upkeep
|turn|7
|inactive|ThickLatinaLover has 120 seconds left.
|
|t:|1743874883
|move|p1a: Drifblim|Will-O-Wisp|p2a: Cinderace
|-status|p2a: Cinderace|brn
|move|p2a: Cinderace|Pyro Ball|p1a: Drifblim
|-damage|p1a: Drifblim|72/100
|-damage|p2a: Cinderace|45/100 brn|[from] item: Life Orb
|
|-heal|p2a: Cinderace|51/100 brn|[from] Grassy Terrain
|-damage|p2a: Cinderace|45/100 brn|[from] brn
|upkeep
|turn|8
|
|t:|1743874889
|move|p1a: Drifblim|Calm Mind|p1a: Drifblim
|-boost|p1a: Drifblim|spa|1
|-boost|p1a: Drifblim|spd|1
|move|p2a: Cinderace|Pyro Ball|p1a: Drifblim
|-damage|p1a: Drifblim|44/100
|-damage|p2a: Cinderace|35/100 brn|[from] item: Life Orb
|
|-heal|p2a: Cinderace|41/100 brn|[from] Grassy Terrain
|-damage|p2a: Cinderace|35/100 brn|[from] brn
|-fieldend|move: Grassy Terrain
|upkeep
|turn|9
|
|t:|1743874898
|move|p2a: Cinderace|Sucker Punch||[still]
|-fail|p2a: Cinderace
|move|p1a: Drifblim|Strength Sap|p2a: Cinderace
|-unboost|p2a: Cinderace|atk|1
|-heal|p1a: Drifblim|100/100
|
|-damage|p2a: Cinderace|29/100 brn|[from] brn
|upkeep
|turn|10
|
|t:|1743874904
|move|p1a: Drifblim|Calm Mind|p1a: Drifblim
|-boost|p1a: Drifblim|spa|1
|-boost|p1a: Drifblim|spd|1
|move|p2a: Cinderace|Pyro Ball|p1a: Drifblim
|-damage|p1a: Drifblim|79/100
|-damage|p2a: Cinderace|19/100 brn|[from] item: Life Orb
|
|-damage|p2a: Cinderace|13/100 brn|[from] brn
|upkeep
|turn|11
|
|t:|1743874913
|move|p1a: Drifblim|Strength Sap|p2a: Cinderace
|-unboost|p2a: Cinderace|atk|1
|-heal|p1a: Drifblim|100/100
|move|p2a: Cinderace|Pyro Ball|p1a: Drifblim
|-damage|p1a: Drifblim|86/100
|-damage|p2a: Cinderace|3/100 brn|[from] item: Life Orb
|
|-damage|p2a: Cinderace|0 fnt|[from] brn
|faint|p2a: Cinderace
|upkeep
|
|t:|1743874926
|switch|p2a: Iron Treads|Iron Treads|100/100
|-damage|p2a: Iron Treads|97/100|[from] Stealth Rock
|-enditem|p2a: Iron Treads|Booster Energy
|-activate|p2a: Iron Treads|ability: Quark Drive|[fromitem]
|-start|p2a: Iron Treads|quarkdriveatk
|turn|12
|
|t:|1743874930
|move|p1a: Drifblim|Will-O-Wisp|p2a: Iron Treads
|-status|p2a: Iron Treads|brn
|move|p2a: Iron Treads|Supercell Slam|p1a: Drifblim
|-supereffective|p1a: Drifblim
|-damage|p1a: Drifblim|60/100
|
|-damage|p2a: Iron Treads|91/100 brn|[from] brn
|upkeep
|turn|13
|-message|ThickLatinaLover forfeited.
|
|win|LITLE0
|raw|LITLE0's rating: 1334 &rarr; <strong>1353</strong><br />(+19 for winning)
|raw|ThickLatinaLover's rating: 1309 &rarr; <strong>1290</strong><br />(-19 for losing)
|l|☆ThickLatinaLover
|player|p2|
