|j|☆o monstro01
|j|☆Cam1610
|t:|1743866773
|gametype|singles
|player|p1|o monstro01|clay|1466
|player|p2|Cam1610|hiker-gen4|1481
|teamsize|p1|6
|teamsize|p2|6
|gen|9
|tier|[Gen 9] OU
|rated|
|rule|HP Percentage Mod: HP is shown in percentages
|rule|Endless Battle Clause: Forcing endless battles is banned
|rule|Species Clause: Limit one of each Pokémon
|rule|OHKO Clause: OHKO moves are banned
|rule|Evasion Items Clause: Evasion items are banned
|rule|Evasion Moves Clause: Evasion moves are banned
|rule|Sleep Moves Clause: Sleep-inducing moves are banned
|clearpoke
|poke|p1|Dragonite, M|
|poke|p1|Great Tusk|
|poke|p1|Iron Moth|
|poke|p1|Ogerpon-Wellspring, F|
|poke|p1|Iron Valiant|
|poke|p1|Kingambit, F|
|poke|p2|Darkrai|
|poke|p2|Ceruledge, F|
|poke|p2|Ursaluna, F|
|poke|p2|Kingambit, F|
|poke|p2|Noivern, M|
|poke|p2|Scizor, M|
|teampreview
|inactive|Battle timer is ON: inactive players will automatically lose when time's up. (requested by Cam1610)
|
|t:|1743866784
|start
|switch|p1a: Iron Moth|Iron Moth|100/100
|switch|p2a: Beru|Scizor, M|100/100
|-enditem|p1a: Iron Moth|Booster Energy
|-activate|p1a: Iron Moth|ability: Quark Drive|[fromitem]
|-start|p1a: Iron Moth|quarkdrivespe
|turn|1
|inactive|Cam1610 has 120 seconds left.
|
|t:|1743866816
|switch|p2a: Kaisel|Noivern, M|100/100
|move|p1a: Iron Moth|Fiery Dance|p2a: Kaisel
|-resisted|p2a: Kaisel
|-damage|p2a: Kaisel|73/100
|-boost|p1a: Iron Moth|spa|1
|
|upkeep
|turn|2
|
|t:|1743866836
|move|p1a: Iron Moth|Sludge Wave|p2a: Kaisel
|-damage|p2a: Kaisel|0 fnt
|faint|p2a: Kaisel
|
|upkeep
|
|t:|1743866838
|switch|p2a: Tank|Ursaluna, F, shiny|100/100
|turn|3
|
|t:|1743866847
|-end|p1a: Iron Moth|Quark Drive|[silent]
|switch|p1a: Ogerpon|Ogerpon-Wellspring, F|100/100
|move|p2a: Tank|Earthquake|p1a: Ogerpon
|-resisted|p1a: Ogerpon
|-damage|p1a: Ogerpon|58/100
|
|-status|p2a: Tank|brn|[from] item: Flame Orb
|upkeep
|turn|4
|
|t:|1743866866
|switch|p2a: Beru|Scizor, M|100/100
|move|p1a: Ogerpon|Ivy Cudgel|p2a: Beru|[anim] Ivy Cudgel Water
|-damage|p2a: Beru|43/100
|
|upkeep
|turn|5
|
|t:|1743866873
|move|p2a: Beru|Bullet Punch|p1a: Ogerpon
|-resisted|p1a: Ogerpon
|-damage|p1a: Ogerpon|22/100
|move|p1a: Ogerpon|Ivy Cudgel|p2a: Beru|[anim] Ivy Cudgel Water
|-damage|p2a: Beru|0 fnt
|faint|p2a: Beru
|
|upkeep
|
|t:|1743866877
|switch|p2a: Igris|Ceruledge, F|100/100
|turn|6
|
|t:|1743866884
|switch|p1a: Great Tusk|Great Tusk|100/100
|move|p2a: Igris|Swords Dance|p2a: Igris
|-boost|p2a: Igris|atk|2
|
|upkeep
|turn|7
|
|t:|1743866893
|move|p2a: Igris|Poltergeist|p1a: Great Tusk
|-activate|p1a: Great Tusk|move: Poltergeist|Rocky Helmet
|-damage|p1a: Great Tusk|49/100
|move|p1a: Great Tusk|Headlong Rush|p2a: Igris
|-supereffective|p2a: Igris
|-enditem|p2a: Igris|Focus Sash
|-damage|p2a: Igris|1/100
|-unboost|p1a: Great Tusk|def|1
|-unboost|p1a: Great Tusk|spd|1
|-ability|p2a: Igris|Weak Armor|boost
|-unboost|p2a: Igris|def|1
|-boost|p2a: Igris|spe|2
|
|upkeep
|turn|8
|
|t:|1743866914
|-end|p1a: Great Tusk|Protosynthesis|[silent]
|switch|p1a: Ogerpon|Ogerpon-Wellspring, F|22/100
|move|p2a: Igris|Bitter Blade|p1a: Ogerpon
|-damage|p1a: Ogerpon|0 fnt
|-heal|p2a: Igris|12/100|[from] drain|[of] p1a: Ogerpon
|faint|p1a: Ogerpon
|
|upkeep
|
|t:|1743866927
|switch|p1a: Iron Valiant|Iron Valiant|100/100
|-enditem|p1a: Iron Valiant|Booster Energy
|-activate|p1a: Iron Valiant|ability: Quark Drive|[fromitem]
|-start|p1a: Iron Valiant|quarkdrivespe
|turn|9
|
|t:|1743866933
|move|p2a: Igris|Bitter Blade|p1a: Iron Valiant
|-damage|p1a: Iron Valiant|0 fnt
|-heal|p2a: Igris|62/100|[from] drain|[of] p1a: Iron Valiant
|faint|p1a: Iron Valiant
|-end|p1a: Iron Valiant|Quark Drive|[silent]
|
|upkeep
|
|t:|1743866944
|switch|p1a: Kingambit|Kingambit, F|100/100
|-activate|p1a: Kingambit|ability: Supreme Overlord
|-start|p1a: Kingambit|fallen2|[silent]
|turn|10
|
|t:|1743866953
|move|p2a: Igris|Shadow Sneak|p1a: Kingambit
|-resisted|p1a: Kingambit
|-damage|p1a: Kingambit|86/100
|move|p1a: Kingambit|Sucker Punch||[still]
|-fail|p1a: Kingambit
|
|-heal|p1a: Kingambit|92/100|[from] item: Leftovers
|upkeep
|turn|11
|
|t:|1743866962
|move|p2a: Igris|Shadow Sneak|p1a: Kingambit
|-resisted|p1a: Kingambit
|-damage|p1a: Kingambit|78/100
|move|p1a: Kingambit|Sucker Punch||[still]
|-fail|p1a: Kingambit
|
|-heal|p1a: Kingambit|84/100|[from] item: Leftovers
|upkeep
|turn|12
|
|t:|1743866971
|move|p2a: Igris|Shadow Sneak|p1a: Kingambit
|-resisted|p1a: Kingambit
|-damage|p1a: Kingambit|71/100
|move|p1a: Kingambit|Sucker Punch||[still]
|-fail|p1a: Kingambit
|
|-heal|p1a: Kingambit|77/100|[from] item: Leftovers
|upkeep
|turn|13
|
|t:|1743866979
|move|p2a: Igris|Shadow Sneak|p1a: Kingambit
|-resisted|p1a: Kingambit
|-damage|p1a: Kingambit|63/100
|move|p1a: Kingambit|Sucker Punch||[still]
|-fail|p1a: Kingambit
|
|-heal|p1a: Kingambit|69/100|[from] item: Leftovers
|upkeep
|turn|14
|
|t:|1743866988
|move|p2a: Igris|Shadow Sneak|p1a: Kingambit
|-resisted|p1a: Kingambit
|-damage|p1a: Kingambit|54/100
|move|p1a: Kingambit|Kowtow Cleave|p2a: Igris
|-supereffective|p2a: Igris
|-damage|p2a: Igris|0 fnt
|faint|p2a: Igris
|
|-heal|p1a: Kingambit|60/100|[from] item: Leftovers
|upkeep
|
|t:|1743866992
|switch|p2a: Tank|Ursaluna, F, shiny|100/100 brn
|turn|15
|
|t:|1743867004
|move|p1a: Kingambit|Iron Head|p2a: Tank
|-damage|p2a: Tank|58/100 brn
|move|p2a: Tank|Earthquake|p1a: Kingambit
|-supereffective|p1a: Kingambit
|-damage|p1a: Kingambit|0 fnt
|faint|p1a: Kingambit
|-end|p1a: Kingambit|fallen2|[silent]
|
|-damage|p2a: Tank|52/100 brn|[from] brn
|upkeep
|
|t:|1743867015
|switch|p1a: Great Tusk|Great Tusk|49/100
|turn|16
|
|t:|1743867021
|move|p1a: Great Tusk|Ice Spinner|p2a: Tank
|-supereffective|p2a: Tank
|-damage|p2a: Tank|17/100 brn
|move|p2a: Tank|Facade|p1a: Great Tusk
|-damage|p1a: Great Tusk|0 fnt
|-damage|p2a: Tank|0 fnt|[from] item: Rocky Helmet|[of] p1a: Great Tusk
|faint|p1a: Great Tusk
|-end|p1a: Great Tusk|Protosynthesis|[silent]
|faint|p2a: Tank
|
|upkeep
|
|t:|1743867032
|switch|p1a: Iron Moth|Iron Moth|100/100
|switch|p2a: Tusk|Darkrai, shiny|100/100
|turn|17
|
|t:|1743867039
|move|p2a: Tusk|Dark Pulse|p1a: Iron Moth
|-damage|p1a: Iron Moth|52/100
|-damage|p2a: Tusk|91/100|[from] item: Life Orb
|move|p1a: Iron Moth|Fiery Dance|p2a: Tusk
|-damage|p2a: Tusk|38/100
|-boost|p1a: Iron Moth|spa|1
|
|upkeep
|turn|18
|
|t:|1743867049
|move|p2a: Tusk|Dark Pulse|p1a: Iron Moth
|-damage|p1a: Iron Moth|0 fnt
|faint|p1a: Iron Moth
|-end|p1a: Iron Moth|Quark Drive|[silent]
|-damage|p2a: Tusk|28/100|[from] item: Life Orb
|
|upkeep
|
|t:|1743867056
|switch|p1a: Dragonite|Dragonite, M|100/100
|turn|19
|
|t:|1743867060
|move|p1a: Dragonite|Extreme Speed|p2a: Tusk
|-damage|p2a: Tusk|0 fnt
|faint|p2a: Tusk
|
|upkeep
|
|t:|1743867062
|switch|p2a: Sung Jin Woo|Kingambit, F, shiny|100/100
|-activate|p2a: Sung Jin Woo|ability: Supreme Overlord
|-start|p2a: Sung Jin Woo|fallen5|[silent]
|turn|20
|
|t:|1743867070
|-terastallize|p2a: Sung Jin Woo|Fairy
|move|p1a: Dragonite|Earthquake|p2a: Sung Jin Woo
|-damage|p2a: Sung Jin Woo|76/100
|move|p2a: Sung Jin Woo|Tera Blast|p1a: Dragonite|[anim] Tera Blast Fairy
|-supereffective|p1a: Dragonite
|-damage|p1a: Dragonite|27/100
|
|-heal|p2a: Sung Jin Woo|83/100|[from] item: Leftovers
|upkeep
|turn|21
|
|t:|1743867082
|-terastallize|p1a: Dragonite|Fairy
|move|p1a: Dragonite|Extreme Speed|p2a: Sung Jin Woo
|-damage|p2a: Sung Jin Woo|63/100
|move|p2a: Sung Jin Woo|Tera Blast|p1a: Dragonite|[anim] Tera Blast Fairy
|-damage|p1a: Dragonite|0 fnt
|faint|p1a: Dragonite
|
|win|Cam1610
|raw|o monstro01's rating: 1466 &rarr; <strong>1447</strong><br />(-19 for losing)
|raw|Cam1610's rating: 1481 &rarr; <strong>1500</strong><br />(+19 for winning)
|l|☆o monstro01
|player|p1|
|l|☆Cam1610
|player|p2|
