|j|☆SIGM4
|j|☆ILikeCharizardOP
|t:|1743851211
|gametype|singles
|player|p1|SIGM4|gentleman-gen4|1219
|player|p2|ILikeCharizardOP|shadowtriad|1246
|teamsize|p1|6
|teamsize|p2|6
|gen|9
|tier|[Gen 9] OU
|rated|
|rule|HP Percentage Mod: HP is shown in percentages
|rule|Endless Battle Clause: Forcing endless battles is banned
|rule|Species Clause: Limit one of each Pokémon
|rule|OHKO Clause: OHKO moves are banned
|rule|Evasion Items Clause: Evasion items are banned
|rule|Evasion Moves Clause: Evasion moves are banned
|rule|Sleep Moves Clause: Sleep-inducing moves are banned
|clearpoke
|poke|p1|Iron Moth|
|poke|p1|Umbreon, M|
|poke|p1|Kingambit, M|
|poke|p1|Rillaboom, F|
|poke|p1|Slowking, F|
|poke|p1|Great Tusk|
|poke|p2|Latias, F|
|poke|p2|Iron Valiant|
|poke|p2|Great Tusk|
|poke|p2|Samurott-Hisui, F|
|poke|p2|Gholdengo|
|poke|p2|Corviknight, M|
|teampreview
|inactive|Battle timer is ON: inactive players will automatically lose when time's up. (requested by ILikeCharizardOP)
|
|t:|1743851217
|start
|switch|p1a: Jack|Rillaboom, F|100/100
|switch|p2a: Busted Chick|Latias, F|100/100
|-fieldstart|move: Grassy Terrain|[from] ability: Grassy Surge|[of] p1a: Jack
|turn|1
|
|t:|1743851226
|move|p2a: Busted Chick|Calm Mind|p2a: Busted Chick
|-boost|p2a: Busted Chick|spa|1
|-boost|p2a: Busted Chick|spd|1
|move|p1a: Jack|Wood Hammer|p2a: Busted Chick
|-resisted|p2a: Busted Chick
|-crit|p2a: Busted Chick
|-damage|p2a: Busted Chick|18/100
|-damage|p1a: Jack|71/100|[from] Recoil
|
|-heal|p1a: Jack|77/100|[from] Grassy Terrain
|upkeep
|turn|2
|
|t:|1743851239
|switch|p1a: Umbreon|Umbreon, M, shiny|100/100
|-terastallize|p2a: Busted Chick|Steel
|move|p2a: Busted Chick|Calm Mind|p2a: Busted Chick
|-boost|p2a: Busted Chick|spa|1
|-boost|p2a: Busted Chick|spd|1
|
|upkeep
|turn|3
|
|t:|1743851249
|move|p2a: Busted Chick|Aura Sphere|p1a: Umbreon
|-supereffective|p1a: Umbreon
|-damage|p1a: Umbreon|42/100
|move|p1a: Umbreon|Foul Play|p2a: Busted Chick
|-damage|p2a: Busted Chick|0 fnt
|faint|p2a: Busted Chick
|
|-heal|p1a: Umbreon|48/100|[from] Grassy Terrain
|-heal|p1a: Umbreon|54/100|[from] item: Leftovers
|upkeep
|
|t:|1743851254
|switch|p2a: Iron Valiant|Iron Valiant|100/100
|turn|4
|
|t:|1743851283
|-terastallize|p1a: Umbreon|Fairy
|move|p2a: Iron Valiant|Close Combat|p1a: Umbreon
|-resisted|p1a: Umbreon
|-damage|p1a: Umbreon|37/100
|-unboost|p2a: Iron Valiant|def|1
|-unboost|p2a: Iron Valiant|spd|1
|move|p1a: Umbreon|Foul Play|p2a: Iron Valiant
|-resisted|p2a: Iron Valiant
|-damage|p2a: Iron Valiant|82/100
|
|-heal|p2a: Iron Valiant|88/100|[from] Grassy Terrain
|-heal|p1a: Umbreon|43/100|[from] Grassy Terrain
|-heal|p1a: Umbreon|49/100|[from] item: Leftovers
|upkeep
|turn|5
|inactive|SIGM4 has 120 seconds left.
|
|t:|1743851300
|move|p1a: Umbreon|Protect|p1a: Umbreon
|-singleturn|p1a: Umbreon|Protect
|move|p2a: Iron Valiant|Close Combat|p1a: Umbreon
|-activate|p1a: Umbreon|move: Protect
|
|-heal|p2a: Iron Valiant|94/100|[from] Grassy Terrain
|-heal|p1a: Umbreon|56/100|[from] Grassy Terrain
|-heal|p1a: Umbreon|62/100|[from] item: Leftovers
|-fieldend|move: Grassy Terrain
|upkeep
|turn|6
|inactive|SIGM4 has 120 seconds left.
|
|t:|1743851315
|-end|p2a: Iron Valiant|Quark Drive|[silent]
|switch|p2a: Corviknight|Corviknight, M|100/100
|move|p1a: Umbreon|Toxic|p2a: Corviknight
|-immune|p2a: Corviknight
|
|-heal|p1a: Umbreon|68/100|[from] item: Leftovers
|upkeep
|turn|7
|inactive|SIGM4 has 120 seconds left.
|
|t:|1743851344
|switch|p2a: Gholdengo|Gholdengo|100/100
|-item|p2a: Gholdengo|Air Balloon
|switch|p1a: bite-de-fer|Iron Moth|100/100
|
|upkeep
|turn|8
|
|t:|1743851354
|move|p1a: bite-de-fer|Overheat|p2a: Gholdengo
|-supereffective|p2a: Gholdengo
|-damage|p2a: Gholdengo|0 fnt
|-unboost|p1a: bite-de-fer|spa|2
|-enditem|p2a: Gholdengo|Air Balloon
|faint|p2a: Gholdengo
|
|upkeep
|
|t:|1743851382
|switch|p2a: Great Tusk|Great Tusk|100/100
|turn|9
|inactive|SIGM4 has 120 seconds left.
|
|t:|1743851396
|-end|p1a: bite-de-fer|Quark Drive|[silent]
|switch|p1a: flopman|Slowking, F|100/100
|move|p2a: Great Tusk|Headlong Rush|p1a: flopman
|-damage|p1a: flopman|55/100
|-unboost|p2a: Great Tusk|def|1
|-unboost|p2a: Great Tusk|spd|1
|
|-heal|p1a: flopman|61/100|[from] item: Leftovers
|upkeep
|turn|10
|inactive|SIGM4 has 120 seconds left.
|
|t:|1743851411
|move|p2a: Great Tusk|Headlong Rush|p1a: flopman
|-damage|p1a: flopman|13/100
|-unboost|p2a: Great Tusk|def|1
|-unboost|p2a: Great Tusk|spd|1
|move|p1a: flopman|Slack Off|p1a: flopman
|-heal|p1a: flopman|63/100
|
|-heal|p1a: flopman|69/100|[from] item: Leftovers
|upkeep
|turn|11
|inactive|SIGM4 has 120 seconds left.
|
|t:|1743851421
|-end|p2a: Great Tusk|Protosynthesis|[silent]
|switch|p2a: Samurott|Samurott-Hisui, F|100/100
|move|p1a: flopman|Scald|p2a: Samurott
|-resisted|p2a: Samurott
|-damage|p2a: Samurott|81/100
|
|-heal|p1a: flopman|75/100|[from] item: Leftovers
|upkeep
|turn|12
|inactive|SIGM4 has 120 seconds left.
|
|t:|1743851440
|switch|p1a: Umbreon|Umbreon, M, shiny, tera:Fairy|68/100
|move|p2a: Samurott|Ceaseless Edge|p1a: Umbreon
|-resisted|p1a: Umbreon
|-damage|p1a: Umbreon|54/100
|-sidestart|p1: SIGM4|Spikes
|
|-heal|p1a: Umbreon|60/100|[from] item: Leftovers
|upkeep
|turn|13
|
|t:|1743851454
|move|p2a: Samurott|Aqua Cutter|p1a: Umbreon
|-damage|p1a: Umbreon|26/100
|move|p1a: Umbreon|Wish|p1a: Umbreon
|
|-heal|p1a: Umbreon|32/100|[from] item: Leftovers
|upkeep
|turn|14
|
|t:|1743851465
|move|p1a: Umbreon|Protect|p1a: Umbreon
|-singleturn|p1a: Umbreon|Protect
|move|p2a: Samurott|Aqua Cutter|p1a: Umbreon
|-activate|p1a: Umbreon|move: Protect
|
|-heal|p1a: Umbreon|82/100|[from] move: Wish|[wisher] Umbreon
|-heal|p1a: Umbreon|88/100|[from] item: Leftovers
|upkeep
|turn|15
|
|t:|1743851477
|move|p2a: Samurott|Aqua Cutter|p1a: Umbreon
|-damage|p1a: Umbreon|57/100
|move|p1a: Umbreon|Foul Play|p2a: Samurott
|-resisted|p2a: Samurott
|-damage|p2a: Samurott|53/100
|
|-heal|p1a: Umbreon|63/100|[from] item: Leftovers
|upkeep
|turn|16
|
|t:|1743851488
|move|p2a: Samurott|Aqua Cutter|p1a: Umbreon
|-damage|p1a: Umbreon|33/100
|move|p1a: Umbreon|Toxic|p2a: Samurott
|-status|p2a: Samurott|tox
|
|-heal|p1a: Umbreon|39/100|[from] item: Leftovers
|-damage|p2a: Samurott|47/100 tox|[from] psn
|upkeep
|turn|17
|
|t:|1743851498
|move|p1a: Umbreon|Protect|p1a: Umbreon
|-singleturn|p1a: Umbreon|Protect
|move|p2a: Samurott|Aqua Cutter|p1a: Umbreon
|-activate|p1a: Umbreon|move: Protect
|
|-heal|p1a: Umbreon|45/100|[from] item: Leftovers
|-damage|p2a: Samurott|34/100 tox|[from] psn
|upkeep
|turn|18
|
|t:|1743851509
|move|p2a: Samurott|Ceaseless Edge|p1a: Umbreon
|-resisted|p1a: Umbreon
|-damage|p1a: Umbreon|30/100
|-sidestart|p1: SIGM4|Spikes
|move|p1a: Umbreon|Wish|p1a: Umbreon
|
|-heal|p1a: Umbreon|36/100|[from] item: Leftovers
|-damage|p2a: Samurott|15/100 tox|[from] psn
|upkeep
|turn|19
|
|t:|1743851523
|move|p1a: Umbreon|Protect|p1a: Umbreon
|-singleturn|p1a: Umbreon|Protect
|move|p2a: Samurott|Ceaseless Edge|p1a: Umbreon
|-activate|p1a: Umbreon|move: Protect
|
|-heal|p1a: Umbreon|86/100|[from] move: Wish|[wisher] Umbreon
|-heal|p1a: Umbreon|92/100|[from] item: Leftovers
|-damage|p2a: Samurott|0 fnt|[from] psn
|faint|p2a: Samurott
|upkeep
|
|t:|1743851538
|switch|p2a: Iron Valiant|Iron Valiant|94/100
|turn|20
|
|t:|1743851553
|move|p2a: Iron Valiant|Close Combat|p1a: Umbreon
|-resisted|p1a: Umbreon
|-damage|p1a: Umbreon|75/100
|-unboost|p2a: Iron Valiant|def|1
|-unboost|p2a: Iron Valiant|spd|1
|move|p1a: Umbreon|Toxic|p2a: Iron Valiant
|-status|p2a: Iron Valiant|tox
|
|-heal|p1a: Umbreon|81/100|[from] item: Leftovers
|-damage|p2a: Iron Valiant|88/100 tox|[from] psn
|upkeep
|turn|21
|-message|ILikeCharizardOP forfeited.
|
|win|SIGM4
|raw|SIGM4's rating: 1219 &rarr; <strong>1246</strong><br />(+27 for winning)
|raw|ILikeCharizardOP's rating: 1246 &rarr; <strong>1219</strong><br />(-27 for losing)
|l|☆ILikeCharizardOP
|player|p2|
|l|☆SIGM4
|player|p1|
