|j|☆Johnnytravs1
|j|☆fatherluis
|t:|1743918029
|gametype|singles
|player|p1|Johnnytravs1|266|1193
|player|p2|fatherluis|medium|1170
|teamsize|p1|6
|teamsize|p2|6
|gen|9
|tier|[Gen 9] OU
|rated|
|rule|HP Percentage Mod: HP is shown in percentages
|rule|Endless Battle Clause: Forcing endless battles is banned
|rule|Species Clause: Limit one of each Pokémon
|rule|OHKO Clause: OHKO moves are banned
|rule|Evasion Items Clause: Evasion items are banned
|rule|Evasion Moves Clause: Evasion moves are banned
|rule|Sleep Moves Clause: Sleep-inducing moves are banned
|clearpoke
|poke|p1|Misdreavus, F|
|poke|p1|Primarina, F|
|poke|p1|Weavile, F|
|poke|p1|Cinderace, F|
|poke|p1|Corviknight, M|
|poke|p1|Gurdurr, M|
|poke|p2|Raging Bolt|
|poke|p2|Kingambit, M|
|poke|p2|Ogerpon-Wellspring, F|
|poke|p2|Ting-Lu|
|poke|p2|Great Tusk|
|poke|p2|Moltres|
|teampreview
|
|t:|1743918055
|start
|switch|p1a: Misdreavus|Misdreavus, F|100/100
|switch|p2a: Moltres|Moltres|100/100
|turn|1
|
|t:|1743918064
|move|p1a: Misdreavus|Calm Mind|p1a: Misdreavus
|-boost|p1a: Misdreavus|spa|1
|-boost|p1a: Misdreavus|spd|1
|move|p2a: Moltres|U-turn|p1a: Misdreavus
|-resisted|p1a: Misdreavus
|-damage|p1a: Misdreavus|92/100
|
|t:|1743918067
|switch|p2a: Kingambit|Kingambit, M|100/100|[from] U-turn
|
|upkeep
|turn|2
|
|t:|1743918072
|move|p1a: Misdreavus|Will-O-Wisp|p2a: Kingambit|[miss]
|-miss|p1a: Misdreavus|p2a: Kingambit
|move|p2a: Kingambit|Kowtow Cleave|p1a: Misdreavus
|-supereffective|p1a: Misdreavus
|-damage|p1a: Misdreavus|0 fnt
|faint|p1a: Misdreavus
|
|upkeep
|
|t:|1743918077
|switch|p1a: Corviknight|Corviknight, M|100/100
|-ability|p1a: Corviknight|Pressure
|turn|3
|c|☆fatherluis|sorry
|
|t:|1743918085
|-end|p2a: Kingambit|fallenundefined|[silent]
|switch|p2a: Moltres|Moltres|100/100
|move|p1a: Corviknight|Bulk Up|p1a: Corviknight
|-boost|p1a: Corviknight|atk|1
|-boost|p1a: Corviknight|def|1
|
|upkeep
|turn|4
|
|t:|1743918090
|switch|p1a: Primarina|Primarina, F|100/100
|move|p2a: Moltres|Flamethrower|p1a: Primarina
|-resisted|p1a: Primarina
|-damage|p1a: Primarina|86/100
|
|-heal|p1a: Primarina|92/100|[from] item: Leftovers
|upkeep
|turn|5
|
|t:|1743918098
|move|p2a: Moltres|U-turn|p1a: Primarina
|-resisted|p1a: Primarina
|-damage|p1a: Primarina|83/100
|
|t:|1743918101
|switch|p2a: Ogerpon|Ogerpon-Wellspring, F|100/100|[from] U-turn
|move|p1a: Primarina|Calm Mind|p1a: Primarina
|-boost|p1a: Primarina|spa|1
|-boost|p1a: Primarina|spd|1
|
|-heal|p1a: Primarina|89/100|[from] item: Leftovers
|upkeep
|turn|6
|
|t:|1743918108
|-terastallize|p1a: Primarina|Grass
|move|p2a: Ogerpon|U-turn|p1a: Primarina
|-supereffective|p1a: Primarina
|-damage|p1a: Primarina|13/100
|
|t:|1743918123
|switch|p2a: Moltres|Moltres|100/100|[from] U-turn
|move|p1a: Primarina|Draining Kiss|p2a: Moltres
|-resisted|p2a: Moltres
|-damage|p2a: Moltres|86/100
|-heal|p1a: Primarina|27/100|[from] drain|[of] p2a: Moltres
|
|-heal|p1a: Primarina|33/100|[from] item: Leftovers
|upkeep
|turn|7
|
|t:|1743918128
|move|p2a: Moltres|Flamethrower|p1a: Primarina
|-supereffective|p1a: Primarina
|-damage|p1a: Primarina|0 fnt
|faint|p1a: Primarina
|
|upkeep
|
|t:|1743918132
|switch|p1a: Weavile|Weavile, F|100/100
|-ability|p1a: Weavile|Pressure
|turn|8
|
|t:|1743918137
|move|p1a: Weavile|Fake Out|p2a: Moltres
|-damage|p2a: Moltres|70/100
|-damage|p1a: Weavile|91/100|[from] item: Life Orb
|cant|p2a: Moltres|flinch
|
|upkeep
|turn|9
|
|t:|1743918139
|move|p1a: Weavile|Knock Off|p2a: Moltres
|-damage|p2a: Moltres|10/100
|-status|p1a: Weavile|brn|[from] ability: Flame Body|[of] p2a: Moltres
|-enditem|p2a: Moltres|Heavy-Duty Boots|[from] move: Knock Off|[of] p1a: Weavile
|-damage|p1a: Weavile|81/100 brn|[from] item: Life Orb
|move|p2a: Moltres|Flamethrower|p1a: Weavile
|-supereffective|p1a: Weavile
|-damage|p1a: Weavile|0 fnt
|faint|p1a: Weavile
|
|upkeep
|
|t:|1743918143
|switch|p1a: Gurdurr|Gurdurr, M|100/100
|turn|10
|
|t:|1743918159
|move|p1a: Gurdurr|Mach Punch|p2a: Moltres
|-resisted|p2a: Moltres
|-damage|p2a: Moltres|0 fnt
|faint|p2a: Moltres
|
|upkeep
|
|t:|1743918182
|switch|p2a: Ogerpon|Ogerpon-Wellspring, F|100/100
|turn|11
|
|t:|1743918185
|move|p2a: Ogerpon|Swords Dance|p2a: Ogerpon
|-boost|p2a: Ogerpon|atk|2
|move|p1a: Gurdurr|Bulk Up|p1a: Gurdurr
|-boost|p1a: Gurdurr|atk|1
|-boost|p1a: Gurdurr|def|1
|
|upkeep
|turn|12
|
|t:|1743918190
|move|p2a: Ogerpon|Swords Dance|p2a: Ogerpon
|-boost|p2a: Ogerpon|atk|2
|move|p1a: Gurdurr|Drain Punch|p2a: Ogerpon
|-damage|p2a: Ogerpon|18/100
|
|upkeep
|turn|13
|
|t:|1743918196
|move|p1a: Gurdurr|Mach Punch|p2a: Ogerpon
|-damage|p2a: Ogerpon|0 fnt
|faint|p2a: Ogerpon
|
|upkeep
|inactive|Battle timer is ON: inactive players will automatically lose when time's up. (requested by Johnnytravs1)
|
|t:|1743918201
|switch|p2a: Raging Bolt|Raging Bolt|100/100
|-enditem|p2a: Raging Bolt|Booster Energy
|-activate|p2a: Raging Bolt|ability: Protosynthesis|[fromitem]
|-start|p2a: Raging Bolt|protosynthesisspa
|turn|14
|
|t:|1743918205
|move|p2a: Raging Bolt|Thunderbolt|p1a: Gurdurr
|-damage|p1a: Gurdurr|6/100
|move|p1a: Gurdurr|Ice Punch|p2a: Raging Bolt
|-supereffective|p2a: Raging Bolt
|-damage|p2a: Raging Bolt|29/100
|
|upkeep
|turn|15
|
|t:|1743918210
|move|p2a: Raging Bolt|Thunderclap|p1a: Gurdurr
|-damage|p1a: Gurdurr|0 fnt
|faint|p1a: Gurdurr
|
|upkeep
|inactive|Johnnytravs1 has 120 seconds left.
|
|t:|1743918241
|switch|p1a: Cinderace|Cinderace, F|100/100
|turn|16
|inactive|Johnnytravs1 has 120 seconds left.
|
|t:|1743918256
|-end|p2a: Raging Bolt|Protosynthesis|[silent]
|switch|p2a: Ting-Lu|Ting-Lu|100/100
|-ability|p2a: Ting-Lu|Vessel of Ruin
|move|p1a: Cinderace|Sucker Punch||[still]
|-fail|p1a: Cinderace
|
|upkeep
|turn|17
|
|t:|1743918263
|move|p1a: Cinderace|U-turn|p2a: Ting-Lu
|-start|p1a: Cinderace|typechange|Bug|[from] ability: Libero
|-supereffective|p2a: Ting-Lu
|-damage|p2a: Ting-Lu|72/100
|
|t:|1743918266
|switch|p1a: Corviknight|Corviknight, M|100/100|[from] U-turn
|-ability|p1a: Corviknight|Pressure
|move|p2a: Ting-Lu|Ruination|p1a: Corviknight
|-damage|p1a: Corviknight|51/100
|
|-heal|p1a: Corviknight|57/100|[from] item: Leftovers
|-heal|p2a: Ting-Lu|78/100|[from] item: Leftovers
|upkeep
|turn|18
|
|t:|1743918271
|move|p1a: Corviknight|Bulk Up|p1a: Corviknight
|-boost|p1a: Corviknight|atk|1
|-boost|p1a: Corviknight|def|1
|move|p2a: Ting-Lu|Whirlwind|p1a: Corviknight
|drag|p1a: Cinderace|Cinderace, F|100/100
|
|-heal|p2a: Ting-Lu|85/100|[from] item: Leftovers
|upkeep
|turn|19
|
|t:|1743918275
|move|p1a: Cinderace|U-turn|p2a: Ting-Lu
|-start|p1a: Cinderace|typechange|Bug|[from] ability: Libero
|-supereffective|p2a: Ting-Lu
|-damage|p2a: Ting-Lu|55/100
|
|t:|1743918277
|switch|p1a: Corviknight|Corviknight, M|57/100|[from] U-turn
|-ability|p1a: Corviknight|Pressure
|move|p2a: Ting-Lu|Ruination|p1a: Corviknight
|-damage|p1a: Corviknight|29/100
|
|-heal|p1a: Corviknight|35/100|[from] item: Leftovers
|-heal|p2a: Ting-Lu|61/100|[from] item: Leftovers
|upkeep
|turn|20
|
|t:|1743918286
|move|p1a: Corviknight|Roost|p1a: Corviknight
|-heal|p1a: Corviknight|85/100
|-singleturn|p1a: Corviknight|move: Roost
|move|p2a: Ting-Lu|Ruination|p1a: Corviknight
|-damage|p1a: Corviknight|43/100
|
|-heal|p1a: Corviknight|49/100|[from] item: Leftovers
|-heal|p2a: Ting-Lu|67/100|[from] item: Leftovers
|upkeep
|turn|21
|
|t:|1743918288
|switch|p2a: Raging Bolt|Raging Bolt|29/100
|move|p1a: Corviknight|Bulk Up|p1a: Corviknight
|-boost|p1a: Corviknight|atk|1
|-boost|p1a: Corviknight|def|1
|
|-heal|p1a: Corviknight|55/100|[from] item: Leftovers
|upkeep
|turn|22
|
|t:|1743918294
|move|p2a: Raging Bolt|Thunderbolt|p1a: Corviknight
|-supereffective|p1a: Corviknight
|-damage|p1a: Corviknight|0 fnt
|faint|p1a: Corviknight
|
|upkeep
|
|t:|1743918305
|switch|p1a: Cinderace|Cinderace, F|100/100
|turn|23
|
|t:|1743918308
|move|p1a: Cinderace|Sucker Punch||[still]
|-fail|p1a: Cinderace
|move|p2a: Raging Bolt|Calm Mind|p2a: Raging Bolt
|-boost|p2a: Raging Bolt|spa|1
|-boost|p2a: Raging Bolt|spd|1
|
|upkeep
|turn|24
|
|t:|1743918313
|move|p2a: Raging Bolt|Thunderclap|p1a: Cinderace
|-crit|p1a: Cinderace
|-damage|p1a: Cinderace|0 fnt
|faint|p1a: Cinderace
|
|win|fatherluis
|raw|Johnnytravs1's rating: 1193 &rarr; <strong>1166</strong><br />(-27 for losing)
|raw|fatherluis's rating: 1170 &rarr; <strong>1197</strong><br />(+27 for winning)
|l|☆Johnnytravs1
|player|p1|
|l|☆fatherluis
|player|p2|
