|j|☆SlashyFarty
|j|☆The hatefull 6
|t:|1743792700
|gametype|singles
|player|p1|SlashyFarty|266|1131
|player|p2|The hatefull 6|gentleman|1109
|teamsize|p1|6
|teamsize|p2|6
|gen|9
|tier|[Gen 9] OU
|rated|
|rule|HP Percentage Mod: HP is shown in percentages
|rule|Endless Battle Clause: Forcing endless battles is banned
|rule|Species Clause: Limit one of each Pokémon
|rule|OHKO Clause: OHKO moves are banned
|rule|Evasion Items Clause: Evasion items are banned
|rule|Evasion Moves Clause: Evasion moves are banned
|rule|Sleep Moves Clause: Sleep-inducing moves are banned
|clearpoke
|poke|p1|Great Tusk|
|poke|p1|Kingambit, F|
|poke|p1|Primarina, M|
|poke|p1|Skeledirge, M|
|poke|p1|Spidops, F|
|poke|p1|Ting-Lu|
|poke|p2|Lokix, M|
|poke|p2|Mimikyu, M|
|poke|p2|Weezing-Galar, M|
|poke|p2|Muk-Alola, F|
|poke|p2|Rotom-Wash|
|poke|p2|Salazzle, F|
|teampreview
|
|t:|1743792716
|start
|switch|p1a: Spidops|Spidops, F|100/100
|switch|p2a: Rotom|Rotom-Wash|100/100
|turn|1
|
|t:|1743792738
|move|p2a: Rotom|Thunder Wave|p1a: Spidops
|-status|p1a: Spidops|par
|move|p1a: Spidops|Sticky Web|p2a: Rotom
|-sidestart|p2: The hatefull 6|move: Sticky Web
|
|upkeep
|turn|2
|
|t:|1743792745
|move|p2a: Rotom|Thunderbolt|p1a: Spidops
|-damage|p1a: Spidops|71/100 par
|cant|p1a: Spidops|par
|
|upkeep
|turn|3
|
|t:|1743792751
|move|p2a: Rotom|Hydro Pump|p1a: Spidops
|-damage|p1a: Spidops|32/100 par
|move|p1a: Spidops|Toxic Spikes|p2a: Rotom
|-sidestart|p2: The hatefull 6|move: Toxic Spikes
|
|upkeep
|turn|4
|
|t:|1743792757
|cant|p1a: Spidops|par
|move|p2a: Rotom|Thunderbolt|p1a: Spidops
|-damage|p1a: Spidops|1/100 par
|
|upkeep
|turn|5
|
|t:|1743792764
|move|p1a: Spidops|Silk Trap|p1a: Spidops
|-singleturn|p1a: Spidops|Protect
|move|p2a: Rotom|Thunderbolt|p1a: Spidops
|-activate|p1a: Spidops|move: Protect
|
|upkeep
|turn|6
|inactive|Battle timer is ON: inactive players will automatically lose when time's up. (requested by The hatefull 6)
|
|t:|1743792815
|switch|p1a: Ting-Lu|Ting-Lu|100/100
|-ability|p1a: Ting-Lu|Vessel of Ruin
|move|p2a: Rotom|Thunderbolt|p1a: Ting-Lu
|-immune|p1a: Ting-Lu
|
|upkeep
|turn|7
|
|t:|1743792845
|switch|p2a: Salazzle|Salazzle, F|100/100
|-sideend|p2: The hatefull 6|move: Toxic Spikes|[of] p2a: Salazzle
|-terastallize|p1a: Ting-Lu|Ghost
|move|p1a: Ting-Lu|Stealth Rock|p2a: Salazzle
|-sidestart|p2: The hatefull 6|move: Stealth Rock
|
|upkeep
|turn|8
|
|t:|1743792853
|move|p2a: Salazzle|Encore|p1a: Ting-Lu
|-start|p1a: Ting-Lu|Encore
|move|p1a: Ting-Lu|Stealth Rock||[still]
|-fail|p1a: Ting-Lu
|
|upkeep
|turn|9
|
|t:|1743792863
|switch|p1a: Great Tusk|Great Tusk|100/100
|move|p2a: Salazzle|Toxic|p1a: Great Tusk
|-status|p1a: Great Tusk|tox
|
|-damage|p1a: Great Tusk|94/100 tox|[from] psn
|upkeep
|turn|10
|
|t:|1743792871
|-terastallize|p2a: Salazzle|Flying
|move|p2a: Salazzle|Flamethrower|p1a: Great Tusk
|-damage|p1a: Great Tusk|49/100 tox
|move|p1a: Great Tusk|Roar|p2a: Salazzle
|drag|p2a: Rotom|Rotom-Wash|100/100
|-damage|p2a: Rotom|88/100|[from] Stealth Rock
|
|-damage|p1a: Great Tusk|37/100 tox|[from] psn
|upkeep
|turn|11
|inactive|SlashyFarty has 120 seconds left.
|
|t:|1743792902
|-end|p1a: Great Tusk|Protosynthesis|[silent]
|switch|p1a: Ting-Lu|Ting-Lu, tera:Ghost|100/100
|-ability|p1a: Ting-Lu|Vessel of Ruin
|move|p2a: Rotom|Hydro Pump|p1a: Ting-Lu
|-damage|p1a: Ting-Lu|81/100
|
|-heal|p1a: Ting-Lu|87/100|[from] item: Leftovers
|upkeep
|turn|12
|
|t:|1743792914
|switch|p2a: Salazzle|Salazzle, F, tera:Flying|100/100
|move|p1a: Ting-Lu|Spikes|p2a: Salazzle
|-sidestart|p2: The hatefull 6|Spikes
|
|-heal|p1a: Ting-Lu|94/100|[from] item: Leftovers
|upkeep
|turn|13
|
|t:|1743792922
|switch|p1a: Skeledirge|Skeledirge, M|100/100
|move|p2a: Salazzle|Toxic|p1a: Skeledirge
|-status|p1a: Skeledirge|tox
|
|-damage|p1a: Skeledirge|94/100 tox|[from] psn
|upkeep
|turn|14
|
|t:|1743792931
|switch|p2a: Muk|Muk-Alola, F|100/100
|-activate|p2a: Muk|move: Sticky Web
|-unboost|p2a: Muk|spe|1
|-damage|p2a: Muk|88/100|[from] Stealth Rock
|-damage|p2a: Muk|76/100|[from] Spikes
|move|p1a: Skeledirge|Torch Song|p2a: Muk
|-damage|p2a: Muk|60/100
|-boost|p1a: Skeledirge|spa|1
|
|-damage|p1a: Skeledirge|82/100 tox|[from] psn
|upkeep
|turn|15
|inactive|SlashyFarty has 120 seconds left.
|
|t:|1743792979
|switch|p1a: Primarina|Primarina, M|100/100
|move|p2a: Muk|Knock Off|p1a: Primarina
|-resisted|p1a: Primarina
|-damage|p1a: Primarina|67/100
|-status|p1a: Primarina|psn|[from] ability: Poison Touch|[of] p2a: Muk
|-enditem|p1a: Primarina|Throat Spray|[from] move: Knock Off|[of] p2a: Muk
|
|-damage|p1a: Primarina|54/100 psn|[from] psn
|upkeep
|turn|16
|
|t:|1743792990
|move|p1a: Primarina|Hyper Voice|p2a: Muk
|-damage|p2a: Muk|37/100
|move|p2a: Muk|Poison Jab|p1a: Primarina
|-supereffective|p1a: Primarina
|-damage|p1a: Primarina|0 fnt
|faint|p1a: Primarina
|
|upkeep
|
|t:|1743792995
|switch|p1a: Ting-Lu|Ting-Lu, tera:Ghost|94/100
|-ability|p1a: Ting-Lu|Vessel of Ruin
|turn|17
|
|t:|1743793018
|move|p2a: Muk|Knock Off|p1a: Ting-Lu
|-supereffective|p1a: Ting-Lu
|-damage|p1a: Ting-Lu|49/100
|-enditem|p1a: Ting-Lu|Leftovers|[from] move: Knock Off|[of] p2a: Muk
|move|p1a: Ting-Lu|Whirlwind|p2a: Muk
|drag|p2a: Mimikyu|Mimikyu, M|100/100
|-activate|p2a: Mimikyu|move: Sticky Web
|-unboost|p2a: Mimikyu|spe|1
|-damage|p2a: Mimikyu|88/100|[from] Stealth Rock
|-damage|p2a: Mimikyu|76/100|[from] Spikes
|
|upkeep
|turn|18
|
|t:|1743793030
|move|p2a: Mimikyu|Swords Dance|p2a: Mimikyu
|-boost|p2a: Mimikyu|atk|2
|move|p1a: Ting-Lu|Earthquake|p2a: Mimikyu
|-activate|p2a: Mimikyu|ability: Disguise
|-damage|p2a: Mimikyu|76/100
|detailschange|p2a: Mimikyu|Mimikyu-Busted, M
|-damage|p2a: Mimikyu|64/100|[from] pokemon: Mimikyu-Busted
|
|upkeep
|turn|19
|
|t:|1743793039
|move|p2a: Mimikyu|Shadow Sneak|p1a: Ting-Lu
|-supereffective|p1a: Ting-Lu
|-damage|p1a: Ting-Lu|12/100
|-damage|p2a: Mimikyu|54/100|[from] item: Life Orb
|move|p1a: Ting-Lu|Whirlwind|p2a: Mimikyu
|drag|p2a: Weezing|Weezing-Galar, M|100/100
|-damage|p2a: Weezing|88/100|[from] Stealth Rock
|
|upkeep
|turn|20
|inactive|SlashyFarty has 120 seconds left.
|
|t:|1743793049
|move|p2a: Weezing|Defog|p1a: Ting-Lu
|-unboost|p1a: Ting-Lu|evasion|1
|-sideend|p2: The hatefull 6|Spikes|[from] move: Defog|[of] p2a: Weezing
|-sideend|p2: The hatefull 6|Stealth Rock|[from] move: Defog|[of] p2a: Weezing
|-sideend|p2: The hatefull 6|Sticky Web|[from] move: Defog|[of] p2a: Weezing
|move|p1a: Ting-Lu|Spikes|p2a: Weezing
|-sidestart|p2: The hatefull 6|Spikes
|
|upkeep
|turn|21
|
|t:|1743793056
|move|p2a: Weezing|Strange Steam|p1a: Ting-Lu
|-damage|p1a: Ting-Lu|0 fnt
|faint|p1a: Ting-Lu
|
|upkeep
|
|t:|1743793067
|switch|p1a: Skeledirge|Skeledirge, M|82/100 tox
|turn|22
|
|t:|1743793075
|switch|p2a: Muk|Muk-Alola, F|37/100
|-damage|p2a: Muk|25/100|[from] Spikes
|move|p1a: Skeledirge|Torch Song|p2a: Muk
|-damage|p2a: Muk|8/100
|-boost|p1a: Skeledirge|spa|1
|
|-damage|p1a: Skeledirge|75/100 tox|[from] psn
|upkeep
|turn|23
|
|t:|1743793086
|switch|p1a: Spidops|Spidops, F|1/100 par
|move|p2a: Muk|Knock Off|p1a: Spidops
|-damage|p1a: Spidops|0 fnt
|-enditem|p1a: Spidops|Focus Sash|[from] move: Knock Off|[of] p2a: Muk
|faint|p1a: Spidops
|
|upkeep
|
|t:|1743793087
|switch|p1a: Great Tusk|Great Tusk|37/100 tox
|turn|24
|
|t:|1743793098
|switch|p2a: Rotom|Rotom-Wash|88/100
|move|p1a: Great Tusk|Close Combat|p2a: Rotom
|-damage|p2a: Rotom|44/100
|-unboost|p1a: Great Tusk|def|1
|-unboost|p1a: Great Tusk|spd|1
|
|-damage|p1a: Great Tusk|30/100 tox|[from] psn
|upkeep
|turn|25
|
|t:|1743793114
|move|p2a: Rotom|Hydro Pump|p1a: Great Tusk
|-supereffective|p1a: Great Tusk
|-damage|p1a: Great Tusk|0 fnt
|faint|p1a: Great Tusk
|-end|p1a: Great Tusk|Protosynthesis|[silent]
|
|upkeep
|
|t:|1743793116
|switch|p1a: Skeledirge|Skeledirge, M|75/100 tox
|turn|26
|
|t:|1743793122
|move|p2a: Rotom|Hydro Pump|p1a: Skeledirge
|-supereffective|p1a: Skeledirge
|-damage|p1a: Skeledirge|12/100 tox
|move|p1a: Skeledirge|Torch Song|p2a: Rotom
|-resisted|p2a: Rotom
|-damage|p2a: Rotom|30/100
|-boost|p1a: Skeledirge|spa|1
|
|-damage|p1a: Skeledirge|6/100 tox|[from] psn
|upkeep
|turn|27
|
|t:|1743793132
|move|p2a: Rotom|Hydro Pump|p1a: Skeledirge
|-supereffective|p1a: Skeledirge
|-damage|p1a: Skeledirge|0 fnt
|faint|p1a: Skeledirge
|
|upkeep
|
|t:|1743793135
|switch|p1a: Kingambit|Kingambit, F|100/100
|-activate|p1a: Kingambit|ability: Supreme Overlord
|-start|p1a: Kingambit|fallen5|[silent]
|turn|28
|
|t:|1743793141
|move|p1a: Kingambit|Sucker Punch||[still]
|-fail|p1a: Kingambit
|move|p2a: Rotom|Will-O-Wisp|p1a: Kingambit
|-status|p1a: Kingambit|brn
|
|-damage|p1a: Kingambit|94/100 brn|[from] brn
|upkeep
|turn|29
|-message|SlashyFarty forfeited.
|
|win|The hatefull 6
|raw|SlashyFarty's rating: 1131 &rarr; <strong>1104</strong><br />(-27 for losing)
|raw|The hatefull 6's rating: 1109 &rarr; <strong>1136</strong><br />(+27 for winning)
|l|☆SlashyFarty
|player|p1|
