|j|☆AegislashIsTheGoat
|j|☆FiiLLiPp
|t:|1743846903
|gametype|singles
|player|p1|AegislashIsTheGoat|265|1111
|player|p2|FiiLLiPp|hiker-gen4|1097
|teamsize|p1|6
|teamsize|p2|6
|gen|9
|tier|[Gen 9] OU
|rated|
|rule|HP Percentage Mod: HP is shown in percentages
|rule|Endless Battle Clause: Forcing endless battles is banned
|rule|Species Clause: Limit one of each Pokémon
|rule|OHKO Clause: OHKO moves are banned
|rule|Evasion Items Clause: Evasion items are banned
|rule|Evasion Moves Clause: Evasion moves are banned
|rule|Sleep Moves Clause: Sleep-inducing moves are banned
|clearpoke
|poke|p1|Kingambit, F|
|poke|p1|Dondozo, F|
|poke|p1|Dragapult, F|
|poke|p1|Raging Bolt|
|poke|p1|Ogerpon-Wellspring, F|
|poke|p1|Iron Valiant|
|poke|p2|Hydreigon, M|
|poke|p2|Charizard, M|
|poke|p2|Gliscor, M|
|poke|p2|Heracross, F|
|poke|p2|Glalie, M|
|poke|p2|Lanturn, M|
|teampreview
|inactive|Battle timer is ON: inactive players will automatically lose when time's up. (requested by AegislashIsTheGoat)
|
|t:|1743846938
|start
|switch|p1a: Iron Valiant|Iron Valiant|100/100
|switch|p2a: Hydreigon|Hydreigon, M|100/100
|-enditem|p1a: Iron Valiant|Booster Energy
|-activate|p1a: Iron Valiant|ability: Quark Drive|[fromitem]
|-start|p1a: Iron Valiant|quarkdrivespe
|turn|1
|
|t:|1743846947
|move|p1a: Iron Valiant|Moonblast|p2a: Hydreigon
|-supereffective|p2a: Hydreigon
|-damage|p2a: Hydreigon|0 fnt
|faint|p2a: Hydreigon
|
|upkeep
|
|t:|1743846968
|switch|p2a: Charizard|Charizard, M, shiny|100/100
|turn|2
|
|t:|1743846987
|-end|p1a: Iron Valiant|Quark Drive|[silent]
|switch|p1a: Dondozo|Dondozo, F|100/100
|move|p2a: Charizard|Earthquake|p1a: Dondozo
|-damage|p1a: Dondozo|90/100
|
|-heal|p1a: Dondozo|96/100|[from] item: Leftovers
|upkeep
|turn|3
|
|t:|1743846999
|move|p2a: Charizard|Outrage|p1a: Dondozo
|-damage|p1a: Dondozo|85/100
|move|p1a: Dondozo|Waterfall|p2a: Charizard
|-supereffective|p2a: Charizard
|-damage|p2a: Charizard|21/100
|
|-heal|p1a: Dondozo|91/100|[from] item: Leftovers
|upkeep
|turn|4
|
|t:|1743847010
|move|p2a: Charizard|Outrage|p1a: Dondozo|[from] lockedmove
|-damage|p1a: Dondozo|78/100
|-start|p2a: Charizard|confusion|[fatigue]
|move|p1a: Dondozo|Waterfall|p2a: Charizard
|-supereffective|p2a: Charizard
|-damage|p2a: Charizard|0 fnt
|faint|p2a: Charizard
|
|-heal|p1a: Dondozo|85/100|[from] item: Leftovers
|upkeep
|inactive|FiiLLiPp has 120 seconds left.
|
|t:|1743847025
|switch|p2a: Lanturn|Lanturn, M, shiny|100/100
|turn|5
|
|t:|1743847033
|switch|p1a: Ogerpon|Ogerpon-Wellspring, F|100/100
|move|p2a: Lanturn|Thunder|p1a: Ogerpon
|-damage|p1a: Ogerpon|50/100
|
|upkeep
|turn|6
|
|t:|1743847041
|-terastallize|p1a: Ogerpon|Water
|detailschange|p1a: Ogerpon|Ogerpon-Wellspring-Tera, F, tera:Water
|-ability|p1a: Ogerpon|Embody Aspect (Wellspring)|boost
|-boost|p1a: Ogerpon|spd|1
|move|p1a: Ogerpon|Horn Leech|p2a: Lanturn
|-supereffective|p2a: Lanturn
|-damage|p2a: Lanturn|0 fnt
|-heal|p1a: Ogerpon|100/100|[from] drain|[of] p2a: Lanturn
|faint|p2a: Lanturn
|
|upkeep
|
|t:|1743847060
|switch|p2a: Heracross|Heracross, F, shiny|100/100
|turn|7
|
|t:|1743847070
|move|p1a: Ogerpon|Play Rough|p2a: Heracross
|-supereffective|p2a: Heracross
|-damage|p2a: Heracross|16/100
|move|p2a: Heracross|Giga Impact|p1a: Ogerpon
|-damage|p1a: Ogerpon|28/100
|-mustrecharge|p2a: Heracross
|
|-heal|p2a: Heracross|22/100|[from] item: Leftovers
|upkeep
|turn|8
|
|t:|1743847078
|move|p1a: Ogerpon|Swords Dance|p1a: Ogerpon
|-boost|p1a: Ogerpon|atk|2
|cant|p2a: Heracross|recharge
|
|-heal|p2a: Heracross|29/100|[from] item: Leftovers
|upkeep
|turn|9
|
|t:|1743847093
|move|p1a: Ogerpon|Ivy Cudgel|p2a: Heracross|[anim] Ivy Cudgel Water
|-damage|p2a: Heracross|0 fnt
|faint|p2a: Heracross
|
|upkeep
|
|t:|1743847100
|switch|p2a: Gliscor|Gliscor, M, shiny|100/100
|turn|10
|
|t:|1743847106
|move|p1a: Ogerpon|Horn Leech|p2a: Gliscor
|-damage|p2a: Gliscor|41/100
|-heal|p1a: Ogerpon|57/100|[from] drain|[of] p2a: Gliscor
|move|p2a: Gliscor|Giga Impact|p1a: Ogerpon
|-damage|p1a: Ogerpon|0 fnt
|-mustrecharge|p2a: Gliscor
|faint|p1a: Ogerpon
|
|upkeep
|
|t:|1743847117
|switch|p1a: Dragapult|Dragapult, F|100/100
|turn|11
|
|t:|1743847120
|move|p1a: Dragapult|Dragon Darts|p2a: Gliscor
|-damage|p2a: Gliscor|10/100
|-anim|p1a: Dragapult|Dragon Darts|p2a: Gliscor
|-damage|p2a: Gliscor|0 fnt
|faint|p2a: Gliscor
|
|upkeep
|
|t:|1743847125
|switch|p2a: Glalie|Glalie, M, shiny|100/100
|turn|12
|
|t:|1743847142
|-terastallize|p2a: Glalie|Fire
|move|p1a: Dragapult|Dragon Darts|p2a: Glalie
|-damage|p2a: Glalie|53/100
|-anim|p1a: Dragapult|Dragon Darts|p2a: Glalie
|-damage|p2a: Glalie|3/100
|move|p2a: Glalie|Dark Pulse|p1a: Dragapult
|-supereffective|p1a: Dragapult
|-damage|p1a: Dragapult|41/100
|
|upkeep
|turn|13
|
|t:|1743847153
|move|p1a: Dragapult|Dragon Darts|p2a: Glalie
|-damage|p2a: Glalie|0 fnt
|faint|p2a: Glalie
|
|win|AegislashIsTheGoat
|raw|AegislashIsTheGoat's rating: 1111 &rarr; <strong>1135</strong><br />(+24 for winning)
|raw|FiiLLiPp's rating: 1097 &rarr; <strong>1073</strong><br />(-24 for losing)
|l|☆FiiLLiPp
|player|p2|
|l|☆AegislashIsTheGoat
|player|p1|
