|j|☆boi678i
|j|☆zast3133
|t:|1743860926
|gametype|singles
|player|p1|boi678i|pokemonbreederf|1137
|player|p2|zast3133|hilbert-wonderlauncher|1153
|teamsize|p1|6
|teamsize|p2|6
|gen|9
|tier|[Gen 9] OU
|rated|
|rule|HP Percentage Mod: HP is shown in percentages
|rule|Endless Battle Clause: Forcing endless battles is banned
|rule|Species Clause: Limit one of each Pokémon
|rule|OHKO Clause: OHKO moves are banned
|rule|Evasion Items Clause: Evasion items are banned
|rule|Evasion Moves Clause: Evasion moves are banned
|rule|Sleep Moves Clause: Sleep-inducing moves are banned
|clearpoke
|poke|p1|Decidueye, F|
|poke|p1|Skuntank, F|
|poke|p1|Arcanine, M|
|poke|p1|Tauros-Paldea-Aqua, M|
|poke|p1|Toxtricity, F|
|poke|p1|Smeargle, M|
|poke|p2|Torkoal, M|
|poke|p2|Hatterene, F|
|poke|p2|Iron Moth|
|poke|p2|Dondozo, M|
|poke|p2|Venusaur, F|
|poke|p2|Great Tusk|
|teampreview
|inactive|Battle timer is ON: inactive players will automatically lose when time's up. (requested by zast3133)
|
|t:|1743860934
|start
|switch|p1a: Smeargle|Smeargle, M|100/100
|switch|p2a: Torkoal|Torkoal, M, shiny|100/100
|-weather|SunnyDay|[from] ability: Drought|[of] p2a: Torkoal
|turn|1
|
|t:|1743860953
|move|p1a: Smeargle|Sticky Web|p2a: Torkoal
|-sidestart|p2: zast3133|move: Sticky Web
|move|p2a: Torkoal|Rapid Spin|p1a: Smeargle
|-damage|p1a: Smeargle|73/100
|-boost|p2a: Torkoal|spe|1
|-sideend|p2: zast3133|Sticky Web|[from] move: Rapid Spin|[of] p2a: Torkoal
|
|-weather|SunnyDay|[upkeep]
|upkeep
|turn|2
|
|t:|1743860961
|move|p1a: Smeargle|Silk Trap|p1a: Smeargle
|-singleturn|p1a: Smeargle|Protect
|move|p2a: Torkoal|Lava Plume|p1a: Smeargle
|-activate|p1a: Smeargle|move: Protect
|
|-weather|SunnyDay|[upkeep]
|upkeep
|turn|3
|
|t:|1743860975
|move|p1a: Smeargle|Sticky Web|p2a: Torkoal
|-sidestart|p2: zast3133|move: Sticky Web
|move|p2a: Torkoal|Rapid Spin|p1a: Smeargle
|-damage|p1a: Smeargle|47/100
|-boost|p2a: Torkoal|spe|1
|-sideend|p2: zast3133|Sticky Web|[from] move: Rapid Spin|[of] p2a: Torkoal
|
|-weather|SunnyDay|[upkeep]
|upkeep
|turn|4
|
|t:|1743860990
|move|p1a: Smeargle|Sticky Web|p2a: Torkoal
|-sidestart|p2: zast3133|move: Sticky Web
|move|p2a: Torkoal|Lava Plume|p1a: Smeargle
|-damage|p1a: Smeargle|0 fnt
|faint|p1a: Smeargle
|
|-weather|SunnyDay|[upkeep]
|upkeep
|
|t:|1743860997
|switch|p1a: Tauros|Tauros-Paldea-Aqua, M|100/100
|-ability|p1a: Tauros|Intimidate|boost
|-unboost|p2a: Torkoal|atk|1
|turn|5
|
|t:|1743861007
|move|p1a: Tauros|Wave Crash|p2a: Torkoal
|-supereffective|p2a: Torkoal
|-damage|p2a: Torkoal|58/100
|-damage|p1a: Tauros|84/100|[from] Recoil
|move|p2a: Torkoal|Will-O-Wisp|p1a: Tauros
|-status|p1a: Tauros|brn
|
|-weather|SunnyDay|[upkeep]
|-heal|p1a: Tauros|90/100 brn|[from] item: Leftovers
|-damage|p1a: Tauros|84/100 brn|[from] brn
|upkeep
|turn|6
|inactive|zast3133 has 120 seconds left.
|
|t:|1743861047
|switch|p2a: Venusaur|Venusaur, F, shiny|100/100
|-activate|p2a: Venusaur|move: Sticky Web
|-unboost|p2a: Venusaur|spe|1
|move|p1a: Tauros|Bulk Up|p1a: Tauros
|-boost|p1a: Tauros|atk|1
|-boost|p1a: Tauros|def|1
|
|-weather|SunnyDay|[upkeep]
|-heal|p1a: Tauros|90/100 brn|[from] item: Leftovers
|-damage|p1a: Tauros|84/100 brn|[from] brn
|upkeep
|turn|7
|
|t:|1743861065
|move|p2a: Venusaur|Growth|p2a: Venusaur
|-boost|p2a: Venusaur|atk|2
|-boost|p2a: Venusaur|spa|2
|move|p1a: Tauros|Bulk Up|p1a: Tauros
|-boost|p1a: Tauros|atk|1
|-boost|p1a: Tauros|def|1
|
|-weather|SunnyDay|[upkeep]
|-heal|p1a: Tauros|90/100 brn|[from] item: Leftovers
|-damage|p1a: Tauros|84/100 brn|[from] brn
|upkeep
|turn|8
|
|t:|1743861080
|move|p2a: Venusaur|Giga Drain|p1a: Tauros
|-supereffective|p1a: Tauros
|-damage|p1a: Tauros|0 fnt
|faint|p1a: Tauros
|
|-weather|none
|upkeep
|
|t:|1743861089
|switch|p1a: Arcanine|Arcanine, M|100/100
|-ability|p1a: Arcanine|Intimidate|boost
|-unboost|p2a: Venusaur|atk|1
|turn|9
|
|t:|1743861095
|-terastallize|p2a: Venusaur|Ground
|move|p1a: Arcanine|Flare Blitz|p2a: Venusaur
|-damage|p2a: Venusaur|9/100
|-damage|p1a: Arcanine|76/100|[from] Recoil
|move|p2a: Venusaur|Earthquake|p1a: Arcanine
|-supereffective|p1a: Arcanine
|-damage|p1a: Arcanine|0 fnt
|faint|p1a: Arcanine
|
|-heal|p2a: Venusaur|15/100|[from] item: Leftovers
|upkeep
|
|t:|1743861098
|switch|p1a: Decidueye|Decidueye, F|100/100
|turn|10
|inactive|zast3133 has 120 seconds left.
|
|t:|1743861134
|switch|p2a: Dondozo|Dondozo, M, shiny|100/100
|-activate|p2a: Dondozo|move: Sticky Web
|-unboost|p2a: Dondozo|spe|1
|move|p1a: Decidueye|Shadow Sneak|p2a: Dondozo
|-damage|p2a: Dondozo|86/100
|
|-heal|p2a: Dondozo|92/100|[from] item: Leftovers
|upkeep
|turn|11
|
|t:|1743861155
|move|p1a: Decidueye|Spirit Shackle|p2a: Dondozo
|-damage|p2a: Dondozo|61/100
|-activate|p2a: Dondozo|trapped
|move|p2a: Dondozo|Avalanche|p1a: Decidueye
|-supereffective|p1a: Decidueye
|-damage|p1a: Decidueye|0 fnt
|faint|p1a: Decidueye
|
|-heal|p2a: Dondozo|67/100|[from] item: Leftovers
|upkeep
|
|t:|1743861164
|switch|p1a: Skuntank|Skuntank, F|100/100
|turn|12
|
|t:|1743861178
|move|p1a: Skuntank|Knock Off|p2a: Dondozo
|-damage|p2a: Dondozo|34/100
|-enditem|p2a: Dondozo|Leftovers|[from] move: Knock Off|[of] p1a: Skuntank
|move|p2a: Dondozo|Liquidation|p1a: Skuntank
|-crit|p1a: Skuntank
|-damage|p1a: Skuntank|22/100
|
|upkeep
|turn|13
|
|t:|1743861191
|move|p1a: Skuntank|Sucker Punch|p2a: Dondozo
|-damage|p2a: Dondozo|9/100
|move|p2a: Dondozo|Liquidation|p1a: Skuntank
|-damage|p1a: Skuntank|0 fnt
|-damage|p2a: Dondozo|0 fnt|[from] ability: Aftermath|[of] p1a: Skuntank
|faint|p1a: Skuntank
|faint|p2a: Dondozo
|
|upkeep
|
|t:|1743861201
|switch|p1a: Toxtricity|Toxtricity, F|100/100
|switch|p2a: Torkoal|Torkoal, M, shiny|58/100
|-activate|p2a: Torkoal|move: Sticky Web
|-unboost|p2a: Torkoal|spe|1
|-weather|SunnyDay|[from] ability: Drought|[of] p2a: Torkoal
|turn|14
|
|t:|1743861225
|move|p1a: Toxtricity|Boomburst|p2a: Torkoal
|-damage|p2a: Torkoal|3/100
|-enditem|p1a: Toxtricity|Throat Spray
|-boost|p1a: Toxtricity|spa|1|[from] item: Throat Spray
|move|p2a: Torkoal|Scorching Sands|p1a: Toxtricity
|-supereffective|p1a: Toxtricity
|-damage|p1a: Toxtricity|8/100
|
|-weather|SunnyDay|[upkeep]
|upkeep
|turn|15
|
|t:|1743861235
|move|p1a: Toxtricity|Boomburst|p2a: Torkoal
|-damage|p2a: Torkoal|0 fnt
|faint|p2a: Torkoal
|
|-weather|SunnyDay|[upkeep]
|upkeep
|
|t:|1743861256
|switch|p2a: Great Tusk|Great Tusk|100/100
|-activate|p2a: Great Tusk|move: Sticky Web
|-unboost|p2a: Great Tusk|spe|1
|-activate|p2a: Great Tusk|ability: Protosynthesis
|-start|p2a: Great Tusk|protosynthesisatk
|turn|16
|inactive|zast3133 has 90 seconds left.
|
|t:|1743861276
|move|p1a: Toxtricity|Boomburst|p2a: Great Tusk
|-damage|p2a: Great Tusk|16/100
|move|p2a: Great Tusk|Close Combat|p1a: Toxtricity
|-resisted|p1a: Toxtricity
|-damage|p1a: Toxtricity|0 fnt
|-unboost|p2a: Great Tusk|def|1
|-unboost|p2a: Great Tusk|spd|1
|faint|p1a: Toxtricity
|
|win|zast3133
|raw|boi678i's rating: 1137 &rarr; <strong>1113</strong><br />(-24 for losing)
|raw|zast3133's rating: 1153 &rarr; <strong>1177</strong><br />(+24 for winning)
|l|☆boi678i
|player|p1|
|l|☆zast3133
|player|p2|
