|j|☆agtvvgc
|j|☆2(H2O)
|t:|1743781463
|gametype|singles
|player|p1|agtvvgc|hilbert|1749
|player|p2|2(H2O)|chase|1830
|teamsize|p1|6
|teamsize|p2|6
|gen|9
|tier|[Gen 9] OU
|rated|
|rule|HP Percentage Mod: HP is shown in percentages
|rule|Endless Battle Clause: Forcing endless battles is banned
|rule|Species Clause: Limit one of each Pokémon
|rule|OHKO Clause: OHKO moves are banned
|rule|Evasion Items Clause: Evasion items are banned
|rule|Evasion Moves Clause: Evasion moves are banned
|rule|Sleep Moves Clause: Sleep-inducing moves are banned
|clearpoke
|poke|p1|Great Tusk|
|poke|p1|Ceruledge, M|
|poke|p1|Kyurem|
|poke|p1|Ogerpon-Wellspring, F|
|poke|p1|Iron Valiant|
|poke|p1|Gholdengo|
|poke|p2|Typhlosion-Hisui, M|
|poke|p2|Hatterene, F|
|poke|p2|Walking Wake|
|poke|p2|Ninetales, M|
|poke|p2|Great Tusk|
|poke|p2|Kingambit, M|
|teampreview
|inactive|Battle timer is ON: inactive players will automatically lose when time's up. (requested by agtvvgc)
|j| Floppy_Bananas
|
|t:|1743781475
|start
|switch|p1a: Great Tusk|Great Tusk, shiny|100/100
|switch|p2a: Typhlosion|Typhlosion-Hisui, M|100/100
|-item|p1a: Great Tusk|Focus Sash|[from] ability: Frisk|[of] p2a: Typhlosion
|turn|1
|
|t:|1743781478
|move|p2a: Typhlosion|Eruption|p1a: Great Tusk
|-enditem|p1a: Great Tusk|Focus Sash
|-damage|p1a: Great Tusk|1/100
|move|p1a: Great Tusk|Stealth Rock|p2a: Typhlosion
|-sidestart|p2: 2(H2O)|move: Stealth Rock
|
|upkeep
|turn|2
|
|t:|1743781482
|move|p2a: Typhlosion|Eruption|p1a: Great Tusk
|-damage|p1a: Great Tusk|0 fnt
|faint|p1a: Great Tusk
|-end|p1a: Great Tusk|Protosynthesis|[silent]
|
|upkeep
|
|t:|1743781486
|switch|p1a: Ceruledge|Ceruledge, M, shiny|100/100
|turn|3
|
|t:|1743781489
|move|p2a: Typhlosion|Eruption|p1a: Ceruledge
|-resisted|p1a: Ceruledge
|-damage|p1a: Ceruledge|40/100
|move|p1a: Ceruledge|Poltergeist|p2a: Typhlosion
|-activate|p2a: Typhlosion|move: Poltergeist|Choice Specs
|-supereffective|p2a: Typhlosion
|-damage|p2a: Typhlosion|0 fnt
|faint|p2a: Typhlosion
|
|upkeep
|
|t:|1743781496
|switch|p2a: Great Tusk|Great Tusk|100/100
|-damage|p2a: Great Tusk|98/100|[from] Stealth Rock
|turn|4
|
|t:|1743781500
|move|p2a: Great Tusk|Headlong Rush|p1a: Ceruledge
|-supereffective|p1a: Ceruledge
|-damage|p1a: Ceruledge|0 fnt
|-unboost|p2a: Great Tusk|def|1
|-unboost|p2a: Great Tusk|spd|1
|faint|p1a: Ceruledge
|
|upkeep
|j| bikingtotop100
|
|t:|1743781512
|switch|p1a: Iron Valiant|Iron Valiant, shiny|100/100
|-enditem|p1a: Iron Valiant|Booster Energy
|-activate|p1a: Iron Valiant|ability: Quark Drive|[fromitem]
|-start|p1a: Iron Valiant|quarkdrivespe
|turn|5
|
|t:|1743781515
|-end|p2a: Great Tusk|Protosynthesis|[silent]
|switch|p2a: Hatterene|Hatterene, F|100/100
|-damage|p2a: Hatterene|88/100|[from] Stealth Rock
|move|p1a: Iron Valiant|Swords Dance|p1a: Iron Valiant
|-boost|p1a: Iron Valiant|atk|2
|
|upkeep
|turn|6
|
|t:|1743781521
|move|p1a: Iron Valiant|Spirit Break|p2a: Hatterene
|-damage|p2a: Hatterene|28/100
|-unboost|p2a: Hatterene|spa|1
|-enditem|p2a: Hatterene|Eject Button
|
|t:|1743781526
|switch|p2a: Ninetales|Ninetales, M|100/100
|-damage|p2a: Ninetales|76/100|[from] Stealth Rock
|-weather|SunnyDay|[from] ability: Drought|[of] p2a: Ninetales
|
|-weather|SunnyDay|[upkeep]
|upkeep
|turn|7
|
|t:|1743781530
|move|p1a: Iron Valiant|Close Combat|p2a: Ninetales
|-damage|p2a: Ninetales|0 fnt
|-unboost|p1a: Iron Valiant|def|1
|-unboost|p1a: Iron Valiant|spd|1
|faint|p2a: Ninetales
|
|-weather|SunnyDay|[upkeep]
|upkeep
|
|t:|1743781533
|switch|p2a: Great Tusk|Great Tusk|98/100
|-damage|p2a: Great Tusk|95/100|[from] Stealth Rock
|-activate|p2a: Great Tusk|ability: Protosynthesis
|-start|p2a: Great Tusk|protosynthesisspe
|turn|8
|
|t:|1743781539
|-end|p1a: Iron Valiant|Quark Drive|[silent]
|switch|p1a: Gholdengo|Gholdengo, shiny|100/100
|-item|p1a: Gholdengo|Air Balloon
|move|p2a: Great Tusk|Headlong Rush|p1a: Gholdengo
|-immune|p1a: Gholdengo
|
|-weather|SunnyDay|[upkeep]
|upkeep
|turn|9
|
|t:|1743781544
|move|p2a: Great Tusk|Stealth Rock|p1a: Gholdengo
|-sidestart|p1: agtvvgc|move: Stealth Rock
|move|p1a: Gholdengo|Shadow Ball|p2a: Great Tusk
|-damage|p2a: Great Tusk|39/100
|
|-weather|SunnyDay|[upkeep]
|upkeep
|turn|10
|
|t:|1743781548
|move|p2a: Great Tusk|Ice Spinner|p1a: Gholdengo
|-resisted|p1a: Gholdengo
|-damage|p1a: Gholdengo|90/100
|-enditem|p1a: Gholdengo|Air Balloon
|move|p1a: Gholdengo|Shadow Ball|p2a: Great Tusk
|-damage|p2a: Great Tusk|0 fnt
|faint|p2a: Great Tusk
|-end|p2a: Great Tusk|Protosynthesis|[silent]
|
|-weather|SunnyDay|[upkeep]
|upkeep
|
|t:|1743781550
|switch|p2a: Walking Wake|Walking Wake|100/100
|-damage|p2a: Walking Wake|88/100|[from] Stealth Rock
|-activate|p2a: Walking Wake|ability: Protosynthesis
|-start|p2a: Walking Wake|protosynthesisspe
|turn|11
|
|t:|1743781554
|move|p2a: Walking Wake|Flamethrower|p1a: Gholdengo
|-supereffective|p1a: Gholdengo
|-damage|p1a: Gholdengo|0 fnt
|faint|p1a: Gholdengo
|
|-weather|SunnyDay|[upkeep]
|upkeep
|
|t:|1743781557
|switch|p1a: Kyurem|Kyurem, shiny|100/100
|-damage|p1a: Kyurem|76/100|[from] Stealth Rock
|-ability|p1a: Kyurem|Pressure
|turn|12
|
|t:|1743781561
|move|p2a: Walking Wake|Flamethrower|p1a: Kyurem
|-damage|p1a: Kyurem|16/100
|-status|p1a: Kyurem|brn
|move|p1a: Kyurem|Icicle Spear|p2a: Walking Wake
|-damage|p2a: Walking Wake|81/100
|-damage|p2a: Walking Wake|74/100
|-damage|p2a: Walking Wake|66/100
|-damage|p2a: Walking Wake|59/100
|-hitcount|p2a: Walking Wake|4
|
|-weather|SunnyDay|[upkeep]
|-damage|p1a: Kyurem|10/100 brn|[from] brn
|upkeep
|turn|13
|
|t:|1743781566
|move|p2a: Walking Wake|Flamethrower|p1a: Kyurem
|-crit|p1a: Kyurem
|-damage|p1a: Kyurem|0 fnt
|faint|p1a: Kyurem
|
|-weather|none
|-end|p2a: Walking Wake|Protosynthesis
|upkeep
|
|t:|1743781572
|switch|p1a: Iron Valiant|Iron Valiant, shiny|100/100
|-damage|p1a: Iron Valiant|94/100|[from] Stealth Rock
|turn|14
|
|t:|1743781575
|-terastallize|p2a: Walking Wake|Water
|move|p1a: Iron Valiant|Spirit Break|p2a: Walking Wake
|-damage|p2a: Walking Wake|17/100
|-unboost|p2a: Walking Wake|spa|1
|move|p2a: Walking Wake|Flamethrower|p1a: Iron Valiant
|-damage|p1a: Iron Valiant|42/100
|
|upkeep
|turn|15
|
|t:|1743781580
|move|p1a: Iron Valiant|Spirit Break|p2a: Walking Wake
|-damage|p2a: Walking Wake|0 fnt
|faint|p2a: Walking Wake
|-end|p2a: Walking Wake|Protosynthesis|[silent]
|
|upkeep
|
|t:|1743781583
|switch|p2a: Hatterene|Hatterene, F|28/100
|-damage|p2a: Hatterene|15/100|[from] Stealth Rock
|turn|16
|
|t:|1743781585
|move|p1a: Iron Valiant|Spirit Break|p2a: Hatterene
|-damage|p2a: Hatterene|0 fnt
|faint|p2a: Hatterene
|
|upkeep
|
|t:|1743781586
|switch|p2a: Kingambit|Kingambit, M|100/100
|-damage|p2a: Kingambit|94/100|[from] Stealth Rock
|-activate|p2a: Kingambit|ability: Supreme Overlord
|-start|p2a: Kingambit|fallen5|[silent]
|turn|17
|
|t:|1743781588
|move|p2a: Kingambit|Sucker Punch|p1a: Iron Valiant
|-resisted|p1a: Iron Valiant
|-damage|p1a: Iron Valiant|17/100
|move|p1a: Iron Valiant|Close Combat|p2a: Kingambit
|-supereffective|p2a: Kingambit
|-damage|p2a: Kingambit|0 fnt
|-unboost|p1a: Iron Valiant|def|1
|-unboost|p1a: Iron Valiant|spd|1
|faint|p2a: Kingambit
|-end|p2a: Kingambit|fallen5|[silent]
|
|win|agtvvgc
|raw|agtvvgc's rating: 1749 &rarr; <strong>1774</strong><br />(+25 for winning)
|raw|2(H2O)'s rating: 1830 &rarr; <strong>1805</strong><br />(-25 for losing)
|l| Floppy_Bananas
|l|☆2(H2O)
|player|p2|
