|j|☆rngsomeone
|j|☆nesnot
|t:|1743833315
|gametype|singles
|player|p1|rngsomeone|acetrainer-gen7|1402
|player|p2|nesnot|266|1499
|teamsize|p1|6
|teamsize|p2|6
|gen|9
|tier|[Gen 9] OU
|rated|
|rule|HP Percentage Mod: HP is shown in percentages
|rule|Endless Battle Clause: Forcing endless battles is banned
|rule|Species Clause: Limit one of each Pokémon
|rule|OHKO Clause: OHKO moves are banned
|rule|Evasion Items Clause: Evasion items are banned
|rule|Evasion Moves Clause: Evasion moves are banned
|rule|Sleep Moves Clause: Sleep-inducing moves are banned
|clearpoke
|poke|p1|Mimikyu, F|
|poke|p1|Staraptor, F|
|poke|p1|Tsareena, F|
|poke|p1|Inteleon, M|
|poke|p1|Arcanine, F|
|poke|p1|Palossand, M|
|poke|p2|Salamence, M|
|poke|p2|Gyarados, F|
|poke|p2|Great Tusk|
|poke|p2|Iron Treads|
|poke|p2|Amoonguss, M|
|poke|p2|Darkrai|
|teampreview
|inactive|Battle timer is ON: inactive players will automatically lose when time's up. (requested by nesnot)
|c|☆rngsomeone|welcome to RU
|
|t:|1743833325
|start
|switch|p1a: Inteleon|Inteleon, M|100/100
|switch|p2a: Iron Treads|Iron Treads|100/100
|turn|1
|
|t:|1743833330
|-end|p2a: Iron Treads|Quark Drive|[silent]
|switch|p2a: Amoonguss|Amoonguss, M|100/100
|move|p1a: Inteleon|Snipe Shot|p2a: Amoonguss
|-resisted|p2a: Amoonguss
|-damage|p2a: Amoonguss|80/100
|
|upkeep
|turn|2
|
|t:|1743833342
|-terastallize|p1a: Inteleon|Steel
|move|p1a: Inteleon|Ice Beam|p2a: Amoonguss
|-supereffective|p2a: Amoonguss
|-damage|p2a: Amoonguss|27/100
|move|p2a: Amoonguss|Stun Spore|p1a: Inteleon
|-status|p1a: Inteleon|par
|
|upkeep
|turn|3
|
|t:|1743833355
|switch|p2a: Iron Treads|Iron Treads|100/100
|move|p1a: Inteleon|Ice Beam|p2a: Iron Treads
|-damage|p2a: Iron Treads|66/100
|
|-heal|p2a: Iron Treads|72/100|[from] item: Leftovers
|upkeep
|turn|4
|
|t:|1743833362
|switch|p1a: Staraptor|Staraptor, F|100/100
|move|p2a: Iron Treads|Earthquake|p1a: Staraptor
|-immune|p1a: Staraptor
|
|-heal|p2a: Iron Treads|78/100|[from] item: Leftovers
|upkeep
|turn|5
|
|t:|1743833369
|-end|p2a: Iron Treads|Quark Drive|[silent]
|switch|p2a: Amoonguss|Amoonguss, M|60/100
|move|p1a: Staraptor|Close Combat|p2a: Amoonguss
|-resisted|p2a: Amoonguss
|-damage|p2a: Amoonguss|39/100
|-unboost|p1a: Staraptor|def|1
|-unboost|p1a: Staraptor|spd|1
|-damage|p1a: Staraptor|84/100|[from] item: Rocky Helmet|[of] p2a: Amoonguss
|
|upkeep
|turn|6
|
|t:|1743833383
|switch|p1a: Inteleon|Inteleon, M, tera:Steel|100/100 par
|move|p2a: Amoonguss|Sludge Bomb|p1a: Inteleon
|-immune|p1a: Inteleon
|
|upkeep
|turn|7
|
|t:|1743833392
|switch|p2a: Iron Treads|Iron Treads|78/100
|move|p1a: Inteleon|Ice Beam|p2a: Iron Treads
|-damage|p2a: Iron Treads|46/100
|
|-heal|p2a: Iron Treads|52/100|[from] item: Leftovers
|upkeep
|turn|8
|c|☆nesnot|Cool team
|c|☆rngsomeone|thanks
|
|t:|1743833407
|move|p2a: Iron Treads|Earthquake|p1a: Inteleon
|-supereffective|p1a: Inteleon
|-damage|p1a: Inteleon|0 fnt
|faint|p1a: Inteleon
|
|-heal|p2a: Iron Treads|59/100|[from] item: Leftovers
|upkeep
|
|t:|1743833411
|switch|p1a: Staraptor|Staraptor, F|84/100
|turn|9
|
|t:|1743833414
|move|p1a: Staraptor|Brave Bird|p2a: Iron Treads
|-resisted|p2a: Iron Treads
|-crit|p2a: Iron Treads
|-damage|p2a: Iron Treads|0 fnt
|faint|p2a: Iron Treads
|-end|p2a: Iron Treads|Quark Drive|[silent]
|-damage|p1a: Staraptor|60/100|[from] Recoil
|
|upkeep
|
|t:|1743833425
|switch|p2a: Darkrai|Darkrai|100/100
|turn|10
|
|t:|1743833431
|switch|p1a: Arcanine|Arcanine, F|100/100
|-ability|p1a: Arcanine|Intimidate|boost
|-unboost|p2a: Darkrai|atk|1
|move|p2a: Darkrai|Ice Beam|p1a: Arcanine
|-resisted|p1a: Arcanine
|-damage|p1a: Arcanine|81/100
|
|upkeep
|turn|11
|
|t:|1743833441
|move|p2a: Darkrai|Dark Pulse|p1a: Arcanine
|-damage|p1a: Arcanine|27/100
|move|p1a: Arcanine|Close Combat|p2a: Darkrai
|-supereffective|p2a: Darkrai
|-damage|p2a: Darkrai|0 fnt
|-unboost|p1a: Arcanine|def|1
|-unboost|p1a: Arcanine|spd|1
|faint|p2a: Darkrai
|-damage|p1a: Arcanine|17/100|[from] item: Life Orb
|
|upkeep
|
|t:|1743833459
|switch|p2a: Gyarados|Gyarados, F|100/100
|turn|12
|
|t:|1743833461
|switch|p2a: Amoonguss|Amoonguss, M|72/100
|move|p1a: Arcanine|Wild Charge|p2a: Amoonguss
|-resisted|p2a: Amoonguss
|-damage|p2a: Amoonguss|60/100
|-damage|p1a: Arcanine|1/100|[from] item: Rocky Helmet|[of] p2a: Amoonguss
|-damage|p1a: Arcanine|0 fnt|[from] Recoil
|faint|p1a: Arcanine
|
|upkeep
|
|t:|1743833469
|switch|p1a: Staraptor|Staraptor, F|60/100
|turn|13
|
|t:|1743833475
|switch|p2a: Great Tusk|Great Tusk|100/100
|move|p1a: Staraptor|Brave Bird|p2a: Great Tusk
|-supereffective|p2a: Great Tusk
|-damage|p2a: Great Tusk|0 fnt
|faint|p2a: Great Tusk
|-end|p2a: Great Tusk|Protosynthesis|[silent]
|-damage|p1a: Staraptor|21/100|[from] Recoil
|
|upkeep
|
|t:|1743833483
|switch|p2a: Salamence|Salamence, M|100/100
|turn|14
|
|t:|1743833486
|move|p1a: Staraptor|Brave Bird|p2a: Salamence
|-damage|p2a: Salamence|0 fnt
|faint|p2a: Salamence
|-damage|p1a: Staraptor|0 fnt|[from] Recoil
|faint|p1a: Staraptor
|
|upkeep
|
|t:|1743833502
|switch|p1a: Tsareena|Tsareena, F|100/100
|switch|p2a: Amoonguss|Amoonguss, M|94/100
|turn|15
|
|t:|1743833507
|move|p1a: Tsareena|Knock Off|p2a: Amoonguss
|-damage|p2a: Amoonguss|68/100
|-damage|p1a: Tsareena|84/100|[from] item: Rocky Helmet|[of] p2a: Amoonguss
|-enditem|p2a: Amoonguss|Rocky Helmet|[from] move: Knock Off|[of] p1a: Tsareena
|move|p2a: Amoonguss|Sludge Bomb|p1a: Tsareena
|-supereffective|p1a: Tsareena
|-damage|p1a: Tsareena|32/100
|
|upkeep
|turn|16
|
|t:|1743833516
|move|p1a: Tsareena|Knock Off|p2a: Amoonguss
|-damage|p2a: Amoonguss|52/100
|move|p2a: Amoonguss|Foul Play|p1a: Tsareena
|-damage|p1a: Tsareena|2/100
|
|upkeep
|turn|17
|
|t:|1743833525
|move|p1a: Tsareena|Knock Off|p2a: Amoonguss
|-damage|p2a: Amoonguss|35/100
|move|p2a: Amoonguss|Foul Play|p1a: Tsareena
|-damage|p1a: Tsareena|0 fnt
|faint|p1a: Tsareena
|
|upkeep
|
|t:|1743833528
|switch|p1a: Palossand|Palossand, M|100/100
|turn|18
|
|t:|1743833532
|move|p1a: Palossand|Psychic|p2a: Amoonguss
|-supereffective|p2a: Amoonguss
|-damage|p2a: Amoonguss|0 fnt
|faint|p2a: Amoonguss
|
|upkeep
|
|t:|1743833534
|switch|p2a: Gyarados|Gyarados, F|100/100
|turn|19
|
|t:|1743833538
|move|p2a: Gyarados|Substitute|p2a: Gyarados
|-start|p2a: Gyarados|Substitute
|-damage|p2a: Gyarados|76/100
|move|p1a: Palossand|Shadow Ball|p2a: Gyarados
|-crit|p2a: Gyarados
|-end|p2a: Gyarados|Substitute
|
|-heal|p2a: Gyarados|82/100|[from] item: Leftovers
|upkeep
|turn|20
|
|t:|1743833541
|move|p2a: Gyarados|Waterfall|p1a: Palossand
|-supereffective|p1a: Palossand
|-damage|p1a: Palossand|23/100
|-ability|p1a: Palossand|Water Compaction|boost
|-boost|p1a: Palossand|def|2
|move|p1a: Palossand|Shadow Ball|p2a: Gyarados
|-damage|p2a: Gyarados|43/100
|
|-heal|p2a: Gyarados|49/100|[from] item: Leftovers
|upkeep
|turn|21
|
|t:|1743833545
|move|p2a: Gyarados|Waterfall|p1a: Palossand
|-supereffective|p1a: Palossand
|-damage|p1a: Palossand|0 fnt
|faint|p1a: Palossand
|-ability|p2a: Gyarados|Moxie|boost
|-boost|p2a: Gyarados|atk|1
|
|-heal|p2a: Gyarados|55/100|[from] item: Leftovers
|upkeep
|
|t:|1743833547
|switch|p1a: Mimikyu|Mimikyu, F|100/100
|turn|22
|c|☆nesnot|Why Psychic?
|c|☆nesnot|That's never needed
|
|t:|1743833560
|move|p1a: Mimikyu|Wood Hammer|p2a: Gyarados
|-damage|p2a: Gyarados|3/100
|-damage|p1a: Mimikyu|77/100|[from] Recoil
|-damage|p1a: Mimikyu|67/100|[from] item: Life Orb
|move|p2a: Gyarados|Waterfall|p1a: Mimikyu
|-activate|p1a: Mimikyu|ability: Disguise
|-damage|p1a: Mimikyu|67/100
|detailschange|p1a: Mimikyu|Mimikyu-Busted, F
|-damage|p1a: Mimikyu|55/100|[from] pokemon: Mimikyu-Busted
|
|-heal|p2a: Gyarados|9/100|[from] item: Leftovers
|upkeep
|turn|23
|c|☆rngsomeone|super effective
|c|☆rngsomeone|also I can explain for other matchups
|c|☆nesnot|Gg
|-message|nesnot forfeited.
|
|win|rngsomeone
|raw|rngsomeone's rating: 1402 &rarr; <strong>1426</strong><br />(+24 for winning)
|raw|nesnot's rating: 1478 &rarr; <strong>1454</strong><br />(-24 for losing)
|c|☆rngsomeone|psychic is there to OHKO valiant
|l|☆nesnot
|player|p2|
|c|☆rngsomeone|also damage zamazenta
|l|☆rngsomeone
|player|p1|
