|j|☆RoyalVenom17
|j|☆constratusa
|t:|1743857212
|gametype|singles
|player|p1|RoyalVenom17|266|1170
|player|p2|constratusa|ghetsis-gen5bw|1073
|teamsize|p1|6
|teamsize|p2|6
|gen|9
|tier|[Gen 9] OU
|rated|
|rule|HP Percentage Mod: HP is shown in percentages
|rule|Endless Battle Clause: Forcing endless battles is banned
|rule|Species Clause: Limit one of each Pokémon
|rule|OHKO Clause: OHKO moves are banned
|rule|Evasion Items Clause: Evasion items are banned
|rule|Evasion Moves Clause: Evasion moves are banned
|rule|Sleep Moves Clause: Sleep-inducing moves are banned
|clearpoke
|poke|p1|Metagross|
|poke|p1|Tyranitar, M|
|poke|p1|Gliscor, M|
|poke|p1|Dragapult, M|
|poke|p1|Dragonite, M|
|poke|p1|Empoleon, M|
|poke|p2|Mimikyu, M|
|poke|p2|Espurr, M|
|poke|p2|Smeargle, F|
|poke|p2|Decidueye-Hisui, F|
|poke|p2|Diancie|
|poke|p2|Flareon, F|
|teampreview
|inactive|Battle timer is ON: inactive players will automatically lose when time's up. (requested by constratusa)
|inactive|RoyalVenom17 has 120 seconds left.
|
|t:|1743857271
|start
|switch|p1a: Gliscor|Gliscor, M, shiny|100/100
|switch|p2a: Smeargle|Smeargle, F|100/100
|turn|1
|
|t:|1743857276
|move|p1a: Gliscor|Knock Off|p2a: Smeargle
|-damage|p2a: Smeargle|69/100
|-enditem|p2a: Smeargle|Focus Sash|[from] move: Knock Off|[of] p1a: Gliscor
|move|p2a: Smeargle|Speed Swap|p1a: Gliscor
|-activate|p2a: Smeargle|move: Speed Swap|[of] p1a: Gliscor
|
|-status|p1a: Gliscor|tox|[from] item: Toxic Orb
|upkeep
|turn|2
|
|t:|1743857286
|move|p2a: Smeargle|Baneful Bunker|p2a: Smeargle
|-singleturn|p2a: Smeargle|move: Protect
|move|p1a: Gliscor|Earthquake|p2a: Smeargle
|-activate|p2a: Smeargle|move: Protect
|
|upkeep
|turn|3
|
|t:|1743857295
|move|p2a: Smeargle|Destiny Bond|p2a: Smeargle
|-singlemove|p2a: Smeargle|Destiny Bond
|move|p1a: Gliscor|Earthquake|p2a: Smeargle
|-damage|p2a: Smeargle|22/100
|
|upkeep
|turn|4
|
|t:|1743857302
|move|p2a: Smeargle|Baneful Bunker|p2a: Smeargle
|-singleturn|p2a: Smeargle|move: Protect
|move|p1a: Gliscor|Toxic|p2a: Smeargle
|-activate|p2a: Smeargle|move: Protect
|
|upkeep
|turn|5
|
|t:|1743857317
|switch|p2a: Flareon|Flareon, F|100/100
|move|p1a: Gliscor|Toxic|p2a: Flareon
|-status|p2a: Flareon|tox
|
|-damage|p2a: Flareon|94/100 tox|[from] psn
|upkeep
|turn|6
|
|t:|1743857325
|-terastallize|p2a: Flareon|Normal
|move|p2a: Flareon|Facade|p1a: Gliscor
|-damage|p1a: Gliscor|33/100 tox
|move|p1a: Gliscor|Knock Off|p2a: Flareon
|-damage|p2a: Flareon|46/100 tox
|-enditem|p2a: Flareon|Flame Orb|[from] move: Knock Off|[of] p1a: Gliscor
|
|-damage|p2a: Flareon|33/100 tox|[from] psn
|-heal|p1a: Gliscor|45/100 tox|[from] ability: Poison Heal
|upkeep
|turn|7
|
|t:|1743857338
|switch|p1a: Dragapult|Dragapult, M|100/100
|move|p2a: Flareon|Facade|p1a: Dragapult
|-immune|p1a: Dragapult
|
|-damage|p2a: Flareon|14/100 tox|[from] psn
|upkeep
|turn|8
|
|t:|1743857352
|move|p2a: Flareon|Protect|p2a: Flareon
|-singleturn|p2a: Flareon|Protect
|move|p1a: Dragapult|U-turn|p2a: Flareon
|-activate|p2a: Flareon|move: Protect
|
|-damage|p2a: Flareon|0 fnt|[from] psn
|faint|p2a: Flareon
|upkeep
|inactive|constratusa has 120 seconds left.
|
|t:|1743857394
|switch|p2a: Smeargle|Smeargle, F|22/100
|turn|9
|
|t:|1743857412
|switch|p1a: Gliscor|Gliscor, M, shiny|45/100 tox
|move|p2a: Smeargle|Speed Swap|p1a: Gliscor
|-activate|p2a: Smeargle|move: Speed Swap|[of] p1a: Gliscor
|
|-heal|p1a: Gliscor|58/100 tox|[from] ability: Poison Heal
|upkeep
|turn|10
|inactive|constratusa has 120 seconds left.
|
|t:|1743857446
|move|p2a: Smeargle|Baneful Bunker|p2a: Smeargle
|-singleturn|p2a: Smeargle|move: Protect
|move|p1a: Gliscor|Toxic|p2a: Smeargle
|-activate|p2a: Smeargle|move: Protect
|
|-heal|p1a: Gliscor|70/100 tox|[from] ability: Poison Heal
|upkeep
|turn|11
|inactive|RoyalVenom17 has 120 seconds left.
|
|t:|1743857496
|move|p2a: Smeargle|Baneful Bunker||[still]
|-fail|p2a: Smeargle
|move|p1a: Gliscor|Toxic|p2a: Smeargle
|-status|p2a: Smeargle|tox
|
|-damage|p2a: Smeargle|15/100 tox|[from] psn
|-heal|p1a: Gliscor|82/100 tox|[from] ability: Poison Heal
|upkeep
|turn|12
|inactive|RoyalVenom17 has 90 seconds left.
|
|t:|1743857527
|move|p2a: Smeargle|Destiny Bond|p2a: Smeargle
|-singlemove|p2a: Smeargle|Destiny Bond
|move|p1a: Gliscor|Toxic|p2a: Smeargle
|-fail|p2a: Smeargle|tox
|
|-damage|p2a: Smeargle|3/100 tox|[from] psn
|-heal|p1a: Gliscor|95/100 tox|[from] ability: Poison Heal
|upkeep
|turn|13
|inactive|RoyalVenom17 has 90 seconds left.
|inactive|constratusa has 90 seconds left.
|
|t:|1743857547
|switch|p1a: Tyranitar|Tyranitar, M, shiny|100/100
|-weather|Sandstorm|[from] ability: Sand Stream|[of] p1a: Tyranitar
|move|p2a: Smeargle|Court Change||[still]
|-swapsideconditions
|-fail|p2a: Smeargle
|
|-weather|Sandstorm|[upkeep]
|-damage|p2a: Smeargle|0 fnt|[from] Sandstorm
|faint|p2a: Smeargle
|upkeep
|inactive|constratusa has 90 seconds left.
|
|t:|1743857554
|switch|p2a: Decidueye|Decidueye-Hisui, F|100/100
|turn|14
|inactive|RoyalVenom17 has 90 seconds left.
|
|t:|1743857564
|-terastallize|p1a: Tyranitar|Ghost
|move|p1a: Tyranitar|Dragon Dance|p1a: Tyranitar
|-boost|p1a: Tyranitar|atk|1
|-boost|p1a: Tyranitar|spe|1
|move|p2a: Decidueye|Leaf Blade|p1a: Tyranitar
|-damage|p1a: Tyranitar|56/100
|
|-weather|Sandstorm|[upkeep]
|-damage|p1a: Tyranitar|50/100|[from] Sandstorm
|-damage|p2a: Decidueye|94/100|[from] Sandstorm
|upkeep
|turn|15
|inactive|RoyalVenom17 has 90 seconds left.
|inactive|constratusa has 90 seconds left.
|
|t:|1743857596
|move|p2a: Decidueye|Protect|p2a: Decidueye
|-singleturn|p2a: Decidueye|Protect
|move|p1a: Tyranitar|Iron Head|p2a: Decidueye
|-activate|p2a: Decidueye|move: Protect
|
|-weather|Sandstorm|[upkeep]
|-damage|p1a: Tyranitar|44/100|[from] Sandstorm
|-damage|p2a: Decidueye|88/100|[from] Sandstorm
|upkeep
|turn|16
|
|t:|1743857605
|move|p1a: Tyranitar|Iron Head|p2a: Decidueye
|-damage|p2a: Decidueye|49/100
|cant|p2a: Decidueye|flinch
|
|-weather|Sandstorm|[upkeep]
|-damage|p1a: Tyranitar|38/100|[from] Sandstorm
|-damage|p2a: Decidueye|43/100|[from] Sandstorm
|upkeep
|turn|17
|inactive|RoyalVenom17 has 90 seconds left.
|
|t:|1743857613
|move|p2a: Decidueye|Protect|p2a: Decidueye
|-singleturn|p2a: Decidueye|Protect
|move|p1a: Tyranitar|Iron Head|p2a: Decidueye
|-activate|p2a: Decidueye|move: Protect
|
|-weather|none
|upkeep
|turn|18
|
|t:|1743857617
|switch|p2a: Espurr|Espurr, M|100/100
|move|p1a: Tyranitar|Iron Head|p2a: Espurr
|-damage|p2a: Espurr|61/100
|
|upkeep
|turn|19
|
|t:|1743857623
|move|p1a: Tyranitar|Knock Off|p2a: Espurr
|-supereffective|p2a: Espurr
|-damage|p2a: Espurr|0 fnt
|-enditem|p2a: Espurr|Eviolite|[from] move: Knock Off|[of] p1a: Tyranitar
|faint|p2a: Espurr
|
|upkeep
|
|t:|1743857634
|switch|p2a: Mimikyu|Mimikyu, M|100/100
|turn|20
|
|t:|1743857640
|move|p1a: Tyranitar|Iron Head|p2a: Mimikyu
|-activate|p2a: Mimikyu|ability: Disguise
|-damage|p2a: Mimikyu|100/100
|detailschange|p2a: Mimikyu|Mimikyu-Busted, M
|-damage|p2a: Mimikyu|88/100|[from] pokemon: Mimikyu-Busted
|move|p2a: Mimikyu|Substitute|p2a: Mimikyu
|-start|p2a: Mimikyu|Substitute
|-damage|p2a: Mimikyu|63/100
|
|upkeep
|turn|21
|
|t:|1743857644
|move|p1a: Tyranitar|Iron Head|p2a: Mimikyu
|-supereffective|p2a: Mimikyu
|-end|p2a: Mimikyu|Substitute
|move|p2a: Mimikyu|Swords Dance|p2a: Mimikyu
|-boost|p2a: Mimikyu|atk|2
|
|upkeep
|turn|22
|
|t:|1743857647
|move|p2a: Mimikyu|Shadow Sneak|p1a: Tyranitar
|-supereffective|p1a: Tyranitar
|-damage|p1a: Tyranitar|0 fnt
|faint|p1a: Tyranitar
|
|upkeep
|
|t:|1743857652
|switch|p1a: Gliscor|Gliscor, M, shiny|95/100 tox
|turn|23
|
|t:|1743857655
|move|p2a: Mimikyu|Substitute|p2a: Mimikyu
|-start|p2a: Mimikyu|Substitute
|-damage|p2a: Mimikyu|38/100
|move|p1a: Gliscor|Toxic||[still]
|-fail|p1a: Gliscor
|
|-heal|p1a: Gliscor|100/100 tox|[from] ability: Poison Heal
|upkeep
|turn|24
|
|t:|1743857660
|move|p2a: Mimikyu|Swords Dance|p2a: Mimikyu
|-boost|p2a: Mimikyu|atk|2
|move|p1a: Gliscor|Earthquake|p2a: Mimikyu
|-end|p2a: Mimikyu|Substitute
|
|upkeep
|turn|25
|
|t:|1743857665
|move|p2a: Mimikyu|Play Rough|p1a: Gliscor
|-damage|p1a: Gliscor|33/100 tox
|move|p1a: Gliscor|Earthquake|p2a: Mimikyu
|-damage|p2a: Mimikyu|0 fnt
|faint|p2a: Mimikyu
|
|-heal|p1a: Gliscor|45/100 tox|[from] ability: Poison Heal
|upkeep
|
|t:|1743857671
|switch|p2a: Decidueye|Decidueye-Hisui, F|43/100
|turn|26
|
|t:|1743857675
|move|p1a: Gliscor|U-turn|p2a: Decidueye
|-damage|p2a: Decidueye|25/100
|
|t:|1743857678
|switch|p1a: Empoleon|Empoleon, M|100/100|[from] U-turn
|move|p2a: Decidueye|Triple Arrows|p1a: Empoleon
|-supereffective|p1a: Empoleon
|-crit|p1a: Empoleon
|-damage|p1a: Empoleon|0 fnt
|faint|p1a: Empoleon
|
|upkeep
|
|t:|1743857681
|switch|p1a: Gliscor|Gliscor, M, shiny|45/100 tox
|turn|27
|
|t:|1743857690
|move|p1a: Gliscor|Toxic|p2a: Decidueye
|-status|p2a: Decidueye|tox
|move|p2a: Decidueye|Triple Arrows|p1a: Gliscor
|-resisted|p1a: Gliscor
|-damage|p1a: Gliscor|29/100 tox
|
|-heal|p1a: Gliscor|41/100 tox|[from] ability: Poison Heal
|-damage|p2a: Decidueye|19/100 tox|[from] psn
|upkeep
|turn|28
|
|t:|1743857700
|move|p1a: Gliscor|Knock Off|p2a: Decidueye
|-resisted|p2a: Decidueye
|-damage|p2a: Decidueye|7/100 tox
|-enditem|p2a: Decidueye|Expert Belt|[from] move: Knock Off|[of] p1a: Gliscor
|move|p2a: Decidueye|Facade|p1a: Gliscor
|-damage|p1a: Gliscor|10/100 tox
|
|-heal|p1a: Gliscor|23/100 tox|[from] ability: Poison Heal
|-damage|p2a: Decidueye|0 fnt|[from] psn
|faint|p2a: Decidueye
|upkeep
|
|t:|1743857707
|switch|p2a: Diancie|Diancie, shiny|100/100
|turn|29
|
|t:|1743857714
|move|p1a: Gliscor|Toxic|p2a: Diancie
|-status|p2a: Diancie|tox
|move|p2a: Diancie|Diamond Storm|p1a: Gliscor
|-damage|p1a: Gliscor|0 fnt
|-boost|p2a: Diancie|def|2
|faint|p1a: Gliscor
|
|-damage|p2a: Diancie|94/100 tox|[from] psn
|upkeep
|
|t:|1743857721
|switch|p1a: Dragonite|Dragonite, M|100/100
|turn|30
|
|t:|1743857739
|move|p1a: Dragonite|Earthquake|p2a: Diancie
|-supereffective|p2a: Diancie
|-damage|p2a: Diancie|69/100 tox
|move|p2a: Diancie|Diamond Storm|p1a: Dragonite
|-supereffective|p1a: Dragonite
|-damage|p1a: Dragonite|64/100
|
|-heal|p2a: Diancie|75/100 tox|[from] item: Leftovers
|-damage|p2a: Diancie|63/100 tox|[from] psn
|upkeep
|turn|31
|
|t:|1743857763
|move|p1a: Dragonite|Earthquake|p2a: Diancie
|-supereffective|p2a: Diancie
|-damage|p2a: Diancie|41/100 tox
|move|p2a: Diancie|Diamond Storm|p1a: Dragonite
|-supereffective|p1a: Dragonite
|-damage|p1a: Dragonite|0 fnt
|-boost|p2a: Diancie|def|2
|faint|p1a: Dragonite
|
|-heal|p2a: Diancie|48/100 tox|[from] item: Leftovers
|-damage|p2a: Diancie|29/100 tox|[from] psn
|upkeep
|
|t:|1743857769
|switch|p1a: Metagross|Metagross, shiny|100/100
|turn|32
|
|t:|1743857776
|move|p1a: Metagross|Bullet Punch|p2a: Diancie
|-supereffective|p2a: Diancie
|-damage|p2a: Diancie|0 fnt
|faint|p2a: Diancie
|
|win|RoyalVenom17
|raw|RoyalVenom17's rating: 1170 &rarr; <strong>1188</strong><br />(+18 for winning)
|raw|constratusa's rating: 1073 &rarr; <strong>1058</strong><br />(-15 for losing)
|l|☆constratusa
|player|p2|
|l|☆RoyalVenom17
|player|p1|
