|j|☆Remioche
|j|☆oz water
|t:|1743878867
|gametype|singles
|player|p1|Remioche|lucas|1491
|player|p2|oz water|grimsley|1466
|teamsize|p1|6
|teamsize|p2|6
|gen|9
|tier|[Gen 9] OU
|rated|
|rule|HP Percentage Mod: HP is shown in percentages
|rule|Endless Battle Clause: Forcing endless battles is banned
|rule|Species Clause: Limit one of each Pokémon
|rule|OHKO Clause: OHKO moves are banned
|rule|Evasion Items Clause: Evasion items are banned
|rule|Evasion Moves Clause: Evasion moves are banned
|rule|Sleep Moves Clause: Sleep-inducing moves are banned
|clearpoke
|poke|p1|Sandy Shocks|
|poke|p1|Slowking-Galar, F|
|poke|p1|Dragonite, F|
|poke|p1|Corviknight, F|
|poke|p1|Cinderace, M|
|poke|p1|Iron Valiant|
|poke|p2|Samurott-Hisui, M|
|poke|p2|Moltres-Galar|
|poke|p2|Iron Valiant|
|poke|p2|Iron Moth|
|poke|p2|Dragonite, M|
|poke|p2|Kingambit, M|
|teampreview
|inactive|Battle timer is ON: inactive players will automatically lose when time's up. (requested by Remioche)
|inactive|Remioche has 120 seconds left.
|
|t:|1743878920
|start
|switch|p1a: Iron Valiant|Iron Valiant|100/100
|switch|p2a: Fish Filet|Samurott-Hisui, M|100/100
|turn|1
|
|t:|1743878948
|move|p1a: Iron Valiant|Moonblast|p2a: Fish Filet
|-supereffective|p2a: Fish Filet
|-enditem|p2a: Fish Filet|Focus Sash
|-damage|p2a: Fish Filet|1/100
|move|p2a: Fish Filet|Razor Shell|p1a: Iron Valiant
|-damage|p1a: Iron Valiant|34/100
|-unboost|p1a: Iron Valiant|def|1
|
|upkeep
|turn|2
|
|t:|1743878953
|move|p2a: Fish Filet|Sucker Punch|p1a: Iron Valiant
|-resisted|p1a: Iron Valiant
|-damage|p1a: Iron Valiant|16/100
|move|p1a: Iron Valiant|Moonblast|p2a: Fish Filet
|-supereffective|p2a: Fish Filet
|-damage|p2a: Fish Filet|0 fnt
|faint|p2a: Fish Filet
|
|upkeep
|
|t:|1743878958
|switch|p2a: Solar Panel|Iron Moth|100/100
|-enditem|p2a: Solar Panel|Booster Energy
|-activate|p2a: Solar Panel|ability: Quark Drive|[fromitem]
|-start|p2a: Solar Panel|quarkdrivespe
|turn|3
|
|t:|1743878961
|-end|p1a: Iron Valiant|Quark Drive|[silent]
|switch|p1a: Slowking|Slowking-Galar, F|100/100
|move|p2a: Solar Panel|Fiery Dance|p1a: Slowking
|-damage|p1a: Slowking|77/100
|
|-heal|p1a: Slowking|83/100|[from] item: Leftovers
|upkeep
|turn|4
|
|t:|1743878966
|move|p2a: Solar Panel|Fiery Dance|p1a: Slowking
|-damage|p1a: Slowking|60/100
|-boost|p2a: Solar Panel|spa|1
|move|p1a: Slowking|Future Sight|p2a: Solar Panel
|-start|p1a: Slowking|move: Future Sight
|
|-heal|p1a: Slowking|66/100|[from] item: Leftovers
|upkeep
|turn|5
|
|t:|1743878969
|move|p2a: Solar Panel|Fiery Dance|p1a: Slowking
|-crit|p1a: Slowking
|-damage|p1a: Slowking|16/100
|move|p1a: Slowking|Thunder Wave|p2a: Solar Panel
|-status|p2a: Solar Panel|par
|
|-heal|p1a: Slowking|22/100|[from] item: Leftovers
|upkeep
|turn|6
|
|t:|1743878971
|move|p2a: Solar Panel|Fiery Dance|p1a: Slowking
|-damage|p1a: Slowking|0 fnt
|-boost|p2a: Solar Panel|spa|1
|faint|p1a: Slowking
|
|-end|p2a: Solar Panel|move: Future Sight
|-supereffective|p2a: Solar Panel
|-damage|p2a: Solar Panel|2/100 par
|upkeep
|
|t:|1743878980
|switch|p1a: Jeaneau|Cinderace, M, shiny|100/100
|turn|7
|
|t:|1743878985
|move|p1a: Jeaneau|U-turn|p2a: Solar Panel
|-start|p1a: Jeaneau|typechange|Bug|[from] ability: Libero
|-resisted|p2a: Solar Panel
|-damage|p2a: Solar Panel|0 fnt
|faint|p2a: Solar Panel
|-end|p2a: Solar Panel|Quark Drive|[silent]
|
|t:|1743878991
|switch|p1a: Iron Valiant|Iron Valiant|16/100|[from] U-turn
|
|upkeep
|
|t:|1743878994
|switch|p2a: Featured Shitmon|Iron Valiant|100/100
|-enditem|p2a: Featured Shitmon|Booster Energy
|-activate|p2a: Featured Shitmon|ability: Quark Drive|[fromitem]
|-start|p2a: Featured Shitmon|quarkdrivespe
|turn|8
|
|t:|1743879000
|-end|p1a: Iron Valiant|Quark Drive|[silent]
|switch|p1a: Jeaneau|Cinderace, M, shiny|100/100
|move|p2a: Featured Shitmon|Moonblast|p1a: Jeaneau
|-resisted|p1a: Jeaneau
|-damage|p1a: Jeaneau|66/100
|
|upkeep
|turn|9
|
|t:|1743879015
|move|p2a: Featured Shitmon|Close Combat|p1a: Jeaneau
|-crit|p1a: Jeaneau
|-damage|p1a: Jeaneau|0 fnt
|-unboost|p2a: Featured Shitmon|def|1
|-unboost|p2a: Featured Shitmon|spd|1
|faint|p1a: Jeaneau
|
|upkeep
|
|t:|1743879018
|switch|p1a: Dragonite|Dragonite, F|100/100
|turn|10
|
|t:|1743879025
|move|p2a: Featured Shitmon|Destiny Bond|p2a: Featured Shitmon
|-singlemove|p2a: Featured Shitmon|Destiny Bond
|move|p1a: Dragonite|Thunder Wave|p2a: Featured Shitmon
|-status|p2a: Featured Shitmon|par
|
|upkeep
|turn|11
|
|t:|1743879030
|move|p2a: Featured Shitmon|Moonblast|p1a: Dragonite
|-supereffective|p1a: Dragonite
|-damage|p1a: Dragonite|62/100
|move|p1a: Dragonite|Earthquake|p2a: Featured Shitmon
|-damage|p2a: Featured Shitmon|18/100 par
|
|upkeep
|turn|12
|
|t:|1743879032
|move|p1a: Dragonite|Extreme Speed|p2a: Featured Shitmon
|-damage|p2a: Featured Shitmon|0 fnt
|faint|p2a: Featured Shitmon
|-end|p2a: Featured Shitmon|Quark Drive|[silent]
|
|upkeep
|
|t:|1743879037
|switch|p2a: Has That Shit On|Dragonite, M|100/100
|turn|13
|
|t:|1743879040
|switch|p1a: Corviknight|Corviknight, F|100/100
|-ability|p1a: Corviknight|Pressure
|move|p2a: Has That Shit On|Outrage|p1a: Corviknight
|-resisted|p1a: Corviknight
|-damage|p1a: Corviknight|80/100
|
|-heal|p1a: Corviknight|86/100|[from] item: Leftovers
|upkeep
|turn|14
|
|t:|1743879046
|move|p2a: Has That Shit On|Outrage|p1a: Corviknight|[from] lockedmove
|-resisted|p1a: Corviknight
|-damage|p1a: Corviknight|64/100
|-start|p2a: Has That Shit On|confusion|[fatigue]
|move|p1a: Corviknight|Iron Defense|p1a: Corviknight
|-boost|p1a: Corviknight|def|2
|
|-heal|p1a: Corviknight|70/100|[from] item: Leftovers
|upkeep
|turn|15
|
|t:|1743879051
|switch|p2a: Moltres-Kanto|Moltres-Galar, shiny|100/100
|move|p1a: Corviknight|Body Press|p2a: Moltres-Kanto
|-damage|p2a: Moltres-Kanto|44/100
|-ability|p2a: Moltres-Kanto|Berserk|boost
|-boost|p2a: Moltres-Kanto|spa|1
|-enditem|p2a: Moltres-Kanto|Sitrus Berry|[eat]
|-heal|p2a: Moltres-Kanto|69/100|[from] item: Sitrus Berry
|
|-heal|p1a: Corviknight|76/100|[from] item: Leftovers
|upkeep
|turn|16
|
|t:|1743879065
|-terastallize|p2a: Moltres-Kanto|Fairy
|move|p2a: Moltres-Kanto|Agility|p2a: Moltres-Kanto
|-boost|p2a: Moltres-Kanto|spe|2
|move|p1a: Corviknight|U-turn|p2a: Moltres-Kanto
|-resisted|p2a: Moltres-Kanto
|-damage|p2a: Moltres-Kanto|61/100
|
|t:|1743879068
|switch|p1a: Iron Valiant|Iron Valiant|16/100|[from] U-turn
|
|upkeep
|turn|17
|
|t:|1743879081
|move|p2a: Moltres-Kanto|Tera Blast|p1a: Iron Valiant|[anim] Tera Blast Fairy
|-supereffective|p1a: Iron Valiant
|-damage|p1a: Iron Valiant|0 fnt
|faint|p1a: Iron Valiant
|-end|p1a: Iron Valiant|Quark Drive|[silent]
|
|upkeep
|
|t:|1743879092
|switch|p1a: Kouign Amann|Sandy Shocks|100/100
|turn|18
|
|t:|1743879096
|move|p2a: Moltres-Kanto|Fiery Wrath|p1a: Kouign Amann
|-damage|p1a: Kouign Amann|15/100
|move|p1a: Kouign Amann|Thunderbolt|p2a: Moltres-Kanto
|-damage|p2a: Moltres-Kanto|24/100
|-ability|p2a: Moltres-Kanto|Berserk|boost
|-boost|p2a: Moltres-Kanto|spa|1
|
|upkeep
|turn|19
|
|t:|1743879100
|move|p2a: Moltres-Kanto|Fiery Wrath|p1a: Kouign Amann
|-damage|p1a: Kouign Amann|0 fnt
|faint|p1a: Kouign Amann
|-end|p1a: Kouign Amann|Protosynthesis|[silent]
|
|upkeep
|
|t:|1743879102
|switch|p1a: Dragonite|Dragonite, F|62/100
|turn|20
|
|t:|1743879114
|switch|p2a: NOT 199 Speed|Kingambit, M|100/100
|-activate|p2a: NOT 199 Speed|ability: Supreme Overlord
|-start|p2a: NOT 199 Speed|fallen3|[silent]
|-item|p2a: NOT 199 Speed|Air Balloon
|move|p1a: Dragonite|Extreme Speed|p2a: NOT 199 Speed
|-resisted|p2a: NOT 199 Speed
|-damage|p2a: NOT 199 Speed|89/100
|-enditem|p2a: NOT 199 Speed|Air Balloon
|
|upkeep
|turn|21
|
|t:|1743879120
|switch|p1a: Corviknight|Corviknight, F|76/100
|-ability|p1a: Corviknight|Pressure
|move|p2a: NOT 199 Speed|Iron Head|p1a: Corviknight
|-resisted|p1a: Corviknight
|-damage|p1a: Corviknight|58/100
|
|-heal|p1a: Corviknight|64/100|[from] item: Leftovers
|upkeep
|turn|22
|
|t:|1743879124
|-end|p2a: NOT 199 Speed|fallen3|[silent]
|switch|p2a: Moltres-Kanto|Moltres-Galar, shiny, tera:Fairy|24/100
|move|p1a: Corviknight|Iron Defense|p1a: Corviknight
|-boost|p1a: Corviknight|def|2
|
|-heal|p1a: Corviknight|70/100|[from] item: Leftovers
|upkeep
|turn|23
|
|t:|1743879129
|move|p2a: Moltres-Kanto|Fiery Wrath|p1a: Corviknight
|-damage|p1a: Corviknight|25/100
|move|p1a: Corviknight|Body Press|p2a: Moltres-Kanto
|-resisted|p2a: Moltres-Kanto
|-damage|p2a: Moltres-Kanto|0 fnt
|faint|p2a: Moltres-Kanto
|
|-heal|p1a: Corviknight|31/100|[from] item: Leftovers
|upkeep
|
|t:|1743879134
|switch|p2a: NOT 199 Speed|Kingambit, M|89/100
|-activate|p2a: NOT 199 Speed|ability: Supreme Overlord
|-start|p2a: NOT 199 Speed|fallen4|[silent]
|turn|24
|
|t:|1743879138
|move|p1a: Corviknight|Roost|p1a: Corviknight
|-heal|p1a: Corviknight|82/100
|-singleturn|p1a: Corviknight|move: Roost
|move|p2a: NOT 199 Speed|Low Kick|p1a: Corviknight
|-supereffective|p1a: Corviknight
|-damage|p1a: Corviknight|51/100
|
|-heal|p1a: Corviknight|57/100|[from] item: Leftovers
|upkeep
|turn|25
|
|t:|1743879144
|move|p1a: Corviknight|Body Press|p2a: NOT 199 Speed
|-supereffective|p2a: NOT 199 Speed
|-damage|p2a: NOT 199 Speed|0 fnt
|faint|p2a: NOT 199 Speed
|-end|p2a: NOT 199 Speed|fallen4|[silent]
|
|-heal|p1a: Corviknight|63/100|[from] item: Leftovers
|upkeep
|-message|oz water forfeited.
|
|win|Remioche
|raw|Remioche's rating: 1491 &rarr; <strong>1510</strong><br />(+19 for winning)
|raw|oz water's rating: 1466 &rarr; <strong>1447</strong><br />(-19 for losing)
|l|☆oz water
|player|p2|
|l|☆Remioche
|player|p1|
