|j|☆Huhyuyu
|j|☆Its Tempest
|t:|1743862603
|gametype|singles
|player|p1|Huhyuyu|170|1280
|player|p2|Its Tempest|giovanni|1293
|teamsize|p1|6
|teamsize|p2|6
|gen|9
|tier|[Gen 9] OU
|rated|
|rule|HP Percentage Mod: HP is shown in percentages
|rule|Endless Battle Clause: Forcing endless battles is banned
|rule|Species Clause: Limit one of each Pokémon
|rule|OHKO Clause: OHKO moves are banned
|rule|Evasion Items Clause: Evasion items are banned
|rule|Evasion Moves Clause: Evasion moves are banned
|rule|Sleep Moves Clause: Sleep-inducing moves are banned
|clearpoke
|poke|p1|Zoroark-Hisui, F|
|poke|p1|Glimmora, M|
|poke|p1|Revavroom, M|
|poke|p1|Clefable, M|
|poke|p1|Kingambit, F|
|poke|p1|Zapdos|
|poke|p2|Zapdos-Galar|
|poke|p2|Kyurem|
|poke|p2|Darkrai|
|poke|p2|Garchomp, M|
|poke|p2|Pecharunt|
|poke|p2|Kingambit, F|
|teampreview
|
|t:|1743862622
|start
|switch|p1a: Glimmora|Glimmora, M|100/100
|switch|p2a: K K Kyurem|Kyurem|100/100
|-ability|p2a: K K Kyurem|Pressure
|turn|1
|
|t:|1743862632
|move|p1a: Glimmora|Power Gem|p2a: K K Kyurem
|-supereffective|p2a: K K Kyurem
|-damage|p2a: K K Kyurem|18/100
|move|p2a: K K Kyurem|Dragon Dance|p2a: K K Kyurem
|-boost|p2a: K K Kyurem|atk|1
|-boost|p2a: K K Kyurem|spe|1
|
|upkeep
|turn|2
|
|t:|1743862639
|move|p2a: K K Kyurem|Scale Shot|p1a: Glimmora|[miss]
|-miss|p2a: K K Kyurem|p1a: Glimmora
|move|p1a: Glimmora|Power Gem|p2a: K K Kyurem
|-supereffective|p2a: K K Kyurem
|-damage|p2a: K K Kyurem|0 fnt
|faint|p2a: K K Kyurem
|
|upkeep
|c|☆Its Tempest|Cool
|
|t:|1743862653
|switch|p2a: CHOMP|Garchomp, M|100/100
|turn|3
|c|☆Huhyuyu|Quite unfortunate
|
|t:|1743862676
|move|p2a: CHOMP|Earthquake|p1a: Glimmora
|-supereffective|p1a: Glimmora
|-enditem|p1a: Glimmora|Focus Sash
|-damage|p1a: Glimmora|1/100
|-activate|p1a: Glimmora|ability: Toxic Debris
|-sidestart|p2: Its Tempest|move: Toxic Spikes
|-damage|p2a: CHOMP|91/100|[from] item: Life Orb
|move|p1a: Glimmora|Mortal Spin|p2a: CHOMP
|-resisted|p2a: CHOMP
|-damage|p2a: CHOMP|88/100
|-status|p2a: CHOMP|psn
|-damage|p1a: Glimmora|0 fnt|[from] ability: Rough Skin|[of] p2a: CHOMP
|faint|p1a: Glimmora
|
|-damage|p2a: CHOMP|76/100 psn|[from] psn
|upkeep
|
|t:|1743862697
|switch|p1a: Zapdos|Zapdos|100/100
|turn|4
|inactive|Battle timer is ON: inactive players will automatically lose when time's up. (requested by Its Tempest)
|
|t:|1743862708
|move|p2a: CHOMP|Fire Blast|p1a: Zapdos
|-damage|p1a: Zapdos|61/100
|-damage|p2a: CHOMP|66/100 psn|[from] item: Life Orb
|move|p1a: Zapdos|Hurricane|p2a: CHOMP
|-damage|p2a: CHOMP|0 fnt
|faint|p2a: CHOMP
|-damage|p1a: Zapdos|51/100|[from] item: Life Orb
|
|upkeep
|
|t:|1743862730
|switch|p2a: Mr. Morale|Darkrai|100/100
|turn|5
|inactive|Its Tempest has 120 seconds left.
|
|t:|1743862751
|switch|p1a: Clefable|Clefable, M|100/100
|move|p2a: Mr. Morale|Ice Beam|p1a: Clefable
|-damage|p1a: Clefable|69/100
|
|upkeep
|turn|6
|inactive|Its Tempest has 120 seconds left.
|
|t:|1743862765
|switch|p2a: The Crody|Pecharunt|100/100
|-item|p2a: The Crody|Air Balloon
|move|p1a: Clefable|Thunderbolt|p2a: The Crody
|-damage|p2a: The Crody|60/100
|-enditem|p2a: The Crody|Air Balloon
|
|upkeep
|turn|7
|
|t:|1743862771
|switch|p1a: Revavroom|Revavroom, M|100/100
|move|p2a: The Crody|Malignant Chain|p1a: Revavroom
|-immune|p1a: Revavroom
|
|upkeep
|turn|8
|
|t:|1743862790
|move|p1a: Revavroom|Shift Gear|p1a: Revavroom
|-boost|p1a: Revavroom|spe|2
|-boost|p1a: Revavroom|atk|1
|move|p2a: The Crody|Parting Shot|p1a: Revavroom
|-unboost|p1a: Revavroom|atk|1
|-unboost|p1a: Revavroom|spa|1
|
|t:|1743862805
|switch|p2a: The Big Stepper|Zapdos-Galar|100/100|[from] Parting Shot
|
|upkeep
|turn|9
|
|t:|1743862809
|move|p2a: The Big Stepper|Close Combat|p1a: Revavroom
|-damage|p1a: Revavroom|35/100
|-unboost|p2a: The Big Stepper|def|1
|-unboost|p2a: The Big Stepper|spd|1
|move|p1a: Revavroom|Poison Jab|p2a: The Big Stepper
|-damage|p2a: The Big Stepper|29/100
|
|-heal|p1a: Revavroom|41/100|[from] item: Leftovers
|upkeep
|turn|10
|
|t:|1743862829
|move|p2a: The Big Stepper|Close Combat|p1a: Revavroom
|-crit|p1a: Revavroom
|-damage|p1a: Revavroom|0 fnt
|-unboost|p2a: The Big Stepper|def|1
|-unboost|p2a: The Big Stepper|spd|1
|faint|p1a: Revavroom
|
|upkeep
|
|t:|1743862831
|switch|p1a: Kingambit|Kingambit, F|100/100
|turn|11
|
|t:|1743862839
|move|p2a: The Big Stepper|Close Combat|p1a: Kingambit
|-immune|p1a: Kingambit
|move|p1a: Kingambit|Bitter Malice|p2a: The Big Stepper
|-damage|p2a: The Big Stepper|0 fnt
|faint|p2a: The Big Stepper
|-damage|p1a: Kingambit|91/100|[from] item: Life Orb
|
|upkeep
|c|☆Its Tempest|I fell for it
|c|☆Its Tempest|Dayum
|
|t:|1743862858
|switch|p2a: Mr. Morale|Darkrai|100/100
|turn|12
|c|☆Huhyuyu|I thought you were gonna switch because I didn’t wanna miss the sucker punch
|inactive|Huhyuyu has 120 seconds left.
|
|t:|1743862888
|switch|p1a: Clefable|Clefable, M|69/100
|move|p2a: Mr. Morale|Nasty Plot|p2a: Mr. Morale
|-boost|p2a: Mr. Morale|spa|2
|
|upkeep
|turn|13
|c|☆Its Tempest|I thought you'd try to swords dance thinking id switch
|c|☆Huhyuyu|People do that huh
|
|t:|1743862917
|-terastallize|p2a: Mr. Morale|Ghost
|move|p2a: Mr. Morale|Ice Beam|p1a: Clefable
|-damage|p1a: Clefable|40/100
|-status|p1a: Clefable|frz
|-curestatus|p1a: Clefable|frz|[msg]
|move|p1a: Clefable|Thunderbolt|p2a: Mr. Morale
|-damage|p2a: Mr. Morale|46/100
|
|upkeep
|turn|14
|c|☆Huhyuyu|My luck bro
|inactive|Huhyuyu has 120 seconds left.
|c|☆Huhyuyu|isnt usually this good
|c|☆Its Tempest|I popped off for a second, lol
|inactive|Its Tempest has 120 seconds left.
|c|☆Huhyuyu|i Only have set up on rev because it’s random idk
|c|☆Huhyuyu|yeah lmao
|
|t:|1743862970
|move|p2a: Mr. Morale|Ice Beam|p1a: Clefable
|-damage|p1a: Clefable|12/100
|move|p1a: Clefable|Thunderbolt|p2a: Mr. Morale
|-damage|p2a: Mr. Morale|0 fnt
|faint|p2a: Mr. Morale
|
|upkeep
|
|t:|1743862976
|switch|p2a: The Crody|Pecharunt|60/100
|-sideend|p2: Its Tempest|move: Toxic Spikes|[of] p2a: The Crody
|turn|15
|
|t:|1743862982
|move|p2a: The Crody|Malignant Chain|p1a: Clefable
|-supereffective|p1a: Clefable
|-damage|p1a: Clefable|0 fnt
|faint|p1a: Clefable
|
|upkeep
|
|t:|1743862988
|switch|p1a: Kingambit|Kingambit, F|91/100
|turn|16
|c|☆Its Tempest|I think im cooked
|c|☆Huhyuyu|Fr sorry bro
|inactive|Its Tempest has 120 seconds left.
|
|t:|1743863000
|move|p1a: Kingambit|Bitter Malice|p2a: The Crody
|-supereffective|p2a: The Crody
|-damage|p2a: The Crody|0 fnt
|faint|p2a: The Crody
|-damage|p1a: Kingambit|81/100|[from] item: Life Orb
|
|upkeep
|inactive|Its Tempest has 120 seconds left.
|
|t:|1743863007
|switch|p2a: Last Stand|Kingambit, F|100/100
|-activate|p2a: Last Stand|ability: Supreme Overlord
|-start|p2a: Last Stand|fallen5|[silent]
|turn|17
|inactive|Huhyuyu has 120 seconds left.
|
|t:|1743863024
|switch|p1a: Zapdos|Zapdos|51/100
|move|p2a: Last Stand|Swords Dance|p2a: Last Stand
|-boost|p2a: Last Stand|atk|2
|
|upkeep
|turn|18
|
|t:|1743863032
|move|p1a: Zapdos|Thunderbolt|p2a: Last Stand
|-damage|p2a: Last Stand|27/100
|-status|p2a: Last Stand|par
|-damage|p1a: Zapdos|41/100|[from] item: Life Orb
|move|p2a: Last Stand|Kowtow Cleave|p1a: Zapdos
|-damage|p1a: Zapdos|0 fnt
|faint|p1a: Zapdos
|
|upkeep
|inactive|Huhyuyu has 120 seconds left.
|c|☆Huhyuyu|You do have sucker punch right?
|
|t:|1743863050
|switch|p1a: Kingambit|Kingambit, F|81/100
|turn|19
|
|t:|1743863053
|move|p2a: Last Stand|Sucker Punch|p1a: Kingambit
|-supereffective|p1a: Kingambit
|-damage|p1a: Kingambit|0 fnt
|replace|p1a: Zoroark|Zoroark-Hisui, F
|-end|p1a: Zoroark|Illusion
|faint|p1a: Zoroark
|
|upkeep
|c|☆Its Tempest|ofc
|c|☆Huhyuyu|Nice
|
|t:|1743863058
|switch|p1a: Kingambit|Kingambit, F|100/100
|-activate|p1a: Kingambit|ability: Supreme Overlord
|-start|p1a: Kingambit|fallen5|[silent]
|turn|20
|
|t:|1743863065
|-terastallize|p1a: Kingambit|Dark
|move|p1a: Kingambit|X-Scissor|p2a: Last Stand
|-damage|p2a: Last Stand|0 fnt
|faint|p2a: Last Stand
|-end|p2a: Last Stand|fallen5|[silent]
|
|win|Huhyuyu
|raw|Huhyuyu's rating: 1280 &rarr; <strong>1306</strong><br />(+26 for winning)
|raw|Its Tempest's rating: 1293 &rarr; <strong>1267</strong><br />(-26 for losing)
|c|☆Its Tempest|gg
|c|☆Huhyuyu|Gg
|c|☆Huhyuyu|You did good but team needs improvement
|c|☆Its Tempest|Maybe, maybe
|c|☆Huhyuyu|Frfr
|c|☆Its Tempest|I misplayed a lot too
|c|☆Huhyuyu|yeah that too lmao
|c|☆Its Tempest|My  brain needs improvement, do you know where I can go for something like that?
|c|☆Huhyuyu|YouTube freezi
|c|☆Huhyuyu|freezai
|c|☆Huhyuyu|goof YouTuber gives tips
|c|☆Huhyuyu|good
|c|☆Its Tempest|Right on, I'll check it out
|c|☆Its Tempest|Thx playa
|c|☆Huhyuyu|yes
|c|☆Huhyuyu|fr cya
|c|☆Its Tempest|Take it easy
|c|☆Huhyuyu|You too
|l|☆Its Tempest
|player|p2|
|l|☆Huhyuyu
|player|p1|
