|j|☆pokemon showdwon
|j|☆Mike123mass
|t:|1743889442
|gametype|singles
|player|p1|pokemon showdwon|170|1111
|player|p2|Mike123mass|iris-gen5bw2|1149
|teamsize|p1|6
|teamsize|p2|6
|gen|9
|tier|[Gen 9] OU
|rated|
|rule|HP Percentage Mod: HP is shown in percentages
|rule|Endless Battle Clause: Forcing endless battles is banned
|rule|Species Clause: Limit one of each Pokémon
|rule|OHKO Clause: OHKO moves are banned
|rule|Evasion Items Clause: Evasion items are banned
|rule|Evasion Moves Clause: Evasion moves are banned
|rule|Sleep Moves Clause: Sleep-inducing moves are banned
|clearpoke
|poke|p1|Hitmonlee, M|
|poke|p1|Ting-Lu|
|poke|p1|Chandelure, F|
|poke|p1|Articuno-Galar|
|poke|p1|Cryogonal|
|poke|p1|Brute Bonnet|
|poke|p2|Pikachu-Original, M|
|poke|p2|Primarina, F|
|poke|p2|Kingambit, M|
|poke|p2|Weezing-Galar, M|
|poke|p2|Zamazenta-*|
|poke|p2|Ceruledge, M|
|teampreview
|inactive|Battle timer is ON: inactive players will automatically lose when time's up. (requested by Mike123mass)
|
|t:|1743889486
|start
|switch|p1a: Bibi|Articuno-Galar, shiny|100/100
|switch|p2a: Ceruledge|Ceruledge, M|100/100
|turn|1
|
|t:|1743889493
|move|p2a: Ceruledge|Swords Dance|p2a: Ceruledge
|-boost|p2a: Ceruledge|atk|2
|move|p1a: Bibi|Future Sight|p2a: Ceruledge
|-start|p1a: Bibi|move: Future Sight
|
|upkeep
|turn|2
|
|t:|1743889498
|move|p2a: Ceruledge|Flame Charge|p1a: Bibi
|-damage|p1a: Bibi|49/100
|-boost|p2a: Ceruledge|spe|1
|move|p1a: Bibi|Psyshock|p2a: Ceruledge
|-damage|p2a: Ceruledge|33/100
|
|upkeep
|turn|3
|
|t:|1743889515
|switch|p1a: bibii|Chandelure, F, shiny|100/100
|move|p2a: Ceruledge|Bitter Blade|p1a: bibii
|-resisted|p1a: bibii
|-damage|p1a: bibii|33/100
|-heal|p2a: Ceruledge|64/100|[from] drain|[of] p1a: bibii
|
|-end|p2a: Ceruledge|move: Future Sight
|-damage|p2a: Ceruledge|0 fnt
|faint|p2a: Ceruledge
|upkeep
|
|t:|1743889525
|switch|p2a: Luna Snow|Primarina, F|100/100
|turn|4
|
|t:|1743889537
|move|p1a: bibii|Energy Ball|p2a: Luna Snow
|-supereffective|p2a: Luna Snow
|-damage|p2a: Luna Snow|56/100
|-unboost|p2a: Luna Snow|spd|1
|move|p2a: Luna Snow|Sparkling Aria|p1a: bibii
|-supereffective|p1a: bibii
|-damage|p1a: bibii|0 fnt
|faint|p1a: bibii
|
|upkeep
|
|t:|1743889546
|switch|p1a: Bibi|Articuno-Galar, shiny|49/100
|turn|5
|
|t:|1743889552
|move|p1a: Bibi|Future Sight|p2a: Luna Snow
|-start|p1a: Bibi|move: Future Sight
|move|p2a: Luna Snow|Ice Beam|p1a: Bibi
|-supereffective|p1a: Bibi
|-damage|p1a: Bibi|11/100
|
|upkeep
|turn|6
|
|t:|1743889560
|switch|p2a: The King|Kingambit, M|100/100
|-activate|p2a: The King|ability: Supreme Overlord
|-start|p2a: The King|fallen1|[silent]
|move|p1a: Bibi|Air Slash|p2a: The King
|-resisted|p2a: The King
|-damage|p2a: The King|79/100
|
|upkeep
|turn|7
|
|t:|1743889570
|switch|p1a: bonkerz|Ting-Lu|100/100
|-ability|p1a: bonkerz|Vessel of Ruin
|move|p2a: The King|Swords Dance|p2a: The King
|-boost|p2a: The King|atk|2
|
|-end|p2a: The King|move: Future Sight
|-immune|p2a: The King
|upkeep
|turn|8
|
|t:|1743889588
|-terastallize|p2a: The King|Flying
|move|p2a: The King|Brick Break|p1a: bonkerz
|-supereffective|p1a: bonkerz
|-damage|p1a: bonkerz|32/100
|move|p1a: bonkerz|Whirlwind|p2a: The King
|-end|p2a: The King|fallen1|[silent]
|drag|p2a: Wheeze|Weezing-Galar, M|100/100
|
|-heal|p1a: bonkerz|38/100|[from] item: Leftovers
|upkeep
|turn|9
|
|t:|1743889599
|move|p2a: Wheeze|Will-O-Wisp|p1a: bonkerz
|-status|p1a: bonkerz|brn
|move|p1a: bonkerz|Stealth Rock|p2a: Wheeze
|-sidestart|p2: Mike123mass|move: Stealth Rock
|
|-heal|p1a: bonkerz|44/100 brn|[from] item: Leftovers
|-damage|p1a: bonkerz|38/100 brn|[from] brn
|upkeep
|turn|10
|
|t:|1743889607
|move|p2a: Wheeze|Strange Steam|p1a: bonkerz
|-supereffective|p1a: bonkerz
|-damage|p1a: bonkerz|15/100 brn
|move|p1a: bonkerz|Spikes|p2a: Wheeze
|-sidestart|p2: Mike123mass|Spikes
|
|-heal|p1a: bonkerz|21/100 brn|[from] item: Leftovers
|-damage|p1a: bonkerz|15/100 brn|[from] brn
|upkeep
|turn|11
|
|t:|1743889612
|move|p2a: Wheeze|Strange Steam|p1a: bonkerz
|-supereffective|p1a: bonkerz
|-damage|p1a: bonkerz|0 fnt
|faint|p1a: bonkerz
|
|upkeep
|
|t:|1743889618
|switch|p1a: Bibi|Articuno-Galar, shiny|11/100
|turn|12
|
|t:|1743889628
|move|p1a: Bibi|Air Slash|p2a: Wheeze
|-damage|p2a: Wheeze|48/100
|move|p2a: Wheeze|Fire Blast|p1a: Bibi
|-damage|p1a: Bibi|0 fnt
|faint|p1a: Bibi
|
|-heal|p2a: Wheeze|53/100|[from] item: Leftovers
|upkeep
|
|t:|1743889646
|switch|p1a: klonckers|Hitmonlee, M|100/100
|turn|13
|
|t:|1743889652
|move|p1a: klonckers|Double-Edge|p2a: Wheeze
|-damage|p2a: Wheeze|5/100
|-damage|p1a: klonckers|79/100|[from] Recoil
|move|p2a: Wheeze|Strange Steam|p1a: klonckers
|-supereffective|p1a: klonckers
|-damage|p1a: klonckers|1/100
|-start|p1a: klonckers|confusion
|
|-heal|p2a: Wheeze|11/100|[from] item: Leftovers
|upkeep
|turn|14
|
|t:|1743889661
|-activate|p1a: klonckers|confusion
|move|p1a: klonckers|Double-Edge|p2a: Wheeze
|-damage|p2a: Wheeze|0 fnt
|faint|p2a: Wheeze
|-damage|p1a: klonckers|0 fnt|[from] Recoil
|faint|p1a: klonckers
|
|upkeep
|
|t:|1743889678
|switch|p1a: wUmBo|Brute Bonnet|100/100
|switch|p2a: Luna Snow|Primarina, F|56/100
|-damage|p2a: Luna Snow|44/100|[from] Stealth Rock
|-damage|p2a: Luna Snow|31/100|[from] Spikes
|-enditem|p1a: wUmBo|Booster Energy
|-activate|p1a: wUmBo|ability: Protosynthesis|[fromitem]
|-start|p1a: wUmBo|protosynthesisatk
|turn|15
|
|t:|1743889695
|-terastallize|p1a: wUmBo|Poison
|move|p2a: Luna Snow|Ice Beam|p1a: wUmBo
|-damage|p1a: wUmBo|75/100
|-status|p1a: wUmBo|frz
|cant|p1a: wUmBo|frz
|
|upkeep
|turn|16
|
|t:|1743889707
|move|p2a: Luna Snow|Sparkling Aria|p1a: wUmBo
|-damage|p1a: wUmBo|17/100 frz
|-curestatus|p1a: wUmBo|frz|[msg]
|move|p1a: wUmBo|Seed Bomb|p2a: Luna Snow
|-supereffective|p2a: Luna Snow
|-damage|p2a: Luna Snow|0 fnt
|faint|p2a: Luna Snow
|
|upkeep
|
|t:|1743889713
|switch|p2a: The King|Kingambit, M, tera:Flying|79/100
|-damage|p2a: The King|54/100|[from] Stealth Rock
|-activate|p2a: The King|ability: Supreme Overlord
|-start|p2a: The King|fallen3|[silent]
|turn|17
|
|t:|1743889717
|move|p2a: The King|Sucker Punch|p1a: wUmBo
|-damage|p1a: wUmBo|0 fnt
|faint|p1a: wUmBo
|-end|p1a: wUmBo|Protosynthesis|[silent]
|
|upkeep
|
|t:|1743889721
|switch|p1a: bibi|Cryogonal, shiny|100/100
|turn|18
|
|t:|1743889724
|move|p1a: bibi|Freeze-Dry|p2a: The King
|-supereffective|p2a: The King
|-damage|p2a: The King|0 fnt
|faint|p2a: The King
|-end|p2a: The King|fallen3|[silent]
|
|upkeep
|
|t:|1743889728
|switch|p2a: I Choose You|Pikachu-Original, M|100/100
|-damage|p2a: I Choose You|88/100|[from] Stealth Rock
|-damage|p2a: I Choose You|76/100|[from] Spikes
|turn|19
|
|t:|1743889739
|move|p1a: bibi|Rapid Spin|p2a: I Choose You
|-damage|p2a: I Choose You|54/100
|-boost|p1a: bibi|spe|1
|move|p2a: I Choose You|Thunderbolt|p1a: bibi
|-damage|p1a: bibi|55/100
|
|upkeep
|turn|20
|
|t:|1743889748
|move|p1a: bibi|Freeze-Dry|p2a: I Choose You
|-damage|p2a: I Choose You|0 fnt
|faint|p2a: I Choose You
|
|upkeep
|
|t:|1743889750
|switch|p2a: Shieldog|Zamazenta|100/100
|-damage|p2a: Shieldog|94/100|[from] Stealth Rock
|-damage|p2a: Shieldog|82/100|[from] Spikes
|-ability|p2a: Shieldog|Dauntless Shield|boost
|-boost|p2a: Shieldog|def|1
|turn|21
|
|t:|1743889753
|move|p1a: bibi|Freeze-Dry|p2a: Shieldog
|-damage|p2a: Shieldog|58/100
|-status|p2a: Shieldog|frz
|cant|p2a: Shieldog|frz
|
|-heal|p2a: Shieldog|65/100 frz|[from] item: Leftovers
|upkeep
|turn|22
|
|t:|1743889757
|move|p1a: bibi|Freeze-Dry|p2a: Shieldog
|-damage|p2a: Shieldog|42/100 frz
|-curestatus|p2a: Shieldog|frz|[msg]
|move|p2a: Shieldog|Body Press|p1a: bibi
|-supereffective|p1a: bibi
|-damage|p1a: bibi|0 fnt
|faint|p1a: bibi
|
|win|Mike123mass
|raw|pokemon showdwon's rating: 1111 &rarr; <strong>1089</strong><br />(-22 for losing)
|raw|Mike123mass's rating: 1149 &rarr; <strong>1171</strong><br />(+22 for winning)
|c|☆Mike123mass|gg
|l|☆pokemon showdwon
|player|p1|
|l|☆Mike123mass
|player|p2|
