|j|☆kshuaib734
|j|☆Oyayo Ai Hoshino
|t:|1743857728
|gametype|singles
|player|p1|kshuaib734|steven|1641
|player|p2|Oyayo Ai Hoshino|dawn|1624
|teamsize|p1|6
|teamsize|p2|6
|gen|9
|tier|[Gen 9] OU
|rated|
|rule|HP Percentage Mod: HP is shown in percentages
|rule|Endless Battle Clause: Forcing endless battles is banned
|rule|Species Clause: Limit one of each Pokémon
|rule|OHKO Clause: OHKO moves are banned
|rule|Evasion Items Clause: Evasion items are banned
|rule|Evasion Moves Clause: Evasion moves are banned
|rule|Sleep Moves Clause: Sleep-inducing moves are banned
|clearpoke
|poke|p1|Tyranitar, F|
|poke|p1|Jolteon, M|
|poke|p1|Pelipper, F|
|poke|p1|Quaquaval, F|
|poke|p1|Qwilfish-Hisui, M|
|poke|p1|Excadrill, M|
|poke|p2|Dragapult, F|
|poke|p2|Darkrai|
|poke|p2|Corviknight, M|
|poke|p2|Fezandipiti, M|
|poke|p2|Ting-Lu|
|poke|p2|Pecharunt|
|teampreview
|inactive|Battle timer is ON: inactive players will automatically lose when time's up. (requested by kshuaib734)
|
|t:|1743857755
|start
|switch|p1a: Tyrant's Downpour|Pelipper, F|100/100
|switch|p2a: Dragapult|Dragapult, F|100/100
|-weather|RainDance|[from] ability: Drizzle|[of] p1a: Tyrant's Downpour
|turn|1
|
|t:|1743857773
|move|p2a: Dragapult|Will-O-Wisp|p1a: Tyrant's Downpour
|-status|p1a: Tyrant's Downpour|brn
|move|p1a: Tyrant's Downpour|Knock Off|p2a: Dragapult
|-supereffective|p2a: Dragapult
|-damage|p2a: Dragapult|84/100
|-enditem|p2a: Dragapult|Heavy-Duty Boots|[from] move: Knock Off|[of] p1a: Tyrant's Downpour
|
|-weather|RainDance|[upkeep]
|-damage|p1a: Tyrant's Downpour|94/100 brn|[from] brn
|upkeep
|turn|2
|
|t:|1743857785
|switch|p1a: Tyrant's Enforcer|Qwilfish-Hisui, M|100/100
|move|p2a: Dragapult|Hex|p1a: Tyrant's Enforcer
|-resisted|p1a: Tyrant's Enforcer
|-damage|p1a: Tyrant's Enforcer|84/100
|
|-weather|RainDance|[upkeep]
|upkeep
|turn|3
|
|t:|1743857793
|switch|p2a: Corviknight|Corviknight, M|100/100
|-ability|p2a: Corviknight|Pressure
|move|p1a: Tyrant's Enforcer|Spikes|p2a: Corviknight
|-sidestart|p2: Oyayo Ai Hoshino|Spikes
|
|-weather|RainDance|[upkeep]
|upkeep
|turn|4
|
|t:|1743857809
|switch|p1a: Tyrant's Envoy|Jolteon, M|100/100
|move|p2a: Corviknight|U-turn|p1a: Tyrant's Envoy
|-damage|p1a: Tyrant's Envoy|74/100
|
|t:|1743857813
|switch|p2a: Fezandipiti|Fezandipiti, M|100/100|[from] U-turn
|
|-weather|RainDance|[upkeep]
|-status|p1a: Tyrant's Envoy|brn|[from] item: Flame Orb
|upkeep
|turn|5
|
|t:|1743857819
|move|p1a: Tyrant's Envoy|Volt Switch|p2a: Fezandipiti
|-damage|p2a: Fezandipiti|78/100
|
|t:|1743857824
|switch|p1a: Tyrant's Enforcer|Qwilfish-Hisui, M|84/100|[from] Volt Switch
|move|p2a: Fezandipiti|Moonblast|p1a: Tyrant's Enforcer
|-damage|p1a: Tyrant's Enforcer|52/100
|-unboost|p1a: Tyrant's Enforcer|spa|1
|
|-weather|RainDance|[upkeep]
|upkeep
|turn|6
|
|t:|1743857835
|switch|p2a: Corviknight|Corviknight, M|100/100
|-ability|p2a: Corviknight|Pressure
|move|p1a: Tyrant's Enforcer|Spikes|p2a: Corviknight
|-sidestart|p2: Oyayo Ai Hoshino|Spikes
|
|-weather|RainDance|[upkeep]
|upkeep
|turn|7
|
|t:|1743857847
|move|p1a: Tyrant's Enforcer|Self-Destruct|p2a: Corviknight
|-resisted|p2a: Corviknight
|-damage|p2a: Corviknight|82/100
|faint|p1a: Tyrant's Enforcer
|move|p2a: Corviknight|U-turn|p1: Tyrant's Enforcer|[notarget]
|-fail|p2a: Corviknight
|
|-weather|RainDance|[upkeep]
|upkeep
|
|t:|1743857854
|switch|p1a: Tyrant's Endgame|Quaquaval, F|100/100
|turn|8
|
|t:|1743857861
|move|p1a: Tyrant's Endgame|Wave Crash|p2a: Corviknight
|-damage|p2a: Corviknight|11/100
|-damage|p1a: Tyrant's Endgame|70/100|[from] Recoil
|move|p2a: Corviknight|Roost|p2a: Corviknight
|-heal|p2a: Corviknight|61/100
|-singleturn|p2a: Corviknight|move: Roost
|
|-weather|none
|upkeep
|turn|9
|
|t:|1743857872
|switch|p1a: Tyrant's Downpour|Pelipper, F|94/100 brn
|-weather|RainDance|[from] ability: Drizzle|[of] p1a: Tyrant's Downpour
|move|p2a: Corviknight|Roost|p2a: Corviknight
|-heal|p2a: Corviknight|100/100
|-singleturn|p2a: Corviknight|move: Roost
|
|-weather|RainDance|[upkeep]
|-damage|p1a: Tyrant's Downpour|88/100 brn|[from] brn
|upkeep
|turn|10
|j| AKARANATA
|
|t:|1743857881
|move|p2a: Corviknight|U-turn|p1a: Tyrant's Downpour
|-resisted|p1a: Tyrant's Downpour
|-damage|p1a: Tyrant's Downpour|83/100 brn
|
|t:|1743857888
|switch|p2a: Fezandipiti|Fezandipiti, M|78/100|[from] U-turn
|move|p1a: Tyrant's Downpour|U-turn|p2a: Fezandipiti
|-resisted|p2a: Fezandipiti
|-damage|p2a: Fezandipiti|77/100
|
|t:|1743857902
|switch|p1a: Tyrant's Legacy|Excadrill, M|100/100|[from] U-turn
|
|-weather|RainDance|[upkeep]
|upkeep
|turn|11
|
|t:|1743857910
|switch|p2a: Corviknight|Corviknight, M|100/100
|-ability|p2a: Corviknight|Pressure
|move|p1a: Tyrant's Legacy|Iron Head|p2a: Corviknight
|-resisted|p2a: Corviknight
|-damage|p2a: Corviknight|81/100
|-damage|p1a: Tyrant's Legacy|91/100|[from] item: Life Orb
|
|-weather|RainDance|[upkeep]
|upkeep
|turn|12
|
|t:|1743857920
|-terastallize|p1a: Tyrant's Legacy|Electric
|move|p1a: Tyrant's Legacy|Tera Blast|p2a: Corviknight|[anim] Tera Blast Electric
|-supereffective|p2a: Corviknight
|-damage|p2a: Corviknight|5/100
|-damage|p1a: Tyrant's Legacy|81/100|[from] item: Life Orb
|move|p2a: Corviknight|Body Press|p1a: Tyrant's Legacy
|-damage|p1a: Tyrant's Legacy|42/100
|
|-weather|RainDance|[upkeep]
|upkeep
|turn|13
|
|t:|1743857941
|switch|p2a: Dragapult|Dragapult, F|84/100
|-damage|p2a: Dragapult|68/100|[from] Spikes
|move|p1a: Tyrant's Legacy|Iron Head|p2a: Dragapult
|-crit|p2a: Dragapult
|-damage|p2a: Dragapult|0 fnt
|faint|p2a: Dragapult
|-damage|p1a: Tyrant's Legacy|32/100|[from] item: Life Orb
|
|-weather|RainDance|[upkeep]
|upkeep
|
|t:|1743857943
|switch|p2a: Darkrai|Darkrai|100/100
|turn|14
|
|t:|1743857955
|switch|p1a: King Tyrant|Tyranitar, F|100/100
|-weather|Sandstorm|[from] ability: Sand Stream|[of] p1a: King Tyrant
|move|p2a: Darkrai|Sludge Bomb|p1a: King Tyrant
|-resisted|p1a: King Tyrant
|-damage|p1a: King Tyrant|93/100
|
|-weather|Sandstorm|[upkeep]
|-damage|p2a: Darkrai|94/100|[from] Sandstorm
|upkeep
|turn|15
|
|t:|1743857964
|switch|p2a: Ting-Lu|Ting-Lu|100/100
|-damage|p2a: Ting-Lu|84/100|[from] Spikes
|-ability|p2a: Ting-Lu|Vessel of Ruin
|move|p1a: King Tyrant|Stealth Rock|p2a: Ting-Lu
|-sidestart|p2: Oyayo Ai Hoshino|move: Stealth Rock
|
|-weather|Sandstorm|[upkeep]
|-heal|p2a: Ting-Lu|90/100|[from] item: Leftovers
|upkeep
|turn|16
|
|t:|1743857973
|move|p1a: King Tyrant|Knock Off|p2a: Ting-Lu
|-resisted|p2a: Ting-Lu
|-damage|p2a: Ting-Lu|78/100
|-enditem|p2a: Ting-Lu|Leftovers|[from] move: Knock Off|[of] p1a: King Tyrant
|move|p2a: Ting-Lu|Stealth Rock|p1a: King Tyrant
|-sidestart|p1: kshuaib734|move: Stealth Rock
|
|-weather|Sandstorm|[upkeep]
|upkeep
|turn|17
|
|t:|1743857982
|switch|p1a: Tyrant's Downpour|Pelipper, F|83/100 brn
|-damage|p1a: Tyrant's Downpour|58/100 brn|[from] Stealth Rock
|-weather|RainDance|[from] ability: Drizzle|[of] p1a: Tyrant's Downpour
|move|p2a: Ting-Lu|Ruination|p1a: Tyrant's Downpour
|-damage|p1a: Tyrant's Downpour|30/100 brn
|
|-weather|RainDance|[upkeep]
|-damage|p1a: Tyrant's Downpour|23/100 brn|[from] brn
|upkeep
|turn|18
|
|t:|1743857992
|switch|p2a: Fezandipiti|Fezandipiti, M|77/100
|move|p1a: Tyrant's Downpour|Weather Ball|p2a: Fezandipiti
|-damage|p2a: Fezandipiti|45/100
|
|-weather|RainDance|[upkeep]
|-damage|p1a: Tyrant's Downpour|17/100 brn|[from] brn
|upkeep
|turn|19
|
|t:|1743858000
|move|p2a: Fezandipiti|Roost|p2a: Fezandipiti
|-heal|p2a: Fezandipiti|95/100
|-singleturn|p2a: Fezandipiti|move: Roost
|move|p1a: Tyrant's Downpour|Weather Ball|p2a: Fezandipiti
|-damage|p2a: Fezandipiti|60/100
|
|-weather|RainDance|[upkeep]
|-damage|p1a: Tyrant's Downpour|11/100 brn|[from] brn
|upkeep
|turn|20
|
|t:|1743858012
|move|p2a: Fezandipiti|Roost|p2a: Fezandipiti
|-heal|p2a: Fezandipiti|100/100
|-singleturn|p2a: Fezandipiti|move: Roost
|move|p1a: Tyrant's Downpour|Knock Off|p2a: Fezandipiti
|-resisted|p2a: Fezandipiti
|-crit|p2a: Fezandipiti
|-damage|p2a: Fezandipiti|96/100
|-enditem|p2a: Fezandipiti|Heavy-Duty Boots|[from] move: Knock Off|[of] p1a: Tyrant's Downpour
|
|-weather|RainDance|[upkeep]
|-damage|p1a: Tyrant's Downpour|5/100 brn|[from] brn
|upkeep
|turn|21
|
|t:|1743858021
|move|p2a: Fezandipiti|Moonblast|p1a: Tyrant's Downpour
|-damage|p1a: Tyrant's Downpour|0 fnt
|faint|p1a: Tyrant's Downpour
|
|-weather|RainDance|[upkeep]
|upkeep
|
|t:|1743858028
|switch|p1a: Tyrant's Endgame|Quaquaval, F|70/100
|-damage|p1a: Tyrant's Endgame|64/100|[from] Stealth Rock
|turn|22
|
|t:|1743858048
|switch|p1a: King Tyrant|Tyranitar, F|93/100
|-damage|p1a: King Tyrant|81/100|[from] Stealth Rock
|-weather|Sandstorm|[from] ability: Sand Stream|[of] p1a: King Tyrant
|switch|p2a: Pecharunt|Pecharunt|100/100
|
|-weather|Sandstorm|[upkeep]
|-damage|p2a: Pecharunt|94/100|[from] Sandstorm
|upkeep
|turn|23
|
|t:|1743858058
|move|p2a: Pecharunt|Parting Shot|p1a: King Tyrant
|-unboost|p1a: King Tyrant|atk|1
|-unboost|p1a: King Tyrant|spa|1
|
|t:|1743858061
|switch|p2a: Ting-Lu|Ting-Lu|78/100|[from] Parting Shot
|-damage|p2a: Ting-Lu|61/100|[from] Spikes
|-damage|p2a: Ting-Lu|55/100|[from] Stealth Rock
|-ability|p2a: Ting-Lu|Vessel of Ruin
|move|p1a: King Tyrant|Knock Off|p2a: Ting-Lu
|-resisted|p2a: Ting-Lu
|-damage|p2a: Ting-Lu|50/100
|
|-weather|Sandstorm|[upkeep]
|upkeep
|turn|24
|
|t:|1743858071
|move|p1a: King Tyrant|Ice Beam|p2a: Ting-Lu
|-supereffective|p2a: Ting-Lu
|-damage|p2a: Ting-Lu|37/100
|move|p2a: Ting-Lu|Earthquake|p1a: King Tyrant
|-supereffective|p1a: King Tyrant
|-damage|p1a: King Tyrant|26/100
|-enditem|p1a: King Tyrant|Weakness Policy
|-boost|p1a: King Tyrant|atk|2|[from] item: Weakness Policy
|-boost|p1a: King Tyrant|spa|2|[from] item: Weakness Policy
|
|-weather|Sandstorm|[upkeep]
|upkeep
|turn|25
|j| kingambit player
|
|t:|1743858089
|move|p1a: King Tyrant|Ice Beam|p2a: Ting-Lu
|-supereffective|p2a: Ting-Lu
|-damage|p2a: Ting-Lu|10/100
|move|p2a: Ting-Lu|Earthquake|p1a: King Tyrant
|-supereffective|p1a: King Tyrant
|-damage|p1a: King Tyrant|0 fnt
|faint|p1a: King Tyrant
|
|-weather|Sandstorm|[upkeep]
|upkeep
|l| kingambit player
|
|t:|1743858097
|switch|p1a: Tyrant's Endgame|Quaquaval, F|64/100
|-damage|p1a: Tyrant's Endgame|58/100|[from] Stealth Rock
|turn|26
|
|t:|1743858102
|switch|p2a: Pecharunt|Pecharunt|94/100
|move|p1a: Tyrant's Endgame|Aqua Step|p2a: Pecharunt
|-damage|p2a: Pecharunt|69/100
|-boost|p1a: Tyrant's Endgame|spe|1
|
|-weather|none
|upkeep
|turn|27
|
|t:|1743858112
|switch|p1a: Tyrant's Legacy|Excadrill, M, tera:Electric|32/100
|-damage|p1a: Tyrant's Legacy|20/100|[from] Stealth Rock
|move|p2a: Pecharunt|Recover|p2a: Pecharunt
|-heal|p2a: Pecharunt|100/100
|
|upkeep
|turn|28
|l| AKARANATA
|
|t:|1743858122
|switch|p2a: Corviknight|Corviknight, M|5/100
|-damage|p2a: Corviknight|0 fnt|[from] Stealth Rock
|faint|p2a: Corviknight
|move|p1a: Tyrant's Legacy|Earthquake|p2: Corviknight|[notarget]
|-fail|p1a: Tyrant's Legacy
|
|upkeep
|j| AKARANATA
|l| AKARANATA
|
|t:|1743858134
|switch|p2a: Darkrai|Darkrai|94/100
|turn|29
|
|t:|1743858145
|move|p2a: Darkrai|Sludge Bomb|p1a: Tyrant's Legacy
|-damage|p1a: Tyrant's Legacy|0 fnt
|faint|p1a: Tyrant's Legacy
|
|upkeep
|
|t:|1743858152
|switch|p1a: Tyrant's Envoy|Jolteon, M|74/100 brn
|-damage|p1a: Tyrant's Envoy|62/100 brn|[from] Stealth Rock
|turn|30
|
|t:|1743858157
|move|p1a: Tyrant's Envoy|Alluring Voice|p2a: Darkrai
|-supereffective|p2a: Darkrai
|-damage|p2a: Darkrai|27/100
|move|p2a: Darkrai|Sludge Bomb|p1a: Tyrant's Envoy
|-damage|p1a: Tyrant's Envoy|22/100 brn
|
|-damage|p1a: Tyrant's Envoy|16/100 brn|[from] brn
|upkeep
|turn|31
|
|t:|1743858168
|switch|p2a: Ting-Lu|Ting-Lu|10/100
|-damage|p2a: Ting-Lu|0 fnt|[from] Spikes
|faint|p2a: Ting-Lu
|move|p1a: Tyrant's Envoy|Weather Ball|p2: Ting-Lu|[notarget]
|-fail|p1a: Tyrant's Envoy
|
|-damage|p1a: Tyrant's Envoy|10/100 brn|[from] brn
|upkeep
|
|t:|1743858171
|switch|p2a: Fezandipiti|Fezandipiti, M|96/100
|-damage|p2a: Fezandipiti|79/100|[from] Spikes
|-damage|p2a: Fezandipiti|67/100|[from] Stealth Rock
|turn|32
|
|t:|1743858180
|move|p1a: Tyrant's Envoy|Thunder|p2a: Fezandipiti
|-damage|p2a: Fezandipiti|31/100
|move|p2a: Fezandipiti|Roost|p2a: Fezandipiti
|-heal|p2a: Fezandipiti|81/100
|-singleturn|p2a: Fezandipiti|move: Roost
|
|-damage|p1a: Tyrant's Envoy|3/100 brn|[from] brn
|upkeep
|turn|33
|
|t:|1743858188
|move|p1a: Tyrant's Envoy|Thunder|p2a: Fezandipiti|[miss]
|-miss|p1a: Tyrant's Envoy|p2a: Fezandipiti
|move|p2a: Fezandipiti|Roost|p2a: Fezandipiti
|-heal|p2a: Fezandipiti|100/100
|-singleturn|p2a: Fezandipiti|move: Roost
|
|-damage|p1a: Tyrant's Envoy|0 fnt|[from] brn
|faint|p1a: Tyrant's Envoy
|upkeep
|c|☆Oyayo Ai Hoshino|gg
|
|t:|1743858197
|switch|p1a: Tyrant's Endgame|Quaquaval, F|58/100
|-damage|p1a: Tyrant's Endgame|52/100|[from] Stealth Rock
|turn|34
|
|t:|1743858201
|-terastallize|p2a: Fezandipiti|Water
|move|p1a: Tyrant's Endgame|Wave Crash|p2a: Fezandipiti
|-resisted|p2a: Fezandipiti
|-damage|p2a: Fezandipiti|56/100
|-damage|p1a: Tyrant's Endgame|34/100|[from] Recoil
|move|p2a: Fezandipiti|Moonblast|p1a: Tyrant's Endgame
|-supereffective|p1a: Tyrant's Endgame
|-damage|p1a: Tyrant's Endgame|0 fnt
|faint|p1a: Tyrant's Endgame
|
|win|Oyayo Ai Hoshino
|raw|kshuaib734's rating: 1641 &rarr; <strong>1620</strong><br />(-21 for losing)
|raw|Oyayo Ai Hoshino's rating: 1624 &rarr; <strong>1645</strong><br />(+21 for winning)
|c|☆kshuaib734|gg
|l|☆Oyayo Ai Hoshino
|player|p2|
|l|☆kshuaib734
|player|p1|
