|j|☆mr tickley
|j|☆Arieon
|t:|1743887321
|gametype|singles
|player|p1|mr tickley|101|1582
|player|p2|Arieon|101|1565
|teamsize|p1|6
|teamsize|p2|6
|gen|9
|tier|[Gen 9] OU
|rated|
|rule|HP Percentage Mod: HP is shown in percentages
|rule|Endless Battle Clause: Forcing endless battles is banned
|rule|Species Clause: Limit one of each Pokémon
|rule|OHKO Clause: OHKO moves are banned
|rule|Evasion Items Clause: Evasion items are banned
|rule|Evasion Moves Clause: Evasion moves are banned
|rule|Sleep Moves Clause: Sleep-inducing moves are banned
|clearpoke
|poke|p1|Jirachi|
|poke|p1|Empoleon, F|
|poke|p1|Meowscarada, F|
|poke|p1|Landorus-Therian, M|
|poke|p1|Skeledirge, M|
|poke|p1|Dragonite, F|
|poke|p2|Glimmora, F|
|poke|p2|Ting-Lu|
|poke|p2|Clefable, M|
|poke|p2|Moltres|
|poke|p2|Dragapult, F|
|poke|p2|Blissey, F|
|teampreview
|inactive|Battle timer is ON: inactive players will automatically lose when time's up. (requested by mr tickley)
|
|t:|1743887338
|start
|switch|p1a: Jirachi|Jirachi|100/100
|switch|p2a: Dragapult|Dragapult, F|100/100
|turn|1
|
|t:|1743887367
|move|p2a: Dragapult|Will-O-Wisp|p1a: Jirachi
|-status|p1a: Jirachi|brn
|move|p1a: Jirachi|Doom Desire|p2a: Dragapult
|-start|p1a: Jirachi|Doom Desire
|
|-damage|p1a: Jirachi|94/100 brn|[from] brn
|upkeep
|turn|2
|
|t:|1743887377
|move|p2a: Dragapult|Hex|p1a: Jirachi
|-supereffective|p1a: Jirachi
|-damage|p1a: Jirachi|17/100 brn
|move|p1a: Jirachi|U-turn|p2a: Dragapult
|-resisted|p2a: Dragapult
|-damage|p2a: Dragapult|96/100
|
|t:|1743887382
|switch|p1a: Landorus|Landorus-Therian, M|100/100|[from] U-turn
|-ability|p1a: Landorus|Intimidate|boost
|-unboost|p2a: Dragapult|atk|1
|
|upkeep
|turn|3
|
|t:|1743887388
|move|p2a: Dragapult|U-turn|p1a: Landorus
|-resisted|p1a: Landorus
|-damage|p1a: Landorus|93/100
|-damage|p2a: Dragapult|79/100|[from] item: Rocky Helmet|[of] p1a: Landorus
|
|t:|1743887390
|switch|p2a: Moltres|Moltres|100/100|[from] U-turn
|move|p1a: Landorus|Stealth Rock|p2a: Moltres
|-sidestart|p2: Arieon|move: Stealth Rock
|
|-end|p2a: Moltres|move: Doom Desire
|-resisted|p2a: Moltres
|-damage|p2a: Moltres|69/100
|upkeep
|turn|4
|
|t:|1743887399
|move|p1a: Landorus|Stone Edge|p2a: Moltres
|-supereffective|p2a: Moltres
|-damage|p2a: Moltres|0 fnt
|faint|p2a: Moltres
|
|upkeep
|
|t:|1743887404
|switch|p2a: Ting-Lu|Ting-Lu|100/100
|-damage|p2a: Ting-Lu|94/100|[from] Stealth Rock
|-ability|p2a: Ting-Lu|Vessel of Ruin
|turn|5
|
|t:|1743887407
|move|p1a: Landorus|U-turn|p2a: Ting-Lu
|-supereffective|p2a: Ting-Lu
|-damage|p2a: Ting-Lu|69/100
|
|t:|1743887411
|switch|p1a: Jirachi|Jirachi|17/100 brn|[from] U-turn
|move|p2a: Ting-Lu|Spikes|p1a: Jirachi
|-sidestart|p1: mr tickley|Spikes
|
|-heal|p2a: Ting-Lu|75/100|[from] item: Leftovers
|-damage|p1a: Jirachi|11/100 brn|[from] brn
|upkeep
|turn|6
|
|t:|1743887418
|move|p1a: Jirachi|Doom Desire|p2a: Ting-Lu
|-start|p1a: Jirachi|Doom Desire
|move|p2a: Ting-Lu|Whirlwind|p1a: Jirachi
|drag|p1a: Meowscarada|Meowscarada, F|100/100
|-damage|p1a: Meowscarada|88/100|[from] Spikes
|
|-heal|p2a: Ting-Lu|81/100|[from] item: Leftovers
|upkeep
|turn|7
|
|t:|1743887427
|switch|p2a: Glimmora|Glimmora, F|100/100
|-damage|p2a: Glimmora|88/100|[from] Stealth Rock
|move|p1a: Meowscarada|Trick|p2a: Glimmora
|-start|p1a: Meowscarada|typechange|Psychic|[from] ability: Protean
|-activate|p1a: Meowscarada|move: Trick|[of] p2a: Glimmora
|-item|p2a: Glimmora|Choice Scarf|[from] move: Trick
|-item|p1a: Meowscarada|Focus Sash|[from] move: Trick
|
|upkeep
|turn|8
|
|t:|1743887448
|switch|p2a: Blissey|Blissey, F|100/100
|switch|p1a: Jirachi|Jirachi|11/100 brn
|-damage|p1a: Jirachi|0 fnt|[from] Spikes
|faint|p1a: Jirachi
|
|-end|p2a: Blissey|move: Doom Desire
|-damage|p2a: Blissey|83/100
|upkeep
|
|t:|1743887452
|switch|p1a: Landorus|Landorus-Therian, M|93/100
|-ability|p1a: Landorus|Intimidate|boost
|-unboost|p2a: Blissey|atk|1
|turn|9
|
|t:|1743887466
|switch|p2a: Ting-Lu|Ting-Lu|81/100
|-damage|p2a: Ting-Lu|75/100|[from] Stealth Rock
|-ability|p2a: Ting-Lu|Vessel of Ruin
|move|p1a: Landorus|Earthquake|p2a: Ting-Lu
|-damage|p2a: Ting-Lu|48/100
|
|-heal|p2a: Ting-Lu|54/100|[from] item: Leftovers
|upkeep
|turn|10
|
|t:|1743887475
|move|p1a: Landorus|U-turn|p2a: Ting-Lu
|-supereffective|p2a: Ting-Lu
|-damage|p2a: Ting-Lu|30/100
|
|t:|1743887481
|switch|p1a: Empoleon|Empoleon, F|100/100|[from] U-turn
|-damage|p1a: Empoleon|88/100|[from] Spikes
|move|p2a: Ting-Lu|Spikes|p1a: Empoleon
|-sidestart|p1: mr tickley|Spikes
|
|-heal|p1a: Empoleon|94/100|[from] item: Leftovers
|-heal|p2a: Ting-Lu|36/100|[from] item: Leftovers
|upkeep
|turn|11
|
|t:|1743887490
|move|p1a: Empoleon|Flip Turn|p2a: Ting-Lu
|-supereffective|p2a: Ting-Lu
|-damage|p2a: Ting-Lu|21/100
|
|t:|1743887493
|switch|p1a: Landorus|Landorus-Therian, M|93/100|[from] Flip Turn
|-ability|p1a: Landorus|Intimidate|boost
|-unboost|p2a: Ting-Lu|atk|1
|move|p2a: Ting-Lu|Earthquake|p1a: Landorus
|-immune|p1a: Landorus
|
|-heal|p2a: Ting-Lu|27/100|[from] item: Leftovers
|upkeep
|turn|12
|
|t:|1743887500
|move|p1a: Landorus|U-turn|p2a: Ting-Lu
|-supereffective|p2a: Ting-Lu
|-damage|p2a: Ting-Lu|2/100
|
|t:|1743887508
|switch|p1a: Skeledirge|Skeledirge, M|100/100|[from] U-turn
|move|p2a: Ting-Lu|Whirlwind|p1a: Skeledirge
|drag|p1a: Landorus|Landorus-Therian, M|93/100
|-ability|p1a: Landorus|Intimidate|boost
|-unboost|p2a: Ting-Lu|atk|1
|
|-heal|p2a: Ting-Lu|8/100|[from] item: Leftovers
|upkeep
|turn|13
|
|t:|1743887516
|move|p1a: Landorus|U-turn|p2a: Ting-Lu
|-supereffective|p2a: Ting-Lu
|-damage|p2a: Ting-Lu|0 fnt
|faint|p2a: Ting-Lu
|
|t:|1743887529
|switch|p1a: Empoleon|Empoleon, F|94/100|[from] U-turn
|-damage|p1a: Empoleon|78/100|[from] Spikes
|
|-heal|p1a: Empoleon|84/100|[from] item: Leftovers
|upkeep
|
|t:|1743887533
|switch|p2a: Blissey|Blissey, F|83/100
|turn|14
|
|t:|1743887536
|move|p1a: Empoleon|Flip Turn|p2a: Blissey
|-damage|p2a: Blissey|52/100
|
|t:|1743887539
|switch|p1a: Meowscarada|Meowscarada, F|88/100|[from] Flip Turn
|-damage|p1a: Meowscarada|72/100|[from] Spikes
|move|p2a: Blissey|Stealth Rock|p1a: Meowscarada
|-sidestart|p1: mr tickley|move: Stealth Rock
|
|upkeep
|turn|15
|
|t:|1743887544
|switch|p2a: Glimmora|Glimmora, F|88/100
|-damage|p2a: Glimmora|76/100|[from] Stealth Rock
|move|p1a: Meowscarada|Knock Off|p2a: Glimmora
|-start|p1a: Meowscarada|typechange|Dark|[from] ability: Protean
|-damage|p2a: Glimmora|18/100
|-activate|p2a: Glimmora|ability: Toxic Debris
|-sidestart|p1: mr tickley|move: Toxic Spikes
|-enditem|p2a: Glimmora|Choice Scarf|[from] move: Knock Off|[of] p1a: Meowscarada
|
|upkeep
|turn|16
|
|t:|1743887552
|move|p1a: Meowscarada|Knock Off|p2a: Glimmora
|-damage|p2a: Glimmora|0 fnt
|-activate|p2a: Glimmora|ability: Toxic Debris
|-sidestart|p1: mr tickley|move: Toxic Spikes
|faint|p2a: Glimmora
|
|upkeep
|
|t:|1743887555
|switch|p2a: Clefable|Clefable, M|100/100
|turn|17
|
|t:|1743887570
|move|p1a: Meowscarada|U-turn|p2a: Clefable
|-resisted|p2a: Clefable
|-damage|p2a: Clefable|92/100
|
|t:|1743887579
|switch|p1a: Landorus|Landorus-Therian, M|93/100|[from] U-turn
|-damage|p1a: Landorus|80/100|[from] Stealth Rock
|-ability|p1a: Landorus|Intimidate|boost
|-unboost|p2a: Clefable|atk|1
|move|p2a: Clefable|Moonblast|p1a: Landorus
|-damage|p1a: Landorus|43/100
|-unboost|p1a: Landorus|spa|1
|
|-heal|p2a: Clefable|98/100|[from] item: Leftovers
|upkeep
|turn|18
|
|t:|1743887588
|move|p1a: Landorus|Earthquake|p2a: Clefable
|-damage|p2a: Clefable|55/100
|move|p2a: Clefable|Moonblast|p1a: Landorus
|-damage|p1a: Landorus|1/100
|
|-heal|p2a: Clefable|61/100|[from] item: Leftovers
|upkeep
|turn|19
|
|t:|1743887594
|move|p1a: Landorus|Earthquake|p2a: Clefable
|-damage|p2a: Clefable|16/100
|move|p2a: Clefable|Moonlight|p2a: Clefable
|-heal|p2a: Clefable|66/100
|
|-heal|p2a: Clefable|73/100|[from] item: Leftovers
|upkeep
|turn|20
|
|t:|1743887601
|move|p1a: Landorus|Earthquake|p2a: Clefable
|-damage|p2a: Clefable|33/100
|move|p2a: Clefable|Moonlight|p2a: Clefable
|-heal|p2a: Clefable|83/100
|
|-heal|p2a: Clefable|89/100|[from] item: Leftovers
|upkeep
|turn|21
|
|t:|1743887608
|move|p1a: Landorus|Earthquake|p2a: Clefable
|-damage|p2a: Clefable|45/100
|move|p2a: Clefable|Moonblast|p1a: Landorus
|-damage|p1a: Landorus|0 fnt
|faint|p1a: Landorus
|
|-heal|p2a: Clefable|51/100|[from] item: Leftovers
|upkeep
|
|t:|1743887617
|switch|p1a: Skeledirge|Skeledirge, M|100/100
|turn|22
|
|t:|1743887622
|switch|p2a: Blissey|Blissey, F|52/100
|move|p1a: Skeledirge|Torch Song|p2a: Blissey
|-damage|p2a: Blissey|44/100
|-boost|p1a: Skeledirge|spa|1
|
|upkeep
|turn|23
|
|t:|1743887627
|move|p1a: Skeledirge|Will-O-Wisp|p2a: Blissey
|-status|p2a: Blissey|brn
|move|p2a: Blissey|Thunder Wave|p1a: Skeledirge
|-status|p1a: Skeledirge|par
|
|-damage|p2a: Blissey|38/100 brn|[from] brn
|upkeep
|turn|24
|
|t:|1743887633
|move|p2a: Blissey|Soft-Boiled|p2a: Blissey
|-heal|p2a: Blissey|88/100 brn
|cant|p1a: Skeledirge|par
|
|-damage|p2a: Blissey|82/100 brn|[from] brn
|upkeep
|turn|25
|
|t:|1743887643
|-curestatus|p2a: Blissey|brn|[from] ability: Natural Cure
|switch|p2a: Dragapult|Dragapult, F|79/100
|cant|p1a: Skeledirge|par
|
|upkeep
|turn|26
|
|t:|1743887652
|switch|p1a: Empoleon|Empoleon, F|84/100
|-damage|p1a: Empoleon|67/100|[from] Spikes
|-damage|p1a: Empoleon|61/100|[from] Stealth Rock
|move|p2a: Dragapult|Hex|p1a: Empoleon
|-damage|p1a: Empoleon|42/100
|
|-heal|p1a: Empoleon|48/100|[from] item: Leftovers
|upkeep
|turn|27
|
|t:|1743887665
|move|p2a: Dragapult|Will-O-Wisp|p1a: Empoleon
|-status|p1a: Empoleon|brn
|move|p1a: Empoleon|Roost|p1a: Empoleon
|-heal|p1a: Empoleon|98/100 brn
|-singleturn|p1a: Empoleon|move: Roost
|
|-heal|p1a: Empoleon|100/100 brn|[from] item: Leftovers
|-damage|p1a: Empoleon|94/100 brn|[from] brn
|upkeep
|turn|28
|
|t:|1743887678
|move|p2a: Dragapult|U-turn|p1a: Empoleon
|-resisted|p1a: Empoleon
|-damage|p1a: Empoleon|85/100 brn
|
|t:|1743887679
|switch|p2a: Clefable|Clefable, M|51/100|[from] U-turn
|move|p1a: Empoleon|Ice Beam|p2a: Clefable
|-damage|p2a: Clefable|30/100
|
|-heal|p2a: Clefable|36/100|[from] item: Leftovers
|-heal|p1a: Empoleon|91/100 brn|[from] item: Leftovers
|-damage|p1a: Empoleon|85/100 brn|[from] brn
|upkeep
|turn|29
|
|t:|1743887689
|move|p1a: Empoleon|Ice Beam|p2a: Clefable
|-damage|p2a: Clefable|15/100
|move|p2a: Clefable|Moonlight|p2a: Clefable
|-heal|p2a: Clefable|65/100
|
|-heal|p2a: Clefable|71/100|[from] item: Leftovers
|-heal|p1a: Empoleon|91/100 brn|[from] item: Leftovers
|-damage|p1a: Empoleon|85/100 brn|[from] brn
|upkeep
|turn|30
|
|t:|1743887695
|move|p1a: Empoleon|Ice Beam|p2a: Clefable
|-damage|p2a: Clefable|48/100
|-status|p2a: Clefable|frz
|cant|p2a: Clefable|frz
|
|-heal|p2a: Clefable|54/100 frz|[from] item: Leftovers
|-heal|p1a: Empoleon|91/100 brn|[from] item: Leftovers
|-damage|p1a: Empoleon|85/100 brn|[from] brn
|upkeep
|turn|31
|
|t:|1743887699
|cant|p2a: Clefable|frz
|move|p1a: Empoleon|Surf|p2a: Clefable
|-damage|p2a: Clefable|21/100 frz
|
|-heal|p1a: Empoleon|91/100 brn|[from] item: Leftovers
|-heal|p2a: Clefable|27/100 frz|[from] item: Leftovers
|-damage|p1a: Empoleon|85/100 brn|[from] brn
|upkeep
|turn|32
|
|t:|1743887704
|move|p1a: Empoleon|Surf|p2a: Clefable
|-damage|p2a: Clefable|0 fnt
|faint|p2a: Clefable
|
|-heal|p1a: Empoleon|91/100 brn|[from] item: Leftovers
|-damage|p1a: Empoleon|85/100 brn|[from] brn
|upkeep
|
|t:|1743887710
|switch|p2a: Blissey|Blissey, F|82/100
|turn|33
|
|t:|1743887724
|move|p1a: Empoleon|Flip Turn|p2a: Blissey
|-damage|p2a: Blissey|66/100
|
|t:|1743887727
|switch|p1a: Skeledirge|Skeledirge, M|100/100 par|[from] Flip Turn
|move|p2a: Blissey|Seismic Toss|p1a: Skeledirge
|-immune|p1a: Skeledirge
|
|upkeep
|turn|34
|
|t:|1743887733
|move|p2a: Blissey|Seismic Toss|p1a: Skeledirge
|-immune|p1a: Skeledirge
|move|p1a: Skeledirge|Torch Song|p2a: Blissey
|-damage|p2a: Blissey|58/100
|-boost|p1a: Skeledirge|spa|1
|
|upkeep
|turn|35
|
|t:|1743887739
|move|p2a: Blissey|Seismic Toss|p1a: Skeledirge
|-immune|p1a: Skeledirge
|move|p1a: Skeledirge|Torch Song|p2a: Blissey
|-damage|p2a: Blissey|44/100
|-boost|p1a: Skeledirge|spa|1
|
|upkeep
|turn|36
|-message|Arieon forfeited.
|
|win|mr tickley
|raw|mr tickley's rating: 1582 &rarr; <strong>1601</strong><br />(+19 for winning)
|raw|Arieon's rating: 1565 &rarr; <strong>1546</strong><br />(-19 for losing)
|l|☆Arieon
|player|p2|
|l|☆mr tickley
|player|p1|
