|j|☆Reinii
|j|☆Amaroviic_
|t:|1743863893
|gametype|singles
|player|p1|Reinii|170|1302
|player|p2|Amaroviic_|170|1256
|teamsize|p1|6
|teamsize|p2|6
|gen|9
|tier|[Gen 9] OU
|rated|
|rule|HP Percentage Mod: HP is shown in percentages
|rule|Endless Battle Clause: Forcing endless battles is banned
|rule|Species Clause: Limit one of each Pokémon
|rule|OHKO Clause: OHKO moves are banned
|rule|Evasion Items Clause: Evasion items are banned
|rule|Evasion Moves Clause: Evasion moves are banned
|rule|Sleep Moves Clause: Sleep-inducing moves are banned
|clearpoke
|poke|p1|Glastrier|
|poke|p1|Primarina, F|
|poke|p1|Iron Treads|
|poke|p1|Dragapult, F|
|poke|p1|Hoopa-Unbound|
|poke|p1|Leavanny, M|
|poke|p2|Clefable, F|
|poke|p2|Salamence, M|
|poke|p2|Lokix, M|
|poke|p2|Blastoise, M|
|poke|p2|Gallade, M|
|poke|p2|Whimsicott, F|
|teampreview
|
|t:|1743863901
|start
|switch|p1a: Glastrier|Glastrier|100/100
|switch|p2a: Gallade|Gallade, M, shiny|100/100
|turn|1
|
|t:|1743863908
|move|p2a: Gallade|Sacred Sword|p1a: Glastrier
|-supereffective|p1a: Glastrier
|-damage|p1a: Glastrier|0 fnt
|faint|p1a: Glastrier
|-damage|p2a: Gallade|91/100|[from] item: Life Orb
|
|upkeep
|
|t:|1743863914
|switch|p1a: Leavanny|Leavanny, M, shiny|100/100
|turn|2
|
|t:|1743863918
|move|p1a: Leavanny|Sticky Web|p2a: Gallade
|-sidestart|p2: Amaroviic_|move: Sticky Web
|move|p2a: Gallade|Psycho Cut|p1a: Leavanny
|-enditem|p1a: Leavanny|Focus Sash
|-damage|p1a: Leavanny|1/100
|-damage|p2a: Gallade|81/100|[from] item: Life Orb
|
|upkeep
|turn|3
|
|t:|1743863922
|move|p1a: Leavanny|Lunge|p2a: Gallade
|-damage|p2a: Gallade|0 fnt
|faint|p2a: Gallade
|
|upkeep
|
|t:|1743863937
|switch|p2a: Salamence|Salamence, M|100/100
|turn|4
|
|t:|1743863941
|move|p1a: Leavanny|Lunge|p2a: Salamence
|-resisted|p2a: Salamence
|-damage|p2a: Salamence|68/100
|-unboost|p2a: Salamence|atk|1
|move|p2a: Salamence|Dragon Dance|p2a: Salamence
|-boost|p2a: Salamence|atk|1
|-boost|p2a: Salamence|spe|1
|
|-heal|p2a: Salamence|74/100|[from] item: Leftovers
|upkeep
|turn|5
|
|t:|1743863948
|move|p2a: Salamence|Earthquake|p1a: Leavanny
|-resisted|p1a: Leavanny
|-damage|p1a: Leavanny|0 fnt
|faint|p1a: Leavanny
|-ability|p2a: Salamence|Moxie|boost
|-boost|p2a: Salamence|atk|1
|
|-heal|p2a: Salamence|80/100|[from] item: Leftovers
|upkeep
|
|t:|1743863965
|switch|p1a: Dragapult|Dragapult, F, shiny|100/100
|turn|6
|
|t:|1743863972
|-terastallize|p1a: Dragapult|Fairy
|move|p2a: Salamence|Dual Wingbeat|p1a: Dragapult
|-damage|p1a: Dragapult|55/100
|-damage|p1a: Dragapult|6/100
|-hitcount|p1a: Dragapult|2
|move|p1a: Dragapult|Shadow Ball|p2a: Salamence
|-damage|p2a: Salamence|12/100
|
|-heal|p2a: Salamence|18/100|[from] item: Leftovers
|upkeep
|turn|7
|
|t:|1743863986
|switch|p1a: Iron Treads|Iron Treads|100/100
|move|p2a: Salamence|Earthquake|p1a: Iron Treads
|-supereffective|p1a: Iron Treads
|-damage|p1a: Iron Treads|16/100
|
|-heal|p2a: Salamence|24/100|[from] item: Leftovers
|-heal|p1a: Iron Treads|22/100|[from] item: Leftovers
|upkeep
|turn|8
|
|t:|1743863990
|move|p2a: Salamence|Earthquake|p1a: Iron Treads
|-supereffective|p1a: Iron Treads
|-damage|p1a: Iron Treads|0 fnt
|faint|p1a: Iron Treads
|-end|p1a: Iron Treads|Quark Drive|[silent]
|-ability|p2a: Salamence|Moxie|boost
|-boost|p2a: Salamence|atk|1
|
|-heal|p2a: Salamence|30/100|[from] item: Leftovers
|upkeep
|
|t:|1743863993
|switch|p1a: Primarina|Primarina, F|100/100
|turn|9
|
|t:|1743863997
|-terastallize|p2a: Salamence|Electric
|move|p2a: Salamence|Thunder Fang|p1a: Primarina
|-supereffective|p1a: Primarina
|-damage|p1a: Primarina|0 fnt
|faint|p1a: Primarina
|-ability|p2a: Salamence|Moxie|boost
|-boost|p2a: Salamence|atk|1
|
|-heal|p2a: Salamence|36/100|[from] item: Leftovers
|upkeep
|
|t:|1743864001
|switch|p1a: Hoopa|Hoopa-Unbound|100/100
|turn|10
|
|t:|1743864008
|move|p2a: Salamence|Earthquake|p1a: Hoopa
|-damage|p1a: Hoopa|0 fnt
|faint|p1a: Hoopa
|-ability|p2a: Salamence|Moxie|boost
|-boost|p2a: Salamence|atk|1
|
|-heal|p2a: Salamence|42/100|[from] item: Leftovers
|upkeep
|
|t:|1743864011
|switch|p1a: Dragapult|Dragapult, F, shiny, tera:Fairy|6/100
|turn|11
|
|t:|1743864014
|move|p2a: Salamence|Earthquake|p1a: Dragapult
|-damage|p1a: Dragapult|0 fnt
|faint|p1a: Dragapult
|
|win|Amaroviic_
|raw|Reinii's rating: 1302 &rarr; <strong>1279</strong><br />(-23 for losing)
|raw|Amaroviic_'s rating: 1256 &rarr; <strong>1284</strong><br />(+28 for winning)
|l|☆Reinii
|player|p1|
|l|☆Amaroviic_
|player|p2|
