|j|☆EverProtect
|j|☆PokeDeezNutz
|t:|1743846152
|gametype|singles
|player|p1|EverProtect|beni-ninja|1344
|player|p2|PokeDeezNutz|102|1359
|teamsize|p1|6
|teamsize|p2|6
|gen|9
|tier|[Gen 9] OU
|rated|
|rule|HP Percentage Mod: HP is shown in percentages
|rule|Endless Battle Clause: Forcing endless battles is banned
|rule|Species Clause: Limit one of each Pokémon
|rule|OHKO Clause: OHKO moves are banned
|rule|Evasion Items Clause: Evasion items are banned
|rule|Evasion Moves Clause: Evasion moves are banned
|rule|Sleep Moves Clause: Sleep-inducing moves are banned
|clearpoke
|poke|p1|Alomomola, F|
|poke|p1|Dragapult, M|
|poke|p1|Hatterene, F|
|poke|p1|Clodsire, M|
|poke|p1|Scizor, F|
|poke|p1|Iron Hands|
|poke|p2|Deoxys-Speed|
|poke|p2|Scizor, F|
|poke|p2|Darkrai|
|poke|p2|Dragonite, F|
|poke|p2|Great Tusk|
|poke|p2|Iron Moth|
|teampreview
|inactive|Battle timer is ON: inactive players will automatically lose when time's up. (requested by EverProtect)
|c|☆EverProtect|hf
|
|t:|1743846164
|start
|switch|p1a: Alomomola|Alomomola, F|100/100
|switch|p2a: Scizor|Scizor, F|100/100
|turn|1
|
|t:|1743846169
|move|p2a: Scizor|U-turn|p1a: Alomomola
|-damage|p1a: Alomomola|52/100
|-damage|p2a: Scizor|84/100|[from] item: Rocky Helmet|[of] p1a: Alomomola
|
|t:|1743846171
|switch|p2a: Deoxys|Deoxys-Speed|100/100|[from] U-turn
|-ability|p2a: Deoxys|Pressure
|move|p1a: Alomomola|Flip Turn|p2a: Deoxys
|-damage|p2a: Deoxys|81/100
|
|t:|1743846181
|switch|p1a: Scizor|Scizor, F|100/100|[from] Flip Turn
|
|upkeep
|turn|2
|
|t:|1743846185
|move|p2a: Deoxys|Reflect|p2a: Deoxys
|-sidestart|p2: PokeDeezNutz|Reflect
|move|p1a: Scizor|Knock Off|p2a: Deoxys
|-supereffective|p2a: Deoxys
|-damage|p2a: Deoxys|45/100
|-enditem|p2a: Deoxys|Light Clay|[from] move: Knock Off|[of] p1a: Scizor
|
|upkeep
|turn|3
|
|t:|1743846191
|move|p2a: Deoxys|Light Screen|p2a: Deoxys
|-sidestart|p2: PokeDeezNutz|move: Light Screen
|move|p1a: Scizor|U-turn|p2a: Deoxys
|-supereffective|p2a: Deoxys
|-damage|p2a: Deoxys|6/100
|
|t:|1743846196
|switch|p1a: Iron Hands|Iron Hands|100/100|[from] U-turn
|
|upkeep
|turn|4
|
|t:|1743846208
|switch|p2a: Great Tusk|Great Tusk|100/100
|-enditem|p2a: Great Tusk|Booster Energy
|-activate|p2a: Great Tusk|ability: Protosynthesis|[fromitem]
|-start|p2a: Great Tusk|protosynthesisspe
|move|p1a: Iron Hands|Fake Out|p2a: Great Tusk
|-damage|p2a: Great Tusk|95/100
|
|upkeep
|turn|5
|
|t:|1743846216
|-end|p1a: Iron Hands|Quark Drive|[silent]
|switch|p1a: Alomomola|Alomomola, F|85/100
|move|p2a: Great Tusk|Bulk Up|p2a: Great Tusk
|-boost|p2a: Great Tusk|atk|1
|-boost|p2a: Great Tusk|def|1
|
|upkeep
|turn|6
|
|t:|1743846221
|move|p2a: Great Tusk|Headlong Rush|p1a: Alomomola
|-damage|p1a: Alomomola|28/100
|-unboost|p2a: Great Tusk|def|1
|-unboost|p2a: Great Tusk|spd|1
|-damage|p2a: Great Tusk|79/100|[from] item: Rocky Helmet|[of] p1a: Alomomola
|move|p1a: Alomomola|Flip Turn|p2a: Great Tusk
|-supereffective|p2a: Great Tusk
|-damage|p2a: Great Tusk|68/100
|inactive|EverProtect has 120 seconds left.
|
|t:|1743846264
|switch|p1a: Hatterene|Hatterene, F|100/100|[from] Flip Turn
|
|upkeep
|turn|7
|
|t:|1743846271
|move|p2a: Great Tusk|Headlong Rush|p1a: Hatterene
|-damage|p1a: Hatterene|8/100
|-unboost|p2a: Great Tusk|def|1
|-unboost|p2a: Great Tusk|spd|1
|move|p1a: Hatterene|Draining Kiss|p2a: Great Tusk
|-supereffective|p2a: Great Tusk
|-damage|p2a: Great Tusk|0 fnt
|-heal|p1a: Hatterene|83/100|[from] drain|[of] p2a: Great Tusk
|faint|p2a: Great Tusk
|-end|p2a: Great Tusk|Protosynthesis|[silent]
|
|-sideend|p2: PokeDeezNutz|move: Light Screen
|upkeep
|
|t:|1743846276
|switch|p2a: Deoxys|Deoxys-Speed|6/100
|-ability|p2a: Deoxys|Pressure
|turn|8
|
|t:|1743846283
|move|p2a: Deoxys|Light Screen|p2a: Deoxys
|-sidestart|p2: PokeDeezNutz|move: Light Screen
|move|p1a: Hatterene|Mystical Fire|p2a: Deoxys
|-crit|p2a: Deoxys
|-damage|p2a: Deoxys|0 fnt
|faint|p2a: Deoxys
|
|upkeep
|
|t:|1743846291
|switch|p2a: Iron Moth|Iron Moth|100/100
|-enditem|p2a: Iron Moth|Booster Energy
|-activate|p2a: Iron Moth|ability: Quark Drive|[fromitem]
|-start|p2a: Iron Moth|quarkdrivespe
|turn|9
|
|t:|1743846296
|switch|p1a: Clodsire|Clodsire, M|100/100
|move|p2a: Iron Moth|Sludge Wave|p1a: Clodsire
|-resisted|p1a: Clodsire
|-damage|p1a: Clodsire|94/100
|
|-sideend|p2: PokeDeezNutz|Reflect
|upkeep
|turn|10
|
|t:|1743846308
|-end|p2a: Iron Moth|Quark Drive|[silent]
|switch|p2a: Scizor|Scizor, F|84/100
|move|p1a: Clodsire|Earthquake|p2a: Scizor
|-damage|p2a: Scizor|49/100
|
|upkeep
|turn|11
|
|t:|1743846316
|move|p2a: Scizor|U-turn|p1a: Clodsire
|-resisted|p1a: Clodsire
|-damage|p1a: Clodsire|62/100
|
|t:|1743846324
|switch|p2a: Dragonite|Dragonite, F|100/100|[from] U-turn
|move|p1a: Clodsire|Recover|p1a: Clodsire
|-heal|p1a: Clodsire|100/100
|
|upkeep
|turn|12
|
|t:|1743846329
|move|p2a: Dragonite|Dragon Dance|p2a: Dragonite
|-boost|p2a: Dragonite|atk|1
|-boost|p2a: Dragonite|spe|1
|move|p1a: Clodsire|Toxic|p2a: Dragonite
|-status|p2a: Dragonite|tox
|
|-damage|p2a: Dragonite|94/100 tox|[from] psn
|-sideend|p2: PokeDeezNutz|move: Light Screen
|upkeep
|turn|13
|
|t:|1743846335
|move|p2a: Dragonite|Dragon Dance|p2a: Dragonite
|-boost|p2a: Dragonite|atk|1
|-boost|p2a: Dragonite|spe|1
|move|p1a: Clodsire|Haze|p1a: Clodsire
|-clearallboost
|
|-damage|p2a: Dragonite|82/100 tox|[from] psn
|upkeep
|turn|14
|
|t:|1743846345
|switch|p2a: Scizor|Scizor, F|49/100
|switch|p1a: Scizor|Scizor, F|100/100
|
|upkeep
|turn|15
|
|t:|1743846349
|move|p2a: Scizor|Close Combat|p1a: Scizor
|-crit|p1a: Scizor
|-damage|p1a: Scizor|21/100
|-unboost|p2a: Scizor|def|1
|-unboost|p2a: Scizor|spd|1
|move|p1a: Scizor|U-turn|p2a: Scizor
|-resisted|p2a: Scizor
|-damage|p2a: Scizor|18/100
|
|t:|1743846355
|switch|p1a: Dragapult|Dragapult, M, shiny|100/100|[from] U-turn
|
|upkeep
|turn|16
|
|t:|1743846359
|switch|p2a: Dragonite|Dragonite, F|82/100 tox
|move|p1a: Dragapult|Dragon Darts|p2a: Dragonite
|-supereffective|p2a: Dragonite
|-damage|p2a: Dragonite|30/100 tox
|-anim|p1a: Dragapult|Dragon Darts|p2a: Dragonite
|-supereffective|p2a: Dragonite
|-damage|p2a: Dragonite|0 fnt
|faint|p2a: Dragonite
|
|upkeep
|
|t:|1743846361
|switch|p2a: Iron Moth|Iron Moth|100/100
|turn|17
|
|t:|1743846365
|move|p1a: Dragapult|Dragon Darts|p2a: Iron Moth
|-damage|p2a: Iron Moth|64/100
|-anim|p1a: Dragapult|Dragon Darts|p2a: Iron Moth
|-damage|p2a: Iron Moth|29/100
|move|p2a: Iron Moth|Fiery Dance|p1a: Dragapult
|-resisted|p1a: Dragapult
|-damage|p1a: Dragapult|74/100
|
|-heal|p1a: Dragapult|80/100|[from] item: Leftovers
|upkeep
|turn|18
|
|t:|1743846370
|move|p1a: Dragapult|Dragon Darts|p2a: Iron Moth
|-damage|p2a: Iron Moth|0 fnt
|faint|p2a: Iron Moth
|-end|p2a: Iron Moth|Quark Drive|[silent]
|
|-heal|p1a: Dragapult|87/100|[from] item: Leftovers
|upkeep
|
|t:|1743846372
|switch|p2a: Darkrai|Darkrai|100/100
|turn|19
|
|t:|1743846378
|switch|p1a: Iron Hands|Iron Hands|100/100
|move|p2a: Darkrai|Ice Beam|p1a: Iron Hands
|-damage|p1a: Iron Hands|80/100
|
|upkeep
|turn|20
|
|t:|1743846385
|-terastallize|p2a: Darkrai|Poison
|move|p1a: Iron Hands|Fake Out|p2a: Darkrai
|-damage|p2a: Darkrai|78/100
|cant|p2a: Darkrai|flinch
|
|upkeep
|turn|21
|
|t:|1743846395
|move|p2a: Darkrai|Sludge Bomb|p1a: Iron Hands
|-damage|p1a: Iron Hands|49/100
|-status|p1a: Iron Hands|psn
|move|p1a: Iron Hands|Earthquake|p2a: Darkrai
|-supereffective|p2a: Darkrai
|-damage|p2a: Darkrai|0 fnt
|faint|p2a: Darkrai
|
|-damage|p1a: Iron Hands|37/100 psn|[from] psn
|upkeep
|-message|PokeDeezNutz forfeited.
|
|win|EverProtect
|raw|EverProtect's rating: 1344 &rarr; <strong>1365</strong><br />(+21 for winning)
|raw|PokeDeezNutz's rating: 1359 &rarr; <strong>1338</strong><br />(-21 for losing)
|l|☆PokeDeezNutz
|player|p2|
