|j|☆Ghostrunner103
|j|☆MarkyNg77
|t:|1743927761
|gametype|singles
|player|p1|Ghostrunner103|preschooler|1086
|player|p2|MarkyNg77|steven|1128
|teamsize|p1|6
|teamsize|p2|6
|gen|9
|tier|[Gen 9] OU
|rated|
|rule|HP Percentage Mod: HP is shown in percentages
|rule|Endless Battle Clause: Forcing endless battles is banned
|rule|Species Clause: Limit one of each Pokémon
|rule|OHKO Clause: OHKO moves are banned
|rule|Evasion Items Clause: Evasion items are banned
|rule|Evasion Moves Clause: Evasion moves are banned
|rule|Sleep Moves Clause: Sleep-inducing moves are banned
|clearpoke
|poke|p1|Haxorus, F|
|poke|p1|Darkrai|
|poke|p1|Primarina, F|
|poke|p1|Corviknight, M|
|poke|p1|Ursaluna, M|
|poke|p1|Deoxys-Speed|
|poke|p2|Tinkaton, F|
|poke|p2|Greninja-*, M|
|poke|p2|Iron Valiant|
|poke|p2|Cinccino, F|
|poke|p2|Moltres|
|poke|p2|Raging Bolt|
|teampreview
|inactive|Battle timer is ON: inactive players will automatically lose when time's up. (requested by MarkyNg77)
|
|t:|1743927774
|start
|switch|p1a: Haxorus|Haxorus, F|100/100
|switch|p2a: Greninja|Greninja, M, shiny|100/100
|-ability|p1a: Haxorus|Mold Breaker
|turn|1
|
|t:|1743927778
|switch|p1a: Primarina|Primarina, F|100/100
|move|p2a: Greninja|Ice Beam|p1a: Primarina
|-start|p2a: Greninja|typechange|Ice|[from] ability: Protean
|-resisted|p1a: Primarina
|-damage|p1a: Primarina|83/100
|-status|p1a: Primarina|frz
|
|upkeep
|turn|2
|
|t:|1743927788
|switch|p2a: Tinkaton|Tinkaton, F|100/100
|-item|p2a: Tinkaton|Air Balloon
|cant|p1a: Primarina|frz
|
|upkeep
|turn|3
|
|t:|1743927794
|switch|p1a: Corviknight|Corviknight, M|100/100
|-ability|p1a: Corviknight|Pressure
|move|p2a: Tinkaton|Stealth Rock|p1a: Corviknight
|-sidestart|p1: Ghostrunner103|move: Stealth Rock
|
|upkeep
|turn|4
|
|t:|1743927800
|switch|p2a: Raging Bolt|Raging Bolt|100/100
|move|p1a: Corviknight|Defog|p2a: Raging Bolt
|-unboost|p2a: Raging Bolt|evasion|1
|-sideend|p1: Ghostrunner103|Stealth Rock|[from] move: Defog|[of] p1a: Corviknight
|
|upkeep
|turn|5
|
|t:|1743927809
|switch|p1a: Ursaluna|Ursaluna, M|100/100
|move|p2a: Raging Bolt|Volt Switch|p1a: Ursaluna
|-immune|p1a: Ursaluna
|
|-status|p1a: Ursaluna|brn|[from] item: Flame Orb
|upkeep
|turn|6
|
|t:|1743927817
|-end|p2a: Raging Bolt|Protosynthesis|[silent]
|switch|p2a: Tinkaton|Tinkaton, F|100/100
|-item|p2a: Tinkaton|Air Balloon
|move|p1a: Ursaluna|Facade|p2a: Tinkaton
|-resisted|p2a: Tinkaton
|-damage|p2a: Tinkaton|43/100
|-enditem|p2a: Tinkaton|Air Balloon
|-enditem|p1a: Ursaluna|Flame Orb|[silent]|[from] ability: Pickpocket|[of] p1a: Ursaluna
|-item|p2a: Tinkaton|Flame Orb|[from] ability: Pickpocket|[of] p1a: Ursaluna
|
|-damage|p1a: Ursaluna|94/100 brn|[from] brn
|-status|p2a: Tinkaton|brn|[from] item: Flame Orb
|upkeep
|turn|7
|
|t:|1743927828
|switch|p2a: Greninja|Greninja, M, shiny|100/100
|switch|p1a: Corviknight|Corviknight, M|100/100
|-ability|p1a: Corviknight|Pressure
|
|upkeep
|turn|8
|
|t:|1743927836
|switch|p1a: Primarina|Primarina, F|83/100 frz
|move|p2a: Greninja|Ice Beam|p1a: Primarina
|-start|p2a: Greninja|typechange|Ice|[from] ability: Protean
|-resisted|p1a: Primarina
|-damage|p1a: Primarina|65/100 frz
|
|upkeep
|turn|9
|
|t:|1743927847
|switch|p2a: Tinkaton|Tinkaton, F|43/100 brn
|cant|p1a: Primarina|frz
|
|-damage|p2a: Tinkaton|37/100 brn|[from] brn
|upkeep
|turn|10
|
|t:|1743927852
|switch|p1a: Corviknight|Corviknight, M|100/100
|-ability|p1a: Corviknight|Pressure
|move|p2a: Tinkaton|Gigaton Hammer|p1a: Corviknight
|-resisted|p1a: Corviknight
|-damage|p1a: Corviknight|93/100
|
|-damage|p2a: Tinkaton|31/100 brn|[from] brn
|upkeep
|turn|11
|
|t:|1743927858
|switch|p2a: Moltres|Moltres|100/100
|move|p1a: Corviknight|U-turn|p2a: Moltres
|-resisted|p2a: Moltres
|-damage|p2a: Moltres|97/100
|
|t:|1743927863
|switch|p1a: Primarina|Primarina, F|65/100 frz|[from] U-turn
|
|upkeep
|turn|12
|
|t:|1743927866
|move|p2a: Moltres|U-turn|p1a: Primarina
|-resisted|p1a: Primarina
|-damage|p1a: Primarina|55/100 frz
|
|t:|1743927873
|switch|p2a: Raging Bolt|Raging Bolt|100/100|[from] U-turn
|-curestatus|p1a: Primarina|frz|[msg]
|move|p1a: Primarina|Surf|p2a: Raging Bolt
|-resisted|p2a: Raging Bolt
|-damage|p2a: Raging Bolt|77/100
|
|upkeep
|turn|13
|
|t:|1743927881
|-end|p2a: Raging Bolt|Protosynthesis|[silent]
|switch|p2a: Iron Valiant|Iron Valiant|100/100
|-enditem|p2a: Iron Valiant|Booster Energy
|-activate|p2a: Iron Valiant|ability: Quark Drive|[fromitem]
|-start|p2a: Iron Valiant|quarkdrivespe
|switch|p1a: Ursaluna|Ursaluna, M|94/100 brn
|
|-damage|p1a: Ursaluna|88/100 brn|[from] brn
|upkeep
|turn|14
|
|t:|1743927892
|switch|p1a: Corviknight|Corviknight, M|93/100
|-ability|p1a: Corviknight|Pressure
|move|p2a: Iron Valiant|Swords Dance|p2a: Iron Valiant
|-boost|p2a: Iron Valiant|atk|2
|
|upkeep
|turn|15
|
|t:|1743927896
|move|p2a: Iron Valiant|Knock Off|p1a: Corviknight
|-damage|p1a: Corviknight|55/100
|-damage|p2a: Iron Valiant|84/100|[from] item: Rocky Helmet|[of] p1a: Corviknight
|-enditem|p1a: Corviknight|Rocky Helmet|[from] move: Knock Off|[of] p2a: Iron Valiant
|move|p1a: Corviknight|Brave Bird|p2a: Iron Valiant
|-supereffective|p2a: Iron Valiant
|-damage|p2a: Iron Valiant|0 fnt
|faint|p2a: Iron Valiant
|-end|p2a: Iron Valiant|Quark Drive|[silent]
|-damage|p1a: Corviknight|35/100|[from] Recoil
|
|upkeep
|
|t:|1743927904
|switch|p2a: Greninja|Greninja, M, shiny|100/100
|turn|16
|
|t:|1743927909
|switch|p1a: Primarina|Primarina, F|55/100
|move|p2a: Greninja|U-turn|p1a: Primarina
|-start|p2a: Greninja|typechange|Bug|[from] ability: Protean
|-resisted|p1a: Primarina
|-damage|p1a: Primarina|42/100
|
|t:|1743927913
|switch|p2a: Raging Bolt|Raging Bolt|77/100|[from] U-turn
|
|upkeep
|turn|17
|
|t:|1743927922
|-terastallize|p1a: Primarina|Steel
|move|p2a: Raging Bolt|Draco Meteor|p1a: Primarina
|-resisted|p1a: Primarina
|-damage|p1a: Primarina|21/100
|-unboost|p2a: Raging Bolt|spa|2
|move|p1a: Primarina|Moonblast|p2a: Raging Bolt
|-supereffective|p2a: Raging Bolt
|-damage|p2a: Raging Bolt|0 fnt
|faint|p2a: Raging Bolt
|-end|p2a: Raging Bolt|Protosynthesis|[silent]
|
|upkeep
|
|t:|1743927932
|switch|p2a: Moltres|Moltres|97/100
|turn|18
|
|t:|1743927935
|move|p2a: Moltres|Will-O-Wisp|p1a: Primarina
|-status|p1a: Primarina|brn
|move|p1a: Primarina|Surf|p2a: Moltres
|-supereffective|p2a: Moltres
|-damage|p2a: Moltres|0 fnt
|faint|p2a: Moltres
|
|-damage|p1a: Primarina|15/100 brn|[from] brn
|upkeep
|
|t:|1743927942
|switch|p2a: Greninja|Greninja, M, shiny|100/100
|turn|19
|
|t:|1743927952
|move|p2a: Greninja|Extrasensory|p1a: Primarina
|-start|p2a: Greninja|typechange|Psychic|[from] ability: Protean
|-resisted|p1a: Primarina
|-damage|p1a: Primarina|0 fnt
|faint|p1a: Primarina
|
|upkeep
|
|t:|1743927958
|switch|p1a: Deoxys|Deoxys-Speed|100/100
|-ability|p1a: Deoxys|Pressure
|turn|20
|
|t:|1743927967
|switch|p2a: Tinkaton|Tinkaton, F|31/100 brn
|move|p1a: Deoxys|Knock Off|p2a: Tinkaton
|-resisted|p2a: Tinkaton
|-damage|p2a: Tinkaton|20/100 brn
|-enditem|p2a: Tinkaton|Flame Orb|[from] move: Knock Off|[of] p1a: Deoxys
|-enditem|p1a: Deoxys|Life Orb|[silent]|[from] ability: Pickpocket|[of] p1a: Deoxys
|-item|p2a: Tinkaton|Life Orb|[from] ability: Pickpocket|[of] p1a: Deoxys
|
|-damage|p2a: Tinkaton|13/100 brn|[from] brn
|upkeep
|turn|21
|
|t:|1743927979
|move|p1a: Deoxys|Psycho Boost|p2a: Tinkaton
|-resisted|p2a: Tinkaton
|-damage|p2a: Tinkaton|0 fnt
|-unboost|p1a: Deoxys|spa|2
|faint|p2a: Tinkaton
|
|upkeep
|
|t:|1743927982
|switch|p2a: Cinccino|Cinccino, F, shiny|100/100
|turn|22
|
|t:|1743927987
|move|p1a: Deoxys|Superpower|p2a: Cinccino
|-supereffective|p2a: Cinccino
|-damage|p2a: Cinccino|7/100
|-unboost|p1a: Deoxys|atk|1
|-unboost|p1a: Deoxys|def|1
|move|p2a: Cinccino|Tidy Up|p2a: Cinccino
|-boost|p2a: Cinccino|atk|1
|-boost|p2a: Cinccino|spe|1
|
|upkeep
|turn|23
|
|t:|1743927997
|move|p2a: Cinccino|Triple Axel|p1a: Deoxys
|-crit|p1a: Deoxys
|-damage|p1a: Deoxys|54/100
|-damage|p1a: Deoxys|0 fnt
|faint|p1a: Deoxys
|-hitcount|p1: Deoxys|2
|
|upkeep
|
|t:|1743928001
|switch|p1a: Corviknight|Corviknight, M|35/100
|-ability|p1a: Corviknight|Pressure
|turn|24
|
|t:|1743928009
|move|p2a: Cinccino|Triple Axel|p1a: Corviknight|[miss]
|-miss|p2a: Cinccino|p1a: Corviknight
|move|p1a: Corviknight|Roost|p1a: Corviknight
|-heal|p1a: Corviknight|85/100
|-singleturn|p1a: Corviknight|move: Roost
|
|upkeep
|turn|25
|
|t:|1743928013
|move|p2a: Cinccino|Triple Axel|p1a: Corviknight
|-damage|p1a: Corviknight|77/100
|-damage|p1a: Corviknight|62/100
|-damage|p1a: Corviknight|39/100
|-hitcount|p1a: Corviknight|3
|move|p1a: Corviknight|U-turn|p2a: Cinccino
|-damage|p2a: Cinccino|0 fnt
|faint|p2a: Cinccino
|
|t:|1743928020
|switch|p1a: Darkrai|Darkrai|100/100|[from] U-turn
|
|upkeep
|
|t:|1743928022
|switch|p2a: Greninja|Greninja, M, shiny|100/100
|turn|26
|
|t:|1743928027
|switch|p1a: Corviknight|Corviknight, M|39/100
|-ability|p1a: Corviknight|Pressure
|move|p2a: Greninja|Ice Beam|p1a: Corviknight
|-start|p2a: Greninja|typechange|Ice|[from] ability: Protean
|-damage|p1a: Corviknight|0 fnt
|faint|p1a: Corviknight
|
|upkeep
|
|t:|1743928029
|switch|p1a: Darkrai|Darkrai|100/100
|turn|27
|
|t:|1743928032
|move|p1a: Darkrai|Dark Pulse|p2a: Greninja
|-damage|p2a: Greninja|32/100
|move|p2a: Greninja|Ice Beam|p1a: Darkrai
|-damage|p1a: Darkrai|19/100
|
|upkeep
|turn|28
|-message|MarkyNg77 forfeited.
|
|win|Ghostrunner103
|raw|Ghostrunner103's rating: 1086 &rarr; <strong>1116</strong><br />(+30 for winning)
|raw|MarkyNg77's rating: 1128 &rarr; <strong>1100</strong><br />(-28 for losing)
|l|☆MarkyNg77
|player|p2|
|l|☆Ghostrunner103
|player|p1|
