|j|☆Ruby Xoxo
|j|☆JSD717
|t:|1743869620
|gametype|singles
|player|p1|Ruby Xoxo|iris-gen5bw2|1593
|player|p2|JSD717|skyla|1539
|teamsize|p1|6
|teamsize|p2|6
|gen|9
|tier|[Gen 9] OU
|rated|
|rule|HP Percentage Mod: HP is shown in percentages
|rule|Endless Battle Clause: Forcing endless battles is banned
|rule|Species Clause: Limit one of each Pokémon
|rule|OHKO Clause: OHKO moves are banned
|rule|Evasion Items Clause: Evasion items are banned
|rule|Evasion Moves Clause: Evasion moves are banned
|rule|Sleep Moves Clause: Sleep-inducing moves are banned
|clearpoke
|poke|p1|Rotom-Frost|
|poke|p1|Pelipper, F|
|poke|p1|Kingdra, F|
|poke|p1|Overqwil, F|
|poke|p1|Iron Treads|
|poke|p1|Whiscash, F|
|poke|p2|Quaquaval, F|
|poke|p2|Iron Valiant|
|poke|p2|Weavile, M|
|poke|p2|Glimmora, F|
|poke|p2|Moltres|
|poke|p2|Slowking-Galar, F|
|teampreview
|
|t:|1743869633
|start
|switch|p1a: Whiscash|Whiscash, F|100/100
|switch|p2a: Glimmora|Glimmora, F|100/100
|turn|1
|
|t:|1743869641
|switch|p2a: Slowking|Slowking-Galar, F|100/100
|move|p1a: Whiscash|Earthquake|p2a: Slowking
|-supereffective|p2a: Slowking
|-damage|p2a: Slowking|42/100
|
|upkeep
|turn|2
|
|t:|1743869660
|switch|p2a: Moltres|Moltres|100/100
|move|p1a: Whiscash|Earthquake|p2a: Moltres
|-immune|p2a: Moltres
|
|upkeep
|turn|3
|
|t:|1743869667
|move|p2a: Moltres|Will-O-Wisp|p1a: Whiscash
|-status|p1a: Whiscash|brn
|move|p1a: Whiscash|Spikes|p2a: Moltres
|-sidestart|p2: JSD717|Spikes
|
|-damage|p1a: Whiscash|94/100 brn|[from] brn
|upkeep
|turn|4
|
|t:|1743869674
|switch|p2a: Quaquaval|Quaquaval, F|100/100
|-damage|p2a: Quaquaval|88/100|[from] Spikes
|move|p1a: Whiscash|Spikes|p2a: Quaquaval
|-sidestart|p2: JSD717|Spikes
|
|-damage|p1a: Whiscash|88/100 brn|[from] brn
|upkeep
|turn|5
|
|t:|1743869682
|switch|p1a: Pelipper|Pelipper, F|100/100
|-weather|RainDance|[from] ability: Drizzle|[of] p1a: Pelipper
|move|p2a: Quaquaval|Rapid Spin|p1a: Pelipper
|-damage|p1a: Pelipper|87/100
|-boost|p2a: Quaquaval|spe|1
|-sideend|p2: JSD717|Spikes|[from] move: Rapid Spin|[of] p2a: Quaquaval
|
|-weather|RainDance|[upkeep]
|upkeep
|turn|6
|
|t:|1743869691
|switch|p2a: Slowking|Slowking-Galar, F|75/100
|move|p1a: Pelipper|Knock Off|p2a: Slowking
|-supereffective|p2a: Slowking
|-damage|p2a: Slowking|52/100
|-enditem|p2a: Slowking|Heavy-Duty Boots|[from] move: Knock Off|[of] p1a: Pelipper
|
|-weather|RainDance|[upkeep]
|upkeep
|turn|7
|
|t:|1743869699
|move|p1a: Pelipper|U-turn|p2a: Slowking
|-damage|p2a: Slowking|44/100
|
|t:|1743869701
|switch|p1a: Whiscash|Whiscash, F|88/100 brn|[from] U-turn
|-prepare|p2a: Slowking|Chilly Reception|[premajor]
|move|p2a: Slowking|Chilly Reception|p2a: Slowking
|-weather|Snowscape
|
|t:|1743869730
|switch|p2a: Quaquaval|Quaquaval, F|88/100|[from] Chilly Reception
|
|-weather|Snowscape|[upkeep]
|-damage|p1a: Whiscash|82/100 brn|[from] brn
|upkeep
|turn|8
|
|t:|1743869751
|move|p2a: Quaquaval|Knock Off|p1a: Whiscash
|-damage|p1a: Whiscash|58/100 brn
|-damage|p2a: Quaquaval|72/100|[from] item: Rocky Helmet|[of] p1a: Whiscash
|-enditem|p1a: Whiscash|Rocky Helmet|[from] move: Knock Off|[of] p2a: Quaquaval
|move|p1a: Whiscash|Earthquake|p2a: Quaquaval
|-damage|p2a: Quaquaval|55/100
|
|-weather|Snowscape|[upkeep]
|-damage|p1a: Whiscash|51/100 brn|[from] brn
|upkeep
|turn|9
|
|t:|1743869764
|move|p2a: Quaquaval|Close Combat|p1a: Whiscash
|-damage|p1a: Whiscash|3/100 brn
|-unboost|p2a: Quaquaval|def|1
|-unboost|p2a: Quaquaval|spd|1
|move|p1a: Whiscash|Spikes|p2a: Quaquaval
|-sidestart|p2: JSD717|Spikes
|
|-weather|Snowscape|[upkeep]
|-damage|p1a: Whiscash|0 fnt|[from] brn
|faint|p1a: Whiscash
|upkeep
|
|t:|1743869767
|switch|p1a: Pelipper|Pelipper, F|87/100
|-weather|RainDance|[from] ability: Drizzle|[of] p1a: Pelipper
|turn|10
|
|t:|1743869784
|move|p2a: Quaquaval|Rapid Spin|p1a: Pelipper
|-crit|p1a: Pelipper
|-damage|p1a: Pelipper|66/100
|-boost|p2a: Quaquaval|spe|1
|-sideend|p2: JSD717|Spikes|[from] move: Rapid Spin|[of] p2a: Quaquaval
|move|p1a: Pelipper|U-turn|p2a: Quaquaval
|-resisted|p2a: Quaquaval
|-damage|p2a: Quaquaval|46/100
|
|t:|1743869792
|switch|p1a: Kingdra|Kingdra, F|100/100|[from] U-turn
|
|-weather|RainDance|[upkeep]
|upkeep
|turn|11
|
|t:|1743869802
|switch|p2a: Slowking|Slowking-Galar, F|77/100
|move|p1a: Kingdra|Weather Ball|p2a: Slowking
|-damage|p2a: Slowking|23/100
|
|-weather|RainDance|[upkeep]
|upkeep
|turn|12
|
|t:|1743869809
|move|p1a: Kingdra|Weather Ball|p2a: Slowking
|-damage|p2a: Slowking|0 fnt
|faint|p2a: Slowking
|
|-weather|RainDance|[upkeep]
|upkeep
|
|t:|1743869815
|switch|p2a: Iron Valiant|Iron Valiant|100/100
|-enditem|p2a: Iron Valiant|Booster Energy
|-activate|p2a: Iron Valiant|ability: Quark Drive|[fromitem]
|-start|p2a: Iron Valiant|quarkdrivespe
|turn|13
|
|t:|1743869821
|move|p1a: Kingdra|Weather Ball|p2a: Iron Valiant
|-damage|p2a: Iron Valiant|0 fnt
|faint|p2a: Iron Valiant
|-end|p2a: Iron Valiant|Quark Drive|[silent]
|
|-weather|RainDance|[upkeep]
|upkeep
|
|t:|1743869827
|switch|p2a: Quaquaval|Quaquaval, F|46/100
|turn|14
|
|t:|1743869838
|switch|p1a: Rotom|Rotom-Frost|100/100
|move|p2a: Quaquaval|Close Combat|p1a: Rotom
|-supereffective|p1a: Rotom
|-damage|p1a: Rotom|0 fnt
|-unboost|p2a: Quaquaval|def|1
|-unboost|p2a: Quaquaval|spd|1
|faint|p1a: Rotom
|-ability|p2a: Quaquaval|Moxie|boost
|-boost|p2a: Quaquaval|atk|1
|
|-weather|RainDance|[upkeep]
|upkeep
|
|t:|1743869840
|switch|p1a: Kingdra|Kingdra, F|100/100
|turn|15
|
|t:|1743869855
|switch|p2a: Moltres|Moltres|100/100
|move|p1a: Kingdra|Weather Ball|p2a: Moltres
|-supereffective|p2a: Moltres
|-damage|p2a: Moltres|0 fnt
|faint|p2a: Moltres
|
|-weather|RainDance|[upkeep]
|upkeep
|
|t:|1743869867
|switch|p2a: Quaquaval|Quaquaval, F|46/100
|turn|16
|
|t:|1743869877
|move|p1a: Kingdra|Weather Ball|p2a: Quaquaval
|-resisted|p2a: Quaquaval
|-damage|p2a: Quaquaval|4/100
|move|p2a: Quaquaval|Close Combat|p1a: Kingdra
|-damage|p1a: Kingdra|22/100
|-unboost|p2a: Quaquaval|def|1
|-unboost|p2a: Quaquaval|spd|1
|
|-weather|RainDance|[upkeep]
|upkeep
|turn|17
|
|t:|1743869901
|move|p1a: Kingdra|Weather Ball|p2a: Quaquaval
|-resisted|p2a: Quaquaval
|-damage|p2a: Quaquaval|0 fnt
|faint|p2a: Quaquaval
|
|-weather|none
|upkeep
|
|t:|1743869916
|switch|p2a: Glimmora|Glimmora, F|100/100
|turn|18
|
|t:|1743869921
|switch|p1a: Iron Treads|Iron Treads|100/100
|move|p2a: Glimmora|Meteor Beam||[still]
|-prepare|p2a: Glimmora|Meteor Beam
|-boost|p2a: Glimmora|spa|1
|-enditem|p2a: Glimmora|Power Herb
|-anim|p2a: Glimmora|Meteor Beam|p1a: Iron Treads
|-resisted|p1a: Iron Treads
|-damage|p1a: Iron Treads|78/100
|
|upkeep
|turn|19
|
|t:|1743869931
|move|p1a: Iron Treads|Earthquake|p2a: Glimmora
|-supereffective|p2a: Glimmora
|-damage|p2a: Glimmora|0 fnt
|-activate|p2a: Glimmora|ability: Toxic Debris
|-sidestart|p1: Ruby Xoxo|move: Toxic Spikes
|faint|p2a: Glimmora
|
|upkeep
|c|☆JSD717|gg
|-message|JSD717 forfeited.
|
|win|Ruby Xoxo
|raw|Ruby Xoxo's rating: 1593 &rarr; <strong>1610</strong><br />(+17 for winning)
|raw|JSD717's rating: 1539 &rarr; <strong>1522</strong><br />(-17 for losing)
|l|☆JSD717
|player|p2|
|l|☆Ruby Xoxo
|player|p1|
