|j|☆hachan247
|j|☆AbbadL
|t:|1743932566
|gametype|singles
|player|p1|hachan247|265|1170
|player|p2|AbbadL|169|1141
|teamsize|p1|6
|teamsize|p2|6
|gen|9
|tier|[Gen 9] OU
|rated|
|rule|HP Percentage Mod: HP is shown in percentages
|rule|Endless Battle Clause: Forcing endless battles is banned
|rule|Species Clause: Limit one of each Pokémon
|rule|OHKO Clause: OHKO moves are banned
|rule|Evasion Items Clause: Evasion items are banned
|rule|Evasion Moves Clause: Evasion moves are banned
|rule|Sleep Moves Clause: Sleep-inducing moves are banned
|clearpoke
|poke|p1|Walking Wake|
|poke|p1|Meowscarada, M|
|poke|p1|Landorus-Therian, M|
|poke|p1|Hitmonlee, M|
|poke|p1|Slowking-Galar, M|
|poke|p1|Cinderace, F|
|poke|p2|Torterra, F|
|poke|p2|Ceruledge, F|
|poke|p2|Goodra, M|
|poke|p2|Frosmoth, M|
|poke|p2|Metagross|
|poke|p2|Kilowattrel, M|
|teampreview
|inactive|Battle timer is ON: inactive players will automatically lose when time's up. (requested by hachan247)
|
|t:|1743932579
|start
|switch|p1a: Walking Wake|Walking Wake|100/100
|switch|p2a: Torterra|Torterra, F|100/100
|turn|1
|
|t:|1743932601
|switch|p2a: Metagross|Metagross, shiny|100/100
|move|p1a: Walking Wake|Draco Meteor|p2a: Metagross
|-resisted|p2a: Metagross
|-damage|p2a: Metagross|38/100
|-unboost|p1a: Walking Wake|spa|2
|
|upkeep
|turn|2
|
|t:|1743932618
|-end|p1a: Walking Wake|Protosynthesis|[silent]
|switch|p1a: Slowking|Slowking-Galar, M|100/100
|move|p2a: Metagross|Zen Headbutt|p1a: Slowking
|-damage|p1a: Slowking|54/100
|
|upkeep
|turn|3
|
|t:|1743932626
|switch|p1a: Landorus|Landorus-Therian, M|100/100
|-ability|p1a: Landorus|Intimidate|boost
|-fail|p2a: Metagross|unboost|[from] ability: Clear Body|[of] p2a: Metagross
|move|p2a: Metagross|Meteor Mash|p1a: Landorus
|-damage|p1a: Landorus|64/100
|-damage|p2a: Metagross|21/100|[from] item: Rocky Helmet|[of] p1a: Landorus
|
|upkeep
|turn|4
|
|t:|1743932637
|switch|p2a: Kilowattrel|Kilowattrel, M|100/100
|move|p1a: Landorus|Stealth Rock|p2a: Kilowattrel
|-sidestart|p2: AbbadL|move: Stealth Rock
|
|upkeep
|turn|5
|
|t:|1743932645
|move|p2a: Kilowattrel|Air Slash|p1a: Landorus
|-damage|p1a: Landorus|12/100
|move|p1a: Landorus|Stone Edge|p2a: Kilowattrel
|-supereffective|p2a: Kilowattrel
|-damage|p2a: Kilowattrel|0 fnt
|faint|p2a: Kilowattrel
|
|upkeep
|
|t:|1743932659
|switch|p2a: Ceruledge|Ceruledge, F, shiny|100/100
|-damage|p2a: Ceruledge|76/100|[from] Stealth Rock
|turn|6
|
|t:|1743932662
|move|p2a: Ceruledge|Shadow Sneak|p1a: Landorus
|-damage|p1a: Landorus|0 fnt
|-damage|p2a: Ceruledge|59/100|[from] item: Rocky Helmet|[of] p1a: Landorus
|faint|p1a: Landorus
|-damage|p2a: Ceruledge|49/100|[from] item: Life Orb
|
|upkeep
|
|t:|1743932671
|switch|p1a: Meowscarada|Meowscarada, M, shiny|100/100
|turn|7
|
|t:|1743932681
|switch|p2a: Torterra|Torterra, F|100/100
|-damage|p2a: Torterra|94/100|[from] Stealth Rock
|move|p1a: Meowscarada|Knock Off|p2a: Torterra
|-start|p1a: Meowscarada|typechange|Dark|[from] ability: Protean
|-damage|p2a: Torterra|59/100
|-enditem|p2a: Torterra|Yache Berry|[from] move: Knock Off|[of] p1a: Meowscarada
|
|upkeep
|turn|8
|
|t:|1743932694
|switch|p1a: Cinderace|Cinderace, F|100/100
|move|p2a: Torterra|Stealth Rock|p1a: Cinderace
|-sidestart|p1: hachan247|move: Stealth Rock
|
|upkeep
|turn|9
|
|t:|1743932700
|switch|p2a: Goodra|Goodra, M|100/100
|-damage|p2a: Goodra|88/100|[from] Stealth Rock
|move|p1a: Cinderace|Will-O-Wisp|p2a: Goodra
|-status|p2a: Goodra|brn
|
|-damage|p2a: Goodra|82/100 brn|[from] brn
|upkeep
|turn|10
|
|t:|1743932708
|move|p1a: Cinderace|U-turn|p2a: Goodra
|-damage|p2a: Goodra|55/100 brn
|-ability|p2a: Goodra|Gooey
|-unboost|p1a: Cinderace|spe|1
|
|t:|1743932713
|switch|p1a: Slowking|Slowking-Galar, M|87/100|[from] U-turn
|move|p2a: Goodra|Hydro Pump|p1a: Slowking
|-damage|p1a: Slowking|66/100
|
|-damage|p2a: Goodra|48/100 brn|[from] brn
|upkeep
|turn|11
|
|t:|1743932722
|move|p2a: Goodra|Draco Meteor|p1a: Slowking
|-damage|p1a: Slowking|28/100
|-unboost|p2a: Goodra|spa|2
|-prepare|p1a: Slowking|Chilly Reception|[premajor]
|move|p1a: Slowking|Chilly Reception|p1a: Slowking
|-weather|Snowscape
|
|t:|1743932729
|switch|p1a: Meowscarada|Meowscarada, M, shiny|100/100|[from] Chilly Reception
|-damage|p1a: Meowscarada|88/100|[from] Stealth Rock
|
|-weather|Snowscape|[upkeep]
|-damage|p2a: Goodra|42/100 brn|[from] brn
|upkeep
|turn|12
|inactive|AbbadL has 120 seconds left.
|
|t:|1743932760
|switch|p2a: Ceruledge|Ceruledge, F, shiny|49/100
|-damage|p2a: Ceruledge|25/100|[from] Stealth Rock
|move|p1a: Meowscarada|Triple Axel|p2a: Ceruledge
|-start|p1a: Meowscarada|typechange|Ice|[from] ability: Protean
|-resisted|p2a: Ceruledge
|-damage|p2a: Ceruledge|18/100
|-ability|p2a: Ceruledge|Weak Armor|boost
|-unboost|p2a: Ceruledge|def|1
|-boost|p2a: Ceruledge|spe|2
|-resisted|p2a: Ceruledge
|-damage|p2a: Ceruledge|0 fnt
|faint|p2a: Ceruledge
|-hitcount|p2: Ceruledge|2
|
|-weather|Snowscape|[upkeep]
|upkeep
|inactive|AbbadL has 120 seconds left.
|
|t:|1743932779
|switch|p2a: Frosmoth|Frosmoth, M|100/100
|turn|13
|
|t:|1743932788
|switch|p1a: Leeman|Hitmonlee, M|100/100
|-damage|p1a: Leeman|94/100|[from] Stealth Rock
|move|p2a: Frosmoth|Quiver Dance|p2a: Frosmoth
|-boost|p2a: Frosmoth|spa|1
|-boost|p2a: Frosmoth|spd|1
|-boost|p2a: Frosmoth|spe|1
|
|-weather|Snowscape|[upkeep]
|upkeep
|turn|14
|inactive|AbbadL has 120 seconds left.
|
|t:|1743932794
|-terastallize|p1a: Leeman|Fighting
|move|p1a: Leeman|Mach Punch|p2a: Frosmoth
|-crit|p2a: Frosmoth
|-damage|p2a: Frosmoth|24/100
|move|p2a: Frosmoth|Air Slash|p1a: Leeman
|-supereffective|p1a: Leeman
|-damage|p1a: Leeman|0 fnt
|faint|p1a: Leeman
|
|-weather|Snowscape|[upkeep]
|upkeep
|
|t:|1743932802
|switch|p1a: Meowscarada|Meowscarada, M, shiny|88/100
|-damage|p1a: Meowscarada|76/100|[from] Stealth Rock
|turn|15
|
|t:|1743932807
|move|p1a: Meowscarada|Knock Off|p2a: Frosmoth
|-start|p1a: Meowscarada|typechange|Dark|[from] ability: Protean
|-damage|p2a: Frosmoth|0 fnt
|-enditem|p2a: Frosmoth|Heavy-Duty Boots|[from] move: Knock Off|[of] p1a: Meowscarada
|faint|p2a: Frosmoth
|
|-weather|none
|upkeep
|inactive|AbbadL has 120 seconds left.
|
|t:|1743932833
|switch|p2a: Goodra|Goodra, M|42/100 brn
|-damage|p2a: Goodra|30/100 brn|[from] Stealth Rock
|turn|16
|inactive|AbbadL has 120 seconds left.
|
|t:|1743932841
|move|p1a: Meowscarada|Knock Off|p2a: Goodra
|-damage|p2a: Goodra|0 fnt
|-ability|p2a: Goodra|Gooey
|-unboost|p1a: Meowscarada|spe|1
|-enditem|p2a: Goodra|Assault Vest|[from] move: Knock Off|[of] p1a: Meowscarada
|faint|p2a: Goodra
|
|upkeep
|inactive|AbbadL has 120 seconds left.
|
|t:|1743932847
|switch|p2a: Metagross|Metagross, shiny|21/100
|-damage|p2a: Metagross|15/100|[from] Stealth Rock
|turn|17
|
|t:|1743932854
|switch|p1a: Walking Wake|Walking Wake|100/100
|-damage|p1a: Walking Wake|88/100|[from] Stealth Rock
|move|p2a: Metagross|Hammer Arm|p1a: Walking Wake
|-damage|p1a: Walking Wake|51/100
|-unboost|p2a: Metagross|spe|1
|
|upkeep
|turn|18
|
|t:|1743932868
|move|p1a: Walking Wake|Hydro Pump|p2a: Metagross
|-damage|p2a: Metagross|0 fnt
|faint|p2a: Metagross
|
|upkeep
|
|t:|1743932870
|switch|p2a: Torterra|Torterra, F|59/100
|-damage|p2a: Torterra|53/100|[from] Stealth Rock
|turn|19
|
|t:|1743932872
|move|p1a: Walking Wake|Hydro Pump|p2a: Torterra
|-damage|p2a: Torterra|0 fnt
|faint|p2a: Torterra
|
|win|hachan247
|raw|hachan247's rating: 1170 &rarr; <strong>1193</strong><br />(+23 for winning)
|raw|AbbadL's rating: 1141 &rarr; <strong>1118</strong><br />(-23 for losing)
|l|☆AbbadL
|player|p2|
|l|☆hachan247
|player|p1|
