|j|☆veilure
|j|☆Coldwiii
|t:|1743796700
|gametype|singles
|player|p1|veilure|skierf-gen4dp|1540
|player|p2|Coldwiii|wattson|1493
|teamsize|p1|6
|teamsize|p2|6
|gen|9
|tier|[Gen 9] OU
|rated|
|rule|HP Percentage Mod: HP is shown in percentages
|rule|Endless Battle Clause: Forcing endless battles is banned
|rule|Species Clause: Limit one of each Pokémon
|rule|OHKO Clause: OHKO moves are banned
|rule|Evasion Items Clause: Evasion items are banned
|rule|Evasion Moves Clause: Evasion moves are banned
|rule|Sleep Moves Clause: Sleep-inducing moves are banned
|clearpoke
|poke|p1|Comfey, F|
|poke|p1|Whimsicott, M|
|poke|p1|Iron Moth|
|poke|p1|Walking Wake|
|poke|p1|Great Tusk|
|poke|p1|Ninetales, F|
|poke|p2|Comfey, M|
|poke|p2|Whimsicott, F|
|poke|p2|Iron Moth|
|poke|p2|Walking Wake|
|poke|p2|Great Tusk|
|poke|p2|Ninetales, F|
|teampreview
|c|☆veilure|lolllll
|c|☆veilure|glhf
|c|☆Coldwiii|glhf
|inactive|Battle timer is ON: inactive players will automatically lose when time's up. (requested by veilure)
|
|t:|1743796725
|start
|switch|p1a: Ninetales|Ninetales, F|100/100
|switch|p2a: Walking Wake|Walking Wake|100/100
|-weather|SunnyDay|[from] ability: Drought|[of] p1a: Ninetales
|-activate|p2a: Walking Wake|ability: Protosynthesis
|-start|p2a: Walking Wake|protosynthesisspe
|turn|1
|
|t:|1743796733
|switch|p1a: Whimsicott|Whimsicott, M|100/100
|move|p2a: Walking Wake|Hydro Steam|p1a: Whimsicott
|-resisted|p1a: Whimsicott
|-damage|p1a: Whimsicott|64/100
|
|-weather|SunnyDay|[upkeep]
|upkeep
|turn|2
|
|t:|1743796746
|move|p1a: Whimsicott|Growth|p1a: Whimsicott
|-boost|p1a: Whimsicott|atk|2
|-boost|p1a: Whimsicott|spa|2
|move|p2a: Walking Wake|Flip Turn|p1a: Whimsicott
|-resisted|p1a: Whimsicott
|-damage|p1a: Whimsicott|59/100
|j| akakPUMPKIN
|inactive|Coldwiii has 120 seconds left.
|
|t:|1743796774
|-end|p2a: Walking Wake|Protosynthesis|[silent]
|switch|p2a: Whimsicott|Whimsicott, F|100/100|[from] Flip Turn
|
|-weather|SunnyDay|[upkeep]
|upkeep
|turn|3
|inactive|Coldwiii has 120 seconds left.
|
|t:|1743796784
|move|p2a: Whimsicott|Moonblast|p1a: Whimsicott
|-damage|p1a: Whimsicott|0 fnt
|faint|p1a: Whimsicott
|-damage|p2a: Whimsicott|91/100|[from] item: Life Orb
|
|-weather|SunnyDay|[upkeep]
|upkeep
|
|t:|1743796788
|switch|p1a: Iron Moth|Iron Moth|100/100
|-enditem|p1a: Iron Moth|Booster Energy
|-activate|p1a: Iron Moth|ability: Quark Drive|[fromitem]
|-start|p1a: Iron Moth|quarkdrivespa
|turn|4
|
|t:|1743796801
|switch|p2a: Walking Wake|Walking Wake|100/100
|-activate|p2a: Walking Wake|ability: Protosynthesis
|-start|p2a: Walking Wake|protosynthesisspe
|move|p1a: Iron Moth|Fiery Dance|p2a: Walking Wake
|-resisted|p2a: Walking Wake
|-damage|p2a: Walking Wake|85/100
|-boost|p1a: Iron Moth|spa|1
|
|-weather|SunnyDay|[upkeep]
|upkeep
|turn|5
|
|t:|1743796820
|-end|p1a: Iron Moth|Quark Drive|[silent]
|switch|p1a: Walking Wake|Walking Wake|100/100
|-activate|p1a: Walking Wake|ability: Protosynthesis
|-start|p1a: Walking Wake|protosynthesisspe
|move|p2a: Walking Wake|Hydro Steam|p1a: Walking Wake
|-resisted|p1a: Walking Wake
|-damage|p1a: Walking Wake|91/100
|
|-weather|SunnyDay|[upkeep]
|upkeep
|turn|6
|
|t:|1743796830
|-terastallize|p2a: Walking Wake|Steel
|move|p2a: Walking Wake|Draco Meteor|p1a: Walking Wake
|-supereffective|p1a: Walking Wake
|-damage|p1a: Walking Wake|4/100
|-unboost|p2a: Walking Wake|spa|2
|move|p1a: Walking Wake|Draco Meteor|p2a: Walking Wake
|-resisted|p2a: Walking Wake
|-damage|p2a: Walking Wake|63/100
|-unboost|p1a: Walking Wake|spa|2
|
|-weather|SunnyDay|[upkeep]
|upkeep
|turn|7
|
|t:|1743796849
|-end|p1a: Walking Wake|Protosynthesis|[silent]
|switch|p1a: Comfey|Comfey, F|100/100
|move|p2a: Walking Wake|Knock Off|p1a: Comfey
|-resisted|p1a: Comfey
|-damage|p1a: Comfey|90/100
|-enditem|p1a: Comfey|Life Orb|[from] move: Knock Off|[of] p2a: Walking Wake
|
|-weather|SunnyDay|[upkeep]
|upkeep
|turn|8
|inactive|Coldwiii has 120 seconds left.
|
|t:|1743796886
|-end|p2a: Walking Wake|Protosynthesis|[silent]
|switch|p2a: Iron Moth|Iron Moth|100/100
|-enditem|p2a: Iron Moth|Booster Energy
|-activate|p2a: Iron Moth|ability: Quark Drive|[fromitem]
|-start|p2a: Iron Moth|quarkdrivespa
|move|p1a: Comfey|Growth|p1a: Comfey
|-boost|p1a: Comfey|atk|2
|-boost|p1a: Comfey|spa|2
|
|-weather|none
|upkeep
|turn|9
|
|t:|1743796898
|-terastallize|p1a: Comfey|Water
|move|p2a: Iron Moth|Sludge Wave|p1a: Comfey
|-damage|p1a: Comfey|26/100
|move|p1a: Comfey|Stored Power|p2a: Iron Moth
|-supereffective|p2a: Iron Moth
|-damage|p2a: Iron Moth|0 fnt
|faint|p2a: Iron Moth
|-end|p2a: Iron Moth|Quark Drive|[silent]
|
|upkeep
|inactive|Coldwiii has 90 seconds left.
|
|t:|1743796929
|switch|p2a: Walking Wake|Walking Wake, tera:Steel|63/100
|turn|10
|
|t:|1743796937
|move|p1a: Comfey|Synthesis|p1a: Comfey
|-heal|p1a: Comfey|76/100
|move|p2a: Walking Wake|Draco Meteor|p1a: Comfey
|-damage|p1a: Comfey|16/100
|-unboost|p2a: Walking Wake|spa|2
|
|upkeep
|turn|11
|inactive|Coldwiii has 90 seconds left.
|
|t:|1743796949
|-end|p2a: Walking Wake|Protosynthesis|[silent]
|switch|p2a: Ninetales|Ninetales, F|100/100
|-weather|SunnyDay|[from] ability: Drought|[of] p2a: Ninetales
|move|p1a: Comfey|Synthesis|p1a: Comfey
|-heal|p1a: Comfey|83/100
|
|-weather|SunnyDay|[upkeep]
|upkeep
|turn|12
|inactive|Coldwiii has 90 seconds left.
|
|t:|1743796959
|move|p2a: Ninetales|Encore|p1a: Comfey
|-start|p1a: Comfey|Encore
|move|p1a: Comfey|Synthesis|p1a: Comfey
|-heal|p1a: Comfey|100/100
|
|-weather|SunnyDay|[upkeep]
|upkeep
|turn|13
|
|t:|1743796968
|switch|p1a: Iron Moth|Iron Moth|100/100
|move|p2a: Ninetales|Will-O-Wisp|p1a: Iron Moth
|-immune|p1a: Iron Moth
|
|-weather|SunnyDay|[upkeep]
|upkeep
|turn|14
|inactive|Coldwiii has 90 seconds left.
|
|t:|1743796989
|switch|p2a: Great Tusk|Great Tusk|100/100
|-activate|p2a: Great Tusk|ability: Protosynthesis
|-start|p2a: Great Tusk|protosynthesisspe
|move|p1a: Iron Moth|Fiery Dance|p2a: Great Tusk
|-damage|p2a: Great Tusk|21/100
|-boost|p1a: Iron Moth|spa|1
|
|-weather|SunnyDay|[upkeep]
|upkeep
|turn|15
|inactive|Coldwiii has 90 seconds left.
|
|t:|1743797003
|-end|p1a: Iron Moth|Quark Drive|[silent]
|switch|p1a: Great Tusk|Great Tusk|100/100
|-activate|p1a: Great Tusk|ability: Protosynthesis
|-start|p1a: Great Tusk|protosynthesisspe
|move|p2a: Great Tusk|Stealth Rock|p1a: Great Tusk
|-sidestart|p1: veilure|move: Stealth Rock
|
|-weather|SunnyDay|[upkeep]
|upkeep
|turn|16
|inactive|Coldwiii has 90 seconds left.
|
|t:|1743797015
|move|p1a: Great Tusk|Ice Spinner|p2a: Great Tusk
|-supereffective|p2a: Great Tusk
|-damage|p2a: Great Tusk|0 fnt
|-damage|p1a: Great Tusk|84/100|[from] item: Rocky Helmet|[of] p2a: Great Tusk
|faint|p2a: Great Tusk
|-end|p2a: Great Tusk|Protosynthesis|[silent]
|
|-weather|SunnyDay|[upkeep]
|upkeep
|
|t:|1743797022
|switch|p2a: Comfey|Comfey, M|100/100
|turn|17
|inactive|Coldwiii has 90 seconds left.
|
|t:|1743797032
|move|p1a: Great Tusk|Headlong Rush|p2a: Comfey
|-damage|p2a: Comfey|39/100
|-unboost|p1a: Great Tusk|def|1
|-unboost|p1a: Great Tusk|spd|1
|move|p2a: Comfey|Growth|p2a: Comfey
|-boost|p2a: Comfey|atk|2
|-boost|p2a: Comfey|spa|2
|
|-weather|SunnyDay|[upkeep]
|upkeep
|turn|18
|inactive|Coldwiii has 90 seconds left.
|
|t:|1743797047
|-end|p1a: Great Tusk|Protosynthesis|[silent]
|switch|p1a: Walking Wake|Walking Wake|4/100
|-damage|p1a: Walking Wake|0 fnt|[from] Stealth Rock
|faint|p1a: Walking Wake
|-end|p1a: Walking Wake|Protosynthesis|[silent]
|move|p2a: Comfey|Draining Kiss|p1: Walking Wake|[notarget]
|-fail|p2a: Comfey
|
|-weather|none
|upkeep
|
|t:|1743797070
|switch|p1a: Ninetales|Ninetales, F|100/100
|-damage|p1a: Ninetales|76/100|[from] Stealth Rock
|-weather|SunnyDay|[from] ability: Drought|[of] p1a: Ninetales
|turn|19
|
|t:|1743797078
|move|p2a: Comfey|Synthesis|p2a: Comfey
|-heal|p2a: Comfey|100/100
|move|p1a: Ninetales|Encore|p2a: Comfey
|-start|p2a: Comfey|Encore
|
|-weather|SunnyDay|[upkeep]
|upkeep
|turn|20
|
|t:|1743797088
|switch|p1a: Iron Moth|Iron Moth|100/100
|-damage|p1a: Iron Moth|76/100|[from] Stealth Rock
|switch|p2a: Walking Wake|Walking Wake, tera:Steel|63/100
|-activate|p2a: Walking Wake|ability: Protosynthesis
|-start|p2a: Walking Wake|protosynthesisspe
|
|-weather|SunnyDay|[upkeep]
|upkeep
|turn|21
|
|t:|1743797099
|move|p2a: Walking Wake|Hydro Steam|p1a: Iron Moth
|-supereffective|p1a: Iron Moth
|-damage|p1a: Iron Moth|0 fnt
|faint|p1a: Iron Moth
|-end|p1a: Iron Moth|Quark Drive|[silent]
|
|-weather|SunnyDay|[upkeep]
|upkeep
|
|t:|1743797101
|switch|p1a: Comfey|Comfey, F, tera:Water|100/100
|-damage|p1a: Comfey|88/100|[from] Stealth Rock
|turn|22
|
|t:|1743797117
|switch|p1a: Great Tusk|Great Tusk|84/100
|-damage|p1a: Great Tusk|81/100|[from] Stealth Rock
|-activate|p1a: Great Tusk|ability: Protosynthesis
|-start|p1a: Great Tusk|protosynthesisspe
|move|p2a: Walking Wake|Hydro Steam|p1a: Great Tusk
|-supereffective|p1a: Great Tusk
|-damage|p1a: Great Tusk|0 fnt
|faint|p1a: Great Tusk
|-end|p1a: Great Tusk|Protosynthesis|[silent]
|
|-weather|SunnyDay|[upkeep]
|upkeep
|
|t:|1743797126
|switch|p1a: Comfey|Comfey, F, tera:Water|88/100
|-damage|p1a: Comfey|76/100|[from] Stealth Rock
|turn|23
|inactive|Coldwiii has 120 seconds left.
|
|t:|1743797139
|-end|p2a: Walking Wake|Protosynthesis|[silent]
|switch|p2a: Whimsicott|Whimsicott, F|91/100
|move|p1a: Comfey|Growth|p1a: Comfey
|-boost|p1a: Comfey|atk|2
|-boost|p1a: Comfey|spa|2
|
|-weather|SunnyDay|[upkeep]
|upkeep
|turn|24
|
|t:|1743797148
|move|p1a: Comfey|Draining Kiss|p2a: Whimsicott
|-damage|p2a: Whimsicott|30/100
|-heal|p1a: Comfey|100/100|[from] drain|[of] p2a: Whimsicott
|move|p2a: Whimsicott|Giga Drain|p1a: Comfey
|-supereffective|p1a: Comfey
|-damage|p1a: Comfey|23/100
|-heal|p2a: Whimsicott|69/100|[from] drain|[of] p1a: Comfey
|-damage|p2a: Whimsicott|59/100|[from] item: Life Orb
|
|-weather|SunnyDay|[upkeep]
|upkeep
|turn|25
|
|t:|1743797158
|move|p1a: Comfey|Draining Kiss|p2a: Whimsicott
|-damage|p2a: Whimsicott|2/100
|-heal|p1a: Comfey|66/100|[from] drain|[of] p2a: Whimsicott
|move|p2a: Whimsicott|Giga Drain|p1a: Comfey
|-supereffective|p1a: Comfey
|-damage|p1a: Comfey|0 fnt
|-heal|p2a: Whimsicott|35/100|[from] drain|[of] p1a: Comfey
|faint|p1a: Comfey
|-damage|p2a: Whimsicott|25/100|[from] item: Life Orb
|
|-weather|SunnyDay|[upkeep]
|upkeep
|
|t:|1743797163
|switch|p1a: Ninetales|Ninetales, F|76/100
|-damage|p1a: Ninetales|51/100|[from] Stealth Rock
|turn|26
|c|☆veilure|lucky roles lol
|c|☆veilure|rolls*
|
|t:|1743797173
|switch|p2a: Walking Wake|Walking Wake, tera:Steel|63/100
|-activate|p2a: Walking Wake|ability: Protosynthesis
|-start|p2a: Walking Wake|protosynthesisspe
|move|p1a: Ninetales|Weather Ball|p2a: Walking Wake
|-supereffective|p2a: Walking Wake
|-damage|p2a: Walking Wake|6/100
|
|-weather|none
|-end|p2a: Walking Wake|Protosynthesis
|upkeep
|turn|27
|
|t:|1743797185
|move|p1a: Ninetales|Weather Ball|p2a: Walking Wake
|-resisted|p2a: Walking Wake
|-damage|p2a: Walking Wake|3/100
|move|p2a: Walking Wake|Hydro Steam|p1a: Ninetales
|-supereffective|p1a: Ninetales
|-damage|p1a: Ninetales|0 fnt
|faint|p1a: Ninetales
|
|win|Coldwiii
|raw|veilure's rating: 1540 &rarr; <strong>1517</strong><br />(-23 for losing)
|raw|Coldwiii's rating: 1493 &rarr; <strong>1516</strong><br />(+23 for winning)
|l|☆veilure
|player|p1|
|c|☆Coldwiii|gg
