|j|☆chaheed
|j|☆bsp1
|t:|1743924639
|gametype|singles
|player|p1|chaheed|ninjaboy|1703
|player|p2|bsp1|170|1685
|teamsize|p1|6
|teamsize|p2|6
|gen|9
|tier|[Gen 9] OU
|rated|
|rule|HP Percentage Mod: HP is shown in percentages
|rule|Endless Battle Clause: Forcing endless battles is banned
|rule|Species Clause: Limit one of each Pokémon
|rule|OHKO Clause: OHKO moves are banned
|rule|Evasion Items Clause: Evasion items are banned
|rule|Evasion Moves Clause: Evasion moves are banned
|rule|Sleep Moves Clause: Sleep-inducing moves are banned
|clearpoke
|poke|p1|Dragonite, F|
|poke|p1|Dragapult, M|
|poke|p1|Iron Moth|
|poke|p1|Greninja-*, M|
|poke|p1|Serperior, F|
|poke|p1|Iron Treads|
|poke|p2|Iron Crown|
|poke|p2|Enamorus, F|
|poke|p2|Great Tusk|
|poke|p2|Alomomola, M|
|poke|p2|Lokix, F|
|poke|p2|Dragapult, M|
|teampreview
|inactive|Battle timer is ON: inactive players will automatically lose when time's up. (requested by chaheed)
|j| frindlebabbin
|j| WangLinWL
|
|t:|1743924651
|start
|switch|p1a: Dragapult|Dragapult, M|100/100
|switch|p2a: Lokix|Lokix, F|100/100
|turn|1
|
|t:|1743924655
|switch|p2a: Alomomola|Alomomola, M|100/100
|move|p1a: Dragapult|Will-O-Wisp|p2a: Alomomola
|-status|p2a: Alomomola|brn
|
|-damage|p2a: Alomomola|94/100 brn|[from] brn
|upkeep
|turn|2
|
|t:|1743924666
|move|p1a: Dragapult|Dragon Darts|p2a: Alomomola
|-damage|p2a: Alomomola|79/100 brn
|-anim|p1a: Dragapult|Dragon Darts|p2a: Alomomola
|-damage|p2a: Alomomola|65/100 brn
|move|p2a: Alomomola|Mirror Coat||[still]
|-fail|p2a: Alomomola
|
|-damage|p2a: Alomomola|59/100 brn|[from] brn
|upkeep
|turn|3
|
|t:|1743924675
|move|p1a: Dragapult|Dragon Darts|p2a: Alomomola
|-damage|p2a: Alomomola|44/100 brn
|-anim|p1a: Dragapult|Dragon Darts|p2a: Alomomola
|-damage|p2a: Alomomola|30/100 brn
|move|p2a: Alomomola|Flip Turn|p1a: Dragapult
|-resisted|p1a: Dragapult
|-damage|p1a: Dragapult|95/100
|
|t:|1743924680
|switch|p2a: Enamorus|Enamorus, F|100/100|[from] Flip Turn
|
|upkeep
|turn|4
|
|t:|1743924690
|move|p2a: Enamorus|Moonblast|p1a: Dragapult
|-supereffective|p1a: Dragapult
|-damage|p1a: Dragapult|0 fnt
|faint|p1a: Dragapult
|
|upkeep
|
|t:|1743924700
|switch|p1a: Iron Moth|Iron Moth|100/100
|-enditem|p1a: Iron Moth|Booster Energy
|-activate|p1a: Iron Moth|ability: Quark Drive|[fromitem]
|-start|p1a: Iron Moth|quarkdrivespe
|turn|5
|
|t:|1743924714
|switch|p2a: Alomomola|Alomomola, M|64/100 brn
|move|p1a: Iron Moth|Fiery Dance|p2a: Alomomola
|-resisted|p2a: Alomomola
|-damage|p2a: Alomomola|52/100 brn
|
|-damage|p2a: Alomomola|46/100 brn|[from] brn
|upkeep
|turn|6
|j| sdksod
|
|t:|1743924726
|move|p1a: Iron Moth|Substitute|p1a: Iron Moth
|-start|p1a: Iron Moth|Substitute
|-damage|p1a: Iron Moth|76/100
|move|p2a: Alomomola|Mirror Coat||[still]
|-fail|p2a: Alomomola
|
|-damage|p2a: Alomomola|40/100 brn|[from] brn
|upkeep
|turn|7
|
|t:|1743924747
|move|p1a: Iron Moth|Energy Ball|p2a: Alomomola
|-supereffective|p2a: Alomomola
|-damage|p2a: Alomomola|5/100 brn
|move|p2a: Alomomola|Flip Turn|p1a: Iron Moth
|-supereffective|p1a: Iron Moth
|-end|p1a: Iron Moth|Substitute
|
|t:|1743924755
|switch|p2a: Dragapult|Dragapult, M|100/100|[from] Flip Turn
|
|upkeep
|turn|8
|
|t:|1743924759
|move|p1a: Iron Moth|Fiery Dance|p2a: Dragapult
|-resisted|p2a: Dragapult
|-damage|p2a: Dragapult|74/100
|move|p2a: Dragapult|Dragon Darts|p1a: Iron Moth
|-crit|p1a: Iron Moth
|-damage|p1a: Iron Moth|0 fnt
|faint|p1a: Iron Moth
|-end|p1a: Iron Moth|Quark Drive|[silent]
|
|upkeep
|
|t:|1743924769
|switch|p1a: Iron Treads|Iron Treads|100/100
|-enditem|p1a: Iron Treads|Booster Energy
|-activate|p1a: Iron Treads|ability: Quark Drive|[fromitem]
|-start|p1a: Iron Treads|quarkdrivespe
|turn|9
|
|t:|1743924774
|switch|p2a: Great Tusk|Great Tusk|100/100
|move|p1a: Iron Treads|Ice Spinner|p2a: Great Tusk
|-supereffective|p2a: Great Tusk
|-damage|p2a: Great Tusk|64/100
|
|upkeep
|turn|10
|
|t:|1743924779
|move|p1a: Iron Treads|Ice Spinner|p2a: Great Tusk
|-supereffective|p2a: Great Tusk
|-damage|p2a: Great Tusk|24/100
|move|p2a: Great Tusk|Headlong Rush|p1a: Iron Treads
|-supereffective|p1a: Iron Treads
|-damage|p1a: Iron Treads|0 fnt
|-unboost|p2a: Great Tusk|def|1
|-unboost|p2a: Great Tusk|spd|1
|faint|p1a: Iron Treads
|-end|p1a: Iron Treads|Quark Drive|[silent]
|
|upkeep
|c| WangLinWL|lol double crit
|
|t:|1743924800
|switch|p1a: Serperior|Serperior, F|100/100
|turn|11
|j| iamfrhaan007
|
|t:|1743924806
|-end|p2a: Great Tusk|Protosynthesis|[silent]
|switch|p2a: Iron Crown|Iron Crown|100/100
|move|p1a: Serperior|Leaf Storm|p2a: Iron Crown
|-resisted|p2a: Iron Crown
|-damage|p2a: Iron Crown|79/100
|-boost|p1a: Serperior|spa|2
|
|upkeep
|turn|12
|j| LoodewhX
|
|t:|1743924813
|-terastallize|p1a: Serperior|Ground
|move|p1a: Serperior|Tera Blast|p2a: Iron Crown|[anim] Tera Blast Ground
|-supereffective|p2a: Iron Crown
|-crit|p2a: Iron Crown
|-damage|p2a: Iron Crown|0 fnt
|faint|p2a: Iron Crown
|-end|p2a: Iron Crown|Quark Drive|[silent]
|
|upkeep
|c| LoodewhX|omg
|inactive|bsp1 has 120 seconds left.
|
|t:|1743924846
|switch|p2a: Lokix|Lokix, F|100/100
|turn|13
|c| frindlebabbin|serperior critting like his rent is due
|
|t:|1743924858
|move|p1a: Serperior|Endure|p1a: Serperior
|-singleturn|p1a: Serperior|move: Endure
|move|p2a: Lokix|U-turn|p1a: Serperior
|-damage|p1a: Serperior|37/100
|
|t:|1743924867
|switch|p2a: Dragapult|Dragapult, M|74/100|[from] U-turn
|
|upkeep
|turn|14
|c| LoodewhX|what
|
|t:|1743924871
|move|p1a: Serperior|Endure|p1a: Serperior
|-singleturn|p1a: Serperior|move: Endure
|move|p2a: Dragapult|Dragon Darts|p1a: Serperior
|-activate|p1a: Serperior|move: Endure
|-damage|p1a: Serperior|1/100
|-anim|p2a: Dragapult|Dragon Darts|p1a: Serperior
|-activate|p1a: Serperior|move: Endure
|-damage|p1a: Serperior|1/100
|
|upkeep
|turn|15
|-enditem|p1a: Serperior|Custap Berry|[eat]
|-activate|p1a: Serperior|item: Custap Berry|[consumed]
|
|t:|1743924883
|switch|p2a: Great Tusk|Great Tusk|24/100
|move|p1a: Serperior|Leaf Storm|p2a: Great Tusk
|-supereffective|p2a: Great Tusk
|-damage|p2a: Great Tusk|0 fnt
|-boost|p1a: Serperior|spa|2
|faint|p2a: Great Tusk
|-end|p2a: Great Tusk|Protosynthesis|[silent]
|
|upkeep
|
|t:|1743924888
|switch|p2a: Dragapult|Dragapult, M|74/100
|turn|16
|c| frindlebabbin|new serperior technology
|
|t:|1743924893
|move|p1a: Serperior|Endure|p1a: Serperior
|-singleturn|p1a: Serperior|move: Endure
|move|p2a: Dragapult|Dragon Darts|p1a: Serperior
|-activate|p1a: Serperior|move: Endure
|-damage|p1a: Serperior|1/100
|-anim|p2a: Dragapult|Dragon Darts|p1a: Serperior
|-activate|p1a: Serperior|move: Endure
|-damage|p1a: Serperior|1/100
|
|upkeep
|turn|17
|l| LoodewhX
|
|t:|1743924902
|move|p2a: Dragapult|Dragon Darts|p1a: Serperior
|-damage|p1a: Serperior|0 fnt
|faint|p1a: Serperior
|
|upkeep
|
|t:|1743924906
|switch|p1a: Greninja|Greninja, M|100/100
|turn|18
|
|t:|1743924912
|move|p2a: Dragapult|Dragon Darts|p1a: Greninja
|-damage|p1a: Greninja|44/100
|-anim|p2a: Dragapult|Dragon Darts|p1a: Greninja
|-damage|p1a: Greninja|0 fnt
|faint|p1a: Greninja
|
|upkeep
|c| WangLinWL|a band fra
|c| WangLinWL|Dra
|-message|chaheed forfeited.
|
|win|bsp1
|raw|chaheed's rating: 1703 &rarr; <strong>1682</strong><br />(-21 for losing)
|raw|bsp1's rating: 1685 &rarr; <strong>1706</strong><br />(+21 for winning)
|l|☆chaheed
|player|p1|
|l| sdksod
|c| frindlebabbin|good mon
|l| frindlebabbin
|l| WangLinWL
|j| WangLinWL
|l|☆bsp1
|player|p2|
