|j|☆Steven stoners 69
|j|☆CARRYING BOATS
|t:|1743844122
|gametype|singles
|player|p1|Steven stoners 69|steven|1502
|player|p2|CARRYING BOATS|101|1522
|teamsize|p1|6
|teamsize|p2|6
|gen|9
|tier|[Gen 9] OU
|rated|
|rule|HP Percentage Mod: HP is shown in percentages
|rule|Endless Battle Clause: Forcing endless battles is banned
|rule|Species Clause: Limit one of each Pokémon
|rule|OHKO Clause: OHKO moves are banned
|rule|Evasion Items Clause: Evasion items are banned
|rule|Evasion Moves Clause: Evasion moves are banned
|rule|Sleep Moves Clause: Sleep-inducing moves are banned
|clearpoke
|poke|p1|Incineroar, F|
|poke|p1|Garchomp, F|
|poke|p1|Glimmora, M|
|poke|p1|Gholdengo|
|poke|p1|Ogerpon-Wellspring, F|
|poke|p1|Clefable, F|
|poke|p2|Dragonite, F|
|poke|p2|Ting-Lu|
|poke|p2|Sinistcha-Masterpiece|
|poke|p2|Tinkaton, F|
|poke|p2|Kyurem|
|poke|p2|Cinderace, F|
|teampreview
|
|t:|1743844174
|start
|switch|p1a: How not banned|Ogerpon-Wellspring, F|100/100
|switch|p2a: Ting-Lu|Ting-Lu|100/100
|-ability|p2a: Ting-Lu|Vessel of Ruin
|turn|1
|
|t:|1743844209
|switch|p2a: Sinistcha|Sinistcha-Masterpiece|100/100
|move|p1a: How not banned|Swords Dance|p1a: How not banned
|-boost|p1a: How not banned|atk|2
|
|upkeep
|turn|2
|
|t:|1743844227
|move|p1a: How not banned|Swords Dance|p1a: How not banned
|-boost|p1a: How not banned|atk|2
|move|p2a: Sinistcha|Strength Sap|p1a: How not banned
|-unboost|p1a: How not banned|atk|1
|
|upkeep
|turn|3
|
|t:|1743844231
|move|p1a: How not banned|Knock Off|p2a: Sinistcha
|-supereffective|p2a: Sinistcha
|-damage|p2a: Sinistcha|0 fnt
|-enditem|p2a: Sinistcha|Heavy-Duty Boots|[from] move: Knock Off|[of] p1a: How not banned
|faint|p2a: Sinistcha
|
|upkeep
|
|t:|1743844237
|switch|p2a: Cinderace|Cinderace, F|100/100
|turn|4
|
|t:|1743844243
|-terastallize|p1a: How not banned|Water
|detailschange|p1a: How not banned|Ogerpon-Wellspring-Tera, F, tera:Water
|-ability|p1a: How not banned|Embody Aspect (Wellspring)|boost
|-boost|p1a: How not banned|spd|1
|move|p2a: Cinderace|Gunk Shot|p1a: How not banned
|-start|p2a: Cinderace|typechange|Poison|[from] ability: Libero
|-damage|p1a: How not banned|24/100
|move|p1a: How not banned|Ivy Cudgel|p2a: Cinderace|[anim] Ivy Cudgel Water
|-crit|p2a: Cinderace
|-damage|p2a: Cinderace|0 fnt
|faint|p2a: Cinderace
|
|upkeep
|
|t:|1743844258
|switch|p2a: Dragonite|Dragonite, F|100/100
|turn|5
|
|t:|1743844260
|switch|p1a: Clint Eastwood|Gholdengo|100/100
|-item|p1a: Clint Eastwood|Air Balloon
|move|p2a: Dragonite|Extreme Speed|p1a: Clint Eastwood
|-immune|p1a: Clint Eastwood
|
|upkeep
|turn|6
|
|t:|1743844263
|move|p1a: Clint Eastwood|Shadow Ball|p2a: Dragonite
|-damage|p2a: Dragonite|80/100
|move|p2a: Dragonite|Dragon Tail|p1a: Clint Eastwood
|-resisted|p1a: Clint Eastwood
|-damage|p1a: Clint Eastwood|85/100
|-enditem|p1a: Clint Eastwood|Air Balloon
|drag|p1a: Trans pikachu|Clefable, F|100/100
|
|upkeep
|turn|7
|
|t:|1743844277
|switch|p2a: Tinkaton|Tinkaton, F|100/100
|-ability|p2a: Tinkaton|Mold Breaker
|-item|p2a: Tinkaton|Air Balloon
|switch|p1a: John cena|Incineroar, F|100/100
|-ability|p1a: John cena|Intimidate|boost
|-unboost|p2a: Tinkaton|atk|1
|
|upkeep
|turn|8
|
|t:|1743844283
|move|p2a: Tinkaton|Stealth Rock|p1a: John cena
|-sidestart|p1: Steven stoners 69|move: Stealth Rock
|move|p1a: John cena|U-turn|p2a: Tinkaton
|-resisted|p2a: Tinkaton
|-damage|p2a: Tinkaton|94/100
|-enditem|p2a: Tinkaton|Air Balloon
|
|t:|1743844286
|switch|p1a: Cynthias husband|Garchomp, F|100/100|[from] U-turn
|-damage|p1a: Cynthias husband|94/100|[from] Stealth Rock
|
|upkeep
|turn|9
|j| NaN9
|
|t:|1743844294
|switch|p2a: Ting-Lu|Ting-Lu|100/100
|-ability|p2a: Ting-Lu|Vessel of Ruin
|move|p1a: Cynthias husband|Earthquake|p2a: Ting-Lu
|-damage|p2a: Ting-Lu|72/100
|
|-heal|p2a: Ting-Lu|79/100|[from] item: Leftovers
|upkeep
|turn|10
|l| NaN9
|
|t:|1743844303
|move|p1a: Cynthias husband|Swords Dance|p1a: Cynthias husband
|-boost|p1a: Cynthias husband|atk|2
|move|p2a: Ting-Lu|Ruination|p1a: Cynthias husband
|-damage|p1a: Cynthias husband|48/100
|
|-heal|p2a: Ting-Lu|85/100|[from] item: Leftovers
|upkeep
|turn|11
|
|t:|1743844332
|move|p1a: Cynthias husband|Scale Shot|p2a: Ting-Lu
|-damage|p2a: Ting-Lu|71/100
|-damage|p2a: Ting-Lu|56/100
|-damage|p2a: Ting-Lu|43/100
|-damage|p2a: Ting-Lu|28/100
|-hitcount|p2a: Ting-Lu|4
|-unboost|p1a: Cynthias husband|def|1
|-boost|p1a: Cynthias husband|spe|1
|move|p2a: Ting-Lu|Whirlwind|p1a: Cynthias husband
|drag|p1a: Clint Eastwood|Gholdengo|85/100
|-damage|p1a: Clint Eastwood|79/100|[from] Stealth Rock
|
|-heal|p2a: Ting-Lu|34/100|[from] item: Leftovers
|upkeep
|turn|12
|
|t:|1743844349
|move|p1a: Clint Eastwood|Make It Rain|p2a: Ting-Lu
|-damage|p2a: Ting-Lu|6/100
|-unboost|p1a: Clint Eastwood|spa|1
|move|p2a: Ting-Lu|Spikes|p1a: Clint Eastwood
|-sidestart|p1: Steven stoners 69|Spikes
|
|-heal|p2a: Ting-Lu|12/100|[from] item: Leftovers
|upkeep
|turn|13
|
|t:|1743844356
|switch|p2a: Dragonite|Dragonite, F|80/100
|move|p1a: Clint Eastwood|Nasty Plot|p1a: Clint Eastwood
|-boost|p1a: Clint Eastwood|spa|2
|
|upkeep
|turn|14
|
|t:|1743844365
|move|p1a: Clint Eastwood|Make It Rain|p2a: Dragonite
|-damage|p2a: Dragonite|0 fnt
|-unboost|p1a: Clint Eastwood|spa|1
|faint|p2a: Dragonite
|
|upkeep
|
|t:|1743844372
|switch|p2a: Kyurem|Kyurem|100/100
|-ability|p2a: Kyurem|Pressure
|turn|15
|
|t:|1743844383
|move|p2a: Kyurem|Earth Power|p1a: Clint Eastwood
|-supereffective|p1a: Clint Eastwood
|-damage|p1a: Clint Eastwood|22/100
|move|p1a: Clint Eastwood|Shadow Ball|p2a: Kyurem
|-damage|p2a: Kyurem|55/100
|
|upkeep
|turn|16
|
|t:|1743844389
|move|p2a: Kyurem|Earth Power|p1a: Clint Eastwood
|-supereffective|p1a: Clint Eastwood
|-damage|p1a: Clint Eastwood|0 fnt
|faint|p1a: Clint Eastwood
|
|upkeep
|
|t:|1743844392
|switch|p1a: Cynthias husband|Garchomp, F|48/100
|-damage|p1a: Cynthias husband|41/100|[from] Stealth Rock
|-damage|p1a: Cynthias husband|29/100|[from] Spikes
|turn|17
|
|t:|1743844399
|switch|p2a: Ting-Lu|Ting-Lu|12/100
|-ability|p2a: Ting-Lu|Vessel of Ruin
|move|p1a: Cynthias husband|Scale Shot|p2a: Ting-Lu
|-damage|p2a: Ting-Lu|5/100
|-damage|p2a: Ting-Lu|0 fnt
|faint|p2a: Ting-Lu
|-hitcount|p2: Ting-Lu|2
|-unboost|p1a: Cynthias husband|def|1
|-boost|p1a: Cynthias husband|spe|1
|
|upkeep
|
|t:|1743844403
|switch|p2a: Tinkaton|Tinkaton, F|94/100
|-ability|p2a: Tinkaton|Mold Breaker
|turn|18
|
|t:|1743844406
|move|p1a: Cynthias husband|Substitute|p1a: Cynthias husband
|-start|p1a: Cynthias husband|Substitute
|-damage|p1a: Cynthias husband|4/100
|move|p2a: Tinkaton|Gigaton Hammer|p1a: Cynthias husband
|-end|p1a: Cynthias husband|Substitute
|
|upkeep
|turn|19
|
|t:|1743844436
|-terastallize|p2a: Tinkaton|Water
|move|p1a: Cynthias husband|Earthquake|p2a: Tinkaton
|-damage|p2a: Tinkaton|36/100
|move|p2a: Tinkaton|Encore|p1a: Cynthias husband
|-start|p1a: Cynthias husband|Encore
|
|upkeep
|turn|20
|
|t:|1743844442
|move|p1a: Cynthias husband|Earthquake|p2a: Tinkaton
|-damage|p2a: Tinkaton|0 fnt
|faint|p2a: Tinkaton
|
|upkeep
|
|t:|1743844444
|switch|p2a: Kyurem|Kyurem|55/100
|-ability|p2a: Kyurem|Pressure
|turn|21
|
|t:|1743844450
|move|p1a: Cynthias husband|Earthquake|p2a: Kyurem
|-damage|p2a: Kyurem|1/100
|move|p2a: Kyurem|Earth Power|p1a: Cynthias husband
|-damage|p1a: Cynthias husband|0 fnt
|faint|p1a: Cynthias husband
|
|upkeep
|
|t:|1743844455
|switch|p1a: John cena|Incineroar, F|100/100
|-damage|p1a: John cena|76/100|[from] Stealth Rock
|-damage|p1a: John cena|63/100|[from] Spikes
|-ability|p1a: John cena|Intimidate|boost
|-unboost|p2a: Kyurem|atk|1
|turn|22
|
|t:|1743844459
|move|p1a: John cena|Fake Out|p2a: Kyurem
|-damage|p2a: Kyurem|0 fnt
|faint|p2a: Kyurem
|
|win|Steven stoners 69
|raw|Steven stoners 69's rating: 1502 &rarr; <strong>1523</strong><br />(+21 for winning)
|raw|CARRYING BOATS's rating: 1522 &rarr; <strong>1501</strong><br />(-21 for losing)
|l|☆CARRYING BOATS
|player|p2|
|l|☆Steven stoners 69
|player|p1|
