|j|☆ichigo6047
|j|☆timcheesejohnpork
|t:|1743932219
|gametype|singles
|player|p1|ichigo6047|steven|1267
|player|p2|timcheesejohnpork|102|1245
|teamsize|p1|6
|teamsize|p2|6
|gen|9
|tier|[Gen 9] OU
|rated|
|rule|HP Percentage Mod: HP is shown in percentages
|rule|Endless Battle Clause: Forcing endless battles is banned
|rule|Species Clause: Limit one of each Pokémon
|rule|OHKO Clause: OHKO moves are banned
|rule|Evasion Items Clause: Evasion items are banned
|rule|Evasion Moves Clause: Evasion moves are banned
|rule|Sleep Moves Clause: Sleep-inducing moves are banned
|clearpoke
|poke|p1|Great Tusk|
|poke|p1|Rotom-Wash|
|poke|p1|Sinistcha|
|poke|p1|Iron Moth|
|poke|p1|Garganacl, F|
|poke|p1|Araquanid, M|
|poke|p2|Darkrai|
|poke|p2|Gholdengo|
|poke|p2|Dragapult, F|
|poke|p2|Iron Valiant|
|poke|p2|Ogerpon-Wellspring, F|
|poke|p2|Rotom-Heat|
|teampreview
|inactive|Battle timer is ON: inactive players will automatically lose when time's up. (requested by ichigo6047)
|
|t:|1743932227
|start
|switch|p1a: Araquanid|Araquanid, M|100/100
|switch|p2a: Ogerpon|Ogerpon-Wellspring, F|100/100
|turn|1
|inactive|timcheesejohnpork has 120 seconds left.
|
|t:|1743932258
|move|p2a: Ogerpon|U-turn|p1a: Araquanid
|-damage|p1a: Araquanid|70/100
|inactive|timcheesejohnpork has 120 seconds left.
|
|t:|1743932265
|switch|p2a: Rotom|Rotom-Heat|100/100|[from] U-turn
|move|p1a: Araquanid|Sticky Web|p2a: Rotom
|-sidestart|p2: timcheesejohnpork|move: Sticky Web
|
|upkeep
|turn|2
|
|t:|1743932278
|move|p2a: Rotom|Thunderbolt|p1a: Araquanid
|-supereffective|p1a: Araquanid
|-damage|p1a: Araquanid|24/100
|move|p1a: Araquanid|Liquidation|p2a: Rotom
|-supereffective|p2a: Rotom
|-damage|p2a: Rotom|0 fnt
|faint|p2a: Rotom
|
|upkeep
|inactive|timcheesejohnpork has 120 seconds left.
|inactive|timcheesejohnpork has 90 seconds left.
|
|t:|1743932319
|switch|p2a: Dragapult|Dragapult, F|100/100
|-activate|p2a: Dragapult|move: Sticky Web
|-fail|p2a: Dragapult|unboost|[from] ability: Clear Body|[of] p2a: Dragapult
|turn|3
|-enditem|p1a: Araquanid|Custap Berry|[eat]
|-activate|p1a: Araquanid|item: Custap Berry|[consumed]
|
|t:|1743932325
|move|p1a: Araquanid|Endeavor|p2a: Dragapult
|-immune|p2a: Dragapult
|move|p2a: Dragapult|Dragon Darts|p1a: Araquanid
|-damage|p1a: Araquanid|0 fnt
|faint|p1a: Araquanid
|
|upkeep
|inactive|ichigo6047 has 120 seconds left.
|
|t:|1743932370
|switch|p1a: Sinistcha|Sinistcha|100/100
|turn|4
|inactive|timcheesejohnpork has 90 seconds left.
|
|t:|1743932401
|switch|p2a: Darkrai|Darkrai|100/100
|-activate|p2a: Darkrai|move: Sticky Web
|-unboost|p2a: Darkrai|spe|1
|move|p1a: Sinistcha|Strength Sap|p2a: Darkrai
|-unboost|p2a: Darkrai|atk|1
|
|upkeep
|turn|5
|
|t:|1743932411
|move|p2a: Darkrai|Dark Pulse|p1a: Sinistcha
|-supereffective|p1a: Sinistcha
|-damage|p1a: Sinistcha|0 fnt
|faint|p1a: Sinistcha
|
|upkeep
|
|t:|1743932414
|switch|p1a: Garganacl|Garganacl, F|100/100
|turn|6
|inactive|timcheesejohnpork has 90 seconds left.
|
|t:|1743932449
|switch|p2a: Ogerpon|Ogerpon-Wellspring, F|100/100
|-activate|p2a: Ogerpon|move: Sticky Web
|-unboost|p2a: Ogerpon|spe|1
|move|p1a: Garganacl|Stealth Rock|p2a: Ogerpon
|-sidestart|p2: timcheesejohnpork|move: Stealth Rock
|
|upkeep
|turn|7
|
|t:|1743932462
|move|p2a: Ogerpon|Ivy Cudgel|p1a: Garganacl|[anim] Ivy Cudgel Water
|-supereffective|p1a: Garganacl
|-damage|p1a: Garganacl|34/100
|move|p1a: Garganacl|Salt Cure|p2a: Ogerpon
|-damage|p2a: Ogerpon|84/100
|-start|p2a: Ogerpon|Salt Cure
|
|-heal|p1a: Garganacl|40/100|[from] item: Leftovers
|-damage|p2a: Ogerpon|59/100|[from] Salt Cure
|upkeep
|turn|8
|
|t:|1743932475
|move|p1a: Garganacl|Protect|p1a: Garganacl
|-singleturn|p1a: Garganacl|Protect
|move|p2a: Ogerpon|Ivy Cudgel|p1a: Garganacl|[anim] Ivy Cudgel Water
|-activate|p1a: Garganacl|move: Protect
|
|-heal|p1a: Garganacl|46/100|[from] item: Leftovers
|-damage|p2a: Ogerpon|34/100|[from] Salt Cure
|upkeep
|turn|9
|
|t:|1743932489
|switch|p1a: Rotom|Rotom-Wash, shiny|100/100
|move|p2a: Ogerpon|Ivy Cudgel|p1a: Rotom|[anim] Ivy Cudgel Water
|-resisted|p1a: Rotom
|-damage|p1a: Rotom|68/100
|
|-damage|p2a: Ogerpon|9/100|[from] Salt Cure
|upkeep
|turn|10
|
|t:|1743932503
|move|p2a: Ogerpon|Power Whip|p1a: Rotom|[miss]
|-miss|p2a: Ogerpon|p1a: Rotom
|move|p1a: Rotom|Nasty Plot|p1a: Rotom
|-boost|p1a: Rotom|spa|2
|
|-damage|p2a: Ogerpon|0 fnt|[from] Salt Cure
|faint|p2a: Ogerpon
|upkeep
|inactive|timcheesejohnpork has 60 seconds left.
|
|t:|1743932524
|switch|p2a: Dragapult|Dragapult, F|100/100
|-activate|p2a: Dragapult|move: Sticky Web
|-fail|p2a: Dragapult|unboost|[from] ability: Clear Body|[of] p2a: Dragapult
|-damage|p2a: Dragapult|88/100|[from] Stealth Rock
|turn|11
|inactive|timcheesejohnpork has 60 seconds left.
|
|t:|1743932535
|move|p2a: Dragapult|Dragon Darts|p1a: Rotom
|-damage|p1a: Rotom|23/100
|-anim|p2a: Dragapult|Dragon Darts|p1a: Rotom
|-damage|p1a: Rotom|0 fnt
|faint|p1a: Rotom
|
|upkeep
|
|t:|1743932540
|switch|p1a: Garganacl|Garganacl, F|46/100
|turn|12
|
|t:|1743932543
|move|p2a: Dragapult|Dragon Darts|p1a: Garganacl
|-damage|p1a: Garganacl|24/100
|-anim|p2a: Dragapult|Dragon Darts|p1a: Garganacl
|-damage|p1a: Garganacl|0 fnt
|faint|p1a: Garganacl
|
|upkeep
|
|t:|1743932553
|switch|p1a: Iron Moth|Iron Moth|100/100
|-enditem|p1a: Iron Moth|Booster Energy
|-activate|p1a: Iron Moth|ability: Quark Drive|[fromitem]
|-start|p1a: Iron Moth|quarkdrivespe
|turn|13
|
|t:|1743932559
|-terastallize|p1a: Iron Moth|Fairy
|move|p1a: Iron Moth|Dazzling Gleam|p2a: Dragapult
|-supereffective|p2a: Dragapult
|-damage|p2a: Dragapult|0 fnt
|faint|p2a: Dragapult
|
|upkeep
|
|t:|1743932574
|switch|p2a: Gholdengo|Gholdengo|100/100
|-activate|p2a: Gholdengo|move: Sticky Web
|-unboost|p2a: Gholdengo|spe|1
|-damage|p2a: Gholdengo|94/100|[from] Stealth Rock
|turn|14
|
|t:|1743932583
|-terastallize|p2a: Gholdengo|Fairy
|move|p1a: Iron Moth|Fiery Dance|p2a: Gholdengo
|-damage|p2a: Gholdengo|44/100
|move|p2a: Gholdengo|Make It Rain|p1a: Iron Moth
|-supereffective|p1a: Iron Moth
|-damage|p1a: Iron Moth|0 fnt
|-unboost|p2a: Gholdengo|spa|1
|faint|p1a: Iron Moth
|-end|p1a: Iron Moth|Quark Drive|[silent]
|-damage|p2a: Gholdengo|34/100|[from] item: Life Orb
|
|upkeep
|
|t:|1743932591
|switch|p1a: Great Tusk|Great Tusk|100/100
|-enditem|p1a: Great Tusk|Booster Energy
|-activate|p1a: Great Tusk|ability: Protosynthesis|[fromitem]
|-start|p1a: Great Tusk|protosynthesisatk
|turn|15
|inactive|timcheesejohnpork has 90 seconds left.
|
|t:|1743932605
|move|p1a: Great Tusk|Headlong Rush|p2a: Gholdengo
|-damage|p2a: Gholdengo|0 fnt
|-unboost|p1a: Great Tusk|def|1
|-unboost|p1a: Great Tusk|spd|1
|faint|p2a: Gholdengo
|
|upkeep
|inactive|timcheesejohnpork has 60 seconds left.
|
|t:|1743932638
|switch|p2a: Iron Valiant|Iron Valiant|100/100
|-activate|p2a: Iron Valiant|move: Sticky Web
|-unboost|p2a: Iron Valiant|spe|1
|-damage|p2a: Iron Valiant|94/100|[from] Stealth Rock
|turn|16
|
|t:|1743932650
|move|p1a: Great Tusk|Headlong Rush|p2a: Iron Valiant
|-damage|p2a: Iron Valiant|0 fnt
|-unboost|p1a: Great Tusk|def|1
|-unboost|p1a: Great Tusk|spd|1
|faint|p2a: Iron Valiant
|-end|p2a: Iron Valiant|Quark Drive|[silent]
|
|upkeep
|
|t:|1743932658
|switch|p2a: Darkrai|Darkrai|100/100
|-activate|p2a: Darkrai|move: Sticky Web
|-unboost|p2a: Darkrai|spe|1
|-damage|p2a: Darkrai|88/100|[from] Stealth Rock
|turn|17
|
|t:|1743932673
|move|p2a: Darkrai|Ice Beam|p1a: Great Tusk
|-supereffective|p1a: Great Tusk
|-crit|p1a: Great Tusk
|-damage|p1a: Great Tusk|0 fnt
|faint|p1a: Great Tusk
|-end|p1a: Great Tusk|Protosynthesis|[silent]
|
|win|timcheesejohnpork
|raw|ichigo6047's rating: 1267 &rarr; <strong>1240</strong><br />(-27 for losing)
|raw|timcheesejohnpork's rating: 1245 &rarr; <strong>1272</strong><br />(+27 for winning)
|l|☆timcheesejohnpork
|player|p2|
|l|☆ichigo6047
|player|p1|
