|j|☆okfernankk
|j|☆Dequavious IV
|t:|1743861116
|gametype|singles
|player|p1|okfernankk|170|1582
|player|p2|Dequavious IV|hoopster|1614
|teamsize|p1|6
|teamsize|p2|6
|gen|9
|tier|[Gen 9] OU
|rated|
|rule|HP Percentage Mod: HP is shown in percentages
|rule|Endless Battle Clause: Forcing endless battles is banned
|rule|Species Clause: Limit one of each Pokémon
|rule|OHKO Clause: OHKO moves are banned
|rule|Evasion Items Clause: Evasion items are banned
|rule|Evasion Moves Clause: Evasion moves are banned
|rule|Sleep Moves Clause: Sleep-inducing moves are banned
|clearpoke
|poke|p1|Hydrapple, M|
|poke|p1|Skarmory, M|
|poke|p1|Tyranitar, F|
|poke|p1|Alomomola, F|
|poke|p1|Clodsire, M|
|poke|p1|Clefable, M|
|poke|p2|Metagross|
|poke|p2|Slowking-Galar, F|
|poke|p2|Great Tusk|
|poke|p2|Mandibuzz, F|
|poke|p2|Dragapult, F|
|poke|p2|Ogerpon-Wellspring, F|
|teampreview
|
|t:|1743861167
|start
|switch|p1a: Tyranitar|Tyranitar, F|100/100
|switch|p2a: Great Tusk|Great Tusk|100/100
|-weather|Sandstorm|[from] ability: Sand Stream|[of] p1a: Tyranitar
|turn|1
|
|t:|1743861181
|switch|p1a: Alomomola|Alomomola, F, shiny|100/100
|move|p2a: Great Tusk|Stealth Rock|p1a: Alomomola
|-sidestart|p1: okfernankk|move: Stealth Rock
|
|-weather|Sandstorm|[upkeep]
|-damage|p1a: Alomomola|94/100|[from] Sandstorm
|upkeep
|turn|2
|
|t:|1743861188
|-end|p2a: Great Tusk|Protosynthesis|[silent]
|switch|p2a: Ogerpon|Ogerpon-Wellspring, F|100/100
|move|p1a: Alomomola|Flip Turn|p2a: Ogerpon
|-immune|p2a: Ogerpon|[from] ability: Water Absorb
|
|-weather|Sandstorm|[upkeep]
|-damage|p2a: Ogerpon|95/100|[from] Sandstorm
|-damage|p1a: Alomomola|88/100|[from] Sandstorm
|upkeep
|turn|3
|
|t:|1743861194
|switch|p1a: Hydrapple|Hydrapple, M|100/100
|move|p2a: Ogerpon|U-turn|p1a: Hydrapple
|-supereffective|p1a: Hydrapple
|-damage|p1a: Hydrapple|67/100
|
|t:|1743861222
|switch|p2a: Dragapult|Dragapult, F|100/100|[from] U-turn
|
|-weather|Sandstorm|[upkeep]
|-damage|p2a: Dragapult|95/100|[from] Sandstorm
|-damage|p1a: Hydrapple|61/100|[from] Sandstorm
|upkeep
|turn|4
|
|t:|1743861230
|switch|p1a: Clefable|Clefable, M|100/100
|move|p2a: Dragapult|U-turn|p1a: Clefable
|-resisted|p1a: Clefable
|-damage|p1a: Clefable|93/100
|
|t:|1743861232
|switch|p2a: Metagross|Metagross|100/100|[from] U-turn
|
|-weather|Sandstorm|[upkeep]
|upkeep
|turn|5
|
|t:|1743861236
|switch|p1a: Skarmory|Skarmory, M|100/100
|-damage|p1a: Skarmory|88/100|[from] Stealth Rock
|move|p2a: Metagross|Knock Off|p1a: Skarmory
|-damage|p1a: Skarmory|55/100
|-damage|p2a: Metagross|84/100|[from] item: Rocky Helmet|[of] p1a: Skarmory
|-enditem|p1a: Skarmory|Rocky Helmet|[from] move: Knock Off|[of] p2a: Metagross
|
|-weather|none
|upkeep
|turn|6
|
|t:|1743861247
|switch|p2a: Dragapult|Dragapult, F|95/100
|move|p1a: Skarmory|Roost|p1a: Skarmory
|-heal|p1a: Skarmory|100/100
|-singleturn|p1a: Skarmory|move: Roost
|
|upkeep
|turn|7
|
|t:|1743861251
|switch|p1a: Clefable|Clefable, M|93/100
|move|p2a: Dragapult|Will-O-Wisp|p1a: Clefable
|-status|p1a: Clefable|brn
|
|upkeep
|turn|8
|
|t:|1743861253
|move|p2a: Dragapult|U-turn|p1a: Clefable
|-resisted|p1a: Clefable
|-damage|p1a: Clefable|86/100 brn
|
|t:|1743861264
|switch|p2a: Slowking|Slowking-Galar, F|100/100|[from] U-turn
|move|p1a: Clefable|Knock Off|p2a: Slowking
|-supereffective|p2a: Slowking
|-damage|p2a: Slowking|86/100
|-enditem|p2a: Slowking|Assault Vest|[from] move: Knock Off|[of] p1a: Clefable
|
|upkeep
|turn|9
|
|t:|1743861274
|switch|p1a: Tyranitar|Tyranitar, F|100/100
|-weather|Sandstorm|[from] ability: Sand Stream|[of] p1a: Tyranitar
|move|p2a: Slowking|Sludge Bomb|p1a: Tyranitar
|-resisted|p1a: Tyranitar
|-damage|p1a: Tyranitar|92/100
|
|-weather|Sandstorm|[upkeep]
|-damage|p2a: Slowking|80/100|[from] Sandstorm
|upkeep
|turn|10
|
|t:|1743861284
|switch|p2a: Mandibuzz|Mandibuzz, F|100/100
|move|p1a: Tyranitar|Ice Beam|p2a: Mandibuzz
|-supereffective|p2a: Mandibuzz
|-damage|p2a: Mandibuzz|66/100
|
|-weather|Sandstorm|[upkeep]
|-damage|p2a: Mandibuzz|60/100|[from] Sandstorm
|upkeep
|turn|11
|
|t:|1743861291
|move|p2a: Mandibuzz|Toxic|p1a: Tyranitar
|-status|p1a: Tyranitar|tox
|move|p1a: Tyranitar|Stealth Rock|p2a: Mandibuzz
|-sidestart|p2: Dequavious IV|move: Stealth Rock
|
|-weather|Sandstorm|[upkeep]
|-damage|p2a: Mandibuzz|54/100|[from] Sandstorm
|-damage|p1a: Tyranitar|86/100 tox|[from] psn
|upkeep
|turn|12
|
|t:|1743861300
|move|p2a: Mandibuzz|Roost|p2a: Mandibuzz
|-heal|p2a: Mandibuzz|100/100
|-singleturn|p2a: Mandibuzz|move: Roost
|move|p1a: Tyranitar|Knock Off|p2a: Mandibuzz
|-resisted|p2a: Mandibuzz
|-damage|p2a: Mandibuzz|89/100
|-enditem|p2a: Mandibuzz|Heavy-Duty Boots|[from] move: Knock Off|[of] p1a: Tyranitar
|
|-weather|Sandstorm|[upkeep]
|-damage|p2a: Mandibuzz|83/100|[from] Sandstorm
|-damage|p1a: Tyranitar|74/100 tox|[from] psn
|upkeep
|turn|13
|
|t:|1743861309
|switch|p1a: Clefable|Clefable, M|86/100 brn
|move|p2a: Mandibuzz|Foul Play|p1a: Clefable
|-resisted|p1a: Clefable
|-damage|p1a: Clefable|77/100 brn
|
|-weather|none
|-damage|p2a: Mandibuzz|71/100|[from] item: Sticky Barb
|upkeep
|turn|14
|
|t:|1743861311
|move|p2a: Mandibuzz|U-turn|p1a: Clefable
|-resisted|p1a: Clefable
|-damage|p1a: Clefable|73/100 brn
|
|t:|1743861315
|switch|p2a: Slowking|Slowking-Galar, F|100/100|[from] U-turn
|-damage|p2a: Slowking|88/100|[from] Stealth Rock
|move|p1a: Clefable|Wish|p1a: Clefable
|
|upkeep
|turn|15
|
|t:|1743861326
|switch|p1a: Tyranitar|Tyranitar, F|74/100 tox
|-weather|Sandstorm|[from] ability: Sand Stream|[of] p1a: Tyranitar
|move|p2a: Slowking|Sludge Bomb|p1a: Tyranitar
|-resisted|p1a: Tyranitar
|-damage|p1a: Tyranitar|66/100 tox
|
|-weather|Sandstorm|[upkeep]
|-damage|p2a: Slowking|82/100|[from] Sandstorm
|-heal|p1a: Tyranitar|100/100 tox|[from] move: Wish|[wisher] Clefable
|-damage|p1a: Tyranitar|94/100 tox|[from] psn
|upkeep
|turn|16
|
|t:|1743861341
|switch|p2a: Mandibuzz|Mandibuzz, F|71/100
|-damage|p2a: Mandibuzz|46/100|[from] Stealth Rock
|move|p1a: Tyranitar|Ice Beam|p2a: Mandibuzz
|-supereffective|p2a: Mandibuzz
|-damage|p2a: Mandibuzz|15/100
|
|-weather|Sandstorm|[upkeep]
|-damage|p2a: Mandibuzz|9/100|[from] Sandstorm
|-damage|p1a: Tyranitar|82/100 tox|[from] psn
|-damage|p2a: Mandibuzz|0 fnt|[from] item: Sticky Barb
|faint|p2a: Mandibuzz
|upkeep
|
|t:|1743861355
|switch|p2a: Metagross|Metagross|84/100
|-damage|p2a: Metagross|78/100|[from] Stealth Rock
|turn|17
|
|t:|1743861361
|switch|p2a: Dragapult|Dragapult, F|95/100
|switch|p1a: Skarmory|Skarmory, M|100/100
|-damage|p1a: Skarmory|88/100|[from] Stealth Rock
|
|-weather|Sandstorm|[upkeep]
|-damage|p2a: Dragapult|89/100|[from] Sandstorm
|upkeep
|turn|18
|
|t:|1743861367
|switch|p1a: Tyranitar|Tyranitar, F|82/100 tox
|-terastallize|p2a: Dragapult|Ghost
|move|p2a: Dragapult|Hex|p1a: Tyranitar
|-resisted|p1a: Tyranitar
|-damage|p1a: Tyranitar|67/100 tox
|
|-weather|Sandstorm|[upkeep]
|-damage|p2a: Dragapult|83/100|[from] Sandstorm
|-damage|p1a: Tyranitar|61/100 tox|[from] psn
|upkeep
|turn|19
|
|t:|1743861375
|move|p2a: Dragapult|U-turn|p1a: Tyranitar
|-supereffective|p1a: Tyranitar
|-damage|p1a: Tyranitar|30/100 tox
|
|t:|1743861377
|switch|p2a: Great Tusk|Great Tusk|100/100|[from] U-turn
|move|p1a: Tyranitar|Knock Off|p2a: Great Tusk
|-resisted|p2a: Great Tusk
|-damage|p2a: Great Tusk|86/100
|-enditem|p2a: Great Tusk|Heavy-Duty Boots|[from] move: Knock Off|[of] p1a: Tyranitar
|
|-weather|none
|-damage|p1a: Tyranitar|18/100 tox|[from] psn
|upkeep
|turn|20
|
|t:|1743861382
|-end|p2a: Great Tusk|Protosynthesis|[silent]
|switch|p2a: Dragapult|Dragapult, F, tera:Ghost|83/100
|switch|p1a: Alomomola|Alomomola, F, shiny|100/100
|
|upkeep
|turn|21
|
|t:|1743861386
|move|p2a: Dragapult|Will-O-Wisp|p1a: Alomomola
|-status|p1a: Alomomola|brn
|move|p1a: Alomomola|Wish|p1a: Alomomola
|
|-damage|p1a: Alomomola|94/100 brn|[from] brn
|upkeep
|turn|22
|
|t:|1743861389
|move|p2a: Dragapult|Hex|p1a: Alomomola
|-damage|p1a: Alomomola|28/100 brn
|move|p1a: Alomomola|Flip Turn|p2a: Dragapult
|-damage|p2a: Dragapult|71/100
|
|t:|1743861391
|switch|p1a: Tyranitar|Tyranitar, F|18/100 tox|[from] Flip Turn
|-weather|Sandstorm|[from] ability: Sand Stream|[of] p1a: Tyranitar
|
|-weather|Sandstorm|[upkeep]
|-damage|p2a: Dragapult|65/100|[from] Sandstorm
|-heal|p1a: Tyranitar|76/100 tox|[from] move: Wish|[wisher] Alomomola
|-damage|p1a: Tyranitar|70/100 tox|[from] psn
|upkeep
|turn|23
|
|t:|1743861400
|move|p2a: Dragapult|U-turn|p1a: Tyranitar
|-supereffective|p1a: Tyranitar
|-damage|p1a: Tyranitar|41/100 tox
|
|t:|1743861405
|switch|p2a: Metagross|Metagross|78/100|[from] U-turn
|-damage|p2a: Metagross|72/100|[from] Stealth Rock
|move|p1a: Tyranitar|Ice Beam|p2a: Metagross
|-resisted|p2a: Metagross
|-damage|p2a: Metagross|61/100
|
|-weather|Sandstorm|[upkeep]
|-damage|p1a: Tyranitar|28/100 tox|[from] psn
|upkeep
|turn|24
|j| Braccus Rexx
|
|t:|1743861414
|switch|p1a: Skarmory|Skarmory, M|88/100
|-damage|p1a: Skarmory|76/100|[from] Stealth Rock
|move|p2a: Metagross|Heavy Slam|p1a: Skarmory
|-resisted|p1a: Skarmory
|-damage|p1a: Skarmory|45/100
|
|-weather|Sandstorm|[upkeep]
|upkeep
|turn|25
|l| Braccus Rexx
|
|t:|1743861425
|switch|p2a: Dragapult|Dragapult, F, tera:Ghost|65/100
|move|p1a: Skarmory|Spikes|p2a: Dragapult
|-sidestart|p2: Dequavious IV|Spikes
|
|-weather|Sandstorm|[upkeep]
|-damage|p2a: Dragapult|59/100|[from] Sandstorm
|upkeep
|turn|26
|
|t:|1743861432
|switch|p1a: Clodsire|Clodsire, M|100/100
|move|p2a: Dragapult|Hex|p1a: Clodsire
|-damage|p1a: Clodsire|75/100
|
|-weather|none
|upkeep
|turn|27
|
|t:|1743861441
|move|p2a: Dragapult|U-turn|p1a: Clodsire
|-resisted|p1a: Clodsire
|-damage|p1a: Clodsire|67/100
|
|t:|1743861445
|switch|p2a: Great Tusk|Great Tusk|86/100|[from] U-turn
|-damage|p2a: Great Tusk|83/100|[from] Stealth Rock
|-damage|p2a: Great Tusk|71/100|[from] Spikes
|move|p1a: Clodsire|Toxic|p2a: Great Tusk
|-status|p2a: Great Tusk|tox
|
|-damage|p2a: Great Tusk|64/100 tox|[from] psn
|upkeep
|turn|28
|
|t:|1743861451
|-end|p2a: Great Tusk|Protosynthesis|[silent]
|switch|p2a: Dragapult|Dragapult, F, tera:Ghost|59/100
|switch|p1a: Clefable|Clefable, M|73/100 brn
|
|upkeep
|turn|29
|
|t:|1743861460
|move|p1a: Clefable|Protect|p1a: Clefable
|-singleturn|p1a: Clefable|Protect
|move|p2a: Dragapult|Hex|p1a: Clefable
|-activate|p1a: Clefable|move: Protect
|
|upkeep
|turn|30
|
|t:|1743861464
|switch|p1a: Clodsire|Clodsire, M|67/100
|move|p2a: Dragapult|Hex|p1a: Clodsire
|-damage|p1a: Clodsire|43/100
|
|upkeep
|turn|31
|
|t:|1743861478
|move|p2a: Dragapult|Dragon Darts|p1a: Clodsire
|-damage|p1a: Clodsire|25/100
|-anim|p2a: Dragapult|Dragon Darts|p1a: Clodsire
|-damage|p1a: Clodsire|7/100
|move|p1a: Clodsire|Toxic|p2a: Dragapult
|-status|p2a: Dragapult|tox
|
|-damage|p2a: Dragapult|53/100 tox|[from] psn
|upkeep
|turn|32
|
|t:|1743861485
|switch|p1a: Tyranitar|Tyranitar, F|28/100 tox
|-weather|Sandstorm|[from] ability: Sand Stream|[of] p1a: Tyranitar
|move|p2a: Dragapult|Hex|p1a: Tyranitar
|-resisted|p1a: Tyranitar
|-damage|p1a: Tyranitar|14/100 tox
|
|-weather|Sandstorm|[upkeep]
|-damage|p2a: Dragapult|47/100 tox|[from] Sandstorm
|-damage|p2a: Dragapult|35/100 tox|[from] psn
|-damage|p1a: Tyranitar|7/100 tox|[from] psn
|upkeep
|turn|33
|
|t:|1743861492
|switch|p1a: Alomomola|Alomomola, F, shiny|61/100 brn
|move|p2a: Dragapult|U-turn|p1a: Alomomola
|-damage|p1a: Alomomola|50/100 brn
|
|t:|1743861494
|switch|p2a: Ogerpon|Ogerpon-Wellspring, F|95/100|[from] U-turn
|-damage|p2a: Ogerpon|82/100|[from] Stealth Rock
|-damage|p2a: Ogerpon|70/100|[from] Spikes
|
|-weather|Sandstorm|[upkeep]
|-damage|p2a: Ogerpon|64/100|[from] Sandstorm
|-damage|p1a: Alomomola|43/100 brn|[from] Sandstorm
|-damage|p1a: Alomomola|37/100 brn|[from] brn
|upkeep
|turn|34
|
|t:|1743861502
|switch|p1a: Hydrapple|Hydrapple, M|94/100
|move|p2a: Ogerpon|U-turn|p1a: Hydrapple
|-supereffective|p1a: Hydrapple
|-damage|p1a: Hydrapple|60/100
|
|t:|1743861510
|switch|p2a: Metagross|Metagross|61/100|[from] U-turn
|-damage|p2a: Metagross|55/100|[from] Stealth Rock
|-damage|p2a: Metagross|43/100|[from] Spikes
|
|-weather|Sandstorm|[upkeep]
|-damage|p1a: Hydrapple|54/100|[from] Sandstorm
|upkeep
|turn|35
|
|t:|1743861525
|switch|p1a: Clodsire|Clodsire, M|7/100
|move|p2a: Metagross|Knock Off|p1a: Clodsire
|-damage|p1a: Clodsire|0 fnt
|-enditem|p1a: Clodsire|Heavy-Duty Boots|[from] move: Knock Off|[of] p2a: Metagross
|faint|p1a: Clodsire
|
|-weather|Sandstorm|[upkeep]
|upkeep
|
|t:|1743861528
|switch|p1a: Skarmory|Skarmory, M|45/100
|-damage|p1a: Skarmory|33/100|[from] Stealth Rock
|turn|36
|
|t:|1743861553
|switch|p2a: Slowking|Slowking-Galar, F|100/100
|-damage|p2a: Slowking|88/100|[from] Stealth Rock
|-damage|p2a: Slowking|76/100|[from] Spikes
|move|p1a: Skarmory|Roost|p1a: Skarmory
|-heal|p1a: Skarmory|83/100
|-singleturn|p1a: Skarmory|move: Roost
|
|-weather|none
|upkeep
|turn|37
|
|t:|1743861561
|switch|p1a: Tyranitar|Tyranitar, F|7/100 tox
|-weather|Sandstorm|[from] ability: Sand Stream|[of] p1a: Tyranitar
|move|p2a: Slowking|Sludge Bomb|p1a: Tyranitar
|-resisted|p1a: Tyranitar
|-damage|p1a: Tyranitar|0 fnt
|faint|p1a: Tyranitar
|
|-weather|Sandstorm|[upkeep]
|-damage|p2a: Slowking|70/100|[from] Sandstorm
|upkeep
|j| AzovSTALL
|
|t:|1743861567
|switch|p1a: Alomomola|Alomomola, F, shiny|71/100 brn
|turn|38
|
|t:|1743861571
|move|p1a: Alomomola|Wish|p1a: Alomomola
|move|p2a: Slowking|Future Sight|p1a: Alomomola
|-start|p2a: Slowking|move: Future Sight
|
|-weather|Sandstorm|[upkeep]
|-damage|p1a: Alomomola|64/100 brn|[from] Sandstorm
|-damage|p2a: Slowking|63/100|[from] Sandstorm
|-damage|p1a: Alomomola|58/100 brn|[from] brn
|upkeep
|turn|39
|
|t:|1743861576
|switch|p2a: Ogerpon|Ogerpon-Wellspring, F|64/100
|-damage|p2a: Ogerpon|52/100|[from] Stealth Rock
|-damage|p2a: Ogerpon|39/100|[from] Spikes
|move|p1a: Alomomola|Play Rough|p2a: Ogerpon
|-damage|p2a: Ogerpon|29/100
|
|-weather|Sandstorm|[upkeep]
|-damage|p2a: Ogerpon|23/100|[from] Sandstorm
|-damage|p1a: Alomomola|52/100 brn|[from] Sandstorm
|-heal|p1a: Alomomola|100/100 brn|[from] move: Wish|[wisher] Alomomola
|-damage|p1a: Alomomola|94/100 brn|[from] brn
|upkeep
|turn|40
|
|t:|1743861599
|switch|p1a: Hydrapple|Hydrapple, M|87/100
|move|p2a: Ogerpon|Power Whip|p1a: Hydrapple
|-resisted|p1a: Hydrapple
|-damage|p1a: Hydrapple|76/100
|
|-weather|Sandstorm|[upkeep]
|-damage|p2a: Ogerpon|17/100|[from] Sandstorm
|-damage|p1a: Hydrapple|70/100|[from] Sandstorm
|-end|p1a: Hydrapple|move: Future Sight
|-damage|p1a: Hydrapple|9/100
|upkeep
|turn|41
|
|t:|1743861611
|switch|p1a: Skarmory|Skarmory, M|83/100
|-damage|p1a: Skarmory|70/100|[from] Stealth Rock
|move|p2a: Ogerpon|Ivy Cudgel|p1a: Skarmory|[anim] Ivy Cudgel Water
|-damage|p1a: Skarmory|34/100
|
|-weather|none
|upkeep
|turn|42
|
|t:|1743861620
|switch|p1a: Hydrapple|Hydrapple, M|43/100
|move|p2a: Ogerpon|U-turn|p1a: Hydrapple
|-supereffective|p1a: Hydrapple
|-damage|p1a: Hydrapple|7/100
|
|t:|1743861629
|switch|p2a: Dragapult|Dragapult, F, tera:Ghost|35/100 tox|[from] U-turn
|
|-damage|p2a: Dragapult|29/100 tox|[from] psn
|upkeep
|turn|43
|
|t:|1743861632
|switch|p1a: Clefable|Clefable, M|73/100 brn
|move|p2a: Dragapult|Hex|p1a: Clefable
|-damage|p1a: Clefable|0 fnt
|faint|p1a: Clefable
|
|-damage|p2a: Dragapult|17/100 tox|[from] psn
|upkeep
|
|t:|1743861634
|switch|p1a: Alomomola|Alomomola, F, shiny|100/100 brn
|turn|44
|
|t:|1743861652
|move|p2a: Dragapult|Hex|p1a: Alomomola
|-damage|p1a: Alomomola|41/100 brn
|move|p1a: Alomomola|Wish|p1a: Alomomola
|
|-damage|p2a: Dragapult|0 fnt|[from] psn
|faint|p2a: Dragapult
|-damage|p1a: Alomomola|34/100 brn|[from] brn
|upkeep
|
|t:|1743861670
|switch|p2a: Great Tusk|Great Tusk|64/100 tox
|-damage|p2a: Great Tusk|61/100 tox|[from] Stealth Rock
|-damage|p2a: Great Tusk|49/100 tox|[from] Spikes
|turn|45
|
|t:|1743861678
|move|p1a: Alomomola|Protect|p1a: Alomomola
|-singleturn|p1a: Alomomola|Protect
|move|p2a: Great Tusk|Rapid Spin|p1a: Alomomola
|-activate|p1a: Alomomola|move: Protect
|
|-heal|p1a: Alomomola|84/100 brn|[from] move: Wish|[wisher] Alomomola
|-damage|p2a: Great Tusk|43/100 tox|[from] psn
|-damage|p1a: Alomomola|78/100 brn|[from] brn
|upkeep
|turn|46
|
|t:|1743861689
|-terastallize|p1a: Alomomola|Ghost
|move|p2a: Great Tusk|Rapid Spin|p1a: Alomomola
|-immune|p1a: Alomomola
|move|p1a: Alomomola|Wish|p1a: Alomomola
|
|-damage|p2a: Great Tusk|30/100 tox|[from] psn
|-damage|p1a: Alomomola|72/100 brn|[from] brn
|upkeep
|turn|47
|
|t:|1743861703
|-end|p2a: Great Tusk|Protosynthesis|[silent]
|switch|p2a: Ogerpon|Ogerpon-Wellspring, F|17/100
|-damage|p2a: Ogerpon|5/100|[from] Stealth Rock
|-damage|p2a: Ogerpon|0 fnt|[from] Spikes
|faint|p2a: Ogerpon
|switch|p1a: Skarmory|Skarmory, M|34/100
|-damage|p1a: Skarmory|22/100|[from] Stealth Rock
|
|-heal|p1a: Skarmory|92/100|[from] move: Wish|[wisher] Alomomola
|upkeep
|
|t:|1743861714
|switch|p2a: Slowking|Slowking-Galar, F|97/100
|-damage|p2a: Slowking|84/100|[from] Stealth Rock
|-damage|p2a: Slowking|72/100|[from] Spikes
|turn|48
|
|t:|1743861718
|move|p1a: Skarmory|Spikes|p2a: Slowking
|-sidestart|p2: Dequavious IV|Spikes
|move|p2a: Slowking|Future Sight|p1a: Skarmory
|-start|p2a: Slowking|move: Future Sight
|
|upkeep
|turn|49
|
|t:|1743861723
|move|p1a: Skarmory|Roost|p1a: Skarmory
|-heal|p1a: Skarmory|100/100
|-singleturn|p1a: Skarmory|move: Roost
|move|p2a: Slowking|Psychic Noise|p1a: Skarmory
|-resisted|p1a: Skarmory
|-damage|p1a: Skarmory|74/100
|-start|p1a: Skarmory|move: Heal Block
|
|upkeep
|turn|50
|
|t:|1743861734
|switch|p1a: Alomomola|Alomomola, F, shiny, tera:Ghost|100/100 brn
|move|p2a: Slowking|Psychic Noise|p1a: Alomomola
|-damage|p1a: Alomomola|66/100 brn
|-start|p1a: Alomomola|move: Heal Block
|
|-end|p1a: Alomomola|move: Future Sight
|-damage|p1a: Alomomola|12/100 brn
|-damage|p1a: Alomomola|5/100 brn|[from] brn
|upkeep
|turn|51
|
|t:|1743861751
|move|p1a: Alomomola|Flip Turn|p2a: Slowking
|-damage|p2a: Slowking|64/100
|
|t:|1743861753
|switch|p1a: Skarmory|Skarmory, M|74/100|[from] Flip Turn
|-damage|p1a: Skarmory|62/100|[from] Stealth Rock
|move|p2a: Slowking|Future Sight|p1a: Skarmory
|-start|p2a: Slowking|move: Future Sight
|
|upkeep
|turn|52
|
|t:|1743861759
|move|p1a: Skarmory|Roost|p1a: Skarmory
|-heal|p1a: Skarmory|100/100
|-singleturn|p1a: Skarmory|move: Roost
|move|p2a: Slowking|Psychic Noise|p1a: Skarmory
|-resisted|p1a: Skarmory
|-crit|p1a: Skarmory
|-damage|p1a: Skarmory|62/100
|-start|p1a: Skarmory|move: Heal Block
|
|upkeep
|turn|53
|
|t:|1743861763
|move|p1a: Skarmory|Body Press|p2a: Slowking
|-resisted|p2a: Slowking
|-damage|p2a: Slowking|57/100
|move|p2a: Slowking|Psychic Noise|p1a: Skarmory
|-resisted|p1a: Skarmory
|-damage|p1a: Skarmory|38/100
|
|-end|p1a: Skarmory|move: Future Sight
|-resisted|p1a: Skarmory
|-damage|p1a: Skarmory|0 fnt
|faint|p1a: Skarmory
|upkeep
|
|t:|1743861766
|switch|p1a: Hydrapple|Hydrapple, M|40/100
|turn|54
|
|t:|1743861787
|move|p1a: Hydrapple|Giga Drain|p2a: Slowking
|-resisted|p2a: Slowking
|-damage|p2a: Slowking|45/100
|-heal|p1a: Hydrapple|46/100|[from] drain|[of] p2a: Slowking
|move|p2a: Slowking|Sludge Bomb|p1a: Hydrapple
|-supereffective|p1a: Hydrapple
|-damage|p1a: Hydrapple|0 fnt
|faint|p1a: Hydrapple
|
|upkeep
|-message|okfernankk forfeited.
|
|win|Dequavious IV
|raw|okfernankk's rating: 1582 &rarr; <strong>1564</strong><br />(-18 for losing)
|raw|Dequavious IV's rating: 1614 &rarr; <strong>1632</strong><br />(+18 for winning)
|l|☆okfernankk
|player|p1|
|l|☆Dequavious IV
|player|p2|
