|j|☆jieoogle
|j|☆ruby_yao
|t:|1743855823
|gametype|singles
|player|p1|jieoogle|gambler|1171
|player|p2|ruby_yao|iono|1116
|teamsize|p1|6
|teamsize|p2|6
|gen|9
|tier|[Gen 9] OU
|rated|
|rule|HP Percentage Mod: HP is shown in percentages
|rule|Endless Battle Clause: Forcing endless battles is banned
|rule|Species Clause: Limit one of each Pokémon
|rule|OHKO Clause: OHKO moves are banned
|rule|Evasion Items Clause: Evasion items are banned
|rule|Evasion Moves Clause: Evasion moves are banned
|rule|Sleep Moves Clause: Sleep-inducing moves are banned
|clearpoke
|poke|p1|Typhlosion, F|
|poke|p1|Thundurus, M|
|poke|p1|Kommo-o, F|
|poke|p1|Iron Treads|
|poke|p1|Clodsire, F|
|poke|p1|Ninetales-Alola, M|
|poke|p2|Zamazenta-*|
|poke|p2|Darkrai|
|poke|p2|Ting-Lu|
|poke|p2|Goodra-Hisui, F|
|poke|p2|Skeledirge, F|
|poke|p2|Corviknight, F|
|teampreview
|inactive|Battle timer is ON: inactive players will automatically lose when time's up. (requested by ruby_yao)
|
|t:|1743855869
|start
|switch|p1a: Iron Treads|Iron Treads|100/100
|switch|p2a: 前面忘了|Ting-Lu|100/100
|-ability|p2a: 前面忘了|Vessel of Ruin
|-enditem|p1a: Iron Treads|Booster Energy
|-activate|p1a: Iron Treads|ability: Quark Drive|[fromitem]
|-start|p1a: Iron Treads|quarkdriveatk
|turn|1
|
|t:|1743855885
|move|p1a: Iron Treads|Ice Spinner|p2a: 前面忘了
|-supereffective|p2a: 前面忘了
|-damage|p2a: 前面忘了|61/100
|move|p2a: 前面忘了|Earthquake|p1a: Iron Treads
|-supereffective|p1a: Iron Treads
|-damage|p1a: Iron Treads|21/100
|
|upkeep
|turn|2
|
|t:|1743855907
|-end|p1a: Iron Treads|Quark Drive|[silent]
|switch|p1a: Thundurus|Thundurus, M|100/100
|move|p2a: 前面忘了|Earthquake|p1a: Thundurus
|-immune|p1a: Thundurus
|
|upkeep
|turn|3
|
|t:|1743855916
|move|p1a: Thundurus|Nasty Plot|p1a: Thundurus
|-boost|p1a: Thundurus|spa|2
|move|p2a: 前面忘了|Ruination|p1a: Thundurus
|-damage|p1a: Thundurus|51/100
|
|upkeep
|turn|4
|
|t:|1743855922
|move|p1a: Thundurus|Tera Blast|p2a: 前面忘了
|-damage|p2a: 前面忘了|43/100
|move|p2a: 前面忘了|Stone Edge|p1a: Thundurus|[miss]
|-miss|p2a: 前面忘了|p1a: Thundurus
|
|upkeep
|turn|5
|
|t:|1743855928
|move|p1a: Thundurus|Tera Blast|p2a: 前面忘了
|-damage|p2a: 前面忘了|25/100
|move|p2a: 前面忘了|Stone Edge|p1a: Thundurus|[miss]
|-miss|p2a: 前面忘了|p1a: Thundurus
|
|upkeep
|turn|6
|
|t:|1743855938
|move|p1a: Thundurus|Tera Blast|p2a: 前面忘了
|-damage|p2a: 前面忘了|6/100
|move|p2a: 前面忘了|Stone Edge|p1a: Thundurus
|-supereffective|p1a: Thundurus
|-damage|p1a: Thundurus|0 fnt
|faint|p1a: Thundurus
|
|upkeep
|
|t:|1743855955
|switch|p1a: Iron Treads|Iron Treads|21/100
|turn|7
|
|t:|1743855965
|move|p1a: Iron Treads|Rapid Spin|p2a: 前面忘了
|-damage|p2a: 前面忘了|0 fnt
|-boost|p1a: Iron Treads|spe|1
|faint|p2a: 前面忘了
|
|upkeep
|
|t:|1743855967
|switch|p2a: 后面忘了|Corviknight, F|100/100
|-ability|p2a: 后面忘了|Pressure
|turn|8
|
|t:|1743855986
|move|p1a: Iron Treads|Ice Spinner|p2a: 后面忘了
|-crit|p2a: 后面忘了
|-damage|p2a: 后面忘了|76/100
|-damage|p1a: Iron Treads|5/100|[from] item: Rocky Helmet|[of] p2a: 后面忘了
|move|p2a: 后面忘了|Body Press|p1a: Iron Treads
|-supereffective|p1a: Iron Treads
|-damage|p1a: Iron Treads|0 fnt
|faint|p1a: Iron Treads
|-end|p1a: Iron Treads|Quark Drive|[silent]
|
|upkeep
|
|t:|1743855991
|switch|p1a: Typhlosion|Typhlosion, F|100/100
|turn|9
|
|t:|1743856004
|switch|p2a: 中间忘了|Skeledirge, F|100/100
|move|p1a: Typhlosion|Eruption|p2a: 中间忘了
|-resisted|p2a: 中间忘了
|-damage|p2a: 中间忘了|63/100
|
|upkeep
|turn|10
|
|t:|1743856012
|switch|p1a: Clodsire|Clodsire, F, shiny|100/100
|move|p2a: 中间忘了|Slack Off|p2a: 中间忘了
|-heal|p2a: 中间忘了|100/100
|
|upkeep
|turn|11
|
|t:|1743856017
|move|p2a: 中间忘了|Will-O-Wisp|p1a: Clodsire
|-status|p1a: Clodsire|brn
|move|p1a: Clodsire|Toxic|p2a: 中间忘了
|-status|p2a: 中间忘了|tox
|
|-damage|p2a: 中间忘了|94/100 tox|[from] psn
|-damage|p1a: Clodsire|94/100 brn|[from] brn
|upkeep
|turn|12
|
|t:|1743856028
|move|p2a: 中间忘了|Hex|p1a: Clodsire
|-damage|p1a: Clodsire|71/100 brn
|move|p1a: Clodsire|Earth Power|p2a: 中间忘了
|-supereffective|p2a: 中间忘了
|-damage|p2a: 中间忘了|59/100 tox
|
|-heal|p1a: Clodsire|77/100 brn|[from] item: Leftovers
|-damage|p2a: 中间忘了|47/100 tox|[from] psn
|-damage|p1a: Clodsire|71/100 brn|[from] brn
|upkeep
|turn|13
|
|t:|1743856034
|move|p2a: 中间忘了|Slack Off|p2a: 中间忘了
|-heal|p2a: 中间忘了|97/100 tox
|move|p1a: Clodsire|Recover|p1a: Clodsire
|-heal|p1a: Clodsire|100/100 brn
|
|-damage|p2a: 中间忘了|79/100 tox|[from] psn
|-damage|p1a: Clodsire|94/100 brn|[from] brn
|upkeep
|turn|14
|
|t:|1743856042
|move|p2a: 中间忘了|Hex|p1a: Clodsire
|-damage|p1a: Clodsire|67/100 brn
|move|p1a: Clodsire|Earth Power|p2a: 中间忘了
|-supereffective|p2a: 中间忘了
|-damage|p2a: 中间忘了|42/100 tox
|
|-heal|p1a: Clodsire|73/100 brn|[from] item: Leftovers
|-damage|p2a: 中间忘了|17/100 tox|[from] psn
|-damage|p1a: Clodsire|67/100 brn|[from] brn
|upkeep
|turn|15
|
|t:|1743856049
|move|p2a: 中间忘了|Slack Off|p2a: 中间忘了
|-heal|p2a: 中间忘了|67/100 tox
|move|p1a: Clodsire|Recover|p1a: Clodsire
|-heal|p1a: Clodsire|100/100 brn
|
|-damage|p2a: 中间忘了|37/100 tox|[from] psn
|-damage|p1a: Clodsire|94/100 brn|[from] brn
|upkeep
|turn|16
|
|t:|1743856056
|move|p2a: 中间忘了|Hex|p1a: Clodsire
|-damage|p1a: Clodsire|67/100 brn
|move|p1a: Clodsire|Earth Power|p2a: 中间忘了
|-supereffective|p2a: 中间忘了
|-damage|p2a: 中间忘了|5/100 tox
|
|-heal|p1a: Clodsire|73/100 brn|[from] item: Leftovers
|-damage|p2a: 中间忘了|0 fnt|[from] psn
|faint|p2a: 中间忘了
|-damage|p1a: Clodsire|67/100 brn|[from] brn
|upkeep
|
|t:|1743856061
|switch|p2a: 后面忘了|Corviknight, F|76/100
|-ability|p2a: 后面忘了|Pressure
|turn|17
|
|t:|1743856072
|switch|p1a: Ninetales|Ninetales-Alola, M|100/100
|-weather|Snowscape|[from] ability: Snow Warning|[of] p1a: Ninetales
|move|p2a: 后面忘了|Iron Defense|p2a: 后面忘了
|-boost|p2a: 后面忘了|def|2
|
|-weather|Snowscape|[upkeep]
|upkeep
|turn|18
|
|t:|1743856075
|move|p1a: Ninetales|Aurora Veil|p1a: Ninetales
|-sidestart|p1: jieoogle|move: Aurora Veil
|move|p2a: 后面忘了|Iron Defense|p2a: 后面忘了
|-boost|p2a: 后面忘了|def|2
|
|-weather|Snowscape|[upkeep]
|upkeep
|turn|19
|
|t:|1743856080
|move|p1a: Ninetales|Freeze-Dry|p2a: 后面忘了
|-crit|p2a: 后面忘了
|-damage|p2a: 后面忘了|39/100
|move|p2a: 后面忘了|Body Press|p1a: Ninetales
|-damage|p1a: Ninetales|62/100
|
|-weather|Snowscape|[upkeep]
|upkeep
|turn|20
|
|t:|1743856086
|move|p1a: Ninetales|Freeze-Dry|p2a: 后面忘了
|-crit|p2a: 后面忘了
|-damage|p2a: 后面忘了|2/100
|move|p2a: 后面忘了|Roost|p2a: 后面忘了
|-heal|p2a: 后面忘了|52/100
|-singleturn|p2a: 后面忘了|move: Roost
|
|-weather|Snowscape|[upkeep]
|upkeep
|turn|21
|
|t:|1743856088
|move|p1a: Ninetales|Freeze-Dry|p2a: 后面忘了
|-damage|p2a: 后面忘了|24/100
|move|p2a: 后面忘了|Body Press|p1a: Ninetales
|-damage|p1a: Ninetales|22/100
|
|-weather|none
|upkeep
|turn|22
|
|t:|1743856093
|move|p1a: Ninetales|Freeze-Dry|p2a: 后面忘了
|-damage|p2a: 后面忘了|0 fnt
|faint|p2a: 后面忘了
|
|upkeep
|
|t:|1743856097
|switch|p2a: 我也需要格子|Darkrai|100/100
|turn|23
|
|t:|1743856108
|-terastallize|p1a: Ninetales|Ground
|move|p2a: 我也需要格子|Knock Off|p1a: Ninetales
|-damage|p1a: Ninetales|0 fnt
|-enditem|p1a: Ninetales|Light Clay|[from] move: Knock Off|[of] p2a: 我也需要格子
|faint|p1a: Ninetales
|
|upkeep
|
|t:|1743856117
|switch|p1a: Kommo-o|Kommo-o, F|100/100
|turn|24
|
|t:|1743856123
|-terastallize|p2a: 我也需要格子|Ghost
|move|p2a: 我也需要格子|Knock Off|p1a: Kommo-o
|-resisted|p1a: Kommo-o
|-damage|p1a: Kommo-o|91/100
|-enditem|p1a: Kommo-o|Sitrus Berry|[from] move: Knock Off|[of] p2a: 我也需要格子
|move|p1a: Kommo-o|Clangorous Soul|p1a: Kommo-o
|-boost|p1a: Kommo-o|atk|1
|-boost|p1a: Kommo-o|def|1
|-boost|p1a: Kommo-o|spa|1
|-boost|p1a: Kommo-o|spd|1
|-boost|p1a: Kommo-o|spe|1
|-damage|p1a: Kommo-o|58/100
|
|upkeep
|turn|25
|
|t:|1743856129
|move|p1a: Kommo-o|Clanging Scales|p2a: 我也需要格子
|-damage|p2a: 我也需要格子|10/100
|-unboost|p1a: Kommo-o|def|1
|move|p2a: 我也需要格子|Swords Dance|p2a: 我也需要格子
|-boost|p2a: 我也需要格子|atk|2
|
|-sideend|p1: jieoogle|move: Aurora Veil
|upkeep
|turn|26
|
|t:|1743856136
|move|p1a: Kommo-o|Flash Cannon|p2a: 我也需要格子
|-damage|p2a: 我也需要格子|0 fnt
|faint|p2a: 我也需要格子
|
|upkeep
|
|t:|1743856138
|switch|p2a: 我需要再生力|Goodra-Hisui, F|100/100
|turn|27
|
|t:|1743856146
|move|p1a: Kommo-o|Clanging Scales|p2a: 我需要再生力
|-damage|p2a: 我需要再生力|54/100
|-unboost|p1a: Kommo-o|def|1
|move|p2a: 我需要再生力|Draco Meteor|p1a: Kommo-o
|-supereffective|p1a: Kommo-o
|-damage|p1a: Kommo-o|0 fnt
|-unboost|p2a: 我需要再生力|spa|2
|faint|p1a: Kommo-o
|
|upkeep
|
|t:|1743856155
|switch|p1a: Clodsire|Clodsire, F, shiny|67/100 brn
|turn|28
|
|t:|1743856162
|switch|p2a: 我需要格子|Zamazenta|100/100
|-ability|p2a: 我需要格子|Dauntless Shield|boost
|-boost|p2a: 我需要格子|def|1
|move|p1a: Clodsire|Earth Power|p2a: 我需要格子
|-damage|p2a: 我需要格子|85/100
|
|-heal|p1a: Clodsire|73/100 brn|[from] item: Leftovers
|-damage|p1a: Clodsire|67/100 brn|[from] brn
|upkeep
|turn|29
|
|t:|1743856168
|move|p2a: 我需要格子|Ice Fang|p1a: Clodsire
|-supereffective|p1a: Clodsire
|-damage|p1a: Clodsire|0 fnt
|faint|p1a: Clodsire
|
|upkeep
|
|t:|1743856171
|switch|p1a: Typhlosion|Typhlosion, F|100/100
|turn|30
|
|t:|1743856177
|switch|p2a: 我需要再生力|Goodra-Hisui, F|54/100
|move|p1a: Typhlosion|Flamethrower|p2a: 我需要再生力
|-damage|p2a: 我需要再生力|29/100
|
|upkeep
|turn|31
|
|t:|1743856181
|move|p1a: Typhlosion|Flamethrower|p2a: 我需要再生力
|-damage|p2a: 我需要再生力|2/100
|move|p2a: 我需要再生力|Draco Meteor|p1a: Typhlosion
|-damage|p1a: Typhlosion|0 fnt
|-unboost|p2a: 我需要再生力|spa|2
|faint|p1a: Typhlosion
|
|win|ruby_yao
|raw|jieoogle's rating: 1171 &rarr; <strong>1142</strong><br />(-29 for losing)
|raw|ruby_yao's rating: 1116 &rarr; <strong>1145</strong><br />(+29 for winning)
|l|☆ruby_yao
|player|p2|
|l|☆jieoogle
|player|p1|
