|j|☆redbloo
|j|☆Stuckontoilet2049
|t:|1743920732
|gametype|singles
|player|p1|redbloo|265|1318
|player|p2|Stuckontoilet2049|hilda|1289
|teamsize|p1|6
|teamsize|p2|6
|gen|9
|tier|[Gen 9] OU
|rated|
|rule|HP Percentage Mod: HP is shown in percentages
|rule|Endless Battle Clause: Forcing endless battles is banned
|rule|Species Clause: Limit one of each Pokémon
|rule|OHKO Clause: OHKO moves are banned
|rule|Evasion Items Clause: Evasion items are banned
|rule|Evasion Moves Clause: Evasion moves are banned
|rule|Sleep Moves Clause: Sleep-inducing moves are banned
|clearpoke
|poke|p1|Hydrapple, F|
|poke|p1|Tinkaton, F|
|poke|p1|Moltres|
|poke|p1|Rotom-Wash|
|poke|p1|Great Tusk|
|poke|p1|Darkrai|
|poke|p2|Arcanine-Hisui, M|
|poke|p2|Chandelure, M|
|poke|p2|Alomomola, F|
|poke|p2|Pawmot, F|
|poke|p2|Cinderace, M|
|poke|p2|Tyranitar, M|
|teampreview
|
|t:|1743920748
|start
|switch|p1a: Rotom|Rotom-Wash|100/100
|switch|p2a: Chandelure|Chandelure, M|100/100
|turn|1
|
|t:|1743920755
|-terastallize|p2a: Chandelure|Ghost
|move|p2a: Chandelure|Shadow Ball|p1a: Rotom
|-damage|p1a: Rotom|32/100
|move|p1a: Rotom|Volt Switch|p2a: Chandelure
|-damage|p2a: Chandelure|66/100
|inactive|Battle timer is ON: inactive players will automatically lose when time's up. (requested by Stuckontoilet2049)
|
|t:|1743920762
|switch|p1a: Darkrai|Darkrai|100/100|[from] Volt Switch
|
|upkeep
|turn|2
|
|t:|1743920768
|switch|p2a: Tyranitar|Tyranitar, M|100/100
|-weather|Sandstorm|[from] ability: Sand Stream|[of] p2a: Tyranitar
|switch|p1a: Tinkaton|Tinkaton, F|100/100
|-ability|p1a: Tinkaton|Mold Breaker
|
|-weather|Sandstorm|[upkeep]
|upkeep
|turn|3
|
|t:|1743920777
|move|p1a: Tinkaton|Knock Off|p2a: Tyranitar
|-resisted|p2a: Tyranitar
|-damage|p2a: Tyranitar|94/100
|-enditem|p2a: Tyranitar|Assault Vest|[from] move: Knock Off|[of] p1a: Tinkaton
|move|p2a: Tyranitar|Earthquake|p1a: Tinkaton
|-supereffective|p1a: Tinkaton
|-damage|p1a: Tinkaton|7/100
|
|-weather|Sandstorm|[upkeep]
|-heal|p1a: Tinkaton|13/100|[from] item: Leftovers
|upkeep
|turn|4
|
|t:|1743920787
|move|p1a: Tinkaton|Gigaton Hammer|p2a: Tyranitar
|-supereffective|p2a: Tyranitar
|-damage|p2a: Tyranitar|34/100
|move|p2a: Tyranitar|Earthquake|p1a: Tinkaton
|-supereffective|p1a: Tinkaton
|-damage|p1a: Tinkaton|0 fnt
|faint|p1a: Tinkaton
|
|-weather|Sandstorm|[upkeep]
|upkeep
|
|t:|1743920795
|switch|p1a: Great Tusk|Great Tusk|100/100
|turn|5
|
|t:|1743920799
|switch|p2a: Alomomola|Alomomola, F|100/100
|move|p1a: Great Tusk|Headlong Rush|p2a: Alomomola
|-damage|p2a: Alomomola|68/100
|-unboost|p1a: Great Tusk|def|1
|-unboost|p1a: Great Tusk|spd|1
|-damage|p1a: Great Tusk|84/100|[from] item: Rocky Helmet|[of] p2a: Alomomola
|
|-weather|Sandstorm|[upkeep]
|-damage|p2a: Alomomola|62/100|[from] Sandstorm
|upkeep
|turn|6
|
|t:|1743920814
|-end|p1a: Great Tusk|Protosynthesis|[silent]
|switch|p1a: Hydrapple|Hydrapple, F|100/100
|move|p2a: Alomomola|Flip Turn|p1a: Hydrapple
|-resisted|p1a: Hydrapple
|-damage|p1a: Hydrapple|97/100
|
|t:|1743920824
|switch|p2a: Cinderace|Cinderace, M|100/100|[from] Flip Turn
|
|-weather|none
|upkeep
|turn|7
|
|t:|1743920835
|move|p2a: Cinderace|U-turn|p1a: Hydrapple
|-start|p2a: Cinderace|typechange|Bug|[from] ability: Libero
|-supereffective|p1a: Hydrapple
|-damage|p1a: Hydrapple|41/100
|
|t:|1743920840
|switch|p2a: Tyranitar|Tyranitar, M|34/100|[from] U-turn
|-weather|Sandstorm|[from] ability: Sand Stream|[of] p2a: Tyranitar
|move|p1a: Hydrapple|Nasty Plot|p1a: Hydrapple
|-boost|p1a: Hydrapple|spa|2
|
|-weather|Sandstorm|[upkeep]
|-damage|p1a: Hydrapple|35/100|[from] Sandstorm
|upkeep
|turn|8
|
|t:|1743920850
|switch|p1a: Rotom|Rotom-Wash|32/100
|move|p2a: Tyranitar|Knock Off|p1a: Rotom
|-damage|p1a: Rotom|0 fnt
|-damage|p2a: Tyranitar|18/100|[from] item: Rocky Helmet|[of] p1a: Rotom
|-enditem|p1a: Rotom|Rocky Helmet|[from] move: Knock Off|[of] p2a: Tyranitar
|faint|p1a: Rotom
|
|-weather|Sandstorm|[upkeep]
|upkeep
|
|t:|1743920869
|switch|p1a: Moltres|Moltres|100/100
|turn|9
|
|t:|1743920874
|switch|p2a: Alomomola|Alomomola, F|96/100
|move|p1a: Moltres|U-turn|p2a: Alomomola
|-damage|p2a: Alomomola|88/100
|-damage|p1a: Moltres|84/100|[from] item: Rocky Helmet|[of] p2a: Alomomola
|
|t:|1743920880
|switch|p1a: Hydrapple|Hydrapple, F|68/100|[from] U-turn
|
|-weather|Sandstorm|[upkeep]
|-damage|p1a: Hydrapple|62/100|[from] Sandstorm
|-damage|p2a: Alomomola|82/100|[from] Sandstorm
|upkeep
|turn|10
|
|t:|1743920893
|move|p1a: Hydrapple|Fickle Beam|p2a: Alomomola|[anim] Fickle Beam All Out
|-activate|p1a: Hydrapple|move: Fickle Beam
|-damage|p2a: Alomomola|0 fnt
|faint|p2a: Alomomola
|
|-weather|Sandstorm|[upkeep]
|-damage|p1a: Hydrapple|56/100|[from] Sandstorm
|upkeep
|inactive|Stuckontoilet2049 has 120 seconds left.
|
|t:|1743920918
|switch|p2a: Chandelure|Chandelure, M, tera:Ghost|66/100
|turn|11
|
|t:|1743920941
|switch|p1a: Darkrai|Darkrai|100/100
|move|p2a: Chandelure|Shadow Ball|p1a: Darkrai
|-resisted|p1a: Darkrai
|-damage|p1a: Darkrai|56/100
|
|-weather|none
|-heal|p1a: Darkrai|62/100|[from] item: Leftovers
|upkeep
|turn|12
|
|t:|1743920951
|switch|p2a: Tyranitar|Tyranitar, M|18/100
|-weather|Sandstorm|[from] ability: Sand Stream|[of] p2a: Tyranitar
|move|p1a: Darkrai|Nasty Plot|p1a: Darkrai
|-boost|p1a: Darkrai|spa|2
|
|-weather|Sandstorm|[upkeep]
|-damage|p1a: Darkrai|56/100|[from] Sandstorm
|-heal|p1a: Darkrai|62/100|[from] item: Leftovers
|upkeep
|turn|13
|
|t:|1743920963
|move|p1a: Darkrai|Dark Pulse|p2a: Tyranitar
|-resisted|p2a: Tyranitar
|-damage|p2a: Tyranitar|0 fnt
|faint|p2a: Tyranitar
|
|-weather|Sandstorm|[upkeep]
|-damage|p1a: Darkrai|56/100|[from] Sandstorm
|-heal|p1a: Darkrai|62/100|[from] item: Leftovers
|upkeep
|inactive|Stuckontoilet2049 has 120 seconds left.
|
|t:|1743920978
|switch|p2a: Arcanine|Arcanine-Hisui, M|100/100
|turn|14
|
|t:|1743920982
|-terastallize|p1a: Darkrai|Ghost
|move|p2a: Arcanine|Flare Blitz|p1a: Darkrai
|-damage|p1a: Darkrai|0 fnt
|faint|p1a: Darkrai
|
|-weather|Sandstorm|[upkeep]
|upkeep
|
|t:|1743920989
|switch|p1a: Moltres|Moltres|84/100
|turn|15
|
|t:|1743920995
|switch|p2a: Chandelure|Chandelure, M, tera:Ghost|66/100
|move|p1a: Moltres|U-turn|p2a: Chandelure
|-resisted|p2a: Chandelure
|-damage|p2a: Chandelure|55/100
|
|t:|1743921001
|switch|p1a: Great Tusk|Great Tusk|84/100|[from] U-turn
|
|-weather|Sandstorm|[upkeep]
|-damage|p2a: Chandelure|49/100|[from] Sandstorm
|upkeep
|turn|16
|
|t:|1743921020
|-end|p1a: Great Tusk|Protosynthesis|[silent]
|switch|p1a: Moltres|Moltres|84/100
|move|p2a: Chandelure|Shadow Ball|p1a: Moltres
|-damage|p1a: Moltres|35/100
|
|-weather|none
|upkeep
|turn|17
|
|t:|1743921031
|move|p2a: Chandelure|Shadow Ball|p1a: Moltres
|-damage|p1a: Moltres|0 fnt
|faint|p1a: Moltres
|
|upkeep
|
|t:|1743921037
|switch|p1a: Hydrapple|Hydrapple, F|89/100
|turn|18
|
|t:|1743921056
|move|p2a: Chandelure|Shadow Ball|p1a: Hydrapple
|-damage|p1a: Hydrapple|18/100
|move|p1a: Hydrapple|Fickle Beam|p2a: Chandelure
|-damage|p2a: Chandelure|0 fnt
|faint|p2a: Chandelure
|
|upkeep
|inactive|Stuckontoilet2049 has 120 seconds left.
|
|t:|1743921077
|switch|p2a: Cinderace|Cinderace, M|100/100
|turn|19
|
|t:|1743921089
|move|p2a: Cinderace|U-turn|p1a: Hydrapple
|-start|p2a: Cinderace|typechange|Bug|[from] ability: Libero
|-supereffective|p1a: Hydrapple
|-damage|p1a: Hydrapple|0 fnt
|faint|p1a: Hydrapple
|
|t:|1743921099
|switch|p2a: Pawmot|Pawmot, F|100/100|[from] U-turn
|
|upkeep
|
|t:|1743921103
|switch|p1a: Great Tusk|Great Tusk|84/100
|turn|20
|
|t:|1743921107
|move|p2a: Pawmot|Revival Blessing|p2a: Pawmot
|-enditem|p2a: Pawmot|Leppa Berry|[eat]
|-activate|p2a: Pawmot|item: Leppa Berry|Revival Blessing|[consumed]
|
|t:|1743921109
|-heal|p2: Alomomola|50/100|[from] move: Revival Blessing
|move|p1a: Great Tusk|Rapid Spin|p2a: Pawmot
|-damage|p2a: Pawmot|76/100
|-boost|p1a: Great Tusk|spe|1
|
|upkeep
|turn|21
|
|t:|1743921123
|move|p1a: Great Tusk|Headlong Rush|p2a: Pawmot
|-supereffective|p2a: Pawmot
|-damage|p2a: Pawmot|0 fnt
|-unboost|p1a: Great Tusk|def|1
|-unboost|p1a: Great Tusk|spd|1
|faint|p2a: Pawmot
|
|upkeep
|
|t:|1743921128
|switch|p2a: Alomomola|Alomomola, F|50/100
|turn|22
|
|t:|1743921133
|switch|p2a: Cinderace|Cinderace, M|100/100
|move|p1a: Great Tusk|Headlong Rush|p2a: Cinderace
|-supereffective|p2a: Cinderace
|-damage|p2a: Cinderace|0 fnt
|-unboost|p1a: Great Tusk|def|1
|-unboost|p1a: Great Tusk|spd|1
|faint|p2a: Cinderace
|
|upkeep
|
|t:|1743921138
|switch|p2a: Alomomola|Alomomola, F|84/100
|turn|23
|
|t:|1743921143
|move|p1a: Great Tusk|Headlong Rush|p2a: Alomomola
|-damage|p2a: Alomomola|53/100
|-unboost|p1a: Great Tusk|def|1
|-unboost|p1a: Great Tusk|spd|1
|-damage|p1a: Great Tusk|68/100|[from] item: Rocky Helmet|[of] p2a: Alomomola
|move|p2a: Alomomola|Flip Turn|p1a: Great Tusk
|-supereffective|p1a: Great Tusk
|-damage|p1a: Great Tusk|6/100
|
|t:|1743921150
|switch|p2a: Arcanine|Arcanine-Hisui, M|100/100|[from] Flip Turn
|
|upkeep
|turn|24
|
|t:|1743921155
|move|p2a: Arcanine|Flare Blitz|p1a: Great Tusk
|-damage|p1a: Great Tusk|0 fnt
|faint|p1a: Great Tusk
|-end|p1a: Great Tusk|Protosynthesis|[silent]
|
|win|Stuckontoilet2049
|raw|redbloo's rating: 1318 &rarr; <strong>1296</strong><br />(-22 for losing)
|raw|Stuckontoilet2049's rating: 1289 &rarr; <strong>1316</strong><br />(+27 for winning)
|l|☆redbloo
|player|p1|
|c|☆Stuckontoilet2049|gg
|l|☆Stuckontoilet2049
|player|p2|
