|j|☆vanish ct
|j|☆El Rompepotos
|t:|1743908381
|gametype|singles
|player|p1|vanish ct|n|1209
|player|p2|El Rompepotos|hooligans|1168
|teamsize|p1|6
|teamsize|p2|6
|gen|9
|tier|[Gen 9] OU
|rated|
|rule|HP Percentage Mod: HP is shown in percentages
|rule|Endless Battle Clause: Forcing endless battles is banned
|rule|Species Clause: Limit one of each Pokémon
|rule|OHKO Clause: OHKO moves are banned
|rule|Evasion Items Clause: Evasion items are banned
|rule|Evasion Moves Clause: Evasion moves are banned
|rule|Sleep Moves Clause: Sleep-inducing moves are banned
|clearpoke
|poke|p1|Zamazenta-*|
|poke|p1|Ting-Lu|
|poke|p1|Iron Valiant|
|poke|p1|Duraludon, M|
|poke|p1|Alomomola, F|
|poke|p1|Hatterene, F|
|poke|p2|Glimmora, F|
|poke|p2|Salazzle, F|
|poke|p2|Amoonguss, F|
|poke|p2|Muk-Alola, M|
|poke|p2|Toxapex, M|
|poke|p2|Weezing-Galar, F|
|teampreview
|inactive|Battle timer is ON: inactive players will automatically lose when time's up. (requested by El Rompepotos)
|inactive|vanish ct also wants the timer to be on.
|
|t:|1743908394
|start
|switch|p1a: Ting-Lu|Ting-Lu|100/100
|switch|p2a: Salazzle|Salazzle, F|100/100
|-ability|p1a: Ting-Lu|Vessel of Ruin
|turn|1
|
|t:|1743908403
|move|p2a: Salazzle|Substitute|p2a: Salazzle
|-start|p2a: Salazzle|Substitute
|-damage|p2a: Salazzle|76/100
|move|p1a: Ting-Lu|Stealth Rock|p2a: Salazzle
|-sidestart|p2: El Rompepotos|move: Stealth Rock
|
|-heal|p2a: Salazzle|82/100|[from] item: Black Sludge
|upkeep
|turn|2
|
|t:|1743908408
|move|p2a: Salazzle|Toxic|p1a: Ting-Lu
|-status|p1a: Ting-Lu|tox
|move|p1a: Ting-Lu|Whirlwind|p2a: Salazzle
|drag|p2a: Toxapex|Toxapex, M|100/100
|-damage|p2a: Toxapex|88/100|[from] Stealth Rock
|
|-damage|p1a: Ting-Lu|94/100 tox|[from] psn
|upkeep
|turn|3
|
|t:|1743908416
|move|p1a: Ting-Lu|Spikes|p2a: Toxapex
|-sidestart|p2: El Rompepotos|Spikes
|move|p2a: Toxapex|Recover|p2a: Toxapex
|-heal|p2a: Toxapex|100/100
|
|-heal|p1a: Ting-Lu|100/100 tox|[from] item: Leftovers
|-damage|p1a: Ting-Lu|88/100 tox|[from] psn
|upkeep
|turn|4
|
|t:|1743908421
|switch|p2a: Weezing|Weezing-Galar, F|100/100
|-damage|p2a: Weezing|88/100|[from] Stealth Rock
|move|p1a: Ting-Lu|Spikes|p2a: Weezing
|-sidestart|p2: El Rompepotos|Spikes
|
|-heal|p1a: Ting-Lu|94/100 tox|[from] item: Leftovers
|-damage|p1a: Ting-Lu|76/100 tox|[from] psn
|upkeep
|turn|5
|
|t:|1743908428
|move|p2a: Weezing|Defog|p1a: Ting-Lu
|-unboost|p1a: Ting-Lu|evasion|1
|-sideend|p2: El Rompepotos|Spikes|[from] move: Defog|[of] p2a: Weezing
|-sideend|p2: El Rompepotos|Stealth Rock|[from] move: Defog|[of] p2a: Weezing
|move|p1a: Ting-Lu|Ruination|p2a: Weezing
|-damage|p2a: Weezing|45/100
|
|-heal|p1a: Ting-Lu|82/100 tox|[from] item: Leftovers
|-damage|p1a: Ting-Lu|57/100 tox|[from] psn
|upkeep
|turn|6
|
|t:|1743908436
|move|p2a: Weezing|Pain Split|p1a: Ting-Lu
|-sethp|p1a: Ting-Lu|43/100 tox|[from] move: Pain Split|[silent]
|-sethp|p2a: Weezing|66/100|[from] move: Pain Split
|move|p1a: Ting-Lu|Stealth Rock|p2a: Weezing
|-sidestart|p2: El Rompepotos|move: Stealth Rock
|
|-heal|p1a: Ting-Lu|49/100 tox|[from] item: Leftovers
|-damage|p1a: Ting-Lu|18/100 tox|[from] psn
|upkeep
|turn|7
|
|t:|1743908445
|switch|p1a: Alomomola|Alomomola, F|100/100
|move|p2a: Weezing|Defog|p1a: Alomomola
|-unboost|p1a: Alomomola|evasion|1
|-sideend|p2: El Rompepotos|Stealth Rock|[from] move: Defog|[of] p2a: Weezing
|
|upkeep
|turn|8
|
|t:|1743908451
|switch|p2a: Amoonguss|Amoonguss, F|100/100
|move|p1a: Alomomola|Wish|p1a: Alomomola
|
|upkeep
|turn|9
|
|t:|1743908457
|move|p1a: Alomomola|Flip Turn|p2a: Amoonguss
|-resisted|p2a: Amoonguss
|-damage|p2a: Amoonguss|94/100
|
|t:|1743908460
|switch|p1a: Ting-Lu|Ting-Lu|18/100 tox|[from] Flip Turn
|-ability|p1a: Ting-Lu|Vessel of Ruin
|move|p2a: Amoonguss|Giga Drain|p1a: Ting-Lu
|-supereffective|p1a: Ting-Lu
|-damage|p1a: Ting-Lu|0 fnt
|-heal|p2a: Amoonguss|100/100|[from] drain|[of] p1a: Ting-Lu
|faint|p1a: Ting-Lu
|
|upkeep
|
|t:|1743908471
|switch|p1a: Duraludon|Duraludon, M|100/100
|turn|10
|
|t:|1743908479
|switch|p2a: Muk|Muk-Alola, M|100/100
|move|p1a: Duraludon|Thunder Wave|p2a: Muk
|-status|p2a: Muk|par
|
|upkeep
|turn|11
|
|t:|1743908487
|move|p1a: Duraludon|Flash Cannon|p2a: Muk
|-damage|p2a: Muk|77/100 par
|cant|p2a: Muk|par
|
|upkeep
|turn|12
|
|t:|1743908501
|switch|p2a: Salazzle|Salazzle, F|82/100
|move|p1a: Duraludon|Draco Meteor|p2a: Salazzle
|-damage|p2a: Salazzle|0 fnt
|-unboost|p1a: Duraludon|spa|2
|faint|p2a: Salazzle
|
|upkeep
|
|t:|1743908507
|switch|p2a: Glimmora|Glimmora, F|100/100
|turn|13
|
|t:|1743908511
|move|p2a: Glimmora|Stealth Rock|p1a: Duraludon
|-sidestart|p1: vanish ct|move: Stealth Rock
|move|p1a: Duraludon|Thunder Wave|p2a: Glimmora
|-status|p2a: Glimmora|par
|
|upkeep
|turn|14
|
|t:|1743908520
|switch|p1a: Hatterene|Hatterene, F|100/100
|-damage|p1a: Hatterene|88/100|[from] Stealth Rock
|move|p2a: Glimmora|Earth Power|p1a: Hatterene
|-damage|p1a: Hatterene|58/100
|
|-heal|p1a: Hatterene|64/100|[from] item: Leftovers
|upkeep
|turn|15
|
|t:|1743908530
|switch|p2a: Muk|Muk-Alola, M|77/100 par
|move|p1a: Hatterene|Mystical Fire|p2a: Muk
|-damage|p2a: Muk|63/100 par
|-unboost|p2a: Muk|spa|1
|
|-heal|p1a: Hatterene|70/100|[from] item: Leftovers
|upkeep
|turn|16
|
|t:|1743908539
|-terastallize|p1a: Hatterene|Steel
|move|p1a: Hatterene|Calm Mind|p1a: Hatterene
|-boost|p1a: Hatterene|spa|1
|-boost|p1a: Hatterene|spd|1
|move|p2a: Muk|Gunk Shot|p1a: Hatterene
|-immune|p1a: Hatterene
|
|-heal|p1a: Hatterene|76/100|[from] item: Leftovers
|upkeep
|turn|17
|
|t:|1743908548
|move|p1a: Hatterene|Calm Mind|p1a: Hatterene
|-boost|p1a: Hatterene|spa|1
|-boost|p1a: Hatterene|spd|1
|cant|p2a: Muk|par
|
|-heal|p1a: Hatterene|82/100|[from] item: Leftovers
|upkeep
|turn|18
|-message|El Rompepotos forfeited.
|
|win|vanish ct
|raw|vanish ct's rating: 1209 &rarr; <strong>1231</strong><br />(+22 for winning)
|raw|El Rompepotos's rating: 1168 &rarr; <strong>1146</strong><br />(-22 for losing)
|l|☆El Rompepotos
|player|p2|
|l|☆vanish ct
|player|p1|
