|j|‽omari p
|j|‽esteostrali
|t:|1743832174
|gametype|singles
|player|p1|omari p|pokemonrangerf|1673
|player|p2|esteostrali|dragontamer|1587
|teamsize|p1|6
|teamsize|p2|6
|gen|9
|tier|[Gen 9] OU
|rated|
|rule|HP Percentage Mod: HP is shown in percentages
|rule|Endless Battle Clause: Forcing endless battles is banned
|rule|Species Clause: Limit one of each Pokémon
|rule|OHKO Clause: OHKO moves are banned
|rule|Evasion Items Clause: Evasion items are banned
|rule|Evasion Moves Clause: Evasion moves are banned
|rule|Sleep Moves Clause: Sleep-inducing moves are banned
|clearpoke
|poke|p1|Thundurus-Therian, M|
|poke|p1|Cinderace, F|
|poke|p1|Mandibuzz, F|
|poke|p1|Latios, M|
|poke|p1|Deoxys-Speed|
|poke|p1|Iron Hands|
|poke|p2|Weavile, F|
|poke|p2|Raging Bolt|
|poke|p2|Rillaboom, F|
|poke|p2|Iron Crown|
|poke|p2|Pecharunt|
|poke|p2|Great Tusk|
|teampreview
|inactive|Battle timer is ON: inactive players will automatically lose when time's up. (requested by esteostrali)
|inactive|omari p has 120 seconds left.
|
|t:|1743832212
|start
|switch|p1a: Cinderace|Cinderace, F|100/100
|switch|p2a: Weavile|Weavile, F|100/100
|-ability|p2a: Weavile|Pressure
|turn|1
|
|t:|1743832235
|switch|p2a: Pecharunt|Pecharunt|100/100
|move|p1a: Cinderace|Pyro Ball|p2a: Pecharunt
|-damage|p2a: Pecharunt|56/100
|
|upkeep
|turn|2
|
|t:|1743832244
|switch|p1a: Deoxys|Deoxys-Speed|100/100
|-ability|p1a: Deoxys|Pressure
|move|p2a: Pecharunt|Recover|p2a: Pecharunt
|-heal|p2a: Pecharunt|100/100
|
|upkeep
|turn|3
|
|t:|1743832251
|switch|p2a: Weavile|Weavile, F|100/100
|-ability|p2a: Weavile|Pressure
|move|p1a: Deoxys|Stealth Rock|p2a: Weavile
|-sidestart|p2: esteostrali|move: Stealth Rock
|
|upkeep
|turn|4
|
|t:|1743832262
|switch|p1a: Iron Hands|Iron Hands|100/100
|move|p2a: Weavile|Knock Off|p1a: Iron Hands
|-resisted|p1a: Iron Hands
|-damage|p1a: Iron Hands|83/100
|-enditem|p1a: Iron Hands|Assault Vest|[from] move: Knock Off|[of] p2a: Weavile
|
|upkeep
|turn|5
|
|t:|1743832271
|switch|p2a: Great Tusk|Great Tusk|100/100
|-damage|p2a: Great Tusk|98/100|[from] Stealth Rock
|-enditem|p2a: Great Tusk|Booster Energy
|-activate|p2a: Great Tusk|ability: Protosynthesis|[fromitem]
|-start|p2a: Great Tusk|protosynthesisspe
|move|p1a: Iron Hands|Heavy Slam|p2a: Great Tusk
|-damage|p2a: Great Tusk|87/100
|
|upkeep
|turn|6
|
|t:|1743832278
|move|p2a: Great Tusk|Rapid Spin|p1a: Iron Hands
|-damage|p1a: Iron Hands|73/100
|-boost|p2a: Great Tusk|spe|1
|-sideend|p2: esteostrali|Stealth Rock|[from] move: Rapid Spin|[of] p2a: Great Tusk
|move|p1a: Iron Hands|Close Combat|p2a: Great Tusk
|-damage|p2a: Great Tusk|46/100
|-unboost|p1a: Iron Hands|def|1
|-unboost|p1a: Iron Hands|spd|1
|
|upkeep
|turn|7
|
|t:|1743832286
|-end|p1a: Iron Hands|Quark Drive|[silent]
|switch|p1a: Mandibuzz|Mandibuzz, F, shiny|100/100
|move|p2a: Great Tusk|Headlong Rush|p1a: Mandibuzz
|-immune|p1a: Mandibuzz
|
|upkeep
|turn|8
|
|t:|1743832308
|move|p2a: Great Tusk|Knock Off|p1a: Mandibuzz
|-resisted|p1a: Mandibuzz
|-damage|p1a: Mandibuzz|92/100
|-damage|p2a: Great Tusk|29/100|[from] item: Rocky Helmet|[of] p1a: Mandibuzz
|-enditem|p1a: Mandibuzz|Rocky Helmet|[from] move: Knock Off|[of] p2a: Great Tusk
|move|p1a: Mandibuzz|Toxic|p2a: Great Tusk
|-status|p2a: Great Tusk|tox
|
|-damage|p2a: Great Tusk|23/100 tox|[from] psn
|upkeep
|turn|9
|
|t:|1743832322
|-end|p2a: Great Tusk|Protosynthesis|[silent]
|switch|p2a: Pecharunt|Pecharunt|100/100
|move|p1a: Mandibuzz|Foul Play|p2a: Pecharunt
|-supereffective|p2a: Pecharunt
|-damage|p2a: Pecharunt|72/100
|
|upkeep
|turn|10
|
|t:|1743832342
|switch|p1a: Iron Hands|Iron Hands|73/100
|move|p2a: Pecharunt|Malignant Chain|p1a: Iron Hands
|-damage|p1a: Iron Hands|41/100
|-status|p1a: Iron Hands|tox
|-start|p1a: Iron Hands|confusion|[from] ability: Poison Puppeteer|[of] p2a: Pecharunt
|
|-damage|p1a: Iron Hands|35/100 tox|[from] psn
|upkeep
|turn|11
|
|t:|1743832349
|move|p2a: Pecharunt|Shadow Ball|p1a: Iron Hands
|-damage|p1a: Iron Hands|10/100 tox
|-activate|p1a: Iron Hands|confusion
|-damage|p1a: Iron Hands|0 fnt|[from] confusion
|faint|p1a: Iron Hands
|-end|p1a: Iron Hands|Quark Drive|[silent]
|
|upkeep
|
|t:|1743832357
|switch|p1a: Deoxys|Deoxys-Speed|100/100
|-ability|p1a: Deoxys|Pressure
|turn|12
|
|t:|1743832364
|switch|p2a: Great Tusk|Great Tusk|23/100 tox
|move|p1a: Deoxys|Stealth Rock|p2a: Great Tusk
|-sidestart|p2: esteostrali|move: Stealth Rock
|
|-damage|p2a: Great Tusk|17/100 tox|[from] psn
|upkeep
|turn|13
|
|t:|1743832369
|move|p1a: Deoxys|Ice Beam|p2a: Great Tusk
|-supereffective|p2a: Great Tusk
|-damage|p2a: Great Tusk|0 fnt
|faint|p2a: Great Tusk
|-end|p2a: Great Tusk|Protosynthesis|[silent]
|
|upkeep
|
|t:|1743832372
|switch|p2a: Weavile|Weavile, F|100/100
|-ability|p2a: Weavile|Pressure
|turn|14
|inactive|omari p has 120 seconds left.
|
|t:|1743832411
|move|p1a: Deoxys|Ice Beam|p2a: Weavile
|-resisted|p2a: Weavile
|-damage|p2a: Weavile|80/100
|move|p2a: Weavile|Knock Off|p1a: Deoxys
|-supereffective|p1a: Deoxys
|-enditem|p1a: Deoxys|Focus Sash
|-damage|p1a: Deoxys|1/100
|
|upkeep
|turn|15
|
|t:|1743832417
|move|p2a: Weavile|Ice Shard|p1a: Deoxys
|-damage|p1a: Deoxys|0 fnt
|faint|p1a: Deoxys
|
|upkeep
|
|t:|1743832419
|switch|p1a: Cinderace|Cinderace, F|100/100
|turn|16
|
|t:|1743832427
|switch|p2a: Pecharunt|Pecharunt|72/100
|move|p1a: Cinderace|Pyro Ball|p2a: Pecharunt
|-damage|p2a: Pecharunt|29/100
|
|upkeep
|turn|17
|
|t:|1743832432
|move|p1a: Cinderace|Pyro Ball|p2a: Pecharunt|[miss]
|-miss|p1a: Cinderace|p2a: Pecharunt
|move|p2a: Pecharunt|Recover|p2a: Pecharunt
|-heal|p2a: Pecharunt|79/100
|
|upkeep
|turn|18
|
|t:|1743832435
|move|p1a: Cinderace|Pyro Ball|p2a: Pecharunt
|-damage|p2a: Pecharunt|31/100
|move|p2a: Pecharunt|Recover|p2a: Pecharunt
|-heal|p2a: Pecharunt|81/100
|
|upkeep
|turn|19
|
|t:|1743832441
|switch|p1a: Mandibuzz|Mandibuzz, F, shiny|92/100
|move|p2a: Pecharunt|Recover|p2a: Pecharunt
|-heal|p2a: Pecharunt|100/100
|
|upkeep
|turn|20
|
|t:|1743832445
|switch|p1a: Cinderace|Cinderace, F|100/100
|move|p2a: Pecharunt|Malignant Chain|p1a: Cinderace
|-damage|p1a: Cinderace|42/100
|-status|p1a: Cinderace|tox
|-start|p1a: Cinderace|confusion|[from] ability: Poison Puppeteer|[of] p2a: Pecharunt
|
|-damage|p1a: Cinderace|36/100 tox|[from] psn
|upkeep
|turn|21
|
|t:|1743832454
|-activate|p1a: Cinderace|confusion
|-damage|p1a: Cinderace|16/100 tox|[from] confusion
|move|p2a: Pecharunt|Nasty Plot|p2a: Pecharunt
|-boost|p2a: Pecharunt|spa|2
|
|-damage|p1a: Cinderace|4/100 tox|[from] psn
|upkeep
|turn|22
|
|t:|1743832459
|-activate|p1a: Cinderace|confusion
|move|p1a: Cinderace|Pyro Ball|p2a: Pecharunt
|-damage|p2a: Pecharunt|57/100
|move|p2a: Pecharunt|Recover|p2a: Pecharunt
|-heal|p2a: Pecharunt|100/100
|
|-damage|p1a: Cinderace|0 fnt|[from] psn
|faint|p1a: Cinderace
|upkeep
|
|t:|1743832463
|switch|p1a: Latios|Latios, M|100/100
|turn|23
|
|t:|1743832471
|-terastallize|p2a: Pecharunt|Ghost
|move|p1a: Latios|Draco Meteor|p2a: Pecharunt
|-damage|p2a: Pecharunt|37/100
|-unboost|p1a: Latios|spa|2
|move|p2a: Pecharunt|Shadow Ball|p1a: Latios
|-supereffective|p1a: Latios
|-damage|p1a: Latios|0 fnt
|faint|p1a: Latios
|
|upkeep
|
|t:|1743832475
|switch|p1a: Thundurus|Thundurus-Therian, M|100/100
|turn|24
|
|t:|1743832489
|move|p1a: Thundurus|Thunderbolt|p2a: Pecharunt
|-damage|p2a: Pecharunt|0 fnt
|faint|p2a: Pecharunt
|
|upkeep
|
|t:|1743832497
|switch|p2a: Weavile|Weavile, F|80/100
|-ability|p2a: Weavile|Pressure
|turn|25
|
|t:|1743832503
|switch|p1a: Mandibuzz|Mandibuzz, F, shiny|92/100
|move|p2a: Weavile|Triple Axel|p1a: Mandibuzz
|-supereffective|p1a: Mandibuzz
|-damage|p1a: Mandibuzz|80/100
|-supereffective|p1a: Mandibuzz
|-damage|p1a: Mandibuzz|57/100
|-supereffective|p1a: Mandibuzz
|-damage|p1a: Mandibuzz|24/100
|-hitcount|p1a: Mandibuzz|3
|
|upkeep
|turn|26
|
|t:|1743832512
|move|p2a: Weavile|Triple Axel|p1a: Mandibuzz
|-supereffective|p1a: Mandibuzz
|-damage|p1a: Mandibuzz|14/100
|-supereffective|p1a: Mandibuzz
|-damage|p1a: Mandibuzz|0 fnt
|faint|p1a: Mandibuzz
|-hitcount|p1: Mandibuzz|2
|
|upkeep
|-message|omari p forfeited.
|
|win|esteostrali
|raw|omari p's rating: 1673 &rarr; <strong>1648</strong><br />(-25 for losing)
|raw|esteostrali's rating: 1587 &rarr; <strong>1612</strong><br />(+25 for winning)
|l|‽omari p
|player|p1|
|l|‽esteostrali
|player|p2|
