|j|☆fl132
|j|☆snowball is op
|t:|1743850665
|gametype|singles
|player|p1|fl132|sailor|1331
|player|p2|snowball is op|2|1348
|teamsize|p1|6
|teamsize|p2|6
|gen|9
|tier|[Gen 9] OU
|rated|
|rule|HP Percentage Mod: HP is shown in percentages
|rule|Endless Battle Clause: Forcing endless battles is banned
|rule|Species Clause: Limit one of each Pokémon
|rule|OHKO Clause: OHKO moves are banned
|rule|Evasion Items Clause: Evasion items are banned
|rule|Evasion Moves Clause: Evasion moves are banned
|rule|Sleep Moves Clause: Sleep-inducing moves are banned
|clearpoke
|poke|p1|Alomomola, M|
|poke|p1|Great Tusk|
|poke|p1|Dragonite, M|
|poke|p1|Azumarill, M|
|poke|p1|Cinderace, F|
|poke|p1|Dragapult, M|
|poke|p2|Comfey, M|
|poke|p2|Whimsicott, F|
|poke|p2|Iron Moth|
|poke|p2|Walking Wake|
|poke|p2|Great Tusk|
|poke|p2|Ninetales, F|
|teampreview
|inactive|Battle timer is ON: inactive players will automatically lose when time's up. (requested by fl132)
|
|t:|1743850691
|start
|switch|p1a: 丑逼|Dragonite, M, shiny|100/100
|switch|p2a: Ninetales|Ninetales, F|100/100
|-weather|SunnyDay|[from] ability: Drought|[of] p2a: Ninetales
|turn|1
|
|t:|1743850696
|move|p2a: Ninetales|Will-O-Wisp|p1a: 丑逼
|-status|p1a: 丑逼|brn
|move|p1a: 丑逼|Thunder Wave|p2a: Ninetales
|-status|p2a: Ninetales|par
|
|-weather|SunnyDay|[upkeep]
|-damage|p1a: 丑逼|94/100 brn|[from] brn
|upkeep
|turn|2
|inactive|snowball is op has 120 seconds left.
|
|t:|1743850729
|switch|p1a: 兔指导|Cinderace, F, shiny|100/100
|cant|p2a: Ninetales|par
|
|-weather|SunnyDay|[upkeep]
|upkeep
|turn|3
|
|t:|1743850735
|switch|p2a: Walking Wake|Walking Wake|100/100
|-activate|p2a: Walking Wake|ability: Protosynthesis
|-start|p2a: Walking Wake|protosynthesisspe
|move|p1a: 兔指导|Pyro Ball|p2a: Walking Wake
|-resisted|p2a: Walking Wake
|-damage|p2a: Walking Wake|81/100
|
|-weather|SunnyDay|[upkeep]
|upkeep
|turn|4
|inactive|snowball is op has 120 seconds left.
|
|t:|1743850756
|switch|p1a: 神之盾|Alomomola, M|100/100
|move|p2a: Walking Wake|Knock Off|p1a: 神之盾
|-damage|p1a: 神之盾|91/100
|-enditem|p1a: 神之盾|Leftovers|[from] move: Knock Off|[of] p2a: Walking Wake
|
|-weather|SunnyDay|[upkeep]
|upkeep
|turn|5
|inactive|snowball is op has 120 seconds left.
|
|t:|1743850764
|move|p1a: 神之盾|Protect|p1a: 神之盾
|-singleturn|p1a: 神之盾|Protect
|move|p2a: Walking Wake|Draco Meteor|p1a: 神之盾
|-activate|p1a: 神之盾|move: Protect
|
|-weather|SunnyDay|[upkeep]
|upkeep
|turn|6
|
|t:|1743850769
|switch|p1a: 可爱星星大冲撞|Azumarill, M|100/100
|move|p2a: Walking Wake|Draco Meteor|p1a: 可爱星星大冲撞
|-immune|p1a: 可爱星星大冲撞
|
|-weather|SunnyDay|[upkeep]
|upkeep
|turn|7
|
|t:|1743850785
|switch|p1a: 神之盾|Alomomola, M|100/100
|move|p2a: Walking Wake|Flip Turn|p1a: 神之盾
|-resisted|p1a: 神之盾
|-damage|p1a: 神之盾|98/100
|inactive|snowball is op has 120 seconds left.
|
|t:|1743850799
|-end|p2a: Walking Wake|Protosynthesis|[silent]
|switch|p2a: Comfey|Comfey, M|100/100|[from] Flip Turn
|
|-weather|SunnyDay|[upkeep]
|upkeep
|turn|8
|
|t:|1743850810
|move|p2a: Comfey|Growth|p2a: Comfey
|-boost|p2a: Comfey|atk|2
|-boost|p2a: Comfey|spa|2
|move|p1a: 神之盾|Flip Turn|p2a: Comfey
|-damage|p2a: Comfey|91/100
|
|t:|1743850812
|switch|p1a: 兔指导|Cinderace, F, shiny|100/100|[from] Flip Turn
|
|-weather|none
|upkeep
|turn|9
|inactive|snowball is op has 120 seconds left.
|
|t:|1743850850
|switch|p2a: Walking Wake|Walking Wake|81/100
|move|p1a: 兔指导|Pyro Ball|p2a: Walking Wake
|-resisted|p2a: Walking Wake
|-damage|p2a: Walking Wake|68/100
|
|upkeep
|turn|10
|
|t:|1743850856
|move|p1a: 兔指导|U-turn|p2a: Walking Wake
|-start|p1a: 兔指导|typechange|Bug|[from] ability: Libero
|-damage|p2a: Walking Wake|34/100
|
|t:|1743850863
|switch|p1a: 可爱星星大冲撞|Azumarill, M|100/100|[from] U-turn
|move|p2a: Walking Wake|Flip Turn|p1a: 可爱星星大冲撞
|-resisted|p1a: 可爱星星大冲撞
|-damage|p1a: 可爱星星大冲撞|93/100
|inactive|snowball is op has 120 seconds left.
|
|t:|1743850870
|-end|p2a: Walking Wake|Protosynthesis|[silent]
|switch|p2a: Ninetales|Ninetales, F|100/100 par|[from] Flip Turn
|-weather|SunnyDay|[from] ability: Drought|[of] p2a: Ninetales
|
|-weather|SunnyDay|[upkeep]
|upkeep
|turn|11
|
|t:|1743850879
|switch|p2a: Whimsicott|Whimsicott, F|100/100
|switch|p1a: 兔指导|Cinderace, F, shiny|100/100
|
|-weather|SunnyDay|[upkeep]
|upkeep
|turn|12
|inactive|snowball is op has 120 seconds left.
|
|t:|1743850902
|switch|p2a: Walking Wake|Walking Wake|34/100
|-activate|p2a: Walking Wake|ability: Protosynthesis
|-start|p2a: Walking Wake|protosynthesisspe
|move|p1a: 兔指导|Pyro Ball|p2a: Walking Wake
|-resisted|p2a: Walking Wake
|-damage|p2a: Walking Wake|13/100
|
|-weather|SunnyDay|[upkeep]
|upkeep
|turn|13
|inactive|snowball is op has 120 seconds left.
|
|t:|1743850910
|move|p1a: 兔指导|Sucker Punch|p2a: Walking Wake
|-start|p1a: 兔指导|typechange|Dark|[from] ability: Libero
|-damage|p2a: Walking Wake|0 fnt
|faint|p2a: Walking Wake
|-end|p2a: Walking Wake|Protosynthesis|[silent]
|
|-weather|SunnyDay|[upkeep]
|upkeep
|inactive|snowball is op has 120 seconds left.
|
|t:|1743850933
|switch|p2a: Comfey|Comfey, M|91/100
|turn|14
|
|t:|1743850951
|-terastallize|p1a: 兔指导|Fire
|move|p1a: 兔指导|Pyro Ball|p2a: Comfey
|-damage|p2a: Comfey|0 fnt
|faint|p2a: Comfey
|
|-weather|SunnyDay|[upkeep]
|upkeep
|-message|snowball is op forfeited.
|
|win|fl132
|raw|fl132's rating: 1331 &rarr; <strong>1352</strong><br />(+21 for winning)
|raw|snowball is op's rating: 1348 &rarr; <strong>1327</strong><br />(-21 for losing)
|l|☆snowball is op
|player|p2|
|l|☆fl132
|player|p1|
