|j|☆RockPaperScisors
|j|☆gguidi
|t:|1743830246
|gametype|singles
|player|p1|RockPaperScisors|hiker-gen4|1218
|player|p2|gguidi|iris-gen5bw2|1272
|teamsize|p1|6
|teamsize|p2|6
|gen|9
|tier|[Gen 9] OU
|rated|
|rule|HP Percentage Mod: HP is shown in percentages
|rule|Endless Battle Clause: Forcing endless battles is banned
|rule|Species Clause: Limit one of each Pokémon
|rule|OHKO Clause: OHKO moves are banned
|rule|Evasion Items Clause: Evasion items are banned
|rule|Evasion Moves Clause: Evasion moves are banned
|rule|Sleep Moves Clause: Sleep-inducing moves are banned
|clearpoke
|poke|p1|Primarina, M|
|poke|p1|Glimmora, F|
|poke|p1|Ogerpon-Wellspring, F|
|poke|p1|Iron Moth|
|poke|p1|Pikachu, F|
|poke|p1|Gliscor, F|
|poke|p2|Araquanid, F|
|poke|p2|Cinderace, F|
|poke|p2|Ninetales-Alola, F|
|poke|p2|Serperior, F|
|poke|p2|Iron Valiant|
|poke|p2|Glimmora, F|
|teampreview
|inactive|Battle timer is ON: inactive players will automatically lose when time's up. (requested by gguidi)
|
|t:|1743830268
|start
|switch|p1a: Pikachu|Pikachu, F|100/100
|switch|p2a: skibidi web|Araquanid, F|100/100
|turn|1
|
|t:|1743830284
|move|p1a: Pikachu|Nasty Plot|p1a: Pikachu
|-boost|p1a: Pikachu|spa|2
|move|p2a: skibidi web|Sticky Web|p1a: Pikachu
|-sidestart|p1: RockPaperScisors|move: Sticky Web
|
|upkeep
|turn|2
|
|t:|1743830294
|move|p2a: skibidi web|Endure|p2a: skibidi web
|-singleturn|p2a: skibidi web|move: Endure
|move|p1a: Pikachu|Thunderbolt|p2a: skibidi web
|-supereffective|p2a: skibidi web
|-activate|p2a: skibidi web|move: Endure
|-damage|p2a: skibidi web|1/100
|
|upkeep
|turn|3
|-enditem|p2a: skibidi web|Custap Berry|[eat]
|-activate|p2a: skibidi web|item: Custap Berry|[consumed]
|
|t:|1743830310
|move|p2a: skibidi web|Endeavor|p1a: Pikachu
|-damage|p1a: Pikachu|1/100
|move|p1a: Pikachu|Agility|p1a: Pikachu
|-boost|p1a: Pikachu|spe|2
|
|upkeep
|turn|4
|
|t:|1743830327
|move|p1a: Pikachu|Thunderbolt|p2a: skibidi web
|-supereffective|p2a: skibidi web
|-damage|p2a: skibidi web|0 fnt
|faint|p2a: skibidi web
|
|upkeep
|
|t:|1743830337
|switch|p2a: camilla|Ninetales-Alola, F|100/100
|-weather|Snowscape|[from] ability: Snow Warning|[of] p2a: camilla
|turn|5
|
|t:|1743830346
|move|p1a: Pikachu|Thunderbolt|p2a: camilla
|-damage|p2a: camilla|0 fnt
|faint|p2a: camilla
|
|-weather|Snowscape|[upkeep]
|upkeep
|
|t:|1743830362
|switch|p2a: alice|Iron Valiant|100/100
|-enditem|p2a: alice|Booster Energy
|-activate|p2a: alice|ability: Quark Drive|[fromitem]
|-start|p2a: alice|quarkdrivespe
|turn|6
|
|t:|1743830377
|move|p1a: Pikachu|Thunderbolt|p2a: alice
|-damage|p2a: alice|0 fnt
|faint|p2a: alice
|-end|p2a: alice|Quark Drive|[silent]
|
|-weather|Snowscape|[upkeep]
|upkeep
|inactive|gguidi has 120 seconds left.
|
|t:|1743830403
|switch|p2a: canetti|Serperior, F|100/100
|turn|7
|
|t:|1743830420
|-terastallize|p1a: Pikachu|Fairy
|move|p1a: Pikachu|Alluring Voice|p2a: canetti
|-damage|p2a: canetti|0 fnt
|faint|p2a: canetti
|
|-weather|Snowscape|[upkeep]
|upkeep
|inactive|gguidi has 120 seconds left.
|
|t:|1743830440
|switch|p2a: lama del rey|Glimmora, F|100/100
|turn|8
|-message|gguidi forfeited.
|
|win|RockPaperScisors
|raw|RockPaperScisors's rating: 1218 &rarr; <strong>1247</strong><br />(+29 for winning)
|raw|gguidi's rating: 1272 &rarr; <strong>1243</strong><br />(-29 for losing)
|l|☆gguidi
|player|p2|
|l|☆RockPaperScisors
|player|p1|
