|j|☆xxholderoftehhaxxx
|j|☆en llamas
|t:|1743874587
|gametype|singles
|player|p1|xxholderoftehhaxxx|harlequin|1492
|player|p2|en llamas|170|1485
|teamsize|p1|6
|teamsize|p2|6
|gen|9
|tier|[Gen 9] OU
|rated|
|rule|HP Percentage Mod: HP is shown in percentages
|rule|Endless Battle Clause: Forcing endless battles is banned
|rule|Species Clause: Limit one of each Pokémon
|rule|OHKO Clause: OHKO moves are banned
|rule|Evasion Items Clause: Evasion items are banned
|rule|Evasion Moves Clause: Evasion moves are banned
|rule|Sleep Moves Clause: Sleep-inducing moves are banned
|clearpoke
|poke|p1|Electrode-Hisui|
|poke|p1|Alomomola, F|
|poke|p1|Tornadus-Therian, M|
|poke|p1|Raging Bolt|
|poke|p1|Meowscarada, M|
|poke|p1|Cetitan, M|
|poke|p2|Kyurem|
|poke|p2|Great Tusk|
|poke|p2|Slowking-Galar, M|
|poke|p2|Corviknight, F|
|poke|p2|Kingambit, F|
|poke|p2|Dragapult, M|
|teampreview
|inactive|Battle timer is ON: inactive players will automatically lose when time's up. (requested by xxholderoftehhaxxx)
|
|t:|1743874610
|start
|switch|p1a: Electrode|Electrode-Hisui|100/100
|switch|p2a: Dragapult|Dragapult, M|100/100
|turn|1
|
|t:|1743874617
|move|p1a: Electrode|Foul Play|p2a: Dragapult
|-supereffective|p2a: Dragapult
|-damage|p2a: Dragapult|3/100
|-damage|p1a: Electrode|91/100|[from] item: Life Orb
|move|p2a: Dragapult|Dragon Darts|p1a: Electrode
|-damage|p1a: Electrode|29/100
|-anim|p2a: Dragapult|Dragon Darts|p1a: Electrode
|-damage|p1a: Electrode|0 fnt
|faint|p1a: Electrode
|
|upkeep
|
|t:|1743874623
|switch|p1a: Cetitan|Cetitan, M|100/100
|turn|2
|
|t:|1743874630
|switch|p2a: Corviknight|Corviknight, F|100/100
|-ability|p2a: Corviknight|Pressure
|move|p1a: Cetitan|Ice Shard|p2a: Corviknight
|-damage|p2a: Corviknight|86/100
|
|upkeep
|turn|3
|
|t:|1743874633
|switch|p1a: Raging Bolt|Raging Bolt|100/100
|move|p2a: Corviknight|U-turn|p1a: Raging Bolt
|-damage|p1a: Raging Bolt|90/100
|
|t:|1743874640
|switch|p2a: Slowking|Slowking-Galar, M|100/100|[from] U-turn
|
|upkeep
|turn|4
|
|t:|1743874643
|move|p1a: Raging Bolt|Draco Meteor|p2a: Slowking
|-damage|p2a: Slowking|28/100
|-unboost|p1a: Raging Bolt|spa|2
|move|p2a: Slowking|Toxic Spikes|p1a: Raging Bolt
|-sidestart|p1: xxholderoftehhaxxx|move: Toxic Spikes
|
|upkeep
|turn|5
|
|t:|1743874647
|switch|p2a: Kingambit|Kingambit, F|100/100
|move|p1a: Raging Bolt|Draco Meteor|p2a: Kingambit
|-resisted|p2a: Kingambit
|-damage|p2a: Kingambit|72/100
|-unboost|p1a: Raging Bolt|spa|2
|
|-heal|p2a: Kingambit|78/100|[from] item: Leftovers
|upkeep
|turn|6
|
|t:|1743874653
|-end|p1a: Raging Bolt|Protosynthesis|[silent]
|switch|p1a: Tornadus|Tornadus-Therian, M|100/100
|move|p2a: Kingambit|Swords Dance|p2a: Kingambit
|-boost|p2a: Kingambit|atk|2
|
|-heal|p2a: Kingambit|85/100|[from] item: Leftovers
|upkeep
|turn|7
|
|t:|1743874656
|move|p2a: Kingambit|Sucker Punch|p1a: Tornadus
|-damage|p1a: Tornadus|3/100
|move|p1a: Tornadus|Hammer Arm|p2a: Kingambit
|-supereffective|p2a: Kingambit
|-damage|p2a: Kingambit|0 fnt
|-unboost|p1a: Tornadus|spe|1
|faint|p2a: Kingambit
|-end|p2a: Kingambit|fallenundefined|[silent]
|
|upkeep
|
|t:|1743874661
|switch|p2a: Dragapult|Dragapult, M|3/100
|turn|8
|
|t:|1743874666
|switch|p1a: Alomomola|Alomomola, F|100/100
|-status|p1a: Alomomola|psn
|move|p2a: Dragapult|Dragon Darts|p1a: Alomomola
|-damage|p1a: Alomomola|79/100 psn
|-anim|p2a: Dragapult|Dragon Darts|p1a: Alomomola
|-damage|p1a: Alomomola|58/100 psn
|
|-damage|p1a: Alomomola|46/100 psn|[from] psn
|upkeep
|turn|9
|
|t:|1743874670
|move|p2a: Dragapult|Dragon Darts|p1a: Alomomola
|-damage|p1a: Alomomola|26/100 psn
|-anim|p2a: Dragapult|Dragon Darts|p1a: Alomomola
|-damage|p1a: Alomomola|5/100 psn
|move|p1a: Alomomola|Flip Turn|p2a: Dragapult
|-resisted|p2a: Dragapult
|-damage|p2a: Dragapult|0 fnt
|faint|p2a: Dragapult
|
|t:|1743874675
|switch|p1a: Tornadus|Tornadus-Therian, M|36/100|[from] Flip Turn
|
|upkeep
|
|t:|1743874682
|switch|p2a: Kyurem|Kyurem|100/100
|-ability|p2a: Kyurem|Pressure
|turn|10
|
|t:|1743874689
|-terastallize|p1a: Tornadus|Steel
|move|p2a: Kyurem|Freeze-Dry|p1a: Tornadus
|-resisted|p1a: Tornadus
|-damage|p1a: Tornadus|12/100
|move|p1a: Tornadus|Knock Off|p2a: Kyurem
|-damage|p2a: Kyurem|72/100
|-enditem|p2a: Kyurem|Leftovers|[from] move: Knock Off|[of] p1a: Tornadus
|
|upkeep
|turn|11
|
|t:|1743874700
|switch|p1a: Cetitan|Cetitan, M|100/100
|-status|p1a: Cetitan|psn
|move|p2a: Kyurem|Freeze-Dry|p1a: Cetitan
|-resisted|p1a: Cetitan
|-damage|p1a: Cetitan|95/100 psn
|
|-damage|p1a: Cetitan|83/100 psn|[from] psn
|upkeep
|turn|12
|
|t:|1743874704
|switch|p2a: Corviknight|Corviknight, F|86/100
|-ability|p2a: Corviknight|Pressure
|move|p1a: Cetitan|Avalanche|p2a: Corviknight
|-damage|p2a: Corviknight|67/100
|-damage|p1a: Cetitan|66/100 psn|[from] item: Rocky Helmet|[of] p2a: Corviknight
|
|-damage|p1a: Cetitan|54/100 psn|[from] psn
|upkeep
|turn|13
|
|t:|1743874711
|switch|p1a: Tornadus|Tornadus-Therian, M, tera:Steel|45/100
|move|p2a: Corviknight|Roost|p2a: Corviknight
|-heal|p2a: Corviknight|100/100
|-singleturn|p2a: Corviknight|move: Roost
|
|upkeep
|turn|14
|
|t:|1743874714
|move|p1a: Tornadus|Knock Off|p2a: Corviknight
|-damage|p2a: Corviknight|79/100
|-damage|p1a: Tornadus|29/100|[from] item: Rocky Helmet|[of] p2a: Corviknight
|-enditem|p2a: Corviknight|Rocky Helmet|[from] move: Knock Off|[of] p1a: Tornadus
|move|p2a: Corviknight|Body Press|p1a: Tornadus
|-supereffective|p1a: Tornadus
|-damage|p1a: Tornadus|0 fnt
|faint|p1a: Tornadus
|
|upkeep
|
|t:|1743874718
|switch|p1a: Alomomola|Alomomola, F|39/100 psn
|turn|15
|
|t:|1743874725
|move|p2a: Corviknight|U-turn|p1a: Alomomola
|-damage|p1a: Alomomola|30/100 psn
|-damage|p2a: Corviknight|62/100|[from] item: Rocky Helmet|[of] p1a: Alomomola
|
|t:|1743874729
|switch|p2a: Kyurem|Kyurem|72/100|[from] U-turn
|-ability|p2a: Kyurem|Pressure
|move|p1a: Alomomola|Wish|p1a: Alomomola
|
|-damage|p1a: Alomomola|18/100 psn|[from] psn
|upkeep
|turn|16
|
|t:|1743874734
|switch|p1a: Cetitan|Cetitan, M|54/100 psn
|move|p2a: Kyurem|Substitute|p2a: Kyurem
|-start|p2a: Kyurem|Substitute
|-damage|p2a: Kyurem|47/100
|
|-heal|p1a: Cetitan|100/100 psn|[from] move: Wish|[wisher] Alomomola
|-damage|p1a: Cetitan|88/100 psn|[from] psn
|upkeep
|turn|17
|
|t:|1743874738
|move|p2a: Kyurem|Protect|p2a: Kyurem
|-singleturn|p2a: Kyurem|Protect
|move|p1a: Cetitan|Avalanche|p2a: Kyurem
|-activate|p2a: Kyurem|move: Protect
|
|-damage|p1a: Cetitan|76/100 psn|[from] psn
|upkeep
|turn|18
|
|t:|1743874741
|move|p2a: Kyurem|Earth Power|p1a: Cetitan
|-damage|p1a: Cetitan|58/100 psn
|move|p1a: Cetitan|Avalanche|p2a: Kyurem
|-end|p2a: Kyurem|Substitute
|
|-damage|p1a: Cetitan|45/100 psn|[from] psn
|upkeep
|turn|19
|
|t:|1743874749
|move|p2a: Kyurem|Protect|p2a: Kyurem
|-singleturn|p2a: Kyurem|Protect
|move|p1a: Cetitan|Heavy Slam|p2a: Kyurem
|-activate|p2a: Kyurem|move: Protect
|
|-damage|p1a: Cetitan|33/100 psn|[from] psn
|upkeep
|turn|20
|
|t:|1743874760
|move|p1a: Cetitan|Ice Shard|p2a: Kyurem
|-damage|p2a: Kyurem|26/100
|move|p2a: Kyurem|Substitute|p2a: Kyurem
|-start|p2a: Kyurem|Substitute
|-damage|p2a: Kyurem|2/100
|
|-damage|p1a: Cetitan|20/100 psn|[from] psn
|upkeep
|turn|21
|
|t:|1743874763
|move|p2a: Kyurem|Protect|p2a: Kyurem
|-singleturn|p2a: Kyurem|Protect
|move|p1a: Cetitan|Ice Shard|p2a: Kyurem
|-activate|p2a: Kyurem|move: Protect
|
|-damage|p1a: Cetitan|8/100 psn|[from] psn
|upkeep
|turn|22
|
|t:|1743874768
|move|p1a: Cetitan|Ice Shard|p2a: Kyurem
|-activate|p2a: Kyurem|move: Substitute|[damage]
|move|p2a: Kyurem|Freeze-Dry|p1a: Cetitan
|-resisted|p1a: Cetitan
|-damage|p1a: Cetitan|3/100 psn
|
|-damage|p1a: Cetitan|0 fnt|[from] psn
|faint|p1a: Cetitan
|upkeep
|
|t:|1743874781
|switch|p1a: Meowscarada|Meowscarada, M|100/100
|-status|p1a: Meowscarada|psn
|turn|23
|
|t:|1743874785
|move|p2a: Kyurem|Protect|p2a: Kyurem
|-singleturn|p2a: Kyurem|Protect
|move|p1a: Meowscarada|U-turn|p2a: Kyurem
|-start|p1a: Meowscarada|typechange|Bug|[from] ability: Protean
|-activate|p2a: Kyurem|move: Protect
|
|-damage|p1a: Meowscarada|88/100 psn|[from] psn
|upkeep
|turn|24
|
|t:|1743874793
|move|p1a: Meowscarada|U-turn|p2a: Kyurem
|-end|p2a: Kyurem|Substitute
|
|t:|1743874795
|switch|p1a: Alomomola|Alomomola, F|51/100 psn|[from] U-turn
|move|p2a: Kyurem|Freeze-Dry|p1a: Alomomola
|-supereffective|p1a: Alomomola
|-damage|p1a: Alomomola|0 fnt
|faint|p1a: Alomomola
|
|upkeep
|
|t:|1743874797
|switch|p1a: Meowscarada|Meowscarada, M|88/100 psn
|turn|25
|
|t:|1743874801
|move|p2a: Kyurem|Protect|p2a: Kyurem
|-singleturn|p2a: Kyurem|Protect
|move|p1a: Meowscarada|U-turn|p2a: Kyurem
|-start|p1a: Meowscarada|typechange|Bug|[from] ability: Protean
|-activate|p2a: Kyurem|move: Protect
|
|-damage|p1a: Meowscarada|76/100 psn|[from] psn
|upkeep
|turn|26
|
|t:|1743874808
|move|p1a: Meowscarada|U-turn|p2a: Kyurem
|-damage|p2a: Kyurem|0 fnt
|faint|p2a: Kyurem
|
|t:|1743874809
|switch|p1a: Raging Bolt|Raging Bolt|90/100|[from] U-turn
|-status|p1a: Raging Bolt|psn
|
|-damage|p1a: Raging Bolt|78/100 psn|[from] psn
|upkeep
|
|t:|1743874820
|switch|p2a: Great Tusk|Great Tusk|100/100
|turn|27
|
|t:|1743874823
|-end|p1a: Raging Bolt|Protosynthesis|[silent]
|switch|p1a: Meowscarada|Meowscarada, M|76/100 psn
|move|p2a: Great Tusk|Headlong Rush|p1a: Meowscarada
|-resisted|p1a: Meowscarada
|-damage|p1a: Meowscarada|32/100 psn
|-unboost|p2a: Great Tusk|def|1
|-unboost|p2a: Great Tusk|spd|1
|
|-damage|p1a: Meowscarada|20/100 psn|[from] psn
|upkeep
|turn|28
|
|t:|1743874827
|-end|p2a: Great Tusk|Protosynthesis|[silent]
|switch|p2a: Corviknight|Corviknight, F|62/100
|-ability|p2a: Corviknight|Pressure
|move|p1a: Meowscarada|Triple Axel|p2a: Corviknight
|-start|p1a: Meowscarada|typechange|Ice|[from] ability: Protean
|-damage|p2a: Corviknight|56/100
|-damage|p2a: Corviknight|44/100
|-damage|p2a: Corviknight|26/100
|-hitcount|p2a: Corviknight|3
|
|-damage|p1a: Meowscarada|7/100 psn|[from] psn
|upkeep
|turn|29
|
|t:|1743874835
|switch|p1a: Raging Bolt|Raging Bolt|78/100 psn
|move|p2a: Corviknight|Roost|p2a: Corviknight
|-heal|p2a: Corviknight|77/100
|-singleturn|p2a: Corviknight|move: Roost
|
|-damage|p1a: Raging Bolt|66/100 psn|[from] psn
|upkeep
|turn|30
|
|t:|1743874847
|switch|p2a: Slowking|Slowking-Galar, M|61/100
|move|p1a: Raging Bolt|Draco Meteor|p2a: Slowking|[miss]
|-miss|p1a: Raging Bolt|p2a: Slowking
|
|-damage|p1a: Raging Bolt|53/100 psn|[from] psn
|upkeep
|turn|31
|
|t:|1743874850
|move|p1a: Raging Bolt|Draco Meteor|p2a: Slowking
|-damage|p2a: Slowking|0 fnt
|-unboost|p1a: Raging Bolt|spa|2
|faint|p2a: Slowking
|
|-damage|p1a: Raging Bolt|41/100 psn|[from] psn
|upkeep
|
|t:|1743874853
|switch|p2a: Great Tusk|Great Tusk|100/100
|turn|32
|
|t:|1743874858
|move|p2a: Great Tusk|Headlong Rush|p1a: Raging Bolt
|-supereffective|p1a: Raging Bolt
|-damage|p1a: Raging Bolt|0 fnt
|-unboost|p2a: Great Tusk|def|1
|-unboost|p2a: Great Tusk|spd|1
|faint|p1a: Raging Bolt
|-end|p1a: Raging Bolt|Protosynthesis|[silent]
|
|upkeep
|
|t:|1743874859
|switch|p1a: Meowscarada|Meowscarada, M|7/100 psn
|turn|33
|
|t:|1743874864
|move|p1a: Meowscarada|Triple Axel|p2a: Great Tusk
|-start|p1a: Meowscarada|typechange|Ice|[from] ability: Protean
|-supereffective|p2a: Great Tusk
|-damage|p2a: Great Tusk|82/100
|-damage|p1a: Meowscarada|0 fnt|[from] item: Rocky Helmet|[of] p2a: Great Tusk
|faint|p1a: Meowscarada
|
|win|en llamas
|-hitcount|p2a: Great Tusk|1
|raw|xxholderoftehhaxxx's rating: 1492 &rarr; <strong>1473</strong><br />(-19 for losing)
|raw|en llamas's rating: 1506 &rarr; <strong>1525</strong><br />(+19 for winning)
|l|☆xxholderoftehhaxxx
|player|p1|
|l|☆en llamas
|player|p2|
