|j|☆aaosu
|j|☆youinjks
|t:|1743858287
|gametype|singles
|player|p1|aaosu|cynthia-gen4|1101
|player|p2|youinjks|ash-unova|1101
|teamsize|p1|6
|teamsize|p2|6
|gen|9
|tier|[Gen 9] OU
|rated|
|rule|HP Percentage Mod: HP is shown in percentages
|rule|Endless Battle Clause: Forcing endless battles is banned
|rule|Species Clause: Limit one of each Pokémon
|rule|OHKO Clause: OHKO moves are banned
|rule|Evasion Items Clause: Evasion items are banned
|rule|Evasion Moves Clause: Evasion moves are banned
|rule|Sleep Moves Clause: Sleep-inducing moves are banned
|clearpoke
|poke|p1|Manaphy|
|poke|p1|Pelipper, F|
|poke|p1|Kingdra, F|
|poke|p1|Scizor, M|
|poke|p1|Ludicolo, F|
|poke|p1|Zapdos|
|poke|p2|Pikachu-World, M|
|poke|p2|Pelipper, M|
|poke|p2|Zapdos|
|poke|p2|Dragapult, M|
|poke|p2|Blaziken, F|
|poke|p2|Great Tusk|
|teampreview
|inactive|Battle timer is ON: inactive players will automatically lose when time's up. (requested by youinjks)
|
|t:|1743858298
|start
|switch|p1a: Pelipper|Pelipper, F|100/100
|switch|p2a: Pikachu|Pikachu-World, M|100/100
|-weather|RainDance|[from] ability: Drizzle|[of] p1a: Pelipper
|turn|1
|
|t:|1743858325
|switch|p1a: Ludicolo|Ludicolo, F|100/100
|move|p2a: Pikachu|Thunder|p1a: Ludicolo
|-damage|p1a: Ludicolo|28/100
|
|-weather|RainDance|[upkeep]
|upkeep
|turn|2
|inactive|youinjks has 120 seconds left.
|
|t:|1743858346
|switch|p2a: Pelipper|Pelipper, M|100/100
|move|p1a: Ludicolo|Giga Drain|p2a: Pelipper
|-damage|p2a: Pelipper|41/100
|-heal|p1a: Ludicolo|58/100|[from] drain|[of] p2a: Pelipper
|-damage|p1a: Ludicolo|48/100|[from] item: Life Orb
|
|-weather|RainDance|[upkeep]
|upkeep
|turn|3
|
|t:|1743858360
|switch|p2a: Zapdos|Zapdos|100/100
|move|p1a: Ludicolo|Giga Drain|p2a: Zapdos
|-resisted|p2a: Zapdos
|-damage|p2a: Zapdos|80/100
|-heal|p1a: Ludicolo|60/100|[from] drain|[of] p2a: Zapdos
|-damage|p1a: Ludicolo|50/100|[from] item: Life Orb
|
|-weather|RainDance|[upkeep]
|upkeep
|turn|4
|inactive|aaosu has 120 seconds left.
|
|t:|1743858394
|switch|p1a: Scizor|Scizor, M|100/100
|move|p2a: Zapdos|Hurricane|p1a: Scizor
|-damage|p1a: Scizor|44/100
|
|-weather|RainDance|[upkeep]
|upkeep
|turn|5
|inactive|youinjks has 120 seconds left.
|
|t:|1743858418
|move|p1a: Scizor|Bullet Punch|p2a: Zapdos
|-resisted|p2a: Zapdos
|-damage|p2a: Zapdos|63/100
|-status|p1a: Scizor|par|[from] ability: Static|[of] p2a: Zapdos
|-damage|p1a: Scizor|35/100 par|[from] item: Life Orb
|move|p2a: Zapdos|Hurricane|p1a: Scizor
|-damage|p1a: Scizor|0 fnt
|faint|p1a: Scizor
|
|-weather|RainDance|[upkeep]
|upkeep
|
|t:|1743858432
|switch|p1a: Kingdra|Kingdra, F|100/100
|turn|6
|inactive|aaosu has 90 seconds left.
|inactive|youinjks has 120 seconds left.
|
|t:|1743858475
|move|p1a: Kingdra|Ice Beam|p2a: Zapdos
|-supereffective|p2a: Zapdos
|-damage|p2a: Zapdos|11/100
|move|p2a: Zapdos|Volt Switch|p1a: Kingdra
|-damage|p1a: Kingdra|61/100
|inactive|youinjks has 120 seconds left.
|
|t:|1743858497
|switch|p2a: Great Tusk|Great Tusk|100/100|[from] Volt Switch
|
|-weather|RainDance|[upkeep]
|upkeep
|turn|7
|inactive|aaosu has 60 seconds left.
|
|t:|1743858535
|-terastallize|p2a: Great Tusk|Steel
|move|p1a: Kingdra|Surf|p2a: Great Tusk
|-damage|p2a: Great Tusk|4/100
|move|p2a: Great Tusk|Headlong Rush|p1a: Kingdra
|-damage|p1a: Kingdra|0 fnt
|-unboost|p2a: Great Tusk|def|1
|-unboost|p2a: Great Tusk|spd|1
|faint|p1a: Kingdra
|
|-weather|RainDance|[upkeep]
|upkeep
|
|t:|1743858555
|switch|p1a: Ludicolo|Ludicolo, F|50/100
|turn|8
|
|t:|1743858561
|move|p1a: Ludicolo|Giga Drain|p2a: Great Tusk
|-resisted|p2a: Great Tusk
|-damage|p2a: Great Tusk|0 fnt
|-heal|p1a: Ludicolo|53/100|[from] drain|[of] p2a: Great Tusk
|faint|p2a: Great Tusk
|-end|p2a: Great Tusk|Protosynthesis|[silent]
|-damage|p1a: Ludicolo|43/100|[from] item: Life Orb
|
|-weather|none
|upkeep
|inactive|youinjks has 120 seconds left.
|
|t:|1743858574
|switch|p2a: Blaziken|Blaziken, F|100/100
|turn|9
|inactive|aaosu has 60 seconds left.
|inactive|youinjks has 120 seconds left.
|
|t:|1743858584
|switch|p1a: Pelipper|Pelipper, F|100/100
|-weather|RainDance|[from] ability: Drizzle|[of] p1a: Pelipper
|move|p2a: Blaziken|Swords Dance|p2a: Blaziken
|-boost|p2a: Blaziken|atk|2
|
|-weather|RainDance|[upkeep]
|-ability|p2a: Blaziken|Speed Boost|boost
|-boost|p2a: Blaziken|spe|1
|upkeep
|turn|10
|inactive|youinjks has 120 seconds left.
|inactive|aaosu has 60 seconds left.
|
|t:|1743858596
|move|p2a: Blaziken|Flare Blitz|p1a: Pelipper
|-resisted|p1a: Pelipper
|-damage|p1a: Pelipper|66/100
|-damage|p2a: Blaziken|88/100|[from] Recoil
|-damage|p2a: Blaziken|78/100|[from] item: Life Orb
|move|p1a: Pelipper|Surf|p2a: Blaziken
|-supereffective|p2a: Blaziken
|-damage|p2a: Blaziken|0 fnt
|faint|p2a: Blaziken
|
|-weather|RainDance|[upkeep]
|upkeep
|
|t:|1743858603
|switch|p2a: Pikachu|Pikachu-World, M|100/100
|turn|11
|inactive|youinjks has 120 seconds left.
|
|t:|1743858613
|switch|p1a: Zapdos|Zapdos|100/100
|move|p2a: Pikachu|Thunder|p1a: Zapdos
|-damage|p1a: Zapdos|29/100
|
|-weather|RainDance|[upkeep]
|upkeep
|turn|12
|inactive|youinjks has 120 seconds left.
|
|t:|1743858628
|move|p1a: Zapdos|Heat Wave|p2a: Pikachu
|-damage|p2a: Pikachu|58/100
|move|p2a: Pikachu|Thunder|p1a: Zapdos
|-damage|p1a: Zapdos|0 fnt
|faint|p1a: Zapdos
|
|-weather|RainDance|[upkeep]
|upkeep
|
|t:|1743858640
|switch|p1a: Ludicolo|Ludicolo, F|43/100
|turn|13
|
|t:|1743858648
|switch|p2a: Zapdos|Zapdos|11/100
|move|p1a: Ludicolo|Giga Drain|p2a: Zapdos
|-resisted|p2a: Zapdos
|-damage|p2a: Zapdos|0 fnt
|-heal|p1a: Ludicolo|49/100|[from] drain|[of] p2a: Zapdos
|faint|p2a: Zapdos
|-damage|p1a: Ludicolo|39/100|[from] item: Life Orb
|
|-weather|RainDance|[upkeep]
|upkeep
|
|t:|1743858653
|switch|p2a: Pikachu|Pikachu-World, M|58/100
|turn|14
|
|t:|1743858661
|move|p2a: Pikachu|Fake Out|p1a: Ludicolo
|-damage|p1a: Ludicolo|25/100
|cant|p1a: Ludicolo|flinch
|
|-weather|RainDance|[upkeep]
|upkeep
|turn|15
|
|t:|1743858673
|switch|p2a: Pelipper|Pelipper, M|41/100
|move|p1a: Ludicolo|Giga Drain|p2a: Pelipper
|-damage|p2a: Pelipper|0 fnt
|-heal|p1a: Ludicolo|45/100|[from] drain|[of] p2a: Pelipper
|faint|p2a: Pelipper
|-damage|p1a: Ludicolo|35/100|[from] item: Life Orb
|
|-weather|RainDance|[upkeep]
|upkeep
|
|t:|1743858677
|switch|p2a: Dragapult|Dragapult, M|100/100
|turn|16
|inactive|aaosu has 90 seconds left.
|
|t:|1743858707
|switch|p1a: Manaphy|Manaphy|100/100
|move|p2a: Dragapult|U-turn|p1a: Manaphy
|-damage|p1a: Manaphy|84/100
|
|t:|1743858712
|switch|p2a: Pikachu|Pikachu-World, M|58/100|[from] U-turn
|
|-weather|none
|upkeep
|turn|17
|inactive|aaosu has 60 seconds left.
|
|t:|1743858753
|move|p2a: Pikachu|Fake Out|p1a: Manaphy
|-damage|p1a: Manaphy|73/100
|cant|p1a: Manaphy|flinch
|
|upkeep
|turn|18
|inactive|aaosu has 60 seconds left.
|
|t:|1743858759
|switch|p2a: Dragapult|Dragapult, M|100/100
|move|p1a: Manaphy|Ice Beam|p2a: Dragapult
|-supereffective|p2a: Dragapult
|-damage|p2a: Dragapult|25/100
|
|upkeep
|turn|19
|
|t:|1743858768
|move|p2a: Dragapult|Draco Meteor|p1a: Manaphy
|-damage|p1a: Manaphy|0 fnt
|-unboost|p2a: Dragapult|spa|2
|faint|p1a: Manaphy
|
|upkeep
|
|t:|1743858775
|switch|p1a: Pelipper|Pelipper, F|66/100
|-weather|RainDance|[from] ability: Drizzle|[of] p1a: Pelipper
|turn|20
|
|t:|1743858783
|move|p2a: Dragapult|Draco Meteor|p1a: Pelipper
|-damage|p1a: Pelipper|20/100
|-unboost|p2a: Dragapult|spa|2
|move|p1a: Pelipper|Knock Off|p2a: Dragapult
|-supereffective|p2a: Dragapult
|-damage|p2a: Dragapult|0 fnt
|-enditem|p2a: Dragapult|Choice Specs|[from] move: Knock Off|[of] p1a: Pelipper
|faint|p2a: Dragapult
|
|-weather|RainDance|[upkeep]
|upkeep
|
|t:|1743858789
|switch|p2a: Pikachu|Pikachu-World, M|58/100
|turn|21
|
|t:|1743858799
|move|p2a: Pikachu|Thunder|p1a: Pelipper
|-supereffective|p1a: Pelipper
|-damage|p1a: Pelipper|0 fnt
|faint|p1a: Pelipper
|
|-weather|RainDance|[upkeep]
|upkeep
|
|t:|1743858806
|switch|p1a: Ludicolo|Ludicolo, F|35/100
|turn|22
|
|t:|1743858811
|move|p1a: Ludicolo|Giga Drain|p2a: Pikachu
|-damage|p2a: Pikachu|0 fnt
|-heal|p1a: Ludicolo|54/100|[from] drain|[of] p2a: Pikachu
|faint|p2a: Pikachu
|-damage|p1a: Ludicolo|44/100|[from] item: Life Orb
|
|win|aaosu
|raw|aaosu's rating: 1101 &rarr; <strong>1126</strong><br />(+25 for winning)
|raw|youinjks's rating: 1101 &rarr; <strong>1076</strong><br />(-25 for losing)
|l|☆aaosu
|player|p1|
|l|☆youinjks
|player|p2|
|j|☆aaosu
|player|p1|aaosu|cynthia-gen4|
