|j|☆Avenged7mold
|j|☆BananaOnToast
|t:|1743807138
|gametype|singles
|player|p1|Avenged7mold|iris-gen5bw2|1471
|player|p2|BananaOnToast|102|1447
|teamsize|p1|6
|teamsize|p2|6
|gen|9
|tier|[Gen 9] OU
|rated|
|rule|HP Percentage Mod: HP is shown in percentages
|rule|Endless Battle Clause: Forcing endless battles is banned
|rule|Species Clause: Limit one of each Pokémon
|rule|OHKO Clause: OHKO moves are banned
|rule|Evasion Items Clause: Evasion items are banned
|rule|Evasion Moves Clause: Evasion moves are banned
|rule|Sleep Moves Clause: Sleep-inducing moves are banned
|clearpoke
|poke|p1|Kyurem|
|poke|p1|Corviknight, M|
|poke|p1|Ting-Lu|
|poke|p1|Tinkaton, F|
|poke|p1|Sinistcha|
|poke|p1|Keldeo-Resolute|
|poke|p2|Meowscarada, M|
|poke|p2|Landorus-Therian, M|
|poke|p2|Garganacl, M|
|poke|p2|Walking Wake|
|poke|p2|Rotom-Wash|
|poke|p2|Cinderace, F|
|teampreview
|inactive|Battle timer is ON: inactive players will automatically lose when time's up. (requested by Avenged7mold)
|
|t:|1743807157
|start
|switch|p1a: Keldeo|Keldeo-Resolute|100/100
|switch|p2a: Rotom|Rotom-Wash|100/100
|turn|1
|
|t:|1743807164
|-terastallize|p1a: Keldeo|Fighting
|move|p1a: Keldeo|Secret Sword|p2a: Rotom
|-damage|p2a: Rotom|41/100
|move|p2a: Rotom|Volt Switch|p1a: Keldeo
|-damage|p1a: Keldeo|73/100
|inactive|BananaOnToast has 120 seconds left.
|
|t:|1743807204
|switch|p2a: Walking Wake|Walking Wake|100/100|[from] Volt Switch
|
|upkeep
|turn|2
|
|t:|1743807207
|switch|p1a: Tinkaton|Tinkaton, F|100/100
|-item|p1a: Tinkaton|Air Balloon
|move|p2a: Walking Wake|Draco Meteor|p1a: Tinkaton
|-immune|p1a: Tinkaton
|
|upkeep
|turn|3
|
|t:|1743807215
|-end|p2a: Walking Wake|Protosynthesis|[silent]
|switch|p2a: Landorus|Landorus-Therian, M|100/100
|-ability|p2a: Landorus|Intimidate|boost
|-unboost|p1a: Tinkaton|atk|1
|move|p1a: Tinkaton|Stealth Rock|p2a: Landorus
|-sidestart|p2: BananaOnToast|move: Stealth Rock
|
|upkeep
|turn|4
|
|t:|1743807223
|switch|p1a: Kyurem|Kyurem|100/100
|-ability|p1a: Kyurem|Pressure
|move|p2a: Landorus|U-turn|p1a: Kyurem
|-damage|p1a: Kyurem|79/100
|inactive|BananaOnToast has 120 seconds left.
|
|t:|1743807244
|switch|p2a: Walking Wake|Walking Wake|100/100|[from] U-turn
|-damage|p2a: Walking Wake|88/100|[from] Stealth Rock
|
|-heal|p1a: Kyurem|85/100|[from] item: Leftovers
|upkeep
|turn|5
|
|t:|1743807247
|move|p1a: Kyurem|Protect|p1a: Kyurem
|-singleturn|p1a: Kyurem|Protect
|move|p2a: Walking Wake|Flip Turn|p1a: Kyurem
|-activate|p1a: Kyurem|move: Protect
|
|-heal|p1a: Kyurem|92/100|[from] item: Leftovers
|upkeep
|turn|6
|
|t:|1743807251
|move|p2a: Walking Wake|Flip Turn|p1a: Kyurem
|-resisted|p1a: Kyurem
|-damage|p1a: Kyurem|85/100
|
|t:|1743807261
|-end|p2a: Walking Wake|Protosynthesis|[silent]
|switch|p2a: Cinderace|Cinderace, F|100/100|[from] Flip Turn
|move|p1a: Kyurem|Freeze-Dry|p2a: Cinderace
|-resisted|p2a: Cinderace
|-damage|p2a: Cinderace|78/100
|
|-heal|p1a: Kyurem|91/100|[from] item: Leftovers
|upkeep
|turn|7
|
|t:|1743807268
|move|p2a: Cinderace|Court Change|p2a: Cinderace
|-swapsideconditions
|-activate|p2a: Cinderace|move: Court Change
|move|p1a: Kyurem|Earth Power|p2a: Cinderace
|-supereffective|p2a: Cinderace
|-crit|p2a: Cinderace
|-damage|p2a: Cinderace|0 fnt
|faint|p2a: Cinderace
|
|-heal|p1a: Kyurem|97/100|[from] item: Leftovers
|upkeep
|
|t:|1743807277
|switch|p2a: Walking Wake|Walking Wake|88/100
|turn|8
|
|t:|1743807279
|move|p1a: Kyurem|Protect|p1a: Kyurem
|-singleturn|p1a: Kyurem|Protect
|move|p2a: Walking Wake|Draco Meteor|p1a: Kyurem
|-activate|p1a: Kyurem|move: Protect
|
|-heal|p1a: Kyurem|100/100|[from] item: Leftovers
|upkeep
|turn|9
|
|t:|1743807282
|-end|p2a: Walking Wake|Protosynthesis|[silent]
|switch|p2a: Rotom|Rotom-Wash|41/100
|switch|p1a: Tinkaton|Tinkaton, F|100/100
|-damage|p1a: Tinkaton|94/100|[from] Stealth Rock
|-item|p1a: Tinkaton|Air Balloon
|
|-heal|p2a: Rotom|47/100|[from] item: Leftovers
|upkeep
|turn|10
|
|t:|1743807287
|move|p1a: Tinkaton|Stealth Rock|p2a: Rotom
|-sidestart|p2: BananaOnToast|move: Stealth Rock
|move|p2a: Rotom|Will-O-Wisp|p1a: Tinkaton|[miss]
|-miss|p2a: Rotom|p1a: Tinkaton
|
|-heal|p2a: Rotom|53/100|[from] item: Leftovers
|upkeep
|turn|11
|
|t:|1743807303
|switch|p1a: Ting-Lu|Ting-Lu|100/100
|-damage|p1a: Ting-Lu|94/100|[from] Stealth Rock
|-ability|p1a: Ting-Lu|Vessel of Ruin
|move|p2a: Rotom|Will-O-Wisp|p1a: Ting-Lu
|-status|p1a: Ting-Lu|brn
|
|-heal|p2a: Rotom|60/100|[from] item: Leftovers
|-heal|p1a: Ting-Lu|100/100 brn|[from] item: Leftovers
|-damage|p1a: Ting-Lu|94/100 brn|[from] brn
|upkeep
|turn|12
|
|t:|1743807307
|move|p2a: Rotom|Hydro Pump|p1a: Ting-Lu
|-supereffective|p1a: Ting-Lu
|-damage|p1a: Ting-Lu|58/100 brn
|move|p1a: Ting-Lu|Spikes|p2a: Rotom
|-sidestart|p2: BananaOnToast|Spikes
|
|-heal|p2a: Rotom|66/100|[from] item: Leftovers
|-heal|p1a: Ting-Lu|64/100 brn|[from] item: Leftovers
|-damage|p1a: Ting-Lu|58/100 brn|[from] brn
|upkeep
|turn|13
|
|t:|1743807314
|move|p2a: Rotom|Hydro Pump|p1a: Ting-Lu
|-supereffective|p1a: Ting-Lu
|-crit|p1a: Ting-Lu
|-damage|p1a: Ting-Lu|4/100 brn
|move|p1a: Ting-Lu|Spikes|p2a: Rotom
|-sidestart|p2: BananaOnToast|Spikes
|
|-heal|p2a: Rotom|72/100|[from] item: Leftovers
|-heal|p1a: Ting-Lu|10/100 brn|[from] item: Leftovers
|-damage|p1a: Ting-Lu|4/100 brn|[from] brn
|upkeep
|turn|14
|
|t:|1743807318
|move|p2a: Rotom|Hydro Pump|p1a: Ting-Lu
|-supereffective|p1a: Ting-Lu
|-damage|p1a: Ting-Lu|0 fnt
|faint|p1a: Ting-Lu
|
|-heal|p2a: Rotom|78/100|[from] item: Leftovers
|upkeep
|
|t:|1743807322
|switch|p1a: Sinistcha|Sinistcha|100/100
|turn|15
|
|t:|1743807330
|move|p2a: Rotom|Volt Switch|p1a: Sinistcha
|-resisted|p1a: Sinistcha
|-damage|p1a: Sinistcha|87/100
|
|t:|1743807332
|switch|p2a: Meowscarada|Meowscarada, M|100/100|[from] Volt Switch
|move|p1a: Sinistcha|Calm Mind|p1a: Sinistcha
|-boost|p1a: Sinistcha|spa|1
|-boost|p1a: Sinistcha|spd|1
|
|upkeep
|turn|16
|
|t:|1743807345
|move|p2a: Meowscarada|Triple Axel|p1a: Sinistcha
|-start|p2a: Meowscarada|typechange|Ice|[from] ability: Protean
|-supereffective|p1a: Sinistcha
|-damage|p1a: Sinistcha|74/100
|-supereffective|p1a: Sinistcha
|-damage|p1a: Sinistcha|47/100
|-supereffective|p1a: Sinistcha
|-crit|p1a: Sinistcha
|-damage|p1a: Sinistcha|0 fnt
|faint|p1a: Sinistcha
|-hitcount|p1: Sinistcha|3
|
|upkeep
|
|t:|1743807348
|switch|p1a: Corviknight|Corviknight, M|100/100
|-damage|p1a: Corviknight|88/100|[from] Stealth Rock
|-ability|p1a: Corviknight|Pressure
|turn|17
|
|t:|1743807362
|move|p2a: Meowscarada|Spikes|p1a: Corviknight
|-sidestart|p1: Avenged7mold|Spikes
|move|p1a: Corviknight|Iron Defense|p1a: Corviknight
|-boost|p1a: Corviknight|def|2
|
|upkeep
|turn|18
|
|t:|1743807372
|move|p2a: Meowscarada|Knock Off|p1a: Corviknight
|-damage|p1a: Corviknight|80/100
|-damage|p2a: Meowscarada|84/100|[from] item: Rocky Helmet|[of] p1a: Corviknight
|-enditem|p1a: Corviknight|Rocky Helmet|[from] move: Knock Off|[of] p2a: Meowscarada
|move|p1a: Corviknight|Iron Defense|p1a: Corviknight
|-boost|p1a: Corviknight|def|2
|
|upkeep
|turn|19
|
|t:|1743807377
|move|p2a: Meowscarada|U-turn|p1a: Corviknight
|-resisted|p1a: Corviknight
|-damage|p1a: Corviknight|78/100
|
|t:|1743807379
|switch|p2a: Landorus|Landorus-Therian, M|100/100|[from] U-turn
|-damage|p2a: Landorus|88/100|[from] Stealth Rock
|-ability|p2a: Landorus|Intimidate|boost
|-unboost|p1a: Corviknight|atk|1
|move|p1a: Corviknight|Body Press|p2a: Landorus
|-resisted|p2a: Landorus
|-damage|p2a: Landorus|52/100
|-damage|p1a: Corviknight|62/100|[from] item: Rocky Helmet|[of] p2a: Landorus
|
|upkeep
|turn|20
|
|t:|1743807385
|move|p2a: Landorus|Taunt|p1a: Corviknight
|-start|p1a: Corviknight|move: Taunt
|cant|p1a: Corviknight|move: Taunt|Iron Defense
|
|upkeep
|turn|21
|
|t:|1743807400
|move|p2a: Landorus|Grass Knot|p1a: Corviknight
|-resisted|p1a: Corviknight
|-crit|p1a: Corviknight
|-damage|p1a: Corviknight|56/100
|move|p1a: Corviknight|Body Press|p2a: Landorus
|-resisted|p2a: Landorus
|-damage|p2a: Landorus|17/100
|-damage|p1a: Corviknight|40/100|[from] item: Rocky Helmet|[of] p2a: Landorus
|
|upkeep
|turn|22
|
|t:|1743807404
|move|p2a: Landorus|Grass Knot|p1a: Corviknight
|-resisted|p1a: Corviknight
|-damage|p1a: Corviknight|36/100
|move|p1a: Corviknight|Body Press|p2a: Landorus
|-resisted|p2a: Landorus
|-damage|p2a: Landorus|0 fnt
|-damage|p1a: Corviknight|19/100|[from] item: Rocky Helmet|[of] p2a: Landorus
|faint|p2a: Landorus
|
|-end|p1a: Corviknight|move: Taunt
|upkeep
|
|t:|1743807410
|switch|p2a: Walking Wake|Walking Wake|88/100
|-damage|p2a: Walking Wake|76/100|[from] Stealth Rock
|-damage|p2a: Walking Wake|59/100|[from] Spikes
|turn|23
|
|t:|1743807422
|switch|p1a: Kyurem|Kyurem|100/100
|-damage|p1a: Kyurem|76/100|[from] Stealth Rock
|-damage|p1a: Kyurem|63/100|[from] Spikes
|-ability|p1a: Kyurem|Pressure
|move|p2a: Walking Wake|Hydro Steam|p1a: Kyurem
|-resisted|p1a: Kyurem
|-damage|p1a: Kyurem|46/100
|
|-heal|p1a: Kyurem|52/100|[from] item: Leftovers
|upkeep
|turn|24
|
|t:|1743807438
|move|p2a: Walking Wake|Hydro Steam|p1a: Kyurem
|-resisted|p1a: Kyurem
|-damage|p1a: Kyurem|34/100
|move|p1a: Kyurem|Earth Power|p2a: Walking Wake
|-damage|p2a: Walking Wake|25/100
|
|-heal|p1a: Kyurem|40/100|[from] item: Leftovers
|upkeep
|turn|25
|
|t:|1743807442
|move|p1a: Kyurem|Protect|p1a: Kyurem
|-singleturn|p1a: Kyurem|Protect
|move|p2a: Walking Wake|Hydro Steam|p1a: Kyurem
|-activate|p1a: Kyurem|move: Protect
|
|-heal|p1a: Kyurem|46/100|[from] item: Leftovers
|upkeep
|turn|26
|
|t:|1743807444
|move|p2a: Walking Wake|Hydro Steam|p1a: Kyurem
|-resisted|p1a: Kyurem
|-damage|p1a: Kyurem|27/100
|move|p1a: Kyurem|Substitute|p1a: Kyurem
|-start|p1a: Kyurem|Substitute
|-damage|p1a: Kyurem|2/100
|
|-heal|p1a: Kyurem|9/100|[from] item: Leftovers
|upkeep
|turn|27
|
|t:|1743807452
|move|p2a: Walking Wake|Hydro Steam|p1a: Kyurem
|-resisted|p1a: Kyurem
|-activate|p1a: Kyurem|move: Substitute|[damage]
|move|p1a: Kyurem|Freeze-Dry|p2a: Walking Wake
|-supereffective|p2a: Walking Wake
|-damage|p2a: Walking Wake|0 fnt
|faint|p2a: Walking Wake
|-end|p2a: Walking Wake|Protosynthesis|[silent]
|
|-heal|p1a: Kyurem|15/100|[from] item: Leftovers
|upkeep
|
|t:|1743807463
|switch|p2a: Meowscarada|Meowscarada, M|84/100
|turn|28
|
|t:|1743807466
|move|p1a: Kyurem|Protect|p1a: Kyurem
|-singleturn|p1a: Kyurem|Protect
|move|p2a: Meowscarada|Triple Axel|p1a: Kyurem
|-start|p2a: Meowscarada|typechange|Ice|[from] ability: Protean
|-activate|p1a: Kyurem|move: Protect
|
|-heal|p1a: Kyurem|21/100|[from] item: Leftovers
|upkeep
|turn|29
|
|t:|1743807469
|move|p2a: Meowscarada|Triple Axel|p1a: Kyurem
|-end|p1a: Kyurem|Substitute
|-damage|p1a: Kyurem|4/100
|-damage|p1a: Kyurem|0 fnt
|faint|p1a: Kyurem
|-hitcount|p1: Kyurem|3
|
|upkeep
|
|t:|1743807473
|switch|p1a: Keldeo|Keldeo-Resolute, tera:Fighting|73/100
|turn|30
|
|t:|1743807485
|-terastallize|p2a: Meowscarada|Ghost
|move|p1a: Keldeo|Vacuum Wave|p2a: Meowscarada
|-immune|p2a: Meowscarada
|move|p2a: Meowscarada|Triple Axel|p1a: Keldeo
|-damage|p1a: Keldeo|63/100
|-damage|p1a: Keldeo|41/100
|-damage|p1a: Keldeo|6/100
|-hitcount|p1a: Keldeo|3
|
|upkeep
|turn|31
|-message|Avenged7mold forfeited.
|
|win|BananaOnToast
|raw|Avenged7mold's rating: 1471 &rarr; <strong>1450</strong><br />(-21 for losing)
|raw|BananaOnToast's rating: 1447 &rarr; <strong>1468</strong><br />(+21 for winning)
|l|☆Avenged7mold
|player|p1|
