|j|☆maemikon
|j|☆gander dander
|t:|1743828311
|gametype|singles
|player|p1|maemikon|169|1147
|player|p2|gander dander|blaine|1163
|teamsize|p1|6
|teamsize|p2|6
|gen|9
|tier|[Gen 9] OU
|rated|
|rule|HP Percentage Mod: HP is shown in percentages
|rule|Endless Battle Clause: Forcing endless battles is banned
|rule|Species Clause: Limit one of each Pokémon
|rule|OHKO Clause: OHKO moves are banned
|rule|Evasion Items Clause: Evasion items are banned
|rule|Evasion Moves Clause: Evasion moves are banned
|rule|Sleep Moves Clause: Sleep-inducing moves are banned
|clearpoke
|poke|p1|Ninetales-Alola, M|
|poke|p1|Slowking-Galar, F|
|poke|p1|Weavile, M|
|poke|p1|Greninja-*, M|
|poke|p1|Avalugg, M|
|poke|p1|Frosmoth, F|
|poke|p2|Ting-Lu|
|poke|p2|Tinkaton, F|
|poke|p2|Gholdengo|
|poke|p2|Zapdos|
|poke|p2|Clodsire, F|
|poke|p2|Weavile, F|
|teampreview
|inactive|Battle timer is ON: inactive players will automatically lose when time's up. (requested by gander dander)
|
|t:|1743828317
|start
|switch|p1a: Ninetales|Ninetales-Alola, M|100/100
|switch|p2a: Tinkaton|Tinkaton, F|100/100
|-weather|Snowscape|[from] ability: Snow Warning|[of] p1a: Ninetales
|-ability|p2a: Tinkaton|Mold Breaker
|-item|p2a: Tinkaton|Air Balloon
|turn|1
|
|t:|1743828340
|switch|p1a: Avalugg|Avalugg, M|100/100
|move|p2a: Tinkaton|Gigaton Hammer|p1a: Avalugg
|-supereffective|p1a: Avalugg
|-damage|p1a: Avalugg|73/100
|
|-weather|Snowscape|[upkeep]
|-heal|p1a: Avalugg|79/100|[from] ability: Ice Body
|upkeep
|turn|2
|
|t:|1743828354
|move|p2a: Tinkaton|Stealth Rock|p1a: Avalugg
|-sidestart|p1: maemikon|move: Stealth Rock
|move|p1a: Avalugg|Body Press|p2a: Tinkaton
|-damage|p2a: Tinkaton|65/100
|-enditem|p2a: Tinkaton|Air Balloon
|
|-weather|Snowscape|[upkeep]
|-heal|p1a: Avalugg|85/100|[from] ability: Ice Body
|upkeep
|turn|3
|
|t:|1743828364
|move|p2a: Tinkaton|Thunder Wave|p1a: Avalugg|[miss]
|-miss|p2a: Tinkaton|p1a: Avalugg
|move|p1a: Avalugg|Rapid Spin|p2a: Tinkaton
|-resisted|p2a: Tinkaton
|-damage|p2a: Tinkaton|55/100
|-boost|p1a: Avalugg|spe|1
|-sideend|p1: maemikon|Stealth Rock|[from] move: Rapid Spin|[of] p1a: Avalugg
|
|-weather|Snowscape|[upkeep]
|-heal|p1a: Avalugg|91/100|[from] ability: Ice Body
|upkeep
|turn|4
|
|t:|1743828374
|move|p2a: Tinkaton|Stealth Rock|p1a: Avalugg
|-sidestart|p1: maemikon|move: Stealth Rock
|move|p1a: Avalugg|Body Press|p2a: Tinkaton
|-damage|p2a: Tinkaton|19/100
|
|-weather|Snowscape|[upkeep]
|-heal|p1a: Avalugg|97/100|[from] ability: Ice Body
|upkeep
|turn|5
|
|t:|1743828383
|switch|p2a: Gholdengo|Gholdengo|100/100
|move|p1a: Avalugg|Rapid Spin|p2a: Gholdengo
|-immune|p2a: Gholdengo
|
|-weather|Snowscape|[upkeep]
|-heal|p1a: Avalugg|100/100|[from] ability: Ice Body
|upkeep
|turn|6
|
|t:|1743828392
|switch|p1a: Greninja|Greninja, M|100/100
|-damage|p1a: Greninja|88/100|[from] Stealth Rock
|move|p2a: Gholdengo|Nasty Plot|p2a: Gholdengo
|-boost|p2a: Gholdengo|spa|2
|
|-weather|Snowscape|[upkeep]
|upkeep
|turn|7
|
|t:|1743828403
|switch|p2a: Tinkaton|Tinkaton, F|19/100
|-ability|p2a: Tinkaton|Mold Breaker
|move|p1a: Greninja|Dark Pulse|p2a: Tinkaton
|-resisted|p2a: Tinkaton
|-damage|p2a: Tinkaton|0 fnt
|faint|p2a: Tinkaton
|-ability|p1a: Greninja|Battle Bond|boost
|-boost|p1a: Greninja|atk|1
|-boost|p1a: Greninja|spa|1
|-boost|p1a: Greninja|spe|1
|-activate|p1a: Greninja|ability: Battle Bond
|-damage|p1a: Greninja|78/100|[from] item: Life Orb
|
|-weather|Snowscape|[upkeep]
|upkeep
|
|t:|1743828418
|switch|p2a: Ting-Lu|Ting-Lu|100/100
|-ability|p2a: Ting-Lu|Vessel of Ruin
|turn|8
|
|t:|1743828423
|move|p1a: Greninja|Blizzard|p2a: Ting-Lu
|-supereffective|p2a: Ting-Lu
|-crit|p2a: Ting-Lu
|-damage|p2a: Ting-Lu|19/100
|-damage|p1a: Greninja|69/100|[from] item: Life Orb
|move|p2a: Ting-Lu|Whirlwind|p1a: Greninja
|drag|p1a: Avalugg|Avalugg, M|100/100
|-damage|p1a: Avalugg|76/100|[from] Stealth Rock
|
|-weather|none
|-heal|p2a: Ting-Lu|25/100|[from] item: Leftovers
|upkeep
|turn|9
|
|t:|1743828435
|switch|p1a: Frosmoth|Frosmoth, F|100/100
|-damage|p1a: Frosmoth|51/100|[from] Stealth Rock
|move|p2a: Ting-Lu|Spikes|p1a: Frosmoth
|-sidestart|p1: maemikon|Spikes
|
|-heal|p2a: Ting-Lu|31/100|[from] item: Leftovers
|upkeep
|turn|10
|-message|maemikon forfeited.
|
|win|gander dander
|raw|maemikon's rating: 1147 &rarr; <strong>1123</strong><br />(-24 for losing)
|raw|gander dander's rating: 1163 &rarr; <strong>1187</strong><br />(+24 for winning)
|l|☆maemikon
|player|p1|
|l|☆gander dander
|player|p2|
