|j|☆zDarkWolf666z
|j|☆MascaradoYT
|t:|1743778719
|gametype|singles
|player|p1|zDarkWolf666z|ltsurge|1085
|player|p2|MascaradoYT|170|1132
|teamsize|p1|6
|teamsize|p2|6
|gen|9
|tier|[Gen 9] OU
|rated|
|rule|HP Percentage Mod: HP is shown in percentages
|rule|Endless Battle Clause: Forcing endless battles is banned
|rule|Species Clause: Limit one of each Pokémon
|rule|OHKO Clause: OHKO moves are banned
|rule|Evasion Items Clause: Evasion items are banned
|rule|Evasion Moves Clause: Evasion moves are banned
|rule|Sleep Moves Clause: Sleep-inducing moves are banned
|clearpoke
|poke|p1|Regigigas|
|poke|p1|Ludicolo, M|
|poke|p1|Excadrill, M|
|poke|p1|Tyranitar, F|
|poke|p1|Salazzle, F|
|poke|p1|Hatterene, F|
|poke|p2|Iron Treads|
|poke|p2|Serperior, F|
|poke|p2|Moltres|
|poke|p2|Clefable, M|
|poke|p2|Garganacl, F|
|poke|p2|Gholdengo|
|teampreview
|inactive|Battle timer is ON: inactive players will automatically lose when time's up. (requested by MascaradoYT)
|
|t:|1743778726
|start
|switch|p1a: Ludicolo|Ludicolo, M, shiny|100/100
|switch|p2a: Iron Treads|Iron Treads|100/100
|-item|p2a: Iron Treads|Air Balloon
|turn|1
|
|t:|1743778734
|move|p2a: Iron Treads|Stealth Rock|p1a: Ludicolo
|-sidestart|p1: zDarkWolf666z|move: Stealth Rock
|move|p1a: Ludicolo|Rain Dance|p1a: Ludicolo
|-weather|RainDance
|
|-weather|RainDance|[upkeep]
|upkeep
|turn|2
|
|t:|1743778741
|move|p1a: Ludicolo|Hydro Pump|p2a: Iron Treads
|-supereffective|p2a: Iron Treads
|-damage|p2a: Iron Treads|0 fnt
|-enditem|p2a: Iron Treads|Air Balloon
|faint|p2a: Iron Treads
|-end|p2a: Iron Treads|Quark Drive|[silent]
|-damage|p1a: Ludicolo|91/100|[from] item: Life Orb
|
|-weather|RainDance|[upkeep]
|upkeep
|
|t:|1743778750
|switch|p2a: Serperior|Serperior, F|100/100
|turn|3
|
|t:|1743778752
|move|p1a: Ludicolo|Ice Beam|p2a: Serperior
|-supereffective|p2a: Serperior
|-damage|p2a: Serperior|12/100
|-damage|p1a: Ludicolo|81/100|[from] item: Life Orb
|move|p2a: Serperior|Leaf Storm|p1a: Ludicolo
|-damage|p1a: Ludicolo|0 fnt
|-boost|p2a: Serperior|spa|2
|faint|p1a: Ludicolo
|
|-weather|RainDance|[upkeep]
|upkeep
|
|t:|1743778768
|switch|p1a: Salazzle|Salazzle, F, shiny|100/100
|turn|4
|
|t:|1743778772
|move|p1a: Salazzle|Venoshock|p2a: Serperior
|-supereffective|p2a: Serperior
|-damage|p2a: Serperior|0 fnt
|faint|p2a: Serperior
|
|-weather|RainDance|[upkeep]
|upkeep
|
|t:|1743778779
|switch|p2a: Gholdengo|Gholdengo|100/100
|turn|5
|inactive|zDarkWolf666z has 120 seconds left.
|
|t:|1743778820
|move|p2a: Gholdengo|Trick|p1a: Salazzle
|-activate|p2a: Gholdengo|move: Trick|[of] p1a: Salazzle
|-item|p1a: Salazzle|Choice Scarf|[from] move: Trick
|-item|p2a: Gholdengo|Heavy-Duty Boots|[from] move: Trick
|move|p1a: Salazzle|Toxic|p2a: Gholdengo
|-immune|p2a: Gholdengo|[from] ability: Good as Gold
|
|-weather|none
|upkeep
|turn|6
|
|t:|1743778835
|switch|p1a: Regigigas|Regigigas, shiny|100/100
|-damage|p1a: Regigigas|88/100|[from] Stealth Rock
|-start|p1a: Regigigas|ability: Slow Start
|move|p2a: Gholdengo|Shadow Ball|p1a: Regigigas
|-immune|p1a: Regigigas
|
|-heal|p1a: Regigigas|94/100|[from] item: Leftovers
|upkeep
|turn|7
|
|t:|1743778847
|move|p1a: Regigigas|Protect|p1a: Regigigas
|-singleturn|p1a: Regigigas|Protect
|move|p2a: Gholdengo|Make It Rain|p1a: Regigigas
|-activate|p1a: Regigigas|move: Protect
|
|-heal|p1a: Regigigas|99/100|[from] item: Leftovers
|upkeep
|turn|8
|
|t:|1743778866
|-end|p1a: Regigigas|Slow Start|[silent]
|switch|p1a: Tyranitar|Tyranitar, F, shiny|100/100
|-damage|p1a: Tyranitar|88/100|[from] Stealth Rock
|-weather|Sandstorm|[from] ability: Sand Stream|[of] p1a: Tyranitar
|move|p2a: Gholdengo|Make It Rain|p1a: Tyranitar
|-supereffective|p1a: Tyranitar
|-damage|p1a: Tyranitar|35/100
|-unboost|p2a: Gholdengo|spa|1
|
|-weather|Sandstorm|[upkeep]
|upkeep
|turn|9
|
|t:|1743778880
|move|p2a: Gholdengo|Make It Rain|p1a: Tyranitar
|-supereffective|p1a: Tyranitar
|-damage|p1a: Tyranitar|0 fnt
|-unboost|p2a: Gholdengo|spa|1
|faint|p1a: Tyranitar
|
|-weather|Sandstorm|[upkeep]
|upkeep
|
|t:|1743778888
|switch|p1a: Excadrill|Excadrill, M, shiny|100/100
|-damage|p1a: Excadrill|97/100|[from] Stealth Rock
|-item|p1a: Excadrill|Air Balloon
|turn|10
|
|t:|1743778895
|move|p1a: Excadrill|Swords Dance|p1a: Excadrill
|-boost|p1a: Excadrill|atk|2
|move|p2a: Gholdengo|Trick|p1a: Excadrill
|-activate|p2a: Gholdengo|move: Trick|[of] p1a: Excadrill
|-item|p1a: Excadrill|Heavy-Duty Boots|[from] move: Trick
|-item|p2a: Gholdengo|Air Balloon
|-item|p2a: Gholdengo|Air Balloon|[from] move: Trick
|
|-weather|Sandstorm|[upkeep]
|upkeep
|turn|11
|
|t:|1743778908
|move|p1a: Excadrill|Iron Head|p2a: Gholdengo
|-resisted|p2a: Gholdengo
|-damage|p2a: Gholdengo|54/100
|-enditem|p2a: Gholdengo|Air Balloon
|move|p2a: Gholdengo|Shadow Ball|p1a: Excadrill
|-damage|p1a: Excadrill|69/100
|-unboost|p1a: Excadrill|spd|1
|
|-weather|Sandstorm|[upkeep]
|upkeep
|turn|12
|
|t:|1743778920
|switch|p2a: Moltres|Moltres, shiny|100/100
|move|p1a: Excadrill|Earthquake|p2a: Moltres
|-immune|p2a: Moltres
|
|-weather|Sandstorm|[upkeep]
|-damage|p2a: Moltres|94/100|[from] Sandstorm
|upkeep
|turn|13
|inactive|zDarkWolf666z has 120 seconds left.
|
|t:|1743778930
|-terastallize|p1a: Excadrill|Fire
|move|p1a: Excadrill|Rapid Spin|p2a: Moltres
|-damage|p2a: Moltres|53/100
|-boost|p1a: Excadrill|spe|1
|-sideend|p1: zDarkWolf666z|Stealth Rock|[from] move: Rapid Spin|[of] p1a: Excadrill
|move|p2a: Moltres|Flamethrower|p1a: Excadrill
|-resisted|p1a: Excadrill
|-damage|p1a: Excadrill|23/100
|
|-weather|Sandstorm|[upkeep]
|-damage|p2a: Moltres|46/100|[from] Sandstorm
|upkeep
|turn|14
|inactive|zDarkWolf666z has 120 seconds left.
|
|t:|1743778943
|move|p1a: Excadrill|Iron Head|p2a: Moltres
|-resisted|p2a: Moltres
|-damage|p2a: Moltres|0 fnt
|faint|p2a: Moltres
|
|-weather|Sandstorm|[upkeep]
|upkeep
|
|t:|1743778955
|switch|p2a: Garganacl|Garganacl, F|100/100
|turn|15
|
|t:|1743778959
|-terastallize|p2a: Garganacl|Poison
|move|p1a: Excadrill|Earthquake|p2a: Garganacl
|-supereffective|p2a: Garganacl
|-damage|p2a: Garganacl|0 fnt
|faint|p2a: Garganacl
|
|-weather|none
|upkeep
|
|t:|1743778968
|switch|p2a: Clefable|Clefable, M|100/100
|turn|16
|
|t:|1743778973
|move|p1a: Excadrill|Iron Head|p2a: Clefable
|-supereffective|p2a: Clefable
|-damage|p2a: Clefable|30/100
|cant|p2a: Clefable|flinch
|
|-heal|p2a: Clefable|37/100|[from] item: Leftovers
|upkeep
|turn|17
|-message|MascaradoYT forfeited.
|
|win|zDarkWolf666z
|raw|zDarkWolf666z's rating: 1085 &rarr; <strong>1116</strong><br />(+31 for winning)
|raw|MascaradoYT's rating: 1132 &rarr; <strong>1104</strong><br />(-28 for losing)
|l|☆MascaradoYT
|player|p2|
|l|☆zDarkWolf666z
|player|p1|
