|j|☆alinare12
|j|☆A1980217
|t:|1743844596
|gametype|singles
|player|p1|alinare12|pokemonrangerf-gen4|1224
|player|p2|A1980217|266|1282
|teamsize|p1|6
|teamsize|p2|6
|gen|9
|tier|[Gen 9] OU
|rated|
|rule|HP Percentage Mod: HP is shown in percentages
|rule|Endless Battle Clause: Forcing endless battles is banned
|rule|Species Clause: Limit one of each Pokémon
|rule|OHKO Clause: OHKO moves are banned
|rule|Evasion Items Clause: Evasion items are banned
|rule|Evasion Moves Clause: Evasion moves are banned
|rule|Sleep Moves Clause: Sleep-inducing moves are banned
|clearpoke
|poke|p1|Garganacl, F|
|poke|p1|Glimmora, F|
|poke|p1|Iron Boulder|
|poke|p1|Tyranitar, F|
|poke|p1|Diancie|
|poke|p1|Ogerpon-Cornerstone, F|
|poke|p2|Zamazenta-*|
|poke|p2|Ogerpon-Wellspring, F|
|poke|p2|Garganacl, M|
|poke|p2|Samurott-Hisui, F|
|poke|p2|Ceruledge, F|
|poke|p2|Dragonite, M|
|teampreview
|inactive|Battle timer is ON: inactive players will automatically lose when time's up. (requested by A1980217)
|
|t:|1743844615
|start
|switch|p1a: Glimmora|Glimmora, F|100/100
|switch|p2a: Ogerpon|Ogerpon-Wellspring, F|100/100
|turn|1
|
|t:|1743844621
|move|p2a: Ogerpon|Ivy Cudgel|p1a: Glimmora|[anim] Ivy Cudgel Water
|-supereffective|p1a: Glimmora
|-enditem|p1a: Glimmora|Focus Sash
|-damage|p1a: Glimmora|1/100
|-activate|p1a: Glimmora|ability: Toxic Debris
|-sidestart|p2: A1980217|move: Toxic Spikes
|move|p1a: Glimmora|Stealth Rock|p2a: Ogerpon
|-sidestart|p2: A1980217|move: Stealth Rock
|
|upkeep
|turn|2
|
|t:|1743844630
|move|p1a: Glimmora|Spiky Shield|p1a: Glimmora
|-singleturn|p1a: Glimmora|move: Protect
|move|p2a: Ogerpon|Ivy Cudgel|p1a: Glimmora|[anim] Ivy Cudgel Water
|-activate|p1a: Glimmora|move: Protect
|
|upkeep
|turn|3
|
|t:|1743844635
|move|p2a: Ogerpon|Ivy Cudgel|p1a: Glimmora|[anim] Ivy Cudgel Water
|-supereffective|p1a: Glimmora
|-damage|p1a: Glimmora|0 fnt
|-activate|p1a: Glimmora|ability: Toxic Debris
|-sidestart|p2: A1980217|move: Toxic Spikes
|faint|p1a: Glimmora
|
|upkeep
|
|t:|1743844645
|switch|p1a: Garganacl|Garganacl, F|100/100
|turn|4
|
|t:|1743844651
|-terastallize|p1a: Garganacl|Ghost
|move|p2a: Ogerpon|Swords Dance|p2a: Ogerpon
|-boost|p2a: Ogerpon|atk|2
|move|p1a: Garganacl|Salt Cure|p2a: Ogerpon
|-damage|p2a: Ogerpon|84/100
|-start|p2a: Ogerpon|Salt Cure
|
|-damage|p2a: Ogerpon|59/100|[from] Salt Cure
|upkeep
|turn|5
|
|t:|1743844663
|move|p1a: Garganacl|Protect|p1a: Garganacl
|-singleturn|p1a: Garganacl|Protect
|move|p2a: Ogerpon|Ivy Cudgel|p1a: Garganacl|[anim] Ivy Cudgel Water
|-activate|p1a: Garganacl|move: Protect
|
|-damage|p2a: Ogerpon|34/100|[from] Salt Cure
|upkeep
|turn|6
|
|t:|1743844674
|switch|p1a: Tyranitar|Tyranitar, F|100/100
|-weather|Sandstorm|[from] ability: Sand Stream|[of] p1a: Tyranitar
|move|p2a: Ogerpon|Ivy Cudgel|p1a: Tyranitar|[anim] Ivy Cudgel Water
|-supereffective|p1a: Tyranitar
|-damage|p1a: Tyranitar|0 fnt
|faint|p1a: Tyranitar
|
|-weather|Sandstorm|[upkeep]
|-damage|p2a: Ogerpon|28/100|[from] Sandstorm
|-damage|p2a: Ogerpon|3/100|[from] Salt Cure
|upkeep
|
|t:|1743844687
|switch|p1a: Ogerpon|Ogerpon-Cornerstone, F|100/100
|turn|7
|
|t:|1743844697
|move|p1a: Ogerpon|Spiky Shield|p1a: Ogerpon
|-singleturn|p1a: Ogerpon|move: Protect
|move|p2a: Ogerpon|Horn Leech|p1a: Ogerpon
|-activate|p1a: Ogerpon|move: Protect
|-damage|p2a: Ogerpon|0 fnt|[from] Spiky Shield|[of] p1a: Ogerpon
|faint|p2a: Ogerpon
|
|-weather|Sandstorm|[upkeep]
|upkeep
|
|t:|1743844717
|switch|p2a: Samurott|Samurott-Hisui, F|100/100
|-status|p2a: Samurott|tox
|-damage|p2a: Samurott|88/100 tox|[from] Stealth Rock
|turn|8
|
|t:|1743844729
|move|p2a: Samurott|Ceaseless Edge|p1a: Ogerpon
|-damage|p1a: Ogerpon|46/100
|-sidestart|p1: alinare12|Spikes
|move|p1a: Ogerpon|Horn Leech|p2a: Samurott
|-supereffective|p2a: Samurott
|-damage|p2a: Samurott|0 fnt
|-heal|p1a: Ogerpon|93/100|[from] drain|[of] p2a: Samurott
|faint|p2a: Samurott
|
|-weather|Sandstorm|[upkeep]
|upkeep
|
|t:|1743844742
|switch|p2a: Garganacl|Garganacl, M|100/100
|-damage|p2a: Garganacl|88/100|[from] Stealth Rock
|turn|9
|
|t:|1743844750
|move|p1a: Ogerpon|Horn Leech|p2a: Garganacl
|-supereffective|p2a: Garganacl
|-damage|p2a: Garganacl|33/100
|-heal|p1a: Ogerpon|100/100|[from] drain|[of] p2a: Garganacl
|move|p2a: Garganacl|Iron Defense|p2a: Garganacl
|-boost|p2a: Garganacl|def|2
|
|-weather|Sandstorm|[upkeep]
|-heal|p2a: Garganacl|39/100|[from] item: Leftovers
|upkeep
|turn|10
|
|t:|1743844754
|-terastallize|p2a: Garganacl|Dragon
|move|p1a: Ogerpon|Horn Leech|p2a: Garganacl
|-resisted|p2a: Garganacl
|-damage|p2a: Garganacl|31/100
|move|p2a: Garganacl|Recover|p2a: Garganacl
|-heal|p2a: Garganacl|81/100
|
|-weather|none
|-heal|p2a: Garganacl|87/100|[from] item: Leftovers
|upkeep
|turn|11
|
|t:|1743844758
|move|p1a: Ogerpon|Ivy Cudgel|p2a: Garganacl|[anim] Ivy Cudgel Rock
|-damage|p2a: Garganacl|67/100
|move|p2a: Garganacl|Salt Cure|p1a: Ogerpon
|-damage|p1a: Ogerpon|81/100
|-start|p1a: Ogerpon|Salt Cure
|
|-heal|p2a: Garganacl|73/100|[from] item: Leftovers
|-damage|p1a: Ogerpon|69/100|[from] Salt Cure
|upkeep
|turn|12
|
|t:|1743844762
|move|p1a: Ogerpon|U-turn|p2a: Garganacl
|-damage|p2a: Garganacl|64/100
|
|t:|1743844765
|switch|p1a: Garganacl|Garganacl, F, tera:Ghost|100/100|[from] U-turn
|-damage|p1a: Garganacl|88/100|[from] Spikes
|move|p2a: Garganacl|Iron Defense|p2a: Garganacl
|-boost|p2a: Garganacl|def|2
|
|-heal|p2a: Garganacl|70/100|[from] item: Leftovers
|-heal|p1a: Garganacl|94/100|[from] item: Leftovers
|upkeep
|turn|13
|
|t:|1743844771
|move|p2a: Garganacl|Salt Cure|p1a: Garganacl
|-crit|p1a: Garganacl
|-damage|p1a: Garganacl|79/100
|-start|p1a: Garganacl|Salt Cure
|move|p1a: Garganacl|Salt Cure|p2a: Garganacl
|-damage|p2a: Garganacl|67/100
|-start|p2a: Garganacl|Salt Cure
|
|-heal|p2a: Garganacl|73/100|[from] item: Leftovers
|-heal|p1a: Garganacl|85/100|[from] item: Leftovers
|-damage|p2a: Garganacl|61/100|[from] Salt Cure
|-damage|p1a: Garganacl|72/100|[from] Salt Cure
|upkeep
|turn|14
|
|t:|1743844781
|move|p2a: Garganacl|Iron Defense|p2a: Garganacl
|-boost|p2a: Garganacl|def|2
|move|p1a: Garganacl|Body Press|p2a: Garganacl
|-damage|p2a: Garganacl|56/100
|
|-heal|p2a: Garganacl|62/100|[from] item: Leftovers
|-heal|p1a: Garganacl|79/100|[from] item: Leftovers
|-damage|p2a: Garganacl|50/100|[from] Salt Cure
|-damage|p1a: Garganacl|66/100|[from] Salt Cure
|upkeep
|turn|15
|
|t:|1743844792
|switch|p1a: Diancie|Diancie|100/100
|-damage|p1a: Diancie|88/100|[from] Spikes
|move|p2a: Garganacl|Protect||[still]
|-fail|p2a: Garganacl
|
|-heal|p2a: Garganacl|56/100|[from] item: Leftovers
|-damage|p2a: Garganacl|44/100|[from] Salt Cure
|upkeep
|turn|16
|
|t:|1743844799
|switch|p1a: Garganacl|Garganacl, F, tera:Ghost|66/100
|-damage|p1a: Garganacl|54/100|[from] Spikes
|switch|p2a: Ceruledge|Ceruledge, F|100/100
|-status|p2a: Ceruledge|tox
|-damage|p2a: Ceruledge|76/100 tox|[from] Stealth Rock
|
|-heal|p1a: Garganacl|60/100|[from] item: Leftovers
|-damage|p2a: Ceruledge|70/100 tox|[from] psn
|upkeep
|turn|17
|
|t:|1743844818
|move|p2a: Ceruledge|Poltergeist|p1a: Garganacl
|-activate|p1a: Garganacl|move: Poltergeist|Leftovers
|-supereffective|p1a: Garganacl
|-damage|p1a: Garganacl|24/100
|move|p1a: Garganacl|Recover|p1a: Garganacl
|-heal|p1a: Garganacl|74/100
|
|-heal|p1a: Garganacl|81/100|[from] item: Leftovers
|-damage|p2a: Ceruledge|57/100 tox|[from] psn
|upkeep
|turn|18
|
|t:|1743844825
|move|p2a: Ceruledge|Swords Dance|p2a: Ceruledge
|-boost|p2a: Ceruledge|atk|2
|move|p1a: Garganacl|Salt Cure|p2a: Ceruledge
|-supereffective|p2a: Ceruledge
|-damage|p2a: Ceruledge|20/100 tox
|-start|p2a: Ceruledge|Salt Cure
|-ability|p2a: Ceruledge|Weak Armor|boost
|-unboost|p2a: Ceruledge|def|1
|-boost|p2a: Ceruledge|spe|2
|
|-heal|p1a: Garganacl|87/100|[from] item: Leftovers
|-damage|p2a: Ceruledge|2/100 tox|[from] psn
|-damage|p2a: Ceruledge|0 fnt|[from] Salt Cure
|faint|p2a: Ceruledge
|upkeep
|
|t:|1743844829
|switch|p2a: Dragonite|Dragonite, M|100/100
|turn|19
|
|t:|1743844836
|move|p2a: Dragonite|Dragon Dance|p2a: Dragonite
|-boost|p2a: Dragonite|atk|1
|-boost|p2a: Dragonite|spe|1
|move|p1a: Garganacl|Salt Cure|p2a: Dragonite
|-supereffective|p2a: Dragonite
|-damage|p2a: Dragonite|85/100
|-start|p2a: Dragonite|Salt Cure
|
|-heal|p1a: Garganacl|93/100|[from] item: Leftovers
|-damage|p2a: Dragonite|72/100|[from] Salt Cure
|upkeep
|turn|20
|
|t:|1743844847
|move|p2a: Dragonite|Dragon Dance|p2a: Dragonite
|-boost|p2a: Dragonite|atk|1
|-boost|p2a: Dragonite|spe|1
|move|p1a: Garganacl|Salt Cure|p2a: Dragonite
|-supereffective|p2a: Dragonite
|-damage|p2a: Dragonite|41/100
|
|-heal|p1a: Garganacl|99/100|[from] item: Leftovers
|-damage|p2a: Dragonite|28/100|[from] Salt Cure
|upkeep
|turn|21
|
|t:|1743844862
|switch|p1a: Ogerpon|Ogerpon-Cornerstone, F|69/100
|-damage|p1a: Ogerpon|57/100|[from] Spikes
|move|p2a: Dragonite|Earthquake|p1a: Ogerpon
|-damage|p1a: Ogerpon|0 fnt
|faint|p1a: Ogerpon
|
|-damage|p2a: Dragonite|16/100|[from] Salt Cure
|upkeep
|
|t:|1743844873
|switch|p1a: Garganacl|Garganacl, F, tera:Ghost|99/100
|-damage|p1a: Garganacl|87/100|[from] Spikes
|turn|22
|
|t:|1743844876
|move|p1a: Garganacl|Protect|p1a: Garganacl
|-singleturn|p1a: Garganacl|Protect
|move|p2a: Dragonite|Earthquake|p1a: Garganacl
|-activate|p1a: Garganacl|move: Protect
|
|-heal|p1a: Garganacl|93/100|[from] item: Leftovers
|-damage|p2a: Dragonite|4/100|[from] Salt Cure
|upkeep
|turn|23
|
|t:|1743844891
|switch|p1a: Iron Boulder|Iron Boulder|100/100
|-damage|p1a: Iron Boulder|88/100|[from] Spikes
|-enditem|p1a: Iron Boulder|Booster Energy
|-activate|p1a: Iron Boulder|ability: Quark Drive|[fromitem]
|-start|p1a: Iron Boulder|quarkdrivespe
|move|p2a: Dragonite|Earthquake|p1a: Iron Boulder
|-supereffective|p1a: Iron Boulder
|-damage|p1a: Iron Boulder|0 fnt
|faint|p1a: Iron Boulder
|-end|p1a: Iron Boulder|Quark Drive|[silent]
|
|-damage|p2a: Dragonite|0 fnt|[from] Salt Cure
|faint|p2a: Dragonite
|upkeep
|
|t:|1743844902
|switch|p1a: Garganacl|Garganacl, F, tera:Ghost|93/100
|switch|p2a: Zamazenta|Zamazenta|100/100
|-status|p2a: Zamazenta|tox
|-damage|p2a: Zamazenta|94/100 tox|[from] Stealth Rock
|-ability|p2a: Zamazenta|Dauntless Shield|boost
|-boost|p2a: Zamazenta|def|1
|-damage|p1a: Garganacl|81/100|[from] Spikes
|turn|24
|
|t:|1743844910
|move|p2a: Zamazenta|Crunch|p1a: Garganacl
|-supereffective|p1a: Garganacl
|-damage|p1a: Garganacl|27/100
|move|p1a: Garganacl|Salt Cure|p2a: Zamazenta
|-resisted|p2a: Zamazenta
|-damage|p2a: Zamazenta|90/100 tox
|-start|p2a: Zamazenta|Salt Cure
|
|-heal|p1a: Garganacl|33/100|[from] item: Leftovers
|-damage|p2a: Zamazenta|84/100 tox|[from] psn
|-damage|p2a: Zamazenta|71/100 tox|[from] Salt Cure
|upkeep
|turn|25
|
|t:|1743844917
|switch|p2a: Garganacl|Garganacl, M, tera:Dragon|44/100
|-damage|p2a: Garganacl|31/100|[from] Stealth Rock
|move|p1a: Garganacl|Protect||[still]
|-fail|p1a: Garganacl
|
|-heal|p2a: Garganacl|37/100|[from] item: Leftovers
|-heal|p1a: Garganacl|39/100|[from] item: Leftovers
|upkeep
|turn|26
|
|t:|1743844923
|move|p2a: Garganacl|Recover|p2a: Garganacl
|-heal|p2a: Garganacl|87/100
|move|p1a: Garganacl|Recover|p1a: Garganacl
|-heal|p1a: Garganacl|89/100
|
|-heal|p2a: Garganacl|94/100|[from] item: Leftovers
|-heal|p1a: Garganacl|95/100|[from] item: Leftovers
|upkeep
|turn|27
|
|t:|1743844927
|move|p2a: Garganacl|Salt Cure|p1a: Garganacl
|-damage|p1a: Garganacl|85/100
|-start|p1a: Garganacl|Salt Cure
|move|p1a: Garganacl|Salt Cure|p2a: Garganacl
|-damage|p2a: Garganacl|84/100
|-start|p2a: Garganacl|Salt Cure
|
|-heal|p2a: Garganacl|90/100|[from] item: Leftovers
|-heal|p1a: Garganacl|91/100|[from] item: Leftovers
|-damage|p2a: Garganacl|78/100|[from] Salt Cure
|-damage|p1a: Garganacl|79/100|[from] Salt Cure
|upkeep
|turn|28
|
|t:|1743844934
|move|p2a: Garganacl|Iron Defense|p2a: Garganacl
|-boost|p2a: Garganacl|def|2
|move|p1a: Garganacl|Body Press|p2a: Garganacl
|-damage|p2a: Garganacl|69/100
|
|-heal|p2a: Garganacl|75/100|[from] item: Leftovers
|-heal|p1a: Garganacl|85/100|[from] item: Leftovers
|-damage|p2a: Garganacl|62/100|[from] Salt Cure
|-damage|p1a: Garganacl|73/100|[from] Salt Cure
|upkeep
|turn|29
|
|t:|1743844945
|switch|p1a: Diancie|Diancie|88/100
|-damage|p1a: Diancie|75/100|[from] Spikes
|move|p2a: Garganacl|Recover|p2a: Garganacl
|-heal|p2a: Garganacl|100/100
|
|-damage|p2a: Garganacl|88/100|[from] Salt Cure
|upkeep
|turn|30
|
|t:|1743844950
|move|p1a: Diancie|Sand Tomb|p2a: Garganacl
|-damage|p2a: Garganacl|85/100
|-activate|p2a: Garganacl|move: Sand Tomb|[of] p1a: Diancie
|move|p2a: Garganacl|Salt Cure|p1a: Diancie
|-damage|p1a: Diancie|66/100
|-start|p1a: Diancie|Salt Cure
|
|-heal|p2a: Garganacl|91/100|[from] item: Leftovers
|-damage|p1a: Diancie|53/100|[from] Salt Cure
|-damage|p2a: Garganacl|78/100|[from] move: Sand Tomb|[partiallytrapped]
|-damage|p2a: Garganacl|66/100|[from] Salt Cure
|upkeep
|turn|31
|
|t:|1743844956
|switch|p1a: Garganacl|Garganacl, F, tera:Ghost|73/100
|-damage|p1a: Garganacl|61/100|[from] Spikes
|move|p2a: Garganacl|Recover|p2a: Garganacl
|-heal|p2a: Garganacl|100/100
|
|-heal|p1a: Garganacl|67/100|[from] item: Leftovers
|-damage|p2a: Garganacl|88/100|[from] Salt Cure
|-end|p2a: Garganacl|Sand Tomb|[partiallytrapped]|[silent]
|upkeep
|turn|32
|
|t:|1743844970
|move|p1a: Garganacl|Protect|p1a: Garganacl
|-singleturn|p1a: Garganacl|Protect
|move|p2a: Garganacl|Salt Cure|p1a: Garganacl
|-activate|p1a: Garganacl|move: Protect
|
|-heal|p2a: Garganacl|94/100|[from] item: Leftovers
|-heal|p1a: Garganacl|73/100|[from] item: Leftovers
|-damage|p2a: Garganacl|82/100|[from] Salt Cure
|upkeep
|turn|33
|
|t:|1743844984
|move|p2a: Garganacl|Salt Cure|p1a: Garganacl
|-damage|p1a: Garganacl|63/100
|-start|p1a: Garganacl|Salt Cure
|move|p1a: Garganacl|Body Press|p2a: Garganacl
|-damage|p2a: Garganacl|73/100
|
|-heal|p2a: Garganacl|79/100|[from] item: Leftovers
|-heal|p1a: Garganacl|70/100|[from] item: Leftovers
|-damage|p2a: Garganacl|67/100|[from] Salt Cure
|-damage|p1a: Garganacl|57/100|[from] Salt Cure
|upkeep
|turn|34
|
|t:|1743844994
|switch|p2a: Zamazenta|Zamazenta|71/100 tox
|-damage|p2a: Zamazenta|65/100 tox|[from] Stealth Rock
|move|p1a: Garganacl|Recover|p1a: Garganacl
|-heal|p1a: Garganacl|100/100
|
|-damage|p2a: Zamazenta|59/100 tox|[from] psn
|-damage|p1a: Garganacl|88/100|[from] Salt Cure
|upkeep
|turn|35
|
|t:|1743845002
|switch|p1a: Diancie|Diancie|53/100
|-damage|p1a: Diancie|41/100|[from] Spikes
|move|p2a: Zamazenta|Crunch|p1a: Diancie
|-resisted|p1a: Diancie
|-damage|p1a: Diancie|24/100
|
|-damage|p2a: Zamazenta|47/100 tox|[from] psn
|upkeep
|turn|36
|
|t:|1743845012
|switch|p2a: Garganacl|Garganacl, M, tera:Dragon|67/100
|-damage|p2a: Garganacl|54/100|[from] Stealth Rock
|move|p1a: Diancie|Diamond Storm|p2a: Garganacl
|-damage|p2a: Garganacl|25/100
|-boost|p1a: Diancie|def|2
|
|-heal|p2a: Garganacl|31/100|[from] item: Leftovers
|upkeep
|turn|37
|
|t:|1743845019
|move|p1a: Diancie|Body Press|p2a: Garganacl
|-crit|p2a: Garganacl
|-damage|p2a: Garganacl|0 fnt
|faint|p2a: Garganacl
|
|upkeep
|
|t:|1743845021
|switch|p2a: Zamazenta|Zamazenta|47/100 tox
|-damage|p2a: Zamazenta|41/100 tox|[from] Stealth Rock
|turn|38
|
|t:|1743845025
|move|p2a: Zamazenta|Heavy Slam|p1a: Diancie
|-supereffective|p1a: Diancie
|-damage|p1a: Diancie|0 fnt
|faint|p1a: Diancie
|
|-damage|p2a: Zamazenta|35/100 tox|[from] psn
|upkeep
|
|t:|1743845027
|switch|p1a: Garganacl|Garganacl, F, tera:Ghost|88/100
|-damage|p1a: Garganacl|76/100|[from] Spikes
|turn|39
|
|t:|1743845031
|move|p1a: Garganacl|Protect|p1a: Garganacl
|-singleturn|p1a: Garganacl|Protect
|move|p2a: Zamazenta|Heavy Slam|p1a: Garganacl
|-activate|p1a: Garganacl|move: Protect
|
|-heal|p1a: Garganacl|82/100|[from] item: Leftovers
|-damage|p2a: Zamazenta|22/100 tox|[from] psn
|upkeep
|turn|40
|
|t:|1743845036
|move|p2a: Zamazenta|Heavy Slam|p1a: Garganacl
|-damage|p1a: Garganacl|67/100
|move|p1a: Garganacl|Salt Cure|p2a: Zamazenta
|-resisted|p2a: Zamazenta
|-damage|p2a: Zamazenta|16/100 tox
|-start|p2a: Zamazenta|Salt Cure
|
|-heal|p1a: Garganacl|73/100|[from] item: Leftovers
|-damage|p2a: Zamazenta|0 fnt|[from] psn
|faint|p2a: Zamazenta
|
|win|alinare12
|raw|alinare12's rating: 1224 &rarr; <strong>1253</strong><br />(+29 for winning)
|raw|A1980217's rating: 1282 &rarr; <strong>1253</strong><br />(-29 for losing)
|l|☆A1980217
|player|p2|
|l|☆alinare12
|player|p1|
|j| The fire wind
