|j|☆nveittikoski
|j|☆Facilitobroder
|t:|1743799716
|gametype|singles
|player|p1|nveittikoski|youngster-gen4dp|1168
|player|p2|Facilitobroder|wattson|1110
|teamsize|p1|6
|teamsize|p2|6
|gen|9
|tier|[Gen 9] OU
|rated|
|rule|HP Percentage Mod: HP is shown in percentages
|rule|Endless Battle Clause: Forcing endless battles is banned
|rule|Species Clause: Limit one of each Pokémon
|rule|OHKO Clause: OHKO moves are banned
|rule|Evasion Items Clause: Evasion items are banned
|rule|Evasion Moves Clause: Evasion moves are banned
|rule|Sleep Moves Clause: Sleep-inducing moves are banned
|clearpoke
|poke|p1|Torkoal, M|
|poke|p1|Raging Bolt|
|poke|p1|Walking Wake|
|poke|p1|Iron Moth|
|poke|p1|Gliscor, F|
|poke|p1|Corviknight, F|
|poke|p2|Metagross|
|poke|p2|Azelf|
|poke|p2|Qwilfish, F|
|poke|p2|Garganacl, M|
|poke|p2|Enamorus, F|
|poke|p2|Golem-Alola, M|
|teampreview
|inactive|Battle timer is ON: inactive players will automatically lose when time's up. (requested by Facilitobroder)
|
|t:|1743799724
|start
|switch|p1a: Corviknight|Corviknight, F, shiny|100/100
|switch|p2a: hdp|Azelf|100/100
|turn|1
|
|t:|1743799733
|move|p2a: hdp|Stealth Rock|p1a: Corviknight
|-sidestart|p1: nveittikoski|move: Stealth Rock
|move|p1a: Corviknight|U-turn|p2a: hdp
|-supereffective|p2a: hdp
|-damage|p2a: hdp|54/100
|
|t:|1743799737
|switch|p1a: Gliscor|Gliscor, F|100/100|[from] U-turn
|-damage|p1a: Gliscor|88/100|[from] Stealth Rock
|
|-status|p1a: Gliscor|tox|[from] item: Toxic Orb
|upkeep
|turn|2
|
|t:|1743799747
|move|p2a: hdp|Explosion|p1a: Gliscor
|-damage|p1a: Gliscor|5/100 tox
|faint|p2a: hdp
|move|p1a: Gliscor|U-turn|p2: hdp|[notarget]
|-fail|p1a: Gliscor
|
|-heal|p1a: Gliscor|17/100 tox|[from] ability: Poison Heal
|upkeep
|
|t:|1743799760
|switch|p2a: mari-con|Metagross|100/100
|turn|3
|
|t:|1743799766
|move|p1a: Gliscor|Knock Off|p2a: mari-con
|-supereffective|p2a: mari-con
|-damage|p2a: mari-con|53/100
|-enditem|p2a: mari-con|Life Orb|[from] move: Knock Off|[of] p1a: Gliscor
|move|p2a: mari-con|Agility|p2a: mari-con
|-boost|p2a: mari-con|spe|2
|
|-heal|p1a: Gliscor|30/100 tox|[from] ability: Poison Heal
|upkeep
|turn|4
|
|t:|1743799781
|switch|p1a: Corviknight|Corviknight, F, shiny|100/100
|-damage|p1a: Corviknight|88/100|[from] Stealth Rock
|move|p2a: mari-con|Heavy Slam|p1a: Corviknight
|-resisted|p1a: Corviknight
|-damage|p1a: Corviknight|67/100
|-damage|p2a: mari-con|36/100|[from] item: Rocky Helmet|[of] p1a: Corviknight
|
|upkeep
|turn|5
|
|t:|1743799791
|move|p2a: mari-con|Explosion|p1a: Corviknight
|-resisted|p1a: Corviknight
|-damage|p1a: Corviknight|39/100
|faint|p2a: mari-con
|move|p1a: Corviknight|Defog|p2: mari-con|[notarget]
|-fail|p1a: Corviknight
|
|upkeep
|
|t:|1743799805
|switch|p2a: Enamorus|Enamorus, F|100/100
|turn|6
|
|t:|1743799809
|move|p2a: Enamorus|Focus Blast|p1a: Corviknight
|-damage|p1a: Corviknight|0 fnt
|faint|p1a: Corviknight
|
|upkeep
|
|t:|1743799817
|switch|p1a: Torkoal|Torkoal, M|100/100
|-damage|p1a: Torkoal|76/100|[from] Stealth Rock
|-weather|SunnyDay|[from] ability: Drought|[of] p1a: Torkoal
|turn|7
|
|t:|1743799823
|move|p2a: Enamorus|Focus Blast|p1a: Torkoal
|-damage|p1a: Torkoal|16/100
|move|p1a: Torkoal|Rapid Spin|p2a: Enamorus
|-damage|p2a: Enamorus|84/100
|-boost|p1a: Torkoal|spe|1
|-start|p1a: Torkoal|Attract|[from] ability: Cute Charm|[of] p2a: Enamorus
|-sideend|p1: nveittikoski|Stealth Rock|[from] move: Rapid Spin|[of] p1a: Torkoal
|
|-weather|SunnyDay|[upkeep]
|upkeep
|turn|8
|
|t:|1743799834
|switch|p1a: Iron Moth|Iron Moth, shiny|100/100
|-enditem|p1a: Iron Moth|Booster Energy
|-activate|p1a: Iron Moth|ability: Quark Drive|[fromitem]
|-start|p1a: Iron Moth|quarkdrivespa
|move|p2a: Enamorus|Focus Blast|p1a: Iron Moth|[miss]
|-miss|p2a: Enamorus|p1a: Iron Moth
|
|-weather|SunnyDay|[upkeep]
|upkeep
|turn|9
|
|t:|1743799845
|move|p1a: Iron Moth|Sludge Wave|p2a: Enamorus
|-supereffective|p2a: Enamorus
|-damage|p2a: Enamorus|0 fnt
|faint|p2a: Enamorus
|
|-weather|SunnyDay|[upkeep]
|upkeep
|
|t:|1743799853
|switch|p2a: ambatukam|Golem-Alola, M|100/100
|turn|10
|
|t:|1743799865
|move|p1a: Iron Moth|Energy Ball|p2a: ambatukam
|-supereffective|p2a: ambatukam
|-ability|p2a: ambatukam|Sturdy
|-damage|p2a: ambatukam|1/100
|move|p2a: ambatukam|Explosion|p1a: Iron Moth
|-damage|p1a: Iron Moth|0 fnt
|faint|p2a: ambatukam
|faint|p1a: Iron Moth
|-end|p1a: Iron Moth|Quark Drive|[silent]
|
|-weather|SunnyDay|[upkeep]
|upkeep
|
|t:|1743799877
|switch|p1a: Gliscor|Gliscor, F|30/100 tox
|switch|p2a: Garganacl|Garganacl, M|100/100
|turn|11
|
|t:|1743799884
|move|p1a: Gliscor|Earthquake|p2a: Garganacl
|-supereffective|p2a: Garganacl
|-damage|p2a: Garganacl|43/100
|move|p2a: Garganacl|Explosion|p1a: Gliscor
|-damage|p1a: Gliscor|0 fnt
|faint|p2a: Garganacl
|faint|p1a: Gliscor
|
|-weather|SunnyDay|[upkeep]
|upkeep
|
|t:|1743799894
|switch|p1a: Raging Bolt|Raging Bolt|100/100
|switch|p2a: bastardo|Qwilfish, F|100/100
|-activate|p1a: Raging Bolt|ability: Protosynthesis
|-start|p1a: Raging Bolt|protosynthesisspa
|turn|12
|
|t:|1743799903
|move|p2a: bastardo|Rain Dance|p2a: bastardo
|-weather|RainDance
|-end|p1a: Raging Bolt|Protosynthesis
|move|p1a: Raging Bolt|Thunderbolt|p2a: bastardo
|-supereffective|p2a: bastardo
|-enditem|p2a: bastardo|Focus Sash
|-damage|p2a: bastardo|1/100
|
|-weather|RainDance|[upkeep]
|upkeep
|turn|13
|
|t:|1743799912
|-terastallize|p1a: Raging Bolt|Fairy
|move|p2a: bastardo|Self-Destruct|p1a: Raging Bolt
|-damage|p1a: Raging Bolt|52/100
|faint|p2a: bastardo
|
|win|nveittikoski
|raw|nveittikoski's rating: 1168 &rarr; <strong>1189</strong><br />(+21 for winning)
|raw|Facilitobroder's rating: 1110 &rarr; <strong>1089</strong><br />(-21 for losing)
|l|☆nveittikoski
|player|p1|
|l|☆Facilitobroder
|player|p2|
