|j|☆ProteinMan11
|j|☆Nolanb246
|t:|1743881592
|gametype|singles
|player|p1|ProteinMan11|hiker-gen4|1619
|player|p2|Nolanb246|waitress|1581
|teamsize|p1|6
|teamsize|p2|6
|gen|9
|tier|[Gen 9] OU
|rated|
|rule|HP Percentage Mod: HP is shown in percentages
|rule|Endless Battle Clause: Forcing endless battles is banned
|rule|Species Clause: Limit one of each Pokémon
|rule|OHKO Clause: OHKO moves are banned
|rule|Evasion Items Clause: Evasion items are banned
|rule|Evasion Moves Clause: Evasion moves are banned
|rule|Sleep Moves Clause: Sleep-inducing moves are banned
|clearpoke
|poke|p1|Ninetales-Alola, M|
|poke|p1|Dragonite, M|
|poke|p1|Deoxys-Speed|
|poke|p1|Iron Valiant|
|poke|p1|Great Tusk|
|poke|p1|Polteageist|
|poke|p2|Gliscor, F|
|poke|p2|Zamazenta-*|
|poke|p2|Ting-Lu|
|poke|p2|Samurott-Hisui, F|
|poke|p2|Latios, M|
|poke|p2|Pecharunt|
|teampreview
|inactive|Battle timer is ON: inactive players will automatically lose when time's up. (requested by ProteinMan11)
|
|t:|1743881604
|start
|switch|p1a: Donald Trump|Ninetales-Alola, M|100/100
|switch|p2a: Pecharunt|Pecharunt|100/100
|-weather|Snowscape|[from] ability: Snow Warning|[of] p1a: Donald Trump
|turn|1
|
|t:|1743881607
|move|p1a: Donald Trump|Aurora Veil|p1a: Donald Trump
|-sidestart|p1: ProteinMan11|move: Aurora Veil
|move|p2a: Pecharunt|Parting Shot|p1a: Donald Trump
|-unboost|p1a: Donald Trump|atk|1
|-unboost|p1a: Donald Trump|spa|1
|
|t:|1743881611
|switch|p2a: Samurott|Samurott-Hisui, F, shiny|100/100|[from] Parting Shot
|
|-weather|Snowscape|[upkeep]
|upkeep
|turn|2
|
|t:|1743881616
|move|p1a: Donald Trump|Moonblast|p2a: Samurott
|-supereffective|p2a: Samurott
|-damage|p2a: Samurott|35/100
|-unboost|p2a: Samurott|spa|1
|move|p2a: Samurott|Ceaseless Edge|p1a: Donald Trump|[miss]
|-miss|p2a: Samurott|p1a: Donald Trump
|
|-weather|Snowscape|[upkeep]
|upkeep
|turn|3
|
|t:|1743881627
|switch|p2a: Pecharunt|Pecharunt|100/100
|move|p1a: Donald Trump|Moonblast|p2a: Pecharunt
|-resisted|p2a: Pecharunt
|-damage|p2a: Pecharunt|89/100
|
|-weather|Snowscape|[upkeep]
|upkeep
|turn|4
|
|t:|1743881636
|move|p1a: Donald Trump|Blizzard|p2a: Pecharunt
|-damage|p2a: Pecharunt|59/100
|move|p2a: Pecharunt|Malignant Chain|p1a: Donald Trump
|-supereffective|p1a: Donald Trump
|-damage|p1a: Donald Trump|60/100
|
|-weather|Snowscape|[upkeep]
|upkeep
|turn|5
|
|t:|1743881644
|move|p1a: Donald Trump|Blizzard|p2a: Pecharunt
|-damage|p2a: Pecharunt|31/100
|move|p2a: Pecharunt|Recover|p2a: Pecharunt
|-heal|p2a: Pecharunt|81/100
|
|-weather|none
|upkeep
|turn|6
|
|t:|1743881647
|move|p1a: Donald Trump|Encore|p2a: Pecharunt
|-start|p2a: Pecharunt|Encore
|move|p2a: Pecharunt|Recover|p2a: Pecharunt
|-heal|p2a: Pecharunt|100/100
|
|upkeep
|turn|7
|
|t:|1743881659
|switch|p1a: WAAAAATER|Polteageist|100/100
|switch|p2a: Zamazenta|Zamazenta, shiny|100/100
|-ability|p2a: Zamazenta|Dauntless Shield|boost
|-boost|p2a: Zamazenta|def|1
|
|upkeep
|turn|8
|
|t:|1743881662
|move|p2a: Zamazenta|Substitute|p2a: Zamazenta
|-start|p2a: Zamazenta|Substitute
|-damage|p2a: Zamazenta|75/100
|move|p1a: WAAAAATER|Shell Smash|p1a: WAAAAATER
|-unboost|p1a: WAAAAATER|def|1
|-unboost|p1a: WAAAAATER|spd|1
|-boost|p1a: WAAAAATER|atk|2
|-boost|p1a: WAAAAATER|spa|2
|-boost|p1a: WAAAAATER|spe|2
|
|-heal|p2a: Zamazenta|82/100|[from] item: Leftovers
|-sideend|p1: ProteinMan11|move: Aurora Veil
|upkeep
|turn|9
|
|t:|1743881670
|move|p1a: WAAAAATER|Stored Power|p2a: Zamazenta
|-supereffective|p2a: Zamazenta
|-end|p2a: Zamazenta|Substitute
|move|p2a: Zamazenta|Crunch|p1a: WAAAAATER
|-supereffective|p1a: WAAAAATER
|-enditem|p1a: WAAAAATER|Focus Sash
|-damage|p1a: WAAAAATER|1/100
|-unboost|p1a: WAAAAATER|def|1
|-ability|p1a: WAAAAATER|Weak Armor|boost
|-unboost|p1a: WAAAAATER|def|1
|-boost|p1a: WAAAAATER|spe|2
|
|-heal|p2a: Zamazenta|88/100|[from] item: Leftovers
|upkeep
|turn|10
|
|t:|1743881675
|switch|p2a: Samurott|Samurott-Hisui, F, shiny|35/100
|move|p1a: WAAAAATER|Stored Power|p2a: Samurott
|-immune|p2a: Samurott
|
|upkeep
|turn|11
|
|t:|1743881681
|move|p2a: Samurott|Sucker Punch|p1a: WAAAAATER
|-supereffective|p1a: WAAAAATER
|-damage|p1a: WAAAAATER|0 fnt
|faint|p1a: WAAAAATER
|
|upkeep
|
|t:|1743881687
|switch|p1a: Donald Trump|Ninetales-Alola, M|60/100
|-weather|Snowscape|[from] ability: Snow Warning|[of] p1a: Donald Trump
|turn|12
|
|t:|1743881694
|switch|p2a: Pecharunt|Pecharunt|100/100
|move|p1a: Donald Trump|Moonblast|p2a: Pecharunt
|-resisted|p2a: Pecharunt
|-damage|p2a: Pecharunt|82/100
|-unboost|p2a: Pecharunt|spa|1
|
|-weather|Snowscape|[upkeep]
|upkeep
|turn|13
|
|t:|1743881698
|move|p1a: Donald Trump|Aurora Veil|p1a: Donald Trump
|-sidestart|p1: ProteinMan11|move: Aurora Veil
|move|p2a: Pecharunt|Malignant Chain|p1a: Donald Trump
|-supereffective|p1a: Donald Trump
|-crit|p1a: Donald Trump
|-damage|p1a: Donald Trump|0 fnt
|faint|p1a: Donald Trump
|
|-weather|Snowscape|[upkeep]
|upkeep
|
|t:|1743881703
|switch|p1a: Darius|Iron Valiant|100/100
|-enditem|p1a: Darius|Booster Energy
|-activate|p1a: Darius|ability: Quark Drive|[fromitem]
|-start|p1a: Darius|quarkdrivespe
|turn|14
|
|t:|1743881708
|-terastallize|p1a: Darius|Steel
|move|p1a: Darius|Swords Dance|p1a: Darius
|-boost|p1a: Darius|atk|2
|move|p2a: Pecharunt|Parting Shot|p1a: Darius
|-unboost|p1a: Darius|atk|1
|-unboost|p1a: Darius|spa|1
|
|t:|1743881731
|switch|p2a: Gliscor|Gliscor, F, shiny|100/100|[from] Parting Shot
|
|-weather|Snowscape|[upkeep]
|-status|p2a: Gliscor|tox|[from] item: Toxic Orb
|upkeep
|turn|15
|
|t:|1743881749
|-terastallize|p2a: Gliscor|Fairy
|move|p1a: Darius|Spirit Break|p2a: Gliscor
|-damage|p2a: Gliscor|55/100 tox
|-unboost|p2a: Gliscor|spa|1
|move|p2a: Gliscor|Earthquake|p1a: Darius
|-supereffective|p1a: Darius
|-damage|p1a: Darius|59/100
|
|-weather|Snowscape|[upkeep]
|-heal|p2a: Gliscor|68/100 tox|[from] ability: Poison Heal
|upkeep
|turn|16
|
|t:|1743881760
|move|p1a: Darius|Swords Dance|p1a: Darius
|-boost|p1a: Darius|atk|2
|move|p2a: Gliscor|Earthquake|p1a: Darius
|-supereffective|p1a: Darius
|-damage|p1a: Darius|13/100
|
|-weather|none
|-heal|p2a: Gliscor|80/100 tox|[from] ability: Poison Heal
|upkeep
|turn|17
|
|t:|1743881764
|move|p1a: Darius|Spirit Break|p2a: Gliscor
|-damage|p2a: Gliscor|9/100 tox
|-unboost|p2a: Gliscor|spa|1
|move|p2a: Gliscor|Earthquake|p1a: Darius
|-supereffective|p1a: Darius
|-damage|p1a: Darius|0 fnt
|faint|p1a: Darius
|-end|p1a: Darius|Quark Drive|[silent]
|
|-heal|p2a: Gliscor|21/100 tox|[from] ability: Poison Heal
|upkeep
|
|t:|1743881770
|switch|p1a: Michael|Dragonite, M|100/100
|turn|18
|
|t:|1743881781
|switch|p2a: Zamazenta|Zamazenta, shiny|88/100
|move|p1a: Michael|Dragon Dance|p1a: Michael
|-boost|p1a: Michael|atk|1
|-boost|p1a: Michael|spe|1
|
|-heal|p2a: Zamazenta|94/100|[from] item: Leftovers
|upkeep
|turn|19
|
|t:|1743881791
|move|p2a: Zamazenta|Iron Defense|p2a: Zamazenta
|-boost|p2a: Zamazenta|def|2
|move|p1a: Michael|Earthquake|p2a: Zamazenta
|-damage|p2a: Zamazenta|72/100
|
|-heal|p2a: Zamazenta|78/100|[from] item: Leftovers
|upkeep
|turn|20
|
|t:|1743881797
|move|p2a: Zamazenta|Substitute|p2a: Zamazenta
|-start|p2a: Zamazenta|Substitute
|-damage|p2a: Zamazenta|53/100
|move|p1a: Michael|Dragon Dance|p1a: Michael
|-boost|p1a: Michael|atk|1
|-boost|p1a: Michael|spe|1
|
|-heal|p2a: Zamazenta|60/100|[from] item: Leftovers
|-sideend|p1: ProteinMan11|move: Aurora Veil
|upkeep
|turn|21
|
|t:|1743881799
|move|p1a: Michael|Outrage|p2a: Zamazenta
|-end|p2a: Zamazenta|Substitute
|move|p2a: Zamazenta|Iron Defense|p2a: Zamazenta
|-boost|p2a: Zamazenta|def|2
|
|-heal|p2a: Zamazenta|66/100|[from] item: Leftovers
|upkeep
|turn|22
|
|t:|1743881803
|move|p1a: Michael|Outrage|p2a: Zamazenta|[from] lockedmove
|-crit|p2a: Zamazenta
|-damage|p2a: Zamazenta|0 fnt
|faint|p2a: Zamazenta
|-start|p1a: Michael|confusion|[fatigue]
|
|upkeep
|
|t:|1743881818
|switch|p2a: Samurott|Samurott-Hisui, F, shiny|35/100
|turn|23
|
|t:|1743881821
|-activate|p1a: Michael|confusion
|move|p1a: Michael|Extreme Speed|p2a: Samurott
|-damage|p2a: Samurott|0 fnt
|faint|p2a: Samurott
|
|upkeep
|
|t:|1743881825
|switch|p2a: Latios|Latios, M, shiny|100/100
|turn|24
|
|t:|1743881828
|-activate|p1a: Michael|confusion
|move|p1a: Michael|Dragon Dance|p1a: Michael
|-boost|p1a: Michael|atk|1
|-boost|p1a: Michael|spe|1
|move|p2a: Latios|Draco Meteor|p1a: Michael
|-supereffective|p1a: Michael
|-damage|p1a: Michael|9/100
|-unboost|p2a: Latios|spa|2
|-enditem|p1a: Michael|Weakness Policy
|-boost|p1a: Michael|atk|2|[from] item: Weakness Policy
|-boost|p1a: Michael|spa|2|[from] item: Weakness Policy
|
|upkeep
|turn|25
|
|t:|1743881835
|-end|p1a: Michael|confusion
|move|p1a: Michael|Extreme Speed|p2a: Latios
|-damage|p2a: Latios|0 fnt
|faint|p2a: Latios
|
|upkeep
|
|t:|1743881839
|switch|p2a: Ting-Lu|Ting-Lu|100/100
|-ability|p2a: Ting-Lu|Vessel of Ruin
|turn|26
|
|t:|1743881846
|move|p1a: Michael|Outrage|p2a: Ting-Lu
|-damage|p2a: Ting-Lu|0 fnt
|faint|p2a: Ting-Lu
|
|upkeep
|-message|Nolanb246 forfeited.
|
|win|ProteinMan11
|raw|ProteinMan11's rating: 1619 &rarr; <strong>1637</strong><br />(+18 for winning)
|raw|Nolanb246's rating: 1581 &rarr; <strong>1563</strong><br />(-18 for losing)
|l|☆Nolanb246
|player|p2|
|l|☆ProteinMan11
|player|p1|
