|j|☆mamabama
|j|☆Itkenreiza
|t:|1743858101
|gametype|singles
|player|p1|mamabama|brycenman|1569
|player|p2|Itkenreiza|102|1622
|teamsize|p1|6
|teamsize|p2|6
|gen|9
|tier|[Gen 9] OU
|rated|
|rule|HP Percentage Mod: HP is shown in percentages
|rule|Endless Battle Clause: Forcing endless battles is banned
|rule|Species Clause: Limit one of each Pokémon
|rule|OHKO Clause: OHKO moves are banned
|rule|Evasion Items Clause: Evasion items are banned
|rule|Evasion Moves Clause: Evasion moves are banned
|rule|Sleep Moves Clause: Sleep-inducing moves are banned
|clearpoke
|poke|p1|Conkeldurr, F|
|poke|p1|Gholdengo|
|poke|p1|Greninja-*, M|
|poke|p1|Ninetales-Alola, F|
|poke|p1|Garchomp, M|
|poke|p1|Glimmora, M|
|poke|p2|Cinderace, M|
|poke|p2|Enamorus, F|
|poke|p2|Ogerpon-Wellspring, F|
|poke|p2|Basculegion, M|
|poke|p2|Zapdos-Galar|
|poke|p2|Politoed, F|
|teampreview
|inactive|Battle timer is ON: inactive players will automatically lose when time's up. (requested by Itkenreiza)
|c|☆Itkenreiza|oh no
|j| kingambit player
|c|☆Itkenreiza|not this time buddy
|c|☆mamabama|we'll see
|c|☆Itkenreiza|youll still win
|c|☆mamabama|hahaha
|c|☆mamabama|gl hf
|c|☆Itkenreiza|but i know now
|inactive|Itkenreiza has 120 seconds left.
|inactive|mamabama has 120 seconds left.
|
|t:|1743858146
|start
|switch|p1a: Gholdengo|Gholdengo|100/100
|switch|p2a: Politoed|Politoed, F|100/100
|-weather|RainDance|[from] ability: Drizzle|[of] p2a: Politoed
|turn|1
|
|t:|1743858150
|move|p1a: Gholdengo|Shadow Ball|p2a: Politoed
|-damage|p2a: Politoed|67/100
|move|p2a: Politoed|Hydro Pump|p1a: Gholdengo|[miss]
|-miss|p2a: Politoed|p1a: Gholdengo
|
|-weather|RainDance|[upkeep]
|upkeep
|turn|2
|l| kingambit player
|
|t:|1743858166
|switch|p2a: Enamorus|Enamorus, F|100/100
|move|p1a: Gholdengo|Shadow Ball|p2a: Enamorus
|-damage|p2a: Enamorus|74/100
|
|-weather|RainDance|[upkeep]
|upkeep
|turn|3
|
|t:|1743858175
|switch|p1a: Glimmora|Glimmora, M|100/100
|-item|p1a: Glimmora|Air Balloon
|move|p2a: Enamorus|Earth Power|p1a: Glimmora
|-immune|p1a: Glimmora
|
|-weather|RainDance|[upkeep]
|upkeep
|turn|4
|
|t:|1743858183
|move|p2a: Enamorus|Weather Ball|p1a: Glimmora
|-supereffective|p1a: Glimmora
|-damage|p1a: Glimmora|0 fnt
|-enditem|p1a: Glimmora|Air Balloon
|faint|p1a: Glimmora
|
|-weather|RainDance|[upkeep]
|upkeep
|
|t:|1743858185
|switch|p1a: Ninetales|Ninetales-Alola, F|100/100
|-weather|Snowscape|[from] ability: Snow Warning|[of] p1a: Ninetales
|turn|5
|
|t:|1743858193
|switch|p1a: Garchomp|Garchomp, M|100/100
|switch|p2a: Politoed|Politoed, F|67/100
|-weather|RainDance|[from] ability: Drizzle|[of] p2a: Politoed
|
|-weather|RainDance|[upkeep]
|upkeep
|turn|6
|
|t:|1743858198
|switch|p1a: Ninetales|Ninetales-Alola, F|100/100
|-weather|Snowscape|[from] ability: Snow Warning|[of] p1a: Ninetales
|move|p2a: Politoed|Ice Beam|p1a: Ninetales
|-resisted|p1a: Ninetales
|-damage|p1a: Ninetales|84/100
|
|-weather|Snowscape|[upkeep]
|upkeep
|turn|7
|
|t:|1743858204
|-terastallize|p1a: Ninetales|Ice
|move|p1a: Ninetales|Freeze-Dry|p2a: Politoed
|-supereffective|p2a: Politoed
|-damage|p2a: Politoed|9/100
|move|p2a: Politoed|Encore|p1a: Ninetales
|-start|p1a: Ninetales|Encore
|
|-weather|Snowscape|[upkeep]
|upkeep
|turn|8
|c|☆mamabama|i thought you knew
|c|☆Itkenreiza|i do
|c|☆Itkenreiza|it was planned
|c|☆mamabama|aight
|
|t:|1743858230
|switch|p2a: Cinderace|Cinderace, M|100/100
|move|p1a: Ninetales|Freeze-Dry|p2a: Cinderace
|-resisted|p2a: Cinderace
|-damage|p2a: Cinderace|70/100
|
|-weather|Snowscape|[upkeep]
|upkeep
|turn|9
|
|t:|1743858236
|switch|p1a: Garchomp|Garchomp, M|100/100
|move|p2a: Cinderace|U-turn|p1a: Garchomp
|-start|p2a: Cinderace|typechange|Bug|[from] ability: Libero
|-damage|p1a: Garchomp|77/100
|-damage|p2a: Cinderace|57/100|[from] ability: Rough Skin|[of] p1a: Garchomp
|-damage|p2a: Cinderace|41/100|[from] item: Rocky Helmet|[of] p1a: Garchomp
|
|t:|1743858242
|switch|p2a: Enamorus|Enamorus, F|74/100|[from] U-turn
|
|-weather|Snowscape|[upkeep]
|upkeep
|turn|10
|
|t:|1743858246
|switch|p1a: Gholdengo|Gholdengo|100/100
|move|p2a: Enamorus|Moonblast|p1a: Gholdengo
|-resisted|p1a: Gholdengo
|-damage|p1a: Gholdengo|76/100
|
|-weather|none
|-heal|p1a: Gholdengo|82/100|[from] item: Leftovers
|upkeep
|turn|11
|
|t:|1743858252
|move|p2a: Enamorus|Superpower|p1a: Gholdengo
|-immune|p1a: Gholdengo
|move|p1a: Gholdengo|Make It Rain|p2a: Enamorus
|-supereffective|p2a: Enamorus
|-damage|p2a: Enamorus|0 fnt
|-unboost|p1a: Gholdengo|spa|1
|faint|p2a: Enamorus
|
|-heal|p1a: Gholdengo|88/100|[from] item: Leftovers
|upkeep
|c|☆Itkenreiza|bruh
|c|☆Itkenreiza|you know i have earth powe
|c|☆Itkenreiza|damn
|
|t:|1743858269
|switch|p2a: Politoed|Politoed, F|9/100
|-weather|RainDance|[from] ability: Drizzle|[of] p2a: Politoed
|turn|12
|c|☆mamabama|and yet you didnt click ir :>
|
|t:|1743858277
|switch|p2a: Ogerpon|Ogerpon-Wellspring, F|100/100
|move|p1a: Gholdengo|Shadow Ball|p2a: Ogerpon
|-damage|p2a: Ogerpon|72/100
|
|-weather|RainDance|[upkeep]
|-heal|p1a: Gholdengo|94/100|[from] item: Leftovers
|upkeep
|turn|13
|
|t:|1743858286
|move|p2a: Ogerpon|Swords Dance|p2a: Ogerpon
|-boost|p2a: Ogerpon|atk|2
|move|p1a: Gholdengo|Shadow Ball|p2a: Ogerpon
|-damage|p2a: Ogerpon|43/100
|
|-weather|RainDance|[upkeep]
|-heal|p1a: Gholdengo|100/100|[from] item: Leftovers
|upkeep
|turn|14
|
|t:|1743858291
|move|p2a: Ogerpon|Ivy Cudgel|p1a: Gholdengo|[anim] Ivy Cudgel Water
|-damage|p1a: Gholdengo|0 fnt
|faint|p1a: Gholdengo
|
|-weather|RainDance|[upkeep]
|upkeep
|
|t:|1743858294
|switch|p1a: Ninetales|Ninetales-Alola, F, tera:Ice|84/100
|-weather|Snowscape|[from] ability: Snow Warning|[of] p1a: Ninetales
|turn|15
|inactive|Itkenreiza has 120 seconds left.
|j| idndnsjdkdk
|
|t:|1743858348
|-terastallize|p2a: Ogerpon|Water
|detailschange|p2a: Ogerpon|Ogerpon-Wellspring-Tera, F, tera:Water
|-ability|p2a: Ogerpon|Embody Aspect (Wellspring)|boost
|-boost|p2a: Ogerpon|spd|1
|move|p1a: Ninetales|Freeze-Dry|p2a: Ogerpon
|-supereffective|p2a: Ogerpon
|-damage|p2a: Ogerpon|0 fnt
|faint|p2a: Ogerpon
|
|-weather|Snowscape|[upkeep]
|upkeep
|c|☆Itkenreiza|ah spewing
|inactive|Itkenreiza has 90 seconds left.
|c|☆Itkenreiza|i checked the calc but maybe i was wrong
|
|t:|1743858371
|switch|p2a: Politoed|Politoed, F|9/100
|-weather|RainDance|[from] ability: Drizzle|[of] p2a: Politoed
|turn|16
|c|☆Itkenreiza|oh i forgot tera
|inactive|mamabama has 120 seconds left.
|
|t:|1743858409
|switch|p2a: Cinderace|Cinderace, M|41/100
|move|p1a: Ninetales|Freeze-Dry|p2a: Cinderace
|-resisted|p2a: Cinderace
|-damage|p2a: Cinderace|10/100
|
|-weather|RainDance|[upkeep]
|upkeep
|turn|17
|
|t:|1743858412
|move|p1a: Ninetales|Freeze-Dry|p2a: Cinderace
|-resisted|p2a: Cinderace
|-damage|p2a: Cinderace|0 fnt
|faint|p2a: Cinderace
|
|-weather|RainDance|[upkeep]
|upkeep
|
|t:|1743858414
|switch|p2a: Zapdos|Zapdos-Galar|100/100
|turn|18
|
|t:|1743858419
|switch|p1a: Garchomp|Garchomp, M|77/100
|move|p2a: Zapdos|Thunderous Kick|p1a: Garchomp
|-damage|p1a: Garchomp|46/100
|-unboost|p1a: Garchomp|def|1
|-damage|p2a: Zapdos|88/100|[from] ability: Rough Skin|[of] p1a: Garchomp
|-damage|p2a: Zapdos|72/100|[from] item: Rocky Helmet|[of] p1a: Garchomp
|
|-weather|RainDance|[upkeep]
|upkeep
|turn|19
|
|t:|1743858426
|move|p2a: Zapdos|Thunderous Kick|p1a: Garchomp
|-damage|p1a: Garchomp|0 fnt
|-damage|p2a: Zapdos|59/100|[from] ability: Rough Skin|[of] p1a: Garchomp
|-damage|p2a: Zapdos|43/100|[from] item: Rocky Helmet|[of] p1a: Garchomp
|faint|p1a: Garchomp
|
|-weather|RainDance|[upkeep]
|upkeep
|
|t:|1743858428
|switch|p1a: Ninetales|Ninetales-Alola, F, tera:Ice|84/100
|-weather|Snowscape|[from] ability: Snow Warning|[of] p1a: Ninetales
|turn|20
|
|t:|1743858430
|move|p1a: Ninetales|Freeze-Dry|p2a: Zapdos
|-supereffective|p2a: Zapdos
|-damage|p2a: Zapdos|0 fnt
|faint|p2a: Zapdos
|
|-weather|Snowscape|[upkeep]
|upkeep
|
|t:|1743858434
|switch|p2a: Politoed|Politoed, F|9/100
|-weather|RainDance|[from] ability: Drizzle|[of] p2a: Politoed
|turn|21
|
|t:|1743858438
|move|p1a: Ninetales|Freeze-Dry|p2a: Politoed
|-supereffective|p2a: Politoed
|-damage|p2a: Politoed|0 fnt
|faint|p2a: Politoed
|
|-weather|RainDance|[upkeep]
|upkeep
|j| testcolisee
|
|t:|1743858439
|switch|p2a: Basculegion|Basculegion, M|100/100
|turn|22
|
|t:|1743858442
|switch|p1a: Conkeldurr|Conkeldurr, F|100/100
|move|p2a: Basculegion|Wave Crash|p1a: Conkeldurr
|-damage|p1a: Conkeldurr|0 fnt
|faint|p1a: Conkeldurr
|-damage|p2a: Basculegion|68/100|[from] Recoil
|
|-weather|RainDance|[upkeep]
|upkeep
|
|t:|1743858444
|switch|p1a: Ninetales|Ninetales-Alola, F, tera:Ice|84/100
|-weather|Snowscape|[from] ability: Snow Warning|[of] p1a: Ninetales
|turn|23
|c|☆Itkenreiza|gg
|c|☆mamabama|gg
|
|t:|1743858448
|move|p1a: Ninetales|Freeze-Dry|p2a: Basculegion
|-supereffective|p2a: Basculegion
|-damage|p2a: Basculegion|0 fnt
|faint|p2a: Basculegion
|
|win|mamabama
|raw|mamabama's rating: 1569 &rarr; <strong>1592</strong><br />(+23 for winning)
|raw|Itkenreiza's rating: 1622 &rarr; <strong>1599</strong><br />(-23 for losing)
|l|☆Itkenreiza
|player|p2|
|l|☆mamabama
|player|p1|
|l| idndnsjdkdk
