|j|☆Mig_04
|j|☆megustamimir
|t:|1743912648
|gametype|singles
|player|p1|Mig_04|266|1105
|player|p2|megustamimir|palmer|1147
|teamsize|p1|6
|teamsize|p2|6
|gen|9
|tier|[Gen 9] OU
|rated|
|rule|HP Percentage Mod: HP is shown in percentages
|rule|Endless Battle Clause: Forcing endless battles is banned
|rule|Species Clause: Limit one of each Pokémon
|rule|OHKO Clause: OHKO moves are banned
|rule|Evasion Items Clause: Evasion items are banned
|rule|Evasion Moves Clause: Evasion moves are banned
|rule|Sleep Moves Clause: Sleep-inducing moves are banned
|clearpoke
|poke|p1|Kyurem|
|poke|p1|Sinistcha|
|poke|p1|Galvantula, M|
|poke|p1|Talonflame, F|
|poke|p1|Glimmora, F|
|poke|p1|Walking Wake|
|poke|p2|Primarina, F|
|poke|p2|Zapdos|
|poke|p2|Iron Moth|
|poke|p2|Galvantula, F|
|poke|p2|Ogerpon-Cornerstone, F|
|poke|p2|Great Tusk|
|teampreview
|
|t:|1743912658
|start
|switch|p1a: Glimmora|Glimmora, F|100/100
|switch|p2a: Galvantula|Galvantula, F, shiny|100/100
|-item|p1a: Glimmora|Air Balloon
|turn|1
|
|t:|1743912666
|move|p2a: Galvantula|Thunder|p1a: Glimmora
|-damage|p1a: Glimmora|55/100
|-enditem|p1a: Glimmora|Air Balloon
|move|p1a: Glimmora|Toxic|p2a: Galvantula
|-status|p2a: Galvantula|tox
|
|-damage|p2a: Galvantula|94/100 tox|[from] psn
|upkeep
|turn|2
|
|t:|1743912679
|move|p2a: Galvantula|Thunder|p1a: Glimmora
|-damage|p1a: Glimmora|12/100
|move|p1a: Glimmora|Stealth Rock|p2a: Galvantula
|-sidestart|p2: megustamimir|move: Stealth Rock
|
|-damage|p2a: Galvantula|82/100 tox|[from] psn
|upkeep
|turn|3
|
|t:|1743912688
|switch|p1a: Galvantula|Galvantula, M|100/100
|move|p2a: Galvantula|Sticky Web|p1a: Galvantula
|-sidestart|p1: Mig_04|move: Sticky Web
|
|-damage|p2a: Galvantula|64/100 tox|[from] psn
|upkeep
|turn|4
|
|t:|1743912699
|switch|p2a: Great Tusk|Great Tusk|100/100
|-damage|p2a: Great Tusk|98/100|[from] Stealth Rock
|move|p1a: Galvantula|Sticky Web|p2a: Great Tusk
|-sidestart|p2: megustamimir|move: Sticky Web
|
|upkeep
|turn|5
|
|t:|1743912711
|switch|p1a: Sinistcha|Sinistcha|100/100
|-activate|p1a: Sinistcha|move: Sticky Web
|-unboost|p1a: Sinistcha|spe|1
|move|p2a: Great Tusk|Ice Spinner|p1a: Sinistcha
|-supereffective|p1a: Sinistcha
|-damage|p1a: Sinistcha|48/100
|
|-heal|p1a: Sinistcha|55/100|[from] item: Leftovers
|upkeep
|turn|6
|
|t:|1743912721
|move|p2a: Great Tusk|Ice Spinner|p1a: Sinistcha
|-supereffective|p1a: Sinistcha
|-damage|p1a: Sinistcha|6/100
|move|p1a: Sinistcha|Strength Sap|p2a: Great Tusk
|-unboost|p2a: Great Tusk|atk|1
|-heal|p1a: Sinistcha|100/100
|
|upkeep
|turn|7
|
|t:|1743912735
|-end|p2a: Great Tusk|Protosynthesis|[silent]
|switch|p2a: Zapdos|Zapdos|100/100
|-damage|p2a: Zapdos|76/100|[from] Stealth Rock
|move|p1a: Sinistcha|Matcha Gotcha|p2a: Zapdos
|-resisted|p2a: Zapdos
|-damage|p2a: Zapdos|55/100
|
|-heal|p2a: Zapdos|61/100|[from] item: Leftovers
|upkeep
|turn|8
|
|t:|1743912752
|move|p2a: Zapdos|Roost|p2a: Zapdos
|-heal|p2a: Zapdos|100/100
|-singleturn|p2a: Zapdos|move: Roost
|move|p1a: Sinistcha|Calm Mind|p1a: Sinistcha
|-boost|p1a: Sinistcha|spa|1
|-boost|p1a: Sinistcha|spd|1
|
|upkeep
|turn|9
|
|t:|1743912763
|move|p2a: Zapdos|Heat Wave|p1a: Sinistcha
|-supereffective|p1a: Sinistcha
|-damage|p1a: Sinistcha|75/100
|move|p1a: Sinistcha|Matcha Gotcha|p2a: Zapdos
|-resisted|p2a: Zapdos
|-damage|p2a: Zapdos|75/100
|-heal|p1a: Sinistcha|90/100|[from] drain|[of] p2a: Zapdos
|
|-heal|p2a: Zapdos|81/100|[from] item: Leftovers
|-heal|p1a: Sinistcha|96/100|[from] item: Leftovers
|upkeep
|turn|10
|
|t:|1743912778
|move|p2a: Zapdos|Heat Wave|p1a: Sinistcha
|-supereffective|p1a: Sinistcha
|-damage|p1a: Sinistcha|72/100
|move|p1a: Sinistcha|Calm Mind|p1a: Sinistcha
|-boost|p1a: Sinistcha|spa|1
|-boost|p1a: Sinistcha|spd|1
|
|-heal|p2a: Zapdos|87/100|[from] item: Leftovers
|-heal|p1a: Sinistcha|79/100|[from] item: Leftovers
|upkeep
|turn|11
|
|t:|1743912820
|move|p2a: Zapdos|Heat Wave|p1a: Sinistcha
|-supereffective|p1a: Sinistcha
|-damage|p1a: Sinistcha|61/100
|move|p1a: Sinistcha|Matcha Gotcha|p2a: Zapdos
|-resisted|p2a: Zapdos
|-damage|p2a: Zapdos|51/100
|-heal|p1a: Sinistcha|81/100|[from] drain|[of] p2a: Zapdos
|
|-heal|p2a: Zapdos|57/100|[from] item: Leftovers
|-heal|p1a: Sinistcha|87/100|[from] item: Leftovers
|upkeep
|turn|12
|
|t:|1743912834
|move|p2a: Zapdos|Heat Wave|p1a: Sinistcha
|-supereffective|p1a: Sinistcha
|-damage|p1a: Sinistcha|70/100
|-status|p1a: Sinistcha|brn
|move|p1a: Sinistcha|Scald|p2a: Zapdos
|-damage|p2a: Zapdos|10/100
|
|-heal|p2a: Zapdos|16/100|[from] item: Leftovers
|-heal|p1a: Sinistcha|76/100 brn|[from] item: Leftovers
|-damage|p1a: Sinistcha|73/100 brn|[from] brn
|upkeep
|turn|13
|
|t:|1743912849
|move|p2a: Zapdos|Heat Wave|p1a: Sinistcha
|-supereffective|p1a: Sinistcha
|-damage|p1a: Sinistcha|54/100 brn
|move|p1a: Sinistcha|Matcha Gotcha|p2a: Zapdos
|-resisted|p2a: Zapdos
|-crit|p2a: Zapdos
|-damage|p2a: Zapdos|0 fnt
|-heal|p1a: Sinistcha|63/100 brn|[from] drain|[of] p2a: Zapdos
|faint|p2a: Zapdos
|
|-heal|p1a: Sinistcha|69/100 brn|[from] item: Leftovers
|-damage|p1a: Sinistcha|66/100 brn|[from] brn
|upkeep
|
|t:|1743912866
|switch|p2a: Ogerpon|Ogerpon-Cornerstone, F|100/100
|-damage|p2a: Ogerpon|88/100|[from] Stealth Rock
|-activate|p2a: Ogerpon|move: Sticky Web
|-unboost|p2a: Ogerpon|spe|1
|turn|14
|
|t:|1743912875
|-terastallize|p2a: Ogerpon|Rock
|detailschange|p2a: Ogerpon|Ogerpon-Cornerstone-Tera, F, tera:Rock
|-ability|p2a: Ogerpon|Embody Aspect (Cornerstone)|boost
|-boost|p2a: Ogerpon|def|1
|move|p2a: Ogerpon|Ivy Cudgel|p1a: Sinistcha|[anim] Ivy Cudgel Rock
|-crit|p1a: Sinistcha
|-damage|p1a: Sinistcha|0 fnt
|faint|p1a: Sinistcha
|
|upkeep
|
|t:|1743912897
|switch|p1a: Talonflame|Talonflame, F|100/100
|turn|15
|
|t:|1743912914
|move|p1a: Talonflame|U-turn|p2a: Ogerpon
|-damage|p2a: Ogerpon|75/100
|
|t:|1743912920
|switch|p1a: Galvantula|Galvantula, M|100/100|[from] U-turn
|-activate|p1a: Galvantula|move: Sticky Web
|-unboost|p1a: Galvantula|spe|1
|move|p2a: Ogerpon|Ivy Cudgel|p1a: Galvantula|[anim] Ivy Cudgel Rock
|-supereffective|p1a: Galvantula
|-enditem|p1a: Galvantula|Focus Sash
|-damage|p1a: Galvantula|1/100
|
|upkeep
|turn|16
|
|t:|1743912932
|move|p1a: Galvantula|Thunder Wave|p2a: Ogerpon
|-status|p2a: Ogerpon|par
|move|p2a: Ogerpon|Ivy Cudgel|p1a: Galvantula|[anim] Ivy Cudgel Rock
|-supereffective|p1a: Galvantula
|-damage|p1a: Galvantula|0 fnt
|faint|p1a: Galvantula
|
|upkeep
|
|t:|1743912945
|switch|p1a: Glimmora|Glimmora, F|12/100
|-activate|p1a: Glimmora|move: Sticky Web
|-unboost|p1a: Glimmora|spe|1
|turn|17
|
|t:|1743912950
|move|p1a: Glimmora|Mortal Spin|p2a: Ogerpon
|-resisted|p2a: Ogerpon
|-damage|p2a: Ogerpon|72/100 par
|-sideend|p1: Mig_04|Sticky Web|[from] move: Mortal Spin|[of] p1a: Glimmora
|move|p2a: Ogerpon|Ivy Cudgel|p1a: Glimmora|[anim] Ivy Cudgel Rock
|-damage|p1a: Glimmora|0 fnt
|faint|p1a: Glimmora
|
|upkeep
|
|t:|1743912961
|switch|p1a: Talonflame|Talonflame, F|100/100
|turn|18
|
|t:|1743912964
|move|p1a: Talonflame|Sunny Day|p1a: Talonflame
|-weather|SunnyDay
|cant|p2a: Ogerpon|par
|
|-weather|SunnyDay|[upkeep]
|upkeep
|turn|19
|
|t:|1743912970
|move|p1a: Talonflame|U-turn|p2a: Ogerpon
|-damage|p2a: Ogerpon|59/100 par
|
|t:|1743912973
|switch|p1a: Walking Wake|Walking Wake|100/100|[from] U-turn
|-activate|p1a: Walking Wake|ability: Protosynthesis
|-start|p1a: Walking Wake|protosynthesisspa
|move|p2a: Ogerpon|Ivy Cudgel|p1a: Walking Wake|[anim] Ivy Cudgel Rock
|-damage|p1a: Walking Wake|6/100
|
|-weather|SunnyDay|[upkeep]
|upkeep
|turn|20
|
|t:|1743912984
|move|p1a: Walking Wake|Hydro Steam|p2a: Ogerpon
|-supereffective|p2a: Ogerpon
|-damage|p2a: Ogerpon|0 fnt
|faint|p2a: Ogerpon
|-damage|p1a: Walking Wake|0 fnt|[from] item: Life Orb
|faint|p1a: Walking Wake
|-end|p1a: Walking Wake|Protosynthesis|[silent]
|
|-weather|SunnyDay|[upkeep]
|upkeep
|
|t:|1743913001
|switch|p1a: Kyurem|Kyurem|100/100
|switch|p2a: Primarina|Primarina, F, shiny|100/100
|-ability|p1a: Kyurem|Pressure
|-damage|p2a: Primarina|88/100|[from] Stealth Rock
|-activate|p2a: Primarina|move: Sticky Web
|-unboost|p2a: Primarina|spe|1
|turn|21
|
|t:|1743913010
|-terastallize|p1a: Kyurem|Ice
|move|p1a: Kyurem|Dragon Dance|p1a: Kyurem
|-boost|p1a: Kyurem|atk|1
|-boost|p1a: Kyurem|spe|1
|move|p2a: Primarina|Moonblast|p1a: Kyurem
|-damage|p1a: Kyurem|56/100
|
|-weather|SunnyDay|[upkeep]
|upkeep
|turn|22
|
|t:|1743913024
|move|p1a: Kyurem|Icicle Spear|p2a: Primarina
|-resisted|p2a: Primarina
|-damage|p2a: Primarina|75/100
|-resisted|p2a: Primarina
|-damage|p2a: Primarina|63/100
|-resisted|p2a: Primarina
|-damage|p2a: Primarina|50/100
|-resisted|p2a: Primarina
|-damage|p2a: Primarina|36/100
|-resisted|p2a: Primarina
|-damage|p2a: Primarina|24/100
|-hitcount|p2a: Primarina|5
|move|p2a: Primarina|Moonblast|p1a: Kyurem
|-damage|p1a: Kyurem|11/100
|-unboost|p1a: Kyurem|spa|1
|
|-weather|none
|upkeep
|turn|23
|
|t:|1743913039
|move|p1a: Kyurem|Icicle Spear|p2a: Primarina
|-resisted|p2a: Primarina
|-damage|p2a: Primarina|11/100
|-resisted|p2a: Primarina
|-damage|p2a: Primarina|0 fnt
|faint|p2a: Primarina
|-hitcount|p2: Primarina|2
|
|upkeep
|
|t:|1743913047
|switch|p2a: Iron Moth|Iron Moth|100/100
|-damage|p2a: Iron Moth|76/100|[from] Stealth Rock
|-activate|p2a: Iron Moth|move: Sticky Web
|-unboost|p2a: Iron Moth|spe|1
|-enditem|p2a: Iron Moth|Booster Energy
|-activate|p2a: Iron Moth|ability: Quark Drive|[fromitem]
|-start|p2a: Iron Moth|quarkdrivespa
|turn|24
|
|t:|1743913055
|move|p1a: Kyurem|Zen Headbutt|p2a: Iron Moth
|-supereffective|p2a: Iron Moth
|-damage|p2a: Iron Moth|0 fnt
|faint|p2a: Iron Moth
|-end|p2a: Iron Moth|Quark Drive|[silent]
|
|upkeep
|inactive|Battle timer is ON: inactive players will automatically lose when time's up. (requested by megustamimir)
|
|t:|1743913059
|switch|p2a: Great Tusk|Great Tusk|98/100
|-damage|p2a: Great Tusk|95/100|[from] Stealth Rock
|-activate|p2a: Great Tusk|move: Sticky Web
|-unboost|p2a: Great Tusk|spe|1
|turn|25
|
|t:|1743913070
|move|p1a: Kyurem|Icicle Spear|p2a: Great Tusk
|-supereffective|p2a: Great Tusk
|-damage|p2a: Great Tusk|61/100
|-supereffective|p2a: Great Tusk
|-damage|p2a: Great Tusk|31/100
|-supereffective|p2a: Great Tusk
|-damage|p2a: Great Tusk|0 fnt
|faint|p2a: Great Tusk
|-end|p2a: Great Tusk|Protosynthesis|[silent]
|-hitcount|p2: Great Tusk|3
|
|upkeep
|
|t:|1743913071
|switch|p2a: Galvantula|Galvantula, F, shiny|64/100 tox
|-damage|p2a: Galvantula|39/100 tox|[from] Stealth Rock
|-activate|p2a: Galvantula|move: Sticky Web
|-unboost|p2a: Galvantula|spe|1
|turn|26
|
|t:|1743913083
|move|p1a: Kyurem|Icicle Spear|p2a: Galvantula
|-damage|p2a: Galvantula|6/100 tox
|-damage|p2a: Galvantula|0 fnt
|faint|p2a: Galvantula
|-hitcount|p2: Galvantula|2
|
|win|Mig_04
|raw|Mig_04's rating: 1105 &rarr; <strong>1133</strong><br />(+28 for winning)
|raw|megustamimir's rating: 1147 &rarr; <strong>1119</strong><br />(-28 for losing)
|l|☆Mig_04
|player|p1|
