|j|☆willie14
|j|☆Cam1610
|t:|1743860541
|gametype|singles
|player|p1|willie14|1|1447
|player|p2|Cam1610|hiker-gen4|1527
|teamsize|p1|6
|teamsize|p2|6
|gen|9
|tier|[Gen 9] OU
|rated|
|rule|HP Percentage Mod: HP is shown in percentages
|rule|Endless Battle Clause: Forcing endless battles is banned
|rule|Species Clause: Limit one of each Pokémon
|rule|OHKO Clause: OHKO moves are banned
|rule|Evasion Items Clause: Evasion items are banned
|rule|Evasion Moves Clause: Evasion moves are banned
|rule|Sleep Moves Clause: Sleep-inducing moves are banned
|clearpoke
|poke|p1|Torterra, F|
|poke|p1|Dragonite, M|
|poke|p1|Corviknight, F|
|poke|p1|Deoxys-Speed|
|poke|p1|Samurott-Hisui, M|
|poke|p1|Weavile, F|
|poke|p2|Darkrai|
|poke|p2|Ceruledge, M|
|poke|p2|Ursaluna, F|
|poke|p2|Kingambit, M|
|poke|p2|Noivern, M|
|poke|p2|Scizor, F|
|teampreview
|inactive|Battle timer is ON: inactive players will automatically lose when time's up. (requested by Cam1610)
|
|t:|1743860567
|start
|switch|p1a: Samurott|Samurott-Hisui, M|100/100
|switch|p2a: Beru|Scizor, F|100/100
|turn|1
|inactive|Cam1610 has 120 seconds left.
|
|t:|1743860617
|switch|p1a: Corviknight|Corviknight, F|100/100
|-ability|p1a: Corviknight|Pressure
|move|p2a: Beru|U-turn|p1a: Corviknight
|-resisted|p1a: Corviknight
|-damage|p1a: Corviknight|91/100
|
|t:|1743860622
|switch|p2a: Tank|Ursaluna, F, shiny|100/100|[from] U-turn
|
|-heal|p1a: Corviknight|98/100|[from] item: Leftovers
|-status|p2a: Tank|brn|[from] item: Flame Orb
|upkeep
|turn|2
|
|t:|1743860629
|move|p1a: Corviknight|Body Press|p2a: Tank
|-supereffective|p2a: Tank
|-damage|p2a: Tank|65/100 brn
|move|p2a: Tank|Supercell Slam|p1a: Corviknight
|-supereffective|p1a: Corviknight
|-damage|p1a: Corviknight|29/100
|
|-heal|p1a: Corviknight|35/100|[from] item: Leftovers
|-damage|p2a: Tank|59/100 brn|[from] brn
|upkeep
|turn|3
|
|t:|1743860634
|move|p1a: Corviknight|U-turn|p2a: Tank
|-damage|p2a: Tank|49/100 brn
|
|t:|1743860641
|switch|p1a: Dragonite|Dragonite, M|100/100|[from] U-turn
|move|p2a: Tank|Facade|p1a: Dragonite
|-damage|p1a: Dragonite|33/100
|
|-damage|p2a: Tank|42/100 brn|[from] brn
|upkeep
|turn|4
|inactive|Cam1610 has 120 seconds left.
|
|t:|1743860663
|move|p1a: Dragonite|Outrage|p2a: Tank
|-damage|p2a: Tank|0 fnt
|faint|p2a: Tank
|
|upkeep
|inactive|Cam1610 has 120 seconds left.
|
|t:|1743860672
|switch|p2a: Igris|Ceruledge, M|100/100
|turn|5
|
|t:|1743860676
|move|p2a: Igris|Swords Dance|p2a: Igris
|-boost|p2a: Igris|atk|2
|move|p1a: Dragonite|Outrage|p2a: Igris|[from] lockedmove
|-enditem|p2a: Igris|Focus Sash
|-damage|p2a: Igris|1/100
|-ability|p2a: Igris|Weak Armor|boost
|-unboost|p2a: Igris|def|1
|-boost|p2a: Igris|spe|2
|
|upkeep
|turn|6
|
|t:|1743860690
|move|p2a: Igris|Shadow Sneak|p1a: Dragonite
|-damage|p1a: Dragonite|0 fnt
|faint|p1a: Dragonite
|
|upkeep
|
|t:|1743860696
|switch|p1a: Weavile|Weavile, F|100/100
|-ability|p1a: Weavile|Pressure
|turn|7
|
|t:|1743860711
|move|p1a: Weavile|Ice Shard|p2a: Igris
|-resisted|p2a: Igris
|-damage|p2a: Igris|0 fnt
|faint|p2a: Igris
|
|upkeep
|
|t:|1743860716
|switch|p2a: Beru|Scizor, F|100/100
|turn|8
|
|t:|1743860727
|move|p1a: Weavile|Knock Off|p2a: Beru
|-damage|p2a: Beru|56/100
|-enditem|p2a: Beru|Choice Band|[from] move: Knock Off|[of] p1a: Weavile
|move|p2a: Beru|U-turn|p1a: Weavile
|-supereffective|p1a: Weavile
|-damage|p1a: Weavile|0 fnt
|faint|p1a: Weavile
|
|t:|1743860756
|switch|p2a: Tusk|Darkrai, shiny|100/100|[from] U-turn
|
|upkeep
|
|t:|1743860766
|switch|p1a: Samurott|Samurott-Hisui, M|100/100
|turn|9
|
|t:|1743860769
|move|p2a: Tusk|Sludge Bomb|p1a: Samurott
|-damage|p1a: Samurott|64/100
|-status|p1a: Samurott|psn
|-damage|p2a: Tusk|91/100|[from] item: Life Orb
|move|p1a: Samurott|Ceaseless Edge|p2a: Tusk
|-resisted|p2a: Tusk
|-damage|p2a: Tusk|63/100
|-sidestart|p2: Cam1610|Spikes
|
|-damage|p1a: Samurott|52/100 psn|[from] psn
|upkeep
|turn|10
|
|t:|1743860773
|move|p2a: Tusk|Sludge Bomb|p1a: Samurott
|-damage|p1a: Samurott|13/100 psn
|-damage|p2a: Tusk|53/100|[from] item: Life Orb
|move|p1a: Samurott|Flip Turn|p2a: Tusk
|-damage|p2a: Tusk|23/100
|
|t:|1743860776
|switch|p1a: Deoxys|Deoxys-Speed|100/100|[from] Flip Turn
|-ability|p1a: Deoxys|Pressure
|
|upkeep
|turn|11
|
|t:|1743860779
|move|p1a: Deoxys|Stealth Rock|p2a: Tusk
|-sidestart|p2: Cam1610|move: Stealth Rock
|move|p2a: Tusk|Dark Pulse|p1a: Deoxys
|-supereffective|p1a: Deoxys
|-enditem|p1a: Deoxys|Focus Sash
|-damage|p1a: Deoxys|1/100
|-damage|p2a: Tusk|13/100|[from] item: Life Orb
|
|upkeep
|turn|12
|
|t:|1743860780
|move|p1a: Deoxys|Ice Beam|p2a: Tusk
|-damage|p2a: Tusk|0 fnt
|faint|p2a: Tusk
|
|upkeep
|
|t:|1743860782
|switch|p2a: Beru|Scizor, F|56/100
|-damage|p2a: Beru|44/100|[from] Spikes
|-damage|p2a: Beru|31/100|[from] Stealth Rock
|turn|13
|
|t:|1743860785
|move|p2a: Beru|Bullet Punch|p1a: Deoxys
|-damage|p1a: Deoxys|0 fnt
|faint|p1a: Deoxys
|
|upkeep
|
|t:|1743860789
|switch|p1a: Corviknight|Corviknight, F|35/100
|-ability|p1a: Corviknight|Pressure
|turn|14
|
|t:|1743860792
|move|p1a: Corviknight|Roost|p1a: Corviknight
|-heal|p1a: Corviknight|85/100
|-singleturn|p1a: Corviknight|move: Roost
|move|p2a: Beru|Close Combat|p1a: Corviknight
|-supereffective|p1a: Corviknight
|-damage|p1a: Corviknight|32/100
|-unboost|p2a: Beru|def|1
|-unboost|p2a: Beru|spd|1
|
|-heal|p1a: Corviknight|39/100|[from] item: Leftovers
|upkeep
|turn|15
|
|t:|1743860794
|move|p1a: Corviknight|Roost|p1a: Corviknight
|-heal|p1a: Corviknight|89/100
|-singleturn|p1a: Corviknight|move: Roost
|move|p2a: Beru|U-turn|p1a: Corviknight
|-resisted|p1a: Corviknight
|-damage|p1a: Corviknight|76/100
|
|t:|1743860797
|switch|p2a: Kaisel|Noivern, M|100/100|[from] U-turn
|-damage|p2a: Kaisel|76/100|[from] Stealth Rock
|
|-heal|p1a: Corviknight|82/100|[from] item: Leftovers
|upkeep
|turn|16
|
|t:|1743860800
|move|p2a: Kaisel|Defog|p1a: Corviknight
|-unboost|p1a: Corviknight|evasion|1
|-sideend|p2: Cam1610|Spikes|[from] move: Defog|[of] p2a: Kaisel
|-sideend|p2: Cam1610|Stealth Rock|[from] move: Defog|[of] p2a: Kaisel
|move|p1a: Corviknight|U-turn|p2a: Kaisel
|-resisted|p2a: Kaisel
|-damage|p2a: Kaisel|66/100
|
|t:|1743860806
|switch|p1a: Samurott|Samurott-Hisui, M|13/100 psn|[from] U-turn
|
|-damage|p1a: Samurott|1/100 psn|[from] psn
|upkeep
|turn|17
|
|t:|1743860809
|move|p1a: Samurott|Sucker Punch|p2a: Kaisel
|-damage|p2a: Kaisel|28/100
|move|p2a: Kaisel|Boomburst|p1a: Samurott
|-damage|p1a: Samurott|0 fnt
|faint|p1a: Samurott
|-enditem|p2a: Kaisel|Throat Spray
|-boost|p2a: Kaisel|spa|1|[from] item: Throat Spray
|
|upkeep
|
|t:|1743860813
|switch|p1a: Corviknight|Corviknight, F|82/100
|-ability|p1a: Corviknight|Pressure
|turn|18
|
|t:|1743860816
|move|p2a: Kaisel|Hurricane|p1a: Corviknight
|-resisted|p1a: Corviknight
|-damage|p1a: Corviknight|50/100
|move|p1a: Corviknight|Body Press|p2a: Kaisel
|-resisted|p2a: Kaisel
|-damage|p2a: Kaisel|10/100
|
|-heal|p1a: Corviknight|56/100|[from] item: Leftovers
|upkeep
|turn|19
|
|t:|1743860822
|move|p2a: Kaisel|Hurricane|p1a: Corviknight
|-resisted|p1a: Corviknight
|-damage|p1a: Corviknight|22/100
|move|p1a: Corviknight|Roost|p1a: Corviknight
|-heal|p1a: Corviknight|72/100
|-singleturn|p1a: Corviknight|move: Roost
|
|-heal|p1a: Corviknight|78/100|[from] item: Leftovers
|upkeep
|turn|20
|
|t:|1743860826
|move|p2a: Kaisel|Hurricane|p1a: Corviknight
|-resisted|p1a: Corviknight
|-damage|p1a: Corviknight|47/100
|-start|p1a: Corviknight|confusion
|-activate|p1a: Corviknight|confusion
|-damage|p1a: Corviknight|42/100|[from] confusion
|
|-heal|p1a: Corviknight|48/100|[from] item: Leftovers
|upkeep
|turn|21
|
|t:|1743860830
|move|p2a: Kaisel|Hurricane|p1a: Corviknight
|-resisted|p1a: Corviknight
|-damage|p1a: Corviknight|14/100
|-activate|p1a: Corviknight|confusion
|move|p1a: Corviknight|Roost|p1a: Corviknight
|-heal|p1a: Corviknight|64/100
|-singleturn|p1a: Corviknight|move: Roost
|
|-heal|p1a: Corviknight|70/100|[from] item: Leftovers
|upkeep
|turn|22
|
|t:|1743860836
|move|p2a: Kaisel|Hurricane|p1a: Corviknight
|-resisted|p1a: Corviknight
|-damage|p1a: Corviknight|36/100
|-end|p1a: Corviknight|confusion
|move|p1a: Corviknight|Roost|p1a: Corviknight
|-heal|p1a: Corviknight|86/100
|-singleturn|p1a: Corviknight|move: Roost
|
|-heal|p1a: Corviknight|93/100|[from] item: Leftovers
|upkeep
|turn|23
|
|t:|1743860856
|move|p2a: Kaisel|Hurricane|p1a: Corviknight
|-resisted|p1a: Corviknight
|-damage|p1a: Corviknight|60/100
|move|p1a: Corviknight|U-turn|p2a: Kaisel
|-resisted|p2a: Kaisel
|-damage|p2a: Kaisel|1/100
|
|t:|1743860858
|switch|p1a: Torterra|Torterra, F|100/100|[from] U-turn
|
|upkeep
|turn|24
|
|t:|1743860865
|-terastallize|p1a: Torterra|Steel
|move|p2a: Kaisel|Hurricane|p1a: Torterra|[miss]
|-miss|p2a: Kaisel|p1a: Torterra
|move|p1a: Torterra|Shell Smash|p1a: Torterra
|-unboost|p1a: Torterra|def|1
|-unboost|p1a: Torterra|spd|1
|-boost|p1a: Torterra|atk|2
|-boost|p1a: Torterra|spa|2
|-boost|p1a: Torterra|spe|2
|
|upkeep
|turn|25
|
|t:|1743860870
|move|p1a: Torterra|Bullet Seed|p2a: Kaisel
|-resisted|p2a: Kaisel
|-damage|p2a: Kaisel|0 fnt
|faint|p2a: Kaisel
|-hitcount|p2: Kaisel|1
|
|upkeep
|
|t:|1743860872
|switch|p2a: Beru|Scizor, F|31/100
|turn|26
|
|t:|1743860878
|move|p2a: Beru|Bullet Punch|p1a: Torterra
|-resisted|p1a: Torterra
|-damage|p1a: Torterra|76/100
|move|p1a: Torterra|Rock Blast|p2a: Beru
|-damage|p2a: Beru|14/100
|-damage|p2a: Beru|0 fnt
|faint|p2a: Beru
|-hitcount|p2: Beru|2
|
|upkeep
|
|t:|1743860880
|switch|p2a: Sung Jin Woo|Kingambit, M, shiny|100/100
|-activate|p2a: Sung Jin Woo|ability: Supreme Overlord
|-start|p2a: Sung Jin Woo|fallen5|[silent]
|turn|27
|
|t:|1743860883
|-terastallize|p2a: Sung Jin Woo|Fairy
|move|p2a: Sung Jin Woo|Sucker Punch|p1a: Torterra
|-damage|p1a: Torterra|0 fnt
|faint|p1a: Torterra
|
|upkeep
|
|t:|1743860886
|switch|p1a: Corviknight|Corviknight, F|60/100
|-ability|p1a: Corviknight|Pressure
|turn|28
|
|t:|1743860889
|move|p1a: Corviknight|Roost|p1a: Corviknight
|-heal|p1a: Corviknight|100/100
|-singleturn|p1a: Corviknight|move: Roost
|move|p2a: Sung Jin Woo|Kowtow Cleave|p1a: Corviknight
|-damage|p1a: Corviknight|56/100
|
|-heal|p1a: Corviknight|62/100|[from] item: Leftovers
|upkeep
|turn|29
|
|t:|1743860892
|move|p1a: Corviknight|Body Press|p2a: Sung Jin Woo
|-resisted|p2a: Sung Jin Woo
|-damage|p2a: Sung Jin Woo|91/100
|move|p2a: Sung Jin Woo|Kowtow Cleave|p1a: Corviknight
|-damage|p1a: Corviknight|17/100
|
|-heal|p1a: Corviknight|23/100|[from] item: Leftovers
|-heal|p2a: Sung Jin Woo|97/100|[from] item: Leftovers
|upkeep
|turn|30
|
|t:|1743860895
|move|p1a: Corviknight|Roost|p1a: Corviknight
|-heal|p1a: Corviknight|73/100
|-singleturn|p1a: Corviknight|move: Roost
|move|p2a: Sung Jin Woo|Kowtow Cleave|p1a: Corviknight
|-damage|p1a: Corviknight|32/100
|
|-heal|p1a: Corviknight|38/100|[from] item: Leftovers
|-heal|p2a: Sung Jin Woo|100/100|[from] item: Leftovers
|upkeep
|turn|31
|
|t:|1743860899
|move|p1a: Corviknight|Roost|p1a: Corviknight
|-heal|p1a: Corviknight|88/100
|-singleturn|p1a: Corviknight|move: Roost
|move|p2a: Sung Jin Woo|Kowtow Cleave|p1a: Corviknight
|-damage|p1a: Corviknight|46/100
|
|-heal|p1a: Corviknight|52/100|[from] item: Leftovers
|upkeep
|turn|32
|
|t:|1743860911
|move|p1a: Corviknight|Body Press|p2a: Sung Jin Woo
|-resisted|p2a: Sung Jin Woo
|-damage|p2a: Sung Jin Woo|91/100
|move|p2a: Sung Jin Woo|Kowtow Cleave|p1a: Corviknight
|-damage|p1a: Corviknight|8/100
|
|-heal|p1a: Corviknight|14/100|[from] item: Leftovers
|-heal|p2a: Sung Jin Woo|97/100|[from] item: Leftovers
|upkeep
|turn|33
|-message|willie14 forfeited.
|
|win|Cam1610
|raw|willie14's rating: 1447 &rarr; <strong>1432</strong><br />(-15 for losing)
|raw|Cam1610's rating: 1527 &rarr; <strong>1542</strong><br />(+15 for winning)
|l|☆willie14
|player|p1|
