|j|☆MY爱莉希雅SAMA
|j|☆LQSS
|t:|1743847731
|gametype|singles
|player|p1|MY爱莉希雅SAMA|lacey|1477
|player|p2|LQSS|swimmer-gen4dp|1459
|teamsize|p1|6
|teamsize|p2|6
|gen|9
|tier|[Gen 9] OU
|rated|
|rule|HP Percentage Mod: HP is shown in percentages
|rule|Endless Battle Clause: Forcing endless battles is banned
|rule|Species Clause: Limit one of each Pokémon
|rule|OHKO Clause: OHKO moves are banned
|rule|Evasion Items Clause: Evasion items are banned
|rule|Evasion Moves Clause: Evasion moves are banned
|rule|Sleep Moves Clause: Sleep-inducing moves are banned
|clearpoke
|poke|p1|Glimmora, F|
|poke|p1|Zamazenta-*|
|poke|p1|Latias, F|
|poke|p1|Gholdengo|
|poke|p1|Dragonite, M|
|poke|p1|Weavile, F|
|poke|p2|Pelipper, F|
|poke|p2|Barraskewda, M|
|poke|p2|Zapdos|
|poke|p2|Corviknight, F|
|poke|p2|Clodsire, F|
|poke|p2|Incineroar, M|
|teampreview
|inactive|Battle timer is ON: inactive players will automatically lose when time's up. (requested by LQSS)
|
|t:|1743847751
|start
|switch|p1a: Weavile|Weavile, F|100/100
|switch|p2a: Barraskewda|Barraskewda, M|100/100
|turn|1
|
|t:|1743847759
|switch|p1a: Glimmora|Glimmora, F|100/100
|switch|p2a: Incineroar|Incineroar, M, shiny|100/100
|-ability|p2a: Incineroar|Intimidate|boost
|-unboost|p1a: Glimmora|atk|1
|
|upkeep
|turn|2
|
|t:|1743847767
|switch|p2a: Clodsire|Clodsire, F|100/100
|move|p1a: Glimmora|Mortal Spin|p2a: Clodsire
|-resisted|p2a: Clodsire
|-damage|p2a: Clodsire|99/100
|
|-heal|p2a: Clodsire|100/100|[from] item: Leftovers
|upkeep
|turn|3
|
|t:|1743847771
|move|p1a: Glimmora|Stealth Rock|p2a: Clodsire
|-sidestart|p2: LQSS|move: Stealth Rock
|move|p2a: Clodsire|Earthquake|p1a: Glimmora
|-supereffective|p1a: Glimmora
|-damage|p1a: Glimmora|0 fnt
|-activate|p1a: Glimmora|ability: Toxic Debris
|-sidestart|p2: LQSS|move: Toxic Spikes
|faint|p1a: Glimmora
|
|upkeep
|
|t:|1743847775
|switch|p1a: Weavile|Weavile, F|100/100
|turn|4
|
|t:|1743847778
|switch|p2a: Incineroar|Incineroar, M, shiny|100/100
|-ability|p2a: Incineroar|Intimidate|boost
|-unboost|p1a: Weavile|atk|1
|move|p1a: Weavile|Triple Axel|p2a: Incineroar
|-resisted|p2a: Incineroar
|-damage|p2a: Incineroar|97/100
|-resisted|p2a: Incineroar
|-damage|p2a: Incineroar|91/100
|-resisted|p2a: Incineroar
|-damage|p2a: Incineroar|81/100
|-hitcount|p2a: Incineroar|3
|
|upkeep
|turn|5
|
|t:|1743847791
|switch|p1a: Gholdengo|Gholdengo|100/100
|move|p2a: Incineroar|Knock Off|p1a: Gholdengo
|-supereffective|p1a: Gholdengo
|-damage|p1a: Gholdengo|26/100
|-enditem|p1a: Gholdengo|Custap Berry|[from] move: Knock Off|[of] p2a: Incineroar
|
|upkeep
|turn|6
|
|t:|1743847807
|switch|p2a: Clodsire|Clodsire, F|100/100
|-damage|p2a: Clodsire|94/100|[from] Stealth Rock
|-sideend|p2: LQSS|move: Toxic Spikes|[of] p2a: Clodsire
|move|p1a: Gholdengo|Dazzling Gleam|p2a: Clodsire
|-resisted|p2a: Clodsire
|-damage|p2a: Clodsire|86/100
|
|-heal|p2a: Clodsire|93/100|[from] item: Leftovers
|upkeep
|turn|7
|
|t:|1743847818
|move|p1a: Gholdengo|Shadow Ball|p2a: Clodsire
|-damage|p2a: Clodsire|69/100
|move|p2a: Clodsire|Earthquake|p1a: Gholdengo
|-supereffective|p1a: Gholdengo
|-damage|p1a: Gholdengo|0 fnt
|faint|p1a: Gholdengo
|
|-heal|p2a: Clodsire|75/100|[from] item: Leftovers
|upkeep
|
|t:|1743847823
|switch|p1a: Weavile|Weavile, F|100/100
|turn|8
|
|t:|1743847830
|switch|p2a: Incineroar|Incineroar, M, shiny|81/100
|-ability|p2a: Incineroar|Intimidate|boost
|-unboost|p1a: Weavile|atk|1
|move|p1a: Weavile|Knock Off|p2a: Incineroar
|-resisted|p2a: Incineroar
|-damage|p2a: Incineroar|64/100
|-enditem|p2a: Incineroar|Heavy-Duty Boots|[from] move: Knock Off|[of] p1a: Weavile
|
|upkeep
|turn|9
|
|t:|1743847838
|switch|p1a: Dragonite|Dragonite, M|100/100
|move|p2a: Incineroar|Will-O-Wisp|p1a: Dragonite
|-status|p1a: Dragonite|brn
|
|-damage|p1a: Dragonite|94/100 brn|[from] brn
|upkeep
|turn|10
|
|t:|1743847848
|switch|p1a: Latias|Latias, F|100/100
|move|p2a: Incineroar|Parting Shot|p1a: Latias
|-unboost|p1a: Latias|atk|1
|-unboost|p1a: Latias|spa|1
|
|t:|1743847852
|switch|p2a: Corviknight|Corviknight, F, shiny|100/100|[from] Parting Shot
|-damage|p2a: Corviknight|88/100|[from] Stealth Rock
|-ability|p2a: Corviknight|Pressure
|
|upkeep
|turn|11
|
|t:|1743847856
|switch|p1a: Dragonite|Dragonite, M|94/100 brn
|move|p2a: Corviknight|Defog|p1a: Dragonite
|-unboost|p1a: Dragonite|evasion|1
|-sideend|p2: LQSS|Stealth Rock|[from] move: Defog|[of] p2a: Corviknight
|
|-damage|p1a: Dragonite|88/100 brn|[from] brn
|upkeep
|turn|12
|
|t:|1743847864
|move|p1a: Dragonite|Dragon Dance|p1a: Dragonite
|-boost|p1a: Dragonite|atk|1
|-boost|p1a: Dragonite|spe|1
|move|p2a: Corviknight|U-turn|p1a: Dragonite
|-resisted|p1a: Dragonite
|-crit|p1a: Dragonite
|-damage|p1a: Dragonite|75/100 brn
|
|t:|1743847866
|switch|p2a: Incineroar|Incineroar, M, shiny|64/100|[from] U-turn
|-ability|p2a: Incineroar|Intimidate|boost
|-unboost|p1a: Dragonite|atk|1
|
|-damage|p1a: Dragonite|69/100 brn|[from] brn
|upkeep
|turn|13
|
|t:|1743847873
|switch|p1a: Latias|Latias, F|100/100
|move|p2a: Incineroar|Parting Shot|p1a: Latias
|-unboost|p1a: Latias|atk|1
|-unboost|p1a: Latias|spa|1
|
|t:|1743847877
|switch|p2a: Corviknight|Corviknight, F, shiny|88/100|[from] Parting Shot
|-ability|p2a: Corviknight|Pressure
|
|upkeep
|turn|14
|
|t:|1743847880
|move|p1a: Latias|Calm Mind|p1a: Latias
|-boost|p1a: Latias|spa|1
|-boost|p1a: Latias|spd|1
|move|p2a: Corviknight|U-turn|p1a: Latias
|-supereffective|p1a: Latias
|-damage|p1a: Latias|76/100
|
|t:|1743847893
|switch|p2a: Incineroar|Incineroar, M, shiny|64/100|[from] U-turn
|-ability|p2a: Incineroar|Intimidate|boost
|-unboost|p1a: Latias|atk|1
|
|-heal|p1a: Latias|82/100|[from] item: Leftovers
|upkeep
|turn|15
|
|t:|1743847902
|-terastallize|p1a: Latias|Fairy
|-terastallize|p2a: Incineroar|Grass
|move|p1a: Latias|Agility|p1a: Latias
|-boost|p1a: Latias|spe|2
|move|p2a: Incineroar|Knock Off|p1a: Latias
|-resisted|p1a: Latias
|-damage|p1a: Latias|67/100
|-enditem|p1a: Latias|Leftovers|[from] move: Knock Off|[of] p2a: Incineroar
|
|upkeep
|turn|16
|
|t:|1743847913
|move|p1a: Latias|Calm Mind|p1a: Latias
|-boost|p1a: Latias|spa|1
|-boost|p1a: Latias|spd|1
|move|p2a: Incineroar|Parting Shot|p1a: Latias
|-unboost|p1a: Latias|atk|1
|-unboost|p1a: Latias|spa|1
|
|t:|1743847919
|switch|p2a: Pelipper|Pelipper, F|100/100|[from] Parting Shot
|-weather|RainDance|[from] ability: Drizzle|[of] p2a: Pelipper
|
|-weather|RainDance|[upkeep]
|upkeep
|turn|17
|
|t:|1743847923
|move|p1a: Latias|Calm Mind|p1a: Latias
|-boost|p1a: Latias|spa|1
|-boost|p1a: Latias|spd|1
|move|p2a: Pelipper|U-turn|p1a: Latias
|-resisted|p1a: Latias
|-damage|p1a: Latias|63/100
|
|t:|1743847926
|switch|p2a: Barraskewda|Barraskewda, M|100/100|[from] U-turn
|
|-weather|RainDance|[upkeep]
|upkeep
|turn|18
|
|t:|1743847932
|move|p2a: Barraskewda|Flip Turn|p1a: Latias
|-damage|p1a: Latias|0 fnt
|faint|p1a: Latias
|-message|MY爱莉希雅SAMA forfeited.
|
|win|LQSS
|raw|MY爱莉希雅SAMA's rating: 1477 &rarr; <strong>1456</strong><br />(-21 for losing)
|raw|LQSS's rating: 1459 &rarr; <strong>1480</strong><br />(+21 for winning)
|l|☆MY爱莉希雅SAMA
|player|p1|
|l|☆LQSS
|player|p2|
