|j|☆notorious ned
|j|☆riflessodikikijiki
|t:|1743842070
|gametype|singles
|player|p1|notorious ned|169|1232
|player|p2|riflessodikikijiki|2|1216
|teamsize|p1|6
|teamsize|p2|6
|gen|9
|tier|[Gen 9] OU
|rated|
|rule|HP Percentage Mod: HP is shown in percentages
|rule|Endless Battle Clause: Forcing endless battles is banned
|rule|Species Clause: Limit one of each Pokémon
|rule|OHKO Clause: OHKO moves are banned
|rule|Evasion Items Clause: Evasion items are banned
|rule|Evasion Moves Clause: Evasion moves are banned
|rule|Sleep Moves Clause: Sleep-inducing moves are banned
|clearpoke
|poke|p1|Blaziken, M|
|poke|p1|Corviknight, M|
|poke|p1|Kyurem|
|poke|p1|Gliscor, F|
|poke|p1|Blissey, F|
|poke|p1|Clefable, M|
|poke|p2|Torkoal, F|
|poke|p2|Great Tusk|
|poke|p2|Slither Wing|
|poke|p2|Venusaur, F|
|poke|p2|Walking Wake|
|poke|p2|Heatran, F|
|teampreview
|inactive|Battle timer is ON: inactive players will automatically lose when time's up. (requested by riflessodikikijiki)
|
|t:|1743842111
|start
|switch|p1a: Kyurem|Kyurem|100/100
|switch|p2a: Torkoal|Torkoal, F|100/100
|-ability|p1a: Kyurem|Pressure
|-weather|SunnyDay|[from] ability: Drought|[of] p2a: Torkoal
|turn|1
|
|t:|1743842129
|switch|p2a: Heatran|Heatran, F|100/100
|-item|p2a: Heatran|Air Balloon
|move|p1a: Kyurem|Draco Meteor|p2a: Heatran
|-resisted|p2a: Heatran
|-damage|p2a: Heatran|60/100
|-unboost|p1a: Kyurem|spa|2
|-enditem|p2a: Heatran|Air Balloon
|
|-weather|SunnyDay|[upkeep]
|upkeep
|turn|2
|
|t:|1743842152
|switch|p1a: joltee|Blaziken, M|100/100
|-item|p1a: joltee|Air Balloon
|move|p2a: Heatran|Magma Storm|p1a: joltee
|-resisted|p1a: joltee
|-damage|p1a: joltee|49/100
|-activate|p1a: joltee|move: Magma Storm|[of] p2a: Heatran
|-enditem|p1a: joltee|Air Balloon
|
|-weather|SunnyDay|[upkeep]
|-damage|p1a: joltee|37/100|[from] move: Magma Storm|[partiallytrapped]
|upkeep
|turn|3
|inactive|riflessodikikijiki has 120 seconds left.
|
|t:|1743842171
|switch|p2a: Venusaur|Venusaur, F|100/100
|move|p1a: joltee|Close Combat|p2a: Venusaur
|-resisted|p2a: Venusaur
|-damage|p2a: Venusaur|62/100
|-unboost|p1a: joltee|def|1
|-unboost|p1a: joltee|spd|1
|
|-weather|SunnyDay|[upkeep]
|-end|p1a: joltee|Magma Storm|[partiallytrapped]|[silent]
|-ability|p1a: joltee|Speed Boost|boost
|-boost|p1a: joltee|spe|1
|upkeep
|turn|4
|inactive|riflessodikikijiki has 120 seconds left.
|inactive|notorious ned has 120 seconds left.
|
|t:|1743842204
|switch|p1a: Corviknight|Corviknight, M|100/100
|-ability|p1a: Corviknight|Pressure
|move|p2a: Venusaur|Sludge Bomb|p1a: Corviknight
|-immune|p1a: Corviknight
|
|-weather|SunnyDay|[upkeep]
|upkeep
|turn|5
|inactive|riflessodikikijiki has 120 seconds left.
|
|t:|1743842217
|move|p2a: Venusaur|Giga Drain|p1a: Corviknight
|-resisted|p1a: Corviknight
|-damage|p1a: Corviknight|91/100
|-heal|p2a: Venusaur|68/100|[from] drain|[of] p1a: Corviknight
|-damage|p2a: Venusaur|59/100|[from] item: Life Orb
|move|p1a: Corviknight|U-turn|p2a: Venusaur
|-damage|p2a: Venusaur|39/100
|inactive|notorious ned has 120 seconds left.
|
|t:|1743842246
|switch|p1a: Blissey|Blissey, F|100/100|[from] U-turn
|
|-weather|SunnyDay|[upkeep]
|upkeep
|turn|6
|
|t:|1743842256
|switch|p2a: Great Tusk|Great Tusk|100/100
|-activate|p2a: Great Tusk|ability: Protosynthesis
|-start|p2a: Great Tusk|protosynthesisspe
|move|p1a: Blissey|Flamethrower|p2a: Great Tusk
|-damage|p2a: Great Tusk|68/100
|
|-weather|SunnyDay|[upkeep]
|upkeep
|turn|7
|inactive|notorious ned has 120 seconds left.
|
|t:|1743842271
|switch|p1a: Corviknight|Corviknight, M|91/100
|-ability|p1a: Corviknight|Pressure
|move|p2a: Great Tusk|Bulk Up|p2a: Great Tusk
|-boost|p2a: Great Tusk|atk|1
|-boost|p2a: Great Tusk|def|1
|
|-weather|SunnyDay|[upkeep]
|upkeep
|turn|8
|
|t:|1743842282
|-terastallize|p2a: Great Tusk|Steel
|move|p2a: Great Tusk|Bulk Up|p2a: Great Tusk
|-boost|p2a: Great Tusk|atk|1
|-boost|p2a: Great Tusk|def|1
|move|p1a: Corviknight|Brave Bird|p2a: Great Tusk
|-resisted|p2a: Great Tusk
|-damage|p2a: Great Tusk|63/100
|-damage|p1a: Corviknight|89/100|[from] Recoil
|
|-weather|none
|-end|p2a: Great Tusk|Protosynthesis
|upkeep
|turn|9
|
|t:|1743842296
|move|p2a: Great Tusk|Ice Spinner|p1a: Corviknight
|-damage|p1a: Corviknight|63/100
|-damage|p2a: Great Tusk|46/100|[from] item: Rocky Helmet|[of] p1a: Corviknight
|move|p1a: Corviknight|U-turn|p2a: Great Tusk
|-resisted|p2a: Great Tusk
|-damage|p2a: Great Tusk|44/100
|inactive|notorious ned has 120 seconds left.
|
|t:|1743842314
|switch|p1a: Kyurem|Kyurem|100/100|[from] U-turn
|-ability|p1a: Kyurem|Pressure
|
|upkeep
|turn|10
|
|t:|1743842323
|move|p1a: Kyurem|Earth Power|p2a: Great Tusk
|-supereffective|p2a: Great Tusk
|-damage|p2a: Great Tusk|0 fnt
|faint|p2a: Great Tusk
|-end|p2a: Great Tusk|Protosynthesis|[silent]
|
|upkeep
|
|t:|1743842330
|switch|p2a: Walking Wake|Walking Wake|100/100
|turn|11
|
|t:|1743842337
|switch|p1a: Blissey|Blissey, F|100/100
|move|p2a: Walking Wake|Draco Meteor|p1a: Blissey
|-damage|p1a: Blissey|70/100
|-unboost|p2a: Walking Wake|spa|2
|
|upkeep
|turn|12
|
|t:|1743842363
|-end|p2a: Walking Wake|Protosynthesis|[silent]
|switch|p2a: Torkoal|Torkoal, F|100/100
|-weather|SunnyDay|[from] ability: Drought|[of] p2a: Torkoal
|switch|p1a: Kyurem|Kyurem|100/100
|-ability|p1a: Kyurem|Pressure
|
|-weather|SunnyDay|[upkeep]
|upkeep
|turn|13
|
|t:|1743842375
|move|p1a: Kyurem|Earth Power|p2a: Torkoal
|-supereffective|p2a: Torkoal
|-damage|p2a: Torkoal|0 fnt
|faint|p2a: Torkoal
|
|-weather|SunnyDay|[upkeep]
|upkeep
|
|t:|1743842384
|switch|p2a: Walking Wake|Walking Wake|100/100
|-activate|p2a: Walking Wake|ability: Protosynthesis
|-start|p2a: Walking Wake|protosynthesisspe
|turn|14
|
|t:|1743842400
|switch|p1a: Blissey|Blissey, F|70/100
|move|p2a: Walking Wake|Draco Meteor|p1a: Blissey
|-damage|p1a: Blissey|34/100
|-unboost|p2a: Walking Wake|spa|2
|
|-weather|SunnyDay|[upkeep]
|upkeep
|turn|15
|inactive|riflessodikikijiki has 120 seconds left.
|
|t:|1743842458
|-end|p2a: Walking Wake|Protosynthesis|[silent]
|switch|p2a: Slither Wing|Slither Wing|100/100
|-activate|p2a: Slither Wing|ability: Protosynthesis
|-start|p2a: Slither Wing|protosynthesisatk
|move|p1a: Blissey|Soft-Boiled|p1a: Blissey
|-heal|p1a: Blissey|84/100
|
|-weather|SunnyDay|[upkeep]
|upkeep
|turn|16
|
|t:|1743842472
|switch|p1a: Gliscor|Gliscor, F|100/100
|move|p2a: Slither Wing|Low Kick|p1a: Gliscor
|-resisted|p1a: Gliscor
|-damage|p1a: Gliscor|84/100
|
|-weather|SunnyDay|[upkeep]
|-status|p1a: Gliscor|tox|[from] item: Toxic Orb
|upkeep
|turn|17
|
|t:|1743842484
|-end|p2a: Slither Wing|Protosynthesis|[silent]
|switch|p2a: Heatran|Heatran, F|60/100
|move|p1a: Gliscor|Knock Off|p2a: Heatran
|-damage|p2a: Heatran|48/100
|
|-weather|SunnyDay|[upkeep]
|-heal|p1a: Gliscor|96/100 tox|[from] ability: Poison Heal
|upkeep
|turn|18
|
|t:|1743842497
|switch|p1a: Blissey|Blissey, F|84/100
|move|p2a: Heatran|Magma Storm|p1a: Blissey
|-crit|p1a: Blissey
|-damage|p1a: Blissey|47/100
|-activate|p1a: Blissey|move: Magma Storm|[of] p2a: Heatran
|
|-weather|SunnyDay|[upkeep]
|-damage|p1a: Blissey|35/100|[from] move: Magma Storm|[partiallytrapped]
|upkeep
|turn|19
|
|t:|1743842509
|move|p2a: Heatran|Taunt|p1a: Blissey
|-start|p1a: Blissey|move: Taunt
|cant|p1a: Blissey|move: Taunt|Soft-Boiled
|
|-weather|none
|-damage|p1a: Blissey|23/100|[from] move: Magma Storm|[partiallytrapped]
|upkeep
|turn|20
|
|t:|1743842520
|move|p2a: Heatran|Earth Power|p1a: Blissey
|-damage|p1a: Blissey|13/100
|move|p1a: Blissey|Seismic Toss|p2a: Heatran
|-damage|p2a: Heatran|22/100
|
|-damage|p1a: Blissey|0 fnt|[from] move: Magma Storm|[partiallytrapped]
|faint|p1a: Blissey
|upkeep
|
|t:|1743842536
|switch|p1a: joltee|Blaziken, M|37/100
|turn|21
|
|t:|1743842543
|move|p1a: joltee|Close Combat|p2a: Heatran
|-supereffective|p2a: Heatran
|-damage|p2a: Heatran|0 fnt
|-unboost|p1a: joltee|def|1
|-unboost|p1a: joltee|spd|1
|faint|p2a: Heatran
|
|-ability|p1a: joltee|Speed Boost|boost
|-boost|p1a: joltee|spe|1
|upkeep
|
|t:|1743842554
|switch|p2a: Walking Wake|Walking Wake|100/100
|turn|22
|
|t:|1743842577
|move|p1a: joltee|Close Combat|p2a: Walking Wake
|-damage|p2a: Walking Wake|37/100
|-unboost|p1a: joltee|def|1
|-unboost|p1a: joltee|spd|1
|move|p2a: Walking Wake|Draco Meteor|p1a: joltee|[miss]
|-miss|p2a: Walking Wake|p1a: joltee
|
|-ability|p1a: joltee|Speed Boost|boost
|-boost|p1a: joltee|spe|1
|upkeep
|turn|23
|c|☆notorious ned|gg
|-message|riflessodikikijiki forfeited.
|
|win|notorious ned
|raw|notorious ned's rating: 1232 &rarr; <strong>1256</strong><br />(+24 for winning)
|raw|riflessodikikijiki's rating: 1216 &rarr; <strong>1192</strong><br />(-24 for losing)
|l|☆notorious ned
|player|p1|
|l|☆riflessodikikijiki
|player|p2|
