|j|☆0Rose Thorns
|j|☆lupiit
|t:|1743832498
|gametype|singles
|player|p1|0Rose Thorns|lusamine-nihilego|1302
|player|p2|lupiit|dragontamer|1265
|teamsize|p1|6
|teamsize|p2|6
|gen|9
|tier|[Gen 9] OU
|rated|
|rule|HP Percentage Mod: HP is shown in percentages
|rule|Endless Battle Clause: Forcing endless battles is banned
|rule|Species Clause: Limit one of each Pokémon
|rule|OHKO Clause: OHKO moves are banned
|rule|Evasion Items Clause: Evasion items are banned
|rule|Evasion Moves Clause: Evasion moves are banned
|rule|Sleep Moves Clause: Sleep-inducing moves are banned
|clearpoke
|poke|p1|Gholdengo|
|poke|p1|Heatran, M|
|poke|p1|Corviknight, M|
|poke|p1|Slowking-Galar, F|
|poke|p1|Great Tusk|
|poke|p1|Samurott-Hisui, M|
|poke|p2|Deoxys-Defense|
|poke|p2|Kyurem|
|poke|p2|Comfey, F|
|poke|p2|Garchomp, F|
|poke|p2|Hoopa-Unbound|
|poke|p2|Smeargle, M|
|teampreview
|inactive|Battle timer is ON: inactive players will automatically lose when time's up. (requested by lupiit)
|
|t:|1743832509
|start
|switch|p1a: Samurott|Samurott-Hisui, M|100/100
|switch|p2a: HIT ABSORBER LOL|Garchomp, F|100/100
|turn|1
|
|t:|1743832513
|move|p1a: Samurott|Ceaseless Edge|p2a: HIT ABSORBER LOL|[miss]
|-miss|p1a: Samurott|p2a: HIT ABSORBER LOL
|move|p2a: HIT ABSORBER LOL|Dragon Tail|p1a: Samurott
|-damage|p1a: Samurott|71/100
|drag|p1a: Heatran|Heatran, M|100/100
|
|upkeep
|turn|2
|
|t:|1743832518
|-terastallize|p1a: Heatran|Fairy
|move|p1a: Heatran|Tera Blast|p2a: HIT ABSORBER LOL|[anim] Tera Blast Fairy
|-supereffective|p2a: HIT ABSORBER LOL
|-damage|p2a: HIT ABSORBER LOL|0 fnt
|faint|p2a: HIT ABSORBER LOL
|
|upkeep
|
|t:|1743832521
|switch|p2a: Kyurem|Kyurem|100/100
|-ability|p2a: Kyurem|Pressure
|turn|3
|
|t:|1743832523
|move|p2a: Kyurem|Ice Beam|p1a: Heatran
|-damage|p1a: Heatran|29/100
|move|p1a: Heatran|Tera Blast|p2a: Kyurem|[anim] Tera Blast Fairy
|-supereffective|p2a: Kyurem
|-damage|p2a: Kyurem|0 fnt
|faint|p2a: Kyurem
|
|upkeep
|
|t:|1743832526
|switch|p2a: BRAAAAAAAP|Hoopa-Unbound|100/100
|turn|4
|
|t:|1743832529
|move|p2a: BRAAAAAAAP|Hyperspace Fury|p1a: Heatran
|-resisted|p1a: Heatran
|-damage|p1a: Heatran|0 fnt
|-unboost|p2a: BRAAAAAAAP|def|1
|faint|p1a: Heatran
|
|upkeep
|
|t:|1743832532
|switch|p1a: Samurott|Samurott-Hisui, M|71/100
|turn|5
|
|t:|1743832534
|switch|p2a: Comfey|Comfey, F|100/100
|move|p1a: Samurott|Ceaseless Edge|p2a: Comfey
|-resisted|p2a: Comfey
|-damage|p2a: Comfey|71/100
|-sidestart|p2: lupiit|Spikes
|
|upkeep
|turn|6
|
|t:|1743832536
|switch|p2a: BRAAAAAAAP|Hoopa-Unbound|100/100
|-damage|p2a: BRAAAAAAAP|88/100|[from] Spikes
|move|p1a: Samurott|Razor Shell|p2a: BRAAAAAAAP
|-damage|p2a: BRAAAAAAAP|0 fnt
|faint|p2a: BRAAAAAAAP
|
|upkeep
|
|t:|1743832539
|switch|p2a: Comfey|Comfey, F|71/100
|-damage|p2a: Comfey|59/100|[from] Spikes
|turn|7
|
|t:|1743832543
|move|p2a: Comfey|Draining Kiss|p1a: Samurott
|-supereffective|p1a: Samurott
|-damage|p1a: Samurott|35/100
|-heal|p2a: Comfey|90/100|[from] drain|[of] p1a: Samurott
|move|p1a: Samurott|Razor Shell|p2a: Comfey
|-damage|p2a: Comfey|19/100
|
|upkeep
|turn|8
|
|t:|1743832546
|move|p2a: Comfey|Draining Kiss|p1a: Samurott
|-supereffective|p1a: Samurott
|-damage|p1a: Samurott|0 fnt
|-heal|p2a: Comfey|50/100|[from] drain|[of] p1a: Samurott
|faint|p1a: Samurott
|
|upkeep
|
|t:|1743832552
|switch|p1a: Gholdengo|Gholdengo|100/100
|turn|9
|
|t:|1743832558
|-terastallize|p2a: Comfey|Steel
|move|p1a: Gholdengo|Make It Rain|p2a: Comfey
|-resisted|p2a: Comfey
|-damage|p2a: Comfey|19/100
|-unboost|p1a: Gholdengo|spa|1
|move|p2a: Comfey|Calm Mind|p2a: Comfey
|-boost|p2a: Comfey|spa|1
|-boost|p2a: Comfey|spd|1
|
|upkeep
|turn|10
|
|t:|1743832561
|move|p2a: Comfey|Draining Kiss|p1a: Gholdengo
|-resisted|p1a: Gholdengo
|-damage|p1a: Gholdengo|82/100
|-heal|p2a: Comfey|33/100|[from] drain|[of] p1a: Gholdengo
|move|p1a: Gholdengo|Make It Rain|p2a: Comfey
|-resisted|p2a: Comfey
|-damage|p2a: Comfey|18/100
|-unboost|p1a: Gholdengo|spa|1
|
|upkeep
|turn|11
|
|t:|1743832564
|switch|p1a: Slowking|Slowking-Galar, F|100/100
|move|p2a: Comfey|Draining Kiss|p1a: Slowking
|-resisted|p1a: Slowking
|-damage|p1a: Slowking|90/100
|-heal|p2a: Comfey|28/100|[from] drain|[of] p1a: Slowking
|
|upkeep
|turn|12
|
|t:|1743832568
|move|p2a: Comfey|Knock Off|p1a: Slowking
|-supereffective|p1a: Slowking
|-damage|p1a: Slowking|66/100
|-enditem|p1a: Slowking|Heavy-Duty Boots|[from] move: Knock Off|[of] p2a: Comfey
|move|p1a: Slowking|Thunder Wave|p2a: Comfey
|-status|p2a: Comfey|par
|
|upkeep
|turn|13
|
|t:|1743832578
|move|p2a: Comfey|Draining Kiss|p1a: Slowking
|-resisted|p1a: Slowking
|-damage|p1a: Slowking|57/100
|-heal|p2a: Comfey|37/100 par|[from] drain|[of] p1a: Slowking
|move|p1a: Slowking|Future Sight|p2a: Comfey
|-start|p1a: Slowking|move: Future Sight
|
|upkeep
|turn|14
|
|t:|1743832581
|move|p2a: Comfey|Draining Kiss|p1a: Slowking
|-resisted|p1a: Slowking
|-damage|p1a: Slowking|47/100
|-heal|p2a: Comfey|47/100 par|[from] drain|[of] p1a: Slowking
|-prepare|p1a: Slowking|Chilly Reception|[premajor]
|move|p1a: Slowking|Chilly Reception|p1a: Slowking
|-weather|Snowscape
|
|t:|1743832583
|switch|p1a: Gholdengo|Gholdengo|82/100|[from] Chilly Reception
|
|-weather|Snowscape|[upkeep]
|upkeep
|turn|15
|
|t:|1743832585
|move|p2a: Comfey|Draining Kiss|p1a: Gholdengo
|-resisted|p1a: Gholdengo
|-damage|p1a: Gholdengo|55/100
|-heal|p2a: Comfey|68/100 par|[from] drain|[of] p1a: Gholdengo
|move|p1a: Gholdengo|Shadow Ball|p2a: Comfey
|-damage|p2a: Comfey|37/100 par
|
|-weather|Snowscape|[upkeep]
|-end|p2a: Comfey|move: Future Sight
|-resisted|p2a: Comfey
|-damage|p2a: Comfey|21/100 par
|upkeep
|turn|16
|
|t:|1743832588
|move|p2a: Comfey|Draining Kiss|p1a: Gholdengo
|-resisted|p1a: Gholdengo
|-damage|p1a: Gholdengo|26/100
|-heal|p2a: Comfey|44/100 par|[from] drain|[of] p1a: Gholdengo
|move|p1a: Gholdengo|Shadow Ball|p2a: Comfey
|-damage|p2a: Comfey|13/100 par
|
|-weather|Snowscape|[upkeep]
|upkeep
|turn|17
|
|t:|1743832592
|switch|p1a: Slowking|Slowking-Galar, F|80/100
|cant|p2a: Comfey|par
|
|-weather|Snowscape|[upkeep]
|upkeep
|turn|18
|
|t:|1743832594
|move|p2a: Comfey|Draining Kiss|p1a: Slowking
|-resisted|p1a: Slowking
|-damage|p1a: Slowking|70/100
|-heal|p2a: Comfey|23/100 par|[from] drain|[of] p1a: Slowking
|move|p1a: Slowking|Future Sight|p2a: Comfey
|-start|p1a: Slowking|move: Future Sight
|
|-weather|none
|upkeep
|turn|19
|
|t:|1743832600
|move|p2a: Comfey|Calm Mind|p2a: Comfey
|-boost|p2a: Comfey|spa|1
|-boost|p2a: Comfey|spd|1
|-prepare|p1a: Slowking|Chilly Reception|[premajor]
|move|p1a: Slowking|Chilly Reception|p1a: Slowking
|-weather|Snowscape
|
|t:|1743832604
|switch|p1a: Corviknight|Corviknight, M|100/100|[from] Chilly Reception
|-ability|p1a: Corviknight|Pressure
|
|-weather|Snowscape|[upkeep]
|upkeep
|turn|20
|
|t:|1743832607
|move|p2a: Comfey|Draining Kiss|p1a: Corviknight
|-resisted|p1a: Corviknight
|-damage|p1a: Corviknight|82/100
|-heal|p2a: Comfey|41/100 par|[from] drain|[of] p1a: Corviknight
|move|p1a: Corviknight|Brave Bird|p2a: Comfey
|-resisted|p2a: Comfey
|-damage|p2a: Comfey|20/100 par
|-damage|p1a: Corviknight|76/100|[from] Recoil
|
|-weather|Snowscape|[upkeep]
|-end|p2a: Comfey|move: Future Sight
|-resisted|p2a: Comfey
|-damage|p2a: Comfey|8/100 par
|-heal|p1a: Corviknight|82/100|[from] item: Leftovers
|upkeep
|turn|21
|
|t:|1743832617
|switch|p2a: Deoxys|Deoxys-Defense|100/100
|-ability|p2a: Deoxys|Pressure
|move|p1a: Corviknight|Brave Bird|p2a: Deoxys
|-damage|p2a: Deoxys|73/100
|-damage|p1a: Corviknight|75/100|[from] Recoil
|
|-weather|Snowscape|[upkeep]
|-heal|p1a: Corviknight|81/100|[from] item: Leftovers
|upkeep
|turn|22
|
|t:|1743832619
|move|p1a: Corviknight|U-turn|p2a: Deoxys
|-supereffective|p2a: Deoxys
|-damage|p2a: Deoxys|51/100
|j| Think Luis
|
|t:|1743832621
|switch|p1a: Slowking|Slowking-Galar, F|100/100|[from] U-turn
|move|p2a: Deoxys|Teleport|p2a: Deoxys
|
|t:|1743832623
|switch|p2a: Smeargle|Smeargle, M|100/100|[from] Teleport
|-damage|p2a: Smeargle|88/100|[from] Spikes
|
|-weather|Snowscape|[upkeep]
|upkeep
|turn|23
|
|t:|1743832627
|move|p2a: Smeargle|Destiny Bond|p2a: Smeargle
|-singlemove|p2a: Smeargle|Destiny Bond
|move|p1a: Slowking|Sludge Bomb|p2a: Smeargle
|-damage|p2a: Smeargle|19/100
|
|-weather|none
|upkeep
|turn|24
|-message|lupiit forfeited.
|
|win|0Rose Thorns
|raw|0Rose Thorns's rating: 1302 &rarr; <strong>1320</strong><br />(+18 for winning)
|raw|lupiit's rating: 1265 &rarr; <strong>1243</strong><br />(-22 for losing)
|l|☆lupiit
|player|p2|
|l|☆0Rose Thorns
|player|p1|
