|j|☆adil
|j|☆mrnunya
|t:|1743789644
|gametype|singles
|player|p1|adil|101|1727
|player|p2|mrnunya|2|1667
|teamsize|p1|6
|teamsize|p2|6
|gen|9
|tier|[Gen 9] OU
|rated|
|rule|HP Percentage Mod: HP is shown in percentages
|rule|Endless Battle Clause: Forcing endless battles is banned
|rule|Species Clause: Limit one of each Pokémon
|rule|OHKO Clause: OHKO moves are banned
|rule|Evasion Items Clause: Evasion items are banned
|rule|Evasion Moves Clause: Evasion moves are banned
|rule|Sleep Moves Clause: Sleep-inducing moves are banned
|clearpoke
|poke|p1|Enamorus, F|
|poke|p1|Iron Boulder|
|poke|p1|Glimmora, M|
|poke|p1|Kingambit, M|
|poke|p1|Ogerpon-Wellspring, F|
|poke|p1|Great Tusk|
|poke|p2|Hoopa-Unbound|
|poke|p2|Ogerpon-Wellspring, F|
|poke|p2|Cinderace, F|
|poke|p2|Primarina, F|
|poke|p2|Corviknight, F|
|poke|p2|Landorus-Therian, M|
|teampreview
|inactive|Battle timer is ON: inactive players will automatically lose when time's up. (requested by adil)
|
|t:|1743789658
|start
|switch|p1a: Ogerpon|Ogerpon-Wellspring, F|100/100
|switch|p2a: Primarina|Primarina, F|100/100
|turn|1
|
|t:|1743789666
|move|p1a: Ogerpon|Swords Dance|p1a: Ogerpon
|-boost|p1a: Ogerpon|atk|2
|move|p2a: Primarina|Moonblast|p1a: Ogerpon
|-damage|p1a: Ogerpon|36/100
|
|upkeep
|turn|2
|
|t:|1743789672
|switch|p2a: Corviknight|Corviknight, F|100/100
|-ability|p2a: Corviknight|Pressure
|move|p1a: Ogerpon|Power Whip|p2a: Corviknight
|-resisted|p2a: Corviknight
|-damage|p2a: Corviknight|78/100
|-damage|p1a: Ogerpon|19/100|[from] item: Rocky Helmet|[of] p2a: Corviknight
|
|upkeep
|turn|3
|
|t:|1743789686
|switch|p2a: Cinderace|Cinderace, F|100/100
|move|p1a: Ogerpon|Ivy Cudgel|p2a: Cinderace|[anim] Ivy Cudgel Water
|-supereffective|p2a: Cinderace
|-damage|p2a: Cinderace|0 fnt
|faint|p2a: Cinderace
|
|upkeep
|
|t:|1743789689
|switch|p2a: Landorus|Landorus-Therian, M|100/100
|-ability|p2a: Landorus|Intimidate|boost
|-unboost|p1a: Ogerpon|atk|1
|turn|4
|
|t:|1743789696
|switch|p1a: Great Tusk|Great Tusk|100/100
|move|p2a: Landorus|U-turn|p1a: Great Tusk
|-resisted|p1a: Great Tusk
|-damage|p1a: Great Tusk|91/100
|-damage|p2a: Landorus|84/100|[from] item: Rocky Helmet|[of] p1a: Great Tusk
|
|t:|1743789713
|switch|p2a: Hoopa|Hoopa-Unbound|100/100|[from] U-turn
|
|upkeep
|turn|5
|j| Undenuen
|
|t:|1743789731
|-end|p1a: Great Tusk|Protosynthesis|[silent]
|switch|p1a: Glimmora|Glimmora, M|100/100
|move|p2a: Hoopa|Psychic|p1a: Glimmora
|-supereffective|p1a: Glimmora
|-enditem|p1a: Glimmora|Focus Sash
|-damage|p1a: Glimmora|1/100
|
|upkeep
|turn|6
|
|t:|1743789736
|move|p1a: Glimmora|Stealth Rock|p2a: Hoopa
|-sidestart|p2: mrnunya|move: Stealth Rock
|move|p2a: Hoopa|Psychic|p1a: Glimmora
|-supereffective|p1a: Glimmora
|-damage|p1a: Glimmora|0 fnt
|faint|p1a: Glimmora
|
|upkeep
|inactive|adil has 120 seconds left.
|
|t:|1743789769
|switch|p1a: Iron Boulder|Iron Boulder|100/100
|-enditem|p1a: Iron Boulder|Booster Energy
|-activate|p1a: Iron Boulder|ability: Quark Drive|[fromitem]
|-start|p1a: Iron Boulder|quarkdrivespe
|turn|7
|
|t:|1743789781
|move|p1a: Iron Boulder|Swords Dance|p1a: Iron Boulder
|-boost|p1a: Iron Boulder|atk|2
|move|p2a: Hoopa|Psychic|p1a: Iron Boulder
|-resisted|p1a: Iron Boulder
|-damage|p1a: Iron Boulder|53/100
|
|upkeep
|turn|8
|
|t:|1743789793
|move|p1a: Iron Boulder|Mighty Cleave|p2a: Hoopa
|-damage|p2a: Hoopa|0 fnt
|faint|p2a: Hoopa
|
|upkeep
|
|t:|1743789803
|switch|p2a: Landorus|Landorus-Therian, M|84/100
|-damage|p2a: Landorus|71/100|[from] Stealth Rock
|-ability|p2a: Landorus|Intimidate|boost
|-unboost|p1a: Iron Boulder|atk|1
|turn|9
|j| diaodeyibi12345
|
|t:|1743789827
|move|p1a: Iron Boulder|Mighty Cleave|p2a: Landorus
|-damage|p2a: Landorus|0 fnt
|faint|p2a: Landorus
|
|upkeep
|
|t:|1743789835
|switch|p2a: Primarina|Primarina, F|100/100
|-damage|p2a: Primarina|88/100|[from] Stealth Rock
|turn|10
|j| bobify
|j| m0chaman_829
|
|t:|1743789840
|move|p1a: Iron Boulder|Mighty Cleave|p2a: Primarina
|-damage|p2a: Primarina|11/100
|move|p2a: Primarina|Moonblast|p1a: Iron Boulder
|-damage|p1a: Iron Boulder|5/100
|
|upkeep
|turn|11
|j| FaronAan
|
|t:|1743789848
|switch|p2a: Corviknight|Corviknight, F|78/100
|-damage|p2a: Corviknight|66/100|[from] Stealth Rock
|-ability|p2a: Corviknight|Pressure
|move|p1a: Iron Boulder|Mighty Cleave|p2a: Corviknight
|-damage|p2a: Corviknight|25/100
|-damage|p1a: Iron Boulder|0 fnt|[from] item: Rocky Helmet|[of] p2a: Corviknight
|faint|p1a: Iron Boulder
|-end|p1a: Iron Boulder|Quark Drive|[silent]
|
|upkeep
|j| QD KING
|
|t:|1743789854
|switch|p1a: Enamorus|Enamorus, F|100/100
|turn|12
|j| rehgRH
|
|t:|1743789860
|switch|p2a: Primarina|Primarina, F|11/100
|-damage|p2a: Primarina|0 fnt|[from] Stealth Rock
|faint|p2a: Primarina
|move|p1a: Enamorus|Moonblast|p2: Primarina|[notarget]
|-fail|p1a: Enamorus
|
|upkeep
|
|t:|1743789863
|switch|p2a: Ogerpon|Ogerpon-Wellspring, F|100/100
|-damage|p2a: Ogerpon|88/100|[from] Stealth Rock
|turn|13
|
|t:|1743789870
|-terastallize|p2a: Ogerpon|Water
|detailschange|p2a: Ogerpon|Ogerpon-Wellspring-Tera, F, tera:Water
|-ability|p2a: Ogerpon|Embody Aspect (Wellspring)|boost
|-boost|p2a: Ogerpon|spd|1
|move|p2a: Ogerpon|Swords Dance|p2a: Ogerpon
|-boost|p2a: Ogerpon|atk|2
|move|p1a: Enamorus|Moonblast|p2a: Ogerpon
|-damage|p2a: Ogerpon|29/100
|-unboost|p2a: Ogerpon|spa|1
|
|upkeep
|turn|14
|
|t:|1743789876
|move|p2a: Ogerpon|Ivy Cudgel|p1a: Enamorus|[anim] Ivy Cudgel Water
|-damage|p1a: Enamorus|0 fnt
|faint|p1a: Enamorus
|
|upkeep
|
|t:|1743789886
|switch|p1a: Ogerpon|Ogerpon-Wellspring, F|19/100
|turn|15
|
|t:|1743789890
|move|p2a: Ogerpon|Power Whip|p1a: Ogerpon|[miss]
|-miss|p2a: Ogerpon|p1a: Ogerpon
|move|p1a: Ogerpon|Ivy Cudgel|p2a: Ogerpon|[anim] Ivy Cudgel Water
|-resisted|p2a: Ogerpon
|-damage|p2a: Ogerpon|0 fnt
|faint|p2a: Ogerpon
|
|upkeep
|-message|mrnunya forfeited.
|
|win|adil
|raw|adil's rating: 1727 &rarr; <strong>1744</strong><br />(+17 for winning)
|raw|mrnunya's rating: 1667 &rarr; <strong>1650</strong><br />(-17 for losing)
|l|☆mrnunya
|player|p2|
|j| p0k3_v13rn35
|l| rehgRH
|l|☆adil
|player|p1|
|l| FaronAan
|l| bobify
|l| m0chaman_829
|l| diaodeyibi12345
|l| Undenuen
|l| QD KING
