|j|☆poukiewookie
|j|☆MyLifeHasNoMeaning
|t:|1743802764
|gametype|singles
|player|p1|poukiewookie|richboy-gen4|1393
|player|p2|MyLifeHasNoMeaning|unknown|1371
|teamsize|p1|6
|teamsize|p2|6
|gen|9
|tier|[Gen 9] OU
|rated|
|rule|HP Percentage Mod: HP is shown in percentages
|rule|Endless Battle Clause: Forcing endless battles is banned
|rule|Species Clause: Limit one of each Pokémon
|rule|OHKO Clause: OHKO moves are banned
|rule|Evasion Items Clause: Evasion items are banned
|rule|Evasion Moves Clause: Evasion moves are banned
|rule|Sleep Moves Clause: Sleep-inducing moves are banned
|clearpoke
|poke|p1|Iron Treads|
|poke|p1|Iron Valiant|
|poke|p1|Darkrai|
|poke|p1|Pincurchin, M|
|poke|p1|Serperior, F|
|poke|p1|Corviknight, F|
|poke|p2|Heatran, M|
|poke|p2|Landorus-Therian, M|
|poke|p2|Greninja-*, M|
|poke|p2|Toxapex, M|
|poke|p2|Garchomp, F|
|poke|p2|Tsareena, F|
|teampreview
|inactive|Battle timer is ON: inactive players will automatically lose when time's up. (requested by poukiewookie)
|
|t:|1743802772
|start
|switch|p1a: Pincurchin|Pincurchin, M|100/100
|switch|p2a: Landorus|Landorus-Therian, M|100/100
|-ability|p2a: Landorus|Intimidate|boost
|-unboost|p1a: Pincurchin|atk|1
|-fieldstart|move: Electric Terrain|[from] ability: Electric Surge|[of] p1a: Pincurchin
|turn|1
|
|t:|1743802780
|switch|p1a: Corviknight|Corviknight, F|100/100
|move|p2a: Landorus|Earthquake|p1a: Corviknight
|-immune|p1a: Corviknight
|
|upkeep
|turn|2
|
|t:|1743802784
|switch|p2a: BroPls|Heatran, M|100/100
|move|p1a: Corviknight|Brave Bird|p2a: BroPls
|-resisted|p2a: BroPls
|-damage|p2a: BroPls|84/100
|-damage|p1a: Corviknight|95/100|[from] Recoil
|
|-heal|p2a: BroPls|90/100|[from] item: Leftovers
|upkeep
|turn|3
|
|t:|1743802791
|move|p2a: BroPls|Magma Storm|p1a: Corviknight
|-supereffective|p1a: Corviknight
|-damage|p1a: Corviknight|12/100
|-activate|p1a: Corviknight|move: Magma Storm|[of] p2a: BroPls
|move|p1a: Corviknight|Body Press|p2a: BroPls
|-supereffective|p2a: BroPls
|-damage|p2a: BroPls|46/100
|
|-heal|p2a: BroPls|52/100|[from] item: Leftovers
|-damage|p1a: Corviknight|0 fnt|[from] move: Magma Storm|[partiallytrapped]
|faint|p1a: Corviknight
|upkeep
|
|t:|1743802795
|switch|p1a: Iron Valiant|Iron Valiant, shiny|100/100
|-activate|p1a: Iron Valiant|ability: Quark Drive
|-start|p1a: Iron Valiant|quarkdrivespe
|turn|4
|
|t:|1743802811
|switch|p2a: Toxapex|Toxapex, M|100/100
|move|p1a: Iron Valiant|Thunderbolt|p2a: Toxapex
|-supereffective|p2a: Toxapex
|-damage|p2a: Toxapex|26/100
|-damage|p1a: Iron Valiant|91/100|[from] item: Life Orb
|
|upkeep
|turn|5
|
|t:|1743802816
|move|p2a: Toxapex|Baneful Bunker|p2a: Toxapex
|-singleturn|p2a: Toxapex|move: Protect
|move|p1a: Iron Valiant|Thunderbolt|p2a: Toxapex
|-activate|p2a: Toxapex|move: Protect
|
|upkeep
|turn|6
|
|t:|1743802826
|switch|p2a: Landorus|Landorus-Therian, M|100/100
|-ability|p2a: Landorus|Intimidate|boost
|-unboost|p1a: Iron Valiant|atk|1
|move|p1a: Iron Valiant|Moonblast|p2a: Landorus
|-damage|p2a: Landorus|30/100
|-damage|p1a: Iron Valiant|81/100|[from] item: Life Orb
|
|upkeep
|turn|7
|inactive|MyLifeHasNoMeaning has 120 seconds left.
|
|t:|1743802864
|switch|p2a: BroPls|Heatran, M|52/100
|move|p1a: Iron Valiant|Moonblast|p2a: BroPls
|-resisted|p2a: BroPls
|-damage|p2a: BroPls|41/100
|-damage|p1a: Iron Valiant|71/100|[from] item: Life Orb
|
|-heal|p2a: BroPls|47/100|[from] item: Leftovers
|upkeep
|turn|8
|
|t:|1743802868
|move|p1a: Iron Valiant|Aura Sphere|p2a: BroPls
|-supereffective|p2a: BroPls
|-damage|p2a: BroPls|0 fnt
|faint|p2a: BroPls
|-damage|p1a: Iron Valiant|62/100|[from] item: Life Orb
|
|-fieldend|move: Electric Terrain
|-end|p1a: Iron Valiant|Quark Drive
|upkeep
|inactive|MyLifeHasNoMeaning has 120 seconds left.
|
|t:|1743802879
|switch|p2a: Landorus|Landorus-Therian, M|30/100
|-ability|p2a: Landorus|Intimidate|boost
|-unboost|p1a: Iron Valiant|atk|1
|turn|9
|
|t:|1743802881
|move|p2a: Landorus|Earthquake|p1a: Iron Valiant
|-damage|p1a: Iron Valiant|0 fnt
|faint|p1a: Iron Valiant
|-end|p1a: Iron Valiant|Quark Drive|[silent]
|
|upkeep
|
|t:|1743802892
|switch|p1a: Serperior|Serperior, F|100/100
|turn|10
|
|t:|1743802899
|switch|p2a: Tsareena|Tsareena, F|100/100
|move|p1a: Serperior|Leaf Storm|p2a: Tsareena
|-resisted|p2a: Tsareena
|-damage|p2a: Tsareena|84/100
|-boost|p1a: Serperior|spa|2
|
|upkeep
|turn|11
|
|t:|1743802903
|move|p1a: Serperior|Glare|p2a: Tsareena
|-status|p2a: Tsareena|par
|move|p2a: Tsareena|Triple Axel|p1a: Serperior
|-supereffective|p1a: Serperior
|-damage|p1a: Serperior|85/100
|-hitcount|p1a: Serperior|1
|
|-heal|p1a: Serperior|92/100|[from] item: Leftovers
|upkeep
|turn|12
|
|t:|1743802909
|move|p1a: Serperior|Substitute|p1a: Serperior
|-start|p1a: Serperior|Substitute
|-damage|p1a: Serperior|67/100
|move|p2a: Tsareena|Triple Axel|p1a: Serperior
|-supereffective|p1a: Serperior
|-activate|p1a: Serperior|move: Substitute|[damage]
|-supereffective|p1a: Serperior
|-end|p1a: Serperior|Substitute
|-supereffective|p1a: Serperior
|-damage|p1a: Serperior|19/100
|-hitcount|p1a: Serperior|3
|
|-heal|p1a: Serperior|25/100|[from] item: Leftovers
|upkeep
|turn|13
|
|t:|1743802919
|move|p1a: Serperior|Substitute|p1a: Serperior
|-fail|p1a: Serperior|move: Substitute|[weak]
|move|p2a: Tsareena|Knock Off|p1a: Serperior
|-damage|p1a: Serperior|0 fnt
|-enditem|p1a: Serperior|Leftovers|[from] move: Knock Off|[of] p2a: Tsareena
|faint|p1a: Serperior
|
|upkeep
|
|t:|1743802924
|switch|p1a: Darkrai|Darkrai|100/100
|turn|14
|
|t:|1743802934
|move|p1a: Darkrai|Ice Beam|p2a: Tsareena
|-supereffective|p2a: Tsareena
|-damage|p2a: Tsareena|24/100 par
|-damage|p1a: Darkrai|91/100|[from] item: Life Orb
|move|p2a: Tsareena|Power Whip|p1a: Darkrai
|-damage|p1a: Darkrai|19/100
|
|upkeep
|turn|15
|
|t:|1743802941
|switch|p2a: Toxapex|Toxapex, M|59/100
|move|p1a: Darkrai|Dark Pulse|p2a: Toxapex
|-damage|p2a: Toxapex|13/100
|-damage|p1a: Darkrai|9/100|[from] item: Life Orb
|
|upkeep
|turn|16
|
|t:|1743802943
|move|p2a: Toxapex|Baneful Bunker|p2a: Toxapex
|-singleturn|p2a: Toxapex|move: Protect
|move|p1a: Darkrai|Dark Pulse|p2a: Toxapex
|-activate|p2a: Toxapex|move: Protect
|
|upkeep
|turn|17
|
|t:|1743802949
|switch|p2a: Tsareena|Tsareena, F|24/100 par
|move|p1a: Darkrai|Dark Pulse|p2a: Tsareena
|-damage|p2a: Tsareena|0 fnt
|faint|p2a: Tsareena
|-damage|p1a: Darkrai|0 fnt|[from] item: Life Orb
|faint|p1a: Darkrai
|
|upkeep
|
|t:|1743802953
|switch|p1a: Pincurchin|Pincurchin, M|100/100
|switch|p2a: Landorus|Landorus-Therian, M|30/100
|-ability|p2a: Landorus|Intimidate|boost
|-unboost|p1a: Pincurchin|atk|1
|-fieldstart|move: Electric Terrain|[from] ability: Electric Surge|[of] p1a: Pincurchin
|turn|18
|
|t:|1743802957
|-terastallize|p1a: Pincurchin|Flying
|move|p2a: Landorus|Earthquake|p1a: Pincurchin
|-immune|p1a: Pincurchin
|move|p1a: Pincurchin|Scald|p2a: Landorus
|-supereffective|p2a: Landorus
|-damage|p2a: Landorus|0 fnt
|faint|p2a: Landorus
|
|upkeep
|
|t:|1743802970
|switch|p2a: Garchomp|Garchomp, F|100/100
|turn|19
|
|t:|1743802975
|switch|p1a: Iron Treads|Iron Treads, shiny|100/100
|-item|p1a: Iron Treads|Air Balloon
|-activate|p1a: Iron Treads|ability: Quark Drive
|-start|p1a: Iron Treads|quarkdrivespe
|move|p2a: Garchomp|Stone Edge|p1a: Iron Treads
|-resisted|p1a: Iron Treads
|-damage|p1a: Iron Treads|93/100
|-enditem|p1a: Iron Treads|Air Balloon
|
|upkeep
|turn|20
|
|t:|1743802985
|move|p1a: Iron Treads|Earthquake|p2a: Garchomp
|-damage|p2a: Garchomp|51/100
|move|p2a: Garchomp|Earthquake|p1a: Iron Treads
|-supereffective|p1a: Iron Treads
|-damage|p1a: Iron Treads|5/100
|
|upkeep
|turn|21
|
|t:|1743802998
|move|p1a: Iron Treads|Ice Fang|p2a: Garchomp
|-supereffective|p2a: Garchomp
|-damage|p2a: Garchomp|0 fnt
|-damage|p1a: Iron Treads|0 fnt|[from] ability: Rough Skin|[of] p2a: Garchomp
|faint|p2a: Garchomp
|faint|p1a: Iron Treads
|-end|p1a: Iron Treads|Quark Drive|[silent]
|
|upkeep
|
|t:|1743803007
|switch|p1a: Pincurchin|Pincurchin, M, tera:Flying|100/100
|switch|p2a: Toxapex|Toxapex, M|46/100
|turn|22
|
|t:|1743803016
|move|p2a: Toxapex|Baneful Bunker|p2a: Toxapex
|-singleturn|p2a: Toxapex|move: Protect
|move|p1a: Pincurchin|Discharge|p2a: Toxapex
|-activate|p2a: Toxapex|move: Protect
|
|upkeep
|turn|23
|
|t:|1743803031
|-terastallize|p2a: Toxapex|Ground
|move|p2a: Toxapex|Recover|p2a: Toxapex
|-heal|p2a: Toxapex|96/100
|move|p1a: Pincurchin|Discharge|p2a: Toxapex
|-immune|p2a: Toxapex
|
|upkeep
|turn|24
|
|t:|1743803035
|move|p2a: Toxapex|Toxic|p1a: Pincurchin
|-status|p1a: Pincurchin|tox
|move|p1a: Pincurchin|Scald|p2a: Toxapex
|-supereffective|p2a: Toxapex
|-damage|p2a: Toxapex|57/100
|
|-damage|p1a: Pincurchin|94/100 tox|[from] psn
|upkeep
|turn|25
|
|t:|1743803040
|move|p2a: Toxapex|Infestation|p1a: Pincurchin
|-resisted|p1a: Pincurchin
|-damage|p1a: Pincurchin|92/100 tox
|-activate|p1a: Pincurchin|move: Infestation|[of] p2a: Toxapex
|move|p1a: Pincurchin|Scald|p2a: Toxapex
|-supereffective|p2a: Toxapex
|-damage|p2a: Toxapex|20/100
|
|-damage|p1a: Pincurchin|80/100 tox|[from] psn
|-damage|p1a: Pincurchin|68/100 tox|[from] move: Infestation|[partiallytrapped]
|-fieldend|move: Electric Terrain
|upkeep
|turn|26
|
|t:|1743803042
|move|p2a: Toxapex|Baneful Bunker|p2a: Toxapex
|-singleturn|p2a: Toxapex|move: Protect
|move|p1a: Pincurchin|Scald|p2a: Toxapex
|-activate|p2a: Toxapex|move: Protect
|
|-damage|p1a: Pincurchin|50/100 tox|[from] psn
|-damage|p1a: Pincurchin|38/100 tox|[from] move: Infestation|[partiallytrapped]
|upkeep
|turn|27
|
|t:|1743803046
|move|p2a: Toxapex|Recover|p2a: Toxapex
|-heal|p2a: Toxapex|70/100
|move|p1a: Pincurchin|Scald|p2a: Toxapex
|-supereffective|p2a: Toxapex
|-damage|p2a: Toxapex|31/100
|
|-damage|p1a: Pincurchin|14/100 tox|[from] psn
|-damage|p1a: Pincurchin|1/100 tox|[from] move: Infestation|[partiallytrapped]
|upkeep
|turn|28
|
|t:|1743803050
|move|p2a: Toxapex|Baneful Bunker|p2a: Toxapex
|-singleturn|p2a: Toxapex|move: Protect
|move|p1a: Pincurchin|Scald|p2a: Toxapex
|-activate|p2a: Toxapex|move: Protect
|
|-damage|p1a: Pincurchin|0 fnt|[from] psn
|faint|p1a: Pincurchin
|
|win|MyLifeHasNoMeaning
|raw|poukiewookie's rating: 1393 &rarr; <strong>1372</strong><br />(-21 for losing)
|raw|MyLifeHasNoMeaning's rating: 1371 &rarr; <strong>1392</strong><br />(+21 for winning)
|c|☆MyLifeHasNoMeaning|gg
|l|☆MyLifeHasNoMeaning
|player|p2|
