|j|☆RandomFilipinoGuy
|j|☆hycf
|t:|1743916877
|gametype|singles
|player|p1|RandomFilipinoGuy|red|1089
|player|p2|hycf|102|1087
|teamsize|p1|6
|teamsize|p2|6
|gen|9
|tier|[Gen 9] OU
|rated|
|rule|HP Percentage Mod: HP is shown in percentages
|rule|Endless Battle Clause: Forcing endless battles is banned
|rule|Species Clause: Limit one of each Pokémon
|rule|OHKO Clause: OHKO moves are banned
|rule|Evasion Items Clause: Evasion items are banned
|rule|Evasion Moves Clause: Evasion moves are banned
|rule|Sleep Moves Clause: Sleep-inducing moves are banned
|clearpoke
|poke|p1|Indeedee-F, F|
|poke|p1|Iron Crown|
|poke|p1|Inteleon, M|
|poke|p1|Pelipper, M|
|poke|p1|Barraskewda, M|
|poke|p1|Garchomp, M|
|poke|p2|Greninja-*, M|
|poke|p2|Blaziken, M|
|poke|p2|Gholdengo|
|poke|p2|Garchomp, M|
|poke|p2|Chandelure, M|
|poke|p2|Kingambit, M|
|teampreview
|
|t:|1743916889
|start
|switch|p1a: Pelipper|Pelipper, M|100/100
|switch|p2a: Blaziken|Blaziken, M|100/100
|-weather|RainDance|[from] ability: Drizzle|[of] p1a: Pelipper
|turn|1
|
|t:|1743916907
|switch|p1a: Inteleon|Inteleon, M|100/100
|move|p2a: Blaziken|Swords Dance|p2a: Blaziken
|-boost|p2a: Blaziken|atk|2
|
|-weather|RainDance|[upkeep]
|-ability|p2a: Blaziken|Speed Boost|boost
|-boost|p2a: Blaziken|spe|1
|upkeep
|turn|2
|
|t:|1743916922
|move|p2a: Blaziken|Protect|p2a: Blaziken
|-singleturn|p2a: Blaziken|Protect
|move|p1a: Inteleon|Snipe Shot|p2a: Blaziken
|-activate|p2a: Blaziken|move: Protect
|
|-weather|RainDance|[upkeep]
|-ability|p2a: Blaziken|Speed Boost|boost
|-boost|p2a: Blaziken|spe|1
|upkeep
|turn|3
|inactive|Battle timer is ON: inactive players will automatically lose when time's up. (requested by RandomFilipinoGuy)
|
|t:|1743916932
|move|p1a: Inteleon|Snipe Shot|p2a: Blaziken
|-supereffective|p2a: Blaziken
|-damage|p2a: Blaziken|0 fnt
|faint|p2a: Blaziken
|
|-weather|RainDance|[upkeep]
|upkeep
|
|t:|1743916940
|switch|p2a: Greninja|Greninja, M|100/100
|turn|4
|
|t:|1743916956
|move|p1a: Inteleon|Snipe Shot|p2a: Greninja
|-resisted|p2a: Greninja
|-damage|p2a: Greninja|59/100
|move|p2a: Greninja|Surf|p1a: Inteleon
|-resisted|p1a: Inteleon
|-damage|p1a: Inteleon|54/100
|
|-weather|RainDance|[upkeep]
|-heal|p2a: Greninja|65/100|[from] item: Leftovers
|upkeep
|turn|5
|
|t:|1743916967
|-terastallize|p1a: Inteleon|Water
|move|p1a: Inteleon|Snipe Shot|p2a: Greninja
|-resisted|p2a: Greninja
|-damage|p2a: Greninja|3/100
|move|p2a: Greninja|Surf|p1a: Inteleon
|-resisted|p1a: Inteleon
|-damage|p1a: Inteleon|9/100
|
|-weather|RainDance|[upkeep]
|-heal|p2a: Greninja|9/100|[from] item: Leftovers
|upkeep
|turn|6
|
|t:|1743916975
|move|p2a: Greninja|Water Shuriken|p1a: Inteleon
|-resisted|p1a: Inteleon
|-damage|p1a: Inteleon|0 fnt
|faint|p1a: Inteleon
|-ability|p2a: Greninja|Battle Bond|boost
|-boost|p2a: Greninja|atk|1
|-boost|p2a: Greninja|spa|1
|-boost|p2a: Greninja|spe|1
|-activate|p2a: Greninja|ability: Battle Bond
|-hitcount|p1: Inteleon|1
|
|-weather|RainDance|[upkeep]
|-heal|p2a: Greninja|15/100|[from] item: Leftovers
|upkeep
|
|t:|1743916980
|switch|p1a: Barraskewda|Barraskewda, M|100/100
|turn|7
|
|t:|1743916990
|move|p1a: Barraskewda|Liquidation|p2a: Greninja
|-resisted|p2a: Greninja
|-crit|p2a: Greninja
|-damage|p2a: Greninja|0 fnt
|faint|p2a: Greninja
|
|-weather|RainDance|[upkeep]
|upkeep
|
|t:|1743917000
|switch|p2a: Garchomp|Garchomp, M|100/100
|turn|8
|
|t:|1743917004
|move|p1a: Barraskewda|Liquidation|p2a: Garchomp
|-damage|p2a: Garchomp|3/100
|-damage|p1a: Barraskewda|88/100|[from] ability: Rough Skin|[of] p2a: Garchomp
|-damage|p1a: Barraskewda|72/100|[from] item: Rocky Helmet|[of] p2a: Garchomp
|move|p2a: Garchomp|Swords Dance|p2a: Garchomp
|-boost|p2a: Garchomp|atk|2
|
|-weather|none
|upkeep
|turn|9
|
|t:|1743917020
|move|p1a: Barraskewda|Liquidation|p2a: Garchomp
|-damage|p2a: Garchomp|0 fnt
|-damage|p1a: Barraskewda|60/100|[from] ability: Rough Skin|[of] p2a: Garchomp
|-damage|p1a: Barraskewda|43/100|[from] item: Rocky Helmet|[of] p2a: Garchomp
|faint|p2a: Garchomp
|
|upkeep
|
|t:|1743917033
|switch|p2a: Chandelure|Chandelure, M|100/100
|turn|10
|
|t:|1743917042
|move|p1a: Barraskewda|Liquidation|p2a: Chandelure
|-supereffective|p2a: Chandelure
|-damage|p2a: Chandelure|0 fnt
|faint|p2a: Chandelure
|
|upkeep
|
|t:|1743917048
|switch|p2a: Gholdengo|Gholdengo|100/100
|turn|11
|
|t:|1743917051
|move|p1a: Barraskewda|Liquidation|p2a: Gholdengo
|-damage|p2a: Gholdengo|34/100
|-unboost|p2a: Gholdengo|def|1
|move|p2a: Gholdengo|Shadow Ball|p1a: Barraskewda
|-damage|p1a: Barraskewda|0 fnt
|faint|p1a: Barraskewda
|
|-heal|p2a: Gholdengo|40/100|[from] item: Leftovers
|upkeep
|
|t:|1743917065
|switch|p1a: Garchomp|Garchomp, M|100/100
|turn|12
|
|t:|1743917074
|move|p1a: Garchomp|Earthquake|p2a: Gholdengo
|-supereffective|p2a: Gholdengo
|-damage|p2a: Gholdengo|0 fnt
|faint|p2a: Gholdengo
|
|upkeep
|
|t:|1743917078
|switch|p2a: Kingambit|Kingambit, M|100/100
|-activate|p2a: Kingambit|ability: Supreme Overlord
|-start|p2a: Kingambit|fallen5|[silent]
|turn|13
|
|t:|1743917087
|move|p1a: Garchomp|Earthquake|p2a: Kingambit
|-supereffective|p2a: Kingambit
|-damage|p2a: Kingambit|18/100
|move|p2a: Kingambit|Swords Dance|p2a: Kingambit
|-boost|p2a: Kingambit|atk|2
|
|-heal|p2a: Kingambit|24/100|[from] item: Leftovers
|upkeep
|turn|14
|
|t:|1743917095
|-terastallize|p2a: Kingambit|Dark
|move|p2a: Kingambit|Sucker Punch|p1a: Garchomp
|-damage|p1a: Garchomp|0 fnt
|-damage|p2a: Kingambit|12/100|[from] ability: Rough Skin|[of] p1a: Garchomp
|faint|p1a: Garchomp
|
|-heal|p2a: Kingambit|18/100|[from] item: Leftovers
|upkeep
|
|t:|1743917102
|switch|p1a: Indeedee|Indeedee-F, F, shiny|100/100
|-fieldstart|move: Psychic Terrain|[from] ability: Psychic Surge|[of] p1a: Indeedee
|turn|15
|
|t:|1743917110
|move|p1a: Indeedee|Reflect|p1a: Indeedee
|-sidestart|p1: RandomFilipinoGuy|Reflect
|move|p2a: Kingambit|Brick Break|p1a: Indeedee
|-sideend|p1: RandomFilipinoGuy|Reflect
|-crit|p1a: Indeedee
|-damage|p1a: Indeedee|0 fnt
|faint|p1a: Indeedee
|
|-heal|p2a: Kingambit|24/100|[from] item: Leftovers
|upkeep
|
|t:|1743917120
|switch|p1a: Iron Crown|Iron Crown|100/100
|-enditem|p1a: Iron Crown|Booster Energy
|-activate|p1a: Iron Crown|ability: Quark Drive|[fromitem]
|-start|p1a: Iron Crown|quarkdrivespa
|turn|16
|
|t:|1743917126
|move|p2a: Kingambit|Sucker Punch|p1a: Iron Crown
|-activate|p1a: Iron Crown|move: Psychic Terrain
|move|p1a: Iron Crown|Tachyon Cutter|p2a: Kingambit
|-damage|p2a: Kingambit|0 fnt
|faint|p2a: Kingambit
|-end|p2a: Kingambit|fallen5|[silent]
|-hitcount|p2: Kingambit|1
|
|win|RandomFilipinoGuy
|raw|RandomFilipinoGuy's rating: 1089 &rarr; <strong>1115</strong><br />(+26 for winning)
|raw|hycf's rating: 1087 &rarr; <strong>1064</strong><br />(-23 for losing)
|l|☆RandomFilipinoGuy
|player|p1|
|l|☆hycf
|player|p2|
