|j|‽imstr8ballin
|j|☆O FBI
|t:|1743874831
|gametype|singles
|player|p1|imstr8ballin|169|1591
|player|p2|O FBI|harlequin|1607
|teamsize|p1|6
|teamsize|p2|6
|gen|9
|tier|[Gen 9] OU
|rated|
|rule|HP Percentage Mod: HP is shown in percentages
|rule|Endless Battle Clause: Forcing endless battles is banned
|rule|Species Clause: Limit one of each Pokémon
|rule|OHKO Clause: OHKO moves are banned
|rule|Evasion Items Clause: Evasion items are banned
|rule|Evasion Moves Clause: Evasion moves are banned
|rule|Sleep Moves Clause: Sleep-inducing moves are banned
|clearpoke
|poke|p1|Serperior, M|
|poke|p1|Tinkaton, F|
|poke|p1|Ceruledge, F|
|poke|p1|Gholdengo|
|poke|p1|Sandaconda, F|
|poke|p1|Zapdos|
|poke|p2|Deoxys-Speed|
|poke|p2|Scizor, M|
|poke|p2|Dragonite, F|
|poke|p2|Kingambit, M|
|poke|p2|Iron Valiant|
|poke|p2|Raging Bolt|
|teampreview
|inactive|Battle timer is ON: inactive players will automatically lose when time's up. (requested by O FBI)
|
|t:|1743874836
|start
|switch|p1a: Sandaconda|Sandaconda, F|100/100
|switch|p2a: Deoxys|Deoxys-Speed|100/100
|-ability|p2a: Deoxys|Pressure
|turn|1
|
|t:|1743874842
|move|p2a: Deoxys|Stealth Rock|p1a: Sandaconda
|-sidestart|p1: imstr8ballin|move: Stealth Rock
|move|p1a: Sandaconda|Glare|p2a: Deoxys
|-status|p2a: Deoxys|par
|
|upkeep
|turn|2
|
|t:|1743874844
|move|p1a: Sandaconda|Stealth Rock|p2a: Deoxys
|-sidestart|p2: O FBI|move: Stealth Rock
|move|p2a: Deoxys|Psychic Noise|p1a: Sandaconda
|-damage|p1a: Sandaconda|63/100
|-start|p1a: Sandaconda|move: Heal Block
|-enditem|p1a: Sandaconda|Mental Herb
|-end|p1a: Sandaconda|move: Heal Block
|
|upkeep
|turn|3
|
|t:|1743874847
|move|p1a: Sandaconda|Mud-Slap|p2a: Deoxys
|-damage|p2a: Deoxys|93/100 par
|-unboost|p2a: Deoxys|accuracy|1
|move|p2a: Deoxys|Knock Off|p1a: Sandaconda|[miss]
|-miss|p2a: Deoxys|p1a: Sandaconda
|
|upkeep
|turn|4
|
|t:|1743874849
|move|p1a: Sandaconda|Mud-Slap|p2a: Deoxys
|-damage|p2a: Deoxys|86/100 par
|-unboost|p2a: Deoxys|accuracy|1
|cant|p2a: Deoxys|par
|
|upkeep
|turn|5
|
|t:|1743874852
|move|p1a: Sandaconda|Mud-Slap|p2a: Deoxys
|-damage|p2a: Deoxys|79/100 par
|-unboost|p2a: Deoxys|accuracy|1
|cant|p2a: Deoxys|par
|
|upkeep
|turn|6
|
|t:|1743874854
|move|p1a: Sandaconda|Mud-Slap|p2a: Deoxys
|-crit|p2a: Deoxys
|-damage|p2a: Deoxys|69/100 par
|-unboost|p2a: Deoxys|accuracy|1
|move|p2a: Deoxys|Knock Off|p1a: Sandaconda|[miss]
|-miss|p2a: Deoxys|p1a: Sandaconda
|
|upkeep
|turn|7
|
|t:|1743874857
|move|p1a: Sandaconda|Glare|p2a: Deoxys
|-fail|p2a: Deoxys|par
|move|p2a: Deoxys|Knock Off|p1a: Sandaconda|[miss]
|-miss|p2a: Deoxys|p1a: Sandaconda
|
|upkeep
|turn|8
|
|t:|1743874859
|move|p1a: Sandaconda|Mud-Slap|p2a: Deoxys
|-damage|p2a: Deoxys|63/100 par
|-unboost|p2a: Deoxys|accuracy|1
|move|p2a: Deoxys|Knock Off|p1a: Sandaconda
|-damage|p1a: Sandaconda|53/100
|
|upkeep
|turn|9
|
|t:|1743874864
|move|p1a: Sandaconda|Mud-Slap|p2a: Deoxys
|-damage|p2a: Deoxys|56/100 par
|-unboost|p2a: Deoxys|accuracy|1
|cant|p2a: Deoxys|par
|
|upkeep
|turn|10
|
|t:|1743874875
|move|p1a: Sandaconda|Glare|p2a: Deoxys
|-fail|p2a: Deoxys|par
|cant|p2a: Deoxys|par
|
|upkeep
|turn|11
|
|t:|1743874877
|move|p1a: Sandaconda|Mud-Slap|p2a: Deoxys
|-damage|p2a: Deoxys|48/100 par
|cant|p2a: Deoxys|par
|
|upkeep
|turn|12
|
|t:|1743874879
|move|p1a: Sandaconda|Glare|p2a: Deoxys
|-fail|p2a: Deoxys|par
|move|p2a: Deoxys|Psychic Noise|p1a: Sandaconda|[miss]
|-miss|p2a: Deoxys|p1a: Sandaconda
|
|upkeep
|turn|13
|
|t:|1743874883
|move|p1a: Sandaconda|Glare|p2a: Deoxys
|-fail|p2a: Deoxys|par
|move|p2a: Deoxys|Psychic Noise|p1a: Sandaconda|[miss]
|-miss|p2a: Deoxys|p1a: Sandaconda
|
|upkeep
|turn|14
|
|t:|1743874886
|move|p1a: Sandaconda|Mud-Slap|p2a: Deoxys
|-damage|p2a: Deoxys|41/100 par
|move|p2a: Deoxys|Psychic Noise|p1a: Sandaconda
|-damage|p1a: Sandaconda|12/100
|-start|p1a: Sandaconda|move: Heal Block
|
|upkeep
|turn|15
|
|t:|1743874888
|move|p1a: Sandaconda|Endeavor|p2a: Deoxys
|-damage|p2a: Deoxys|11/100 par
|move|p2a: Deoxys|Psychic Noise|p1a: Sandaconda|[miss]
|-miss|p2a: Deoxys|p1a: Sandaconda
|
|-end|p1a: Sandaconda|move: Heal Block
|upkeep
|turn|16
|
|t:|1743874896
|move|p1a: Sandaconda|Glare|p2a: Deoxys
|-fail|p2a: Deoxys|par
|move|p2a: Deoxys|Psychic Noise|p1a: Sandaconda|[miss]
|-miss|p2a: Deoxys|p1a: Sandaconda
|
|upkeep
|turn|17
|
|t:|1743874907
|move|p1a: Sandaconda|Endeavor|p2a: Deoxys
|-immune|p2a: Deoxys
|move|p2a: Deoxys|Psychic Noise|p1a: Sandaconda|[miss]
|-miss|p2a: Deoxys|p1a: Sandaconda
|
|upkeep
|turn|18
|
|t:|1743874911
|move|p1a: Sandaconda|Glare|p2a: Deoxys
|-fail|p2a: Deoxys|par
|move|p2a: Deoxys|Knock Off|p1a: Sandaconda|[miss]
|-miss|p2a: Deoxys|p1a: Sandaconda
|
|upkeep
|turn|19
|
|t:|1743874918
|move|p1a: Sandaconda|Glare|p2a: Deoxys
|-fail|p2a: Deoxys|par
|move|p2a: Deoxys|Stealth Rock||[still]
|-fail|p2a: Deoxys
|
|upkeep
|turn|20
|
|t:|1743874924
|move|p1a: Sandaconda|Glare|p2a: Deoxys
|-fail|p2a: Deoxys|par
|move|p2a: Deoxys|Stealth Rock||[still]
|-fail|p2a: Deoxys
|
|upkeep
|turn|21
|
|t:|1743874930
|switch|p1a: Tinkaton|Tinkaton, F|100/100
|-damage|p1a: Tinkaton|94/100|[from] Stealth Rock
|-ability|p1a: Tinkaton|Mold Breaker
|move|p2a: Deoxys|Psychic Noise|p1a: Tinkaton|[miss]
|-miss|p2a: Deoxys|p1a: Tinkaton
|
|-heal|p1a: Tinkaton|100/100|[from] item: Leftovers
|upkeep
|turn|22
|
|t:|1743874933
|move|p1a: Tinkaton|Substitute|p1a: Tinkaton
|-start|p1a: Tinkaton|Substitute
|-damage|p1a: Tinkaton|76/100
|move|p2a: Deoxys|Knock Off|p1a: Tinkaton
|-resisted|p1a: Tinkaton
|-crit|p1a: Tinkaton
|-activate|p1a: Tinkaton|move: Substitute|[damage]
|
|-heal|p1a: Tinkaton|82/100|[from] item: Leftovers
|upkeep
|turn|23
|
|t:|1743874938
|move|p1a: Tinkaton|Swords Dance|p1a: Tinkaton
|-boost|p1a: Tinkaton|atk|2
|move|p2a: Deoxys|Psychic Noise|p1a: Tinkaton
|-resisted|p1a: Tinkaton
|-damage|p1a: Tinkaton|70/100
|-start|p1a: Tinkaton|move: Heal Block
|
|upkeep
|turn|24
|
|t:|1743874945
|move|p1a: Tinkaton|Swords Dance|p1a: Tinkaton
|-boost|p1a: Tinkaton|atk|2
|move|p2a: Deoxys|Knock Off|p1a: Tinkaton|[miss]
|-miss|p2a: Deoxys|p1a: Tinkaton
|
|-end|p1a: Tinkaton|move: Heal Block
|upkeep
|turn|25
|
|t:|1743874950
|move|p1a: Tinkaton|Swords Dance|p1a: Tinkaton
|-boost|p1a: Tinkaton|atk|2
|move|p2a: Deoxys|Psychic Noise|p1a: Tinkaton|[miss]
|-miss|p2a: Deoxys|p1a: Tinkaton
|
|-heal|p1a: Tinkaton|76/100|[from] item: Leftovers
|upkeep
|turn|26
|
|t:|1743874955
|move|p1a: Tinkaton|Gigaton Hammer|p2a: Deoxys
|-damage|p2a: Deoxys|0 fnt
|faint|p2a: Deoxys
|
|-heal|p1a: Tinkaton|82/100|[from] item: Leftovers
|upkeep
|
|t:|1743874961
|switch|p2a: Dragonite|Dragonite, F|100/100
|turn|27
|
|t:|1743874967
|move|p1a: Tinkaton|Thunder Wave|p2a: Dragonite
|-status|p2a: Dragonite|par
|move|p2a: Dragonite|Earthquake|p1a: Tinkaton
|-supereffective|p1a: Tinkaton
|-end|p1a: Tinkaton|Substitute
|
|-heal|p1a: Tinkaton|88/100|[from] item: Leftovers
|upkeep
|turn|28
|
|t:|1743874979
|move|p1a: Tinkaton|Gigaton Hammer|p2a: Dragonite
|-damage|p2a: Dragonite|0 fnt
|faint|p2a: Dragonite
|
|-heal|p1a: Tinkaton|94/100|[from] item: Leftovers
|upkeep
|
|t:|1743874982
|switch|p2a: Iron Valiant|Iron Valiant|100/100
|-damage|p2a: Iron Valiant|94/100|[from] Stealth Rock
|-enditem|p2a: Iron Valiant|Booster Energy
|-activate|p2a: Iron Valiant|ability: Quark Drive|[fromitem]
|-start|p2a: Iron Valiant|quarkdrivespa
|turn|29
|
|t:|1743874988
|move|p2a: Iron Valiant|Shadow Ball|p1a: Tinkaton
|-crit|p1a: Tinkaton
|-damage|p1a: Tinkaton|36/100
|move|p1a: Tinkaton|Thunder Wave|p2a: Iron Valiant
|-status|p2a: Iron Valiant|par
|
|-heal|p1a: Tinkaton|42/100|[from] item: Leftovers
|upkeep
|turn|30
|
|t:|1743874991
|move|p1a: Tinkaton|Gigaton Hammer|p2a: Iron Valiant
|-supereffective|p2a: Iron Valiant
|-damage|p2a: Iron Valiant|0 fnt
|faint|p2a: Iron Valiant
|-end|p2a: Iron Valiant|Quark Drive|[silent]
|
|-heal|p1a: Tinkaton|48/100|[from] item: Leftovers
|upkeep
|
|t:|1743874996
|switch|p2a: Raging Bolt|Raging Bolt|100/100
|-damage|p2a: Raging Bolt|88/100|[from] Stealth Rock
|-enditem|p2a: Raging Bolt|Booster Energy
|-activate|p2a: Raging Bolt|ability: Protosynthesis|[fromitem]
|-start|p2a: Raging Bolt|protosynthesisspa
|turn|31
|
|t:|1743874998
|move|p1a: Tinkaton|Substitute|p1a: Tinkaton
|-start|p1a: Tinkaton|Substitute
|-damage|p1a: Tinkaton|24/100
|move|p2a: Raging Bolt|Thunderbolt|p1a: Tinkaton
|-end|p1a: Tinkaton|Substitute
|
|-heal|p1a: Tinkaton|30/100|[from] item: Leftovers
|upkeep
|turn|32
|
|t:|1743875001
|move|p2a: Raging Bolt|Thunderclap||[still]
|-fail|p2a: Raging Bolt
|move|p1a: Tinkaton|Substitute|p1a: Tinkaton
|-start|p1a: Tinkaton|Substitute
|-damage|p1a: Tinkaton|5/100
|
|-heal|p1a: Tinkaton|11/100|[from] item: Leftovers
|upkeep
|turn|33
|
|t:|1743875003
|move|p2a: Raging Bolt|Thunderclap|p1a: Tinkaton
|-end|p1a: Tinkaton|Substitute
|move|p1a: Tinkaton|Gigaton Hammer|p2a: Raging Bolt
|-resisted|p2a: Raging Bolt
|-damage|p2a: Raging Bolt|0 fnt
|faint|p2a: Raging Bolt
|-end|p2a: Raging Bolt|Protosynthesis|[silent]
|
|-heal|p1a: Tinkaton|17/100|[from] item: Leftovers
|upkeep
|
|t:|1743875005
|switch|p2a: Scizor|Scizor, M|100/100
|-damage|p2a: Scizor|88/100|[from] Stealth Rock
|turn|34
|
|t:|1743875009
|move|p2a: Scizor|Bullet Punch|p1a: Tinkaton
|-damage|p1a: Tinkaton|0 fnt
|faint|p1a: Tinkaton
|-damage|p2a: Scizor|78/100|[from] item: Life Orb
|
|upkeep
|
|t:|1743875013
|switch|p1a: Ceruledge|Ceruledge, F|100/100
|-damage|p1a: Ceruledge|76/100|[from] Stealth Rock
|turn|35
|
|t:|1743875017
|move|p1a: Ceruledge|Bitter Blade|p2a: Scizor
|-supereffective|p2a: Scizor
|-damage|p2a: Scizor|0 fnt
|-heal|p1a: Ceruledge|100/100|[from] drain|[of] p2a: Scizor
|faint|p2a: Scizor
|
|upkeep
|
|t:|1743875019
|switch|p2a: Kingambit|Kingambit, M|100/100
|-damage|p2a: Kingambit|94/100|[from] Stealth Rock
|-activate|p2a: Kingambit|ability: Supreme Overlord
|-start|p2a: Kingambit|fallen5|[silent]
|turn|36
|
|t:|1743875023
|-terastallize|p2a: Kingambit|Dark
|move|p1a: Ceruledge|Substitute|p1a: Ceruledge
|-start|p1a: Ceruledge|Substitute
|-damage|p1a: Ceruledge|76/100
|move|p2a: Kingambit|Kowtow Cleave|p1a: Ceruledge
|-supereffective|p1a: Ceruledge
|-end|p1a: Ceruledge|Substitute
|
|-heal|p1a: Ceruledge|82/100|[from] item: Leftovers
|upkeep
|turn|37
|
|t:|1743875028
|move|p2a: Kingambit|Sucker Punch||[still]
|-fail|p2a: Kingambit
|move|p1a: Ceruledge|Disable|p2a: Kingambit
|-start|p2a: Kingambit|Disable|Sucker Punch
|
|-heal|p1a: Ceruledge|88/100|[from] item: Leftovers
|upkeep
|turn|38
|
|t:|1743875038
|move|p1a: Ceruledge|Bitter Blade|p2a: Kingambit
|-damage|p2a: Kingambit|56/100
|-heal|p1a: Ceruledge|100/100|[from] drain|[of] p2a: Kingambit
|move|p2a: Kingambit|Kowtow Cleave|p1a: Ceruledge
|-supereffective|p1a: Ceruledge
|-damage|p1a: Ceruledge|0 fnt
|faint|p1a: Ceruledge
|
|upkeep
|
|t:|1743875044
|switch|p1a: Sandaconda|Sandaconda, F|12/100
|-damage|p1a: Sandaconda|6/100|[from] Stealth Rock
|turn|39
|
|t:|1743875046
|move|p1a: Sandaconda|Glare|p2a: Kingambit
|-status|p2a: Kingambit|par
|move|p2a: Kingambit|Kowtow Cleave|p1a: Sandaconda
|-crit|p1a: Sandaconda
|-damage|p1a: Sandaconda|0 fnt
|faint|p1a: Sandaconda
|
|upkeep
|
|t:|1743875057
|switch|p1a: Serperior|Serperior, M|100/100
|-damage|p1a: Serperior|88/100|[from] Stealth Rock
|turn|40
|
|t:|1743875065
|move|p1a: Serperior|Substitute|p1a: Serperior
|-start|p1a: Serperior|Substitute
|-damage|p1a: Serperior|63/100
|move|p2a: Kingambit|Kowtow Cleave|p1a: Serperior
|-end|p1a: Serperior|Substitute
|
|-heal|p1a: Serperior|70/100|[from] item: Leftovers
|upkeep
|turn|41
|
|t:|1743875068
|move|p1a: Serperior|Substitute|p1a: Serperior
|-start|p1a: Serperior|Substitute
|-damage|p1a: Serperior|45/100
|move|p2a: Kingambit|Kowtow Cleave|p1a: Serperior
|-end|p1a: Serperior|Substitute
|
|-heal|p1a: Serperior|51/100|[from] item: Leftovers
|-end|p2a: Kingambit|Disable
|upkeep
|turn|42
|
|t:|1743875070
|move|p2a: Kingambit|Sucker Punch||[still]
|-fail|p2a: Kingambit
|move|p1a: Serperior|Substitute|p1a: Serperior
|-start|p1a: Serperior|Substitute
|-damage|p1a: Serperior|26/100
|
|-heal|p1a: Serperior|32/100|[from] item: Leftovers
|upkeep
|turn|43
|
|t:|1743875072
|move|p1a: Serperior|Leech Seed|p2a: Kingambit
|-start|p2a: Kingambit|move: Leech Seed
|move|p2a: Kingambit|Kowtow Cleave|p1a: Serperior
|-end|p1a: Serperior|Substitute
|
|-heal|p1a: Serperior|39/100|[from] item: Leftovers
|-damage|p2a: Kingambit|44/100 par|[from] Leech Seed|[of] p1a: Serperior
|-heal|p1a: Serperior|53/100|[silent]
|upkeep
|turn|44
|
|t:|1743875077
|move|p1a: Serperior|Substitute|p1a: Serperior
|-start|p1a: Serperior|Substitute
|-damage|p1a: Serperior|28/100
|move|p2a: Kingambit|Kowtow Cleave|p1a: Serperior
|-end|p1a: Serperior|Substitute
|
|-heal|p1a: Serperior|35/100|[from] item: Leftovers
|-damage|p2a: Kingambit|32/100 par|[from] Leech Seed|[of] p1a: Serperior
|-heal|p1a: Serperior|49/100|[silent]
|upkeep
|turn|45
|
|t:|1743875079
|move|p1a: Serperior|Substitute|p1a: Serperior
|-start|p1a: Serperior|Substitute
|-damage|p1a: Serperior|24/100
|move|p2a: Kingambit|Kowtow Cleave|p1a: Serperior
|-end|p1a: Serperior|Substitute
|
|-heal|p1a: Serperior|30/100|[from] item: Leftovers
|-damage|p2a: Kingambit|19/100 par|[from] Leech Seed|[of] p1a: Serperior
|-heal|p1a: Serperior|45/100|[silent]
|upkeep
|turn|46
|
|t:|1743875081
|move|p1a: Serperior|Substitute|p1a: Serperior
|-start|p1a: Serperior|Substitute
|-damage|p1a: Serperior|20/100
|move|p2a: Kingambit|Kowtow Cleave|p1a: Serperior
|-end|p1a: Serperior|Substitute
|
|-heal|p1a: Serperior|26/100|[from] item: Leftovers
|-damage|p2a: Kingambit|7/100 par|[from] Leech Seed|[of] p1a: Serperior
|-heal|p1a: Serperior|41/100|[silent]
|upkeep
|turn|47
|
|t:|1743875083
|move|p1a: Serperior|Substitute|p1a: Serperior
|-start|p1a: Serperior|Substitute
|-damage|p1a: Serperior|16/100
|move|p2a: Kingambit|Kowtow Cleave|p1a: Serperior
|-end|p1a: Serperior|Substitute
|
|-heal|p1a: Serperior|22/100|[from] item: Leftovers
|-damage|p2a: Kingambit|0 fnt|[from] Leech Seed|[of] p1a: Serperior
|-heal|p1a: Serperior|30/100|[silent]
|faint|p2a: Kingambit
|-end|p2a: Kingambit|fallen5|[silent]
|
|win|imstr8ballin
|raw|imstr8ballin's rating: 1591 &rarr; <strong>1612</strong><br />(+21 for winning)
|raw|O FBI's rating: 1607 &rarr; <strong>1586</strong><br />(-21 for losing)
|l|☆O FBI
|player|p2|
|j| Braccus Rexx
|c| Braccus Rexx|Toxic player damn
|l| Braccus Rexx
|l|‽imstr8ballin
|player|p1|
