|j|☆Diarreia Mortal
|j|☆magmablaster
|t:|1743845227
|gametype|singles
|player|p1|Diarreia Mortal|fisherman-gen4|1204
|player|p2|magmablaster|102|1130
|teamsize|p1|6
|teamsize|p2|6
|gen|9
|tier|[Gen 9] OU
|rated|
|rule|HP Percentage Mod: HP is shown in percentages
|rule|Endless Battle Clause: Forcing endless battles is banned
|rule|Species Clause: Limit one of each Pokémon
|rule|OHKO Clause: OHKO moves are banned
|rule|Evasion Items Clause: Evasion items are banned
|rule|Evasion Moves Clause: Evasion moves are banned
|rule|Sleep Moves Clause: Sleep-inducing moves are banned
|clearpoke
|poke|p1|Toxtricity, F|
|poke|p1|Mew|
|poke|p1|Ninetales-Alola, F|
|poke|p1|Salamence, M|
|poke|p1|Toucannon, F|
|poke|p1|Ditto|
|poke|p2|Lokix, M|
|poke|p2|Comfey, M|
|poke|p2|Sandy Shocks|
|poke|p2|Revavroom, M|
|poke|p2|Tatsugiri, M|
|poke|p2|Chandelure, F|
|teampreview
|
|t:|1743845233
|start
|switch|p1a: Toxtricity|Toxtricity, F|100/100
|switch|p2a: Sandy Shocks|Sandy Shocks|100/100
|-enditem|p2a: Sandy Shocks|Booster Energy
|-activate|p2a: Sandy Shocks|ability: Protosynthesis|[fromitem]
|-start|p2a: Sandy Shocks|protosynthesisspa
|turn|1
|
|t:|1743845258
|switch|p1a: Ninetales|Ninetales-Alola, F|100/100
|-weather|Snowscape|[from] ability: Snow Warning|[of] p1a: Ninetales
|move|p2a: Sandy Shocks|Stealth Rock|p1a: Ninetales
|-sidestart|p1: Diarreia Mortal|move: Stealth Rock
|
|-weather|Snowscape|[upkeep]
|upkeep
|turn|2
|
|t:|1743845272
|move|p1a: Ninetales|Aurora Veil|p1a: Ninetales
|-sidestart|p1: Diarreia Mortal|move: Aurora Veil
|move|p2a: Sandy Shocks|Earth Power|p1a: Ninetales
|-damage|p1a: Ninetales|68/100
|
|-weather|Snowscape|[upkeep]
|upkeep
|turn|3
|
|t:|1743845280
|-end|p2a: Sandy Shocks|Protosynthesis|[silent]
|switch|p2a: Comfey|Comfey, M|100/100
|move|p1a: Ninetales|Blizzard|p2a: Comfey
|-damage|p2a: Comfey|50/100
|
|-weather|Snowscape|[upkeep]
|upkeep
|turn|4
|
|t:|1743845289
|move|p1a: Ninetales|Blizzard|p2a: Comfey
|-damage|p2a: Comfey|0 fnt
|faint|p2a: Comfey
|
|-weather|Snowscape|[upkeep]
|upkeep
|
|t:|1743845296
|switch|p2a: Revavroom|Revavroom, M|100/100
|turn|5
|
|t:|1743845306
|switch|p1a: Toxtricity|Toxtricity, F|100/100
|-damage|p1a: Toxtricity|88/100|[from] Stealth Rock
|move|p2a: Revavroom|Shift Gear|p2a: Revavroom
|-boost|p2a: Revavroom|spe|2
|-boost|p2a: Revavroom|atk|1
|
|-weather|none
|upkeep
|turn|6
|
|t:|1743845319
|move|p2a: Revavroom|Temper Flare|p1a: Toxtricity
|-damage|p1a: Toxtricity|63/100
|move|p1a: Toxtricity|Psychic Noise|p2a: Revavroom
|-damage|p2a: Revavroom|25/100
|-start|p2a: Revavroom|move: Heal Block
|
|upkeep
|turn|7
|
|t:|1743845331
|switch|p2a: Lokix|Lokix, M|100/100
|move|p1a: Toxtricity|Psychic Noise|p2a: Lokix
|-immune|p2a: Lokix
|
|upkeep
|turn|8
|
|t:|1743845349
|switch|p1a: Toucannon|Toucannon, F|100/100
|-damage|p1a: Toucannon|76/100|[from] Stealth Rock
|move|p2a: Lokix|First Impression|p1a: Toucannon
|-resisted|p1a: Toucannon
|-damage|p1a: Toucannon|46/100
|-damage|p2a: Lokix|91/100|[from] item: Life Orb
|
|upkeep
|turn|9
|
|t:|1743845365
|switch|p2a: Chandelure|Chandelure, F|100/100
|-singleturn|p1a: Toucannon|move: Beak Blast
|move|p1a: Toucannon|Beak Blast|p2a: Chandelure
|-damage|p2a: Chandelure|0 fnt
|faint|p2a: Chandelure
|
|-sideend|p1: Diarreia Mortal|move: Aurora Veil
|upkeep
|
|t:|1743845376
|switch|p2a: Tatsugiri|Tatsugiri, M|100/100
|turn|10
|
|t:|1743845381
|-singleturn|p1a: Toucannon|move: Beak Blast
|move|p2a: Tatsugiri|Rapid Spin|p1a: Toucannon
|-damage|p1a: Toucannon|39/100
|-status|p2a: Tatsugiri|brn
|-boost|p2a: Tatsugiri|spe|1
|move|p1a: Toucannon|Beak Blast|p2a: Tatsugiri
|-damage|p2a: Tatsugiri|0 fnt
|faint|p2a: Tatsugiri
|
|upkeep
|-message|magmablaster forfeited.
|
|win|Diarreia Mortal
|raw|Diarreia Mortal's rating: 1204 &rarr; <strong>1224</strong><br />(+20 for winning)
|raw|magmablaster's rating: 1130 &rarr; <strong>1110</strong><br />(-20 for losing)
|l|☆magmablaster
|player|p2|
|l|☆Diarreia Mortal
|player|p1|
