|j|☆Oracle_of_Apollo
|j|☆syjcx
|t:|1743912081
|gametype|singles
|player|p1|Oracle_of_Apollo|unknownf|1118
|player|p2|syjcx|cynthia-gen4|1172
|teamsize|p1|6
|teamsize|p2|6
|gen|9
|tier|[Gen 9] OU
|rated|
|rule|HP Percentage Mod: HP is shown in percentages
|rule|Endless Battle Clause: Forcing endless battles is banned
|rule|Species Clause: Limit one of each Pokémon
|rule|OHKO Clause: OHKO moves are banned
|rule|Evasion Items Clause: Evasion items are banned
|rule|Evasion Moves Clause: Evasion moves are banned
|rule|Sleep Moves Clause: Sleep-inducing moves are banned
|clearpoke
|poke|p1|Skeledirge, F|
|poke|p1|Tinkaton, F|
|poke|p1|Zapdos|
|poke|p1|Darkrai|
|poke|p1|Cinderace, F|
|poke|p1|Ogerpon-Wellspring, F|
|poke|p2|Dragonite, M|
|poke|p2|Gliscor, M|
|poke|p2|Alomomola, M|
|poke|p2|Garchomp, F|
|poke|p2|Scizor, M|
|poke|p2|Tentacruel, M|
|teampreview
|
|t:|1743912098
|start
|switch|p1a: Skeledirge|Skeledirge, F|100/100
|switch|p2a: Garchomp|Garchomp, F, shiny|100/100
|turn|1
|
|t:|1743912107
|-terastallize|p1a: Skeledirge|Fairy
|move|p2a: Garchomp|Stealth Rock|p1a: Skeledirge
|-sidestart|p1: Oracle_of_Apollo|move: Stealth Rock
|move|p1a: Skeledirge|Will-O-Wisp|p2a: Garchomp
|-status|p2a: Garchomp|brn
|
|-damage|p2a: Garchomp|94/100 brn|[from] brn
|upkeep
|turn|2
|
|t:|1743912117
|move|p2a: Garchomp|Spikes|p1a: Skeledirge
|-sidestart|p1: Oracle_of_Apollo|Spikes
|move|p1a: Skeledirge|Torch Song|p2a: Garchomp
|-resisted|p2a: Garchomp
|-damage|p2a: Garchomp|81/100 brn
|-boost|p1a: Skeledirge|spa|1
|-enditem|p1a: Skeledirge|Throat Spray
|-boost|p1a: Skeledirge|spa|1|[from] item: Throat Spray
|
|-damage|p2a: Garchomp|75/100 brn|[from] brn
|upkeep
|turn|3
|
|t:|1743912130
|move|p2a: Garchomp|Earthquake|p1a: Skeledirge
|-damage|p1a: Skeledirge|89/100
|move|p1a: Skeledirge|Torch Song|p2a: Garchomp
|-resisted|p2a: Garchomp
|-damage|p2a: Garchomp|49/100 brn
|-boost|p1a: Skeledirge|spa|1
|
|-damage|p2a: Garchomp|43/100 brn|[from] brn
|upkeep
|turn|4
|
|t:|1743912144
|switch|p2a: Alomomola|Alomomola, M, shiny|100/100
|move|p1a: Skeledirge|Torch Song|p2a: Alomomola
|-resisted|p2a: Alomomola
|-damage|p2a: Alomomola|80/100
|-boost|p1a: Skeledirge|spa|1
|
|upkeep
|turn|5
|
|t:|1743912154
|move|p1a: Skeledirge|Will-O-Wisp|p2a: Alomomola|[miss]
|-miss|p1a: Skeledirge|p2a: Alomomola
|move|p2a: Alomomola|Alluring Voice|p1a: Skeledirge
|-damage|p1a: Skeledirge|79/100
|
|upkeep
|turn|6
|
|t:|1743912165
|move|p1a: Skeledirge|Will-O-Wisp|p2a: Alomomola
|-status|p2a: Alomomola|brn
|move|p2a: Alomomola|Flip Turn|p1a: Skeledirge
|-damage|p1a: Skeledirge|75/100
|
|t:|1743912180
|switch|p2a: Gliscor|Gliscor, M|100/100|[from] Flip Turn
|
|-status|p2a: Gliscor|tox|[from] item: Toxic Orb
|upkeep
|turn|7
|
|t:|1743912191
|move|p2a: Gliscor|Knock Off|p1a: Skeledirge
|-resisted|p1a: Skeledirge
|-damage|p1a: Skeledirge|71/100
|move|p1a: Skeledirge|Hex|p2a: Gliscor
|-damage|p2a: Gliscor|0 fnt
|faint|p2a: Gliscor
|
|upkeep
|
|t:|1743912200
|switch|p2a: Scizor|Scizor, M, shiny|100/100
|turn|8
|
|t:|1743912205
|move|p2a: Scizor|Bullet Punch|p1a: Skeledirge
|-supereffective|p1a: Skeledirge
|-damage|p1a: Skeledirge|8/100
|move|p1a: Skeledirge|Will-O-Wisp|p2a: Scizor|[miss]
|-miss|p1a: Skeledirge|p2a: Scizor
|
|upkeep
|turn|9
|
|t:|1743912213
|move|p2a: Scizor|Bullet Punch|p1a: Skeledirge
|-supereffective|p1a: Skeledirge
|-damage|p1a: Skeledirge|0 fnt
|faint|p1a: Skeledirge
|
|upkeep
|
|t:|1743912229
|switch|p1a: Tinkaton|Tinkaton, F|100/100
|-damage|p1a: Tinkaton|94/100|[from] Stealth Rock
|-item|p1a: Tinkaton|Air Balloon
|turn|10
|
|t:|1743912238
|switch|p2a: Alomomola|Alomomola, M, shiny|100/100 brn
|move|p1a: Tinkaton|Stealth Rock|p2a: Alomomola
|-sidestart|p2: syjcx|move: Stealth Rock
|
|-damage|p2a: Alomomola|94/100 brn|[from] brn
|upkeep
|turn|11
|
|t:|1743912248
|move|p1a: Tinkaton|Gigaton Hammer|p2a: Alomomola
|-resisted|p2a: Alomomola
|-damage|p2a: Alomomola|79/100 brn
|move|p2a: Alomomola|Flip Turn|p1a: Tinkaton
|-damage|p1a: Tinkaton|85/100
|-enditem|p1a: Tinkaton|Air Balloon
|-enditem|p2a: Alomomola|Assault Vest|[silent]|[from] ability: Pickpocket|[of] p2a: Alomomola
|-item|p1a: Tinkaton|Assault Vest|[from] ability: Pickpocket|[of] p2a: Alomomola
|
|t:|1743912268
|switch|p2a: Tentacruel|Tentacruel, M, shiny|100/100|[from] Flip Turn
|-damage|p2a: Tentacruel|88/100|[from] Stealth Rock
|
|-heal|p2a: Tentacruel|94/100|[from] item: Black Sludge
|upkeep
|turn|12
|
|t:|1743912288
|-activate|p1a: Tinkaton|move: Struggle
|move|p1a: Tinkaton|Struggle|p2a: Tentacruel
|-damage|p2a: Tentacruel|81/100
|-damage|p1a: Tinkaton|60/100|[from] recoil
|move|p2a: Tentacruel|Rapid Spin|p1a: Tinkaton
|-resisted|p1a: Tinkaton
|-damage|p1a: Tinkaton|56/100
|-boost|p2a: Tentacruel|spe|1
|-sideend|p2: syjcx|Stealth Rock|[from] move: Rapid Spin|[of] p2a: Tentacruel
|
|-heal|p2a: Tentacruel|87/100|[from] item: Black Sludge
|upkeep
|turn|13
|
|t:|1743912305
|move|p2a: Tentacruel|Sludge Wave|p1a: Tinkaton
|-immune|p1a: Tinkaton
|move|p1a: Tinkaton|Gigaton Hammer|p2a: Tentacruel
|-resisted|p2a: Tentacruel
|-damage|p2a: Tentacruel|60/100
|
|-heal|p2a: Tentacruel|66/100|[from] item: Black Sludge
|upkeep
|turn|14
|
|t:|1743912316
|move|p2a: Tentacruel|Toxic Spikes|p1a: Tinkaton
|-sidestart|p1: Oracle_of_Apollo|move: Toxic Spikes
|-activate|p1a: Tinkaton|move: Struggle
|move|p1a: Tinkaton|Struggle|p2a: Tentacruel
|-damage|p2a: Tentacruel|53/100
|-damage|p1a: Tinkaton|31/100|[from] recoil
|
|-heal|p2a: Tentacruel|59/100|[from] item: Black Sludge
|upkeep
|turn|15
|
|t:|1743912327
|switch|p2a: Alomomola|Alomomola, M, shiny|100/100 brn
|move|p1a: Tinkaton|Gigaton Hammer|p2a: Alomomola
|-resisted|p2a: Alomomola
|-damage|p2a: Alomomola|86/100 brn
|
|-damage|p2a: Alomomola|80/100 brn|[from] brn
|upkeep
|turn|16
|
|t:|1743912343
|switch|p1a: Zapdos|Zapdos|100/100
|move|p2a: Alomomola|Ice Beam|p1a: Zapdos
|-supereffective|p1a: Zapdos
|-damage|p1a: Zapdos|80/100
|
|-damage|p2a: Alomomola|74/100 brn|[from] brn
|upkeep
|turn|17
|
|t:|1743912357
|switch|p2a: Garchomp|Garchomp, F, shiny|43/100 brn
|move|p1a: Zapdos|Volt Switch|p2a: Garchomp
|-immune|p2a: Garchomp
|
|-damage|p2a: Garchomp|37/100 brn|[from] brn
|upkeep
|turn|18
|
|t:|1743912371
|move|p2a: Garchomp|Draco Meteor|p1a: Zapdos
|-damage|p1a: Zapdos|47/100
|-unboost|p2a: Garchomp|spa|2
|move|p1a: Zapdos|Hurricane|p2a: Garchomp|[miss]
|-miss|p1a: Zapdos|p2a: Garchomp
|
|-damage|p2a: Garchomp|30/100 brn|[from] brn
|upkeep
|turn|19
|
|t:|1743912382
|move|p2a: Garchomp|Spikes|p1a: Zapdos
|-sidestart|p1: Oracle_of_Apollo|Spikes
|move|p1a: Zapdos|Hurricane|p2a: Garchomp
|-damage|p2a: Garchomp|0 fnt
|faint|p2a: Garchomp
|
|upkeep
|
|t:|1743912393
|switch|p2a: Dragonite|Dragonite, M|100/100
|turn|20
|
|t:|1743912400
|-terastallize|p2a: Dragonite|Normal
|move|p2a: Dragonite|Extreme Speed|p1a: Zapdos
|-damage|p1a: Zapdos|0 fnt
|faint|p1a: Zapdos
|
|upkeep
|
|t:|1743912414
|switch|p1a: Cinderace|Cinderace, F|100/100
|turn|21
|
|t:|1743912424
|switch|p2a: Alomomola|Alomomola, M, shiny|100/100 brn
|move|p1a: Cinderace|Will-O-Wisp|p2a: Alomomola
|-fail|p2a: Alomomola|brn
|
|-damage|p2a: Alomomola|94/100 brn|[from] brn
|upkeep
|turn|22
|
|t:|1743912434
|move|p1a: Cinderace|Court Change|p1a: Cinderace
|-swapsideconditions
|-activate|p1a: Cinderace|move: Court Change
|move|p2a: Alomomola|Flip Turn|p1a: Cinderace
|-supereffective|p1a: Cinderace
|-damage|p1a: Cinderace|83/100
|
|t:|1743912441
|switch|p2a: Tentacruel|Tentacruel, M, shiny|59/100|[from] Flip Turn
|-damage|p2a: Tentacruel|47/100|[from] Stealth Rock
|-damage|p2a: Tentacruel|30/100|[from] Spikes
|-sideend|p2: syjcx|move: Toxic Spikes|[of] p2a: Tentacruel
|
|-heal|p2a: Tentacruel|36/100|[from] item: Black Sludge
|upkeep
|turn|23
|
|t:|1743912459
|move|p1a: Cinderace|U-turn|p2a: Tentacruel
|-resisted|p2a: Tentacruel
|-damage|p2a: Tentacruel|23/100
|
|t:|1743912464
|switch|p1a: Tinkaton|Tinkaton, F|31/100|[from] U-turn
|move|p2a: Tentacruel|Rapid Spin|p1a: Tinkaton
|-resisted|p1a: Tinkaton
|-damage|p1a: Tinkaton|27/100
|-boost|p2a: Tentacruel|spe|1
|-sideend|p2: syjcx|Spikes|[from] move: Rapid Spin|[of] p2a: Tentacruel
|-sideend|p2: syjcx|Stealth Rock|[from] move: Rapid Spin|[of] p2a: Tentacruel
|
|-heal|p2a: Tentacruel|29/100|[from] item: Black Sludge
|upkeep
|turn|24
|
|t:|1743912476
|move|p2a: Tentacruel|Flip Turn|p1a: Tinkaton
|-damage|p1a: Tinkaton|11/100
|
|t:|1743912484
|switch|p2a: Alomomola|Alomomola, M, shiny|100/100 brn|[from] Flip Turn
|move|p1a: Tinkaton|Gigaton Hammer|p2a: Alomomola
|-resisted|p2a: Alomomola
|-damage|p2a: Alomomola|86/100 brn
|
|-damage|p2a: Alomomola|80/100 brn|[from] brn
|upkeep
|turn|25
|
|t:|1743912498
|-activate|p1a: Tinkaton|move: Struggle
|move|p1a: Tinkaton|Struggle|p2a: Alomomola
|-damage|p2a: Alomomola|74/100 brn
|-damage|p1a: Tinkaton|0 fnt|[from] recoil
|faint|p1a: Tinkaton
|move|p2a: Alomomola|Flip Turn|p1: Tinkaton|[notarget]
|-fail|p2a: Alomomola
|
|-damage|p2a: Alomomola|68/100 brn|[from] brn
|upkeep
|
|t:|1743912506
|switch|p1a: Ogerpon|Ogerpon-Wellspring, F|100/100
|turn|26
|
|t:|1743912513
|move|p1a: Ogerpon|Swords Dance|p1a: Ogerpon
|-boost|p1a: Ogerpon|atk|2
|move|p2a: Alomomola|Alluring Voice|p1a: Ogerpon
|-damage|p1a: Ogerpon|91/100
|-start|p1a: Ogerpon|confusion
|
|-damage|p2a: Alomomola|62/100 brn|[from] brn
|upkeep
|turn|27
|
|t:|1743912531
|-activate|p1a: Ogerpon|confusion
|move|p1a: Ogerpon|Swords Dance|p1a: Ogerpon
|-boost|p1a: Ogerpon|atk|2
|move|p2a: Alomomola|Flip Turn|p1a: Ogerpon
|-heal|p1a: Ogerpon|100/100|[from] ability: Water Absorb|[of] p2a: Alomomola
|
|-damage|p2a: Alomomola|55/100 brn|[from] brn
|upkeep
|turn|28
|
|t:|1743912542
|-activate|p1a: Ogerpon|confusion
|move|p1a: Ogerpon|Swords Dance|p1a: Ogerpon
|-boost|p1a: Ogerpon|atk|2
|move|p2a: Alomomola|Alluring Voice|p1a: Ogerpon
|-damage|p1a: Ogerpon|90/100
|
|-damage|p2a: Alomomola|49/100 brn|[from] brn
|upkeep
|turn|29
|
|t:|1743912557
|-activate|p1a: Ogerpon|confusion
|move|p1a: Ogerpon|Horn Leech|p2a: Alomomola
|-supereffective|p2a: Alomomola
|-damage|p2a: Alomomola|0 fnt
|-heal|p1a: Ogerpon|100/100|[from] drain|[of] p2a: Alomomola
|faint|p2a: Alomomola
|
|upkeep
|
|t:|1743912568
|switch|p2a: Tentacruel|Tentacruel, M, shiny|29/100
|turn|30
|
|t:|1743912573
|-end|p1a: Ogerpon|confusion
|move|p1a: Ogerpon|Horn Leech|p2a: Tentacruel
|-damage|p2a: Tentacruel|0 fnt
|-damage|p1a: Ogerpon|83/100|[from] ability: Liquid Ooze|[of] p2a: Tentacruel
|faint|p2a: Tentacruel
|
|upkeep
|
|t:|1743912583
|switch|p2a: Scizor|Scizor, M, shiny|100/100
|turn|31
|
|t:|1743912588
|move|p2a: Scizor|Bullet Punch|p1a: Ogerpon
|-resisted|p1a: Ogerpon
|-damage|p1a: Ogerpon|47/100
|move|p1a: Ogerpon|Ivy Cudgel|p2a: Scizor|[anim] Ivy Cudgel Water
|-damage|p2a: Scizor|0 fnt
|faint|p2a: Scizor
|
|upkeep
|
|t:|1743912598
|switch|p2a: Dragonite|Dragonite, M, tera:Normal|100/100
|turn|32
|
|t:|1743912602
|move|p2a: Dragonite|Extreme Speed|p1a: Ogerpon
|-damage|p1a: Ogerpon|0 fnt
|faint|p1a: Ogerpon
|
|upkeep
|
|t:|1743912607
|switch|p1a: Darkrai|Darkrai|100/100
|turn|33
|
|t:|1743912618
|move|p2a: Dragonite|Extreme Speed|p1a: Darkrai
|-damage|p1a: Darkrai|9/100
|move|p1a: Darkrai|Dark Pulse|p2a: Dragonite
|-damage|p2a: Dragonite|77/100
|
|upkeep
|turn|34
|
|t:|1743912626
|move|p2a: Dragonite|Extreme Speed|p1a: Darkrai
|-damage|p1a: Darkrai|0 fnt
|faint|p1a: Darkrai
|
|upkeep
|
|t:|1743912630
|switch|p1a: Cinderace|Cinderace, F|83/100
|turn|35
|
|t:|1743912640
|move|p2a: Dragonite|Extreme Speed|p1a: Cinderace
|-damage|p1a: Cinderace|0 fnt
|faint|p1a: Cinderace
|
|win|syjcx
|raw|Oracle_of_Apollo's rating: 1118 &rarr; <strong>1097</strong><br />(-21 for losing)
|raw|syjcx's rating: 1172 &rarr; <strong>1193</strong><br />(+21 for winning)
|l|☆Oracle_of_Apollo
|player|p1|
