|j|☆Dribblz
|j|☆letoto_csm
|t:|1743886332
|gametype|singles
|player|p1|Dribblz|roxanne|1196
|player|p2|letoto_csm|alder|1192
|teamsize|p1|6
|teamsize|p2|6
|gen|9
|tier|[Gen 9] OU
|rated|
|rule|HP Percentage Mod: HP is shown in percentages
|rule|Endless Battle Clause: Forcing endless battles is banned
|rule|Species Clause: Limit one of each Pokémon
|rule|OHKO Clause: OHKO moves are banned
|rule|Evasion Items Clause: Evasion items are banned
|rule|Evasion Moves Clause: Evasion moves are banned
|rule|Sleep Moves Clause: Sleep-inducing moves are banned
|clearpoke
|poke|p1|Toucannon, M|
|poke|p1|Gholdengo|
|poke|p1|Masquerain, F|
|poke|p1|Garganacl, M|
|poke|p1|Espeon, F|
|poke|p1|Kleavor, F|
|poke|p2|Blaziken, F|
|poke|p2|Kingambit, F|
|poke|p2|Dragapult, F|
|poke|p2|Great Tusk|
|poke|p2|Ogerpon-Wellspring, F|
|poke|p2|Enamorus, F|
|teampreview
|
|t:|1743886341
|start
|switch|p1a: Masquerain|Masquerain, F|100/100
|switch|p2a: Great Tusk|Great Tusk|100/100
|-ability|p1a: Masquerain|Intimidate|boost
|-unboost|p2a: Great Tusk|atk|1
|-enditem|p2a: Great Tusk|Booster Energy
|-activate|p2a: Great Tusk|ability: Protosynthesis|[fromitem]
|-start|p2a: Great Tusk|protosynthesisspe
|turn|1
|
|t:|1743886351
|move|p2a: Great Tusk|Stealth Rock|p1a: Masquerain
|-sidestart|p1: Dribblz|move: Stealth Rock
|move|p1a: Masquerain|Quiver Dance|p1a: Masquerain
|-boost|p1a: Masquerain|spa|1
|-boost|p1a: Masquerain|spd|1
|-boost|p1a: Masquerain|spe|1
|
|upkeep
|turn|2
|
|t:|1743886379
|-end|p2a: Great Tusk|Protosynthesis|[silent]
|switch|p2a: Ogerpon|Ogerpon-Wellspring, F|100/100
|move|p1a: Masquerain|Quiver Dance|p1a: Masquerain
|-boost|p1a: Masquerain|spa|1
|-boost|p1a: Masquerain|spd|1
|-boost|p1a: Masquerain|spe|1
|
|upkeep
|turn|3
|
|t:|1743886388
|move|p1a: Masquerain|Bug Buzz|p2a: Ogerpon
|-supereffective|p2a: Ogerpon
|-damage|p2a: Ogerpon|0 fnt
|faint|p2a: Ogerpon
|
|upkeep
|
|t:|1743886395
|switch|p2a: Enamorus|Enamorus, F|100/100
|turn|4
|
|t:|1743886402
|move|p1a: Masquerain|Ice Beam|p2a: Enamorus
|-supereffective|p2a: Enamorus
|-damage|p2a: Enamorus|0 fnt
|faint|p2a: Enamorus
|
|upkeep
|
|t:|1743886416
|switch|p2a: Kingambit|Kingambit, F|100/100
|-activate|p2a: Kingambit|ability: Supreme Overlord
|-start|p2a: Kingambit|fallen2|[silent]
|turn|5
|
|t:|1743886430
|move|p1a: Masquerain|Bug Buzz|p2a: Kingambit
|-damage|p2a: Kingambit|0 fnt
|faint|p2a: Kingambit
|-end|p2a: Kingambit|fallen2|[silent]
|
|upkeep
|
|t:|1743886435
|switch|p2a: Great Tusk|Great Tusk|100/100
|turn|6
|
|t:|1743886442
|move|p1a: Masquerain|Ice Beam|p2a: Great Tusk
|-supereffective|p2a: Great Tusk
|-damage|p2a: Great Tusk|0 fnt
|faint|p2a: Great Tusk
|-end|p2a: Great Tusk|Protosynthesis|[silent]
|
|upkeep
|-message|letoto_csm forfeited.
|
|win|Dribblz
|raw|Dribblz's rating: 1196 &rarr; <strong>1221</strong><br />(+25 for winning)
|raw|letoto_csm's rating: 1192 &rarr; <strong>1167</strong><br />(-25 for losing)
|l|☆letoto_csm
|player|p2|
