|j|☆mayomama
|j|☆l_am_not_a_bot
|t:|1743869623
|gametype|singles
|player|p1|mayomama|candice|1171
|player|p2|l_am_not_a_bot|idol|1145
|teamsize|p1|6
|teamsize|p2|6
|gen|9
|tier|[Gen 9] OU
|rated|
|rule|HP Percentage Mod: HP is shown in percentages
|rule|Endless Battle Clause: Forcing endless battles is banned
|rule|Species Clause: Limit one of each Pokémon
|rule|OHKO Clause: OHKO moves are banned
|rule|Evasion Items Clause: Evasion items are banned
|rule|Evasion Moves Clause: Evasion moves are banned
|rule|Sleep Moves Clause: Sleep-inducing moves are banned
|clearpoke
|poke|p1|Magnezone|
|poke|p1|Iron Valiant|
|poke|p1|Pecharunt|
|poke|p1|Hoopa-Unbound|
|poke|p1|Cinderace, M|
|poke|p1|Walking Wake|
|poke|p2|Walking Wake|
|poke|p2|Arboliva, F|
|poke|p2|Dragapult, F|
|poke|p2|Lilligant-Hisui, F|
|poke|p2|Kingambit, M|
|poke|p2|Porygon-Z|
|teampreview
|inactive|Battle timer is ON: inactive players will automatically lose when time's up. (requested by mayomama)
|
|t:|1743869634
|start
|switch|p1a: Walking Wake|Walking Wake|100/100
|switch|p2a: Time and end|Arboliva, F|100/100
|turn|1
|
|t:|1743869639
|-end|p1a: Walking Wake|Protosynthesis|[silent]
|switch|p1a: Pecharunt|Pecharunt|100/100
|move|p2a: Time and end|Sunny Day|p2a: Time and end
|-weather|SunnyDay
|
|-weather|SunnyDay|[upkeep]
|upkeep
|turn|2
|
|t:|1743869642
|move|p1a: Pecharunt|Malignant Chain|p2a: Time and end
|-supereffective|p2a: Time and end
|-damage|p2a: Time and end|50/100
|-enditem|p2a: Time and end|Sitrus Berry|[eat]
|-heal|p2a: Time and end|75/100|[from] item: Sitrus Berry
|move|p2a: Time and end|Growth|p2a: Time and end
|-boost|p2a: Time and end|atk|2
|-boost|p2a: Time and end|spa|2
|
|-weather|SunnyDay|[upkeep]
|-item|p2a: Time and end|Sitrus Berry|[from] ability: Harvest
|upkeep
|turn|3
|
|t:|1743869646
|move|p1a: Pecharunt|Malignant Chain|p2a: Time and end
|-supereffective|p2a: Time and end
|-damage|p2a: Time and end|19/100
|-status|p2a: Time and end|tox
|-start|p2a: Time and end|confusion|[from] ability: Poison Puppeteer|[of] p1a: Pecharunt
|-enditem|p2a: Time and end|Sitrus Berry|[eat]
|-heal|p2a: Time and end|44/100 tox|[from] item: Sitrus Berry
|-activate|p2a: Time and end|confusion
|-damage|p2a: Time and end|36/100 tox|[from] confusion
|
|-weather|SunnyDay|[upkeep]
|-damage|p2a: Time and end|30/100 tox|[from] psn
|-item|p2a: Time and end|Sitrus Berry|[from] ability: Harvest
|upkeep
|-enditem|p2a: Time and end|Sitrus Berry|[eat]
|-heal|p2a: Time and end|55/100 tox|[from] item: Sitrus Berry
|turn|4
|
|t:|1743869651
|move|p1a: Pecharunt|Malignant Chain|p2a: Time and end
|-supereffective|p2a: Time and end
|-damage|p2a: Time and end|0 fnt
|faint|p2a: Time and end
|
|-weather|SunnyDay|[upkeep]
|upkeep
|
|t:|1743869655
|switch|p2a: Stay Hydrated|Walking Wake|100/100
|-activate|p2a: Stay Hydrated|ability: Protosynthesis
|-start|p2a: Stay Hydrated|protosynthesisspa
|turn|5
|c|☆l_am_not_a_bot|SWITCH DO IT
|
|t:|1743869677
|move|p2a: Stay Hydrated|Hydro Steam|p1a: Pecharunt
|-damage|p1a: Pecharunt|0 fnt
|faint|p1a: Pecharunt
|
|-weather|none
|-end|p2a: Stay Hydrated|Protosynthesis
|upkeep
|c|☆l_am_not_a_bot|AWW
|
|t:|1743869690
|switch|p1a: Walking Wake|Walking Wake|100/100
|turn|6
|inactive|l_am_not_a_bot has 120 seconds left.
|
|t:|1743869724
|move|p2a: Stay Hydrated|Hydro Steam|p1a: Walking Wake
|-resisted|p1a: Walking Wake
|-damage|p1a: Walking Wake|82/100
|move|p1a: Walking Wake|Dragon Pulse|p2a: Stay Hydrated
|-supereffective|p2a: Stay Hydrated
|-damage|p2a: Stay Hydrated|0 fnt
|faint|p2a: Stay Hydrated
|-end|p2a: Stay Hydrated|Protosynthesis|[silent]
|
|upkeep
|
|t:|1743869727
|switch|p2a: Lizard|Dragapult, F|100/100
|turn|7
|inactive|l_am_not_a_bot has 120 seconds left.
|
|t:|1743869745
|move|p2a: Lizard|Shadow Ball|p1a: Walking Wake
|-damage|p1a: Walking Wake|25/100
|move|p1a: Walking Wake|Dragon Pulse|p2a: Lizard
|-supereffective|p2a: Lizard
|-damage|p2a: Lizard|0 fnt
|faint|p2a: Lizard
|
|upkeep
|inactive|l_am_not_a_bot has 120 seconds left.
|c|☆l_am_not_a_bot|aaaaaaaaa
|
|t:|1743869761
|switch|p2a: OwO|Lilligant-Hisui, F, shiny|100/100
|turn|8
|
|t:|1743869764
|move|p1a: Walking Wake|Draco Meteor|p2a: OwO
|-damage|p2a: OwO|0 fnt
|-unboost|p1a: Walking Wake|spa|2
|faint|p2a: OwO
|
|upkeep
|
|t:|1743869767
|switch|p2a: Ƶ-ꞤꝊ⅁⅄ᴚꝊԀ|Porygon-Z, shiny|100/100
|turn|9
|
|t:|1743869770
|-terastallize|p2a: Ƶ-ꞤꝊ⅁⅄ᴚꝊԀ|Normal
|move|p1a: Walking Wake|Draco Meteor|p2a: Ƶ-ꞤꝊ⅁⅄ᴚꝊԀ
|-crit|p2a: Ƶ-ꞤꝊ⅁⅄ᴚꝊԀ
|-damage|p2a: Ƶ-ꞤꝊ⅁⅄ᴚꝊԀ|0 fnt
|-unboost|p1a: Walking Wake|spa|2
|faint|p2a: Ƶ-ꞤꝊ⅁⅄ᴚꝊԀ
|
|upkeep
|c|☆l_am_not_a_bot|RTJYFDHRSGEZDXHTFGCNYXTRFJYCMGXHZDFXNGCXHDZGSFHXGNCXHDZGFHXGNDGGNDZRGFNMJHRYZEDXFGEYRZDFXGGWsgjnhfdthrscghjmfdthrsyhfcgnstgrhxfncxchmgjfy
|c|☆l_am_not_a_bot|yeah
|inactive|l_am_not_a_bot has 120 seconds left.
|
|t:|1743869793
|switch|p2a: U KilledMyFriends|Kingambit, M|100/100
|-activate|p2a: U KilledMyFriends|ability: Supreme Overlord
|-start|p2a: U KilledMyFriends|fallen5|[silent]
|turn|10
|
|t:|1743869797
|move|p2a: U KilledMyFriends|Sucker Punch|p1a: Walking Wake
|-damage|p1a: Walking Wake|0 fnt
|faint|p1a: Walking Wake
|-end|p1a: Walking Wake|Protosynthesis|[silent]
|
|upkeep
|
|t:|1743869803
|switch|p1a: Hoopa|Hoopa-Unbound|100/100
|turn|11
|
|t:|1743869807
|move|p1a: Hoopa|Destiny Bond|p1a: Hoopa
|-singlemove|p1a: Hoopa|Destiny Bond
|move|p2a: U KilledMyFriends|Reversal|p1a: Hoopa
|-damage|p1a: Hoopa|81/100
|
|upkeep
|turn|12
|
|t:|1743869817
|switch|p1a: Cinderace|Cinderace, M|100/100
|move|p2a: U KilledMyFriends|Reversal|p1a: Cinderace
|-damage|p1a: Cinderace|86/100
|
|upkeep
|turn|13
|
|t:|1743869823
|switch|p1a: Hoopa|Hoopa-Unbound|81/100
|move|p2a: U KilledMyFriends|Stone Edge|p1a: Hoopa
|-damage|p1a: Hoopa|0 fnt
|faint|p1a: Hoopa
|
|upkeep
|
|t:|1743869827
|switch|p1a: Magnezone|Magnezone|100/100
|-item|p1a: Magnezone|Air Balloon
|turn|14
|
|t:|1743869830
|-terastallize|p1a: Magnezone|Fighting
|move|p2a: U KilledMyFriends|Reversal|p1a: Magnezone
|-damage|p1a: Magnezone|91/100
|-enditem|p1a: Magnezone|Air Balloon
|move|p1a: Magnezone|Body Press|p2a: U KilledMyFriends
|-supereffective|p2a: U KilledMyFriends
|-enditem|p2a: U KilledMyFriends|Focus Sash
|-damage|p2a: U KilledMyFriends|1/100
|
|upkeep
|turn|15
|
|t:|1743869836
|move|p2a: U KilledMyFriends|Reversal|p1a: Magnezone
|-damage|p1a: Magnezone|12/100
|move|p1a: Magnezone|Thunderbolt|p2a: U KilledMyFriends
|-damage|p2a: U KilledMyFriends|0 fnt
|faint|p2a: U KilledMyFriends
|-end|p2a: U KilledMyFriends|fallen5|[silent]
|
|win|mayomama
|raw|mayomama's rating: 1171 &rarr; <strong>1194</strong><br />(+23 for winning)
|raw|l_am_not_a_bot's rating: 1145 &rarr; <strong>1122</strong><br />(-23 for losing)
|l|☆mayomama
|player|p1|
|l|☆l_am_not_a_bot
|player|p2|
