|j|☆projectzone
|j|☆RoutesReborn
|t:|1743885863
|gametype|singles
|player|p1|projectzone|1|1280
|player|p2|RoutesReborn|volkner|1331
|teamsize|p1|6
|teamsize|p2|6
|gen|9
|tier|[Gen 9] OU
|rated|
|rule|HP Percentage Mod: HP is shown in percentages
|rule|Endless Battle Clause: Forcing endless battles is banned
|rule|Species Clause: Limit one of each Pokémon
|rule|OHKO Clause: OHKO moves are banned
|rule|Evasion Items Clause: Evasion items are banned
|rule|Evasion Moves Clause: Evasion moves are banned
|rule|Sleep Moves Clause: Sleep-inducing moves are banned
|clearpoke
|poke|p1|Ogerpon-Wellspring, F|
|poke|p1|Grimmsnarl, M|
|poke|p1|Great Tusk|
|poke|p1|Gholdengo|
|poke|p1|Maushold-Four|
|poke|p1|Iron Moth|
|poke|p2|Slowking-Galar, F|
|poke|p2|Landorus-Therian, M|
|poke|p2|Raging Bolt|
|poke|p2|Iron Valiant|
|poke|p2|Cinderace, F|
|poke|p2|Cacturne, M|
|teampreview
|inactive|Battle timer is ON: inactive players will automatically lose when time's up. (requested by RoutesReborn)
|
|t:|1743885880
|start
|switch|p1a: Great Tusk|Great Tusk|100/100
|switch|p2a: Landorus|Landorus-Therian, M|100/100
|-ability|p2a: Landorus|Intimidate|boost
|-unboost|p1a: Great Tusk|atk|1
|turn|1
|
|t:|1743885893
|move|p2a: Landorus|Taunt|p1a: Great Tusk
|-start|p1a: Great Tusk|move: Taunt
|move|p1a: Great Tusk|Ice Spinner|p2a: Landorus
|-supereffective|p2a: Landorus
|-damage|p2a: Landorus|31/100
|-damage|p1a: Great Tusk|84/100|[from] item: Rocky Helmet|[of] p2a: Landorus
|
|upkeep
|turn|2
|
|t:|1743885913
|move|p2a: Landorus|U-turn|p1a: Great Tusk
|-resisted|p1a: Great Tusk
|-damage|p1a: Great Tusk|75/100
|-damage|p2a: Landorus|15/100|[from] item: Rocky Helmet|[of] p1a: Great Tusk
|
|t:|1743885919
|switch|p2a: Cinderace|Cinderace, F|100/100|[from] U-turn
|move|p1a: Great Tusk|Rapid Spin|p2a: Cinderace
|-damage|p2a: Cinderace|84/100
|-boost|p1a: Great Tusk|spe|1
|
|upkeep
|turn|3
|
|t:|1743885929
|switch|p2a: Landorus|Landorus-Therian, M|15/100
|-ability|p2a: Landorus|Intimidate|boost
|-unboost|p1a: Great Tusk|atk|1
|move|p1a: Great Tusk|Earthquake|p2a: Landorus
|-immune|p2a: Landorus
|
|-end|p1a: Great Tusk|move: Taunt
|upkeep
|turn|4
|j| eiscuepro
|
|t:|1743885943
|move|p1a: Great Tusk|Ice Spinner|p2a: Landorus
|-supereffective|p2a: Landorus
|-damage|p2a: Landorus|0 fnt
|-damage|p1a: Great Tusk|59/100|[from] item: Rocky Helmet|[of] p2a: Landorus
|faint|p2a: Landorus
|
|upkeep
|
|t:|1743885958
|switch|p2a: Cacturne|Cacturne, M|100/100
|turn|5
|
|t:|1743885980
|-end|p1a: Great Tusk|Protosynthesis|[silent]
|switch|p1a: Grimmsnarl|Grimmsnarl, M|100/100
|move|p2a: Cacturne|Leaf Storm|p1a: Grimmsnarl|[miss]
|-miss|p2a: Cacturne|p1a: Grimmsnarl
|
|upkeep
|turn|6
|inactive|RoutesReborn has 120 seconds left.
|
|t:|1743886001
|move|p1a: Grimmsnarl|Light Screen|p1a: Grimmsnarl
|-sidestart|p1: projectzone|move: Light Screen
|move|p2a: Cacturne|Counter||[still]
|-fail|p2a: Cacturne
|
|upkeep
|turn|7
|inactive|RoutesReborn has 120 seconds left.
|
|t:|1743886012
|move|p1a: Grimmsnarl|Reflect|p1a: Grimmsnarl
|-sidestart|p1: projectzone|Reflect
|move|p2a: Cacturne|Stomping Tantrum|p1a: Grimmsnarl
|-damage|p1a: Grimmsnarl|66/100
|
|upkeep
|turn|8
|inactive|RoutesReborn has 120 seconds left.
|
|t:|1743886027
|move|p1a: Grimmsnarl|Parting Shot|p2a: Cacturne
|-hint|Since gen 7, Dark is immune to Prankster moves.
|-immune|p2a: Cacturne
|move|p2a: Cacturne|Counter||[still]
|-fail|p2a: Cacturne
|
|upkeep
|turn|9
|inactive|RoutesReborn has 120 seconds left.
|
|t:|1743886039
|switch|p1a: Iron Moth|Iron Moth|100/100
|move|p2a: Cacturne|Stomping Tantrum|p1a: Iron Moth
|-supereffective|p1a: Iron Moth
|-crit|p1a: Iron Moth
|-damage|p1a: Iron Moth|0 fnt
|faint|p1a: Iron Moth
|-end|p1a: Iron Moth|Quark Drive|[silent]
|
|upkeep
|
|t:|1743886049
|switch|p1a: Gholdengo|Gholdengo|100/100
|-item|p1a: Gholdengo|Air Balloon
|turn|10
|
|t:|1743886064
|move|p1a: Gholdengo|Nasty Plot|p1a: Gholdengo
|-boost|p1a: Gholdengo|spa|2
|move|p2a: Cacturne|Leaf Storm|p1a: Gholdengo
|-resisted|p1a: Gholdengo
|-damage|p1a: Gholdengo|82/100
|-unboost|p2a: Cacturne|spa|2
|-enditem|p1a: Gholdengo|Air Balloon
|
|upkeep
|turn|11
|inactive|RoutesReborn has 120 seconds left.
|
|t:|1743886080
|move|p1a: Gholdengo|Shadow Ball|p2a: Cacturne
|-resisted|p2a: Cacturne
|-damage|p2a: Cacturne|16/100
|move|p2a: Cacturne|Stomping Tantrum|p1a: Gholdengo
|-supereffective|p1a: Gholdengo
|-damage|p1a: Gholdengo|51/100
|
|upkeep
|turn|12
|inactive|RoutesReborn has 120 seconds left.
|
|t:|1743886092
|move|p2a: Cacturne|Sucker Punch|p1a: Gholdengo
|-supereffective|p1a: Gholdengo
|-damage|p1a: Gholdengo|12/100
|move|p1a: Gholdengo|Shadow Ball|p2a: Cacturne
|-resisted|p2a: Cacturne
|-damage|p2a: Cacturne|0 fnt
|faint|p2a: Cacturne
|
|upkeep
|inactive|RoutesReborn has 120 seconds left.
|
|t:|1743886120
|switch|p2a: Iron Valiant|Iron Valiant|100/100
|-enditem|p2a: Iron Valiant|Booster Energy
|-activate|p2a: Iron Valiant|ability: Quark Drive|[fromitem]
|-start|p2a: Iron Valiant|quarkdrivespe
|turn|13
|
|t:|1743886126
|move|p2a: Iron Valiant|Knock Off|p1a: Gholdengo
|-supereffective|p1a: Gholdengo
|-damage|p1a: Gholdengo|0 fnt
|faint|p1a: Gholdengo
|
|-sideend|p1: projectzone|move: Light Screen
|upkeep
|
|t:|1743886133
|switch|p1a: Ogerpon|Ogerpon-Wellspring, F|100/100
|turn|14
|
|t:|1743886148
|move|p2a: Iron Valiant|Moonblast|p1a: Ogerpon
|-damage|p1a: Ogerpon|45/100
|move|p1a: Ogerpon|Ivy Cudgel|p2a: Iron Valiant|[anim] Ivy Cudgel Water
|-damage|p2a: Iron Valiant|28/100
|
|-sideend|p1: projectzone|Reflect
|upkeep
|turn|15
|
|t:|1743886173
|move|p2a: Iron Valiant|Moonblast|p1a: Ogerpon
|-damage|p1a: Ogerpon|0 fnt
|faint|p1a: Ogerpon
|
|upkeep
|-message|projectzone forfeited.
|
|win|RoutesReborn
|raw|projectzone's rating: 1280 &rarr; <strong>1259</strong><br />(-21 for losing)
|raw|RoutesReborn's rating: 1331 &rarr; <strong>1348</strong><br />(+17 for winning)
|l|☆projectzone
|player|p1|
