|j|☆biantai
|j|☆Wer223
|t:|1743912185
|gametype|singles
|player|p1|biantai|gloria|1483
|player|p2|Wer223|102|1510
|teamsize|p1|6
|teamsize|p2|6
|gen|9
|tier|[Gen 9] OU
|rated|
|rule|HP Percentage Mod: HP is shown in percentages
|rule|Endless Battle Clause: Forcing endless battles is banned
|rule|Species Clause: Limit one of each Pokémon
|rule|OHKO Clause: OHKO moves are banned
|rule|Evasion Items Clause: Evasion items are banned
|rule|Evasion Moves Clause: Evasion moves are banned
|rule|Sleep Moves Clause: Sleep-inducing moves are banned
|clearpoke
|poke|p1|Dragonite, F|
|poke|p1|Garchomp, F|
|poke|p1|Gholdengo|
|poke|p1|Iron Valiant|
|poke|p1|Iron Moth|
|poke|p1|Gallade, M|
|poke|p2|Araquanid, M|
|poke|p2|Raging Bolt|
|poke|p2|Iron Moth|
|poke|p2|Great Tusk|
|poke|p2|Gholdengo|
|poke|p2|Kingambit, F|
|teampreview
|inactive|Battle timer is ON: inactive players will automatically lose when time's up. (requested by biantai)
|
|t:|1743912189
|start
|switch|p1a: Gallade|Gallade, M|100/100
|switch|p2a: Araquanid|Araquanid, M|100/100
|turn|1
|
|t:|1743912195
|move|p1a: Gallade|Psycho Cut|p2a: Araquanid
|-damage|p2a: Araquanid|25/100
|-damage|p1a: Gallade|91/100|[from] item: Life Orb
|move|p2a: Araquanid|Sticky Web|p1a: Gallade
|-sidestart|p1: biantai|move: Sticky Web
|
|upkeep
|turn|2
|-enditem|p2a: Araquanid|Custap Berry|[eat]
|-activate|p2a: Araquanid|item: Custap Berry|[consumed]
|
|t:|1743912200
|move|p2a: Araquanid|Liquidation|p1a: Gallade
|-damage|p1a: Gallade|30/100
|move|p1a: Gallade|Agility|p1a: Gallade
|-boost|p1a: Gallade|spe|2
|
|upkeep
|turn|3
|
|t:|1743912206
|move|p1a: Gallade|Psycho Cut|p2a: Araquanid
|-damage|p2a: Araquanid|0 fnt
|faint|p2a: Araquanid
|-damage|p1a: Gallade|20/100|[from] item: Life Orb
|
|upkeep
|
|t:|1743912219
|switch|p2a: Raging Bolt|Raging Bolt|100/100
|-enditem|p2a: Raging Bolt|Booster Energy
|-activate|p2a: Raging Bolt|ability: Protosynthesis|[fromitem]
|-start|p2a: Raging Bolt|protosynthesisspa
|turn|4
|
|t:|1743912223
|move|p2a: Raging Bolt|Thunderclap|p1a: Gallade
|-damage|p1a: Gallade|0 fnt
|faint|p1a: Gallade
|
|upkeep
|l|☆biantai
|inactive|biantai disconnected and has a minute to reconnect!
|player|p1|
|j|☆biantai
|inactive|biantai reconnected and has 145 seconds left.
|player|p1|biantai|gloria|
|
|t:|1743912235
|switch|p1a: Garchomp|Garchomp, F|100/100
|-activate|p1a: Garchomp|move: Sticky Web
|-unboost|p1a: Garchomp|spe|1
|turn|5
|
|t:|1743912238
|move|p2a: Raging Bolt|Dragon Pulse|p1a: Garchomp
|-supereffective|p1a: Garchomp
|-damage|p1a: Garchomp|0 fnt
|faint|p1a: Garchomp
|
|upkeep
|
|t:|1743912247
|switch|p1a: Dragonite|Dragonite, F|100/100
|turn|6
|
|t:|1743912252
|-terastallize|p2a: Raging Bolt|Bug
|move|p2a: Raging Bolt|Dragon Pulse|p1a: Dragonite
|-supereffective|p1a: Dragonite
|-damage|p1a: Dragonite|32/100
|move|p1a: Dragonite|Scale Shot|p2a: Raging Bolt
|-damage|p2a: Raging Bolt|87/100
|-damage|p2a: Raging Bolt|74/100
|-damage|p2a: Raging Bolt|61/100
|-damage|p2a: Raging Bolt|48/100
|-hitcount|p2a: Raging Bolt|4
|-unboost|p1a: Dragonite|def|1
|-boost|p1a: Dragonite|spe|1
|
|upkeep
|turn|7
|
|t:|1743912263
|move|p1a: Dragonite|Extreme Speed|p2a: Raging Bolt
|-damage|p2a: Raging Bolt|20/100
|move|p2a: Raging Bolt|Dragon Pulse|p1a: Dragonite
|-supereffective|p1a: Dragonite
|-damage|p1a: Dragonite|0 fnt
|faint|p1a: Dragonite
|
|upkeep
|-message|biantai forfeited.
|
|win|Wer223
|raw|biantai's rating: 1483 &rarr; <strong>1465</strong><br />(-18 for losing)
|raw|Wer223's rating: 1510 &rarr; <strong>1528</strong><br />(+18 for winning)
|l|☆biantai
|player|p1|
|l|☆Wer223
|player|p2|
