|j|☆Ajblade11
|j|☆Mstr sndwchs
|t:|1743900639
|gametype|singles
|player|p1|Ajblade11|265|1530
|player|p2|Mstr sndwchs|102|1507
|teamsize|p1|6
|teamsize|p2|6
|gen|9
|tier|[Gen 9] OU
|rated|
|rule|HP Percentage Mod: HP is shown in percentages
|rule|Endless Battle Clause: Forcing endless battles is banned
|rule|Species Clause: Limit one of each Pokémon
|rule|OHKO Clause: OHKO moves are banned
|rule|Evasion Items Clause: Evasion items are banned
|rule|Evasion Moves Clause: Evasion moves are banned
|rule|Sleep Moves Clause: Sleep-inducing moves are banned
|clearpoke
|poke|p1|Kingambit, F|
|poke|p1|Iron Valiant|
|poke|p1|Gholdengo|
|poke|p1|Araquanid, F|
|poke|p1|Great Tusk|
|poke|p1|Porygon-Z|
|poke|p2|Rabsca, M|
|poke|p2|Slowking-Galar, M|
|poke|p2|Ursaluna, F|
|poke|p2|Azumarill, M|
|poke|p2|Mimikyu, M|
|poke|p2|Kingambit, F|
|teampreview
|inactive|Battle timer is ON: inactive players will automatically lose when time's up. (requested by Mstr sndwchs)
|
|t:|1743900649
|start
|switch|p1a: Araquanid|Araquanid, F|100/100
|switch|p2a: Mimikyu|Mimikyu, M|100/100
|turn|1
|
|t:|1743900655
|move|p2a: Mimikyu|Curse|p1a: Araquanid
|-start|p1a: Araquanid|Curse|[of] p2a: Mimikyu
|-damage|p2a: Mimikyu|51/100
|move|p1a: Araquanid|Liquidation|p2a: Mimikyu
|-activate|p2a: Mimikyu|ability: Disguise
|-damage|p2a: Mimikyu|51/100
|detailschange|p2a: Mimikyu|Mimikyu-Busted, M
|-damage|p2a: Mimikyu|38/100|[from] pokemon: Mimikyu-Busted
|
|-damage|p1a: Araquanid|75/100|[from] Curse
|upkeep
|turn|2
|
|t:|1743900666
|move|p1a: Araquanid|Liquidation|p2a: Mimikyu
|-damage|p2a: Mimikyu|0 fnt
|faint|p2a: Mimikyu
|
|-damage|p1a: Araquanid|50/100|[from] Curse
|upkeep
|j| tenzhii
|inactive|Mstr sndwchs has 120 seconds left.
|
|t:|1743900698
|switch|p2a: Slowking|Slowking-Galar, M|100/100
|turn|3
|inactive|Mstr sndwchs has 120 seconds left.
|
|t:|1743900705
|move|p1a: Araquanid|Liquidation|p2a: Slowking
|-damage|p2a: Slowking|32/100
|move|p2a: Slowking|Trick Room|p2a: Slowking
|-fieldstart|move: Trick Room|[of] p2a: Slowking
|
|-damage|p1a: Araquanid|25/100|[from] Curse
|upkeep
|turn|4
|-enditem|p1a: Araquanid|Custap Berry|[eat]
|-activate|p1a: Araquanid|item: Custap Berry|[consumed]
|
|t:|1743900709
|move|p1a: Araquanid|Liquidation|p2a: Slowking
|-damage|p2a: Slowking|0 fnt
|faint|p2a: Slowking
|
|-damage|p1a: Araquanid|0 fnt|[from] Curse
|faint|p1a: Araquanid
|upkeep
|
|t:|1743900717
|switch|p2a: Ursaluna|Ursaluna, F|100/100
|switch|p1a: Gholdengo|Gholdengo|100/100
|-item|p1a: Gholdengo|Air Balloon
|turn|5
|
|t:|1743900722
|move|p2a: Ursaluna|Swords Dance|p2a: Ursaluna
|-boost|p2a: Ursaluna|atk|2
|move|p1a: Gholdengo|Make It Rain|p2a: Ursaluna
|-damage|p2a: Ursaluna|41/100
|-unboost|p1a: Gholdengo|spa|1
|
|-status|p2a: Ursaluna|brn|[from] item: Flame Orb
|upkeep
|turn|6
|
|t:|1743900725
|move|p2a: Ursaluna|Crunch|p1a: Gholdengo
|-supereffective|p1a: Gholdengo
|-damage|p1a: Gholdengo|0 fnt
|-enditem|p1a: Gholdengo|Air Balloon
|faint|p1a: Gholdengo
|
|-damage|p2a: Ursaluna|35/100 brn|[from] brn
|upkeep
|
|t:|1743900729
|switch|p1a: Kingambit|Kingambit, F|100/100
|-activate|p1a: Kingambit|ability: Supreme Overlord
|-start|p1a: Kingambit|fallen2|[silent]
|turn|7
|j| m0chaman_829
|
|t:|1743900740
|switch|p2a: Azumarill|Azumarill, M|100/100
|move|p1a: Kingambit|Sucker Punch||[still]
|-fail|p1a: Kingambit
|
|-fieldend|move: Trick Room
|upkeep
|turn|8
|
|t:|1743900744
|move|p1a: Kingambit|Iron Head|p2a: Azumarill
|-damage|p2a: Azumarill|48/100
|move|p2a: Azumarill|Liquidation|p1a: Kingambit
|-damage|p1a: Kingambit|51/100
|-unboost|p1a: Kingambit|def|1
|
|upkeep
|turn|9
|
|t:|1743900749
|move|p2a: Azumarill|Aqua Jet|p1a: Kingambit
|-damage|p1a: Kingambit|19/100
|move|p1a: Kingambit|Iron Head|p2a: Azumarill
|-damage|p2a: Azumarill|0 fnt
|faint|p2a: Azumarill
|
|upkeep
|
|t:|1743900762
|switch|p2a: Kingambit|Kingambit, F|100/100
|-activate|p2a: Kingambit|ability: Supreme Overlord
|-start|p2a: Kingambit|fallen3|[silent]
|turn|10
|
|t:|1743900768
|-end|p1a: Kingambit|fallen2|[silent]
|switch|p1a: Great Tusk|Great Tusk|100/100
|-enditem|p1a: Great Tusk|Booster Energy
|-activate|p1a: Great Tusk|ability: Protosynthesis|[fromitem]
|-start|p1a: Great Tusk|protosynthesisatk
|move|p2a: Kingambit|Iron Head|p1a: Great Tusk
|-damage|p1a: Great Tusk|57/100
|
|upkeep
|turn|11
|
|t:|1743900779
|-terastallize|p2a: Kingambit|Flying
|move|p1a: Great Tusk|Temper Flare|p2a: Kingambit
|-damage|p2a: Kingambit|77/100
|move|p2a: Kingambit|Swords Dance|p2a: Kingambit
|-boost|p2a: Kingambit|atk|2
|
|upkeep
|turn|12
|j| TheTyranitard
|
|t:|1743900785
|move|p1a: Great Tusk|Ice Spinner|p2a: Kingambit
|-supereffective|p2a: Kingambit
|-damage|p2a: Kingambit|28/100
|move|p2a: Kingambit|Iron Head|p1a: Great Tusk
|-damage|p1a: Great Tusk|0 fnt
|faint|p1a: Great Tusk
|-end|p1a: Great Tusk|Protosynthesis|[silent]
|
|upkeep
|
|t:|1743900792
|switch|p1a: Kingambit|Kingambit, F|19/100
|-activate|p1a: Kingambit|ability: Supreme Overlord
|-start|p1a: Kingambit|fallen3|[silent]
|turn|13
|
|t:|1743900794
|move|p2a: Kingambit|Sucker Punch|p1a: Kingambit
|-resisted|p1a: Kingambit
|-damage|p1a: Kingambit|0 fnt
|faint|p1a: Kingambit
|-end|p1a: Kingambit|fallen3|[silent]
|
|upkeep
|
|t:|1743900796
|switch|p1a: Iron Valiant|Iron Valiant|100/100
|-enditem|p1a: Iron Valiant|Booster Energy
|-activate|p1a: Iron Valiant|ability: Quark Drive|[fromitem]
|-start|p1a: Iron Valiant|quarkdrivespe
|turn|14
|
|t:|1743900798
|move|p2a: Kingambit|Sucker Punch||[still]
|-fail|p2a: Kingambit
|move|p1a: Iron Valiant|Encore|p2a: Kingambit
|-start|p2a: Kingambit|Encore
|
|upkeep
|turn|15
|
|t:|1743900801
|move|p2a: Kingambit|Sucker Punch|p1a: Iron Valiant
|-resisted|p1a: Iron Valiant
|-damage|p1a: Iron Valiant|60/100
|move|p1a: Iron Valiant|Knock Off|p2a: Kingambit
|-damage|p2a: Kingambit|6/100
|-enditem|p2a: Kingambit|Black Glasses|[from] move: Knock Off|[of] p1a: Iron Valiant
|
|upkeep
|turn|16
|
|t:|1743900807
|move|p2a: Kingambit|Sucker Punch|p1a: Iron Valiant
|-resisted|p1a: Iron Valiant
|-damage|p1a: Iron Valiant|28/100
|move|p1a: Iron Valiant|Moonblast|p2a: Kingambit
|-damage|p2a: Kingambit|0 fnt
|faint|p2a: Kingambit
|-end|p2a: Kingambit|fallen3|[silent]
|
|upkeep
|
|t:|1743900809
|switch|p2a: Rabsca|Rabsca, M|100/100
|turn|17
|
|t:|1743900812
|move|p1a: Iron Valiant|Knock Off|p2a: Rabsca
|-supereffective|p2a: Rabsca
|-damage|p2a: Rabsca|48/100
|-enditem|p2a: Rabsca|Heavy-Duty Boots|[from] move: Knock Off|[of] p1a: Iron Valiant
|move|p2a: Rabsca|Trick Room|p2a: Rabsca
|-fieldstart|move: Trick Room|[of] p2a: Rabsca
|
|upkeep
|turn|18
|c| m0chaman_829|sucker punch on 2 gambits is literally the prisoners dilemma
|inactive|Mstr sndwchs has 120 seconds left.
|l| TheTyranitard
|
|t:|1743900846
|move|p2a: Rabsca|Revival Blessing|p2a: Rabsca
|inactive|Mstr sndwchs has 120 seconds left.
|l| m0chaman_829
|
|t:|1743900864
|-heal|p2: Azumarill|50/100|[from] move: Revival Blessing
|move|p1a: Iron Valiant|Knock Off|p2a: Rabsca
|-supereffective|p2a: Rabsca
|-damage|p2a: Rabsca|17/100
|
|upkeep
|turn|19
|l| tenzhii
|
|t:|1743900878
|move|p2a: Rabsca|Future Sight|p1a: Iron Valiant
|-start|p2a: Rabsca|move: Future Sight
|move|p1a: Iron Valiant|Encore|p2a: Rabsca
|-start|p2a: Rabsca|Encore
|
|upkeep
|turn|20
|
|t:|1743900883
|switch|p2a: Azumarill|Azumarill, M|50/100
|move|p1a: Iron Valiant|Knock Off|p2a: Azumarill
|-resisted|p2a: Azumarill
|-damage|p2a: Azumarill|33/100
|-enditem|p2a: Azumarill|Assault Vest|[from] move: Knock Off|[of] p1a: Iron Valiant
|
|upkeep
|turn|21
|j| p0k3_v13rn35
|
|t:|1743900887
|move|p2a: Azumarill|Liquidation|p1a: Iron Valiant
|-damage|p1a: Iron Valiant|0 fnt
|faint|p1a: Iron Valiant
|-end|p1a: Iron Valiant|Quark Drive|[silent]
|
|-hint|Future Sight did not hit because the target is fainted.
|-fieldend|move: Trick Room
|upkeep
|
|t:|1743900889
|switch|p1a: Porygon-Z|Porygon-Z|100/100
|-ability|p1a: Porygon-Z|Download|boost
|-boost|p1a: Porygon-Z|atk|1
|turn|22
|
|t:|1743900892
|move|p1a: Porygon-Z|Thunderbolt|p2a: Azumarill
|-supereffective|p2a: Azumarill
|-damage|p2a: Azumarill|0 fnt
|faint|p2a: Azumarill
|
|upkeep
|j| wetbwrwn
|
|t:|1743900898
|switch|p2a: Rabsca|Rabsca, M|17/100
|turn|23
|
|t:|1743900900
|move|p1a: Porygon-Z|Shadow Ball|p2a: Rabsca
|-supereffective|p2a: Rabsca
|-damage|p2a: Rabsca|0 fnt
|faint|p2a: Rabsca
|
|upkeep
|
|t:|1743900903
|switch|p2a: Ursaluna|Ursaluna, F|35/100 brn
|turn|24
|
|t:|1743900907
|-terastallize|p1a: Porygon-Z|Fighting
|move|p1a: Porygon-Z|Tera Blast|p2a: Ursaluna|[anim] Tera Blast Fighting
|-supereffective|p2a: Ursaluna
|-damage|p2a: Ursaluna|0 fnt
|faint|p2a: Ursaluna
|
|win|Ajblade11
|raw|Ajblade11's rating: 1530 &rarr; <strong>1549</strong><br />(+19 for winning)
|raw|Mstr sndwchs's rating: 1507 &rarr; <strong>1488</strong><br />(-19 for losing)
|l|☆Mstr sndwchs
|player|p2|
|l|☆Ajblade11
|player|p1|
