|j|☆Esctasies
|j|☆Vangnex
|t:|1743871322
|gametype|singles
|player|p1|Esctasies|2|1105
|player|p2|Vangnex|lady|1118
|teamsize|p1|6
|teamsize|p2|6
|gen|9
|tier|[Gen 9] OU
|rated|
|rule|HP Percentage Mod: HP is shown in percentages
|rule|Endless Battle Clause: Forcing endless battles is banned
|rule|Species Clause: Limit one of each Pokémon
|rule|OHKO Clause: OHKO moves are banned
|rule|Evasion Items Clause: Evasion items are banned
|rule|Evasion Moves Clause: Evasion moves are banned
|rule|Sleep Moves Clause: Sleep-inducing moves are banned
|clearpoke
|poke|p1|Ogerpon-Wellspring, F|
|poke|p1|Ribombee, F|
|poke|p1|Gholdengo|
|poke|p1|Primarina, F|
|poke|p1|Great Tusk|
|poke|p1|Cinderace, M|
|poke|p2|Glimmora, F|
|poke|p2|Cinderace, M|
|poke|p2|Ursaluna, M|
|poke|p2|Ursaring, M|
|poke|p2|Zangoose, F|
|poke|p2|Conkeldurr, F|
|teampreview
|
|t:|1743871339
|start
|switch|p1a: Ribombee|Ribombee, F|100/100
|switch|p2a: Glimmora|Glimmora, F|100/100
|turn|1
|
|t:|1743871364
|switch|p1a: Great Tusk|Great Tusk|100/100
|move|p2a: Glimmora|Sludge Wave|p1a: Great Tusk
|-resisted|p1a: Great Tusk
|-damage|p1a: Great Tusk|77/100
|
|upkeep
|turn|2
|
|t:|1743871377
|-terastallize|p2a: Glimmora|Ice
|move|p1a: Great Tusk|Headlong Rush|p2a: Glimmora
|-damage|p2a: Glimmora|19/100
|-unboost|p1a: Great Tusk|def|1
|-unboost|p1a: Great Tusk|spd|1
|-activate|p2a: Glimmora|ability: Toxic Debris
|-sidestart|p1: Esctasies|move: Toxic Spikes
|move|p2a: Glimmora|Tera Blast|p1a: Great Tusk|[anim] Tera Blast Ice
|-supereffective|p1a: Great Tusk
|-crit|p1a: Great Tusk
|-damage|p1a: Great Tusk|0 fnt
|faint|p1a: Great Tusk
|-end|p1a: Great Tusk|Protosynthesis|[silent]
|
|upkeep
|
|t:|1743871397
|switch|p1a: Ribombee|Ribombee, F|100/100
|-status|p1a: Ribombee|psn
|turn|3
|
|t:|1743871409
|move|p1a: Ribombee|Sticky Web|p2a: Glimmora
|-sidestart|p2: Vangnex|move: Sticky Web
|move|p2a: Glimmora|Sludge Wave|p1a: Ribombee
|-supereffective|p1a: Ribombee
|-enditem|p1a: Ribombee|Focus Sash
|-damage|p1a: Ribombee|1/100 psn
|
|-damage|p1a: Ribombee|0 fnt|[from] psn
|faint|p1a: Ribombee
|upkeep
|
|t:|1743871417
|switch|p1a: Gholdengo|Gholdengo|100/100
|turn|4
|
|t:|1743871442
|-terastallize|p1a: Gholdengo|Flying
|move|p2a: Glimmora|Earth Power|p1a: Gholdengo
|-immune|p1a: Gholdengo
|move|p1a: Gholdengo|Shadow Ball|p2a: Glimmora
|-damage|p2a: Glimmora|0 fnt
|faint|p2a: Glimmora
|-damage|p1a: Gholdengo|91/100|[from] item: Life Orb
|
|upkeep
|
|t:|1743871446
|switch|p2a: Cinderace|Cinderace, M|100/100
|turn|5
|
|t:|1743871460
|move|p2a: Cinderace|Court Change|p2a: Cinderace
|-start|p2a: Cinderace|typechange|Normal|[from] ability: Libero
|-swapsideconditions
|-activate|p2a: Cinderace|move: Court Change
|move|p1a: Gholdengo|Nasty Plot|p1a: Gholdengo
|-boost|p1a: Gholdengo|spa|2
|
|upkeep
|turn|6
|
|t:|1743871488
|move|p2a: Cinderace|Pyro Ball|p1a: Gholdengo
|-damage|p1a: Gholdengo|53/100
|move|p1a: Gholdengo|Nasty Plot|p1a: Gholdengo
|-boost|p1a: Gholdengo|spa|2
|
|upkeep
|turn|7
|
|t:|1743871496
|move|p2a: Cinderace|Pyro Ball|p1a: Gholdengo
|-damage|p1a: Gholdengo|17/100
|move|p1a: Gholdengo|Make It Rain|p2a: Cinderace
|-crit|p2a: Cinderace
|-damage|p2a: Cinderace|0 fnt
|-unboost|p1a: Gholdengo|spa|1
|faint|p2a: Cinderace
|-damage|p1a: Gholdengo|7/100|[from] item: Life Orb
|
|upkeep
|
|t:|1743871506
|switch|p2a: Ursaring|Ursaring, M|100/100
|-status|p2a: Ursaring|psn
|turn|8
|
|t:|1743871513
|move|p2a: Ursaring|Ice Punch|p1a: Gholdengo
|-supereffective|p1a: Gholdengo
|-damage|p1a: Gholdengo|0 fnt
|faint|p1a: Gholdengo
|
|-damage|p2a: Ursaring|88/100 psn|[from] psn
|upkeep
|inactive|Battle timer is ON: inactive players will automatically lose when time's up. (requested by Vangnex)
|
|t:|1743871535
|switch|p1a: Primarina|Primarina, F|100/100
|-activate|p1a: Primarina|move: Sticky Web
|-unboost|p1a: Primarina|spe|1
|turn|9
|
|t:|1743871546
|move|p2a: Ursaring|Facade|p1a: Primarina
|-damage|p1a: Primarina|16/100
|-damage|p2a: Ursaring|72/100 psn|[from] item: Rocky Helmet|[of] p1a: Primarina
|move|p1a: Primarina|Sparkling Aria|p2a: Ursaring
|-damage|p2a: Ursaring|36/100 psn
|
|-damage|p2a: Ursaring|24/100 psn|[from] psn
|upkeep
|turn|10
|
|t:|1743871559
|move|p2a: Ursaring|Facade|p1a: Primarina
|-damage|p1a: Primarina|0 fnt
|-damage|p2a: Ursaring|7/100 psn|[from] item: Rocky Helmet|[of] p1a: Primarina
|faint|p1a: Primarina
|
|-damage|p2a: Ursaring|0 fnt|[from] psn
|faint|p2a: Ursaring
|upkeep
|
|t:|1743871574
|switch|p2a: Zangoose|Zangoose, F|100/100
|switch|p1a: Cinderace|Cinderace, M|100/100
|-status|p2a: Zangoose|psn
|-activate|p1a: Cinderace|move: Sticky Web
|-unboost|p1a: Cinderace|spe|1
|turn|11
|
|t:|1743871587
|move|p2a: Zangoose|Facade|p1a: Cinderace
|-damage|p1a: Cinderace|0 fnt
|faint|p1a: Cinderace
|
|-damage|p2a: Zangoose|88/100 psn|[from] psn
|upkeep
|
|t:|1743871592
|switch|p1a: Ogerpon|Ogerpon-Wellspring, F|100/100
|-activate|p1a: Ogerpon|move: Sticky Web
|-unboost|p1a: Ogerpon|spe|1
|turn|12
|
|t:|1743871599
|move|p2a: Zangoose|Facade|p1a: Ogerpon
|-damage|p1a: Ogerpon|0 fnt
|faint|p1a: Ogerpon
|
|win|Vangnex
|raw|Esctasies's rating: 1105 &rarr; <strong>1081</strong><br />(-24 for losing)
|raw|Vangnex's rating: 1118 &rarr; <strong>1142</strong><br />(+24 for winning)
|l|☆Vangnex
|player|p2|
|l|☆Esctasies
|player|p1|
