|j|☆WongHung
|j|☆qianjiu797979
|t:|1743832840
|gametype|singles
|player|p1|WongHung|psychic-gen4|1226
|player|p2|qianjiu797979|bellelba|1276
|teamsize|p1|6
|teamsize|p2|6
|gen|9
|tier|[Gen 9] OU
|rated|
|rule|HP Percentage Mod: HP is shown in percentages
|rule|Endless Battle Clause: Forcing endless battles is banned
|rule|Species Clause: Limit one of each Pokémon
|rule|OHKO Clause: OHKO moves are banned
|rule|Evasion Items Clause: Evasion items are banned
|rule|Evasion Moves Clause: Evasion moves are banned
|rule|Sleep Moves Clause: Sleep-inducing moves are banned
|clearpoke
|poke|p1|Kyurem|
|poke|p1|Primarina, F|
|poke|p1|Gholdengo|
|poke|p1|Pecharunt|
|poke|p1|Ting-Lu|
|poke|p1|Dragapult, M|
|poke|p2|Torkoal, F|
|poke|p2|Scovillain, F|
|poke|p2|Hatterene, F|
|poke|p2|Charizard, F|
|poke|p2|Brute Bonnet|
|poke|p2|Comfey, M|
|teampreview
|inactive|Battle timer is ON: inactive players will automatically lose when time's up. (requested by qianjiu797979)
|
|t:|1743832845
|start
|switch|p1a: Takeshi|Pecharunt|100/100
|switch|p2a: Torkoal|Torkoal, F|100/100
|-weather|SunnyDay|[from] ability: Drought|[of] p2a: Torkoal
|turn|1
|
|t:|1743832858
|switch|p2a: Hatterene|Hatterene, F|100/100
|move|p1a: Takeshi|Malignant Chain|p2a: Hatterene
|-supereffective|p2a: Hatterene
|-damage|p2a: Hatterene|46/100
|-enditem|p2a: Hatterene|Eject Button
|
|t:|1743832861
|switch|p2a: Charizard|Charizard, F|100/100
|
|-weather|SunnyDay|[upkeep]
|-damage|p2a: Charizard|88/100|[from] ability: Solar Power|[of] p2a: Charizard
|upkeep
|turn|2
|
|t:|1743832866
|move|p2a: Charizard|Weather Ball|p1a: Takeshi
|-damage|p1a: Takeshi|0 fnt
|faint|p1a: Takeshi
|
|-weather|SunnyDay|[upkeep]
|-damage|p2a: Charizard|76/100|[from] ability: Solar Power|[of] p2a: Charizard
|upkeep
|
|t:|1743832872
|switch|p1a: Ting-Lu|Ting-Lu|100/100
|-ability|p1a: Ting-Lu|Vessel of Ruin
|turn|3
|
|t:|1743832875
|move|p2a: Charizard|Weather Ball|p1a: Ting-Lu
|-damage|p1a: Ting-Lu|40/100
|move|p1a: Ting-Lu|Whirlwind|p2a: Charizard
|drag|p2a: Scovillain|Scovillain, F|100/100
|
|-weather|SunnyDay|[upkeep]
|-heal|p1a: Ting-Lu|46/100|[from] item: Leftovers
|upkeep
|turn|4
|
|t:|1743832882
|switch|p1a: Dragapult|Dragapult, M|100/100
|move|p2a: Scovillain|Solar Beam||[still]
|-prepare|p2a: Scovillain|Solar Beam
|-anim|p2a: Scovillain|Solar Beam|p1a: Dragapult
|-resisted|p1a: Dragapult
|-damage|p1a: Dragapult|46/100
|-damage|p2a: Scovillain|91/100|[from] item: Life Orb
|
|-weather|SunnyDay|[upkeep]
|upkeep
|turn|5
|
|t:|1743832889
|move|p2a: Scovillain|Solar Beam||[still]
|-prepare|p2a: Scovillain|Solar Beam
|-anim|p2a: Scovillain|Solar Beam|p1a: Dragapult
|-resisted|p1a: Dragapult
|-damage|p1a: Dragapult|0 fnt
|faint|p1a: Dragapult
|-damage|p2a: Scovillain|81/100|[from] item: Life Orb
|
|-weather|SunnyDay|[upkeep]
|upkeep
|
|t:|1743832898
|switch|p1a: Wuji|Kyurem|100/100
|-ability|p1a: Wuji|Pressure
|turn|6
|
|t:|1743832909
|move|p2a: Scovillain|Fire Blast|p1a: Wuji|[miss]
|-miss|p2a: Scovillain|p1a: Wuji
|move|p1a: Wuji|Ice Beam|p2a: Scovillain
|-damage|p2a: Scovillain|0 fnt
|faint|p2a: Scovillain
|
|-weather|SunnyDay|[upkeep]
|upkeep
|
|t:|1743832917
|switch|p2a: Charizard|Charizard, F|76/100
|turn|7
|
|t:|1743832923
|move|p2a: Charizard|Weather Ball|p1a: Wuji
|-damage|p1a: Wuji|0 fnt
|faint|p1a: Wuji
|
|-weather|SunnyDay|[upkeep]
|-damage|p2a: Charizard|63/100|[from] ability: Solar Power|[of] p2a: Charizard
|upkeep
|
|t:|1743832925
|switch|p1a: Primarina|Primarina, F|100/100
|turn|8
|
|t:|1743832932
|switch|p2a: Brute Bonnet|Brute Bonnet|100/100
|-activate|p2a: Brute Bonnet|ability: Protosynthesis
|-start|p2a: Brute Bonnet|protosynthesisatk
|move|p1a: Primarina|Psychic Noise|p2a: Brute Bonnet
|-immune|p2a: Brute Bonnet
|
|-weather|none
|-end|p2a: Brute Bonnet|Protosynthesis
|upkeep
|turn|9
|
|t:|1743832944
|move|p2a: Brute Bonnet|Bullet Seed|p1a: Primarina
|-supereffective|p1a: Primarina
|-damage|p1a: Primarina|52/100
|-supereffective|p1a: Primarina
|-damage|p1a: Primarina|0 fnt
|faint|p1a: Primarina
|-hitcount|p1: Primarina|2
|-damage|p2a: Brute Bonnet|91/100|[from] item: Life Orb
|
|upkeep
|
|t:|1743832947
|switch|p1a: Ting-Lu|Ting-Lu|46/100
|-ability|p1a: Ting-Lu|Vessel of Ruin
|turn|10
|
|t:|1743832955
|-terastallize|p2a: Brute Bonnet|Fighting
|move|p2a: Brute Bonnet|Close Combat|p1a: Ting-Lu
|-supereffective|p1a: Ting-Lu
|-damage|p1a: Ting-Lu|0 fnt
|-unboost|p2a: Brute Bonnet|def|1
|-unboost|p2a: Brute Bonnet|spd|1
|faint|p1a: Ting-Lu
|-damage|p2a: Brute Bonnet|81/100|[from] item: Life Orb
|
|upkeep
|
|t:|1743832959
|switch|p1a: El Asere|Gholdengo, shiny|100/100
|-item|p1a: El Asere|Air Balloon
|turn|11
|
|t:|1743832964
|-terastallize|p1a: El Asere|Fairy
|move|p1a: El Asere|Thunder Wave|p2a: Brute Bonnet|[miss]
|-miss|p1a: El Asere|p2a: Brute Bonnet
|move|p2a: Brute Bonnet|Bullet Seed|p1a: El Asere
|-damage|p1a: El Asere|88/100
|-enditem|p1a: El Asere|Air Balloon
|-damage|p1a: El Asere|76/100
|-damage|p1a: El Asere|63/100
|-hitcount|p1a: El Asere|3
|-damage|p2a: Brute Bonnet|71/100|[from] item: Life Orb
|
|upkeep
|turn|12
|
|t:|1743832972
|-end|p2a: Brute Bonnet|Protosynthesis|[silent]
|switch|p2a: Torkoal|Torkoal, F|100/100
|-weather|SunnyDay|[from] ability: Drought|[of] p2a: Torkoal
|move|p1a: El Asere|Make It Rain|p2a: Torkoal
|-resisted|p2a: Torkoal
|-damage|p2a: Torkoal|66/100
|-unboost|p1a: El Asere|spa|1
|
|-weather|SunnyDay|[upkeep]
|upkeep
|turn|13
|
|t:|1743832977
|switch|p2a: Hatterene|Hatterene, F|46/100
|move|p1a: El Asere|Thunder Wave|p2a: Hatterene
|move|p2a: Hatterene|Thunder Wave|p1a: El Asere|[from] ability: Magic Bounce
|-immune|p1a: El Asere|[from] ability: Good as Gold
|
|-weather|SunnyDay|[upkeep]
|upkeep
|turn|14
|
|t:|1743832980
|move|p1a: El Asere|Recover|p1a: El Asere
|-heal|p1a: El Asere|100/100
|move|p2a: Hatterene|Healing Wish|p2a: Hatterene
|faint|p2a: Hatterene
|
|-weather|SunnyDay|[upkeep]
|upkeep
|
|t:|1743832983
|switch|p2a: Charizard|Charizard, F|63/100
|-heal|p2a: Charizard|100/100|[from] move: Healing Wish
|turn|15
|
|t:|1743832985
|move|p2a: Charizard|Weather Ball|p1a: El Asere
|-damage|p1a: El Asere|0 fnt
|faint|p1a: El Asere
|
|win|qianjiu797979
|raw|WongHung's rating: 1226 &rarr; <strong>1205</strong><br />(-21 for losing)
|raw|qianjiu797979's rating: 1276 &rarr; <strong>1297</strong><br />(+21 for winning)
|l|☆WongHung
|player|p1|
|l|☆qianjiu797979
|player|p2|
