|j|☆pokefanfdj
|j|☆Imranthegoat
|t:|1743836974
|gametype|singles
|player|p1|pokefanfdj|bugcatcher-gen4dp|1098
|player|p2|Imranthegoat|volkner|1178
|teamsize|p1|6
|teamsize|p2|6
|gen|9
|tier|[Gen 9] OU
|rated|
|rule|HP Percentage Mod: HP is shown in percentages
|rule|Endless Battle Clause: Forcing endless battles is banned
|rule|Species Clause: Limit one of each Pokémon
|rule|OHKO Clause: OHKO moves are banned
|rule|Evasion Items Clause: Evasion items are banned
|rule|Evasion Moves Clause: Evasion moves are banned
|rule|Sleep Moves Clause: Sleep-inducing moves are banned
|clearpoke
|poke|p1|Iron Valiant|
|poke|p1|Chansey, F|
|poke|p1|Serperior, F|
|poke|p1|Gliscor, M|
|poke|p1|Volcanion|
|poke|p1|Dondozo, F|
|poke|p2|Galvantula, F|
|poke|p2|Electrode-Hisui|
|poke|p2|Rotom-Wash|
|poke|p2|Eelektross, F|
|poke|p2|Magnezone|
|poke|p2|Pikachu-Alola, M|
|teampreview
|
|t:|1743836985
|start
|switch|p1a: Serperior|Serperior, F|100/100
|switch|p2a: Galvantula|Galvantula, F|100/100
|turn|1
|
|t:|1743836994
|move|p1a: Serperior|Leaf Storm|p2a: Galvantula|[miss]
|-miss|p1a: Serperior|p2a: Galvantula
|move|p2a: Galvantula|Sticky Web|p1a: Serperior
|-sidestart|p1: pokefanfdj|move: Sticky Web
|
|upkeep
|turn|2
|
|t:|1743837012
|switch|p1a: Gliscor|Gliscor, M|100/100
|move|p2a: Galvantula|Bug Buzz|p1a: Gliscor
|-resisted|p1a: Gliscor
|-damage|p1a: Gliscor|78/100
|
|-status|p1a: Gliscor|tox|[from] item: Toxic Orb
|upkeep
|turn|3
|
|t:|1743837034
|move|p2a: Galvantula|Energy Ball|p1a: Gliscor
|-damage|p1a: Gliscor|48/100 tox
|move|p1a: Gliscor|Knock Off|p2a: Galvantula
|-damage|p2a: Galvantula|64/100
|-enditem|p2a: Galvantula|Focus Sash|[from] move: Knock Off|[of] p1a: Gliscor
|
|-heal|p1a: Gliscor|60/100 tox|[from] ability: Poison Heal
|upkeep
|turn|4
|
|t:|1743837051
|switch|p2a: Rotom|Rotom-Wash|100/100
|switch|p1a: Serperior|Serperior, F|100/100
|-activate|p1a: Serperior|move: Sticky Web
|-boost|p1a: Serperior|spe|1
|
|upkeep
|turn|5
|
|t:|1743837069
|move|p1a: Serperior|Leaf Storm|p2a: Rotom
|-supereffective|p2a: Rotom
|-damage|p2a: Rotom|6/100
|-boost|p1a: Serperior|spa|2
|move|p2a: Rotom|Volt Switch|p1a: Serperior
|-resisted|p1a: Serperior
|-damage|p1a: Serperior|84/100
|
|t:|1743837076
|switch|p2a: Galvantula|Galvantula, F|64/100|[from] Volt Switch
|
|-heal|p1a: Serperior|90/100|[from] item: Leftovers
|upkeep
|turn|6
|
|t:|1743837086
|-terastallize|p1a: Serperior|Fire
|move|p1a: Serperior|Tera Blast|p2a: Galvantula|[anim] Tera Blast Fire
|-supereffective|p2a: Galvantula
|-damage|p2a: Galvantula|0 fnt
|faint|p2a: Galvantula
|
|-heal|p1a: Serperior|97/100|[from] item: Leftovers
|upkeep
|
|t:|1743837096
|switch|p2a: Rotom|Rotom-Wash|6/100
|turn|7
|
|t:|1743837104
|move|p1a: Serperior|Tera Blast|p2a: Rotom|[anim] Tera Blast Fire
|-resisted|p2a: Rotom
|-damage|p2a: Rotom|0 fnt
|faint|p2a: Rotom
|
|-heal|p1a: Serperior|100/100|[from] item: Leftovers
|upkeep
|
|t:|1743837109
|switch|p2a: Pikachu|Pikachu-Alola, M|100/100
|turn|8
|
|t:|1743837119
|move|p1a: Serperior|Tera Blast|p2a: Pikachu|[anim] Tera Blast Fire
|-damage|p2a: Pikachu|0 fnt
|faint|p2a: Pikachu
|
|upkeep
|-message|Imranthegoat forfeited.
|
|win|pokefanfdj
|raw|pokefanfdj's rating: 1098 &rarr; <strong>1129</strong><br />(+31 for winning)
|raw|Imranthegoat's rating: 1178 &rarr; <strong>1147</strong><br />(-31 for losing)
|l|☆Imranthegoat
|player|p2|
|l|☆pokefanfdj
|player|p1|
