|j|☆Open666
|j|☆MyGoodBuddyMason
|t:|1743835998
|gametype|singles
|player|p1|Open666|gambler|1288
|player|p2|MyGoodBuddyMason|ghetsis|1305
|teamsize|p1|6
|teamsize|p2|6
|gen|9
|tier|[Gen 9] OU
|rated|
|rule|HP Percentage Mod: HP is shown in percentages
|rule|Endless Battle Clause: Forcing endless battles is banned
|rule|Species Clause: Limit one of each Pokémon
|rule|OHKO Clause: OHKO moves are banned
|rule|Evasion Items Clause: Evasion items are banned
|rule|Evasion Moves Clause: Evasion moves are banned
|rule|Sleep Moves Clause: Sleep-inducing moves are banned
|clearpoke
|poke|p1|Grimmsnarl, M|
|poke|p1|Ogerpon-Wellspring, F|
|poke|p1|Glimmora, M|
|poke|p1|Dragapult, M|
|poke|p1|Gliscor, M|
|poke|p1|Mimikyu, M|
|poke|p2|Zapdos|
|poke|p2|Eiscue, M|
|poke|p2|Empoleon, M|
|poke|p2|Garchomp, F|
|poke|p2|Donphan, F|
|poke|p2|Lokix, F|
|teampreview
|inactive|Battle timer is ON: inactive players will automatically lose when time's up. (requested by Open666)
|
|t:|1743836020
|start
|switch|p1a: Grimmsnarl|Grimmsnarl, M|100/100
|switch|p2a: Steel Beam Enjoyer|Empoleon, M|100/100
|turn|1
|
|t:|1743836028
|move|p1a: Grimmsnarl|Light Screen|p1a: Grimmsnarl
|-sidestart|p1: Open666|move: Light Screen
|move|p2a: Steel Beam Enjoyer|Flip Turn|p1a: Grimmsnarl
|-damage|p1a: Grimmsnarl|83/100
|
|t:|1743836034
|switch|p2a: Shock Tuah|Zapdos|100/100|[from] Flip Turn
|
|upkeep
|turn|2
|
|t:|1743836044
|move|p2a: Shock Tuah|Discharge|p1a: Grimmsnarl
|-damage|p1a: Grimmsnarl|67/100
|move|p1a: Grimmsnarl|Spirit Break|p2a: Shock Tuah
|-damage|p2a: Shock Tuah|79/100
|-unboost|p2a: Shock Tuah|spa|1
|
|upkeep
|turn|3
|
|t:|1743836058
|move|p1a: Grimmsnarl|Parting Shot|p2a: Shock Tuah
|-unboost|p2a: Shock Tuah|atk|1
|-unboost|p2a: Shock Tuah|spa|1
|
|t:|1743836062
|switch|p1a: Gliscor|Gliscor, M|100/100|[from] Parting Shot
|move|p2a: Shock Tuah|Discharge|p1a: Gliscor
|-immune|p1a: Gliscor
|
|-status|p1a: Gliscor|tox|[from] item: Toxic Orb
|upkeep
|turn|4
|
|t:|1743836074
|switch|p2a: Steel Beam Enjoyer|Empoleon, M|100/100
|move|p1a: Gliscor|Toxic|p2a: Steel Beam Enjoyer
|-immune|p2a: Steel Beam Enjoyer
|
|upkeep
|turn|5
|
|t:|1743836082
|switch|p2a: Mr. Freeze|Eiscue, M|100/100
|move|p1a: Gliscor|Earthquake|p2a: Mr. Freeze
|-activate|p2a: Mr. Freeze|ability: Ice Face
|-damage|p2a: Mr. Freeze|100/100
|detailschange|p2a: Mr. Freeze|Eiscue-Noice, M
|
|upkeep
|turn|6
|
|t:|1743836100
|move|p2a: Mr. Freeze|Snowscape|p2a: Mr. Freeze
|-weather|Snowscape
|-activate|p2a: Mr. Freeze|ability: Ice Face
|detailschange|p2a: Mr. Freeze|Eiscue, M
|move|p1a: Gliscor|Toxic|p2a: Mr. Freeze
|-status|p2a: Mr. Freeze|tox
|
|-weather|Snowscape|[upkeep]
|-damage|p2a: Mr. Freeze|95/100 tox|[from] psn
|upkeep
|turn|7
|inactive|Open666 has 120 seconds left.
|
|t:|1743836140
|switch|p1a: Glimmora|Glimmora, M|100/100
|move|p2a: Mr. Freeze|Freeze-Dry|p1a: Glimmora
|-damage|p1a: Glimmora|84/100
|
|-weather|Snowscape|[upkeep]
|-damage|p2a: Mr. Freeze|83/100 tox|[from] psn
|upkeep
|turn|8
|
|t:|1743836152
|switch|p2a: Steel Beam Enjoyer|Empoleon, M|100/100
|move|p1a: Glimmora|Meteor Beam||[still]
|-prepare|p1a: Glimmora|Meteor Beam
|-boost|p1a: Glimmora|spa|1
|-enditem|p1a: Glimmora|Power Herb
|-anim|p1a: Glimmora|Meteor Beam|p2a: Steel Beam Enjoyer
|-resisted|p2a: Steel Beam Enjoyer
|-damage|p2a: Steel Beam Enjoyer|66/100
|
|-weather|Snowscape|[upkeep]
|-heal|p2a: Steel Beam Enjoyer|73/100|[from] item: Leftovers
|-sideend|p1: Open666|move: Light Screen
|upkeep
|turn|9
|
|t:|1743836171
|move|p1a: Glimmora|Earth Power|p2a: Steel Beam Enjoyer
|-supereffective|p2a: Steel Beam Enjoyer
|-damage|p2a: Steel Beam Enjoyer|0 fnt
|faint|p2a: Steel Beam Enjoyer
|
|-weather|Snowscape|[upkeep]
|upkeep
|
|t:|1743836182
|switch|p2a: Sharkry|Garchomp, F|100/100
|turn|10
|
|t:|1743836187
|switch|p1a: Gliscor|Gliscor, M|100/100 tox
|move|p2a: Sharkry|Earthquake|p1a: Gliscor
|-immune|p1a: Gliscor
|
|-weather|none
|upkeep
|turn|11
|inactive|Open666 has 120 seconds left.
|
|t:|1743836206
|move|p1a: Gliscor|Protect|p1a: Gliscor
|-singleturn|p1a: Gliscor|Protect
|move|p2a: Sharkry|Stealth Rock|p1a: Gliscor
|-sidestart|p1: Open666|move: Stealth Rock
|
|upkeep
|turn|12
|
|t:|1743836217
|-terastallize|p2a: Sharkry|Steel
|move|p2a: Sharkry|Spikes|p1a: Gliscor
|-sidestart|p1: Open666|Spikes
|move|p1a: Gliscor|Ice Fang|p2a: Sharkry
|-resisted|p2a: Sharkry
|-damage|p2a: Sharkry|96/100
|-damage|p1a: Gliscor|88/100 tox|[from] ability: Rough Skin|[of] p2a: Sharkry
|-damage|p1a: Gliscor|71/100 tox|[from] item: Rocky Helmet|[of] p2a: Sharkry
|
|-heal|p1a: Gliscor|84/100 tox|[from] ability: Poison Heal
|upkeep
|turn|13
|
|t:|1743836233
|switch|p2a: Shock Tuah|Zapdos|79/100
|move|p1a: Gliscor|Toxic|p2a: Shock Tuah
|-status|p2a: Shock Tuah|tox
|
|-damage|p2a: Shock Tuah|73/100 tox|[from] psn
|-heal|p1a: Gliscor|96/100 tox|[from] ability: Poison Heal
|upkeep
|turn|14
|
|t:|1743836243
|move|p1a: Gliscor|Protect|p1a: Gliscor
|-singleturn|p1a: Gliscor|Protect
|move|p2a: Shock Tuah|Hurricane|p1a: Gliscor
|-activate|p1a: Gliscor|move: Protect
|
|-damage|p2a: Shock Tuah|61/100 tox|[from] psn
|-heal|p1a: Gliscor|100/100 tox|[from] ability: Poison Heal
|upkeep
|turn|15
|inactive|Open666 has 120 seconds left.
|
|t:|1743836263
|switch|p1a: Grimmsnarl|Grimmsnarl, M|67/100
|-damage|p1a: Grimmsnarl|55/100|[from] Stealth Rock
|-damage|p1a: Grimmsnarl|42/100|[from] Spikes
|move|p2a: Shock Tuah|U-turn|p1a: Grimmsnarl
|-damage|p1a: Grimmsnarl|30/100
|
|t:|1743836268
|switch|p2a: Sharkry|Garchomp, F, tera:Steel|96/100|[from] U-turn
|
|upkeep
|turn|16
|
|t:|1743836277
|move|p1a: Grimmsnarl|Reflect|p1a: Grimmsnarl
|-sidestart|p1: Open666|Reflect
|move|p2a: Sharkry|Earthquake|p1a: Grimmsnarl
|-crit|p1a: Grimmsnarl
|-damage|p1a: Grimmsnarl|0 fnt
|faint|p1a: Grimmsnarl
|
|upkeep
|inactive|Open666 has 120 seconds left.
|
|t:|1743836293
|switch|p1a: Mimikyu|Mimikyu, M|100/100
|-damage|p1a: Mimikyu|88/100|[from] Stealth Rock
|-damage|p1a: Mimikyu|76/100|[from] Spikes
|turn|17
|inactive|Open666 has 120 seconds left.
|
|t:|1743836310
|move|p1a: Mimikyu|Substitute|p1a: Mimikyu
|-start|p1a: Mimikyu|Substitute
|-damage|p1a: Mimikyu|51/100
|move|p2a: Sharkry|Earthquake|p1a: Mimikyu
|-end|p1a: Mimikyu|Substitute
|
|upkeep
|turn|18
|inactive|Open666 has 120 seconds left.
|
|t:|1743836323
|move|p1a: Mimikyu|Swords Dance|p1a: Mimikyu
|-boost|p1a: Mimikyu|atk|2
|move|p2a: Sharkry|Earthquake|p1a: Mimikyu
|-activate|p1a: Mimikyu|ability: Disguise
|-damage|p1a: Mimikyu|51/100
|detailschange|p1a: Mimikyu|Mimikyu-Busted, M
|-damage|p1a: Mimikyu|39/100|[from] pokemon: Mimikyu-Busted
|
|upkeep
|turn|19
|inactive|Open666 has 120 seconds left.
|
|t:|1743836333
|switch|p2a: Shock Tuah|Zapdos|61/100 tox
|move|p1a: Mimikyu|Drain Punch|p2a: Shock Tuah
|-resisted|p2a: Shock Tuah
|-damage|p2a: Shock Tuah|46/100 tox
|-heal|p1a: Mimikyu|50/100|[from] drain|[of] p2a: Shock Tuah
|
|-damage|p2a: Shock Tuah|40/100 tox|[from] psn
|upkeep
|turn|20
|inactive|Open666 has 120 seconds left.
|
|t:|1743836343
|move|p1a: Mimikyu|Play Rough|p2a: Shock Tuah
|-damage|p2a: Shock Tuah|0 fnt
|faint|p2a: Shock Tuah
|
|upkeep
|
|t:|1743836367
|switch|p2a: Mr. Freeze|Eiscue, M|83/100 tox
|turn|21
|
|t:|1743836370
|move|p1a: Mimikyu|Drain Punch|p2a: Mr. Freeze
|-activate|p2a: Mr. Freeze|ability: Ice Face
|-damage|p2a: Mr. Freeze|83/100 tox
|-damage|p1a: Mimikyu|34/100|[from] item: Rocky Helmet|[of] p2a: Mr. Freeze
|detailschange|p2a: Mr. Freeze|Eiscue-Noice, M
|move|p2a: Mr. Freeze|Freeze-Dry|p1a: Mimikyu
|-damage|p1a: Mimikyu|2/100
|
|-damage|p2a: Mr. Freeze|77/100 tox|[from] psn
|upkeep
|turn|22
|
|t:|1743836382
|move|p2a: Mr. Freeze|Snowscape|p2a: Mr. Freeze
|-weather|Snowscape
|-activate|p2a: Mr. Freeze|ability: Ice Face
|detailschange|p2a: Mr. Freeze|Eiscue, M
|move|p1a: Mimikyu|Drain Punch|p2a: Mr. Freeze
|-activate|p2a: Mr. Freeze|ability: Ice Face
|-damage|p2a: Mr. Freeze|77/100 tox
|-damage|p1a: Mimikyu|0 fnt|[from] item: Rocky Helmet|[of] p2a: Mr. Freeze
|detailschange|p2a: Mr. Freeze|Eiscue-Noice, M
|faint|p1a: Mimikyu
|
|-weather|Snowscape|[upkeep]
|-damage|p2a: Mr. Freeze|65/100 tox|[from] psn
|upkeep
|
|t:|1743836399
|switch|p1a: Glimmora|Glimmora, M|84/100
|-damage|p1a: Glimmora|72/100|[from] Stealth Rock
|-damage|p1a: Glimmora|59/100|[from] Spikes
|turn|23
|
|t:|1743836411
|move|p2a: Mr. Freeze|Flip Turn|p1a: Glimmora
|-supereffective|p1a: Glimmora
|-damage|p1a: Glimmora|46/100
|-activate|p1a: Glimmora|ability: Toxic Debris
|-sidestart|p2: MyGoodBuddyMason|move: Toxic Spikes
|
|t:|1743836416
|switch|p2a: Sharkry|Garchomp, F, tera:Steel|96/100|[from] Flip Turn
|move|p1a: Glimmora|Mortal Spin|p2a: Sharkry
|-immune|p2a: Sharkry
|
|-weather|Snowscape|[upkeep]
|-sideend|p1: Open666|Reflect
|upkeep
|turn|24
|
|t:|1743836427
|switch|p1a: Gliscor|Gliscor, M|100/100 tox
|-damage|p1a: Gliscor|88/100 tox|[from] Stealth Rock
|move|p2a: Sharkry|Spikes|p1a: Gliscor
|-sidestart|p1: Open666|Spikes
|
|-weather|Snowscape|[upkeep]
|-heal|p1a: Gliscor|100/100 tox|[from] ability: Poison Heal
|upkeep
|turn|25
|
|t:|1743836439
|move|p1a: Gliscor|Earthquake|p2a: Sharkry
|-supereffective|p2a: Sharkry
|-damage|p2a: Sharkry|54/100
|move|p2a: Sharkry|Dragon Tail|p1a: Gliscor
|-damage|p1a: Gliscor|79/100 tox
|drag|p1a: Glimmora|Glimmora, M|46/100
|-damage|p1a: Glimmora|33/100|[from] Stealth Rock
|-damage|p1a: Glimmora|17/100|[from] Spikes
|
|-weather|Snowscape|[upkeep]
|upkeep
|turn|26
|
|t:|1743836457
|-terastallize|p1a: Glimmora|Flying
|move|p1a: Glimmora|Earth Power|p2a: Sharkry
|-supereffective|p2a: Sharkry
|-damage|p2a: Sharkry|0 fnt
|faint|p2a: Sharkry
|
|-weather|none
|upkeep
|
|t:|1743836463
|switch|p2a: Long Snout|Donphan, F, shiny|100/100
|turn|27
|
|t:|1743836469
|move|p2a: Long Snout|Ice Shard|p1a: Glimmora
|-supereffective|p1a: Glimmora
|-damage|p1a: Glimmora|0 fnt
|-activate|p1a: Glimmora|ability: Toxic Debris
|-sidestart|p2: MyGoodBuddyMason|move: Toxic Spikes
|faint|p1a: Glimmora
|
|upkeep
|
|t:|1743836487
|switch|p1a: Ogerpon|Ogerpon-Wellspring, F|100/100
|-damage|p1a: Ogerpon|88/100|[from] Stealth Rock
|-damage|p1a: Ogerpon|72/100|[from] Spikes
|turn|28
|
|t:|1743836497
|switch|p2a: The Kicker|Lokix, F|100/100
|-status|p2a: The Kicker|tox
|move|p1a: Ogerpon|Horn Leech|p2a: The Kicker
|-resisted|p2a: The Kicker
|-damage|p2a: The Kicker|70/100 tox
|-heal|p1a: Ogerpon|86/100|[from] drain|[of] p2a: The Kicker
|
|-damage|p2a: The Kicker|64/100 tox|[from] psn
|upkeep
|turn|29
|
|t:|1743836520
|switch|p1a: Gliscor|Gliscor, M|79/100 tox
|-damage|p1a: Gliscor|67/100 tox|[from] Stealth Rock
|move|p2a: The Kicker|U-turn|p1a: Gliscor
|-resisted|p1a: Gliscor
|-damage|p1a: Gliscor|29/100 tox
|
|t:|1743836530
|switch|p2a: Mr. Freeze|Eiscue-Noice, M|65/100 tox|[from] U-turn
|
|-damage|p2a: Mr. Freeze|59/100 tox|[from] psn
|-heal|p1a: Gliscor|42/100 tox|[from] ability: Poison Heal
|upkeep
|turn|30
|
|t:|1743836540
|move|p1a: Gliscor|Protect|p1a: Gliscor
|-singleturn|p1a: Gliscor|Protect
|move|p2a: Mr. Freeze|Freeze-Dry|p1a: Gliscor
|-activate|p1a: Gliscor|move: Protect
|
|-damage|p2a: Mr. Freeze|47/100 tox|[from] psn
|-heal|p1a: Gliscor|54/100 tox|[from] ability: Poison Heal
|upkeep
|turn|31
|
|t:|1743836559
|move|p2a: Mr. Freeze|Flip Turn|p1a: Gliscor
|-supereffective|p1a: Gliscor
|-damage|p1a: Gliscor|36/100 tox
|
|t:|1743836562
|switch|p2a: Long Snout|Donphan, F, shiny|100/100|[from] Flip Turn
|move|p1a: Gliscor|Earthquake|p2a: Long Snout
|-damage|p2a: Long Snout|76/100
|
|-heal|p1a: Gliscor|49/100 tox|[from] ability: Poison Heal
|upkeep
|turn|32
|
|t:|1743836571
|move|p1a: Gliscor|Protect|p1a: Gliscor
|-singleturn|p1a: Gliscor|Protect
|move|p2a: Long Snout|Knock Off|p1a: Gliscor
|-activate|p1a: Gliscor|move: Protect
|
|-heal|p1a: Gliscor|61/100 tox|[from] ability: Poison Heal
|upkeep
|turn|33
|
|t:|1743836590
|switch|p1a: Ogerpon|Ogerpon-Wellspring, F|86/100
|-damage|p1a: Ogerpon|74/100|[from] Stealth Rock
|-damage|p1a: Ogerpon|57/100|[from] Spikes
|switch|p2a: The Kicker|Lokix, F|64/100 tox
|
|-damage|p2a: The Kicker|58/100 tox|[from] psn
|upkeep
|turn|34
|
|t:|1743836612
|move|p2a: The Kicker|First Impression|p1a: Ogerpon
|-supereffective|p1a: Ogerpon
|-damage|p1a: Ogerpon|0 fnt
|faint|p1a: Ogerpon
|
|-damage|p2a: The Kicker|46/100 tox|[from] psn
|upkeep
|
|t:|1743836627
|switch|p1a: Dragapult|Dragapult, M|100/100
|-damage|p1a: Dragapult|88/100|[from] Stealth Rock
|-damage|p1a: Dragapult|72/100|[from] Spikes
|turn|35
|
|t:|1743836637
|switch|p2a: Long Snout|Donphan, F, shiny|76/100
|move|p1a: Dragapult|Dragon Darts|p2a: Long Snout
|-damage|p2a: Long Snout|58/100
|-anim|p1a: Dragapult|Dragon Darts|p2a: Long Snout
|-damage|p2a: Long Snout|43/100
|
|upkeep
|turn|36
|inactive|Open666 has 120 seconds left.
|
|t:|1743836678
|move|p1a: Dragapult|Dragon Darts|p2a: Long Snout
|-damage|p2a: Long Snout|28/100
|-anim|p1a: Dragapult|Dragon Darts|p2a: Long Snout
|-damage|p2a: Long Snout|10/100
|move|p2a: Long Snout|Knock Off|p1a: Dragapult
|-supereffective|p1a: Dragapult
|-damage|p1a: Dragapult|0 fnt
|-enditem|p1a: Dragapult|Focus Sash|[from] move: Knock Off|[of] p2a: Long Snout
|faint|p1a: Dragapult
|
|upkeep
|
|t:|1743836688
|switch|p1a: Gliscor|Gliscor, M|61/100 tox
|-damage|p1a: Gliscor|49/100 tox|[from] Stealth Rock
|turn|37
|
|t:|1743836692
|move|p1a: Gliscor|Protect|p1a: Gliscor
|-singleturn|p1a: Gliscor|Protect
|move|p2a: Long Snout|Ice Shard|p1a: Gliscor
|-activate|p1a: Gliscor|move: Protect
|
|-heal|p1a: Gliscor|61/100 tox|[from] ability: Poison Heal
|upkeep
|turn|38
|
|t:|1743836702
|move|p2a: Long Snout|Ice Shard|p1a: Gliscor
|-supereffective|p1a: Gliscor
|-damage|p1a: Gliscor|16/100 tox
|move|p1a: Gliscor|Earthquake|p2a: Long Snout
|-damage|p2a: Long Snout|0 fnt
|faint|p2a: Long Snout
|
|-heal|p1a: Gliscor|28/100 tox|[from] ability: Poison Heal
|upkeep
|
|t:|1743836711
|switch|p2a: Mr. Freeze|Eiscue-Noice, M|47/100 tox
|turn|39
|
|t:|1743836714
|move|p1a: Gliscor|Protect|p1a: Gliscor
|-singleturn|p1a: Gliscor|Protect
|move|p2a: Mr. Freeze|Freeze-Dry|p1a: Gliscor
|-activate|p1a: Gliscor|move: Protect
|
|-damage|p2a: Mr. Freeze|41/100 tox|[from] psn
|-heal|p1a: Gliscor|41/100 tox|[from] ability: Poison Heal
|upkeep
|turn|40
|
|t:|1743836726
|move|p1a: Gliscor|Protect||[still]
|-fail|p1a: Gliscor
|move|p2a: Mr. Freeze|Freeze-Dry|p1a: Gliscor
|-supereffective|p1a: Gliscor
|-damage|p1a: Gliscor|0 fnt
|faint|p1a: Gliscor
|
|win|MyGoodBuddyMason
|raw|Open666's rating: 1288 &rarr; <strong>1264</strong><br />(-24 for losing)
|raw|MyGoodBuddyMason's rating: 1305 &rarr; <strong>1324</strong><br />(+19 for winning)
|l|☆Open666
|player|p1|
