|j|☆Lemalifice
|j|☆R3N_TTV
|t:|1743920525
|gametype|singles
|player|p1|Lemalifice|1|1180
|player|p2|R3N_TTV|wallace|1079
|teamsize|p1|6
|teamsize|p2|6
|gen|9
|tier|[Gen 9] OU
|rated|
|rule|HP Percentage Mod: HP is shown in percentages
|rule|Endless Battle Clause: Forcing endless battles is banned
|rule|Species Clause: Limit one of each Pokémon
|rule|OHKO Clause: OHKO moves are banned
|rule|Evasion Items Clause: Evasion items are banned
|rule|Evasion Moves Clause: Evasion moves are banned
|rule|Sleep Moves Clause: Sleep-inducing moves are banned
|clearpoke
|poke|p1|Great Tusk|
|poke|p1|Gholdengo|
|poke|p1|Iron Valiant|
|poke|p1|Kingambit, M|
|poke|p1|Raging Bolt|
|poke|p1|Ogerpon-Wellspring, F|
|poke|p2|Grimmsnarl, M|
|poke|p2|Gallade, M|
|poke|p2|Breloom, M|
|poke|p2|Morpeko, M|
|poke|p2|Braviary-Hisui, M|
|poke|p2|Dragalge, M|
|teampreview
|inactive|Battle timer is ON: inactive players will automatically lose when time's up. (requested by R3N_TTV)
|
|t:|1743920538
|start
|switch|p1a: Gholdengo|Gholdengo|100/100
|switch|p2a: Grimmsnarl|Grimmsnarl, M|100/100
|turn|1
|
|t:|1743920546
|move|p2a: Grimmsnarl|Light Screen|p2a: Grimmsnarl
|-sidestart|p2: R3N_TTV|move: Light Screen
|move|p1a: Gholdengo|Make It Rain|p2a: Grimmsnarl
|-supereffective|p2a: Grimmsnarl
|-damage|p2a: Grimmsnarl|51/100
|-unboost|p1a: Gholdengo|spa|1
|
|upkeep
|turn|2
|
|t:|1743920562
|switch|p1a: Great Tusk|Great Tusk, shiny|100/100
|move|p2a: Grimmsnarl|Reflect|p2a: Grimmsnarl
|-sidestart|p2: R3N_TTV|Reflect
|
|upkeep
|turn|3
|
|t:|1743920567
|move|p2a: Grimmsnarl|Taunt|p1a: Great Tusk
|-start|p1a: Great Tusk|move: Taunt
|cant|p1a: Great Tusk|move: Taunt|Stealth Rock
|
|upkeep
|turn|4
|
|t:|1743920574
|move|p2a: Grimmsnarl|Parting Shot|p1a: Great Tusk
|-unboost|p1a: Great Tusk|atk|1
|-unboost|p1a: Great Tusk|spa|1
|
|t:|1743920581
|switch|p2a: Gallade|Gallade, M|100/100|[from] Parting Shot
|move|p1a: Great Tusk|Headlong Rush|p2a: Gallade
|-damage|p2a: Gallade|63/100
|-unboost|p1a: Great Tusk|def|1
|-unboost|p1a: Great Tusk|spd|1
|
|upkeep
|turn|5
|
|t:|1743920607
|-end|p1a: Great Tusk|Protosynthesis|[silent]
|switch|p1a: Iron Valiant|Iron Valiant|100/100
|-enditem|p1a: Iron Valiant|Booster Energy
|-activate|p1a: Iron Valiant|ability: Quark Drive|[fromitem]
|-start|p1a: Iron Valiant|quarkdrivespe
|move|p2a: Gallade|Agility|p2a: Gallade
|-boost|p2a: Gallade|spe|2
|
|upkeep
|turn|6
|
|t:|1743920619
|move|p1a: Iron Valiant|Expanding Force|p2a: Gallade
|-damage|p2a: Gallade|48/100
|move|p2a: Gallade|Psycho Cut|p1a: Iron Valiant
|-supereffective|p1a: Iron Valiant
|-damage|p1a: Iron Valiant|0 fnt
|faint|p1a: Iron Valiant
|-end|p1a: Iron Valiant|Quark Drive|[silent]
|
|upkeep
|inactive|Lemalifice has 120 seconds left.
|
|t:|1743920634
|switch|p1a: Raging Bolt|Raging Bolt|100/100
|-enditem|p1a: Raging Bolt|Booster Energy
|-activate|p1a: Raging Bolt|ability: Protosynthesis|[fromitem]
|-start|p1a: Raging Bolt|protosynthesisspa
|turn|7
|
|t:|1743920659
|move|p2a: Gallade|Sacred Sword|p1a: Raging Bolt
|-damage|p1a: Raging Bolt|35/100
|move|p1a: Raging Bolt|Thunder|p2a: Gallade
|-damage|p2a: Gallade|2/100
|
|upkeep
|turn|8
|
|t:|1743920666
|move|p1a: Raging Bolt|Thunderclap|p2a: Gallade
|-damage|p2a: Gallade|0 fnt
|faint|p2a: Gallade
|
|-sideend|p2: R3N_TTV|move: Light Screen
|upkeep
|
|t:|1743920671
|switch|p2a: Grimmsnarl|Grimmsnarl, M|51/100
|turn|9
|
|t:|1743920683
|move|p2a: Grimmsnarl|Light Screen|p2a: Grimmsnarl
|-sidestart|p2: R3N_TTV|move: Light Screen
|move|p1a: Raging Bolt|Thunder|p2a: Grimmsnarl
|-crit|p2a: Grimmsnarl
|-damage|p2a: Grimmsnarl|0 fnt
|faint|p2a: Grimmsnarl
|
|-sideend|p2: R3N_TTV|Reflect
|upkeep
|
|t:|1743920690
|switch|p2a: Breloom|Breloom, M|100/100
|turn|10
|
|t:|1743920718
|-end|p1a: Raging Bolt|Protosynthesis|[silent]
|switch|p1a: Ogerpon|Ogerpon-Wellspring, F|100/100
|move|p2a: Breloom|Swords Dance|p2a: Breloom
|-boost|p2a: Breloom|atk|2
|
|upkeep
|turn|11
|
|t:|1743920729
|move|p1a: Ogerpon|Ivy Cudgel|p2a: Breloom|[anim] Ivy Cudgel Water
|-resisted|p2a: Breloom
|-damage|p2a: Breloom|52/100
|move|p2a: Breloom|Bullet Seed|p1a: Ogerpon
|-damage|p1a: Ogerpon|47/100
|-damage|p1a: Ogerpon|0 fnt
|faint|p1a: Ogerpon
|-hitcount|p1: Ogerpon|2
|
|upkeep
|inactive|Lemalifice has 120 seconds left.
|
|t:|1743920745
|switch|p1a: Gholdengo|Gholdengo|100/100
|turn|12
|inactive|Lemalifice has 120 seconds left.
|
|t:|1743920755
|move|p1a: Gholdengo|Make It Rain|p2a: Breloom
|-damage|p2a: Breloom|0 fnt
|-unboost|p1a: Gholdengo|spa|1
|faint|p2a: Breloom
|
|upkeep
|inactive|R3N_TTV has 120 seconds left.
|inactive|R3N_TTV has 90 seconds left.
|
|t:|1743920824
|switch|p2a: Morpeko|Morpeko, M|100/100
|turn|13
|inactive|Lemalifice has 120 seconds left.
|
|t:|1743920838
|switch|p1a: Great Tusk|Great Tusk, shiny|100/100
|move|p2a: Morpeko|Knock Off|p1a: Great Tusk
|-resisted|p1a: Great Tusk
|-damage|p1a: Great Tusk|85/100
|-damage|p2a: Morpeko|84/100|[from] item: Rocky Helmet|[of] p1a: Great Tusk
|-enditem|p1a: Great Tusk|Rocky Helmet|[from] move: Knock Off|[of] p2a: Morpeko
|
|-formechange|p2a: Morpeko|Morpeko-Hangry||[from] ability: Hunger Switch
|upkeep
|turn|14
|inactive|Lemalifice has 120 seconds left.
|
|t:|1743920859
|move|p2a: Morpeko|Aura Wheel|p1a: Great Tusk
|-resisted|p1a: Great Tusk
|-damage|p1a: Great Tusk|67/100
|-boost|p2a: Morpeko|spe|1
|move|p1a: Great Tusk|Headlong Rush|p2a: Morpeko
|-supereffective|p2a: Morpeko
|-damage|p2a: Morpeko|0 fnt
|-unboost|p1a: Great Tusk|def|1
|-unboost|p1a: Great Tusk|spd|1
|faint|p2a: Morpeko
|
|upkeep
|inactive|R3N_TTV has 90 seconds left.
|
|t:|1743920869
|switch|p2a: Braviary|Braviary-Hisui, M, shiny|100/100
|turn|15
|inactive|Lemalifice has 120 seconds left.
|
|t:|1743920876
|move|p1a: Great Tusk|Ice Spinner|p2a: Braviary
|-supereffective|p2a: Braviary
|-damage|p2a: Braviary|60/100
|move|p2a: Braviary|Calm Mind|p2a: Braviary
|-boost|p2a: Braviary|spa|1
|-boost|p2a: Braviary|spd|1
|
|upkeep
|turn|16
|
|t:|1743920894
|move|p1a: Great Tusk|Ice Spinner|p2a: Braviary
|-supereffective|p2a: Braviary
|-damage|p2a: Braviary|19/100
|move|p2a: Braviary|Esper Wing|p1a: Great Tusk
|-supereffective|p1a: Great Tusk
|-crit|p1a: Great Tusk
|-damage|p1a: Great Tusk|0 fnt
|-boost|p2a: Braviary|spe|1
|faint|p1a: Great Tusk
|-end|p1a: Great Tusk|Protosynthesis|[silent]
|
|-sideend|p2: R3N_TTV|move: Light Screen
|upkeep
|inactive|Lemalifice has 120 seconds left.
|
|t:|1743920905
|switch|p1a: Raging Bolt|Raging Bolt|35/100
|turn|17
|
|t:|1743920916
|move|p1a: Raging Bolt|Thunderclap||[still]
|-fail|p1a: Raging Bolt
|move|p2a: Braviary|Roost|p2a: Braviary
|-heal|p2a: Braviary|69/100
|-singleturn|p2a: Braviary|move: Roost
|
|upkeep
|turn|18
|
|t:|1743920923
|move|p1a: Raging Bolt|Thunderclap||[still]
|-fail|p1a: Raging Bolt
|move|p2a: Braviary|Roost|p2a: Braviary
|-heal|p2a: Braviary|100/100
|-singleturn|p2a: Braviary|move: Roost
|
|upkeep
|turn|19
|
|t:|1743920929
|move|p1a: Raging Bolt|Thunderclap||[still]
|-fail|p1a: Raging Bolt
|move|p2a: Braviary|Calm Mind|p2a: Braviary
|-boost|p2a: Braviary|spa|1
|-boost|p2a: Braviary|spd|1
|
|upkeep
|turn|20
|
|t:|1743920934
|move|p1a: Raging Bolt|Thunderclap||[still]
|-fail|p1a: Raging Bolt
|move|p2a: Braviary|Calm Mind|p2a: Braviary
|-boost|p2a: Braviary|spa|1
|-boost|p2a: Braviary|spd|1
|
|upkeep
|turn|21
|
|t:|1743920940
|move|p1a: Raging Bolt|Thunderclap|p2a: Braviary
|-supereffective|p2a: Braviary
|-damage|p2a: Braviary|67/100
|move|p2a: Braviary|Esper Wing|p1a: Raging Bolt
|-crit|p1a: Raging Bolt
|-damage|p1a: Raging Bolt|0 fnt
|-boost|p2a: Braviary|spe|1
|faint|p1a: Raging Bolt
|-end|p1a: Raging Bolt|Protosynthesis|[silent]
|
|upkeep
|
|t:|1743920952
|switch|p1a: Gholdengo|Gholdengo|100/100
|turn|22
|
|t:|1743920957
|move|p1a: Gholdengo|Make It Rain|p2a: Braviary
|-damage|p2a: Braviary|41/100
|-unboost|p1a: Gholdengo|spa|1
|move|p2a: Braviary|Air Slash|p1a: Gholdengo
|-resisted|p1a: Gholdengo
|-damage|p1a: Gholdengo|18/100
|
|upkeep
|turn|23
|
|t:|1743920966
|move|p1a: Gholdengo|Make It Rain|p2a: Braviary
|-damage|p2a: Braviary|23/100
|-unboost|p1a: Gholdengo|spa|1
|move|p2a: Braviary|Roost|p2a: Braviary
|-heal|p2a: Braviary|73/100
|-singleturn|p2a: Braviary|move: Roost
|
|upkeep
|turn|24
|
|t:|1743920977
|switch|p1a: Kingambit|Kingambit, M|100/100
|-activate|p1a: Kingambit|ability: Supreme Overlord
|-start|p1a: Kingambit|fallen4|[silent]
|move|p2a: Braviary|Air Slash|p1a: Kingambit
|-resisted|p1a: Kingambit
|-crit|p1a: Kingambit
|-damage|p1a: Kingambit|0 fnt
|faint|p1a: Kingambit
|-end|p1a: Kingambit|fallen4|[silent]
|
|upkeep
|
|t:|1743920990
|switch|p1a: Gholdengo|Gholdengo|18/100
|turn|25
|
|t:|1743920997
|move|p1a: Gholdengo|Shadow Ball|p2a: Braviary
|-supereffective|p2a: Braviary
|-damage|p2a: Braviary|35/100
|-unboost|p2a: Braviary|spd|1
|move|p2a: Braviary|Air Slash|p1a: Gholdengo
|-resisted|p1a: Gholdengo
|-damage|p1a: Gholdengo|0 fnt
|faint|p1a: Gholdengo
|
|win|R3N_TTV
|raw|Lemalifice's rating: 1180 &rarr; <strong>1148</strong><br />(-32 for losing)
|raw|R3N_TTV's rating: 1079 &rarr; <strong>1115</strong><br />(+36 for winning)
|l|☆R3N_TTV
|player|p2|
|l|☆Lemalifice
|player|p1|
