|j|☆gallarin
|j|☆iwanttowinthisgame
|t:|1743875799
|gametype|singles
|player|p1|gallarin|169|1450
|player|p2|iwanttowinthisgame|clerk|1498
|teamsize|p1|6
|teamsize|p2|6
|gen|9
|tier|[Gen 9] OU
|rated|
|rule|HP Percentage Mod: HP is shown in percentages
|rule|Endless Battle Clause: Forcing endless battles is banned
|rule|Species Clause: Limit one of each Pokémon
|rule|OHKO Clause: OHKO moves are banned
|rule|Evasion Items Clause: Evasion items are banned
|rule|Evasion Moves Clause: Evasion moves are banned
|rule|Sleep Moves Clause: Sleep-inducing moves are banned
|clearpoke
|poke|p1|Dragonite, M|
|poke|p1|Ting-Lu|
|poke|p1|Iron Moth|
|poke|p1|Iron Valiant|
|poke|p1|Kyurem|
|poke|p1|Gholdengo|
|poke|p2|Enamorus, F|
|poke|p2|Great Tusk|
|poke|p2|Kingambit, F|
|poke|p2|Ogerpon-Wellspring, F|
|poke|p2|Raging Bolt|
|poke|p2|Slowking-Galar, F|
|teampreview
|inactive|Battle timer is ON: inactive players will automatically lose when time's up. (requested by gallarin)
|inactive|gallarin has 120 seconds left.
|inactive|iwanttowinthisgame has 120 seconds left.
|
|t:|1743875846
|start
|switch|p1a: Gholdengo|Gholdengo|100/100
|switch|p2a: Ogerpon|Ogerpon-Wellspring, F|100/100
|turn|1
|
|t:|1743875853
|move|p1a: Gholdengo|Trick||[still]
|-fail|p1a: Gholdengo
|move|p2a: Ogerpon|U-turn|p1a: Gholdengo
|-resisted|p1a: Gholdengo
|-damage|p1a: Gholdengo|93/100
|
|t:|1743875867
|switch|p2a: Enamorus|Enamorus, F|100/100|[from] U-turn
|
|upkeep
|turn|2
|
|t:|1743875875
|move|p2a: Enamorus|Earth Power|p1a: Gholdengo
|-supereffective|p1a: Gholdengo
|-damage|p1a: Gholdengo|18/100
|move|p1a: Gholdengo|Trick|p2a: Enamorus
|-activate|p1a: Gholdengo|move: Trick|[of] p2a: Enamorus
|-item|p2a: Enamorus|Choice Scarf|[from] move: Trick
|-item|p1a: Gholdengo|Choice Scarf|[from] move: Trick
|
|upkeep
|turn|3
|
|t:|1743875889
|switch|p1a: Dragonite|Dragonite, M|100/100
|move|p2a: Enamorus|Moonblast|p1a: Dragonite
|-supereffective|p1a: Dragonite
|-damage|p1a: Dragonite|51/100
|-unboost|p1a: Dragonite|spa|1
|
|upkeep
|turn|4
|
|t:|1743875905
|move|p2a: Enamorus|Moonblast|p1a: Dragonite
|-supereffective|p1a: Dragonite
|-damage|p1a: Dragonite|0 fnt
|faint|p1a: Dragonite
|
|upkeep
|c|☆iwanttowinthisgame|i didnt even know trick did that until now tbh
|
|t:|1743875915
|switch|p1a: Ting-Lu|Ting-Lu|100/100
|-ability|p1a: Ting-Lu|Vessel of Ruin
|turn|5
|
|t:|1743875925
|move|p2a: Enamorus|Moonblast|p1a: Ting-Lu
|-supereffective|p1a: Ting-Lu
|-damage|p1a: Ting-Lu|34/100
|move|p1a: Ting-Lu|Stealth Rock|p2a: Enamorus
|-sidestart|p2: iwanttowinthisgame|move: Stealth Rock
|
|upkeep
|turn|6
|
|t:|1743875935
|switch|p1a: Gholdengo|Gholdengo|18/100
|move|p2a: Enamorus|Moonblast|p1a: Gholdengo
|-resisted|p1a: Gholdengo
|-damage|p1a: Gholdengo|0 fnt
|faint|p1a: Gholdengo
|
|upkeep
|
|t:|1743875944
|switch|p1a: Iron Moth|Iron Moth|100/100
|-enditem|p1a: Iron Moth|Booster Energy
|-activate|p1a: Iron Moth|ability: Quark Drive|[fromitem]
|-start|p1a: Iron Moth|quarkdrivespe
|turn|7
|
|t:|1743875955
|switch|p2a: Slowking|Slowking-Galar, F|100/100
|move|p1a: Iron Moth|Sludge Wave|p2a: Slowking
|-resisted|p2a: Slowking
|-damage|p2a: Slowking|84/100
|
|upkeep
|turn|8
|
|t:|1743875963
|-end|p1a: Iron Moth|Quark Drive|[silent]
|switch|p1a: Ting-Lu|Ting-Lu|34/100
|-ability|p1a: Ting-Lu|Vessel of Ruin
|-prepare|p2a: Slowking|Chilly Reception|[premajor]
|move|p2a: Slowking|Chilly Reception|p2a: Slowking
|-weather|Snowscape
|
|t:|1743875981
|switch|p2a: Great Tusk|Great Tusk|100/100|[from] Chilly Reception
|-damage|p2a: Great Tusk|97/100|[from] Stealth Rock
|
|-weather|Snowscape|[upkeep]
|-heal|p2a: Great Tusk|100/100|[from] item: Leftovers
|upkeep
|turn|9
|
|t:|1743875990
|move|p2a: Great Tusk|Rapid Spin|p1a: Ting-Lu
|-damage|p1a: Ting-Lu|26/100
|-boost|p2a: Great Tusk|spe|1
|-damage|p2a: Great Tusk|84/100|[from] item: Rocky Helmet|[of] p1a: Ting-Lu
|-sideend|p2: iwanttowinthisgame|Stealth Rock|[from] move: Rapid Spin|[of] p2a: Great Tusk
|move|p1a: Ting-Lu|Stealth Rock|p2a: Great Tusk
|-sidestart|p2: iwanttowinthisgame|move: Stealth Rock
|
|-weather|Snowscape|[upkeep]
|-heal|p2a: Great Tusk|90/100|[from] item: Leftovers
|upkeep
|turn|10
|
|t:|1743875999
|move|p2a: Great Tusk|Knock Off|p1a: Ting-Lu
|-resisted|p1a: Ting-Lu
|-damage|p1a: Ting-Lu|18/100
|-damage|p2a: Great Tusk|73/100|[from] item: Rocky Helmet|[of] p1a: Ting-Lu
|-enditem|p1a: Ting-Lu|Rocky Helmet|[from] move: Knock Off|[of] p2a: Great Tusk
|move|p1a: Ting-Lu|Whirlwind|p2a: Great Tusk
|-end|p2a: Great Tusk|Protosynthesis|[silent]
|drag|p2a: Ogerpon|Ogerpon-Wellspring, F|100/100
|-damage|p2a: Ogerpon|88/100|[from] Stealth Rock
|
|-weather|Snowscape|[upkeep]
|upkeep
|turn|11
|
|t:|1743876012
|switch|p2a: Great Tusk|Great Tusk|73/100
|-damage|p2a: Great Tusk|70/100|[from] Stealth Rock
|move|p1a: Ting-Lu|Spikes|p2a: Great Tusk
|-sidestart|p2: iwanttowinthisgame|Spikes
|
|-weather|Snowscape|[upkeep]
|-heal|p2a: Great Tusk|77/100|[from] item: Leftovers
|upkeep
|turn|12
|
|t:|1743876025
|switch|p1a: Kyurem|Kyurem|100/100
|-ability|p1a: Kyurem|Pressure
|move|p2a: Great Tusk|Rapid Spin|p1a: Kyurem
|-damage|p1a: Kyurem|91/100
|-boost|p2a: Great Tusk|spe|1
|-sideend|p2: iwanttowinthisgame|Spikes|[from] move: Rapid Spin|[of] p2a: Great Tusk
|-sideend|p2: iwanttowinthisgame|Stealth Rock|[from] move: Rapid Spin|[of] p2a: Great Tusk
|
|-weather|none
|-heal|p2a: Great Tusk|83/100|[from] item: Leftovers
|upkeep
|turn|13
|
|t:|1743876035
|-end|p2a: Great Tusk|Protosynthesis|[silent]
|switch|p2a: Slowking|Slowking-Galar, F|100/100
|move|p1a: Kyurem|Dragon Dance|p1a: Kyurem
|-boost|p1a: Kyurem|atk|1
|-boost|p1a: Kyurem|spe|1
|
|upkeep
|turn|14
|
|t:|1743876043
|move|p1a: Kyurem|Icicle Spear|p2a: Slowking
|-damage|p2a: Slowking|83/100
|-crit|p2a: Slowking
|-damage|p2a: Slowking|58/100
|-damage|p2a: Slowking|41/100
|-damage|p2a: Slowking|23/100
|-hitcount|p2a: Slowking|4
|-prepare|p2a: Slowking|Chilly Reception|[premajor]
|move|p2a: Slowking|Chilly Reception|p2a: Slowking
|-weather|Snowscape
|
|t:|1743876047
|switch|p2a: Kingambit|Kingambit, F|100/100|[from] Chilly Reception
|
|-weather|Snowscape|[upkeep]
|upkeep
|turn|15
|
|t:|1743876060
|-terastallize|p1a: Kyurem|Fire
|move|p1a: Kyurem|Tera Blast|p2a: Kingambit|[anim] Tera Blast Fire
|-supereffective|p2a: Kingambit
|-damage|p2a: Kingambit|0 fnt
|faint|p2a: Kingambit
|-end|p2a: Kingambit|fallenundefined|[silent]
|
|-weather|Snowscape|[upkeep]
|upkeep
|inactive|iwanttowinthisgame has 120 seconds left.
|
|t:|1743876111
|switch|p2a: Ogerpon|Ogerpon-Wellspring, F|88/100
|turn|16
|inactive|gallarin has 120 seconds left.
|
|t:|1743876156
|move|p1a: Kyurem|Icicle Spear|p2a: Ogerpon
|-damage|p2a: Ogerpon|58/100
|-damage|p2a: Ogerpon|28/100
|-damage|p2a: Ogerpon|0 fnt
|faint|p2a: Ogerpon
|-hitcount|p2: Ogerpon|3
|
|-weather|Snowscape|[upkeep]
|upkeep
|
|t:|1743876163
|switch|p2a: Enamorus|Enamorus, F|100/100
|turn|17
|inactive|gallarin has 90 seconds left.
|
|t:|1743876200
|move|p2a: Enamorus|Earth Power|p1a: Kyurem
|-supereffective|p1a: Kyurem
|-damage|p1a: Kyurem|29/100
|move|p1a: Kyurem|Icicle Spear|p2a: Enamorus
|-supereffective|p2a: Enamorus
|-damage|p2a: Enamorus|27/100
|-supereffective|p2a: Enamorus
|-damage|p2a: Enamorus|0 fnt
|faint|p2a: Enamorus
|-hitcount|p2: Enamorus|2
|
|-weather|Snowscape|[upkeep]
|upkeep
|
|t:|1743876208
|switch|p2a: Raging Bolt|Raging Bolt|100/100
|turn|18
|inactive|gallarin has 90 seconds left.
|inactive|iwanttowinthisgame has 90 seconds left.
|
|t:|1743876240
|-terastallize|p2a: Raging Bolt|Electric
|move|p1a: Kyurem|Icicle Spear|p2a: Raging Bolt
|-damage|p2a: Raging Bolt|81/100
|-damage|p2a: Raging Bolt|62/100
|-damage|p2a: Raging Bolt|44/100
|-damage|p2a: Raging Bolt|25/100
|-damage|p2a: Raging Bolt|8/100
|-hitcount|p2a: Raging Bolt|5
|move|p2a: Raging Bolt|Volt Switch|p1a: Kyurem
|-damage|p1a: Kyurem|0 fnt
|faint|p1a: Kyurem
|inactive|iwanttowinthisgame has 90 seconds left.
|
|t:|1743876250
|-end|p2a: Raging Bolt|Protosynthesis|[silent]
|switch|p2a: Great Tusk|Great Tusk|83/100|[from] Volt Switch
|
|-weather|none
|-heal|p2a: Great Tusk|89/100|[from] item: Leftovers
|upkeep
|
|t:|1743876267
|switch|p1a: Iron Valiant|Iron Valiant|100/100
|-enditem|p1a: Iron Valiant|Booster Energy
|-activate|p1a: Iron Valiant|ability: Quark Drive|[fromitem]
|-start|p1a: Iron Valiant|quarkdrivespe
|turn|19
|inactive|gallarin has 60 seconds left.
|
|t:|1743876302
|-end|p2a: Great Tusk|Protosynthesis|[silent]
|switch|p2a: Slowking|Slowking-Galar, F|56/100
|move|p1a: Iron Valiant|Knock Off|p2a: Slowking
|-supereffective|p2a: Slowking
|-damage|p2a: Slowking|6/100
|-enditem|p2a: Slowking|Heavy-Duty Boots|[from] move: Knock Off|[of] p1a: Iron Valiant
|
|upkeep
|turn|20
|inactive|iwanttowinthisgame has 90 seconds left.
|
|t:|1743876329
|move|p1a: Iron Valiant|Moonblast|p2a: Slowking
|-resisted|p2a: Slowking
|-damage|p2a: Slowking|0 fnt
|faint|p2a: Slowking
|
|upkeep
|
|t:|1743876338
|switch|p2a: Raging Bolt|Raging Bolt, tera:Electric|8/100
|turn|21
|inactive|gallarin has 60 seconds left.
|inactive|gallarin has 30 seconds left.
|
|t:|1743876377
|-end|p1a: Iron Valiant|Quark Drive|[silent]
|switch|p1a: Ting-Lu|Ting-Lu|18/100
|-ability|p1a: Ting-Lu|Vessel of Ruin
|move|p2a: Raging Bolt|Thunderclap||[still]
|-fail|p2a: Raging Bolt
|
|-heal|p2a: Raging Bolt|14/100|[from] item: Leftovers
|upkeep
|turn|22
|inactive|gallarin has 30 seconds left.
|
|t:|1743876389
|-end|p2a: Raging Bolt|Protosynthesis|[silent]
|switch|p2a: Great Tusk|Great Tusk|89/100
|move|p1a: Ting-Lu|Earthquake|p2a: Great Tusk
|-damage|p2a: Great Tusk|70/100
|
|-heal|p2a: Great Tusk|77/100|[from] item: Leftovers
|upkeep
|turn|23
|inactive|gallarin has 30 seconds left.
|
|t:|1743876401
|move|p2a: Great Tusk|Rapid Spin|p1a: Ting-Lu
|-damage|p1a: Ting-Lu|10/100
|-boost|p2a: Great Tusk|spe|1
|move|p1a: Ting-Lu|Whirlwind|p2a: Great Tusk
|-end|p2a: Great Tusk|Protosynthesis|[silent]
|drag|p2a: Raging Bolt|Raging Bolt, tera:Electric|14/100
|
|-heal|p2a: Raging Bolt|20/100|[from] item: Leftovers
|upkeep
|turn|24
|inactive|gallarin has 30 seconds left.
|inactive|gallarin has 20 seconds left.
|
|t:|1743876424
|-end|p2a: Raging Bolt|Protosynthesis|[silent]
|switch|p2a: Great Tusk|Great Tusk|77/100
|move|p1a: Ting-Lu|Spikes|p2a: Great Tusk
|-sidestart|p2: iwanttowinthisgame|Spikes
|
|-heal|p2a: Great Tusk|83/100|[from] item: Leftovers
|upkeep
|turn|25
|inactive|gallarin has 30 seconds left this turn.
|inactive|iwanttowinthisgame has 120 seconds left.
|
|t:|1743876430
|move|p2a: Great Tusk|Rapid Spin|p1a: Ting-Lu
|-damage|p1a: Ting-Lu|2/100
|-boost|p2a: Great Tusk|spe|1
|-sideend|p2: iwanttowinthisgame|Spikes|[from] move: Rapid Spin|[of] p2a: Great Tusk
|move|p1a: Ting-Lu|Whirlwind|p2a: Great Tusk
|-end|p2a: Great Tusk|Protosynthesis|[silent]
|drag|p2a: Raging Bolt|Raging Bolt, tera:Electric|20/100
|
|-heal|p2a: Raging Bolt|27/100|[from] item: Leftovers
|upkeep
|turn|26
|inactive|gallarin has 30 seconds left.
|
|t:|1743876439
|-end|p2a: Raging Bolt|Protosynthesis|[silent]
|switch|p2a: Great Tusk|Great Tusk|83/100
|move|p1a: Ting-Lu|Earthquake|p2a: Great Tusk
|-damage|p2a: Great Tusk|65/100
|
|-heal|p2a: Great Tusk|71/100|[from] item: Leftovers
|upkeep
|turn|27
|inactive|gallarin has 30 seconds left.
|
|t:|1743876450
|move|p2a: Great Tusk|Stealth Rock|p1a: Ting-Lu
|-sidestart|p1: gallarin|move: Stealth Rock
|move|p1a: Ting-Lu|Whirlwind|p2a: Great Tusk
|-end|p2a: Great Tusk|Protosynthesis|[silent]
|drag|p2a: Raging Bolt|Raging Bolt, tera:Electric|27/100
|
|-heal|p2a: Raging Bolt|33/100|[from] item: Leftovers
|upkeep
|turn|28
|
|t:|1743876458
|switch|p1a: Iron Valiant|Iron Valiant|100/100
|-damage|p1a: Iron Valiant|94/100|[from] Stealth Rock
|-end|p2a: Raging Bolt|Protosynthesis|[silent]
|switch|p2a: Great Tusk|Great Tusk|71/100
|
|-heal|p2a: Great Tusk|77/100|[from] item: Leftovers
|upkeep
|turn|29
|
|t:|1743876467
|move|p1a: Iron Valiant|Moonblast|p2a: Great Tusk
|-supereffective|p2a: Great Tusk
|-damage|p2a: Great Tusk|0 fnt
|faint|p2a: Great Tusk
|-end|p2a: Great Tusk|Protosynthesis|[silent]
|
|upkeep
|
|t:|1743876470
|switch|p2a: Raging Bolt|Raging Bolt, tera:Electric|33/100
|turn|30
|
|t:|1743876482
|move|p2a: Raging Bolt|Thunderclap||[still]
|-fail|p2a: Raging Bolt
|move|p1a: Iron Valiant|Encore|p2a: Raging Bolt
|-start|p2a: Raging Bolt|Encore
|
|-heal|p2a: Raging Bolt|39/100|[from] item: Leftovers
|upkeep
|turn|31
|inactive|gallarin has 30 seconds left.
|
|t:|1743876515
|-end|p1a: Iron Valiant|Quark Drive|[silent]
|switch|p1a: Iron Moth|Iron Moth|100/100
|-damage|p1a: Iron Moth|76/100|[from] Stealth Rock
|move|p2a: Raging Bolt|Thunderclap||[still]
|-fail|p2a: Raging Bolt
|
|-heal|p2a: Raging Bolt|45/100|[from] item: Leftovers
|upkeep
|turn|32
|inactive|gallarin has 30 seconds left.
|
|t:|1743876524
|move|p2a: Raging Bolt|Thunderclap|p1a: Iron Moth
|-damage|p1a: Iron Moth|18/100
|move|p1a: Iron Moth|Dazzling Gleam|p2a: Raging Bolt
|-damage|p2a: Raging Bolt|23/100
|
|-heal|p2a: Raging Bolt|29/100|[from] item: Leftovers
|upkeep
|turn|33
|inactive|gallarin has 30 seconds left.
|
|t:|1743876541
|move|p2a: Raging Bolt|Thunderclap|p1a: Iron Moth
|-damage|p1a: Iron Moth|0 fnt
|faint|p1a: Iron Moth
|-end|p1a: Iron Moth|Quark Drive|[silent]
|
|-heal|p2a: Raging Bolt|35/100|[from] item: Leftovers
|-end|p2a: Raging Bolt|Encore
|upkeep
|inactive|gallarin has 30 seconds left this turn.
|inactive|gallarin has 20 seconds left.
|inactive|gallarin has 15 seconds left.
|
|t:|1743876558
|switch|p1a: Iron Valiant|Iron Valiant|94/100
|-damage|p1a: Iron Valiant|88/100|[from] Stealth Rock
|turn|34
|inactive|gallarin has 25 seconds left this turn.
|
|t:|1743876563
|move|p1a: Iron Valiant|Encore|p2a: Raging Bolt
|-start|p2a: Raging Bolt|Encore
|move|p2a: Raging Bolt|Thunderclap||[still]
|-fail|p2a: Raging Bolt
|
|-heal|p2a: Raging Bolt|41/100|[from] item: Leftovers
|upkeep
|turn|35
|inactive|gallarin has 30 seconds left.
|inactive|gallarin has 20 seconds left.
|
|t:|1743876581
|move|p2a: Raging Bolt|Thunderclap||[still]
|-fail|p2a: Raging Bolt
|move|p1a: Iron Valiant|Encore||[still]
|-fail|p1a: Iron Valiant
|
|-heal|p2a: Raging Bolt|47/100|[from] item: Leftovers
|upkeep
|turn|36
|inactive|gallarin has 30 seconds left this turn.
|inactive|gallarin has 20 seconds left.
|
|t:|1743876594
|move|p2a: Raging Bolt|Thunderclap||[still]
|-fail|p2a: Raging Bolt
|move|p1a: Iron Valiant|Encore||[still]
|-fail|p1a: Iron Valiant
|
|-heal|p2a: Raging Bolt|53/100|[from] item: Leftovers
|-end|p2a: Raging Bolt|Encore
|upkeep
|turn|37
|inactive|gallarin has 30 seconds left this turn.
|inactive|gallarin has 20 seconds left.
|inactive|gallarin has 15 seconds left.
|
|t:|1743876615
|move|p1a: Iron Valiant|Encore||[still]
|-fail|p1a: Iron Valiant
|move|p2a: Raging Bolt|Volt Switch|p1a: Iron Valiant
|-damage|p1a: Iron Valiant|0 fnt
|faint|p1a: Iron Valiant
|-end|p1a: Iron Valiant|Quark Drive|[silent]
|
|-heal|p2a: Raging Bolt|59/100|[from] item: Leftovers
|upkeep
|inactive|gallarin has 20 seconds left this turn.
|inactive|gallarin has 15 seconds left.
|c|☆iwanttowinthisgame|gg u played very well
|inactive|gallarin has 10 seconds left.
|inactive|gallarin has 5 seconds left.
|l|☆gallarin
|inactive|gallarin disconnected and has a minute to reconnect!
|player|p1|
|-message|gallarin lost due to inactivity.
|
|win|iwanttowinthisgame
|raw|gallarin's rating: 1450 &rarr; <strong>1433</strong><br />(-17 for losing)
|raw|iwanttowinthisgame's rating: 1498 &rarr; <strong>1515</strong><br />(+17 for winning)
