|j|‽smogonules
|j|☆justliam
|t:|1743787448
|gametype|singles
|player|p1|smogonules|2|1415
|player|p2|justliam|170|1446
|teamsize|p1|6
|teamsize|p2|6
|gen|9
|tier|[Gen 9] OU
|rated|
|rule|HP Percentage Mod: HP is shown in percentages
|rule|Endless Battle Clause: Forcing endless battles is banned
|rule|Species Clause: Limit one of each Pokémon
|rule|OHKO Clause: OHKO moves are banned
|rule|Evasion Items Clause: Evasion items are banned
|rule|Evasion Moves Clause: Evasion moves are banned
|rule|Sleep Moves Clause: Sleep-inducing moves are banned
|clearpoke
|poke|p1|Jirachi|
|poke|p1|Great Tusk|
|poke|p1|Latios, M|
|poke|p1|Gardevoir, F|
|poke|p1|Polteageist|
|poke|p1|Crawdaunt, F|
|poke|p2|Ogerpon-Wellspring, F|
|poke|p2|Gliscor, F|
|poke|p2|Gholdengo|
|poke|p2|Great Tusk|
|poke|p2|Darkrai|
|poke|p2|Clefable, F|
|teampreview
|
|t:|1743787467
|start
|switch|p1a: Jirachi|Jirachi|100/100
|switch|p2a: Ogerpon|Ogerpon-Wellspring, F|100/100
|turn|1
|
|t:|1743787507
|switch|p2a: Gholdengo|Gholdengo|100/100
|move|p1a: Jirachi|Thunder Wave|p2a: Gholdengo
|-immune|p2a: Gholdengo|[from] ability: Good as Gold
|
|upkeep
|turn|2
|
|t:|1743787531
|move|p1a: Jirachi|Stealth Rock|p2a: Gholdengo
|-sidestart|p2: justliam|move: Stealth Rock
|move|p2a: Gholdengo|Thunder Wave|p1a: Jirachi
|-status|p1a: Jirachi|par
|
|upkeep
|turn|3
|
|t:|1743787577
|switch|p2a: Clefable|Clefable, F|100/100
|move|p1a: Jirachi|Iron Head|p2a: Clefable
|-supereffective|p2a: Clefable
|-damage|p2a: Clefable|48/100
|
|-heal|p2a: Clefable|54/100|[from] item: Leftovers
|upkeep
|turn|4
|
|t:|1743787586
|switch|p2a: Gholdengo|Gholdengo|100/100
|-damage|p2a: Gholdengo|94/100|[from] Stealth Rock
|cant|p1a: Jirachi|par
|
|upkeep
|turn|5
|
|t:|1743787592
|move|p2a: Gholdengo|Hex|p1a: Jirachi
|-supereffective|p1a: Jirachi
|-enditem|p1a: Jirachi|Focus Sash
|-damage|p1a: Jirachi|1/100 par
|move|p1a: Jirachi|Ice Punch|p2a: Gholdengo
|-resisted|p2a: Gholdengo
|-damage|p2a: Gholdengo|86/100
|-status|p2a: Gholdengo|frz
|-damage|p1a: Jirachi|0 fnt|[from] item: Rocky Helmet|[of] p2a: Gholdengo
|faint|p1a: Jirachi
|
|upkeep
|
|t:|1743787599
|switch|p1a: Polteageist|Polteageist|100/100
|turn|6
|
|t:|1743787606
|switch|p2a: Darkrai|Darkrai|100/100
|-damage|p2a: Darkrai|88/100|[from] Stealth Rock
|move|p1a: Polteageist|Shell Smash|p1a: Polteageist
|-unboost|p1a: Polteageist|def|1
|-unboost|p1a: Polteageist|spd|1
|-boost|p1a: Polteageist|atk|2
|-boost|p1a: Polteageist|spa|2
|-boost|p1a: Polteageist|spe|2
|
|upkeep
|turn|7
|
|t:|1743787627
|move|p2a: Darkrai|Dark Pulse|p1a: Polteageist
|-supereffective|p1a: Polteageist
|-enditem|p1a: Polteageist|Focus Sash
|-damage|p1a: Polteageist|1/100
|move|p1a: Polteageist|Giga Drain|p2a: Darkrai
|-damage|p2a: Darkrai|14/100
|-heal|p1a: Polteageist|41/100|[from] drain|[of] p2a: Darkrai
|
|upkeep
|turn|8
|
|t:|1743787637
|move|p2a: Darkrai|Dark Pulse|p1a: Polteageist
|-supereffective|p1a: Polteageist
|-damage|p1a: Polteageist|0 fnt
|faint|p1a: Polteageist
|
|upkeep
|
|t:|1743787639
|switch|p1a: Crawdaunt|Crawdaunt, F|100/100
|turn|9
|
|t:|1743787651
|switch|p2a: Gholdengo|Gholdengo|86/100 frz
|-damage|p2a: Gholdengo|80/100 frz|[from] Stealth Rock
|move|p1a: Crawdaunt|Aqua Jet|p2a: Gholdengo
|-crit|p2a: Gholdengo
|-damage|p2a: Gholdengo|42/100 frz
|-damage|p1a: Crawdaunt|84/100|[from] item: Rocky Helmet|[of] p2a: Gholdengo
|-damage|p1a: Crawdaunt|74/100|[from] item: Life Orb
|
|upkeep
|turn|10
|
|t:|1743787660
|cant|p2a: Gholdengo|frz
|move|p1a: Crawdaunt|Knock Off|p2a: Gholdengo
|-supereffective|p2a: Gholdengo
|-damage|p2a: Gholdengo|0 fnt
|-damage|p1a: Crawdaunt|58/100|[from] item: Rocky Helmet|[of] p2a: Gholdengo
|-enditem|p2a: Gholdengo|Rocky Helmet|[from] move: Knock Off|[of] p1a: Crawdaunt
|faint|p2a: Gholdengo
|-damage|p1a: Crawdaunt|48/100|[from] item: Life Orb
|
|upkeep
|
|t:|1743787665
|switch|p2a: Ogerpon|Ogerpon-Wellspring, F|100/100
|-damage|p2a: Ogerpon|88/100|[from] Stealth Rock
|turn|11
|
|t:|1743787675
|move|p2a: Ogerpon|Play Rough|p1a: Crawdaunt
|-supereffective|p1a: Crawdaunt
|-damage|p1a: Crawdaunt|0 fnt
|faint|p1a: Crawdaunt
|
|upkeep
|
|t:|1743787678
|switch|p1a: Latios|Latios, M|100/100
|turn|12
|
|t:|1743787690
|-terastallize|p2a: Ogerpon|Water
|detailschange|p2a: Ogerpon|Ogerpon-Wellspring-Tera, F, tera:Water
|-ability|p2a: Ogerpon|Embody Aspect (Wellspring)|boost
|-boost|p2a: Ogerpon|spd|1
|move|p1a: Latios|Reflect|p1a: Latios
|-sidestart|p1: smogonules|Reflect
|move|p2a: Ogerpon|Play Rough|p1a: Latios
|-supereffective|p1a: Latios
|-damage|p1a: Latios|55/100
|
|upkeep
|turn|13
|
|t:|1743787699
|move|p2a: Ogerpon|Swords Dance|p2a: Ogerpon
|-boost|p2a: Ogerpon|atk|2
|move|p1a: Latios|Memento|p2a: Ogerpon
|-unboost|p2a: Ogerpon|atk|2
|-unboost|p2a: Ogerpon|spa|2
|faint|p1a: Latios
|
|upkeep
|
|t:|1743787701
|switch|p1a: Gardevoir|Gardevoir, F|100/100
|turn|14
|
|t:|1743787705
|move|p2a: Ogerpon|Ivy Cudgel|p1a: Gardevoir|[anim] Ivy Cudgel Water
|-damage|p1a: Gardevoir|46/100
|move|p1a: Gardevoir|Calm Mind|p1a: Gardevoir
|-boost|p1a: Gardevoir|spa|1
|-boost|p1a: Gardevoir|spd|1
|
|upkeep
|turn|15
|
|t:|1743787713
|move|p2a: Ogerpon|Ivy Cudgel|p1a: Gardevoir|[anim] Ivy Cudgel Water
|-damage|p1a: Gardevoir|0 fnt
|faint|p1a: Gardevoir
|
|upkeep
|-message|smogonules forfeited.
|
|win|justliam
|raw|smogonules's rating: 1415 &rarr; <strong>1397</strong><br />(-18 for losing)
|raw|justliam's rating: 1446 &rarr; <strong>1464</strong><br />(+18 for winning)
|l|‽smogonules
|player|p1|
|l|☆justliam
|player|p2|
