|j|☆Quintesshou
|j|☆Ris8462
|t:|1743870196
|gametype|singles
|player|p1|Quintesshou|clerkf|1062
|player|p2|Ris8462|102|1116
|teamsize|p1|6
|teamsize|p2|6
|gen|9
|tier|[Gen 9] OU
|rated|
|rule|HP Percentage Mod: HP is shown in percentages
|rule|Endless Battle Clause: Forcing endless battles is banned
|rule|Species Clause: Limit one of each Pokémon
|rule|OHKO Clause: OHKO moves are banned
|rule|Evasion Items Clause: Evasion items are banned
|rule|Evasion Moves Clause: Evasion moves are banned
|rule|Sleep Moves Clause: Sleep-inducing moves are banned
|clearpoke
|poke|p1|Ninetales-Alola, F|
|poke|p1|Frosmoth, F|
|poke|p1|Cetitan, F|
|poke|p1|Glaceon, F|
|poke|p1|Dewgong, F|
|poke|p1|Abomasnow, F|
|poke|p2|Heatran, F|
|poke|p2|Moltres|
|poke|p2|Charizard, F|
|poke|p2|Ninetales, M|
|poke|p2|Dragonite, M|
|poke|p2|Zapdos|
|teampreview
|inactive|Battle timer is ON: inactive players will automatically lose when time's up. (requested by Quintesshou)
|
|t:|1743870207
|start
|switch|p1a: Abomasnow|Abomasnow, F, shiny|100/100
|switch|p2a: Dragonite|Dragonite, M|100/100
|-weather|Snowscape|[from] ability: Snow Warning|[of] p1a: Abomasnow
|turn|1
|
|t:|1743870222
|switch|p2a: Ninetales|Ninetales, M|100/100
|-weather|SunnyDay|[from] ability: Drought|[of] p2a: Ninetales
|move|p1a: Abomasnow|Aurora Veil||[still]
|-fail|p1a: Abomasnow
|
|-weather|SunnyDay|[upkeep]
|upkeep
|turn|2
|
|t:|1743870235
|move|p2a: Ninetales|Flamethrower|p1a: Abomasnow
|-supereffective|p1a: Abomasnow
|-damage|p1a: Abomasnow|0 fnt
|faint|p1a: Abomasnow
|
|-weather|SunnyDay|[upkeep]
|upkeep
|
|t:|1743870246
|switch|p1a: Ninetales|Ninetales-Alola, F, shiny|100/100
|-weather|Snowscape|[from] ability: Snow Warning|[of] p1a: Ninetales
|turn|3
|
|t:|1743870270
|switch|p2a: Moltres|Moltres|100/100
|move|p1a: Ninetales|Aurora Veil|p1a: Ninetales
|-sidestart|p1: Quintesshou|move: Aurora Veil
|
|-weather|Snowscape|[upkeep]
|upkeep
|turn|4
|
|t:|1743870285
|switch|p1a: Dewgong|Dewgong, F, shiny|100/100
|move|p2a: Moltres|Will-O-Wisp|p1a: Dewgong
|-status|p1a: Dewgong|brn
|
|-weather|Snowscape|[upkeep]
|-damage|p1a: Dewgong|94/100 brn|[from] brn
|upkeep
|turn|5
|
|t:|1743870292
|move|p2a: Moltres|Protect|p2a: Moltres
|-singleturn|p2a: Moltres|Protect
|move|p1a: Dewgong|Whirlpool|p2a: Moltres
|-activate|p2a: Moltres|move: Protect
|
|-weather|Snowscape|[upkeep]
|-heal|p1a: Dewgong|100/100 brn|[from] ability: Ice Body
|-damage|p1a: Dewgong|94/100 brn|[from] brn
|upkeep
|turn|6
|inactive|Ris8462 has 120 seconds left.
|
|t:|1743870322
|move|p2a: Moltres|Protect||[still]
|-fail|p2a: Moltres
|move|p1a: Dewgong|Whirlpool|p2a: Moltres|[miss]
|-miss|p1a: Dewgong|p2a: Moltres
|
|-weather|Snowscape|[upkeep]
|-heal|p1a: Dewgong|100/100 brn|[from] ability: Ice Body
|-damage|p1a: Dewgong|94/100 brn|[from] brn
|upkeep
|turn|7
|
|t:|1743870331
|switch|p2a: Zapdos|Zapdos|100/100
|move|p1a: Dewgong|Whirlpool|p2a: Zapdos
|-damage|p2a: Zapdos|95/100
|-activate|p2a: Zapdos|move: Whirlpool|[of] p1a: Dewgong
|
|-weather|none
|-heal|p1a: Dewgong|100/100 brn|[from] item: Leftovers
|-damage|p1a: Dewgong|94/100 brn|[from] brn
|-damage|p2a: Zapdos|82/100|[from] move: Whirlpool|[partiallytrapped]
|upkeep
|turn|8
|inactive|Ris8462 has 120 seconds left.
|inactive|Ris8462 has 90 seconds left.
|
|t:|1743870377
|move|p1a: Dewgong|Protect|p1a: Dewgong
|-singleturn|p1a: Dewgong|Protect
|move|p2a: Zapdos|Roost|p2a: Zapdos
|-heal|p2a: Zapdos|100/100
|-singleturn|p2a: Zapdos|move: Roost
|
|-heal|p1a: Dewgong|100/100 brn|[from] item: Leftovers
|-damage|p1a: Dewgong|94/100 brn|[from] brn
|-damage|p2a: Zapdos|88/100|[from] move: Whirlpool|[partiallytrapped]
|upkeep
|turn|9
|inactive|Ris8462 has 90 seconds left.
|
|t:|1743870411
|move|p2a: Zapdos|Protect|p2a: Zapdos
|-singleturn|p2a: Zapdos|Protect
|move|p1a: Dewgong|Encore|p2a: Zapdos
|-activate|p2a: Zapdos|move: Protect
|
|-heal|p1a: Dewgong|100/100 brn|[from] item: Leftovers
|-damage|p1a: Dewgong|94/100 brn|[from] brn
|-damage|p2a: Zapdos|76/100|[from] move: Whirlpool|[partiallytrapped]
|upkeep
|turn|10
|inactive|Ris8462 has 60 seconds left.
|
|t:|1743870434
|move|p2a: Zapdos|Roost|p2a: Zapdos
|-heal|p2a: Zapdos|100/100
|-singleturn|p2a: Zapdos|move: Roost
|move|p1a: Dewgong|Encore|p2a: Zapdos
|-start|p2a: Zapdos|Encore
|
|-heal|p1a: Dewgong|100/100 brn|[from] item: Leftovers
|-damage|p1a: Dewgong|94/100 brn|[from] brn
|-damage|p2a: Zapdos|88/100|[from] move: Whirlpool|[partiallytrapped]
|-sideend|p1: Quintesshou|move: Aurora Veil
|upkeep
|turn|11
|inactive|Ris8462 has 60 seconds left.
|
|t:|1743870459
|move|p2a: Zapdos|Roost|p2a: Zapdos
|-heal|p2a: Zapdos|100/100
|-singleturn|p2a: Zapdos|move: Roost
|move|p1a: Dewgong|Disable|p2a: Zapdos
|-start|p2a: Zapdos|Disable|Roost
|
|-heal|p1a: Dewgong|100/100 brn|[from] item: Leftovers
|-damage|p1a: Dewgong|94/100 brn|[from] brn
|-end|p2a: Zapdos|Whirlpool|[partiallytrapped]
|upkeep
|turn|12
|
|t:|1743870481
|-activate|p2a: Zapdos|move: Struggle
|move|p2a: Zapdos|Struggle|p1a: Dewgong
|-damage|p1a: Dewgong|85/100 brn
|-damage|p2a: Zapdos|75/100|[from] recoil
|move|p1a: Dewgong|Whirlpool|p2a: Zapdos
|-damage|p2a: Zapdos|70/100
|-activate|p2a: Zapdos|move: Whirlpool|[of] p1a: Dewgong
|
|-heal|p1a: Dewgong|92/100 brn|[from] item: Leftovers
|-damage|p1a: Dewgong|85/100 brn|[from] brn
|-damage|p2a: Zapdos|57/100|[from] move: Whirlpool|[partiallytrapped]
|upkeep
|turn|13
|inactive|Ris8462 has 30 seconds left.
|
|t:|1743870505
|move|p1a: Dewgong|Protect|p1a: Dewgong
|-singleturn|p1a: Dewgong|Protect
|-activate|p2a: Zapdos|move: Struggle
|move|p2a: Zapdos|Struggle|p1a: Dewgong
|-activate|p1a: Dewgong|move: Protect
|
|-heal|p1a: Dewgong|92/100 brn|[from] item: Leftovers
|-damage|p1a: Dewgong|85/100 brn|[from] brn
|-damage|p2a: Zapdos|45/100|[from] move: Whirlpool|[partiallytrapped]
|-end|p2a: Zapdos|Encore
|upkeep
|turn|14
|
|t:|1743870517
|move|p2a: Zapdos|Volt Switch|p1a: Dewgong
|-supereffective|p1a: Dewgong
|-crit|p1a: Dewgong
|-damage|p1a: Dewgong|29/100 brn
|
|t:|1743870521
|switch|p2a: Ninetales|Ninetales, M|100/100|[from] Volt Switch
|-weather|SunnyDay|[from] ability: Drought|[of] p2a: Ninetales
|move|p1a: Dewgong|Encore||[still]
|-fail|p1a: Dewgong
|
|-weather|SunnyDay|[upkeep]
|-heal|p1a: Dewgong|35/100 brn|[from] item: Leftovers
|-damage|p1a: Dewgong|29/100 brn|[from] brn
|upkeep
|turn|15
|
|t:|1743870533
|move|p2a: Ninetales|Protect|p2a: Ninetales
|-singleturn|p2a: Ninetales|Protect
|move|p1a: Dewgong|Whirlpool|p2a: Ninetales
|-activate|p2a: Ninetales|move: Protect
|
|-weather|SunnyDay|[upkeep]
|-heal|p1a: Dewgong|35/100 brn|[from] item: Leftovers
|-damage|p1a: Dewgong|29/100 brn|[from] brn
|upkeep
|turn|16
|inactive|Ris8462 has 30 seconds left.
|inactive|Ris8462 has 20 seconds left.
|
|t:|1743870565
|move|p2a: Ninetales|Solar Beam||[still]
|-prepare|p2a: Ninetales|Solar Beam
|-anim|p2a: Ninetales|Solar Beam|p1a: Dewgong
|-supereffective|p1a: Dewgong
|-crit|p1a: Dewgong
|-damage|p1a: Dewgong|0 fnt
|faint|p1a: Dewgong
|
|-weather|SunnyDay|[upkeep]
|upkeep
|inactive|Ris8462 has 25 seconds left this turn.
|
|t:|1743870573
|switch|p1a: Ninetales|Ninetales-Alola, F, shiny|100/100
|-weather|Snowscape|[from] ability: Snow Warning|[of] p1a: Ninetales
|turn|17
|inactive|Ris8462 has 30 seconds left.
|
|t:|1743870580
|move|p1a: Ninetales|Aurora Veil|p1a: Ninetales
|-sidestart|p1: Quintesshou|move: Aurora Veil
|move|p2a: Ninetales|Flamethrower|p1a: Ninetales
|-supereffective|p1a: Ninetales
|-damage|p1a: Ninetales|69/100
|-status|p1a: Ninetales|brn
|
|-weather|Snowscape|[upkeep]
|-damage|p1a: Ninetales|63/100 brn|[from] brn
|upkeep
|turn|18
|inactive|Ris8462 has 30 seconds left.
|inactive|Ris8462 has 20 seconds left.
|inactive|Ris8462 has 15 seconds left.
|
|t:|1743870607
|move|p1a: Ninetales|Nasty Plot|p1a: Ninetales
|-boost|p1a: Ninetales|spa|2
|move|p2a: Ninetales|Flamethrower|p1a: Ninetales
|-supereffective|p1a: Ninetales
|-damage|p1a: Ninetales|30/100 brn
|
|-weather|Snowscape|[upkeep]
|-damage|p1a: Ninetales|24/100 brn|[from] brn
|upkeep
|turn|19
|inactive|Ris8462 has 25 seconds left this turn.
|inactive|Ris8462 has 20 seconds left.
|
|t:|1743870621
|-terastallize|p1a: Ninetales|Water
|move|p1a: Ninetales|Draining Kiss|p2a: Ninetales
|-resisted|p2a: Ninetales
|-damage|p2a: Ninetales|82/100
|-heal|p1a: Ninetales|41/100 brn|[from] drain|[of] p2a: Ninetales
|move|p2a: Ninetales|Flamethrower|p1a: Ninetales
|-resisted|p1a: Ninetales
|-damage|p1a: Ninetales|33/100 brn
|
|-weather|Snowscape|[upkeep]
|-heal|p2a: Ninetales|88/100|[from] item: Leftovers
|-damage|p1a: Ninetales|27/100 brn|[from] brn
|upkeep
|turn|20
|inactive|Ris8462 has 30 seconds left this turn.
|inactive|Ris8462 has 20 seconds left.
|inactive|Ris8462 has 15 seconds left.
|inactive|Ris8462 has 10 seconds left.
|inactive|Ris8462 has 5 seconds left.
|
|t:|1743870651
|move|p1a: Ninetales|Draining Kiss|p2a: Ninetales
|-resisted|p2a: Ninetales
|-damage|p2a: Ninetales|68/100
|-heal|p1a: Ninetales|45/100 brn|[from] drain|[of] p2a: Ninetales
|move|p2a: Ninetales|Flamethrower|p1a: Ninetales
|-resisted|p1a: Ninetales
|-damage|p1a: Ninetales|37/100 brn
|
|-weather|Snowscape|[upkeep]
|-heal|p2a: Ninetales|74/100|[from] item: Leftovers
|-damage|p1a: Ninetales|31/100 brn|[from] brn
|upkeep
|turn|21
|inactive|Ris8462 has 15 seconds left this turn.
|
|t:|1743870661
|move|p1a: Ninetales|Draining Kiss|p2a: Ninetales
|-resisted|p2a: Ninetales
|-damage|p2a: Ninetales|55/100
|-heal|p1a: Ninetales|49/100 brn|[from] drain|[of] p2a: Ninetales
|move|p2a: Ninetales|Solar Beam||[still]
|-prepare|p2a: Ninetales|Solar Beam
|
|-weather|none
|-heal|p2a: Ninetales|61/100|[from] item: Leftovers
|-damage|p1a: Ninetales|43/100 brn|[from] brn
|upkeep
|turn|22
|inactive|Ris8462 has 25 seconds left this turn.
|inactive|Ris8462 has 20 seconds left.
|
|t:|1743870685
|switch|p1a: Frosmoth|Frosmoth, F, shiny|100/100
|move|p2a: Ninetales|Solar Beam|p1a: Frosmoth|[from] lockedmove
|-resisted|p1a: Frosmoth
|-damage|p1a: Frosmoth|98/100
|
|-heal|p2a: Ninetales|67/100|[from] item: Leftovers
|upkeep
|turn|23
|inactive|Ris8462 has 30 seconds left this turn.
|inactive|Ris8462 has 20 seconds left.
|
|t:|1743870697
|switch|p2a: Heatran|Heatran, F|100/100
|-item|p2a: Heatran|Air Balloon
|switch|p1a: Ninetales|Ninetales-Alola, F, shiny, tera:Water|43/100 brn
|-weather|Snowscape|[from] ability: Snow Warning|[of] p1a: Ninetales
|
|-weather|Snowscape|[upkeep]
|-damage|p1a: Ninetales|36/100 brn|[from] brn
|upkeep
|turn|24
|inactive|Ris8462 has 30 seconds left this turn.
|inactive|Ris8462 has 20 seconds left.
|inactive|Ris8462 has 15 seconds left.
|
|t:|1743870714
|switch|p1a: Glaceon|Glaceon, F, shiny|100/100
|move|p2a: Heatran|Power Gem|p1a: Glaceon
|-supereffective|p1a: Glaceon
|-damage|p1a: Glaceon|62/100
|
|-weather|Snowscape|[upkeep]
|-heal|p1a: Glaceon|69/100|[from] ability: Ice Body
|-sideend|p1: Quintesshou|move: Aurora Veil
|upkeep
|turn|25
|inactive|Ris8462 has 25 seconds left this turn.
|inactive|Ris8462 has 20 seconds left.
|
|t:|1743870727
|move|p1a: Glaceon|Trailblaze|p2a: Heatran
|-resisted|p2a: Heatran
|-damage|p2a: Heatran|98/100
|-boost|p1a: Glaceon|spe|1
|-enditem|p2a: Heatran|Air Balloon
|-damage|p1a: Glaceon|59/100|[from] item: Life Orb
|move|p2a: Heatran|Heat Wave|p1a: Glaceon
|-supereffective|p1a: Glaceon
|-damage|p1a: Glaceon|0 fnt
|faint|p1a: Glaceon
|
|-weather|Snowscape|[upkeep]
|upkeep
|inactive|Ris8462 has 25 seconds left this turn.
|inactive|Quintesshou has 120 seconds left.
|
|t:|1743870743
|switch|p1a: Cetitan|Cetitan, F, shiny|100/100
|turn|26
|inactive|Ris8462 has 30 seconds left.
|
|t:|1743870755
|move|p1a: Cetitan|Earthquake|p2a: Heatran
|-supereffective|p2a: Heatran
|-damage|p2a: Heatran|0 fnt
|faint|p2a: Heatran
|
|-weather|Snowscape|[upkeep]
|upkeep
|inactive|Ris8462 has 30 seconds left this turn.
|
|t:|1743870760
|switch|p2a: Moltres|Moltres|100/100
|turn|27
|inactive|Ris8462 has 30 seconds left.
|inactive|Ris8462 has 20 seconds left.
|inactive|Ris8462 has 15 seconds left.
|inactive|Ris8462 has 10 seconds left.
|
|t:|1743870789
|move|p1a: Cetitan|Icicle Spear|p2a: Moltres
|-damage|p2a: Moltres|89/100
|-crit|p2a: Moltres
|-damage|p2a: Moltres|72/100
|-hitcount|p2a: Moltres|2
|move|p2a: Moltres|Flamethrower|p1a: Cetitan
|-supereffective|p1a: Cetitan
|-damage|p1a: Cetitan|29/100
|-enditem|p1a: Cetitan|Sitrus Berry|[eat]
|-heal|p1a: Cetitan|54/100|[from] item: Sitrus Berry
|
|-weather|none
|upkeep
|turn|28
|inactive|Ris8462 has 20 seconds left this turn.
|inactive|Ris8462 has 15 seconds left.
|
|t:|1743870803
|move|p1a: Cetitan|Superpower|p2a: Moltres
|-resisted|p2a: Moltres
|-damage|p2a: Moltres|52/100
|-unboost|p1a: Cetitan|atk|1
|-unboost|p1a: Cetitan|def|1
|-status|p1a: Cetitan|brn|[from] ability: Flame Body|[of] p2a: Moltres
|move|p2a: Moltres|Flamethrower|p1a: Cetitan
|-supereffective|p1a: Cetitan
|-damage|p1a: Cetitan|0 fnt
|faint|p1a: Cetitan
|
|upkeep
|inactive|Ris8462 has 20 seconds left this turn.
|inactive|Quintesshou has 120 seconds left.
|
|t:|1743870815
|switch|p1a: Ninetales|Ninetales-Alola, F, shiny, tera:Water|36/100 brn
|-weather|Snowscape|[from] ability: Snow Warning|[of] p1a: Ninetales
|turn|29
|inactive|Ris8462 has 30 seconds left this turn.
|inactive|Ris8462 has 20 seconds left.
|inactive|Ris8462 has 15 seconds left.
|inactive|Ris8462 has 10 seconds left.
|inactive|Ris8462 has 5 seconds left.
|
|t:|1743870844
|move|p1a: Ninetales|Aurora Veil|p1a: Ninetales
|-sidestart|p1: Quintesshou|move: Aurora Veil
|move|p2a: Moltres|Roost|p2a: Moltres
|-heal|p2a: Moltres|100/100
|-singleturn|p2a: Moltres|move: Roost
|
|-weather|Snowscape|[upkeep]
|-damage|p1a: Ninetales|30/100 brn|[from] brn
|upkeep
|turn|30
|inactive|Ris8462 has 15 seconds left this turn.
|
|t:|1743870856
|move|p2a: Moltres|Protect|p2a: Moltres
|-singleturn|p2a: Moltres|Protect
|move|p1a: Ninetales|Blizzard|p2a: Moltres
|-activate|p2a: Moltres|move: Protect
|
|-weather|Snowscape|[upkeep]
|-damage|p1a: Ninetales|24/100 brn|[from] brn
|upkeep
|turn|31
|inactive|Ris8462 has 25 seconds left this turn.
|inactive|Ris8462 has 20 seconds left.
|inactive|Ris8462 has 15 seconds left.
|inactive|Ris8462 has 10 seconds left.
|
|t:|1743870873
|move|p1a: Ninetales|Blizzard|p2a: Moltres
|-damage|p2a: Moltres|70/100
|move|p2a: Moltres|Roost|p2a: Moltres
|-heal|p2a: Moltres|100/100
|-singleturn|p2a: Moltres|move: Roost
|
|-weather|Snowscape|[upkeep]
|-damage|p1a: Ninetales|18/100 brn|[from] brn
|upkeep
|turn|32
|inactive|Ris8462 has 20 seconds left this turn.
|inactive|Ris8462 has 15 seconds left.
|inactive|Ris8462 has 10 seconds left.
|inactive|Ris8462 has 5 seconds left.
|
|t:|1743870889
|switch|p1a: Frosmoth|Frosmoth, F, shiny|98/100
|move|p2a: Moltres|Protect||[still]
|-fail|p2a: Moltres
|
|-weather|Snowscape|[upkeep]
|upkeep
|turn|33
|inactive|Ris8462 has 15 seconds left this turn.
|inactive|Ris8462 has 10 seconds left.
|inactive|Ris8462 has 5 seconds left.
|
|t:|1743870902
|move|p2a: Moltres|Protect|p2a: Moltres
|-singleturn|p2a: Moltres|Protect
|move|p1a: Frosmoth|Quiver Dance|p1a: Frosmoth
|-boost|p1a: Frosmoth|spa|1
|-boost|p1a: Frosmoth|spd|1
|-boost|p1a: Frosmoth|spe|1
|
|-weather|none
|upkeep
|turn|34
|inactive|Ris8462 has 15 seconds left this turn.
|inactive|Ris8462 has 10 seconds left.
|
|t:|1743870909
|switch|p2a: Dragonite|Dragonite, M|100/100
|move|p1a: Frosmoth|Quiver Dance|p1a: Frosmoth
|-boost|p1a: Frosmoth|spa|1
|-boost|p1a: Frosmoth|spd|1
|-boost|p1a: Frosmoth|spe|1
|
|upkeep
|turn|35
|inactive|Ris8462 has 20 seconds left this turn.
|inactive|Ris8462 has 15 seconds left.
|inactive|Ris8462 has 10 seconds left.
|inactive|Ris8462 has 5 seconds left.
|
|t:|1743870925
|move|p1a: Frosmoth|Blizzard|p2a: Dragonite
|-supereffective|p2a: Dragonite
|-crit|p2a: Dragonite
|-damage|p2a: Dragonite|0 fnt
|faint|p2a: Dragonite
|
|upkeep
|inactive|Ris8462 has 10 seconds left this turn.
|inactive|Ris8462 has 5 seconds left.
|-message|Ris8462 lost due to inactivity.
|
|win|Quintesshou
|raw|Quintesshou's rating: 1062 &rarr; <strong>1097</strong><br />(+35 for winning)
|raw|Ris8462's rating: 1116 &rarr; <strong>1087</strong><br />(-29 for losing)
|l|☆Quintesshou
|player|p1|
|l|☆Ris8462
|player|p2|
