|j|☆jibreel69
|j|☆ag pomoika
|inactive|Battle timer is ON: inactive players will automatically lose when time's up.
|t:|1743871250
|gametype|singles
|player|p1|jibreel69|clair|
|player|p2|ag pomoika|102|
|teamsize|p1|6
|teamsize|p2|6
|gen|9
|tier|[Gen 9] OU
|rated|Tournament battle
|rule|HP Percentage Mod: HP is shown in percentages
|rule|Endless Battle Clause: Forcing endless battles is banned
|rule|Species Clause: Limit one of each Pokémon
|rule|OHKO Clause: OHKO moves are banned
|rule|Evasion Items Clause: Evasion items are banned
|rule|Evasion Moves Clause: Evasion moves are banned
|rule|Sleep Moves Clause: Sleep-inducing moves are banned
|clearpoke
|poke|p1|Thundurus-Therian, M|
|poke|p1|Cinderace, F|
|poke|p1|Corviknight, M|
|poke|p1|Alomomola, M|
|poke|p1|Alcremie, F|
|poke|p1|Dragonite, M|
|poke|p2|Gholdengo|
|poke|p2|Great Tusk|
|poke|p2|Iron Valiant|
|poke|p2|Rotom-Wash|
|poke|p2|Kingambit, F|
|poke|p2|Darkrai|
|teampreview
|j|*Lady Monita ❄
|
|t:|1743871265
|start
|switch|p1a: Alomomola|Alomomola, M, shiny|100/100
|switch|p2a: Great Tusk|Great Tusk|100/100
|-enditem|p2a: Great Tusk|Booster Energy
|-activate|p2a: Great Tusk|ability: Protosynthesis|[fromitem]
|-start|p2a: Great Tusk|protosynthesisdef
|turn|1
|
|t:|1743871272
|move|p2a: Great Tusk|Stealth Rock|p1a: Alomomola
|-sidestart|p1: jibreel69|move: Stealth Rock
|move|p1a: Alomomola|Wish|p1a: Alomomola
|
|upkeep
|turn|2
|
|t:|1743871279
|-end|p2a: Great Tusk|Protosynthesis|[silent]
|switch|p2a: Gholdengo|Gholdengo|100/100
|move|p1a: Alomomola|Flip Turn|p2a: Gholdengo
|-damage|p2a: Gholdengo|85/100
|
|t:|1743871290
|switch|p1a: Cinderace|Cinderace, F|100/100|[from] Flip Turn
|
|upkeep
|turn|3
|
|t:|1743871297
|switch|p2a: Rotom|Rotom-Wash|100/100
|move|p1a: Cinderace|Pyro Ball|p2a: Rotom
|-resisted|p2a: Rotom
|-damage|p2a: Rotom|71/100
|
|-heal|p2a: Rotom|77/100|[from] item: Leftovers
|upkeep
|turn|4
|
|t:|1743871306
|switch|p1a: Thundurus|Thundurus-Therian, M, shiny|100/100
|-damage|p1a: Thundurus|76/100|[from] Stealth Rock
|move|p2a: Rotom|Hydro Pump|p1a: Thundurus
|-damage|p1a: Thundurus|25/100
|
|-heal|p2a: Rotom|83/100|[from] item: Leftovers
|upkeep
|turn|5
|
|t:|1743871315
|move|p2a: Rotom|Protect|p2a: Rotom
|-singleturn|p2a: Rotom|Protect
|move|p1a: Thundurus|Volt Switch|p2a: Rotom
|-activate|p2a: Rotom|move: Protect
|
|-heal|p2a: Rotom|89/100|[from] item: Leftovers
|upkeep
|turn|6
|
|t:|1743871321
|switch|p1a: Alomomola|Alomomola, M, shiny|100/100
|-damage|p1a: Alomomola|88/100|[from] Stealth Rock
|switch|p2a: Great Tusk|Great Tusk|100/100
|
|upkeep
|turn|7
|
|t:|1743871327
|move|p2a: Great Tusk|Close Combat|p1a: Alomomola
|-damage|p1a: Alomomola|56/100
|-unboost|p2a: Great Tusk|def|1
|-unboost|p2a: Great Tusk|spd|1
|-damage|p2a: Great Tusk|84/100|[from] item: Rocky Helmet|[of] p1a: Alomomola
|move|p1a: Alomomola|Flip Turn|p2a: Great Tusk
|-supereffective|p2a: Great Tusk
|-damage|p2a: Great Tusk|52/100
|
|t:|1743871340
|switch|p1a: Cinderace|Cinderace, F|100/100|[from] Flip Turn
|
|upkeep
|turn|8
|n|*Lady Monita ❄|ladymonita
|
|t:|1743871347
|move|p1a: Cinderace|Pyro Ball|p2a: Great Tusk|[miss]
|-miss|p1a: Cinderace|p2a: Great Tusk
|move|p2a: Great Tusk|Earthquake|p1a: Cinderace
|-supereffective|p1a: Cinderace
|-damage|p1a: Cinderace|0 fnt
|faint|p1a: Cinderace
|
|upkeep
|n|*Lady Monita ❄|ladymonita
|c|☆jibreel69|cinderace u clown
|
|t:|1743871371
|switch|p1a: Corviknight|Corviknight, M|100/100
|-damage|p1a: Corviknight|88/100|[from] Stealth Rock
|-ability|p1a: Corviknight|Pressure
|turn|9
|
|t:|1743871377
|-end|p2a: Great Tusk|Protosynthesis|[silent]
|switch|p2a: Gholdengo|Gholdengo|85/100
|move|p1a: Corviknight|Brave Bird|p2a: Gholdengo
|-resisted|p2a: Gholdengo
|-damage|p2a: Gholdengo|65/100
|-damage|p1a: Corviknight|83/100|[from] Recoil
|
|upkeep
|turn|10
|
|t:|1743871387
|switch|p1a: Alomomola|Alomomola, M, shiny|89/100
|-damage|p1a: Alomomola|76/100|[from] Stealth Rock
|move|p2a: Gholdengo|Power Gem|p1a: Alomomola
|-damage|p1a: Alomomola|32/100
|
|upkeep
|turn|11
|
|t:|1743871401
|move|p2a: Gholdengo|Power Gem|p1a: Alomomola
|-damage|p1a: Alomomola|0 fnt
|faint|p1a: Alomomola
|
|upkeep
|
|t:|1743871405
|switch|p1a: Dragonite|Dragonite, M, shiny|100/100
|-damage|p1a: Dragonite|76/100|[from] Stealth Rock
|turn|12
|
|t:|1743871410
|move|p1a: Dragonite|Earthquake|p2a: Gholdengo
|-supereffective|p2a: Gholdengo
|-damage|p2a: Gholdengo|0 fnt
|faint|p2a: Gholdengo
|
|upkeep
|
|t:|1743871423
|switch|p2a: Iron Valiant|Iron Valiant|100/100
|turn|13
|
|t:|1743871437
|switch|p1a: Alcremie|Alcremie, F, shiny|100/100
|-damage|p1a: Alcremie|88/100|[from] Stealth Rock
|move|p2a: Iron Valiant|Moonblast|p1a: Alcremie
|-damage|p1a: Alcremie|49/100
|
|-heal|p1a: Alcremie|55/100|[from] item: Leftovers
|upkeep
|turn|14
|
|t:|1743871451
|-end|p2a: Iron Valiant|Quark Drive|[silent]
|switch|p2a: Rotom|Rotom-Wash|89/100
|move|p1a: Alcremie|Draining Kiss|p2a: Rotom
|-damage|p2a: Rotom|72/100
|-heal|p1a: Alcremie|66/100|[from] drain|[of] p2a: Rotom
|
|-heal|p2a: Rotom|78/100|[from] item: Leftovers
|-heal|p1a: Alcremie|72/100|[from] item: Leftovers
|upkeep
|turn|15
|
|t:|1743871472
|switch|p1a: Dragonite|Dragonite, M, shiny|76/100
|-damage|p1a: Dragonite|51/100|[from] Stealth Rock
|move|p2a: Rotom|Hydro Pump|p1a: Dragonite
|-resisted|p1a: Dragonite
|-damage|p1a: Dragonite|31/100
|
|-heal|p2a: Rotom|84/100|[from] item: Leftovers
|upkeep
|turn|16
|
|t:|1743871484
|move|p1a: Dragonite|Rock Slide|p2a: Rotom
|-damage|p2a: Rotom|55/100
|move|p2a: Rotom|Thunder Wave|p1a: Dragonite
|-status|p1a: Dragonite|par
|
|-heal|p2a: Rotom|61/100|[from] item: Leftovers
|upkeep
|turn|17
|
|t:|1743871491
|move|p2a: Rotom|Volt Switch|p1a: Dragonite
|-damage|p1a: Dragonite|2/100 par
|
|t:|1743871496
|switch|p2a: Great Tusk|Great Tusk|52/100|[from] Volt Switch
|cant|p1a: Dragonite|par
|
|upkeep
|turn|18
|
|t:|1743871502
|move|p2a: Great Tusk|Rapid Spin|p1a: Dragonite
|-crit|p1a: Dragonite
|-damage|p1a: Dragonite|0 fnt
|-boost|p2a: Great Tusk|spe|1
|faint|p1a: Dragonite
|
|upkeep
|
|t:|1743871505
|switch|p1a: Alcremie|Alcremie, F, shiny|72/100
|-damage|p1a: Alcremie|60/100|[from] Stealth Rock
|turn|19
|
|t:|1743871513
|move|p2a: Great Tusk|Earthquake|p1a: Alcremie
|-damage|p1a: Alcremie|24/100
|move|p1a: Alcremie|Draining Kiss|p2a: Great Tusk
|-supereffective|p2a: Great Tusk
|-damage|p2a: Great Tusk|2/100
|-heal|p1a: Alcremie|72/100|[from] drain|[of] p2a: Great Tusk
|
|-heal|p1a: Alcremie|78/100|[from] item: Leftovers
|upkeep
|turn|20
|
|t:|1743871526
|move|p2a: Great Tusk|Earthquake|p1a: Alcremie
|-damage|p1a: Alcremie|39/100
|move|p1a: Alcremie|Acid Armor|p1a: Alcremie
|-boost|p1a: Alcremie|def|2
|
|-heal|p1a: Alcremie|45/100|[from] item: Leftovers
|upkeep
|turn|21
|
|t:|1743871537
|-end|p2a: Great Tusk|Protosynthesis|[silent]
|switch|p2a: Rotom|Rotom-Wash|61/100
|move|p1a: Alcremie|Draining Kiss|p2a: Rotom
|-damage|p2a: Rotom|45/100
|-heal|p1a: Alcremie|55/100|[from] drain|[of] p2a: Rotom
|
|-heal|p2a: Rotom|51/100|[from] item: Leftovers
|-heal|p1a: Alcremie|61/100|[from] item: Leftovers
|upkeep
|turn|22
|
|t:|1743871544
|move|p2a: Rotom|Thunder Wave|p1a: Alcremie
|-status|p1a: Alcremie|par
|cant|p1a: Alcremie|par
|
|-heal|p2a: Rotom|57/100|[from] item: Leftovers
|-heal|p1a: Alcremie|67/100 par|[from] item: Leftovers
|upkeep
|turn|23
|
|t:|1743871549
|move|p2a: Rotom|Hydro Pump|p1a: Alcremie
|-damage|p1a: Alcremie|30/100 par
|move|p1a: Alcremie|Calm Mind|p1a: Alcremie
|-boost|p1a: Alcremie|spa|1
|-boost|p1a: Alcremie|spd|1
|
|-heal|p2a: Rotom|63/100|[from] item: Leftovers
|-heal|p1a: Alcremie|36/100 par|[from] item: Leftovers
|upkeep
|turn|24
|
|t:|1743871558
|move|p2a: Rotom|Volt Switch|p1a: Alcremie
|-damage|p1a: Alcremie|22/100 par
|
|t:|1743871561
|switch|p2a: Kingambit|Kingambit, F|100/100|[from] Volt Switch
|-activate|p2a: Kingambit|ability: Supreme Overlord
|-start|p2a: Kingambit|fallen1|[silent]
|move|p1a: Alcremie|Draining Kiss|p2a: Kingambit
|-damage|p2a: Kingambit|69/100
|-heal|p1a: Alcremie|47/100 par|[from] drain|[of] p2a: Kingambit
|
|-heal|p2a: Kingambit|75/100|[from] item: Leftovers
|-heal|p1a: Alcremie|53/100 par|[from] item: Leftovers
|upkeep
|turn|25
|inactive|jibreel69 has 120 seconds left.
|
|t:|1743871592
|-end|p2a: Kingambit|fallen1|[silent]
|switch|p2a: Rotom|Rotom-Wash|63/100
|-terastallize|p1a: Alcremie|Steel
|move|p1a: Alcremie|Acid Armor|p1a: Alcremie
|-boost|p1a: Alcremie|def|2
|
|-heal|p2a: Rotom|69/100|[from] item: Leftovers
|-heal|p1a: Alcremie|59/100 par|[from] item: Leftovers
|upkeep
|turn|26
|inactive|jibreel69 has 120 seconds left.
|
|t:|1743871602
|-terastallize|p2a: Rotom|Steel
|move|p2a: Rotom|Hydro Pump|p1a: Alcremie|[miss]
|-miss|p2a: Rotom|p1a: Alcremie
|cant|p1a: Alcremie|par
|
|-heal|p2a: Rotom|75/100|[from] item: Leftovers
|-heal|p1a: Alcremie|65/100 par|[from] item: Leftovers
|upkeep
|turn|27
|
|t:|1743871610
|move|p2a: Rotom|Hydro Pump|p1a: Alcremie
|-damage|p1a: Alcremie|39/100 par
|cant|p1a: Alcremie|par
|
|-heal|p2a: Rotom|81/100|[from] item: Leftovers
|-heal|p1a: Alcremie|45/100 par|[from] item: Leftovers
|upkeep
|turn|28
|
|t:|1743871616
|move|p2a: Rotom|Hydro Pump|p1a: Alcremie
|-damage|p1a: Alcremie|22/100 par
|move|p1a: Alcremie|Calm Mind|p1a: Alcremie
|-boost|p1a: Alcremie|spa|1
|-boost|p1a: Alcremie|spd|1
|
|-heal|p2a: Rotom|87/100|[from] item: Leftovers
|-heal|p1a: Alcremie|28/100 par|[from] item: Leftovers
|upkeep
|turn|29
|
|t:|1743871626
|move|p2a: Rotom|Hydro Pump|p1a: Alcremie|[miss]
|-miss|p2a: Rotom|p1a: Alcremie
|cant|p1a: Alcremie|par
|
|-heal|p2a: Rotom|93/100|[from] item: Leftovers
|-heal|p1a: Alcremie|34/100 par|[from] item: Leftovers
|upkeep
|turn|30
|
|t:|1743871631
|move|p2a: Rotom|Hydro Pump|p1a: Alcremie
|-damage|p1a: Alcremie|17/100 par
|cant|p1a: Alcremie|par
|
|-heal|p2a: Rotom|99/100|[from] item: Leftovers
|-heal|p1a: Alcremie|23/100 par|[from] item: Leftovers
|upkeep
|turn|31
|
|t:|1743871639
|move|p2a: Rotom|Volt Switch|p1a: Alcremie
|-damage|p1a: Alcremie|12/100 par
|
|t:|1743871646
|switch|p2a: Great Tusk|Great Tusk|2/100|[from] Volt Switch
|cant|p1a: Alcremie|par
|
|-heal|p1a: Alcremie|18/100 par|[from] item: Leftovers
|upkeep
|turn|32
|c|☆jibreel69|fck off
|
|t:|1743871658
|move|p2a: Great Tusk|Earthquake|p1a: Alcremie
|-supereffective|p1a: Alcremie
|-damage|p1a: Alcremie|0 fnt
|faint|p1a: Alcremie
|
|upkeep
|
|t:|1743871662
|switch|p1a: Corviknight|Corviknight, M|83/100
|-damage|p1a: Corviknight|70/100|[from] Stealth Rock
|-ability|p1a: Corviknight|Pressure
|turn|33
|
|t:|1743871669
|move|p2a: Great Tusk|Close Combat|p1a: Corviknight
|-damage|p1a: Corviknight|38/100
|-unboost|p2a: Great Tusk|def|1
|-unboost|p2a: Great Tusk|spd|1
|-damage|p2a: Great Tusk|0 fnt|[from] item: Rocky Helmet|[of] p1a: Corviknight
|faint|p2a: Great Tusk
|-end|p2a: Great Tusk|Protosynthesis|[silent]
|move|p1a: Corviknight|Roost|p1a: Corviknight
|-heal|p1a: Corviknight|88/100
|-singleturn|p1a: Corviknight|move: Roost
|
|upkeep
|
|t:|1743871686
|switch|p2a: Rotom|Rotom-Wash, tera:Steel|99/100
|turn|34
|
|t:|1743871691
|move|p2a: Rotom|Volt Switch|p1a: Corviknight
|-supereffective|p1a: Corviknight
|-damage|p1a: Corviknight|43/100
|
|t:|1743871700
|switch|p2a: Kingambit|Kingambit, F|75/100|[from] Volt Switch
|-activate|p2a: Kingambit|ability: Supreme Overlord
|-start|p2a: Kingambit|fallen2|[silent]
|move|p1a: Corviknight|Defog|p2a: Kingambit
|-unboost|p2a: Kingambit|evasion|1
|-sideend|p1: jibreel69|Stealth Rock|[from] move: Defog|[of] p1a: Corviknight
|
|-heal|p2a: Kingambit|81/100|[from] item: Leftovers
|upkeep
|turn|35
|
|t:|1743871707
|move|p2a: Kingambit|Kowtow Cleave|p1a: Corviknight
|-damage|p1a: Corviknight|6/100
|-damage|p2a: Kingambit|65/100|[from] item: Rocky Helmet|[of] p1a: Corviknight
|move|p1a: Corviknight|Roost|p1a: Corviknight
|-heal|p1a: Corviknight|56/100
|-singleturn|p1a: Corviknight|move: Roost
|
|-heal|p2a: Kingambit|71/100|[from] item: Leftovers
|upkeep
|turn|36
|
|t:|1743871718
|move|p2a: Kingambit|Swords Dance|p2a: Kingambit
|-boost|p2a: Kingambit|atk|2
|move|p1a: Corviknight|Roost|p1a: Corviknight
|-heal|p1a: Corviknight|100/100
|-singleturn|p1a: Corviknight|move: Roost
|
|-heal|p2a: Kingambit|77/100|[from] item: Leftovers
|upkeep
|turn|37
|
|t:|1743871723
|move|p2a: Kingambit|Swords Dance|p2a: Kingambit
|-boost|p2a: Kingambit|atk|2
|move|p1a: Corviknight|Body Press|p2a: Kingambit
|-supereffective|p2a: Kingambit
|-damage|p2a: Kingambit|0 fnt
|faint|p2a: Kingambit
|-end|p2a: Kingambit|fallen2|[silent]
|
|upkeep
|
|t:|1743871729
|switch|p2a: Rotom|Rotom-Wash, tera:Steel|99/100
|turn|38
|
|t:|1743871735
|switch|p1a: Thundurus|Thundurus-Therian, M, shiny|25/100
|move|p2a: Rotom|Volt Switch|p1a: Thundurus
|-heal|p1a: Thundurus|49/100|[from] ability: Volt Absorb|[of] p2a: Rotom
|
|-heal|p2a: Rotom|100/100|[from] item: Leftovers
|upkeep
|turn|39
|
|t:|1743871743
|switch|p2a: Darkrai|Darkrai|100/100
|move|p1a: Thundurus|Volt Switch|p2a: Darkrai
|-damage|p2a: Darkrai|19/100
|
|t:|1743871748
|switch|p1a: Corviknight|Corviknight, M|100/100|[from] Volt Switch
|-ability|p1a: Corviknight|Pressure
|
|-heal|p2a: Darkrai|25/100|[from] item: Leftovers
|upkeep
|turn|40
|
|t:|1743871757
|move|p2a: Darkrai|Dark Pulse|p1a: Corviknight
|-damage|p1a: Corviknight|57/100
|move|p1a: Corviknight|Body Press|p2a: Darkrai
|-supereffective|p2a: Darkrai
|-damage|p2a: Darkrai|0 fnt
|faint|p2a: Darkrai
|
|upkeep
|
|t:|1743871766
|switch|p2a: Rotom|Rotom-Wash, tera:Steel|100/100
|turn|41
|
|t:|1743871774
|move|p2a: Rotom|Volt Switch|p1a: Corviknight
|-supereffective|p1a: Corviknight
|-damage|p1a: Corviknight|9/100
|
|t:|1743871777
|switch|p2a: Iron Valiant|Iron Valiant|100/100|[from] Volt Switch
|move|p1a: Corviknight|Roost|p1a: Corviknight
|-heal|p1a: Corviknight|59/100
|-singleturn|p1a: Corviknight|move: Roost
|
|upkeep
|turn|42
|
|t:|1743871795
|move|p2a: Iron Valiant|Knock Off|p1a: Corviknight
|-damage|p1a: Corviknight|42/100
|-damage|p2a: Iron Valiant|84/100|[from] item: Rocky Helmet|[of] p1a: Corviknight
|-enditem|p1a: Corviknight|Rocky Helmet|[from] move: Knock Off|[of] p2a: Iron Valiant
|move|p1a: Corviknight|Brave Bird|p2a: Iron Valiant
|-supereffective|p2a: Iron Valiant
|-damage|p2a: Iron Valiant|0 fnt
|faint|p2a: Iron Valiant
|-end|p2a: Iron Valiant|Quark Drive|[silent]
|-damage|p1a: Corviknight|22/100|[from] Recoil
|
|upkeep
|-message|ag pomoika forfeited.
|
|win|jibreel69
|n|☆jibreel69|jibreel69
|n|☆ag pomoika|agpomoika
|n|*Lady Monita ❄|ladymonita
|l|*Lady Monita ❄
|l|☆ag pomoika
|player|p2|
|c|☆jibreel69|omg
|c|☆jibreel69|what a comeback
