|j|☆Matthewmega
|j|☆LOrd SAitAm
|t:|1743863374
|gametype|singles
|player|p1|Matthewmega|170|1130
|player|p2|LOrd SAitAm|ghetsis|1167
|teamsize|p1|6
|teamsize|p2|6
|gen|9
|tier|[Gen 9] OU
|rated|
|rule|HP Percentage Mod: HP is shown in percentages
|rule|Endless Battle Clause: Forcing endless battles is banned
|rule|Species Clause: Limit one of each Pokémon
|rule|OHKO Clause: OHKO moves are banned
|rule|Evasion Items Clause: Evasion items are banned
|rule|Evasion Moves Clause: Evasion moves are banned
|rule|Sleep Moves Clause: Sleep-inducing moves are banned
|clearpoke
|poke|p1|Sceptile, M|
|poke|p1|Swampert, F|
|poke|p1|Camerupt, M|
|poke|p1|Dragapult, M|
|poke|p1|Sylveon, F|
|poke|p1|Kingambit, M|
|poke|p2|Rotom-Wash|
|poke|p2|Great Tusk|
|poke|p2|Zamazenta-*|
|poke|p2|Iron Moth|
|poke|p2|Metagross|
|poke|p2|Dragonite, F|
|teampreview
|
|t:|1743863384
|start
|switch|p1a: Swampert|Swampert, F|100/100
|switch|p2a: Iron Moth|Iron Moth, shiny|100/100
|turn|1
|
|t:|1743863399
|-terastallize|p2a: Iron Moth|Grass
|move|p2a: Iron Moth|Energy Ball|p1a: Swampert
|-supereffective|p1a: Swampert
|-damage|p1a: Swampert|0 fnt
|faint|p1a: Swampert
|
|upkeep
|
|t:|1743863408
|switch|p1a: Camerupt|Camerupt, M|100/100
|turn|2
|
|t:|1743863421
|-end|p2a: Iron Moth|Quark Drive|[silent]
|switch|p2a: Rotom|Rotom-Wash|100/100
|move|p1a: Camerupt|Eruption|p2a: Rotom
|-resisted|p2a: Rotom
|-damage|p2a: Rotom|54/100
|-damage|p1a: Camerupt|91/100|[from] item: Life Orb
|
|-heal|p2a: Rotom|60/100|[from] item: Leftovers
|upkeep
|turn|3
|
|t:|1743863432
|move|p2a: Rotom|Pain Split|p1a: Camerupt
|-sethp|p1a: Camerupt|72/100|[from] move: Pain Split|[silent]
|-sethp|p2a: Rotom|81/100|[from] move: Pain Split
|move|p1a: Camerupt|Earth Power|p2a: Rotom
|-immune|p2a: Rotom|[from] ability: Levitate
|
|-heal|p2a: Rotom|87/100|[from] item: Leftovers
|upkeep
|turn|4
|
|t:|1743863445
|move|p2a: Rotom|Hydro Pump|p1a: Camerupt
|-supereffective|p1a: Camerupt
|-damage|p1a: Camerupt|0 fnt
|faint|p1a: Camerupt
|
|-heal|p2a: Rotom|94/100|[from] item: Leftovers
|upkeep
|
|t:|1743863459
|switch|p1a: Dragapult|Dragapult, M|100/100
|turn|5
|
|t:|1743863471
|move|p1a: Dragapult|Shadow Ball|p2a: Rotom
|-damage|p2a: Rotom|28/100
|move|p2a: Rotom|Will-O-Wisp|p1a: Dragapult
|-status|p1a: Dragapult|brn
|
|-heal|p2a: Rotom|35/100|[from] item: Leftovers
|-damage|p1a: Dragapult|95/100 brn|[from] brn
|upkeep
|turn|6
|
|t:|1743863496
|switch|p2a: Metagross|Metagross|100/100
|move|p1a: Dragapult|Shadow Ball|p2a: Metagross
|-supereffective|p2a: Metagross
|-crit|p2a: Metagross
|-damage|p2a: Metagross|0 fnt
|faint|p2a: Metagross
|
|-damage|p1a: Dragapult|89/100 brn|[from] brn
|upkeep
|
|t:|1743863526
|switch|p2a: Iron Moth|Iron Moth, shiny, tera:Grass|100/100
|turn|7
|
|t:|1743863554
|move|p2a: Iron Moth|Sludge Wave|p1a: Dragapult
|-resisted|p1a: Dragapult
|-crit|p1a: Dragapult
|-damage|p1a: Dragapult|31/100 brn
|move|p1a: Dragapult|Shadow Ball|p2a: Iron Moth
|-damage|p2a: Iron Moth|39/100
|
|-damage|p1a: Dragapult|25/100 brn|[from] brn
|upkeep
|turn|8
|
|t:|1743863564
|switch|p1a: Sylveon|Sylveon, F, shiny|100/100
|move|p2a: Iron Moth|Sludge Wave|p1a: Sylveon
|-supereffective|p1a: Sylveon
|-damage|p1a: Sylveon|20/100
|
|upkeep
|turn|9
|
|t:|1743863572
|move|p2a: Iron Moth|Sludge Wave|p1a: Sylveon
|-supereffective|p1a: Sylveon
|-damage|p1a: Sylveon|0 fnt
|faint|p1a: Sylveon
|
|upkeep
|
|t:|1743863577
|switch|p1a: Sceptile|Sceptile, M, shiny|100/100
|turn|10
|
|t:|1743863585
|-terastallize|p1a: Sceptile|Rock
|move|p2a: Iron Moth|Sludge Wave|p1a: Sceptile
|-resisted|p1a: Sceptile
|-crit|p1a: Sceptile
|-damage|p1a: Sceptile|39/100
|move|p1a: Sceptile|Rock Slide|p2a: Iron Moth
|-damage|p2a: Iron Moth|0 fnt
|faint|p2a: Iron Moth
|-end|p2a: Iron Moth|Quark Drive|[silent]
|
|upkeep
|
|t:|1743863599
|switch|p2a: Dragonite|Dragonite, F|100/100
|turn|11
|
|t:|1743863604
|move|p2a: Dragonite|Extreme Speed|p1a: Sceptile
|-resisted|p1a: Sceptile
|-damage|p1a: Sceptile|12/100
|move|p1a: Sceptile|Rock Slide|p2a: Dragonite
|-supereffective|p2a: Dragonite
|-damage|p2a: Dragonite|63/100
|
|-heal|p2a: Dragonite|69/100|[from] item: Leftovers
|upkeep
|turn|12
|
|t:|1743863614
|switch|p1a: Dragapult|Dragapult, M|25/100 brn
|move|p2a: Dragonite|Extreme Speed|p1a: Dragapult
|-immune|p1a: Dragapult
|
|-heal|p2a: Dragonite|75/100|[from] item: Leftovers
|-damage|p1a: Dragapult|19/100 brn|[from] brn
|upkeep
|turn|13
|
|t:|1743863626
|switch|p2a: Rotom|Rotom-Wash|35/100
|move|p1a: Dragapult|Draco Meteor|p2a: Rotom
|-damage|p2a: Rotom|0 fnt
|-unboost|p1a: Dragapult|spa|2
|faint|p2a: Rotom
|
|-damage|p1a: Dragapult|13/100 brn|[from] brn
|upkeep
|
|t:|1743863652
|switch|p2a: Zamazenta|Zamazenta, shiny|100/100
|-ability|p2a: Zamazenta|Dauntless Shield|boost
|-boost|p2a: Zamazenta|def|1
|turn|14
|
|t:|1743863668
|switch|p1a: Sceptile|Sceptile, M, shiny, tera:Rock|12/100
|move|p2a: Zamazenta|Crunch|p1a: Sceptile
|-damage|p1a: Sceptile|0 fnt
|faint|p1a: Sceptile
|
|upkeep
|
|t:|1743863672
|switch|p1a: Dragapult|Dragapult, M|13/100 brn
|turn|15
|
|t:|1743863685
|move|p1a: Dragapult|Shadow Ball|p2a: Zamazenta
|-crit|p2a: Zamazenta
|-damage|p2a: Zamazenta|19/100
|-enditem|p2a: Zamazenta|Sitrus Berry|[eat]
|-heal|p2a: Zamazenta|44/100|[from] item: Sitrus Berry
|move|p2a: Zamazenta|Crunch|p1a: Dragapult
|-supereffective|p1a: Dragapult
|-damage|p1a: Dragapult|0 fnt
|faint|p1a: Dragapult
|
|upkeep
|
|t:|1743863688
|switch|p1a: Kingambit|Kingambit, M|100/100
|-activate|p1a: Kingambit|ability: Supreme Overlord
|-start|p1a: Kingambit|fallen5|[silent]
|turn|16
|
|t:|1743863699
|move|p1a: Kingambit|Sucker Punch|p2a: Zamazenta
|-resisted|p2a: Zamazenta
|-damage|p2a: Zamazenta|30/100
|move|p2a: Zamazenta|Body Press|p1a: Kingambit
|-supereffective|p1a: Kingambit
|-damage|p1a: Kingambit|0 fnt
|faint|p1a: Kingambit
|-end|p1a: Kingambit|fallen5|[silent]
|
|win|LOrd SAitAm
|raw|Matthewmega's rating: 1130 &rarr; <strong>1108</strong><br />(-22 for losing)
|raw|LOrd SAitAm's rating: 1167 &rarr; <strong>1189</strong><br />(+22 for winning)
|l|☆Matthewmega
|player|p1|
|l|☆LOrd SAitAm
|player|p2|
