|j|☆janallyson
|j|☆LillieZ7
|t:|1743911824
|gametype|singles
|player|p1|janallyson|shadowtriad|1140
|player|p2|LillieZ7|266|1169
|teamsize|p1|6
|teamsize|p2|6
|gen|9
|tier|[Gen 9] OU
|rated|
|rule|HP Percentage Mod: HP is shown in percentages
|rule|Endless Battle Clause: Forcing endless battles is banned
|rule|Species Clause: Limit one of each Pokémon
|rule|OHKO Clause: OHKO moves are banned
|rule|Evasion Items Clause: Evasion items are banned
|rule|Evasion Moves Clause: Evasion moves are banned
|rule|Sleep Moves Clause: Sleep-inducing moves are banned
|clearpoke
|poke|p1|Rotom-Wash|
|poke|p1|Pelipper, F|
|poke|p1|Thundurus-Therian, M|
|poke|p1|Araquanid, F|
|poke|p1|Basculegion, M|
|poke|p1|Ting-Lu|
|poke|p2|Cinderace, M|
|poke|p2|Gliscor, M|
|poke|p2|Mandibuzz, F|
|poke|p2|Meowscarada, F|
|poke|p2|Talonflame, M|
|poke|p2|Tyranitar, M|
|teampreview
|l|☆janallyson
|player|p1|
|
|t:|1743911845
|start
|switch|p1a: Araquanid|Araquanid, F, shiny|100/100
|switch|p2a: 14+ do meu amor|Meowscarada, F|100/100
|turn|1
|inactive|Battle timer is ON: inactive players will automatically lose when time's up. (requested by LillieZ7)
|j|☆janallyson
|inactive|janallyson reconnected and has 145 seconds left.
|player|p1|janallyson|shadowtriad|
|
|t:|1743911881
|move|p2a: 14+ do meu amor|Flower Trick|p1a: Araquanid
|-crit|p1a: Araquanid
|-damage|p1a: Araquanid|17/100
|move|p1a: Araquanid|Sticky Web|p2a: 14+ do meu amor
|-sidestart|p2: LillieZ7|move: Sticky Web
|
|upkeep
|turn|2
|
|t:|1743911887
|move|p2a: 14+ do meu amor|Flower Trick|p1a: Araquanid
|-crit|p1a: Araquanid
|-damage|p1a: Araquanid|0 fnt
|faint|p1a: Araquanid
|
|upkeep
|
|t:|1743911890
|switch|p1a: Pelipper|Pelipper, F, shiny|100/100
|-weather|RainDance|[from] ability: Drizzle|[of] p1a: Pelipper
|turn|3
|
|t:|1743911899
|switch|p2a: Tyranitar|Tyranitar, M|100/100
|-activate|p2a: Tyranitar|move: Sticky Web
|-unboost|p2a: Tyranitar|spe|1
|-weather|Sandstorm|[from] ability: Sand Stream|[of] p2a: Tyranitar
|move|p1a: Pelipper|U-turn|p2a: Tyranitar
|-supereffective|p2a: Tyranitar
|-damage|p2a: Tyranitar|87/100
|
|t:|1743911908
|switch|p1a: Rotom|Rotom-Wash, shiny|100/100|[from] U-turn
|
|-weather|Sandstorm|[upkeep]
|-damage|p1a: Rotom|94/100|[from] Sandstorm
|-heal|p1a: Rotom|100/100|[from] item: Leftovers
|-heal|p2a: Tyranitar|93/100|[from] item: Leftovers
|upkeep
|turn|4
|
|t:|1743911919
|switch|p2a: 14+ do meu amor|Meowscarada, F|100/100
|-activate|p2a: 14+ do meu amor|move: Sticky Web
|-unboost|p2a: 14+ do meu amor|spe|1
|move|p1a: Rotom|Hydro Pump|p2a: 14+ do meu amor|[miss]
|-miss|p1a: Rotom|p2a: 14+ do meu amor
|
|-weather|Sandstorm|[upkeep]
|-damage|p2a: 14+ do meu amor|94/100|[from] Sandstorm
|-damage|p1a: Rotom|94/100|[from] Sandstorm
|-heal|p1a: Rotom|100/100|[from] item: Leftovers
|upkeep
|turn|5
|
|t:|1743911929
|move|p2a: 14+ do meu amor|U-turn|p1a: Rotom
|-damage|p1a: Rotom|68/100
|
|t:|1743911937
|switch|p2a: Gliscor|Gliscor, M|100/100|[from] U-turn
|move|p1a: Rotom|Will-O-Wisp|p2a: Gliscor
|-status|p2a: Gliscor|brn
|
|-weather|Sandstorm|[upkeep]
|-damage|p1a: Rotom|61/100|[from] Sandstorm
|-heal|p1a: Rotom|68/100|[from] item: Leftovers
|-damage|p2a: Gliscor|94/100 brn|[from] brn
|upkeep
|turn|6
|
|t:|1743911947
|move|p2a: Gliscor|U-turn|p1a: Rotom
|-damage|p1a: Rotom|57/100
|
|t:|1743911953
|switch|p2a: 14+ do meu amor|Meowscarada, F|94/100|[from] U-turn
|-activate|p2a: 14+ do meu amor|move: Sticky Web
|-unboost|p2a: 14+ do meu amor|spe|1
|move|p1a: Rotom|Hydro Pump|p2a: 14+ do meu amor|[miss]
|-miss|p1a: Rotom|p2a: 14+ do meu amor
|
|-weather|Sandstorm|[upkeep]
|-damage|p2a: 14+ do meu amor|88/100|[from] Sandstorm
|-damage|p1a: Rotom|51/100|[from] Sandstorm
|-heal|p1a: Rotom|57/100|[from] item: Leftovers
|upkeep
|turn|7
|
|t:|1743911963
|move|p2a: 14+ do meu amor|U-turn|p1a: Rotom
|-damage|p1a: Rotom|25/100
|
|t:|1743911968
|switch|p2a: Talonflame|Talonflame, M|100/100|[from] U-turn
|move|p1a: Rotom|Will-O-Wisp|p2a: Talonflame
|-immune|p2a: Talonflame
|
|-weather|none
|-heal|p1a: Rotom|31/100|[from] item: Leftovers
|upkeep
|turn|8
|
|t:|1743911982
|switch|p2a: 14+ do meu amor|Meowscarada, F|88/100
|-activate|p2a: 14+ do meu amor|move: Sticky Web
|-unboost|p2a: 14+ do meu amor|spe|1
|switch|p1a: Ting-Lu|Ting-Lu|100/100
|-ability|p1a: Ting-Lu|Vessel of Ruin
|
|upkeep
|turn|9
|
|t:|1743911990
|move|p2a: 14+ do meu amor|Flower Trick|p1a: Ting-Lu
|-supereffective|p1a: Ting-Lu
|-crit|p1a: Ting-Lu
|-damage|p1a: Ting-Lu|41/100
|move|p1a: Ting-Lu|Earthquake|p2a: 14+ do meu amor
|-resisted|p2a: 14+ do meu amor
|-damage|p2a: 14+ do meu amor|59/100
|
|-heal|p1a: Ting-Lu|47/100|[from] item: Leftovers
|upkeep
|turn|10
|
|t:|1743911998
|switch|p1a: Rotom|Rotom-Wash, shiny|31/100
|move|p2a: 14+ do meu amor|Flower Trick|p1a: Rotom
|-supereffective|p1a: Rotom
|-crit|p1a: Rotom
|-damage|p1a: Rotom|0 fnt
|faint|p1a: Rotom
|
|upkeep
|
|t:|1743912000
|switch|p1a: Pelipper|Pelipper, F, shiny|100/100
|-weather|RainDance|[from] ability: Drizzle|[of] p1a: Pelipper
|turn|11
|
|t:|1743912027
|move|p2a: 14+ do meu amor|Flower Trick|p1a: Pelipper
|-crit|p1a: Pelipper
|-damage|p1a: Pelipper|42/100
|move|p1a: Pelipper|U-turn|p2a: 14+ do meu amor
|-supereffective|p2a: 14+ do meu amor
|-damage|p2a: 14+ do meu amor|5/100
|
|t:|1743912033
|switch|p1a: Thundurus|Thundurus-Therian, M, shiny|100/100|[from] U-turn
|
|-weather|RainDance|[upkeep]
|upkeep
|turn|12
|
|t:|1743912038
|switch|p2a: Tyranitar|Tyranitar, M|93/100
|-activate|p2a: Tyranitar|move: Sticky Web
|-unboost|p2a: Tyranitar|spe|1
|-weather|Sandstorm|[from] ability: Sand Stream|[of] p2a: Tyranitar
|move|p1a: Thundurus|Agility|p1a: Thundurus
|-boost|p1a: Thundurus|spe|2
|
|-weather|Sandstorm|[upkeep]
|-damage|p1a: Thundurus|94/100|[from] Sandstorm
|-heal|p2a: Tyranitar|99/100|[from] item: Leftovers
|upkeep
|turn|13
|
|t:|1743912050
|switch|p1a: Ting-Lu|Ting-Lu|47/100
|-ability|p1a: Ting-Lu|Vessel of Ruin
|move|p2a: Tyranitar|Substitute|p2a: Tyranitar
|-start|p2a: Tyranitar|Substitute
|-damage|p2a: Tyranitar|74/100
|
|-weather|Sandstorm|[upkeep]
|-heal|p1a: Ting-Lu|53/100|[from] item: Leftovers
|-heal|p2a: Tyranitar|80/100|[from] item: Leftovers
|upkeep
|turn|14
|
|t:|1743912059
|-singleturn|p2a: Tyranitar|move: Focus Punch
|move|p1a: Ting-Lu|Earthquake|p2a: Tyranitar
|-supereffective|p2a: Tyranitar
|-end|p2a: Tyranitar|Substitute
|move|p2a: Tyranitar|Focus Punch|p1a: Ting-Lu
|-supereffective|p1a: Ting-Lu
|-damage|p1a: Ting-Lu|6/100
|
|-weather|Sandstorm|[upkeep]
|-heal|p1a: Ting-Lu|12/100|[from] item: Leftovers
|-heal|p2a: Tyranitar|86/100|[from] item: Leftovers
|upkeep
|turn|15
|
|t:|1743912070
|switch|p2a: Talonflame|Talonflame, M|100/100
|move|p1a: Ting-Lu|Earthquake|p2a: Talonflame
|-immune|p2a: Talonflame
|
|-weather|Sandstorm|[upkeep]
|-damage|p2a: Talonflame|94/100|[from] Sandstorm
|-heal|p1a: Ting-Lu|18/100|[from] item: Leftovers
|upkeep
|turn|16
|
|t:|1743912079
|move|p2a: Talonflame|Brave Bird|p1a: Ting-Lu
|-crit|p1a: Ting-Lu
|-damage|p1a: Ting-Lu|0 fnt
|faint|p1a: Ting-Lu
|-damage|p2a: Talonflame|86/100|[from] Recoil
|
|-weather|none
|upkeep
|
|t:|1743912082
|switch|p1a: Pelipper|Pelipper, F, shiny|42/100
|-weather|RainDance|[from] ability: Drizzle|[of] p1a: Pelipper
|turn|17
|
|t:|1743912092
|move|p2a: Talonflame|Brave Bird|p1a: Pelipper
|-damage|p1a: Pelipper|14/100
|-damage|p2a: Talonflame|78/100|[from] Recoil
|move|p1a: Pelipper|Roost|p1a: Pelipper
|-heal|p1a: Pelipper|64/100
|-singleturn|p1a: Pelipper|move: Roost
|
|-weather|RainDance|[upkeep]
|upkeep
|turn|18
|
|t:|1743912117
|move|p2a: Talonflame|Brave Bird|p1a: Pelipper
|-damage|p1a: Pelipper|36/100
|-damage|p2a: Talonflame|69/100|[from] Recoil
|move|p1a: Pelipper|Weather Ball|p2a: Talonflame
|-supereffective|p2a: Talonflame
|-damage|p2a: Talonflame|0 fnt
|faint|p2a: Talonflame
|
|-weather|RainDance|[upkeep]
|upkeep
|
|t:|1743912127
|switch|p2a: 14+ do meu amor|Meowscarada, F|5/100
|-activate|p2a: 14+ do meu amor|move: Sticky Web
|-unboost|p2a: 14+ do meu amor|spe|1
|turn|19
|
|t:|1743912134
|move|p2a: 14+ do meu amor|Flower Trick|p1a: Pelipper
|-crit|p1a: Pelipper
|-damage|p1a: Pelipper|0 fnt
|faint|p1a: Pelipper
|
|-weather|RainDance|[upkeep]
|upkeep
|
|t:|1743912145
|switch|p1a: Thundurus|Thundurus-Therian, M, shiny|94/100
|turn|20
|inactive|LillieZ7 has 120 seconds left.
|
|t:|1743912197
|move|p1a: Thundurus|Nasty Plot|p1a: Thundurus
|-boost|p1a: Thundurus|spa|2
|move|p2a: 14+ do meu amor|Flower Trick|p1a: Thundurus
|-resisted|p1a: Thundurus
|-crit|p1a: Thundurus
|-damage|p1a: Thundurus|16/100
|
|-weather|RainDance|[upkeep]
|upkeep
|turn|21
|
|t:|1743912207
|move|p1a: Thundurus|Tera Blast|p2a: 14+ do meu amor
|-damage|p2a: 14+ do meu amor|0 fnt
|faint|p2a: 14+ do meu amor
|
|-weather|RainDance|[upkeep]
|upkeep
|
|t:|1743912213
|switch|p2a: Mandibuzz|Mandibuzz, F|100/100
|turn|22
|
|t:|1743912220
|move|p1a: Thundurus|Thunder|p2a: Mandibuzz
|-supereffective|p2a: Mandibuzz
|-damage|p2a: Mandibuzz|0 fnt
|faint|p2a: Mandibuzz
|
|-weather|RainDance|[upkeep]
|upkeep
|
|t:|1743912226
|switch|p2a: Tyranitar|Tyranitar, M|86/100
|-activate|p2a: Tyranitar|move: Sticky Web
|-unboost|p2a: Tyranitar|spe|1
|-weather|Sandstorm|[from] ability: Sand Stream|[of] p2a: Tyranitar
|turn|23
|inactive|LillieZ7 has 120 seconds left.
|
|t:|1743912232
|switch|p2a: Gliscor|Gliscor, M|94/100 brn
|-terastallize|p1a: Thundurus|Ice
|move|p1a: Thundurus|Tera Blast|p2a: Gliscor|[anim] Tera Blast Ice
|-supereffective|p2a: Gliscor
|-damage|p2a: Gliscor|0 fnt
|faint|p2a: Gliscor
|
|-weather|Sandstorm|[upkeep]
|-damage|p1a: Thundurus|10/100|[from] Sandstorm
|upkeep
|inactive|LillieZ7 has 120 seconds left.
|
|t:|1743912241
|switch|p2a: Tyranitar|Tyranitar, M|86/100
|-activate|p2a: Tyranitar|move: Sticky Web
|-unboost|p2a: Tyranitar|spe|1
|turn|24
|
|t:|1743912245
|move|p1a: Thundurus|Tera Blast|p2a: Tyranitar|[anim] Tera Blast Ice
|-damage|p2a: Tyranitar|40/100
|move|p2a: Tyranitar|Substitute|p2a: Tyranitar
|-start|p2a: Tyranitar|Substitute
|-damage|p2a: Tyranitar|15/100
|
|-weather|Sandstorm|[upkeep]
|-damage|p1a: Thundurus|4/100|[from] Sandstorm
|-heal|p2a: Tyranitar|21/100|[from] item: Leftovers
|upkeep
|turn|25
|
|t:|1743912254
|move|p1a: Thundurus|Tera Blast|p2a: Tyranitar|[anim] Tera Blast Ice
|-crit|p2a: Tyranitar
|-end|p2a: Tyranitar|Substitute
|move|p2a: Tyranitar|Substitute|p2a: Tyranitar
|-fail|p2a: Tyranitar|move: Substitute|[weak]
|
|-weather|Sandstorm|[upkeep]
|-damage|p1a: Thundurus|0 fnt|[from] Sandstorm
|faint|p1a: Thundurus
|-heal|p2a: Tyranitar|27/100|[from] item: Leftovers
|upkeep
|
|t:|1743912256
|switch|p1a: Basculegion|Basculegion, M, shiny|100/100
|turn|26
|
|t:|1743912265
|move|p1a: Basculegion|Aqua Jet|p2a: Tyranitar
|-supereffective|p2a: Tyranitar
|-damage|p2a: Tyranitar|0 fnt
|faint|p2a: Tyranitar
|
|-weather|Sandstorm|[upkeep]
|-damage|p1a: Basculegion|94/100|[from] Sandstorm
|upkeep
|
|t:|1743912271
|switch|p2a: Kim|Cinderace, M|100/100
|-activate|p2a: Kim|move: Sticky Web
|-unboost|p2a: Kim|spe|1
|turn|27
|
|t:|1743912275
|move|p1a: Basculegion|Aqua Jet|p2a: Kim
|-supereffective|p2a: Kim
|-damage|p2a: Kim|10/100
|move|p2a: Kim|Zen Headbutt|p1a: Basculegion|[miss]
|-miss|p2a: Kim|p1a: Basculegion
|
|-weather|none
|upkeep
|turn|28
|-message|LillieZ7 forfeited.
|
|win|janallyson
|raw|janallyson's rating: 1140 &rarr; <strong>1167</strong><br />(+27 for winning)
|raw|LillieZ7's rating: 1169 &rarr; <strong>1142</strong><br />(-27 for losing)
|l|☆LillieZ7
|player|p2|
|l|☆janallyson
|player|p1|
