|j|☆Candelaubrey
|j|☆shnore
|t:|1743803459
|gametype|singles
|player|p1|Candelaubrey|clerkf|1300
|player|p2|shnore|medium|1313
|teamsize|p1|6
|teamsize|p2|6
|gen|9
|tier|[Gen 9] OU
|rated|
|rule|HP Percentage Mod: HP is shown in percentages
|rule|Endless Battle Clause: Forcing endless battles is banned
|rule|Species Clause: Limit one of each Pokémon
|rule|OHKO Clause: OHKO moves are banned
|rule|Evasion Items Clause: Evasion items are banned
|rule|Evasion Moves Clause: Evasion moves are banned
|rule|Sleep Moves Clause: Sleep-inducing moves are banned
|clearpoke
|poke|p1|Alomomola, M|
|poke|p1|Garganacl, F|
|poke|p1|Cinderace, M|
|poke|p1|Weavile, F|
|poke|p1|Raging Bolt|
|poke|p1|Clefable, F|
|poke|p2|Pelipper, F|
|poke|p2|Barraskewda, F|
|poke|p2|Swampert, F|
|poke|p2|Drednaw, M|
|poke|p2|Maushold-Four|
|poke|p2|Zapdos|
|teampreview
|inactive|Battle timer is ON: inactive players will automatically lose when time's up. (requested by shnore)
|
|t:|1743803467
|start
|switch|p1a: Raging Bolt|Raging Bolt|100/100
|switch|p2a: Pelipper|Pelipper, F|100/100
|-weather|RainDance|[from] ability: Drizzle|[of] p2a: Pelipper
|turn|1
|
|t:|1743803471
|switch|p2a: Swampert|Swampert, F|100/100
|move|p1a: Raging Bolt|Draco Meteor|p2a: Swampert
|-damage|p2a: Swampert|2/100
|-unboost|p1a: Raging Bolt|spa|2
|
|-weather|RainDance|[upkeep]
|-heal|p2a: Swampert|9/100|[from] item: Leftovers
|upkeep
|turn|2
|
|t:|1743803481
|-end|p1a: Raging Bolt|Protosynthesis|[silent]
|switch|p1a: Alomomola|Alomomola, M|100/100
|switch|p2a: Zapdos|Zapdos|100/100
|
|-weather|RainDance|[upkeep]
|upkeep
|turn|3
|
|t:|1743803487
|switch|p1a: Raging Bolt|Raging Bolt|100/100
|move|p2a: Zapdos|Thunder|p1a: Raging Bolt
|-resisted|p1a: Raging Bolt
|-damage|p1a: Raging Bolt|89/100
|
|-weather|RainDance|[upkeep]
|upkeep
|turn|4
|
|t:|1743803491
|move|p2a: Zapdos|Hurricane|p1a: Raging Bolt
|-resisted|p1a: Raging Bolt
|-damage|p1a: Raging Bolt|67/100
|move|p1a: Raging Bolt|Volt Switch|p2a: Zapdos
|-damage|p2a: Zapdos|31/100
|
|t:|1743803494
|-end|p1a: Raging Bolt|Protosynthesis|[silent]
|switch|p1a: Weavile|Weavile, F|100/100|[from] Volt Switch
|-ability|p1a: Weavile|Pressure
|
|-weather|RainDance|[upkeep]
|upkeep
|turn|5
|
|t:|1743803505
|switch|p2a: Barraskewda|Barraskewda, F|100/100
|move|p1a: Weavile|Knock Off|p2a: Barraskewda
|-damage|p2a: Barraskewda|0 fnt
|-enditem|p2a: Barraskewda|Choice Band|[from] move: Knock Off|[of] p1a: Weavile
|faint|p2a: Barraskewda
|
|-weather|RainDance|[upkeep]
|upkeep
|
|t:|1743803507
|switch|p2a: Drednaw|Drednaw, M|100/100
|turn|6
|
|t:|1743803511
|move|p2a: Drednaw|Liquidation|p1a: Weavile
|-damage|p1a: Weavile|0 fnt
|faint|p1a: Weavile
|
|-weather|RainDance|[upkeep]
|upkeep
|
|t:|1743803518
|switch|p1a: Raging Bolt|Raging Bolt|67/100
|turn|7
|
|t:|1743803521
|move|p1a: Raging Bolt|Thunderclap|p2a: Drednaw
|-supereffective|p2a: Drednaw
|-damage|p2a: Drednaw|0 fnt
|faint|p2a: Drednaw
|
|-weather|RainDance|[upkeep]
|upkeep
|
|t:|1743803526
|switch|p2a: Pelipper|Pelipper, F|100/100
|turn|8
|
|t:|1743803530
|-terastallize|p2a: Pelipper|Ground
|move|p1a: Raging Bolt|Thunderclap|p2a: Pelipper
|-immune|p2a: Pelipper
|move|p2a: Pelipper|Hurricane|p1a: Raging Bolt
|-resisted|p1a: Raging Bolt
|-damage|p1a: Raging Bolt|52/100
|
|-weather|none
|upkeep
|turn|9
|
|t:|1743803537
|switch|p2a: Swampert|Swampert, F|9/100
|-end|p1a: Raging Bolt|Protosynthesis|[silent]
|switch|p1a: Alomomola|Alomomola, M|100/100
|
|-heal|p2a: Swampert|15/100|[from] item: Leftovers
|upkeep
|turn|10
|
|t:|1743803543
|switch|p2a: Pelipper|Pelipper, F, tera:Ground|100/100
|-weather|RainDance|[from] ability: Drizzle|[of] p2a: Pelipper
|move|p1a: Alomomola|Flip Turn|p2a: Pelipper
|-supereffective|p2a: Pelipper
|-damage|p2a: Pelipper|56/100
|
|t:|1743803549
|switch|p1a: Cinderace|Cinderace, M|100/100|[from] Flip Turn
|
|-weather|RainDance|[upkeep]
|upkeep
|turn|11
|
|t:|1743803552
|move|p1a: Cinderace|U-turn|p2a: Pelipper
|-start|p1a: Cinderace|typechange|Bug|[from] ability: Libero
|-damage|p2a: Pelipper|26/100
|
|t:|1743803554
|switch|p1a: Alomomola|Alomomola, M|100/100|[from] U-turn
|move|p2a: Pelipper|Weather Ball|p1a: Alomomola
|-resisted|p1a: Alomomola
|-damage|p1a: Alomomola|69/100
|
|-weather|RainDance|[upkeep]
|-heal|p1a: Alomomola|75/100|[from] item: Leftovers
|upkeep
|turn|12
|
|t:|1743803558
|switch|p2a: Zapdos|Zapdos|31/100
|move|p1a: Alomomola|Flip Turn|p2a: Zapdos
|-damage|p2a: Zapdos|6/100
|
|t:|1743803561
|switch|p1a: Cinderace|Cinderace, M|100/100|[from] Flip Turn
|
|-weather|RainDance|[upkeep]
|upkeep
|turn|13
|-message|shnore forfeited.
|
|win|Candelaubrey
|raw|Candelaubrey's rating: 1300 &rarr; <strong>1326</strong><br />(+26 for winning)
|raw|shnore's rating: 1313 &rarr; <strong>1292</strong><br />(-21 for losing)
|l|☆shnore
|player|p2|
|l|☆Candelaubrey
|player|p1|
