|j|☆notus126
|j|☆Valent31
|t:|1743780512
|gametype|singles
|player|p1|notus126|dawn|1623
|player|p2|Valent31|pokemonranger-gen4|1611
|teamsize|p1|6
|teamsize|p2|6
|gen|9
|tier|[Gen 9] OU
|rated|
|rule|HP Percentage Mod: HP is shown in percentages
|rule|Endless Battle Clause: Forcing endless battles is banned
|rule|Species Clause: Limit one of each Pokémon
|rule|OHKO Clause: OHKO moves are banned
|rule|Evasion Items Clause: Evasion items are banned
|rule|Evasion Moves Clause: Evasion moves are banned
|rule|Sleep Moves Clause: Sleep-inducing moves are banned
|clearpoke
|poke|p1|Ninetales-Alola, F|
|poke|p1|Kyurem|
|poke|p1|Iron Crown|
|poke|p1|Moltres|
|poke|p1|Iron Treads|
|poke|p1|Ogerpon-Wellspring, F|
|poke|p2|Kingambit, M|
|poke|p2|Dragonite, F|
|poke|p2|Iron Valiant|
|poke|p2|Kyurem|
|poke|p2|Gholdengo|
|poke|p2|Ribombee, F|
|teampreview
|inactive|Battle timer is ON: inactive players will automatically lose when time's up. (requested by Valent31)
|
|t:|1743780528
|start
|switch|p1a: Ninetales|Ninetales-Alola, F|100/100
|switch|p2a: Ribombee|Ribombee, F|100/100
|-weather|Snowscape|[from] ability: Snow Warning|[of] p1a: Ninetales
|turn|1
|
|t:|1743780536
|move|p2a: Ribombee|Sticky Web|p1a: Ninetales
|-sidestart|p1: notus126|move: Sticky Web
|move|p1a: Ninetales|Aurora Veil|p1a: Ninetales
|-sidestart|p1: notus126|move: Aurora Veil
|
|-weather|Snowscape|[upkeep]
|upkeep
|turn|2
|
|t:|1743780548
|move|p2a: Ribombee|Stun Spore|p1a: Ninetales
|-status|p1a: Ninetales|par
|cant|p1a: Ninetales|par
|
|-weather|Snowscape|[upkeep]
|upkeep
|turn|3
|
|t:|1743780556
|move|p2a: Ribombee|Moonblast|p1a: Ninetales
|-damage|p1a: Ninetales|82/100 par
|move|p1a: Ninetales|Moonblast|p2a: Ribombee
|-damage|p2a: Ribombee|55/100
|
|-weather|Snowscape|[upkeep]
|upkeep
|turn|4
|
|t:|1743780563
|move|p2a: Ribombee|Moonblast|p1a: Ninetales
|-damage|p1a: Ninetales|62/100 par
|-unboost|p1a: Ninetales|spa|1
|move|p1a: Ninetales|Moonblast|p2a: Ribombee
|-damage|p2a: Ribombee|21/100
|
|-weather|Snowscape|[upkeep]
|upkeep
|turn|5
|
|t:|1743780572
|switch|p2a: Gholdengo|Gholdengo|100/100
|-item|p2a: Gholdengo|Air Balloon
|move|p1a: Ninetales|Moonblast|p2a: Gholdengo
|-resisted|p2a: Gholdengo
|-damage|p2a: Gholdengo|91/100
|-enditem|p2a: Gholdengo|Air Balloon
|
|-weather|none
|upkeep
|turn|6
|
|t:|1743780585
|switch|p1a: Iron Treads|Iron Treads|100/100
|-activate|p1a: Iron Treads|move: Sticky Web
|-unboost|p1a: Iron Treads|spe|1
|-enditem|p1a: Iron Treads|Booster Energy
|-activate|p1a: Iron Treads|ability: Quark Drive|[fromitem]
|-start|p1a: Iron Treads|quarkdrivedef
|move|p2a: Gholdengo|Nasty Plot|p2a: Gholdengo
|-boost|p2a: Gholdengo|spa|2
|
|upkeep
|turn|7
|
|t:|1743780596
|move|p2a: Gholdengo|Shadow Ball|p1a: Iron Treads
|-damage|p1a: Iron Treads|41/100
|move|p1a: Iron Treads|Earth Power|p2a: Gholdengo
|-supereffective|p2a: Gholdengo
|-damage|p2a: Gholdengo|20/100
|
|upkeep
|turn|8
|
|t:|1743780618
|-end|p1a: Iron Treads|Quark Drive|[silent]
|switch|p1a: Moltres|Moltres|100/100
|move|p2a: Gholdengo|Shadow Ball|p1a: Moltres
|-damage|p1a: Moltres|60/100
|
|-sideend|p1: notus126|move: Aurora Veil
|upkeep
|turn|9
|
|t:|1743780626
|move|p2a: Gholdengo|Shadow Ball|p1a: Moltres
|-damage|p1a: Moltres|0 fnt
|faint|p1a: Moltres
|
|upkeep
|-message|notus126 forfeited.
|
|win|Valent31
|raw|notus126's rating: 1623 &rarr; <strong>1602</strong><br />(-21 for losing)
|raw|Valent31's rating: 1611 &rarr; <strong>1632</strong><br />(+21 for winning)
|l|☆notus126
|player|p1|
|l|☆Valent31
|player|p2|
