|j|☆Kikiam n fishball
|j|☆TakeYouOut
|t:|1743829978
|gametype|singles
|player|p1|Kikiam n fishball|169|1510
|player|p2|TakeYouOut|hoopster|1524
|teamsize|p1|6
|teamsize|p2|6
|gen|9
|tier|[Gen 9] OU
|rated|
|rule|HP Percentage Mod: HP is shown in percentages
|rule|Endless Battle Clause: Forcing endless battles is banned
|rule|Species Clause: Limit one of each Pokémon
|rule|OHKO Clause: OHKO moves are banned
|rule|Evasion Items Clause: Evasion items are banned
|rule|Evasion Moves Clause: Evasion moves are banned
|rule|Sleep Moves Clause: Sleep-inducing moves are banned
|clearpoke
|poke|p1|Samurott-Hisui, M|
|poke|p1|Hydreigon, M|
|poke|p1|Great Tusk|
|poke|p1|Gholdengo|
|poke|p1|Walking Wake|
|poke|p1|Kingambit, M|
|poke|p2|Excadrill, M|
|poke|p2|Tyranitar, F|
|poke|p2|Dragapult, F|
|poke|p2|Alomomola, F|
|poke|p2|Primarina, F|
|poke|p2|Garganacl, M|
|teampreview
|inactive|Battle timer is ON: inactive players will automatically lose when time's up. (requested by Kikiam n fishball)
|
|t:|1743829996
|start
|switch|p1a: Walking Wake|Walking Wake|100/100
|switch|p2a: 88|Primarina, F|100/100
|turn|1
|
|t:|1743830000
|move|p1a: Walking Wake|Flip Turn|p2a: 88
|-resisted|p2a: 88
|-damage|p2a: 88|89/100
|
|t:|1743830002
|-end|p1a: Walking Wake|Protosynthesis|[silent]
|switch|p1a: Van|Gholdengo|100/100|[from] Flip Turn
|move|p2a: 88|Moonblast|p1a: Van
|-resisted|p1a: Van
|-damage|p1a: Van|53/100
|
|upkeep
|turn|2
|
|t:|1743830026
|move|p1a: Van|Trick|p2a: 88
|-activate|p1a: Van|move: Trick|[of] p2a: 88
|-item|p2a: 88|Choice Scarf|[from] move: Trick
|-item|p1a: Van|Choice Specs|[from] move: Trick
|move|p2a: 88|Moonblast|p1a: Van
|-resisted|p1a: Van
|-damage|p1a: Van|22/100
|
|upkeep
|turn|3
|inactive|TakeYouOut has 120 seconds left.
|
|t:|1743830061
|switch|p1a: Nah I'd 50/50|Kingambit, M, shiny|100/100
|move|p2a: 88|Moonblast|p1a: Nah I'd 50/50
|-damage|p1a: Nah I'd 50/50|48/100
|
|-heal|p1a: Nah I'd 50/50|54/100|[from] item: Leftovers
|upkeep
|turn|4
|
|t:|1743830065
|move|p2a: 88|Moonblast|p1a: Nah I'd 50/50
|-damage|p1a: Nah I'd 50/50|5/100
|move|p1a: Nah I'd 50/50|Iron Head|p2a: 88
|-damage|p2a: 88|22/100
|
|-heal|p1a: Nah I'd 50/50|11/100|[from] item: Leftovers
|upkeep
|turn|5
|
|t:|1743830069
|switch|p2a: 55|Alomomola, F, shiny|100/100
|move|p1a: Nah I'd 50/50|Sucker Punch||[still]
|-fail|p1a: Nah I'd 50/50
|
|-heal|p1a: Nah I'd 50/50|17/100|[from] item: Leftovers
|upkeep
|turn|6
|
|t:|1743830073
|move|p1a: Nah I'd 50/50|Swords Dance|p1a: Nah I'd 50/50
|-boost|p1a: Nah I'd 50/50|atk|2
|move|p2a: 55|Wish|p2a: 55
|
|-heal|p1a: Nah I'd 50/50|23/100|[from] item: Leftovers
|upkeep
|turn|7
|
|t:|1743830083
|move|p1a: Nah I'd 50/50|Kowtow Cleave|p2a: 55
|-damage|p2a: 55|38/100
|-damage|p1a: Nah I'd 50/50|7/100|[from] item: Rocky Helmet|[of] p2a: 55
|move|p2a: 55|Flip Turn|p1a: Nah I'd 50/50
|-damage|p1a: Nah I'd 50/50|0 fnt
|faint|p1a: Nah I'd 50/50
|-end|p1a: Nah I'd 50/50|fallenundefined|[silent]
|
|t:|1743830087
|switch|p2a: 88|Primarina, F|22/100|[from] Flip Turn
|
|-heal|p2a: 88|99/100|[from] move: Wish|[wisher] 55
|upkeep
|
|t:|1743830102
|switch|p1a: Hydreigon|Hydreigon, M|100/100
|turn|8
|inactive|TakeYouOut has 120 seconds left.
|
|t:|1743830149
|switch|p2a: 22|Tyranitar, F, shiny|100/100
|-weather|Sandstorm|[from] ability: Sand Stream|[of] p2a: 22
|-terastallize|p1a: Hydreigon|Steel
|move|p1a: Hydreigon|Stealth Rock|p2a: 22
|-sidestart|p2: TakeYouOut|move: Stealth Rock
|
|-weather|Sandstorm|[upkeep]
|upkeep
|turn|9
|
|t:|1743830162
|move|p1a: Hydreigon|U-turn|p2a: 22
|-supereffective|p2a: 22
|-damage|p2a: 22|76/100
|
|t:|1743830166
|switch|p1a: Edward|Samurott-Hisui, M, shiny|100/100|[from] U-turn
|move|p2a: 22|Ice Beam|p1a: Edward
|-resisted|p1a: Edward
|-damage|p1a: Edward|89/100
|
|-weather|Sandstorm|[upkeep]
|-damage|p1a: Edward|82/100|[from] Sandstorm
|upkeep
|turn|10
|inactive|TakeYouOut has 120 seconds left.
|
|t:|1743830182
|move|p1a: Edward|Ceaseless Edge|p2a: 22
|-resisted|p2a: 22
|-damage|p2a: 22|55/100
|-sidestart|p2: TakeYouOut|Spikes
|move|p2a: 22|Stealth Rock|p1a: Edward
|-sidestart|p1: Kikiam n fishball|move: Stealth Rock
|
|-weather|Sandstorm|[upkeep]
|-damage|p1a: Edward|76/100|[from] Sandstorm
|upkeep
|turn|11
|
|t:|1743830199
|move|p1a: Edward|Ceaseless Edge|p2a: 22
|-resisted|p2a: 22
|-damage|p2a: 22|33/100
|-sidestart|p2: TakeYouOut|Spikes
|move|p2a: 22|Thunder Wave|p1a: Edward
|-status|p1a: Edward|par
|
|-weather|Sandstorm|[upkeep]
|-damage|p1a: Edward|70/100 par|[from] Sandstorm
|upkeep
|turn|12
|inactive|TakeYouOut has 90 seconds left.
|inactive|TakeYouOut has 60 seconds left.
|
|t:|1743830277
|move|p2a: 22|Knock Off|p1a: Edward
|-resisted|p1a: Edward
|-damage|p1a: Edward|47/100 par
|-enditem|p1a: Edward|Black Glasses|[from] move: Knock Off|[of] p2a: 22
|move|p1a: Edward|Ceaseless Edge|p2a: 22
|-resisted|p2a: 22
|-damage|p2a: 22|13/100
|-sidestart|p2: TakeYouOut|Spikes
|
|-weather|none
|upkeep
|turn|13
|
|t:|1743830285
|switch|p2a: 55|Alomomola, F, shiny|71/100
|-damage|p2a: 55|59/100|[from] Stealth Rock
|-damage|p2a: 55|34/100|[from] Spikes
|move|p1a: Edward|Sucker Punch||[still]
|-fail|p1a: Edward
|
|upkeep
|turn|14
|
|t:|1743830288
|move|p2a: 55|Flip Turn|p1a: Edward
|-resisted|p1a: Edward
|-damage|p1a: Edward|37/100 par
|
|t:|1743830293
|switch|p2a: Starscream|Excadrill, M, shiny|100/100|[from] Flip Turn
|-damage|p2a: Starscream|97/100|[from] Stealth Rock
|-damage|p2a: Starscream|73/100|[from] Spikes
|move|p1a: Edward|Ceaseless Edge|p2a: Starscream
|-damage|p2a: Starscream|7/100
|
|upkeep
|turn|15
|
|t:|1743830317
|move|p1a: Edward|Sucker Punch||[still]
|-fail|p1a: Edward
|move|p2a: Starscream|Swords Dance|p2a: Starscream
|-boost|p2a: Starscream|atk|2
|
|upkeep
|turn|16
|
|t:|1743830340
|move|p1a: Edward|Sucker Punch|p2a: Starscream
|-damage|p2a: Starscream|0 fnt
|faint|p2a: Starscream
|
|upkeep
|
|t:|1743830349
|switch|p2a: 44|Dragapult, F, shiny|100/100
|turn|17
|
|t:|1743830354
|move|p2a: 44|U-turn|p1a: Edward
|-supereffective|p1a: Edward
|-crit|p1a: Edward
|-damage|p1a: Edward|0 fnt
|faint|p1a: Edward
|inactive|TakeYouOut has 60 seconds left.
|
|t:|1743830394
|switch|p2a: 22|Tyranitar, F, shiny|13/100|[from] U-turn
|-weather|Sandstorm|[from] ability: Sand Stream|[of] p2a: 22
|
|-weather|Sandstorm|[upkeep]
|upkeep
|
|t:|1743830412
|switch|p1a: Hydreigon|Hydreigon, M, tera:Steel|100/100
|-damage|p1a: Hydreigon|94/100|[from] Stealth Rock
|turn|18
|
|t:|1743830415
|move|p1a: Hydreigon|Flash Cannon|p2a: 22
|-supereffective|p2a: 22
|-crit|p2a: 22
|-damage|p2a: 22|0 fnt
|faint|p2a: 22
|
|-weather|Sandstorm|[upkeep]
|-heal|p1a: Hydreigon|100/100|[from] item: Leftovers
|upkeep
|
|t:|1743830422
|switch|p2a: 88|Primarina, F|99/100
|-damage|p2a: 88|88/100|[from] Stealth Rock
|-damage|p2a: 88|63/100|[from] Spikes
|turn|19
|
|t:|1743830446
|move|p2a: 88|Hydro Pump|p1a: Hydreigon
|-damage|p1a: Hydreigon|36/100
|move|p1a: Hydreigon|Flash Cannon|p2a: 88
|-crit|p2a: 88
|-damage|p2a: 88|0 fnt
|faint|p2a: 88
|
|-weather|Sandstorm|[upkeep]
|-heal|p1a: Hydreigon|42/100|[from] item: Leftovers
|upkeep
|inactive|TakeYouOut has 60 seconds left.
|
|t:|1743830478
|switch|p2a: 44|Dragapult, F, shiny|100/100
|turn|20
|inactive|Kikiam n fishball has 120 seconds left.
|
|t:|1743830533
|-terastallize|p2a: 44|Ghost
|move|p2a: 44|Hex|p1a: Hydreigon
|-damage|p1a: Hydreigon|2/100
|move|p1a: Hydreigon|Draco Meteor|p2a: 44
|-damage|p2a: 44|5/100
|-unboost|p1a: Hydreigon|spa|2
|
|-weather|Sandstorm|[upkeep]
|-damage|p2a: 44|0 fnt|[from] Sandstorm
|faint|p2a: 44
|-heal|p1a: Hydreigon|8/100|[from] item: Leftovers
|upkeep
|-message|TakeYouOut forfeited.
|
|win|Kikiam n fishball
|raw|Kikiam n fishball's rating: 1510 &rarr; <strong>1533</strong><br />(+23 for winning)
|raw|TakeYouOut's rating: 1558 &rarr; <strong>1535</strong><br />(-23 for losing)
|l|☆TakeYouOut
|player|p2|
|l|☆Kikiam n fishball
|player|p1|
