|j|☆DA Scizor Enjoyer
|j|☆vacheron
|t:|1743788914
|gametype|singles
|player|p1|DA Scizor Enjoyer|cheren-masters|1765
|player|p2|vacheron|170|1859
|teamsize|p1|6
|teamsize|p2|6
|gen|9
|tier|[Gen 9] OU
|rated|
|rule|HP Percentage Mod: HP is shown in percentages
|rule|Endless Battle Clause: Forcing endless battles is banned
|rule|Species Clause: Limit one of each Pokémon
|rule|OHKO Clause: OHKO moves are banned
|rule|Evasion Items Clause: Evasion items are banned
|rule|Evasion Moves Clause: Evasion moves are banned
|rule|Sleep Moves Clause: Sleep-inducing moves are banned
|clearpoke
|poke|p1|Scizor, F|
|poke|p1|Hoopa-Unbound|
|poke|p1|Primarina, F|
|poke|p1|Zapdos|
|poke|p1|Great Tusk|
|poke|p1|Dragapult, F|
|poke|p2|Samurott-Hisui, F|
|poke|p2|Iron Valiant|
|poke|p2|Pecharunt|
|poke|p2|Reuniclus, F|
|poke|p2|Darkrai|
|poke|p2|Kingambit, F|
|teampreview
|inactive|Battle timer is ON: inactive players will automatically lose when time's up. (requested by DA Scizor Enjoyer)
|
|t:|1743788942
|start
|switch|p1a: Seal|Primarina, F|100/100
|switch|p2a: Valediction|Samurott-Hisui, F|100/100
|turn|1
|
|t:|1743788952
|move|p2a: Valediction|Ceaseless Edge|p1a: Seal
|-resisted|p1a: Seal
|-damage|p1a: Seal|75/100
|-sidestart|p1: DA Scizor Enjoyer|Spikes
|move|p1a: Seal|Moonblast|p2a: Valediction
|-supereffective|p2a: Valediction
|-enditem|p2a: Valediction|Focus Sash
|-damage|p2a: Valediction|1/100
|
|upkeep
|turn|2
|
|t:|1743788962
|move|p2a: Valediction|Ceaseless Edge|p1a: Seal
|-resisted|p1a: Seal
|-crit|p1a: Seal
|-damage|p1a: Seal|36/100
|-sidestart|p1: DA Scizor Enjoyer|Spikes
|move|p1a: Seal|Moonblast|p2a: Valediction
|-supereffective|p2a: Valediction
|-crit|p2a: Valediction
|-damage|p2a: Valediction|0 fnt
|faint|p2a: Valediction
|
|upkeep
|
|t:|1743788976
|switch|p2a: Azathoth|Pecharunt|100/100
|turn|3
|
|t:|1743788982
|move|p2a: Azathoth|Malignant Chain|p1a: Seal
|-supereffective|p1a: Seal
|-crit|p1a: Seal
|-damage|p1a: Seal|0 fnt
|faint|p1a: Seal
|
|upkeep
|c|☆vacheron|i swear crits are happening more and more
|j| Zuppalover04
|c|☆DA Scizor Enjoyer|ya
|c|☆vacheron|so annoying
|c|☆vacheron|sry
|j| diaodeyibi12345
|c|☆DA Scizor Enjoyer|i coulda potentially lived that it appears
|inactive|DA Scizor Enjoyer has 120 seconds left.
|c|☆DA Scizor Enjoyer|ah wahtever
|
|t:|1743789015
|switch|p1a: ima throw hands|Hoopa-Unbound|100/100
|-damage|p1a: ima throw hands|84/100|[from] Spikes
|turn|4
|c|☆vacheron|i aint calcing its all vibes
|
|t:|1743789028
|switch|p2a: Scarlet Devil|Darkrai|100/100
|move|p1a: ima throw hands|Drain Punch|p2a: Scarlet Devil
|-supereffective|p2a: Scarlet Devil
|-damage|p2a: Scarlet Devil|32/100
|-heal|p1a: ima throw hands|100/100|[from] drain|[of] p2a: Scarlet Devil
|
|upkeep
|turn|5
|c|☆DA Scizor Enjoyer|yea ok
|
|t:|1743789038
|move|p2a: Scarlet Devil|Knock Off|p1a: ima throw hands
|-damage|p1a: ima throw hands|22/100
|-enditem|p1a: ima throw hands|Assault Vest|[from] move: Knock Off|[of] p2a: Scarlet Devil
|move|p1a: ima throw hands|Drain Punch|p2a: Scarlet Devil
|-supereffective|p2a: Scarlet Devil
|-damage|p2a: Scarlet Devil|0 fnt
|-heal|p1a: ima throw hands|37/100|[from] drain|[of] p2a: Scarlet Devil
|faint|p2a: Scarlet Devil
|-item|p1a: ima throw hands|Black Glasses|[from] ability: Magician|[of] p2: Scarlet Devil
|
|upkeep
|j| KingOfTheStorms
|c|☆DA Scizor Enjoyer|sucker knock
|l| KingOfTheStorms
|inactive|vacheron has 120 seconds left.
|j| union boss
|c|☆DA Scizor Enjoyer|personally id say its a weird set, but whatver
|inactive|vacheron has 90 seconds left.
|
|t:|1743789116
|switch|p2a: Mani Katti|Iron Valiant|100/100
|-enditem|p2a: Mani Katti|Booster Energy
|-activate|p2a: Mani Katti|ability: Quark Drive|[fromitem]
|-start|p2a: Mani Katti|quarkdrivespa
|turn|6
|
|t:|1743789126
|move|p2a: Mani Katti|Moonblast|p1a: ima throw hands
|-supereffective|p1a: ima throw hands
|-damage|p1a: ima throw hands|0 fnt
|faint|p1a: ima throw hands
|
|upkeep
|
|t:|1743789130
|switch|p1a: Ms.slick|Dragapult, F|100/100
|-damage|p1a: Ms.slick|84/100|[from] Spikes
|turn|7
|c|☆vacheron|idk i just found this team today lol
|
|t:|1743789136
|move|p1a: Ms.slick|U-turn|p2a: Mani Katti
|-resisted|p2a: Mani Katti
|-damage|p2a: Mani Katti|90/100
|
|t:|1743789141
|switch|p1a: Weaponized stapler|Scizor, F|100/100|[from] U-turn
|-damage|p1a: Weaponized stapler|84/100|[from] Spikes
|move|p2a: Mani Katti|Shadow Ball|p1a: Weaponized stapler
|-damage|p1a: Weaponized stapler|29/100
|
|upkeep
|turn|8
|
|t:|1743789154
|-end|p2a: Mani Katti|Quark Drive|[silent]
|switch|p2a: Murasama|Kingambit, F|100/100
|-activate|p2a: Murasama|ability: Supreme Overlord
|-start|p2a: Murasama|fallen2|[silent]
|switch|p1a: Ms.slick|Dragapult, F|84/100
|-damage|p1a: Ms.slick|68/100|[from] Spikes
|
|upkeep
|turn|9
|
|t:|1743789164
|switch|p1a: rockman|Great Tusk|100/100
|move|p2a: Murasama|Kowtow Cleave|p1a: rockman
|-resisted|p1a: rockman
|-damage|p1a: rockman|79/100
|
|upkeep
|turn|10
|
|t:|1743789171
|-end|p2a: Murasama|fallen2|[silent]
|switch|p2a: Azathoth|Pecharunt|100/100
|move|p1a: rockman|Headlong Rush|p2a: Azathoth
|-supereffective|p2a: Azathoth
|-enditem|p2a: Azathoth|Shuca Berry|[eat]
|-enditem|p2a: Azathoth|Shuca Berry|[weaken]
|-damage|p2a: Azathoth|59/100
|-unboost|p1a: rockman|def|1
|-unboost|p1a: rockman|spd|1
|
|upkeep
|turn|11
|j| m0chaman_829
|c|☆DA Scizor Enjoyer|i was gonna say how did it take taht little(im playing in split screen), then that shuca
|inactive|DA Scizor Enjoyer has 120 seconds left.
|l| Zuppalover04
|
|t:|1743789220
|-end|p1a: rockman|Protosynthesis|[silent]
|switch|p1a: zippy|Zapdos|100/100
|move|p2a: Azathoth|Shadow Ball|p1a: zippy
|-damage|p1a: zippy|70/100
|
|upkeep
|turn|12
|
|t:|1743789228
|move|p2a: Azathoth|Malignant Chain|p1a: zippy
|-damage|p1a: zippy|35/100
|move|p1a: zippy|Volt Switch|p2a: Azathoth
|-damage|p2a: Azathoth|22/100
|c|☆DA Scizor Enjoyer|at least i know it cant swao it again
|c|☆DA Scizor Enjoyer|...probably at least
|
|t:|1743789247
|switch|p1a: Ms.slick|Dragapult, F|68/100|[from] Volt Switch
|-damage|p1a: Ms.slick|51/100|[from] Spikes
|
|upkeep
|turn|13
|
|t:|1743789256
|-terastallize|p1a: Ms.slick|Ghost
|move|p1a: Ms.slick|Tera Blast|p2a: Azathoth|[anim] Tera Blast Ghost
|-supereffective|p2a: Azathoth
|-damage|p2a: Azathoth|0 fnt
|faint|p2a: Azathoth
|
|upkeep
|
|t:|1743789266
|switch|p2a: Murasama|Kingambit, F|100/100
|-activate|p2a: Murasama|ability: Supreme Overlord
|-start|p2a: Murasama|fallen3|[silent]
|turn|14
|
|t:|1743789271
|switch|p1a: Weaponized stapler|Scizor, F|29/100
|-damage|p1a: Weaponized stapler|13/100|[from] Spikes
|move|p2a: Murasama|Iron Head|p1a: Weaponized stapler
|-resisted|p1a: Weaponized stapler
|-damage|p1a: Weaponized stapler|0 fnt
|faint|p1a: Weaponized stapler
|
|upkeep
|
|t:|1743789275
|switch|p1a: rockman|Great Tusk|79/100
|turn|15
|
|t:|1743789285
|move|p1a: rockman|Rapid Spin|p2a: Murasama
|-resisted|p2a: Murasama
|-damage|p2a: Murasama|94/100
|-boost|p1a: rockman|spe|1
|-sideend|p1: DA Scizor Enjoyer|Spikes|[from] move: Rapid Spin|[of] p1a: rockman
|move|p2a: Murasama|Iron Head|p1a: rockman
|-damage|p1a: rockman|37/100
|
|upkeep
|turn|16
|
|t:|1743789307
|move|p1a: rockman|Headlong Rush|p2a: Murasama
|-supereffective|p2a: Murasama
|-damage|p2a: Murasama|0 fnt
|-unboost|p1a: rockman|def|1
|-unboost|p1a: rockman|spd|1
|faint|p2a: Murasama
|-end|p2a: Murasama|fallen3|[silent]
|
|upkeep
|
|t:|1743789311
|switch|p2a: Metastasis|Reuniclus, F|100/100
|turn|17
|
|t:|1743789316
|move|p1a: rockman|Headlong Rush|p2a: Metastasis
|-damage|p2a: Metastasis|41/100
|-unboost|p1a: rockman|def|1
|-unboost|p1a: rockman|spd|1
|move|p2a: Metastasis|Trick Room|p2a: Metastasis
|-fieldstart|move: Trick Room|[of] p2a: Metastasis
|
|upkeep
|turn|18
|c|☆vacheron|think thats gg
|
|t:|1743789329
|-end|p1a: rockman|Protosynthesis|[silent]
|switch|p1a: zippy|Zapdos|35/100
|move|p2a: Metastasis|Psychic Noise|p1a: zippy
|-damage|p1a: zippy|0 fnt
|faint|p1a: zippy
|
|upkeep
|
|t:|1743789341
|switch|p1a: Ms.slick|Dragapult, F, tera:Ghost|51/100
|turn|19
|c|☆DA Scizor Enjoyer|not to reun tho
|j| asilentkingambitx
|
|t:|1743789360
|move|p1a: Ms.slick|Sucker Punch|p2a: Metastasis
|-supereffective|p2a: Metastasis
|-damage|p2a: Metastasis|0 fnt
|faint|p2a: Metastasis
|
|upkeep
|c|☆vacheron|ah
|j| p0k3_v13rn35
|c|☆vacheron|was not expecting that haha
|
|t:|1743789372
|switch|p2a: Mani Katti|Iron Valiant|90/100
|turn|20
|c|☆DA Scizor Enjoyer|if your ival has vwave gg
|c|☆DA Scizor Enjoyer|if not i win
|c|☆DA Scizor Enjoyer|but i have a feeling tis the 1st
|inactive|DA Scizor Enjoyer has 120 seconds left.
|c|☆vacheron|it is
|j| rehgRH
|
|t:|1743789402
|move|p1a: Ms.slick|Sucker Punch||[still]
|-fail|p1a: Ms.slick
|move|p2a: Mani Katti|Calm Mind|p2a: Mani Katti
|-boost|p2a: Mani Katti|spa|1
|-boost|p2a: Mani Katti|spd|1
|
|upkeep
|turn|21
|inactive|DA Scizor Enjoyer has 120 seconds left.
|c|☆DA Scizor Enjoyer|u threw
|
|t:|1743789411
|switch|p1a: rockman|Great Tusk|37/100
|move|p2a: Mani Katti|Moonblast|p1a: rockman
|-supereffective|p1a: rockman
|-crit|p1a: rockman
|-damage|p1a: rockman|0 fnt
|faint|p1a: rockman
|-end|p1a: rockman|Protosynthesis|[silent]
|
|-fieldend|move: Trick Room
|upkeep
|l| m0chaman_829
|inactive|DA Scizor Enjoyer has 120 seconds left.
|
|t:|1743789419
|switch|p1a: Ms.slick|Dragapult, F, tera:Ghost|51/100
|turn|22
|
|t:|1743789423
|move|p1a: Ms.slick|Tera Blast|p2a: Mani Katti|[anim] Tera Blast Ghost
|-damage|p2a: Mani Katti|0 fnt
|faint|p2a: Mani Katti
|-end|p2a: Mani Katti|Quark Drive|[silent]
|
|win|DA Scizor Enjoyer
|raw|DA Scizor Enjoyer's rating: 1765 &rarr; <strong>1790</strong><br />(+25 for winning)
|raw|vacheron's rating: 1859 &rarr; <strong>1834</strong><br />(-25 for losing)
|c|☆vacheron|oh i had two turns left
|l| diaodeyibi12345
|c|☆vacheron|whops lol
|c|☆vacheron|wasnt paying attention
|c|☆DA Scizor Enjoyer|gg
|c|☆DA Scizor Enjoyer|gg
|l|☆vacheron
|player|p2|
|l| asilentkingambitx
|l| rehgRH
|c|☆DA Scizor Enjoyer|laggin a bit
|l|☆DA Scizor Enjoyer
|player|p1|
