|j|☆ciderbuzz
|j|☆andreharris
|t:|1743785809
|gametype|singles
|player|p1|ciderbuzz|101|1627
|player|p2|andreharris|palmer|1677
|teamsize|p1|6
|teamsize|p2|6
|gen|9
|tier|[Gen 9] OU
|rated|
|rule|HP Percentage Mod: HP is shown in percentages
|rule|Endless Battle Clause: Forcing endless battles is banned
|rule|Species Clause: Limit one of each Pokémon
|rule|OHKO Clause: OHKO moves are banned
|rule|Evasion Items Clause: Evasion items are banned
|rule|Evasion Moves Clause: Evasion moves are banned
|rule|Sleep Moves Clause: Sleep-inducing moves are banned
|clearpoke
|poke|p1|Enamorus, F|
|poke|p1|Araquanid, M|
|poke|p1|Gholdengo|
|poke|p1|Pawmot, M|
|poke|p1|Iron Treads|
|poke|p1|Salamence, M|
|poke|p2|Kingambit, M|
|poke|p2|Garchomp, M|
|poke|p2|Pecharunt|
|poke|p2|Darkrai|
|poke|p2|Kyurem|
|poke|p2|Zapdos-Galar|
|teampreview
|inactive|Battle timer is ON: inactive players will automatically lose when time's up. (requested by ciderbuzz)
|j| sujisuji
|inactive|ciderbuzz has 120 seconds left.
|l| sujisuji
|
|t:|1743785860
|start
|switch|p1a: Lusty|Enamorus, F, shiny|100/100
|switch|p2a: Glacier Guardian|Kyurem, shiny|100/100
|-ability|p2a: Glacier Guardian|Pressure
|turn|1
|
|t:|1743785871
|switch|p2a: Pestilent Phantom|Pecharunt|100/100
|-item|p2a: Pestilent Phantom|Air Balloon
|move|p1a: Lusty|Moonblast|p2a: Pestilent Phantom
|-resisted|p2a: Pestilent Phantom
|-damage|p2a: Pestilent Phantom|77/100
|-enditem|p2a: Pestilent Phantom|Air Balloon
|
|upkeep
|turn|2
|
|t:|1743785886
|switch|p1a: Treasurer|Gholdengo, shiny|100/100
|move|p2a: Pestilent Phantom|Parting Shot|p1a: Treasurer
|-immune|p1a: Treasurer|[from] ability: Good as Gold
|
|upkeep
|turn|3
|
|t:|1743785891
|switch|p2a: Shogun Sovereign|Kingambit, M, shiny|100/100
|move|p1a: Treasurer|Make It Rain|p2a: Shogun Sovereign
|-resisted|p2a: Shogun Sovereign
|-damage|p2a: Shogun Sovereign|45/100
|-unboost|p1a: Treasurer|spa|1
|
|upkeep
|turn|4
|inactive|ciderbuzz has 120 seconds left.
|
|t:|1743785921
|switch|p1a: Lusty|Enamorus, F, shiny|100/100
|-end|p2a: Shogun Sovereign|fallenundefined|[silent]
|switch|p2a: Gorge Grinder|Garchomp, M, shiny|100/100
|
|upkeep
|turn|5
|inactive|ciderbuzz has 120 seconds left.
|
|t:|1743785934
|switch|p2a: Pestilent Phantom|Pecharunt|77/100
|-terastallize|p1a: Lusty|Stellar
|move|p1a: Lusty|Tera Blast|p2a: Pestilent Phantom|[anim] Tera Blast Stellar
|-damage|p2a: Pestilent Phantom|34/100
|-boost|p1a: Lusty|atk|1
|-boost|p1a: Lusty|spa|1
|
|upkeep
|turn|6
|
|t:|1743785938
|move|p1a: Lusty|Tera Blast|p2a: Pestilent Phantom|[anim] Tera Blast Stellar
|-damage|p2a: Pestilent Phantom|0 fnt
|-boost|p1a: Lusty|atk|1
|-boost|p1a: Lusty|spa|1
|faint|p2a: Pestilent Phantom
|
|upkeep
|
|t:|1743785949
|switch|p2a: Zenith Zapper|Zapdos-Galar, shiny|100/100
|turn|7
|
|t:|1743785966
|switch|p1a: Araquanid|Araquanid, M, shiny|100/100
|move|p2a: Zenith Zapper|Brave Bird|p1a: Araquanid
|-supereffective|p1a: Araquanid
|-damage|p1a: Araquanid|0 fnt
|faint|p1a: Araquanid
|-damage|p2a: Zenith Zapper|66/100|[from] Recoil
|
|upkeep
|
|t:|1743785970
|switch|p1a: Deceiver|Pawmot, M|100/100
|turn|8
|
|t:|1743785974
|move|p2a: Zenith Zapper|Brave Bird|p1a: Deceiver
|-crit|p1a: Deceiver
|-enditem|p1a: Deceiver|Focus Sash
|-damage|p1a: Deceiver|1/100
|-damage|p2a: Zenith Zapper|37/100|[from] Recoil
|move|p1a: Deceiver|Ice Punch|p2a: Zenith Zapper
|-supereffective|p2a: Zenith Zapper
|-damage|p2a: Zenith Zapper|0 fnt
|faint|p2a: Zenith Zapper
|
|upkeep
|
|t:|1743785986
|switch|p2a: Dusk Dreader|Darkrai, shiny|100/100
|turn|9
|
|t:|1743785988
|move|p1a: Deceiver|Mach Punch|p2a: Dusk Dreader
|-supereffective|p2a: Dusk Dreader
|-damage|p2a: Dusk Dreader|51/100
|move|p2a: Dusk Dreader|Dark Pulse|p1a: Deceiver
|-resisted|p1a: Deceiver
|-damage|p1a: Deceiver|0 fnt
|faint|p1a: Deceiver
|
|upkeep
|
|t:|1743785995
|switch|p1a: Lusty|Enamorus, F, shiny, tera:Stellar|100/100
|turn|10
|
|t:|1743785997
|move|p1a: Lusty|Tera Blast|p2a: Dusk Dreader|[anim] Tera Blast Stellar
|-damage|p2a: Dusk Dreader|5/100
|-boost|p1a: Lusty|atk|1
|-boost|p1a: Lusty|spa|1
|move|p2a: Dusk Dreader|Ice Beam|p1a: Lusty
|-supereffective|p1a: Lusty
|-damage|p1a: Lusty|7/100
|
|upkeep
|turn|11
|
|t:|1743786008
|switch|p2a: Gorge Grinder|Garchomp, M, shiny|100/100
|move|p1a: Lusty|Tera Blast|p2a: Gorge Grinder|[anim] Tera Blast Stellar
|-damage|p2a: Gorge Grinder|30/100
|-boost|p1a: Lusty|atk|1
|-boost|p1a: Lusty|spa|1
|
|upkeep
|turn|12
|
|t:|1743786011
|move|p1a: Lusty|Tera Blast|p2a: Gorge Grinder|[anim] Tera Blast Stellar
|-damage|p2a: Gorge Grinder|0 fnt
|-boost|p1a: Lusty|atk|1
|-boost|p1a: Lusty|spa|1
|faint|p2a: Gorge Grinder
|
|upkeep
|
|t:|1743786013
|switch|p2a: Shogun Sovereign|Kingambit, M, shiny|45/100
|-activate|p2a: Shogun Sovereign|ability: Supreme Overlord
|-start|p2a: Shogun Sovereign|fallen3|[silent]
|turn|13
|
|t:|1743786017
|switch|p1a: Salamence|Salamence, M|100/100
|-ability|p1a: Salamence|Intimidate|boost
|-unboost|p2a: Shogun Sovereign|atk|1
|move|p2a: Shogun Sovereign|Kowtow Cleave|p1a: Salamence
|-damage|p1a: Salamence|30/100
|
|upkeep
|turn|14
|
|t:|1743786023
|move|p2a: Shogun Sovereign|Sucker Punch||[still]
|-fail|p2a: Shogun Sovereign
|move|p1a: Salamence|Roost|p1a: Salamence
|-heal|p1a: Salamence|81/100
|-singleturn|p1a: Salamence|move: Roost
|
|upkeep
|turn|15
|
|t:|1743786027
|-end|p2a: Shogun Sovereign|fallen3|[silent]
|switch|p2a: Glacier Guardian|Kyurem, shiny|100/100
|-ability|p2a: Glacier Guardian|Pressure
|move|p1a: Salamence|Temper Flare|p2a: Glacier Guardian
|-damage|p2a: Glacier Guardian|74/100
|
|upkeep
|turn|16
|
|t:|1743786035
|switch|p1a: Treasurer|Gholdengo, shiny|100/100
|move|p2a: Glacier Guardian|Dragon Dance|p2a: Glacier Guardian
|-boost|p2a: Glacier Guardian|atk|1
|-boost|p2a: Glacier Guardian|spe|1
|
|upkeep
|turn|17
|
|t:|1743786040
|-terastallize|p2a: Glacier Guardian|Ground
|move|p2a: Glacier Guardian|Dragon Dance|p2a: Glacier Guardian
|-boost|p2a: Glacier Guardian|atk|1
|-boost|p2a: Glacier Guardian|spe|1
|move|p1a: Treasurer|Make It Rain|p2a: Glacier Guardian
|-damage|p2a: Glacier Guardian|0 fnt
|-unboost|p1a: Treasurer|spa|1
|faint|p2a: Glacier Guardian
|
|upkeep
|
|t:|1743786043
|switch|p2a: Dusk Dreader|Darkrai, shiny|5/100
|turn|18
|
|t:|1743786049
|switch|p1a: Iron Treads|Iron Treads|100/100
|move|p2a: Dusk Dreader|Dark Pulse|p1a: Iron Treads
|-damage|p1a: Iron Treads|58/100
|
|upkeep
|turn|19
|
|t:|1743786057
|move|p2a: Dusk Dreader|Focus Blast|p1a: Iron Treads|[miss]
|-miss|p2a: Dusk Dreader|p1a: Iron Treads
|move|p1a: Iron Treads|Volt Switch|p2a: Dusk Dreader
|-damage|p2a: Dusk Dreader|0 fnt
|faint|p2a: Dusk Dreader
|
|t:|1743786062
|-end|p1a: Iron Treads|Quark Drive|[silent]
|switch|p1a: Treasurer|Gholdengo, shiny|100/100|[from] Volt Switch
|
|upkeep
|
|t:|1743786064
|switch|p2a: Shogun Sovereign|Kingambit, M, shiny|45/100
|-activate|p2a: Shogun Sovereign|ability: Supreme Overlord
|-start|p2a: Shogun Sovereign|fallen5|[silent]
|turn|20
|
|t:|1743786067
|move|p1a: Treasurer|Trick|p2a: Shogun Sovereign
|-activate|p1a: Treasurer|move: Trick|[of] p2a: Shogun Sovereign
|-item|p2a: Shogun Sovereign|Choice Specs|[from] move: Trick
|-item|p1a: Treasurer|Dread Plate|[from] move: Trick
|move|p2a: Shogun Sovereign|Kowtow Cleave|p1a: Treasurer
|-supereffective|p1a: Treasurer
|-damage|p1a: Treasurer|0 fnt
|faint|p1a: Treasurer
|
|upkeep
|
|t:|1743786074
|switch|p1a: Lusty|Enamorus, F, shiny, tera:Stellar|7/100
|turn|21
|-message|andreharris forfeited.
|
|win|ciderbuzz
|raw|ciderbuzz's rating: 1627 &rarr; <strong>1650</strong><br />(+23 for winning)
|raw|andreharris's rating: 1677 &rarr; <strong>1654</strong><br />(-23 for losing)
|l|☆andreharris
|player|p2|
|l|☆ciderbuzz
|player|p1|
