|j|☆mr tickley
|j|☆tap water gang
|t:|1743868689
|gametype|singles
|player|p1|mr tickley|1|1540
|player|p2|tap water gang|sage-gen2jp|1518
|teamsize|p1|6
|teamsize|p2|6
|gen|9
|tier|[Gen 9] OU
|rated|
|rule|HP Percentage Mod: HP is shown in percentages
|rule|Endless Battle Clause: Forcing endless battles is banned
|rule|Species Clause: Limit one of each Pokémon
|rule|OHKO Clause: OHKO moves are banned
|rule|Evasion Items Clause: Evasion items are banned
|rule|Evasion Moves Clause: Evasion moves are banned
|rule|Sleep Moves Clause: Sleep-inducing moves are banned
|clearpoke
|poke|p1|Jirachi|
|poke|p1|Empoleon, M|
|poke|p1|Dragonite, F|
|poke|p1|Ting-Lu|
|poke|p1|Pecharunt|
|poke|p1|Weavile, M|
|poke|p2|Gholdengo|
|poke|p2|Ting-Lu|
|poke|p2|Zapdos|
|poke|p2|Kyurem|
|poke|p2|Alomomola, F|
|poke|p2|Great Tusk|
|teampreview
|inactive|Battle timer is ON: inactive players will automatically lose when time's up. (requested by mr tickley)
|
|t:|1743868719
|start
|switch|p1a: Weavile|Weavile, M|100/100
|switch|p2a: Great Tusk|Great Tusk|100/100
|turn|1
|
|t:|1743868723
|switch|p1a: Ting-Lu|Ting-Lu|100/100
|-ability|p1a: Ting-Lu|Vessel of Ruin
|move|p2a: Great Tusk|Rapid Spin|p1a: Ting-Lu
|-damage|p1a: Ting-Lu|93/100
|-boost|p2a: Great Tusk|spe|1
|
|-heal|p1a: Ting-Lu|99/100|[from] item: Leftovers
|upkeep
|turn|2
|
|t:|1743868727
|move|p2a: Great Tusk|Ice Spinner|p1a: Ting-Lu
|-supereffective|p1a: Ting-Lu
|-damage|p1a: Ting-Lu|76/100
|move|p1a: Ting-Lu|Spikes|p2a: Great Tusk
|-sidestart|p2: tap water gang|Spikes
|
|-heal|p1a: Ting-Lu|82/100|[from] item: Leftovers
|upkeep
|turn|3
|
|t:|1743868732
|move|p2a: Great Tusk|Stealth Rock|p1a: Ting-Lu
|-sidestart|p1: mr tickley|move: Stealth Rock
|move|p1a: Ting-Lu|Ruination|p2a: Great Tusk
|-damage|p2a: Great Tusk|51/100
|
|-heal|p1a: Ting-Lu|88/100|[from] item: Leftovers
|upkeep
|turn|4
|
|t:|1743868738
|-end|p2a: Great Tusk|Protosynthesis|[silent]
|switch|p2a: Kyurem|Kyurem|100/100
|-damage|p2a: Kyurem|88/100|[from] Spikes
|-ability|p2a: Kyurem|Pressure
|move|p1a: Ting-Lu|Ruination|p2a: Kyurem
|-damage|p2a: Kyurem|44/100
|
|-heal|p1a: Ting-Lu|94/100|[from] item: Leftovers
|upkeep
|turn|5
|
|t:|1743868747
|switch|p1a: Jirachi|Jirachi|100/100
|-damage|p1a: Jirachi|94/100|[from] Stealth Rock
|move|p2a: Kyurem|Icicle Spear|p1a: Jirachi
|-resisted|p1a: Jirachi
|-damage|p1a: Jirachi|88/100
|-resisted|p1a: Jirachi
|-damage|p1a: Jirachi|82/100
|-resisted|p1a: Jirachi
|-damage|p1a: Jirachi|76/100
|-resisted|p1a: Jirachi
|-damage|p1a: Jirachi|69/100
|-hitcount|p1a: Jirachi|4
|
|upkeep
|turn|6
|
|t:|1743868755
|switch|p2a: Zapdos|Zapdos|100/100
|move|p1a: Jirachi|Doom Desire|p2a: Zapdos
|-start|p1a: Jirachi|Doom Desire
|
|upkeep
|turn|7
|
|t:|1743868759
|move|p2a: Zapdos|Heat Wave|p1a: Jirachi
|-supereffective|p1a: Jirachi
|-damage|p1a: Jirachi|11/100
|-damage|p2a: Zapdos|91/100|[from] item: Life Orb
|move|p1a: Jirachi|Psychic Noise|p2a: Zapdos
|-damage|p2a: Zapdos|50/100
|-start|p2a: Zapdos|move: Heal Block
|
|upkeep
|turn|8
|
|t:|1743868768
|switch|p1a: Ting-Lu|Ting-Lu|94/100
|-damage|p1a: Ting-Lu|88/100|[from] Stealth Rock
|-ability|p1a: Ting-Lu|Vessel of Ruin
|move|p2a: Zapdos|Heat Wave|p1a: Ting-Lu
|-damage|p1a: Ting-Lu|62/100
|-damage|p2a: Zapdos|40/100|[from] item: Life Orb
|
|-end|p2a: Zapdos|move: Doom Desire
|-resisted|p2a: Zapdos
|-damage|p2a: Zapdos|11/100
|-heal|p1a: Ting-Lu|68/100|[from] item: Leftovers
|-end|p2a: Zapdos|move: Heal Block
|upkeep
|turn|9
|
|t:|1743868775
|switch|p2a: Great Tusk|Great Tusk|51/100
|-damage|p2a: Great Tusk|38/100|[from] Spikes
|move|p1a: Ting-Lu|Whirlwind|p2a: Great Tusk
|-end|p2a: Great Tusk|Protosynthesis|[silent]
|drag|p2a: Alomomola|Alomomola, F|100/100
|
|-heal|p1a: Ting-Lu|74/100|[from] item: Leftovers
|upkeep
|turn|10
|
|t:|1743868783
|move|p2a: Alomomola|Wish|p2a: Alomomola
|move|p1a: Ting-Lu|Ruination|p2a: Alomomola
|-damage|p2a: Alomomola|50/100
|
|-heal|p1a: Ting-Lu|80/100|[from] item: Leftovers
|upkeep
|turn|11
|
|t:|1743868789
|move|p2a: Alomomola|Flip Turn|p1a: Ting-Lu
|-supereffective|p1a: Ting-Lu
|-damage|p1a: Ting-Lu|67/100
|
|t:|1743868790
|switch|p2a: Zapdos|Zapdos|11/100|[from] Flip Turn
|move|p1a: Ting-Lu|Whirlwind|p2a: Zapdos
|drag|p2a: Ting-Lu|Ting-Lu|100/100
|-damage|p2a: Ting-Lu|88/100|[from] Spikes
|-ability|p2a: Ting-Lu|Vessel of Ruin
|
|-heal|p2a: Ting-Lu|100/100|[from] move: Wish|[wisher] Alomomola
|-heal|p1a: Ting-Lu|73/100|[from] item: Leftovers
|upkeep
|turn|12
|
|t:|1743868811
|move|p2a: Ting-Lu|Spikes|p1a: Ting-Lu
|-sidestart|p1: mr tickley|Spikes
|move|p1a: Ting-Lu|Spikes|p2a: Ting-Lu
|-sidestart|p2: tap water gang|Spikes
|
|-heal|p1a: Ting-Lu|79/100|[from] item: Leftovers
|upkeep
|turn|13
|
|t:|1743868813
|switch|p2a: Great Tusk|Great Tusk|38/100
|-damage|p2a: Great Tusk|22/100|[from] Spikes
|move|p1a: Ting-Lu|Spikes|p2a: Great Tusk
|-sidestart|p2: tap water gang|Spikes
|
|-heal|p1a: Ting-Lu|86/100|[from] item: Leftovers
|upkeep
|turn|14
|
|t:|1743868816
|switch|p1a: Pecharunt|Pecharunt|100/100
|move|p2a: Great Tusk|Rapid Spin|p1a: Pecharunt
|-immune|p1a: Pecharunt
|
|upkeep
|turn|15
|
|t:|1743868823
|move|p2a: Great Tusk|Headlong Rush|p1a: Pecharunt
|-supereffective|p1a: Pecharunt
|-damage|p1a: Pecharunt|32/100
|-unboost|p2a: Great Tusk|def|1
|-unboost|p2a: Great Tusk|spd|1
|move|p1a: Pecharunt|Shadow Ball|p2a: Great Tusk
|-damage|p2a: Great Tusk|0 fnt
|faint|p2a: Great Tusk
|-end|p2a: Great Tusk|Protosynthesis|[silent]
|
|upkeep
|
|t:|1743868834
|switch|p2a: Zapdos|Zapdos|11/100
|turn|16
|
|t:|1743868843
|switch|p1a: Jirachi|Jirachi|11/100
|-damage|p1a: Jirachi|5/100|[from] Stealth Rock
|-damage|p1a: Jirachi|0 fnt|[from] Spikes
|faint|p1a: Jirachi
|move|p2a: Zapdos|Roost|p2a: Zapdos
|-heal|p2a: Zapdos|62/100
|-singleturn|p2a: Zapdos|move: Roost
|
|upkeep
|
|t:|1743868846
|switch|p1a: Weavile|Weavile, M|100/100
|turn|17
|
|t:|1743868851
|-terastallize|p2a: Zapdos|Fire
|move|p1a: Weavile|Triple Axel|p2a: Zapdos
|-resisted|p2a: Zapdos
|-crit|p2a: Zapdos
|-damage|p2a: Zapdos|53/100
|-resisted|p2a: Zapdos
|-damage|p2a: Zapdos|41/100
|-status|p1a: Weavile|par|[from] ability: Static|[of] p2a: Zapdos
|-resisted|p2a: Zapdos
|-damage|p2a: Zapdos|23/100
|-hitcount|p2a: Zapdos|3
|move|p2a: Zapdos|Heat Wave|p1a: Weavile
|-supereffective|p1a: Weavile
|-damage|p1a: Weavile|0 fnt
|faint|p1a: Weavile
|-damage|p2a: Zapdos|13/100|[from] item: Life Orb
|
|upkeep
|
|t:|1743868857
|switch|p1a: Ting-Lu|Ting-Lu|86/100
|-damage|p1a: Ting-Lu|79/100|[from] Stealth Rock
|-damage|p1a: Ting-Lu|67/100|[from] Spikes
|-ability|p1a: Ting-Lu|Vessel of Ruin
|turn|18
|
|t:|1743868863
|switch|p2a: Alomomola|Alomomola, F|84/100
|move|p1a: Ting-Lu|Earthquake|p2a: Alomomola
|-damage|p2a: Alomomola|64/100
|
|-heal|p1a: Ting-Lu|73/100|[from] item: Leftovers
|upkeep
|turn|19
|
|t:|1743868871
|switch|p1a: Empoleon|Empoleon, M|100/100
|-damage|p1a: Empoleon|94/100|[from] Stealth Rock
|-damage|p1a: Empoleon|82/100|[from] Spikes
|move|p2a: Alomomola|Wish|p2a: Alomomola
|
|-heal|p1a: Empoleon|88/100|[from] item: Leftovers
|upkeep
|turn|20
|
|t:|1743868875
|move|p1a: Empoleon|Stealth Rock|p2a: Alomomola
|-sidestart|p2: tap water gang|move: Stealth Rock
|move|p2a: Alomomola|Flip Turn|p1a: Empoleon
|-resisted|p1a: Empoleon
|-crit|p1a: Empoleon
|-damage|p1a: Empoleon|74/100
|
|t:|1743868883
|switch|p2a: Gholdengo|Gholdengo|100/100|[from] Flip Turn
|-damage|p2a: Gholdengo|76/100|[from] Spikes
|-damage|p2a: Gholdengo|70/100|[from] Stealth Rock
|
|-heal|p2a: Gholdengo|100/100|[from] move: Wish|[wisher] Alomomola
|-heal|p1a: Empoleon|81/100|[from] item: Leftovers
|upkeep
|turn|21
|
|t:|1743868893
|move|p2a: Gholdengo|Focus Blast|p1a: Empoleon
|-supereffective|p1a: Empoleon
|-damage|p1a: Empoleon|0 fnt
|faint|p1a: Empoleon
|
|upkeep
|
|t:|1743868897
|switch|p1a: Dragonite|Dragonite, F|100/100
|turn|22
|
|t:|1743868900
|switch|p2a: Zapdos|Zapdos, tera:Fire|13/100
|-damage|p2a: Zapdos|0 fnt|[from] Spikes
|faint|p2a: Zapdos
|move|p1a: Dragonite|Dragon Dance|p1a: Dragonite
|-boost|p1a: Dragonite|atk|1
|-boost|p1a: Dragonite|spe|1
|
|upkeep
|
|t:|1743868902
|switch|p2a: Ting-Lu|Ting-Lu|100/100
|-damage|p2a: Ting-Lu|76/100|[from] Spikes
|-damage|p2a: Ting-Lu|69/100|[from] Stealth Rock
|-ability|p2a: Ting-Lu|Vessel of Ruin
|turn|23
|
|t:|1743868906
|move|p1a: Dragonite|Ice Spinner|p2a: Ting-Lu
|-supereffective|p2a: Ting-Lu
|-damage|p2a: Ting-Lu|22/100
|move|p2a: Ting-Lu|Whirlwind|p1a: Dragonite
|drag|p1a: Pecharunt|Pecharunt|32/100
|
|-heal|p2a: Ting-Lu|28/100|[from] item: Leftovers
|upkeep
|turn|24
|
|t:|1743868915
|move|p1a: Pecharunt|Recover|p1a: Pecharunt
|-heal|p1a: Pecharunt|82/100
|move|p2a: Ting-Lu|Earthquake|p1a: Pecharunt
|-supereffective|p1a: Pecharunt
|-damage|p1a: Pecharunt|47/100
|
|-heal|p2a: Ting-Lu|34/100|[from] item: Leftovers
|upkeep
|turn|25
|
|t:|1743868924
|move|p1a: Pecharunt|Shadow Ball|p2a: Ting-Lu
|-resisted|p2a: Ting-Lu
|-damage|p2a: Ting-Lu|29/100
|move|p2a: Ting-Lu|Earthquake|p1a: Pecharunt
|-supereffective|p1a: Pecharunt
|-damage|p1a: Pecharunt|7/100
|
|-heal|p2a: Ting-Lu|35/100|[from] item: Leftovers
|upkeep
|turn|26
|
|t:|1743868927
|move|p1a: Pecharunt|Recover|p1a: Pecharunt
|-heal|p1a: Pecharunt|57/100
|move|p2a: Ting-Lu|Whirlwind|p1a: Pecharunt
|drag|p1a: Ting-Lu|Ting-Lu|73/100
|-damage|p1a: Ting-Lu|67/100|[from] Stealth Rock
|-damage|p1a: Ting-Lu|55/100|[from] Spikes
|-ability|p1a: Ting-Lu|Vessel of Ruin
|
|-heal|p2a: Ting-Lu|42/100|[from] item: Leftovers
|-heal|p1a: Ting-Lu|61/100|[from] item: Leftovers
|upkeep
|turn|27
|
|t:|1743868932
|move|p2a: Ting-Lu|Ruination|p1a: Ting-Lu
|-damage|p1a: Ting-Lu|31/100
|move|p1a: Ting-Lu|Earthquake|p2a: Ting-Lu
|-damage|p2a: Ting-Lu|22/100
|
|-heal|p2a: Ting-Lu|29/100|[from] item: Leftovers
|-heal|p1a: Ting-Lu|37/100|[from] item: Leftovers
|upkeep
|turn|28
|
|t:|1743868938
|move|p2a: Ting-Lu|Ruination|p1a: Ting-Lu
|-damage|p1a: Ting-Lu|19/100
|move|p1a: Ting-Lu|Earthquake|p2a: Ting-Lu
|-damage|p2a: Ting-Lu|8/100
|
|-heal|p2a: Ting-Lu|14/100|[from] item: Leftovers
|-heal|p1a: Ting-Lu|25/100|[from] item: Leftovers
|upkeep
|turn|29
|
|t:|1743868943
|move|p2a: Ting-Lu|Ruination|p1a: Ting-Lu|[miss]
|-miss|p2a: Ting-Lu|p1a: Ting-Lu
|move|p1a: Ting-Lu|Earthquake|p2a: Ting-Lu
|-damage|p2a: Ting-Lu|0 fnt
|faint|p2a: Ting-Lu
|
|-heal|p1a: Ting-Lu|31/100|[from] item: Leftovers
|upkeep
|j| SpiderKing3261
|
|t:|1743868945
|switch|p2a: Kyurem|Kyurem|44/100
|-damage|p2a: Kyurem|20/100|[from] Spikes
|-damage|p2a: Kyurem|0 fnt|[from] Stealth Rock
|faint|p2a: Kyurem
|
|t:|1743868947
|switch|p2a: Gholdengo|Gholdengo|100/100
|-damage|p2a: Gholdengo|76/100|[from] Spikes
|-damage|p2a: Gholdengo|70/100|[from] Stealth Rock
|turn|30
|
|t:|1743868960
|move|p2a: Gholdengo|Make It Rain|p1a: Ting-Lu
|-damage|p1a: Ting-Lu|0 fnt
|-unboost|p2a: Gholdengo|spa|1
|faint|p1a: Ting-Lu
|
|upkeep
|
|t:|1743868962
|switch|p1a: Dragonite|Dragonite, F|100/100
|turn|31
|
|t:|1743868965
|move|p2a: Gholdengo|Make It Rain|p1a: Dragonite
|-damage|p1a: Dragonite|64/100
|-unboost|p2a: Gholdengo|spa|1
|move|p1a: Dragonite|Dragon Dance|p1a: Dragonite
|-boost|p1a: Dragonite|atk|1
|-boost|p1a: Dragonite|spe|1
|
|upkeep
|turn|32
|
|t:|1743868972
|move|p1a: Dragonite|Earthquake|p2a: Gholdengo
|-supereffective|p2a: Gholdengo
|-damage|p2a: Gholdengo|0 fnt
|faint|p2a: Gholdengo
|
|upkeep
|
|t:|1743868975
|switch|p2a: Alomomola|Alomomola, F|98/100
|turn|33
|
|t:|1743868977
|move|p1a: Dragonite|Earthquake|p2a: Alomomola
|-damage|p2a: Alomomola|64/100
|move|p2a: Alomomola|Scald|p1a: Dragonite
|-resisted|p1a: Dragonite
|-damage|p1a: Dragonite|56/100
|-status|p1a: Dragonite|brn
|
|-damage|p1a: Dragonite|50/100 brn|[from] brn
|upkeep
|turn|34
|
|t:|1743868981
|move|p1a: Dragonite|Earthquake|p2a: Alomomola
|-damage|p2a: Alomomola|49/100
|move|p2a: Alomomola|Wish|p2a: Alomomola
|
|-damage|p1a: Dragonite|44/100 brn|[from] brn
|upkeep
|turn|35
|
|t:|1743868984
|switch|p1a: Pecharunt|Pecharunt|57/100
|move|p2a: Alomomola|Scald|p1a: Pecharunt
|-damage|p1a: Pecharunt|45/100
|-status|p1a: Pecharunt|brn
|
|-heal|p2a: Alomomola|99/100|[from] move: Wish|[wisher] Alomomola
|-damage|p1a: Pecharunt|39/100 brn|[from] brn
|upkeep
|turn|36
|
|t:|1743868989
|move|p1a: Pecharunt|Recover|p1a: Pecharunt
|-heal|p1a: Pecharunt|89/100 brn
|move|p2a: Alomomola|Scald|p1a: Pecharunt
|-damage|p1a: Pecharunt|76/100 brn
|
|-damage|p1a: Pecharunt|70/100 brn|[from] brn
|upkeep
|turn|37
|
|t:|1743868994
|move|p1a: Pecharunt|Malignant Chain|p2a: Alomomola
|-damage|p2a: Alomomola|64/100
|move|p2a: Alomomola|Scald|p1a: Pecharunt
|-damage|p1a: Pecharunt|56/100 brn
|
|-damage|p1a: Pecharunt|50/100 brn|[from] brn
|upkeep
|turn|38
|
|t:|1743868997
|move|p1a: Pecharunt|Recover|p1a: Pecharunt
|-heal|p1a: Pecharunt|99/100 brn
|move|p2a: Alomomola|Wish|p2a: Alomomola
|
|-damage|p1a: Pecharunt|94/100 brn|[from] brn
|upkeep
|turn|39
|
|t:|1743868999
|move|p1a: Pecharunt|Malignant Chain|p2a: Alomomola
|-damage|p2a: Alomomola|25/100
|move|p2a: Alomomola|Scald|p1a: Pecharunt
|-damage|p1a: Pecharunt|82/100 brn
|
|-heal|p2a: Alomomola|75/100|[from] move: Wish|[wisher] Alomomola
|-damage|p1a: Pecharunt|75/100 brn|[from] brn
|upkeep
|turn|40
|
|t:|1743869005
|move|p1a: Pecharunt|Malignant Chain|p2a: Alomomola
|-damage|p2a: Alomomola|40/100
|-status|p2a: Alomomola|tox
|-start|p2a: Alomomola|confusion|[from] ability: Poison Puppeteer|[of] p1a: Pecharunt
|-activate|p2a: Alomomola|confusion
|move|p2a: Alomomola|Wish|p2a: Alomomola
|
|-damage|p2a: Alomomola|34/100 tox|[from] psn
|-damage|p1a: Pecharunt|69/100 brn|[from] brn
|upkeep
|turn|41
|
|t:|1743869014
|move|p1a: Pecharunt|Shadow Ball|p2a: Alomomola
|-damage|p2a: Alomomola|6/100 tox
|-end|p2a: Alomomola|confusion
|move|p2a: Alomomola|Scald|p1a: Pecharunt
|-damage|p1a: Pecharunt|56/100 brn
|
|-heal|p2a: Alomomola|56/100 tox|[from] move: Wish|[wisher] Alomomola
|-damage|p2a: Alomomola|43/100 tox|[from] psn
|-damage|p1a: Pecharunt|50/100 brn|[from] brn
|upkeep
|turn|42
|l| SpiderKing3261
|
|t:|1743869021
|move|p1a: Pecharunt|Recover|p1a: Pecharunt
|-heal|p1a: Pecharunt|99/100 brn
|move|p2a: Alomomola|Scald|p1a: Pecharunt
|-damage|p1a: Pecharunt|87/100 brn
|
|-damage|p2a: Alomomola|25/100 tox|[from] psn
|-damage|p1a: Pecharunt|81/100 brn|[from] brn
|upkeep
|turn|43
|
|t:|1743869023
|move|p1a: Pecharunt|Malignant Chain|p2a: Alomomola
|-damage|p2a: Alomomola|0 fnt
|faint|p2a: Alomomola
|
|win|mr tickley
|raw|mr tickley's rating: 1540 &rarr; <strong>1559</strong><br />(+19 for winning)
|raw|tap water gang's rating: 1518 &rarr; <strong>1499</strong><br />(-19 for losing)
|c|☆tap water gang|gg
|l|☆tap water gang
|player|p2|
|c|☆mr tickley|gg
|l|☆mr tickley
|player|p1|
