|j|☆Hoenn's Fury
|j|☆Johnnytravs1
|t:|1743861477
|gametype|singles
|player|p1|Hoenn's Fury|steven|1254
|player|p2|Johnnytravs1|101|1259
|teamsize|p1|6
|teamsize|p2|6
|gen|9
|tier|[Gen 9] OU
|rated|
|rule|HP Percentage Mod: HP is shown in percentages
|rule|Endless Battle Clause: Forcing endless battles is banned
|rule|Species Clause: Limit one of each Pokémon
|rule|OHKO Clause: OHKO moves are banned
|rule|Evasion Items Clause: Evasion items are banned
|rule|Evasion Moves Clause: Evasion moves are banned
|rule|Sleep Moves Clause: Sleep-inducing moves are banned
|clearpoke
|poke|p1|Darkrai|
|poke|p1|Kingambit, M|
|poke|p1|Garganacl, M|
|poke|p1|Maushold-Four|
|poke|p1|Ogerpon-Wellspring, F|
|poke|p1|Great Tusk|
|poke|p2|Misdreavus, M|
|poke|p2|Maushold|
|poke|p2|Primarina, M|
|poke|p2|Metagross|
|poke|p2|Weavile, M|
|poke|p2|Cinderace, M|
|teampreview
|inactive|Battle timer is ON: inactive players will automatically lose when time's up. (requested by Hoenn's Fury)
|
|t:|1743861484
|start
|switch|p1a: Greater Tusk|Great Tusk|100/100
|switch|p2a: Misdreavus|Misdreavus, M|100/100
|turn|1
|
|t:|1743861499
|move|p1a: Greater Tusk|Head Smash|p2a: Misdreavus
|-damage|p2a: Misdreavus|37/100
|-damage|p1a: Greater Tusk|78/100|[from] Recoil
|move|p2a: Misdreavus|Will-O-Wisp|p1a: Greater Tusk
|-status|p1a: Greater Tusk|brn
|
|-damage|p1a: Greater Tusk|72/100 brn|[from] brn
|upkeep
|turn|2
|
|t:|1743861507
|move|p1a: Greater Tusk|Head Smash|p2a: Misdreavus
|-damage|p2a: Misdreavus|0 fnt
|faint|p2a: Misdreavus
|-damage|p1a: Greater Tusk|59/100 brn|[from] Recoil
|
|-damage|p1a: Greater Tusk|53/100 brn|[from] brn
|upkeep
|
|t:|1743861511
|switch|p2a: Maushold|Maushold|100/100
|turn|3
|
|t:|1743861517
|move|p2a: Maushold|Tidy Up|p2a: Maushold
|-boost|p2a: Maushold|atk|1
|-boost|p2a: Maushold|spe|1
|move|p1a: Greater Tusk|Close Combat|p2a: Maushold
|-supereffective|p2a: Maushold
|-damage|p2a: Maushold|8/100
|-unboost|p1a: Greater Tusk|def|1
|-unboost|p1a: Greater Tusk|spd|1
|
|-damage|p1a: Greater Tusk|47/100 brn|[from] brn
|upkeep
|turn|4
|
|t:|1743861527
|move|p2a: Maushold|Population Bomb|p1a: Greater Tusk|[miss]
|-miss|p2a: Maushold|p1a: Greater Tusk
|move|p1a: Greater Tusk|Rapid Spin|p2a: Maushold
|-damage|p2a: Maushold|0 fnt
|-boost|p1a: Greater Tusk|spe|1
|faint|p2a: Maushold
|
|-damage|p1a: Greater Tusk|40/100 brn|[from] brn
|upkeep
|
|t:|1743861533
|switch|p2a: Metagross|Metagross|100/100
|turn|5
|c|☆Hoenn's Fury|bad luck.
|
|t:|1743861539
|move|p1a: Greater Tusk|Headlong Rush|p2a: Metagross
|-supereffective|p2a: Metagross
|-damage|p2a: Metagross|55/100
|-unboost|p1a: Greater Tusk|def|1
|-unboost|p1a: Greater Tusk|spd|1
|-enditem|p2a: Metagross|Weakness Policy
|-boost|p2a: Metagross|atk|2|[from] item: Weakness Policy
|-boost|p2a: Metagross|spa|2|[from] item: Weakness Policy
|move|p2a: Metagross|Agility|p2a: Metagross
|-boost|p2a: Metagross|spe|2
|
|-damage|p1a: Greater Tusk|34/100 brn|[from] brn
|upkeep
|turn|6
|inactive|Hoenn's Fury has 120 seconds left.
|
|t:|1743861575
|move|p2a: Metagross|Bullet Punch|p1a: Greater Tusk
|-damage|p1a: Greater Tusk|0 fnt
|faint|p1a: Greater Tusk
|-end|p1a: Greater Tusk|Protosynthesis|[silent]
|
|upkeep
|
|t:|1743861580
|switch|p1a: Badness|Darkrai|100/100
|turn|7
|
|t:|1743861591
|move|p2a: Metagross|Earthquake|p1a: Badness
|-damage|p1a: Badness|15/100
|move|p1a: Badness|Dark Pulse|p2a: Metagross
|-supereffective|p2a: Metagross
|-damage|p2a: Metagross|0 fnt
|faint|p2a: Metagross
|
|upkeep
|
|t:|1743861596
|switch|p2a: Weavile|Weavile, M|100/100
|-ability|p2a: Weavile|Pressure
|turn|8
|
|t:|1743861613
|move|p2a: Weavile|Fake Out|p1a: Badness
|-crit|p1a: Badness
|-damage|p1a: Badness|0 fnt
|faint|p1a: Badness
|-damage|p2a: Weavile|91/100|[from] item: Life Orb
|
|upkeep
|
|t:|1743861622
|switch|p1a: GarGarg|Garganacl, M|100/100
|turn|9
|
|t:|1743861628
|move|p2a: Weavile|Knock Off|p1a: GarGarg
|-damage|p1a: GarGarg|59/100
|-enditem|p1a: GarGarg|Leftovers|[from] move: Knock Off|[of] p2a: Weavile
|-damage|p2a: Weavile|81/100|[from] item: Life Orb
|move|p1a: GarGarg|Salt Cure|p2a: Weavile
|-supereffective|p2a: Weavile
|-damage|p2a: Weavile|31/100
|-start|p2a: Weavile|Salt Cure
|
|-damage|p2a: Weavile|18/100|[from] Salt Cure
|upkeep
|turn|10
|
|t:|1743861638
|move|p2a: Weavile|Triple Axel|p1a: GarGarg
|-damage|p1a: GarGarg|50/100
|-damage|p1a: GarGarg|32/100
|-hitcount|p1a: GarGarg|2
|-damage|p2a: Weavile|8/100|[from] item: Life Orb
|move|p1a: GarGarg|Recover|p1a: GarGarg
|-heal|p1a: GarGarg|82/100
|
|-damage|p2a: Weavile|0 fnt|[from] Salt Cure
|faint|p2a: Weavile
|upkeep
|
|t:|1743861644
|switch|p2a: Primarina|Primarina, M|100/100
|turn|11
|
|t:|1743861651
|move|p2a: Primarina|Hyper Voice|p1a: GarGarg
|-supereffective|p1a: GarGarg
|-damage|p1a: GarGarg|25/100
|move|p1a: GarGarg|Salt Cure|p2a: Primarina
|-damage|p2a: Primarina|83/100
|-start|p2a: Primarina|Salt Cure
|
|-heal|p2a: Primarina|89/100|[from] item: Leftovers
|-damage|p2a: Primarina|64/100|[from] Salt Cure
|upkeep
|turn|12
|
|t:|1743861660
|move|p1a: GarGarg|Protect|p1a: GarGarg
|-singleturn|p1a: GarGarg|Protect
|move|p2a: Primarina|Calm Mind|p2a: Primarina
|-boost|p2a: Primarina|spa|1
|-boost|p2a: Primarina|spd|1
|
|-heal|p2a: Primarina|70/100|[from] item: Leftovers
|-damage|p2a: Primarina|45/100|[from] Salt Cure
|upkeep
|turn|13
|
|t:|1743861669
|move|p1a: GarGarg|Protect||[still]
|-fail|p1a: GarGarg
|move|p2a: Primarina|Draining Kiss|p1a: GarGarg
|-damage|p1a: GarGarg|0 fnt
|-heal|p2a: Primarina|69/100|[from] drain|[of] p1a: GarGarg
|faint|p1a: GarGarg
|
|-heal|p2a: Primarina|75/100|[from] item: Leftovers
|-damage|p2a: Primarina|50/100|[from] Salt Cure
|upkeep
|
|t:|1743861679
|switch|p1a: Happy Family|Maushold-Four|100/100
|turn|14
|
|t:|1743861685
|-terastallize|p1a: Happy Family|Normal
|move|p1a: Happy Family|Population Bomb|p2a: Primarina
|-damage|p2a: Primarina|26/100
|-damage|p2a: Primarina|6/100
|-damage|p2a: Primarina|0 fnt
|faint|p2a: Primarina
|-hitcount|p2: Primarina|3
|
|upkeep
|
|t:|1743861689
|switch|p2a: Cinderace|Cinderace, M|100/100
|turn|15
|c|☆Hoenn's Fury|gg.
|
|t:|1743861696
|move|p2a: Cinderace|Pyro Ball|p1a: Happy Family
|-damage|p1a: Happy Family|2/100
|move|p1a: Happy Family|Population Bomb|p2a: Cinderace
|-damage|p2a: Cinderace|77/100
|-damage|p2a: Cinderace|55/100
|-damage|p2a: Cinderace|33/100
|-damage|p2a: Cinderace|9/100
|-damage|p2a: Cinderace|0 fnt
|faint|p2a: Cinderace
|-hitcount|p2: Cinderace|5
|
|win|Hoenn's Fury
|raw|Hoenn&apos;s Fury's rating: 1254 &rarr; <strong>1279</strong><br />(+25 for winning)
|raw|Johnnytravs1's rating: 1259 &rarr; <strong>1234</strong><br />(-25 for losing)
|l|☆Johnnytravs1
|player|p2|
|c|☆Hoenn's Fury|Oof.
|l|☆Hoenn's Fury
|player|p1|
