|j|☆Testitify
|j|☆falconnnn
|t:|1743856690
|gametype|singles
|player|p1|Testitify|ltsurge|1326
|player|p2|falconnnn|youngn|1306
|teamsize|p1|6
|teamsize|p2|6
|gen|9
|tier|[Gen 9] OU
|rated|
|rule|HP Percentage Mod: HP is shown in percentages
|rule|Endless Battle Clause: Forcing endless battles is banned
|rule|Species Clause: Limit one of each Pokémon
|rule|OHKO Clause: OHKO moves are banned
|rule|Evasion Items Clause: Evasion items are banned
|rule|Evasion Moves Clause: Evasion moves are banned
|rule|Sleep Moves Clause: Sleep-inducing moves are banned
|clearpoke
|poke|p1|Iron Valiant|
|poke|p1|Cinderace, M|
|poke|p1|Iron Treads|
|poke|p1|Kyurem|
|poke|p1|Iron Crown|
|poke|p1|Landorus-Therian, M|
|poke|p2|Thundurus-Therian, M|
|poke|p2|Meowscarada, M|
|poke|p2|Hatterene, F|
|poke|p2|Great Tusk|
|poke|p2|Toxapex, M|
|poke|p2|Slither Wing|
|teampreview
|inactive|Battle timer is ON: inactive players will automatically lose when time's up. (requested by Testitify)
|l|☆Testitify
|inactive|Testitify disconnected and has a minute to reconnect!
|player|p1|
|
|t:|1743856718
|start
|switch|p1a: Cinderace|Cinderace, M|100/100
|switch|p2a: Slither Wing|Slither Wing|100/100
|turn|1
|j|☆Testitify
|inactive|Testitify reconnected and has 140 seconds left.
|player|p1|Testitify|ltsurge|
|
|t:|1743856731
|-end|p2a: Slither Wing|Protosynthesis|[silent]
|switch|p2a: Toxapex|Toxapex, M|100/100
|move|p1a: Cinderace|U-turn|p2a: Toxapex
|-start|p1a: Cinderace|typechange|Bug|[from] ability: Libero
|-resisted|p2a: Toxapex
|-damage|p2a: Toxapex|81/100
|
|t:|1743856733
|switch|p1a: Iron Treads|Iron Treads|100/100|[from] U-turn
|
|upkeep
|turn|2
|inactive|falconnnn has 120 seconds left.
|
|t:|1743856778
|move|p1a: Iron Treads|Stealth Rock|p2a: Toxapex
|-sidestart|p2: falconnnn|move: Stealth Rock
|move|p2a: Toxapex|Surf|p1a: Iron Treads
|-supereffective|p1a: Iron Treads
|-damage|p1a: Iron Treads|18/100
|
|upkeep
|turn|3
|
|t:|1743856783
|move|p1a: Iron Treads|Earthquake|p2a: Toxapex
|-supereffective|p2a: Toxapex
|-damage|p2a: Toxapex|0 fnt
|faint|p2a: Toxapex
|
|upkeep
|
|t:|1743856789
|switch|p2a: Great Tusk|Great Tusk|100/100
|-damage|p2a: Great Tusk|98/100|[from] Stealth Rock
|turn|4
|l|☆Testitify
|inactive|Testitify disconnected and has a minute to reconnect!
|player|p1|
|inactive|Testitify has 30 seconds to reconnect!
|j|☆Testitify
|inactive|Testitify reconnected and has 95 seconds left.
|player|p1|Testitify|ltsurge|
|inactive|Testitify has 90 seconds left.
|
|t:|1743856862
|-end|p1a: Iron Treads|Quark Drive|[silent]
|switch|p1a: Landorus|Landorus-Therian, M|100/100
|-ability|p1a: Landorus|Intimidate|boost
|-unboost|p2a: Great Tusk|atk|1
|move|p2a: Great Tusk|Rapid Spin|p1a: Landorus
|-damage|p1a: Landorus|88/100
|-boost|p2a: Great Tusk|spe|1
|-sideend|p2: falconnnn|Stealth Rock|[from] move: Rapid Spin|[of] p2a: Great Tusk
|
|upkeep
|turn|5
|inactive|falconnnn has 120 seconds left.
|
|t:|1743856901
|-end|p2a: Great Tusk|Protosynthesis|[silent]
|switch|p2a: Thundurus|Thundurus-Therian, M|100/100
|move|p1a: Landorus|Psychic|p2a: Thundurus
|-damage|p2a: Thundurus|56/100
|-damage|p1a: Landorus|78/100|[from] item: Life Orb
|
|upkeep
|turn|6
|inactive|Testitify has 90 seconds left.
|
|t:|1743856913
|switch|p1a: Kyurem|Kyurem|100/100
|-ability|p1a: Kyurem|Pressure
|-terastallize|p2a: Thundurus|Flying
|move|p2a: Thundurus|Tera Blast|p1a: Kyurem|[anim] Tera Blast Flying
|-damage|p1a: Kyurem|13/100
|
|upkeep
|turn|7
|inactive|Testitify has 90 seconds left.
|
|t:|1743856926
|move|p2a: Thundurus|Tera Blast|p1a: Kyurem|[anim] Tera Blast Flying
|-damage|p1a: Kyurem|0 fnt
|faint|p1a: Kyurem
|
|upkeep
|
|t:|1743856928
|switch|p1a: Cinderace|Cinderace, M|100/100
|turn|8
|
|t:|1743856936
|switch|p2a: Great Tusk|Great Tusk|98/100
|move|p1a: Cinderace|Flare Blitz|p2a: Great Tusk
|-damage|p2a: Great Tusk|41/100
|-damage|p1a: Cinderace|84/100|[from] item: Rocky Helmet|[of] p2a: Great Tusk
|-damage|p1a: Cinderace|57/100|[from] Recoil
|
|upkeep
|turn|9
|
|t:|1743856946
|move|p1a: Cinderace|Flare Blitz|p2a: Great Tusk
|-damage|p2a: Great Tusk|0 fnt
|-damage|p1a: Cinderace|40/100|[from] item: Rocky Helmet|[of] p2a: Great Tusk
|faint|p2a: Great Tusk
|-end|p2a: Great Tusk|Protosynthesis|[silent]
|-damage|p1a: Cinderace|21/100|[from] Recoil
|
|upkeep
|
|t:|1743856955
|switch|p2a: Meowscarada|Meowscarada, M|100/100
|turn|10
|
|t:|1743856963
|move|p2a: Meowscarada|Triple Axel|p1a: Cinderace
|-start|p2a: Meowscarada|typechange|Ice|[from] ability: Protean
|-resisted|p1a: Cinderace
|-damage|p1a: Cinderace|14/100
|-hitcount|p1a: Cinderace|1
|move|p1a: Cinderace|Flare Blitz|p2a: Meowscarada
|-supereffective|p2a: Meowscarada
|-damage|p2a: Meowscarada|0 fnt
|faint|p2a: Meowscarada
|-damage|p1a: Cinderace|0 fnt|[from] Recoil
|faint|p1a: Cinderace
|
|upkeep
|inactive|falconnnn has 120 seconds left.
|
|t:|1743856980
|switch|p2a: Thundurus|Thundurus-Therian, M, tera:Flying|56/100
|switch|p1a: Iron Crown|Iron Crown|100/100
|turn|11
|
|t:|1743856988
|move|p2a: Thundurus|Volt Switch|p1a: Iron Crown
|-damage|p1a: Iron Crown|63/100
|
|t:|1743856992
|switch|p2a: Slither Wing|Slither Wing|100/100|[from] Volt Switch
|move|p1a: Iron Crown|Psyshock|p2a: Slither Wing
|-supereffective|p2a: Slither Wing
|-damage|p2a: Slither Wing|0 fnt
|faint|p2a: Slither Wing
|-end|p2a: Slither Wing|Protosynthesis|[silent]
|
|upkeep
|inactive|falconnnn has 120 seconds left.
|
|t:|1743856998
|switch|p2a: Hatterene|Hatterene, F|100/100
|turn|12
|l|☆Testitify
|inactive|Testitify disconnected and has a minute to reconnect!
|player|p1|
|j|☆Testitify
|inactive|Testitify reconnected and has 115 seconds left.
|player|p1|Testitify|ltsurge|
|
|t:|1743857045
|move|p1a: Iron Crown|Tachyon Cutter|p2a: Hatterene
|-supereffective|p2a: Hatterene
|-damage|p2a: Hatterene|48/100
|-supereffective|p2a: Hatterene
|-damage|p2a: Hatterene|0 fnt
|faint|p2a: Hatterene
|-hitcount|p2: Hatterene|2
|
|upkeep
|inactive|falconnnn has 120 seconds left.
|
|t:|1743857089
|switch|p2a: Thundurus|Thundurus-Therian, M, tera:Flying|56/100
|turn|13
|
|t:|1743857095
|move|p2a: Thundurus|Tera Blast|p1a: Iron Crown|[anim] Tera Blast Flying
|-resisted|p1a: Iron Crown
|-damage|p1a: Iron Crown|34/100
|move|p1a: Iron Crown|Psyshock|p2a: Thundurus
|-damage|p2a: Thundurus|0 fnt
|faint|p2a: Thundurus
|
|win|Testitify
|raw|Testitify's rating: 1326 &rarr; <strong>1345</strong><br />(+19 for winning)
|raw|falconnnn's rating: 1306 &rarr; <strong>1287</strong><br />(-19 for losing)
|l|☆falconnnn
|player|p2|
|l|☆Testitify
|player|p1|
