|j|☆opgamer21
|j|☆Jebus1989_
|t:|1743857198
|gametype|singles
|player|p1|opgamer21|1|1647
|player|p2|Jebus1989_|ethan|1709
|teamsize|p1|6
|teamsize|p2|6
|gen|9
|tier|[Gen 9] OU
|rated|
|rule|HP Percentage Mod: HP is shown in percentages
|rule|Endless Battle Clause: Forcing endless battles is banned
|rule|Species Clause: Limit one of each Pokémon
|rule|OHKO Clause: OHKO moves are banned
|rule|Evasion Items Clause: Evasion items are banned
|rule|Evasion Moves Clause: Evasion moves are banned
|rule|Sleep Moves Clause: Sleep-inducing moves are banned
|clearpoke
|poke|p1|Ribombee, M|
|poke|p1|Iron Crown|
|poke|p1|Gholdengo|
|poke|p1|Iron Moth|
|poke|p1|Great Tusk|
|poke|p1|Raging Bolt|
|poke|p2|Hawlucha, M|
|poke|p2|Weezing-Galar, M|
|poke|p2|Kingambit, M|
|poke|p2|Frosmoth, M|
|poke|p2|Vaporeon, F|
|poke|p2|Great Tusk|
|teampreview
|inactive|Battle timer is ON: inactive players will automatically lose when time's up. (requested by Jebus1989_)
|
|t:|1743857218
|start
|switch|p1a: Ribombee|Ribombee, M|100/100
|switch|p2a: Weezing|Weezing-Galar, M, shiny|100/100
|-fieldstart|move: Misty Terrain|[from] ability: Misty Surge|[of] p2a: Weezing
|turn|1
|
|t:|1743857226
|switch|p2a: Frosmoth|Frosmoth, M|100/100
|move|p1a: Ribombee|Stun Spore|p2a: Frosmoth|[miss]
|-miss|p1a: Ribombee|p2a: Frosmoth
|
|upkeep
|turn|2
|
|t:|1743857233
|move|p1a: Ribombee|Sticky Web|p2a: Frosmoth
|-sidestart|p2: Jebus1989_|move: Sticky Web
|move|p2a: Frosmoth|Quiver Dance|p2a: Frosmoth
|-boost|p2a: Frosmoth|spa|1
|-boost|p2a: Frosmoth|spd|1
|-boost|p2a: Frosmoth|spe|1
|
|upkeep
|turn|3
|j| kingambit player
|
|t:|1743857239
|move|p1a: Ribombee|Stun Spore|p2a: Frosmoth|[miss]
|-miss|p1a: Ribombee|p2a: Frosmoth
|move|p2a: Frosmoth|Quiver Dance|p2a: Frosmoth
|-boost|p2a: Frosmoth|spa|1
|-boost|p2a: Frosmoth|spd|1
|-boost|p2a: Frosmoth|spe|1
|
|upkeep
|turn|4
|l| kingambit player
|
|t:|1743857246
|switch|p1a: Iron Crown|Iron Crown|100/100
|move|p2a: Frosmoth|Substitute|p2a: Frosmoth
|-start|p2a: Frosmoth|Substitute
|-damage|p2a: Frosmoth|76/100
|
|-heal|p2a: Frosmoth|82/100|[from] item: Leftovers
|upkeep
|turn|5
|
|t:|1743857249
|-terastallize|p2a: Frosmoth|Ground
|move|p2a: Frosmoth|Tera Blast|p1a: Iron Crown|[anim] Tera Blast Ground
|-supereffective|p1a: Iron Crown
|-damage|p1a: Iron Crown|0 fnt
|faint|p1a: Iron Crown
|-end|p1a: Iron Crown|Quark Drive|[silent]
|
|-heal|p2a: Frosmoth|88/100|[from] item: Leftovers
|upkeep
|
|t:|1743857276
|switch|p1a: Ribombee|Ribombee, M|100/100
|turn|6
|
|t:|1743857285
|move|p2a: Frosmoth|Quiver Dance|p2a: Frosmoth
|-boost|p2a: Frosmoth|spa|1
|-boost|p2a: Frosmoth|spd|1
|-boost|p2a: Frosmoth|spe|1
|move|p1a: Ribombee|Moonblast|p2a: Frosmoth
|-activate|p2a: Frosmoth|move: Substitute|[damage]
|
|-heal|p2a: Frosmoth|94/100|[from] item: Leftovers
|upkeep
|turn|7
|
|t:|1743857291
|move|p2a: Frosmoth|Quiver Dance|p2a: Frosmoth
|-boost|p2a: Frosmoth|spa|1
|-boost|p2a: Frosmoth|spd|1
|-boost|p2a: Frosmoth|spe|1
|move|p1a: Ribombee|Moonblast|p2a: Frosmoth
|-activate|p2a: Frosmoth|move: Substitute|[damage]
|
|-heal|p2a: Frosmoth|99/100|[from] item: Leftovers
|upkeep
|turn|8
|
|t:|1743857295
|move|p2a: Frosmoth|Quiver Dance|p2a: Frosmoth
|-boost|p2a: Frosmoth|spa|1
|-boost|p2a: Frosmoth|spd|1
|-boost|p2a: Frosmoth|spe|1
|move|p1a: Ribombee|Moonblast|p2a: Frosmoth
|-end|p2a: Frosmoth|Substitute
|
|-heal|p2a: Frosmoth|100/100|[from] item: Leftovers
|-fieldend|Misty Terrain
|upkeep
|turn|9
|
|t:|1743857297
|move|p2a: Frosmoth|Substitute|p2a: Frosmoth
|-start|p2a: Frosmoth|Substitute
|-damage|p2a: Frosmoth|76/100
|move|p1a: Ribombee|Moonblast|p2a: Frosmoth
|-activate|p2a: Frosmoth|move: Substitute|[damage]
|
|-heal|p2a: Frosmoth|82/100|[from] item: Leftovers
|upkeep
|turn|10
|c|☆opgamer21|gg
|-message|opgamer21 forfeited.
|
|win|Jebus1989_
|raw|opgamer21's rating: 1647 &rarr; <strong>1631</strong><br />(-16 for losing)
|raw|Jebus1989_'s rating: 1709 &rarr; <strong>1725</strong><br />(+16 for winning)
|l|☆opgamer21
|player|p1|
|l|☆Jebus1989_
|player|p2|
