|j|☆ruee3
|j|☆andrewtb491
|t:|1743896389
|gametype|singles
|player|p1|ruee3|caitlin|1431
|player|p2|andrewtb491|1|1479
|teamsize|p1|6
|teamsize|p2|6
|gen|9
|tier|[Gen 9] OU
|rated|
|rule|HP Percentage Mod: HP is shown in percentages
|rule|Endless Battle Clause: Forcing endless battles is banned
|rule|Species Clause: Limit one of each Pokémon
|rule|OHKO Clause: OHKO moves are banned
|rule|Evasion Items Clause: Evasion items are banned
|rule|Evasion Moves Clause: Evasion moves are banned
|rule|Sleep Moves Clause: Sleep-inducing moves are banned
|clearpoke
|poke|p1|Darkrai|
|poke|p1|Garchomp, M|
|poke|p1|Moltres|
|poke|p1|Ogerpon-Wellspring, F|
|poke|p1|Pecharunt|
|poke|p1|Great Tusk|
|poke|p2|Greninja-*, M|
|poke|p2|Landorus-Therian, M|
|poke|p2|Conkeldurr, F|
|poke|p2|Slowking-Galar, F|
|poke|p2|Cinderace, M|
|poke|p2|Dragapult, F|
|teampreview
|
|t:|1743896418
|start
|switch|p1a: Garchomp|Garchomp, M|100/100
|switch|p2a: Dragapult|Dragapult, F|100/100
|turn|1
|
|t:|1743896425
|switch|p1a: Moltres|Moltres|100/100
|move|p2a: Dragapult|Draco Meteor|p1a: Moltres
|-damage|p1a: Moltres|34/100
|-unboost|p2a: Dragapult|spa|2
|
|upkeep
|turn|2
|
|t:|1743896439
|switch|p2a: Slowking|Slowking-Galar, F|100/100
|move|p1a: Moltres|Roost|p1a: Moltres
|-heal|p1a: Moltres|84/100
|-singleturn|p1a: Moltres|move: Roost
|
|upkeep
|turn|3
|
|t:|1743896450
|move|p1a: Moltres|U-turn|p2a: Slowking
|-damage|p2a: Slowking|87/100
|
|t:|1743896452
|switch|p1a: Garchomp|Garchomp, M|100/100|[from] U-turn
|move|p2a: Slowking|Thunder Wave|p1a: Garchomp
|-immune|p1a: Garchomp
|
|-heal|p2a: Slowking|93/100|[from] item: Leftovers
|upkeep
|turn|4
|
|t:|1743896468
|switch|p2a: Landorus|Landorus-Therian, M|100/100
|-ability|p2a: Landorus|Intimidate|boost
|-unboost|p1a: Garchomp|atk|1
|move|p1a: Garchomp|Stealth Rock|p2a: Landorus
|-sidestart|p2: andrewtb491|move: Stealth Rock
|
|upkeep
|turn|5
|
|t:|1743896477
|move|p2a: Landorus|Stealth Rock|p1a: Garchomp
|-sidestart|p1: ruee3|move: Stealth Rock
|move|p1a: Garchomp|Earthquake|p2a: Landorus
|-immune|p2a: Landorus
|
|upkeep
|turn|6
|
|t:|1743896486
|move|p2a: Landorus|Earthquake|p1a: Garchomp
|-damage|p1a: Garchomp|62/100
|move|p1a: Garchomp|Spikes|p2a: Landorus
|-sidestart|p2: andrewtb491|Spikes
|
|upkeep
|turn|7
|
|t:|1743896492
|move|p2a: Landorus|U-turn|p1a: Garchomp
|-damage|p1a: Garchomp|47/100
|-damage|p2a: Landorus|88/100|[from] ability: Rough Skin|[of] p1a: Garchomp
|-damage|p2a: Landorus|72/100|[from] item: Rocky Helmet|[of] p1a: Garchomp
|
|t:|1743896500
|switch|p2a: Cinderace|Cinderace, M|100/100|[from] U-turn
|move|p1a: Garchomp|Dragon Tail|p2a: Cinderace
|-damage|p2a: Cinderace|77/100
|drag|p2a: Dragapult|Dragapult, F|100/100
|-damage|p2a: Dragapult|88/100|[from] Stealth Rock
|-damage|p2a: Dragapult|76/100|[from] Spikes
|
|upkeep
|turn|8
|
|t:|1743896510
|move|p2a: Dragapult|Shadow Ball|p1a: Garchomp
|-damage|p1a: Garchomp|0 fnt
|faint|p1a: Garchomp
|
|upkeep
|
|t:|1743896516
|switch|p1a: Darkrai|Darkrai|100/100
|-damage|p1a: Darkrai|88/100|[from] Stealth Rock
|turn|9
|
|t:|1743896525
|switch|p2a: Conkeldurr|Conkeldurr, F|100/100
|-damage|p2a: Conkeldurr|94/100|[from] Stealth Rock
|-damage|p2a: Conkeldurr|82/100|[from] Spikes
|move|p1a: Darkrai|Nasty Plot|p1a: Darkrai
|-boost|p1a: Darkrai|spa|2
|
|-heal|p1a: Darkrai|94/100|[from] item: Leftovers
|-status|p2a: Conkeldurr|brn|[from] item: Flame Orb
|upkeep
|turn|10
|
|t:|1743896537
|-terastallize|p1a: Darkrai|Poison
|move|p2a: Conkeldurr|Mach Punch|p1a: Darkrai
|-resisted|p1a: Darkrai
|-damage|p1a: Darkrai|72/100
|move|p1a: Darkrai|Sludge Bomb|p2a: Conkeldurr
|-damage|p2a: Conkeldurr|0 fnt
|faint|p2a: Conkeldurr
|
|-heal|p1a: Darkrai|78/100|[from] item: Leftovers
|upkeep
|
|t:|1743896550
|switch|p2a: Dragapult|Dragapult, F|76/100
|-damage|p2a: Dragapult|64/100|[from] Stealth Rock
|-damage|p2a: Dragapult|51/100|[from] Spikes
|turn|11
|
|t:|1743896560
|move|p2a: Dragapult|Shadow Ball|p1a: Darkrai
|-damage|p1a: Darkrai|20/100
|move|p1a: Darkrai|Dark Pulse|p2a: Dragapult
|-supereffective|p2a: Dragapult
|-damage|p2a: Dragapult|0 fnt
|faint|p2a: Dragapult
|
|-heal|p1a: Darkrai|26/100|[from] item: Leftovers
|upkeep
|
|t:|1743896572
|switch|p2a: Greninja|Greninja, M|100/100
|-damage|p2a: Greninja|88/100|[from] Stealth Rock
|-damage|p2a: Greninja|76/100|[from] Spikes
|turn|12
|
|t:|1743896581
|move|p2a: Greninja|Water Shuriken|p1a: Darkrai
|-damage|p1a: Darkrai|16/100
|-damage|p1a: Darkrai|5/100
|-damage|p1a: Darkrai|0 fnt
|faint|p1a: Darkrai
|-ability|p2a: Greninja|Battle Bond|boost
|-boost|p2a: Greninja|atk|1
|-boost|p2a: Greninja|spa|1
|-boost|p2a: Greninja|spe|1
|-activate|p2a: Greninja|ability: Battle Bond
|-hitcount|p1: Darkrai|3
|-damage|p2a: Greninja|66/100|[from] item: Life Orb
|
|upkeep
|
|t:|1743896591
|switch|p1a: Great Tusk|Great Tusk|100/100
|-damage|p1a: Great Tusk|98/100|[from] Stealth Rock
|turn|13
|
|t:|1743896603
|-terastallize|p2a: Greninja|Water
|move|p2a: Greninja|Surf|p1a: Great Tusk
|-supereffective|p1a: Great Tusk
|-damage|p1a: Great Tusk|0 fnt
|faint|p1a: Great Tusk
|-end|p1a: Great Tusk|Protosynthesis|[silent]
|-damage|p2a: Greninja|56/100|[from] item: Life Orb
|
|upkeep
|
|t:|1743896617
|switch|p1a: Ogerpon|Ogerpon-Wellspring, F|100/100
|-damage|p1a: Ogerpon|88/100|[from] Stealth Rock
|turn|14
|
|t:|1743896622
|move|p2a: Greninja|Dark Pulse|p1a: Ogerpon
|-crit|p1a: Ogerpon
|-damage|p1a: Ogerpon|0 fnt
|faint|p1a: Ogerpon
|-damage|p2a: Greninja|46/100|[from] item: Life Orb
|
|upkeep
|-message|ruee3 forfeited.
|
|win|andrewtb491
|raw|ruee3's rating: 1431 &rarr; <strong>1414</strong><br />(-17 for losing)
|raw|andrewtb491's rating: 1479 &rarr; <strong>1496</strong><br />(+17 for winning)
|l|☆ruee3
|player|p1|
