|j|☆AZZBoi
|j|☆dragonfan96
|t:|1743915992
|gametype|singles
|player|p1|AZZBoi|2|1122
|player|p2|dragonfan96|dragontamer|1100
|teamsize|p1|6
|teamsize|p2|6
|gen|9
|tier|[Gen 9] OU
|rated|
|rule|HP Percentage Mod: HP is shown in percentages
|rule|Endless Battle Clause: Forcing endless battles is banned
|rule|Species Clause: Limit one of each Pokémon
|rule|OHKO Clause: OHKO moves are banned
|rule|Evasion Items Clause: Evasion items are banned
|rule|Evasion Moves Clause: Evasion moves are banned
|rule|Sleep Moves Clause: Sleep-inducing moves are banned
|clearpoke
|poke|p1|Gyarados, F|
|poke|p1|Dragonite, F|
|poke|p1|Incineroar, F|
|poke|p1|Landorus-Therian, M|
|poke|p1|Scizor, F|
|poke|p1|Zapdos|
|poke|p2|Rotom-Wash|
|poke|p2|Cresselia, F|
|poke|p2|Raging Bolt|
|poke|p2|Galvantula, M|
|poke|p2|Iron Thorns|
|poke|p2|Bellibolt, F|
|teampreview
|
|t:|1743916005
|start
|switch|p1a: Landorus|Landorus-Therian, M|100/100
|switch|p2a: Cresselia|Cresselia, F|100/100
|-ability|p1a: Landorus|Intimidate|boost
|-unboost|p2a: Cresselia|atk|1
|turn|1
|
|t:|1743916016
|-terastallize|p2a: Cresselia|Electric
|move|p1a: Landorus|Stealth Rock|p2a: Cresselia
|-sidestart|p2: dragonfan96|move: Stealth Rock
|move|p2a: Cresselia|Ice Beam|p1a: Landorus
|-supereffective|p1a: Landorus
|-damage|p1a: Landorus|0 fnt
|faint|p1a: Landorus
|
|upkeep
|inactive|Battle timer is ON: inactive players will automatically lose when time's up. (requested by dragonfan96)
|inactive|AZZBoi has 120 seconds left.
|
|t:|1743916074
|switch|p1a: Incineroar|Incineroar, F|100/100
|-ability|p1a: Incineroar|Intimidate|boost
|-unboost|p2a: Cresselia|atk|1
|turn|2
|
|t:|1743916080
|move|p2a: Cresselia|Dazzling Gleam|p1a: Incineroar
|-damage|p1a: Incineroar|80/100
|move|p1a: Incineroar|Bulk Up|p1a: Incineroar
|-boost|p1a: Incineroar|atk|1
|-boost|p1a: Incineroar|def|1
|
|upkeep
|turn|3
|
|t:|1743916092
|move|p2a: Cresselia|Thunderbolt|p1a: Incineroar
|-damage|p1a: Incineroar|44/100
|move|p1a: Incineroar|Bulk Up|p1a: Incineroar
|-boost|p1a: Incineroar|atk|1
|-boost|p1a: Incineroar|def|1
|
|upkeep
|turn|4
|
|t:|1743916108
|move|p2a: Cresselia|Thunderbolt|p1a: Incineroar
|-damage|p1a: Incineroar|11/100
|move|p1a: Incineroar|Darkest Lariat|p2a: Cresselia
|-damage|p2a: Cresselia|22/100
|-damage|p1a: Incineroar|1/100|[from] item: Life Orb
|
|upkeep
|turn|5
|
|t:|1743916126
|switch|p1a: Scizor|Scizor, F, shiny|100/100
|move|p2a: Cresselia|Thunderbolt|p1a: Scizor
|-damage|p1a: Scizor|55/100
|
|upkeep
|turn|6
|
|t:|1743916137
|switch|p2a: Galvantula|Galvantula, M|100/100
|-ability|p2a: Galvantula|Unnerve
|move|p1a: Scizor|Bullet Punch|p2a: Galvantula
|-resisted|p2a: Galvantula
|-damage|p2a: Galvantula|57/100
|-damage|p1a: Scizor|45/100|[from] item: Life Orb
|
|upkeep
|turn|7
|inactive|AZZBoi has 120 seconds left.
|
|t:|1743916173
|move|p1a: Scizor|Bullet Punch|p2a: Galvantula
|-resisted|p2a: Galvantula
|-damage|p2a: Galvantula|14/100
|-damage|p1a: Scizor|35/100|[from] item: Life Orb
|move|p2a: Galvantula|Sticky Web|p1a: Scizor
|-sidestart|p1: AZZBoi|move: Sticky Web
|
|upkeep
|turn|8
|
|t:|1743916194
|switch|p2a: Bellibolt|Bellibolt, F|100/100
|-damage|p2a: Bellibolt|88/100|[from] Stealth Rock
|switch|p1a: Zapdos|Zapdos|100/100
|
|upkeep
|turn|9
|inactive|AZZBoi has 90 seconds left.
|
|t:|1743916226
|switch|p2a: Iron Thorns|Iron Thorns|100/100
|-damage|p2a: Iron Thorns|88/100|[from] Stealth Rock
|move|p1a: Zapdos|Heat Wave|p2a: Iron Thorns
|-resisted|p2a: Iron Thorns
|-damage|p2a: Iron Thorns|75/100
|
|upkeep
|turn|10
|
|t:|1743916235
|move|p1a: Zapdos|Volt Switch|p2a: Iron Thorns
|-resisted|p2a: Iron Thorns
|-damage|p2a: Iron Thorns|61/100
|inactive|AZZBoi has 60 seconds left.
|
|t:|1743916265
|switch|p1a: Scizor|Scizor, F, shiny|35/100|[from] Volt Switch
|-activate|p1a: Scizor|move: Sticky Web
|-unboost|p1a: Scizor|spe|1
|move|p2a: Iron Thorns|Stealth Rock|p1a: Scizor
|-sidestart|p1: AZZBoi|move: Stealth Rock
|
|upkeep
|turn|11
|inactive|AZZBoi has 60 seconds left.
|
|t:|1743916283
|-end|p2a: Iron Thorns|Quark Drive|[silent]
|switch|p2a: Bellibolt|Bellibolt, F|88/100
|-damage|p2a: Bellibolt|76/100|[from] Stealth Rock
|move|p1a: Scizor|Brick Break|p2a: Bellibolt
|-damage|p2a: Bellibolt|45/100
|-start|p2a: Bellibolt|Charge|Brick Break|[from] ability: Electromorphosis
|-damage|p1a: Scizor|25/100|[from] item: Life Orb
|
|upkeep
|turn|12
|inactive|AZZBoi has 60 seconds left.
|inactive|dragonfan96 has 120 seconds left.
|
|t:|1743916313
|move|p1a: Scizor|Bullet Punch|p2a: Bellibolt
|-resisted|p2a: Bellibolt
|-damage|p2a: Bellibolt|25/100
|-start|p2a: Bellibolt|Charge|Bullet Punch|[from] ability: Electromorphosis
|-damage|p1a: Scizor|15/100|[from] item: Life Orb
|move|p2a: Bellibolt|Chilling Water|p1a: Scizor
|-crit|p1a: Scizor
|-damage|p1a: Scizor|0 fnt
|faint|p1a: Scizor
|
|upkeep
|
|t:|1743916327
|switch|p1a: Dragonite|Dragonite, F|100/100
|turn|13
|
|t:|1743916339
|-terastallize|p1a: Dragonite|Normal
|move|p1a: Dragonite|Dragon Dance|p1a: Dragonite
|-boost|p1a: Dragonite|atk|1
|-boost|p1a: Dragonite|spe|1
|move|p2a: Bellibolt|Discharge|p1a: Dragonite
|-damage|p1a: Dragonite|59/100
|-end|p2a: Bellibolt|Charge|[silent]
|
|upkeep
|turn|14
|inactive|AZZBoi has 60 seconds left.
|
|t:|1743916349
|move|p1a: Dragonite|Earthquake|p2a: Bellibolt
|-supereffective|p2a: Bellibolt
|-damage|p2a: Bellibolt|0 fnt
|faint|p2a: Bellibolt
|
|upkeep
|
|t:|1743916356
|switch|p2a: Cresselia|Cresselia, F, tera:Electric|22/100
|-damage|p2a: Cresselia|10/100|[from] Stealth Rock
|turn|15
|
|t:|1743916368
|move|p1a: Dragonite|Extreme Speed|p2a: Cresselia
|-damage|p2a: Cresselia|0 fnt
|faint|p2a: Cresselia
|
|upkeep
|
|t:|1743916383
|switch|p2a: Iron Thorns|Iron Thorns|61/100
|-damage|p2a: Iron Thorns|49/100|[from] Stealth Rock
|turn|16
|
|t:|1743916388
|move|p1a: Dragonite|Earthquake|p2a: Iron Thorns
|-supereffective|p2a: Iron Thorns
|-damage|p2a: Iron Thorns|0 fnt
|faint|p2a: Iron Thorns
|-end|p2a: Iron Thorns|Quark Drive|[silent]
|
|upkeep
|
|t:|1743916395
|switch|p2a: Raging Bolt|Raging Bolt|100/100
|-damage|p2a: Raging Bolt|88/100|[from] Stealth Rock
|-enditem|p2a: Raging Bolt|Booster Energy
|-activate|p2a: Raging Bolt|ability: Protosynthesis|[fromitem]
|-start|p2a: Raging Bolt|protosynthesisspa
|turn|17
|inactive|AZZBoi has 90 seconds left.
|
|t:|1743916415
|move|p1a: Dragonite|Extreme Speed|p2a: Raging Bolt
|-damage|p2a: Raging Bolt|32/100
|move|p2a: Raging Bolt|Dragon Tail|p1a: Dragonite
|-damage|p1a: Dragonite|44/100
|drag|p1a: Zapdos|Zapdos|100/100
|
|upkeep
|turn|18
|
|t:|1743916428
|move|p2a: Raging Bolt|Thunderclap|p1a: Zapdos
|-damage|p1a: Zapdos|51/100
|move|p1a: Zapdos|Heat Wave|p2a: Raging Bolt
|-resisted|p2a: Raging Bolt
|-damage|p2a: Raging Bolt|21/100
|
|upkeep
|turn|19
|
|t:|1743916441
|move|p2a: Raging Bolt|Thunderclap|p1a: Zapdos
|-damage|p1a: Zapdos|0 fnt
|faint|p1a: Zapdos
|
|upkeep
|
|t:|1743916450
|switch|p1a: Incineroar|Incineroar, F|1/100
|-activate|p1a: Incineroar|move: Sticky Web
|-unboost|p1a: Incineroar|spe|1
|-damage|p1a: Incineroar|0 fnt|[from] Stealth Rock
|faint|p1a: Incineroar
|
|t:|1743916457
|switch|p1a: Gyarados|Gyarados, F|100/100
|-damage|p1a: Gyarados|76/100|[from] Stealth Rock
|turn|20
|
|t:|1743916465
|move|p1a: Gyarados|Earthquake|p2a: Raging Bolt
|-supereffective|p2a: Raging Bolt
|-damage|p2a: Raging Bolt|0 fnt
|faint|p2a: Raging Bolt
|-end|p2a: Raging Bolt|Protosynthesis|[silent]
|-ability|p1a: Gyarados|Moxie|boost
|-boost|p1a: Gyarados|atk|1
|
|-heal|p1a: Gyarados|82/100|[from] item: Leftovers
|upkeep
|
|t:|1743916474
|switch|p2a: Rotom|Rotom-Wash|100/100
|-damage|p2a: Rotom|88/100|[from] Stealth Rock
|turn|21
|inactive|AZZBoi has 90 seconds left.
|inactive|AZZBoi has 60 seconds left.
|
|t:|1743916531
|move|p2a: Rotom|Thunderbolt|p1a: Gyarados
|-supereffective|p1a: Gyarados
|-damage|p1a: Gyarados|0 fnt
|faint|p1a: Gyarados
|
|upkeep
|
|t:|1743916538
|switch|p1a: Dragonite|Dragonite, F, tera:Normal|44/100
|turn|22
|
|t:|1743916565
|move|p2a: Rotom|Thunderbolt|p1a: Dragonite
|-crit|p1a: Dragonite
|-damage|p1a: Dragonite|0 fnt
|faint|p1a: Dragonite
|
|win|dragonfan96
|raw|AZZBoi's rating: 1122 &rarr; <strong>1095</strong><br />(-27 for losing)
|raw|dragonfan96's rating: 1100 &rarr; <strong>1127</strong><br />(+27 for winning)
|c|☆dragonfan96|ggs
|l|☆AZZBoi
|player|p1|
|l|☆dragonfan96
|player|p2|
|j|☆dragonfan96
|player|p2|dragonfan96|dragontamer|
