|j|☆The Name Change
|j|☆Shadow4cTest3r
|t:|1743835952
|gametype|singles
|player|p1|The Name Change|1|1512
|player|p2|Shadow4cTest3r|101|1541
|teamsize|p1|6
|teamsize|p2|6
|gen|9
|tier|[Gen 9] OU
|rated|
|rule|HP Percentage Mod: HP is shown in percentages
|rule|Endless Battle Clause: Forcing endless battles is banned
|rule|Species Clause: Limit one of each Pokémon
|rule|OHKO Clause: OHKO moves are banned
|rule|Evasion Items Clause: Evasion items are banned
|rule|Evasion Moves Clause: Evasion moves are banned
|rule|Sleep Moves Clause: Sleep-inducing moves are banned
|clearpoke
|poke|p1|Gliscor, F|
|poke|p1|Keldeo|
|poke|p1|Ting-Lu|
|poke|p1|Sinistcha-Masterpiece|
|poke|p1|Tinkaton, F|
|poke|p1|Dragonite, M|
|poke|p2|Garganacl, M|
|poke|p2|Hydrapple, F|
|poke|p2|Zamazenta-*|
|poke|p2|Ting-Lu|
|poke|p2|Slowking-Galar, F|
|poke|p2|Weezing-Galar, F|
|teampreview
|inactive|Battle timer is ON: inactive players will automatically lose when time's up. (requested by Shadow4cTest3r)
|
|t:|1743835978
|start
|switch|p1a: Tinkaton|Tinkaton, F|100/100
|switch|p2a: Weezing|Weezing-Galar, F|100/100
|-ability|p2a: Weezing|Neutralizing Gas
|-item|p1a: Tinkaton|Air Balloon
|turn|1
|
|t:|1743835982
|move|p1a: Tinkaton|Gigaton Hammer|p2a: Weezing
|-supereffective|p2a: Weezing
|-damage|p2a: Weezing|44/100
|move|p2a: Weezing|Will-O-Wisp|p1a: Tinkaton
|-status|p1a: Tinkaton|brn
|
|-heal|p2a: Weezing|50/100|[from] item: Leftovers
|-damage|p1a: Tinkaton|94/100 brn|[from] brn
|upkeep
|turn|2
|
|t:|1743835993
|move|p1a: Tinkaton|Stealth Rock|p2a: Weezing
|-sidestart|p2: Shadow4cTest3r|move: Stealth Rock
|move|p2a: Weezing|Pain Split|p1a: Tinkaton
|-sethp|p1a: Tinkaton|70/100 brn|[from] move: Pain Split|[silent]
|-sethp|p2a: Weezing|78/100|[from] move: Pain Split
|
|-heal|p2a: Weezing|84/100|[from] item: Leftovers
|-damage|p1a: Tinkaton|64/100 brn|[from] brn
|upkeep
|turn|3
|
|t:|1743836007
|-end|p2a: Weezing|ability: Neutralizing Gas
|-ability|p1a: Tinkaton|Mold Breaker
|switch|p2a: Ting-Lu|Ting-Lu|100/100
|-damage|p2a: Ting-Lu|94/100|[from] Stealth Rock
|-ability|p2a: Ting-Lu|Vessel of Ruin
|move|p1a: Tinkaton|Thunder Wave|p2a: Ting-Lu
|-immune|p2a: Ting-Lu
|
|-heal|p2a: Ting-Lu|100/100|[from] item: Leftovers
|-damage|p1a: Tinkaton|57/100 brn|[from] brn
|upkeep
|turn|4
|
|t:|1743836016
|switch|p1a: Ting-Lu|Ting-Lu|100/100
|-ability|p1a: Ting-Lu|Vessel of Ruin
|move|p2a: Ting-Lu|Stealth Rock|p1a: Ting-Lu
|-sidestart|p1: The Name Change|move: Stealth Rock
|
|upkeep
|turn|5
|
|t:|1743836021
|switch|p2a: Hydrapple|Hydrapple, F|100/100
|move|p1a: Ting-Lu|Spikes|p2a: Hydrapple
|-sidestart|p2: Shadow4cTest3r|Spikes
|
|upkeep
|turn|6
|
|t:|1743836027
|switch|p1a: Tinkaton|Tinkaton, F|57/100 brn
|-damage|p1a: Tinkaton|51/100 brn|[from] Stealth Rock
|-ability|p1a: Tinkaton|Mold Breaker
|-item|p1a: Tinkaton|Air Balloon
|move|p2a: Hydrapple|Giga Drain|p1a: Tinkaton
|-resisted|p1a: Tinkaton
|-damage|p1a: Tinkaton|38/100 brn
|-enditem|p1a: Tinkaton|Air Balloon
|
|-damage|p1a: Tinkaton|32/100 brn|[from] brn
|upkeep
|turn|7
|
|t:|1743836033
|switch|p2a: Ting-Lu|Ting-Lu|100/100
|-damage|p2a: Ting-Lu|94/100|[from] Stealth Rock
|-damage|p2a: Ting-Lu|82/100|[from] Spikes
|-ability|p2a: Ting-Lu|Vessel of Ruin
|move|p1a: Tinkaton|Thunder Wave|p2a: Ting-Lu
|-immune|p2a: Ting-Lu
|
|-heal|p2a: Ting-Lu|88/100|[from] item: Leftovers
|-damage|p1a: Tinkaton|26/100 brn|[from] brn
|upkeep
|turn|8
|
|t:|1743836038
|move|p1a: Tinkaton|Gigaton Hammer|p2a: Ting-Lu
|-damage|p2a: Ting-Lu|75/100
|move|p2a: Ting-Lu|Ruination|p1a: Tinkaton
|-damage|p1a: Tinkaton|13/100 brn
|
|-heal|p2a: Ting-Lu|81/100|[from] item: Leftovers
|-damage|p1a: Tinkaton|7/100 brn|[from] brn
|upkeep
|turn|9
|
|t:|1743836052
|switch|p1a: Ting-Lu|Ting-Lu|100/100
|-damage|p1a: Ting-Lu|94/100|[from] Stealth Rock
|-ability|p1a: Ting-Lu|Vessel of Ruin
|move|p2a: Ting-Lu|Ruination|p1a: Ting-Lu
|-damage|p1a: Ting-Lu|47/100
|
|-heal|p1a: Ting-Lu|54/100|[from] item: Leftovers
|-heal|p2a: Ting-Lu|88/100|[from] item: Leftovers
|upkeep
|turn|10
|
|t:|1743836058
|switch|p2a: Hydrapple|Hydrapple, F|100/100
|move|p1a: Ting-Lu|Whirlwind|p2a: Hydrapple
|drag|p2a: Weezing|Weezing-Galar, F|84/100
|-ability|p2a: Weezing|Neutralizing Gas
|-damage|p2a: Weezing|71/100|[from] Stealth Rock
|-damage|p2a: Weezing|59/100|[from] Spikes
|
|-heal|p2a: Weezing|65/100|[from] item: Leftovers
|-heal|p1a: Ting-Lu|60/100|[from] item: Leftovers
|upkeep
|turn|11
|
|t:|1743836061
|move|p2a: Weezing|Will-O-Wisp|p1a: Ting-Lu|[miss]
|-miss|p2a: Weezing|p1a: Ting-Lu
|move|p1a: Ting-Lu|Ruination|p2a: Weezing
|-damage|p2a: Weezing|33/100
|
|-heal|p2a: Weezing|39/100|[from] item: Leftovers
|-heal|p1a: Ting-Lu|66/100|[from] item: Leftovers
|upkeep
|turn|12
|
|t:|1743836074
|move|p2a: Weezing|Will-O-Wisp|p1a: Ting-Lu
|-status|p1a: Ting-Lu|brn
|move|p1a: Ting-Lu|Earthquake|p2a: Weezing
|-supereffective|p2a: Weezing
|-damage|p2a: Weezing|15/100
|
|-heal|p2a: Weezing|21/100|[from] item: Leftovers
|-heal|p1a: Ting-Lu|72/100 brn|[from] item: Leftovers
|-damage|p1a: Ting-Lu|66/100 brn|[from] brn
|upkeep
|turn|13
|
|t:|1743836087
|-terastallize|p2a: Weezing|Grass
|move|p2a: Weezing|Defog|p1a: Ting-Lu
|-unboost|p1a: Ting-Lu|evasion|1
|-sideend|p1: The Name Change|Stealth Rock|[from] move: Defog|[of] p2a: Weezing
|-sideend|p2: Shadow4cTest3r|Spikes|[from] move: Defog|[of] p2a: Weezing
|-sideend|p2: Shadow4cTest3r|Stealth Rock|[from] move: Defog|[of] p2a: Weezing
|move|p1a: Ting-Lu|Ruination|p2a: Weezing
|-damage|p2a: Weezing|11/100
|
|-heal|p2a: Weezing|17/100|[from] item: Leftovers
|-heal|p1a: Ting-Lu|72/100 brn|[from] item: Leftovers
|-damage|p1a: Ting-Lu|66/100 brn|[from] brn
|upkeep
|turn|14
|
|t:|1743836096
|switch|p1a: Tinkaton|Tinkaton, F|7/100 brn
|move|p2a: Weezing|Strange Steam|p1a: Tinkaton
|-resisted|p1a: Tinkaton
|-damage|p1a: Tinkaton|0 fnt
|faint|p1a: Tinkaton
|
|-heal|p2a: Weezing|23/100|[from] item: Leftovers
|upkeep
|
|t:|1743836106
|switch|p1a: Dragonite|Dragonite, M|100/100
|turn|15
|
|t:|1743836115
|-end|p2a: Weezing|ability: Neutralizing Gas
|switch|p2a: Ting-Lu|Ting-Lu|88/100
|-ability|p2a: Ting-Lu|Vessel of Ruin
|move|p1a: Dragonite|Extreme Speed|p2a: Ting-Lu
|-damage|p2a: Ting-Lu|71/100
|
|-heal|p2a: Ting-Lu|77/100|[from] item: Leftovers
|upkeep
|turn|16
|
|t:|1743836120
|switch|p1a: Ting-Lu|Ting-Lu|66/100 brn
|-ability|p1a: Ting-Lu|Vessel of Ruin
|move|p2a: Ting-Lu|Stealth Rock|p1a: Ting-Lu
|-sidestart|p1: The Name Change|move: Stealth Rock
|
|-heal|p1a: Ting-Lu|72/100 brn|[from] item: Leftovers
|-heal|p2a: Ting-Lu|84/100|[from] item: Leftovers
|-damage|p1a: Ting-Lu|66/100 brn|[from] brn
|upkeep
|turn|17
|
|t:|1743836126
|switch|p2a: Weezing|Weezing-Galar, F, tera:Grass|23/100
|-ability|p2a: Weezing|Neutralizing Gas
|move|p1a: Ting-Lu|Ruination|p2a: Weezing
|-damage|p2a: Weezing|12/100
|
|-heal|p2a: Weezing|18/100|[from] item: Leftovers
|-heal|p1a: Ting-Lu|72/100 brn|[from] item: Leftovers
|-damage|p1a: Ting-Lu|66/100 brn|[from] brn
|upkeep
|turn|18
|
|t:|1743836130
|move|p2a: Weezing|Strange Steam|p1a: Ting-Lu
|-supereffective|p1a: Ting-Lu
|-damage|p1a: Ting-Lu|33/100 brn
|-start|p1a: Ting-Lu|confusion
|-activate|p1a: Ting-Lu|confusion
|-damage|p1a: Ting-Lu|27/100 brn|[from] confusion
|
|-heal|p2a: Weezing|24/100|[from] item: Leftovers
|-heal|p1a: Ting-Lu|34/100 brn|[from] item: Leftovers
|-damage|p1a: Ting-Lu|27/100 brn|[from] brn
|upkeep
|turn|19
|
|t:|1743836135
|move|p2a: Weezing|Strange Steam|p1a: Ting-Lu
|-supereffective|p1a: Ting-Lu
|-damage|p1a: Ting-Lu|0 fnt
|faint|p1a: Ting-Lu
|
|-heal|p2a: Weezing|30/100|[from] item: Leftovers
|upkeep
|
|t:|1743836149
|switch|p1a: Gliscor|Gliscor, F|100/100
|-damage|p1a: Gliscor|88/100|[from] Stealth Rock
|turn|20
|
|t:|1743836161
|-end|p2a: Weezing|ability: Neutralizing Gas
|switch|p2a: Zamazenta|Zamazenta|100/100
|-ability|p2a: Zamazenta|Dauntless Shield|boost
|-boost|p2a: Zamazenta|def|1
|move|p1a: Gliscor|Protect||[still]
|-fail|p1a: Gliscor
|
|-status|p1a: Gliscor|tox|[from] item: Toxic Orb
|upkeep
|turn|21
|
|t:|1743836170
|move|p2a: Zamazenta|Ice Fang|p1a: Gliscor
|-supereffective|p1a: Gliscor
|-damage|p1a: Gliscor|15/100 tox
|move|p1a: Gliscor|Swords Dance|p1a: Gliscor
|-boost|p1a: Gliscor|atk|2
|
|-heal|p1a: Gliscor|28/100 tox|[from] ability: Poison Heal
|upkeep
|turn|22
|
|t:|1743836175
|move|p1a: Gliscor|Protect|p1a: Gliscor
|-singleturn|p1a: Gliscor|Protect
|move|p2a: Zamazenta|Ice Fang|p1a: Gliscor
|-activate|p1a: Gliscor|move: Protect
|
|-heal|p1a: Gliscor|40/100 tox|[from] ability: Poison Heal
|upkeep
|turn|23
|
|t:|1743836180
|move|p2a: Zamazenta|Ice Fang|p1a: Gliscor
|-supereffective|p1a: Gliscor
|-crit|p1a: Gliscor
|-damage|p1a: Gliscor|0 fnt
|faint|p1a: Gliscor
|
|upkeep
|
|t:|1743836182
|switch|p1a: Sinistcha|Sinistcha-Masterpiece|100/100
|turn|24
|
|t:|1743836190
|switch|p2a: Weezing|Weezing-Galar, F, tera:Grass|30/100
|-ability|p2a: Weezing|Neutralizing Gas
|move|p1a: Sinistcha|Strength Sap|p2a: Weezing
|-unboost|p2a: Weezing|atk|1
|
|-heal|p2a: Weezing|36/100|[from] item: Leftovers
|upkeep
|turn|25
|
|t:|1743836196
|move|p1a: Sinistcha|Calm Mind|p1a: Sinistcha
|-boost|p1a: Sinistcha|spa|1
|-boost|p1a: Sinistcha|spd|1
|move|p2a: Weezing|Will-O-Wisp|p1a: Sinistcha|[miss]
|-miss|p2a: Weezing|p1a: Sinistcha
|
|-heal|p2a: Weezing|42/100|[from] item: Leftovers
|upkeep
|turn|26
|
|t:|1743836201
|move|p1a: Sinistcha|Calm Mind|p1a: Sinistcha
|-boost|p1a: Sinistcha|spa|1
|-boost|p1a: Sinistcha|spd|1
|move|p2a: Weezing|Pain Split|p1a: Sinistcha
|-sethp|p1a: Sinistcha|70/100|[from] move: Pain Split|[silent]
|-sethp|p2a: Weezing|73/100|[from] move: Pain Split
|
|-heal|p2a: Weezing|79/100|[from] item: Leftovers
|upkeep
|turn|27
|
|t:|1743836205
|move|p1a: Sinistcha|Calm Mind|p1a: Sinistcha
|-boost|p1a: Sinistcha|spa|1
|-boost|p1a: Sinistcha|spd|1
|move|p2a: Weezing|Will-O-Wisp|p1a: Sinistcha
|-status|p1a: Sinistcha|brn
|
|-heal|p2a: Weezing|85/100|[from] item: Leftovers
|-damage|p1a: Sinistcha|64/100 brn|[from] brn
|upkeep
|turn|28
|j| frindlebabbin
|
|t:|1743836212
|move|p1a: Sinistcha|Matcha Gotcha|p2a: Weezing
|-resisted|p2a: Weezing
|-damage|p2a: Weezing|26/100
|-heal|p1a: Sinistcha|93/100 brn|[from] drain|[of] p2a: Weezing
|move|p2a: Weezing|Strange Steam|p1a: Sinistcha
|-damage|p1a: Sinistcha|79/100 brn
|
|-heal|p2a: Weezing|32/100|[from] item: Leftovers
|-damage|p1a: Sinistcha|73/100 brn|[from] brn
|upkeep
|turn|29
|
|t:|1743836226
|-end|p2a: Weezing|ability: Neutralizing Gas
|switch|p2a: Slowking|Slowking-Galar, F|100/100
|move|p1a: Sinistcha|Matcha Gotcha|p2a: Slowking
|-resisted|p2a: Slowking
|-damage|p2a: Slowking|84/100
|-heal|p1a: Sinistcha|83/100 brn|[from] drain|[of] p2a: Slowking
|
|-damage|p1a: Sinistcha|80/100 brn|[from] brn
|upkeep
|turn|30
|
|t:|1743836233
|switch|p2a: Weezing|Weezing-Galar, F, tera:Grass|32/100
|-ability|p2a: Weezing|Neutralizing Gas
|move|p1a: Sinistcha|Shadow Ball|p2a: Weezing
|-damage|p2a: Weezing|0 fnt
|faint|p2a: Weezing
|-end|p2a: Weezing|ability: Neutralizing Gas
|
|-damage|p1a: Sinistcha|77/100 brn|[from] brn
|upkeep
|
|t:|1743836242
|switch|p2a: Garganacl|Garganacl, M|100/100
|turn|31
|
|t:|1743836249
|move|p1a: Sinistcha|Matcha Gotcha|p2a: Garganacl
|-supereffective|p2a: Garganacl
|-damage|p2a: Garganacl|0 fnt
|-heal|p1a: Sinistcha|100/100 brn|[from] drain|[of] p2a: Garganacl
|faint|p2a: Garganacl
|
|-damage|p1a: Sinistcha|98/100 brn|[from] brn
|upkeep
|
|t:|1743836255
|switch|p2a: Slowking|Slowking-Galar, F|100/100
|turn|32
|
|t:|1743836258
|move|p1a: Sinistcha|Shadow Ball|p2a: Slowking
|-supereffective|p2a: Slowking
|-damage|p2a: Slowking|37/100
|move|p2a: Slowking|Psyshock|p1a: Sinistcha
|-damage|p1a: Sinistcha|77/100 brn
|
|-damage|p1a: Sinistcha|74/100 brn|[from] brn
|upkeep
|turn|33
|c| frindlebabbin|its sinistcha saturday
|
|t:|1743836265
|move|p1a: Sinistcha|Shadow Ball|p2a: Slowking
|-supereffective|p2a: Slowking
|-damage|p2a: Slowking|0 fnt
|faint|p2a: Slowking
|
|-damage|p1a: Sinistcha|71/100 brn|[from] brn
|upkeep
|
|t:|1743836266
|switch|p2a: Ting-Lu|Ting-Lu|84/100
|-ability|p2a: Ting-Lu|Vessel of Ruin
|turn|34
|
|t:|1743836270
|move|p1a: Sinistcha|Matcha Gotcha|p2a: Ting-Lu
|-supereffective|p2a: Ting-Lu
|-damage|p2a: Ting-Lu|13/100
|-heal|p1a: Sinistcha|100/100 brn|[from] drain|[of] p2a: Ting-Lu
|move|p2a: Ting-Lu|Whirlwind|p1a: Sinistcha
|drag|p1a: Keldeo|Keldeo|100/100
|
|-heal|p2a: Ting-Lu|19/100|[from] item: Leftovers
|upkeep
|turn|35
|
|t:|1743836278
|switch|p2a: Hydrapple|Hydrapple, F|100/100
|move|p1a: Keldeo|Aura Sphere|p2a: Hydrapple
|-damage|p2a: Hydrapple|61/100
|
|upkeep
|turn|36
|
|t:|1743836284
|move|p1a: Keldeo|Aura Sphere|p2a: Hydrapple
|-damage|p2a: Hydrapple|18/100
|move|p2a: Hydrapple|Giga Drain|p1a: Keldeo
|-supereffective|p1a: Keldeo
|-damage|p1a: Keldeo|26/100
|-heal|p2a: Hydrapple|47/100|[from] drain|[of] p1a: Keldeo
|
|upkeep
|turn|37
|
|t:|1743836290
|move|p1a: Keldeo|Aura Sphere|p2a: Hydrapple
|-damage|p2a: Hydrapple|3/100
|move|p2a: Hydrapple|Giga Drain|p1a: Keldeo
|-supereffective|p1a: Keldeo
|-damage|p1a: Keldeo|0 fnt
|-heal|p2a: Hydrapple|13/100|[from] drain|[of] p1a: Keldeo
|faint|p1a: Keldeo
|
|upkeep
|
|t:|1743836294
|switch|p1a: Dragonite|Dragonite, M|100/100
|turn|38
|
|t:|1743836299
|switch|p2a: Ting-Lu|Ting-Lu|19/100
|-ability|p2a: Ting-Lu|Vessel of Ruin
|move|p1a: Dragonite|Extreme Speed|p2a: Ting-Lu
|-damage|p2a: Ting-Lu|2/100
|
|-heal|p2a: Ting-Lu|8/100|[from] item: Leftovers
|upkeep
|turn|39
|
|t:|1743836303
|move|p1a: Dragonite|Extreme Speed|p2a: Ting-Lu
|-damage|p2a: Ting-Lu|0 fnt
|faint|p2a: Ting-Lu
|
|upkeep
|
|t:|1743836306
|switch|p2a: Zamazenta|Zamazenta|100/100
|turn|40
|
|t:|1743836311
|move|p2a: Zamazenta|Ice Fang|p1a: Dragonite
|-supereffective|p1a: Dragonite
|-damage|p1a: Dragonite|60/100
|move|p1a: Dragonite|Dragon Tail|p2a: Zamazenta
|-damage|p2a: Zamazenta|65/100
|drag|p2a: Hydrapple|Hydrapple, F|46/100
|
|upkeep
|turn|41
|
|t:|1743836321
|move|p2a: Hydrapple|Nasty Plot|p2a: Hydrapple
|-boost|p2a: Hydrapple|spa|2
|move|p1a: Dragonite|Dragon Tail|p2a: Hydrapple
|-supereffective|p2a: Hydrapple
|-damage|p2a: Hydrapple|8/100
|drag|p2a: Zamazenta|Zamazenta|65/100
|
|upkeep
|turn|42
|
|t:|1743836328
|move|p2a: Zamazenta|Ice Fang|p1a: Dragonite
|-supereffective|p1a: Dragonite
|-damage|p1a: Dragonite|0 fnt
|faint|p1a: Dragonite
|
|upkeep
|
|t:|1743836332
|switch|p1a: Sinistcha|Sinistcha-Masterpiece|100/100 brn
|turn|43
|
|t:|1743836335
|-terastallize|p1a: Sinistcha|Poison
|move|p2a: Zamazenta|Crunch|p1a: Sinistcha
|-damage|p1a: Sinistcha|82/100 brn
|-unboost|p1a: Sinistcha|def|1
|move|p1a: Sinistcha|Strength Sap|p2a: Zamazenta
|-unboost|p2a: Zamazenta|atk|1
|-heal|p1a: Sinistcha|100/100 brn
|
|-damage|p1a: Sinistcha|98/100 brn|[from] brn
|upkeep
|turn|44
|
|t:|1743836345
|move|p2a: Zamazenta|Heavy Slam|p1a: Sinistcha
|-damage|p1a: Sinistcha|68/100 brn
|move|p1a: Sinistcha|Strength Sap|p2a: Zamazenta
|-unboost|p2a: Zamazenta|atk|1
|-heal|p1a: Sinistcha|100/100 brn
|
|-damage|p1a: Sinistcha|98/100 brn|[from] brn
|upkeep
|turn|45
|j| Monsieur Craw
|
|t:|1743836352
|switch|p2a: Hydrapple|Hydrapple, F|41/100
|move|p1a: Sinistcha|Matcha Gotcha|p2a: Hydrapple
|-resisted|p2a: Hydrapple
|-damage|p2a: Hydrapple|33/100
|-heal|p1a: Sinistcha|100/100 brn|[from] drain|[of] p2a: Hydrapple
|
|-damage|p1a: Sinistcha|98/100 brn|[from] brn
|upkeep
|turn|46
|
|t:|1743836355
|move|p1a: Sinistcha|Shadow Ball|p2a: Hydrapple
|-damage|p2a: Hydrapple|0 fnt
|faint|p2a: Hydrapple
|
|-damage|p1a: Sinistcha|95/100 brn|[from] brn
|upkeep
|
|t:|1743836358
|switch|p2a: Zamazenta|Zamazenta|65/100
|turn|47
|
|t:|1743836367
|move|p2a: Zamazenta|Heavy Slam|p1a: Sinistcha
|-damage|p1a: Sinistcha|57/100 brn
|move|p1a: Sinistcha|Strength Sap|p2a: Zamazenta
|-unboost|p2a: Zamazenta|atk|1
|-heal|p1a: Sinistcha|100/100 brn
|
|-damage|p1a: Sinistcha|98/100 brn|[from] brn
|upkeep
|turn|48
|
|t:|1743836371
|move|p2a: Zamazenta|Heavy Slam|p1a: Sinistcha
|-damage|p1a: Sinistcha|71/100 brn
|move|p1a: Sinistcha|Matcha Gotcha|p2a: Zamazenta
|-damage|p2a: Zamazenta|35/100
|-heal|p1a: Sinistcha|86/100 brn|[from] drain|[of] p2a: Zamazenta
|
|-damage|p1a: Sinistcha|83/100 brn|[from] brn
|upkeep
|turn|49
|
|t:|1743836381
|move|p2a: Zamazenta|Heavy Slam|p1a: Sinistcha
|-damage|p1a: Sinistcha|53/100 brn
|move|p1a: Sinistcha|Shadow Ball|p2a: Zamazenta
|-damage|p2a: Zamazenta|4/100
|
|-damage|p1a: Sinistcha|50/100 brn|[from] brn
|upkeep
|turn|50
|
|t:|1743836386
|move|p2a: Zamazenta|Heavy Slam|p1a: Sinistcha
|-damage|p1a: Sinistcha|23/100 brn
|move|p1a: Sinistcha|Shadow Ball|p2a: Zamazenta
|-damage|p2a: Zamazenta|0 fnt
|faint|p2a: Zamazenta
|
|win|The Name Change
|raw|The Name Change's rating: 1512 &rarr; <strong>1534</strong><br />(+22 for winning)
|raw|Shadow4cTest3r's rating: 1541 &rarr; <strong>1519</strong><br />(-22 for losing)
|l|☆Shadow4cTest3r
|player|p2|
|l|☆The Name Change
|player|p1|
|l| frindlebabbin
|l| Monsieur Craw
