|j|☆Polak prawdziwy
|j|☆supergameguy11
|t:|1743922176
|gametype|singles
|player|p1|Polak prawdziwy|169|1256
|player|p2|supergameguy11|lucas-gen4pt|1196
|teamsize|p1|6
|teamsize|p2|6
|gen|9
|tier|[Gen 9] OU
|rated|
|rule|HP Percentage Mod: HP is shown in percentages
|rule|Endless Battle Clause: Forcing endless battles is banned
|rule|Species Clause: Limit one of each Pokémon
|rule|OHKO Clause: OHKO moves are banned
|rule|Evasion Items Clause: Evasion items are banned
|rule|Evasion Moves Clause: Evasion moves are banned
|rule|Sleep Moves Clause: Sleep-inducing moves are banned
|clearpoke
|poke|p1|Tinkaton, F|
|poke|p1|Primeape, M|
|poke|p1|Primarina, M|
|poke|p1|Great Tusk|
|poke|p1|Dragonite, F|
|poke|p1|Gholdengo|
|poke|p2|Hatterene, F|
|poke|p2|Darkrai|
|poke|p2|Gliscor, F|
|poke|p2|Great Tusk|
|poke|p2|Meowscarada, M|
|poke|p2|Blaziken, F|
|teampreview
|inactive|Battle timer is ON: inactive players will automatically lose when time's up. (requested by Polak prawdziwy)
|
|t:|1743922201
|start
|switch|p1a: Tinkaton|Tinkaton, F|100/100
|switch|p2a: Darkrai|Darkrai|100/100
|-item|p1a: Tinkaton|Air Balloon
|turn|1
|
|t:|1743922209
|move|p2a: Darkrai|Trick|p1a: Tinkaton
|-activate|p2a: Darkrai|move: Trick|[of] p1a: Tinkaton
|-item|p1a: Tinkaton|Choice Scarf|[from] move: Trick
|-item|p2a: Darkrai|Air Balloon
|-item|p2a: Darkrai|Air Balloon|[from] move: Trick
|move|p1a: Tinkaton|Stealth Rock|p2a: Darkrai
|-sidestart|p2: supergameguy11|move: Stealth Rock
|
|upkeep
|turn|2
|
|t:|1743922229
|switch|p1a: Primeape|Primeape, M|100/100
|move|p2a: Darkrai|Will-O-Wisp|p1a: Primeape
|-status|p1a: Primeape|brn
|
|-damage|p1a: Primeape|95/100 brn|[from] brn
|upkeep
|turn|3
|
|t:|1743922247
|switch|p2a: Hatterene|Hatterene, F|100/100
|-damage|p2a: Hatterene|88/100|[from] Stealth Rock
|move|p1a: Primeape|Earthquake|p2a: Hatterene
|-damage|p2a: Hatterene|79/100
|
|-heal|p2a: Hatterene|85/100|[from] item: Leftovers
|-damage|p1a: Primeape|89/100 brn|[from] brn
|upkeep
|turn|4
|
|t:|1743922261
|move|p1a: Primeape|Hyper Beam|p2a: Hatterene
|-damage|p2a: Hatterene|59/100
|-mustrecharge|p1a: Primeape
|move|p2a: Hatterene|Psychic Noise|p1a: Primeape
|-supereffective|p1a: Primeape
|-damage|p1a: Primeape|0 fnt
|faint|p1a: Primeape
|
|-heal|p2a: Hatterene|65/100|[from] item: Leftovers
|upkeep
|
|t:|1743922270
|switch|p1a: Tinkaton|Tinkaton, F|100/100
|turn|5
|inactive|supergameguy11 has 120 seconds left.
|c|☆Polak prawdziwy|make up your mind
|
|t:|1743922318
|switch|p2a: Darkrai|Darkrai|100/100
|-damage|p2a: Darkrai|88/100|[from] Stealth Rock
|-item|p2a: Darkrai|Air Balloon
|move|p1a: Tinkaton|Gigaton Hammer|p2a: Darkrai
|-damage|p2a: Darkrai|26/100
|-enditem|p2a: Darkrai|Air Balloon
|
|upkeep
|turn|6
|
|t:|1743922328
|-activate|p1a: Tinkaton|move: Struggle
|move|p1a: Tinkaton|Struggle|p2a: Darkrai
|-damage|p2a: Darkrai|13/100
|-damage|p1a: Tinkaton|75/100|[from] recoil
|move|p2a: Darkrai|Will-O-Wisp|p1a: Tinkaton|[miss]
|-miss|p2a: Darkrai|p1a: Tinkaton
|
|upkeep
|turn|7
|
|t:|1743922341
|-terastallize|p2a: Darkrai|Ghost
|move|p1a: Tinkaton|Gigaton Hammer|p2a: Darkrai
|-damage|p2a: Darkrai|0 fnt
|faint|p2a: Darkrai
|
|upkeep
|
|t:|1743922353
|switch|p2a: Great Tusk|Great Tusk|100/100
|turn|8
|
|t:|1743922357
|-activate|p1a: Tinkaton|move: Struggle
|move|p1a: Tinkaton|Struggle|p2a: Great Tusk
|-damage|p2a: Great Tusk|95/100
|-damage|p1a: Tinkaton|50/100|[from] recoil
|move|p2a: Great Tusk|Rapid Spin|p1a: Tinkaton
|-resisted|p1a: Tinkaton
|-damage|p1a: Tinkaton|42/100
|-boost|p2a: Great Tusk|spe|1
|-sideend|p2: supergameguy11|Stealth Rock|[from] move: Rapid Spin|[of] p2a: Great Tusk
|
|upkeep
|turn|9
|
|t:|1743922369
|move|p1a: Tinkaton|Gigaton Hammer|p2a: Great Tusk
|-damage|p2a: Great Tusk|67/100
|move|p2a: Great Tusk|Headlong Rush|p1a: Tinkaton
|-supereffective|p1a: Tinkaton
|-damage|p1a: Tinkaton|0 fnt
|-unboost|p2a: Great Tusk|def|1
|-unboost|p2a: Great Tusk|spd|1
|faint|p1a: Tinkaton
|
|upkeep
|
|t:|1743922383
|switch|p1a: Primarina|Primarina, M|100/100
|turn|10
|inactive|supergameguy11 has 120 seconds left.
|
|t:|1743922397
|-end|p2a: Great Tusk|Protosynthesis|[silent]
|switch|p2a: Hatterene|Hatterene, F|65/100
|move|p1a: Primarina|Hyper Voice|p2a: Hatterene
|-damage|p2a: Hatterene|10/100
|
|-heal|p2a: Hatterene|16/100|[from] item: Leftovers
|upkeep
|turn|11
|inactive|supergameguy11 has 120 seconds left.
|
|t:|1743922406
|move|p1a: Primarina|Hyper Voice|p2a: Hatterene
|-damage|p2a: Hatterene|0 fnt
|faint|p2a: Hatterene
|
|upkeep
|
|t:|1743922409
|switch|p2a: Meowscarada|Meowscarada, M|100/100
|turn|12
|
|t:|1743922415
|move|p2a: Meowscarada|Flower Trick|p1a: Primarina
|-start|p2a: Meowscarada|typechange|Grass|[from] ability: Protean
|-supereffective|p1a: Primarina
|-crit|p1a: Primarina
|-damage|p1a: Primarina|0 fnt
|faint|p1a: Primarina
|
|upkeep
|
|t:|1743922429
|switch|p1a: Gholdengo|Gholdengo|100/100
|turn|13
|
|t:|1743922434
|switch|p2a: Gliscor|Gliscor, F|100/100
|move|p1a: Gholdengo|Focus Blast|p2a: Gliscor
|-resisted|p2a: Gliscor
|-damage|p2a: Gliscor|82/100
|
|-status|p2a: Gliscor|tox|[from] item: Toxic Orb
|upkeep
|turn|14
|
|t:|1743922445
|switch|p1a: Dragonite|Dragonite, F|100/100
|move|p2a: Gliscor|Stealth Rock|p1a: Dragonite
|-sidestart|p1: Polak prawdziwy|move: Stealth Rock
|
|-heal|p2a: Gliscor|95/100 tox|[from] ability: Poison Heal
|upkeep
|turn|15
|
|t:|1743922451
|move|p2a: Gliscor|Toxic|p1a: Dragonite
|-status|p1a: Dragonite|tox
|move|p1a: Dragonite|Blizzard|p2a: Gliscor
|-supereffective|p2a: Gliscor
|-damage|p2a: Gliscor|0 fnt
|faint|p2a: Gliscor
|
|-damage|p1a: Dragonite|94/100 tox|[from] psn
|upkeep
|
|t:|1743922463
|switch|p2a: Meowscarada|Meowscarada, M|100/100
|turn|16
|
|t:|1743922467
|move|p2a: Meowscarada|Triple Axel|p1a: Dragonite
|-start|p2a: Meowscarada|typechange|Ice|[from] ability: Protean
|-supereffective|p1a: Dragonite
|-damage|p1a: Dragonite|60/100 tox
|-supereffective|p1a: Dragonite
|-damage|p1a: Dragonite|0 fnt
|faint|p1a: Dragonite
|-hitcount|p1: Dragonite|2
|
|upkeep
|
|t:|1743922476
|switch|p1a: Gholdengo|Gholdengo|100/100
|-damage|p1a: Gholdengo|94/100|[from] Stealth Rock
|turn|17
|
|t:|1743922480
|switch|p2a: Great Tusk|Great Tusk|67/100
|move|p1a: Gholdengo|Focus Blast|p2a: Great Tusk
|-damage|p2a: Great Tusk|9/100
|
|upkeep
|turn|18
|
|t:|1743922486
|move|p1a: Gholdengo|Focus Blast|p2a: Great Tusk|[miss]
|-miss|p1a: Gholdengo|p2a: Great Tusk
|move|p2a: Great Tusk|Headlong Rush|p1a: Gholdengo
|-supereffective|p1a: Gholdengo
|-damage|p1a: Gholdengo|0 fnt
|-unboost|p2a: Great Tusk|def|1
|-unboost|p2a: Great Tusk|spd|1
|faint|p1a: Gholdengo
|
|upkeep
|
|t:|1743922494
|switch|p1a: Great Tusk|Great Tusk|100/100
|-damage|p1a: Great Tusk|98/100|[from] Stealth Rock
|turn|19
|
|t:|1743922512
|move|p2a: Great Tusk|Ice Spinner|p1a: Great Tusk
|-supereffective|p1a: Great Tusk
|-damage|p1a: Great Tusk|60/100
|move|p1a: Great Tusk|Rapid Spin|p2a: Great Tusk
|-damage|p2a: Great Tusk|0 fnt
|-boost|p1a: Great Tusk|spe|1
|-sideend|p1: Polak prawdziwy|Stealth Rock|[from] move: Rapid Spin|[of] p1a: Great Tusk
|faint|p2a: Great Tusk
|-end|p2a: Great Tusk|Protosynthesis|[silent]
|
|upkeep
|
|t:|1743922517
|switch|p2a: Meowscarada|Meowscarada, M|100/100
|turn|20
|c|☆supergameguy11|gg
|
|t:|1743922525
|move|p2a: Meowscarada|Flower Trick|p1a: Great Tusk
|-start|p2a: Meowscarada|typechange|Grass|[from] ability: Protean
|-supereffective|p1a: Great Tusk
|-crit|p1a: Great Tusk
|-damage|p1a: Great Tusk|0 fnt
|faint|p1a: Great Tusk
|-end|p1a: Great Tusk|Protosynthesis|[silent]
|
|win|supergameguy11
|raw|Polak prawdziwy's rating: 1256 &rarr; <strong>1227</strong><br />(-29 for losing)
|raw|supergameguy11's rating: 1196 &rarr; <strong>1225</strong><br />(+29 for winning)
|l|☆Polak prawdziwy
|player|p1|
