|j|☆flyingtaco43
|j|☆apoiguespm
|t:|1743826881
|gametype|singles
|player|p1|flyingtaco43|elesa|1808
|player|p2|apoiguespm|101|1741
|teamsize|p1|6
|teamsize|p2|6
|gen|9
|tier|[Gen 9] OU
|rated|
|rule|HP Percentage Mod: HP is shown in percentages
|rule|Endless Battle Clause: Forcing endless battles is banned
|rule|Species Clause: Limit one of each Pokémon
|rule|OHKO Clause: OHKO moves are banned
|rule|Evasion Items Clause: Evasion items are banned
|rule|Evasion Moves Clause: Evasion moves are banned
|rule|Sleep Moves Clause: Sleep-inducing moves are banned
|clearpoke
|poke|p1|Ting-Lu|
|poke|p1|Corviknight, F|
|poke|p1|Darkrai|
|poke|p1|Cinderace, F|
|poke|p1|Kyurem|
|poke|p1|Slowking-Galar, M|
|poke|p2|Kingambit, M|
|poke|p2|Iron Valiant|
|poke|p2|Gholdengo|
|poke|p2|Samurott-Hisui, F|
|poke|p2|Landorus-Therian, M|
|poke|p2|Iron Moth|
|teampreview
|inactive|Battle timer is ON: inactive players will automatically lose when time's up. (requested by apoiguespm)
|
|t:|1743826893
|start
|switch|p1a: The Walk|Kyurem|100/100
|switch|p2a: Samurott|Samurott-Hisui, F, shiny|100/100
|-ability|p1a: The Walk|Pressure
|turn|1
|
|t:|1743826895
|move|p1a: The Walk|Freeze-Dry|p2a: Samurott
|-supereffective|p2a: Samurott
|-enditem|p2a: Samurott|Focus Sash
|-damage|p2a: Samurott|1/100
|move|p2a: Samurott|Ceaseless Edge|p1a: The Walk
|-damage|p1a: The Walk|68/100
|-sidestart|p1: flyingtaco43|Spikes
|
|upkeep
|turn|2
|
|t:|1743826901
|move|p1a: The Walk|Freeze-Dry|p2a: Samurott
|-supereffective|p2a: Samurott
|-damage|p2a: Samurott|0 fnt
|faint|p2a: Samurott
|
|upkeep
|j| Erizz8964
|
|t:|1743826913
|switch|p2a: Gholdengo|Gholdengo, shiny|100/100
|turn|3
|
|t:|1743826919
|switch|p1a: Daylight Robbery|Cinderace, F|100/100
|move|p2a: Gholdengo|Shadow Ball|p1a: Daylight Robbery
|-damage|p1a: Daylight Robbery|21/100
|
|upkeep
|turn|4
|j| Ioque
|
|t:|1743826926
|switch|p2a: Landorus|Landorus-Therian, M|100/100
|-ability|p2a: Landorus|Intimidate|boost
|-unboost|p1a: Daylight Robbery|atk|1
|move|p1a: Daylight Robbery|Pyro Ball|p2a: Landorus
|-damage|p2a: Landorus|57/100
|-status|p2a: Landorus|brn
|
|-damage|p2a: Landorus|51/100 brn|[from] brn
|upkeep
|turn|5
|
|t:|1743826936
|switch|p1a: Clear the Area|Corviknight, F|100/100
|-ability|p1a: Clear the Area|Pressure
|move|p2a: Landorus|U-turn|p1a: Clear the Area
|-resisted|p1a: Clear the Area
|-damage|p1a: Clear the Area|99/100
|-damage|p2a: Landorus|35/100 brn|[from] item: Rocky Helmet|[of] p1a: Clear the Area
|
|t:|1743826942
|switch|p2a: Gholdengo|Gholdengo, shiny|100/100|[from] U-turn
|
|upkeep
|turn|6
|
|t:|1743826947
|switch|p1a: Hide and Seek|Slowking-Galar, M|100/100
|move|p2a: Gholdengo|Shadow Ball|p1a: Hide and Seek
|-supereffective|p1a: Hide and Seek
|-damage|p1a: Hide and Seek|14/100
|-unboost|p1a: Hide and Seek|spd|1
|
|upkeep
|turn|7
|
|t:|1743826953
|switch|p2a: Iron Valiant|Iron Valiant, shiny|100/100
|-enditem|p2a: Iron Valiant|Booster Energy
|-activate|p2a: Iron Valiant|ability: Quark Drive|[fromitem]
|-start|p2a: Iron Valiant|quarkdrivespe
|switch|p1a: Headlock|Ting-Lu|100/100
|-damage|p1a: Headlock|88/100|[from] Spikes
|-ability|p1a: Headlock|Vessel of Ruin
|
|-heal|p1a: Headlock|94/100|[from] item: Leftovers
|upkeep
|turn|8
|
|t:|1743826958
|move|p2a: Iron Valiant|Moonblast|p1a: Headlock
|-supereffective|p1a: Headlock
|-damage|p1a: Headlock|53/100
|move|p1a: Headlock|Whirlwind|p2a: Iron Valiant
|-end|p2a: Iron Valiant|Quark Drive|[silent]
|drag|p2a: Kingambit|Kingambit, M, shiny|100/100
|-activate|p2a: Kingambit|ability: Supreme Overlord
|-start|p2a: Kingambit|fallen1|[silent]
|
|-heal|p1a: Headlock|59/100|[from] item: Leftovers
|upkeep
|turn|9
|
|t:|1743826963
|move|p2a: Kingambit|Iron Head|p1a: Headlock
|-damage|p1a: Headlock|29/100
|move|p1a: Headlock|Earthquake|p2a: Kingambit
|-supereffective|p2a: Kingambit
|-damage|p2a: Kingambit|47/100
|
|-heal|p2a: Kingambit|53/100|[from] item: Leftovers
|-heal|p1a: Headlock|36/100|[from] item: Leftovers
|upkeep
|turn|10
|
|t:|1743826972
|switch|p1a: Clear the Area|Corviknight, F|99/100
|-ability|p1a: Clear the Area|Pressure
|move|p2a: Kingambit|Iron Head|p1a: Clear the Area
|-resisted|p1a: Clear the Area
|-damage|p1a: Clear the Area|83/100
|-damage|p2a: Kingambit|36/100|[from] item: Rocky Helmet|[of] p1a: Clear the Area
|
|-heal|p2a: Kingambit|42/100|[from] item: Leftovers
|upkeep
|turn|11
|j| TheTyranitard
|
|t:|1743826975
|-end|p2a: Kingambit|fallen1|[silent]
|switch|p2a: Gholdengo|Gholdengo, shiny|100/100
|move|p1a: Clear the Area|U-turn|p2a: Gholdengo
|-resisted|p2a: Gholdengo
|-damage|p2a: Gholdengo|96/100
|
|t:|1743826977
|switch|p1a: Daylight Robbery|Cinderace, F|21/100|[from] U-turn
|
|upkeep
|turn|12
|
|t:|1743826982
|switch|p2a: Landorus|Landorus-Therian, M|35/100 brn
|-ability|p2a: Landorus|Intimidate|boost
|-unboost|p1a: Daylight Robbery|atk|1
|move|p1a: Daylight Robbery|Pyro Ball|p2a: Landorus
|-crit|p2a: Landorus
|-damage|p2a: Landorus|0 fnt
|faint|p2a: Landorus
|
|upkeep
|
|t:|1743826984
|switch|p2a: Iron Moth|Iron Moth|100/100
|-enditem|p2a: Iron Moth|Booster Energy
|-activate|p2a: Iron Moth|ability: Quark Drive|[fromitem]
|-start|p2a: Iron Moth|quarkdrivespe
|turn|13
|
|t:|1743826996
|switch|p1a: The Walk|Kyurem|68/100
|-damage|p1a: The Walk|55/100|[from] Spikes
|-ability|p1a: The Walk|Pressure
|move|p2a: Iron Moth|Fiery Dance|p1a: The Walk
|-damage|p1a: The Walk|18/100
|-boost|p2a: Iron Moth|spa|1
|
|upkeep
|turn|14
|
|t:|1743826999
|move|p2a: Iron Moth|Fiery Dance|p1a: The Walk
|-damage|p1a: The Walk|0 fnt
|-boost|p2a: Iron Moth|spa|1
|faint|p1a: The Walk
|
|upkeep
|
|t:|1743827001
|switch|p1a: Hide and Seek|Slowking-Galar, M|47/100
|turn|15
|
|t:|1743827004
|-terastallize|p1a: Hide and Seek|Water
|move|p2a: Iron Moth|Fiery Dance|p1a: Hide and Seek
|-resisted|p1a: Hide and Seek
|-damage|p1a: Hide and Seek|21/100
|-boost|p2a: Iron Moth|spa|1
|move|p1a: Hide and Seek|Psyshock|p2a: Iron Moth
|-supereffective|p2a: Iron Moth
|-damage|p2a: Iron Moth|22/100
|
|upkeep
|turn|16
|
|t:|1743827012
|move|p2a: Iron Moth|Sludge Wave|p1a: Hide and Seek
|-damage|p1a: Hide and Seek|0 fnt
|faint|p1a: Hide and Seek
|
|upkeep
|
|t:|1743827014
|switch|p1a: Daylight Robbery|Cinderace, F|21/100
|turn|17
|
|t:|1743827016
|move|p2a: Iron Moth|Substitute|p2a: Iron Moth
|-fail|p2a: Iron Moth|move: Substitute|[weak]
|move|p1a: Daylight Robbery|Pyro Ball|p2a: Iron Moth
|-resisted|p2a: Iron Moth
|-damage|p2a: Iron Moth|0 fnt
|faint|p2a: Iron Moth
|-end|p2a: Iron Moth|Quark Drive|[silent]
|
|upkeep
|
|t:|1743827019
|switch|p2a: Iron Valiant|Iron Valiant, shiny|100/100
|turn|18
|
|t:|1743827023
|move|p1a: Daylight Robbery|Pyro Ball|p2a: Iron Valiant
|-damage|p2a: Iron Valiant|14/100
|move|p2a: Iron Valiant|Thunderbolt|p1a: Daylight Robbery
|-damage|p1a: Daylight Robbery|0 fnt
|faint|p1a: Daylight Robbery
|
|upkeep
|
|t:|1743827029
|switch|p1a: Goodnight and Go|Darkrai|100/100
|-damage|p1a: Goodnight and Go|88/100|[from] Spikes
|turn|19
|j| Avedaslave
|
|t:|1743827033
|-end|p2a: Iron Valiant|Quark Drive|[silent]
|switch|p2a: Kingambit|Kingambit, M, shiny|42/100
|-activate|p2a: Kingambit|ability: Supreme Overlord
|-start|p2a: Kingambit|fallen3|[silent]
|move|p1a: Goodnight and Go|Dark Pulse|p2a: Kingambit
|-resisted|p2a: Kingambit
|-damage|p2a: Kingambit|20/100
|
|-heal|p2a: Kingambit|26/100|[from] item: Leftovers
|upkeep
|turn|20
|
|t:|1743827038
|switch|p1a: Clear the Area|Corviknight, F|83/100
|-ability|p1a: Clear the Area|Pressure
|move|p2a: Kingambit|Iron Head|p1a: Clear the Area
|-resisted|p1a: Clear the Area
|-damage|p1a: Clear the Area|64/100
|-damage|p2a: Kingambit|9/100|[from] item: Rocky Helmet|[of] p1a: Clear the Area
|
|-heal|p2a: Kingambit|16/100|[from] item: Leftovers
|upkeep
|turn|21
|
|t:|1743827041
|move|p2a: Kingambit|Sucker Punch|p1a: Clear the Area
|-damage|p1a: Clear the Area|35/100
|-damage|p2a: Kingambit|0 fnt|[from] item: Rocky Helmet|[of] p1a: Clear the Area
|faint|p2a: Kingambit
|-end|p2a: Kingambit|fallen3|[silent]
|move|p1a: Clear the Area|U-turn|p2: Kingambit|[notarget]
|-fail|p1a: Clear the Area
|
|upkeep
|l| Ioque
|
|t:|1743827047
|switch|p2a: Gholdengo|Gholdengo, shiny|96/100
|turn|22
|
|t:|1743827052
|move|p2a: Gholdengo|Make It Rain|p1a: Clear the Area
|-resisted|p1a: Clear the Area
|-damage|p1a: Clear the Area|0 fnt
|-unboost|p2a: Gholdengo|spa|1
|faint|p1a: Clear the Area
|
|upkeep
|
|t:|1743827055
|switch|p1a: Goodnight and Go|Darkrai|88/100
|-damage|p1a: Goodnight and Go|76/100|[from] Spikes
|turn|23
|
|t:|1743827057
|switch|p2a: Iron Valiant|Iron Valiant, shiny|14/100
|move|p1a: Goodnight and Go|Dark Pulse|p2a: Iron Valiant
|-resisted|p2a: Iron Valiant
|-damage|p2a: Iron Valiant|0 fnt
|faint|p2a: Iron Valiant
|-end|p2a: Iron Valiant|Quark Drive|[silent]
|
|upkeep
|
|t:|1743827058
|switch|p2a: Gholdengo|Gholdengo, shiny|96/100
|turn|24
|
|t:|1743827060
|-terastallize|p2a: Gholdengo|Fighting
|move|p1a: Goodnight and Go|Dark Pulse|p2a: Gholdengo
|-resisted|p2a: Gholdengo
|-damage|p2a: Gholdengo|71/100
|move|p2a: Gholdengo|Make It Rain|p1a: Goodnight and Go
|-damage|p1a: Goodnight and Go|0 fnt
|-unboost|p2a: Gholdengo|spa|1
|faint|p1a: Goodnight and Go
|
|upkeep
|
|t:|1743827064
|switch|p1a: Headlock|Ting-Lu|36/100
|-damage|p1a: Headlock|23/100|[from] Spikes
|-ability|p1a: Headlock|Vessel of Ruin
|turn|25
|
|t:|1743827066
|move|p2a: Gholdengo|Make It Rain|p1a: Headlock
|-damage|p1a: Headlock|0 fnt
|-unboost|p2a: Gholdengo|spa|1
|faint|p1a: Headlock
|
|win|apoiguespm
|raw|flyingtaco43's rating: 1808 &rarr; <strong>1784</strong><br />(-24 for losing)
|raw|apoiguespm's rating: 1741 &rarr; <strong>1765</strong><br />(+24 for winning)
|l|☆flyingtaco43
|player|p1|
|l|☆apoiguespm
|player|p2|
|c| Erizz8964|nice job
|l| Erizz8964
|l| TheTyranitard
|l| Avedaslave
