|j|☆asdfjklqwert
|j|☆bruhschetta
|t:|1743894396
|gametype|singles
|player|p1|asdfjklqwert|winona|1489
|player|p2|bruhschetta|psychicf-gen4|1476
|teamsize|p1|6
|teamsize|p2|6
|gen|9
|tier|[Gen 9] OU
|rated|
|rule|HP Percentage Mod: HP is shown in percentages
|rule|Endless Battle Clause: Forcing endless battles is banned
|rule|Species Clause: Limit one of each Pokémon
|rule|OHKO Clause: OHKO moves are banned
|rule|Evasion Items Clause: Evasion items are banned
|rule|Evasion Moves Clause: Evasion moves are banned
|rule|Sleep Moves Clause: Sleep-inducing moves are banned
|clearpoke
|poke|p1|Latios, M|
|poke|p1|Hydrapple, F|
|poke|p1|Tornadus-Therian, M|
|poke|p1|Weezing-Galar, M|
|poke|p1|Cinderace, F|
|poke|p1|Swampert, M|
|poke|p2|Pincurchin, M|
|poke|p2|Iron Crown|
|poke|p2|Iron Valiant|
|poke|p2|Hatterene, F|
|poke|p2|Slither Wing|
|poke|p2|Arboliva, M|
|teampreview
|inactive|Battle timer is ON: inactive players will automatically lose when time's up. (requested by asdfjklqwert)
|
|t:|1743894407
|start
|switch|p1a: Swampert|Swampert, M|100/100
|switch|p2a: Pincurchin|Pincurchin, M|100/100
|-fieldstart|move: Electric Terrain|[from] ability: Electric Surge|[of] p2a: Pincurchin
|turn|1
|
|t:|1743894421
|switch|p2a: Hatterene|Hatterene, F|100/100
|move|p1a: Swampert|Earthquake|p2a: Hatterene
|-damage|p2a: Hatterene|58/100
|-enditem|p2a: Hatterene|Eject Button
|
|t:|1743894432
|switch|p2a: Arboliva|Arboliva, M|100/100
|
|upkeep
|turn|2
|
|t:|1743894443
|switch|p1a: Weezing|Weezing-Galar, M|100/100
|-ability|p1a: Weezing|Neutralizing Gas
|move|p2a: Arboliva|Terrain Pulse|p1a: Weezing
|-damage|p1a: Weezing|31/100
|
|-heal|p1a: Weezing|37/100|[from] item: Leftovers
|upkeep
|turn|3
|
|t:|1743894456
|-end|p1a: Weezing|ability: Neutralizing Gas
|switch|p1a: Hydrapple|Hydrapple, F|100/100
|switch|p2a: Iron Crown|Iron Crown|100/100
|-activate|p2a: Iron Crown|ability: Quark Drive
|-start|p2a: Iron Crown|quarkdrivespa
|
|upkeep
|turn|4
|inactive|asdfjklqwert has 120 seconds left.
|
|t:|1743894500
|switch|p1a: Swampert|Swampert, M|100/100
|move|p2a: Iron Crown|Tachyon Cutter|p1a: Swampert
|-resisted|p1a: Swampert
|-damage|p1a: Swampert|85/100
|-resisted|p1a: Swampert
|-damage|p1a: Swampert|70/100
|-hitcount|p1a: Swampert|2
|
|-heal|p1a: Swampert|76/100|[from] item: Leftovers
|upkeep
|turn|5
|
|t:|1743894525
|move|p2a: Iron Crown|Psychic Noise|p1a: Swampert
|-damage|p1a: Swampert|32/100
|-start|p1a: Swampert|move: Heal Block
|move|p1a: Swampert|Flip Turn|p2a: Iron Crown
|-damage|p2a: Iron Crown|51/100
|
|t:|1743894530
|switch|p1a: Cinderace|Cinderace, F|100/100|[from] Flip Turn
|
|upkeep
|turn|6
|
|t:|1743894545
|move|p1a: Cinderace|Pyro Ball|p2a: Iron Crown
|-supereffective|p2a: Iron Crown
|-damage|p2a: Iron Crown|0 fnt
|faint|p2a: Iron Crown
|-end|p2a: Iron Crown|Quark Drive|[silent]
|
|upkeep
|
|t:|1743894563
|switch|p2a: Pincurchin|Pincurchin, M|100/100
|turn|7
|
|t:|1743894582
|move|p1a: Cinderace|U-turn|p2a: Pincurchin
|-start|p1a: Cinderace|typechange|Bug|[from] ability: Libero
|-damage|p2a: Pincurchin|61/100
|
|t:|1743894586
|switch|p1a: Swampert|Swampert, M|32/100|[from] U-turn
|move|p2a: Pincurchin|Zing Zap|p1a: Swampert
|-immune|p1a: Swampert
|
|-heal|p1a: Swampert|38/100|[from] item: Leftovers
|upkeep
|turn|8
|
|t:|1743894592
|switch|p2a: Arboliva|Arboliva, M|100/100
|move|p1a: Swampert|Flip Turn|p2a: Arboliva
|-resisted|p2a: Arboliva
|-crit|p2a: Arboliva
|-damage|p2a: Arboliva|77/100
|
|t:|1743894595
|switch|p1a: Tornadus|Tornadus-Therian, M|100/100|[from] Flip Turn
|
|-fieldend|move: Electric Terrain
|upkeep
|turn|9
|
|t:|1743894603
|switch|p2a: Pincurchin|Pincurchin, M|61/100
|-fieldstart|move: Electric Terrain|[from] ability: Electric Surge|[of] p2a: Pincurchin
|move|p1a: Tornadus|Bleakwind Storm|p2a: Pincurchin|[miss]
|-miss|p1a: Tornadus|p2a: Pincurchin
|
|upkeep
|turn|10
|
|t:|1743894614
|switch|p2a: Iron Valiant|Iron Valiant|100/100
|-activate|p2a: Iron Valiant|ability: Quark Drive
|-start|p2a: Iron Valiant|quarkdriveatk
|move|p1a: Tornadus|U-turn|p2a: Iron Valiant
|-resisted|p2a: Iron Valiant
|-damage|p2a: Iron Valiant|95/100
|
|t:|1743894622
|switch|p1a: Latios|Latios, M|100/100|[from] U-turn
|
|upkeep
|turn|11
|
|t:|1743894628
|-terastallize|p2a: Iron Valiant|Bug
|move|p1a: Latios|Luster Purge|p2a: Iron Valiant
|-damage|p2a: Iron Valiant|0 fnt
|faint|p2a: Iron Valiant
|-end|p2a: Iron Valiant|Quark Drive|[silent]
|
|upkeep
|-message|bruhschetta forfeited.
|
|win|asdfjklqwert
|raw|asdfjklqwert's rating: 1489 &rarr; <strong>1508</strong><br />(+19 for winning)
|raw|bruhschetta's rating: 1476 &rarr; <strong>1457</strong><br />(-19 for losing)
|l|☆bruhschetta
|player|p2|
|l|☆asdfjklqwert
|player|p1|
