|j|☆papayarikky
|j|☆Plorish
|t:|1743822095
|gametype|singles
|player|p1|papayarikky|burglar|1156
|player|p2|Plorish|riley|1136
|teamsize|p1|6
|teamsize|p2|6
|gen|9
|tier|[Gen 9] OU
|rated|
|rule|HP Percentage Mod: HP is shown in percentages
|rule|Endless Battle Clause: Forcing endless battles is banned
|rule|Species Clause: Limit one of each Pokémon
|rule|OHKO Clause: OHKO moves are banned
|rule|Evasion Items Clause: Evasion items are banned
|rule|Evasion Moves Clause: Evasion moves are banned
|rule|Sleep Moves Clause: Sleep-inducing moves are banned
|clearpoke
|poke|p1|Polteageist|
|poke|p1|Electrode-Hisui|
|poke|p1|Incineroar, M|
|poke|p1|Krookodile, F|
|poke|p1|Hitmontop, M|
|poke|p1|Slowbro, M|
|poke|p2|Oricorio-Pom-Pom, F|
|poke|p2|Necrozma|
|poke|p2|Arcanine-Hisui, F|
|poke|p2|Tsareena, F|
|poke|p2|Azumarill, F|
|poke|p2|Hydreigon, F|
|teampreview
|inactive|Battle timer is ON: inactive players will automatically lose when time's up. (requested by Plorish)
|
|t:|1743822111
|start
|switch|p1a: dwb|Incineroar, M, shiny|100/100
|switch|p2a: Hydreigon|Hydreigon, F|100/100
|-ability|p1a: dwb|Intimidate|boost
|-unboost|p2a: Hydreigon|atk|1
|turn|1
|inactive|papayarikky has 120 seconds left.
|c|☆Plorish|Is this triple intimidate
|inactive|papayarikky has 90 seconds left.
|inactive|papayarikky has 60 seconds left.
|
|t:|1743822205
|move|p2a: Hydreigon|Draco Meteor|p1a: dwb
|-damage|p1a: dwb|48/100
|-unboost|p2a: Hydreigon|spa|2
|move|p1a: dwb|Knock Off|p2a: Hydreigon
|-resisted|p2a: Hydreigon
|-damage|p2a: Hydreigon|77/100
|-enditem|p2a: Hydreigon|Choice Scarf|[from] move: Knock Off|[of] p1a: dwb
|
|upkeep
|turn|2
|inactive|papayarikky has 60 seconds left.
|
|t:|1743822220
|move|p2a: Hydreigon|U-turn|p1a: dwb
|-damage|p1a: dwb|39/100
|-damage|p2a: Hydreigon|61/100|[from] item: Rocky Helmet|[of] p1a: dwb
|
|t:|1743822238
|switch|p2a: Arcanine|Arcanine-Hisui, F|100/100|[from] U-turn
|move|p1a: dwb|Parting Shot|p2a: Arcanine
|-unboost|p2a: Arcanine|atk|1
|-unboost|p2a: Arcanine|spa|1
|
|t:|1743822247
|switch|p1a: wiley|Krookodile, F, shiny|100/100|[from] Parting Shot
|-ability|p1a: wiley|Intimidate|boost
|-unboost|p2a: Arcanine|atk|1
|
|upkeep
|turn|3
|
|t:|1743822260
|switch|p2a: Hydreigon|Hydreigon, F|61/100
|move|p1a: wiley|Knock Off|p2a: Hydreigon
|-resisted|p2a: Hydreigon
|-damage|p2a: Hydreigon|43/100
|
|upkeep
|turn|4
|inactive|papayarikky has 60 seconds left.
|
|t:|1743822295
|move|p2a: Hydreigon|Draco Meteor|p1a: wiley
|-damage|p1a: wiley|57/100
|-unboost|p2a: Hydreigon|spa|2
|move|p1a: wiley|Gunk Shot|p2a: Hydreigon
|-damage|p2a: Hydreigon|6/100
|-status|p2a: Hydreigon|psn
|
|-damage|p2a: Hydreigon|0 fnt|[from] psn
|faint|p2a: Hydreigon
|upkeep
|
|t:|1743822313
|switch|p2a: Azumarill|Azumarill, F|100/100
|turn|5
|inactive|papayarikky has 60 seconds left.
|
|t:|1743822340
|move|p1a: wiley|Gunk Shot|p2a: Azumarill
|-supereffective|p2a: Azumarill
|-damage|p2a: Azumarill|28/100
|-enditem|p2a: Azumarill|Sitrus Berry|[eat]
|-heal|p2a: Azumarill|53/100|[from] item: Sitrus Berry
|move|p2a: Azumarill|Belly Drum|p2a: Azumarill
|-damage|p2a: Azumarill|3/100
|-setboost|p2a: Azumarill|atk|6|[from] move: Belly Drum
|
|upkeep
|turn|6
|
|t:|1743822355
|switch|p1a: dope|Slowbro, M, shiny|100/100
|move|p2a: Azumarill|Aqua Jet|p1a: dope
|-resisted|p1a: dope
|-damage|p1a: dope|63/100
|
|-heal|p1a: dope|69/100|[from] item: Leftovers
|upkeep
|turn|7
|
|t:|1743822361
|move|p2a: Azumarill|Play Rough|p1a: dope|[miss]
|-miss|p2a: Azumarill|p1a: dope
|move|p1a: dope|Chilling Water|p2a: Azumarill
|-resisted|p2a: Azumarill
|-damage|p2a: Azumarill|0 fnt
|faint|p2a: Azumarill
|
|-heal|p1a: dope|75/100|[from] item: Leftovers
|upkeep
|
|t:|1743822379
|switch|p2a: Oricorio|Oricorio-Pom-Pom, F|100/100
|turn|8
|
|t:|1743822403
|move|p2a: Oricorio|Quiver Dance|p2a: Oricorio
|-boost|p2a: Oricorio|spa|1
|-boost|p2a: Oricorio|spd|1
|-boost|p2a: Oricorio|spe|1
|move|p1a: dope|Calm Mind|p1a: dope
|-boost|p1a: dope|spa|1
|-boost|p1a: dope|spd|1
|
|-heal|p1a: dope|81/100|[from] item: Leftovers
|upkeep
|turn|9
|
|t:|1743822419
|-terastallize|p1a: dope|Dragon
|move|p2a: Oricorio|Quiver Dance|p2a: Oricorio
|-boost|p2a: Oricorio|spa|1
|-boost|p2a: Oricorio|spd|1
|-boost|p2a: Oricorio|spe|1
|move|p1a: dope|Future Sight|p2a: Oricorio
|-start|p1a: dope|move: Future Sight
|
|-heal|p1a: dope|87/100|[from] item: Leftovers
|upkeep
|turn|10
|
|t:|1743822428
|move|p2a: Oricorio|Hurricane|p1a: dope|[miss]
|-miss|p2a: Oricorio|p1a: dope
|move|p1a: dope|Calm Mind|p1a: dope
|-boost|p1a: dope|spa|1
|-boost|p1a: dope|spd|1
|
|-heal|p1a: dope|93/100|[from] item: Leftovers
|upkeep
|turn|11
|
|t:|1743822435
|move|p2a: Oricorio|Hurricane|p1a: dope|[miss]
|-miss|p2a: Oricorio|p1a: dope
|move|p1a: dope|Calm Mind|p1a: dope
|-boost|p1a: dope|spa|1
|-boost|p1a: dope|spd|1
|
|-end|p2a: Oricorio|move: Future Sight
|-damage|p2a: Oricorio|13/100
|-heal|p1a: dope|99/100|[from] item: Leftovers
|upkeep
|turn|12
|
|t:|1743822445
|move|p2a: Oricorio|Roost|p2a: Oricorio
|-heal|p2a: Oricorio|63/100
|-singleturn|p2a: Oricorio|move: Roost
|move|p1a: dope|Future Sight|p2a: Oricorio
|-start|p1a: dope|move: Future Sight
|
|-heal|p1a: dope|100/100|[from] item: Leftovers
|upkeep
|turn|13
|
|t:|1743822455
|move|p2a: Oricorio|Hurricane|p1a: dope
|-damage|p1a: dope|61/100
|-start|p1a: dope|confusion
|-activate|p1a: dope|confusion
|move|p1a: dope|Calm Mind|p1a: dope
|-boost|p1a: dope|spa|1
|-boost|p1a: dope|spd|1
|
|-heal|p1a: dope|67/100|[from] item: Leftovers
|upkeep
|turn|14
|inactive|papayarikky has 60 seconds left.
|
|t:|1743822467
|move|p2a: Oricorio|Quiver Dance|p2a: Oricorio
|-boost|p2a: Oricorio|spa|1
|-boost|p2a: Oricorio|spd|1
|-boost|p2a: Oricorio|spe|1
|-activate|p1a: dope|confusion
|-damage|p1a: dope|62/100|[from] confusion
|
|-end|p2a: Oricorio|move: Future Sight
|-damage|p2a: Oricorio|0 fnt
|faint|p2a: Oricorio
|-heal|p1a: dope|68/100|[from] item: Leftovers
|upkeep
|
|t:|1743822488
|switch|p2a: Arcanine|Arcanine-Hisui, F|100/100
|turn|15
|inactive|papayarikky has 60 seconds left.
|
|t:|1743822505
|move|p2a: Arcanine|Head Smash|p1a: dope|[miss]
|-miss|p2a: Arcanine|p1a: dope
|-end|p1a: dope|confusion
|move|p1a: dope|Chilling Water|p2a: Arcanine
|-supereffective|p2a: Arcanine
|-damage|p2a: Arcanine|0 fnt
|faint|p2a: Arcanine
|
|-heal|p1a: dope|74/100|[from] item: Leftovers
|upkeep
|
|t:|1743822514
|switch|p2a: Tsareena|Tsareena, F, shiny|100/100
|turn|16
|
|t:|1743822520
|move|p2a: Tsareena|Rapid Spin|p1a: dope
|-damage|p1a: dope|60/100
|-boost|p2a: Tsareena|spe|1
|move|p1a: dope|Future Sight|p2a: Tsareena
|-start|p1a: dope|move: Future Sight
|
|-heal|p1a: dope|66/100|[from] item: Leftovers
|upkeep
|turn|17
|
|t:|1743822524
|move|p2a: Tsareena|Triple Axel|p1a: dope
|-supereffective|p1a: dope
|-crit|p1a: dope
|-damage|p1a: dope|49/100
|-hitcount|p1a: dope|1
|move|p1a: dope|Thunder Wave|p2a: Tsareena
|-status|p2a: Tsareena|par
|
|-heal|p1a: dope|55/100|[from] item: Leftovers
|upkeep
|turn|18
|
|t:|1743822535
|move|p2a: Tsareena|Triple Axel|p1a: dope
|-supereffective|p1a: dope
|-damage|p1a: dope|44/100
|-supereffective|p1a: dope
|-damage|p1a: dope|19/100
|-supereffective|p1a: dope
|-damage|p1a: dope|0 fnt
|faint|p1a: dope
|-hitcount|p1: dope|3
|
|-end|p2a: Tsareena|move: Future Sight
|-damage|p2a: Tsareena|70/100 par
|upkeep
|inactive|papayarikky has 90 seconds left.
|
|t:|1743822552
|switch|p1a: dwb|Incineroar, M, shiny|39/100
|-ability|p1a: dwb|Intimidate|boost
|-unboost|p2a: Tsareena|atk|1
|turn|19
|
|t:|1743822569
|move|p1a: dwb|Parting Shot|p2a: Tsareena
|-unboost|p2a: Tsareena|atk|1
|-unboost|p2a: Tsareena|spa|1
|
|t:|1743822574
|switch|p1a: ocho loko|Electrode-Hisui, shiny|100/100|[from] Parting Shot
|move|p2a: Tsareena|Triple Axel|p1a: ocho loko
|-supereffective|p1a: ocho loko
|-damage|p1a: ocho loko|87/100
|-supereffective|p1a: ocho loko
|-damage|p1a: ocho loko|61/100
|-supereffective|p1a: ocho loko
|-damage|p1a: ocho loko|22/100
|-hitcount|p1a: ocho loko|3
|
|upkeep
|turn|20
|
|t:|1743822589
|move|p1a: ocho loko|Volt Switch|p2a: Tsareena
|-resisted|p2a: Tsareena
|-crit|p2a: Tsareena
|-damage|p2a: Tsareena|57/100 par
|
|t:|1743822599
|switch|p1a: dwb|Incineroar, M, shiny|39/100|[from] Volt Switch
|-ability|p1a: dwb|Intimidate|boost
|-unboost|p2a: Tsareena|atk|1
|cant|p2a: Tsareena|par
|
|upkeep
|turn|21
|
|t:|1743822606
|move|p1a: dwb|Flame Charge|p2a: Tsareena
|-supereffective|p2a: Tsareena
|-damage|p2a: Tsareena|19/100 par
|-boost|p1a: dwb|spe|1
|move|p2a: Tsareena|U-turn|p1a: dwb
|-damage|p1a: dwb|30/100
|-damage|p2a: Tsareena|3/100 par|[from] item: Rocky Helmet|[of] p1a: dwb
|
|t:|1743822609
|switch|p2a: Necrozma|Necrozma|100/100|[from] U-turn
|
|upkeep
|turn|22
|inactive|papayarikky has 90 seconds left.
|inactive|papayarikky has 60 seconds left.
|
|t:|1743822675
|move|p1a: dwb|Knock Off|p2a: Necrozma
|-supereffective|p2a: Necrozma
|-damage|p2a: Necrozma|62/100
|-enditem|p2a: Necrozma|Leftovers|[from] move: Knock Off|[of] p1a: dwb
|move|p2a: Necrozma|Heat Wave|p1a: dwb|[miss]
|-miss|p2a: Necrozma|p1a: dwb
|
|upkeep
|turn|23
|c|☆Plorish|WHY
|
|t:|1743822697
|move|p1a: dwb|Parting Shot|p2a: Necrozma
|-unboost|p2a: Necrozma|atk|1
|-unboost|p2a: Necrozma|spa|1
|c|☆papayarikky|most lucky user on ladder
|inactive|papayarikky has 30 seconds left.
|
|t:|1743822715
|switch|p1a: wiley|Krookodile, F, shiny|57/100|[from] Parting Shot
|-ability|p1a: wiley|Intimidate|boost
|-unboost|p2a: Necrozma|atk|1
|move|p2a: Necrozma|Moonlight|p2a: Necrozma
|-heal|p2a: Necrozma|100/100
|
|upkeep
|turn|24
|
|t:|1743822723
|move|p1a: wiley|Earthquake|p2a: Necrozma
|-damage|p2a: Necrozma|72/100
|move|p2a: Necrozma|Heat Wave|p1a: wiley
|-damage|p1a: wiley|44/100
|
|upkeep
|turn|25
|
|t:|1743822731
|switch|p2a: Tsareena|Tsareena, F, shiny|3/100 par
|move|p1a: wiley|Earthquake|p2a: Tsareena
|-resisted|p2a: Tsareena
|-damage|p2a: Tsareena|0 fnt
|faint|p2a: Tsareena
|
|upkeep
|
|t:|1743822733
|switch|p2a: Necrozma|Necrozma|72/100
|turn|26
|
|t:|1743822754
|-terastallize|p2a: Necrozma|Fairy
|move|p1a: wiley|Earthquake|p2a: Necrozma
|-damage|p2a: Necrozma|46/100
|move|p2a: Necrozma|Heat Wave|p1a: wiley
|-damage|p1a: wiley|24/100
|
|upkeep
|turn|27
|
|t:|1743822763
|move|p1a: wiley|Gunk Shot|p2a: Necrozma
|-supereffective|p2a: Necrozma
|-damage|p2a: Necrozma|14/100
|move|p2a: Necrozma|Moonlight|p2a: Necrozma
|-heal|p2a: Necrozma|64/100
|
|upkeep
|turn|28
|c|☆papayarikky|oi omelanduh stole my bloody son
|
|t:|1743822770
|move|p1a: wiley|Gunk Shot|p2a: Necrozma
|-supereffective|p2a: Necrozma
|-damage|p2a: Necrozma|31/100
|move|p2a: Necrozma|Heat Wave|p1a: wiley|[miss]
|-miss|p2a: Necrozma|p1a: wiley
|
|upkeep
|turn|29
|inactive|papayarikky has 60 seconds left.
|c|☆papayarikky|dt! heat wave
|c|☆papayarikky|does that not work for moves
|c|☆Plorish|My fault tbh for running heat wave
|c|☆Plorish|!dt heat wave
|raw|<ul class="utilichart"><li class="result"><span class="col movenamecol"><a href="https://dex.pokemonshowdown.com/moves/heatwave">Heat Wave</a></span> <span class="col typecol"><img src="//play.pokemonshowdown.com/sprites/types/Fire.png" alt="Fire" width="32" height="14"><img src="//play.pokemonshowdown.com/sprites/categories/Special.png" alt="Special" width="32" height="14"></span> <span class="col labelcol"><em>Power</em><br>95</span> <span class="col widelabelcol"><em>Accuracy</em><br>90%</span> <span class="col pplabelcol"><em>PP</em><br>16</span> <span class="col movedesccol">10% chance to burn the foe(s).</span> </li><li style="clear:both"></li></ul>
|raw|<font size="1"><font color="#686868">Priority:</font> 0&nbsp;|&ThickSpace;<font color="#686868">Gen:</font> 3&nbsp;|&ThickSpace;&#10003; Boosted by Sheer Force&nbsp;|&ThickSpace;&#10003; Wind move&nbsp;|&ThickSpace;<font color="#686868">Z-Power:</font> 175&nbsp;|&ThickSpace;<font color="#686868">Target:</font> All Adjacent Opponents</font>

|inactive|papayarikky has 30 seconds left.
|inactive|papayarikky has 20 seconds left.
|c|☆papayarikky|!dt gunk shot
|raw|<ul class="utilichart"><li class="result"><span class="col movenamecol"><a href="https://dex.pokemonshowdown.com/moves/gunkshot">Gunk Shot</a></span> <span class="col typecol"><img src="//play.pokemonshowdown.com/sprites/types/Poison.png" alt="Poison" width="32" height="14"><img src="//play.pokemonshowdown.com/sprites/categories/Physical.png" alt="Physical" width="32" height="14"></span> <span class="col labelcol"><em>Power</em><br>120</span> <span class="col widelabelcol"><em>Accuracy</em><br>80%</span> <span class="col pplabelcol"><em>PP</em><br>8</span> <span class="col movedesccol">30% chance to poison the target.</span> </li><li style="clear:both"></li></ul>
|raw|<font size="1"><font color="#686868">Priority:</font> 0&nbsp;|&ThickSpace;<font color="#686868">Gen:</font> 4&nbsp;|&ThickSpace;&#10003; Boosted by Sheer Force&nbsp;|&ThickSpace;<font color="#686868">Z-Power:</font> 190&nbsp;|&ThickSpace;<font color="#686868">Target:</font> One Adjacent Pokémon</font>

|inactive|papayarikky has 15 seconds left.
|
|t:|1743822821
|move|p1a: wiley|Gunk Shot|p2a: Necrozma
|-supereffective|p2a: Necrozma
|-damage|p2a: Necrozma|0 fnt
|faint|p2a: Necrozma
|
|win|papayarikky
|inactive|papayarikky has 20 seconds left this turn.
|raw|papayarikky's rating: 1156 &rarr; <strong>1180</strong><br />(+24 for winning)
|raw|Plorish's rating: 1136 &rarr; <strong>1112</strong><br />(-24 for losing)
|c|☆Plorish|ggs tho
