|j|☆oTaxidi
|j|☆Formally4324
|t:|1743806245
|gametype|singles
|player|p1|oTaxidi|dragontamer|1342
|player|p2|Formally4324|wallace|1324
|teamsize|p1|6
|teamsize|p2|6
|gen|9
|tier|[Gen 9] OU
|rated|
|rule|HP Percentage Mod: HP is shown in percentages
|rule|Endless Battle Clause: Forcing endless battles is banned
|rule|Species Clause: Limit one of each Pokémon
|rule|OHKO Clause: OHKO moves are banned
|rule|Evasion Items Clause: Evasion items are banned
|rule|Evasion Moves Clause: Evasion moves are banned
|rule|Sleep Moves Clause: Sleep-inducing moves are banned
|clearpoke
|poke|p1|Dragonite, M|
|poke|p1|Garganacl, M|
|poke|p1|Kingambit, F|
|poke|p1|Corviknight, M|
|poke|p1|Raging Bolt|
|poke|p1|Ogerpon-Wellspring, F|
|poke|p2|Medicham, M|
|poke|p2|Iron Valiant|
|poke|p2|Iron Treads|
|poke|p2|Alomomola, M|
|poke|p2|Pecharunt|
|poke|p2|Darkrai|
|teampreview
|inactive|Battle timer is ON: inactive players will automatically lose when time's up. (requested by Formally4324)
|c|☆Formally4324|glhf
|c|☆oTaxidi|u2
|
|t:|1743806257
|start
|switch|p1a: Garganacl|Garganacl, M|100/100
|switch|p2a: Iron Treads|Iron Treads|100/100
|turn|1
|
|t:|1743806270
|move|p2a: Iron Treads|Knock Off|p1a: Garganacl
|-damage|p1a: Garganacl|85/100
|-enditem|p1a: Garganacl|Leftovers|[from] move: Knock Off|[of] p2a: Iron Treads
|move|p1a: Garganacl|Salt Cure|p2a: Iron Treads
|-resisted|p2a: Iron Treads
|-damage|p2a: Iron Treads|97/100
|-start|p2a: Iron Treads|Salt Cure
|
|-heal|p2a: Iron Treads|100/100|[from] item: Leftovers
|-damage|p2a: Iron Treads|76/100|[from] Salt Cure
|upkeep
|turn|2
|
|t:|1743806277
|move|p2a: Iron Treads|Stealth Rock|p1a: Garganacl
|-sidestart|p1: oTaxidi|move: Stealth Rock
|move|p1a: Garganacl|Earthquake|p2a: Iron Treads
|-supereffective|p2a: Iron Treads
|-damage|p2a: Iron Treads|37/100
|
|-heal|p2a: Iron Treads|43/100|[from] item: Leftovers
|-damage|p2a: Iron Treads|18/100|[from] Salt Cure
|upkeep
|turn|3
|
|t:|1743806285
|-end|p2a: Iron Treads|Quark Drive|[silent]
|switch|p2a: Alomomola|Alomomola, M|100/100
|move|p1a: Garganacl|Earthquake|p2a: Alomomola
|-damage|p2a: Alomomola|84/100
|
|upkeep
|turn|4
|
|t:|1743806291
|move|p2a: Alomomola|Flip Turn|p1a: Garganacl
|-supereffective|p1a: Garganacl
|-damage|p1a: Garganacl|65/100
|
|t:|1743806295
|switch|p2a: Medicham|Medicham, M|100/100|[from] Flip Turn
|move|p1a: Garganacl|Salt Cure|p2a: Medicham
|-resisted|p2a: Medicham
|-damage|p2a: Medicham|89/100
|-start|p2a: Medicham|Salt Cure
|
|-damage|p2a: Medicham|76/100|[from] Salt Cure
|upkeep
|turn|5
|
|t:|1743806301
|switch|p1a: Corviknight|Corviknight, M|100/100
|-damage|p1a: Corviknight|88/100|[from] Stealth Rock
|move|p2a: Medicham|Close Combat|p1a: Corviknight
|-damage|p1a: Corviknight|41/100
|-unboost|p2a: Medicham|def|1
|-unboost|p2a: Medicham|spd|1
|-damage|p2a: Medicham|60/100|[from] item: Rocky Helmet|[of] p1a: Corviknight
|
|-damage|p2a: Medicham|48/100|[from] Salt Cure
|upkeep
|turn|6
|inactive|oTaxidi has 120 seconds left.
|
|t:|1743806336
|switch|p1a: Garganacl|Garganacl, M|65/100
|-damage|p1a: Garganacl|53/100|[from] Stealth Rock
|move|p2a: Medicham|Close Combat|p1a: Garganacl
|-supereffective|p1a: Garganacl
|-damage|p1a: Garganacl|0 fnt
|-unboost|p2a: Medicham|def|1
|-unboost|p2a: Medicham|spd|1
|faint|p1a: Garganacl
|
|-damage|p2a: Medicham|35/100|[from] Salt Cure
|upkeep
|inactive|oTaxidi has 120 seconds left.
|
|t:|1743806347
|switch|p1a: Dragonite|Dragonite, M|100/100
|-damage|p1a: Dragonite|75/100|[from] Stealth Rock
|turn|7
|
|t:|1743806355
|switch|p2a: Alomomola|Alomomola, M|100/100
|move|p1a: Dragonite|Extreme Speed|p2a: Alomomola
|-damage|p2a: Alomomola|74/100
|
|upkeep
|turn|8
|inactive|oTaxidi has 120 seconds left.
|
|t:|1743806376
|move|p1a: Dragonite|Extreme Speed|p2a: Alomomola
|-damage|p2a: Alomomola|49/100
|move|p2a: Alomomola|Flip Turn|p1a: Dragonite
|-resisted|p1a: Dragonite
|-damage|p1a: Dragonite|67/100
|
|t:|1743806385
|switch|p2a: Darkrai|Darkrai|100/100|[from] Flip Turn
|
|upkeep
|turn|9
|inactive|oTaxidi has 120 seconds left.
|
|t:|1743806397
|move|p1a: Dragonite|Extreme Speed|p2a: Darkrai
|-damage|p2a: Darkrai|55/100
|move|p2a: Darkrai|Ice Beam|p1a: Dragonite
|-supereffective|p1a: Dragonite
|-damage|p1a: Dragonite|0 fnt
|faint|p1a: Dragonite
|
|upkeep
|inactive|oTaxidi has 120 seconds left.
|
|t:|1743806403
|switch|p1a: Ogerpon|Ogerpon-Wellspring, F|100/100
|-damage|p1a: Ogerpon|88/100|[from] Stealth Rock
|turn|10
|
|t:|1743806413
|move|p2a: Darkrai|Sludge Bomb|p1a: Ogerpon
|-supereffective|p1a: Ogerpon
|-damage|p1a: Ogerpon|0 fnt
|faint|p1a: Ogerpon
|
|upkeep
|
|t:|1743806418
|switch|p1a: Kingambit|Kingambit, F|100/100
|-damage|p1a: Kingambit|94/100|[from] Stealth Rock
|-activate|p1a: Kingambit|ability: Supreme Overlord
|-start|p1a: Kingambit|fallen3|[silent]
|turn|11
|
|t:|1743806423
|move|p2a: Darkrai|Focus Blast|p1a: Kingambit
|-supereffective|p1a: Kingambit
|-damage|p1a: Kingambit|0 fnt
|faint|p1a: Kingambit
|-end|p1a: Kingambit|fallen3|[silent]
|
|upkeep
|
|t:|1743806428
|switch|p1a: Raging Bolt|Raging Bolt|100/100
|-damage|p1a: Raging Bolt|88/100|[from] Stealth Rock
|-enditem|p1a: Raging Bolt|Booster Energy
|-activate|p1a: Raging Bolt|ability: Protosynthesis|[fromitem]
|-start|p1a: Raging Bolt|protosynthesisspa
|turn|12
|
|t:|1743806432
|move|p1a: Raging Bolt|Thunderclap|p2a: Darkrai
|-damage|p2a: Darkrai|0 fnt
|faint|p2a: Darkrai
|
|upkeep
|
|t:|1743806438
|switch|p2a: Iron Treads|Iron Treads|18/100
|turn|13
|
|t:|1743806443
|move|p2a: Iron Treads|Earthquake|p1a: Raging Bolt
|-supereffective|p1a: Raging Bolt
|-damage|p1a: Raging Bolt|0 fnt
|faint|p1a: Raging Bolt
|-end|p1a: Raging Bolt|Protosynthesis|[silent]
|
|-heal|p2a: Iron Treads|24/100|[from] item: Leftovers
|upkeep
|-message|oTaxidi forfeited.
|
|win|Formally4324
|raw|oTaxidi's rating: 1342 &rarr; <strong>1321</strong><br />(-21 for losing)
|raw|Formally4324's rating: 1324 &rarr; <strong>1345</strong><br />(+21 for winning)
|l|☆oTaxidi
|player|p1|
|l|☆Formally4324
|player|p2|
