|j|☆megataque1
|j|☆Anonymalous
|t:|1743862885
|gametype|singles
|player|p1|megataque1|hiker-gen4|1291
|player|p2|Anonymalous|unknown|1268
|teamsize|p1|6
|teamsize|p2|6
|gen|9
|tier|[Gen 9] OU
|rated|
|rule|HP Percentage Mod: HP is shown in percentages
|rule|Endless Battle Clause: Forcing endless battles is banned
|rule|Species Clause: Limit one of each Pokémon
|rule|OHKO Clause: OHKO moves are banned
|rule|Evasion Items Clause: Evasion items are banned
|rule|Evasion Moves Clause: Evasion moves are banned
|rule|Sleep Moves Clause: Sleep-inducing moves are banned
|clearpoke
|poke|p1|Araquanid, F|
|poke|p1|Porygon2|
|poke|p1|Kingambit, M|
|poke|p1|Iron Boulder|
|poke|p1|Great Tusk|
|poke|p1|Serperior, M|
|poke|p2|Alomomola, F|
|poke|p2|Slowking-Galar, F|
|poke|p2|Gliscor, F|
|poke|p2|Iron Treads|
|poke|p2|Moltres|
|poke|p2|Garganacl, F|
|teampreview
|inactive|Battle timer is ON: inactive players will automatically lose when time's up. (requested by megataque1)
|
|t:|1743862891
|start
|switch|p1a: Araquanid|Araquanid, F, shiny|100/100
|switch|p2a: Iron Treads|Iron Treads, shiny|100/100
|turn|1
|
|t:|1743862898
|move|p2a: Iron Treads|Stealth Rock|p1a: Araquanid
|-sidestart|p1: megataque1|move: Stealth Rock
|move|p1a: Araquanid|Liquidation|p2a: Iron Treads
|-supereffective|p2a: Iron Treads
|-damage|p2a: Iron Treads|0 fnt
|faint|p2a: Iron Treads
|-end|p2a: Iron Treads|Quark Drive|[silent]
|
|upkeep
|
|t:|1743862910
|switch|p2a: Garganacl|Garganacl, F|100/100
|turn|2
|
|t:|1743862913
|move|p1a: Araquanid|Sticky Web|p2a: Garganacl
|-sidestart|p2: Anonymalous|move: Sticky Web
|move|p2a: Garganacl|Salt Cure|p1a: Araquanid
|-supereffective|p1a: Araquanid
|-damage|p1a: Araquanid|65/100
|-start|p1a: Araquanid|Salt Cure
|
|-damage|p1a: Araquanid|40/100|[from] Salt Cure
|upkeep
|turn|3
|
|t:|1743862922
|move|p2a: Garganacl|Protect|p2a: Garganacl
|-singleturn|p2a: Garganacl|Protect
|move|p1a: Araquanid|Liquidation|p2a: Garganacl
|-activate|p2a: Garganacl|move: Protect
|
|-damage|p1a: Araquanid|15/100|[from] Salt Cure
|upkeep
|turn|4
|
|t:|1743862934
|move|p1a: Araquanid|Liquidation|p2a: Garganacl
|-supereffective|p2a: Garganacl
|-damage|p2a: Garganacl|32/100
|-unboost|p2a: Garganacl|def|1
|move|p2a: Garganacl|Recover|p2a: Garganacl
|-heal|p2a: Garganacl|82/100
|
|-heal|p2a: Garganacl|88/100|[from] item: Leftovers
|-damage|p1a: Araquanid|0 fnt|[from] Salt Cure
|faint|p1a: Araquanid
|upkeep
|
|t:|1743862941
|switch|p1a: Great Tusk|Great Tusk|100/100
|-damage|p1a: Great Tusk|98/100|[from] Stealth Rock
|-enditem|p1a: Great Tusk|Booster Energy
|-activate|p1a: Great Tusk|ability: Protosynthesis|[fromitem]
|-start|p1a: Great Tusk|protosynthesisdef
|turn|5
|
|t:|1743862952
|move|p1a: Great Tusk|Rapid Spin|p2a: Garganacl
|-resisted|p2a: Garganacl
|-damage|p2a: Garganacl|82/100
|-boost|p1a: Great Tusk|spe|1
|-sideend|p1: megataque1|Stealth Rock|[from] move: Rapid Spin|[of] p1a: Great Tusk
|move|p2a: Garganacl|Salt Cure|p1a: Great Tusk
|-resisted|p1a: Great Tusk
|-damage|p1a: Great Tusk|96/100
|-start|p1a: Great Tusk|Salt Cure
|
|-heal|p2a: Garganacl|88/100|[from] item: Leftovers
|-damage|p1a: Great Tusk|84/100|[from] Salt Cure
|upkeep
|turn|6
|
|t:|1743862962
|switch|p2a: Gliscor|Gliscor, F|100/100
|move|p1a: Great Tusk|Body Press|p2a: Gliscor
|-resisted|p2a: Gliscor
|-crit|p2a: Gliscor
|-damage|p2a: Gliscor|81/100
|
|-damage|p1a: Great Tusk|72/100|[from] Salt Cure
|-status|p2a: Gliscor|tox|[from] item: Toxic Orb
|upkeep
|turn|7
|
|t:|1743862979
|move|p2a: Gliscor|Protect|p2a: Gliscor
|-singleturn|p2a: Gliscor|Protect
|move|p1a: Great Tusk|Ice Spinner|p2a: Gliscor
|-activate|p2a: Gliscor|move: Protect
|
|-heal|p2a: Gliscor|93/100 tox|[from] ability: Poison Heal
|-damage|p1a: Great Tusk|59/100|[from] Salt Cure
|upkeep
|turn|8
|
|t:|1743862989
|switch|p2a: Moltres|Moltres|100/100
|move|p1a: Great Tusk|Body Press|p2a: Moltres
|-resisted|p2a: Moltres
|-damage|p2a: Moltres|84/100
|-status|p1a: Great Tusk|brn|[from] ability: Flame Body|[of] p2a: Moltres
|
|-damage|p1a: Great Tusk|53/100 brn|[from] brn
|-damage|p1a: Great Tusk|41/100 brn|[from] Salt Cure
|upkeep
|turn|9
|
|t:|1743863000
|move|p1a: Great Tusk|Ice Spinner|p2a: Moltres
|-damage|p2a: Moltres|76/100
|move|p2a: Moltres|Flamethrower|p1a: Great Tusk
|-damage|p1a: Great Tusk|0 fnt
|faint|p1a: Great Tusk
|-end|p1a: Great Tusk|Protosynthesis|[silent]
|
|upkeep
|
|t:|1743863005
|switch|p1a: Iron Boulder|Iron Boulder|100/100
|turn|10
|
|t:|1743863013
|switch|p2a: Alomomola|Alomomola, F|100/100
|-activate|p2a: Alomomola|move: Sticky Web
|-unboost|p2a: Alomomola|spe|1
|move|p1a: Iron Boulder|Mighty Cleave|p2a: Alomomola
|-damage|p2a: Alomomola|61/100
|-damage|p1a: Iron Boulder|84/100|[from] item: Rocky Helmet|[of] p2a: Alomomola
|
|upkeep
|turn|11
|
|t:|1743863023
|-end|p1a: Iron Boulder|Quark Drive|[silent]
|switch|p1a: Serperior|Serperior, M, shiny|100/100
|move|p2a: Alomomola|Wish|p2a: Alomomola
|
|upkeep
|turn|12
|
|t:|1743863031
|switch|p2a: Slowking|Slowking-Galar, F|100/100
|move|p1a: Serperior|Leaf Storm|p2a: Slowking|[miss]
|-miss|p1a: Serperior|p2a: Slowking
|
|upkeep
|turn|13
|
|t:|1743863041
|move|p1a: Serperior|Glare|p2a: Slowking
|-status|p2a: Slowking|par
|move|p2a: Slowking|Toxic|p1a: Serperior
|-status|p1a: Serperior|tox
|
|-damage|p1a: Serperior|94/100 tox|[from] psn
|upkeep
|turn|14
|
|t:|1743863051
|switch|p1a: Kingambit|Kingambit, M|100/100
|-activate|p1a: Kingambit|ability: Supreme Overlord
|-start|p1a: Kingambit|fallen2|[silent]
|move|p2a: Slowking|Psychic Noise|p1a: Kingambit
|-immune|p1a: Kingambit
|
|upkeep
|turn|15
|
|t:|1743863058
|move|p1a: Kingambit|Swords Dance|p1a: Kingambit
|-boost|p1a: Kingambit|atk|2
|move|p2a: Slowking|Thunder Wave|p1a: Kingambit
|-status|p1a: Kingambit|par
|
|upkeep
|turn|16
|
|t:|1743863064
|move|p1a: Kingambit|Kowtow Cleave|p2a: Slowking
|-supereffective|p2a: Slowking
|-damage|p2a: Slowking|0 fnt
|faint|p2a: Slowking
|-damage|p1a: Kingambit|91/100 par|[from] item: Life Orb
|
|upkeep
|
|t:|1743863070
|switch|p2a: Moltres|Moltres|76/100
|turn|17
|
|t:|1743863075
|move|p1a: Kingambit|Kowtow Cleave|p2a: Moltres
|-damage|p2a: Moltres|0 fnt
|faint|p2a: Moltres
|-damage|p1a: Kingambit|81/100 par|[from] item: Life Orb
|
|upkeep
|
|t:|1743863084
|switch|p2a: Garganacl|Garganacl, F|88/100
|-activate|p2a: Garganacl|move: Sticky Web
|-unboost|p2a: Garganacl|spe|1
|turn|18
|
|t:|1743863093
|cant|p1a: Kingambit|par
|move|p2a: Garganacl|Salt Cure|p1a: Kingambit
|-resisted|p1a: Kingambit
|-damage|p1a: Kingambit|76/100 par
|-start|p1a: Kingambit|Salt Cure
|
|-heal|p2a: Garganacl|94/100|[from] item: Leftovers
|-damage|p1a: Kingambit|51/100 par|[from] Salt Cure
|upkeep
|turn|19
|
|t:|1743863104
|move|p1a: Kingambit|Iron Head|p2a: Garganacl
|-supereffective|p2a: Garganacl
|-damage|p2a: Garganacl|0 fnt
|faint|p2a: Garganacl
|-damage|p1a: Kingambit|41/100 par|[from] item: Life Orb
|
|-damage|p1a: Kingambit|16/100 par|[from] Salt Cure
|upkeep
|
|t:|1743863116
|switch|p2a: Gliscor|Gliscor, F|93/100 tox
|turn|20
|
|t:|1743863119
|move|p2a: Gliscor|Protect|p2a: Gliscor
|-singleturn|p2a: Gliscor|Protect
|cant|p1a: Kingambit|par
|
|-heal|p2a: Gliscor|100/100 tox|[from] ability: Poison Heal
|-damage|p1a: Kingambit|0 fnt|[from] Salt Cure
|faint|p1a: Kingambit
|-end|p1a: Kingambit|fallen2|[silent]
|upkeep
|
|t:|1743863121
|switch|p1a: Porygon2|Porygon2, shiny|100/100
|turn|21
|
|t:|1743863129
|move|p2a: Gliscor|Knock Off|p1a: Porygon2
|-damage|p1a: Porygon2|88/100
|-enditem|p1a: Porygon2|Eviolite|[from] move: Knock Off|[of] p2a: Gliscor
|move|p1a: Porygon2|Ice Beam|p2a: Gliscor
|-supereffective|p2a: Gliscor
|-damage|p2a: Gliscor|0 fnt
|faint|p2a: Gliscor
|
|upkeep
|
|t:|1743863136
|switch|p2a: Alomomola|Alomomola, F|94/100
|-activate|p2a: Alomomola|move: Sticky Web
|-unboost|p2a: Alomomola|spe|1
|turn|22
|
|t:|1743863145
|-terastallize|p2a: Alomomola|Fire
|move|p1a: Porygon2|Discharge|p2a: Alomomola
|-damage|p2a: Alomomola|67/100
|move|p2a: Alomomola|Scald|p1a: Porygon2
|-damage|p1a: Porygon2|73/100
|-status|p1a: Porygon2|brn
|
|-damage|p1a: Porygon2|67/100 brn|[from] brn
|upkeep
|turn|23
|
|t:|1743863159
|move|p2a: Alomomola|Protect|p2a: Alomomola
|-singleturn|p2a: Alomomola|Protect
|move|p1a: Porygon2|Tri Attack|p2a: Alomomola
|-activate|p2a: Alomomola|move: Protect
|
|-damage|p1a: Porygon2|61/100 brn|[from] brn
|upkeep
|turn|24
|
|t:|1743863174
|move|p1a: Porygon2|Tri Attack|p2a: Alomomola
|-damage|p2a: Alomomola|27/100
|move|p2a: Alomomola|Wish|p2a: Alomomola
|
|-damage|p1a: Porygon2|55/100 brn|[from] brn
|upkeep
|turn|25
|
|t:|1743863183
|move|p2a: Alomomola|Protect|p2a: Alomomola
|-singleturn|p2a: Alomomola|Protect
|move|p1a: Porygon2|Tri Attack|p2a: Alomomola
|-activate|p2a: Alomomola|move: Protect
|
|-heal|p2a: Alomomola|77/100|[from] move: Wish|[wisher] Alomomola
|-damage|p1a: Porygon2|49/100 brn|[from] brn
|upkeep
|turn|26
|
|t:|1743863196
|move|p1a: Porygon2|Tri Attack|p2a: Alomomola
|-damage|p2a: Alomomola|37/100
|move|p2a: Alomomola|Wish|p2a: Alomomola
|
|-damage|p1a: Porygon2|42/100 brn|[from] brn
|upkeep
|turn|27
|
|t:|1743863204
|switch|p1a: Iron Boulder|Iron Boulder|84/100
|move|p2a: Alomomola|Protect||[still]
|-fail|p2a: Alomomola
|
|-heal|p2a: Alomomola|87/100|[from] move: Wish|[wisher] Alomomola
|upkeep
|turn|28
|
|t:|1743863214
|-terastallize|p1a: Iron Boulder|Grass
|move|p1a: Iron Boulder|Mighty Cleave|p2a: Alomomola
|-supereffective|p2a: Alomomola
|-damage|p2a: Alomomola|17/100
|-damage|p1a: Iron Boulder|67/100|[from] item: Rocky Helmet|[of] p2a: Alomomola
|move|p2a: Alomomola|Scald|p1a: Iron Boulder
|-resisted|p1a: Iron Boulder
|-damage|p1a: Iron Boulder|61/100
|
|upkeep
|turn|29
|
|t:|1743863229
|move|p1a: Iron Boulder|Mighty Cleave|p2a: Alomomola
|-supereffective|p2a: Alomomola
|-damage|p2a: Alomomola|0 fnt
|-damage|p1a: Iron Boulder|44/100|[from] item: Rocky Helmet|[of] p2a: Alomomola
|faint|p2a: Alomomola
|
|win|megataque1
|raw|megataque1's rating: 1291 &rarr; <strong>1314</strong><br />(+23 for winning)
|raw|Anonymalous's rating: 1268 &rarr; <strong>1245</strong><br />(-23 for losing)
|c|☆Anonymalous|gg
|l|☆megataque1
|player|p1|
|l|☆Anonymalous
|player|p2|
