|badge|p2|bronze|gen9ou|100-5
|uhtml|medal-msg|<div class="broadcast-blue">Curious what those medals under the avatar are? PS now has Ladder Seasons! For more information, check out the <a href="https://www.smogon.com/forums/threads/3740067/">thread on Smogon.</a></div>
|j|☆Golisopod Enjoyer
|j|☆tonyrayyy
|t:|1743866941
|gametype|singles
|player|p1|Golisopod Enjoyer|1|1754
|player|p2|tonyrayyy|cynthia-gen4|1863
|teamsize|p1|6
|teamsize|p2|6
|gen|9
|tier|[Gen 9] OU
|rated|
|rule|HP Percentage Mod: HP is shown in percentages
|rule|Endless Battle Clause: Forcing endless battles is banned
|rule|Species Clause: Limit one of each Pokémon
|rule|OHKO Clause: OHKO moves are banned
|rule|Evasion Items Clause: Evasion items are banned
|rule|Evasion Moves Clause: Evasion moves are banned
|rule|Sleep Moves Clause: Sleep-inducing moves are banned
|clearpoke
|poke|p1|Iron Crown|
|poke|p1|Samurott-Hisui, F|
|poke|p1|Moltres|
|poke|p1|Scizor, F|
|poke|p1|Great Tusk|
|poke|p1|Pecharunt|
|poke|p2|Gholdengo|
|poke|p2|Samurott-Hisui, M|
|poke|p2|Kingambit, M|
|poke|p2|Zapdos|
|poke|p2|Great Tusk|
|poke|p2|Slowking-Galar, M|
|teampreview
|
|t:|1743866957
|start
|switch|p1a: Samurott|Samurott-Hisui, F|100/100
|switch|p2a: Samurott|Samurott-Hisui, M|100/100
|turn|1
|
|t:|1743866962
|move|p2a: Samurott|Sacred Sword|p1a: Samurott
|-supereffective|p1a: Samurott
|-damage|p1a: Samurott|11/100
|move|p1a: Samurott|Ceaseless Edge|p2a: Samurott
|-resisted|p2a: Samurott
|-damage|p2a: Samurott|77/100
|-sidestart|p2: tonyrayyy|Spikes
|
|upkeep
|turn|2
|
|t:|1743866971
|switch|p1a: Moltres|Moltres|100/100
|move|p2a: Samurott|Sacred Sword|p1a: Moltres
|-resisted|p1a: Moltres
|-damage|p1a: Moltres|85/100
|-status|p2a: Samurott|brn|[from] ability: Flame Body|[of] p1a: Moltres
|
|-damage|p2a: Samurott|71/100 brn|[from] brn
|upkeep
|turn|3
|j| rei husabnd
|
|t:|1743866997
|switch|p2a: Slowking|Slowking-Galar, M|100/100
|move|p1a: Moltres|U-turn|p2a: Slowking
|-damage|p2a: Slowking|82/100
|
|t:|1743867004
|switch|p1a: Scizor|Scizor, F|100/100|[from] U-turn
|
|upkeep
|turn|4
|j| 54 insane rats
|
|t:|1743867009
|switch|p2a: Zapdos|Zapdos|100/100
|move|p1a: Scizor|Knock Off|p2a: Zapdos
|-damage|p2a: Zapdos|64/100
|-status|p1a: Scizor|par|[from] ability: Static|[of] p2a: Zapdos
|-enditem|p2a: Zapdos|Heavy-Duty Boots|[from] move: Knock Off|[of] p1a: Scizor
|
|upkeep
|turn|5
|
|t:|1743867017
|move|p2a: Zapdos|Hurricane|p1a: Scizor
|-damage|p1a: Scizor|43/100 par
|cant|p1a: Scizor|par
|
|upkeep
|turn|6
|
|t:|1743867026
|switch|p1a: Pecharunt|Pecharunt|100/100
|move|p2a: Zapdos|Hurricane|p1a: Pecharunt|[miss]
|-miss|p2a: Zapdos|p1a: Pecharunt
|
|upkeep
|turn|7
|
|t:|1743867032
|switch|p2a: Slowking|Slowking-Galar, M|100/100
|move|p1a: Pecharunt|Shadow Ball|p2a: Slowking
|-supereffective|p2a: Slowking
|-damage|p2a: Slowking|71/100
|
|upkeep
|turn|8
|
|t:|1743867040
|move|p1a: Pecharunt|Shadow Ball|p2a: Slowking
|-supereffective|p2a: Slowking
|-damage|p2a: Slowking|42/100
|-unboost|p2a: Slowking|spd|1
|-prepare|p2a: Slowking|Chilly Reception|[premajor]
|move|p2a: Slowking|Chilly Reception|p2a: Slowking
|-weather|Snowscape
|
|t:|1743867049
|switch|p2a: Samurott|Samurott-Hisui, M|71/100 brn|[from] Chilly Reception
|-damage|p2a: Samurott|59/100 brn|[from] Spikes
|
|-weather|Snowscape|[upkeep]
|-damage|p2a: Samurott|52/100 brn|[from] brn
|upkeep
|turn|9
|
|t:|1743867055
|move|p2a: Samurott|Ceaseless Edge|p1a: Pecharunt
|-supereffective|p1a: Pecharunt
|-damage|p1a: Pecharunt|73/100
|-sidestart|p1: Golisopod Enjoyer|Spikes
|move|p1a: Pecharunt|Parting Shot|p2a: Samurott
|-unboost|p2a: Samurott|atk|1
|-unboost|p2a: Samurott|spa|1
|
|t:|1743867062
|switch|p1a: Great Tusk|Great Tusk|100/100|[from] Parting Shot
|
|-weather|Snowscape|[upkeep]
|-damage|p2a: Samurott|46/100 brn|[from] brn
|upkeep
|turn|10
|
|t:|1743867068
|switch|p2a: Zapdos|Zapdos|64/100
|move|p1a: Great Tusk|Ice Spinner|p2a: Zapdos
|-supereffective|p2a: Zapdos
|-damage|p2a: Zapdos|26/100
|
|-weather|Snowscape|[upkeep]
|upkeep
|turn|11
|
|t:|1743867074
|move|p1a: Great Tusk|Ice Spinner|p2a: Zapdos
|-supereffective|p2a: Zapdos
|-damage|p2a: Zapdos|0 fnt
|-status|p1a: Great Tusk|par|[from] ability: Static|[of] p2a: Zapdos
|faint|p2a: Zapdos
|
|-weather|Snowscape|[upkeep]
|upkeep
|
|t:|1743867084
|switch|p2a: Gholdengo|Gholdengo|100/100
|-item|p2a: Gholdengo|Air Balloon
|turn|12
|
|t:|1743867092
|-end|p1a: Great Tusk|Protosynthesis|[silent]
|switch|p1a: Samurott|Samurott-Hisui, F|11/100
|-damage|p1a: Samurott|0 fnt|[from] Spikes
|faint|p1a: Samurott
|move|p2a: Gholdengo|Make It Rain|p1: Samurott|[notarget]
|-fail|p2a: Gholdengo
|
|-weather|none
|upkeep
|
|t:|1743867099
|switch|p1a: Moltres|Moltres|85/100
|turn|13
|
|t:|1743867103
|switch|p2a: Slowking|Slowking-Galar, M|75/100
|move|p1a: Moltres|Flamethrower|p2a: Slowking
|-damage|p2a: Slowking|52/100
|
|upkeep
|turn|14
|
|t:|1743867110
|move|p1a: Moltres|U-turn|p2a: Slowking
|-damage|p2a: Slowking|35/100
|
|t:|1743867118
|switch|p1a: Scizor|Scizor, F|43/100 par|[from] U-turn
|-damage|p1a: Scizor|31/100 par|[from] Spikes
|-prepare|p2a: Slowking|Chilly Reception|[premajor]
|move|p2a: Slowking|Chilly Reception|p2a: Slowking
|-weather|Snowscape
|j| TheTyranitard
|
|t:|1743867128
|switch|p2a: Great Tusk|Great Tusk|100/100|[from] Chilly Reception
|
|-weather|Snowscape|[upkeep]
|upkeep
|turn|15
|
|t:|1743867133
|move|p1a: Scizor|Bullet Punch|p2a: Great Tusk
|-damage|p2a: Great Tusk|68/100
|move|p2a: Great Tusk|Stealth Rock|p1a: Scizor
|-sidestart|p1: Golisopod Enjoyer|move: Stealth Rock
|
|-weather|Snowscape|[upkeep]
|upkeep
|turn|16
|
|t:|1743867139
|switch|p1a: Moltres|Moltres|85/100
|move|p2a: Great Tusk|Headlong Rush|p1a: Moltres
|-immune|p1a: Moltres
|
|-weather|Snowscape|[upkeep]
|upkeep
|turn|17
|
|t:|1743867150
|-end|p2a: Great Tusk|Protosynthesis|[silent]
|switch|p2a: Slowking|Slowking-Galar, M|69/100
|move|p1a: Moltres|Flamethrower|p2a: Slowking
|-damage|p2a: Slowking|46/100
|
|-weather|Snowscape|[upkeep]
|upkeep
|turn|18
|
|t:|1743867160
|move|p1a: Moltres|U-turn|p2a: Slowking
|-damage|p2a: Slowking|29/100
|
|t:|1743867167
|switch|p1a: Scizor|Scizor, F|31/100 par|[from] U-turn
|-damage|p1a: Scizor|19/100 par|[from] Spikes
|-damage|p1a: Scizor|7/100 par|[from] Stealth Rock
|move|p2a: Slowking|Toxic||[still]
|-fail|p2a: Slowking
|
|-weather|none
|upkeep
|turn|19
|j| Rgerdeen
|
|t:|1743867178
|switch|p2a: Great Tusk|Great Tusk|68/100
|move|p1a: Scizor|Knock Off|p2a: Great Tusk
|-resisted|p2a: Great Tusk
|-damage|p2a: Great Tusk|50/100
|-enditem|p2a: Great Tusk|Heavy-Duty Boots|[from] move: Knock Off|[of] p1a: Scizor
|
|upkeep
|turn|20
|j| kingambit player
|
|t:|1743867184
|switch|p1a: Pecharunt|Pecharunt|73/100
|move|p2a: Great Tusk|Rapid Spin|p1a: Pecharunt
|-immune|p1a: Pecharunt
|
|upkeep
|turn|21
|
|t:|1743867194
|-end|p2a: Great Tusk|Protosynthesis|[silent]
|switch|p2a: Samurott|Samurott-Hisui, M|46/100 brn
|-damage|p2a: Samurott|34/100 brn|[from] Spikes
|move|p1a: Pecharunt|Recover|p1a: Pecharunt
|-heal|p1a: Pecharunt|100/100
|
|-damage|p2a: Samurott|28/100 brn|[from] brn
|upkeep
|turn|22
|
|t:|1743867202
|switch|p1a: Scizor|Scizor, F|7/100 par
|-damage|p1a: Scizor|0 fnt|[from] Spikes
|faint|p1a: Scizor
|move|p2a: Samurott|Knock Off|p1: Scizor|[notarget]
|-fail|p2a: Samurott
|
|-damage|p2a: Samurott|21/100 brn|[from] brn
|upkeep
|
|t:|1743867213
|switch|p1a: Iron Crown|Iron Crown|100/100
|-damage|p1a: Iron Crown|88/100|[from] Spikes
|-damage|p1a: Iron Crown|82/100|[from] Stealth Rock
|-enditem|p1a: Iron Crown|Booster Energy
|-activate|p1a: Iron Crown|ability: Quark Drive|[fromitem]
|-start|p1a: Iron Crown|quarkdrivespe
|turn|23
|
|t:|1743867225
|switch|p2a: Gholdengo|Gholdengo|100/100
|-item|p2a: Gholdengo|Air Balloon
|move|p1a: Iron Crown|Calm Mind|p1a: Iron Crown
|-boost|p1a: Iron Crown|spa|1
|-boost|p1a: Iron Crown|spd|1
|
|upkeep
|turn|24
|
|t:|1743867232
|move|p1a: Iron Crown|Tachyon Cutter|p2a: Gholdengo
|-resisted|p2a: Gholdengo
|-damage|p2a: Gholdengo|85/100
|-enditem|p2a: Gholdengo|Air Balloon
|-resisted|p2a: Gholdengo
|-damage|p2a: Gholdengo|67/100
|-hitcount|p2a: Gholdengo|2
|move|p2a: Gholdengo|Nasty Plot|p2a: Gholdengo
|-boost|p2a: Gholdengo|spa|2
|
|upkeep
|turn|25
|
|t:|1743867241
|-terastallize|p1a: Iron Crown|Fighting
|move|p1a: Iron Crown|Tachyon Cutter|p2a: Gholdengo
|-resisted|p2a: Gholdengo
|-damage|p2a: Gholdengo|48/100
|-resisted|p2a: Gholdengo
|-damage|p2a: Gholdengo|30/100
|-hitcount|p2a: Gholdengo|2
|move|p2a: Gholdengo|Recover|p2a: Gholdengo
|-heal|p2a: Gholdengo|80/100
|
|upkeep
|turn|26
|
|t:|1743867249
|move|p1a: Iron Crown|Tachyon Cutter|p2a: Gholdengo
|-resisted|p2a: Gholdengo
|-damage|p2a: Gholdengo|64/100
|-resisted|p2a: Gholdengo
|-damage|p2a: Gholdengo|47/100
|-hitcount|p2a: Gholdengo|2
|move|p2a: Gholdengo|Shadow Ball|p1a: Iron Crown
|-damage|p1a: Iron Crown|23/100
|
|upkeep
|turn|27
|
|t:|1743867259
|move|p1a: Iron Crown|Psychic Noise|p2a: Gholdengo
|-resisted|p2a: Gholdengo
|-damage|p2a: Gholdengo|24/100
|-start|p2a: Gholdengo|move: Heal Block
|cant|p2a: Gholdengo|move: Heal Block|Recover
|
|upkeep
|turn|28
|
|t:|1743867265
|move|p1a: Iron Crown|Tachyon Cutter|p2a: Gholdengo
|-resisted|p2a: Gholdengo
|-damage|p2a: Gholdengo|7/100
|-resisted|p2a: Gholdengo
|-damage|p2a: Gholdengo|0 fnt
|faint|p2a: Gholdengo
|-hitcount|p2: Gholdengo|2
|
|upkeep
|
|t:|1743867275
|switch|p2a: Samurott|Samurott-Hisui, M|21/100 brn
|-damage|p2a: Samurott|9/100 brn|[from] Spikes
|turn|29
|
|t:|1743867281
|move|p1a: Iron Crown|Tachyon Cutter|p2a: Samurott
|-resisted|p2a: Samurott
|-damage|p2a: Samurott|0 fnt
|faint|p2a: Samurott
|-hitcount|p2: Samurott|1
|
|upkeep
|
|t:|1743867286
|switch|p2a: Kingambit|Kingambit, M|100/100
|-damage|p2a: Kingambit|88/100|[from] Spikes
|-activate|p2a: Kingambit|ability: Supreme Overlord
|-start|p2a: Kingambit|fallen3|[silent]
|turn|30
|
|t:|1743867292
|move|p2a: Kingambit|Sucker Punch|p1a: Iron Crown
|-resisted|p1a: Iron Crown
|-damage|p1a: Iron Crown|0 fnt
|faint|p1a: Iron Crown
|-end|p1a: Iron Crown|Quark Drive|[silent]
|
|upkeep
|
|t:|1743867295
|switch|p1a: Great Tusk|Great Tusk|100/100 par
|turn|31
|
|t:|1743867300
|-end|p2a: Kingambit|fallen3|[silent]
|switch|p2a: Great Tusk|Great Tusk|50/100
|-damage|p2a: Great Tusk|38/100|[from] Spikes
|move|p1a: Great Tusk|Rapid Spin|p2a: Great Tusk
|-damage|p2a: Great Tusk|27/100
|-boost|p1a: Great Tusk|spe|1
|-sideend|p1: Golisopod Enjoyer|Spikes|[from] move: Rapid Spin|[of] p1a: Great Tusk
|-sideend|p1: Golisopod Enjoyer|Stealth Rock|[from] move: Rapid Spin|[of] p1a: Great Tusk
|
|upkeep
|turn|32
|
|t:|1743867307
|move|p2a: Great Tusk|Ice Spinner|p1a: Great Tusk
|-supereffective|p1a: Great Tusk
|-damage|p1a: Great Tusk|71/100 par
|cant|p1a: Great Tusk|par
|
|upkeep
|turn|33
|
|t:|1743867312
|move|p2a: Great Tusk|Ice Spinner|p1a: Great Tusk
|-supereffective|p1a: Great Tusk
|-damage|p1a: Great Tusk|41/100 par
|move|p1a: Great Tusk|Ice Spinner|p2a: Great Tusk
|-supereffective|p2a: Great Tusk
|-damage|p2a: Great Tusk|0 fnt
|faint|p2a: Great Tusk
|-end|p2a: Great Tusk|Protosynthesis|[silent]
|
|upkeep
|j| MiniLarry
|
|t:|1743867326
|switch|p2a: Kingambit|Kingambit, M|88/100
|-damage|p2a: Kingambit|76/100|[from] Spikes
|-activate|p2a: Kingambit|ability: Supreme Overlord
|-start|p2a: Kingambit|fallen4|[silent]
|turn|34
|
|t:|1743867343
|-terastallize|p2a: Kingambit|Dark
|move|p1a: Great Tusk|Headlong Rush|p2a: Kingambit
|-damage|p2a: Kingambit|27/100
|-unboost|p1a: Great Tusk|def|1
|-unboost|p1a: Great Tusk|spd|1
|move|p2a: Kingambit|Low Kick|p1a: Great Tusk
|-damage|p1a: Great Tusk|0 fnt
|faint|p1a: Great Tusk
|-end|p1a: Great Tusk|Protosynthesis|[silent]
|
|upkeep
|
|t:|1743867346
|switch|p1a: Moltres|Moltres|85/100
|turn|35
|
|t:|1743867354
|-end|p2a: Kingambit|fallen4|[silent]
|switch|p2a: Slowking|Slowking-Galar, M|62/100
|move|p1a: Moltres|Flamethrower|p2a: Slowking
|-damage|p2a: Slowking|39/100
|
|upkeep
|turn|36
|
|t:|1743867366
|switch|p2a: Kingambit|Kingambit, M, tera:Dark|27/100
|-damage|p2a: Kingambit|15/100|[from] Spikes
|-activate|p2a: Kingambit|ability: Supreme Overlord
|-start|p2a: Kingambit|fallen4|[silent]
|move|p1a: Moltres|Brave Bird|p2a: Kingambit
|-damage|p2a: Kingambit|0 fnt
|faint|p2a: Kingambit
|-end|p2a: Kingambit|fallen4|[silent]
|-damage|p1a: Moltres|81/100|[from] Recoil
|
|upkeep
|
|t:|1743867375
|switch|p2a: Slowking|Slowking-Galar, M|72/100
|turn|37
|
|t:|1743867378
|move|p1a: Moltres|Brave Bird|p2a: Slowking
|-damage|p2a: Slowking|30/100
|-damage|p1a: Moltres|66/100|[from] Recoil
|move|p2a: Slowking|Toxic|p1a: Moltres
|-status|p1a: Moltres|tox
|
|-damage|p1a: Moltres|60/100 tox|[from] psn
|upkeep
|turn|38
|c|☆Golisopod Enjoyer|Gg
|-message|tonyrayyy forfeited.
|
|win|Golisopod Enjoyer
|raw|Golisopod Enjoyer's rating: 1754 &rarr; <strong>1780</strong><br />(+26 for winning)
|raw|tonyrayyy's rating: 1863 &rarr; <strong>1837</strong><br />(-26 for losing)
|l|☆tonyrayyy
|player|p2|
|l| kingambit player
|l| TheTyranitard
|l|☆Golisopod Enjoyer
|player|p1|
|l| 54 insane rats
|l| MiniLarry
|l| Rgerdeen
