|j|☆n1ght<rawler
|j|‽ihymyly
|t:|1743799065
|gametype|singles
|player|p1|n1ght<rawler|102|1516
|player|p2|ihymyly|cheryl|1629
|teamsize|p1|6
|teamsize|p2|6
|gen|9
|tier|[Gen 9] OU
|rated|
|rule|HP Percentage Mod: HP is shown in percentages
|rule|Endless Battle Clause: Forcing endless battles is banned
|rule|Species Clause: Limit one of each Pokémon
|rule|OHKO Clause: OHKO moves are banned
|rule|Evasion Items Clause: Evasion items are banned
|rule|Evasion Moves Clause: Evasion moves are banned
|rule|Sleep Moves Clause: Sleep-inducing moves are banned
|clearpoke
|poke|p1|Gyarados, F|
|poke|p1|Gliscor, F|
|poke|p1|Ceruledge, F|
|poke|p1|Corviknight, M|
|poke|p1|Meowscarada, M|
|poke|p1|Kyurem|
|poke|p2|Darkrai|
|poke|p2|Iron Valiant|
|poke|p2|Samurott-Hisui, M|
|poke|p2|Slowking-Galar, F|
|poke|p2|Gholdengo|
|poke|p2|Landorus-Therian, M|
|teampreview
|inactive|Battle timer is ON: inactive players will automatically lose when time's up. (requested by n1ght<rawler)
|
|t:|1743799088
|start
|switch|p1a: Meowscarada|Meowscarada, M|100/100
|switch|p2a: Landorus|Landorus-Therian, M|100/100
|-ability|p2a: Landorus|Intimidate|boost
|-unboost|p1a: Meowscarada|atk|1
|turn|1
|
|t:|1743799093
|switch|p2a: Samurott|Samurott-Hisui, M|100/100
|move|p1a: Meowscarada|Triple Axel|p2a: Samurott
|-start|p1a: Meowscarada|typechange|Ice|[from] ability: Protean
|-resisted|p2a: Samurott
|-damage|p2a: Samurott|97/100
|-resisted|p2a: Samurott
|-damage|p2a: Samurott|91/100
|-resisted|p2a: Samurott
|-damage|p2a: Samurott|81/100
|-hitcount|p2a: Samurott|3
|
|upkeep
|turn|2
|
|t:|1743799097
|switch|p1a: Corviknight|Corviknight, M|100/100
|-ability|p1a: Corviknight|Pressure
|move|p2a: Samurott|Ceaseless Edge|p1a: Corviknight
|-damage|p1a: Corviknight|75/100
|-sidestart|p1: n1ght<rawler|Spikes
|
|-heal|p1a: Corviknight|81/100|[from] item: Leftovers
|upkeep
|turn|3
|inactive|ihymyly has 120 seconds left.
|
|t:|1743799144
|switch|p2a: Landorus|Landorus-Therian, M|100/100
|-ability|p2a: Landorus|Intimidate|boost
|-unboost|p1a: Corviknight|atk|1
|move|p1a: Corviknight|Defog|p2a: Landorus
|-unboost|p2a: Landorus|evasion|1
|-sideend|p1: n1ght<rawler|Spikes|[from] move: Defog|[of] p1a: Corviknight
|
|-heal|p1a: Corviknight|87/100|[from] item: Leftovers
|upkeep
|turn|4
|
|t:|1743799150
|move|p2a: Landorus|Stealth Rock|p1a: Corviknight
|-sidestart|p1: n1ght<rawler|move: Stealth Rock
|move|p1a: Corviknight|U-turn|p2a: Landorus
|-resisted|p2a: Landorus
|-damage|p2a: Landorus|97/100
|-damage|p1a: Corviknight|70/100|[from] item: Rocky Helmet|[of] p2a: Landorus
|
|t:|1743799154
|switch|p1a: Gyarados|Gyarados, F|100/100|[from] U-turn
|-ability|p1a: Gyarados|Intimidate|boost
|-unboost|p2a: Landorus|atk|1
|
|upkeep
|turn|5
|
|t:|1743799159
|move|p1a: Gyarados|Dragon Dance|p1a: Gyarados
|-boost|p1a: Gyarados|atk|1
|-boost|p1a: Gyarados|spe|1
|move|p2a: Landorus|U-turn|p1a: Gyarados
|-resisted|p1a: Gyarados
|-damage|p1a: Gyarados|92/100
|
|t:|1743799161
|switch|p2a: Iron Valiant|Iron Valiant|100/100|[from] U-turn
|-enditem|p2a: Iron Valiant|Booster Energy
|-activate|p2a: Iron Valiant|ability: Quark Drive|[fromitem]
|-start|p2a: Iron Valiant|quarkdrivespe
|
|upkeep
|turn|6
|
|t:|1743799173
|switch|p1a: Corviknight|Corviknight, M|70/100
|-damage|p1a: Corviknight|58/100|[from] Stealth Rock
|-ability|p1a: Corviknight|Pressure
|move|p2a: Iron Valiant|Encore||[still]
|-fail|p2a: Iron Valiant
|
|-heal|p1a: Corviknight|64/100|[from] item: Leftovers
|upkeep
|turn|7
|
|t:|1743799175
|-end|p2a: Iron Valiant|Quark Drive|[silent]
|switch|p2a: Gholdengo|Gholdengo|100/100
|-item|p2a: Gholdengo|Air Balloon
|move|p1a: Corviknight|Roost|p1a: Corviknight
|-heal|p1a: Corviknight|100/100
|-singleturn|p1a: Corviknight|move: Roost
|
|upkeep
|turn|8
|
|t:|1743799177
|move|p2a: Gholdengo|Nasty Plot|p2a: Gholdengo
|-boost|p2a: Gholdengo|spa|2
|move|p1a: Corviknight|U-turn|p2a: Gholdengo
|-resisted|p2a: Gholdengo
|-damage|p2a: Gholdengo|98/100
|-enditem|p2a: Gholdengo|Air Balloon
|
|t:|1743799180
|switch|p1a: Meowscarada|Meowscarada, M|100/100|[from] U-turn
|-damage|p1a: Meowscarada|88/100|[from] Stealth Rock
|
|upkeep
|turn|9
|
|t:|1743799182
|move|p1a: Meowscarada|U-turn|p2a: Gholdengo
|-start|p1a: Meowscarada|typechange|Bug|[from] ability: Protean
|-resisted|p2a: Gholdengo
|-damage|p2a: Gholdengo|92/100
|
|t:|1743799188
|switch|p1a: Corviknight|Corviknight, M|100/100|[from] U-turn
|-damage|p1a: Corviknight|88/100|[from] Stealth Rock
|-ability|p1a: Corviknight|Pressure
|move|p2a: Gholdengo|Make It Rain|p1a: Corviknight
|-resisted|p1a: Corviknight
|-damage|p1a: Corviknight|40/100
|-unboost|p2a: Gholdengo|spa|1
|
|-heal|p1a: Corviknight|46/100|[from] item: Leftovers
|upkeep
|turn|10
|
|t:|1743799192
|switch|p1a: Gliscor|Gliscor, F|100/100
|-damage|p1a: Gliscor|88/100|[from] Stealth Rock
|move|p2a: Gholdengo|Shadow Ball|p1a: Gliscor
|-damage|p1a: Gliscor|40/100
|
|-status|p1a: Gliscor|tox|[from] item: Toxic Orb
|upkeep
|turn|11
|
|t:|1743799196
|move|p1a: Gliscor|Earthquake|p2a: Gholdengo
|-supereffective|p2a: Gholdengo
|-damage|p2a: Gholdengo|47/100
|move|p2a: Gholdengo|Shadow Ball|p1a: Gliscor
|-damage|p1a: Gliscor|0 fnt
|faint|p1a: Gliscor
|
|upkeep
|
|t:|1743799200
|switch|p1a: Meowscarada|Meowscarada, M|88/100
|-damage|p1a: Meowscarada|76/100|[from] Stealth Rock
|turn|12
|
|t:|1743799202
|move|p1a: Meowscarada|Knock Off|p2a: Gholdengo
|-start|p1a: Meowscarada|typechange|Dark|[from] ability: Protean
|-supereffective|p2a: Gholdengo
|-damage|p2a: Gholdengo|6/100
|move|p2a: Gholdengo|Recover|p2a: Gholdengo
|-heal|p2a: Gholdengo|56/100
|
|upkeep
|turn|13
|j| cityfolk
|
|t:|1743799206
|move|p1a: Meowscarada|Knock Off|p2a: Gholdengo
|-supereffective|p2a: Gholdengo
|-damage|p2a: Gholdengo|12/100
|move|p2a: Gholdengo|Recover|p2a: Gholdengo
|-heal|p2a: Gholdengo|62/100
|
|upkeep
|turn|14
|
|t:|1743799208
|switch|p2a: Landorus|Landorus-Therian, M|97/100
|-ability|p2a: Landorus|Intimidate|boost
|-unboost|p1a: Meowscarada|atk|1
|move|p1a: Meowscarada|Knock Off|p2a: Landorus
|-damage|p2a: Landorus|77/100
|-damage|p1a: Meowscarada|60/100|[from] item: Rocky Helmet|[of] p2a: Landorus
|-enditem|p2a: Landorus|Rocky Helmet|[from] move: Knock Off|[of] p1a: Meowscarada
|
|upkeep
|turn|15
|
|t:|1743799220
|switch|p1a: Ceruledge|Ceruledge, F, shiny|100/100
|move|p2a: Landorus|U-turn|p1a: Ceruledge
|-resisted|p1a: Ceruledge
|-damage|p1a: Ceruledge|95/100
|
|t:|1743799225
|switch|p2a: Samurott|Samurott-Hisui, M|81/100|[from] U-turn
|
|upkeep
|turn|16
|
|t:|1743799229
|switch|p1a: Corviknight|Corviknight, M|46/100
|-damage|p1a: Corviknight|34/100|[from] Stealth Rock
|-ability|p1a: Corviknight|Pressure
|move|p2a: Samurott|Ceaseless Edge|p1a: Corviknight
|-damage|p1a: Corviknight|9/100
|-sidestart|p1: n1ght<rawler|Spikes
|
|-heal|p1a: Corviknight|15/100|[from] item: Leftovers
|upkeep
|turn|17
|
|t:|1743799238
|switch|p1a: Meowscarada|Meowscarada, M|60/100
|-damage|p1a: Meowscarada|47/100|[from] Stealth Rock
|-damage|p1a: Meowscarada|35/100|[from] Spikes
|move|p2a: Samurott|Ceaseless Edge|p1a: Meowscarada
|-resisted|p1a: Meowscarada
|-damage|p1a: Meowscarada|0 fnt
|-sidestart|p1: n1ght<rawler|Spikes
|faint|p1a: Meowscarada
|
|upkeep
|
|t:|1743799241
|switch|p1a: Gyarados|Gyarados, F|92/100
|-ability|p1a: Gyarados|Intimidate|boost
|-unboost|p2a: Samurott|atk|1
|turn|18
|
|t:|1743799246
|switch|p2a: Landorus|Landorus-Therian, M|77/100
|-ability|p2a: Landorus|Intimidate|boost
|-unboost|p1a: Gyarados|atk|1
|move|p1a: Gyarados|Dragon Dance|p1a: Gyarados
|-boost|p1a: Gyarados|atk|1
|-boost|p1a: Gyarados|spe|1
|
|upkeep
|turn|19
|
|t:|1743799249
|move|p1a: Gyarados|Dragon Dance|p1a: Gyarados
|-boost|p1a: Gyarados|atk|1
|-boost|p1a: Gyarados|spe|1
|move|p2a: Landorus|Taunt|p1a: Gyarados
|-start|p1a: Gyarados|move: Taunt
|
|upkeep
|turn|20
|
|t:|1743799255
|switch|p2a: Slowking|Slowking-Galar, F, shiny|100/100
|move|p1a: Gyarados|Waterfall|p2a: Slowking
|-damage|p2a: Slowking|36/100
|
|upkeep
|turn|21
|
|t:|1743799261
|move|p1a: Gyarados|Earthquake|p2a: Slowking
|-supereffective|p2a: Slowking
|-damage|p2a: Slowking|0 fnt
|faint|p2a: Slowking
|
|upkeep
|
|t:|1743799263
|switch|p2a: Landorus|Landorus-Therian, M|77/100
|-ability|p2a: Landorus|Intimidate|boost
|-unboost|p1a: Gyarados|atk|1
|turn|22
|
|t:|1743799268
|move|p1a: Gyarados|Waterfall|p2a: Landorus
|-supereffective|p2a: Landorus
|-damage|p2a: Landorus|18/100
|move|p2a: Landorus|U-turn|p1a: Gyarados
|-resisted|p1a: Gyarados
|-damage|p1a: Gyarados|78/100
|
|t:|1743799274
|switch|p2a: Darkrai|Darkrai, shiny|100/100|[from] U-turn
|
|-end|p1a: Gyarados|move: Taunt
|upkeep
|turn|23
|
|t:|1743799279
|move|p1a: Gyarados|Waterfall|p2a: Darkrai
|-damage|p2a: Darkrai|46/100
|move|p2a: Darkrai|Dark Pulse|p1a: Gyarados
|-damage|p1a: Gyarados|34/100
|
|upkeep
|turn|24
|
|t:|1743799284
|switch|p2a: Landorus|Landorus-Therian, M|18/100
|-ability|p2a: Landorus|Intimidate|boost
|-unboost|p1a: Gyarados|atk|1
|move|p1a: Gyarados|Waterfall|p2a: Landorus
|-supereffective|p2a: Landorus
|-damage|p2a: Landorus|0 fnt
|faint|p2a: Landorus
|
|upkeep
|
|t:|1743799286
|switch|p2a: Darkrai|Darkrai, shiny|46/100
|turn|25
|
|t:|1743799289
|move|p1a: Gyarados|Waterfall|p2a: Darkrai
|-damage|p2a: Darkrai|10/100
|move|p2a: Darkrai|Dark Pulse|p1a: Gyarados
|-damage|p1a: Gyarados|0 fnt
|faint|p1a: Gyarados
|
|upkeep
|
|t:|1743799295
|switch|p1a: Kyurem|Kyurem|100/100
|-damage|p1a: Kyurem|76/100|[from] Stealth Rock
|-damage|p1a: Kyurem|59/100|[from] Spikes
|-ability|p1a: Kyurem|Pressure
|turn|26
|
|t:|1743799299
|move|p2a: Darkrai|Dark Pulse|p1a: Kyurem
|-damage|p1a: Kyurem|21/100
|move|p1a: Kyurem|Freeze-Dry|p2a: Darkrai
|-damage|p2a: Darkrai|0 fnt
|faint|p2a: Darkrai
|
|upkeep
|
|t:|1743799303
|switch|p2a: Iron Valiant|Iron Valiant|100/100
|turn|27
|
|t:|1743799306
|move|p2a: Iron Valiant|Knock Off|p1a: Kyurem
|-damage|p1a: Kyurem|0 fnt
|-enditem|p1a: Kyurem|Choice Specs|[from] move: Knock Off|[of] p2a: Iron Valiant
|faint|p1a: Kyurem
|
|upkeep
|
|t:|1743799308
|switch|p1a: Ceruledge|Ceruledge, F, shiny|95/100
|turn|28
|l| cityfolk
|
|t:|1743799313
|-terastallize|p1a: Ceruledge|Bug
|move|p2a: Iron Valiant|Knock Off|p1a: Ceruledge
|-damage|p1a: Ceruledge|63/100
|-enditem|p1a: Ceruledge|Heavy-Duty Boots|[from] move: Knock Off|[of] p2a: Iron Valiant
|move|p1a: Ceruledge|Bitter Blade|p2a: Iron Valiant
|-damage|p2a: Iron Valiant|53/100
|-heal|p1a: Ceruledge|83/100|[from] drain|[of] p2a: Iron Valiant
|
|upkeep
|turn|29
|
|t:|1743799318
|move|p2a: Iron Valiant|Moonblast|p1a: Ceruledge
|-damage|p1a: Ceruledge|47/100
|-unboost|p1a: Ceruledge|spa|1
|move|p1a: Ceruledge|Bitter Blade|p2a: Iron Valiant
|-damage|p2a: Iron Valiant|6/100
|-heal|p1a: Ceruledge|67/100|[from] drain|[of] p2a: Iron Valiant
|
|upkeep
|turn|30
|
|t:|1743799322
|move|p2a: Iron Valiant|Encore|p1a: Ceruledge
|-start|p1a: Ceruledge|Encore
|move|p1a: Ceruledge|Bitter Blade|p2a: Iron Valiant
|-damage|p2a: Iron Valiant|0 fnt
|-heal|p1a: Ceruledge|70/100|[from] drain|[of] p2a: Iron Valiant
|faint|p2a: Iron Valiant
|-end|p2a: Iron Valiant|Quark Drive|[silent]
|
|upkeep
|
|t:|1743799324
|switch|p2a: Samurott|Samurott-Hisui, M|81/100
|turn|31
|
|t:|1743799332
|move|p2a: Samurott|Razor Shell|p1a: Ceruledge
|-damage|p1a: Ceruledge|8/100
|move|p1a: Ceruledge|Bitter Blade|p2a: Samurott
|-resisted|p2a: Samurott
|-damage|p2a: Samurott|60/100
|-heal|p1a: Ceruledge|21/100|[from] drain|[of] p2a: Samurott
|
|upkeep
|turn|32
|
|t:|1743799339
|switch|p1a: Corviknight|Corviknight, M|15/100
|-damage|p1a: Corviknight|3/100|[from] Stealth Rock
|-ability|p1a: Corviknight|Pressure
|move|p2a: Samurott|Aqua Jet|p1a: Corviknight
|-damage|p1a: Corviknight|0 fnt
|faint|p1a: Corviknight
|
|upkeep
|
|t:|1743799340
|switch|p1a: Ceruledge|Ceruledge, F, shiny, tera:Bug|21/100
|-damage|p1a: Ceruledge|0 fnt|[from] Stealth Rock
|faint|p1a: Ceruledge
|
|win|ihymyly
|raw|n1ght&lt;rawler's rating: 1516 &rarr; <strong>1501</strong><br />(-15 for losing)
|raw|ihymyly's rating: 1613 &rarr; <strong>1628</strong><br />(+15 for winning)
|l|‽ihymyly
|player|p2|
|l|☆n1ght<rawler
|player|p1|
