|j|☆Les collegues
|j|☆romandG
|t:|1743930426
|gametype|singles
|player|p1|Les collegues|1|1140
|player|p2|romandG|1|1121
|teamsize|p1|6
|teamsize|p2|6
|gen|9
|tier|[Gen 9] OU
|rated|
|rule|HP Percentage Mod: HP is shown in percentages
|rule|Endless Battle Clause: Forcing endless battles is banned
|rule|Species Clause: Limit one of each Pokémon
|rule|OHKO Clause: OHKO moves are banned
|rule|Evasion Items Clause: Evasion items are banned
|rule|Evasion Moves Clause: Evasion moves are banned
|rule|Sleep Moves Clause: Sleep-inducing moves are banned
|clearpoke
|poke|p1|Walking Wake|
|poke|p1|Meowscarada, F|
|poke|p1|Landorus-Therian, M|
|poke|p1|Hitmonlee, M|
|poke|p1|Slowking-Galar, M|
|poke|p1|Cinderace, M|
|poke|p2|Typhlosion-Hisui, F|
|poke|p2|Ninetales, M|
|poke|p2|Comfey, F|
|poke|p2|Clodsire, M|
|poke|p2|Sceptile, M|
|poke|p2|Avalugg-Hisui, M|
|teampreview
|inactive|Battle timer is ON: inactive players will automatically lose when time's up. (requested by Les collegues)
|
|t:|1743930436
|start
|switch|p1a: Leeman|Hitmonlee, M|100/100
|switch|p2a: Avalugg|Avalugg-Hisui, M|100/100
|turn|1
|
|t:|1743930441
|-terastallize|p2a: Avalugg|Ghost
|move|p1a: Leeman|High Jump Kick|p2a: Avalugg
|-immune|p2a: Avalugg
|-damage|p1a: Leeman|51/100|[from] highjumpkick
|move|p2a: Avalugg|Mountain Gale|p1a: Leeman
|-damage|p1a: Leeman|0 fnt
|faint|p1a: Leeman
|
|upkeep
|
|t:|1743930444
|switch|p1a: Meowscarada|Meowscarada, F, shiny|100/100
|turn|2
|
|t:|1743930450
|move|p1a: Meowscarada|Knock Off|p2a: Avalugg
|-start|p1a: Meowscarada|typechange|Dark|[from] ability: Protean
|-supereffective|p2a: Avalugg
|-damage|p2a: Avalugg|52/100
|-enditem|p2a: Avalugg|Custap Berry|[from] move: Knock Off|[of] p1a: Meowscarada
|move|p2a: Avalugg|Mountain Gale|p1a: Meowscarada
|-damage|p1a: Meowscarada|19/100
|
|upkeep
|turn|3
|
|t:|1743930464
|switch|p1a: Walking Wake|Walking Wake|100/100
|move|p2a: Avalugg|Stone Edge|p1a: Walking Wake|[miss]
|-miss|p2a: Avalugg|p1a: Walking Wake
|
|upkeep
|turn|4
|
|t:|1743930469
|move|p1a: Walking Wake|Hydro Pump|p2a: Avalugg
|-damage|p2a: Avalugg|0 fnt
|faint|p2a: Avalugg
|
|upkeep
|
|t:|1743930483
|switch|p2a: Ninetales|Ninetales, M|100/100
|-weather|SunnyDay|[from] ability: Drought|[of] p2a: Ninetales
|-activate|p1a: Walking Wake|ability: Protosynthesis
|-start|p1a: Walking Wake|protosynthesisspa
|turn|5
|
|t:|1743930491
|-end|p1a: Walking Wake|Protosynthesis|[silent]
|switch|p1a: Slowking|Slowking-Galar, M|100/100
|move|p2a: Ninetales|Solar Beam||[still]
|-prepare|p2a: Ninetales|Solar Beam
|-anim|p2a: Ninetales|Solar Beam|p1a: Slowking
|-resisted|p1a: Slowking
|-damage|p1a: Slowking|92/100
|
|-weather|SunnyDay|[upkeep]
|upkeep
|turn|6
|
|t:|1743930497
|switch|p2a: Clodsire|Clodsire, M|100/100
|move|p1a: Slowking|Future Sight|p2a: Clodsire
|-start|p1a: Slowking|move: Future Sight
|
|-weather|SunnyDay|[upkeep]
|upkeep
|turn|7
|
|t:|1743930505
|move|p2a: Clodsire|Stealth Rock|p1a: Slowking
|-sidestart|p1: Les collegues|move: Stealth Rock
|-prepare|p1a: Slowking|Chilly Reception|[premajor]
|move|p1a: Slowking|Chilly Reception|p1a: Slowking
|-weather|Snowscape
|
|t:|1743930515
|switch|p1a: Meowscarada|Meowscarada, F, shiny|19/100|[from] Chilly Reception
|-damage|p1a: Meowscarada|6/100|[from] Stealth Rock
|
|-weather|Snowscape|[upkeep]
|upkeep
|turn|8
|
|t:|1743930520
|move|p1a: Meowscarada|Flower Trick|p2a: Clodsire
|-start|p1a: Meowscarada|typechange|Grass|[from] ability: Protean
|-crit|p2a: Clodsire
|-damage|p2a: Clodsire|45/100
|move|p2a: Clodsire|Toxic Spikes|p1a: Meowscarada
|-sidestart|p1: Les collegues|move: Toxic Spikes
|
|-weather|Snowscape|[upkeep]
|-end|p2a: Clodsire|move: Future Sight
|-supereffective|p2a: Clodsire
|-damage|p2a: Clodsire|0 fnt
|faint|p2a: Clodsire
|upkeep
|
|t:|1743930527
|switch|p2a: Ninetales|Ninetales, M|100/100
|-weather|SunnyDay|[from] ability: Drought|[of] p2a: Ninetales
|turn|9
|
|t:|1743930531
|switch|p1a: Slowking|Slowking-Galar, M|100/100
|-sideend|p1: Les collegues|move: Toxic Spikes|[of] p1a: Slowking
|switch|p2a: Sceptile|Sceptile, M|100/100
|
|-weather|SunnyDay|[upkeep]
|upkeep
|turn|10
|
|t:|1743930536
|move|p2a: Sceptile|Earthquake|p1a: Slowking
|-supereffective|p1a: Slowking
|-damage|p1a: Slowking|44/100
|move|p1a: Slowking|Thunder Wave|p2a: Sceptile
|-status|p2a: Sceptile|par
|
|-weather|SunnyDay|[upkeep]
|upkeep
|turn|11
|
|t:|1743930540
|switch|p1a: Landorus|Landorus-Therian, M|100/100
|-damage|p1a: Landorus|88/100|[from] Stealth Rock
|-ability|p1a: Landorus|Intimidate|boost
|-unboost|p2a: Sceptile|atk|1
|move|p2a: Sceptile|Earthquake|p1a: Landorus
|-immune|p1a: Landorus
|
|-weather|SunnyDay|[upkeep]
|upkeep
|turn|12
|
|t:|1743930546
|switch|p2a: Comfey|Comfey, F|100/100
|move|p1a: Landorus|U-turn|p2a: Comfey
|-resisted|p2a: Comfey
|-damage|p2a: Comfey|88/100
|
|t:|1743930551
|switch|p1a: Slowking|Slowking-Galar, M|77/100|[from] U-turn
|
|-weather|SunnyDay|[upkeep]
|upkeep
|turn|13
|
|t:|1743930569
|switch|p2a: Sceptile|Sceptile, M|100/100 par
|move|p1a: Slowking|Thunder Wave|p2a: Sceptile
|-fail|p2a: Sceptile|par
|
|-weather|SunnyDay|[upkeep]
|upkeep
|turn|14
|
|t:|1743930574
|move|p2a: Sceptile|Solar Blade||[still]
|-prepare|p2a: Sceptile|Solar Blade
|-anim|p2a: Sceptile|Solar Blade|p1a: Slowking
|-resisted|p1a: Slowking
|-damage|p1a: Slowking|49/100
|move|p1a: Slowking|Future Sight|p2a: Sceptile
|-start|p1a: Slowking|move: Future Sight
|
|-weather|SunnyDay|[upkeep]
|upkeep
|turn|15
|
|t:|1743930587
|switch|p1a: Landorus|Landorus-Therian, M|88/100
|-damage|p1a: Landorus|76/100|[from] Stealth Rock
|-ability|p1a: Landorus|Intimidate|boost
|-unboost|p2a: Sceptile|atk|1
|cant|p2a: Sceptile|par
|
|-weather|SunnyDay|[upkeep]
|upkeep
|turn|16
|
|t:|1743930597
|switch|p2a: Ninetales|Ninetales, M|100/100
|move|p1a: Landorus|U-turn|p2a: Ninetales
|-resisted|p2a: Ninetales
|-damage|p2a: Ninetales|87/100
|
|t:|1743930603
|switch|p1a: Cinderace|Cinderace, M|100/100|[from] U-turn
|
|-weather|none
|-end|p2a: Ninetales|move: Future Sight
|-crit|p2a: Ninetales
|-damage|p2a: Ninetales|5/100
|upkeep
|turn|17
|l|☆romandG
|inactive|romandG disconnected and has a minute to reconnect!
|player|p2|
|j|☆romandG
|inactive|romandG reconnected and has 130 seconds left.
|player|p2|romandG|1|
|inactive|romandG has 120 seconds left.
|
|t:|1743930658
|move|p1a: Cinderace|Court Change|p1a: Cinderace
|-swapsideconditions
|-activate|p1a: Cinderace|move: Court Change
|move|p2a: Ninetales|Sunny Day|p2a: Ninetales
|-weather|SunnyDay
|
|-weather|SunnyDay|[upkeep]
|upkeep
|turn|18
|-message|romandG forfeited.
|
|win|Les collegues
|raw|Les collegues's rating: 1140 &rarr; <strong>1164</strong><br />(+24 for winning)
|raw|romandG's rating: 1121 &rarr; <strong>1097</strong><br />(-24 for losing)
|l|☆romandG
|player|p2|
|l|☆Les collegues
|player|p1|
|j|☆Les collegues
|player|p1|Les collegues|1|
|l|☆Les collegues
|player|p1|
