|j|☆emaytetehew
|j|☆masterbetachi
|t:|1743803127
|gametype|singles
|player|p1|emaytetehew|2|1441
|player|p2|masterbetachi|101|1518
|teamsize|p1|6
|teamsize|p2|6
|gen|9
|tier|[Gen 9] OU
|rated|
|rule|HP Percentage Mod: HP is shown in percentages
|rule|Endless Battle Clause: Forcing endless battles is banned
|rule|Species Clause: Limit one of each Pokémon
|rule|OHKO Clause: OHKO moves are banned
|rule|Evasion Items Clause: Evasion items are banned
|rule|Evasion Moves Clause: Evasion moves are banned
|rule|Sleep Moves Clause: Sleep-inducing moves are banned
|clearpoke
|poke|p1|Sableye, M|
|poke|p1|Kyurem|
|poke|p1|Azelf|
|poke|p1|Enamorus, F|
|poke|p1|Lucario, F|
|poke|p1|Ceruledge, M|
|poke|p2|Zapdos-Galar|
|poke|p2|Iron Moth|
|poke|p2|Deoxys-Speed|
|poke|p2|Dragonite, F|
|poke|p2|Gholdengo|
|poke|p2|Iron Valiant|
|teampreview
|inactive|Battle timer is ON: inactive players will automatically lose when time's up. (requested by masterbetachi)
|
|t:|1743803148
|start
|switch|p1a: Azelf|Azelf|100/100
|switch|p2a: Deoxys|Deoxys-Speed|100/100
|-ability|p2a: Deoxys|Pressure
|turn|1
|
|t:|1743803154
|move|p2a: Deoxys|Stealth Rock|p1a: Azelf
|-sidestart|p1: emaytetehew|move: Stealth Rock
|move|p1a: Azelf|U-turn|p2a: Deoxys
|-supereffective|p2a: Deoxys
|-crit|p2a: Deoxys
|-damage|p2a: Deoxys|0 fnt
|faint|p2a: Deoxys
|
|t:|1743803161
|switch|p1a: Sableye|Sableye, M|100/100|[from] U-turn
|-damage|p1a: Sableye|88/100|[from] Stealth Rock
|
|upkeep
|
|t:|1743803179
|switch|p2a: Iron Moth|Iron Moth|100/100
|-enditem|p2a: Iron Moth|Booster Energy
|-activate|p2a: Iron Moth|ability: Quark Drive|[fromitem]
|-start|p2a: Iron Moth|quarkdrivespe
|turn|2
|
|t:|1743803189
|-terastallize|p2a: Iron Moth|Ground
|move|p1a: Sableye|Light Screen|p1a: Sableye
|-sidestart|p1: emaytetehew|move: Light Screen
|move|p2a: Iron Moth|Fiery Dance|p1a: Sableye
|-damage|p1a: Sableye|63/100
|
|upkeep
|turn|3
|
|t:|1743803205
|switch|p1a: Ceruledge|Ceruledge, M|100/100
|-damage|p1a: Ceruledge|76/100|[from] Stealth Rock
|move|p2a: Iron Moth|Fiery Dance|p1a: Ceruledge
|-start|p1a: Ceruledge|ability: Flash Fire
|
|upkeep
|turn|4
|
|t:|1743803216
|move|p1a: Ceruledge|Shadow Sneak|p2a: Iron Moth
|-damage|p2a: Iron Moth|73/100
|move|p2a: Iron Moth|Tera Blast|p1a: Ceruledge|[anim] Tera Blast Ground
|-supereffective|p1a: Ceruledge
|-damage|p1a: Ceruledge|25/100
|-enditem|p1a: Ceruledge|Sitrus Berry|[eat]
|-heal|p1a: Ceruledge|50/100|[from] item: Sitrus Berry
|
|upkeep
|turn|5
|
|t:|1743803228
|move|p1a: Ceruledge|Shadow Sneak|p2a: Iron Moth
|-crit|p2a: Iron Moth
|-damage|p2a: Iron Moth|29/100
|move|p2a: Iron Moth|Tera Blast|p1a: Ceruledge|[anim] Tera Blast Ground
|-supereffective|p1a: Ceruledge
|-damage|p1a: Ceruledge|5/100
|
|upkeep
|turn|6
|
|t:|1743803238
|move|p1a: Ceruledge|Shadow Sneak|p2a: Iron Moth
|-crit|p2a: Iron Moth
|-damage|p2a: Iron Moth|0 fnt
|faint|p2a: Iron Moth
|-end|p2a: Iron Moth|Quark Drive|[silent]
|
|upkeep
|
|t:|1743803252
|switch|p2a: Zapdos|Zapdos-Galar|100/100
|turn|7
|
|t:|1743803256
|move|p1a: Ceruledge|Shadow Sneak|p2a: Zapdos
|-damage|p2a: Zapdos|78/100
|move|p2a: Zapdos|Brave Bird|p1a: Ceruledge
|-damage|p1a: Ceruledge|0 fnt
|faint|p1a: Ceruledge
|-damage|p2a: Zapdos|77/100|[from] Recoil
|-damage|p2a: Zapdos|67/100|[from] item: Life Orb
|
|upkeep
|
|t:|1743803266
|switch|p1a: Sableye|Sableye, M|63/100
|-damage|p1a: Sableye|51/100|[from] Stealth Rock
|turn|8
|
|t:|1743803272
|move|p1a: Sableye|Reflect|p1a: Sableye
|-sidestart|p1: emaytetehew|Reflect
|move|p2a: Zapdos|Brave Bird|p1a: Sableye
|-damage|p1a: Sableye|0 fnt
|faint|p1a: Sableye
|-damage|p2a: Zapdos|51/100|[from] Recoil
|-damage|p2a: Zapdos|41/100|[from] item: Life Orb
|
|upkeep
|
|t:|1743803299
|switch|p1a: Azelf|Azelf|100/100
|-damage|p1a: Azelf|88/100|[from] Stealth Rock
|turn|9
|
|t:|1743803311
|move|p1a: Azelf|Explosion|p2a: Zapdos
|-damage|p2a: Zapdos|0 fnt
|faint|p1a: Azelf
|faint|p2a: Zapdos
|
|-sideend|p1: emaytetehew|move: Light Screen
|upkeep
|
|t:|1743803328
|switch|p1a: Enamorus|Enamorus, F|100/100
|switch|p2a: Iron Valiant|Iron Valiant|100/100
|-damage|p1a: Enamorus|76/100|[from] Stealth Rock
|-enditem|p2a: Iron Valiant|Booster Energy
|-activate|p2a: Iron Valiant|ability: Quark Drive|[fromitem]
|-start|p2a: Iron Valiant|quarkdrivespe
|turn|10
|
|t:|1743803341
|move|p2a: Iron Valiant|Moonblast|p1a: Enamorus
|-damage|p1a: Enamorus|20/100
|move|p1a: Enamorus|Moonblast|p2a: Iron Valiant
|-supereffective|p2a: Iron Valiant
|-damage|p2a: Iron Valiant|0 fnt
|faint|p2a: Iron Valiant
|-end|p2a: Iron Valiant|Quark Drive|[silent]
|
|upkeep
|
|t:|1743803352
|switch|p2a: Dragonite|Dragonite, F|100/100
|turn|11
|
|t:|1743803366
|move|p2a: Dragonite|Extreme Speed|p1a: Enamorus
|-damage|p1a: Enamorus|0 fnt
|faint|p1a: Enamorus
|
|upkeep
|
|t:|1743803375
|switch|p1a: Kyurem|Kyurem|100/100
|-damage|p1a: Kyurem|76/100|[from] Stealth Rock
|-ability|p1a: Kyurem|Pressure
|turn|12
|
|t:|1743803391
|move|p2a: Dragonite|Extreme Speed|p1a: Kyurem
|-damage|p1a: Kyurem|61/100
|move|p1a: Kyurem|Icicle Spear|p2a: Dragonite
|-supereffective|p2a: Dragonite
|-damage|p2a: Dragonite|72/100
|-supereffective|p2a: Dragonite
|-damage|p2a: Dragonite|19/100
|-supereffective|p2a: Dragonite
|-damage|p2a: Dragonite|0 fnt
|faint|p2a: Dragonite
|-hitcount|p2: Dragonite|3
|
|upkeep
|
|t:|1743803398
|switch|p2a: Gholdengo|Gholdengo|100/100
|-item|p2a: Gholdengo|Air Balloon
|turn|13
|
|t:|1743803426
|move|p1a: Kyurem|Dragon Dance|p1a: Kyurem
|-boost|p1a: Kyurem|atk|1
|-boost|p1a: Kyurem|spe|1
|move|p2a: Gholdengo|Dazzling Gleam|p1a: Kyurem
|-supereffective|p1a: Kyurem
|-damage|p1a: Kyurem|17/100
|
|upkeep
|turn|14
|
|t:|1743803436
|-terastallize|p1a: Kyurem|Electric
|move|p1a: Kyurem|Tera Blast|p2a: Gholdengo|[anim] Tera Blast Electric
|-damage|p2a: Gholdengo|48/100
|-enditem|p2a: Gholdengo|Air Balloon
|move|p2a: Gholdengo|Dazzling Gleam|p1a: Kyurem
|-damage|p1a: Kyurem|0 fnt
|faint|p1a: Kyurem
|
|upkeep
|
|t:|1743803443
|switch|p1a: Lucario|Lucario, F|100/100
|-damage|p1a: Lucario|98/100|[from] Stealth Rock
|turn|15
|
|t:|1743803448
|move|p1a: Lucario|Crunch|p2a: Gholdengo
|-supereffective|p2a: Gholdengo
|-damage|p2a: Gholdengo|2/100
|move|p2a: Gholdengo|Shadow Ball|p1a: Lucario
|-damage|p1a: Lucario|42/100
|
|-sideend|p1: emaytetehew|Reflect
|upkeep
|turn|16
|
|t:|1743803453
|move|p1a: Lucario|Crunch|p2a: Gholdengo
|-supereffective|p2a: Gholdengo
|-damage|p2a: Gholdengo|0 fnt
|faint|p2a: Gholdengo
|
|win|emaytetehew
|raw|emaytetehew's rating: 1441 &rarr; <strong>1465</strong><br />(+24 for winning)
|raw|masterbetachi's rating: 1518 &rarr; <strong>1494</strong><br />(-24 for losing)
|l|☆masterbetachi
|player|p2|
|l|☆emaytetehew
|player|p1|
