|j|☆cbateadmira
|j|☆owl _with_scarf
|t:|1743888485
|gametype|singles
|player|p1|cbateadmira|266|1577
|player|p2|owl _with_scarf|#owlwithscarf|1551
|teamsize|p1|6
|teamsize|p2|6
|gen|9
|tier|[Gen 9] OU
|rated|
|rule|HP Percentage Mod: HP is shown in percentages
|rule|Endless Battle Clause: Forcing endless battles is banned
|rule|Species Clause: Limit one of each Pokémon
|rule|OHKO Clause: OHKO moves are banned
|rule|Evasion Items Clause: Evasion items are banned
|rule|Evasion Moves Clause: Evasion moves are banned
|rule|Sleep Moves Clause: Sleep-inducing moves are banned
|clearpoke
|poke|p1|Darkrai|
|poke|p1|Corviknight, F|
|poke|p1|Ogerpon-Wellspring, F|
|poke|p1|Garganacl, F|
|poke|p1|Araquanid, F|
|poke|p1|Great Tusk|
|poke|p2|Hydreigon, F|
|poke|p2|Corviknight, F|
|poke|p2|Garganacl, F|
|poke|p2|Weavile, F|
|poke|p2|Zamazenta-*|
|poke|p2|Ogerpon-Wellspring, F|
|teampreview
|inactive|Battle timer is ON: inactive players will automatically lose when time's up. (requested by owl _with_scarf)
|
|t:|1743888506
|start
|switch|p1a: Araquanid|Araquanid, F|100/100
|switch|p2a: Ogerpon|Ogerpon-Wellspring, F|100/100
|turn|1
|
|t:|1743888511
|move|p2a: Ogerpon|Power Whip|p1a: Araquanid
|-damage|p1a: Araquanid|23/100
|move|p1a: Araquanid|Sticky Web|p2a: Ogerpon
|-sidestart|p2: owl _with_scarf|move: Sticky Web
|
|upkeep
|turn|2
|-enditem|p1a: Araquanid|Custap Berry|[eat]
|-activate|p1a: Araquanid|item: Custap Berry|[consumed]
|
|t:|1743888516
|move|p1a: Araquanid|Poison Jab|p2a: Ogerpon
|-supereffective|p2a: Ogerpon
|-damage|p2a: Ogerpon|57/100
|move|p2a: Ogerpon|Spikes|p1a: Araquanid
|-sidestart|p1: cbateadmira|Spikes
|
|upkeep
|turn|3
|
|t:|1743888524
|move|p2a: Ogerpon|Power Whip|p1a: Araquanid
|-damage|p1a: Araquanid|0 fnt
|faint|p1a: Araquanid
|
|upkeep
|
|t:|1743888551
|switch|p1a: Corviknight|Corviknight, F|100/100
|-ability|p1a: Corviknight|Pressure
|turn|4
|
|t:|1743888554
|move|p2a: Ogerpon|U-turn|p1a: Corviknight
|-resisted|p1a: Corviknight
|-damage|p1a: Corviknight|96/100
|-damage|p2a: Ogerpon|41/100|[from] item: Rocky Helmet|[of] p1a: Corviknight
|
|t:|1743888555
|switch|p2a: Corviknight|Corviknight, F|100/100|[from] U-turn
|-ability|p2a: Corviknight|Pressure
|move|p1a: Corviknight|U-turn|p2a: Corviknight
|-resisted|p2a: Corviknight
|-damage|p2a: Corviknight|98/100
|-damage|p1a: Corviknight|80/100|[from] item: Rocky Helmet|[of] p2a: Corviknight
|
|t:|1743888571
|switch|p1a: Darkrai|Darkrai|100/100|[from] U-turn
|-damage|p1a: Darkrai|88/100|[from] Spikes
|
|upkeep
|turn|5
|
|t:|1743888579
|move|p1a: Darkrai|Dark Pulse|p2a: Corviknight
|-damage|p2a: Corviknight|56/100
|-damage|p1a: Darkrai|78/100|[from] item: Life Orb
|move|p2a: Corviknight|Defog|p1a: Darkrai
|-unboost|p1a: Darkrai|evasion|1
|-sideend|p1: cbateadmira|Spikes|[from] move: Defog|[of] p2a: Corviknight
|-sideend|p2: owl _with_scarf|Sticky Web|[from] move: Defog|[of] p2a: Corviknight
|
|upkeep
|turn|6
|
|t:|1743888583
|move|p1a: Darkrai|Nasty Plot|p1a: Darkrai
|-boost|p1a: Darkrai|spa|2
|move|p2a: Corviknight|Roost|p2a: Corviknight
|-heal|p2a: Corviknight|100/100
|-singleturn|p2a: Corviknight|move: Roost
|
|upkeep
|turn|7
|
|t:|1743888593
|move|p1a: Darkrai|Dark Pulse|p2a: Corviknight
|-damage|p2a: Corviknight|23/100
|-damage|p1a: Darkrai|68/100|[from] item: Life Orb
|move|p2a: Corviknight|U-turn|p1a: Darkrai
|-supereffective|p1a: Darkrai
|-damage|p1a: Darkrai|30/100
|
|t:|1743888596
|switch|p2a: Zamazenta|Zamazenta|100/100|[from] U-turn
|-ability|p2a: Zamazenta|Dauntless Shield|boost
|-boost|p2a: Zamazenta|def|1
|
|upkeep
|turn|8
|
|t:|1743888605
|switch|p1a: Corviknight|Corviknight, F|80/100
|-ability|p1a: Corviknight|Pressure
|move|p2a: Zamazenta|Howl|p2a: Zamazenta
|-boost|p2a: Zamazenta|atk|1
|
|upkeep
|turn|9
|
|t:|1743888621
|move|p2a: Zamazenta|Howl|p2a: Zamazenta
|-boost|p2a: Zamazenta|atk|1
|move|p1a: Corviknight|U-turn|p2a: Zamazenta
|-resisted|p2a: Zamazenta
|-damage|p2a: Zamazenta|96/100
|
|t:|1743888624
|switch|p1a: Garganacl|Garganacl, F|100/100|[from] U-turn
|
|upkeep
|turn|10
|
|t:|1743888632
|-terastallize|p1a: Garganacl|Fairy
|move|p2a: Zamazenta|Close Combat|p1a: Garganacl
|-resisted|p1a: Garganacl
|-damage|p1a: Garganacl|63/100
|-unboost|p2a: Zamazenta|def|1
|-unboost|p2a: Zamazenta|spd|1
|move|p1a: Garganacl|Salt Cure|p2a: Zamazenta
|-resisted|p2a: Zamazenta
|-damage|p2a: Zamazenta|89/100
|-start|p2a: Zamazenta|Salt Cure
|
|-heal|p1a: Garganacl|70/100|[from] item: Leftovers
|-damage|p2a: Zamazenta|77/100|[from] Salt Cure
|upkeep
|turn|11
|
|t:|1743888643
|switch|p2a: Garganacl|Garganacl, F|100/100
|move|p1a: Garganacl|Iron Defense|p1a: Garganacl
|-boost|p1a: Garganacl|def|2
|
|-heal|p1a: Garganacl|76/100|[from] item: Leftovers
|upkeep
|turn|12
|
|t:|1743888646
|move|p1a: Garganacl|Body Press|p2a: Garganacl
|-supereffective|p2a: Garganacl
|-damage|p2a: Garganacl|50/100
|move|p2a: Garganacl|Salt Cure|p1a: Garganacl
|-damage|p1a: Garganacl|71/100
|-start|p1a: Garganacl|Salt Cure
|
|-heal|p2a: Garganacl|57/100|[from] item: Leftovers
|-heal|p1a: Garganacl|77/100|[from] item: Leftovers
|-damage|p1a: Garganacl|65/100|[from] Salt Cure
|upkeep
|turn|13
|
|t:|1743888658
|move|p2a: Garganacl|Recover|p2a: Garganacl
|-heal|p2a: Garganacl|100/100
|move|p1a: Garganacl|Body Press|p2a: Garganacl
|-supereffective|p2a: Garganacl
|-damage|p2a: Garganacl|54/100
|
|-heal|p2a: Garganacl|61/100|[from] item: Leftovers
|-heal|p1a: Garganacl|71/100|[from] item: Leftovers
|-damage|p1a: Garganacl|59/100|[from] Salt Cure
|upkeep
|turn|14
|
|t:|1743888661
|move|p2a: Garganacl|Protect|p2a: Garganacl
|-singleturn|p2a: Garganacl|Protect
|move|p1a: Garganacl|Salt Cure|p2a: Garganacl
|-activate|p2a: Garganacl|move: Protect
|
|-heal|p1a: Garganacl|65/100|[from] item: Leftovers
|-heal|p2a: Garganacl|67/100|[from] item: Leftovers
|-damage|p1a: Garganacl|52/100|[from] Salt Cure
|upkeep
|turn|15
|
|t:|1743888663
|switch|p2a: Hydreigon|Hydreigon, F|100/100
|move|p1a: Garganacl|Salt Cure|p2a: Hydreigon
|-damage|p2a: Hydreigon|83/100
|-start|p2a: Hydreigon|Salt Cure
|
|-heal|p2a: Hydreigon|89/100|[from] item: Leftovers
|-heal|p1a: Garganacl|59/100|[from] item: Leftovers
|-damage|p2a: Hydreigon|77/100|[from] Salt Cure
|-damage|p1a: Garganacl|46/100|[from] Salt Cure
|upkeep
|turn|16
|
|t:|1743888666
|move|p2a: Hydreigon|Flash Cannon|p1a: Garganacl
|-supereffective|p1a: Garganacl
|-damage|p1a: Garganacl|12/100
|move|p1a: Garganacl|Recover|p1a: Garganacl
|-heal|p1a: Garganacl|62/100
|
|-heal|p2a: Hydreigon|83/100|[from] item: Leftovers
|-heal|p1a: Garganacl|68/100|[from] item: Leftovers
|-damage|p2a: Hydreigon|71/100|[from] Salt Cure
|-damage|p1a: Garganacl|55/100|[from] Salt Cure
|upkeep
|turn|17
|
|t:|1743888679
|switch|p1a: Ogerpon|Ogerpon-Wellspring, F|100/100
|move|p2a: Hydreigon|Flash Cannon|p1a: Ogerpon
|-resisted|p1a: Ogerpon
|-damage|p1a: Ogerpon|85/100
|
|-heal|p2a: Hydreigon|77/100|[from] item: Leftovers
|-damage|p2a: Hydreigon|64/100|[from] Salt Cure
|upkeep
|turn|18
|
|t:|1743888684
|switch|p2a: Corviknight|Corviknight, F|23/100
|-ability|p2a: Corviknight|Pressure
|move|p1a: Ogerpon|Knock Off|p2a: Corviknight
|-damage|p2a: Corviknight|0 fnt
|-damage|p1a: Ogerpon|69/100|[from] item: Rocky Helmet|[of] p2a: Corviknight
|-enditem|p2a: Corviknight|Rocky Helmet|[from] move: Knock Off|[of] p1a: Ogerpon
|faint|p2a: Corviknight
|
|upkeep
|
|t:|1743888687
|switch|p2a: Zamazenta|Zamazenta|77/100
|turn|19
|
|t:|1743888702
|switch|p2a: Hydreigon|Hydreigon, F|64/100
|move|p1a: Ogerpon|Ivy Cudgel|p2a: Hydreigon|[anim] Ivy Cudgel Water
|-resisted|p2a: Hydreigon
|-damage|p2a: Hydreigon|29/100
|
|-heal|p2a: Hydreigon|36/100|[from] item: Leftovers
|upkeep
|turn|20
|
|t:|1743888711
|move|p1a: Ogerpon|Ivy Cudgel|p2a: Hydreigon|[anim] Ivy Cudgel Water
|-resisted|p2a: Hydreigon
|-damage|p2a: Hydreigon|4/100
|move|p2a: Hydreigon|Dark Pulse|p1a: Ogerpon
|-damage|p1a: Ogerpon|20/100
|
|-heal|p2a: Hydreigon|10/100|[from] item: Leftovers
|upkeep
|turn|21
|
|t:|1743888720
|switch|p2a: Ogerpon|Ogerpon-Wellspring, F|41/100
|move|p1a: Ogerpon|Knock Off|p2a: Ogerpon
|-damage|p2a: Ogerpon|8/100
|
|upkeep
|turn|22
|
|t:|1743888727
|move|p2a: Ogerpon|U-turn|p1a: Ogerpon
|-supereffective|p1a: Ogerpon
|-damage|p1a: Ogerpon|0 fnt
|faint|p1a: Ogerpon
|
|t:|1743888729
|switch|p2a: Weavile|Weavile, F|100/100|[from] U-turn
|-ability|p2a: Weavile|Pressure
|
|upkeep
|
|t:|1743888736
|switch|p1a: Corviknight|Corviknight, F|80/100
|-ability|p1a: Corviknight|Pressure
|turn|23
|
|t:|1743888740
|move|p2a: Weavile|Swords Dance|p2a: Weavile
|-boost|p2a: Weavile|atk|2
|move|p1a: Corviknight|U-turn|p2a: Weavile
|-supereffective|p2a: Weavile
|-damage|p2a: Weavile|54/100
|
|t:|1743888747
|switch|p1a: Darkrai|Darkrai|30/100|[from] U-turn
|
|upkeep
|turn|24
|
|t:|1743888763
|move|p2a: Weavile|Ice Shard|p1a: Darkrai
|-damage|p1a: Darkrai|0 fnt
|faint|p1a: Darkrai
|
|upkeep
|
|t:|1743888765
|switch|p1a: Corviknight|Corviknight, F|80/100
|-ability|p1a: Corviknight|Pressure
|turn|25
|
|t:|1743888767
|move|p2a: Weavile|Knock Off|p1a: Corviknight
|-damage|p1a: Corviknight|23/100
|-damage|p2a: Weavile|37/100|[from] item: Rocky Helmet|[of] p1a: Corviknight
|-enditem|p1a: Corviknight|Rocky Helmet|[from] move: Knock Off|[of] p2a: Weavile
|move|p1a: Corviknight|Brave Bird|p2a: Weavile
|-damage|p2a: Weavile|0 fnt
|faint|p2a: Weavile
|-damage|p1a: Corviknight|15/100|[from] Recoil
|
|upkeep
|
|t:|1743888772
|switch|p2a: Hydreigon|Hydreigon, F|10/100
|turn|26
|
|t:|1743888776
|move|p2a: Hydreigon|Dark Pulse|p1a: Corviknight
|-damage|p1a: Corviknight|0 fnt
|faint|p1a: Corviknight
|
|-heal|p2a: Hydreigon|16/100|[from] item: Leftovers
|upkeep
|
|t:|1743888778
|switch|p1a: Great Tusk|Great Tusk|100/100
|-enditem|p1a: Great Tusk|Booster Energy
|-activate|p1a: Great Tusk|ability: Protosynthesis|[fromitem]
|-start|p1a: Great Tusk|protosynthesisatk
|turn|27
|
|t:|1743888785
|switch|p2a: Ogerpon|Ogerpon-Wellspring, F|8/100
|move|p1a: Great Tusk|Rapid Spin|p2a: Ogerpon
|-damage|p2a: Ogerpon|0 fnt
|-boost|p1a: Great Tusk|spe|1
|faint|p2a: Ogerpon
|
|upkeep
|
|t:|1743888787
|switch|p2a: Garganacl|Garganacl, F|67/100
|turn|28
|
|t:|1743888790
|-terastallize|p2a: Garganacl|Ghost
|move|p1a: Great Tusk|Close Combat|p2a: Garganacl
|-immune|p2a: Garganacl
|move|p2a: Garganacl|Salt Cure|p1a: Great Tusk
|-resisted|p1a: Great Tusk
|-damage|p1a: Great Tusk|98/100
|-start|p1a: Great Tusk|Salt Cure
|
|-heal|p2a: Garganacl|73/100|[from] item: Leftovers
|-damage|p1a: Great Tusk|85/100|[from] Salt Cure
|upkeep
|turn|29
|
|t:|1743888794
|move|p1a: Great Tusk|Headlong Rush|p2a: Garganacl
|-damage|p2a: Garganacl|33/100
|-unboost|p1a: Great Tusk|def|1
|-unboost|p1a: Great Tusk|spd|1
|move|p2a: Garganacl|Recover|p2a: Garganacl
|-heal|p2a: Garganacl|83/100
|
|-heal|p2a: Garganacl|89/100|[from] item: Leftovers
|-damage|p1a: Great Tusk|73/100|[from] Salt Cure
|upkeep
|turn|30
|
|t:|1743888799
|-end|p1a: Great Tusk|Protosynthesis|[silent]
|switch|p1a: Garganacl|Garganacl, F, tera:Fairy|55/100
|move|p2a: Garganacl|Protect||[still]
|-fail|p2a: Garganacl
|
|-heal|p2a: Garganacl|95/100|[from] item: Leftovers
|-heal|p1a: Garganacl|62/100|[from] item: Leftovers
|upkeep
|turn|31
|
|t:|1743888801
|move|p2a: Garganacl|Salt Cure|p1a: Garganacl
|-damage|p1a: Garganacl|52/100
|-start|p1a: Garganacl|Salt Cure
|move|p1a: Garganacl|Salt Cure|p2a: Garganacl
|-damage|p2a: Garganacl|88/100
|-start|p2a: Garganacl|Salt Cure
|
|-heal|p1a: Garganacl|59/100|[from] item: Leftovers
|-heal|p2a: Garganacl|94/100|[from] item: Leftovers
|-damage|p2a: Garganacl|81/100|[from] Salt Cure
|-damage|p1a: Garganacl|46/100|[from] Salt Cure
|upkeep
|turn|32
|
|t:|1743888804
|switch|p2a: Zamazenta|Zamazenta|77/100
|move|p1a: Garganacl|Recover|p1a: Garganacl
|-heal|p1a: Garganacl|96/100
|
|-heal|p1a: Garganacl|100/100|[from] item: Leftovers
|-damage|p1a: Garganacl|88/100|[from] Salt Cure
|upkeep
|turn|33
|
|t:|1743888807
|move|p2a: Zamazenta|Stone Edge|p1a: Garganacl
|-damage|p1a: Garganacl|67/100
|move|p1a: Garganacl|Salt Cure|p2a: Zamazenta
|-resisted|p2a: Zamazenta
|-damage|p2a: Zamazenta|71/100
|-start|p2a: Zamazenta|Salt Cure
|
|-heal|p1a: Garganacl|73/100|[from] item: Leftovers
|-damage|p2a: Zamazenta|59/100|[from] Salt Cure
|-damage|p1a: Garganacl|61/100|[from] Salt Cure
|upkeep
|turn|34
|
|t:|1743888809
|move|p2a: Zamazenta|Stone Edge|p1a: Garganacl
|-crit|p1a: Garganacl
|-damage|p1a: Garganacl|28/100
|move|p1a: Garganacl|Salt Cure|p2a: Zamazenta
|-resisted|p2a: Zamazenta
|-damage|p2a: Zamazenta|52/100
|
|-heal|p1a: Garganacl|34/100|[from] item: Leftovers
|-damage|p2a: Zamazenta|40/100|[from] Salt Cure
|-damage|p1a: Garganacl|22/100|[from] Salt Cure
|upkeep
|turn|35
|
|t:|1743888812
|move|p2a: Zamazenta|Stone Edge|p1a: Garganacl|[miss]
|-miss|p2a: Zamazenta|p1a: Garganacl
|move|p1a: Garganacl|Recover|p1a: Garganacl
|-heal|p1a: Garganacl|72/100
|
|-heal|p1a: Garganacl|78/100|[from] item: Leftovers
|-damage|p2a: Zamazenta|28/100|[from] Salt Cure
|-damage|p1a: Garganacl|66/100|[from] Salt Cure
|upkeep
|turn|36
|
|t:|1743888814
|switch|p1a: Great Tusk|Great Tusk|73/100
|move|p2a: Zamazenta|Stone Edge|p1a: Great Tusk|[miss]
|-miss|p2a: Zamazenta|p1a: Great Tusk
|
|-damage|p2a: Zamazenta|16/100|[from] Salt Cure
|upkeep
|turn|37
|
|t:|1743888818
|move|p2a: Zamazenta|Close Combat|p1a: Great Tusk
|-crit|p1a: Great Tusk
|-damage|p1a: Great Tusk|10/100
|-unboost|p2a: Zamazenta|def|1
|-unboost|p2a: Zamazenta|spd|1
|move|p1a: Great Tusk|Headlong Rush|p2a: Zamazenta
|-damage|p2a: Zamazenta|0 fnt
|-unboost|p1a: Great Tusk|def|1
|-unboost|p1a: Great Tusk|spd|1
|faint|p2a: Zamazenta
|
|upkeep
|
|t:|1743888821
|switch|p2a: Hydreigon|Hydreigon, F|16/100
|turn|38
|
|t:|1743888826
|move|p2a: Hydreigon|Flash Cannon|p1a: Great Tusk
|-damage|p1a: Great Tusk|0 fnt
|faint|p1a: Great Tusk
|-end|p1a: Great Tusk|Protosynthesis|[silent]
|
|-heal|p2a: Hydreigon|22/100|[from] item: Leftovers
|upkeep
|
|t:|1743888828
|switch|p1a: Garganacl|Garganacl, F, tera:Fairy|66/100
|turn|39
|
|t:|1743888831
|switch|p2a: Garganacl|Garganacl, F, tera:Ghost|81/100
|move|p1a: Garganacl|Body Press|p2a: Garganacl
|-immune|p2a: Garganacl
|
|-heal|p1a: Garganacl|72/100|[from] item: Leftovers
|-heal|p2a: Garganacl|88/100|[from] item: Leftovers
|upkeep
|turn|40
|
|t:|1743888833
|move|p1a: Garganacl|Salt Cure|p2a: Garganacl
|-damage|p2a: Garganacl|80/100
|-start|p2a: Garganacl|Salt Cure
|move|p2a: Garganacl|Salt Cure|p1a: Garganacl
|-damage|p1a: Garganacl|63/100
|-start|p1a: Garganacl|Salt Cure
|
|-heal|p1a: Garganacl|69/100|[from] item: Leftovers
|-heal|p2a: Garganacl|86/100|[from] item: Leftovers
|-damage|p2a: Garganacl|74/100|[from] Salt Cure
|-damage|p1a: Garganacl|56/100|[from] Salt Cure
|upkeep
|turn|41
|
|t:|1743888835
|move|p2a: Garganacl|Recover|p2a: Garganacl
|-heal|p2a: Garganacl|100/100
|move|p1a: Garganacl|Iron Defense|p1a: Garganacl
|-boost|p1a: Garganacl|def|2
|
|-heal|p1a: Garganacl|63/100|[from] item: Leftovers
|-damage|p1a: Garganacl|50/100|[from] Salt Cure
|-damage|p2a: Garganacl|88/100|[from] Salt Cure
|upkeep
|turn|42
|
|t:|1743888840
|move|p2a: Garganacl|Protect|p2a: Garganacl
|-singleturn|p2a: Garganacl|Protect
|move|p1a: Garganacl|Salt Cure|p2a: Garganacl
|-activate|p2a: Garganacl|move: Protect
|
|-heal|p2a: Garganacl|94/100|[from] item: Leftovers
|-heal|p1a: Garganacl|56/100|[from] item: Leftovers
|-damage|p2a: Garganacl|82/100|[from] Salt Cure
|-damage|p1a: Garganacl|44/100|[from] Salt Cure
|upkeep
|turn|43
|
|t:|1743888844
|move|p1a: Garganacl|Salt Cure|p2a: Garganacl
|-crit|p2a: Garganacl
|-damage|p2a: Garganacl|72/100
|move|p2a: Garganacl|Salt Cure|p1a: Garganacl
|-damage|p1a: Garganacl|39/100
|
|-heal|p2a: Garganacl|78/100|[from] item: Leftovers
|-heal|p1a: Garganacl|45/100|[from] item: Leftovers
|-damage|p2a: Garganacl|65/100|[from] Salt Cure
|-damage|p1a: Garganacl|33/100|[from] Salt Cure
|upkeep
|turn|44
|
|t:|1743888849
|move|p1a: Garganacl|Iron Defense|p1a: Garganacl
|-boost|p1a: Garganacl|def|2
|move|p2a: Garganacl|Salt Cure|p1a: Garganacl
|-damage|p1a: Garganacl|30/100
|
|-heal|p1a: Garganacl|36/100|[from] item: Leftovers
|-heal|p2a: Garganacl|72/100|[from] item: Leftovers
|-damage|p2a: Garganacl|59/100|[from] Salt Cure
|-damage|p1a: Garganacl|24/100|[from] Salt Cure
|upkeep
|turn|45
|
|t:|1743888855
|move|p2a: Garganacl|Salt Cure|p1a: Garganacl
|-damage|p1a: Garganacl|21/100
|move|p1a: Garganacl|Salt Cure|p2a: Garganacl
|-damage|p2a: Garganacl|52/100
|
|-heal|p1a: Garganacl|27/100|[from] item: Leftovers
|-heal|p2a: Garganacl|58/100|[from] item: Leftovers
|-damage|p2a: Garganacl|46/100|[from] Salt Cure
|-damage|p1a: Garganacl|14/100|[from] Salt Cure
|upkeep
|turn|46
|
|t:|1743888859
|move|p2a: Garganacl|Salt Cure|p1a: Garganacl
|-damage|p1a: Garganacl|11/100
|move|p1a: Garganacl|Recover|p1a: Garganacl
|-heal|p1a: Garganacl|61/100
|
|-heal|p2a: Garganacl|52/100|[from] item: Leftovers
|-heal|p1a: Garganacl|67/100|[from] item: Leftovers
|-damage|p1a: Garganacl|55/100|[from] Salt Cure
|-damage|p2a: Garganacl|40/100|[from] Salt Cure
|upkeep
|turn|47
|
|t:|1743888863
|move|p2a: Garganacl|Recover|p2a: Garganacl
|-heal|p2a: Garganacl|90/100
|move|p1a: Garganacl|Iron Defense|p1a: Garganacl
|-boost|p1a: Garganacl|def|2
|
|-heal|p2a: Garganacl|96/100|[from] item: Leftovers
|-heal|p1a: Garganacl|61/100|[from] item: Leftovers
|-damage|p2a: Garganacl|84/100|[from] Salt Cure
|-damage|p1a: Garganacl|49/100|[from] Salt Cure
|upkeep
|turn|48
|
|t:|1743888872
|move|p2a: Garganacl|Protect|p2a: Garganacl
|-singleturn|p2a: Garganacl|Protect
|move|p1a: Garganacl|Salt Cure|p2a: Garganacl
|-activate|p2a: Garganacl|move: Protect
|
|-heal|p1a: Garganacl|55/100|[from] item: Leftovers
|-heal|p2a: Garganacl|90/100|[from] item: Leftovers
|-damage|p2a: Garganacl|77/100|[from] Salt Cure
|-damage|p1a: Garganacl|43/100|[from] Salt Cure
|upkeep
|turn|49
|
|t:|1743888879
|move|p2a: Garganacl|Stealth Rock|p1a: Garganacl
|-sidestart|p1: cbateadmira|move: Stealth Rock
|move|p1a: Garganacl|Body Press|p2a: Garganacl
|-immune|p2a: Garganacl
|
|-heal|p2a: Garganacl|84/100|[from] item: Leftovers
|-heal|p1a: Garganacl|49/100|[from] item: Leftovers
|-damage|p1a: Garganacl|36/100|[from] Salt Cure
|-damage|p2a: Garganacl|71/100|[from] Salt Cure
|upkeep
|turn|50
|
|t:|1743888882
|switch|p2a: Hydreigon|Hydreigon, F|22/100
|move|p1a: Garganacl|Iron Defense|p1a: Garganacl
|-boost|p1a: Garganacl|def|0
|
|-heal|p2a: Hydreigon|28/100|[from] item: Leftovers
|-heal|p1a: Garganacl|43/100|[from] item: Leftovers
|-damage|p1a: Garganacl|30/100|[from] Salt Cure
|upkeep
|turn|51
|
|t:|1743888885
|move|p2a: Hydreigon|Flash Cannon|p1a: Garganacl
|-supereffective|p1a: Garganacl
|-damage|p1a: Garganacl|0 fnt
|faint|p1a: Garganacl
|
|win|owl _with_scarf
|raw|cbateadmira's rating: 1577 &rarr; <strong>1556</strong><br />(-21 for losing)
|raw|owl _with_scarf's rating: 1551 &rarr; <strong>1572</strong><br />(+21 for winning)
|l|☆cbateadmira
|player|p1|
|c|☆owl _with_scarf|gg
|l|☆owl _with_scarf
|player|p2|
