|j|☆VANYR
|j|☆pincurchinisgod
|t:|1743934224
|gametype|singles
|player|p1|VANYR|grimsley|1549
|player|p2|pincurchinisgod|chuck|1532
|teamsize|p1|6
|teamsize|p2|6
|gen|9
|tier|[Gen 9] OU
|rated|
|rule|HP Percentage Mod: HP is shown in percentages
|rule|Endless Battle Clause: Forcing endless battles is banned
|rule|Species Clause: Limit one of each Pokémon
|rule|OHKO Clause: OHKO moves are banned
|rule|Evasion Items Clause: Evasion items are banned
|rule|Evasion Moves Clause: Evasion moves are banned
|rule|Sleep Moves Clause: Sleep-inducing moves are banned
|clearpoke
|poke|p1|Glimmora, M|
|poke|p1|Samurott-Hisui, M|
|poke|p1|Kleavor, M|
|poke|p1|Sinistcha-Masterpiece|
|poke|p1|Heatran, M|
|poke|p1|Conkeldurr, M|
|poke|p2|Palossand, M|
|poke|p2|Garganacl, F|
|poke|p2|Tyranitar, F|
|poke|p2|Garchomp, F|
|poke|p2|Weezing-Galar, M|
|poke|p2|Electrode-Hisui|
|teampreview
|inactive|Battle timer is ON: inactive players will automatically lose when time's up. (requested by VANYR)
|
|t:|1743934246
|start
|switch|p1a: Samurott|Samurott-Hisui, M|100/100
|switch|p2a: Garchomp|Garchomp, F|100/100
|turn|1
|
|t:|1743934267
|move|p2a: Garchomp|Earthquake|p1a: Samurott
|-damage|p1a: Samurott|57/100
|move|p1a: Samurott|Ceaseless Edge|p2a: Garchomp
|-damage|p2a: Garchomp|67/100
|-damage|p1a: Samurott|44/100|[from] ability: Rough Skin|[of] p2a: Garchomp
|-damage|p1a: Samurott|28/100|[from] item: Rocky Helmet|[of] p2a: Garchomp
|-sidestart|p2: pincurchinisgod|Spikes
|
|upkeep
|turn|2
|
|t:|1743934271
|switch|p1a: Sinistcha|Sinistcha-Masterpiece|100/100
|move|p2a: Garchomp|Stealth Rock|p1a: Sinistcha
|-sidestart|p1: VANYR|move: Stealth Rock
|
|upkeep
|turn|3
|
|t:|1743934274
|move|p2a: Garchomp|Spikes|p1a: Sinistcha
|-sidestart|p1: VANYR|Spikes
|move|p1a: Sinistcha|Calm Mind|p1a: Sinistcha
|-boost|p1a: Sinistcha|spa|1
|-boost|p1a: Sinistcha|spd|1
|
|upkeep
|turn|4
|
|t:|1743934277
|move|p1a: Sinistcha|Matcha Gotcha|p2a: Garchomp
|-damage|p2a: Garchomp|24/100
|move|p2a: Garchomp|Dragon Tail|p1a: Sinistcha
|-damage|p1a: Sinistcha|81/100
|drag|p1a: Heatran|Heatran, M|100/100
|-damage|p1a: Heatran|88/100|[from] Stealth Rock
|-damage|p1a: Heatran|76/100|[from] Spikes
|
|upkeep
|turn|5
|
|t:|1743934283
|switch|p1a: Sinistcha|Sinistcha-Masterpiece|81/100
|-damage|p1a: Sinistcha|69/100|[from] Stealth Rock
|-damage|p1a: Sinistcha|57/100|[from] Spikes
|move|p2a: Garchomp|Earthquake|p1a: Sinistcha
|-resisted|p1a: Sinistcha
|-damage|p1a: Sinistcha|41/100
|
|-heal|p1a: Sinistcha|47/100|[from] item: Leftovers
|upkeep
|turn|6
|
|t:|1743934291
|move|p1a: Sinistcha|Strength Sap|p2a: Garchomp
|-unboost|p2a: Garchomp|atk|1
|-heal|p1a: Sinistcha|100/100
|move|p2a: Garchomp|Dragon Tail|p1a: Sinistcha
|-damage|p1a: Sinistcha|87/100
|drag|p1a: Glimmora|Glimmora, M|100/100
|-damage|p1a: Glimmora|88/100|[from] Stealth Rock
|-damage|p1a: Glimmora|76/100|[from] Spikes
|
|-heal|p1a: Glimmora|82/100|[from] item: Black Sludge
|upkeep
|turn|7
|
|t:|1743934299
|move|p2a: Garchomp|Earthquake|p1a: Glimmora
|-supereffective|p1a: Glimmora
|-damage|p1a: Glimmora|0 fnt
|-activate|p1a: Glimmora|ability: Toxic Debris
|-sidestart|p2: pincurchinisgod|move: Toxic Spikes
|faint|p1a: Glimmora
|
|upkeep
|
|t:|1743934305
|switch|p1a: Sinistcha|Sinistcha-Masterpiece|87/100
|-damage|p1a: Sinistcha|75/100|[from] Stealth Rock
|-damage|p1a: Sinistcha|63/100|[from] Spikes
|turn|8
|
|t:|1743934310
|switch|p2a: Weezing|Weezing-Galar, M|100/100
|move|p1a: Sinistcha|Calm Mind|p1a: Sinistcha
|-boost|p1a: Sinistcha|spa|1
|-boost|p1a: Sinistcha|spd|1
|
|-heal|p1a: Sinistcha|69/100|[from] item: Leftovers
|upkeep
|turn|9
|
|t:|1743934314
|move|p1a: Sinistcha|Calm Mind|p1a: Sinistcha
|-boost|p1a: Sinistcha|spa|1
|-boost|p1a: Sinistcha|spd|1
|move|p2a: Weezing|Will-O-Wisp|p1a: Sinistcha
|-status|p1a: Sinistcha|brn
|
|-heal|p1a: Sinistcha|75/100 brn|[from] item: Leftovers
|-damage|p1a: Sinistcha|72/100 brn|[from] brn
|upkeep
|turn|10
|
|t:|1743934321
|move|p1a: Sinistcha|Matcha Gotcha|p2a: Weezing
|-resisted|p2a: Weezing
|-damage|p2a: Weezing|69/100
|-heal|p1a: Sinistcha|87/100 brn|[from] drain|[of] p2a: Weezing
|move|p2a: Weezing|Defog|p1a: Sinistcha
|-unboost|p1a: Sinistcha|evasion|1
|-sideend|p1: VANYR|Spikes|[from] move: Defog|[of] p2a: Weezing
|-sideend|p1: VANYR|Stealth Rock|[from] move: Defog|[of] p2a: Weezing
|-sideend|p2: pincurchinisgod|Spikes|[from] move: Defog|[of] p2a: Weezing
|-sideend|p2: pincurchinisgod|Toxic Spikes|[from] move: Defog|[of] p2a: Weezing
|
|-heal|p1a: Sinistcha|93/100 brn|[from] item: Leftovers
|-damage|p1a: Sinistcha|90/100 brn|[from] brn
|upkeep
|turn|11
|
|t:|1743934326
|move|p1a: Sinistcha|Calm Mind|p1a: Sinistcha
|-boost|p1a: Sinistcha|spa|1
|-boost|p1a: Sinistcha|spd|1
|move|p2a: Weezing|Strange Steam|p1a: Sinistcha
|-damage|p1a: Sinistcha|77/100 brn
|
|-heal|p1a: Sinistcha|83/100 brn|[from] item: Leftovers
|-damage|p1a: Sinistcha|80/100 brn|[from] brn
|upkeep
|turn|12
|
|t:|1743934330
|move|p1a: Sinistcha|Matcha Gotcha|p2a: Weezing
|-resisted|p2a: Weezing
|-damage|p2a: Weezing|30/100
|-heal|p1a: Sinistcha|99/100 brn|[from] drain|[of] p2a: Weezing
|move|p2a: Weezing|Pain Split|p1a: Sinistcha
|-sethp|p1a: Sinistcha|64/100 brn|[from] move: Pain Split|[silent]
|-sethp|p2a: Weezing|66/100|[from] move: Pain Split
|
|-heal|p1a: Sinistcha|70/100 brn|[from] item: Leftovers
|-damage|p1a: Sinistcha|67/100 brn|[from] brn
|upkeep
|turn|13
|
|t:|1743934333
|move|p1a: Sinistcha|Matcha Gotcha|p2a: Weezing
|-resisted|p2a: Weezing
|-damage|p2a: Weezing|29/100
|-heal|p1a: Sinistcha|85/100 brn|[from] drain|[of] p2a: Weezing
|move|p2a: Weezing|Strange Steam|p1a: Sinistcha
|-damage|p1a: Sinistcha|71/100 brn
|-start|p1a: Sinistcha|confusion
|
|-heal|p1a: Sinistcha|77/100 brn|[from] item: Leftovers
|-damage|p1a: Sinistcha|74/100 brn|[from] brn
|upkeep
|turn|14
|
|t:|1743934336
|-activate|p1a: Sinistcha|confusion
|move|p1a: Sinistcha|Calm Mind|p1a: Sinistcha
|-boost|p1a: Sinistcha|spa|1
|-boost|p1a: Sinistcha|spd|1
|move|p2a: Weezing|Pain Split|p1a: Sinistcha
|-sethp|p1a: Sinistcha|51/100 brn|[from] move: Pain Split|[silent]
|-sethp|p2a: Weezing|53/100|[from] move: Pain Split
|
|-heal|p1a: Sinistcha|57/100 brn|[from] item: Leftovers
|-damage|p1a: Sinistcha|54/100 brn|[from] brn
|upkeep
|turn|15
|
|t:|1743934340
|-activate|p1a: Sinistcha|confusion
|move|p1a: Sinistcha|Matcha Gotcha|p2a: Weezing
|-resisted|p2a: Weezing
|-damage|p2a: Weezing|12/100
|-heal|p1a: Sinistcha|74/100 brn|[from] drain|[of] p2a: Weezing
|-status|p2a: Weezing|brn
|move|p2a: Weezing|Strange Steam|p1a: Sinistcha
|-damage|p1a: Sinistcha|63/100 brn
|
|-heal|p1a: Sinistcha|69/100 brn|[from] item: Leftovers
|-damage|p1a: Sinistcha|66/100 brn|[from] brn
|-damage|p2a: Weezing|6/100 brn|[from] brn
|upkeep
|turn|16
|
|t:|1743934345
|-activate|p1a: Sinistcha|confusion
|move|p1a: Sinistcha|Shadow Ball|p2a: Weezing
|-damage|p2a: Weezing|0 fnt
|faint|p2a: Weezing
|
|-heal|p1a: Sinistcha|72/100 brn|[from] item: Leftovers
|-damage|p1a: Sinistcha|69/100 brn|[from] brn
|upkeep
|
|t:|1743934357
|switch|p2a: Tyranitar|Tyranitar, F|100/100
|-weather|Sandstorm|[from] ability: Sand Stream|[of] p2a: Tyranitar
|turn|17
|
|t:|1743934360
|move|p2a: Tyranitar|Knock Off|p1a: Sinistcha
|-supereffective|p1a: Sinistcha
|-damage|p1a: Sinistcha|0 fnt
|-enditem|p1a: Sinistcha|Leftovers|[from] move: Knock Off|[of] p2a: Tyranitar
|faint|p1a: Sinistcha
|
|-weather|Sandstorm|[upkeep]
|upkeep
|
|t:|1743934365
|switch|p1a: Kleavor|Kleavor, M|100/100
|turn|18
|
|t:|1743934372
|move|p2a: Tyranitar|Stone Edge|p1a: Kleavor|[miss]
|-miss|p2a: Tyranitar|p1a: Kleavor
|move|p1a: Kleavor|X-Scissor|p2a: Tyranitar
|-supereffective|p2a: Tyranitar
|-damage|p2a: Tyranitar|0 fnt
|faint|p2a: Tyranitar
|
|-weather|Sandstorm|[upkeep]
|upkeep
|
|t:|1743934378
|switch|p2a: Garchomp|Garchomp, F|24/100
|turn|19
|
|t:|1743934381
|move|p2a: Garchomp|Stealth Rock|p1a: Kleavor
|-sidestart|p1: VANYR|move: Stealth Rock
|move|p1a: Kleavor|X-Scissor|p2a: Garchomp
|-damage|p2a: Garchomp|0 fnt
|-damage|p1a: Kleavor|88/100|[from] ability: Rough Skin|[of] p2a: Garchomp
|-damage|p1a: Kleavor|71/100|[from] item: Rocky Helmet|[of] p2a: Garchomp
|faint|p2a: Garchomp
|
|-weather|Sandstorm|[upkeep]
|upkeep
|
|t:|1743934387
|switch|p2a: Palossand|Palossand, M, shiny|100/100
|turn|20
|
|t:|1743934397
|switch|p1a: Conkeldurr|Conkeldurr, M|100/100
|-damage|p1a: Conkeldurr|95/100|[from] Stealth Rock
|move|p2a: Palossand|Earth Power|p1a: Conkeldurr
|-damage|p1a: Conkeldurr|42/100
|
|-weather|Sandstorm|[upkeep]
|-damage|p1a: Conkeldurr|36/100|[from] Sandstorm
|upkeep
|turn|21
|
|t:|1743934401
|move|p1a: Conkeldurr|Knock Off|p2a: Palossand
|-supereffective|p2a: Palossand
|-damage|p2a: Palossand|32/100
|-enditem|p2a: Palossand|Leftovers|[from] move: Knock Off|[of] p1a: Conkeldurr
|move|p2a: Palossand|Earth Power|p1a: Conkeldurr
|-damage|p1a: Conkeldurr|0 fnt
|faint|p1a: Conkeldurr
|
|-weather|Sandstorm|[upkeep]
|upkeep
|
|t:|1743934405
|switch|p1a: Samurott|Samurott-Hisui, M|28/100
|-damage|p1a: Samurott|15/100|[from] Stealth Rock
|turn|22
|
|t:|1743934417
|move|p1a: Samurott|Ceaseless Edge|p2a: Palossand
|-supereffective|p2a: Palossand
|-damage|p2a: Palossand|0 fnt
|-sidestart|p2: pincurchinisgod|Spikes
|faint|p2a: Palossand
|
|-weather|Sandstorm|[upkeep]
|-damage|p1a: Samurott|9/100|[from] Sandstorm
|upkeep
|
|t:|1743934420
|switch|p2a: Garganacl|Garganacl, F|100/100
|-damage|p2a: Garganacl|88/100|[from] Spikes
|turn|23
|
|t:|1743934422
|move|p1a: Samurott|Razor Shell|p2a: Garganacl
|-supereffective|p2a: Garganacl
|-damage|p2a: Garganacl|20/100
|move|p2a: Garganacl|Iron Defense|p2a: Garganacl
|-boost|p2a: Garganacl|def|2
|
|-weather|Sandstorm|[upkeep]
|-damage|p1a: Samurott|3/100|[from] Sandstorm
|-heal|p2a: Garganacl|27/100|[from] item: Leftovers
|upkeep
|turn|24
|
|t:|1743934428
|move|p2a: Garganacl|Protect|p2a: Garganacl
|-singleturn|p2a: Garganacl|Protect
|move|p1a: Samurott|Knock Off|p2a: Garganacl
|-activate|p2a: Garganacl|move: Protect
|
|-weather|none
|-heal|p2a: Garganacl|33/100|[from] item: Leftovers
|upkeep
|turn|25
|
|t:|1743934432
|-terastallize|p2a: Garganacl|Water
|move|p1a: Samurott|Razor Shell|p2a: Garganacl
|-resisted|p2a: Garganacl
|-damage|p2a: Garganacl|24/100
|move|p2a: Garganacl|Recover|p2a: Garganacl
|-heal|p2a: Garganacl|74/100
|
|-heal|p2a: Garganacl|81/100|[from] item: Leftovers
|upkeep
|turn|26
|
|t:|1743934437
|move|p1a: Samurott|Knock Off|p2a: Garganacl
|-damage|p2a: Garganacl|63/100
|-enditem|p2a: Garganacl|Leftovers|[from] move: Knock Off|[of] p1a: Samurott
|move|p2a: Garganacl|Recover|p2a: Garganacl
|-heal|p2a: Garganacl|100/100
|
|upkeep
|turn|27
|
|t:|1743934440
|move|p1a: Samurott|Ceaseless Edge|p2a: Garganacl
|-damage|p2a: Garganacl|83/100
|-sidestart|p2: pincurchinisgod|Spikes
|move|p2a: Garganacl|Salt Cure|p1a: Samurott
|-damage|p1a: Samurott|0 fnt
|faint|p1a: Samurott
|
|upkeep
|
|t:|1743934443
|switch|p1a: Heatran|Heatran, M|76/100
|-damage|p1a: Heatran|63/100|[from] Stealth Rock
|turn|28
|
|t:|1743934446
|move|p1a: Heatran|Earth Power|p2a: Garganacl
|-damage|p2a: Garganacl|60/100
|move|p2a: Garganacl|Salt Cure|p1a: Heatran
|-damage|p1a: Heatran|51/100
|-start|p1a: Heatran|Salt Cure
|
|-damage|p1a: Heatran|26/100|[from] Salt Cure
|upkeep
|turn|29
|
|t:|1743934449
|move|p1a: Heatran|Earth Power|p2a: Garganacl
|-damage|p2a: Garganacl|35/100
|move|p2a: Garganacl|Recover|p2a: Garganacl
|-heal|p2a: Garganacl|85/100
|
|-damage|p1a: Heatran|1/100|[from] Salt Cure
|upkeep
|turn|30
|
|t:|1743934452
|move|p2a: Garganacl|Protect|p2a: Garganacl
|-singleturn|p2a: Garganacl|Protect
|move|p1a: Heatran|Earth Power|p2a: Garganacl
|-activate|p2a: Garganacl|move: Protect
|
|-damage|p1a: Heatran|0 fnt|[from] Salt Cure
|faint|p1a: Heatran
|upkeep
|-message|VANYR forfeited.
|
|win|pincurchinisgod
|raw|VANYR's rating: 1549 &rarr; <strong>1528</strong><br />(-21 for losing)
|raw|pincurchinisgod's rating: 1532 &rarr; <strong>1553</strong><br />(+21 for winning)
|l|☆VANYR
|player|p1|
|l|☆pincurchinisgod
|player|p2|
