|j|☆DioLurido22
|j|☆Glubabal
|t:|1743863498
|gametype|singles
|player|p1|DioLurido22|n|1076
|player|p2|Glubabal|unknown|1067
|teamsize|p1|6
|teamsize|p2|6
|gen|9
|tier|[Gen 9] OU
|rated|
|rule|HP Percentage Mod: HP is shown in percentages
|rule|Endless Battle Clause: Forcing endless battles is banned
|rule|Species Clause: Limit one of each Pokémon
|rule|OHKO Clause: OHKO moves are banned
|rule|Evasion Items Clause: Evasion items are banned
|rule|Evasion Moves Clause: Evasion moves are banned
|rule|Sleep Moves Clause: Sleep-inducing moves are banned
|clearpoke
|poke|p1|Sylveon, M|
|poke|p1|Dragapult, M|
|poke|p1|Dusclops, F|
|poke|p1|Iron Moth|
|poke|p1|Ursaluna, M|
|poke|p1|Umbreon, M|
|poke|p2|Komala, M|
|poke|p2|Copperajah, M|
|poke|p2|Comfey, M|
|poke|p2|Dudunsparce-*, M|
|poke|p2|Meganium, F|
|poke|p2|Breloom, M|
|teampreview
|inactive|Battle timer is ON: inactive players will automatically lose when time's up. (requested by DioLurido22)
|
|t:|1743863511
|start
|switch|p1a: Dusclops|Dusclops, F|100/100
|switch|p2a: Meganium|Meganium, F|100/100
|-ability|p1a: Dusclops|Pressure
|turn|1
|
|t:|1743863517
|move|p2a: Meganium|Frenzy Plant|p1a: Dusclops
|-damage|p1a: Dusclops|57/100
|-mustrecharge|p2a: Meganium
|move|p1a: Dusclops|Trick Room|p1a: Dusclops
|-fieldstart|move: Trick Room|[of] p1a: Dusclops
|
|upkeep
|turn|2
|
|t:|1743863524
|switch|p1a: Ursaluna|Ursaluna, M|100/100
|cant|p2a: Meganium|recharge
|
|-status|p1a: Ursaluna|brn|[from] item: Flame Orb
|upkeep
|turn|3
|
|t:|1743863542
|move|p1a: Ursaluna|Facade|p2a: Meganium
|-damage|p2a: Meganium|0 fnt
|faint|p2a: Meganium
|
|-damage|p1a: Ursaluna|94/100 brn|[from] brn
|upkeep
|
|t:|1743863551
|switch|p2a: Copperajah|Copperajah, M|100/100
|turn|4
|
|t:|1743863556
|switch|p2a: Breloom|Breloom, M|100/100
|move|p1a: Ursaluna|Headlong Rush|p2a: Breloom
|-resisted|p2a: Breloom
|-damage|p2a: Breloom|33/100
|-unboost|p1a: Ursaluna|def|1
|-unboost|p1a: Ursaluna|spd|1
|
|-heal|p2a: Breloom|39/100|[from] item: Leftovers
|-damage|p1a: Ursaluna|88/100 brn|[from] brn
|upkeep
|turn|5
|
|t:|1743863566
|switch|p2a: Copperajah|Copperajah, M|100/100
|move|p1a: Ursaluna|Headlong Rush|p2a: Copperajah
|-supereffective|p2a: Copperajah
|-damage|p2a: Copperajah|0 fnt
|-unboost|p1a: Ursaluna|def|1
|-unboost|p1a: Ursaluna|spd|1
|faint|p2a: Copperajah
|
|-damage|p1a: Ursaluna|82/100 brn|[from] brn
|-fieldend|move: Trick Room
|upkeep
|
|t:|1743863574
|switch|p2a: Dudunsparce|Dudunsparce-Three-Segment, M|100/100
|turn|6
|
|t:|1743863581
|move|p2a: Dudunsparce|Boomburst|p1a: Ursaluna
|-damage|p1a: Ursaluna|0 fnt
|faint|p1a: Ursaluna
|-enditem|p2a: Dudunsparce|Throat Spray
|-boost|p2a: Dudunsparce|spa|1|[from] item: Throat Spray
|
|upkeep
|
|t:|1743863595
|switch|p1a: Dragapult|Dragapult, M|100/100
|turn|7
|
|t:|1743863600
|move|p1a: Dragapult|Dragon Darts|p2a: Dudunsparce
|-damage|p2a: Dudunsparce|69/100
|-anim|p1a: Dragapult|Dragon Darts|p2a: Dudunsparce
|-damage|p2a: Dudunsparce|34/100
|-damage|p1a: Dragapult|91/100|[from] item: Life Orb
|move|p2a: Dudunsparce|Ice Beam|p1a: Dragapult
|-supereffective|p1a: Dragapult
|-damage|p1a: Dragapult|0 fnt
|faint|p1a: Dragapult
|
|upkeep
|
|t:|1743863614
|switch|p1a: Iron Moth|Iron Moth|100/100
|-enditem|p1a: Iron Moth|Booster Energy
|-activate|p1a: Iron Moth|ability: Quark Drive|[fromitem]
|-start|p1a: Iron Moth|quarkdrivespe
|turn|8
|
|t:|1743863620
|move|p1a: Iron Moth|Fiery Dance|p2a: Dudunsparce
|-damage|p2a: Dudunsparce|0 fnt
|faint|p2a: Dudunsparce
|
|upkeep
|
|t:|1743863631
|switch|p2a: Komala|Komala, M|100/100
|-ability|p2a: Komala|Comatose
|turn|9
|
|t:|1743863642
|move|p1a: Iron Moth|Fiery Dance|p2a: Komala
|-damage|p2a: Komala|58/100
|move|p2a: Komala|Double-Edge|p1a: Iron Moth
|-damage|p1a: Iron Moth|6/100
|-damage|p2a: Komala|30/100|[from] Recoil
|-enditem|p2a: Komala|Sitrus Berry|[eat]
|-heal|p2a: Komala|55/100|[from] item: Sitrus Berry
|
|upkeep
|turn|10
|
|t:|1743863650
|move|p2a: Komala|Sucker Punch|p1a: Iron Moth
|-damage|p1a: Iron Moth|0 fnt
|faint|p1a: Iron Moth
|-end|p1a: Iron Moth|Quark Drive|[silent]
|
|upkeep
|
|t:|1743863655
|switch|p1a: Dusclops|Dusclops, F|57/100
|-ability|p1a: Dusclops|Pressure
|turn|11
|
|t:|1743863659
|move|p2a: Komala|Bulk Up|p2a: Komala
|-boost|p2a: Komala|atk|1
|-boost|p2a: Komala|def|1
|move|p1a: Dusclops|Trick Room|p1a: Dusclops
|-fieldstart|move: Trick Room|[of] p1a: Dusclops
|
|upkeep
|turn|12
|
|t:|1743863668
|move|p1a: Dusclops|Taunt|p2a: Komala
|-start|p2a: Komala|move: Taunt
|cant|p2a: Komala|move: Taunt|Bulk Up
|
|upkeep
|turn|13
|
|t:|1743863672
|move|p1a: Dusclops|Will-O-Wisp|p2a: Komala
|-immune|p2a: Komala|[from] ability: Comatose
|move|p2a: Komala|Acrobatics|p1a: Dusclops
|-damage|p1a: Dusclops|22/100
|
|upkeep
|turn|14
|
|t:|1743863681
|switch|p1a: Sylveon|Sylveon, M|100/100
|move|p2a: Komala|Acrobatics|p1a: Sylveon
|-damage|p1a: Sylveon|13/100
|
|-end|p2a: Komala|move: Taunt
|upkeep
|turn|15
|
|t:|1743863688
|move|p2a: Komala|Sucker Punch|p1a: Sylveon
|-resisted|p1a: Sylveon
|-damage|p1a: Sylveon|0 fnt
|faint|p1a: Sylveon
|
|-fieldend|move: Trick Room
|upkeep
|
|t:|1743863693
|switch|p1a: Umbreon|Umbreon, M|100/100
|turn|16
|
|t:|1743863696
|move|p2a: Komala|Bulk Up|p2a: Komala
|-boost|p2a: Komala|atk|1
|-boost|p2a: Komala|def|1
|move|p1a: Umbreon|Foul Play|p2a: Komala
|-damage|p2a: Komala|0 fnt
|faint|p2a: Komala
|
|upkeep
|
|t:|1743863701
|switch|p2a: Breloom|Breloom, M|39/100
|turn|17
|
|t:|1743863705
|move|p2a: Breloom|Leech Seed|p1a: Umbreon
|-start|p1a: Umbreon|move: Leech Seed
|move|p1a: Umbreon|Foul Play|p2a: Breloom
|-resisted|p2a: Breloom
|-damage|p2a: Breloom|11/100
|
|-heal|p2a: Breloom|17/100|[from] item: Leftovers
|-damage|p1a: Umbreon|88/100|[from] Leech Seed|[of] p2a: Breloom
|-heal|p2a: Breloom|33/100|[silent]
|upkeep
|turn|18
|
|t:|1743863715
|move|p2a: Breloom|Rock Tomb|p1a: Umbreon
|-damage|p1a: Umbreon|75/100
|-unboost|p1a: Umbreon|spe|1
|move|p1a: Umbreon|Foul Play|p2a: Breloom
|-resisted|p2a: Breloom
|-damage|p2a: Breloom|8/100
|
|-heal|p2a: Breloom|14/100|[from] item: Leftovers
|-heal|p1a: Umbreon|81/100|[from] item: Leftovers
|-damage|p1a: Umbreon|69/100|[from] Leech Seed|[of] p2a: Breloom
|-heal|p2a: Breloom|29/100|[silent]
|upkeep
|turn|19
|
|t:|1743863728
|move|p2a: Breloom|Substitute|p2a: Breloom
|-start|p2a: Breloom|Substitute
|-damage|p2a: Breloom|4/100
|move|p1a: Umbreon|Wish|p1a: Umbreon
|
|-heal|p2a: Breloom|10/100|[from] item: Leftovers
|-heal|p1a: Umbreon|75/100|[from] item: Leftovers
|-damage|p1a: Umbreon|62/100|[from] Leech Seed|[of] p2a: Breloom
|-heal|p2a: Breloom|25/100|[silent]
|upkeep
|turn|20
|
|t:|1743863737
|-singleturn|p2a: Breloom|move: Focus Punch
|move|p1a: Umbreon|Foul Play|p2a: Breloom
|-resisted|p2a: Breloom
|-end|p2a: Breloom|Substitute
|move|p2a: Breloom|Focus Punch|p1a: Umbreon
|-supereffective|p1a: Umbreon
|-damage|p1a: Umbreon|0 fnt
|faint|p1a: Umbreon
|
|-heal|p2a: Breloom|31/100|[from] item: Leftovers
|upkeep
|
|t:|1743863747
|switch|p1a: Dusclops|Dusclops, F|22/100
|-ability|p1a: Dusclops|Pressure
|turn|21
|
|t:|1743863752
|move|p2a: Breloom|Leech Seed|p1a: Dusclops
|-start|p1a: Dusclops|move: Leech Seed
|move|p1a: Dusclops|Trick Room|p1a: Dusclops
|-fieldstart|move: Trick Room|[of] p1a: Dusclops
|
|-heal|p2a: Breloom|38/100|[from] item: Leftovers
|-damage|p1a: Dusclops|9/100|[from] Leech Seed|[of] p2a: Breloom
|-heal|p2a: Breloom|48/100|[silent]
|upkeep
|turn|22
|-message|DioLurido22 forfeited.
|
|win|Glubabal
|raw|DioLurido22's rating: 1076 &rarr; <strong>1054</strong><br />(-22 for losing)
|raw|Glubabal's rating: 1067 &rarr; <strong>1098</strong><br />(+31 for winning)
|l|☆DioLurido22
|player|p1|
|l|☆Glubabal
|player|p2|
