|j|☆moosemooseman
|j|☆EndlessDark9
|t:|1743825621
|gametype|singles
|player|p1|moosemooseman|swimmer-gen4|1378
|player|p2|EndlessDark9|iono|1444
|teamsize|p1|6
|teamsize|p2|6
|gen|9
|tier|[Gen 9] OU
|rated|
|rule|HP Percentage Mod: HP is shown in percentages
|rule|Endless Battle Clause: Forcing endless battles is banned
|rule|Species Clause: Limit one of each Pokémon
|rule|OHKO Clause: OHKO moves are banned
|rule|Evasion Items Clause: Evasion items are banned
|rule|Evasion Moves Clause: Evasion moves are banned
|rule|Sleep Moves Clause: Sleep-inducing moves are banned
|clearpoke
|poke|p1|Gliscor, M|
|poke|p1|Garganacl, F|
|poke|p1|Samurott-Hisui, M|
|poke|p1|Sinistcha-Masterpiece|
|poke|p1|Moltres|
|poke|p1|Great Tusk|
|poke|p2|Ting-Lu|
|poke|p2|Pecharunt|
|poke|p2|Great Tusk|
|poke|p2|Ogerpon-Wellspring, F|
|poke|p2|Raging Bolt|
|poke|p2|Gholdengo|
|teampreview
|inactive|Battle timer is ON: inactive players will automatically lose when time's up. (requested by EndlessDark9)
|
|t:|1743825640
|start
|switch|p1a: Samurott|Samurott-Hisui, M|100/100
|switch|p2a: Pecharunt|Pecharunt|100/100
|turn|1
|
|t:|1743825645
|move|p2a: Pecharunt|Malignant Chain|p1a: Samurott
|-damage|p1a: Samurott|72/100
|move|p1a: Samurott|Ceaseless Edge|p2a: Pecharunt
|-supereffective|p2a: Pecharunt
|-damage|p2a: Pecharunt|38/100
|-sidestart|p2: EndlessDark9|Spikes
|
|upkeep
|turn|2
|
|t:|1743825653
|move|p2a: Pecharunt|Parting Shot|p1a: Samurott
|-unboost|p1a: Samurott|atk|1
|-unboost|p1a: Samurott|spa|1
|
|t:|1743825661
|switch|p2a: Great Tusk|Great Tusk|100/100|[from] Parting Shot
|move|p1a: Samurott|Ceaseless Edge|p2a: Great Tusk
|-resisted|p2a: Great Tusk
|-damage|p2a: Great Tusk|88/100
|-sidestart|p2: EndlessDark9|Spikes
|
|upkeep
|turn|3
|
|t:|1743825667
|switch|p1a: Sinistcha|Sinistcha-Masterpiece|100/100
|move|p2a: Great Tusk|Stealth Rock|p1a: Sinistcha
|-sidestart|p1: moosemooseman|move: Stealth Rock
|
|upkeep
|turn|4
|inactive|EndlessDark9 has 120 seconds left.
|
|t:|1743825714
|-end|p2a: Great Tusk|Protosynthesis|[silent]
|switch|p2a: Raging Bolt|Raging Bolt|100/100
|move|p1a: Sinistcha|Calm Mind|p1a: Sinistcha
|-boost|p1a: Sinistcha|spa|1
|-boost|p1a: Sinistcha|spd|1
|
|upkeep
|turn|5
|
|t:|1743825723
|move|p2a: Raging Bolt|Taunt|p1a: Sinistcha
|-start|p1a: Sinistcha|move: Taunt
|cant|p1a: Sinistcha|move: Taunt|Calm Mind
|
|upkeep
|turn|6
|
|t:|1743825739
|move|p2a: Raging Bolt|Draco Meteor|p1a: Sinistcha
|-damage|p1a: Sinistcha|34/100
|-unboost|p2a: Raging Bolt|spa|2
|move|p1a: Sinistcha|Shadow Ball|p2a: Raging Bolt
|-damage|p2a: Raging Bolt|56/100
|
|-heal|p1a: Sinistcha|40/100|[from] item: Leftovers
|upkeep
|turn|7
|
|t:|1743825754
|move|p2a: Raging Bolt|Volt Switch|p1a: Sinistcha
|-resisted|p1a: Sinistcha
|-damage|p1a: Sinistcha|32/100
|
|t:|1743825766
|-end|p2a: Raging Bolt|Protosynthesis|[silent]
|switch|p2a: Ting-Lu|Ting-Lu|100/100|[from] Volt Switch
|-damage|p2a: Ting-Lu|84/100|[from] Spikes
|-ability|p2a: Ting-Lu|Vessel of Ruin
|move|p1a: Sinistcha|Matcha Gotcha|p2a: Ting-Lu|[miss]
|-miss|p1a: Sinistcha|p2a: Ting-Lu
|
|-heal|p1a: Sinistcha|38/100|[from] item: Leftovers
|-heal|p2a: Ting-Lu|90/100|[from] item: Leftovers
|-end|p1a: Sinistcha|move: Taunt
|upkeep
|turn|8
|
|t:|1743825779
|-terastallize|p2a: Ting-Lu|Poison
|move|p1a: Sinistcha|Matcha Gotcha|p2a: Ting-Lu
|-resisted|p2a: Ting-Lu
|-damage|p2a: Ting-Lu|80/100
|-heal|p1a: Sinistcha|46/100|[from] drain|[of] p2a: Ting-Lu
|move|p2a: Ting-Lu|Spikes|p1a: Sinistcha
|-sidestart|p1: moosemooseman|Spikes
|
|-heal|p1a: Sinistcha|52/100|[from] item: Leftovers
|-heal|p2a: Ting-Lu|86/100|[from] item: Leftovers
|upkeep
|turn|9
|
|t:|1743825790
|move|p1a: Sinistcha|Calm Mind|p1a: Sinistcha
|-boost|p1a: Sinistcha|spa|1
|-boost|p1a: Sinistcha|spd|1
|move|p2a: Ting-Lu|Spikes|p1a: Sinistcha
|-sidestart|p1: moosemooseman|Spikes
|
|-heal|p1a: Sinistcha|58/100|[from] item: Leftovers
|-heal|p2a: Ting-Lu|93/100|[from] item: Leftovers
|upkeep
|turn|10
|
|t:|1743825795
|move|p1a: Sinistcha|Shadow Ball|p2a: Ting-Lu
|-damage|p2a: Ting-Lu|68/100
|move|p2a: Ting-Lu|Whirlwind|p1a: Sinistcha
|drag|p1a: Great Tusk|Great Tusk|100/100
|-damage|p1a: Great Tusk|98/100|[from] Stealth Rock
|-damage|p1a: Great Tusk|81/100|[from] Spikes
|
|-heal|p2a: Ting-Lu|74/100|[from] item: Leftovers
|upkeep
|turn|11
|
|t:|1743825801
|switch|p2a: Gholdengo|Gholdengo|100/100
|-item|p2a: Gholdengo|Air Balloon
|move|p1a: Great Tusk|Rapid Spin|p2a: Gholdengo
|-immune|p2a: Gholdengo
|
|upkeep
|turn|12
|
|t:|1743825810
|move|p1a: Great Tusk|Knock Off|p2a: Gholdengo
|-supereffective|p2a: Gholdengo
|-damage|p2a: Gholdengo|38/100
|-enditem|p2a: Gholdengo|Air Balloon
|move|p2a: Gholdengo|Make It Rain|p1a: Great Tusk
|-damage|p1a: Great Tusk|0 fnt
|-unboost|p2a: Gholdengo|spa|1
|faint|p1a: Great Tusk
|-end|p1a: Great Tusk|Protosynthesis|[silent]
|
|upkeep
|
|t:|1743825831
|switch|p1a: Gliscor|Gliscor, M|100/100
|-damage|p1a: Gliscor|88/100|[from] Stealth Rock
|turn|13
|inactive|EndlessDark9 has 120 seconds left.
|
|t:|1743825860
|switch|p2a: Ogerpon|Ogerpon-Wellspring, F|100/100
|-damage|p2a: Ogerpon|84/100|[from] Spikes
|move|p1a: Gliscor|Earthquake|p2a: Ogerpon
|-resisted|p2a: Ogerpon
|-damage|p2a: Ogerpon|62/100
|
|-status|p1a: Gliscor|tox|[from] item: Toxic Orb
|upkeep
|turn|14
|
|t:|1743825870
|switch|p1a: Sinistcha|Sinistcha-Masterpiece|58/100
|-damage|p1a: Sinistcha|45/100|[from] Stealth Rock
|-damage|p1a: Sinistcha|29/100|[from] Spikes
|move|p2a: Ogerpon|Ivy Cudgel|p1a: Sinistcha|[anim] Ivy Cudgel Water
|-resisted|p1a: Sinistcha
|-crit|p1a: Sinistcha
|-damage|p1a: Sinistcha|0 fnt
|faint|p1a: Sinistcha
|
|upkeep
|
|t:|1743825878
|switch|p1a: Samurott|Samurott-Hisui, M|72/100
|-damage|p1a: Samurott|60/100|[from] Stealth Rock
|-damage|p1a: Samurott|44/100|[from] Spikes
|turn|15
|inactive|EndlessDark9 has 120 seconds left.
|
|t:|1743825883
|move|p2a: Ogerpon|Horn Leech|p1a: Samurott
|-supereffective|p1a: Samurott
|-damage|p1a: Samurott|0 fnt
|-heal|p2a: Ogerpon|88/100|[from] drain|[of] p1a: Samurott
|faint|p1a: Samurott
|
|upkeep
|-message|moosemooseman forfeited.
|
|win|EndlessDark9
|raw|moosemooseman's rating: 1378 &rarr; <strong>1362</strong><br />(-16 for losing)
|raw|EndlessDark9's rating: 1444 &rarr; <strong>1460</strong><br />(+16 for winning)
|l|☆moosemooseman
|player|p1|
|l|☆EndlessDark9
|player|p2|
