|j|☆TrainerTheodore
|j|☆goobler34
|t:|1743875304
|gametype|singles
|player|p1|TrainerTheodore|n|1343
|player|p2|goobler34|petrel|1307
|teamsize|p1|6
|teamsize|p2|6
|gen|9
|tier|[Gen 9] OU
|rated|
|rule|HP Percentage Mod: HP is shown in percentages
|rule|Endless Battle Clause: Forcing endless battles is banned
|rule|Species Clause: Limit one of each Pokémon
|rule|OHKO Clause: OHKO moves are banned
|rule|Evasion Items Clause: Evasion items are banned
|rule|Evasion Moves Clause: Evasion moves are banned
|rule|Sleep Moves Clause: Sleep-inducing moves are banned
|clearpoke
|poke|p1|Iron Moth|
|poke|p1|Raging Bolt|
|poke|p1|Great Tusk|
|poke|p1|Gholdengo|
|poke|p1|Darkrai|
|poke|p1|Araquanid, F|
|poke|p2|Cinderace, F|
|poke|p2|Araquanid, F|
|poke|p2|Malamar, M|
|poke|p2|Sinistcha|
|poke|p2|Bisharp, F|
|poke|p2|Klefki, F|
|teampreview
|inactive|Battle timer is ON: inactive players will automatically lose when time's up. (requested by TrainerTheodore)
|
|t:|1743875344
|start
|switch|p1a: Araquanid|Araquanid, F|100/100
|switch|p2a: Araquanid|Araquanid, F|100/100
|turn|1
|
|t:|1743875348
|move|p2a: Araquanid|Sticky Web|p1a: Araquanid
|-sidestart|p1: TrainerTheodore|move: Sticky Web
|move|p1a: Araquanid|Sticky Web|p2a: Araquanid
|-sidestart|p2: goobler34|move: Sticky Web
|
|upkeep
|turn|2
|c|☆goobler34|fair start
|c|☆goobler34|glhf
|
|t:|1743875355
|move|p1a: Araquanid|Lunge|p2a: Araquanid
|-damage|p2a: Araquanid|70/100
|-unboost|p2a: Araquanid|atk|1
|move|p2a: Araquanid|Liquidation|p1a: Araquanid
|-resisted|p1a: Araquanid
|-damage|p1a: Araquanid|85/100
|
|upkeep
|turn|3
|c|☆TrainerTheodore|glhf
|
|t:|1743875363
|switch|p2a: Bisharp|Bisharp, F|100/100
|-activate|p2a: Bisharp|move: Sticky Web
|-unboost|p2a: Bisharp|spe|1
|-ability|p2a: Bisharp|Defiant|boost
|-boost|p2a: Bisharp|atk|2
|move|p1a: Araquanid|Lunge|p2a: Bisharp
|-damage|p2a: Bisharp|80/100
|-unboost|p2a: Bisharp|atk|1
|-ability|p2a: Bisharp|Defiant|boost
|-boost|p2a: Bisharp|atk|2
|
|upkeep
|turn|4
|
|t:|1743875369
|move|p2a: Bisharp|Throat Chop|p1a: Araquanid
|-damage|p1a: Araquanid|0 fnt
|faint|p1a: Araquanid
|
|upkeep
|
|t:|1743875375
|switch|p1a: Darkrai|Darkrai|100/100
|turn|5
|
|t:|1743875382
|move|p2a: Bisharp|Sucker Punch|p1a: Darkrai
|-resisted|p1a: Darkrai
|-damage|p1a: Darkrai|38/100
|move|p1a: Darkrai|Focus Blast|p2a: Bisharp
|-supereffective|p2a: Bisharp
|-damage|p2a: Bisharp|0 fnt
|faint|p2a: Bisharp
|
|upkeep
|
|t:|1743875385
|switch|p2a: Malamar|Malamar, M|100/100
|-activate|p2a: Malamar|move: Sticky Web
|-boost|p2a: Malamar|spe|1
|turn|6
|
|t:|1743875390
|-terastallize|p2a: Malamar|Fighting
|move|p1a: Darkrai|Dark Pulse|p2a: Malamar
|-resisted|p2a: Malamar
|-damage|p2a: Malamar|69/100
|move|p2a: Malamar|Superpower|p1a: Darkrai
|-supereffective|p1a: Darkrai
|-damage|p1a: Darkrai|0 fnt
|-boost|p2a: Malamar|atk|1
|-boost|p2a: Malamar|def|1
|faint|p1a: Darkrai
|
|upkeep
|
|t:|1743875397
|switch|p1a: Gholdengo|Gholdengo|100/100
|-item|p1a: Gholdengo|Air Balloon
|turn|7
|
|t:|1743875400
|move|p2a: Malamar|Knock Off|p1a: Gholdengo
|-supereffective|p1a: Gholdengo
|-damage|p1a: Gholdengo|0 fnt
|-enditem|p1a: Gholdengo|Air Balloon
|faint|p1a: Gholdengo
|
|upkeep
|
|t:|1743875407
|switch|p1a: Iron Moth|Iron Moth|100/100
|-activate|p1a: Iron Moth|move: Sticky Web
|-unboost|p1a: Iron Moth|spe|1
|-enditem|p1a: Iron Moth|Booster Energy
|-activate|p1a: Iron Moth|ability: Quark Drive|[fromitem]
|-start|p1a: Iron Moth|quarkdrivespa
|turn|8
|
|t:|1743875413
|switch|p2a: Araquanid|Araquanid, F|70/100
|-activate|p2a: Araquanid|move: Sticky Web
|-unboost|p2a: Araquanid|spe|1
|move|p1a: Iron Moth|Sludge Wave|p2a: Araquanid
|-damage|p2a: Araquanid|20/100
|
|upkeep
|turn|9
|-enditem|p2a: Araquanid|Custap Berry|[eat]
|-activate|p2a: Araquanid|item: Custap Berry|[consumed]
|
|t:|1743875421
|-terastallize|p1a: Iron Moth|Flying
|move|p2a: Araquanid|Endeavor|p1a: Iron Moth
|-damage|p1a: Iron Moth|22/100
|move|p1a: Iron Moth|Agility|p1a: Iron Moth
|-boost|p1a: Iron Moth|spe|2
|
|upkeep
|turn|10
|
|t:|1743875431
|move|p1a: Iron Moth|Sludge Wave|p2a: Araquanid
|-damage|p2a: Araquanid|0 fnt
|faint|p2a: Araquanid
|
|upkeep
|
|t:|1743875433
|switch|p2a: Klefki|Klefki, F|100/100
|-activate|p2a: Klefki|move: Sticky Web
|-unboost|p2a: Klefki|spe|1
|turn|11
|
|t:|1743875438
|move|p2a: Klefki|Switcheroo|p1a: Iron Moth
|-activate|p2a: Klefki|move: Trick|[of] p1a: Iron Moth
|-item|p1a: Iron Moth|Lagging Tail|[from] move: Switcheroo
|-enditem|p2a: Klefki|Lagging Tail|[silent]|[from] move: Switcheroo
|move|p1a: Iron Moth|Fiery Dance|p2a: Klefki
|-supereffective|p2a: Klefki
|-damage|p2a: Klefki|0 fnt
|-boost|p1a: Iron Moth|spa|1
|faint|p2a: Klefki
|
|upkeep
|
|t:|1743875444
|switch|p2a: Malamar|Malamar, M, tera:Fighting|69/100
|-activate|p2a: Malamar|move: Sticky Web
|-boost|p2a: Malamar|spe|1
|turn|12
|
|t:|1743875450
|move|p2a: Malamar|Superpower|p1a: Iron Moth
|-resisted|p1a: Iron Moth
|-damage|p1a: Iron Moth|0 fnt
|-boost|p2a: Malamar|atk|1
|-boost|p2a: Malamar|def|1
|faint|p1a: Iron Moth
|-end|p1a: Iron Moth|Quark Drive|[silent]
|
|upkeep
|
|t:|1743875454
|switch|p1a: Raging Bolt|Raging Bolt|100/100
|-activate|p1a: Raging Bolt|move: Sticky Web
|-unboost|p1a: Raging Bolt|spe|1
|-enditem|p1a: Raging Bolt|Booster Energy
|-activate|p1a: Raging Bolt|ability: Protosynthesis|[fromitem]
|-start|p1a: Raging Bolt|protosynthesisspa
|turn|13
|
|t:|1743875461
|move|p2a: Malamar|Rest|p2a: Malamar
|-status|p2a: Malamar|slp|[from] move: Rest
|-heal|p2a: Malamar|100/100 slp|[silent]
|-enditem|p2a: Malamar|Chesto Berry|[eat]
|-curestatus|p2a: Malamar|slp|[msg]
|move|p1a: Raging Bolt|Calm Mind|p1a: Raging Bolt
|-boost|p1a: Raging Bolt|spa|1
|-boost|p1a: Raging Bolt|spd|1
|
|upkeep
|turn|14
|
|t:|1743875468
|move|p1a: Raging Bolt|Thunderclap||[still]
|-fail|p1a: Raging Bolt
|move|p2a: Malamar|Topsy-Turvy|p1a: Raging Bolt
|-invertboost|p1a: Raging Bolt|[from] move: Topsy-Turvy
|
|upkeep
|turn|15
|
|t:|1743875472
|move|p1a: Raging Bolt|Thunderbolt|p2a: Malamar
|-damage|p2a: Malamar|45/100
|move|p2a: Malamar|Superpower|p1a: Raging Bolt
|-damage|p1a: Raging Bolt|26/100
|-boost|p2a: Malamar|atk|1
|-boost|p2a: Malamar|def|1
|
|upkeep
|turn|16
|c|☆goobler34|even with minus 1.
|c|☆goobler34|bolt so lame
|
|t:|1743875490
|move|p1a: Raging Bolt|Thunderclap|p2a: Malamar
|-damage|p2a: Malamar|3/100
|move|p2a: Malamar|Superpower|p1a: Raging Bolt
|-damage|p1a: Raging Bolt|0 fnt
|-boost|p2a: Malamar|atk|1
|-boost|p2a: Malamar|def|1
|faint|p1a: Raging Bolt
|-end|p1a: Raging Bolt|Protosynthesis|[silent]
|
|upkeep
|
|t:|1743875495
|switch|p1a: Great Tusk|Great Tusk|100/100
|-activate|p1a: Great Tusk|move: Sticky Web
|-unboost|p1a: Great Tusk|spe|1
|-enditem|p1a: Great Tusk|Booster Energy
|-activate|p1a: Great Tusk|ability: Protosynthesis|[fromitem]
|-start|p1a: Great Tusk|protosynthesisatk
|turn|17
|
|t:|1743875499
|move|p2a: Malamar|Superpower|p1a: Great Tusk
|-damage|p1a: Great Tusk|0 fnt
|-boost|p2a: Malamar|atk|1
|-boost|p2a: Malamar|def|1
|faint|p1a: Great Tusk
|-end|p1a: Great Tusk|Protosynthesis|[silent]
|
|win|goobler34
|raw|TrainerTheodore's rating: 1343 &rarr; <strong>1321</strong><br />(-22 for losing)
|raw|goobler34's rating: 1307 &rarr; <strong>1329</strong><br />(+22 for winning)
|l|☆goobler34
|player|p2|
|c|☆TrainerTheodore|gg
|l|☆TrainerTheodore
|player|p1|
