|j|☆o magoooo
|j|☆2(H2O)-Alt
|t:|1743850018
|gametype|singles
|player|p1|o magoooo|will|1736
|player|p2|2(H2O)-Alt|chase|1836
|teamsize|p1|6
|teamsize|p2|6
|gen|9
|tier|[Gen 9] OU
|rated|
|rule|HP Percentage Mod: HP is shown in percentages
|rule|Endless Battle Clause: Forcing endless battles is banned
|rule|Species Clause: Limit one of each Pokémon
|rule|OHKO Clause: OHKO moves are banned
|rule|Evasion Items Clause: Evasion items are banned
|rule|Evasion Moves Clause: Evasion moves are banned
|rule|Sleep Moves Clause: Sleep-inducing moves are banned
|clearpoke
|poke|p1|Iron Crown|
|poke|p1|Iron Valiant|
|poke|p1|Moltres|
|poke|p1|Ting-Lu|
|poke|p1|Tornadus-Therian, M|
|poke|p1|Kingambit, M|
|poke|p2|Cinderace, M|
|poke|p2|Kyurem|
|poke|p2|Kingambit, M|
|poke|p2|Darkrai|
|poke|p2|Alomomola, M|
|poke|p2|Iron Valiant|
|teampreview
|inactive|Battle timer is ON: inactive players will automatically lose when time's up. (requested by o magoooo)
|c|☆2(H2O)-Alt|Hf big bro
|
|t:|1743850044
|start
|switch|p1a: AIRCRAFT|Tornadus-Therian, M|100/100
|switch|p2a: Alomomola|Alomomola, M|100/100
|turn|1
|c|☆o magoooo|Hf
|
|t:|1743850054
|switch|p2a: Iron Valiant|Iron Valiant|100/100
|-enditem|p2a: Iron Valiant|Booster Energy
|-activate|p2a: Iron Valiant|ability: Quark Drive|[fromitem]
|-start|p2a: Iron Valiant|quarkdrivespe
|move|p1a: AIRCRAFT|Knock Off|p2a: Iron Valiant
|-resisted|p2a: Iron Valiant
|-damage|p2a: Iron Valiant|97/100
|
|upkeep
|turn|2
|
|t:|1743850059
|move|p2a: Iron Valiant|Destiny Bond|p2a: Iron Valiant
|-singlemove|p2a: Iron Valiant|Destiny Bond
|move|p1a: AIRCRAFT|U-turn|p2a: Iron Valiant
|-resisted|p2a: Iron Valiant
|-damage|p2a: Iron Valiant|92/100
|
|t:|1743850074
|switch|p1a: PROMINENCE|Moltres|100/100|[from] U-turn
|
|upkeep
|turn|3
|
|t:|1743850085
|-end|p2a: Iron Valiant|Quark Drive|[silent]
|switch|p2a: Alomomola|Alomomola, M|100/100
|move|p1a: PROMINENCE|Flamethrower|p2a: Alomomola
|-resisted|p2a: Alomomola
|-damage|p2a: Alomomola|91/100
|
|upkeep
|turn|4
|
|t:|1743850091
|move|p1a: PROMINENCE|U-turn|p2a: Alomomola
|-damage|p2a: Alomomola|82/100
|
|t:|1743850093
|switch|p1a: AIRCRAFT|Tornadus-Therian, M|100/100|[from] U-turn
|move|p2a: Alomomola|Flip Turn|p1a: AIRCRAFT
|-damage|p1a: AIRCRAFT|81/100
|inactive|2(H2O)-Alt has 120 seconds left.
|
|t:|1743850125
|switch|p2a: Kyurem|Kyurem|100/100|[from] Flip Turn
|-ability|p2a: Kyurem|Pressure
|
|upkeep
|turn|5
|
|t:|1743850133
|move|p1a: AIRCRAFT|Knock Off|p2a: Kyurem
|-damage|p2a: Kyurem|83/100
|-enditem|p2a: Kyurem|Loaded Dice|[from] move: Knock Off|[of] p1a: AIRCRAFT
|move|p2a: Kyurem|Icicle Spear|p1a: AIRCRAFT
|-supereffective|p1a: AIRCRAFT
|-damage|p1a: AIRCRAFT|47/100
|-supereffective|p1a: AIRCRAFT
|-damage|p1a: AIRCRAFT|15/100
|-supereffective|p1a: AIRCRAFT
|-damage|p1a: AIRCRAFT|0 fnt
|faint|p1a: AIRCRAFT
|-hitcount|p1: AIRCRAFT|3
|
|upkeep
|
|t:|1743850143
|switch|p1a: STARK|Iron Crown|100/100
|turn|6
|
|t:|1743850146
|switch|p2a: Alomomola|Alomomola, M|100/100
|move|p1a: STARK|Volt Switch|p2a: Alomomola
|-supereffective|p2a: Alomomola
|-damage|p2a: Alomomola|75/100
|
|t:|1743850148
|-end|p1a: STARK|Quark Drive|[silent]
|switch|p1a: MONTANHA|Ting-Lu|100/100|[from] Volt Switch
|-ability|p1a: MONTANHA|Vessel of Ruin
|
|upkeep
|turn|7
|
|t:|1743850155
|move|p2a: Alomomola|Scald|p1a: MONTANHA
|-supereffective|p1a: MONTANHA
|-damage|p1a: MONTANHA|90/100
|move|p1a: MONTANHA|Stealth Rock|p2a: Alomomola
|-sidestart|p2: 2(H2O)-Alt|move: Stealth Rock
|
|-heal|p1a: MONTANHA|96/100|[from] item: Leftovers
|upkeep
|turn|8
|
|t:|1743850160
|switch|p1a: SHION|Iron Valiant|100/100
|move|p2a: Alomomola|Scald|p1a: SHION
|-damage|p1a: SHION|77/100
|
|upkeep
|turn|9
|
|t:|1743850167
|move|p1a: SHION|Moonblast|p2a: Alomomola
|-damage|p2a: Alomomola|39/100
|move|p2a: Alomomola|Flip Turn|p1a: SHION
|-damage|p1a: SHION|56/100
|
|t:|1743850173
|switch|p2a: Cinderace|Cinderace, M|100/100|[from] Flip Turn
|
|upkeep
|turn|10
|
|t:|1743850185
|-end|p1a: SHION|Quark Drive|[silent]
|switch|p1a: PROMINENCE|Moltres|100/100
|move|p2a: Cinderace|Pyro Ball|p1a: PROMINENCE
|-resisted|p1a: PROMINENCE
|-damage|p1a: PROMINENCE|78/100
|
|upkeep
|turn|11
|
|t:|1743850190
|move|p2a: Cinderace|Court Change|p2a: Cinderace
|-swapsideconditions
|-activate|p2a: Cinderace|move: Court Change
|move|p1a: PROMINENCE|Flamethrower|p2a: Cinderace
|-resisted|p2a: Cinderace
|-damage|p2a: Cinderace|72/100
|
|upkeep
|turn|12
|
|t:|1743850194
|move|p2a: Cinderace|U-turn|p1a: PROMINENCE
|-resisted|p1a: PROMINENCE
|-damage|p1a: PROMINENCE|74/100
|
|t:|1743850197
|switch|p2a: Alomomola|Alomomola, M|73/100|[from] U-turn
|move|p1a: PROMINENCE|U-turn|p2a: Alomomola
|-damage|p2a: Alomomola|64/100
|
|t:|1743850200
|switch|p1a: MONTANHA|Ting-Lu|96/100|[from] U-turn
|-damage|p1a: MONTANHA|90/100|[from] Stealth Rock
|-ability|p1a: MONTANHA|Vessel of Ruin
|
|-heal|p1a: MONTANHA|96/100|[from] item: Leftovers
|upkeep
|turn|13
|
|t:|1743850204
|move|p2a: Alomomola|Scald|p1a: MONTANHA
|-supereffective|p1a: MONTANHA
|-damage|p1a: MONTANHA|84/100
|-status|p1a: MONTANHA|brn
|move|p1a: MONTANHA|Stealth Rock|p2a: Alomomola
|-sidestart|p2: 2(H2O)-Alt|move: Stealth Rock
|
|-heal|p1a: MONTANHA|90/100 brn|[from] item: Leftovers
|-damage|p1a: MONTANHA|84/100 brn|[from] brn
|upkeep
|turn|14
|
|t:|1743850210
|move|p2a: Alomomola|Flip Turn|p1a: MONTANHA
|-supereffective|p1a: MONTANHA
|-damage|p1a: MONTANHA|67/100 brn
|j| typhlosi
|
|t:|1743850213
|switch|p2a: Iron Valiant|Iron Valiant|92/100|[from] Flip Turn
|-damage|p2a: Iron Valiant|86/100|[from] Stealth Rock
|move|p1a: MONTANHA|Ruination|p2a: Iron Valiant
|-damage|p2a: Iron Valiant|43/100
|
|-heal|p1a: MONTANHA|74/100 brn|[from] item: Leftovers
|-damage|p1a: MONTANHA|67/100 brn|[from] brn
|upkeep
|turn|15
|j| m0chaman_829
|
|t:|1743850220
|switch|p1a: PROMINENCE|Moltres|74/100
|move|p2a: Iron Valiant|Swords Dance|p2a: Iron Valiant
|-boost|p2a: Iron Valiant|atk|2
|
|upkeep
|turn|16
|j| Le Bouquetin
|
|t:|1743850225
|move|p2a: Iron Valiant|Destiny Bond|p2a: Iron Valiant
|-singlemove|p2a: Iron Valiant|Destiny Bond
|move|p1a: PROMINENCE|Roar|p2a: Iron Valiant
|-end|p2a: Iron Valiant|Quark Drive|[silent]
|drag|p2a: Kingambit|Kingambit, M|100/100
|-damage|p2a: Kingambit|94/100|[from] Stealth Rock
|
|upkeep
|turn|17
|j| romperalph2
|
|t:|1743850233
|-end|p2a: Kingambit|fallenundefined|[silent]
|switch|p2a: Alomomola|Alomomola, M|97/100
|-damage|p2a: Alomomola|85/100|[from] Stealth Rock
|move|p1a: PROMINENCE|U-turn|p2a: Alomomola
|-damage|p2a: Alomomola|74/100
|
|t:|1743850248
|switch|p1a: SHION|Iron Valiant|56/100|[from] U-turn
|-damage|p1a: SHION|50/100|[from] Stealth Rock
|
|upkeep
|turn|18
|
|t:|1743850253
|move|p1a: SHION|Trick|p2a: Alomomola
|-activate|p1a: SHION|move: Trick|[of] p2a: Alomomola
|-item|p2a: Alomomola|Choice Specs|[from] move: Trick
|-item|p1a: SHION|Assault Vest|[from] move: Trick
|move|p2a: Alomomola|Flip Turn|p1a: SHION
|-damage|p1a: SHION|29/100
|
|t:|1743850264
|switch|p2a: Darkrai|Darkrai|100/100|[from] Flip Turn
|-damage|p2a: Darkrai|88/100|[from] Stealth Rock
|
|upkeep
|turn|19
|
|t:|1743850271
|-end|p1a: SHION|Quark Drive|[silent]
|switch|p1a: MONTANHA|Ting-Lu|67/100 brn
|-damage|p1a: MONTANHA|61/100 brn|[from] Stealth Rock
|-ability|p1a: MONTANHA|Vessel of Ruin
|move|p2a: Darkrai|Ice Beam|p1a: MONTANHA
|-supereffective|p1a: MONTANHA
|-damage|p1a: MONTANHA|20/100 brn
|
|-heal|p1a: MONTANHA|27/100 brn|[from] item: Leftovers
|-damage|p1a: MONTANHA|20/100 brn|[from] brn
|upkeep
|turn|20
|
|t:|1743850299
|switch|p2a: Alomomola|Alomomola, M|100/100
|-damage|p2a: Alomomola|88/100|[from] Stealth Rock
|move|p1a: MONTANHA|Ruination|p2a: Alomomola
|-damage|p2a: Alomomola|44/100
|
|-heal|p1a: MONTANHA|27/100 brn|[from] item: Leftovers
|-damage|p1a: MONTANHA|20/100 brn|[from] brn
|upkeep
|turn|21
|
|t:|1743850313
|switch|p1a: STARK|Iron Crown|100/100
|-damage|p1a: STARK|94/100|[from] Stealth Rock
|move|p2a: Alomomola|Scald|p1a: STARK
|-damage|p1a: STARK|75/100
|
|upkeep
|turn|22
|
|t:|1743850330
|switch|p2a: Iron Valiant|Iron Valiant|43/100
|-damage|p2a: Iron Valiant|37/100|[from] Stealth Rock
|move|p1a: STARK|Volt Switch|p2a: Iron Valiant
|-damage|p2a: Iron Valiant|0 fnt
|faint|p2a: Iron Valiant
|-end|p2a: Iron Valiant|Quark Drive|[silent]
|
|t:|1743850345
|-end|p1a: STARK|Quark Drive|[silent]
|switch|p1a: PROMINENCE|Moltres|74/100|[from] Volt Switch
|
|upkeep
|
|t:|1743850348
|switch|p2a: Darkrai|Darkrai|88/100
|-damage|p2a: Darkrai|76/100|[from] Stealth Rock
|turn|23
|
|t:|1743850357
|switch|p1a: Kingambit|Kingambit, M|100/100
|-damage|p1a: Kingambit|94/100|[from] Stealth Rock
|-activate|p1a: Kingambit|ability: Supreme Overlord
|-start|p1a: Kingambit|fallen1|[silent]
|move|p2a: Darkrai|Dark Pulse|p1a: Kingambit
|-resisted|p1a: Kingambit
|-damage|p1a: Kingambit|58/100
|
|-heal|p1a: Kingambit|64/100|[from] item: Leftovers
|upkeep
|turn|24
|
|t:|1743850368
|move|p2a: Darkrai|Dark Pulse|p1a: Kingambit
|-resisted|p1a: Kingambit
|-damage|p1a: Kingambit|28/100
|move|p1a: Kingambit|Kowtow Cleave|p2a: Darkrai
|-resisted|p2a: Darkrai
|-damage|p2a: Darkrai|36/100
|
|-heal|p1a: Kingambit|34/100|[from] item: Leftovers
|upkeep
|turn|25
|
|t:|1743850383
|switch|p2a: Cinderace|Cinderace, M|72/100
|-end|p1a: Kingambit|fallen1|[silent]
|switch|p1a: MONTANHA|Ting-Lu|20/100 brn
|-damage|p1a: MONTANHA|14/100 brn|[from] Stealth Rock
|-ability|p1a: MONTANHA|Vessel of Ruin
|
|-heal|p1a: MONTANHA|20/100 brn|[from] item: Leftovers
|-damage|p1a: MONTANHA|14/100 brn|[from] brn
|upkeep
|turn|26
|
|t:|1743850388
|switch|p1a: PROMINENCE|Moltres|74/100
|move|p2a: Cinderace|U-turn|p1a: PROMINENCE
|-resisted|p1a: PROMINENCE
|-damage|p1a: PROMINENCE|70/100
|
|t:|1743850390
|switch|p2a: Darkrai|Darkrai|36/100|[from] U-turn
|-damage|p2a: Darkrai|23/100|[from] Stealth Rock
|
|upkeep
|turn|27
|
|t:|1743850394
|switch|p1a: MONTANHA|Ting-Lu|14/100 brn
|-damage|p1a: MONTANHA|8/100 brn|[from] Stealth Rock
|-ability|p1a: MONTANHA|Vessel of Ruin
|move|p2a: Darkrai|Dark Pulse|p1a: MONTANHA
|-resisted|p1a: MONTANHA
|-damage|p1a: MONTANHA|0 fnt
|faint|p1a: MONTANHA
|
|upkeep
|
|t:|1743850421
|switch|p1a: Kingambit|Kingambit, M|34/100
|-damage|p1a: Kingambit|28/100|[from] Stealth Rock
|-activate|p1a: Kingambit|ability: Supreme Overlord
|-start|p1a: Kingambit|fallen2|[silent]
|turn|28
|
|t:|1743850426
|switch|p2a: Alomomola|Alomomola, M|78/100
|-damage|p2a: Alomomola|65/100|[from] Stealth Rock
|move|p1a: Kingambit|Sucker Punch||[still]
|-fail|p1a: Kingambit
|
|-heal|p1a: Kingambit|34/100|[from] item: Leftovers
|upkeep
|turn|29
|
|t:|1743850431
|move|p1a: Kingambit|Kowtow Cleave|p2a: Alomomola
|-damage|p2a: Alomomola|27/100
|move|p2a: Alomomola|Flip Turn|p1a: Kingambit
|-damage|p1a: Kingambit|22/100
|
|t:|1743850438
|switch|p2a: Kingambit|Kingambit, M|94/100|[from] Flip Turn
|-damage|p2a: Kingambit|88/100|[from] Stealth Rock
|-activate|p2a: Kingambit|ability: Supreme Overlord
|-start|p2a: Kingambit|fallen1|[silent]
|
|-heal|p1a: Kingambit|28/100|[from] item: Leftovers
|upkeep
|turn|30
|
|t:|1743850445
|-end|p1a: Kingambit|fallen2|[silent]
|switch|p1a: PROMINENCE|Moltres|70/100
|move|p2a: Kingambit|Kowtow Cleave|p1a: PROMINENCE
|-damage|p1a: PROMINENCE|22/100
|
|upkeep
|turn|31
|
|t:|1743850453
|-end|p2a: Kingambit|fallen1|[silent]
|switch|p2a: Darkrai|Darkrai|23/100
|-damage|p2a: Darkrai|11/100|[from] Stealth Rock
|move|p1a: PROMINENCE|Roost|p1a: PROMINENCE
|-heal|p1a: PROMINENCE|72/100
|-singleturn|p1a: PROMINENCE|move: Roost
|
|upkeep
|turn|32
|
|t:|1743850469
|move|p2a: Darkrai|Dark Pulse|p1a: PROMINENCE
|-damage|p1a: PROMINENCE|15/100
|move|p1a: PROMINENCE|U-turn|p2a: Darkrai
|-supereffective|p2a: Darkrai
|-damage|p2a: Darkrai|0 fnt
|faint|p2a: Darkrai
|
|t:|1743850486
|switch|p1a: STARK|Iron Crown|75/100|[from] U-turn
|-damage|p1a: STARK|68/100|[from] Stealth Rock
|
|upkeep
|
|t:|1743850492
|switch|p2a: Cinderace|Cinderace, M|72/100
|turn|33
|
|t:|1743850503
|move|p1a: STARK|Psychic Noise|p2a: Cinderace
|-damage|p2a: Cinderace|19/100
|-start|p2a: Cinderace|move: Heal Block
|move|p2a: Cinderace|Pyro Ball|p1a: STARK
|-supereffective|p1a: STARK
|-damage|p1a: STARK|0 fnt
|faint|p1a: STARK
|-end|p1a: STARK|Quark Drive|[silent]
|
|upkeep
|
|t:|1743850510
|switch|p1a: SHION|Iron Valiant|29/100
|-damage|p1a: SHION|23/100|[from] Stealth Rock
|turn|34
|
|t:|1743850515
|switch|p2a: Alomomola|Alomomola, M|60/100
|-damage|p2a: Alomomola|48/100|[from] Stealth Rock
|move|p1a: SHION|Vacuum Wave|p2a: Alomomola
|-damage|p2a: Alomomola|32/100
|
|upkeep
|turn|35
|
|t:|1743850519
|move|p1a: SHION|Moonblast|p2a: Alomomola
|-damage|p2a: Alomomola|0 fnt
|faint|p2a: Alomomola
|
|upkeep
|
|t:|1743850523
|switch|p2a: Kyurem|Kyurem|83/100
|-damage|p2a: Kyurem|58/100|[from] Stealth Rock
|-ability|p2a: Kyurem|Pressure
|turn|36
|j| ds des chats
|inactive|o magoooo has 120 seconds left.
|
|t:|1743850556
|-end|p1a: SHION|Quark Drive|[silent]
|switch|p1a: PROMINENCE|Moltres|15/100
|-terastallize|p2a: Kyurem|Ground
|move|p2a: Kyurem|Tera Blast|p1a: PROMINENCE|[anim] Tera Blast Ground
|-immune|p1a: PROMINENCE
|
|upkeep
|turn|37
|
|t:|1743850565
|switch|p1a: Kingambit|Kingambit, M|28/100
|-damage|p1a: Kingambit|22/100|[from] Stealth Rock
|-activate|p1a: Kingambit|ability: Supreme Overlord
|-start|p1a: Kingambit|fallen3|[silent]
|move|p2a: Kyurem|Icicle Spear|p1a: Kingambit
|-resisted|p1a: Kingambit
|-damage|p1a: Kingambit|17/100
|-resisted|p1a: Kingambit
|-damage|p1a: Kingambit|11/100
|-hitcount|p1a: Kingambit|2
|
|-heal|p1a: Kingambit|17/100|[from] item: Leftovers
|upkeep
|turn|38
|
|t:|1743850574
|switch|p2a: Kingambit|Kingambit, M|88/100
|-damage|p2a: Kingambit|82/100|[from] Stealth Rock
|-activate|p2a: Kingambit|ability: Supreme Overlord
|-start|p2a: Kingambit|fallen3|[silent]
|move|p1a: Kingambit|Sucker Punch||[still]
|-fail|p1a: Kingambit
|
|-heal|p1a: Kingambit|23/100|[from] item: Leftovers
|upkeep
|turn|39
|
|t:|1743850594
|move|p1a: Kingambit|Sucker Punch|p2a: Kingambit
|-resisted|p2a: Kingambit
|-damage|p2a: Kingambit|60/100
|move|p2a: Kingambit|Kowtow Cleave|p1a: Kingambit
|-resisted|p1a: Kingambit
|-damage|p1a: Kingambit|0 fnt
|faint|p1a: Kingambit
|-end|p1a: Kingambit|fallen3|[silent]
|
|upkeep
|
|t:|1743850596
|switch|p1a: SHION|Iron Valiant|23/100
|-damage|p1a: SHION|16/100|[from] Stealth Rock
|turn|40
|
|t:|1743850600
|-end|p2a: Kingambit|fallen3|[silent]
|switch|p2a: Cinderace|Cinderace, M|19/100
|move|p1a: SHION|Vacuum Wave|p2a: Cinderace
|-damage|p2a: Cinderace|0 fnt
|faint|p2a: Cinderace
|
|upkeep
|
|t:|1743850603
|switch|p2a: Kyurem|Kyurem, tera:Ground|58/100
|-damage|p2a: Kyurem|52/100|[from] Stealth Rock
|-ability|p2a: Kyurem|Pressure
|turn|41
|
|t:|1743850609
|-terastallize|p1a: SHION|Fairy
|move|p1a: SHION|Moonblast|p2a: Kyurem
|-damage|p2a: Kyurem|0 fnt
|faint|p2a: Kyurem
|
|upkeep
|
|t:|1743850612
|switch|p2a: Kingambit|Kingambit, M|60/100
|-damage|p2a: Kingambit|54/100|[from] Stealth Rock
|-activate|p2a: Kingambit|ability: Supreme Overlord
|-start|p2a: Kingambit|fallen5|[silent]
|turn|42
|
|t:|1743850620
|move|p1a: SHION|Vacuum Wave|p2a: Kingambit
|-supereffective|p2a: Kingambit
|-damage|p2a: Kingambit|0 fnt
|faint|p2a: Kingambit
|-end|p2a: Kingambit|fallen5|[silent]
|
|win|o magoooo
|raw|o magoooo's rating: 1757 &rarr; <strong>1781</strong><br />(+24 for winning)
|raw|2(H2O)-Alt's rating: 1836 &rarr; <strong>1812</strong><br />(-24 for losing)
|c|☆o magoooo|gg
|l| m0chaman_829
|c|☆2(H2O)-Alt|gg
|l|☆2(H2O)-Alt
|player|p2|
|j|☆2(H2O)-Alt
|player|p2|2(H2O)-Alt|chase|
|l|☆2(H2O)-Alt
|player|p2|
|l| ds des chats
