|j|☆ikthoizzykil
|j|☆nic546
|t:|1743899578
|gametype|singles
|player|p1|ikthoizzykil|101|1349
|player|p2|nic546|ghetsis|1383
|teamsize|p1|6
|teamsize|p2|6
|gen|9
|tier|[Gen 9] OU
|rated|
|rule|HP Percentage Mod: HP is shown in percentages
|rule|Endless Battle Clause: Forcing endless battles is banned
|rule|Species Clause: Limit one of each Pokémon
|rule|OHKO Clause: OHKO moves are banned
|rule|Evasion Items Clause: Evasion items are banned
|rule|Evasion Moves Clause: Evasion moves are banned
|rule|Sleep Moves Clause: Sleep-inducing moves are banned
|clearpoke
|poke|p1|Ogerpon-Cornerstone, F|
|poke|p1|Zamazenta-*|
|poke|p1|Kingambit, M|
|poke|p1|Great Tusk|
|poke|p1|Dragonite, M|
|poke|p1|Primarina, F|
|poke|p2|Moltres|
|poke|p2|Zapdos|
|poke|p2|Gliscor, M|
|poke|p2|Gholdengo|
|poke|p2|Dragapult, M|
|poke|p2|Toxapex, M|
|teampreview
|inactive|Battle timer is ON: inactive players will automatically lose when time's up. (requested by ikthoizzykil)
|
|t:|1743899602
|start
|switch|p1a: Ogerpon|Ogerpon-Cornerstone, F|100/100
|switch|p2a: Gliscor|Gliscor, M|100/100
|turn|1
|
|t:|1743899613
|move|p1a: Ogerpon|Swords Dance|p1a: Ogerpon
|-boost|p1a: Ogerpon|atk|2
|move|p2a: Gliscor|Toxic|p1a: Ogerpon
|-status|p1a: Ogerpon|tox
|
|-damage|p1a: Ogerpon|95/100 tox|[from] psn
|-status|p2a: Gliscor|tox|[from] item: Toxic Orb
|upkeep
|turn|2
|
|t:|1743899630
|move|p1a: Ogerpon|Swords Dance|p1a: Ogerpon
|-boost|p1a: Ogerpon|atk|2
|move|p2a: Gliscor|Earthquake|p1a: Ogerpon
|-damage|p1a: Ogerpon|55/100 tox
|
|-damage|p1a: Ogerpon|43/100 tox|[from] psn
|upkeep
|turn|3
|
|t:|1743899637
|move|p2a: Gliscor|Protect|p2a: Gliscor
|-singleturn|p2a: Gliscor|Protect
|move|p1a: Ogerpon|Horn Leech|p2a: Gliscor
|-activate|p2a: Gliscor|move: Protect
|
|-damage|p1a: Ogerpon|25/100 tox|[from] psn
|upkeep
|turn|4
|
|t:|1743899645
|switch|p2a: Moltres|Moltres|100/100
|move|p1a: Ogerpon|Ivy Cudgel|p2a: Moltres|[anim] Ivy Cudgel Rock
|-supereffective|p2a: Moltres
|-damage|p2a: Moltres|0 fnt
|faint|p2a: Moltres
|
|-damage|p1a: Ogerpon|1/100 tox|[from] psn
|upkeep
|
|t:|1743899654
|switch|p2a: Gliscor|Gliscor, M|100/100 tox
|turn|5
|
|t:|1743899657
|switch|p1a: Kingambit|Kingambit, M|100/100
|move|p2a: Gliscor|Spikes|p1a: Kingambit
|-sidestart|p1: ikthoizzykil|Spikes
|
|upkeep
|turn|6
|
|t:|1743899680
|-end|p1a: Kingambit|fallenundefined|[silent]
|switch|p1a: Great Tusk|Great Tusk|100/100
|move|p2a: Gliscor|Earthquake|p1a: Great Tusk
|-damage|p1a: Great Tusk|78/100
|
|upkeep
|turn|7
|inactive|nic546 has 120 seconds left.
|
|t:|1743899711
|-terastallize|p2a: Gliscor|Water
|move|p1a: Great Tusk|Rapid Spin|p2a: Gliscor
|-damage|p2a: Gliscor|86/100 tox
|-boost|p1a: Great Tusk|spe|1
|-sideend|p1: ikthoizzykil|Spikes|[from] move: Rapid Spin|[of] p1a: Great Tusk
|move|p2a: Gliscor|Toxic|p1a: Great Tusk
|-status|p1a: Great Tusk|tox
|
|-damage|p1a: Great Tusk|72/100 tox|[from] psn
|-heal|p2a: Gliscor|98/100 tox|[from] ability: Poison Heal
|upkeep
|turn|8
|inactive|ikthoizzykil has 120 seconds left.
|
|t:|1743899744
|move|p1a: Great Tusk|Headlong Rush|p2a: Gliscor
|-damage|p2a: Gliscor|46/100 tox
|-unboost|p1a: Great Tusk|def|1
|-unboost|p1a: Great Tusk|spd|1
|move|p2a: Gliscor|Spikes|p1a: Great Tusk
|-sidestart|p1: ikthoizzykil|Spikes
|
|-damage|p1a: Great Tusk|60/100 tox|[from] psn
|-heal|p2a: Gliscor|58/100 tox|[from] ability: Poison Heal
|upkeep
|turn|9
|inactive|ikthoizzykil has 120 seconds left.
|
|t:|1743899757
|-end|p1a: Great Tusk|Protosynthesis|[silent]
|switch|p1a: Primarina|Primarina, F|100/100
|move|p2a: Gliscor|Protect||[still]
|-fail|p2a: Gliscor
|
|-heal|p2a: Gliscor|71/100 tox|[from] ability: Poison Heal
|upkeep
|turn|10
|inactive|ikthoizzykil has 120 seconds left.
|
|t:|1743899767
|-terastallize|p1a: Primarina|Steel
|move|p2a: Gliscor|Protect|p2a: Gliscor
|-singleturn|p2a: Gliscor|Protect
|move|p1a: Primarina|Moonblast|p2a: Gliscor
|-activate|p2a: Gliscor|move: Protect
|
|-heal|p2a: Gliscor|83/100 tox|[from] ability: Poison Heal
|upkeep
|turn|11
|inactive|ikthoizzykil has 120 seconds left.
|
|t:|1743899778
|move|p2a: Gliscor|Earthquake|p1a: Primarina
|-supereffective|p1a: Primarina
|-damage|p1a: Primarina|16/100
|move|p1a: Primarina|Moonblast|p2a: Gliscor
|-damage|p2a: Gliscor|38/100 tox
|
|-heal|p2a: Gliscor|50/100 tox|[from] ability: Poison Heal
|upkeep
|turn|12
|
|t:|1743899788
|move|p2a: Gliscor|Earthquake|p1a: Primarina
|-supereffective|p1a: Primarina
|-damage|p1a: Primarina|0 fnt
|faint|p1a: Primarina
|
|-heal|p2a: Gliscor|63/100 tox|[from] ability: Poison Heal
|upkeep
|inactive|ikthoizzykil has 120 seconds left.
|
|t:|1743899804
|switch|p1a: Kingambit|Kingambit, M|100/100
|-damage|p1a: Kingambit|88/100|[from] Spikes
|-activate|p1a: Kingambit|ability: Supreme Overlord
|-start|p1a: Kingambit|fallen1|[silent]
|turn|13
|inactive|ikthoizzykil has 120 seconds left.
|n|!ikthoizzykil|ikthoizzykil
|
|t:|1743899822
|switch|p2a: Toxapex|Toxapex, M|100/100
|move|p1a: Kingambit|Swords Dance|p1a: Kingambit
|-boost|p1a: Kingambit|atk|2
|
|-heal|p1a: Kingambit|94/100|[from] item: Leftovers
|upkeep
|turn|14
|inactive|ikthoizzykil has 120 seconds left.
|
|t:|1743899833
|move|p1a: Kingambit|Kowtow Cleave|p2a: Toxapex
|-damage|p2a: Toxapex|10/100
|move|p2a: Toxapex|Haze|p2a: Toxapex
|-clearallboost
|
|-heal|p1a: Kingambit|99/100|[from] item: Leftovers
|upkeep
|turn|15
|inactive|ikthoizzykil has 120 seconds left.
|
|t:|1743899846
|switch|p2a: Dragapult|Dragapult, M|100/100
|move|p1a: Kingambit|Swords Dance|p1a: Kingambit
|-boost|p1a: Kingambit|atk|2
|
|-heal|p1a: Kingambit|100/100|[from] item: Leftovers
|upkeep
|turn|16
|inactive|ikthoizzykil has 120 seconds left.
|
|t:|1743899869
|-end|p1a: Kingambit|fallen1|[silent]
|switch|p1a: Ogerpon|Ogerpon-Cornerstone, F|1/100 tox
|-damage|p1a: Ogerpon|0 fnt|[from] Spikes
|faint|p1a: Ogerpon
|move|p2a: Dragapult|Will-O-Wisp|p1: Ogerpon|[notarget]
|-fail|p2a: Dragapult
|
|upkeep
|inactive|ikthoizzykil has 90 seconds left.
|
|t:|1743899920
|switch|p1a: Dragonite|Dragonite, M|100/100
|turn|17
|
|t:|1743899929
|move|p2a: Dragapult|Dragon Darts|p1a: Dragonite
|-supereffective|p1a: Dragonite
|-damage|p1a: Dragonite|82/100
|-anim|p2a: Dragapult|Dragon Darts|p1a: Dragonite
|-supereffective|p1a: Dragonite
|-damage|p1a: Dragonite|45/100
|move|p1a: Dragonite|Dragon Dance|p1a: Dragonite
|-boost|p1a: Dragonite|atk|1
|-boost|p1a: Dragonite|spe|1
|
|upkeep
|turn|18
|
|t:|1743899954
|switch|p2a: Toxapex|Toxapex, M|43/100
|move|p1a: Dragonite|Earthquake|p2a: Toxapex
|-supereffective|p2a: Toxapex
|-damage|p2a: Toxapex|0 fnt
|faint|p2a: Toxapex
|
|upkeep
|
|t:|1743899957
|switch|p2a: Gholdengo|Gholdengo|100/100
|turn|19
|
|t:|1743899965
|move|p2a: Gholdengo|Make It Rain|p1a: Dragonite
|-damage|p1a: Dragonite|0 fnt
|-unboost|p2a: Gholdengo|spa|1
|faint|p1a: Dragonite
|
|upkeep
|
|t:|1743899973
|switch|p1a: Zamazenta|Zamazenta|100/100
|-damage|p1a: Zamazenta|88/100|[from] Spikes
|-ability|p1a: Zamazenta|Dauntless Shield|boost
|-boost|p1a: Zamazenta|def|1
|turn|20
|
|t:|1743899979
|switch|p2a: Zapdos|Zapdos|100/100
|move|p1a: Zamazenta|Howl|p1a: Zamazenta
|-boost|p1a: Zamazenta|atk|1
|
|upkeep
|turn|21
|inactive|ikthoizzykil has 90 seconds left.
|
|t:|1743900008
|move|p1a: Zamazenta|Howl|p1a: Zamazenta
|-boost|p1a: Zamazenta|atk|1
|move|p2a: Zapdos|Hurricane|p1a: Zamazenta
|-supereffective|p1a: Zamazenta
|-damage|p1a: Zamazenta|12/100
|
|upkeep
|turn|22
|
|t:|1743900014
|move|p1a: Zamazenta|Ice Fang|p2a: Zapdos|[miss]
|-miss|p1a: Zamazenta|p2a: Zapdos
|move|p2a: Zapdos|Volt Switch|p1a: Zamazenta
|-damage|p1a: Zamazenta|0 fnt
|faint|p1a: Zamazenta
|
|t:|1743900026
|switch|p2a: Dragapult|Dragapult, M|100/100|[from] Volt Switch
|
|upkeep
|-message|ikthoizzykil forfeited.
|
|win|nic546
