|j|☆sevenight
|j|☆kingzorakid
|t:|1743933128
|gametype|singles
|player|p1|sevenight|2|1291
|player|p2|kingzorakid|169|1271
|teamsize|p1|6
|teamsize|p2|6
|gen|9
|tier|[Gen 9] OU
|rated|
|rule|HP Percentage Mod: HP is shown in percentages
|rule|Endless Battle Clause: Forcing endless battles is banned
|rule|Species Clause: Limit one of each Pokémon
|rule|OHKO Clause: OHKO moves are banned
|rule|Evasion Items Clause: Evasion items are banned
|rule|Evasion Moves Clause: Evasion moves are banned
|rule|Sleep Moves Clause: Sleep-inducing moves are banned
|clearpoke
|poke|p1|Cinccino, F|
|poke|p1|Corviknight, M|
|poke|p1|Landorus-Therian, M|
|poke|p1|Walking Wake|
|poke|p1|Kyurem|
|poke|p1|Moltres|
|poke|p2|Iron Valiant|
|poke|p2|Dondozo, F|
|poke|p2|Walking Wake|
|poke|p2|Kingambit, M|
|poke|p2|Clefable, M|
|poke|p2|Gliscor, M|
|teampreview
|inactive|Battle timer is ON: inactive players will automatically lose when time's up. (requested by sevenight)
|
|t:|1743933144
|start
|switch|p1a: Cinccino|Cinccino, F|100/100
|switch|p2a: Clefable|Clefable, M|100/100
|turn|1
|
|t:|1743933150
|move|p1a: Cinccino|Bullet Seed|p2a: Clefable
|-damage|p2a: Clefable|92/100
|-damage|p2a: Clefable|84/100
|-damage|p2a: Clefable|76/100
|-damage|p2a: Clefable|68/100
|-hitcount|p2a: Clefable|4
|move|p2a: Clefable|Thunder Wave|p1a: Cinccino
|-status|p1a: Cinccino|par
|
|-heal|p2a: Clefable|74/100|[from] item: Leftovers
|upkeep
|turn|2
|
|t:|1743933160
|cant|p1a: Cinccino|par
|move|p2a: Clefable|Stealth Rock|p1a: Cinccino
|-sidestart|p1: sevenight|move: Stealth Rock
|
|-heal|p2a: Clefable|80/100|[from] item: Leftovers
|upkeep
|turn|3
|
|t:|1743933165
|cant|p1a: Cinccino|par
|move|p2a: Clefable|Moonblast|p1a: Cinccino
|-damage|p1a: Cinccino|43/100 par
|
|-heal|p2a: Clefable|86/100|[from] item: Leftovers
|upkeep
|turn|4
|
|t:|1743933171
|move|p1a: Cinccino|Tidy Up|p1a: Cinccino
|-sideend|p1: sevenight|Stealth Rock
|-activate|p1a: Cinccino|move: Tidy Up
|-boost|p1a: Cinccino|atk|1
|-boost|p1a: Cinccino|spe|1
|move|p2a: Clefable|Moonlight|p2a: Clefable
|-heal|p2a: Clefable|100/100
|
|upkeep
|turn|5
|
|t:|1743933178
|cant|p1a: Cinccino|par
|move|p2a: Clefable|Moonblast|p1a: Cinccino
|-damage|p1a: Cinccino|0 fnt
|faint|p1a: Cinccino
|
|upkeep
|
|t:|1743933193
|switch|p1a: Landorus|Landorus-Therian, M|100/100
|-ability|p1a: Landorus|Intimidate|boost
|-unboost|p2a: Clefable|atk|1
|turn|6
|
|t:|1743933203
|move|p1a: Landorus|Earthquake|p2a: Clefable
|-damage|p2a: Clefable|33/100
|move|p2a: Clefable|Stealth Rock|p1a: Landorus
|-sidestart|p1: sevenight|move: Stealth Rock
|
|-heal|p2a: Clefable|39/100|[from] item: Leftovers
|upkeep
|turn|7
|
|t:|1743933210
|switch|p1a: Kyurem|Kyurem|100/100
|-damage|p1a: Kyurem|76/100|[from] Stealth Rock
|-ability|p1a: Kyurem|Pressure
|switch|p2a: Gliscor|Gliscor, M|100/100
|
|-status|p2a: Gliscor|tox|[from] item: Toxic Orb
|upkeep
|turn|8
|
|t:|1743933228
|switch|p2a: Clefable|Clefable, M|39/100
|move|p1a: Kyurem|Dragon Dance|p1a: Kyurem
|-boost|p1a: Kyurem|atk|1
|-boost|p1a: Kyurem|spe|1
|
|-heal|p2a: Clefable|45/100|[from] item: Leftovers
|upkeep
|turn|9
|
|t:|1743933238
|-terastallize|p1a: Kyurem|Ground
|move|p1a: Kyurem|Icicle Spear|p2a: Clefable
|-damage|p2a: Clefable|27/100
|-damage|p2a: Clefable|10/100
|-damage|p2a: Clefable|0 fnt
|faint|p2a: Clefable
|-hitcount|p2: Clefable|3
|
|upkeep
|inactive|kingzorakid has 120 seconds left.
|
|t:|1743933268
|switch|p2a: Dondozo|Dondozo, F|100/100
|turn|10
|inactive|kingzorakid has 120 seconds left.
|
|t:|1743933287
|switch|p1a: Walking Wake|Walking Wake|100/100
|-damage|p1a: Walking Wake|88/100|[from] Stealth Rock
|move|p2a: Dondozo|Curse|p2a: Dondozo
|-unboost|p2a: Dondozo|spe|1
|-boost|p2a: Dondozo|atk|1
|-boost|p2a: Dondozo|def|1
|
|upkeep
|turn|11
|
|t:|1743933296
|move|p1a: Walking Wake|Draco Meteor|p2a: Dondozo
|-damage|p2a: Dondozo|0 fnt
|-unboost|p1a: Walking Wake|spa|2
|faint|p2a: Dondozo
|
|upkeep
|inactive|kingzorakid has 120 seconds left.
|
|t:|1743933307
|switch|p2a: Iron Valiant|Iron Valiant|100/100
|-enditem|p2a: Iron Valiant|Booster Energy
|-activate|p2a: Iron Valiant|ability: Quark Drive|[fromitem]
|-start|p2a: Iron Valiant|quarkdrivespe
|turn|12
|
|t:|1743933316
|-end|p1a: Walking Wake|Protosynthesis|[silent]
|switch|p1a: Landorus|Landorus-Therian, M|100/100
|-damage|p1a: Landorus|88/100|[from] Stealth Rock
|-ability|p1a: Landorus|Intimidate|boost
|-unboost|p2a: Iron Valiant|atk|1
|move|p2a: Iron Valiant|Calm Mind|p2a: Iron Valiant
|-boost|p2a: Iron Valiant|spa|1
|-boost|p2a: Iron Valiant|spd|1
|
|upkeep
|turn|13
|
|t:|1743933329
|move|p2a: Iron Valiant|Moonblast|p1a: Landorus
|-damage|p1a: Landorus|0 fnt
|faint|p1a: Landorus
|
|upkeep
|
|t:|1743933338
|switch|p1a: Moltres|Moltres|100/100
|turn|14
|inactive|kingzorakid has 120 seconds left.
|
|t:|1743933385
|move|p2a: Iron Valiant|Psyshock|p1a: Moltres
|-damage|p1a: Moltres|57/100
|move|p1a: Moltres|Hurricane|p2a: Iron Valiant
|-supereffective|p2a: Iron Valiant
|-damage|p2a: Iron Valiant|0 fnt
|faint|p2a: Iron Valiant
|-end|p2a: Iron Valiant|Quark Drive|[silent]
|
|upkeep
|inactive|kingzorakid has 90 seconds left.
|
|t:|1743933409
|switch|p2a: Walking Wake|Walking Wake|100/100
|turn|15
|
|t:|1743933417
|switch|p1a: Walking Wake|Walking Wake|88/100
|-damage|p1a: Walking Wake|76/100|[from] Stealth Rock
|move|p2a: Walking Wake|Hydro Steam|p1a: Walking Wake
|-resisted|p1a: Walking Wake
|-damage|p1a: Walking Wake|55/100
|
|upkeep
|turn|16
|inactive|kingzorakid has 90 seconds left.
|l|☆kingzorakid
|inactive|kingzorakid disconnected and has a minute to reconnect!
|player|p2|
|inactive|kingzorakid has 30 seconds to reconnect!
|j|☆kingzorakid
|inactive|kingzorakid reconnected and has 40 seconds left.
|player|p2|kingzorakid|169|
|inactive|kingzorakid has 30 seconds left.
|
|t:|1743933495
|-end|p2a: Walking Wake|Protosynthesis|[silent]
|switch|p2a: Gliscor|Gliscor, M|100/100 tox
|move|p1a: Walking Wake|Draco Meteor|p2a: Gliscor
|-damage|p2a: Gliscor|0 fnt
|-unboost|p1a: Walking Wake|spa|2
|faint|p2a: Gliscor
|
|upkeep
|inactive|kingzorakid has 30 seconds left.
|
|t:|1743933504
|switch|p2a: Walking Wake|Walking Wake|100/100
|turn|17
|
|t:|1743933509
|move|p1a: Walking Wake|Draco Meteor|p2a: Walking Wake
|-supereffective|p2a: Walking Wake
|-damage|p2a: Walking Wake|0 fnt
|-unboost|p1a: Walking Wake|spa|2
|faint|p2a: Walking Wake
|-end|p2a: Walking Wake|Protosynthesis|[silent]
|
|upkeep
|
|t:|1743933515
|switch|p2a: Kingambit|Kingambit, M|100/100
|-activate|p2a: Kingambit|ability: Supreme Overlord
|-start|p2a: Kingambit|fallen5|[silent]
|turn|18
|
|t:|1743933519
|-end|p1a: Walking Wake|Protosynthesis|[silent]
|switch|p1a: Moltres|Moltres|57/100
|move|p2a: Kingambit|Sucker Punch||[still]
|-fail|p2a: Kingambit
|
|upkeep
|turn|19
|
|t:|1743933524
|move|p2a: Kingambit|Sucker Punch||[still]
|-fail|p2a: Kingambit
|move|p1a: Moltres|Will-O-Wisp|p2a: Kingambit
|-status|p2a: Kingambit|brn
|
|-damage|p2a: Kingambit|94/100 brn|[from] brn
|upkeep
|turn|20
|
|t:|1743933531
|move|p2a: Kingambit|Sucker Punch|p1a: Moltres
|-damage|p1a: Moltres|22/100
|move|p1a: Moltres|Flamethrower|p2a: Kingambit
|-supereffective|p2a: Kingambit
|-damage|p2a: Kingambit|0 fnt
|faint|p2a: Kingambit
|-end|p2a: Kingambit|fallen5|[silent]
|
|win|sevenight
|raw|sevenight's rating: 1291 &rarr; <strong>1315</strong><br />(+24 for winning)
|raw|kingzorakid's rating: 1271 &rarr; <strong>1247</strong><br />(-24 for losing)
|l|☆kingzorakid
|player|p2|
|l|☆sevenight
|player|p1|
