|j|☆FireBro11
|j|☆DopeSmoketh
|t:|1743786867
|gametype|singles
|player|p1|FireBro11|169|1224
|player|p2|DopeSmoketh|cynthia-gen4|1226
|teamsize|p1|6
|teamsize|p2|6
|gen|9
|tier|[Gen 9] OU
|rated|
|rule|HP Percentage Mod: HP is shown in percentages
|rule|Endless Battle Clause: Forcing endless battles is banned
|rule|Species Clause: Limit one of each Pokémon
|rule|OHKO Clause: OHKO moves are banned
|rule|Evasion Items Clause: Evasion items are banned
|rule|Evasion Moves Clause: Evasion moves are banned
|rule|Sleep Moves Clause: Sleep-inducing moves are banned
|clearpoke
|poke|p1|Kingambit, M|
|poke|p1|Great Tusk|
|poke|p1|Raikou|
|poke|p1|Terrakion|
|poke|p1|Heatran, F|
|poke|p1|Greninja-*, M|
|poke|p2|Kyurem|
|poke|p2|Slowking-Galar, M|
|poke|p2|Gliscor, F|
|poke|p2|Skarmory, F|
|poke|p2|Dragapult, M|
|poke|p2|Kingambit, F|
|teampreview
|inactive|Battle timer is ON: inactive players will automatically lose when time's up. (requested by DopeSmoketh)
|
|t:|1743786877
|start
|switch|p1a: Schmitz|Heatran, F|100/100
|switch|p2a: Slowking|Slowking-Galar, M|100/100
|-item|p1a: Schmitz|Air Balloon
|turn|1
|
|t:|1743786884
|move|p1a: Schmitz|Stealth Rock|p2a: Slowking
|-sidestart|p2: DopeSmoketh|move: Stealth Rock
|-prepare|p2a: Slowking|Chilly Reception|[premajor]
|move|p2a: Slowking|Chilly Reception|p2a: Slowking
|-weather|Snowscape
|
|t:|1743786891
|switch|p2a: Gliscor|Gliscor, F|100/100|[from] Chilly Reception
|-damage|p2a: Gliscor|88/100|[from] Stealth Rock
|
|-weather|Snowscape|[upkeep]
|-status|p2a: Gliscor|tox|[from] item: Toxic Orb
|upkeep
|turn|2
|
|t:|1743786916
|switch|p1a: The Franchise|Greninja, M|100/100
|move|p2a: Gliscor|Swords Dance|p2a: Gliscor
|-boost|p2a: Gliscor|atk|2
|
|-weather|Snowscape|[upkeep]
|-heal|p2a: Gliscor|100/100 tox|[from] ability: Poison Heal
|upkeep
|turn|3
|
|t:|1743786926
|move|p2a: Gliscor|Protect|p2a: Gliscor
|-singleturn|p2a: Gliscor|Protect
|move|p1a: The Franchise|Ice Beam|p2a: Gliscor
|-activate|p2a: Gliscor|move: Protect
|
|-weather|Snowscape|[upkeep]
|upkeep
|turn|4
|
|t:|1743786936
|switch|p2a: Kyurem|Kyurem|100/100
|-ability|p2a: Kyurem|Pressure
|move|p1a: The Franchise|Ice Beam|p2a: Kyurem
|-damage|p2a: Kyurem|68/100
|-damage|p1a: The Franchise|91/100|[from] item: Life Orb
|
|-weather|Snowscape|[upkeep]
|upkeep
|turn|5
|inactive|FireBro11 has 120 seconds left.
|
|t:|1743786967
|move|p1a: The Franchise|Sludge Wave|p2a: Kyurem
|-damage|p2a: Kyurem|36/100
|-damage|p1a: The Franchise|81/100|[from] item: Life Orb
|move|p2a: Kyurem|Freeze-Dry|p1a: The Franchise
|-supereffective|p1a: The Franchise
|-damage|p1a: The Franchise|0 fnt
|faint|p1a: The Franchise
|
|-weather|none
|upkeep
|
|t:|1743786988
|switch|p1a: Schmitz|Heatran, F|100/100
|-item|p1a: Schmitz|Air Balloon
|turn|6
|
|t:|1743786994
|switch|p2a: Slowking|Slowking-Galar, M|100/100
|move|p1a: Schmitz|Magma Storm|p2a: Slowking
|-damage|p2a: Slowking|74/100
|-activate|p2a: Slowking|move: Magma Storm|[of] p1a: Schmitz
|
|-damage|p2a: Slowking|62/100|[from] move: Magma Storm|[partiallytrapped]
|upkeep
|turn|7
|
|t:|1743787011
|move|p1a: Schmitz|Earth Power|p2a: Slowking
|-supereffective|p2a: Slowking
|-damage|p2a: Slowking|34/100
|move|p2a: Slowking|Sludge Bomb|p1a: Schmitz
|-immune|p1a: Schmitz
|
|-damage|p2a: Slowking|22/100|[from] move: Magma Storm|[partiallytrapped]
|upkeep
|turn|8
|
|t:|1743787023
|move|p1a: Schmitz|Magma Storm|p2a: Slowking
|-damage|p2a: Slowking|0 fnt
|faint|p2a: Slowking
|
|upkeep
|
|t:|1743787027
|switch|p2a: Gliscor|Gliscor, F|100/100 tox
|-damage|p2a: Gliscor|88/100 tox|[from] Stealth Rock
|turn|9
|
|t:|1743787043
|move|p2a: Gliscor|Knock Off|p1a: Schmitz
|-damage|p1a: Schmitz|86/100
|-enditem|p1a: Schmitz|Air Balloon
|move|p1a: Schmitz|Magma Storm|p2a: Gliscor
|-damage|p2a: Gliscor|36/100 tox
|-activate|p2a: Gliscor|move: Magma Storm|[of] p1a: Schmitz
|
|-heal|p2a: Gliscor|49/100 tox|[from] ability: Poison Heal
|-damage|p2a: Gliscor|36/100 tox|[from] move: Magma Storm|[partiallytrapped]
|upkeep
|turn|10
|inactive|FireBro11 has 90 seconds left.
|
|t:|1743787073
|switch|p1a: Bossman TK|Terrakion|100/100
|move|p2a: Gliscor|Protect||[still]
|-fail|p2a: Gliscor
|
|-heal|p2a: Gliscor|49/100 tox|[from] ability: Poison Heal
|-end|p2a: Gliscor|Magma Storm|[partiallytrapped]|[silent]
|upkeep
|turn|11
|
|t:|1743787094
|move|p2a: Gliscor|Protect|p2a: Gliscor
|-singleturn|p2a: Gliscor|Protect
|move|p1a: Bossman TK|Stone Edge|p2a: Gliscor
|-activate|p2a: Gliscor|move: Protect
|
|-heal|p2a: Gliscor|61/100 tox|[from] ability: Poison Heal
|upkeep
|turn|12
|
|t:|1743787104
|move|p1a: Bossman TK|Stone Edge|p2a: Gliscor
|-damage|p2a: Gliscor|23/100 tox
|move|p2a: Gliscor|Knock Off|p1a: Bossman TK
|-resisted|p1a: Bossman TK
|-damage|p1a: Bossman TK|88/100
|-ability|p1a: Bossman TK|Justified|boost
|-boost|p1a: Bossman TK|atk|1
|-enditem|p1a: Bossman TK|Choice Scarf|[from] move: Knock Off|[of] p2a: Gliscor
|
|-heal|p2a: Gliscor|36/100 tox|[from] ability: Poison Heal
|upkeep
|turn|13
|
|t:|1743787118
|move|p2a: Gliscor|Protect|p2a: Gliscor
|-singleturn|p2a: Gliscor|Protect
|move|p1a: Bossman TK|Stone Edge|p2a: Gliscor
|-activate|p2a: Gliscor|move: Protect
|
|-heal|p2a: Gliscor|48/100 tox|[from] ability: Poison Heal
|upkeep
|turn|14
|
|t:|1743787125
|switch|p2a: Skarmory|Skarmory, F|100/100
|-damage|p2a: Skarmory|88/100|[from] Stealth Rock
|move|p1a: Bossman TK|Stone Edge|p2a: Skarmory
|-damage|p2a: Skarmory|44/100
|
|upkeep
|turn|15
|inactive|FireBro11 has 90 seconds left.
|
|t:|1743787152
|-terastallize|p2a: Skarmory|Dragon
|move|p1a: Bossman TK|Stone Edge|p2a: Skarmory
|-damage|p2a: Skarmory|0 fnt
|faint|p2a: Skarmory
|
|upkeep
|-message|DopeSmoketh forfeited.
|
|win|FireBro11
|raw|FireBro11's rating: 1224 &rarr; <strong>1249</strong><br />(+25 for winning)
|raw|DopeSmoketh's rating: 1226 &rarr; <strong>1201</strong><br />(-25 for losing)
|l|☆DopeSmoketh
|player|p2|
|l|☆FireBro11
|player|p1|
