|j|☆DBZ_Beast_Curt
|j|☆kalen80
|t:|1743931587
|gametype|singles
|player|p1|DBZ_Beast_Curt|dawn|1224
|player|p2|kalen80|burglar|1218
|teamsize|p1|6
|teamsize|p2|6
|gen|9
|tier|[Gen 9] OU
|rated|
|rule|HP Percentage Mod: HP is shown in percentages
|rule|Endless Battle Clause: Forcing endless battles is banned
|rule|Species Clause: Limit one of each Pokémon
|rule|OHKO Clause: OHKO moves are banned
|rule|Evasion Items Clause: Evasion items are banned
|rule|Evasion Moves Clause: Evasion moves are banned
|rule|Sleep Moves Clause: Sleep-inducing moves are banned
|clearpoke
|poke|p1|Decidueye, F|
|poke|p1|Greninja-*, M|
|poke|p1|Blaziken, M|
|poke|p1|Hawlucha, M|
|poke|p1|Espeon, F|
|poke|p1|Garchomp, F|
|poke|p2|Toxtricity, M|
|poke|p2|Armarouge, M|
|poke|p2|Bisharp, F|
|poke|p2|Dudunsparce-*, M|
|poke|p2|Tropius, M|
|poke|p2|Mandibuzz, F|
|teampreview
|
|t:|1743931602
|start
|switch|p1a: KFC|Blaziken, M|100/100
|switch|p2a: Armarouge|Armarouge, M|100/100
|turn|1
|
|t:|1743931610
|move|p1a: KFC|Protect|p1a: KFC
|-singleturn|p1a: KFC|Protect
|move|p2a: Armarouge|Psyshock|p1a: KFC
|-activate|p1a: KFC|move: Protect
|
|-ability|p1a: KFC|Speed Boost|boost
|-boost|p1a: KFC|spe|1
|upkeep
|turn|2
|
|t:|1743931634
|switch|p1a: Alien|Espeon, F|100/100
|move|p2a: Armarouge|Armor Cannon|p1a: Alien
|-damage|p1a: Alien|19/100
|-unboost|p2a: Armarouge|def|1
|-unboost|p2a: Armarouge|spd|1
|
|-heal|p1a: Alien|25/100|[from] item: Leftovers
|upkeep
|turn|3
|
|t:|1743931645
|switch|p2a: Bisharp|Bisharp, F|100/100
|move|p1a: Alien|Alluring Voice|p2a: Bisharp
|-damage|p2a: Bisharp|82/100
|
|-heal|p1a: Alien|31/100|[from] item: Leftovers
|upkeep
|turn|4
|
|t:|1743931654
|move|p1a: Alien|Thunder Wave|p2a: Bisharp
|-status|p2a: Bisharp|par
|move|p2a: Bisharp|Swords Dance|p2a: Bisharp
|-boost|p2a: Bisharp|atk|2
|
|-heal|p1a: Alien|37/100|[from] item: Leftovers
|upkeep
|turn|5
|
|t:|1743931662
|move|p1a: Alien|Calm Mind|p1a: Alien
|-boost|p1a: Alien|spa|1
|-boost|p1a: Alien|spd|1
|move|p2a: Bisharp|Night Slash|p1a: Alien
|-supereffective|p1a: Alien
|-damage|p1a: Alien|0 fnt
|faint|p1a: Alien
|
|upkeep
|
|t:|1743931673
|switch|p1a: KFC|Blaziken, M|100/100
|turn|6
|
|t:|1743931677
|move|p2a: Bisharp|Sucker Punch|p1a: KFC
|-resisted|p1a: KFC
|-damage|p1a: KFC|59/100
|move|p1a: KFC|Close Combat|p2a: Bisharp
|-supereffective|p2a: Bisharp
|-damage|p2a: Bisharp|0 fnt
|-unboost|p1a: KFC|def|1
|-unboost|p1a: KFC|spd|1
|faint|p2a: Bisharp
|-damage|p1a: KFC|49/100|[from] item: Life Orb
|
|-ability|p1a: KFC|Speed Boost|boost
|-boost|p1a: KFC|spe|1
|upkeep
|
|t:|1743931680
|switch|p2a: Armarouge|Armarouge, M|100/100
|turn|7
|
|t:|1743931696
|switch|p1a: Quincy|Decidueye, F|100/100
|move|p2a: Armarouge|Armor Cannon|p1a: Quincy
|-supereffective|p1a: Quincy
|-crit|p1a: Quincy
|-damage|p1a: Quincy|0 fnt
|-unboost|p2a: Armarouge|def|1
|-unboost|p2a: Armarouge|spd|1
|faint|p1a: Quincy
|
|upkeep
|
|t:|1743931707
|switch|p1a: Ninja|Greninja, M|100/100
|turn|8
|
|t:|1743931732
|switch|p2a: Mandibuzz|Mandibuzz, F|100/100
|move|p1a: Ninja|Dark Pulse|p2a: Mandibuzz
|-resisted|p2a: Mandibuzz
|-damage|p2a: Mandibuzz|87/100
|
|upkeep
|turn|9
|
|t:|1743931744
|move|p1a: Ninja|Sludge Wave|p2a: Mandibuzz
|-damage|p2a: Mandibuzz|67/100
|-status|p2a: Mandibuzz|psn
|move|p2a: Mandibuzz|Toxic|p1a: Ninja
|-status|p1a: Ninja|tox
|
|-damage|p1a: Ninja|95/100 tox|[from] psn
|-damage|p2a: Mandibuzz|54/100 psn|[from] psn
|upkeep
|turn|10
|
|t:|1743931761
|switch|p1a: KFC|Blaziken, M|49/100
|move|p2a: Mandibuzz|Roost|p2a: Mandibuzz
|-heal|p2a: Mandibuzz|100/100 psn
|-singleturn|p2a: Mandibuzz|move: Roost
|
|-damage|p2a: Mandibuzz|88/100 psn|[from] psn
|upkeep
|turn|11
|
|t:|1743931775
|move|p1a: KFC|Flare Blitz|p2a: Mandibuzz
|-damage|p2a: Mandibuzz|32/100 psn
|-damage|p1a: KFC|26/100|[from] Recoil
|-damage|p1a: KFC|16/100|[from] item: Life Orb
|move|p2a: Mandibuzz|Toxic|p1a: KFC
|-status|p1a: KFC|tox
|
|-damage|p1a: KFC|10/100 tox|[from] psn
|-damage|p2a: Mandibuzz|19/100 psn|[from] psn
|-ability|p1a: KFC|Speed Boost|boost
|-boost|p1a: KFC|spe|1
|upkeep
|turn|12
|
|t:|1743931787
|switch|p2a: Armarouge|Armarouge, M|100/100
|move|p1a: KFC|Flare Blitz|p2a: Armarouge
|-resisted|p2a: Armarouge
|-damage|p2a: Armarouge|52/100
|-ability|p2a: Armarouge|Weak Armor|boost
|-unboost|p2a: Armarouge|def|1
|-boost|p2a: Armarouge|spe|2
|-damage|p1a: KFC|0 fnt|[from] Recoil
|faint|p1a: KFC
|
|upkeep
|
|t:|1743931799
|switch|p1a: Ninja|Greninja, M|95/100 tox
|turn|13
|
|t:|1743931804
|move|p2a: Armarouge|Destiny Bond|p2a: Armarouge
|-singlemove|p2a: Armarouge|Destiny Bond
|move|p1a: Ninja|Dark Pulse|p2a: Armarouge
|-supereffective|p2a: Armarouge
|-damage|p2a: Armarouge|0 fnt
|faint|p2a: Armarouge
|-activate|p2a: Armarouge|move: Destiny Bond
|faint|p1a: Ninja
|
|upkeep
|
|t:|1743931813
|switch|p1a: Lucha|Hawlucha, M|100/100
|switch|p2a: Toxtricity|Toxtricity, M|100/100
|turn|14
|
|t:|1743931821
|move|p1a: Lucha|Stone Edge|p2a: Toxtricity|[miss]
|-miss|p1a: Lucha|p2a: Toxtricity
|move|p2a: Toxtricity|Overdrive|p1a: Lucha
|-supereffective|p1a: Lucha
|-enditem|p1a: Lucha|Focus Sash
|-damage|p1a: Lucha|1/100
|-enditem|p2a: Toxtricity|Throat Spray
|-boost|p2a: Toxtricity|spa|1|[from] item: Throat Spray
|
|upkeep
|turn|15
|
|t:|1743931831
|move|p1a: Lucha|Close Combat|p2a: Toxtricity
|-resisted|p2a: Toxtricity
|-damage|p2a: Toxtricity|55/100
|-unboost|p1a: Lucha|def|1
|-unboost|p1a: Lucha|spd|1
|move|p2a: Toxtricity|Boomburst|p1a: Lucha
|-damage|p1a: Lucha|0 fnt
|faint|p1a: Lucha
|
|upkeep
|
|t:|1743931840
|switch|p1a: ChompchoMp|Garchomp, F|100/100
|turn|16
|
|t:|1743931845
|-terastallize|p2a: Toxtricity|Flying
|move|p1a: ChompchoMp|Swords Dance|p1a: ChompchoMp
|-boost|p1a: ChompchoMp|atk|2
|move|p2a: Toxtricity|Shift Gear|p2a: Toxtricity
|-boost|p2a: Toxtricity|spe|2
|-boost|p2a: Toxtricity|atk|1
|
|upkeep
|turn|17
|
|t:|1743931856
|move|p2a: Toxtricity|Boomburst|p1a: ChompchoMp
|-damage|p1a: ChompchoMp|0 fnt
|faint|p1a: ChompchoMp
|
|win|kalen80
|raw|DBZ_Beast_Curt's rating: 1224 &rarr; <strong>1199</strong><br />(-25 for losing)
|raw|kalen80's rating: 1218 &rarr; <strong>1243</strong><br />(+25 for winning)
|l|☆kalen80
|player|p2|
