|j|☆Ruler of the Sand
|j|☆Galladekisser
|t:|1743861826
|gametype|singles
|player|p1|Ruler of the Sand|marshal|1188
|player|p2|Galladekisser|pokefanf-gen2|1203
|teamsize|p1|6
|teamsize|p2|6
|gen|9
|tier|[Gen 9] OU
|rated|
|rule|HP Percentage Mod: HP is shown in percentages
|rule|Endless Battle Clause: Forcing endless battles is banned
|rule|Species Clause: Limit one of each Pokémon
|rule|OHKO Clause: OHKO moves are banned
|rule|Evasion Items Clause: Evasion items are banned
|rule|Evasion Moves Clause: Evasion moves are banned
|rule|Sleep Moves Clause: Sleep-inducing moves are banned
|clearpoke
|poke|p1|Hippowdon, F|
|poke|p1|Tyranitar, F|
|poke|p1|Garganacl, F|
|poke|p1|Quagsire, M|
|poke|p1|Excadrill, F|
|poke|p1|Ting-Lu|
|poke|p2|Garganacl, M|
|poke|p2|Hydrapple, M|
|poke|p2|Ninetales-Alola, F|
|poke|p2|Glastrier|
|poke|p2|Iron Hands|
|poke|p2|Slowbro-Galar, F|
|teampreview
|inactive|Battle timer is ON: inactive players will automatically lose when time's up. (requested by Galladekisser)
|inactive|Ruler of the Sand has 120 seconds left.
|inactive|Ruler of the Sand has 90 seconds left.
|inactive|Ruler of the Sand has 60 seconds left.
|
|t:|1743861938
|start
|switch|p1a: Tyranitar|Tyranitar, F|100/100
|switch|p2a: Hydrapple|Hydrapple, M|100/100
|-weather|Sandstorm|[from] ability: Sand Stream|[of] p1a: Tyranitar
|turn|1
|
|t:|1743861951
|switch|p2a: Ninetales|Ninetales-Alola, F|100/100
|-weather|Snowscape|[from] ability: Snow Warning|[of] p2a: Ninetales
|move|p1a: Tyranitar|Knock Off|p2a: Ninetales
|-resisted|p2a: Ninetales
|-damage|p2a: Ninetales|72/100
|-enditem|p2a: Ninetales|Light Clay|[from] move: Knock Off|[of] p1a: Tyranitar
|
|-weather|Snowscape|[upkeep]
|upkeep
|turn|2
|
|t:|1743861961
|switch|p1a: Hippowdon|Hippowdon, F|100/100
|-weather|Sandstorm|[from] ability: Sand Stream|[of] p1a: Hippowdon
|move|p2a: Ninetales|Aurora Veil||[still]
|-fail|p2a: Ninetales
|
|-weather|Sandstorm|[upkeep]
|-damage|p2a: Ninetales|66/100|[from] Sandstorm
|upkeep
|turn|3
|
|t:|1743861971
|move|p2a: Ninetales|Blizzard|p1a: Hippowdon
|-supereffective|p1a: Hippowdon
|-damage|p1a: Hippowdon|14/100
|move|p1a: Hippowdon|Stealth Rock|p2a: Ninetales
|-sidestart|p2: Galladekisser|move: Stealth Rock
|
|-weather|Sandstorm|[upkeep]
|-damage|p2a: Ninetales|60/100|[from] Sandstorm
|upkeep
|turn|4
|
|t:|1743861983
|switch|p2a: Hydrapple|Hydrapple, M|100/100
|-damage|p2a: Hydrapple|88/100|[from] Stealth Rock
|switch|p1a: Excadrill|Excadrill, F|100/100
|
|-weather|Sandstorm|[upkeep]
|-damage|p2a: Hydrapple|82/100|[from] Sandstorm
|upkeep
|turn|5
|
|t:|1743861993
|move|p1a: Excadrill|Swords Dance|p1a: Excadrill
|-boost|p1a: Excadrill|atk|2
|move|p2a: Hydrapple|Nasty Plot|p2a: Hydrapple
|-boost|p2a: Hydrapple|spa|2
|
|-weather|Sandstorm|[upkeep]
|-damage|p2a: Hydrapple|76/100|[from] Sandstorm
|upkeep
|turn|6
|inactive|Ruler of the Sand has 120 seconds left.
|
|t:|1743862001
|move|p1a: Excadrill|Iron Head|p2a: Hydrapple
|-damage|p2a: Hydrapple|0 fnt
|faint|p2a: Hydrapple
|-damage|p1a: Excadrill|91/100|[from] item: Life Orb
|
|-weather|Sandstorm|[upkeep]
|upkeep
|
|t:|1743862009
|switch|p2a: Ninetales|Ninetales-Alola, F|60/100
|-damage|p2a: Ninetales|35/100|[from] Stealth Rock
|-weather|Snowscape|[from] ability: Snow Warning|[of] p2a: Ninetales
|turn|7
|
|t:|1743862015
|switch|p1a: Hippowdon|Hippowdon, F|14/100
|-weather|Sandstorm|[from] ability: Sand Stream|[of] p1a: Hippowdon
|move|p2a: Ninetales|Blizzard|p1a: Hippowdon|[miss]
|-miss|p2a: Ninetales|p1a: Hippowdon
|
|-weather|Sandstorm|[upkeep]
|-damage|p2a: Ninetales|29/100|[from] Sandstorm
|upkeep
|turn|8
|
|t:|1743862025
|move|p2a: Ninetales|Blizzard|p1a: Hippowdon
|-supereffective|p1a: Hippowdon
|-damage|p1a: Hippowdon|0 fnt
|faint|p1a: Hippowdon
|
|-weather|Sandstorm|[upkeep]
|-damage|p2a: Ninetales|23/100|[from] Sandstorm
|upkeep
|
|t:|1743862033
|switch|p1a: Excadrill|Excadrill, F|91/100
|turn|9
|
|t:|1743862040
|move|p1a: Excadrill|Rapid Spin|p2a: Ninetales
|-damage|p2a: Ninetales|0 fnt
|-boost|p1a: Excadrill|spe|1
|faint|p2a: Ninetales
|-damage|p1a: Excadrill|81/100|[from] item: Life Orb
|
|-weather|Sandstorm|[upkeep]
|upkeep
|
|t:|1743862049
|switch|p2a: Glastrier|Glastrier|100/100
|-damage|p2a: Glastrier|75/100|[from] Stealth Rock
|turn|10
|
|t:|1743862055
|move|p1a: Excadrill|Swords Dance|p1a: Excadrill
|-boost|p1a: Excadrill|atk|2
|move|p2a: Glastrier|High Horsepower|p1a: Excadrill|[miss]
|-miss|p2a: Glastrier|p1a: Excadrill
|
|-weather|Sandstorm|[upkeep]
|-damage|p2a: Glastrier|69/100|[from] Sandstorm
|upkeep
|turn|11
|
|t:|1743862064
|move|p1a: Excadrill|Iron Head|p2a: Glastrier
|-supereffective|p2a: Glastrier
|-damage|p2a: Glastrier|0 fnt
|faint|p2a: Glastrier
|-damage|p1a: Excadrill|71/100|[from] item: Life Orb
|
|-weather|Sandstorm|[upkeep]
|upkeep
|
|t:|1743862071
|switch|p2a: Garganacl|Garganacl, M|100/100
|-damage|p2a: Garganacl|88/100|[from] Stealth Rock
|turn|12
|
|t:|1743862077
|move|p1a: Excadrill|Earthquake|p2a: Garganacl
|-supereffective|p2a: Garganacl
|-crit|p2a: Garganacl
|-damage|p2a: Garganacl|0 fnt
|faint|p2a: Garganacl
|-damage|p1a: Excadrill|61/100|[from] item: Life Orb
|
|-weather|Sandstorm|[upkeep]
|upkeep
|c|☆Ruler of the Sand|Gg
|
|t:|1743862085
|switch|p2a: Iron Hands|Iron Hands|100/100
|-damage|p2a: Iron Hands|94/100|[from] Stealth Rock
|turn|13
|
|t:|1743862091
|-terastallize|p2a: Iron Hands|Bug
|move|p1a: Excadrill|Earthquake|p2a: Iron Hands
|-resisted|p2a: Iron Hands
|-damage|p2a: Iron Hands|41/100
|-damage|p1a: Excadrill|51/100|[from] item: Life Orb
|move|p2a: Iron Hands|Swords Dance|p2a: Iron Hands
|-boost|p2a: Iron Hands|atk|2
|
|-weather|Sandstorm|[upkeep]
|-damage|p2a: Iron Hands|35/100|[from] Sandstorm
|upkeep
|turn|14
|-activate|p2a: Iron Hands|item: Quick Claw
|
|t:|1743862104
|move|p2a: Iron Hands|Drain Punch|p1a: Excadrill
|-supereffective|p1a: Excadrill
|-damage|p1a: Excadrill|0 fnt
|-heal|p2a: Iron Hands|55/100|[from] drain|[of] p1a: Excadrill
|faint|p1a: Excadrill
|
|-weather|none
|upkeep
|
|t:|1743862113
|switch|p1a: Tyranitar|Tyranitar, F|100/100
|-weather|Sandstorm|[from] ability: Sand Stream|[of] p1a: Tyranitar
|turn|15
|
|t:|1743862120
|-terastallize|p1a: Tyranitar|Ghost
|move|p1a: Tyranitar|Stone Edge|p2a: Iron Hands
|-supereffective|p2a: Iron Hands
|-damage|p2a: Iron Hands|0 fnt
|faint|p2a: Iron Hands
|-end|p2a: Iron Hands|Quark Drive|[silent]
|
|-weather|Sandstorm|[upkeep]
|-damage|p1a: Tyranitar|94/100|[from] Sandstorm
|upkeep
|-message|Galladekisser forfeited.
|
|win|Ruler of the Sand
|raw|Ruler of the Sand's rating: 1188 &rarr; <strong>1214</strong><br />(+26 for winning)
|raw|Galladekisser's rating: 1203 &rarr; <strong>1177</strong><br />(-26 for losing)
|l|☆Galladekisser
|player|p2|
