|j|☆yo slow
|j|☆Xopitask
|t:|1743841264
|gametype|singles
|player|p1|yo slow|scientist-gen4|1215
|player|p2|Xopitask|unknown|1143
|teamsize|p1|6
|teamsize|p2|6
|gen|9
|tier|[Gen 9] OU
|rated|
|rule|HP Percentage Mod: HP is shown in percentages
|rule|Endless Battle Clause: Forcing endless battles is banned
|rule|Species Clause: Limit one of each Pokémon
|rule|OHKO Clause: OHKO moves are banned
|rule|Evasion Items Clause: Evasion items are banned
|rule|Evasion Moves Clause: Evasion moves are banned
|rule|Sleep Moves Clause: Sleep-inducing moves are banned
|clearpoke
|poke|p1|Zamazenta-*|
|poke|p1|Kingambit, F|
|poke|p1|Samurott-Hisui, M|
|poke|p1|Landorus-Therian, M|
|poke|p1|Iron Valiant|
|poke|p1|Iron Moth|
|poke|p2|Cinderace, M|
|poke|p2|Glastrier|
|poke|p2|Weezing-Galar, M|
|poke|p2|Articuno-Galar|
|poke|p2|Iron Treads|
|poke|p2|Clawitzer, M|
|teampreview
|
|t:|1743841271
|start
|switch|p1a: Samurott|Samurott-Hisui, M|100/100
|switch|p2a: Glastrier|Glastrier|100/100
|turn|1
|inactive|Battle timer is ON: inactive players will automatically lose when time's up. (requested by Xopitask)
|
|t:|1743841281
|move|p1a: Samurott|Ceaseless Edge|p2a: Glastrier
|-damage|p2a: Glastrier|68/100
|-sidestart|p2: Xopitask|Spikes
|move|p2a: Glastrier|Close Combat|p1a: Samurott
|-supereffective|p1a: Samurott
|-enditem|p1a: Samurott|Focus Sash
|-damage|p1a: Samurott|1/100
|-unboost|p2a: Glastrier|def|1
|-unboost|p2a: Glastrier|spd|1
|
|upkeep
|turn|2
|
|t:|1743841293
|move|p1a: Samurott|Ceaseless Edge|p2a: Glastrier
|-damage|p2a: Glastrier|24/100
|-sidestart|p2: Xopitask|Spikes
|move|p2a: Glastrier|Icicle Crash|p1a: Samurott
|-resisted|p1a: Samurott
|-damage|p1a: Samurott|0 fnt
|faint|p1a: Samurott
|-ability|p2a: Glastrier|Chilling Neigh|boost
|-boost|p2a: Glastrier|atk|1
|
|upkeep
|
|t:|1743841306
|switch|p1a: Zamazenta|Zamazenta|100/100
|-ability|p1a: Zamazenta|Dauntless Shield|boost
|-boost|p1a: Zamazenta|def|1
|turn|3
|
|t:|1743841313
|move|p1a: Zamazenta|Crunch|p2a: Glastrier
|-damage|p2a: Glastrier|1/100
|move|p2a: Glastrier|Outrage|p1a: Zamazenta
|-damage|p1a: Zamazenta|60/100
|
|-heal|p1a: Zamazenta|66/100|[from] item: Leftovers
|upkeep
|turn|4
|
|t:|1743841327
|move|p1a: Zamazenta|Crunch|p2a: Glastrier
|-damage|p2a: Glastrier|0 fnt
|faint|p2a: Glastrier
|
|-heal|p1a: Zamazenta|73/100|[from] item: Leftovers
|upkeep
|
|t:|1743841336
|switch|p2a: Weezing|Weezing-Galar, M|100/100
|-damage|p2a: Weezing|84/100|[from] Spikes
|-fieldstart|move: Misty Terrain|[from] ability: Misty Surge|[of] p2a: Weezing
|turn|5
|
|t:|1743841352
|switch|p1a: Kingambit|Kingambit, F|100/100
|-activate|p1a: Kingambit|ability: Supreme Overlord
|-start|p1a: Kingambit|fallen1|[silent]
|move|p2a: Weezing|Strange Steam|p1a: Kingambit
|-crit|p1a: Kingambit
|-damage|p1a: Kingambit|47/100
|
|-heal|p1a: Kingambit|53/100|[from] item: Leftovers
|upkeep
|turn|6
|
|t:|1743841366
|move|p2a: Weezing|Overheat|p1a: Kingambit
|-supereffective|p1a: Kingambit
|-damage|p1a: Kingambit|0 fnt
|-unboost|p2a: Weezing|spa|2
|faint|p1a: Kingambit
|-end|p1a: Kingambit|fallen1|[silent]
|
|upkeep
|
|t:|1743841380
|switch|p1a: Iron Valiant|Iron Valiant|100/100
|-enditem|p1a: Iron Valiant|Booster Energy
|-activate|p1a: Iron Valiant|ability: Quark Drive|[fromitem]
|-start|p1a: Iron Valiant|quarkdrivespe
|turn|7
|inactive|Xopitask has 120 seconds left.
|
|t:|1743841431
|move|p1a: Iron Valiant|Calm Mind|p1a: Iron Valiant
|-boost|p1a: Iron Valiant|spa|1
|-boost|p1a: Iron Valiant|spd|1
|move|p2a: Weezing|Strange Steam|p1a: Iron Valiant
|-supereffective|p1a: Iron Valiant
|-damage|p1a: Iron Valiant|53/100
|
|upkeep
|turn|8
|
|t:|1743841442
|move|p1a: Iron Valiant|Psyshock|p2a: Weezing
|-supereffective|p2a: Weezing
|-damage|p2a: Weezing|3/100
|move|p2a: Weezing|Clear Smog|p1a: Iron Valiant
|-supereffective|p1a: Iron Valiant
|-damage|p1a: Iron Valiant|26/100
|-clearboost|p1a: Iron Valiant
|
|upkeep
|turn|9
|
|t:|1743841451
|move|p1a: Iron Valiant|Psyshock|p2a: Weezing
|-supereffective|p2a: Weezing
|-damage|p2a: Weezing|0 fnt
|faint|p2a: Weezing
|
|-fieldend|Misty Terrain
|upkeep
|
|t:|1743841458
|switch|p2a: Iron Treads|Iron Treads, shiny|100/100
|-damage|p2a: Iron Treads|84/100|[from] Spikes
|turn|10
|
|t:|1743841467
|-end|p1a: Iron Valiant|Quark Drive|[silent]
|switch|p1a: Landorus|Landorus-Therian, M|100/100
|-ability|p1a: Landorus|Intimidate|boost
|-unboost|p2a: Iron Treads|atk|1
|move|p2a: Iron Treads|Rapid Spin|p1a: Landorus
|-damage|p1a: Landorus|90/100
|-boost|p2a: Iron Treads|spe|1
|-damage|p2a: Iron Treads|67/100|[from] item: Rocky Helmet|[of] p1a: Landorus
|-sideend|p2: Xopitask|Spikes|[from] move: Rapid Spin|[of] p2a: Iron Treads
|
|upkeep
|turn|11
|inactive|Xopitask has 120 seconds left.
|
|t:|1743841480
|move|p2a: Iron Treads|Ice Spinner|p1a: Landorus
|-supereffective|p1a: Landorus
|-damage|p1a: Landorus|19/100
|-damage|p2a: Iron Treads|51/100|[from] item: Rocky Helmet|[of] p1a: Landorus
|move|p1a: Landorus|U-turn|p2a: Iron Treads
|-resisted|p2a: Iron Treads
|-damage|p2a: Iron Treads|41/100
|
|t:|1743841502
|switch|p1a: Zamazenta|Zamazenta|73/100|[from] U-turn
|
|-heal|p1a: Zamazenta|79/100|[from] item: Leftovers
|upkeep
|turn|12
|
|t:|1743841514
|move|p1a: Zamazenta|Iron Defense|p1a: Zamazenta
|-boost|p1a: Zamazenta|def|2
|move|p2a: Iron Treads|Earthquake|p1a: Zamazenta
|-damage|p1a: Zamazenta|67/100
|
|-heal|p1a: Zamazenta|73/100|[from] item: Leftovers
|upkeep
|turn|13
|
|t:|1743841527
|-end|p2a: Iron Treads|Quark Drive|[silent]
|switch|p2a: Articuno|Articuno-Galar, shiny|100/100
|move|p1a: Zamazenta|Crunch|p2a: Articuno
|-supereffective|p2a: Articuno
|-damage|p2a: Articuno|57/100
|-enditem|p2a: Articuno|Weakness Policy
|-boost|p2a: Articuno|atk|2|[from] item: Weakness Policy
|-boost|p2a: Articuno|spa|2|[from] item: Weakness Policy
|
|-heal|p1a: Zamazenta|80/100|[from] item: Leftovers
|upkeep
|turn|14
|inactive|yo slow has 120 seconds left.
|
|t:|1743841550
|switch|p1a: Landorus|Landorus-Therian, M|19/100
|-ability|p1a: Landorus|Intimidate|boost
|-unboost|p2a: Articuno|atk|1
|-ability|p2a: Articuno|Competitive|boost
|-boost|p2a: Articuno|spa|2
|move|p2a: Articuno|Freezing Glare|p1a: Landorus
|-damage|p1a: Landorus|0 fnt
|faint|p1a: Landorus
|
|upkeep
|
|t:|1743841559
|switch|p1a: Iron Valiant|Iron Valiant|26/100
|turn|15
|inactive|yo slow has 120 seconds left.
|
|t:|1743841564
|-terastallize|p1a: Iron Valiant|Electric
|move|p1a: Iron Valiant|Thunderbolt|p2a: Articuno
|-supereffective|p2a: Articuno
|-damage|p2a: Articuno|0 fnt
|faint|p2a: Articuno
|
|upkeep
|
|t:|1743841573
|switch|p2a: Iron Treads|Iron Treads, shiny|41/100
|turn|16
|
|t:|1743841587
|-end|p1a: Iron Valiant|Quark Drive|[silent]
|switch|p1a: Iron Moth|Iron Moth|100/100
|-enditem|p1a: Iron Moth|Booster Energy
|-activate|p1a: Iron Moth|ability: Quark Drive|[fromitem]
|-start|p1a: Iron Moth|quarkdrivespe
|move|p2a: Iron Treads|Earthquake|p1a: Iron Moth
|-supereffective|p1a: Iron Moth
|-damage|p1a: Iron Moth|0 fnt
|faint|p1a: Iron Moth
|-end|p1a: Iron Moth|Quark Drive|[silent]
|
|upkeep
|
|t:|1743841595
|switch|p1a: Zamazenta|Zamazenta|80/100
|turn|17
|
|t:|1743841600
|move|p1a: Zamazenta|Iron Defense|p1a: Zamazenta
|-boost|p1a: Zamazenta|def|2
|move|p2a: Iron Treads|Earthquake|p1a: Zamazenta
|-damage|p1a: Zamazenta|63/100
|
|-heal|p1a: Zamazenta|69/100|[from] item: Leftovers
|upkeep
|turn|18
|
|t:|1743841609
|-end|p2a: Iron Treads|Quark Drive|[silent]
|switch|p2a: Clawitzer|Clawitzer, M|100/100
|move|p1a: Zamazenta|Iron Defense|p1a: Zamazenta
|-boost|p1a: Zamazenta|def|2
|
|-heal|p1a: Zamazenta|75/100|[from] item: Leftovers
|upkeep
|turn|19
|
|t:|1743841621
|move|p1a: Zamazenta|Body Press|p2a: Clawitzer
|-damage|p2a: Clawitzer|2/100
|move|p2a: Clawitzer|Water Pulse|p1a: Zamazenta
|-damage|p1a: Zamazenta|39/100
|
|-heal|p1a: Zamazenta|45/100|[from] item: Leftovers
|upkeep
|turn|20
|
|t:|1743841631
|move|p1a: Zamazenta|Body Press|p2a: Clawitzer
|-damage|p2a: Clawitzer|0 fnt
|faint|p2a: Clawitzer
|
|-heal|p1a: Zamazenta|52/100|[from] item: Leftovers
|upkeep
|
|t:|1743841640
|switch|p2a: Cinderace|Cinderace, M, shiny|100/100
|turn|21
|
|t:|1743841645
|move|p1a: Zamazenta|Body Press|p2a: Cinderace
|-damage|p2a: Cinderace|0 fnt
|faint|p2a: Cinderace
|
|-heal|p1a: Zamazenta|58/100|[from] item: Leftovers
|upkeep
|c|☆yo slow|gg fun team
|
|t:|1743841652
|switch|p2a: Iron Treads|Iron Treads, shiny|41/100
|turn|22
|
|t:|1743841662
|-terastallize|p2a: Iron Treads|Ghost
|move|p1a: Zamazenta|Body Press|p2a: Iron Treads
|-immune|p2a: Iron Treads
|move|p2a: Iron Treads|Earthquake|p1a: Zamazenta
|-damage|p1a: Zamazenta|45/100
|
|-heal|p1a: Zamazenta|51/100|[from] item: Leftovers
|upkeep
|turn|23
|
|t:|1743841673
|move|p1a: Zamazenta|Crunch|p2a: Iron Treads
|-supereffective|p2a: Iron Treads
|-damage|p2a: Iron Treads|6/100
|move|p2a: Iron Treads|Ice Spinner|p1a: Zamazenta
|-damage|p1a: Zamazenta|44/100
|
|-heal|p1a: Zamazenta|50/100|[from] item: Leftovers
|upkeep
|turn|24
|
|t:|1743841683
|move|p1a: Zamazenta|Crunch|p2a: Iron Treads
|-supereffective|p2a: Iron Treads
|-damage|p2a: Iron Treads|0 fnt
|faint|p2a: Iron Treads
|-end|p2a: Iron Treads|Quark Drive|[silent]
|
|win|yo slow
|raw|yo slow's rating: 1215 &rarr; <strong>1235</strong><br />(+20 for winning)
|raw|Xopitask's rating: 1143 &rarr; <strong>1123</strong><br />(-20 for losing)
|l|☆Xopitask
|player|p2|
|l|☆yo slow
|player|p1|
