|j|☆dan melon
|j|☆hsy
|t:|1743823619
|gametype|singles
|player|p1|dan melon|colress|1399
|player|p2|hsy|wicke|1374
|teamsize|p1|6
|teamsize|p2|6
|gen|9
|tier|[Gen 9] OU
|rated|
|rule|HP Percentage Mod: HP is shown in percentages
|rule|Endless Battle Clause: Forcing endless battles is banned
|rule|Species Clause: Limit one of each Pokémon
|rule|OHKO Clause: OHKO moves are banned
|rule|Evasion Items Clause: Evasion items are banned
|rule|Evasion Moves Clause: Evasion moves are banned
|rule|Sleep Moves Clause: Sleep-inducing moves are banned
|clearpoke
|poke|p1|Pelipper, M|
|poke|p1|Barraskewda, F|
|poke|p1|Indeedee, M|
|poke|p1|Iron Treads|
|poke|p1|Golduck, F|
|poke|p1|Kingdra, F|
|poke|p2|Garganacl, F|
|poke|p2|Mandibuzz, F|
|poke|p2|Hatterene, F|
|poke|p2|Ursaluna, M|
|poke|p2|Ogerpon-Wellspring, F|
|poke|p2|Glimmora, F|
|teampreview
|inactive|Battle timer is ON: inactive players will automatically lose when time's up. (requested by dan melon)
|
|t:|1743823639
|start
|switch|p1a: Iron Treads|Iron Treads|100/100
|switch|p2a: Hawk Tuah|Mandibuzz, F|100/100
|-enditem|p1a: Iron Treads|Booster Energy
|-activate|p1a: Iron Treads|ability: Quark Drive|[fromitem]
|-start|p1a: Iron Treads|quarkdrivespe
|turn|1
|
|t:|1743823647
|move|p1a: Iron Treads|Stealth Rock|p2a: Hawk Tuah
|-sidestart|p2: hsy|move: Stealth Rock
|move|p2a: Hawk Tuah|Foul Play|p1a: Iron Treads
|-damage|p1a: Iron Treads|57/100
|
|upkeep
|turn|2
|
|t:|1743823655
|-end|p1a: Iron Treads|Quark Drive|[silent]
|switch|p1a: Pelipper|Pelipper, M|100/100
|-weather|RainDance|[from] ability: Drizzle|[of] p1a: Pelipper
|move|p2a: Hawk Tuah|Foul Play|p1a: Pelipper
|-damage|p1a: Pelipper|85/100
|
|-weather|RainDance|[upkeep]
|upkeep
|turn|3
|
|t:|1743823666
|move|p2a: Hawk Tuah|Knock Off|p1a: Pelipper
|-damage|p1a: Pelipper|66/100
|-enditem|p1a: Pelipper|Damp Rock|[from] move: Knock Off|[of] p2a: Hawk Tuah
|move|p1a: Pelipper|U-turn|p2a: Hawk Tuah
|-damage|p2a: Hawk Tuah|96/100
|
|t:|1743823672
|switch|p1a: Golduck|Golduck, F|100/100|[from] U-turn
|
|-weather|RainDance|[upkeep]
|upkeep
|turn|4
|
|t:|1743823681
|move|p1a: Golduck|Nasty Plot|p1a: Golduck
|-boost|p1a: Golduck|spa|2
|move|p2a: Hawk Tuah|Knock Off|p1a: Golduck
|-damage|p1a: Golduck|70/100
|-enditem|p1a: Golduck|Life Orb|[from] move: Knock Off|[of] p2a: Hawk Tuah
|
|-weather|RainDance|[upkeep]
|upkeep
|turn|5
|
|t:|1743823687
|move|p1a: Golduck|Hydro Pump|p2a: Hawk Tuah
|-damage|p2a: Hawk Tuah|0 fnt
|faint|p2a: Hawk Tuah
|
|-weather|RainDance|[upkeep]
|upkeep
|
|t:|1743823691
|switch|p2a: Ogerpon that thang|Ogerpon-Wellspring, F|100/100
|-damage|p2a: Ogerpon that thang|88/100|[from] Stealth Rock
|turn|6
|
|t:|1743823698
|-terastallize|p1a: Golduck|Psychic
|move|p1a: Golduck|Psyshock|p2a: Ogerpon that thang
|-damage|p2a: Ogerpon that thang|0 fnt
|faint|p2a: Ogerpon that thang
|
|-weather|RainDance|[upkeep]
|upkeep
|
|t:|1743823706
|switch|p2a: Stealth Rock Tuah|Glimmora, F|100/100
|-damage|p2a: Stealth Rock Tuah|88/100|[from] Stealth Rock
|turn|7
|
|t:|1743823714
|move|p1a: Golduck|Psyshock|p2a: Stealth Rock Tuah
|-supereffective|p2a: Stealth Rock Tuah
|-damage|p2a: Stealth Rock Tuah|0 fnt
|faint|p2a: Stealth Rock Tuah
|
|-weather|RainDance|[upkeep]
|upkeep
|
|t:|1743823716
|switch|p2a: Rock Tuah|Garganacl, F|100/100
|-damage|p2a: Rock Tuah|88/100|[from] Stealth Rock
|turn|8
|
|t:|1743823735
|move|p2a: Rock Tuah|Protect|p2a: Rock Tuah
|-singleturn|p2a: Rock Tuah|Protect
|move|p1a: Golduck|Psyshock|p2a: Rock Tuah
|-activate|p2a: Rock Tuah|move: Protect
|
|-weather|RainDance|[upkeep]
|-heal|p2a: Rock Tuah|94/100|[from] item: Leftovers
|upkeep
|turn|9
|
|t:|1743823745
|-terastallize|p2a: Rock Tuah|Ghost
|move|p1a: Golduck|Hydro Pump|p2a: Rock Tuah
|-damage|p2a: Rock Tuah|0 fnt
|faint|p2a: Rock Tuah
|
|-weather|none
|upkeep
|
|t:|1743823750
|switch|p2a: Hat Tuah|Hatterene, F|100/100
|-damage|p2a: Hat Tuah|88/100|[from] Stealth Rock
|turn|10
|
|t:|1743823757
|move|p1a: Golduck|Hydro Pump|p2a: Hat Tuah|[miss]
|-miss|p1a: Golduck|p2a: Hat Tuah
|move|p2a: Hat Tuah|Nuzzle|p1a: Golduck
|-damage|p1a: Golduck|65/100
|-status|p1a: Golduck|par
|
|upkeep
|turn|11
|
|t:|1743823760
|move|p1a: Golduck|Hydro Pump|p2a: Hat Tuah
|-damage|p2a: Hat Tuah|0 fnt
|faint|p2a: Hat Tuah
|
|upkeep
|
|t:|1743823763
|switch|p2a: Maul Tuah|Ursaluna, M|100/100
|-damage|p2a: Maul Tuah|94/100|[from] Stealth Rock
|turn|12
|c|☆dan melon|gg
|
|t:|1743823768
|cant|p1a: Golduck|par
|move|p2a: Maul Tuah|Trailblaze|p1a: Golduck
|-crit|p1a: Golduck
|-damage|p1a: Golduck|23/100 par
|-boost|p2a: Maul Tuah|spe|1
|
|upkeep
|turn|13
|
|t:|1743823773
|move|p2a: Maul Tuah|Trailblaze|p1a: Golduck
|-damage|p1a: Golduck|0 fnt
|-boost|p2a: Maul Tuah|spe|1
|faint|p1a: Golduck
|
|upkeep
|
|t:|1743823778
|switch|p1a: Pelipper|Pelipper, M|66/100
|-weather|RainDance|[from] ability: Drizzle|[of] p1a: Pelipper
|turn|14
|
|t:|1743823783
|move|p2a: Maul Tuah|Trailblaze|p1a: Pelipper
|-damage|p1a: Pelipper|51/100
|-boost|p2a: Maul Tuah|spe|1
|move|p1a: Pelipper|Surf|p2a: Maul Tuah
|-supereffective|p2a: Maul Tuah
|-damage|p2a: Maul Tuah|45/100
|
|-weather|RainDance|[upkeep]
|upkeep
|turn|15
|
|t:|1743823792
|move|p2a: Maul Tuah|Facade|p1a: Pelipper
|-damage|p1a: Pelipper|21/100
|move|p1a: Pelipper|Surf|p2a: Maul Tuah
|-supereffective|p2a: Maul Tuah
|-damage|p2a: Maul Tuah|0 fnt
|faint|p2a: Maul Tuah
|
|win|dan melon
|raw|dan melon's rating: 1399 &rarr; <strong>1418</strong><br />(+19 for winning)
|raw|hsy's rating: 1374 &rarr; <strong>1355</strong><br />(-19 for losing)
|l|☆hsy
|player|p2|
|c|☆dan melon|yeah gg
|l|☆dan melon
|player|p1|
