|j|☆dajiangbanlema
|j|☆weird mon
|t:|1743926485
|gametype|singles
|player|p1|dajiangbanlema|101|1652
|player|p2|weird mon|battlegirl-gen4|1692
|teamsize|p1|6
|teamsize|p2|6
|gen|9
|tier|[Gen 9] OU
|rated|
|rule|HP Percentage Mod: HP is shown in percentages
|rule|Endless Battle Clause: Forcing endless battles is banned
|rule|Species Clause: Limit one of each Pokémon
|rule|OHKO Clause: OHKO moves are banned
|rule|Evasion Items Clause: Evasion items are banned
|rule|Evasion Moves Clause: Evasion moves are banned
|rule|Sleep Moves Clause: Sleep-inducing moves are banned
|clearpoke
|poke|p1|Porygon2|
|poke|p1|Hatterene, F|
|poke|p1|Cinderace, F|
|poke|p1|Ursaluna, F|
|poke|p1|Torkoal, M|
|poke|p1|Iron Crown|
|poke|p2|Gholdengo|
|poke|p2|Iron Treads|
|poke|p2|Ogerpon-Wellspring, F|
|poke|p2|Dragonite, M|
|poke|p2|Darkrai|
|poke|p2|Iron Valiant|
|teampreview
|c|☆weird mon|hf
|c|☆weird mon|tricky boy
|
|t:|1743926501
|start
|switch|p1a: Cinderace|Cinderace, F|100/100
|switch|p2a: Darkrai|Darkrai|100/100
|turn|1
|
|t:|1743926512
|move|p2a: Darkrai|Dark Pulse|p1a: Cinderace
|-damage|p1a: Cinderace|33/100
|move|p1a: Cinderace|High Jump Kick|p2a: Darkrai
|-start|p1a: Cinderace|typechange|Fighting|[from] ability: Libero
|-supereffective|p2a: Darkrai
|-damage|p2a: Darkrai|0 fnt
|faint|p2a: Darkrai
|
|upkeep
|
|t:|1743926524
|switch|p2a: Iron Treads|Iron Treads|100/100
|-enditem|p2a: Iron Treads|Booster Energy
|-activate|p2a: Iron Treads|ability: Quark Drive|[fromitem]
|-start|p2a: Iron Treads|quarkdrivespe
|turn|2
|
|t:|1743926528
|switch|p1a: Porygon2|Porygon2|100/100
|move|p2a: Iron Treads|Earthquake|p1a: Porygon2
|-damage|p1a: Porygon2|74/100
|
|upkeep
|turn|3
|
|t:|1743926532
|switch|p1a: Hatterene|Hatterene, F|100/100
|move|p2a: Iron Treads|Stealth Rock|p1a: Hatterene
|move|p1a: Hatterene|Stealth Rock|p2a: Iron Treads|[from] ability: Magic Bounce
|-sidestart|p2: weird mon|move: Stealth Rock
|
|upkeep
|turn|4
|
|t:|1743926536
|move|p2a: Iron Treads|Earthquake|p1a: Hatterene
|-damage|p1a: Hatterene|56/100
|move|p1a: Hatterene|Trick Room|p1a: Hatterene
|-fieldstart|move: Trick Room|[of] p1a: Hatterene
|
|upkeep
|turn|5
|
|t:|1743926544
|switch|p1a: Torkoal|Torkoal, M|100/100
|-weather|SunnyDay|[from] ability: Drought|[of] p1a: Torkoal
|move|p2a: Iron Treads|Earthquake|p1a: Torkoal
|-supereffective|p1a: Torkoal
|-damage|p1a: Torkoal|25/100
|
|-weather|SunnyDay|[upkeep]
|upkeep
|turn|6
|inactive|Battle timer is ON: inactive players will automatically lose when time's up. (requested by dajiangbanlema)
|
|t:|1743926571
|move|p1a: Torkoal|Weather Ball|p2a: Iron Treads
|-supereffective|p2a: Iron Treads
|-damage|p2a: Iron Treads|0 fnt
|faint|p2a: Iron Treads
|-end|p2a: Iron Treads|Quark Drive|[silent]
|
|-weather|SunnyDay|[upkeep]
|upkeep
|
|t:|1743926576
|switch|p2a: Dragonite|Dragonite, M, shiny|100/100
|turn|7
|
|t:|1743926579
|switch|p1a: Ursaluna|Ursaluna, F|100/100
|move|p2a: Dragonite|Earthquake|p1a: Ursaluna
|-damage|p1a: Ursaluna|76/100
|
|-weather|SunnyDay|[upkeep]
|-status|p1a: Ursaluna|brn|[from] item: Flame Orb
|upkeep
|turn|8
|
|t:|1743926587
|move|p1a: Ursaluna|Facade|p2a: Dragonite
|-damage|p2a: Dragonite|31/100
|move|p2a: Dragonite|Earthquake|p1a: Ursaluna
|-damage|p1a: Ursaluna|51/100 brn
|
|-weather|SunnyDay|[upkeep]
|-damage|p1a: Ursaluna|45/100 brn|[from] brn
|-fieldend|move: Trick Room
|upkeep
|turn|9
|
|t:|1743926599
|move|p2a: Dragonite|Earthquake|p1a: Ursaluna
|-damage|p1a: Ursaluna|19/100 brn
|move|p1a: Ursaluna|Crunch|p2a: Dragonite
|-damage|p2a: Dragonite|0 fnt
|faint|p2a: Dragonite
|
|-weather|none
|-damage|p1a: Ursaluna|13/100 brn|[from] brn
|upkeep
|
|t:|1743926605
|switch|p2a: Ogerpon|Ogerpon-Wellspring, F|100/100
|-damage|p2a: Ogerpon|88/100|[from] Stealth Rock
|turn|10
|
|t:|1743926612
|switch|p1a: Porygon2|Porygon2|74/100
|-ability|p1a: Porygon2|Water Absorb|[from] ability: Trace|[of] p2a: Ogerpon
|move|p2a: Ogerpon|Ivy Cudgel|p1a: Porygon2|[anim] Ivy Cudgel Water
|-heal|p1a: Porygon2|99/100|[from] ability: Water Absorb|[of] p2a: Ogerpon
|
|upkeep
|turn|11
|
|t:|1743926620
|move|p2a: Ogerpon|Swords Dance|p2a: Ogerpon
|-boost|p2a: Ogerpon|atk|2
|move|p1a: Porygon2|Trick Room|p1a: Porygon2
|-fieldstart|move: Trick Room|[of] p1a: Porygon2
|
|upkeep
|turn|12
|
|t:|1743926627
|move|p1a: Porygon2|Foul Play|p2a: Ogerpon
|-damage|p2a: Ogerpon|0 fnt
|faint|p2a: Ogerpon
|
|upkeep
|
|t:|1743926634
|switch|p2a: Gholdengo|Gholdengo|100/100
|-damage|p2a: Gholdengo|94/100|[from] Stealth Rock
|-item|p2a: Gholdengo|Air Balloon
|turn|13
|
|t:|1743926638
|switch|p1a: Ursaluna|Ursaluna, F|13/100 brn
|move|p2a: Gholdengo|Nasty Plot|p2a: Gholdengo
|-boost|p2a: Gholdengo|spa|2
|
|-damage|p1a: Ursaluna|7/100 brn|[from] brn
|upkeep
|turn|14
|
|t:|1743926643
|move|p1a: Ursaluna|Crunch|p2a: Gholdengo
|-supereffective|p2a: Gholdengo
|-damage|p2a: Gholdengo|26/100
|-enditem|p2a: Gholdengo|Air Balloon
|move|p2a: Gholdengo|Make It Rain|p1a: Ursaluna
|-crit|p1a: Ursaluna
|-damage|p1a: Ursaluna|0 fnt
|-unboost|p2a: Gholdengo|spa|1
|faint|p1a: Ursaluna
|
|upkeep
|j| LoodewhX
|c| LoodewhX|yo yo yo
|
|t:|1743926648
|switch|p1a: Torkoal|Torkoal, M|25/100
|-weather|SunnyDay|[from] ability: Drought|[of] p1a: Torkoal
|turn|15
|
|t:|1743926653
|move|p1a: Torkoal|Weather Ball|p2a: Gholdengo
|-supereffective|p2a: Gholdengo
|-damage|p2a: Gholdengo|0 fnt
|faint|p2a: Gholdengo
|
|-weather|SunnyDay|[upkeep]
|-fieldend|move: Trick Room
|upkeep
|
|t:|1743926656
|switch|p2a: Iron Valiant|Iron Valiant|100/100
|-damage|p2a: Iron Valiant|94/100|[from] Stealth Rock
|-enditem|p2a: Iron Valiant|Booster Energy
|-activate|p2a: Iron Valiant|ability: Quark Drive|[fromitem]
|-start|p2a: Iron Valiant|quarkdrivespe
|turn|16
|
|t:|1743926660
|move|p2a: Iron Valiant|Calm Mind|p2a: Iron Valiant
|-boost|p2a: Iron Valiant|spa|1
|-boost|p2a: Iron Valiant|spd|1
|move|p1a: Torkoal|Weather Ball|p2a: Iron Valiant
|-damage|p2a: Iron Valiant|0 fnt
|faint|p2a: Iron Valiant
|-end|p2a: Iron Valiant|Quark Drive|[silent]
|
|win|dajiangbanlema
|raw|dajiangbanlema's rating: 1652 &rarr; <strong>1674</strong><br />(+22 for winning)
|raw|weird mon's rating: 1692 &rarr; <strong>1670</strong><br />(-22 for losing)
|l|☆weird mon
|player|p2|
|l| LoodewhX
|l|☆dajiangbanlema
|player|p1|
