|j|☆yrbxndz
|j|☆Nosejugarpokemones
|t:|1743792213
|gametype|singles
|player|p1|yrbxndz|colress|1118
|player|p2|Nosejugarpokemones|medium|1110
|teamsize|p1|6
|teamsize|p2|6
|gen|9
|tier|[Gen 9] OU
|rated|
|rule|HP Percentage Mod: HP is shown in percentages
|rule|Endless Battle Clause: Forcing endless battles is banned
|rule|Species Clause: Limit one of each Pokémon
|rule|OHKO Clause: OHKO moves are banned
|rule|Evasion Items Clause: Evasion items are banned
|rule|Evasion Moves Clause: Evasion moves are banned
|rule|Sleep Moves Clause: Sleep-inducing moves are banned
|clearpoke
|poke|p1|Azumarill, F|
|poke|p1|Galvantula, M|
|poke|p1|Clodsire, M|
|poke|p1|Blaziken, F|
|poke|p1|Scizor, M|
|poke|p1|Maushold|
|poke|p2|Dodrio, M|
|poke|p2|Jolteon, M|
|poke|p2|Rhydon, M|
|poke|p2|Gengar, M|
|poke|p2|Gyarados, M|
|poke|p2|Clefable, M|
|teampreview
|
|t:|1743792219
|start
|switch|p1a: Galvantula|Galvantula, M, shiny|100/100
|switch|p2a: Dodrio|Dodrio, M, shiny|100/100
|turn|1
|
|t:|1743792238
|switch|p2a: Jolteon|Jolteon, M|100/100
|move|p1a: Galvantula|Sticky Web|p2a: Jolteon
|-sidestart|p2: Nosejugarpokemones|move: Sticky Web
|
|upkeep
|turn|2
|
|t:|1743792249
|move|p2a: Jolteon|Shadow Ball|p1a: Galvantula
|-damage|p1a: Galvantula|57/100
|move|p1a: Galvantula|Bug Buzz|p2a: Jolteon
|-damage|p2a: Jolteon|53/100
|-unboost|p2a: Jolteon|spd|1
|
|upkeep
|turn|3
|
|t:|1743792258
|move|p2a: Jolteon|Volt Switch|p1a: Galvantula
|-resisted|p1a: Galvantula
|-damage|p1a: Galvantula|29/100
|
|t:|1743792262
|switch|p2a: Rhydon|Rhydon, M|100/100|[from] Volt Switch
|-activate|p2a: Rhydon|move: Sticky Web
|-unboost|p2a: Rhydon|spe|1
|move|p1a: Galvantula|Bug Buzz|p2a: Rhydon
|-damage|p2a: Rhydon|68/100
|
|upkeep
|turn|4
|
|t:|1743792275
|move|p1a: Galvantula|Bug Buzz|p2a: Rhydon
|-damage|p2a: Rhydon|39/100
|move|p2a: Rhydon|Stone Edge|p1a: Galvantula|[miss]
|-miss|p2a: Rhydon|p1a: Galvantula
|
|upkeep
|turn|5
|
|t:|1743792282
|move|p1a: Galvantula|Bug Buzz|p2a: Rhydon
|-damage|p2a: Rhydon|8/100
|move|p2a: Rhydon|Earthquake|p1a: Galvantula
|-damage|p1a: Galvantula|0 fnt
|faint|p1a: Galvantula
|
|upkeep
|
|t:|1743792308
|switch|p1a: Azumarill|Azumarill, F|100/100
|turn|6
|
|t:|1743792315
|move|p1a: Azumarill|Aqua Jet|p2a: Rhydon
|-supereffective|p2a: Rhydon
|-damage|p2a: Rhydon|0 fnt
|faint|p2a: Rhydon
|
|upkeep
|
|t:|1743792320
|switch|p2a: Gyarados|Gyarados, M, shiny|100/100
|-ability|p2a: Gyarados|Intimidate|boost
|-unboost|p1a: Azumarill|atk|1
|turn|7
|
|t:|1743792329
|move|p2a: Gyarados|Dragon Dance|p2a: Gyarados
|-boost|p2a: Gyarados|atk|1
|-boost|p2a: Gyarados|spe|1
|move|p1a: Azumarill|Play Rough|p2a: Gyarados
|-damage|p2a: Gyarados|53/100
|
|-heal|p2a: Gyarados|59/100|[from] item: Leftovers
|upkeep
|turn|8
|
|t:|1743792362
|move|p2a: Gyarados|Dragon Dance|p2a: Gyarados
|-boost|p2a: Gyarados|atk|1
|-boost|p2a: Gyarados|spe|1
|move|p1a: Azumarill|Play Rough|p2a: Gyarados
|-damage|p2a: Gyarados|14/100
|
|-heal|p2a: Gyarados|21/100|[from] item: Leftovers
|upkeep
|turn|9
|
|t:|1743792371
|move|p1a: Azumarill|Aqua Jet|p2a: Gyarados
|-resisted|p2a: Gyarados
|-damage|p2a: Gyarados|11/100
|move|p2a: Gyarados|Waterfall|p1a: Azumarill
|-resisted|p1a: Azumarill
|-damage|p1a: Azumarill|56/100
|
|-heal|p2a: Gyarados|17/100|[from] item: Leftovers
|upkeep
|turn|10
|
|t:|1743792384
|switch|p2a: Jolteon|Jolteon, M|53/100
|-activate|p2a: Jolteon|move: Sticky Web
|-unboost|p2a: Jolteon|spe|1
|move|p1a: Azumarill|Play Rough|p2a: Jolteon
|-damage|p2a: Jolteon|0 fnt
|faint|p2a: Jolteon
|
|upkeep
|-message|Nosejugarpokemones forfeited.
|
|win|yrbxndz
|raw|yrbxndz's rating: 1118 &rarr; <strong>1142</strong><br />(+24 for winning)
|raw|Nosejugarpokemones's rating: 1110 &rarr; <strong>1086</strong><br />(-24 for losing)
