|j|☆rekka auto
|j|☆Kazio1
|t:|1743931936
|gametype|singles
|player|p1|rekka auto|drayden|1476
|player|p2|Kazio1|palmer|1454
|teamsize|p1|6
|teamsize|p2|6
|gen|9
|tier|[Gen 9] OU
|rated|
|rule|HP Percentage Mod: HP is shown in percentages
|rule|Endless Battle Clause: Forcing endless battles is banned
|rule|Species Clause: Limit one of each Pokémon
|rule|OHKO Clause: OHKO moves are banned
|rule|Evasion Items Clause: Evasion items are banned
|rule|Evasion Moves Clause: Evasion moves are banned
|rule|Sleep Moves Clause: Sleep-inducing moves are banned
|clearpoke
|poke|p1|Rotom-Wash|
|poke|p1|Meowscarada, F|
|poke|p1|Great Tusk|
|poke|p1|Garchomp, M|
|poke|p1|Gholdengo|
|poke|p1|Kyurem|
|poke|p2|Raging Bolt|
|poke|p2|Pelipper, F|
|poke|p2|Kingdra, M|
|poke|p2|Dragapult, M|
|poke|p2|Weavile, M|
|poke|p2|Iron Crown|
|teampreview
|inactive|Battle timer is ON: inactive players will automatically lose when time's up. (requested by rekka auto)
|
|t:|1743931951
|start
|switch|p1a: Garchomp|Garchomp, M|100/100
|switch|p2a: Weavile|Weavile, M|100/100
|-ability|p2a: Weavile|Pressure
|turn|1
|
|t:|1743931961
|switch|p1a: Rotom|Rotom-Wash|100/100
|move|p2a: Weavile|Icicle Crash|p1a: Rotom
|-resisted|p1a: Rotom
|-damage|p1a: Rotom|78/100
|
|upkeep
|turn|2
|
|t:|1743931976
|switch|p2a: Pelipper|Pelipper, F|100/100
|-weather|RainDance|[from] ability: Drizzle|[of] p2a: Pelipper
|move|p1a: Rotom|Pain Split|p2a: Pelipper
|-sethp|p2a: Pelipper|87/100|[from] move: Pain Split|[silent]
|-sethp|p1a: Rotom|92/100|[from] move: Pain Split
|
|-weather|RainDance|[upkeep]
|upkeep
|turn|3
|
|t:|1743931983
|switch|p2a: Raging Bolt|Raging Bolt|100/100
|move|p1a: Rotom|Volt Switch|p2a: Raging Bolt
|-resisted|p2a: Raging Bolt
|-damage|p2a: Raging Bolt|97/100
|
|t:|1743931986
|switch|p1a: Great Tusk|Great Tusk|100/100|[from] Volt Switch
|
|-weather|RainDance|[upkeep]
|upkeep
|turn|4
|
|t:|1743931990
|-terastallize|p2a: Raging Bolt|Fairy
|move|p1a: Great Tusk|Headlong Rush|p2a: Raging Bolt
|-damage|p2a: Raging Bolt|45/100
|-unboost|p1a: Great Tusk|def|1
|-unboost|p1a: Great Tusk|spd|1
|move|p2a: Raging Bolt|Weather Ball|p1a: Great Tusk
|-supereffective|p1a: Great Tusk
|-crit|p1a: Great Tusk
|-damage|p1a: Great Tusk|0 fnt
|faint|p1a: Great Tusk
|-end|p1a: Great Tusk|Protosynthesis|[silent]
|
|-weather|RainDance|[upkeep]
|upkeep
|
|t:|1743931994
|switch|p1a: Gholdengo|Gholdengo|100/100
|turn|5
|
|t:|1743932017
|move|p1a: Gholdengo|Make It Rain|p2a: Raging Bolt
|-supereffective|p2a: Raging Bolt
|-damage|p2a: Raging Bolt|0 fnt
|-unboost|p1a: Gholdengo|spa|1
|faint|p2a: Raging Bolt
|-end|p2a: Raging Bolt|Protosynthesis|[silent]
|
|-weather|RainDance|[upkeep]
|upkeep
|inactive|Kazio1 has 120 seconds left.
|inactive|Kazio1 has 90 seconds left.
|inactive|Kazio1 has 60 seconds left.
|
|t:|1743932100
|switch|p2a: Iron Crown|Iron Crown|100/100
|-enditem|p2a: Iron Crown|Booster Energy
|-activate|p2a: Iron Crown|ability: Quark Drive|[fromitem]
|-start|p2a: Iron Crown|quarkdrivespa
|turn|6
|inactive|Kazio1 has 60 seconds left.
|
|t:|1743932112
|move|p2a: Iron Crown|Calm Mind|p2a: Iron Crown
|-boost|p2a: Iron Crown|spa|1
|-boost|p2a: Iron Crown|spd|1
|move|p1a: Gholdengo|Nasty Plot|p1a: Gholdengo
|-boost|p1a: Gholdengo|spa|2
|
|-weather|RainDance|[upkeep]
|upkeep
|turn|7
|inactive|Kazio1 has 60 seconds left.
|
|t:|1743932119
|move|p2a: Iron Crown|Tachyon Cutter|p1a: Gholdengo
|-resisted|p1a: Gholdengo
|-damage|p1a: Gholdengo|72/100
|-resisted|p1a: Gholdengo
|-damage|p1a: Gholdengo|46/100
|-hitcount|p1a: Gholdengo|2
|move|p1a: Gholdengo|Nasty Plot|p1a: Gholdengo
|-boost|p1a: Gholdengo|spa|2
|
|-weather|RainDance|[upkeep]
|upkeep
|turn|8
|inactive|Kazio1 has 60 seconds left.
|
|t:|1743932135
|move|p2a: Iron Crown|Tachyon Cutter|p1a: Gholdengo
|-resisted|p1a: Gholdengo
|-damage|p1a: Gholdengo|20/100
|-resisted|p1a: Gholdengo
|-damage|p1a: Gholdengo|0 fnt
|faint|p1a: Gholdengo
|-hitcount|p1: Gholdengo|2
|
|-weather|RainDance|[upkeep]
|upkeep
|
|t:|1743932137
|switch|p1a: Meowscarada|Meowscarada, F|100/100
|turn|9
|inactive|Kazio1 has 60 seconds left.
|
|t:|1743932152
|move|p1a: Meowscarada|Knock Off|p2a: Iron Crown
|-start|p1a: Meowscarada|typechange|Dark|[from] ability: Protean
|-supereffective|p2a: Iron Crown
|-damage|p2a: Iron Crown|37/100
|move|p2a: Iron Crown|Tachyon Cutter|p1a: Meowscarada
|-damage|p1a: Meowscarada|21/100
|-damage|p1a: Meowscarada|0 fnt
|faint|p1a: Meowscarada
|-hitcount|p1: Meowscarada|2
|
|-weather|none
|upkeep
|
|t:|1743932157
|switch|p1a: Rotom|Rotom-Wash|92/100
|turn|10
|
|t:|1743932161
|move|p2a: Iron Crown|Tachyon Cutter|p1a: Rotom
|-resisted|p1a: Rotom
|-damage|p1a: Rotom|79/100
|-resisted|p1a: Rotom
|-damage|p1a: Rotom|66/100
|-hitcount|p1a: Rotom|2
|move|p1a: Rotom|Hydro Pump|p2a: Iron Crown
|-damage|p2a: Iron Crown|9/100
|
|upkeep
|turn|11
|
|t:|1743932165
|move|p2a: Iron Crown|Stored Power|p1a: Rotom
|-damage|p1a: Rotom|0 fnt
|faint|p1a: Rotom
|
|upkeep
|
|t:|1743932168
|switch|p1a: Garchomp|Garchomp, M|100/100
|turn|12
|
|t:|1743932171
|move|p2a: Iron Crown|Tachyon Cutter|p1a: Garchomp
|-damage|p1a: Garchomp|48/100
|-crit|p1a: Garchomp
|-damage|p1a: Garchomp|0 fnt
|faint|p1a: Garchomp
|-hitcount|p1: Garchomp|2
|
|upkeep
|-message|rekka auto forfeited.
|
|win|Kazio1
|raw|rekka auto's rating: 1476 &rarr; <strong>1455</strong><br />(-21 for losing)
|raw|Kazio1's rating: 1454 &rarr; <strong>1475</strong><br />(+21 for winning)
|l|☆rekka auto
|player|p1|
