|j|☆qytyrewdtw
|j|☆EywaOW
|t:|1743906588
|gametype|singles
|player|p1|qytyrewdtw|lucian|1133
|player|p2|EywaOW|roxie|1128
|teamsize|p1|6
|teamsize|p2|6
|gen|9
|tier|[Gen 9] OU
|rated|
|rule|HP Percentage Mod: HP is shown in percentages
|rule|Endless Battle Clause: Forcing endless battles is banned
|rule|Species Clause: Limit one of each Pokémon
|rule|OHKO Clause: OHKO moves are banned
|rule|Evasion Items Clause: Evasion items are banned
|rule|Evasion Moves Clause: Evasion moves are banned
|rule|Sleep Moves Clause: Sleep-inducing moves are banned
|clearpoke
|poke|p1|Clodsire, F|
|poke|p1|Quagsire, M|
|poke|p1|Talonflame, M|
|poke|p1|Garganacl, F|
|poke|p1|Umbreon, M|
|poke|p1|Toxapex, F|
|poke|p2|Walking Wake|
|poke|p2|Donphan, M|
|poke|p2|Thundurus-Therian, M|
|poke|p2|Primarina, F|
|poke|p2|Breloom, M|
|poke|p2|Scizor, M|
|teampreview
|inactive|Battle timer is ON: inactive players will automatically lose when time's up. (requested by EywaOW)
|
|t:|1743906600
|start
|switch|p1a: Garganacl|Garganacl, F|100/100
|switch|p2a: Walking Wake|Walking Wake|100/100
|-enditem|p2a: Walking Wake|Booster Energy
|-activate|p2a: Walking Wake|ability: Protosynthesis|[fromitem]
|-start|p2a: Walking Wake|protosynthesisspa
|turn|1
|
|t:|1743906613
|switch|p1a: Clodsire|Clodsire, F|100/100
|move|p2a: Walking Wake|Surf|p1a: Clodsire
|-immune|p1a: Clodsire|[from] ability: Water Absorb
|
|upkeep
|turn|2
|
|t:|1743906618
|move|p2a: Walking Wake|Dragon Pulse|p1a: Clodsire
|-damage|p1a: Clodsire|67/100
|move|p1a: Clodsire|Poison Jab|p2a: Walking Wake
|-damage|p2a: Walking Wake|77/100
|
|-heal|p1a: Clodsire|74/100|[from] item: Leftovers
|upkeep
|turn|3
|
|t:|1743906627
|move|p2a: Walking Wake|Dragon Pulse|p1a: Clodsire
|-damage|p1a: Clodsire|39/100
|move|p1a: Clodsire|Poison Jab|p2a: Walking Wake
|-damage|p2a: Walking Wake|52/100
|-status|p2a: Walking Wake|psn
|
|-heal|p1a: Clodsire|45/100|[from] item: Leftovers
|-damage|p2a: Walking Wake|40/100 psn|[from] psn
|upkeep
|turn|4
|
|t:|1743906635
|move|p1a: Clodsire|Protect|p1a: Clodsire
|-singleturn|p1a: Clodsire|Protect
|move|p2a: Walking Wake|Dragon Pulse|p1a: Clodsire
|-activate|p1a: Clodsire|move: Protect
|
|-heal|p1a: Clodsire|51/100|[from] item: Leftovers
|-damage|p2a: Walking Wake|27/100 psn|[from] psn
|upkeep
|turn|5
|
|t:|1743906645
|move|p2a: Walking Wake|Dragon Pulse|p1a: Clodsire
|-damage|p1a: Clodsire|20/100
|move|p1a: Clodsire|Recover|p1a: Clodsire
|-heal|p1a: Clodsire|70/100
|
|-heal|p1a: Clodsire|76/100|[from] item: Leftovers
|-damage|p2a: Walking Wake|15/100 psn|[from] psn
|upkeep
|turn|6
|
|t:|1743906654
|move|p1a: Clodsire|Protect|p1a: Clodsire
|-singleturn|p1a: Clodsire|Protect
|move|p2a: Walking Wake|Dragon Pulse|p1a: Clodsire
|-activate|p1a: Clodsire|move: Protect
|
|-heal|p1a: Clodsire|82/100|[from] item: Leftovers
|-damage|p2a: Walking Wake|3/100 psn|[from] psn
|upkeep
|turn|7
|
|t:|1743906664
|move|p2a: Walking Wake|Flamethrower|p1a: Clodsire
|-damage|p1a: Clodsire|58/100
|move|p1a: Clodsire|Recover|p1a: Clodsire
|-heal|p1a: Clodsire|100/100
|
|-damage|p2a: Walking Wake|0 fnt|[from] psn
|faint|p2a: Walking Wake
|-end|p2a: Walking Wake|Protosynthesis|[silent]
|upkeep
|
|t:|1743906679
|switch|p2a: Primarina|Primarina, F|100/100
|turn|8
|
|t:|1743906682
|move|p2a: Primarina|Psychic|p1a: Clodsire
|-supereffective|p1a: Clodsire
|-crit|p1a: Clodsire
|-damage|p1a: Clodsire|49/100
|move|p1a: Clodsire|Poison Jab|p2a: Primarina
|-supereffective|p2a: Primarina
|-damage|p2a: Primarina|51/100
|
|-heal|p2a: Primarina|57/100|[from] item: Leftovers
|-heal|p1a: Clodsire|55/100|[from] item: Leftovers
|upkeep
|turn|9
|
|t:|1743906700
|-terastallize|p1a: Clodsire|Steel
|move|p2a: Primarina|Ice Beam|p1a: Clodsire
|-resisted|p1a: Clodsire
|-damage|p1a: Clodsire|46/100
|move|p1a: Clodsire|Poison Jab|p2a: Primarina
|-supereffective|p2a: Primarina
|-damage|p2a: Primarina|1/100
|-status|p2a: Primarina|psn
|
|-heal|p2a: Primarina|7/100 psn|[from] item: Leftovers
|-heal|p1a: Clodsire|52/100|[from] item: Leftovers
|-damage|p2a: Primarina|0 fnt|[from] psn
|faint|p2a: Primarina
|upkeep
|
|t:|1743906715
|switch|p2a: Thundurus|Thundurus-Therian, M|100/100
|turn|10
|
|t:|1743906731
|move|p2a: Thundurus|Thunderbolt|p1a: Clodsire
|-damage|p1a: Clodsire|26/100
|move|p1a: Clodsire|Recover|p1a: Clodsire
|-heal|p1a: Clodsire|76/100
|
|-heal|p1a: Clodsire|82/100|[from] item: Leftovers
|upkeep
|turn|11
|
|t:|1743906738
|move|p2a: Thundurus|Focus Blast|p1a: Clodsire
|-supereffective|p1a: Clodsire
|-damage|p1a: Clodsire|26/100
|-unboost|p1a: Clodsire|spd|1
|move|p1a: Clodsire|Poison Jab|p2a: Thundurus
|-damage|p2a: Thundurus|67/100
|
|-heal|p1a: Clodsire|32/100|[from] item: Leftovers
|upkeep
|turn|12
|
|t:|1743906756
|switch|p1a: Umbreon|Umbreon, M|100/100
|move|p2a: Thundurus|Thunderbolt|p1a: Umbreon
|-damage|p1a: Umbreon|65/100
|
|-heal|p1a: Umbreon|71/100|[from] item: Leftovers
|upkeep
|turn|13
|
|t:|1743906762
|move|p2a: Thundurus|Focus Blast|p1a: Umbreon|[miss]
|-miss|p2a: Thundurus|p1a: Umbreon
|move|p1a: Umbreon|Wish|p1a: Umbreon
|
|-heal|p1a: Umbreon|77/100|[from] item: Leftovers
|upkeep
|turn|14
|
|t:|1743906775
|switch|p1a: Clodsire|Clodsire, F, tera:Steel|32/100
|move|p2a: Thundurus|Focus Blast|p1a: Clodsire
|-supereffective|p1a: Clodsire
|-damage|p1a: Clodsire|0 fnt
|faint|p1a: Clodsire
|
|upkeep
|
|t:|1743906786
|switch|p1a: Toxapex|Toxapex, F|100/100
|turn|15
|
|t:|1743906796
|move|p2a: Thundurus|Thunderbolt|p1a: Toxapex
|-supereffective|p1a: Toxapex
|-damage|p1a: Toxapex|20/100
|move|p1a: Toxapex|Toxic|p2a: Thundurus
|-status|p2a: Thundurus|tox
|
|-damage|p2a: Thundurus|61/100 tox|[from] psn
|upkeep
|turn|16
|
|t:|1743906803
|switch|p1a: Quagsire|Quagsire, M|100/100
|move|p2a: Thundurus|Thunderbolt|p1a: Quagsire
|-immune|p1a: Quagsire
|
|-damage|p2a: Thundurus|49/100 tox|[from] psn
|upkeep
|turn|17
|
|t:|1743906814
|switch|p1a: Toxapex|Toxapex, F|53/100
|move|p2a: Thundurus|Grass Knot|p1a: Toxapex
|-damage|p1a: Toxapex|42/100
|
|-damage|p2a: Thundurus|31/100 tox|[from] psn
|upkeep
|turn|18
|
|t:|1743906831
|switch|p1a: Quagsire|Quagsire, M|100/100
|move|p2a: Thundurus|Grass Knot|p1a: Quagsire
|-supereffective|p1a: Quagsire
|-damage|p1a: Quagsire|0 fnt
|faint|p1a: Quagsire
|
|-damage|p2a: Thundurus|7/100 tox|[from] psn
|upkeep
|
|t:|1743906838
|switch|p1a: Talonflame|Talonflame, M|100/100
|turn|19
|
|t:|1743906855
|switch|p1a: Umbreon|Umbreon, M|77/100
|move|p2a: Thundurus|Thunderbolt|p1a: Umbreon
|-damage|p1a: Umbreon|41/100
|-status|p1a: Umbreon|par
|
|-heal|p1a: Umbreon|47/100 par|[from] item: Leftovers
|-damage|p2a: Thundurus|0 fnt|[from] psn
|faint|p2a: Thundurus
|upkeep
|
|t:|1743906864
|switch|p2a: Scizor|Scizor, M|100/100
|turn|20
|
|t:|1743906869
|switch|p1a: Talonflame|Talonflame, M|100/100
|move|p2a: Scizor|Fury Cutter|p1a: Talonflame
|-resisted|p1a: Talonflame
|-damage|p1a: Talonflame|93/100
|
|upkeep
|turn|21
|
|t:|1743906876
|-terastallize|p2a: Scizor|Fire
|move|p1a: Talonflame|Will-O-Wisp|p2a: Scizor
|-immune|p2a: Scizor
|move|p2a: Scizor|Dual Wingbeat|p1a: Talonflame|[miss]
|-miss|p2a: Scizor|p1a: Talonflame
|
|upkeep
|turn|22
|
|t:|1743906884
|move|p1a: Talonflame|Flamethrower|p2a: Scizor
|-resisted|p2a: Scizor
|-damage|p2a: Scizor|85/100
|move|p2a: Scizor|Dual Wingbeat|p1a: Talonflame
|-damage|p1a: Talonflame|73/100
|-damage|p1a: Talonflame|53/100
|-hitcount|p1a: Talonflame|2
|
|upkeep
|turn|23
|
|t:|1743906894
|move|p1a: Talonflame|Roost|p1a: Talonflame
|-heal|p1a: Talonflame|100/100
|-singleturn|p1a: Talonflame|move: Roost
|move|p2a: Scizor|Dual Wingbeat|p1a: Talonflame|[miss]
|-miss|p2a: Scizor|p1a: Talonflame
|
|upkeep
|turn|24
|
|t:|1743906903
|switch|p1a: Toxapex|Toxapex, F|76/100
|move|p2a: Scizor|Dual Wingbeat|p1a: Toxapex|[miss]
|-miss|p2a: Scizor|p1a: Toxapex
|
|upkeep
|turn|25
|
|t:|1743906909
|move|p2a: Scizor|Fury Cutter|p1a: Toxapex
|-resisted|p1a: Toxapex
|-damage|p1a: Toxapex|62/100
|move|p1a: Toxapex|Toxic|p2a: Scizor
|-status|p2a: Scizor|tox
|
|-damage|p2a: Scizor|79/100 tox|[from] psn
|upkeep
|turn|26
|
|t:|1743906915
|move|p2a: Scizor|Fury Cutter|p1a: Toxapex
|-resisted|p1a: Toxapex
|-damage|p1a: Toxapex|38/100
|move|p1a: Toxapex|Infestation|p2a: Scizor
|-resisted|p2a: Scizor
|-damage|p2a: Scizor|77/100 tox
|-activate|p2a: Scizor|move: Infestation|[of] p1a: Toxapex
|
|-damage|p2a: Scizor|65/100 tox|[from] psn
|-damage|p2a: Scizor|53/100 tox|[from] move: Infestation|[partiallytrapped]
|upkeep
|turn|27
|
|t:|1743906928
|move|p2a: Scizor|Fury Cutter|p1a: Toxapex
|-resisted|p1a: Toxapex
|-damage|p1a: Toxapex|0 fnt
|faint|p1a: Toxapex
|
|-damage|p2a: Scizor|34/100 tox|[from] psn
|-end|p2a: Scizor|Infestation|[partiallytrapped]|[silent]
|upkeep
|
|t:|1743906936
|switch|p1a: Talonflame|Talonflame, M|100/100
|turn|28
|
|t:|1743906942
|move|p1a: Talonflame|Flamethrower|p2a: Scizor
|-resisted|p2a: Scizor
|-damage|p2a: Scizor|21/100 tox
|move|p2a: Scizor|Fury Cutter|p1a: Talonflame
|-resisted|p1a: Talonflame
|-damage|p1a: Talonflame|66/100
|
|-damage|p2a: Scizor|0 fnt|[from] psn
|faint|p2a: Scizor
|upkeep
|
|t:|1743906953
|switch|p2a: Donphan|Donphan, M|100/100
|turn|29
|
|t:|1743906958
|move|p1a: Talonflame|Will-O-Wisp|p2a: Donphan
|-status|p2a: Donphan|brn
|move|p2a: Donphan|Body Press|p1a: Talonflame
|-resisted|p1a: Talonflame
|-damage|p1a: Talonflame|60/100
|
|-damage|p2a: Donphan|94/100 brn|[from] brn
|upkeep
|turn|30
|
|t:|1743906967
|move|p2a: Donphan|Ice Shard|p1a: Talonflame
|-damage|p1a: Talonflame|53/100
|move|p1a: Talonflame|Flamethrower|p2a: Donphan
|-damage|p2a: Donphan|59/100 brn
|
|-damage|p2a: Donphan|53/100 brn|[from] brn
|upkeep
|turn|31
|
|t:|1743906976
|move|p2a: Donphan|Ice Shard|p1a: Talonflame
|-damage|p1a: Talonflame|46/100
|move|p1a: Talonflame|Roost|p1a: Talonflame
|-heal|p1a: Talonflame|96/100
|-singleturn|p1a: Talonflame|move: Roost
|
|-damage|p2a: Donphan|46/100 brn|[from] brn
|upkeep
|turn|32
|
|t:|1743906983
|move|p1a: Talonflame|Flamethrower|p2a: Donphan
|-damage|p2a: Donphan|9/100 brn
|move|p2a: Donphan|Earthquake|p1a: Talonflame
|-immune|p1a: Talonflame
|
|-damage|p2a: Donphan|2/100 brn|[from] brn
|upkeep
|turn|33
|
|t:|1743906990
|move|p1a: Talonflame|Flamethrower|p2a: Donphan
|-damage|p2a: Donphan|0 fnt
|faint|p2a: Donphan
|
|upkeep
|
|t:|1743906996
|switch|p2a: Luigi|Breloom, M|100/100
|turn|34
|
|t:|1743906999
|move|p2a: Luigi|Protect|p2a: Luigi
|-singleturn|p2a: Luigi|Protect
|move|p1a: Talonflame|Will-O-Wisp|p2a: Luigi
|-activate|p2a: Luigi|move: Protect
|
|-status|p2a: Luigi|tox|[from] item: Toxic Orb
|upkeep
|turn|35
|
|t:|1743907006
|move|p1a: Talonflame|Flamethrower|p2a: Luigi
|-supereffective|p2a: Luigi
|-damage|p2a: Luigi|30/100 tox
|move|p2a: Luigi|Thunder Punch|p1a: Talonflame
|-supereffective|p1a: Talonflame
|-damage|p1a: Talonflame|55/100
|
|-heal|p2a: Luigi|42/100 tox|[from] ability: Poison Heal
|upkeep
|turn|36
|
|t:|1743907014
|move|p1a: Talonflame|Flamethrower|p2a: Luigi
|-supereffective|p2a: Luigi
|-damage|p2a: Luigi|0 fnt
|faint|p2a: Luigi
|
|win|qytyrewdtw
|raw|qytyrewdtw's rating: 1133 &rarr; <strong>1158</strong><br />(+25 for winning)
|raw|EywaOW's rating: 1128 &rarr; <strong>1103</strong><br />(-25 for losing)
|l|☆EywaOW
|player|p2|
