|j|☆Shadow4cTest3r
|j|☆misplayin
|t:|1743834977
|gametype|singles
|player|p1|Shadow4cTest3r|101|1561
|player|p2|misplayin|bugsy|1560
|teamsize|p1|6
|teamsize|p2|6
|gen|9
|tier|[Gen 9] OU
|rated|
|rule|HP Percentage Mod: HP is shown in percentages
|rule|Endless Battle Clause: Forcing endless battles is banned
|rule|Species Clause: Limit one of each Pokémon
|rule|OHKO Clause: OHKO moves are banned
|rule|Evasion Items Clause: Evasion items are banned
|rule|Evasion Moves Clause: Evasion moves are banned
|rule|Sleep Moves Clause: Sleep-inducing moves are banned
|clearpoke
|poke|p1|Garganacl, M|
|poke|p1|Hydrapple, M|
|poke|p1|Zamazenta-*|
|poke|p1|Ting-Lu|
|poke|p1|Slowking-Galar, F|
|poke|p1|Weezing-Galar, F|
|poke|p2|Dragapult, F|
|poke|p2|Moltres|
|poke|p2|Garchomp, M|
|poke|p2|Magnezone|
|poke|p2|Latios, M|
|poke|p2|Corviknight, M|
|teampreview
|inactive|Battle timer is ON: inactive players will automatically lose when time's up. (requested by misplayin)
|
|t:|1743834988
|start
|switch|p1a: Hydrapple|Hydrapple, M|100/100
|switch|p2a: Dragapult|Dragapult, F|100/100
|turn|1
|
|t:|1743834992
|switch|p1a: Garganacl|Garganacl, M|100/100
|move|p2a: Dragapult|U-turn|p1a: Garganacl
|-damage|p1a: Garganacl|86/100
|
|t:|1743834996
|switch|p2a: Magnezone|Magnezone|100/100|[from] U-turn
|
|-heal|p1a: Garganacl|92/100|[from] item: Leftovers
|upkeep
|turn|2
|
|t:|1743834999
|switch|p1a: Ting-Lu|Ting-Lu|100/100
|-ability|p1a: Ting-Lu|Vessel of Ruin
|move|p2a: Magnezone|Flash Cannon|p1a: Ting-Lu
|-damage|p1a: Ting-Lu|65/100
|
|-heal|p1a: Ting-Lu|72/100|[from] item: Leftovers
|upkeep
|turn|3
|
|t:|1743835010
|switch|p2a: Garchomp|Garchomp, M|100/100
|move|p1a: Ting-Lu|Stealth Rock|p2a: Garchomp
|-sidestart|p2: misplayin|move: Stealth Rock
|
|-heal|p1a: Ting-Lu|78/100|[from] item: Leftovers
|upkeep
|turn|4
|
|t:|1743835015
|move|p2a: Garchomp|Stealth Rock|p1a: Ting-Lu
|-sidestart|p1: Shadow4cTest3r|move: Stealth Rock
|move|p1a: Ting-Lu|Ruination|p2a: Garchomp|[miss]
|-miss|p1a: Ting-Lu|p2a: Garchomp
|
|-heal|p1a: Ting-Lu|84/100|[from] item: Leftovers
|upkeep
|turn|5
|
|t:|1743835019
|move|p2a: Garchomp|Swords Dance|p2a: Garchomp
|-boost|p2a: Garchomp|atk|2
|move|p1a: Ting-Lu|Ruination|p2a: Garchomp
|-damage|p2a: Garchomp|50/100
|
|-heal|p1a: Ting-Lu|90/100|[from] item: Leftovers
|upkeep
|turn|6
|
|t:|1743835021
|move|p2a: Garchomp|Earthquake|p1a: Ting-Lu
|-damage|p1a: Ting-Lu|41/100
|move|p1a: Ting-Lu|Whirlwind|p2a: Garchomp
|drag|p2a: Magnezone|Magnezone|100/100
|-damage|p2a: Magnezone|94/100|[from] Stealth Rock
|
|-heal|p1a: Ting-Lu|47/100|[from] item: Leftovers
|upkeep
|turn|7
|
|t:|1743835025
|switch|p2a: Corviknight|Corviknight, M|100/100
|-damage|p2a: Corviknight|88/100|[from] Stealth Rock
|move|p1a: Ting-Lu|Earthquake|p2a: Corviknight
|-immune|p2a: Corviknight
|
|-heal|p2a: Corviknight|94/100|[from] item: Leftovers
|-heal|p1a: Ting-Lu|53/100|[from] item: Leftovers
|upkeep
|turn|8
|
|t:|1743835030
|switch|p1a: Weezing|Weezing-Galar, F|100/100
|-ability|p1a: Weezing|Neutralizing Gas
|-damage|p1a: Weezing|88/100|[from] Stealth Rock
|move|p2a: Corviknight|Brave Bird|p1a: Weezing
|-damage|p1a: Weezing|62/100
|-damage|p2a: Corviknight|87/100|[from] Recoil
|
|-heal|p2a: Corviknight|93/100|[from] item: Leftovers
|-heal|p1a: Weezing|68/100|[from] item: Leftovers
|upkeep
|turn|9
|
|t:|1743835037
|move|p2a: Corviknight|Defog|p1a: Weezing
|-unboost|p1a: Weezing|evasion|1
|-sideend|p1: Shadow4cTest3r|Stealth Rock|[from] move: Defog|[of] p2a: Corviknight
|-sideend|p2: misplayin|Stealth Rock|[from] move: Defog|[of] p2a: Corviknight
|move|p1a: Weezing|Pain Split|p2a: Corviknight
|-sethp|p2a: Corviknight|75/100|[from] move: Pain Split|[silent]
|-sethp|p1a: Weezing|90/100|[from] move: Pain Split
|
|-heal|p2a: Corviknight|81/100|[from] item: Leftovers
|-heal|p1a: Weezing|96/100|[from] item: Leftovers
|upkeep
|turn|10
|
|t:|1743835044
|move|p2a: Corviknight|Brave Bird|p1a: Weezing
|-damage|p1a: Weezing|71/100
|-damage|p2a: Corviknight|74/100|[from] Recoil
|move|p1a: Weezing|Will-O-Wisp|p2a: Corviknight
|-status|p2a: Corviknight|brn
|
|-heal|p2a: Corviknight|80/100 brn|[from] item: Leftovers
|-heal|p1a: Weezing|77/100|[from] item: Leftovers
|-damage|p2a: Corviknight|74/100 brn|[from] brn
|upkeep
|turn|11
|
|t:|1743835047
|-end|p1a: Weezing|ability: Neutralizing Gas
|switch|p1a: Garganacl|Garganacl, M|92/100
|move|p2a: Corviknight|U-turn|p1a: Garganacl
|-damage|p1a: Garganacl|87/100
|
|t:|1743835051
|switch|p2a: Magnezone|Magnezone|94/100|[from] U-turn
|
|-heal|p1a: Garganacl|93/100|[from] item: Leftovers
|upkeep
|turn|12
|
|t:|1743835057
|switch|p1a: Slowking|Slowking-Galar, F|100/100
|move|p2a: Magnezone|Volt Switch|p1a: Slowking
|-damage|p1a: Slowking|66/100
|
|t:|1743835061
|switch|p2a: Garchomp|Garchomp, M|50/100|[from] Volt Switch
|
|upkeep
|turn|13
|
|t:|1743835068
|switch|p1a: Hydrapple|Hydrapple, M|100/100
|move|p2a: Garchomp|Earthquake|p1a: Hydrapple
|-resisted|p1a: Hydrapple
|-damage|p1a: Hydrapple|88/100
|
|upkeep
|turn|14
|
|t:|1743835072
|switch|p2a: Corviknight|Corviknight, M|74/100 brn
|move|p1a: Hydrapple|Draco Meteor|p2a: Corviknight
|-resisted|p2a: Corviknight
|-damage|p2a: Corviknight|52/100 brn
|-unboost|p1a: Hydrapple|spa|2
|
|-heal|p2a: Corviknight|58/100 brn|[from] item: Leftovers
|-damage|p2a: Corviknight|52/100 brn|[from] brn
|upkeep
|turn|15
|
|t:|1743835075
|switch|p1a: Garganacl|Garganacl, M|93/100
|move|p2a: Corviknight|U-turn|p1a: Garganacl
|-crit|p1a: Garganacl
|-damage|p1a: Garganacl|86/100
|
|t:|1743835077
|switch|p2a: Magnezone|Magnezone|94/100|[from] U-turn
|
|-heal|p1a: Garganacl|92/100|[from] item: Leftovers
|upkeep
|turn|16
|
|t:|1743835079
|switch|p1a: Ting-Lu|Ting-Lu|53/100
|-ability|p1a: Ting-Lu|Vessel of Ruin
|move|p2a: Magnezone|Flash Cannon|p1a: Ting-Lu
|-damage|p1a: Ting-Lu|15/100
|-unboost|p1a: Ting-Lu|spd|1
|
|-heal|p1a: Ting-Lu|22/100|[from] item: Leftovers
|upkeep
|turn|17
|
|t:|1743835083
|switch|p1a: Slowking|Slowking-Galar, F|99/100
|move|p2a: Magnezone|Flash Cannon|p1a: Slowking
|-damage|p1a: Slowking|59/100
|
|upkeep
|turn|18
|
|t:|1743835089
|move|p2a: Magnezone|Flash Cannon|p1a: Slowking
|-damage|p1a: Slowking|32/100
|-unboost|p1a: Slowking|spd|1
|move|p1a: Slowking|Flamethrower|p2a: Magnezone
|-supereffective|p2a: Magnezone
|-damage|p2a: Magnezone|25/100
|
|upkeep
|turn|19
|
|t:|1743835095
|switch|p1a: Zamazenta|Zamazenta|100/100
|-ability|p1a: Zamazenta|Dauntless Shield|boost
|-boost|p1a: Zamazenta|def|1
|move|p2a: Magnezone|Flash Cannon|p1a: Zamazenta
|-damage|p1a: Zamazenta|24/100
|
|upkeep
|turn|20
|
|t:|1743835102
|switch|p2a: Garchomp|Garchomp, M|50/100
|move|p1a: Zamazenta|Close Combat|p2a: Garchomp
|-damage|p2a: Garchomp|8/100
|-unboost|p1a: Zamazenta|def|1
|-unboost|p1a: Zamazenta|spd|1
|-damage|p1a: Zamazenta|12/100|[from] ability: Rough Skin|[of] p2a: Garchomp
|-damage|p1a: Zamazenta|0 fnt|[from] item: Rocky Helmet|[of] p2a: Garchomp
|faint|p1a: Zamazenta
|
|upkeep
|
|t:|1743835105
|switch|p1a: Hydrapple|Hydrapple, M|100/100
|turn|21
|
|t:|1743835109
|move|p2a: Garchomp|Stealth Rock|p1a: Hydrapple
|-sidestart|p1: Shadow4cTest3r|move: Stealth Rock
|move|p1a: Hydrapple|Draco Meteor|p2a: Garchomp
|-supereffective|p2a: Garchomp
|-damage|p2a: Garchomp|0 fnt
|-unboost|p1a: Hydrapple|spa|2
|faint|p2a: Garchomp
|
|upkeep
|
|t:|1743835122
|switch|p2a: Dragapult|Dragapult, F|100/100
|turn|22
|
|t:|1743835125
|switch|p1a: Garganacl|Garganacl, M|92/100
|-damage|p1a: Garganacl|80/100|[from] Stealth Rock
|move|p2a: Dragapult|U-turn|p1a: Garganacl
|-damage|p1a: Garganacl|66/100
|
|t:|1743835128
|switch|p2a: Magnezone|Magnezone|25/100|[from] U-turn
|
|-heal|p1a: Garganacl|72/100|[from] item: Leftovers
|upkeep
|turn|23
|
|t:|1743835135
|-terastallize|p1a: Garganacl|Water
|move|p2a: Magnezone|Flash Cannon|p1a: Garganacl
|-resisted|p1a: Garganacl
|-damage|p1a: Garganacl|47/100
|move|p1a: Garganacl|Earthquake|p2a: Magnezone
|-supereffective|p2a: Magnezone
|-damage|p2a: Magnezone|0 fnt
|faint|p2a: Magnezone
|
|-heal|p1a: Garganacl|53/100|[from] item: Leftovers
|upkeep
|
|t:|1743835139
|switch|p2a: Latios|Latios, M|100/100
|turn|24
|
|t:|1743835143
|move|p2a: Latios|Trick|p1a: Garganacl
|-activate|p2a: Latios|move: Trick|[of] p1a: Garganacl
|-item|p1a: Garganacl|Choice Scarf|[from] move: Trick
|-item|p2a: Latios|Leftovers|[from] move: Trick
|move|p1a: Garganacl|Recover|p1a: Garganacl
|-heal|p1a: Garganacl|100/100
|
|upkeep
|turn|25
|
|t:|1743835147
|switch|p1a: Slowking|Slowking-Galar, F|65/100
|-damage|p1a: Slowking|53/100|[from] Stealth Rock
|move|p2a: Latios|Luster Purge|p1a: Slowking
|-damage|p1a: Slowking|31/100
|
|upkeep
|turn|26
|
|t:|1743835155
|switch|p2a: Corviknight|Corviknight, M|52/100 brn
|move|p1a: Slowking|Sludge Bomb|p2a: Corviknight
|-immune|p2a: Corviknight
|
|-heal|p2a: Corviknight|58/100 brn|[from] item: Leftovers
|-damage|p2a: Corviknight|52/100 brn|[from] brn
|upkeep
|turn|27
|
|t:|1743835159
|switch|p1a: Garganacl|Garganacl, M, tera:Water|100/100
|-damage|p1a: Garganacl|88/100|[from] Stealth Rock
|move|p2a: Corviknight|U-turn|p1a: Garganacl
|-damage|p1a: Garganacl|83/100
|
|t:|1743835164
|switch|p2a: Latios|Latios, M|100/100|[from] U-turn
|
|upkeep
|turn|28
|
|t:|1743835169
|move|p2a: Latios|Luster Purge|p1a: Garganacl
|-damage|p1a: Garganacl|48/100
|-unboost|p1a: Garganacl|spd|1
|move|p1a: Garganacl|Salt Cure|p2a: Latios
|-damage|p2a: Latios|80/100
|-start|p2a: Latios|Salt Cure
|
|-heal|p2a: Latios|86/100|[from] item: Leftovers
|-damage|p2a: Latios|73/100|[from] Salt Cure
|upkeep
|turn|29
|
|t:|1743835176
|switch|p1a: Slowking|Slowking-Galar, F|65/100
|-damage|p1a: Slowking|52/100|[from] Stealth Rock
|move|p2a: Latios|Luster Purge|p1a: Slowking
|-damage|p1a: Slowking|31/100
|-unboost|p1a: Slowking|spd|1
|
|-heal|p2a: Latios|79/100|[from] item: Leftovers
|-damage|p2a: Latios|67/100|[from] Salt Cure
|upkeep
|turn|30
|
|t:|1743835180
|switch|p1a: Ting-Lu|Ting-Lu|22/100
|-damage|p1a: Ting-Lu|15/100|[from] Stealth Rock
|-ability|p1a: Ting-Lu|Vessel of Ruin
|move|p2a: Latios|Draco Meteor|p1a: Ting-Lu
|-damage|p1a: Ting-Lu|0 fnt
|-unboost|p2a: Latios|spa|2
|faint|p1a: Ting-Lu
|
|-heal|p2a: Latios|73/100|[from] item: Leftovers
|-damage|p2a: Latios|61/100|[from] Salt Cure
|upkeep
|
|t:|1743835183
|switch|p1a: Garganacl|Garganacl, M, tera:Water|48/100
|-damage|p1a: Garganacl|36/100|[from] Stealth Rock
|turn|31
|
|t:|1743835186
|switch|p2a: Corviknight|Corviknight, M|52/100 brn
|move|p1a: Garganacl|Recover|p1a: Garganacl
|-heal|p1a: Garganacl|86/100
|
|-heal|p2a: Corviknight|58/100 brn|[from] item: Leftovers
|-damage|p2a: Corviknight|52/100 brn|[from] brn
|upkeep
|turn|32
|
|t:|1743835190
|switch|p1a: Weezing|Weezing-Galar, F|77/100
|-ability|p1a: Weezing|Neutralizing Gas
|-damage|p1a: Weezing|64/100|[from] Stealth Rock
|move|p2a: Corviknight|U-turn|p1a: Weezing
|-resisted|p1a: Weezing
|-damage|p1a: Weezing|63/100
|
|t:|1743835194
|switch|p2a: Latios|Latios, M|61/100|[from] U-turn
|
|-heal|p2a: Latios|67/100|[from] item: Leftovers
|-heal|p1a: Weezing|69/100|[from] item: Leftovers
|upkeep
|turn|33
|
|t:|1743835203
|move|p2a: Latios|Luster Purge|p1a: Weezing
|-supereffective|p1a: Weezing
|-damage|p1a: Weezing|0 fnt
|faint|p1a: Weezing
|-end|p1a: Weezing|ability: Neutralizing Gas
|
|-heal|p2a: Latios|73/100|[from] item: Leftovers
|upkeep
|
|t:|1743835207
|switch|p1a: Slowking|Slowking-Galar, F|65/100
|-damage|p1a: Slowking|52/100|[from] Stealth Rock
|turn|34
|
|t:|1743835212
|move|p2a: Latios|Luster Purge|p1a: Slowking
|-damage|p1a: Slowking|32/100
|move|p1a: Slowking|Flamethrower|p2a: Latios
|-resisted|p2a: Latios
|-crit|p2a: Latios
|-damage|p2a: Latios|54/100
|
|-heal|p2a: Latios|60/100|[from] item: Leftovers
|upkeep
|turn|35
|
|t:|1743835215
|move|p2a: Latios|Luster Purge|p1a: Slowking
|-damage|p1a: Slowking|13/100
|move|p1a: Slowking|Sludge Bomb|p2a: Latios
|-damage|p2a: Latios|20/100
|
|-heal|p2a: Latios|26/100|[from] item: Leftovers
|upkeep
|turn|36
|
|t:|1743835218
|switch|p1a: Garganacl|Garganacl, M, tera:Water|86/100
|-damage|p1a: Garganacl|74/100|[from] Stealth Rock
|move|p2a: Latios|Luster Purge|p1a: Garganacl
|-damage|p1a: Garganacl|37/100
|
|-heal|p2a: Latios|32/100|[from] item: Leftovers
|upkeep
|turn|37
|
|t:|1743835220
|move|p2a: Latios|Draco Meteor|p1a: Garganacl
|-damage|p1a: Garganacl|0 fnt
|-unboost|p2a: Latios|spa|2
|faint|p1a: Garganacl
|
|-heal|p2a: Latios|38/100|[from] item: Leftovers
|upkeep
|-message|Shadow4cTest3r forfeited.
|
|win|misplayin
|raw|Shadow4cTest3r's rating: 1561 &rarr; <strong>1541</strong><br />(-20 for losing)
|raw|misplayin's rating: 1560 &rarr; <strong>1580</strong><br />(+20 for winning)
|l|☆Shadow4cTest3r
|player|p1|
|l|☆misplayin
|player|p2|
