|j|☆2ASIAN
|j|☆seaean
|t:|1743907557
|gametype|singles
|player|p1|2ASIAN|dawn|1240
|player|p2|seaean|blue|1262
|teamsize|p1|6
|teamsize|p2|6
|gen|9
|tier|[Gen 9] OU
|rated|
|rule|HP Percentage Mod: HP is shown in percentages
|rule|Endless Battle Clause: Forcing endless battles is banned
|rule|Species Clause: Limit one of each Pokémon
|rule|OHKO Clause: OHKO moves are banned
|rule|Evasion Items Clause: Evasion items are banned
|rule|Evasion Moves Clause: Evasion moves are banned
|rule|Sleep Moves Clause: Sleep-inducing moves are banned
|clearpoke
|poke|p1|Walking Wake|
|poke|p1|Lilligant-Hisui, F|
|poke|p1|Exeggutor-Alola, F|
|poke|p1|Slowking-Galar, F|
|poke|p1|Landorus-Therian, M|
|poke|p1|Torkoal, F|
|poke|p2|Ninetales, M|
|poke|p2|Walking Wake|
|poke|p2|Kingambit, F|
|poke|p2|Exeggutor-Alola, M|
|poke|p2|Great Tusk|
|poke|p2|Raging Bolt|
|teampreview
|inactive|Battle timer is ON: inactive players will automatically lose when time's up. (requested by seaean)
|inactive|2ASIAN also wants the timer to be on.
|c|☆seaean|huh
|
|t:|1743907576
|start
|switch|p1a: Walking Wake|Walking Wake|100/100
|switch|p2a: Ninetales|Ninetales, M|100/100
|-weather|SunnyDay|[from] ability: Drought|[of] p2a: Ninetales
|-activate|p1a: Walking Wake|ability: Protosynthesis
|-start|p1a: Walking Wake|protosynthesisspe
|turn|1
|
|t:|1743907592
|switch|p2a: Kingambit|Kingambit, F|100/100
|move|p1a: Walking Wake|Draco Meteor|p2a: Kingambit
|-resisted|p2a: Kingambit
|-damage|p2a: Kingambit|41/100
|-unboost|p1a: Walking Wake|spa|2
|
|-weather|SunnyDay|[upkeep]
|upkeep
|turn|2
|
|t:|1743907598
|move|p1a: Walking Wake|Draco Meteor|p2a: Kingambit
|-resisted|p2a: Kingambit
|-damage|p2a: Kingambit|13/100
|-unboost|p1a: Walking Wake|spa|2
|move|p2a: Kingambit|Swords Dance|p2a: Kingambit
|-boost|p2a: Kingambit|atk|2
|
|-weather|SunnyDay|[upkeep]
|upkeep
|turn|3
|
|t:|1743907617
|move|p1a: Walking Wake|Draco Meteor|p2a: Kingambit
|-resisted|p2a: Kingambit
|-damage|p2a: Kingambit|0 fnt
|-unboost|p1a: Walking Wake|spa|2
|faint|p2a: Kingambit
|-end|p2a: Kingambit|fallenundefined|[silent]
|
|-weather|SunnyDay|[upkeep]
|upkeep
|
|t:|1743907630
|switch|p2a: Exeggutor|Exeggutor-Alola, M|100/100
|turn|4
|
|t:|1743907634
|-end|p1a: Walking Wake|Protosynthesis|[silent]
|switch|p1a: Slowking|Slowking-Galar, F|100/100
|move|p2a: Exeggutor|Growth|p2a: Exeggutor
|-boost|p2a: Exeggutor|atk|2
|-boost|p2a: Exeggutor|spa|2
|
|-weather|SunnyDay|[upkeep]
|upkeep
|turn|5
|
|t:|1743907641
|move|p1a: Slowking|Sludge Bomb|p2a: Exeggutor
|-supereffective|p2a: Exeggutor
|-damage|p2a: Exeggutor|21/100
|-enditem|p2a: Exeggutor|Sitrus Berry|[eat]
|-heal|p2a: Exeggutor|46/100|[from] item: Sitrus Berry
|move|p2a: Exeggutor|Trick Room|p2a: Exeggutor
|-fieldstart|move: Trick Room|[of] p2a: Exeggutor
|
|-weather|SunnyDay|[upkeep]
|-item|p2a: Exeggutor|Sitrus Berry|[from] ability: Harvest
|upkeep
|-enditem|p2a: Exeggutor|Sitrus Berry|[eat]
|-heal|p2a: Exeggutor|71/100|[from] item: Sitrus Berry
|turn|6
|
|t:|1743907654
|-terastallize|p2a: Exeggutor|Fire
|move|p2a: Exeggutor|Growth|p2a: Exeggutor
|-boost|p2a: Exeggutor|atk|2
|-boost|p2a: Exeggutor|spa|2
|move|p1a: Slowking|Sludge Bomb|p2a: Exeggutor
|-damage|p2a: Exeggutor|32/100
|
|-weather|SunnyDay|[upkeep]
|-item|p2a: Exeggutor|Sitrus Berry|[from] ability: Harvest
|upkeep
|-enditem|p2a: Exeggutor|Sitrus Berry|[eat]
|-heal|p2a: Exeggutor|57/100|[from] item: Sitrus Berry
|turn|7
|
|t:|1743907665
|move|p2a: Exeggutor|Stored Power|p1a: Slowking
|-damage|p1a: Slowking|14/100
|move|p1a: Slowking|Future Sight|p2a: Exeggutor
|-start|p1a: Slowking|move: Future Sight
|
|-weather|SunnyDay|[upkeep]
|-item|p2a: Exeggutor|Sitrus Berry|[from] ability: Harvest
|upkeep
|turn|8
|
|t:|1743907688
|switch|p1a: Walking Wake|Walking Wake|100/100
|-activate|p1a: Walking Wake|ability: Protosynthesis
|-start|p1a: Walking Wake|protosynthesisspe
|move|p2a: Exeggutor|Stored Power|p1a: Walking Wake
|-damage|p1a: Walking Wake|0 fnt
|faint|p1a: Walking Wake
|-end|p1a: Walking Wake|Protosynthesis|[silent]
|
|-weather|none
|upkeep
|
|t:|1743907698
|switch|p1a: Torkoal|Torkoal, F|100/100
|-weather|SunnyDay|[from] ability: Drought|[of] p1a: Torkoal
|turn|9
|
|t:|1743907712
|move|p1a: Torkoal|Stealth Rock|p2a: Exeggutor
|-sidestart|p2: seaean|move: Stealth Rock
|move|p2a: Exeggutor|Stored Power|p1a: Torkoal
|-damage|p1a: Torkoal|0 fnt
|faint|p1a: Torkoal
|
|-weather|SunnyDay|[upkeep]
|-end|p2a: Exeggutor|move: Future Sight
|-damage|p2a: Exeggutor|5/100
|-enditem|p2a: Exeggutor|Sitrus Berry|[eat]
|-heal|p2a: Exeggutor|30/100|[from] item: Sitrus Berry
|-fieldend|move: Trick Room
|-item|p2a: Exeggutor|Sitrus Berry|[from] ability: Harvest
|upkeep
|-enditem|p2a: Exeggutor|Sitrus Berry|[eat]
|-heal|p2a: Exeggutor|55/100|[from] item: Sitrus Berry
|
|t:|1743907720
|switch|p1a: Landorus|Landorus-Therian, M|100/100
|-ability|p1a: Landorus|Intimidate|boost
|-unboost|p2a: Exeggutor|atk|1
|turn|10
|
|t:|1743907729
|switch|p2a: Walking Wake|Walking Wake|100/100
|-damage|p2a: Walking Wake|88/100|[from] Stealth Rock
|-activate|p2a: Walking Wake|ability: Protosynthesis
|-start|p2a: Walking Wake|protosynthesisspe
|move|p1a: Landorus|Earthquake|p2a: Walking Wake
|-damage|p2a: Walking Wake|23/100
|
|-weather|SunnyDay|[upkeep]
|upkeep
|turn|11
|
|t:|1743907736
|move|p2a: Walking Wake|Hydro Steam|p1a: Landorus
|-supereffective|p1a: Landorus
|-damage|p1a: Landorus|0 fnt
|faint|p1a: Landorus
|
|-weather|SunnyDay|[upkeep]
|upkeep
|
|t:|1743907739
|switch|p1a: Lilligant|Lilligant-Hisui, F|100/100
|turn|12
|
|t:|1743907747
|move|p1a: Lilligant|Victory Dance|p1a: Lilligant
|-boost|p1a: Lilligant|atk|1
|-boost|p1a: Lilligant|def|1
|-boost|p1a: Lilligant|spe|1
|move|p2a: Walking Wake|Hydro Steam|p1a: Lilligant
|-resisted|p1a: Lilligant
|-damage|p1a: Lilligant|36/100
|
|-weather|SunnyDay|[upkeep]
|upkeep
|turn|13
|
|t:|1743907753
|move|p1a: Lilligant|Solar Blade||[still]
|-prepare|p1a: Lilligant|Solar Blade
|-anim|p1a: Lilligant|Solar Blade|p2a: Walking Wake
|-damage|p2a: Walking Wake|0 fnt
|faint|p2a: Walking Wake
|-end|p2a: Walking Wake|Protosynthesis|[silent]
|-damage|p1a: Lilligant|26/100|[from] item: Life Orb
|
|-weather|none
|upkeep
|
|t:|1743907755
|switch|p2a: Raging Bolt|Raging Bolt|100/100
|turn|14
|
|t:|1743907763
|move|p1a: Lilligant|Triple Axel|p2a: Raging Bolt
|-supereffective|p2a: Raging Bolt
|-damage|p2a: Raging Bolt|78/100
|-supereffective|p2a: Raging Bolt
|-damage|p2a: Raging Bolt|35/100
|-supereffective|p2a: Raging Bolt
|-damage|p2a: Raging Bolt|0 fnt
|faint|p2a: Raging Bolt
|-end|p2a: Raging Bolt|Protosynthesis|[silent]
|-hitcount|p2: Raging Bolt|3
|-damage|p1a: Lilligant|16/100|[from] item: Life Orb
|
|upkeep
|
|t:|1743907771
|switch|p2a: Ninetales|Ninetales, M|100/100
|-damage|p2a: Ninetales|76/100|[from] Stealth Rock
|-weather|SunnyDay|[from] ability: Drought|[of] p2a: Ninetales
|turn|15
|
|t:|1743907779
|move|p1a: Lilligant|Close Combat|p2a: Ninetales
|-damage|p2a: Ninetales|0 fnt
|-unboost|p1a: Lilligant|def|1
|-unboost|p1a: Lilligant|spd|1
|faint|p2a: Ninetales
|-damage|p1a: Lilligant|6/100|[from] item: Life Orb
|
|-weather|SunnyDay|[upkeep]
|upkeep
|
|t:|1743907790
|switch|p2a: Exeggutor|Exeggutor-Alola, M, tera:Fire|55/100
|-damage|p2a: Exeggutor|30/100|[from] Stealth Rock
|turn|16
|
|t:|1743907795
|move|p1a: Lilligant|Solar Blade||[still]
|-prepare|p1a: Lilligant|Solar Blade
|-anim|p1a: Lilligant|Solar Blade|p2a: Exeggutor
|-resisted|p2a: Exeggutor
|-damage|p2a: Exeggutor|0 fnt
|faint|p2a: Exeggutor
|-damage|p1a: Lilligant|0 fnt|[from] item: Life Orb
|faint|p1a: Lilligant
|
|-weather|SunnyDay|[upkeep]
|upkeep
|
|t:|1743907800
|switch|p1a: Exeggutor|Exeggutor-Alola, F|100/100
|switch|p2a: Great Tusk|Great Tusk|100/100
|-activate|p2a: Great Tusk|ability: Protosynthesis
|-start|p2a: Great Tusk|protosynthesisspe
|turn|17
|
|t:|1743907808
|-terastallize|p1a: Exeggutor|Poison
|move|p2a: Great Tusk|Ice Spinner|p1a: Exeggutor
|-damage|p1a: Exeggutor|74/100
|move|p1a: Exeggutor|Leaf Storm|p2a: Great Tusk
|-supereffective|p2a: Great Tusk
|-damage|p2a: Great Tusk|0 fnt
|-unboost|p1a: Exeggutor|spa|2
|faint|p2a: Great Tusk
|-end|p2a: Great Tusk|Protosynthesis|[silent]
|
|win|2ASIAN
|raw|2ASIAN's rating: 1240 &rarr; <strong>1267</strong><br />(+27 for winning)
|raw|seaean's rating: 1262 &rarr; <strong>1235</strong><br />(-27 for losing)
