|j|☆chip witley
|j|☆2(H2O)-Alt
|t:|1743878167
|gametype|singles
|player|p1|chip witley|lance|1671
|player|p2|2(H2O)-Alt|chase|1673
|teamsize|p1|6
|teamsize|p2|6
|gen|9
|tier|[Gen 9] OU
|rated|
|rule|HP Percentage Mod: HP is shown in percentages
|rule|Endless Battle Clause: Forcing endless battles is banned
|rule|Species Clause: Limit one of each Pokémon
|rule|OHKO Clause: OHKO moves are banned
|rule|Evasion Items Clause: Evasion items are banned
|rule|Evasion Moves Clause: Evasion moves are banned
|rule|Sleep Moves Clause: Sleep-inducing moves are banned
|clearpoke
|poke|p1|Veluza, M|
|poke|p1|Grimmsnarl, M|
|poke|p1|Kommo-o, M|
|poke|p1|Toxtricity, M|
|poke|p1|Maushold|
|poke|p1|Scizor, M|
|poke|p2|Kingambit, M|
|poke|p2|Weavile, M|
|poke|p2|Zapdos|
|poke|p2|Samurott-Hisui, M|
|poke|p2|Slowking-Galar, M|
|poke|p2|Chesnaught, M|
|teampreview
|inactive|Battle timer is ON: inactive players will automatically lose when time's up. (requested by 2(H2O)-Alt)
|c|☆2(H2O)-Alt|Hf big bro
|j| STKXY1
|c|☆chip witley|u2
|
|t:|1743878185
|start
|switch|p1a: Grimmsnarl|Grimmsnarl, M|100/100
|switch|p2a: Zapdos|Zapdos|100/100
|turn|1
|
|t:|1743878192
|move|p1a: Grimmsnarl|Light Screen|p1a: Grimmsnarl
|-sidestart|p1: chip witley|move: Light Screen
|move|p2a: Zapdos|Thunder Wave|p1a: Grimmsnarl
|-status|p1a: Grimmsnarl|par
|
|upkeep
|turn|2
|
|t:|1743878197
|move|p1a: Grimmsnarl|Reflect|p1a: Grimmsnarl
|-sidestart|p1: chip witley|Reflect
|move|p2a: Zapdos|Volt Switch|p1a: Grimmsnarl
|-damage|p1a: Grimmsnarl|90/100 par
|
|t:|1743878200
|switch|p2a: Samurott|Samurott-Hisui, M|100/100|[from] Volt Switch
|
|upkeep
|turn|3
|
|t:|1743878203
|move|p2a: Samurott|Encore|p1a: Grimmsnarl
|-start|p1a: Grimmsnarl|Encore
|move|p1a: Grimmsnarl|Reflect||[still]
|-fail|p1a: Grimmsnarl
|
|upkeep
|turn|4
|
|t:|1743878211
|switch|p1a: Toxtricity|Toxtricity, M|100/100
|move|p2a: Samurott|Ceaseless Edge|p1a: Toxtricity
|-damage|p1a: Toxtricity|62/100
|-sidestart|p1: chip witley|Spikes
|
|upkeep
|turn|5
|
|t:|1743878216
|switch|p2a: Slowking|Slowking-Galar, M|100/100
|move|p1a: Toxtricity|Overdrive|p2a: Slowking
|-damage|p2a: Slowking|59/100
|-damage|p1a: Toxtricity|52/100|[from] item: Life Orb
|
|upkeep
|turn|6
|
|t:|1743878229
|move|p1a: Toxtricity|Boomburst|p2a: Slowking
|-damage|p2a: Slowking|7/100
|-damage|p1a: Toxtricity|42/100|[from] item: Life Orb
|move|p2a: Slowking|Psyshock|p1a: Toxtricity
|-supereffective|p1a: Toxtricity
|-crit|p1a: Toxtricity
|-damage|p1a: Toxtricity|0 fnt
|faint|p1a: Toxtricity
|
|upkeep
|
|t:|1743878240
|switch|p1a: Veluza|Veluza, M|100/100
|-damage|p1a: Veluza|88/100|[from] Spikes
|turn|7
|
|t:|1743878244
|move|p1a: Veluza|Fillet Away|p1a: Veluza
|-boost|p1a: Veluza|atk|2
|-boost|p1a: Veluza|spa|2
|-boost|p1a: Veluza|spe|2
|-damage|p1a: Veluza|38/100
|-prepare|p2a: Slowking|Chilly Reception|[premajor]
|move|p2a: Slowking|Chilly Reception|p2a: Slowking
|-weather|Snowscape
|
|t:|1743878259
|switch|p2a: Kingambit|Kingambit, M|100/100|[from] Chilly Reception
|
|-weather|Snowscape|[upkeep]
|upkeep
|turn|8
|
|t:|1743878263
|-end|p2a: Kingambit|fallenundefined|[silent]
|switch|p2a: Slowking|Slowking-Galar, M|40/100
|move|p1a: Veluza|Recover|p1a: Veluza
|-heal|p1a: Veluza|88/100
|
|-weather|Snowscape|[upkeep]
|-sideend|p1: chip witley|move: Light Screen
|upkeep
|turn|9
|
|t:|1743878269
|move|p1a: Veluza|Aqua Cutter|p2a: Slowking
|-crit|p2a: Slowking
|-damage|p2a: Slowking|0 fnt
|faint|p2a: Slowking
|
|-weather|Snowscape|[upkeep]
|-sideend|p1: chip witley|Reflect
|upkeep
|
|t:|1743878272
|switch|p2a: Samurott|Samurott-Hisui, M|100/100
|turn|10
|
|t:|1743878274
|move|p1a: Veluza|Aqua Cutter|p2a: Samurott
|-resisted|p2a: Samurott
|-crit|p2a: Samurott
|-damage|p2a: Samurott|29/100
|move|p2a: Samurott|Ceaseless Edge|p1a: Veluza
|-supereffective|p1a: Veluza
|-damage|p1a: Veluza|0 fnt
|-sidestart|p1: chip witley|Spikes
|faint|p1a: Veluza
|
|-weather|Snowscape|[upkeep]
|upkeep
|
|t:|1743878280
|switch|p1a: Maushold|Maushold|100/100
|-damage|p1a: Maushold|84/100|[from] Spikes
|turn|11
|
|t:|1743878284
|move|p1a: Maushold|Tidy Up|p1a: Maushold
|-sideend|p1: chip witley|Spikes
|-activate|p1a: Maushold|move: Tidy Up
|-boost|p1a: Maushold|atk|1
|-boost|p1a: Maushold|spe|1
|move|p2a: Samurott|Aqua Cutter|p1a: Maushold
|-damage|p1a: Maushold|8/100
|
|-weather|none
|upkeep
|turn|12
|
|t:|1743878288
|move|p1a: Maushold|Population Bomb|p2a: Samurott
|-damage|p2a: Samurott|11/100
|-damage|p2a: Samurott|0 fnt
|faint|p2a: Samurott
|-hitcount|p2: Samurott|2
|
|upkeep
|
|t:|1743878290
|switch|p2a: Weavile|Weavile, M|100/100
|-ability|p2a: Weavile|Pressure
|turn|13
|
|t:|1743878293
|switch|p1a: Scizor|Scizor, M|100/100
|move|p2a: Weavile|Ice Shard|p1a: Scizor
|-resisted|p1a: Scizor
|-damage|p1a: Scizor|90/100
|
|upkeep
|turn|14
|
|t:|1743878295
|switch|p2a: Zapdos|Zapdos|100/100
|move|p1a: Scizor|Knock Off|p2a: Zapdos
|-damage|p2a: Zapdos|63/100
|-status|p1a: Scizor|par|[from] ability: Static|[of] p2a: Zapdos
|-enditem|p2a: Zapdos|Heavy-Duty Boots|[from] move: Knock Off|[of] p1a: Scizor
|-damage|p1a: Scizor|80/100 par|[from] item: Life Orb
|
|upkeep
|turn|15
|
|t:|1743878298
|switch|p1a: Grimmsnarl|Grimmsnarl, M|90/100 par
|move|p2a: Zapdos|Roost|p2a: Zapdos
|-heal|p2a: Zapdos|100/100
|-singleturn|p2a: Zapdos|move: Roost
|
|upkeep
|turn|16
|
|t:|1743878301
|cant|p1a: Grimmsnarl|par
|move|p2a: Zapdos|Volt Switch|p1a: Grimmsnarl
|-damage|p1a: Grimmsnarl|69/100 par
|
|t:|1743878303
|switch|p2a: Chesnaught|Chesnaught, M|100/100|[from] Volt Switch
|
|upkeep
|turn|17
|l| STKXY1
|
|t:|1743878306
|move|p1a: Grimmsnarl|Reflect|p1a: Grimmsnarl
|-sidestart|p1: chip witley|Reflect
|move|p2a: Chesnaught|Iron Defense|p2a: Chesnaught
|-boost|p2a: Chesnaught|def|2
|
|upkeep
|turn|18
|
|t:|1743878311
|move|p1a: Grimmsnarl|Light Screen|p1a: Grimmsnarl
|-sidestart|p1: chip witley|move: Light Screen
|move|p2a: Chesnaught|Iron Defense|p2a: Chesnaught
|-boost|p2a: Chesnaught|def|2
|
|upkeep
|turn|19
|
|t:|1743878315
|move|p1a: Grimmsnarl|Parting Shot|p2a: Chesnaught
|-unboost|p2a: Chesnaught|atk|1
|-unboost|p2a: Chesnaught|spa|1
|
|t:|1743878317
|switch|p1a: Maushold|Maushold|8/100|[from] Parting Shot
|move|p2a: Chesnaught|Knock Off|p1a: Maushold
|-damage|p1a: Maushold|0 fnt
|-enditem|p1a: Maushold|Wide Lens|[from] move: Knock Off|[of] p2a: Chesnaught
|faint|p1a: Maushold
|
|upkeep
|
|t:|1743878319
|switch|p1a: Kommo-o|Kommo-o, M|100/100
|turn|20
|
|t:|1743878322
|move|p1a: Kommo-o|Clangorous Soul|p1a: Kommo-o
|-boost|p1a: Kommo-o|atk|1
|-boost|p1a: Kommo-o|def|1
|-boost|p1a: Kommo-o|spa|1
|-boost|p1a: Kommo-o|spd|1
|-boost|p1a: Kommo-o|spe|1
|-damage|p1a: Kommo-o|68/100
|-enditem|p1a: Kommo-o|Throat Spray
|-boost|p1a: Kommo-o|spa|1|[from] item: Throat Spray
|move|p2a: Chesnaught|Body Press|p1a: Kommo-o
|-damage|p1a: Kommo-o|24/100
|
|upkeep
|turn|21
|
|t:|1743878341
|move|p1a: Kommo-o|Flamethrower|p2a: Chesnaught
|-supereffective|p2a: Chesnaught
|-damage|p2a: Chesnaught|0 fnt
|faint|p2a: Chesnaught
|
|upkeep
|
|t:|1743878343
|switch|p2a: Zapdos|Zapdos|100/100
|turn|22
|
|t:|1743878347
|move|p1a: Kommo-o|Clanging Scales|p2a: Zapdos
|-damage|p2a: Zapdos|8/100
|-unboost|p1a: Kommo-o|def|1
|move|p2a: Zapdos|Thunder Wave|p1a: Kommo-o
|-status|p1a: Kommo-o|par
|
|upkeep
|turn|23
|
|t:|1743878353
|move|p2a: Zapdos|Roost|p2a: Zapdos
|-heal|p2a: Zapdos|58/100
|-singleturn|p2a: Zapdos|move: Roost
|move|p1a: Kommo-o|Flamethrower|p2a: Zapdos
|-damage|p2a: Zapdos|10/100
|
|upkeep
|turn|24
|
|t:|1743878361
|move|p2a: Zapdos|Hurricane|p1a: Kommo-o
|-supereffective|p1a: Kommo-o
|-damage|p1a: Kommo-o|0 fnt
|faint|p1a: Kommo-o
|
|-sideend|p1: chip witley|Reflect
|upkeep
|-message|chip witley forfeited.
|
|win|2(H2O)-Alt
|raw|chip witley's rating: 1671 &rarr; <strong>1651</strong><br />(-20 for losing)
|raw|2(H2O)-Alt's rating: 1673 &rarr; <strong>1693</strong><br />(+20 for winning)
|l|☆2(H2O)-Alt
|player|p2|
