|j|☆kittensnax
|j|☆sad132
|t:|1743912978
|gametype|singles
|player|p1|kittensnax|pokekid|1194
|player|p2|sad132|102|1171
|teamsize|p1|6
|teamsize|p2|6
|gen|9
|tier|[Gen 9] OU
|rated|
|rule|HP Percentage Mod: HP is shown in percentages
|rule|Endless Battle Clause: Forcing endless battles is banned
|rule|Species Clause: Limit one of each Pokémon
|rule|OHKO Clause: OHKO moves are banned
|rule|Evasion Items Clause: Evasion items are banned
|rule|Evasion Moves Clause: Evasion moves are banned
|rule|Sleep Moves Clause: Sleep-inducing moves are banned
|clearpoke
|poke|p1|Porygon2|
|poke|p1|Farigiraf, F|
|poke|p1|Dragonite, F|
|poke|p1|Primarina, M|
|poke|p1|Ursaluna, M|
|poke|p1|Meowscarada, F|
|poke|p2|Glimmora, F|
|poke|p2|Ogerpon-Wellspring, F|
|poke|p2|Iron Crown|
|poke|p2|Dragonite, M|
|poke|p2|Quaquaval, M|
|poke|p2|Raging Bolt|
|teampreview
|
|t:|1743912984
|start
|switch|p1a: Meowscarada|Meowscarada, F|100/100
|switch|p2a: Glimmora|Glimmora, F|100/100
|turn|1
|
|t:|1743912991
|move|p1a: Meowscarada|Taunt|p2a: Glimmora
|-start|p2a: Glimmora|move: Taunt
|cant|p2a: Glimmora|move: Taunt|Stealth Rock
|
|upkeep
|turn|2
|
|t:|1743912996
|move|p1a: Meowscarada|Skill Swap|p2a: Glimmora
|-activate|p1a: Meowscarada|move: Skill Swap|Toxic Debris|Overgrow|[of] p2a: Glimmora
|move|p2a: Glimmora|Sludge Wave|p1a: Meowscarada
|-supereffective|p1a: Meowscarada
|-crit|p1a: Meowscarada
|-damage|p1a: Meowscarada|0 fnt
|faint|p1a: Meowscarada
|
|upkeep
|
|t:|1743913007
|switch|p1a: Ursaluna|Ursaluna, M|100/100
|turn|3
|c|☆sad132|interesting...
|
|t:|1743913015
|move|p2a: Glimmora|Earth Power|p1a: Ursaluna
|-damage|p1a: Ursaluna|73/100
|-unboost|p1a: Ursaluna|spd|1
|move|p1a: Ursaluna|Drain Punch|p2a: Glimmora
|-damage|p2a: Glimmora|65/100
|-heal|p1a: Ursaluna|87/100|[from] drain|[of] p2a: Glimmora
|
|-end|p2a: Glimmora|move: Taunt
|-status|p1a: Ursaluna|brn|[from] item: Flame Orb
|upkeep
|turn|4
|
|t:|1743913033
|move|p2a: Glimmora|Stealth Rock|p1a: Ursaluna
|-sidestart|p1: kittensnax|move: Stealth Rock
|move|p1a: Ursaluna|Earthquake|p2a: Glimmora
|-supereffective|p2a: Glimmora
|-damage|p2a: Glimmora|0 fnt
|faint|p2a: Glimmora
|
|-damage|p1a: Ursaluna|80/100 brn|[from] brn
|upkeep
|
|t:|1743913054
|switch|p2a: Quaquaval|Quaquaval, M|100/100
|turn|5
|
|t:|1743913060
|-terastallize|p1a: Ursaluna|Normal
|move|p2a: Quaquaval|Close Combat|p1a: Ursaluna
|-supereffective|p1a: Ursaluna
|-damage|p1a: Ursaluna|0 fnt
|-unboost|p2a: Quaquaval|def|1
|-unboost|p2a: Quaquaval|spd|1
|faint|p1a: Ursaluna
|-ability|p2a: Quaquaval|Moxie|boost
|-boost|p2a: Quaquaval|atk|1
|-damage|p2a: Quaquaval|91/100|[from] item: Life Orb
|
|upkeep
|c|☆kittensnax|Aaahhh nice
|
|t:|1743913083
|switch|p1a: Porygambling2|Porygon2|100/100
|-damage|p1a: Porygambling2|88/100|[from] Stealth Rock
|-ability|p1a: Porygambling2|Download|boost
|-boost|p1a: Porygambling2|spa|1
|turn|6
|
|t:|1743913091
|move|p2a: Quaquaval|Close Combat|p1a: Porygambling2
|-supereffective|p1a: Porygambling2
|-damage|p1a: Porygambling2|0 fnt
|-unboost|p2a: Quaquaval|def|1
|-unboost|p2a: Quaquaval|spd|1
|faint|p1a: Porygambling2
|-ability|p2a: Quaquaval|Moxie|boost
|-boost|p2a: Quaquaval|atk|1
|-damage|p2a: Quaquaval|81/100|[from] item: Life Orb
|
|upkeep
|
|t:|1743913097
|switch|p1a: Dragonite|Dragonite, F|100/100
|turn|7
|
|t:|1743913100
|move|p1a: Dragonite|Extreme Speed|p2a: Quaquaval
|-damage|p2a: Quaquaval|3/100
|move|p2a: Quaquaval|Ice Spinner|p1a: Dragonite
|-supereffective|p1a: Dragonite
|-damage|p1a: Dragonite|0 fnt
|faint|p1a: Dragonite
|-ability|p2a: Quaquaval|Moxie|boost
|-boost|p2a: Quaquaval|atk|1
|-damage|p2a: Quaquaval|0 fnt|[from] item: Life Orb
|faint|p2a: Quaquaval
|
|upkeep
|
|t:|1743913107
|switch|p2a: Iron Crown|Iron Crown|100/100
|switch|p1a: Primarina|Primarina, M|100/100
|-damage|p1a: Primarina|88/100|[from] Stealth Rock
|-enditem|p2a: Iron Crown|Booster Energy
|-activate|p2a: Iron Crown|ability: Quark Drive|[fromitem]
|-start|p2a: Iron Crown|quarkdrivespe
|turn|8
|-message|kittensnax forfeited.
|
|win|sad132
|raw|kittensnax's rating: 1194 &rarr; <strong>1167</strong><br />(-27 for losing)
|raw|sad132's rating: 1171 &rarr; <strong>1198</strong><br />(+27 for winning)
|l|☆kittensnax
|player|p1|
|l|☆sad132
|player|p2|
