|j|☆poke2002
|j|☆witcher7777
|t:|1743852496
|gametype|singles
|player|p1|poke2002|lucas|1436
|player|p2|witcher7777|169|1396
|teamsize|p1|6
|teamsize|p2|6
|gen|9
|tier|[Gen 9] OU
|rated|
|rule|HP Percentage Mod: HP is shown in percentages
|rule|Endless Battle Clause: Forcing endless battles is banned
|rule|Species Clause: Limit one of each Pokémon
|rule|OHKO Clause: OHKO moves are banned
|rule|Evasion Items Clause: Evasion items are banned
|rule|Evasion Moves Clause: Evasion moves are banned
|rule|Sleep Moves Clause: Sleep-inducing moves are banned
|clearpoke
|poke|p1|Samurott-Hisui, F|
|poke|p1|Latios, M|
|poke|p1|Iron Valiant|
|poke|p1|Slowking-Galar, M|
|poke|p1|Scizor, M|
|poke|p1|Landorus-Therian, M|
|poke|p2|Iron Moth|
|poke|p2|Hatterene, F|
|poke|p2|Great Tusk|
|poke|p2|Enamorus, F|
|poke|p2|Hoopa-Unbound|
|poke|p2|Blaziken, F|
|teampreview
|inactive|Battle timer is ON: inactive players will automatically lose when time's up. (requested by poke2002)
|
|t:|1743852505
|start
|switch|p1a: Scizor|Scizor, M|100/100
|switch|p2a: Great Tusk|Great Tusk|100/100
|turn|1
|
|t:|1743852513
|move|p2a: Great Tusk|Stealth Rock|p1a: Scizor
|-sidestart|p1: poke2002|move: Stealth Rock
|move|p1a: Scizor|Knock Off|p2a: Great Tusk
|-resisted|p2a: Great Tusk
|-damage|p2a: Great Tusk|84/100
|-damage|p1a: Scizor|84/100|[from] item: Rocky Helmet|[of] p2a: Great Tusk
|-enditem|p2a: Great Tusk|Rocky Helmet|[from] move: Knock Off|[of] p1a: Scizor
|
|upkeep
|turn|2
|
|t:|1743852522
|switch|p1a: Landorus|Landorus-Therian, M|100/100
|-damage|p1a: Landorus|88/100|[from] Stealth Rock
|-ability|p1a: Landorus|Intimidate|boost
|-unboost|p2a: Great Tusk|atk|1
|move|p2a: Great Tusk|Knock Off|p1a: Landorus
|-damage|p1a: Landorus|69/100
|-damage|p2a: Great Tusk|67/100|[from] item: Rocky Helmet|[of] p1a: Landorus
|-enditem|p1a: Landorus|Rocky Helmet|[from] move: Knock Off|[of] p2a: Great Tusk
|
|upkeep
|turn|3
|
|t:|1743852533
|-end|p2a: Great Tusk|Protosynthesis|[silent]
|switch|p2a: Hatterene|Hatterene, F|100/100
|move|p1a: Landorus|Stealth Rock|p2a: Hatterene
|move|p2a: Hatterene|Stealth Rock||[from] ability: Magic Bounce|[still]
|-fail|p2a: Hatterene
|
|upkeep
|turn|4
|
|t:|1743852539
|move|p1a: Landorus|U-turn|p2a: Hatterene
|-damage|p2a: Hatterene|83/100
|
|t:|1743852544
|switch|p1a: Slowking|Slowking-Galar, M|100/100|[from] U-turn
|move|p2a: Hatterene|Draining Kiss|p1a: Slowking
|-resisted|p1a: Slowking
|-damage|p1a: Slowking|94/100
|-heal|p2a: Hatterene|89/100|[from] drain|[of] p1a: Slowking
|
|upkeep
|turn|5
|
|t:|1743852552
|switch|p2a: Hoopa|Hoopa-Unbound|100/100
|move|p1a: Slowking|Future Sight|p2a: Hoopa
|-start|p1a: Slowking|move: Future Sight
|
|upkeep
|turn|6
|
|t:|1743852558
|switch|p1a: Samurott|Samurott-Hisui, F|100/100
|move|p2a: Hoopa|Knock Off|p1a: Samurott
|-resisted|p1a: Samurott
|-damage|p1a: Samurott|76/100
|-enditem|p1a: Samurott|Heavy-Duty Boots|[from] move: Knock Off|[of] p2a: Hoopa
|
|upkeep
|turn|7
|
|t:|1743852566
|move|p1a: Samurott|Ceaseless Edge|p2a: Hoopa
|-damage|p2a: Hoopa|40/100
|-sidestart|p2: witcher7777|Spikes
|move|p2a: Hoopa|Drain Punch|p1a: Samurott
|-supereffective|p1a: Samurott
|-damage|p1a: Samurott|17/100
|-heal|p2a: Hoopa|71/100|[from] drain|[of] p1a: Samurott
|
|-end|p2a: Hoopa|move: Future Sight
|-immune|p2a: Hoopa
|upkeep
|turn|8
|
|t:|1743852580
|switch|p2a: Great Tusk|Great Tusk|67/100
|-damage|p2a: Great Tusk|55/100|[from] Spikes
|move|p1a: Samurott|Ceaseless Edge|p2a: Great Tusk
|-resisted|p2a: Great Tusk
|-damage|p2a: Great Tusk|43/100
|-sidestart|p2: witcher7777|Spikes
|
|upkeep
|turn|9
|
|t:|1743852590
|move|p2a: Great Tusk|Rapid Spin|p1a: Samurott
|-damage|p1a: Samurott|1/100
|-boost|p2a: Great Tusk|spe|1
|-sideend|p2: witcher7777|Spikes|[from] move: Rapid Spin|[of] p2a: Great Tusk
|move|p1a: Samurott|Aqua Cutter|p2a: Great Tusk
|-supereffective|p2a: Great Tusk
|-damage|p2a: Great Tusk|0 fnt
|faint|p2a: Great Tusk
|-end|p2a: Great Tusk|Protosynthesis|[silent]
|
|upkeep
|
|t:|1743852601
|switch|p2a: Iron Moth|Iron Moth|100/100
|-enditem|p2a: Iron Moth|Booster Energy
|-activate|p2a: Iron Moth|ability: Quark Drive|[fromitem]
|-start|p2a: Iron Moth|quarkdrivespe
|turn|10
|
|t:|1743852611
|switch|p1a: Slowking|Slowking-Galar, M|100/100
|move|p2a: Iron Moth|Fiery Dance|p1a: Slowking
|-damage|p1a: Slowking|76/100
|-boost|p2a: Iron Moth|spa|1
|
|upkeep
|turn|11
|
|t:|1743852616
|move|p2a: Iron Moth|Fiery Dance|p1a: Slowking
|-damage|p1a: Slowking|42/100
|move|p1a: Slowking|Thunder Wave|p2a: Iron Moth
|-status|p2a: Iron Moth|par
|
|upkeep
|turn|12
|
|t:|1743852623
|move|p2a: Iron Moth|Fiery Dance|p1a: Slowking
|-damage|p1a: Slowking|9/100
|-prepare|p1a: Slowking|Chilly Reception|[premajor]
|move|p1a: Slowking|Chilly Reception|p1a: Slowking
|-weather|Snowscape
|
|t:|1743852629
|switch|p1a: Latios|Latios, M|100/100|[from] Chilly Reception
|-damage|p1a: Latios|88/100|[from] Stealth Rock
|
|-weather|Snowscape|[upkeep]
|upkeep
|turn|13
|
|t:|1743852635
|-end|p2a: Iron Moth|Quark Drive|[silent]
|switch|p2a: Hoopa|Hoopa-Unbound|71/100
|move|p1a: Latios|Luster Purge|p2a: Hoopa
|-immune|p2a: Hoopa
|
|-weather|Snowscape|[upkeep]
|upkeep
|turn|14
|
|t:|1743852643
|switch|p1a: Samurott|Samurott-Hisui, F|1/100
|-damage|p1a: Samurott|0 fnt|[from] Stealth Rock
|faint|p1a: Samurott
|move|p2a: Hoopa|Knock Off|p1: Samurott|[notarget]
|-fail|p2a: Hoopa
|
|-weather|Snowscape|[upkeep]
|upkeep
|
|t:|1743852669
|switch|p1a: Landorus|Landorus-Therian, M|69/100
|-damage|p1a: Landorus|57/100|[from] Stealth Rock
|-ability|p1a: Landorus|Intimidate|boost
|-unboost|p2a: Hoopa|atk|1
|turn|15
|
|t:|1743852674
|switch|p2a: Hatterene|Hatterene, F|89/100
|move|p1a: Landorus|U-turn|p2a: Hatterene
|-damage|p2a: Hatterene|73/100
|
|t:|1743852682
|switch|p1a: Scizor|Scizor, M|84/100|[from] U-turn
|-damage|p1a: Scizor|72/100|[from] Stealth Rock
|
|-weather|Snowscape|[upkeep]
|upkeep
|turn|16
|
|t:|1743852689
|move|p1a: Scizor|U-turn|p2a: Hatterene
|-damage|p2a: Hatterene|27/100
|
|t:|1743852694
|switch|p1a: Slowking|Slowking-Galar, M|42/100|[from] U-turn
|move|p2a: Hatterene|Mystical Fire|p1a: Slowking
|-damage|p1a: Slowking|29/100
|-unboost|p1a: Slowking|spa|1
|
|-weather|none
|upkeep
|turn|17
|
|t:|1743852702
|switch|p1a: Scizor|Scizor, M|72/100
|-damage|p1a: Scizor|59/100|[from] Stealth Rock
|move|p2a: Hatterene|Psyshock|p1a: Scizor
|-resisted|p1a: Scizor
|-damage|p1a: Scizor|36/100
|
|upkeep
|turn|18
|
|t:|1743852708
|switch|p2a: Iron Moth|Iron Moth|100/100 par
|move|p1a: Scizor|U-turn|p2a: Iron Moth
|-resisted|p2a: Iron Moth
|-damage|p2a: Iron Moth|81/100 par
|
|t:|1743852716
|switch|p1a: Slowking|Slowking-Galar, M|62/100|[from] U-turn
|
|upkeep
|turn|19
|
|t:|1743852720
|move|p2a: Iron Moth|Fiery Dance|p1a: Slowking
|-damage|p1a: Slowking|37/100
|-boost|p2a: Iron Moth|spa|1
|move|p1a: Slowking|Future Sight|p2a: Iron Moth
|-start|p1a: Slowking|move: Future Sight
|
|upkeep
|turn|20
|
|t:|1743852727
|switch|p1a: Latios|Latios, M|88/100
|-damage|p1a: Latios|76/100|[from] Stealth Rock
|move|p2a: Iron Moth|Fiery Dance|p1a: Latios
|-resisted|p1a: Latios
|-damage|p1a: Latios|47/100
|-boost|p2a: Iron Moth|spa|1
|
|upkeep
|turn|21
|
|t:|1743852738
|-end|p2a: Iron Moth|Quark Drive|[silent]
|switch|p2a: Hatterene|Hatterene, F|27/100
|move|p1a: Latios|Luster Purge|p2a: Hatterene
|-resisted|p2a: Hatterene
|-damage|p2a: Hatterene|0 fnt
|faint|p2a: Hatterene
|
|-hint|Future Sight did not hit because the target is fainted.
|upkeep
|
|t:|1743852745
|switch|p2a: Hoopa|Hoopa-Unbound|71/100
|turn|22
|
|t:|1743852751
|switch|p1a: Landorus|Landorus-Therian, M|57/100
|-damage|p1a: Landorus|45/100|[from] Stealth Rock
|-ability|p1a: Landorus|Intimidate|boost
|-unboost|p2a: Hoopa|atk|1
|move|p2a: Hoopa|Psychic Noise|p1a: Landorus
|-damage|p1a: Landorus|0 fnt
|faint|p1a: Landorus
|
|upkeep
|
|t:|1743852770
|switch|p1a: Scizor|Scizor, M|36/100
|-damage|p1a: Scizor|23/100|[from] Stealth Rock
|turn|23
|
|t:|1743852774
|switch|p2a: Iron Moth|Iron Moth|81/100 par
|move|p1a: Scizor|Bullet Punch|p2a: Iron Moth
|-resisted|p2a: Iron Moth
|-damage|p2a: Iron Moth|45/100 par
|
|upkeep
|turn|24
|
|t:|1743852782
|switch|p1a: Slowking|Slowking-Galar, M|70/100
|move|p2a: Iron Moth|Fiery Dance|p1a: Slowking
|-damage|p1a: Slowking|47/100
|-boost|p2a: Iron Moth|spa|1
|
|upkeep
|turn|25
|
|t:|1743852790
|cant|p2a: Iron Moth|par
|-prepare|p1a: Slowking|Chilly Reception|[premajor]
|move|p1a: Slowking|Chilly Reception|p1a: Slowking
|-weather|Snowscape
|
|t:|1743852801
|switch|p1a: Latios|Latios, M|47/100|[from] Chilly Reception
|-damage|p1a: Latios|35/100|[from] Stealth Rock
|
|-weather|Snowscape|[upkeep]
|upkeep
|turn|26
|
|t:|1743852807
|-end|p2a: Iron Moth|Quark Drive|[silent]
|switch|p2a: Enamorus|Enamorus, F|100/100
|move|p1a: Latios|Flip Turn|p2a: Enamorus
|-damage|p2a: Enamorus|81/100
|
|t:|1743852818
|switch|p1a: Slowking|Slowking-Galar, M|80/100|[from] Flip Turn
|
|-weather|Snowscape|[upkeep]
|upkeep
|turn|27
|
|t:|1743852824
|switch|p2a: Hoopa|Hoopa-Unbound|71/100
|move|p1a: Slowking|Future Sight|p2a: Hoopa
|-start|p1a: Slowking|move: Future Sight
|
|-weather|Snowscape|[upkeep]
|upkeep
|turn|28
|
|t:|1743852831
|move|p2a: Hoopa|Knock Off|p1a: Slowking
|-supereffective|p1a: Slowking
|-damage|p1a: Slowking|0 fnt
|-enditem|p1a: Slowking|Heavy-Duty Boots|[from] move: Knock Off|[of] p2a: Hoopa
|faint|p1a: Slowking
|
|-weather|Snowscape|[upkeep]
|upkeep
|
|t:|1743852845
|switch|p1a: Scizor|Scizor, M|23/100
|-damage|p1a: Scizor|11/100|[from] Stealth Rock
|turn|29
|
|t:|1743852851
|switch|p2a: Iron Moth|Iron Moth|45/100 par
|move|p1a: Scizor|Bullet Punch|p2a: Iron Moth
|-resisted|p2a: Iron Moth
|-damage|p2a: Iron Moth|8/100 par
|
|-weather|none
|-end|p2a: Iron Moth|move: Future Sight
|-supereffective|p2a: Iron Moth
|-damage|p2a: Iron Moth|0 fnt
|faint|p2a: Iron Moth
|-end|p2a: Iron Moth|Quark Drive|[silent]
|upkeep
|
|t:|1743852863
|switch|p2a: Blaziken|Blaziken, F|100/100
|-item|p2a: Blaziken|Air Balloon
|turn|30
|
|t:|1743852873
|move|p2a: Blaziken|Upper Hand|p1a: Scizor
|-damage|p1a: Scizor|0 fnt
|faint|p1a: Scizor
|
|-ability|p2a: Blaziken|Speed Boost|boost
|-boost|p2a: Blaziken|spe|1
|upkeep
|
|t:|1743852896
|switch|p1a: Latios|Latios, M|35/100
|-damage|p1a: Latios|22/100|[from] Stealth Rock
|turn|31
|-message|poke2002 forfeited.
|
|win|witcher7777
|raw|poke2002's rating: 1436 &rarr; <strong>1414</strong><br />(-22 for losing)
|raw|witcher7777's rating: 1396 &rarr; <strong>1418</strong><br />(+22 for winning)
|l|☆poke2002
|player|p1|
|l|☆witcher7777
|player|p2|
