|j|☆Mico Brawl Stars
|j|‽honeyfee
|t:|1743794112
|gametype|singles
|player|p1|Mico Brawl Stars|grimsley|1237
|player|p2|honeyfee|ltsurge|1272
|teamsize|p1|6
|teamsize|p2|6
|gen|9
|tier|[Gen 9] OU
|rated|
|rule|HP Percentage Mod: HP is shown in percentages
|rule|Endless Battle Clause: Forcing endless battles is banned
|rule|Species Clause: Limit one of each Pokémon
|rule|OHKO Clause: OHKO moves are banned
|rule|Evasion Items Clause: Evasion items are banned
|rule|Evasion Moves Clause: Evasion moves are banned
|rule|Sleep Moves Clause: Sleep-inducing moves are banned
|clearpoke
|poke|p1|Metagross|
|poke|p1|Kingambit, F|
|poke|p1|Rabsca, F|
|poke|p1|Pawmot, F|
|poke|p1|Glimmora, M|
|poke|p1|Golem-Alola, F|
|poke|p2|Samurott-Hisui, F|
|poke|p2|Glimmora, M|
|poke|p2|Kingambit, F|
|poke|p2|Iron Moth|
|poke|p2|Zamazenta-*|
|poke|p2|Iron Valiant|
|teampreview
|inactive|Battle timer is ON: inactive players will automatically lose when time's up. (requested by Mico Brawl Stars)
|
|t:|1743794127
|start
|switch|p1a: Glimmora|Glimmora, M|100/100
|switch|p2a: Glimmora|Glimmora, M|100/100
|turn|1
|
|t:|1743794133
|move|p1a: Glimmora|Mortal Spin|p2a: Glimmora
|-resisted|p2a: Glimmora
|-damage|p2a: Glimmora|99/100
|-activate|p2a: Glimmora|ability: Toxic Debris
|-sidestart|p1: Mico Brawl Stars|move: Toxic Spikes
|-sideend|p1: Mico Brawl Stars|Toxic Spikes|[from] move: Mortal Spin|[of] p1a: Glimmora
|move|p2a: Glimmora|Earth Power|p1a: Glimmora
|-supereffective|p1a: Glimmora
|-enditem|p1a: Glimmora|Focus Sash
|-damage|p1a: Glimmora|1/100
|
|upkeep
|turn|2
|
|t:|1743794144
|move|p2a: Glimmora|Mortal Spin|p1a: Glimmora
|-resisted|p1a: Glimmora
|-damage|p1a: Glimmora|0 fnt
|-activate|p1a: Glimmora|ability: Toxic Debris
|-sidestart|p2: honeyfee|move: Toxic Spikes
|-sideend|p2: honeyfee|Toxic Spikes|[from] move: Mortal Spin|[of] p2a: Glimmora
|faint|p1a: Glimmora
|
|upkeep
|
|t:|1743794151
|switch|p1a: Metagross|Metagross|100/100
|turn|3
|
|t:|1743794158
|move|p2a: Glimmora|Stealth Rock|p1a: Metagross
|-sidestart|p1: Mico Brawl Stars|move: Stealth Rock
|move|p1a: Metagross|Explosion|p2a: Glimmora
|-resisted|p2a: Glimmora
|-damage|p2a: Glimmora|16/100
|-activate|p2a: Glimmora|ability: Toxic Debris
|-sidestart|p1: Mico Brawl Stars|move: Toxic Spikes
|faint|p1a: Metagross
|
|upkeep
|
|t:|1743794162
|switch|p1a: Golem|Golem-Alola, F|100/100
|-damage|p1a: Golem|88/100|[from] Stealth Rock
|-status|p1a: Golem|psn
|turn|4
|
|t:|1743794182
|move|p2a: Glimmora|Memento|p1a: Golem
|-unboost|p1a: Golem|atk|2
|-unboost|p1a: Golem|spa|2
|faint|p2a: Glimmora
|move|p1a: Golem|Explosion|p2: Glimmora|[notarget]
|-fail|p1a: Golem
|faint|p1a: Golem
|
|upkeep
|
|t:|1743794199
|switch|p2a: Samurott|Samurott-Hisui, F|100/100
|switch|p1a: Rabsca|Rabsca, F|100/100
|-damage|p1a: Rabsca|76/100|[from] Stealth Rock
|-status|p1a: Rabsca|psn
|turn|5
|
|t:|1743794202
|move|p2a: Samurott|Swords Dance|p2a: Samurott
|-boost|p2a: Samurott|atk|2
|move|p1a: Rabsca|Revival Blessing|p1a: Rabsca
|-enditem|p1a: Rabsca|Leppa Berry|[eat]
|-activate|p1a: Rabsca|item: Leppa Berry|Revival Blessing|[consumed]
|
|t:|1743794204
|-heal|p1: Metagross|50/100|[from] move: Revival Blessing
|
|-damage|p1a: Rabsca|63/100 psn|[from] psn
|upkeep
|turn|6
|
|t:|1743794214
|move|p2a: Samurott|Ceaseless Edge|p1a: Rabsca
|-supereffective|p1a: Rabsca
|-damage|p1a: Rabsca|0 fnt
|-sidestart|p1: Mico Brawl Stars|Spikes
|faint|p1a: Rabsca
|
|upkeep
|
|t:|1743794216
|switch|p1a: Metagross|Metagross|50/100
|-damage|p1a: Metagross|44/100|[from] Stealth Rock
|-damage|p1a: Metagross|32/100|[from] Spikes
|turn|7
|
|t:|1743794223
|move|p2a: Samurott|Aqua Jet|p1a: Metagross
|-damage|p1a: Metagross|0 fnt
|faint|p1a: Metagross
|
|upkeep
|
|t:|1743794226
|switch|p1a: Pawmot|Pawmot, F|100/100
|-damage|p1a: Pawmot|94/100|[from] Stealth Rock
|-status|p1a: Pawmot|psn
|-damage|p1a: Pawmot|82/100 psn|[from] Spikes
|turn|8
|
|t:|1743794234
|move|p1a: Pawmot|Revival Blessing|p1a: Pawmot
|-enditem|p1a: Pawmot|Leppa Berry|[eat]
|-activate|p1a: Pawmot|item: Leppa Berry|Revival Blessing|[consumed]
|
|t:|1743794237
|-heal|p1: Metagross|50/100|[from] move: Revival Blessing
|move|p2a: Samurott|Razor Shell|p1a: Pawmot
|-crit|p1a: Pawmot
|-damage|p1a: Pawmot|0 fnt
|faint|p1a: Pawmot
|
|upkeep
|
|t:|1743794241
|switch|p1a: Metagross|Metagross|50/100
|-damage|p1a: Metagross|44/100|[from] Stealth Rock
|-damage|p1a: Metagross|32/100|[from] Spikes
|turn|9
|
|t:|1743794243
|move|p2a: Samurott|Aqua Jet|p1a: Metagross
|-damage|p1a: Metagross|0 fnt
|faint|p1a: Metagross
|
|upkeep
|
|t:|1743794246
|switch|p1a: Kingambit|Kingambit, F|100/100
|-damage|p1a: Kingambit|94/100|[from] Stealth Rock
|-damage|p1a: Kingambit|82/100|[from] Spikes
|-activate|p1a: Kingambit|ability: Supreme Overlord
|-start|p1a: Kingambit|fallen5|[silent]
|turn|10
|
|t:|1743794251
|move|p2a: Samurott|Razor Shell|p1a: Kingambit|[miss]
|-miss|p2a: Samurott|p1a: Kingambit
|move|p1a: Kingambit|Swords Dance|p1a: Kingambit
|-boost|p1a: Kingambit|atk|2
|
|-heal|p1a: Kingambit|88/100|[from] item: Leftovers
|upkeep
|turn|11
|
|t:|1743794257
|move|p1a: Kingambit|Sucker Punch|p2a: Samurott
|-resisted|p2a: Samurott
|-damage|p2a: Samurott|32/100
|move|p2a: Samurott|Razor Shell|p1a: Kingambit
|-damage|p1a: Kingambit|0 fnt
|faint|p1a: Kingambit
|-end|p1a: Kingambit|fallen5|[silent]
|
|win|honeyfee
|raw|Mico Brawl Stars's rating: 1237 &rarr; <strong>1216</strong><br />(-21 for losing)
|raw|honeyfee's rating: 1298 &rarr; <strong>1319</strong><br />(+21 for winning)
|l|‽honeyfee
|player|p2|
|l|☆Mico Brawl Stars
|player|p1|
