|j|☆zyh13888
|j|☆davo578
|t:|1743843733
|gametype|singles
|player|p1|zyh13888|red|1172
|player|p2|davo578|2|1205
|teamsize|p1|6
|teamsize|p2|6
|gen|9
|tier|[Gen 9] OU
|rated|
|rule|HP Percentage Mod: HP is shown in percentages
|rule|Endless Battle Clause: Forcing endless battles is banned
|rule|Species Clause: Limit one of each Pokémon
|rule|OHKO Clause: OHKO moves are banned
|rule|Evasion Items Clause: Evasion items are banned
|rule|Evasion Moves Clause: Evasion moves are banned
|rule|Sleep Moves Clause: Sleep-inducing moves are banned
|clearpoke
|poke|p1|Ursaluna, M|
|poke|p1|Scizor, F|
|poke|p1|Great Tusk|
|poke|p1|Dragapult, M|
|poke|p1|Kingambit, M|
|poke|p1|Dragonite, F|
|poke|p2|Dipplin, F|
|poke|p2|Cyclizar, F|
|poke|p2|Tyranitar, M|
|poke|p2|Slowbro, F|
|poke|p2|Cryogonal|
|poke|p2|Scizor, M|
|teampreview
|
|t:|1743843745
|start
|switch|p1a: Ursaluna|Ursaluna, M, shiny|100/100
|switch|p2a: Dipplin|Dipplin, F|100/100
|turn|1
|inactive|Battle timer is ON: inactive players will automatically lose when time's up. (requested by zyh13888)
|
|t:|1743843749
|move|p1a: Ursaluna|Swords Dance|p1a: Ursaluna
|-boost|p1a: Ursaluna|atk|2
|move|p2a: Dipplin|Giga Drain|p1a: Ursaluna
|-supereffective|p1a: Ursaluna
|-damage|p1a: Ursaluna|36/100
|
|-status|p1a: Ursaluna|brn|[from] item: Flame Orb
|upkeep
|turn|2
|
|t:|1743843759
|move|p1a: Ursaluna|Facade|p2a: Dipplin
|-damage|p2a: Dipplin|0 fnt
|faint|p2a: Dipplin
|
|-damage|p1a: Ursaluna|30/100 brn|[from] brn
|upkeep
|
|t:|1743843762
|switch|p2a: Saitama|Scizor, M|100/100
|turn|3
|
|t:|1743843765
|move|p2a: Saitama|Bullet Punch|p1a: Ursaluna
|-damage|p1a: Ursaluna|0 fnt
|faint|p1a: Ursaluna
|
|upkeep
|
|t:|1743843772
|switch|p1a: Dragapult|Dragapult, M|100/100
|turn|4
|
|t:|1743843777
|move|p2a: Saitama|Bullet Punch|p1a: Dragapult
|-damage|p1a: Dragapult|26/100
|move|p1a: Dragapult|Fire Blast|p2a: Saitama|[miss]
|-miss|p1a: Dragapult|p2a: Saitama
|
|upkeep
|turn|5
|
|t:|1743843782
|move|p2a: Saitama|Bullet Punch|p1a: Dragapult
|-damage|p1a: Dragapult|0 fnt
|faint|p1a: Dragapult
|
|upkeep
|
|t:|1743843784
|switch|p1a: Great Tusk|Great Tusk|100/100
|-enditem|p1a: Great Tusk|Booster Energy
|-activate|p1a: Great Tusk|ability: Protosynthesis|[fromitem]
|-start|p1a: Great Tusk|protosynthesisatk
|turn|6
|
|t:|1743843788
|switch|p2a: Slowbro|Slowbro, F|100/100
|move|p1a: Great Tusk|Headlong Rush|p2a: Slowbro
|-crit|p2a: Slowbro
|-damage|p2a: Slowbro|34/100
|-unboost|p1a: Great Tusk|def|1
|-unboost|p1a: Great Tusk|spd|1
|-damage|p1a: Great Tusk|84/100|[from] item: Rocky Helmet|[of] p2a: Slowbro
|
|upkeep
|turn|7
|
|t:|1743843794
|switch|p2a: Cryogonal|Cryogonal|100/100
|move|p1a: Great Tusk|Headlong Rush|p2a: Cryogonal
|-immune|p2a: Cryogonal|[from] ability: Levitate
|
|upkeep
|turn|8
|
|t:|1743843800
|-terastallize|p1a: Great Tusk|Rock
|move|p1a: Great Tusk|Rapid Spin|p2a: Cryogonal
|-damage|p2a: Cryogonal|63/100
|-boost|p1a: Great Tusk|spe|1
|move|p2a: Cryogonal|Freeze-Dry|p1a: Great Tusk
|-damage|p1a: Great Tusk|35/100
|
|upkeep
|turn|9
|
|t:|1743843811
|switch|p2a: Slowbro|Slowbro, F|68/100
|move|p1a: Great Tusk|Headlong Rush|p2a: Slowbro
|-damage|p2a: Slowbro|23/100
|-unboost|p1a: Great Tusk|def|1
|-unboost|p1a: Great Tusk|spd|1
|-damage|p1a: Great Tusk|18/100|[from] item: Rocky Helmet|[of] p2a: Slowbro
|
|upkeep
|turn|10
|
|t:|1743843818
|switch|p2a: Cryogonal|Cryogonal|63/100
|move|p1a: Great Tusk|Headlong Rush|p2a: Cryogonal
|-immune|p2a: Cryogonal|[from] ability: Levitate
|
|upkeep
|turn|11
|
|t:|1743843825
|switch|p2a: Slowbro|Slowbro, F|56/100
|move|p1a: Great Tusk|Close Combat|p2a: Slowbro
|-resisted|p2a: Slowbro
|-damage|p2a: Slowbro|33/100
|-unboost|p1a: Great Tusk|def|1
|-unboost|p1a: Great Tusk|spd|1
|-damage|p1a: Great Tusk|2/100|[from] item: Rocky Helmet|[of] p2a: Slowbro
|
|upkeep
|turn|12
|
|t:|1743843832
|switch|p2a: Cryogonal|Cryogonal|63/100
|move|p1a: Great Tusk|Close Combat|p2a: Cryogonal
|-supereffective|p2a: Cryogonal
|-damage|p2a: Cryogonal|0 fnt
|-unboost|p1a: Great Tusk|def|1
|-unboost|p1a: Great Tusk|spd|1
|faint|p2a: Cryogonal
|
|upkeep
|
|t:|1743843834
|switch|p2a: Saitama|Scizor, M|100/100
|turn|13
|
|t:|1743843838
|move|p2a: Saitama|Bullet Punch|p1a: Great Tusk
|-supereffective|p1a: Great Tusk
|-damage|p1a: Great Tusk|0 fnt
|faint|p1a: Great Tusk
|-end|p1a: Great Tusk|Protosynthesis|[silent]
|
|upkeep
|
|t:|1743843840
|switch|p1a: Dragonite|Dragonite, F, shiny|100/100
|turn|14
|
|t:|1743843844
|switch|p2a: Tyranitar|Tyranitar, M|100/100
|-weather|Sandstorm|[from] ability: Sand Stream|[of] p2a: Tyranitar
|move|p1a: Dragonite|Dragon Dance|p1a: Dragonite
|-boost|p1a: Dragonite|atk|1
|-boost|p1a: Dragonite|spe|1
|
|-weather|Sandstorm|[upkeep]
|-damage|p1a: Dragonite|94/100|[from] Sandstorm
|upkeep
|turn|15
|
|t:|1743843854
|move|p1a: Dragonite|Earthquake|p2a: Tyranitar
|-supereffective|p2a: Tyranitar
|-damage|p2a: Tyranitar|0 fnt
|faint|p2a: Tyranitar
|
|-weather|Sandstorm|[upkeep]
|-damage|p1a: Dragonite|88/100|[from] Sandstorm
|upkeep
|
|t:|1743843860
|switch|p2a: Slowbro|Slowbro, F|67/100
|turn|16
|
|t:|1743843866
|move|p1a: Dragonite|Dragon Claw|p2a: Slowbro
|-damage|p2a: Slowbro|24/100
|-damage|p1a: Dragonite|72/100|[from] item: Rocky Helmet|[of] p2a: Slowbro
|move|p2a: Slowbro|Weather Ball|p1a: Dragonite
|-supereffective|p1a: Dragonite
|-damage|p1a: Dragonite|23/100
|-enditem|p1a: Dragonite|Weakness Policy
|-boost|p1a: Dragonite|atk|2|[from] item: Weakness Policy
|-boost|p1a: Dragonite|spa|2|[from] item: Weakness Policy
|
|-weather|Sandstorm|[upkeep]
|-damage|p1a: Dragonite|17/100|[from] Sandstorm
|-damage|p2a: Slowbro|18/100|[from] Sandstorm
|upkeep
|turn|17
|
|t:|1743843877
|switch|p2a: Cyclizar|Cyclizar, F|100/100
|move|p1a: Dragonite|Earthquake|p2a: Cyclizar
|-damage|p2a: Cyclizar|0 fnt
|faint|p2a: Cyclizar
|
|-weather|Sandstorm|[upkeep]
|-damage|p1a: Dragonite|10/100|[from] Sandstorm
|upkeep
|
|t:|1743843878
|switch|p2a: Saitama|Scizor, M|100/100
|turn|18
|
|t:|1743843880
|move|p1a: Dragonite|Extreme Speed|p2a: Saitama
|-resisted|p2a: Saitama
|-damage|p2a: Saitama|65/100
|move|p2a: Saitama|Bullet Punch|p1a: Dragonite
|-damage|p1a: Dragonite|0 fnt
|faint|p1a: Dragonite
|
|-weather|none
|upkeep
|
|t:|1743843884
|switch|p1a: Scizor|Scizor, F, shiny|100/100
|turn|19
|
|t:|1743843891
|move|p2a: Saitama|Bullet Punch|p1a: Scizor
|-resisted|p1a: Scizor
|-damage|p1a: Scizor|76/100
|move|p1a: Scizor|Close Combat|p2a: Saitama
|-damage|p2a: Saitama|0 fnt
|-unboost|p1a: Scizor|def|1
|-unboost|p1a: Scizor|spd|1
|faint|p2a: Saitama
|
|upkeep
|
|t:|1743843893
|switch|p2a: Slowbro|Slowbro, F|51/100
|turn|20
|
|t:|1743843898
|switch|p1a: Kingambit|Kingambit, M|100/100
|-activate|p1a: Kingambit|ability: Supreme Overlord
|-start|p1a: Kingambit|fallen4|[silent]
|move|p2a: Slowbro|Slack Off|p2a: Slowbro
|-heal|p2a: Slowbro|100/100
|
|upkeep
|turn|21
|
|t:|1743843903
|move|p1a: Kingambit|Kowtow Cleave|p2a: Slowbro
|-supereffective|p2a: Slowbro
|-damage|p2a: Slowbro|15/100
|-damage|p1a: Kingambit|84/100|[from] item: Rocky Helmet|[of] p2a: Slowbro
|move|p2a: Slowbro|Body Press|p1a: Kingambit
|-supereffective|p1a: Kingambit
|-damage|p1a: Kingambit|0 fnt
|faint|p1a: Kingambit
|-end|p1a: Kingambit|fallen4|[silent]
|
|upkeep
|
|t:|1743843906
|switch|p1a: Scizor|Scizor, F, shiny|76/100
|turn|22
|
|t:|1743843908
|move|p1a: Scizor|Bullet Punch|p2a: Slowbro
|-resisted|p2a: Slowbro
|-damage|p2a: Slowbro|0 fnt
|-damage|p1a: Scizor|59/100|[from] item: Rocky Helmet|[of] p2a: Slowbro
|faint|p2a: Slowbro
|
|win|zyh13888
|raw|zyh13888's rating: 1172 &rarr; <strong>1199</strong><br />(+27 for winning)
|raw|davo578's rating: 1205 &rarr; <strong>1178</strong><br />(-27 for losing)
|l|☆davo578
|player|p2|
|l|☆zyh13888
|player|p1|
