|j|☆loki001
|j|☆THE DEVIL MAY CRY
|t:|1743826995
|gametype|singles
|player|p1|loki001|burglar|1051
|player|p2|THE DEVIL MAY CRY|mars|1081
|teamsize|p1|6
|teamsize|p2|6
|gen|9
|tier|[Gen 9] OU
|rated|
|rule|HP Percentage Mod: HP is shown in percentages
|rule|Endless Battle Clause: Forcing endless battles is banned
|rule|Species Clause: Limit one of each Pokémon
|rule|OHKO Clause: OHKO moves are banned
|rule|Evasion Items Clause: Evasion items are banned
|rule|Evasion Moves Clause: Evasion moves are banned
|rule|Sleep Moves Clause: Sleep-inducing moves are banned
|clearpoke
|poke|p1|Deoxys-Speed|
|poke|p1|Samurott-Hisui, F|
|poke|p1|Great Tusk|
|poke|p1|Zapdos|
|poke|p1|Slowking-Galar, F|
|poke|p1|Rillaboom, F|
|poke|p2|Comfey, F|
|poke|p2|Whimsicott, F|
|poke|p2|Iron Moth|
|poke|p2|Walking Wake|
|poke|p2|Great Tusk|
|poke|p2|Ninetales, M|
|teampreview
|inactive|Battle timer is ON: inactive players will automatically lose when time's up. (requested by loki001)
|inactive|THE DEVIL MAY CRY has 120 seconds left.
|inactive|THE DEVIL MAY CRY has 90 seconds left.
|
|t:|1743827065
|start
|switch|p1a: Samurott|Samurott-Hisui, F|100/100
|switch|p2a: Ninetales|Ninetales, M|100/100
|-weather|SunnyDay|[from] ability: Drought|[of] p2a: Ninetales
|turn|1
|
|t:|1743827076
|move|p1a: Samurott|Ceaseless Edge|p2a: Ninetales
|-damage|p2a: Ninetales|51/100
|-sidestart|p2: THE DEVIL MAY CRY|Spikes
|move|p2a: Ninetales|Will-O-Wisp|p1a: Samurott
|-status|p1a: Samurott|brn
|
|-weather|SunnyDay|[upkeep]
|-damage|p1a: Samurott|94/100 brn|[from] brn
|upkeep
|turn|2
|
|t:|1743827085
|switch|p2a: Great Tusk|Great Tusk|100/100
|-damage|p2a: Great Tusk|88/100|[from] Spikes
|-activate|p2a: Great Tusk|ability: Protosynthesis
|-start|p2a: Great Tusk|protosynthesisspe
|move|p1a: Samurott|Ceaseless Edge|p2a: Great Tusk
|-resisted|p2a: Great Tusk
|-crit|p2a: Great Tusk
|-damage|p2a: Great Tusk|78/100
|-damage|p1a: Samurott|78/100 brn|[from] item: Rocky Helmet|[of] p2a: Great Tusk
|-sidestart|p2: THE DEVIL MAY CRY|Spikes
|
|-weather|SunnyDay|[upkeep]
|-damage|p1a: Samurott|72/100 brn|[from] brn
|upkeep
|turn|3
|inactive|loki001 has 120 seconds left.
|
|t:|1743827131
|switch|p1a: Deoxys|Deoxys-Speed|100/100
|-ability|p1a: Deoxys|Pressure
|move|p2a: Great Tusk|Rapid Spin|p1a: Deoxys
|-damage|p1a: Deoxys|79/100
|-boost|p2a: Great Tusk|spe|1
|-sideend|p2: THE DEVIL MAY CRY|Spikes|[from] move: Rapid Spin|[of] p2a: Great Tusk
|
|-weather|SunnyDay|[upkeep]
|upkeep
|turn|4
|inactive|THE DEVIL MAY CRY has 120 seconds left.
|
|t:|1743827166
|-end|p2a: Great Tusk|Protosynthesis|[silent]
|switch|p2a: Walking Wake|Walking Wake|100/100
|-activate|p2a: Walking Wake|ability: Protosynthesis
|-start|p2a: Walking Wake|protosynthesisspe
|move|p1a: Deoxys|Psycho Boost|p2a: Walking Wake
|-damage|p2a: Walking Wake|55/100
|-unboost|p1a: Deoxys|spa|2
|-damage|p1a: Deoxys|69/100|[from] item: Life Orb
|
|-weather|SunnyDay|[upkeep]
|upkeep
|turn|5
|inactive|loki001 has 120 seconds left.
|inactive|THE DEVIL MAY CRY has 120 seconds left.
|
|t:|1743827184
|move|p2a: Walking Wake|Knock Off|p1a: Deoxys
|-supereffective|p1a: Deoxys
|-damage|p1a: Deoxys|19/100
|-enditem|p1a: Deoxys|Life Orb|[from] move: Knock Off|[of] p2a: Walking Wake
|move|p1a: Deoxys|Superpower|p2a: Walking Wake
|-damage|p2a: Walking Wake|22/100
|-unboost|p1a: Deoxys|atk|1
|-unboost|p1a: Deoxys|def|1
|
|-weather|SunnyDay|[upkeep]
|upkeep
|turn|6
|inactive|THE DEVIL MAY CRY has 120 seconds left.
|
|t:|1743827203
|move|p2a: Walking Wake|Hydro Steam|p1a: Deoxys
|-damage|p1a: Deoxys|0 fnt
|faint|p1a: Deoxys
|
|-weather|SunnyDay|[upkeep]
|upkeep
|
|t:|1743827217
|switch|p1a: Slowking|Slowking-Galar, F|100/100
|turn|7
|
|t:|1743827227
|move|p2a: Walking Wake|Knock Off|p1a: Slowking
|-supereffective|p1a: Slowking
|-damage|p1a: Slowking|66/100
|-enditem|p1a: Slowking|Assault Vest|[from] move: Knock Off|[of] p2a: Walking Wake
|move|p1a: Slowking|Sludge Bomb|p2a: Walking Wake
|-damage|p2a: Walking Wake|0 fnt
|faint|p2a: Walking Wake
|-end|p2a: Walking Wake|Protosynthesis|[silent]
|
|-weather|SunnyDay|[upkeep]
|upkeep
|inactive|THE DEVIL MAY CRY has 120 seconds left.
|
|t:|1743827244
|switch|p2a: Great Tusk|Great Tusk|78/100
|-activate|p2a: Great Tusk|ability: Protosynthesis
|-start|p2a: Great Tusk|protosynthesisspe
|turn|8
|inactive|THE DEVIL MAY CRY has 120 seconds left.
|
|t:|1743827250
|move|p2a: Great Tusk|Ice Spinner|p1a: Slowking
|-damage|p1a: Slowking|45/100
|move|p1a: Slowking|Surf|p2a: Great Tusk
|-supereffective|p2a: Great Tusk
|-damage|p2a: Great Tusk|44/100
|
|-weather|none
|-end|p2a: Great Tusk|Protosynthesis
|upkeep
|turn|9
|inactive|loki001 has 120 seconds left.
|
|t:|1743827262
|move|p2a: Great Tusk|Headlong Rush|p1a: Slowking
|-supereffective|p1a: Slowking
|-damage|p1a: Slowking|0 fnt
|-unboost|p2a: Great Tusk|def|1
|-unboost|p2a: Great Tusk|spd|1
|faint|p1a: Slowking
|
|upkeep
|inactive|loki001 has 120 seconds left.
|
|t:|1743827276
|switch|p1a: Samurott|Samurott-Hisui, F|72/100 brn
|turn|10
|inactive|THE DEVIL MAY CRY has 120 seconds left.
|
|t:|1743827323
|move|p1a: Samurott|Ceaseless Edge|p2a: Great Tusk
|-resisted|p2a: Great Tusk
|-damage|p2a: Great Tusk|32/100
|-damage|p1a: Samurott|55/100 brn|[from] item: Rocky Helmet|[of] p2a: Great Tusk
|-sidestart|p2: THE DEVIL MAY CRY|Spikes
|move|p2a: Great Tusk|Headlong Rush|p1a: Samurott
|-damage|p1a: Samurott|0 fnt
|-unboost|p2a: Great Tusk|def|1
|-unboost|p2a: Great Tusk|spd|1
|faint|p1a: Samurott
|
|upkeep
|inactive|loki001 has 120 seconds left.
|
|t:|1743827335
|switch|p1a: Rillaboom|Rillaboom, F|100/100
|-fieldstart|move: Grassy Terrain|[from] ability: Grassy Surge|[of] p1a: Rillaboom
|turn|11
|
|t:|1743827341
|move|p1a: Rillaboom|Grassy Glide|p2a: Great Tusk
|-supereffective|p2a: Great Tusk
|-damage|p2a: Great Tusk|0 fnt
|-damage|p1a: Rillaboom|84/100|[from] item: Rocky Helmet|[of] p2a: Great Tusk
|faint|p2a: Great Tusk
|-end|p2a: Great Tusk|Protosynthesis|[silent]
|
|-heal|p1a: Rillaboom|90/100|[from] Grassy Terrain
|upkeep
|
|t:|1743827350
|switch|p2a: Ninetales|Ninetales, M|51/100
|-damage|p2a: Ninetales|39/100|[from] Spikes
|-weather|SunnyDay|[from] ability: Drought|[of] p2a: Ninetales
|turn|12
|
|t:|1743827367
|switch|p1a: Zapdos|Zapdos|100/100
|move|p2a: Ninetales|Weather Ball|p1a: Zapdos
|-damage|p1a: Zapdos|58/100
|
|-weather|SunnyDay|[upkeep]
|-heal|p2a: Ninetales|45/100|[from] Grassy Terrain
|upkeep
|turn|13
|inactive|loki001 has 120 seconds left.
|
|t:|1743827389
|move|p2a: Ninetales|Weather Ball|p1a: Zapdos
|-damage|p1a: Zapdos|17/100
|move|p1a: Zapdos|Hurricane|p2a: Ninetales
|-damage|p2a: Ninetales|4/100
|
|-weather|SunnyDay|[upkeep]
|-heal|p2a: Ninetales|10/100|[from] Grassy Terrain
|upkeep
|turn|14
|
|t:|1743827400
|move|p2a: Ninetales|Weather Ball|p1a: Zapdos
|-damage|p1a: Zapdos|0 fnt
|faint|p1a: Zapdos
|
|-weather|SunnyDay|[upkeep]
|-heal|p2a: Ninetales|16/100|[from] Grassy Terrain
|upkeep
|inactive|loki001 has 120 seconds left.
|
|t:|1743827413
|switch|p1a: Great Tusk|Great Tusk|100/100
|-activate|p1a: Great Tusk|ability: Protosynthesis
|-start|p1a: Great Tusk|protosynthesisatk
|turn|15
|
|t:|1743827426
|move|p2a: Ninetales|Weather Ball|p1a: Great Tusk
|-damage|p1a: Great Tusk|36/100
|move|p1a: Great Tusk|Stealth Rock|p2a: Ninetales
|-sidestart|p2: THE DEVIL MAY CRY|move: Stealth Rock
|
|-weather|SunnyDay|[upkeep]
|-heal|p2a: Ninetales|22/100|[from] Grassy Terrain
|-heal|p1a: Great Tusk|42/100|[from] Grassy Terrain
|-fieldend|move: Grassy Terrain
|upkeep
|turn|16
|
|t:|1743827439
|move|p2a: Ninetales|Weather Ball|p1a: Great Tusk
|-damage|p1a: Great Tusk|0 fnt
|faint|p1a: Great Tusk
|-end|p1a: Great Tusk|Protosynthesis|[silent]
|
|-weather|SunnyDay|[upkeep]
|upkeep
|-message|loki001 forfeited.
|
|win|THE DEVIL MAY CRY
|raw|loki001's rating: 1051 &rarr; <strong>1035</strong><br />(-16 for losing)
|raw|THE DEVIL MAY CRY's rating: 1081 &rarr; <strong>1106</strong><br />(+25 for winning)
|l|☆loki001
|player|p1|
|l|☆THE DEVIL MAY CRY
|player|p2|
