|j|☆malpicatepica
|j|☆Gikkak
|t:|1743785410
|gametype|singles
|player|p1|malpicatepica|102|1434
|player|p2|Gikkak|101|1434
|teamsize|p1|6
|teamsize|p2|6
|gen|9
|tier|[Gen 9] OU
|rated|
|rule|HP Percentage Mod: HP is shown in percentages
|rule|Endless Battle Clause: Forcing endless battles is banned
|rule|Species Clause: Limit one of each Pokémon
|rule|OHKO Clause: OHKO moves are banned
|rule|Evasion Items Clause: Evasion items are banned
|rule|Evasion Moves Clause: Evasion moves are banned
|rule|Sleep Moves Clause: Sleep-inducing moves are banned
|clearpoke
|poke|p1|Iron Treads|
|poke|p1|Kyurem|
|poke|p1|Gholdengo|
|poke|p1|Ting-Lu|
|poke|p1|Sinistcha-Masterpiece|
|poke|p1|Inteleon, M|
|poke|p2|Great Tusk|
|poke|p2|Gholdengo|
|poke|p2|Iron Valiant|
|poke|p2|Kingambit, M|
|poke|p2|Raging Bolt|
|poke|p2|Ogerpon-Wellspring, F|
|teampreview
|
|t:|1743785449
|start
|switch|p1a: Iron Treads|Iron Treads|100/100
|switch|p2a: Au Revoir|Great Tusk|100/100
|turn|1
|
|t:|1743785458
|-end|p1a: Iron Treads|Quark Drive|[silent]
|switch|p1a: Sinistcha|Sinistcha-Masterpiece|100/100
|move|p2a: Au Revoir|Rapid Spin|p1a: Sinistcha
|-immune|p1a: Sinistcha
|
|upkeep
|turn|2
|
|t:|1743785469
|move|p2a: Au Revoir|Stealth Rock|p1a: Sinistcha
|-sidestart|p1: malpicatepica|move: Stealth Rock
|move|p1a: Sinistcha|Giga Drain|p2a: Au Revoir
|-supereffective|p2a: Au Revoir
|-damage|p2a: Au Revoir|15/100
|
|upkeep
|turn|3
|
|t:|1743785484
|-end|p2a: Au Revoir|Protosynthesis|[silent]
|switch|p2a: Good Bye|Gholdengo|100/100
|move|p1a: Sinistcha|Giga Drain|p2a: Good Bye
|-resisted|p2a: Good Bye
|-crit|p2a: Good Bye
|-damage|p2a: Good Bye|75/100
|
|upkeep
|turn|4
|
|t:|1743785496
|move|p2a: Good Bye|Shadow Ball|p1a: Sinistcha
|-supereffective|p1a: Sinistcha
|-damage|p1a: Sinistcha|1/100
|-unboost|p1a: Sinistcha|spd|1
|move|p1a: Sinistcha|Shadow Ball|p2a: Good Bye
|-supereffective|p2a: Good Bye
|-damage|p2a: Good Bye|0 fnt
|faint|p2a: Good Bye
|
|upkeep
|
|t:|1743785508
|switch|p2a: Au Revoir|Great Tusk|15/100
|turn|5
|
|t:|1743785533
|move|p2a: Au Revoir|Ice Spinner|p1a: Sinistcha
|-supereffective|p1a: Sinistcha
|-damage|p1a: Sinistcha|0 fnt
|faint|p1a: Sinistcha
|
|upkeep
|
|t:|1743785536
|switch|p1a: Iron Treads|Iron Treads|100/100
|turn|6
|
|t:|1743785550
|move|p1a: Iron Treads|Earthquake|p2a: Au Revoir
|-damage|p2a: Au Revoir|0 fnt
|faint|p2a: Au Revoir
|-end|p2a: Au Revoir|Protosynthesis|[silent]
|
|upkeep
|
|t:|1743785555
|switch|p2a: Ciao|Ogerpon-Wellspring, F|100/100
|turn|7
|l|☆malpicatepica
|player|p1|
|inactive|Battle timer is ON: inactive players will automatically lose when time's up. (requested by Gikkak)
|inactive|malpicatepica has 30 seconds to reconnect!
|inactive|malpicatepica has 20 seconds to reconnect!
|inactive|malpicatepica has 15 seconds to reconnect!
|inactive|malpicatepica has 10 seconds to reconnect!
|j|☆malpicatepica
|inactive|malpicatepica reconnected and has 100 seconds left.
|player|p1|malpicatepica|102|
|
|t:|1743785672
|-end|p1a: Iron Treads|Quark Drive|[silent]
|switch|p1a: Inteleon|Inteleon, M|100/100
|-damage|p1a: Inteleon|88/100|[from] Stealth Rock
|move|p2a: Ciao|Swords Dance|p2a: Ciao
|-boost|p2a: Ciao|atk|2
|
|upkeep
|turn|8
|
|t:|1743785681
|move|p1a: Inteleon|Ice Beam|p2a: Ciao
|-damage|p2a: Ciao|65/100
|move|p2a: Ciao|Horn Leech|p1a: Inteleon
|-supereffective|p1a: Inteleon
|-damage|p1a: Inteleon|0 fnt
|-heal|p2a: Ciao|100/100|[from] drain|[of] p1a: Inteleon
|faint|p1a: Inteleon
|
|upkeep
|
|t:|1743785685
|switch|p1a: Kyurem|Kyurem|100/100
|-damage|p1a: Kyurem|76/100|[from] Stealth Rock
|-ability|p1a: Kyurem|Pressure
|turn|9
|
|t:|1743785700
|move|p2a: Ciao|Horn Leech|p1a: Kyurem
|-resisted|p1a: Kyurem
|-damage|p1a: Kyurem|37/100
|move|p1a: Kyurem|Dragon Dance|p1a: Kyurem
|-boost|p1a: Kyurem|atk|1
|-boost|p1a: Kyurem|spe|1
|
|-heal|p1a: Kyurem|43/100|[from] item: Leftovers
|upkeep
|turn|10
|
|t:|1743785707
|move|p1a: Kyurem|Freeze-Dry|p2a: Ciao
|-supereffective|p2a: Ciao
|-damage|p2a: Ciao|0 fnt
|faint|p2a: Ciao
|
|-heal|p1a: Kyurem|49/100|[from] item: Leftovers
|upkeep
|
|t:|1743785728
|switch|p2a: Hasta Luego|Iron Valiant|100/100
|-enditem|p2a: Hasta Luego|Booster Energy
|-activate|p2a: Hasta Luego|ability: Quark Drive|[fromitem]
|-start|p2a: Hasta Luego|quarkdrivespe
|turn|11
|
|t:|1743785734
|-terastallize|p1a: Kyurem|Steel
|move|p2a: Hasta Luego|Shadow Ball|p1a: Kyurem
|-damage|p1a: Kyurem|24/100
|-unboost|p1a: Kyurem|spd|1
|move|p1a: Kyurem|Dragon Dance|p1a: Kyurem
|-boost|p1a: Kyurem|atk|1
|-boost|p1a: Kyurem|spe|1
|
|-heal|p1a: Kyurem|30/100|[from] item: Leftovers
|upkeep
|turn|12
|l|☆malpicatepica
|inactive|malpicatepica disconnected and has a minute to reconnect!
|player|p1|
|inactive|Gikkak has 120 seconds left.
|j|☆malpicatepica
|inactive|malpicatepica reconnected.
|player|p1|malpicatepica|102|
|
|t:|1743785768
|-terastallize|p2a: Hasta Luego|Steel
|move|p1a: Kyurem|Freeze-Dry|p2a: Hasta Luego
|-resisted|p2a: Hasta Luego
|-damage|p2a: Hasta Luego|69/100
|move|p2a: Hasta Luego|Shadow Ball|p1a: Kyurem
|-damage|p1a: Kyurem|0 fnt
|faint|p1a: Kyurem
|
|upkeep
|
|t:|1743785778
|switch|p1a: Ting-Lu|Ting-Lu|100/100
|-damage|p1a: Ting-Lu|94/100|[from] Stealth Rock
|-ability|p1a: Ting-Lu|Vessel of Ruin
|turn|13
|
|t:|1743785785
|move|p2a: Hasta Luego|Moonblast|p1a: Ting-Lu
|-supereffective|p1a: Ting-Lu
|-damage|p1a: Ting-Lu|50/100
|move|p1a: Ting-Lu|Earthquake|p2a: Hasta Luego
|-supereffective|p2a: Hasta Luego
|-damage|p2a: Hasta Luego|0 fnt
|faint|p2a: Hasta Luego
|-end|p2a: Hasta Luego|Quark Drive|[silent]
|
|-heal|p1a: Ting-Lu|56/100|[from] item: Leftovers
|upkeep
|inactive|Gikkak has 120 seconds left.
|
|t:|1743785795
|switch|p2a: Sayonara|Kingambit, M|100/100
|-activate|p2a: Sayonara|ability: Supreme Overlord
|-start|p2a: Sayonara|fallen4|[silent]
|turn|14
|
|t:|1743785799
|move|p2a: Sayonara|Low Kick|p1a: Ting-Lu
|-supereffective|p1a: Ting-Lu
|-damage|p1a: Ting-Lu|0 fnt
|faint|p1a: Ting-Lu
|
|upkeep
|
|t:|1743785802
|switch|p1a: Gholdengo|Gholdengo|100/100
|-damage|p1a: Gholdengo|94/100|[from] Stealth Rock
|turn|15
|
|t:|1743785812
|-end|p2a: Sayonara|fallen4|[silent]
|switch|p2a: Tschüss|Raging Bolt|100/100
|-enditem|p2a: Tschüss|Booster Energy
|-activate|p2a: Tschüss|ability: Protosynthesis|[fromitem]
|-start|p2a: Tschüss|protosynthesisspa
|move|p1a: Gholdengo|Trick|p2a: Tschüss
|-activate|p1a: Gholdengo|move: Trick|[of] p2a: Tschüss
|-item|p2a: Tschüss|Choice Scarf|[from] move: Trick
|-enditem|p1a: Gholdengo|Choice Scarf|[silent]|[from] move: Trick
|
|upkeep
|turn|16
|
|t:|1743785826
|switch|p1a: Iron Treads|Iron Treads|100/100
|move|p2a: Tschüss|Thunderbolt|p1a: Iron Treads
|-immune|p1a: Iron Treads
|
|upkeep
|turn|17
|
|t:|1743785832
|-end|p2a: Tschüss|Protosynthesis|[silent]
|switch|p2a: Sayonara|Kingambit, M|100/100
|-activate|p2a: Sayonara|ability: Supreme Overlord
|-start|p2a: Sayonara|fallen4|[silent]
|move|p1a: Iron Treads|Earthquake|p2a: Sayonara
|-supereffective|p2a: Sayonara
|-damage|p2a: Sayonara|32/100
|
|-heal|p2a: Sayonara|38/100|[from] item: Leftovers
|upkeep
|turn|18
|
|t:|1743785844
|move|p2a: Sayonara|Sucker Punch|p1a: Iron Treads
|-damage|p1a: Iron Treads|53/100
|move|p1a: Iron Treads|Earthquake|p2a: Sayonara
|-supereffective|p2a: Sayonara
|-damage|p2a: Sayonara|0 fnt
|faint|p2a: Sayonara
|-end|p2a: Sayonara|fallen4|[silent]
|
|upkeep
|
|t:|1743785848
|switch|p2a: Tschüss|Raging Bolt|100/100
|turn|19
|
|t:|1743785857
|move|p2a: Tschüss|Dragon Pulse|p1a: Iron Treads
|-resisted|p1a: Iron Treads
|-damage|p1a: Iron Treads|24/100
|move|p1a: Iron Treads|Earthquake|p2a: Tschüss
|-supereffective|p2a: Tschüss
|-damage|p2a: Tschüss|28/100
|
|upkeep
|turn|20
|
|t:|1743785862
|move|p2a: Tschüss|Dragon Pulse|p1a: Iron Treads
|-resisted|p1a: Iron Treads
|-damage|p1a: Iron Treads|0 fnt
|faint|p1a: Iron Treads
|-end|p1a: Iron Treads|Quark Drive|[silent]
|
|upkeep
|
|t:|1743785863
|switch|p1a: Gholdengo|Gholdengo|94/100
|-damage|p1a: Gholdengo|88/100|[from] Stealth Rock
|turn|21
|
|t:|1743785866
|move|p2a: Tschüss|Dragon Pulse|p1a: Gholdengo
|-resisted|p1a: Gholdengo
|-damage|p1a: Gholdengo|61/100
|move|p1a: Gholdengo|Dazzling Gleam|p2a: Tschüss
|-supereffective|p2a: Tschüss
|-damage|p2a: Tschüss|0 fnt
|faint|p2a: Tschüss
|-end|p2a: Tschüss|Protosynthesis|[silent]
|
|win|malpicatepica
|raw|malpicatepica's rating: 1413 &rarr; <strong>1434</strong><br />(+21 for winning)
|raw|Gikkak's rating: 1434 &rarr; <strong>1413</strong><br />(-21 for losing)
|l|☆malpicatepica
|player|p1|
|l|☆Gikkak
|player|p2|
