|j|☆Phantasmagorica
|j|☆Gen1elite
|t:|1743799789
|gametype|singles
|player|p1|Phantasmagorica|fantina|1114
|player|p2|Gen1elite|red|1208
|teamsize|p1|6
|teamsize|p2|6
|gen|9
|tier|[Gen 9] OU
|rated|
|rule|HP Percentage Mod: HP is shown in percentages
|rule|Endless Battle Clause: Forcing endless battles is banned
|rule|Species Clause: Limit one of each Pokémon
|rule|OHKO Clause: OHKO moves are banned
|rule|Evasion Items Clause: Evasion items are banned
|rule|Evasion Moves Clause: Evasion moves are banned
|rule|Sleep Moves Clause: Sleep-inducing moves are banned
|clearpoke
|poke|p1|Dragonite, F|
|poke|p1|Armarouge, M|
|poke|p1|Ceruledge, F|
|poke|p1|Garganacl, M|
|poke|p1|Quagsire, F|
|poke|p1|Goodra, M|
|poke|p2|Dragonite, M|
|poke|p2|Tentacruel, M|
|poke|p2|Dugtrio, F|
|poke|p2|Zapdos|
|poke|p2|Clefable, F|
|poke|p2|Exeggutor, F|
|teampreview
|inactive|Battle timer is ON: inactive players will automatically lose when time's up. (requested by Phantasmagorica)
|inactive|Gen1elite has 120 seconds left.
|
|t:|1743799827
|start
|switch|p1a: Goodra|Goodra, M|100/100
|switch|p2a: Zapdos|Zapdos|100/100
|turn|1
|
|t:|1743799835
|move|p1a: Goodra|Outrage|p2a: Zapdos
|-damage|p2a: Zapdos|42/100
|-damage|p1a: Goodra|84/100|[from] item: Rocky Helmet|[of] p2a: Zapdos
|-damage|p1a: Goodra|74/100|[from] item: Life Orb
|move|p2a: Zapdos|Discharge|p1a: Goodra
|-resisted|p1a: Goodra
|-damage|p1a: Goodra|58/100
|
|upkeep
|turn|2
|
|t:|1743799847
|switch|p2a: Clefable|Clefable, F|100/100
|move|p1a: Goodra|Outrage|p2a: Clefable|[from] lockedmove
|-immune|p2a: Clefable
|
|upkeep
|turn|3
|
|t:|1743799857
|switch|p1a: Ceruledge|Ceruledge, F|100/100
|move|p2a: Clefable|Calm Mind|p2a: Clefable
|-boost|p2a: Clefable|spa|1
|-boost|p2a: Clefable|spd|1
|
|upkeep
|turn|4
|
|t:|1743799865
|switch|p2a: Zapdos|Zapdos|42/100
|move|p1a: Ceruledge|Swords Dance|p1a: Ceruledge
|-boost|p1a: Ceruledge|atk|2
|
|upkeep
|turn|5
|
|t:|1743799873
|move|p1a: Ceruledge|Bitter Blade|p2a: Zapdos
|-damage|p2a: Zapdos|0 fnt
|-damage|p1a: Ceruledge|84/100|[from] item: Rocky Helmet|[of] p2a: Zapdos
|faint|p2a: Zapdos
|
|-heal|p1a: Ceruledge|90/100|[from] item: Leftovers
|upkeep
|
|t:|1743799884
|switch|p2a: Dugtrio|Dugtrio, F|100/100
|turn|6
|
|t:|1743799891
|-terastallize|p1a: Ceruledge|Dark
|move|p2a: Dugtrio|Stealth Rock|p1a: Ceruledge
|-sidestart|p1: Phantasmagorica|move: Stealth Rock
|move|p1a: Ceruledge|Bitter Blade|p2a: Dugtrio
|-enditem|p2a: Dugtrio|Focus Sash
|-damage|p2a: Dugtrio|1/100
|-heal|p1a: Ceruledge|100/100|[from] drain|[of] p2a: Dugtrio
|
|upkeep
|turn|7
|
|t:|1743799902
|move|p2a: Dugtrio|Endeavor|p1a: Ceruledge
|-damage|p1a: Ceruledge|1/100
|-ability|p1a: Ceruledge|Weak Armor|boost
|-unboost|p1a: Ceruledge|def|1
|-boost|p1a: Ceruledge|spe|2
|move|p1a: Ceruledge|Bitter Blade|p2a: Dugtrio
|-damage|p2a: Dugtrio|0 fnt
|-heal|p1a: Ceruledge|1/100|[from] drain|[of] p2a: Dugtrio
|faint|p2a: Dugtrio
|
|-heal|p1a: Ceruledge|7/100|[from] item: Leftovers
|upkeep
|
|t:|1743799915
|switch|p2a: Dragonite|Dragonite, M|100/100
|turn|8
|
|t:|1743799918
|move|p2a: Dragonite|Extreme Speed|p1a: Ceruledge
|-damage|p1a: Ceruledge|0 fnt
|faint|p1a: Ceruledge
|
|upkeep
|
|t:|1743799921
|switch|p1a: Garganacl|Garganacl, M|100/100
|-damage|p1a: Garganacl|88/100|[from] Stealth Rock
|turn|9
|
|t:|1743799929
|switch|p2a: Tentacruel|Tentacruel, M|100/100
|move|p1a: Garganacl|Salt Cure|p2a: Tentacruel
|-damage|p2a: Tentacruel|82/100
|-start|p2a: Tentacruel|Salt Cure
|
|-heal|p2a: Tentacruel|88/100|[from] item: Black Sludge
|-heal|p1a: Garganacl|94/100|[from] item: Leftovers
|-damage|p2a: Tentacruel|63/100|[from] Salt Cure
|upkeep
|turn|10
|
|t:|1743799941
|switch|p1a: Quagsire|Quagsire, F|100/100
|-damage|p1a: Quagsire|94/100|[from] Stealth Rock
|move|p2a: Tentacruel|Toxic Spikes|p1a: Quagsire
|-sidestart|p1: Phantasmagorica|move: Toxic Spikes
|
|-heal|p2a: Tentacruel|69/100|[from] item: Black Sludge
|-heal|p1a: Quagsire|100/100|[from] item: Leftovers
|-damage|p2a: Tentacruel|44/100|[from] Salt Cure
|upkeep
|turn|11
|
|t:|1743799954
|move|p2a: Tentacruel|Sludge Bomb|p1a: Quagsire
|-resisted|p1a: Quagsire
|-damage|p1a: Quagsire|85/100
|-status|p1a: Quagsire|psn
|move|p1a: Quagsire|Spikes|p2a: Tentacruel
|-sidestart|p2: Gen1elite|Spikes
|
|-heal|p2a: Tentacruel|50/100|[from] item: Black Sludge
|-heal|p1a: Quagsire|91/100 psn|[from] item: Leftovers
|-damage|p1a: Quagsire|79/100 psn|[from] psn
|-damage|p2a: Tentacruel|25/100|[from] Salt Cure
|upkeep
|turn|12
|
|t:|1743799968
|move|p2a: Tentacruel|Rapid Spin|p1a: Quagsire
|-damage|p1a: Quagsire|74/100 psn
|-boost|p2a: Tentacruel|spe|1
|-sideend|p2: Gen1elite|Spikes|[from] move: Rapid Spin|[of] p2a: Tentacruel
|move|p1a: Quagsire|Spikes|p2a: Tentacruel
|-sidestart|p2: Gen1elite|Spikes
|
|-heal|p2a: Tentacruel|32/100|[from] item: Black Sludge
|-heal|p1a: Quagsire|80/100 psn|[from] item: Leftovers
|-damage|p1a: Quagsire|67/100 psn|[from] psn
|-damage|p2a: Tentacruel|7/100|[from] Salt Cure
|upkeep
|turn|13
|
|t:|1743799980
|move|p2a: Tentacruel|Rapid Spin|p1a: Quagsire
|-damage|p1a: Quagsire|62/100 psn
|-boost|p2a: Tentacruel|spe|1
|-sideend|p2: Gen1elite|Spikes|[from] move: Rapid Spin|[of] p2a: Tentacruel
|move|p1a: Quagsire|Toxic Spikes|p2a: Tentacruel
|-sidestart|p2: Gen1elite|move: Toxic Spikes
|
|-heal|p2a: Tentacruel|13/100|[from] item: Black Sludge
|-heal|p1a: Quagsire|68/100 psn|[from] item: Leftovers
|-damage|p1a: Quagsire|56/100 psn|[from] psn
|-damage|p2a: Tentacruel|0 fnt|[from] Salt Cure
|faint|p2a: Tentacruel
|upkeep
|
|t:|1743799995
|switch|p2a: Dragonite|Dragonite, M|100/100
|turn|14
|
|t:|1743800000
|move|p2a: Dragonite|Dragon Dance|p2a: Dragonite
|-boost|p2a: Dragonite|atk|1
|-boost|p2a: Dragonite|spe|1
|move|p1a: Quagsire|Toxic Spikes|p2a: Dragonite
|-sidestart|p2: Gen1elite|move: Toxic Spikes
|
|-heal|p1a: Quagsire|62/100 psn|[from] item: Leftovers
|-damage|p1a: Quagsire|49/100 psn|[from] psn
|upkeep
|turn|15
|
|t:|1743800010
|switch|p1a: Garganacl|Garganacl, M|94/100
|-damage|p1a: Garganacl|82/100|[from] Stealth Rock
|move|p2a: Dragonite|Dragon Rush|p1a: Garganacl|[miss]
|-miss|p2a: Dragonite|p1a: Garganacl
|
|-heal|p1a: Garganacl|88/100|[from] item: Leftovers
|upkeep
|turn|16
|
|t:|1743800022
|-terastallize|p2a: Dragonite|Steel
|move|p2a: Dragonite|Iron Head|p1a: Garganacl
|-supereffective|p1a: Garganacl
|-damage|p1a: Garganacl|17/100
|cant|p1a: Garganacl|flinch
|
|-heal|p1a: Garganacl|23/100|[from] item: Leftovers
|upkeep
|turn|17
|
|t:|1743800031
|move|p2a: Dragonite|Iron Head|p1a: Garganacl
|-supereffective|p1a: Garganacl
|-damage|p1a: Garganacl|0 fnt
|faint|p1a: Garganacl
|
|upkeep
|
|t:|1743800043
|switch|p1a: Quagsire|Quagsire, F|49/100 psn
|-damage|p1a: Quagsire|43/100 psn|[from] Stealth Rock
|turn|18
|
|t:|1743800047
|move|p2a: Dragonite|Dragon Rush|p1a: Quagsire
|-damage|p1a: Quagsire|3/100 psn
|move|p1a: Quagsire|Waterfall|p2a: Dragonite
|-crit|p2a: Dragonite
|-damage|p2a: Dragonite|81/100
|
|-heal|p1a: Quagsire|9/100 psn|[from] item: Leftovers
|-damage|p1a: Quagsire|0 fnt|[from] psn
|faint|p1a: Quagsire
|upkeep
|
|t:|1743800053
|switch|p1a: Armarouge|Armarouge, M|100/100
|-damage|p1a: Armarouge|76/100|[from] Stealth Rock
|-status|p1a: Armarouge|psn
|turn|19
|
|t:|1743800065
|move|p2a: Dragonite|Dragon Rush|p1a: Armarouge|[miss]
|-miss|p2a: Dragonite|p1a: Armarouge
|move|p1a: Armarouge|Heat Wave|p2a: Dragonite|[miss]
|-miss|p1a: Armarouge|p2a: Dragonite
|
|-damage|p1a: Armarouge|63/100 psn|[from] psn
|upkeep
|turn|20
|
|t:|1743800073
|move|p2a: Dragonite|Extreme Speed|p1a: Armarouge
|-damage|p1a: Armarouge|21/100 psn
|-ability|p1a: Armarouge|Weak Armor|boost
|-unboost|p1a: Armarouge|def|1
|-boost|p1a: Armarouge|spe|2
|move|p1a: Armarouge|Heat Wave|p2a: Dragonite
|-supereffective|p2a: Dragonite
|-damage|p2a: Dragonite|0 fnt
|faint|p2a: Dragonite
|
|-damage|p1a: Armarouge|9/100 psn|[from] psn
|upkeep
|
|t:|1743800086
|switch|p2a: Clefable|Clefable, F|100/100
|-status|p2a: Clefable|tox
|turn|21
|
|t:|1743800096
|move|p1a: Armarouge|Heat Wave|p2a: Clefable
|-damage|p2a: Clefable|48/100 tox
|move|p2a: Clefable|Moonlight|p2a: Clefable
|-heal|p2a: Clefable|98/100 tox
|
|-heal|p2a: Clefable|100/100 tox|[from] item: Leftovers
|-damage|p1a: Armarouge|0 fnt|[from] psn
|faint|p1a: Armarouge
|-damage|p2a: Clefable|94/100 tox|[from] psn
|upkeep
|
|t:|1743800104
|switch|p1a: Dragonite|Dragonite, F|100/100
|-damage|p1a: Dragonite|75/100|[from] Stealth Rock
|turn|22
|
|t:|1743800111
|move|p1a: Dragonite|Earthquake|p2a: Clefable
|-damage|p2a: Clefable|58/100 tox
|move|p2a: Clefable|Moonblast|p1a: Dragonite
|-supereffective|p1a: Dragonite
|-damage|p1a: Dragonite|29/100
|
|-heal|p2a: Clefable|64/100 tox|[from] item: Leftovers
|-damage|p2a: Clefable|52/100 tox|[from] psn
|upkeep
|turn|23
|
|t:|1743800120
|move|p1a: Dragonite|Earthquake|p2a: Clefable
|-damage|p2a: Clefable|14/100 tox
|move|p2a: Clefable|Moonblast|p1a: Dragonite
|-supereffective|p1a: Dragonite
|-damage|p1a: Dragonite|0 fnt
|faint|p1a: Dragonite
|
|-heal|p2a: Clefable|20/100 tox|[from] item: Leftovers
|-damage|p2a: Clefable|2/100 tox|[from] psn
|upkeep
|
|t:|1743800124
|switch|p1a: Goodra|Goodra, M|58/100
|-damage|p1a: Goodra|45/100|[from] Stealth Rock
|-status|p1a: Goodra|psn
|turn|24
|
|t:|1743800136
|move|p1a: Goodra|Earthquake|p2a: Clefable
|-damage|p2a: Clefable|0 fnt
|faint|p2a: Clefable
|-damage|p1a: Goodra|35/100 psn|[from] item: Life Orb
|
|-damage|p1a: Goodra|23/100 psn|[from] psn
|upkeep
|
|t:|1743800143
|switch|p2a: Exeggutor|Exeggutor, F|100/100
|-status|p2a: Exeggutor|tox
|turn|25
|
|t:|1743800150
|move|p1a: Goodra|Outrage|p2a: Exeggutor
|-damage|p2a: Exeggutor|34/100 tox
|-enditem|p2a: Exeggutor|Kee Berry|[eat]
|-boost|p2a: Exeggutor|def|1|[from] item: Kee Berry
|-damage|p1a: Goodra|13/100 psn|[from] item: Life Orb
|move|p2a: Exeggutor|Psyshock|p1a: Goodra
|-damage|p1a: Goodra|0 fnt
|faint|p1a: Goodra
|
|win|Gen1elite
|raw|Phantasmagorica's rating: 1114 &rarr; <strong>1096</strong><br />(-18 for losing)
|raw|Gen1elite's rating: 1208 &rarr; <strong>1226</strong><br />(+18 for winning)
|l|☆Phantasmagorica
|player|p1|
|l|☆Gen1elite
|player|p2|
