|j|☆Nhovah
|j|☆KurbyK14
|t:|1743825920
|gametype|singles
|player|p1|Nhovah|harlequin|1221
|player|p2|KurbyK14|pokemonranger-gen4|1177
|teamsize|p1|6
|teamsize|p2|6
|gen|9
|tier|[Gen 9] OU
|rated|
|rule|HP Percentage Mod: HP is shown in percentages
|rule|Endless Battle Clause: Forcing endless battles is banned
|rule|Species Clause: Limit one of each Pokémon
|rule|OHKO Clause: OHKO moves are banned
|rule|Evasion Items Clause: Evasion items are banned
|rule|Evasion Moves Clause: Evasion moves are banned
|rule|Sleep Moves Clause: Sleep-inducing moves are banned
|clearpoke
|poke|p1|Hydrapple, M|
|poke|p1|Tinkaton, F|
|poke|p1|Moltres|
|poke|p1|Rotom-Wash|
|poke|p1|Great Tusk|
|poke|p1|Darkrai|
|poke|p2|Leavanny, M|
|poke|p2|Torkoal, M|
|poke|p2|Walking Wake|
|poke|p2|Great Tusk|
|poke|p2|Venusaur, M|
|poke|p2|Ceruledge, F|
|teampreview
|inactive|Battle timer is ON: inactive players will automatically lose when time's up. (requested by KurbyK14)
|inactive|Nhovah has 120 seconds left.
|
|t:|1743825959
|start
|switch|p1a: Washing Machine|Rotom-Wash|100/100
|switch|p2a: Leavanny|Leavanny, M|100/100
|turn|1
|inactive|Nhovah has 120 seconds left.
|
|t:|1743825994
|-terastallize|p1a: Washing Machine|Steel
|move|p2a: Leavanny|Sticky Web|p1a: Washing Machine
|-sidestart|p1: Nhovah|move: Sticky Web
|move|p1a: Washing Machine|Will-O-Wisp|p2a: Leavanny
|-status|p2a: Leavanny|brn
|
|-damage|p2a: Leavanny|94/100 brn|[from] brn
|upkeep
|turn|2
|inactive|Nhovah has 120 seconds left.
|
|t:|1743826013
|switch|p2a: Torkoal|Torkoal, M|100/100
|-weather|SunnyDay|[from] ability: Drought|[of] p2a: Torkoal
|move|p1a: Washing Machine|Hydro Pump|p2a: Torkoal|[miss]
|-miss|p1a: Washing Machine|p2a: Torkoal
|
|-weather|SunnyDay|[upkeep]
|upkeep
|turn|3
|
|t:|1743826022
|move|p1a: Washing Machine|Volt Switch|p2a: Torkoal
|-damage|p2a: Torkoal|67/100
|
|t:|1743826034
|switch|p1a: Fireborb|Moltres|100/100|[from] Volt Switch
|move|p2a: Torkoal|Stealth Rock|p1a: Fireborb
|-sidestart|p1: Nhovah|move: Stealth Rock
|
|-weather|SunnyDay|[upkeep]
|upkeep
|turn|4
|
|t:|1743826054
|switch|p2a: Leavanny|Leavanny, M|94/100 brn
|move|p1a: Fireborb|Flamethrower|p2a: Leavanny
|-supereffective|p2a: Leavanny
|-damage|p2a: Leavanny|0 fnt
|faint|p2a: Leavanny
|
|-weather|SunnyDay|[upkeep]
|upkeep
|
|t:|1743826060
|switch|p2a: Walking Wake|Walking Wake|100/100
|-activate|p2a: Walking Wake|ability: Protosynthesis
|-start|p2a: Walking Wake|protosynthesisspa
|turn|5
|
|t:|1743826081
|switch|p1a: Washing Machine|Rotom-Wash, tera:Steel|100/100
|-damage|p1a: Washing Machine|95/100|[from] Stealth Rock
|move|p2a: Walking Wake|Hydro Steam|p1a: Washing Machine
|-damage|p1a: Washing Machine|0 fnt
|faint|p1a: Washing Machine
|
|-weather|SunnyDay|[upkeep]
|upkeep
|
|t:|1743826091
|switch|p1a: Noodle|Hydrapple, M|100/100
|turn|6
|
|t:|1743826114
|-end|p2a: Walking Wake|Protosynthesis|[silent]
|switch|p2a: Venusaur|Venusaur, M|100/100
|move|p1a: Noodle|Fickle Beam|p2a: Venusaur
|-damage|p2a: Venusaur|51/100
|
|-weather|SunnyDay|[upkeep]
|upkeep
|turn|7
|inactive|KurbyK14 has 120 seconds left.
|
|t:|1743826137
|switch|p1a: Big Donphan|Great Tusk|100/100
|-activate|p1a: Big Donphan|ability: Protosynthesis
|-start|p1a: Big Donphan|protosynthesisatk
|move|p2a: Venusaur|Growth|p2a: Venusaur
|-boost|p2a: Venusaur|atk|2
|-boost|p2a: Venusaur|spa|2
|
|-weather|SunnyDay|[upkeep]
|upkeep
|turn|8
|
|t:|1743826151
|move|p2a: Venusaur|Giga Drain|p1a: Big Donphan
|-supereffective|p1a: Big Donphan
|-damage|p1a: Big Donphan|0 fnt
|-heal|p2a: Venusaur|100/100|[from] drain|[of] p1a: Big Donphan
|faint|p1a: Big Donphan
|-end|p1a: Big Donphan|Protosynthesis|[silent]
|-damage|p2a: Venusaur|91/100|[from] item: Life Orb
|
|-weather|SunnyDay|[upkeep]
|upkeep
|-message|Nhovah forfeited.
|
|win|KurbyK14
|raw|Nhovah's rating: 1221 &rarr; <strong>1193</strong><br />(-28 for losing)
|raw|KurbyK14's rating: 1177 &rarr; <strong>1205</strong><br />(+28 for winning)
|l|☆Nhovah
|player|p1|
|l|☆KurbyK14
|player|p2|
