|j|☆Malexrocks
|j|☆velocink
|t:|1743840877
|gametype|singles
|player|p1|Malexrocks|artist|1263
|player|p2|velocink|ethan|1210
|teamsize|p1|6
|teamsize|p2|6
|gen|9
|tier|[Gen 9] OU
|rated|
|rule|HP Percentage Mod: HP is shown in percentages
|rule|Endless Battle Clause: Forcing endless battles is banned
|rule|Species Clause: Limit one of each Pokémon
|rule|OHKO Clause: OHKO moves are banned
|rule|Evasion Items Clause: Evasion items are banned
|rule|Evasion Moves Clause: Evasion moves are banned
|rule|Sleep Moves Clause: Sleep-inducing moves are banned
|clearpoke
|poke|p1|Lokix, M|
|poke|p1|Alomomola, F|
|poke|p1|Iron Treads|
|poke|p1|Corviknight, F|
|poke|p1|Kyurem|
|poke|p1|Ogerpon-Wellspring, F|
|poke|p2|Swampert, M|
|poke|p2|Gengar, M|
|poke|p2|Tyranitar, F|
|poke|p2|Hydrapple, F|
|poke|p2|Jirachi|
|poke|p2|Torterra, F|
|teampreview
|l|☆Malexrocks
|player|p1|
|j|☆Malexrocks
|player|p1|Malexrocks|artist|
|
|t:|1743840897
|start
|switch|p1a: Iron Treads|Iron Treads|100/100
|switch|p2a: Jirachi|Jirachi|100/100
|turn|1
|inactive|Battle timer is ON: inactive players will automatically lose when time's up. (requested by Malexrocks)
|
|t:|1743840906
|switch|p2a: Jojo|Swampert, M, shiny|100/100
|move|p1a: Iron Treads|Stealth Rock|p2a: Jojo
|-sidestart|p2: velocink|move: Stealth Rock
|
|upkeep
|turn|2
|
|t:|1743840909
|-end|p1a: Iron Treads|Quark Drive|[silent]
|switch|p1a: Ogerpon|Ogerpon-Wellspring, F|100/100
|move|p2a: Jojo|Flip Turn|p1a: Ogerpon
|-immune|p1a: Ogerpon|[from] ability: Water Absorb
|
|upkeep
|turn|3
|
|t:|1743840916
|switch|p2a: Louise|Hydrapple, F, shiny|100/100
|-damage|p2a: Louise|88/100|[from] Stealth Rock
|move|p1a: Ogerpon|Swords Dance|p1a: Ogerpon
|-boost|p1a: Ogerpon|atk|2
|
|-heal|p2a: Louise|94/100|[from] item: Leftovers
|upkeep
|turn|4
|
|t:|1743840926
|move|p1a: Ogerpon|Play Rough|p2a: Louise
|-supereffective|p2a: Louise
|-damage|p2a: Louise|0 fnt
|faint|p2a: Louise
|
|upkeep
|
|t:|1743840932
|switch|p2a: Tony|Gengar, M, shiny|100/100
|turn|5
|
|t:|1743840937
|switch|p1a: Corviknight|Corviknight, F|100/100
|-ability|p1a: Corviknight|Pressure
|move|p2a: Tony|Sludge Wave|p1a: Corviknight
|-immune|p1a: Corviknight
|
|upkeep
|turn|6
|
|t:|1743840941
|move|p2a: Tony|Thunderbolt|p1a: Corviknight
|-supereffective|p1a: Corviknight
|-damage|p1a: Corviknight|44/100
|move|p1a: Corviknight|U-turn|p2a: Tony
|-resisted|p2a: Tony
|-damage|p2a: Tony|93/100
|-start|p1a: Corviknight|Disable|U-turn|[from] ability: Cursed Body|[of] p2a: Tony
|
|t:|1743840944
|switch|p1a: Lokix|Lokix, M|100/100|[from] U-turn
|
|upkeep
|turn|7
|
|t:|1743840957
|move|p1a: Lokix|First Impression|p2a: Tony
|-resisted|p2a: Tony
|-damage|p2a: Tony|27/100
|move|p2a: Tony|Sludge Wave|p1a: Lokix
|-crit|p1a: Lokix
|-damage|p1a: Lokix|0 fnt
|faint|p1a: Lokix
|
|upkeep
|
|t:|1743840966
|switch|p1a: Iron Treads|Iron Treads|100/100
|turn|8
|
|t:|1743840978
|switch|p2a: Jojo|Swampert, M, shiny|100/100
|-damage|p2a: Jojo|94/100|[from] Stealth Rock
|move|p1a: Iron Treads|Earthquake|p2a: Jojo
|-damage|p2a: Jojo|50/100
|
|-heal|p2a: Jojo|56/100|[from] item: Leftovers
|upkeep
|turn|9
|
|t:|1743840990
|-end|p1a: Iron Treads|Quark Drive|[silent]
|switch|p1a: Ogerpon|Ogerpon-Wellspring, F|100/100
|move|p2a: Jojo|Hammer Arm|p1a: Ogerpon
|-damage|p1a: Ogerpon|55/100
|-unboost|p2a: Jojo|spe|1
|
|-heal|p2a: Jojo|62/100|[from] item: Leftovers
|upkeep
|turn|10
|
|t:|1743840998
|-terastallize|p2a: Jojo|Fighting
|move|p1a: Ogerpon|Power Whip|p2a: Jojo
|-damage|p2a: Jojo|1/100
|move|p2a: Jojo|Hammer Arm|p1a: Ogerpon|[miss]
|-miss|p2a: Jojo|p1a: Ogerpon
|
|-heal|p2a: Jojo|7/100|[from] item: Leftovers
|upkeep
|turn|11
|
|t:|1743841007
|move|p1a: Ogerpon|Ivy Cudgel|p2a: Jojo|[anim] Ivy Cudgel Water
|-damage|p2a: Jojo|0 fnt
|faint|p2a: Jojo
|
|upkeep
|
|t:|1743841012
|switch|p2a: Rocko|Torterra, F, shiny|100/100
|-damage|p2a: Rocko|94/100|[from] Stealth Rock
|turn|12
|
|t:|1743841019
|move|p1a: Ogerpon|Ivy Cudgel|p2a: Rocko|[anim] Ivy Cudgel Water
|-damage|p2a: Rocko|61/100
|move|p2a: Rocko|Iron Defense|p2a: Rocko
|-boost|p2a: Rocko|def|2
|
|-heal|p2a: Rocko|67/100|[from] item: Leftovers
|upkeep
|turn|13
|
|t:|1743841024
|switch|p1a: Kyurem|Kyurem, shiny|100/100
|-ability|p1a: Kyurem|Pressure
|move|p2a: Rocko|Body Press|p1a: Kyurem
|-supereffective|p1a: Kyurem
|-damage|p1a: Kyurem|0 fnt
|faint|p1a: Kyurem
|
|-heal|p2a: Rocko|73/100|[from] item: Leftovers
|upkeep
|
|t:|1743841034
|switch|p1a: cool fish|Alomomola, F|100/100
|turn|14
|
|t:|1743841037
|move|p2a: Rocko|Leech Seed|p1a: cool fish
|-start|p1a: cool fish|move: Leech Seed
|move|p1a: cool fish|Tickle|p2a: Rocko
|-unboost|p2a: Rocko|atk|1
|-unboost|p2a: Rocko|def|1
|
|-heal|p2a: Rocko|79/100|[from] item: Leftovers
|-damage|p1a: cool fish|88/100|[from] Leech Seed|[of] p2a: Rocko
|-heal|p2a: Rocko|96/100|[silent]
|upkeep
|turn|15
|
|t:|1743841056
|move|p2a: Rocko|Iron Defense|p2a: Rocko
|-boost|p2a: Rocko|def|2
|move|p1a: cool fish|Tickle|p2a: Rocko
|-unboost|p2a: Rocko|atk|1
|-unboost|p2a: Rocko|def|1
|
|-heal|p2a: Rocko|100/100|[from] item: Leftovers
|-damage|p1a: cool fish|76/100|[from] Leech Seed|[of] p2a: Rocko
|upkeep
|turn|16
|
|t:|1743841063
|move|p2a: Rocko|Iron Defense|p2a: Rocko
|-boost|p2a: Rocko|def|2
|move|p1a: cool fish|Wish|p1a: cool fish
|
|-damage|p1a: cool fish|63/100|[from] Leech Seed|[of] p2a: Rocko
|upkeep
|turn|17
|
|t:|1743841066
|switch|p1a: Ogerpon|Ogerpon-Wellspring, F|55/100
|move|p2a: Rocko|Iron Defense|p2a: Rocko
|-boost|p2a: Rocko|def|2
|
|-heal|p1a: Ogerpon|100/100|[from] move: Wish|[wisher] cool fish
|upkeep
|turn|18
|
|t:|1743841070
|-terastallize|p1a: Ogerpon|Water
|detailschange|p1a: Ogerpon|Ogerpon-Wellspring-Tera, F, tera:Water
|-ability|p1a: Ogerpon|Embody Aspect (Wellspring)|boost
|-boost|p1a: Ogerpon|spd|1
|move|p1a: Ogerpon|Ivy Cudgel|p2a: Rocko|[anim] Ivy Cudgel Water
|-damage|p2a: Rocko|88/100
|move|p2a: Rocko|Body Press|p1a: Ogerpon
|-damage|p1a: Ogerpon|0 fnt
|faint|p1a: Ogerpon
|
|-heal|p2a: Rocko|94/100|[from] item: Leftovers
|upkeep
|-message|Malexrocks forfeited.
|
|win|velocink
|raw|Malexrocks's rating: 1263 &rarr; <strong>1234</strong><br />(-29 for losing)
|raw|velocink's rating: 1210 &rarr; <strong>1239</strong><br />(+29 for winning)
|l|☆Malexrocks
|player|p1|
|l|☆velocink
|player|p2|
