|j|☆not_gr1mreaper
|j|☆SueKing
|t:|1743932332
|gametype|singles
|player|p1|not_gr1mreaper|ghetsis|1135
|player|p2|SueKing|drayden|1188
|teamsize|p1|6
|teamsize|p2|6
|gen|9
|tier|[Gen 9] OU
|rated|
|rule|HP Percentage Mod: HP is shown in percentages
|rule|Endless Battle Clause: Forcing endless battles is banned
|rule|Species Clause: Limit one of each Pokémon
|rule|OHKO Clause: OHKO moves are banned
|rule|Evasion Items Clause: Evasion items are banned
|rule|Evasion Moves Clause: Evasion moves are banned
|rule|Sleep Moves Clause: Sleep-inducing moves are banned
|clearpoke
|poke|p1|Swampert, F|
|poke|p1|Dragapult, M|
|poke|p1|Skeledirge, M|
|poke|p1|Toxapex, M|
|poke|p1|Corviknight, M|
|poke|p1|Meowscarada, F|
|poke|p2|Serperior, F|
|poke|p2|Samurott-Hisui, F|
|poke|p2|Iron Treads|
|poke|p2|Gholdengo|
|poke|p2|Moltres|
|poke|p2|Kingambit, M|
|teampreview
|inactive|Battle timer is ON: inactive players will automatically lose when time's up. (requested by SueKing)
|
|t:|1743932340
|start
|switch|p1a: Swampert|Swampert, F, shiny|100/100
|switch|p2a: Serperior|Serperior, F|100/100
|turn|1
|
|t:|1743932355
|switch|p1a: Skeledirge|Skeledirge, M|100/100
|move|p2a: Serperior|Glare|p1a: Skeledirge
|-status|p1a: Skeledirge|par
|
|upkeep
|turn|2
|
|t:|1743932362
|move|p2a: Serperior|Leech Seed|p1a: Skeledirge
|-start|p1a: Skeledirge|move: Leech Seed
|move|p1a: Skeledirge|Will-O-Wisp|p2a: Serperior
|-status|p2a: Serperior|brn
|
|-damage|p1a: Skeledirge|88/100 par|[from] Leech Seed|[of] p2a: Serperior
|-damage|p2a: Serperior|94/100 brn|[from] brn
|upkeep
|turn|3
|
|t:|1743932374
|-terastallize|p2a: Serperior|Ghost
|move|p2a: Serperior|Leaf Storm|p1a: Skeledirge
|-resisted|p1a: Skeledirge
|-damage|p1a: Skeledirge|67/100 par
|-boost|p2a: Serperior|spa|2
|move|p1a: Skeledirge|Hex|p2a: Serperior
|-supereffective|p2a: Serperior
|-damage|p2a: Serperior|0 fnt
|faint|p2a: Serperior
|
|-heal|p1a: Skeledirge|73/100 par|[from] item: Leftovers
|upkeep
|
|t:|1743932386
|switch|p2a: Samurott|Samurott-Hisui, F|100/100
|turn|4
|
|t:|1743932396
|switch|p1a: Toxapex|Toxapex, M|100/100
|move|p2a: Samurott|Ceaseless Edge|p1a: Toxapex
|-damage|p1a: Toxapex|73/100
|-sidestart|p1: not_gr1mreaper|Spikes
|
|-heal|p1a: Toxapex|79/100|[from] item: Black Sludge
|upkeep
|turn|5
|
|t:|1743932407
|move|p1a: Toxapex|Baneful Bunker|p1a: Toxapex
|-singleturn|p1a: Toxapex|move: Protect
|move|p2a: Samurott|Ceaseless Edge|p1a: Toxapex
|-activate|p1a: Toxapex|move: Protect
|-status|p2a: Samurott|psn
|
|-heal|p1a: Toxapex|85/100|[from] item: Black Sludge
|-damage|p2a: Samurott|88/100 psn|[from] psn
|upkeep
|turn|6
|
|t:|1743932418
|move|p2a: Samurott|Ceaseless Edge|p1a: Toxapex
|-damage|p1a: Toxapex|54/100
|-sidestart|p1: not_gr1mreaper|Spikes
|move|p1a: Toxapex|Toxic Spikes|p2a: Samurott
|-sidestart|p2: SueKing|move: Toxic Spikes
|
|-heal|p1a: Toxapex|60/100|[from] item: Black Sludge
|-damage|p2a: Samurott|76/100 psn|[from] psn
|upkeep
|turn|7
|
|t:|1743932427
|switch|p2a: Iron Treads|Iron Treads|100/100
|-item|p2a: Iron Treads|Air Balloon
|move|p1a: Toxapex|Recover|p1a: Toxapex
|-heal|p1a: Toxapex|100/100
|
|upkeep
|turn|8
|
|t:|1743932443
|switch|p1a: Dark Knight|Corviknight, M, shiny|100/100
|-ability|p1a: Dark Knight|Pressure
|move|p2a: Iron Treads|Stealth Rock|p1a: Dark Knight
|-sidestart|p1: not_gr1mreaper|move: Stealth Rock
|
|upkeep
|turn|9
|
|t:|1743932449
|move|p2a: Iron Treads|Rapid Spin|p1a: Dark Knight
|-resisted|p1a: Dark Knight
|-damage|p1a: Dark Knight|95/100
|-boost|p2a: Iron Treads|spe|1
|-damage|p2a: Iron Treads|84/100|[from] item: Rocky Helmet|[of] p1a: Dark Knight
|-sideend|p2: SueKing|Toxic Spikes|[from] move: Rapid Spin|[of] p2a: Iron Treads
|move|p1a: Dark Knight|Defog|p2a: Iron Treads
|-unboost|p2a: Iron Treads|evasion|1
|-sideend|p1: not_gr1mreaper|Spikes|[from] move: Defog|[of] p1a: Dark Knight
|-sideend|p1: not_gr1mreaper|Stealth Rock|[from] move: Defog|[of] p1a: Dark Knight
|
|upkeep
|turn|10
|
|t:|1743932460
|-end|p2a: Iron Treads|Quark Drive|[silent]
|switch|p2a: Moltres|Moltres|100/100
|move|p1a: Dark Knight|Brave Bird|p2a: Moltres
|-damage|p2a: Moltres|75/100
|-damage|p1a: Dark Knight|87/100|[from] Recoil
|
|upkeep
|turn|11
|
|t:|1743932470
|switch|p1a: Swampert|Swampert, F, shiny|100/100
|move|p2a: Moltres|Will-O-Wisp|p1a: Swampert
|-status|p1a: Swampert|brn
|
|-damage|p1a: Swampert|94/100 brn|[from] brn
|upkeep
|turn|12
|
|t:|1743932487
|switch|p2a: Samurott|Samurott-Hisui, F|76/100 psn
|move|p1a: Swampert|Flip Turn|p2a: Samurott
|-resisted|p2a: Samurott
|-damage|p2a: Samurott|70/100 psn
|
|t:|1743932496
|switch|p1a: Meowscarada|Meowscarada, F|100/100|[from] Flip Turn
|
|-damage|p2a: Samurott|58/100 psn|[from] psn
|upkeep
|turn|13
|
|t:|1743932507
|switch|p2a: Moltres|Moltres|75/100
|move|p1a: Meowscarada|Flower Trick|p2a: Moltres
|-start|p1a: Meowscarada|typechange|Grass|[from] ability: Protean
|-resisted|p2a: Moltres
|-crit|p2a: Moltres
|-damage|p2a: Moltres|61/100
|
|upkeep
|turn|14
|
|t:|1743932520
|switch|p1a: Swampert|Swampert, F, shiny|94/100 brn
|move|p2a: Moltres|Flamethrower|p1a: Swampert
|-resisted|p1a: Swampert
|-damage|p1a: Swampert|76/100 brn
|
|-heal|p1a: Swampert|82/100 brn|[from] item: Leftovers
|-damage|p1a: Swampert|76/100 brn|[from] brn
|upkeep
|turn|15
|
|t:|1743932531
|switch|p2a: Samurott|Samurott-Hisui, F|58/100 psn
|move|p1a: Swampert|Flip Turn|p2a: Samurott
|-resisted|p2a: Samurott
|-damage|p2a: Samurott|52/100 psn
|
|t:|1743932537
|switch|p1a: Meowscarada|Meowscarada, F|100/100|[from] Flip Turn
|
|-damage|p2a: Samurott|40/100 psn|[from] psn
|upkeep
|turn|16
|
|t:|1743932545
|move|p1a: Meowscarada|Thunder Punch|p2a: Samurott
|-start|p1a: Meowscarada|typechange|Electric|[from] ability: Protean
|-supereffective|p2a: Samurott
|-damage|p2a: Samurott|0 fnt
|faint|p2a: Samurott
|
|upkeep
|
|t:|1743932553
|switch|p2a: Moltres|Moltres|61/100
|turn|17
|
|t:|1743932570
|switch|p2a: Kingambit|Kingambit, M, shiny|100/100
|-activate|p2a: Kingambit|ability: Supreme Overlord
|-start|p2a: Kingambit|fallen2|[silent]
|move|p1a: Meowscarada|Thunder Punch|p2a: Kingambit
|-crit|p2a: Kingambit
|-damage|p2a: Kingambit|43/100
|
|upkeep
|turn|18
|
|t:|1743932582
|move|p2a: Kingambit|Sucker Punch|p1a: Meowscarada
|-damage|p1a: Meowscarada|0 fnt
|faint|p1a: Meowscarada
|
|upkeep
|
|t:|1743932586
|switch|p1a: Toxapex|Toxapex, M|100/100
|turn|19
|
|t:|1743932595
|-end|p2a: Kingambit|fallen2|[silent]
|switch|p2a: Gholdengo|Gholdengo|100/100
|-item|p2a: Gholdengo|Air Balloon
|move|p1a: Toxapex|Baneful Bunker||[still]
|-fail|p1a: Toxapex
|
|upkeep
|turn|20
|
|t:|1743932602
|move|p2a: Gholdengo|Thunder Wave|p1a: Toxapex
|-status|p1a: Toxapex|par
|move|p1a: Toxapex|Poison Jab|p2a: Gholdengo
|-immune|p2a: Gholdengo
|
|upkeep
|turn|21
|
|t:|1743932615
|switch|p2a: Kingambit|Kingambit, M, shiny|43/100
|-activate|p2a: Kingambit|ability: Supreme Overlord
|-start|p2a: Kingambit|fallen2|[silent]
|switch|p1a: Skeledirge|Skeledirge, M|73/100 par
|
|-heal|p1a: Skeledirge|79/100 par|[from] item: Leftovers
|upkeep
|turn|22
|
|t:|1743932627
|move|p2a: Kingambit|Kowtow Cleave|p1a: Skeledirge
|-supereffective|p1a: Skeledirge
|-damage|p1a: Skeledirge|0 fnt
|faint|p1a: Skeledirge
|
|upkeep
|
|t:|1743932638
|switch|p1a: Dark Knight|Corviknight, M, shiny|87/100
|-ability|p1a: Dark Knight|Pressure
|turn|23
|
|t:|1743932646
|-end|p2a: Kingambit|fallen2|[silent]
|switch|p2a: Gholdengo|Gholdengo|100/100
|-item|p2a: Gholdengo|Air Balloon
|move|p1a: Dark Knight|Brave Bird|p2a: Gholdengo
|-resisted|p2a: Gholdengo
|-damage|p2a: Gholdengo|89/100
|-enditem|p2a: Gholdengo|Air Balloon
|-damage|p1a: Dark Knight|83/100|[from] Recoil
|
|upkeep
|turn|24
|
|t:|1743932657
|move|p2a: Gholdengo|Thunder Wave|p1a: Dark Knight
|-status|p1a: Dark Knight|par
|move|p1a: Dark Knight|Roost|p1a: Dark Knight
|-heal|p1a: Dark Knight|100/100 par
|-singleturn|p1a: Dark Knight|move: Roost
|
|upkeep
|turn|25
|
|t:|1743932665
|switch|p1a: Swampert|Swampert, F, shiny|76/100 brn
|move|p2a: Gholdengo|Hex|p1a: Swampert
|-damage|p1a: Swampert|28/100 brn
|
|-heal|p1a: Swampert|34/100 brn|[from] item: Leftovers
|-damage|p1a: Swampert|28/100 brn|[from] brn
|upkeep
|turn|26
|
|t:|1743932675
|move|p2a: Gholdengo|Hex|p1a: Swampert
|-damage|p1a: Swampert|0 fnt
|faint|p1a: Swampert
|
|upkeep
|
|t:|1743932679
|switch|p1a: Dragapult|Dragapult, M, shiny|100/100
|turn|27
|
|t:|1743932693
|move|p1a: Dragapult|Dragon Claw|p2a: Gholdengo
|-resisted|p2a: Gholdengo
|-damage|p2a: Gholdengo|74/100
|move|p2a: Gholdengo|Thunder Wave|p1a: Dragapult
|-status|p1a: Dragapult|par
|
|upkeep
|turn|28
|
|t:|1743932702
|switch|p1a: Toxapex|Toxapex, M|100/100 par
|move|p2a: Gholdengo|Hex|p1a: Toxapex
|-damage|p1a: Toxapex|56/100 par
|
|-heal|p1a: Toxapex|62/100 par|[from] item: Black Sludge
|upkeep
|turn|29
|
|t:|1743932717
|switch|p1a: Dark Knight|Corviknight, M, shiny|100/100 par
|-ability|p1a: Dark Knight|Pressure
|move|p2a: Gholdengo|Recover|p2a: Gholdengo
|-heal|p2a: Gholdengo|100/100
|
|upkeep
|turn|30
|
|t:|1743932724
|move|p2a: Gholdengo|Hex|p1a: Dark Knight
|-damage|p1a: Dark Knight|43/100 par
|cant|p1a: Dark Knight|par
|
|upkeep
|turn|31
|
|t:|1743932729
|move|p2a: Gholdengo|Hex|p1a: Dark Knight
|-damage|p1a: Dark Knight|0 fnt
|faint|p1a: Dark Knight
|
|upkeep
|
|t:|1743932734
|switch|p1a: Dragapult|Dragapult, M, shiny|100/100 par
|turn|32
|
|t:|1743932737
|move|p2a: Gholdengo|Hex|p1a: Dragapult
|-supereffective|p1a: Dragapult
|-damage|p1a: Dragapult|0 fnt
|faint|p1a: Dragapult
|
|upkeep
|c|☆SueKing|g
|-message|not_gr1mreaper forfeited.
|
|win|SueKing
|raw|not_gr1mreaper's rating: 1135 &rarr; <strong>1114</strong><br />(-21 for losing)
|raw|SueKing's rating: 1188 &rarr; <strong>1209</strong><br />(+21 for winning)
|l|☆not_gr1mreaper
|player|p1|
|l|☆SueKing
|player|p2|
