|j|☆pipitonga
|j|☆shuita.otter
|t:|1743917140
|gametype|singles
|player|p1|pipitonga|169|1313
|player|p2|shuita.otter|serena-anime|1313
|teamsize|p1|6
|teamsize|p2|6
|gen|9
|tier|[Gen 9] OU
|rated|
|rule|HP Percentage Mod: HP is shown in percentages
|rule|Endless Battle Clause: Forcing endless battles is banned
|rule|Species Clause: Limit one of each Pokémon
|rule|OHKO Clause: OHKO moves are banned
|rule|Evasion Items Clause: Evasion items are banned
|rule|Evasion Moves Clause: Evasion moves are banned
|rule|Sleep Moves Clause: Sleep-inducing moves are banned
|clearpoke
|poke|p1|Kingambit, M|
|poke|p1|Ogerpon-Wellspring, F|
|poke|p1|Dragapult, F|
|poke|p1|Raging Bolt|
|poke|p1|Corviknight, F|
|poke|p1|Landorus-Therian, M|
|poke|p2|Garganacl, M|
|poke|p2|Garchomp, M|
|poke|p2|Clodsire, F|
|poke|p2|Raging Bolt|
|poke|p2|Serperior, F|
|poke|p2|Pelipper, F|
|teampreview
|j| PrayStar
|
|t:|1743917155
|start
|switch|p1a: Landorus|Landorus-Therian, M|100/100
|switch|p2a: Garganacl|Garganacl, M, shiny|100/100
|-ability|p1a: Landorus|Intimidate|boost
|-unboost|p2a: Garganacl|atk|1
|turn|1
|inactive|Battle timer is ON: inactive players will automatically lose when time's up. (requested by shuita.otter)
|
|t:|1743917170
|move|p1a: Landorus|Stealth Rock|p2a: Garganacl
|-sidestart|p2: shuita.otter|move: Stealth Rock
|move|p2a: Garganacl|Salt Cure|p1a: Landorus
|-damage|p1a: Landorus|90/100
|-start|p1a: Landorus|Salt Cure
|
|-damage|p1a: Landorus|77/100|[from] Salt Cure
|upkeep
|turn|2
|
|t:|1743917181
|move|p1a: Landorus|Earthquake|p2a: Garganacl
|-supereffective|p2a: Garganacl
|-damage|p2a: Garganacl|29/100
|move|p2a: Garganacl|Ice Punch|p1a: Landorus
|-supereffective|p1a: Landorus
|-damage|p1a: Landorus|23/100
|
|-heal|p2a: Garganacl|35/100|[from] item: Leftovers
|-damage|p1a: Landorus|10/100|[from] Salt Cure
|upkeep
|turn|3
|
|t:|1743917202
|move|p2a: Garganacl|Protect|p2a: Garganacl
|-singleturn|p2a: Garganacl|Protect
|move|p1a: Landorus|Earthquake|p2a: Garganacl
|-activate|p2a: Garganacl|move: Protect
|
|-heal|p2a: Garganacl|42/100|[from] item: Leftovers
|-damage|p1a: Landorus|0 fnt|[from] Salt Cure
|faint|p1a: Landorus
|upkeep
|
|t:|1743917210
|switch|p1a: Ogerpon|Ogerpon-Wellspring, F|100/100
|turn|4
|
|t:|1743917216
|move|p1a: Ogerpon|Ivy Cudgel|p2a: Garganacl|[anim] Ivy Cudgel Water
|-supereffective|p2a: Garganacl
|-damage|p2a: Garganacl|0 fnt
|faint|p2a: Garganacl
|
|upkeep
|
|t:|1743917222
|switch|p2a: Clodsire|Clodsire, F, shiny|100/100
|-damage|p2a: Clodsire|94/100|[from] Stealth Rock
|turn|5
|
|t:|1743917237
|switch|p1a: Corviknight|Corviknight, F|100/100
|-ability|p1a: Corviknight|Pressure
|move|p2a: Clodsire|Toxic|p1a: Corviknight
|-immune|p1a: Corviknight
|
|upkeep
|turn|6
|
|t:|1743917249
|switch|p2a: Pelipper|Pelipper, F, shiny|100/100
|-damage|p2a: Pelipper|76/100|[from] Stealth Rock
|-weather|RainDance|[from] ability: Drizzle|[of] p2a: Pelipper
|move|p1a: Corviknight|Brave Bird|p2a: Pelipper
|-damage|p2a: Pelipper|39/100
|-damage|p1a: Corviknight|91/100|[from] Recoil
|
|-weather|RainDance|[upkeep]
|-heal|p1a: Corviknight|97/100|[from] item: Leftovers
|upkeep
|turn|7
|
|t:|1743917267
|move|p2a: Pelipper|Hurricane|p1a: Corviknight
|-resisted|p1a: Corviknight
|-damage|p1a: Corviknight|76/100
|move|p1a: Corviknight|Brave Bird|p2a: Pelipper
|-damage|p2a: Pelipper|3/100
|-damage|p1a: Corviknight|67/100|[from] Recoil
|
|-weather|RainDance|[upkeep]
|-heal|p1a: Corviknight|73/100|[from] item: Leftovers
|upkeep
|turn|8
|
|t:|1743917277
|move|p2a: Pelipper|Ice Beam|p1a: Corviknight
|-damage|p1a: Corviknight|46/100
|move|p1a: Corviknight|U-turn|p2a: Pelipper
|-resisted|p2a: Pelipper
|-damage|p2a: Pelipper|0 fnt
|faint|p2a: Pelipper
|
|t:|1743917290
|switch|p1a: Dragapult|Dragapult, F|100/100|[from] U-turn
|
|-weather|RainDance|[upkeep]
|upkeep
|
|t:|1743917297
|switch|p2a: Serperior|Serperior, F, shiny|100/100
|-damage|p2a: Serperior|88/100|[from] Stealth Rock
|turn|9
|
|t:|1743917312
|-terastallize|p1a: Dragapult|Ghost
|move|p2a: Serperior|Dragon Pulse|p1a: Dragapult
|-damage|p1a: Dragapult|70/100
|move|p1a: Dragapult|Shadow Ball|p2a: Serperior
|-damage|p2a: Serperior|8/100
|
|-weather|RainDance|[upkeep]
|upkeep
|turn|10
|
|t:|1743917322
|move|p2a: Serperior|Dragon Pulse|p1a: Dragapult
|-damage|p1a: Dragapult|42/100
|move|p1a: Dragapult|Shadow Ball|p2a: Serperior
|-damage|p2a: Serperior|0 fnt
|faint|p2a: Serperior
|
|-weather|RainDance|[upkeep]
|upkeep
|
|t:|1743917332
|switch|p2a: Raging Bolt|Raging Bolt|100/100
|-damage|p2a: Raging Bolt|88/100|[from] Stealth Rock
|-enditem|p2a: Raging Bolt|Booster Energy
|-activate|p2a: Raging Bolt|ability: Protosynthesis|[fromitem]
|-start|p2a: Raging Bolt|protosynthesisspa
|turn|11
|inactive|pipitonga has 120 seconds left.
|
|t:|1743917363
|switch|p1a: Ogerpon|Ogerpon-Wellspring, F|100/100
|-terastallize|p2a: Raging Bolt|Steel
|move|p2a: Raging Bolt|Thunder|p1a: Ogerpon
|-crit|p1a: Ogerpon
|-damage|p1a: Ogerpon|0 fnt
|faint|p1a: Ogerpon
|
|-weather|RainDance|[upkeep]
|upkeep
|inactive|pipitonga has 120 seconds left.
|inactive|pipitonga has 90 seconds left.
|
|t:|1743917423
|switch|p1a: Raging Bolt|Raging Bolt|100/100
|-enditem|p1a: Raging Bolt|Booster Energy
|-activate|p1a: Raging Bolt|ability: Protosynthesis|[fromitem]
|-start|p1a: Raging Bolt|protosynthesisspa
|turn|12
|
|t:|1743917429
|move|p1a: Raging Bolt|Thunderclap|p2a: Raging Bolt
|-damage|p2a: Raging Bolt|44/100
|move|p2a: Raging Bolt|Dragon Pulse|p1a: Raging Bolt
|-supereffective|p1a: Raging Bolt
|-damage|p1a: Raging Bolt|0 fnt
|faint|p1a: Raging Bolt
|-end|p1a: Raging Bolt|Protosynthesis|[silent]
|
|-weather|RainDance|[upkeep]
|upkeep
|
|t:|1743917438
|switch|p1a: Dragapult|Dragapult, F, tera:Ghost|42/100
|turn|13
|
|t:|1743917451
|move|p1a: Dragapult|Shadow Ball|p2a: Raging Bolt
|-damage|p2a: Raging Bolt|0 fnt
|faint|p2a: Raging Bolt
|-end|p2a: Raging Bolt|Protosynthesis|[silent]
|
|-weather|none
|upkeep
|
|t:|1743917471
|switch|p2a: Garchomp|Garchomp, M, shiny|100/100
|-damage|p2a: Garchomp|94/100|[from] Stealth Rock
|turn|14
|
|t:|1743917483
|move|p1a: Dragapult|Shadow Ball|p2a: Garchomp
|-damage|p2a: Garchomp|21/100
|move|p2a: Garchomp|Scale Shot|p1a: Dragapult|[miss]
|-miss|p2a: Garchomp|p1a: Dragapult
|
|upkeep
|turn|15
|
|t:|1743917490
|move|p1a: Dragapult|Shadow Ball|p2a: Garchomp
|-damage|p2a: Garchomp|0 fnt
|faint|p2a: Garchomp
|
|upkeep
|
|t:|1743917496
|switch|p2a: Clodsire|Clodsire, F, shiny|94/100
|-damage|p2a: Clodsire|88/100|[from] Stealth Rock
|turn|16
|
|t:|1743917501
|move|p1a: Dragapult|Shadow Ball|p2a: Clodsire
|-damage|p2a: Clodsire|44/100
|move|p2a: Clodsire|Toxic|p1a: Dragapult
|-status|p1a: Dragapult|tox
|
|-damage|p1a: Dragapult|36/100 tox|[from] psn
|upkeep
|turn|17
|
|t:|1743917510
|move|p1a: Dragapult|Shadow Ball|p2a: Clodsire
|-damage|p2a: Clodsire|3/100
|move|p2a: Clodsire|Recover|p2a: Clodsire
|-heal|p2a: Clodsire|53/100
|
|-damage|p1a: Dragapult|24/100 tox|[from] psn
|upkeep
|turn|18
|
|t:|1743917519
|move|p1a: Dragapult|Shadow Ball|p2a: Clodsire
|-damage|p2a: Clodsire|10/100
|move|p2a: Clodsire|Recover|p2a: Clodsire
|-heal|p2a: Clodsire|60/100
|
|-damage|p1a: Dragapult|6/100 tox|[from] psn
|upkeep
|turn|19
|
|t:|1743917535
|move|p2a: Clodsire|Protect|p2a: Clodsire
|-singleturn|p2a: Clodsire|Protect
|move|p1a: Dragapult|Shadow Ball|p2a: Clodsire
|-activate|p2a: Clodsire|move: Protect
|
|-damage|p1a: Dragapult|0 fnt|[from] psn
|faint|p1a: Dragapult
|upkeep
|
|t:|1743917542
|switch|p1a: Corviknight|Corviknight, F|46/100
|-ability|p1a: Corviknight|Pressure
|turn|20
|inactive|pipitonga has 120 seconds left.
|
|t:|1743917549
|move|p1a: Corviknight|Brave Bird|p2a: Clodsire
|-damage|p2a: Clodsire|17/100
|-damage|p1a: Corviknight|30/100|[from] item: Rocky Helmet|[of] p2a: Clodsire
|-damage|p1a: Corviknight|14/100|[from] Recoil
|move|p2a: Clodsire|Recover|p2a: Clodsire
|-heal|p2a: Clodsire|67/100
|
|-heal|p1a: Corviknight|20/100|[from] item: Leftovers
|upkeep
|turn|21
|
|t:|1743917559
|move|p1a: Corviknight|Brave Bird|p2a: Clodsire
|-damage|p2a: Clodsire|29/100
|-damage|p1a: Corviknight|3/100|[from] item: Rocky Helmet|[of] p2a: Clodsire
|-damage|p1a: Corviknight|0 fnt|[from] Recoil
|faint|p1a: Corviknight
|move|p2a: Clodsire|Recover|p2a: Clodsire
|-heal|p2a: Clodsire|79/100
|
|upkeep
|
|t:|1743917567
|switch|p1a: Kingambit|Kingambit, M|100/100
|-activate|p1a: Kingambit|ability: Supreme Overlord
|-start|p1a: Kingambit|fallen5|[silent]
|turn|22
|
|t:|1743917574
|move|p1a: Kingambit|Swords Dance|p1a: Kingambit
|-boost|p1a: Kingambit|atk|2
|move|p2a: Clodsire|Earthquake|p1a: Kingambit
|-supereffective|p1a: Kingambit
|-damage|p1a: Kingambit|54/100
|
|-heal|p1a: Kingambit|61/100|[from] item: Leftovers
|upkeep
|turn|23
|
|t:|1743917584
|move|p2a: Clodsire|Protect|p2a: Clodsire
|-singleturn|p2a: Clodsire|Protect
|move|p1a: Kingambit|Kowtow Cleave|p2a: Clodsire
|-activate|p2a: Clodsire|move: Protect
|
|-heal|p1a: Kingambit|67/100|[from] item: Leftovers
|upkeep
|turn|24
|
|t:|1743917594
|move|p1a: Kingambit|Kowtow Cleave|p2a: Clodsire
|-damage|p2a: Clodsire|0 fnt
|-damage|p1a: Kingambit|50/100|[from] item: Rocky Helmet|[of] p2a: Clodsire
|faint|p2a: Clodsire
|
|win|pipitonga
|raw|pipitonga's rating: 1313 &rarr; <strong>1333</strong><br />(+20 for winning)
|raw|shuita.otter's rating: 1313 &rarr; <strong>1293</strong><br />(-20 for losing)
|l|☆shuita.otter
|player|p2|
|l| PrayStar
|l|☆pipitonga
|player|p1|
