|j|☆kingCR0C
|j|☆Aidsfish45
|t:|1743788557
|gametype|singles
|player|p1|kingCR0C|265|1366
|player|p2|Aidsfish45|265|1329
|teamsize|p1|6
|teamsize|p2|6
|gen|9
|tier|[Gen 9] OU
|rated|
|rule|HP Percentage Mod: HP is shown in percentages
|rule|Endless Battle Clause: Forcing endless battles is banned
|rule|Species Clause: Limit one of each Pokémon
|rule|OHKO Clause: OHKO moves are banned
|rule|Evasion Items Clause: Evasion items are banned
|rule|Evasion Moves Clause: Evasion moves are banned
|rule|Sleep Moves Clause: Sleep-inducing moves are banned
|clearpoke
|poke|p1|Minior-Yellow|
|poke|p1|Quaquaval, F|
|poke|p1|Lokix, F|
|poke|p1|Iron Moth|
|poke|p1|Blaziken, M|
|poke|p1|Bisharp, M|
|poke|p2|Cinccino, M|
|poke|p2|Dragonite, F|
|poke|p2|Porygon2|
|poke|p2|Arcanine, M|
|poke|p2|Gengar, F|
|poke|p2|Rotom-Wash|
|teampreview
|
|t:|1743788571
|start
|switch|p1a: Baron|Bisharp, M|100/100
|switch|p2a: Cinccino|Cinccino, M|100/100
|turn|1
|
|t:|1743788576
|switch|p2a: Dragonite|Dragonite, F|100/100
|move|p1a: Baron|Swords Dance|p1a: Baron
|-boost|p1a: Baron|atk|2
|
|upkeep
|turn|2
|
|t:|1743788580
|move|p2a: Dragonite|Earthquake|p1a: Baron
|-supereffective|p1a: Baron
|-damage|p1a: Baron|47/100
|move|p1a: Baron|Iron Head|p2a: Dragonite
|-damage|p2a: Dragonite|56/100
|
|upkeep
|turn|3
|
|t:|1743788587
|move|p1a: Baron|Sucker Punch|p2a: Dragonite
|-damage|p2a: Dragonite|0 fnt
|faint|p2a: Dragonite
|
|upkeep
|
|t:|1743788590
|switch|p2a: Arcanine|Arcanine, M|100/100
|turn|4
|
|t:|1743788594
|move|p1a: Baron|Sucker Punch|p2a: Arcanine
|-damage|p2a: Arcanine|10/100
|move|p2a: Arcanine|Flare Blitz|p1a: Baron
|-supereffective|p1a: Baron
|-damage|p1a: Baron|0 fnt
|faint|p1a: Baron
|-damage|p2a: Arcanine|0 fnt|[from] Recoil
|faint|p2a: Arcanine
|
|upkeep
|
|t:|1743788600
|switch|p2a: Cinccino|Cinccino, M|100/100
|switch|p1a: Blueprint|Quaquaval, F|100/100
|turn|5
|
|t:|1743788608
|move|p2a: Cinccino|Tidy Up|p2a: Cinccino
|-boost|p2a: Cinccino|atk|1
|-boost|p2a: Cinccino|spe|1
|move|p1a: Blueprint|Aqua Step|p2a: Cinccino
|-damage|p2a: Cinccino|18/100
|-boost|p1a: Blueprint|spe|1
|
|upkeep
|turn|6
|inactive|Battle timer is ON: inactive players will automatically lose when time's up. (requested by kingCR0C)
|
|t:|1743788616
|move|p2a: Cinccino|Bullet Seed|p1a: Blueprint
|-supereffective|p1a: Blueprint
|-damage|p1a: Blueprint|58/100
|-supereffective|p1a: Blueprint
|-damage|p1a: Blueprint|14/100
|-supereffective|p1a: Blueprint
|-damage|p1a: Blueprint|0 fnt
|faint|p1a: Blueprint
|-hitcount|p1: Blueprint|3
|
|upkeep
|
|t:|1743788618
|switch|p1a: Stuntman|Lokix, F|100/100
|turn|7
|
|t:|1743788626
|move|p1a: Stuntman|First Impression|p2a: Cinccino
|-damage|p2a: Cinccino|0 fnt
|faint|p2a: Cinccino
|-damage|p1a: Stuntman|91/100|[from] item: Life Orb
|
|upkeep
|
|t:|1743788632
|switch|p2a: Porygon2|Porygon2|100/100
|-ability|p2a: Porygon2|Download|boost
|-boost|p2a: Porygon2|spa|1
|turn|8
|
|t:|1743788639
|move|p1a: Stuntman|Knock Off|p2a: Porygon2
|-damage|p2a: Porygon2|60/100
|-enditem|p2a: Porygon2|Eviolite|[from] move: Knock Off|[of] p1a: Stuntman
|-damage|p1a: Stuntman|81/100|[from] item: Life Orb
|move|p2a: Porygon2|Tri Attack|p1a: Stuntman
|-damage|p1a: Stuntman|0 fnt
|faint|p1a: Stuntman
|
|upkeep
|
|t:|1743788645
|switch|p1a: Burnt jocker|Iron Moth|100/100
|-enditem|p1a: Burnt jocker|Booster Energy
|-activate|p1a: Burnt jocker|ability: Quark Drive|[fromitem]
|-start|p1a: Burnt jocker|quarkdrivespa
|turn|9
|
|t:|1743788650
|move|p1a: Burnt jocker|Agility|p1a: Burnt jocker
|-boost|p1a: Burnt jocker|spe|2
|move|p2a: Porygon2|Tri Attack|p1a: Burnt jocker
|-damage|p1a: Burnt jocker|41/100
|
|upkeep
|turn|10
|
|t:|1743788653
|move|p1a: Burnt jocker|Fiery Dance|p2a: Porygon2
|-damage|p2a: Porygon2|7/100
|move|p2a: Porygon2|Tri Attack|p1a: Burnt jocker
|-damage|p1a: Burnt jocker|0 fnt
|faint|p1a: Burnt jocker
|-end|p1a: Burnt jocker|Quark Drive|[silent]
|
|upkeep
|
|t:|1743788657
|switch|p1a: Hack|Blaziken, M|100/100
|turn|11
|
|t:|1743788661
|move|p1a: Hack|Focus Energy|p1a: Hack
|-start|p1a: Hack|move: Focus Energy
|move|p2a: Porygon2|Tri Attack|p1a: Hack
|-damage|p1a: Hack|10/100
|
|-ability|p1a: Hack|Speed Boost|boost
|-boost|p1a: Hack|spe|1
|upkeep
|turn|12
|
|t:|1743788665
|move|p1a: Hack|Tera Blast|p2a: Porygon2
|-crit|p2a: Porygon2
|-damage|p2a: Porygon2|0 fnt
|faint|p2a: Porygon2
|
|-ability|p1a: Hack|Speed Boost|boost
|-boost|p1a: Hack|spe|1
|upkeep
|
|t:|1743788667
|switch|p2a: Rotom|Rotom-Wash|100/100
|turn|13
|
|t:|1743788672
|move|p1a: Hack|Close Combat|p2a: Rotom
|-crit|p2a: Rotom
|-damage|p2a: Rotom|10/100
|-unboost|p1a: Hack|def|1
|-unboost|p1a: Hack|spd|1
|move|p2a: Rotom|Volt Switch|p1a: Hack
|-damage|p1a: Hack|0 fnt
|faint|p1a: Hack
|
|t:|1743788679
|switch|p2a: Gengar|Gengar, F|100/100|[from] Volt Switch
|
|upkeep
|
|t:|1743788684
|switch|p1a: Brainstorm|Minior-Yellow|100/100
|-formechange|p1a: Brainstorm|Minior-Meteor||[from] ability: Shields Down
|turn|14
|
|t:|1743788697
|-terastallize|p2a: Gengar|Grass
|move|p2a: Gengar|Energy Ball|p1a: Brainstorm
|-damage|p1a: Brainstorm|32/100
|move|p1a: Brainstorm|Shell Smash|p1a: Brainstorm
|-unboost|p1a: Brainstorm|def|1
|-unboost|p1a: Brainstorm|spd|1
|-boost|p1a: Brainstorm|atk|2
|-boost|p1a: Brainstorm|spa|2
|-boost|p1a: Brainstorm|spe|2
|-enditem|p1a: Brainstorm|White Herb
|-clearnegativeboost|p1a: Brainstorm|[silent]
|
|-formechange|p1a: Brainstorm|Minior-Yellow||[from] ability: Shields Down
|upkeep
|turn|15
|
|t:|1743788703
|move|p1a: Brainstorm|Acrobatics|p2a: Gengar
|-supereffective|p2a: Gengar
|-damage|p2a: Gengar|0 fnt
|faint|p2a: Gengar
|
|upkeep
|
|t:|1743788706
|switch|p2a: Rotom|Rotom-Wash|10/100
|turn|16
|
|t:|1743788709
|move|p1a: Brainstorm|Acrobatics|p2a: Rotom
|-resisted|p2a: Rotom
|-damage|p2a: Rotom|0 fnt
|faint|p2a: Rotom
|
|win|kingCR0C
|raw|kingCR0C's rating: 1366 &rarr; <strong>1384</strong><br />(+18 for winning)
|raw|Aidsfish45's rating: 1329 &rarr; <strong>1311</strong><br />(-18 for losing)
|c|☆kingCR0C|Gg
|c|☆Aidsfish45|gg
|l|☆kingCR0C
|player|p1|
|l|☆Aidsfish45
|player|p2|
