|j|☆GONOPO
|j|☆Blueeyeswinter
|t:|1743924401
|gametype|singles
|player|p1|GONOPO|benga|1280
|player|p2|Blueeyeswinter|iono|1305
|teamsize|p1|6
|teamsize|p2|6
|gen|9
|tier|[Gen 9] OU
|rated|
|rule|HP Percentage Mod: HP is shown in percentages
|rule|Endless Battle Clause: Forcing endless battles is banned
|rule|Species Clause: Limit one of each Pokémon
|rule|OHKO Clause: OHKO moves are banned
|rule|Evasion Items Clause: Evasion items are banned
|rule|Evasion Moves Clause: Evasion moves are banned
|rule|Sleep Moves Clause: Sleep-inducing moves are banned
|clearpoke
|poke|p1|Great Tusk|
|poke|p1|Zapdos|
|poke|p1|Meowscarada, F|
|poke|p1|Kingambit, F|
|poke|p1|Dragapult, F|
|poke|p1|Clefable, F|
|poke|p2|Kingambit, M|
|poke|p2|Walking Wake|
|poke|p2|Ninetales, F|
|poke|p2|Great Tusk|
|poke|p2|Goodra-Hisui, F|
|poke|p2|Zapdos|
|teampreview
|inactive|Battle timer is ON: inactive players will automatically lose when time's up. (requested by Blueeyeswinter)
|
|t:|1743924418
|start
|switch|p1a: Clefable|Clefable, F|100/100
|switch|p2a: Great Tusk|Great Tusk|100/100
|turn|1
|
|t:|1743924421
|move|p2a: Great Tusk|Stealth Rock|p1a: Clefable
|-sidestart|p1: GONOPO|move: Stealth Rock
|move|p1a: Clefable|Stealth Rock|p2a: Great Tusk
|-sidestart|p2: Blueeyeswinter|move: Stealth Rock
|
|upkeep
|turn|2
|
|t:|1743924427
|move|p2a: Great Tusk|Knock Off|p1a: Clefable
|-resisted|p1a: Clefable
|-damage|p1a: Clefable|86/100
|-enditem|p1a: Clefable|Leftovers|[from] move: Knock Off|[of] p2a: Great Tusk
|move|p1a: Clefable|Thunder Wave|p2a: Great Tusk
|-immune|p2a: Great Tusk
|
|upkeep
|turn|3
|
|t:|1743924430
|move|p2a: Great Tusk|Rapid Spin|p1a: Clefable
|-damage|p1a: Clefable|69/100
|-boost|p2a: Great Tusk|spe|1
|-sideend|p2: Blueeyeswinter|Stealth Rock|[from] move: Rapid Spin|[of] p2a: Great Tusk
|move|p1a: Clefable|Moonblast|p2a: Great Tusk
|-supereffective|p2a: Great Tusk
|-damage|p2a: Great Tusk|25/100
|
|upkeep
|turn|4
|
|t:|1743924434
|-end|p2a: Great Tusk|Protosynthesis|[silent]
|switch|p2a: Zapdos|Zapdos|100/100
|move|p1a: Clefable|Moonlight|p1a: Clefable
|-heal|p1a: Clefable|100/100
|
|upkeep
|turn|5
|
|t:|1743924438
|move|p2a: Zapdos|Thunder Wave|p1a: Clefable
|-status|p1a: Clefable|par
|move|p1a: Clefable|Stealth Rock|p2a: Zapdos
|-sidestart|p2: Blueeyeswinter|move: Stealth Rock
|
|upkeep
|turn|6
|
|t:|1743924448
|switch|p1a: Great Tusk|Great Tusk|100/100
|move|p2a: Zapdos|Volt Switch|p1a: Great Tusk
|-immune|p1a: Great Tusk
|
|upkeep
|turn|7
|
|t:|1743924458
|-end|p1a: Great Tusk|Protosynthesis|[silent]
|switch|p1a: Zapdos|Zapdos|100/100
|move|p2a: Zapdos|Weather Ball|p1a: Zapdos
|-damage|p1a: Zapdos|87/100
|
|upkeep
|turn|8
|
|t:|1743924461
|move|p1a: Zapdos|Volt Switch|p2a: Zapdos
|-damage|p2a: Zapdos|71/100
|
|t:|1743924465
|switch|p1a: Great Tusk|Great Tusk|100/100|[from] Volt Switch
|move|p2a: Zapdos|Volt Switch|p1a: Great Tusk
|-immune|p1a: Great Tusk
|
|upkeep
|turn|9
|
|t:|1743924471
|-end|p1a: Great Tusk|Protosynthesis|[silent]
|switch|p1a: Zapdos|Zapdos|87/100
|move|p2a: Zapdos|Weather Ball|p1a: Zapdos
|-damage|p1a: Zapdos|73/100
|
|upkeep
|turn|10
|
|t:|1743924476
|switch|p2a: Great Tusk|Great Tusk|25/100
|move|p1a: Zapdos|Volt Switch|p2a: Great Tusk
|-immune|p2a: Great Tusk
|
|upkeep
|turn|11
|
|t:|1743924479
|move|p1a: Zapdos|Hurricane|p2a: Great Tusk
|-supereffective|p2a: Great Tusk
|-damage|p2a: Great Tusk|0 fnt
|faint|p2a: Great Tusk
|-end|p2a: Great Tusk|Protosynthesis|[silent]
|
|upkeep
|
|t:|1743924485
|switch|p2a: Goodra|Goodra-Hisui, F|100/100
|-damage|p2a: Goodra|94/100|[from] Stealth Rock
|turn|12
|
|t:|1743924488
|move|p1a: Zapdos|Volt Switch|p2a: Goodra
|-resisted|p2a: Goodra
|-damage|p2a: Goodra|85/100
|
|t:|1743924494
|switch|p1a: Clefable|Clefable, F|100/100 par|[from] Volt Switch
|move|p2a: Goodra|Draco Meteor|p1a: Clefable
|-immune|p1a: Clefable
|
|upkeep
|turn|13
|
|t:|1743924497
|switch|p2a: Ninetales|Ninetales, F|100/100
|-damage|p2a: Ninetales|76/100|[from] Stealth Rock
|-weather|SunnyDay|[from] ability: Drought|[of] p2a: Ninetales
|move|p1a: Clefable|Thunder Wave|p2a: Ninetales|[miss]
|-miss|p1a: Clefable|p2a: Ninetales
|
|-weather|SunnyDay|[upkeep]
|upkeep
|turn|14
|
|t:|1743924504
|move|p2a: Ninetales|Overheat|p1a: Clefable
|-damage|p1a: Clefable|62/100 par
|-unboost|p2a: Ninetales|spa|2
|-enditem|p2a: Ninetales|Eject Pack
|
|t:|1743924507
|switch|p2a: Goodra|Goodra-Hisui, F|85/100
|-damage|p2a: Goodra|79/100|[from] Stealth Rock
|cant|p1a: Clefable|par
|
|-weather|SunnyDay|[upkeep]
|upkeep
|turn|15
|
|t:|1743924527
|switch|p1a: Zapdos|Zapdos|73/100
|move|p2a: Goodra|Flash Cannon|p1a: Zapdos
|-resisted|p1a: Zapdos
|-damage|p1a: Zapdos|41/100
|
|-weather|SunnyDay|[upkeep]
|upkeep
|turn|16
|
|t:|1743924533
|move|p1a: Zapdos|Roost|p1a: Zapdos
|-heal|p1a: Zapdos|91/100
|-singleturn|p1a: Zapdos|move: Roost
|move|p2a: Goodra|Flash Cannon|p1a: Zapdos
|-resisted|p1a: Zapdos
|-damage|p1a: Zapdos|64/100
|
|-weather|SunnyDay|[upkeep]
|upkeep
|turn|17
|
|t:|1743924536
|move|p1a: Zapdos|Volt Switch|p2a: Goodra
|-resisted|p2a: Goodra
|-damage|p2a: Goodra|69/100
|
|t:|1743924540
|switch|p1a: Great Tusk|Great Tusk|100/100|[from] Volt Switch
|-activate|p1a: Great Tusk|ability: Protosynthesis
|-start|p1a: Great Tusk|protosynthesisatk
|move|p2a: Goodra|Flash Cannon|p1a: Great Tusk
|-damage|p1a: Great Tusk|12/100
|
|-weather|none
|-end|p1a: Great Tusk|Protosynthesis
|upkeep
|turn|18
|
|t:|1743924545
|switch|p2a: Zapdos|Zapdos|71/100
|move|p1a: Great Tusk|Rapid Spin|p2a: Zapdos
|-damage|p2a: Zapdos|58/100
|-boost|p1a: Great Tusk|spe|1
|-status|p1a: Great Tusk|par|[from] ability: Static|[of] p2a: Zapdos
|-sideend|p1: GONOPO|Stealth Rock|[from] move: Rapid Spin|[of] p1a: Great Tusk
|
|upkeep
|turn|19
|
|t:|1743924554
|move|p2a: Zapdos|Weather Ball|p1a: Great Tusk
|-crit|p1a: Great Tusk
|-damage|p1a: Great Tusk|0 fnt
|faint|p1a: Great Tusk
|-end|p1a: Great Tusk|Protosynthesis|[silent]
|
|upkeep
|
|t:|1743924563
|switch|p1a: Clefable|Clefable, F|62/100 par
|turn|20
|
|t:|1743924567
|move|p2a: Zapdos|Volt Switch|p1a: Clefable
|-damage|p1a: Clefable|41/100 par
|
|t:|1743924571
|switch|p2a: Goodra|Goodra-Hisui, F|69/100|[from] Volt Switch
|-damage|p2a: Goodra|63/100|[from] Stealth Rock
|cant|p1a: Clefable|par
|
|upkeep
|turn|21
|
|t:|1743924579
|switch|p1a: Zapdos|Zapdos|64/100
|move|p2a: Goodra|Fire Blast|p1a: Zapdos
|-damage|p1a: Zapdos|11/100
|
|upkeep
|turn|22
|
|t:|1743924585
|move|p1a: Zapdos|Roost|p1a: Zapdos
|-heal|p1a: Zapdos|61/100
|-singleturn|p1a: Zapdos|move: Roost
|move|p2a: Goodra|Fire Blast|p1a: Zapdos
|-damage|p1a: Zapdos|9/100
|
|upkeep
|turn|23
|
|t:|1743924591
|move|p1a: Zapdos|Roost|p1a: Zapdos
|-heal|p1a: Zapdos|59/100
|-singleturn|p1a: Zapdos|move: Roost
|move|p2a: Goodra|Fire Blast|p1a: Zapdos
|-damage|p1a: Zapdos|5/100
|
|upkeep
|turn|24
|
|t:|1743924601
|switch|p2a: Ninetales|Ninetales, F|76/100
|-damage|p2a: Ninetales|51/100|[from] Stealth Rock
|-weather|SunnyDay|[from] ability: Drought|[of] p2a: Ninetales
|move|p1a: Zapdos|Roost|p1a: Zapdos
|-heal|p1a: Zapdos|55/100
|-singleturn|p1a: Zapdos|move: Roost
|
|-weather|SunnyDay|[upkeep]
|upkeep
|turn|25
|
|t:|1743924605
|move|p2a: Ninetales|Overheat|p1a: Zapdos
|-damage|p1a: Zapdos|0 fnt
|-unboost|p2a: Ninetales|spa|2
|faint|p1a: Zapdos
|
|-weather|SunnyDay|[upkeep]
|upkeep
|
|t:|1743924610
|switch|p1a: Dragapult|Dragapult, F|100/100
|turn|26
|
|t:|1743924614
|switch|p2a: Zapdos|Zapdos|58/100
|move|p1a: Dragapult|Substitute|p1a: Dragapult
|-start|p1a: Dragapult|Substitute
|-damage|p1a: Dragapult|76/100
|
|-weather|SunnyDay|[upkeep]
|-heal|p1a: Dragapult|82/100|[from] item: Leftovers
|upkeep
|turn|27
|
|t:|1743924619
|move|p1a: Dragapult|Dragon Darts|p2a: Zapdos
|-damage|p2a: Zapdos|44/100
|-anim|p1a: Dragapult|Dragon Darts|p2a: Zapdos
|-damage|p2a: Zapdos|30/100
|move|p2a: Zapdos|Volt Switch|p1a: Dragapult
|-resisted|p1a: Dragapult
|-activate|p1a: Dragapult|move: Substitute|[damage]
|
|t:|1743924629
|switch|p2a: Kingambit|Kingambit, M|100/100|[from] Volt Switch
|-damage|p2a: Kingambit|94/100|[from] Stealth Rock
|-activate|p2a: Kingambit|ability: Supreme Overlord
|-start|p2a: Kingambit|fallen1|[silent]
|
|-weather|SunnyDay|[upkeep]
|-heal|p1a: Dragapult|88/100|[from] item: Leftovers
|upkeep
|turn|28
|
|t:|1743924633
|move|p1a: Dragapult|Thunder Wave|p2a: Kingambit
|-status|p2a: Kingambit|par
|move|p2a: Kingambit|Kowtow Cleave|p1a: Dragapult
|-supereffective|p1a: Dragapult
|-end|p1a: Dragapult|Substitute
|
|-weather|none
|-heal|p1a: Dragapult|94/100|[from] item: Leftovers
|upkeep
|turn|29
|
|t:|1743924642
|move|p1a: Dragapult|Substitute|p1a: Dragapult
|-start|p1a: Dragapult|Substitute
|-damage|p1a: Dragapult|69/100
|move|p2a: Kingambit|Kowtow Cleave|p1a: Dragapult
|-supereffective|p1a: Dragapult
|-end|p1a: Dragapult|Substitute
|
|-heal|p1a: Dragapult|75/100|[from] item: Leftovers
|upkeep
|turn|30
|
|t:|1743924652
|switch|p1a: Clefable|Clefable, F|41/100 par
|cant|p2a: Kingambit|par
|
|upkeep
|turn|31
|
|t:|1743924661
|-end|p2a: Kingambit|fallen1|[silent]
|switch|p2a: Goodra|Goodra-Hisui, F|63/100
|-damage|p2a: Goodra|57/100|[from] Stealth Rock
|move|p1a: Clefable|Moonblast|p2a: Goodra
|-damage|p2a: Goodra|35/100
|
|upkeep
|turn|32
|
|t:|1743924668
|move|p2a: Goodra|Draco Meteor|p1a: Clefable
|-immune|p1a: Clefable
|cant|p1a: Clefable|par
|
|upkeep
|turn|33
|
|t:|1743924674
|switch|p2a: Ninetales|Ninetales, F|51/100
|-damage|p2a: Ninetales|26/100|[from] Stealth Rock
|-weather|SunnyDay|[from] ability: Drought|[of] p2a: Ninetales
|move|p1a: Clefable|Moonblast|p2a: Ninetales
|-resisted|p2a: Ninetales
|-damage|p2a: Ninetales|9/100
|
|-weather|SunnyDay|[upkeep]
|upkeep
|turn|34
|
|t:|1743924689
|move|p2a: Ninetales|Healing Wish|p2a: Ninetales
|faint|p2a: Ninetales
|cant|p1a: Clefable|par
|
|-weather|SunnyDay|[upkeep]
|upkeep
|
|t:|1743924696
|switch|p2a: Walking Wake|Walking Wake|100/100
|-damage|p2a: Walking Wake|88/100|[from] Stealth Rock
|-activate|p2a: Walking Wake|ability: Protosynthesis
|-start|p2a: Walking Wake|protosynthesisspe
|turn|35
|
|t:|1743924700
|move|p2a: Walking Wake|Hydro Steam|p1a: Clefable
|-damage|p1a: Clefable|0 fnt
|faint|p1a: Clefable
|
|-weather|SunnyDay|[upkeep]
|upkeep
|
|t:|1743924712
|switch|p1a: Meowscarada|Meowscarada, F|100/100
|turn|36
|
|t:|1743924723
|-end|p2a: Walking Wake|Protosynthesis|[silent]
|switch|p2a: Zapdos|Zapdos|30/100
|-heal|p2a: Zapdos|100/100|[from] move: Healing Wish
|move|p1a: Meowscarada|Knock Off|p2a: Zapdos
|-start|p1a: Meowscarada|typechange|Dark|[from] ability: Protean
|-crit|p2a: Zapdos
|-damage|p2a: Zapdos|30/100
|-enditem|p2a: Zapdos|Heavy-Duty Boots|[from] move: Knock Off|[of] p1a: Meowscarada
|
|-weather|SunnyDay|[upkeep]
|upkeep
|turn|37
|
|t:|1743924734
|move|p1a: Meowscarada|Knock Off|p2a: Zapdos
|-damage|p2a: Zapdos|0 fnt
|faint|p2a: Zapdos
|
|-weather|none
|upkeep
|
|t:|1743924739
|switch|p2a: Kingambit|Kingambit, M|94/100 par
|-damage|p2a: Kingambit|88/100 par|[from] Stealth Rock
|-activate|p2a: Kingambit|ability: Supreme Overlord
|-start|p2a: Kingambit|fallen3|[silent]
|turn|38
|
|t:|1743924744
|switch|p1a: Kingambit|Kingambit, F|100/100
|-activate|p1a: Kingambit|ability: Supreme Overlord
|-start|p1a: Kingambit|fallen3|[silent]
|-item|p1a: Kingambit|Air Balloon
|move|p2a: Kingambit|Low Kick|p1a: Kingambit
|-supereffective|p1a: Kingambit
|-damage|p1a: Kingambit|0 fnt
|-enditem|p1a: Kingambit|Air Balloon
|faint|p1a: Kingambit
|-end|p1a: Kingambit|fallen3|[silent]
|
|upkeep
|
|t:|1743924753
|switch|p1a: Dragapult|Dragapult, F|75/100
|turn|39
|-message|GONOPO forfeited.
|
|win|Blueeyeswinter
|raw|GONOPO's rating: 1280 &rarr; <strong>1257</strong><br />(-23 for losing)
|raw|Blueeyeswinter's rating: 1305 &rarr; <strong>1324</strong><br />(+19 for winning)
|l|☆GONOPO
|player|p1|
|l|☆Blueeyeswinter
|player|p2|
