|j|☆Gort dingle
|j|☆navigatorxdd
|t:|1743843632
|gametype|singles
|player|p1|Gort dingle|lucas|1057
|player|p2|navigatorxdd|266|1054
|teamsize|p1|6
|teamsize|p2|6
|gen|9
|tier|[Gen 9] OU
|rated|
|rule|HP Percentage Mod: HP is shown in percentages
|rule|Endless Battle Clause: Forcing endless battles is banned
|rule|Species Clause: Limit one of each Pokémon
|rule|OHKO Clause: OHKO moves are banned
|rule|Evasion Items Clause: Evasion items are banned
|rule|Evasion Moves Clause: Evasion moves are banned
|rule|Sleep Moves Clause: Sleep-inducing moves are banned
|clearpoke
|poke|p1|Snorlax, M|
|poke|p1|Iron Hands|
|poke|p1|Dragapult, M|
|poke|p1|Iron Jugulis|
|poke|p1|Garganacl, M|
|poke|p1|Zapdos|
|poke|p2|Azelf|
|poke|p2|Grafaiai, F|
|poke|p2|Meowscarada, M|
|poke|p2|Golem-Alola, F|
|poke|p2|Flamigo, M|
|poke|p2|Garganacl, M|
|teampreview
|c|☆Gort dingle|Hello!
|c|☆navigatorxdd|Gf
|
|t:|1743843652
|start
|switch|p1a: Mr Metal|Iron Hands|100/100
|switch|p2a: Azelf|Azelf|100/100
|turn|1
|
|t:|1743843679
|move|p2a: Azelf|Stealth Rock|p1a: Mr Metal
|-sidestart|p1: Gort dingle|move: Stealth Rock
|move|p1a: Mr Metal|Earthquake|p2a: Azelf
|-immune|p2a: Azelf|[from] ability: Levitate
|
|upkeep
|turn|2
|
|t:|1743843687
|move|p2a: Azelf|Psychic|p1a: Mr Metal
|-supereffective|p1a: Mr Metal
|-damage|p1a: Mr Metal|41/100
|move|p1a: Mr Metal|Close Combat|p2a: Azelf
|-resisted|p2a: Azelf
|-damage|p2a: Azelf|48/100
|-unboost|p1a: Mr Metal|def|1
|-unboost|p1a: Mr Metal|spd|1
|
|upkeep
|turn|3
|
|t:|1743843701
|switch|p2a: Flamigo|Flamigo, M|100/100
|move|p1a: Mr Metal|Close Combat|p2a: Flamigo
|-resisted|p2a: Flamigo
|-damage|p2a: Flamigo|57/100
|-unboost|p1a: Mr Metal|def|1
|-unboost|p1a: Mr Metal|spd|1
|
|upkeep
|turn|4
|
|t:|1743843710
|move|p2a: Flamigo|U-turn|p1a: Mr Metal
|-resisted|p1a: Mr Metal
|-damage|p1a: Mr Metal|28/100
|
|t:|1743843721
|switch|p2a: Azelf|Azelf|48/100|[from] U-turn
|move|p1a: Mr Metal|Close Combat|p2a: Azelf
|-resisted|p2a: Azelf
|-damage|p2a: Azelf|0 fnt
|-unboost|p1a: Mr Metal|def|1
|-unboost|p1a: Mr Metal|spd|1
|faint|p2a: Azelf
|
|upkeep
|
|t:|1743843728
|switch|p2a: Flamigo|Flamigo, M|57/100
|turn|5
|
|t:|1743843737
|move|p2a: Flamigo|Close Combat|p1a: Mr Metal
|-damage|p1a: Mr Metal|0 fnt
|-unboost|p2a: Flamigo|def|1
|-unboost|p2a: Flamigo|spd|1
|faint|p1a: Mr Metal
|-end|p1a: Mr Metal|Quark Drive|[silent]
|
|upkeep
|
|t:|1743843744
|switch|p1a: Mr Turret|Dragapult, M|100/100
|-damage|p1a: Mr Turret|88/100|[from] Stealth Rock
|turn|6
|
|t:|1743843761
|move|p2a: Flamigo|Close Combat|p1a: Mr Turret
|-damage|p1a: Mr Turret|22/100
|-unboost|p2a: Flamigo|def|1
|-unboost|p2a: Flamigo|spd|1
|move|p1a: Mr Turret|Dragon Darts|p2a: Flamigo
|-damage|p2a: Flamigo|0 fnt
|faint|p2a: Flamigo
|
|-heal|p1a: Mr Turret|28/100|[from] item: Leftovers
|upkeep
|
|t:|1743843770
|switch|p2a: Grafaiai|Grafaiai, F, shiny|100/100
|turn|7
|
|t:|1743843776
|move|p2a: Grafaiai|Copycat|p2a: Grafaiai
|move|p2a: Grafaiai|Dragon Darts|p1a: Mr Turret|[from] move: Copycat
|-supereffective|p1a: Mr Turret
|-damage|p1a: Mr Turret|0 fnt
|faint|p1a: Mr Turret
|
|upkeep
|
|t:|1743843784
|switch|p1a: Rock.|Garganacl, M, shiny|100/100
|-damage|p1a: Rock.|88/100|[from] Stealth Rock
|turn|8
|
|t:|1743843790
|move|p2a: Grafaiai|Copycat|p2a: Grafaiai
|move|p2a: Grafaiai|Dragon Darts|p1a: Rock.|[from] move: Copycat
|-damage|p1a: Rock.|72/100
|-anim|p2a: Grafaiai|Dragon Darts|p1a: Rock.
|-damage|p1a: Rock.|55/100
|move|p1a: Rock.|Avalanche|p2a: Grafaiai
|-damage|p2a: Grafaiai|33/100
|
|upkeep
|turn|9
|
|t:|1743843802
|switch|p2a: Meowscarada|Meowscarada, M|100/100
|move|p1a: Rock.|Avalanche|p2a: Meowscarada
|-supereffective|p2a: Meowscarada
|-damage|p2a: Meowscarada|44/100
|
|upkeep
|turn|10
|
|t:|1743843810
|move|p2a: Meowscarada|Flower Trick|p1a: Rock.
|-start|p2a: Meowscarada|typechange|Grass|[from] ability: Protean
|-supereffective|p1a: Rock.
|-crit|p1a: Rock.
|-damage|p1a: Rock.|0 fnt
|faint|p1a: Rock.
|-damage|p2a: Meowscarada|34/100|[from] item: Life Orb
|
|upkeep
|
|t:|1743843820
|switch|p1a: Mr Dragon|Iron Jugulis, shiny|100/100
|-damage|p1a: Mr Dragon|75/100|[from] Stealth Rock
|turn|11
|
|t:|1743843826
|move|p2a: Meowscarada|U-turn|p1a: Mr Dragon
|-damage|p1a: Mr Dragon|47/100
|-damage|p2a: Meowscarada|24/100|[from] item: Life Orb
|
|t:|1743843832
|switch|p2a: Garganacl|Garganacl, M, shiny|100/100|[from] U-turn
|move|p1a: Mr Dragon|Fire Fang|p2a: Garganacl
|-resisted|p2a: Garganacl
|-damage|p2a: Garganacl|93/100
|-status|p2a: Garganacl|brn
|
|-heal|p2a: Garganacl|99/100 brn|[from] item: Leftovers
|-damage|p2a: Garganacl|93/100 brn|[from] brn
|upkeep
|turn|12
|
|t:|1743843845
|-end|p1a: Mr Dragon|Quark Drive|[silent]
|switch|p1a: Boris|Snorlax, M, shiny|100/100
|-damage|p1a: Boris|88/100|[from] Stealth Rock
|move|p2a: Garganacl|Salt Cure|p1a: Boris
|-damage|p1a: Boris|81/100
|-start|p1a: Boris|Salt Cure
|
|-heal|p2a: Garganacl|99/100 brn|[from] item: Leftovers
|-damage|p2a: Garganacl|93/100 brn|[from] brn
|-damage|p1a: Boris|68/100|[from] Salt Cure
|upkeep
|turn|13
|
|t:|1743843870
|move|p2a: Garganacl|Earthquake|p1a: Boris
|-damage|p1a: Boris|56/100
|move|p1a: Boris|Body Press|p2a: Garganacl
|-supereffective|p2a: Garganacl
|-crit|p2a: Garganacl
|-damage|p2a: Garganacl|68/100 brn
|
|-heal|p2a: Garganacl|75/100 brn|[from] item: Leftovers
|-damage|p2a: Garganacl|68/100 brn|[from] brn
|-damage|p1a: Boris|43/100|[from] Salt Cure
|upkeep
|turn|14
|
|t:|1743843882
|move|p2a: Garganacl|Earthquake|p1a: Boris
|-damage|p1a: Boris|30/100
|move|p1a: Boris|Body Press|p2a: Garganacl
|-supereffective|p2a: Garganacl
|-damage|p2a: Garganacl|52/100 brn
|
|-heal|p2a: Garganacl|59/100 brn|[from] item: Leftovers
|-damage|p2a: Garganacl|52/100 brn|[from] brn
|-damage|p1a: Boris|17/100|[from] Salt Cure
|upkeep
|turn|15
|
|t:|1743843894
|move|p2a: Garganacl|Recover|p2a: Garganacl
|-heal|p2a: Garganacl|100/100 brn
|move|p1a: Boris|Body Press|p2a: Garganacl
|-supereffective|p2a: Garganacl
|-damage|p2a: Garganacl|84/100 brn
|
|-heal|p2a: Garganacl|90/100 brn|[from] item: Leftovers
|-damage|p2a: Garganacl|84/100 brn|[from] brn
|-damage|p1a: Boris|5/100|[from] Salt Cure
|upkeep
|turn|16
|
|t:|1743843908
|move|p2a: Garganacl|Earthquake|p1a: Boris
|-damage|p1a: Boris|0 fnt
|faint|p1a: Boris
|
|-heal|p2a: Garganacl|90/100 brn|[from] item: Leftovers
|-damage|p2a: Garganacl|84/100 brn|[from] brn
|upkeep
|
|t:|1743843916
|switch|p1a: Mr Zap|Zapdos, shiny|100/100
|-damage|p1a: Mr Zap|75/100|[from] Stealth Rock
|-ability|p1a: Mr Zap|Pressure
|turn|17
|
|t:|1743843924
|move|p1a: Mr Zap|Air Cutter|p2a: Garganacl
|-resisted|p2a: Garganacl
|-damage|p2a: Garganacl|73/100 brn
|move|p2a: Garganacl|Explosion|p1a: Mr Zap
|-damage|p1a: Mr Zap|39/100
|faint|p2a: Garganacl
|
|-heal|p1a: Mr Zap|45/100|[from] item: Leftovers
|upkeep
|
|t:|1743843934
|switch|p2a: Meowscarada|Meowscarada, M|24/100
|turn|18
|
|t:|1743843939
|move|p2a: Meowscarada|Copycat|p2a: Meowscarada
|move|p2a: Meowscarada|Explosion|p1a: Mr Zap|[from] move: Copycat
|-start|p2a: Meowscarada|typechange|Normal|[from] ability: Protean
|-damage|p1a: Mr Zap|0 fnt
|faint|p2a: Meowscarada
|faint|p1a: Mr Zap
|
|upkeep
|
|t:|1743843948
|switch|p2a: Grafaiai|Grafaiai, F, shiny|33/100
|switch|p1a: Mr Dragon|Iron Jugulis, shiny|47/100
|-damage|p1a: Mr Dragon|22/100|[from] Stealth Rock
|turn|19
|
|t:|1743843957
|move|p2a: Grafaiai|Copycat|p2a: Grafaiai
|move|p2a: Grafaiai|Explosion|p1a: Mr Dragon|[from] move: Copycat
|-hint|Since gen 7, Dark is immune to Prankster moves.
|-immune|p1a: Mr Dragon
|faint|p2a: Grafaiai
|move|p1a: Mr Dragon|Fire Fang|p2: Grafaiai|[notarget]
|-fail|p1a: Mr Dragon
|
|upkeep
|
|t:|1743843963
|switch|p2a: Golem|Golem-Alola, F|100/100
|-item|p2a: Golem|Air Balloon
|turn|20
|
|t:|1743844002
|-terastallize|p1a: Mr Dragon|Dark
|move|p1a: Mr Dragon|Fire Fang|p2a: Golem
|-resisted|p2a: Golem
|-damage|p2a: Golem|92/100
|-enditem|p2a: Golem|Air Balloon
|move|p2a: Golem|Fire Punch|p1a: Mr Dragon
|-damage|p1a: Mr Dragon|0 fnt
|faint|p1a: Mr Dragon
|-end|p1a: Mr Dragon|Quark Drive|[silent]
|
|win|navigatorxdd
|raw|Gort dingle's rating: 1057 &rarr; <strong>1038</strong><br />(-19 for losing)
|raw|navigatorxdd's rating: 1054 &rarr; <strong>1086</strong><br />(+32 for winning)
|l|☆navigatorxdd
|player|p2|
|l|☆Gort dingle
|player|p1|
