|j|☆RenegadeArtUtube
|j|☆lavatwocan
|t:|1743804568
|gametype|singles
|player|p1|RenegadeArtUtube|gambler|1532
|player|p2|lavatwocan|miku-water|1567
|teamsize|p1|6
|teamsize|p2|6
|gen|9
|tier|[Gen 9] OU
|rated|
|rule|HP Percentage Mod: HP is shown in percentages
|rule|Endless Battle Clause: Forcing endless battles is banned
|rule|Species Clause: Limit one of each Pokémon
|rule|OHKO Clause: OHKO moves are banned
|rule|Evasion Items Clause: Evasion items are banned
|rule|Evasion Moves Clause: Evasion moves are banned
|rule|Sleep Moves Clause: Sleep-inducing moves are banned
|clearpoke
|poke|p1|Blaziken, M|
|poke|p1|Ninetales-Alola, F|
|poke|p1|Polteageist-Antique|
|poke|p1|Hatterene, F|
|poke|p1|Raging Bolt|
|poke|p1|Landorus-Therian, M|
|poke|p2|Gliscor, F|
|poke|p2|Meowscarada, F|
|poke|p2|Ursaluna, F|
|poke|p2|Skarmory, F|
|poke|p2|Dragapult, F|
|poke|p2|Slowking-Galar, M|
|teampreview
|inactive|Battle timer is ON: inactive players will automatically lose when time's up. (requested by RenegadeArtUtube)
|
|t:|1743804582
|start
|switch|p1a: Ninetales|Ninetales-Alola, F|100/100
|switch|p2a: Apply Child to Foe|Dragapult, F|100/100
|-weather|Snowscape|[from] ability: Snow Warning|[of] p1a: Ninetales
|turn|1
|
|t:|1743804592
|move|p2a: Apply Child to Foe|U-turn|p1a: Ninetales
|-resisted|p1a: Ninetales
|-damage|p1a: Ninetales|94/100
|
|t:|1743804596
|switch|p2a: The Jonkler|Slowking-Galar, M|100/100|[from] U-turn
|move|p1a: Ninetales|Freeze-Dry|p2a: The Jonkler
|-damage|p2a: The Jonkler|90/100
|
|-weather|Snowscape|[upkeep]
|upkeep
|turn|2
|
|t:|1743804612
|switch|p1a: Landorus|Landorus-Therian, M|100/100
|-ability|p1a: Landorus|Intimidate|boost
|-unboost|p2a: The Jonkler|atk|1
|move|p2a: The Jonkler|Thunder Wave|p1a: Landorus
|-immune|p1a: Landorus
|
|-weather|Snowscape|[upkeep]
|upkeep
|turn|3
|
|t:|1743804621
|switch|p2a: GLICE to meet you!|Gliscor, F|100/100
|move|p1a: Landorus|Stealth Rock|p2a: GLICE to meet you!
|-sidestart|p2: lavatwocan|move: Stealth Rock
|
|-weather|Snowscape|[upkeep]
|-status|p2a: GLICE to meet you!|tox|[from] item: Toxic Orb
|upkeep
|turn|4
|
|t:|1743804629
|switch|p1a: Ninetales|Ninetales-Alola, F|94/100
|move|p2a: GLICE to meet you!|Protect||[still]
|-fail|p2a: GLICE to meet you!
|
|-weather|Snowscape|[upkeep]
|upkeep
|turn|5
|
|t:|1743804636
|switch|p2a: The Jonkler|Slowking-Galar, M|100/100
|move|p1a: Ninetales|Encore||[still]
|-fail|p1a: Ninetales
|
|-weather|none
|upkeep
|turn|6
|
|t:|1743804643
|switch|p1a: Landorus|Landorus-Therian, M|100/100
|-ability|p1a: Landorus|Intimidate|boost
|-unboost|p2a: The Jonkler|atk|1
|move|p2a: The Jonkler|Psychic Noise|p1a: Landorus
|-damage|p1a: Landorus|62/100
|-start|p1a: Landorus|move: Heal Block
|
|upkeep
|turn|7
|
|t:|1743804654
|switch|p2a: GLICE to meet you!|Gliscor, F|100/100 tox
|-damage|p2a: GLICE to meet you!|88/100 tox|[from] Stealth Rock
|move|p1a: Landorus|U-turn|p2a: GLICE to meet you!
|-resisted|p2a: GLICE to meet you!
|-crit|p2a: GLICE to meet you!
|-damage|p2a: GLICE to meet you!|75/100 tox
|
|t:|1743804664
|switch|p1a: Ninetales|Ninetales-Alola, F|94/100|[from] U-turn
|-weather|Snowscape|[from] ability: Snow Warning|[of] p1a: Ninetales
|
|-weather|Snowscape|[upkeep]
|-heal|p2a: GLICE to meet you!|87/100 tox|[from] ability: Poison Heal
|upkeep
|turn|8
|
|t:|1743804673
|switch|p2a: The Jonkler|Slowking-Galar, M|100/100
|move|p1a: Ninetales|Aurora Veil|p1a: Ninetales
|-sidestart|p1: RenegadeArtUtube|move: Aurora Veil
|
|-weather|Snowscape|[upkeep]
|upkeep
|turn|9
|j| blabladacar
|
|t:|1743804692
|switch|p1a: Landorus|Landorus-Therian, M|62/100
|-ability|p1a: Landorus|Intimidate|boost
|-unboost|p2a: The Jonkler|atk|1
|move|p2a: The Jonkler|Sludge Bomb|p1a: Landorus
|-resisted|p1a: Landorus
|-damage|p1a: Landorus|49/100
|
|-weather|Snowscape|[upkeep]
|upkeep
|turn|10
|
|t:|1743804702
|switch|p2a: GLICE to meet you!|Gliscor, F|87/100 tox
|-damage|p2a: GLICE to meet you!|75/100 tox|[from] Stealth Rock
|move|p1a: Landorus|Earthquake|p2a: GLICE to meet you!
|-immune|p2a: GLICE to meet you!
|
|-weather|Snowscape|[upkeep]
|-heal|p2a: GLICE to meet you!|87/100 tox|[from] ability: Poison Heal
|upkeep
|turn|11
|
|t:|1743804712
|move|p1a: Landorus|U-turn|p2a: GLICE to meet you!
|-resisted|p2a: GLICE to meet you!
|-damage|p2a: GLICE to meet you!|78/100 tox
|
|t:|1743804717
|switch|p1a: Hatterene|Hatterene, F, shiny|100/100|[from] U-turn
|move|p2a: GLICE to meet you!|Knock Off|p1a: Hatterene
|-damage|p1a: Hatterene|92/100
|-enditem|p1a: Hatterene|Focus Sash|[from] move: Knock Off|[of] p2a: GLICE to meet you!
|
|-weather|none
|-heal|p2a: GLICE to meet you!|90/100 tox|[from] ability: Poison Heal
|upkeep
|turn|12
|
|t:|1743804729
|move|p2a: GLICE to meet you!|Protect|p2a: GLICE to meet you!
|-singleturn|p2a: GLICE to meet you!|Protect
|move|p1a: Hatterene|Future Sight|p2a: GLICE to meet you!
|-start|p1a: Hatterene|move: Future Sight
|
|-heal|p2a: GLICE to meet you!|100/100 tox|[from] ability: Poison Heal
|upkeep
|turn|13
|
|t:|1743804741
|move|p2a: GLICE to meet you!|Facade|p1a: Hatterene
|-damage|p1a: Hatterene|79/100
|move|p1a: Hatterene|Calm Mind|p1a: Hatterene
|-boost|p1a: Hatterene|spa|1
|-boost|p1a: Hatterene|spd|1
|
|upkeep
|turn|14
|
|t:|1743804749
|switch|p2a: Nyanyanyanyan|Meowscarada, F|100/100
|move|p1a: Hatterene|Nuzzle|p2a: Nyanyanyanyan
|-resisted|p2a: Nyanyanyanyan
|-damage|p2a: Nyanyanyanyan|97/100
|-status|p2a: Nyanyanyanyan|par
|
|-end|p2a: Nyanyanyanyan|move: Future Sight
|-immune|p2a: Nyanyanyanyan
|upkeep
|turn|15
|
|t:|1743804761
|move|p2a: Nyanyanyanyan|U-turn|p1a: Hatterene
|-start|p2a: Nyanyanyanyan|typechange|Bug|[from] ability: Protean
|-damage|p1a: Hatterene|66/100
|
|t:|1743804767
|switch|p2a: Bite of 87|Ursaluna, F|100/100|[from] U-turn
|move|p1a: Hatterene|Draining Kiss|p2a: Bite of 87
|-damage|p2a: Bite of 87|77/100
|-heal|p1a: Hatterene|91/100|[from] drain|[of] p2a: Bite of 87
|
|-sideend|p1: RenegadeArtUtube|move: Aurora Veil
|upkeep
|turn|16
|
|t:|1743804776
|move|p2a: Bite of 87|Headlong Rush|p1a: Hatterene
|-damage|p1a: Hatterene|43/100
|-unboost|p2a: Bite of 87|def|1
|-unboost|p2a: Bite of 87|spd|1
|move|p1a: Hatterene|Future Sight|p2a: Bite of 87
|-start|p1a: Hatterene|move: Future Sight
|
|upkeep
|turn|17
|
|t:|1743804785
|switch|p1a: Landorus|Landorus-Therian, M|49/100
|-ability|p1a: Landorus|Intimidate|boost
|-unboost|p2a: Bite of 87|atk|1
|move|p2a: Bite of 87|Headlong Rush|p1a: Landorus
|-immune|p1a: Landorus
|
|upkeep
|turn|18
|
|t:|1743804794
|move|p1a: Landorus|U-turn|p2a: Bite of 87
|-damage|p2a: Bite of 87|49/100
|
|t:|1743804803
|switch|p1a: Hatterene|Hatterene, F, shiny|43/100|[from] U-turn
|move|p2a: Bite of 87|Rest|p2a: Bite of 87
|-status|p2a: Bite of 87|slp|[from] move: Rest
|-heal|p2a: Bite of 87|100/100 slp|[silent]
|
|-end|p2a: Bite of 87|move: Future Sight
|-damage|p2a: Bite of 87|35/100 slp
|upkeep
|turn|19
|
|t:|1743804815
|switch|p2a: The Jonkler|Slowking-Galar, M|100/100
|move|p1a: Hatterene|Draining Kiss|p2a: The Jonkler
|-resisted|p2a: The Jonkler
|-damage|p2a: The Jonkler|94/100
|-heal|p1a: Hatterene|49/100|[from] drain|[of] p2a: The Jonkler
|
|upkeep
|turn|20
|
|t:|1743804832
|move|p1a: Hatterene|Nuzzle|p2a: The Jonkler
|-damage|p2a: The Jonkler|90/100
|-status|p2a: The Jonkler|par
|move|p2a: The Jonkler|Sludge Bomb|p1a: Hatterene
|-supereffective|p1a: Hatterene
|-damage|p1a: Hatterene|0 fnt
|faint|p1a: Hatterene
|
|upkeep
|inactive|RenegadeArtUtube has 120 seconds left.
|
|t:|1743804855
|switch|p1a: Ninetales|Ninetales-Alola, F|94/100
|-weather|Snowscape|[from] ability: Snow Warning|[of] p1a: Ninetales
|turn|21
|
|t:|1743804864
|move|p1a: Ninetales|Aurora Veil|p1a: Ninetales
|-sidestart|p1: RenegadeArtUtube|move: Aurora Veil
|move|p2a: The Jonkler|Thunder Wave|p1a: Ninetales
|-status|p1a: Ninetales|par
|
|-weather|Snowscape|[upkeep]
|upkeep
|turn|22
|
|t:|1743804882
|switch|p1a: Raging Bolt|Raging Bolt|100/100
|-enditem|p1a: Raging Bolt|Booster Energy
|-activate|p1a: Raging Bolt|ability: Protosynthesis|[fromitem]
|-start|p1a: Raging Bolt|protosynthesisspa
|switch|p2a: Pukeko... DAMN!!|Skarmory, F|100/100
|-damage|p2a: Pukeko... DAMN!!|88/100|[from] Stealth Rock
|
|-weather|Snowscape|[upkeep]
|upkeep
|turn|23
|
|t:|1743804894
|switch|p2a: Nyanyanyanyan|Meowscarada, F|97/100 par
|move|p1a: Raging Bolt|Weather Ball|p2a: Nyanyanyanyan
|-supereffective|p2a: Nyanyanyanyan
|-damage|p2a: Nyanyanyanyan|0 fnt
|faint|p2a: Nyanyanyanyan
|
|-weather|Snowscape|[upkeep]
|upkeep
|
|t:|1743804912
|switch|p2a: Bite of 87|Ursaluna, F|35/100 slp
|turn|24
|
|t:|1743804916
|move|p1a: Raging Bolt|Weather Ball|p2a: Bite of 87
|-supereffective|p2a: Bite of 87
|-damage|p2a: Bite of 87|0 fnt
|faint|p2a: Bite of 87
|
|-weather|Snowscape|[upkeep]
|upkeep
|
|t:|1743804922
|switch|p2a: GLICE to meet you!|Gliscor, F|100/100 tox
|-damage|p2a: GLICE to meet you!|88/100 tox|[from] Stealth Rock
|turn|25
|
|t:|1743804931
|move|p2a: GLICE to meet you!|Protect|p2a: GLICE to meet you!
|-singleturn|p2a: GLICE to meet you!|Protect
|move|p1a: Raging Bolt|Weather Ball|p2a: GLICE to meet you!
|-activate|p2a: GLICE to meet you!|move: Protect
|
|-weather|none
|-heal|p2a: GLICE to meet you!|100/100 tox|[from] ability: Poison Heal
|upkeep
|turn|26
|
|t:|1743804945
|move|p2a: GLICE to meet you!|Swords Dance|p2a: GLICE to meet you!
|-boost|p2a: GLICE to meet you!|atk|2
|move|p1a: Raging Bolt|Dragon Breath|p2a: GLICE to meet you!
|-damage|p2a: GLICE to meet you!|42/100 tox
|
|-heal|p2a: GLICE to meet you!|54/100 tox|[from] ability: Poison Heal
|upkeep
|turn|27
|
|t:|1743804955
|-terastallize|p1a: Raging Bolt|Fairy
|move|p2a: GLICE to meet you!|Protect|p2a: GLICE to meet you!
|-singleturn|p2a: GLICE to meet you!|Protect
|move|p1a: Raging Bolt|Dragon Breath|p2a: GLICE to meet you!
|-activate|p2a: GLICE to meet you!|move: Protect
|
|-heal|p2a: GLICE to meet you!|67/100 tox|[from] ability: Poison Heal
|upkeep
|turn|28
|
|t:|1743804967
|move|p2a: GLICE to meet you!|Facade|p1a: Raging Bolt
|-damage|p1a: Raging Bolt|76/100
|move|p1a: Raging Bolt|Dragon Breath|p2a: GLICE to meet you!
|-damage|p2a: GLICE to meet you!|8/100 tox
|
|-heal|p2a: GLICE to meet you!|20/100 tox|[from] ability: Poison Heal
|-sideend|p1: RenegadeArtUtube|move: Aurora Veil
|upkeep
|turn|29
|c|☆lavatwocan|!dt dragonbreath
|raw|<ul class="utilichart"><li class="result"><span class="col movenamecol"><a href="https://dex.pokemonshowdown.com/moves/dragonbreath">Dragon Breath</a></span> <span class="col typecol"><img src="//play.pokemonshowdown.com/sprites/types/Dragon.png" alt="Dragon" width="32" height="14"><img src="//play.pokemonshowdown.com/sprites/categories/Special.png" alt="Special" width="32" height="14"></span> <span class="col labelcol"><em>Power</em><br>60</span> <span class="col widelabelcol"><em>Accuracy</em><br>100%</span> <span class="col pplabelcol"><em>PP</em><br>32</span> <span class="col movedesccol">30% chance to paralyze the target.</span> </li><li style="clear:both"></li></ul>
|raw|<font size="1"><font color="#686868">Priority:</font> 0&nbsp;|&ThickSpace;<font color="#686868">Gen:</font> 2&nbsp;|&ThickSpace;&#10003; Boosted by Sheer Force&nbsp;|&ThickSpace;<font color="#686868">Z-Power:</font> 120&nbsp;|&ThickSpace;<font color="#686868">Target:</font> One Adjacent Pokémon</font>

|
|t:|1743804991
|move|p2a: GLICE to meet you!|Protect|p2a: GLICE to meet you!
|-singleturn|p2a: GLICE to meet you!|Protect
|move|p1a: Raging Bolt|Dragon Breath|p2a: GLICE to meet you!
|-activate|p2a: GLICE to meet you!|move: Protect
|
|-heal|p2a: GLICE to meet you!|33/100 tox|[from] ability: Poison Heal
|upkeep
|turn|30
|
|t:|1743805007
|move|p2a: GLICE to meet you!|Facade|p1a: Raging Bolt
|-damage|p1a: Raging Bolt|20/100
|move|p1a: Raging Bolt|Dragon Breath|p2a: GLICE to meet you!
|-damage|p2a: GLICE to meet you!|0 fnt
|faint|p2a: GLICE to meet you!
|
|upkeep
|
|t:|1743805012
|switch|p2a: Apply Child to Foe|Dragapult, F|100/100
|turn|31
|
|t:|1743805019
|move|p1a: Raging Bolt|Thunderclap|p2a: Apply Child to Foe
|-resisted|p2a: Apply Child to Foe
|-damage|p2a: Apply Child to Foe|64/100
|move|p2a: Apply Child to Foe|Hex|p1a: Raging Bolt
|-damage|p1a: Raging Bolt|0 fnt
|faint|p1a: Raging Bolt
|-end|p1a: Raging Bolt|Protosynthesis|[silent]
|
|upkeep
|
|t:|1743805047
|switch|p1a: Polteageist|Polteageist-Antique|100/100
|turn|32
|
|t:|1743805059
|move|p2a: Apply Child to Foe|Hex|p1a: Polteageist
|-supereffective|p1a: Polteageist
|-damage|p1a: Polteageist|39/100
|move|p1a: Polteageist|Shadow Ball|p2a: Apply Child to Foe
|-supereffective|p2a: Apply Child to Foe
|-damage|p2a: Apply Child to Foe|0 fnt
|faint|p2a: Apply Child to Foe
|
|upkeep
|
|t:|1743805067
|switch|p2a: The Jonkler|Slowking-Galar, M|100/100 par
|turn|33
|
|t:|1743805074
|move|p1a: Polteageist|Shadow Ball|p2a: The Jonkler
|-supereffective|p2a: The Jonkler
|-damage|p2a: The Jonkler|50/100 par
|-unboost|p2a: The Jonkler|spd|1
|move|p2a: The Jonkler|Psychic Noise|p1a: Polteageist
|-damage|p1a: Polteageist|9/100
|-start|p1a: Polteageist|move: Heal Block
|
|upkeep
|turn|34
|-message|lavatwocan forfeited.
|
|win|RenegadeArtUtube
|raw|RenegadeArtUtube's rating: 1532 &rarr; <strong>1554</strong><br />(+22 for winning)
|raw|lavatwocan's rating: 1567 &rarr; <strong>1545</strong><br />(-22 for losing)
|l|☆lavatwocan
|player|p2|
