|j|☆No_OverUsed?
|j|☆stacyannglick
|t:|1743799400
|gametype|singles
|player|p1|No_OverUsed?|marlon|1705
|player|p2|stacyannglick|parasollady|1656
|teamsize|p1|6
|teamsize|p2|6
|gen|9
|tier|[Gen 9] OU
|rated|
|rule|HP Percentage Mod: HP is shown in percentages
|rule|Endless Battle Clause: Forcing endless battles is banned
|rule|Species Clause: Limit one of each Pokémon
|rule|OHKO Clause: OHKO moves are banned
|rule|Evasion Items Clause: Evasion items are banned
|rule|Evasion Moves Clause: Evasion moves are banned
|rule|Sleep Moves Clause: Sleep-inducing moves are banned
|clearpoke
|poke|p1|Scizor, M|
|poke|p1|Thundurus-Therian, M|
|poke|p1|Reuniclus, M|
|poke|p1|Brambleghast, M|
|poke|p1|Incineroar, M|
|poke|p1|Keldeo-Resolute|
|poke|p2|Pelipper, F|
|poke|p2|Barraskewda, F|
|poke|p2|Iron Treads|
|poke|p2|Thundurus-Therian, M|
|poke|p2|Greninja-*, M|
|poke|p2|Volcanion|
|teampreview
|
|t:|1743799410
|start
|switch|p1a: VGC|Incineroar, M|100/100
|switch|p2a: Volcanion|Volcanion|100/100
|-ability|p1a: VGC|Intimidate|boost
|-unboost|p2a: Volcanion|atk|1
|turn|1
|
|t:|1743799417
|switch|p1a: Genosis|Reuniclus, M, shiny|100/100
|move|p2a: Volcanion|Steam Eruption|p1a: Genosis
|-damage|p1a: Genosis|56/100
|
|upkeep
|turn|2
|
|t:|1743799426
|move|p2a: Volcanion|Steam Eruption|p1a: Genosis
|-damage|p1a: Genosis|11/100
|move|p1a: Genosis|Psychic Noise|p2a: Volcanion
|-damage|p2a: Volcanion|64/100
|-start|p2a: Volcanion|move: Heal Block
|
|upkeep
|turn|3
|
|t:|1743799432
|switch|p1a: Guts|Keldeo-Resolute|100/100
|move|p2a: Volcanion|Steam Eruption|p1a: Guts
|-resisted|p1a: Guts
|-damage|p1a: Guts|48/100
|
|-end|p2a: Volcanion|move: Heal Block
|upkeep
|turn|4
|
|t:|1743799439
|move|p1a: Guts|Secret Sword|p2a: Volcanion
|-damage|p2a: Volcanion|6/100
|move|p2a: Volcanion|Steam Eruption|p1a: Guts|[miss]
|-miss|p2a: Volcanion|p1a: Guts
|
|upkeep
|turn|5
|
|t:|1743799444
|switch|p2a: raini rodriguez|Pelipper, F, shiny|100/100
|-weather|RainDance|[from] ability: Drizzle|[of] p2a: raini rodriguez
|move|p1a: Guts|Secret Sword|p2a: raini rodriguez
|-resisted|p2a: raini rodriguez
|-damage|p2a: raini rodriguez|73/100
|
|-weather|RainDance|[upkeep]
|upkeep
|turn|6
|
|t:|1743799449
|switch|p1a: Zeus|Thundurus-Therian, M|100/100
|move|p2a: raini rodriguez|U-turn|p1a: Zeus
|-resisted|p1a: Zeus
|-damage|p1a: Zeus|93/100
|
|t:|1743799453
|switch|p2a: glindseylou|Barraskewda, F, shiny|100/100|[from] U-turn
|
|-weather|RainDance|[upkeep]
|upkeep
|turn|7
|
|t:|1743799457
|switch|p1a: George W. Bush|Brambleghast, M, shiny|100/100
|move|p2a: glindseylou|Liquidation|p1a: George W. Bush
|-resisted|p1a: George W. Bush
|-crit|p1a: George W. Bush
|-damage|p1a: George W. Bush|16/100
|
|-weather|RainDance|[upkeep]
|upkeep
|turn|8
|
|t:|1743799467
|move|p2a: glindseylou|Liquidation|p1a: George W. Bush
|-resisted|p1a: George W. Bush
|-damage|p1a: George W. Bush|0 fnt
|faint|p1a: George W. Bush
|
|-weather|RainDance|[upkeep]
|upkeep
|
|t:|1743799473
|switch|p1a: Amber|Scizor, M, shiny|100/100
|turn|9
|
|t:|1743799483
|move|p1a: Amber|Bullet Punch|p2a: glindseylou
|-resisted|p2a: glindseylou
|-damage|p2a: glindseylou|53/100
|move|p2a: glindseylou|Liquidation|p1a: Amber
|-damage|p1a: Amber|0 fnt
|faint|p1a: Amber
|
|-weather|RainDance|[upkeep]
|upkeep
|
|t:|1743799488
|switch|p1a: Guts|Keldeo-Resolute|48/100
|turn|10
|
|t:|1743799494
|move|p1a: Guts|Vacuum Wave|p2a: glindseylou
|-damage|p2a: glindseylou|0 fnt
|faint|p2a: glindseylou
|
|-weather|RainDance|[upkeep]
|upkeep
|
|t:|1743799503
|switch|p2a: stacy’s ace stace|Thundurus-Therian, M|100/100
|turn|11
|
|t:|1743799510
|switch|p1a: Genosis|Reuniclus, M, shiny|44/100
|-terastallize|p2a: stacy’s ace stace|Fairy
|move|p2a: stacy’s ace stace|Tera Blast|p1a: Genosis|[anim] Tera Blast Fairy
|-damage|p1a: Genosis|23/100
|
|-weather|RainDance|[upkeep]
|upkeep
|turn|12
|j| dilf huntr
|
|t:|1743799530
|move|p2a: stacy’s ace stace|Thunder|p1a: Genosis
|-damage|p1a: Genosis|0 fnt
|faint|p1a: Genosis
|
|-weather|none
|upkeep
|
|t:|1743799534
|switch|p1a: Zeus|Thundurus-Therian, M|93/100
|turn|13
|
|t:|1743799549
|switch|p2a: tonkatruck|Iron Treads|100/100
|-enditem|p2a: tonkatruck|Booster Energy
|-activate|p2a: tonkatruck|ability: Quark Drive|[fromitem]
|-start|p2a: tonkatruck|quarkdrivespe
|move|p1a: Zeus|Grass Knot|p2a: tonkatruck
|-damage|p2a: tonkatruck|33/100
|
|upkeep
|turn|14
|
|t:|1743799553
|move|p2a: tonkatruck|Ice Spinner|p1a: Zeus
|-supereffective|p1a: Zeus
|-damage|p1a: Zeus|22/100
|move|p1a: Zeus|Grass Knot|p2a: tonkatruck
|-damage|p2a: tonkatruck|0 fnt
|faint|p2a: tonkatruck
|-end|p2a: tonkatruck|Quark Drive|[silent]
|
|upkeep
|
|t:|1743799559
|switch|p2a: raini rodriguez|Pelipper, F, shiny|73/100
|-weather|RainDance|[from] ability: Drizzle|[of] p2a: raini rodriguez
|turn|15
|
|t:|1743799570
|switch|p1a: VGC|Incineroar, M|100/100
|-ability|p1a: VGC|Intimidate|boost
|-unboost|p2a: raini rodriguez|atk|1
|switch|p2a: Volcanion|Volcanion|6/100
|
|-weather|RainDance|[upkeep]
|upkeep
|turn|16
|
|t:|1743799577
|move|p2a: Volcanion|Steam Eruption|p1a: VGC
|-supereffective|p1a: VGC
|-damage|p1a: VGC|0 fnt
|faint|p1a: VGC
|
|-weather|RainDance|[upkeep]
|upkeep
|
|t:|1743799581
|switch|p1a: Guts|Keldeo-Resolute|48/100
|turn|17
|
|t:|1743799595
|move|p1a: Guts|Tera Blast|p2a: Volcanion
|-damage|p2a: Volcanion|0 fnt
|faint|p2a: Volcanion
|
|-weather|RainDance|[upkeep]
|upkeep
|
|t:|1743799614
|switch|p2a: dinkdinkdink|Greninja, M|100/100
|turn|18
|
|t:|1743799619
|move|p2a: dinkdinkdink|Surf|p1a: Guts
|-resisted|p1a: Guts
|-damage|p1a: Guts|14/100
|move|p1a: Guts|Tera Blast|p2a: dinkdinkdink
|-damage|p2a: dinkdinkdink|38/100
|
|-weather|RainDance|[upkeep]
|upkeep
|turn|19
|
|t:|1743799626
|move|p2a: dinkdinkdink|Water Shuriken|p1a: Guts
|-resisted|p1a: Guts
|-damage|p1a: Guts|9/100
|-resisted|p1a: Guts
|-damage|p1a: Guts|3/100
|-resisted|p1a: Guts
|-damage|p1a: Guts|0 fnt
|faint|p1a: Guts
|-ability|p2a: dinkdinkdink|Battle Bond|boost
|-boost|p2a: dinkdinkdink|atk|1
|-boost|p2a: dinkdinkdink|spa|1
|-boost|p2a: dinkdinkdink|spe|1
|-activate|p2a: dinkdinkdink|ability: Battle Bond
|-hitcount|p1: Guts|3
|
|-weather|RainDance|[upkeep]
|upkeep
|-message|No_OverUsed? forfeited.
|
|win|stacyannglick
|raw|No_OverUsed?'s rating: 1705 &rarr; <strong>1682</strong><br />(-23 for losing)
|raw|stacyannglick's rating: 1656 &rarr; <strong>1679</strong><br />(+23 for winning)
|l|☆No_OverUsed?
|player|p1|
|l|☆stacyannglick
|player|p2|
|l| dilf huntr
