|j|☆Gehenna's gift
|j|☆votebiden2024
|t:|1743845564
|gametype|singles
|player|p1|Gehenna's gift|youngster-gen4dp|1559
|player|p2|votebiden2024|101|1648
|teamsize|p1|6
|teamsize|p2|6
|gen|9
|tier|[Gen 9] OU
|rated|
|rule|HP Percentage Mod: HP is shown in percentages
|rule|Endless Battle Clause: Forcing endless battles is banned
|rule|Species Clause: Limit one of each Pokémon
|rule|OHKO Clause: OHKO moves are banned
|rule|Evasion Items Clause: Evasion items are banned
|rule|Evasion Moves Clause: Evasion moves are banned
|rule|Sleep Moves Clause: Sleep-inducing moves are banned
|clearpoke
|poke|p1|Heatran, F|
|poke|p1|Scream Tail|
|poke|p1|Corviknight, F|
|poke|p1|Zamazenta-*|
|poke|p1|Ting-Lu|
|poke|p1|Rillaboom, F|
|poke|p2|Alomomola, F|
|poke|p2|Hawlucha, F|
|poke|p2|Zamazenta-*|
|poke|p2|Ting-Lu|
|poke|p2|Hoopa-Unbound|
|poke|p2|Darkrai|
|teampreview
|inactive|Battle timer is ON: inactive players will automatically lose when time's up. (requested by Gehenna's gift)
|j| YALLLLLL
|inactive|votebiden2024 has 120 seconds left.
|inactive|votebiden2024 has 90 seconds left.
|
|t:|1743845650
|start
|switch|p1a: Rillaboom|Rillaboom, F|100/100
|switch|p2a: Hoopa|Hoopa-Unbound|100/100
|-fieldstart|move: Grassy Terrain|[from] ability: Grassy Surge|[of] p1a: Rillaboom
|turn|1
|
|t:|1743845660
|switch|p2a: Hawlucha|Hawlucha, F|100/100
|-ability|p2a: Hawlucha|Mold Breaker
|move|p1a: Rillaboom|U-turn|p2a: Hawlucha
|-resisted|p2a: Hawlucha
|-damage|p2a: Hawlucha|92/100
|
|t:|1743845665
|switch|p1a: Scream Tail|Scream Tail|100/100|[from] U-turn
|
|-heal|p2a: Hawlucha|98/100|[from] item: Leftovers
|upkeep
|turn|2
|
|t:|1743845668
|move|p2a: Hawlucha|U-turn|p1a: Scream Tail
|-damage|p1a: Scream Tail|89/100
|
|t:|1743845683
|switch|p2a: Ting-Lu|Ting-Lu|100/100|[from] U-turn
|-ability|p2a: Ting-Lu|Vessel of Ruin
|move|p1a: Scream Tail|Thunder Wave|p2a: Ting-Lu
|-immune|p2a: Ting-Lu
|
|-heal|p1a: Scream Tail|96/100|[from] Grassy Terrain
|upkeep
|turn|3
|
|t:|1743845693
|-end|p1a: Scream Tail|Protosynthesis|[silent]
|switch|p1a: Rillaboom|Rillaboom, F|100/100
|move|p2a: Ting-Lu|Heavy Slam|p1a: Rillaboom
|-damage|p1a: Rillaboom|38/100
|
|-heal|p1a: Rillaboom|44/100|[from] Grassy Terrain
|upkeep
|turn|4
|
|t:|1743845699
|switch|p2a: Hawlucha|Hawlucha, F|98/100
|-ability|p2a: Hawlucha|Mold Breaker
|move|p1a: Rillaboom|Grassy Glide|p2a: Hawlucha
|-resisted|p2a: Hawlucha
|-damage|p2a: Hawlucha|72/100
|
|-heal|p2a: Hawlucha|78/100|[from] item: Leftovers
|-heal|p1a: Rillaboom|50/100|[from] Grassy Terrain
|upkeep
|turn|5
|
|t:|1743845702
|switch|p1a: Corviknight|Corviknight, F|100/100
|-ability|p1a: Corviknight|Pressure
|move|p2a: Hawlucha|U-turn|p1a: Corviknight
|-resisted|p1a: Corviknight
|-damage|p1a: Corviknight|98/100
|-damage|p2a: Hawlucha|62/100|[from] item: Rocky Helmet|[of] p1a: Corviknight
|
|t:|1743845706
|switch|p2a: Darkrai|Darkrai|100/100|[from] U-turn
|
|-fieldend|move: Grassy Terrain
|upkeep
|turn|6
|
|t:|1743845711
|switch|p1a: Scream Tail|Scream Tail|96/100
|move|p2a: Darkrai|Will-O-Wisp|p1a: Scream Tail
|-status|p1a: Scream Tail|brn
|
|-damage|p1a: Scream Tail|89/100 brn|[from] brn
|upkeep
|turn|7
|
|t:|1743845726
|switch|p2a: Ting-Lu|Ting-Lu|100/100
|-ability|p2a: Ting-Lu|Vessel of Ruin
|move|p1a: Scream Tail|Wish|p1a: Scream Tail
|
|-damage|p1a: Scream Tail|83/100 brn|[from] brn
|upkeep
|turn|8
|
|t:|1743845740
|-end|p1a: Scream Tail|Protosynthesis|[silent]
|switch|p1a: Corviknight|Corviknight, F|98/100
|-ability|p1a: Corviknight|Pressure
|move|p2a: Ting-Lu|Throat Chop|p1a: Corviknight
|-damage|p1a: Corviknight|60/100
|-start|p1a: Corviknight|Throat Chop|[silent]
|-damage|p2a: Ting-Lu|84/100|[from] item: Rocky Helmet|[of] p1a: Corviknight
|
|-heal|p1a: Corviknight|100/100|[from] move: Wish|[wisher] Scream Tail
|upkeep
|turn|9
|
|t:|1743845750
|switch|p2a: Zamazenta|Zamazenta|100/100
|-ability|p2a: Zamazenta|Dauntless Shield|boost
|-boost|p2a: Zamazenta|def|1
|move|p1a: Corviknight|U-turn|p2a: Zamazenta
|-resisted|p2a: Zamazenta
|-damage|p2a: Zamazenta|96/100
|
|t:|1743845757
|switch|p1a: Scream Tail|Scream Tail|83/100 brn|[from] U-turn
|
|-damage|p1a: Scream Tail|77/100 brn|[from] brn
|upkeep
|turn|10
|
|t:|1743845761
|move|p2a: Zamazenta|Heavy Slam|p1a: Scream Tail
|-supereffective|p1a: Scream Tail
|-damage|p1a: Scream Tail|0 fnt
|faint|p1a: Scream Tail
|-end|p1a: Scream Tail|Protosynthesis|[silent]
|
|upkeep
|
|t:|1743845767
|switch|p1a: Zamazenta|Zamazenta|100/100
|-ability|p1a: Zamazenta|Dauntless Shield|boost
|-boost|p1a: Zamazenta|def|1
|turn|11
|
|t:|1743845776
|switch|p2a: Hawlucha|Hawlucha, F|62/100
|-ability|p2a: Hawlucha|Mold Breaker
|move|p1a: Zamazenta|Iron Defense|p1a: Zamazenta
|-boost|p1a: Zamazenta|def|2
|
|-heal|p2a: Hawlucha|68/100|[from] item: Leftovers
|upkeep
|turn|12
|
|t:|1743845780
|move|p1a: Zamazenta|Body Press|p2a: Hawlucha
|-resisted|p2a: Hawlucha
|-damage|p2a: Hawlucha|35/100
|move|p2a: Hawlucha|Roost|p2a: Hawlucha
|-heal|p2a: Hawlucha|85/100
|-singleturn|p2a: Hawlucha|move: Roost
|
|-heal|p2a: Hawlucha|92/100|[from] item: Leftovers
|upkeep
|turn|13
|
|t:|1743845785
|move|p1a: Zamazenta|Iron Defense|p1a: Zamazenta
|-boost|p1a: Zamazenta|def|2
|move|p2a: Hawlucha|Roost|p2a: Hawlucha
|-heal|p2a: Hawlucha|100/100
|-singleturn|p2a: Hawlucha|move: Roost
|
|upkeep
|turn|14
|
|t:|1743845788
|move|p1a: Zamazenta|Iron Defense|p1a: Zamazenta
|-boost|p1a: Zamazenta|def|1
|move|p2a: Hawlucha|U-turn|p1a: Zamazenta
|-resisted|p1a: Zamazenta
|-damage|p1a: Zamazenta|99/100
|
|t:|1743845793
|switch|p2a: Hoopa|Hoopa-Unbound|100/100|[from] U-turn
|
|-heal|p1a: Zamazenta|100/100|[from] item: Leftovers
|upkeep
|turn|15
|
|t:|1743845796
|move|p2a: Hoopa|Destiny Bond|p2a: Hoopa
|-singlemove|p2a: Hoopa|Destiny Bond
|move|p1a: Zamazenta|Body Press|p2a: Hoopa
|-damage|p2a: Hoopa|0 fnt
|faint|p2a: Hoopa
|-activate|p2a: Hoopa|move: Destiny Bond
|faint|p1a: Zamazenta
|
|upkeep
|
|t:|1743845805
|switch|p1a: Ting-Lu|Ting-Lu|100/100
|switch|p2a: Darkrai|Darkrai|100/100
|-ability|p1a: Ting-Lu|Vessel of Ruin
|turn|16
|
|t:|1743845810
|switch|p1a: Heatran|Heatran, F|100/100
|move|p2a: Darkrai|Will-O-Wisp|p1a: Heatran
|-start|p1a: Heatran|ability: Flash Fire
|
|upkeep
|turn|17
|
|t:|1743845813
|switch|p2a: Alomomola|Alomomola, F|100/100
|move|p1a: Heatran|Magma Storm|p2a: Alomomola
|-resisted|p2a: Alomomola
|-damage|p2a: Alomomola|78/100
|-activate|p2a: Alomomola|move: Magma Storm|[of] p1a: Heatran
|
|-damage|p2a: Alomomola|66/100|[from] move: Magma Storm|[partiallytrapped]
|upkeep
|turn|18
|
|t:|1743845819
|move|p1a: Heatran|Will-O-Wisp|p2a: Alomomola
|-status|p2a: Alomomola|brn
|move|p2a: Alomomola|Flip Turn|p1a: Heatran
|-supereffective|p1a: Heatran
|-damage|p1a: Heatran|84/100
|
|t:|1743845822
|switch|p2a: Darkrai|Darkrai|100/100|[from] Flip Turn
|
|-heal|p1a: Heatran|90/100|[from] item: Leftovers
|upkeep
|turn|19
|
|t:|1743845826
|-terastallize|p2a: Darkrai|Dark
|move|p2a: Darkrai|Dark Pulse|p1a: Heatran
|-damage|p1a: Heatran|9/100
|cant|p1a: Heatran|flinch
|
|-heal|p1a: Heatran|15/100|[from] item: Leftovers
|upkeep
|turn|20
|
|t:|1743845833
|-end|p1a: Heatran|ability: Flash Fire|[silent]
|switch|p1a: Ting-Lu|Ting-Lu|100/100
|-ability|p1a: Ting-Lu|Vessel of Ruin
|move|p2a: Darkrai|Dark Pulse|p1a: Ting-Lu
|-resisted|p1a: Ting-Lu
|-damage|p1a: Ting-Lu|81/100
|
|-heal|p1a: Ting-Lu|87/100|[from] item: Leftovers
|upkeep
|turn|21
|
|t:|1743845843
|switch|p2a: Zamazenta|Zamazenta|96/100
|switch|p1a: Heatran|Heatran, F|15/100
|
|-heal|p1a: Heatran|21/100|[from] item: Leftovers
|upkeep
|turn|22
|
|t:|1743845846
|switch|p1a: Corviknight|Corviknight, F|100/100
|-ability|p1a: Corviknight|Pressure
|move|p2a: Zamazenta|Close Combat|p1a: Corviknight
|-damage|p1a: Corviknight|46/100
|-unboost|p2a: Zamazenta|def|1
|-unboost|p2a: Zamazenta|spd|1
|-damage|p2a: Zamazenta|79/100|[from] item: Rocky Helmet|[of] p1a: Corviknight
|
|upkeep
|turn|23
|
|t:|1743845850
|move|p2a: Zamazenta|Close Combat|p1a: Corviknight
|-damage|p1a: Corviknight|0 fnt
|-unboost|p2a: Zamazenta|def|1
|-unboost|p2a: Zamazenta|spd|1
|-damage|p2a: Zamazenta|63/100|[from] item: Rocky Helmet|[of] p1a: Corviknight
|faint|p1a: Corviknight
|
|upkeep
|
|t:|1743845852
|switch|p1a: Rillaboom|Rillaboom, F|50/100
|-fieldstart|move: Grassy Terrain|[from] ability: Grassy Surge|[of] p1a: Rillaboom
|turn|24
|
|t:|1743845855
|switch|p2a: Hawlucha|Hawlucha, F|100/100
|-ability|p2a: Hawlucha|Mold Breaker
|move|p1a: Rillaboom|Wood Hammer|p2a: Hawlucha
|-resisted|p2a: Hawlucha
|-damage|p2a: Hawlucha|48/100
|-damage|p1a: Rillaboom|32/100|[from] Recoil
|
|-heal|p2a: Hawlucha|54/100|[from] item: Leftovers
|-heal|p1a: Rillaboom|38/100|[from] Grassy Terrain
|upkeep
|turn|25
|
|t:|1743845859
|switch|p1a: Ting-Lu|Ting-Lu|87/100
|-ability|p1a: Ting-Lu|Vessel of Ruin
|move|p2a: Hawlucha|U-turn|p1a: Ting-Lu
|-supereffective|p1a: Ting-Lu
|-damage|p1a: Ting-Lu|71/100
|
|t:|1743845862
|switch|p2a: Zamazenta|Zamazenta|63/100|[from] U-turn
|
|-heal|p2a: Zamazenta|69/100|[from] Grassy Terrain
|-heal|p1a: Ting-Lu|77/100|[from] Grassy Terrain
|-heal|p1a: Ting-Lu|83/100|[from] item: Leftovers
|upkeep
|turn|26
|-message|Gehenna's gift forfeited.
|
|win|votebiden2024
|raw|Gehenna&apos;s gift's rating: 1559 &rarr; <strong>1544</strong><br />(-15 for losing)
|raw|votebiden2024's rating: 1648 &rarr; <strong>1663</strong><br />(+15 for winning)
|l|☆Gehenna's gift
|player|p1|
|c|☆votebiden2024|g
|l|☆votebiden2024
|player|p2|
