|j|☆Kaptankboom
|j|‽jsdkaasdads
|t:|1743912209
|gametype|singles
|player|p1|Kaptankboom|266|1089
|player|p2|jsdkaasdads|265|1061
|teamsize|p1|6
|teamsize|p2|6
|gen|9
|tier|[Gen 9] OU
|rated|
|rule|HP Percentage Mod: HP is shown in percentages
|rule|Endless Battle Clause: Forcing endless battles is banned
|rule|Species Clause: Limit one of each Pokémon
|rule|OHKO Clause: OHKO moves are banned
|rule|Evasion Items Clause: Evasion items are banned
|rule|Evasion Moves Clause: Evasion moves are banned
|rule|Sleep Moves Clause: Sleep-inducing moves are banned
|clearpoke
|poke|p1|Tornadus-Therian, M|
|poke|p1|Torkoal, F|
|poke|p1|Maushold-Four|
|poke|p1|Comfey, F|
|poke|p1|Greninja-*, M|
|poke|p1|Excadrill, F|
|poke|p2|Pelipper, F|
|poke|p2|Basculegion, M|
|poke|p2|Kilowattrel, M|
|poke|p2|Corviknight, F|
|poke|p2|Kingdra, F|
|poke|p2|Dragonite, F|
|teampreview
|inactive|Battle timer is ON: inactive players will automatically lose when time's up. (requested by jsdkaasdads)
|
|t:|1743912224
|start
|switch|p1a: Excadrill|Excadrill, F|100/100
|switch|p2a: Basculegion|Basculegion, M|100/100
|-ability|p1a: Excadrill|Mold Breaker
|turn|1
|
|t:|1743912234
|-terastallize|p2a: Basculegion|Water
|move|p1a: Excadrill|Stealth Rock|p2a: Basculegion
|-sidestart|p2: jsdkaasdads|move: Stealth Rock
|move|p2a: Basculegion|Flip Turn|p1a: Excadrill
|-supereffective|p1a: Excadrill
|-damage|p1a: Excadrill|0 fnt
|faint|p1a: Excadrill
|
|t:|1743912242
|switch|p2a: Corviknight|Corviknight, F|100/100|[from] Flip Turn
|-damage|p2a: Corviknight|88/100|[from] Stealth Rock
|
|-heal|p2a: Corviknight|94/100|[from] item: Leftovers
|upkeep
|
|t:|1743912249
|switch|p1a: Torkoal|Torkoal, F|100/100
|-weather|SunnyDay|[from] ability: Drought|[of] p1a: Torkoal
|turn|2
|
|t:|1743912259
|move|p2a: Corviknight|Defog|p1a: Torkoal
|-unboost|p1a: Torkoal|evasion|1
|-sideend|p2: jsdkaasdads|Stealth Rock|[from] move: Defog|[of] p2a: Corviknight
|move|p1a: Torkoal|Eruption|p2a: Corviknight
|-supereffective|p2a: Corviknight
|-damage|p2a: Corviknight|0 fnt
|faint|p2a: Corviknight
|
|-weather|SunnyDay|[upkeep]
|upkeep
|
|t:|1743912269
|switch|p2a: Pelipper|Pelipper, F, shiny|100/100
|-weather|RainDance|[from] ability: Drizzle|[of] p2a: Pelipper
|turn|3
|
|t:|1743912273
|switch|p1a: Greninja|Greninja, M|100/100
|move|p2a: Pelipper|U-turn|p1a: Greninja
|-supereffective|p1a: Greninja
|-damage|p1a: Greninja|74/100
|
|t:|1743912288
|switch|p2a: Kilowattrel|Kilowattrel, M|100/100|[from] U-turn
|
|-weather|RainDance|[upkeep]
|upkeep
|turn|4
|inactive|Kaptankboom has 120 seconds left.
|
|t:|1743912320
|switch|p1a: Torkoal|Torkoal, F|100/100
|-weather|SunnyDay|[from] ability: Drought|[of] p1a: Torkoal
|move|p2a: Kilowattrel|Thunder|p1a: Torkoal
|-damage|p1a: Torkoal|59/100
|
|-weather|SunnyDay|[upkeep]
|upkeep
|turn|5
|inactive|Kaptankboom has 120 seconds left.
|
|t:|1743912337
|move|p2a: Kilowattrel|U-turn|p1a: Torkoal
|-resisted|p1a: Torkoal
|-damage|p1a: Torkoal|55/100
|
|t:|1743912339
|switch|p2a: Dragonite|Dragonite, F|100/100|[from] U-turn
|move|p1a: Torkoal|Body Press|p2a: Dragonite
|-resisted|p2a: Dragonite
|-damage|p2a: Dragonite|93/100
|
|-weather|SunnyDay|[upkeep]
|-heal|p2a: Dragonite|99/100|[from] item: Leftovers
|upkeep
|turn|6
|inactive|Kaptankboom has 120 seconds left.
|
|t:|1743912375
|switch|p1a: Comfey|Comfey, F|100/100
|move|p2a: Dragonite|Dragon Dance|p2a: Dragonite
|-boost|p2a: Dragonite|atk|1
|-boost|p2a: Dragonite|spe|1
|
|-weather|SunnyDay|[upkeep]
|-heal|p2a: Dragonite|100/100|[from] item: Leftovers
|upkeep
|turn|7
|
|t:|1743912390
|move|p2a: Dragonite|Earthquake|p1a: Comfey
|-damage|p1a: Comfey|10/100
|move|p1a: Comfey|Growth|p1a: Comfey
|-boost|p1a: Comfey|atk|2
|-boost|p1a: Comfey|spa|2
|
|-weather|SunnyDay|[upkeep]
|upkeep
|turn|8
|
|t:|1743912398
|move|p1a: Comfey|Draining Kiss|p2a: Dragonite
|-supereffective|p2a: Dragonite
|-damage|p2a: Dragonite|50/100
|-heal|p1a: Comfey|60/100|[from] drain|[of] p2a: Dragonite
|-damage|p1a: Comfey|50/100|[from] item: Life Orb
|move|p2a: Dragonite|Extreme Speed|p1a: Comfey
|-damage|p1a: Comfey|0 fnt
|faint|p1a: Comfey
|
|-weather|none
|-heal|p2a: Dragonite|56/100|[from] item: Leftovers
|upkeep
|
|t:|1743912409
|switch|p1a: Maushold|Maushold-Four|100/100
|turn|9
|
|t:|1743912417
|move|p2a: Dragonite|Earthquake|p1a: Maushold
|-damage|p1a: Maushold|1/100
|move|p1a: Maushold|Play Rough|p2a: Dragonite
|-supereffective|p2a: Dragonite
|-damage|p2a: Dragonite|9/100
|
|-heal|p2a: Dragonite|15/100|[from] item: Leftovers
|upkeep
|turn|10
|inactive|Kaptankboom has 120 seconds left.
|
|t:|1743912438
|move|p2a: Dragonite|Roost|p2a: Dragonite
|-heal|p2a: Dragonite|65/100
|-singleturn|p2a: Dragonite|move: Roost
|move|p1a: Maushold|Crunch|p2a: Dragonite
|-damage|p2a: Dragonite|42/100
|
|-heal|p2a: Dragonite|48/100|[from] item: Leftovers
|upkeep
|turn|11
|
|t:|1743912448
|move|p2a: Dragonite|Roost|p2a: Dragonite
|-heal|p2a: Dragonite|99/100
|-singleturn|p2a: Dragonite|move: Roost
|move|p1a: Maushold|Tidy Up|p1a: Maushold
|-boost|p1a: Maushold|atk|1
|-boost|p1a: Maushold|spe|1
|
|-heal|p2a: Dragonite|100/100|[from] item: Leftovers
|upkeep
|turn|12
|
|t:|1743912458
|move|p1a: Maushold|Population Bomb|p2a: Dragonite
|-damage|p2a: Dragonite|92/100
|-hitcount|p2a: Dragonite|1
|move|p2a: Dragonite|Dragon Dance|p2a: Dragonite
|-boost|p2a: Dragonite|atk|1
|-boost|p2a: Dragonite|spe|1
|
|-heal|p2a: Dragonite|98/100|[from] item: Leftovers
|upkeep
|turn|13
|inactive|Kaptankboom has 120 seconds left.
|
|t:|1743912468
|move|p1a: Maushold|Population Bomb|p2a: Dragonite
|-damage|p2a: Dragonite|82/100
|-damage|p2a: Dragonite|62/100
|-damage|p2a: Dragonite|44/100
|-damage|p2a: Dragonite|27/100
|-damage|p2a: Dragonite|9/100
|-crit|p2a: Dragonite
|-damage|p2a: Dragonite|0 fnt
|faint|p2a: Dragonite
|-hitcount|p2: Dragonite|6
|
|upkeep
|
|t:|1743912478
|switch|p2a: Pelipper|Pelipper, F, shiny|100/100
|-weather|RainDance|[from] ability: Drizzle|[of] p2a: Pelipper
|turn|14
|
|t:|1743912491
|switch|p2a: Basculegion|Basculegion, M, tera:Water|100/100
|move|p1a: Maushold|Population Bomb|p2a: Basculegion
|-damage|p2a: Basculegion|80/100
|-hitcount|p2a: Basculegion|1
|
|-weather|RainDance|[upkeep]
|upkeep
|turn|15
|c|☆Kaptankboom|I swear I clicked tidy up
|inactive|Kaptankboom has 120 seconds left.
|
|t:|1743912509
|move|p1a: Maushold|Population Bomb|p2a: Basculegion
|-damage|p2a: Basculegion|57/100
|-damage|p2a: Basculegion|36/100
|-damage|p2a: Basculegion|14/100
|-damage|p2a: Basculegion|0 fnt
|faint|p2a: Basculegion
|-hitcount|p2: Basculegion|4
|
|-weather|RainDance|[upkeep]
|upkeep
|
|t:|1743912515
|switch|p2a: Kingdra|Kingdra, F|100/100
|turn|16
|-message|jsdkaasdads forfeited.
|
|win|Kaptankboom
|raw|Kaptankboom's rating: 1089 &rarr; <strong>1114</strong><br />(+25 for winning)
|raw|jsdkaasdads's rating: 1061 &rarr; <strong>1043</strong><br />(-18 for losing)
|l|‽jsdkaasdads
|player|p2|
|c|☆Kaptankboom|were you not swift swim???
|l|☆Kaptankboom
|player|p1|
