|j|☆Get knotted
|j|☆monohue
|t:|1743809403
|gametype|singles
|player|p1|Get knotted|102|1565
|player|p2|monohue|scientist-gen4dp|1596
|teamsize|p1|6
|teamsize|p2|6
|gen|9
|tier|[Gen 9] OU
|rated|
|rule|HP Percentage Mod: HP is shown in percentages
|rule|Endless Battle Clause: Forcing endless battles is banned
|rule|Species Clause: Limit one of each Pokémon
|rule|OHKO Clause: OHKO moves are banned
|rule|Evasion Items Clause: Evasion items are banned
|rule|Evasion Moves Clause: Evasion moves are banned
|rule|Sleep Moves Clause: Sleep-inducing moves are banned
|clearpoke
|poke|p1|Iron Treads|
|poke|p1|Pelipper, F|
|poke|p1|Kingdra, F|
|poke|p1|Rillaboom, F|
|poke|p1|Basculegion, M|
|poke|p1|Raging Bolt|
|poke|p2|Polteageist|
|poke|p2|Tinkaton, F|
|poke|p2|Hatterene, F|
|poke|p2|Infernape, F|
|poke|p2|Moltres-Galar|
|poke|p2|Zamazenta-*|
|teampreview
|
|t:|1743809433
|start
|switch|p1a: Pelipper|Pelipper, F|100/100
|switch|p2a: Tinkaton|Tinkaton, F|100/100
|-ability|p2a: Tinkaton|Mold Breaker
|-weather|RainDance|[from] ability: Drizzle|[of] p1a: Pelipper
|turn|1
|inactive|Battle timer is ON: inactive players will automatically lose when time's up. (requested by Get knotted)
|
|t:|1743809441
|switch|p1a: Iron Treads|Iron Treads|100/100
|-enditem|p1a: Iron Treads|Booster Energy
|-activate|p1a: Iron Treads|ability: Quark Drive|[fromitem]
|-start|p1a: Iron Treads|quarkdrivespe
|move|p2a: Tinkaton|Stealth Rock|p1a: Iron Treads
|-sidestart|p1: Get knotted|move: Stealth Rock
|
|-weather|RainDance|[upkeep]
|upkeep
|turn|2
|
|t:|1743809448
|move|p1a: Iron Treads|Rapid Spin|p2a: Tinkaton
|-resisted|p2a: Tinkaton
|-damage|p2a: Tinkaton|94/100
|-boost|p1a: Iron Treads|spe|1
|-sideend|p1: Get knotted|Stealth Rock|[from] move: Rapid Spin|[of] p1a: Iron Treads
|move|p2a: Tinkaton|Encore|p1a: Iron Treads
|-start|p1a: Iron Treads|Encore
|
|-weather|RainDance|[upkeep]
|upkeep
|turn|3
|
|t:|1743809454
|move|p1a: Iron Treads|Rapid Spin|p2a: Tinkaton
|-resisted|p2a: Tinkaton
|-damage|p2a: Tinkaton|88/100
|-boost|p1a: Iron Treads|spe|1
|move|p2a: Tinkaton|Stealth Rock|p1a: Iron Treads
|-sidestart|p1: Get knotted|move: Stealth Rock
|
|-weather|RainDance|[upkeep]
|upkeep
|turn|4
|
|t:|1743809461
|-end|p1a: Iron Treads|Quark Drive|[silent]
|switch|p1a: Basculegion|Basculegion, M|100/100
|-damage|p1a: Basculegion|88/100|[from] Stealth Rock
|switch|p2a: Polteageist|Polteageist, shiny|100/100
|
|-weather|RainDance|[upkeep]
|upkeep
|turn|5
|
|t:|1743809491
|move|p1a: Basculegion|Flip Turn|p2a: Polteageist
|-enditem|p2a: Polteageist|Focus Sash
|-damage|p2a: Polteageist|1/100
|-ability|p2a: Polteageist|Weak Armor|boost
|-unboost|p2a: Polteageist|def|1
|-boost|p2a: Polteageist|spe|2
|
|t:|1743809497
|switch|p1a: Rillaboom|Rillaboom, F|100/100|[from] Flip Turn
|-damage|p1a: Rillaboom|88/100|[from] Stealth Rock
|-fieldstart|move: Grassy Terrain|[from] ability: Grassy Surge|[of] p1a: Rillaboom
|move|p2a: Polteageist|Shadow Ball|p1a: Rillaboom
|-damage|p1a: Rillaboom|53/100
|-unboost|p1a: Rillaboom|spd|1
|
|-weather|RainDance|[upkeep]
|-heal|p2a: Polteageist|7/100|[from] Grassy Terrain
|-heal|p1a: Rillaboom|59/100|[from] Grassy Terrain
|upkeep
|turn|6
|
|t:|1743809506
|switch|p2a: Tinkaton|Tinkaton, F|88/100
|-ability|p2a: Tinkaton|Mold Breaker
|move|p1a: Rillaboom|Grassy Glide|p2a: Tinkaton
|-resisted|p2a: Tinkaton
|-damage|p2a: Tinkaton|63/100
|
|-weather|RainDance|[upkeep]
|-heal|p2a: Tinkaton|69/100|[from] Grassy Terrain
|-heal|p1a: Rillaboom|66/100|[from] Grassy Terrain
|upkeep
|turn|7
|
|t:|1743809513
|move|p2a: Tinkaton|Knock Off|p1a: Rillaboom
|-damage|p1a: Rillaboom|49/100
|-enditem|p1a: Rillaboom|Assault Vest|[from] move: Knock Off|[of] p2a: Tinkaton
|move|p1a: Rillaboom|U-turn|p2a: Tinkaton
|-resisted|p2a: Tinkaton
|-damage|p2a: Tinkaton|61/100
|
|t:|1743809516
|switch|p1a: Iron Treads|Iron Treads|100/100|[from] U-turn
|-damage|p1a: Iron Treads|97/100|[from] Stealth Rock
|
|-weather|RainDance|[upkeep]
|-heal|p1a: Iron Treads|100/100|[from] Grassy Terrain
|-heal|p2a: Tinkaton|68/100|[from] Grassy Terrain
|upkeep
|turn|8
|
|t:|1743809521
|switch|p2a: Polteageist|Polteageist, shiny|7/100
|move|p1a: Iron Treads|Stealth Rock|p2a: Polteageist
|-sidestart|p2: monohue|move: Stealth Rock
|
|-weather|none
|-heal|p2a: Polteageist|13/100|[from] Grassy Terrain
|upkeep
|turn|9
|
|t:|1743809526
|move|p1a: Iron Treads|Earth Power|p2a: Polteageist
|-damage|p2a: Polteageist|0 fnt
|faint|p2a: Polteageist
|
|-fieldend|move: Grassy Terrain
|upkeep
|
|t:|1743809533
|switch|p2a: Infernape|Infernape, F, shiny|100/100
|-damage|p2a: Infernape|88/100|[from] Stealth Rock
|turn|10
|
|t:|1743809542
|-end|p1a: Iron Treads|Quark Drive|[silent]
|switch|p1a: Rillaboom|Rillaboom, F|49/100
|-damage|p1a: Rillaboom|36/100|[from] Stealth Rock
|-fieldstart|move: Grassy Terrain|[from] ability: Grassy Surge|[of] p1a: Rillaboom
|move|p2a: Infernape|Close Combat|p1a: Rillaboom
|-damage|p1a: Rillaboom|0 fnt
|-unboost|p2a: Infernape|def|1
|-unboost|p2a: Infernape|spd|1
|faint|p1a: Rillaboom
|-damage|p2a: Infernape|78/100|[from] item: Life Orb
|
|-heal|p2a: Infernape|84/100|[from] Grassy Terrain
|upkeep
|
|t:|1743809548
|switch|p1a: Pelipper|Pelipper, F|100/100
|-damage|p1a: Pelipper|76/100|[from] Stealth Rock
|-weather|RainDance|[from] ability: Drizzle|[of] p1a: Pelipper
|turn|11
|
|t:|1743809557
|switch|p1a: Basculegion|Basculegion, M|88/100
|-damage|p1a: Basculegion|76/100|[from] Stealth Rock
|move|p2a: Infernape|Knock Off|p1a: Basculegion
|-supereffective|p1a: Basculegion
|-damage|p1a: Basculegion|0 fnt
|-enditem|p1a: Basculegion|Choice Band|[from] move: Knock Off|[of] p2a: Infernape
|faint|p1a: Basculegion
|-damage|p2a: Infernape|75/100|[from] item: Life Orb
|
|-weather|RainDance|[upkeep]
|-heal|p2a: Infernape|81/100|[from] Grassy Terrain
|upkeep
|
|t:|1743809562
|switch|p1a: Kingdra|Kingdra, F|100/100
|-damage|p1a: Kingdra|88/100|[from] Stealth Rock
|turn|12
|
|t:|1743809572
|move|p1a: Kingdra|Hydro Pump|p2a: Infernape
|-supereffective|p2a: Infernape
|-damage|p2a: Infernape|0 fnt
|faint|p2a: Infernape
|-damage|p1a: Kingdra|78/100|[from] item: Life Orb
|
|-weather|RainDance|[upkeep]
|-heal|p1a: Kingdra|84/100|[from] Grassy Terrain
|upkeep
|
|t:|1743809590
|switch|p2a: Tinkaton|Tinkaton, F|68/100
|-damage|p2a: Tinkaton|61/100|[from] Stealth Rock
|-ability|p2a: Tinkaton|Mold Breaker
|turn|13
|
|t:|1743809606
|switch|p1a: Iron Treads|Iron Treads|100/100
|-damage|p1a: Iron Treads|97/100|[from] Stealth Rock
|-terastallize|p2a: Tinkaton|Water
|move|p2a: Tinkaton|Thunder Wave|p1a: Iron Treads
|-immune|p1a: Iron Treads
|
|-weather|RainDance|[upkeep]
|-heal|p1a: Iron Treads|100/100|[from] Grassy Terrain
|-heal|p2a: Tinkaton|68/100|[from] Grassy Terrain
|upkeep
|turn|14
|
|t:|1743809614
|move|p1a: Iron Treads|Rapid Spin|p2a: Tinkaton
|-damage|p2a: Tinkaton|54/100
|-boost|p1a: Iron Treads|spe|1
|-sideend|p1: Get knotted|Stealth Rock|[from] move: Rapid Spin|[of] p1a: Iron Treads
|move|p2a: Tinkaton|Encore|p1a: Iron Treads
|-start|p1a: Iron Treads|Encore
|
|-weather|RainDance|[upkeep]
|-heal|p2a: Tinkaton|60/100|[from] Grassy Terrain
|-fieldend|move: Grassy Terrain
|upkeep
|turn|15
|
|t:|1743809625
|move|p1a: Iron Treads|Rapid Spin|p2a: Tinkaton
|-damage|p2a: Tinkaton|48/100
|-boost|p1a: Iron Treads|spe|1
|move|p2a: Tinkaton|Stealth Rock|p1a: Iron Treads
|-sidestart|p1: Get knotted|move: Stealth Rock
|
|-weather|RainDance|[upkeep]
|upkeep
|turn|16
|
|t:|1743809641
|move|p1a: Iron Treads|Rapid Spin|p2a: Tinkaton
|-damage|p2a: Tinkaton|36/100
|-boost|p1a: Iron Treads|spe|1
|-sideend|p1: Get knotted|Stealth Rock|[from] move: Rapid Spin|[of] p1a: Iron Treads
|move|p2a: Tinkaton|Knock Off|p1a: Iron Treads
|-damage|p1a: Iron Treads|89/100
|
|-weather|RainDance|[upkeep]
|upkeep
|turn|17
|
|t:|1743809646
|move|p1a: Iron Treads|Rapid Spin|p2a: Tinkaton
|-damage|p2a: Tinkaton|23/100
|-boost|p1a: Iron Treads|spe|1
|move|p2a: Tinkaton|Stealth Rock|p1a: Iron Treads
|-sidestart|p1: Get knotted|move: Stealth Rock
|
|-weather|RainDance|[upkeep]
|-end|p1a: Iron Treads|Encore
|upkeep
|turn|18
|
|t:|1743809654
|move|p1a: Iron Treads|Rapid Spin|p2a: Tinkaton
|-damage|p2a: Tinkaton|10/100
|-boost|p1a: Iron Treads|spe|1
|-sideend|p1: Get knotted|Stealth Rock|[from] move: Rapid Spin|[of] p1a: Iron Treads
|move|p2a: Tinkaton|Encore|p1a: Iron Treads
|-start|p1a: Iron Treads|Encore
|
|-weather|none
|upkeep
|turn|19
|
|t:|1743809659
|-end|p1a: Iron Treads|Quark Drive|[silent]
|switch|p1a: Pelipper|Pelipper, F|76/100
|-weather|RainDance|[from] ability: Drizzle|[of] p1a: Pelipper
|move|p2a: Tinkaton|Stealth Rock|p1a: Pelipper
|-sidestart|p1: Get knotted|move: Stealth Rock
|
|-weather|RainDance|[upkeep]
|upkeep
|turn|20
|
|t:|1743809665
|switch|p1a: Iron Treads|Iron Treads|89/100
|-damage|p1a: Iron Treads|86/100|[from] Stealth Rock
|move|p2a: Tinkaton|Knock Off|p1a: Iron Treads
|-damage|p1a: Iron Treads|75/100
|
|-weather|RainDance|[upkeep]
|upkeep
|turn|21
|
|t:|1743809672
|move|p1a: Iron Treads|Rapid Spin|p2a: Tinkaton
|-damage|p2a: Tinkaton|0 fnt
|-boost|p1a: Iron Treads|spe|1
|-sideend|p1: Get knotted|Stealth Rock|[from] move: Rapid Spin|[of] p1a: Iron Treads
|faint|p2a: Tinkaton
|
|-weather|RainDance|[upkeep]
|upkeep
|
|t:|1743809681
|switch|p2a: Moltres|Moltres-Galar|100/100
|-damage|p2a: Moltres|76/100|[from] Stealth Rock
|turn|22
|inactive|Get knotted has 120 seconds left.
|
|t:|1743809730
|-end|p1a: Iron Treads|Quark Drive|[silent]
|switch|p1a: Raging Bolt|Raging Bolt|100/100
|move|p2a: Moltres|Agility|p2a: Moltres
|-boost|p2a: Moltres|spe|2
|
|-weather|RainDance|[upkeep]
|upkeep
|turn|23
|
|t:|1743809739
|move|p2a: Moltres|Fiery Wrath|p1a: Raging Bolt
|-damage|p1a: Raging Bolt|61/100
|move|p1a: Raging Bolt|Calm Mind|p1a: Raging Bolt
|-boost|p1a: Raging Bolt|spa|1
|-boost|p1a: Raging Bolt|spd|1
|
|-weather|RainDance|[upkeep]
|upkeep
|turn|24
|
|t:|1743809745
|move|p1a: Raging Bolt|Thunderclap||[still]
|-fail|p1a: Raging Bolt
|move|p2a: Moltres|Nasty Plot|p2a: Moltres
|-boost|p2a: Moltres|spa|2
|
|-weather|RainDance|[upkeep]
|upkeep
|turn|25
|
|t:|1743809756
|-terastallize|p1a: Raging Bolt|Fairy
|move|p2a: Moltres|Fiery Wrath|p1a: Raging Bolt
|-resisted|p1a: Raging Bolt
|-damage|p1a: Raging Bolt|35/100
|move|p1a: Raging Bolt|Weather Ball|p2a: Moltres
|-damage|p2a: Moltres|2/100
|-ability|p2a: Moltres|Berserk|boost
|-boost|p2a: Moltres|spa|1
|-enditem|p2a: Moltres|Sitrus Berry|[eat]
|-heal|p2a: Moltres|27/100|[from] item: Sitrus Berry
|
|-weather|RainDance|[upkeep]
|upkeep
|turn|26
|
|t:|1743809770
|move|p1a: Raging Bolt|Thunderclap||[still]
|-fail|p1a: Raging Bolt
|move|p2a: Moltres|Agility|p2a: Moltres
|-boost|p2a: Moltres|spe|2
|
|-weather|none
|upkeep
|turn|27
|
|t:|1743809774
|move|p1a: Raging Bolt|Thunderclap||[still]
|-fail|p1a: Raging Bolt
|move|p2a: Moltres|Nasty Plot|p2a: Moltres
|-boost|p2a: Moltres|spa|2
|
|upkeep
|turn|28
|
|t:|1743809777
|move|p1a: Raging Bolt|Thunderclap||[still]
|-fail|p1a: Raging Bolt
|move|p2a: Moltres|Agility|p2a: Moltres
|-boost|p2a: Moltres|spe|2
|
|upkeep
|turn|29
|
|t:|1743809779
|move|p1a: Raging Bolt|Thunderclap||[still]
|-fail|p1a: Raging Bolt
|move|p2a: Moltres|Nasty Plot|p2a: Moltres
|-boost|p2a: Moltres|spa|1
|
|upkeep
|turn|30
|
|t:|1743809784
|-end|p1a: Raging Bolt|Protosynthesis|[silent]
|switch|p1a: Pelipper|Pelipper, F|76/100
|-weather|RainDance|[from] ability: Drizzle|[of] p1a: Pelipper
|move|p2a: Moltres|Fiery Wrath|p1a: Pelipper
|-damage|p1a: Pelipper|0 fnt
|faint|p1a: Pelipper
|
|-weather|RainDance|[upkeep]
|upkeep
|
|t:|1743809787
|switch|p1a: Kingdra|Kingdra, F|84/100
|turn|31
|
|t:|1743809790
|move|p2a: Moltres|Fiery Wrath|p1a: Kingdra
|-damage|p1a: Kingdra|0 fnt
|faint|p1a: Kingdra
|
|-weather|RainDance|[upkeep]
|upkeep
|
|t:|1743809792
|switch|p1a: Raging Bolt|Raging Bolt, tera:Fairy|35/100
|turn|32
|
|t:|1743809795
|move|p2a: Moltres|Agility|p2a: Moltres
|-boost|p2a: Moltres|spe|0
|move|p1a: Raging Bolt|Weather Ball|p2a: Moltres
|-damage|p2a: Moltres|0 fnt
|faint|p2a: Moltres
|
|-weather|RainDance|[upkeep]
|upkeep
|
|t:|1743809801
|switch|p2a: Hatterene|Hatterene, F, shiny|100/100
|-damage|p2a: Hatterene|88/100|[from] Stealth Rock
|turn|33
|
|t:|1743809804
|-end|p1a: Raging Bolt|Protosynthesis|[silent]
|switch|p1a: Iron Treads|Iron Treads|75/100
|move|p2a: Hatterene|Draining Kiss|p1a: Iron Treads
|-resisted|p1a: Iron Treads
|-damage|p1a: Iron Treads|59/100
|-heal|p2a: Hatterene|100/100|[from] drain|[of] p1a: Iron Treads
|
|-weather|RainDance|[upkeep]
|upkeep
|turn|34
|
|t:|1743809809
|switch|p2a: Zamazenta|Zamazenta, shiny|100/100
|-damage|p2a: Zamazenta|94/100|[from] Stealth Rock
|-ability|p2a: Zamazenta|Dauntless Shield|boost
|-boost|p2a: Zamazenta|def|1
|move|p1a: Iron Treads|Rapid Spin|p2a: Zamazenta
|-damage|p2a: Zamazenta|88/100
|-boost|p1a: Iron Treads|spe|1
|
|-weather|RainDance|[upkeep]
|-heal|p2a: Zamazenta|95/100|[from] item: Leftovers
|upkeep
|turn|35
|
|t:|1743809813
|move|p1a: Iron Treads|Steel Beam|p2a: Zamazenta
|-damage|p2a: Zamazenta|51/100
|-damage|p1a: Iron Treads|9/100|[from] steelbeam
|move|p2a: Zamazenta|Body Press|p1a: Iron Treads
|-supereffective|p1a: Iron Treads
|-damage|p1a: Iron Treads|0 fnt
|faint|p1a: Iron Treads
|-end|p1a: Iron Treads|Quark Drive|[silent]
|
|-weather|RainDance|[upkeep]
|-heal|p2a: Zamazenta|57/100|[from] item: Leftovers
|upkeep
|
|t:|1743809816
|switch|p1a: Raging Bolt|Raging Bolt, tera:Fairy|35/100
|turn|36
|
|t:|1743809819
|move|p1a: Raging Bolt|Thunderclap|p2a: Zamazenta
|-damage|p2a: Zamazenta|25/100
|move|p2a: Zamazenta|Body Press|p1a: Raging Bolt
|-resisted|p1a: Raging Bolt
|-damage|p1a: Raging Bolt|13/100
|
|-weather|RainDance|[upkeep]
|-heal|p2a: Zamazenta|31/100|[from] item: Leftovers
|upkeep
|turn|37
|
|t:|1743809825
|move|p1a: Raging Bolt|Thunderclap|p2a: Zamazenta
|-damage|p2a: Zamazenta|0 fnt
|faint|p2a: Zamazenta
|
|-weather|none
|upkeep
|
|t:|1743809827
|switch|p2a: Hatterene|Hatterene, F, shiny|100/100
|-damage|p2a: Hatterene|88/100|[from] Stealth Rock
|turn|38
|c|☆monohue|big choke
|-message|Get knotted forfeited.
|
|win|monohue
|raw|Get knotted's rating: 1565 &rarr; <strong>1547</strong><br />(-18 for losing)
|raw|monohue's rating: 1596 &rarr; <strong>1614</strong><br />(+18 for winning)
|l|☆Get knotted
|player|p1|
|l|☆monohue
|player|p2|
