|j|☆riflessodikikijiki
|j|☆Ash's First Girl
|t:|1743805090
|gametype|singles
|player|p1|riflessodikikijiki|170|1226
|player|p2|Ash's First Girl|bruno-gen2|1144
|teamsize|p1|6
|teamsize|p2|6
|gen|9
|tier|[Gen 9] OU
|rated|
|rule|HP Percentage Mod: HP is shown in percentages
|rule|Endless Battle Clause: Forcing endless battles is banned
|rule|Species Clause: Limit one of each Pokémon
|rule|OHKO Clause: OHKO moves are banned
|rule|Evasion Items Clause: Evasion items are banned
|rule|Evasion Moves Clause: Evasion moves are banned
|rule|Sleep Moves Clause: Sleep-inducing moves are banned
|clearpoke
|poke|p1|Torkoal, F|
|poke|p1|Great Tusk|
|poke|p1|Slither Wing|
|poke|p1|Venusaur, F|
|poke|p1|Walking Wake|
|poke|p1|Heatran, F|
|poke|p2|Scizor, M|
|poke|p2|Tinkaton, F|
|poke|p2|Arcanine-Hisui, F|
|poke|p2|Zapdos|
|poke|p2|Primarina, F|
|poke|p2|Ursaluna, F|
|teampreview
|inactive|Battle timer is ON: inactive players will automatically lose when time's up. (requested by riflessodikikijiki)
|
|t:|1743805119
|start
|switch|p1a: Torkoal|Torkoal, F|100/100
|switch|p2a: Dynamite|Arcanine-Hisui, F|100/100
|-weather|SunnyDay|[from] ability: Drought|[of] p1a: Torkoal
|turn|1
|
|t:|1743805134
|switch|p1a: Great Tusk|Great Tusk|100/100
|-activate|p1a: Great Tusk|ability: Protosynthesis
|-start|p1a: Great Tusk|protosynthesisspe
|move|p2a: Dynamite|Flare Blitz|p1a: Great Tusk
|-damage|p1a: Great Tusk|42/100
|
|-weather|SunnyDay|[upkeep]
|upkeep
|turn|2
|
|t:|1743805155
|switch|p2a: Shawk|Zapdos|100/100
|move|p1a: Great Tusk|Earthquake|p2a: Shawk
|-immune|p2a: Shawk
|
|-weather|SunnyDay|[upkeep]
|upkeep
|turn|3
|
|t:|1743805168
|move|p1a: Great Tusk|Ice Spinner|p2a: Shawk
|-supereffective|p2a: Shawk
|-damage|p2a: Shawk|41/100
|move|p2a: Shawk|Heat Wave|p1a: Great Tusk
|-damage|p1a: Great Tusk|0 fnt
|faint|p1a: Great Tusk
|-end|p1a: Great Tusk|Protosynthesis|[silent]
|
|-weather|SunnyDay|[upkeep]
|upkeep
|
|t:|1743805180
|switch|p1a: Walking Wake|Walking Wake|100/100
|-activate|p1a: Walking Wake|ability: Protosynthesis
|-start|p1a: Walking Wake|protosynthesisspe
|turn|4
|
|t:|1743805187
|switch|p2a: Baby|Primarina, F|100/100
|move|p1a: Walking Wake|Hydro Steam|p2a: Baby
|-resisted|p2a: Baby
|-damage|p2a: Baby|64/100
|
|-weather|SunnyDay|[upkeep]
|-heal|p2a: Baby|70/100|[from] item: Leftovers
|upkeep
|turn|5
|
|t:|1743805206
|-end|p1a: Walking Wake|Protosynthesis|[silent]
|switch|p1a: Venusaur|Venusaur, F|100/100
|move|p2a: Baby|Moonblast|p1a: Venusaur
|-resisted|p1a: Venusaur
|-damage|p1a: Venusaur|67/100
|-unboost|p1a: Venusaur|spa|1
|
|-weather|SunnyDay|[upkeep]
|-heal|p2a: Baby|76/100|[from] item: Leftovers
|upkeep
|turn|6
|
|t:|1743805222
|switch|p1a: Walking Wake|Walking Wake|100/100
|-activate|p1a: Walking Wake|ability: Protosynthesis
|-start|p1a: Walking Wake|protosynthesisspe
|switch|p2a: Toothfairy|Tinkaton, F|100/100
|
|-weather|SunnyDay|[upkeep]
|upkeep
|turn|7
|inactive|riflessodikikijiki has 120 seconds left.
|
|t:|1743805242
|-terastallize|p1a: Walking Wake|Water
|move|p1a: Walking Wake|Hydro Steam|p2a: Toothfairy
|-damage|p2a: Toothfairy|0 fnt
|faint|p2a: Toothfairy
|
|-weather|SunnyDay|[upkeep]
|upkeep
|
|t:|1743805252
|switch|p2a: Baby|Primarina, F|76/100
|turn|8
|
|t:|1743805257
|move|p1a: Walking Wake|Hydro Steam|p2a: Baby
|-resisted|p2a: Baby
|-damage|p2a: Baby|27/100
|move|p2a: Baby|Moonblast|p1a: Walking Wake
|-damage|p1a: Walking Wake|42/100
|
|-weather|none
|-end|p1a: Walking Wake|Protosynthesis
|-heal|p2a: Baby|33/100|[from] item: Leftovers
|upkeep
|turn|9
|
|t:|1743805276
|-end|p1a: Walking Wake|Protosynthesis|[silent]
|switch|p1a: Torkoal|Torkoal, F|100/100
|-weather|SunnyDay|[from] ability: Drought|[of] p1a: Torkoal
|move|p2a: Baby|Moonblast|p1a: Torkoal
|-resisted|p1a: Torkoal
|-damage|p1a: Torkoal|70/100
|
|-weather|SunnyDay|[upkeep]
|-heal|p2a: Baby|39/100|[from] item: Leftovers
|upkeep
|turn|10
|
|t:|1743805293
|switch|p1a: Slither Wing|Slither Wing|100/100
|-activate|p1a: Slither Wing|ability: Protosynthesis
|-start|p1a: Slither Wing|protosynthesisatk
|move|p2a: Baby|Hyper Voice|p1a: Slither Wing
|-damage|p1a: Slither Wing|85/100
|
|-weather|SunnyDay|[upkeep]
|-heal|p2a: Baby|45/100|[from] item: Leftovers
|upkeep
|turn|11
|
|t:|1743805323
|move|p1a: Slither Wing|Earthquake|p2a: Baby
|-damage|p2a: Baby|0 fnt
|faint|p2a: Baby
|
|-weather|SunnyDay|[upkeep]
|upkeep
|inactive|Ash's First Girl has 120 seconds left.
|
|t:|1743805334
|switch|p2a: Dynamite|Arcanine-Hisui, F|100/100
|turn|12
|inactive|riflessodikikijiki has 120 seconds left.
|
|t:|1743805354
|move|p2a: Dynamite|Head Smash|p1a: Slither Wing
|-damage|p1a: Slither Wing|0 fnt
|faint|p1a: Slither Wing
|-end|p1a: Slither Wing|Protosynthesis|[silent]
|
|-weather|SunnyDay|[upkeep]
|upkeep
|inactive|riflessodikikijiki has 120 seconds left.
|
|t:|1743805361
|switch|p1a: Walking Wake|Walking Wake, tera:Water|42/100
|-activate|p1a: Walking Wake|ability: Protosynthesis
|-start|p1a: Walking Wake|protosynthesisspe
|turn|13
|inactive|Ash's First Girl has 120 seconds left.
|
|t:|1743805409
|switch|p2a: Shawk|Zapdos|41/100
|move|p1a: Walking Wake|Hydro Steam|p2a: Shawk
|-damage|p2a: Shawk|0 fnt
|faint|p2a: Shawk
|
|-weather|SunnyDay|[upkeep]
|upkeep
|
|t:|1743805413
|switch|p2a: Night|Ursaluna, F|100/100
|turn|14
|
|t:|1743805423
|-terastallize|p2a: Night|Grass
|move|p1a: Walking Wake|Hydro Steam|p2a: Night
|-resisted|p2a: Night
|-damage|p2a: Night|47/100
|move|p2a: Night|Facade|p1a: Walking Wake
|-damage|p1a: Walking Wake|0 fnt
|faint|p1a: Walking Wake
|-end|p1a: Walking Wake|Protosynthesis|[silent]
|
|-weather|SunnyDay|[upkeep]
|-status|p2a: Night|brn|[from] item: Flame Orb
|upkeep
|inactive|riflessodikikijiki has 120 seconds left.
|
|t:|1743805452
|switch|p1a: Venusaur|Venusaur, F|67/100
|turn|15
|inactive|riflessodikikijiki has 120 seconds left.
|
|t:|1743805466
|switch|p2a: Sylvester|Scizor, M|100/100
|move|p1a: Venusaur|Weather Ball|p2a: Sylvester
|-supereffective|p2a: Sylvester
|-damage|p2a: Sylvester|0 fnt
|faint|p2a: Sylvester
|-damage|p1a: Venusaur|58/100|[from] item: Life Orb
|
|-weather|SunnyDay|[upkeep]
|upkeep
|inactive|Ash's First Girl has 120 seconds left.
|
|t:|1743805480
|switch|p2a: Dynamite|Arcanine-Hisui, F|100/100
|turn|16
|inactive|riflessodikikijiki has 120 seconds left.
|
|t:|1743805509
|switch|p1a: Heatran|Heatran, F|100/100
|-item|p1a: Heatran|Air Balloon
|move|p2a: Dynamite|Head Smash|p1a: Heatran
|-damage|p1a: Heatran|38/100
|-enditem|p1a: Heatran|Air Balloon
|
|-weather|none
|upkeep
|turn|17
|
|t:|1743805531
|move|p2a: Dynamite|Head Smash|p1a: Heatran
|-damage|p1a: Heatran|0 fnt
|faint|p1a: Heatran
|
|upkeep
|
|t:|1743805536
|switch|p1a: Torkoal|Torkoal, F|70/100
|-weather|SunnyDay|[from] ability: Drought|[of] p1a: Torkoal
|turn|18
|
|t:|1743805541
|move|p2a: Dynamite|Head Smash|p1a: Torkoal
|-supereffective|p1a: Torkoal
|-damage|p1a: Torkoal|0 fnt
|faint|p1a: Torkoal
|
|-weather|SunnyDay|[upkeep]
|upkeep
|
|t:|1743805548
|switch|p1a: Venusaur|Venusaur, F|58/100
|turn|19
|
|t:|1743805553
|move|p1a: Venusaur|Giga Drain|p2a: Dynamite
|-damage|p2a: Dynamite|51/100
|-heal|p1a: Venusaur|85/100|[from] drain|[of] p2a: Dynamite
|-damage|p1a: Venusaur|76/100|[from] item: Life Orb
|move|p2a: Dynamite|Head Smash|p1a: Venusaur
|-damage|p1a: Venusaur|0 fnt
|faint|p1a: Venusaur
|
|win|Ash's First Girl
|raw|riflessodikikijiki's rating: 1226 &rarr; <strong>1195</strong><br />(-31 for losing)
|raw|Ash&apos;s First Girl's rating: 1144 &rarr; <strong>1175</strong><br />(+31 for winning)
