|j|☆chilah
|j|☆instantQ
|t:|1743867161
|gametype|singles
|player|p1|chilah|1|1275
|player|p2|instantQ|170|1273
|teamsize|p1|6
|teamsize|p2|6
|gen|9
|tier|[Gen 9] OU
|rated|
|rule|HP Percentage Mod: HP is shown in percentages
|rule|Endless Battle Clause: Forcing endless battles is banned
|rule|Species Clause: Limit one of each Pokémon
|rule|OHKO Clause: OHKO moves are banned
|rule|Evasion Items Clause: Evasion items are banned
|rule|Evasion Moves Clause: Evasion moves are banned
|rule|Sleep Moves Clause: Sleep-inducing moves are banned
|clearpoke
|poke|p1|Torkoal, F|
|poke|p1|Corviknight, F|
|poke|p1|Venusaur, M|
|poke|p1|Great Tusk|
|poke|p1|Typhlosion-Hisui, F|
|poke|p1|Walking Wake|
|poke|p2|Darkrai|
|poke|p2|Manaphy|
|poke|p2|Landorus-Therian, M|
|poke|p2|Gholdengo|
|poke|p2|Raging Bolt|
|poke|p2|Iron Valiant|
|teampreview
|inactive|Battle timer is ON: inactive players will automatically lose when time's up. (requested by instantQ)
|
|t:|1743867177
|start
|switch|p1a: Dubya|Walking Wake|100/100
|switch|p2a: Landorus|Landorus-Therian, M|100/100
|-ability|p2a: Landorus|Intimidate|boost
|-unboost|p1a: Dubya|atk|1
|turn|1
|
|t:|1743867189
|switch|p2a: Manaphy|Manaphy|100/100
|move|p1a: Dubya|Hydro Steam|p2a: Manaphy
|-resisted|p2a: Manaphy
|-damage|p2a: Manaphy|73/100
|
|upkeep
|turn|2
|
|t:|1743867212
|-end|p1a: Dubya|Protosynthesis|[silent]
|switch|p1a: VVS Diamonds|Venusaur, M|100/100
|move|p2a: Manaphy|Ice Beam|p1a: VVS Diamonds
|-supereffective|p1a: VVS Diamonds
|-damage|p1a: VVS Diamonds|44/100
|
|upkeep
|turn|3
|
|t:|1743867222
|switch|p1a: T= r*Fsin(theta)|Torkoal, F|100/100
|-weather|SunnyDay|[from] ability: Drought|[of] p1a: T= r*Fsin(theta)
|move|p2a: Manaphy|Surf|p1a: T= r*Fsin(theta)
|-supereffective|p1a: T= r*Fsin(theta)
|-damage|p1a: T= r*Fsin(theta)|61/100
|
|-weather|SunnyDay|[upkeep]
|upkeep
|turn|4
|
|t:|1743867233
|switch|p1a: VVS Diamonds|Venusaur, M|44/100
|move|p2a: Manaphy|Tail Glow|p2a: Manaphy
|-boost|p2a: Manaphy|spa|3
|
|-weather|SunnyDay|[upkeep]
|upkeep
|turn|5
|
|t:|1743867244
|-terastallize|p2a: Manaphy|Fairy
|move|p1a: VVS Diamonds|Giga Drain|p2a: Manaphy
|-crit|p2a: Manaphy
|-damage|p2a: Manaphy|9/100
|-heal|p1a: VVS Diamonds|82/100|[from] drain|[of] p2a: Manaphy
|-damage|p1a: VVS Diamonds|72/100|[from] item: Life Orb
|move|p2a: Manaphy|Ice Beam|p1a: VVS Diamonds
|-supereffective|p1a: VVS Diamonds
|-damage|p1a: VVS Diamonds|0 fnt
|faint|p1a: VVS Diamonds
|
|-weather|SunnyDay|[upkeep]
|upkeep
|
|t:|1743867264
|switch|p1a: Dubya|Walking Wake|100/100
|-activate|p1a: Dubya|ability: Protosynthesis
|-start|p1a: Dubya|protosynthesisspe
|turn|6
|
|t:|1743867270
|move|p1a: Dubya|Flip Turn|p2a: Manaphy
|-damage|p2a: Manaphy|1/100
|
|t:|1743867277
|-end|p1a: Dubya|Protosynthesis|[silent]
|switch|p1a: Corvfefe|Corviknight, F|100/100|[from] Flip Turn
|-ability|p1a: Corvfefe|Pressure
|move|p2a: Manaphy|Ice Beam|p1a: Corvfefe
|-damage|p1a: Corvfefe|37/100
|
|-weather|SunnyDay|[upkeep]
|upkeep
|turn|7
|c|☆instantQ|oof
|
|t:|1743867289
|move|p2a: Manaphy|Ice Beam|p1a: Corvfefe
|-damage|p1a: Corvfefe|0 fnt
|faint|p1a: Corvfefe
|
|-weather|SunnyDay|[upkeep]
|upkeep
|
|t:|1743867297
|switch|p1a: Ty Collar Sign|Typhlosion-Hisui, F|100/100
|turn|8
|
|t:|1743867302
|move|p1a: Ty Collar Sign|Eruption|p2a: Manaphy
|-damage|p2a: Manaphy|0 fnt
|faint|p2a: Manaphy
|
|-weather|SunnyDay|[upkeep]
|upkeep
|
|t:|1743867307
|switch|p2a: Raging Bolt|Raging Bolt|100/100
|-activate|p2a: Raging Bolt|ability: Protosynthesis
|-start|p2a: Raging Bolt|protosynthesisspa
|turn|9
|
|t:|1743867313
|switch|p1a: I Serve The Face|Great Tusk|100/100
|-activate|p1a: I Serve The Face|ability: Protosynthesis
|-start|p1a: I Serve The Face|protosynthesisatk
|move|p2a: Raging Bolt|Thunderclap||[still]
|-fail|p2a: Raging Bolt
|
|-weather|SunnyDay|[upkeep]
|upkeep
|turn|10
|
|t:|1743867324
|-end|p2a: Raging Bolt|Protosynthesis|[silent]
|switch|p2a: Gholdengo|Gholdengo|100/100
|-item|p2a: Gholdengo|Air Balloon
|move|p1a: I Serve The Face|Close Combat|p2a: Gholdengo
|-immune|p2a: Gholdengo
|
|-weather|none
|-end|p1a: I Serve The Face|Protosynthesis
|upkeep
|turn|11
|
|t:|1743867340
|move|p1a: I Serve The Face|Ice Spinner|p2a: Gholdengo
|-resisted|p2a: Gholdengo
|-damage|p2a: Gholdengo|88/100
|-enditem|p2a: Gholdengo|Air Balloon
|move|p2a: Gholdengo|Nasty Plot|p2a: Gholdengo
|-boost|p2a: Gholdengo|spa|2
|
|upkeep
|turn|12
|
|t:|1743867349
|move|p1a: I Serve The Face|Headlong Rush|p2a: Gholdengo
|-supereffective|p2a: Gholdengo
|-damage|p2a: Gholdengo|0 fnt
|-unboost|p1a: I Serve The Face|def|1
|-unboost|p1a: I Serve The Face|spd|1
|-enditem|p1a: I Serve The Face|Eject Pack
|faint|p2a: Gholdengo
|
|t:|1743867356
|-end|p1a: I Serve The Face|Protosynthesis|[silent]
|switch|p1a: T= r*Fsin(theta)|Torkoal, F|61/100
|-weather|SunnyDay|[from] ability: Drought|[of] p1a: T= r*Fsin(theta)
|
|-weather|SunnyDay|[upkeep]
|upkeep
|
|t:|1743867365
|switch|p2a: Raging Bolt|Raging Bolt|100/100
|-activate|p2a: Raging Bolt|ability: Protosynthesis
|-start|p2a: Raging Bolt|protosynthesisspa
|turn|13
|
|t:|1743867370
|move|p2a: Raging Bolt|Calm Mind|p2a: Raging Bolt
|-boost|p2a: Raging Bolt|spa|1
|-boost|p2a: Raging Bolt|spd|1
|move|p1a: T= r*Fsin(theta)|Lava Plume|p2a: Raging Bolt
|-resisted|p2a: Raging Bolt
|-damage|p2a: Raging Bolt|90/100
|
|-weather|SunnyDay|[upkeep]
|upkeep
|turn|14
|
|t:|1743867380
|move|p2a: Raging Bolt|Calm Mind|p2a: Raging Bolt
|-boost|p2a: Raging Bolt|spa|1
|-boost|p2a: Raging Bolt|spd|1
|move|p1a: T= r*Fsin(theta)|Earthquake|p2a: Raging Bolt
|-supereffective|p2a: Raging Bolt
|-damage|p2a: Raging Bolt|56/100
|
|-weather|SunnyDay|[upkeep]
|upkeep
|turn|15
|
|t:|1743867389
|move|p2a: Raging Bolt|Dragon Pulse|p1a: T= r*Fsin(theta)
|-damage|p1a: T= r*Fsin(theta)|0 fnt
|faint|p1a: T= r*Fsin(theta)
|
|-weather|SunnyDay|[upkeep]
|upkeep
|
|t:|1743867396
|switch|p1a: I Serve The Face|Great Tusk|100/100
|-activate|p1a: I Serve The Face|ability: Protosynthesis
|-start|p1a: I Serve The Face|protosynthesisatk
|turn|16
|
|t:|1743867401
|move|p1a: I Serve The Face|Headlong Rush|p2a: Raging Bolt
|-supereffective|p2a: Raging Bolt
|-damage|p2a: Raging Bolt|0 fnt
|-unboost|p1a: I Serve The Face|def|1
|-unboost|p1a: I Serve The Face|spd|1
|faint|p2a: Raging Bolt
|-end|p2a: Raging Bolt|Protosynthesis|[silent]
|
|-weather|SunnyDay|[upkeep]
|upkeep
|
|t:|1743867405
|switch|p2a: Iron Valiant|Iron Valiant|100/100
|-enditem|p2a: Iron Valiant|Booster Energy
|-activate|p2a: Iron Valiant|ability: Quark Drive|[fromitem]
|-start|p2a: Iron Valiant|quarkdrivespe
|turn|17
|
|t:|1743867419
|move|p2a: Iron Valiant|Moonblast|p1a: I Serve The Face
|-supereffective|p1a: I Serve The Face
|-damage|p1a: I Serve The Face|0 fnt
|faint|p1a: I Serve The Face
|-end|p1a: I Serve The Face|Protosynthesis|[silent]
|
|-weather|SunnyDay|[upkeep]
|upkeep
|
|t:|1743867430
|switch|p1a: Ty Collar Sign|Typhlosion-Hisui, F|100/100
|turn|18
|
|t:|1743867436
|move|p2a: Iron Valiant|Knock Off|p1a: Ty Collar Sign
|-supereffective|p1a: Ty Collar Sign
|-damage|p1a: Ty Collar Sign|22/100
|-enditem|p1a: Ty Collar Sign|Choice Scarf|[from] move: Knock Off|[of] p2a: Iron Valiant
|move|p1a: Ty Collar Sign|Eruption|p2a: Iron Valiant
|-damage|p2a: Iron Valiant|37/100
|
|-weather|SunnyDay|[upkeep]
|upkeep
|turn|19
|
|t:|1743867446
|move|p2a: Iron Valiant|Knock Off|p1a: Ty Collar Sign
|-supereffective|p1a: Ty Collar Sign
|-damage|p1a: Ty Collar Sign|0 fnt
|faint|p1a: Ty Collar Sign
|
|-weather|none
|upkeep
|
|t:|1743867452
|switch|p1a: Dubya|Walking Wake|100/100
|turn|20
|
|t:|1743867464
|move|p2a: Iron Valiant|Moonblast|p1a: Dubya
|-supereffective|p1a: Dubya
|-damage|p1a: Dubya|0 fnt
|faint|p1a: Dubya
|-end|p1a: Dubya|Protosynthesis|[silent]
|
|win|instantQ
|raw|chilah's rating: 1275 &rarr; <strong>1250</strong><br />(-25 for losing)
|raw|instantQ's rating: 1273 &rarr; <strong>1298</strong><br />(+25 for winning)
|l|☆instantQ
|player|p2|
|l|☆chilah
|player|p1|
