|j|☆GintamaXXOO
|j|☆mr tickley
|t:|1743865326
|gametype|singles
|player|p1|GintamaXXOO|265|1506
|player|p2|mr tickley|1|1508
|teamsize|p1|6
|teamsize|p2|6
|gen|9
|tier|[Gen 9] OU
|rated|
|rule|HP Percentage Mod: HP is shown in percentages
|rule|Endless Battle Clause: Forcing endless battles is banned
|rule|Species Clause: Limit one of each Pokémon
|rule|OHKO Clause: OHKO moves are banned
|rule|Evasion Items Clause: Evasion items are banned
|rule|Evasion Moves Clause: Evasion moves are banned
|rule|Sleep Moves Clause: Sleep-inducing moves are banned
|clearpoke
|poke|p1|Kingambit, F|
|poke|p1|Cinderace, F|
|poke|p1|Landorus-Therian, M|
|poke|p1|Iron Valiant|
|poke|p1|Kyurem|
|poke|p1|Slowking-Galar, M|
|poke|p2|Jirachi|
|poke|p2|Enamorus, F|
|poke|p2|Garchomp, F|
|poke|p2|Empoleon, F|
|poke|p2|Chesnaught, M|
|poke|p2|Pecharunt|
|teampreview
|inactive|Battle timer is ON: inactive players will automatically lose when time's up. (requested by mr tickley)
|inactive|mr tickley has 120 seconds left.
|
|t:|1743865363
|start
|switch|p1a: Kristine|Cinderace, F, shiny|100/100
|switch|p2a: Enamorus|Enamorus, F|100/100
|turn|1
|
|t:|1743865390
|switch|p1a: Homelandor|Landorus-Therian, M, shiny|100/100
|-ability|p1a: Homelandor|Intimidate|boost
|-boost|p2a: Enamorus|atk|1
|move|p2a: Enamorus|Earth Power|p1a: Homelandor
|-immune|p1a: Homelandor
|
|upkeep
|turn|2
|
|t:|1743865398
|switch|p2a: Chesnaught|Chesnaught, M|100/100
|move|p1a: Homelandor|U-turn|p2a: Chesnaught
|-damage|p2a: Chesnaught|89/100
|-damage|p1a: Homelandor|84/100|[from] item: Rocky Helmet|[of] p2a: Chesnaught
|
|t:|1743865406
|switch|p1a: Mr. Freeze|Kyurem, shiny|100/100|[from] U-turn
|-ability|p1a: Mr. Freeze|Pressure
|
|upkeep
|turn|3
|
|t:|1743865416
|switch|p2a: Jirachi|Jirachi|100/100
|move|p1a: Mr. Freeze|Substitute|p1a: Mr. Freeze
|-start|p1a: Mr. Freeze|Substitute
|-damage|p1a: Mr. Freeze|75/100
|
|-heal|p1a: Mr. Freeze|82/100|[from] item: Leftovers
|upkeep
|turn|4
|
|t:|1743865419
|move|p2a: Jirachi|Psychic Noise|p1a: Mr. Freeze
|-damage|p1a: Mr. Freeze|52/100
|-start|p1a: Mr. Freeze|move: Heal Block
|move|p1a: Mr. Freeze|Earth Power|p2a: Jirachi
|-supereffective|p2a: Jirachi
|-damage|p2a: Jirachi|64/100
|
|upkeep
|turn|5
|
|t:|1743865427
|-terastallize|p1a: Mr. Freeze|Ground
|move|p2a: Jirachi|Psychic Noise|p1a: Mr. Freeze
|-damage|p1a: Mr. Freeze|19/100
|move|p1a: Mr. Freeze|Earth Power|p2a: Jirachi
|-supereffective|p2a: Jirachi
|-damage|p2a: Jirachi|0 fnt
|faint|p2a: Jirachi
|
|-end|p1a: Mr. Freeze|move: Heal Block
|upkeep
|
|t:|1743865436
|switch|p2a: Garchomp|Garchomp, F|100/100
|turn|6
|
|t:|1743865442
|switch|p1a: WALL-Y|Iron Valiant|100/100
|-enditem|p1a: WALL-Y|Booster Energy
|-activate|p1a: WALL-Y|ability: Quark Drive|[fromitem]
|-start|p1a: WALL-Y|quarkdrivespe
|move|p2a: Garchomp|Scale Shot|p1a: WALL-Y
|-immune|p1a: WALL-Y
|
|upkeep
|turn|7
|
|t:|1743865465
|switch|p2a: Pecharunt|Pecharunt|100/100
|move|p1a: WALL-Y|Calm Mind|p1a: WALL-Y
|-boost|p1a: WALL-Y|spa|1
|-boost|p1a: WALL-Y|spd|1
|
|upkeep
|turn|8
|
|t:|1743865471
|move|p1a: WALL-Y|Shadow Ball|p2a: Pecharunt
|-supereffective|p2a: Pecharunt
|-damage|p2a: Pecharunt|24/100
|move|p2a: Pecharunt|Malignant Chain|p1a: WALL-Y
|-supereffective|p1a: WALL-Y
|-damage|p1a: WALL-Y|22/100
|-status|p1a: WALL-Y|tox
|-start|p1a: WALL-Y|confusion|[from] ability: Poison Puppeteer|[of] p2a: Pecharunt
|
|-damage|p1a: WALL-Y|15/100 tox|[from] psn
|upkeep
|turn|9
|
|t:|1743865481
|switch|p2a: Empoleon|Empoleon, F|100/100
|-activate|p1a: WALL-Y|confusion
|move|p1a: WALL-Y|Moonblast|p2a: Empoleon
|-resisted|p2a: Empoleon
|-damage|p2a: Empoleon|76/100
|
|-heal|p2a: Empoleon|82/100|[from] item: Leftovers
|-damage|p1a: WALL-Y|3/100 tox|[from] psn
|upkeep
|turn|10
|
|t:|1743865488
|-activate|p1a: WALL-Y|confusion
|move|p1a: WALL-Y|Shadow Ball|p2a: Empoleon
|-damage|p2a: Empoleon|57/100
|move|p2a: Empoleon|Roost|p2a: Empoleon
|-heal|p2a: Empoleon|100/100
|-singleturn|p2a: Empoleon|move: Roost
|
|-damage|p1a: WALL-Y|0 fnt|[from] psn
|faint|p1a: WALL-Y
|-end|p1a: WALL-Y|Quark Drive|[silent]
|upkeep
|
|t:|1743865514
|switch|p1a: Mr. Freeze|Kyurem, shiny, tera:Ground|19/100
|-ability|p1a: Mr. Freeze|Pressure
|turn|11
|
|t:|1743865529
|move|p1a: Mr. Freeze|Earth Power|p2a: Empoleon
|-supereffective|p2a: Empoleon
|-damage|p2a: Empoleon|35/100
|-unboost|p2a: Empoleon|spd|1
|-ability|p2a: Empoleon|Competitive|boost
|-boost|p2a: Empoleon|spa|2
|move|p2a: Empoleon|Surf|p1a: Mr. Freeze
|-supereffective|p1a: Mr. Freeze
|-damage|p1a: Mr. Freeze|0 fnt
|faint|p1a: Mr. Freeze
|
|-heal|p2a: Empoleon|42/100|[from] item: Leftovers
|upkeep
|
|t:|1743865534
|switch|p1a: Homelandor|Landorus-Therian, M, shiny|84/100
|-ability|p1a: Homelandor|Intimidate|boost
|-unboost|p2a: Empoleon|atk|1
|-ability|p2a: Empoleon|Competitive|boost
|-boost|p2a: Empoleon|spa|2
|turn|12
|
|t:|1743865549
|switch|p2a: Enamorus|Enamorus, F|100/100
|move|p1a: Homelandor|Stealth Rock|p2a: Enamorus
|-sidestart|p2: mr tickley|move: Stealth Rock
|
|upkeep
|turn|13
|
|t:|1743865558
|switch|p2a: Empoleon|Empoleon, F|42/100
|-damage|p2a: Empoleon|35/100|[from] Stealth Rock
|switch|p1a: Chillionaire|Slowking-Galar, M, shiny|100/100
|
|-heal|p2a: Empoleon|42/100|[from] item: Leftovers
|upkeep
|turn|14
|
|t:|1743865563
|move|p2a: Empoleon|Roost|p2a: Empoleon
|-heal|p2a: Empoleon|92/100
|-singleturn|p2a: Empoleon|move: Roost
|move|p1a: Chillionaire|Thunder Wave|p2a: Empoleon|[miss]
|-miss|p1a: Chillionaire|p2a: Empoleon
|
|-heal|p2a: Empoleon|98/100|[from] item: Leftovers
|upkeep
|turn|15
|
|t:|1743865568
|move|p2a: Empoleon|Stealth Rock|p1a: Chillionaire
|-sidestart|p1: GintamaXXOO|move: Stealth Rock
|move|p1a: Chillionaire|Thunder Wave|p2a: Empoleon|[miss]
|-miss|p1a: Chillionaire|p2a: Empoleon
|
|-heal|p2a: Empoleon|100/100|[from] item: Leftovers
|upkeep
|turn|16
|
|t:|1743865574
|move|p2a: Empoleon|Ice Beam|p1a: Chillionaire
|-damage|p1a: Chillionaire|88/100
|-prepare|p1a: Chillionaire|Chilly Reception|[premajor]
|move|p1a: Chillionaire|Chilly Reception|p1a: Chillionaire
|-weather|Snowscape
|
|t:|1743865577
|switch|p1a: Kristine|Cinderace, F, shiny|100/100|[from] Chilly Reception
|
|-weather|Snowscape|[upkeep]
|upkeep
|turn|17
|
|t:|1743865583
|move|p1a: Kristine|Will-O-Wisp|p2a: Empoleon
|-status|p2a: Empoleon|brn
|move|p2a: Empoleon|Surf|p1a: Kristine
|-supereffective|p1a: Kristine
|-damage|p1a: Kristine|0 fnt
|faint|p1a: Kristine
|
|-weather|Snowscape|[upkeep]
|-damage|p2a: Empoleon|94/100 brn|[from] brn
|upkeep
|-message|GintamaXXOO forfeited.
|
|win|mr tickley
|raw|GintamaXXOO's rating: 1506 &rarr; <strong>1486</strong><br />(-20 for losing)
|raw|mr tickley's rating: 1508 &rarr; <strong>1528</strong><br />(+20 for winning)
|l|☆GintamaXXOO
|player|p1|
|l|☆mr tickley
|player|p2|
