|j|☆deno_nemesis
|j|☆Scizzor97
|t:|1743897576
|gametype|singles
|player|p1|deno_nemesis|pokemonbreederf|1487
|player|p2|Scizzor97|1|1365
|teamsize|p1|6
|teamsize|p2|6
|gen|9
|tier|[Gen 9] OU
|rated|
|rule|HP Percentage Mod: HP is shown in percentages
|rule|Endless Battle Clause: Forcing endless battles is banned
|rule|Species Clause: Limit one of each Pokémon
|rule|OHKO Clause: OHKO moves are banned
|rule|Evasion Items Clause: Evasion items are banned
|rule|Evasion Moves Clause: Evasion moves are banned
|rule|Sleep Moves Clause: Sleep-inducing moves are banned
|clearpoke
|poke|p1|Quaquaval, M|
|poke|p1|Sinistcha|
|poke|p1|Iron Crown|
|poke|p1|Scizor, M|
|poke|p1|Great Tusk|
|poke|p1|Alomomola, M|
|poke|p2|Iron Hands|
|poke|p2|Lapras, F|
|poke|p2|Corviknight, F|
|poke|p2|Coalossal, M|
|poke|p2|Dragapult, M|
|poke|p2|Toxicroak, F|
|teampreview
|inactive|Battle timer is ON: inactive players will automatically lose when time's up. (requested by Scizzor97)
|
|t:|1743897604
|start
|switch|p1a: Loxodont|Great Tusk|100/100
|switch|p2a: Corviknight|Corviknight, F, shiny|100/100
|-ability|p2a: Corviknight|Pressure
|turn|1
|
|t:|1743897622
|-end|p1a: Loxodont|Protosynthesis|[silent]
|switch|p1a: Lola|Alomomola, M|100/100
|move|p2a: Corviknight|Brave Bird|p1a: Lola
|-damage|p1a: Lola|79/100
|-damage|p2a: Corviknight|91/100|[from] Recoil
|
|upkeep
|turn|2
|
|t:|1743897633
|move|p2a: Corviknight|Brave Bird|p1a: Lola
|-damage|p1a: Lola|60/100
|-damage|p2a: Corviknight|82/100|[from] Recoil
|move|p1a: Lola|Flip Turn|p2a: Corviknight
|-crit|p2a: Corviknight
|-damage|p2a: Corviknight|69/100
|-damage|p1a: Lola|43/100|[from] item: Rocky Helmet|[of] p2a: Corviknight
|
|t:|1743897638
|switch|p1a: Bolt|Iron Crown|100/100|[from] Flip Turn
|
|upkeep
|turn|3
|
|t:|1743897645
|switch|p2a: Dragapult|Dragapult, M|100/100
|move|p1a: Bolt|Volt Switch|p2a: Dragapult
|-resisted|p2a: Dragapult
|-damage|p2a: Dragapult|85/100
|
|t:|1743897658
|-end|p1a: Bolt|Quark Drive|[silent]
|switch|p1a: Akeboshi|Sinistcha|100/100|[from] Volt Switch
|
|upkeep
|turn|4
|
|t:|1743897667
|move|p2a: Dragapult|U-turn|p1a: Akeboshi
|-damage|p1a: Akeboshi|89/100
|
|t:|1743897677
|switch|p2a: Corviknight|Corviknight, F, shiny|69/100|[from] U-turn
|-ability|p2a: Corviknight|Pressure
|move|p1a: Akeboshi|Shadow Ball|p2a: Corviknight
|-damage|p2a: Corviknight|36/100
|
|-heal|p1a: Akeboshi|95/100|[from] item: Leftovers
|upkeep
|turn|5
|
|t:|1743897685
|move|p1a: Akeboshi|Calm Mind|p1a: Akeboshi
|-boost|p1a: Akeboshi|spa|1
|-boost|p1a: Akeboshi|spd|1
|move|p2a: Corviknight|Brave Bird|p1a: Akeboshi
|-supereffective|p1a: Akeboshi
|-damage|p1a: Akeboshi|44/100
|-damage|p2a: Corviknight|22/100|[from] Recoil
|
|-heal|p1a: Akeboshi|50/100|[from] item: Leftovers
|upkeep
|turn|6
|
|t:|1743897692
|move|p1a: Akeboshi|Shadow Ball|p2a: Corviknight
|-damage|p2a: Corviknight|0 fnt
|faint|p2a: Corviknight
|
|-heal|p1a: Akeboshi|57/100|[from] item: Leftovers
|upkeep
|
|t:|1743897703
|switch|p2a: Dragapult|Dragapult, M|85/100
|turn|7
|
|t:|1743897710
|switch|p1a: Lola|Alomomola, M|77/100
|move|p2a: Dragapult|Draco Meteor|p1a: Lola
|-damage|p1a: Lola|0 fnt
|-unboost|p2a: Dragapult|spa|2
|faint|p1a: Lola
|
|upkeep
|
|t:|1743897733
|switch|p1a: Loxodont|Great Tusk|100/100
|turn|8
|
|t:|1743897738
|switch|p2a: Lapras|Lapras, F|100/100
|move|p1a: Loxodont|Stealth Rock|p2a: Lapras
|-sidestart|p2: Scizzor97|move: Stealth Rock
|
|upkeep
|turn|9
|
|t:|1743897747
|-end|p1a: Loxodont|Protosynthesis|[silent]
|switch|p1a: Bolt|Iron Crown|100/100
|-terastallize|p2a: Lapras|Fairy
|move|p2a: Lapras|Reflect|p2a: Lapras
|-sidestart|p2: Scizzor97|Reflect
|
|upkeep
|turn|10
|
|t:|1743897761
|switch|p2a: Iron Hands|Iron Hands, shiny|100/100
|-damage|p2a: Iron Hands|94/100|[from] Stealth Rock
|move|p1a: Bolt|Tachyon Cutter|p2a: Iron Hands
|-resisted|p2a: Iron Hands
|-damage|p2a: Iron Hands|85/100
|-resisted|p2a: Iron Hands
|-damage|p2a: Iron Hands|76/100
|-hitcount|p2a: Iron Hands|2
|
|upkeep
|turn|11
|
|t:|1743897768
|move|p1a: Bolt|Volt Switch|p2a: Iron Hands
|-resisted|p2a: Iron Hands
|-damage|p2a: Iron Hands|67/100
|
|t:|1743897770
|-end|p1a: Bolt|Quark Drive|[silent]
|switch|p1a: Akeboshi|Sinistcha|57/100|[from] Volt Switch
|move|p2a: Iron Hands|Swords Dance|p2a: Iron Hands
|-boost|p2a: Iron Hands|atk|2
|
|-heal|p1a: Akeboshi|63/100|[from] item: Leftovers
|upkeep
|turn|12
|
|t:|1743897775
|move|p1a: Akeboshi|Strength Sap|p2a: Iron Hands
|-unboost|p2a: Iron Hands|atk|1
|-heal|p1a: Akeboshi|100/100
|move|p2a: Iron Hands|Swords Dance|p2a: Iron Hands
|-boost|p2a: Iron Hands|atk|2
|
|upkeep
|turn|13
|
|t:|1743897784
|move|p1a: Akeboshi|Matcha Gotcha|p2a: Iron Hands
|-damage|p2a: Iron Hands|43/100
|-status|p2a: Iron Hands|brn
|move|p2a: Iron Hands|Swords Dance|p2a: Iron Hands
|-boost|p2a: Iron Hands|atk|2
|
|-damage|p2a: Iron Hands|37/100 brn|[from] brn
|-sideend|p2: Scizzor97|Reflect
|upkeep
|turn|14
|
|t:|1743897792
|move|p1a: Akeboshi|Shadow Ball|p2a: Iron Hands
|-damage|p2a: Iron Hands|10/100 brn
|move|p2a: Iron Hands|Ice Punch|p1a: Akeboshi
|-supereffective|p1a: Akeboshi
|-damage|p1a: Akeboshi|39/100
|
|-heal|p1a: Akeboshi|45/100|[from] item: Leftovers
|-damage|p2a: Iron Hands|4/100 brn|[from] brn
|upkeep
|turn|15
|-enditem|p2a: Iron Hands|Custap Berry|[eat]
|-activate|p2a: Iron Hands|item: Custap Berry|[consumed]
|
|t:|1743897799
|move|p2a: Iron Hands|Ice Punch|p1a: Akeboshi
|-supereffective|p1a: Akeboshi
|-damage|p1a: Akeboshi|0 fnt
|faint|p1a: Akeboshi
|
|-damage|p2a: Iron Hands|0 fnt|[from] brn
|faint|p2a: Iron Hands
|-end|p2a: Iron Hands|Quark Drive|[silent]
|upkeep
|
|t:|1743897811
|switch|p1a: Bolt|Iron Crown|100/100
|switch|p2a: Dragapult|Dragapult, M|85/100
|-damage|p2a: Dragapult|72/100|[from] Stealth Rock
|turn|16
|
|t:|1743897815
|move|p2a: Dragapult|Shadow Ball|p1a: Bolt
|-supereffective|p1a: Bolt
|-damage|p1a: Bolt|26/100
|move|p1a: Bolt|Tachyon Cutter|p2a: Dragapult
|-damage|p2a: Dragapult|39/100
|-damage|p2a: Dragapult|2/100
|-hitcount|p2a: Dragapult|2
|
|upkeep
|turn|17
|
|t:|1743897829
|move|p2a: Dragapult|Shadow Ball|p1a: Bolt
|-supereffective|p1a: Bolt
|-damage|p1a: Bolt|0 fnt
|faint|p1a: Bolt
|-end|p1a: Bolt|Quark Drive|[silent]
|
|upkeep
|
|t:|1743897831
|switch|p1a: The thug|Scizor, M|100/100
|turn|18
|
|t:|1743897839
|-terastallize|p1a: The thug|Steel
|move|p1a: The thug|Bullet Punch|p2a: Dragapult
|-damage|p2a: Dragapult|0 fnt
|faint|p2a: Dragapult
|
|upkeep
|
|t:|1743897847
|switch|p2a: Coalossal|Coalossal, M, shiny|100/100
|-damage|p2a: Coalossal|76/100|[from] Stealth Rock
|turn|19
|
|t:|1743897853
|switch|p1a: Loxodont|Great Tusk|100/100
|move|p2a: Coalossal|Fire Blast|p1a: Loxodont
|-damage|p1a: Loxodont|37/100
|
|upkeep
|turn|20
|
|t:|1743897861
|switch|p2a: Lapras|Lapras, F, tera:Fairy|100/100
|move|p1a: Loxodont|Headlong Rush|p2a: Lapras
|-damage|p2a: Lapras|45/100
|-unboost|p1a: Loxodont|def|1
|-unboost|p1a: Loxodont|spd|1
|
|upkeep
|turn|21
|
|t:|1743897871
|move|p2a: Lapras|Ice Shard|p1a: Loxodont
|-supereffective|p1a: Loxodont
|-damage|p1a: Loxodont|11/100
|move|p1a: Loxodont|Headlong Rush|p2a: Lapras
|-damage|p2a: Lapras|0 fnt
|-unboost|p1a: Loxodont|def|1
|-unboost|p1a: Loxodont|spd|1
|faint|p2a: Lapras
|
|upkeep
|
|t:|1743897876
|switch|p2a: Toxicroak|Toxicroak, F, shiny|100/100
|-damage|p2a: Toxicroak|94/100|[from] Stealth Rock
|turn|22
|
|t:|1743897881
|move|p1a: Loxodont|Headlong Rush|p2a: Toxicroak
|-supereffective|p2a: Toxicroak
|-damage|p2a: Toxicroak|0 fnt
|-unboost|p1a: Loxodont|def|1
|-unboost|p1a: Loxodont|spd|1
|faint|p2a: Toxicroak
|
|upkeep
|
|t:|1743897883
|switch|p2a: Coalossal|Coalossal, M, shiny|76/100
|-damage|p2a: Coalossal|51/100|[from] Stealth Rock
|turn|23
|
|t:|1743897885
|move|p1a: Loxodont|Headlong Rush|p2a: Coalossal
|-supereffective|p2a: Coalossal
|-damage|p2a: Coalossal|0 fnt
|-unboost|p1a: Loxodont|def|1
|-unboost|p1a: Loxodont|spd|1
|faint|p2a: Coalossal
|
|win|deno_nemesis
|raw|deno_nemesis's rating: 1487 &rarr; <strong>1500</strong><br />(+13 for winning)
|raw|Scizzor97's rating: 1365 &rarr; <strong>1352</strong><br />(-13 for losing)
|l|☆Scizzor97
|player|p2|
|c|☆deno_nemesis|gg
|l|☆deno_nemesis
|player|p1|
