|j|☆Peekochu
|j|☆mr.diversity
|t:|1743868958
|gametype|singles
|player|p1|Peekochu|266|1654
|player|p2|mr.diversity|bruno|1754
|teamsize|p1|6
|teamsize|p2|6
|gen|9
|tier|[Gen 9] OU
|rated|
|rule|HP Percentage Mod: HP is shown in percentages
|rule|Endless Battle Clause: Forcing endless battles is banned
|rule|Species Clause: Limit one of each Pokémon
|rule|OHKO Clause: OHKO moves are banned
|rule|Evasion Items Clause: Evasion items are banned
|rule|Evasion Moves Clause: Evasion moves are banned
|rule|Sleep Moves Clause: Sleep-inducing moves are banned
|clearpoke
|poke|p1|Kyurem|
|poke|p1|Slowking-Galar, M|
|poke|p1|Samurott-Hisui, M|
|poke|p1|Moltres|
|poke|p1|Iron Treads|
|poke|p1|Iron Valiant|
|poke|p2|Landorus-Therian, M|
|poke|p2|Cinderace, M|
|poke|p2|Great Tusk|
|poke|p2|Heatran, F|
|poke|p2|Clodsire, F|
|poke|p2|Armarouge, M|
|teampreview
|inactive|Battle timer is ON: inactive players will automatically lose when time's up. (requested by mr.diversity)
|
|t:|1743868979
|start
|switch|p1a: Samurott|Samurott-Hisui, M|100/100
|switch|p2a: Cinderace|Cinderace, M|100/100
|turn|1
|
|t:|1743868984
|switch|p1a: Moltres|Moltres|100/100
|move|p2a: Cinderace|U-turn|p1a: Moltres
|-start|p2a: Cinderace|typechange|Bug|[from] ability: Libero
|-resisted|p1a: Moltres
|-damage|p1a: Moltres|92/100
|
|t:|1743868986
|switch|p2a: Heatran|Heatran, F|100/100|[from] U-turn
|
|upkeep
|turn|2
|
|t:|1743868996
|switch|p1a: Samurott|Samurott-Hisui, M|100/100
|move|p2a: Heatran|Magma Storm|p1a: Samurott
|-resisted|p1a: Samurott
|-damage|p1a: Samurott|75/100
|-activate|p1a: Samurott|move: Magma Storm|[of] p2a: Heatran
|
|-damage|p1a: Samurott|62/100|[from] move: Magma Storm|[partiallytrapped]
|upkeep
|turn|3
|
|t:|1743869000
|switch|p2a: Clodsire|Clodsire, F|100/100
|move|p1a: Samurott|Aqua Cutter|p2a: Clodsire
|-immune|p2a: Clodsire|[from] ability: Water Absorb
|
|-end|p1a: Samurott|Magma Storm|[partiallytrapped]|[silent]
|upkeep
|turn|4
|
|t:|1743869002
|move|p1a: Samurott|Knock Off|p2a: Clodsire
|-damage|p2a: Clodsire|64/100
|-enditem|p2a: Clodsire|Leftovers|[from] move: Knock Off|[of] p1a: Samurott
|move|p2a: Clodsire|Stealth Rock|p1a: Samurott
|-sidestart|p1: Peekochu|move: Stealth Rock
|
|upkeep
|turn|5
|
|t:|1743869010
|move|p1a: Samurott|Ceaseless Edge|p2a: Clodsire|[miss]
|-miss|p1a: Samurott|p2a: Clodsire
|move|p2a: Clodsire|Toxic|p1a: Samurott
|-status|p1a: Samurott|tox
|
|-damage|p1a: Samurott|56/100 tox|[from] psn
|upkeep
|turn|6
|
|t:|1743869015
|switch|p2a: Great Tusk|Great Tusk|100/100
|-enditem|p2a: Great Tusk|Booster Energy
|-activate|p2a: Great Tusk|ability: Protosynthesis|[fromitem]
|-start|p2a: Great Tusk|protosynthesisatk
|move|p1a: Samurott|Ceaseless Edge|p2a: Great Tusk|[miss]
|-miss|p1a: Samurott|p2a: Great Tusk
|
|-damage|p1a: Samurott|44/100 tox|[from] psn
|upkeep
|turn|7
|
|t:|1743869019
|move|p2a: Great Tusk|Headlong Rush|p1a: Samurott
|-damage|p1a: Samurott|0 fnt
|-unboost|p2a: Great Tusk|def|1
|-unboost|p2a: Great Tusk|spd|1
|faint|p1a: Samurott
|
|upkeep
|
|t:|1743869025
|switch|p1a: Moltres|Moltres|92/100
|turn|8
|
|t:|1743869028
|-end|p2a: Great Tusk|Protosynthesis|[silent]
|switch|p2a: Heatran|Heatran, F|100/100
|move|p1a: Moltres|Flamethrower|p2a: Heatran
|-damage|p2a: Heatran|68/100
|
|upkeep
|turn|9
|
|t:|1743869032
|move|p1a: Moltres|Flamethrower|p2a: Heatran
|-damage|p2a: Heatran|37/100
|move|p2a: Heatran|Magma Storm|p1a: Moltres
|-resisted|p1a: Moltres
|-damage|p1a: Moltres|46/100
|-activate|p1a: Moltres|move: Magma Storm|[of] p2a: Heatran
|
|-damage|p1a: Moltres|34/100|[from] move: Magma Storm|[partiallytrapped]
|upkeep
|turn|10
|
|t:|1743869038
|move|p1a: Moltres|Roost|p1a: Moltres
|-heal|p1a: Moltres|84/100
|-singleturn|p1a: Moltres|move: Roost
|move|p2a: Heatran|Magma Storm|p1a: Moltres
|-resisted|p1a: Moltres
|-damage|p1a: Moltres|40/100
|
|-damage|p1a: Moltres|28/100|[from] move: Magma Storm|[partiallytrapped]
|upkeep
|turn|11
|
|t:|1743869045
|move|p1a: Moltres|Roost|p1a: Moltres
|-heal|p1a: Moltres|78/100
|-singleturn|p1a: Moltres|move: Roost
|move|p2a: Heatran|Magma Storm|p1a: Moltres
|-resisted|p1a: Moltres
|-damage|p1a: Moltres|34/100
|
|-damage|p1a: Moltres|21/100|[from] move: Magma Storm|[partiallytrapped]
|upkeep
|turn|12
|
|t:|1743869051
|move|p1a: Moltres|Roost|p1a: Moltres
|-heal|p1a: Moltres|72/100
|-singleturn|p1a: Moltres|move: Roost
|move|p2a: Heatran|Magma Storm|p1a: Moltres
|-resisted|p1a: Moltres
|-damage|p1a: Moltres|28/100
|
|-damage|p1a: Moltres|16/100|[from] move: Magma Storm|[partiallytrapped]
|upkeep
|turn|13
|
|t:|1743869057
|move|p1a: Moltres|Roost|p1a: Moltres
|-heal|p1a: Moltres|66/100
|-singleturn|p1a: Moltres|move: Roost
|move|p2a: Heatran|Magma Storm|p1a: Moltres
|-resisted|p1a: Moltres
|-damage|p1a: Moltres|21/100
|
|-damage|p1a: Moltres|8/100|[from] move: Magma Storm|[partiallytrapped]
|upkeep
|turn|14
|
|t:|1743869065
|move|p1a: Moltres|Roost|p1a: Moltres
|-heal|p1a: Moltres|58/100
|-singleturn|p1a: Moltres|move: Roost
|move|p2a: Heatran|Magma Storm|p1a: Moltres
|-resisted|p1a: Moltres
|-damage|p1a: Moltres|15/100
|
|-end|p1a: Moltres|Magma Storm|[partiallytrapped]
|upkeep
|turn|15
|
|t:|1743869074
|switch|p2a: Landorus|Landorus-Therian, M|100/100
|-ability|p2a: Landorus|Intimidate|boost
|-unboost|p1a: Moltres|atk|1
|move|p1a: Moltres|Roost|p1a: Moltres
|-heal|p1a: Moltres|65/100
|-singleturn|p1a: Moltres|move: Roost
|
|upkeep
|turn|16
|j| 54 insane rats
|
|t:|1743869084
|switch|p1a: Iron Treads|Iron Treads|100/100
|-damage|p1a: Iron Treads|97/100|[from] Stealth Rock
|-enditem|p1a: Iron Treads|Booster Energy
|-activate|p1a: Iron Treads|ability: Quark Drive|[fromitem]
|-start|p1a: Iron Treads|quarkdrivespe
|move|p2a: Landorus|Stone Edge|p1a: Iron Treads
|-resisted|p1a: Iron Treads
|-damage|p1a: Iron Treads|84/100
|
|upkeep
|turn|17
|
|t:|1743869093
|switch|p2a: Great Tusk|Great Tusk|100/100
|move|p1a: Iron Treads|Rapid Spin|p2a: Great Tusk
|-damage|p2a: Great Tusk|89/100
|-boost|p1a: Iron Treads|spe|1
|-sideend|p1: Peekochu|Stealth Rock|[from] move: Rapid Spin|[of] p1a: Iron Treads
|
|upkeep
|turn|18
|
|t:|1743869097
|-end|p1a: Iron Treads|Quark Drive|[silent]
|switch|p1a: Moltres|Moltres|65/100
|move|p2a: Great Tusk|Headlong Rush|p1a: Moltres
|-immune|p1a: Moltres
|
|upkeep
|turn|19
|
|t:|1743869104
|-end|p2a: Great Tusk|Protosynthesis|[silent]
|switch|p2a: Clodsire|Clodsire, F|64/100
|move|p1a: Moltres|Flamethrower|p2a: Clodsire
|-damage|p2a: Clodsire|43/100
|
|upkeep
|turn|20
|
|t:|1743869107
|move|p1a: Moltres|Will-O-Wisp|p2a: Clodsire
|-status|p2a: Clodsire|brn
|move|p2a: Clodsire|Recover|p2a: Clodsire
|-heal|p2a: Clodsire|93/100 brn
|
|-damage|p2a: Clodsire|86/100 brn|[from] brn
|upkeep
|turn|21
|
|t:|1743869114
|switch|p1a: Slowking|Slowking-Galar, M|100/100
|move|p2a: Clodsire|Stealth Rock|p1a: Slowking
|-sidestart|p1: Peekochu|move: Stealth Rock
|
|-damage|p2a: Clodsire|80/100 brn|[from] brn
|upkeep
|turn|22
|
|t:|1743869125
|switch|p2a: Cinderace|Cinderace, M|100/100
|move|p1a: Slowking|Psychic Noise|p2a: Cinderace
|-damage|p2a: Cinderace|59/100
|-start|p2a: Cinderace|move: Heal Block
|
|upkeep
|turn|23
|
|t:|1743869130
|move|p2a: Cinderace|Pyro Ball|p1a: Slowking
|-damage|p1a: Slowking|7/100
|-prepare|p1a: Slowking|Chilly Reception|[premajor]
|move|p1a: Slowking|Chilly Reception|p1a: Slowking
|-weather|Snowscape
|
|t:|1743869136
|switch|p1a: Moltres|Moltres|65/100|[from] Chilly Reception
|
|-weather|Snowscape|[upkeep]
|-end|p2a: Cinderace|move: Heal Block
|upkeep
|turn|24
|
|t:|1743869143
|switch|p2a: Clodsire|Clodsire, F|80/100 brn
|move|p1a: Moltres|Flamethrower|p2a: Clodsire
|-damage|p2a: Clodsire|61/100 brn
|
|-weather|Snowscape|[upkeep]
|-damage|p2a: Clodsire|55/100 brn|[from] brn
|upkeep
|turn|25
|
|t:|1743869150
|switch|p1a: Iron Treads|Iron Treads|84/100
|-damage|p1a: Iron Treads|81/100|[from] Stealth Rock
|move|p2a: Clodsire|Toxic|p1a: Iron Treads
|-immune|p1a: Iron Treads
|
|-weather|Snowscape|[upkeep]
|-damage|p2a: Clodsire|48/100 brn|[from] brn
|upkeep
|turn|26
|j| lowladderubersnoob
|
|t:|1743869154
|switch|p2a: Great Tusk|Great Tusk|89/100
|move|p1a: Iron Treads|Rapid Spin|p2a: Great Tusk
|-damage|p2a: Great Tusk|78/100
|-boost|p1a: Iron Treads|spe|1
|-sideend|p1: Peekochu|Stealth Rock|[from] move: Rapid Spin|[of] p1a: Iron Treads
|
|-weather|Snowscape|[upkeep]
|upkeep
|turn|27
|
|t:|1743869161
|-end|p2a: Great Tusk|Protosynthesis|[silent]
|switch|p2a: Heatran|Heatran, F|37/100
|move|p1a: Iron Treads|Stealth Rock|p2a: Heatran
|-sidestart|p2: mr.diversity|move: Stealth Rock
|
|-weather|Snowscape|[upkeep]
|upkeep
|turn|28
|
|t:|1743869164
|switch|p2a: Great Tusk|Great Tusk|78/100
|-damage|p2a: Great Tusk|75/100|[from] Stealth Rock
|move|p1a: Iron Treads|Earthquake|p2a: Great Tusk
|-damage|p2a: Great Tusk|41/100
|
|-weather|Snowscape|[upkeep]
|upkeep
|turn|29
|
|t:|1743869169
|-end|p1a: Iron Treads|Quark Drive|[silent]
|switch|p1a: Moltres|Moltres|65/100
|move|p2a: Great Tusk|Rapid Spin|p1a: Moltres
|-damage|p1a: Moltres|53/100
|-boost|p2a: Great Tusk|spe|1
|-sideend|p2: mr.diversity|Stealth Rock|[from] move: Rapid Spin|[of] p2a: Great Tusk
|
|-weather|Snowscape|[upkeep]
|upkeep
|turn|30
|
|t:|1743869174
|-end|p2a: Great Tusk|Protosynthesis|[silent]
|switch|p2a: Clodsire|Clodsire, F|48/100 brn
|move|p1a: Moltres|Roost|p1a: Moltres
|-heal|p1a: Moltres|100/100
|-singleturn|p1a: Moltres|move: Roost
|
|-weather|none
|-damage|p2a: Clodsire|42/100 brn|[from] brn
|upkeep
|turn|31
|
|t:|1743869179
|switch|p1a: Iron Treads|Iron Treads|81/100
|move|p2a: Clodsire|Recover|p2a: Clodsire
|-heal|p2a: Clodsire|92/100 brn
|
|-damage|p2a: Clodsire|86/100 brn|[from] brn
|upkeep
|turn|32
|
|t:|1743869186
|switch|p2a: Landorus|Landorus-Therian, M|100/100
|-ability|p2a: Landorus|Intimidate|boost
|-unboost|p1a: Iron Treads|atk|1
|move|p1a: Iron Treads|Knock Off|p2a: Landorus
|-damage|p2a: Landorus|79/100
|-enditem|p2a: Landorus|Choice Band|[from] move: Knock Off|[of] p1a: Iron Treads
|
|upkeep
|turn|33
|
|t:|1743869190
|-end|p1a: Iron Treads|Quark Drive|[silent]
|switch|p1a: Moltres|Moltres|100/100
|move|p2a: Landorus|Earthquake|p1a: Moltres
|-immune|p1a: Moltres
|
|upkeep
|turn|34
|
|t:|1743869201
|-terastallize|p1a: Moltres|Grass
|move|p2a: Landorus|Earthquake|p1a: Moltres
|-resisted|p1a: Moltres
|-crit|p1a: Moltres
|-damage|p1a: Moltres|70/100
|move|p1a: Moltres|Will-O-Wisp|p2a: Landorus
|-status|p2a: Landorus|brn
|
|-damage|p2a: Landorus|73/100 brn|[from] brn
|upkeep
|turn|35
|
|t:|1743869210
|move|p2a: Landorus|U-turn|p1a: Moltres
|-supereffective|p1a: Moltres
|-damage|p1a: Moltres|50/100
|
|t:|1743869213
|switch|p2a: Armarouge|Armarouge, M|100/100|[from] U-turn
|move|p1a: Moltres|Flamethrower|p2a: Armarouge
|-resisted|p2a: Armarouge
|-damage|p2a: Armarouge|77/100
|
|upkeep
|turn|36
|
|t:|1743869217
|move|p2a: Armarouge|Armor Cannon|p1a: Moltres
|-supereffective|p1a: Moltres
|-damage|p1a: Moltres|0 fnt
|-unboost|p2a: Armarouge|def|1
|-unboost|p2a: Armarouge|spd|1
|faint|p1a: Moltres
|
|upkeep
|
|t:|1743869228
|switch|p1a: Iron Valiant|Iron Valiant|100/100
|-enditem|p1a: Iron Valiant|Booster Energy
|-activate|p1a: Iron Valiant|ability: Quark Drive|[fromitem]
|-start|p1a: Iron Valiant|quarkdrivespe
|turn|37
|
|t:|1743869237
|switch|p2a: Clodsire|Clodsire, F|86/100 brn
|move|p1a: Iron Valiant|Knock Off|p2a: Clodsire
|-damage|p2a: Clodsire|60/100 brn
|
|-damage|p2a: Clodsire|54/100 brn|[from] brn
|upkeep
|turn|38
|
|t:|1743869249
|move|p1a: Iron Valiant|Swords Dance|p1a: Iron Valiant
|-boost|p1a: Iron Valiant|atk|2
|move|p2a: Clodsire|Toxic|p1a: Iron Valiant
|-status|p1a: Iron Valiant|tox
|
|-damage|p1a: Iron Valiant|94/100 tox|[from] psn
|-damage|p2a: Clodsire|48/100 brn|[from] brn
|upkeep
|turn|39
|
|t:|1743869253
|move|p1a: Iron Valiant|Close Combat|p2a: Clodsire
|-resisted|p2a: Clodsire
|-damage|p2a: Clodsire|0 fnt
|-unboost|p1a: Iron Valiant|def|1
|-unboost|p1a: Iron Valiant|spd|1
|faint|p2a: Clodsire
|
|-damage|p1a: Iron Valiant|82/100 tox|[from] psn
|upkeep
|
|t:|1743869260
|switch|p2a: Landorus|Landorus-Therian, M|73/100 brn
|-ability|p2a: Landorus|Intimidate|boost
|-unboost|p1a: Iron Valiant|atk|1
|turn|40
|
|t:|1743869266
|move|p1a: Iron Valiant|Spirit Break|p2a: Landorus
|-damage|p2a: Landorus|11/100 brn
|-unboost|p2a: Landorus|spa|1
|move|p2a: Landorus|Earthquake|p1a: Iron Valiant
|-crit|p1a: Iron Valiant
|-damage|p1a: Iron Valiant|0 fnt
|faint|p1a: Iron Valiant
|-end|p1a: Iron Valiant|Quark Drive|[silent]
|
|-damage|p2a: Landorus|5/100 brn|[from] brn
|upkeep
|
|t:|1743869276
|switch|p1a: Iron Treads|Iron Treads|81/100
|turn|41
|
|t:|1743869283
|move|p1a: Iron Treads|Rapid Spin|p2a: Landorus
|-damage|p2a: Landorus|0 fnt
|-boost|p1a: Iron Treads|spe|1
|faint|p2a: Landorus
|
|upkeep
|
|t:|1743869290
|switch|p2a: Great Tusk|Great Tusk|41/100
|turn|42
|
|t:|1743869295
|move|p1a: Iron Treads|Earthquake|p2a: Great Tusk
|-damage|p2a: Great Tusk|7/100
|move|p2a: Great Tusk|Close Combat|p1a: Iron Treads
|-supereffective|p1a: Iron Treads
|-damage|p1a: Iron Treads|0 fnt
|-unboost|p2a: Great Tusk|def|1
|-unboost|p2a: Great Tusk|spd|1
|faint|p1a: Iron Treads
|-end|p1a: Iron Treads|Quark Drive|[silent]
|
|upkeep
|
|t:|1743869301
|switch|p1a: Kyurem|Kyurem|100/100
|-ability|p1a: Kyurem|Pressure
|turn|43
|
|t:|1743869307
|-end|p2a: Great Tusk|Protosynthesis|[silent]
|switch|p2a: Armarouge|Armarouge, M|77/100
|move|p1a: Kyurem|Earth Power|p2a: Armarouge
|-supereffective|p2a: Armarouge
|-crit|p2a: Armarouge
|-damage|p2a: Armarouge|0 fnt
|faint|p2a: Armarouge
|
|upkeep
|
|t:|1743869309
|switch|p2a: Cinderace|Cinderace, M|59/100
|turn|44
|
|t:|1743869312
|move|p2a: Cinderace|High Jump Kick|p1a: Kyurem
|-start|p2a: Cinderace|typechange|Fighting|[from] ability: Libero
|-supereffective|p1a: Kyurem
|-damage|p1a: Kyurem|0 fnt
|faint|p1a: Kyurem
|
|upkeep
|
|t:|1743869316
|switch|p1a: Slowking|Slowking-Galar, M|40/100
|turn|45
|j| bikingtotop100
|
|t:|1743869320
|move|p2a: Cinderace|High Jump Kick|p1a: Slowking
|-resisted|p1a: Slowking
|-damage|p1a: Slowking|14/100
|move|p1a: Slowking|Psychic Noise|p2a: Cinderace
|-supereffective|p2a: Cinderace
|-crit|p2a: Cinderace
|-damage|p2a: Cinderace|0 fnt
|faint|p2a: Cinderace
|
|upkeep
|
|t:|1743869325
|switch|p2a: Great Tusk|Great Tusk|7/100
|turn|46
|
|t:|1743869328
|-terastallize|p2a: Great Tusk|Ice
|move|p2a: Great Tusk|Ice Spinner|p1a: Slowking
|-damage|p1a: Slowking|0 fnt
|faint|p1a: Slowking
|
|win|mr.diversity
|raw|Peekochu's rating: 1654 &rarr; <strong>1640</strong><br />(-14 for losing)
|raw|mr.diversity's rating: 1754 &rarr; <strong>1768</strong><br />(+14 for winning)
|l|☆mr.diversity
|player|p2|
|l| lowladderubersnoob
|l| bikingtotop100
|l|☆Peekochu
|player|p1|
|l| 54 insane rats
