|j|☆Open666
|j|☆Koto5blue
|t:|1743835440
|gametype|singles
|player|p1|Open666|gambler|1309
|player|p2|Koto5blue|1|1285
|teamsize|p1|6
|teamsize|p2|6
|gen|9
|tier|[Gen 9] OU
|rated|
|rule|HP Percentage Mod: HP is shown in percentages
|rule|Endless Battle Clause: Forcing endless battles is banned
|rule|Species Clause: Limit one of each Pokémon
|rule|OHKO Clause: OHKO moves are banned
|rule|Evasion Items Clause: Evasion items are banned
|rule|Evasion Moves Clause: Evasion moves are banned
|rule|Sleep Moves Clause: Sleep-inducing moves are banned
|clearpoke
|poke|p1|Grimmsnarl, M|
|poke|p1|Ogerpon-Wellspring, F|
|poke|p1|Glimmora, F|
|poke|p1|Dragapult, F|
|poke|p1|Gliscor, M|
|poke|p1|Mimikyu, M|
|poke|p2|Empoleon, M|
|poke|p2|Latias, F|
|poke|p2|Dragonite, F|
|poke|p2|Scizor, F|
|poke|p2|Grimmsnarl, M|
|poke|p2|Ninetales-Alola, M|
|teampreview
|inactive|Battle timer is ON: inactive players will automatically lose when time's up. (requested by Open666)
|
|t:|1743835470
|start
|switch|p1a: Glimmora|Glimmora, F|100/100
|switch|p2a: Ninetales|Ninetales-Alola, M|100/100
|-weather|Snowscape|[from] ability: Snow Warning|[of] p2a: Ninetales
|turn|1
|
|t:|1743835479
|move|p2a: Ninetales|Aurora Veil|p2a: Ninetales
|-sidestart|p2: Koto5blue|move: Aurora Veil
|move|p1a: Glimmora|Meteor Beam||[still]
|-prepare|p1a: Glimmora|Meteor Beam
|-boost|p1a: Glimmora|spa|1
|-enditem|p1a: Glimmora|Power Herb
|-anim|p1a: Glimmora|Meteor Beam|p2a: Ninetales
|-supereffective|p2a: Ninetales
|-damage|p2a: Ninetales|6/100
|
|-weather|Snowscape|[upkeep]
|upkeep
|turn|2
|
|t:|1743835504
|switch|p1a: Grimmsnarl|Grimmsnarl, M|100/100
|move|p2a: Ninetales|Encore||[still]
|-fail|p2a: Ninetales
|
|-weather|Snowscape|[upkeep]
|upkeep
|turn|3
|
|t:|1743835516
|switch|p2a: Empoleon|Empoleon, M|100/100
|move|p1a: Grimmsnarl|Light Screen|p1a: Grimmsnarl
|-sidestart|p1: Open666|move: Light Screen
|
|-weather|Snowscape|[upkeep]
|upkeep
|turn|4
|
|t:|1743835526
|move|p1a: Grimmsnarl|Reflect|p1a: Grimmsnarl
|-sidestart|p1: Open666|Reflect
|move|p2a: Empoleon|Agility|p2a: Empoleon
|-boost|p2a: Empoleon|spe|2
|
|-weather|Snowscape|[upkeep]
|upkeep
|turn|5
|
|t:|1743835533
|move|p1a: Grimmsnarl|Parting Shot|p2a: Empoleon
|-unboost|p2a: Empoleon|atk|1
|-ability|p2a: Empoleon|Competitive|boost
|-boost|p2a: Empoleon|spa|2
|-unboost|p2a: Empoleon|spa|1
|-ability|p2a: Empoleon|Competitive|boost
|-boost|p2a: Empoleon|spa|2
|
|t:|1743835547
|switch|p1a: Ogerpon|Ogerpon-Wellspring, F|100/100|[from] Parting Shot
|move|p2a: Empoleon|Flash Cannon|p1a: Ogerpon
|-resisted|p1a: Ogerpon
|-damage|p1a: Ogerpon|71/100
|
|-weather|none
|upkeep
|turn|6
|
|t:|1743835559
|move|p1a: Ogerpon|Swords Dance|p1a: Ogerpon
|-boost|p1a: Ogerpon|atk|2
|move|p2a: Empoleon|Ice Beam|p1a: Ogerpon
|-damage|p1a: Ogerpon|23/100
|
|upkeep
|turn|7
|
|t:|1743835566
|move|p1a: Ogerpon|Horn Leech|p2a: Empoleon
|-damage|p2a: Empoleon|58/100
|-heal|p1a: Ogerpon|50/100|[from] drain|[of] p2a: Empoleon
|move|p2a: Empoleon|Ice Beam|p1a: Ogerpon
|-crit|p1a: Ogerpon
|-damage|p1a: Ogerpon|0 fnt
|faint|p1a: Ogerpon
|
|upkeep
|inactive|Open666 has 120 seconds left.
|
|t:|1743835597
|switch|p1a: Mimikyu|Mimikyu, M|100/100
|turn|8
|inactive|Open666 has 120 seconds left.
|
|t:|1743835602
|move|p1a: Mimikyu|Substitute|p1a: Mimikyu
|-start|p1a: Mimikyu|Substitute
|-damage|p1a: Mimikyu|75/100
|move|p2a: Empoleon|Flash Cannon|p1a: Mimikyu
|-supereffective|p1a: Mimikyu
|-end|p1a: Mimikyu|Substitute
|
|-sideend|p2: Koto5blue|move: Aurora Veil
|upkeep
|turn|9
|
|t:|1743835611
|move|p1a: Mimikyu|Swords Dance|p1a: Mimikyu
|-boost|p1a: Mimikyu|atk|2
|move|p2a: Empoleon|Flash Cannon|p1a: Mimikyu
|-activate|p1a: Mimikyu|ability: Disguise
|-damage|p1a: Mimikyu|75/100
|detailschange|p1a: Mimikyu|Mimikyu-Busted, M
|-damage|p1a: Mimikyu|63/100|[from] pokemon: Mimikyu-Busted
|
|upkeep
|turn|10
|
|t:|1743835621
|move|p1a: Mimikyu|Drain Punch|p2a: Empoleon
|-supereffective|p2a: Empoleon
|-damage|p2a: Empoleon|0 fnt
|-heal|p1a: Mimikyu|100/100|[from] drain|[of] p2a: Empoleon
|faint|p2a: Empoleon
|
|-sideend|p1: Open666|move: Light Screen
|upkeep
|
|t:|1743835627
|switch|p2a: Grimmsnarl|Grimmsnarl, M|100/100
|turn|11
|
|t:|1743835641
|move|p2a: Grimmsnarl|Reflect|p2a: Grimmsnarl
|-sidestart|p2: Koto5blue|Reflect
|move|p1a: Mimikyu|Substitute|p1a: Mimikyu
|-start|p1a: Mimikyu|Substitute
|-damage|p1a: Mimikyu|75/100
|
|-sideend|p1: Open666|Reflect
|upkeep
|turn|12
|
|t:|1743835647
|move|p2a: Grimmsnarl|Taunt|p1a: Mimikyu
|-start|p1a: Mimikyu|move: Taunt
|cant|p1a: Mimikyu|move: Taunt|Swords Dance
|
|upkeep
|turn|13
|
|t:|1743835655
|switch|p2a: Scizor|Scizor, F|100/100
|move|p1a: Mimikyu|Play Rough|p2a: Scizor
|-resisted|p2a: Scizor
|-damage|p2a: Scizor|80/100
|
|upkeep
|turn|14
|
|t:|1743835667
|move|p1a: Mimikyu|Drain Punch|p2a: Scizor
|-damage|p2a: Scizor|58/100
|-heal|p1a: Mimikyu|89/100|[from] drain|[of] p2a: Scizor
|move|p2a: Scizor|Swords Dance|p2a: Scizor
|-boost|p2a: Scizor|atk|2
|
|-end|p1a: Mimikyu|move: Taunt
|upkeep
|turn|15
|
|t:|1743835685
|move|p2a: Scizor|Bullet Punch|p1a: Mimikyu
|-supereffective|p1a: Mimikyu
|-end|p1a: Mimikyu|Substitute
|move|p1a: Mimikyu|Substitute|p1a: Mimikyu
|-start|p1a: Mimikyu|Substitute
|-damage|p1a: Mimikyu|64/100
|
|upkeep
|turn|16
|
|t:|1743835697
|move|p2a: Scizor|Bullet Punch|p1a: Mimikyu
|-supereffective|p1a: Mimikyu
|-end|p1a: Mimikyu|Substitute
|move|p1a: Mimikyu|Substitute|p1a: Mimikyu
|-start|p1a: Mimikyu|Substitute
|-damage|p1a: Mimikyu|39/100
|
|upkeep
|turn|17
|inactive|Open666 has 120 seconds left.
|
|t:|1743835732
|move|p2a: Scizor|Bullet Punch|p1a: Mimikyu
|-supereffective|p1a: Mimikyu
|-end|p1a: Mimikyu|Substitute
|move|p1a: Mimikyu|Drain Punch|p2a: Scizor
|-damage|p2a: Scizor|35/100
|-heal|p1a: Mimikyu|53/100|[from] drain|[of] p2a: Scizor
|
|upkeep
|turn|18
|inactive|Open666 has 120 seconds left.
|
|t:|1743835741
|move|p2a: Scizor|Bullet Punch|p1a: Mimikyu
|-supereffective|p1a: Mimikyu
|-damage|p1a: Mimikyu|0 fnt
|-damage|p2a: Scizor|19/100|[from] item: Rocky Helmet|[of] p1a: Mimikyu
|faint|p1a: Mimikyu
|
|-sideend|p2: Koto5blue|Reflect
|upkeep
|inactive|Open666 has 120 seconds left.
|
|t:|1743835762
|switch|p1a: Gliscor|Gliscor, M|100/100
|turn|19
|
|t:|1743835770
|move|p2a: Scizor|Bullet Punch|p1a: Gliscor
|-damage|p1a: Gliscor|47/100
|move|p1a: Gliscor|Earthquake|p2a: Scizor
|-damage|p2a: Scizor|0 fnt
|faint|p2a: Scizor
|
|-status|p1a: Gliscor|tox|[from] item: Toxic Orb
|upkeep
|
|t:|1743835773
|switch|p2a: Ninetales|Ninetales-Alola, M|6/100
|-weather|Snowscape|[from] ability: Snow Warning|[of] p2a: Ninetales
|turn|20
|inactive|Open666 has 120 seconds left.
|
|t:|1743835796
|switch|p1a: Grimmsnarl|Grimmsnarl, M|100/100
|move|p2a: Ninetales|Aurora Veil|p2a: Ninetales
|-sidestart|p2: Koto5blue|move: Aurora Veil
|
|-weather|Snowscape|[upkeep]
|upkeep
|turn|21
|
|t:|1743835802
|switch|p2a: Dragonite|Dragonite, F|100/100
|move|p1a: Grimmsnarl|Light Screen|p1a: Grimmsnarl
|-sidestart|p1: Open666|move: Light Screen
|
|-weather|Snowscape|[upkeep]
|upkeep
|turn|22
|
|t:|1743835809
|move|p1a: Grimmsnarl|Reflect|p1a: Grimmsnarl
|-sidestart|p1: Open666|Reflect
|move|p2a: Dragonite|Dragon Dance|p2a: Dragonite
|-boost|p2a: Dragonite|atk|1
|-boost|p2a: Dragonite|spe|1
|
|-weather|Snowscape|[upkeep]
|upkeep
|turn|23
|inactive|Open666 has 120 seconds left.
|
|t:|1743835816
|move|p2a: Dragonite|Dragon Dance|p2a: Dragonite
|-boost|p2a: Dragonite|atk|1
|-boost|p2a: Dragonite|spe|1
|move|p1a: Grimmsnarl|Spirit Break|p2a: Dragonite
|-supereffective|p2a: Dragonite
|-damage|p2a: Dragonite|68/100
|-unboost|p2a: Dragonite|spa|1
|-enditem|p2a: Dragonite|Weakness Policy
|-boost|p2a: Dragonite|atk|2|[from] item: Weakness Policy
|-boost|p2a: Dragonite|spa|2|[from] item: Weakness Policy
|
|-weather|Snowscape|[upkeep]
|upkeep
|turn|24
|inactive|Open666 has 120 seconds left.
|
|t:|1743835829
|-terastallize|p2a: Dragonite|Normal
|move|p2a: Dragonite|Extreme Speed|p1a: Grimmsnarl
|-damage|p1a: Grimmsnarl|40/100
|move|p1a: Grimmsnarl|Spirit Break|p2a: Dragonite
|-damage|p2a: Dragonite|51/100
|-unboost|p2a: Dragonite|spa|1
|
|-weather|none
|upkeep
|turn|25
|inactive|Open666 has 120 seconds left.
|
|t:|1743835843
|move|p2a: Dragonite|Extreme Speed|p1a: Grimmsnarl
|-damage|p1a: Grimmsnarl|0 fnt
|faint|p1a: Grimmsnarl
|
|upkeep
|inactive|Open666 has 120 seconds left.
|
|t:|1743835856
|switch|p1a: Gliscor|Gliscor, M|47/100 tox
|turn|26
|
|t:|1743835859
|move|p1a: Gliscor|Protect|p1a: Gliscor
|-singleturn|p1a: Gliscor|Protect
|move|p2a: Dragonite|Ice Spinner|p1a: Gliscor
|-activate|p1a: Gliscor|move: Protect
|
|-heal|p1a: Gliscor|60/100 tox|[from] ability: Poison Heal
|upkeep
|turn|27
|inactive|Open666 has 120 seconds left.
|
|t:|1743835877
|move|p1a: Gliscor|Protect||[still]
|-fail|p1a: Gliscor
|move|p2a: Dragonite|Ice Spinner|p1a: Gliscor
|-supereffective|p1a: Gliscor
|-damage|p1a: Gliscor|0 fnt
|faint|p1a: Gliscor
|
|-sideend|p2: Koto5blue|move: Aurora Veil
|upkeep
|inactive|Open666 has 120 seconds left.
|
|t:|1743835900
|switch|p1a: Glimmora|Glimmora, F|100/100
|turn|28
|
|t:|1743835916
|move|p2a: Dragonite|Ice Spinner|p1a: Glimmora
|-damage|p1a: Glimmora|45/100
|-activate|p1a: Glimmora|ability: Toxic Debris
|-sidestart|p2: Koto5blue|move: Toxic Spikes
|move|p1a: Glimmora|Mortal Spin|p2a: Dragonite
|-damage|p2a: Dragonite|44/100
|-status|p2a: Dragonite|psn
|
|-damage|p2a: Dragonite|32/100 psn|[from] psn
|-sideend|p1: Open666|move: Light Screen
|upkeep
|turn|29
|
|t:|1743835928
|move|p2a: Dragonite|Extreme Speed|p1a: Glimmora
|-resisted|p1a: Glimmora
|-damage|p1a: Glimmora|0 fnt
|-activate|p1a: Glimmora|ability: Toxic Debris
|-sidestart|p2: Koto5blue|move: Toxic Spikes
|faint|p1a: Glimmora
|
|-damage|p2a: Dragonite|19/100 psn|[from] psn
|-sideend|p1: Open666|Reflect
|upkeep
|
|t:|1743835938
|switch|p1a: Dragapult|Dragapult, F|100/100
|turn|30
|
|t:|1743835947
|move|p1a: Dragapult|Sucker Punch|p2a: Dragonite
|-damage|p2a: Dragonite|0 fnt
|faint|p2a: Dragonite
|
|upkeep
|
|t:|1743835952
|switch|p2a: Ninetales|Ninetales-Alola, M|6/100
|-status|p2a: Ninetales|tox
|-weather|Snowscape|[from] ability: Snow Warning|[of] p2a: Ninetales
|turn|31
|
|t:|1743835962
|move|p1a: Dragapult|Dragon Dance|p1a: Dragapult
|-boost|p1a: Dragapult|atk|1
|-boost|p1a: Dragapult|spe|1
|move|p2a: Ninetales|Moonblast|p1a: Dragapult
|-supereffective|p1a: Dragapult
|-damage|p1a: Dragapult|24/100
|
|-weather|Snowscape|[upkeep]
|-damage|p2a: Ninetales|0 fnt|[from] psn
|faint|p2a: Ninetales
|upkeep
|
|t:|1743835966
|switch|p2a: Grimmsnarl|Grimmsnarl, M|100/100
|-status|p2a: Grimmsnarl|tox
|turn|32
|inactive|Open666 has 120 seconds left.
|
|t:|1743835978
|move|p1a: Dragapult|Sucker Punch||[still]
|-fail|p1a: Dragapult
|move|p2a: Grimmsnarl|Reflect|p2a: Grimmsnarl
|-sidestart|p2: Koto5blue|Reflect
|
|-weather|Snowscape|[upkeep]
|-damage|p2a: Grimmsnarl|94/100 tox|[from] psn
|upkeep
|turn|33
|
|t:|1743835985
|move|p1a: Dragapult|Sucker Punch|p2a: Grimmsnarl
|-resisted|p2a: Grimmsnarl
|-damage|p2a: Grimmsnarl|83/100 tox
|move|p2a: Grimmsnarl|Spirit Break|p1a: Dragapult
|-supereffective|p1a: Dragapult
|-damage|p1a: Dragapult|0 fnt
|faint|p1a: Dragapult
|
|win|Koto5blue
|raw|Open666's rating: 1309 &rarr; <strong>1288</strong><br />(-21 for losing)
|raw|Koto5blue's rating: 1285 &rarr; <strong>1312</strong><br />(+27 for winning)
|l|☆Koto5blue
|player|p2|
|l|☆Open666
|player|p1|
