|j|☆mamabama
|j|☆metakill4r
|t:|1743924593
|gametype|singles
|player|p1|mamabama|brycenman|1502
|player|p2|metakill4r|boarder|1555
|teamsize|p1|6
|teamsize|p2|6
|gen|9
|tier|[Gen 9] OU
|rated|
|rule|HP Percentage Mod: HP is shown in percentages
|rule|Endless Battle Clause: Forcing endless battles is banned
|rule|Species Clause: Limit one of each Pokémon
|rule|OHKO Clause: OHKO moves are banned
|rule|Evasion Items Clause: Evasion items are banned
|rule|Evasion Moves Clause: Evasion moves are banned
|rule|Sleep Moves Clause: Sleep-inducing moves are banned
|clearpoke
|poke|p1|Cinderace, M|
|poke|p1|Meowscarada, F|
|poke|p1|Magnezone|
|poke|p1|Sandy Shocks|
|poke|p1|Gliscor, M|
|poke|p1|Slowking-Galar, F|
|poke|p2|Landorus-Therian, M|
|poke|p2|Talonflame, M|
|poke|p2|Kyurem|
|poke|p2|Slowking-Galar, M|
|poke|p2|Scizor, F|
|poke|p2|Darkrai|
|teampreview
|j| frindlebabbin
|
|t:|1743924645
|start
|switch|p1a: Furry|Cinderace, M|100/100
|switch|p2a: Landorus|Landorus-Therian, M|100/100
|-ability|p2a: Landorus|Intimidate|boost
|-unboost|p1a: Furry|atk|1
|turn|1
|l| frindlebabbin
|
|t:|1743924663
|move|p1a: Furry|U-turn|p2a: Landorus
|-start|p1a: Furry|typechange|Bug|[from] ability: Libero
|-resisted|p2a: Landorus
|-damage|p2a: Landorus|90/100
|-damage|p1a: Furry|84/100|[from] item: Rocky Helmet|[of] p2a: Landorus
|
|t:|1743924666
|switch|p1a: Gli Gli|Gliscor, M|100/100|[from] U-turn
|move|p2a: Landorus|Stealth Rock|p1a: Gli Gli
|-sidestart|p1: mamabama|move: Stealth Rock
|
|-status|p1a: Gli Gli|tox|[from] item: Toxic Orb
|upkeep
|turn|2
|
|t:|1743924678
|move|p2a: Landorus|Taunt|p1a: Gli Gli
|-start|p1a: Gli Gli|move: Taunt
|cant|p1a: Gli Gli|move: Taunt|Toxic
|
|upkeep
|turn|3
|
|t:|1743924685
|move|p2a: Landorus|U-turn|p1a: Gli Gli
|-resisted|p1a: Gli Gli
|-damage|p1a: Gli Gli|94/100 tox
|
|t:|1743924700
|switch|p2a: Darkrai|Darkrai|100/100|[from] U-turn
|move|p1a: Gli Gli|U-turn|p2a: Darkrai
|-supereffective|p2a: Darkrai
|-damage|p2a: Darkrai|56/100
|
|t:|1743924711
|switch|p1a: Kanye|Magnezone|100/100|[from] U-turn
|-damage|p1a: Kanye|94/100|[from] Stealth Rock
|
|upkeep
|turn|4
|
|t:|1743924716
|switch|p2a: Slowking|Slowking-Galar, M|100/100
|move|p1a: Kanye|Flash Cannon|p2a: Slowking
|-damage|p2a: Slowking|57/100
|
|upkeep
|turn|5
|
|t:|1743924720
|move|p1a: Kanye|Flash Cannon|p2a: Slowking
|-damage|p2a: Slowking|25/100
|move|p2a: Slowking|Flamethrower|p1a: Kanye
|-supereffective|p1a: Kanye
|-damage|p1a: Kanye|28/100
|
|upkeep
|turn|6
|
|t:|1743924731
|move|p1a: Kanye|Flash Cannon|p2a: Slowking
|-damage|p2a: Slowking|0 fnt
|faint|p2a: Slowking
|
|upkeep
|
|t:|1743924740
|switch|p2a: Talonflame|Talonflame, M|100/100
|turn|7
|
|t:|1743924743
|move|p2a: Talonflame|Flamethrower|p1a: Kanye
|-supereffective|p1a: Kanye
|-damage|p1a: Kanye|0 fnt
|faint|p1a: Kanye
|
|upkeep
|
|t:|1743924746
|switch|p1a: FerroShocks|Sandy Shocks|100/100
|-damage|p1a: FerroShocks|94/100|[from] Stealth Rock
|turn|8
|
|t:|1743924752
|switch|p2a: Landorus|Landorus-Therian, M|90/100
|-ability|p2a: Landorus|Intimidate|boost
|-unboost|p1a: FerroShocks|atk|1
|-terastallize|p1a: FerroShocks|Ice
|move|p1a: FerroShocks|Tera Blast|p2a: Landorus|[anim] Tera Blast Ice
|-supereffective|p2a: Landorus
|-damage|p2a: Landorus|0 fnt
|faint|p2a: Landorus
|
|upkeep
|
|t:|1743924759
|switch|p2a: Scizor|Scizor, F|100/100
|turn|9
|
|t:|1743924763
|-end|p1a: FerroShocks|Protosynthesis|[silent]
|switch|p1a: Gli Gli|Gliscor, M|94/100 tox
|-damage|p1a: Gli Gli|82/100 tox|[from] Stealth Rock
|move|p2a: Scizor|Bullet Punch|p1a: Gli Gli
|-damage|p1a: Gli Gli|49/100 tox
|
|-heal|p1a: Gli Gli|61/100 tox|[from] ability: Poison Heal
|upkeep
|turn|10
|
|t:|1743924772
|move|p2a: Scizor|Bullet Punch|p1a: Gli Gli
|-damage|p1a: Gli Gli|27/100 tox
|move|p1a: Gli Gli|Toxic|p2a: Scizor
|-immune|p2a: Scizor
|
|-heal|p1a: Gli Gli|39/100 tox|[from] ability: Poison Heal
|upkeep
|turn|11
|
|t:|1743924777
|switch|p2a: Gucci Mane|Kyurem|100/100
|-ability|p2a: Gucci Mane|Pressure
|move|p1a: Gli Gli|Protect||[still]
|-fail|p1a: Gli Gli
|
|-heal|p1a: Gli Gli|52/100 tox|[from] ability: Poison Heal
|upkeep
|turn|12
|
|t:|1743924781
|switch|p1a: Queen|Slowking-Galar, F|100/100
|-damage|p1a: Queen|88/100|[from] Stealth Rock
|move|p2a: Gucci Mane|Dragon Dance|p2a: Gucci Mane
|-boost|p2a: Gucci Mane|atk|1
|-boost|p2a: Gucci Mane|spe|1
|
|-heal|p1a: Queen|94/100|[from] item: Leftovers
|upkeep
|turn|13
|
|t:|1743924786
|-terastallize|p2a: Gucci Mane|Ice
|move|p2a: Gucci Mane|Icicle Spear|p1a: Queen
|-damage|p1a: Queen|67/100
|-damage|p1a: Queen|40/100
|-damage|p1a: Queen|16/100
|-damage|p1a: Queen|0 fnt
|faint|p1a: Queen
|-hitcount|p1: Queen|4
|
|upkeep
|
|t:|1743924793
|switch|p1a: Furry 2.0|Meowscarada, F|100/100
|-damage|p1a: Furry 2.0|88/100|[from] Stealth Rock
|turn|14
|
|t:|1743924798
|move|p1a: Furry 2.0|Knock Off|p2a: Gucci Mane
|-start|p1a: Furry 2.0|typechange|Dark|[from] ability: Protean
|-damage|p2a: Gucci Mane|50/100
|-enditem|p2a: Gucci Mane|Loaded Dice|[from] move: Knock Off|[of] p1a: Furry 2.0
|move|p2a: Gucci Mane|Icicle Spear|p1a: Furry 2.0
|-damage|p1a: Furry 2.0|49/100
|-damage|p1a: Furry 2.0|12/100
|-damage|p1a: Furry 2.0|0 fnt
|faint|p1a: Furry 2.0
|-hitcount|p1: Furry 2.0|3
|
|upkeep
|
|t:|1743924807
|switch|p1a: FerroShocks|Sandy Shocks, tera:Ice|94/100
|-damage|p1a: FerroShocks|70/100|[from] Stealth Rock
|turn|15
|
|t:|1743924819
|move|p1a: FerroShocks|Volt Switch|p2a: Gucci Mane
|-damage|p2a: Gucci Mane|20/100
|
|t:|1743924821
|-end|p1a: FerroShocks|Protosynthesis|[silent]
|switch|p1a: Gli Gli|Gliscor, M|52/100 tox|[from] Volt Switch
|-damage|p1a: Gli Gli|39/100 tox|[from] Stealth Rock
|move|p2a: Gucci Mane|Earth Power|p1a: Gli Gli
|-immune|p1a: Gli Gli
|
|-heal|p1a: Gli Gli|52/100 tox|[from] ability: Poison Heal
|upkeep
|turn|16
|
|t:|1743924826
|move|p2a: Gucci Mane|Icicle Spear|p1a: Gli Gli
|-supereffective|p1a: Gli Gli
|-damage|p1a: Gli Gli|0 fnt
|faint|p1a: Gli Gli
|-hitcount|p1: Gli Gli|1
|
|upkeep
|
|t:|1743924830
|switch|p1a: FerroShocks|Sandy Shocks, tera:Ice|70/100
|-damage|p1a: FerroShocks|45/100|[from] Stealth Rock
|turn|17
|
|t:|1743924834
|move|p1a: FerroShocks|Volt Switch|p2a: Gucci Mane
|-damage|p2a: Gucci Mane|0 fnt
|faint|p2a: Gucci Mane
|
|t:|1743924837
|-end|p1a: FerroShocks|Protosynthesis|[silent]
|switch|p1a: Furry|Cinderace, M|84/100|[from] Volt Switch
|
|upkeep
|
|t:|1743924840
|switch|p2a: Darkrai|Darkrai|56/100
|turn|18
|
|t:|1743924843
|move|p2a: Darkrai|Dark Pulse|p1a: Furry
|-damage|p1a: Furry|18/100
|cant|p1a: Furry|flinch
|
|upkeep
|turn|19
|-message|mamabama forfeited.
|
|win|metakill4r
|raw|mamabama's rating: 1502 &rarr; <strong>1485</strong><br />(-17 for losing)
|raw|metakill4r's rating: 1555 &rarr; <strong>1572</strong><br />(+17 for winning)
|l|☆mamabama
|player|p1|
|l|☆metakill4r
|player|p2|
|j| LoodewhX
|l| LoodewhX
