|j|☆No_OverUsed?
|j|☆Ill Leave
|t:|1743802695
|gametype|singles
|player|p1|No_OverUsed?|marlon|1663
|player|p2|Ill Leave|li|1653
|teamsize|p1|6
|teamsize|p2|6
|gen|9
|tier|[Gen 9] OU
|rated|
|rule|HP Percentage Mod: HP is shown in percentages
|rule|Endless Battle Clause: Forcing endless battles is banned
|rule|Species Clause: Limit one of each Pokémon
|rule|OHKO Clause: OHKO moves are banned
|rule|Evasion Items Clause: Evasion items are banned
|rule|Evasion Moves Clause: Evasion moves are banned
|rule|Sleep Moves Clause: Sleep-inducing moves are banned
|clearpoke
|poke|p1|Scizor, M|
|poke|p1|Thundurus-Therian, M|
|poke|p1|Reuniclus, M|
|poke|p1|Decidueye-Hisui, M|
|poke|p1|Incineroar, M|
|poke|p1|Keldeo-Resolute|
|poke|p2|Ursaluna, F|
|poke|p2|Alomomola, F|
|poke|p2|Skarmory, M|
|poke|p2|Heatran, F|
|poke|p2|Garganacl, F|
|poke|p2|Mandibuzz, F|
|teampreview
|
|t:|1743802720
|start
|switch|p1a: VGC|Incineroar, M|100/100
|switch|p2a: Alomomola|Alomomola, F|100/100
|-ability|p1a: VGC|Intimidate|boost
|-unboost|p2a: Alomomola|atk|1
|turn|1
|
|t:|1743802725
|move|p1a: VGC|Knock Off|p2a: Alomomola
|-damage|p2a: Alomomola|78/100
|-enditem|p2a: Alomomola|Heavy-Duty Boots|[from] move: Knock Off|[of] p1a: VGC
|move|p2a: Alomomola|Scald|p1a: VGC
|-supereffective|p1a: VGC
|-damage|p1a: VGC|81/100
|
|-heal|p1a: VGC|87/100|[from] item: Leftovers
|upkeep
|turn|2
|
|t:|1743802729
|move|p1a: VGC|Will-O-Wisp|p2a: Alomomola
|-status|p2a: Alomomola|brn
|move|p2a: Alomomola|Scald|p1a: VGC
|-supereffective|p1a: VGC
|-damage|p1a: VGC|67/100
|
|-heal|p1a: VGC|73/100|[from] item: Leftovers
|-damage|p2a: Alomomola|71/100 brn|[from] brn
|upkeep
|turn|3
|
|t:|1743802735
|move|p1a: VGC|Knock Off|p2a: Alomomola
|-damage|p2a: Alomomola|55/100 brn
|move|p2a: Alomomola|Flip Turn|p1a: VGC
|-supereffective|p1a: VGC
|-damage|p1a: VGC|63/100
|
|t:|1743802737
|switch|p2a: Heatran|Heatran, F|100/100|[from] Flip Turn
|
|-heal|p1a: VGC|69/100|[from] item: Leftovers
|upkeep
|turn|4
|inactive|Battle timer is ON: inactive players will automatically lose when time's up. (requested by No_OverUsed?)
|
|t:|1743802741
|move|p2a: Heatran|Stealth Rock|p1a: VGC
|-sidestart|p1: No_OverUsed?|move: Stealth Rock
|move|p1a: VGC|Knock Off|p2a: Heatran
|-damage|p2a: Heatran|70/100
|-enditem|p2a: Heatran|Leftovers|[from] move: Knock Off|[of] p1a: VGC
|
|-heal|p1a: VGC|75/100|[from] item: Leftovers
|upkeep
|turn|5
|
|t:|1743802746
|move|p2a: Heatran|Earth Power|p1a: VGC
|-supereffective|p1a: VGC
|-damage|p1a: VGC|41/100
|move|p1a: VGC|Parting Shot|p2a: Heatran
|-unboost|p2a: Heatran|atk|1
|-unboost|p2a: Heatran|spa|1
|
|t:|1743802749
|switch|p1a: Guts|Keldeo-Resolute|100/100|[from] Parting Shot
|-damage|p1a: Guts|94/100|[from] Stealth Rock
|
|upkeep
|turn|6
|j| AzovSTALL
|j| crowv2
|
|t:|1743802754
|switch|p2a: Mandibuzz|Mandibuzz, F|100/100
|move|p1a: Guts|Secret Sword|p2a: Mandibuzz
|-damage|p2a: Mandibuzz|63/100
|
|upkeep
|turn|7
|
|t:|1743802760
|switch|p1a: Hawkeye|Decidueye-Hisui, M, shiny|100/100
|-damage|p1a: Hawkeye|94/100|[from] Stealth Rock
|move|p2a: Mandibuzz|Roost|p2a: Mandibuzz
|-heal|p2a: Mandibuzz|100/100
|-singleturn|p2a: Mandibuzz|move: Roost
|
|upkeep
|turn|8
|
|t:|1743802764
|switch|p2a: Skarmory|Skarmory, M|100/100
|move|p1a: Hawkeye|Defog|p2a: Skarmory
|-unboost|p2a: Skarmory|evasion|1
|-sideend|p1: No_OverUsed?|Stealth Rock|[from] move: Defog|[of] p1a: Hawkeye
|
|upkeep
|turn|9
|
|t:|1743802772
|switch|p1a: Amber|Scizor, M, shiny|100/100
|move|p2a: Skarmory|Spikes|p1a: Amber
|-sidestart|p1: No_OverUsed?|Spikes
|
|upkeep
|turn|10
|
|t:|1743802777
|move|p1a: Amber|Knock Off|p2a: Skarmory
|-damage|p2a: Skarmory|66/100
|-damage|p1a: Amber|84/100|[from] item: Rocky Helmet|[of] p2a: Skarmory
|-enditem|p2a: Skarmory|Rocky Helmet|[from] move: Knock Off|[of] p1a: Amber
|move|p2a: Skarmory|Spikes|p1a: Amber
|-sidestart|p1: No_OverUsed?|Spikes
|
|upkeep
|turn|11
|
|t:|1743802782
|switch|p1a: Hawkeye|Decidueye-Hisui, M, shiny|94/100
|-damage|p1a: Hawkeye|78/100|[from] Spikes
|move|p2a: Skarmory|Spikes|p1a: Hawkeye
|-sidestart|p1: No_OverUsed?|Spikes
|
|upkeep
|turn|12
|
|t:|1743802788
|move|p2a: Skarmory|Brave Bird|p1a: Hawkeye
|-supereffective|p1a: Hawkeye
|-damage|p1a: Hawkeye|0 fnt
|-damage|p2a: Skarmory|50/100|[from] item: Rocky Helmet|[of] p1a: Hawkeye
|faint|p1a: Hawkeye
|-damage|p2a: Skarmory|21/100|[from] Recoil
|
|upkeep
|
|t:|1743802797
|switch|p1a: Zeus|Thundurus-Therian, M|100/100
|turn|13
|
|t:|1743802806
|switch|p2a: Garganacl|Garganacl, F|100/100
|move|p1a: Zeus|Volt Switch|p2a: Garganacl
|-damage|p2a: Garganacl|73/100
|
|t:|1743802811
|switch|p1a: VGC|Incineroar, M|41/100|[from] Volt Switch
|-damage|p1a: VGC|17/100|[from] Spikes
|-ability|p1a: VGC|Intimidate|boost
|-unboost|p2a: Garganacl|atk|1
|
|-heal|p1a: VGC|23/100|[from] item: Leftovers
|-heal|p2a: Garganacl|79/100|[from] item: Leftovers
|upkeep
|turn|14
|
|t:|1743802818
|switch|p2a: Heatran|Heatran, F|70/100
|move|p1a: VGC|Knock Off|p2a: Heatran
|-damage|p2a: Heatran|47/100
|
|-heal|p1a: VGC|29/100|[from] item: Leftovers
|upkeep
|turn|15
|
|t:|1743802822
|switch|p1a: Genosis|Reuniclus, M, shiny|100/100
|-damage|p1a: Genosis|76/100|[from] Spikes
|move|p2a: Heatran|Stealth Rock|p1a: Genosis
|-sidestart|p1: No_OverUsed?|move: Stealth Rock
|
|upkeep
|turn|16
|
|t:|1743802827
|switch|p2a: Mandibuzz|Mandibuzz, F|100/100
|move|p1a: Genosis|Focus Blast|p2a: Mandibuzz
|-damage|p2a: Mandibuzz|71/100
|-unboost|p2a: Mandibuzz|spd|1
|
|upkeep
|turn|17
|
|t:|1743802838
|switch|p1a: VGC|Incineroar, M|29/100
|-damage|p1a: VGC|4/100|[from] Spikes
|-damage|p1a: VGC|0 fnt|[from] Stealth Rock
|faint|p1a: VGC
|move|p2a: Mandibuzz|Knock Off|p1: VGC|[notarget]
|-fail|p2a: Mandibuzz
|
|upkeep
|
|t:|1743802841
|switch|p1a: Zeus|Thundurus-Therian, M|100/100
|-damage|p1a: Zeus|76/100|[from] Stealth Rock
|turn|18
|
|t:|1743802848
|switch|p2a: Skarmory|Skarmory, M|21/100
|move|p1a: Zeus|Grass Knot|p2a: Skarmory
|-resisted|p2a: Skarmory
|-damage|p2a: Skarmory|9/100
|
|upkeep
|turn|19
|
|t:|1743802855
|switch|p2a: Heatran|Heatran, F|47/100
|move|p1a: Zeus|Grass Knot|p2a: Heatran
|-resisted|p2a: Heatran
|-damage|p2a: Heatran|40/100
|
|upkeep
|turn|20
|
|t:|1743802862
|switch|p1a: Genosis|Reuniclus, M, shiny|100/100
|-damage|p1a: Genosis|76/100|[from] Spikes
|-damage|p1a: Genosis|63/100|[from] Stealth Rock
|move|p2a: Heatran|Magma Storm|p1a: Genosis
|-damage|p1a: Genosis|42/100
|-activate|p1a: Genosis|move: Magma Storm|[of] p2a: Heatran
|
|-damage|p1a: Genosis|30/100|[from] move: Magma Storm|[partiallytrapped]
|upkeep
|turn|21
|c| AzovSTALL|ggs hazards
|
|t:|1743802867
|move|p2a: Heatran|Earth Power|p1a: Genosis
|-crit|p1a: Genosis
|-damage|p1a: Genosis|11/100
|move|p1a: Genosis|Focus Blast|p2a: Heatran
|-supereffective|p2a: Heatran
|-damage|p2a: Heatran|0 fnt
|faint|p2a: Heatran
|
|-end|p1a: Genosis|Magma Storm|[partiallytrapped]|[silent]
|upkeep
|c|☆Ill Leave|yh
|c|☆Ill Leave|tough mu for u
|c|☆Ill Leave|gg
|
|t:|1743802883
|switch|p2a: Mandibuzz|Mandibuzz, F|71/100
|turn|22
|
|t:|1743802889
|switch|p1a: Guts|Keldeo-Resolute|94/100
|-damage|p1a: Guts|70/100|[from] Spikes
|-damage|p1a: Guts|63/100|[from] Stealth Rock
|move|p2a: Mandibuzz|Knock Off|p1a: Guts
|-resisted|p1a: Guts
|-damage|p1a: Guts|50/100
|-ability|p1a: Guts|Justified|boost
|-boost|p1a: Guts|atk|1
|-enditem|p1a: Guts|Choice Specs|[from] move: Knock Off|[of] p2a: Mandibuzz
|
|upkeep
|turn|23
|
|t:|1743802893
|move|p1a: Guts|Surf|p2a: Mandibuzz
|-damage|p2a: Mandibuzz|35/100
|move|p2a: Mandibuzz|Roost|p2a: Mandibuzz
|-heal|p2a: Mandibuzz|85/100
|-singleturn|p2a: Mandibuzz|move: Roost
|
|upkeep
|turn|24
|
|t:|1743802897
|move|p1a: Guts|Surf|p2a: Mandibuzz
|-damage|p2a: Mandibuzz|43/100
|move|p2a: Mandibuzz|Foul Play|p1a: Guts
|-resisted|p1a: Guts
|-damage|p1a: Guts|31/100
|-ability|p1a: Guts|Justified|boost
|-boost|p1a: Guts|atk|1
|
|upkeep
|turn|25
|
|t:|1743802901
|move|p1a: Guts|Surf|p2a: Mandibuzz
|-damage|p2a: Mandibuzz|5/100
|move|p2a: Mandibuzz|Roost|p2a: Mandibuzz
|-heal|p2a: Mandibuzz|56/100
|-singleturn|p2a: Mandibuzz|move: Roost
|
|upkeep
|turn|26
|
|t:|1743802905
|move|p1a: Guts|Surf|p2a: Mandibuzz
|-damage|p2a: Mandibuzz|16/100
|move|p2a: Mandibuzz|Roost|p2a: Mandibuzz
|-heal|p2a: Mandibuzz|66/100
|-singleturn|p2a: Mandibuzz|move: Roost
|
|upkeep
|turn|27
|
|t:|1743802907
|move|p1a: Guts|Surf|p2a: Mandibuzz
|-damage|p2a: Mandibuzz|25/100
|move|p2a: Mandibuzz|Roost|p2a: Mandibuzz
|-heal|p2a: Mandibuzz|75/100
|-singleturn|p2a: Mandibuzz|move: Roost
|
|upkeep
|turn|28
|
|t:|1743802911
|move|p1a: Guts|Surf|p2a: Mandibuzz
|-damage|p2a: Mandibuzz|35/100
|move|p2a: Mandibuzz|Roost|p2a: Mandibuzz
|-heal|p2a: Mandibuzz|86/100
|-singleturn|p2a: Mandibuzz|move: Roost
|
|upkeep
|turn|29
|
|t:|1743802914
|move|p1a: Guts|Surf|p2a: Mandibuzz
|-damage|p2a: Mandibuzz|43/100
|move|p2a: Mandibuzz|Foul Play|p1a: Guts
|-resisted|p1a: Guts
|-damage|p1a: Guts|5/100
|-ability|p1a: Guts|Justified|boost
|-boost|p1a: Guts|atk|1
|
|upkeep
|turn|30
|
|t:|1743802922
|move|p1a: Guts|Surf|p2a: Mandibuzz
|-damage|p2a: Mandibuzz|1/100
|move|p2a: Mandibuzz|Roost|p2a: Mandibuzz
|-heal|p2a: Mandibuzz|51/100
|-singleturn|p2a: Mandibuzz|move: Roost
|
|upkeep
|turn|31
|
|t:|1743802927
|move|p1a: Guts|Surf|p2a: Mandibuzz
|-damage|p2a: Mandibuzz|15/100
|move|p2a: Mandibuzz|Foul Play|p1a: Guts
|-resisted|p1a: Guts
|-damage|p1a: Guts|0 fnt
|faint|p1a: Guts
|
|upkeep
|
|t:|1743802935
|switch|p1a: Amber|Scizor, M, shiny|84/100
|-damage|p1a: Amber|59/100|[from] Spikes
|-damage|p1a: Amber|47/100|[from] Stealth Rock
|turn|32
|
|t:|1743802940
|move|p1a: Amber|Bullet Punch|p2a: Mandibuzz
|-damage|p2a: Mandibuzz|0 fnt
|faint|p2a: Mandibuzz
|
|upkeep
|
|t:|1743802944
|switch|p2a: Alomomola|Alomomola, F|89/100 brn
|turn|33
|
|t:|1743802947
|switch|p1a: Genosis|Reuniclus, M, shiny|44/100
|-damage|p1a: Genosis|19/100|[from] Spikes
|-damage|p1a: Genosis|7/100|[from] Stealth Rock
|move|p2a: Alomomola|Flip Turn|p1a: Genosis
|-damage|p1a: Genosis|0 fnt
|faint|p1a: Genosis
|
|t:|1743802951
|switch|p2a: Ursaluna|Ursaluna, F|100/100|[from] Flip Turn
|
|upkeep
|
|t:|1743802956
|switch|p1a: Amber|Scizor, M, shiny|47/100
|-damage|p1a: Amber|22/100|[from] Spikes
|-damage|p1a: Amber|9/100|[from] Stealth Rock
|turn|34
|
|t:|1743802961
|switch|p2a: Skarmory|Skarmory, M|9/100
|move|p1a: Amber|Close Combat|p2a: Skarmory
|-damage|p2a: Skarmory|0 fnt
|-unboost|p1a: Amber|def|1
|-unboost|p1a: Amber|spd|1
|faint|p2a: Skarmory
|
|upkeep
|
|t:|1743802963
|switch|p2a: Alomomola|Alomomola, F|100/100 brn
|turn|35
|
|t:|1743802966
|switch|p1a: Zeus|Thundurus-Therian, M|76/100
|-damage|p1a: Zeus|51/100|[from] Stealth Rock
|move|p2a: Alomomola|Flip Turn|p1a: Zeus
|-damage|p1a: Zeus|39/100
|
|t:|1743802969
|switch|p2a: Ursaluna|Ursaluna, F|100/100|[from] Flip Turn
|
|upkeep
|turn|36
|
|t:|1743802972
|move|p1a: Zeus|Grass Knot|p2a: Ursaluna
|-supereffective|p2a: Ursaluna
|-damage|p2a: Ursaluna|30/100
|move|p2a: Ursaluna|Facade|p1a: Zeus
|-damage|p1a: Zeus|0 fnt
|faint|p1a: Zeus
|
|-heal|p2a: Ursaluna|36/100|[from] item: Leftovers
|upkeep
|
|t:|1743802975
|switch|p1a: Amber|Scizor, M, shiny|9/100
|-damage|p1a: Amber|0 fnt|[from] Spikes
|faint|p1a: Amber
|
|win|Ill Leave
|raw|No_OverUsed?'s rating: 1663 &rarr; <strong>1642</strong><br />(-21 for losing)
|raw|Ill Leave's rating: 1653 &rarr; <strong>1674</strong><br />(+21 for winning)
|l|☆No_OverUsed?
|player|p1|
|l|☆Ill Leave
|player|p2|
|l| crowv2
|l| AzovSTALL
