|j|☆Maplekidns
|j|‽XIXINANA
|t:|1743873937
|gametype|singles
|player|p1|Maplekidns|clair|1382
|player|p2|XIXINANA|hilbert|1326
|teamsize|p1|6
|teamsize|p2|6
|gen|9
|tier|[Gen 9] OU
|rated|
|rule|HP Percentage Mod: HP is shown in percentages
|rule|Endless Battle Clause: Forcing endless battles is banned
|rule|Species Clause: Limit one of each Pokémon
|rule|OHKO Clause: OHKO moves are banned
|rule|Evasion Items Clause: Evasion items are banned
|rule|Evasion Moves Clause: Evasion moves are banned
|rule|Sleep Moves Clause: Sleep-inducing moves are banned
|clearpoke
|poke|p1|Deoxys-Speed|
|poke|p1|Enamorus, F|
|poke|p1|Lilligant-Hisui, F|
|poke|p1|Ceruledge, M|
|poke|p1|Kingambit, M|
|poke|p1|Great Tusk|
|poke|p2|Iron Valiant|
|poke|p2|Braviary-Hisui, M|
|poke|p2|Enamorus-Therian, F|
|poke|p2|Fezandipiti, M|
|poke|p2|Brute Bonnet|
|poke|p2|Magmortar, M|
|teampreview
|
|t:|1743873953
|start
|switch|p1a: Deoxys|Deoxys-Speed|100/100
|switch|p2a: Braviary|Braviary-Hisui, M|100/100
|-ability|p1a: Deoxys|Pressure
|turn|1
|inactive|Battle timer is ON: inactive players will automatically lose when time's up. (requested by XIXINANA)
|
|t:|1743873964
|move|p1a: Deoxys|Stealth Rock|p2a: Braviary
|-sidestart|p2: XIXINANA|move: Stealth Rock
|move|p2a: Braviary|Air Slash|p1a: Deoxys
|-enditem|p1a: Deoxys|Focus Sash
|-damage|p1a: Deoxys|1/100
|
|upkeep
|turn|2
|
|t:|1743873974
|move|p2a: Braviary|Vacuum Wave|p1a: Deoxys
|-resisted|p1a: Deoxys
|-damage|p1a: Deoxys|0 fnt
|faint|p1a: Deoxys
|-damage|p2a: Braviary|91/100|[from] item: Life Orb
|
|upkeep
|
|t:|1743873993
|switch|p1a: Ceruledge|Ceruledge, M|100/100
|turn|3
|
|t:|1743874005
|move|p1a: Ceruledge|Swords Dance|p1a: Ceruledge
|-boost|p1a: Ceruledge|atk|2
|move|p2a: Braviary|Air Slash|p1a: Ceruledge
|-damage|p1a: Ceruledge|26/100
|
|upkeep
|turn|4
|
|t:|1743874016
|switch|p2a: Magmortar|Magmortar, M|100/100
|-damage|p2a: Magmortar|76/100|[from] Stealth Rock
|move|p1a: Ceruledge|Poltergeist|p2a: Magmortar
|-activate|p2a: Magmortar|move: Poltergeist|Life Orb
|-crit|p2a: Magmortar
|-damage|p2a: Magmortar|0 fnt
|faint|p2a: Magmortar
|
|upkeep
|
|t:|1743874028
|switch|p2a: Iron Valiant|Iron Valiant|100/100
|-damage|p2a: Iron Valiant|94/100|[from] Stealth Rock
|turn|5
|
|t:|1743874037
|move|p1a: Ceruledge|Shadow Sneak|p2a: Iron Valiant
|-damage|p2a: Iron Valiant|37/100
|move|p2a: Iron Valiant|Psychic|p1a: Ceruledge
|-damage|p1a: Ceruledge|0 fnt
|faint|p1a: Ceruledge
|-damage|p2a: Iron Valiant|27/100|[from] item: Life Orb
|
|upkeep
|
|t:|1743874055
|switch|p1a: Enamorus|Enamorus, F|100/100
|turn|6
|
|t:|1743874073
|-end|p2a: Iron Valiant|Quark Drive|[silent]
|switch|p2a: Fezandipiti|Fezandipiti, M|100/100
|-damage|p2a: Fezandipiti|88/100|[from] Stealth Rock
|move|p1a: Enamorus|Earth Power|p2a: Fezandipiti
|-supereffective|p2a: Fezandipiti
|-damage|p2a: Fezandipiti|31/100
|-enditem|p2a: Fezandipiti|Weakness Policy
|-boost|p2a: Fezandipiti|atk|2|[from] item: Weakness Policy
|-boost|p2a: Fezandipiti|spa|2|[from] item: Weakness Policy
|
|upkeep
|turn|7
|
|t:|1743874084
|move|p2a: Fezandipiti|Quick Attack|p1a: Enamorus
|-damage|p1a: Enamorus|61/100
|-status|p1a: Enamorus|tox|[from] ability: Toxic Chain|[of] p2a: Fezandipiti
|move|p1a: Enamorus|Earth Power|p2a: Fezandipiti
|-supereffective|p2a: Fezandipiti
|-damage|p2a: Fezandipiti|0 fnt
|faint|p2a: Fezandipiti
|
|-damage|p1a: Enamorus|54/100 tox|[from] psn
|upkeep
|
|t:|1743874095
|switch|p2a: Enamorus|Enamorus-Therian, F|100/100
|-damage|p2a: Enamorus|76/100|[from] Stealth Rock
|turn|8
|
|t:|1743874108
|switch|p1a: Lilligant|Lilligant-Hisui, F|100/100
|move|p2a: Enamorus|Draining Kiss|p1a: Lilligant
|-supereffective|p1a: Lilligant
|-damage|p1a: Lilligant|9/100
|-heal|p2a: Enamorus|100/100|[from] drain|[of] p1a: Lilligant
|
|upkeep
|turn|9
|
|t:|1743874133
|move|p1a: Lilligant|Poison Jab|p2a: Enamorus
|-supereffective|p2a: Enamorus
|-damage|p2a: Enamorus|39/100
|move|p2a: Enamorus|Draining Kiss|p1a: Lilligant
|-supereffective|p1a: Lilligant
|-damage|p1a: Lilligant|0 fnt
|-heal|p2a: Enamorus|44/100|[from] drain|[of] p1a: Lilligant
|faint|p1a: Lilligant
|
|-heal|p2a: Enamorus|50/100|[from] item: Leftovers
|upkeep
|
|t:|1743874158
|switch|p1a: Great Tusk|Great Tusk|100/100
|-enditem|p1a: Great Tusk|Booster Energy
|-activate|p1a: Great Tusk|ability: Protosynthesis|[fromitem]
|-start|p1a: Great Tusk|protosynthesisspe
|turn|10
|
|t:|1743874164
|-terastallize|p2a: Enamorus|Fairy
|move|p1a: Great Tusk|Ice Spinner|p2a: Enamorus
|-damage|p2a: Enamorus|28/100
|move|p2a: Enamorus|Draining Kiss|p1a: Great Tusk
|-supereffective|p1a: Great Tusk
|-damage|p1a: Great Tusk|0 fnt
|-heal|p2a: Enamorus|100/100|[from] drain|[of] p1a: Great Tusk
|faint|p1a: Great Tusk
|-end|p1a: Great Tusk|Protosynthesis|[silent]
|
|upkeep
|
|t:|1743874184
|switch|p1a: Kingambit|Kingambit, M|100/100
|-activate|p1a: Kingambit|ability: Supreme Overlord
|-start|p1a: Kingambit|fallen4|[silent]
|turn|11
|inactive|Maplekidns has 120 seconds left.
|
|t:|1743874199
|move|p1a: Kingambit|Iron Head|p2a: Enamorus
|-supereffective|p2a: Enamorus
|-damage|p2a: Enamorus|0 fnt
|faint|p2a: Enamorus
|
|upkeep
|
|t:|1743874213
|switch|p2a: Brute Bonnet|Brute Bonnet|100/100
|-damage|p2a: Brute Bonnet|88/100|[from] Stealth Rock
|turn|12
|
|t:|1743874223
|move|p1a: Kingambit|Iron Head|p2a: Brute Bonnet
|-damage|p2a: Brute Bonnet|31/100
|move|p2a: Brute Bonnet|Close Combat|p1a: Kingambit
|-supereffective|p1a: Kingambit
|-damage|p1a: Kingambit|0 fnt
|-unboost|p2a: Brute Bonnet|def|1
|-unboost|p2a: Brute Bonnet|spd|1
|faint|p1a: Kingambit
|-end|p1a: Kingambit|fallen4|[silent]
|-damage|p2a: Brute Bonnet|21/100|[from] item: Life Orb
|
|upkeep
|inactive|Maplekidns has 120 seconds left.
|
|t:|1743874234
|switch|p1a: Enamorus|Enamorus, F|54/100 tox
|turn|13
|inactive|Maplekidns has 120 seconds left.
|
|t:|1743874245
|-terastallize|p1a: Enamorus|Stellar
|move|p2a: Brute Bonnet|Sucker Punch|p1a: Enamorus
|-resisted|p1a: Enamorus
|-damage|p1a: Enamorus|12/100 tox
|-damage|p2a: Brute Bonnet|11/100|[from] item: Life Orb
|move|p1a: Enamorus|Tera Blast|p2a: Brute Bonnet|[anim] Tera Blast Stellar
|-damage|p2a: Brute Bonnet|0 fnt
|-boost|p1a: Enamorus|atk|1
|-boost|p1a: Enamorus|spa|1
|faint|p2a: Brute Bonnet
|-end|p2a: Brute Bonnet|Protosynthesis|[silent]
|
|-damage|p1a: Enamorus|6/100 tox|[from] psn
|upkeep
|c|☆Maplekidns|gg
|
|t:|1743874259
|switch|p2a: Braviary|Braviary-Hisui, M|91/100
|-damage|p2a: Braviary|66/100|[from] Stealth Rock
|turn|14
|
|t:|1743874263
|move|p2a: Braviary|Vacuum Wave|p1a: Enamorus
|-resisted|p1a: Enamorus
|-damage|p1a: Enamorus|0 fnt
|faint|p1a: Enamorus
|-damage|p2a: Braviary|56/100|[from] item: Life Orb
|
|win|XIXINANA
|raw|Maplekidns's rating: 1382 &rarr; <strong>1358</strong><br />(-24 for losing)
|raw|XIXINANA's rating: 1304 &rarr; <strong>1328</strong><br />(+24 for winning)
|l|☆Maplekidns
|player|p1|
|l|‽XIXINANA
|player|p2|
