|j|☆Moeyel
|j|☆Bakozineo
|t:|1743831325
|gametype|singles
|player|p1|Moeyel|101|1483
|player|p2|Bakozineo|gentleman-gen4dp|1511
|teamsize|p1|6
|teamsize|p2|6
|gen|9
|tier|[Gen 9] OU
|rated|
|rule|HP Percentage Mod: HP is shown in percentages
|rule|Endless Battle Clause: Forcing endless battles is banned
|rule|Species Clause: Limit one of each Pokémon
|rule|OHKO Clause: OHKO moves are banned
|rule|Evasion Items Clause: Evasion items are banned
|rule|Evasion Moves Clause: Evasion moves are banned
|rule|Sleep Moves Clause: Sleep-inducing moves are banned
|clearpoke
|poke|p1|Meowscarada, F|
|poke|p1|Tornadus-Therian, M|
|poke|p1|Ogerpon-Wellspring, F|
|poke|p1|Samurott-Hisui, M|
|poke|p1|Slowking-Galar, M|
|poke|p1|Iron Valiant|
|poke|p2|Zapdos|
|poke|p2|Darkrai|
|poke|p2|Alomomola, M|
|poke|p2|Great Tusk|
|poke|p2|Hatterene, F|
|poke|p2|Dragonite, F|
|teampreview
|inactive|Battle timer is ON: inactive players will automatically lose when time's up. (requested by Moeyel)
|
|t:|1743831351
|start
|switch|p1a: Slowking|Slowking-Galar, M|100/100
|switch|p2a: Darkrai|Darkrai|100/100
|turn|1
|
|t:|1743831359
|move|p2a: Darkrai|Dark Pulse|p1a: Slowking
|-supereffective|p1a: Slowking
|-damage|p1a: Slowking|54/100
|move|p1a: Slowking|Thunder Wave|p2a: Darkrai
|-status|p2a: Darkrai|par
|
|upkeep
|turn|2
|
|t:|1743831367
|move|p2a: Darkrai|Dark Pulse|p1a: Slowking
|-supereffective|p1a: Slowking
|-damage|p1a: Slowking|0 fnt
|faint|p1a: Slowking
|
|upkeep
|
|t:|1743831371
|switch|p1a: Samurott|Samurott-Hisui, M|100/100
|turn|3
|
|t:|1743831376
|move|p1a: Samurott|Ceaseless Edge|p2a: Darkrai
|-resisted|p2a: Darkrai
|-damage|p2a: Darkrai|56/100 par
|-sidestart|p2: Bakozineo|Spikes
|-damage|p1a: Samurott|91/100|[from] item: Life Orb
|move|p2a: Darkrai|Will-O-Wisp|p1a: Samurott|[miss]
|-miss|p2a: Darkrai|p1a: Samurott
|
|upkeep
|turn|4
|
|t:|1743831384
|switch|p2a: Great Tusk|Great Tusk|100/100
|-damage|p2a: Great Tusk|88/100|[from] Spikes
|move|p1a: Samurott|Sacred Sword|p2a: Great Tusk
|-crit|p2a: Great Tusk
|-damage|p2a: Great Tusk|23/100
|-damage|p1a: Samurott|74/100|[from] item: Rocky Helmet|[of] p2a: Great Tusk
|-damage|p1a: Samurott|64/100|[from] item: Life Orb
|
|upkeep
|turn|5
|
|t:|1743831392
|move|p2a: Great Tusk|Headlong Rush|p1a: Samurott
|-damage|p1a: Samurott|0 fnt
|-unboost|p2a: Great Tusk|def|1
|-unboost|p2a: Great Tusk|spd|1
|faint|p1a: Samurott
|
|upkeep
|
|t:|1743831401
|switch|p1a: Tornadus|Tornadus-Therian, M|100/100
|turn|6
|
|t:|1743831404
|move|p1a: Tornadus|Heat Wave|p2a: Great Tusk
|-damage|p2a: Great Tusk|0 fnt
|faint|p2a: Great Tusk
|-end|p2a: Great Tusk|Protosynthesis|[silent]
|
|upkeep
|
|t:|1743831413
|switch|p2a: Dragonite|Dragonite, F|100/100
|turn|7
|
|t:|1743831415
|move|p1a: Tornadus|Taunt|p2a: Dragonite
|-start|p2a: Dragonite|move: Taunt
|cant|p2a: Dragonite|move: Taunt|Dragon Dance
|
|upkeep
|turn|8
|
|t:|1743831418
|move|p1a: Tornadus|Hurricane|p2a: Dragonite
|-damage|p2a: Dragonite|75/100
|move|p2a: Dragonite|Ice Spinner|p1a: Tornadus
|-supereffective|p1a: Tornadus
|-damage|p1a: Tornadus|33/100
|
|upkeep
|turn|9
|
|t:|1743831432
|switch|p1a: Iron Valiant|Iron Valiant, shiny|100/100
|-enditem|p1a: Iron Valiant|Booster Energy
|-activate|p1a: Iron Valiant|ability: Quark Drive|[fromitem]
|-start|p1a: Iron Valiant|quarkdrivespe
|move|p2a: Dragonite|Extreme Speed|p1a: Iron Valiant
|-crit|p1a: Iron Valiant
|-damage|p1a: Iron Valiant|43/100
|
|-end|p2a: Dragonite|move: Taunt
|upkeep
|turn|10
|
|t:|1743831444
|-terastallize|p2a: Dragonite|Normal
|move|p2a: Dragonite|Extreme Speed|p1a: Iron Valiant
|-damage|p1a: Iron Valiant|0 fnt
|faint|p1a: Iron Valiant
|-end|p1a: Iron Valiant|Quark Drive|[silent]
|
|upkeep
|
|t:|1743831447
|switch|p1a: Ogerpon|Ogerpon-Wellspring, F|100/100
|turn|11
|
|t:|1743831452
|move|p2a: Dragonite|Extreme Speed|p1a: Ogerpon
|-damage|p1a: Ogerpon|36/100
|move|p1a: Ogerpon|Ivy Cudgel|p2a: Dragonite|[anim] Ivy Cudgel Water
|-damage|p2a: Dragonite|8/100
|
|upkeep
|turn|12
|
|t:|1743831457
|move|p2a: Dragonite|Extreme Speed|p1a: Ogerpon
|-damage|p1a: Ogerpon|0 fnt
|faint|p1a: Ogerpon
|
|upkeep
|
|t:|1743831459
|switch|p1a: Tornadus|Tornadus-Therian, M|66/100
|turn|13
|
|t:|1743831465
|switch|p2a: Darkrai|Darkrai|56/100 par
|move|p1a: Tornadus|U-turn|p2a: Darkrai
|-supereffective|p2a: Darkrai
|-damage|p2a: Darkrai|20/100 par
|
|t:|1743831468
|switch|p1a: Meowscarada|Meowscarada, F|100/100|[from] U-turn
|
|upkeep
|turn|14
|
|t:|1743831483
|switch|p2a: Zapdos|Zapdos|100/100
|move|p1a: Meowscarada|Trick|p2a: Zapdos
|-start|p1a: Meowscarada|typechange|Psychic|[from] ability: Protean
|-activate|p1a: Meowscarada|move: Trick|[of] p2a: Zapdos
|-item|p2a: Zapdos|Choice Scarf|[from] move: Trick
|-item|p1a: Meowscarada|Heavy-Duty Boots|[from] move: Trick
|
|upkeep
|turn|15
|
|t:|1743831490
|move|p2a: Zapdos|Thunder Wave|p1a: Meowscarada
|-status|p1a: Meowscarada|par
|cant|p1a: Meowscarada|par
|
|upkeep
|turn|16
|
|t:|1743831496
|switch|p2a: Darkrai|Darkrai|20/100 par
|cant|p1a: Meowscarada|par
|
|upkeep
|turn|17
|
|t:|1743831500
|move|p2a: Darkrai|Dark Pulse|p1a: Meowscarada
|-supereffective|p1a: Meowscarada
|-damage|p1a: Meowscarada|0 fnt
|faint|p1a: Meowscarada
|
|upkeep
|-message|Moeyel forfeited.
|
|win|Bakozineo
|raw|Moeyel's rating: 1483 &rarr; <strong>1465</strong><br />(-18 for losing)
|raw|Bakozineo's rating: 1511 &rarr; <strong>1529</strong><br />(+18 for winning)
|l|☆Moeyel
|player|p1|
|l|☆Bakozineo
|player|p2|
