|j|☆crimsonpath899
|j|☆Kanto's Finest
|t:|1743890580
|gametype|singles
|player|p1|crimsonpath899|102|1198
|player|p2|Kanto's Finest|tamer-gen1rb|1243
|teamsize|p1|6
|teamsize|p2|6
|gen|9
|tier|[Gen 9] OU
|rated|
|rule|HP Percentage Mod: HP is shown in percentages
|rule|Endless Battle Clause: Forcing endless battles is banned
|rule|Species Clause: Limit one of each Pokémon
|rule|OHKO Clause: OHKO moves are banned
|rule|Evasion Items Clause: Evasion items are banned
|rule|Evasion Moves Clause: Evasion moves are banned
|rule|Sleep Moves Clause: Sleep-inducing moves are banned
|clearpoke
|poke|p1|Garganacl, F|
|poke|p1|Raging Bolt|
|poke|p1|Iron Moth|
|poke|p1|Darkrai|
|poke|p1|Meowscarada, F|
|poke|p1|Ogerpon-Wellspring, F|
|poke|p2|Clefable, F|
|poke|p2|Hitmonlee, M|
|poke|p2|Chansey, F|
|poke|p2|Vileplume, F|
|poke|p2|Golduck, F|
|poke|p2|Mew|
|teampreview
|inactive|Battle timer is ON: inactive players will automatically lose when time's up. (requested by crimsonpath899)
|
|t:|1743890588
|start
|switch|p1a: Darkrai|Darkrai|100/100
|switch|p2a: Mew|Mew|100/100
|turn|1
|
|t:|1743890594
|switch|p2a: Chansey|Chansey, F|100/100
|move|p1a: Darkrai|Calm Mind|p1a: Darkrai
|-boost|p1a: Darkrai|spa|1
|-boost|p1a: Darkrai|spd|1
|
|upkeep
|turn|2
|
|t:|1743890607
|move|p1a: Darkrai|Dark Pulse|p2a: Chansey
|-damage|p2a: Chansey|76/100
|-damage|p1a: Darkrai|91/100|[from] item: Life Orb
|move|p2a: Chansey|Stealth Rock|p1a: Darkrai
|-sidestart|p1: crimsonpath899|move: Stealth Rock
|
|upkeep
|turn|3
|
|t:|1743890624
|move|p1a: Darkrai|Dark Pulse|p2a: Chansey
|-damage|p2a: Chansey|50/100
|-damage|p1a: Darkrai|81/100|[from] item: Life Orb
|move|p2a: Chansey|Seismic Toss|p1a: Darkrai
|-damage|p1a: Darkrai|45/100
|
|upkeep
|turn|4
|
|t:|1743890631
|switch|p1a: Ogerpon|Ogerpon-Wellspring, F|100/100
|-damage|p1a: Ogerpon|88/100|[from] Stealth Rock
|move|p2a: Chansey|Soft-Boiled|p2a: Chansey
|-heal|p2a: Chansey|99/100
|
|upkeep
|turn|5
|
|t:|1743890635
|switch|p2a: Vileplume|Vileplume, F|100/100
|move|p1a: Ogerpon|Ivy Cudgel|p2a: Vileplume|[anim] Ivy Cudgel Water
|-resisted|p2a: Vileplume
|-damage|p2a: Vileplume|79/100
|
|upkeep
|turn|6
|
|t:|1743890640
|move|p1a: Ogerpon|U-turn|p2a: Vileplume
|-damage|p2a: Vileplume|60/100
|-damage|p1a: Ogerpon|72/100|[from] item: Rocky Helmet|[of] p2a: Vileplume
|
|t:|1743890648
|switch|p1a: Iron Moth|Iron Moth|100/100|[from] U-turn
|-damage|p1a: Iron Moth|76/100|[from] Stealth Rock
|-enditem|p1a: Iron Moth|Booster Energy
|-activate|p1a: Iron Moth|ability: Quark Drive|[fromitem]
|-start|p1a: Iron Moth|quarkdrivespa
|move|p2a: Vileplume|Sludge Wave|p1a: Iron Moth
|-resisted|p1a: Iron Moth
|-damage|p1a: Iron Moth|59/100
|
|upkeep
|turn|7
|
|t:|1743890658
|switch|p2a: Mew|Mew|100/100
|move|p1a: Iron Moth|Agility|p1a: Iron Moth
|-boost|p1a: Iron Moth|spe|2
|
|upkeep
|turn|8
|
|t:|1743890669
|-terastallize|p2a: Mew|Ghost
|move|p1a: Iron Moth|Fiery Dance|p2a: Mew
|-damage|p2a: Mew|49/100
|-enditem|p2a: Mew|Red Card|[of] p1a: Iron Moth
|-end|p1a: Iron Moth|Quark Drive|[silent]
|drag|p1a: Darkrai|Darkrai|45/100
|-damage|p1a: Darkrai|33/100|[from] Stealth Rock
|move|p2a: Mew|Toxic Spikes|p1a: Darkrai
|-sidestart|p1: crimsonpath899|move: Toxic Spikes
|
|upkeep
|turn|9
|
|t:|1743890678
|switch|p2a: Chansey|Chansey, F|99/100
|move|p1a: Darkrai|Dark Pulse|p2a: Chansey
|-damage|p2a: Chansey|82/100
|-damage|p1a: Darkrai|23/100|[from] item: Life Orb
|
|upkeep
|turn|10
|
|t:|1743890685
|switch|p1a: Iron Moth|Iron Moth|59/100
|-damage|p1a: Iron Moth|34/100|[from] Stealth Rock
|-sideend|p1: crimsonpath899|move: Toxic Spikes|[of] p1a: Iron Moth
|move|p2a: Chansey|Seismic Toss|p1a: Iron Moth
|-damage|p1a: Iron Moth|0 fnt
|faint|p1a: Iron Moth
|-end|p1a: Iron Moth|Quark Drive|[silent]
|
|upkeep
|
|t:|1743890691
|switch|p1a: Meowscarada|Meowscarada, F|100/100
|-damage|p1a: Meowscarada|88/100|[from] Stealth Rock
|turn|11
|
|t:|1743890693
|switch|p2a: Vileplume|Vileplume, F|60/100
|move|p1a: Meowscarada|Flower Trick|p2a: Vileplume
|-start|p1a: Meowscarada|typechange|Grass|[from] ability: Protean
|-resisted|p2a: Vileplume
|-crit|p2a: Vileplume
|-damage|p2a: Vileplume|46/100
|
|upkeep
|turn|12
|
|t:|1743890703
|switch|p1a: Darkrai|Darkrai|23/100
|-damage|p1a: Darkrai|10/100|[from] Stealth Rock
|move|p2a: Vileplume|Strength Sap|p1a: Darkrai
|-unboost|p1a: Darkrai|atk|1
|-heal|p2a: Vileplume|93/100
|
|upkeep
|turn|13
|
|t:|1743890706
|switch|p2a: Chansey|Chansey, F|82/100
|move|p1a: Darkrai|Psychic|p2a: Chansey
|-damage|p2a: Chansey|70/100
|-damage|p1a: Darkrai|0 fnt|[from] item: Life Orb
|faint|p1a: Darkrai
|
|upkeep
|
|t:|1743890711
|switch|p1a: Ogerpon|Ogerpon-Wellspring, F|72/100
|-damage|p1a: Ogerpon|59/100|[from] Stealth Rock
|turn|14
|
|t:|1743890716
|switch|p2a: Vileplume|Vileplume, F|93/100
|move|p1a: Ogerpon|U-turn|p2a: Vileplume
|-damage|p2a: Vileplume|70/100
|-damage|p1a: Ogerpon|43/100|[from] item: Rocky Helmet|[of] p2a: Vileplume
|
|t:|1743890719
|switch|p1a: Garganacl|Garganacl, F, shiny|100/100|[from] U-turn
|-damage|p1a: Garganacl|88/100|[from] Stealth Rock
|
|-heal|p1a: Garganacl|94/100|[from] item: Leftovers
|upkeep
|turn|15
|
|t:|1743890723
|move|p2a: Vileplume|Leech Seed|p1a: Garganacl
|-start|p1a: Garganacl|move: Leech Seed
|move|p1a: Garganacl|Salt Cure|p2a: Vileplume
|-damage|p2a: Vileplume|59/100
|-start|p2a: Vileplume|Salt Cure
|
|-heal|p1a: Garganacl|100/100|[from] item: Leftovers
|-damage|p1a: Garganacl|88/100|[from] Leech Seed|[of] p2a: Vileplume
|-heal|p2a: Vileplume|73/100|[silent]
|-damage|p2a: Vileplume|61/100|[from] Salt Cure
|upkeep
|turn|16
|
|t:|1743890727
|switch|p1a: Meowscarada|Meowscarada, F|88/100
|-damage|p1a: Meowscarada|76/100|[from] Stealth Rock
|move|p2a: Vileplume|Giga Drain|p1a: Meowscarada
|-resisted|p1a: Meowscarada
|-crit|p1a: Meowscarada
|-damage|p1a: Meowscarada|42/100
|-heal|p2a: Vileplume|75/100|[from] drain|[of] p1a: Meowscarada
|
|-damage|p2a: Vileplume|62/100|[from] Salt Cure
|upkeep
|turn|17
|
|t:|1743890741
|move|p1a: Meowscarada|Triple Axel|p2a: Vileplume
|-start|p1a: Meowscarada|typechange|Ice|[from] ability: Protean
|-supereffective|p2a: Vileplume
|-crit|p2a: Vileplume
|-damage|p2a: Vileplume|30/100
|-damage|p1a: Meowscarada|26/100|[from] item: Rocky Helmet|[of] p2a: Vileplume
|-supereffective|p2a: Vileplume
|-damage|p2a: Vileplume|0 fnt
|-damage|p1a: Meowscarada|9/100|[from] item: Rocky Helmet|[of] p2a: Vileplume
|-status|p1a: Meowscarada|slp|[from] ability: Effect Spore|[of] p2a: Vileplume
|faint|p2a: Vileplume
|-hitcount|p2: Vileplume|2
|
|upkeep
|
|t:|1743890751
|switch|p2a: Mew|Mew, tera:Ghost|49/100
|turn|18
|
|t:|1743890754
|cant|p1a: Meowscarada|slp
|move|p2a: Mew|Toxic Spikes|p1a: Meowscarada
|-sidestart|p1: crimsonpath899|move: Toxic Spikes
|
|upkeep
|turn|19
|
|t:|1743890757
|cant|p1a: Meowscarada|slp
|move|p2a: Mew|Toxic Spikes|p1a: Meowscarada
|-sidestart|p1: crimsonpath899|move: Toxic Spikes
|
|upkeep
|turn|20
|
|t:|1743890765
|cant|p1a: Meowscarada|slp
|move|p2a: Mew|Transform|p1a: Meowscarada
|-transform|p2a: Mew|p1a: Meowscarada
|
|upkeep
|turn|21
|
|t:|1743890774
|move|p2a: Mew|Flower Trick|p1a: Meowscarada
|-crit|p1a: Meowscarada
|-damage|p1a: Meowscarada|0 fnt
|faint|p1a: Meowscarada
|
|upkeep
|
|t:|1743890779
|switch|p1a: Ogerpon|Ogerpon-Wellspring, F|43/100
|-damage|p1a: Ogerpon|30/100|[from] Stealth Rock
|-status|p1a: Ogerpon|tox
|turn|22
|
|t:|1743890783
|move|p2a: Mew|Flower Trick|p1a: Ogerpon
|-crit|p1a: Ogerpon
|-damage|p1a: Ogerpon|0 fnt
|faint|p1a: Ogerpon
|
|upkeep
|inactive|crimsonpath899 has 120 seconds left.
|
|t:|1743890813
|switch|p1a: Raging Bolt|Raging Bolt|100/100
|-damage|p1a: Raging Bolt|88/100|[from] Stealth Rock
|-status|p1a: Raging Bolt|tox
|turn|23
|
|t:|1743890817
|move|p2a: Mew|Triple Axel|p1a: Raging Bolt
|-supereffective|p1a: Raging Bolt
|-damage|p1a: Raging Bolt|73/100 tox
|-supereffective|p1a: Raging Bolt
|-damage|p1a: Raging Bolt|44/100 tox
|-supereffective|p1a: Raging Bolt
|-damage|p1a: Raging Bolt|0 fnt
|faint|p1a: Raging Bolt
|-end|p1a: Raging Bolt|Protosynthesis|[silent]
|-hitcount|p1: Raging Bolt|3
|
|upkeep
|
|t:|1743890827
|switch|p1a: Garganacl|Garganacl, F, shiny|88/100
|-damage|p1a: Garganacl|76/100|[from] Stealth Rock
|turn|24
|
|t:|1743890829
|move|p2a: Mew|Flower Trick|p1a: Garganacl
|-supereffective|p1a: Garganacl
|-crit|p1a: Garganacl
|-damage|p1a: Garganacl|41/100
|move|p1a: Garganacl|Earthquake|p2a: Mew
|-damage|p2a: Mew|23/100
|
|-heal|p1a: Garganacl|47/100|[from] item: Leftovers
|upkeep
|turn|25
|
|t:|1743890838
|move|p2a: Mew|Flower Trick|p1a: Garganacl
|-supereffective|p1a: Garganacl
|-crit|p1a: Garganacl
|-damage|p1a: Garganacl|16/100
|move|p1a: Garganacl|Salt Cure|p2a: Mew
|-damage|p2a: Mew|8/100
|-start|p2a: Mew|Salt Cure
|
|-heal|p1a: Garganacl|22/100|[from] item: Leftovers
|-damage|p2a: Mew|0 fnt|[from] Salt Cure
|faint|p2a: Mew
|upkeep
|
|t:|1743890845
|switch|p2a: Golduck|Golduck, F, shiny|100/100
|-ability|p2a: Golduck|Cloud Nine
|turn|26
|c|☆Kanto's Finest|Gg
|inactive|crimsonpath899 has 120 seconds left.
|
|t:|1743890881
|move|p2a: Golduck|Disable|p1a: Garganacl
|-start|p1a: Garganacl|Disable|Salt Cure
|move|p1a: Garganacl|Earthquake|p2a: Golduck
|-damage|p2a: Golduck|75/100
|
|-heal|p1a: Garganacl|28/100|[from] item: Leftovers
|upkeep
|turn|27
|
|t:|1743890887
|move|p2a: Golduck|Whirlpool|p1a: Garganacl
|-supereffective|p1a: Garganacl
|-damage|p1a: Garganacl|6/100
|-activate|p1a: Garganacl|move: Whirlpool|[of] p2a: Golduck
|move|p1a: Garganacl|Earthquake|p2a: Golduck
|-damage|p2a: Golduck|47/100
|
|-heal|p1a: Garganacl|12/100|[from] item: Leftovers
|-damage|p1a: Garganacl|0 fnt|[from] move: Whirlpool|[partiallytrapped]
|faint|p1a: Garganacl
|
|win|Kanto's Finest
|raw|crimsonpath899's rating: 1198 &rarr; <strong>1176</strong><br />(-22 for losing)
|raw|Kanto&apos;s Finest's rating: 1243 &rarr; <strong>1265</strong><br />(+22 for winning)
|c|☆crimsonpath899|gg
|l|☆crimsonpath899
|player|p1|
|l|☆Kanto's Finest
|player|p2|
