|j|☆ChinaG
|j|‽JackRG1
|t:|1743811659
|gametype|singles
|player|p1|ChinaG|unknown|1443
|player|p2|JackRG1|iris|1438
|teamsize|p1|6
|teamsize|p2|6
|gen|9
|tier|[Gen 9] OU
|rated|
|rule|HP Percentage Mod: HP is shown in percentages
|rule|Endless Battle Clause: Forcing endless battles is banned
|rule|Species Clause: Limit one of each Pokémon
|rule|OHKO Clause: OHKO moves are banned
|rule|Evasion Items Clause: Evasion items are banned
|rule|Evasion Moves Clause: Evasion moves are banned
|rule|Sleep Moves Clause: Sleep-inducing moves are banned
|clearpoke
|poke|p1|Kyurem|
|poke|p1|Tinkaton, F|
|poke|p1|Crawdaunt, F|
|poke|p1|Glimmora, F|
|poke|p1|Hydrapple, F|
|poke|p1|Dragapult, F|
|poke|p2|Weavile, F|
|poke|p2|Garganacl, F|
|poke|p2|Clodsire, F|
|poke|p2|Moltres|
|poke|p2|Sinistcha|
|poke|p2|Skarmory, M|
|teampreview
|inactive|Battle timer is ON: inactive players will automatically lose when time's up. (requested by JackRG1)
|inactive|ChinaG also wants the timer to be on.
|inactive|ChinaG has 120 seconds left.
|
|t:|1743811691
|start
|switch|p1a: Glimmora|Glimmora, F|100/100
|switch|p2a: Clodsire|Clodsire, F|100/100
|turn|1
|
|t:|1743811706
|switch|p1a: Crawdaunt|Crawdaunt, F|100/100
|move|p2a: Clodsire|Stealth Rock|p1a: Crawdaunt
|-sidestart|p1: ChinaG|move: Stealth Rock
|
|upkeep
|turn|2
|
|t:|1743811715
|switch|p2a: Skarmory|Skarmory, M|100/100
|move|p1a: Crawdaunt|Knock Off|p2a: Skarmory
|-damage|p2a: Skarmory|54/100
|-damage|p1a: Crawdaunt|84/100|[from] item: Rocky Helmet|[of] p2a: Skarmory
|-enditem|p2a: Skarmory|Rocky Helmet|[from] move: Knock Off|[of] p1a: Crawdaunt
|
|upkeep
|turn|3
|
|t:|1743811738
|switch|p1a: Glimmora|Glimmora, F|100/100
|-damage|p1a: Glimmora|88/100|[from] Stealth Rock
|move|p2a: Skarmory|Roost|p2a: Skarmory
|-heal|p2a: Skarmory|100/100
|-singleturn|p2a: Skarmory|move: Roost
|
|upkeep
|turn|4
|
|t:|1743811753
|switch|p2a: Clodsire|Clodsire, F|100/100
|move|p1a: Glimmora|Spikes|p2a: Clodsire
|-sidestart|p2: JackRG1|Spikes
|
|upkeep
|turn|5
|
|t:|1743811760
|move|p1a: Glimmora|Mortal Spin|p2a: Clodsire
|-resisted|p2a: Clodsire
|-damage|p2a: Clodsire|99/100
|-sideend|p1: ChinaG|Stealth Rock|[from] move: Mortal Spin|[of] p1a: Glimmora
|move|p2a: Clodsire|Earthquake|p1a: Glimmora
|-supereffective|p1a: Glimmora
|-damage|p1a: Glimmora|0 fnt
|-activate|p1a: Glimmora|ability: Toxic Debris
|-sidestart|p2: JackRG1|move: Toxic Spikes
|faint|p1a: Glimmora
|
|upkeep
|
|t:|1743811770
|switch|p1a: Crawdaunt|Crawdaunt, F|84/100
|turn|6
|
|t:|1743811780
|switch|p2a: Skarmory|Skarmory, M|100/100
|move|p1a: Crawdaunt|Crabhammer|p2a: Skarmory
|-damage|p2a: Skarmory|55/100
|
|upkeep
|turn|7
|inactive|ChinaG has 120 seconds left.
|
|t:|1743811817
|switch|p1a: Tinkaton|Tinkaton, F|100/100
|-ability|p1a: Tinkaton|Mold Breaker
|-item|p1a: Tinkaton|Air Balloon
|move|p2a: Skarmory|Roost|p2a: Skarmory
|-heal|p2a: Skarmory|100/100
|-singleturn|p2a: Skarmory|move: Roost
|
|upkeep
|turn|8
|inactive|ChinaG has 120 seconds left.
|
|t:|1743811825
|switch|p2a: Clodsire|Clodsire, F|99/100
|-sideend|p2: JackRG1|move: Toxic Spikes|[of] p2a: Clodsire
|move|p1a: Tinkaton|Encore||[still]
|-fail|p1a: Tinkaton
|
|upkeep
|turn|9
|
|t:|1743811831
|move|p1a: Tinkaton|Stealth Rock|p2a: Clodsire
|-sidestart|p2: JackRG1|move: Stealth Rock
|move|p2a: Clodsire|Stealth Rock|p1a: Tinkaton
|-sidestart|p1: ChinaG|move: Stealth Rock
|
|upkeep
|turn|10
|
|t:|1743811834
|switch|p2a: Skarmory|Skarmory, M|100/100
|-damage|p2a: Skarmory|88/100|[from] Stealth Rock
|move|p1a: Tinkaton|Knock Off|p2a: Skarmory
|-damage|p2a: Skarmory|81/100
|
|upkeep
|turn|11
|
|t:|1743811845
|switch|p1a: Hydrapple|Hydrapple, F|100/100
|move|p2a: Skarmory|Spikes|p1a: Hydrapple
|-sidestart|p1: ChinaG|Spikes
|
|upkeep
|turn|12
|
|t:|1743811852
|switch|p2a: Clodsire|Clodsire, F|99/100
|move|p1a: Hydrapple|Nasty Plot|p1a: Hydrapple
|-boost|p1a: Hydrapple|spa|2
|
|upkeep
|turn|13
|
|t:|1743811861
|switch|p1a: Tinkaton|Tinkaton, F|100/100
|-damage|p1a: Tinkaton|94/100|[from] Stealth Rock
|-ability|p1a: Tinkaton|Mold Breaker
|-item|p1a: Tinkaton|Air Balloon
|move|p2a: Clodsire|Toxic|p1a: Tinkaton
|-immune|p1a: Tinkaton
|
|upkeep
|turn|14
|
|t:|1743811872
|switch|p2a: Skarmory|Skarmory, M|81/100
|-damage|p2a: Skarmory|69/100|[from] Stealth Rock
|move|p1a: Tinkaton|Thunder Wave|p2a: Skarmory
|-status|p2a: Skarmory|par
|
|upkeep
|turn|15
|
|t:|1743811878
|switch|p1a: Kyurem|Kyurem|100/100
|-ability|p1a: Kyurem|Pressure
|move|p2a: Skarmory|Body Press|p1a: Kyurem
|-supereffective|p1a: Kyurem
|-damage|p1a: Kyurem|38/100
|
|upkeep
|turn|16
|
|t:|1743811887
|move|p1a: Kyurem|Ice Beam|p2a: Skarmory
|-damage|p2a: Skarmory|10/100 par
|move|p2a: Skarmory|Body Press|p1a: Kyurem
|-supereffective|p1a: Kyurem
|-damage|p1a: Kyurem|0 fnt
|faint|p1a: Kyurem
|
|upkeep
|
|t:|1743811893
|switch|p1a: Dragapult|Dragapult, F|100/100
|-damage|p1a: Dragapult|88/100|[from] Stealth Rock
|-damage|p1a: Dragapult|76/100|[from] Spikes
|turn|17
|
|t:|1743811906
|move|p1a: Dragapult|Dragon Darts|p2a: Skarmory
|-resisted|p2a: Skarmory
|-damage|p2a: Skarmory|0 fnt
|faint|p2a: Skarmory
|
|upkeep
|
|t:|1743811916
|switch|p2a: Moltres|Moltres|100/100
|-ability|p2a: Moltres|Pressure
|turn|18
|
|t:|1743811934
|switch|p1a: Tinkaton|Tinkaton, F|94/100
|-damage|p1a: Tinkaton|88/100|[from] Stealth Rock
|-ability|p1a: Tinkaton|Mold Breaker
|-item|p1a: Tinkaton|Air Balloon
|move|p2a: Moltres|Will-O-Wisp|p1a: Tinkaton|[miss]
|-miss|p2a: Moltres|p1a: Tinkaton
|
|upkeep
|turn|19
|
|t:|1743811946
|move|p1a: Tinkaton|Knock Off|p2a: Moltres
|-damage|p2a: Moltres|82/100
|-enditem|p2a: Moltres|Heavy-Duty Boots|[from] move: Knock Off|[of] p1a: Tinkaton
|move|p2a: Moltres|Flamethrower|p1a: Tinkaton
|-supereffective|p1a: Tinkaton
|-damage|p1a: Tinkaton|25/100
|-enditem|p1a: Tinkaton|Air Balloon
|
|upkeep
|turn|20
|
|t:|1743811952
|move|p1a: Tinkaton|Thunder Wave|p2a: Moltres
|-status|p2a: Moltres|par
|move|p2a: Moltres|Flamethrower|p1a: Tinkaton
|-supereffective|p1a: Tinkaton
|-damage|p1a: Tinkaton|0 fnt
|faint|p1a: Tinkaton
|
|upkeep
|
|t:|1743811959
|switch|p1a: Crawdaunt|Crawdaunt, F|84/100
|turn|21
|
|t:|1743811966
|move|p1a: Crawdaunt|Crabhammer|p2a: Moltres
|-supereffective|p2a: Moltres
|-damage|p2a: Moltres|0 fnt
|faint|p2a: Moltres
|
|upkeep
|
|t:|1743811983
|switch|p2a: Garganacl|Garganacl, F|100/100
|turn|22
|inactive|ChinaG has 120 seconds left.
|
|t:|1743812016
|-terastallize|p2a: Garganacl|Water
|move|p1a: Crawdaunt|Knock Off|p2a: Garganacl
|-damage|p2a: Garganacl|52/100
|-enditem|p2a: Garganacl|Heavy-Duty Boots|[from] move: Knock Off|[of] p1a: Crawdaunt
|move|p2a: Garganacl|Salt Cure|p1a: Crawdaunt
|-damage|p1a: Crawdaunt|63/100
|-start|p1a: Crawdaunt|Salt Cure
|
|-damage|p1a: Crawdaunt|38/100|[from] Salt Cure
|upkeep
|turn|23
|inactive|ChinaG has 120 seconds left.
|
|t:|1743812029
|switch|p1a: Hydrapple|Hydrapple, F|100/100
|move|p2a: Garganacl|Recover|p2a: Garganacl
|-heal|p2a: Garganacl|100/100
|
|upkeep
|turn|24
|inactive|JackRG1 has 120 seconds left.
|
|t:|1743812065
|switch|p2a: Clodsire|Clodsire, F|99/100
|move|p1a: Hydrapple|Nasty Plot|p1a: Hydrapple
|-boost|p1a: Hydrapple|spa|2
|
|upkeep
|turn|25
|
|t:|1743812080
|-terastallize|p1a: Hydrapple|Steel
|move|p1a: Hydrapple|Nasty Plot|p1a: Hydrapple
|-boost|p1a: Hydrapple|spa|2
|move|p2a: Clodsire|Toxic|p1a: Hydrapple
|-immune|p1a: Hydrapple
|
|upkeep
|turn|26
|
|t:|1743812086
|move|p1a: Hydrapple|Nasty Plot|p1a: Hydrapple
|-boost|p1a: Hydrapple|spa|2
|move|p2a: Clodsire|Earthquake|p1a: Hydrapple
|-supereffective|p1a: Hydrapple
|-damage|p1a: Hydrapple|72/100
|
|upkeep
|turn|27
|
|t:|1743812093
|move|p1a: Hydrapple|Giga Drain|p2a: Clodsire
|-crit|p2a: Clodsire
|-damage|p2a: Clodsire|76/100
|-heal|p1a: Hydrapple|85/100|[from] drain|[of] p2a: Clodsire
|move|p2a: Clodsire|Earthquake|p1a: Hydrapple
|-supereffective|p1a: Hydrapple
|-damage|p1a: Hydrapple|51/100
|
|upkeep
|turn|28
|
|t:|1743812099
|move|p1a: Hydrapple|Giga Drain|p2a: Clodsire
|-damage|p2a: Clodsire|58/100
|-heal|p1a: Hydrapple|61/100|[from] drain|[of] p2a: Clodsire
|move|p2a: Clodsire|Earthquake|p1a: Hydrapple
|-supereffective|p1a: Hydrapple
|-damage|p1a: Hydrapple|29/100
|
|upkeep
|turn|29
|
|t:|1743812108
|switch|p1a: Crawdaunt|Crawdaunt, F|38/100
|move|p2a: Clodsire|Recover|p2a: Clodsire
|-heal|p2a: Clodsire|100/100
|
|upkeep
|turn|30
|
|t:|1743812116
|switch|p2a: Garganacl|Garganacl, F, tera:Water|100/100
|-damage|p2a: Garganacl|88/100|[from] Spikes
|-damage|p2a: Garganacl|76/100|[from] Stealth Rock
|move|p1a: Crawdaunt|Crabhammer|p2a: Garganacl
|-resisted|p2a: Garganacl
|-damage|p2a: Garganacl|52/100
|
|upkeep
|turn|31
|
|t:|1743812132
|move|p1a: Crawdaunt|Close Combat|p2a: Garganacl
|-damage|p2a: Garganacl|24/100
|-unboost|p1a: Crawdaunt|def|1
|-unboost|p1a: Crawdaunt|spd|1
|move|p2a: Garganacl|Salt Cure|p1a: Crawdaunt
|-damage|p1a: Crawdaunt|5/100
|-start|p1a: Crawdaunt|Salt Cure
|
|-damage|p1a: Crawdaunt|0 fnt|[from] Salt Cure
|faint|p1a: Crawdaunt
|upkeep
|
|t:|1743812138
|switch|p1a: Hydrapple|Hydrapple, F, tera:Steel|29/100
|turn|32
|
|t:|1743812141
|move|p1a: Hydrapple|Giga Drain|p2a: Garganacl
|-supereffective|p2a: Garganacl
|-damage|p2a: Garganacl|0 fnt
|-heal|p1a: Hydrapple|40/100|[from] drain|[of] p2a: Garganacl
|faint|p2a: Garganacl
|
|upkeep
|
|t:|1743812144
|switch|p2a: Weavile|Weavile, F|100/100
|-ability|p2a: Weavile|Pressure
|turn|33
|
|t:|1743812150
|move|p2a: Weavile|Swords Dance|p2a: Weavile
|-boost|p2a: Weavile|atk|2
|move|p1a: Hydrapple|Body Press|p2a: Weavile
|-supereffective|p2a: Weavile
|-damage|p2a: Weavile|0 fnt
|faint|p2a: Weavile
|
|upkeep
|
|t:|1743812156
|switch|p2a: Clodsire|Clodsire, F|100/100
|turn|34
|
|t:|1743812165
|switch|p1a: Dragapult|Dragapult, F|76/100
|-damage|p1a: Dragapult|64/100|[from] Stealth Rock
|-damage|p1a: Dragapult|51/100|[from] Spikes
|move|p2a: Clodsire|Earthquake|p1a: Dragapult
|-damage|p1a: Dragapult|12/100
|
|upkeep
|turn|35
|
|t:|1743812172
|move|p1a: Dragapult|Dragon Darts|p2a: Clodsire
|-damage|p2a: Clodsire|60/100
|-anim|p1a: Dragapult|Dragon Darts|p2a: Clodsire
|-damage|p2a: Clodsire|17/100
|move|p2a: Clodsire|Earthquake|p1a: Dragapult
|-damage|p1a: Dragapult|0 fnt
|faint|p1a: Dragapult
|
|upkeep
|
|t:|1743812178
|switch|p1a: Hydrapple|Hydrapple, F, tera:Steel|40/100
|turn|36
|
|t:|1743812182
|move|p1a: Hydrapple|Earth Power|p2a: Clodsire
|-supereffective|p2a: Clodsire
|-damage|p2a: Clodsire|0 fnt
|faint|p2a: Clodsire
|
|upkeep
|
|t:|1743812185
|switch|p2a: Sinistcha|Sinistcha|100/100
|turn|37
|
|t:|1743812189
|move|p2a: Sinistcha|Shadow Ball|p1a: Hydrapple
|-damage|p1a: Hydrapple|7/100
|-unboost|p1a: Hydrapple|spd|1
|move|p1a: Hydrapple|Nasty Plot|p1a: Hydrapple
|-boost|p1a: Hydrapple|spa|2
|
|upkeep
|turn|38
|
|t:|1743812192
|move|p2a: Sinistcha|Shadow Ball|p1a: Hydrapple
|-damage|p1a: Hydrapple|0 fnt
|faint|p1a: Hydrapple
|
|win|JackRG1
|raw|ChinaG's rating: 1443 &rarr; <strong>1423</strong><br />(-20 for losing)
|raw|JackRG1's rating: 1438 &rarr; <strong>1458</strong><br />(+20 for winning)
|c|☆ChinaG|g
|c|☆ChinaG|g
|l|☆ChinaG
|player|p1|
|l|‽JackRG1
|player|p2|
