|j|☆Hsbdbdbd
|j|☆Mawile438
|t:|1743780276
|gametype|singles
|player|p1|Hsbdbdbd|1|1569
|player|p2|Mawile438|101|1528
|teamsize|p1|6
|teamsize|p2|6
|gen|9
|tier|[Gen 9] OU
|rated|
|rule|HP Percentage Mod: HP is shown in percentages
|rule|Endless Battle Clause: Forcing endless battles is banned
|rule|Species Clause: Limit one of each Pokémon
|rule|OHKO Clause: OHKO moves are banned
|rule|Evasion Items Clause: Evasion items are banned
|rule|Evasion Moves Clause: Evasion moves are banned
|rule|Sleep Moves Clause: Sleep-inducing moves are banned
|clearpoke
|poke|p1|Comfey, M|
|poke|p1|Whimsicott, M|
|poke|p1|Iron Moth|
|poke|p1|Walking Wake|
|poke|p1|Great Tusk|
|poke|p1|Ninetales, F|
|poke|p2|Tyranitar, F|
|poke|p2|Excadrill, F|
|poke|p2|Mandibuzz, F|
|poke|p2|Glimmora, F|
|poke|p2|Arcanine-Hisui, F|
|poke|p2|Primarina, F|
|teampreview
|inactive|Battle timer is ON: inactive players will automatically lose when time's up. (requested by Mawile438)
|
|t:|1743780299
|start
|switch|p1a: Great Tusk|Great Tusk|100/100
|switch|p2a: Primarina|Primarina, F|100/100
|turn|1
|
|t:|1743780312
|move|p1a: Great Tusk|Stealth Rock|p2a: Primarina
|-sidestart|p2: Mawile438|move: Stealth Rock
|move|p2a: Primarina|Sparkling Aria|p1a: Great Tusk
|-supereffective|p1a: Great Tusk
|-damage|p1a: Great Tusk|0 fnt
|faint|p1a: Great Tusk
|-end|p1a: Great Tusk|Protosynthesis|[silent]
|
|upkeep
|
|t:|1743780314
|switch|p1a: Ninetales|Ninetales, F|100/100
|-weather|SunnyDay|[from] ability: Drought|[of] p1a: Ninetales
|turn|2
|
|t:|1743780321
|switch|p1a: Whimsicott|Whimsicott, M|100/100
|move|p2a: Primarina|Moonblast|p1a: Whimsicott
|-damage|p1a: Whimsicott|21/100
|
|-weather|SunnyDay|[upkeep]
|upkeep
|turn|3
|
|t:|1743780332
|switch|p2a: Tyranitar|Tyranitar, F, shiny|100/100
|-damage|p2a: Tyranitar|88/100|[from] Stealth Rock
|-weather|Sandstorm|[from] ability: Sand Stream|[of] p2a: Tyranitar
|move|p1a: Whimsicott|Giga Drain|p2a: Tyranitar
|-supereffective|p2a: Tyranitar
|-damage|p2a: Tyranitar|53/100
|-heal|p1a: Whimsicott|42/100|[from] drain|[of] p2a: Tyranitar
|-damage|p1a: Whimsicott|33/100|[from] item: Life Orb
|
|-weather|Sandstorm|[upkeep]
|-damage|p1a: Whimsicott|26/100|[from] Sandstorm
|upkeep
|turn|4
|
|t:|1743780344
|move|p1a: Whimsicott|Moonblast|p2a: Tyranitar
|-supereffective|p2a: Tyranitar
|-damage|p2a: Tyranitar|7/100
|-unboost|p2a: Tyranitar|spa|1
|-damage|p1a: Whimsicott|17/100|[from] item: Life Orb
|move|p2a: Tyranitar|Knock Off|p1a: Whimsicott
|-resisted|p1a: Whimsicott
|-damage|p1a: Whimsicott|0 fnt
|-enditem|p1a: Whimsicott|Life Orb|[from] move: Knock Off|[of] p2a: Tyranitar
|faint|p1a: Whimsicott
|
|-weather|Sandstorm|[upkeep]
|upkeep
|
|t:|1743780348
|switch|p1a: Ninetales|Ninetales, F|100/100
|-weather|SunnyDay|[from] ability: Drought|[of] p1a: Ninetales
|turn|5
|
|t:|1743780357
|move|p1a: Ninetales|Weather Ball|p2a: Tyranitar
|-resisted|p2a: Tyranitar
|-damage|p2a: Tyranitar|0 fnt
|faint|p2a: Tyranitar
|
|-weather|SunnyDay|[upkeep]
|upkeep
|
|t:|1743780360
|switch|p2a: Arcanine|Arcanine-Hisui, F, shiny|100/100
|-damage|p2a: Arcanine|76/100|[from] Stealth Rock
|turn|6
|inactive|Hsbdbdbd has 120 seconds left.
|
|t:|1743780391
|move|p2a: Arcanine|Head Smash|p1a: Ninetales
|-supereffective|p1a: Ninetales
|-damage|p1a: Ninetales|0 fnt
|faint|p1a: Ninetales
|
|-weather|SunnyDay|[upkeep]
|upkeep
|
|t:|1743780394
|switch|p1a: Walking Wake|Walking Wake|100/100
|-activate|p1a: Walking Wake|ability: Protosynthesis
|-start|p1a: Walking Wake|protosynthesisspe
|turn|7
|
|t:|1743780399
|switch|p2a: Primarina|Primarina, F|100/100
|-damage|p2a: Primarina|88/100|[from] Stealth Rock
|move|p1a: Walking Wake|Flip Turn|p2a: Primarina
|-resisted|p2a: Primarina
|-damage|p2a: Primarina|83/100
|
|t:|1743780400
|-end|p1a: Walking Wake|Protosynthesis|[silent]
|switch|p1a: Iron Moth|Iron Moth|100/100|[from] Flip Turn
|-enditem|p1a: Iron Moth|Booster Energy
|-activate|p1a: Iron Moth|ability: Quark Drive|[fromitem]
|-start|p1a: Iron Moth|quarkdrivespa
|
|-weather|SunnyDay|[upkeep]
|upkeep
|turn|8
|
|t:|1743780420
|switch|p2a: Glimmora|Glimmora, F, shiny|100/100
|-damage|p2a: Glimmora|88/100|[from] Stealth Rock
|move|p1a: Iron Moth|Solar Beam||[still]
|-prepare|p1a: Iron Moth|Solar Beam
|-anim|p1a: Iron Moth|Solar Beam|p2a: Glimmora
|-damage|p2a: Glimmora|19/100
|
|-weather|SunnyDay|[upkeep]
|upkeep
|turn|9
|
|t:|1743780429
|move|p1a: Iron Moth|Fiery Dance|p2a: Glimmora
|-resisted|p2a: Glimmora
|-damage|p2a: Glimmora|0 fnt
|-boost|p1a: Iron Moth|spa|1
|faint|p2a: Glimmora
|
|-weather|SunnyDay|[upkeep]
|upkeep
|
|t:|1743780435
|switch|p2a: Arcanine|Arcanine-Hisui, F, shiny|76/100
|-damage|p2a: Arcanine|51/100|[from] Stealth Rock
|turn|10
|
|t:|1743780439
|move|p2a: Arcanine|Head Smash|p1a: Iron Moth
|-supereffective|p1a: Iron Moth
|-damage|p1a: Iron Moth|0 fnt
|faint|p1a: Iron Moth
|-end|p1a: Iron Moth|Quark Drive|[silent]
|
|-weather|SunnyDay|[upkeep]
|upkeep
|
|t:|1743780442
|switch|p1a: Walking Wake|Walking Wake|100/100
|-activate|p1a: Walking Wake|ability: Protosynthesis
|-start|p1a: Walking Wake|protosynthesisspe
|turn|11
|
|t:|1743780446
|switch|p2a: Primarina|Primarina, F|83/100
|-damage|p2a: Primarina|71/100|[from] Stealth Rock
|move|p1a: Walking Wake|Hydro Steam|p2a: Primarina
|-resisted|p2a: Primarina
|-damage|p2a: Primarina|57/100
|
|-weather|SunnyDay|[upkeep]
|upkeep
|turn|12
|
|t:|1743780450
|move|p1a: Walking Wake|Knock Off|p2a: Primarina
|-resisted|p2a: Primarina
|-damage|p2a: Primarina|47/100
|-enditem|p2a: Primarina|Assault Vest|[from] move: Knock Off|[of] p1a: Walking Wake
|move|p2a: Primarina|Moonblast|p1a: Walking Wake
|-supereffective|p1a: Walking Wake
|-damage|p1a: Walking Wake|33/100
|
|-weather|none
|-end|p1a: Walking Wake|Protosynthesis
|upkeep
|turn|13
|
|t:|1743780458
|move|p1a: Walking Wake|Hydro Steam|p2a: Primarina
|-resisted|p2a: Primarina
|-damage|p2a: Primarina|32/100
|move|p2a: Primarina|Moonblast|p1a: Walking Wake
|-supereffective|p1a: Walking Wake
|-crit|p1a: Walking Wake
|-damage|p1a: Walking Wake|0 fnt
|faint|p1a: Walking Wake
|-end|p1a: Walking Wake|Protosynthesis|[silent]
|
|upkeep
|
|t:|1743780460
|switch|p1a: Comfey|Comfey, M|100/100
|turn|14
|
|t:|1743780473
|-terastallize|p1a: Comfey|Water
|move|p1a: Comfey|Growth|p1a: Comfey
|-boost|p1a: Comfey|atk|1
|-boost|p1a: Comfey|spa|1
|move|p2a: Primarina|Moonblast|p1a: Comfey
|-damage|p1a: Comfey|45/100
|
|upkeep
|turn|15
|
|t:|1743780480
|move|p1a: Comfey|Draining Kiss|p2a: Primarina
|-damage|p2a: Primarina|0 fnt
|-heal|p1a: Comfey|74/100|[from] drain|[of] p2a: Primarina
|faint|p2a: Primarina
|-damage|p1a: Comfey|64/100|[from] item: Life Orb
|
|upkeep
|
|t:|1743780485
|switch|p2a: Arcanine|Arcanine-Hisui, F, shiny|51/100
|-damage|p2a: Arcanine|26/100|[from] Stealth Rock
|turn|16
|
|t:|1743780488
|move|p1a: Comfey|Draining Kiss|p2a: Arcanine
|-resisted|p2a: Arcanine
|-damage|p2a: Arcanine|0 fnt
|-heal|p1a: Comfey|85/100|[from] drain|[of] p2a: Arcanine
|faint|p2a: Arcanine
|-damage|p1a: Comfey|75/100|[from] item: Life Orb
|
|upkeep
|
|t:|1743780492
|switch|p2a: Excadrill|Excadrill, F, shiny|100/100
|-damage|p2a: Excadrill|97/100|[from] Stealth Rock
|turn|17
|
|t:|1743780503
|-terastallize|p2a: Excadrill|Fire
|move|p2a: Excadrill|Earthquake|p1a: Comfey
|-damage|p1a: Comfey|0 fnt
|faint|p1a: Comfey
|-damage|p2a: Excadrill|87/100|[from] item: Life Orb
|
|win|Mawile438
|raw|Hsbdbdbd's rating: 1569 &rarr; <strong>1547</strong><br />(-22 for losing)
|raw|Mawile438's rating: 1528 &rarr; <strong>1550</strong><br />(+22 for winning)
|l|☆Mawile438
|player|p2|
|l|☆Hsbdbdbd
|player|p1|
