|j|☆pipitonga
|j|☆twn12
|t:|1743909606
|gametype|singles
|player|p1|pipitonga|169|1143
|player|p2|twn12|lucian|1139
|teamsize|p1|6
|teamsize|p2|6
|gen|9
|tier|[Gen 9] OU
|rated|
|rule|HP Percentage Mod: HP is shown in percentages
|rule|Endless Battle Clause: Forcing endless battles is banned
|rule|Species Clause: Limit one of each Pokémon
|rule|OHKO Clause: OHKO moves are banned
|rule|Evasion Items Clause: Evasion items are banned
|rule|Evasion Moves Clause: Evasion moves are banned
|rule|Sleep Moves Clause: Sleep-inducing moves are banned
|clearpoke
|poke|p1|Garganacl, M|
|poke|p1|Kingambit, M|
|poke|p1|Corviknight, F|
|poke|p1|Rotom-Wash|
|poke|p1|Iron Moth|
|poke|p1|Great Tusk|
|poke|p2|Cinderace, M|
|poke|p2|Corviknight, M|
|poke|p2|Clefable, F|
|poke|p2|Rillaboom, F|
|poke|p2|Ogerpon-Wellspring, F|
|poke|p2|Dragonair, F|
|teampreview
|inactive|Battle timer is ON: inactive players will automatically lose when time's up. (requested by pipitonga)
|
|t:|1743909636
|start
|switch|p1a: Great Tusk|Great Tusk|100/100
|switch|p2a: Dragonair|Dragonair, F|100/100
|turn|1
|inactive|pipitonga has 120 seconds left.
|
|t:|1743909672
|move|p1a: Great Tusk|Stealth Rock|p2a: Dragonair
|-sidestart|p2: twn12|move: Stealth Rock
|move|p2a: Dragonair|Dragon Dance|p2a: Dragonair
|-boost|p2a: Dragonair|atk|1
|-boost|p2a: Dragonair|spe|1
|
|upkeep
|turn|2
|inactive|pipitonga has 120 seconds left.
|
|t:|1743909682
|-end|p1a: Great Tusk|Protosynthesis|[silent]
|switch|p1a: Garganacl|Garganacl, M|100/100
|move|p2a: Dragonair|Waterfall|p1a: Garganacl
|-supereffective|p1a: Garganacl
|-damage|p1a: Garganacl|62/100
|
|-heal|p1a: Garganacl|69/100|[from] item: Leftovers
|upkeep
|turn|3
|
|t:|1743909690
|move|p2a: Dragonair|Dragon Dance|p2a: Dragonair
|-boost|p2a: Dragonair|atk|1
|-boost|p2a: Dragonair|spe|1
|move|p1a: Garganacl|Salt Cure|p2a: Dragonair
|-damage|p2a: Dragonair|84/100
|-start|p2a: Dragonair|Salt Cure
|
|-heal|p1a: Garganacl|75/100|[from] item: Leftovers
|-damage|p2a: Dragonair|72/100|[from] Salt Cure
|upkeep
|turn|4
|
|t:|1743909699
|move|p2a: Dragonair|Waterfall|p1a: Garganacl
|-supereffective|p1a: Garganacl
|-damage|p1a: Garganacl|22/100
|move|p1a: Garganacl|Curse|p1a: Garganacl
|-unboost|p1a: Garganacl|spe|1
|-boost|p1a: Garganacl|atk|1
|-boost|p1a: Garganacl|def|1
|
|-heal|p1a: Garganacl|28/100|[from] item: Leftovers
|-damage|p2a: Dragonair|60/100|[from] Salt Cure
|upkeep
|turn|5
|
|t:|1743909708
|move|p2a: Dragonair|Waterfall|p1a: Garganacl
|-supereffective|p1a: Garganacl
|-damage|p1a: Garganacl|0 fnt
|faint|p1a: Garganacl
|
|-damage|p2a: Dragonair|47/100|[from] Salt Cure
|upkeep
|
|t:|1743909714
|switch|p1a: Corviknight|Corviknight, F|100/100
|-ability|p1a: Corviknight|Pressure
|turn|6
|
|t:|1743909723
|move|p2a: Dragonair|Waterfall|p1a: Corviknight
|-damage|p1a: Corviknight|77/100
|-damage|p2a: Dragonair|31/100|[from] item: Rocky Helmet|[of] p1a: Corviknight
|move|p1a: Corviknight|Brave Bird|p2a: Dragonair
|-damage|p2a: Dragonair|0 fnt
|faint|p2a: Dragonair
|-damage|p1a: Corviknight|70/100|[from] Recoil
|
|upkeep
|
|t:|1743909732
|switch|p2a: Cinderace|Cinderace, M|100/100
|-damage|p2a: Cinderace|76/100|[from] Stealth Rock
|turn|7
|
|t:|1743909752
|-terastallize|p1a: Corviknight|Dragon
|move|p2a: Cinderace|Pyro Ball|p1a: Corviknight
|-resisted|p1a: Corviknight
|-damage|p1a: Corviknight|49/100
|-damage|p2a: Cinderace|66/100|[from] item: Life Orb
|move|p1a: Corviknight|Brave Bird|p2a: Cinderace
|-damage|p2a: Cinderace|16/100
|-damage|p1a: Corviknight|35/100|[from] Recoil
|
|upkeep
|turn|8
|
|t:|1743909763
|move|p2a: Cinderace|Court Change|p2a: Cinderace
|-start|p2a: Cinderace|typechange|Normal|[from] ability: Libero
|-swapsideconditions
|-activate|p2a: Cinderace|move: Court Change
|move|p1a: Corviknight|Brave Bird|p2a: Cinderace
|-damage|p2a: Cinderace|0 fnt
|faint|p2a: Cinderace
|-damage|p1a: Corviknight|31/100|[from] Recoil
|
|upkeep
|
|t:|1743909779
|switch|p2a: Ogerpon|Ogerpon-Wellspring, F|100/100
|turn|9
|
|t:|1743909786
|move|p2a: Ogerpon|Swords Dance|p2a: Ogerpon
|-boost|p2a: Ogerpon|atk|2
|move|p1a: Corviknight|Defog|p2a: Ogerpon
|-unboost|p2a: Ogerpon|evasion|1
|-sideend|p1: pipitonga|Stealth Rock|[from] move: Defog|[of] p1a: Corviknight
|
|upkeep
|turn|10
|
|t:|1743909792
|move|p2a: Ogerpon|Ivy Cudgel|p1a: Corviknight|[anim] Ivy Cudgel Water
|-resisted|p1a: Corviknight
|-damage|p1a: Corviknight|2/100
|move|p1a: Corviknight|Roost|p1a: Corviknight
|-heal|p1a: Corviknight|52/100
|
|upkeep
|turn|11
|
|t:|1743909798
|move|p2a: Ogerpon|U-turn|p1a: Corviknight
|-damage|p1a: Corviknight|23/100
|-damage|p2a: Ogerpon|84/100|[from] item: Rocky Helmet|[of] p1a: Corviknight
|
|t:|1743909803
|switch|p2a: Corviknight|Corviknight, M, shiny|100/100|[from] U-turn
|move|p1a: Corviknight|Roost|p1a: Corviknight
|-heal|p1a: Corviknight|73/100
|
|upkeep
|turn|12
|
|t:|1743909812
|switch|p1a: Rotom|Rotom-Wash|100/100
|move|p2a: Corviknight|Tailwind|p2a: Corviknight
|-sidestart|p2: twn12|move: Tailwind
|
|upkeep
|turn|13
|
|t:|1743909820
|-terastallize|p2a: Corviknight|Dragon
|move|p2a: Corviknight|Iron Defense|p2a: Corviknight
|-boost|p2a: Corviknight|def|2
|move|p1a: Rotom|Will-O-Wisp|p2a: Corviknight
|-status|p2a: Corviknight|brn
|
|-damage|p2a: Corviknight|94/100 brn|[from] brn
|upkeep
|turn|14
|
|t:|1743909829
|move|p2a: Corviknight|Iron Defense|p2a: Corviknight
|-boost|p2a: Corviknight|def|2
|move|p1a: Rotom|Hydro Pump|p2a: Corviknight
|-resisted|p2a: Corviknight
|-damage|p2a: Corviknight|74/100 brn
|
|-heal|p2a: Corviknight|80/100 brn|[from] item: Leftovers
|-damage|p2a: Corviknight|74/100 brn|[from] brn
|upkeep
|turn|15
|
|t:|1743909838
|move|p2a: Corviknight|Body Press|p1a: Rotom
|-damage|p1a: Rotom|74/100
|move|p1a: Rotom|Volt Switch|p2a: Corviknight
|-resisted|p2a: Corviknight
|-damage|p2a: Corviknight|61/100 brn
|
|t:|1743909845
|switch|p1a: Iron Moth|Iron Moth|100/100|[from] Volt Switch
|-enditem|p1a: Iron Moth|Booster Energy
|-activate|p1a: Iron Moth|ability: Quark Drive|[fromitem]
|-start|p1a: Iron Moth|quarkdrivespe
|
|-heal|p2a: Corviknight|67/100 brn|[from] item: Leftovers
|-damage|p2a: Corviknight|61/100 brn|[from] brn
|-sideend|p2: twn12|move: Tailwind
|upkeep
|turn|16
|
|t:|1743909856
|move|p1a: Iron Moth|Fiery Dance|p2a: Corviknight
|-resisted|p2a: Corviknight
|-damage|p2a: Corviknight|39/100 brn
|-boost|p1a: Iron Moth|spa|1
|move|p2a: Corviknight|Tailwind|p2a: Corviknight
|-sidestart|p2: twn12|move: Tailwind
|
|-heal|p2a: Corviknight|45/100 brn|[from] item: Leftovers
|-damage|p2a: Corviknight|39/100 brn|[from] brn
|upkeep
|turn|17
|
|t:|1743909866
|move|p1a: Iron Moth|Fiery Dance|p2a: Corviknight
|-resisted|p2a: Corviknight
|-crit|p2a: Corviknight
|-damage|p2a: Corviknight|0 fnt
|faint|p2a: Corviknight
|
|upkeep
|
|t:|1743909873
|switch|p2a: Ogerpon|Ogerpon-Wellspring, F|84/100
|turn|18
|
|t:|1743909879
|move|p2a: Ogerpon|Ivy Cudgel|p1a: Iron Moth|[anim] Ivy Cudgel Water
|-supereffective|p1a: Iron Moth
|-damage|p1a: Iron Moth|0 fnt
|faint|p1a: Iron Moth
|-end|p1a: Iron Moth|Quark Drive|[silent]
|
|upkeep
|
|t:|1743909902
|switch|p1a: Rotom|Rotom-Wash|74/100
|turn|19
|
|t:|1743909908
|move|p2a: Ogerpon|Horn Leech|p1a: Rotom
|-supereffective|p1a: Rotom
|-damage|p1a: Rotom|14/100
|-heal|p2a: Ogerpon|100/100|[from] drain|[of] p1a: Rotom
|move|p1a: Rotom|Volt Switch|p2a: Ogerpon
|-damage|p2a: Ogerpon|72/100
|
|t:|1743909915
|switch|p1a: Kingambit|Kingambit, M|100/100|[from] Volt Switch
|-activate|p1a: Kingambit|ability: Supreme Overlord
|-start|p1a: Kingambit|fallen2|[silent]
|
|-sideend|p2: twn12|move: Tailwind
|upkeep
|turn|20
|
|t:|1743909922
|move|p2a: Ogerpon|U-turn|p1a: Kingambit
|-damage|p1a: Kingambit|83/100
|
|t:|1743909926
|switch|p2a: Rillaboom|Rillaboom, F|100/100|[from] U-turn
|-fieldstart|move: Grassy Terrain|[from] ability: Grassy Surge|[of] p2a: Rillaboom
|-enditem|p2a: Rillaboom|Grassy Seed
|-boost|p2a: Rillaboom|def|1|[from] item: Grassy Seed
|move|p1a: Kingambit|Swords Dance|p1a: Kingambit
|-boost|p1a: Kingambit|atk|2
|
|-heal|p1a: Kingambit|89/100|[from] Grassy Terrain
|-heal|p1a: Kingambit|95/100|[from] item: Leftovers
|upkeep
|turn|21
|
|t:|1743909939
|move|p1a: Kingambit|Sucker Punch|p2a: Rillaboom
|-damage|p2a: Rillaboom|37/100
|move|p2a: Rillaboom|Drum Beating|p1a: Kingambit
|-resisted|p1a: Kingambit
|-damage|p1a: Kingambit|77/100
|-unboost|p1a: Kingambit|spe|1
|
|-heal|p2a: Rillaboom|43/100|[from] Grassy Terrain
|-heal|p1a: Kingambit|83/100|[from] Grassy Terrain
|-heal|p1a: Kingambit|89/100|[from] item: Leftovers
|upkeep
|turn|22
|
|t:|1743909948
|move|p2a: Rillaboom|Grassy Glide|p1a: Kingambit
|-resisted|p1a: Kingambit
|-damage|p1a: Kingambit|77/100
|move|p1a: Kingambit|Sucker Punch||[still]
|-fail|p1a: Kingambit
|
|-heal|p2a: Rillaboom|49/100|[from] Grassy Terrain
|-heal|p1a: Kingambit|83/100|[from] Grassy Terrain
|-heal|p1a: Kingambit|89/100|[from] item: Leftovers
|upkeep
|turn|23
|
|t:|1743909958
|move|p2a: Rillaboom|Grassy Glide|p1a: Kingambit
|-resisted|p1a: Kingambit
|-damage|p1a: Kingambit|77/100
|move|p1a: Kingambit|Kowtow Cleave|p2a: Rillaboom
|-damage|p2a: Rillaboom|0 fnt
|faint|p2a: Rillaboom
|
|-heal|p1a: Kingambit|84/100|[from] Grassy Terrain
|-heal|p1a: Kingambit|90/100|[from] item: Leftovers
|upkeep
|
|t:|1743909964
|switch|p2a: Ogerpon|Ogerpon-Wellspring, F|72/100
|turn|24
|
|t:|1743909971
|move|p2a: Ogerpon|Ivy Cudgel|p1a: Kingambit|[anim] Ivy Cudgel Water
|-damage|p1a: Kingambit|53/100
|move|p1a: Kingambit|Kowtow Cleave|p2a: Ogerpon
|-damage|p2a: Ogerpon|0 fnt
|faint|p2a: Ogerpon
|
|-heal|p1a: Kingambit|60/100|[from] Grassy Terrain
|-heal|p1a: Kingambit|66/100|[from] item: Leftovers
|-fieldend|move: Grassy Terrain
|upkeep
|
|t:|1743909976
|switch|p2a: Clefable|Clefable, F|100/100
|turn|25
|
|t:|1743909983
|move|p2a: Clefable|Moonblast|p1a: Kingambit
|-damage|p1a: Kingambit|33/100
|move|p1a: Kingambit|Iron Head|p2a: Clefable
|-supereffective|p2a: Clefable
|-damage|p2a: Clefable|0 fnt
|faint|p2a: Clefable
|
|win|pipitonga
|raw|pipitonga's rating: 1143 &rarr; <strong>1168</strong><br />(+25 for winning)
|raw|twn12's rating: 1139 &rarr; <strong>1114</strong><br />(-25 for losing)
|l|☆twn12
|player|p2|
|l|☆pipitonga
|player|p1|
