|j|☆chubby hi hi see
|j|☆Catryepie
|t:|1743833499
|gametype|singles
|player|p1|chubby hi hi see|265|1138
|player|p2|Catryepie|preschoolerf|1084
|teamsize|p1|6
|teamsize|p2|6
|gen|9
|tier|[Gen 9] OU
|rated|
|rule|HP Percentage Mod: HP is shown in percentages
|rule|Endless Battle Clause: Forcing endless battles is banned
|rule|Species Clause: Limit one of each Pokémon
|rule|OHKO Clause: OHKO moves are banned
|rule|Evasion Items Clause: Evasion items are banned
|rule|Evasion Moves Clause: Evasion moves are banned
|rule|Sleep Moves Clause: Sleep-inducing moves are banned
|clearpoke
|poke|p1|Maushold|
|poke|p1|Iron Valiant|
|poke|p1|Landorus-Therian, M|
|poke|p1|Dragapult, F|
|poke|p1|Hoopa-Unbound|
|poke|p1|Goodra-Hisui, F|
|poke|p2|Morpeko, F|
|poke|p2|Jirachi|
|poke|p2|Chespin, M|
|poke|p2|Pecharunt|
|poke|p2|Manaphy|
|poke|p2|Clefable, M|
|teampreview
|
|t:|1743833506
|start
|switch|p1a: Landorus|Landorus-Therian, M|100/100
|switch|p2a: Chespin|Chespin, M|100/100
|-ability|p1a: Landorus|Intimidate|boost
|-unboost|p2a: Chespin|atk|1
|turn|1
|
|t:|1743833515
|move|p1a: Landorus|Stealth Rock|p2a: Chespin
|-sidestart|p2: Catryepie|move: Stealth Rock
|move|p2a: Chespin|Leech Seed|p1a: Landorus
|-start|p1a: Landorus|move: Leech Seed
|
|-damage|p1a: Landorus|88/100|[from] Leech Seed|[of] p2a: Chespin
|upkeep
|turn|2
|
|t:|1743833538
|switch|p1a: Goodra|Goodra-Hisui, F|100/100
|move|p2a: Chespin|Substitute|p2a: Chespin
|-start|p2a: Chespin|Substitute
|-damage|p2a: Chespin|75/100
|
|upkeep
|turn|3
|
|t:|1743833547
|move|p2a: Chespin|Leech Seed|p1a: Goodra
|-start|p1a: Goodra|move: Leech Seed
|move|p1a: Goodra|Substitute|p1a: Goodra
|-start|p1a: Goodra|Substitute
|-damage|p1a: Goodra|76/100
|
|-heal|p1a: Goodra|82/100|[from] item: Leftovers
|-damage|p1a: Goodra|69/100|[from] Leech Seed|[of] p2a: Chespin
|-heal|p2a: Chespin|90/100|[silent]
|upkeep
|turn|4
|
|t:|1743833564
|switch|p1a: Maushold|Maushold|100/100
|move|p2a: Chespin|Sunny Day|p2a: Chespin
|-weather|SunnyDay
|
|-weather|SunnyDay|[upkeep]
|upkeep
|turn|5
|
|t:|1743833572
|-terastallize|p1a: Maushold|Normal
|move|p1a: Maushold|Tidy Up|p1a: Maushold
|-end|p2a: Chespin|Substitute
|-sideend|p2: Catryepie|Stealth Rock
|-activate|p1a: Maushold|move: Tidy Up
|-boost|p1a: Maushold|atk|1
|-boost|p1a: Maushold|spe|1
|move|p2a: Chespin|Leech Seed|p1a: Maushold
|-start|p1a: Maushold|move: Leech Seed
|
|-weather|SunnyDay|[upkeep]
|-damage|p1a: Maushold|88/100|[from] Leech Seed|[of] p2a: Chespin
|-heal|p2a: Chespin|100/100|[silent]
|upkeep
|turn|6
|
|t:|1743833586
|move|p1a: Maushold|Beat Up|p2a: Chespin
|-damage|p2a: Chespin|87/100
|-damage|p2a: Chespin|69/100
|-damage|p2a: Chespin|55/100
|-damage|p2a: Chespin|37/100
|-damage|p2a: Chespin|17/100
|-damage|p2a: Chespin|0 fnt
|faint|p2a: Chespin
|-hitcount|p2: Chespin|6
|
|-weather|SunnyDay|[upkeep]
|upkeep
|
|t:|1743833599
|switch|p2a: Pecharunt|Pecharunt|100/100
|-item|p2a: Pecharunt|Air Balloon
|turn|7
|
|t:|1743833606
|move|p1a: Maushold|Beat Up|p2a: Pecharunt
|-supereffective|p2a: Pecharunt
|-damage|p2a: Pecharunt|91/100
|-enditem|p2a: Pecharunt|Air Balloon
|-supereffective|p2a: Pecharunt
|-damage|p2a: Pecharunt|78/100
|-supereffective|p2a: Pecharunt
|-damage|p2a: Pecharunt|67/100
|-supereffective|p2a: Pecharunt
|-damage|p2a: Pecharunt|55/100
|-supereffective|p2a: Pecharunt
|-damage|p2a: Pecharunt|39/100
|-supereffective|p2a: Pecharunt
|-damage|p2a: Pecharunt|27/100
|-hitcount|p2a: Pecharunt|6
|move|p2a: Pecharunt|Nasty Plot|p2a: Pecharunt
|-boost|p2a: Pecharunt|spa|2
|
|-weather|SunnyDay|[upkeep]
|-damage|p1a: Maushold|76/100|[from] Leech Seed|[of] p2a: Pecharunt
|-heal|p2a: Pecharunt|36/100|[silent]
|upkeep
|turn|8
|
|t:|1743833628
|switch|p2a: Jirachi|Jirachi|100/100
|move|p1a: Maushold|Beat Up|p2a: Jirachi
|-supereffective|p2a: Jirachi
|-damage|p2a: Jirachi|88/100
|-supereffective|p2a: Jirachi
|-damage|p2a: Jirachi|68/100
|-supereffective|p2a: Jirachi
|-damage|p2a: Jirachi|51/100
|-supereffective|p2a: Jirachi
|-damage|p2a: Jirachi|35/100
|-supereffective|p2a: Jirachi
|-crit|p2a: Jirachi
|-damage|p2a: Jirachi|2/100
|-supereffective|p2a: Jirachi
|-damage|p2a: Jirachi|0 fnt
|faint|p2a: Jirachi
|-hitcount|p2: Jirachi|6
|
|-weather|none
|upkeep
|
|t:|1743833643
|switch|p2a: Clefable|Clefable, M|100/100
|turn|9
|
|t:|1743833649
|move|p1a: Maushold|Population Bomb|p2a: Clefable
|-damage|p2a: Clefable|81/100
|-damage|p1a: Maushold|59/100|[from] item: Rocky Helmet|[of] p2a: Clefable
|-damage|p2a: Clefable|63/100
|-damage|p1a: Maushold|42/100|[from] item: Rocky Helmet|[of] p2a: Clefable
|-hitcount|p2a: Clefable|2
|move|p2a: Clefable|Thunder Wave|p1a: Maushold
|-status|p1a: Maushold|par
|
|-damage|p1a: Maushold|30/100 par|[from] Leech Seed|[of] p2a: Clefable
|-heal|p2a: Clefable|72/100|[silent]
|upkeep
|turn|10
|
|t:|1743833664
|cant|p1a: Maushold|par
|move|p2a: Clefable|Moonlight|p2a: Clefable
|-heal|p2a: Clefable|100/100
|
|-damage|p1a: Maushold|17/100 par|[from] Leech Seed|[of] p2a: Clefable
|upkeep
|turn|11
|
|t:|1743833670
|move|p1a: Maushold|Bullet Seed|p2a: Clefable
|-damage|p2a: Clefable|89/100
|-damage|p2a: Clefable|76/100
|-damage|p2a: Clefable|63/100
|-damage|p2a: Clefable|52/100
|-crit|p2a: Clefable
|-damage|p2a: Clefable|34/100
|-hitcount|p2a: Clefable|5
|move|p2a: Clefable|Moonblast|p1a: Maushold
|-damage|p1a: Maushold|0 fnt
|faint|p1a: Maushold
|
|upkeep
|
|t:|1743833687
|switch|p1a: Goodra|Goodra-Hisui, F|69/100
|turn|12
|
|t:|1743833706
|switch|p2a: Manaphy|Manaphy|100/100
|move|p1a: Goodra|Substitute|p1a: Goodra
|-start|p1a: Goodra|Substitute
|-damage|p1a: Goodra|45/100
|
|-heal|p1a: Goodra|51/100|[from] item: Leftovers
|upkeep
|turn|13
|
|t:|1743833717
|move|p2a: Manaphy|Ice Beam|p1a: Goodra
|-activate|p1a: Goodra|move: Substitute|[damage]
|move|p1a: Goodra|Curse|p1a: Goodra
|-unboost|p1a: Goodra|spe|1
|-boost|p1a: Goodra|atk|1
|-boost|p1a: Goodra|def|1
|
|-heal|p1a: Goodra|57/100|[from] item: Leftovers
|upkeep
|turn|14
|
|t:|1743833729
|move|p2a: Manaphy|Ice Beam|p1a: Goodra
|-end|p1a: Goodra|Substitute
|move|p1a: Goodra|Body Press|p2a: Manaphy
|-damage|p2a: Manaphy|70/100
|
|-heal|p2a: Manaphy|76/100|[from] item: Leftovers
|-heal|p1a: Goodra|63/100|[from] item: Leftovers
|upkeep
|turn|15
|
|t:|1743833737
|switch|p1a: Hoopa|Hoopa-Unbound|100/100
|move|p2a: Manaphy|Tail Glow|p2a: Manaphy
|-boost|p2a: Manaphy|spa|3
|
|-heal|p2a: Manaphy|82/100|[from] item: Leftovers
|upkeep
|turn|16
|
|t:|1743833748
|move|p2a: Manaphy|Alluring Voice|p1a: Hoopa
|-supereffective|p1a: Hoopa
|-damage|p1a: Hoopa|29/100
|move|p1a: Hoopa|Knock Off|p2a: Manaphy
|-damage|p2a: Manaphy|12/100
|-enditem|p2a: Manaphy|Leftovers|[from] move: Knock Off|[of] p1a: Hoopa
|
|upkeep
|turn|17
|
|t:|1743833771
|move|p2a: Manaphy|Surf|p1a: Hoopa
|-damage|p1a: Hoopa|0 fnt
|faint|p1a: Hoopa
|
|upkeep
|
|t:|1743833780
|switch|p1a: Dragapult|Dragapult, F|100/100
|turn|18
|
|t:|1743833788
|move|p1a: Dragapult|U-turn|p2a: Manaphy
|-damage|p2a: Manaphy|0 fnt
|faint|p2a: Manaphy
|
|t:|1743833794
|switch|p1a: Goodra|Goodra-Hisui, F|63/100|[from] U-turn
|
|-heal|p1a: Goodra|69/100|[from] item: Leftovers
|upkeep
|
|t:|1743833802
|switch|p2a: Morpeko|Morpeko, F, shiny|100/100
|turn|19
|
|t:|1743833807
|move|p2a: Morpeko|Substitute|p2a: Morpeko
|-start|p2a: Morpeko|Substitute
|-damage|p2a: Morpeko|76/100
|move|p1a: Goodra|Curse|p1a: Goodra
|-unboost|p1a: Goodra|spe|1
|-boost|p1a: Goodra|atk|1
|-boost|p1a: Goodra|def|1
|
|-heal|p1a: Goodra|75/100|[from] item: Leftovers
|-formechange|p2a: Morpeko|Morpeko-Hangry||[from] ability: Hunger Switch
|upkeep
|turn|20
|
|t:|1743833817
|move|p2a: Morpeko|Aura Wheel|p1a: Goodra
|-damage|p1a: Goodra|49/100
|-boost|p2a: Morpeko|spe|1
|move|p1a: Goodra|Curse|p1a: Goodra
|-unboost|p1a: Goodra|spe|1
|-boost|p1a: Goodra|atk|1
|-boost|p1a: Goodra|def|1
|
|-heal|p1a: Goodra|55/100|[from] item: Leftovers
|-formechange|p2a: Morpeko|Morpeko||[from] ability: Hunger Switch
|upkeep
|turn|21
|
|t:|1743833835
|move|p2a: Morpeko|Aura Wheel|p1a: Goodra
|-resisted|p1a: Goodra
|-damage|p1a: Goodra|44/100
|-boost|p2a: Morpeko|spe|1
|move|p1a: Goodra|Substitute|p1a: Goodra
|-start|p1a: Goodra|Substitute
|-damage|p1a: Goodra|20/100
|
|-heal|p1a: Goodra|26/100|[from] item: Leftovers
|-formechange|p2a: Morpeko|Morpeko-Hangry||[from] ability: Hunger Switch
|upkeep
|turn|22
|
|t:|1743833854
|move|p2a: Morpeko|Aura Wheel|p1a: Goodra
|-activate|p1a: Goodra|move: Substitute|[damage]
|-boost|p2a: Morpeko|spe|1
|move|p1a: Goodra|Curse|p1a: Goodra
|-unboost|p1a: Goodra|spe|1
|-boost|p1a: Goodra|atk|1
|-boost|p1a: Goodra|def|1
|
|-heal|p1a: Goodra|32/100|[from] item: Leftovers
|-formechange|p2a: Morpeko|Morpeko||[from] ability: Hunger Switch
|upkeep
|turn|23
|
|t:|1743833866
|move|p2a: Morpeko|Aura Wheel|p1a: Goodra
|-resisted|p1a: Goodra
|-end|p1a: Goodra|Substitute
|-boost|p2a: Morpeko|spe|1
|move|p1a: Goodra|Curse|p1a: Goodra
|-unboost|p1a: Goodra|spe|1
|-boost|p1a: Goodra|atk|1
|-boost|p1a: Goodra|def|1
|
|-heal|p1a: Goodra|38/100|[from] item: Leftovers
|-formechange|p2a: Morpeko|Morpeko-Hangry||[from] ability: Hunger Switch
|upkeep
|turn|24
|
|t:|1743833879
|move|p2a: Morpeko|Rapid Spin|p1a: Goodra
|-resisted|p1a: Goodra
|-damage|p1a: Goodra|36/100
|-boost|p2a: Morpeko|spe|1
|move|p1a: Goodra|Curse|p1a: Goodra
|-unboost|p1a: Goodra|spe|1
|-boost|p1a: Goodra|atk|1
|-boost|p1a: Goodra|def|1
|
|-heal|p1a: Goodra|42/100|[from] item: Leftovers
|-formechange|p2a: Morpeko|Morpeko||[from] ability: Hunger Switch
|upkeep
|turn|25
|
|t:|1743833903
|move|p2a: Morpeko|Aura Wheel|p1a: Goodra
|-resisted|p1a: Goodra
|-damage|p1a: Goodra|37/100
|-boost|p2a: Morpeko|spe|1
|move|p1a: Goodra|Substitute|p1a: Goodra
|-start|p1a: Goodra|Substitute
|-damage|p1a: Goodra|12/100
|
|-heal|p1a: Goodra|18/100|[from] item: Leftovers
|-formechange|p2a: Morpeko|Morpeko-Hangry||[from] ability: Hunger Switch
|upkeep
|turn|26
|
|t:|1743833925
|move|p2a: Morpeko|Aura Wheel|p1a: Goodra
|-activate|p1a: Goodra|move: Substitute|[damage]
|move|p1a: Goodra|Body Press|p2a: Morpeko
|-supereffective|p2a: Morpeko
|-end|p2a: Morpeko|Substitute
|
|-heal|p1a: Goodra|24/100|[from] item: Leftovers
|-formechange|p2a: Morpeko|Morpeko||[from] ability: Hunger Switch
|upkeep
|turn|27
|
|t:|1743833935
|move|p2a: Morpeko|Parting Shot|p1a: Goodra
|-unboost|p1a: Goodra|atk|1
|-unboost|p1a: Goodra|spa|1
|
|t:|1743833941
|switch|p2a: Pecharunt|Pecharunt|36/100|[from] Parting Shot
|move|p1a: Goodra|Body Press|p2a: Pecharunt
|-immune|p2a: Pecharunt
|
|-heal|p1a: Goodra|30/100|[from] item: Leftovers
|upkeep
|turn|28
|
|t:|1743833956
|-terastallize|p2a: Pecharunt|Ghost
|move|p2a: Pecharunt|Nasty Plot|p2a: Pecharunt
|-boost|p2a: Pecharunt|spa|2
|move|p1a: Goodra|Gyro Ball|p2a: Pecharunt
|-damage|p2a: Pecharunt|0 fnt
|faint|p2a: Pecharunt
|
|-heal|p1a: Goodra|36/100|[from] item: Leftovers
|upkeep
|
|t:|1743833966
|switch|p2a: Clefable|Clefable, M|34/100
|turn|29
|
|t:|1743833970
|move|p2a: Clefable|Moonlight|p2a: Clefable
|-heal|p2a: Clefable|84/100
|move|p1a: Goodra|Gyro Ball|p2a: Clefable
|-supereffective|p2a: Clefable
|-damage|p2a: Clefable|0 fnt
|-damage|p1a: Goodra|20/100|[from] item: Rocky Helmet|[of] p2a: Clefable
|faint|p2a: Clefable
|
|-heal|p1a: Goodra|26/100|[from] item: Leftovers
|upkeep
|
|t:|1743833980
|switch|p2a: Morpeko|Morpeko, F, shiny|76/100
|turn|30
|
|t:|1743833985
|move|p2a: Morpeko|Substitute|p2a: Morpeko
|-start|p2a: Morpeko|Substitute
|-damage|p2a: Morpeko|51/100
|move|p1a: Goodra|Gyro Ball|p2a: Morpeko
|-resisted|p2a: Morpeko
|-end|p2a: Morpeko|Substitute
|
|-heal|p1a: Goodra|32/100|[from] item: Leftovers
|-formechange|p2a: Morpeko|Morpeko-Hangry||[from] ability: Hunger Switch
|upkeep
|turn|31
|
|t:|1743833994
|move|p2a: Morpeko|Aura Wheel|p1a: Goodra
|-activate|p1a: Goodra|move: Substitute|[damage]
|-boost|p2a: Morpeko|spe|1
|move|p1a: Goodra|Body Press|p2a: Morpeko
|-supereffective|p2a: Morpeko
|-damage|p2a: Morpeko|0 fnt
|faint|p2a: Morpeko
|
|win|chubby hi hi see
|raw|chubby hi hi see's rating: 1138 &rarr; <strong>1159</strong><br />(+21 for winning)
|raw|Catryepie's rating: 1084 &rarr; <strong>1065</strong><br />(-19 for losing)
|l|☆Catryepie
|player|p2|
|c|☆chubby hi hi see|Gg
