|j|☆Aliester - ES
|j|☆YFN Ghetsis
|t:|1743874037
|gametype|singles
|player|p1|Aliester - ES|101|1619
|player|p2|YFN Ghetsis|266|1561
|teamsize|p1|6
|teamsize|p2|6
|gen|9
|tier|[Gen 9] OU
|rated|
|rule|HP Percentage Mod: HP is shown in percentages
|rule|Endless Battle Clause: Forcing endless battles is banned
|rule|Species Clause: Limit one of each Pokémon
|rule|OHKO Clause: OHKO moves are banned
|rule|Evasion Items Clause: Evasion items are banned
|rule|Evasion Moves Clause: Evasion moves are banned
|rule|Sleep Moves Clause: Sleep-inducing moves are banned
|clearpoke
|poke|p1|Dragapult, M|
|poke|p1|Raging Bolt|
|poke|p1|Ogerpon-Wellspring, F|
|poke|p1|Great Tusk|
|poke|p1|Moltres|
|poke|p1|Primarina, F|
|poke|p2|Barraskewda, M|
|poke|p2|Pelipper, M|
|poke|p2|Walking Wake|
|poke|p2|Iron Treads|
|poke|p2|Ogerpon-Wellspring, F|
|poke|p2|Tornadus-Therian, M|
|teampreview
|j| MiniLarry
|inactive|Battle timer is ON: inactive players will automatically lose when time's up. (requested by Aliester - ES)
|j| usernametestset
|
|t:|1743874075
|start
|switch|p1a: Dragapult|Dragapult, M|100/100
|switch|p2a: Ogerpon|Ogerpon-Wellspring, F|100/100
|turn|1
|
|t:|1743874098
|move|p1a: Dragapult|U-turn|p2a: Ogerpon
|-supereffective|p2a: Ogerpon
|-damage|p2a: Ogerpon|16/100
|
|t:|1743874104
|switch|p1a: Moltres|Moltres|100/100|[from] U-turn
|move|p2a: Ogerpon|Play Rough|p1a: Moltres
|-resisted|p1a: Moltres
|-damage|p1a: Moltres|86/100
|-unboost|p1a: Moltres|atk|1
|
|upkeep
|turn|2
|
|t:|1743874116
|move|p2a: Ogerpon|Play Rough|p1a: Moltres
|-resisted|p1a: Moltres
|-damage|p1a: Moltres|72/100
|move|p1a: Moltres|Flamethrower|p2a: Ogerpon
|-damage|p2a: Ogerpon|0 fnt
|faint|p2a: Ogerpon
|
|upkeep
|
|t:|1743874124
|switch|p2a: Pelipper|Pelipper, M|100/100
|-weather|RainDance|[from] ability: Drizzle|[of] p2a: Pelipper
|turn|3
|
|t:|1743874134
|move|p1a: Moltres|Will-O-Wisp|p2a: Pelipper
|-status|p2a: Pelipper|brn
|move|p2a: Pelipper|U-turn|p1a: Moltres
|-resisted|p1a: Moltres
|-damage|p1a: Moltres|72/100
|inactive|YFN Ghetsis has 120 seconds left.
|
|t:|1743874181
|switch|p2a: Tornadus|Tornadus-Therian, M|100/100|[from] U-turn
|
|-weather|RainDance|[upkeep]
|upkeep
|turn|4
|
|t:|1743874190
|move|p2a: Tornadus|Hurricane|p1a: Moltres
|-damage|p1a: Moltres|22/100
|move|p1a: Moltres|Hurricane|p2a: Tornadus
|-damage|p2a: Tornadus|46/100
|-start|p2a: Tornadus|confusion
|
|-weather|RainDance|[upkeep]
|upkeep
|turn|5
|inactive|YFN Ghetsis has 120 seconds left.
|
|t:|1743874199
|-activate|p2a: Tornadus|confusion
|move|p2a: Tornadus|Hurricane|p1a: Moltres
|-damage|p1a: Moltres|0 fnt
|faint|p1a: Moltres
|
|-weather|RainDance|[upkeep]
|upkeep
|
|t:|1743874208
|switch|p1a: Dragapult|Dragapult, M|100/100
|turn|6
|
|t:|1743874219
|switch|p2a: Iron Treads|Iron Treads|100/100
|move|p1a: Dragapult|U-turn|p2a: Iron Treads
|-resisted|p2a: Iron Treads
|-damage|p2a: Iron Treads|85/100
|-enditem|p2a: Iron Treads|Eject Button
|
|t:|1743874232
|-end|p2a: Iron Treads|Quark Drive|[silent]
|switch|p2a: Walking Wake|Walking Wake|100/100
|-enditem|p2a: Walking Wake|Booster Energy
|-activate|p2a: Walking Wake|ability: Protosynthesis|[fromitem]
|-start|p2a: Walking Wake|protosynthesisspe
|
|-weather|RainDance|[upkeep]
|upkeep
|turn|7
|
|t:|1743874243
|switch|p1a: Primarina|Primarina, F|100/100
|move|p2a: Walking Wake|Hurricane|p1a: Primarina
|-damage|p1a: Primarina|71/100
|
|-weather|RainDance|[upkeep]
|-heal|p1a: Primarina|77/100|[from] item: Leftovers
|upkeep
|turn|8
|inactive|YFN Ghetsis has 120 seconds left.
|
|t:|1743874270
|-terastallize|p2a: Walking Wake|Flying
|move|p2a: Walking Wake|Hurricane|p1a: Primarina
|-damage|p1a: Primarina|36/100
|move|p1a: Primarina|Calm Mind|p1a: Primarina
|-boost|p1a: Primarina|spa|1
|-boost|p1a: Primarina|spd|1
|
|-weather|RainDance|[upkeep]
|-heal|p1a: Primarina|43/100|[from] item: Leftovers
|upkeep
|turn|9
|
|t:|1743874277
|move|p1a: Primarina|Protect|p1a: Primarina
|-singleturn|p1a: Primarina|Protect
|move|p2a: Walking Wake|Hurricane|p1a: Primarina
|-activate|p1a: Primarina|move: Protect
|
|-weather|RainDance|[upkeep]
|-heal|p1a: Primarina|49/100|[from] item: Leftovers
|upkeep
|turn|10
|
|t:|1743874284
|move|p2a: Walking Wake|Hurricane|p1a: Primarina
|-damage|p1a: Primarina|21/100
|-start|p1a: Primarina|confusion
|-activate|p1a: Primarina|confusion
|move|p1a: Primarina|Surf|p2a: Walking Wake
|-damage|p2a: Walking Wake|0 fnt
|faint|p2a: Walking Wake
|-end|p2a: Walking Wake|Protosynthesis|[silent]
|
|-weather|none
|-heal|p1a: Primarina|27/100|[from] item: Leftovers
|upkeep
|inactive|YFN Ghetsis has 120 seconds left.
|
|t:|1743874298
|switch|p2a: Iron Treads|Iron Treads|85/100
|turn|11
|
|t:|1743874304
|switch|p1a: Great Tusk|Great Tusk|100/100
|move|p2a: Iron Treads|Earthquake|p1a: Great Tusk
|-damage|p1a: Great Tusk|67/100
|
|upkeep
|turn|12
|inactive|YFN Ghetsis has 120 seconds left.
|
|t:|1743874321
|-end|p2a: Iron Treads|Quark Drive|[silent]
|switch|p2a: Pelipper|Pelipper, M|100/100 brn
|-weather|RainDance|[from] ability: Drizzle|[of] p2a: Pelipper
|move|p1a: Great Tusk|Rapid Spin|p2a: Pelipper
|-damage|p2a: Pelipper|86/100 brn
|-boost|p1a: Great Tusk|spe|1
|
|-weather|RainDance|[upkeep]
|-damage|p2a: Pelipper|80/100 brn|[from] brn
|upkeep
|turn|13
|l| usernametestset
|inactive|YFN Ghetsis has 120 seconds left.
|
|t:|1743874336
|-end|p1a: Great Tusk|Protosynthesis|[silent]
|switch|p1a: Primarina|Primarina, F|27/100
|move|p2a: Pelipper|U-turn|p1a: Primarina
|-resisted|p1a: Primarina
|-damage|p1a: Primarina|25/100
|inactive|YFN Ghetsis has 120 seconds left.
|
|t:|1743874349
|switch|p2a: Tornadus|Tornadus-Therian, M|79/100|[from] U-turn
|
|-weather|RainDance|[upkeep]
|-heal|p1a: Primarina|31/100|[from] item: Leftovers
|upkeep
|turn|14
|
|t:|1743874353
|move|p1a: Primarina|Protect|p1a: Primarina
|-singleturn|p1a: Primarina|Protect
|move|p2a: Tornadus|Hurricane|p1a: Primarina
|-activate|p1a: Primarina|move: Protect
|
|-weather|RainDance|[upkeep]
|-heal|p1a: Primarina|37/100|[from] item: Leftovers
|upkeep
|turn|15
|
|t:|1743874357
|switch|p1a: Raging Bolt|Raging Bolt|100/100
|move|p2a: Tornadus|Hurricane|p1a: Raging Bolt
|-resisted|p1a: Raging Bolt
|-damage|p1a: Raging Bolt|77/100
|-start|p1a: Raging Bolt|confusion
|
|-weather|RainDance|[upkeep]
|upkeep
|turn|16
|
|t:|1743874381
|switch|p2a: Iron Treads|Iron Treads|85/100
|-end|p1a: Raging Bolt|Protosynthesis|[silent]
|switch|p1a: Great Tusk|Great Tusk|67/100
|
|-weather|RainDance|[upkeep]
|upkeep
|turn|17
|
|t:|1743874397
|-end|p2a: Iron Treads|Quark Drive|[silent]
|switch|p2a: Tornadus|Tornadus-Therian, M|100/100
|move|p1a: Great Tusk|Close Combat|p2a: Tornadus
|-resisted|p2a: Tornadus
|-damage|p2a: Tornadus|58/100
|-unboost|p1a: Great Tusk|def|1
|-unboost|p1a: Great Tusk|spd|1
|
|-weather|RainDance|[upkeep]
|upkeep
|turn|18
|
|t:|1743874406
|-end|p1a: Great Tusk|Protosynthesis|[silent]
|switch|p1a: Raging Bolt|Raging Bolt|77/100
|move|p2a: Tornadus|Hurricane|p1a: Raging Bolt
|-resisted|p1a: Raging Bolt
|-damage|p1a: Raging Bolt|54/100
|
|-weather|RainDance|[upkeep]
|upkeep
|turn|19
|
|t:|1743874413
|switch|p2a: Iron Treads|Iron Treads|85/100
|move|p1a: Raging Bolt|Draco Meteor|p2a: Iron Treads
|-resisted|p2a: Iron Treads
|-damage|p2a: Iron Treads|6/100
|-unboost|p1a: Raging Bolt|spa|2
|
|-weather|none
|upkeep
|turn|20
|
|t:|1743874435
|-end|p1a: Raging Bolt|Protosynthesis|[silent]
|switch|p1a: Ogerpon|Ogerpon-Wellspring, F|100/100
|move|p2a: Iron Treads|Earthquake|p1a: Ogerpon
|-resisted|p1a: Ogerpon
|-damage|p1a: Ogerpon|72/100
|
|upkeep
|turn|21
|inactive|YFN Ghetsis has 120 seconds left.
|
|t:|1743874452
|-end|p2a: Iron Treads|Quark Drive|[silent]
|switch|p2a: Barraskewda|Barraskewda, M|100/100
|move|p1a: Ogerpon|Trailblaze|p2a: Barraskewda
|-supereffective|p2a: Barraskewda
|-damage|p2a: Barraskewda|0 fnt
|-boost|p1a: Ogerpon|spe|1
|faint|p2a: Barraskewda
|
|upkeep
|inactive|YFN Ghetsis has 120 seconds left.
|
|t:|1743874461
|switch|p2a: Tornadus|Tornadus-Therian, M|91/100
|turn|22
|
|t:|1743874468
|-terastallize|p1a: Ogerpon|Water
|detailschange|p1a: Ogerpon|Ogerpon-Wellspring-Tera, F, tera:Water
|-ability|p1a: Ogerpon|Embody Aspect (Wellspring)|boost
|-boost|p1a: Ogerpon|spd|1
|move|p1a: Ogerpon|Ivy Cudgel|p2a: Tornadus|[anim] Ivy Cudgel Water
|-damage|p2a: Tornadus|0 fnt
|faint|p2a: Tornadus
|
|upkeep
|-message|YFN Ghetsis forfeited.
|
|win|Aliester - ES
|raw|Aliester - ES's rating: 1619 &rarr; <strong>1636</strong><br />(+17 for winning)
|raw|YFN Ghetsis's rating: 1561 &rarr; <strong>1544</strong><br />(-17 for losing)
|l|☆YFN Ghetsis
|player|p2|
|l|☆Aliester - ES
|player|p1|
