|j|☆manutrattt
|j|☆RankedKingMo
|t:|1743796853
|gametype|singles
|player|p1|manutrattt|li|1196
|player|p2|RankedKingMo|170|1252
|teamsize|p1|6
|teamsize|p2|6
|gen|9
|tier|[Gen 9] OU
|rated|
|rule|HP Percentage Mod: HP is shown in percentages
|rule|Endless Battle Clause: Forcing endless battles is banned
|rule|Species Clause: Limit one of each Pokémon
|rule|OHKO Clause: OHKO moves are banned
|rule|Evasion Items Clause: Evasion items are banned
|rule|Evasion Moves Clause: Evasion moves are banned
|rule|Sleep Moves Clause: Sleep-inducing moves are banned
|clearpoke
|poke|p1|Ninetales-Alola, M|
|poke|p1|Chandelure, F|
|poke|p1|Metagross|
|poke|p1|Lurantis, M|
|poke|p1|Gastrodon-East, M|
|poke|p1|Salamence, F|
|poke|p2|Alomomola, F|
|poke|p2|Lokix, M|
|poke|p2|Hatterene, F|
|poke|p2|Landorus-Therian, M|
|poke|p2|Kyurem|
|poke|p2|Cinderace, F|
|teampreview
|inactive|Battle timer is ON: inactive players will automatically lose when time's up. (requested by manutrattt)
|
|t:|1743796892
|start
|switch|p1a: Ninetales|Ninetales-Alola, M|100/100
|switch|p2a: Alomomola|Alomomola, F|100/100
|-weather|Snowscape|[from] ability: Snow Warning|[of] p1a: Ninetales
|turn|1
|
|t:|1743796911
|switch|p2a: Hatterene|Hatterene, F|100/100
|move|p1a: Ninetales|Aurora Veil|p1a: Ninetales
|-sidestart|p1: manutrattt|move: Aurora Veil
|
|-weather|Snowscape|[upkeep]
|upkeep
|turn|2
|
|t:|1743796918
|move|p1a: Ninetales|Freeze-Dry|p2a: Hatterene
|-damage|p2a: Hatterene|77/100
|-enditem|p2a: Hatterene|Eject Button
|
|t:|1743796928
|switch|p2a: Kyurem|Kyurem|100/100
|-ability|p2a: Kyurem|Pressure
|
|-weather|Snowscape|[upkeep]
|upkeep
|turn|3
|
|t:|1743796934
|move|p1a: Ninetales|Nasty Plot|p1a: Ninetales
|-boost|p1a: Ninetales|spa|2
|move|p2a: Kyurem|Substitute|p2a: Kyurem
|-start|p2a: Kyurem|Substitute
|-damage|p2a: Kyurem|76/100
|
|-weather|Snowscape|[upkeep]
|-heal|p2a: Kyurem|82/100|[from] item: Leftovers
|upkeep
|turn|4
|
|t:|1743796945
|-terastallize|p2a: Kyurem|Ground
|move|p1a: Ninetales|Draining Kiss|p2a: Kyurem
|-end|p2a: Kyurem|Substitute
|move|p2a: Kyurem|Earth Power|p1a: Ninetales
|-damage|p1a: Ninetales|75/100
|
|-weather|Snowscape|[upkeep]
|-heal|p2a: Kyurem|88/100|[from] item: Leftovers
|upkeep
|turn|5
|
|t:|1743796956
|switch|p2a: Alomomola|Alomomola, F|100/100
|move|p1a: Ninetales|Freeze-Dry|p2a: Alomomola
|-supereffective|p2a: Alomomola
|-damage|p2a: Alomomola|28/100
|-enditem|p2a: Alomomola|Eject Button
|
|t:|1743796967
|switch|p2a: Cinderace|Cinderace, F|100/100
|
|-weather|none
|upkeep
|turn|6
|
|t:|1743796977
|switch|p1a: Gastrodon|Gastrodon-East, M|100/100
|move|p2a: Cinderace|Pyro Ball|p1a: Gastrodon
|-resisted|p1a: Gastrodon
|-damage|p1a: Gastrodon|91/100
|
|upkeep
|turn|7
|
|t:|1743796985
|move|p2a: Cinderace|U-turn|p1a: Gastrodon
|-start|p2a: Cinderace|typechange|Bug|[from] ability: Libero
|-damage|p1a: Gastrodon|78/100
|-damage|p2a: Cinderace|84/100|[from] item: Rocky Helmet|[of] p1a: Gastrodon
|
|t:|1743796991
|switch|p2a: Hatterene|Hatterene, F|77/100|[from] U-turn
|move|p1a: Gastrodon|Stealth Rock|p2a: Hatterene
|move|p2a: Hatterene|Stealth Rock|p1a: Gastrodon|[from] ability: Magic Bounce
|-sidestart|p1: manutrattt|move: Stealth Rock
|
|upkeep
|turn|8
|
|t:|1743797000
|switch|p1a: Lurantis|Lurantis, M, shiny|100/100
|move|p2a: Hatterene|Draining Kiss|p1a: Lurantis
|-damage|p1a: Lurantis|91/100
|-heal|p2a: Hatterene|85/100|[from] drain|[of] p1a: Lurantis
|
|-sideend|p1: manutrattt|move: Aurora Veil
|upkeep
|turn|9
|
|t:|1743797010
|move|p1a: Lurantis|Defog|p2a: Hatterene
|move|p2a: Hatterene|Defog|p1a: Lurantis|[from] ability: Magic Bounce
|-boost|p1a: Lurantis|evasion|1
|-sideend|p1: manutrattt|Stealth Rock|[from] move: Defog|[of] p2a: Hatterene
|move|p2a: Hatterene|Nuzzle|p1a: Lurantis
|-resisted|p1a: Lurantis
|-crit|p1a: Lurantis
|-damage|p1a: Lurantis|88/100
|-status|p1a: Lurantis|par
|
|upkeep
|turn|10
|
|t:|1743797029
|switch|p2a: Cinderace|Cinderace, F|84/100
|move|p1a: Lurantis|Leaf Storm|p2a: Cinderace
|-resisted|p2a: Cinderace
|-damage|p2a: Cinderace|56/100
|-boost|p1a: Lurantis|spa|2
|
|upkeep
|turn|11
|
|t:|1743797037
|-terastallize|p1a: Lurantis|Poison
|move|p2a: Cinderace|U-turn|p1a: Lurantis|[miss]
|-start|p2a: Cinderace|typechange|Bug|[from] ability: Libero
|-miss|p2a: Cinderace|p1a: Lurantis
|move|p1a: Lurantis|Leaf Storm|p2a: Cinderace
|-resisted|p2a: Cinderace
|-damage|p2a: Cinderace|7/100
|-boost|p1a: Lurantis|spa|2
|
|upkeep
|turn|12
|
|t:|1743797051
|move|p2a: Cinderace|Pyro Ball|p1a: Lurantis|[miss]
|-miss|p2a: Cinderace|p1a: Lurantis
|cant|p1a: Lurantis|par
|
|upkeep
|turn|13
|
|t:|1743797057
|move|p2a: Cinderace|U-turn|p1a: Lurantis
|-resisted|p1a: Lurantis
|-damage|p1a: Lurantis|70/100 par
|
|t:|1743797066
|switch|p2a: Alomomola|Alomomola, F|61/100|[from] U-turn
|cant|p1a: Lurantis|par
|
|upkeep
|turn|14
|
|t:|1743797078
|move|p2a: Alomomola|Flip Turn|p1a: Lurantis|[miss]
|-miss|p2a: Alomomola|p1a: Lurantis
|move|p1a: Lurantis|Leaf Storm|p2a: Alomomola
|-supereffective|p2a: Alomomola
|-damage|p2a: Alomomola|0 fnt
|-boost|p1a: Lurantis|spa|2
|faint|p2a: Alomomola
|
|upkeep
|
|t:|1743797087
|switch|p2a: Cinderace|Cinderace, F|7/100
|turn|15
|
|t:|1743797090
|move|p2a: Cinderace|Pyro Ball|p1a: Lurantis|[miss]
|-miss|p2a: Cinderace|p1a: Lurantis
|move|p1a: Lurantis|Superpower|p2a: Cinderace
|-damage|p2a: Cinderace|0 fnt
|-boost|p1a: Lurantis|atk|1
|-boost|p1a: Lurantis|def|1
|faint|p2a: Cinderace
|
|upkeep
|
|t:|1743797105
|switch|p2a: Kyurem|Kyurem, tera:Ground|88/100
|-ability|p2a: Kyurem|Pressure
|turn|16
|
|t:|1743797109
|move|p2a: Kyurem|Freeze-Dry|p1a: Lurantis|[miss]
|-miss|p2a: Kyurem|p1a: Lurantis
|move|p1a: Lurantis|Leaf Storm|p2a: Kyurem
|-supereffective|p2a: Kyurem
|-damage|p2a: Kyurem|0 fnt
|faint|p2a: Kyurem
|
|upkeep
|
|t:|1743797115
|switch|p2a: Lokix|Lokix, M|100/100
|turn|17
|
|t:|1743797122
|move|p2a: Lokix|Leech Life|p1a: Lurantis
|-resisted|p1a: Lurantis
|-damage|p1a: Lurantis|31/100 par
|cant|p1a: Lurantis|par
|
|upkeep
|turn|18
|
|t:|1743797127
|move|p2a: Lokix|Leech Life|p1a: Lurantis|[miss]
|-miss|p2a: Lokix|p1a: Lurantis
|cant|p1a: Lurantis|par
|
|upkeep
|turn|19
|
|t:|1743797144
|move|p2a: Lokix|Leech Life|p1a: Lurantis
|-resisted|p1a: Lurantis
|-damage|p1a: Lurantis|0 fnt
|faint|p1a: Lurantis
|
|upkeep
|
|t:|1743797150
|switch|p1a: Chandelure|Chandelure, F, shiny|100/100
|turn|20
|
|t:|1743797155
|switch|p2a: Landorus|Landorus-Therian, M|100/100
|-ability|p2a: Landorus|Intimidate|boost
|-unboost|p1a: Chandelure|atk|1
|move|p1a: Chandelure|Fire Blast|p2a: Landorus
|-damage|p2a: Landorus|21/100
|
|upkeep
|turn|21
|
|t:|1743797169
|move|p1a: Chandelure|Fire Blast|p2a: Landorus
|-damage|p2a: Landorus|0 fnt
|faint|p2a: Landorus
|
|upkeep
|
|t:|1743797176
|switch|p2a: Lokix|Lokix, M|100/100
|turn|22
|
|t:|1743797180
|move|p2a: Lokix|First Impression|p1a: Chandelure
|-resisted|p1a: Chandelure
|-damage|p1a: Chandelure|52/100
|move|p1a: Chandelure|Fire Blast|p2a: Lokix|[miss]
|-miss|p1a: Chandelure|p2a: Lokix
|
|upkeep
|turn|23
|
|t:|1743797185
|switch|p2a: Hatterene|Hatterene, F|85/100
|move|p1a: Chandelure|Fire Blast|p2a: Hatterene
|-damage|p2a: Hatterene|21/100
|
|upkeep
|turn|24
|
|t:|1743797192
|move|p1a: Chandelure|Fire Blast|p2a: Hatterene
|-crit|p2a: Hatterene
|-damage|p2a: Hatterene|0 fnt
|faint|p2a: Hatterene
|
|upkeep
|
|t:|1743797195
|switch|p2a: Lokix|Lokix, M|100/100
|turn|25
|
|t:|1743797199
|move|p1a: Chandelure|Fire Blast|p2a: Lokix
|-supereffective|p2a: Lokix
|-damage|p2a: Lokix|0 fnt
|faint|p2a: Lokix
|
|win|manutrattt
|raw|manutrattt's rating: 1196 &rarr; <strong>1225</strong><br />(+29 for winning)
|raw|RankedKingMo's rating: 1252 &rarr; <strong>1223</strong><br />(-29 for losing)
|l|☆manutrattt
|player|p1|
