|j|☆jojosworld
|j|☆prxsm
|t:|1743912255
|gametype|singles
|player|p1|jojosworld|bellelba|1339
|player|p2|prxsm|rocketgruntf|1364
|teamsize|p1|6
|teamsize|p2|6
|gen|9
|tier|[Gen 9] OU
|rated|
|rule|HP Percentage Mod: HP is shown in percentages
|rule|Endless Battle Clause: Forcing endless battles is banned
|rule|Species Clause: Limit one of each Pokémon
|rule|OHKO Clause: OHKO moves are banned
|rule|Evasion Items Clause: Evasion items are banned
|rule|Evasion Moves Clause: Evasion moves are banned
|rule|Sleep Moves Clause: Sleep-inducing moves are banned
|clearpoke
|poke|p1|Corviknight, M|
|poke|p1|Great Tusk|
|poke|p1|Dragapult, F|
|poke|p1|Alomomola, F|
|poke|p1|Slowking-Galar, F|
|poke|p1|Meowscarada, F|
|poke|p2|Mamoswine, F|
|poke|p2|Corviknight, M|
|poke|p2|Zapdos|
|poke|p2|Iron Moth|
|poke|p2|Empoleon, F|
|poke|p2|Gengar, M|
|teampreview
|inactive|Battle timer is ON: inactive players will automatically lose when time's up. (requested by jojosworld)
|
|t:|1743912275
|start
|switch|p1a: Alomomola|Alomomola, F, shiny|100/100
|switch|p2a: Mamoswine|Mamoswine, F|100/100
|turn|1
|
|t:|1743912278
|move|p2a: Mamoswine|Substitute|p2a: Mamoswine
|-start|p2a: Mamoswine|Substitute
|-damage|p2a: Mamoswine|75/100
|move|p1a: Alomomola|Scald|p2a: Mamoswine
|-supereffective|p2a: Mamoswine
|-end|p2a: Mamoswine|Substitute
|
|-heal|p2a: Mamoswine|82/100|[from] item: Leftovers
|upkeep
|turn|2
|
|t:|1743912285
|switch|p2a: Empoleon|Empoleon, F|100/100
|move|p1a: Alomomola|Scald|p2a: Empoleon
|-resisted|p2a: Empoleon
|-damage|p2a: Empoleon|94/100
|-status|p2a: Empoleon|brn
|
|-damage|p2a: Empoleon|88/100 brn|[from] brn
|upkeep
|turn|3
|
|t:|1743912290
|switch|p1a: Slowking|Slowking-Galar, F, shiny|100/100
|move|p2a: Empoleon|Stealth Rock|p1a: Slowking
|-sidestart|p1: jojosworld|move: Stealth Rock
|
|-damage|p2a: Empoleon|82/100 brn|[from] brn
|upkeep
|turn|4
|
|t:|1743912296
|move|p2a: Empoleon|Surf|p1a: Slowking
|-damage|p1a: Slowking|62/100
|-damage|p2a: Empoleon|72/100 brn|[from] item: Life Orb
|-prepare|p1a: Slowking|Chilly Reception|[premajor]
|move|p1a: Slowking|Chilly Reception|p1a: Slowking
|-weather|Snowscape
|
|t:|1743912301
|switch|p1a: Alomomola|Alomomola, F, shiny|100/100|[from] Chilly Reception
|-damage|p1a: Alomomola|88/100|[from] Stealth Rock
|
|-weather|Snowscape|[upkeep]
|-damage|p2a: Empoleon|66/100 brn|[from] brn
|upkeep
|turn|5
|
|t:|1743912313
|switch|p2a: Zapdos|Zapdos|100/100
|move|p1a: Alomomola|Flip Turn|p2a: Zapdos
|-damage|p2a: Zapdos|81/100
|-status|p1a: Alomomola|par|[from] ability: Static|[of] p2a: Zapdos
|
|t:|1743912318
|switch|p1a: Slowking|Slowking-Galar, F, shiny|95/100|[from] Flip Turn
|
|-weather|Snowscape|[upkeep]
|upkeep
|turn|6
|
|t:|1743912322
|move|p2a: Zapdos|Volt Switch|p1a: Slowking
|-damage|p1a: Slowking|62/100
|
|t:|1743912328
|switch|p2a: Corviknight|Corviknight, M|100/100|[from] Volt Switch
|move|p1a: Slowking|Sludge Bomb|p2a: Corviknight
|-immune|p2a: Corviknight
|
|-weather|Snowscape|[upkeep]
|upkeep
|turn|7
|
|t:|1743912332
|move|p2a: Corviknight|U-turn|p1a: Slowking
|-damage|p1a: Slowking|47/100
|
|t:|1743912335
|switch|p2a: Zapdos|Zapdos|81/100|[from] U-turn
|-prepare|p1a: Slowking|Chilly Reception|[premajor]
|move|p1a: Slowking|Chilly Reception|p1a: Slowking
|
|t:|1743912340
|switch|p1a: Alomomola|Alomomola, F, shiny|100/100 par|[from] Chilly Reception
|-damage|p1a: Alomomola|88/100 par|[from] Stealth Rock
|
|-weather|Snowscape|[upkeep]
|upkeep
|turn|8
|
|t:|1743912344
|move|p2a: Zapdos|Thunderbolt|p1a: Alomomola
|-supereffective|p1a: Alomomola
|-damage|p1a: Alomomola|5/100 par
|move|p1a: Alomomola|Mirror Coat|p2a: Zapdos
|-damage|p2a: Zapdos|0 fnt
|faint|p2a: Zapdos
|
|-weather|none
|upkeep
|
|t:|1743912351
|switch|p2a: Mamoswine|Mamoswine, F|82/100
|turn|9
|
|t:|1743912354
|switch|p1a: Corviknight|Corviknight, M, shiny|100/100
|-damage|p1a: Corviknight|88/100|[from] Stealth Rock
|-ability|p1a: Corviknight|Pressure
|move|p2a: Mamoswine|Icicle Crash|p1a: Corviknight
|-damage|p1a: Corviknight|60/100
|
|-heal|p2a: Mamoswine|88/100|[from] item: Leftovers
|upkeep
|turn|10
|
|t:|1743912356
|move|p2a: Mamoswine|Icicle Crash|p1a: Corviknight
|-damage|p1a: Corviknight|32/100
|move|p1a: Corviknight|Defog|p2a: Mamoswine
|-unboost|p2a: Mamoswine|evasion|1
|-sideend|p1: jojosworld|Stealth Rock|[from] move: Defog|[of] p1a: Corviknight
|
|-heal|p2a: Mamoswine|94/100|[from] item: Leftovers
|upkeep
|turn|11
|
|t:|1743912361
|move|p2a: Mamoswine|Icicle Crash|p1a: Corviknight
|-damage|p1a: Corviknight|0 fnt
|faint|p1a: Corviknight
|
|-heal|p2a: Mamoswine|99/100|[from] item: Leftovers
|upkeep
|
|t:|1743912363
|switch|p1a: Alomomola|Alomomola, F, shiny|38/100 par
|turn|12
|
|t:|1743912368
|move|p2a: Mamoswine|Earthquake|p1a: Alomomola
|-damage|p1a: Alomomola|1/100 par
|cant|p1a: Alomomola|par
|
|-heal|p2a: Mamoswine|100/100|[from] item: Leftovers
|upkeep
|turn|13
|
|t:|1743912378
|switch|p1a: Great Tusk|Great Tusk, shiny|100/100
|move|p2a: Mamoswine|Icicle Crash|p1a: Great Tusk
|-supereffective|p1a: Great Tusk
|-damage|p1a: Great Tusk|33/100
|
|upkeep
|turn|14
|
|t:|1743912387
|move|p2a: Mamoswine|Ice Shard|p1a: Great Tusk
|-supereffective|p1a: Great Tusk
|-crit|p1a: Great Tusk
|-damage|p1a: Great Tusk|0 fnt
|faint|p1a: Great Tusk
|-end|p1a: Great Tusk|Protosynthesis|[silent]
|
|upkeep
|
|t:|1743912389
|switch|p1a: Dragapult|Dragapult, F, shiny|100/100
|turn|15
|
|t:|1743912392
|-terastallize|p1a: Dragapult|Ghost
|-terastallize|p2a: Mamoswine|Ice
|move|p2a: Mamoswine|Ice Shard|p1a: Dragapult
|-damage|p1a: Dragapult|59/100
|move|p1a: Dragapult|Draco Meteor|p2a: Mamoswine
|-damage|p2a: Mamoswine|0 fnt
|-unboost|p1a: Dragapult|spa|2
|faint|p2a: Mamoswine
|
|upkeep
|
|t:|1743912401
|switch|p2a: Iron Moth|Iron Moth|100/100
|-enditem|p2a: Iron Moth|Booster Energy
|-activate|p2a: Iron Moth|ability: Quark Drive|[fromitem]
|-start|p2a: Iron Moth|quarkdrivespa
|turn|16
|
|t:|1743912405
|switch|p1a: Slowking|Slowking-Galar, F, shiny|80/100
|move|p2a: Iron Moth|Substitute|p2a: Iron Moth
|-start|p2a: Iron Moth|Substitute
|-damage|p2a: Iron Moth|76/100
|
|upkeep
|turn|17
|
|t:|1743912410
|move|p2a: Iron Moth|Fiery Dance|p1a: Slowking
|-damage|p1a: Slowking|49/100
|move|p1a: Slowking|Future Sight|p2a: Iron Moth
|-start|p1a: Slowking|move: Future Sight
|
|upkeep
|turn|18
|
|t:|1743912414
|move|p2a: Iron Moth|Fiery Dance|p1a: Slowking
|-damage|p1a: Slowking|17/100
|-boost|p2a: Iron Moth|spa|1
|-prepare|p1a: Slowking|Chilly Reception|[premajor]
|move|p1a: Slowking|Chilly Reception|p1a: Slowking
|-weather|Snowscape
|
|t:|1743912420
|switch|p1a: Meowscarada|Meowscarada, F, shiny|100/100|[from] Chilly Reception
|
|-weather|Snowscape|[upkeep]
|upkeep
|turn|19
|
|t:|1743912429
|move|p1a: Meowscarada|Knock Off|p2a: Iron Moth
|-start|p1a: Meowscarada|typechange|Dark|[from] ability: Protean
|-end|p2a: Iron Moth|Substitute
|move|p2a: Iron Moth|Fiery Dance|p1a: Meowscarada
|-damage|p1a: Meowscarada|0 fnt
|-boost|p2a: Iron Moth|spa|1
|faint|p1a: Meowscarada
|
|-weather|Snowscape|[upkeep]
|-end|p2a: Iron Moth|move: Future Sight
|-supereffective|p2a: Iron Moth
|-damage|p2a: Iron Moth|0 fnt
|faint|p2a: Iron Moth
|-end|p2a: Iron Moth|Quark Drive|[silent]
|upkeep
|
|t:|1743912444
|switch|p1a: Alomomola|Alomomola, F, shiny|34/100 par
|switch|p2a: Gengar|Gengar, M|100/100
|turn|20
|
|t:|1743912448
|move|p2a: Gengar|Trick|p1a: Alomomola
|-activate|p2a: Gengar|move: Trick|[of] p1a: Alomomola
|-item|p1a: Alomomola|Choice Specs|[from] move: Trick
|-item|p2a: Gengar|Assault Vest|[from] move: Trick
|move|p1a: Alomomola|Flip Turn|p2a: Gengar
|-damage|p2a: Gengar|66/100
|
|t:|1743912452
|switch|p1a: Dragapult|Dragapult, F, shiny, tera:Ghost|59/100|[from] Flip Turn
|
|-weather|Snowscape|[upkeep]
|upkeep
|turn|21
|
|t:|1743912456
|move|p1a: Dragapult|Shadow Ball|p2a: Gengar
|-supereffective|p2a: Gengar
|-damage|p2a: Gengar|0 fnt
|-start|p1a: Dragapult|Disable|Shadow Ball|[from] ability: Cursed Body|[of] p2a: Gengar
|faint|p2a: Gengar
|
|-weather|Snowscape|[upkeep]
|upkeep
|
|t:|1743912458
|switch|p2a: Empoleon|Empoleon, F|66/100 brn
|turn|22
|
|t:|1743912462
|switch|p1a: Alomomola|Alomomola, F, shiny|68/100 par
|move|p2a: Empoleon|Surf|p1a: Alomomola
|-resisted|p1a: Alomomola
|-damage|p1a: Alomomola|42/100 par
|-damage|p2a: Empoleon|56/100 brn|[from] item: Life Orb
|
|-weather|none
|-damage|p2a: Empoleon|50/100 brn|[from] brn
|upkeep
|turn|23
|
|t:|1743912467
|move|p2a: Empoleon|Stealth Rock|p1a: Alomomola
|-sidestart|p1: jojosworld|move: Stealth Rock
|move|p1a: Alomomola|Flip Turn|p2a: Empoleon
|-resisted|p2a: Empoleon
|-damage|p2a: Empoleon|42/100 brn
|
|t:|1743912468
|switch|p1a: Slowking|Slowking-Galar, F, shiny|50/100|[from] Flip Turn
|
|-damage|p2a: Empoleon|36/100 brn|[from] brn
|upkeep
|turn|24
|
|t:|1743912471
|switch|p1a: Alomomola|Alomomola, F, shiny|75/100 par
|-damage|p1a: Alomomola|63/100 par|[from] Stealth Rock
|move|p2a: Empoleon|Surf|p1a: Alomomola
|-resisted|p1a: Alomomola
|-damage|p1a: Alomomola|37/100 par
|-damage|p2a: Empoleon|26/100 brn|[from] item: Life Orb
|
|-damage|p2a: Empoleon|20/100 brn|[from] brn
|upkeep
|turn|25
|
|t:|1743912476
|move|p2a: Empoleon|Surf|p1a: Alomomola
|-resisted|p1a: Alomomola
|-damage|p1a: Alomomola|2/100 par
|-damage|p2a: Empoleon|10/100 brn|[from] item: Life Orb
|move|p1a: Alomomola|Flip Turn|p2a: Empoleon
|-resisted|p2a: Empoleon
|-damage|p2a: Empoleon|2/100 brn
|
|t:|1743912478
|switch|p1a: Slowking|Slowking-Galar, F, shiny|84/100|[from] Flip Turn
|
|-damage|p2a: Empoleon|0 fnt|[from] brn
|faint|p2a: Empoleon
|upkeep
|
|t:|1743912482
|switch|p2a: Corviknight|Corviknight, M|100/100
|turn|26
|
|t:|1743912485
|move|p2a: Corviknight|Brave Bird|p1a: Slowking
|-damage|p1a: Slowking|48/100
|-damage|p2a: Corviknight|89/100|[from] Recoil
|move|p1a: Slowking|Thunder Wave|p2a: Corviknight
|-status|p2a: Corviknight|par
|
|upkeep
|turn|27
|
|t:|1743912489
|move|p2a: Corviknight|Brave Bird|p1a: Slowking
|-damage|p1a: Slowking|10/100
|-damage|p2a: Corviknight|76/100 par|[from] Recoil
|move|p1a: Slowking|Future Sight|p2a: Corviknight
|-start|p1a: Slowking|move: Future Sight
|
|upkeep
|turn|28
|
|t:|1743912494
|switch|p1a: Alomomola|Alomomola, F, shiny|35/100 par
|-damage|p1a: Alomomola|23/100 par|[from] Stealth Rock
|move|p2a: Corviknight|Brave Bird|p1a: Alomomola
|-damage|p1a: Alomomola|0 fnt
|faint|p1a: Alomomola
|-damage|p2a: Corviknight|68/100 par|[from] Recoil
|
|upkeep
|
|t:|1743912497
|switch|p1a: Dragapult|Dragapult, F, shiny, tera:Ghost|59/100
|-damage|p1a: Dragapult|47/100|[from] Stealth Rock
|turn|29
|
|t:|1743912500
|move|p1a: Dragapult|Hex|p2a: Corviknight
|-damage|p2a: Corviknight|0 fnt
|faint|p2a: Corviknight
|
|win|jojosworld
|raw|jojosworld's rating: 1339 &rarr; <strong>1360</strong><br />(+21 for winning)
|raw|prxsm's rating: 1364 &rarr; <strong>1343</strong><br />(-21 for losing)
|l|☆prxsm
|player|p2|
