|j|☆akiral13
|j|☆boiimducky
|t:|1743864500
|gametype|singles
|player|p1|akiral13|n-masters|1296
|player|p2|boiimducky|hugh|1315
|teamsize|p1|6
|teamsize|p2|6
|gen|9
|tier|[Gen 9] OU
|rated|
|rule|HP Percentage Mod: HP is shown in percentages
|rule|Endless Battle Clause: Forcing endless battles is banned
|rule|Species Clause: Limit one of each Pokémon
|rule|OHKO Clause: OHKO moves are banned
|rule|Evasion Items Clause: Evasion items are banned
|rule|Evasion Moves Clause: Evasion moves are banned
|rule|Sleep Moves Clause: Sleep-inducing moves are banned
|clearpoke
|poke|p1|Hatterene, F|
|poke|p1|Porygon2|
|poke|p1|Ursaluna, M|
|poke|p1|Hydrapple, F|
|poke|p1|Iron Treads|
|poke|p1|Reuniclus, M|
|poke|p2|Weavile, M|
|poke|p2|Ting-Lu|
|poke|p2|Zamazenta-*|
|poke|p2|Corviknight, F|
|poke|p2|Primarina, F|
|poke|p2|Dragapult, M|
|teampreview
|
|t:|1743864527
|start
|switch|p1a: Ursaluna|Ursaluna, M|100/100
|switch|p2a: Primarina|Primarina, F|100/100
|turn|1
|
|t:|1743864545
|switch|p1a: Porygon2|Porygon2|100/100
|-ability|p1a: Porygon2|Download|boost
|-boost|p1a: Porygon2|atk|1
|move|p2a: Primarina|Surf|p1a: Porygon2
|-crit|p1a: Porygon2
|-damage|p1a: Porygon2|64/100
|
|upkeep
|turn|2
|
|t:|1743864556
|move|p2a: Primarina|Moonblast|p1a: Porygon2
|-damage|p1a: Porygon2|40/100
|-unboost|p1a: Porygon2|spa|1
|move|p1a: Porygon2|Trick Room|p1a: Porygon2
|-fieldstart|move: Trick Room|[of] p1a: Porygon2
|
|upkeep
|turn|3
|
|t:|1743864580
|move|p1a: Porygon2|Recover|p1a: Porygon2
|-heal|p1a: Porygon2|90/100
|move|p2a: Primarina|Moonblast|p1a: Porygon2
|-crit|p1a: Porygon2
|-damage|p1a: Porygon2|56/100
|-unboost|p1a: Porygon2|spa|1
|
|upkeep
|turn|4
|
|t:|1743864590
|-terastallize|p1a: Porygon2|Electric
|move|p1a: Porygon2|Tera Blast|p2a: Primarina|[anim] Tera Blast Electric
|-supereffective|p2a: Primarina
|-crit|p2a: Primarina
|-damage|p2a: Primarina|0 fnt
|faint|p2a: Primarina
|
|upkeep
|c|☆boiimducky|ofc
|c|☆boiimducky|ofc
|
|t:|1743864601
|switch|p2a: Ting-Lu|Ting-Lu|100/100
|-ability|p2a: Ting-Lu|Vessel of Ruin
|turn|5
|
|t:|1743864613
|switch|p1a: Hydrapple|Hydrapple, F|100/100
|move|p2a: Ting-Lu|Stealth Rock|p1a: Hydrapple
|-sidestart|p1: akiral13|move: Stealth Rock
|
|upkeep
|turn|6
|
|t:|1743864626
|move|p1a: Hydrapple|Leaf Storm|p2a: Ting-Lu
|-supereffective|p2a: Ting-Lu
|-damage|p2a: Ting-Lu|15/100
|-unboost|p1a: Hydrapple|spa|2
|move|p2a: Ting-Lu|Spikes|p1a: Hydrapple
|-sidestart|p1: akiral13|Spikes
|
|-fieldend|move: Trick Room
|upkeep
|turn|7
|-enditem|p2a: Ting-Lu|Custap Berry|[eat]
|-activate|p2a: Ting-Lu|item: Custap Berry|[consumed]
|
|t:|1743864634
|move|p2a: Ting-Lu|Ruination|p1a: Hydrapple|[miss]
|-miss|p2a: Ting-Lu|p1a: Hydrapple
|move|p1a: Hydrapple|Leaf Storm|p2a: Ting-Lu
|-supereffective|p2a: Ting-Lu
|-damage|p2a: Ting-Lu|0 fnt
|-unboost|p1a: Hydrapple|spa|2
|faint|p2a: Ting-Lu
|
|upkeep
|c|☆boiimducky|yeah
|c|☆boiimducky|ok
|
|t:|1743864646
|switch|p2a: Weavile|Weavile, M|100/100
|turn|8
|
|t:|1743864652
|switch|p1a: Hatterene|Hatterene, F|100/100
|-damage|p1a: Hatterene|88/100|[from] Stealth Rock
|-damage|p1a: Hatterene|76/100|[from] Spikes
|move|p2a: Weavile|Ice Shard|p1a: Hatterene
|-damage|p1a: Hatterene|57/100
|
|upkeep
|turn|9
|
|t:|1743864663
|switch|p2a: Dragapult|Dragapult, M|100/100
|move|p1a: Hatterene|Trick Room|p1a: Hatterene
|-fieldstart|move: Trick Room|[of] p1a: Hatterene
|
|upkeep
|turn|10
|
|t:|1743864669
|switch|p2a: Corviknight|Corviknight, F|100/100
|-ability|p2a: Corviknight|Pressure
|move|p1a: Hatterene|Dazzling Gleam|p2a: Corviknight
|-resisted|p2a: Corviknight
|-damage|p2a: Corviknight|84/100
|
|upkeep
|turn|11
|
|t:|1743864673
|move|p1a: Hatterene|Healing Wish|p1a: Hatterene
|faint|p1a: Hatterene
|move|p2a: Corviknight|Brave Bird|p1: Hatterene|[notarget]
|-fail|p2a: Corviknight
|
|upkeep
|
|t:|1743864680
|switch|p1a: Iron Treads|Iron Treads|100/100
|-damage|p1a: Iron Treads|97/100|[from] Stealth Rock
|-damage|p1a: Iron Treads|85/100|[from] Spikes
|turn|12
|
|t:|1743864693
|switch|p2a: Dragapult|Dragapult, M|100/100
|move|p1a: Iron Treads|Knock Off|p2a: Dragapult
|-supereffective|p2a: Dragapult
|-damage|p2a: Dragapult|27/100
|-enditem|p2a: Dragapult|Heavy-Duty Boots|[from] move: Knock Off|[of] p1a: Iron Treads
|
|-heal|p1a: Iron Treads|91/100|[from] item: Leftovers
|upkeep
|turn|13
|
|t:|1743864701
|move|p1a: Iron Treads|Knock Off|p2a: Dragapult
|-supereffective|p2a: Dragapult
|-damage|p2a: Dragapult|0 fnt
|faint|p2a: Dragapult
|
|-heal|p1a: Iron Treads|97/100|[from] item: Leftovers
|-fieldend|move: Trick Room
|upkeep
|
|t:|1743864705
|switch|p2a: Zamazenta|Zamazenta|100/100
|-ability|p2a: Zamazenta|Dauntless Shield|boost
|-boost|p2a: Zamazenta|def|1
|turn|14
|
|t:|1743864716
|move|p2a: Zamazenta|Close Combat|p1a: Iron Treads
|-supereffective|p1a: Iron Treads
|-damage|p1a: Iron Treads|0 fnt
|-unboost|p2a: Zamazenta|def|1
|-unboost|p2a: Zamazenta|spd|1
|faint|p1a: Iron Treads
|-end|p1a: Iron Treads|Quark Drive|[silent]
|
|upkeep
|
|t:|1743864720
|switch|p1a: Reuniclus|Reuniclus, M|100/100
|turn|15
|
|t:|1743864732
|move|p2a: Zamazenta|Crunch|p1a: Reuniclus
|-supereffective|p1a: Reuniclus
|-damage|p1a: Reuniclus|44/100
|move|p1a: Reuniclus|Trick Room|p1a: Reuniclus
|-fieldstart|move: Trick Room|[of] p1a: Reuniclus
|
|upkeep
|turn|16
|
|t:|1743864739
|switch|p2a: Corviknight|Corviknight, F|84/100
|-ability|p2a: Corviknight|Pressure
|move|p1a: Reuniclus|Psychic Noise|p2a: Corviknight
|-resisted|p2a: Corviknight
|-damage|p2a: Corviknight|56/100
|-start|p2a: Corviknight|move: Heal Block
|
|upkeep
|turn|17
|
|t:|1743864750
|move|p1a: Reuniclus|Recover|p1a: Reuniclus
|-heal|p1a: Reuniclus|94/100
|move|p2a: Corviknight|Brave Bird|p1a: Reuniclus
|-damage|p1a: Reuniclus|63/100
|-damage|p2a: Corviknight|45/100|[from] Recoil
|
|-end|p2a: Corviknight|move: Heal Block
|upkeep
|turn|18
|
|t:|1743864757
|move|p1a: Reuniclus|Focus Blast|p2a: Corviknight|[miss]
|-miss|p1a: Reuniclus|p2a: Corviknight
|move|p2a: Corviknight|Roost|p2a: Corviknight
|-heal|p2a: Corviknight|95/100
|-singleturn|p2a: Corviknight|move: Roost
|
|upkeep
|turn|19
|
|t:|1743864762
|switch|p1a: Porygon2|Porygon2, tera:Electric|56/100
|-heal|p1a: Porygon2|100/100|[from] move: Healing Wish
|-damage|p1a: Porygon2|88/100|[from] Stealth Rock
|-damage|p1a: Porygon2|76/100|[from] Spikes
|-ability|p1a: Porygon2|Download|boost
|-boost|p1a: Porygon2|spa|1
|move|p2a: Corviknight|Brave Bird|p1a: Porygon2
|-resisted|p1a: Porygon2
|-damage|p1a: Porygon2|65/100
|-damage|p2a: Corviknight|91/100|[from] Recoil
|
|-fieldend|move: Trick Room
|upkeep
|turn|20
|
|t:|1743864771
|move|p2a: Corviknight|Body Press|p1a: Porygon2
|-damage|p1a: Porygon2|49/100
|move|p1a: Porygon2|Recover|p1a: Porygon2
|-heal|p1a: Porygon2|99/100
|
|upkeep
|turn|21
|
|t:|1743864778
|move|p2a: Corviknight|Iron Defense|p2a: Corviknight
|-boost|p2a: Corviknight|def|2
|move|p1a: Porygon2|Trick Room|p1a: Porygon2
|-fieldstart|move: Trick Room|[of] p1a: Porygon2
|
|upkeep
|turn|22
|
|t:|1743864788
|-terastallize|p2a: Corviknight|Fairy
|move|p1a: Porygon2|Tera Blast|p2a: Corviknight|[anim] Tera Blast Electric
|-damage|p2a: Corviknight|46/100
|move|p2a: Corviknight|Iron Defense|p2a: Corviknight
|-boost|p2a: Corviknight|def|2
|
|upkeep
|turn|23
|
|t:|1743864794
|move|p1a: Porygon2|Tera Blast|p2a: Corviknight|[anim] Tera Blast Electric
|-damage|p2a: Corviknight|2/100
|move|p2a: Corviknight|Roost|p2a: Corviknight
|-heal|p2a: Corviknight|52/100
|
|upkeep
|turn|24
|
|t:|1743864800
|move|p1a: Porygon2|Tera Blast|p2a: Corviknight|[anim] Tera Blast Electric
|-damage|p2a: Corviknight|12/100
|move|p2a: Corviknight|Roost|p2a: Corviknight
|-heal|p2a: Corviknight|62/100
|
|upkeep
|turn|25
|
|t:|1743864806
|move|p1a: Porygon2|Tera Blast|p2a: Corviknight|[anim] Tera Blast Electric
|-damage|p2a: Corviknight|22/100
|move|p2a: Corviknight|Roost|p2a: Corviknight
|-heal|p2a: Corviknight|72/100
|
|-fieldend|move: Trick Room
|upkeep
|turn|26
|
|t:|1743864811
|move|p2a: Corviknight|Body Press|p1a: Porygon2
|-damage|p1a: Porygon2|43/100
|move|p1a: Porygon2|Tera Blast|p2a: Corviknight|[anim] Tera Blast Electric
|-damage|p2a: Corviknight|28/100
|
|upkeep
|turn|27
|
|t:|1743864820
|move|p2a: Corviknight|Body Press|p1a: Porygon2
|-damage|p1a: Porygon2|0 fnt
|faint|p1a: Porygon2
|
|upkeep
|
|t:|1743864829
|switch|p1a: Reuniclus|Reuniclus, M|63/100
|turn|28
|
|t:|1743864837
|move|p2a: Corviknight|Roost|p2a: Corviknight
|-heal|p2a: Corviknight|78/100
|move|p1a: Reuniclus|Recover|p1a: Reuniclus
|-heal|p1a: Reuniclus|100/100
|
|upkeep
|turn|29
|
|t:|1743864844
|move|p2a: Corviknight|Iron Defense|p2a: Corviknight
|-boost|p2a: Corviknight|def|2
|move|p1a: Reuniclus|Trick Room|p1a: Reuniclus
|-fieldstart|move: Trick Room|[of] p1a: Reuniclus
|
|upkeep
|turn|30
|
|t:|1743864848
|move|p1a: Reuniclus|Psychic Noise|p2a: Corviknight
|-damage|p2a: Corviknight|26/100
|-start|p2a: Corviknight|move: Heal Block
|move|p2a: Corviknight|Body Press|p1a: Reuniclus
|-resisted|p1a: Reuniclus
|-damage|p1a: Reuniclus|50/100
|
|upkeep
|turn|31
|
|t:|1743864855
|move|p1a: Reuniclus|Psychic Noise|p2a: Corviknight
|-damage|p2a: Corviknight|0 fnt
|faint|p2a: Corviknight
|
|upkeep
|
|t:|1743864861
|switch|p2a: Zamazenta|Zamazenta|100/100
|turn|32
|
|t:|1743864866
|move|p1a: Reuniclus|Focus Blast|p2a: Zamazenta|[miss]
|-miss|p1a: Reuniclus|p2a: Zamazenta
|move|p2a: Zamazenta|Crunch|p1a: Reuniclus
|-supereffective|p1a: Reuniclus
|-damage|p1a: Reuniclus|0 fnt
|faint|p1a: Reuniclus
|
|upkeep
|
|t:|1743864871
|switch|p1a: Ursaluna|Ursaluna, M|100/100
|-damage|p1a: Ursaluna|94/100|[from] Stealth Rock
|-damage|p1a: Ursaluna|82/100|[from] Spikes
|turn|33
|
|t:|1743864882
|move|p1a: Ursaluna|Facade|p2a: Zamazenta
|-damage|p2a: Zamazenta|58/100
|move|p2a: Zamazenta|Close Combat|p1a: Ursaluna
|-supereffective|p1a: Ursaluna
|-damage|p1a: Ursaluna|0 fnt
|-unboost|p2a: Zamazenta|def|1
|-unboost|p2a: Zamazenta|spd|1
|faint|p1a: Ursaluna
|
|-fieldend|move: Trick Room
|upkeep
|-message|akiral13 forfeited.
|
|win|boiimducky
|raw|akiral13's rating: 1296 &rarr; <strong>1272</strong><br />(-24 for losing)
|raw|boiimducky's rating: 1315 &rarr; <strong>1334</strong><br />(+19 for winning)
|l|☆akiral13
|player|p1|
|l|☆boiimducky
|player|p2|
