|j|☆peppinofuoco
|j|☆sbhh
|t:|1743857414
|gametype|singles
|player|p1|peppinofuoco|lucas|1045
|player|p2|sbhh|lucas|1073
|teamsize|p1|6
|teamsize|p2|6
|gen|9
|tier|[Gen 9] OU
|rated|
|rule|HP Percentage Mod: HP is shown in percentages
|rule|Endless Battle Clause: Forcing endless battles is banned
|rule|Species Clause: Limit one of each Pokémon
|rule|OHKO Clause: OHKO moves are banned
|rule|Evasion Items Clause: Evasion items are banned
|rule|Evasion Moves Clause: Evasion moves are banned
|rule|Sleep Moves Clause: Sleep-inducing moves are banned
|clearpoke
|poke|p1|Pecharunt|
|poke|p1|Gliscor, F|
|poke|p1|Ogerpon-Wellspring, F|
|poke|p1|Garganacl, F|
|poke|p1|Great Tusk|
|poke|p1|Kingambit, M|
|poke|p2|Pelipper, F|
|poke|p2|Zapdos|
|poke|p2|Kingdra, M|
|poke|p2|Scizor, F|
|poke|p2|Gliscor, M|
|poke|p2|Empoleon, F|
|teampreview
|
|t:|1743857432
|start
|switch|p1a: Ogerpon|Ogerpon-Wellspring, F|100/100
|switch|p2a: Scizor|Scizor, F|100/100
|turn|1
|
|t:|1743857453
|move|p1a: Ogerpon|U-turn|p2a: Scizor
|-resisted|p2a: Scizor
|-damage|p2a: Scizor|85/100
|
|t:|1743857463
|switch|p1a: Great Tusk|Great Tusk|100/100|[from] U-turn
|move|p2a: Scizor|U-turn|p1a: Great Tusk
|-resisted|p1a: Great Tusk
|-damage|p1a: Great Tusk|78/100
|
|t:|1743857477
|switch|p2a: Gliscor|Gliscor, M|100/100|[from] U-turn
|
|-status|p2a: Gliscor|tox|[from] item: Toxic Orb
|upkeep
|turn|2
|
|t:|1743857487
|move|p1a: Great Tusk|Ice Spinner|p2a: Gliscor
|-supereffective|p2a: Gliscor
|-damage|p2a: Gliscor|31/100 tox
|move|p2a: Gliscor|Stealth Rock|p1a: Great Tusk
|-sidestart|p1: peppinofuoco|move: Stealth Rock
|
|-heal|p2a: Gliscor|43/100 tox|[from] ability: Poison Heal
|upkeep
|turn|3
|
|t:|1743857498
|move|p2a: Gliscor|Protect|p2a: Gliscor
|-singleturn|p2a: Gliscor|Protect
|move|p1a: Great Tusk|Knock Off|p2a: Gliscor
|-activate|p2a: Gliscor|move: Protect
|
|-heal|p2a: Gliscor|55/100 tox|[from] ability: Poison Heal
|upkeep
|turn|4
|
|t:|1743857509
|switch|p2a: 大嘴鸥|Pelipper, F|100/100
|-weather|RainDance|[from] ability: Drizzle|[of] p2a: 大嘴鸥
|move|p1a: Great Tusk|Rapid Spin|p2a: 大嘴鸥
|-damage|p2a: 大嘴鸥|79/100
|-boost|p1a: Great Tusk|spe|1
|-sideend|p1: peppinofuoco|Stealth Rock|[from] move: Rapid Spin|[of] p1a: Great Tusk
|
|-weather|RainDance|[upkeep]
|upkeep
|turn|5
|
|t:|1743857527
|move|p1a: Great Tusk|Ice Spinner|p2a: 大嘴鸥
|-damage|p2a: 大嘴鸥|46/100
|move|p2a: 大嘴鸥|U-turn|p1a: Great Tusk
|-resisted|p1a: Great Tusk
|-damage|p1a: Great Tusk|75/100
|
|t:|1743857535
|switch|p2a: 闪电鸟|Zapdos|100/100|[from] U-turn
|-ability|p2a: 闪电鸟|Pressure
|
|-weather|RainDance|[upkeep]
|upkeep
|turn|6
|
|t:|1743857572
|move|p1a: Great Tusk|Knock Off|p2a: 闪电鸟
|-damage|p2a: 闪电鸟|64/100
|-enditem|p2a: 闪电鸟|Leftovers|[from] move: Knock Off|[of] p1a: Great Tusk
|move|p2a: 闪电鸟|Hurricane|p1a: Great Tusk
|-supereffective|p1a: Great Tusk
|-damage|p1a: Great Tusk|0 fnt
|faint|p1a: Great Tusk
|-end|p1a: Great Tusk|Protosynthesis|[silent]
|
|-weather|RainDance|[upkeep]
|upkeep
|
|t:|1743857587
|switch|p1a: Garganacl|Garganacl, F|100/100
|turn|7
|
|t:|1743857594
|move|p2a: 闪电鸟|U-turn|p1a: Garganacl
|-damage|p1a: Garganacl|93/100
|
|t:|1743857606
|switch|p2a: Scizor|Scizor, F|85/100|[from] U-turn
|move|p1a: Garganacl|Stealth Rock|p2a: Scizor
|-sidestart|p2: sbhh|move: Stealth Rock
|
|-weather|RainDance|[upkeep]
|-heal|p1a: Garganacl|99/100|[from] item: Leftovers
|upkeep
|turn|8
|
|t:|1743857616
|move|p2a: Scizor|Bullet Punch|p1a: Garganacl
|-supereffective|p1a: Garganacl
|-crit|p1a: Garganacl
|-damage|p1a: Garganacl|16/100
|move|p1a: Garganacl|Salt Cure|p2a: Scizor
|-damage|p2a: Scizor|68/100
|-start|p2a: Scizor|Salt Cure
|
|-weather|RainDance|[upkeep]
|-heal|p1a: Garganacl|22/100|[from] item: Leftovers
|-damage|p2a: Scizor|43/100|[from] Salt Cure
|upkeep
|turn|9
|
|t:|1743857629
|move|p1a: Garganacl|Protect|p1a: Garganacl
|-singleturn|p1a: Garganacl|Protect
|move|p2a: Scizor|Bullet Punch|p1a: Garganacl
|-activate|p1a: Garganacl|move: Protect
|
|-weather|RainDance|[upkeep]
|-heal|p1a: Garganacl|28/100|[from] item: Leftovers
|-damage|p2a: Scizor|18/100|[from] Salt Cure
|upkeep
|turn|10
|
|t:|1743857657
|switch|p1a: Gliscor|Gliscor, F|100/100
|move|p2a: Scizor|Bullet Punch|p1a: Gliscor
|-damage|p1a: Gliscor|60/100
|
|-weather|RainDance|[upkeep]
|-damage|p2a: Scizor|0 fnt|[from] Salt Cure
|faint|p2a: Scizor
|-status|p1a: Gliscor|tox|[from] item: Toxic Orb
|upkeep
|
|t:|1743857680
|switch|p2a: 闪电鸟|Zapdos|64/100
|-damage|p2a: 闪电鸟|39/100|[from] Stealth Rock
|-ability|p2a: 闪电鸟|Pressure
|turn|11
|
|t:|1743857699
|move|p2a: 闪电鸟|Roost|p2a: 闪电鸟
|-heal|p2a: 闪电鸟|89/100
|-singleturn|p2a: 闪电鸟|move: Roost
|move|p1a: Gliscor|Toxic Spikes|p2a: 闪电鸟
|-sidestart|p2: sbhh|move: Toxic Spikes
|
|-weather|none
|-heal|p1a: Gliscor|73/100 tox|[from] ability: Poison Heal
|upkeep
|turn|12
|
|t:|1743857710
|move|p2a: 闪电鸟|Hurricane|p1a: Gliscor|[miss]
|-miss|p2a: 闪电鸟|p1a: Gliscor
|move|p1a: Gliscor|Earthquake|p2a: 闪电鸟
|-immune|p2a: 闪电鸟
|
|-heal|p1a: Gliscor|85/100 tox|[from] ability: Poison Heal
|upkeep
|turn|13
|
|t:|1743857722
|move|p1a: Gliscor|Protect|p1a: Gliscor
|-singleturn|p1a: Gliscor|Protect
|move|p2a: 闪电鸟|Hurricane|p1a: Gliscor
|-activate|p1a: Gliscor|move: Protect
|
|-heal|p1a: Gliscor|98/100 tox|[from] ability: Poison Heal
|upkeep
|turn|14
|
|t:|1743857735
|move|p2a: 闪电鸟|U-turn|p1a: Gliscor
|-resisted|p1a: Gliscor
|-damage|p1a: Gliscor|92/100 tox
|
|t:|1743857740
|switch|p2a: 大嘴鸥|Pelipper, F|46/100|[from] U-turn
|-damage|p2a: 大嘴鸥|21/100|[from] Stealth Rock
|-weather|RainDance|[from] ability: Drizzle|[of] p2a: 大嘴鸥
|move|p1a: Gliscor|U-turn|p2a: 大嘴鸥
|-resisted|p2a: 大嘴鸥
|-damage|p2a: 大嘴鸥|11/100
|
|t:|1743857759
|switch|p1a: Garganacl|Garganacl, F|28/100|[from] U-turn
|
|-weather|RainDance|[upkeep]
|-heal|p1a: Garganacl|35/100|[from] item: Leftovers
|upkeep
|turn|15
|
|t:|1743857769
|move|p1a: Garganacl|Protect|p1a: Garganacl
|-singleturn|p1a: Garganacl|Protect
|move|p2a: 大嘴鸥|Surf|p1a: Garganacl
|-activate|p1a: Garganacl|move: Protect
|
|-weather|RainDance|[upkeep]
|-heal|p1a: Garganacl|41/100|[from] item: Leftovers
|upkeep
|turn|16
|
|t:|1743857801
|switch|p1a: Ogerpon|Ogerpon-Wellspring, F|100/100
|move|p2a: 大嘴鸥|U-turn|p1a: Ogerpon
|-supereffective|p1a: Ogerpon
|-damage|p1a: Ogerpon|77/100
|
|t:|1743857813
|switch|p2a: 闪电鸟|Zapdos|89/100|[from] U-turn
|-damage|p2a: 闪电鸟|64/100|[from] Stealth Rock
|-ability|p2a: 闪电鸟|Pressure
|
|-weather|RainDance|[upkeep]
|upkeep
|turn|17
|
|t:|1743857825
|move|p1a: Ogerpon|U-turn|p2a: 闪电鸟
|-resisted|p2a: 闪电鸟
|-damage|p2a: 闪电鸟|46/100
|
|t:|1743857849
|switch|p1a: Garganacl|Garganacl, F|41/100|[from] U-turn
|move|p2a: 闪电鸟|Hurricane|p1a: Garganacl
|-resisted|p1a: Garganacl
|-damage|p1a: Garganacl|20/100
|
|-weather|RainDance|[upkeep]
|-heal|p1a: Garganacl|26/100|[from] item: Leftovers
|upkeep
|turn|18
|
|t:|1743857877
|switch|p2a: Gliscor|Gliscor, M|55/100 tox
|-damage|p2a: Gliscor|43/100 tox|[from] Stealth Rock
|move|p1a: Garganacl|Salt Cure|p2a: Gliscor
|-damage|p2a: Gliscor|33/100 tox
|-start|p2a: Gliscor|Salt Cure
|
|-weather|RainDance|[upkeep]
|-heal|p1a: Garganacl|32/100|[from] item: Leftovers
|-heal|p2a: Gliscor|46/100 tox|[from] ability: Poison Heal
|-damage|p2a: Gliscor|33/100 tox|[from] Salt Cure
|upkeep
|turn|19
|
|t:|1743857894
|move|p1a: Garganacl|Protect|p1a: Garganacl
|-singleturn|p1a: Garganacl|Protect
|move|p2a: Gliscor|Stealth Rock|p1a: Garganacl
|-sidestart|p1: peppinofuoco|move: Stealth Rock
|
|-weather|RainDance|[upkeep]
|-heal|p1a: Garganacl|39/100|[from] item: Leftovers
|-heal|p2a: Gliscor|46/100 tox|[from] ability: Poison Heal
|-damage|p2a: Gliscor|33/100 tox|[from] Salt Cure
|upkeep
|turn|20
|
|t:|1743857907
|switch|p2a: Kingdra|Kingdra, M|100/100
|-damage|p2a: Kingdra|88/100|[from] Stealth Rock
|-status|p2a: Kingdra|psn
|switch|p1a: Gliscor|Gliscor, F|92/100 tox
|-damage|p1a: Gliscor|80/100 tox|[from] Stealth Rock
|
|-weather|RainDance|[upkeep]
|-damage|p2a: Kingdra|76/100 psn|[from] psn
|-heal|p1a: Gliscor|92/100 tox|[from] ability: Poison Heal
|upkeep
|turn|21
|
|t:|1743857931
|-terastallize|p1a: Gliscor|Water
|move|p2a: Kingdra|Draco Meteor|p1a: Gliscor
|-damage|p1a: Gliscor|41/100 tox
|-unboost|p2a: Kingdra|spa|2
|move|p1a: Gliscor|Earthquake|p2a: Kingdra
|-damage|p2a: Kingdra|32/100 psn
|
|-weather|none
|-damage|p2a: Kingdra|20/100 psn|[from] psn
|-heal|p1a: Gliscor|54/100 tox|[from] ability: Poison Heal
|upkeep
|turn|22
|
|t:|1743857947
|move|p1a: Gliscor|Protect|p1a: Gliscor
|-singleturn|p1a: Gliscor|Protect
|move|p2a: Kingdra|Draco Meteor|p1a: Gliscor
|-activate|p1a: Gliscor|move: Protect
|
|-damage|p2a: Kingdra|8/100 psn|[from] psn
|-heal|p1a: Gliscor|66/100 tox|[from] ability: Poison Heal
|upkeep
|turn|23
|
|t:|1743857959
|move|p2a: Kingdra|Draco Meteor|p1a: Gliscor
|-damage|p1a: Gliscor|39/100 tox
|-unboost|p2a: Kingdra|spa|2
|move|p1a: Gliscor|U-turn|p2a: Kingdra
|-damage|p2a: Kingdra|0 fnt
|faint|p2a: Kingdra
|
|t:|1743857967
|switch|p1a: Garganacl|Garganacl, F|39/100|[from] U-turn
|-damage|p1a: Garganacl|26/100|[from] Stealth Rock
|
|-heal|p1a: Garganacl|32/100|[from] item: Leftovers
|upkeep
|
|t:|1743857975
|switch|p2a: Empoleon|Empoleon, F|100/100
|-damage|p2a: Empoleon|94/100|[from] Stealth Rock
|turn|24
|
|t:|1743857984
|move|p1a: Garganacl|Protect|p1a: Garganacl
|-singleturn|p1a: Garganacl|Protect
|move|p2a: Empoleon|Whirlpool|p1a: Garganacl
|-activate|p1a: Garganacl|move: Protect
|
|-heal|p2a: Empoleon|100/100|[from] item: Leftovers
|-heal|p1a: Garganacl|39/100|[from] item: Leftovers
|upkeep
|turn|25
|
|t:|1743857995
|move|p2a: Empoleon|Whirlpool|p1a: Garganacl
|-supereffective|p1a: Garganacl
|-damage|p1a: Garganacl|16/100
|-activate|p1a: Garganacl|move: Whirlpool|[of] p2a: Empoleon
|move|p1a: Garganacl|Recover|p1a: Garganacl
|-heal|p1a: Garganacl|66/100
|
|-heal|p1a: Garganacl|73/100|[from] item: Leftovers
|-damage|p1a: Garganacl|60/100|[from] move: Whirlpool|[partiallytrapped]
|upkeep
|turn|26
|
|t:|1743858006
|move|p2a: Empoleon|Brine|p1a: Garganacl
|-supereffective|p1a: Garganacl
|-damage|p1a: Garganacl|19/100
|move|p1a: Garganacl|Salt Cure|p2a: Empoleon
|-resisted|p2a: Empoleon
|-damage|p2a: Empoleon|93/100
|-start|p2a: Empoleon|Salt Cure
|
|-heal|p2a: Empoleon|99/100|[from] item: Leftovers
|-heal|p1a: Garganacl|25/100|[from] item: Leftovers
|-damage|p2a: Empoleon|74/100|[from] Salt Cure
|-damage|p1a: Garganacl|12/100|[from] move: Whirlpool|[partiallytrapped]
|upkeep
|turn|27
|
|t:|1743858020
|move|p1a: Garganacl|Protect|p1a: Garganacl
|-singleturn|p1a: Garganacl|Protect
|move|p2a: Empoleon|Roost|p2a: Empoleon
|-heal|p2a: Empoleon|100/100
|-singleturn|p2a: Empoleon|move: Roost
|
|-heal|p1a: Garganacl|19/100|[from] item: Leftovers
|-damage|p2a: Empoleon|75/100|[from] Salt Cure
|-damage|p1a: Garganacl|6/100|[from] move: Whirlpool|[partiallytrapped]
|upkeep
|turn|28
|
|t:|1743858041
|move|p2a: Empoleon|Roost|p2a: Empoleon
|-heal|p2a: Empoleon|100/100
|-singleturn|p2a: Empoleon|move: Roost
|move|p1a: Garganacl|Recover|p1a: Garganacl
|-heal|p1a: Garganacl|56/100
|
|-heal|p1a: Garganacl|62/100|[from] item: Leftovers
|-damage|p2a: Empoleon|75/100|[from] Salt Cure
|-damage|p1a: Garganacl|50/100|[from] move: Whirlpool|[partiallytrapped]
|upkeep
|turn|29
|
|t:|1743858053
|move|p2a: Empoleon|Brine|p1a: Garganacl
|-supereffective|p1a: Garganacl
|-damage|p1a: Garganacl|0 fnt
|faint|p1a: Garganacl
|
|-heal|p2a: Empoleon|82/100|[from] item: Leftovers
|-damage|p2a: Empoleon|57/100|[from] Salt Cure
|upkeep
|
|t:|1743858068
|switch|p1a: Gliscor|Gliscor, F, tera:Water|39/100 tox
|-damage|p1a: Gliscor|27/100 tox|[from] Stealth Rock
|turn|30
|
|t:|1743858082
|switch|p2a: Gliscor|Gliscor, M|33/100 tox
|-damage|p2a: Gliscor|21/100 tox|[from] Stealth Rock
|move|p1a: Gliscor|Earthquake|p2a: Gliscor
|-immune|p2a: Gliscor
|
|-heal|p2a: Gliscor|33/100 tox|[from] ability: Poison Heal
|-heal|p1a: Gliscor|39/100 tox|[from] ability: Poison Heal
|upkeep
|turn|31
|
|t:|1743858100
|move|p2a: Gliscor|Ice Fang|p1a: Gliscor
|-resisted|p1a: Gliscor
|-damage|p1a: Gliscor|34/100 tox
|move|p1a: Gliscor|U-turn|p2a: Gliscor
|-resisted|p2a: Gliscor
|-damage|p2a: Gliscor|28/100 tox
|
|t:|1743858117
|switch|p1a: Ogerpon|Ogerpon-Wellspring, F|77/100|[from] U-turn
|-damage|p1a: Ogerpon|64/100|[from] Stealth Rock
|
|-heal|p2a: Gliscor|40/100 tox|[from] ability: Poison Heal
|upkeep
|turn|32
|
|t:|1743858126
|move|p2a: Gliscor|Protect|p2a: Gliscor
|-singleturn|p2a: Gliscor|Protect
|move|p1a: Ogerpon|Horn Leech|p2a: Gliscor
|-activate|p2a: Gliscor|move: Protect
|
|-heal|p2a: Gliscor|52/100 tox|[from] ability: Poison Heal
|upkeep
|turn|33
|
|t:|1743858140
|switch|p2a: 大嘴鸥|Pelipper, F|11/100
|-damage|p2a: 大嘴鸥|0 fnt|[from] Stealth Rock
|faint|p2a: 大嘴鸥
|move|p1a: Ogerpon|Horn Leech|p2: 大嘴鸥|[notarget]
|-fail|p1a: Ogerpon
|
|upkeep
|
|t:|1743858152
|switch|p2a: Empoleon|Empoleon, F|57/100
|-damage|p2a: Empoleon|50/100|[from] Stealth Rock
|turn|34
|
|t:|1743858158
|move|p1a: Ogerpon|Horn Leech|p2a: Empoleon
|-damage|p2a: Empoleon|9/100
|-heal|p1a: Ogerpon|90/100|[from] drain|[of] p2a: Empoleon
|move|p2a: Empoleon|Roar|p1a: Ogerpon
|drag|p1a: Kingambit|Kingambit, M|100/100
|-damage|p1a: Kingambit|94/100|[from] Stealth Rock
|-activate|p1a: Kingambit|ability: Supreme Overlord
|-start|p1a: Kingambit|fallen2|[silent]
|
|-heal|p2a: Empoleon|15/100|[from] item: Leftovers
|upkeep
|turn|35
|
|t:|1743858175
|move|p2a: Empoleon|Roost|p2a: Empoleon
|-heal|p2a: Empoleon|65/100
|-singleturn|p2a: Empoleon|move: Roost
|move|p1a: Kingambit|Kowtow Cleave|p2a: Empoleon
|-damage|p2a: Empoleon|0 fnt
|faint|p2a: Empoleon
|
|upkeep
|
|t:|1743858186
|switch|p2a: 闪电鸟|Zapdos|46/100
|-damage|p2a: 闪电鸟|21/100|[from] Stealth Rock
|-ability|p2a: 闪电鸟|Pressure
|turn|36
|
|t:|1743858194
|move|p1a: Kingambit|Sucker Punch|p2a: 闪电鸟
|-damage|p2a: 闪电鸟|0 fnt
|faint|p2a: 闪电鸟
|
|upkeep
|
|t:|1743858200
|switch|p2a: Gliscor|Gliscor, M|52/100 tox
|-damage|p2a: Gliscor|40/100 tox|[from] Stealth Rock
|turn|37
|inactive|Battle timer is ON: inactive players will automatically lose when time's up. (requested by peppinofuoco)
|inactive|sbhh has 120 seconds left.
|inactive|sbhh has 90 seconds left.
|inactive|sbhh has 60 seconds left.
|inactive|sbhh has 30 seconds left.
|inactive|sbhh has 20 seconds left.
|inactive|sbhh has 15 seconds left.
|inactive|sbhh has 10 seconds left.
|inactive|sbhh has 5 seconds left.
|-message|sbhh lost due to inactivity.
|
|win|peppinofuoco
|raw|peppinofuoco's rating: 1045 &rarr; <strong>1085</strong><br />(+40 for winning)
|raw|sbhh's rating: 1121 &rarr; <strong>1091</strong><br />(-30 for losing)
