|j|☆RenegadeArtUtube
|j|☆No_OverUsed?
|t:|1743801319
|gametype|singles
|player|p1|RenegadeArtUtube|gambler|1594
|player|p2|No_OverUsed?|marlon|1602
|teamsize|p1|6
|teamsize|p2|6
|gen|9
|tier|[Gen 9] OU
|rated|
|rule|HP Percentage Mod: HP is shown in percentages
|rule|Endless Battle Clause: Forcing endless battles is banned
|rule|Species Clause: Limit one of each Pokémon
|rule|OHKO Clause: OHKO moves are banned
|rule|Evasion Items Clause: Evasion items are banned
|rule|Evasion Moves Clause: Evasion moves are banned
|rule|Sleep Moves Clause: Sleep-inducing moves are banned
|clearpoke
|poke|p1|Blaziken, M|
|poke|p1|Ninetales-Alola, F|
|poke|p1|Polteageist-Antique|
|poke|p1|Hatterene, F|
|poke|p1|Raging Bolt|
|poke|p1|Landorus-Therian, M|
|poke|p2|Scizor, M|
|poke|p2|Thundurus-Therian, M|
|poke|p2|Reuniclus, M|
|poke|p2|Decidueye-Hisui, M|
|poke|p2|Incineroar, M|
|poke|p2|Keldeo-Resolute|
|teampreview
|j| jusbrezzy
|inactive|Battle timer is ON: inactive players will automatically lose when time's up. (requested by RenegadeArtUtube)
|
|t:|1743801340
|start
|switch|p1a: Hatterene|Hatterene, F, shiny|100/100
|switch|p2a: Amber|Scizor, M, shiny|100/100
|turn|1
|
|t:|1743801347
|switch|p1a: Landorus|Landorus-Therian, M|100/100
|-ability|p1a: Landorus|Intimidate|boost
|-unboost|p2a: Amber|atk|1
|move|p2a: Amber|U-turn|p1a: Landorus
|-resisted|p1a: Landorus
|-damage|p1a: Landorus|78/100
|-damage|p2a: Amber|84/100|[from] item: Rocky Helmet|[of] p1a: Landorus
|
|t:|1743801349
|switch|p2a: Guts|Keldeo-Resolute|100/100|[from] U-turn
|
|upkeep
|turn|2
|j| chris1978
|inactive|RenegadeArtUtube has 120 seconds left.
|j| LillieisLostAgain
|
|t:|1743801393
|switch|p1a: Polteageist|Polteageist-Antique|100/100
|move|p2a: Guts|Surf|p1a: Polteageist
|-damage|p1a: Polteageist|30/100
|
|upkeep
|turn|3
|inactive|No_OverUsed? has 120 seconds left.
|
|t:|1743801437
|move|p2a: Guts|Surf|p1a: Polteageist
|-damage|p1a: Polteageist|0 fnt
|faint|p1a: Polteageist
|
|upkeep
|
|t:|1743801442
|switch|p1a: Ninetales|Ninetales-Alola, F|100/100
|-weather|Snowscape|[from] ability: Snow Warning|[of] p1a: Ninetales
|turn|4
|
|t:|1743801447
|switch|p2a: Amber|Scizor, M, shiny|84/100
|move|p1a: Ninetales|Aurora Veil|p1a: Ninetales
|-sidestart|p1: RenegadeArtUtube|move: Aurora Veil
|
|-weather|Snowscape|[upkeep]
|upkeep
|turn|5
|inactive|No_OverUsed? has 120 seconds left.
|
|t:|1743801473
|switch|p1a: Raging Bolt|Raging Bolt|100/100
|-enditem|p1a: Raging Bolt|Booster Energy
|-activate|p1a: Raging Bolt|ability: Protosynthesis|[fromitem]
|-start|p1a: Raging Bolt|protosynthesisspa
|move|p2a: Amber|U-turn|p1a: Raging Bolt
|-damage|p1a: Raging Bolt|75/100
|
|t:|1743801476
|switch|p2a: Genosis|Reuniclus, M, shiny|100/100|[from] U-turn
|
|-weather|Snowscape|[upkeep]
|upkeep
|turn|6
|
|t:|1743801485
|move|p1a: Raging Bolt|Discharge|p2a: Genosis
|-damage|p2a: Genosis|73/100
|move|p2a: Genosis|Psyshock|p1a: Raging Bolt
|-damage|p1a: Raging Bolt|60/100
|
|-weather|Snowscape|[upkeep]
|upkeep
|turn|7
|c|☆RenegadeArtUtube|Definitely assault vest
|
|t:|1743801502
|-end|p1a: Raging Bolt|Protosynthesis|[silent]
|switch|p1a: Landorus|Landorus-Therian, M|78/100
|-ability|p1a: Landorus|Intimidate|boost
|-unboost|p2a: Genosis|atk|1
|move|p2a: Genosis|Psyshock|p1a: Landorus
|-damage|p1a: Landorus|57/100
|
|-weather|Snowscape|[upkeep]
|upkeep
|turn|8
|
|t:|1743801512
|switch|p2a: Hawkeye|Decidueye-Hisui, M, shiny|100/100
|move|p1a: Landorus|U-turn|p2a: Hawkeye
|-damage|p2a: Hawkeye|80/100
|-damage|p1a: Landorus|40/100|[from] item: Rocky Helmet|[of] p2a: Hawkeye
|
|t:|1743801520
|switch|p1a: Blaziken|Blaziken, M, shiny|100/100|[from] U-turn
|
|-weather|none
|upkeep
|turn|9
|inactive|No_OverUsed? has 120 seconds left.
|
|t:|1743801575
|-terastallize|p1a: Blaziken|Ghost
|move|p1a: Blaziken|Swords Dance|p1a: Blaziken
|-boost|p1a: Blaziken|atk|2
|move|p2a: Hawkeye|Triple Arrows|p1a: Blaziken
|-damage|p1a: Blaziken|73/100
|
|-ability|p1a: Blaziken|Speed Boost|boost
|-boost|p1a: Blaziken|spe|1
|upkeep
|turn|10
|c|☆RenegadeArtUtube|Oh I forgot he had Scrappy Lol
|inactive|No_OverUsed? has 90 seconds left.
|
|t:|1743801599
|move|p1a: Blaziken|Blaze Kick|p2a: Hawkeye
|-supereffective|p2a: Hawkeye
|-damage|p2a: Hawkeye|0 fnt
|-damage|p1a: Blaziken|56/100|[from] item: Rocky Helmet|[of] p2a: Hawkeye
|faint|p2a: Hawkeye
|
|-ability|p1a: Blaziken|Speed Boost|boost
|-boost|p1a: Blaziken|spe|1
|upkeep
|inactive|No_OverUsed? has 90 seconds left.
|
|t:|1743801614
|switch|p2a: Genosis|Reuniclus, M, shiny|100/100
|turn|11
|inactive|No_OverUsed? has 90 seconds left.
|
|t:|1743801621
|move|p1a: Blaziken|Knock Off|p2a: Genosis
|-supereffective|p2a: Genosis
|-damage|p2a: Genosis|0 fnt
|-enditem|p2a: Genosis|Assault Vest|[from] move: Knock Off|[of] p1a: Blaziken
|faint|p2a: Genosis
|
|-sideend|p1: RenegadeArtUtube|move: Aurora Veil
|-ability|p1a: Blaziken|Speed Boost|boost
|-boost|p1a: Blaziken|spe|1
|upkeep
|
|t:|1743801626
|switch|p2a: Amber|Scizor, M, shiny|84/100
|turn|12
|
|t:|1743801633
|switch|p1a: Landorus|Landorus-Therian, M|40/100
|-ability|p1a: Landorus|Intimidate|boost
|-unboost|p2a: Amber|atk|1
|move|p2a: Amber|Bullet Punch|p1a: Landorus
|-damage|p1a: Landorus|1/100
|-damage|p2a: Amber|68/100|[from] item: Rocky Helmet|[of] p1a: Landorus
|
|upkeep
|turn|13
|
|t:|1743801643
|move|p2a: Amber|Bullet Punch|p1a: Landorus
|-damage|p1a: Landorus|0 fnt
|-damage|p2a: Amber|51/100|[from] item: Rocky Helmet|[of] p1a: Landorus
|faint|p1a: Landorus
|
|upkeep
|
|t:|1743801650
|switch|p1a: Ninetales|Ninetales-Alola, F|100/100
|-weather|Snowscape|[from] ability: Snow Warning|[of] p1a: Ninetales
|turn|14
|
|t:|1743801657
|switch|p1a: Raging Bolt|Raging Bolt|60/100
|-terastallize|p2a: Amber|Steel
|move|p2a: Amber|Bullet Punch|p1a: Raging Bolt
|-resisted|p1a: Raging Bolt
|-damage|p1a: Raging Bolt|38/100
|
|-weather|Snowscape|[upkeep]
|upkeep
|turn|15
|
|t:|1743801675
|switch|p2a: Zeus|Thundurus-Therian, M|100/100
|move|p1a: Raging Bolt|Weather Ball|p2a: Zeus
|-supereffective|p2a: Zeus
|-damage|p2a: Zeus|0 fnt
|faint|p2a: Zeus
|
|-weather|Snowscape|[upkeep]
|upkeep
|
|t:|1743801684
|switch|p2a: Guts|Keldeo-Resolute|100/100
|turn|16
|
|t:|1743801688
|move|p2a: Guts|Vacuum Wave|p1a: Raging Bolt
|-damage|p1a: Raging Bolt|11/100
|move|p1a: Raging Bolt|Thunderclap||[still]
|-fail|p1a: Raging Bolt
|
|-weather|Snowscape|[upkeep]
|upkeep
|turn|17
|
|t:|1743801695
|-end|p1a: Raging Bolt|Protosynthesis|[silent]
|switch|p1a: Ninetales|Ninetales-Alola, F|100/100
|move|p2a: Guts|Vacuum Wave|p1a: Ninetales
|-damage|p1a: Ninetales|71/100
|
|-weather|Snowscape|[upkeep]
|upkeep
|turn|18
|
|t:|1743801705
|switch|p2a: Amber|Scizor, M, shiny, tera:Steel|51/100
|move|p1a: Ninetales|Aurora Veil|p1a: Ninetales
|-sidestart|p1: RenegadeArtUtube|move: Aurora Veil
|
|-weather|none
|upkeep
|turn|19
|inactive|RenegadeArtUtube has 120 seconds left.
|
|t:|1743801737
|move|p1a: Ninetales|Freeze-Dry|p2a: Amber
|-resisted|p2a: Amber
|-damage|p2a: Amber|37/100
|move|p2a: Amber|U-turn|p1a: Ninetales
|-resisted|p1a: Ninetales
|-damage|p1a: Ninetales|54/100
|
|t:|1743801742
|switch|p2a: VGC|Incineroar, M|100/100|[from] U-turn
|-ability|p2a: VGC|Intimidate|boost
|-unboost|p1a: Ninetales|atk|1
|
|upkeep
|turn|20
|
|t:|1743801753
|move|p1a: Ninetales|Draining Kiss|p2a: VGC
|-damage|p2a: VGC|91/100
|-heal|p1a: Ninetales|62/100|[from] drain|[of] p2a: VGC
|move|p2a: VGC|Knock Off|p1a: Ninetales
|-resisted|p1a: Ninetales
|-damage|p1a: Ninetales|49/100
|-enditem|p1a: Ninetales|Light Clay|[from] move: Knock Off|[of] p2a: VGC
|
|-heal|p2a: VGC|97/100|[from] item: Leftovers
|upkeep
|turn|21
|
|t:|1743801764
|switch|p1a: Raging Bolt|Raging Bolt|11/100
|move|p2a: VGC|Will-O-Wisp|p1a: Raging Bolt
|-status|p1a: Raging Bolt|brn
|
|-heal|p2a: VGC|100/100|[from] item: Leftovers
|-damage|p1a: Raging Bolt|5/100 brn|[from] brn
|upkeep
|turn|22
|inactive|No_OverUsed? has 120 seconds left.
|
|t:|1743801810
|switch|p2a: Guts|Keldeo-Resolute|100/100
|move|p1a: Raging Bolt|Discharge|p2a: Guts
|-supereffective|p2a: Guts
|-damage|p2a: Guts|0 fnt
|faint|p2a: Guts
|
|-damage|p1a: Raging Bolt|0 fnt|[from] brn
|faint|p1a: Raging Bolt
|-end|p1a: Raging Bolt|Protosynthesis|[silent]
|upkeep
|inactive|RenegadeArtUtube has 120 seconds left.
|
|t:|1743801826
|switch|p2a: VGC|Incineroar, M|100/100
|switch|p1a: Blaziken|Blaziken, M, shiny, tera:Ghost|56/100
|-ability|p2a: VGC|Intimidate|boost
|-unboost|p1a: Blaziken|atk|1
|turn|23
|inactive|RenegadeArtUtube has 120 seconds left.
|
|t:|1743801854
|switch|p1a: Ninetales|Ninetales-Alola, F|49/100
|-weather|Snowscape|[from] ability: Snow Warning|[of] p1a: Ninetales
|move|p2a: VGC|Will-O-Wisp|p1a: Ninetales
|-status|p1a: Ninetales|brn
|
|-weather|Snowscape|[upkeep]
|-damage|p1a: Ninetales|43/100 brn|[from] brn
|upkeep
|turn|24
|
|t:|1743801867
|move|p1a: Ninetales|Encore|p2a: VGC
|-start|p2a: VGC|Encore
|move|p2a: VGC|Will-O-Wisp|p1a: Ninetales
|-fail|p1a: Ninetales|brn
|
|-weather|Snowscape|[upkeep]
|-damage|p1a: Ninetales|37/100 brn|[from] brn
|upkeep
|turn|25
|
|t:|1743801876
|switch|p1a: Hatterene|Hatterene, F, shiny|100/100
|switch|p2a: Amber|Scizor, M, shiny, tera:Steel|37/100
|
|-weather|Snowscape|[upkeep]
|-sideend|p1: RenegadeArtUtube|move: Aurora Veil
|upkeep
|turn|26
|inactive|No_OverUsed? has 120 seconds left.
|j| ASilentKingambitX
|
|t:|1743801902
|move|p2a: Amber|Bullet Punch|p1a: Hatterene
|-supereffective|p1a: Hatterene
|-enditem|p1a: Hatterene|Focus Sash
|-damage|p1a: Hatterene|1/100
|move|p1a: Hatterene|Nuzzle|p2a: Amber
|-crit|p2a: Amber
|-damage|p2a: Amber|30/100
|-status|p2a: Amber|par
|
|-weather|Snowscape|[upkeep]
|upkeep
|turn|27
|
|t:|1743801915
|move|p2a: Amber|Bullet Punch|p1a: Hatterene
|-supereffective|p1a: Hatterene
|-damage|p1a: Hatterene|0 fnt
|faint|p1a: Hatterene
|
|-weather|none
|upkeep
|
|t:|1743801924
|switch|p1a: Blaziken|Blaziken, M, shiny, tera:Ghost|56/100
|turn|28
|c|☆No_OverUsed?|alright now it's rng time
|
|t:|1743801929
|move|p2a: Amber|Bullet Punch|p1a: Blaziken
|-damage|p1a: Blaziken|0 fnt
|faint|p1a: Blaziken
|
|upkeep
|-message|RenegadeArtUtube forfeited.
|
|win|No_OverUsed?
|raw|RenegadeArtUtube's rating: 1594 &rarr; <strong>1574</strong><br />(-20 for losing)
|raw|No_OverUsed?'s rating: 1602 &rarr; <strong>1622</strong><br />(+20 for winning)
|l|☆RenegadeArtUtube
|player|p1|
|l| ASilentKingambitX
|l|☆No_OverUsed?
|player|p2|
|l| LillieisLostAgain
|j| LillieisLostAgain
|l| LillieisLostAgain
