|j|☆champ bogar
|j|☆sveinung12321
|t:|1743881335
|gametype|singles
|player|p1|champ bogar|cynthia-masters3|1517
|player|p2|sveinung12321|266|1534
|teamsize|p1|6
|teamsize|p2|6
|gen|9
|tier|[Gen 9] OU
|rated|
|rule|HP Percentage Mod: HP is shown in percentages
|rule|Endless Battle Clause: Forcing endless battles is banned
|rule|Species Clause: Limit one of each Pokémon
|rule|OHKO Clause: OHKO moves are banned
|rule|Evasion Items Clause: Evasion items are banned
|rule|Evasion Moves Clause: Evasion moves are banned
|rule|Sleep Moves Clause: Sleep-inducing moves are banned
|clearpoke
|poke|p1|Garchomp, F|
|poke|p1|Darkrai|
|poke|p1|Deoxys-Speed|
|poke|p1|Clodsire, M|
|poke|p1|Corviknight, M|
|poke|p1|Cinderace, M|
|poke|p2|Zapdos|
|poke|p2|Corviknight, M|
|poke|p2|Iron Valiant|
|poke|p2|Great Tusk|
|poke|p2|Dragapult, M|
|poke|p2|Slowbro, F|
|teampreview
|inactive|Battle timer is ON: inactive players will automatically lose when time's up. (requested by champ bogar)
|
|t:|1743881348
|start
|switch|p1a: Deoxys|Deoxys-Speed, shiny|100/100
|switch|p2a: Dragapult|Dragapult, M|100/100
|-ability|p1a: Deoxys|Pressure
|turn|1
|
|t:|1743881353
|switch|p2a: Slowbro|Slowbro, F|100/100
|move|p1a: Deoxys|Psycho Boost|p2a: Slowbro
|-resisted|p2a: Slowbro
|-damage|p2a: Slowbro|72/100
|-unboost|p1a: Deoxys|spa|2
|-damage|p1a: Deoxys|91/100|[from] item: Life Orb
|
|upkeep
|turn|2
|
|t:|1743881360
|switch|p1a: Clodsire|Clodsire, M|100/100
|move|p2a: Slowbro|Future Sight|p1a: Clodsire
|-start|p2a: Slowbro|move: Future Sight
|
|upkeep
|turn|3
|
|t:|1743881365
|move|p2a: Slowbro|Scald|p1a: Clodsire
|-immune|p1a: Clodsire|[from] ability: Water Absorb
|move|p1a: Clodsire|Toxic|p2a: Slowbro
|-status|p2a: Slowbro|tox
|
|-damage|p2a: Slowbro|66/100 tox|[from] psn
|upkeep
|turn|4
|
|t:|1743881374
|switch|p2a: Great Tusk|Great Tusk|100/100
|switch|p1a: Darkrai|Darkrai|100/100
|
|-end|p1a: Darkrai|move: Future Sight
|-immune|p1a: Darkrai
|upkeep
|turn|5
|
|t:|1743881380
|-end|p2a: Great Tusk|Protosynthesis|[silent]
|switch|p2a: Corviknight|Corviknight, M|100/100
|-ability|p2a: Corviknight|Pressure
|move|p1a: Darkrai|Ice Beam|p2a: Corviknight
|-damage|p2a: Corviknight|53/100
|
|upkeep
|turn|6
|
|t:|1743881383
|switch|p1a: Corviknight|Corviknight, M|100/100
|-ability|p1a: Corviknight|Pressure
|move|p2a: Corviknight|Roost|p2a: Corviknight
|-heal|p2a: Corviknight|100/100
|-singleturn|p2a: Corviknight|move: Roost
|
|upkeep
|turn|7
|
|t:|1743881388
|move|p2a: Corviknight|U-turn|p1a: Corviknight
|-resisted|p1a: Corviknight
|-damage|p1a: Corviknight|98/100
|-damage|p2a: Corviknight|84/100|[from] item: Rocky Helmet|[of] p1a: Corviknight
|
|t:|1743881391
|switch|p2a: Zapdos|Zapdos|100/100|[from] U-turn
|move|p1a: Corviknight|U-turn|p2a: Zapdos
|-resisted|p2a: Zapdos
|-damage|p2a: Zapdos|92/100
|-status|p1a: Corviknight|par|[from] ability: Static|[of] p2a: Zapdos
|
|t:|1743881398
|switch|p1a: Darkrai|Darkrai|100/100|[from] U-turn
|
|upkeep
|turn|8
|
|t:|1743881402
|switch|p2a: Slowbro|Slowbro, F|99/100 tox
|move|p1a: Darkrai|Ice Beam|p2a: Slowbro
|-resisted|p2a: Slowbro
|-damage|p2a: Slowbro|83/100 tox
|
|-damage|p2a: Slowbro|77/100 tox|[from] psn
|upkeep
|turn|9
|
|t:|1743881412
|switch|p1a: Clodsire|Clodsire, M|100/100
|switch|p2a: Great Tusk|Great Tusk|100/100
|
|upkeep
|turn|10
|
|t:|1743881415
|move|p2a: Great Tusk|Stealth Rock|p1a: Clodsire
|-sidestart|p1: champ bogar|move: Stealth Rock
|move|p1a: Clodsire|Toxic|p2a: Great Tusk
|-status|p2a: Great Tusk|tox
|
|-damage|p2a: Great Tusk|94/100 tox|[from] psn
|upkeep
|turn|11
|
|t:|1743881419
|-end|p2a: Great Tusk|Protosynthesis|[silent]
|switch|p2a: Zapdos|Zapdos|92/100
|switch|p1a: Corviknight|Corviknight, M|98/100 par
|-damage|p1a: Corviknight|86/100 par|[from] Stealth Rock
|-ability|p1a: Corviknight|Pressure
|
|upkeep
|turn|12
|
|t:|1743881422
|switch|p1a: Clodsire|Clodsire, M|100/100
|-damage|p1a: Clodsire|94/100|[from] Stealth Rock
|move|p2a: Zapdos|Volt Switch|p1a: Clodsire
|-immune|p1a: Clodsire
|
|-heal|p1a: Clodsire|100/100|[from] item: Leftovers
|upkeep
|turn|13
|
|t:|1743881431
|switch|p2a: Slowbro|Slowbro, F|100/100 tox
|move|p1a: Clodsire|Toxic|p2a: Slowbro
|-fail|p2a: Slowbro|tox
|
|-damage|p2a: Slowbro|94/100 tox|[from] psn
|upkeep
|turn|14
|
|t:|1743881433
|move|p2a: Slowbro|Future Sight|p1a: Clodsire
|-start|p2a: Slowbro|move: Future Sight
|move|p1a: Clodsire|Earthquake|p2a: Slowbro
|-damage|p2a: Slowbro|78/100 tox
|
|-damage|p2a: Slowbro|65/100 tox|[from] psn
|upkeep
|turn|15
|
|t:|1743881438
|move|p2a: Slowbro|Scald|p1a: Clodsire
|-immune|p1a: Clodsire|[from] ability: Water Absorb
|move|p1a: Clodsire|Earthquake|p2a: Slowbro
|-damage|p2a: Slowbro|49/100 tox
|
|-damage|p2a: Slowbro|30/100 tox|[from] psn
|upkeep
|turn|16
|
|t:|1743881444
|switch|p2a: Great Tusk|Great Tusk|94/100 tox
|move|p1a: Clodsire|Earthquake|p2a: Great Tusk
|-damage|p2a: Great Tusk|78/100 tox
|
|-end|p1a: Clodsire|move: Future Sight
|-supereffective|p1a: Clodsire
|-damage|p1a: Clodsire|54/100
|-heal|p2a: Great Tusk|84/100 tox|[from] item: Leftovers
|-heal|p1a: Clodsire|60/100|[from] item: Leftovers
|-damage|p2a: Great Tusk|78/100 tox|[from] psn
|upkeep
|turn|17
|
|t:|1743881450
|switch|p1a: Corviknight|Corviknight, M|86/100 par
|-damage|p1a: Corviknight|74/100 par|[from] Stealth Rock
|-ability|p1a: Corviknight|Pressure
|move|p2a: Great Tusk|Headlong Rush|p1a: Corviknight
|-immune|p1a: Corviknight
|
|-heal|p2a: Great Tusk|84/100 tox|[from] item: Leftovers
|-damage|p2a: Great Tusk|72/100 tox|[from] psn
|upkeep
|turn|18
|
|t:|1743881455
|-end|p2a: Great Tusk|Protosynthesis|[silent]
|switch|p2a: Corviknight|Corviknight, M|84/100
|-ability|p2a: Corviknight|Pressure
|move|p1a: Corviknight|U-turn|p2a: Corviknight
|-resisted|p2a: Corviknight
|-damage|p2a: Corviknight|82/100
|-damage|p1a: Corviknight|57/100 par|[from] item: Rocky Helmet|[of] p2a: Corviknight
|
|t:|1743881462
|switch|p1a: Darkrai|Darkrai|100/100|[from] U-turn
|-damage|p1a: Darkrai|88/100|[from] Stealth Rock
|
|upkeep
|turn|19
|
|t:|1743881465
|-terastallize|p1a: Darkrai|Dark
|move|p1a: Darkrai|Dark Pulse|p2a: Corviknight
|-damage|p2a: Corviknight|0 fnt
|faint|p2a: Corviknight
|
|upkeep
|
|t:|1743881467
|switch|p2a: Iron Valiant|Iron Valiant|100/100
|-enditem|p2a: Iron Valiant|Booster Energy
|-activate|p2a: Iron Valiant|ability: Quark Drive|[fromitem]
|-start|p2a: Iron Valiant|quarkdrivespe
|turn|20
|
|t:|1743881473
|-end|p2a: Iron Valiant|Quark Drive|[silent]
|switch|p2a: Great Tusk|Great Tusk|72/100 tox
|switch|p1a: Clodsire|Clodsire, M|60/100
|-damage|p1a: Clodsire|54/100|[from] Stealth Rock
|
|-heal|p2a: Great Tusk|78/100 tox|[from] item: Leftovers
|-heal|p1a: Clodsire|60/100|[from] item: Leftovers
|-damage|p2a: Great Tusk|72/100 tox|[from] psn
|upkeep
|turn|21
|
|t:|1743881476
|switch|p1a: Corviknight|Corviknight, M|57/100 par
|-damage|p1a: Corviknight|45/100 par|[from] Stealth Rock
|-ability|p1a: Corviknight|Pressure
|move|p2a: Great Tusk|Ice Spinner|p1a: Corviknight
|-damage|p1a: Corviknight|26/100 par
|-damage|p2a: Great Tusk|55/100 tox|[from] item: Rocky Helmet|[of] p1a: Corviknight
|
|-heal|p2a: Great Tusk|61/100 tox|[from] item: Leftovers
|-damage|p2a: Great Tusk|49/100 tox|[from] psn
|upkeep
|turn|22
|
|t:|1743881482
|-end|p2a: Great Tusk|Protosynthesis|[silent]
|switch|p2a: Dragapult|Dragapult, M|100/100
|move|p1a: Corviknight|Roost|p1a: Corviknight
|-heal|p1a: Corviknight|76/100 par
|-singleturn|p1a: Corviknight|move: Roost
|
|upkeep
|turn|23
|
|t:|1743881487
|-terastallize|p2a: Dragapult|Ghost
|move|p2a: Dragapult|Tera Blast|p1a: Corviknight|[anim] Tera Blast Ghost
|-damage|p1a: Corviknight|33/100 par
|cant|p1a: Corviknight|par
|
|upkeep
|turn|24
|
|t:|1743881494
|move|p2a: Dragapult|Tera Blast|p1a: Corviknight|[anim] Tera Blast Ghost
|-damage|p1a: Corviknight|0 fnt
|faint|p1a: Corviknight
|
|upkeep
|
|t:|1743881496
|switch|p1a: Darkrai|Darkrai, tera:Dark|88/100
|-damage|p1a: Darkrai|76/100|[from] Stealth Rock
|turn|25
|
|t:|1743881501
|switch|p2a: Great Tusk|Great Tusk|49/100 tox
|move|p1a: Darkrai|Dark Pulse|p2a: Great Tusk
|-resisted|p2a: Great Tusk
|-crit|p2a: Great Tusk
|-damage|p2a: Great Tusk|0 fnt
|faint|p2a: Great Tusk
|-end|p2a: Great Tusk|Protosynthesis|[silent]
|
|upkeep
|
|t:|1743881503
|switch|p2a: Iron Valiant|Iron Valiant|100/100
|turn|26
|
|t:|1743881506
|switch|p1a: Clodsire|Clodsire, M|60/100
|-damage|p1a: Clodsire|54/100|[from] Stealth Rock
|-end|p2a: Iron Valiant|Quark Drive|[silent]
|switch|p2a: Dragapult|Dragapult, M, tera:Ghost|100/100
|
|-heal|p1a: Clodsire|60/100|[from] item: Leftovers
|upkeep
|turn|27
|
|t:|1743881512
|switch|p1a: Garchomp|Garchomp, F|100/100
|-damage|p1a: Garchomp|94/100|[from] Stealth Rock
|move|p2a: Dragapult|Tera Blast|p1a: Garchomp|[anim] Tera Blast Ghost
|-damage|p1a: Garchomp|39/100
|
|upkeep
|turn|28
|
|t:|1743881515
|move|p2a: Dragapult|Tera Blast|p1a: Garchomp|[anim] Tera Blast Ghost
|-damage|p1a: Garchomp|0 fnt
|faint|p1a: Garchomp
|
|upkeep
|
|t:|1743881522
|switch|p1a: Cinderace|Cinderace, M|100/100
|turn|29
|
|t:|1743881525
|switch|p2a: Zapdos|Zapdos|92/100
|move|p1a: Cinderace|Court Change|p1a: Cinderace
|-start|p1a: Cinderace|typechange|Normal|[from] ability: Libero
|-swapsideconditions
|-activate|p1a: Cinderace|move: Court Change
|
|upkeep
|turn|30
|
|t:|1743881530
|switch|p1a: Clodsire|Clodsire, M|60/100
|move|p2a: Zapdos|Hurricane|p1a: Clodsire|[miss]
|-miss|p2a: Zapdos|p1a: Clodsire
|
|-heal|p1a: Clodsire|66/100|[from] item: Leftovers
|upkeep
|turn|31
|
|t:|1743881535
|switch|p2a: Iron Valiant|Iron Valiant|100/100
|-damage|p2a: Iron Valiant|94/100|[from] Stealth Rock
|move|p1a: Clodsire|Toxic|p2a: Iron Valiant
|-status|p2a: Iron Valiant|tox
|
|-heal|p1a: Clodsire|72/100|[from] item: Leftovers
|-damage|p2a: Iron Valiant|88/100 tox|[from] psn
|upkeep
|turn|32
|
|t:|1743881538
|move|p2a: Iron Valiant|Encore|p1a: Clodsire
|-start|p1a: Clodsire|Encore
|move|p1a: Clodsire|Toxic|p2a: Iron Valiant
|-fail|p2a: Iron Valiant|tox
|
|-heal|p1a: Clodsire|79/100|[from] item: Leftovers
|-damage|p2a: Iron Valiant|76/100 tox|[from] psn
|upkeep
|turn|33
|
|t:|1743881540
|move|p2a: Iron Valiant|Calm Mind|p2a: Iron Valiant
|-boost|p2a: Iron Valiant|spa|1
|-boost|p2a: Iron Valiant|spd|1
|move|p1a: Clodsire|Toxic|p2a: Iron Valiant
|-fail|p2a: Iron Valiant|tox
|
|-heal|p1a: Clodsire|85/100|[from] item: Leftovers
|-damage|p2a: Iron Valiant|57/100 tox|[from] psn
|upkeep
|turn|34
|
|t:|1743881544
|move|p2a: Iron Valiant|Moonblast|p1a: Clodsire
|-resisted|p1a: Clodsire
|-damage|p1a: Clodsire|67/100
|move|p1a: Clodsire|Toxic|p2a: Iron Valiant
|-fail|p2a: Iron Valiant|tox
|
|-heal|p1a: Clodsire|73/100|[from] item: Leftovers
|-damage|p2a: Iron Valiant|32/100 tox|[from] psn
|-end|p1a: Clodsire|Encore
|upkeep
|turn|35
|
|t:|1743881547
|move|p2a: Iron Valiant|Encore|p1a: Clodsire
|-start|p1a: Clodsire|Encore
|move|p1a: Clodsire|Toxic|p2a: Iron Valiant
|-fail|p2a: Iron Valiant|tox
|
|-heal|p1a: Clodsire|79/100|[from] item: Leftovers
|-damage|p2a: Iron Valiant|1/100 tox|[from] psn
|upkeep
|turn|36
|
|t:|1743881549
|move|p2a: Iron Valiant|Moonblast|p1a: Clodsire
|-resisted|p1a: Clodsire
|-damage|p1a: Clodsire|62/100
|move|p1a: Clodsire|Toxic|p2a: Iron Valiant
|-fail|p2a: Iron Valiant|tox
|
|-heal|p1a: Clodsire|68/100|[from] item: Leftovers
|-damage|p2a: Iron Valiant|0 fnt|[from] psn
|faint|p2a: Iron Valiant
|-end|p2a: Iron Valiant|Quark Drive|[silent]
|upkeep
|
|t:|1743881551
|switch|p2a: Dragapult|Dragapult, M, tera:Ghost|100/100
|-damage|p2a: Dragapult|88/100|[from] Stealth Rock
|turn|37
|
|t:|1743881555
|move|p2a: Dragapult|Tera Blast|p1a: Clodsire|[anim] Tera Blast Ghost
|-crit|p1a: Clodsire
|-damage|p1a: Clodsire|0 fnt
|faint|p1a: Clodsire
|
|upkeep
|
|t:|1743881560
|switch|p1a: Darkrai|Darkrai, tera:Dark|76/100
|turn|38
|
|t:|1743881564
|switch|p2a: Slowbro|Slowbro, F|63/100 tox
|-damage|p2a: Slowbro|51/100 tox|[from] Stealth Rock
|move|p1a: Darkrai|Dark Pulse|p2a: Slowbro
|-supereffective|p2a: Slowbro
|-damage|p2a: Slowbro|0 fnt
|faint|p2a: Slowbro
|
|upkeep
|
|t:|1743881566
|switch|p2a: Dragapult|Dragapult, M, tera:Ghost|88/100
|-damage|p2a: Dragapult|76/100|[from] Stealth Rock
|turn|39
|
|t:|1743881568
|move|p2a: Dragapult|Dragon Darts|p1a: Darkrai
|-damage|p1a: Darkrai|30/100
|-anim|p2a: Dragapult|Dragon Darts|p1a: Darkrai
|-damage|p1a: Darkrai|0 fnt
|faint|p1a: Darkrai
|
|upkeep
|
|t:|1743881571
|switch|p1a: Cinderace|Cinderace, M|100/100
|turn|40
|
|t:|1743881575
|switch|p2a: Zapdos|Zapdos|92/100
|move|p1a: Cinderace|Sucker Punch||[still]
|-fail|p1a: Cinderace
|
|upkeep
|turn|41
|
|t:|1743881579
|move|p1a: Cinderace|Pyro Ball|p2a: Zapdos
|-damage|p2a: Zapdos|28/100
|move|p2a: Zapdos|Hurricane|p1a: Cinderace
|-damage|p1a: Cinderace|26/100
|
|upkeep
|turn|42
|
|t:|1743881587
|move|p1a: Cinderace|Pyro Ball|p2a: Zapdos
|-damage|p2a: Zapdos|0 fnt
|faint|p2a: Zapdos
|
|upkeep
|
|t:|1743881588
|switch|p2a: Dragapult|Dragapult, M, tera:Ghost|76/100
|-damage|p2a: Dragapult|64/100|[from] Stealth Rock
|turn|43
|
|t:|1743881591
|move|p2a: Dragapult|Sucker Punch|p1a: Cinderace
|-damage|p1a: Cinderace|0 fnt
|faint|p1a: Cinderace
|
|upkeep
|
|t:|1743881594
|switch|p1a: Deoxys|Deoxys-Speed, shiny|91/100
|-ability|p1a: Deoxys|Pressure
|turn|44
|c|☆sveinung12321|pls be 4 attacks xd
|
|t:|1743881601
|move|p2a: Dragapult|Sucker Punch||[still]
|-fail|p2a: Dragapult
|move|p1a: Deoxys|Substitute|p1a: Deoxys
|-start|p1a: Deoxys|Substitute
|-damage|p1a: Deoxys|66/100
|
|upkeep
|turn|45
|c|☆champ bogar|lol
|c|☆sveinung12321|gg
|
|t:|1743881608
|move|p2a: Dragapult|Sucker Punch||[still]
|-fail|p2a: Dragapult
|move|p1a: Deoxys|Substitute|p1a: Deoxys
|-fail|p1a: Deoxys|move: Substitute
|
|upkeep
|turn|46
|c|☆champ bogar|gg
|
|t:|1743881611
|move|p2a: Dragapult|Sucker Punch||[still]
|-fail|p2a: Dragapult
|move|p1a: Deoxys|Substitute|p1a: Deoxys
|-fail|p1a: Deoxys|move: Substitute
|
|upkeep
|turn|47
|
|t:|1743881613
|move|p2a: Dragapult|Sucker Punch||[still]
|-fail|p2a: Dragapult
|move|p1a: Deoxys|Substitute|p1a: Deoxys
|-fail|p1a: Deoxys|move: Substitute
|
|upkeep
|turn|48
|
|t:|1743881616
|move|p1a: Deoxys|Psycho Boost|p2a: Dragapult
|-damage|p2a: Dragapult|0 fnt
|-unboost|p1a: Deoxys|spa|2
|faint|p2a: Dragapult
|-damage|p1a: Deoxys|56/100|[from] item: Life Orb
|
|win|champ bogar
|raw|champ bogar's rating: 1517 &rarr; <strong>1538</strong><br />(+21 for winning)
|raw|sveinung12321's rating: 1534 &rarr; <strong>1513</strong><br />(-21 for losing)
