|j|‽Player569m
|j|☆aaron200589
|t:|1743875017
|gametype|singles
|player|p1|Player569m|170|1215
|player|p2|aaron200589|giovanni|1204
|teamsize|p1|6
|teamsize|p2|6
|gen|9
|tier|[Gen 9] OU
|rated|
|rule|HP Percentage Mod: HP is shown in percentages
|rule|Endless Battle Clause: Forcing endless battles is banned
|rule|Species Clause: Limit one of each Pokémon
|rule|OHKO Clause: OHKO moves are banned
|rule|Evasion Items Clause: Evasion items are banned
|rule|Evasion Moves Clause: Evasion moves are banned
|rule|Sleep Moves Clause: Sleep-inducing moves are banned
|clearpoke
|poke|p1|Kingambit, M|
|poke|p1|Dragapult, M|
|poke|p1|Torkoal, F|
|poke|p1|Ninetales-Alola, M|
|poke|p1|Walking Wake|
|poke|p1|Raging Bolt|
|poke|p2|Dondozo, F|
|poke|p2|Grimmsnarl, M|
|poke|p2|Serperior, F|
|poke|p2|Dragonite, M|
|poke|p2|Iron Treads|
|poke|p2|Hatterene, F|
|teampreview
|
|t:|1743875039
|start
|switch|p1a: Ninetales|Ninetales-Alola, M, shiny|100/100
|switch|p2a: Grimmsnarl|Grimmsnarl, M|100/100
|-weather|Snowscape|[from] ability: Snow Warning|[of] p1a: Ninetales
|turn|1
|inactive|Battle timer is ON: inactive players will automatically lose when time's up. (requested by aaron200589)
|
|t:|1743875070
|move|p2a: Grimmsnarl|Taunt|p1a: Ninetales
|-start|p1a: Ninetales|move: Taunt
|cant|p1a: Ninetales|move: Taunt|Aurora Veil
|
|-weather|Snowscape|[upkeep]
|upkeep
|turn|2
|inactive|Player569m has 120 seconds left.
|
|t:|1743875112
|switch|p2a: Iron Treads|Iron Treads|100/100
|move|p1a: Ninetales|Moonblast|p2a: Iron Treads
|-resisted|p2a: Iron Treads
|-damage|p2a: Iron Treads|79/100
|
|-weather|Snowscape|[upkeep]
|upkeep
|turn|3
|inactive|Player569m has 90 seconds left.
|
|t:|1743875144
|switch|p1a: Torkoal|Torkoal, F, shiny|100/100
|-weather|SunnyDay|[from] ability: Drought|[of] p1a: Torkoal
|move|p2a: Iron Treads|Stealth Rock|p1a: Torkoal
|-sidestart|p1: Player569m|move: Stealth Rock
|
|-weather|SunnyDay|[upkeep]
|upkeep
|turn|4
|inactive|Player569m has 90 seconds left.
|
|t:|1743875165
|move|p2a: Iron Treads|Volt Switch|p1a: Torkoal
|-damage|p1a: Torkoal|88/100
|
|t:|1743875170
|-end|p2a: Iron Treads|Quark Drive|[silent]
|switch|p2a: Hatterene|Hatterene, F|100/100|[from] Volt Switch
|move|p1a: Torkoal|Fire Blast|p2a: Hatterene
|-damage|p2a: Hatterene|55/100
|
|-weather|SunnyDay|[upkeep]
|upkeep
|turn|5
|inactive|Player569m has 90 seconds left.
|
|t:|1743875192
|move|p2a: Hatterene|Nuzzle|p1a: Torkoal
|-damage|p1a: Torkoal|84/100
|-status|p1a: Torkoal|par
|move|p1a: Torkoal|Fire Blast|p2a: Hatterene
|-damage|p2a: Hatterene|13/100
|
|-weather|SunnyDay|[upkeep]
|upkeep
|turn|6
|
|t:|1743875207
|switch|p2a: Dondozo|Dondozo, F|100/100
|move|p1a: Torkoal|Fire Blast|p2a: Dondozo|[miss]
|-miss|p1a: Torkoal|p2a: Dondozo
|
|-weather|SunnyDay|[upkeep]
|upkeep
|turn|7
|
|t:|1743875217
|move|p2a: Dondozo|Body Press|p1a: Torkoal
|-damage|p1a: Torkoal|57/100 par
|move|p1a: Torkoal|Solar Beam||[still]
|-prepare|p1a: Torkoal|Solar Beam
|-anim|p1a: Torkoal|Solar Beam|p2a: Dondozo
|-supereffective|p2a: Dondozo
|-damage|p2a: Dondozo|35/100
|
|-weather|SunnyDay|[upkeep]
|upkeep
|turn|8
|inactive|Player569m has 90 seconds left.
|
|t:|1743875237
|move|p2a: Dondozo|Rest|p2a: Dondozo
|-status|p2a: Dondozo|slp|[from] move: Rest
|-heal|p2a: Dondozo|100/100 slp|[silent]
|-enditem|p2a: Dondozo|Chesto Berry|[eat]
|-curestatus|p2a: Dondozo|slp|[msg]
|move|p1a: Torkoal|Solar Beam||[still]
|-prepare|p1a: Torkoal|Solar Beam
|-anim|p1a: Torkoal|Solar Beam|p2a: Dondozo
|-supereffective|p2a: Dondozo
|-damage|p2a: Dondozo|31/100
|
|-weather|SunnyDay|[upkeep]
|upkeep
|turn|9
|inactive|Player569m has 90 seconds left.
|
|t:|1743875253
|move|p2a: Dondozo|Rest|p2a: Dondozo
|-status|p2a: Dondozo|slp|[from] move: Rest
|-heal|p2a: Dondozo|100/100 slp|[silent]
|move|p1a: Torkoal|Solar Beam||[still]
|-prepare|p1a: Torkoal|Solar Beam
|-anim|p1a: Torkoal|Solar Beam|p2a: Dondozo
|-supereffective|p2a: Dondozo
|-damage|p2a: Dondozo|29/100 slp
|
|-weather|SunnyDay|[upkeep]
|upkeep
|turn|10
|
|t:|1743875272
|switch|p2a: Dragonite|Dragonite, M|100/100
|switch|p1a: Ninetales|Ninetales-Alola, M, shiny|100/100
|-damage|p1a: Ninetales|76/100|[from] Stealth Rock
|-weather|Snowscape|[from] ability: Snow Warning|[of] p1a: Ninetales
|
|-weather|Snowscape|[upkeep]
|upkeep
|turn|11
|inactive|aaron200589 has 120 seconds left.
|inactive|Player569m has 60 seconds left.
|
|t:|1743875297
|switch|p2a: Hatterene|Hatterene, F|13/100
|move|p1a: Ninetales|Aurora Veil|p1a: Ninetales
|-sidestart|p1: Player569m|move: Aurora Veil
|
|-weather|Snowscape|[upkeep]
|upkeep
|turn|12
|inactive|aaron200589 has 120 seconds left.
|inactive|Player569m has 60 seconds left.
|
|t:|1743875307
|move|p1a: Ninetales|Freeze-Dry|p2a: Hatterene
|-damage|p2a: Hatterene|0 fnt
|faint|p2a: Hatterene
|
|-weather|Snowscape|[upkeep]
|upkeep
|inactive|aaron200589 has 120 seconds left.
|
|t:|1743875316
|switch|p2a: Grimmsnarl|Grimmsnarl, M|100/100
|turn|13
|
|t:|1743875322
|move|p2a: Grimmsnarl|Parting Shot|p1a: Ninetales
|-unboost|p1a: Ninetales|atk|1
|-unboost|p1a: Ninetales|spa|1
|inactive|aaron200589 has 120 seconds left.
|
|t:|1743875334
|switch|p2a: Iron Treads|Iron Treads|79/100|[from] Parting Shot
|move|p1a: Ninetales|Moonblast|p2a: Iron Treads
|-resisted|p2a: Iron Treads
|-damage|p2a: Iron Treads|64/100
|-unboost|p2a: Iron Treads|spa|1
|
|-weather|Snowscape|[upkeep]
|upkeep
|turn|14
|inactive|aaron200589 has 120 seconds left.
|
|t:|1743875348
|switch|p1a: Torkoal|Torkoal, F, shiny|57/100 par
|-damage|p1a: Torkoal|32/100 par|[from] Stealth Rock
|-weather|SunnyDay|[from] ability: Drought|[of] p1a: Torkoal
|move|p2a: Iron Treads|Earthquake|p1a: Torkoal
|-supereffective|p1a: Torkoal
|-damage|p1a: Torkoal|0 fnt
|faint|p1a: Torkoal
|
|-weather|SunnyDay|[upkeep]
|upkeep
|
|t:|1743875357
|switch|p1a: Walking Wake|Walking Wake|100/100
|-damage|p1a: Walking Wake|88/100|[from] Stealth Rock
|-activate|p1a: Walking Wake|ability: Protosynthesis
|-start|p1a: Walking Wake|protosynthesisspa
|turn|15
|inactive|aaron200589 has 120 seconds left.
|
|t:|1743875376
|-end|p2a: Iron Treads|Quark Drive|[silent]
|switch|p2a: Dondozo|Dondozo, F|29/100 slp
|move|p1a: Walking Wake|Hydro Steam|p2a: Dondozo
|-resisted|p2a: Dondozo
|-damage|p2a: Dondozo|0 fnt
|faint|p2a: Dondozo
|
|-weather|SunnyDay|[upkeep]
|upkeep
|inactive|aaron200589 has 120 seconds left.
|
|t:|1743875390
|switch|p2a: Grimmsnarl|Grimmsnarl, M|100/100
|turn|16
|inactive|aaron200589 has 120 seconds left.
|
|t:|1743875407
|move|p2a: Grimmsnarl|Parting Shot|p1a: Walking Wake
|-unboost|p1a: Walking Wake|atk|1
|-unboost|p1a: Walking Wake|spa|1
|
|t:|1743875411
|switch|p2a: Serperior|Serperior, F|100/100|[from] Parting Shot
|move|p1a: Walking Wake|Hydro Steam|p2a: Serperior
|-resisted|p2a: Serperior
|-damage|p2a: Serperior|69/100
|
|-weather|SunnyDay|[upkeep]
|-heal|p2a: Serperior|75/100|[from] item: Leftovers
|upkeep
|turn|17
|
|t:|1743875423
|move|p2a: Serperior|Glare|p1a: Walking Wake
|-status|p1a: Walking Wake|par
|move|p1a: Walking Wake|Flamethrower|p2a: Serperior
|-supereffective|p2a: Serperior
|-damage|p2a: Serperior|0 fnt
|faint|p2a: Serperior
|
|-weather|SunnyDay|[upkeep]
|upkeep
|inactive|aaron200589 has 120 seconds left.
|
|t:|1743875437
|switch|p2a: Grimmsnarl|Grimmsnarl, M|100/100
|turn|18
|
|t:|1743875442
|move|p2a: Grimmsnarl|Parting Shot|p1a: Walking Wake
|-unboost|p1a: Walking Wake|atk|1
|-unboost|p1a: Walking Wake|spa|1
|
|t:|1743875449
|switch|p2a: Iron Treads|Iron Treads|64/100|[from] Parting Shot
|cant|p1a: Walking Wake|par
|
|-weather|SunnyDay|[upkeep]
|-sideend|p1: Player569m|move: Aurora Veil
|upkeep
|turn|19
|
|t:|1743875459
|move|p2a: Iron Treads|Earthquake|p1a: Walking Wake
|-damage|p1a: Walking Wake|49/100 par
|move|p1a: Walking Wake|Hydro Steam|p2a: Iron Treads
|-supereffective|p2a: Iron Treads
|-damage|p2a: Iron Treads|0 fnt
|faint|p2a: Iron Treads
|-end|p2a: Iron Treads|Quark Drive|[silent]
|
|-weather|SunnyDay|[upkeep]
|upkeep
|inactive|aaron200589 has 120 seconds left.
|
|t:|1743875470
|switch|p2a: Dragonite|Dragonite, M|100/100
|turn|20
|inactive|Player569m has 120 seconds left.
|
|t:|1743875499
|move|p2a: Dragonite|Dragon Dance|p2a: Dragonite
|-boost|p2a: Dragonite|atk|1
|-boost|p2a: Dragonite|spe|1
|move|p1a: Walking Wake|Dragon Pulse|p2a: Dragonite
|-supereffective|p2a: Dragonite
|-damage|p2a: Dragonite|76/100
|
|-weather|SunnyDay|[upkeep]
|upkeep
|turn|21
|
|t:|1743875512
|-end|p1a: Walking Wake|Protosynthesis|[silent]
|switch|p1a: Ninetales|Ninetales-Alola, M, shiny|76/100
|-damage|p1a: Ninetales|51/100|[from] Stealth Rock
|-weather|Snowscape|[from] ability: Snow Warning|[of] p1a: Ninetales
|move|p2a: Dragonite|Roost|p2a: Dragonite
|-heal|p2a: Dragonite|100/100
|-singleturn|p2a: Dragonite|move: Roost
|
|-weather|Snowscape|[upkeep]
|upkeep
|turn|22
|
|t:|1743875525
|-terastallize|p2a: Dragonite|Normal
|move|p2a: Dragonite|Extreme Speed|p1a: Ninetales
|-damage|p1a: Ninetales|0 fnt
|faint|p1a: Ninetales
|
|-weather|Snowscape|[upkeep]
|upkeep
|inactive|Player569m has 90 seconds left.
|
|t:|1743875547
|switch|p1a: Kingambit|Kingambit, M, shiny|100/100
|-damage|p1a: Kingambit|94/100|[from] Stealth Rock
|-activate|p1a: Kingambit|ability: Supreme Overlord
|-start|p1a: Kingambit|fallen2|[silent]
|turn|23
|
|t:|1743875557
|-terastallize|p1a: Kingambit|Ghost
|move|p2a: Dragonite|Dragon Dance|p2a: Dragonite
|-boost|p2a: Dragonite|atk|1
|-boost|p2a: Dragonite|spe|1
|move|p1a: Kingambit|Brick Break|p2a: Dragonite
|-supereffective|p2a: Dragonite
|-crit|p2a: Dragonite
|-damage|p2a: Dragonite|49/100
|
|-weather|Snowscape|[upkeep]
|-heal|p1a: Kingambit|100/100|[from] item: Leftovers
|upkeep
|turn|24
|inactive|Player569m has 90 seconds left.
|
|t:|1743875573
|move|p2a: Dragonite|Roost|p2a: Dragonite
|-heal|p2a: Dragonite|99/100
|move|p1a: Kingambit|Brick Break|p2a: Dragonite
|-supereffective|p2a: Dragonite
|-damage|p2a: Dragonite|39/100
|
|-weather|Snowscape|[upkeep]
|upkeep
|turn|25
|
|t:|1743875582
|move|p2a: Dragonite|Roost|p2a: Dragonite
|-heal|p2a: Dragonite|89/100
|move|p1a: Kingambit|Brick Break|p2a: Dragonite
|-supereffective|p2a: Dragonite
|-damage|p2a: Dragonite|29/100
|
|-weather|none
|upkeep
|turn|26
|
|t:|1743875592
|move|p2a: Dragonite|Dragon Claw|p1a: Kingambit
|-damage|p1a: Kingambit|25/100
|move|p1a: Kingambit|Brick Break|p2a: Dragonite
|-supereffective|p2a: Dragonite
|-damage|p2a: Dragonite|0 fnt
|faint|p2a: Dragonite
|
|-heal|p1a: Kingambit|31/100|[from] item: Leftovers
|upkeep
|
|t:|1743875602
|switch|p2a: Grimmsnarl|Grimmsnarl, M|100/100
|turn|27
|
|t:|1743875611
|move|p2a: Grimmsnarl|Sucker Punch|p1a: Kingambit
|-supereffective|p1a: Kingambit
|-damage|p1a: Kingambit|0 fnt
|faint|p1a: Kingambit
|-end|p1a: Kingambit|fallen2|[silent]
|
|upkeep
|
|t:|1743875618
|switch|p1a: Walking Wake|Walking Wake|49/100 par
|-damage|p1a: Walking Wake|37/100 par|[from] Stealth Rock
|-enditem|p1a: Walking Wake|Booster Energy
|-activate|p1a: Walking Wake|ability: Protosynthesis|[fromitem]
|-start|p1a: Walking Wake|protosynthesisspa
|turn|28
|
|t:|1743875627
|move|p2a: Grimmsnarl|Sucker Punch|p1a: Walking Wake
|-damage|p1a: Walking Wake|0 fnt
|faint|p1a: Walking Wake
|-end|p1a: Walking Wake|Protosynthesis|[silent]
|
|upkeep
|
|t:|1743875640
|switch|p1a: Dragapult|Dragapult, M, shiny|100/100
|-damage|p1a: Dragapult|88/100|[from] Stealth Rock
|turn|29
|
|t:|1743875650
|move|p2a: Grimmsnarl|Sucker Punch|p1a: Dragapult
|-supereffective|p1a: Dragapult
|-damage|p1a: Dragapult|0 fnt
|faint|p1a: Dragapult
|
|upkeep
|
|t:|1743875653
|switch|p1a: Raging Bolt|Raging Bolt|100/100
|-damage|p1a: Raging Bolt|88/100|[from] Stealth Rock
|-enditem|p1a: Raging Bolt|Booster Energy
|-activate|p1a: Raging Bolt|ability: Protosynthesis|[fromitem]
|-start|p1a: Raging Bolt|protosynthesisspa
|turn|30
|inactive|Player569m has 120 seconds left.
|
|t:|1743875668
|move|p2a: Grimmsnarl|Sucker Punch|p1a: Raging Bolt
|-damage|p1a: Raging Bolt|55/100
|move|p1a: Raging Bolt|Tera Blast|p2a: Grimmsnarl
|-damage|p2a: Grimmsnarl|53/100
|
|upkeep
|turn|31
|
|t:|1743875677
|move|p2a: Grimmsnarl|Sucker Punch|p1a: Raging Bolt
|-damage|p1a: Raging Bolt|24/100
|move|p1a: Raging Bolt|Tera Blast|p2a: Grimmsnarl
|-damage|p2a: Grimmsnarl|7/100
|
|upkeep
|turn|32
|
|t:|1743875686
|move|p2a: Grimmsnarl|Sucker Punch|p1a: Raging Bolt
|-damage|p1a: Raging Bolt|0 fnt
|faint|p1a: Raging Bolt
|-end|p1a: Raging Bolt|Protosynthesis|[silent]
|
|win|aaron200589
|raw|Player569m's rating: 1215 &rarr; <strong>1189</strong><br />(-26 for losing)
|raw|aaron200589's rating: 1204 &rarr; <strong>1230</strong><br />(+26 for winning)
