|j|☆metakill4r
|j|‽imstr8ballin
|t:|1743811432
|gametype|singles
|player|p1|metakill4r|boarder|1583
|player|p2|imstr8ballin|266|1609
|teamsize|p1|6
|teamsize|p2|6
|gen|9
|tier|[Gen 9] OU
|rated|
|rule|HP Percentage Mod: HP is shown in percentages
|rule|Endless Battle Clause: Forcing endless battles is banned
|rule|Species Clause: Limit one of each Pokémon
|rule|OHKO Clause: OHKO moves are banned
|rule|Evasion Items Clause: Evasion items are banned
|rule|Evasion Moves Clause: Evasion moves are banned
|rule|Sleep Moves Clause: Sleep-inducing moves are banned
|clearpoke
|poke|p1|Ninetales-Alola, F|
|poke|p1|Great Tusk|
|poke|p1|Slowking-Galar, F|
|poke|p1|Kyurem|
|poke|p1|Gholdengo|
|poke|p1|Greninja-*, M|
|poke|p2|Serperior, F|
|poke|p2|Tinkaton, F|
|poke|p2|Ceruledge, F|
|poke|p2|Gholdengo|
|poke|p2|Sandaconda, M|
|poke|p2|Zapdos|
|teampreview
|inactive|Battle timer is ON: inactive players will automatically lose when time's up. (requested by imstr8ballin)
|
|t:|1743811443
|start
|switch|p1a: Slowking|Slowking-Galar, F|100/100
|switch|p2a: Sandaconda|Sandaconda, M|100/100
|turn|1
|
|t:|1743811450
|switch|p1a: Ninetales|Ninetales-Alola, F|100/100
|-weather|Snowscape|[from] ability: Snow Warning|[of] p1a: Ninetales
|move|p2a: Sandaconda|Glare|p1a: Ninetales
|-status|p1a: Ninetales|par
|
|-weather|Snowscape|[upkeep]
|upkeep
|turn|2
|
|t:|1743811458
|move|p2a: Sandaconda|Stealth Rock|p1a: Ninetales
|-sidestart|p1: metakill4r|move: Stealth Rock
|move|p1a: Ninetales|Aurora Veil|p1a: Ninetales
|-sidestart|p1: metakill4r|move: Aurora Veil
|
|-weather|Snowscape|[upkeep]
|upkeep
|turn|3
|
|t:|1743811464
|switch|p1a: Temu Mamo|Great Tusk|100/100
|-damage|p1a: Temu Mamo|98/100|[from] Stealth Rock
|-enditem|p1a: Temu Mamo|Booster Energy
|-activate|p1a: Temu Mamo|ability: Protosynthesis|[fromitem]
|-start|p1a: Temu Mamo|protosynthesisatk
|move|p2a: Sandaconda|Glare|p1a: Temu Mamo
|-status|p1a: Temu Mamo|par
|
|-weather|Snowscape|[upkeep]
|upkeep
|turn|4
|
|t:|1743811468
|move|p2a: Sandaconda|Mud-Slap|p1a: Temu Mamo
|-damage|p1a: Temu Mamo|93/100 par
|-unboost|p1a: Temu Mamo|accuracy|1
|cant|p1a: Temu Mamo|par
|
|-weather|Snowscape|[upkeep]
|upkeep
|turn|5
|
|t:|1743811474
|move|p2a: Sandaconda|Mud-Slap|p1a: Temu Mamo
|-damage|p1a: Temu Mamo|90/100 par
|-unboost|p1a: Temu Mamo|accuracy|1
|move|p1a: Temu Mamo|Ice Spinner|p2a: Sandaconda|[miss]
|-miss|p1a: Temu Mamo|p2a: Sandaconda
|
|-weather|none
|upkeep
|turn|6
|
|t:|1743811483
|-end|p1a: Temu Mamo|Protosynthesis|[silent]
|switch|p1a: Kyurem|Kyurem|100/100
|-damage|p1a: Kyurem|76/100|[from] Stealth Rock
|-ability|p1a: Kyurem|Pressure
|move|p2a: Sandaconda|Mud-Slap|p1a: Kyurem
|-damage|p1a: Kyurem|73/100
|-unboost|p1a: Kyurem|accuracy|1
|
|upkeep
|turn|7
|
|t:|1743811490
|switch|p2a: Tinkaton|Tinkaton, F|100/100
|-ability|p2a: Tinkaton|Mold Breaker
|move|p1a: Kyurem|Icicle Spear|p2a: Tinkaton
|-resisted|p2a: Tinkaton
|-damage|p2a: Tinkaton|91/100
|-resisted|p2a: Tinkaton
|-damage|p2a: Tinkaton|82/100
|-resisted|p2a: Tinkaton
|-damage|p2a: Tinkaton|73/100
|-resisted|p2a: Tinkaton
|-damage|p2a: Tinkaton|64/100
|-hitcount|p2a: Tinkaton|4
|
|-heal|p2a: Tinkaton|70/100|[from] item: Leftovers
|upkeep
|turn|8
|
|t:|1743811500
|-terastallize|p1a: Kyurem|Fire
|move|p1a: Kyurem|Tera Blast|p2a: Tinkaton|[anim] Tera Blast Fire
|-supereffective|p2a: Tinkaton
|-damage|p2a: Tinkaton|0 fnt
|faint|p2a: Tinkaton
|
|upkeep
|
|t:|1743811506
|switch|p2a: Serperior|Serperior, F|100/100
|turn|9
|
|t:|1743811512
|move|p2a: Serperior|Substitute|p2a: Serperior
|-start|p2a: Serperior|Substitute
|-damage|p2a: Serperior|76/100
|move|p1a: Kyurem|Icicle Spear|p2a: Serperior|[miss]
|-miss|p1a: Kyurem|p2a: Serperior
|
|-heal|p2a: Serperior|82/100|[from] item: Leftovers
|-sideend|p1: metakill4r|move: Aurora Veil
|upkeep
|turn|10
|
|t:|1743811515
|move|p2a: Serperior|Glare|p1a: Kyurem
|-status|p1a: Kyurem|par
|move|p1a: Kyurem|Icicle Spear|p2a: Serperior|[miss]
|-miss|p1a: Kyurem|p2a: Serperior
|
|-heal|p2a: Serperior|88/100|[from] item: Leftovers
|upkeep
|turn|11
|
|t:|1743811529
|move|p2a: Serperior|Leech Seed|p1a: Kyurem
|-start|p1a: Kyurem|move: Leech Seed
|move|p1a: Kyurem|Icicle Spear|p2a: Serperior
|-supereffective|p2a: Serperior
|-end|p2a: Serperior|Substitute
|-supereffective|p2a: Serperior
|-damage|p2a: Serperior|55/100
|-supereffective|p2a: Serperior
|-damage|p2a: Serperior|26/100
|-supereffective|p2a: Serperior
|-damage|p2a: Serperior|0 fnt
|faint|p2a: Serperior
|-hitcount|p2: Serperior|4
|
|upkeep
|
|t:|1743811538
|switch|p2a: Gholdengo|Gholdengo|100/100
|turn|12
|
|t:|1743811544
|switch|p1a: Slowking|Slowking-Galar, F|100/100
|-damage|p1a: Slowking|88/100|[from] Stealth Rock
|move|p2a: Gholdengo|Substitute|p2a: Gholdengo
|-start|p2a: Gholdengo|Substitute
|-damage|p2a: Gholdengo|76/100
|
|-heal|p2a: Gholdengo|82/100|[from] item: Leftovers
|upkeep
|turn|13
|
|t:|1743811547
|move|p2a: Gholdengo|Thunder Wave|p1a: Slowking
|-status|p1a: Slowking|par
|move|p1a: Slowking|Flamethrower|p2a: Gholdengo
|-supereffective|p2a: Gholdengo
|-end|p2a: Gholdengo|Substitute
|
|-heal|p2a: Gholdengo|88/100|[from] item: Leftovers
|upkeep
|turn|14
|
|t:|1743811560
|move|p2a: Gholdengo|Substitute|p2a: Gholdengo
|-start|p2a: Gholdengo|Substitute
|-damage|p2a: Gholdengo|63/100
|move|p1a: Slowking|Flamethrower|p2a: Gholdengo
|-supereffective|p2a: Gholdengo
|-end|p2a: Gholdengo|Substitute
|
|-heal|p2a: Gholdengo|69/100|[from] item: Leftovers
|upkeep
|turn|15
|
|t:|1743811568
|move|p2a: Gholdengo|Substitute|p2a: Gholdengo
|-start|p2a: Gholdengo|Substitute
|-damage|p2a: Gholdengo|44/100
|move|p1a: Slowking|Sludge Bomb|p2a: Gholdengo
|-immune|p2a: Gholdengo
|
|-heal|p2a: Gholdengo|50/100|[from] item: Leftovers
|upkeep
|turn|16
|
|t:|1743811572
|move|p2a: Gholdengo|Hex|p1a: Slowking
|-supereffective|p1a: Slowking
|-damage|p1a: Slowking|7/100 par
|cant|p1a: Slowking|par
|
|-heal|p2a: Gholdengo|56/100|[from] item: Leftovers
|upkeep
|turn|17
|
|t:|1743811597
|switch|p1a: Ninetales|Ninetales-Alola, F|100/100 par
|-damage|p1a: Ninetales|76/100 par|[from] Stealth Rock
|-weather|Snowscape|[from] ability: Snow Warning|[of] p1a: Ninetales
|move|p2a: Gholdengo|Nasty Plot|p2a: Gholdengo
|-boost|p2a: Gholdengo|spa|2
|
|-weather|Snowscape|[upkeep]
|-heal|p2a: Gholdengo|62/100|[from] item: Leftovers
|upkeep
|turn|18
|
|t:|1743811611
|switch|p1a: Gholdengo|Gholdengo|100/100
|-damage|p1a: Gholdengo|94/100|[from] Stealth Rock
|move|p2a: Gholdengo|Hex|p1a: Gholdengo
|-supereffective|p1a: Gholdengo
|-crit|p1a: Gholdengo
|-damage|p1a: Gholdengo|0 fnt
|faint|p1a: Gholdengo
|
|-weather|Snowscape|[upkeep]
|-heal|p2a: Gholdengo|68/100|[from] item: Leftovers
|upkeep
|inactive|metakill4r has 120 seconds left.
|
|t:|1743811626
|switch|p1a: Slowking|Slowking-Galar, F|41/100 par
|-damage|p1a: Slowking|28/100 par|[from] Stealth Rock
|turn|19
|inactive|metakill4r has 120 seconds left.
|
|t:|1743811640
|switch|p1a: Ninetales|Ninetales-Alola, F|76/100 par
|-damage|p1a: Ninetales|51/100 par|[from] Stealth Rock
|move|p2a: Gholdengo|Hex|p1a: Ninetales
|-damage|p1a: Ninetales|0 fnt
|faint|p1a: Ninetales
|
|-weather|Snowscape|[upkeep]
|-heal|p2a: Gholdengo|74/100|[from] item: Leftovers
|upkeep
|
|t:|1743811658
|switch|p1a: Greninja|Greninja, M|100/100
|-damage|p1a: Greninja|88/100|[from] Stealth Rock
|turn|20
|
|t:|1743811663
|move|p1a: Greninja|Surf|p2a: Gholdengo
|-end|p2a: Gholdengo|Substitute
|-damage|p1a: Greninja|78/100|[from] item: Life Orb
|move|p2a: Gholdengo|Thunder Wave|p1a: Greninja
|-status|p1a: Greninja|par
|
|-weather|Snowscape|[upkeep]
|-heal|p2a: Gholdengo|80/100|[from] item: Leftovers
|upkeep
|turn|21
|
|t:|1743811671
|move|p1a: Greninja|Water Shuriken|p2a: Gholdengo
|-damage|p2a: Gholdengo|71/100
|-damage|p2a: Gholdengo|60/100
|-hitcount|p2a: Gholdengo|2
|-damage|p1a: Greninja|69/100 par|[from] item: Life Orb
|move|p2a: Gholdengo|Hex|p1a: Greninja
|-resisted|p1a: Greninja
|-damage|p1a: Greninja|0 fnt
|faint|p1a: Greninja
|
|-weather|none
|-heal|p2a: Gholdengo|67/100|[from] item: Leftovers
|upkeep
|
|t:|1743811679
|switch|p1a: Kyurem|Kyurem, tera:Fire|73/100 par
|-damage|p1a: Kyurem|49/100 par|[from] Stealth Rock
|-ability|p1a: Kyurem|Pressure
|turn|22
|-message|metakill4r forfeited.
|
|win|imstr8ballin
|raw|metakill4r's rating: 1583 &rarr; <strong>1564</strong><br />(-19 for losing)
|raw|imstr8ballin's rating: 1609 &rarr; <strong>1628</strong><br />(+19 for winning)
|l|☆metakill4r
|player|p1|
|l|‽imstr8ballin
|player|p2|
