|j|☆rising skies
|j|☆asdfjklqwert
|t:|1743875350
|gametype|singles
|player|p1|rising skies|2|1417
|player|p2|asdfjklqwert|winona|1457
|teamsize|p1|6
|teamsize|p2|6
|gen|9
|tier|[Gen 9] OU
|rated|
|rule|HP Percentage Mod: HP is shown in percentages
|rule|Endless Battle Clause: Forcing endless battles is banned
|rule|Species Clause: Limit one of each Pokémon
|rule|OHKO Clause: OHKO moves are banned
|rule|Evasion Items Clause: Evasion items are banned
|rule|Evasion Moves Clause: Evasion moves are banned
|rule|Sleep Moves Clause: Sleep-inducing moves are banned
|clearpoke
|poke|p1|Iron Crown|
|poke|p1|Electivire, M|
|poke|p1|Great Tusk|
|poke|p1|Lokix, F|
|poke|p1|Ninetales-Alola, F|
|poke|p1|Thundurus, M|
|poke|p2|Latios, M|
|poke|p2|Hydrapple, F|
|poke|p2|Tornadus-Therian, M|
|poke|p2|Weezing-Galar, M|
|poke|p2|Cinderace, M|
|poke|p2|Swampert, F|
|teampreview
|inactive|Battle timer is ON: inactive players will automatically lose when time's up. (requested by rising skies)
|
|t:|1743875371
|start
|switch|p1a: Electivire|Electivire, M|100/100
|switch|p2a: Weezing|Weezing-Galar, M|100/100
|-ability|p2a: Weezing|Neutralizing Gas
|turn|1
|
|t:|1743875380
|-end|p2a: Weezing|ability: Neutralizing Gas
|switch|p2a: Hydrapple|Hydrapple, F|100/100
|move|p1a: Electivire|Earthquake|p2a: Hydrapple
|-resisted|p2a: Hydrapple
|-damage|p2a: Hydrapple|89/100
|
|upkeep
|turn|2
|
|t:|1743875392
|move|p1a: Electivire|Ice Punch|p2a: Hydrapple
|-supereffective|p2a: Hydrapple
|-damage|p2a: Hydrapple|3/100
|move|p2a: Hydrapple|Earth Power|p1a: Electivire
|-supereffective|p1a: Electivire
|-damage|p1a: Electivire|18/100
|
|upkeep
|turn|3
|
|t:|1743875404
|switch|p2a: Cinderace|Cinderace, M|100/100
|move|p1a: Electivire|Thunder Punch|p2a: Cinderace
|-damage|p2a: Cinderace|45/100
|-status|p2a: Cinderace|par
|
|upkeep
|turn|4
|
|t:|1743875414
|move|p2a: Cinderace|Sucker Punch|p1a: Electivire
|-start|p2a: Cinderace|typechange|Dark|[from] ability: Libero
|-crit|p1a: Electivire
|-damage|p1a: Electivire|0 fnt
|faint|p1a: Electivire
|
|upkeep
|
|t:|1743875421
|switch|p1a: Ninetales|Ninetales-Alola, F|100/100
|-weather|Snowscape|[from] ability: Snow Warning|[of] p1a: Ninetales
|turn|5
|
|t:|1743875442
|switch|p2a: Tornadus|Tornadus-Therian, M|100/100
|move|p1a: Ninetales|Encore||[still]
|-fail|p1a: Ninetales
|
|-weather|Snowscape|[upkeep]
|upkeep
|turn|6
|
|t:|1743875447
|move|p1a: Ninetales|Aurora Veil|p1a: Ninetales
|-sidestart|p1: rising skies|move: Aurora Veil
|move|p2a: Tornadus|Knock Off|p1a: Ninetales
|-resisted|p1a: Ninetales
|-damage|p1a: Ninetales|96/100
|-enditem|p1a: Ninetales|Light Clay|[from] move: Knock Off|[of] p2a: Tornadus
|
|-weather|Snowscape|[upkeep]
|upkeep
|turn|7
|
|t:|1743875456
|move|p1a: Ninetales|Freeze-Dry|p2a: Tornadus
|-supereffective|p2a: Tornadus
|-damage|p2a: Tornadus|73/100
|move|p2a: Tornadus|U-turn|p1a: Ninetales
|-resisted|p1a: Ninetales
|-damage|p1a: Ninetales|94/100
|
|t:|1743875467
|switch|p2a: Hydrapple|Hydrapple, F|37/100|[from] U-turn
|
|-weather|Snowscape|[upkeep]
|upkeep
|turn|8
|
|t:|1743875497
|switch|p1a: Thundurus|Thundurus, M, shiny|100/100
|switch|p2a: Tornadus|Tornadus-Therian, M|100/100
|
|-weather|Snowscape|[upkeep]
|upkeep
|turn|9
|
|t:|1743875507
|move|p1a: Thundurus|Nasty Plot|p1a: Thundurus
|-boost|p1a: Thundurus|spa|2
|move|p2a: Tornadus|Knock Off|p1a: Thundurus
|-damage|p1a: Thundurus|85/100
|-enditem|p1a: Thundurus|Focus Sash|[from] move: Knock Off|[of] p2a: Tornadus
|
|-weather|none
|upkeep
|turn|10
|
|t:|1743875514
|move|p1a: Thundurus|Nasty Plot|p1a: Thundurus
|-boost|p1a: Thundurus|spa|2
|move|p2a: Tornadus|U-turn|p1a: Thundurus
|-resisted|p1a: Thundurus
|-damage|p1a: Thundurus|79/100
|
|t:|1743875518
|switch|p2a: Swampert|Swampert, F|100/100|[from] U-turn
|
|upkeep
|turn|11
|
|t:|1743875524
|switch|p2a: Tornadus|Tornadus-Therian, M|100/100
|move|p1a: Thundurus|Grass Knot|p2a: Tornadus
|-resisted|p2a: Tornadus
|-damage|p2a: Tornadus|72/100
|
|upkeep
|turn|12
|
|t:|1743875531
|switch|p2a: Swampert|Swampert, F|100/100
|move|p1a: Thundurus|Grass Knot|p2a: Swampert
|-supereffective|p2a: Swampert
|-damage|p2a: Swampert|0 fnt
|faint|p2a: Swampert
|
|upkeep
|
|t:|1743875556
|switch|p2a: Hydrapple|Hydrapple, F|70/100
|turn|13
|
|t:|1743875560
|switch|p2a: Tornadus|Tornadus-Therian, M|100/100
|move|p1a: Thundurus|Thunderbolt|p2a: Tornadus
|-supereffective|p2a: Tornadus
|-damage|p2a: Tornadus|0 fnt
|faint|p2a: Tornadus
|
|-sideend|p1: rising skies|move: Aurora Veil
|upkeep
|
|t:|1743875569
|switch|p2a: Hydrapple|Hydrapple, F|100/100
|turn|14
|
|t:|1743875572
|-terastallize|p2a: Hydrapple|Steel
|move|p1a: Thundurus|Thunderbolt|p2a: Hydrapple
|-damage|p2a: Hydrapple|0 fnt
|faint|p2a: Hydrapple
|
|upkeep
|-message|asdfjklqwert forfeited.
|
|win|rising skies
|raw|rising skies's rating: 1417 &rarr; <strong>1439</strong><br />(+22 for winning)
|raw|asdfjklqwert's rating: 1457 &rarr; <strong>1435</strong><br />(-22 for losing)
|l|☆asdfjklqwert
|player|p2|
|l|☆rising skies
|player|p1|
