|j|☆RyanBSS
|j|‽pdspeed
|t:|1743813847
|gametype|singles
|player|p1|RyanBSS|az|1132
|player|p2|pdspeed|ethan|1116
|teamsize|p1|6
|teamsize|p2|6
|gen|9
|tier|[Gen 9] OU
|rated|
|rule|HP Percentage Mod: HP is shown in percentages
|rule|Endless Battle Clause: Forcing endless battles is banned
|rule|Species Clause: Limit one of each Pokémon
|rule|OHKO Clause: OHKO moves are banned
|rule|Evasion Items Clause: Evasion items are banned
|rule|Evasion Moves Clause: Evasion moves are banned
|rule|Sleep Moves Clause: Sleep-inducing moves are banned
|clearpoke
|poke|p1|Zamazenta-*|
|poke|p1|Kingambit, M|
|poke|p1|Samurott-Hisui, M|
|poke|p1|Landorus-Therian, M|
|poke|p1|Iron Valiant|
|poke|p1|Iron Moth|
|poke|p2|Araquanid, M|
|poke|p2|Gholdengo|
|poke|p2|Great Tusk|
|poke|p2|Glimmora, M|
|poke|p2|Alomomola, F|
|poke|p2|Cinderace, M|
|teampreview
|inactive|Battle timer is ON: inactive players will automatically lose when time's up. (requested by pdspeed)
|inactive|RyanBSS also wants the timer to be on.
|
|t:|1743813852
|start
|switch|p1a: Samurott|Samurott-Hisui, M|100/100
|switch|p2a: Glimmora|Glimmora, M|100/100
|turn|1
|
|t:|1743813857
|move|p2a: Glimmora|Stealth Rock|p1a: Samurott
|-sidestart|p1: RyanBSS|move: Stealth Rock
|move|p1a: Samurott|Ceaseless Edge|p2a: Glimmora
|-damage|p2a: Glimmora|45/100
|-damage|p1a: Samurott|84/100|[from] item: Rocky Helmet|[of] p2a: Glimmora
|-activate|p2a: Glimmora|ability: Toxic Debris
|-sidestart|p1: RyanBSS|move: Toxic Spikes
|-sidestart|p2: pdspeed|Spikes
|
|upkeep
|turn|2
|inactive|pdspeed has 120 seconds left.
|
|t:|1743813887
|switch|p2a: Araquanid|Araquanid, M|100/100
|-damage|p2a: Araquanid|88/100|[from] Spikes
|move|p1a: Samurott|Ceaseless Edge|p2a: Araquanid
|-damage|p2a: Araquanid|36/100
|-damage|p1a: Samurott|67/100|[from] item: Rocky Helmet|[of] p2a: Araquanid
|-sidestart|p2: pdspeed|Spikes
|
|upkeep
|turn|3
|inactive|pdspeed has 120 seconds left.
|
|t:|1743813903
|switch|p2a: Alomomola|Alomomola, F|100/100
|-damage|p2a: Alomomola|84/100|[from] Spikes
|move|p1a: Samurott|Ceaseless Edge|p2a: Alomomola
|-damage|p2a: Alomomola|58/100
|-sidestart|p2: pdspeed|Spikes
|
|-heal|p2a: Alomomola|65/100|[from] item: Leftovers
|upkeep
|turn|4
|inactive|pdspeed has 120 seconds left.
|
|t:|1743813913
|move|p1a: Samurott|Knock Off|p2a: Alomomola
|-damage|p2a: Alomomola|41/100
|-enditem|p2a: Alomomola|Leftovers|[from] move: Knock Off|[of] p1a: Samurott
|move|p2a: Alomomola|Wish|p2a: Alomomola
|
|upkeep
|turn|5
|
|t:|1743813929
|move|p1a: Samurott|Swords Dance|p1a: Samurott
|-boost|p1a: Samurott|atk|2
|move|p2a: Alomomola|Flip Turn|p1a: Samurott
|-resisted|p1a: Samurott
|-damage|p1a: Samurott|56/100
|
|t:|1743813934
|switch|p2a: Glimmora|Glimmora, M|45/100|[from] Flip Turn
|-damage|p2a: Glimmora|20/100|[from] Spikes
|
|-heal|p2a: Glimmora|100/100|[from] move: Wish|[wisher] Alomomola
|upkeep
|turn|6
|
|t:|1743813943
|move|p2a: Glimmora|Mortal Spin|p1a: Samurott
|-damage|p1a: Samurott|48/100
|-status|p1a: Samurott|psn
|-sideend|p2: pdspeed|Spikes|[from] move: Mortal Spin|[of] p2a: Glimmora
|move|p1a: Samurott|Ceaseless Edge|p2a: Glimmora
|-damage|p2a: Glimmora|0 fnt
|-damage|p1a: Samurott|31/100 psn|[from] item: Rocky Helmet|[of] p2a: Glimmora
|-activate|p2a: Glimmora|ability: Toxic Debris
|-sidestart|p1: RyanBSS|move: Toxic Spikes
|-sidestart|p2: pdspeed|Spikes
|faint|p2a: Glimmora
|
|-damage|p1a: Samurott|19/100 psn|[from] psn
|upkeep
|inactive|pdspeed has 120 seconds left.
|inactive|pdspeed has 90 seconds left.
|
|t:|1743813993
|switch|p2a: Alomomola|Alomomola, F|74/100
|-damage|p2a: Alomomola|62/100|[from] Spikes
|turn|7
|
|t:|1743813997
|move|p1a: Samurott|Ceaseless Edge|p2a: Alomomola
|-damage|p2a: Alomomola|12/100
|-sidestart|p2: pdspeed|Spikes
|move|p2a: Alomomola|Wish|p2a: Alomomola
|
|-damage|p1a: Samurott|6/100 psn|[from] psn
|upkeep
|turn|8
|
|t:|1743814015
|move|p2a: Alomomola|Aqua Jet|p1a: Samurott
|-resisted|p1a: Samurott
|-crit|p1a: Samurott
|-damage|p1a: Samurott|0 fnt
|faint|p1a: Samurott
|
|-heal|p2a: Alomomola|62/100|[from] move: Wish|[wisher] Alomomola
|upkeep
|
|t:|1743814041
|switch|p1a: Iron Valiant|Iron Valiant|100/100
|-damage|p1a: Iron Valiant|94/100|[from] Stealth Rock
|-status|p1a: Iron Valiant|tox
|-enditem|p1a: Iron Valiant|Booster Energy
|-activate|p1a: Iron Valiant|ability: Quark Drive|[fromitem]
|-start|p1a: Iron Valiant|quarkdrivespe
|turn|9
|
|t:|1743814051
|move|p1a: Iron Valiant|Calm Mind|p1a: Iron Valiant
|-boost|p1a: Iron Valiant|spa|1
|-boost|p1a: Iron Valiant|spd|1
|move|p2a: Alomomola|Wish|p2a: Alomomola
|
|-damage|p1a: Iron Valiant|88/100 tox|[from] psn
|upkeep
|turn|10
|
|t:|1743814057
|move|p1a: Iron Valiant|Thunderbolt|p2a: Alomomola
|-supereffective|p2a: Alomomola
|-damage|p2a: Alomomola|0 fnt
|faint|p2a: Alomomola
|
|-damage|p1a: Iron Valiant|76/100 tox|[from] psn
|upkeep
|
|t:|1743814075
|switch|p2a: Great Tusk|Great Tusk, shiny|100/100
|-damage|p2a: Great Tusk|84/100|[from] Spikes
|-enditem|p2a: Great Tusk|Booster Energy
|-activate|p2a: Great Tusk|ability: Protosynthesis|[fromitem]
|-start|p2a: Great Tusk|protosynthesisatk
|turn|11
|
|t:|1743814081
|move|p1a: Iron Valiant|Moonblast|p2a: Great Tusk
|-supereffective|p2a: Great Tusk
|-damage|p2a: Great Tusk|0 fnt
|faint|p2a: Great Tusk
|-end|p2a: Great Tusk|Protosynthesis|[silent]
|
|-damage|p1a: Iron Valiant|57/100 tox|[from] psn
|upkeep
|
|t:|1743814088
|switch|p2a: Araquanid|Araquanid, M|36/100
|-damage|p2a: Araquanid|20/100|[from] Spikes
|turn|12
|
|t:|1743814096
|move|p1a: Iron Valiant|Thunderbolt|p2a: Araquanid
|-supereffective|p2a: Araquanid
|-damage|p2a: Araquanid|0 fnt
|faint|p2a: Araquanid
|
|-damage|p1a: Iron Valiant|32/100 tox|[from] psn
|upkeep
|
|t:|1743814102
|switch|p2a: Gholdengo|Gholdengo|100/100
|-damage|p2a: Gholdengo|84/100|[from] Spikes
|turn|13
|
|t:|1743814108
|move|p1a: Iron Valiant|Thunderbolt|p2a: Gholdengo
|-damage|p2a: Gholdengo|31/100
|move|p2a: Gholdengo|Flash Cannon|p1a: Iron Valiant
|-supereffective|p1a: Iron Valiant
|-damage|p1a: Iron Valiant|0 fnt
|faint|p1a: Iron Valiant
|-end|p1a: Iron Valiant|Quark Drive|[silent]
|
|-heal|p2a: Gholdengo|37/100|[from] item: Leftovers
|upkeep
|
|t:|1743814122
|switch|p1a: Landorus|Landorus-Therian, M|100/100
|-damage|p1a: Landorus|88/100|[from] Stealth Rock
|-ability|p1a: Landorus|Intimidate|boost
|-unboost|p2a: Gholdengo|atk|1
|turn|14
|inactive|pdspeed has 120 seconds left.
|
|t:|1743814136
|move|p1a: Landorus|Earthquake|p2a: Gholdengo
|-supereffective|p2a: Gholdengo
|-damage|p2a: Gholdengo|0 fnt
|faint|p2a: Gholdengo
|
|upkeep
|
|t:|1743814140
|switch|p2a: Cinderace|Cinderace, M|100/100
|-damage|p2a: Cinderace|84/100|[from] Spikes
|turn|15
|
|t:|1743814146
|move|p2a: Cinderace|Scorching Sands|p1a: Landorus
|-start|p2a: Cinderace|typechange|Ground|[from] ability: Libero
|-immune|p1a: Landorus
|move|p1a: Landorus|Earthquake|p2a: Cinderace
|-damage|p2a: Cinderace|6/100
|
|upkeep
|turn|16
|
|t:|1743814155
|move|p2a: Cinderace|Trailblaze|p1a: Landorus
|-damage|p1a: Landorus|73/100
|-boost|p2a: Cinderace|spe|1
|-damage|p2a: Cinderace|0 fnt|[from] item: Rocky Helmet|[of] p1a: Landorus
|faint|p2a: Cinderace
|
|win|RyanBSS
|raw|RyanBSS's rating: 1132 &rarr; <strong>1156</strong><br />(+24 for winning)
|raw|pdspeed's rating: 1116 &rarr; <strong>1092</strong><br />(-24 for losing)
