|j|☆Ripsalty
|j|☆Mustang Dijon
|t:|1743811787
|gametype|singles
|player|p1|Ripsalty|linebacker|1182
|player|p2|Mustang Dijon|blue|1220
|teamsize|p1|6
|teamsize|p2|6
|gen|9
|tier|[Gen 9] OU
|rated|
|rule|HP Percentage Mod: HP is shown in percentages
|rule|Endless Battle Clause: Forcing endless battles is banned
|rule|Species Clause: Limit one of each Pokémon
|rule|OHKO Clause: OHKO moves are banned
|rule|Evasion Items Clause: Evasion items are banned
|rule|Evasion Moves Clause: Evasion moves are banned
|rule|Sleep Moves Clause: Sleep-inducing moves are banned
|clearpoke
|poke|p1|Crawdaunt, M|
|poke|p1|Slowking-Galar, M|
|poke|p1|Kyurem|
|poke|p1|Cinderace, M|
|poke|p1|Iron Treads|
|poke|p1|Zapdos|
|poke|p2|Azumarill, M|
|poke|p2|Ogerpon-Wellspring, F|
|poke|p2|Ursaluna, F|
|poke|p2|Raging Bolt|
|poke|p2|Talonflame, F|
|poke|p2|Incineroar, F|
|teampreview
|inactive|Battle timer is ON: inactive players will automatically lose when time's up. (requested by Mustang Dijon)
|
|t:|1743811804
|start
|switch|p1a: Pork Hammer|Kyurem, shiny|100/100
|switch|p2a: Incineroar|Incineroar, F|100/100
|-ability|p1a: Pork Hammer|Pressure
|-ability|p2a: Incineroar|Intimidate|boost
|-unboost|p1a: Pork Hammer|atk|1
|turn|1
|
|t:|1743811808
|switch|p1a: Tiing ZAP|Zapdos, shiny|100/100
|move|p2a: Incineroar|Fake Out|p1a: Tiing ZAP
|-crit|p1a: Tiing ZAP
|-damage|p1a: Tiing ZAP|86/100
|-status|p2a: Incineroar|par|[from] ability: Static|[of] p1a: Tiing ZAP
|
|upkeep
|turn|2
|inactive|Ripsalty has 120 seconds left.
|
|t:|1743811844
|switch|p2a: Raging Bolt|Raging Bolt|100/100
|move|p1a: Tiing ZAP|U-turn|p2a: Raging Bolt
|-damage|p2a: Raging Bolt|89/100
|
|t:|1743811846
|switch|p1a: Range Rover|Iron Treads, shiny|100/100|[from] U-turn
|
|-heal|p2a: Raging Bolt|95/100|[from] item: Leftovers
|upkeep
|turn|3
|inactive|Ripsalty has 120 seconds left.
|
|t:|1743811870
|-end|p2a: Raging Bolt|Protosynthesis|[silent]
|switch|p2a: Incineroar|Incineroar, F|100/100 par
|-ability|p2a: Incineroar|Intimidate|boost
|-unboost|p1a: Range Rover|atk|1
|move|p1a: Range Rover|Earthquake|p2a: Incineroar
|-supereffective|p2a: Incineroar
|-damage|p2a: Incineroar|50/100 par
|
|upkeep
|turn|4
|inactive|Ripsalty has 120 seconds left.
|
|t:|1743811881
|-end|p1a: Range Rover|Quark Drive|[silent]
|switch|p1a: Tiing ZAP|Zapdos, shiny|86/100
|switch|p2a: Bestburg|Talonflame, F|100/100
|
|upkeep
|turn|5
|
|t:|1743811887
|switch|p2a: Raging Bolt|Raging Bolt|95/100
|move|p1a: Tiing ZAP|Hurricane|p2a: Raging Bolt|[miss]
|-miss|p1a: Tiing ZAP|p2a: Raging Bolt
|
|-heal|p2a: Raging Bolt|100/100|[from] item: Leftovers
|upkeep
|turn|6
|
|t:|1743811897
|move|p1a: Tiing ZAP|Hurricane|p2a: Raging Bolt
|-resisted|p2a: Raging Bolt
|-damage|p2a: Raging Bolt|85/100
|-start|p2a: Raging Bolt|confusion
|-activate|p2a: Raging Bolt|confusion
|move|p2a: Raging Bolt|Dragon Pulse|p1a: Tiing ZAP
|-damage|p1a: Tiing ZAP|43/100
|
|-heal|p2a: Raging Bolt|91/100|[from] item: Leftovers
|upkeep
|turn|7
|
|t:|1743811911
|-end|p2a: Raging Bolt|Protosynthesis|[silent]
|switch|p2a: OkLoser|Ursaluna, F|100/100
|move|p1a: Tiing ZAP|Roost|p1a: Tiing ZAP
|-heal|p1a: Tiing ZAP|93/100
|-singleturn|p1a: Tiing ZAP|move: Roost
|
|upkeep
|turn|8
|
|t:|1743811937
|switch|p2a: Raging Bolt|Raging Bolt|91/100
|move|p1a: Tiing ZAP|U-turn|p2a: Raging Bolt
|-damage|p2a: Raging Bolt|80/100
|
|t:|1743811939
|switch|p1a: Range Rover|Iron Treads, shiny|100/100|[from] U-turn
|
|-heal|p2a: Raging Bolt|86/100|[from] item: Leftovers
|upkeep
|turn|9
|
|t:|1743811943
|-end|p1a: Range Rover|Quark Drive|[silent]
|switch|p1a: Tiing ZAP|Zapdos, shiny|93/100
|-end|p2a: Raging Bolt|Protosynthesis|[silent]
|switch|p2a: Bestburg|Talonflame, F|100/100
|
|upkeep
|turn|10
|
|t:|1743811947
|switch|p2a: Raging Bolt|Raging Bolt|86/100
|move|p1a: Tiing ZAP|Hurricane|p2a: Raging Bolt
|-resisted|p2a: Raging Bolt
|-damage|p2a: Raging Bolt|70/100
|
|-heal|p2a: Raging Bolt|76/100|[from] item: Leftovers
|upkeep
|turn|11
|
|t:|1743811955
|move|p1a: Tiing ZAP|U-turn|p2a: Raging Bolt
|-damage|p2a: Raging Bolt|64/100
|
|t:|1743811958
|switch|p1a: Range Rover|Iron Treads, shiny|100/100|[from] U-turn
|move|p2a: Raging Bolt|Dragon Pulse|p1a: Range Rover
|-resisted|p1a: Range Rover
|-damage|p1a: Range Rover|82/100
|
|-heal|p2a: Raging Bolt|70/100|[from] item: Leftovers
|upkeep
|turn|12
|
|t:|1743811967
|-end|p2a: Raging Bolt|Protosynthesis|[silent]
|switch|p2a: Bestburg|Talonflame, F|100/100
|move|p1a: Range Rover|Earthquake|p2a: Bestburg
|-immune|p2a: Bestburg
|
|upkeep
|turn|13
|
|t:|1743811978
|switch|p2a: Raging Bolt|Raging Bolt|70/100
|-end|p1a: Range Rover|Quark Drive|[silent]
|switch|p1a: Sir Toppem Hat|Slowking-Galar, M, shiny|100/100
|
|-heal|p2a: Raging Bolt|76/100|[from] item: Leftovers
|upkeep
|turn|14
|
|t:|1743811982
|move|p2a: Raging Bolt|Thunderbolt|p1a: Sir Toppem Hat
|-damage|p1a: Sir Toppem Hat|76/100
|move|p1a: Sir Toppem Hat|Future Sight|p2a: Raging Bolt
|-start|p1a: Sir Toppem Hat|move: Future Sight
|
|-heal|p2a: Raging Bolt|82/100|[from] item: Leftovers
|upkeep
|turn|15
|
|t:|1743811986
|move|p2a: Raging Bolt|Dragon Pulse|p1a: Sir Toppem Hat
|-damage|p1a: Sir Toppem Hat|50/100
|-prepare|p1a: Sir Toppem Hat|Chilly Reception|[premajor]
|move|p1a: Sir Toppem Hat|Chilly Reception|p1a: Sir Toppem Hat
|-weather|Snowscape
|
|t:|1743811991
|switch|p1a: Pork Hammer|Kyurem, shiny|100/100|[from] Chilly Reception
|-ability|p1a: Pork Hammer|Pressure
|
|-weather|Snowscape|[upkeep]
|-heal|p2a: Raging Bolt|88/100|[from] item: Leftovers
|upkeep
|turn|16
|
|t:|1743812000
|-end|p2a: Raging Bolt|Protosynthesis|[silent]
|switch|p2a: Incineroar|Incineroar, F|50/100 par
|-ability|p2a: Incineroar|Intimidate|boost
|-unboost|p1a: Pork Hammer|atk|1
|move|p1a: Pork Hammer|Earth Power|p2a: Incineroar
|-supereffective|p2a: Incineroar
|-damage|p2a: Incineroar|0 fnt
|faint|p2a: Incineroar
|
|-weather|Snowscape|[upkeep]
|-hint|Future Sight did not hit because the target is fainted.
|upkeep
|
|t:|1743812004
|switch|p2a: Sayso|Azumarill, M|100/100
|turn|17
|
|t:|1743812016
|switch|p1a: Tiing ZAP|Zapdos, shiny|93/100
|move|p2a: Sayso|Play Rough|p1a: Tiing ZAP
|-damage|p1a: Tiing ZAP|54/100
|-status|p2a: Sayso|par|[from] ability: Static|[of] p1a: Tiing ZAP
|
|-weather|Snowscape|[upkeep]
|upkeep
|turn|18
|
|t:|1743812020
|switch|p2a: Raging Bolt|Raging Bolt|88/100
|move|p1a: Tiing ZAP|Discharge|p2a: Raging Bolt
|-resisted|p2a: Raging Bolt
|-damage|p2a: Raging Bolt|83/100
|
|-weather|Snowscape|[upkeep]
|-heal|p2a: Raging Bolt|89/100|[from] item: Leftovers
|upkeep
|turn|19
|
|t:|1743812026
|move|p1a: Tiing ZAP|Roost|p1a: Tiing ZAP
|-heal|p1a: Tiing ZAP|100/100
|-singleturn|p1a: Tiing ZAP|move: Roost
|move|p2a: Raging Bolt|Dragon Pulse|p1a: Tiing ZAP
|-damage|p1a: Tiing ZAP|57/100
|
|-weather|none
|-heal|p2a: Raging Bolt|95/100|[from] item: Leftovers
|upkeep
|turn|20
|
|t:|1743812045
|switch|p1a: Sir Toppem Hat|Slowking-Galar, M, shiny|83/100
|move|p2a: Raging Bolt|Dragon Pulse|p1a: Sir Toppem Hat
|-damage|p1a: Sir Toppem Hat|57/100
|
|-heal|p2a: Raging Bolt|100/100|[from] item: Leftovers
|upkeep
|turn|21
|
|t:|1743812052
|move|p2a: Raging Bolt|Dragon Pulse|p1a: Sir Toppem Hat
|-damage|p1a: Sir Toppem Hat|32/100
|-prepare|p1a: Sir Toppem Hat|Chilly Reception|[premajor]
|move|p1a: Sir Toppem Hat|Chilly Reception|p1a: Sir Toppem Hat
|-weather|Snowscape
|
|t:|1743812061
|switch|p1a: Range Rover|Iron Treads, shiny|82/100|[from] Chilly Reception
|
|-weather|Snowscape|[upkeep]
|upkeep
|turn|22
|
|t:|1743812066
|-end|p2a: Raging Bolt|Protosynthesis|[silent]
|switch|p2a: Bestburg|Talonflame, F|100/100
|move|p1a: Range Rover|Earthquake|p2a: Bestburg
|-immune|p2a: Bestburg
|
|-weather|Snowscape|[upkeep]
|upkeep
|turn|23
|
|t:|1743812092
|switch|p2a: Raging Bolt|Raging Bolt|100/100
|-end|p1a: Range Rover|Quark Drive|[silent]
|switch|p1a: Tiing ZAP|Zapdos, shiny|57/100
|
|-weather|Snowscape|[upkeep]
|upkeep
|turn|24
|
|t:|1743812094
|switch|p1a: Sir Toppem Hat|Slowking-Galar, M, shiny|65/100
|move|p2a: Raging Bolt|Dragon Pulse|p1a: Sir Toppem Hat
|-damage|p1a: Sir Toppem Hat|42/100
|
|-weather|Snowscape|[upkeep]
|upkeep
|turn|25
|
|t:|1743812097
|move|p2a: Raging Bolt|Thunderbolt|p1a: Sir Toppem Hat
|-damage|p1a: Sir Toppem Hat|15/100
|move|p1a: Sir Toppem Hat|Future Sight|p2a: Raging Bolt
|-start|p1a: Sir Toppem Hat|move: Future Sight
|
|-weather|none
|upkeep
|turn|26
|
|t:|1743812103
|switch|p1a: Range Rover|Iron Treads, shiny|82/100
|move|p2a: Raging Bolt|Dragon Pulse|p1a: Range Rover
|-resisted|p1a: Range Rover
|-damage|p1a: Range Rover|65/100
|
|upkeep
|turn|27
|
|t:|1743812112
|-end|p1a: Range Rover|Quark Drive|[silent]
|switch|p1a: Red Lobster|Crawdaunt, M|100/100
|-terastallize|p2a: Raging Bolt|Bug
|move|p2a: Raging Bolt|Dragon Pulse|p1a: Red Lobster
|-damage|p1a: Red Lobster|18/100
|
|-end|p2a: Raging Bolt|move: Future Sight
|-damage|p2a: Raging Bolt|74/100
|-heal|p2a: Raging Bolt|80/100|[from] item: Leftovers
|upkeep
|turn|28
|
|t:|1743812124
|switch|p1a: Sir Toppem Hat|Slowking-Galar, M, shiny|48/100
|move|p2a: Raging Bolt|Dragon Pulse|p1a: Sir Toppem Hat
|-crit|p1a: Sir Toppem Hat
|-damage|p1a: Sir Toppem Hat|11/100
|
|-heal|p2a: Raging Bolt|86/100|[from] item: Leftovers
|upkeep
|turn|29
|
|t:|1743812138
|switch|p1a: Spreaddie Gibbs|Cinderace, M, shiny|100/100
|move|p2a: Raging Bolt|Dragon Pulse|p1a: Spreaddie Gibbs
|-damage|p1a: Spreaddie Gibbs|52/100
|
|-heal|p2a: Raging Bolt|92/100|[from] item: Leftovers
|upkeep
|turn|30
|
|t:|1743812141
|move|p1a: Spreaddie Gibbs|Pyro Ball|p2a: Raging Bolt
|-supereffective|p2a: Raging Bolt
|-damage|p2a: Raging Bolt|16/100
|move|p2a: Raging Bolt|Thunderbolt|p1a: Spreaddie Gibbs
|-damage|p1a: Spreaddie Gibbs|0 fnt
|faint|p1a: Spreaddie Gibbs
|
|-heal|p2a: Raging Bolt|22/100|[from] item: Leftovers
|upkeep
|
|t:|1743812146
|switch|p1a: Red Lobster|Crawdaunt, M|18/100
|turn|31
|
|t:|1743812149
|-end|p2a: Raging Bolt|Protosynthesis|[silent]
|switch|p2a: Mustard|Ogerpon-Wellspring, F|100/100
|move|p1a: Red Lobster|Aqua Jet|p2a: Mustard
|-immune|p2a: Mustard|[from] ability: Water Absorb
|
|upkeep
|turn|32
|
|t:|1743812155
|switch|p1a: Tiing ZAP|Zapdos, shiny|57/100
|move|p2a: Mustard|Ivy Cudgel|p1a: Tiing ZAP|[anim] Ivy Cudgel Water
|-damage|p1a: Tiing ZAP|13/100
|
|upkeep
|turn|33
|c|☆Mustang Dijon|Red lobster... Get ragdolled
|
|t:|1743812166
|move|p2a: Mustard|Ivy Cudgel|p1a: Tiing ZAP|[anim] Ivy Cudgel Water
|-damage|p1a: Tiing ZAP|0 fnt
|faint|p1a: Tiing ZAP
|
|upkeep
|
|t:|1743812170
|switch|p1a: Pork Hammer|Kyurem, shiny|100/100
|-ability|p1a: Pork Hammer|Pressure
|turn|34
|
|t:|1743812177
|move|p2a: Mustard|U-turn|p1a: Pork Hammer
|-damage|p1a: Pork Hammer|72/100
|
|t:|1743812188
|switch|p2a: Sayso|Azumarill, M|100/100 par|[from] U-turn
|move|p1a: Pork Hammer|Freeze-Dry|p2a: Sayso
|-supereffective|p2a: Sayso
|-damage|p2a: Sayso|0 fnt
|faint|p2a: Sayso
|
|upkeep
|
|t:|1743812192
|switch|p2a: Bestburg|Talonflame, F|100/100
|turn|35
|
|t:|1743812210
|switch|p1a: Sir Toppem Hat|Slowking-Galar, M, shiny|44/100
|move|p2a: Bestburg|Flare Blitz|p1a: Sir Toppem Hat
|-damage|p1a: Sir Toppem Hat|3/100
|-damage|p2a: Bestburg|83/100|[from] Recoil
|
|upkeep
|turn|36
|
|t:|1743812216
|switch|p1a: Red Lobster|Crawdaunt, M|18/100
|move|p2a: Bestburg|U-turn|p1a: Red Lobster
|-supereffective|p1a: Red Lobster
|-damage|p1a: Red Lobster|0 fnt
|faint|p1a: Red Lobster
|
|t:|1743812219
|switch|p2a: Raging Bolt|Raging Bolt, tera:Bug|22/100|[from] U-turn
|
|-heal|p2a: Raging Bolt|28/100|[from] item: Leftovers
|upkeep
|
|t:|1743812239
|switch|p1a: Pork Hammer|Kyurem, shiny|72/100
|-ability|p1a: Pork Hammer|Pressure
|turn|37
|
|t:|1743812243
|move|p1a: Pork Hammer|Freeze-Dry|p2a: Raging Bolt
|-damage|p2a: Raging Bolt|0 fnt
|faint|p2a: Raging Bolt
|-end|p2a: Raging Bolt|Protosynthesis|[silent]
|
|upkeep
|
|t:|1743812246
|switch|p2a: Bestburg|Talonflame, F|83/100
|turn|38
|
|t:|1743812250
|switch|p1a: Sir Toppem Hat|Slowking-Galar, M, shiny|36/100
|move|p2a: Bestburg|Flare Blitz|p1a: Sir Toppem Hat
|-damage|p1a: Sir Toppem Hat|0 fnt
|faint|p1a: Sir Toppem Hat
|-damage|p2a: Bestburg|69/100|[from] Recoil
|
|upkeep
|
|t:|1743812251
|switch|p1a: Range Rover|Iron Treads, shiny|65/100
|turn|39
|-message|Ripsalty forfeited.
|
|win|Mustang Dijon
|raw|Ripsalty's rating: 1182 &rarr; <strong>1160</strong><br />(-22 for losing)
|raw|Mustang Dijon's rating: 1220 &rarr; <strong>1242</strong><br />(+22 for winning)
|l|☆Ripsalty
|player|p1|
