|j|☆Rydak7
|j|☆CyanIdle
|t:|1743885917
|gametype|singles
|player|p1|Rydak7|170|1412
|player|p2|CyanIdle|janine|1429
|teamsize|p1|6
|teamsize|p2|6
|gen|9
|tier|[Gen 9] OU
|rated|
|rule|HP Percentage Mod: HP is shown in percentages
|rule|Endless Battle Clause: Forcing endless battles is banned
|rule|Species Clause: Limit one of each Pokémon
|rule|OHKO Clause: OHKO moves are banned
|rule|Evasion Items Clause: Evasion items are banned
|rule|Evasion Moves Clause: Evasion moves are banned
|rule|Sleep Moves Clause: Sleep-inducing moves are banned
|clearpoke
|poke|p1|Ceruledge, M|
|poke|p1|Clodsire, F|
|poke|p1|Tinkaton, F|
|poke|p1|Kilowattrel, M|
|poke|p1|Great Tusk|
|poke|p1|Walking Wake|
|poke|p2|Zamazenta-*|
|poke|p2|Kingambit, M|
|poke|p2|Samurott-Hisui, M|
|poke|p2|Landorus-Therian, M|
|poke|p2|Iron Valiant|
|poke|p2|Iron Moth|
|teampreview
|inactive|Battle timer is ON: inactive players will automatically lose when time's up. (requested by CyanIdle)
|inactive|Rydak7 has 120 seconds left.
|
|t:|1743885952
|start
|switch|p1a: Kilowattrel|Kilowattrel, M, shiny|100/100
|switch|p2a: Samurott|Samurott-Hisui, M|100/100
|turn|1
|
|t:|1743885958
|move|p1a: Kilowattrel|Volt Switch|p2a: Samurott
|-supereffective|p2a: Samurott
|-enditem|p2a: Samurott|Focus Sash
|-damage|p2a: Samurott|1/100
|-damage|p1a: Kilowattrel|91/100|[from] item: Life Orb
|
|t:|1743885964
|switch|p1a: Great Tusk|Great Tusk, shiny|100/100|[from] Volt Switch
|move|p2a: Samurott|Ceaseless Edge|p1a: Great Tusk
|-resisted|p1a: Great Tusk
|-damage|p1a: Great Tusk|88/100
|-damage|p2a: Samurott|0 fnt|[from] item: Rocky Helmet|[of] p1a: Great Tusk
|faint|p2a: Samurott
|
|upkeep
|
|t:|1743885978
|switch|p2a: Zamazenta|Zamazenta|100/100
|-ability|p2a: Zamazenta|Dauntless Shield|boost
|-boost|p2a: Zamazenta|def|1
|turn|2
|
|t:|1743885982
|move|p2a: Zamazenta|Iron Defense|p2a: Zamazenta
|-boost|p2a: Zamazenta|def|2
|move|p1a: Great Tusk|Stealth Rock|p2a: Zamazenta
|-sidestart|p2: CyanIdle|move: Stealth Rock
|
|upkeep
|turn|3
|
|t:|1743885990
|move|p2a: Zamazenta|Body Press|p1a: Great Tusk
|-damage|p1a: Great Tusk|48/100
|-damage|p2a: Zamazenta|84/100|[from] item: Rocky Helmet|[of] p1a: Great Tusk
|move|p1a: Great Tusk|Earthquake|p2a: Zamazenta
|-damage|p2a: Zamazenta|71/100
|
|-heal|p2a: Zamazenta|77/100|[from] item: Leftovers
|upkeep
|turn|4
|
|t:|1743885999
|move|p2a: Zamazenta|Iron Defense|p2a: Zamazenta
|-boost|p2a: Zamazenta|def|2
|move|p1a: Great Tusk|Earthquake|p2a: Zamazenta
|-damage|p2a: Zamazenta|69/100
|
|-heal|p2a: Zamazenta|75/100|[from] item: Leftovers
|upkeep
|turn|5
|
|t:|1743886009
|-end|p1a: Great Tusk|Protosynthesis|[silent]
|switch|p1a: Ceruledge|Ceruledge, M, shiny|100/100
|move|p2a: Zamazenta|Body Press|p1a: Ceruledge
|-immune|p1a: Ceruledge
|
|-heal|p2a: Zamazenta|81/100|[from] item: Leftovers
|upkeep
|turn|6
|
|t:|1743886022
|switch|p1a: Kilowattrel|Kilowattrel, M, shiny|91/100
|-terastallize|p2a: Zamazenta|Fire
|move|p2a: Zamazenta|Crunch|p1a: Kilowattrel
|-damage|p1a: Kilowattrel|53/100
|
|-heal|p2a: Zamazenta|87/100|[from] item: Leftovers
|upkeep
|turn|7
|
|t:|1743886034
|move|p2a: Zamazenta|Body Press|p1a: Kilowattrel
|-resisted|p1a: Kilowattrel
|-damage|p1a: Kilowattrel|0 fnt
|faint|p1a: Kilowattrel
|
|-heal|p2a: Zamazenta|93/100|[from] item: Leftovers
|upkeep
|
|t:|1743886041
|switch|p1a: Walking Wake|Walking Wake|100/100
|-enditem|p1a: Walking Wake|Booster Energy
|-activate|p1a: Walking Wake|ability: Protosynthesis|[fromitem]
|-start|p1a: Walking Wake|protosynthesisspe
|turn|8
|
|t:|1743886050
|-terastallize|p1a: Walking Wake|Fairy
|move|p1a: Walking Wake|Hydro Steam|p2a: Zamazenta
|-supereffective|p2a: Zamazenta
|-damage|p2a: Zamazenta|32/100
|move|p2a: Zamazenta|Body Press|p1a: Walking Wake
|-resisted|p1a: Walking Wake
|-damage|p1a: Walking Wake|43/100
|
|-heal|p2a: Zamazenta|38/100|[from] item: Leftovers
|upkeep
|turn|9
|
|t:|1743886061
|move|p1a: Walking Wake|Hydro Steam|p2a: Zamazenta
|-supereffective|p2a: Zamazenta
|-damage|p2a: Zamazenta|0 fnt
|faint|p2a: Zamazenta
|
|upkeep
|
|t:|1743886069
|switch|p2a: Iron Moth|Iron Moth|100/100
|-damage|p2a: Iron Moth|76/100|[from] Stealth Rock
|-enditem|p2a: Iron Moth|Booster Energy
|-activate|p2a: Iron Moth|ability: Quark Drive|[fromitem]
|-start|p2a: Iron Moth|quarkdrivespe
|turn|10
|
|t:|1743886077
|-end|p1a: Walking Wake|Protosynthesis|[silent]
|switch|p1a: Clodsire|Clodsire, F, shiny|100/100
|move|p2a: Iron Moth|Sludge Wave|p1a: Clodsire
|-resisted|p1a: Clodsire
|-crit|p1a: Clodsire
|-damage|p1a: Clodsire|91/100
|
|-heal|p1a: Clodsire|97/100|[from] item: Leftovers
|upkeep
|turn|11
|
|t:|1743886091
|move|p2a: Iron Moth|Psychic|p1a: Clodsire
|-supereffective|p1a: Clodsire
|-damage|p1a: Clodsire|62/100
|move|p1a: Clodsire|Toxic|p2a: Iron Moth
|-immune|p2a: Iron Moth
|
|-heal|p1a: Clodsire|68/100|[from] item: Leftovers
|upkeep
|turn|12
|
|t:|1743886100
|-end|p2a: Iron Moth|Quark Drive|[silent]
|switch|p2a: Landorus|Landorus-Therian, M|100/100
|-damage|p2a: Landorus|88/100|[from] Stealth Rock
|-ability|p2a: Landorus|Intimidate|boost
|-unboost|p1a: Clodsire|atk|1
|move|p1a: Clodsire|Earthquake|p2a: Landorus
|-immune|p2a: Landorus
|
|-heal|p1a: Clodsire|75/100|[from] item: Leftovers
|upkeep
|turn|13
|
|t:|1743886114
|switch|p1a: Great Tusk|Great Tusk, shiny|48/100
|move|p2a: Landorus|Taunt|p1a: Great Tusk
|-start|p1a: Great Tusk|move: Taunt
|
|upkeep
|turn|14
|
|t:|1743886126
|switch|p2a: Iron Moth|Iron Moth|76/100
|-damage|p2a: Iron Moth|51/100|[from] Stealth Rock
|move|p1a: Great Tusk|Rapid Spin|p2a: Iron Moth
|-damage|p2a: Iron Moth|30/100
|-boost|p1a: Great Tusk|spe|1
|
|upkeep
|turn|15
|
|t:|1743886137
|-end|p1a: Great Tusk|Protosynthesis|[silent]
|switch|p1a: Clodsire|Clodsire, F, shiny|75/100
|move|p2a: Iron Moth|Psychic|p1a: Clodsire
|-supereffective|p1a: Clodsire
|-damage|p1a: Clodsire|44/100
|
|-heal|p1a: Clodsire|50/100|[from] item: Leftovers
|upkeep
|turn|16
|
|t:|1743886147
|move|p2a: Iron Moth|Psychic|p1a: Clodsire
|-supereffective|p1a: Clodsire
|-damage|p1a: Clodsire|17/100
|move|p1a: Clodsire|Toxic|p2a: Iron Moth
|-immune|p2a: Iron Moth
|
|-heal|p1a: Clodsire|23/100|[from] item: Leftovers
|upkeep
|turn|17
|
|t:|1743886155
|move|p1a: Clodsire|Protect|p1a: Clodsire
|-singleturn|p1a: Clodsire|Protect
|move|p2a: Iron Moth|Psychic|p1a: Clodsire
|-activate|p1a: Clodsire|move: Protect
|
|-heal|p1a: Clodsire|29/100|[from] item: Leftovers
|upkeep
|turn|18
|
|t:|1743886168
|switch|p1a: Tinkaton|Tinkaton, F, shiny|100/100
|-ability|p1a: Tinkaton|Mold Breaker
|move|p2a: Iron Moth|Fiery Dance|p1a: Tinkaton
|-supereffective|p1a: Tinkaton
|-damage|p1a: Tinkaton|49/100
|
|upkeep
|turn|19
|
|t:|1743886176
|move|p1a: Tinkaton|Fake Out|p2a: Iron Moth
|-damage|p2a: Iron Moth|16/100
|cant|p2a: Iron Moth|flinch
|
|upkeep
|turn|20
|
|t:|1743886191
|switch|p1a: Clodsire|Clodsire, F, shiny|29/100
|move|p2a: Iron Moth|Sludge Wave|p1a: Clodsire
|-resisted|p1a: Clodsire
|-damage|p1a: Clodsire|23/100
|
|-heal|p1a: Clodsire|29/100|[from] item: Leftovers
|upkeep
|turn|21
|
|t:|1743886199
|move|p1a: Clodsire|Protect|p1a: Clodsire
|-singleturn|p1a: Clodsire|Protect
|move|p2a: Iron Moth|Psychic|p1a: Clodsire
|-activate|p1a: Clodsire|move: Protect
|
|-heal|p1a: Clodsire|35/100|[from] item: Leftovers
|upkeep
|turn|22
|
|t:|1743886207
|move|p2a: Iron Moth|Psychic|p1a: Clodsire
|-supereffective|p1a: Clodsire
|-damage|p1a: Clodsire|4/100
|move|p1a: Clodsire|Recover|p1a: Clodsire
|-heal|p1a: Clodsire|54/100
|
|-heal|p1a: Clodsire|61/100|[from] item: Leftovers
|upkeep
|turn|23
|
|t:|1743886215
|move|p2a: Iron Moth|Psychic|p1a: Clodsire
|-supereffective|p1a: Clodsire
|-damage|p1a: Clodsire|27/100
|move|p1a: Clodsire|Recover|p1a: Clodsire
|-heal|p1a: Clodsire|77/100
|
|-heal|p1a: Clodsire|83/100|[from] item: Leftovers
|upkeep
|turn|24
|
|t:|1743886225
|move|p1a: Clodsire|Protect|p1a: Clodsire
|-singleturn|p1a: Clodsire|Protect
|move|p2a: Iron Moth|Psychic|p1a: Clodsire
|-activate|p1a: Clodsire|move: Protect
|
|-heal|p1a: Clodsire|90/100|[from] item: Leftovers
|upkeep
|turn|25
|
|t:|1743886232
|move|p2a: Iron Moth|Psychic|p1a: Clodsire
|-supereffective|p1a: Clodsire
|-damage|p1a: Clodsire|60/100
|move|p1a: Clodsire|Earthquake|p2a: Iron Moth
|-supereffective|p2a: Iron Moth
|-damage|p2a: Iron Moth|0 fnt
|faint|p2a: Iron Moth
|-end|p2a: Iron Moth|Quark Drive|[silent]
|
|-heal|p1a: Clodsire|66/100|[from] item: Leftovers
|upkeep
|
|t:|1743886247
|switch|p2a: Landorus|Landorus-Therian, M|88/100
|-damage|p2a: Landorus|76/100|[from] Stealth Rock
|-ability|p2a: Landorus|Intimidate|boost
|-unboost|p1a: Clodsire|atk|1
|turn|26
|
|t:|1743886260
|switch|p1a: Great Tusk|Great Tusk, shiny|48/100
|move|p2a: Landorus|Stealth Rock|p1a: Great Tusk
|-sidestart|p1: Rydak7|move: Stealth Rock
|
|upkeep
|turn|27
|
|t:|1743886266
|move|p2a: Landorus|Earthquake|p1a: Great Tusk
|-crit|p1a: Great Tusk
|-damage|p1a: Great Tusk|14/100
|move|p1a: Great Tusk|Rapid Spin|p2a: Landorus
|-damage|p2a: Landorus|60/100
|-boost|p1a: Great Tusk|spe|1
|-damage|p1a: Great Tusk|0 fnt|[from] item: Rocky Helmet|[of] p2a: Landorus
|faint|p1a: Great Tusk
|-end|p1a: Great Tusk|Protosynthesis|[silent]
|
|upkeep
|
|t:|1743886277
|switch|p1a: Walking Wake|Walking Wake, tera:Fairy|43/100
|-damage|p1a: Walking Wake|30/100|[from] Stealth Rock
|turn|28
|
|t:|1743886283
|move|p1a: Walking Wake|Hydro Steam|p2a: Landorus
|-supereffective|p2a: Landorus
|-crit|p2a: Landorus
|-damage|p2a: Landorus|0 fnt
|faint|p2a: Landorus
|
|upkeep
|
|t:|1743886290
|switch|p2a: Iron Valiant|Iron Valiant|100/100
|-damage|p2a: Iron Valiant|94/100|[from] Stealth Rock
|-enditem|p2a: Iron Valiant|Booster Energy
|-activate|p2a: Iron Valiant|ability: Quark Drive|[fromitem]
|-start|p2a: Iron Valiant|quarkdrivespe
|turn|29
|
|t:|1743886309
|-end|p1a: Walking Wake|Protosynthesis|[silent]
|switch|p1a: Clodsire|Clodsire, F, shiny|66/100
|-damage|p1a: Clodsire|60/100|[from] Stealth Rock
|move|p2a: Iron Valiant|Moonblast|p1a: Clodsire
|-resisted|p1a: Clodsire
|-crit|p1a: Clodsire
|-damage|p1a: Clodsire|42/100
|
|-heal|p1a: Clodsire|48/100|[from] item: Leftovers
|upkeep
|turn|30
|
|t:|1743886319
|move|p2a: Iron Valiant|Psyshock|p1a: Clodsire
|-supereffective|p1a: Clodsire
|-damage|p1a: Clodsire|0 fnt
|faint|p1a: Clodsire
|
|upkeep
|-message|Rydak7 forfeited.
|
|win|CyanIdle
|raw|Rydak7's rating: 1412 &rarr; <strong>1393</strong><br />(-19 for losing)
|raw|CyanIdle's rating: 1429 &rarr; <strong>1448</strong><br />(+19 for winning)
|l|☆Rydak7
|player|p1|
|l|☆CyanIdle
|player|p2|
