|j|☆1WunnaGunna
|j|☆hamza1k
|t:|1743901313
|gametype|singles
|player|p1|1WunnaGunna|unknown|1180
|player|p2|hamza1k|iris-gen5bw2|1182
|teamsize|p1|6
|teamsize|p2|6
|gen|9
|tier|[Gen 9] OU
|rated|
|rule|HP Percentage Mod: HP is shown in percentages
|rule|Endless Battle Clause: Forcing endless battles is banned
|rule|Species Clause: Limit one of each Pokémon
|rule|OHKO Clause: OHKO moves are banned
|rule|Evasion Items Clause: Evasion items are banned
|rule|Evasion Moves Clause: Evasion moves are banned
|rule|Sleep Moves Clause: Sleep-inducing moves are banned
|clearpoke
|poke|p1|Decidueye-Hisui, M|
|poke|p1|Ceruledge, M|
|poke|p1|Hydreigon, M|
|poke|p1|Noivern, F|
|poke|p1|Iron Moth|
|poke|p1|Magnezone|
|poke|p2|Greninja-*, F|
|poke|p2|Gengar, F|
|poke|p2|Gastrodon, F|
|poke|p2|Iron Moth|
|poke|p2|Hariyama, M|
|poke|p2|Comfey, M|
|teampreview
|inactive|Battle timer is ON: inactive players will automatically lose when time's up. (requested by 1WunnaGunna)
|
|t:|1743901340
|start
|switch|p1a: Space Cadet|Magnezone, shiny|100/100
|switch|p2a: Gastrodon|Gastrodon, F|100/100
|turn|1
|
|t:|1743901346
|switch|p1a: JEFFERY|Decidueye-Hisui, M, shiny|100/100
|move|p2a: Gastrodon|Stealth Rock|p1a: JEFFERY
|-sidestart|p1: 1WunnaGunna|move: Stealth Rock
|
|upkeep
|turn|2
|
|t:|1743901367
|switch|p2a: Iron Moth|Iron Moth|100/100
|-enditem|p2a: Iron Moth|Booster Energy
|-activate|p2a: Iron Moth|ability: Quark Drive|[fromitem]
|-start|p2a: Iron Moth|quarkdrivespe
|move|p1a: JEFFERY|Leaf Blade|p2a: Iron Moth
|-resisted|p2a: Iron Moth
|-damage|p2a: Iron Moth|83/100
|
|upkeep
|turn|3
|
|t:|1743901382
|switch|p1a: Veldanava|Hydreigon, M|100/100
|-damage|p1a: Veldanava|88/100|[from] Stealth Rock
|move|p2a: Iron Moth|Fiery Dance|p1a: Veldanava
|-resisted|p1a: Veldanava
|-damage|p1a: Veldanava|66/100
|-boost|p2a: Iron Moth|spa|1
|
|upkeep
|turn|4
|
|t:|1743901392
|-terastallize|p1a: Veldanava|Steel
|move|p2a: Iron Moth|Substitute|p2a: Iron Moth
|-start|p2a: Iron Moth|Substitute
|-damage|p2a: Iron Moth|58/100
|move|p1a: Veldanava|Earthquake|p2a: Iron Moth
|-supereffective|p2a: Iron Moth
|-end|p2a: Iron Moth|Substitute
|
|upkeep
|turn|5
|
|t:|1743901407
|switch|p1a: Velgrynd|Noivern, F, shiny|100/100
|move|p2a: Iron Moth|Fiery Dance|p1a: Velgrynd
|-resisted|p1a: Velgrynd
|-damage|p1a: Velgrynd|65/100
|
|upkeep
|turn|6
|
|t:|1743901427
|-end|p2a: Iron Moth|Quark Drive|[silent]
|switch|p2a: Comfey|Comfey, M|100/100
|move|p1a: Velgrynd|Draco Meteor|p2a: Comfey
|-immune|p2a: Comfey
|
|upkeep
|turn|7
|
|t:|1743901438
|move|p1a: Velgrynd|Defog|p2a: Comfey
|-unboost|p2a: Comfey|evasion|1
|-sideend|p1: 1WunnaGunna|Stealth Rock|[from] move: Defog|[of] p1a: Velgrynd
|move|p2a: Comfey|Calm Mind|p2a: Comfey
|-boost|p2a: Comfey|spa|1
|-boost|p2a: Comfey|spd|1
|
|upkeep
|turn|8
|
|t:|1743901460
|switch|p1a: Benimaru|Ceruledge, M, shiny|100/100
|move|p2a: Comfey|Draining Kiss|p1a: Benimaru
|-resisted|p1a: Benimaru
|-damage|p1a: Benimaru|77/100
|-damage|p2a: Comfey|91/100|[from] item: Life Orb
|
|upkeep
|turn|9
|
|t:|1743901470
|-terastallize|p2a: Comfey|Ground
|move|p1a: Benimaru|Swords Dance|p1a: Benimaru
|-boost|p1a: Benimaru|atk|2
|move|p2a: Comfey|Tera Blast|p1a: Benimaru|[anim] Tera Blast Ground
|-supereffective|p1a: Benimaru
|-damage|p1a: Benimaru|0 fnt
|faint|p1a: Benimaru
|-damage|p2a: Comfey|81/100|[from] item: Life Orb
|
|upkeep
|
|t:|1743901483
|switch|p1a: JEFFERY|Decidueye-Hisui, M, shiny|100/100
|turn|10
|inactive|hamza1k has 120 seconds left.
|
|t:|1743901529
|move|p2a: Comfey|Draining Kiss|p1a: JEFFERY
|-supereffective|p1a: JEFFERY
|-damage|p1a: JEFFERY|49/100
|-heal|p2a: Comfey|100/100|[from] drain|[of] p1a: JEFFERY
|-damage|p2a: Comfey|91/100|[from] item: Life Orb
|move|p1a: JEFFERY|Leaf Blade|p2a: Comfey
|-supereffective|p2a: Comfey
|-crit|p2a: Comfey
|-damage|p2a: Comfey|0 fnt
|faint|p2a: Comfey
|
|upkeep
|
|t:|1743901543
|switch|p2a: Greninja|Greninja, F, shiny|100/100
|turn|11
|inactive|hamza1k has 90 seconds left.
|
|t:|1743901570
|switch|p2a: Gastrodon|Gastrodon, F|100/100
|switch|p1a: Space Cadet|Magnezone, shiny|100/100
|
|upkeep
|turn|12
|inactive|hamza1k has 90 seconds left.
|c|☆hamza1k|HA
|
|t:|1743901590
|switch|p1a: JEFFERY|Decidueye-Hisui, M, shiny|49/100
|move|p2a: Gastrodon|Stealth Rock|p1a: JEFFERY
|-sidestart|p1: 1WunnaGunna|move: Stealth Rock
|
|upkeep
|turn|13
|inactive|hamza1k has 90 seconds left.
|
|t:|1743901607
|switch|p2a: Iron Moth|Iron Moth|58/100
|move|p1a: JEFFERY|U-turn|p2a: Iron Moth
|-resisted|p2a: Iron Moth
|-damage|p2a: Iron Moth|50/100
|c|☆1WunnaGunna|nice predict
|inactive|1WunnaGunna has 120 seconds left.
|
|t:|1743901631
|switch|p1a: Velgrynd|Noivern, F, shiny|65/100|[from] U-turn
|
|upkeep
|turn|14
|inactive|hamza1k has 90 seconds left.
|
|t:|1743901660
|move|p1a: Velgrynd|Draco Meteor|p2a: Iron Moth
|-damage|p2a: Iron Moth|2/100
|-unboost|p1a: Velgrynd|spa|2
|move|p2a: Iron Moth|Substitute|p2a: Iron Moth
|-fail|p2a: Iron Moth|move: Substitute|[weak]
|
|upkeep
|turn|15
|inactive|1WunnaGunna has 120 seconds left.
|inactive|hamza1k has 60 seconds left.
|
|t:|1743901685
|move|p1a: Velgrynd|Defog|p2a: Iron Moth
|-unboost|p2a: Iron Moth|evasion|1
|-sideend|p1: 1WunnaGunna|Stealth Rock|[from] move: Defog|[of] p1a: Velgrynd
|move|p2a: Iron Moth|Sludge Wave|p1a: Velgrynd
|-damage|p1a: Velgrynd|14/100
|
|upkeep
|turn|16
|inactive|1WunnaGunna has 120 seconds left.
|inactive|hamza1k has 60 seconds left.
|inactive|hamza1k has 30 seconds left.
|inactive|hamza1k has 20 seconds left.
|inactive|hamza1k has 15 seconds left.
|inactive|hamza1k has 10 seconds left.
|
|t:|1743901747
|move|p1a: Velgrynd|Roost|p1a: Velgrynd
|-heal|p1a: Velgrynd|64/100
|-singleturn|p1a: Velgrynd|move: Roost
|move|p2a: Iron Moth|Fiery Dance|p1a: Velgrynd
|-resisted|p1a: Velgrynd
|-damage|p1a: Velgrynd|40/100
|
|upkeep
|turn|17
|inactive|hamza1k has 20 seconds left this turn.
|inactive|hamza1k has 15 seconds left.
|
|t:|1743901753
|move|p1a: Velgrynd|Roost|p1a: Velgrynd
|-heal|p1a: Velgrynd|90/100
|-singleturn|p1a: Velgrynd|move: Roost
|move|p2a: Iron Moth|Sludge Wave|p1a: Velgrynd
|-damage|p1a: Velgrynd|36/100
|
|upkeep
|turn|18
|inactive|hamza1k has 25 seconds left this turn.
|
|t:|1743901757
|move|p1a: Velgrynd|Roost|p1a: Velgrynd
|-heal|p1a: Velgrynd|86/100
|-singleturn|p1a: Velgrynd|move: Roost
|move|p2a: Iron Moth|Sludge Wave|p1a: Velgrynd
|-damage|p1a: Velgrynd|29/100
|
|upkeep
|turn|19
|
|t:|1743901765
|move|p1a: Velgrynd|Roost|p1a: Velgrynd
|-heal|p1a: Velgrynd|79/100
|-singleturn|p1a: Velgrynd|move: Roost
|move|p2a: Iron Moth|Fiery Dance|p1a: Velgrynd
|-resisted|p1a: Velgrynd
|-damage|p1a: Velgrynd|56/100
|
|upkeep
|turn|20
|
|t:|1743901770
|move|p1a: Velgrynd|Draco Meteor|p2a: Iron Moth
|-damage|p2a: Iron Moth|0 fnt
|-unboost|p1a: Velgrynd|spa|2
|faint|p2a: Iron Moth
|-end|p2a: Iron Moth|Quark Drive|[silent]
|
|upkeep
|inactive|hamza1k has 30 seconds left.
|
|t:|1743901797
|switch|p2a: Gengar|Gengar, F|100/100
|-item|p2a: Gengar|Air Balloon
|turn|21
|inactive|hamza1k has 30 seconds left.
|
|t:|1743901809
|switch|p1a: Veldanava|Hydreigon, M, tera:Steel|66/100
|move|p2a: Gengar|Nasty Plot|p2a: Gengar
|-boost|p2a: Gengar|spa|2
|
|upkeep
|turn|22
|inactive|hamza1k has 30 seconds left.
|
|t:|1743901818
|move|p2a: Gengar|Focus Blast|p1a: Veldanava
|-supereffective|p1a: Veldanava
|-damage|p1a: Veldanava|0 fnt
|faint|p1a: Veldanava
|
|upkeep
|
|t:|1743901829
|switch|p1a: Bugz|Iron Moth|100/100
|-enditem|p1a: Bugz|Booster Energy
|-activate|p1a: Bugz|ability: Quark Drive|[fromitem]
|-start|p1a: Bugz|quarkdrivespe
|turn|23
|inactive|hamza1k has 30 seconds left.
|
|t:|1743901850
|move|p1a: Bugz|Fiery Dance|p2a: Gengar
|-damage|p2a: Gengar|29/100
|-boost|p1a: Bugz|spa|1
|-enditem|p2a: Gengar|Air Balloon
|move|p2a: Gengar|Shadow Ball|p1a: Bugz
|-damage|p1a: Bugz|12/100
|
|upkeep
|turn|24
|inactive|hamza1k has 30 seconds left.
|inactive|hamza1k has 20 seconds left.
|inactive|hamza1k has 15 seconds left.
|inactive|hamza1k has 10 seconds left.
|
|t:|1743901879
|switch|p2a: Hariyama|Hariyama, M|100/100
|move|p1a: Bugz|Fiery Dance|p2a: Hariyama
|-damage|p2a: Hariyama|28/100
|
|-status|p2a: Hariyama|brn|[from] item: Flame Orb
|upkeep
|turn|25
|inactive|hamza1k has 20 seconds left this turn.
|inactive|hamza1k has 15 seconds left.
|c|☆hamza1k|woww
|inactive|hamza1k has 10 seconds left.
|
|t:|1743901894
|move|p2a: Hariyama|Bullet Punch|p1a: Bugz
|-resisted|p1a: Bugz
|-damage|p1a: Bugz|0 fnt
|faint|p1a: Bugz
|-end|p1a: Bugz|Quark Drive|[silent]
|
|-damage|p2a: Hariyama|22/100 brn|[from] brn
|upkeep
|inactive|hamza1k has 15 seconds left this turn.
|
|t:|1743901907
|switch|p1a: Velgrynd|Noivern, F, shiny|56/100
|-item|p2a: Hariyama|Flame Orb|[from] ability: Frisk|[of] p1a: Velgrynd
|turn|26
|inactive|hamza1k has 25 seconds left this turn.
|inactive|hamza1k has 20 seconds left.
|inactive|hamza1k has 15 seconds left.
|inactive|hamza1k has 10 seconds left.
|
|t:|1743901924
|move|p2a: Hariyama|Bullet Punch|p1a: Velgrynd
|-damage|p1a: Velgrynd|32/100
|move|p1a: Velgrynd|Hurricane|p2a: Hariyama|[miss]
|-miss|p1a: Velgrynd|p2a: Hariyama
|
|-damage|p2a: Hariyama|16/100 brn|[from] brn
|upkeep
|turn|27
|inactive|hamza1k has 20 seconds left this turn.
|inactive|hamza1k has 15 seconds left.
|
|t:|1743901933
|move|p1a: Velgrynd|Hurricane|p2a: Hariyama|[miss]
|-miss|p1a: Velgrynd|p2a: Hariyama
|move|p2a: Hariyama|Facade|p1a: Velgrynd
|-damage|p1a: Velgrynd|0 fnt
|faint|p1a: Velgrynd
|
|-damage|p2a: Hariyama|10/100 brn|[from] brn
|upkeep
|inactive|hamza1k has 20 seconds left this turn.
|
|t:|1743901950
|switch|p1a: JEFFERY|Decidueye-Hisui, M, shiny|49/100
|turn|28
|inactive|hamza1k has 30 seconds left this turn.
|inactive|hamza1k has 20 seconds left.
|inactive|hamza1k has 15 seconds left.
|
|t:|1743901974
|move|p2a: Hariyama|Bullet Punch|p1a: JEFFERY
|-damage|p1a: JEFFERY|24/100
|move|p1a: JEFFERY|U-turn|p2a: Hariyama
|-resisted|p2a: Hariyama
|-damage|p2a: Hariyama|0 fnt
|faint|p2a: Hariyama
|inactive|hamza1k has 20 seconds left this turn.
|
|t:|1743901977
|switch|p1a: Space Cadet|Magnezone, shiny|100/100|[from] U-turn
|
|upkeep
|inactive|hamza1k has 25 seconds left this turn.
|inactive|hamza1k has 20 seconds left.
|inactive|hamza1k has 15 seconds left.
|inactive|hamza1k has 10 seconds left.
|
|t:|1743901994
|switch|p2a: Gengar|Gengar, F|29/100
|turn|29
|inactive|hamza1k has 20 seconds left this turn.
|inactive|hamza1k has 15 seconds left.
|inactive|hamza1k has 10 seconds left.
|
|t:|1743902007
|move|p2a: Gengar|Focus Blast|p1a: Space Cadet
|-supereffective|p1a: Space Cadet
|-damage|p1a: Space Cadet|11/100
|-unboost|p1a: Space Cadet|spd|1
|move|p1a: Space Cadet|Flash Cannon|p2a: Gengar
|-damage|p2a: Gengar|0 fnt
|faint|p2a: Gengar
|
|upkeep
|inactive|hamza1k has 15 seconds left this turn.
|inactive|hamza1k has 10 seconds left.
|inactive|hamza1k has 5 seconds left.
|
|t:|1743902022
|switch|p2a: Gastrodon|Gastrodon, F|100/100
|turn|30
|inactive|hamza1k has 15 seconds left this turn.
|inactive|hamza1k has 10 seconds left.
|
|t:|1743902028
|move|p1a: Space Cadet|Flash Cannon|p2a: Gastrodon
|-resisted|p2a: Gastrodon
|-damage|p2a: Gastrodon|77/100
|move|p2a: Gastrodon|Earth Power|p1a: Space Cadet
|-supereffective|p1a: Space Cadet
|-damage|p1a: Space Cadet|0 fnt
|faint|p1a: Space Cadet
|
|upkeep
|inactive|hamza1k has 15 seconds left this turn.
|
|t:|1743902030
|switch|p1a: JEFFERY|Decidueye-Hisui, M, shiny|24/100
|turn|31
|inactive|hamza1k has 25 seconds left this turn.
|inactive|hamza1k has 20 seconds left.
|c|☆hamza1k|great match
|inactive|hamza1k has 15 seconds left.
|c|☆1WunnaGunna|fr
|
|t:|1743902043
|move|p1a: JEFFERY|Leaf Blade|p2a: Gastrodon
|-supereffective|p2a: Gastrodon
|-damage|p2a: Gastrodon|0 fnt
|faint|p2a: Gastrodon
|
|upkeep
|inactive|hamza1k has 20 seconds left this turn.
|
|t:|1743902045
|switch|p2a: Greninja|Greninja, F, shiny|100/100
|turn|32
|inactive|hamza1k has 30 seconds left this turn.
|c|☆1WunnaGunna|really close gg man u got me
|
|t:|1743902053
|move|p2a: Greninja|Ice Beam|p1a: JEFFERY
|-start|p2a: Greninja|typechange|Ice|[from] ability: Protean
|-supereffective|p1a: JEFFERY
|-damage|p1a: JEFFERY|0 fnt
|faint|p1a: JEFFERY
|-damage|p2a: Greninja|91/100|[from] item: Life Orb
|
|win|hamza1k
|raw|1WunnaGunna's rating: 1180 &rarr; <strong>1155</strong><br />(-25 for losing)
|raw|hamza1k's rating: 1182 &rarr; <strong>1207</strong><br />(+25 for winning)
|c|☆hamza1k|yessirrr
|c|☆hamza1k|gg bro
|c|☆1WunnaGunna|gg
|l|☆1WunnaGunna
|player|p1|
