|j|☆psychlops
|j|☆DawnRises
|t:|1743795196
|gametype|singles
|player|p1|psychlops|pilot|1384
|player|p2|DawnRises|lorelei-lgpe|1423
|teamsize|p1|6
|teamsize|p2|6
|gen|9
|tier|[Gen 9] OU
|rated|
|rule|HP Percentage Mod: HP is shown in percentages
|rule|Endless Battle Clause: Forcing endless battles is banned
|rule|Species Clause: Limit one of each Pokémon
|rule|OHKO Clause: OHKO moves are banned
|rule|Evasion Items Clause: Evasion items are banned
|rule|Evasion Moves Clause: Evasion moves are banned
|rule|Sleep Moves Clause: Sleep-inducing moves are banned
|clearpoke
|poke|p1|Araquanid, F|
|poke|p1|Iron Treads|
|poke|p1|Kingambit, M|
|poke|p1|Enamorus, F|
|poke|p1|Iron Valiant|
|poke|p1|Iron Moth|
|poke|p2|Iron Treads|
|poke|p2|Pecharunt|
|poke|p2|Tinkaton, F|
|poke|p2|Raging Bolt|
|poke|p2|Garganacl, M|
|poke|p2|Heatran, M|
|teampreview
|c|☆DawnRises|glhf
|c|☆psychlops|u2
|
|t:|1743795246
|start
|switch|p1a: Araquanid|Araquanid, F|100/100
|switch|p2a: Pecharunt|Pecharunt|100/100
|-item|p2a: Pecharunt|Air Balloon
|turn|1
|
|t:|1743795261
|move|p2a: Pecharunt|Malignant Chain|p1a: Araquanid
|-damage|p1a: Araquanid|75/100
|-status|p1a: Araquanid|tox
|-start|p1a: Araquanid|confusion|[from] ability: Poison Puppeteer|[of] p2a: Pecharunt
|-activate|p1a: Araquanid|confusion
|-damage|p1a: Araquanid|69/100 tox|[from] confusion
|
|-damage|p1a: Araquanid|63/100 tox|[from] psn
|upkeep
|turn|2
|
|t:|1743795272
|move|p2a: Pecharunt|Hex|p1a: Araquanid
|-damage|p1a: Araquanid|28/100 tox
|-activate|p1a: Araquanid|confusion
|move|p1a: Araquanid|Sticky Web|p2a: Pecharunt
|-sidestart|p2: DawnRises|move: Sticky Web
|
|-damage|p1a: Araquanid|16/100 tox|[from] psn
|upkeep
|turn|3
|
|t:|1743795341
|switch|p1a: Iron Treads|Iron Treads|100/100
|-enditem|p1a: Iron Treads|Booster Energy
|-activate|p1a: Iron Treads|ability: Quark Drive|[fromitem]
|-start|p1a: Iron Treads|quarkdrivespe
|move|p2a: Pecharunt|Hex|p1a: Iron Treads
|-damage|p1a: Iron Treads|71/100
|
|upkeep
|turn|4
|
|t:|1743795347
|move|p1a: Iron Treads|Stealth Rock|p2a: Pecharunt
|-sidestart|p2: DawnRises|move: Stealth Rock
|move|p2a: Pecharunt|Parting Shot|p1a: Iron Treads
|-unboost|p1a: Iron Treads|atk|1
|-unboost|p1a: Iron Treads|spa|1
|
|t:|1743795355
|switch|p2a: Iron Treads|Iron Treads|100/100|[from] Parting Shot
|-damage|p2a: Iron Treads|97/100|[from] Stealth Rock
|-item|p2a: Iron Treads|Air Balloon
|
|upkeep
|turn|5
|
|t:|1743795376
|-terastallize|p1a: Iron Treads|Ghost
|move|p1a: Iron Treads|Steel Beam|p2a: Iron Treads
|-resisted|p2a: Iron Treads
|-damage|p2a: Iron Treads|75/100
|-enditem|p2a: Iron Treads|Air Balloon
|-damage|p1a: Iron Treads|20/100|[from] steelbeam
|move|p2a: Iron Treads|Earthquake|p1a: Iron Treads
|-damage|p1a: Iron Treads|0 fnt
|faint|p1a: Iron Treads
|-end|p1a: Iron Treads|Quark Drive|[silent]
|
|upkeep
|
|t:|1743795387
|switch|p1a: Iron Moth|Iron Moth|100/100
|-enditem|p1a: Iron Moth|Booster Energy
|-activate|p1a: Iron Moth|ability: Quark Drive|[fromitem]
|-start|p1a: Iron Moth|quarkdrivespa
|turn|6
|
|t:|1743795446
|move|p1a: Iron Moth|Energy Ball|p2a: Iron Treads
|-damage|p2a: Iron Treads|19/100
|move|p2a: Iron Treads|Rapid Spin|p1a: Iron Moth
|-damage|p1a: Iron Moth|72/100
|-boost|p2a: Iron Treads|spe|1
|-sideend|p2: DawnRises|Stealth Rock|[from] move: Rapid Spin|[of] p2a: Iron Treads
|-sideend|p2: DawnRises|Sticky Web|[from] move: Rapid Spin|[of] p2a: Iron Treads
|
|upkeep
|turn|7
|c|☆DawnRises|baseball huh
|
|t:|1743795502
|-end|p1a: Iron Moth|Quark Drive|[silent]
|switch|p1a: Kingambit|Kingambit, M|100/100
|-activate|p1a: Kingambit|ability: Supreme Overlord
|-start|p1a: Kingambit|fallen1|[silent]
|-item|p1a: Kingambit|Air Balloon
|move|p2a: Iron Treads|Earthquake|p1a: Kingambit
|-immune|p1a: Kingambit
|
|upkeep
|turn|8
|
|t:|1743795507
|move|p1a: Kingambit|Sucker Punch||[still]
|-fail|p1a: Kingambit
|move|p2a: Iron Treads|Stealth Rock|p1a: Kingambit
|-sidestart|p1: psychlops|move: Stealth Rock
|
|upkeep
|turn|9
|
|t:|1743795511
|move|p2a: Iron Treads|Ice Spinner|p1a: Kingambit
|-resisted|p1a: Kingambit
|-damage|p1a: Kingambit|91/100
|-enditem|p1a: Kingambit|Air Balloon
|move|p1a: Kingambit|Kowtow Cleave|p2a: Iron Treads
|-damage|p2a: Iron Treads|0 fnt
|faint|p2a: Iron Treads
|-end|p2a: Iron Treads|Quark Drive|[silent]
|
|upkeep
|
|t:|1743795515
|switch|p2a: Heatran|Heatran, M|100/100
|-item|p2a: Heatran|Air Balloon
|turn|10
|
|t:|1743795542
|-end|p1a: Kingambit|fallen1|[silent]
|switch|p1a: Araquanid|Araquanid, F|16/100 tox
|-damage|p1a: Araquanid|0 fnt|[from] Stealth Rock
|faint|p1a: Araquanid
|move|p2a: Heatran|Magma Storm|p1: Araquanid|[notarget]
|-fail|p2a: Heatran
|
|upkeep
|
|t:|1743795545
|switch|p1a: Iron Valiant|Iron Valiant|100/100
|-damage|p1a: Iron Valiant|94/100|[from] Stealth Rock
|-enditem|p1a: Iron Valiant|Booster Energy
|-activate|p1a: Iron Valiant|ability: Quark Drive|[fromitem]
|-start|p1a: Iron Valiant|quarkdrivespa
|turn|11
|
|t:|1743795552
|-terastallize|p2a: Heatran|Ghost
|move|p1a: Iron Valiant|Vacuum Wave|p2a: Heatran
|-immune|p2a: Heatran
|move|p2a: Heatran|Magma Storm|p1a: Iron Valiant
|-damage|p1a: Iron Valiant|9/100
|-activate|p1a: Iron Valiant|move: Magma Storm|[of] p2a: Heatran
|
|-damage|p1a: Iron Valiant|0 fnt|[from] move: Magma Storm|[partiallytrapped]
|faint|p1a: Iron Valiant
|-end|p1a: Iron Valiant|Quark Drive|[silent]
|upkeep
|c|☆psychlops|wp
|-message|psychlops forfeited.
|
|win|DawnRises
|raw|psychlops's rating: 1384 &rarr; <strong>1366</strong><br />(-18 for losing)
|raw|DawnRises's rating: 1423 &rarr; <strong>1441</strong><br />(+18 for winning)
|l|☆psychlops
|player|p1|
|c|☆DawnRises|ggs
