|badge|p2|silver|gen9ou|30-5
|uhtml|medal-msg|<div class="broadcast-blue">Curious what those medals under the avatar are? PS now has Ladder Seasons! For more information, check out the <a href="https://www.smogon.com/forums/threads/3740067/">thread on Smogon.</a></div>
|j|☆Golisopod Enjoyer
|j|☆Sanesa8724
|t:|1743937886
|gametype|singles
|player|p1|Golisopod Enjoyer|2|1647
|player|p2|Sanesa8724|buck|1904
|teamsize|p1|6
|teamsize|p2|6
|gen|9
|tier|[Gen 9] OU
|rated|
|rule|HP Percentage Mod: HP is shown in percentages
|rule|Endless Battle Clause: Forcing endless battles is banned
|rule|Species Clause: Limit one of each Pokémon
|rule|OHKO Clause: OHKO moves are banned
|rule|Evasion Items Clause: Evasion items are banned
|rule|Evasion Moves Clause: Evasion moves are banned
|rule|Sleep Moves Clause: Sleep-inducing moves are banned
|clearpoke
|poke|p1|Iron Crown|
|poke|p1|Samurott-Hisui, F|
|poke|p1|Scizor, F|
|poke|p1|Great Tusk|
|poke|p1|Zapdos|
|poke|p1|Pecharunt|
|poke|p2|Orthworm, F|
|poke|p2|Clodsire, F|
|poke|p2|Pecharunt|
|poke|p2|Great Tusk|
|poke|p2|Slowking, M|
|poke|p2|Weavile, F|
|teampreview
|c|☆Sanesa8724|glhf
|
|t:|1743937944
|start
|switch|p1a: Samurott|Samurott-Hisui, F|100/100
|switch|p2a: Headache = Genius?|Slowking, M, shiny|100/100
|turn|1
|j| 444_shika
|j| sgt. unicorn
|
|t:|1743937951
|move|p1a: Samurott|Sucker Punch||[still]
|-fail|p1a: Samurott
|move|p2a: Headache = Genius?|Thunder Wave|p1a: Samurott
|-status|p1a: Samurott|par
|
|upkeep
|turn|2
|
|t:|1743937960
|switch|p2a: G.O.A.T.|Orthworm, F, shiny|100/100
|cant|p1a: Samurott|par
|
|upkeep
|turn|3
|
|t:|1743937963
|move|p2a: G.O.A.T.|Spikes|p1a: Samurott
|-sidestart|p1: Golisopod Enjoyer|Spikes
|move|p1a: Samurott|Knock Off|p2a: G.O.A.T.
|-damage|p2a: G.O.A.T.|80/100
|-damage|p1a: Samurott|84/100 par|[from] item: Rocky Helmet|[of] p2a: G.O.A.T.
|-enditem|p2a: G.O.A.T.|Rocky Helmet|[from] move: Knock Off|[of] p1a: Samurott
|
|upkeep
|turn|4
|
|t:|1743937966
|move|p2a: G.O.A.T.|Body Press|p1a: Samurott
|-supereffective|p1a: Samurott
|-damage|p1a: Samurott|14/100 par
|move|p1a: Samurott|Flip Turn|p2a: G.O.A.T.
|-damage|p2a: G.O.A.T.|67/100
|
|t:|1743937973
|switch|p1a: Zapdos|Zapdos|100/100|[from] Flip Turn
|-ability|p1a: Zapdos|Pressure
|
|upkeep
|turn|5
|l| 444_shika
|c|☆Sanesa8724|Is that ability on purpose?
|
|t:|1743937992
|switch|p2a: Headache = Genius?|Slowking, M, shiny|100/100
|move|p1a: Zapdos|Hurricane|p2a: Headache = Genius?
|-damage|p2a: Headache = Genius?|72/100
|
|upkeep
|turn|6
|
|t:|1743937998
|move|p1a: Zapdos|Discharge|p2a: Headache = Genius?
|-supereffective|p2a: Headache = Genius?
|-damage|p2a: Headache = Genius?|31/100
|-status|p2a: Headache = Genius?|par
|move|p2a: Headache = Genius?|Scald|p1a: Zapdos
|-damage|p1a: Zapdos|71/100
|
|upkeep
|turn|7
|c| sgt. unicorn|prob not
|c|☆Golisopod Enjoyer|Oh shoot
|c|☆Sanesa8724|lol
|c|☆Golisopod Enjoyer|Just added it to the team
|c| sgt. unicorn|happened to me
|c|☆Golisopod Enjoyer|Ty
|c| sgt. unicorn|a bunch of times
|c|☆Sanesa8724|np
|
|t:|1743938039
|switch|p2a: Metaking|Clodsire, F, shiny|100/100
|move|p1a: Zapdos|Volt Switch|p2a: Metaking
|-immune|p2a: Metaking
|
|upkeep
|turn|8
|
|t:|1743938046
|switch|p1a: Scizor|Scizor, F|100/100
|-damage|p1a: Scizor|88/100|[from] Spikes
|move|p2a: Metaking|Toxic|p1a: Scizor
|-immune|p1a: Scizor
|
|upkeep
|turn|9
|
|t:|1743938052
|switch|p2a: Pecha rating|Pecharunt|100/100
|move|p1a: Scizor|Knock Off|p2a: Pecha rating
|-supereffective|p2a: Pecha rating
|-damage|p2a: Pecha rating|53/100
|-enditem|p2a: Pecha rating|Heavy-Duty Boots|[from] move: Knock Off|[of] p1a: Scizor
|
|upkeep
|turn|10
|
|t:|1743938058
|move|p2a: Pecha rating|Recover|p2a: Pecha rating
|-heal|p2a: Pecha rating|100/100
|move|p1a: Scizor|Knock Off|p2a: Pecha rating
|-supereffective|p2a: Pecha rating
|-damage|p2a: Pecha rating|66/100
|
|upkeep
|turn|11
|
|t:|1743938061
|move|p2a: Pecha rating|Parting Shot|p1a: Scizor
|-unboost|p1a: Scizor|atk|1
|-unboost|p1a: Scizor|spa|1
|
|t:|1743938065
|switch|p2a: Fantastic Tusk|Great Tusk, shiny|100/100|[from] Parting Shot
|move|p1a: Scizor|Knock Off|p2a: Fantastic Tusk
|-resisted|p2a: Fantastic Tusk
|-damage|p2a: Fantastic Tusk|88/100
|-enditem|p2a: Fantastic Tusk|Heavy-Duty Boots|[from] move: Knock Off|[of] p1a: Scizor
|
|upkeep
|turn|12
|
|t:|1743938071
|switch|p1a: Great Tusk|Great Tusk|100/100
|move|p2a: Fantastic Tusk|Knock Off|p1a: Great Tusk
|-resisted|p1a: Great Tusk
|-damage|p1a: Great Tusk|89/100
|-enditem|p1a: Great Tusk|Heavy-Duty Boots|[from] move: Knock Off|[of] p2a: Fantastic Tusk
|
|upkeep
|turn|13
|
|t:|1743938090
|move|p1a: Great Tusk|Rapid Spin|p2a: Fantastic Tusk
|-damage|p2a: Fantastic Tusk|77/100
|-boost|p1a: Great Tusk|spe|1
|-sideend|p1: Golisopod Enjoyer|Spikes|[from] move: Rapid Spin|[of] p1a: Great Tusk
|move|p2a: Fantastic Tusk|Ice Spinner|p1a: Great Tusk
|-supereffective|p1a: Great Tusk
|-damage|p1a: Great Tusk|52/100
|
|upkeep
|turn|14
|
|t:|1743938111
|-end|p2a: Fantastic Tusk|Protosynthesis|[silent]
|switch|p2a: G.O.A.T.|Orthworm, F, shiny|67/100
|move|p1a: Great Tusk|Ice Spinner|p2a: G.O.A.T.
|-resisted|p2a: G.O.A.T.
|-damage|p2a: G.O.A.T.|60/100
|
|upkeep
|turn|15
|
|t:|1743938115
|move|p1a: Great Tusk|Stealth Rock|p2a: G.O.A.T.
|-sidestart|p2: Sanesa8724|move: Stealth Rock
|move|p2a: G.O.A.T.|Spikes|p1a: Great Tusk
|-sidestart|p1: Golisopod Enjoyer|Spikes
|
|upkeep
|turn|16
|
|t:|1743938119
|move|p1a: Great Tusk|Rapid Spin|p2a: G.O.A.T.
|-resisted|p2a: G.O.A.T.
|-damage|p2a: G.O.A.T.|56/100
|-boost|p1a: Great Tusk|spe|1
|-sideend|p1: Golisopod Enjoyer|Spikes|[from] move: Rapid Spin|[of] p1a: Great Tusk
|move|p2a: G.O.A.T.|Body Press|p1a: Great Tusk
|-damage|p1a: Great Tusk|30/100
|
|upkeep
|turn|17
|
|t:|1743938125
|-end|p1a: Great Tusk|Protosynthesis|[silent]
|switch|p1a: Pecharunt|Pecharunt|100/100
|move|p2a: G.O.A.T.|Spikes|p1a: Pecharunt
|-sidestart|p1: Golisopod Enjoyer|Spikes
|
|upkeep
|turn|18
|
|t:|1743938135
|move|p1a: Pecharunt|Shadow Ball|p2a: G.O.A.T.
|-damage|p2a: G.O.A.T.|15/100
|move|p2a: G.O.A.T.|Spikes|p1a: Pecharunt
|-sidestart|p1: Golisopod Enjoyer|Spikes
|
|upkeep
|turn|19
|
|t:|1743938139
|switch|p2a: Metaking|Clodsire, F, shiny|100/100
|-damage|p2a: Metaking|94/100|[from] Stealth Rock
|move|p1a: Pecharunt|Shadow Ball|p2a: Metaking
|-damage|p2a: Metaking|80/100
|
|-heal|p2a: Metaking|86/100|[from] item: Leftovers
|upkeep
|turn|20
|
|t:|1743938142
|move|p1a: Pecharunt|Parting Shot|p2a: Metaking
|-unboost|p2a: Metaking|atk|1
|-unboost|p2a: Metaking|spa|1
|
|t:|1743938148
|switch|p1a: Scizor|Scizor, F|88/100|[from] Parting Shot
|-damage|p1a: Scizor|72/100|[from] Spikes
|move|p2a: Metaking|Earthquake|p1a: Scizor
|-damage|p1a: Scizor|50/100
|
|-heal|p2a: Metaking|93/100|[from] item: Leftovers
|upkeep
|turn|21
|
|t:|1743938152
|switch|p2a: G.O.A.T.|Orthworm, F, shiny|15/100
|-damage|p2a: G.O.A.T.|9/100|[from] Stealth Rock
|move|p1a: Scizor|Knock Off|p2a: G.O.A.T.
|-damage|p2a: G.O.A.T.|0 fnt
|faint|p2a: G.O.A.T.
|
|upkeep
|
|t:|1743938169
|switch|p2a: Fantastic Tusk|Great Tusk, shiny|77/100
|-damage|p2a: Fantastic Tusk|74/100|[from] Stealth Rock
|turn|22
|
|t:|1743938181
|switch|p1a: Zapdos|Zapdos|71/100
|-ability|p1a: Zapdos|Pressure
|move|p2a: Fantastic Tusk|Ice Spinner|p1a: Zapdos
|-supereffective|p1a: Zapdos
|-damage|p1a: Zapdos|25/100
|
|upkeep
|turn|23
|
|t:|1743938199
|move|p2a: Fantastic Tusk|Ice Spinner|p1a: Zapdos
|-supereffective|p1a: Zapdos
|-damage|p1a: Zapdos|0 fnt
|faint|p1a: Zapdos
|
|upkeep
|
|t:|1743938204
|switch|p1a: Great Tusk|Great Tusk|30/100
|-damage|p1a: Great Tusk|13/100|[from] Spikes
|turn|24
|
|t:|1743938209
|move|p1a: Great Tusk|Rapid Spin|p2a: Fantastic Tusk
|-damage|p2a: Fantastic Tusk|62/100
|-boost|p1a: Great Tusk|spe|1
|-sideend|p1: Golisopod Enjoyer|Spikes|[from] move: Rapid Spin|[of] p1a: Great Tusk
|move|p2a: Fantastic Tusk|Ice Spinner|p1a: Great Tusk
|-supereffective|p1a: Great Tusk
|-damage|p1a: Great Tusk|0 fnt
|faint|p1a: Great Tusk
|-end|p1a: Great Tusk|Protosynthesis|[silent]
|
|upkeep
|
|t:|1743938218
|switch|p1a: Iron Crown|Iron Crown|100/100
|-enditem|p1a: Iron Crown|Booster Energy
|-activate|p1a: Iron Crown|ability: Quark Drive|[fromitem]
|-start|p1a: Iron Crown|quarkdrivespe
|turn|25
|l| sgt. unicorn
|
|t:|1743938229
|-end|p2a: Fantastic Tusk|Protosynthesis|[silent]
|switch|p2a: Headache = Genius?|Slowking, M, shiny|64/100 par
|move|p1a: Iron Crown|Psychic Noise|p2a: Headache = Genius?
|-resisted|p2a: Headache = Genius?
|-damage|p2a: Headache = Genius?|54/100 par
|-start|p2a: Headache = Genius?|move: Heal Block
|
|upkeep
|turn|26
|
|t:|1743938235
|move|p1a: Iron Crown|Calm Mind|p1a: Iron Crown
|-boost|p1a: Iron Crown|spa|1
|-boost|p1a: Iron Crown|spd|1
|move|p2a: Headache = Genius?|Thunder Wave|p1a: Iron Crown|[miss]
|-miss|p2a: Headache = Genius?|p1a: Iron Crown
|
|-end|p2a: Headache = Genius?|move: Heal Block
|upkeep
|turn|27
|
|t:|1743938242
|move|p1a: Iron Crown|Tachyon Cutter|p2a: Headache = Genius?
|-resisted|p2a: Headache = Genius?
|-damage|p2a: Headache = Genius?|43/100 par
|-resisted|p2a: Headache = Genius?
|-damage|p2a: Headache = Genius?|32/100 par
|-hitcount|p2a: Headache = Genius?|2
|move|p2a: Headache = Genius?|Thunder Wave|p1a: Iron Crown
|-status|p1a: Iron Crown|par
|
|upkeep
|turn|28
|
|t:|1743938249
|move|p1a: Iron Crown|Calm Mind|p1a: Iron Crown
|-boost|p1a: Iron Crown|spa|1
|-boost|p1a: Iron Crown|spd|1
|-prepare|p2a: Headache = Genius?|Chilly Reception|[premajor]
|cant|p2a: Headache = Genius?|par
|
|upkeep
|turn|29
|
|t:|1743938254
|cant|p1a: Iron Crown|par
|-prepare|p2a: Headache = Genius?|Chilly Reception|[premajor]
|move|p2a: Headache = Genius?|Chilly Reception|p2a: Headache = Genius?
|-weather|Snowscape
|
|t:|1743938282
|switch|p2a: Metaking|Clodsire, F, shiny|93/100|[from] Chilly Reception
|-damage|p2a: Metaking|86/100|[from] Stealth Rock
|
|-weather|Snowscape|[upkeep]
|-heal|p2a: Metaking|93/100|[from] item: Leftovers
|upkeep
|turn|30
|
|t:|1743938284
|move|p1a: Iron Crown|Psychic Noise|p2a: Metaking
|-supereffective|p2a: Metaking
|-damage|p2a: Metaking|52/100
|-start|p2a: Metaking|move: Heal Block
|move|p2a: Metaking|Earthquake|p1a: Iron Crown
|-supereffective|p1a: Iron Crown
|-damage|p1a: Iron Crown|46/100 par
|
|-weather|Snowscape|[upkeep]
|upkeep
|turn|31
|
|t:|1743938292
|cant|p1a: Iron Crown|par
|move|p2a: Metaking|Earthquake|p1a: Iron Crown
|-supereffective|p1a: Iron Crown
|-damage|p1a: Iron Crown|0 fnt
|faint|p1a: Iron Crown
|-end|p1a: Iron Crown|Quark Drive|[silent]
|
|-weather|Snowscape|[upkeep]
|-end|p2a: Metaking|move: Heal Block
|upkeep
|
|t:|1743938299
|switch|p1a: Samurott|Samurott-Hisui, F|14/100 par
|turn|32
|
|t:|1743938305
|switch|p2a: Headache = Genius?|Slowking, M, shiny|66/100 par
|cant|p1a: Samurott|par
|
|-weather|Snowscape|[upkeep]
|upkeep
|turn|33
|j| m0chaman_829
|
|t:|1743938308
|move|p1a: Samurott|Ceaseless Edge|p2a: Headache = Genius?
|-supereffective|p2a: Headache = Genius?
|-damage|p2a: Headache = Genius?|0 fnt
|-sidestart|p2: Sanesa8724|Spikes
|faint|p2a: Headache = Genius?
|
|-weather|none
|upkeep
|
|t:|1743938310
|switch|p2a: Fantastic Tusk|Great Tusk, shiny|62/100
|-damage|p2a: Fantastic Tusk|60/100|[from] Stealth Rock
|-damage|p2a: Fantastic Tusk|47/100|[from] Spikes
|turn|34
|
|t:|1743938315
|switch|p1a: Pecharunt|Pecharunt|100/100
|move|p2a: Fantastic Tusk|Knock Off|p1a: Pecharunt
|-supereffective|p1a: Pecharunt
|-damage|p1a: Pecharunt|56/100
|-enditem|p1a: Pecharunt|Heavy-Duty Boots|[from] move: Knock Off|[of] p2a: Fantastic Tusk
|
|upkeep
|turn|35
|
|t:|1743938324
|-terastallize|p1a: Pecharunt|Fairy
|move|p2a: Fantastic Tusk|Headlong Rush|p1a: Pecharunt
|-damage|p1a: Pecharunt|18/100
|-unboost|p2a: Fantastic Tusk|def|1
|-unboost|p2a: Fantastic Tusk|spd|1
|move|p1a: Pecharunt|Recover|p1a: Pecharunt
|-heal|p1a: Pecharunt|68/100
|
|upkeep
|turn|36
|
|t:|1743938333
|move|p2a: Fantastic Tusk|Rapid Spin|p1a: Pecharunt
|-damage|p1a: Pecharunt|57/100
|-boost|p2a: Fantastic Tusk|spe|1
|-sideend|p2: Sanesa8724|Spikes|[from] move: Rapid Spin|[of] p2a: Fantastic Tusk
|-sideend|p2: Sanesa8724|Stealth Rock|[from] move: Rapid Spin|[of] p2a: Fantastic Tusk
|move|p1a: Pecharunt|Malignant Chain|p2a: Fantastic Tusk
|-resisted|p2a: Fantastic Tusk
|-crit|p2a: Fantastic Tusk
|-damage|p2a: Fantastic Tusk|0 fnt
|faint|p2a: Fantastic Tusk
|-end|p2a: Fantastic Tusk|Protosynthesis|[silent]
|
|upkeep
|
|t:|1743938341
|switch|p2a: Pecha rating|Pecharunt|66/100
|turn|37
|
|t:|1743938346
|move|p2a: Pecha rating|Recover|p2a: Pecha rating
|-heal|p2a: Pecha rating|100/100
|move|p1a: Pecharunt|Parting Shot|p2a: Pecha rating
|-unboost|p2a: Pecha rating|atk|1
|-unboost|p2a: Pecha rating|spa|1
|
|t:|1743938349
|switch|p1a: Scizor|Scizor, F|50/100|[from] Parting Shot
|
|upkeep
|turn|38
|
|t:|1743938353
|move|p2a: Pecha rating|Hex|p1a: Scizor
|-damage|p1a: Scizor|32/100
|move|p1a: Scizor|Knock Off|p2a: Pecha rating
|-supereffective|p2a: Pecha rating
|-damage|p2a: Pecha rating|67/100
|
|upkeep
|turn|39
|
|t:|1743938357
|move|p2a: Pecha rating|Parting Shot|p1a: Scizor
|-unboost|p1a: Scizor|atk|1
|-unboost|p1a: Scizor|spa|1
|
|t:|1743938359
|switch|p2a: 72 9% my ass|Weavile, F, shiny|100/100|[from] Parting Shot
|-ability|p2a: 72 9% my ass|Pressure
|move|p1a: Scizor|Knock Off|p2a: 72 9% my ass
|-resisted|p2a: 72 9% my ass
|-damage|p2a: 72 9% my ass|67/100
|-enditem|p2a: 72 9% my ass|Heavy-Duty Boots|[from] move: Knock Off|[of] p1a: Scizor
|
|upkeep
|turn|40
|
|t:|1743938367
|switch|p1a: Samurott|Samurott-Hisui, F|14/100 par
|move|p2a: 72 9% my ass|Triple Axel|p1a: Samurott
|-resisted|p1a: Samurott
|-damage|p1a: Samurott|9/100 par
|-resisted|p1a: Samurott
|-damage|p1a: Samurott|0 fnt
|faint|p1a: Samurott
|-hitcount|p1: Samurott|2
|
|upkeep
|
|t:|1743938370
|switch|p1a: Scizor|Scizor, F|32/100
|turn|41
|
|t:|1743938375
|move|p1a: Scizor|Bullet Punch|p2a: 72 9% my ass
|-supereffective|p2a: 72 9% my ass
|-damage|p2a: 72 9% my ass|0 fnt
|faint|p2a: 72 9% my ass
|
|upkeep
|l| m0chaman_829
|
|t:|1743938386
|switch|p2a: Pecha rating|Pecharunt|67/100
|turn|42
|
|t:|1743938397
|move|p1a: Scizor|Bullet Punch|p2a: Pecha rating
|-crit|p2a: Pecha rating
|-damage|p2a: Pecha rating|31/100
|move|p2a: Pecha rating|Recover|p2a: Pecha rating
|-heal|p2a: Pecha rating|81/100
|
|upkeep
|turn|43
|
|t:|1743938405
|switch|p1a: Pecharunt|Pecharunt, tera:Fairy|57/100
|move|p2a: Pecha rating|Recover|p2a: Pecha rating
|-heal|p2a: Pecha rating|100/100
|
|upkeep
|turn|44
|
|t:|1743938411
|move|p2a: Pecha rating|Malignant Chain|p1a: Pecharunt
|-supereffective|p1a: Pecharunt
|-damage|p1a: Pecharunt|14/100
|move|p1a: Pecharunt|Shadow Ball|p2a: Pecha rating
|-supereffective|p2a: Pecha rating
|-damage|p2a: Pecha rating|46/100
|
|upkeep
|turn|45
|
|t:|1743938417
|move|p2a: Pecha rating|Malignant Chain|p1a: Pecharunt
|-supereffective|p1a: Pecharunt
|-crit|p1a: Pecharunt
|-damage|p1a: Pecharunt|0 fnt
|faint|p1a: Pecharunt
|
|upkeep
|
|t:|1743938418
|switch|p1a: Scizor|Scizor, F|32/100
|turn|46
|c|☆Sanesa8724|gg
|c|☆Sanesa8724|how fast is your pecharunt?
|
|t:|1743938427
|move|p1a: Scizor|Bullet Punch|p2a: Pecha rating
|-damage|p2a: Pecha rating|21/100
|move|p2a: Pecha rating|Recover|p2a: Pecha rating
|-heal|p2a: Pecha rating|71/100
|
|upkeep
|turn|47
|c|☆Golisopod Enjoyer|219
|c|☆Golisopod Enjoyer|Its spdf
|
|t:|1743938436
|move|p1a: Scizor|Bullet Punch|p2a: Pecha rating
|-damage|p2a: Pecha rating|47/100
|move|p2a: Pecha rating|Recover|p2a: Pecha rating
|-heal|p2a: Pecha rating|97/100
|
|upkeep
|turn|48
|j| m0chaman_829
|c|☆Sanesa8724|ok I'm always faster
|c|☆Golisopod Enjoyer|Gg
|c|☆Sanesa8724|gg
|
|t:|1743938445
|move|p1a: Scizor|Bullet Punch|p2a: Pecha rating
|-damage|p2a: Pecha rating|75/100
|move|p2a: Pecha rating|Hex|p1a: Scizor
|-damage|p1a: Scizor|4/100
|
|upkeep
|turn|49
|
|t:|1743938449
|move|p1a: Scizor|Bullet Punch|p2a: Pecha rating
|-damage|p2a: Pecha rating|49/100
|move|p2a: Pecha rating|Hex|p1a: Scizor
|-damage|p1a: Scizor|0 fnt
|faint|p1a: Scizor
|
|win|Sanesa8724
|raw|Golisopod Enjoyer's rating: 1647 &rarr; <strong>1640</strong><br />(-7 for losing)
|raw|Sanesa8724's rating: 1904 &rarr; <strong>1911</strong><br />(+7 for winning)
|l|☆Golisopod Enjoyer
|player|p1|
|l|☆Sanesa8724
|player|p2|
|l| m0chaman_829
