|j|☆suspotatolmao
|j|☆kamboody
|t:|1743840318
|gametype|singles
|player|p1|suspotatolmao|lillie-masters|1206
|player|p2|kamboody|red|1217
|teamsize|p1|6
|teamsize|p2|6
|gen|9
|tier|[Gen 9] OU
|rated|
|rule|HP Percentage Mod: HP is shown in percentages
|rule|Endless Battle Clause: Forcing endless battles is banned
|rule|Species Clause: Limit one of each Pokémon
|rule|OHKO Clause: OHKO moves are banned
|rule|Evasion Items Clause: Evasion items are banned
|rule|Evasion Moves Clause: Evasion moves are banned
|rule|Sleep Moves Clause: Sleep-inducing moves are banned
|clearpoke
|poke|p1|Ninetales-Alola, F|
|poke|p1|Araquanid, M|
|poke|p1|Meowscarada, F|
|poke|p1|Ceruledge, M|
|poke|p1|Iron Treads|
|poke|p1|Azumarill, F|
|poke|p2|Gliscor, M|
|poke|p2|Kyurem|
|poke|p2|Pecharunt|
|poke|p2|Iron Treads|
|poke|p2|Ninetales-Alola, M|
|poke|p2|Slowking-Galar, F|
|teampreview
|inactive|Battle timer is ON: inactive players will automatically lose when time's up. (requested by kamboody)
|inactive|suspotatolmao also wants the timer to be on.
|
|t:|1743840336
|start
|switch|p1a: Meowscarada|Meowscarada, F|100/100
|switch|p2a: Ninetales|Ninetales-Alola, M|100/100
|-weather|Snowscape|[from] ability: Snow Warning|[of] p2a: Ninetales
|turn|1
|
|t:|1743840347
|move|p1a: Meowscarada|U-turn|p2a: Ninetales
|-start|p1a: Meowscarada|typechange|Bug|[from] ability: Protean
|-resisted|p2a: Ninetales
|-damage|p2a: Ninetales|88/100
|
|t:|1743840349
|switch|p1a: Araquanid|Araquanid, M|100/100|[from] U-turn
|move|p2a: Ninetales|Aurora Veil|p2a: Ninetales
|-sidestart|p2: kamboody|move: Aurora Veil
|
|-weather|Snowscape|[upkeep]
|upkeep
|turn|2
|
|t:|1743840363
|switch|p2a: Iron Treads|Iron Treads|100/100
|-enditem|p2a: Iron Treads|Booster Energy
|-activate|p2a: Iron Treads|ability: Quark Drive|[fromitem]
|-start|p2a: Iron Treads|quarkdriveatk
|move|p1a: Araquanid|Sticky Web|p2a: Iron Treads
|-sidestart|p2: kamboody|move: Sticky Web
|
|-weather|Snowscape|[upkeep]
|upkeep
|turn|3
|
|t:|1743840371
|move|p2a: Iron Treads|Rapid Spin|p1a: Araquanid
|-damage|p1a: Araquanid|77/100
|-boost|p2a: Iron Treads|spe|1
|-sideend|p2: kamboody|Sticky Web|[from] move: Rapid Spin|[of] p2a: Iron Treads
|move|p1a: Araquanid|Surf|p2a: Iron Treads
|-supereffective|p2a: Iron Treads
|-damage|p2a: Iron Treads|24/100
|
|-weather|Snowscape|[upkeep]
|upkeep
|turn|4
|
|t:|1743840390
|-end|p2a: Iron Treads|Quark Drive|[silent]
|switch|p2a: Kyurem|Kyurem|100/100
|-ability|p2a: Kyurem|Pressure
|move|p1a: Araquanid|Surf|p2a: Kyurem
|-resisted|p2a: Kyurem
|-damage|p2a: Kyurem|87/100
|
|-weather|Snowscape|[upkeep]
|upkeep
|turn|5
|
|t:|1743840394
|move|p2a: Kyurem|Draco Meteor|p1a: Araquanid
|-damage|p1a: Araquanid|17/100
|-unboost|p2a: Kyurem|spa|2
|move|p1a: Araquanid|Sticky Web|p2a: Kyurem
|-sidestart|p2: kamboody|move: Sticky Web
|
|-weather|none
|upkeep
|turn|6
|-enditem|p1a: Araquanid|Custap Berry|[eat]
|-activate|p1a: Araquanid|item: Custap Berry|[consumed]
|
|t:|1743840398
|move|p1a: Araquanid|Endeavor|p2a: Kyurem
|-damage|p2a: Kyurem|15/100
|move|p2a: Kyurem|Dragon Dance|p2a: Kyurem
|-boost|p2a: Kyurem|atk|1
|-boost|p2a: Kyurem|spe|1
|
|upkeep
|turn|7
|
|t:|1743840405
|move|p2a: Kyurem|Icicle Spear|p1a: Araquanid
|-resisted|p1a: Araquanid
|-damage|p1a: Araquanid|9/100
|-resisted|p1a: Araquanid
|-damage|p1a: Araquanid|0 fnt
|faint|p1a: Araquanid
|-hitcount|p1: Araquanid|2
|
|upkeep
|
|t:|1743840420
|switch|p1a: Ninetales|Ninetales-Alola, F|100/100
|-weather|Snowscape|[from] ability: Snow Warning|[of] p1a: Ninetales
|turn|8
|
|t:|1743840426
|move|p2a: Kyurem|Blizzard|p1a: Ninetales
|-resisted|p1a: Ninetales
|-damage|p1a: Ninetales|82/100
|move|p1a: Ninetales|Aurora Veil|p1a: Ninetales
|-sidestart|p1: suspotatolmao|move: Aurora Veil
|
|-weather|Snowscape|[upkeep]
|-sideend|p2: kamboody|move: Aurora Veil
|upkeep
|turn|9
|
|t:|1743840430
|move|p2a: Kyurem|Icicle Spear|p1a: Ninetales
|-resisted|p1a: Ninetales
|-damage|p1a: Ninetales|78/100
|-resisted|p1a: Ninetales
|-damage|p1a: Ninetales|74/100
|-resisted|p1a: Ninetales
|-damage|p1a: Ninetales|69/100
|-resisted|p1a: Ninetales
|-damage|p1a: Ninetales|66/100
|-hitcount|p1a: Ninetales|4
|move|p1a: Ninetales|Nasty Plot|p1a: Ninetales
|-boost|p1a: Ninetales|spa|2
|
|-weather|Snowscape|[upkeep]
|upkeep
|turn|10
|
|t:|1743840436
|move|p2a: Kyurem|Icicle Spear|p1a: Ninetales
|-resisted|p1a: Ninetales
|-damage|p1a: Ninetales|61/100
|-resisted|p1a: Ninetales
|-damage|p1a: Ninetales|58/100
|-resisted|p1a: Ninetales
|-damage|p1a: Ninetales|53/100
|-resisted|p1a: Ninetales
|-damage|p1a: Ninetales|49/100
|-resisted|p1a: Ninetales
|-damage|p1a: Ninetales|45/100
|-hitcount|p1a: Ninetales|5
|move|p1a: Ninetales|Freeze-Dry|p2a: Kyurem
|-damage|p2a: Kyurem|0 fnt
|faint|p2a: Kyurem
|
|-weather|Snowscape|[upkeep]
|upkeep
|
|t:|1743840442
|switch|p2a: Slowking|Slowking-Galar, F|100/100
|turn|11
|
|t:|1743840448
|move|p1a: Ninetales|Freeze-Dry|p2a: Slowking
|-damage|p2a: Slowking|68/100
|move|p2a: Slowking|Sludge Bomb|p1a: Ninetales
|-supereffective|p1a: Ninetales
|-damage|p1a: Ninetales|7/100
|
|-weather|Snowscape|[upkeep]
|upkeep
|turn|12
|
|t:|1743840455
|move|p1a: Ninetales|Freeze-Dry|p2a: Slowking
|-damage|p2a: Slowking|33/100
|move|p2a: Slowking|Sludge Bomb|p1a: Ninetales
|-supereffective|p1a: Ninetales
|-damage|p1a: Ninetales|0 fnt
|faint|p1a: Ninetales
|
|-weather|none
|upkeep
|
|t:|1743840463
|switch|p1a: Azumarill|Azumarill, F|100/100
|turn|13
|
|t:|1743840473
|-terastallize|p1a: Azumarill|Steel
|move|p1a: Azumarill|Belly Drum|p1a: Azumarill
|-damage|p1a: Azumarill|50/100
|-setboost|p1a: Azumarill|atk|6|[from] move: Belly Drum
|-enditem|p1a: Azumarill|Sitrus Berry|[eat]
|-heal|p1a: Azumarill|75/100|[from] item: Sitrus Berry
|-prepare|p2a: Slowking|Chilly Reception|[premajor]
|move|p2a: Slowking|Chilly Reception|p2a: Slowking
|-weather|Snowscape
|
|t:|1743840481
|switch|p2a: Iron Treads|Iron Treads|24/100|[from] Chilly Reception
|-activate|p2a: Iron Treads|move: Sticky Web
|-unboost|p2a: Iron Treads|spe|1
|
|-weather|Snowscape|[upkeep]
|upkeep
|turn|14
|
|t:|1743840487
|move|p1a: Azumarill|Aqua Jet|p2a: Iron Treads
|-supereffective|p2a: Iron Treads
|-damage|p2a: Iron Treads|0 fnt
|faint|p2a: Iron Treads
|-end|p2a: Iron Treads|Quark Drive|[silent]
|
|-weather|Snowscape|[upkeep]
|upkeep
|
|t:|1743840490
|switch|p2a: Pecharunt|Pecharunt|100/100
|-activate|p2a: Pecharunt|move: Sticky Web
|-unboost|p2a: Pecharunt|spe|1
|turn|15
|
|t:|1743840492
|move|p2a: Pecharunt|Destiny Bond|p2a: Pecharunt
|-singlemove|p2a: Pecharunt|Destiny Bond
|move|p1a: Azumarill|Knock Off|p2a: Pecharunt
|-supereffective|p2a: Pecharunt
|-damage|p2a: Pecharunt|0 fnt
|-enditem|p2a: Pecharunt|Choice Scarf|[from] move: Knock Off|[of] p1a: Azumarill
|faint|p2a: Pecharunt
|-activate|p2a: Pecharunt|move: Destiny Bond
|faint|p1a: Azumarill
|
|-weather|Snowscape|[upkeep]
|-sideend|p1: suspotatolmao|move: Aurora Veil
|upkeep
|
|t:|1743840503
|switch|p2a: Gliscor|Gliscor, M|100/100
|switch|p1a: Meowscarada|Meowscarada, F|100/100
|turn|16
|
|t:|1743840506
|move|p1a: Meowscarada|Triple Axel|p2a: Gliscor
|-start|p1a: Meowscarada|typechange|Ice|[from] ability: Protean
|-supereffective|p2a: Gliscor
|-damage|p2a: Gliscor|59/100
|-supereffective|p2a: Gliscor
|-damage|p2a: Gliscor|0 fnt
|faint|p2a: Gliscor
|-hitcount|p2: Gliscor|2
|
|-weather|Snowscape|[upkeep]
|upkeep
|
|t:|1743840508
|switch|p2a: Ninetales|Ninetales-Alola, M|88/100
|-activate|p2a: Ninetales|move: Sticky Web
|-unboost|p2a: Ninetales|spe|1
|turn|17
|
|t:|1743840514
|move|p1a: Meowscarada|U-turn|p2a: Ninetales
|-resisted|p2a: Ninetales
|-damage|p2a: Ninetales|79/100
|
|t:|1743840516
|switch|p1a: Ceruledge|Ceruledge, M|100/100|[from] U-turn
|move|p2a: Ninetales|Encore||[still]
|-fail|p2a: Ninetales
|
|-weather|none
|upkeep
|turn|18
|
|t:|1743840522
|move|p1a: Ceruledge|Bitter Blade|p2a: Ninetales
|-supereffective|p2a: Ninetales
|-damage|p2a: Ninetales|0 fnt
|faint|p2a: Ninetales
|
|upkeep
|
|t:|1743840524
|switch|p2a: Slowking|Slowking-Galar, F|67/100
|turn|19
|
|t:|1743840525
|move|p1a: Ceruledge|Poltergeist|p2a: Slowking
|-activate|p2a: Slowking|move: Poltergeist|Heavy-Duty Boots
|-supereffective|p2a: Slowking
|-crit|p2a: Slowking
|-damage|p2a: Slowking|0 fnt
|faint|p2a: Slowking
|
|win|suspotatolmao
|raw|suspotatolmao's rating: 1206 &rarr; <strong>1232</strong><br />(+26 for winning)
|raw|kamboody's rating: 1217 &rarr; <strong>1191</strong><br />(-26 for losing)
|l|☆kamboody
|player|p2|
|l|☆suspotatolmao
|player|p1|
