|j|☆HYTT_tt迷人侠
|j|☆saltyspacenuts
|t:|1743907780
|gametype|singles
|player|p1|HYTT_tt迷人侠|argenta|1100
|player|p2|saltyspacenuts|pokekid|1045
|teamsize|p1|6
|teamsize|p2|6
|gen|9
|tier|[Gen 9] OU
|rated|
|rule|HP Percentage Mod: HP is shown in percentages
|rule|Endless Battle Clause: Forcing endless battles is banned
|rule|Species Clause: Limit one of each Pokémon
|rule|OHKO Clause: OHKO moves are banned
|rule|Evasion Items Clause: Evasion items are banned
|rule|Evasion Moves Clause: Evasion moves are banned
|rule|Sleep Moves Clause: Sleep-inducing moves are banned
|clearpoke
|poke|p1|Torkoal, M|
|poke|p1|Alomomola, M|
|poke|p1|Walking Wake|
|poke|p1|Great Tusk|
|poke|p1|Rillaboom, M|
|poke|p1|Iron Valiant|
|poke|p2|Charizard, F|
|poke|p2|Perrserker, F|
|poke|p2|Toedscruel, M|
|poke|p2|Jolteon, F|
|poke|p2|Furret, M|
|poke|p2|Malamar, F|
|teampreview
|
|t:|1743907791
|start
|switch|p1a: Rillaboom|Rillaboom, M|100/100
|switch|p2a: Charizard|Charizard, F|100/100
|-fieldstart|move: Grassy Terrain|[from] ability: Grassy Surge|[of] p1a: Rillaboom
|turn|1
|l|☆HYTT_tt迷人侠
|player|p1|
|j|☆HYTT_tt迷人侠
|player|p1|HYTT_tt迷人侠|argenta|
|
|t:|1743907808
|switch|p1a: Iron Valiant|Iron Valiant|100/100
|-enditem|p1a: Iron Valiant|Booster Energy
|-activate|p1a: Iron Valiant|ability: Quark Drive|[fromitem]
|-start|p1a: Iron Valiant|quarkdrivespe
|move|p2a: Charizard|Substitute|p2a: Charizard
|-start|p2a: Charizard|Substitute
|-damage|p2a: Charizard|76/100
|
|upkeep
|turn|2
|
|t:|1743907828
|move|p1a: Iron Valiant|Encore|p2a: Charizard
|-start|p2a: Charizard|Encore
|move|p2a: Charizard|Substitute|p2a: Charizard
|-fail|p2a: Charizard|move: Substitute
|
|upkeep
|turn|3
|
|t:|1743907843
|switch|p2a: Furret|Furret, M|100/100
|move|p1a: Iron Valiant|Moonblast|p2a: Furret
|-crit|p2a: Furret
|-damage|p2a: Furret|0 fnt
|faint|p2a: Furret
|
|upkeep
|
|t:|1743907853
|switch|p2a: Perrserker|Perrserker, F|100/100
|turn|4
|
|t:|1743907860
|move|p1a: Iron Valiant|Reversal|p2a: Perrserker
|-supereffective|p2a: Perrserker
|-damage|p2a: Perrserker|81/100
|move|p2a: Perrserker|Gyro Ball|p1a: Iron Valiant
|-supereffective|p1a: Iron Valiant
|-damage|p1a: Iron Valiant|0 fnt
|faint|p1a: Iron Valiant
|-end|p1a: Iron Valiant|Quark Drive|[silent]
|
|-heal|p2a: Perrserker|87/100|[from] Grassy Terrain
|upkeep
|
|t:|1743907868
|switch|p1a: Torkoal|Torkoal, M|100/100
|-weather|SunnyDay|[from] ability: Drought|[of] p1a: Torkoal
|turn|5
|
|t:|1743907881
|switch|p2a: Charizard|Charizard, F|76/100
|move|p1a: Torkoal|Stealth Rock|p2a: Charizard
|-sidestart|p2: saltyspacenuts|move: Stealth Rock
|
|-weather|SunnyDay|[upkeep]
|-fieldend|move: Grassy Terrain
|upkeep
|turn|6
|
|t:|1743907890
|switch|p1a: Walking Wake|Walking Wake|100/100
|-activate|p1a: Walking Wake|ability: Protosynthesis
|-start|p1a: Walking Wake|protosynthesisspe
|move|p2a: Charizard|Substitute|p2a: Charizard
|-start|p2a: Charizard|Substitute
|-damage|p2a: Charizard|51/100
|
|-weather|SunnyDay|[upkeep]
|upkeep
|turn|7
|
|t:|1743907901
|move|p1a: Walking Wake|Hydro Steam|p2a: Charizard
|-supereffective|p2a: Charizard
|-end|p2a: Charizard|Substitute
|move|p2a: Charizard|Belly Drum|p2a: Charizard
|-damage|p2a: Charizard|1/100
|-setboost|p2a: Charizard|atk|6|[from] move: Belly Drum
|-enditem|p2a: Charizard|Salac Berry|[eat]
|-boost|p2a: Charizard|spe|1|[from] item: Salac Berry
|
|-weather|SunnyDay|[upkeep]
|upkeep
|turn|8
|
|t:|1743907911
|move|p1a: Walking Wake|Hydro Steam|p2a: Charizard
|-supereffective|p2a: Charizard
|-damage|p2a: Charizard|0 fnt
|faint|p2a: Charizard
|
|-weather|SunnyDay|[upkeep]
|upkeep
|
|t:|1743907926
|switch|p2a: Malamar|Malamar, F|100/100
|-damage|p2a: Malamar|88/100|[from] Stealth Rock
|turn|9
|
|t:|1743907931
|move|p1a: Walking Wake|Hydro Steam|p2a: Malamar
|-damage|p2a: Malamar|12/100
|move|p2a: Malamar|Disable|p1a: Walking Wake
|-start|p1a: Walking Wake|Disable|Hydro Steam
|
|-weather|SunnyDay|[upkeep]
|upkeep
|turn|10
|
|t:|1743907940
|-end|p1a: Walking Wake|Protosynthesis|[silent]
|switch|p1a: Rillaboom|Rillaboom, M|100/100
|-fieldstart|move: Grassy Terrain|[from] ability: Grassy Surge|[of] p1a: Rillaboom
|move|p2a: Malamar|Rest|p2a: Malamar
|-status|p2a: Malamar|slp|[from] move: Rest
|-heal|p2a: Malamar|100/100 slp|[silent]
|-enditem|p2a: Malamar|Chesto Berry|[eat]
|-curestatus|p2a: Malamar|slp|[msg]
|
|-weather|SunnyDay|[upkeep]
|upkeep
|turn|11
|
|t:|1743907955
|-terastallize|p2a: Malamar|Steel
|move|p1a: Rillaboom|U-turn|p2a: Malamar
|-resisted|p2a: Malamar
|-damage|p2a: Malamar|88/100
|
|t:|1743907959
|switch|p1a: Great Tusk|Great Tusk|100/100|[from] U-turn
|-activate|p1a: Great Tusk|ability: Protosynthesis
|-start|p1a: Great Tusk|protosynthesisatk
|move|p2a: Malamar|Superpower|p1a: Great Tusk
|-damage|p1a: Great Tusk|80/100
|-boost|p2a: Malamar|atk|1
|-boost|p2a: Malamar|def|1
|
|-weather|SunnyDay|[upkeep]
|-heal|p1a: Great Tusk|86/100|[from] Grassy Terrain
|-heal|p2a: Malamar|94/100|[from] Grassy Terrain
|upkeep
|turn|12
|
|t:|1743907975
|-terastallize|p1a: Great Tusk|Ghost
|move|p1a: Great Tusk|Close Combat|p2a: Malamar
|-supereffective|p2a: Malamar
|-damage|p2a: Malamar|0 fnt
|-unboost|p1a: Great Tusk|def|1
|-unboost|p1a: Great Tusk|spd|1
|faint|p2a: Malamar
|
|-weather|none
|-end|p1a: Great Tusk|Protosynthesis
|-heal|p1a: Great Tusk|93/100|[from] Grassy Terrain
|upkeep
|
|t:|1743907986
|switch|p2a: Jolteon|Jolteon, F|100/100
|-damage|p2a: Jolteon|88/100|[from] Stealth Rock
|turn|13
|
|t:|1743907992
|-end|p1a: Great Tusk|Protosynthesis|[silent]
|switch|p1a: Torkoal|Torkoal, M|100/100
|-weather|SunnyDay|[from] ability: Drought|[of] p1a: Torkoal
|move|p2a: Jolteon|Volt Switch|p1a: Torkoal
|-damage|p1a: Torkoal|62/100
|-damage|p2a: Jolteon|78/100|[from] item: Life Orb
|
|t:|1743908001
|switch|p2a: Toedscruel|Toedscruel, M|100/100|[from] Volt Switch
|
|-weather|SunnyDay|[upkeep]
|-heal|p1a: Torkoal|68/100|[from] Grassy Terrain
|upkeep
|turn|14
|
|t:|1743908013
|switch|p1a: Walking Wake|Walking Wake|100/100
|-activate|p1a: Walking Wake|ability: Protosynthesis
|-start|p1a: Walking Wake|protosynthesisspe
|move|p2a: Toedscruel|Earth Power|p1a: Walking Wake
|-damage|p1a: Walking Wake|71/100
|
|-weather|SunnyDay|[upkeep]
|-heal|p1a: Walking Wake|77/100|[from] Grassy Terrain
|-fieldend|move: Grassy Terrain
|upkeep
|turn|15
|
|t:|1743908026
|move|p1a: Walking Wake|Draco Meteor|p2a: Toedscruel
|-damage|p2a: Toedscruel|20/100
|-unboost|p1a: Walking Wake|spa|2
|move|p2a: Toedscruel|Rapid Spin|p1a: Walking Wake
|-damage|p1a: Walking Wake|69/100
|-boost|p2a: Toedscruel|spe|1
|-sideend|p2: saltyspacenuts|Stealth Rock|[from] move: Rapid Spin|[of] p2a: Toedscruel
|
|-weather|SunnyDay|[upkeep]
|upkeep
|turn|16
|
|t:|1743908041
|move|p1a: Walking Wake|Draco Meteor|p2a: Toedscruel
|-damage|p2a: Toedscruel|0 fnt
|-unboost|p1a: Walking Wake|spa|2
|faint|p2a: Toedscruel
|
|-weather|SunnyDay|[upkeep]
|upkeep
|
|t:|1743908047
|switch|p2a: Perrserker|Perrserker, F|87/100
|turn|17
|
|t:|1743908053
|-end|p1a: Walking Wake|Protosynthesis|[silent]
|switch|p1a: Torkoal|Torkoal, M|68/100
|move|p2a: Perrserker|Stealth Rock|p1a: Torkoal
|-sidestart|p1: HYTT_tt迷人侠|move: Stealth Rock
|
|-weather|SunnyDay|[upkeep]
|upkeep
|turn|18
|
|t:|1743908059
|move|p1a: Torkoal|Flamethrower|p2a: Perrserker
|-supereffective|p2a: Perrserker
|-damage|p2a: Perrserker|0 fnt
|faint|p2a: Perrserker
|
|-weather|SunnyDay|[upkeep]
|upkeep
|
|t:|1743908064
|switch|p2a: Jolteon|Jolteon, F|78/100
|turn|19
|
|t:|1743908069
|move|p2a: Jolteon|Thunderbolt|p1a: Torkoal
|-damage|p1a: Torkoal|14/100
|-damage|p2a: Jolteon|68/100|[from] item: Life Orb
|move|p1a: Torkoal|Flamethrower|p2a: Jolteon
|-damage|p2a: Jolteon|13/100
|
|-weather|SunnyDay|[upkeep]
|upkeep
|turn|20
|
|t:|1743908077
|move|p2a: Jolteon|Thunderbolt|p1a: Torkoal
|-damage|p1a: Torkoal|0 fnt
|faint|p1a: Torkoal
|-damage|p2a: Jolteon|3/100|[from] item: Life Orb
|
|-weather|none
|upkeep
|-message|saltyspacenuts forfeited.
|
|win|HYTT_tt迷人侠
|raw|HYTT_tt迷人侠's rating: 1100 &rarr; <strong>1121</strong><br />(+21 for winning)
|raw|saltyspacenuts's rating: 1045 &rarr; <strong>1031</strong><br />(-14 for losing)
|l|☆saltyspacenuts
|player|p2|
