|j|☆lelecocastro
|j|☆yrbxndz
|t:|1743935195
|gametype|singles
|player|p1|lelecocastro|red|1116
|player|p2|yrbxndz|veteran|1119
|teamsize|p1|6
|teamsize|p2|6
|gen|9
|tier|[Gen 9] OU
|rated|
|rule|HP Percentage Mod: HP is shown in percentages
|rule|Endless Battle Clause: Forcing endless battles is banned
|rule|Species Clause: Limit one of each Pokémon
|rule|OHKO Clause: OHKO moves are banned
|rule|Evasion Items Clause: Evasion items are banned
|rule|Evasion Moves Clause: Evasion moves are banned
|rule|Sleep Moves Clause: Sleep-inducing moves are banned
|clearpoke
|poke|p1|Samurott-Hisui, F|
|poke|p1|Lucario, M|
|poke|p1|Corviknight, F|
|poke|p1|Armarouge, M|
|poke|p1|Kingambit, F|
|poke|p1|Kommo-o, M|
|poke|p2|Azumarill, F|
|poke|p2|Galvantula, M|
|poke|p2|Clodsire, M|
|poke|p2|Blaziken, M|
|poke|p2|Scizor, M|
|poke|p2|Maushold|
|teampreview
|
|t:|1743935209
|start
|switch|p1a: Samurott|Samurott-Hisui, F|100/100
|switch|p2a: Galvantula|Galvantula, M, shiny|100/100
|turn|1
|
|t:|1743935222
|-terastallize|p1a: Samurott|Ground
|move|p2a: Galvantula|Volt Switch|p1a: Samurott
|-immune|p1a: Samurott
|move|p1a: Samurott|Ceaseless Edge|p2a: Galvantula|[miss]
|-miss|p1a: Samurott|p2a: Galvantula
|
|upkeep
|turn|2
|
|t:|1743935236
|switch|p2a: Azumarill|Azumarill, F|100/100
|move|p1a: Samurott|Ceaseless Edge|p2a: Azumarill|[miss]
|-miss|p1a: Samurott|p2a: Azumarill
|
|upkeep
|turn|3
|
|t:|1743935243
|switch|p1a: Lucario|Lucario, M|100/100
|move|p2a: Azumarill|Belly Drum|p2a: Azumarill
|-damage|p2a: Azumarill|51/100
|-setboost|p2a: Azumarill|atk|6|[from] move: Belly Drum
|
|upkeep
|turn|4
|
|t:|1743935251
|move|p2a: Azumarill|Aqua Jet|p1a: Lucario
|-damage|p1a: Lucario|0 fnt
|faint|p1a: Lucario
|
|upkeep
|
|t:|1743935258
|switch|p1a: Corviknight|Corviknight, F, shiny|100/100
|turn|5
|
|t:|1743935269
|move|p2a: Azumarill|Aqua Jet|p1a: Corviknight
|-damage|p1a: Corviknight|43/100
|-damage|p2a: Azumarill|34/100|[from] item: Rocky Helmet|[of] p1a: Corviknight
|-enditem|p2a: Azumarill|Sitrus Berry|[eat]
|-heal|p2a: Azumarill|59/100|[from] item: Sitrus Berry
|move|p1a: Corviknight|Brave Bird|p2a: Azumarill
|-damage|p2a: Azumarill|20/100
|-damage|p1a: Corviknight|30/100|[from] Recoil
|
|upkeep
|turn|6
|
|t:|1743935279
|move|p2a: Azumarill|Aqua Jet|p1a: Corviknight
|-damage|p1a: Corviknight|0 fnt
|-damage|p2a: Azumarill|3/100|[from] item: Rocky Helmet|[of] p1a: Corviknight
|faint|p1a: Corviknight
|
|upkeep
|
|t:|1743935283
|switch|p1a: Samurott|Samurott-Hisui, F, tera:Ground|100/100
|turn|7
|
|t:|1743935286
|move|p1a: Samurott|Aqua Jet|p2a: Azumarill
|-resisted|p2a: Azumarill
|-damage|p2a: Azumarill|0 fnt
|faint|p2a: Azumarill
|-damage|p1a: Samurott|91/100|[from] item: Life Orb
|
|upkeep
|
|t:|1743935297
|switch|p2a: Scizor|Scizor, M, shiny|100/100
|turn|8
|
|t:|1743935301
|move|p1a: Samurott|Ceaseless Edge|p2a: Scizor|[miss]
|-miss|p1a: Samurott|p2a: Scizor
|move|p2a: Scizor|Trailblaze|p1a: Samurott
|-supereffective|p1a: Samurott
|-damage|p1a: Samurott|15/100
|-boost|p2a: Scizor|spe|1
|
|upkeep
|turn|9
|
|t:|1743935316
|move|p2a: Scizor|Bullet Punch|p1a: Samurott
|-damage|p1a: Samurott|0 fnt
|faint|p1a: Samurott
|
|upkeep
|
|t:|1743935318
|switch|p1a: Armarouge|Armarouge, M|100/100
|turn|10
|
|t:|1743935336
|switch|p2a: Blaziken|Blaziken, M|100/100
|move|p1a: Armarouge|Fire Blast|p2a: Blaziken|[miss]
|-miss|p1a: Armarouge|p2a: Blaziken
|
|upkeep
|turn|11
|
|t:|1743935349
|-terastallize|p2a: Blaziken|Electric
|move|p2a: Blaziken|Thunder Punch|p1a: Armarouge
|-damage|p1a: Armarouge|53/100
|-damage|p2a: Blaziken|91/100|[from] item: Life Orb
|move|p1a: Armarouge|Psychic|p2a: Blaziken
|-damage|p2a: Blaziken|13/100
|
|-ability|p2a: Blaziken|Speed Boost|boost
|-boost|p2a: Blaziken|spe|1
|upkeep
|turn|12
|
|t:|1743935365
|switch|p1a: Kommo-o|Kommo-o, M, shiny|100/100
|move|p2a: Blaziken|Thunder Punch|p1a: Kommo-o
|-resisted|p1a: Kommo-o
|-damage|p1a: Kommo-o|76/100
|-damage|p2a: Blaziken|3/100|[from] item: Life Orb
|
|-ability|p2a: Blaziken|Speed Boost|boost
|-boost|p2a: Blaziken|spe|1
|upkeep
|turn|13
|
|t:|1743935374
|move|p2a: Blaziken|Close Combat|p1a: Kommo-o
|-damage|p1a: Kommo-o|5/100
|-unboost|p2a: Blaziken|def|1
|-unboost|p2a: Blaziken|spd|1
|-damage|p2a: Blaziken|0 fnt|[from] item: Life Orb
|faint|p2a: Blaziken
|move|p1a: Kommo-o|Clangorous Soul||[still]
|-fail|p1a: Kommo-o
|
|upkeep
|
|t:|1743935384
|switch|p2a: Scizor|Scizor, M, shiny|100/100
|turn|14
|
|t:|1743935387
|move|p2a: Scizor|Bullet Punch|p1a: Kommo-o
|-damage|p1a: Kommo-o|0 fnt
|faint|p1a: Kommo-o
|
|upkeep
|
|t:|1743935389
|switch|p1a: Armarouge|Armarouge, M|53/100
|turn|15
|
|t:|1743935404
|switch|p2a: Clodsire|Clodsire, M, shiny|100/100
|move|p1a: Armarouge|Fire Blast|p2a: Clodsire
|-damage|p2a: Clodsire|70/100
|
|upkeep
|turn|16
|
|t:|1743935412
|move|p1a: Armarouge|Psychic|p2a: Clodsire
|-supereffective|p2a: Clodsire
|-damage|p2a: Clodsire|17/100
|move|p2a: Clodsire|Earthquake|p1a: Armarouge
|-supereffective|p1a: Armarouge
|-damage|p1a: Armarouge|0 fnt
|faint|p1a: Armarouge
|
|upkeep
|
|t:|1743935414
|switch|p1a: Kingambit|Kingambit, F|100/100
|-activate|p1a: Kingambit|ability: Supreme Overlord
|-start|p1a: Kingambit|fallen5|[silent]
|turn|17
|
|t:|1743935422
|move|p1a: Kingambit|Swords Dance|p1a: Kingambit
|-boost|p1a: Kingambit|atk|2
|move|p2a: Clodsire|Recover|p2a: Clodsire
|-heal|p2a: Clodsire|67/100
|
|upkeep
|turn|18
|
|t:|1743935430
|move|p1a: Kingambit|Sucker Punch|p2a: Clodsire
|-damage|p2a: Clodsire|0 fnt
|faint|p2a: Clodsire
|
|upkeep
|
|t:|1743935436
|switch|p2a: Scizor|Scizor, M, shiny|100/100
|turn|19
|
|t:|1743935440
|move|p2a: Scizor|Swords Dance|p2a: Scizor
|-boost|p2a: Scizor|atk|2
|move|p1a: Kingambit|Low Kick|p2a: Scizor
|-damage|p2a: Scizor|0 fnt
|faint|p2a: Scizor
|
|upkeep
|
|t:|1743935447
|switch|p2a: Maushold|Maushold|100/100
|turn|20
|
|t:|1743935450
|move|p2a: Maushold|Play Rough|p1a: Kingambit
|-damage|p1a: Kingambit|84/100
|move|p1a: Kingambit|Low Kick|p2a: Maushold
|-supereffective|p2a: Maushold
|-damage|p2a: Maushold|30/100
|
|upkeep
|turn|21
|
|t:|1743935460
|move|p1a: Kingambit|Sucker Punch|p2a: Maushold
|-damage|p2a: Maushold|0 fnt
|faint|p2a: Maushold
|
|upkeep
|
|t:|1743935464
|switch|p2a: Galvantula|Galvantula, M, shiny|100/100
|turn|22
|
|t:|1743935474
|move|p1a: Kingambit|Sucker Punch|p2a: Galvantula
|-enditem|p2a: Galvantula|Focus Sash
|-damage|p2a: Galvantula|1/100
|move|p2a: Galvantula|Bug Buzz|p1a: Kingambit
|-damage|p1a: Kingambit|47/100
|
|upkeep
|turn|23
|
|t:|1743935490
|move|p1a: Kingambit|Sucker Punch||[still]
|-fail|p1a: Kingambit
|move|p2a: Galvantula|Thunder Wave|p1a: Kingambit
|-status|p1a: Kingambit|par
|
|upkeep
|turn|24
|
|t:|1743935500
|cant|p1a: Kingambit|par
|move|p2a: Galvantula|Bug Buzz|p1a: Kingambit
|-damage|p1a: Kingambit|9/100 par
|
|upkeep
|turn|25
|c|☆yrbxndz|if u win gg
|
|t:|1743935522
|cant|p1a: Kingambit|par
|move|p2a: Galvantula|Bug Buzz|p1a: Kingambit
|-damage|p1a: Kingambit|0 fnt
|faint|p1a: Kingambit
|-end|p1a: Kingambit|fallen5|[silent]
|
|win|yrbxndz
|raw|lelecocastro's rating: 1116 &rarr; <strong>1091</strong><br />(-25 for losing)
|raw|yrbxndz's rating: 1119 &rarr; <strong>1144</strong><br />(+25 for winning)
|l|☆lelecocastro
|player|p1|
|c|☆yrbxndz|gg
