|j|☆hei_mao666
|j|☆eriomirg
|t:|1743830318
|gametype|singles
|player|p1|hei_mao666|hilbert|1134
|player|p2|eriomirg|palmer|1146
|teamsize|p1|6
|teamsize|p2|6
|gen|9
|tier|[Gen 9] OU
|rated|
|rule|HP Percentage Mod: HP is shown in percentages
|rule|Endless Battle Clause: Forcing endless battles is banned
|rule|Species Clause: Limit one of each Pokémon
|rule|OHKO Clause: OHKO moves are banned
|rule|Evasion Items Clause: Evasion items are banned
|rule|Evasion Moves Clause: Evasion moves are banned
|rule|Sleep Moves Clause: Sleep-inducing moves are banned
|clearpoke
|poke|p1|Gholdengo|
|poke|p1|Raging Bolt|
|poke|p1|Dragapult, M|
|poke|p1|Blaziken, M|
|poke|p1|Alomomola, M|
|poke|p1|Rillaboom, F|
|poke|p2|Blaziken, F|
|poke|p2|Cobalion|
|poke|p2|Decidueye-Hisui, M|
|poke|p2|Pawmot, F|
|poke|p2|Hawlucha, F|
|poke|p2|Toxicroak, M|
|teampreview
|
|t:|1743830334
|start
|switch|p1a: Dragapult|Dragapult, M|100/100
|switch|p2a: Cobalion|Cobalion|100/100
|turn|1
|
|t:|1743830346
|switch|p1a: Blaziken|Blaziken, M|100/100
|move|p2a: Cobalion|Taunt|p1a: Blaziken
|-start|p1a: Blaziken|move: Taunt
|
|upkeep
|turn|2
|
|t:|1743830355
|move|p2a: Cobalion|Thunder Wave|p1a: Blaziken
|-status|p1a: Blaziken|par
|move|p1a: Blaziken|Flare Blitz|p2a: Cobalion
|-supereffective|p2a: Cobalion
|-damage|p2a: Cobalion|0 fnt
|faint|p2a: Cobalion
|-damage|p1a: Blaziken|58/100 par|[from] Recoil
|-damage|p1a: Blaziken|49/100 par|[from] item: Life Orb
|
|-ability|p1a: Blaziken|Speed Boost|boost
|-boost|p1a: Blaziken|spe|1
|upkeep
|
|t:|1743830372
|switch|p2a: Hawlucha|Hawlucha, F|100/100
|turn|3
|
|t:|1743830375
|move|p2a: Hawlucha|Swords Dance|p2a: Hawlucha
|-boost|p2a: Hawlucha|atk|2
|move|p1a: Blaziken|Flare Blitz|p2a: Hawlucha
|-damage|p2a: Hawlucha|0 fnt
|faint|p2a: Hawlucha
|-damage|p1a: Blaziken|16/100 par|[from] Recoil
|-damage|p1a: Blaziken|6/100 par|[from] item: Life Orb
|
|-end|p1a: Blaziken|move: Taunt
|-ability|p1a: Blaziken|Speed Boost|boost
|-boost|p1a: Blaziken|spe|1
|upkeep
|
|t:|1743830389
|switch|p2a: Toxicroak|Toxicroak, M|100/100
|turn|4
|
|t:|1743830393
|move|p2a: Toxicroak|Bullet Punch|p1a: Blaziken
|-resisted|p1a: Blaziken
|-damage|p1a: Blaziken|0 fnt
|faint|p1a: Blaziken
|
|upkeep
|
|t:|1743830399
|switch|p1a: Dragapult|Dragapult, M|100/100
|turn|5
|
|t:|1743830411
|-terastallize|p1a: Dragapult|Dragon
|move|p1a: Dragapult|Dragon Darts|p2a: Toxicroak
|-crit|p2a: Toxicroak
|-damage|p2a: Toxicroak|0 fnt
|faint|p2a: Toxicroak
|
|upkeep
|
|t:|1743830420
|switch|p2a: Pawmot|Pawmot, F, shiny|100/100
|turn|6
|inactive|Battle timer is ON: inactive players will automatically lose when time's up. (requested by hei_mao666)
|
|t:|1743830426
|move|p1a: Dragapult|Dragon Darts|p2a: Pawmot
|-damage|p2a: Pawmot|40/100
|-anim|p1a: Dragapult|Dragon Darts|p2a: Pawmot
|-damage|p2a: Pawmot|0 fnt
|faint|p2a: Pawmot
|
|upkeep
|
|t:|1743830432
|switch|p2a: Decidueye|Decidueye-Hisui, M|100/100
|turn|7
|
|t:|1743830453
|move|p1a: Dragapult|Dragon Darts|p2a: Decidueye
|-damage|p2a: Decidueye|46/100
|-anim|p1a: Dragapult|Dragon Darts|p2a: Decidueye
|-damage|p2a: Decidueye|0 fnt
|faint|p2a: Decidueye
|
|upkeep
|
|t:|1743830459
|switch|p2a: Blaziken|Blaziken, F, shiny|100/100
|turn|8
|
|t:|1743830464
|move|p1a: Dragapult|Dragon Darts|p2a: Blaziken
|-damage|p2a: Blaziken|20/100
|-anim|p1a: Dragapult|Dragon Darts|p2a: Blaziken
|-damage|p2a: Blaziken|0 fnt
|faint|p2a: Blaziken
|
|win|hei_mao666
|raw|hei_mao666's rating: 1134 &rarr; <strong>1160</strong><br />(+26 for winning)
|raw|eriomirg's rating: 1146 &rarr; <strong>1120</strong><br />(-26 for losing)
|l|☆hei_mao666
|player|p1|
|l|☆eriomirg
|player|p2|
