|j|☆riflessodikikijiki
|j|☆UTF4N
|t:|1743841570
|gametype|singles
|player|p1|riflessodikikijiki|2|1186
|player|p2|UTF4N|palmer|1260
|teamsize|p1|6
|teamsize|p2|6
|gen|9
|tier|[Gen 9] OU
|rated|
|rule|HP Percentage Mod: HP is shown in percentages
|rule|Endless Battle Clause: Forcing endless battles is banned
|rule|Species Clause: Limit one of each Pokémon
|rule|OHKO Clause: OHKO moves are banned
|rule|Evasion Items Clause: Evasion items are banned
|rule|Evasion Moves Clause: Evasion moves are banned
|rule|Sleep Moves Clause: Sleep-inducing moves are banned
|clearpoke
|poke|p1|Torkoal, F|
|poke|p1|Great Tusk|
|poke|p1|Slither Wing|
|poke|p1|Venusaur, F|
|poke|p1|Walking Wake|
|poke|p1|Heatran, M|
|poke|p2|Cyclizar, F|
|poke|p2|Volcanion|
|poke|p2|Chesnaught, F|
|poke|p2|Fezandipiti, M|
|poke|p2|Azelf|
|poke|p2|Quagsire, F|
|teampreview
|
|t:|1743841578
|start
|switch|p1a: Torkoal|Torkoal, F|100/100
|switch|p2a: Cyclizar|Cyclizar, F|100/100
|-weather|SunnyDay|[from] ability: Drought|[of] p1a: Torkoal
|turn|1
|inactive|Battle timer is ON: inactive players will automatically lose when time's up. (requested by riflessodikikijiki)
|
|t:|1743841587
|switch|p1a: Heatran|Heatran, M|100/100
|-item|p1a: Heatran|Air Balloon
|move|p2a: Cyclizar|Knock Off|p1a: Heatran
|-damage|p1a: Heatran|78/100
|-enditem|p1a: Heatran|Air Balloon
|
|-weather|SunnyDay|[upkeep]
|upkeep
|turn|2
|
|t:|1743841598
|move|p2a: Cyclizar|U-turn|p1a: Heatran
|-resisted|p1a: Heatran
|-damage|p1a: Heatran|75/100
|
|t:|1743841601
|switch|p2a: Volcanion|Volcanion|100/100|[from] U-turn
|move|p1a: Heatran|Magma Storm|p2a: Volcanion
|-resisted|p2a: Volcanion
|-damage|p2a: Volcanion|83/100
|-activate|p2a: Volcanion|move: Magma Storm|[of] p1a: Heatran
|
|-weather|SunnyDay|[upkeep]
|-heal|p2a: Volcanion|89/100|[from] item: Leftovers
|-damage|p2a: Volcanion|77/100|[from] move: Magma Storm|[partiallytrapped]
|upkeep
|turn|3
|
|t:|1743841616
|move|p1a: Heatran|Earth Power|p2a: Volcanion
|-supereffective|p2a: Volcanion
|-damage|p2a: Volcanion|14/100
|move|p2a: Volcanion|Earth Power|p1a: Heatran
|-supereffective|p1a: Heatran
|-damage|p1a: Heatran|0 fnt
|faint|p1a: Heatran
|
|-weather|SunnyDay|[upkeep]
|-heal|p2a: Volcanion|20/100|[from] item: Leftovers
|-end|p2a: Volcanion|Magma Storm|[partiallytrapped]|[silent]
|upkeep
|
|t:|1743841628
|switch|p1a: Walking Wake|Walking Wake|100/100
|-activate|p1a: Walking Wake|ability: Protosynthesis
|-start|p1a: Walking Wake|protosynthesisspe
|turn|4
|
|t:|1743841635
|move|p1a: Walking Wake|Draco Meteor|p2a: Volcanion
|-damage|p2a: Volcanion|0 fnt
|-unboost|p1a: Walking Wake|spa|2
|faint|p2a: Volcanion
|
|-weather|SunnyDay|[upkeep]
|upkeep
|
|t:|1743841649
|switch|p2a: Azelf|Azelf|100/100
|turn|5
|
|t:|1743841662
|move|p1a: Walking Wake|Draco Meteor|p2a: Azelf
|-damage|p2a: Azelf|35/100
|-unboost|p1a: Walking Wake|spa|2
|move|p2a: Azelf|Stealth Rock|p1a: Walking Wake
|-sidestart|p1: riflessodikikijiki|move: Stealth Rock
|
|-weather|SunnyDay|[upkeep]
|upkeep
|turn|6
|
|t:|1743841672
|move|p1a: Walking Wake|Draco Meteor|p2a: Azelf
|-damage|p2a: Azelf|0 fnt
|-unboost|p1a: Walking Wake|spa|2
|faint|p2a: Azelf
|
|-weather|SunnyDay|[upkeep]
|upkeep
|
|t:|1743841678
|switch|p2a: Chesnaught|Chesnaught, F|100/100
|turn|7
|
|t:|1743841691
|-end|p1a: Walking Wake|Protosynthesis|[silent]
|switch|p1a: Great Tusk|Great Tusk|100/100
|-damage|p1a: Great Tusk|98/100|[from] Stealth Rock
|-activate|p1a: Great Tusk|ability: Protosynthesis
|-start|p1a: Great Tusk|protosynthesisspe
|move|p2a: Chesnaught|Iron Defense|p2a: Chesnaught
|-boost|p2a: Chesnaught|def|2
|
|-weather|SunnyDay|[upkeep]
|upkeep
|turn|8
|inactive|riflessodikikijiki has 120 seconds left.
|
|t:|1743841721
|-end|p1a: Great Tusk|Protosynthesis|[silent]
|switch|p1a: Walking Wake|Walking Wake|100/100
|-damage|p1a: Walking Wake|88/100|[from] Stealth Rock
|-activate|p1a: Walking Wake|ability: Protosynthesis
|-start|p1a: Walking Wake|protosynthesisspe
|move|p2a: Chesnaught|Spiky Shield||[still]
|-fail|p2a: Chesnaught
|
|-weather|none
|-end|p1a: Walking Wake|Protosynthesis
|upkeep
|turn|9
|inactive|riflessodikikijiki has 120 seconds left.
|
|t:|1743841733
|-terastallize|p2a: Chesnaught|Water
|move|p1a: Walking Wake|Flamethrower|p2a: Chesnaught
|-resisted|p2a: Chesnaught
|-damage|p2a: Chesnaught|83/100
|move|p2a: Chesnaught|Leech Seed|p1a: Walking Wake
|-start|p1a: Walking Wake|move: Leech Seed
|
|-heal|p2a: Chesnaught|89/100|[from] item: Leftovers
|-damage|p1a: Walking Wake|76/100|[from] Leech Seed|[of] p2a: Chesnaught
|-heal|p2a: Chesnaught|99/100|[silent]
|upkeep
|turn|10
|inactive|riflessodikikijiki has 120 seconds left.
|
|t:|1743841745
|-end|p1a: Walking Wake|Protosynthesis|[silent]
|switch|p1a: Torkoal|Torkoal, F|100/100
|-damage|p1a: Torkoal|76/100|[from] Stealth Rock
|-weather|SunnyDay|[from] ability: Drought|[of] p1a: Torkoal
|move|p2a: Chesnaught|Iron Defense|p2a: Chesnaught
|-boost|p2a: Chesnaught|def|2
|
|-weather|SunnyDay|[upkeep]
|-heal|p2a: Chesnaught|100/100|[from] item: Leftovers
|upkeep
|turn|11
|inactive|riflessodikikijiki has 120 seconds left.
|
|t:|1743841763
|switch|p1a: Venusaur|Venusaur, F|100/100
|-damage|p1a: Venusaur|88/100|[from] Stealth Rock
|move|p2a: Chesnaught|Body Press|p1a: Venusaur
|-resisted|p1a: Venusaur
|-damage|p1a: Venusaur|19/100
|
|-weather|SunnyDay|[upkeep]
|upkeep
|turn|12
|inactive|riflessodikikijiki has 120 seconds left.
|
|t:|1743841775
|move|p1a: Venusaur|Giga Drain|p2a: Chesnaught
|-supereffective|p2a: Chesnaught
|-damage|p2a: Chesnaught|33/100
|-heal|p1a: Venusaur|62/100|[from] drain|[of] p2a: Chesnaught
|-damage|p1a: Venusaur|52/100|[from] item: Life Orb
|move|p2a: Chesnaught|Body Press|p1a: Venusaur
|-resisted|p1a: Venusaur
|-damage|p1a: Venusaur|0 fnt
|faint|p1a: Venusaur
|
|-weather|SunnyDay|[upkeep]
|-heal|p2a: Chesnaught|39/100|[from] item: Leftovers
|upkeep
|
|t:|1743841789
|switch|p1a: Walking Wake|Walking Wake|76/100
|-damage|p1a: Walking Wake|64/100|[from] Stealth Rock
|-activate|p1a: Walking Wake|ability: Protosynthesis
|-start|p1a: Walking Wake|protosynthesisspe
|turn|13
|
|t:|1743841800
|-terastallize|p1a: Walking Wake|Water
|move|p2a: Chesnaught|Spiky Shield|p2a: Chesnaught
|-singleturn|p2a: Chesnaught|move: Protect
|move|p1a: Walking Wake|Hydro Steam|p2a: Chesnaught
|-activate|p2a: Chesnaught|move: Protect
|
|-weather|SunnyDay|[upkeep]
|-heal|p2a: Chesnaught|45/100|[from] item: Leftovers
|upkeep
|turn|14
|
|t:|1743841811
|move|p1a: Walking Wake|Hydro Steam|p2a: Chesnaught
|-resisted|p2a: Chesnaught
|-damage|p2a: Chesnaught|0 fnt
|faint|p2a: Chesnaught
|
|-weather|SunnyDay|[upkeep]
|upkeep
|
|t:|1743841815
|switch|p2a: Quagsire|Quagsire, F|100/100
|turn|15
|inactive|riflessodikikijiki has 120 seconds left.
|
|t:|1743841828
|-end|p1a: Walking Wake|Protosynthesis|[silent]
|switch|p1a: Great Tusk|Great Tusk|98/100
|-damage|p1a: Great Tusk|95/100|[from] Stealth Rock
|-activate|p1a: Great Tusk|ability: Protosynthesis
|-start|p1a: Great Tusk|protosynthesisspe
|move|p2a: Quagsire|Toxic|p1a: Great Tusk
|-status|p1a: Great Tusk|tox
|
|-weather|SunnyDay|[upkeep]
|-damage|p1a: Great Tusk|88/100 tox|[from] psn
|upkeep
|turn|16
|inactive|riflessodikikijiki has 120 seconds left.
|
|t:|1743841842
|move|p2a: Quagsire|Protect|p2a: Quagsire
|-singleturn|p2a: Quagsire|Protect
|move|p1a: Great Tusk|Bulk Up|p1a: Great Tusk
|-boost|p1a: Great Tusk|atk|1
|-boost|p1a: Great Tusk|def|1
|
|-weather|SunnyDay|[upkeep]
|-damage|p1a: Great Tusk|76/100 tox|[from] psn
|upkeep
|turn|17
|inactive|riflessodikikijiki has 120 seconds left.
|
|t:|1743841852
|switch|p2a: Cyclizar|Cyclizar, F|100/100
|move|p1a: Great Tusk|Earthquake|p2a: Cyclizar
|-damage|p2a: Cyclizar|0 fnt
|faint|p2a: Cyclizar
|
|-weather|none
|-end|p1a: Great Tusk|Protosynthesis
|-damage|p1a: Great Tusk|57/100 tox|[from] psn
|upkeep
|
|t:|1743841858
|switch|p2a: Quagsire|Quagsire, F|100/100
|turn|18
|
|t:|1743841867
|move|p1a: Great Tusk|Bulk Up|p1a: Great Tusk
|-boost|p1a: Great Tusk|atk|1
|-boost|p1a: Great Tusk|def|1
|move|p2a: Quagsire|Earthquake|p1a: Great Tusk
|-damage|p1a: Great Tusk|39/100 tox
|
|-damage|p1a: Great Tusk|14/100 tox|[from] psn
|upkeep
|turn|19
|
|t:|1743841884
|-end|p1a: Great Tusk|Protosynthesis|[silent]
|switch|p1a: Walking Wake|Walking Wake, tera:Water|64/100
|-damage|p1a: Walking Wake|51/100|[from] Stealth Rock
|move|p2a: Quagsire|Protect||[still]
|-fail|p2a: Quagsire
|
|upkeep
|turn|20
|
|t:|1743841893
|switch|p2a: Fezandipiti|Fezandipiti, M|100/100
|move|p1a: Walking Wake|Draco Meteor|p2a: Fezandipiti
|-immune|p2a: Fezandipiti
|
|upkeep
|turn|21
|
|t:|1743841902
|-end|p1a: Walking Wake|Protosynthesis|[silent]
|switch|p1a: Torkoal|Torkoal, F|76/100
|-damage|p1a: Torkoal|51/100|[from] Stealth Rock
|-weather|SunnyDay|[from] ability: Drought|[of] p1a: Torkoal
|move|p2a: Fezandipiti|Play Rough|p1a: Torkoal
|-resisted|p1a: Torkoal
|-damage|p1a: Torkoal|36/100
|-status|p1a: Torkoal|tox|[from] ability: Toxic Chain|[of] p2a: Fezandipiti
|
|-weather|SunnyDay|[upkeep]
|-damage|p1a: Torkoal|30/100 tox|[from] psn
|upkeep
|turn|22
|
|t:|1743841926
|move|p2a: Fezandipiti|Play Rough|p1a: Torkoal
|-resisted|p1a: Torkoal
|-damage|p1a: Torkoal|16/100 tox
|move|p1a: Torkoal|Overheat|p2a: Fezandipiti
|-damage|p2a: Fezandipiti|29/100
|-unboost|p1a: Torkoal|spa|2
|
|-weather|SunnyDay|[upkeep]
|-damage|p1a: Torkoal|4/100 tox|[from] psn
|upkeep
|turn|23
|
|t:|1743841940
|move|p2a: Fezandipiti|Play Rough|p1a: Torkoal
|-resisted|p1a: Torkoal
|-damage|p1a: Torkoal|0 fnt
|faint|p1a: Torkoal
|
|-weather|SunnyDay|[upkeep]
|upkeep
|inactive|riflessodikikijiki has 120 seconds left.
|
|t:|1743841958
|switch|p1a: Slither Wing|Slither Wing|100/100
|-damage|p1a: Slither Wing|88/100|[from] Stealth Rock
|-activate|p1a: Slither Wing|ability: Protosynthesis
|-start|p1a: Slither Wing|protosynthesisatk
|turn|24
|inactive|riflessodikikijiki has 120 seconds left.
|
|t:|1743841965
|move|p1a: Slither Wing|First Impression|p2a: Fezandipiti
|-resisted|p2a: Fezandipiti
|-damage|p2a: Fezandipiti|8/100
|move|p2a: Fezandipiti|Play Rough|p1a: Slither Wing
|-supereffective|p1a: Slither Wing
|-damage|p1a: Slither Wing|1/100
|
|-weather|SunnyDay|[upkeep]
|upkeep
|turn|25
|inactive|riflessodikikijiki has 120 seconds left.
|
|t:|1743841979
|move|p2a: Fezandipiti|Play Rough|p1a: Slither Wing
|-supereffective|p1a: Slither Wing
|-damage|p1a: Slither Wing|0 fnt
|faint|p1a: Slither Wing
|-end|p1a: Slither Wing|Protosynthesis|[silent]
|
|-weather|SunnyDay|[upkeep]
|upkeep
|inactive|riflessodikikijiki has 120 seconds left.
|
|t:|1743841987
|switch|p1a: Great Tusk|Great Tusk|14/100 tox
|-damage|p1a: Great Tusk|11/100 tox|[from] Stealth Rock
|-activate|p1a: Great Tusk|ability: Protosynthesis
|-start|p1a: Great Tusk|protosynthesisspe
|turn|26
|
|t:|1743841995
|move|p2a: Fezandipiti|Play Rough|p1a: Great Tusk
|-supereffective|p1a: Great Tusk
|-damage|p1a: Great Tusk|0 fnt
|faint|p1a: Great Tusk
|-end|p1a: Great Tusk|Protosynthesis|[silent]
|
|-weather|SunnyDay|[upkeep]
|upkeep
|
|t:|1743842003
|switch|p1a: Walking Wake|Walking Wake, tera:Water|51/100
|-damage|p1a: Walking Wake|39/100|[from] Stealth Rock
|-activate|p1a: Walking Wake|ability: Protosynthesis
|-start|p1a: Walking Wake|protosynthesisspe
|turn|27
|
|t:|1743842011
|move|p1a: Walking Wake|Hydro Steam|p2a: Fezandipiti
|-damage|p2a: Fezandipiti|0 fnt
|faint|p2a: Fezandipiti
|
|-weather|SunnyDay|[upkeep]
|upkeep
|
|t:|1743842014
|switch|p2a: Quagsire|Quagsire, F|100/100
|turn|28
|
|t:|1743842020
|move|p2a: Quagsire|Protect|p2a: Quagsire
|-singleturn|p2a: Quagsire|Protect
|move|p1a: Walking Wake|Hydro Steam|p2a: Quagsire
|-activate|p2a: Quagsire|move: Protect
|
|-weather|none
|-end|p1a: Walking Wake|Protosynthesis
|upkeep
|turn|29
|
|t:|1743842028
|move|p1a: Walking Wake|Hydro Steam|p2a: Quagsire
|-damage|p2a: Quagsire|9/100
|move|p2a: Quagsire|Toxic|p1a: Walking Wake
|-status|p1a: Walking Wake|tox
|
|-heal|p2a: Quagsire|15/100|[from] item: Leftovers
|-damage|p1a: Walking Wake|33/100 tox|[from] psn
|upkeep
|turn|30
|
|t:|1743842038
|move|p2a: Quagsire|Protect|p2a: Quagsire
|-singleturn|p2a: Quagsire|Protect
|move|p1a: Walking Wake|Hydro Steam|p2a: Quagsire
|-activate|p2a: Quagsire|move: Protect
|
|-heal|p2a: Quagsire|21/100|[from] item: Leftovers
|-damage|p1a: Walking Wake|20/100 tox|[from] psn
|upkeep
|turn|31
|
|t:|1743842048
|move|p2a: Quagsire|Protect||[still]
|-fail|p2a: Quagsire
|move|p1a: Walking Wake|Hydro Steam|p2a: Quagsire
|-damage|p2a: Quagsire|0 fnt
|faint|p2a: Quagsire
|
|win|riflessodikikijiki
|raw|riflessodikikijiki's rating: 1186 &rarr; <strong>1216</strong><br />(+30 for winning)
|raw|UTF4N's rating: 1260 &rarr; <strong>1230</strong><br />(-30 for losing)
|c|☆UTF4N|gg
|l|☆UTF4N
|player|p2|
|l|☆riflessodikikijiki
|player|p1|
