|j|☆Ryan Cowtinho
|j|☆Exenaphiel
|t:|1743872440
|gametype|singles
|player|p1|Ryan Cowtinho|169|1567
|player|p2|Exenaphiel|steven|1615
|teamsize|p1|6
|teamsize|p2|6
|gen|9
|tier|[Gen 9] OU
|rated|
|rule|HP Percentage Mod: HP is shown in percentages
|rule|Endless Battle Clause: Forcing endless battles is banned
|rule|Species Clause: Limit one of each Pokémon
|rule|OHKO Clause: OHKO moves are banned
|rule|Evasion Items Clause: Evasion items are banned
|rule|Evasion Moves Clause: Evasion moves are banned
|rule|Sleep Moves Clause: Sleep-inducing moves are banned
|clearpoke
|poke|p1|Iron Treads|
|poke|p1|Rillaboom, F|
|poke|p1|Dragapult, M|
|poke|p1|Hawlucha, M|
|poke|p1|Ogerpon-Wellspring, F|
|poke|p1|Iron Moth|
|poke|p2|Amoonguss, M|
|poke|p2|Blissey, F|
|poke|p2|Clefable, F|
|poke|p2|Dondozo, F|
|poke|p2|Ting-Lu|
|poke|p2|Gliscor, F|
|teampreview
|inactive|Battle timer is ON: inactive players will automatically lose when time's up. (requested by Exenaphiel)
|
|t:|1743872464
|start
|switch|p1a: Iron Treads|Iron Treads|100/100
|switch|p2a: Amoonguss|Amoonguss, M|100/100
|-enditem|p1a: Iron Treads|Booster Energy
|-activate|p1a: Iron Treads|ability: Quark Drive|[fromitem]
|-start|p1a: Iron Treads|quarkdrivespe
|turn|1
|
|t:|1743872472
|move|p1a: Iron Treads|Stealth Rock|p2a: Amoonguss
|-sidestart|p2: Exenaphiel|move: Stealth Rock
|move|p2a: Amoonguss|Foul Play|p1a: Iron Treads
|-damage|p1a: Iron Treads|80/100
|
|upkeep
|turn|2
|
|t:|1743872482
|switch|p2a: Clefable|Clefable, F|100/100
|move|p1a: Iron Treads|Steel Beam|p2a: Clefable
|-supereffective|p2a: Clefable
|-damage|p2a: Clefable|10/100
|-damage|p1a: Iron Treads|30/100|[from] steelbeam
|
|upkeep
|turn|3
|
|t:|1743872492
|move|p1a: Iron Treads|Steel Beam|p2a: Clefable
|-supereffective|p2a: Clefable
|-damage|p2a: Clefable|0 fnt
|-damage|p1a: Iron Treads|0 fnt|[from] steelbeam
|faint|p1a: Iron Treads
|-end|p1a: Iron Treads|Quark Drive|[silent]
|faint|p2a: Clefable
|
|upkeep
|
|t:|1743872507
|switch|p1a: Rillaboom|Rillaboom, F|100/100
|switch|p2a: Amoonguss|Amoonguss, M|100/100
|-fieldstart|move: Grassy Terrain|[from] ability: Grassy Surge|[of] p1a: Rillaboom
|turn|4
|
|t:|1743872515
|switch|p1a: Iron Moth|Iron Moth|100/100
|-enditem|p1a: Iron Moth|Booster Energy
|-activate|p1a: Iron Moth|ability: Quark Drive|[fromitem]
|-start|p1a: Iron Moth|quarkdrivespe
|move|p2a: Amoonguss|Toxic|p1a: Iron Moth
|-immune|p1a: Iron Moth
|
|upkeep
|turn|5
|
|t:|1743872520
|switch|p2a: Blissey|Blissey, F|100/100
|move|p1a: Iron Moth|Fiery Dance|p2a: Blissey
|-damage|p2a: Blissey|88/100
|-boost|p1a: Iron Moth|spa|1
|
|-heal|p2a: Blissey|95/100|[from] Grassy Terrain
|upkeep
|turn|6
|
|t:|1743872524
|-end|p1a: Iron Moth|Quark Drive|[silent]
|switch|p1a: Hawlucha|Hawlucha, M|100/100
|-enditem|p1a: Hawlucha|Grassy Seed
|-boost|p1a: Hawlucha|def|1|[from] item: Grassy Seed
|move|p2a: Blissey|Calm Mind|p2a: Blissey
|-boost|p2a: Blissey|spa|1
|-boost|p2a: Blissey|spd|1
|
|-heal|p2a: Blissey|100/100|[from] Grassy Terrain
|upkeep
|turn|7
|
|t:|1743872528
|switch|p2a: Gliscor|Gliscor, F|100/100
|-damage|p2a: Gliscor|88/100|[from] Stealth Rock
|move|p1a: Hawlucha|Encore||[still]
|-fail|p1a: Hawlucha
|
|-status|p2a: Gliscor|tox|[from] item: Toxic Orb
|upkeep
|turn|8
|j| iamfrhaan007
|
|t:|1743872532
|move|p1a: Hawlucha|Swords Dance|p1a: Hawlucha
|-boost|p1a: Hawlucha|atk|2
|move|p2a: Gliscor|Toxic|p1a: Hawlucha
|-status|p1a: Hawlucha|tox
|
|-damage|p1a: Hawlucha|94/100 tox|[from] psn
|-heal|p2a: Gliscor|100/100 tox|[from] ability: Poison Heal
|upkeep
|turn|9
|
|t:|1743872540
|move|p2a: Gliscor|Protect|p2a: Gliscor
|-singleturn|p2a: Gliscor|Protect
|move|p1a: Hawlucha|Acrobatics|p2a: Gliscor
|-activate|p2a: Gliscor|move: Protect
|
|-damage|p1a: Hawlucha|82/100 tox|[from] psn
|upkeep
|turn|10
|
|t:|1743872542
|switch|p2a: Dondozo|Dondozo, F|100/100
|move|p1a: Hawlucha|Acrobatics|p2a: Dondozo
|-damage|p2a: Dondozo|78/100
|
|-heal|p2a: Dondozo|85/100|[from] Grassy Terrain
|-damage|p1a: Hawlucha|64/100 tox|[from] psn
|upkeep
|turn|11
|
|t:|1743872552
|move|p1a: Hawlucha|Acrobatics|p2a: Dondozo
|-damage|p2a: Dondozo|62/100
|move|p2a: Dondozo|Waterfall|p1a: Hawlucha
|-damage|p1a: Hawlucha|24/100 tox
|
|-heal|p2a: Dondozo|68/100|[from] Grassy Terrain
|-damage|p1a: Hawlucha|0 fnt|[from] psn
|faint|p1a: Hawlucha
|-fieldend|move: Grassy Terrain
|upkeep
|
|t:|1743872555
|switch|p1a: Ogerpon|Ogerpon-Wellspring, F|100/100
|turn|12
|j| AzovSTALL
|
|t:|1743872558
|switch|p2a: Amoonguss|Amoonguss, M|100/100
|move|p1a: Ogerpon|Swords Dance|p1a: Ogerpon
|-boost|p1a: Ogerpon|atk|2
|
|upkeep
|turn|13
|l| AzovSTALL
|
|t:|1743872561
|-terastallize|p1a: Ogerpon|Water
|detailschange|p1a: Ogerpon|Ogerpon-Wellspring-Tera, F, tera:Water
|-ability|p1a: Ogerpon|Embody Aspect (Wellspring)|boost
|-boost|p1a: Ogerpon|spd|1
|move|p1a: Ogerpon|Ivy Cudgel|p2a: Amoonguss|[anim] Ivy Cudgel Water
|-resisted|p2a: Amoonguss
|-damage|p2a: Amoonguss|42/100
|move|p2a: Amoonguss|Foul Play|p1a: Ogerpon
|-damage|p1a: Ogerpon|25/100
|
|upkeep
|turn|14
|j| Sanesa8724
|inactive|Exenaphiel has 120 seconds left.
|
|t:|1743872607
|switch|p2a: Dondozo|Dondozo, F|68/100
|move|p1a: Ogerpon|Ivy Cudgel|p2a: Dondozo|[anim] Ivy Cudgel Water
|-resisted|p2a: Dondozo
|-crit|p2a: Dondozo
|-damage|p2a: Dondozo|41/100
|
|upkeep
|turn|15
|l| Sanesa8724
|
|t:|1743872628
|move|p1a: Ogerpon|Power Whip|p2a: Dondozo
|-supereffective|p2a: Dondozo
|-damage|p2a: Dondozo|0 fnt
|faint|p2a: Dondozo
|
|upkeep
|
|t:|1743872631
|switch|p2a: Amoonguss|Amoonguss, M|75/100
|turn|16
|
|t:|1743872634
|move|p1a: Ogerpon|Ivy Cudgel|p2a: Amoonguss|[anim] Ivy Cudgel Water
|-resisted|p2a: Amoonguss
|-damage|p2a: Amoonguss|14/100
|move|p2a: Amoonguss|Foul Play|p1a: Ogerpon
|-damage|p1a: Ogerpon|0 fnt
|faint|p1a: Ogerpon
|
|upkeep
|l|☆Ryan Cowtinho
|inactive|Ryan Cowtinho disconnected and has a minute to reconnect!
|player|p1|
|inactive|Ryan Cowtinho has 30 seconds to reconnect!
|inactive|Ryan Cowtinho has 20 seconds to reconnect!
|l| iamfrhaan007
|inactive|Ryan Cowtinho has 15 seconds to reconnect!
|inactive|Ryan Cowtinho has 10 seconds to reconnect!
|inactive|Ryan Cowtinho has 5 seconds to reconnect!
|-message|Ryan Cowtinho lost due to inactivity.
|
|win|Exenaphiel
|raw|Ryan Cowtinho's rating: 1567 &rarr; <strong>1550</strong><br />(-17 for losing)
|raw|Exenaphiel's rating: 1615 &rarr; <strong>1632</strong><br />(+17 for winning)
