|j|☆Shabooya1
|j|☆marcelolrp
|t:|1743897343
|gametype|singles
|player|p1|Shabooya1|rood|1095
|player|p2|marcelolrp|hilbert-wonderlauncher|1143
|teamsize|p1|6
|teamsize|p2|6
|gen|9
|tier|[Gen 9] OU
|rated|
|rule|HP Percentage Mod: HP is shown in percentages
|rule|Endless Battle Clause: Forcing endless battles is banned
|rule|Species Clause: Limit one of each Pokémon
|rule|OHKO Clause: OHKO moves are banned
|rule|Evasion Items Clause: Evasion items are banned
|rule|Evasion Moves Clause: Evasion moves are banned
|rule|Sleep Moves Clause: Sleep-inducing moves are banned
|clearpoke
|poke|p1|Ninetales-Alola, M|
|poke|p1|Corviknight, F|
|poke|p1|Iron Crown|
|poke|p1|Hatterene, F|
|poke|p1|Necrozma|
|poke|p1|Landorus-Therian, M|
|poke|p2|Dragapult, F|
|poke|p2|Garganacl, M|
|poke|p2|Dragonite, M|
|poke|p2|Zamazenta-*|
|poke|p2|Kingambit, M|
|poke|p2|Moltres|
|teampreview
|
|t:|1743897360
|start
|switch|p1a: Ninetales|Ninetales-Alola, M, shiny|100/100
|switch|p2a: Garganacl|Garganacl, M|100/100
|-weather|Snowscape|[from] ability: Snow Warning|[of] p1a: Ninetales
|-item|p2a: Garganacl|Air Balloon
|turn|1
|inactive|Battle timer is ON: inactive players will automatically lose when time's up. (requested by Shabooya1)
|
|t:|1743897380
|move|p1a: Ninetales|Aurora Veil|p1a: Ninetales
|-sidestart|p1: Shabooya1|move: Aurora Veil
|move|p2a: Garganacl|Stealth Rock|p1a: Ninetales
|-sidestart|p1: Shabooya1|move: Stealth Rock
|
|-weather|Snowscape|[upkeep]
|upkeep
|turn|2
|
|t:|1743897402
|move|p1a: Ninetales|Encore|p2a: Garganacl
|-start|p2a: Garganacl|Encore
|move|p2a: Garganacl|Stealth Rock||[still]
|-fail|p2a: Garganacl
|
|-weather|Snowscape|[upkeep]
|upkeep
|turn|3
|
|t:|1743897419
|switch|p1a: Hatterene|Hatterene, F, shiny|100/100
|-damage|p1a: Hatterene|88/100|[from] Stealth Rock
|switch|p2a: Moltres|Moltres|100/100
|-ability|p2a: Moltres|Pressure
|
|-weather|Snowscape|[upkeep]
|upkeep
|turn|4
|inactive|marcelolrp has 120 seconds left.
|
|t:|1743897445
|move|p2a: Moltres|Air Slash|p1a: Hatterene
|-damage|p1a: Hatterene|67/100
|move|p1a: Hatterene|Calm Mind|p1a: Hatterene
|-boost|p1a: Hatterene|spa|1
|-boost|p1a: Hatterene|spd|1
|
|-weather|Snowscape|[upkeep]
|upkeep
|turn|5
|
|t:|1743897457
|move|p2a: Moltres|Air Slash|p1a: Hatterene
|-damage|p1a: Hatterene|53/100
|move|p1a: Hatterene|Calm Mind|p1a: Hatterene
|-boost|p1a: Hatterene|spa|1
|-boost|p1a: Hatterene|spd|1
|
|-weather|none
|upkeep
|turn|6
|
|t:|1743897481
|switch|p2a: Kingambit|Kingambit, M|100/100
|move|p1a: Hatterene|Draining Kiss|p2a: Kingambit
|-damage|p2a: Kingambit|58/100
|-heal|p1a: Hatterene|95/100|[from] drain|[of] p2a: Kingambit
|
|upkeep
|turn|7
|inactive|marcelolrp has 90 seconds left.
|
|t:|1743897502
|move|p2a: Kingambit|Foul Play|p1a: Hatterene
|-damage|p1a: Hatterene|84/100
|move|p1a: Hatterene|Mystical Fire|p2a: Kingambit
|-supereffective|p2a: Kingambit
|-damage|p2a: Kingambit|0 fnt
|faint|p2a: Kingambit
|
|upkeep
|inactive|marcelolrp has 90 seconds left.
|
|t:|1743897516
|switch|p2a: Zamazenta|Zamazenta|100/100
|-ability|p2a: Zamazenta|Dauntless Shield|boost
|-boost|p2a: Zamazenta|def|1
|turn|8
|inactive|marcelolrp has 90 seconds left.
|
|t:|1743897522
|move|p2a: Zamazenta|Crunch|p1a: Hatterene
|-damage|p1a: Hatterene|65/100
|move|p1a: Hatterene|Draining Kiss|p2a: Zamazenta
|-supereffective|p2a: Zamazenta
|-damage|p2a: Zamazenta|15/100
|-heal|p1a: Hatterene|100/100|[from] drain|[of] p2a: Zamazenta
|
|-sideend|p1: Shabooya1|move: Aurora Veil
|upkeep
|turn|9
|inactive|marcelolrp has 90 seconds left.
|
|t:|1743897539
|switch|p2a: Dragonite|Dragonite, M|100/100
|move|p1a: Hatterene|Draining Kiss|p2a: Dragonite
|-supereffective|p2a: Dragonite
|-damage|p2a: Dragonite|21/100
|
|upkeep
|turn|10
|inactive|marcelolrp has 90 seconds left.
|
|t:|1743897549
|move|p2a: Dragonite|Earthquake|p1a: Hatterene
|-damage|p1a: Hatterene|69/100
|move|p1a: Hatterene|Draining Kiss|p2a: Dragonite
|-supereffective|p2a: Dragonite
|-damage|p2a: Dragonite|0 fnt
|-heal|p1a: Hatterene|88/100|[from] drain|[of] p2a: Dragonite
|faint|p2a: Dragonite
|
|upkeep
|c|☆Shabooya1|Get fucked
|-message|marcelolrp forfeited.
|
|win|Shabooya1
