|j|☆bor3dlol
|j|☆Gongazilla
|t:|1743804160
|gametype|singles
|player|p1|bor3dlol|101|1136
|player|p2|Gongazilla|nate|1130
|teamsize|p1|6
|teamsize|p2|6
|gen|9
|tier|[Gen 9] OU
|rated|
|rule|HP Percentage Mod: HP is shown in percentages
|rule|Endless Battle Clause: Forcing endless battles is banned
|rule|Species Clause: Limit one of each Pokémon
|rule|OHKO Clause: OHKO moves are banned
|rule|Evasion Items Clause: Evasion items are banned
|rule|Evasion Moves Clause: Evasion moves are banned
|rule|Sleep Moves Clause: Sleep-inducing moves are banned
|clearpoke
|poke|p1|Landorus-Therian, M|
|poke|p1|Scizor, F|
|poke|p1|Primarina, M|
|poke|p1|Raging Bolt|
|poke|p1|Pecharunt|
|poke|p1|Ogerpon-Wellspring, F|
|poke|p2|Galvantula, M|
|poke|p2|Gliscor, F|
|poke|p2|Floatzel, F|
|poke|p2|Serperior, M|
|poke|p2|Lycanroc-Midnight, M|
|poke|p2|Ceruledge, M|
|teampreview
|inactive|Battle timer is ON: inactive players will automatically lose when time's up. (requested by Gongazilla)
|inactive|bor3dlol also wants the timer to be on.
|
|t:|1743804184
|start
|switch|p1a: Raging Bolt|Raging Bolt|100/100
|switch|p2a: Lycanroc|Lycanroc-Midnight, M|100/100
|-enditem|p1a: Raging Bolt|Booster Energy
|-activate|p1a: Raging Bolt|ability: Protosynthesis|[fromitem]
|-start|p1a: Raging Bolt|protosynthesisspa
|turn|1
|inactive|bor3dlol has 120 seconds left.
|
|t:|1743804221
|move|p2a: Lycanroc|Stone Edge|p1a: Raging Bolt
|-damage|p1a: Raging Bolt|52/100
|move|p1a: Raging Bolt|Thunderbolt|p2a: Lycanroc
|-damage|p2a: Lycanroc|2/100
|-status|p2a: Lycanroc|par
|
|upkeep
|turn|2
|inactive|bor3dlol has 120 seconds left.
|
|t:|1743804231
|move|p1a: Raging Bolt|Calm Mind|p1a: Raging Bolt
|-boost|p1a: Raging Bolt|spa|1
|-boost|p1a: Raging Bolt|spd|1
|cant|p2a: Lycanroc|par
|
|upkeep
|turn|3
|
|t:|1743804237
|move|p1a: Raging Bolt|Thunderbolt|p2a: Lycanroc
|-damage|p2a: Lycanroc|0 fnt
|faint|p2a: Lycanroc
|
|upkeep
|
|t:|1743804242
|switch|p2a: Galvantula|Galvantula, M|100/100
|turn|4
|
|t:|1743804245
|move|p2a: Galvantula|Bug Buzz|p1a: Raging Bolt
|-damage|p1a: Raging Bolt|31/100
|move|p1a: Raging Bolt|Dragon Pulse|p2a: Galvantula
|-damage|p2a: Galvantula|0 fnt
|faint|p2a: Galvantula
|
|upkeep
|
|t:|1743804250
|switch|p2a: Zoro|Ceruledge, M|100/100
|turn|5
|
|t:|1743804253
|move|p2a: Zoro|Bitter Blade|p1a: Raging Bolt
|-resisted|p1a: Raging Bolt
|-damage|p1a: Raging Bolt|11/100
|move|p1a: Raging Bolt|Thunderbolt|p2a: Zoro
|-damage|p2a: Zoro|0 fnt
|faint|p2a: Zoro
|
|upkeep
|
|t:|1743804258
|switch|p2a: Floatzel|Floatzel, F|100/100
|turn|6
|
|t:|1743804263
|move|p1a: Raging Bolt|Thunderclap|p2a: Floatzel
|-supereffective|p2a: Floatzel
|-damage|p2a: Floatzel|0 fnt
|faint|p2a: Floatzel
|
|upkeep
|
|t:|1743804265
|switch|p2a: Serperior|Serperior, M|100/100
|turn|7
|
|t:|1743804271
|move|p2a: Serperior|Leaf Storm|p1a: Raging Bolt|[miss]
|-miss|p2a: Serperior|p1a: Raging Bolt
|move|p1a: Raging Bolt|Dragon Pulse|p2a: Serperior
|-damage|p2a: Serperior|5/100
|
|-heal|p2a: Serperior|11/100|[from] item: Leftovers
|upkeep
|turn|8
|
|t:|1743804279
|move|p2a: Serperior|Leaf Storm|p1a: Raging Bolt
|-resisted|p1a: Raging Bolt
|-damage|p1a: Raging Bolt|0 fnt
|-boost|p2a: Serperior|spa|2
|faint|p1a: Raging Bolt
|-end|p1a: Raging Bolt|Protosynthesis|[silent]
|
|-heal|p2a: Serperior|17/100|[from] item: Leftovers
|upkeep
|
|t:|1743804286
|switch|p1a: Scizor|Scizor, F|100/100
|turn|9
|
|t:|1743804289
|move|p2a: Serperior|Glare|p1a: Scizor
|-status|p1a: Scizor|par
|move|p1a: Scizor|Swords Dance|p1a: Scizor
|-boost|p1a: Scizor|atk|2
|
|-heal|p2a: Serperior|23/100|[from] item: Leftovers
|upkeep
|turn|10
|
|t:|1743804293
|cant|p1a: Scizor|par
|move|p2a: Serperior|Leech Seed|p1a: Scizor
|-start|p1a: Scizor|move: Leech Seed
|
|-heal|p2a: Serperior|29/100|[from] item: Leftovers
|-damage|p1a: Scizor|88/100 par|[from] Leech Seed|[of] p2a: Serperior
|-heal|p2a: Serperior|40/100|[silent]
|upkeep
|turn|11
|
|t:|1743804298
|move|p1a: Scizor|Bullet Punch|p2a: Serperior
|-damage|p2a: Serperior|0 fnt
|faint|p2a: Serperior
|-damage|p1a: Scizor|78/100 par|[from] item: Life Orb
|
|upkeep
|
|t:|1743804302
|switch|p2a: Gliscor|Gliscor, F|100/100
|turn|12
|
|t:|1743804307
|switch|p1a: Landorus|Landorus-Therian, M|100/100
|-ability|p1a: Landorus|Intimidate|boost
|-unboost|p2a: Gliscor|atk|1
|move|p2a: Gliscor|Earthquake|p1a: Landorus
|-immune|p1a: Landorus
|
|-status|p2a: Gliscor|tox|[from] item: Toxic Orb
|upkeep
|turn|13
|
|t:|1743804334
|move|p1a: Landorus|Taunt|p2a: Gliscor
|-start|p2a: Gliscor|move: Taunt
|cant|p2a: Gliscor|move: Taunt|Toxic
|
|upkeep
|turn|14
|
|t:|1743804341
|switch|p1a: Primarina|Primarina, M|100/100
|move|p2a: Gliscor|Facade|p1a: Primarina
|-damage|p1a: Primarina|71/100
|
|upkeep
|turn|15
|
|t:|1743804346
|move|p2a: Gliscor|Facade|p1a: Primarina
|-damage|p1a: Primarina|37/100
|move|p1a: Primarina|Sparkling Aria|p2a: Gliscor
|-supereffective|p2a: Gliscor
|-damage|p2a: Gliscor|0 fnt
|faint|p2a: Gliscor
|
|win|bor3dlol
|raw|bor3dlol's rating: 1136 &rarr; <strong>1161</strong><br />(+25 for winning)
|raw|Gongazilla's rating: 1130 &rarr; <strong>1105</strong><br />(-25 for losing)
|l|☆Gongazilla
|player|p2|
