|j|☆Buunie099
|j|☆DaffyDuckTheWizard
|t:|1743787374
|gametype|singles
|player|p1|Buunie099|101|1078
|player|p2|DaffyDuckTheWizard|ghetsis|1026
|teamsize|p1|6
|teamsize|p2|6
|gen|9
|tier|[Gen 9] OU
|rated|
|rule|HP Percentage Mod: HP is shown in percentages
|rule|Endless Battle Clause: Forcing endless battles is banned
|rule|Species Clause: Limit one of each Pokémon
|rule|OHKO Clause: OHKO moves are banned
|rule|Evasion Items Clause: Evasion items are banned
|rule|Evasion Moves Clause: Evasion moves are banned
|rule|Sleep Moves Clause: Sleep-inducing moves are banned
|clearpoke
|poke|p1|Corviknight, F|
|poke|p1|Ceruledge, M|
|poke|p1|Revavroom, F|
|poke|p1|Samurott-Hisui, F|
|poke|p1|Sinistcha-Masterpiece|
|poke|p1|Dragapult, M|
|poke|p2|Tinkaton, F|
|poke|p2|Scrafty, M|
|poke|p2|Iron Valiant|
|poke|p2|Kingdra, M|
|poke|p2|Galvantula, M|
|poke|p2|Ribombee, M|
|teampreview
|
|t:|1743787379
|start
|switch|p1a: Samurott|Samurott-Hisui, F|100/100
|switch|p2a: Scrafty|Scrafty, M, shiny|100/100
|turn|1
|
|t:|1743787403
|switch|p1a: Corviknight|Corviknight, F, shiny|100/100
|move|p2a: Scrafty|Fake Out|p1a: Corviknight
|-resisted|p1a: Corviknight
|-damage|p1a: Corviknight|97/100
|
|upkeep
|turn|2
|
|t:|1743787413
|move|p2a: Scrafty|Dragon Dance|p2a: Scrafty
|-boost|p2a: Scrafty|atk|1
|-boost|p2a: Scrafty|spe|1
|move|p1a: Corviknight|Air Slash|p2a: Scrafty|[miss]
|-miss|p1a: Corviknight|p2a: Scrafty
|
|upkeep
|turn|3
|
|t:|1743787423
|-terastallize|p2a: Scrafty|Poison
|move|p2a: Scrafty|Knock Off|p1a: Corviknight
|-damage|p1a: Corviknight|54/100
|-enditem|p1a: Corviknight|Life Orb|[from] move: Knock Off|[of] p2a: Scrafty
|move|p1a: Corviknight|Air Slash|p2a: Scrafty
|-damage|p2a: Scrafty|82/100
|
|upkeep
|turn|4
|
|t:|1743787433
|move|p2a: Scrafty|Dragon Dance|p2a: Scrafty
|-boost|p2a: Scrafty|atk|1
|-boost|p2a: Scrafty|spe|1
|move|p1a: Corviknight|Body Press|p2a: Scrafty
|-resisted|p2a: Scrafty
|-damage|p2a: Scrafty|67/100
|
|upkeep
|turn|5
|
|t:|1743787444
|switch|p1a: Revavroom|Revavroom, F|100/100
|move|p2a: Scrafty|Dragon Dance|p2a: Scrafty
|-boost|p2a: Scrafty|atk|1
|-boost|p2a: Scrafty|spe|1
|
|upkeep
|turn|6
|
|t:|1743787454
|move|p2a: Scrafty|Dragon Claw|p1a: Revavroom
|-resisted|p1a: Revavroom
|-damage|p1a: Revavroom|62/100
|move|p1a: Revavroom|Iron Head|p2a: Scrafty
|-damage|p2a: Scrafty|17/100
|-enditem|p2a: Scrafty|Sitrus Berry|[eat]
|-heal|p2a: Scrafty|42/100|[from] item: Sitrus Berry
|
|-heal|p1a: Revavroom|68/100|[from] item: Leftovers
|upkeep
|turn|7
|
|t:|1743787465
|move|p2a: Scrafty|Knock Off|p1a: Revavroom
|-damage|p1a: Revavroom|0 fnt
|-enditem|p1a: Revavroom|Leftovers|[from] move: Knock Off|[of] p2a: Scrafty
|faint|p1a: Revavroom
|-ability|p2a: Scrafty|Moxie|boost
|-boost|p2a: Scrafty|atk|1
|
|upkeep
|
|t:|1743787473
|switch|p1a: Dragapult|Dragapult, M|100/100
|turn|8
|
|t:|1743787478
|move|p2a: Scrafty|Knock Off|p1a: Dragapult
|-supereffective|p1a: Dragapult
|-crit|p1a: Dragapult
|-damage|p1a: Dragapult|0 fnt
|-enditem|p1a: Dragapult|Life Orb|[from] move: Knock Off|[of] p2a: Scrafty
|faint|p1a: Dragapult
|-ability|p2a: Scrafty|Moxie|boost
|-boost|p2a: Scrafty|atk|1
|
|upkeep
|
|t:|1743787488
|switch|p1a: Corviknight|Corviknight, F, shiny|54/100
|turn|9
|
|t:|1743787492
|move|p2a: Scrafty|Knock Off|p1a: Corviknight
|-damage|p1a: Corviknight|0 fnt
|faint|p1a: Corviknight
|-ability|p2a: Scrafty|Moxie|boost
|-boost|p2a: Scrafty|atk|1
|
|upkeep
|
|t:|1743787501
|switch|p1a: Samurott|Samurott-Hisui, F|100/100
|turn|10
|
|t:|1743787508
|move|p2a: Scrafty|Dragon Claw|p1a: Samurott
|-damage|p1a: Samurott|0 fnt
|faint|p1a: Samurott
|
|upkeep
|
|t:|1743787513
|switch|p1a: Ceruledge|Ceruledge, M|100/100
|turn|11
|
|t:|1743787521
|move|p2a: Scrafty|Knock Off|p1a: Ceruledge
|-supereffective|p1a: Ceruledge
|-damage|p1a: Ceruledge|0 fnt
|-damage|p2a: Scrafty|25/100|[from] item: Rocky Helmet|[of] p1a: Ceruledge
|-enditem|p1a: Ceruledge|Rocky Helmet|[from] move: Knock Off|[of] p2a: Scrafty
|faint|p1a: Ceruledge
|
|upkeep
|
|t:|1743787528
|switch|p1a: Sinistcha|Sinistcha-Masterpiece|100/100
|turn|12
|
|t:|1743787531
|move|p2a: Scrafty|Knock Off|p1a: Sinistcha
|-supereffective|p1a: Sinistcha
|-damage|p1a: Sinistcha|0 fnt
|-enditem|p1a: Sinistcha|Leftovers|[from] move: Knock Off|[of] p2a: Scrafty
|faint|p1a: Sinistcha
|
|win|DaffyDuckTheWizard
|raw|Buunie099's rating: 1078 &rarr; <strong>1053</strong><br />(-25 for losing)
|raw|DaffyDuckTheWizard's rating: 1026 &rarr; <strong>1067</strong><br />(+41 for winning)
