|j|☆JackTheWalkerBr
|j|☆ScoobGG
|t:|1743838379
|gametype|singles
|player|p1|JackTheWalkerBr|n|1083
|player|p2|ScoobGG|170|1145
|teamsize|p1|6
|teamsize|p2|6
|gen|9
|tier|[Gen 9] OU
|rated|
|rule|HP Percentage Mod: HP is shown in percentages
|rule|Endless Battle Clause: Forcing endless battles is banned
|rule|Species Clause: Limit one of each Pokémon
|rule|OHKO Clause: OHKO moves are banned
|rule|Evasion Items Clause: Evasion items are banned
|rule|Evasion Moves Clause: Evasion moves are banned
|rule|Sleep Moves Clause: Sleep-inducing moves are banned
|clearpoke
|poke|p1|Gliscor, M|
|poke|p1|Heatran, M|
|poke|p1|Raging Bolt|
|poke|p1|Hatterene, F|
|poke|p1|Meowscarada, M|
|poke|p1|Tyranitar, M|
|poke|p2|Ninetales-Alola, M|
|poke|p2|Beartic, F|
|poke|p2|Slowking-Galar, F|
|poke|p2|Cryogonal|
|poke|p2|Frosmoth, F|
|poke|p2|Ursaluna, M|
|teampreview
|inactive|Battle timer is ON: inactive players will automatically lose when time's up. (requested by ScoobGG)
|
|t:|1743838396
|start
|switch|p1a: Meowscarada|Meowscarada, M|100/100
|switch|p2a: Slowking|Slowking-Galar, F|100/100
|turn|1
|
|t:|1743838402
|switch|p2a: Ninetales|Ninetales-Alola, M|100/100
|-weather|Snowscape|[from] ability: Snow Warning|[of] p2a: Ninetales
|move|p1a: Meowscarada|Knock Off|p2a: Ninetales
|-start|p1a: Meowscarada|typechange|Dark|[from] ability: Protean
|-resisted|p2a: Ninetales
|-damage|p2a: Ninetales|75/100
|-enditem|p2a: Ninetales|Icy Rock|[from] move: Knock Off|[of] p1a: Meowscarada
|
|-weather|Snowscape|[upkeep]
|upkeep
|turn|2
|
|t:|1743838422
|switch|p1a: Tyranitar|Tyranitar, M|100/100
|-weather|Sandstorm|[from] ability: Sand Stream|[of] p1a: Tyranitar
|move|p2a: Ninetales|Moonblast|p1a: Tyranitar
|-supereffective|p1a: Tyranitar
|-damage|p1a: Tyranitar|55/100
|
|-weather|Sandstorm|[upkeep]
|-damage|p2a: Ninetales|69/100|[from] Sandstorm
|upkeep
|turn|3
|
|t:|1743838429
|switch|p2a: Ursaluna|Ursaluna, M|100/100
|move|p1a: Tyranitar|Dragon Dance|p1a: Tyranitar
|-boost|p1a: Tyranitar|atk|1
|-boost|p1a: Tyranitar|spe|1
|
|-weather|Sandstorm|[upkeep]
|-status|p2a: Ursaluna|brn|[from] item: Flame Orb
|upkeep
|turn|4
|
|t:|1743838456
|move|p1a: Tyranitar|Knock Off|p2a: Ursaluna
|-damage|p2a: Ursaluna|40/100 brn
|-enditem|p2a: Ursaluna|Flame Orb|[from] move: Knock Off|[of] p1a: Tyranitar
|move|p2a: Ursaluna|Swords Dance|p2a: Ursaluna
|-boost|p2a: Ursaluna|atk|2
|
|-weather|Sandstorm|[upkeep]
|-damage|p2a: Ursaluna|34/100 brn|[from] brn
|upkeep
|turn|5
|
|t:|1743838472
|move|p1a: Tyranitar|Rock Slide|p2a: Ursaluna
|-resisted|p2a: Ursaluna
|-damage|p2a: Ursaluna|11/100 brn
|cant|p2a: Ursaluna|flinch
|
|-weather|Sandstorm|[upkeep]
|-damage|p2a: Ursaluna|5/100 brn|[from] brn
|upkeep
|turn|6
|
|t:|1743838478
|move|p1a: Tyranitar|Knock Off|p2a: Ursaluna
|-damage|p2a: Ursaluna|0 fnt
|faint|p2a: Ursaluna
|
|-weather|none
|upkeep
|
|t:|1743838487
|switch|p2a: Ninetales|Ninetales-Alola, M|69/100
|-weather|Snowscape|[from] ability: Snow Warning|[of] p2a: Ninetales
|turn|7
|
|t:|1743838490
|move|p2a: Ninetales|Aurora Veil|p2a: Ninetales
|-sidestart|p2: ScoobGG|move: Aurora Veil
|move|p1a: Tyranitar|Rock Slide|p2a: Ninetales
|-supereffective|p2a: Ninetales
|-damage|p2a: Ninetales|5/100
|
|-weather|Snowscape|[upkeep]
|upkeep
|turn|8
|
|t:|1743838494
|-terastallize|p1a: Tyranitar|Fairy
|move|p2a: Ninetales|Moonblast|p1a: Tyranitar
|-damage|p1a: Tyranitar|20/100
|move|p1a: Tyranitar|Dragon Dance|p1a: Tyranitar
|-boost|p1a: Tyranitar|atk|1
|-boost|p1a: Tyranitar|spe|1
|
|-weather|Snowscape|[upkeep]
|upkeep
|turn|9
|
|t:|1743838499
|move|p1a: Tyranitar|Knock Off|p2a: Ninetales
|-resisted|p2a: Ninetales
|-damage|p2a: Ninetales|0 fnt
|faint|p2a: Ninetales
|
|-weather|Snowscape|[upkeep]
|upkeep
|
|t:|1743838510
|switch|p2a: Slowking|Slowking-Galar, F|100/100
|turn|10
|
|t:|1743838522
|-terastallize|p2a: Slowking|Dragon
|move|p1a: Tyranitar|Knock Off|p2a: Slowking
|-damage|p2a: Slowking|38/100
|-enditem|p2a: Slowking|Life Orb|[from] move: Knock Off|[of] p1a: Tyranitar
|move|p2a: Slowking|Sludge Bomb|p1a: Tyranitar
|-supereffective|p1a: Tyranitar
|-damage|p1a: Tyranitar|0 fnt
|faint|p1a: Tyranitar
|
|-weather|Snowscape|[upkeep]
|upkeep
|
|t:|1743838537
|switch|p1a: Heatran|Heatran, M|100/100
|turn|11
|
|t:|1743838541
|switch|p2a: Cryogonal|Cryogonal|100/100
|move|p1a: Heatran|Stealth Rock|p2a: Cryogonal
|-sidestart|p2: ScoobGG|move: Stealth Rock
|
|-weather|none
|-sideend|p2: ScoobGG|move: Aurora Veil
|upkeep
|turn|12
|
|t:|1743838547
|move|p2a: Cryogonal|Rapid Spin|p1a: Heatran
|-resisted|p1a: Heatran
|-damage|p1a: Heatran|98/100
|-boost|p2a: Cryogonal|spe|1
|-sideend|p2: ScoobGG|Stealth Rock|[from] move: Rapid Spin|[of] p2a: Cryogonal
|move|p1a: Heatran|Taunt|p2a: Cryogonal
|-start|p2a: Cryogonal|move: Taunt
|
|-heal|p1a: Heatran|100/100|[from] item: Leftovers
|upkeep
|turn|13
|
|t:|1743838557
|move|p2a: Cryogonal|Freeze-Dry|p1a: Heatran
|-resisted|p1a: Heatran
|-damage|p1a: Heatran|93/100
|-status|p1a: Heatran|frz
|cant|p1a: Heatran|frz
|
|-heal|p1a: Heatran|99/100 frz|[from] item: Leftovers
|upkeep
|turn|14
|
|t:|1743838572
|switch|p2a: Beartic|Beartic, F|100/100
|cant|p1a: Heatran|frz
|
|-heal|p1a: Heatran|100/100 frz|[from] item: Leftovers
|upkeep
|turn|15
|
|t:|1743838577
|cant|p1a: Heatran|frz
|move|p2a: Beartic|Swords Dance|p2a: Beartic
|-boost|p2a: Beartic|atk|2
|
|upkeep
|turn|16
|
|t:|1743838588
|cant|p1a: Heatran|frz
|move|p2a: Beartic|Earthquake|p1a: Heatran
|-supereffective|p1a: Heatran
|-damage|p1a: Heatran|0 fnt
|faint|p1a: Heatran
|
|upkeep
|-message|JackTheWalkerBr forfeited.
|
|win|ScoobGG
|raw|JackTheWalkerBr's rating: 1059 &rarr; <strong>1045</strong><br />(-14 for losing)
|raw|ScoobGG's rating: 1145 &rarr; <strong>1164</strong><br />(+19 for winning)
|l|☆JackTheWalkerBr
|player|p1|
|l|☆ScoobGG
|player|p2|
