|j|☆Dadhurtme
|j|☆Teddy12321
|t:|1743904128
|gametype|singles
|player|p1|Dadhurtme|1|1214
|player|p2|Teddy12321|102|1194
|teamsize|p1|6
|teamsize|p2|6
|gen|9
|tier|[Gen 9] OU
|rated|
|rule|HP Percentage Mod: HP is shown in percentages
|rule|Endless Battle Clause: Forcing endless battles is banned
|rule|Species Clause: Limit one of each Pokémon
|rule|OHKO Clause: OHKO moves are banned
|rule|Evasion Items Clause: Evasion items are banned
|rule|Evasion Moves Clause: Evasion moves are banned
|rule|Sleep Moves Clause: Sleep-inducing moves are banned
|clearpoke
|poke|p1|Maushold|
|poke|p1|Oricorio, M|
|poke|p1|Garchomp, M|
|poke|p1|Iron Crown|
|poke|p1|Comfey, M|
|poke|p1|Volcanion|
|poke|p2|Quaquaval, M|
|poke|p2|Dragapult, F|
|poke|p2|Gholdengo|
|poke|p2|Enamorus, F|
|poke|p2|Garganacl, F|
|poke|p2|Iron Moth|
|teampreview
|inactive|Battle timer is ON: inactive players will automatically lose when time's up. (requested by Dadhurtme)
|
|t:|1743904143
|start
|switch|p1a: Volcanion|Volcanion|100/100
|switch|p2a: Enamorus|Enamorus, F, shiny|100/100
|turn|1
|
|t:|1743904159
|move|p2a: Enamorus|Superpower|p1a: Volcanion
|-damage|p1a: Volcanion|80/100
|-boost|p2a: Enamorus|atk|1
|-boost|p2a: Enamorus|def|1
|move|p1a: Volcanion|Will-O-Wisp|p2a: Enamorus
|-status|p2a: Enamorus|brn
|
|-heal|p1a: Volcanion|86/100|[from] item: Leftovers
|-damage|p2a: Enamorus|94/100 brn|[from] brn
|upkeep
|turn|2
|
|t:|1743904172
|move|p2a: Enamorus|Superpower|p1a: Volcanion
|-damage|p1a: Volcanion|71/100
|-boost|p2a: Enamorus|atk|1
|-boost|p2a: Enamorus|def|1
|move|p1a: Volcanion|Fire Spin|p2a: Enamorus
|-damage|p2a: Enamorus|70/100 brn
|-activate|p2a: Enamorus|move: Fire Spin|[of] p1a: Volcanion
|
|-heal|p1a: Volcanion|77/100|[from] item: Leftovers
|-damage|p2a: Enamorus|64/100 brn|[from] brn
|-damage|p2a: Enamorus|52/100 brn|[from] move: Fire Spin|[partiallytrapped]
|upkeep
|turn|3
|
|t:|1743904185
|move|p2a: Enamorus|Superpower|p1a: Volcanion
|-damage|p1a: Volcanion|59/100
|-boost|p2a: Enamorus|atk|1
|-boost|p2a: Enamorus|def|1
|move|p1a: Volcanion|Scald|p2a: Enamorus
|-damage|p2a: Enamorus|1/100 brn
|
|-heal|p1a: Volcanion|65/100|[from] item: Leftovers
|-damage|p2a: Enamorus|0 fnt|[from] brn
|faint|p2a: Enamorus
|upkeep
|
|t:|1743904200
|switch|p2a: Iron Moth|Iron Moth, shiny|100/100
|-enditem|p2a: Iron Moth|Booster Energy
|-activate|p2a: Iron Moth|ability: Quark Drive|[fromitem]
|-start|p2a: Iron Moth|quarkdrivespa
|turn|4
|
|t:|1743904211
|move|p2a: Iron Moth|Sludge Wave|p1a: Volcanion
|-damage|p1a: Volcanion|0 fnt
|faint|p1a: Volcanion
|
|upkeep
|
|t:|1743904224
|switch|p1a: Oricorio|Oricorio, M, shiny|100/100
|turn|5
|
|t:|1743904234
|move|p2a: Iron Moth|Sludge Wave|p1a: Oricorio
|-crit|p1a: Oricorio
|-damage|p1a: Oricorio|0 fnt
|faint|p1a: Oricorio
|
|upkeep
|
|t:|1743904243
|switch|p1a: Garchomp|Garchomp, M|100/100
|turn|6
|
|t:|1743904251
|move|p1a: Garchomp|Earthquake|p2a: Iron Moth
|-supereffective|p2a: Iron Moth
|-damage|p2a: Iron Moth|0 fnt
|faint|p2a: Iron Moth
|-end|p2a: Iron Moth|Quark Drive|[silent]
|
|upkeep
|
|t:|1743904262
|switch|p2a: Dragapult|Dragapult, F, shiny|100/100
|turn|7
|
|t:|1743904268
|switch|p1a: Comfey|Comfey, M|100/100
|move|p2a: Dragapult|Dragon Darts|p1a: Comfey
|-immune|p1a: Comfey
|
|upkeep
|turn|8
|
|t:|1743904278
|move|p2a: Dragapult|Phantom Force||[still]
|-prepare|p2a: Dragapult|Phantom Force
|move|p1a: Comfey|Calm Mind|p1a: Comfey
|-boost|p1a: Comfey|spa|1
|-boost|p1a: Comfey|spd|1
|
|upkeep
|turn|9
|
|t:|1743904290
|move|p2a: Dragapult|Phantom Force|p1a: Comfey|[from] lockedmove
|-damage|p1a: Comfey|40/100
|move|p1a: Comfey|Calm Mind|p1a: Comfey
|-boost|p1a: Comfey|spa|1
|-boost|p1a: Comfey|spd|1
|
|-heal|p1a: Comfey|47/100|[from] item: Leftovers
|upkeep
|turn|10
|
|t:|1743904299
|move|p1a: Comfey|Draining Kiss|p2a: Dragapult
|-supereffective|p2a: Dragapult
|-damage|p2a: Dragapult|25/100
|-heal|p1a: Comfey|100/100|[from] drain|[of] p2a: Dragapult
|move|p2a: Dragapult|Phantom Force||[still]
|-prepare|p2a: Dragapult|Phantom Force
|
|upkeep
|turn|11
|
|t:|1743904309
|move|p2a: Dragapult|Phantom Force|p1a: Comfey|[from] lockedmove
|-damage|p1a: Comfey|40/100
|move|p1a: Comfey|Calm Mind|p1a: Comfey
|-boost|p1a: Comfey|spa|1
|-boost|p1a: Comfey|spd|1
|
|-heal|p1a: Comfey|46/100|[from] item: Leftovers
|upkeep
|turn|12
|
|t:|1743904318
|move|p1a: Comfey|Draining Kiss|p2a: Dragapult
|-supereffective|p2a: Dragapult
|-damage|p2a: Dragapult|0 fnt
|-heal|p1a: Comfey|65/100|[from] drain|[of] p2a: Dragapult
|faint|p2a: Dragapult
|
|-heal|p1a: Comfey|71/100|[from] item: Leftovers
|upkeep
|
|t:|1743904332
|switch|p2a: Garganacl|Garganacl, F, shiny|100/100
|turn|13
|
|t:|1743904335
|move|p1a: Comfey|Leech Seed|p2a: Garganacl
|-start|p2a: Garganacl|move: Leech Seed
|move|p2a: Garganacl|Salt Cure|p1a: Comfey
|-damage|p1a: Comfey|55/100
|-start|p1a: Comfey|Salt Cure
|
|-heal|p1a: Comfey|61/100|[from] item: Leftovers
|-damage|p2a: Garganacl|88/100|[from] Leech Seed|[of] p1a: Comfey
|-heal|p1a: Comfey|78/100|[silent]
|-damage|p1a: Comfey|65/100|[from] Salt Cure
|upkeep
|turn|14
|
|t:|1743904346
|move|p1a: Comfey|Giga Drain|p2a: Garganacl
|-supereffective|p2a: Garganacl
|-damage|p2a: Garganacl|30/100
|-heal|p1a: Comfey|100/100|[from] drain|[of] p2a: Garganacl
|move|p2a: Garganacl|Salt Cure|p1a: Comfey
|-damage|p1a: Comfey|85/100
|
|-heal|p1a: Comfey|91/100|[from] item: Leftovers
|-heal|p2a: Garganacl|36/100|[from] item: Leftovers
|-damage|p2a: Garganacl|24/100|[from] Leech Seed|[of] p1a: Comfey
|-heal|p1a: Comfey|100/100|[silent]
|-damage|p1a: Comfey|88/100|[from] Salt Cure
|upkeep
|turn|15
|
|t:|1743904365
|move|p1a: Comfey|Giga Drain|p2a: Garganacl
|-supereffective|p2a: Garganacl
|-damage|p2a: Garganacl|0 fnt
|-heal|p1a: Comfey|100/100|[from] drain|[of] p2a: Garganacl
|faint|p2a: Garganacl
|
|-damage|p1a: Comfey|88/100|[from] Salt Cure
|upkeep
|
|t:|1743904371
|switch|p2a: Gholdengo|Gholdengo, shiny|100/100
|turn|16
|
|t:|1743904379
|move|p1a: Comfey|Draining Kiss|p2a: Gholdengo
|-resisted|p2a: Gholdengo
|-damage|p2a: Gholdengo|84/100
|-heal|p1a: Comfey|100/100|[from] drain|[of] p2a: Gholdengo
|move|p2a: Gholdengo|Make It Rain|p1a: Comfey
|-supereffective|p1a: Comfey
|-damage|p1a: Comfey|42/100
|-unboost|p2a: Gholdengo|spa|1
|-damage|p2a: Gholdengo|74/100|[from] item: Life Orb
|
|-heal|p1a: Comfey|48/100|[from] item: Leftovers
|-damage|p1a: Comfey|36/100|[from] Salt Cure
|upkeep
|turn|17
|
|t:|1743904394
|move|p1a: Comfey|Giga Drain|p2a: Gholdengo
|-resisted|p2a: Gholdengo
|-damage|p2a: Gholdengo|57/100
|-heal|p1a: Comfey|46/100|[from] drain|[of] p2a: Gholdengo
|move|p2a: Gholdengo|Make It Rain|p1a: Comfey
|-supereffective|p1a: Comfey
|-damage|p1a: Comfey|8/100
|-unboost|p2a: Gholdengo|spa|1
|-damage|p2a: Gholdengo|48/100|[from] item: Life Orb
|
|-heal|p1a: Comfey|14/100|[from] item: Leftovers
|-damage|p1a: Comfey|1/100|[from] Salt Cure
|upkeep
|turn|18
|
|t:|1743904415
|move|p1a: Comfey|Giga Drain|p2a: Gholdengo
|-resisted|p2a: Gholdengo
|-damage|p2a: Gholdengo|30/100
|-heal|p1a: Comfey|13/100|[from] drain|[of] p2a: Gholdengo
|move|p2a: Gholdengo|Make It Rain|p1a: Comfey
|-supereffective|p1a: Comfey
|-damage|p1a: Comfey|0 fnt
|-unboost|p2a: Gholdengo|spa|1
|faint|p1a: Comfey
|-damage|p2a: Gholdengo|20/100|[from] item: Life Orb
|
|upkeep
|
|t:|1743904431
|switch|p1a: Maushold|Maushold|100/100
|turn|19
|
|t:|1743904436
|switch|p2a: Quaquaval|Quaquaval, M, shiny|100/100
|move|p1a: Maushold|Tidy Up|p1a: Maushold
|-boost|p1a: Maushold|atk|1
|-boost|p1a: Maushold|spe|1
|
|upkeep
|turn|20
|
|t:|1743904450
|move|p1a: Maushold|Population Bomb|p2a: Quaquaval
|-damage|p2a: Quaquaval|79/100
|-damage|p2a: Quaquaval|57/100
|-damage|p2a: Quaquaval|34/100
|-damage|p2a: Quaquaval|9/100
|-damage|p2a: Quaquaval|0 fnt
|faint|p2a: Quaquaval
|-hitcount|p2: Quaquaval|5
|
|upkeep
|
|t:|1743904460
|switch|p2a: Gholdengo|Gholdengo, shiny|20/100
|turn|21
|
|t:|1743904467
|move|p1a: Maushold|Bite|p2a: Gholdengo
|-supereffective|p2a: Gholdengo
|-damage|p2a: Gholdengo|0 fnt
|faint|p2a: Gholdengo
|
|win|Dadhurtme
|raw|Dadhurtme's rating: 1214 &rarr; <strong>1238</strong><br />(+24 for winning)
|raw|Teddy12321's rating: 1194 &rarr; <strong>1170</strong><br />(-24 for losing)
|l|☆Teddy12321
|player|p2|
|l|☆Dadhurtme
|player|p1|
