|j|☆Topclass-A
|j|☆metakill4r
|t:|1743821071
|gametype|singles
|player|p1|Topclass-A|101|1585
|player|p2|metakill4r|boarder|1608
|teamsize|p1|6
|teamsize|p2|6
|gen|9
|tier|[Gen 9] OU
|rated|
|rule|HP Percentage Mod: HP is shown in percentages
|rule|Endless Battle Clause: Forcing endless battles is banned
|rule|Species Clause: Limit one of each Pokémon
|rule|OHKO Clause: OHKO moves are banned
|rule|Evasion Items Clause: Evasion items are banned
|rule|Evasion Moves Clause: Evasion moves are banned
|rule|Sleep Moves Clause: Sleep-inducing moves are banned
|clearpoke
|poke|p1|Samurott-Hisui, F|
|poke|p1|Kingambit, F|
|poke|p1|Great Tusk|
|poke|p1|Ogerpon-Wellspring, F|
|poke|p1|Landorus-Therian, M|
|poke|p1|Iron Moth|
|poke|p2|Landorus-Therian, M|
|poke|p2|Talonflame, M|
|poke|p2|Crawdaunt, F|
|poke|p2|Hatterene, F|
|poke|p2|Kyurem|
|poke|p2|Gholdengo|
|teampreview
|inactive|Battle timer is ON: inactive players will automatically lose when time's up. (requested by Topclass-A)
|inactive|metakill4r has 120 seconds left.
|j| SL1003
|l| SL1003
|inactive|metakill4r has 90 seconds left.
|
|t:|1743821150
|start
|switch|p1a: Samurott|Samurott-Hisui, F|100/100
|switch|p2a: Landorus|Landorus-Therian, M|100/100
|-ability|p2a: Landorus|Intimidate|boost
|-unboost|p1a: Samurott|atk|1
|turn|1
|inactive|Topclass-A has 120 seconds left.
|
|t:|1743821197
|move|p2a: Landorus|Stealth Rock|p1a: Samurott
|-sidestart|p1: Topclass-A|move: Stealth Rock
|move|p1a: Samurott|Ceaseless Edge|p2a: Landorus
|-crit|p2a: Landorus
|-damage|p2a: Landorus|30/100
|-damage|p1a: Samurott|84/100|[from] item: Rocky Helmet|[of] p2a: Landorus
|-sidestart|p2: metakill4r|Spikes
|
|upkeep
|turn|2
|
|t:|1743821204
|move|p2a: Landorus|U-turn|p1a: Samurott
|-supereffective|p1a: Samurott
|-damage|p1a: Samurott|25/100
|
|t:|1743821210
|switch|p2a: Hatterene|Hatterene, F|100/100|[from] U-turn
|-damage|p2a: Hatterene|88/100|[from] Spikes
|move|p1a: Samurott|Ceaseless Edge|p2a: Hatterene|[miss]
|-miss|p1a: Samurott|p2a: Hatterene
|
|upkeep
|turn|3
|inactive|Topclass-A has 120 seconds left.
|
|t:|1743821229
|move|p1a: Samurott|Ceaseless Edge|p2a: Hatterene
|-damage|p2a: Hatterene|57/100
|-sidestart|p2: metakill4r|Spikes
|move|p2a: Hatterene|Draining Kiss|p1a: Samurott
|-supereffective|p1a: Samurott
|-damage|p1a: Samurott|0 fnt
|-heal|p2a: Hatterene|76/100|[from] drain|[of] p1a: Samurott
|faint|p1a: Samurott
|
|upkeep
|
|t:|1743821235
|switch|p1a: Iron Moth|Iron Moth|100/100
|-damage|p1a: Iron Moth|75/100|[from] Stealth Rock
|-enditem|p1a: Iron Moth|Booster Energy
|-activate|p1a: Iron Moth|ability: Quark Drive|[fromitem]
|-start|p1a: Iron Moth|quarkdrivespe
|turn|4
|
|t:|1743821257
|move|p1a: Iron Moth|Substitute|p1a: Iron Moth
|-start|p1a: Iron Moth|Substitute
|-damage|p1a: Iron Moth|50/100
|move|p2a: Hatterene|Psyshock|p1a: Iron Moth
|-supereffective|p1a: Iron Moth
|-end|p1a: Iron Moth|Substitute
|
|upkeep
|turn|5
|
|t:|1743821265
|move|p1a: Iron Moth|Sludge Wave|p2a: Hatterene
|-supereffective|p2a: Hatterene
|-damage|p2a: Hatterene|12/100
|move|p2a: Hatterene|Psyshock|p1a: Iron Moth
|-supereffective|p1a: Iron Moth
|-damage|p1a: Iron Moth|0 fnt
|faint|p1a: Iron Moth
|-end|p1a: Iron Moth|Quark Drive|[silent]
|
|upkeep
|
|t:|1743821267
|switch|p1a: Great Tusk|Great Tusk|100/100
|-damage|p1a: Great Tusk|98/100|[from] Stealth Rock
|-enditem|p1a: Great Tusk|Booster Energy
|-activate|p1a: Great Tusk|ability: Protosynthesis|[fromitem]
|-start|p1a: Great Tusk|protosynthesisatk
|turn|6
|
|t:|1743821270
|move|p1a: Great Tusk|Rapid Spin|p2a: Hatterene
|-damage|p2a: Hatterene|0 fnt
|-boost|p1a: Great Tusk|spe|1
|-sideend|p1: Topclass-A|Stealth Rock|[from] move: Rapid Spin|[of] p1a: Great Tusk
|faint|p2a: Hatterene
|
|upkeep
|
|t:|1743821275
|switch|p2a: Landorus|Landorus-Therian, M|30/100
|-ability|p2a: Landorus|Intimidate|boost
|-unboost|p1a: Great Tusk|atk|1
|turn|7
|
|t:|1743821281
|move|p1a: Great Tusk|Ice Spinner|p2a: Landorus
|-supereffective|p2a: Landorus
|-damage|p2a: Landorus|0 fnt
|-damage|p1a: Great Tusk|81/100|[from] item: Rocky Helmet|[of] p2a: Landorus
|faint|p2a: Landorus
|
|upkeep
|
|t:|1743821304
|switch|p2a: Talonflame|Talonflame, M|100/100
|turn|8
|
|t:|1743821328
|move|p1a: Great Tusk|Knock Off|p2a: Talonflame
|-damage|p2a: Talonflame|71/100
|-enditem|p2a: Talonflame|Heavy-Duty Boots|[from] move: Knock Off|[of] p1a: Great Tusk
|move|p2a: Talonflame|Will-O-Wisp|p1a: Great Tusk
|-status|p1a: Great Tusk|brn
|
|-damage|p1a: Great Tusk|75/100 brn|[from] brn
|upkeep
|turn|9
|
|t:|1743821336
|-end|p1a: Great Tusk|Protosynthesis|[silent]
|switch|p1a: Landorus|Landorus-Therian, M|100/100
|-ability|p1a: Landorus|Intimidate|boost
|-unboost|p2a: Talonflame|atk|1
|move|p2a: Talonflame|Defog|p1a: Landorus
|-unboost|p1a: Landorus|evasion|1
|-sideend|p2: metakill4r|Spikes|[from] move: Defog|[of] p2a: Talonflame
|
|upkeep
|turn|10
|
|t:|1743821344
|move|p2a: Talonflame|Will-O-Wisp|p1a: Landorus
|-status|p1a: Landorus|brn
|move|p1a: Landorus|Stealth Rock|p2a: Talonflame
|-sidestart|p2: metakill4r|move: Stealth Rock
|
|-damage|p1a: Landorus|94/100 brn|[from] brn
|upkeep
|turn|11
|
|t:|1743821350
|switch|p1a: Ogerpon|Ogerpon-Wellspring, F|100/100
|move|p2a: Talonflame|Defog|p1a: Ogerpon
|-unboost|p1a: Ogerpon|evasion|1
|-sideend|p2: metakill4r|Stealth Rock|[from] move: Defog|[of] p2a: Talonflame
|
|upkeep
|turn|12
|
|t:|1743821356
|-terastallize|p2a: Talonflame|Ghost
|move|p1a: Ogerpon|Ivy Cudgel|p2a: Talonflame|[anim] Ivy Cudgel Water
|-crit|p2a: Talonflame
|-damage|p2a: Talonflame|0 fnt
|faint|p2a: Talonflame
|
|upkeep
|
|t:|1743821362
|switch|p2a: Gucci Mane|Kyurem|100/100
|-ability|p2a: Gucci Mane|Pressure
|turn|13
|
|t:|1743821369
|switch|p1a: Kingambit|Kingambit, F|100/100
|-activate|p1a: Kingambit|ability: Supreme Overlord
|-start|p1a: Kingambit|fallen2|[silent]
|move|p2a: Gucci Mane|Freeze-Dry|p1a: Kingambit
|-resisted|p1a: Kingambit
|-damage|p1a: Kingambit|83/100
|
|upkeep
|turn|14
|
|t:|1743821373
|move|p2a: Gucci Mane|Earth Power|p1a: Kingambit
|-supereffective|p1a: Kingambit
|-damage|p1a: Kingambit|31/100
|move|p1a: Kingambit|Iron Head|p2a: Gucci Mane
|-supereffective|p2a: Gucci Mane
|-damage|p2a: Gucci Mane|0 fnt
|faint|p2a: Gucci Mane
|
|upkeep
|
|t:|1743821378
|switch|p2a: Knock Em Off|Crawdaunt, F|100/100
|turn|15
|
|t:|1743821390
|move|p2a: Knock Em Off|Knock Off|p1a: Kingambit
|-resisted|p1a: Kingambit
|-damage|p1a: Kingambit|0 fnt
|-enditem|p1a: Kingambit|Lum Berry|[from] move: Knock Off|[of] p2a: Knock Em Off
|faint|p1a: Kingambit
|-end|p1a: Kingambit|fallen2|[silent]
|
|upkeep
|
|t:|1743821393
|switch|p1a: Landorus|Landorus-Therian, M|94/100 brn
|-ability|p1a: Landorus|Intimidate|boost
|-unboost|p2a: Knock Em Off|atk|1
|turn|16
|
|t:|1743821404
|move|p1a: Landorus|Earth Power|p2a: Knock Em Off
|-damage|p2a: Knock Em Off|22/100
|move|p2a: Knock Em Off|Knock Off|p1a: Landorus
|-damage|p1a: Landorus|21/100 brn
|-damage|p2a: Knock Em Off|6/100|[from] item: Rocky Helmet|[of] p1a: Landorus
|-enditem|p1a: Landorus|Rocky Helmet|[from] move: Knock Off|[of] p2a: Knock Em Off
|
|-damage|p1a: Landorus|15/100 brn|[from] brn
|upkeep
|turn|17
|
|t:|1743821412
|switch|p1a: Ogerpon|Ogerpon-Wellspring, F|100/100
|switch|p2a: Gholdengo|Gholdengo|100/100
|
|upkeep
|turn|18
|
|t:|1743821418
|move|p2a: Gholdengo|Shadow Ball|p1a: Ogerpon
|-damage|p1a: Ogerpon|55/100
|-unboost|p1a: Ogerpon|spd|1
|move|p1a: Ogerpon|Knock Off|p2a: Gholdengo
|-supereffective|p2a: Gholdengo
|-damage|p2a: Gholdengo|10/100
|-enditem|p2a: Gholdengo|Choice Scarf|[from] move: Knock Off|[of] p1a: Ogerpon
|
|upkeep
|turn|19
|
|t:|1743821428
|move|p1a: Ogerpon|Ivy Cudgel|p2a: Gholdengo|[anim] Ivy Cudgel Water
|-damage|p2a: Gholdengo|0 fnt
|faint|p2a: Gholdengo
|
|upkeep
|-message|metakill4r forfeited.
|
|win|Topclass-A
|raw|Topclass-A's rating: 1585 &rarr; <strong>1606</strong><br />(+21 for winning)
|raw|metakill4r's rating: 1608 &rarr; <strong>1587</strong><br />(-21 for losing)
|l|☆metakill4r
|player|p2|
|l|☆Topclass-A
|player|p1|
