|j|☆soldejtb
|j|☆Giraphael69
|t:|1743798204
|gametype|singles
|player|p1|soldejtb|fantina|1157
|player|p2|Giraphael69|teamrocket|1130
|teamsize|p1|6
|teamsize|p2|6
|gen|9
|tier|[Gen 9] OU
|rated|
|rule|HP Percentage Mod: HP is shown in percentages
|rule|Endless Battle Clause: Forcing endless battles is banned
|rule|Species Clause: Limit one of each Pokémon
|rule|OHKO Clause: OHKO moves are banned
|rule|Evasion Items Clause: Evasion items are banned
|rule|Evasion Moves Clause: Evasion moves are banned
|rule|Sleep Moves Clause: Sleep-inducing moves are banned
|clearpoke
|poke|p1|Iron Valiant|
|poke|p1|Toxapex, F|
|poke|p1|Gholdengo|
|poke|p1|Excadrill, M|
|poke|p1|Dragapult, M|
|poke|p1|Enamorus, F|
|poke|p2|Torterra, M|
|poke|p2|Cloyster, M|
|poke|p2|Polteageist-Antique|
|poke|p2|Blastoise, M|
|poke|p2|Magcargo, F|
|poke|p2|Drednaw, M|
|teampreview
|inactive|Battle timer is ON: inactive players will automatically lose when time's up. (requested by Giraphael69)
|
|t:|1743798218
|start
|switch|p1a: Iron Valiant|Iron Valiant, shiny|100/100
|switch|p2a: Slugma balls|Magcargo, F, shiny|100/100
|-item|p2a: Slugma balls|Air Balloon
|-enditem|p1a: Iron Valiant|Booster Energy
|-activate|p1a: Iron Valiant|ability: Quark Drive|[fromitem]
|-start|p1a: Iron Valiant|quarkdrivespe
|turn|1
|
|t:|1743798225
|-terastallize|p2a: Slugma balls|Grass
|move|p1a: Iron Valiant|Close Combat|p2a: Slugma balls
|-damage|p2a: Slugma balls|35/100
|-unboost|p1a: Iron Valiant|def|1
|-unboost|p1a: Iron Valiant|spd|1
|-ability|p2a: Slugma balls|Weak Armor|boost
|-unboost|p2a: Slugma balls|def|1
|-boost|p2a: Slugma balls|spe|2
|-enditem|p2a: Slugma balls|Air Balloon
|move|p2a: Slugma balls|Shell Smash|p2a: Slugma balls
|-unboost|p2a: Slugma balls|def|1
|-unboost|p2a: Slugma balls|spd|1
|-boost|p2a: Slugma balls|atk|2
|-boost|p2a: Slugma balls|spa|2
|-boost|p2a: Slugma balls|spe|2
|
|upkeep
|turn|2
|
|t:|1743798237
|move|p1a: Iron Valiant|Knock Off|p2a: Slugma balls
|-damage|p2a: Slugma balls|0 fnt
|faint|p2a: Slugma balls
|
|upkeep
|
|t:|1743798251
|switch|p2a: Tea-Pain|Polteageist-Antique|100/100
|turn|3
|
|t:|1743798262
|move|p1a: Iron Valiant|Knock Off|p2a: Tea-Pain
|-supereffective|p2a: Tea-Pain
|-enditem|p2a: Tea-Pain|Focus Sash
|-damage|p2a: Tea-Pain|1/100
|move|p2a: Tea-Pain|Psychic|p1a: Iron Valiant
|-supereffective|p1a: Iron Valiant
|-damage|p1a: Iron Valiant|0 fnt
|faint|p1a: Iron Valiant
|-end|p1a: Iron Valiant|Quark Drive|[silent]
|
|upkeep
|
|t:|1743798277
|switch|p1a: Enamorus|Enamorus, F|100/100
|turn|4
|
|t:|1743798282
|move|p1a: Enamorus|Alluring Voice|p2a: Tea-Pain
|-damage|p2a: Tea-Pain|0 fnt
|faint|p2a: Tea-Pain
|-damage|p1a: Enamorus|91/100|[from] item: Life Orb
|
|upkeep
|
|t:|1743798286
|switch|p2a: Terrence|Torterra, M|100/100
|turn|5
|
|t:|1743798297
|move|p1a: Enamorus|Mystical Fire|p2a: Terrence
|-supereffective|p2a: Terrence
|-damage|p2a: Terrence|21/100
|-unboost|p2a: Terrence|spa|1
|-damage|p1a: Enamorus|81/100|[from] item: Life Orb
|move|p2a: Terrence|Shell Smash|p2a: Terrence
|-unboost|p2a: Terrence|def|1
|-unboost|p2a: Terrence|spd|1
|-boost|p2a: Terrence|atk|2
|-boost|p2a: Terrence|spa|2
|-boost|p2a: Terrence|spe|2
|
|upkeep
|turn|6
|
|t:|1743798307
|move|p2a: Terrence|Rock Blast|p1a: Enamorus
|-supereffective|p1a: Enamorus
|-damage|p1a: Enamorus|33/100
|-supereffective|p1a: Enamorus
|-damage|p1a: Enamorus|0 fnt
|faint|p1a: Enamorus
|-hitcount|p1: Enamorus|2
|
|upkeep
|
|t:|1743798315
|switch|p1a: Gholdengo|Gholdengo|100/100
|turn|7
|
|t:|1743798322
|move|p2a: Terrence|Earthquake|p1a: Gholdengo
|-supereffective|p1a: Gholdengo
|-damage|p1a: Gholdengo|0 fnt
|faint|p1a: Gholdengo
|
|upkeep
|
|t:|1743798327
|switch|p1a: Dragapult|Dragapult, M|100/100
|turn|8
|
|t:|1743798340
|move|p2a: Terrence|Earthquake|p1a: Dragapult
|-damage|p1a: Dragapult|0 fnt
|faint|p1a: Dragapult
|
|upkeep
|-message|soldejtb forfeited.
|
|win|Giraphael69
|raw|soldejtb's rating: 1157 &rarr; <strong>1130</strong><br />(-27 for losing)
|raw|Giraphael69's rating: 1130 &rarr; <strong>1157</strong><br />(+27 for winning)
|l|☆soldejtb
|player|p1|
|l|☆Giraphael69
|player|p2|
