|j|☆MKUtopias
|j|☆sleeper sweeper-z
|t:|1743795399
|gametype|singles
|player|p1|MKUtopias|lance-gen3|1277
|player|p2|sleeper sweeper-z|265|1265
|teamsize|p1|6
|teamsize|p2|6
|gen|9
|tier|[Gen 9] OU
|rated|
|rule|HP Percentage Mod: HP is shown in percentages
|rule|Endless Battle Clause: Forcing endless battles is banned
|rule|Species Clause: Limit one of each Pokémon
|rule|OHKO Clause: OHKO moves are banned
|rule|Evasion Items Clause: Evasion items are banned
|rule|Evasion Moves Clause: Evasion moves are banned
|rule|Sleep Moves Clause: Sleep-inducing moves are banned
|clearpoke
|poke|p1|Kyurem|
|poke|p1|Slowking-Galar, F|
|poke|p1|Moltres|
|poke|p1|Porygon-Z|
|poke|p1|Iron Treads|
|poke|p1|Araquanid, F|
|poke|p2|Darkrai|
|poke|p2|Pelipper, F|
|poke|p2|Iron Treads|
|poke|p2|Araquanid, M|
|poke|p2|Zapdos|
|poke|p2|Skeledirge, F|
|teampreview
|inactive|Battle timer is ON: inactive players will automatically lose when time's up. (requested by MKUtopias)
|
|t:|1743795421
|start
|switch|p1a: Iron Treads|Iron Treads|100/100
|switch|p2a: Iron Treads|Iron Treads|100/100
|turn|1
|
|t:|1743795429
|-end|p2a: Iron Treads|Quark Drive|[silent]
|switch|p2a: Zapdos|Zapdos|100/100
|move|p1a: Iron Treads|Iron Defense|p1a: Iron Treads
|-boost|p1a: Iron Treads|def|2
|
|upkeep
|turn|2
|
|t:|1743795434
|move|p1a: Iron Treads|Knock Off|p2a: Zapdos
|-damage|p2a: Zapdos|80/100
|-enditem|p2a: Zapdos|Heavy-Duty Boots|[from] move: Knock Off|[of] p1a: Iron Treads
|move|p2a: Zapdos|U-turn|p1a: Iron Treads
|-resisted|p1a: Iron Treads
|-damage|p1a: Iron Treads|97/100
|
|t:|1743795439
|switch|p2a: Pelipper|Pelipper, F|100/100|[from] U-turn
|-weather|RainDance|[from] ability: Drizzle|[of] p2a: Pelipper
|
|-weather|RainDance|[upkeep]
|-heal|p1a: Iron Treads|100/100|[from] item: Leftovers
|upkeep
|turn|3
|
|t:|1743795446
|move|p1a: Iron Treads|Knock Off|p2a: Pelipper
|-damage|p2a: Pelipper|76/100
|-enditem|p2a: Pelipper|Heavy-Duty Boots|[from] move: Knock Off|[of] p1a: Iron Treads
|move|p2a: Pelipper|Weather Ball|p1a: Iron Treads
|-supereffective|p1a: Iron Treads
|-damage|p1a: Iron Treads|0 fnt
|faint|p1a: Iron Treads
|-end|p1a: Iron Treads|Quark Drive|[silent]
|
|-weather|RainDance|[upkeep]
|upkeep
|
|t:|1743795458
|switch|p1a: Kyurem|Kyurem, shiny|100/100
|-ability|p1a: Kyurem|Pressure
|turn|4
|
|t:|1743795463
|switch|p2a: Skeledirge|Skeledirge, F|100/100
|move|p1a: Kyurem|Freeze-Dry|p2a: Skeledirge
|-resisted|p2a: Skeledirge
|-damage|p2a: Skeledirge|80/100
|-status|p2a: Skeledirge|frz
|
|-weather|RainDance|[upkeep]
|upkeep
|turn|5
|
|t:|1743795471
|switch|p1a: Slowking|Slowking-Galar, F|100/100
|cant|p2a: Skeledirge|frz
|
|-weather|RainDance|[upkeep]
|upkeep
|turn|6
|
|t:|1743795478
|cant|p2a: Skeledirge|frz
|move|p1a: Slowking|Psyshock|p2a: Skeledirge
|-damage|p2a: Skeledirge|63/100 frz
|
|-weather|none
|upkeep
|turn|7
|
|t:|1743795482
|cant|p2a: Skeledirge|frz
|move|p1a: Slowking|Psyshock|p2a: Skeledirge
|-damage|p2a: Skeledirge|44/100 frz
|
|upkeep
|turn|8
|
|t:|1743795486
|-curestatus|p2a: Skeledirge|frz|[msg]
|move|p2a: Skeledirge|Slack Off|p2a: Skeledirge
|-heal|p2a: Skeledirge|94/100
|move|p1a: Slowking|Psyshock|p2a: Skeledirge
|-damage|p2a: Skeledirge|76/100
|
|upkeep
|turn|9
|
|t:|1743795494
|move|p2a: Skeledirge|Torch Song|p1a: Slowking
|-damage|p1a: Slowking|83/100
|-boost|p2a: Skeledirge|spa|1
|move|p1a: Slowking|Thunder Wave|p2a: Skeledirge
|-status|p2a: Skeledirge|par
|
|-heal|p1a: Slowking|89/100|[from] item: Black Sludge
|upkeep
|turn|10
|
|t:|1743795500
|move|p2a: Skeledirge|Torch Song|p1a: Slowking
|-damage|p1a: Slowking|58/100
|-boost|p2a: Skeledirge|spa|1
|-prepare|p1a: Slowking|Chilly Reception|[premajor]
|move|p1a: Slowking|Chilly Reception|p1a: Slowking
|-weather|Snowscape
|
|t:|1743795504
|switch|p1a: Araquanid|Araquanid, F, shiny|100/100|[from] Chilly Reception
|
|-weather|Snowscape|[upkeep]
|upkeep
|turn|11
|
|t:|1743795523
|switch|p2a: Zapdos|Zapdos|80/100
|move|p1a: Araquanid|Sticky Web|p2a: Zapdos
|-sidestart|p2: sleeper sweeper-z|move: Sticky Web
|
|-weather|Snowscape|[upkeep]
|upkeep
|turn|12
|
|t:|1743795532
|move|p2a: Zapdos|Discharge|p1a: Araquanid
|-supereffective|p1a: Araquanid
|-damage|p1a: Araquanid|51/100
|move|p1a: Araquanid|Liquidation|p2a: Zapdos
|-damage|p2a: Zapdos|39/100
|
|-weather|Snowscape|[upkeep]
|upkeep
|turn|13
|
|t:|1743795539
|move|p2a: Zapdos|Roost|p2a: Zapdos
|-heal|p2a: Zapdos|89/100
|-singleturn|p2a: Zapdos|move: Roost
|move|p1a: Araquanid|Liquidation|p2a: Zapdos
|-crit|p2a: Zapdos
|-damage|p2a: Zapdos|29/100
|
|-weather|Snowscape|[upkeep]
|upkeep
|turn|14
|
|t:|1743795544
|move|p2a: Zapdos|Roost|p2a: Zapdos
|-heal|p2a: Zapdos|79/100
|-singleturn|p2a: Zapdos|move: Roost
|move|p1a: Araquanid|Liquidation|p2a: Zapdos
|-damage|p2a: Zapdos|37/100
|-status|p1a: Araquanid|par|[from] ability: Static|[of] p2a: Zapdos
|
|-weather|none
|upkeep
|turn|15
|
|t:|1743795549
|move|p2a: Zapdos|Roost|p2a: Zapdos
|-heal|p2a: Zapdos|87/100
|-singleturn|p2a: Zapdos|move: Roost
|move|p1a: Araquanid|Liquidation|p2a: Zapdos
|-damage|p2a: Zapdos|43/100
|
|upkeep
|turn|16
|
|t:|1743795552
|move|p2a: Zapdos|Roost|p2a: Zapdos
|-heal|p2a: Zapdos|93/100
|-singleturn|p2a: Zapdos|move: Roost
|cant|p1a: Araquanid|par
|
|upkeep
|turn|17
|
|t:|1743795557
|move|p2a: Zapdos|Discharge|p1a: Araquanid
|-supereffective|p1a: Araquanid
|-damage|p1a: Araquanid|0 fnt
|faint|p1a: Araquanid
|
|upkeep
|
|t:|1743795565
|switch|p1a: Porygon-Z|Porygon-Z|100/100
|-ability|p1a: Porygon-Z|Download|boost
|-boost|p1a: Porygon-Z|spa|1
|turn|18
|
|t:|1743795571
|-terastallize|p1a: Porygon-Z|Ground
|move|p1a: Porygon-Z|Nasty Plot|p1a: Porygon-Z
|-boost|p1a: Porygon-Z|spa|2
|move|p2a: Zapdos|U-turn|p1a: Porygon-Z
|-damage|p1a: Porygon-Z|82/100
|
|t:|1743795576
|switch|p2a: Skeledirge|Skeledirge, F|76/100 par|[from] U-turn
|
|upkeep
|turn|19
|
|t:|1743795579
|-terastallize|p2a: Skeledirge|Fairy
|move|p1a: Porygon-Z|Tera Blast|p2a: Skeledirge|[anim] Tera Blast Ground
|-crit|p2a: Skeledirge
|-damage|p2a: Skeledirge|0 fnt
|faint|p2a: Skeledirge
|-damage|p1a: Porygon-Z|72/100|[from] item: Life Orb
|
|upkeep
|
|t:|1743795593
|switch|p2a: Araquanid|Araquanid, M|100/100
|turn|20
|
|t:|1743795597
|move|p1a: Porygon-Z|Thunderbolt|p2a: Araquanid
|-supereffective|p2a: Araquanid
|-damage|p2a: Araquanid|0 fnt
|faint|p2a: Araquanid
|-damage|p1a: Porygon-Z|62/100|[from] item: Life Orb
|
|upkeep
|
|t:|1743795608
|switch|p2a: Iron Treads|Iron Treads|100/100
|-activate|p2a: Iron Treads|move: Sticky Web
|-unboost|p2a: Iron Treads|spe|1
|turn|21
|
|t:|1743795615
|move|p1a: Porygon-Z|Tera Blast|p2a: Iron Treads|[anim] Tera Blast Ground
|-supereffective|p2a: Iron Treads
|-damage|p2a: Iron Treads|0 fnt
|faint|p2a: Iron Treads
|-end|p2a: Iron Treads|Quark Drive|[silent]
|-damage|p1a: Porygon-Z|52/100|[from] item: Life Orb
|
|upkeep
|
|t:|1743795618
|switch|p2a: Pelipper|Pelipper, F|76/100
|-weather|RainDance|[from] ability: Drizzle|[of] p2a: Pelipper
|turn|22
|
|t:|1743795624
|move|p1a: Porygon-Z|Thunderbolt|p2a: Pelipper
|-supereffective|p2a: Pelipper
|-damage|p2a: Pelipper|0 fnt
|faint|p2a: Pelipper
|-damage|p1a: Porygon-Z|42/100|[from] item: Life Orb
|
|-weather|RainDance|[upkeep]
|upkeep
|
|t:|1743795626
|switch|p2a: Zapdos|Zapdos|93/100
|turn|23
|
|t:|1743795629
|move|p1a: Porygon-Z|Ice Beam|p2a: Zapdos
|-supereffective|p2a: Zapdos
|-damage|p2a: Zapdos|0 fnt
|faint|p2a: Zapdos
|-damage|p1a: Porygon-Z|32/100|[from] item: Life Orb
|
|-weather|RainDance|[upkeep]
|upkeep
|
|t:|1743795632
|switch|p2a: Darkrai|Darkrai|100/100
|-activate|p2a: Darkrai|move: Sticky Web
|-unboost|p2a: Darkrai|spe|1
|turn|24
|
|t:|1743795638
|move|p1a: Porygon-Z|Tera Blast|p2a: Darkrai|[anim] Tera Blast Ground
|-damage|p2a: Darkrai|0 fnt
|faint|p2a: Darkrai
|-damage|p1a: Porygon-Z|22/100|[from] item: Life Orb
|
|win|MKUtopias
|raw|MKUtopias's rating: 1277 &rarr; <strong>1301</strong><br />(+24 for winning)
|raw|sleeper sweeper-z's rating: 1265 &rarr; <strong>1241</strong><br />(-24 for losing)
