|j|☆sumerand
|j|☆tasty sardine 408
|t:|1743885491
|gametype|singles
|player|p1|sumerand|ghetsis|1344
|player|p2|tasty sardine 408|harlequin|1387
|teamsize|p1|6
|teamsize|p2|6
|gen|9
|tier|[Gen 9] OU
|rated|
|rule|HP Percentage Mod: HP is shown in percentages
|rule|Endless Battle Clause: Forcing endless battles is banned
|rule|Species Clause: Limit one of each Pokémon
|rule|OHKO Clause: OHKO moves are banned
|rule|Evasion Items Clause: Evasion items are banned
|rule|Evasion Moves Clause: Evasion moves are banned
|rule|Sleep Moves Clause: Sleep-inducing moves are banned
|clearpoke
|poke|p1|Inteleon, M|
|poke|p1|Dragapult, F|
|poke|p1|Cinderace, M|
|poke|p1|Corviknight, F|
|poke|p1|Alomomola, F|
|poke|p1|Ting-Lu|
|poke|p2|Feraligatr, M|
|poke|p2|Umbreon, F|
|poke|p2|Serperior, F|
|poke|p2|Cresselia, F|
|poke|p2|Revavroom, F|
|poke|p2|Entei|
|teampreview
|inactive|Battle timer is ON: inactive players will automatically lose when time's up. (requested by tasty sardine 408)
|
|t:|1743885496
|start
|switch|p1a: Cinderace|Cinderace, M|100/100
|switch|p2a: Serpy|Serperior, F|100/100
|turn|1
|
|t:|1743885503
|move|p1a: Cinderace|Pyro Ball|p2a: Serpy
|-supereffective|p2a: Serpy
|-damage|p2a: Serpy|0 fnt
|faint|p2a: Serpy
|
|upkeep
|
|t:|1743885506
|switch|p2a: Revy|Revavroom, F|100/100
|-item|p2a: Revy|Air Balloon
|turn|2
|
|t:|1743885511
|move|p1a: Cinderace|Pyro Ball|p2a: Revy
|-supereffective|p2a: Revy
|-damage|p2a: Revy|4/100
|-enditem|p2a: Revy|Air Balloon
|move|p2a: Revy|Shift Gear|p2a: Revy
|-boost|p2a: Revy|spe|2
|-boost|p2a: Revy|atk|1
|
|upkeep
|turn|3
|inactive|tasty sardine 408 has 120 seconds left.
|
|t:|1743885549
|move|p1a: Cinderace|Sucker Punch|p2a: Revy
|-start|p1a: Cinderace|typechange|Dark|[from] ability: Libero
|-damage|p2a: Revy|0 fnt
|faint|p2a: Revy
|
|upkeep
|
|t:|1743885552
|switch|p2a: Enty|Entei|100/100
|turn|4
|
|t:|1743885561
|move|p1a: Cinderace|U-turn|p2a: Enty
|-resisted|p2a: Enty
|-damage|p2a: Enty|88/100
|
|t:|1743885564
|switch|p1a: Alomomola|Alomomola, F|100/100|[from] U-turn
|move|p2a: Enty|Sacred Fire|p1a: Alomomola
|-resisted|p1a: Alomomola
|-damage|p1a: Alomomola|82/100
|
|upkeep
|turn|5
|
|t:|1743885578
|move|p2a: Enty|Sacred Fire|p1a: Alomomola
|-resisted|p1a: Alomomola
|-damage|p1a: Alomomola|64/100
|-status|p1a: Alomomola|brn
|move|p1a: Alomomola|Flip Turn|p2a: Enty
|-supereffective|p2a: Enty
|-damage|p2a: Enty|71/100
|
|t:|1743885586
|switch|p1a: Inteleon|Inteleon, M|100/100|[from] Flip Turn
|
|upkeep
|turn|6
|
|t:|1743885607
|-terastallize|p1a: Inteleon|Water
|move|p1a: Inteleon|Surf|p2a: Enty
|-supereffective|p2a: Enty
|-damage|p2a: Enty|0 fnt
|faint|p2a: Enty
|
|upkeep
|
|t:|1743885611
|switch|p2a: Umbry|Umbreon, F, shiny|100/100
|turn|7
|
|t:|1743885633
|switch|p1a: Alomomola|Alomomola, F|97/100 brn
|move|p2a: Umbry|Toxic||[still]
|-fail|p2a: Umbry
|
|-damage|p1a: Alomomola|91/100 brn|[from] brn
|upkeep
|turn|8
|inactive|sumerand has 120 seconds left.
|
|t:|1743885653
|move|p1a: Alomomola|Scald|p2a: Umbry
|-damage|p2a: Umbry|93/100
|move|p2a: Umbry|Wish|p2a: Umbry
|
|-heal|p2a: Umbry|99/100|[from] item: Leftovers
|-damage|p1a: Alomomola|85/100 brn|[from] brn
|upkeep
|turn|9
|
|t:|1743885679
|switch|p2a: Cressy|Cresselia, F|100/100
|move|p1a: Alomomola|Scald|p2a: Cressy
|-damage|p2a: Cressy|92/100
|-status|p2a: Cressy|brn
|
|-heal|p2a: Cressy|100/100 brn|[from] move: Wish|[wisher] Umbry
|-damage|p2a: Cressy|94/100 brn|[from] brn
|-damage|p1a: Alomomola|79/100 brn|[from] brn
|upkeep
|turn|10
|inactive|sumerand has 120 seconds left.
|inactive|tasty sardine 408 has 120 seconds left.
|
|t:|1743885711
|move|p2a: Cressy|Calm Mind|p2a: Cressy
|-boost|p2a: Cressy|spa|1
|-boost|p2a: Cressy|spd|1
|move|p1a: Alomomola|Flip Turn|p2a: Cressy
|-damage|p2a: Cressy|90/100 brn
|inactive|sumerand has 90 seconds left.
|
|t:|1743885758
|switch|p1a: Ting-Lu|Ting-Lu|100/100|[from] Flip Turn
|-ability|p1a: Ting-Lu|Vessel of Ruin
|
|-heal|p2a: Cressy|96/100 brn|[from] item: Leftovers
|-damage|p2a: Cressy|90/100 brn|[from] brn
|upkeep
|turn|11
|inactive|sumerand has 60 seconds left.
|inactive|sumerand has 30 seconds left.
|inactive|sumerand has 20 seconds left.
|
|t:|1743885825
|move|p2a: Cressy|Moonblast|p1a: Ting-Lu
|-supereffective|p1a: Ting-Lu
|-damage|p1a: Ting-Lu|79/100
|move|p1a: Ting-Lu|Ruination|p2a: Cressy
|-damage|p2a: Cressy|46/100 brn
|
|-heal|p2a: Cressy|52/100 brn|[from] item: Leftovers
|-heal|p1a: Ting-Lu|85/100|[from] item: Leftovers
|-damage|p2a: Cressy|46/100 brn|[from] brn
|upkeep
|turn|12
|inactive|sumerand has 30 seconds left this turn.
|inactive|sumerand has 20 seconds left.
|inactive|tasty sardine 408 has 120 seconds left.
|
|t:|1743885841
|move|p2a: Cressy|Moonblast|p1a: Ting-Lu
|-supereffective|p1a: Ting-Lu
|-damage|p1a: Ting-Lu|63/100
|move|p1a: Ting-Lu|Stealth Rock|p2a: Cressy
|-sidestart|p2: tasty sardine 408|move: Stealth Rock
|
|-heal|p2a: Cressy|52/100 brn|[from] item: Leftovers
|-heal|p1a: Ting-Lu|69/100|[from] item: Leftovers
|-damage|p2a: Cressy|46/100 brn|[from] brn
|upkeep
|turn|13
|inactive|sumerand has 30 seconds left this turn.
|inactive|sumerand has 20 seconds left.
|inactive|sumerand has 15 seconds left.
|inactive|sumerand has 10 seconds left.
|inactive|sumerand has 5 seconds left.
|
|t:|1743885871
|move|p2a: Cressy|Moonblast|p1a: Ting-Lu
|-supereffective|p1a: Ting-Lu
|-damage|p1a: Ting-Lu|45/100
|-unboost|p1a: Ting-Lu|spa|1
|move|p1a: Ting-Lu|Whirlwind|p2a: Cressy
|drag|p2a: Fergy|Feraligatr, M|100/100
|-damage|p2a: Fergy|88/100|[from] Stealth Rock
|
|-heal|p1a: Ting-Lu|51/100|[from] item: Leftovers
|upkeep
|turn|14
|inactive|sumerand has 15 seconds left this turn.
|inactive|sumerand has 10 seconds left.
|inactive|sumerand has 5 seconds left.
|
|t:|1743885882
|move|p2a: Fergy|Dragon Dance|p2a: Fergy
|-boost|p2a: Fergy|atk|1
|-boost|p2a: Fergy|spe|1
|move|p1a: Ting-Lu|Whirlwind|p2a: Fergy
|drag|p2a: Cressy|Cresselia, F|46/100 brn
|-damage|p2a: Cressy|33/100 brn|[from] Stealth Rock
|
|-heal|p2a: Cressy|39/100 brn|[from] item: Leftovers
|-heal|p1a: Ting-Lu|58/100|[from] item: Leftovers
|-damage|p2a: Cressy|33/100 brn|[from] brn
|upkeep
|turn|15
|inactive|sumerand has 15 seconds left this turn.
|inactive|sumerand has 10 seconds left.
|inactive|sumerand has 5 seconds left.
|
|t:|1743885893
|move|p2a: Cressy|Moonlight|p2a: Cressy
|-heal|p2a: Cressy|83/100 brn
|move|p1a: Ting-Lu|Whirlwind|p2a: Cressy
|drag|p2a: Umbry|Umbreon, F, shiny|99/100
|-damage|p2a: Umbry|86/100|[from] Stealth Rock
|
|-heal|p2a: Umbry|92/100|[from] item: Leftovers
|-heal|p1a: Ting-Lu|64/100|[from] item: Leftovers
|upkeep
|turn|16
|inactive|sumerand has 15 seconds left this turn.
|inactive|sumerand has 10 seconds left.
|inactive|sumerand has 5 seconds left.
|
|t:|1743885904
|move|p2a: Umbry|Toxic|p1a: Ting-Lu
|-status|p1a: Ting-Lu|tox
|move|p1a: Ting-Lu|Whirlwind|p2a: Umbry
|drag|p2a: Fergy|Feraligatr, M|88/100
|-damage|p2a: Fergy|76/100|[from] Stealth Rock
|
|-heal|p1a: Ting-Lu|70/100 tox|[from] item: Leftovers
|-damage|p1a: Ting-Lu|64/100 tox|[from] psn
|upkeep
|turn|17
|inactive|sumerand has 15 seconds left this turn.
|inactive|sumerand has 10 seconds left.
|inactive|sumerand has 5 seconds left.
|
|t:|1743885916
|move|p2a: Fergy|Liquidation|p1a: Ting-Lu
|-supereffective|p1a: Ting-Lu
|-damage|p1a: Ting-Lu|9/100 tox
|move|p1a: Ting-Lu|Whirlwind|p2a: Fergy
|drag|p2a: Umbry|Umbreon, F, shiny|92/100
|-damage|p2a: Umbry|80/100|[from] Stealth Rock
|
|-heal|p2a: Umbry|86/100|[from] item: Leftovers
|-heal|p1a: Ting-Lu|15/100 tox|[from] item: Leftovers
|-damage|p1a: Ting-Lu|3/100 tox|[from] psn
|upkeep
|turn|18
|inactive|sumerand has 15 seconds left this turn.
|inactive|sumerand has 10 seconds left.
|inactive|sumerand has 5 seconds left.
|
|t:|1743885928
|move|p2a: Umbry|Foul Play|p1a: Ting-Lu
|-resisted|p1a: Ting-Lu
|-damage|p1a: Ting-Lu|0 fnt
|faint|p1a: Ting-Lu
|
|-heal|p2a: Umbry|92/100|[from] item: Leftovers
|upkeep
|inactive|sumerand has 10 seconds left this turn.
|inactive|sumerand has 5 seconds left.
|
|t:|1743885937
|switch|p1a: Inteleon|Inteleon, M, tera:Water|100/100
|turn|19
|inactive|sumerand has 15 seconds left this turn.
|
|t:|1743885940
|move|p1a: Inteleon|Surf|p2a: Umbry
|-damage|p2a: Umbry|41/100
|move|p2a: Umbry|Toxic|p1a: Inteleon
|-status|p1a: Inteleon|tox
|
|-heal|p2a: Umbry|47/100|[from] item: Leftovers
|-damage|p1a: Inteleon|94/100 tox|[from] psn
|upkeep
|turn|20
|inactive|sumerand has 25 seconds left this turn.
|inactive|sumerand has 20 seconds left.
|
|t:|1743885949
|move|p2a: Umbry|Protect|p2a: Umbry
|-singleturn|p2a: Umbry|Protect
|move|p1a: Inteleon|Surf|p2a: Umbry
|-activate|p2a: Umbry|move: Protect
|
|-heal|p2a: Umbry|54/100|[from] item: Leftovers
|-damage|p1a: Inteleon|82/100 tox|[from] psn
|upkeep
|turn|21
|inactive|sumerand has 30 seconds left this turn.
|inactive|sumerand has 20 seconds left.
|
|t:|1743885962
|move|p1a: Inteleon|Surf|p2a: Umbry
|-damage|p2a: Umbry|2/100
|move|p2a: Umbry|Wish|p2a: Umbry
|
|-heal|p2a: Umbry|8/100|[from] item: Leftovers
|-damage|p1a: Inteleon|64/100 tox|[from] psn
|upkeep
|turn|22
|inactive|sumerand has 30 seconds left this turn.
|inactive|tasty sardine 408 has 120 seconds left.
|inactive|tasty sardine 408 has 90 seconds left.
|
|t:|1743886027
|switch|p1a: Cinderace|Cinderace, M|100/100
|move|p2a: Umbry|Protect||[still]
|-fail|p2a: Umbry
|
|-heal|p2a: Umbry|58/100|[from] move: Wish|[wisher] Umbry
|-heal|p2a: Umbry|64/100|[from] item: Leftovers
|upkeep
|turn|23
|inactive|sumerand has 30 seconds left.
|inactive|sumerand has 20 seconds left.
|inactive|sumerand has 15 seconds left.
|
|t:|1743886047
|move|p1a: Cinderace|U-turn|p2a: Umbry
|-start|p1a: Cinderace|typechange|Bug|[from] ability: Libero
|-supereffective|p2a: Umbry
|-damage|p2a: Umbry|17/100
|inactive|sumerand has 20 seconds left this turn.
|inactive|sumerand has 15 seconds left.
|
|t:|1743886053
|switch|p1a: Dragapult|Dragapult, F|100/100|[from] U-turn
|move|p2a: Umbry|Wish|p2a: Umbry
|
|-heal|p2a: Umbry|23/100|[from] item: Leftovers
|upkeep
|turn|24
|inactive|sumerand has 25 seconds left this turn.
|inactive|sumerand has 20 seconds left.
|inactive|sumerand has 15 seconds left.
|inactive|sumerand has 10 seconds left.
|
|t:|1743886069
|move|p2a: Umbry|Protect|p2a: Umbry
|-singleturn|p2a: Umbry|Protect
|move|p1a: Dragapult|Dragon Darts|p2a: Umbry
|-activate|p2a: Umbry|move: Protect
|
|-heal|p2a: Umbry|73/100|[from] move: Wish|[wisher] Umbry
|-heal|p2a: Umbry|79/100|[from] item: Leftovers
|upkeep
|turn|25
|inactive|sumerand has 20 seconds left this turn.
|inactive|sumerand has 15 seconds left.
|inactive|tasty sardine 408 has 90 seconds left.
|
|t:|1743886101
|switch|p1a: Alomomola|Alomomola, F|100/100 brn
|move|p2a: Umbry|Foul Play|p1a: Alomomola
|-damage|p1a: Alomomola|85/100 brn
|
|-heal|p2a: Umbry|85/100|[from] item: Leftovers
|-damage|p1a: Alomomola|79/100 brn|[from] brn
|upkeep
|turn|26
|inactive|sumerand has 25 seconds left this turn.
|inactive|sumerand has 20 seconds left.
|inactive|sumerand has 15 seconds left.
|inactive|sumerand has 10 seconds left.
|
|t:|1743886118
|move|p1a: Alomomola|Wish|p1a: Alomomola
|move|p2a: Umbry|Wish|p2a: Umbry
|
|-heal|p2a: Umbry|91/100|[from] item: Leftovers
|-damage|p1a: Alomomola|73/100 brn|[from] brn
|upkeep
|turn|27
|inactive|sumerand has 20 seconds left this turn.
|inactive|sumerand has 15 seconds left.
|
|t:|1743886125
|move|p2a: Umbry|Foul Play|p1a: Alomomola
|-damage|p1a: Alomomola|60/100 brn
|move|p1a: Alomomola|Flip Turn|p2a: Umbry
|-damage|p2a: Umbry|85/100
|inactive|sumerand has 20 seconds left this turn.
|inactive|sumerand has 15 seconds left.
|inactive|sumerand has 10 seconds left.
|inactive|sumerand has 5 seconds left.
|
|t:|1743886144
|switch|p1a: Cinderace|Cinderace, M|100/100|[from] Flip Turn
|
|-heal|p2a: Umbry|100/100|[from] move: Wish|[wisher] Umbry
|upkeep
|turn|28
|inactive|sumerand has 15 seconds left this turn.
|inactive|sumerand has 10 seconds left.
|inactive|tasty sardine 408 has 90 seconds left.
|inactive|tasty sardine 408 has 60 seconds left.
|
|t:|1743886207
|move|p1a: Cinderace|U-turn|p2a: Umbry
|-start|p1a: Cinderace|typechange|Bug|[from] ability: Libero
|-supereffective|p2a: Umbry
|-damage|p2a: Umbry|58/100
|inactive|sumerand has 15 seconds left this turn.
|
|t:|1743886212
|switch|p1a: Alomomola|Alomomola, F|94/100 brn|[from] U-turn
|move|p2a: Umbry|Foul Play|p1a: Alomomola
|-damage|p1a: Alomomola|79/100 brn
|
|-heal|p2a: Umbry|64/100|[from] item: Leftovers
|-damage|p1a: Alomomola|73/100 brn|[from] brn
|upkeep
|turn|29
|inactive|sumerand has 25 seconds left this turn.
|inactive|sumerand has 20 seconds left.
|
|t:|1743886222
|move|p1a: Alomomola|Scald|p2a: Umbry
|-damage|p2a: Umbry|57/100
|move|p2a: Umbry|Wish|p2a: Umbry
|
|-heal|p2a: Umbry|63/100|[from] item: Leftovers
|-damage|p1a: Alomomola|67/100 brn|[from] brn
|upkeep
|turn|30
|inactive|sumerand has 30 seconds left this turn.
|
|t:|1743886231
|move|p2a: Umbry|Foul Play|p1a: Alomomola
|-damage|p1a: Alomomola|51/100 brn
|move|p1a: Alomomola|Flip Turn|p2a: Umbry
|-damage|p2a: Umbry|57/100
|inactive|sumerand has 30 seconds left this turn.
|
|t:|1743886237
|switch|p1a: Cinderace|Cinderace, M|100/100|[from] Flip Turn
|
|-heal|p2a: Umbry|100/100|[from] move: Wish|[wisher] Umbry
|upkeep
|turn|31
|inactive|sumerand has 30 seconds left.
|
|t:|1743886244
|move|p1a: Cinderace|U-turn|p2a: Umbry
|-start|p1a: Cinderace|typechange|Bug|[from] ability: Libero
|-supereffective|p2a: Umbry
|-damage|p2a: Umbry|52/100
|
|t:|1743886248
|switch|p1a: Alomomola|Alomomola, F|85/100 brn|[from] U-turn
|move|p2a: Umbry|Foul Play|p1a: Alomomola
|-damage|p1a: Alomomola|71/100 brn
|
|-heal|p2a: Umbry|58/100|[from] item: Leftovers
|-damage|p1a: Alomomola|65/100 brn|[from] brn
|upkeep
|turn|32
|
|t:|1743886258
|move|p1a: Alomomola|Scald|p2a: Umbry
|-damage|p2a: Umbry|50/100
|move|p2a: Umbry|Wish|p2a: Umbry
|
|-heal|p2a: Umbry|56/100|[from] item: Leftovers
|-damage|p1a: Alomomola|59/100 brn|[from] brn
|upkeep
|turn|33
|
|t:|1743886267
|move|p1a: Alomomola|Scald|p2a: Umbry
|-damage|p2a: Umbry|48/100
|move|p2a: Umbry|Foul Play|p1a: Alomomola
|-damage|p1a: Alomomola|45/100 brn
|
|-heal|p2a: Umbry|98/100|[from] move: Wish|[wisher] Umbry
|-heal|p2a: Umbry|100/100|[from] item: Leftovers
|-damage|p1a: Alomomola|39/100 brn|[from] brn
|upkeep
|turn|34
|
|t:|1743886278
|move|p1a: Alomomola|Wish|p1a: Alomomola
|move|p2a: Umbry|Foul Play|p1a: Alomomola
|-damage|p1a: Alomomola|24/100 brn
|
|-damage|p1a: Alomomola|18/100 brn|[from] brn
|upkeep
|turn|35
|
|t:|1743886291
|move|p1a: Alomomola|Flip Turn|p2a: Umbry
|-damage|p2a: Umbry|95/100
|
|t:|1743886295
|switch|p1a: Inteleon|Inteleon, M, tera:Water|64/100 tox|[from] Flip Turn
|move|p2a: Umbry|Foul Play|p1a: Inteleon
|-damage|p1a: Inteleon|9/100 tox
|
|-heal|p1a: Inteleon|100/100 tox|[from] move: Wish|[wisher] Alomomola
|-heal|p2a: Umbry|100/100|[from] item: Leftovers
|-damage|p1a: Inteleon|94/100 tox|[from] psn
|upkeep
|turn|36
|
|t:|1743886307
|move|p1a: Inteleon|U-turn|p2a: Umbry
|-supereffective|p2a: Umbry
|-damage|p2a: Umbry|80/100
|
|t:|1743886310
|switch|p1a: Alomomola|Alomomola, F|51/100 brn|[from] U-turn
|move|p2a: Umbry|Foul Play|p1a: Alomomola
|-damage|p1a: Alomomola|36/100 brn
|
|-heal|p2a: Umbry|86/100|[from] item: Leftovers
|-damage|p1a: Alomomola|30/100 brn|[from] brn
|upkeep
|turn|37
|
|t:|1743886321
|switch|p1a: Corviknight|Corviknight, F|100/100
|-ability|p1a: Corviknight|Pressure
|move|p2a: Umbry|Foul Play|p1a: Corviknight
|-damage|p1a: Corviknight|83/100
|-damage|p2a: Umbry|70/100|[from] item: Rocky Helmet|[of] p1a: Corviknight
|
|-heal|p2a: Umbry|76/100|[from] item: Leftovers
|upkeep
|turn|38
|
|t:|1743886331
|switch|p1a: Alomomola|Alomomola, F|63/100 brn
|move|p2a: Umbry|Foul Play|p1a: Alomomola
|-damage|p1a: Alomomola|50/100 brn
|
|-heal|p2a: Umbry|82/100|[from] item: Leftovers
|-damage|p1a: Alomomola|44/100 brn|[from] brn
|upkeep
|turn|39
|
|t:|1743886341
|move|p1a: Alomomola|Flip Turn|p2a: Umbry
|-damage|p2a: Umbry|76/100
|
|t:|1743886343
|switch|p1a: Corviknight|Corviknight, F|83/100|[from] Flip Turn
|-ability|p1a: Corviknight|Pressure
|move|p2a: Umbry|Foul Play|p1a: Corviknight
|-damage|p1a: Corviknight|67/100
|-damage|p2a: Umbry|60/100|[from] item: Rocky Helmet|[of] p1a: Corviknight
|
|-heal|p2a: Umbry|66/100|[from] item: Leftovers
|upkeep
|turn|40
|inactive|sumerand has 60 seconds left.
|
|t:|1743886355
|move|p1a: Corviknight|Body Press|p2a: Umbry
|-supereffective|p2a: Umbry
|-damage|p2a: Umbry|28/100
|move|p2a: Umbry|Wish|p2a: Umbry
|
|-heal|p2a: Umbry|34/100|[from] item: Leftovers
|upkeep
|turn|41
|
|t:|1743886362
|switch|p1a: Alomomola|Alomomola, F|77/100 brn
|move|p2a: Umbry|Protect||[still]
|-fail|p2a: Umbry
|
|-heal|p2a: Umbry|84/100|[from] move: Wish|[wisher] Umbry
|-heal|p2a: Umbry|90/100|[from] item: Leftovers
|-damage|p1a: Alomomola|71/100 brn|[from] brn
|upkeep
|turn|42
|
|t:|1743886373
|move|p2a: Umbry|Foul Play|p1a: Alomomola
|-crit|p1a: Alomomola
|-damage|p1a: Alomomola|50/100 brn
|move|p1a: Alomomola|Scald|p2a: Umbry
|-damage|p2a: Umbry|82/100
|
|-heal|p2a: Umbry|88/100|[from] item: Leftovers
|-damage|p1a: Alomomola|44/100 brn|[from] brn
|upkeep
|turn|43
|
|t:|1743886384
|switch|p1a: Corviknight|Corviknight, F|67/100
|-ability|p1a: Corviknight|Pressure
|move|p2a: Umbry|Foul Play|p1a: Corviknight
|-damage|p1a: Corviknight|50/100
|-damage|p2a: Umbry|72/100|[from] item: Rocky Helmet|[of] p1a: Corviknight
|
|-heal|p2a: Umbry|78/100|[from] item: Leftovers
|upkeep
|turn|44
|
|t:|1743886411
|move|p1a: Corviknight|Roost|p1a: Corviknight
|-heal|p1a: Corviknight|99/100
|-singleturn|p1a: Corviknight|move: Roost
|move|p2a: Umbry|Foul Play|p1a: Corviknight
|-crit|p1a: Corviknight
|-damage|p1a: Corviknight|73/100
|-damage|p2a: Umbry|61/100|[from] item: Rocky Helmet|[of] p1a: Corviknight
|
|-heal|p2a: Umbry|68/100|[from] item: Leftovers
|upkeep
|turn|45
|
|t:|1743886422
|switch|p1a: Alomomola|Alomomola, F|77/100 brn
|move|p2a: Umbry|Wish|p2a: Umbry
|
|-heal|p2a: Umbry|74/100|[from] item: Leftovers
|-damage|p1a: Alomomola|71/100 brn|[from] brn
|upkeep
|turn|46
|
|t:|1743886447
|switch|p2a: Cressy|Cresselia, F|83/100 brn
|-damage|p2a: Cressy|71/100 brn|[from] Stealth Rock
|move|p1a: Alomomola|Scald|p2a: Cressy
|-damage|p2a: Cressy|62/100 brn
|
|-heal|p2a: Cressy|100/100 brn|[from] move: Wish|[wisher] Umbry
|-damage|p2a: Cressy|94/100 brn|[from] brn
|-damage|p1a: Alomomola|65/100 brn|[from] brn
|upkeep
|turn|47
|
|t:|1743886459
|move|p2a: Cressy|Calm Mind|p2a: Cressy
|-boost|p2a: Cressy|spa|1
|-boost|p2a: Cressy|spd|1
|move|p1a: Alomomola|Flip Turn|p2a: Cressy
|-damage|p2a: Cressy|90/100 brn
|
|t:|1743886465
|switch|p1a: Inteleon|Inteleon, M, tera:Water|94/100 tox|[from] Flip Turn
|
|-heal|p2a: Cressy|96/100 brn|[from] item: Leftovers
|-damage|p1a: Inteleon|88/100 tox|[from] psn
|-damage|p2a: Cressy|90/100 brn|[from] brn
|upkeep
|turn|48
|
|t:|1743886473
|move|p1a: Inteleon|Surf|p2a: Cressy
|-damage|p2a: Cressy|50/100 brn
|move|p2a: Cressy|Calm Mind|p2a: Cressy
|-boost|p2a: Cressy|spa|1
|-boost|p2a: Cressy|spd|1
|
|-heal|p2a: Cressy|57/100 brn|[from] item: Leftovers
|-damage|p1a: Inteleon|76/100 tox|[from] psn
|-damage|p2a: Cressy|50/100 brn|[from] brn
|upkeep
|turn|49
|
|t:|1743886485
|switch|p1a: Cinderace|Cinderace, M|100/100
|move|p2a: Cressy|Moonlight|p2a: Cressy
|-heal|p2a: Cressy|100/100 brn
|
|-damage|p2a: Cressy|94/100 brn|[from] brn
|upkeep
|turn|50
|
|t:|1743886493
|move|p1a: Cinderace|U-turn|p2a: Cressy
|-start|p1a: Cinderace|typechange|Bug|[from] ability: Libero
|-supereffective|p2a: Cressy
|-damage|p2a: Cressy|62/100 brn
|
|t:|1743886499
|switch|p1a: Dragapult|Dragapult, F|100/100|[from] U-turn
|move|p2a: Cressy|Calm Mind|p2a: Cressy
|-boost|p2a: Cressy|spa|1
|-boost|p2a: Cressy|spd|1
|
|-heal|p2a: Cressy|68/100 brn|[from] item: Leftovers
|-damage|p2a: Cressy|62/100 brn|[from] brn
|upkeep
|turn|51
|
|t:|1743886509
|move|p1a: Dragapult|Dragon Darts|p2a: Cressy
|-damage|p2a: Cressy|42/100 brn
|-anim|p1a: Dragapult|Dragon Darts|p2a: Cressy
|-damage|p2a: Cressy|25/100 brn
|move|p2a: Cressy|Moonlight|p2a: Cressy
|-heal|p2a: Cressy|75/100 brn
|
|-heal|p2a: Cressy|81/100 brn|[from] item: Leftovers
|-damage|p2a: Cressy|75/100 brn|[from] brn
|upkeep
|turn|52
|
|t:|1743886520
|move|p1a: Dragapult|Dragon Darts|p2a: Cressy
|-damage|p2a: Cressy|56/100 brn
|-anim|p1a: Dragapult|Dragon Darts|p2a: Cressy
|-damage|p2a: Cressy|35/100 brn
|move|p2a: Cressy|Moonlight|p2a: Cressy
|-heal|p2a: Cressy|85/100 brn
|
|-heal|p2a: Cressy|91/100 brn|[from] item: Leftovers
|-damage|p2a: Cressy|85/100 brn|[from] brn
|upkeep
|turn|53
|
|t:|1743886536
|switch|p1a: Cinderace|Cinderace, M|100/100
|move|p2a: Cressy|Calm Mind|p2a: Cressy
|-boost|p2a: Cressy|spa|1
|-boost|p2a: Cressy|spd|1
|
|-heal|p2a: Cressy|91/100 brn|[from] item: Leftovers
|-damage|p2a: Cressy|85/100 brn|[from] brn
|upkeep
|turn|54
|
|t:|1743886546
|move|p1a: Cinderace|U-turn|p2a: Cressy
|-start|p1a: Cinderace|typechange|Bug|[from] ability: Libero
|-supereffective|p2a: Cressy
|-damage|p2a: Cressy|50/100 brn
|
|t:|1743886550
|switch|p1a: Corviknight|Corviknight, F|73/100|[from] U-turn
|-ability|p1a: Corviknight|Pressure
|move|p2a: Cressy|Moonlight|p2a: Cressy
|-heal|p2a: Cressy|99/100 brn
|
|-heal|p2a: Cressy|100/100 brn|[from] item: Leftovers
|-damage|p2a: Cressy|94/100 brn|[from] brn
|upkeep
|turn|55
|inactive|sumerand has 90 seconds left.
|
|t:|1743886564
|switch|p1a: Cinderace|Cinderace, M|100/100
|move|p2a: Cressy|Stored Power|p1a: Cinderace
|-crit|p1a: Cinderace
|-damage|p1a: Cinderace|0 fnt
|faint|p1a: Cinderace
|
|-heal|p2a: Cressy|100/100 brn|[from] item: Leftovers
|-damage|p2a: Cressy|94/100 brn|[from] brn
|upkeep
|
|t:|1743886577
|switch|p1a: Dragapult|Dragapult, F|100/100
|turn|56
|
|t:|1743886583
|move|p1a: Dragapult|Dragon Darts|p2a: Cressy
|-damage|p2a: Cressy|77/100 brn
|-anim|p1a: Dragapult|Dragon Darts|p2a: Cressy
|-damage|p2a: Cressy|57/100 brn
|move|p2a: Cressy|Stored Power|p1a: Dragapult
|-damage|p1a: Dragapult|0 fnt
|faint|p1a: Dragapult
|
|-heal|p2a: Cressy|63/100 brn|[from] item: Leftovers
|-damage|p2a: Cressy|57/100 brn|[from] brn
|upkeep
|-message|sumerand forfeited.
|
|win|tasty sardine 408
|raw|sumerand's rating: 1324 &rarr; <strong>1308</strong><br />(-16 for losing)
|raw|tasty sardine 408's rating: 1387 &rarr; <strong>1403</strong><br />(+16 for winning)
|l|☆sumerand
|player|p1|
|l|☆tasty sardine 408
|player|p2|
