|j|☆missanthrope
|j|☆Edstur98
|t:|1743924637
|gametype|singles
|player|p1|missanthrope|will|1426
|player|p2|Edstur98|ghetsis-gen5bw|1354
|teamsize|p1|6
|teamsize|p2|6
|gen|9
|tier|[Gen 9] OU
|rated|
|rule|HP Percentage Mod: HP is shown in percentages
|rule|Endless Battle Clause: Forcing endless battles is banned
|rule|Species Clause: Limit one of each Pokémon
|rule|OHKO Clause: OHKO moves are banned
|rule|Evasion Items Clause: Evasion items are banned
|rule|Evasion Moves Clause: Evasion moves are banned
|rule|Sleep Moves Clause: Sleep-inducing moves are banned
|clearpoke
|poke|p1|Clefable, F|
|poke|p1|Glimmora, F|
|poke|p1|Gholdengo|
|poke|p1|Araquanid, M|
|poke|p1|Slowking-Galar, F|
|poke|p1|Gliscor, M|
|poke|p2|Thundurus-Therian, M|
|poke|p2|Meowscarada, M|
|poke|p2|Hatterene, F|
|poke|p2|Great Tusk|
|poke|p2|Toxapex, M|
|poke|p2|Slither Wing|
|teampreview
|
|t:|1743924651
|start
|switch|p1a: Glimmora|Glimmora, F|100/100
|switch|p2a: Toxapex|Toxapex, M|100/100
|-item|p1a: Glimmora|Air Balloon
|turn|1
|
|t:|1743924657
|move|p1a: Glimmora|Earth Power|p2a: Toxapex
|-supereffective|p2a: Toxapex
|-damage|p2a: Toxapex|73/100
|move|p2a: Toxapex|Infestation|p1a: Glimmora
|-resisted|p1a: Glimmora
|-damage|p1a: Glimmora|98/100
|-activate|p1a: Glimmora|move: Infestation|[of] p2a: Toxapex
|-enditem|p1a: Glimmora|Air Balloon
|
|-damage|p1a: Glimmora|85/100|[from] move: Infestation|[partiallytrapped]
|upkeep
|turn|2
|
|t:|1743924665
|move|p1a: Glimmora|Stealth Rock|p2a: Toxapex
|-sidestart|p2: Edstur98|move: Stealth Rock
|move|p2a: Toxapex|Acid Spray|p1a: Glimmora
|-resisted|p1a: Glimmora
|-damage|p1a: Glimmora|81/100
|-unboost|p1a: Glimmora|spd|2
|
|-damage|p1a: Glimmora|69/100|[from] move: Infestation|[partiallytrapped]
|upkeep
|turn|3
|
|t:|1743924674
|move|p1a: Glimmora|Earth Power|p2a: Toxapex
|-supereffective|p2a: Toxapex
|-damage|p2a: Toxapex|42/100
|move|p2a: Toxapex|Surf|p1a: Glimmora
|-supereffective|p1a: Glimmora
|-damage|p1a: Glimmora|0 fnt
|faint|p1a: Glimmora
|
|upkeep
|
|t:|1743924680
|switch|p1a: Gliscor|Gliscor, M|100/100
|turn|4
|
|t:|1743924688
|switch|p2a: Great Tusk|Great Tusk|100/100
|-damage|p2a: Great Tusk|98/100|[from] Stealth Rock
|move|p1a: Gliscor|Swords Dance|p1a: Gliscor
|-boost|p1a: Gliscor|atk|2
|
|-status|p1a: Gliscor|tox|[from] item: Toxic Orb
|upkeep
|turn|5
|
|t:|1743924694
|move|p1a: Gliscor|Toxic|p2a: Great Tusk
|-status|p2a: Great Tusk|tox
|move|p2a: Great Tusk|Ice Spinner|p1a: Gliscor
|-supereffective|p1a: Gliscor
|-damage|p1a: Gliscor|3/100 tox
|
|-heal|p1a: Gliscor|15/100 tox|[from] ability: Poison Heal
|-damage|p2a: Great Tusk|91/100 tox|[from] psn
|upkeep
|turn|6
|
|t:|1743924701
|switch|p1a: Araquanid|Araquanid, M|100/100
|move|p2a: Great Tusk|Rapid Spin|p1a: Araquanid
|-damage|p1a: Araquanid|83/100
|-boost|p2a: Great Tusk|spe|1
|-sideend|p2: Edstur98|Stealth Rock|[from] move: Rapid Spin|[of] p2a: Great Tusk
|
|-heal|p1a: Araquanid|90/100|[from] item: Leftovers
|-damage|p2a: Great Tusk|79/100 tox|[from] psn
|upkeep
|turn|7
|
|t:|1743924707
|-end|p2a: Great Tusk|Protosynthesis|[silent]
|switch|p2a: Hatterene|Hatterene, F|100/100
|move|p1a: Araquanid|Sticky Web|p2a: Hatterene
|move|p2a: Hatterene|Sticky Web|p1a: Araquanid|[from] ability: Magic Bounce
|-sidestart|p1: missanthrope|move: Sticky Web
|
|-heal|p1a: Araquanid|96/100|[from] item: Leftovers
|upkeep
|turn|8
|
|t:|1743924716
|move|p2a: Hatterene|Calm Mind|p2a: Hatterene
|-boost|p2a: Hatterene|spa|1
|-boost|p2a: Hatterene|spd|1
|move|p1a: Araquanid|Liquidation|p2a: Hatterene
|-damage|p2a: Hatterene|43/100
|-unboost|p2a: Hatterene|def|1
|
|-heal|p2a: Hatterene|49/100|[from] item: Leftovers
|-heal|p1a: Araquanid|100/100|[from] item: Leftovers
|upkeep
|turn|9
|
|t:|1743924723
|move|p1a: Araquanid|Leech Life|p2a: Hatterene
|-damage|p2a: Hatterene|7/100
|move|p2a: Hatterene|Nuzzle|p1a: Araquanid
|-supereffective|p1a: Araquanid
|-damage|p1a: Araquanid|92/100
|-status|p1a: Araquanid|par
|
|-heal|p2a: Hatterene|13/100|[from] item: Leftovers
|-heal|p1a: Araquanid|98/100 par|[from] item: Leftovers
|upkeep
|turn|10
|
|t:|1743924731
|move|p2a: Hatterene|Psychic Noise|p1a: Araquanid
|-damage|p1a: Araquanid|60/100 par
|-start|p1a: Araquanid|move: Heal Block
|cant|p1a: Araquanid|move: Heal Block|Leech Life
|
|-heal|p2a: Hatterene|19/100|[from] item: Leftovers
|upkeep
|turn|11
|
|t:|1743924742
|move|p2a: Hatterene|Draining Kiss|p1a: Araquanid
|-damage|p1a: Araquanid|36/100 par
|-heal|p2a: Hatterene|39/100|[from] drain|[of] p1a: Araquanid
|move|p1a: Araquanid|Liquidation|p2a: Hatterene
|-damage|p2a: Hatterene|0 fnt
|faint|p2a: Hatterene
|
|-end|p1a: Araquanid|move: Heal Block
|upkeep
|
|t:|1743924746
|switch|p2a: Meowscarada|Meowscarada, M|100/100
|turn|12
|
|t:|1743924754
|move|p2a: Meowscarada|Flower Trick|p1a: Araquanid
|-start|p2a: Meowscarada|typechange|Grass|[from] ability: Protean
|-crit|p1a: Araquanid
|-damage|p1a: Araquanid|0 fnt
|faint|p1a: Araquanid
|
|upkeep
|
|t:|1743924759
|switch|p1a: Slowking|Slowking-Galar, F|100/100
|-activate|p1a: Slowking|move: Sticky Web
|-unboost|p1a: Slowking|spe|1
|turn|13
|
|t:|1743924766
|switch|p2a: Toxapex|Toxapex, M|76/100
|move|p1a: Slowking|Blizzard|p2a: Toxapex|[miss]
|-miss|p1a: Slowking|p2a: Toxapex
|
|upkeep
|turn|14
|
|t:|1743924771
|move|p2a: Toxapex|Infestation|p1a: Slowking
|-damage|p1a: Slowking|98/100
|-activate|p1a: Slowking|move: Infestation|[of] p2a: Toxapex
|move|p1a: Slowking|Psychic Noise|p2a: Toxapex
|-supereffective|p2a: Toxapex
|-damage|p2a: Toxapex|38/100
|-start|p2a: Toxapex|move: Heal Block
|
|-damage|p1a: Slowking|86/100|[from] move: Infestation|[partiallytrapped]
|upkeep
|turn|15
|
|t:|1743924778
|move|p2a: Toxapex|Acid Spray|p1a: Slowking
|-resisted|p1a: Slowking
|-damage|p1a: Slowking|82/100
|-unboost|p1a: Slowking|spd|2
|move|p1a: Slowking|Fire Blast|p2a: Toxapex
|-resisted|p2a: Toxapex
|-damage|p2a: Toxapex|28/100
|
|-damage|p1a: Slowking|70/100|[from] move: Infestation|[partiallytrapped]
|-end|p2a: Toxapex|move: Heal Block
|upkeep
|turn|16
|
|t:|1743924784
|move|p2a: Toxapex|Surf|p1a: Slowking
|-damage|p1a: Slowking|44/100
|move|p1a: Slowking|Psychic Noise|p2a: Toxapex
|-supereffective|p2a: Toxapex
|-damage|p2a: Toxapex|0 fnt
|faint|p2a: Toxapex
|
|-end|p1a: Slowking|Infestation|[partiallytrapped]|[silent]
|upkeep
|
|t:|1743924788
|switch|p2a: Thundurus|Thundurus-Therian, M|100/100
|turn|17
|
|t:|1743924794
|switch|p1a: Clefable|Clefable, F|100/100
|-terastallize|p2a: Thundurus|Flying
|move|p2a: Thundurus|Tera Blast|p1a: Clefable|[anim] Tera Blast Flying
|-damage|p1a: Clefable|16/100
|
|upkeep
|turn|18
|
|t:|1743924801
|switch|p1a: Gholdengo|Gholdengo|100/100
|-activate|p1a: Gholdengo|move: Sticky Web
|-unboost|p1a: Gholdengo|spe|1
|-enditem|p1a: Gholdengo|Eject Pack
|
|t:|1743924805
|switch|p1a: Slowking|Slowking-Galar, F|77/100
|-activate|p1a: Slowking|move: Sticky Web
|-unboost|p1a: Slowking|spe|1
|move|p2a: Thundurus|Tera Blast|p1a: Slowking|[anim] Tera Blast Flying
|-damage|p1a: Slowking|36/100
|
|upkeep
|turn|19
|
|t:|1743924808
|switch|p1a: Gholdengo|Gholdengo|100/100
|-activate|p1a: Gholdengo|move: Sticky Web
|-unboost|p1a: Gholdengo|spe|1
|move|p2a: Thundurus|Tera Blast|p1a: Gholdengo|[anim] Tera Blast Flying
|-resisted|p1a: Gholdengo
|-damage|p1a: Gholdengo|58/100
|
|upkeep
|turn|20
|
|t:|1743924816
|switch|p2a: Slither Wing|Slither Wing|100/100
|move|p1a: Gholdengo|Recover|p1a: Gholdengo
|-heal|p1a: Gholdengo|100/100
|
|upkeep
|turn|21
|
|t:|1743924824
|move|p2a: Slither Wing|Earthquake|p1a: Gholdengo
|-supereffective|p1a: Gholdengo
|-damage|p1a: Gholdengo|27/100
|move|p1a: Gholdengo|Hex|p2a: Slither Wing
|-damage|p2a: Slither Wing|71/100
|
|upkeep
|turn|22
|
|t:|1743924830
|switch|p1a: Gliscor|Gliscor, M|15/100 tox
|move|p2a: Slither Wing|Close Combat|p1a: Gliscor
|-resisted|p1a: Gliscor
|-damage|p1a: Gliscor|0 fnt
|-unboost|p2a: Slither Wing|def|1
|-unboost|p2a: Slither Wing|spd|1
|faint|p1a: Gliscor
|
|upkeep
|-message|missanthrope forfeited.
|
|win|Edstur98
|raw|missanthrope's rating: 1426 &rarr; <strong>1402</strong><br />(-24 for losing)
|raw|Edstur98's rating: 1354 &rarr; <strong>1378</strong><br />(+24 for winning)
|l|☆missanthrope
|player|p1|
|l|☆Edstur98
|player|p2|
