|j|☆xlunarRaez
|j|☆Buzzpeep
|inactive|Battle timer is ON: inactive players will automatically lose when time's up.
|t:|1743815808
|gametype|singles
|player|p1|xlunarRaez|anabel-gen7|
|player|p2|Buzzpeep|proton|
|teamsize|p1|3
|teamsize|p2|3
|gen|9
|tier|[Gen 9] OU
|rated|Tournament battle
|rule|HP Percentage Mod: HP is shown in percentages
|rule|Endless Battle Clause: Forcing endless battles is banned
|rule|Species Clause: Limit one of each Pokémon
|rule|OHKO Clause: OHKO moves are banned
|rule|Evasion Items Clause: Evasion items are banned
|rule|Evasion Moves Clause: Evasion moves are banned
|rule|Sleep Moves Clause: Sleep-inducing moves are banned
|clearpoke
|poke|p1|Garganacl, F|
|poke|p1|Vigoroth, F|
|poke|p1|Pawniard, M|
|poke|p2|Drifloon, F|
|poke|p2|Stantler, F|
|poke|p2|Chandelure, F|
|teampreview
|j|*Lady Monita ❄
|inactive|xlunarRaez also wants the timer to be on.
|
|t:|1743815825
|start
|switch|p1a: Vigoroth|Vigoroth, F|100/100
|switch|p2a: Drifloon|Drifloon, F|100/100
|turn|1
|
|t:|1743815834
|move|p1a: Vigoroth|Knock Off|p2a: Drifloon
|-supereffective|p2a: Drifloon
|-damage|p2a: Drifloon|0 fnt
|-enditem|p2a: Drifloon|Sitrus Berry|[from] move: Knock Off|[of] p1a: Vigoroth
|faint|p2a: Drifloon
|
|upkeep
|
|t:|1743815839
|switch|p2a: Stantler|Stantler, F|100/100
|-ability|p2a: Stantler|Intimidate|boost
|-unboost|p1a: Vigoroth|atk|1
|turn|2
|
|t:|1743815843
|switch|p2a: Chandelure|Chandelure, F|100/100
|move|p1a: Vigoroth|Knock Off|p2a: Chandelure
|-supereffective|p2a: Chandelure
|-damage|p2a: Chandelure|55/100
|-enditem|p2a: Chandelure|Choice Scarf|[from] move: Knock Off|[of] p1a: Vigoroth
|
|upkeep
|turn|3
|
|t:|1743815849
|move|p1a: Vigoroth|Bulk Up|p1a: Vigoroth
|-boost|p1a: Vigoroth|atk|1
|-boost|p1a: Vigoroth|def|1
|move|p2a: Chandelure|Flamethrower|p1a: Vigoroth
|-damage|p1a: Vigoroth|36/100
|
|upkeep
|turn|4
|
|t:|1743815852
|move|p1a: Vigoroth|Knock Off|p2a: Chandelure
|-supereffective|p2a: Chandelure
|-damage|p2a: Chandelure|6/100
|move|p2a: Chandelure|Flamethrower|p1a: Vigoroth
|-damage|p1a: Vigoroth|0 fnt
|faint|p1a: Vigoroth
|
|upkeep
|
|t:|1743815859
|switch|p1a: Pawniard|Pawniard, M|100/100
|turn|5
|
|t:|1743815863
|move|p1a: Pawniard|Sucker Punch|p2a: Chandelure
|-supereffective|p2a: Chandelure
|-damage|p2a: Chandelure|0 fnt
|faint|p2a: Chandelure
|
|upkeep
|
|t:|1743815864
|switch|p2a: Stantler|Stantler, F|100/100
|-ability|p2a: Stantler|Intimidate|boost
|-unboost|p1a: Pawniard|atk|1
|-ability|p1a: Pawniard|Defiant|boost
|-boost|p1a: Pawniard|atk|2
|turn|6
|
|t:|1743815871
|move|p1a: Pawniard|Iron Head|p2a: Stantler
|-damage|p2a: Stantler|66/100
|move|p2a: Stantler|Calm Mind|p2a: Stantler
|-boost|p2a: Stantler|spa|1
|-boost|p2a: Stantler|spd|1
|
|upkeep
|turn|7
|
|t:|1743815881
|move|p1a: Pawniard|Iron Head|p2a: Stantler
|-damage|p2a: Stantler|34/100
|cant|p2a: Stantler|flinch
|
|upkeep
|turn|8
|
|t:|1743815889
|-terastallize|p1a: Pawniard|Dark
|move|p1a: Pawniard|Night Slash|p2a: Stantler
|-damage|p2a: Stantler|0 fnt
|faint|p2a: Stantler
|
|win|xlunarRaez
|n|☆xlunarRaez|xlunarraez
|n|☆Buzzpeep|buzzpeep
|n|*Lady Monita ❄|ladymonita
