|j|☆rising skies
|j|☆l0uness
|t:|1743863654
|gametype|singles
|player|p1|rising skies|2|1418
|player|p2|l0uness|benga|1439
|teamsize|p1|6
|teamsize|p2|6
|gen|9
|tier|[Gen 9] OU
|rated|
|rule|HP Percentage Mod: HP is shown in percentages
|rule|Endless Battle Clause: Forcing endless battles is banned
|rule|Species Clause: Limit one of each Pokémon
|rule|OHKO Clause: OHKO moves are banned
|rule|Evasion Items Clause: Evasion items are banned
|rule|Evasion Moves Clause: Evasion moves are banned
|rule|Sleep Moves Clause: Sleep-inducing moves are banned
|clearpoke
|poke|p1|Iron Hands|
|poke|p1|Empoleon, M|
|poke|p1|Vikavolt, M|
|poke|p1|Great Tusk|
|poke|p1|Salamence, F|
|poke|p1|Ninetales-Alola, M|
|poke|p2|Iron Moth|
|poke|p2|Kingambit, F|
|poke|p2|Dragonite, F|
|poke|p2|Ogerpon-Cornerstone, F|
|poke|p2|Iron Valiant|
|poke|p2|Raging Bolt|
|teampreview
|inactive|Battle timer is ON: inactive players will automatically lose when time's up. (requested by rising skies)
|
|t:|1743863665
|start
|switch|p1a: Empoleon|Empoleon, M|100/100
|switch|p2a: Ogerpon|Ogerpon-Cornerstone, F|100/100
|turn|1
|
|t:|1743863675
|move|p2a: Ogerpon|Swords Dance|p2a: Ogerpon
|-boost|p2a: Ogerpon|atk|2
|move|p1a: Empoleon|Ice Beam|p2a: Ogerpon
|-supereffective|p2a: Ogerpon
|-damage|p2a: Ogerpon|33/100
|
|upkeep
|turn|2
|
|t:|1743863685
|-terastallize|p1a: Empoleon|Grass
|move|p2a: Ogerpon|Power Whip|p1a: Empoleon
|-resisted|p1a: Empoleon
|-damage|p1a: Empoleon|18/100
|move|p1a: Empoleon|Ice Beam|p2a: Ogerpon
|-supereffective|p2a: Ogerpon
|-damage|p2a: Ogerpon|0 fnt
|faint|p2a: Ogerpon
|
|-heal|p1a: Empoleon|24/100|[from] item: Leftovers
|upkeep
|
|t:|1743863698
|switch|p2a: Iron Moth|Iron Moth|100/100
|-enditem|p2a: Iron Moth|Booster Energy
|-activate|p2a: Iron Moth|ability: Quark Drive|[fromitem]
|-start|p2a: Iron Moth|quarkdrivespe
|turn|3
|
|t:|1743863705
|move|p2a: Iron Moth|Fiery Dance|p1a: Empoleon
|-supereffective|p1a: Empoleon
|-damage|p1a: Empoleon|0 fnt
|faint|p1a: Empoleon
|
|upkeep
|
|t:|1743863726
|switch|p1a: Salamence|Salamence, F|100/100
|turn|4
|
|t:|1743863731
|move|p2a: Iron Moth|Dazzling Gleam|p1a: Salamence
|-supereffective|p1a: Salamence
|-damage|p1a: Salamence|34/100
|move|p1a: Salamence|Earthquake|p2a: Iron Moth
|-supereffective|p2a: Iron Moth
|-damage|p2a: Iron Moth|0 fnt
|faint|p2a: Iron Moth
|-end|p2a: Iron Moth|Quark Drive|[silent]
|-ability|p1a: Salamence|Moxie|boost
|-boost|p1a: Salamence|atk|1
|
|upkeep
|
|t:|1743863752
|switch|p2a: Iron Valiant|Iron Valiant|100/100
|-enditem|p2a: Iron Valiant|Booster Energy
|-activate|p2a: Iron Valiant|ability: Quark Drive|[fromitem]
|-start|p2a: Iron Valiant|quarkdrivespe
|turn|5
|
|t:|1743863757
|move|p2a: Iron Valiant|Close Combat|p1a: Salamence
|-resisted|p1a: Salamence
|-damage|p1a: Salamence|0 fnt
|-unboost|p2a: Iron Valiant|def|1
|-unboost|p2a: Iron Valiant|spd|1
|faint|p1a: Salamence
|
|upkeep
|
|t:|1743863764
|switch|p1a: Ninetales|Ninetales-Alola, M|100/100
|-weather|Snowscape|[from] ability: Snow Warning|[of] p1a: Ninetales
|turn|6
|
|t:|1743863769
|move|p2a: Iron Valiant|Knock Off|p1a: Ninetales
|-resisted|p1a: Ninetales
|-damage|p1a: Ninetales|89/100
|-enditem|p1a: Ninetales|Light Clay|[from] move: Knock Off|[of] p2a: Iron Valiant
|move|p1a: Ninetales|Aurora Veil|p1a: Ninetales
|-sidestart|p1: rising skies|move: Aurora Veil
|
|-weather|Snowscape|[upkeep]
|upkeep
|turn|7
|
|t:|1743863781
|move|p2a: Iron Valiant|Destiny Bond|p2a: Iron Valiant
|-singlemove|p2a: Iron Valiant|Destiny Bond
|move|p1a: Ninetales|Moonblast|p2a: Iron Valiant
|-supereffective|p2a: Iron Valiant
|-damage|p2a: Iron Valiant|0 fnt
|faint|p2a: Iron Valiant
|-activate|p2a: Iron Valiant|move: Destiny Bond
|-end|p2a: Iron Valiant|Quark Drive|[silent]
|faint|p1a: Ninetales
|
|-weather|Snowscape|[upkeep]
|upkeep
|
|t:|1743863792
|switch|p2a: Dragonite|Dragonite, F|100/100
|switch|p1a: Iron Hands|Iron Hands|100/100
|turn|8
|
|t:|1743863799
|switch|p2a: Kingambit|Kingambit, F|100/100
|-activate|p2a: Kingambit|ability: Supreme Overlord
|-start|p2a: Kingambit|fallen3|[silent]
|move|p1a: Iron Hands|Ice Punch|p2a: Kingambit
|-resisted|p2a: Kingambit
|-damage|p2a: Kingambit|85/100
|
|-weather|Snowscape|[upkeep]
|upkeep
|turn|9
|
|t:|1743863809
|-terastallize|p2a: Kingambit|Ghost
|move|p2a: Kingambit|Swords Dance|p2a: Kingambit
|-boost|p2a: Kingambit|atk|2
|move|p1a: Iron Hands|Swords Dance|p1a: Iron Hands
|-boost|p1a: Iron Hands|atk|2
|
|-weather|Snowscape|[upkeep]
|upkeep
|turn|10
|
|t:|1743863817
|move|p2a: Kingambit|Iron Head|p1a: Iron Hands
|-resisted|p1a: Iron Hands
|-damage|p1a: Iron Hands|82/100
|cant|p1a: Iron Hands|flinch
|
|-weather|none
|-sideend|p1: rising skies|move: Aurora Veil
|upkeep
|turn|11
|
|t:|1743863823
|move|p2a: Kingambit|Iron Head|p1a: Iron Hands
|-resisted|p1a: Iron Hands
|-damage|p1a: Iron Hands|45/100
|cant|p1a: Iron Hands|flinch
|
|upkeep
|turn|12
|
|t:|1743863834
|move|p2a: Kingambit|Kowtow Cleave|p1a: Iron Hands
|-resisted|p1a: Iron Hands
|-damage|p1a: Iron Hands|6/100
|move|p1a: Iron Hands|Thunder Punch|p2a: Kingambit
|-damage|p2a: Kingambit|4/100
|
|upkeep
|turn|13
|
|t:|1743863843
|move|p2a: Kingambit|Iron Head|p1a: Iron Hands
|-resisted|p1a: Iron Hands
|-damage|p1a: Iron Hands|0 fnt
|faint|p1a: Iron Hands
|-end|p1a: Iron Hands|Quark Drive|[silent]
|
|upkeep
|
|t:|1743863848
|switch|p1a: Vikavolt|Vikavolt, M|100/100
|turn|14
|
|t:|1743863854
|move|p2a: Kingambit|Sucker Punch|p1a: Vikavolt
|-damage|p1a: Vikavolt|0 fnt
|faint|p1a: Vikavolt
|
|upkeep
|
|t:|1743863857
|switch|p1a: Great Tusk|Great Tusk|100/100
|-enditem|p1a: Great Tusk|Booster Energy
|-activate|p1a: Great Tusk|ability: Protosynthesis|[fromitem]
|-start|p1a: Great Tusk|protosynthesisatk
|turn|15
|
|t:|1743863863
|move|p2a: Kingambit|Sucker Punch|p1a: Great Tusk
|-resisted|p1a: Great Tusk
|-crit|p1a: Great Tusk
|-damage|p1a: Great Tusk|45/100
|move|p1a: Great Tusk|Temper Flare|p2a: Kingambit
|-damage|p2a: Kingambit|0 fnt
|faint|p2a: Kingambit
|-end|p2a: Kingambit|fallen3|[silent]
|
|upkeep
|
|t:|1743863870
|switch|p2a: Dragonite|Dragonite, F|100/100
|turn|16
|c|☆rising skies|luckiest kingambit ever
|c|☆rising skies|thats insane
|
|t:|1743863882
|move|p1a: Great Tusk|Rapid Spin|p2a: Dragonite
|-damage|p2a: Dragonite|90/100
|-boost|p1a: Great Tusk|spe|1
|move|p2a: Dragonite|Earthquake|p1a: Great Tusk
|-damage|p1a: Great Tusk|18/100
|
|upkeep
|turn|17
|
|t:|1743863890
|move|p2a: Dragonite|Extreme Speed|p1a: Great Tusk
|-damage|p1a: Great Tusk|0 fnt
|faint|p1a: Great Tusk
|-end|p1a: Great Tusk|Protosynthesis|[silent]
|
|win|l0uness
|raw|rising skies's rating: 1418 &rarr; <strong>1399</strong><br />(-19 for losing)
|raw|l0uness's rating: 1439 &rarr; <strong>1458</strong><br />(+19 for winning)
|c|☆l0uness|Sry
|c|☆l0uness|gg
|l|☆rising skies
|player|p1|
|l|☆l0uness
|player|p2|
