|j|☆vhdxgdd
|j|☆Javi1410
|t:|1743895653
|gametype|singles
|player|p1|vhdxgdd|gambler|1077
|player|p2|Javi1410|102|1130
|teamsize|p1|6
|teamsize|p2|6
|gen|9
|tier|[Gen 9] OU
|rated|
|rule|HP Percentage Mod: HP is shown in percentages
|rule|Endless Battle Clause: Forcing endless battles is banned
|rule|Species Clause: Limit one of each Pokémon
|rule|OHKO Clause: OHKO moves are banned
|rule|Evasion Items Clause: Evasion items are banned
|rule|Evasion Moves Clause: Evasion moves are banned
|rule|Sleep Moves Clause: Sleep-inducing moves are banned
|clearpoke
|poke|p1|Cinderace, F|
|poke|p1|Garganacl, M|
|poke|p1|Gliscor, M|
|poke|p1|Slowking-Galar, M|
|poke|p1|Corviknight, F|
|poke|p1|Dragapult, M|
|poke|p2|Moltres-Galar|
|poke|p2|Zoroark-Hisui, M|
|poke|p2|Vileplume, F|
|poke|p2|Garganacl, F|
|poke|p2|Iron Treads|
|poke|p2|Okidogi, M|
|teampreview
|inactive|Battle timer is ON: inactive players will automatically lose when time's up. (requested by vhdxgdd)
|
|t:|1743895681
|start
|switch|p1a: Gliscor|Gliscor, M|100/100
|switch|p2a: Iron Treads|Iron Treads|100/100
|turn|1
|
|t:|1743895689
|move|p1a: Gliscor|Protect|p1a: Gliscor
|-singleturn|p1a: Gliscor|Protect
|move|p2a: Iron Treads|Iron Head|p1a: Gliscor
|-activate|p1a: Gliscor|move: Protect
|
|-status|p1a: Gliscor|tox|[from] item: Toxic Orb
|upkeep
|turn|2
|
|t:|1743895698
|-end|p2a: Iron Treads|Quark Drive|[silent]
|switch|p2a: Vileplume|Vileplume, F|100/100
|move|p1a: Gliscor|Earthquake|p2a: Vileplume
|-damage|p2a: Vileplume|63/100
|
|upkeep
|turn|3
|
|t:|1743895705
|move|p1a: Gliscor|Knock Off|p2a: Vileplume
|-damage|p2a: Vileplume|41/100
|-damage|p1a: Gliscor|84/100 tox|[from] item: Rocky Helmet|[of] p2a: Vileplume
|-enditem|p2a: Vileplume|Rocky Helmet|[from] move: Knock Off|[of] p1a: Gliscor
|move|p2a: Vileplume|Leech Seed|p1a: Gliscor
|-start|p1a: Gliscor|move: Leech Seed
|
|-damage|p1a: Gliscor|72/100 tox|[from] Leech Seed|[of] p2a: Vileplume
|-heal|p2a: Vileplume|53/100|[silent]
|-heal|p1a: Gliscor|84/100 tox|[from] ability: Poison Heal
|upkeep
|turn|4
|
|t:|1743895721
|switch|p1a: Slowking|Slowking-Galar, M|100/100
|move|p2a: Vileplume|Leech Seed|p1a: Slowking
|-start|p1a: Slowking|move: Leech Seed
|
|-damage|p1a: Slowking|88/100|[from] Leech Seed|[of] p2a: Vileplume
|-heal|p2a: Vileplume|67/100|[silent]
|upkeep
|turn|5
|
|t:|1743895736
|switch|p2a: Moltres|Moltres-Galar|100/100
|move|p1a: Slowking|Future Sight|p2a: Moltres
|-start|p1a: Slowking|move: Future Sight
|
|-damage|p1a: Slowking|76/100|[from] Leech Seed|[of] p2a: Moltres
|upkeep
|turn|6
|inactive|vhdxgdd has 120 seconds left.
|
|t:|1743895769
|move|p2a: Moltres|Nasty Plot|p2a: Moltres
|-boost|p2a: Moltres|spa|2
|-prepare|p1a: Slowking|Chilly Reception|[premajor]
|move|p1a: Slowking|Chilly Reception|p1a: Slowking
|-weather|Snowscape
|
|t:|1743895773
|switch|p1a: Garganacl|Garganacl, M|100/100|[from] Chilly Reception
|
|-weather|Snowscape|[upkeep]
|upkeep
|turn|7
|
|t:|1743895786
|-terastallize|p2a: Moltres|Steel
|move|p2a: Moltres|Tera Blast|p1a: Garganacl|[anim] Tera Blast Steel
|-supereffective|p1a: Garganacl
|-damage|p1a: Garganacl|13/100
|move|p1a: Garganacl|Salt Cure|p2a: Moltres
|-resisted|p2a: Moltres
|-damage|p2a: Moltres|92/100
|-start|p2a: Moltres|Salt Cure
|
|-weather|Snowscape|[upkeep]
|-end|p2a: Moltres|move: Future Sight
|-resisted|p2a: Moltres
|-damage|p2a: Moltres|73/100
|-heal|p1a: Garganacl|19/100|[from] item: Leftovers
|-damage|p2a: Moltres|48/100|[from] Salt Cure
|upkeep
|-enditem|p2a: Moltres|Sitrus Berry|[eat]
|-heal|p2a: Moltres|73/100|[from] item: Sitrus Berry
|turn|8
|
|t:|1743895804
|move|p1a: Garganacl|Protect|p1a: Garganacl
|-singleturn|p1a: Garganacl|Protect
|move|p2a: Moltres|Fiery Wrath|p1a: Garganacl
|-activate|p1a: Garganacl|move: Protect
|
|-weather|Snowscape|[upkeep]
|-heal|p1a: Garganacl|25/100|[from] item: Leftovers
|-damage|p2a: Moltres|48/100|[from] Salt Cure
|upkeep
|turn|9
|
|t:|1743895814
|move|p1a: Garganacl|Protect|p1a: Garganacl
|-singleturn|p1a: Garganacl|Protect
|move|p2a: Moltres|Tera Blast|p1a: Garganacl|[anim] Tera Blast Steel
|-activate|p1a: Garganacl|move: Protect
|
|-weather|Snowscape|[upkeep]
|-heal|p1a: Garganacl|31/100|[from] item: Leftovers
|-damage|p2a: Moltres|24/100|[from] Salt Cure
|upkeep
|turn|10
|
|t:|1743895824
|move|p2a: Moltres|Tera Blast|p1a: Garganacl|[anim] Tera Blast Steel
|-supereffective|p1a: Garganacl
|-damage|p1a: Garganacl|0 fnt
|faint|p1a: Garganacl
|
|-weather|none
|-damage|p2a: Moltres|0 fnt|[from] Salt Cure
|faint|p2a: Moltres
|upkeep
|
|t:|1743895832
|switch|p2a: Garganacl|Garganacl, F|100/100
|switch|p1a: Gliscor|Gliscor, M|84/100 tox
|turn|11
|
|t:|1743895844
|move|p2a: Garganacl|Bitter Malice|p1a: Gliscor
|-damage|p1a: Gliscor|31/100 tox
|-unboost|p1a: Gliscor|atk|1
|move|p1a: Gliscor|Swords Dance|p1a: Gliscor
|-boost|p1a: Gliscor|atk|2
|
|-heal|p1a: Gliscor|43/100 tox|[from] ability: Poison Heal
|upkeep
|turn|12
|
|t:|1743895855
|move|p1a: Gliscor|Protect|p1a: Gliscor
|-singleturn|p1a: Gliscor|Protect
|move|p2a: Garganacl|Bitter Malice|p1a: Gliscor
|-activate|p1a: Gliscor|move: Protect
|
|-heal|p1a: Gliscor|56/100 tox|[from] ability: Poison Heal
|upkeep
|turn|13
|
|t:|1743895865
|move|p2a: Garganacl|Bitter Malice|p1a: Gliscor
|-damage|p1a: Gliscor|8/100 tox
|-unboost|p1a: Gliscor|atk|1
|move|p1a: Gliscor|Knock Off|p2a: Garganacl
|-supereffective|p2a: Garganacl
|-damage|p2a: Garganacl|18/100
|replace|p2a: Zoroark|Zoroark-Hisui, M
|-end|p2a: Zoroark|Illusion
|-enditem|p2a: Zoroark|Choice Scarf|[from] move: Knock Off|[of] p1a: Gliscor
|
|-heal|p1a: Gliscor|21/100 tox|[from] ability: Poison Heal
|upkeep
|turn|14
|
|t:|1743895878
|move|p1a: Gliscor|Protect|p1a: Gliscor
|-singleturn|p1a: Gliscor|Protect
|move|p2a: Zoroark|Bitter Malice|p1a: Gliscor
|-activate|p1a: Gliscor|move: Protect
|
|-heal|p1a: Gliscor|33/100 tox|[from] ability: Poison Heal
|upkeep
|turn|15
|
|t:|1743895888
|switch|p1a: Cinderace|Cinderace, F|100/100
|move|p2a: Zoroark|Bitter Malice|p1a: Cinderace
|-damage|p1a: Cinderace|45/100
|-unboost|p1a: Cinderace|atk|1
|
|upkeep
|turn|16
|
|t:|1743895898
|switch|p2a: Garganacl|Garganacl, F|100/100
|move|p1a: Cinderace|Pyro Ball|p2a: Garganacl
|-resisted|p2a: Garganacl
|-damage|p2a: Garganacl|91/100
|
|upkeep
|turn|17
|
|t:|1743895911
|move|p1a: Cinderace|U-turn|p2a: Garganacl
|-start|p1a: Cinderace|typechange|Bug|[from] ability: Libero
|-damage|p2a: Garganacl|79/100
|
|t:|1743895914
|switch|p1a: Slowking|Slowking-Galar, M|100/100|[from] U-turn
|move|p2a: Garganacl|Salt Cure|p1a: Slowking
|-damage|p1a: Slowking|87/100
|-start|p1a: Slowking|Salt Cure
|
|-damage|p1a: Slowking|74/100|[from] Salt Cure
|upkeep
|turn|18
|
|t:|1743895924
|move|p2a: Garganacl|Recover|p2a: Garganacl
|-heal|p2a: Garganacl|100/100
|move|p1a: Slowking|Future Sight|p2a: Garganacl
|-start|p1a: Slowking|move: Future Sight
|
|-damage|p1a: Slowking|62/100|[from] Salt Cure
|upkeep
|turn|19
|
|t:|1743895931
|move|p2a: Garganacl|Stealth Rock|p1a: Slowking
|-sidestart|p1: vhdxgdd|move: Stealth Rock
|-prepare|p1a: Slowking|Chilly Reception|[premajor]
|move|p1a: Slowking|Chilly Reception|p1a: Slowking
|-weather|Snowscape
|
|t:|1743895935
|switch|p1a: Gliscor|Gliscor, M|33/100 tox|[from] Chilly Reception
|-damage|p1a: Gliscor|21/100 tox|[from] Stealth Rock
|
|-weather|Snowscape|[upkeep]
|-heal|p1a: Gliscor|33/100 tox|[from] ability: Poison Heal
|upkeep
|turn|20
|
|t:|1743895943
|move|p1a: Gliscor|Swords Dance|p1a: Gliscor
|-boost|p1a: Gliscor|atk|2
|move|p2a: Garganacl|Salt Cure|p1a: Gliscor
|-damage|p1a: Gliscor|21/100 tox
|-start|p1a: Gliscor|Salt Cure
|
|-weather|Snowscape|[upkeep]
|-end|p2a: Garganacl|move: Future Sight
|-damage|p2a: Garganacl|59/100
|-heal|p1a: Gliscor|34/100 tox|[from] ability: Poison Heal
|-damage|p1a: Gliscor|21/100 tox|[from] Salt Cure
|upkeep
|turn|21
|
|t:|1743895961
|switch|p2a: Vileplume|Vileplume, F|67/100
|move|p1a: Gliscor|Earthquake|p2a: Vileplume
|-damage|p2a: Vileplume|0 fnt
|faint|p2a: Vileplume
|
|-weather|Snowscape|[upkeep]
|-heal|p1a: Gliscor|34/100 tox|[from] ability: Poison Heal
|-damage|p1a: Gliscor|21/100 tox|[from] Salt Cure
|upkeep
|
|t:|1743895973
|switch|p2a: Garganacl|Garganacl, F|18/100
|turn|22
|
|t:|1743895980
|move|p1a: Gliscor|Protect|p1a: Gliscor
|-singleturn|p1a: Gliscor|Protect
|move|p2a: Garganacl|Bitter Malice|p1a: Gliscor
|-activate|p1a: Gliscor|move: Protect
|
|-weather|Snowscape|[upkeep]
|-heal|p1a: Gliscor|34/100 tox|[from] ability: Poison Heal
|-damage|p1a: Gliscor|21/100 tox|[from] Salt Cure
|upkeep
|turn|23
|
|t:|1743895991
|switch|p1a: Corviknight|Corviknight, F|100/100
|-damage|p1a: Corviknight|88/100|[from] Stealth Rock
|-ability|p1a: Corviknight|Pressure
|move|p2a: Garganacl|Bitter Malice|p1a: Corviknight
|-damage|p1a: Corviknight|47/100
|-unboost|p1a: Corviknight|atk|1
|
|-weather|none
|upkeep
|turn|24
|
|t:|1743896003
|move|p2a: Garganacl|Flamethrower|p1a: Corviknight
|-supereffective|p1a: Corviknight
|-damage|p1a: Corviknight|0 fnt
|faint|p1a: Corviknight
|
|upkeep
|
|t:|1743896006
|switch|p1a: Dragapult|Dragapult, M|100/100
|turn|25
|
|t:|1743896020
|switch|p2a: Iron Treads|Iron Treads|100/100
|move|p1a: Dragapult|Dragon Darts|p2a: Iron Treads
|-resisted|p2a: Iron Treads
|-damage|p2a: Iron Treads|92/100
|-anim|p1a: Dragapult|Dragon Darts|p2a: Iron Treads
|-resisted|p2a: Iron Treads
|-damage|p2a: Iron Treads|85/100
|
|upkeep
|turn|26
|
|t:|1743896031
|move|p1a: Dragapult|Will-O-Wisp|p2a: Iron Treads
|-status|p2a: Iron Treads|brn
|move|p2a: Iron Treads|Iron Head|p1a: Dragapult
|-damage|p1a: Dragapult|75/100
|
|-damage|p2a: Iron Treads|79/100 brn|[from] brn
|upkeep
|turn|27
|
|t:|1743896039
|move|p1a: Dragapult|Hex|p2a: Iron Treads
|-crit|p2a: Iron Treads
|-damage|p2a: Iron Treads|10/100 brn
|move|p2a: Iron Treads|Iron Head|p1a: Dragapult
|-damage|p1a: Dragapult|48/100
|
|-damage|p2a: Iron Treads|4/100 brn|[from] brn
|upkeep
|turn|28
|
|t:|1743896048
|move|p1a: Dragapult|Hex|p2a: Iron Treads
|-damage|p2a: Iron Treads|0 fnt
|faint|p2a: Iron Treads
|-end|p2a: Iron Treads|Quark Drive|[silent]
|
|upkeep
|
|t:|1743896055
|switch|p2a: Okidogi|Okidogi, M|100/100
|turn|29
|
|t:|1743896076
|move|p1a: Dragapult|Will-O-Wisp|p2a: Okidogi
|-status|p2a: Okidogi|brn
|move|p2a: Okidogi|Knock Off|p1a: Dragapult
|-supereffective|p1a: Dragapult
|-damage|p1a: Dragapult|0 fnt
|-enditem|p1a: Dragapult|Heavy-Duty Boots|[from] move: Knock Off|[of] p2a: Okidogi
|faint|p1a: Dragapult
|
|-damage|p2a: Okidogi|94/100 brn|[from] brn
|upkeep
|
|t:|1743896080
|switch|p1a: Gliscor|Gliscor, M|21/100 tox
|-damage|p1a: Gliscor|9/100 tox|[from] Stealth Rock
|turn|30
|
|t:|1743896093
|move|p1a: Gliscor|Protect|p1a: Gliscor
|-singleturn|p1a: Gliscor|Protect
|move|p2a: Okidogi|Poison Jab|p1a: Gliscor
|-activate|p1a: Gliscor|move: Protect
|
|-heal|p2a: Okidogi|100/100 brn|[from] item: Leftovers
|-heal|p1a: Gliscor|21/100 tox|[from] ability: Poison Heal
|-damage|p2a: Okidogi|94/100 brn|[from] brn
|upkeep
|turn|31
|
|t:|1743896104
|move|p1a: Gliscor|Earthquake|p2a: Okidogi
|-supereffective|p2a: Okidogi
|-damage|p2a: Okidogi|37/100 brn
|move|p2a: Okidogi|Poison Jab|p1a: Gliscor
|-resisted|p1a: Gliscor
|-damage|p1a: Gliscor|13/100 tox
|
|-heal|p2a: Okidogi|43/100 brn|[from] item: Leftovers
|-heal|p1a: Gliscor|25/100 tox|[from] ability: Poison Heal
|-damage|p2a: Okidogi|37/100 brn|[from] brn
|upkeep
|turn|32
|
|t:|1743896115
|move|p1a: Gliscor|Protect|p1a: Gliscor
|-singleturn|p1a: Gliscor|Protect
|move|p2a: Okidogi|Knock Off|p1a: Gliscor
|-activate|p1a: Gliscor|move: Protect
|
|-heal|p2a: Okidogi|43/100 brn|[from] item: Leftovers
|-heal|p1a: Gliscor|38/100 tox|[from] ability: Poison Heal
|-damage|p2a: Okidogi|37/100 brn|[from] brn
|upkeep
|turn|33
|
|t:|1743896125
|move|p1a: Gliscor|Earthquake|p2a: Okidogi
|-supereffective|p2a: Okidogi
|-damage|p2a: Okidogi|0 fnt
|faint|p2a: Okidogi
|
|-heal|p1a: Gliscor|50/100 tox|[from] ability: Poison Heal
|upkeep
|
|t:|1743896138
|switch|p2a: Garganacl|Garganacl, F|18/100
|turn|34
|
|t:|1743896142
|move|p1a: Gliscor|Protect|p1a: Gliscor
|-singleturn|p1a: Gliscor|Protect
|move|p2a: Garganacl|Bitter Malice|p1a: Gliscor
|-activate|p1a: Gliscor|move: Protect
|
|-heal|p1a: Gliscor|63/100 tox|[from] ability: Poison Heal
|upkeep
|turn|35
|
|t:|1743896152
|-terastallize|p1a: Gliscor|Dark
|move|p2a: Garganacl|Bitter Malice|p1a: Gliscor
|-resisted|p1a: Gliscor
|-damage|p1a: Gliscor|39/100 tox
|-unboost|p1a: Gliscor|atk|1
|move|p1a: Gliscor|Knock Off|p2a: Garganacl
|-supereffective|p2a: Garganacl
|-damage|p2a: Garganacl|0 fnt
|replace|p2a: Zoroark|Zoroark-Hisui, M
|-end|p2a: Zoroark|Illusion
|faint|p2a: Zoroark
|
|-heal|p1a: Gliscor|52/100 tox|[from] ability: Poison Heal
|upkeep
|
|t:|1743896167
|switch|p2a: Garganacl|Garganacl, F|59/100
|turn|36
|
|t:|1743896172
|move|p1a: Gliscor|Swords Dance|p1a: Gliscor
|-boost|p1a: Gliscor|atk|2
|move|p2a: Garganacl|Recover|p2a: Garganacl
|-heal|p2a: Garganacl|100/100
|
|-heal|p1a: Gliscor|64/100 tox|[from] ability: Poison Heal
|upkeep
|turn|37
|
|t:|1743896181
|move|p1a: Gliscor|Swords Dance|p1a: Gliscor
|-boost|p1a: Gliscor|atk|2
|move|p2a: Garganacl|Curse|p2a: Garganacl
|-unboost|p2a: Garganacl|spe|1
|-boost|p2a: Garganacl|atk|1
|-boost|p2a: Garganacl|def|1
|
|-heal|p1a: Gliscor|77/100 tox|[from] ability: Poison Heal
|upkeep
|turn|38
|
|t:|1743896190
|move|p1a: Gliscor|Swords Dance|p1a: Gliscor
|-boost|p1a: Gliscor|atk|2
|move|p2a: Garganacl|Salt Cure|p1a: Gliscor
|-damage|p1a: Gliscor|61/100 tox
|-start|p1a: Gliscor|Salt Cure
|
|-heal|p1a: Gliscor|74/100 tox|[from] ability: Poison Heal
|-damage|p1a: Gliscor|61/100 tox|[from] Salt Cure
|upkeep
|turn|39
|
|t:|1743896200
|move|p1a: Gliscor|Earthquake|p2a: Garganacl
|-supereffective|p2a: Garganacl
|-damage|p2a: Garganacl|16/100
|move|p2a: Garganacl|Recover|p2a: Garganacl
|-heal|p2a: Garganacl|66/100
|
|-heal|p1a: Gliscor|74/100 tox|[from] ability: Poison Heal
|-damage|p1a: Gliscor|61/100 tox|[from] Salt Cure
|upkeep
|turn|40
|
|t:|1743896209
|move|p1a: Gliscor|Earthquake|p2a: Garganacl
|-supereffective|p2a: Garganacl
|-damage|p2a: Garganacl|0 fnt
|faint|p2a: Garganacl
|
|win|vhdxgdd
|raw|vhdxgdd's rating: 1077 &rarr; <strong>1110</strong><br />(+33 for winning)
|raw|Javi1410's rating: 1130 &rarr; <strong>1101</strong><br />(-29 for losing)
