|j|☆fluffylucario
|j|☆RootyX
|t:|1743803614
|gametype|singles
|player|p1|fluffylucario|102|1135
|player|p2|RootyX|169|1083
|teamsize|p1|6
|teamsize|p2|6
|gen|9
|tier|[Gen 9] OU
|rated|
|rule|HP Percentage Mod: HP is shown in percentages
|rule|Endless Battle Clause: Forcing endless battles is banned
|rule|Species Clause: Limit one of each Pokémon
|rule|OHKO Clause: OHKO moves are banned
|rule|Evasion Items Clause: Evasion items are banned
|rule|Evasion Moves Clause: Evasion moves are banned
|rule|Sleep Moves Clause: Sleep-inducing moves are banned
|clearpoke
|poke|p1|Tyranitar, F|
|poke|p1|Gliscor, M|
|poke|p1|Scizor, M|
|poke|p1|Rotom-Wash|
|poke|p1|Rillaboom, M|
|poke|p1|Zapdos|
|poke|p2|Alomomola, F|
|poke|p2|Slowking-Galar, M|
|poke|p2|Corviknight, F|
|poke|p2|Ogerpon-Cornerstone, F|
|poke|p2|Beartic, M|
|poke|p2|Ting-Lu|
|teampreview
|
|t:|1743803623
|start
|switch|p1a: Tyranitar|Tyranitar, F|100/100
|switch|p2a: Ogerpon|Ogerpon-Cornerstone, F|100/100
|-weather|Sandstorm|[from] ability: Sand Stream|[of] p1a: Tyranitar
|turn|1
|
|t:|1743803638
|switch|p1a: Rillaboom|Rillaboom, M|100/100
|-fieldstart|move: Grassy Terrain|[from] ability: Grassy Surge|[of] p1a: Rillaboom
|move|p2a: Ogerpon|Low Kick|p1a: Rillaboom
|-damage|p1a: Rillaboom|64/100
|
|-weather|Sandstorm|[upkeep]
|-damage|p1a: Rillaboom|58/100|[from] Sandstorm
|-heal|p1a: Rillaboom|64/100|[from] Grassy Terrain
|upkeep
|turn|2
|
|t:|1743803646
|switch|p2a: Corviknight|Corviknight, F|100/100
|-ability|p2a: Corviknight|Pressure
|move|p1a: Rillaboom|U-turn|p2a: Corviknight
|-resisted|p2a: Corviknight
|-damage|p2a: Corviknight|94/100
|-damage|p1a: Rillaboom|48/100|[from] item: Rocky Helmet|[of] p2a: Corviknight
|
|t:|1743803652
|switch|p1a: Rotom|Rotom-Wash|100/100|[from] U-turn
|
|-weather|Sandstorm|[upkeep]
|-damage|p1a: Rotom|94/100|[from] Sandstorm
|-heal|p1a: Rotom|100/100|[from] item: Leftovers
|upkeep
|turn|3
|
|t:|1743803658
|switch|p2a: Slowking|Slowking-Galar, M|100/100
|move|p1a: Rotom|Will-O-Wisp|p2a: Slowking
|-status|p2a: Slowking|brn
|
|-weather|Sandstorm|[upkeep]
|-damage|p1a: Rotom|94/100|[from] Sandstorm
|-damage|p2a: Slowking|94/100 brn|[from] Sandstorm
|-heal|p1a: Rotom|100/100|[from] item: Leftovers
|-heal|p2a: Slowking|100/100 brn|[from] Grassy Terrain
|-damage|p2a: Slowking|94/100 brn|[from] brn
|upkeep
|turn|4
|
|t:|1743803662
|move|p1a: Rotom|Volt Switch|p2a: Slowking
|-damage|p2a: Slowking|75/100 brn
|
|t:|1743803670
|switch|p1a: Scizor|Scizor, M|100/100|[from] Volt Switch
|-prepare|p2a: Slowking|Chilly Reception|[premajor]
|move|p2a: Slowking|Chilly Reception|p2a: Slowking
|-weather|Snowscape
|
|t:|1743803684
|switch|p2a: Corviknight|Corviknight, F|94/100|[from] Chilly Reception
|-ability|p2a: Corviknight|Pressure
|
|-weather|Snowscape|[upkeep]
|upkeep
|turn|5
|
|t:|1743803690
|move|p1a: Scizor|Knock Off|p2a: Corviknight
|-damage|p2a: Corviknight|63/100
|-damage|p1a: Scizor|84/100|[from] item: Rocky Helmet|[of] p2a: Corviknight
|-enditem|p2a: Corviknight|Rocky Helmet|[from] move: Knock Off|[of] p1a: Scizor
|move|p2a: Corviknight|Iron Defense|p2a: Corviknight
|-boost|p2a: Corviknight|def|2
|
|-weather|Snowscape|[upkeep]
|-heal|p1a: Scizor|90/100|[from] Grassy Terrain
|-fieldend|move: Grassy Terrain
|upkeep
|turn|6
|
|t:|1743803709
|switch|p1a: Zapdos|Zapdos|100/100
|move|p2a: Corviknight|Roost|p2a: Corviknight
|-heal|p2a: Corviknight|100/100
|-singleturn|p2a: Corviknight|move: Roost
|
|-weather|Snowscape|[upkeep]
|upkeep
|turn|7
|
|t:|1743803717
|switch|p2a: Ting-Lu|Ting-Lu|100/100
|-ability|p2a: Ting-Lu|Vessel of Ruin
|move|p1a: Zapdos|Thunder Wave|p2a: Ting-Lu
|-immune|p2a: Ting-Lu
|
|-weather|Snowscape|[upkeep]
|upkeep
|turn|8
|
|t:|1743803729
|switch|p1a: Gliscor|Gliscor, M|100/100
|switch|p2a: Slowking|Slowking-Galar, M|100/100 brn
|
|-weather|Snowscape|[upkeep]
|-damage|p2a: Slowking|94/100 brn|[from] brn
|-status|p1a: Gliscor|tox|[from] item: Toxic Orb
|upkeep
|turn|9
|
|t:|1743803745
|move|p1a: Gliscor|Substitute|p1a: Gliscor
|-start|p1a: Gliscor|Substitute
|-damage|p1a: Gliscor|76/100 tox
|move|p2a: Slowking|Toxic Spikes|p1a: Gliscor
|-sidestart|p1: fluffylucario|move: Toxic Spikes
|
|-weather|Snowscape|[upkeep]
|-heal|p1a: Gliscor|88/100 tox|[from] ability: Poison Heal
|-damage|p2a: Slowking|88/100 brn|[from] brn
|upkeep
|turn|10
|
|t:|1743803761
|switch|p2a: Corviknight|Corviknight, F|100/100
|-ability|p2a: Corviknight|Pressure
|move|p1a: Gliscor|Facade|p2a: Corviknight
|-resisted|p2a: Corviknight
|-damage|p2a: Corviknight|92/100
|
|-weather|Snowscape|[upkeep]
|-heal|p1a: Gliscor|100/100 tox|[from] ability: Poison Heal
|upkeep
|turn|11
|
|t:|1743803772
|switch|p1a: Zapdos|Zapdos|100/100
|move|p2a: Corviknight|Iron Defense|p2a: Corviknight
|-boost|p2a: Corviknight|def|2
|
|-weather|none
|upkeep
|turn|12
|inactive|Battle timer is ON: inactive players will automatically lose when time's up. (requested by fluffylucario)
|
|t:|1743803784
|switch|p2a: Slowking|Slowking-Galar, M|100/100 brn
|move|p1a: Zapdos|Hurricane|p2a: Slowking|[miss]
|-miss|p1a: Zapdos|p2a: Slowking
|
|-damage|p2a: Slowking|94/100 brn|[from] brn
|upkeep
|turn|13
|
|t:|1743803797
|move|p1a: Zapdos|Hurricane|p2a: Slowking
|-damage|p2a: Slowking|57/100 brn
|-start|p2a: Slowking|confusion
|-activate|p2a: Slowking|confusion
|move|p2a: Slowking|Toxic Spikes|p1a: Zapdos
|-sidestart|p1: fluffylucario|move: Toxic Spikes
|
|-damage|p2a: Slowking|51/100 brn|[from] brn
|upkeep
|turn|14
|
|t:|1743803807
|switch|p2a: Alomomola|Alomomola, F, shiny|100/100
|move|p1a: Zapdos|Hurricane|p2a: Alomomola
|-damage|p2a: Alomomola|56/100
|
|upkeep
|turn|15
|
|t:|1743803815
|switch|p2a: Ting-Lu|Ting-Lu|100/100
|-ability|p2a: Ting-Lu|Vessel of Ruin
|move|p1a: Zapdos|Thunder Wave|p2a: Ting-Lu
|-immune|p2a: Ting-Lu
|
|upkeep
|turn|16
|
|t:|1743803838
|move|p1a: Zapdos|Hurricane|p2a: Ting-Lu
|-damage|p2a: Ting-Lu|82/100
|move|p2a: Ting-Lu|Payback|p1a: Zapdos
|-damage|p1a: Zapdos|75/100
|-status|p2a: Ting-Lu|par|[from] ability: Static|[of] p1a: Zapdos
|
|-heal|p2a: Ting-Lu|89/100 par|[from] item: Leftovers
|upkeep
|turn|17
|
|t:|1743803853
|switch|p1a: Rotom|Rotom-Wash|100/100
|cant|p2a: Ting-Lu|par
|
|-heal|p2a: Ting-Lu|95/100 par|[from] item: Leftovers
|upkeep
|turn|18
|
|t:|1743803861
|switch|p2a: Slowking|Slowking-Galar, M|84/100 brn
|move|p1a: Rotom|Volt Switch|p2a: Slowking
|-damage|p2a: Slowking|65/100 brn
|
|t:|1743803870
|switch|p1a: Scizor|Scizor, M|90/100|[from] Volt Switch
|
|-damage|p2a: Slowking|59/100 brn|[from] brn
|upkeep
|turn|19
|
|t:|1743803877
|switch|p2a: Corviknight|Corviknight, F|92/100
|-ability|p2a: Corviknight|Pressure
|move|p1a: Scizor|U-turn|p2a: Corviknight
|-resisted|p2a: Corviknight
|-damage|p2a: Corviknight|84/100
|
|t:|1743803887
|switch|p1a: Rotom|Rotom-Wash|100/100|[from] U-turn
|
|upkeep
|turn|20
|
|t:|1743803897
|switch|p2a: Slowking|Slowking-Galar, M|92/100 brn
|move|p1a: Rotom|Hydro Pump|p2a: Slowking
|-damage|p2a: Slowking|62/100 brn
|
|-damage|p2a: Slowking|56/100 brn|[from] brn
|upkeep
|turn|21
|
|t:|1743803907
|move|p1a: Rotom|Volt Switch|p2a: Slowking
|-damage|p2a: Slowking|39/100 brn
|
|t:|1743803918
|switch|p1a: Scizor|Scizor, M|90/100|[from] Volt Switch
|-prepare|p2a: Slowking|Chilly Reception|[premajor]
|move|p2a: Slowking|Chilly Reception|p2a: Slowking
|-weather|Snowscape
|inactive|RootyX has 120 seconds left.
|
|t:|1743803961
|switch|p2a: Ogerpon|Ogerpon-Cornerstone, F|100/100|[from] Chilly Reception
|
|-weather|Snowscape|[upkeep]
|upkeep
|turn|22
|
|t:|1743803969
|move|p2a: Ogerpon|Ivy Cudgel|p1a: Scizor|[anim] Ivy Cudgel Rock
|-damage|p1a: Scizor|30/100
|move|p1a: Scizor|U-turn|p2a: Ogerpon
|-supereffective|p2a: Ogerpon
|-ability|p2a: Ogerpon|Sturdy
|-damage|p2a: Ogerpon|1/100
|
|t:|1743803999
|switch|p1a: Gliscor|Gliscor, M|100/100 tox|[from] U-turn
|
|-weather|Snowscape|[upkeep]
|upkeep
|turn|23
|inactive|RootyX has 120 seconds left.
|
|t:|1743804017
|switch|p2a: Corviknight|Corviknight, F|84/100
|-ability|p2a: Corviknight|Pressure
|move|p1a: Gliscor|Protect||[still]
|-fail|p1a: Gliscor
|
|-weather|Snowscape|[upkeep]
|upkeep
|turn|24
|inactive|RootyX has 120 seconds left.
|l|☆RootyX
|inactive|RootyX disconnected and has a minute to reconnect!
|player|p2|
|j|☆RootyX
|inactive|RootyX reconnected and has 95 seconds left.
|player|p2|RootyX|169|
|inactive|RootyX has 90 seconds left.
|
|t:|1743804053
|switch|p1a: Zapdos|Zapdos|75/100
|move|p2a: Corviknight|Body Press|p1a: Zapdos
|-resisted|p1a: Zapdos
|-damage|p1a: Zapdos|65/100
|
|-weather|Snowscape|[upkeep]
|upkeep
|turn|25
|
|t:|1743804069
|switch|p2a: Ting-Lu|Ting-Lu|95/100 par
|-ability|p2a: Ting-Lu|Vessel of Ruin
|move|p1a: Zapdos|Hurricane|p2a: Ting-Lu|[miss]
|-miss|p1a: Zapdos|p2a: Ting-Lu
|
|-weather|Snowscape|[upkeep]
|-heal|p2a: Ting-Lu|100/100 par|[from] item: Leftovers
|upkeep
|turn|26
|
|t:|1743804085
|move|p1a: Zapdos|Hurricane|p2a: Ting-Lu
|-damage|p2a: Ting-Lu|82/100 par
|-start|p2a: Ting-Lu|confusion
|-activate|p2a: Ting-Lu|confusion
|move|p2a: Ting-Lu|Payback|p1a: Zapdos
|-damage|p1a: Zapdos|39/100
|
|-weather|Snowscape|[upkeep]
|-heal|p2a: Ting-Lu|88/100 par|[from] item: Leftovers
|upkeep
|turn|27
|
|t:|1743804093
|move|p1a: Zapdos|Roost|p1a: Zapdos
|-heal|p1a: Zapdos|89/100
|-singleturn|p1a: Zapdos|move: Roost
|-activate|p2a: Ting-Lu|confusion
|-damage|p2a: Ting-Lu|83/100 par|[from] confusion
|
|-weather|Snowscape|[upkeep]
|-heal|p2a: Ting-Lu|89/100 par|[from] item: Leftovers
|upkeep
|turn|28
|
|t:|1743804110
|switch|p1a: Rotom|Rotom-Wash|100/100
|-activate|p2a: Ting-Lu|confusion
|-damage|p2a: Ting-Lu|84/100 par|[from] confusion
|
|-weather|none
|-heal|p2a: Ting-Lu|90/100 par|[from] item: Leftovers
|upkeep
|turn|29
|inactive|RootyX has 90 seconds left.
|
|t:|1743804130
|switch|p2a: Slowking|Slowking-Galar, M|72/100 brn
|move|p1a: Rotom|Hydro Pump|p2a: Slowking
|-damage|p2a: Slowking|41/100 brn
|
|-damage|p2a: Slowking|35/100 brn|[from] brn
|upkeep
|turn|30
|inactive|RootyX has 90 seconds left.
|
|t:|1743804143
|move|p1a: Rotom|Hydro Pump|p2a: Slowking
|-damage|p2a: Slowking|6/100 brn
|-prepare|p2a: Slowking|Chilly Reception|[premajor]
|move|p2a: Slowking|Chilly Reception|p2a: Slowking
|-weather|Snowscape
|inactive|RootyX has 90 seconds left.
|
|t:|1743804150
|switch|p2a: Tank|Beartic, M|100/100|[from] Chilly Reception
|
|-weather|Snowscape|[upkeep]
|upkeep
|turn|31
|
|t:|1743804165
|move|p2a: Tank|Swords Dance|p2a: Tank
|-boost|p2a: Tank|atk|2
|move|p1a: Rotom|Will-O-Wisp|p2a: Tank
|-status|p2a: Tank|brn
|
|-weather|Snowscape|[upkeep]
|-damage|p2a: Tank|94/100 brn|[from] brn
|upkeep
|turn|32
|inactive|RootyX has 90 seconds left.
|
|t:|1743804181
|move|p2a: Tank|Swords Dance|p2a: Tank
|-boost|p2a: Tank|atk|2
|move|p1a: Rotom|Volt Switch|p2a: Tank
|-damage|p2a: Tank|61/100 brn
|
|t:|1743804191
|switch|p1a: Scizor|Scizor, M|30/100|[from] Volt Switch
|
|-weather|Snowscape|[upkeep]
|-damage|p2a: Tank|55/100 brn|[from] brn
|upkeep
|turn|33
|
|t:|1743804198
|move|p1a: Scizor|Bullet Punch|p2a: Tank
|-supereffective|p2a: Tank
|-damage|p2a: Tank|0 fnt
|faint|p2a: Tank
|
|-weather|Snowscape|[upkeep]
|upkeep
|
|t:|1743804206
|switch|p2a: Ogerpon|Ogerpon-Cornerstone, F|1/100
|turn|34
|
|t:|1743804217
|switch|p2a: Corviknight|Corviknight, F|84/100
|-ability|p2a: Corviknight|Pressure
|move|p1a: Scizor|Bullet Punch|p2a: Corviknight
|-resisted|p2a: Corviknight
|-damage|p2a: Corviknight|68/100
|
|-weather|Snowscape|[upkeep]
|upkeep
|turn|35
|
|t:|1743804226
|switch|p1a: Zapdos|Zapdos|89/100
|move|p2a: Corviknight|Roost|p2a: Corviknight
|-heal|p2a: Corviknight|100/100
|-singleturn|p2a: Corviknight|move: Roost
|
|-weather|Snowscape|[upkeep]
|upkeep
|turn|36
|
|t:|1743804238
|switch|p2a: Ting-Lu|Ting-Lu|90/100 par
|-ability|p2a: Ting-Lu|Vessel of Ruin
|move|p1a: Zapdos|Hurricane|p2a: Ting-Lu|[miss]
|-miss|p1a: Zapdos|p2a: Ting-Lu
|
|-weather|Snowscape|[upkeep]
|-heal|p2a: Ting-Lu|96/100 par|[from] item: Leftovers
|upkeep
|turn|37
|inactive|RootyX has 120 seconds left.
|
|t:|1743804251
|switch|p1a: Rotom|Rotom-Wash|100/100
|move|p2a: Ting-Lu|Payback|p1a: Rotom
|-damage|p1a: Rotom|86/100
|
|-weather|none
|-heal|p1a: Rotom|92/100|[from] item: Leftovers
|-heal|p2a: Ting-Lu|100/100 par|[from] item: Leftovers
|upkeep
|turn|38
|
|t:|1743804259
|switch|p2a: Alomomola|Alomomola, F, shiny|89/100
|move|p1a: Rotom|Hydro Pump|p2a: Alomomola
|-resisted|p2a: Alomomola
|-damage|p2a: Alomomola|71/100
|
|-heal|p1a: Rotom|98/100|[from] item: Leftovers
|upkeep
|turn|39
|
|t:|1743804268
|-terastallize|p2a: Alomomola|Ghost
|move|p1a: Rotom|Volt Switch|p2a: Alomomola
|-damage|p2a: Alomomola|46/100
|
|t:|1743804274
|switch|p1a: Gliscor|Gliscor, M|100/100 tox|[from] Volt Switch
|move|p2a: Alomomola|Wish|p2a: Alomomola
|
|upkeep
|turn|40
|
|t:|1743804280
|move|p2a: Alomomola|Protect|p2a: Alomomola
|-singleturn|p2a: Alomomola|Protect
|move|p1a: Gliscor|Toxic|p2a: Alomomola
|-activate|p2a: Alomomola|move: Protect
|
|-heal|p2a: Alomomola|96/100|[from] move: Wish|[wisher] Alomomola
|upkeep
|turn|41
|
|t:|1743804287
|switch|p1a: Zapdos|Zapdos|89/100
|switch|p2a: Corviknight|Corviknight, F|100/100
|-ability|p2a: Corviknight|Pressure
|
|upkeep
|turn|42
|
|t:|1743804294
|switch|p1a: Rotom|Rotom-Wash|98/100
|switch|p2a: Ting-Lu|Ting-Lu|100/100 par
|-ability|p2a: Ting-Lu|Vessel of Ruin
|
|-heal|p1a: Rotom|100/100|[from] item: Leftovers
|upkeep
|turn|43
|
|t:|1743804312
|switch|p2a: Slowking|Slowking-Galar, M|40/100 brn
|move|p1a: Rotom|Volt Switch|p2a: Slowking
|-damage|p2a: Slowking|20/100 brn
|
|t:|1743804322
|switch|p1a: Zapdos|Zapdos|89/100|[from] Volt Switch
|
|-damage|p2a: Slowking|13/100 brn|[from] brn
|upkeep
|turn|44
|
|t:|1743804331
|switch|p1a: Rotom|Rotom-Wash|100/100
|move|p2a: Slowking|Sludge Bomb|p1a: Rotom
|-damage|p1a: Rotom|67/100
|-status|p1a: Rotom|psn
|
|-heal|p1a: Rotom|73/100 psn|[from] item: Leftovers
|-damage|p1a: Rotom|60/100 psn|[from] psn
|-damage|p2a: Slowking|7/100 brn|[from] brn
|upkeep
|turn|45
|
|t:|1743804340
|move|p1a: Rotom|Hydro Pump|p2a: Slowking|[miss]
|-miss|p1a: Rotom|p2a: Slowking
|move|p2a: Slowking|Psychic|p1a: Rotom
|-damage|p1a: Rotom|25/100 psn
|
|-heal|p1a: Rotom|31/100 psn|[from] item: Leftovers
|-damage|p1a: Rotom|19/100 psn|[from] psn
|-damage|p2a: Slowking|1/100 brn|[from] brn
|upkeep
|turn|46
|
|t:|1743804347
|switch|p2a: Alomomola|Alomomola, F, shiny, tera:Ghost|100/100
|move|p1a: Rotom|Volt Switch|p2a: Alomomola
|-damage|p2a: Alomomola|76/100
|
|t:|1743804353
|switch|p1a: Gliscor|Gliscor, M|100/100 tox|[from] Volt Switch
|
|upkeep
|turn|47
|
|t:|1743804365
|switch|p1a: Zapdos|Zapdos|89/100
|switch|p2a: Corviknight|Corviknight, F|100/100
|-ability|p2a: Corviknight|Pressure
|
|upkeep
|turn|48
|
|t:|1743804375
|switch|p2a: Slowking|Slowking-Galar, M|35/100 brn
|move|p1a: Zapdos|Hurricane|p2a: Slowking|[miss]
|-miss|p1a: Zapdos|p2a: Slowking
|
|-damage|p2a: Slowking|28/100 brn|[from] brn
|upkeep
|turn|49
|
|t:|1743804382
|switch|p2a: Ting-Lu|Ting-Lu|100/100 par
|-ability|p2a: Ting-Lu|Vessel of Ruin
|move|p1a: Zapdos|Hurricane|p2a: Ting-Lu|[miss]
|-miss|p1a: Zapdos|p2a: Ting-Lu
|
|upkeep
|turn|50
|
|t:|1743804393
|switch|p1a: Scizor|Scizor, M|30/100
|switch|p2a: Slowking|Slowking-Galar, M|62/100 brn
|
|-damage|p2a: Slowking|56/100 brn|[from] brn
|upkeep
|turn|51
|
|t:|1743804403
|switch|p2a: Corviknight|Corviknight, F|100/100
|-ability|p2a: Corviknight|Pressure
|move|p1a: Scizor|U-turn|p2a: Corviknight
|-resisted|p2a: Corviknight
|-damage|p2a: Corviknight|92/100
|
|t:|1743804406
|switch|p1a: Zapdos|Zapdos|89/100|[from] U-turn
|
|upkeep
|turn|52
|
|t:|1743804417
|switch|p2a: Slowking|Slowking-Galar, M|89/100 brn
|move|p1a: Zapdos|Hurricane|p2a: Slowking|[miss]
|-miss|p1a: Zapdos|p2a: Slowking
|
|-damage|p2a: Slowking|83/100 brn|[from] brn
|upkeep
|turn|53
|
|t:|1743804425
|move|p1a: Zapdos|Hurricane|p2a: Slowking
|-damage|p2a: Slowking|47/100 brn
|move|p2a: Slowking|Sludge Bomb|p1a: Zapdos
|-damage|p1a: Zapdos|59/100
|-status|p1a: Zapdos|psn
|
|-damage|p1a: Zapdos|46/100 psn|[from] psn
|-damage|p2a: Slowking|41/100 brn|[from] brn
|upkeep
|turn|54
|
|t:|1743804435
|switch|p2a: Ting-Lu|Ting-Lu|100/100 par
|-ability|p2a: Ting-Lu|Vessel of Ruin
|move|p1a: Zapdos|Hurricane|p2a: Ting-Lu|[miss]
|-miss|p1a: Zapdos|p2a: Ting-Lu
|
|-damage|p1a: Zapdos|34/100 psn|[from] psn
|upkeep
|turn|55
|
|t:|1743804446
|switch|p1a: Rotom|Rotom-Wash|19/100 psn
|move|p2a: Ting-Lu|Payback|p1a: Rotom
|-damage|p1a: Rotom|3/100 psn
|
|-heal|p1a: Rotom|10/100 psn|[from] item: Leftovers
|-damage|p1a: Rotom|0 fnt|[from] psn
|faint|p1a: Rotom
|upkeep
|
|t:|1743804454
|switch|p1a: Tyranitar|Tyranitar, F|100/100
|-status|p1a: Tyranitar|tox
|-weather|Sandstorm|[from] ability: Sand Stream|[of] p1a: Tyranitar
|turn|56
|
|t:|1743804480
|switch|p2a: Alomomola|Alomomola, F, shiny, tera:Ghost|100/100
|move|p1a: Tyranitar|Stealth Rock|p2a: Alomomola
|-sidestart|p2: RootyX|move: Stealth Rock
|
|-weather|Sandstorm|[upkeep]
|-damage|p2a: Alomomola|94/100|[from] Sandstorm
|-damage|p1a: Tyranitar|94/100 tox|[from] psn
|upkeep
|turn|57
|
|t:|1743804495
|move|p2a: Alomomola|Protect|p2a: Alomomola
|-singleturn|p2a: Alomomola|Protect
|move|p1a: Tyranitar|Knock Off|p2a: Alomomola
|-activate|p2a: Alomomola|move: Protect
|
|-weather|Sandstorm|[upkeep]
|-damage|p2a: Alomomola|88/100|[from] Sandstorm
|-heal|p1a: Tyranitar|100/100 tox|[from] item: Leftovers
|-damage|p1a: Tyranitar|88/100 tox|[from] psn
|upkeep
|turn|58
|
|t:|1743804504
|switch|p2a: Corviknight|Corviknight, F|92/100
|-damage|p2a: Corviknight|80/100|[from] Stealth Rock
|-ability|p2a: Corviknight|Pressure
|move|p1a: Tyranitar|Knock Off|p2a: Corviknight
|-damage|p2a: Corviknight|63/100
|
|-weather|Sandstorm|[upkeep]
|-heal|p1a: Tyranitar|94/100 tox|[from] item: Leftovers
|-damage|p1a: Tyranitar|76/100 tox|[from] psn
|upkeep
|turn|59
|
|t:|1743804514
|move|p2a: Corviknight|Roost|p2a: Corviknight
|-heal|p2a: Corviknight|100/100
|-singleturn|p2a: Corviknight|move: Roost
|move|p1a: Tyranitar|Stealth Rock||[still]
|-fail|p1a: Tyranitar
|
|-weather|Sandstorm|[upkeep]
|-heal|p1a: Tyranitar|82/100 tox|[from] item: Leftovers
|-damage|p1a: Tyranitar|57/100 tox|[from] psn
|upkeep
|turn|60
|
|t:|1743804533
|switch|p2a: Ting-Lu|Ting-Lu|100/100 par
|-damage|p2a: Ting-Lu|94/100 par|[from] Stealth Rock
|-ability|p2a: Ting-Lu|Vessel of Ruin
|switch|p1a: Zapdos|Zapdos|34/100 psn
|
|-weather|none
|-heal|p2a: Ting-Lu|100/100 par|[from] item: Leftovers
|-damage|p1a: Zapdos|22/100 psn|[from] psn
|upkeep
|turn|61
|
|t:|1743804544
|move|p1a: Zapdos|Roost|p1a: Zapdos
|-heal|p1a: Zapdos|72/100 psn
|-singleturn|p1a: Zapdos|move: Roost
|move|p2a: Ting-Lu|Payback|p1a: Zapdos
|-damage|p1a: Zapdos|44/100 psn
|
|-damage|p1a: Zapdos|32/100 psn|[from] psn
|upkeep
|turn|62
|
|t:|1743804552
|move|p1a: Zapdos|Roost|p1a: Zapdos
|-heal|p1a: Zapdos|82/100 psn
|-singleturn|p1a: Zapdos|move: Roost
|move|p2a: Ting-Lu|Payback|p1a: Zapdos
|-damage|p1a: Zapdos|55/100 psn
|
|-damage|p1a: Zapdos|43/100 psn|[from] psn
|upkeep
|turn|63
|
|t:|1743804565
|switch|p1a: Gliscor|Gliscor, M|100/100 tox
|move|p2a: Ting-Lu|Payback|p1a: Gliscor
|-damage|p1a: Gliscor|89/100 tox
|
|-heal|p1a: Gliscor|100/100 tox|[from] ability: Poison Heal
|upkeep
|turn|64
|-message|fluffylucario forfeited.
|
|win|RootyX
|raw|fluffylucario's rating: 1135 &rarr; <strong>1106</strong><br />(-29 for losing)
|raw|RootyX's rating: 1083 &rarr; <strong>1115</strong><br />(+32 for winning)
|l|☆fluffylucario
|player|p1|
