|j|☆EEEEEDWSF
|j|‽Skssn
|t:|1743917487
|gametype|singles
|player|p1|EEEEEDWSF|waiter-gen4dp|1075
|player|p2|Skssn|n|1121
|teamsize|p1|6
|teamsize|p2|6
|gen|9
|tier|[Gen 9] OU
|rated|
|rule|HP Percentage Mod: HP is shown in percentages
|rule|Endless Battle Clause: Forcing endless battles is banned
|rule|Species Clause: Limit one of each Pokémon
|rule|OHKO Clause: OHKO moves are banned
|rule|Evasion Items Clause: Evasion items are banned
|rule|Evasion Moves Clause: Evasion moves are banned
|rule|Sleep Moves Clause: Sleep-inducing moves are banned
|clearpoke
|poke|p1|Kingambit, M|
|poke|p1|Garchomp, M|
|poke|p1|Pecharunt|
|poke|p1|Darkrai|
|poke|p1|Kyurem|
|poke|p1|Zapdos-Galar|
|poke|p2|Zamazenta-*|
|poke|p2|Ogerpon-Wellspring, F|
|poke|p2|Slowking-Galar, M|
|poke|p2|Great Tusk|
|poke|p2|Kingambit, M|
|poke|p2|Zapdos|
|teampreview
|inactive|Battle timer is ON: inactive players will automatically lose when time's up. (requested by Skssn)
|
|t:|1743917516
|start
|switch|p1a: Zapdos|Zapdos-Galar|100/100
|switch|p2a: Ogerpon|Ogerpon-Wellspring, F|100/100
|turn|1
|
|t:|1743917541
|switch|p2a: Zapdos|Zapdos|100/100
|move|p1a: Zapdos|Brave Bird|p2a: Zapdos
|-resisted|p2a: Zapdos
|-damage|p2a: Zapdos|76/100
|-damage|p1a: Zapdos|91/100|[from] Recoil
|
|upkeep
|turn|2
|
|t:|1743917550
|switch|p1a: Garchomp|Garchomp, M, shiny|100/100
|move|p2a: Zapdos|Hurricane|p1a: Garchomp|[miss]
|-miss|p2a: Zapdos|p1a: Garchomp
|
|upkeep
|turn|3
|
|t:|1743917560
|switch|p2a: Ogerpon|Ogerpon-Wellspring, F|100/100
|move|p1a: Garchomp|Stealth Rock|p2a: Ogerpon
|-sidestart|p2: Skssn|move: Stealth Rock
|
|upkeep
|turn|4
|
|t:|1743917590
|switch|p1a: Pecharunt|Pecharunt|100/100
|-item|p1a: Pecharunt|Air Balloon
|move|p2a: Ogerpon|Ivy Cudgel|p1a: Pecharunt|[anim] Ivy Cudgel Water
|-damage|p1a: Pecharunt|73/100
|-enditem|p1a: Pecharunt|Air Balloon
|
|upkeep
|turn|5
|
|t:|1743917602
|move|p2a: Ogerpon|U-turn|p1a: Pecharunt
|-resisted|p1a: Pecharunt
|-damage|p1a: Pecharunt|69/100
|
|t:|1743917603
|switch|p2a: Kingambit|Kingambit, M|100/100|[from] U-turn
|-damage|p2a: Kingambit|94/100|[from] Stealth Rock
|move|p1a: Pecharunt|Malignant Chain|p2a: Kingambit
|-immune|p2a: Kingambit
|
|-heal|p2a: Kingambit|100/100|[from] item: Leftovers
|upkeep
|turn|6
|
|t:|1743917611
|-end|p2a: Kingambit|fallenundefined|[silent]
|switch|p2a: Zapdos|Zapdos|76/100
|move|p1a: Pecharunt|Parting Shot|p2a: Zapdos
|-unboost|p2a: Zapdos|atk|1
|-unboost|p2a: Zapdos|spa|1
|
|t:|1743917618
|switch|p1a: Darkrai|Darkrai|100/100|[from] Parting Shot
|
|upkeep
|turn|7
|
|t:|1743917621
|move|p1a: Darkrai|Nasty Plot|p1a: Darkrai
|-boost|p1a: Darkrai|spa|2
|move|p2a: Zapdos|Thunder Wave|p1a: Darkrai
|-status|p1a: Darkrai|par
|
|upkeep
|turn|8
|
|t:|1743917628
|move|p2a: Zapdos|Hurricane|p1a: Darkrai
|-damage|p1a: Darkrai|57/100 par
|move|p1a: Darkrai|Dark Pulse|p2a: Zapdos
|-damage|p2a: Zapdos|0 fnt
|faint|p2a: Zapdos
|
|upkeep
|
|t:|1743917640
|switch|p2a: Ogerpon|Ogerpon-Wellspring, F|100/100
|-damage|p2a: Ogerpon|88/100|[from] Stealth Rock
|turn|9
|
|t:|1743917645
|move|p2a: Ogerpon|U-turn|p1a: Darkrai
|-supereffective|p1a: Darkrai
|-damage|p1a: Darkrai|0 fnt
|faint|p1a: Darkrai
|
|t:|1743917663
|switch|p2a: Zamazenta|Zamazenta|100/100|[from] U-turn
|-damage|p2a: Zamazenta|94/100|[from] Stealth Rock
|-ability|p2a: Zamazenta|Dauntless Shield|boost
|-boost|p2a: Zamazenta|def|1
|
|upkeep
|
|t:|1743917685
|switch|p1a: Pecharunt|Pecharunt|69/100
|turn|10
|
|t:|1743917687
|move|p2a: Zamazenta|Crunch|p1a: Pecharunt
|-supereffective|p1a: Pecharunt
|-damage|p1a: Pecharunt|39/100
|move|p1a: Pecharunt|Malignant Chain|p2a: Zamazenta
|-damage|p2a: Zamazenta|67/100
|
|upkeep
|turn|11
|
|t:|1743917696
|-terastallize|p2a: Zamazenta|Dark
|move|p2a: Zamazenta|Crunch|p1a: Pecharunt
|-supereffective|p1a: Pecharunt
|-damage|p1a: Pecharunt|0 fnt
|faint|p1a: Pecharunt
|
|upkeep
|
|t:|1743917701
|switch|p1a: Zapdos|Zapdos-Galar|91/100
|turn|12
|
|t:|1743917704
|move|p1a: Zapdos|Close Combat|p2a: Zamazenta
|-supereffective|p2a: Zamazenta
|-damage|p2a: Zamazenta|0 fnt
|-unboost|p1a: Zapdos|def|1
|-unboost|p1a: Zapdos|spd|1
|faint|p2a: Zamazenta
|
|upkeep
|
|t:|1743917707
|switch|p2a: Slowking|Slowking-Galar, M|100/100
|-damage|p2a: Slowking|88/100|[from] Stealth Rock
|turn|13
|
|t:|1743917719
|switch|p1a: Garchomp|Garchomp, M, shiny|100/100
|move|p2a: Slowking|Ice Beam|p1a: Garchomp
|-supereffective|p1a: Garchomp
|-damage|p1a: Garchomp|0 fnt
|faint|p1a: Garchomp
|
|upkeep
|
|t:|1743917726
|switch|p1a: Kingambit|Kingambit, M|100/100
|-activate|p1a: Kingambit|ability: Supreme Overlord
|-start|p1a: Kingambit|fallen3|[silent]
|turn|14
|
|t:|1743917731
|move|p1a: Kingambit|Swords Dance|p1a: Kingambit
|-boost|p1a: Kingambit|atk|2
|move|p2a: Slowking|Flamethrower|p1a: Kingambit
|-supereffective|p1a: Kingambit
|-damage|p1a: Kingambit|37/100
|
|upkeep
|turn|15
|
|t:|1743917744
|move|p1a: Kingambit|Kowtow Cleave|p2a: Slowking
|-supereffective|p2a: Slowking
|-damage|p2a: Slowking|0 fnt
|faint|p2a: Slowking
|
|upkeep
|
|t:|1743917746
|switch|p2a: Great Tusk|Great Tusk, shiny|100/100
|turn|16
|
|t:|1743917752
|move|p2a: Great Tusk|Headlong Rush|p1a: Kingambit
|-supereffective|p1a: Kingambit
|-damage|p1a: Kingambit|0 fnt
|-unboost|p2a: Great Tusk|def|1
|-unboost|p2a: Great Tusk|spd|1
|faint|p1a: Kingambit
|-end|p1a: Kingambit|fallen3|[silent]
|
|upkeep
|inactive|EEEEEDWSF has 120 seconds left.
|
|t:|1743917785
|switch|p1a: Kyurem|Kyurem|100/100
|-ability|p1a: Kyurem|Pressure
|turn|17
|
|t:|1743917794
|move|p2a: Great Tusk|Rapid Spin|p1a: Kyurem
|-damage|p1a: Kyurem|85/100
|-boost|p2a: Great Tusk|spe|1
|-sideend|p2: Skssn|Stealth Rock|[from] move: Rapid Spin|[of] p2a: Great Tusk
|move|p1a: Kyurem|Dragon Dance|p1a: Kyurem
|-boost|p1a: Kyurem|atk|1
|-boost|p1a: Kyurem|spe|1
|
|upkeep
|turn|18
|
|t:|1743917802
|move|p2a: Great Tusk|Headlong Rush|p1a: Kyurem
|-damage|p1a: Kyurem|24/100
|-unboost|p2a: Great Tusk|def|1
|-unboost|p2a: Great Tusk|spd|1
|move|p1a: Kyurem|Icicle Spear|p2a: Great Tusk
|-supereffective|p2a: Great Tusk
|-damage|p2a: Great Tusk|42/100
|-supereffective|p2a: Great Tusk
|-damage|p2a: Great Tusk|0 fnt
|faint|p2a: Great Tusk
|-end|p2a: Great Tusk|Protosynthesis|[silent]
|-hitcount|p2: Great Tusk|2
|
|upkeep
|
|t:|1743917807
|switch|p2a: Kingambit|Kingambit, M|100/100
|-activate|p2a: Kingambit|ability: Supreme Overlord
|-start|p2a: Kingambit|fallen4|[silent]
|turn|19
|
|t:|1743917814
|move|p2a: Kingambit|Sucker Punch||[still]
|-fail|p2a: Kingambit
|move|p1a: Kyurem|Dragon Dance|p1a: Kyurem
|-boost|p1a: Kyurem|atk|1
|-boost|p1a: Kyurem|spe|1
|
|upkeep
|turn|20
|
|t:|1743917819
|-terastallize|p1a: Kyurem|Ground
|move|p2a: Kingambit|Sucker Punch|p1a: Kyurem
|-damage|p1a: Kyurem|0 fnt
|faint|p1a: Kyurem
|
|upkeep
|
|t:|1743917823
|switch|p1a: Zapdos|Zapdos-Galar|91/100
|turn|21
|
|t:|1743917836
|move|p2a: Kingambit|Sucker Punch|p1a: Zapdos
|-resisted|p1a: Zapdos
|-damage|p1a: Zapdos|57/100
|move|p1a: Zapdos|Close Combat|p2a: Kingambit
|-supereffective|p2a: Kingambit
|-damage|p2a: Kingambit|0 fnt
|-unboost|p1a: Zapdos|def|1
|-unboost|p1a: Zapdos|spd|1
|faint|p2a: Kingambit
|-end|p2a: Kingambit|fallen4|[silent]
|
|upkeep
|
|t:|1743917841
|switch|p2a: Ogerpon|Ogerpon-Wellspring, F|88/100
|turn|22
|
|t:|1743917845
|move|p1a: Zapdos|Close Combat|p2a: Ogerpon
|-damage|p2a: Ogerpon|12/100
|-unboost|p1a: Zapdos|def|1
|-unboost|p1a: Zapdos|spd|1
|move|p2a: Ogerpon|Ivy Cudgel|p1a: Zapdos|[anim] Ivy Cudgel Water
|-damage|p1a: Zapdos|0 fnt
|faint|p1a: Zapdos
|
|win|Skssn
|raw|EEEEEDWSF's rating: 1075 &rarr; <strong>1057</strong><br />(-18 for losing)
|raw|Skssn's rating: 1121 &rarr; <strong>1143</strong><br />(+22 for winning)
|l|‽Skssn
|player|p2|
|l|☆EEEEEDWSF
|player|p1|
