|j|☆SoccerLego4081
|j|☆tdd20070515兹伏奇大吾
|t:|1743784325
|gametype|singles
|player|p1|SoccerLego4081|2|1389
|player|p2|tdd20070515兹伏奇大吾|steven-masters2|1459
|teamsize|p1|6
|teamsize|p2|6
|gen|9
|tier|[Gen 9] OU
|rated|
|rule|HP Percentage Mod: HP is shown in percentages
|rule|Endless Battle Clause: Forcing endless battles is banned
|rule|Species Clause: Limit one of each Pokémon
|rule|OHKO Clause: OHKO moves are banned
|rule|Evasion Items Clause: Evasion items are banned
|rule|Evasion Moves Clause: Evasion moves are banned
|rule|Sleep Moves Clause: Sleep-inducing moves are banned
|clearpoke
|poke|p1|Ursaluna, F|
|poke|p1|Dragonite, M|
|poke|p1|Moltres|
|poke|p1|Slowking-Galar, M|
|poke|p1|Deoxys-Speed|
|poke|p1|Hoopa-Unbound|
|poke|p2|Great Tusk|
|poke|p2|Alomomola, F|
|poke|p2|Hydreigon, M|
|poke|p2|Metagross|
|poke|p2|Sinistcha-Masterpiece|
|poke|p2|Zamazenta-*|
|teampreview
|
|t:|1743784347
|start
|switch|p1a: Hoopa|Hoopa-Unbound|100/100
|switch|p2a: 灭世魔龙|Hydreigon, M|100/100
|turn|1
|
|t:|1743784385
|move|p2a: 灭世魔龙|Dark Pulse|p1a: Hoopa
|-damage|p1a: Hoopa|65/100
|move|p1a: Hoopa|Dark Pulse|p2a: 灭世魔龙
|-resisted|p2a: 灭世魔龙
|-damage|p2a: 灭世魔龙|74/100
|
|upkeep
|turn|2
|
|t:|1743784401
|switch|p1a: Ursaluna|Ursaluna, F|100/100
|move|p2a: 灭世魔龙|Dark Pulse|p1a: Ursaluna
|-damage|p1a: Ursaluna|63/100
|
|-status|p1a: Ursaluna|brn|[from] item: Flame Orb
|upkeep
|turn|3
|
|t:|1743784412
|switch|p2a: 来悲茶吗|Sinistcha-Masterpiece|100/100
|move|p1a: Ursaluna|Bulk Up|p1a: Ursaluna
|-boost|p1a: Ursaluna|atk|1
|-boost|p1a: Ursaluna|def|1
|
|-damage|p1a: Ursaluna|57/100 brn|[from] brn
|upkeep
|turn|4
|
|t:|1743784419
|move|p2a: 来悲茶吗|Strength Sap|p1a: Ursaluna
|-unboost|p1a: Ursaluna|atk|1
|move|p1a: Ursaluna|Headlong Rush|p2a: 来悲茶吗
|-resisted|p2a: 来悲茶吗
|-damage|p2a: 来悲茶吗|67/100
|-unboost|p1a: Ursaluna|def|1
|-unboost|p1a: Ursaluna|spd|1
|
|-damage|p1a: Ursaluna|51/100 brn|[from] brn
|upkeep
|turn|5
|
|t:|1743784426
|switch|p1a: Moltres|Moltres|100/100
|move|p2a: 来悲茶吗|Calm Mind|p2a: 来悲茶吗
|-boost|p2a: 来悲茶吗|spa|1
|-boost|p2a: 来悲茶吗|spd|1
|
|upkeep
|turn|6
|
|t:|1743784429
|move|p1a: Moltres|Flamethrower|p2a: 来悲茶吗
|-supereffective|p2a: 来悲茶吗
|-damage|p2a: 来悲茶吗|35/100
|move|p2a: 来悲茶吗|Calm Mind|p2a: 来悲茶吗
|-boost|p2a: 来悲茶吗|spa|1
|-boost|p2a: 来悲茶吗|spd|1
|
|upkeep
|turn|7
|
|t:|1743784434
|move|p1a: Moltres|Flamethrower|p2a: 来悲茶吗
|-supereffective|p2a: 来悲茶吗
|-damage|p2a: 来悲茶吗|13/100
|move|p2a: 来悲茶吗|Strength Sap|p1a: Moltres
|-unboost|p1a: Moltres|atk|1
|-heal|p2a: 来悲茶吗|74/100
|
|upkeep
|turn|8
|
|t:|1743784441
|-terastallize|p2a: 来悲茶吗|Poison
|move|p1a: Moltres|Flamethrower|p2a: 来悲茶吗
|-damage|p2a: 来悲茶吗|62/100
|move|p2a: 来悲茶吗|Calm Mind|p2a: 来悲茶吗
|-boost|p2a: 来悲茶吗|spa|1
|-boost|p2a: 来悲茶吗|spd|1
|
|upkeep
|turn|9
|
|t:|1743784445
|move|p1a: Moltres|Will-O-Wisp|p2a: 来悲茶吗
|-status|p2a: 来悲茶吗|brn
|move|p2a: 来悲茶吗|Matcha Gotcha|p1a: Moltres
|-resisted|p1a: Moltres
|-damage|p1a: Moltres|81/100
|-heal|p2a: 来悲茶吗|73/100 brn|[from] drain|[of] p1a: Moltres
|
|-damage|p2a: 来悲茶吗|70/100 brn|[from] brn
|upkeep
|turn|10
|
|t:|1743784451
|move|p1a: Moltres|Flamethrower|p2a: 来悲茶吗
|-damage|p2a: 来悲茶吗|61/100 brn
|move|p2a: 来悲茶吗|Calm Mind|p2a: 来悲茶吗
|-boost|p2a: 来悲茶吗|spa|1
|-boost|p2a: 来悲茶吗|spd|1
|
|-damage|p2a: 来悲茶吗|58/100 brn|[from] brn
|upkeep
|turn|11
|
|t:|1743784458
|switch|p1a: Slowking|Slowking-Galar, M|100/100
|move|p2a: 来悲茶吗|Strength Sap|p1a: Slowking
|-unboost|p1a: Slowking|atk|1
|-heal|p2a: 来悲茶吗|93/100 brn
|
|-damage|p2a: 来悲茶吗|90/100 brn|[from] brn
|upkeep
|turn|12
|
|t:|1743784461
|move|p2a: 来悲茶吗|Shadow Ball|p1a: Slowking
|-supereffective|p1a: Slowking
|-damage|p1a: Slowking|0 fnt
|faint|p1a: Slowking
|
|-damage|p2a: 来悲茶吗|87/100 brn|[from] brn
|upkeep
|
|t:|1743784468
|switch|p1a: Dragonite|Dragonite, M|100/100
|turn|13
|
|t:|1743784471
|move|p1a: Dragonite|Earthquake|p2a: 来悲茶吗
|-supereffective|p2a: 来悲茶吗
|-damage|p2a: 来悲茶吗|37/100 brn
|move|p2a: 来悲茶吗|Matcha Gotcha|p1a: Dragonite|[miss]
|-miss|p2a: 来悲茶吗|p1a: Dragonite
|
|-damage|p2a: 来悲茶吗|34/100 brn|[from] brn
|upkeep
|turn|14
|
|t:|1743784478
|switch|p2a: 战斗，然后死吧!|Great Tusk|100/100
|move|p1a: Dragonite|Earthquake|p2a: 战斗，然后死吧!
|-damage|p2a: 战斗，然后死吧!|83/100
|
|-heal|p2a: 战斗，然后死吧!|89/100|[from] item: Leftovers
|upkeep
|turn|15
|
|t:|1743784483
|-end|p2a: 战斗，然后死吧!|Protosynthesis|[silent]
|switch|p2a: 大吾私人保姆|Alomomola, F|100/100
|switch|p1a: Moltres|Moltres|81/100
|
|upkeep
|turn|16
|
|t:|1743784488
|switch|p1a: Ursaluna|Ursaluna, F|51/100 brn
|move|p2a: 大吾私人保姆|Wish|p2a: 大吾私人保姆
|
|-damage|p1a: Ursaluna|45/100 brn|[from] brn
|upkeep
|turn|17
|
|t:|1743784492
|move|p2a: 大吾私人保姆|Flip Turn|p1a: Ursaluna
|-supereffective|p1a: Ursaluna
|-damage|p1a: Ursaluna|22/100 brn
|
|t:|1743784495
|switch|p2a: 战斗，然后死吧!|Great Tusk|89/100|[from] Flip Turn
|move|p1a: Ursaluna|Facade|p2a: 战斗，然后死吧!
|-damage|p2a: 战斗，然后死吧!|31/100
|
|-heal|p2a: 战斗，然后死吧!|93/100|[from] move: Wish|[wisher] 大吾私人保姆
|-heal|p2a: 战斗，然后死吧!|99/100|[from] item: Leftovers
|-damage|p1a: Ursaluna|16/100 brn|[from] brn
|upkeep
|turn|18
|
|t:|1743784503
|switch|p1a: Moltres|Moltres|81/100
|move|p2a: 战斗，然后死吧!|Earthquake|p1a: Moltres
|-immune|p1a: Moltres
|
|-heal|p2a: 战斗，然后死吧!|100/100|[from] item: Leftovers
|upkeep
|turn|19
|
|t:|1743784507
|-end|p2a: 战斗，然后死吧!|Protosynthesis|[silent]
|switch|p2a: 来悲茶吗|Sinistcha-Masterpiece, tera:Poison|34/100 brn
|move|p1a: Moltres|Will-O-Wisp|p2a: 来悲茶吗
|-fail|p2a: 来悲茶吗|brn
|
|-damage|p2a: 来悲茶吗|31/100 brn|[from] brn
|upkeep
|turn|20
|
|t:|1743784510
|move|p1a: Moltres|Flamethrower|p2a: 来悲茶吗
|-damage|p2a: 来悲茶吗|10/100 brn
|move|p2a: 来悲茶吗|Strength Sap|p1a: Moltres
|-unboost|p1a: Moltres|atk|1
|-heal|p2a: 来悲茶吗|71/100 brn
|
|-damage|p2a: 来悲茶吗|68/100 brn|[from] brn
|upkeep
|turn|21
|
|t:|1743784516
|switch|p2a: 大吾私人保姆|Alomomola, F|100/100
|move|p1a: Moltres|U-turn|p2a: 大吾私人保姆
|-damage|p2a: 大吾私人保姆|94/100
|
|t:|1743784519
|switch|p1a: Hoopa|Hoopa-Unbound|65/100|[from] U-turn
|
|upkeep
|turn|22
|
|t:|1743784525
|move|p2a: 大吾私人保姆|Protect|p2a: 大吾私人保姆
|-singleturn|p2a: 大吾私人保姆|Protect
|move|p1a: Hoopa|Dark Pulse|p2a: 大吾私人保姆
|-activate|p2a: 大吾私人保姆|move: Protect
|
|upkeep
|turn|23
|
|t:|1743784533
|move|p1a: Hoopa|Dark Pulse|p2a: 大吾私人保姆
|-damage|p2a: 大吾私人保姆|32/100
|move|p2a: 大吾私人保姆|Wish|p2a: 大吾私人保姆
|
|upkeep
|turn|24
|
|t:|1743784542
|switch|p1a: Deoxys|Deoxys-Speed|100/100
|-ability|p1a: Deoxys|Pressure
|switch|p2a: 灭世魔龙|Hydreigon, M|74/100
|
|-heal|p2a: 灭世魔龙|100/100|[from] move: Wish|[wisher] 大吾私人保姆
|upkeep
|turn|25
|
|t:|1743784553
|move|p2a: 灭世魔龙|Dark Pulse|p1a: Deoxys
|-supereffective|p1a: Deoxys
|-enditem|p1a: Deoxys|Focus Sash
|-damage|p1a: Deoxys|1/100
|move|p1a: Deoxys|Trick Room|p1a: Deoxys
|-fieldstart|move: Trick Room|[of] p1a: Deoxys
|
|upkeep
|turn|26
|
|t:|1743784562
|move|p2a: 灭世魔龙|Dark Pulse|p1a: Deoxys
|-supereffective|p1a: Deoxys
|-damage|p1a: Deoxys|0 fnt
|faint|p1a: Deoxys
|
|upkeep
|
|t:|1743784574
|switch|p1a: Ursaluna|Ursaluna, F|16/100 brn
|turn|27
|
|t:|1743784584
|switch|p2a: 战斗，然后死吧!|Great Tusk|100/100
|move|p1a: Ursaluna|Facade|p2a: 战斗，然后死吧!
|-crit|p2a: 战斗，然后死吧!
|-damage|p2a: 战斗，然后死吧!|10/100
|
|-heal|p2a: 战斗，然后死吧!|16/100|[from] item: Leftovers
|-damage|p1a: Ursaluna|10/100 brn|[from] brn
|upkeep
|turn|28
|
|t:|1743784599
|-end|p2a: 战斗，然后死吧!|Protosynthesis|[silent]
|switch|p2a: 最后我第一，又强又厉害|Metagross|100/100
|move|p1a: Ursaluna|Headlong Rush|p2a: 最后我第一，又强又厉害
|-supereffective|p2a: 最后我第一，又强又厉害
|-damage|p2a: 最后我第一，又强又厉害|0 fnt
|-unboost|p1a: Ursaluna|def|1
|-unboost|p1a: Ursaluna|spd|1
|faint|p2a: 最后我第一，又强又厉害
|
|-damage|p1a: Ursaluna|4/100 brn|[from] brn
|upkeep
|
|t:|1743784602
|switch|p2a: 大吾私人保姆|Alomomola, F|65/100
|turn|29
|
|t:|1743784608
|switch|p1a: Hoopa|Hoopa-Unbound|65/100
|move|p2a: 大吾私人保姆|Protect||[still]
|-fail|p2a: 大吾私人保姆
|
|-fieldend|move: Trick Room
|upkeep
|turn|30
|
|t:|1743784619
|move|p2a: 大吾私人保姆|Protect|p2a: 大吾私人保姆
|-singleturn|p2a: 大吾私人保姆|Protect
|move|p1a: Hoopa|Dark Pulse|p2a: 大吾私人保姆
|-activate|p2a: 大吾私人保姆|move: Protect
|
|upkeep
|turn|31
|
|t:|1743784621
|switch|p2a: 灭世魔龙|Hydreigon, M|100/100
|move|p1a: Hoopa|Dark Pulse|p2a: 灭世魔龙
|-resisted|p2a: 灭世魔龙
|-damage|p2a: 灭世魔龙|73/100
|
|upkeep
|turn|32
|
|t:|1743784635
|switch|p1a: Ursaluna|Ursaluna, F|4/100 brn
|move|p2a: 灭世魔龙|Dark Pulse|p1a: Ursaluna
|-crit|p1a: Ursaluna
|-damage|p1a: Ursaluna|0 fnt
|faint|p1a: Ursaluna
|
|upkeep
|
|t:|1743784639
|switch|p1a: Dragonite|Dragonite, M|100/100
|turn|33
|
|t:|1743784651
|move|p1a: Dragonite|Extreme Speed|p2a: 灭世魔龙
|-damage|p2a: 灭世魔龙|44/100
|move|p2a: 灭世魔龙|Draco Meteor|p1a: Dragonite
|-supereffective|p1a: Dragonite
|-crit|p1a: Dragonite
|-damage|p1a: Dragonite|4/100
|-unboost|p2a: 灭世魔龙|spa|2
|
|upkeep
|turn|34
|
|t:|1743784659
|move|p1a: Dragonite|Extreme Speed|p2a: 灭世魔龙
|-damage|p2a: 灭世魔龙|13/100
|move|p2a: 灭世魔龙|Dark Pulse|p1a: Dragonite
|-damage|p1a: Dragonite|0 fnt
|faint|p1a: Dragonite
|
|upkeep
|
|t:|1743784664
|switch|p1a: Moltres|Moltres|81/100
|turn|35
|
|t:|1743784670
|switch|p2a: 战斗，然后死吧!|Great Tusk|16/100
|move|p1a: Moltres|U-turn|p2a: 战斗，然后死吧!
|-resisted|p2a: 战斗，然后死吧!
|-damage|p2a: 战斗，然后死吧!|13/100
|
|t:|1743784673
|switch|p1a: Hoopa|Hoopa-Unbound|65/100|[from] U-turn
|
|-heal|p2a: 战斗，然后死吧!|19/100|[from] item: Leftovers
|upkeep
|turn|36
|
|t:|1743784675
|switch|p1a: Moltres|Moltres|81/100
|move|p2a: 战斗，然后死吧!|Earthquake|p1a: Moltres
|-immune|p1a: Moltres
|
|-heal|p2a: 战斗，然后死吧!|25/100|[from] item: Leftovers
|upkeep
|turn|37
|
|t:|1743784681
|-end|p2a: 战斗，然后死吧!|Protosynthesis|[silent]
|switch|p2a: 大吾私人保姆|Alomomola, F|98/100
|move|p1a: Moltres|U-turn|p2a: 大吾私人保姆
|-damage|p2a: 大吾私人保姆|86/100
|
|t:|1743784684
|switch|p1a: Hoopa|Hoopa-Unbound|65/100|[from] U-turn
|
|upkeep
|turn|38
|
|t:|1743784696
|-terastallize|p1a: Hoopa|Electric
|move|p1a: Hoopa|Thunderbolt|p2a: 大吾私人保姆
|-supereffective|p2a: 大吾私人保姆
|-damage|p2a: 大吾私人保姆|0 fnt
|faint|p2a: 大吾私人保姆
|
|upkeep
|
|t:|1743784707
|switch|p2a: 战斗，然后死吧!|Great Tusk|25/100
|turn|39
|
|t:|1743784711
|switch|p1a: Moltres|Moltres|81/100
|move|p2a: 战斗，然后死吧!|Bulk Up|p2a: 战斗，然后死吧!
|-boost|p2a: 战斗，然后死吧!|atk|1
|-boost|p2a: 战斗，然后死吧!|def|1
|
|-heal|p2a: 战斗，然后死吧!|31/100|[from] item: Leftovers
|upkeep
|turn|40
|
|t:|1743784714
|-end|p2a: 战斗，然后死吧!|Protosynthesis|[silent]
|switch|p2a: 来悲茶吗|Sinistcha-Masterpiece, tera:Poison|68/100 brn
|move|p1a: Moltres|Flamethrower|p2a: 来悲茶吗
|-damage|p2a: 来悲茶吗|46/100 brn
|
|-damage|p2a: 来悲茶吗|43/100 brn|[from] brn
|upkeep
|turn|41
|
|t:|1743784717
|move|p1a: Moltres|Flamethrower|p2a: 来悲茶吗
|-damage|p2a: 来悲茶吗|20/100 brn
|move|p2a: 来悲茶吗|Strength Sap|p1a: Moltres
|-unboost|p1a: Moltres|atk|1
|-heal|p2a: 来悲茶吗|82/100 brn
|
|-damage|p2a: 来悲茶吗|79/100 brn|[from] brn
|upkeep
|turn|42
|
|t:|1743784722
|move|p1a: Moltres|U-turn|p2a: 来悲茶吗
|-resisted|p2a: 来悲茶吗
|-damage|p2a: 来悲茶吗|75/100 brn
|
|t:|1743784724
|switch|p1a: Hoopa|Hoopa-Unbound, tera:Electric|65/100|[from] U-turn
|move|p2a: 来悲茶吗|Calm Mind|p2a: 来悲茶吗
|-boost|p2a: 来悲茶吗|spa|1
|-boost|p2a: 来悲茶吗|spd|1
|
|-damage|p2a: 来悲茶吗|72/100 brn|[from] brn
|upkeep
|turn|43
|
|t:|1743784734
|switch|p2a: 灭世魔龙|Hydreigon, M|13/100
|move|p1a: Hoopa|Psychic|p2a: 灭世魔龙
|-immune|p2a: 灭世魔龙
|
|upkeep
|turn|44
|
|t:|1743784741
|switch|p1a: Moltres|Moltres|81/100
|move|p2a: 灭世魔龙|Draco Meteor|p1a: Moltres
|-damage|p1a: Moltres|12/100
|-unboost|p2a: 灭世魔龙|spa|2
|
|upkeep
|turn|45
|
|t:|1743784756
|move|p2a: 灭世魔龙|Draco Meteor|p1a: Moltres
|-damage|p1a: Moltres|0 fnt
|-unboost|p2a: 灭世魔龙|spa|2
|faint|p1a: Moltres
|
|upkeep
|
|t:|1743784757
|switch|p1a: Hoopa|Hoopa-Unbound, tera:Electric|65/100
|turn|46
|
|t:|1743784768
|switch|p2a: 战斗，然后死吧!|Great Tusk|31/100
|move|p1a: Hoopa|Dark Pulse|p2a: 战斗，然后死吧!
|-resisted|p2a: 战斗，然后死吧!
|-damage|p2a: 战斗，然后死吧!|0 fnt
|faint|p2a: 战斗，然后死吧!
|-end|p2a: 战斗，然后死吧!|Protosynthesis|[silent]
|
|upkeep
|
|t:|1743784772
|switch|p2a: Zamazenta|Zamazenta|100/100
|-ability|p2a: Zamazenta|Dauntless Shield|boost
|-boost|p2a: Zamazenta|def|1
|turn|47
|-message|SoccerLego4081 forfeited.
|
|win|tdd20070515兹伏奇大吾
|raw|SoccerLego4081's rating: 1389 &rarr; <strong>1373</strong><br />(-16 for losing)
|raw|tdd20070515兹伏奇大吾's rating: 1459 &rarr; <strong>1475</strong><br />(+16 for winning)
|l|☆SoccerLego4081
|player|p1|
