|j|☆Flawless37
|j|☆M1rrorshot
|t:|1743868594
|gametype|singles
|player|p1|Flawless37|fisherman-gen4|1511
|player|p2|M1rrorshot|266|1584
|teamsize|p1|6
|teamsize|p2|6
|gen|9
|tier|[Gen 9] OU
|rated|
|rule|HP Percentage Mod: HP is shown in percentages
|rule|Endless Battle Clause: Forcing endless battles is banned
|rule|Species Clause: Limit one of each Pokémon
|rule|OHKO Clause: OHKO moves are banned
|rule|Evasion Items Clause: Evasion items are banned
|rule|Evasion Moves Clause: Evasion moves are banned
|rule|Sleep Moves Clause: Sleep-inducing moves are banned
|clearpoke
|poke|p1|Slowking-Galar, M|
|poke|p1|Corviknight, F|
|poke|p1|Ogerpon, F|
|poke|p1|Zapdos|
|poke|p1|Primarina, F|
|poke|p1|Dragonite, M|
|poke|p2|Scizor, F|
|poke|p2|Ogerpon-Wellspring, F|
|poke|p2|Raging Bolt|
|poke|p2|Pecharunt|
|poke|p2|Landorus-Therian, M|
|poke|p2|Samurott-Hisui, F|
|teampreview
|inactive|Battle timer is ON: inactive players will automatically lose when time's up. (requested by Flawless37)
|
|t:|1743868623
|start
|switch|p1a: Ogerpon|Ogerpon, F|100/100
|switch|p2a: Raging Bolt|Raging Bolt|100/100
|turn|1
|inactive|Flawless37 has 120 seconds left.
|
|t:|1743868658
|move|p1a: Ogerpon|U-turn|p2a: Raging Bolt
|-damage|p2a: Raging Bolt|68/100
|
|t:|1743868661
|switch|p1a: Slowking|Slowking-Galar, M|100/100|[from] U-turn
|move|p2a: Raging Bolt|Volt Switch|p1a: Slowking
|-damage|p1a: Slowking|75/100
|
|t:|1743868672
|-end|p2a: Raging Bolt|Protosynthesis|[silent]
|switch|p2a: Ogerpon|Ogerpon-Wellspring, F|100/100|[from] Volt Switch
|
|upkeep
|turn|2
|
|t:|1743868678
|-terastallize|p2a: Ogerpon|Water
|detailschange|p2a: Ogerpon|Ogerpon-Wellspring-Tera, F, tera:Water
|-ability|p2a: Ogerpon|Embody Aspect (Wellspring)|boost
|-boost|p2a: Ogerpon|spd|1
|move|p2a: Ogerpon|Ivy Cudgel|p1a: Slowking|[anim] Ivy Cudgel Water
|-damage|p1a: Slowking|0 fnt
|faint|p1a: Slowking
|
|upkeep
|
|t:|1743868685
|switch|p1a: Ogerpon|Ogerpon, F|100/100
|turn|3
|
|t:|1743868692
|switch|p2a: Scizor|Scizor, F|100/100
|-terastallize|p1a: Ogerpon|Grass
|detailschange|p1a: Ogerpon|Ogerpon-Teal-Tera, F, tera:Grass
|-ability|p1a: Ogerpon|Embody Aspect (Teal)|boost
|-boost|p1a: Ogerpon|spe|1
|move|p1a: Ogerpon|Ivy Cudgel|p2a: Scizor
|-resisted|p2a: Scizor
|-crit|p2a: Scizor
|-damage|p2a: Scizor|60/100
|
|upkeep
|turn|4
|
|t:|1743868715
|switch|p1a: Corviknight|Corviknight, F|100/100
|-ability|p1a: Corviknight|Pressure
|switch|p2a: Raging Bolt|Raging Bolt|68/100
|
|upkeep
|turn|5
|
|t:|1743868733
|move|p2a: Raging Bolt|Volt Switch|p1a: Corviknight
|-supereffective|p1a: Corviknight
|-damage|p1a: Corviknight|25/100
|
|t:|1743868740
|-end|p2a: Raging Bolt|Protosynthesis|[silent]
|switch|p2a: Landorus|Landorus-Therian, M|100/100|[from] Volt Switch
|-ability|p2a: Landorus|Intimidate|boost
|-unboost|p1a: Corviknight|atk|1
|move|p1a: Corviknight|U-turn|p2a: Landorus
|-resisted|p2a: Landorus
|-damage|p2a: Landorus|95/100
|-damage|p1a: Corviknight|9/100|[from] item: Rocky Helmet|[of] p2a: Landorus
|
|t:|1743868759
|switch|p1a: Ogerpon|Ogerpon-Teal-Tera, F, tera:Grass|100/100|[from] U-turn
|-ability|p1a: Ogerpon|Embody Aspect (Teal)|boost
|-boost|p1a: Ogerpon|spe|1
|
|upkeep
|turn|6
|
|t:|1743868765
|switch|p2a: Scizor|Scizor, F|60/100
|move|p1a: Ogerpon|Ivy Cudgel|p2a: Scizor
|-resisted|p2a: Scizor
|-crit|p2a: Scizor
|-damage|p2a: Scizor|13/100
|
|upkeep
|turn|7
|
|t:|1743868772
|move|p2a: Scizor|Bullet Punch|p1a: Ogerpon
|-damage|p1a: Ogerpon|39/100
|move|p1a: Ogerpon|Ivy Cudgel|p2a: Scizor
|-resisted|p2a: Scizor
|-damage|p2a: Scizor|0 fnt
|faint|p2a: Scizor
|
|upkeep
|inactive|M1rrorshot has 120 seconds left.
|
|t:|1743868806
|switch|p2a: Landorus|Landorus-Therian, M|95/100
|-ability|p2a: Landorus|Intimidate|boost
|-unboost|p1a: Ogerpon|atk|1
|turn|8
|
|t:|1743868831
|switch|p1a: Primarina|Primarina, F|100/100
|move|p2a: Landorus|U-turn|p1a: Primarina
|-resisted|p1a: Primarina
|-damage|p1a: Primarina|86/100
|inactive|M1rrorshot has 120 seconds left.
|
|t:|1743868853
|switch|p2a: Ogerpon|Ogerpon-Wellspring-Tera, F, tera:Water|100/100|[from] U-turn
|-ability|p2a: Ogerpon|Embody Aspect (Wellspring)|boost
|-boost|p2a: Ogerpon|spd|1
|
|-heal|p1a: Primarina|92/100|[from] item: Leftovers
|upkeep
|turn|9
|inactive|M1rrorshot has 120 seconds left.
|
|t:|1743868866
|switch|p1a: Zapdos|Zapdos|100/100
|move|p2a: Ogerpon|Power Whip|p1a: Zapdos
|-resisted|p1a: Zapdos
|-damage|p1a: Zapdos|71/100
|-status|p2a: Ogerpon|par|[from] ability: Static|[of] p1a: Zapdos
|
|upkeep
|turn|10
|inactive|M1rrorshot has 120 seconds left.
|
|t:|1743868882
|move|p1a: Zapdos|Hurricane|p2a: Ogerpon|[miss]
|-miss|p1a: Zapdos|p2a: Ogerpon
|move|p2a: Ogerpon|Knock Off|p1a: Zapdos
|-damage|p1a: Zapdos|38/100
|-enditem|p1a: Zapdos|Heavy-Duty Boots|[from] move: Knock Off|[of] p2a: Ogerpon
|
|upkeep
|turn|11
|inactive|M1rrorshot has 120 seconds left.
|
|t:|1743868894
|move|p1a: Zapdos|Hurricane|p2a: Ogerpon|[miss]
|-miss|p1a: Zapdos|p2a: Ogerpon
|move|p2a: Ogerpon|Ivy Cudgel|p1a: Zapdos|[anim] Ivy Cudgel Water
|-damage|p1a: Zapdos|0 fnt
|faint|p1a: Zapdos
|
|upkeep
|
|t:|1743868898
|switch|p1a: Ogerpon|Ogerpon-Teal-Tera, F, tera:Grass|39/100
|-ability|p1a: Ogerpon|Embody Aspect (Teal)|boost
|-boost|p1a: Ogerpon|spe|1
|turn|12
|inactive|M1rrorshot has 120 seconds left.
|
|t:|1743868918
|switch|p2a: Landorus|Landorus-Therian, M|95/100
|-ability|p2a: Landorus|Intimidate|boost
|-unboost|p1a: Ogerpon|atk|1
|move|p1a: Ogerpon|Ivy Cudgel|p2a: Landorus
|-damage|p2a: Landorus|26/100
|
|upkeep
|turn|13
|
|t:|1743868926
|move|p1a: Ogerpon|Ivy Cudgel|p2a: Landorus
|-crit|p2a: Landorus
|-damage|p2a: Landorus|0 fnt
|faint|p2a: Landorus
|
|upkeep
|inactive|M1rrorshot has 120 seconds left.
|j| SpiderKing3261
|
|t:|1743868957
|switch|p2a: Pecharunt|Pecharunt|100/100
|turn|14
|
|t:|1743868978
|switch|p1a: Corviknight|Corviknight, F|9/100
|-ability|p1a: Corviknight|Pressure
|move|p2a: Pecharunt|Hex|p1a: Corviknight
|-damage|p1a: Corviknight|0 fnt
|faint|p1a: Corviknight
|
|upkeep
|inactive|Flawless37 has 120 seconds left.
|
|t:|1743868995
|switch|p1a: Primarina|Primarina, F|92/100
|turn|15
|
|t:|1743869002
|move|p2a: Pecharunt|Parting Shot|p1a: Primarina
|-unboost|p1a: Primarina|atk|1
|-unboost|p1a: Primarina|spa|1
|
|t:|1743869006
|switch|p2a: Ogerpon|Ogerpon-Wellspring-Tera, F, tera:Water|100/100 par|[from] Parting Shot
|-ability|p2a: Ogerpon|Embody Aspect (Wellspring)|boost
|-boost|p2a: Ogerpon|spd|1
|move|p1a: Primarina|Substitute|p1a: Primarina
|-start|p1a: Primarina|Substitute
|-damage|p1a: Primarina|67/100
|
|-heal|p1a: Primarina|74/100|[from] item: Leftovers
|upkeep
|turn|16
|inactive|M1rrorshot has 120 seconds left.
|l| SpiderKing3261
|
|t:|1743869022
|move|p1a: Primarina|Moonblast|p2a: Ogerpon
|-damage|p2a: Ogerpon|74/100 par
|move|p2a: Ogerpon|Ivy Cudgel|p1a: Primarina|[anim] Ivy Cudgel Water
|-resisted|p1a: Primarina
|-end|p1a: Primarina|Substitute
|
|-heal|p1a: Primarina|80/100|[from] item: Leftovers
|upkeep
|turn|17
|inactive|M1rrorshot has 120 seconds left.
|
|t:|1743869032
|move|p1a: Primarina|Moonblast|p2a: Ogerpon
|-damage|p2a: Ogerpon|48/100 par
|cant|p2a: Ogerpon|par
|
|-heal|p1a: Primarina|86/100|[from] item: Leftovers
|upkeep
|turn|18
|inactive|M1rrorshot has 120 seconds left.
|
|t:|1743869045
|move|p1a: Primarina|Substitute|p1a: Primarina
|-start|p1a: Primarina|Substitute
|-damage|p1a: Primarina|61/100
|cant|p2a: Ogerpon|par
|
|-heal|p1a: Primarina|67/100|[from] item: Leftovers
|upkeep
|turn|19
|
|t:|1743869053
|move|p1a: Primarina|Calm Mind|p1a: Primarina
|-boost|p1a: Primarina|spa|1
|-boost|p1a: Primarina|spd|1
|move|p2a: Ogerpon|Ivy Cudgel|p1a: Primarina|[anim] Ivy Cudgel Water
|-resisted|p1a: Primarina
|-crit|p1a: Primarina
|-end|p1a: Primarina|Substitute
|
|-heal|p1a: Primarina|74/100|[from] item: Leftovers
|upkeep
|turn|20
|
|t:|1743869062
|move|p1a: Primarina|Moonblast|p2a: Ogerpon
|-damage|p2a: Ogerpon|8/100 par
|move|p2a: Ogerpon|Power Whip|p1a: Primarina
|-supereffective|p1a: Primarina
|-damage|p1a: Primarina|0 fnt
|faint|p1a: Primarina
|
|upkeep
|inactive|Flawless37 has 120 seconds left.
|
|t:|1743869093
|switch|p1a: Ogerpon|Ogerpon-Teal-Tera, F, tera:Grass|39/100
|-ability|p1a: Ogerpon|Embody Aspect (Teal)|boost
|-boost|p1a: Ogerpon|spe|1
|turn|21
|
|t:|1743869097
|move|p1a: Ogerpon|Knock Off|p2a: Ogerpon
|-damage|p2a: Ogerpon|0 fnt
|faint|p2a: Ogerpon
|
|upkeep
|inactive|M1rrorshot has 120 seconds left.
|
|t:|1743869132
|switch|p2a: Raging Bolt|Raging Bolt|68/100
|turn|22
|
|t:|1743869137
|move|p1a: Ogerpon|Knock Off|p2a: Raging Bolt
|-damage|p2a: Raging Bolt|18/100
|-enditem|p2a: Raging Bolt|Heavy-Duty Boots|[from] move: Knock Off|[of] p1a: Ogerpon
|move|p2a: Raging Bolt|Discharge|p1a: Ogerpon
|-resisted|p1a: Ogerpon
|-damage|p1a: Ogerpon|9/100
|
|upkeep
|turn|23
|inactive|M1rrorshot has 120 seconds left.
|
|t:|1743869154
|move|p1a: Ogerpon|Knock Off|p2a: Raging Bolt
|-damage|p2a: Raging Bolt|0 fnt
|faint|p2a: Raging Bolt
|-end|p2a: Raging Bolt|Protosynthesis|[silent]
|
|upkeep
|
|t:|1743869158
|switch|p2a: Pecharunt|Pecharunt|100/100
|turn|24
|
|t:|1743869169
|move|p1a: Ogerpon|Knock Off|p2a: Pecharunt
|-supereffective|p2a: Pecharunt
|-damage|p2a: Pecharunt|49/100
|-enditem|p2a: Pecharunt|Heavy-Duty Boots|[from] move: Knock Off|[of] p1a: Ogerpon
|move|p2a: Pecharunt|Malignant Chain|p1a: Ogerpon
|-supereffective|p1a: Ogerpon
|-damage|p1a: Ogerpon|0 fnt
|faint|p1a: Ogerpon
|
|upkeep
|
|t:|1743869176
|switch|p1a: Dragonite|Dragonite, M|100/100
|turn|25
|
|t:|1743869190
|move|p1a: Dragonite|Dragon Dance|p1a: Dragonite
|-boost|p1a: Dragonite|atk|1
|-boost|p1a: Dragonite|spe|1
|move|p2a: Pecharunt|Recover|p2a: Pecharunt
|-heal|p2a: Pecharunt|99/100
|
|upkeep
|turn|26
|
|t:|1743869197
|move|p1a: Dragonite|Dragon Dance|p1a: Dragonite
|-boost|p1a: Dragonite|atk|1
|-boost|p1a: Dragonite|spe|1
|move|p2a: Pecharunt|Malignant Chain|p1a: Dragonite
|-damage|p1a: Dragonite|84/100
|
|upkeep
|turn|27
|
|t:|1743869203
|move|p1a: Dragonite|Dragon Dance|p1a: Dragonite
|-boost|p1a: Dragonite|atk|1
|-boost|p1a: Dragonite|spe|1
|move|p2a: Pecharunt|Malignant Chain|p1a: Dragonite
|-damage|p1a: Dragonite|48/100
|-status|p1a: Dragonite|tox
|-start|p1a: Dragonite|confusion|[from] ability: Poison Puppeteer|[of] p2a: Pecharunt
|
|-damage|p1a: Dragonite|42/100 tox|[from] psn
|upkeep
|turn|28
|
|t:|1743869213
|-activate|p1a: Dragonite|confusion
|-damage|p1a: Dragonite|0 fnt|[from] confusion
|faint|p1a: Dragonite
|
|win|M1rrorshot
|raw|Flawless37's rating: 1511 &rarr; <strong>1495</strong><br />(-16 for losing)
|raw|M1rrorshot's rating: 1584 &rarr; <strong>1600</strong><br />(+16 for winning)
|l|☆M1rrorshot
|player|p2|
|l|☆Flawless37
|player|p1|
