|j|☆a jellyfish
|j|☆54 insane rats
|t:|1743882774
|gametype|singles
|player|p1|a jellyfish|yellow|1758
|player|p2|54 insane rats|supernerd|1723
|teamsize|p1|6
|teamsize|p2|6
|gen|9
|tier|[Gen 9] OU
|rated|
|rule|HP Percentage Mod: HP is shown in percentages
|rule|Endless Battle Clause: Forcing endless battles is banned
|rule|Species Clause: Limit one of each Pokémon
|rule|OHKO Clause: OHKO moves are banned
|rule|Evasion Items Clause: Evasion items are banned
|rule|Evasion Moves Clause: Evasion moves are banned
|rule|Sleep Moves Clause: Sleep-inducing moves are banned
|clearpoke
|poke|p1|Tyranitar, F|
|poke|p1|Excadrill, M|
|poke|p1|Mandibuzz, F|
|poke|p1|Skarmory, M|
|poke|p1|Tornadus-Therian, M|
|poke|p1|Keldeo-Resolute|
|poke|p2|Gholdengo|
|poke|p2|Gliscor, F|
|poke|p2|Toxapex, M|
|poke|p2|Clefable, M|
|poke|p2|Skarmory, M|
|poke|p2|Clodsire, M|
|teampreview
|inactive|Battle timer is ON: inactive players will automatically lose when time's up. (requested by 54 insane rats)
|inactive|a jellyfish also wants the timer to be on.
|
|t:|1743882780
|start
|switch|p1a: Tornadus|Tornadus-Therian, M|100/100
|switch|p2a: Clefable|Clefable, M|100/100
|turn|1
|
|t:|1743882784
|move|p1a: Tornadus|Nasty Plot|p1a: Tornadus
|-boost|p1a: Tornadus|spa|2
|move|p2a: Clefable|Calm Mind|p2a: Clefable
|-boost|p2a: Clefable|spa|1
|-boost|p2a: Clefable|spd|1
|
|upkeep
|turn|2
|
|t:|1743882787
|move|p1a: Tornadus|Bleakwind Storm|p2a: Clefable
|-damage|p2a: Clefable|41/100
|move|p2a: Clefable|Calm Mind|p2a: Clefable
|-boost|p2a: Clefable|spa|1
|-boost|p2a: Clefable|spd|1
|
|-heal|p2a: Clefable|47/100|[from] item: Leftovers
|upkeep
|turn|3
|
|t:|1743882792
|switch|p1a: Excadrill|Excadrill, M|100/100
|move|p2a: Clefable|Moonlight|p2a: Clefable
|-heal|p2a: Clefable|97/100
|
|-heal|p2a: Clefable|100/100|[from] item: Leftovers
|upkeep
|turn|4
|
|t:|1743882797
|switch|p2a: Skarmory|Skarmory, M|100/100
|move|p1a: Excadrill|Iron Head|p2a: Skarmory
|-resisted|p2a: Skarmory
|-damage|p2a: Skarmory|87/100
|-damage|p1a: Excadrill|84/100|[from] item: Rocky Helmet|[of] p2a: Skarmory
|
|-heal|p1a: Excadrill|90/100|[from] item: Leftovers
|upkeep
|turn|5
|
|t:|1743882800
|switch|p1a: Tornadus|Tornadus-Therian, M|100/100
|move|p2a: Skarmory|Spikes|p1a: Tornadus
|-sidestart|p1: a jellyfish|Spikes
|
|upkeep
|turn|6
|
|t:|1743882805
|switch|p2a: Toxapex|Toxapex, M|100/100
|move|p1a: Tornadus|Knock Off|p2a: Toxapex
|-damage|p2a: Toxapex|85/100
|-enditem|p2a: Toxapex|Heavy-Duty Boots|[from] move: Knock Off|[of] p1a: Tornadus
|
|upkeep
|turn|7
|
|t:|1743882810
|switch|p1a: Skarmory|Skarmory, M|100/100
|move|p2a: Toxapex|Infestation|p1a: Skarmory
|-resisted|p1a: Skarmory
|-damage|p1a: Skarmory|99/100
|-activate|p1a: Skarmory|move: Infestation|[of] p2a: Toxapex
|
|-heal|p1a: Skarmory|100/100|[from] item: Leftovers
|-damage|p1a: Skarmory|88/100|[from] move: Infestation|[partiallytrapped]
|upkeep
|turn|8
|
|t:|1743882820
|switch|p2a: Gholdengo|Gholdengo|100/100
|move|p1a: Skarmory|Spikes|p2a: Gholdengo
|-sidestart|p2: 54 insane rats|Spikes
|
|-heal|p1a: Skarmory|94/100|[from] item: Leftovers
|-end|p1a: Skarmory|Infestation|[partiallytrapped]|[silent]
|upkeep
|turn|9
|
|t:|1743882826
|switch|p1a: Tornadus|Tornadus-Therian, M|100/100
|move|p2a: Gholdengo|Nasty Plot|p2a: Gholdengo
|-boost|p2a: Gholdengo|spa|2
|
|upkeep
|turn|10
|inactive|a jellyfish has 120 seconds left.
|
|t:|1743882872
|-terastallize|p1a: Tornadus|Steel
|move|p1a: Tornadus|Knock Off|p2a: Gholdengo
|-supereffective|p2a: Gholdengo
|-damage|p2a: Gholdengo|70/100
|-enditem|p2a: Gholdengo|Heavy-Duty Boots|[from] move: Knock Off|[of] p1a: Tornadus
|move|p2a: Gholdengo|Make It Rain|p1a: Tornadus
|-resisted|p1a: Tornadus
|-damage|p1a: Tornadus|32/100
|-unboost|p2a: Gholdengo|spa|1
|
|upkeep
|turn|11
|
|t:|1743882878
|switch|p1a: Tyranitar|Tyranitar, F, shiny|100/100
|-damage|p1a: Tyranitar|88/100|[from] Spikes
|-weather|Sandstorm|[from] ability: Sand Stream|[of] p1a: Tyranitar
|move|p2a: Gholdengo|Recover|p2a: Gholdengo
|-heal|p2a: Gholdengo|100/100
|
|-weather|Sandstorm|[upkeep]
|upkeep
|turn|12
|
|t:|1743882883
|move|p2a: Gholdengo|Make It Rain|p1a: Tyranitar
|-supereffective|p1a: Tyranitar
|-damage|p1a: Tyranitar|15/100
|-unboost|p2a: Gholdengo|spa|1
|move|p1a: Tyranitar|Stealth Rock|p2a: Gholdengo
|-sidestart|p2: 54 insane rats|move: Stealth Rock
|
|-weather|Sandstorm|[upkeep]
|upkeep
|turn|13
|
|t:|1743882892
|switch|p1a: Excadrill|Excadrill, M|90/100
|-damage|p1a: Excadrill|78/100|[from] Spikes
|move|p2a: Gholdengo|Shadow Ball|p1a: Excadrill
|-damage|p1a: Excadrill|28/100
|
|-weather|Sandstorm|[upkeep]
|-heal|p1a: Excadrill|34/100|[from] item: Leftovers
|upkeep
|turn|14
|j| alyras
|
|t:|1743882904
|switch|p2a: Skarmory|Skarmory, M|87/100
|-damage|p2a: Skarmory|75/100|[from] Stealth Rock
|move|p1a: Excadrill|Earthquake|p2a: Skarmory
|-immune|p2a: Skarmory
|
|-weather|Sandstorm|[upkeep]
|-heal|p1a: Excadrill|40/100|[from] item: Leftovers
|upkeep
|turn|15
|
|t:|1743882912
|switch|p1a: Skarmory|Skarmory, M|94/100
|move|p2a: Skarmory|Body Press|p1a: Skarmory
|-damage|p1a: Skarmory|71/100
|
|-weather|Sandstorm|[upkeep]
|-heal|p1a: Skarmory|77/100|[from] item: Leftovers
|upkeep
|turn|16
|
|t:|1743882916
|switch|p2a: Gholdengo|Gholdengo|100/100
|-damage|p2a: Gholdengo|88/100|[from] Spikes
|-damage|p2a: Gholdengo|82/100|[from] Stealth Rock
|move|p1a: Skarmory|Spikes|p2a: Gholdengo
|-sidestart|p2: 54 insane rats|Spikes
|
|-weather|Sandstorm|[upkeep]
|-heal|p1a: Skarmory|83/100|[from] item: Leftovers
|upkeep
|turn|17
|
|t:|1743882922
|move|p2a: Gholdengo|Shadow Ball|p1a: Skarmory
|-damage|p1a: Skarmory|51/100
|move|p1a: Skarmory|Spikes|p2a: Gholdengo
|-sidestart|p2: 54 insane rats|Spikes
|
|-weather|Sandstorm|[upkeep]
|-heal|p1a: Skarmory|57/100|[from] item: Leftovers
|upkeep
|turn|18
|
|t:|1743882929
|move|p2a: Gholdengo|Nasty Plot|p2a: Gholdengo
|-boost|p2a: Gholdengo|spa|2
|move|p1a: Skarmory|Roost|p1a: Skarmory
|-heal|p1a: Skarmory|100/100
|-singleturn|p1a: Skarmory|move: Roost
|
|-weather|none
|upkeep
|turn|19
|
|t:|1743882932
|switch|p1a: Tyranitar|Tyranitar, F, shiny|15/100
|-damage|p1a: Tyranitar|2/100|[from] Spikes
|-weather|Sandstorm|[from] ability: Sand Stream|[of] p1a: Tyranitar
|move|p2a: Gholdengo|Shadow Ball|p1a: Tyranitar
|-resisted|p1a: Tyranitar
|-damage|p1a: Tyranitar|0 fnt
|faint|p1a: Tyranitar
|
|-weather|Sandstorm|[upkeep]
|upkeep
|
|t:|1743882934
|switch|p1a: Excadrill|Excadrill, M|40/100
|-damage|p1a: Excadrill|28/100|[from] Spikes
|turn|20
|
|t:|1743882943
|switch|p1a: Keldeo|Keldeo-Resolute|100/100
|-damage|p1a: Keldeo|88/100|[from] Spikes
|switch|p2a: Skarmory|Skarmory, M|75/100
|-damage|p2a: Skarmory|63/100|[from] Stealth Rock
|
|-weather|Sandstorm|[upkeep]
|-damage|p1a: Keldeo|82/100|[from] Sandstorm
|upkeep
|turn|21
|
|t:|1743882947
|switch|p1a: Tornadus|Tornadus-Therian, M, tera:Steel|66/100
|switch|p2a: Toxapex|Toxapex, M|100/100
|-damage|p2a: Toxapex|76/100|[from] Spikes
|-damage|p2a: Toxapex|64/100|[from] Stealth Rock
|
|-weather|Sandstorm|[upkeep]
|-damage|p2a: Toxapex|58/100|[from] Sandstorm
|upkeep
|turn|22
|
|t:|1743882954
|move|p1a: Tornadus|Nasty Plot|p1a: Tornadus
|-boost|p1a: Tornadus|spa|2
|move|p2a: Toxapex|Infestation|p1a: Tornadus
|-resisted|p1a: Tornadus
|-damage|p1a: Tornadus|64/100
|-activate|p1a: Tornadus|move: Infestation|[of] p2a: Toxapex
|
|-weather|Sandstorm|[upkeep]
|-damage|p2a: Toxapex|52/100|[from] Sandstorm
|-damage|p1a: Tornadus|52/100|[from] move: Infestation|[partiallytrapped]
|upkeep
|turn|23
|
|t:|1743882960
|switch|p2a: Clodsire|Clodsire, M|100/100
|move|p1a: Tornadus|Knock Off|p2a: Clodsire
|-damage|p2a: Clodsire|77/100
|-enditem|p2a: Clodsire|Heavy-Duty Boots|[from] move: Knock Off|[of] p1a: Tornadus
|
|-weather|Sandstorm|[upkeep]
|-end|p1a: Tornadus|Infestation|[partiallytrapped]|[silent]
|upkeep
|turn|24
|
|t:|1743882966
|switch|p1a: Skarmory|Skarmory, M|100/100
|move|p2a: Clodsire|Stealth Rock|p1a: Skarmory
|-sidestart|p1: a jellyfish|move: Stealth Rock
|
|-weather|Sandstorm|[upkeep]
|upkeep
|turn|25
|
|t:|1743882974
|switch|p1a: Tornadus|Tornadus-Therian, M, tera:Steel|85/100
|switch|p2a: Gholdengo|Gholdengo|82/100
|-damage|p2a: Gholdengo|57/100|[from] Spikes
|-damage|p2a: Gholdengo|51/100|[from] Stealth Rock
|
|-weather|Sandstorm|[upkeep]
|upkeep
|turn|26
|
|t:|1743882979
|move|p1a: Tornadus|Heat Wave|p2a: Gholdengo
|-supereffective|p2a: Gholdengo
|-crit|p2a: Gholdengo
|-damage|p2a: Gholdengo|0 fnt
|faint|p2a: Gholdengo
|
|-weather|none
|upkeep
|
|t:|1743882987
|switch|p2a: Clefable|Clefable, M|100/100
|turn|27
|
|t:|1743883000
|switch|p1a: Excadrill|Excadrill, M|28/100
|-damage|p1a: Excadrill|15/100|[from] Spikes
|-damage|p1a: Excadrill|12/100|[from] Stealth Rock
|move|p2a: Clefable|Calm Mind|p2a: Clefable
|-boost|p2a: Clefable|spa|1
|-boost|p2a: Clefable|spd|1
|
|-heal|p1a: Excadrill|19/100|[from] item: Leftovers
|upkeep
|turn|28
|
|t:|1743883013
|-terastallize|p2a: Clefable|Water
|move|p1a: Excadrill|Rapid Spin|p2a: Clefable
|-damage|p2a: Clefable|88/100
|-boost|p1a: Excadrill|spe|1
|-sideend|p1: a jellyfish|Spikes|[from] move: Rapid Spin|[of] p1a: Excadrill
|-sideend|p1: a jellyfish|Stealth Rock|[from] move: Rapid Spin|[of] p1a: Excadrill
|move|p2a: Clefable|Moonblast|p1a: Excadrill
|-resisted|p1a: Excadrill
|-damage|p1a: Excadrill|0 fnt
|faint|p1a: Excadrill
|
|-heal|p2a: Clefable|94/100|[from] item: Leftovers
|upkeep
|
|t:|1743883018
|switch|p1a: Keldeo|Keldeo-Resolute|82/100
|turn|29
|
|t:|1743883021
|move|p1a: Keldeo|Secret Sword|p2a: Clefable
|-damage|p2a: Clefable|58/100
|move|p2a: Clefable|Moonblast|p1a: Keldeo
|-supereffective|p1a: Keldeo
|-damage|p1a: Keldeo|20/100
|
|-heal|p2a: Clefable|64/100|[from] item: Leftovers
|upkeep
|turn|30
|
|t:|1743883023
|move|p1a: Keldeo|Secret Sword|p2a: Clefable
|-damage|p2a: Clefable|31/100
|move|p2a: Clefable|Moonblast|p1a: Keldeo
|-supereffective|p1a: Keldeo
|-damage|p1a: Keldeo|0 fnt
|faint|p1a: Keldeo
|
|-heal|p2a: Clefable|38/100|[from] item: Leftovers
|upkeep
|
|t:|1743883027
|switch|p1a: Tornadus|Tornadus-Therian, M, tera:Steel|100/100
|turn|31
|
|t:|1743883031
|move|p1a: Tornadus|Nasty Plot|p1a: Tornadus
|-boost|p1a: Tornadus|spa|2
|move|p2a: Clefable|Moonlight|p2a: Clefable
|-heal|p2a: Clefable|88/100
|
|-heal|p2a: Clefable|94/100|[from] item: Leftovers
|upkeep
|turn|32
|
|t:|1743883045
|move|p1a: Tornadus|Bleakwind Storm|p2a: Clefable
|-damage|p2a: Clefable|33/100
|move|p2a: Clefable|Knock Off|p1a: Tornadus
|-damage|p1a: Tornadus|79/100
|-enditem|p1a: Tornadus|Heavy-Duty Boots|[from] move: Knock Off|[of] p2a: Clefable
|
|-heal|p2a: Clefable|39/100|[from] item: Leftovers
|upkeep
|turn|33
|
|t:|1743883048
|switch|p2a: Clodsire|Clodsire, M|77/100
|-damage|p2a: Clodsire|52/100|[from] Spikes
|-damage|p2a: Clodsire|46/100|[from] Stealth Rock
|move|p1a: Tornadus|Bleakwind Storm|p2a: Clodsire|[miss]
|-miss|p1a: Tornadus|p2a: Clodsire
|
|upkeep
|turn|34
|
|t:|1743883068
|move|p1a: Tornadus|Bleakwind Storm|p2a: Clodsire
|-damage|p2a: Clodsire|20/100
|move|p2a: Clodsire|Recover|p2a: Clodsire
|-heal|p2a: Clodsire|70/100
|
|upkeep
|turn|35
|
|t:|1743883072
|switch|p1a: Skarmory|Skarmory, M|100/100
|move|p2a: Clodsire|Recover|p2a: Clodsire
|-heal|p2a: Clodsire|100/100
|
|upkeep
|turn|36
|
|t:|1743883074
|move|p1a: Skarmory|Brave Bird|p2a: Clodsire
|-damage|p2a: Clodsire|64/100
|-damage|p1a: Skarmory|84/100|[from] Recoil
|move|p2a: Clodsire|Stealth Rock|p1a: Skarmory
|-sidestart|p1: a jellyfish|move: Stealth Rock
|
|-heal|p1a: Skarmory|90/100|[from] item: Leftovers
|upkeep
|turn|37
|
|t:|1743883080
|switch|p1a: Tornadus|Tornadus-Therian, M, tera:Steel|100/100
|-damage|p1a: Tornadus|95/100|[from] Stealth Rock
|move|p2a: Clodsire|Recover|p2a: Clodsire
|-heal|p2a: Clodsire|100/100
|
|upkeep
|turn|38
|
|t:|1743883083
|switch|p1a: Skarmory|Skarmory, M|90/100
|-damage|p1a: Skarmory|77/100|[from] Stealth Rock
|move|p2a: Clodsire|Earthquake|p1a: Skarmory
|-immune|p1a: Skarmory
|
|-heal|p1a: Skarmory|83/100|[from] item: Leftovers
|upkeep
|turn|39
|
|t:|1743883087
|switch|p1a: Tornadus|Tornadus-Therian, M, tera:Steel|100/100
|-damage|p1a: Tornadus|95/100|[from] Stealth Rock
|switch|p2a: Gliscor|Gliscor, F|100/100
|-damage|p2a: Gliscor|88/100|[from] Stealth Rock
|
|-status|p2a: Gliscor|tox|[from] item: Toxic Orb
|upkeep
|turn|40
|
|t:|1743883096
|switch|p2a: Clodsire|Clodsire, M|100/100
|-damage|p2a: Clodsire|76/100|[from] Spikes
|-damage|p2a: Clodsire|70/100|[from] Stealth Rock
|move|p1a: Tornadus|Nasty Plot|p1a: Tornadus
|-boost|p1a: Tornadus|spa|2
|
|upkeep
|turn|41
|
|t:|1743883104
|switch|p1a: Skarmory|Skarmory, M|83/100
|-damage|p1a: Skarmory|71/100|[from] Stealth Rock
|switch|p2a: Clefable|Clefable, M, tera:Water|39/100
|
|-heal|p1a: Skarmory|77/100|[from] item: Leftovers
|-heal|p2a: Clefable|45/100|[from] item: Leftovers
|upkeep
|turn|42
|
|t:|1743883107
|switch|p1a: Tornadus|Tornadus-Therian, M, tera:Steel|100/100
|-damage|p1a: Tornadus|95/100|[from] Stealth Rock
|move|p2a: Clefable|Moonlight|p2a: Clefable
|-heal|p2a: Clefable|95/100
|
|-heal|p2a: Clefable|100/100|[from] item: Leftovers
|upkeep
|turn|43
|
|t:|1743883113
|switch|p2a: Toxapex|Toxapex, M|85/100
|-damage|p2a: Toxapex|60/100|[from] Spikes
|-damage|p2a: Toxapex|48/100|[from] Stealth Rock
|move|p1a: Tornadus|Nasty Plot|p1a: Tornadus
|-boost|p1a: Tornadus|spa|2
|
|upkeep
|turn|44
|
|t:|1743883121
|switch|p2a: Gliscor|Gliscor, F|88/100 tox
|-damage|p2a: Gliscor|75/100 tox|[from] Stealth Rock
|move|p1a: Tornadus|Bleakwind Storm|p2a: Gliscor
|-damage|p2a: Gliscor|0 fnt
|faint|p2a: Gliscor
|
|upkeep
|
|t:|1743883122
|switch|p2a: Clodsire|Clodsire, M|70/100
|-damage|p2a: Clodsire|45/100|[from] Spikes
|-damage|p2a: Clodsire|39/100|[from] Stealth Rock
|turn|45
|
|t:|1743883126
|switch|p1a: Skarmory|Skarmory, M|77/100
|-damage|p1a: Skarmory|65/100|[from] Stealth Rock
|move|p2a: Clodsire|Recover|p2a: Clodsire
|-heal|p2a: Clodsire|89/100
|
|-heal|p1a: Skarmory|71/100|[from] item: Leftovers
|upkeep
|turn|46
|
|t:|1743883130
|move|p1a: Skarmory|Body Press|p2a: Clodsire
|-resisted|p2a: Clodsire
|-damage|p2a: Clodsire|75/100
|move|p2a: Clodsire|Earthquake|p1a: Skarmory
|-immune|p1a: Skarmory
|
|-heal|p1a: Skarmory|77/100|[from] item: Leftovers
|upkeep
|turn|47
|
|t:|1743883135
|switch|p2a: Clefable|Clefable, M, tera:Water|100/100
|move|p1a: Skarmory|Brave Bird|p2a: Clefable
|-damage|p2a: Clefable|74/100
|-damage|p1a: Skarmory|67/100|[from] Recoil
|
|-heal|p1a: Skarmory|73/100|[from] item: Leftovers
|-heal|p2a: Clefable|80/100|[from] item: Leftovers
|upkeep
|turn|48
|
|t:|1743883139
|switch|p1a: Tornadus|Tornadus-Therian, M, tera:Steel|100/100
|-damage|p1a: Tornadus|95/100|[from] Stealth Rock
|move|p2a: Clefable|Calm Mind|p2a: Clefable
|-boost|p2a: Clefable|spa|1
|-boost|p2a: Clefable|spd|1
|
|-heal|p2a: Clefable|87/100|[from] item: Leftovers
|upkeep
|turn|49
|
|t:|1743883141
|move|p1a: Tornadus|Nasty Plot|p1a: Tornadus
|-boost|p1a: Tornadus|spa|2
|move|p2a: Clefable|Calm Mind|p2a: Clefable
|-boost|p2a: Clefable|spa|1
|-boost|p2a: Clefable|spd|1
|
|-heal|p2a: Clefable|93/100|[from] item: Leftovers
|upkeep
|turn|50
|
|t:|1743883142
|move|p1a: Tornadus|Nasty Plot|p1a: Tornadus
|-boost|p1a: Tornadus|spa|2
|move|p2a: Clefable|Calm Mind|p2a: Clefable
|-boost|p2a: Clefable|spa|1
|-boost|p2a: Clefable|spd|1
|
|-heal|p2a: Clefable|99/100|[from] item: Leftovers
|upkeep
|turn|51
|
|t:|1743883147
|move|p1a: Tornadus|Bleakwind Storm|p2a: Clefable
|-damage|p2a: Clefable|48/100
|-unboost|p2a: Clefable|spe|1
|move|p2a: Clefable|Calm Mind|p2a: Clefable
|-boost|p2a: Clefable|spa|1
|-boost|p2a: Clefable|spd|1
|
|-heal|p2a: Clefable|55/100|[from] item: Leftovers
|upkeep
|turn|52
|
|t:|1743883152
|move|p1a: Tornadus|Nasty Plot|p1a: Tornadus
|-boost|p1a: Tornadus|spa|2
|move|p2a: Clefable|Calm Mind|p2a: Clefable
|-boost|p2a: Clefable|spa|1
|-boost|p2a: Clefable|spd|1
|
|-heal|p2a: Clefable|61/100|[from] item: Leftovers
|upkeep
|turn|53
|
|t:|1743883156
|move|p1a: Tornadus|Bleakwind Storm|p2a: Clefable|[miss]
|-miss|p1a: Tornadus|p2a: Clefable
|move|p2a: Clefable|Moonlight|p2a: Clefable
|-heal|p2a: Clefable|100/100
|
|upkeep
|turn|54
|
|t:|1743883158
|move|p1a: Tornadus|Bleakwind Storm|p2a: Clefable
|-damage|p2a: Clefable|54/100
|move|p2a: Clefable|Calm Mind|p2a: Clefable
|-boost|p2a: Clefable|spa|1
|-boost|p2a: Clefable|spd|1
|
|-heal|p2a: Clefable|60/100|[from] item: Leftovers
|upkeep
|turn|55
|
|t:|1743883160
|move|p1a: Tornadus|Bleakwind Storm|p2a: Clefable
|-damage|p2a: Clefable|16/100
|move|p2a: Clefable|Moonlight|p2a: Clefable
|-heal|p2a: Clefable|66/100
|
|-heal|p2a: Clefable|72/100|[from] item: Leftovers
|upkeep
|turn|56
|
|t:|1743883163
|move|p1a: Tornadus|Bleakwind Storm|p2a: Clefable
|-damage|p2a: Clefable|25/100
|move|p2a: Clefable|Moonlight|p2a: Clefable
|-heal|p2a: Clefable|75/100
|
|-heal|p2a: Clefable|81/100|[from] item: Leftovers
|upkeep
|turn|57
|
|t:|1743883167
|move|p1a: Tornadus|Knock Off|p2a: Clefable
|-damage|p2a: Clefable|65/100
|-enditem|p2a: Clefable|Leftovers|[from] move: Knock Off|[of] p1a: Tornadus
|move|p2a: Clefable|Moonlight|p2a: Clefable
|-heal|p2a: Clefable|100/100
|
|upkeep
|turn|58
|
|t:|1743883170
|move|p1a: Tornadus|Bleakwind Storm|p2a: Clefable
|-damage|p2a: Clefable|59/100
|move|p2a: Clefable|Moonblast|p1a: Tornadus
|-resisted|p1a: Tornadus
|-damage|p1a: Tornadus|19/100
|
|upkeep
|turn|59
|
|t:|1743883175
|move|p1a: Tornadus|Bleakwind Storm|p2a: Clefable
|-damage|p2a: Clefable|14/100
|move|p2a: Clefable|Moonblast|p1a: Tornadus
|-resisted|p1a: Tornadus
|-damage|p1a: Tornadus|0 fnt
|faint|p1a: Tornadus
|
|upkeep
|
|t:|1743883178
|switch|p1a: Skarmory|Skarmory, M|73/100
|-damage|p1a: Skarmory|60/100|[from] Stealth Rock
|turn|60
|
|t:|1743883180
|move|p1a: Skarmory|Brave Bird|p2a: Clefable
|-damage|p2a: Clefable|0 fnt
|faint|p2a: Clefable
|-damage|p1a: Skarmory|55/100|[from] Recoil
|
|-heal|p1a: Skarmory|61/100|[from] item: Leftovers
|upkeep
|
|t:|1743883189
|switch|p2a: Skarmory|Skarmory, M|63/100
|-damage|p2a: Skarmory|50/100|[from] Stealth Rock
|turn|61
|
|t:|1743883195
|move|p2a: Skarmory|Roost|p2a: Skarmory
|-heal|p2a: Skarmory|100/100
|-singleturn|p2a: Skarmory|move: Roost
|move|p1a: Skarmory|Spikes||[still]
|-fail|p1a: Skarmory
|
|-heal|p1a: Skarmory|67/100|[from] item: Leftovers
|upkeep
|turn|62
|
|t:|1743883202
|move|p2a: Skarmory|Iron Defense|p2a: Skarmory
|-boost|p2a: Skarmory|def|2
|move|p1a: Skarmory|Spikes||[still]
|-fail|p1a: Skarmory
|
|-heal|p1a: Skarmory|73/100|[from] item: Leftovers
|upkeep
|turn|63
|
|t:|1743883205
|switch|p1a: Mandibuzz|Mandibuzz, F|100/100
|move|p2a: Skarmory|Iron Defense|p2a: Skarmory
|-boost|p2a: Skarmory|def|2
|
|upkeep
|turn|64
|
|t:|1743883208
|move|p1a: Mandibuzz|Iron Defense|p1a: Mandibuzz
|-boost|p1a: Mandibuzz|def|2
|move|p2a: Skarmory|Iron Defense|p2a: Skarmory
|-boost|p2a: Skarmory|def|2
|
|upkeep
|turn|65
|
|t:|1743883210
|move|p1a: Mandibuzz|Iron Defense|p1a: Mandibuzz
|-boost|p1a: Mandibuzz|def|2
|move|p2a: Skarmory|Body Press|p1a: Mandibuzz
|-damage|p1a: Mandibuzz|76/100
|
|upkeep
|turn|66
|
|t:|1743883213
|move|p1a: Mandibuzz|Iron Defense|p1a: Mandibuzz
|-boost|p1a: Mandibuzz|def|2
|move|p2a: Skarmory|Body Press|p1a: Mandibuzz
|-damage|p1a: Mandibuzz|59/100
|
|upkeep
|turn|67
|
|t:|1743883218
|move|p1a: Mandibuzz|Toxic|p2a: Skarmory
|-immune|p2a: Skarmory
|move|p2a: Skarmory|Body Press|p1a: Mandibuzz
|-damage|p1a: Mandibuzz|42/100
|
|upkeep
|turn|68
|
|t:|1743883224
|move|p1a: Mandibuzz|Roost|p1a: Mandibuzz
|-heal|p1a: Mandibuzz|92/100
|-singleturn|p1a: Mandibuzz|move: Roost
|move|p2a: Skarmory|Body Press|p1a: Mandibuzz
|-supereffective|p1a: Mandibuzz
|-damage|p1a: Mandibuzz|59/100
|
|upkeep
|turn|69
|
|t:|1743883227
|move|p1a: Mandibuzz|Toxic|p2a: Skarmory
|-immune|p2a: Skarmory
|move|p2a: Skarmory|Body Press|p1a: Mandibuzz
|-damage|p1a: Mandibuzz|42/100
|
|upkeep
|turn|70
|
|t:|1743883231
|move|p1a: Mandibuzz|Roost|p1a: Mandibuzz
|-heal|p1a: Mandibuzz|92/100
|-singleturn|p1a: Mandibuzz|move: Roost
|move|p2a: Skarmory|Body Press|p1a: Mandibuzz
|-supereffective|p1a: Mandibuzz
|-damage|p1a: Mandibuzz|56/100
|
|upkeep
|turn|71
|
|t:|1743883235
|move|p1a: Mandibuzz|Toxic|p2a: Skarmory
|-immune|p2a: Skarmory
|move|p2a: Skarmory|Body Press|p1a: Mandibuzz
|-damage|p1a: Mandibuzz|39/100
|
|upkeep
|turn|72
|
|t:|1743883237
|move|p1a: Mandibuzz|Roost|p1a: Mandibuzz
|-heal|p1a: Mandibuzz|89/100
|-singleturn|p1a: Mandibuzz|move: Roost
|move|p2a: Skarmory|Body Press|p1a: Mandibuzz
|-supereffective|p1a: Mandibuzz
|-damage|p1a: Mandibuzz|52/100
|
|upkeep
|turn|73
|
|t:|1743883240
|switch|p2a: Toxapex|Toxapex, M|81/100
|-damage|p2a: Toxapex|57/100|[from] Spikes
|-damage|p2a: Toxapex|44/100|[from] Stealth Rock
|move|p1a: Mandibuzz|Toxic|p2a: Toxapex
|-immune|p2a: Toxapex
|
|upkeep
|turn|74
|
|t:|1743883245
|switch|p1a: Skarmory|Skarmory, M|73/100
|-damage|p1a: Skarmory|61/100|[from] Stealth Rock
|move|p2a: Toxapex|Infestation|p1a: Skarmory
|-resisted|p1a: Skarmory
|-damage|p1a: Skarmory|60/100
|-activate|p1a: Skarmory|move: Infestation|[of] p2a: Toxapex
|
|-heal|p1a: Skarmory|66/100|[from] item: Leftovers
|-damage|p1a: Skarmory|54/100|[from] move: Infestation|[partiallytrapped]
|upkeep
|turn|75
|
|t:|1743883253
|move|p1a: Skarmory|Body Press|p2a: Toxapex
|-resisted|p2a: Toxapex
|-damage|p2a: Toxapex|35/100
|move|p2a: Toxapex|Recover|p2a: Toxapex
|-heal|p2a: Toxapex|86/100
|
|-heal|p1a: Skarmory|60/100|[from] item: Leftovers
|-damage|p1a: Skarmory|48/100|[from] move: Infestation|[partiallytrapped]
|upkeep
|turn|76
|
|t:|1743883258
|switch|p2a: Skarmory|Skarmory, M|100/100
|-damage|p2a: Skarmory|88/100|[from] Stealth Rock
|move|p1a: Skarmory|Roost|p1a: Skarmory
|-heal|p1a: Skarmory|98/100
|-singleturn|p1a: Skarmory|move: Roost
|
|-heal|p1a: Skarmory|100/100|[from] item: Leftovers
|-end|p1a: Skarmory|Infestation|[partiallytrapped]|[silent]
|upkeep
|turn|77
|
|t:|1743883261
|switch|p1a: Mandibuzz|Mandibuzz, F|52/100
|move|p2a: Skarmory|Iron Defense|p2a: Skarmory
|-boost|p2a: Skarmory|def|2
|
|upkeep
|turn|78
|
|t:|1743883264
|move|p1a: Mandibuzz|Iron Defense|p1a: Mandibuzz
|-boost|p1a: Mandibuzz|def|2
|move|p2a: Skarmory|Iron Defense|p2a: Skarmory
|-boost|p2a: Skarmory|def|2
|
|upkeep
|turn|79
|
|t:|1743883266
|move|p1a: Mandibuzz|Iron Defense|p1a: Mandibuzz
|-boost|p1a: Mandibuzz|def|2
|move|p2a: Skarmory|Iron Defense|p2a: Skarmory
|-boost|p2a: Skarmory|def|2
|
|upkeep
|turn|80
|
|t:|1743883267
|move|p1a: Mandibuzz|Iron Defense|p1a: Mandibuzz
|-boost|p1a: Mandibuzz|def|2
|move|p2a: Skarmory|Body Press|p1a: Mandibuzz
|-damage|p1a: Mandibuzz|36/100
|
|upkeep
|turn|81
|
|t:|1743883274
|move|p1a: Mandibuzz|Roost|p1a: Mandibuzz
|-heal|p1a: Mandibuzz|86/100
|-singleturn|p1a: Mandibuzz|move: Roost
|move|p2a: Skarmory|Body Press|p1a: Mandibuzz
|-supereffective|p1a: Mandibuzz
|-damage|p1a: Mandibuzz|53/100
|
|upkeep
|turn|82
|
|t:|1743883280
|switch|p2a: Toxapex|Toxapex, M|100/100
|-damage|p2a: Toxapex|76/100|[from] Spikes
|-damage|p2a: Toxapex|64/100|[from] Stealth Rock
|move|p1a: Mandibuzz|Toxic|p2a: Toxapex
|-immune|p2a: Toxapex
|
|upkeep
|turn|83
|
|t:|1743883282
|switch|p1a: Skarmory|Skarmory, M|100/100
|-damage|p1a: Skarmory|88/100|[from] Stealth Rock
|move|p2a: Toxapex|Infestation|p1a: Skarmory
|-resisted|p1a: Skarmory
|-damage|p1a: Skarmory|88/100
|-activate|p1a: Skarmory|move: Infestation|[of] p2a: Toxapex
|
|-heal|p1a: Skarmory|94/100|[from] item: Leftovers
|-damage|p1a: Skarmory|81/100|[from] move: Infestation|[partiallytrapped]
|upkeep
|turn|84
|
|t:|1743883290
|move|p1a: Skarmory|Brave Bird|p2a: Toxapex
|-damage|p2a: Toxapex|36/100
|-damage|p1a: Skarmory|73/100|[from] Recoil
|move|p2a: Toxapex|Infestation|p1a: Skarmory
|-resisted|p1a: Skarmory
|-damage|p1a: Skarmory|72/100
|
|-heal|p1a: Skarmory|78/100|[from] item: Leftovers
|-damage|p1a: Skarmory|66/100|[from] move: Infestation|[partiallytrapped]
|upkeep
|turn|85
|
|t:|1743883293
|move|p1a: Skarmory|Brave Bird|p2a: Toxapex
|-damage|p2a: Toxapex|8/100
|-damage|p1a: Skarmory|58/100|[from] Recoil
|move|p2a: Toxapex|Recover|p2a: Toxapex
|-heal|p2a: Toxapex|58/100
|
|-heal|p1a: Skarmory|64/100|[from] item: Leftovers
|-damage|p1a: Skarmory|51/100|[from] move: Infestation|[partiallytrapped]
|upkeep
|turn|86
|
|t:|1743883296
|move|p1a: Skarmory|Spikes||[still]
|-fail|p1a: Skarmory
|move|p2a: Toxapex|Recover|p2a: Toxapex
|-heal|p2a: Toxapex|100/100
|
|-heal|p1a: Skarmory|57/100|[from] item: Leftovers
|-damage|p1a: Skarmory|45/100|[from] move: Infestation|[partiallytrapped]
|upkeep
|turn|87
|
|t:|1743883301
|move|p1a: Skarmory|Roost|p1a: Skarmory
|-heal|p1a: Skarmory|95/100
|-singleturn|p1a: Skarmory|move: Roost
|move|p2a: Toxapex|Infestation|p1a: Skarmory
|-resisted|p1a: Skarmory
|-damage|p1a: Skarmory|94/100
|
|-heal|p1a: Skarmory|99/100|[from] item: Leftovers
|-end|p1a: Skarmory|Infestation|[partiallytrapped]
|upkeep
|turn|88
|
|t:|1743883307
|move|p1a: Skarmory|Spikes||[still]
|-fail|p1a: Skarmory
|move|p2a: Toxapex|Infestation|p1a: Skarmory
|-resisted|p1a: Skarmory
|-damage|p1a: Skarmory|99/100
|-activate|p1a: Skarmory|move: Infestation|[of] p2a: Toxapex
|
|-heal|p1a: Skarmory|100/100|[from] item: Leftovers
|-damage|p1a: Skarmory|88/100|[from] move: Infestation|[partiallytrapped]
|upkeep
|turn|89
|
|t:|1743883312
|move|p1a: Skarmory|Body Press|p2a: Toxapex
|-resisted|p2a: Toxapex
|-damage|p2a: Toxapex|90/100
|move|p2a: Toxapex|Infestation|p1a: Skarmory
|-resisted|p1a: Skarmory
|-damage|p1a: Skarmory|88/100
|
|-heal|p1a: Skarmory|94/100|[from] item: Leftovers
|-damage|p1a: Skarmory|81/100|[from] move: Infestation|[partiallytrapped]
|upkeep
|turn|90
|
|t:|1743883315
|move|p1a: Skarmory|Body Press|p2a: Toxapex
|-resisted|p2a: Toxapex
|-damage|p2a: Toxapex|80/100
|move|p2a: Toxapex|Infestation|p1a: Skarmory
|-resisted|p1a: Skarmory
|-damage|p1a: Skarmory|81/100
|
|-heal|p1a: Skarmory|87/100|[from] item: Leftovers
|-damage|p1a: Skarmory|74/100|[from] move: Infestation|[partiallytrapped]
|upkeep
|turn|91
|
|t:|1743883316
|move|p1a: Skarmory|Spikes||[still]
|-fail|p1a: Skarmory
|move|p2a: Toxapex|Infestation|p1a: Skarmory
|-resisted|p1a: Skarmory
|-damage|p1a: Skarmory|74/100
|
|-heal|p1a: Skarmory|80/100|[from] item: Leftovers
|-damage|p1a: Skarmory|68/100|[from] move: Infestation|[partiallytrapped]
|upkeep
|turn|92
|
|t:|1743883318
|move|p1a: Skarmory|Body Press|p2a: Toxapex
|-resisted|p2a: Toxapex
|-damage|p2a: Toxapex|71/100
|move|p2a: Toxapex|Infestation|p1a: Skarmory
|-resisted|p1a: Skarmory
|-damage|p1a: Skarmory|67/100
|
|-heal|p1a: Skarmory|73/100|[from] item: Leftovers
|-damage|p1a: Skarmory|61/100|[from] move: Infestation|[partiallytrapped]
|upkeep
|turn|93
|
|t:|1743883321
|move|p1a: Skarmory|Spikes||[still]
|-fail|p1a: Skarmory
|move|p2a: Toxapex|Toxic|p1a: Skarmory
|-immune|p1a: Skarmory
|
|-heal|p1a: Skarmory|67/100|[from] item: Leftovers
|-end|p1a: Skarmory|Infestation|[partiallytrapped]
|upkeep
|turn|94
|
|t:|1743883327
|move|p1a: Skarmory|Spikes||[still]
|-fail|p1a: Skarmory
|move|p2a: Toxapex|Haze|p2a: Toxapex
|-clearallboost
|
|-heal|p1a: Skarmory|73/100|[from] item: Leftovers
|upkeep
|turn|95
|
|t:|1743883329
|move|p1a: Skarmory|Spikes||[still]
|-fail|p1a: Skarmory
|move|p2a: Toxapex|Infestation|p1a: Skarmory
|-resisted|p1a: Skarmory
|-damage|p1a: Skarmory|72/100
|-activate|p1a: Skarmory|move: Infestation|[of] p2a: Toxapex
|
|-heal|p1a: Skarmory|78/100|[from] item: Leftovers
|-damage|p1a: Skarmory|66/100|[from] move: Infestation|[partiallytrapped]
|upkeep
|turn|96
|
|t:|1743883332
|move|p1a: Skarmory|Body Press|p2a: Toxapex
|-resisted|p2a: Toxapex
|-damage|p2a: Toxapex|61/100
|move|p2a: Toxapex|Haze|p2a: Toxapex
|-clearallboost
|
|-heal|p1a: Skarmory|72/100|[from] item: Leftovers
|-damage|p1a: Skarmory|59/100|[from] move: Infestation|[partiallytrapped]
|upkeep
|turn|97
|
|t:|1743883334
|move|p1a: Skarmory|Spikes||[still]
|-fail|p1a: Skarmory
|move|p2a: Toxapex|Haze|p2a: Toxapex
|-clearallboost
|
|-heal|p1a: Skarmory|65/100|[from] item: Leftovers
|-damage|p1a: Skarmory|53/100|[from] move: Infestation|[partiallytrapped]
|upkeep
|turn|98
|
|t:|1743883336
|move|p1a: Skarmory|Spikes||[still]
|-fail|p1a: Skarmory
|move|p2a: Toxapex|Recover|p2a: Toxapex
|-heal|p2a: Toxapex|100/100
|
|-heal|p1a: Skarmory|59/100|[from] item: Leftovers
|-damage|p1a: Skarmory|47/100|[from] move: Infestation|[partiallytrapped]
|upkeep
|turn|99
|
|t:|1743883341
|move|p1a: Skarmory|Spikes||[still]
|-fail|p1a: Skarmory
|move|p2a: Toxapex|Haze|p2a: Toxapex
|-clearallboost
|
|-heal|p1a: Skarmory|53/100|[from] item: Leftovers
|-damage|p1a: Skarmory|41/100|[from] move: Infestation|[partiallytrapped]
|upkeep
|turn|100
|
|t:|1743883346
|move|p1a: Skarmory|Roost|p1a: Skarmory
|-heal|p1a: Skarmory|91/100
|-singleturn|p1a: Skarmory|move: Roost
|move|p2a: Toxapex|Haze|p2a: Toxapex
|-clearallboost
|
|-heal|p1a: Skarmory|97/100|[from] item: Leftovers
|-end|p1a: Skarmory|Infestation|[partiallytrapped]
|upkeep
|turn|101
|
|t:|1743883353
|move|p1a: Skarmory|Spikes||[still]
|-fail|p1a: Skarmory
|move|p2a: Toxapex|Infestation|p1a: Skarmory
|-resisted|p1a: Skarmory
|-damage|p1a: Skarmory|96/100
|-activate|p1a: Skarmory|move: Infestation|[of] p2a: Toxapex
|
|-heal|p1a: Skarmory|100/100|[from] item: Leftovers
|-damage|p1a: Skarmory|88/100|[from] move: Infestation|[partiallytrapped]
|upkeep
|turn|102
|
|t:|1743883356
|move|p1a: Skarmory|Body Press|p2a: Toxapex
|-resisted|p2a: Toxapex
|-damage|p2a: Toxapex|92/100
|move|p2a: Toxapex|Haze|p2a: Toxapex
|-clearallboost
|
|-heal|p1a: Skarmory|94/100|[from] item: Leftovers
|-damage|p1a: Skarmory|82/100|[from] move: Infestation|[partiallytrapped]
|upkeep
|turn|103
|
|t:|1743883359
|move|p1a: Skarmory|Body Press|p2a: Toxapex
|-resisted|p2a: Toxapex
|-damage|p2a: Toxapex|81/100
|move|p2a: Toxapex|Haze|p2a: Toxapex
|-clearallboost
|
|-heal|p1a: Skarmory|88/100|[from] item: Leftovers
|-damage|p1a: Skarmory|76/100|[from] move: Infestation|[partiallytrapped]
|upkeep
|turn|104
|
|t:|1743883361
|move|p1a: Skarmory|Spikes||[still]
|-fail|p1a: Skarmory
|move|p2a: Toxapex|Haze|p2a: Toxapex
|-clearallboost
|
|-heal|p1a: Skarmory|82/100|[from] item: Leftovers
|-damage|p1a: Skarmory|69/100|[from] move: Infestation|[partiallytrapped]
|upkeep
|turn|105
|
|t:|1743883363
|move|p1a: Skarmory|Spikes||[still]
|-fail|p1a: Skarmory
|move|p2a: Toxapex|Haze|p2a: Toxapex
|-clearallboost
|
|-heal|p1a: Skarmory|75/100|[from] item: Leftovers
|-damage|p1a: Skarmory|63/100|[from] move: Infestation|[partiallytrapped]
|upkeep
|turn|106
|
|t:|1743883365
|move|p1a: Skarmory|Spikes||[still]
|-fail|p1a: Skarmory
|move|p2a: Toxapex|Haze|p2a: Toxapex
|-clearallboost
|
|-heal|p1a: Skarmory|69/100|[from] item: Leftovers
|-end|p1a: Skarmory|Infestation|[partiallytrapped]
|upkeep
|turn|107
|-message|a jellyfish forfeited.
|
|win|54 insane rats
|raw|a jellyfish's rating: 1758 &rarr; <strong>1736</strong><br />(-22 for losing)
|raw|54 insane rats's rating: 1723 &rarr; <strong>1745</strong><br />(+22 for winning)
|l|☆a jellyfish
|player|p1|
