|j|☆coinfliplol
|j|☆aervacox178
|t:|1743888895
|gametype|singles
|player|p1|coinfliplol|2|1249
|player|p2|aervacox178|102|1307
|teamsize|p1|6
|teamsize|p2|6
|gen|9
|tier|[Gen 9] OU
|rated|
|rule|HP Percentage Mod: HP is shown in percentages
|rule|Endless Battle Clause: Forcing endless battles is banned
|rule|Species Clause: Limit one of each Pokémon
|rule|OHKO Clause: OHKO moves are banned
|rule|Evasion Items Clause: Evasion items are banned
|rule|Evasion Moves Clause: Evasion moves are banned
|rule|Sleep Moves Clause: Sleep-inducing moves are banned
|clearpoke
|poke|p1|Tinkaton, F|
|poke|p1|Hydrapple, M|
|poke|p1|Moltres|
|poke|p1|Rotom-Wash|
|poke|p1|Great Tusk|
|poke|p1|Darkrai|
|poke|p2|Darkrai|
|poke|p2|Walking Wake|
|poke|p2|Torkoal, F|
|poke|p2|Blissey, F|
|poke|p2|Cinderace, F|
|poke|p2|Gliscor, M|
|teampreview
|inactive|Battle timer is ON: inactive players will automatically lose when time's up. (requested by aervacox178)
|
|t:|1743888905
|start
|switch|p1a: Great Tusk|Great Tusk|100/100
|switch|p2a: Gliscor|Gliscor, M|100/100
|turn|1
|
|t:|1743888912
|move|p2a: Gliscor|Protect|p2a: Gliscor
|-singleturn|p2a: Gliscor|Protect
|move|p1a: Great Tusk|Ice Spinner|p2a: Gliscor
|-activate|p2a: Gliscor|move: Protect
|
|-status|p2a: Gliscor|tox|[from] item: Toxic Orb
|upkeep
|turn|2
|
|t:|1743888922
|move|p1a: Great Tusk|Headlong Rush|p2a: Gliscor
|-immune|p2a: Gliscor
|move|p2a: Gliscor|Knock Off|p1a: Great Tusk
|-resisted|p1a: Great Tusk
|-damage|p1a: Great Tusk|92/100
|-enditem|p1a: Great Tusk|Heavy-Duty Boots|[from] move: Knock Off|[of] p2a: Gliscor
|
|upkeep
|turn|3
|
|t:|1743888935
|move|p2a: Gliscor|Protect|p2a: Gliscor
|-singleturn|p2a: Gliscor|Protect
|move|p1a: Great Tusk|Ice Spinner|p2a: Gliscor
|-activate|p2a: Gliscor|move: Protect
|
|upkeep
|turn|4
|
|t:|1743888948
|switch|p2a: Torkoal|Torkoal, F|100/100
|-weather|SunnyDay|[from] ability: Drought|[of] p2a: Torkoal
|-activate|p1a: Great Tusk|ability: Protosynthesis
|-start|p1a: Great Tusk|protosynthesisatk
|move|p1a: Great Tusk|Ice Spinner|p2a: Torkoal
|-resisted|p2a: Torkoal
|-damage|p2a: Torkoal|90/100
|
|-weather|SunnyDay|[upkeep]
|upkeep
|turn|5
|
|t:|1743888960
|move|p1a: Great Tusk|Headlong Rush|p2a: Torkoal
|-supereffective|p2a: Torkoal
|-damage|p2a: Torkoal|0 fnt
|-unboost|p1a: Great Tusk|def|1
|-unboost|p1a: Great Tusk|spd|1
|faint|p2a: Torkoal
|
|-weather|SunnyDay|[upkeep]
|upkeep
|
|t:|1743888966
|switch|p2a: Walking Wake|Walking Wake|100/100
|-activate|p2a: Walking Wake|ability: Protosynthesis
|-start|p2a: Walking Wake|protosynthesisspe
|turn|6
|
|t:|1743888979
|-end|p1a: Great Tusk|Protosynthesis|[silent]
|switch|p1a: Hydrapple|Hydrapple, M|100/100
|move|p2a: Walking Wake|Dragon Pulse|p1a: Hydrapple
|-supereffective|p1a: Hydrapple
|-damage|p1a: Hydrapple|0 fnt
|faint|p1a: Hydrapple
|
|-weather|SunnyDay|[upkeep]
|upkeep
|
|t:|1743888984
|switch|p1a: Tinkaton|Tinkaton, F|100/100
|-ability|p1a: Tinkaton|Mold Breaker
|turn|7
|
|t:|1743889009
|move|p2a: Walking Wake|Flamethrower|p1a: Tinkaton
|-supereffective|p1a: Tinkaton
|-damage|p1a: Tinkaton|5/100
|move|p1a: Tinkaton|Stealth Rock|p2a: Walking Wake
|-sidestart|p2: aervacox178|move: Stealth Rock
|
|-weather|SunnyDay|[upkeep]
|-heal|p1a: Tinkaton|11/100|[from] item: Leftovers
|upkeep
|turn|8
|
|t:|1743889025
|switch|p1a: Rotom|Rotom-Wash|100/100
|move|p2a: Walking Wake|Hydro Steam|p1a: Rotom
|-resisted|p1a: Rotom
|-damage|p1a: Rotom|69/100
|
|-weather|SunnyDay|[upkeep]
|upkeep
|turn|9
|
|t:|1743889043
|move|p2a: Walking Wake|Hydro Steam|p1a: Rotom
|-resisted|p1a: Rotom
|-damage|p1a: Rotom|39/100
|move|p1a: Rotom|Pain Split|p2a: Walking Wake
|-sethp|p2a: Walking Wake|67/100|[from] move: Pain Split|[silent]
|-sethp|p1a: Rotom|77/100|[from] move: Pain Split
|
|-weather|SunnyDay|[upkeep]
|upkeep
|turn|10
|
|t:|1743889054
|move|p2a: Walking Wake|Dragon Pulse|p1a: Rotom
|-damage|p1a: Rotom|32/100
|move|p1a: Rotom|Volt Switch|p2a: Walking Wake
|-damage|p2a: Walking Wake|39/100
|
|t:|1743889078
|switch|p1a: Darkrai|Darkrai|100/100|[from] Volt Switch
|
|-weather|SunnyDay|[upkeep]
|upkeep
|turn|11
|
|t:|1743889087
|switch|p1a: Tinkaton|Tinkaton, F|11/100
|-ability|p1a: Tinkaton|Mold Breaker
|move|p2a: Walking Wake|Hydro Steam|p1a: Tinkaton
|-damage|p1a: Tinkaton|0 fnt
|faint|p1a: Tinkaton
|
|-weather|none
|-end|p2a: Walking Wake|Protosynthesis
|upkeep
|
|t:|1743889095
|switch|p1a: Darkrai|Darkrai|100/100
|turn|12
|
|t:|1743889111
|move|p1a: Darkrai|Nasty Plot|p1a: Darkrai
|-boost|p1a: Darkrai|spa|2
|move|p2a: Walking Wake|Dragon Pulse|p1a: Darkrai
|-damage|p1a: Darkrai|49/100
|
|-heal|p1a: Darkrai|55/100|[from] item: Leftovers
|upkeep
|turn|13
|
|t:|1743889120
|move|p1a: Darkrai|Dark Pulse|p2a: Walking Wake
|-damage|p2a: Walking Wake|0 fnt
|faint|p2a: Walking Wake
|-end|p2a: Walking Wake|Protosynthesis|[silent]
|
|-heal|p1a: Darkrai|61/100|[from] item: Leftovers
|upkeep
|
|t:|1743889124
|switch|p2a: Blissey|Blissey, F|100/100
|-damage|p2a: Blissey|88/100|[from] Stealth Rock
|turn|14
|
|t:|1743889129
|move|p1a: Darkrai|Thunder Wave|p2a: Blissey
|-status|p2a: Blissey|par
|move|p2a: Blissey|Seismic Toss|p1a: Darkrai
|-damage|p1a: Darkrai|25/100
|
|-heal|p1a: Darkrai|31/100|[from] item: Leftovers
|-heal|p2a: Blissey|94/100 par|[from] item: Leftovers
|upkeep
|turn|15
|
|t:|1743889139
|move|p1a: Darkrai|Dark Pulse|p2a: Blissey
|-damage|p2a: Blissey|67/100 par
|move|p2a: Blissey|Seismic Toss|p1a: Darkrai
|-damage|p1a: Darkrai|0 fnt
|faint|p1a: Darkrai
|
|-heal|p2a: Blissey|73/100 par|[from] item: Leftovers
|upkeep
|
|t:|1743889145
|switch|p1a: Great Tusk|Great Tusk|92/100
|turn|16
|
|t:|1743889151
|move|p1a: Great Tusk|Knock Off|p2a: Blissey
|-damage|p2a: Blissey|38/100 par
|-enditem|p2a: Blissey|Leftovers|[from] move: Knock Off|[of] p1a: Great Tusk
|cant|p2a: Blissey|par
|
|upkeep
|turn|17
|
|t:|1743889162
|move|p1a: Great Tusk|Ice Spinner|p2a: Blissey
|-damage|p2a: Blissey|7/100 par
|cant|p2a: Blissey|par
|
|upkeep
|turn|18
|
|t:|1743889170
|move|p1a: Great Tusk|Knock Off|p2a: Blissey
|-damage|p2a: Blissey|0 fnt
|faint|p2a: Blissey
|
|upkeep
|inactive|aervacox178 has 120 seconds left.
|
|t:|1743889209
|switch|p2a: Cinderace|Cinderace, F|100/100
|turn|19
|inactive|aervacox178 has 120 seconds left.
|
|t:|1743889214
|-end|p1a: Great Tusk|Protosynthesis|[silent]
|switch|p1a: Moltres|Moltres|100/100
|move|p2a: Cinderace|Pyro Ball|p1a: Moltres
|-resisted|p1a: Moltres
|-damage|p1a: Moltres|70/100
|
|upkeep
|turn|20
|
|t:|1743889228
|move|p2a: Cinderace|Court Change|p2a: Cinderace
|-start|p2a: Cinderace|typechange|Normal|[from] ability: Libero
|-swapsideconditions
|-activate|p2a: Cinderace|move: Court Change
|move|p1a: Moltres|Roost|p1a: Moltres
|-heal|p1a: Moltres|100/100
|-singleturn|p1a: Moltres|move: Roost
|
|upkeep
|turn|21
|inactive|aervacox178 has 120 seconds left.
|
|t:|1743889245
|move|p2a: Cinderace|Iron Head|p1a: Moltres
|-resisted|p1a: Moltres
|-damage|p1a: Moltres|89/100
|cant|p1a: Moltres|flinch
|
|upkeep
|turn|22
|inactive|aervacox178 has 120 seconds left.
|
|t:|1743889255
|move|p2a: Cinderace|Iron Head|p1a: Moltres
|-resisted|p1a: Moltres
|-damage|p1a: Moltres|76/100
|cant|p1a: Moltres|flinch
|
|upkeep
|turn|23
|
|t:|1743889264
|move|p2a: Cinderace|Iron Head|p1a: Moltres
|-resisted|p1a: Moltres
|-damage|p1a: Moltres|62/100
|move|p1a: Moltres|Roost|p1a: Moltres
|-heal|p1a: Moltres|100/100
|-singleturn|p1a: Moltres|move: Roost
|
|upkeep
|turn|24
|
|t:|1743889270
|move|p2a: Cinderace|Pyro Ball|p1a: Moltres
|-resisted|p1a: Moltres
|-damage|p1a: Moltres|82/100
|move|p1a: Moltres|Flamethrower|p2a: Cinderace
|-damage|p2a: Cinderace|47/100
|-status|p2a: Cinderace|brn
|
|-damage|p2a: Cinderace|41/100 brn|[from] brn
|upkeep
|turn|25
|
|t:|1743889287
|move|p2a: Cinderace|Iron Head|p1a: Moltres
|-resisted|p1a: Moltres
|-damage|p1a: Moltres|76/100
|move|p1a: Moltres|Roar|p2a: Cinderace
|drag|p2a: Gliscor|Gliscor, M|100/100 tox
|
|upkeep
|turn|26
|
|t:|1743889304
|move|p2a: Gliscor|Toxic|p1a: Moltres
|-status|p1a: Moltres|tox
|move|p1a: Moltres|Roost|p1a: Moltres
|-heal|p1a: Moltres|100/100 tox
|-singleturn|p1a: Moltres|move: Roost
|
|-damage|p1a: Moltres|94/100 tox|[from] psn
|upkeep
|turn|27
|
|t:|1743889312
|switch|p1a: Great Tusk|Great Tusk|92/100
|-damage|p1a: Great Tusk|89/100|[from] Stealth Rock
|move|p2a: Gliscor|Protect||[still]
|-fail|p2a: Gliscor
|
|upkeep
|turn|28
|
|t:|1743889322
|move|p1a: Great Tusk|Ice Spinner|p2a: Gliscor
|-supereffective|p2a: Gliscor
|-damage|p2a: Gliscor|32/100 tox
|move|p2a: Gliscor|Toxic|p1a: Great Tusk
|-status|p1a: Great Tusk|tox
|
|-damage|p1a: Great Tusk|83/100 tox|[from] psn
|-heal|p2a: Gliscor|45/100 tox|[from] ability: Poison Heal
|upkeep
|turn|29
|
|t:|1743889332
|move|p2a: Gliscor|Protect|p2a: Gliscor
|-singleturn|p2a: Gliscor|Protect
|move|p1a: Great Tusk|Rapid Spin|p2a: Gliscor
|-activate|p2a: Gliscor|move: Protect
|
|-damage|p1a: Great Tusk|70/100 tox|[from] psn
|-heal|p2a: Gliscor|57/100 tox|[from] ability: Poison Heal
|upkeep
|turn|30
|
|t:|1743889340
|switch|p2a: Cinderace|Cinderace, F|41/100 brn
|move|p1a: Great Tusk|Ice Spinner|p2a: Cinderace
|-resisted|p2a: Cinderace
|-damage|p2a: Cinderace|21/100 brn
|
|-damage|p1a: Great Tusk|52/100 tox|[from] psn
|-damage|p2a: Cinderace|15/100 brn|[from] brn
|upkeep
|turn|31
|
|t:|1743889346
|-end|p1a: Great Tusk|Protosynthesis|[silent]
|switch|p1a: Moltres|Moltres|94/100 tox
|move|p2a: Cinderace|Pyro Ball|p1a: Moltres
|-resisted|p1a: Moltres
|-damage|p1a: Moltres|81/100 tox
|
|-damage|p1a: Moltres|75/100 tox|[from] psn
|-damage|p2a: Cinderace|9/100 brn|[from] brn
|upkeep
|turn|32
|
|t:|1743889353
|move|p2a: Cinderace|Iron Head|p1a: Moltres
|-start|p2a: Cinderace|typechange|Steel|[from] ability: Libero
|-resisted|p1a: Moltres
|-damage|p1a: Moltres|66/100 tox
|move|p1a: Moltres|Roost|p1a: Moltres
|-heal|p1a: Moltres|100/100 tox
|-singleturn|p1a: Moltres|move: Roost
|
|-damage|p1a: Moltres|88/100 tox|[from] psn
|-damage|p2a: Cinderace|3/100 brn|[from] brn
|upkeep
|turn|33
|
|t:|1743889365
|switch|p1a: Rotom|Rotom-Wash|32/100
|-damage|p1a: Rotom|20/100|[from] Stealth Rock
|move|p2a: Cinderace|Pyro Ball|p1a: Rotom
|-resisted|p1a: Rotom
|-damage|p1a: Rotom|12/100
|
|-damage|p2a: Cinderace|0 fnt|[from] brn
|faint|p2a: Cinderace
|upkeep
|
|t:|1743889373
|switch|p2a: Darkrai|Darkrai|100/100
|turn|34
|
|t:|1743889391
|move|p2a: Darkrai|Nasty Plot|p2a: Darkrai
|-boost|p2a: Darkrai|spa|2
|move|p1a: Rotom|Pain Split|p2a: Darkrai
|-sethp|p2a: Darkrai|57/100|[from] move: Pain Split|[silent]
|-sethp|p1a: Rotom|53/100|[from] move: Pain Split
|
|upkeep
|turn|35
|
|t:|1743889398
|move|p2a: Darkrai|Dark Pulse|p1a: Rotom
|-damage|p1a: Rotom|0 fnt
|faint|p1a: Rotom
|
|upkeep
|
|t:|1743889401
|switch|p1a: Moltres|Moltres|88/100 tox
|turn|36
|
|t:|1743889416
|move|p2a: Darkrai|Dark Pulse|p1a: Moltres
|-damage|p1a: Moltres|29/100 tox
|move|p1a: Moltres|Flamethrower|p2a: Darkrai
|-damage|p2a: Darkrai|3/100
|-status|p2a: Darkrai|brn
|
|-damage|p1a: Moltres|23/100 tox|[from] psn
|-damage|p2a: Darkrai|0 fnt|[from] brn
|faint|p2a: Darkrai
|upkeep
|
|t:|1743889427
|switch|p2a: Gliscor|Gliscor, M|57/100 tox
|turn|37
|
|t:|1743889432
|move|p2a: Gliscor|Protect|p2a: Gliscor
|-singleturn|p2a: Gliscor|Protect
|move|p1a: Moltres|Roost|p1a: Moltres
|-heal|p1a: Moltres|73/100 tox
|-singleturn|p1a: Moltres|move: Roost
|
|-heal|p2a: Gliscor|69/100 tox|[from] ability: Poison Heal
|-damage|p1a: Moltres|61/100 tox|[from] psn
|upkeep
|turn|38
|
|t:|1743889440
|move|p2a: Gliscor|Knock Off|p1a: Moltres
|-damage|p1a: Moltres|37/100 tox
|-enditem|p1a: Moltres|Heavy-Duty Boots|[from] move: Knock Off|[of] p2a: Gliscor
|move|p1a: Moltres|Flamethrower|p2a: Gliscor
|-damage|p2a: Gliscor|24/100 tox
|
|-heal|p2a: Gliscor|36/100 tox|[from] ability: Poison Heal
|-damage|p1a: Moltres|18/100 tox|[from] psn
|upkeep
|turn|39
|
|t:|1743889451
|move|p2a: Gliscor|Knock Off|p1a: Moltres
|-damage|p1a: Moltres|2/100 tox
|move|p1a: Moltres|Roost|p1a: Moltres
|-heal|p1a: Moltres|52/100 tox
|-singleturn|p1a: Moltres|move: Roost
|
|-heal|p2a: Gliscor|49/100 tox|[from] ability: Poison Heal
|-damage|p1a: Moltres|27/100 tox|[from] psn
|upkeep
|turn|40
|
|t:|1743889462
|move|p2a: Gliscor|Protect|p2a: Gliscor
|-singleturn|p2a: Gliscor|Protect
|move|p1a: Moltres|Flamethrower|p2a: Gliscor
|-activate|p2a: Gliscor|move: Protect
|
|-heal|p2a: Gliscor|61/100 tox|[from] ability: Poison Heal
|-damage|p1a: Moltres|0 fnt|[from] psn
|faint|p1a: Moltres
|upkeep
|
|t:|1743889463
|switch|p1a: Great Tusk|Great Tusk|52/100 tox
|-damage|p1a: Great Tusk|49/100 tox|[from] Stealth Rock
|turn|41
|
|t:|1743889481
|move|p2a: Gliscor|Protect|p2a: Gliscor
|-singleturn|p2a: Gliscor|Protect
|move|p1a: Great Tusk|Ice Spinner|p2a: Gliscor
|-activate|p2a: Gliscor|move: Protect
|
|-damage|p1a: Great Tusk|43/100 tox|[from] psn
|-heal|p2a: Gliscor|73/100 tox|[from] ability: Poison Heal
|upkeep
|turn|42
|
|t:|1743889490
|move|p1a: Great Tusk|Ice Spinner|p2a: Gliscor
|-supereffective|p2a: Gliscor
|-damage|p2a: Gliscor|3/100 tox
|move|p2a: Gliscor|Earthquake|p1a: Great Tusk
|-damage|p1a: Great Tusk|15/100 tox
|
|-damage|p1a: Great Tusk|2/100 tox|[from] psn
|-heal|p2a: Gliscor|15/100 tox|[from] ability: Poison Heal
|upkeep
|turn|43
|-message|coinfliplol forfeited.
|
|win|aervacox178
|raw|coinfliplol's rating: 1249 &rarr; <strong>1228</strong><br />(-21 for losing)
|raw|aervacox178's rating: 1307 &rarr; <strong>1324</strong><br />(+17 for winning)
