|j|☆zywlj
|j|☆Quintesshou
|t:|1743919045
|gametype|singles
|player|p1|zywlj|riley|1128
|player|p2|Quintesshou|clerkf|1170
|teamsize|p1|6
|teamsize|p2|6
|gen|9
|tier|[Gen 9] OU
|rated|
|rule|HP Percentage Mod: HP is shown in percentages
|rule|Endless Battle Clause: Forcing endless battles is banned
|rule|Species Clause: Limit one of each Pokémon
|rule|OHKO Clause: OHKO moves are banned
|rule|Evasion Items Clause: Evasion items are banned
|rule|Evasion Moves Clause: Evasion moves are banned
|rule|Sleep Moves Clause: Sleep-inducing moves are banned
|clearpoke
|poke|p1|Chansey, F|
|poke|p1|Incineroar, M|
|poke|p1|Greninja-*, M|
|poke|p1|Cinderace, F|
|poke|p1|Meowscarada, F|
|poke|p1|Zamazenta-*|
|poke|p2|Ninetales-Alola, F|
|poke|p2|Frosmoth, F|
|poke|p2|Cetitan, F|
|poke|p2|Glaceon, F|
|poke|p2|Dewgong, F|
|poke|p2|Abomasnow, F|
|teampreview
|inactive|Battle timer is ON: inactive players will automatically lose when time's up. (requested by Quintesshou)
|
|t:|1743919057
|start
|switch|p1a: Cinderace|Cinderace, F|100/100
|switch|p2a: Shivver|Glaceon, F, shiny|100/100
|-item|p1a: Cinderace|Air Balloon
|turn|1
|
|t:|1743919067
|move|p1a: Cinderace|Pyro Ball|p2a: Shivver
|-supereffective|p2a: Shivver
|-damage|p2a: Shivver|0 fnt
|faint|p2a: Shivver
|
|upkeep
|
|t:|1743919078
|switch|p2a: Snowbelle|Ninetales-Alola, F, shiny|100/100
|-weather|Snowscape|[from] ability: Snow Warning|[of] p2a: Snowbelle
|turn|2
|
|t:|1743919082
|move|p1a: Cinderace|Pyro Ball|p2a: Snowbelle
|-supereffective|p2a: Snowbelle
|-damage|p2a: Snowbelle|0 fnt
|faint|p2a: Snowbelle
|
|-weather|Snowscape|[upkeep]
|upkeep
|
|t:|1743919089
|switch|p2a: Icebreaker|Cetitan, F, shiny|100/100
|turn|3
|
|t:|1743919093
|-terastallize|p2a: Icebreaker|Fire
|move|p2a: Icebreaker|Belly Drum|p2a: Icebreaker
|-damage|p2a: Icebreaker|50/100
|-setboost|p2a: Icebreaker|atk|6|[from] move: Belly Drum
|-enditem|p2a: Icebreaker|Sitrus Berry|[eat]
|-heal|p2a: Icebreaker|75/100|[from] item: Sitrus Berry
|move|p1a: Cinderace|Pyro Ball|p2a: Icebreaker
|-resisted|p2a: Icebreaker
|-damage|p2a: Icebreaker|47/100
|
|-weather|Snowscape|[upkeep]
|upkeep
|turn|4
|
|t:|1743919107
|move|p2a: Icebreaker|Knock Off|p1a: Cinderace
|-damage|p1a: Cinderace|0 fnt
|-enditem|p1a: Cinderace|Air Balloon
|faint|p1a: Cinderace
|
|-weather|Snowscape|[upkeep]
|upkeep
|
|t:|1743919122
|switch|p1a: Greninja|Greninja, M|100/100
|turn|5
|
|t:|1743919129
|move|p1a: Greninja|Water Shuriken|p2a: Icebreaker
|-supereffective|p2a: Icebreaker
|-damage|p2a: Icebreaker|34/100
|-supereffective|p2a: Icebreaker
|-damage|p2a: Icebreaker|20/100
|-supereffective|p2a: Icebreaker
|-damage|p2a: Icebreaker|7/100
|-supereffective|p2a: Icebreaker
|-damage|p2a: Icebreaker|0 fnt
|faint|p2a: Icebreaker
|-ability|p1a: Greninja|Battle Bond|boost
|-boost|p1a: Greninja|atk|1
|-boost|p1a: Greninja|spa|1
|-boost|p1a: Greninja|spe|1
|-activate|p1a: Greninja|ability: Battle Bond
|-hitcount|p2: Icebreaker|4
|
|-weather|Snowscape|[upkeep]
|upkeep
|
|t:|1743919143
|switch|p2a: Bubblefreeze|Dewgong, F, shiny|100/100
|turn|6
|
|t:|1743919152
|move|p1a: Greninja|Dark Pulse|p2a: Bubblefreeze
|-damage|p2a: Bubblefreeze|55/100
|move|p2a: Bubblefreeze|Whirlpool|p1a: Greninja|[miss]
|-miss|p2a: Bubblefreeze|p1a: Greninja
|
|-weather|Snowscape|[upkeep]
|-heal|p2a: Bubblefreeze|61/100|[from] ability: Ice Body
|upkeep
|turn|7
|
|t:|1743919162
|move|p1a: Greninja|U-turn|p2a: Bubblefreeze
|-damage|p2a: Bubblefreeze|46/100
|
|t:|1743919166
|switch|p1a: Incineroar|Incineroar, M|100/100|[from] U-turn
|-ability|p1a: Incineroar|Intimidate|boost
|-unboost|p2a: Bubblefreeze|atk|1
|move|p2a: Bubblefreeze|Whirlpool|p1a: Incineroar
|-supereffective|p1a: Incineroar
|-damage|p1a: Incineroar|83/100
|-activate|p1a: Incineroar|move: Whirlpool|[of] p2a: Bubblefreeze
|
|-weather|Snowscape|[upkeep]
|-heal|p2a: Bubblefreeze|53/100|[from] ability: Ice Body
|-damage|p1a: Incineroar|67/100|[from] move: Whirlpool|[partiallytrapped]
|upkeep
|turn|8
|
|t:|1743919178
|move|p2a: Bubblefreeze|Protect|p2a: Bubblefreeze
|-singleturn|p2a: Bubblefreeze|Protect
|move|p1a: Incineroar|Darkest Lariat|p2a: Bubblefreeze
|-activate|p2a: Bubblefreeze|move: Protect
|
|-weather|Snowscape|[upkeep]
|-heal|p2a: Bubblefreeze|59/100|[from] ability: Ice Body
|-damage|p1a: Incineroar|50/100|[from] move: Whirlpool|[partiallytrapped]
|upkeep
|-enditem|p1a: Incineroar|Sitrus Berry|[eat]
|-heal|p1a: Incineroar|75/100|[from] item: Sitrus Berry
|turn|9
|
|t:|1743919188
|move|p2a: Bubblefreeze|Disable|p1a: Incineroar
|-start|p1a: Incineroar|Disable|Darkest Lariat
|move|p1a: Incineroar|Will-O-Wisp|p2a: Bubblefreeze
|-status|p2a: Bubblefreeze|brn
|
|-weather|none
|-damage|p2a: Bubblefreeze|53/100 brn|[from] brn
|-damage|p1a: Incineroar|59/100|[from] move: Whirlpool|[partiallytrapped]
|upkeep
|turn|10
|
|t:|1743919197
|move|p2a: Bubblefreeze|Encore|p1a: Incineroar
|-start|p1a: Incineroar|Encore
|move|p1a: Incineroar|Will-O-Wisp|p2a: Bubblefreeze
|-fail|p2a: Bubblefreeze|brn
|
|-damage|p2a: Bubblefreeze|46/100 brn|[from] brn
|-damage|p1a: Incineroar|42/100|[from] move: Whirlpool|[partiallytrapped]
|upkeep
|turn|11
|
|t:|1743919205
|move|p2a: Bubblefreeze|Whirlpool|p1a: Incineroar
|-supereffective|p1a: Incineroar
|-damage|p1a: Incineroar|25/100
|move|p1a: Incineroar|Will-O-Wisp|p2a: Bubblefreeze
|-fail|p2a: Bubblefreeze|brn
|
|-damage|p2a: Bubblefreeze|40/100 brn|[from] brn
|-end|p1a: Incineroar|Whirlpool|[partiallytrapped]
|upkeep
|turn|12
|
|t:|1743919213
|move|p2a: Bubblefreeze|Whirlpool|p1a: Incineroar
|-supereffective|p1a: Incineroar
|-damage|p1a: Incineroar|8/100
|-activate|p1a: Incineroar|move: Whirlpool|[of] p2a: Bubblefreeze
|move|p1a: Incineroar|Will-O-Wisp|p2a: Bubblefreeze
|-fail|p2a: Bubblefreeze|brn
|
|-damage|p2a: Bubblefreeze|34/100 brn|[from] brn
|-damage|p1a: Incineroar|0 fnt|[from] move: Whirlpool|[partiallytrapped]
|faint|p1a: Incineroar
|upkeep
|
|t:|1743919217
|switch|p1a: Meowscarada|Meowscarada, F|100/100
|turn|13
|
|t:|1743919227
|move|p2a: Bubblefreeze|Protect|p2a: Bubblefreeze
|-singleturn|p2a: Bubblefreeze|Protect
|move|p1a: Meowscarada|Brick Break|p2a: Bubblefreeze
|-start|p1a: Meowscarada|typechange|Fighting|[from] ability: Protean
|-activate|p2a: Bubblefreeze|move: Protect
|
|-damage|p2a: Bubblefreeze|28/100 brn|[from] brn
|upkeep
|turn|14
|
|t:|1743919237
|move|p1a: Meowscarada|Brick Break|p2a: Bubblefreeze
|-supereffective|p2a: Bubblefreeze
|-damage|p2a: Bubblefreeze|0 fnt
|faint|p2a: Bubblefreeze
|-damage|p1a: Meowscarada|91/100|[from] item: Life Orb
|
|upkeep
|
|t:|1743919251
|switch|p2a: SnowMommy|Abomasnow, F, shiny|100/100
|-weather|Snowscape|[from] ability: Snow Warning|[of] p2a: SnowMommy
|turn|15
|
|t:|1743919261
|move|p1a: Meowscarada|Brick Break|p2a: SnowMommy
|-supereffective|p2a: SnowMommy
|-damage|p2a: SnowMommy|34/100
|-damage|p1a: Meowscarada|81/100|[from] item: Life Orb
|move|p2a: SnowMommy|Avalanche|p1a: Meowscarada
|-crit|p1a: Meowscarada
|-damage|p1a: Meowscarada|0 fnt
|faint|p1a: Meowscarada
|
|-weather|Snowscape|[upkeep]
|upkeep
|
|t:|1743919267
|switch|p1a: Zamazenta|Zamazenta|100/100
|-ability|p1a: Zamazenta|Dauntless Shield|boost
|-boost|p1a: Zamazenta|def|1
|turn|16
|
|t:|1743919282
|move|p1a: Zamazenta|Iron Defense|p1a: Zamazenta
|-boost|p1a: Zamazenta|def|2
|move|p2a: SnowMommy|Wood Hammer|p1a: Zamazenta
|-damage|p1a: Zamazenta|86/100
|-damage|p2a: SnowMommy|29/100|[from] Recoil
|
|-weather|Snowscape|[upkeep]
|-heal|p1a: Zamazenta|92/100|[from] item: Leftovers
|upkeep
|turn|17
|
|t:|1743919291
|move|p1a: Zamazenta|Body Press|p2a: SnowMommy
|-supereffective|p2a: SnowMommy
|-damage|p2a: SnowMommy|0 fnt
|faint|p2a: SnowMommy
|
|-weather|Snowscape|[upkeep]
|-heal|p1a: Zamazenta|99/100|[from] item: Leftovers
|upkeep
|
|t:|1743919297
|switch|p2a: Frostora|Frosmoth, F, shiny|100/100
|turn|18
|
|t:|1743919300
|move|p1a: Zamazenta|Body Press|p2a: Frostora
|-damage|p2a: Frostora|4/100
|move|p2a: Frostora|Quiver Dance|p2a: Frostora
|-boost|p2a: Frostora|spa|1
|-boost|p2a: Frostora|spd|1
|-boost|p2a: Frostora|spe|1
|
|-weather|Snowscape|[upkeep]
|-heal|p1a: Zamazenta|100/100|[from] item: Leftovers
|upkeep
|turn|19
|
|t:|1743919309
|switch|p1a: Chansey|Chansey, F|100/100
|move|p2a: Frostora|Bug Buzz|p1a: Chansey
|-damage|p1a: Chansey|85/100
|
|-weather|Snowscape|[upkeep]
|upkeep
|turn|20
|-message|Quintesshou forfeited.
|
|win|zywlj
|raw|zywlj's rating: 1128 &rarr; <strong>1156</strong><br />(+28 for winning)
|raw|Quintesshou's rating: 1170 &rarr; <strong>1142</strong><br />(-28 for losing)
|l|☆Quintesshou
|player|p2|
|l|☆zywlj
|player|p1|
