|j|☆alanlamente
|j|☆elkoki69
|t:|1743904324
|gametype|singles
|player|p1|alanlamente|266|
|player|p2|elkoki69|ethan|
|teamsize|p1|6
|teamsize|p2|6
|gen|9
|tier|[Gen 9] OU
|rule|HP Percentage Mod: HP is shown in percentages
|rule|Endless Battle Clause: Forcing endless battles is banned
|rule|Species Clause: Limit one of each Pokémon
|rule|OHKO Clause: OHKO moves are banned
|rule|Evasion Items Clause: Evasion items are banned
|rule|Evasion Moves Clause: Evasion moves are banned
|rule|Sleep Moves Clause: Sleep-inducing moves are banned
|clearpoke
|poke|p1|Lanturn, F|
|poke|p1|Metagross|
|poke|p1|Serperior, F|
|poke|p1|Gengar, M|
|poke|p1|Bisharp, F|
|poke|p1|Dragapult, F|
|poke|p2|Garchomp, F|
|poke|p2|Gallade, M|
|poke|p2|Skeledirge, F|
|poke|p2|Braviary, M|
|poke|p2|Iron Thorns|
|poke|p2|Typhlosion-Hisui, F|
|teampreview
|
|t:|1743904338
|start
|switch|p1a: Cami|Gengar, M|100/100
|switch|p2a: Typhlosion|Typhlosion-Hisui, F|100/100
|turn|1
|
|t:|1743904348
|move|p1a: Cami|Toxic Spikes|p2a: Typhlosion
|-sidestart|p2: elkoki69|move: Toxic Spikes
|move|p2a: Typhlosion|Fire Blast|p1a: Cami
|-damage|p1a: Cami|34/100
|-start|p2a: Typhlosion|Disable|Fire Blast|[from] ability: Cursed Body|[of] p1a: Cami
|
|-heal|p1a: Cami|40/100|[from] item: Leftovers
|upkeep
|turn|2
|
|t:|1743904376
|switch|p1a: Dragapult|Dragapult, F|100/100
|move|p2a: Typhlosion|Eruption|p1a: Dragapult
|-resisted|p1a: Dragapult
|-crit|p1a: Dragapult
|-damage|p1a: Dragapult|40/100
|
|-heal|p1a: Dragapult|46/100|[from] item: Leftovers
|upkeep
|turn|3
|
|t:|1743904389
|move|p1a: Dragapult|Hydro Pump|p2a: Typhlosion|[miss]
|-miss|p1a: Dragapult|p2a: Typhlosion
|move|p2a: Typhlosion|Infernal Parade|p1a: Dragapult
|-supereffective|p1a: Dragapult
|-damage|p1a: Dragapult|0 fnt
|faint|p1a: Dragapult
|
|upkeep
|
|t:|1743904398
|switch|p1a: Fabiola|Lanturn, F|100/100
|turn|4
|
|t:|1743904406
|move|p2a: Typhlosion|Infernal Parade|p1a: Fabiola
|-damage|p1a: Fabiola|74/100
|move|p1a: Fabiola|Liquidation|p2a: Typhlosion
|-supereffective|p2a: Typhlosion
|-damage|p2a: Typhlosion|50/100
|
|-heal|p1a: Fabiola|81/100|[from] item: Leftovers
|-end|p2a: Typhlosion|Disable
|upkeep
|turn|5
|
|t:|1743904417
|move|p2a: Typhlosion|Shadow Ball|p1a: Fabiola
|-damage|p1a: Fabiola|48/100
|move|p1a: Fabiola|Flip Turn|p2a: Typhlosion
|-supereffective|p2a: Typhlosion
|-damage|p2a: Typhlosion|17/100
|
|t:|1743904435
|switch|p1a: Cami|Gengar, M|40/100|[from] Flip Turn
|
|-heal|p1a: Cami|46/100|[from] item: Leftovers
|upkeep
|turn|6
|
|t:|1743904444
|switch|p1a: Fabiola|Lanturn, F|48/100
|move|p2a: Typhlosion|Fire Blast|p1a: Fabiola
|-resisted|p1a: Fabiola
|-damage|p1a: Fabiola|10/100
|
|-heal|p1a: Fabiola|16/100|[from] item: Leftovers
|upkeep
|turn|7
|
|t:|1743904462
|move|p2a: Typhlosion|Fire Blast|p1a: Fabiola
|-resisted|p1a: Fabiola
|-damage|p1a: Fabiola|0 fnt
|faint|p1a: Fabiola
|
|upkeep
|
|t:|1743904483
|switch|p1a: Orianny|Metagross|100/100
|turn|8
|
|t:|1743904488
|move|p2a: Typhlosion|Eruption|p1a: Orianny
|-supereffective|p1a: Orianny
|-damage|p1a: Orianny|68/100
|move|p1a: Orianny|Earthquake|p2a: Typhlosion
|-supereffective|p2a: Typhlosion
|-damage|p2a: Typhlosion|0 fnt
|faint|p2a: Typhlosion
|
|upkeep
|
|t:|1743904500
|switch|p2a: Garchomp|Garchomp, F|100/100
|-status|p2a: Garchomp|psn
|turn|9
|
|t:|1743904511
|move|p2a: Garchomp|Earthquake|p1a: Orianny
|-supereffective|p1a: Orianny
|-damage|p1a: Orianny|0 fnt
|faint|p1a: Orianny
|
|-damage|p2a: Garchomp|88/100 psn|[from] psn
|upkeep
|
|t:|1743904519
|switch|p1a: Fabiolaporculebra|Serperior, F|100/100
|turn|10
|
|t:|1743904523
|move|p2a: Garchomp|Fire Fang|p1a: Fabiolaporculebra
|-supereffective|p1a: Fabiolaporculebra
|-damage|p1a: Fabiolaporculebra|58/100
|move|p1a: Fabiolaporculebra|Giga Drain|p2a: Garchomp
|-damage|p2a: Garchomp|66/100 psn
|-heal|p1a: Fabiolaporculebra|71/100|[from] drain|[of] p2a: Garchomp
|
|-heal|p1a: Fabiolaporculebra|77/100|[from] item: Leftovers
|-damage|p2a: Garchomp|54/100 psn|[from] psn
|upkeep
|turn|11
|
|t:|1743904538
|move|p2a: Garchomp|Fire Fang|p1a: Fabiolaporculebra
|-supereffective|p1a: Fabiolaporculebra
|-damage|p1a: Fabiolaporculebra|31/100
|cant|p1a: Fabiolaporculebra|flinch
|
|-heal|p1a: Fabiolaporculebra|38/100|[from] item: Leftovers
|-damage|p2a: Garchomp|41/100 psn|[from] psn
|upkeep
|turn|12
|
|t:|1743904554
|-terastallize|p1a: Fabiolaporculebra|Grass
|move|p2a: Garchomp|Fire Fang|p1a: Fabiolaporculebra
|-supereffective|p1a: Fabiolaporculebra
|-damage|p1a: Fabiolaporculebra|0 fnt
|faint|p1a: Fabiolaporculebra
|
|-damage|p2a: Garchomp|29/100 psn|[from] psn
|upkeep
|
|t:|1743904564
|switch|p1a: Bisharp|Bisharp, F|100/100
|turn|13
|
|t:|1743904570
|move|p2a: Garchomp|Fire Fang|p1a: Bisharp
|-supereffective|p1a: Bisharp
|-damage|p1a: Bisharp|54/100
|move|p1a: Bisharp|Grass Knot|p2a: Garchomp
|-damage|p2a: Garchomp|16/100 psn
|-damage|p1a: Bisharp|41/100|[from] ability: Rough Skin|[of] p2a: Garchomp
|
|-damage|p2a: Garchomp|3/100 psn|[from] psn
|upkeep
|turn|14
|
|t:|1743904582
|move|p2a: Garchomp|Earthquake|p1a: Bisharp
|-supereffective|p1a: Bisharp
|-damage|p1a: Bisharp|0 fnt
|faint|p1a: Bisharp
|
|-damage|p2a: Garchomp|0 fnt|[from] psn
|faint|p2a: Garchomp
|upkeep
|
|t:|1743904591
|switch|p2a: Iron Thorns|Iron Thorns|100/100
|switch|p1a: Cami|Gengar, M|46/100
|-status|p2a: Iron Thorns|psn
|turn|15
|
|t:|1743904604
|move|p1a: Cami|Energy Ball|p2a: Iron Thorns
|-supereffective|p2a: Iron Thorns
|-damage|p2a: Iron Thorns|47/100 psn
|move|p2a: Iron Thorns|Supercell Slam|p1a: Cami
|-damage|p1a: Cami|0 fnt
|-start|p2a: Iron Thorns|Disable|Supercell Slam|[from] ability: Cursed Body|[of] p1a: Cami
|faint|p1a: Cami
|
|win|elkoki69
