|j|☆1lamafarmer
|j|☆Sketch Hero
|t:|1743793883
|gametype|singles
|player|p1|1lamafarmer|265|1385
|player|p2|Sketch Hero|acetrainer-gen4dp|1404
|teamsize|p1|6
|teamsize|p2|6
|gen|9
|tier|[Gen 9] OU
|rated|
|rule|HP Percentage Mod: HP is shown in percentages
|rule|Endless Battle Clause: Forcing endless battles is banned
|rule|Species Clause: Limit one of each Pokémon
|rule|OHKO Clause: OHKO moves are banned
|rule|Evasion Items Clause: Evasion items are banned
|rule|Evasion Moves Clause: Evasion moves are banned
|rule|Sleep Moves Clause: Sleep-inducing moves are banned
|clearpoke
|poke|p1|Darkrai|
|poke|p1|Great Tusk|
|poke|p1|Ogerpon-Wellspring, F|
|poke|p1|Gholdengo|
|poke|p1|Dragonite, M|
|poke|p1|Ting-Lu|
|poke|p2|Galvantula, F|
|poke|p2|Gholdengo|
|poke|p2|Walking Wake|
|poke|p2|Kingambit, M|
|poke|p2|Great Tusk|
|poke|p2|Zamazenta-*|
|teampreview
|c|☆Sketch Hero|glhf
|c|☆1lamafarmer|u2
|
|t:|1743793931
|start
|switch|p1a: Ting-Lu|Ting-Lu|100/100
|switch|p2a: Zappy Boi|Galvantula, F|100/100
|-ability|p1a: Ting-Lu|Vessel of Ruin
|turn|1
|
|t:|1743793945
|move|p2a: Zappy Boi|Sticky Web|p1a: Ting-Lu
|-sidestart|p1: 1lamafarmer|move: Sticky Web
|move|p1a: Ting-Lu|Ruination|p2a: Zappy Boi
|-damage|p2a: Zappy Boi|51/100
|
|upkeep
|turn|2
|
|t:|1743793951
|move|p2a: Zappy Boi|Bug Buzz|p1a: Ting-Lu
|-supereffective|p1a: Ting-Lu
|-damage|p1a: Ting-Lu|70/100
|move|p1a: Ting-Lu|Spikes|p2a: Zappy Boi
|-sidestart|p2: Sketch Hero|Spikes
|
|-heal|p1a: Ting-Lu|76/100|[from] item: Leftovers
|upkeep
|turn|3
|
|t:|1743793960
|move|p2a: Zappy Boi|Bug Buzz|p1a: Ting-Lu
|-supereffective|p1a: Ting-Lu
|-damage|p1a: Ting-Lu|42/100
|move|p1a: Ting-Lu|Earthquake|p2a: Zappy Boi
|-damage|p2a: Zappy Boi|0 fnt
|faint|p2a: Zappy Boi
|
|-heal|p1a: Ting-Lu|48/100|[from] item: Leftovers
|upkeep
|
|t:|1743793968
|switch|p2a: Great Tusk|Great Tusk|100/100
|-damage|p2a: Great Tusk|88/100|[from] Spikes
|-enditem|p2a: Great Tusk|Booster Energy
|-activate|p2a: Great Tusk|ability: Protosynthesis|[fromitem]
|-start|p2a: Great Tusk|protosynthesisspe
|turn|4
|
|t:|1743793977
|switch|p1a: Gholdengo|Gholdengo|100/100
|-item|p1a: Gholdengo|Air Balloon
|move|p2a: Great Tusk|Close Combat|p1a: Gholdengo
|-immune|p1a: Gholdengo
|
|upkeep
|turn|5
|
|t:|1743793989
|move|p2a: Great Tusk|Knock Off|p1a: Gholdengo
|-supereffective|p1a: Gholdengo
|-crit|p1a: Gholdengo
|-damage|p1a: Gholdengo|41/100
|-enditem|p1a: Gholdengo|Air Balloon
|move|p1a: Gholdengo|Dazzling Gleam|p2a: Great Tusk
|-supereffective|p2a: Great Tusk
|-damage|p2a: Great Tusk|41/100
|
|upkeep
|turn|6
|
|t:|1743794012
|switch|p1a: Great Tusk|Great Tusk|100/100
|move|p2a: Great Tusk|Knock Off|p1a: Great Tusk
|-resisted|p1a: Great Tusk
|-damage|p1a: Great Tusk|91/100
|-enditem|p1a: Great Tusk|Heavy-Duty Boots|[from] move: Knock Off|[of] p2a: Great Tusk
|
|upkeep
|turn|7
|
|t:|1743794019
|move|p2a: Great Tusk|Rapid Spin|p1a: Great Tusk
|-damage|p1a: Great Tusk|81/100
|-boost|p2a: Great Tusk|spe|1
|-sideend|p2: Sketch Hero|Spikes|[from] move: Rapid Spin|[of] p2a: Great Tusk
|move|p1a: Great Tusk|Rapid Spin|p2a: Great Tusk
|-damage|p2a: Great Tusk|29/100
|-boost|p1a: Great Tusk|spe|1
|-sideend|p1: 1lamafarmer|Sticky Web|[from] move: Rapid Spin|[of] p1a: Great Tusk
|
|upkeep
|turn|8
|
|t:|1743794039
|move|p2a: Great Tusk|Headlong Rush|p1a: Great Tusk
|-damage|p1a: Great Tusk|43/100
|-unboost|p2a: Great Tusk|def|1
|-unboost|p2a: Great Tusk|spd|1
|move|p1a: Great Tusk|Headlong Rush|p2a: Great Tusk
|-damage|p2a: Great Tusk|0 fnt
|-unboost|p1a: Great Tusk|def|1
|-unboost|p1a: Great Tusk|spd|1
|faint|p2a: Great Tusk
|-end|p2a: Great Tusk|Protosynthesis|[silent]
|
|upkeep
|
|t:|1743794049
|switch|p2a: Funny Dog|Walking Wake|100/100
|turn|9
|
|t:|1743794069
|move|p1a: Great Tusk|Headlong Rush|p2a: Funny Dog
|-damage|p2a: Funny Dog|32/100
|-unboost|p1a: Great Tusk|def|1
|-unboost|p1a: Great Tusk|spd|1
|move|p2a: Funny Dog|Hydro Pump|p1a: Great Tusk
|-supereffective|p1a: Great Tusk
|-damage|p1a: Great Tusk|0 fnt
|faint|p1a: Great Tusk
|-end|p1a: Great Tusk|Protosynthesis|[silent]
|
|upkeep
|
|t:|1743794096
|switch|p1a: Darkrai|Darkrai|100/100
|turn|10
|
|t:|1743794116
|-end|p2a: Funny Dog|Protosynthesis|[silent]
|switch|p2a: Big Cheese|Gholdengo|100/100
|-item|p2a: Big Cheese|Air Balloon
|move|p1a: Darkrai|Dark Pulse|p2a: Big Cheese
|-supereffective|p2a: Big Cheese
|-damage|p2a: Big Cheese|24/100
|-enditem|p2a: Big Cheese|Air Balloon
|
|upkeep
|turn|11
|
|t:|1743794132
|move|p1a: Darkrai|Dark Pulse|p2a: Big Cheese
|-supereffective|p2a: Big Cheese
|-damage|p2a: Big Cheese|0 fnt
|faint|p2a: Big Cheese
|
|upkeep
|
|t:|1743794142
|switch|p2a: Zamazenta|Zamazenta|100/100
|-ability|p2a: Zamazenta|Dauntless Shield|boost
|-boost|p2a: Zamazenta|def|1
|turn|12
|
|t:|1743794184
|switch|p1a: Dragonite|Dragonite, M|100/100
|move|p2a: Zamazenta|Body Press|p1a: Dragonite
|-resisted|p1a: Dragonite
|-damage|p1a: Dragonite|87/100
|
|upkeep
|turn|13
|
|t:|1743794191
|move|p2a: Zamazenta|Substitute|p2a: Zamazenta
|-start|p2a: Zamazenta|Substitute
|-damage|p2a: Zamazenta|76/100
|move|p1a: Dragonite|Dragon Tail|p2a: Zamazenta
|-activate|p2a: Zamazenta|move: Substitute|[damage]
|
|-heal|p2a: Zamazenta|82/100|[from] item: Leftovers
|upkeep
|turn|14
|
|t:|1743794204
|move|p2a: Zamazenta|Crunch|p1a: Dragonite
|-damage|p1a: Dragonite|66/100
|-unboost|p1a: Dragonite|def|1
|move|p1a: Dragonite|Dragon Tail|p2a: Zamazenta|[miss]
|-miss|p1a: Dragonite|p2a: Zamazenta
|
|-heal|p2a: Zamazenta|88/100|[from] item: Leftovers
|upkeep
|turn|15
|c|☆1lamafarmer|a great turn
|
|t:|1743794226
|move|p2a: Zamazenta|Crunch|p1a: Dragonite
|-damage|p1a: Dragonite|38/100
|move|p1a: Dragonite|Roost|p1a: Dragonite
|-heal|p1a: Dragonite|88/100
|-singleturn|p1a: Dragonite|move: Roost
|
|-heal|p2a: Zamazenta|94/100|[from] item: Leftovers
|upkeep
|turn|16
|
|t:|1743794236
|move|p2a: Zamazenta|Iron Defense|p2a: Zamazenta
|-boost|p2a: Zamazenta|def|2
|move|p1a: Dragonite|Dragon Tail|p2a: Zamazenta
|-end|p2a: Zamazenta|Substitute
|
|-heal|p2a: Zamazenta|99/100|[from] item: Leftovers
|upkeep
|turn|17
|c|☆1lamafarmer|oh cool it doesn't even bounce when you fade the sub
|c|☆1lamafarmer|rip
|
|t:|1743794264
|switch|p1a: Gholdengo|Gholdengo|41/100
|move|p2a: Zamazenta|Substitute|p2a: Zamazenta
|-start|p2a: Zamazenta|Substitute
|-damage|p2a: Zamazenta|75/100
|
|-heal|p2a: Zamazenta|81/100|[from] item: Leftovers
|upkeep
|turn|18
|
|t:|1743794280
|-terastallize|p1a: Gholdengo|Fairy
|move|p2a: Zamazenta|Iron Defense|p2a: Zamazenta
|-boost|p2a: Zamazenta|def|2
|move|p1a: Gholdengo|Nasty Plot|p1a: Gholdengo
|-boost|p1a: Gholdengo|spa|2
|
|-heal|p2a: Zamazenta|87/100|[from] item: Leftovers
|upkeep
|turn|19
|
|t:|1743794290
|move|p2a: Zamazenta|Body Press|p1a: Gholdengo
|-resisted|p1a: Gholdengo
|-damage|p1a: Gholdengo|0 fnt
|faint|p1a: Gholdengo
|
|-heal|p2a: Zamazenta|93/100|[from] item: Leftovers
|upkeep
|c|☆1lamafarmer|whoops
|
|t:|1743794301
|switch|p1a: Ting-Lu|Ting-Lu|48/100
|-ability|p1a: Ting-Lu|Vessel of Ruin
|turn|20
|
|t:|1743794305
|move|p2a: Zamazenta|Body Press|p1a: Ting-Lu
|-supereffective|p1a: Ting-Lu
|-damage|p1a: Ting-Lu|0 fnt
|faint|p1a: Ting-Lu
|
|-heal|p2a: Zamazenta|99/100|[from] item: Leftovers
|upkeep
|-message|1lamafarmer forfeited.
|
|win|Sketch Hero
|raw|1lamafarmer's rating: 1385 &rarr; <strong>1366</strong><br />(-19 for losing)
|raw|Sketch Hero's rating: 1404 &rarr; <strong>1423</strong><br />(+19 for winning)
|l|☆1lamafarmer
|player|p1|
|l|☆Sketch Hero
|player|p2|
