|j|☆Rabzzz
|j|☆clail
|t:|1743791613
|gametype|singles
|player|p1|Rabzzz|101|1763
|player|p2|clail|266|1649
|teamsize|p1|6
|teamsize|p2|6
|gen|9
|tier|[Gen 9] OU
|rated|
|rule|HP Percentage Mod: HP is shown in percentages
|rule|Endless Battle Clause: Forcing endless battles is banned
|rule|Species Clause: Limit one of each Pokémon
|rule|OHKO Clause: OHKO moves are banned
|rule|Evasion Items Clause: Evasion items are banned
|rule|Evasion Moves Clause: Evasion moves are banned
|rule|Sleep Moves Clause: Sleep-inducing moves are banned
|clearpoke
|poke|p1|Tinkaton, F|
|poke|p1|Moltres|
|poke|p1|Ting-Lu|
|poke|p1|Gholdengo|
|poke|p1|Weavile, F|
|poke|p1|Raging Bolt|
|poke|p2|Ceruledge, M|
|poke|p2|Gholdengo|
|poke|p2|Ribombee, F|
|poke|p2|Great Tusk|
|poke|p2|Ogerpon-Wellspring, F|
|poke|p2|Glimmora, M|
|teampreview
|j| ShaqFromBasketball
|j| m0chaman_829
|
|t:|1743791648
|start
|switch|p1a: Tinkaton|Tinkaton, F|100/100
|switch|p2a: Ribombee|Ribombee, F|100/100
|-item|p1a: Tinkaton|Air Balloon
|turn|1
|
|t:|1743791665
|move|p2a: Ribombee|Stun Spore|p1a: Tinkaton|[miss]
|-miss|p2a: Ribombee|p1a: Tinkaton
|move|p1a: Tinkaton|Gigaton Hammer|p2a: Ribombee
|-supereffective|p2a: Ribombee
|-enditem|p2a: Ribombee|Focus Sash
|-damage|p2a: Ribombee|1/100
|
|upkeep
|turn|2
|
|t:|1743791673
|move|p2a: Ribombee|Sticky Web|p1a: Tinkaton
|-sidestart|p1: Rabzzz|move: Sticky Web
|move|p1a: Tinkaton|Knock Off|p2a: Ribombee
|-resisted|p2a: Ribombee
|-damage|p2a: Ribombee|0 fnt
|faint|p2a: Ribombee
|
|upkeep
|
|t:|1743791679
|switch|p2a: Ogerpon|Ogerpon-Wellspring, F|100/100
|turn|3
|
|t:|1743791696
|move|p2a: Ogerpon|Encore|p1a: Tinkaton
|-start|p1a: Tinkaton|Encore
|move|p1a: Tinkaton|Knock Off|p2a: Ogerpon
|-damage|p2a: Ogerpon|86/100
|
|upkeep
|turn|4
|
|t:|1743791703
|switch|p1a: Raging Bolt|Raging Bolt|100/100
|move|p2a: Ogerpon|Ivy Cudgel|p1a: Raging Bolt|[anim] Ivy Cudgel Water
|-resisted|p1a: Raging Bolt
|-damage|p1a: Raging Bolt|72/100
|
|upkeep
|turn|5
|
|t:|1743791712
|move|p2a: Ogerpon|U-turn|p1a: Raging Bolt
|-damage|p1a: Raging Bolt|48/100
|
|t:|1743791714
|switch|p2a: Great Tusk|Great Tusk|100/100|[from] U-turn
|move|p1a: Raging Bolt|Dragon Pulse|p2a: Great Tusk
|-crit|p2a: Great Tusk
|-damage|p2a: Great Tusk|0 fnt
|faint|p2a: Great Tusk
|-end|p2a: Great Tusk|Protosynthesis|[silent]
|
|upkeep
|
|t:|1743791717
|switch|p2a: Glimmora|Glimmora, M|100/100
|turn|6
|c|☆Rabzzz|srry
|
|t:|1743791727
|-end|p1a: Raging Bolt|Protosynthesis|[silent]
|switch|p1a: Ting-Lu|Ting-Lu|100/100
|-activate|p1a: Ting-Lu|move: Sticky Web
|-unboost|p1a: Ting-Lu|spe|1
|-ability|p1a: Ting-Lu|Vessel of Ruin
|move|p2a: Glimmora|Meteor Beam||[still]
|-prepare|p2a: Glimmora|Meteor Beam
|-boost|p2a: Glimmora|spa|1
|-enditem|p2a: Glimmora|Power Herb
|-anim|p2a: Glimmora|Meteor Beam|p1a: Ting-Lu
|-resisted|p1a: Ting-Lu
|-damage|p1a: Ting-Lu|83/100
|
|-heal|p1a: Ting-Lu|89/100|[from] item: Leftovers
|upkeep
|turn|7
|l| m0chaman_829
|
|t:|1743791733
|switch|p2a: Ogerpon|Ogerpon-Wellspring, F|86/100
|move|p1a: Ting-Lu|Whirlwind|p2a: Ogerpon
|drag|p2a: Gholdengo|Gholdengo|100/100
|-item|p2a: Gholdengo|Air Balloon
|
|-heal|p1a: Ting-Lu|95/100|[from] item: Leftovers
|upkeep
|turn|8
|
|t:|1743791741
|move|p2a: Gholdengo|Nasty Plot|p2a: Gholdengo
|-boost|p2a: Gholdengo|spa|2
|move|p1a: Ting-Lu|Ruination|p2a: Gholdengo
|-damage|p2a: Gholdengo|51/100
|-enditem|p2a: Gholdengo|Air Balloon
|
|-heal|p1a: Ting-Lu|100/100|[from] item: Leftovers
|upkeep
|turn|9
|-message|clail forfeited.
|
|win|Rabzzz
|raw|Rabzzz's rating: 1763 &rarr; <strong>1777</strong><br />(+14 for winning)
|raw|clail's rating: 1649 &rarr; <strong>1635</strong><br />(-14 for losing)
|l|☆clail
|player|p2|
|l|☆Rabzzz
|player|p1|
