|j|☆Lucwasz
|j|☆ProteinMan11
|t:|1743885626
|gametype|singles
|player|p1|Lucwasz|1|1633
|player|p2|ProteinMan11|hiker-gen4|1681
|teamsize|p1|6
|teamsize|p2|6
|gen|9
|tier|[Gen 9] OU
|rated|
|rule|HP Percentage Mod: HP is shown in percentages
|rule|Endless Battle Clause: Forcing endless battles is banned
|rule|Species Clause: Limit one of each Pokémon
|rule|OHKO Clause: OHKO moves are banned
|rule|Evasion Items Clause: Evasion items are banned
|rule|Evasion Moves Clause: Evasion moves are banned
|rule|Sleep Moves Clause: Sleep-inducing moves are banned
|clearpoke
|poke|p1|Garganacl, M|
|poke|p1|Weezing-Galar, F|
|poke|p1|Corviknight, M|
|poke|p1|Dragapult, M|
|poke|p1|Slowking-Galar, F|
|poke|p1|Samurott-Hisui, F|
|poke|p2|Ninetales-Alola, M|
|poke|p2|Dragonite, M|
|poke|p2|Deoxys-Speed|
|poke|p2|Iron Valiant|
|poke|p2|Great Tusk|
|poke|p2|Polteageist|
|teampreview
|inactive|Battle timer is ON: inactive players will automatically lose when time's up. (requested by ProteinMan11)
|
|t:|1743885635
|start
|switch|p1a: Slowking|Slowking-Galar, F|100/100
|switch|p2a: Donald Trump|Ninetales-Alola, M|100/100
|-weather|Snowscape|[from] ability: Snow Warning|[of] p2a: Donald Trump
|turn|1
|
|t:|1743885638
|move|p2a: Donald Trump|Aurora Veil|p2a: Donald Trump
|-sidestart|p2: ProteinMan11|move: Aurora Veil
|move|p1a: Slowking|Sludge Bomb|p2a: Donald Trump
|-supereffective|p2a: Donald Trump
|-damage|p2a: Donald Trump|60/100
|
|-weather|Snowscape|[upkeep]
|upkeep
|turn|2
|
|t:|1743885641
|switch|p1a: Garganacl|Garganacl, M|100/100
|move|p2a: Donald Trump|Blizzard|p1a: Garganacl
|-damage|p1a: Garganacl|69/100
|
|-weather|Snowscape|[upkeep]
|-heal|p1a: Garganacl|75/100|[from] item: Leftovers
|upkeep
|turn|3
|
|t:|1743885645
|move|p2a: Donald Trump|Blizzard|p1a: Garganacl
|-damage|p1a: Garganacl|46/100
|move|p1a: Garganacl|Stealth Rock|p2a: Donald Trump
|-sidestart|p2: ProteinMan11|move: Stealth Rock
|
|-weather|Snowscape|[upkeep]
|-heal|p1a: Garganacl|52/100|[from] item: Leftovers
|upkeep
|turn|4
|
|t:|1743885648
|move|p1a: Garganacl|Protect|p1a: Garganacl
|-singleturn|p1a: Garganacl|Protect
|move|p2a: Donald Trump|Encore|p1a: Garganacl
|-activate|p1a: Garganacl|move: Protect
|
|-weather|Snowscape|[upkeep]
|-heal|p1a: Garganacl|58/100|[from] item: Leftovers
|upkeep
|turn|5
|
|t:|1743885649
|move|p2a: Donald Trump|Encore|p1a: Garganacl
|-start|p1a: Garganacl|Encore
|move|p1a: Garganacl|Protect||[still]
|-fail|p1a: Garganacl
|
|-weather|none
|-heal|p1a: Garganacl|64/100|[from] item: Leftovers
|upkeep
|turn|6
|
|t:|1743885652
|switch|p2a: Great Bust|Great Tusk|100/100
|-damage|p2a: Great Bust|98/100|[from] Stealth Rock
|switch|p1a: Slowking|Slowking-Galar, F|100/100
|
|upkeep
|turn|7
|
|t:|1743885656
|move|p2a: Great Bust|Ice Spinner|p1a: Slowking
|-damage|p1a: Slowking|55/100
|-damage|p2a: Great Bust|88/100|[from] item: Life Orb
|move|p1a: Slowking|Future Sight|p2a: Great Bust
|-start|p1a: Slowking|move: Future Sight
|
|upkeep
|turn|8
|
|t:|1743885660
|switch|p1a: Corviknight|Corviknight, M|100/100
|-ability|p1a: Corviknight|Pressure
|move|p2a: Great Bust|Rapid Spin|p1a: Corviknight
|-resisted|p1a: Corviknight
|-damage|p1a: Corviknight|93/100
|-boost|p2a: Great Bust|spe|1
|-damage|p2a: Great Bust|71/100|[from] item: Rocky Helmet|[of] p1a: Corviknight
|-sideend|p2: ProteinMan11|Stealth Rock|[from] move: Rapid Spin|[of] p2a: Great Bust
|-damage|p2a: Great Bust|61/100|[from] item: Life Orb
|
|-sideend|p2: ProteinMan11|move: Aurora Veil
|upkeep
|turn|9
|
|t:|1743885665
|move|p2a: Great Bust|Close Combat|p1a: Corviknight
|-damage|p1a: Corviknight|36/100
|-unboost|p2a: Great Bust|def|1
|-unboost|p2a: Great Bust|spd|1
|-damage|p2a: Great Bust|45/100|[from] item: Rocky Helmet|[of] p1a: Corviknight
|-damage|p2a: Great Bust|35/100|[from] item: Life Orb
|move|p1a: Corviknight|Brave Bird|p2a: Great Bust
|-supereffective|p2a: Great Bust
|-damage|p2a: Great Bust|0 fnt
|faint|p2a: Great Bust
|-end|p2a: Great Bust|Protosynthesis|[silent]
|-damage|p1a: Corviknight|24/100|[from] Recoil
|
|-hint|Future Sight did not hit because the target is fainted.
|upkeep
|
|t:|1743885671
|switch|p2a: Donald Trump|Ninetales-Alola, M|60/100
|-weather|Snowscape|[from] ability: Snow Warning|[of] p2a: Donald Trump
|turn|10
|
|t:|1743885674
|switch|p1a: Garganacl|Garganacl, M|64/100
|move|p2a: Donald Trump|Aurora Veil|p2a: Donald Trump
|-sidestart|p2: ProteinMan11|move: Aurora Veil
|
|-weather|Snowscape|[upkeep]
|-heal|p1a: Garganacl|71/100|[from] item: Leftovers
|upkeep
|turn|11
|
|t:|1743885680
|switch|p2a: This-a-way|Deoxys-Speed, shiny|100/100
|-ability|p2a: This-a-way|Pressure
|switch|p1a: Slowking|Slowking-Galar, F|88/100
|
|-weather|Snowscape|[upkeep]
|upkeep
|turn|12
|
|t:|1743885682
|move|p2a: This-a-way|Cosmic Power|p2a: This-a-way
|-boost|p2a: This-a-way|def|1
|-boost|p2a: This-a-way|spd|1
|move|p1a: Slowking|Sludge Bomb|p2a: This-a-way
|-damage|p2a: This-a-way|85/100
|
|-weather|Snowscape|[upkeep]
|upkeep
|turn|13
|
|t:|1743885685
|switch|p1a: Samurott|Samurott-Hisui, F|100/100
|move|p2a: This-a-way|Cosmic Power|p2a: This-a-way
|-boost|p2a: This-a-way|def|1
|-boost|p2a: This-a-way|spd|1
|
|-weather|Snowscape|[upkeep]
|upkeep
|turn|14
|
|t:|1743885692
|move|p1a: Samurott|Flip Turn|p2a: This-a-way
|-damage|p2a: This-a-way|77/100
|
|t:|1743885694
|switch|p1a: Garganacl|Garganacl, M|71/100|[from] Flip Turn
|move|p2a: This-a-way|Cosmic Power|p2a: This-a-way
|-boost|p2a: This-a-way|def|1
|-boost|p2a: This-a-way|spd|1
|
|-weather|none
|-heal|p1a: Garganacl|77/100|[from] item: Leftovers
|upkeep
|turn|15
|
|t:|1743885697
|move|p2a: This-a-way|Cosmic Power|p2a: This-a-way
|-boost|p2a: This-a-way|def|1
|-boost|p2a: This-a-way|spd|1
|move|p1a: Garganacl|Salt Cure|p2a: This-a-way
|-damage|p2a: This-a-way|74/100
|-start|p2a: This-a-way|Salt Cure
|
|-heal|p1a: Garganacl|83/100|[from] item: Leftovers
|-damage|p2a: This-a-way|61/100|[from] Salt Cure
|upkeep
|turn|16
|
|t:|1743885701
|switch|p1a: Dragapult|Dragapult, M|100/100
|move|p2a: This-a-way|Cosmic Power|p2a: This-a-way
|-boost|p2a: This-a-way|def|1
|-boost|p2a: This-a-way|spd|1
|
|-damage|p2a: This-a-way|49/100|[from] Salt Cure
|upkeep
|turn|17
|
|t:|1743885722
|-terastallize|p2a: This-a-way|Fighting
|move|p1a: Dragapult|Will-O-Wisp|p2a: This-a-way
|-status|p2a: This-a-way|brn
|move|p2a: This-a-way|Recover|p2a: This-a-way
|-heal|p2a: This-a-way|99/100 brn
|
|-damage|p2a: This-a-way|93/100 brn|[from] brn
|-damage|p2a: This-a-way|80/100 brn|[from] Salt Cure
|-sideend|p2: ProteinMan11|move: Aurora Veil
|upkeep
|turn|18
|
|t:|1743885728
|move|p1a: Dragapult|Hex|p2a: This-a-way
|-damage|p2a: This-a-way|64/100 brn
|move|p2a: This-a-way|Cosmic Power|p2a: This-a-way
|-boost|p2a: This-a-way|def|1
|-boost|p2a: This-a-way|spd|1
|
|-damage|p2a: This-a-way|58/100 brn|[from] brn
|-damage|p2a: This-a-way|46/100 brn|[from] Salt Cure
|upkeep
|turn|19
|
|t:|1743885731
|move|p1a: Dragapult|Hex|p2a: This-a-way
|-damage|p2a: This-a-way|31/100 brn
|move|p2a: This-a-way|Recover|p2a: This-a-way
|-heal|p2a: This-a-way|81/100 brn
|
|-damage|p2a: This-a-way|75/100 brn|[from] brn
|-damage|p2a: This-a-way|63/100 brn|[from] Salt Cure
|upkeep
|turn|20
|
|t:|1743885733
|move|p1a: Dragapult|Hex|p2a: This-a-way
|-damage|p2a: This-a-way|48/100 brn
|move|p2a: This-a-way|Recover|p2a: This-a-way
|-heal|p2a: This-a-way|98/100 brn
|
|-damage|p2a: This-a-way|91/100 brn|[from] brn
|-damage|p2a: This-a-way|79/100 brn|[from] Salt Cure
|upkeep
|turn|21
|
|t:|1743885736
|move|p1a: Dragapult|Hex|p2a: This-a-way
|-damage|p2a: This-a-way|64/100 brn
|move|p2a: This-a-way|Recover|p2a: This-a-way
|-heal|p2a: This-a-way|100/100 brn
|
|-damage|p2a: This-a-way|94/100 brn|[from] brn
|-damage|p2a: This-a-way|82/100 brn|[from] Salt Cure
|upkeep
|turn|22
|
|t:|1743885740
|move|p1a: Dragapult|Hex|p2a: This-a-way
|-crit|p2a: This-a-way
|-damage|p2a: This-a-way|0 fnt
|faint|p2a: This-a-way
|
|upkeep
|
|t:|1743885748
|switch|p2a: Donald Trump|Ninetales-Alola, M|60/100
|-weather|Snowscape|[from] ability: Snow Warning|[of] p2a: Donald Trump
|turn|23
|
|t:|1743885751
|move|p1a: Dragapult|U-turn|p2a: Donald Trump
|-resisted|p2a: Donald Trump
|-damage|p2a: Donald Trump|49/100
|
|t:|1743885754
|switch|p1a: Slowking|Slowking-Galar, F|100/100|[from] U-turn
|move|p2a: Donald Trump|Blizzard|p1a: Slowking
|-damage|p1a: Slowking|83/100
|
|-weather|Snowscape|[upkeep]
|upkeep
|turn|24
|
|t:|1743885756
|move|p2a: Donald Trump|Aurora Veil|p2a: Donald Trump
|-sidestart|p2: ProteinMan11|move: Aurora Veil
|move|p1a: Slowking|Future Sight|p2a: Donald Trump
|-start|p1a: Slowking|move: Future Sight
|
|-weather|Snowscape|[upkeep]
|upkeep
|turn|25
|
|t:|1743885760
|move|p2a: Donald Trump|Blizzard|p1a: Slowking
|-damage|p1a: Slowking|67/100
|-status|p1a: Slowking|frz
|-curestatus|p1a: Slowking|frz|[msg]
|move|p1a: Slowking|Sludge Bomb|p2a: Donald Trump
|-supereffective|p2a: Donald Trump
|-damage|p2a: Donald Trump|5/100
|
|-weather|Snowscape|[upkeep]
|upkeep
|turn|26
|
|t:|1743885766
|switch|p1a: Garganacl|Garganacl, M|83/100
|move|p2a: Donald Trump|Blizzard|p1a: Garganacl
|-damage|p1a: Garganacl|55/100
|
|-weather|Snowscape|[upkeep]
|-end|p2a: Donald Trump|move: Future Sight
|-damage|p2a: Donald Trump|0 fnt
|faint|p2a: Donald Trump
|-heal|p1a: Garganacl|61/100|[from] item: Leftovers
|upkeep
|
|t:|1743885772
|switch|p2a: Darius|Iron Valiant|100/100
|-enditem|p2a: Darius|Booster Energy
|-activate|p2a: Darius|ability: Quark Drive|[fromitem]
|-start|p2a: Darius|quarkdrivespe
|turn|27
|
|t:|1743885776
|-terastallize|p1a: Garganacl|Fairy
|move|p2a: Darius|Close Combat|p1a: Garganacl
|-resisted|p1a: Garganacl
|-damage|p1a: Garganacl|43/100
|-unboost|p2a: Darius|def|1
|-unboost|p2a: Darius|spd|1
|move|p1a: Garganacl|Salt Cure|p2a: Darius
|-resisted|p2a: Darius
|-damage|p2a: Darius|94/100
|-start|p2a: Darius|Salt Cure
|
|-weather|none
|-heal|p1a: Garganacl|49/100|[from] item: Leftovers
|-damage|p2a: Darius|82/100|[from] Salt Cure
|upkeep
|turn|28
|
|t:|1743885781
|move|p1a: Garganacl|Protect|p1a: Garganacl
|-singleturn|p1a: Garganacl|Protect
|move|p2a: Darius|Swords Dance|p2a: Darius
|-boost|p2a: Darius|atk|2
|
|-heal|p1a: Garganacl|55/100|[from] item: Leftovers
|-damage|p2a: Darius|69/100|[from] Salt Cure
|upkeep
|turn|29
|
|t:|1743885783
|move|p2a: Darius|Spirit Break|p1a: Garganacl
|-damage|p1a: Garganacl|7/100
|-unboost|p1a: Garganacl|spa|1
|move|p1a: Garganacl|Recover|p1a: Garganacl
|-heal|p1a: Garganacl|57/100
|
|-heal|p1a: Garganacl|63/100|[from] item: Leftovers
|-damage|p2a: Darius|57/100|[from] Salt Cure
|upkeep
|turn|30
|
|t:|1743885794
|switch|p1a: Weezing|Weezing-Galar, F|100/100
|-ability|p1a: Weezing|Neutralizing Gas
|move|p2a: Darius|Swords Dance|p2a: Darius
|-boost|p2a: Darius|atk|2
|
|-damage|p2a: Darius|44/100|[from] Salt Cure
|upkeep
|turn|31
|
|t:|1743885797
|move|p2a: Darius|Close Combat|p1a: Weezing
|-resisted|p1a: Weezing
|-damage|p1a: Weezing|68/100
|-unboost|p2a: Darius|def|1
|-unboost|p2a: Darius|spd|1
|move|p1a: Weezing|Strange Steam|p2a: Darius
|-supereffective|p2a: Darius
|-damage|p2a: Darius|0 fnt
|faint|p2a: Darius
|-end|p2a: Darius|Quark Drive|[silent]
|
|-sideend|p2: ProteinMan11|move: Aurora Veil
|upkeep
|
|t:|1743885804
|switch|p2a: WAAAAATER|Polteageist|100/100
|turn|32
|
|t:|1743885807
|move|p2a: WAAAAATER|Shell Smash|p2a: WAAAAATER
|-unboost|p2a: WAAAAATER|def|1
|-unboost|p2a: WAAAAATER|spd|1
|-boost|p2a: WAAAAATER|atk|2
|-boost|p2a: WAAAAATER|spa|2
|-boost|p2a: WAAAAATER|spe|2
|move|p1a: Weezing|Strange Steam|p2a: WAAAAATER
|-damage|p2a: WAAAAATER|52/100
|
|upkeep
|turn|33
|
|t:|1743885812
|move|p2a: WAAAAATER|Stored Power|p1a: Weezing
|-supereffective|p1a: Weezing
|-damage|p1a: Weezing|0 fnt
|faint|p1a: Weezing
|-end|p1a: Weezing|ability: Neutralizing Gas
|
|upkeep
|
|t:|1743885816
|switch|p1a: Samurott|Samurott-Hisui, F|100/100
|turn|34
|j| eiscuepro
|
|t:|1743885820
|move|p2a: WAAAAATER|Giga Drain|p1a: Samurott
|-supereffective|p1a: Samurott
|-damage|p1a: Samurott|0 fnt
|-heal|p2a: WAAAAATER|100/100|[from] drain|[of] p1a: Samurott
|faint|p1a: Samurott
|
|upkeep
|
|t:|1743885823
|switch|p1a: Slowking|Slowking-Galar, F|100/100
|turn|35
|
|t:|1743885827
|move|p2a: WAAAAATER|Stored Power|p1a: Slowking
|-damage|p1a: Slowking|59/100
|move|p1a: Slowking|Future Sight|p2a: WAAAAATER
|-start|p1a: Slowking|move: Future Sight
|
|upkeep
|turn|36
|
|t:|1743885832
|move|p2a: WAAAAATER|Stored Power|p1a: Slowking
|-damage|p1a: Slowking|14/100
|move|p1a: Slowking|Sludge Bomb|p2a: WAAAAATER
|-resisted|p2a: WAAAAATER
|-damage|p2a: WAAAAATER|67/100
|-status|p2a: WAAAAATER|psn
|
|-damage|p2a: WAAAAATER|55/100 psn|[from] psn
|upkeep
|turn|37
|
|t:|1743885835
|move|p2a: WAAAAATER|Giga Drain|p1a: Slowking
|-resisted|p1a: Slowking
|-damage|p1a: Slowking|2/100
|-heal|p2a: WAAAAATER|65/100 psn|[from] drain|[of] p1a: Slowking
|move|p1a: Slowking|Sludge Bomb|p2a: WAAAAATER
|-resisted|p2a: WAAAAATER
|-damage|p2a: WAAAAATER|33/100 psn
|
|-end|p2a: WAAAAATER|move: Future Sight
|-damage|p2a: WAAAAATER|0 fnt
|faint|p2a: WAAAAATER
|upkeep
|
|t:|1743885839
|switch|p2a: Michael|Dragonite, M|100/100
|turn|38
|
|t:|1743885842
|switch|p1a: Garganacl|Garganacl, M, tera:Fairy|63/100
|move|p2a: Michael|Dragon Dance|p2a: Michael
|-boost|p2a: Michael|atk|1
|-boost|p2a: Michael|spe|1
|
|-heal|p1a: Garganacl|69/100|[from] item: Leftovers
|upkeep
|turn|39
|
|t:|1743885846
|move|p2a: Michael|Earthquake|p1a: Garganacl
|-damage|p1a: Garganacl|31/100
|move|p1a: Garganacl|Salt Cure|p2a: Michael
|-supereffective|p2a: Michael
|-damage|p2a: Michael|87/100
|-start|p2a: Michael|Salt Cure
|-enditem|p2a: Michael|Weakness Policy
|-boost|p2a: Michael|atk|2|[from] item: Weakness Policy
|-boost|p2a: Michael|spa|2|[from] item: Weakness Policy
|
|-heal|p1a: Garganacl|37/100|[from] item: Leftovers
|-damage|p2a: Michael|75/100|[from] Salt Cure
|upkeep
|turn|40
|
|t:|1743885850
|move|p1a: Garganacl|Protect|p1a: Garganacl
|-singleturn|p1a: Garganacl|Protect
|move|p2a: Michael|Dragon Dance|p2a: Michael
|-boost|p2a: Michael|atk|1
|-boost|p2a: Michael|spe|1
|
|-heal|p1a: Garganacl|43/100|[from] item: Leftovers
|-damage|p2a: Michael|62/100|[from] Salt Cure
|upkeep
|turn|41
|
|t:|1743885854
|switch|p1a: Slowking|Slowking-Galar, F|35/100
|move|p2a: Michael|Earthquake|p1a: Slowking
|-supereffective|p1a: Slowking
|-damage|p1a: Slowking|0 fnt
|faint|p1a: Slowking
|
|-damage|p2a: Michael|50/100|[from] Salt Cure
|upkeep
|l| eiscuepro
|
|t:|1743885856
|switch|p1a: Garganacl|Garganacl, M, tera:Fairy|43/100
|turn|42
|
|t:|1743885859
|move|p1a: Garganacl|Protect|p1a: Garganacl
|-singleturn|p1a: Garganacl|Protect
|move|p2a: Michael|Earthquake|p1a: Garganacl
|-activate|p1a: Garganacl|move: Protect
|
|-heal|p1a: Garganacl|49/100|[from] item: Leftovers
|-damage|p2a: Michael|37/100|[from] Salt Cure
|upkeep
|turn|43
|
|t:|1743885867
|switch|p1a: Corviknight|Corviknight, M|24/100
|-ability|p1a: Corviknight|Pressure
|move|p2a: Michael|Outrage|p1a: Corviknight
|-resisted|p1a: Corviknight
|-crit|p1a: Corviknight
|-damage|p1a: Corviknight|0 fnt
|-damage|p2a: Michael|21/100|[from] item: Rocky Helmet|[of] p1a: Corviknight
|faint|p1a: Corviknight
|
|-damage|p2a: Michael|8/100|[from] Salt Cure
|upkeep
|
|t:|1743885869
|switch|p1a: Garganacl|Garganacl, M, tera:Fairy|49/100
|turn|44
|
|t:|1743885870
|move|p1a: Garganacl|Protect|p1a: Garganacl
|-singleturn|p1a: Garganacl|Protect
|move|p2a: Michael|Outrage|p1a: Garganacl|[from] lockedmove
|-activate|p1a: Garganacl|move: Protect
|-start|p2a: Michael|confusion|[fatigue]
|
|-heal|p1a: Garganacl|55/100|[from] item: Leftovers
|-damage|p2a: Michael|0 fnt|[from] Salt Cure
|faint|p2a: Michael
|
|win|Lucwasz
|raw|Lucwasz's rating: 1633 &rarr; <strong>1656</strong><br />(+23 for winning)
|raw|ProteinMan11's rating: 1681 &rarr; <strong>1658</strong><br />(-23 for losing)
|l|☆Lucwasz
|player|p1|
|l|☆ProteinMan11
|player|p2|
