|j|☆2(H2O)
|j|☆flyingtaco43
|t:|1743828556
|gametype|singles
|player|p1|2(H2O)|chase|1840
|player|p2|flyingtaco43|elesa|1835
|teamsize|p1|6
|teamsize|p2|6
|gen|9
|tier|[Gen 9] OU
|rated|
|rule|HP Percentage Mod: HP is shown in percentages
|rule|Endless Battle Clause: Forcing endless battles is banned
|rule|Species Clause: Limit one of each Pokémon
|rule|OHKO Clause: OHKO moves are banned
|rule|Evasion Items Clause: Evasion items are banned
|rule|Evasion Moves Clause: Evasion moves are banned
|rule|Sleep Moves Clause: Sleep-inducing moves are banned
|clearpoke
|poke|p1|Raging Bolt|
|poke|p1|Slowking-Galar, M|
|poke|p1|Landorus-Therian, M|
|poke|p1|Kingambit, M|
|poke|p1|Meowscarada, M|
|poke|p1|Kyurem|
|poke|p2|Ting-Lu|
|poke|p2|Corviknight, M|
|poke|p2|Darkrai|
|poke|p2|Cinderace, M|
|poke|p2|Kyurem|
|poke|p2|Slowking-Galar, F|
|teampreview
|c|☆2(H2O)|hf big bro
|j| p0k3_v13rn35
|inactive|Battle timer is ON: inactive players will automatically lose when time's up. (requested by 2(H2O))
|l| p0k3_v13rn35
|inactive|flyingtaco43 has 120 seconds left.
|j| MiniLarry
|inactive|flyingtaco43 has 90 seconds left.
|
|t:|1743828651
|start
|switch|p1a: Amarok|Kyurem|100/100
|switch|p2a: Clear the Area|Corviknight, M|100/100
|-ability|p1a: Amarok|Pressure
|-ability|p2a: Clear the Area|Pressure
|turn|1
|inactive|2(H2O) has 120 seconds left.
|
|t:|1743828694
|move|p1a: Amarok|Dragon Dance|p1a: Amarok
|-boost|p1a: Amarok|atk|1
|-boost|p1a: Amarok|spe|1
|move|p2a: Clear the Area|U-turn|p1a: Amarok
|-damage|p1a: Amarok|86/100
|
|t:|1743828701
|switch|p2a: Daylight Robbery|Cinderace, M|100/100|[from] U-turn
|
|upkeep
|turn|2
|
|t:|1743828705
|move|p1a: Amarok|Scale Shot|p2a: Daylight Robbery
|-damage|p2a: Daylight Robbery|74/100
|-damage|p2a: Daylight Robbery|49/100
|-damage|p2a: Daylight Robbery|22/100
|-damage|p2a: Daylight Robbery|0 fnt
|faint|p2a: Daylight Robbery
|-hitcount|p2: Daylight Robbery|4
|-unboost|p1a: Amarok|def|1
|-boost|p1a: Amarok|spe|1
|
|upkeep
|
|t:|1743828709
|switch|p2a: Clear the Area|Corviknight, M|100/100
|-ability|p2a: Clear the Area|Pressure
|turn|3
|
|t:|1743828713
|switch|p1a: Slowking|Slowking-Galar, M|100/100
|move|p2a: Clear the Area|Iron Defense|p2a: Clear the Area
|-boost|p2a: Clear the Area|def|2
|
|upkeep
|turn|4
|
|t:|1743828721
|move|p2a: Clear the Area|U-turn|p1a: Slowking
|-damage|p1a: Slowking|85/100
|
|t:|1743828724
|switch|p2a: The Walk|Kyurem|100/100|[from] U-turn
|-ability|p2a: The Walk|Pressure
|-prepare|p1a: Slowking|Chilly Reception|[premajor]
|move|p1a: Slowking|Chilly Reception|p1a: Slowking
|-weather|Snowscape
|
|t:|1743828728
|switch|p1a: Kingambit|Kingambit, M|100/100|[from] Chilly Reception
|
|-weather|Snowscape|[upkeep]
|upkeep
|turn|5
|
|t:|1743828732
|-end|p1a: Kingambit|fallenundefined|[silent]
|switch|p1a: Landorus|Landorus-Therian, M|100/100
|-ability|p1a: Landorus|Intimidate|boost
|-unboost|p2a: The Walk|atk|1
|move|p2a: The Walk|Earth Power|p1a: Landorus
|-immune|p1a: Landorus
|
|-weather|Snowscape|[upkeep]
|upkeep
|turn|6
|
|t:|1743828743
|switch|p2a: Clear the Area|Corviknight, M|100/100
|-ability|p2a: Clear the Area|Pressure
|switch|p1a: Slowking|Slowking-Galar, M|100/100
|
|-weather|Snowscape|[upkeep]
|upkeep
|turn|7
|
|t:|1743828746
|move|p2a: Clear the Area|U-turn|p1a: Slowking
|-damage|p1a: Slowking|86/100
|
|t:|1743828747
|switch|p2a: The Walk|Kyurem|100/100|[from] U-turn
|-ability|p2a: The Walk|Pressure
|move|p1a: Slowking|Future Sight|p2a: The Walk
|-start|p1a: Slowking|move: Future Sight
|
|-weather|Snowscape|[upkeep]
|upkeep
|turn|8
|
|t:|1743828751
|move|p2a: The Walk|Blizzard|p1a: Slowking
|-damage|p1a: Slowking|38/100
|-prepare|p1a: Slowking|Chilly Reception|[premajor]
|move|p1a: Slowking|Chilly Reception|p1a: Slowking
|j| epitap
|
|t:|1743828760
|switch|p1a: Meowscarada|Meowscarada, M|100/100|[from] Chilly Reception
|
|-weather|none
|upkeep
|turn|9
|
|t:|1743828764
|switch|p2a: Clear the Area|Corviknight, M|100/100
|-ability|p2a: Clear the Area|Pressure
|move|p1a: Meowscarada|Knock Off|p2a: Clear the Area
|-start|p1a: Meowscarada|typechange|Dark|[from] ability: Protean
|-damage|p2a: Clear the Area|73/100
|-damage|p1a: Meowscarada|84/100|[from] item: Rocky Helmet|[of] p2a: Clear the Area
|-enditem|p2a: Clear the Area|Rocky Helmet|[from] move: Knock Off|[of] p1a: Meowscarada
|
|-end|p2a: Clear the Area|move: Future Sight
|-resisted|p2a: Clear the Area
|-damage|p2a: Clear the Area|51/100
|upkeep
|turn|10
|
|t:|1743828777
|switch|p1a: Landorus|Landorus-Therian, M|100/100
|-ability|p1a: Landorus|Intimidate|boost
|-unboost|p2a: Clear the Area|atk|1
|move|p2a: Clear the Area|Roost|p2a: Clear the Area
|-heal|p2a: Clear the Area|100/100
|-singleturn|p2a: Clear the Area|move: Roost
|
|upkeep
|turn|11
|inactive|flyingtaco43 has 120 seconds left.
|
|t:|1743828809
|switch|p2a: The Walk|Kyurem|100/100
|-ability|p2a: The Walk|Pressure
|move|p1a: Landorus|Stealth Rock|p2a: The Walk
|-sidestart|p2: flyingtaco43|move: Stealth Rock
|
|upkeep
|turn|12
|
|t:|1743828817
|switch|p1a: Kingambit|Kingambit, M|100/100
|move|p2a: The Walk|Ice Beam|p1a: Kingambit
|-resisted|p1a: Kingambit
|-damage|p1a: Kingambit|60/100
|
|upkeep
|turn|13
|
|t:|1743828825
|switch|p2a: Clear the Area|Corviknight, M|100/100
|-damage|p2a: Clear the Area|88/100|[from] Stealth Rock
|-ability|p2a: Clear the Area|Pressure
|-end|p1a: Kingambit|fallenundefined|[silent]
|switch|p1a: Raging Bolt|Raging Bolt|100/100
|
|upkeep
|turn|14
|
|t:|1743828828
|-end|p1a: Raging Bolt|Protosynthesis|[silent]
|switch|p1a: Amarok|Kyurem|86/100
|-ability|p1a: Amarok|Pressure
|switch|p2a: Headlock|Ting-Lu|100/100
|-damage|p2a: Headlock|94/100|[from] Stealth Rock
|-ability|p2a: Headlock|Vessel of Ruin
|
|-heal|p2a: Headlock|100/100|[from] item: Leftovers
|upkeep
|turn|15
|
|t:|1743828836
|-terastallize|p2a: Headlock|Fairy
|move|p1a: Amarok|Icicle Spear|p2a: Headlock
|-damage|p2a: Headlock|92/100
|-damage|p2a: Headlock|84/100
|-crit|p2a: Headlock
|-damage|p2a: Headlock|71/100
|-damage|p2a: Headlock|63/100
|-damage|p2a: Headlock|55/100
|-hitcount|p2a: Headlock|5
|move|p2a: Headlock|Stealth Rock|p1a: Amarok
|-sidestart|p1: 2(H2O)|move: Stealth Rock
|
|-heal|p2a: Headlock|61/100|[from] item: Leftovers
|upkeep
|turn|16
|
|t:|1743828851
|switch|p2a: Hide and Seek|Slowking-Galar, F|100/100
|move|p1a: Amarok|Icicle Spear|p2a: Hide and Seek
|-damage|p2a: Hide and Seek|87/100
|-damage|p2a: Hide and Seek|72/100
|-damage|p2a: Hide and Seek|57/100
|-crit|p2a: Hide and Seek
|-damage|p2a: Hide and Seek|36/100
|-hitcount|p2a: Hide and Seek|4
|
|upkeep
|turn|17
|
|t:|1743828858
|move|p1a: Amarok|Icicle Spear|p2a: Hide and Seek
|-damage|p2a: Hide and Seek|21/100
|-damage|p2a: Hide and Seek|7/100
|-crit|p2a: Hide and Seek
|-damage|p2a: Hide and Seek|0 fnt
|faint|p2a: Hide and Seek
|-hitcount|p2: Hide and Seek|3
|
|upkeep
|
|t:|1743828859
|switch|p2a: The Walk|Kyurem|100/100
|-damage|p2a: The Walk|76/100|[from] Stealth Rock
|-ability|p2a: The Walk|Pressure
|turn|18
|
|t:|1743828864
|move|p2a: The Walk|Ice Beam|p1a: Amarok
|-damage|p1a: Amarok|22/100
|move|p1a: Amarok|Scale Shot|p2a: The Walk
|-supereffective|p2a: The Walk
|-damage|p2a: The Walk|48/100
|-supereffective|p2a: The Walk
|-damage|p2a: The Walk|20/100
|-supereffective|p2a: The Walk
|-damage|p2a: The Walk|0 fnt
|faint|p2a: The Walk
|-hitcount|p2: The Walk|3
|-unboost|p1a: Amarok|def|1
|-boost|p1a: Amarok|spe|1
|
|upkeep
|-message|flyingtaco43 forfeited.
|
|win|2(H2O)
|raw|2(H2O)'s rating: 1840 &rarr; <strong>1860</strong><br />(+20 for winning)
|raw|flyingtaco43's rating: 1835 &rarr; <strong>1815</strong><br />(-20 for losing)
|l|☆flyingtaco43
|player|p2|
|l| epitap
|l|☆2(H2O)
|player|p1|
|j|☆2(H2O)
|player|p1|2(H2O)|chase|
