|j|☆Scrooge2112
|j|☆Monsieur Callisto
|t:|1743915308
|gametype|singles
|player|p1|Scrooge2112|giovanni|1144
|player|p2|Monsieur Callisto|gentleman-gen4|1069
|teamsize|p1|6
|teamsize|p2|6
|gen|9
|tier|[Gen 9] OU
|rated|
|rule|HP Percentage Mod: HP is shown in percentages
|rule|Endless Battle Clause: Forcing endless battles is banned
|rule|Species Clause: Limit one of each Pokémon
|rule|OHKO Clause: OHKO moves are banned
|rule|Evasion Items Clause: Evasion items are banned
|rule|Evasion Moves Clause: Evasion moves are banned
|rule|Sleep Moves Clause: Sleep-inducing moves are banned
|clearpoke
|poke|p1|Skeledirge, M|
|poke|p1|Araquanid, F|
|poke|p1|Whimsicott, M|
|poke|p1|Great Tusk|
|poke|p1|Zapdos|
|poke|p1|Kingambit, F|
|poke|p2|Regirock|
|poke|p2|Regice|
|poke|p2|Registeel|
|poke|p2|Yanmega, M|
|poke|p2|Espeon, F|
|poke|p2|Blastoise, M|
|teampreview
|c|☆Scrooge2112|I like your team
|
|t:|1743915332
|start
|switch|p1a: Zapdos|Zapdos|100/100
|switch|p2a: Regice|Regice|100/100
|turn|1
|inactive|Battle timer is ON: inactive players will automatically lose when time's up. (requested by Monsieur Callisto)
|
|t:|1743915345
|switch|p1a: Skeledirge|Skeledirge, M|100/100
|move|p2a: Regice|Ice Beam|p1a: Skeledirge
|-resisted|p1a: Skeledirge
|-damage|p1a: Skeledirge|82/100
|
|upkeep
|turn|2
|
|t:|1743915353
|switch|p2a: Blastoise|Blastoise, M|100/100
|move|p1a: Skeledirge|Will-O-Wisp|p2a: Blastoise
|-status|p2a: Blastoise|brn
|
|-damage|p2a: Blastoise|94/100 brn|[from] brn
|upkeep
|turn|3
|
|t:|1743915363
|switch|p1a: Araquanid|Araquanid, F|100/100
|move|p2a: Blastoise|Surf|p1a: Araquanid
|-resisted|p1a: Araquanid
|-damage|p1a: Araquanid|91/100
|
|-damage|p2a: Blastoise|88/100 brn|[from] brn
|upkeep
|turn|4
|
|t:|1743915372
|switch|p2a: Espeon|Espeon, F|100/100
|move|p1a: Araquanid|Sticky Web|p2a: Espeon
|move|p2a: Espeon|Sticky Web|p1a: Araquanid|[from] ability: Magic Bounce
|-sidestart|p1: Scrooge2112|move: Sticky Web
|
|upkeep
|turn|5
|
|t:|1743915381
|move|p2a: Espeon|Alluring Voice|p1a: Araquanid
|-damage|p1a: Araquanid|72/100
|-enditem|p2a: Espeon|Throat Spray
|-boost|p2a: Espeon|spa|1|[from] item: Throat Spray
|move|p1a: Araquanid|Lunge|p2a: Espeon
|-supereffective|p2a: Espeon
|-crit|p2a: Espeon
|-damage|p2a: Espeon|0 fnt
|faint|p2a: Espeon
|
|upkeep
|
|t:|1743915392
|switch|p2a: Regirock|Regirock|100/100
|turn|6
|
|t:|1743915396
|move|p2a: Regirock|Stealth Rock|p1a: Araquanid
|-sidestart|p1: Scrooge2112|move: Stealth Rock
|move|p1a: Araquanid|Liquidation|p2a: Regirock
|-supereffective|p2a: Regirock
|-damage|p2a: Regirock|56/100
|
|upkeep
|turn|7
|
|t:|1743915403
|move|p2a: Regirock|Stone Edge|p1a: Araquanid
|-supereffective|p1a: Araquanid
|-damage|p1a: Araquanid|0 fnt
|faint|p1a: Araquanid
|
|upkeep
|
|t:|1743915408
|switch|p1a: Great Tusk|Great Tusk|100/100
|-activate|p1a: Great Tusk|move: Sticky Web
|-unboost|p1a: Great Tusk|spe|1
|-damage|p1a: Great Tusk|98/100|[from] Stealth Rock
|-enditem|p1a: Great Tusk|Booster Energy
|-activate|p1a: Great Tusk|ability: Protosynthesis|[fromitem]
|-start|p1a: Great Tusk|protosynthesisatk
|turn|8
|
|t:|1743915417
|switch|p2a: Blastoise|Blastoise, M|88/100 brn
|move|p1a: Great Tusk|Rapid Spin|p2a: Blastoise
|-damage|p2a: Blastoise|70/100 brn
|-boost|p1a: Great Tusk|spe|1
|-sideend|p1: Scrooge2112|Stealth Rock|[from] move: Rapid Spin|[of] p1a: Great Tusk
|-sideend|p1: Scrooge2112|Sticky Web|[from] move: Rapid Spin|[of] p1a: Great Tusk
|
|-damage|p2a: Blastoise|64/100 brn|[from] brn
|upkeep
|turn|9
|
|t:|1743915430
|-end|p1a: Great Tusk|Protosynthesis|[silent]
|switch|p1a: Zapdos|Zapdos|100/100
|move|p2a: Blastoise|Surf|p1a: Zapdos
|-damage|p1a: Zapdos|79/100
|
|-heal|p1a: Zapdos|85/100|[from] item: Leftovers
|-damage|p2a: Blastoise|58/100 brn|[from] brn
|upkeep
|turn|10
|
|t:|1743915441
|move|p1a: Zapdos|Discharge|p2a: Blastoise
|-supereffective|p2a: Blastoise
|-damage|p2a: Blastoise|18/100 brn
|move|p2a: Blastoise|Ice Beam|p1a: Zapdos
|-supereffective|p1a: Zapdos
|-damage|p1a: Zapdos|55/100
|
|-heal|p1a: Zapdos|61/100|[from] item: Leftovers
|-damage|p2a: Blastoise|12/100 brn|[from] brn
|upkeep
|turn|11
|
|t:|1743915451
|move|p1a: Zapdos|Roost|p1a: Zapdos
|-heal|p1a: Zapdos|100/100
|-singleturn|p1a: Zapdos|move: Roost
|move|p2a: Blastoise|Ice Beam|p1a: Zapdos
|-damage|p1a: Zapdos|85/100
|
|-heal|p1a: Zapdos|91/100|[from] item: Leftovers
|-damage|p2a: Blastoise|6/100 brn|[from] brn
|upkeep
|turn|12
|-message|Monsieur Callisto forfeited.
|
|win|Scrooge2112
|raw|Scrooge2112's rating: 1144 &rarr; <strong>1164</strong><br />(+20 for winning)
|raw|Monsieur Callisto's rating: 1069 &rarr; <strong>1053</strong><br />(-16 for losing)
|l|☆Monsieur Callisto
|player|p2|
|l|☆Scrooge2112
|player|p1|
