|j|☆lactoo
|j|☆banjin
|t:|1743796919
|gametype|singles
|player|p1|lactoo|roxie-masters|1333
|player|p2|banjin|beauty-gen6xy|1361
|teamsize|p1|6
|teamsize|p2|6
|gen|9
|tier|[Gen 9] OU
|rated|
|rule|HP Percentage Mod: HP is shown in percentages
|rule|Endless Battle Clause: Forcing endless battles is banned
|rule|Species Clause: Limit one of each Pokémon
|rule|OHKO Clause: OHKO moves are banned
|rule|Evasion Items Clause: Evasion items are banned
|rule|Evasion Moves Clause: Evasion moves are banned
|rule|Sleep Moves Clause: Sleep-inducing moves are banned
|clearpoke
|poke|p1|Corviknight, F|
|poke|p1|Ceruledge, M|
|poke|p1|Ting-Lu|
|poke|p1|Ogerpon-Wellspring, F|
|poke|p1|Iron Crown|
|poke|p1|Kyurem|
|poke|p2|Minior-Blue|
|poke|p2|Lokix, F|
|poke|p2|Thundurus-Therian, M|
|poke|p2|Muk-Alola, M|
|poke|p2|Emboar, F|
|poke|p2|Ditto|
|teampreview
|inactive|Battle timer is ON: inactive players will automatically lose when time's up. (requested by banjin)
|
|t:|1743796934
|start
|switch|p1a: Kyurem|Kyurem|100/100
|switch|p2a: Paws|Thundurus-Therian, M|100/100
|-ability|p1a: Kyurem|Pressure
|turn|1
|
|t:|1743796940
|switch|p2a: Beppo|Muk-Alola, M|100/100
|move|p1a: Kyurem|Ice Beam|p2a: Beppo
|-damage|p2a: Beppo|38/100
|
|upkeep
|turn|2
|
|t:|1743796947
|move|p1a: Kyurem|Ice Beam|p2a: Beppo
|-damage|p2a: Beppo|0 fnt
|faint|p2a: Beppo
|
|upkeep
|
|t:|1743796951
|switch|p2a: 𒉎|Ditto|100/100
|-transform|p2a: 𒉎|p1a: Kyurem|[from] ability: Imposter
|-ability|p2a: 𒉎|Pressure
|turn|3
|
|t:|1743796956
|switch|p1a: Ceruledge|Ceruledge, M|100/100
|move|p2a: 𒉎|Draco Meteor|p1a: Ceruledge
|-crit|p1a: Ceruledge
|-damage|p1a: Ceruledge|42/100
|-unboost|p2a: 𒉎|spa|2
|
|upkeep
|turn|4
|
|t:|1743796970
|switch|p2a: Dragmire|Emboar, F, shiny|100/100
|move|p1a: Ceruledge|Bitter Blade|p2a: Dragmire
|-resisted|p2a: Dragmire
|-damage|p2a: Dragmire|68/100
|-heal|p1a: Ceruledge|59/100|[from] drain|[of] p2a: Dragmire
|
|upkeep
|turn|5
|
|t:|1743796989
|move|p2a: Dragmire|Earthquake|p1a: Ceruledge
|-supereffective|p1a: Ceruledge
|-damage|p1a: Ceruledge|0 fnt
|faint|p1a: Ceruledge
|
|upkeep
|
|t:|1743796993
|switch|p1a: Ogerpon|Ogerpon-Wellspring, F|100/100
|turn|6
|
|t:|1743796996
|switch|p2a: 𒉎|Ditto|100/100
|-transform|p2a: 𒉎|p1a: Ogerpon|[from] ability: Imposter
|move|p1a: Ogerpon|Ivy Cudgel|p2a: 𒉎|[anim] Ivy Cudgel Water
|-immune|p2a: 𒉎|[from] ability: Water Absorb
|
|upkeep
|turn|7
|
|t:|1743797005
|switch|p1a: Corviknight|Corviknight, F|100/100
|-ability|p1a: Corviknight|Pressure
|move|p2a: 𒉎|Horn Leech|p1a: Corviknight
|-resisted|p1a: Corviknight
|-damage|p1a: Corviknight|95/100
|-damage|p2a: 𒉎|84/100|[from] item: Rocky Helmet|[of] p1a: Corviknight
|
|upkeep
|turn|8
|
|t:|1743797014
|switch|p2a: Dragmire|Emboar, F, shiny|68/100
|move|p1a: Corviknight|Brave Bird|p2a: Dragmire
|-supereffective|p2a: Dragmire
|-damage|p2a: Dragmire|0 fnt
|faint|p2a: Dragmire
|-damage|p1a: Corviknight|75/100|[from] Recoil
|
|upkeep
|
|t:|1743797019
|switch|p2a: Paws|Thundurus-Therian, M|100/100
|turn|9
|
|t:|1743797023
|switch|p1a: Ting-Lu|Ting-Lu|100/100
|-ability|p1a: Ting-Lu|Vessel of Ruin
|move|p2a: Paws|Nasty Plot|p2a: Paws
|-boost|p2a: Paws|spa|2
|
|upkeep
|turn|10
|
|t:|1743797029
|move|p2a: Paws|Nasty Plot|p2a: Paws
|-boost|p2a: Paws|spa|2
|move|p1a: Ting-Lu|Rock Slide|p2a: Paws
|-supereffective|p2a: Paws
|-damage|p2a: Paws|20/100
|
|upkeep
|turn|11
|
|t:|1743797035
|move|p2a: Paws|Grass Knot|p1a: Ting-Lu
|-supereffective|p1a: Ting-Lu
|-damage|p1a: Ting-Lu|0 fnt
|faint|p1a: Ting-Lu
|
|upkeep
|
|t:|1743797041
|switch|p1a: Ogerpon|Ogerpon-Wellspring, F|100/100
|turn|12
|
|t:|1743797046
|switch|p2a: Katy|Lokix, F|100/100
|move|p1a: Ogerpon|Knock Off|p2a: Katy
|-resisted|p2a: Katy
|-damage|p2a: Katy|71/100
|-enditem|p2a: Katy|Heavy-Duty Boots|[from] move: Knock Off|[of] p1a: Ogerpon
|
|upkeep
|turn|13
|
|t:|1743797054
|switch|p1a: Corviknight|Corviknight, F|75/100
|-ability|p1a: Corviknight|Pressure
|switch|p2a: Paws|Thundurus-Therian, M|20/100
|
|upkeep
|turn|14
|
|t:|1743797073
|move|p2a: Paws|Thunderbolt|p1a: Corviknight
|-supereffective|p1a: Corviknight
|-damage|p1a: Corviknight|0 fnt
|faint|p1a: Corviknight
|
|upkeep
|
|t:|1743797077
|switch|p1a: Iron Crown|Iron Crown|100/100
|turn|15
|
|t:|1743797081
|move|p2a: Paws|Thunderbolt|p1a: Iron Crown
|-damage|p1a: Iron Crown|51/100
|move|p1a: Iron Crown|Agility|p1a: Iron Crown
|-boost|p1a: Iron Crown|spe|2
|
|upkeep
|turn|16
|
|t:|1743797087
|switch|p2a: 𒉎|Ditto|84/100
|-transform|p2a: 𒉎|p1a: Iron Crown|[from] ability: Imposter
|move|p1a: Iron Crown|Stored Power|p2a: 𒉎
|-resisted|p2a: 𒉎
|-damage|p2a: 𒉎|76/100
|
|upkeep
|turn|17
|
|t:|1743797097
|move|p2a: 𒉎|Focus Blast|p1a: Iron Crown
|-damage|p1a: Iron Crown|15/100
|move|p1a: Iron Crown|Calm Mind|p1a: Iron Crown
|-boost|p1a: Iron Crown|spa|1
|-boost|p1a: Iron Crown|spd|1
|
|upkeep
|turn|18
|
|t:|1743797109
|-end|p2a: 𒉎|Quark Drive|[silent]
|switch|p2a: Paws|Thundurus-Therian, M|20/100
|move|p1a: Iron Crown|Focus Blast|p2a: Paws
|-resisted|p2a: Paws
|-damage|p2a: Paws|0 fnt
|faint|p2a: Paws
|
|upkeep
|
|t:|1743797114
|switch|p2a: 𒉎|Ditto|76/100
|-transform|p2a: 𒉎|p1a: Iron Crown|[from] ability: Imposter
|turn|19
|
|t:|1743797118
|move|p2a: 𒉎|Stored Power|p1a: Iron Crown
|-resisted|p1a: Iron Crown
|-damage|p1a: Iron Crown|6/100
|move|p1a: Iron Crown|Stored Power|p2a: 𒉎
|-resisted|p2a: 𒉎
|-damage|p2a: 𒉎|64/100
|
|upkeep
|turn|20
|
|t:|1743797122
|move|p2a: 𒉎|Stored Power|p1a: Iron Crown
|-resisted|p1a: Iron Crown
|-damage|p1a: Iron Crown|0 fnt
|faint|p1a: Iron Crown
|-end|p1a: Iron Crown|Quark Drive|[silent]
|
|upkeep
|
|t:|1743797128
|switch|p1a: Ogerpon|Ogerpon-Wellspring, F|100/100
|turn|21
|
|t:|1743797131
|-terastallize|p1a: Ogerpon|Water
|detailschange|p1a: Ogerpon|Ogerpon-Wellspring-Tera, F, tera:Water
|-ability|p1a: Ogerpon|Embody Aspect (Wellspring)|boost
|-boost|p1a: Ogerpon|spd|1
|move|p2a: 𒉎|Stored Power|p1a: Ogerpon
|-damage|p1a: Ogerpon|47/100
|move|p1a: Ogerpon|Knock Off|p2a: 𒉎
|-supereffective|p2a: 𒉎
|-damage|p2a: 𒉎|0 fnt
|-enditem|p2a: 𒉎|Choice Scarf|[from] move: Knock Off|[of] p1a: Ogerpon
|faint|p2a: 𒉎
|-end|p2a: 𒉎|Quark Drive|[silent]
|
|upkeep
|
|t:|1743797135
|switch|p2a: Katy|Lokix, F|71/100
|turn|22
|
|t:|1743797142
|switch|p1a: Kyurem|Kyurem|100/100
|-ability|p1a: Kyurem|Pressure
|move|p2a: Katy|First Impression|p1a: Kyurem
|-damage|p1a: Kyurem|60/100
|
|upkeep
|turn|23
|
|t:|1743797151
|move|p2a: Katy|Sucker Punch|p1a: Kyurem
|-damage|p1a: Kyurem|32/100
|move|p1a: Kyurem|Ice Beam|p2a: Katy
|-damage|p2a: Katy|0 fnt
|faint|p2a: Katy
|
|upkeep
|
|t:|1743797157
|switch|p2a: Mr. Brightside|Minior-Blue|100/100
|-formechange|p2a: Mr. Brightside|Minior-Meteor||[from] ability: Shields Down
|turn|24
|
|t:|1743797163
|-terastallize|p2a: Mr. Brightside|Ghost
|move|p1a: Kyurem|Ice Beam|p2a: Mr. Brightside
|-damage|p2a: Mr. Brightside|12/100
|move|p2a: Mr. Brightside|Shell Smash|p2a: Mr. Brightside
|-unboost|p2a: Mr. Brightside|def|1
|-unboost|p2a: Mr. Brightside|spd|1
|-boost|p2a: Mr. Brightside|atk|2
|-boost|p2a: Mr. Brightside|spa|2
|-boost|p2a: Mr. Brightside|spe|2
|-enditem|p2a: Mr. Brightside|White Herb
|-clearnegativeboost|p2a: Mr. Brightside|[silent]
|
|-formechange|p2a: Mr. Brightside|Minior-Blue||[from] ability: Shields Down
|upkeep
|turn|25
|
|t:|1743797169
|move|p2a: Mr. Brightside|Acrobatics|p1a: Kyurem
|-damage|p1a: Kyurem|0 fnt
|faint|p1a: Kyurem
|
|upkeep
|
|t:|1743797171
|switch|p1a: Ogerpon|Ogerpon-Wellspring-Tera, F, tera:Water|47/100
|-ability|p1a: Ogerpon|Embody Aspect (Wellspring)|boost
|-boost|p1a: Ogerpon|spd|1
|turn|26
|
|t:|1743797173
|move|p2a: Mr. Brightside|Acrobatics|p1a: Ogerpon
|-damage|p1a: Ogerpon|0 fnt
|faint|p1a: Ogerpon
|
|win|banjin
|raw|lactoo's rating: 1333 &rarr; <strong>1315</strong><br />(-18 for losing)
|raw|banjin's rating: 1361 &rarr; <strong>1379</strong><br />(+18 for winning)
|c|☆banjin|gg
|l|☆lactoo
|player|p1|
|l|☆banjin
|player|p2|
