|j|☆DaffyDuckTheWizard
|j|☆P-Chans06
|t:|1743831398
|gametype|singles
|player|p1|DaffyDuckTheWizard|ghetsis|1054
|player|p2|P-Chans06|169|1098
|teamsize|p1|6
|teamsize|p2|6
|gen|9
|tier|[Gen 9] OU
|rated|
|rule|HP Percentage Mod: HP is shown in percentages
|rule|Endless Battle Clause: Forcing endless battles is banned
|rule|Species Clause: Limit one of each Pokémon
|rule|OHKO Clause: OHKO moves are banned
|rule|Evasion Items Clause: Evasion items are banned
|rule|Evasion Moves Clause: Evasion moves are banned
|rule|Sleep Moves Clause: Sleep-inducing moves are banned
|clearpoke
|poke|p1|Sylveon, M|
|poke|p1|Grimmsnarl, M|
|poke|p1|Mimikyu, M|
|poke|p1|Fezandipiti, M|
|poke|p1|Weezing-Galar, M|
|poke|p1|Klefki, M|
|poke|p2|Tinkaton, F|
|poke|p2|Gliscor, F|
|poke|p2|Jirachi|
|poke|p2|Keldeo-Resolute|
|poke|p2|Samurott-Hisui, M|
|poke|p2|Iron Moth|
|teampreview
|
|t:|1743831407
|start
|switch|p1a: Fezandipiti|Fezandipiti, M|100/100
|switch|p2a: Gliscor|Gliscor, F, shiny|100/100
|turn|1
|
|t:|1743831414
|switch|p1a: Weezing|Weezing-Galar, M|100/100
|move|p2a: Gliscor|Spikes|p1a: Weezing
|-sidestart|p1: DaffyDuckTheWizard|Spikes
|
|-status|p2a: Gliscor|tox|[from] item: Toxic Orb
|upkeep
|turn|2
|
|t:|1743831431
|move|p2a: Gliscor|Knock Off|p1a: Weezing
|-resisted|p1a: Weezing
|-damage|p1a: Weezing|94/100
|-enditem|p1a: Weezing|Weakness Policy|[from] move: Knock Off|[of] p2a: Gliscor
|move|p1a: Weezing|Substitute|p1a: Weezing
|-start|p1a: Weezing|Substitute
|-damage|p1a: Weezing|69/100
|
|upkeep
|turn|3
|
|t:|1743831449
|switch|p2a: Samurott|Samurott-Hisui, M, shiny|100/100
|move|p1a: Weezing|Strange Steam|p2a: Samurott
|-supereffective|p2a: Samurott
|-damage|p2a: Samurott|16/100
|
|upkeep
|turn|4
|
|t:|1743831457
|move|p2a: Samurott|Flip Turn|p1a: Weezing
|-activate|p1a: Weezing|move: Substitute|[damage]
|
|t:|1743831463
|switch|p2a: Keldeo|Keldeo-Resolute|100/100|[from] Flip Turn
|move|p1a: Weezing|Strange Steam|p2a: Keldeo
|-supereffective|p2a: Keldeo
|-damage|p2a: Keldeo|33/100
|-start|p2a: Keldeo|confusion
|
|upkeep
|turn|5
|
|t:|1743831473
|-activate|p2a: Keldeo|confusion
|move|p2a: Keldeo|Vacuum Wave|p1a: Weezing
|-resisted|p1a: Weezing
|-crit|p1a: Weezing
|-end|p1a: Weezing|Substitute
|move|p1a: Weezing|Strange Steam|p2a: Keldeo
|-supereffective|p2a: Keldeo
|-damage|p2a: Keldeo|0 fnt
|faint|p2a: Keldeo
|
|upkeep
|
|t:|1743831485
|switch|p2a: Tinkaton|Tinkaton, F, shiny|100/100
|-ability|p2a: Tinkaton|Mold Breaker
|-item|p2a: Tinkaton|Air Balloon
|turn|6
|
|t:|1743831491
|move|p2a: Tinkaton|Gigaton Hammer|p1a: Weezing
|-supereffective|p1a: Weezing
|-damage|p1a: Weezing|0 fnt
|faint|p1a: Weezing
|
|upkeep
|
|t:|1743831505
|switch|p1a: Sylvester|Sylveon, M|100/100
|turn|7
|
|t:|1743831522
|-terastallize|p1a: Sylvester|Ground
|move|p2a: Tinkaton|Knock Off|p1a: Sylvester
|-damage|p1a: Sylvester|72/100
|-enditem|p1a: Sylvester|Heavy-Duty Boots|[from] move: Knock Off|[of] p2a: Tinkaton
|move|p1a: Sylvester|Calm Mind|p1a: Sylvester
|-boost|p1a: Sylvester|spa|1
|-boost|p1a: Sylvester|spd|1
|
|upkeep
|turn|8
|-message|DaffyDuckTheWizard forfeited.
|
|win|P-Chans06
|raw|DaffyDuckTheWizard's rating: 1054 &rarr; <strong>1038</strong><br />(-16 for losing)
|raw|P-Chans06's rating: 1098 &rarr; <strong>1120</strong><br />(+22 for winning)
|l|☆DaffyDuckTheWizard
|player|p1|
|l|☆P-Chans06
|player|p2|
