|j|☆sauceybake
|j|☆testaltlol
|t:|1743881971
|gametype|singles
|player|p1|sauceybake|riley|1193
|player|p2|testaltlol|2|1235
|teamsize|p1|6
|teamsize|p2|6
|gen|9
|tier|[Gen 9] OU
|rated|
|rule|HP Percentage Mod: HP is shown in percentages
|rule|Endless Battle Clause: Forcing endless battles is banned
|rule|Species Clause: Limit one of each Pokémon
|rule|OHKO Clause: OHKO moves are banned
|rule|Evasion Items Clause: Evasion items are banned
|rule|Evasion Moves Clause: Evasion moves are banned
|rule|Sleep Moves Clause: Sleep-inducing moves are banned
|clearpoke
|poke|p1|Sableye, M|
|poke|p1|Sneasel, M|
|poke|p1|Wooper, M|
|poke|p1|Clodsire, F|
|poke|p1|Lokix, M|
|poke|p1|Chandelure, M|
|poke|p2|Glimmora, F|
|poke|p2|Skeledirge, M|
|poke|p2|Landorus-Therian, M|
|poke|p2|Grimmsnarl, M|
|poke|p2|Kommo-o, F|
|poke|p2|Manaphy|
|teampreview
|inactive|Battle timer is ON: inactive players will automatically lose when time's up. (requested by sauceybake)
|
|t:|1743882013
|start
|switch|p1a: Sneasel|Sneasel, M|100/100
|switch|p2a: Landorus|Landorus-Therian, M|100/100
|-ability|p2a: Landorus|Intimidate|boost
|-fail|p1a: Sneasel|unboost|Attack|[from] ability: Inner Focus|[of] p1a: Sneasel
|turn|1
|inactive|testaltlol has 120 seconds left.
|inactive|testaltlol has 90 seconds left.
|inactive|testaltlol has 60 seconds left.
|
|t:|1743882103
|switch|p2a: Grimmsnarl|Grimmsnarl, M|100/100
|move|p1a: Sneasel|Knock Off|p2a: Grimmsnarl
|-resisted|p2a: Grimmsnarl
|-damage|p2a: Grimmsnarl|88/100
|-enditem|p2a: Grimmsnarl|Light Clay|[from] move: Knock Off|[of] p1a: Sneasel
|
|upkeep
|turn|2
|
|t:|1743882114
|switch|p1a: Clodsire|Clodsire, F, shiny|100/100
|move|p2a: Grimmsnarl|Reflect|p2a: Grimmsnarl
|-sidestart|p2: testaltlol|Reflect
|
|upkeep
|turn|3
|
|t:|1743882116
|move|p2a: Grimmsnarl|Taunt|p1a: Clodsire
|-start|p1a: Clodsire|move: Taunt
|cant|p1a: Clodsire|move: Taunt|Toxic
|
|upkeep
|turn|4
|
|t:|1743882121
|switch|p1a: Lokix|Lokix, M|100/100
|move|p2a: Grimmsnarl|Light Screen|p2a: Grimmsnarl
|-sidestart|p2: testaltlol|move: Light Screen
|
|upkeep
|turn|5
|inactive|testaltlol has 90 seconds left.
|
|t:|1743882137
|switch|p2a: Manaphy|Manaphy|100/100
|move|p1a: Lokix|Swords Dance|p1a: Lokix
|-boost|p1a: Lokix|atk|2
|
|upkeep
|turn|6
|inactive|testaltlol has 90 seconds left.
|
|t:|1743882150
|move|p2a: Manaphy|Tail Glow|p2a: Manaphy
|-boost|p2a: Manaphy|spa|3
|move|p1a: Lokix|Swords Dance|p1a: Lokix
|-boost|p1a: Lokix|atk|2
|
|-sideend|p2: testaltlol|Reflect
|upkeep
|turn|7
|inactive|testaltlol has 90 seconds left.
|
|t:|1743882157
|move|p1a: Lokix|Sucker Punch|p2a: Manaphy
|-damage|p2a: Manaphy|5/100
|move|p2a: Manaphy|Alluring Voice|p1a: Lokix
|-supereffective|p1a: Lokix
|-damage|p1a: Lokix|0 fnt
|faint|p1a: Lokix
|
|-heal|p2a: Manaphy|11/100|[from] item: Leftovers
|upkeep
|
|t:|1743882162
|switch|p1a: Sneasel|Sneasel, M|100/100
|turn|8
|
|t:|1743882165
|move|p1a: Sneasel|Fake Out|p2a: Manaphy
|-damage|p2a: Manaphy|0 fnt
|faint|p2a: Manaphy
|
|-sideend|p2: testaltlol|move: Light Screen
|upkeep
|
|t:|1743882172
|switch|p2a: Grimmsnarl|Grimmsnarl, M|88/100
|turn|9
|
|t:|1743882191
|move|p2a: Grimmsnarl|Reflect|p2a: Grimmsnarl
|-sidestart|p2: testaltlol|Reflect
|move|p1a: Sneasel|Swords Dance|p1a: Sneasel
|-boost|p1a: Sneasel|atk|2
|
|upkeep
|turn|10
|inactive|testaltlol has 120 seconds left.
|
|t:|1743882197
|switch|p2a: Skeledirge|Skeledirge, M|100/100
|move|p1a: Sneasel|Swords Dance|p1a: Sneasel
|-boost|p1a: Sneasel|atk|2
|
|upkeep
|turn|11
|
|t:|1743882202
|-terastallize|p2a: Skeledirge|Fairy
|move|p1a: Sneasel|Knock Off|p2a: Skeledirge
|-resisted|p2a: Skeledirge
|-damage|p2a: Skeledirge|92/100
|-enditem|p2a: Skeledirge|Heavy-Duty Boots|[from] move: Knock Off|[of] p1a: Sneasel
|move|p2a: Skeledirge|Torch Song|p1a: Sneasel
|-supereffective|p1a: Sneasel
|-damage|p1a: Sneasel|47/100
|-boost|p2a: Skeledirge|spa|1
|
|upkeep
|turn|12
|
|t:|1743882210
|switch|p1a: Clodsire|Clodsire, F, shiny|100/100
|move|p2a: Skeledirge|Torch Song|p1a: Clodsire
|-damage|p1a: Clodsire|85/100
|-boost|p2a: Skeledirge|spa|1
|
|-heal|p1a: Clodsire|91/100|[from] item: Leftovers
|upkeep
|turn|13
|
|t:|1743882216
|switch|p2a: Glimmora|Glimmora, F|100/100
|move|p1a: Clodsire|Toxic|p2a: Glimmora
|-immune|p2a: Glimmora
|
|-heal|p1a: Clodsire|97/100|[from] item: Leftovers
|-sideend|p2: testaltlol|Reflect
|upkeep
|turn|14
|
|t:|1743882222
|move|p2a: Glimmora|Earth Power|p1a: Clodsire
|-supereffective|p1a: Clodsire
|-damage|p1a: Clodsire|55/100
|-unboost|p1a: Clodsire|spd|1
|-damage|p2a: Glimmora|91/100|[from] item: Life Orb
|move|p1a: Clodsire|Earthquake|p2a: Glimmora
|-supereffective|p2a: Glimmora
|-damage|p2a: Glimmora|0 fnt
|-activate|p2a: Glimmora|ability: Toxic Debris
|-sidestart|p1: sauceybake|move: Toxic Spikes
|faint|p2a: Glimmora
|
|-heal|p1a: Clodsire|61/100|[from] item: Leftovers
|upkeep
|
|t:|1743882238
|switch|p2a: Kommo-o|Kommo-o, F|100/100
|turn|15
|
|t:|1743882243
|move|p2a: Kommo-o|Clanging Scales|p1a: Clodsire
|-damage|p1a: Clodsire|25/100
|-unboost|p2a: Kommo-o|def|1
|-enditem|p2a: Kommo-o|Throat Spray
|-boost|p2a: Kommo-o|spa|1|[from] item: Throat Spray
|move|p1a: Clodsire|Toxic|p2a: Kommo-o
|-status|p2a: Kommo-o|tox
|
|-heal|p1a: Clodsire|31/100|[from] item: Leftovers
|-damage|p2a: Kommo-o|94/100 tox|[from] psn
|upkeep
|turn|16
|
|t:|1743882262
|move|p1a: Clodsire|Protect|p1a: Clodsire
|-singleturn|p1a: Clodsire|Protect
|move|p2a: Kommo-o|Clangorous Soul|p2a: Kommo-o
|-boost|p2a: Kommo-o|atk|1
|-boost|p2a: Kommo-o|def|1
|-boost|p2a: Kommo-o|spa|1
|-boost|p2a: Kommo-o|spd|1
|-boost|p2a: Kommo-o|spe|1
|-damage|p2a: Kommo-o|61/100 tox
|
|-heal|p1a: Clodsire|37/100|[from] item: Leftovers
|-damage|p2a: Kommo-o|49/100 tox|[from] psn
|upkeep
|turn|17
|
|t:|1743882268
|move|p2a: Kommo-o|Clanging Scales|p1a: Clodsire
|-damage|p1a: Clodsire|2/100
|-unboost|p2a: Kommo-o|def|1
|move|p1a: Clodsire|Recover|p1a: Clodsire
|-heal|p1a: Clodsire|52/100
|
|-heal|p1a: Clodsire|58/100|[from] item: Leftovers
|-damage|p2a: Kommo-o|30/100 tox|[from] psn
|upkeep
|turn|18
|-message|testaltlol forfeited.
|
|win|sauceybake
|raw|sauceybake's rating: 1193 &rarr; <strong>1221</strong><br />(+28 for winning)
|raw|testaltlol's rating: 1235 &rarr; <strong>1207</strong><br />(-28 for losing)
|l|☆testaltlol
|player|p2|
