|j|☆nesnot
|j|☆mechamakachino
|t:|1743829736
|gametype|singles
|player|p1|nesnot|266|1483
|player|p2|mechamakachino|aromalady|1492
|teamsize|p1|6
|teamsize|p2|6
|gen|9
|tier|[Gen 9] OU
|rated|
|rule|HP Percentage Mod: HP is shown in percentages
|rule|Endless Battle Clause: Forcing endless battles is banned
|rule|Species Clause: Limit one of each Pokémon
|rule|OHKO Clause: OHKO moves are banned
|rule|Evasion Items Clause: Evasion items are banned
|rule|Evasion Moves Clause: Evasion moves are banned
|rule|Sleep Moves Clause: Sleep-inducing moves are banned
|clearpoke
|poke|p1|Salamence, F|
|poke|p1|Gyarados, M|
|poke|p1|Great Tusk|
|poke|p1|Iron Treads|
|poke|p1|Amoonguss, M|
|poke|p1|Darkrai|
|poke|p2|Rotom-Wash|
|poke|p2|Moltres|
|poke|p2|Tinkaton, F|
|poke|p2|Ting-Lu|
|poke|p2|Dragapult, F|
|poke|p2|Ogerpon-Wellspring, F|
|teampreview
|inactive|Battle timer is ON: inactive players will automatically lose when time's up. (requested by nesnot)
|
|t:|1743829743
|start
|switch|p1a: Iron Treads|Iron Treads|100/100
|switch|p2a: Ogerpon|Ogerpon-Wellspring, F|100/100
|turn|1
|
|t:|1743829749
|-end|p1a: Iron Treads|Quark Drive|[silent]
|switch|p1a: Amoonguss|Amoonguss, M|100/100
|move|p2a: Ogerpon|Spikes|p1a: Amoonguss
|-sidestart|p1: nesnot|Spikes
|
|upkeep
|turn|2
|
|t:|1743829752
|switch|p2a: Tinkaton|Tinkaton, F, shiny|100/100
|-ability|p2a: Tinkaton|Mold Breaker
|move|p1a: Amoonguss|Sludge Bomb|p2a: Tinkaton
|-immune|p2a: Tinkaton
|
|upkeep
|turn|3
|
|t:|1743829756
|switch|p1a: Iron Treads|Iron Treads|100/100
|-damage|p1a: Iron Treads|88/100|[from] Spikes
|move|p2a: Tinkaton|Knock Off|p1a: Iron Treads
|-damage|p1a: Iron Treads|75/100
|-enditem|p1a: Iron Treads|Leftovers|[from] move: Knock Off|[of] p2a: Tinkaton
|
|upkeep
|turn|4
|
|t:|1743829760
|switch|p2a: Dragapult|Dragapult, F|100/100
|move|p1a: Iron Treads|Stealth Rock|p2a: Dragapult
|-sidestart|p2: mechamakachino|move: Stealth Rock
|
|upkeep
|turn|5
|
|t:|1743829763
|switch|p2a: Ogerpon|Ogerpon-Wellspring, F|100/100
|-damage|p2a: Ogerpon|88/100|[from] Stealth Rock
|move|p1a: Iron Treads|Knock Off|p2a: Ogerpon
|-damage|p2a: Ogerpon|65/100
|
|upkeep
|turn|6
|
|t:|1743829767
|-end|p1a: Iron Treads|Quark Drive|[silent]
|switch|p1a: Amoonguss|Amoonguss, M|100/100
|-damage|p1a: Amoonguss|88/100|[from] Spikes
|move|p2a: Ogerpon|Knock Off|p1a: Amoonguss
|-damage|p1a: Amoonguss|60/100
|-damage|p2a: Ogerpon|48/100|[from] item: Rocky Helmet|[of] p1a: Amoonguss
|-enditem|p1a: Amoonguss|Rocky Helmet|[from] move: Knock Off|[of] p2a: Ogerpon
|
|upkeep
|turn|7
|
|t:|1743829771
|switch|p2a: Tinkaton|Tinkaton, F, shiny|100/100
|-damage|p2a: Tinkaton|94/100|[from] Stealth Rock
|-ability|p2a: Tinkaton|Mold Breaker
|move|p1a: Amoonguss|Stun Spore|p2a: Tinkaton
|-status|p2a: Tinkaton|par
|
|-heal|p2a: Tinkaton|100/100 par|[from] item: Leftovers
|upkeep
|turn|8
|
|t:|1743829774
|switch|p1a: Iron Treads|Iron Treads|75/100
|-damage|p1a: Iron Treads|63/100|[from] Spikes
|move|p2a: Tinkaton|Stealth Rock|p1a: Iron Treads
|-sidestart|p1: nesnot|move: Stealth Rock
|
|upkeep
|turn|9
|
|t:|1743829778
|switch|p2a: Dragapult|Dragapult, F|100/100
|move|p1a: Iron Treads|Knock Off|p2a: Dragapult
|-supereffective|p2a: Dragapult
|-damage|p2a: Dragapult|33/100
|-enditem|p2a: Dragapult|Heavy-Duty Boots|[from] move: Knock Off|[of] p1a: Iron Treads
|
|upkeep
|turn|10
|
|t:|1743829781
|move|p2a: Dragapult|Thunder Wave|p1a: Iron Treads
|-immune|p1a: Iron Treads
|move|p1a: Iron Treads|Rapid Spin|p2a: Dragapult
|-immune|p2a: Dragapult
|
|upkeep
|turn|11
|
|t:|1743829784
|move|p2a: Dragapult|Hex|p1a: Iron Treads
|-damage|p1a: Iron Treads|33/100
|move|p1a: Iron Treads|Rapid Spin|p2a: Dragapult
|-immune|p2a: Dragapult
|
|upkeep
|turn|12
|
|t:|1743829789
|move|p2a: Dragapult|Hex|p1a: Iron Treads
|-damage|p1a: Iron Treads|0 fnt
|faint|p1a: Iron Treads
|-end|p1a: Iron Treads|Quark Drive|[silent]
|
|upkeep
|
|t:|1743829796
|switch|p1a: Amoonguss|Amoonguss, M|93/100
|-damage|p1a: Amoonguss|81/100|[from] Spikes
|-damage|p1a: Amoonguss|68/100|[from] Stealth Rock
|turn|13
|
|t:|1743829800
|move|p2a: Dragapult|Thunder Wave|p1a: Amoonguss
|-status|p1a: Amoonguss|par
|move|p1a: Amoonguss|Foul Play|p2a: Dragapult
|-supereffective|p2a: Dragapult
|-damage|p2a: Dragapult|0 fnt
|faint|p2a: Dragapult
|
|upkeep
|
|t:|1743829803
|switch|p2a: Moltres|Moltres|100/100
|turn|14
|
|t:|1743829814
|switch|p1a: Darkrai|Darkrai|100/100
|-damage|p1a: Darkrai|88/100|[from] Spikes
|-damage|p1a: Darkrai|76/100|[from] Stealth Rock
|move|p2a: Moltres|Flamethrower|p1a: Darkrai
|-damage|p1a: Darkrai|25/100
|
|-heal|p1a: Darkrai|31/100|[from] item: Leftovers
|upkeep
|turn|15
|
|t:|1743829818
|switch|p2a: Ting-Lu|Ting-Lu|100/100
|-ability|p2a: Ting-Lu|Vessel of Ruin
|move|p1a: Darkrai|Sludge Bomb|p2a: Ting-Lu
|-resisted|p2a: Ting-Lu
|-damage|p2a: Ting-Lu|94/100
|
|-heal|p1a: Darkrai|38/100|[from] item: Leftovers
|upkeep
|turn|16
|
|t:|1743829820
|move|p1a: Darkrai|Will-O-Wisp|p2a: Ting-Lu
|-status|p2a: Ting-Lu|brn
|move|p2a: Ting-Lu|Earthquake|p1a: Darkrai
|-damage|p1a: Darkrai|13/100
|
|-heal|p1a: Darkrai|19/100|[from] item: Leftovers
|-damage|p2a: Ting-Lu|88/100 brn|[from] brn
|upkeep
|turn|17
|
|t:|1743829823
|move|p1a: Darkrai|Ice Beam|p2a: Ting-Lu
|-supereffective|p2a: Ting-Lu
|-damage|p2a: Ting-Lu|59/100 brn
|move|p2a: Ting-Lu|Earthquake|p1a: Darkrai
|-damage|p1a: Darkrai|0 fnt
|faint|p1a: Darkrai
|
|-damage|p2a: Ting-Lu|52/100 brn|[from] brn
|upkeep
|
|t:|1743829826
|switch|p1a: Great Tusk|Great Tusk|100/100
|turn|18
|
|t:|1743829828
|switch|p2a: Rotom|Rotom-Wash|100/100
|-damage|p2a: Rotom|88/100|[from] Stealth Rock
|move|p1a: Great Tusk|Rapid Spin|p2a: Rotom
|-damage|p2a: Rotom|74/100
|-boost|p1a: Great Tusk|spe|1
|-damage|p1a: Great Tusk|84/100|[from] item: Rocky Helmet|[of] p2a: Rotom
|-sideend|p1: nesnot|Spikes|[from] move: Rapid Spin|[of] p1a: Great Tusk
|-sideend|p1: nesnot|Stealth Rock|[from] move: Rapid Spin|[of] p1a: Great Tusk
|
|upkeep
|turn|19
|
|t:|1743829832
|-end|p1a: Great Tusk|Protosynthesis|[silent]
|switch|p1a: Amoonguss|Amoonguss, M|100/100 par
|move|p2a: Rotom|Hydro Pump|p1a: Amoonguss|[miss]
|-miss|p2a: Rotom|p1a: Amoonguss
|
|upkeep
|turn|20
|
|t:|1743829838
|switch|p2a: Tinkaton|Tinkaton, F, shiny|100/100 par
|-damage|p2a: Tinkaton|94/100 par|[from] Stealth Rock
|-ability|p2a: Tinkaton|Mold Breaker
|move|p1a: Amoonguss|Stun Spore|p2a: Tinkaton|[miss]
|-miss|p1a: Amoonguss|p2a: Tinkaton
|
|-heal|p2a: Tinkaton|100/100 par|[from] item: Leftovers
|upkeep
|turn|21
|
|t:|1743829842
|switch|p1a: Great Tusk|Great Tusk|84/100
|move|p2a: Tinkaton|Knock Off|p1a: Great Tusk
|-resisted|p1a: Great Tusk
|-damage|p1a: Great Tusk|78/100
|-enditem|p1a: Great Tusk|Heavy-Duty Boots|[from] move: Knock Off|[of] p2a: Tinkaton
|
|upkeep
|turn|22
|
|t:|1743829858
|-end|p1a: Great Tusk|Protosynthesis|[silent]
|switch|p1a: Amoonguss|Amoonguss, M|100/100 par
|switch|p2a: Moltres|Moltres|100/100
|
|upkeep
|turn|23
|
|t:|1743829860
|move|p2a: Moltres|Flamethrower|p1a: Amoonguss
|-supereffective|p1a: Amoonguss
|-damage|p1a: Amoonguss|25/100 par
|cant|p1a: Amoonguss|par
|
|upkeep
|turn|24
|
|t:|1743829867
|switch|p1a: Salamence|Salamence, F|100/100
|move|p2a: Moltres|Flamethrower|p1a: Salamence
|-resisted|p1a: Salamence
|-damage|p1a: Salamence|77/100
|
|upkeep
|turn|25
|
|t:|1743829871
|switch|p1a: Great Tusk|Great Tusk|78/100
|switch|p2a: Ting-Lu|Ting-Lu|52/100 brn
|-ability|p2a: Ting-Lu|Vessel of Ruin
|
|-damage|p2a: Ting-Lu|46/100 brn|[from] brn
|upkeep
|turn|26
|
|t:|1743829875
|-end|p1a: Great Tusk|Protosynthesis|[silent]
|switch|p1a: Gyarados|Gyarados, M|100/100
|move|p2a: Ting-Lu|Earthquake|p1a: Gyarados
|-immune|p1a: Gyarados
|
|-damage|p2a: Ting-Lu|40/100 brn|[from] brn
|upkeep
|turn|27
|
|t:|1743829879
|switch|p2a: Rotom|Rotom-Wash|74/100
|-damage|p2a: Rotom|61/100|[from] Stealth Rock
|move|p1a: Gyarados|Dragon Dance|p1a: Gyarados
|-boost|p1a: Gyarados|atk|1
|-boost|p1a: Gyarados|spe|1
|
|upkeep
|turn|28
|
|t:|1743829882
|-terastallize|p1a: Gyarados|Electric
|move|p1a: Gyarados|Substitute|p1a: Gyarados
|-start|p1a: Gyarados|Substitute
|-damage|p1a: Gyarados|76/100
|move|p2a: Rotom|Will-O-Wisp||[still]
|-fail|p2a: Rotom
|
|-heal|p1a: Gyarados|82/100|[from] item: Leftovers
|upkeep
|turn|29
|
|t:|1743829886
|move|p1a: Gyarados|Dragon Dance|p1a: Gyarados
|-boost|p1a: Gyarados|atk|1
|-boost|p1a: Gyarados|spe|1
|move|p2a: Rotom|Hydro Pump|p1a: Gyarados|[miss]
|-miss|p2a: Rotom|p1a: Gyarados
|
|-heal|p1a: Gyarados|88/100|[from] item: Leftovers
|upkeep
|turn|30
|
|t:|1743829890
|move|p1a: Gyarados|Dragon Dance|p1a: Gyarados
|-boost|p1a: Gyarados|atk|1
|-boost|p1a: Gyarados|spe|1
|move|p2a: Rotom|Hydro Pump|p1a: Gyarados|[miss]
|-miss|p2a: Rotom|p1a: Gyarados
|
|-heal|p1a: Gyarados|94/100|[from] item: Leftovers
|upkeep
|turn|31
|-message|mechamakachino forfeited.
|
|win|nesnot
|raw|nesnot's rating: 1464 &rarr; <strong>1486</strong><br />(+22 for winning)
|raw|mechamakachino's rating: 1492 &rarr; <strong>1470</strong><br />(-22 for losing)
|l|☆mechamakachino
|player|p2|
