|j|☆servant of cinder
|j|☆tdd20070515兹伏奇大吾
|t:|1743842353
|gametype|singles
|player|p1|servant of cinder|blaine|1630
|player|p2|tdd20070515兹伏奇大吾|steven-masters2|1632
|teamsize|p1|6
|teamsize|p2|6
|gen|9
|tier|[Gen 9] OU
|rated|
|rule|HP Percentage Mod: HP is shown in percentages
|rule|Endless Battle Clause: Forcing endless battles is banned
|rule|Species Clause: Limit one of each Pokémon
|rule|OHKO Clause: OHKO moves are banned
|rule|Evasion Items Clause: Evasion items are banned
|rule|Evasion Moves Clause: Evasion moves are banned
|rule|Sleep Moves Clause: Sleep-inducing moves are banned
|clearpoke
|poke|p1|Hydrapple, M|
|poke|p1|Landorus-Therian, M|
|poke|p1|Garganacl, F|
|poke|p1|Iron Crown|
|poke|p1|Kingambit, M|
|poke|p1|Weezing-Galar, F|
|poke|p2|Great Tusk|
|poke|p2|Alomomola, F|
|poke|p2|Hydreigon, M|
|poke|p2|Metagross|
|poke|p2|Sinistcha-Masterpiece|
|poke|p2|Zamazenta-*|
|teampreview
|inactive|Battle timer is ON: inactive players will automatically lose when time's up. (requested by servant of cinder)
|c|☆servant of cinder|hf
|
|t:|1743842361
|start
|switch|p1a: Landorus|Landorus-Therian, M|100/100
|switch|p2a: 最后我第一，又强又厉害|Metagross|100/100
|-ability|p1a: Landorus|Intimidate|boost
|-fail|p2a: 最后我第一，又强又厉害|unboost|[from] ability: Clear Body|[of] p2a: 最后我第一，又强又厉害
|turn|1
|
|t:|1743842371
|move|p1a: Landorus|Stealth Rock|p2a: 最后我第一，又强又厉害
|-sidestart|p2: tdd20070515兹伏奇大吾|move: Stealth Rock
|move|p2a: 最后我第一，又强又厉害|Ice Punch|p1a: Landorus
|-supereffective|p1a: Landorus
|-crit|p1a: Landorus
|-damage|p1a: Landorus|0 fnt
|-damage|p2a: 最后我第一，又强又厉害|84/100|[from] item: Rocky Helmet|[of] p1a: Landorus
|faint|p1a: Landorus
|
|-heal|p2a: 最后我第一，又强又厉害|90/100|[from] item: Leftovers
|upkeep
|c|☆tdd20070515兹伏奇大吾|glhf
|
|t:|1743842382
|switch|p1a: Iron Crown|Iron Crown|100/100
|turn|2
|
|t:|1743842385
|move|p1a: Iron Crown|Future Sight|p2a: 最后我第一，又强又厉害
|-start|p1a: Iron Crown|move: Future Sight
|move|p2a: 最后我第一，又强又厉害|Knock Off|p1a: Iron Crown
|-supereffective|p1a: Iron Crown
|-damage|p1a: Iron Crown|43/100
|-enditem|p1a: Iron Crown|Assault Vest|[from] move: Knock Off|[of] p2a: 最后我第一，又强又厉害
|
|-heal|p2a: 最后我第一，又强又厉害|96/100|[from] item: Leftovers
|upkeep
|turn|3
|j| 97tggo
|
|t:|1743842391
|move|p1a: Iron Crown|Volt Switch|p2a: 最后我第一，又强又厉害
|-damage|p2a: 最后我第一，又强又厉害|79/100
|
|t:|1743842400
|-end|p1a: Iron Crown|Quark Drive|[silent]
|switch|p1a: Hydrapple|Hydrapple, M|100/100|[from] Volt Switch
|move|p2a: 最后我第一，又强又厉害|Stealth Rock|p1a: Hydrapple
|-sidestart|p1: servant of cinder|move: Stealth Rock
|
|-heal|p2a: 最后我第一，又强又厉害|85/100|[from] item: Leftovers
|upkeep
|turn|4
|j| frindlebabbin
|c|☆tdd20070515兹伏奇大吾|u will type
|
|t:|1743842423
|move|p2a: 最后我第一，又强又厉害|Knock Off|p1a: Hydrapple
|-damage|p1a: Hydrapple|83/100
|-enditem|p1a: Hydrapple|Heavy-Duty Boots|[from] move: Knock Off|[of] p2a: 最后我第一，又强又厉害
|move|p1a: Hydrapple|Earth Power|p2a: 最后我第一，又强又厉害
|-supereffective|p2a: 最后我第一，又强又厉害
|-damage|p2a: 最后我第一，又强又厉害|52/100
|
|-end|p2a: 最后我第一，又强又厉害|move: Future Sight
|-resisted|p2a: 最后我第一，又强又厉害
|-damage|p2a: 最后我第一，又强又厉害|41/100
|-heal|p2a: 最后我第一，又强又厉害|47/100|[from] item: Leftovers
|upkeep
|turn|5
|
|t:|1743842446
|switch|p1a: Kingambit|Kingambit, M|100/100
|-damage|p1a: Kingambit|94/100|[from] Stealth Rock
|-activate|p1a: Kingambit|ability: Supreme Overlord
|-start|p1a: Kingambit|fallen1|[silent]
|move|p2a: 最后我第一，又强又厉害|Ice Punch|p1a: Kingambit
|-resisted|p1a: Kingambit
|-damage|p1a: Kingambit|86/100
|
|-heal|p1a: Kingambit|92/100|[from] item: Leftovers
|-heal|p2a: 最后我第一，又强又厉害|54/100|[from] item: Leftovers
|upkeep
|turn|6
|
|t:|1743842452
|switch|p2a: 战斗，然后死吧!|Great Tusk|100/100
|-damage|p2a: 战斗，然后死吧!|98/100|[from] Stealth Rock
|move|p1a: Kingambit|Kowtow Cleave|p2a: 战斗，然后死吧!
|-resisted|p2a: 战斗，然后死吧!
|-damage|p2a: 战斗，然后死吧!|85/100
|
|-heal|p2a: 战斗，然后死吧!|91/100|[from] item: Leftovers
|-heal|p1a: Kingambit|98/100|[from] item: Leftovers
|upkeep
|turn|7
|j| i registered this
|
|t:|1743842459
|-end|p1a: Kingambit|fallen1|[silent]
|switch|p1a: Hydrapple|Hydrapple, M|100/100
|-damage|p1a: Hydrapple|88/100|[from] Stealth Rock
|move|p2a: 战斗，然后死吧!|Rapid Spin|p1a: Hydrapple
|-damage|p1a: Hydrapple|78/100
|-boost|p2a: 战斗，然后死吧!|spe|1
|-sideend|p2: tdd20070515兹伏奇大吾|Stealth Rock|[from] move: Rapid Spin|[of] p2a: 战斗，然后死吧!
|
|-heal|p2a: 战斗，然后死吧!|98/100|[from] item: Leftovers
|upkeep
|turn|8
|j| AzovSTALL
|
|t:|1743842463
|move|p2a: 战斗，然后死吧!|Ice Spinner|p1a: Hydrapple
|-supereffective|p1a: Hydrapple
|-damage|p1a: Hydrapple|26/100
|move|p1a: Hydrapple|Nasty Plot|p1a: Hydrapple
|-boost|p1a: Hydrapple|spa|2
|
|-heal|p2a: 战斗，然后死吧!|100/100|[from] item: Leftovers
|upkeep
|turn|9
|
|t:|1743842469
|-terastallize|p1a: Hydrapple|Fairy
|move|p2a: 战斗，然后死吧!|Earthquake|p1a: Hydrapple
|-damage|p1a: Hydrapple|0 fnt
|faint|p1a: Hydrapple
|
|upkeep
|c|☆servant of cinder|gg
|-message|servant of cinder forfeited.
|
|win|tdd20070515兹伏奇大吾
|raw|servant of cinder's rating: 1630 &rarr; <strong>1610</strong><br />(-20 for losing)
|raw|tdd20070515兹伏奇大吾's rating: 1632 &rarr; <strong>1652</strong><br />(+20 for winning)
|l|☆servant of cinder
|player|p1|
|c|☆tdd20070515兹伏奇大吾|I GUESS
|l| i registered this
