|j|☆King Keita
|j|☆wdytyaia
|t:|1743781101
|gametype|singles
|player|p1|King Keita|dancer|1153
|player|p2|wdytyaia|aromalady|1171
|teamsize|p1|6
|teamsize|p2|6
|gen|9
|tier|[Gen 9] OU
|rated|
|rule|HP Percentage Mod: HP is shown in percentages
|rule|Endless Battle Clause: Forcing endless battles is banned
|rule|Species Clause: Limit one of each Pokémon
|rule|OHKO Clause: OHKO moves are banned
|rule|Evasion Items Clause: Evasion items are banned
|rule|Evasion Moves Clause: Evasion moves are banned
|rule|Sleep Moves Clause: Sleep-inducing moves are banned
|clearpoke
|poke|p1|Wigglytuff, M|
|poke|p1|Ceruledge, M|
|poke|p1|Goodra, M|
|poke|p1|Gallade, M|
|poke|p1|Bisharp, M|
|poke|p1|Minior|
|poke|p2|Zapdos|
|poke|p2|Iron Crown|
|poke|p2|Garganacl, M|
|poke|p2|Great Tusk|
|poke|p2|Samurott-Hisui, M|
|poke|p2|Dragapult, M|
|teampreview
|inactive|Battle timer is ON: inactive players will automatically lose when time's up. (requested by King Keita)
|
|t:|1743781116
|start
|switch|p1a: Goodra|Goodra, M, shiny|100/100
|switch|p2a: Iron Crown|Iron Crown|100/100
|turn|1
|
|t:|1743781122
|move|p2a: Iron Crown|Psyshock|p1a: Goodra
|-damage|p1a: Goodra|38/100
|move|p1a: Goodra|Fire Blast|p2a: Iron Crown
|-supereffective|p2a: Iron Crown
|-damage|p2a: Iron Crown|21/100
|
|-heal|p1a: Goodra|44/100|[from] item: Leftovers
|upkeep
|turn|2
|
|t:|1743781141
|switch|p1a: Bisharp|Bisharp, M, shiny|100/100
|move|p2a: Iron Crown|Psyshock|p1a: Bisharp
|-immune|p1a: Bisharp
|
|upkeep
|turn|3
|
|t:|1743781149
|-end|p2a: Iron Crown|Quark Drive|[silent]
|switch|p2a: Great Tusk|Great Tusk|100/100
|move|p1a: Bisharp|Swords Dance|p1a: Bisharp
|-boost|p1a: Bisharp|atk|2
|
|upkeep
|turn|4
|
|t:|1743781156
|-terastallize|p1a: Bisharp|Flying
|move|p2a: Great Tusk|Headlong Rush|p1a: Bisharp
|-immune|p1a: Bisharp
|move|p1a: Bisharp|Aerial Ace|p2a: Great Tusk
|-supereffective|p2a: Great Tusk
|-damage|p2a: Great Tusk|7/100
|-damage|p1a: Bisharp|84/100|[from] item: Rocky Helmet|[of] p2a: Great Tusk
|
|upkeep
|turn|5
|
|t:|1743781168
|move|p1a: Bisharp|Sucker Punch||[still]
|-fail|p1a: Bisharp
|move|p2a: Great Tusk|Stealth Rock|p1a: Bisharp
|-sidestart|p1: King Keita|move: Stealth Rock
|
|upkeep
|turn|6
|
|t:|1743781176
|move|p2a: Great Tusk|Ice Spinner|p1a: Bisharp
|-supereffective|p1a: Bisharp
|-damage|p1a: Bisharp|39/100
|move|p1a: Bisharp|Swords Dance|p1a: Bisharp
|-boost|p1a: Bisharp|atk|2
|
|upkeep
|turn|7
|
|t:|1743781183
|move|p1a: Bisharp|Sucker Punch|p2a: Great Tusk
|-resisted|p2a: Great Tusk
|-damage|p2a: Great Tusk|0 fnt
|-damage|p1a: Bisharp|22/100|[from] item: Rocky Helmet|[of] p2a: Great Tusk
|faint|p2a: Great Tusk
|-end|p2a: Great Tusk|Protosynthesis|[silent]
|
|upkeep
|
|t:|1743781187
|switch|p2a: Samurott|Samurott-Hisui, M|100/100
|turn|8
|
|t:|1743781194
|move|p2a: Samurott|Sucker Punch|p1a: Bisharp
|-damage|p1a: Bisharp|0 fnt
|faint|p1a: Bisharp
|
|upkeep
|
|t:|1743781200
|switch|p1a: Goodra|Goodra, M, shiny|44/100
|-damage|p1a: Goodra|32/100|[from] Stealth Rock
|turn|9
|
|t:|1743781205
|move|p2a: Samurott|Knock Off|p1a: Goodra
|-damage|p1a: Goodra|0 fnt
|-ability|p1a: Goodra|Gooey
|-unboost|p2a: Samurott|spe|1
|-enditem|p1a: Goodra|Leftovers|[from] move: Knock Off|[of] p2a: Samurott
|faint|p1a: Goodra
|
|upkeep
|
|t:|1743781216
|switch|p1a: Wigglytuff|Wigglytuff, M, shiny|100/100
|-damage|p1a: Wigglytuff|88/100|[from] Stealth Rock
|turn|10
|
|t:|1743781236
|switch|p2a: Garganacl|Garganacl, M|100/100
|move|p1a: Wigglytuff|Alluring Voice|p2a: Garganacl
|-damage|p2a: Garganacl|79/100
|
|-heal|p2a: Garganacl|86/100|[from] item: Leftovers
|upkeep
|turn|11
|
|t:|1743781252
|switch|p1a: Gallade|Gallade, M, shiny|100/100
|-damage|p1a: Gallade|94/100|[from] Stealth Rock
|move|p2a: Garganacl|Salt Cure|p1a: Gallade
|-resisted|p1a: Gallade
|-damage|p1a: Gallade|81/100
|-start|p1a: Gallade|Salt Cure
|
|-heal|p2a: Garganacl|92/100|[from] item: Leftovers
|-damage|p1a: Gallade|69/100|[from] Salt Cure
|upkeep
|turn|12
|
|t:|1743781264
|switch|p2a: Zapdos|Zapdos|100/100
|move|p1a: Gallade|Night Slash|p2a: Zapdos
|-damage|p2a: Zapdos|73/100
|
|-damage|p1a: Gallade|57/100|[from] Salt Cure
|upkeep
|turn|13
|
|t:|1743781275
|switch|p1a: Minior|Minior, shiny|100/100
|-damage|p1a: Minior|76/100|[from] Stealth Rock
|-formechange|p1a: Minior|Minior-Meteor||[from] ability: Shields Down
|move|p2a: Zapdos|Volt Switch|p1a: Minior
|-supereffective|p1a: Minior
|-damage|p1a: Minior|0 fnt
|faint|p1a: Minior
|
|t:|1743781292
|switch|p2a: Iron Crown|Iron Crown|21/100|[from] Volt Switch
|
|upkeep
|
|t:|1743781304
|switch|p1a: Ceruledge|Ceruledge, M, shiny|100/100
|-damage|p1a: Ceruledge|75/100|[from] Stealth Rock
|turn|14
|
|t:|1743781308
|-end|p2a: Iron Crown|Quark Drive|[silent]
|switch|p2a: Samurott|Samurott-Hisui, M|100/100
|move|p1a: Ceruledge|Bulk Up|p1a: Ceruledge
|-boost|p1a: Ceruledge|atk|1
|-boost|p1a: Ceruledge|def|1
|
|upkeep
|turn|15
|
|t:|1743781320
|move|p1a: Ceruledge|Close Combat|p2a: Samurott
|-supereffective|p2a: Samurott
|-damage|p2a: Samurott|0 fnt
|-unboost|p1a: Ceruledge|def|1
|-unboost|p1a: Ceruledge|spd|1
|faint|p2a: Samurott
|
|upkeep
|
|t:|1743781328
|switch|p2a: Garganacl|Garganacl, M|92/100
|turn|16
|
|t:|1743781332
|move|p1a: Ceruledge|Bulk Up|p1a: Ceruledge
|-boost|p1a: Ceruledge|atk|1
|-boost|p1a: Ceruledge|def|1
|move|p2a: Garganacl|Salt Cure|p1a: Ceruledge
|-supereffective|p1a: Ceruledge
|-damage|p1a: Ceruledge|51/100
|-start|p1a: Ceruledge|Salt Cure
|
|-heal|p2a: Garganacl|98/100|[from] item: Leftovers
|-damage|p1a: Ceruledge|39/100|[from] Salt Cure
|upkeep
|turn|17
|
|t:|1743781344
|move|p1a: Ceruledge|Bitter Blade|p2a: Garganacl
|-resisted|p2a: Garganacl
|-damage|p2a: Garganacl|70/100
|-heal|p1a: Ceruledge|58/100|[from] drain|[of] p2a: Garganacl
|move|p2a: Garganacl|Earthquake|p1a: Ceruledge
|-supereffective|p1a: Ceruledge
|-damage|p1a: Ceruledge|11/100
|-enditem|p1a: Ceruledge|Salac Berry|[eat]
|-boost|p1a: Ceruledge|spe|1|[from] item: Salac Berry
|
|-heal|p2a: Garganacl|76/100|[from] item: Leftovers
|-damage|p1a: Ceruledge|0 fnt|[from] Salt Cure
|faint|p1a: Ceruledge
|upkeep
|
|t:|1743781358
|switch|p1a: Gallade|Gallade, M, shiny|57/100
|-damage|p1a: Gallade|51/100|[from] Stealth Rock
|turn|18
|
|t:|1743781374
|switch|p2a: Zapdos|Zapdos|73/100
|move|p1a: Gallade|Sacred Sword|p2a: Zapdos
|-resisted|p2a: Zapdos
|-damage|p2a: Zapdos|45/100
|
|upkeep
|turn|19
|
|t:|1743781386
|move|p1a: Gallade|Sacred Sword|p2a: Zapdos
|-resisted|p2a: Zapdos
|-damage|p2a: Zapdos|18/100
|move|p2a: Zapdos|Roost|p2a: Zapdos
|-heal|p2a: Zapdos|68/100
|-singleturn|p2a: Zapdos|move: Roost
|
|upkeep
|turn|20
|
|t:|1743781394
|switch|p1a: Wigglytuff|Wigglytuff, M, shiny|88/100
|-damage|p1a: Wigglytuff|76/100|[from] Stealth Rock
|move|p2a: Zapdos|Volt Switch|p1a: Wigglytuff
|-damage|p1a: Wigglytuff|54/100
|
|t:|1743781399
|switch|p2a: Iron Crown|Iron Crown|21/100|[from] Volt Switch
|
|upkeep
|turn|21
|
|t:|1743781405
|move|p2a: Iron Crown|Tachyon Cutter|p1a: Wigglytuff
|-supereffective|p1a: Wigglytuff
|-damage|p1a: Wigglytuff|0 fnt
|faint|p1a: Wigglytuff
|-hitcount|p1: Wigglytuff|1
|
|upkeep
|
|t:|1743781411
|switch|p1a: Gallade|Gallade, M, shiny|51/100
|-damage|p1a: Gallade|45/100|[from] Stealth Rock
|turn|22
|
|t:|1743781416
|move|p1a: Gallade|Night Slash|p2a: Iron Crown
|-supereffective|p2a: Iron Crown
|-crit|p2a: Iron Crown
|-damage|p2a: Iron Crown|0 fnt
|faint|p2a: Iron Crown
|-end|p2a: Iron Crown|Quark Drive|[silent]
|
|upkeep
|
|t:|1743781420
|switch|p2a: Garganacl|Garganacl, M|76/100
|turn|23
|
|t:|1743781424
|move|p1a: Gallade|Night Slash|p2a: Garganacl
|-damage|p2a: Garganacl|49/100
|move|p2a: Garganacl|Salt Cure|p1a: Gallade
|-resisted|p1a: Gallade
|-damage|p1a: Gallade|32/100
|-start|p1a: Gallade|Salt Cure
|
|-heal|p2a: Garganacl|55/100|[from] item: Leftovers
|-damage|p1a: Gallade|20/100|[from] Salt Cure
|upkeep
|turn|24
|
|t:|1743781434
|move|p1a: Gallade|Night Slash|p2a: Garganacl
|-damage|p2a: Garganacl|27/100
|move|p2a: Garganacl|Earthquake|p1a: Gallade
|-damage|p1a: Gallade|0 fnt
|faint|p1a: Gallade
|
|win|wdytyaia
|raw|King Keita's rating: 1153 &rarr; <strong>1129</strong><br />(-24 for losing)
|raw|wdytyaia's rating: 1171 &rarr; <strong>1195</strong><br />(+24 for winning)
|c|☆King Keita|Ggs
|c|☆wdytyaia|gg
