|j|☆Freakyfrogy
|j|☆poorlittlepa
|t:|1743915182
|gametype|singles
|player|p1|Freakyfrogy|silver|1110
|player|p2|poorlittlepa|170|1070
|teamsize|p1|6
|teamsize|p2|6
|gen|9
|tier|[Gen 9] OU
|rated|
|rule|HP Percentage Mod: HP is shown in percentages
|rule|Endless Battle Clause: Forcing endless battles is banned
|rule|Species Clause: Limit one of each Pokémon
|rule|OHKO Clause: OHKO moves are banned
|rule|Evasion Items Clause: Evasion items are banned
|rule|Evasion Moves Clause: Evasion moves are banned
|rule|Sleep Moves Clause: Sleep-inducing moves are banned
|clearpoke
|poke|p1|Kyurem|
|poke|p1|Landorus-Therian, M|
|poke|p1|Hatterene, F|
|poke|p1|Infernape, M|
|poke|p1|Dragapult, F|
|poke|p1|Iron Valiant|
|poke|p2|Corviknight, M|
|poke|p2|Rotom-Wash|
|poke|p2|Ditto|
|poke|p2|Incineroar, F|
|poke|p2|Hatterene, F|
|poke|p2|Ogerpon-Cornerstone, F|
|teampreview
|inactive|Battle timer is ON: inactive players will automatically lose when time's up. (requested by Freakyfrogy)
|
|t:|1743915196
|start
|switch|p1a: Infernape|Infernape, M, shiny|100/100
|switch|p2a: Incineroar|Incineroar, F|100/100
|-ability|p2a: Incineroar|Intimidate|boost
|-unboost|p1a: Infernape|atk|1
|turn|1
|
|t:|1743915210
|move|p2a: Incineroar|Fake Out|p1a: Infernape
|-damage|p1a: Infernape|84/100
|cant|p1a: Infernape|flinch
|
|upkeep
|turn|2
|
|t:|1743915218
|move|p1a: Infernape|Knock Off|p2a: Incineroar
|-resisted|p2a: Incineroar
|-damage|p2a: Incineroar|93/100
|-enditem|p2a: Incineroar|Red Card|[from] move: Knock Off|[of] p1a: Infernape
|move|p2a: Incineroar|Acrobatics|p1a: Infernape
|-supereffective|p1a: Infernape
|-damage|p1a: Infernape|0 fnt
|faint|p1a: Infernape
|
|upkeep
|
|t:|1743915239
|switch|p1a: Iron Valiant|Iron Valiant, shiny|100/100
|turn|3
|
|t:|1743915244
|move|p1a: Iron Valiant|Moonblast|p2a: Incineroar
|-damage|p2a: Incineroar|27/100
|move|p2a: Incineroar|Parting Shot|p1a: Iron Valiant
|-unboost|p1a: Iron Valiant|atk|1
|-unboost|p1a: Iron Valiant|spa|1
|
|t:|1743915262
|switch|p2a: Rotom|Rotom-Wash|100/100|[from] Parting Shot
|
|upkeep
|turn|4
|
|t:|1743915269
|-terastallize|p1a: Iron Valiant|Fairy
|move|p1a: Iron Valiant|Moonblast|p2a: Rotom
|-damage|p2a: Rotom|58/100
|-unboost|p2a: Rotom|spa|1
|move|p2a: Rotom|Foul Play|p1a: Iron Valiant
|-resisted|p1a: Iron Valiant
|-damage|p1a: Iron Valiant|91/100
|
|upkeep
|turn|5
|
|t:|1743915279
|move|p1a: Iron Valiant|Moonblast|p2a: Rotom
|-damage|p2a: Rotom|15/100
|move|p2a: Rotom|Hex|p1a: Iron Valiant
|-damage|p1a: Iron Valiant|70/100
|
|upkeep
|turn|6
|
|t:|1743915287
|switch|p2a: Corviknight|Corviknight, M|100/100
|move|p1a: Iron Valiant|Moonblast|p2a: Corviknight
|-resisted|p2a: Corviknight
|-damage|p2a: Corviknight|71/100
|-ability|p2a: Corviknight|Mirror Armor
|-unboost|p1a: Iron Valiant|spa|1
|
|upkeep
|turn|7
|
|t:|1743915297
|-end|p1a: Iron Valiant|Quark Drive|[silent]
|switch|p1a: Landorus|Landorus-Therian, M|100/100
|-ability|p1a: Landorus|Intimidate|boost
|-ability|p2a: Corviknight|Mirror Armor
|-unboost|p1a: Landorus|atk|1
|move|p2a: Corviknight|Iron Head|p1a: Landorus
|-damage|p1a: Landorus|60/100
|
|upkeep
|turn|8
|
|t:|1743915310
|switch|p2a: Hatterene|Hatterene, F|100/100
|move|p1a: Landorus|U-turn|p2a: Hatterene
|-damage|p2a: Hatterene|70/100
|
|t:|1743915315
|switch|p1a: Iron Valiant|Iron Valiant, shiny, tera:Fairy|70/100|[from] U-turn
|
|upkeep
|turn|9
|
|t:|1743915327
|move|p1a: Iron Valiant|Moonblast|p2a: Hatterene
|-damage|p2a: Hatterene|0 fnt
|faint|p2a: Hatterene
|
|upkeep
|
|t:|1743915335
|switch|p2a: Ogerpon|Ogerpon-Cornerstone, F|100/100
|turn|10
|
|t:|1743915340
|-end|p1a: Iron Valiant|Quark Drive|[silent]
|switch|p1a: Landorus|Landorus-Therian, M|60/100
|-ability|p1a: Landorus|Intimidate|boost
|-unboost|p2a: Ogerpon|atk|1
|move|p2a: Ogerpon|Substitute|p2a: Ogerpon
|-start|p2a: Ogerpon|Substitute
|-damage|p2a: Ogerpon|76/100
|
|upkeep
|turn|11
|
|t:|1743915350
|move|p2a: Ogerpon|Leech Seed|p1a: Landorus
|-start|p1a: Landorus|move: Leech Seed
|move|p1a: Landorus|Earthquake|p2a: Ogerpon
|-end|p2a: Ogerpon|Substitute
|
|-damage|p1a: Landorus|48/100|[from] Leech Seed|[of] p2a: Ogerpon
|-heal|p2a: Ogerpon|88/100|[silent]
|upkeep
|turn|12
|
|t:|1743915359
|switch|p2a: Corviknight|Corviknight, M|71/100
|move|p1a: Landorus|Earthquake|p2a: Corviknight
|-immune|p2a: Corviknight
|
|-damage|p1a: Landorus|35/100|[from] Leech Seed|[of] p2a: Corviknight
|-heal|p2a: Corviknight|81/100|[silent]
|upkeep
|turn|13
|
|t:|1743915372
|switch|p1a: Hatterene|Hatterene, F, shiny|100/100
|move|p2a: Corviknight|Brave Bird|p1a: Hatterene
|-damage|p1a: Hatterene|60/100
|-damage|p2a: Corviknight|70/100|[from] Recoil
|
|upkeep
|turn|14
|
|t:|1743915380
|move|p2a: Corviknight|Iron Head|p1a: Hatterene
|-supereffective|p1a: Hatterene
|-damage|p1a: Hatterene|3/100
|cant|p1a: Hatterene|flinch
|
|upkeep
|turn|15
|
|t:|1743915387
|move|p2a: Corviknight|Brave Bird|p1a: Hatterene
|-damage|p1a: Hatterene|0 fnt
|faint|p1a: Hatterene
|-damage|p2a: Corviknight|70/100|[from] Recoil
|
|upkeep
|
|t:|1743915393
|switch|p1a: Kyurem|Kyurem, shiny|100/100
|-ability|p1a: Kyurem|Pressure
|turn|16
|
|t:|1743915399
|move|p1a: Kyurem|Ice Beam|p2a: Corviknight
|-damage|p2a: Corviknight|5/100
|move|p2a: Corviknight|Body Press|p1a: Kyurem
|-supereffective|p1a: Kyurem
|-damage|p1a: Kyurem|61/100
|
|upkeep
|turn|17
|
|t:|1743915408
|switch|p2a: Incineroar|Incineroar, F|27/100
|-ability|p2a: Incineroar|Intimidate|boost
|-unboost|p1a: Kyurem|atk|1
|move|p1a: Kyurem|Ice Beam|p2a: Incineroar
|-resisted|p2a: Incineroar
|-damage|p2a: Incineroar|0 fnt
|faint|p2a: Incineroar
|
|upkeep
|
|t:|1743915420
|switch|p2a: Ditto|Ditto|100/100
|-transform|p2a: Ditto|p1a: Kyurem|[from] ability: Imposter
|-ability|p2a: Ditto|Pressure
|turn|18
|
|t:|1743915436
|switch|p1a: Landorus|Landorus-Therian, M|35/100
|-ability|p1a: Landorus|Intimidate|boost
|-unboost|p2a: Ditto|atk|1
|move|p2a: Ditto|Earth Power|p1a: Landorus
|-immune|p1a: Landorus
|
|upkeep
|turn|19
|
|t:|1743915450
|move|p2a: Ditto|Freeze-Dry|p1a: Landorus
|-supereffective|p1a: Landorus
|-damage|p1a: Landorus|0 fnt
|faint|p1a: Landorus
|
|upkeep
|
|t:|1743915455
|switch|p1a: Iron Valiant|Iron Valiant, shiny, tera:Fairy|70/100
|turn|20
|
|t:|1743915469
|-terastallize|p2a: Ditto|Normal
|move|p1a: Iron Valiant|Moonblast|p2a: Ditto
|-enditem|p2a: Ditto|Focus Sash
|-damage|p2a: Ditto|1/100
|move|p2a: Ditto|Ice Beam|p1a: Iron Valiant
|-damage|p1a: Iron Valiant|0 fnt
|faint|p1a: Iron Valiant
|-end|p1a: Iron Valiant|Quark Drive|[silent]
|
|upkeep
|
|t:|1743915475
|switch|p1a: Dragapult|Dragapult, F, shiny|100/100
|turn|21
|
|t:|1743915482
|move|p1a: Dragapult|Dragon Darts|p2a: Ditto
|-damage|p2a: Ditto|0 fnt
|faint|p2a: Ditto
|
|upkeep
|
|t:|1743915496
|switch|p2a: Ogerpon|Ogerpon-Cornerstone, F|88/100
|turn|22
|
|t:|1743915505
|move|p1a: Dragapult|Dragon Darts|p2a: Ogerpon
|-damage|p2a: Ogerpon|40/100
|-anim|p1a: Dragapult|Dragon Darts|p2a: Ogerpon
|-damage|p2a: Ogerpon|0 fnt
|faint|p2a: Ogerpon
|
|upkeep
|inactive|poorlittlepa has 120 seconds left.
|
|t:|1743915554
|switch|p2a: Rotom|Rotom-Wash|15/100
|turn|23
|-message|poorlittlepa forfeited.
|
|win|Freakyfrogy
|raw|Freakyfrogy's rating: 1110 &rarr; <strong>1132</strong><br />(+22 for winning)
|raw|poorlittlepa's rating: 1070 &rarr; <strong>1052</strong><br />(-18 for losing)
|l|☆poorlittlepa
|player|p2|
|l|☆Freakyfrogy
|player|p1|
