|j|☆Dumbo1200
|j|☆healmostbangedme
|t:|1743788181
|gametype|singles
|player|p1|Dumbo1200|baker|1326
|player|p2|healmostbangedme|miku-flying|1332
|teamsize|p1|6
|teamsize|p2|6
|gen|9
|tier|[Gen 9] OU
|rated|
|rule|HP Percentage Mod: HP is shown in percentages
|rule|Endless Battle Clause: Forcing endless battles is banned
|rule|Species Clause: Limit one of each Pokémon
|rule|OHKO Clause: OHKO moves are banned
|rule|Evasion Items Clause: Evasion items are banned
|rule|Evasion Moves Clause: Evasion moves are banned
|rule|Sleep Moves Clause: Sleep-inducing moves are banned
|clearpoke
|poke|p1|Rabsca, M|
|poke|p1|Slowking-Galar, M|
|poke|p1|Ursaluna, M|
|poke|p1|Azumarill, F|
|poke|p1|Mimikyu, F|
|poke|p1|Kingambit, F|
|poke|p2|Mienshao, F|
|poke|p2|Kyurem|
|poke|p2|Dragapult, F|
|poke|p2|Dragonite, F|
|poke|p2|Keldeo-Resolute|
|poke|p2|Zapdos|
|teampreview
|inactive|Battle timer is ON: inactive players will automatically lose when time's up. (requested by healmostbangedme)
|inactive|Dumbo1200 also wants the timer to be on.
|
|t:|1743788187
|start
|switch|p1a: Chad|Azumarill, F|100/100
|switch|p2a: Zapdos|Zapdos|100/100
|turn|1
|
|t:|1743788190
|move|p2a: Zapdos|Volt Switch|p1a: Chad
|-supereffective|p1a: Chad
|-damage|p1a: Chad|56/100
|
|t:|1743788196
|switch|p2a: nite nite|Dragonite, F|100/100|[from] Volt Switch
|move|p1a: Chad|Play Rough|p2a: nite nite
|-supereffective|p2a: nite nite
|-damage|p2a: nite nite|47/100
|
|upkeep
|turn|2
|
|t:|1743788203
|move|p2a: nite nite|Hurricane|p1a: Chad|[miss]
|-miss|p2a: nite nite|p1a: Chad
|move|p1a: Chad|Play Rough|p2a: nite nite
|-supereffective|p2a: nite nite
|-damage|p2a: nite nite|0 fnt
|faint|p2a: nite nite
|
|upkeep
|
|t:|1743788210
|switch|p2a: mien fuher|Mienshao, F|100/100
|turn|3
|
|t:|1743788214
|move|p2a: mien fuher|U-turn|p1a: Chad
|-resisted|p1a: Chad
|-damage|p1a: Chad|39/100
|
|t:|1743788216
|switch|p2a: Zapdos|Zapdos|100/100|[from] U-turn
|move|p1a: Chad|Play Rough|p2a: Zapdos
|-damage|p2a: Zapdos|48/100
|
|upkeep
|turn|4
|
|t:|1743788227
|switch|p1a: Village Crusher|Ursaluna, M|100/100
|move|p2a: Zapdos|Hurricane|p1a: Village Crusher
|-damage|p1a: Village Crusher|55/100
|
|-status|p1a: Village Crusher|brn|[from] item: Flame Orb
|upkeep
|turn|5
|
|t:|1743788231
|switch|p2a: pulter|Dragapult, F|100/100
|move|p1a: Village Crusher|Facade|p2a: pulter
|-immune|p2a: pulter
|
|-damage|p1a: Village Crusher|49/100 brn|[from] brn
|upkeep
|turn|6
|
|t:|1743788234
|move|p2a: pulter|Draco Meteor|p1a: Village Crusher
|-damage|p1a: Village Crusher|2/100 brn
|-unboost|p2a: pulter|spa|2
|move|p1a: Village Crusher|Crunch|p2a: pulter
|-supereffective|p2a: pulter
|-enditem|p2a: pulter|Focus Sash
|-damage|p2a: pulter|1/100
|
|-damage|p1a: Village Crusher|0 fnt|[from] brn
|faint|p1a: Village Crusher
|upkeep
|
|t:|1743788237
|switch|p1a: Burr|Slowking-Galar, M|100/100
|turn|7
|
|t:|1743788242
|move|p2a: pulter|Thunder Wave|p1a: Burr
|-status|p1a: Burr|par
|move|p1a: Burr|Trick Room|p1a: Burr
|-fieldstart|move: Trick Room|[of] p1a: Burr
|
|upkeep
|turn|8
|
|t:|1743788248
|switch|p1a: Chad|Azumarill, F|39/100
|move|p2a: pulter|Hex|p1a: Chad
|-damage|p1a: Chad|30/100
|
|upkeep
|turn|9
|
|t:|1743788251
|move|p1a: Chad|Play Rough|p2a: pulter
|-supereffective|p2a: pulter
|-damage|p2a: pulter|0 fnt
|faint|p2a: pulter
|
|upkeep
|
|t:|1743788259
|switch|p2a: kiri|Kyurem|100/100
|-ability|p2a: kiri|Pressure
|turn|10
|
|t:|1743788263
|-terastallize|p2a: kiri|Electric
|move|p1a: Chad|Play Rough|p2a: kiri
|-damage|p2a: kiri|46/100
|move|p2a: kiri|Tera Blast|p1a: Chad|[anim] Tera Blast Electric
|-supereffective|p1a: Chad
|-damage|p1a: Chad|0 fnt
|faint|p1a: Chad
|
|upkeep
|
|t:|1743788275
|switch|p1a: Shogun|Kingambit, F|100/100
|-activate|p1a: Shogun|ability: Supreme Overlord
|-start|p1a: Shogun|fallen2|[silent]
|turn|11
|
|t:|1743788278
|switch|p2a: Keldi|Keldeo-Resolute|100/100
|move|p1a: Shogun|Kowtow Cleave|p2a: Keldi
|-resisted|p2a: Keldi
|-damage|p2a: Keldi|62/100
|-ability|p2a: Keldi|Justified|boost
|-boost|p2a: Keldi|atk|1
|
|-fieldend|move: Trick Room
|upkeep
|turn|12
|
|t:|1743788286
|-end|p1a: Shogun|fallen2|[silent]
|switch|p1a: Burr|Slowking-Galar, M|100/100 par
|move|p2a: Keldi|Hydro Pump|p1a: Burr
|-damage|p1a: Burr|58/100 par
|
|upkeep
|turn|13
|
|t:|1743788289
|move|p2a: Keldi|Flip Turn|p1a: Burr
|-damage|p1a: Burr|35/100 par
|
|t:|1743788292
|switch|p2a: kiri|Kyurem, tera:Electric|46/100|[from] Flip Turn
|-ability|p2a: kiri|Pressure
|move|p1a: Burr|Sludge Wave|p2a: kiri
|-damage|p2a: kiri|0 fnt
|faint|p2a: kiri
|-damage|p1a: Burr|25/100 par|[from] item: Life Orb
|
|upkeep
|
|t:|1743788295
|switch|p2a: Zapdos|Zapdos|48/100
|turn|14
|
|t:|1743788301
|switch|p1a: Decoy|Mimikyu, F|100/100
|move|p2a: Zapdos|Volt Switch|p1a: Decoy
|-activate|p1a: Decoy|ability: Disguise
|-damage|p1a: Decoy|100/100
|detailschange|p1a: Decoy|Mimikyu-Busted, F
|-damage|p1a: Decoy|88/100|[from] pokemon: Mimikyu-Busted
|
|t:|1743788308
|switch|p2a: Keldi|Keldeo-Resolute|62/100|[from] Volt Switch
|
|upkeep
|turn|15
|
|t:|1743788310
|move|p2a: Keldi|Hydro Pump|p1a: Decoy
|-damage|p1a: Decoy|25/100
|move|p1a: Decoy|Trick Room|p1a: Decoy
|-fieldstart|move: Trick Room|[of] p1a: Decoy
|
|upkeep
|turn|16
|
|t:|1743788315
|switch|p2a: Zapdos|Zapdos|48/100
|move|p1a: Decoy|Destiny Bond|p1a: Decoy
|-singlemove|p1a: Decoy|Destiny Bond
|
|upkeep
|turn|17
|
|t:|1743788317
|move|p1a: Decoy|Curse|p2a: Zapdos
|-start|p2a: Zapdos|Curse|[of] p1a: Decoy
|-damage|p1a: Decoy|0 fnt
|faint|p1a: Decoy
|move|p2a: Zapdos|Roost|p2a: Zapdos
|-heal|p2a: Zapdos|98/100
|-singleturn|p2a: Zapdos|move: Roost
|
|-damage|p2a: Zapdos|73/100|[from] Curse
|upkeep
|
|t:|1743788336
|switch|p1a: Shogun|Kingambit, F|100/100
|-activate|p1a: Shogun|ability: Supreme Overlord
|-start|p1a: Shogun|fallen3|[silent]
|turn|18
|
|t:|1743788338
|switch|p2a: mien fuher|Mienshao, F|100/100
|move|p1a: Shogun|Kowtow Cleave|p2a: mien fuher
|-resisted|p2a: mien fuher
|-damage|p2a: mien fuher|21/100
|
|upkeep
|turn|19
|
|t:|1743788344
|switch|p2a: Keldi|Keldeo-Resolute|62/100
|move|p1a: Shogun|Kowtow Cleave|p2a: Keldi
|-resisted|p2a: Keldi
|-damage|p2a: Keldi|21/100
|-ability|p2a: Keldi|Justified|boost
|-boost|p2a: Keldi|atk|1
|
|-fieldend|move: Trick Room
|upkeep
|turn|20
|
|t:|1743788350
|move|p2a: Keldi|Vacuum Wave|p1a: Shogun
|-supereffective|p1a: Shogun
|-damage|p1a: Shogun|23/100
|move|p1a: Shogun|Sucker Punch||[still]
|-fail|p1a: Shogun
|
|upkeep
|turn|21
|
|t:|1743788354
|-end|p1a: Shogun|fallen3|[silent]
|switch|p1a: Burr|Slowking-Galar, M|59/100 par
|move|p2a: Keldi|Vacuum Wave|p1a: Burr
|-resisted|p1a: Burr
|-damage|p1a: Burr|55/100 par
|
|upkeep
|turn|22
|
|t:|1743788358
|move|p2a: Keldi|Hydro Pump|p1a: Burr|[miss]
|-miss|p2a: Keldi|p1a: Burr
|cant|p1a: Burr|par
|
|upkeep
|turn|23
|
|t:|1743788362
|-terastallize|p1a: Burr|Water
|move|p2a: Keldi|Hydro Pump|p1a: Burr
|-resisted|p1a: Burr
|-crit|p1a: Burr
|-damage|p1a: Burr|21/100 par
|cant|p1a: Burr|par
|
|upkeep
|turn|24
|
|t:|1743788365
|move|p2a: Keldi|Secret Sword|p1a: Burr
|-damage|p1a: Burr|0 fnt
|faint|p1a: Burr
|
|upkeep
|
|t:|1743788367
|switch|p1a: Atonement|Rabsca, M|100/100
|turn|25
|
|t:|1743788371
|move|p2a: Keldi|Flip Turn|p1a: Atonement
|-damage|p1a: Atonement|84/100
|
|t:|1743788373
|switch|p2a: Zapdos|Zapdos|73/100|[from] Flip Turn
|move|p1a: Atonement|Trick Room|p1a: Atonement
|-fieldstart|move: Trick Room|[of] p1a: Atonement
|
|upkeep
|turn|26
|
|t:|1743788376
|move|p1a: Atonement|Revival Blessing|p1a: Atonement
|
|t:|1743788393
|-heal|p1: Burr|50/100|[from] move: Revival Blessing
|move|p2a: Zapdos|Hurricane|p1a: Atonement
|-supereffective|p1a: Atonement
|-damage|p1a: Atonement|0 fnt
|faint|p1a: Atonement
|
|upkeep
|
|t:|1743788395
|switch|p1a: Burr|Slowking-Galar, M|50/100
|turn|27
|
|t:|1743788401
|move|p1a: Burr|Ice Beam|p2a: Zapdos
|-supereffective|p2a: Zapdos
|-damage|p2a: Zapdos|0 fnt
|faint|p2a: Zapdos
|-damage|p1a: Burr|41/100|[from] item: Life Orb
|
|upkeep
|
|t:|1743788404
|switch|p2a: mien fuher|Mienshao, F|54/100
|turn|28
|
|t:|1743788409
|switch|p1a: Shogun|Kingambit, F|23/100
|-activate|p1a: Shogun|ability: Supreme Overlord
|-start|p1a: Shogun|fallen5|[silent]
|move|p2a: mien fuher|U-turn|p1a: Shogun
|-damage|p1a: Shogun|0 fnt
|faint|p1a: Shogun
|-end|p1a: Shogun|fallen5|[silent]
|
|t:|1743788411
|switch|p2a: Keldi|Keldeo-Resolute|21/100|[from] U-turn
|
|upkeep
|
|t:|1743788413
|switch|p1a: Burr|Slowking-Galar, M|74/100
|turn|29
|
|t:|1743788417
|switch|p2a: mien fuher|Mienshao, F|87/100
|move|p1a: Burr|Sludge Wave|p2a: mien fuher
|-damage|p2a: mien fuher|0 fnt
|faint|p2a: mien fuher
|-damage|p1a: Burr|64/100|[from] item: Life Orb
|
|-fieldend|move: Trick Room
|upkeep
|
|t:|1743788419
|switch|p2a: Keldi|Keldeo-Resolute|21/100
|turn|30
|
|t:|1743788420
|move|p2a: Keldi|Hydro Pump|p1a: Burr|[miss]
|-miss|p2a: Keldi|p1a: Burr
|move|p1a: Burr|Sludge Wave|p2a: Keldi
|-damage|p2a: Keldi|0 fnt
|faint|p2a: Keldi
|-damage|p1a: Burr|54/100|[from] item: Life Orb
|
|win|Dumbo1200
|raw|Dumbo1200's rating: 1326 &rarr; <strong>1346</strong><br />(+20 for winning)
|raw|healmostbangedme's rating: 1332 &rarr; <strong>1312</strong><br />(-20 for losing)
|l|☆Dumbo1200
|player|p1|
|c|☆healmostbangedme|gg
|l|☆healmostbangedme
|player|p2|
