|j|☆bjlsshen
|j|☆Timbrepost
|t:|1743834967
|gametype|singles
|player|p1|bjlsshen|volkner|1102
|player|p2|Timbrepost|hugh|1123
|teamsize|p1|6
|teamsize|p2|6
|gen|9
|tier|[Gen 9] OU
|rated|
|rule|HP Percentage Mod: HP is shown in percentages
|rule|Endless Battle Clause: Forcing endless battles is banned
|rule|Species Clause: Limit one of each Pokémon
|rule|OHKO Clause: OHKO moves are banned
|rule|Evasion Items Clause: Evasion items are banned
|rule|Evasion Moves Clause: Evasion moves are banned
|rule|Sleep Moves Clause: Sleep-inducing moves are banned
|clearpoke
|poke|p1|Zoroark-Hisui, M|
|poke|p1|Primarina, M|
|poke|p1|Gholdengo|
|poke|p1|Kingambit, M|
|poke|p1|Landorus-Therian, M|
|poke|p1|Dragapult, M|
|poke|p2|Entei|
|poke|p2|Maushold|
|poke|p2|Mimikyu, M|
|poke|p2|Kleavor, F|
|poke|p2|Salamence, F|
|poke|p2|Volcanion|
|teampreview
|
|t:|1743834980
|start
|switch|p1a: Landorus|Landorus-Therian, M|100/100
|switch|p2a: Kleavor|Kleavor, F|100/100
|-ability|p1a: Landorus|Intimidate|boost
|-unboost|p2a: Kleavor|atk|1
|turn|1
|
|t:|1743835001
|move|p1a: Landorus|U-turn|p2a: Kleavor
|-damage|p2a: Kleavor|64/100
|
|t:|1743835008
|switch|p1a: Primarina|Primarina, M|100/100|[from] U-turn
|move|p2a: Kleavor|Stone Axe|p1a: Primarina
|-damage|p1a: Primarina|57/100
|-sidestart|p1: bjlsshen|move: Stealth Rock
|
|-heal|p1a: Primarina|63/100|[from] item: Leftovers
|upkeep
|turn|2
|
|t:|1743835022
|switch|p2a: Volcanion|Volcanion|100/100
|move|p1a: Primarina|Alluring Voice|p2a: Volcanion
|-immune|p2a: Volcanion|[from] ability: Water Absorb
|
|-heal|p1a: Primarina|69/100|[from] item: Leftovers
|upkeep
|turn|3
|
|t:|1743835045
|move|p2a: Volcanion|Flamethrower|p1a: Primarina
|-resisted|p1a: Primarina
|-damage|p1a: Primarina|48/100
|-status|p1a: Primarina|brn
|move|p1a: Primarina|Calm Mind|p1a: Primarina
|-boost|p1a: Primarina|spa|1
|-boost|p1a: Primarina|spd|1
|
|-heal|p1a: Primarina|54/100 brn|[from] item: Leftovers
|-damage|p1a: Primarina|48/100 brn|[from] brn
|upkeep
|turn|4
|
|t:|1743835059
|move|p2a: Volcanion|Earth Power|p1a: Primarina
|-damage|p1a: Primarina|29/100 brn
|move|p1a: Primarina|Calm Mind|p1a: Primarina
|-boost|p1a: Primarina|spa|1
|-boost|p1a: Primarina|spd|1
|
|-heal|p1a: Primarina|35/100 brn|[from] item: Leftovers
|-damage|p1a: Primarina|29/100 brn|[from] brn
|upkeep
|turn|5
|
|t:|1743835069
|-terastallize|p1a: Primarina|Stellar
|move|p2a: Volcanion|Earth Power|p1a: Primarina
|-damage|p1a: Primarina|16/100 brn
|move|p1a: Primarina|Stored Power|p2a: Volcanion
|-damage|p2a: Volcanion|0 fnt
|faint|p2a: Volcanion
|
|-heal|p1a: Primarina|22/100 brn|[from] item: Leftovers
|-damage|p1a: Primarina|16/100 brn|[from] brn
|upkeep
|
|t:|1743835083
|switch|p2a: Kleavor|Kleavor, F|64/100
|turn|6
|
|t:|1743835086
|move|p2a: Kleavor|U-turn|p1a: Primarina
|-resisted|p1a: Primarina
|-crit|p1a: Primarina
|-damage|p1a: Primarina|0 fnt
|faint|p1a: Primarina
|
|t:|1743835093
|switch|p2a: Entei|Entei, shiny|100/100|[from] U-turn
|-ability|p2a: Entei|Pressure
|
|upkeep
|
|t:|1743835100
|switch|p1a: Landorus|Landorus-Therian, M|100/100
|-damage|p1a: Landorus|88/100|[from] Stealth Rock
|-ability|p1a: Landorus|Intimidate|boost
|-unboost|p2a: Entei|atk|1
|turn|7
|
|t:|1743835109
|switch|p2a: Salamence|Salamence, F|100/100
|move|p1a: Landorus|Rock Slide|p2a: Salamence
|-supereffective|p2a: Salamence
|-damage|p2a: Salamence|33/100
|
|upkeep
|turn|8
|
|t:|1743835120
|move|p1a: Landorus|Rock Slide|p2a: Salamence
|-supereffective|p2a: Salamence
|-damage|p2a: Salamence|0 fnt
|faint|p2a: Salamence
|
|upkeep
|
|t:|1743835125
|switch|p2a: Maushold|Maushold|100/100
|turn|9
|
|t:|1743835146
|switch|p1a: Gholdengo|Gholdengo|100/100
|-damage|p1a: Gholdengo|88/100|[from] Stealth Rock
|move|p2a: Maushold|Tidy Up|p2a: Maushold
|-sideend|p1: bjlsshen|Stealth Rock
|-activate|p2a: Maushold|move: Tidy Up
|-boost|p2a: Maushold|atk|1
|-boost|p2a: Maushold|spe|1
|
|upkeep
|turn|10
|
|t:|1743835156
|move|p2a: Maushold|Tidy Up|p2a: Maushold
|-boost|p2a: Maushold|atk|1
|-boost|p2a: Maushold|spe|1
|move|p1a: Gholdengo|Will-O-Wisp|p2a: Maushold
|-status|p2a: Maushold|brn
|
|-damage|p2a: Maushold|94/100 brn|[from] brn
|upkeep
|turn|11
|
|t:|1743835163
|move|p2a: Maushold|Tidy Up|p2a: Maushold
|-boost|p2a: Maushold|atk|1
|-boost|p2a: Maushold|spe|1
|move|p1a: Gholdengo|Hyper Voice|p2a: Maushold
|-crit|p2a: Maushold
|-damage|p2a: Maushold|0 fnt
|faint|p2a: Maushold
|
|upkeep
|
|t:|1743835171
|switch|p2a: Mimikyu|Mimikyu, M, shiny|100/100
|turn|12
|
|t:|1743835176
|move|p1a: Gholdengo|Hex|p2a: Mimikyu
|-activate|p2a: Mimikyu|ability: Disguise
|-damage|p2a: Mimikyu|100/100
|detailschange|p2a: Mimikyu|Mimikyu-Busted, M, shiny
|-damage|p2a: Mimikyu|88/100|[from] pokemon: Mimikyu-Busted
|-enditem|p2a: Mimikyu|Red Card|[of] p1a: Gholdengo
|drag|p1a: Dragapult|Dragapult, M|100/100
|move|p2a: Mimikyu|Swords Dance|p2a: Mimikyu
|-boost|p2a: Mimikyu|atk|2
|
|upkeep
|turn|13
|
|t:|1743835193
|-terastallize|p2a: Mimikyu|Ghost
|move|p2a: Mimikyu|Shadow Sneak|p1a: Dragapult
|-supereffective|p1a: Dragapult
|-damage|p1a: Dragapult|0 fnt
|faint|p1a: Dragapult
|
|upkeep
|
|t:|1743835199
|switch|p1a: Landorus|Landorus-Therian, M|88/100
|-ability|p1a: Landorus|Intimidate|boost
|-unboost|p2a: Mimikyu|atk|1
|turn|14
|
|t:|1743835205
|move|p1a: Landorus|Earthquake|p2a: Mimikyu
|-damage|p2a: Mimikyu|0 fnt
|faint|p2a: Mimikyu
|
|upkeep
|
|t:|1743835210
|switch|p2a: Kleavor|Kleavor, F|64/100
|turn|15
|
|t:|1743835218
|switch|p1a: Gholdengo|Gholdengo|100/100
|-item|p1a: Gholdengo|Air Balloon
|move|p2a: Kleavor|Stone Axe|p1a: Gholdengo
|-resisted|p1a: Gholdengo
|-damage|p1a: Gholdengo|74/100
|-enditem|p1a: Gholdengo|Air Balloon
|-sidestart|p1: bjlsshen|move: Stealth Rock
|
|upkeep
|turn|16
|
|t:|1743835230
|move|p2a: Kleavor|Stone Axe|p1a: Gholdengo
|-resisted|p1a: Gholdengo
|-damage|p1a: Gholdengo|49/100
|move|p1a: Gholdengo|Thunder Wave|p2a: Kleavor|[miss]
|-miss|p1a: Gholdengo|p2a: Kleavor
|
|upkeep
|turn|17
|
|t:|1743835242
|move|p2a: Kleavor|Stone Axe|p1a: Gholdengo
|-resisted|p1a: Gholdengo
|-damage|p1a: Gholdengo|22/100
|move|p1a: Gholdengo|Thunder Wave|p2a: Kleavor
|-status|p2a: Kleavor|par
|
|upkeep
|turn|18
|
|t:|1743835248
|move|p1a: Gholdengo|Hex|p2a: Kleavor
|-damage|p2a: Kleavor|0 fnt
|faint|p2a: Kleavor
|
|upkeep
|
|t:|1743835252
|switch|p2a: Entei|Entei, shiny|100/100
|-ability|p2a: Entei|Pressure
|turn|19
|
|t:|1743835257
|move|p2a: Entei|Swagger|p1a: Gholdengo
|-immune|p1a: Gholdengo|[from] ability: Good as Gold
|move|p1a: Gholdengo|Thunder Wave|p2a: Entei
|-status|p2a: Entei|par
|
|upkeep
|turn|20
|
|t:|1743835264
|move|p1a: Gholdengo|Hex|p2a: Entei
|-damage|p2a: Entei|16/100 par
|cant|p2a: Entei|par
|
|upkeep
|turn|21
|-message|Timbrepost forfeited.
|
|win|bjlsshen
|raw|bjlsshen's rating: 1102 &rarr; <strong>1129</strong><br />(+27 for winning)
|raw|Timbrepost's rating: 1123 &rarr; <strong>1096</strong><br />(-27 for losing)
|l|☆Timbrepost
|player|p2|
|l|☆bjlsshen
|player|p1|
