|badge|p1|bronze|gen9ou|100-5
|uhtml|medal-msg|<div class="broadcast-blue">Curious what those medals under the avatar are? PS now has Ladder Seasons! For more information, check out the <a href="https://www.smogon.com/forums/threads/3740067/">thread on Smogon.</a></div>
|j|☆quinx of ladder
|j|☆teamskullenoxa
|t:|1743887932
|gametype|singles
|player|p1|quinx of ladder|cheryl|1805
|player|p2|teamskullenoxa|1|1752
|teamsize|p1|6
|teamsize|p2|6
|gen|9
|tier|[Gen 9] OU
|rated|
|rule|HP Percentage Mod: HP is shown in percentages
|rule|Endless Battle Clause: Forcing endless battles is banned
|rule|Species Clause: Limit one of each Pokémon
|rule|OHKO Clause: OHKO moves are banned
|rule|Evasion Items Clause: Evasion items are banned
|rule|Evasion Moves Clause: Evasion moves are banned
|rule|Sleep Moves Clause: Sleep-inducing moves are banned
|clearpoke
|poke|p1|Dragonite, M|
|poke|p1|Ting-Lu|
|poke|p1|Iron Moth|
|poke|p1|Iron Valiant|
|poke|p1|Kyurem|
|poke|p1|Gholdengo|
|poke|p2|Typhlosion-Hisui, F|
|poke|p2|Hatterene, F|
|poke|p2|Torkoal, M|
|poke|p2|Lilligant-Hisui, F|
|poke|p2|Landorus-Therian, M|
|poke|p2|Walking Wake|
|teampreview
|
|t:|1743887952
|start
|switch|p1a: Ting-Lu|Ting-Lu|100/100
|switch|p2a: Torkoal|Torkoal, M|100/100
|-ability|p1a: Ting-Lu|Vessel of Ruin
|-weather|SunnyDay|[from] ability: Drought|[of] p2a: Torkoal
|turn|1
|j| Just-JayPe
|
|t:|1743887970
|move|p1a: Ting-Lu|Ruination|p2a: Torkoal
|-damage|p2a: Torkoal|51/100
|move|p2a: Torkoal|Stealth Rock|p1a: Ting-Lu
|-sidestart|p1: quinx of ladder|move: Stealth Rock
|
|-weather|SunnyDay|[upkeep]
|upkeep
|turn|2
|
|t:|1743887975
|switch|p2a: Hatterene|Hatterene, F|100/100
|move|p1a: Ting-Lu|Stealth Rock|p2a: Hatterene
|move|p2a: Hatterene|Stealth Rock||[from] ability: Magic Bounce|[still]
|-fail|p2a: Hatterene
|
|-weather|SunnyDay|[upkeep]
|upkeep
|turn|3
|
|t:|1743887978
|move|p1a: Ting-Lu|Stealth Rock|p2a: Hatterene
|move|p2a: Hatterene|Stealth Rock||[from] ability: Magic Bounce|[still]
|-fail|p2a: Hatterene
|move|p2a: Hatterene|Dazzling Gleam|p1a: Ting-Lu
|-supereffective|p1a: Ting-Lu
|-damage|p1a: Ting-Lu|57/100
|
|-weather|SunnyDay|[upkeep]
|upkeep
|turn|4
|l| Just-JayPe
|
|t:|1743887983
|move|p1a: Ting-Lu|Ruination|p2a: Hatterene
|-damage|p2a: Hatterene|50/100
|-enditem|p2a: Hatterene|Eject Button
|
|t:|1743888001
|switch|p2a: Lilligant|Lilligant-Hisui, F|100/100
|
|-weather|SunnyDay|[upkeep]
|upkeep
|turn|5
|
|t:|1743888005
|move|p2a: Lilligant|Solar Blade||[still]
|-prepare|p2a: Lilligant|Solar Blade
|-anim|p2a: Lilligant|Solar Blade|p1a: Ting-Lu
|-supereffective|p1a: Ting-Lu
|-damage|p1a: Ting-Lu|0 fnt
|faint|p1a: Ting-Lu
|
|-weather|SunnyDay|[upkeep]
|upkeep
|
|t:|1743888008
|switch|p1a: Dragonite|Dragonite, M|100/100
|turn|6
|
|t:|1743888010
|move|p2a: Lilligant|Triple Axel|p1a: Dragonite
|-supereffective|p1a: Dragonite
|-damage|p1a: Dragonite|87/100
|-supereffective|p1a: Dragonite
|-damage|p1a: Dragonite|27/100
|-hitcount|p1a: Dragonite|2
|move|p1a: Dragonite|Ice Spinner|p2a: Lilligant
|-supereffective|p2a: Lilligant
|-damage|p2a: Lilligant|17/100
|
|-weather|SunnyDay|[upkeep]
|upkeep
|turn|7
|
|t:|1743888021
|switch|p2a: Walking Wake|Walking Wake|100/100
|-activate|p2a: Walking Wake|ability: Protosynthesis
|-start|p2a: Walking Wake|protosynthesisspa
|move|p1a: Dragonite|Dragon Dance|p1a: Dragonite
|-boost|p1a: Dragonite|atk|1
|-boost|p1a: Dragonite|spe|1
|
|-weather|SunnyDay|[upkeep]
|upkeep
|turn|8
|
|t:|1743888041
|move|p2a: Walking Wake|Hydro Steam|p1a: Dragonite
|-resisted|p1a: Dragonite
|-damage|p1a: Dragonite|0 fnt
|faint|p1a: Dragonite
|
|-weather|none
|-end|p2a: Walking Wake|Protosynthesis
|upkeep
|
|t:|1743888043
|switch|p1a: Kyurem|Kyurem|100/100
|-damage|p1a: Kyurem|76/100|[from] Stealth Rock
|-ability|p1a: Kyurem|Pressure
|turn|9
|
|t:|1743888055
|-end|p2a: Walking Wake|Protosynthesis|[silent]
|switch|p2a: Landorus|Landorus-Therian, M|100/100
|-ability|p2a: Landorus|Intimidate|boost
|-unboost|p1a: Kyurem|atk|1
|move|p1a: Kyurem|Dragon Dance|p1a: Kyurem
|-boost|p1a: Kyurem|atk|1
|-boost|p1a: Kyurem|spe|1
|
|upkeep
|turn|10
|
|t:|1743888075
|move|p2a: Landorus|Stone Edge|p1a: Kyurem
|-supereffective|p1a: Kyurem
|-damage|p1a: Kyurem|0 fnt
|faint|p1a: Kyurem
|
|upkeep
|
|t:|1743888080
|switch|p1a: Iron Valiant|Iron Valiant|100/100
|-damage|p1a: Iron Valiant|94/100|[from] Stealth Rock
|-enditem|p1a: Iron Valiant|Booster Energy
|-activate|p1a: Iron Valiant|ability: Quark Drive|[fromitem]
|-start|p1a: Iron Valiant|quarkdrivespe
|turn|11
|
|t:|1743888088
|switch|p2a: Torkoal|Torkoal, M|51/100
|-weather|SunnyDay|[from] ability: Drought|[of] p2a: Torkoal
|move|p1a: Iron Valiant|Knock Off|p2a: Torkoal
|-damage|p2a: Torkoal|26/100
|-enditem|p2a: Torkoal|Heat Rock|[from] move: Knock Off|[of] p1a: Iron Valiant
|
|-weather|SunnyDay|[upkeep]
|upkeep
|turn|12
|
|t:|1743888092
|move|p1a: Iron Valiant|Moonblast|p2a: Torkoal
|-resisted|p2a: Torkoal
|-damage|p2a: Torkoal|9/100
|move|p2a: Torkoal|Lava Plume|p1a: Iron Valiant
|-damage|p1a: Iron Valiant|19/100
|-status|p1a: Iron Valiant|brn
|
|-weather|SunnyDay|[upkeep]
|-damage|p1a: Iron Valiant|13/100 brn|[from] brn
|upkeep
|turn|13
|
|t:|1743888097
|move|p1a: Iron Valiant|Moonblast|p2a: Torkoal
|-resisted|p2a: Torkoal
|-damage|p2a: Torkoal|0 fnt
|faint|p2a: Torkoal
|
|-weather|SunnyDay|[upkeep]
|-damage|p1a: Iron Valiant|7/100 brn|[from] brn
|upkeep
|
|t:|1743888103
|switch|p2a: Lilligant|Lilligant-Hisui, F|17/100
|turn|14
|
|t:|1743888106
|move|p2a: Lilligant|Solar Blade||[still]
|-prepare|p2a: Lilligant|Solar Blade
|-anim|p2a: Lilligant|Solar Blade|p1a: Iron Valiant
|-damage|p1a: Iron Valiant|0 fnt
|faint|p1a: Iron Valiant
|-end|p1a: Iron Valiant|Quark Drive|[silent]
|
|-weather|SunnyDay|[upkeep]
|upkeep
|
|t:|1743888108
|switch|p1a: Iron Moth|Iron Moth|100/100
|-damage|p1a: Iron Moth|76/100|[from] Stealth Rock
|-enditem|p1a: Iron Moth|Booster Energy
|-activate|p1a: Iron Moth|ability: Quark Drive|[fromitem]
|-start|p1a: Iron Moth|quarkdrivespe
|turn|15
|
|t:|1743888114
|move|p2a: Lilligant|Solar Blade||[still]
|-prepare|p2a: Lilligant|Solar Blade
|-anim|p2a: Lilligant|Solar Blade|p1a: Iron Moth
|-resisted|p1a: Iron Moth
|-damage|p1a: Iron Moth|55/100
|move|p1a: Iron Moth|Fiery Dance|p2a: Lilligant
|-supereffective|p2a: Lilligant
|-damage|p2a: Lilligant|0 fnt
|faint|p2a: Lilligant
|
|-weather|SunnyDay|[upkeep]
|upkeep
|-message|quinx of ladder forfeited.
|
|win|teamskullenoxa
|raw|quinx of ladder's rating: 1790 &rarr; <strong>1768</strong><br />(-22 for losing)
|raw|teamskullenoxa's rating: 1752 &rarr; <strong>1774</strong><br />(+22 for winning)
|l|☆quinx of ladder
|player|p1|
|l|☆teamskullenoxa
|player|p2|
