|j|☆kqami
|j|☆melioced
|t:|1743883629
|gametype|singles
|player|p1|kqami|steven|1159
|player|p2|melioced|gardenia|1209
|teamsize|p1|5
|teamsize|p2|6
|gen|9
|tier|[Gen 9] OU
|rated|
|rule|HP Percentage Mod: HP is shown in percentages
|rule|Endless Battle Clause: Forcing endless battles is banned
|rule|Species Clause: Limit one of each Pokémon
|rule|OHKO Clause: OHKO moves are banned
|rule|Evasion Items Clause: Evasion items are banned
|rule|Evasion Moves Clause: Evasion moves are banned
|rule|Sleep Moves Clause: Sleep-inducing moves are banned
|clearpoke
|poke|p1|Ceruledge, M|
|poke|p1|Rillaboom, M|
|poke|p1|Greninja-*, M|
|poke|p1|Spidops, M|
|poke|p1|Electivire, M|
|poke|p2|Dragonite, F|
|poke|p2|Ogerpon-Wellspring, F|
|poke|p2|Landorus-Therian, M|
|poke|p2|Kingambit, F|
|poke|p2|Cinderace, F|
|poke|p2|Slowking-Galar, M|
|teampreview
|inactive|Battle timer is ON: inactive players will automatically lose when time's up. (requested by kqami)
|
|t:|1743883637
|start
|switch|p1a: Spiderman|Spidops, M, shiny|100/100
|switch|p2a: Garfield|Landorus-Therian, M|100/100
|-ability|p2a: Garfield|Intimidate|boost
|-unboost|p1a: Spiderman|atk|1
|turn|1
|
|t:|1743883645
|move|p1a: Spiderman|First Impression|p2a: Garfield
|-resisted|p2a: Garfield
|-damage|p2a: Garfield|88/100
|-damage|p1a: Spiderman|84/100|[from] item: Rocky Helmet|[of] p2a: Garfield
|move|p2a: Garfield|U-turn|p1a: Spiderman
|-damage|p1a: Spiderman|61/100
|
|t:|1743883652
|switch|p2a: Ronaldo|Cinderace, F|100/100|[from] U-turn
|
|upkeep
|turn|2
|
|t:|1743883657
|move|p2a: Ronaldo|Will-O-Wisp|p1a: Spiderman
|-status|p1a: Spiderman|brn
|move|p1a: Spiderman|Sticky Web|p2a: Ronaldo
|-sidestart|p2: melioced|move: Sticky Web
|
|-damage|p1a: Spiderman|55/100 brn|[from] brn
|upkeep
|turn|3
|
|t:|1743883668
|move|p2a: Ronaldo|Pyro Ball|p1a: Spiderman
|-supereffective|p1a: Spiderman
|-damage|p1a: Spiderman|0 fnt
|faint|p1a: Spiderman
|
|upkeep
|
|t:|1743883673
|switch|p1a: Greninja|Greninja, M|100/100
|turn|4
|
|t:|1743883688
|-terastallize|p1a: Greninja|Water
|move|p1a: Greninja|Surf|p2a: Ronaldo
|-supereffective|p2a: Ronaldo
|-damage|p2a: Ronaldo|0 fnt
|faint|p2a: Ronaldo
|-ability|p1a: Greninja|Battle Bond|boost
|-boost|p1a: Greninja|atk|1
|-boost|p1a: Greninja|spa|1
|-boost|p1a: Greninja|spe|1
|-activate|p1a: Greninja|ability: Battle Bond
|
|upkeep
|
|t:|1743883695
|switch|p2a: Joey|Ogerpon-Wellspring, F|100/100
|-activate|p2a: Joey|move: Sticky Web
|-unboost|p2a: Joey|spe|1
|turn|5
|
|t:|1743883710
|switch|p1a: Rillaboom|Rillaboom, M|100/100
|-fieldstart|move: Grassy Terrain|[from] ability: Grassy Surge|[of] p1a: Rillaboom
|move|p2a: Joey|Power Whip|p1a: Rillaboom
|-resisted|p1a: Rillaboom
|-damage|p1a: Rillaboom|47/100
|
|-heal|p1a: Rillaboom|53/100|[from] Grassy Terrain
|upkeep
|turn|6
|
|t:|1743883717
|move|p1a: Rillaboom|Wood Hammer|p2a: Joey
|-damage|p2a: Joey|0 fnt
|faint|p2a: Joey
|-damage|p1a: Rillaboom|24/100|[from] Recoil
|
|-heal|p1a: Rillaboom|30/100|[from] Grassy Terrain
|upkeep
|
|t:|1743883724
|switch|p2a: Homer|Dragonite, F|100/100
|turn|7
|
|t:|1743883727
|move|p1a: Rillaboom|Wood Hammer|p2a: Homer
|-resisted|p2a: Homer
|-damage|p2a: Homer|83/100
|-damage|p1a: Rillaboom|25/100|[from] Recoil
|move|p2a: Homer|Dragon Dance|p2a: Homer
|-boost|p2a: Homer|atk|1
|-boost|p2a: Homer|spe|1
|
|-heal|p1a: Rillaboom|31/100|[from] Grassy Terrain
|upkeep
|turn|8
|
|t:|1743883737
|move|p2a: Homer|Dragon Dance|p2a: Homer
|-boost|p2a: Homer|atk|1
|-boost|p2a: Homer|spe|1
|move|p1a: Rillaboom|Wood Hammer|p2a: Homer
|-resisted|p2a: Homer
|-damage|p2a: Homer|47/100
|-damage|p1a: Rillaboom|20/100|[from] Recoil
|
|-heal|p1a: Rillaboom|26/100|[from] Grassy Terrain
|upkeep
|turn|9
|
|t:|1743883748
|move|p2a: Homer|Extreme Speed|p1a: Rillaboom
|-crit|p1a: Rillaboom
|-damage|p1a: Rillaboom|0 fnt
|faint|p1a: Rillaboom
|
|-fieldend|move: Grassy Terrain
|upkeep
|
|t:|1743883758
|switch|p1a: GhostReaper|Ceruledge, M|100/100
|turn|10
|
|t:|1743883762
|move|p2a: Homer|Earthquake|p1a: GhostReaper
|-supereffective|p1a: GhostReaper
|-enditem|p1a: GhostReaper|Focus Sash
|-damage|p1a: GhostReaper|1/100
|-ability|p1a: GhostReaper|Weak Armor|boost
|-unboost|p1a: GhostReaper|def|1
|-boost|p1a: GhostReaper|spe|2
|move|p1a: GhostReaper|Swords Dance|p1a: GhostReaper
|-boost|p1a: GhostReaper|atk|2
|
|upkeep
|turn|11
|
|t:|1743883774
|move|p1a: GhostReaper|Bitter Blade|p2a: Homer
|-resisted|p2a: Homer
|-damage|p2a: Homer|0 fnt
|-heal|p1a: GhostReaper|27/100|[from] drain|[of] p2a: Homer
|faint|p2a: Homer
|
|upkeep
|
|t:|1743883790
|switch|p2a: Slowking|Slowking-Galar, M|100/100
|-activate|p2a: Slowking|move: Sticky Web
|-unboost|p2a: Slowking|spe|1
|turn|12
|
|t:|1743883794
|move|p1a: GhostReaper|Bitter Blade|p2a: Slowking
|-damage|p2a: Slowking|12/100
|-heal|p1a: GhostReaper|87/100|[from] drain|[of] p2a: Slowking
|move|p2a: Slowking|Psychic|p1a: GhostReaper
|-damage|p1a: GhostReaper|45/100
|
|-heal|p2a: Slowking|18/100|[from] item: Black Sludge
|upkeep
|turn|13
|
|t:|1743883802
|move|p1a: GhostReaper|Bitter Blade|p2a: Slowking
|-damage|p2a: Slowking|0 fnt
|-heal|p1a: GhostReaper|57/100|[from] drain|[of] p2a: Slowking
|faint|p2a: Slowking
|
|upkeep
|
|t:|1743883812
|switch|p2a: Garfield|Landorus-Therian, M|88/100
|-ability|p2a: Garfield|Intimidate|boost
|-unboost|p1a: GhostReaper|atk|1
|turn|14
|
|t:|1743883818
|move|p1a: GhostReaper|Poltergeist|p2a: Garfield
|-activate|p2a: Garfield|move: Poltergeist|Rocky Helmet
|-damage|p2a: Garfield|10/100
|move|p2a: Garfield|Earth Power|p1a: GhostReaper
|-supereffective|p1a: GhostReaper
|-damage|p1a: GhostReaper|0 fnt
|faint|p1a: GhostReaper
|
|upkeep
|
|t:|1743883822
|switch|p1a: Greninja|Greninja, M, tera:Water|100/100
|turn|15
|
|t:|1743883829
|move|p1a: Greninja|Surf|p2a: Garfield
|-supereffective|p2a: Garfield
|-damage|p2a: Garfield|0 fnt
|faint|p2a: Garfield
|
|upkeep
|
|t:|1743883833
|switch|p2a: Obélix|Kingambit, F|100/100
|-activate|p2a: Obélix|move: Sticky Web
|-unboost|p2a: Obélix|spe|1
|-activate|p2a: Obélix|ability: Supreme Overlord
|-start|p2a: Obélix|fallen5|[silent]
|turn|16
|
|t:|1743883845
|-terastallize|p2a: Obélix|Ghost
|move|p1a: Greninja|Water Shuriken|p2a: Obélix
|-damage|p2a: Obélix|89/100
|-crit|p2a: Obélix
|-damage|p2a: Obélix|73/100
|-damage|p2a: Obélix|62/100
|-damage|p2a: Obélix|52/100
|-damage|p2a: Obélix|41/100
|-hitcount|p2a: Obélix|5
|move|p2a: Obélix|Kowtow Cleave|p1a: Greninja
|-damage|p1a: Greninja|0 fnt
|faint|p1a: Greninja
|
|upkeep
|
|t:|1743883855
|switch|p1a: Electivire|Electivire, M|100/100
|turn|17
|
|t:|1743883860
|move|p1a: Electivire|Thunder Punch|p2a: Obélix
|-damage|p2a: Obélix|6/100
|move|p2a: Obélix|Kowtow Cleave|p1a: Electivire
|-damage|p1a: Electivire|0 fnt
|faint|p1a: Electivire
|
|win|melioced
|raw|kqami's rating: 1159 &rarr; <strong>1138</strong><br />(-21 for losing)
|raw|melioced's rating: 1209 &rarr; <strong>1230</strong><br />(+21 for winning)
|l|☆kqami
|player|p1|
|l|☆melioced
|player|p2|
