|j|☆mcjc1997
|j|☆abe_hanabi
|t:|1743888673
|gametype|singles
|player|p1|mcjc1997|ethan|1126
|player|p2|abe_hanabi|170|1204
|teamsize|p1|6
|teamsize|p2|6
|gen|9
|tier|[Gen 9] OU
|rated|
|rule|HP Percentage Mod: HP is shown in percentages
|rule|Endless Battle Clause: Forcing endless battles is banned
|rule|Species Clause: Limit one of each Pokémon
|rule|OHKO Clause: OHKO moves are banned
|rule|Evasion Items Clause: Evasion items are banned
|rule|Evasion Moves Clause: Evasion moves are banned
|rule|Sleep Moves Clause: Sleep-inducing moves are banned
|clearpoke
|poke|p1|Feraligatr, F|
|poke|p1|Garchomp, M|
|poke|p1|Magnezone|
|poke|p1|Gallade, M|
|poke|p1|Houndoom, M|
|poke|p1|Ribombee, M|
|poke|p2|Great Tusk|
|poke|p2|Kingambit, F|
|poke|p2|Landorus-Therian, M|
|poke|p2|Alomomola, F|
|poke|p2|Iron Moth|
|poke|p2|Dragapult, F|
|teampreview
|inactive|Battle timer is ON: inactive players will automatically lose when time's up. (requested by abe_hanabi)
|c|☆mcjc1997|This is a whole team of annoying ass motherfuckers
|
|t:|1743888695
|start
|switch|p1a: Feraligatr|Feraligatr, F|100/100
|switch|p2a: Kingambit|Kingambit, F|100/100
|turn|1
|
|t:|1743888704
|move|p1a: Feraligatr|Dragon Dance|p1a: Feraligatr
|-boost|p1a: Feraligatr|atk|1
|-boost|p1a: Feraligatr|spe|1
|move|p2a: Kingambit|Swords Dance|p2a: Kingambit
|-boost|p2a: Kingambit|atk|2
|
|upkeep
|turn|2
|
|t:|1743888713
|move|p2a: Kingambit|Sucker Punch|p1a: Feraligatr
|-damage|p1a: Feraligatr|19/100
|move|p1a: Feraligatr|Earthquake|p2a: Kingambit
|-supereffective|p2a: Kingambit
|-damage|p2a: Kingambit|10/100
|
|-heal|p2a: Kingambit|16/100|[from] item: Leftovers
|upkeep
|turn|3
|
|t:|1743888722
|move|p2a: Kingambit|Sucker Punch|p1a: Feraligatr
|-damage|p1a: Feraligatr|0 fnt
|faint|p1a: Feraligatr
|
|-heal|p2a: Kingambit|22/100|[from] item: Leftovers
|upkeep
|
|t:|1743888731
|switch|p1a: Garchomp|Garchomp, M|100/100
|turn|4
|
|t:|1743888750
|-terastallize|p2a: Kingambit|Flying
|move|p1a: Garchomp|Earthquake|p2a: Kingambit
|-immune|p2a: Kingambit
|move|p2a: Kingambit|Swords Dance|p2a: Kingambit
|-boost|p2a: Kingambit|atk|2
|
|-heal|p2a: Kingambit|28/100|[from] item: Leftovers
|upkeep
|turn|5
|
|t:|1743888760
|move|p2a: Kingambit|Sucker Punch|p1a: Garchomp
|-damage|p1a: Garchomp|0 fnt
|-damage|p2a: Kingambit|16/100|[from] ability: Rough Skin|[of] p1a: Garchomp
|faint|p1a: Garchomp
|
|-heal|p2a: Kingambit|22/100|[from] item: Leftovers
|upkeep
|
|t:|1743888772
|switch|p1a: Ribombee|Ribombee, M|100/100
|turn|6
|
|t:|1743888779
|move|p1a: Ribombee|Moonblast|p2a: Kingambit
|-damage|p2a: Kingambit|0 fnt
|faint|p2a: Kingambit
|-end|p2a: Kingambit|fallenundefined|[silent]
|
|upkeep
|
|t:|1743888789
|switch|p2a: Iron Moth|Iron Moth|100/100
|turn|7
|
|t:|1743888795
|move|p2a: Iron Moth|Toxic|p1a: Ribombee
|-status|p1a: Ribombee|tox
|move|p1a: Ribombee|Psychic Noise|p2a: Iron Moth
|-supereffective|p2a: Iron Moth
|-damage|p2a: Iron Moth|54/100
|-start|p2a: Iron Moth|move: Heal Block
|
|-damage|p1a: Ribombee|94/100 tox|[from] psn
|upkeep
|turn|8
|
|t:|1743888806
|move|p2a: Iron Moth|Fiery Dance|p1a: Ribombee
|-supereffective|p1a: Ribombee
|-damage|p1a: Ribombee|0 fnt
|-boost|p2a: Iron Moth|spa|1
|faint|p1a: Ribombee
|
|-end|p2a: Iron Moth|move: Heal Block
|upkeep
|-message|mcjc1997 forfeited.
|
|win|abe_hanabi
