|j|☆xiaob
|j|☆K0M3D0R
|t:|1743911945
|gametype|singles
|player|p1|xiaob|n|1226
|player|p2|K0M3D0R|265|1269
|teamsize|p1|6
|teamsize|p2|6
|gen|9
|tier|[Gen 9] OU
|rated|
|rule|HP Percentage Mod: HP is shown in percentages
|rule|Endless Battle Clause: Forcing endless battles is banned
|rule|Species Clause: Limit one of each Pokémon
|rule|OHKO Clause: OHKO moves are banned
|rule|Evasion Items Clause: Evasion items are banned
|rule|Evasion Moves Clause: Evasion moves are banned
|rule|Sleep Moves Clause: Sleep-inducing moves are banned
|clearpoke
|poke|p1|Weavile, M|
|poke|p1|Kyurem|
|poke|p1|Pecharunt|
|poke|p1|Iron Treads|
|poke|p1|Dragonite, M|
|poke|p1|Iron Valiant|
|poke|p2|Tinkaton, F|
|poke|p2|Moltres|
|poke|p2|Darkrai|
|poke|p2|Walking Wake|
|poke|p2|Rillaboom, F|
|poke|p2|Iron Treads|
|teampreview
|inactive|Battle timer is ON: inactive players will automatically lose when time's up. (requested by K0M3D0R)
|inactive|xiaob also wants the timer to be on.
|inactive|K0M3D0R has 120 seconds left.
|
|t:|1743911990
|start
|switch|p1a: Kyotaro|Kyurem, shiny|100/100
|switch|p2a: Rillaboom|Rillaboom, F|100/100
|-ability|p1a: Kyotaro|Pressure
|-fieldstart|move: Grassy Terrain|[from] ability: Grassy Surge|[of] p2a: Rillaboom
|turn|1
|
|t:|1743911998
|switch|p2a: Moltres|Moltres|100/100
|move|p1a: Kyotaro|Freeze-Dry|p2a: Moltres
|-damage|p2a: Moltres|67/100
|
|upkeep
|turn|2
|
|t:|1743912008
|move|p1a: Kyotaro|Freeze-Dry|p2a: Moltres
|-damage|p2a: Moltres|31/100
|move|p2a: Moltres|Roost|p2a: Moltres
|-heal|p2a: Moltres|81/100
|-singleturn|p2a: Moltres|move: Roost
|
|-heal|p2a: Moltres|87/100|[from] Grassy Terrain
|upkeep
|turn|3
|
|t:|1743912019
|switch|p2a: Walking Wake|Walking Wake|100/100
|move|p1a: Kyotaro|Freeze-Dry|p2a: Walking Wake
|-supereffective|p2a: Walking Wake
|-damage|p2a: Walking Wake|0 fnt
|faint|p2a: Walking Wake
|-end|p2a: Walking Wake|Protosynthesis|[silent]
|
|upkeep
|
|t:|1743912035
|switch|p2a: Tinkaton|Tinkaton, F|100/100
|-item|p2a: Tinkaton|Air Balloon
|turn|4
|
|t:|1743912040
|move|p1a: Kyotaro|Freeze-Dry|p2a: Tinkaton
|-resisted|p2a: Tinkaton
|-damage|p2a: Tinkaton|86/100
|-enditem|p2a: Tinkaton|Air Balloon
|move|p2a: Tinkaton|Stealth Rock|p1a: Kyotaro
|-sidestart|p1: xiaob|move: Stealth Rock
|
|-heal|p2a: Tinkaton|92/100|[from] Grassy Terrain
|upkeep
|turn|5
|
|t:|1743912050
|move|p1a: Kyotaro|Substitute|p1a: Kyotaro
|-start|p1a: Kyotaro|Substitute
|-damage|p1a: Kyotaro|76/100
|move|p2a: Tinkaton|Gigaton Hammer|p1a: Kyotaro
|-supereffective|p1a: Kyotaro
|-end|p1a: Kyotaro|Substitute
|
|-heal|p1a: Kyotaro|82/100|[from] Grassy Terrain
|-heal|p1a: Kyotaro|88/100|[from] item: Leftovers
|-heal|p2a: Tinkaton|99/100|[from] Grassy Terrain
|upkeep
|turn|6
|
|t:|1743912064
|move|p1a: Kyotaro|Substitute|p1a: Kyotaro
|-start|p1a: Kyotaro|Substitute
|-damage|p1a: Kyotaro|63/100
|move|p2a: Tinkaton|Encore|p1a: Kyotaro
|-start|p1a: Kyotaro|Encore
|
|-heal|p1a: Kyotaro|69/100|[from] Grassy Terrain
|-heal|p1a: Kyotaro|75/100|[from] item: Leftovers
|-heal|p2a: Tinkaton|100/100|[from] Grassy Terrain
|upkeep
|turn|7
|
|t:|1743912071
|move|p1a: Kyotaro|Substitute|p1a: Kyotaro
|-fail|p1a: Kyotaro|move: Substitute
|move|p2a: Tinkaton|Thunder Wave||[still]
|-fail|p2a: Tinkaton
|
|-heal|p1a: Kyotaro|81/100|[from] Grassy Terrain
|-heal|p1a: Kyotaro|88/100|[from] item: Leftovers
|upkeep
|turn|8
|
|t:|1743912095
|switch|p2a: Iron Treads|Iron Treads|100/100
|-enditem|p2a: Iron Treads|Booster Energy
|-activate|p2a: Iron Treads|ability: Quark Drive|[fromitem]
|-start|p2a: Iron Treads|quarkdrivespe
|move|p1a: Kyotaro|Substitute|p1a: Kyotaro
|-fail|p1a: Kyotaro|move: Substitute
|
|-heal|p1a: Kyotaro|94/100|[from] Grassy Terrain
|-heal|p1a: Kyotaro|99/100|[from] item: Leftovers
|-fieldend|move: Grassy Terrain
|upkeep
|turn|9
|
|t:|1743912103
|move|p2a: Iron Treads|Earthquake|p1a: Kyotaro
|-end|p1a: Kyotaro|Substitute
|move|p1a: Kyotaro|Substitute|p1a: Kyotaro
|-start|p1a: Kyotaro|Substitute
|-damage|p1a: Kyotaro|75/100
|
|-heal|p1a: Kyotaro|81/100|[from] item: Leftovers
|-end|p1a: Kyotaro|Encore
|upkeep
|turn|10
|
|t:|1743912113
|move|p2a: Iron Treads|Earthquake|p1a: Kyotaro
|-end|p1a: Kyotaro|Substitute
|move|p1a: Kyotaro|Earth Power|p2a: Iron Treads
|-supereffective|p2a: Iron Treads
|-damage|p2a: Iron Treads|17/100
|
|-heal|p1a: Kyotaro|87/100|[from] item: Leftovers
|upkeep
|turn|11
|
|t:|1743912118
|move|p1a: Kyotaro|Protect|p1a: Kyotaro
|-singleturn|p1a: Kyotaro|Protect
|move|p2a: Iron Treads|Earthquake|p1a: Kyotaro
|-activate|p1a: Kyotaro|move: Protect
|
|-heal|p1a: Kyotaro|94/100|[from] item: Leftovers
|upkeep
|turn|12
|
|t:|1743912126
|move|p2a: Iron Treads|Iron Head|p1a: Kyotaro
|-supereffective|p1a: Kyotaro
|-damage|p1a: Kyotaro|25/100
|cant|p1a: Kyotaro|flinch
|
|-heal|p1a: Kyotaro|31/100|[from] item: Leftovers
|upkeep
|turn|13
|
|t:|1743912135
|move|p2a: Iron Treads|Iron Head|p1a: Kyotaro
|-supereffective|p1a: Kyotaro
|-damage|p1a: Kyotaro|0 fnt
|faint|p1a: Kyotaro
|
|upkeep
|
|t:|1743912165
|switch|p1a: Iron Valiant|Iron Valiant|100/100
|-damage|p1a: Iron Valiant|94/100|[from] Stealth Rock
|-enditem|p1a: Iron Valiant|Booster Energy
|-activate|p1a: Iron Valiant|ability: Quark Drive|[fromitem]
|-start|p1a: Iron Valiant|quarkdrivespe
|turn|14
|
|t:|1743912175
|move|p1a: Iron Valiant|Knock Off|p2a: Iron Treads
|-damage|p2a: Iron Treads|1/100
|move|p2a: Iron Treads|Iron Head|p1a: Iron Valiant
|-supereffective|p1a: Iron Valiant
|-damage|p1a: Iron Valiant|0 fnt
|faint|p1a: Iron Valiant
|-end|p1a: Iron Valiant|Quark Drive|[silent]
|
|upkeep
|inactive|xiaob has 120 seconds left.
|
|t:|1743912207
|switch|p1a: Dragonite|Dragonite, M|100/100
|turn|15
|
|t:|1743912224
|-terastallize|p1a: Dragonite|Normal
|move|p2a: Iron Treads|Iron Head|p1a: Dragonite
|-damage|p1a: Dragonite|78/100
|cant|p1a: Dragonite|flinch
|
|upkeep
|turn|16
|inactive|xiaob has 120 seconds left.
|j| jiegebushiajie
|
|t:|1743912232
|move|p1a: Dragonite|Extreme Speed|p2a: Iron Treads
|-resisted|p2a: Iron Treads
|-damage|p2a: Iron Treads|0 fnt
|faint|p2a: Iron Treads
|-end|p2a: Iron Treads|Quark Drive|[silent]
|
|upkeep
|
|t:|1743912236
|switch|p2a: Tinkaton|Tinkaton, F|100/100
|turn|17
|inactive|xiaob has 120 seconds left.
|l|☆K0M3D0R
|inactive|K0M3D0R disconnected and has a minute to reconnect!
|player|p2|
|
|t:|1743912278
|move|p2a: Tinkaton|Thunder Wave|p1a: Dragonite
|-status|p1a: Dragonite|par
|cant|p1a: Dragonite|par
|
|upkeep
|turn|18
|inactive|xiaob has 90 seconds left.
|inactive|K0M3D0R has 30 seconds to reconnect!
|j|☆K0M3D0R
|inactive|K0M3D0R reconnected and has 115 seconds left.
|player|p2|K0M3D0R|265|
|
|t:|1743912323
|move|p2a: Tinkaton|Gigaton Hammer|p1a: Dragonite
|-damage|p1a: Dragonite|29/100 par
|cant|p1a: Dragonite|par
|
|upkeep
|turn|19
|
|t:|1743912332
|move|p2a: Tinkaton|Encore|p1a: Dragonite
|-start|p1a: Dragonite|Encore
|cant|p1a: Dragonite|par
|
|upkeep
|turn|20
|inactive|K0M3D0R has 120 seconds left.
|inactive|xiaob has 60 seconds left.
|
|t:|1743912366
|switch|p1a: Iron Treads|Iron Treads|100/100
|-damage|p1a: Iron Treads|97/100|[from] Stealth Rock
|-item|p1a: Iron Treads|Air Balloon
|move|p2a: Tinkaton|Gigaton Hammer|p1a: Iron Treads
|-resisted|p1a: Iron Treads
|-damage|p1a: Iron Treads|77/100
|-enditem|p1a: Iron Treads|Air Balloon
|
|upkeep
|turn|21
|l| jiegebushiajie
|inactive|xiaob has 60 seconds left.
|inactive|K0M3D0R has 120 seconds left.
|
|t:|1743912385
|switch|p2a: Rillaboom|Rillaboom, F|100/100
|-fieldstart|move: Grassy Terrain|[from] ability: Grassy Surge|[of] p2a: Rillaboom
|move|p1a: Iron Treads|Rapid Spin|p2a: Rillaboom
|-damage|p2a: Rillaboom|86/100
|-boost|p1a: Iron Treads|spe|1
|-sideend|p1: xiaob|Stealth Rock|[from] move: Rapid Spin|[of] p1a: Iron Treads
|
|-heal|p1a: Iron Treads|83/100|[from] Grassy Terrain
|-heal|p2a: Rillaboom|92/100|[from] Grassy Terrain
|upkeep
|turn|22
|inactive|K0M3D0R has 120 seconds left.
|
|t:|1743912400
|move|p1a: Iron Treads|Ice Spinner|p2a: Rillaboom
|-supereffective|p2a: Rillaboom
|-damage|p2a: Rillaboom|47/100
|-fieldend|move: Grassy Terrain
|move|p2a: Rillaboom|Low Kick|p1a: Iron Treads
|-supereffective|p1a: Iron Treads
|-damage|p1a: Iron Treads|5/100
|
|upkeep
|turn|23
|j| jiegebushiajie
|c| jiegebushiajie|you are lucky bro
|
|t:|1743912409
|move|p1a: Iron Treads|Ice Spinner|p2a: Rillaboom
|-supereffective|p2a: Rillaboom
|-damage|p2a: Rillaboom|0 fnt
|faint|p2a: Rillaboom
|
|upkeep
|
|t:|1743912415
|switch|p2a: Tinkaton|Tinkaton, F|100/100
|turn|24
|inactive|K0M3D0R has 120 seconds left.
|
|t:|1743912426
|move|p1a: Iron Treads|Earthquake|p2a: Tinkaton
|-supereffective|p2a: Tinkaton
|-damage|p2a: Tinkaton|0 fnt
|faint|p2a: Tinkaton
|
|upkeep
|
|t:|1743912430
|switch|p2a: Moltres|Moltres|87/100
|turn|25
|
|t:|1743912432
|move|p1a: Iron Treads|Ice Spinner|p2a: Moltres
|-damage|p2a: Moltres|69/100
|move|p2a: Moltres|Flamethrower|p1a: Iron Treads
|-supereffective|p1a: Iron Treads
|-damage|p1a: Iron Treads|0 fnt
|faint|p1a: Iron Treads
|-end|p1a: Iron Treads|Quark Drive|[silent]
|
|upkeep
|inactive|xiaob has 90 seconds left.
|
|t:|1743912452
|switch|p1a: Pecharunt|Pecharunt|100/100
|turn|26
|
|t:|1743912460
|move|p2a: Moltres|Will-O-Wisp|p1a: Pecharunt|[miss]
|-miss|p2a: Moltres|p1a: Pecharunt
|move|p1a: Pecharunt|Malignant Chain|p2a: Moltres
|-damage|p2a: Moltres|22/100
|-status|p2a: Moltres|tox
|-start|p2a: Moltres|confusion|[from] ability: Poison Puppeteer|[of] p1a: Pecharunt
|
|-damage|p2a: Moltres|16/100 tox|[from] psn
|upkeep
|turn|27
|
|t:|1743912472
|-activate|p2a: Moltres|confusion
|move|p2a: Moltres|Flamethrower|p1a: Pecharunt
|-damage|p1a: Pecharunt|62/100
|move|p1a: Pecharunt|Recover|p1a: Pecharunt
|-heal|p1a: Pecharunt|100/100
|
|-damage|p2a: Moltres|4/100 tox|[from] psn
|upkeep
|turn|28
|
|t:|1743912486
|-activate|p2a: Moltres|confusion
|-damage|p2a: Moltres|0 fnt|[from] confusion
|faint|p2a: Moltres
|move|p1a: Pecharunt|Hex|p2: Moltres|[notarget]
|-fail|p1a: Pecharunt
|
|upkeep
|
|t:|1743912489
|switch|p2a: Darkrai|Darkrai|100/100
|turn|29
|
|t:|1743912497
|move|p2a: Darkrai|Dark Pulse|p1a: Pecharunt
|-supereffective|p1a: Pecharunt
|-damage|p1a: Pecharunt|10/100
|move|p1a: Pecharunt|Malignant Chain|p2a: Darkrai
|-damage|p2a: Darkrai|42/100
|-status|p2a: Darkrai|tox
|-start|p2a: Darkrai|confusion|[from] ability: Poison Puppeteer|[of] p1a: Pecharunt
|
|-damage|p2a: Darkrai|36/100 tox|[from] psn
|upkeep
|turn|30
|
|t:|1743912507
|-activate|p2a: Darkrai|confusion
|move|p2a: Darkrai|Dark Pulse|p1a: Pecharunt
|-supereffective|p1a: Pecharunt
|-damage|p1a: Pecharunt|0 fnt
|faint|p1a: Pecharunt
|
|-damage|p2a: Darkrai|24/100 tox|[from] psn
|upkeep
|
|t:|1743912510
|switch|p1a: Dragonite|Dragonite, M, tera:Normal|29/100 par
|turn|31
|
|t:|1743912516
|move|p1a: Dragonite|Extreme Speed|p2a: Darkrai
|-damage|p2a: Darkrai|0 fnt
|faint|p2a: Darkrai
|
|win|xiaob
|raw|xiaob's rating: 1226 &rarr; <strong>1254</strong><br />(+28 for winning)
|raw|K0M3D0R's rating: 1269 &rarr; <strong>1241</strong><br />(-28 for losing)
|l|☆K0M3D0R
|player|p2|
|l| jiegebushiajie
|l|☆xiaob
|player|p1|
