|j|☆yetaseena
|j|☆mingkuo
|t:|1743914154
|gametype|singles
|player|p1|yetaseena|101|1146
|player|p2|mingkuo|cheryl|1138
|teamsize|p1|6
|teamsize|p2|6
|gen|9
|tier|[Gen 9] OU
|rated|
|rule|HP Percentage Mod: HP is shown in percentages
|rule|Endless Battle Clause: Forcing endless battles is banned
|rule|Species Clause: Limit one of each Pokémon
|rule|OHKO Clause: OHKO moves are banned
|rule|Evasion Items Clause: Evasion items are banned
|rule|Evasion Moves Clause: Evasion moves are banned
|rule|Sleep Moves Clause: Sleep-inducing moves are banned
|clearpoke
|poke|p1|Sinistcha-Masterpiece|
|poke|p1|Meowscarada, M|
|poke|p1|Brambleghast, M|
|poke|p1|Decidueye-Hisui, F|
|poke|p1|Ogerpon-Cornerstone, F|
|poke|p1|Serperior, F|
|poke|p2|Torkoal, F|
|poke|p2|Walking Wake|
|poke|p2|Blaziken, M|
|poke|p2|Serperior, F|
|poke|p2|Kingambit, M|
|poke|p2|Dragapult, F|
|teampreview
|inactive|Battle timer is ON: inactive players will automatically lose when time's up. (requested by mingkuo)
|inactive|mingkuo has 120 seconds left.
|
|t:|1743914187
|start
|switch|p1a: Sinistcha|Sinistcha-Masterpiece|100/100
|switch|p2a: Torkoal|Torkoal, F|100/100
|-weather|SunnyDay|[from] ability: Drought|[of] p2a: Torkoal
|turn|1
|
|t:|1743914197
|move|p1a: Sinistcha|Calm Mind|p1a: Sinistcha
|-boost|p1a: Sinistcha|spa|1
|-boost|p1a: Sinistcha|spd|1
|move|p2a: Torkoal|Stealth Rock|p1a: Sinistcha
|-sidestart|p1: yetaseena|move: Stealth Rock
|
|-weather|SunnyDay|[upkeep]
|upkeep
|turn|2
|
|t:|1743914204
|move|p1a: Sinistcha|Calm Mind|p1a: Sinistcha
|-boost|p1a: Sinistcha|spa|1
|-boost|p1a: Sinistcha|spd|1
|move|p2a: Torkoal|Eruption|p1a: Sinistcha
|-supereffective|p1a: Sinistcha
|-damage|p1a: Sinistcha|60/100
|
|-weather|SunnyDay|[upkeep]
|-heal|p1a: Sinistcha|66/100|[from] item: Leftovers
|upkeep
|turn|3
|
|t:|1743914215
|move|p1a: Sinistcha|Shadow Ball|p2a: Torkoal
|-damage|p2a: Torkoal|0 fnt
|faint|p2a: Torkoal
|
|-weather|SunnyDay|[upkeep]
|-heal|p1a: Sinistcha|72/100|[from] item: Leftovers
|upkeep
|
|t:|1743914218
|switch|p2a: Blaziken|Blaziken, M|100/100
|turn|4
|
|t:|1743914227
|move|p2a: Blaziken|Flare Blitz|p1a: Sinistcha
|-supereffective|p1a: Sinistcha
|-damage|p1a: Sinistcha|0 fnt
|faint|p1a: Sinistcha
|-damage|p2a: Blaziken|78/100|[from] Recoil
|-damage|p2a: Blaziken|68/100|[from] item: Life Orb
|
|-weather|SunnyDay|[upkeep]
|-ability|p2a: Blaziken|Speed Boost|boost
|-boost|p2a: Blaziken|spe|1
|upkeep
|
|t:|1743914246
|switch|p1a: Serperior|Serperior, F|100/100
|-damage|p1a: Serperior|88/100|[from] Stealth Rock
|turn|5
|
|t:|1743914258
|-terastallize|p1a: Serperior|Fire
|move|p1a: Serperior|Leaf Storm|p2a: Blaziken
|-resisted|p2a: Blaziken
|-damage|p2a: Blaziken|32/100
|-boost|p1a: Serperior|spa|2
|move|p2a: Blaziken|Flare Blitz|p1a: Serperior
|-resisted|p1a: Serperior
|-damage|p1a: Serperior|7/100
|-damage|p2a: Blaziken|6/100|[from] Recoil
|-damage|p2a: Blaziken|0 fnt|[from] item: Life Orb
|faint|p2a: Blaziken
|
|-weather|SunnyDay|[upkeep]
|upkeep
|
|t:|1743914269
|switch|p2a: Walking Wake|Walking Wake|100/100
|-activate|p2a: Walking Wake|ability: Protosynthesis
|-start|p2a: Walking Wake|protosynthesisspe
|turn|6
|
|t:|1743914277
|move|p2a: Walking Wake|Flamethrower|p1a: Serperior
|-resisted|p1a: Serperior
|-damage|p1a: Serperior|0 fnt
|faint|p1a: Serperior
|
|-weather|SunnyDay|[upkeep]
|upkeep
|
|t:|1743914290
|switch|p1a: Ogerpon|Ogerpon-Cornerstone, F|100/100
|-damage|p1a: Ogerpon|88/100|[from] Stealth Rock
|turn|7
|
|t:|1743914302
|move|p2a: Walking Wake|Flamethrower|p1a: Ogerpon
|-damage|p1a: Ogerpon|4/100
|move|p1a: Ogerpon|Ivy Cudgel|p2a: Walking Wake|[anim] Ivy Cudgel Rock
|-damage|p2a: Walking Wake|31/100
|
|-weather|SunnyDay|[upkeep]
|upkeep
|turn|8
|
|t:|1743914311
|move|p2a: Walking Wake|Flamethrower|p1a: Ogerpon
|-damage|p1a: Ogerpon|0 fnt
|faint|p1a: Ogerpon
|
|-weather|none
|-end|p2a: Walking Wake|Protosynthesis
|upkeep
|
|t:|1743914322
|switch|p1a: Meowscarada|Meowscarada, M|100/100
|-damage|p1a: Meowscarada|88/100|[from] Stealth Rock
|turn|9
|
|t:|1743914339
|-end|p2a: Walking Wake|Protosynthesis|[silent]
|switch|p2a: Kingambit|Kingambit, M|100/100
|-activate|p2a: Kingambit|ability: Supreme Overlord
|-start|p2a: Kingambit|fallen2|[silent]
|move|p1a: Meowscarada|Flower Trick|p2a: Kingambit
|-start|p1a: Meowscarada|typechange|Grass|[from] ability: Protean
|-resisted|p2a: Kingambit
|-crit|p2a: Kingambit
|-damage|p2a: Kingambit|74/100
|
|upkeep
|turn|10
|inactive|yetaseena has 120 seconds left.
|
|t:|1743914382
|switch|p1a: Decidueye|Decidueye-Hisui, F|100/100
|-damage|p1a: Decidueye|95/100|[from] Stealth Rock
|move|p2a: Kingambit|Swords Dance|p2a: Kingambit
|-boost|p2a: Kingambit|atk|2
|
|-heal|p1a: Decidueye|100/100|[from] item: Leftovers
|upkeep
|turn|11
|
|t:|1743914392
|move|p2a: Kingambit|Sucker Punch|p1a: Decidueye
|-resisted|p1a: Decidueye
|-damage|p1a: Decidueye|47/100
|move|p1a: Decidueye|Triple Arrows|p2a: Kingambit
|-supereffective|p2a: Kingambit
|-damage|p2a: Kingambit|0 fnt
|faint|p2a: Kingambit
|-end|p2a: Kingambit|fallen2|[silent]
|
|-heal|p1a: Decidueye|53/100|[from] item: Leftovers
|upkeep
|
|t:|1743914398
|switch|p2a: Walking Wake|Walking Wake|31/100
|turn|12
|inactive|yetaseena has 120 seconds left.
|
|t:|1743914417
|switch|p1a: Brambleghast|Brambleghast, M|100/100
|move|p2a: Walking Wake|Flamethrower|p1a: Brambleghast
|-supereffective|p1a: Brambleghast
|-damage|p1a: Brambleghast|0 fnt
|faint|p1a: Brambleghast
|
|upkeep
|
|t:|1743914425
|switch|p1a: Meowscarada|Meowscarada, M|88/100
|-damage|p1a: Meowscarada|76/100|[from] Stealth Rock
|turn|13
|
|t:|1743914439
|-end|p2a: Walking Wake|Protosynthesis|[silent]
|switch|p2a: Serperior|Serperior, F|100/100
|move|p1a: Meowscarada|Triple Axel|p2a: Serperior
|-start|p1a: Meowscarada|typechange|Ice|[from] ability: Protean
|-supereffective|p2a: Serperior
|-damage|p2a: Serperior|69/100
|-supereffective|p2a: Serperior
|-damage|p2a: Serperior|0 fnt
|faint|p2a: Serperior
|-hitcount|p2: Serperior|2
|
|upkeep
|
|t:|1743914447
|switch|p2a: Dragapult|Dragapult, F|100/100
|turn|14
|
|t:|1743914476
|move|p2a: Dragapult|Phantom Force||[still]
|-prepare|p2a: Dragapult|Phantom Force
|move|p1a: Meowscarada|Triple Axel|p2a: Dragapult|[miss]
|-miss|p1a: Meowscarada|p2a: Dragapult
|
|upkeep
|turn|15
|
|t:|1743914487
|move|p2a: Dragapult|Phantom Force|p1a: Meowscarada|[from] lockedmove
|-damage|p1a: Meowscarada|3/100
|move|p1a: Meowscarada|Triple Axel|p2a: Dragapult
|-supereffective|p2a: Dragapult
|-damage|p2a: Dragapult|64/100
|-supereffective|p2a: Dragapult
|-damage|p2a: Dragapult|0 fnt
|faint|p2a: Dragapult
|-hitcount|p2: Dragapult|2
|
|upkeep
|
|t:|1743914492
|switch|p2a: Walking Wake|Walking Wake|31/100
|turn|16
|
|t:|1743914502
|move|p1a: Meowscarada|Triple Axel|p2a: Walking Wake
|-damage|p2a: Walking Wake|17/100
|-damage|p2a: Walking Wake|0 fnt
|faint|p2a: Walking Wake
|-end|p2a: Walking Wake|Protosynthesis|[silent]
|-hitcount|p2: Walking Wake|2
|
|win|yetaseena
|raw|yetaseena's rating: 1146 &rarr; <strong>1170</strong><br />(+24 for winning)
|raw|mingkuo's rating: 1138 &rarr; <strong>1114</strong><br />(-24 for losing)
|l|☆mingkuo
|player|p2|
|l|☆yetaseena
|player|p1|
