|j|☆tri644
|j|☆KurbyK14
|t:|1743827043
|gametype|singles
|player|p1|tri644|schoolkidf-gen4|1278
|player|p2|KurbyK14|pokemonranger-gen4|1229
|teamsize|p1|6
|teamsize|p2|6
|gen|9
|tier|[Gen 9] OU
|rated|
|rule|HP Percentage Mod: HP is shown in percentages
|rule|Endless Battle Clause: Forcing endless battles is banned
|rule|Species Clause: Limit one of each Pokémon
|rule|OHKO Clause: OHKO moves are banned
|rule|Evasion Items Clause: Evasion items are banned
|rule|Evasion Moves Clause: Evasion moves are banned
|rule|Sleep Moves Clause: Sleep-inducing moves are banned
|clearpoke
|poke|p1|Weavile, F|
|poke|p1|Zoroark-Hisui, F|
|poke|p1|Umbreon, F|
|poke|p1|Ceruledge, F|
|poke|p1|Kleavor, M|
|poke|p1|Slowbro-Galar, M|
|poke|p2|Leavanny, M|
|poke|p2|Torkoal, F|
|poke|p2|Walking Wake|
|poke|p2|Great Tusk|
|poke|p2|Venusaur, M|
|poke|p2|Ceruledge, F|
|teampreview
|inactive|Battle timer is ON: inactive players will automatically lose when time's up. (requested by KurbyK14)
|
|t:|1743827057
|start
|switch|p1a: Nagatora|Weavile, F|100/100
|switch|p2a: Torkoal|Torkoal, F|100/100
|-weather|SunnyDay|[from] ability: Drought|[of] p2a: Torkoal
|turn|1
|
|t:|1743827071
|move|p1a: Nagatora|Swords Dance|p1a: Nagatora
|-boost|p1a: Nagatora|atk|2
|move|p2a: Torkoal|Stealth Rock|p1a: Nagatora
|-sidestart|p1: tri644|move: Stealth Rock
|
|-weather|SunnyDay|[upkeep]
|upkeep
|turn|2
|
|t:|1743827088
|switch|p1a: Edge|Ceruledge, F|100/100
|-damage|p1a: Edge|76/100|[from] Stealth Rock
|move|p2a: Torkoal|Lava Plume|p1a: Edge
|-start|p1a: Edge|ability: Flash Fire
|
|-weather|SunnyDay|[upkeep]
|upkeep
|turn|3
|
|t:|1743827101
|-terastallize|p1a: Edge|Grass
|move|p1a: Edge|Bitter Blade|p2a: Torkoal
|-resisted|p2a: Torkoal
|-damage|p2a: Torkoal|73/100
|-heal|p1a: Edge|92/100|[from] drain|[of] p2a: Torkoal
|move|p2a: Torkoal|Earth Power|p1a: Edge
|-resisted|p1a: Edge
|-damage|p1a: Edge|82/100
|
|-weather|SunnyDay|[upkeep]
|upkeep
|turn|4
|
|t:|1743827110
|move|p1a: Edge|Bitter Blade|p2a: Torkoal
|-resisted|p2a: Torkoal
|-damage|p2a: Torkoal|42/100
|-heal|p1a: Edge|99/100|[from] drain|[of] p2a: Torkoal
|move|p2a: Torkoal|Lava Plume|p1a: Edge
|-immune|p1a: Edge|[from] ability: Flash Fire
|
|-weather|SunnyDay|[upkeep]
|upkeep
|turn|5
|
|t:|1743827123
|move|p1a: Edge|Bitter Blade|p2a: Torkoal
|-resisted|p2a: Torkoal
|-damage|p2a: Torkoal|15/100
|-heal|p1a: Edge|100/100|[from] drain|[of] p2a: Torkoal
|move|p2a: Torkoal|Will-O-Wisp|p1a: Edge
|-immune|p1a: Edge|[from] ability: Flash Fire
|
|-weather|SunnyDay|[upkeep]
|upkeep
|turn|6
|
|t:|1743827137
|switch|p2a: Walking Wake|Walking Wake|100/100
|-activate|p2a: Walking Wake|ability: Protosynthesis
|-start|p2a: Walking Wake|protosynthesisspa
|move|p1a: Edge|Bitter Blade|p2a: Walking Wake
|-resisted|p2a: Walking Wake
|-damage|p2a: Walking Wake|70/100
|
|-weather|SunnyDay|[upkeep]
|upkeep
|turn|7
|
|t:|1743827150
|move|p2a: Walking Wake|Dragon Pulse|p1a: Edge
|-damage|p1a: Edge|0 fnt
|faint|p1a: Edge
|
|-weather|SunnyDay|[upkeep]
|upkeep
|
|t:|1743827162
|switch|p1a: American School|Slowbro-Galar, M, shiny|100/100
|-damage|p1a: American School|88/100|[from] Stealth Rock
|turn|8
|
|t:|1743827166
|move|p1a: American School|Hyper Voice|p2a: Walking Wake
|-damage|p2a: Walking Wake|17/100
|move|p2a: Walking Wake|Dragon Pulse|p1a: American School
|-damage|p1a: American School|0 fnt
|replace|p1a: Zao|Zoroark-Hisui, F, shiny
|-end|p1a: Zao|Illusion
|faint|p1a: Zao
|
|-weather|none
|-end|p2a: Walking Wake|Protosynthesis
|upkeep
|
|t:|1743827172
|switch|p1a: Wacky|Kleavor, M, shiny|100/100
|-damage|p1a: Wacky|76/100|[from] Stealth Rock
|turn|9
|
|t:|1743827181
|move|p1a: Wacky|Quick Attack|p2a: Walking Wake
|-damage|p2a: Walking Wake|1/100
|move|p2a: Walking Wake|Dragon Pulse|p1a: Wacky
|-damage|p1a: Wacky|0 fnt
|faint|p1a: Wacky
|
|upkeep
|-message|tri644 forfeited.
|
|win|KurbyK14
|raw|tri644's rating: 1278 &rarr; <strong>1249</strong><br />(-29 for losing)
|raw|KurbyK14's rating: 1229 &rarr; <strong>1258</strong><br />(+29 for winning)
|l|☆tri644
|player|p1|
