|j|☆kshuaib734
|j|☆James2341
|t:|1743887629
|gametype|singles
|player|p1|kshuaib734|steven|1611
|player|p2|James2341|169|1573
|teamsize|p1|6
|teamsize|p2|6
|gen|9
|tier|[Gen 9] OU
|rated|
|rule|HP Percentage Mod: HP is shown in percentages
|rule|Endless Battle Clause: Forcing endless battles is banned
|rule|Species Clause: Limit one of each Pokémon
|rule|OHKO Clause: OHKO moves are banned
|rule|Evasion Items Clause: Evasion items are banned
|rule|Evasion Moves Clause: Evasion moves are banned
|rule|Sleep Moves Clause: Sleep-inducing moves are banned
|clearpoke
|poke|p1|Tyranitar, M|
|poke|p1|Jolteon, F|
|poke|p1|Pelipper, F|
|poke|p1|Quaquaval, F|
|poke|p1|Overqwil, M|
|poke|p1|Excadrill, M|
|poke|p2|Meowscarada, M|
|poke|p2|Garchomp, F|
|poke|p2|Tinkaton, F|
|poke|p2|Dragapult, M|
|poke|p2|Iron Valiant|
|poke|p2|Zapdos|
|teampreview
|inactive|Battle timer is ON: inactive players will automatically lose when time's up. (requested by kshuaib734)
|
|t:|1743887638
|start
|switch|p1a: King Tyrant|Tyranitar, M|100/100
|switch|p2a: Dragapult|Dragapult, M|100/100
|-weather|Sandstorm|[from] ability: Sand Stream|[of] p1a: King Tyrant
|turn|1
|inactive|kshuaib734 has 120 seconds left.
|
|t:|1743887668
|move|p2a: Dragapult|U-turn|p1a: King Tyrant
|-supereffective|p1a: King Tyrant
|-damage|p1a: King Tyrant|77/100
|-enditem|p1a: King Tyrant|Weakness Policy
|-boost|p1a: King Tyrant|atk|2|[from] item: Weakness Policy
|-boost|p1a: King Tyrant|spa|2|[from] item: Weakness Policy
|
|t:|1743887679
|switch|p2a: Tinkaton|Tinkaton, F|100/100|[from] U-turn
|-ability|p2a: Tinkaton|Mold Breaker
|move|p1a: King Tyrant|Ice Beam|p2a: Tinkaton
|-resisted|p2a: Tinkaton
|-damage|p2a: Tinkaton|80/100
|
|-weather|Sandstorm|[upkeep]
|-heal|p2a: Tinkaton|87/100|[from] item: Leftovers
|upkeep
|turn|2
|
|t:|1743887688
|move|p2a: Tinkaton|Stealth Rock|p1a: King Tyrant
|-sidestart|p1: kshuaib734|move: Stealth Rock
|move|p1a: King Tyrant|Stealth Rock|p2a: Tinkaton
|-sidestart|p2: James2341|move: Stealth Rock
|
|-weather|Sandstorm|[upkeep]
|-heal|p2a: Tinkaton|93/100|[from] item: Leftovers
|upkeep
|turn|3
|
|t:|1743887694
|move|p2a: Tinkaton|Gigaton Hammer|p1a: King Tyrant
|-supereffective|p1a: King Tyrant
|-damage|p1a: King Tyrant|12/100
|move|p1a: King Tyrant|Knock Off|p2a: Tinkaton
|-resisted|p2a: Tinkaton
|-damage|p2a: Tinkaton|42/100
|-enditem|p2a: Tinkaton|Leftovers|[from] move: Knock Off|[of] p1a: King Tyrant
|
|-weather|Sandstorm|[upkeep]
|upkeep
|turn|4
|
|t:|1743887702
|switch|p1a: Tyrant's Legacy|Excadrill, M|100/100
|-damage|p1a: Tyrant's Legacy|97/100|[from] Stealth Rock
|move|p2a: Tinkaton|Thunder Wave|p1a: Tyrant's Legacy
|-immune|p1a: Tyrant's Legacy
|
|-weather|Sandstorm|[upkeep]
|upkeep
|turn|5
|
|t:|1743887710
|switch|p2a: Zapdos|Zapdos|100/100
|move|p1a: Tyrant's Legacy|Rapid Spin|p2a: Zapdos
|-damage|p2a: Zapdos|79/100
|-boost|p1a: Tyrant's Legacy|spe|1
|-sideend|p1: kshuaib734|Stealth Rock|[from] move: Rapid Spin|[of] p1a: Tyrant's Legacy
|-damage|p1a: Tyrant's Legacy|88/100|[from] item: Life Orb
|
|-weather|none
|upkeep
|turn|6
|
|t:|1743887718
|switch|p1a: King Tyrant|Tyranitar, M|12/100
|-weather|Sandstorm|[from] ability: Sand Stream|[of] p1a: King Tyrant
|move|p2a: Zapdos|Heat Wave|p1a: King Tyrant
|-resisted|p1a: King Tyrant
|-damage|p1a: King Tyrant|7/100
|
|-weather|Sandstorm|[upkeep]
|-damage|p2a: Zapdos|73/100|[from] Sandstorm
|upkeep
|turn|7
|
|t:|1743887730
|switch|p2a: Tinkaton|Tinkaton, F|42/100
|-damage|p2a: Tinkaton|36/100|[from] Stealth Rock
|-ability|p2a: Tinkaton|Mold Breaker
|move|p1a: King Tyrant|Thunderbolt|p2a: Tinkaton
|-crit|p2a: Tinkaton
|-damage|p2a: Tinkaton|6/100
|
|-weather|Sandstorm|[upkeep]
|upkeep
|turn|8
|
|t:|1743887739
|move|p2a: Tinkaton|Stealth Rock|p1a: King Tyrant
|-sidestart|p1: kshuaib734|move: Stealth Rock
|move|p1a: King Tyrant|Knock Off|p2a: Tinkaton
|-resisted|p2a: Tinkaton
|-damage|p2a: Tinkaton|0 fnt
|faint|p2a: Tinkaton
|
|-weather|Sandstorm|[upkeep]
|upkeep
|
|t:|1743887744
|switch|p2a: Garchomp|Garchomp, F|100/100
|-damage|p2a: Garchomp|94/100|[from] Stealth Rock
|turn|9
|
|t:|1743887751
|move|p2a: Garchomp|Scale Shot|p1a: King Tyrant
|-damage|p1a: King Tyrant|0 fnt
|faint|p1a: King Tyrant
|-hitcount|p1: King Tyrant|1
|-unboost|p2a: Garchomp|def|1
|-boost|p2a: Garchomp|spe|1
|-damage|p2a: Garchomp|85/100|[from] item: Life Orb
|
|-weather|Sandstorm|[upkeep]
|upkeep
|
|t:|1743887759
|switch|p1a: Tyrant's Legacy|Excadrill, M|88/100
|-damage|p1a: Tyrant's Legacy|84/100|[from] Stealth Rock
|turn|10
|
|t:|1743887771
|move|p1a: Tyrant's Legacy|Iron Head|p2a: Garchomp
|-damage|p2a: Garchomp|0 fnt
|-damage|p1a: Tyrant's Legacy|72/100|[from] ability: Rough Skin|[of] p2a: Garchomp
|faint|p2a: Garchomp
|-damage|p1a: Tyrant's Legacy|62/100|[from] item: Life Orb
|
|-weather|none
|upkeep
|
|t:|1743887785
|switch|p2a: Dragapult|Dragapult, M|100/100
|-damage|p2a: Dragapult|88/100|[from] Stealth Rock
|turn|11
|
|t:|1743887789
|move|p2a: Dragapult|Shadow Ball|p1a: Tyrant's Legacy
|-crit|p1a: Tyrant's Legacy
|-damage|p1a: Tyrant's Legacy|0 fnt
|faint|p1a: Tyrant's Legacy
|
|upkeep
|
|t:|1743887796
|switch|p1a: Tyrant's Downpour|Pelipper, F|100/100
|-damage|p1a: Tyrant's Downpour|75/100|[from] Stealth Rock
|-weather|RainDance|[from] ability: Drizzle|[of] p1a: Tyrant's Downpour
|turn|12
|
|t:|1743887803
|move|p2a: Dragapult|Shadow Ball|p1a: Tyrant's Downpour
|-damage|p1a: Tyrant's Downpour|0 fnt
|faint|p1a: Tyrant's Downpour
|
|-weather|RainDance|[upkeep]
|upkeep
|
|t:|1743887809
|switch|p1a: Tyrant's Enforcer|Overqwil, M|100/100
|-damage|p1a: Tyrant's Enforcer|88/100|[from] Stealth Rock
|turn|13
|
|t:|1743887818
|switch|p2a: Zapdos|Zapdos|73/100
|move|p1a: Tyrant's Enforcer|Crunch|p2a: Zapdos
|-damage|p2a: Zapdos|50/100
|
|-weather|RainDance|[upkeep]
|-heal|p1a: Tyrant's Enforcer|94/100|[from] item: Leftovers
|upkeep
|turn|14
|
|t:|1743887825
|move|p1a: Tyrant's Enforcer|Taunt|p2a: Zapdos
|-start|p2a: Zapdos|move: Taunt
|cant|p2a: Zapdos|move: Taunt|Roost
|
|-weather|RainDance|[upkeep]
|-heal|p1a: Tyrant's Enforcer|100/100|[from] item: Leftovers
|upkeep
|turn|15
|
|t:|1743887831
|move|p1a: Tyrant's Enforcer|Swords Dance|p1a: Tyrant's Enforcer
|-boost|p1a: Tyrant's Enforcer|atk|2
|move|p2a: Zapdos|Discharge|p1a: Tyrant's Enforcer
|-damage|p1a: Tyrant's Enforcer|69/100
|
|-weather|RainDance|[upkeep]
|-heal|p1a: Tyrant's Enforcer|75/100|[from] item: Leftovers
|upkeep
|turn|16
|
|t:|1743887839
|move|p1a: Tyrant's Enforcer|Liquidation|p2a: Zapdos
|-damage|p2a: Zapdos|0 fnt
|faint|p2a: Zapdos
|
|-weather|RainDance|[upkeep]
|-heal|p1a: Tyrant's Enforcer|82/100|[from] item: Leftovers
|upkeep
|
|t:|1743887850
|switch|p2a: Dragapult|Dragapult, M|88/100
|-damage|p2a: Dragapult|76/100|[from] Stealth Rock
|turn|17
|
|t:|1743887856
|switch|p2a: Meowscarada|Meowscarada, M, shiny|100/100
|move|p1a: Tyrant's Enforcer|Crunch|p2a: Meowscarada
|-resisted|p2a: Meowscarada
|-damage|p2a: Meowscarada|52/100
|-unboost|p2a: Meowscarada|def|1
|
|-weather|RainDance|[upkeep]
|-heal|p1a: Tyrant's Enforcer|88/100|[from] item: Leftovers
|upkeep
|turn|18
|
|t:|1743887875
|switch|p2a: Dragapult|Dragapult, M|76/100
|-damage|p2a: Dragapult|64/100|[from] Stealth Rock
|move|p1a: Tyrant's Enforcer|Liquidation|p2a: Dragapult
|-resisted|p2a: Dragapult
|-damage|p2a: Dragapult|22/100
|
|-weather|RainDance|[upkeep]
|-heal|p1a: Tyrant's Enforcer|94/100|[from] item: Leftovers
|upkeep
|turn|19
|
|t:|1743887891
|switch|p2a: Meowscarada|Meowscarada, M, shiny|52/100
|move|p1a: Tyrant's Enforcer|Liquidation|p2a: Meowscarada
|-resisted|p2a: Meowscarada
|-damage|p2a: Meowscarada|5/100
|
|-weather|none
|-heal|p1a: Tyrant's Enforcer|99/100|[from] item: Leftovers
|upkeep
|turn|20
|
|t:|1743887910
|move|p2a: Meowscarada|Triple Axel|p1a: Tyrant's Enforcer
|-start|p2a: Meowscarada|typechange|Ice|[from] ability: Protean
|-damage|p1a: Tyrant's Enforcer|91/100
|-damage|p1a: Tyrant's Enforcer|76/100
|-damage|p1a: Tyrant's Enforcer|50/100
|-hitcount|p1a: Tyrant's Enforcer|3
|move|p1a: Tyrant's Enforcer|Liquidation|p2a: Meowscarada
|-damage|p2a: Meowscarada|0 fnt
|faint|p2a: Meowscarada
|
|-heal|p1a: Tyrant's Enforcer|56/100|[from] item: Leftovers
|upkeep
|j| Just-JayPe
|
|t:|1743887916
|switch|p2a: Dragapult|Dragapult, M|22/100
|-damage|p2a: Dragapult|10/100|[from] Stealth Rock
|turn|21
|
|t:|1743887924
|move|p2a: Dragapult|Shadow Ball|p1a: Tyrant's Enforcer
|-resisted|p1a: Tyrant's Enforcer
|-damage|p1a: Tyrant's Enforcer|31/100
|-unboost|p1a: Tyrant's Enforcer|spd|1
|move|p1a: Tyrant's Enforcer|Crunch|p2a: Dragapult
|-supereffective|p2a: Dragapult
|-damage|p2a: Dragapult|0 fnt
|faint|p2a: Dragapult
|
|-heal|p1a: Tyrant's Enforcer|37/100|[from] item: Leftovers
|upkeep
|
|t:|1743887926
|switch|p2a: Iron Valiant|Iron Valiant, shiny|100/100
|-damage|p2a: Iron Valiant|94/100|[from] Stealth Rock
|-enditem|p2a: Iron Valiant|Booster Energy
|-activate|p2a: Iron Valiant|ability: Quark Drive|[fromitem]
|-start|p2a: Iron Valiant|quarkdrivespe
|turn|22
|
|t:|1743887938
|move|p2a: Iron Valiant|Close Combat|p1a: Tyrant's Enforcer
|-damage|p1a: Tyrant's Enforcer|0 fnt
|-unboost|p2a: Iron Valiant|def|1
|-unboost|p2a: Iron Valiant|spd|1
|faint|p1a: Tyrant's Enforcer
|
|upkeep
|
|t:|1743887945
|switch|p1a: Tyrant's Envoy|Jolteon, F|100/100
|-damage|p1a: Tyrant's Envoy|88/100|[from] Stealth Rock
|turn|23
|inactive|James2341 has 120 seconds left.
|l| Just-JayPe
|
|t:|1743888000
|move|p2a: Iron Valiant|Close Combat|p1a: Tyrant's Envoy
|-damage|p1a: Tyrant's Envoy|0 fnt
|-unboost|p2a: Iron Valiant|def|1
|-unboost|p2a: Iron Valiant|spd|1
|faint|p1a: Tyrant's Envoy
|
|upkeep
|
|t:|1743888006
|switch|p1a: Tyrant's Endgame|Quaquaval, F|100/100
|-damage|p1a: Tyrant's Endgame|94/100|[from] Stealth Rock
|turn|24
|
|t:|1743888011
|-terastallize|p2a: Iron Valiant|Fighting
|-terastallize|p1a: Tyrant's Endgame|Water
|move|p1a: Tyrant's Endgame|Aqua Jet|p2a: Iron Valiant
|-crit|p2a: Iron Valiant
|-damage|p2a: Iron Valiant|0 fnt
|faint|p2a: Iron Valiant
|-end|p2a: Iron Valiant|Quark Drive|[silent]
|
|win|kshuaib734
|raw|kshuaib734's rating: 1611 &rarr; <strong>1629</strong><br />(+18 for winning)
|raw|James2341's rating: 1573 &rarr; <strong>1555</strong><br />(-18 for losing)
|l|☆kshuaib734
|player|p1|
|l|☆James2341
|player|p2|
