|j|☆CrazedJuggernaut
|j|☆thecorporatedrone
|t:|1743779783
|gametype|singles
|player|p1|CrazedJuggernaut|marshal|1419
|player|p2|thecorporatedrone|benga|1435
|teamsize|p1|6
|teamsize|p2|6
|gen|9
|tier|[Gen 9] OU
|rated|
|rule|HP Percentage Mod: HP is shown in percentages
|rule|Endless Battle Clause: Forcing endless battles is banned
|rule|Species Clause: Limit one of each Pokémon
|rule|OHKO Clause: OHKO moves are banned
|rule|Evasion Items Clause: Evasion items are banned
|rule|Evasion Moves Clause: Evasion moves are banned
|rule|Sleep Moves Clause: Sleep-inducing moves are banned
|clearpoke
|poke|p1|Ting-Lu|
|poke|p1|Great Tusk|
|poke|p1|Corviknight, M|
|poke|p1|Ogerpon-Wellspring, F|
|poke|p1|Chandelure, F|
|poke|p1|Iron Valiant|
|poke|p2|Garganacl, M|
|poke|p2|Weezing-Galar, F|
|poke|p2|Corviknight, M|
|poke|p2|Dragapult, M|
|poke|p2|Slowking-Galar, F|
|poke|p2|Samurott-Hisui, F|
|teampreview
|
|t:|1743779810
|start
|switch|p1a: Ogerpon|Ogerpon-Wellspring, F|100/100
|switch|p2a: Samurott|Samurott-Hisui, F|100/100
|turn|1
|
|t:|1743779847
|switch|p2a: Weezing|Weezing-Galar, F|100/100
|-ability|p2a: Weezing|Neutralizing Gas
|move|p1a: Ogerpon|Power Whip|p2a: Weezing
|-resisted|p2a: Weezing
|-damage|p2a: Weezing|77/100
|
|upkeep
|turn|2
|
|t:|1743779854
|move|p1a: Ogerpon|U-turn|p2a: Weezing
|-resisted|p2a: Weezing
|-damage|p2a: Weezing|72/100
|
|t:|1743779864
|switch|p1a: Chandelure|Chandelure, F, shiny|100/100|[from] U-turn
|move|p2a: Weezing|Will-O-Wisp|p1a: Chandelure
|-immune|p1a: Chandelure
|
|upkeep
|turn|3
|inactive|Battle timer is ON: inactive players will automatically lose when time's up. (requested by thecorporatedrone)
|
|t:|1743779883
|-end|p2a: Weezing|ability: Neutralizing Gas
|switch|p2a: Samurott|Samurott-Hisui, F|100/100
|move|p1a: Chandelure|Trick|p2a: Samurott
|-activate|p1a: Chandelure|move: Trick|[of] p2a: Samurott
|-item|p2a: Samurott|Choice Specs|[from] move: Trick
|-item|p1a: Chandelure|Choice Scarf|[from] move: Trick
|
|upkeep
|turn|4
|
|t:|1743779890
|move|p1a: Chandelure|Energy Ball|p2a: Samurott
|-supereffective|p2a: Samurott
|-damage|p2a: Samurott|0 fnt
|faint|p2a: Samurott
|
|upkeep
|
|t:|1743779895
|switch|p2a: Dragapult|Dragapult, M|100/100
|turn|5
|
|t:|1743779902
|switch|p1a: Ting-Lu|Ting-Lu|100/100
|-ability|p1a: Ting-Lu|Vessel of Ruin
|move|p2a: Dragapult|Hex|p1a: Ting-Lu
|-resisted|p1a: Ting-Lu
|-damage|p1a: Ting-Lu|96/100
|
|-heal|p1a: Ting-Lu|100/100|[from] item: Leftovers
|upkeep
|turn|6
|
|t:|1743779918
|move|p2a: Dragapult|Will-O-Wisp|p1a: Ting-Lu
|-status|p1a: Ting-Lu|brn
|move|p1a: Ting-Lu|Stealth Rock|p2a: Dragapult
|-sidestart|p2: thecorporatedrone|move: Stealth Rock
|
|-damage|p1a: Ting-Lu|94/100 brn|[from] brn
|upkeep
|turn|7
|
|t:|1743779936
|move|p2a: Dragapult|U-turn|p1a: Ting-Lu
|-supereffective|p1a: Ting-Lu
|-damage|p1a: Ting-Lu|67/100 brn
|
|t:|1743779939
|switch|p2a: Corviknight|Corviknight, M|100/100|[from] U-turn
|-damage|p2a: Corviknight|88/100|[from] Stealth Rock
|-ability|p2a: Corviknight|Pressure
|move|p1a: Ting-Lu|Ruination|p2a: Corviknight
|-damage|p2a: Corviknight|44/100
|
|-heal|p1a: Ting-Lu|73/100 brn|[from] item: Leftovers
|-damage|p1a: Ting-Lu|67/100 brn|[from] brn
|upkeep
|turn|8
|
|t:|1743779953
|switch|p1a: Chandelure|Chandelure, F, shiny|100/100
|move|p2a: Corviknight|Roost|p2a: Corviknight
|-heal|p2a: Corviknight|94/100
|-singleturn|p2a: Corviknight|move: Roost
|
|upkeep
|turn|9
|
|t:|1743779961
|switch|p2a: Slowking|Slowking-Galar, F|100/100
|-damage|p2a: Slowking|88/100|[from] Stealth Rock
|move|p1a: Chandelure|Trick|p2a: Slowking
|-activate|p1a: Chandelure|move: Trick|[of] p2a: Slowking
|-item|p2a: Slowking|Choice Scarf|[from] move: Trick
|-item|p1a: Chandelure|Assault Vest|[from] move: Trick
|
|upkeep
|turn|10
|
|t:|1743779968
|move|p1a: Chandelure|Shadow Ball|p2a: Slowking
|-supereffective|p2a: Slowking
|-damage|p2a: Slowking|32/100
|move|p2a: Slowking|Sludge Bomb|p1a: Chandelure
|-resisted|p1a: Chandelure
|-damage|p1a: Chandelure|82/100
|-status|p1a: Chandelure|psn
|
|-damage|p1a: Chandelure|70/100 psn|[from] psn
|upkeep
|turn|11
|
|t:|1743779980
|switch|p2a: Garganacl|Garganacl, M|100/100
|-damage|p2a: Garganacl|88/100|[from] Stealth Rock
|move|p1a: Chandelure|Shadow Ball|p2a: Garganacl
|-damage|p2a: Garganacl|70/100
|
|-heal|p2a: Garganacl|76/100|[from] item: Leftovers
|-damage|p1a: Chandelure|58/100 psn|[from] psn
|upkeep
|turn|12
|
|t:|1743779995
|switch|p1a: Ting-Lu|Ting-Lu|67/100 brn
|-ability|p1a: Ting-Lu|Vessel of Ruin
|move|p2a: Garganacl|Protect||[still]
|-fail|p2a: Garganacl
|
|-heal|p1a: Ting-Lu|73/100 brn|[from] item: Leftovers
|-heal|p2a: Garganacl|83/100|[from] item: Leftovers
|-damage|p1a: Ting-Lu|67/100 brn|[from] brn
|upkeep
|turn|13
|
|t:|1743780002
|-terastallize|p2a: Garganacl|Fairy
|move|p2a: Garganacl|Salt Cure|p1a: Ting-Lu
|-resisted|p1a: Ting-Lu
|-damage|p1a: Ting-Lu|63/100 brn
|-start|p1a: Ting-Lu|Salt Cure
|move|p1a: Ting-Lu|Whirlwind|p2a: Garganacl
|drag|p2a: Dragapult|Dragapult, M|100/100
|
|-heal|p1a: Ting-Lu|69/100 brn|[from] item: Leftovers
|-damage|p1a: Ting-Lu|63/100 brn|[from] brn
|-damage|p1a: Ting-Lu|51/100 brn|[from] Salt Cure
|upkeep
|turn|14
|
|t:|1743780016
|switch|p1a: Corviknight|Corviknight, M|100/100
|-ability|p1a: Corviknight|Pressure
|move|p2a: Dragapult|U-turn|p1a: Corviknight
|-resisted|p1a: Corviknight
|-damage|p1a: Corviknight|96/100
|
|t:|1743780025
|switch|p2a: Garganacl|Garganacl, M, tera:Fairy|83/100|[from] U-turn
|-damage|p2a: Garganacl|70/100|[from] Stealth Rock
|
|-heal|p1a: Corviknight|100/100|[from] item: Leftovers
|-heal|p2a: Garganacl|76/100|[from] item: Leftovers
|upkeep
|turn|15
|inactive|CrazedJuggernaut has 120 seconds left.
|
|t:|1743780064
|move|p1a: Corviknight|U-turn|p2a: Garganacl
|-resisted|p2a: Garganacl
|-damage|p2a: Garganacl|72/100
|
|t:|1743780072
|switch|p1a: Chandelure|Chandelure, F, shiny|58/100 psn|[from] U-turn
|move|p2a: Garganacl|Stealth Rock|p1a: Chandelure
|-sidestart|p1: CrazedJuggernaut|move: Stealth Rock
|
|-heal|p2a: Garganacl|78/100|[from] item: Leftovers
|-damage|p1a: Chandelure|46/100 psn|[from] psn
|upkeep
|turn|16
|inactive|CrazedJuggernaut has 120 seconds left.
|
|t:|1743780082
|move|p2a: Garganacl|Protect|p2a: Garganacl
|-singleturn|p2a: Garganacl|Protect
|move|p1a: Chandelure|Flamethrower|p2a: Garganacl
|-activate|p2a: Garganacl|move: Protect
|
|-heal|p2a: Garganacl|84/100|[from] item: Leftovers
|-damage|p1a: Chandelure|33/100 psn|[from] psn
|upkeep
|turn|17
|
|t:|1743780090
|move|p1a: Chandelure|Flamethrower|p2a: Garganacl
|-damage|p2a: Garganacl|47/100
|move|p2a: Garganacl|Recover|p2a: Garganacl
|-heal|p2a: Garganacl|97/100
|
|-heal|p2a: Garganacl|100/100|[from] item: Leftovers
|-damage|p1a: Chandelure|21/100 psn|[from] psn
|upkeep
|turn|18
|
|t:|1743780097
|move|p1a: Chandelure|Flamethrower|p2a: Garganacl
|-damage|p2a: Garganacl|61/100
|move|p2a: Garganacl|Salt Cure|p1a: Chandelure
|-supereffective|p1a: Chandelure
|-damage|p1a: Chandelure|0 fnt
|faint|p1a: Chandelure
|
|-heal|p2a: Garganacl|67/100|[from] item: Leftovers
|upkeep
|
|t:|1743780107
|switch|p1a: Ogerpon|Ogerpon-Wellspring, F|100/100
|-damage|p1a: Ogerpon|88/100|[from] Stealth Rock
|turn|19
|
|t:|1743780112
|move|p1a: Ogerpon|Swords Dance|p1a: Ogerpon
|-boost|p1a: Ogerpon|atk|2
|move|p2a: Garganacl|Recover|p2a: Garganacl
|-heal|p2a: Garganacl|100/100
|
|upkeep
|turn|20
|
|t:|1743780117
|move|p1a: Ogerpon|Ivy Cudgel|p2a: Garganacl|[anim] Ivy Cudgel Water
|-damage|p2a: Garganacl|26/100
|move|p2a: Garganacl|Salt Cure|p1a: Ogerpon
|-damage|p1a: Ogerpon|70/100
|-start|p1a: Ogerpon|Salt Cure
|
|-heal|p2a: Garganacl|32/100|[from] item: Leftovers
|-damage|p1a: Ogerpon|45/100|[from] Salt Cure
|upkeep
|turn|21
|
|t:|1743780127
|switch|p1a: Iron Valiant|Iron Valiant|100/100
|-damage|p1a: Iron Valiant|94/100|[from] Stealth Rock
|-enditem|p1a: Iron Valiant|Booster Energy
|-activate|p1a: Iron Valiant|ability: Quark Drive|[fromitem]
|-start|p1a: Iron Valiant|quarkdrivespe
|move|p2a: Garganacl|Recover|p2a: Garganacl
|-heal|p2a: Garganacl|82/100
|
|-heal|p2a: Garganacl|89/100|[from] item: Leftovers
|upkeep
|turn|22
|
|t:|1743780129
|move|p1a: Iron Valiant|Encore|p2a: Garganacl
|-start|p2a: Garganacl|Encore
|move|p2a: Garganacl|Recover|p2a: Garganacl
|-heal|p2a: Garganacl|100/100
|
|upkeep
|turn|23
|
|t:|1743780137
|switch|p2a: Weezing|Weezing-Galar, F|72/100
|-ability|p2a: Weezing|Neutralizing Gas
|move|p1a: Iron Valiant|Shadow Ball|p2a: Weezing
|-damage|p2a: Weezing|33/100
|
|upkeep
|turn|24
|
|t:|1743780142
|move|p1a: Iron Valiant|Shadow Ball|p2a: Weezing
|-damage|p2a: Weezing|0 fnt
|faint|p2a: Weezing
|-end|p2a: Weezing|ability: Neutralizing Gas
|
|upkeep
|
|t:|1743780145
|switch|p2a: Slowking|Slowking-Galar, F|65/100
|-damage|p2a: Slowking|52/100|[from] Stealth Rock
|turn|25
|
|t:|1743780150
|-terastallize|p1a: Iron Valiant|Ghost
|move|p1a: Iron Valiant|Shadow Ball|p2a: Slowking
|-supereffective|p2a: Slowking
|-damage|p2a: Slowking|3/100
|-unboost|p2a: Slowking|spd|1
|move|p2a: Slowking|Sludge Bomb|p1a: Iron Valiant
|-resisted|p1a: Iron Valiant
|-damage|p1a: Iron Valiant|60/100
|
|upkeep
|turn|26
|
|t:|1743780157
|move|p1a: Iron Valiant|Moonblast|p2a: Slowking
|-resisted|p2a: Slowking
|-damage|p2a: Slowking|0 fnt
|faint|p2a: Slowking
|
|upkeep
|
|t:|1743780158
|switch|p2a: Garganacl|Garganacl, M, tera:Fairy|100/100
|-damage|p2a: Garganacl|88/100|[from] Stealth Rock
|turn|27
|
|t:|1743780163
|move|p1a: Iron Valiant|Moonblast|p2a: Garganacl
|-damage|p2a: Garganacl|54/100
|move|p2a: Garganacl|Salt Cure|p1a: Iron Valiant
|-damage|p1a: Iron Valiant|43/100
|-start|p1a: Iron Valiant|Salt Cure
|
|-heal|p2a: Garganacl|60/100|[from] item: Leftovers
|-damage|p1a: Iron Valiant|31/100|[from] Salt Cure
|upkeep
|turn|28
|
|t:|1743780173
|move|p1a: Iron Valiant|Moonblast|p2a: Garganacl
|-crit|p2a: Garganacl
|-damage|p2a: Garganacl|14/100
|-unboost|p2a: Garganacl|spa|1
|move|p2a: Garganacl|Recover|p2a: Garganacl
|-heal|p2a: Garganacl|64/100
|
|-heal|p2a: Garganacl|70/100|[from] item: Leftovers
|-damage|p1a: Iron Valiant|18/100|[from] Salt Cure
|upkeep
|turn|29
|
|t:|1743780182
|move|p2a: Garganacl|Protect|p2a: Garganacl
|-singleturn|p2a: Garganacl|Protect
|move|p1a: Iron Valiant|Encore|p2a: Garganacl
|-activate|p2a: Garganacl|move: Protect
|
|-heal|p2a: Garganacl|76/100|[from] item: Leftovers
|-damage|p1a: Iron Valiant|6/100|[from] Salt Cure
|upkeep
|turn|30
|
|t:|1743780189
|move|p2a: Garganacl|Protect|p2a: Garganacl
|-singleturn|p2a: Garganacl|Protect
|move|p1a: Iron Valiant|Encore|p2a: Garganacl
|-activate|p2a: Garganacl|move: Protect
|
|-heal|p2a: Garganacl|82/100|[from] item: Leftovers
|-damage|p1a: Iron Valiant|0 fnt|[from] Salt Cure
|faint|p1a: Iron Valiant
|-end|p1a: Iron Valiant|Quark Drive|[silent]
|upkeep
|
|t:|1743780207
|switch|p1a: Ting-Lu|Ting-Lu|51/100 brn
|-damage|p1a: Ting-Lu|44/100 brn|[from] Stealth Rock
|-ability|p1a: Ting-Lu|Vessel of Ruin
|turn|31
|
|t:|1743780213
|move|p1a: Ting-Lu|Ruination|p2a: Garganacl
|-damage|p2a: Garganacl|42/100
|move|p2a: Garganacl|Salt Cure|p1a: Ting-Lu
|-resisted|p1a: Ting-Lu
|-crit|p1a: Ting-Lu
|-damage|p1a: Ting-Lu|39/100 brn
|-start|p1a: Ting-Lu|Salt Cure
|
|-heal|p1a: Ting-Lu|45/100 brn|[from] item: Leftovers
|-heal|p2a: Garganacl|48/100|[from] item: Leftovers
|-damage|p1a: Ting-Lu|39/100 brn|[from] brn
|-damage|p1a: Ting-Lu|27/100 brn|[from] Salt Cure
|upkeep
|turn|32
|
|t:|1743780220
|move|p1a: Ting-Lu|Ruination|p2a: Garganacl
|-damage|p2a: Garganacl|24/100
|move|p2a: Garganacl|Recover|p2a: Garganacl
|-heal|p2a: Garganacl|74/100
|
|-heal|p1a: Ting-Lu|33/100 brn|[from] item: Leftovers
|-heal|p2a: Garganacl|80/100|[from] item: Leftovers
|-damage|p1a: Ting-Lu|27/100 brn|[from] brn
|-damage|p1a: Ting-Lu|14/100 brn|[from] Salt Cure
|upkeep
|turn|33
|
|t:|1743780228
|move|p2a: Garganacl|Protect|p2a: Garganacl
|-singleturn|p2a: Garganacl|Protect
|move|p1a: Ting-Lu|Ruination|p2a: Garganacl
|-activate|p2a: Garganacl|move: Protect
|
|-heal|p1a: Ting-Lu|21/100 brn|[from] item: Leftovers
|-heal|p2a: Garganacl|87/100|[from] item: Leftovers
|-damage|p1a: Ting-Lu|14/100 brn|[from] brn
|-damage|p1a: Ting-Lu|2/100 brn|[from] Salt Cure
|upkeep
|turn|34
|
|t:|1743780236
|switch|p2a: Dragapult|Dragapult, M|100/100
|move|p1a: Ting-Lu|Ruination|p2a: Dragapult
|-damage|p2a: Dragapult|51/100
|
|-heal|p1a: Ting-Lu|8/100 brn|[from] item: Leftovers
|-damage|p1a: Ting-Lu|2/100 brn|[from] brn
|-damage|p1a: Ting-Lu|0 fnt|[from] Salt Cure
|faint|p1a: Ting-Lu
|upkeep
|
|t:|1743780241
|switch|p1a: Corviknight|Corviknight, M|100/100
|-damage|p1a: Corviknight|88/100|[from] Stealth Rock
|-ability|p1a: Corviknight|Pressure
|turn|35
|
|t:|1743780244
|move|p2a: Dragapult|Will-O-Wisp|p1a: Corviknight
|-status|p1a: Corviknight|brn
|move|p1a: Corviknight|Brave Bird|p2a: Dragapult
|-damage|p2a: Dragapult|26/100
|-damage|p1a: Corviknight|81/100 brn|[from] Recoil
|
|-heal|p1a: Corviknight|88/100 brn|[from] item: Leftovers
|-damage|p1a: Corviknight|81/100 brn|[from] brn
|upkeep
|turn|36
|
|t:|1743780249
|switch|p2a: Corviknight|Corviknight, M|94/100
|-damage|p2a: Corviknight|82/100|[from] Stealth Rock
|-ability|p2a: Corviknight|Pressure
|move|p1a: Corviknight|Brave Bird|p2a: Corviknight
|-resisted|p2a: Corviknight
|-damage|p2a: Corviknight|76/100
|-damage|p1a: Corviknight|65/100 brn|[from] item: Rocky Helmet|[of] p2a: Corviknight
|-damage|p1a: Corviknight|63/100 brn|[from] Recoil
|
|-heal|p1a: Corviknight|69/100 brn|[from] item: Leftovers
|-damage|p1a: Corviknight|63/100 brn|[from] brn
|upkeep
|turn|37
|
|t:|1743780252
|move|p2a: Corviknight|Iron Defense|p2a: Corviknight
|-boost|p2a: Corviknight|def|2
|move|p1a: Corviknight|U-turn|p2a: Corviknight
|-resisted|p2a: Corviknight
|-damage|p2a: Corviknight|76/100
|-damage|p1a: Corviknight|47/100 brn|[from] item: Rocky Helmet|[of] p2a: Corviknight
|
|t:|1743780254
|switch|p1a: Great Tusk|Great Tusk|100/100|[from] U-turn
|-damage|p1a: Great Tusk|98/100|[from] Stealth Rock
|-enditem|p1a: Great Tusk|Booster Energy
|-activate|p1a: Great Tusk|ability: Protosynthesis|[fromitem]
|-start|p1a: Great Tusk|protosynthesisspe
|
|upkeep
|turn|38
|
|t:|1743780257
|move|p1a: Great Tusk|Bulk Up|p1a: Great Tusk
|-boost|p1a: Great Tusk|atk|1
|-boost|p1a: Great Tusk|def|1
|move|p2a: Corviknight|Iron Defense|p2a: Corviknight
|-boost|p2a: Corviknight|def|2
|
|upkeep
|turn|39
|
|t:|1743780259
|move|p1a: Great Tusk|Bulk Up|p1a: Great Tusk
|-boost|p1a: Great Tusk|atk|1
|-boost|p1a: Great Tusk|def|1
|move|p2a: Corviknight|Iron Defense|p2a: Corviknight
|-boost|p2a: Corviknight|def|2
|
|upkeep
|turn|40
|
|t:|1743780261
|move|p1a: Great Tusk|Bulk Up|p1a: Great Tusk
|-boost|p1a: Great Tusk|atk|1
|-boost|p1a: Great Tusk|def|1
|move|p2a: Corviknight|Body Press|p1a: Great Tusk
|-damage|p1a: Great Tusk|70/100
|
|upkeep
|turn|41
|
|t:|1743780264
|move|p1a: Great Tusk|Bulk Up|p1a: Great Tusk
|-boost|p1a: Great Tusk|atk|1
|-boost|p1a: Great Tusk|def|1
|move|p2a: Corviknight|Body Press|p1a: Great Tusk
|-damage|p1a: Great Tusk|50/100
|
|upkeep
|turn|42
|
|t:|1743780268
|move|p1a: Great Tusk|Bulk Up|p1a: Great Tusk
|-boost|p1a: Great Tusk|atk|1
|-boost|p1a: Great Tusk|def|1
|move|p2a: Corviknight|Body Press|p1a: Great Tusk
|-damage|p1a: Great Tusk|32/100
|
|upkeep
|turn|43
|
|t:|1743780272
|move|p1a: Great Tusk|Ice Spinner|p2a: Corviknight
|-crit|p2a: Corviknight
|-damage|p2a: Corviknight|1/100
|-damage|p1a: Great Tusk|15/100|[from] item: Rocky Helmet|[of] p2a: Corviknight
|move|p2a: Corviknight|Roost|p2a: Corviknight
|-heal|p2a: Corviknight|51/100
|-singleturn|p2a: Corviknight|move: Roost
|
|upkeep
|turn|44
|
|t:|1743780278
|move|p1a: Great Tusk|Ice Spinner|p2a: Corviknight
|-damage|p2a: Corviknight|39/100
|-damage|p1a: Great Tusk|0 fnt|[from] item: Rocky Helmet|[of] p2a: Corviknight
|faint|p1a: Great Tusk
|-end|p1a: Great Tusk|Protosynthesis|[silent]
|move|p2a: Corviknight|Roost|p2a: Corviknight
|-heal|p2a: Corviknight|89/100
|-singleturn|p2a: Corviknight|move: Roost
|
|upkeep
|
|t:|1743780281
|switch|p1a: Ogerpon|Ogerpon-Wellspring, F|45/100
|-damage|p1a: Ogerpon|33/100|[from] Stealth Rock
|turn|45
|c|☆thecorporatedrone|scary lol
|
|t:|1743780290
|move|p1a: Ogerpon|Ivy Cudgel|p2a: Corviknight|[anim] Ivy Cudgel Water
|-damage|p2a: Corviknight|79/100
|move|p2a: Corviknight|Body Press|p1a: Ogerpon
|-damage|p1a: Ogerpon|0 fnt
|faint|p1a: Ogerpon
|
|upkeep
|
|t:|1743780293
|switch|p1a: Corviknight|Corviknight, M|47/100 brn
|-damage|p1a: Corviknight|34/100 brn|[from] Stealth Rock
|-ability|p1a: Corviknight|Pressure
|turn|46
|
|t:|1743780295
|move|p2a: Corviknight|Body Press|p1a: Corviknight
|-damage|p1a: Corviknight|0 fnt
|faint|p1a: Corviknight
|
|win|thecorporatedrone
|raw|CrazedJuggernaut's rating: 1419 &rarr; <strong>1400</strong><br />(-19 for losing)
|raw|thecorporatedrone's rating: 1435 &rarr; <strong>1454</strong><br />(+19 for winning)
|c|☆thecorporatedrone|gg
|c|☆CrazedJuggernaut|Gg
|l|☆thecorporatedrone
|player|p2|
|l|☆CrazedJuggernaut
|player|p1|
