|j|☆Team BBIO 38
|j|☆beaniemcjeanie123
|t:|1743906956
|gametype|singles
|player|p1|Team BBIO 38|dragontamer|1343
|player|p2|beaniemcjeanie123|101|1373
|teamsize|p1|6
|teamsize|p2|6
|gen|9
|tier|[Gen 9] OU
|rated|
|rule|HP Percentage Mod: HP is shown in percentages
|rule|Endless Battle Clause: Forcing endless battles is banned
|rule|Species Clause: Limit one of each Pokémon
|rule|OHKO Clause: OHKO moves are banned
|rule|Evasion Items Clause: Evasion items are banned
|rule|Evasion Moves Clause: Evasion moves are banned
|rule|Sleep Moves Clause: Sleep-inducing moves are banned
|clearpoke
|poke|p1|Dusclops, M|
|poke|p1|Blissey, F|
|poke|p1|Flamigo, M|
|poke|p1|Mimikyu, M|
|poke|p1|Rotom-Wash|
|poke|p1|Alcremie-Rainbow-Swirl, F|
|poke|p2|Excadrill, F|
|poke|p2|Keldeo-Resolute|
|poke|p2|Cloyster, F|
|poke|p2|Blaziken, M|
|poke|p2|Froslass, F|
|poke|p2|Dragonite, M|
|teampreview
|inactive|Battle timer is ON: inactive players will automatically lose when time's up. (requested by Team BBIO 38)
|
|t:|1743906977
|start
|switch|p1a: Blissey|Blissey, F|100/100
|switch|p2a: Cloyster|Cloyster, F|100/100
|turn|1
|
|t:|1743906988
|move|p2a: Cloyster|Icicle Spear|p1a: Blissey
|-damage|p1a: Blissey|90/100
|-damage|p1a: Blissey|79/100
|-damage|p1a: Blissey|69/100
|-damage|p1a: Blissey|59/100
|-damage|p1a: Blissey|49/100
|-hitcount|p1a: Blissey|5
|move|p1a: Blissey|Stealth Rock|p2a: Cloyster
|-sidestart|p2: beaniemcjeanie123|move: Stealth Rock
|
|-heal|p1a: Blissey|55/100|[from] item: Leftovers
|upkeep
|turn|2
|
|t:|1743907008
|switch|p1a: Dusclops|Dusclops, M|100/100
|-item|p2a: Cloyster|Focus Sash|[from] ability: Frisk|[of] p1a: Dusclops
|move|p2a: Cloyster|Shell Smash|p2a: Cloyster
|-unboost|p2a: Cloyster|def|1
|-unboost|p2a: Cloyster|spd|1
|-boost|p2a: Cloyster|atk|2
|-boost|p2a: Cloyster|spa|2
|-boost|p2a: Cloyster|spe|2
|
|upkeep
|turn|3
|
|t:|1743907030
|move|p2a: Cloyster|Icicle Spear|p1a: Dusclops
|-damage|p1a: Dusclops|89/100
|-damage|p1a: Dusclops|77/100
|-damage|p1a: Dusclops|64/100
|-damage|p1a: Dusclops|53/100
|-damage|p1a: Dusclops|41/100
|-hitcount|p1a: Dusclops|5
|move|p1a: Dusclops|Haze|p1a: Dusclops
|-clearallboost
|
|upkeep
|turn|4
|inactive|beaniemcjeanie123 has 120 seconds left.
|inactive|beaniemcjeanie123 has 90 seconds left.
|
|t:|1743907080
|switch|p2a: Blaziken|Blaziken, M, shiny|100/100
|-damage|p2a: Blaziken|88/100|[from] Stealth Rock
|move|p1a: Dusclops|Will-O-Wisp|p2a: Blaziken
|-immune|p2a: Blaziken
|
|upkeep
|turn|5
|inactive|beaniemcjeanie123 has 90 seconds left.
|
|t:|1743907100
|move|p2a: Blaziken|Flare Blitz|p1a: Dusclops
|-damage|p1a: Dusclops|0 fnt
|faint|p1a: Dusclops
|-damage|p2a: Blaziken|76/100|[from] Recoil
|-damage|p2a: Blaziken|66/100|[from] item: Life Orb
|
|-ability|p2a: Blaziken|Speed Boost|boost
|-boost|p2a: Blaziken|spe|1
|upkeep
|
|t:|1743907114
|switch|p1a: Mimikyu|Mimikyu, M|100/100
|turn|6
|inactive|beaniemcjeanie123 has 90 seconds left.
|
|t:|1743907139
|move|p2a: Blaziken|Flare Blitz|p1a: Mimikyu
|-activate|p1a: Mimikyu|ability: Disguise
|-damage|p1a: Mimikyu|100/100
|detailschange|p1a: Mimikyu|Mimikyu-Busted, M
|-damage|p1a: Mimikyu|88/100|[from] pokemon: Mimikyu-Busted
|-enditem|p1a: Mimikyu|Red Card|[of] p2a: Blaziken
|drag|p2a: Dragonite|Dragonite, M, shiny|100/100
|-damage|p2a: Dragonite|75/100|[from] Stealth Rock
|move|p1a: Mimikyu|Play Rough|p2a: Dragonite
|-supereffective|p2a: Dragonite
|-damage|p2a: Dragonite|0 fnt
|faint|p2a: Dragonite
|
|upkeep
|inactive|beaniemcjeanie123 has 60 seconds left.
|
|t:|1743907162
|switch|p2a: Blaziken|Blaziken, M, shiny|66/100
|-damage|p2a: Blaziken|53/100|[from] Stealth Rock
|turn|7
|
|t:|1743907167
|move|p2a: Blaziken|Protect|p2a: Blaziken
|-singleturn|p2a: Blaziken|Protect
|move|p1a: Mimikyu|Shadow Sneak|p2a: Blaziken
|-activate|p2a: Blaziken|move: Protect
|
|-ability|p2a: Blaziken|Speed Boost|boost
|-boost|p2a: Blaziken|spe|1
|upkeep
|turn|8
|
|t:|1743907181
|move|p1a: Mimikyu|Shadow Sneak|p2a: Blaziken
|-damage|p2a: Blaziken|29/100
|move|p2a: Blaziken|Flare Blitz|p1a: Mimikyu
|-damage|p1a: Mimikyu|0 fnt
|faint|p1a: Mimikyu
|-damage|p2a: Blaziken|4/100|[from] Recoil
|-damage|p2a: Blaziken|0 fnt|[from] item: Life Orb
|faint|p2a: Blaziken
|
|upkeep
|
|t:|1743907197
|switch|p1a: Alcremie|Alcremie-Rainbow-Swirl, F|100/100
|switch|p2a: Excadrill|Excadrill, F, shiny|100/100
|-damage|p2a: Excadrill|97/100|[from] Stealth Rock
|-ability|p2a: Excadrill|Mold Breaker
|turn|9
|
|t:|1743907206
|switch|p1a: Rotom|Rotom-Wash|100/100
|move|p2a: Excadrill|Rapid Spin|p1a: Rotom
|-damage|p1a: Rotom|81/100
|-boost|p2a: Excadrill|spe|1
|-sideend|p2: beaniemcjeanie123|Stealth Rock|[from] move: Rapid Spin|[of] p2a: Excadrill
|
|upkeep
|turn|10
|
|t:|1743907225
|move|p2a: Excadrill|Double-Edge|p1a: Rotom
|-damage|p1a: Rotom|31/100
|-damage|p2a: Excadrill|84/100|[from] Recoil
|move|p1a: Rotom|Hydro Pump|p2a: Excadrill
|-supereffective|p2a: Excadrill
|-damage|p2a: Excadrill|0 fnt
|faint|p2a: Excadrill
|
|upkeep
|inactive|beaniemcjeanie123 has 60 seconds left.
|
|t:|1743907252
|switch|p2a: Keldeo|Keldeo-Resolute|100/100
|turn|11
|
|t:|1743907279
|switch|p1a: Flamigo|Flamigo, M|100/100
|move|p2a: Keldeo|Secret Sword|p1a: Flamigo
|-resisted|p1a: Flamigo
|-damage|p1a: Flamigo|67/100
|
|upkeep
|turn|12
|
|t:|1743907294
|switch|p2a: Froslass|Froslass, F, shiny|100/100
|move|p1a: Flamigo|Brave Bird|p2a: Froslass
|-damage|p2a: Froslass|4/100
|-damage|p1a: Flamigo|38/100|[from] Recoil
|
|upkeep
|turn|13
|
|t:|1743907309
|move|p1a: Flamigo|Brave Bird|p2a: Froslass
|-damage|p2a: Froslass|0 fnt
|-start|p1a: Flamigo|Disable|Brave Bird|[from] ability: Cursed Body|[of] p2a: Froslass
|faint|p2a: Froslass
|-damage|p1a: Flamigo|37/100|[from] Recoil
|
|upkeep
|
|t:|1743907323
|switch|p2a: Cloyster|Cloyster, F|100/100
|turn|14
|
|t:|1743907331
|switch|p1a: Rotom|Rotom-Wash|31/100
|move|p2a: Cloyster|Shell Smash|p2a: Cloyster
|-unboost|p2a: Cloyster|def|1
|-unboost|p2a: Cloyster|spd|1
|-boost|p2a: Cloyster|atk|2
|-boost|p2a: Cloyster|spa|2
|-boost|p2a: Cloyster|spe|2
|
|upkeep
|turn|15
|
|t:|1743907341
|move|p2a: Cloyster|Icicle Spear|p1a: Rotom
|-resisted|p1a: Rotom
|-damage|p1a: Rotom|20/100
|-resisted|p1a: Rotom
|-damage|p1a: Rotom|7/100
|-resisted|p1a: Rotom
|-damage|p1a: Rotom|0 fnt
|faint|p1a: Rotom
|-hitcount|p1: Rotom|3
|
|upkeep
|
|t:|1743907352
|switch|p1a: Flamigo|Flamigo, M|37/100
|turn|16
|
|t:|1743907355
|move|p2a: Cloyster|Ice Shard|p1a: Flamigo
|-supereffective|p1a: Flamigo
|-damage|p1a: Flamigo|0 fnt
|faint|p1a: Flamigo
|
|upkeep
|
|t:|1743907359
|switch|p1a: Alcremie|Alcremie-Rainbow-Swirl, F|100/100
|turn|17
|
|t:|1743907365
|-terastallize|p1a: Alcremie|Steel
|move|p2a: Cloyster|Icicle Spear|p1a: Alcremie
|-resisted|p1a: Alcremie
|-damage|p1a: Alcremie|91/100
|-resisted|p1a: Alcremie
|-damage|p1a: Alcremie|80/100
|-resisted|p1a: Alcremie
|-damage|p1a: Alcremie|70/100
|-resisted|p1a: Alcremie
|-damage|p1a: Alcremie|59/100
|-resisted|p1a: Alcremie
|-damage|p1a: Alcremie|50/100
|-hitcount|p1a: Alcremie|5
|move|p1a: Alcremie|Acid Armor|p1a: Alcremie
|-boost|p1a: Alcremie|def|2
|
|upkeep
|turn|18
|inactive|beaniemcjeanie123 has 60 seconds left.
|inactive|Team BBIO 38 has 120 seconds left.
|
|t:|1743907407
|switch|p2a: Keldeo|Keldeo-Resolute|100/100
|move|p1a: Alcremie|Draining Kiss|p2a: Keldeo
|-supereffective|p2a: Keldeo
|-damage|p2a: Keldeo|52/100
|-heal|p1a: Alcremie|85/100|[from] drain|[of] p2a: Keldeo
|
|upkeep
|turn|19
|inactive|beaniemcjeanie123 has 30 seconds left.
|
|t:|1743907435
|move|p2a: Keldeo|Secret Sword|p1a: Alcremie
|-supereffective|p1a: Alcremie
|-damage|p1a: Alcremie|39/100
|move|p1a: Alcremie|Draining Kiss|p2a: Keldeo
|-supereffective|p2a: Keldeo
|-damage|p2a: Keldeo|4/100
|-heal|p1a: Alcremie|75/100|[from] drain|[of] p2a: Keldeo
|
|upkeep
|turn|20
|inactive|beaniemcjeanie123 has 30 seconds left.
|
|t:|1743907453
|move|p2a: Keldeo|Secret Sword|p1a: Alcremie
|-supereffective|p1a: Alcremie
|-damage|p1a: Alcremie|30/100
|move|p1a: Alcremie|Draining Kiss|p2a: Keldeo
|-supereffective|p2a: Keldeo
|-damage|p2a: Keldeo|0 fnt
|-heal|p1a: Alcremie|32/100|[from] drain|[of] p2a: Keldeo
|faint|p2a: Keldeo
|
|upkeep
|inactive|beaniemcjeanie123 has 30 seconds left this turn.
|
|t:|1743907463
|switch|p2a: Cloyster|Cloyster, F|100/100
|turn|21
|inactive|beaniemcjeanie123 has 30 seconds left.
|inactive|beaniemcjeanie123 has 20 seconds left.
|
|t:|1743907479
|move|p2a: Cloyster|Icicle Spear|p1a: Alcremie
|-resisted|p1a: Alcremie
|-crit|p1a: Alcremie
|-damage|p1a: Alcremie|24/100
|-resisted|p1a: Alcremie
|-damage|p1a: Alcremie|21/100
|-resisted|p1a: Alcremie
|-damage|p1a: Alcremie|19/100
|-resisted|p1a: Alcremie
|-damage|p1a: Alcremie|16/100
|-resisted|p1a: Alcremie
|-damage|p1a: Alcremie|14/100
|-hitcount|p1a: Alcremie|5
|move|p1a: Alcremie|Draining Kiss|p2a: Cloyster
|-damage|p2a: Cloyster|42/100
|-heal|p1a: Alcremie|46/100|[from] drain|[of] p2a: Cloyster
|
|upkeep
|turn|22
|inactive|beaniemcjeanie123 has 30 seconds left this turn.
|inactive|beaniemcjeanie123 has 20 seconds left.
|inactive|beaniemcjeanie123 has 15 seconds left.
|
|t:|1743907495
|move|p2a: Cloyster|Icicle Spear|p1a: Alcremie
|-resisted|p1a: Alcremie
|-damage|p1a: Alcremie|43/100
|-resisted|p1a: Alcremie
|-damage|p1a: Alcremie|40/100
|-resisted|p1a: Alcremie
|-damage|p1a: Alcremie|38/100
|-resisted|p1a: Alcremie
|-damage|p1a: Alcremie|35/100
|-resisted|p1a: Alcremie
|-damage|p1a: Alcremie|32/100
|-hitcount|p1a: Alcremie|5
|move|p1a: Alcremie|Draining Kiss|p2a: Cloyster
|-damage|p2a: Cloyster|0 fnt
|-heal|p1a: Alcremie|54/100|[from] drain|[of] p2a: Cloyster
|faint|p2a: Cloyster
|
|win|Team BBIO 38
|inactive|beaniemcjeanie123 has 20 seconds left this turn.
|raw|Team BBIO 38's rating: 1343 &rarr; <strong>1365</strong><br />(+22 for winning)
|raw|beaniemcjeanie123's rating: 1373 &rarr; <strong>1351</strong><br />(-22 for losing)
|l|☆Team BBIO 38
|player|p1|
|l|☆beaniemcjeanie123
|player|p2|
