|j|‽bazusogrimes
|j|☆LX1987
|t:|1743851894
|gametype|singles
|player|p1|bazusogrimes|2|1110
|player|p2|LX1987|1|1147
|teamsize|p1|6
|teamsize|p2|6
|gen|9
|tier|[Gen 9] OU
|rated|
|rule|HP Percentage Mod: HP is shown in percentages
|rule|Endless Battle Clause: Forcing endless battles is banned
|rule|Species Clause: Limit one of each Pokémon
|rule|OHKO Clause: OHKO moves are banned
|rule|Evasion Items Clause: Evasion items are banned
|rule|Evasion Moves Clause: Evasion moves are banned
|rule|Sleep Moves Clause: Sleep-inducing moves are banned
|clearpoke
|poke|p1|Blissey, F|
|poke|p1|Clefable, F|
|poke|p1|Gliscor, F|
|poke|p1|Ting-Lu|
|poke|p1|Dondozo, F|
|poke|p1|Amoonguss, F|
|poke|p2|Corviknight, F|
|poke|p2|Kingambit, F|
|poke|p2|Arcanine-Hisui, F|
|poke|p2|Ninetales-Alola, M|
|poke|p2|Inteleon, F|
|poke|p2|Chimecho, F|
|teampreview
|
|t:|1743851902
|start
|switch|p1a: Ting-Lu|Ting-Lu|100/100
|switch|p2a: Ninetales|Ninetales-Alola, M|100/100
|-weather|Snowscape|[from] ability: Snow Warning|[of] p2a: Ninetales
|-ability|p1a: Ting-Lu|Vessel of Ruin
|turn|1
|
|t:|1743851914
|switch|p1a: Dondozo|Dondozo, F|100/100
|move|p2a: Ninetales|Aurora Veil|p2a: Ninetales
|-sidestart|p2: LX1987|move: Aurora Veil
|
|-weather|Snowscape|[upkeep]
|upkeep
|turn|2
|inactive|Battle timer is ON: inactive players will automatically lose when time's up. (requested by LX1987)
|
|t:|1743851936
|move|p2a: Ninetales|Blizzard|p1a: Dondozo
|-resisted|p1a: Dondozo
|-damage|p1a: Dondozo|80/100
|move|p1a: Dondozo|Curse|p1a: Dondozo
|-unboost|p1a: Dondozo|spe|1
|-boost|p1a: Dondozo|atk|1
|-boost|p1a: Dondozo|def|1
|
|-weather|Snowscape|[upkeep]
|upkeep
|turn|3
|
|t:|1743851948
|move|p2a: Ninetales|Blizzard|p1a: Dondozo
|-resisted|p1a: Dondozo
|-damage|p1a: Dondozo|60/100
|move|p1a: Dondozo|Curse|p1a: Dondozo
|-unboost|p1a: Dondozo|spe|1
|-boost|p1a: Dondozo|atk|1
|-boost|p1a: Dondozo|def|1
|
|-weather|Snowscape|[upkeep]
|upkeep
|turn|4
|
|t:|1743851958
|move|p2a: Ninetales|Blizzard|p1a: Dondozo
|-resisted|p1a: Dondozo
|-damage|p1a: Dondozo|40/100
|move|p1a: Dondozo|Rest|p1a: Dondozo
|-status|p1a: Dondozo|slp|[from] move: Rest
|-heal|p1a: Dondozo|100/100 slp|[silent]
|
|-weather|Snowscape|[upkeep]
|upkeep
|turn|5
|
|t:|1743851969
|move|p2a: Ninetales|Blizzard|p1a: Dondozo
|-resisted|p1a: Dondozo
|-damage|p1a: Dondozo|82/100 slp
|cant|p1a: Dondozo|slp
|move|p1a: Dondozo|Sleep Talk|p1a: Dondozo
|move|p1a: Dondozo|Curse|p1a: Dondozo|[from] move: Sleep Talk
|-unboost|p1a: Dondozo|spe|1
|-boost|p1a: Dondozo|atk|1
|-boost|p1a: Dondozo|def|1
|
|-weather|none
|upkeep
|turn|6
|
|t:|1743851982
|move|p2a: Ninetales|Moonblast|p1a: Dondozo
|-damage|p1a: Dondozo|50/100 slp
|cant|p1a: Dondozo|slp
|move|p1a: Dondozo|Sleep Talk|p1a: Dondozo
|move|p1a: Dondozo|Rest||[from] move: Sleep Talk|[still]
|-fail|p1a: Dondozo
|
|upkeep
|turn|7
|
|t:|1743851992
|move|p2a: Ninetales|Moonblast|p1a: Dondozo
|-crit|p1a: Dondozo
|-damage|p1a: Dondozo|0 fnt
|faint|p1a: Dondozo
|
|upkeep
|
|t:|1743852000
|switch|p1a: Gliscor|Gliscor, F|100/100
|turn|8
|
|t:|1743852008
|switch|p2a: Chimecho|Chimecho, F|100/100
|-terastallize|p1a: Gliscor|Dragon
|move|p1a: Gliscor|Toxic|p2a: Chimecho
|-status|p2a: Chimecho|tox
|
|-damage|p2a: Chimecho|94/100 tox|[from] psn
|-sideend|p2: LX1987|move: Aurora Veil
|-status|p1a: Gliscor|tox|[from] item: Toxic Orb
|upkeep
|turn|9
|
|t:|1743852021
|switch|p2a: Ninetales|Ninetales-Alola, M|100/100
|-weather|Snowscape|[from] ability: Snow Warning|[of] p2a: Ninetales
|move|p1a: Gliscor|Knock Off|p2a: Ninetales
|-resisted|p2a: Ninetales
|-damage|p2a: Ninetales|89/100
|-enditem|p2a: Ninetales|Light Clay|[from] move: Knock Off|[of] p1a: Gliscor
|
|-weather|Snowscape|[upkeep]
|upkeep
|turn|10
|
|t:|1743852042
|switch|p1a: Blissey|Blissey, F|100/100
|move|p2a: Ninetales|Blizzard|p1a: Blissey
|-damage|p1a: Blissey|88/100
|-status|p1a: Blissey|frz
|
|-weather|Snowscape|[upkeep]
|upkeep
|turn|11
|
|t:|1743852053
|move|p2a: Ninetales|Aurora Veil|p2a: Ninetales
|-sidestart|p2: LX1987|move: Aurora Veil
|cant|p1a: Blissey|frz
|
|-weather|Snowscape|[upkeep]
|upkeep
|turn|12
|
|t:|1743852064
|switch|p2a: Arcanine|Arcanine-Hisui, F|100/100
|-curestatus|p1a: Blissey|frz|[msg]
|move|p1a: Blissey|Flamethrower|p2a: Arcanine
|-resisted|p2a: Arcanine
|-damage|p2a: Arcanine|98/100
|
|-weather|Snowscape|[upkeep]
|upkeep
|turn|13
|
|t:|1743852075
|switch|p1a: Gliscor|Gliscor, F, tera:Dragon|100/100 tox
|move|p2a: Arcanine|Head Smash|p1a: Gliscor
|-damage|p1a: Gliscor|35/100 tox
|-damage|p2a: Arcanine|88/100|[from] item: Life Orb
|
|-weather|none
|-heal|p1a: Gliscor|48/100 tox|[from] ability: Poison Heal
|upkeep
|turn|14
|
|t:|1743852089
|move|p2a: Arcanine|Head Smash|p1a: Gliscor
|-damage|p1a: Gliscor|0 fnt
|faint|p1a: Gliscor
|-damage|p2a: Arcanine|78/100|[from] item: Life Orb
|
|upkeep
|
|t:|1743852099
|switch|p1a: Clefable|Clefable, F|100/100
|turn|15
|
|t:|1743852105
|move|p2a: Arcanine|Head Smash|p1a: Clefable
|-damage|p1a: Clefable|19/100
|-damage|p2a: Arcanine|68/100|[from] item: Life Orb
|move|p1a: Clefable|Knock Off|p2a: Arcanine
|-damage|p2a: Arcanine|59/100
|-enditem|p2a: Arcanine|Life Orb|[from] move: Knock Off|[of] p1a: Clefable
|
|-sideend|p2: LX1987|move: Aurora Veil
|upkeep
|turn|16
|
|t:|1743852117
|switch|p1a: Ting-Lu|Ting-Lu|100/100
|-ability|p1a: Ting-Lu|Vessel of Ruin
|move|p2a: Arcanine|Flare Blitz|p1a: Ting-Lu
|-damage|p1a: Ting-Lu|68/100
|
|upkeep
|turn|17
|
|t:|1743852126
|switch|p2a: Ninetales|Ninetales-Alola, M|89/100
|-weather|Snowscape|[from] ability: Snow Warning|[of] p2a: Ninetales
|move|p1a: Ting-Lu|Earthquake|p2a: Ninetales
|-damage|p2a: Ninetales|51/100
|
|-weather|Snowscape|[upkeep]
|upkeep
|turn|18
|
|t:|1743852136
|switch|p1a: Blissey|Blissey, F|88/100
|move|p2a: Ninetales|Aurora Veil|p2a: Ninetales
|-sidestart|p2: LX1987|move: Aurora Veil
|
|-weather|Snowscape|[upkeep]
|upkeep
|turn|19
|
|t:|1743852155
|switch|p2a: Arcanine|Arcanine-Hisui, F|59/100
|move|p1a: Blissey|Calm Mind|p1a: Blissey
|-boost|p1a: Blissey|spa|1
|-boost|p1a: Blissey|spd|1
|
|-weather|Snowscape|[upkeep]
|upkeep
|turn|20
|
|t:|1743852164
|move|p2a: Arcanine|Flare Blitz|p1a: Blissey
|-damage|p1a: Blissey|24/100
|move|p1a: Blissey|Seismic Toss|p2a: Arcanine
|-damage|p2a: Arcanine|29/100
|
|-weather|Snowscape|[upkeep]
|upkeep
|turn|21
|
|t:|1743852174
|switch|p1a: Ting-Lu|Ting-Lu|68/100
|-ability|p1a: Ting-Lu|Vessel of Ruin
|move|p2a: Arcanine|Flare Blitz|p1a: Ting-Lu
|-damage|p1a: Ting-Lu|34/100
|
|-weather|none
|upkeep
|turn|22
|
|t:|1743852187
|switch|p2a: Chimecho|Chimecho, F|94/100 tox
|move|p1a: Ting-Lu|Rest|p1a: Ting-Lu
|-status|p1a: Ting-Lu|slp|[from] move: Rest
|-heal|p1a: Ting-Lu|100/100 slp|[silent]
|
|-heal|p2a: Chimecho|100/100 tox|[from] item: Leftovers
|-damage|p2a: Chimecho|94/100 tox|[from] psn
|-sideend|p2: LX1987|move: Aurora Veil
|upkeep
|turn|23
|
|t:|1743852202
|switch|p1a: Amoonguss|Amoonguss, F|100/100
|move|p2a: Chimecho|Wish|p2a: Chimecho
|
|-heal|p2a: Chimecho|100/100 tox|[from] item: Leftovers
|-damage|p2a: Chimecho|88/100 tox|[from] psn
|upkeep
|turn|24
|
|t:|1743852213
|move|p2a: Chimecho|Thunder Wave|p1a: Amoonguss
|-status|p1a: Amoonguss|par
|move|p1a: Amoonguss|Toxic|p2a: Chimecho
|-fail|p2a: Chimecho|tox
|
|-heal|p2a: Chimecho|100/100 tox|[from] move: Wish|[wisher] Chimecho
|-damage|p2a: Chimecho|82/100 tox|[from] psn
|upkeep
|turn|25
|
|t:|1743852227
|move|p2a: Chimecho|Wish|p2a: Chimecho
|move|p1a: Amoonguss|Foul Play|p2a: Chimecho
|-supereffective|p2a: Chimecho
|-damage|p2a: Chimecho|65/100 tox
|
|-heal|p2a: Chimecho|71/100 tox|[from] item: Leftovers
|-damage|p2a: Chimecho|46/100 tox|[from] psn
|upkeep
|turn|26
|
|t:|1743852238
|switch|p2a: Arcanine|Arcanine-Hisui, F|29/100
|move|p1a: Amoonguss|Toxic|p2a: Arcanine
|-status|p2a: Arcanine|tox
|
|-heal|p2a: Arcanine|82/100 tox|[from] move: Wish|[wisher] Chimecho
|-damage|p2a: Arcanine|76/100 tox|[from] psn
|upkeep
|turn|27
|
|t:|1743852251
|switch|p2a: Chimecho|Chimecho, F|46/100 tox
|cant|p1a: Amoonguss|par
|
|-heal|p2a: Chimecho|52/100 tox|[from] item: Leftovers
|-damage|p2a: Chimecho|46/100 tox|[from] psn
|upkeep
|turn|28
|
|t:|1743852262
|move|p2a: Chimecho|Heal Bell|p2a: Chimecho
|-activate|p2a: Chimecho|move: Heal Bell
|-curestatus|p2a: Chimecho|tox|[msg]
|-curestatus|p2: Arcanine|tox|[msg]
|move|p1a: Amoonguss|Seed Bomb|p2a: Chimecho
|-damage|p2a: Chimecho|22/100
|
|-heal|p2a: Chimecho|28/100|[from] item: Leftovers
|upkeep
|turn|29
|
|t:|1743852274
|move|p2a: Chimecho|Wish|p2a: Chimecho
|move|p1a: Amoonguss|Seed Bomb|p2a: Chimecho
|-damage|p2a: Chimecho|4/100
|
|-heal|p2a: Chimecho|10/100|[from] item: Leftovers
|upkeep
|turn|30
|
|t:|1743852283
|move|p2a: Chimecho|Shadow Ball|p1a: Amoonguss
|-damage|p1a: Amoonguss|84/100 par
|move|p1a: Amoonguss|Seed Bomb|p2a: Chimecho
|-damage|p2a: Chimecho|0 fnt
|faint|p2a: Chimecho
|
|upkeep
|
|t:|1743852292
|switch|p2a: Arcanine|Arcanine-Hisui, F|76/100
|turn|31
|
|t:|1743852297
|move|p2a: Arcanine|Flare Blitz|p1a: Amoonguss
|-supereffective|p1a: Amoonguss
|-damage|p1a: Amoonguss|0 fnt
|faint|p1a: Amoonguss
|
|upkeep
|
|t:|1743852303
|switch|p1a: Ting-Lu|Ting-Lu|100/100 slp
|-ability|p1a: Ting-Lu|Vessel of Ruin
|turn|32
|
|t:|1743852313
|switch|p2a: Ninetales|Ninetales-Alola, M|51/100
|-weather|Snowscape|[from] ability: Snow Warning|[of] p2a: Ninetales
|cant|p1a: Ting-Lu|slp
|
|-weather|Snowscape|[upkeep]
|upkeep
|turn|33
|
|t:|1743852324
|switch|p1a: Blissey|Blissey, F|24/100
|move|p2a: Ninetales|Blizzard|p1a: Blissey
|-damage|p1a: Blissey|11/100
|
|-weather|Snowscape|[upkeep]
|upkeep
|turn|34
|
|t:|1743852332
|move|p2a: Ninetales|Blizzard|p1a: Blissey
|-damage|p1a: Blissey|0 fnt
|faint|p1a: Blissey
|
|-weather|Snowscape|[upkeep]
|upkeep
|
|t:|1743852339
|switch|p1a: Clefable|Clefable, F|19/100
|turn|35
|
|t:|1743852343
|move|p2a: Ninetales|Moonblast|p1a: Clefable
|-damage|p1a: Clefable|0 fnt
|faint|p1a: Clefable
|
|-weather|Snowscape|[upkeep]
|upkeep
|
|t:|1743852348
|switch|p1a: Ting-Lu|Ting-Lu|100/100 slp
|-ability|p1a: Ting-Lu|Vessel of Ruin
|turn|36
|
|t:|1743852354
|move|p2a: Ninetales|Aurora Veil|p2a: Ninetales
|-sidestart|p2: LX1987|move: Aurora Veil
|cant|p1a: Ting-Lu|slp
|
|-weather|none
|upkeep
|turn|37
|
|t:|1743852360
|switch|p2a: Inteleon|Inteleon, F|100/100
|-curestatus|p1a: Ting-Lu|slp|[msg]
|move|p1a: Ting-Lu|Earthquake|p2a: Inteleon
|-damage|p2a: Inteleon|71/100
|
|upkeep
|turn|38
|
|t:|1743852369
|move|p2a: Inteleon|Snipe Shot|p1a: Ting-Lu
|-supereffective|p1a: Ting-Lu
|-damage|p1a: Ting-Lu|62/100
|move|p1a: Ting-Lu|Earthquake|p2a: Inteleon
|-damage|p2a: Inteleon|37/100
|
|upkeep
|turn|39
|
|t:|1743852378
|-terastallize|p2a: Inteleon|Water
|move|p2a: Inteleon|Snipe Shot|p1a: Ting-Lu
|-supereffective|p1a: Ting-Lu
|-damage|p1a: Ting-Lu|11/100
|move|p1a: Ting-Lu|Earthquake|p2a: Inteleon
|-damage|p2a: Inteleon|4/100
|
|upkeep
|turn|40
|
|t:|1743852388
|move|p2a: Inteleon|Snipe Shot|p1a: Ting-Lu
|-supereffective|p1a: Ting-Lu
|-damage|p1a: Ting-Lu|0 fnt
|faint|p1a: Ting-Lu
|
|win|LX1987
|raw|bazusogrimes's rating: 1110 &rarr; <strong>1088</strong><br />(-22 for losing)
|raw|LX1987's rating: 1147 &rarr; <strong>1169</strong><br />(+22 for winning)
|l|‽bazusogrimes
|player|p1|
|l|☆LX1987
|player|p2|
