|j|☆fasterfaster88
|j|☆Dequavious IV
|t:|1743847748
|gametype|singles
|player|p1|fasterfaster88|1|1672
|player|p2|Dequavious IV|hoopster|1569
|teamsize|p1|6
|teamsize|p2|6
|gen|9
|tier|[Gen 9] OU
|rated|
|rule|HP Percentage Mod: HP is shown in percentages
|rule|Endless Battle Clause: Forcing endless battles is banned
|rule|Species Clause: Limit one of each Pokémon
|rule|OHKO Clause: OHKO moves are banned
|rule|Evasion Items Clause: Evasion items are banned
|rule|Evasion Moves Clause: Evasion moves are banned
|rule|Sleep Moves Clause: Sleep-inducing moves are banned
|clearpoke
|poke|p1|Clefable, M|
|poke|p1|Incineroar, F|
|poke|p1|Clodsire, M|
|poke|p1|Zapdos-Galar|
|poke|p1|Gholdengo|
|poke|p1|Dragapult, M|
|poke|p2|Gliscor, F|
|poke|p2|Zamazenta-*|
|poke|p2|Ting-Lu|
|poke|p2|Samurott-Hisui, M|
|poke|p2|Latios, M|
|poke|p2|Pecharunt|
|teampreview
|inactive|Battle timer is ON: inactive players will automatically lose when time's up. (requested by fasterfaster88)
|inactive|fasterfaster88 has 120 seconds left.
|inactive|fasterfaster88 has 90 seconds left.
|
|t:|1743847819
|start
|switch|p1a: Zapdos|Zapdos-Galar, shiny|100/100
|switch|p2a: Gliscor|Gliscor, F, shiny|100/100
|turn|1
|
|t:|1743847823
|move|p2a: Gliscor|Protect|p2a: Gliscor
|-singleturn|p2a: Gliscor|Protect
|move|p1a: Zapdos|Bulk Up|p1a: Zapdos
|-boost|p1a: Zapdos|atk|1
|-boost|p1a: Zapdos|def|1
|
|-status|p2a: Gliscor|tox|[from] item: Toxic Orb
|upkeep
|turn|2
|
|t:|1743847827
|move|p1a: Zapdos|Bulk Up|p1a: Zapdos
|-boost|p1a: Zapdos|atk|1
|-boost|p1a: Zapdos|def|1
|move|p2a: Gliscor|Knock Off|p1a: Zapdos
|-resisted|p1a: Zapdos
|-damage|p1a: Zapdos|95/100
|-enditem|p1a: Zapdos|Lum Berry|[from] move: Knock Off|[of] p2a: Gliscor
|
|upkeep
|turn|3
|
|t:|1743847832
|switch|p2a: Pecharunt|Pecharunt|100/100
|move|p1a: Zapdos|Brave Bird|p2a: Pecharunt
|-damage|p2a: Pecharunt|40/100
|-damage|p1a: Zapdos|71/100|[from] Recoil
|
|upkeep
|turn|4
|
|t:|1743847841
|move|p1a: Zapdos|Knock Off|p2a: Pecharunt
|-supereffective|p2a: Pecharunt
|-damage|p2a: Pecharunt|0 fnt
|-enditem|p2a: Pecharunt|Heavy-Duty Boots|[from] move: Knock Off|[of] p1a: Zapdos
|faint|p2a: Pecharunt
|
|upkeep
|
|t:|1743847847
|switch|p2a: Latios|Latios, M, shiny|100/100
|turn|5
|
|t:|1743847853
|-terastallize|p1a: Zapdos|Steel
|move|p2a: Latios|Draco Meteor|p1a: Zapdos
|-resisted|p1a: Zapdos
|-damage|p1a: Zapdos|9/100
|-unboost|p2a: Latios|spa|2
|move|p1a: Zapdos|Knock Off|p2a: Latios
|-supereffective|p2a: Latios
|-damage|p2a: Latios|0 fnt
|-enditem|p2a: Latios|Choice Specs|[from] move: Knock Off|[of] p1a: Zapdos
|faint|p2a: Latios
|
|upkeep
|
|t:|1743847858
|switch|p2a: Zamazenta|Zamazenta, shiny|100/100
|-ability|p2a: Zamazenta|Dauntless Shield|boost
|-boost|p2a: Zamazenta|def|1
|turn|6
|
|t:|1743847866
|switch|p1a: Clodsire|Clodsire, M, shiny|100/100
|move|p2a: Zamazenta|Crunch|p1a: Clodsire
|-damage|p1a: Clodsire|79/100
|-unboost|p1a: Clodsire|def|1
|
|-heal|p1a: Clodsire|85/100|[from] item: Black Sludge
|upkeep
|turn|7
|
|t:|1743847874
|switch|p1a: Gholdengo|Gholdengo, shiny|100/100
|-item|p1a: Gholdengo|Air Balloon
|move|p2a: Zamazenta|Substitute|p2a: Zamazenta
|-start|p2a: Zamazenta|Substitute
|-damage|p2a: Zamazenta|75/100
|
|-heal|p2a: Zamazenta|82/100|[from] item: Leftovers
|upkeep
|turn|8
|
|t:|1743847882
|switch|p1a: Clefable|Clefable, M, shiny|100/100
|move|p2a: Zamazenta|Crunch|p1a: Clefable
|-resisted|p1a: Clefable
|-damage|p1a: Clefable|92/100
|
|-heal|p2a: Zamazenta|88/100|[from] item: Leftovers
|-heal|p1a: Clefable|98/100|[from] item: Leftovers
|upkeep
|turn|9
|
|t:|1743847895
|switch|p2a: Ting-Lu|Ting-Lu|100/100
|-ability|p2a: Ting-Lu|Vessel of Ruin
|move|p1a: Clefable|Wish|p1a: Clefable
|
|-heal|p1a: Clefable|100/100|[from] item: Leftovers
|upkeep
|turn|10
|
|t:|1743847898
|move|p1a: Clefable|Moonblast|p2a: Ting-Lu
|-supereffective|p2a: Ting-Lu
|-damage|p2a: Ting-Lu|72/100
|move|p2a: Ting-Lu|Stealth Rock|p1a: Clefable
|-sidestart|p1: fasterfaster88|move: Stealth Rock
|
|-heal|p2a: Ting-Lu|79/100|[from] item: Leftovers
|upkeep
|turn|11
|
|t:|1743847905
|move|p1a: Clefable|Calm Mind|p1a: Clefable
|-boost|p1a: Clefable|spa|1
|-boost|p1a: Clefable|spd|1
|move|p2a: Ting-Lu|Whirlwind|p1a: Clefable
|drag|p1a: Incineroar|Incineroar, F, shiny|100/100
|-ability|p1a: Incineroar|Intimidate|boost
|-unboost|p2a: Ting-Lu|atk|1
|
|-heal|p2a: Ting-Lu|85/100|[from] item: Leftovers
|upkeep
|turn|12
|
|t:|1743847913
|switch|p2a: Samurott|Samurott-Hisui, M, shiny|100/100
|move|p1a: Incineroar|Knock Off|p2a: Samurott
|-resisted|p2a: Samurott
|-damage|p2a: Samurott|70/100
|-enditem|p2a: Samurott|Black Glasses|[from] move: Knock Off|[of] p1a: Incineroar
|
|upkeep
|turn|13
|
|t:|1743847918
|move|p2a: Samurott|Ceaseless Edge|p1a: Incineroar
|-resisted|p1a: Incineroar
|-damage|p1a: Incineroar|77/100
|-sidestart|p1: fasterfaster88|Spikes
|move|p1a: Incineroar|U-turn|p2a: Samurott
|-supereffective|p2a: Samurott
|-damage|p2a: Samurott|10/100
|
|t:|1743847927
|switch|p1a: Dragapult|Dragapult, M|100/100|[from] U-turn
|
|upkeep
|turn|14
|
|t:|1743847930
|move|p2a: Samurott|Sucker Punch|p1a: Dragapult
|-supereffective|p1a: Dragapult
|-damage|p1a: Dragapult|4/100
|move|p1a: Dragapult|U-turn|p2a: Samurott
|-supereffective|p2a: Samurott
|-damage|p2a: Samurott|0 fnt
|faint|p2a: Samurott
|
|t:|1743847938
|switch|p1a: Gholdengo|Gholdengo, shiny|100/100|[from] U-turn
|-damage|p1a: Gholdengo|94/100|[from] Stealth Rock
|-item|p1a: Gholdengo|Air Balloon
|
|upkeep
|
|t:|1743847943
|switch|p2a: Ting-Lu|Ting-Lu|85/100
|-ability|p2a: Ting-Lu|Vessel of Ruin
|turn|15
|
|t:|1743847965
|switch|p1a: Zapdos|Zapdos-Galar, shiny, tera:Steel|9/100
|-damage|p1a: Zapdos|3/100|[from] Stealth Rock
|-damage|p1a: Zapdos|0 fnt|[from] Spikes
|faint|p1a: Zapdos
|move|p2a: Ting-Lu|Ruination|p1: Zapdos|[notarget]
|-fail|p2a: Ting-Lu
|
|-heal|p2a: Ting-Lu|91/100|[from] item: Leftovers
|upkeep
|
|t:|1743847974
|switch|p1a: Incineroar|Incineroar, F, shiny|77/100
|-ability|p1a: Incineroar|Intimidate|boost
|-unboost|p2a: Ting-Lu|atk|1
|turn|16
|
|t:|1743847983
|move|p1a: Incineroar|Knock Off|p2a: Ting-Lu
|-resisted|p2a: Ting-Lu
|-damage|p2a: Ting-Lu|77/100
|-enditem|p2a: Ting-Lu|Leftovers|[from] move: Knock Off|[of] p1a: Incineroar
|move|p2a: Ting-Lu|Earthquake|p1a: Incineroar
|-supereffective|p1a: Incineroar
|-damage|p1a: Incineroar|29/100
|
|upkeep
|turn|17
|
|t:|1743847990
|switch|p2a: Gliscor|Gliscor, F, shiny|100/100 tox
|move|p1a: Incineroar|U-turn|p2a: Gliscor
|-resisted|p2a: Gliscor
|-damage|p2a: Gliscor|91/100 tox
|
|t:|1743847993
|switch|p1a: Gholdengo|Gholdengo, shiny|94/100|[from] U-turn
|-damage|p1a: Gholdengo|88/100|[from] Stealth Rock
|-item|p1a: Gholdengo|Air Balloon
|
|-heal|p2a: Gliscor|100/100 tox|[from] ability: Poison Heal
|upkeep
|turn|18
|
|t:|1743848004
|switch|p2a: Ting-Lu|Ting-Lu|77/100
|-ability|p2a: Ting-Lu|Vessel of Ruin
|move|p1a: Gholdengo|Nasty Plot|p1a: Gholdengo
|-boost|p1a: Gholdengo|spa|2
|
|upkeep
|turn|19
|
|t:|1743848011
|move|p1a: Gholdengo|Make It Rain|p2a: Ting-Lu
|-damage|p2a: Ting-Lu|18/100
|-unboost|p1a: Gholdengo|spa|1
|move|p2a: Ting-Lu|Ruination|p1a: Gholdengo
|-damage|p1a: Gholdengo|44/100
|-enditem|p1a: Gholdengo|Air Balloon
|
|upkeep
|turn|20
|
|t:|1743848017
|move|p1a: Gholdengo|Shadow Ball|p2a: Ting-Lu
|-resisted|p2a: Ting-Lu
|-damage|p2a: Ting-Lu|5/100
|move|p2a: Ting-Lu|Earthquake|p1a: Gholdengo
|-supereffective|p1a: Gholdengo
|-damage|p1a: Gholdengo|0 fnt
|faint|p1a: Gholdengo
|
|upkeep
|
|t:|1743848021
|switch|p1a: Dragapult|Dragapult, M|4/100
|turn|21
|
|t:|1743848027
|move|p1a: Dragapult|Dragon Darts|p2a: Ting-Lu
|-damage|p2a: Ting-Lu|0 fnt
|faint|p2a: Ting-Lu
|
|upkeep
|
|t:|1743848030
|switch|p2a: Gliscor|Gliscor, F, shiny|100/100 tox
|turn|22
|
|t:|1743848039
|move|p1a: Dragapult|U-turn|p2a: Gliscor
|-resisted|p2a: Gliscor
|-damage|p2a: Gliscor|93/100 tox
|
|t:|1743848042
|switch|p1a: Clodsire|Clodsire, M, shiny|85/100|[from] U-turn
|-damage|p1a: Clodsire|79/100|[from] Stealth Rock
|-damage|p1a: Clodsire|66/100|[from] Spikes
|move|p2a: Gliscor|Earthquake|p1a: Clodsire
|-supereffective|p1a: Clodsire
|-damage|p1a: Clodsire|0 fnt
|faint|p1a: Clodsire
|
|-heal|p2a: Gliscor|100/100 tox|[from] ability: Poison Heal
|upkeep
|
|t:|1743848045
|switch|p1a: Clefable|Clefable, M, shiny|100/100
|-damage|p1a: Clefable|88/100|[from] Stealth Rock
|-damage|p1a: Clefable|76/100|[from] Spikes
|turn|23
|
|t:|1743848054
|move|p2a: Gliscor|Swords Dance|p2a: Gliscor
|-boost|p2a: Gliscor|atk|2
|move|p1a: Clefable|Wish|p1a: Clefable
|
|-heal|p1a: Clefable|82/100|[from] item: Leftovers
|upkeep
|turn|24
|c|☆fasterfaster88|gg
|
|t:|1743848063
|move|p2a: Gliscor|Earthquake|p1a: Clefable
|-damage|p1a: Clefable|57/100
|move|p1a: Clefable|Calm Mind|p1a: Clefable
|-boost|p1a: Clefable|spa|1
|-boost|p1a: Clefable|spd|1
|
|-heal|p1a: Clefable|100/100|[from] move: Wish|[wisher] Clefable
|upkeep
|turn|25
|-message|Dequavious IV forfeited.
|
|win|fasterfaster88
|raw|fasterfaster88's rating: 1672 &rarr; <strong>1686</strong><br />(+14 for winning)
|raw|Dequavious IV's rating: 1569 &rarr; <strong>1555</strong><br />(-14 for losing)
|l|☆Dequavious IV
|player|p2|
