|j|‽omari p
|j|☆phantasmiccat
|t:|1743831694
|gametype|singles
|player|p1|omari p|pokemonrangerf|1659
|player|p2|phantasmiccat|miku-grass|1560
|teamsize|p1|6
|teamsize|p2|6
|gen|9
|tier|[Gen 9] OU
|rated|
|rule|HP Percentage Mod: HP is shown in percentages
|rule|Endless Battle Clause: Forcing endless battles is banned
|rule|Species Clause: Limit one of each Pokémon
|rule|OHKO Clause: OHKO moves are banned
|rule|Evasion Items Clause: Evasion items are banned
|rule|Evasion Moves Clause: Evasion moves are banned
|rule|Sleep Moves Clause: Sleep-inducing moves are banned
|clearpoke
|poke|p1|Thundurus-Therian, M|
|poke|p1|Cinderace, M|
|poke|p1|Mandibuzz, F|
|poke|p1|Latios, M|
|poke|p1|Deoxys-Speed|
|poke|p1|Iron Hands|
|poke|p2|Tyranitar, M|
|poke|p2|Excadrill, M|
|poke|p2|Zamazenta-*|
|poke|p2|Ogerpon-Wellspring, F|
|poke|p2|Moltres|
|poke|p2|Primarina, F|
|teampreview
|inactive|Battle timer is ON: inactive players will automatically lose when time's up. (requested by phantasmiccat)
|
|t:|1743831718
|start
|switch|p1a: Iron Hands|Iron Hands|100/100
|switch|p2a: Moltres|Moltres|100/100
|turn|1
|
|t:|1743831726
|-end|p1a: Iron Hands|Quark Drive|[silent]
|switch|p1a: Thundurus|Thundurus-Therian, M|100/100
|move|p2a: Moltres|Will-O-Wisp|p1a: Thundurus
|-status|p1a: Thundurus|brn
|
|-damage|p1a: Thundurus|94/100 brn|[from] brn
|upkeep
|turn|2
|
|t:|1743831753
|switch|p2a: Excadrill|Excadrill, M|100/100
|-item|p2a: Excadrill|Air Balloon
|move|p1a: Thundurus|Nasty Plot|p1a: Thundurus
|-boost|p1a: Thundurus|spa|2
|
|-heal|p1a: Thundurus|100/100 brn|[from] item: Leftovers
|-damage|p1a: Thundurus|94/100 brn|[from] brn
|upkeep
|turn|3
|
|t:|1743831768
|switch|p2a: Tyranitar|Tyranitar, M|100/100
|-weather|Sandstorm|[from] ability: Sand Stream|[of] p2a: Tyranitar
|move|p1a: Thundurus|Agility|p1a: Thundurus
|-boost|p1a: Thundurus|spe|2
|
|-weather|Sandstorm|[upkeep]
|-damage|p1a: Thundurus|88/100 brn|[from] Sandstorm
|-heal|p1a: Thundurus|94/100 brn|[from] item: Leftovers
|-damage|p1a: Thundurus|88/100 brn|[from] brn
|upkeep
|turn|4
|
|t:|1743831780
|move|p1a: Thundurus|Focus Blast|p2a: Tyranitar
|-supereffective|p2a: Tyranitar
|-damage|p2a: Tyranitar|0 fnt
|faint|p2a: Tyranitar
|
|-weather|Sandstorm|[upkeep]
|-damage|p1a: Thundurus|82/100 brn|[from] Sandstorm
|-heal|p1a: Thundurus|88/100 brn|[from] item: Leftovers
|-damage|p1a: Thundurus|82/100 brn|[from] brn
|upkeep
|inactive|phantasmiccat has 120 seconds left.
|inactive|phantasmiccat has 90 seconds left.
|
|t:|1743831824
|switch|p2a: Primarina|Primarina, F|100/100
|turn|5
|inactive|phantasmiccat has 90 seconds left.
|
|t:|1743831836
|-terastallize|p2a: Primarina|Poison
|move|p1a: Thundurus|Thunderbolt|p2a: Primarina
|-damage|p2a: Primarina|15/100
|-status|p2a: Primarina|par
|move|p2a: Primarina|Draining Kiss|p1a: Thundurus
|-damage|p1a: Thundurus|54/100 brn
|-heal|p2a: Primarina|33/100 par|[from] drain|[of] p1a: Thundurus
|
|-weather|Sandstorm|[upkeep]
|-damage|p1a: Thundurus|48/100 brn|[from] Sandstorm
|-damage|p2a: Primarina|27/100 par|[from] Sandstorm
|-heal|p1a: Thundurus|54/100 brn|[from] item: Leftovers
|-heal|p2a: Primarina|33/100 par|[from] item: Leftovers
|-damage|p1a: Thundurus|48/100 brn|[from] brn
|upkeep
|turn|6
|
|t:|1743831843
|move|p1a: Thundurus|Thunderbolt|p2a: Primarina
|-damage|p2a: Primarina|0 fnt
|faint|p2a: Primarina
|
|-weather|Sandstorm|[upkeep]
|-damage|p1a: Thundurus|41/100 brn|[from] Sandstorm
|-heal|p1a: Thundurus|48/100 brn|[from] item: Leftovers
|-damage|p1a: Thundurus|41/100 brn|[from] brn
|upkeep
|
|t:|1743831847
|switch|p2a: Zamazenta|Zamazenta|100/100
|-ability|p2a: Zamazenta|Dauntless Shield|boost
|-boost|p2a: Zamazenta|def|1
|turn|7
|
|t:|1743831858
|move|p1a: Thundurus|Thunderbolt|p2a: Zamazenta
|-damage|p2a: Zamazenta|7/100
|move|p2a: Zamazenta|Body Press|p1a: Thundurus
|-resisted|p1a: Thundurus
|-damage|p1a: Thundurus|1/100 brn
|
|-weather|Sandstorm|[upkeep]
|-damage|p1a: Thundurus|0 fnt|[from] Sandstorm
|-damage|p2a: Zamazenta|1/100|[from] Sandstorm
|faint|p1a: Thundurus
|-heal|p2a: Zamazenta|7/100|[from] item: Leftovers
|upkeep
|
|t:|1743831869
|switch|p1a: Latios|Latios, M|100/100
|turn|8
|
|t:|1743831873
|move|p1a: Latios|Luster Purge|p2a: Zamazenta
|-supereffective|p2a: Zamazenta
|-damage|p2a: Zamazenta|0 fnt
|faint|p2a: Zamazenta
|
|-weather|Sandstorm|[upkeep]
|-damage|p1a: Latios|95/100|[from] Sandstorm
|upkeep
|
|t:|1743831879
|switch|p2a: Excadrill|Excadrill, M|100/100
|-item|p2a: Excadrill|Air Balloon
|turn|9
|
|t:|1743831897
|switch|p1a: Mandibuzz|Mandibuzz, F, shiny|100/100
|move|p2a: Excadrill|Iron Head|p1a: Mandibuzz
|-damage|p1a: Mandibuzz|75/100
|-damage|p2a: Excadrill|84/100|[from] item: Rocky Helmet|[of] p1a: Mandibuzz
|
|-weather|Sandstorm|[upkeep]
|upkeep
|turn|10
|
|t:|1743831909
|switch|p2a: Moltres|Moltres|100/100
|move|p1a: Mandibuzz|Foul Play|p2a: Moltres
|-damage|p2a: Moltres|81/100
|
|-weather|none
|upkeep
|turn|11
|
|t:|1743831915
|move|p2a: Moltres|U-turn|p1a: Mandibuzz
|-damage|p1a: Mandibuzz|66/100
|-damage|p2a: Moltres|64/100|[from] item: Rocky Helmet|[of] p1a: Mandibuzz
|
|t:|1743831920
|switch|p2a: Excadrill|Excadrill, M|84/100|[from] U-turn
|-item|p2a: Excadrill|Air Balloon
|move|p1a: Mandibuzz|Toxic|p2a: Excadrill
|-immune|p2a: Excadrill
|
|upkeep
|turn|12
|
|t:|1743831926
|move|p2a: Excadrill|Iron Head|p1a: Mandibuzz
|-damage|p1a: Mandibuzz|39/100
|-damage|p2a: Excadrill|67/100|[from] item: Rocky Helmet|[of] p1a: Mandibuzz
|move|p1a: Mandibuzz|Roost|p1a: Mandibuzz
|-heal|p1a: Mandibuzz|89/100
|-singleturn|p1a: Mandibuzz|move: Roost
|
|upkeep
|turn|13
|
|t:|1743831934
|switch|p2a: Moltres|Moltres|64/100
|move|p1a: Mandibuzz|Foul Play|p2a: Moltres
|-damage|p2a: Moltres|43/100
|-status|p1a: Mandibuzz|brn|[from] ability: Flame Body|[of] p2a: Moltres
|
|-damage|p1a: Mandibuzz|83/100 brn|[from] brn
|upkeep
|turn|14
|
|t:|1743831938
|move|p2a: Moltres|U-turn|p1a: Mandibuzz
|-damage|p1a: Mandibuzz|74/100 brn
|-damage|p2a: Moltres|27/100|[from] item: Rocky Helmet|[of] p1a: Mandibuzz
|
|t:|1743831940
|switch|p2a: Excadrill|Excadrill, M|67/100|[from] U-turn
|-item|p2a: Excadrill|Air Balloon
|move|p1a: Mandibuzz|Toxic|p2a: Excadrill
|-immune|p2a: Excadrill
|
|-damage|p1a: Mandibuzz|68/100 brn|[from] brn
|upkeep
|turn|15
|
|t:|1743831945
|move|p2a: Excadrill|Iron Head|p1a: Mandibuzz
|-damage|p1a: Mandibuzz|43/100 brn
|-damage|p2a: Excadrill|51/100|[from] item: Rocky Helmet|[of] p1a: Mandibuzz
|cant|p1a: Mandibuzz|flinch
|
|-damage|p1a: Mandibuzz|37/100 brn|[from] brn
|upkeep
|turn|16
|
|t:|1743831951
|move|p2a: Excadrill|Iron Head|p1a: Mandibuzz
|-damage|p1a: Mandibuzz|12/100 brn
|-damage|p2a: Excadrill|34/100|[from] item: Rocky Helmet|[of] p1a: Mandibuzz
|move|p1a: Mandibuzz|Roost|p1a: Mandibuzz
|-heal|p1a: Mandibuzz|62/100 brn
|-singleturn|p1a: Mandibuzz|move: Roost
|
|-damage|p1a: Mandibuzz|56/100 brn|[from] brn
|upkeep
|turn|17
|
|t:|1743831959
|move|p2a: Excadrill|Iron Head|p1a: Mandibuzz
|-damage|p1a: Mandibuzz|31/100 brn
|-damage|p2a: Excadrill|17/100|[from] item: Rocky Helmet|[of] p1a: Mandibuzz
|move|p1a: Mandibuzz|Roost|p1a: Mandibuzz
|-heal|p1a: Mandibuzz|81/100 brn
|-singleturn|p1a: Mandibuzz|move: Roost
|
|-damage|p1a: Mandibuzz|75/100 brn|[from] brn
|upkeep
|turn|18
|
|t:|1743831966
|switch|p2a: Moltres|Moltres|27/100
|move|p1a: Mandibuzz|Roost|p1a: Mandibuzz
|-heal|p1a: Mandibuzz|100/100 brn
|-singleturn|p1a: Mandibuzz|move: Roost
|
|-damage|p1a: Mandibuzz|94/100 brn|[from] brn
|upkeep
|turn|19
|
|t:|1743831972
|move|p2a: Moltres|Roost|p2a: Moltres
|-heal|p2a: Moltres|77/100
|-singleturn|p2a: Moltres|move: Roost
|move|p1a: Mandibuzz|Toxic|p2a: Moltres|[miss]
|-miss|p1a: Mandibuzz|p2a: Moltres
|
|-damage|p1a: Mandibuzz|88/100 brn|[from] brn
|upkeep
|turn|20
|
|t:|1743831975
|move|p2a: Moltres|U-turn|p1a: Mandibuzz
|-damage|p1a: Mandibuzz|79/100 brn
|-damage|p2a: Moltres|60/100|[from] item: Rocky Helmet|[of] p1a: Mandibuzz
|
|t:|1743831977
|switch|p2a: Ogerpon|Ogerpon-Wellspring, F|100/100|[from] U-turn
|move|p1a: Mandibuzz|Foul Play|p2a: Ogerpon
|-damage|p2a: Ogerpon|71/100
|
|-damage|p1a: Mandibuzz|73/100 brn|[from] brn
|upkeep
|turn|21
|
|t:|1743831984
|move|p2a: Ogerpon|Ivy Cudgel|p1a: Mandibuzz|[anim] Ivy Cudgel Water
|-damage|p1a: Mandibuzz|38/100 brn
|move|p1a: Mandibuzz|Toxic|p2a: Ogerpon
|-status|p2a: Ogerpon|tox
|
|-damage|p2a: Ogerpon|65/100 tox|[from] psn
|-damage|p1a: Mandibuzz|32/100 brn|[from] brn
|upkeep
|turn|22
|
|t:|1743831989
|move|p2a: Ogerpon|Ivy Cudgel|p1a: Mandibuzz|[anim] Ivy Cudgel Water
|-damage|p1a: Mandibuzz|0 fnt
|faint|p1a: Mandibuzz
|
|-damage|p2a: Ogerpon|53/100 tox|[from] psn
|upkeep
|
|t:|1743832005
|switch|p1a: Deoxys|Deoxys-Speed|100/100
|-ability|p1a: Deoxys|Pressure
|turn|23
|
|t:|1743832010
|move|p1a: Deoxys|Nasty Plot|p1a: Deoxys
|-boost|p1a: Deoxys|spa|2
|move|p2a: Ogerpon|Knock Off|p1a: Deoxys
|-supereffective|p1a: Deoxys
|-enditem|p1a: Deoxys|Focus Sash
|-damage|p1a: Deoxys|1/100
|
|-damage|p2a: Ogerpon|35/100 tox|[from] psn
|upkeep
|turn|24
|
|t:|1743832018
|move|p1a: Deoxys|Ice Beam|p2a: Ogerpon
|-damage|p2a: Ogerpon|0 fnt
|faint|p2a: Ogerpon
|
|upkeep
|-message|phantasmiccat forfeited.
|
|win|omari p
|raw|omari p's rating: 1659 &rarr; <strong>1673</strong><br />(+14 for winning)
|raw|phantasmiccat's rating: 1560 &rarr; <strong>1546</strong><br />(-14 for losing)
|l|☆phantasmiccat
|player|p2|
