|j|☆Amphibi
|j|☆SeigneurFou
|t:|1743863216
|gametype|singles
|player|p1|Amphibi|acetrainer-gen4dp|1636
|player|p2|SeigneurFou|169|1664
|teamsize|p1|6
|teamsize|p2|6
|gen|9
|tier|[Gen 9] OU
|rated|
|rule|HP Percentage Mod: HP is shown in percentages
|rule|Endless Battle Clause: Forcing endless battles is banned
|rule|Species Clause: Limit one of each Pokémon
|rule|OHKO Clause: OHKO moves are banned
|rule|Evasion Items Clause: Evasion items are banned
|rule|Evasion Moves Clause: Evasion moves are banned
|rule|Sleep Moves Clause: Sleep-inducing moves are banned
|clearpoke
|poke|p1|Raging Bolt|
|poke|p1|Enamorus, F|
|poke|p1|Araquanid, F|
|poke|p1|Zamazenta-*|
|poke|p1|Pecharunt|
|poke|p1|Darkrai|
|poke|p2|Kyurem|
|poke|p2|Dragonite, F|
|poke|p2|Hoopa-Unbound|
|poke|p2|Cinderace, F|
|poke|p2|Okidogi, M|
|poke|p2|Enamorus, F|
|teampreview
|inactive|Battle timer is ON: inactive players will automatically lose when time's up. (requested by SeigneurFou)
|
|t:|1743863239
|start
|switch|p1a: Araquanid|Araquanid, F|100/100
|switch|p2a: Dragonite|Dragonite, F|100/100
|turn|1
|
|t:|1743863248
|switch|p1a: Pecharunt|Pecharunt|100/100
|move|p2a: Dragonite|Dragon Dance|p2a: Dragonite
|-boost|p2a: Dragonite|atk|1
|-boost|p2a: Dragonite|spe|1
|
|upkeep
|turn|2
|
|t:|1743863257
|switch|p2a: Okidogi|Okidogi, M|100/100
|move|p1a: Pecharunt|Malignant Chain|p2a: Okidogi
|-resisted|p2a: Okidogi
|-damage|p2a: Okidogi|81/100
|
|-heal|p2a: Okidogi|87/100|[from] item: Leftovers
|upkeep
|turn|3
|
|t:|1743863264
|switch|p1a: Araquanid|Araquanid, F|100/100
|move|p2a: Okidogi|Knock Off|p1a: Araquanid
|-damage|p1a: Araquanid|63/100
|-enditem|p1a: Araquanid|Custap Berry|[from] move: Knock Off|[of] p2a: Okidogi
|
|-heal|p2a: Okidogi|93/100|[from] item: Leftovers
|upkeep
|turn|4
|
|t:|1743863273
|move|p2a: Okidogi|Taunt|p1a: Araquanid
|-start|p1a: Araquanid|move: Taunt
|cant|p1a: Araquanid|move: Taunt|Sticky Web
|
|-heal|p2a: Okidogi|99/100|[from] item: Leftovers
|upkeep
|turn|5
|j| liamthewalrus
|
|t:|1743863288
|switch|p2a: Hoopa|Hoopa-Unbound|100/100
|move|p1a: Araquanid|Surf|p2a: Hoopa
|-damage|p2a: Hoopa|71/100
|
|upkeep
|turn|6
|j| linkin_at
|
|t:|1743863299
|move|p2a: Hoopa|Dark Pulse|p1a: Araquanid
|-damage|p1a: Araquanid|17/100
|move|p1a: Araquanid|Leech Life|p2a: Hoopa
|-supereffective|p2a: Hoopa
|-damage|p2a: Hoopa|0 fnt
|-heal|p1a: Araquanid|55/100|[from] drain|[of] p2a: Hoopa
|faint|p2a: Hoopa
|
|-end|p1a: Araquanid|move: Taunt
|upkeep
|
|t:|1743863315
|switch|p2a: Enamorus|Enamorus, F|100/100
|turn|7
|
|t:|1743863327
|move|p2a: Enamorus|Calm Mind|p2a: Enamorus
|-boost|p2a: Enamorus|spa|1
|-boost|p2a: Enamorus|spd|1
|move|p1a: Araquanid|Sticky Web|p2a: Enamorus
|-sidestart|p2: SeigneurFou|move: Sticky Web
|
|upkeep
|turn|8
|
|t:|1743863335
|switch|p1a: Pecharunt|Pecharunt|100/100
|move|p2a: Enamorus|Calm Mind|p2a: Enamorus
|-boost|p2a: Enamorus|spa|1
|-boost|p2a: Enamorus|spd|1
|
|upkeep
|turn|9
|
|t:|1743863346
|move|p2a: Enamorus|Earth Power|p1a: Pecharunt
|-supereffective|p1a: Pecharunt
|-damage|p1a: Pecharunt|0 fnt
|faint|p1a: Pecharunt
|
|upkeep
|
|t:|1743863355
|switch|p1a: Raging Bolt|Raging Bolt|100/100
|turn|10
|
|t:|1743863364
|-terastallize|p2a: Enamorus|Fairy
|-terastallize|p1a: Raging Bolt|Ghost
|move|p2a: Enamorus|Moonblast|p1a: Raging Bolt
|-damage|p1a: Raging Bolt|23/100
|move|p1a: Raging Bolt|Thunderbolt|p2a: Enamorus
|-damage|p2a: Enamorus|65/100
|
|-heal|p2a: Enamorus|71/100|[from] item: Leftovers
|upkeep
|turn|11
|
|t:|1743863373
|move|p1a: Raging Bolt|Thunderclap|p2a: Enamorus
|-damage|p2a: Enamorus|43/100
|move|p2a: Enamorus|Moonblast|p1a: Raging Bolt
|-damage|p1a: Raging Bolt|0 fnt
|faint|p1a: Raging Bolt
|-end|p1a: Raging Bolt|Protosynthesis|[silent]
|
|-heal|p2a: Enamorus|49/100|[from] item: Leftovers
|upkeep
|-message|Amphibi forfeited.
|
|win|SeigneurFou
|raw|Amphibi's rating: 1636 &rarr; <strong>1618</strong><br />(-18 for losing)
|raw|SeigneurFou's rating: 1664 &rarr; <strong>1682</strong><br />(+18 for winning)
|l|☆Amphibi
|player|p1|
|l|☆SeigneurFou
|player|p2|
|l| liamthewalrus
|l| linkin_at
