|j|☆mingkuo
|j|☆shadowgragh
|t:|1743914813
|gametype|singles
|player|p1|mingkuo|cheryl|1142
|player|p2|shadowgragh|cynthia|1139
|teamsize|p1|6
|teamsize|p2|6
|gen|9
|tier|[Gen 9] OU
|rated|
|rule|HP Percentage Mod: HP is shown in percentages
|rule|Endless Battle Clause: Forcing endless battles is banned
|rule|Species Clause: Limit one of each Pokémon
|rule|OHKO Clause: OHKO moves are banned
|rule|Evasion Items Clause: Evasion items are banned
|rule|Evasion Moves Clause: Evasion moves are banned
|rule|Sleep Moves Clause: Sleep-inducing moves are banned
|clearpoke
|poke|p1|Torkoal, M|
|poke|p1|Walking Wake|
|poke|p1|Blaziken, F|
|poke|p1|Serperior, F|
|poke|p1|Kingambit, M|
|poke|p1|Dragapult, M|
|poke|p2|Pelipper, F|
|poke|p2|Barraskewda, M|
|poke|p2|Zapdos|
|poke|p2|Corviknight, M|
|poke|p2|Clodsire, F|
|poke|p2|Incineroar, M|
|teampreview
|inactive|Battle timer is ON: inactive players will automatically lose when time's up. (requested by mingkuo)
|inactive|mingkuo has 120 seconds left.
|inactive|mingkuo has 90 seconds left.
|
|t:|1743914897
|start
|switch|p1a: Torkoal|Torkoal, M|100/100
|switch|p2a: Zapdos|Zapdos, shiny|100/100
|-weather|SunnyDay|[from] ability: Drought|[of] p1a: Torkoal
|turn|1
|
|t:|1743914908
|move|p2a: Zapdos|Volt Switch|p1a: Torkoal
|-damage|p1a: Torkoal|51/100
|
|t:|1743914911
|switch|p2a: Pelipper|Pelipper, F|100/100|[from] Volt Switch
|-weather|RainDance|[from] ability: Drizzle|[of] p2a: Pelipper
|move|p1a: Torkoal|Stealth Rock|p2a: Pelipper
|-sidestart|p2: shadowgragh|move: Stealth Rock
|
|-weather|RainDance|[upkeep]
|upkeep
|turn|2
|
|t:|1743914930
|switch|p1a: Serperior|Serperior, F|100/100
|move|p2a: Pelipper|Hurricane|p1a: Serperior
|-supereffective|p1a: Serperior
|-damage|p1a: Serperior|7/100
|
|-weather|RainDance|[upkeep]
|-heal|p1a: Serperior|13/100|[from] item: Leftovers
|upkeep
|turn|3
|
|t:|1743914938
|move|p1a: Serperior|Leaf Storm|p2a: Pelipper
|-damage|p2a: Pelipper|43/100
|-boost|p1a: Serperior|spa|2
|move|p2a: Pelipper|Hurricane|p1a: Serperior
|-supereffective|p1a: Serperior
|-damage|p1a: Serperior|0 fnt
|faint|p1a: Serperior
|
|-weather|RainDance|[upkeep]
|upkeep
|
|t:|1743914944
|switch|p1a: Torkoal|Torkoal, M|51/100
|-weather|SunnyDay|[from] ability: Drought|[of] p1a: Torkoal
|turn|4
|
|t:|1743914948
|move|p2a: Pelipper|U-turn|p1a: Torkoal
|-resisted|p1a: Torkoal
|-damage|p1a: Torkoal|49/100
|
|t:|1743914959
|switch|p2a: Clodsire|Clodsire, F|100/100|[from] U-turn
|-damage|p2a: Clodsire|94/100|[from] Stealth Rock
|move|p1a: Torkoal|Will-O-Wisp|p2a: Clodsire
|-status|p2a: Clodsire|brn
|
|-weather|SunnyDay|[upkeep]
|-heal|p2a: Clodsire|100/100 brn|[from] item: Leftovers
|-damage|p2a: Clodsire|94/100 brn|[from] brn
|upkeep
|turn|5
|
|t:|1743914970
|switch|p1a: Walking Wake|Walking Wake|100/100
|-activate|p1a: Walking Wake|ability: Protosynthesis
|-start|p1a: Walking Wake|protosynthesisspe
|move|p2a: Clodsire|Stealth Rock|p1a: Walking Wake
|-sidestart|p1: mingkuo|move: Stealth Rock
|
|-weather|SunnyDay|[upkeep]
|-heal|p2a: Clodsire|100/100 brn|[from] item: Leftovers
|-damage|p2a: Clodsire|94/100 brn|[from] brn
|upkeep
|turn|6
|
|t:|1743914999
|move|p1a: Walking Wake|Draco Meteor|p2a: Clodsire
|-damage|p2a: Clodsire|43/100 brn
|-unboost|p1a: Walking Wake|spa|2
|move|p2a: Clodsire|Recover|p2a: Clodsire
|-heal|p2a: Clodsire|93/100 brn
|
|-weather|SunnyDay|[upkeep]
|-heal|p2a: Clodsire|99/100 brn|[from] item: Leftovers
|-damage|p2a: Clodsire|93/100 brn|[from] brn
|upkeep
|turn|7
|inactive|mingkuo has 120 seconds left.
|
|t:|1743915029
|-end|p1a: Walking Wake|Protosynthesis|[silent]
|switch|p1a: Blaziken|Blaziken, F|100/100
|-damage|p1a: Blaziken|88/100|[from] Stealth Rock
|move|p2a: Clodsire|Toxic|p1a: Blaziken
|-status|p1a: Blaziken|tox
|
|-weather|SunnyDay|[upkeep]
|-heal|p2a: Clodsire|99/100 brn|[from] item: Leftovers
|-damage|p1a: Blaziken|82/100 tox|[from] psn
|-damage|p2a: Clodsire|93/100 brn|[from] brn
|upkeep
|turn|8
|
|t:|1743915042
|move|p1a: Blaziken|Swords Dance|p1a: Blaziken
|-boost|p1a: Blaziken|atk|2
|move|p2a: Clodsire|Earthquake|p1a: Blaziken
|-supereffective|p1a: Blaziken
|-damage|p1a: Blaziken|42/100 tox
|
|-weather|SunnyDay|[upkeep]
|-heal|p2a: Clodsire|99/100 brn|[from] item: Leftovers
|-damage|p1a: Blaziken|30/100 tox|[from] psn
|-damage|p2a: Clodsire|93/100 brn|[from] brn
|-ability|p1a: Blaziken|Speed Boost|boost
|-boost|p1a: Blaziken|spe|1
|upkeep
|turn|9
|
|t:|1743915051
|switch|p2a: Incineroar|Incineroar, M, shiny|100/100
|-ability|p2a: Incineroar|Intimidate|boost
|-unboost|p1a: Blaziken|atk|1
|move|p1a: Blaziken|Close Combat|p2a: Incineroar
|-supereffective|p2a: Incineroar
|-damage|p2a: Incineroar|0 fnt
|-unboost|p1a: Blaziken|def|1
|-unboost|p1a: Blaziken|spd|1
|faint|p2a: Incineroar
|-damage|p1a: Blaziken|20/100 tox|[from] item: Life Orb
|
|-weather|SunnyDay|[upkeep]
|-damage|p1a: Blaziken|2/100 tox|[from] psn
|-ability|p1a: Blaziken|Speed Boost|boost
|-boost|p1a: Blaziken|spe|1
|upkeep
|inactive|shadowgragh has 120 seconds left.
|
|t:|1743915075
|switch|p2a: Clodsire|Clodsire, F|93/100 brn
|-damage|p2a: Clodsire|87/100 brn|[from] Stealth Rock
|turn|10
|
|t:|1743915101
|move|p1a: Blaziken|Close Combat|p2a: Clodsire
|-resisted|p2a: Clodsire
|-damage|p2a: Clodsire|17/100 brn
|-unboost|p1a: Blaziken|def|1
|-unboost|p1a: Blaziken|spd|1
|-damage|p1a: Blaziken|0 fnt|[from] item: Life Orb
|faint|p1a: Blaziken
|move|p2a: Clodsire|Recover|p2a: Clodsire
|-heal|p2a: Clodsire|67/100 brn
|
|-weather|SunnyDay|[upkeep]
|-heal|p2a: Clodsire|74/100 brn|[from] item: Leftovers
|-damage|p2a: Clodsire|67/100 brn|[from] brn
|upkeep
|
|t:|1743915110
|switch|p1a: Kingambit|Kingambit, M|100/100
|-damage|p1a: Kingambit|94/100|[from] Stealth Rock
|-activate|p1a: Kingambit|ability: Supreme Overlord
|-start|p1a: Kingambit|fallen2|[silent]
|turn|11
|
|t:|1743915115
|move|p1a: Kingambit|Swords Dance|p1a: Kingambit
|-boost|p1a: Kingambit|atk|2
|move|p2a: Clodsire|Earthquake|p1a: Kingambit
|-supereffective|p1a: Kingambit
|-damage|p1a: Kingambit|76/100
|
|-weather|none
|-heal|p2a: Clodsire|74/100 brn|[from] item: Leftovers
|-damage|p2a: Clodsire|67/100 brn|[from] brn
|upkeep
|turn|12
|
|t:|1743915125
|switch|p2a: Corviknight|Corviknight, M, shiny|100/100
|-damage|p2a: Corviknight|88/100|[from] Stealth Rock
|-ability|p2a: Corviknight|Pressure
|move|p1a: Kingambit|Swords Dance|p1a: Kingambit
|-boost|p1a: Kingambit|atk|2
|
|upkeep
|turn|13
|
|t:|1743915136
|move|p1a: Kingambit|Kowtow Cleave|p2a: Corviknight
|-damage|p2a: Corviknight|0 fnt
|-damage|p1a: Kingambit|60/100|[from] item: Rocky Helmet|[of] p2a: Corviknight
|faint|p2a: Corviknight
|
|upkeep
|
|t:|1743915139
|switch|p2a: Pelipper|Pelipper, F|43/100
|-damage|p2a: Pelipper|18/100|[from] Stealth Rock
|-weather|RainDance|[from] ability: Drizzle|[of] p2a: Pelipper
|turn|14
|
|t:|1743915147
|move|p1a: Kingambit|Sucker Punch||[still]
|-fail|p1a: Kingambit
|move|p2a: Pelipper|Roost|p2a: Pelipper
|-heal|p2a: Pelipper|68/100
|-singleturn|p2a: Pelipper|move: Roost
|
|-weather|RainDance|[upkeep]
|upkeep
|turn|15
|
|t:|1743915153
|move|p1a: Kingambit|Kowtow Cleave|p2a: Pelipper
|-damage|p2a: Pelipper|0 fnt
|faint|p2a: Pelipper
|
|-weather|RainDance|[upkeep]
|upkeep
|
|t:|1743915156
|switch|p2a: Barraskewda|Barraskewda, M|100/100
|-damage|p2a: Barraskewda|88/100|[from] Stealth Rock
|turn|16
|
|t:|1743915163
|-terastallize|p1a: Kingambit|Dark
|move|p1a: Kingambit|Sucker Punch|p2a: Barraskewda
|-damage|p2a: Barraskewda|0 fnt
|faint|p2a: Barraskewda
|
|-weather|RainDance|[upkeep]
|upkeep
|-message|shadowgragh forfeited.
|
|win|mingkuo
|raw|mingkuo's rating: 1142 &rarr; <strong>1167</strong><br />(+25 for winning)
|raw|shadowgragh's rating: 1139 &rarr; <strong>1114</strong><br />(-25 for losing)
|l|☆shadowgragh
|player|p2|
|l|☆mingkuo
|player|p1|
