|j|☆PapsIGuess31
|j|☆romandG
|t:|1743929187
|gametype|singles
|player|p1|PapsIGuess31|ingo|1157
|player|p2|romandG|1|1121
|teamsize|p1|6
|teamsize|p2|6
|gen|9
|tier|[Gen 9] OU
|rated|
|rule|HP Percentage Mod: HP is shown in percentages
|rule|Endless Battle Clause: Forcing endless battles is banned
|rule|Species Clause: Limit one of each Pokémon
|rule|OHKO Clause: OHKO moves are banned
|rule|Evasion Items Clause: Evasion items are banned
|rule|Evasion Moves Clause: Evasion moves are banned
|rule|Sleep Moves Clause: Sleep-inducing moves are banned
|clearpoke
|poke|p1|Hydrapple, M|
|poke|p1|Ceruledge, M|
|poke|p1|Iron Valiant|
|poke|p1|Serperior, M|
|poke|p1|Inteleon, M|
|poke|p1|Excadrill, M|
|poke|p2|Dragapult, F|
|poke|p2|Comfey, F|
|poke|p2|Meowscarada, F|
|poke|p2|Glimmora, F|
|poke|p2|Skeledirge, F|
|poke|p2|Scrafty, M|
|teampreview
|c|☆PapsIGuess31|glhf!
|
|t:|1743929196
|start
|switch|p1a: Inteleon|Inteleon, M|100/100
|switch|p2a: Meowscarada|Meowscarada, F|100/100
|turn|1
|
|t:|1743929205
|move|p2a: Meowscarada|Knock Off|p1a: Inteleon
|-start|p2a: Meowscarada|typechange|Dark|[from] ability: Protean
|-damage|p1a: Inteleon|0 fnt
|-enditem|p1a: Inteleon|Scope Lens|[from] move: Knock Off|[of] p2a: Meowscarada
|faint|p1a: Inteleon
|
|upkeep
|
|t:|1743929210
|switch|p1a: Iron Valiant|Iron Valiant|100/100
|-enditem|p1a: Iron Valiant|Booster Energy
|-activate|p1a: Iron Valiant|ability: Quark Drive|[fromitem]
|-start|p1a: Iron Valiant|quarkdrivespe
|turn|2
|
|t:|1743929218
|switch|p2a: Glimmora|Glimmora, F|100/100
|move|p1a: Iron Valiant|Spirit Break|p2a: Glimmora
|-resisted|p2a: Glimmora
|-damage|p2a: Glimmora|78/100
|-unboost|p2a: Glimmora|spa|1
|-activate|p2a: Glimmora|ability: Toxic Debris
|-sidestart|p1: PapsIGuess31|move: Toxic Spikes
|
|upkeep
|turn|3
|
|t:|1743929228
|move|p1a: Iron Valiant|Thunder Punch|p2a: Glimmora
|-damage|p2a: Glimmora|49/100
|-activate|p2a: Glimmora|ability: Toxic Debris
|-sidestart|p1: PapsIGuess31|move: Toxic Spikes
|move|p2a: Glimmora|Meteor Beam||[still]
|-prepare|p2a: Glimmora|Meteor Beam
|-boost|p2a: Glimmora|spa|1
|-enditem|p2a: Glimmora|Power Herb
|-anim|p2a: Glimmora|Meteor Beam|p1a: Iron Valiant
|-resisted|p1a: Iron Valiant
|-damage|p1a: Iron Valiant|49/100
|
|upkeep
|turn|4
|
|t:|1743929238
|move|p1a: Iron Valiant|Thunder Punch|p2a: Glimmora
|-damage|p2a: Glimmora|17/100
|move|p2a: Glimmora|Stealth Rock|p1a: Iron Valiant
|-sidestart|p1: PapsIGuess31|move: Stealth Rock
|
|upkeep
|turn|5
|
|t:|1743929241
|move|p1a: Iron Valiant|Thunder Punch|p2a: Glimmora
|-damage|p2a: Glimmora|0 fnt
|faint|p2a: Glimmora
|
|upkeep
|
|t:|1743929248
|switch|p2a: Comfey|Comfey, F|100/100
|turn|6
|
|t:|1743929253
|move|p2a: Comfey|Draining Kiss|p1a: Iron Valiant
|-supereffective|p1a: Iron Valiant
|-damage|p1a: Iron Valiant|0 fnt
|faint|p1a: Iron Valiant
|-end|p1a: Iron Valiant|Quark Drive|[silent]
|
|upkeep
|
|t:|1743929255
|switch|p1a: Excadrill|Excadrill, M|100/100
|-damage|p1a: Excadrill|97/100|[from] Stealth Rock
|-ability|p1a: Excadrill|Mold Breaker
|turn|7
|
|t:|1743929260
|switch|p2a: Dragapult|Dragapult, F|100/100
|move|p1a: Excadrill|Iron Head|p2a: Dragapult
|-damage|p2a: Dragapult|38/100
|
|upkeep
|turn|8
|
|t:|1743929270
|move|p1a: Excadrill|Iron Head|p2a: Dragapult
|-damage|p2a: Dragapult|0 fnt
|faint|p2a: Dragapult
|
|upkeep
|
|t:|1743929280
|switch|p2a: Scrafty|Scrafty, M|100/100
|turn|9
|
|t:|1743929291
|switch|p1a: Serperior|Serperior, M|100/100
|-status|p1a: Serperior|tox
|-damage|p1a: Serperior|88/100 tox|[from] Stealth Rock
|move|p2a: Scrafty|Dragon Dance|p2a: Scrafty
|-boost|p2a: Scrafty|atk|1
|-boost|p2a: Scrafty|spe|1
|
|-heal|p1a: Serperior|94/100 tox|[from] item: Leftovers
|-damage|p1a: Serperior|88/100 tox|[from] psn
|upkeep
|turn|10
|
|t:|1743929304
|move|p1a: Serperior|Taunt|p2a: Scrafty
|-start|p2a: Scrafty|move: Taunt
|move|p2a: Scrafty|Knock Off|p1a: Serperior
|-damage|p1a: Serperior|24/100 tox
|-enditem|p1a: Serperior|Leftovers|[from] move: Knock Off|[of] p2a: Scrafty
|
|-damage|p1a: Serperior|11/100 tox|[from] psn
|upkeep
|turn|11
|
|t:|1743929319
|-terastallize|p2a: Scrafty|Fire
|move|p1a: Serperior|Leaf Storm|p2a: Scrafty
|-resisted|p2a: Scrafty
|-damage|p2a: Scrafty|82/100
|-boost|p1a: Serperior|spa|2
|move|p2a: Scrafty|Knock Off|p1a: Serperior
|-damage|p1a: Serperior|0 fnt
|faint|p1a: Serperior
|-ability|p2a: Scrafty|Moxie|boost
|-boost|p2a: Scrafty|atk|1
|
|upkeep
|
|t:|1743929324
|switch|p1a: Excadrill|Excadrill, M|97/100
|-damage|p1a: Excadrill|94/100|[from] Stealth Rock
|-ability|p1a: Excadrill|Mold Breaker
|turn|12
|
|t:|1743929332
|move|p1a: Excadrill|Earthquake|p2a: Scrafty
|-supereffective|p2a: Scrafty
|-damage|p2a: Scrafty|0 fnt
|faint|p2a: Scrafty
|
|upkeep
|
|t:|1743929336
|switch|p2a: Meowscarada|Meowscarada, F|100/100
|turn|13
|
|t:|1743929347
|switch|p1a: Hydrapple|Hydrapple, M, shiny|100/100
|-status|p1a: Hydrapple|tox
|-damage|p1a: Hydrapple|88/100 tox|[from] Stealth Rock
|-ability|p1a: Hydrapple|Supersweet Syrup
|-unboost|p2a: Meowscarada|evasion|1
|move|p2a: Meowscarada|Knock Off|p1a: Hydrapple
|-start|p2a: Meowscarada|typechange|Dark|[from] ability: Protean
|-damage|p1a: Hydrapple|43/100 tox
|-enditem|p1a: Hydrapple|Leftovers|[from] move: Knock Off|[of] p2a: Meowscarada
|
|-damage|p1a: Hydrapple|37/100 tox|[from] psn
|upkeep
|turn|14
|
|t:|1743929368
|switch|p2a: Skeledirge|Skeledirge, F|100/100
|move|p1a: Hydrapple|Giga Drain|p2a: Skeledirge
|-resisted|p2a: Skeledirge
|-damage|p2a: Skeledirge|84/100
|-heal|p1a: Hydrapple|46/100 tox|[from] drain|[of] p2a: Skeledirge
|
|-damage|p1a: Hydrapple|34/100 tox|[from] psn
|upkeep
|turn|15
|
|t:|1743929378
|move|p2a: Skeledirge|Slack Off|p2a: Skeledirge
|-heal|p2a: Skeledirge|100/100
|move|p1a: Hydrapple|Earth Power|p2a: Skeledirge
|-supereffective|p2a: Skeledirge
|-damage|p2a: Skeledirge|48/100
|
|-damage|p1a: Hydrapple|15/100 tox|[from] psn
|upkeep
|turn|16
|
|t:|1743929384
|move|p2a: Skeledirge|Slack Off|p2a: Skeledirge
|-heal|p2a: Skeledirge|98/100
|move|p1a: Hydrapple|Earth Power|p2a: Skeledirge
|-supereffective|p2a: Skeledirge
|-damage|p2a: Skeledirge|43/100
|
|-damage|p1a: Hydrapple|0 fnt|[from] psn
|faint|p1a: Hydrapple
|upkeep
|
|t:|1743929389
|switch|p1a: Excadrill|Excadrill, M|94/100
|-damage|p1a: Excadrill|91/100|[from] Stealth Rock
|-ability|p1a: Excadrill|Mold Breaker
|turn|17
|
|t:|1743929399
|move|p1a: Excadrill|Rock Slide|p2a: Skeledirge
|-supereffective|p2a: Skeledirge
|-damage|p2a: Skeledirge|0 fnt
|faint|p2a: Skeledirge
|
|upkeep
|
|t:|1743929406
|switch|p2a: Meowscarada|Meowscarada, F|100/100
|turn|18
|
|t:|1743929410
|move|p1a: Excadrill|Rock Slide|p2a: Meowscarada
|-damage|p2a: Meowscarada|59/100
|move|p2a: Meowscarada|Knock Off|p1a: Excadrill
|-start|p2a: Meowscarada|typechange|Dark|[from] ability: Protean
|-damage|p1a: Excadrill|0 fnt
|-enditem|p1a: Excadrill|Choice Scarf|[from] move: Knock Off|[of] p2a: Meowscarada
|faint|p1a: Excadrill
|
|upkeep
|
|t:|1743929414
|switch|p1a: Ceruledge|Ceruledge, M|100/100
|-status|p1a: Ceruledge|tox
|-damage|p1a: Ceruledge|75/100 tox|[from] Stealth Rock
|turn|19
|
|t:|1743929418
|-terastallize|p1a: Ceruledge|Fighting
|move|p2a: Meowscarada|Knock Off|p1a: Ceruledge
|-resisted|p1a: Ceruledge
|-damage|p1a: Ceruledge|37/100 tox
|-enditem|p1a: Ceruledge|Big Root|[from] move: Knock Off|[of] p2a: Meowscarada
|move|p1a: Ceruledge|Brick Break|p2a: Meowscarada
|-supereffective|p2a: Meowscarada
|-damage|p2a: Meowscarada|0 fnt
|faint|p2a: Meowscarada
|
|-damage|p1a: Ceruledge|31/100 tox|[from] psn
|upkeep
|
|t:|1743929423
|switch|p2a: Comfey|Comfey, F|100/100
|turn|20
|
|t:|1743929425
|move|p2a: Comfey|Draining Kiss|p1a: Ceruledge
|-supereffective|p1a: Ceruledge
|-damage|p1a: Ceruledge|0 fnt
|faint|p1a: Ceruledge
|
|win|romandG
|raw|PapsIGuess31's rating: 1157 &rarr; <strong>1129</strong><br />(-28 for losing)
|raw|romandG's rating: 1121 &rarr; <strong>1149</strong><br />(+28 for winning)
|c|☆PapsIGuess31|gg wp
|l|☆romandG
|player|p2|
|l|☆PapsIGuess31
|player|p1|
