|j|☆Playwitshit
|j|☆Elainads
|t:|1743917352
|gametype|singles
|player|p1|Playwitshit|swimmer|1083
|player|p2|Elainads|dawn|1120
|teamsize|p1|6
|teamsize|p2|6
|gen|9
|tier|[Gen 9] OU
|rated|
|rule|HP Percentage Mod: HP is shown in percentages
|rule|Endless Battle Clause: Forcing endless battles is banned
|rule|Species Clause: Limit one of each Pokémon
|rule|OHKO Clause: OHKO moves are banned
|rule|Evasion Items Clause: Evasion items are banned
|rule|Evasion Moves Clause: Evasion moves are banned
|rule|Sleep Moves Clause: Sleep-inducing moves are banned
|clearpoke
|poke|p1|Garganacl, F|
|poke|p1|Wo-Chien|
|poke|p1|Alomomola, F|
|poke|p1|Ting-Lu|
|poke|p1|Weezing-Galar, M|
|poke|p1|Grafaiai, M|
|poke|p2|Alomomola, M|
|poke|p2|Comfey, M|
|poke|p2|Samurott-Hisui, F|
|poke|p2|Zapdos|
|poke|p2|Iron Moth|
|poke|p2|Landorus-Therian, M|
|teampreview
|
|t:|1743917363
|start
|switch|p1a: Grafaiai|Grafaiai, M|100/100
|switch|p2a: Samurott|Samurott-Hisui, F, shiny|100/100
|turn|1
|
|t:|1743917377
|switch|p1a: Wo-Chien|Wo-Chien|100/100
|-ability|p1a: Wo-Chien|Tablets of Ruin
|move|p2a: Samurott|Ceaseless Edge|p1a: Wo-Chien
|-resisted|p1a: Wo-Chien
|-damage|p1a: Wo-Chien|84/100
|-damage|p2a: Samurott|84/100|[from] item: Rocky Helmet|[of] p1a: Wo-Chien
|-sidestart|p1: Playwitshit|Spikes
|
|upkeep
|turn|2
|
|t:|1743917388
|-terastallize|p2a: Samurott|Fighting
|move|p2a: Samurott|Sacred Sword|p1a: Wo-Chien
|-supereffective|p1a: Wo-Chien
|-damage|p1a: Wo-Chien|0 fnt
|-damage|p2a: Samurott|68/100|[from] item: Rocky Helmet|[of] p1a: Wo-Chien
|faint|p1a: Wo-Chien
|
|upkeep
|
|t:|1743917404
|switch|p1a: Grafaiai|Grafaiai, M|100/100
|turn|3
|
|t:|1743917417
|switch|p2a: Alomomola|Alomomola, M|100/100
|-terastallize|p1a: Grafaiai|Ghost
|move|p1a: Grafaiai|Encore||[still]
|-fail|p1a: Grafaiai
|
|upkeep
|turn|4
|
|t:|1743917423
|move|p1a: Grafaiai|Toxic|p2a: Alomomola
|-status|p2a: Alomomola|tox
|move|p2a: Alomomola|Wish|p2a: Alomomola
|
|-damage|p2a: Alomomola|94/100 tox|[from] psn
|upkeep
|turn|5
|
|t:|1743917428
|move|p1a: Grafaiai|Encore|p2a: Alomomola
|-start|p2a: Alomomola|Encore
|move|p2a: Alomomola|Wish||[still]
|-fail|p2a: Alomomola
|
|-heal|p2a: Alomomola|100/100 tox|[from] move: Wish|[wisher] Alomomola
|-damage|p2a: Alomomola|88/100 tox|[from] psn
|upkeep
|turn|6
|
|t:|1743917434
|switch|p2a: Samurott|Samurott-Hisui, F, shiny, tera:Fighting|68/100
|move|p1a: Grafaiai|Toxic|p2a: Samurott
|-status|p2a: Samurott|tox
|
|-damage|p2a: Samurott|61/100 tox|[from] psn
|upkeep
|turn|7
|
|t:|1743917446
|move|p1a: Grafaiai|Parting Shot|p2a: Samurott
|-unboost|p2a: Samurott|atk|1
|-unboost|p2a: Samurott|spa|1
|
|t:|1743917449
|switch|p1a: Weezing|Weezing-Galar, M, shiny|100/100|[from] Parting Shot
|move|p2a: Samurott|Ceaseless Edge|p1a: Weezing
|-resisted|p1a: Weezing
|-damage|p1a: Weezing|89/100
|-sidestart|p1: Playwitshit|Spikes
|
|-heal|p1a: Weezing|95/100|[from] item: Black Sludge
|-damage|p2a: Samurott|49/100 tox|[from] psn
|upkeep
|turn|8
|
|t:|1743917455
|switch|p2a: Alomomola|Alomomola, M|100/100 tox
|move|p1a: Weezing|Strange Steam|p2a: Alomomola
|-damage|p2a: Alomomola|80/100 tox
|
|-heal|p2a: Alomomola|86/100 tox|[from] item: Leftovers
|-heal|p1a: Weezing|100/100|[from] item: Black Sludge
|-damage|p2a: Alomomola|80/100 tox|[from] psn
|upkeep
|turn|9
|
|t:|1743917463
|switch|p1a: Grafaiai|Grafaiai, M, tera:Ghost|100/100
|move|p2a: Alomomola|Wish|p2a: Alomomola
|
|-heal|p2a: Alomomola|86/100 tox|[from] item: Leftovers
|-damage|p2a: Alomomola|74/100 tox|[from] psn
|upkeep
|turn|10
|
|t:|1743917477
|switch|p2a: Samurott|Samurott-Hisui, F, shiny, tera:Fighting|49/100 tox
|move|p1a: Grafaiai|Parting Shot|p2a: Samurott
|-unboost|p2a: Samurott|atk|1
|-unboost|p2a: Samurott|spa|1
|
|t:|1743917484
|switch|p1a: Weezing|Weezing-Galar, M, shiny|100/100|[from] Parting Shot
|
|-heal|p2a: Samurott|100/100 tox|[from] move: Wish|[wisher] Alomomola
|-damage|p2a: Samurott|94/100 tox|[from] psn
|upkeep
|turn|11
|-message|Playwitshit forfeited.
|
|win|Elainads
|raw|Playwitshit's rating: 1083 &rarr; <strong>1063</strong><br />(-20 for losing)
|raw|Elainads's rating: 1120 &rarr; <strong>1142</strong><br />(+22 for winning)
|l|☆Playwitshit
|player|p1|
|l|☆Elainads
|player|p2|
