|j|☆Yabiz
|j|☆adrienstrate
|t:|1743849097
|gametype|singles
|player|p1|Yabiz|ghetsis-gen5bw|1345
|player|p2|adrienstrate|1|1321
|teamsize|p1|6
|teamsize|p2|6
|gen|9
|tier|[Gen 9] OU
|rated|
|rule|HP Percentage Mod: HP is shown in percentages
|rule|Endless Battle Clause: Forcing endless battles is banned
|rule|Species Clause: Limit one of each Pokémon
|rule|OHKO Clause: OHKO moves are banned
|rule|Evasion Items Clause: Evasion items are banned
|rule|Evasion Moves Clause: Evasion moves are banned
|rule|Sleep Moves Clause: Sleep-inducing moves are banned
|clearpoke
|poke|p1|Infernape, M|
|poke|p1|Samurott-Hisui, F|
|poke|p1|Gholdengo|
|poke|p1|Iron Valiant|
|poke|p1|Great Tusk|
|poke|p1|Zamazenta-*|
|poke|p2|Kyurem|
|poke|p2|Darkrai|
|poke|p2|Raging Bolt|
|poke|p2|Great Tusk|
|poke|p2|Gholdengo|
|poke|p2|Ogerpon-Wellspring, F|
|teampreview
|
|t:|1743849116
|start
|switch|p1a: Infernape|Infernape, M|100/100
|switch|p2a: Great Tusk|Great Tusk|100/100
|turn|1
|inactive|Battle timer is ON: inactive players will automatically lose when time's up. (requested by Yabiz)
|
|t:|1743849122
|move|p1a: Infernape|Stealth Rock|p2a: Great Tusk
|-sidestart|p2: adrienstrate|move: Stealth Rock
|move|p2a: Great Tusk|Headlong Rush|p1a: Infernape
|-supereffective|p1a: Infernape
|-enditem|p1a: Infernape|Focus Sash
|-damage|p1a: Infernape|1/100
|-unboost|p2a: Great Tusk|def|1
|-unboost|p2a: Great Tusk|spd|1
|
|upkeep
|turn|2
|
|t:|1743849129
|move|p1a: Infernape|Overheat|p2a: Great Tusk
|-damage|p2a: Great Tusk|0 fnt
|-unboost|p1a: Infernape|spa|2
|faint|p2a: Great Tusk
|-end|p2a: Great Tusk|Protosynthesis|[silent]
|
|upkeep
|
|t:|1743849141
|switch|p2a: Ogerpon|Ogerpon-Wellspring, F|100/100
|-damage|p2a: Ogerpon|88/100|[from] Stealth Rock
|turn|3
|
|t:|1743849147
|move|p2a: Ogerpon|Ivy Cudgel|p1a: Infernape|[anim] Ivy Cudgel Water
|-supereffective|p1a: Infernape
|-damage|p1a: Infernape|0 fnt
|faint|p1a: Infernape
|
|upkeep
|
|t:|1743849152
|switch|p1a: Gholdengo|Gholdengo|100/100
|-item|p1a: Gholdengo|Air Balloon
|turn|4
|
|t:|1743849167
|move|p2a: Ogerpon|Ivy Cudgel|p1a: Gholdengo|[anim] Ivy Cudgel Water
|-damage|p1a: Gholdengo|57/100
|-enditem|p1a: Gholdengo|Air Balloon
|move|p1a: Gholdengo|Shadow Ball|p2a: Ogerpon
|-damage|p2a: Ogerpon|48/100
|-unboost|p2a: Ogerpon|spd|1
|
|upkeep
|turn|5
|
|t:|1743849183
|switch|p2a: Raging Bolt|Raging Bolt|100/100
|-damage|p2a: Raging Bolt|88/100|[from] Stealth Rock
|-enditem|p2a: Raging Bolt|Booster Energy
|-activate|p2a: Raging Bolt|ability: Protosynthesis|[fromitem]
|-start|p2a: Raging Bolt|protosynthesisspa
|switch|p1a: Samurott|Samurott-Hisui, F|100/100
|
|upkeep
|turn|6
|
|t:|1743849192
|switch|p1a: Great Tusk|Great Tusk|100/100
|-enditem|p1a: Great Tusk|Booster Energy
|-activate|p1a: Great Tusk|ability: Protosynthesis|[fromitem]
|-start|p1a: Great Tusk|protosynthesisspe
|move|p2a: Raging Bolt|Calm Mind|p2a: Raging Bolt
|-boost|p2a: Raging Bolt|spa|1
|-boost|p2a: Raging Bolt|spd|1
|
|upkeep
|turn|7
|
|t:|1743849202
|move|p1a: Great Tusk|Headlong Rush|p2a: Raging Bolt
|-supereffective|p2a: Raging Bolt
|-damage|p2a: Raging Bolt|0 fnt
|-unboost|p1a: Great Tusk|def|1
|-unboost|p1a: Great Tusk|spd|1
|faint|p2a: Raging Bolt
|-end|p2a: Raging Bolt|Protosynthesis|[silent]
|
|upkeep
|
|t:|1743849208
|switch|p2a: Kyurem|Kyurem|100/100
|-damage|p2a: Kyurem|76/100|[from] Stealth Rock
|-ability|p2a: Kyurem|Pressure
|turn|8
|
|t:|1743849214
|-end|p1a: Great Tusk|Protosynthesis|[silent]
|switch|p1a: Samurott|Samurott-Hisui, F|100/100
|move|p2a: Kyurem|Dragon Dance|p2a: Kyurem
|-boost|p2a: Kyurem|atk|1
|-boost|p2a: Kyurem|spe|1
|
|upkeep
|turn|9
|
|t:|1743849219
|switch|p1a: Zamazenta|Zamazenta|100/100
|-ability|p1a: Zamazenta|Dauntless Shield|boost
|-boost|p1a: Zamazenta|def|1
|move|p2a: Kyurem|Scale Shot|p1a: Zamazenta
|-damage|p1a: Zamazenta|90/100
|-damage|p1a: Zamazenta|80/100
|-damage|p1a: Zamazenta|70/100
|-damage|p1a: Zamazenta|61/100
|-damage|p1a: Zamazenta|51/100
|-hitcount|p1a: Zamazenta|5
|-unboost|p2a: Kyurem|def|1
|-boost|p2a: Kyurem|spe|1
|
|-heal|p1a: Zamazenta|57/100|[from] item: Leftovers
|upkeep
|turn|10
|
|t:|1743849231
|move|p2a: Kyurem|Scale Shot|p1a: Zamazenta
|-damage|p1a: Zamazenta|47/100
|-damage|p1a: Zamazenta|38/100
|-damage|p1a: Zamazenta|29/100
|-damage|p1a: Zamazenta|20/100
|-hitcount|p1a: Zamazenta|4
|-unboost|p2a: Kyurem|def|1
|-boost|p2a: Kyurem|spe|1
|move|p1a: Zamazenta|Body Press|p2a: Kyurem
|-supereffective|p2a: Kyurem
|-damage|p2a: Kyurem|0 fnt
|faint|p2a: Kyurem
|
|-heal|p1a: Zamazenta|26/100|[from] item: Leftovers
|upkeep
|
|t:|1743849244
|switch|p2a: Gholdengo|Gholdengo|100/100
|-damage|p2a: Gholdengo|94/100|[from] Stealth Rock
|turn|11
|
|t:|1743849248
|move|p2a: Gholdengo|Shadow Ball|p1a: Zamazenta
|-damage|p1a: Zamazenta|0 fnt
|faint|p1a: Zamazenta
|
|upkeep
|
|t:|1743849251
|switch|p1a: Samurott|Samurott-Hisui, F|100/100
|turn|12
|
|t:|1743849269
|switch|p2a: Ogerpon|Ogerpon-Wellspring, F|48/100
|-damage|p2a: Ogerpon|36/100|[from] Stealth Rock
|move|p1a: Samurott|Ceaseless Edge|p2a: Ogerpon
|-damage|p2a: Ogerpon|0 fnt
|-sidestart|p2: adrienstrate|Spikes
|faint|p2a: Ogerpon
|
|upkeep
|
|t:|1743849271
|switch|p2a: Darkrai|Darkrai|100/100
|turn|13
|
|t:|1743849286
|-terastallize|p2a: Darkrai|Poison
|move|p2a: Darkrai|Will-O-Wisp|p1a: Samurott
|-status|p1a: Samurott|brn
|move|p1a: Samurott|Knock Off|p2a: Darkrai
|-damage|p2a: Darkrai|71/100
|-enditem|p2a: Darkrai|Heavy-Duty Boots|[from] move: Knock Off|[of] p1a: Samurott
|
|-damage|p1a: Samurott|94/100 brn|[from] brn
|upkeep
|turn|14
|
|t:|1743849298
|move|p2a: Darkrai|Sludge Bomb|p1a: Samurott
|-damage|p1a: Samurott|58/100 brn
|move|p1a: Samurott|Razor Shell|p2a: Darkrai
|-damage|p2a: Darkrai|35/100
|
|-damage|p1a: Samurott|52/100 brn|[from] brn
|upkeep
|turn|15
|
|t:|1743849302
|move|p2a: Darkrai|Sludge Bomb|p1a: Samurott
|-damage|p1a: Samurott|14/100 brn
|move|p1a: Samurott|Ceaseless Edge|p2a: Darkrai
|-damage|p2a: Darkrai|4/100
|-sidestart|p2: adrienstrate|Spikes
|
|-damage|p1a: Samurott|7/100 brn|[from] brn
|upkeep
|turn|16
|
|t:|1743849308
|move|p1a: Samurott|Aqua Jet|p2a: Darkrai
|-damage|p2a: Darkrai|0 fnt
|faint|p2a: Darkrai
|
|-damage|p1a: Samurott|1/100 brn|[from] brn
|upkeep
|
|t:|1743849311
|switch|p2a: Gholdengo|Gholdengo|94/100
|-damage|p2a: Gholdengo|88/100|[from] Stealth Rock
|-damage|p2a: Gholdengo|72/100|[from] Spikes
|turn|17
|
|t:|1743849315
|move|p2a: Gholdengo|Shadow Ball|p1a: Samurott
|-resisted|p1a: Samurott
|-damage|p1a: Samurott|0 fnt
|faint|p1a: Samurott
|
|upkeep
|
|t:|1743849318
|switch|p1a: Great Tusk|Great Tusk|100/100
|turn|18
|
|t:|1743849337
|move|p2a: Gholdengo|Shadow Ball|p1a: Great Tusk
|-damage|p1a: Great Tusk|40/100
|move|p1a: Great Tusk|Headlong Rush|p2a: Gholdengo
|-supereffective|p2a: Gholdengo
|-damage|p2a: Gholdengo|0 fnt
|-unboost|p1a: Great Tusk|def|1
|-unboost|p1a: Great Tusk|spd|1
|faint|p2a: Gholdengo
|
|win|Yabiz
|raw|Yabiz's rating: 1345 &rarr; <strong>1364</strong><br />(+19 for winning)
|raw|adrienstrate's rating: 1321 &rarr; <strong>1302</strong><br />(-19 for losing)
|l|☆adrienstrate
|player|p2|
|l|☆Yabiz
|player|p1|
