|j|☆jsilva001
|j|☆whatthedawgsdoin
|t:|1743912695
|gametype|singles
|player|p1|jsilva001|265|1142
|player|p2|whatthedawgsdoin|101|1142
|teamsize|p1|6
|teamsize|p2|6
|gen|9
|tier|[Gen 9] OU
|rated|
|rule|HP Percentage Mod: HP is shown in percentages
|rule|Endless Battle Clause: Forcing endless battles is banned
|rule|Species Clause: Limit one of each Pokémon
|rule|OHKO Clause: OHKO moves are banned
|rule|Evasion Items Clause: Evasion items are banned
|rule|Evasion Moves Clause: Evasion moves are banned
|rule|Sleep Moves Clause: Sleep-inducing moves are banned
|clearpoke
|poke|p1|Garganacl, F|
|poke|p1|Landorus-Therian, M|
|poke|p1|Manaphy|
|poke|p1|Staraptor, M|
|poke|p1|Regidrago|
|poke|p1|Gholdengo|
|poke|p2|Mew|
|poke|p2|Suicune|
|poke|p2|Raikou|
|poke|p2|Entei|
|poke|p2|Dusknoir, F|
|poke|p2|Regirock|
|teampreview
|inactive|Battle timer is ON: inactive players will automatically lose when time's up. (requested by whatthedawgsdoin)
|inactive|jsilva001 has 120 seconds left.
|inactive|jsilva001 has 90 seconds left.
|
|t:|1743912811
|start
|switch|p1a: Gholdengo|Gholdengo|100/100
|switch|p2a: Suicune|Suicune|100/100
|-ability|p2a: Suicune|Pressure
|turn|1
|
|t:|1743912818
|move|p1a: Gholdengo|Trick|p2a: Suicune
|-activate|p1a: Gholdengo|move: Trick|[of] p2a: Suicune
|-item|p2a: Suicune|Choice Scarf|[from] move: Trick
|-item|p1a: Gholdengo|Mystic Water|[from] move: Trick
|move|p2a: Suicune|Calm Mind|p2a: Suicune
|-boost|p2a: Suicune|spa|1
|-boost|p2a: Suicune|spd|1
|
|upkeep
|turn|2
|
|t:|1743912830
|switch|p2a: Entei|Entei|100/100
|move|p1a: Gholdengo|Nasty Plot|p1a: Gholdengo
|-boost|p1a: Gholdengo|spa|2
|
|upkeep
|turn|3
|
|t:|1743912850
|switch|p1a: Garganacl|Garganacl, F|100/100
|move|p2a: Entei|Sacred Fire|p1a: Garganacl
|-resisted|p1a: Garganacl
|-damage|p1a: Garganacl|79/100
|
|-heal|p1a: Garganacl|85/100|[from] item: Leftovers
|upkeep
|turn|4
|
|t:|1743912860
|switch|p2a: Suicune|Suicune|100/100
|-ability|p2a: Suicune|Pressure
|move|p1a: Garganacl|Salt Cure|p2a: Suicune
|-damage|p2a: Suicune|90/100
|-start|p2a: Suicune|Salt Cure
|
|-heal|p1a: Garganacl|92/100|[from] item: Leftovers
|-damage|p2a: Suicune|65/100|[from] Salt Cure
|upkeep
|turn|5
|
|t:|1743912874
|switch|p1a: Staraptor|Staraptor, M|100/100
|move|p2a: Suicune|Scald|p1a: Staraptor
|-damage|p1a: Staraptor|43/100
|-status|p1a: Staraptor|brn
|
|-damage|p1a: Staraptor|37/100 brn|[from] brn
|-damage|p2a: Suicune|40/100|[from] Salt Cure
|upkeep
|turn|6
|
|t:|1743912890
|move|p1a: Staraptor|Brave Bird|p2a: Suicune
|-damage|p2a: Suicune|8/100
|-damage|p1a: Staraptor|24/100 brn|[from] Recoil
|-damage|p1a: Staraptor|14/100 brn|[from] item: Life Orb
|move|p2a: Suicune|Scald|p1a: Staraptor
|-damage|p1a: Staraptor|0 fnt
|faint|p1a: Staraptor
|
|-damage|p2a: Suicune|0 fnt|[from] Salt Cure
|faint|p2a: Suicune
|upkeep
|
|t:|1743912908
|switch|p1a: Garganacl|Garganacl, F|92/100
|switch|p2a: Regirock|Regirock|100/100
|turn|7
|
|t:|1743912915
|move|p2a: Regirock|Iron Defense|p2a: Regirock
|-boost|p2a: Regirock|def|2
|move|p1a: Garganacl|Salt Cure|p2a: Regirock
|-damage|p2a: Regirock|97/100
|-start|p2a: Regirock|Salt Cure
|
|-heal|p1a: Garganacl|98/100|[from] item: Leftovers
|-damage|p2a: Regirock|85/100|[from] Salt Cure
|upkeep
|turn|8
|
|t:|1743912925
|move|p2a: Regirock|Stealth Rock|p1a: Garganacl
|-sidestart|p1: jsilva001|move: Stealth Rock
|move|p1a: Garganacl|Curse|p1a: Garganacl
|-unboost|p1a: Garganacl|spe|1
|-boost|p1a: Garganacl|atk|1
|-boost|p1a: Garganacl|def|1
|
|-heal|p1a: Garganacl|100/100|[from] item: Leftovers
|-damage|p2a: Regirock|72/100|[from] Salt Cure
|upkeep
|turn|9
|
|t:|1743912938
|switch|p1a: Gholdengo|Gholdengo|100/100
|-damage|p1a: Gholdengo|94/100|[from] Stealth Rock
|move|p2a: Regirock|Body Press|p1a: Gholdengo
|-immune|p1a: Gholdengo
|
|-damage|p2a: Regirock|60/100|[from] Salt Cure
|upkeep
|turn|10
|
|t:|1743912952
|switch|p2a: Entei|Entei|100/100
|move|p1a: Gholdengo|Nasty Plot|p1a: Gholdengo
|-boost|p1a: Gholdengo|spa|2
|
|upkeep
|turn|11
|
|t:|1743912961
|move|p1a: Gholdengo|Shadow Ball|p2a: Entei
|-damage|p2a: Entei|9/100
|-unboost|p2a: Entei|spd|1
|move|p2a: Entei|Sacred Fire|p1a: Gholdengo
|-supereffective|p1a: Gholdengo
|-damage|p1a: Gholdengo|0 fnt
|faint|p1a: Gholdengo
|
|upkeep
|
|t:|1743912972
|switch|p1a: Manaphy|Manaphy|100/100
|turn|12
|
|t:|1743912979
|switch|p2a: Mew|Mew|100/100
|move|p1a: Manaphy|Surf|p2a: Mew
|-damage|p2a: Mew|69/100
|
|upkeep
|turn|13
|
|t:|1743912989
|move|p1a: Manaphy|Tail Glow|p1a: Manaphy
|-boost|p1a: Manaphy|spa|3
|move|p2a: Mew|Future Sight|p1a: Manaphy
|-start|p2a: Mew|move: Future Sight
|
|upkeep
|turn|14
|
|t:|1743912995
|move|p1a: Manaphy|Surf|p2a: Mew
|-damage|p2a: Mew|0 fnt
|faint|p2a: Mew
|
|upkeep
|
|t:|1743913006
|switch|p2a: Dusknoir|Dusknoir, F|100/100
|-ability|p2a: Dusknoir|Pressure
|turn|15
|
|t:|1743913015
|move|p2a: Dusknoir|Shadow Sneak|p1a: Manaphy
|-damage|p1a: Manaphy|71/100
|move|p1a: Manaphy|Surf|p2a: Dusknoir
|-damage|p2a: Dusknoir|6/100
|
|-end|p1a: Manaphy|move: Future Sight
|-crit|p1a: Manaphy
|-damage|p1a: Manaphy|0 fnt
|faint|p1a: Manaphy
|upkeep
|
|t:|1743913030
|switch|p1a: Regidrago|Regidrago|100/100
|-damage|p1a: Regidrago|88/100|[from] Stealth Rock
|turn|16
|
|t:|1743913052
|switch|p2a: Regirock|Regirock|60/100
|move|p1a: Regidrago|Dragon Energy|p2a: Regirock
|-damage|p2a: Regirock|0 fnt
|faint|p2a: Regirock
|
|upkeep
|inactive|whatthedawgsdoin has 120 seconds left.
|
|t:|1743913071
|switch|p2a: Entei|Entei|9/100
|turn|17
|inactive|whatthedawgsdoin has 120 seconds left.
|
|t:|1743913083
|move|p1a: Regidrago|Dragon Energy|p2a: Entei
|-damage|p2a: Entei|0 fnt
|faint|p2a: Entei
|
|upkeep
|
|t:|1743913087
|switch|p2a: Raikou|Raikou|100/100
|-ability|p2a: Raikou|Pressure
|turn|18
|
|t:|1743913094
|move|p1a: Regidrago|Dragon Energy|p2a: Raikou
|-damage|p2a: Raikou|25/100
|move|p2a: Raikou|Calm Mind|p2a: Raikou
|-boost|p2a: Raikou|spa|1
|-boost|p2a: Raikou|spd|1
|
|upkeep
|turn|19
|
|t:|1743913103
|-terastallize|p2a: Raikou|Water
|move|p1a: Regidrago|Dragon Energy|p2a: Raikou
|-damage|p2a: Raikou|0 fnt
|faint|p2a: Raikou
|
|upkeep
|-message|whatthedawgsdoin forfeited.
|
|win|jsilva001
|raw|jsilva001's rating: 1142 &rarr; <strong>1167</strong><br />(+25 for winning)
|raw|whatthedawgsdoin's rating: 1142 &rarr; <strong>1117</strong><br />(-25 for losing)
|l|☆whatthedawgsdoin
|player|p2|
|l|☆jsilva001
|player|p1|
