|j|☆Kikiam n fishball
|j|☆DiceyRice
|t:|1743818721
|gametype|singles
|player|p1|Kikiam n fishball|169|1648
|player|p2|DiceyRice|miku-psychic|1703
|teamsize|p1|6
|teamsize|p2|6
|gen|9
|tier|[Gen 9] OU
|rated|
|rule|HP Percentage Mod: HP is shown in percentages
|rule|Endless Battle Clause: Forcing endless battles is banned
|rule|Species Clause: Limit one of each Pokémon
|rule|OHKO Clause: OHKO moves are banned
|rule|Evasion Items Clause: Evasion items are banned
|rule|Evasion Moves Clause: Evasion moves are banned
|rule|Sleep Moves Clause: Sleep-inducing moves are banned
|clearpoke
|poke|p1|Samurott-Hisui, M|
|poke|p1|Hydreigon, M|
|poke|p1|Great Tusk|
|poke|p1|Gholdengo|
|poke|p1|Walking Wake|
|poke|p1|Kingambit, M|
|poke|p2|Kommo-o, F|
|poke|p2|Araquanid, M|
|poke|p2|Raging Bolt|
|poke|p2|Iron Valiant|
|poke|p2|Gholdengo|
|poke|p2|Kingambit, M|
|teampreview
|inactive|Battle timer is ON: inactive players will automatically lose when time's up. (requested by Kikiam n fishball)
|j| MiniLarry
|
|t:|1743818739
|start
|switch|p1a: Hydreigon|Hydreigon, M|100/100
|switch|p2a: Araquanid|Araquanid, M|100/100
|turn|1
|
|t:|1743818763
|move|p1a: Hydreigon|Stealth Rock|p2a: Araquanid
|-sidestart|p2: DiceyRice|move: Stealth Rock
|move|p2a: Araquanid|Sticky Web|p1a: Hydreigon
|-sidestart|p1: Kikiam n fishball|move: Sticky Web
|
|upkeep
|turn|2
|inactive|Kikiam n fishball has 120 seconds left.
|
|t:|1743818784
|move|p1a: Hydreigon|Draco Meteor|p2a: Araquanid
|-damage|p2a: Araquanid|51/100
|-unboost|p1a: Hydreigon|spa|2
|move|p2a: Araquanid|Surf|p1a: Hydreigon
|-resisted|p1a: Hydreigon
|-damage|p1a: Hydreigon|68/100
|
|-heal|p1a: Hydreigon|74/100|[from] item: Leftovers
|upkeep
|turn|3
|
|t:|1743818788
|move|p1a: Hydreigon|U-turn|p2a: Araquanid
|-damage|p2a: Araquanid|36/100
|
|t:|1743818791
|switch|p1a: Edward|Samurott-Hisui, M, shiny|100/100|[from] U-turn
|-activate|p1a: Edward|move: Sticky Web
|-unboost|p1a: Edward|spe|1
|move|p2a: Araquanid|Endeavor|p1a: Edward
|-damage|p1a: Edward|32/100
|
|upkeep
|turn|4
|
|t:|1743818795
|move|p1a: Edward|Ceaseless Edge|p2a: Araquanid
|-damage|p2a: Araquanid|0 fnt
|-sidestart|p2: DiceyRice|Spikes
|faint|p2a: Araquanid
|
|upkeep
|
|t:|1743818798
|switch|p2a: Kommo-o|Kommo-o, F|100/100
|-damage|p2a: Kommo-o|94/100|[from] Stealth Rock
|-damage|p2a: Kommo-o|82/100|[from] Spikes
|turn|5
|
|t:|1743818819
|move|p2a: Kommo-o|Clangorous Soul|p2a: Kommo-o
|-boost|p2a: Kommo-o|atk|1
|-boost|p2a: Kommo-o|def|1
|-boost|p2a: Kommo-o|spa|1
|-boost|p2a: Kommo-o|spd|1
|-boost|p2a: Kommo-o|spe|1
|-damage|p2a: Kommo-o|49/100
|-enditem|p2a: Kommo-o|Throat Spray
|-boost|p2a: Kommo-o|spa|1|[from] item: Throat Spray
|move|p1a: Edward|Ceaseless Edge|p2a: Kommo-o
|-resisted|p2a: Kommo-o
|-damage|p2a: Kommo-o|29/100
|-sidestart|p2: DiceyRice|Spikes
|
|upkeep
|turn|6
|
|t:|1743818833
|move|p1a: Edward|Sucker Punch|p2a: Kommo-o
|-resisted|p2a: Kommo-o
|-damage|p2a: Kommo-o|16/100
|move|p2a: Kommo-o|Boomburst|p1a: Edward
|-damage|p1a: Edward|0 fnt
|faint|p1a: Edward
|
|upkeep
|inactive|Kikiam n fishball has 120 seconds left.
|
|t:|1743818853
|switch|p1a: Van|Gholdengo|100/100
|-activate|p1a: Van|move: Sticky Web
|-unboost|p1a: Van|spe|1
|turn|7
|
|t:|1743818858
|move|p2a: Kommo-o|Flamethrower|p1a: Van
|-supereffective|p1a: Van
|-damage|p1a: Van|0 fnt
|faint|p1a: Van
|
|upkeep
|inactive|Kikiam n fishball has 120 seconds left.
|l| MiniLarry
|
|t:|1743818890
|switch|p1a: Nah I'd 50/50|Kingambit, M, shiny|100/100
|-activate|p1a: Nah I'd 50/50|move: Sticky Web
|-unboost|p1a: Nah I'd 50/50|spe|1
|-activate|p1a: Nah I'd 50/50|ability: Supreme Overlord
|-start|p1a: Nah I'd 50/50|fallen2|[silent]
|turn|8
|
|t:|1743818911
|-terastallize|p1a: Nah I'd 50/50|Fairy
|move|p2a: Kommo-o|Flamethrower|p1a: Nah I'd 50/50
|-damage|p1a: Nah I'd 50/50|49/100
|move|p1a: Nah I'd 50/50|Iron Head|p2a: Kommo-o
|-damage|p2a: Kommo-o|0 fnt
|faint|p2a: Kommo-o
|
|-heal|p1a: Nah I'd 50/50|55/100|[from] item: Leftovers
|upkeep
|inactive|DiceyRice has 120 seconds left.
|
|t:|1743818932
|switch|p2a: Kingambit|Kingambit, M|100/100
|-damage|p2a: Kingambit|94/100|[from] Stealth Rock
|-damage|p2a: Kingambit|78/100|[from] Spikes
|-activate|p2a: Kingambit|ability: Supreme Overlord
|-start|p2a: Kingambit|fallen2|[silent]
|turn|9
|
|t:|1743818939
|-end|p1a: Nah I'd 50/50|fallen2|[silent]
|switch|p1a: Jack|Great Tusk|100/100
|move|p2a: Kingambit|Iron Head|p1a: Jack
|-damage|p1a: Jack|63/100
|
|upkeep
|turn|10
|
|t:|1743818946
|-end|p2a: Kingambit|fallen2|[silent]
|switch|p2a: Gholdengo|Gholdengo|100/100
|-damage|p2a: Gholdengo|94/100|[from] Stealth Rock
|-item|p2a: Gholdengo|Air Balloon
|move|p1a: Jack|Headlong Rush|p2a: Gholdengo
|-immune|p2a: Gholdengo
|
|upkeep
|turn|11
|
|t:|1743818950
|-end|p1a: Jack|Protosynthesis|[silent]
|switch|p1a: Hydreigon|Hydreigon, M|74/100
|move|p2a: Gholdengo|Dazzling Gleam|p1a: Hydreigon
|-supereffective|p1a: Hydreigon
|-crit|p1a: Hydreigon
|-damage|p1a: Hydreigon|0 fnt
|faint|p1a: Hydreigon
|
|upkeep
|
|t:|1743818954
|switch|p1a: Walking Wake|Walking Wake|100/100
|turn|12
|
|t:|1743818960
|switch|p2a: Kingambit|Kingambit, M|78/100
|-damage|p2a: Kingambit|72/100|[from] Stealth Rock
|-damage|p2a: Kingambit|55/100|[from] Spikes
|-activate|p2a: Kingambit|ability: Supreme Overlord
|-start|p2a: Kingambit|fallen2|[silent]
|move|p1a: Walking Wake|Hydro Pump|p2a: Kingambit
|-damage|p2a: Kingambit|0 fnt
|faint|p2a: Kingambit
|-end|p2a: Kingambit|fallen2|[silent]
|
|upkeep
|
|t:|1743818962
|switch|p2a: Iron Valiant|Iron Valiant|100/100
|-damage|p2a: Iron Valiant|94/100|[from] Stealth Rock
|-damage|p2a: Iron Valiant|78/100|[from] Spikes
|-enditem|p2a: Iron Valiant|Booster Energy
|-activate|p2a: Iron Valiant|ability: Quark Drive|[fromitem]
|-start|p2a: Iron Valiant|quarkdrivespe
|turn|13
|
|t:|1743818968
|move|p2a: Iron Valiant|Moonblast|p1a: Walking Wake
|-supereffective|p1a: Walking Wake
|-damage|p1a: Walking Wake|0 fnt
|faint|p1a: Walking Wake
|-end|p1a: Walking Wake|Protosynthesis|[silent]
|
|upkeep
|
|t:|1743818972
|switch|p1a: Jack|Great Tusk|63/100
|turn|14
|
|t:|1743818973
|move|p2a: Iron Valiant|Moonblast|p1a: Jack
|-supereffective|p1a: Jack
|-damage|p1a: Jack|0 fnt
|faint|p1a: Jack
|-end|p1a: Jack|Protosynthesis|[silent]
|
|upkeep
|
|t:|1743818975
|switch|p1a: Nah I'd 50/50|Kingambit, M, shiny, tera:Fairy|55/100
|-activate|p1a: Nah I'd 50/50|move: Sticky Web
|-unboost|p1a: Nah I'd 50/50|spe|1
|-activate|p1a: Nah I'd 50/50|ability: Supreme Overlord
|-start|p1a: Nah I'd 50/50|fallen5|[silent]
|turn|15
|
|t:|1743818987
|move|p2a: Iron Valiant|Moonblast|p1a: Nah I'd 50/50
|-damage|p1a: Nah I'd 50/50|8/100
|move|p1a: Nah I'd 50/50|Iron Head|p2a: Iron Valiant
|-supereffective|p2a: Iron Valiant
|-damage|p2a: Iron Valiant|0 fnt
|faint|p2a: Iron Valiant
|-end|p2a: Iron Valiant|Quark Drive|[silent]
|
|-heal|p1a: Nah I'd 50/50|15/100|[from] item: Leftovers
|upkeep
|
|t:|1743818993
|switch|p2a: Raging Bolt|Raging Bolt|100/100
|-damage|p2a: Raging Bolt|88/100|[from] Stealth Rock
|-damage|p2a: Raging Bolt|72/100|[from] Spikes
|-enditem|p2a: Raging Bolt|Booster Energy
|-activate|p2a: Raging Bolt|ability: Protosynthesis|[fromitem]
|-start|p2a: Raging Bolt|protosynthesisspa
|turn|16
|inactive|Kikiam n fishball has 120 seconds left.
|
|t:|1743819034
|-terastallize|p2a: Raging Bolt|Fairy
|move|p1a: Nah I'd 50/50|Sucker Punch|p2a: Raging Bolt
|-resisted|p2a: Raging Bolt
|-damage|p2a: Raging Bolt|42/100
|move|p2a: Raging Bolt|Thunderbolt|p1a: Nah I'd 50/50
|-damage|p1a: Nah I'd 50/50|0 fnt
|faint|p1a: Nah I'd 50/50
|-end|p1a: Nah I'd 50/50|fallen5|[silent]
|
|win|DiceyRice
|raw|Kikiam n fishball's rating: 1648 &rarr; <strong>1631</strong><br />(-17 for losing)
|raw|DiceyRice's rating: 1703 &rarr; <strong>1720</strong><br />(+17 for winning)
|l|☆Kikiam n fishball
|player|p1|
|l|☆DiceyRice
|player|p2|
|j| creeeper39
