|j|☆Liam Doria Vinck
|j|☆silver750250
|t:|1743790206
|gametype|singles
|player|p1|Liam Doria Vinck|1|1087
|player|p2|silver750250|alec-anime|1109
|teamsize|p1|6
|teamsize|p2|6
|gen|9
|tier|[Gen 9] OU
|rated|
|rule|HP Percentage Mod: HP is shown in percentages
|rule|Endless Battle Clause: Forcing endless battles is banned
|rule|Species Clause: Limit one of each Pokémon
|rule|OHKO Clause: OHKO moves are banned
|rule|Evasion Items Clause: Evasion items are banned
|rule|Evasion Moves Clause: Evasion moves are banned
|rule|Sleep Moves Clause: Sleep-inducing moves are banned
|clearpoke
|poke|p1|Pikachu-Partner, M|
|poke|p1|Ninetales-Alola, M|
|poke|p1|Pincurchin, M|
|poke|p1|Iron Valiant|
|poke|p1|Hatterene, F|
|poke|p1|Tornadus, M|
|poke|p2|Weavile, M|
|poke|p2|Talonflame, M|
|poke|p2|Toxtricity-Low-Key, M|
|poke|p2|Polteageist|
|poke|p2|Gliscor, M|
|poke|p2|Greninja-*, M|
|teampreview
|c|☆silver750250|glhf
|
|t:|1743790221
|start
|switch|p1a: Ninetales|Ninetales-Alola, M|100/100
|switch|p2a: Talonflame|Talonflame, M|100/100
|-weather|Snowscape|[from] ability: Snow Warning|[of] p1a: Ninetales
|turn|1
|c|☆Liam Doria Vinck|you tpo
|
|t:|1743790232
|move|p2a: Talonflame|Flare Blitz|p1a: Ninetales
|-supereffective|p1a: Ninetales
|-damage|p1a: Ninetales|13/100
|-damage|p2a: Talonflame|73/100|[from] Recoil
|move|p1a: Ninetales|Aurora Veil|p1a: Ninetales
|-sidestart|p1: Liam Doria Vinck|move: Aurora Veil
|
|-weather|Snowscape|[upkeep]
|upkeep
|turn|2
|
|t:|1743790249
|switch|p1a: Pincurchin|Pincurchin, M|100/100
|-fieldstart|move: Electric Terrain|[from] ability: Electric Surge|[of] p1a: Pincurchin
|move|p2a: Talonflame|U-turn|p1a: Pincurchin
|-crit|p1a: Pincurchin
|-damage|p1a: Pincurchin|71/100
|-enditem|p1a: Pincurchin|Eject Button
|
|t:|1743790256
|switch|p1a: Pikachu|Pikachu-Partner, M|100/100
|
|-weather|Snowscape|[upkeep]
|upkeep
|turn|3
|
|t:|1743790277
|-terastallize|p2a: Talonflame|Ground
|move|p2a: Talonflame|Flare Blitz|p1a: Pikachu
|-damage|p1a: Pikachu|44/100
|-damage|p2a: Talonflame|56/100|[from] Recoil
|move|p1a: Pikachu|Agility|p1a: Pikachu
|-boost|p1a: Pikachu|spe|2
|
|-weather|Snowscape|[upkeep]
|upkeep
|turn|4
|
|t:|1743790288
|-terastallize|p1a: Pikachu|Ice
|move|p1a: Pikachu|Tera Blast|p2a: Talonflame|[anim] Tera Blast Ice
|-supereffective|p2a: Talonflame
|-damage|p2a: Talonflame|0 fnt
|faint|p2a: Talonflame
|
|-weather|Snowscape|[upkeep]
|upkeep
|
|t:|1743790307
|switch|p2a: Polteageist|Polteageist|100/100
|turn|5
|
|t:|1743790324
|move|p1a: Pikachu|Thunderbolt|p2a: Polteageist
|-damage|p2a: Polteageist|9/100
|move|p2a: Polteageist|Shadow Ball|p1a: Pikachu
|-damage|p1a: Pikachu|0 fnt
|faint|p1a: Pikachu
|
|-weather|none
|upkeep
|
|t:|1743790364
|switch|p1a: Ninetales|Ninetales-Alola, M|13/100
|-weather|Snowscape|[from] ability: Snow Warning|[of] p1a: Ninetales
|turn|6
|
|t:|1743790382
|move|p1a: Ninetales|Freeze-Dry|p2a: Polteageist
|-damage|p2a: Polteageist|0 fnt
|faint|p2a: Polteageist
|
|-weather|Snowscape|[upkeep]
|-fieldend|move: Electric Terrain
|upkeep
|
|t:|1743790390
|switch|p2a: Weavile|Weavile, M|100/100
|-ability|p2a: Weavile|Pressure
|turn|7
|
|t:|1743790396
|switch|p1a: Pincurchin|Pincurchin, M|71/100
|-fieldstart|move: Electric Terrain|[from] ability: Electric Surge|[of] p1a: Pincurchin
|move|p2a: Weavile|Fake Out|p1a: Pincurchin
|-damage|p1a: Pincurchin|63/100
|
|-weather|Snowscape|[upkeep]
|upkeep
|turn|8
|
|t:|1743790413
|move|p2a: Weavile|Triple Axel|p1a: Pincurchin
|-damage|p1a: Pincurchin|57/100
|-hitcount|p1a: Pincurchin|1
|move|p1a: Pincurchin|Memento|p2a: Weavile
|-unboost|p2a: Weavile|atk|2
|-unboost|p2a: Weavile|spa|2
|faint|p1a: Pincurchin
|
|-weather|Snowscape|[upkeep]
|-sideend|p1: Liam Doria Vinck|move: Aurora Veil
|upkeep
|
|t:|1743790428
|switch|p1a: Iron Valiant|Iron Valiant|100/100
|-activate|p1a: Iron Valiant|ability: Quark Drive
|-start|p1a: Iron Valiant|quarkdrivespe
|turn|9
|
|t:|1743790434
|switch|p2a: Gliscor|Gliscor, M|100/100
|move|p1a: Iron Valiant|Moonblast|p2a: Gliscor
|-damage|p2a: Gliscor|30/100
|-damage|p1a: Iron Valiant|90/100|[from] item: Life Orb
|
|-weather|Snowscape|[upkeep]
|-status|p2a: Gliscor|tox|[from] item: Toxic Orb
|upkeep
|turn|10
|
|t:|1743790441
|move|p1a: Iron Valiant|Moonblast|p2a: Gliscor
|-damage|p2a: Gliscor|0 fnt
|faint|p2a: Gliscor
|-damage|p1a: Iron Valiant|80/100|[from] item: Life Orb
|
|-weather|none
|upkeep
|
|t:|1743790447
|switch|p2a: Greninja|Greninja, M|100/100
|turn|11
|
|t:|1743790455
|move|p2a: Greninja|Surf|p1a: Iron Valiant
|-start|p2a: Greninja|typechange|Water|[from] ability: Protean
|-damage|p1a: Iron Valiant|5/100
|move|p1a: Iron Valiant|Moonblast|p2a: Greninja
|-damage|p2a: Greninja|10/100
|-damage|p1a: Iron Valiant|0 fnt|[from] item: Life Orb
|faint|p1a: Iron Valiant
|-end|p1a: Iron Valiant|Quark Drive|[silent]
|
|-fieldend|move: Electric Terrain
|upkeep
|
|t:|1743790466
|switch|p1a: Tornadus|Tornadus, M|100/100
|turn|12
|
|t:|1743790471
|move|p1a: Tornadus|Tailwind|p1a: Tornadus
|-sidestart|p1: Liam Doria Vinck|move: Tailwind
|move|p2a: Greninja|Surf|p1a: Tornadus
|-damage|p1a: Tornadus|46/100
|-enditem|p1a: Tornadus|Eject Button
|
|t:|1743790475
|switch|p1a: Ninetales|Ninetales-Alola, M|13/100
|-weather|Snowscape|[from] ability: Snow Warning|[of] p1a: Ninetales
|
|-weather|Snowscape|[upkeep]
|upkeep
|turn|13
|
|t:|1743790486
|move|p1a: Ninetales|Freeze-Dry|p2a: Greninja
|-supereffective|p2a: Greninja
|-damage|p2a: Greninja|0 fnt
|faint|p2a: Greninja
|
|-weather|Snowscape|[upkeep]
|upkeep
|
|t:|1743790488
|switch|p2a: Weavile|Weavile, M|100/100
|-ability|p2a: Weavile|Pressure
|turn|14
|
|t:|1743790501
|switch|p1a: Tornadus|Tornadus, M|46/100
|move|p2a: Weavile|Fake Out|p1a: Tornadus
|-damage|p1a: Tornadus|26/100
|
|-weather|Snowscape|[upkeep]
|upkeep
|turn|15
|
|t:|1743790508
|move|p1a: Tornadus|Bleakwind Storm|p2a: Weavile
|-damage|p2a: Weavile|29/100
|-unboost|p2a: Weavile|spe|1
|move|p2a: Weavile|Triple Axel|p1a: Tornadus|[miss]
|-miss|p2a: Weavile|p1a: Tornadus
|
|-weather|Snowscape|[upkeep]
|-sideend|p1: Liam Doria Vinck|move: Tailwind
|upkeep
|turn|16
|
|t:|1743790518
|move|p1a: Tornadus|Tailwind|p1a: Tornadus
|-sidestart|p1: Liam Doria Vinck|move: Tailwind
|move|p2a: Weavile|Triple Axel|p1a: Tornadus
|-supereffective|p1a: Tornadus
|-damage|p1a: Tornadus|0 fnt
|faint|p1a: Tornadus
|-hitcount|p1: Tornadus|1
|
|-weather|none
|upkeep
|
|t:|1743790521
|switch|p1a: Ninetales|Ninetales-Alola, M|13/100
|-weather|Snowscape|[from] ability: Snow Warning|[of] p1a: Ninetales
|turn|17
|
|t:|1743790527
|move|p1a: Ninetales|Moonblast|p2a: Weavile
|-supereffective|p2a: Weavile
|-damage|p2a: Weavile|0 fnt
|faint|p2a: Weavile
|
|-weather|Snowscape|[upkeep]
|upkeep
|
|t:|1743790529
|switch|p2a: Toxtricity|Toxtricity-Low-Key, M|100/100
|turn|18
|
|t:|1743790540
|move|p1a: Ninetales|Aurora Veil|p1a: Ninetales
|-sidestart|p1: Liam Doria Vinck|move: Aurora Veil
|move|p2a: Toxtricity|Boomburst|p1a: Ninetales
|-damage|p1a: Ninetales|0 fnt
|faint|p1a: Ninetales
|
|-weather|Snowscape|[upkeep]
|upkeep
|
|t:|1743790544
|switch|p1a: Hatterene|Hatterene, F|100/100
|turn|19
|
|t:|1743790548
|move|p1a: Hatterene|Calm Mind|p1a: Hatterene
|-boost|p1a: Hatterene|spa|1
|-boost|p1a: Hatterene|spd|1
|move|p2a: Toxtricity|Boomburst|p1a: Hatterene
|-damage|p1a: Hatterene|66/100
|
|-weather|Snowscape|[upkeep]
|-sideend|p1: Liam Doria Vinck|move: Tailwind
|upkeep
|turn|20
|
|t:|1743790558
|move|p2a: Toxtricity|Boomburst|p1a: Hatterene
|-damage|p1a: Hatterene|34/100
|move|p1a: Hatterene|Psychic|p2a: Toxtricity
|-supereffective|p2a: Toxtricity
|-damage|p2a: Toxtricity|0 fnt
|faint|p2a: Toxtricity
|-damage|p1a: Hatterene|24/100|[from] item: Life Orb
|
|win|Liam Doria Vinck
|raw|Liam Doria Vinck's rating: 1087 &rarr; <strong>1116</strong><br />(+29 for winning)
|raw|silver750250's rating: 1109 &rarr; <strong>1082</strong><br />(-27 for losing)
|l|☆silver750250
|player|p2|
|c|☆Liam Doria Vinck|gg wp
|l|☆Liam Doria Vinck
|player|p1|
