|j|☆rnfmabj999
|j|☆lobsterapple
|t:|1743827834
|gametype|singles
|player|p1|rnfmabj999|steven|1087
|player|p2|lobsterapple|crasherwake|1061
|teamsize|p1|6
|teamsize|p2|6
|gen|9
|tier|[Gen 9] OU
|rated|
|rule|HP Percentage Mod: HP is shown in percentages
|rule|Endless Battle Clause: Forcing endless battles is banned
|rule|Species Clause: Limit one of each Pokémon
|rule|OHKO Clause: OHKO moves are banned
|rule|Evasion Items Clause: Evasion items are banned
|rule|Evasion Moves Clause: Evasion moves are banned
|rule|Sleep Moves Clause: Sleep-inducing moves are banned
|clearpoke
|poke|p1|Gliscor, M|
|poke|p1|Dragonite, F|
|poke|p1|Walking Wake|
|poke|p1|Great Tusk|
|poke|p1|Heatran, M|
|poke|p1|Torkoal, F|
|poke|p2|Jirachi|
|poke|p2|Flapple, F|
|poke|p2|Mamoswine, M|
|poke|p2|Clefable, F|
|poke|p2|Registeel|
|poke|p2|Gengar, M|
|teampreview
|
|t:|1743827842
|start
|switch|p1a: Torkoal|Torkoal, F|100/100
|switch|p2a: Jirachi|Jirachi|100/100
|-weather|SunnyDay|[from] ability: Drought|[of] p1a: Torkoal
|turn|1
|
|t:|1743827849
|move|p2a: Jirachi|Gravity|p2a: Jirachi
|-fieldstart|move: Gravity
|move|p1a: Torkoal|Eruption|p2a: Jirachi
|-supereffective|p2a: Jirachi
|-crit|p2a: Jirachi
|-damage|p2a: Jirachi|0 fnt
|faint|p2a: Jirachi
|
|-weather|SunnyDay|[upkeep]
|upkeep
|inactive|Battle timer is ON: inactive players will automatically lose when time's up. (requested by rnfmabj999)
|
|t:|1743827886
|switch|p2a: Clefable|Clefable, F|100/100
|turn|2
|
|t:|1743827902
|move|p2a: Clefable|Stealth Rock|p1a: Torkoal
|-sidestart|p1: rnfmabj999|move: Stealth Rock
|move|p1a: Torkoal|Eruption|p2a: Clefable
|-damage|p2a: Clefable|41/100
|
|-weather|SunnyDay|[upkeep]
|-heal|p2a: Clefable|47/100|[from] item: Leftovers
|upkeep
|turn|3
|
|t:|1743827913
|move|p2a: Clefable|Gravity||[still]
|-fail|p2a: Clefable
|move|p1a: Torkoal|Rapid Spin|p2a: Clefable
|-damage|p2a: Clefable|36/100
|-boost|p1a: Torkoal|spe|1
|-sideend|p1: rnfmabj999|Stealth Rock|[from] move: Rapid Spin|[of] p1a: Torkoal
|
|-weather|SunnyDay|[upkeep]
|-heal|p2a: Clefable|42/100|[from] item: Leftovers
|upkeep
|turn|4
|
|t:|1743827922
|move|p2a: Clefable|Encore|p1a: Torkoal
|-start|p1a: Torkoal|Encore
|move|p1a: Torkoal|Rapid Spin|p2a: Clefable
|-damage|p2a: Clefable|30/100
|-boost|p1a: Torkoal|spe|1
|
|-weather|SunnyDay|[upkeep]
|-heal|p2a: Clefable|36/100|[from] item: Leftovers
|upkeep
|turn|5
|
|t:|1743827939
|switch|p2a: Gengar|Gengar, M|100/100
|switch|p1a: Walking Wake|Walking Wake|100/100
|-activate|p1a: Walking Wake|ability: Protosynthesis
|-start|p1a: Walking Wake|protosynthesisspa
|
|-weather|SunnyDay|[upkeep]
|-fieldend|move: Gravity
|upkeep
|turn|6
|
|t:|1743827953
|switch|p2a: Registeel|Registeel|100/100
|move|p1a: Walking Wake|Hydro Steam|p2a: Registeel
|-damage|p2a: Registeel|37/100
|
|-weather|SunnyDay|[upkeep]
|upkeep
|turn|7
|
|t:|1743827962
|move|p1a: Walking Wake|Hydro Steam|p2a: Registeel
|-damage|p2a: Registeel|0 fnt
|faint|p2a: Registeel
|
|-weather|SunnyDay|[upkeep]
|upkeep
|
|t:|1743827965
|switch|p2a: Flapple|Flapple, F|100/100
|turn|8
|
|t:|1743827974
|-end|p1a: Walking Wake|Protosynthesis|[silent]
|switch|p1a: Gliscor|Gliscor, M, shiny|100/100
|move|p2a: Flapple|Sucker Punch||[still]
|-fail|p2a: Flapple
|
|-weather|none
|-status|p1a: Gliscor|tox|[from] item: Toxic Orb
|upkeep
|turn|9
|
|t:|1743827983
|move|p2a: Flapple|Sucker Punch||[still]
|-fail|p2a: Flapple
|move|p1a: Gliscor|Toxic Spikes|p2a: Flapple
|-sidestart|p2: lobsterapple|move: Toxic Spikes
|
|upkeep
|turn|10
|
|t:|1743827989
|move|p2a: Flapple|Sucker Punch||[still]
|-fail|p2a: Flapple
|move|p1a: Gliscor|Toxic Spikes|p2a: Flapple
|-sidestart|p2: lobsterapple|move: Toxic Spikes
|
|upkeep
|turn|11
|
|t:|1743827999
|switch|p2a: Mamoswine|Mamoswine, M, shiny|100/100
|-status|p2a: Mamoswine|tox
|switch|p1a: Torkoal|Torkoal, F|100/100
|-weather|SunnyDay|[from] ability: Drought|[of] p1a: Torkoal
|
|-weather|SunnyDay|[upkeep]
|-damage|p2a: Mamoswine|94/100 tox|[from] psn
|upkeep
|turn|12
|-message|lobsterapple forfeited.
|
|win|rnfmabj999
|raw|rnfmabj999's rating: 1087 &rarr; <strong>1112</strong><br />(+25 for winning)
|raw|lobsterapple's rating: 1061 &rarr; <strong>1043</strong><br />(-18 for losing)
|l|☆lobsterapple
|player|p2|
|l|☆rnfmabj999
|player|p1|
