|j|☆BlakeAshkore
|j|☆TherealBR
|t:|1743938889
|gametype|singles
|player|p1|BlakeAshkore|riley|1118
|player|p2|TherealBR|blue|1191
|teamsize|p1|6
|teamsize|p2|6
|gen|9
|tier|[Gen 9] OU
|rated|
|rule|HP Percentage Mod: HP is shown in percentages
|rule|Endless Battle Clause: Forcing endless battles is banned
|rule|Species Clause: Limit one of each Pokémon
|rule|OHKO Clause: OHKO moves are banned
|rule|Evasion Items Clause: Evasion items are banned
|rule|Evasion Moves Clause: Evasion moves are banned
|rule|Sleep Moves Clause: Sleep-inducing moves are banned
|clearpoke
|poke|p1|Gardevoir, F|
|poke|p1|Spiritomb, M|
|poke|p1|Dondozo, M|
|poke|p1|Scream Tail|
|poke|p1|Lucario, M|
|poke|p1|Yanmega, M|
|poke|p2|Cinderace, M|
|poke|p2|Slowking-Galar, M|
|poke|p2|Great Tusk|
|poke|p2|Zoroark-Hisui, M|
|poke|p2|Grimmsnarl, M|
|poke|p2|Dragonite, F|
|teampreview
|inactive|Battle timer is ON: inactive players will automatically lose when time's up. (requested by BlakeAshkore)
|
|t:|1743938915
|start
|switch|p1a: Yanmega|Yanmega, M|100/100
|switch|p2a: Loki|Grimmsnarl, M, shiny|100/100
|turn|1
|
|t:|1743938928
|move|p1a: Yanmega|Bug Buzz|p2a: Loki
|-crit|p2a: Loki
|-damage|p2a: Loki|5/100
|-damage|p1a: Yanmega|91/100|[from] item: Life Orb
|move|p2a: Loki|Spirit Break|p1a: Yanmega
|-damage|p1a: Yanmega|54/100
|-unboost|p1a: Yanmega|spa|1
|
|-ability|p1a: Yanmega|Speed Boost|boost
|-boost|p1a: Yanmega|spe|1
|upkeep
|turn|2
|
|t:|1743938944
|move|p2a: Loki|Parting Shot|p1a: Yanmega
|-unboost|p1a: Yanmega|atk|1
|-unboost|p1a: Yanmega|spa|1
|
|t:|1743938951
|switch|p2a: Anakin|Dragonite, F|100/100|[from] Parting Shot
|move|p1a: Yanmega|Air Slash|p2a: Anakin
|-damage|p2a: Anakin|87/100
|-damage|p1a: Yanmega|44/100|[from] item: Life Orb
|
|-ability|p1a: Yanmega|Speed Boost|boost
|-boost|p1a: Yanmega|spe|1
|upkeep
|turn|3
|
|t:|1743938962
|switch|p1a: Scream Tail|Scream Tail|100/100
|-enditem|p1a: Scream Tail|Booster Energy
|-activate|p1a: Scream Tail|ability: Protosynthesis|[fromitem]
|-start|p1a: Scream Tail|protosynthesisspe
|move|p2a: Anakin|Dragon Dance|p2a: Anakin
|-boost|p2a: Anakin|atk|1
|-boost|p2a: Anakin|spe|1
|
|upkeep
|turn|4
|
|t:|1743938970
|-terastallize|p2a: Anakin|Normal
|move|p2a: Anakin|Extreme Speed|p1a: Scream Tail
|-damage|p1a: Scream Tail|31/100
|-damage|p2a: Anakin|77/100|[from] item: Life Orb
|move|p1a: Scream Tail|Thunder Wave|p2a: Anakin
|-status|p2a: Anakin|par
|
|upkeep
|turn|5
|
|t:|1743938982
|-end|p1a: Scream Tail|Protosynthesis|[silent]
|switch|p1a: Spiritomb|Spiritomb, M|100/100
|move|p2a: Anakin|Extreme Speed|p1a: Spiritomb
|-immune|p1a: Spiritomb
|
|upkeep
|turn|6
|inactive|BlakeAshkore has 120 seconds left.
|
|t:|1743939014
|move|p2a: Anakin|Earthquake|p1a: Spiritomb
|-damage|p1a: Spiritomb|33/100
|-damage|p2a: Anakin|67/100 par|[from] item: Life Orb
|move|p1a: Spiritomb|Nasty Plot|p1a: Spiritomb
|-boost|p1a: Spiritomb|spa|2
|
|-heal|p1a: Spiritomb|39/100|[from] item: Leftovers
|upkeep
|turn|7
|
|t:|1743939023
|switch|p1a: Yanmega|Yanmega, M|44/100
|move|p2a: Anakin|Earthquake|p1a: Yanmega
|-immune|p1a: Yanmega
|
|upkeep
|turn|8
|
|t:|1743939032
|cant|p2a: Anakin|par
|move|p1a: Yanmega|Bug Buzz|p2a: Anakin
|-damage|p2a: Anakin|8/100 par
|-damage|p1a: Yanmega|34/100|[from] item: Life Orb
|
|-ability|p1a: Yanmega|Speed Boost|boost
|-boost|p1a: Yanmega|spe|1
|upkeep
|turn|9
|
|t:|1743939035
|move|p2a: Anakin|Extreme Speed|p1a: Yanmega
|-damage|p1a: Yanmega|0 fnt
|faint|p1a: Yanmega
|-damage|p2a: Anakin|0 fnt|[from] item: Life Orb
|faint|p2a: Anakin
|
|upkeep
|
|t:|1743939045
|switch|p1a: Scream Tail|Scream Tail|31/100
|switch|p2a: Shelby|Slowking-Galar, M|100/100
|turn|10
|
|t:|1743939050
|move|p1a: Scream Tail|Thunder Wave|p2a: Shelby
|-status|p2a: Shelby|par
|move|p2a: Shelby|Psychic Noise|p1a: Scream Tail
|-resisted|p1a: Scream Tail
|-damage|p1a: Scream Tail|17/100
|-start|p1a: Scream Tail|move: Heal Block
|
|upkeep
|turn|11
|
|t:|1743939056
|move|p1a: Scream Tail|Psychic|p2a: Shelby
|-damage|p2a: Shelby|83/100 par
|-unboost|p2a: Shelby|spd|1
|cant|p2a: Shelby|par
|
|-end|p1a: Scream Tail|move: Heal Block
|upkeep
|turn|12
|
|t:|1743939064
|move|p1a: Scream Tail|Flamethrower|p2a: Shelby
|-damage|p2a: Shelby|67/100 par
|cant|p2a: Shelby|par
|
|upkeep
|turn|13
|
|t:|1743939069
|move|p1a: Scream Tail|Psychic|p2a: Shelby
|-damage|p2a: Shelby|43/100 par
|move|p2a: Shelby|Sludge Bomb|p1a: Scream Tail
|-supereffective|p1a: Scream Tail
|-damage|p1a: Scream Tail|0 fnt
|faint|p1a: Scream Tail
|-end|p1a: Scream Tail|Protosynthesis|[silent]
|
|upkeep
|
|t:|1743939078
|switch|p1a: Dondozo|Dondozo, M|100/100
|turn|14
|
|t:|1743939083
|switch|p2a: Loki|Grimmsnarl, M, shiny|5/100
|move|p1a: Dondozo|Curse|p1a: Dondozo
|-unboost|p1a: Dondozo|spe|1
|-boost|p1a: Dondozo|atk|1
|-boost|p1a: Dondozo|def|1
|
|upkeep
|turn|15
|
|t:|1743939095
|move|p2a: Loki|Reflect|p2a: Loki
|-sidestart|p2: TherealBR|Reflect
|move|p1a: Dondozo|Waterfall|p2a: Loki
|-damage|p2a: Loki|0 fnt
|faint|p2a: Loki
|
|upkeep
|
|t:|1743939099
|switch|p2a: Shelby|Slowking-Galar, M|76/100 par
|turn|16
|
|t:|1743939110
|switch|p1a: Lucario|Lucario, M|100/100
|-item|p1a: Lucario|Air Balloon
|move|p2a: Shelby|Sludge Bomb|p1a: Lucario
|-immune|p1a: Lucario
|
|upkeep
|turn|17
|
|t:|1743939115
|move|p1a: Lucario|Dark Pulse|p2a: Shelby
|-supereffective|p2a: Shelby
|-damage|p2a: Shelby|52/100 par
|move|p2a: Shelby|Psychic Noise|p1a: Lucario
|-damage|p1a: Lucario|40/100
|-start|p1a: Lucario|move: Heal Block
|-enditem|p1a: Lucario|Air Balloon
|
|upkeep
|turn|18
|
|t:|1743939124
|move|p1a: Lucario|Dark Pulse|p2a: Shelby
|-supereffective|p2a: Shelby
|-damage|p2a: Shelby|26/100 par
|cant|p2a: Shelby|par
|
|-end|p1a: Lucario|move: Heal Block
|upkeep
|turn|19
|
|t:|1743939137
|switch|p2a: Connor|Great Tusk|100/100
|move|p1a: Lucario|Flash Cannon|p2a: Connor
|-damage|p2a: Connor|38/100
|
|upkeep
|turn|20
|
|t:|1743939145
|move|p1a: Lucario|Flash Cannon|p2a: Connor
|-damage|p2a: Connor|0 fnt
|faint|p2a: Connor
|-end|p2a: Connor|Protosynthesis|[silent]
|
|upkeep
|
|t:|1743939147
|switch|p2a: Shelby|Slowking-Galar, M|59/100 par
|turn|21
|
|t:|1743939151
|move|p1a: Lucario|Dark Pulse|p2a: Shelby
|-supereffective|p2a: Shelby
|-damage|p2a: Shelby|35/100 par
|move|p2a: Shelby|Psychic Noise|p1a: Lucario
|-damage|p1a: Lucario|0 fnt
|faint|p1a: Lucario
|
|upkeep
|
|t:|1743939159
|switch|p1a: Spiritomb|Spiritomb, M|39/100
|turn|22
|
|t:|1743939164
|switch|p2a: Shelby|Slowking-Galar, M|100/100
|move|p1a: Spiritomb|Hex|p2a: Shelby
|-immune|p2a: Shelby
|
|-heal|p1a: Spiritomb|45/100|[from] item: Leftovers
|-sideend|p2: TherealBR|Reflect
|upkeep
|turn|23
|
|t:|1743939174
|move|p2a: Shelby|Shadow Ball|p1a: Spiritomb
|-damage|p1a: Spiritomb|3/100
|move|p1a: Spiritomb|Will-O-Wisp|p2a: Shelby
|-status|p2a: Shelby|brn
|
|-heal|p1a: Spiritomb|9/100|[from] item: Leftovers
|-damage|p2a: Shelby|95/100 brn|[from] brn
|upkeep
|turn|24
|
|t:|1743939188
|move|p2a: Shelby|Shadow Ball|p1a: Spiritomb
|-damage|p1a: Spiritomb|0 fnt
|faint|p1a: Spiritomb
|
|-damage|p2a: Shelby|89/100 brn|[from] brn
|upkeep
|inactive|BlakeAshkore has 120 seconds left.
|
|t:|1743939224
|switch|p1a: Gardevoir|Gardevoir, F|100/100
|turn|25
|
|t:|1743939232
|move|p2a: Shelby|Shadow Ball|p1a: Gardevoir
|-supereffective|p1a: Gardevoir
|-damage|p1a: Gardevoir|18/100
|move|p1a: Gardevoir|Destiny Bond|p1a: Gardevoir
|-singlemove|p1a: Gardevoir|Destiny Bond
|
|-damage|p2a: Shelby|83/100 brn|[from] brn
|upkeep
|turn|26
|inactive|BlakeAshkore has 120 seconds left.
|
|t:|1743939245
|switch|p2a: Apollo|Cinderace, M|100/100
|move|p1a: Gardevoir|Moonblast|p2a: Apollo
|-resisted|p2a: Apollo
|-damage|p2a: Apollo|61/100
|-unboost|p2a: Apollo|spa|1
|-damage|p1a: Gardevoir|8/100|[from] item: Life Orb
|
|upkeep
|turn|27
|
|t:|1743939253
|move|p2a: Apollo|U-turn|p1a: Gardevoir
|-damage|p1a: Gardevoir|0 fnt
|faint|p1a: Gardevoir
|
|t:|1743939256
|switch|p2a: Shelby|Slowking-Galar, M|68/100 par|[from] U-turn
|
|upkeep
|
|t:|1743939259
|switch|p1a: Dondozo|Dondozo, M|100/100
|turn|28
|inactive|BlakeAshkore has 120 seconds left.
|
|t:|1743939286
|move|p1a: Dondozo|Curse|p1a: Dondozo
|-unboost|p1a: Dondozo|spe|1
|-boost|p1a: Dondozo|atk|1
|-boost|p1a: Dondozo|def|1
|move|p2a: Shelby|Sludge Bomb|p1a: Dondozo
|-damage|p1a: Dondozo|60/100
|
|-heal|p1a: Dondozo|66/100|[from] item: Leftovers
|upkeep
|turn|29
|inactive|BlakeAshkore has 120 seconds left.
|
|t:|1743939300
|move|p1a: Dondozo|Waterfall|p2a: Shelby
|-damage|p2a: Shelby|9/100 par
|move|p2a: Shelby|Sludge Bomb|p1a: Dondozo
|-damage|p1a: Dondozo|23/100
|
|-heal|p1a: Dondozo|29/100|[from] item: Leftovers
|upkeep
|turn|30
|
|t:|1743939305
|move|p1a: Dondozo|Waterfall|p2a: Shelby
|-damage|p2a: Shelby|0 fnt
|faint|p2a: Shelby
|
|-heal|p1a: Dondozo|35/100|[from] item: Leftovers
|upkeep
|
|t:|1743939308
|switch|p2a: Apollo|Cinderace, M|83/100 brn
|turn|31
|
|t:|1743939314
|move|p2a: Apollo|Hyper Voice|p1a: Dondozo
|-damage|p1a: Dondozo|0 fnt
|faint|p1a: Dondozo
|
|win|TherealBR
|raw|BlakeAshkore's rating: 1118 &rarr; <strong>1098</strong><br />(-20 for losing)
|raw|TherealBR's rating: 1191 &rarr; <strong>1211</strong><br />(+20 for winning)
|l|☆BlakeAshkore
|player|p1|
|l|☆TherealBR
|player|p2|
