|j|☆GoatedBear777
|j|☆Sumerand
|t:|1743878469
|gametype|singles
|player|p1|GoatedBear777|blackbelt-gen4dp|1079
|player|p2|Sumerand|ghetsis|1070
|teamsize|p1|6
|teamsize|p2|6
|gen|9
|tier|[Gen 9] OU
|rated|
|rule|HP Percentage Mod: HP is shown in percentages
|rule|Endless Battle Clause: Forcing endless battles is banned
|rule|Species Clause: Limit one of each Pokémon
|rule|OHKO Clause: OHKO moves are banned
|rule|Evasion Items Clause: Evasion items are banned
|rule|Evasion Moves Clause: Evasion moves are banned
|rule|Sleep Moves Clause: Sleep-inducing moves are banned
|clearpoke
|poke|p1|Araquanid, M|
|poke|p1|Ursaluna, F|
|poke|p1|Iron Moth|
|poke|p1|Zapdos|
|poke|p1|Alomomola, M|
|poke|p1|Great Tusk|
|poke|p2|Inteleon, F|
|poke|p2|Dragapult, F|
|poke|p2|Cinderace, M|
|poke|p2|Corviknight, F|
|poke|p2|Alomomola, M|
|poke|p2|Ting-Lu|
|teampreview
|inactive|Battle timer is ON: inactive players will automatically lose when time's up. (requested by GoatedBear777)
|inactive|Sumerand has 120 seconds left.
|
|t:|1743878501
|start
|switch|p1a: Araquanid|Araquanid, M, shiny|100/100
|switch|p2a: Dragapult|Dragapult, F|100/100
|turn|1
|
|t:|1743878508
|-terastallize|p2a: Dragapult|Ghost
|move|p2a: Dragapult|Tera Blast|p1a: Araquanid|[anim] Tera Blast Ghost
|-damage|p1a: Araquanid|42/100
|move|p1a: Araquanid|Sticky Web|p2a: Dragapult
|-sidestart|p2: Sumerand|move: Sticky Web
|
|upkeep
|turn|2
|
|t:|1743878515
|move|p2a: Dragapult|Tera Blast|p1a: Araquanid|[anim] Tera Blast Ghost
|-damage|p1a: Araquanid|0 fnt
|faint|p1a: Araquanid
|
|upkeep
|
|t:|1743878530
|switch|p1a: Zapdos|Zapdos|100/100
|turn|3
|
|t:|1743878535
|switch|p2a: Ting-Lu|Ting-Lu|100/100
|-activate|p2a: Ting-Lu|move: Sticky Web
|-unboost|p2a: Ting-Lu|spe|1
|-ability|p2a: Ting-Lu|Vessel of Ruin
|move|p1a: Zapdos|Tailwind|p1a: Zapdos
|-sidestart|p1: GoatedBear777|move: Tailwind
|
|upkeep
|turn|4
|
|t:|1743878543
|move|p1a: Zapdos|U-turn|p2a: Ting-Lu
|-supereffective|p2a: Ting-Lu
|-damage|p2a: Ting-Lu|84/100
|
|t:|1743878545
|switch|p1a: Ursaluna|Ursaluna, F|100/100|[from] U-turn
|move|p2a: Ting-Lu|Ruination|p1a: Ursaluna
|-damage|p1a: Ursaluna|51/100
|
|-heal|p2a: Ting-Lu|90/100|[from] item: Leftovers
|-status|p1a: Ursaluna|brn|[from] item: Flame Orb
|upkeep
|turn|5
|
|t:|1743878557
|switch|p2a: Corviknight|Corviknight, F|100/100
|-ability|p2a: Corviknight|Pressure
|move|p1a: Ursaluna|Bulk Up|p1a: Ursaluna
|-boost|p1a: Ursaluna|atk|1
|-boost|p1a: Ursaluna|def|1
|
|-damage|p1a: Ursaluna|44/100 brn|[from] brn
|upkeep
|turn|6
|
|t:|1743878566
|switch|p1a: Iron Moth|Iron Moth|100/100
|-enditem|p1a: Iron Moth|Booster Energy
|-activate|p1a: Iron Moth|ability: Quark Drive|[fromitem]
|-start|p1a: Iron Moth|quarkdrivespa
|move|p2a: Corviknight|Iron Defense|p2a: Corviknight
|-boost|p2a: Corviknight|def|2
|
|-sideend|p1: GoatedBear777|move: Tailwind
|upkeep
|turn|7
|
|t:|1743878577
|switch|p2a: Ting-Lu|Ting-Lu|90/100
|-activate|p2a: Ting-Lu|move: Sticky Web
|-unboost|p2a: Ting-Lu|spe|1
|-ability|p2a: Ting-Lu|Vessel of Ruin
|move|p1a: Iron Moth|Fiery Dance|p2a: Ting-Lu
|-damage|p2a: Ting-Lu|65/100
|
|-heal|p2a: Ting-Lu|71/100|[from] item: Leftovers
|upkeep
|turn|8
|
|t:|1743878589
|-end|p1a: Iron Moth|Quark Drive|[silent]
|switch|p1a: Alomomola|Alomomola, M|100/100
|move|p2a: Ting-Lu|Earthquake|p1a: Alomomola
|-damage|p1a: Alomomola|78/100
|
|-heal|p2a: Ting-Lu|77/100|[from] item: Leftovers
|upkeep
|turn|9
|
|t:|1743878597
|switch|p2a: Cinderace|Cinderace, M|100/100
|move|p1a: Alomomola|Wish|p1a: Alomomola
|
|upkeep
|turn|10
|
|t:|1743878602
|move|p2a: Cinderace|Court Change|p2a: Cinderace
|-start|p2a: Cinderace|typechange|Normal|[from] ability: Libero
|-swapsideconditions
|-activate|p2a: Cinderace|move: Court Change
|move|p1a: Alomomola|Flip Turn|p2a: Cinderace
|-damage|p2a: Cinderace|76/100
|
|t:|1743878609
|switch|p1a: Great Tusk|Great Tusk, shiny|100/100|[from] Flip Turn
|
|upkeep
|turn|11
|
|t:|1743878616
|switch|p2a: Alomomola|Alomomola, M|100/100
|move|p1a: Great Tusk|Rapid Spin|p2a: Alomomola
|-damage|p2a: Alomomola|91/100
|-boost|p1a: Great Tusk|spe|1
|-sideend|p1: GoatedBear777|Sticky Web|[from] move: Rapid Spin|[of] p1a: Great Tusk
|
|upkeep
|turn|12
|
|t:|1743878623
|-end|p1a: Great Tusk|Protosynthesis|[silent]
|switch|p1a: Zapdos|Zapdos|100/100
|move|p2a: Alomomola|Scald|p1a: Zapdos
|-damage|p1a: Zapdos|87/100
|
|upkeep
|turn|13
|
|t:|1743878632
|switch|p2a: Ting-Lu|Ting-Lu|77/100
|-ability|p2a: Ting-Lu|Vessel of Ruin
|move|p1a: Zapdos|Thunderbolt|p2a: Ting-Lu
|-immune|p2a: Ting-Lu
|
|-heal|p2a: Ting-Lu|83/100|[from] item: Leftovers
|upkeep
|turn|14
|
|t:|1743878642
|move|p1a: Zapdos|U-turn|p2a: Ting-Lu
|-supereffective|p2a: Ting-Lu
|-damage|p2a: Ting-Lu|68/100
|
|t:|1743878644
|switch|p1a: Alomomola|Alomomola, M|100/100|[from] U-turn
|move|p2a: Ting-Lu|Stealth Rock|p1a: Alomomola
|-sidestart|p1: GoatedBear777|move: Stealth Rock
|
|-heal|p2a: Ting-Lu|75/100|[from] item: Leftovers
|upkeep
|turn|15
|
|t:|1743878652
|move|p2a: Ting-Lu|Ruination|p1a: Alomomola
|-damage|p1a: Alomomola|50/100
|move|p1a: Alomomola|Wish|p1a: Alomomola
|
|-heal|p2a: Ting-Lu|81/100|[from] item: Leftovers
|upkeep
|turn|16
|
|t:|1743878660
|move|p1a: Alomomola|Flip Turn|p2a: Ting-Lu
|-supereffective|p2a: Ting-Lu
|-damage|p2a: Ting-Lu|65/100
|
|t:|1743878667
|switch|p1a: Ursaluna|Ursaluna, F|44/100 brn|[from] Flip Turn
|-damage|p1a: Ursaluna|38/100 brn|[from] Stealth Rock
|move|p2a: Ting-Lu|Whirlwind|p1a: Ursaluna
|drag|p1a: Zapdos|Zapdos|87/100
|
|-heal|p1a: Zapdos|100/100|[from] move: Wish|[wisher] Alomomola
|-heal|p2a: Ting-Lu|72/100|[from] item: Leftovers
|upkeep
|turn|17
|
|t:|1743878679
|move|p1a: Zapdos|U-turn|p2a: Ting-Lu
|-supereffective|p2a: Ting-Lu
|-damage|p2a: Ting-Lu|56/100
|
|t:|1743878681
|switch|p1a: Alomomola|Alomomola, M|84/100|[from] U-turn
|-damage|p1a: Alomomola|71/100|[from] Stealth Rock
|move|p2a: Ting-Lu|Ruination|p1a: Alomomola
|-damage|p1a: Alomomola|36/100
|
|-heal|p2a: Ting-Lu|62/100|[from] item: Leftovers
|upkeep
|turn|18
|
|t:|1743878691
|move|p2a: Ting-Lu|Earthquake|p1a: Alomomola
|-damage|p1a: Alomomola|13/100
|move|p1a: Alomomola|Wish|p1a: Alomomola
|
|-heal|p2a: Ting-Lu|68/100|[from] item: Leftovers
|upkeep
|turn|19
|
|t:|1743878699
|move|p1a: Alomomola|Flip Turn|p2a: Ting-Lu
|-supereffective|p2a: Ting-Lu
|-damage|p2a: Ting-Lu|51/100
|
|t:|1743878701
|switch|p1a: Ursaluna|Ursaluna, F|38/100 brn|[from] Flip Turn
|-damage|p1a: Ursaluna|32/100 brn|[from] Stealth Rock
|move|p2a: Ting-Lu|Whirlwind|p1a: Ursaluna
|drag|p1a: Zapdos|Zapdos|100/100
|
|-heal|p2a: Ting-Lu|57/100|[from] item: Leftovers
|upkeep
|turn|20
|-message|GoatedBear777 forfeited.
|
|win|Sumerand
|raw|GoatedBear777's rating: 1079 &rarr; <strong>1057</strong><br />(-22 for losing)
|raw|Sumerand's rating: 1070 &rarr; <strong>1100</strong><br />(+30 for winning)
|l|☆GoatedBear777
|player|p1|
|c|☆Sumerand|Whatre you doing?
