|j|☆baraniel
|j|☆etude_suzuki
|t:|1743933689
|gametype|singles
|player|p1|baraniel|aromalady|1097
|player|p2|etude_suzuki|266|1125
|teamsize|p1|6
|teamsize|p2|6
|gen|9
|tier|[Gen 9] OU
|rated|
|rule|HP Percentage Mod: HP is shown in percentages
|rule|Endless Battle Clause: Forcing endless battles is banned
|rule|Species Clause: Limit one of each Pokémon
|rule|OHKO Clause: OHKO moves are banned
|rule|Evasion Items Clause: Evasion items are banned
|rule|Evasion Moves Clause: Evasion moves are banned
|rule|Sleep Moves Clause: Sleep-inducing moves are banned
|clearpoke
|poke|p1|Cinderace, F|
|poke|p1|Dragapult, M|
|poke|p1|Enamorus, F|
|poke|p1|Gliscor, M|
|poke|p1|Rillaboom, F|
|poke|p1|Conkeldurr, M|
|poke|p2|Pikachu, M|
|poke|p2|Lucario, M|
|poke|p2|Zoroark, M|
|poke|p2|Gardevoir, F|
|poke|p2|Lapras, F|
|poke|p2|Charizard, M|
|teampreview
|inactive|Battle timer is ON: inactive players will automatically lose when time's up. (requested by baraniel)
|
|t:|1743933704
|start
|switch|p1a: Dragapult|Dragapult, M|100/100
|switch|p2a: Lucario|Lucario, M|100/100
|turn|1
|
|t:|1743933712
|move|p2a: Lucario|Ice Punch|p1a: Dragapult
|-supereffective|p1a: Dragapult
|-damage|p1a: Dragapult|25/100
|move|p1a: Dragapult|Will-O-Wisp|p2a: Lucario
|-status|p2a: Lucario|brn
|
|-damage|p2a: Lucario|94/100 brn|[from] brn
|upkeep
|turn|2
|
|t:|1743933728
|switch|p1a: Conkeldurr|Conkeldurr, M|100/100
|move|p2a: Lucario|Ice Punch|p1a: Conkeldurr
|-damage|p1a: Conkeldurr|90/100
|
|-damage|p2a: Lucario|88/100 brn|[from] brn
|-status|p1a: Conkeldurr|brn|[from] item: Flame Orb
|upkeep
|turn|3
|
|t:|1743933738
|switch|p2a: Gardevoir|Gardevoir, F|100/100
|-ability|p2a: Gardevoir|Guts|[from] ability: Trace|[of] p1a: Conkeldurr
|move|p1a: Conkeldurr|Drain Punch|p2a: Gardevoir
|-resisted|p2a: Gardevoir
|-damage|p2a: Gardevoir|71/100
|-heal|p1a: Conkeldurr|99/100 brn|[from] drain|[of] p2a: Gardevoir
|
|-heal|p2a: Gardevoir|77/100|[from] item: Leftovers
|-damage|p1a: Conkeldurr|94/100 brn|[from] brn
|upkeep
|turn|4
|
|t:|1743933754
|move|p2a: Gardevoir|Calm Mind|p2a: Gardevoir
|-boost|p2a: Gardevoir|spa|1
|-boost|p2a: Gardevoir|spd|1
|move|p1a: Conkeldurr|Drain Punch|p2a: Gardevoir
|-resisted|p2a: Gardevoir
|-damage|p2a: Gardevoir|49/100
|-heal|p1a: Conkeldurr|100/100 brn|[from] drain|[of] p2a: Gardevoir
|
|-heal|p2a: Gardevoir|55/100|[from] item: Leftovers
|-damage|p1a: Conkeldurr|94/100 brn|[from] brn
|upkeep
|turn|5
|
|t:|1743933768
|switch|p1a: Gliscor|Gliscor, M|100/100
|move|p2a: Gardevoir|Moonblast|p1a: Gliscor
|-damage|p1a: Gliscor|25/100
|
|-heal|p2a: Gardevoir|61/100|[from] item: Leftovers
|-status|p1a: Gliscor|tox|[from] item: Toxic Orb
|upkeep
|turn|6
|
|t:|1743933782
|move|p2a: Gardevoir|Psyshock|p1a: Gliscor
|-damage|p1a: Gliscor|0 fnt
|faint|p1a: Gliscor
|
|-heal|p2a: Gardevoir|67/100|[from] item: Leftovers
|upkeep
|
|t:|1743933796
|switch|p1a: Cinderace|Cinderace, F|100/100
|turn|7
|
|t:|1743933803
|-terastallize|p2a: Gardevoir|Fire
|move|p1a: Cinderace|Pyro Ball|p2a: Gardevoir
|-resisted|p2a: Gardevoir
|-damage|p2a: Gardevoir|19/100
|move|p2a: Gardevoir|Psyshock|p1a: Cinderace
|-damage|p1a: Cinderace|14/100
|
|-heal|p2a: Gardevoir|25/100|[from] item: Leftovers
|upkeep
|turn|8
|-message|baraniel forfeited.
|
|win|etude_suzuki
|raw|baraniel's rating: 1097 &rarr; <strong>1074</strong><br />(-23 for losing)
|raw|etude_suzuki's rating: 1125 &rarr; <strong>1148</strong><br />(+23 for winning)
|l|☆baraniel
|player|p1|
