|j|☆9Ey
|j|☆clownlitos
|t:|1743885860
|gametype|singles
|player|p1|9Ey|n|1200
|player|p2|clownlitos|benga|1137
|teamsize|p1|6
|teamsize|p2|6
|gen|9
|tier|[Gen 9] OU
|rated|
|rule|HP Percentage Mod: HP is shown in percentages
|rule|Endless Battle Clause: Forcing endless battles is banned
|rule|Species Clause: Limit one of each Pokémon
|rule|OHKO Clause: OHKO moves are banned
|rule|Evasion Items Clause: Evasion items are banned
|rule|Evasion Moves Clause: Evasion moves are banned
|rule|Sleep Moves Clause: Sleep-inducing moves are banned
|clearpoke
|poke|p1|Dondozo, M|
|poke|p1|Grimmsnarl, M|
|poke|p1|Zapdos|
|poke|p1|Salamence, M|
|poke|p1|Heatran, M|
|poke|p1|Meowscarada, F|
|poke|p2|Sudowoodo, F|
|poke|p2|Okidogi, M|
|poke|p2|Gholdengo|
|poke|p2|Mimikyu, F|
|poke|p2|Great Tusk|
|poke|p2|Kingambit, F|
|teampreview
|inactive|Battle timer is ON: inactive players will automatically lose when time's up. (requested by 9Ey)
|
|t:|1743885876
|start
|switch|p1a: Grimmsnarl|Grimmsnarl, M|100/100
|switch|p2a: Woodman|Sudowoodo, F|100/100
|turn|1
|
|t:|1743885882
|move|p1a: Grimmsnarl|Taunt|p2a: Woodman
|-start|p2a: Woodman|move: Taunt
|cant|p2a: Woodman|move: Taunt|Stealth Rock
|
|upkeep
|turn|2
|
|t:|1743885894
|move|p1a: Grimmsnarl|Reflect|p1a: Grimmsnarl
|-sidestart|p1: 9Ey|Reflect
|move|p2a: Woodman|Head Smash|p1a: Grimmsnarl
|-damage|p1a: Grimmsnarl|71/100
|-damage|p2a: Woodman|80/100|[from] Recoil
|
|upkeep
|turn|3
|
|t:|1743885903
|move|p1a: Grimmsnarl|Parting Shot|p2a: Woodman
|-unboost|p2a: Woodman|atk|1
|-unboost|p2a: Woodman|spa|1
|
|t:|1743885909
|switch|p1a: Dondozo|Dondozo, M|100/100|[from] Parting Shot
|move|p2a: Woodman|Head Smash|p1a: Dondozo
|-damage|p1a: Dondozo|80/100
|-damage|p2a: Woodman|63/100|[from] Recoil
|
|-end|p2a: Woodman|move: Taunt
|upkeep
|turn|4
|
|t:|1743885919
|move|p2a: Woodman|Stealth Rock|p1a: Dondozo
|-sidestart|p1: 9Ey|move: Stealth Rock
|move|p1a: Dondozo|Wave Crash|p2a: Woodman
|-supereffective|p2a: Woodman
|-damage|p2a: Woodman|0 fnt
|faint|p2a: Woodman
|-damage|p1a: Dondozo|67/100|[from] Recoil
|
|upkeep
|
|t:|1743885931
|switch|p2a: ogidogi|Okidogi, M|100/100
|turn|5
|
|t:|1743885934
|move|p2a: ogidogi|Bulk Up|p2a: ogidogi
|-boost|p2a: ogidogi|atk|1
|-boost|p2a: ogidogi|def|1
|move|p1a: Dondozo|Earthquake|p2a: ogidogi
|-supereffective|p2a: ogidogi
|-damage|p2a: ogidogi|50/100
|-enditem|p2a: ogidogi|Weakness Policy
|-boost|p2a: ogidogi|atk|2|[from] item: Weakness Policy
|-boost|p2a: ogidogi|spa|2|[from] item: Weakness Policy
|
|upkeep
|turn|6
|
|t:|1743885954
|move|p2a: ogidogi|Drain Punch|p1a: Dondozo
|-damage|p1a: Dondozo|55/100
|-heal|p2a: ogidogi|58/100|[from] drain|[of] p1a: Dondozo
|move|p1a: Dondozo|Earthquake|p2a: ogidogi
|-supereffective|p2a: ogidogi
|-damage|p2a: ogidogi|4/100
|
|upkeep
|turn|7
|
|t:|1743885971
|move|p2a: ogidogi|Drain Punch|p1a: Dondozo
|-damage|p1a: Dondozo|42/100
|-heal|p2a: ogidogi|11/100|[from] drain|[of] p1a: Dondozo
|-enditem|p1a: Dondozo|Sitrus Berry|[eat]
|-heal|p1a: Dondozo|67/100|[from] item: Sitrus Berry
|move|p1a: Dondozo|Wave Crash|p2a: ogidogi
|-damage|p2a: ogidogi|0 fnt
|faint|p2a: ogidogi
|-damage|p1a: Dondozo|64/100|[from] Recoil
|
|upkeep
|
|t:|1743885986
|switch|p2a: String Cheese|Gholdengo|100/100
|-item|p2a: String Cheese|Air Balloon
|turn|8
|
|t:|1743886003
|switch|p1a: Heatran|Heatran, M, shiny|100/100
|-damage|p1a: Heatran|88/100|[from] Stealth Rock
|move|p2a: String Cheese|Nasty Plot|p2a: String Cheese
|-boost|p2a: String Cheese|spa|2
|
|upkeep
|turn|9
|
|t:|1743886021
|move|p2a: String Cheese|Shadow Ball|p1a: Heatran
|-damage|p1a: Heatran|15/100
|move|p1a: Heatran|Fire Blast|p2a: String Cheese
|-supereffective|p2a: String Cheese
|-damage|p2a: String Cheese|0 fnt
|-enditem|p2a: String Cheese|Air Balloon
|faint|p2a: String Cheese
|-damage|p1a: Heatran|5/100|[from] item: Life Orb
|
|-sideend|p1: 9Ey|Reflect
|upkeep
|
|t:|1743886037
|switch|p2a: House MD|Great Tusk|100/100
|-enditem|p2a: House MD|Booster Energy
|-activate|p2a: House MD|ability: Protosynthesis|[fromitem]
|-start|p2a: House MD|protosynthesisspe
|turn|10
|
|t:|1743886044
|move|p2a: House MD|Bulk Up|p2a: House MD
|-boost|p2a: House MD|atk|1
|-boost|p2a: House MD|def|1
|move|p1a: Heatran|Fire Blast|p2a: House MD
|-damage|p2a: House MD|0 fnt
|faint|p2a: House MD
|-end|p2a: House MD|Protosynthesis|[silent]
|-damage|p1a: Heatran|0 fnt|[from] item: Life Orb
|faint|p1a: Heatran
|
|upkeep
|
|t:|1743886057
|switch|p2a: Hi|Mimikyu, F, shiny|100/100
|switch|p1a: Grimmsnarl|Grimmsnarl, M|71/100
|-damage|p1a: Grimmsnarl|59/100|[from] Stealth Rock
|turn|11
|
|t:|1743886070
|move|p1a: Grimmsnarl|Taunt|p2a: Hi
|-start|p2a: Hi|move: Taunt
|move|p2a: Hi|Play Rough|p1a: Grimmsnarl
|-supereffective|p1a: Grimmsnarl
|-damage|p1a: Grimmsnarl|0 fnt
|faint|p1a: Grimmsnarl
|-damage|p2a: Hi|91/100|[from] item: Life Orb
|
|upkeep
|
|t:|1743886083
|switch|p1a: Dondozo|Dondozo, M|64/100
|-damage|p1a: Dondozo|52/100|[from] Stealth Rock
|turn|12
|
|t:|1743886093
|move|p2a: Hi|Shadow Claw|p1a: Dondozo
|-damage|p1a: Dondozo|27/100
|-damage|p2a: Hi|81/100|[from] item: Life Orb
|move|p1a: Dondozo|Chilling Water|p2a: Hi
|-activate|p2a: Hi|ability: Disguise
|-damage|p2a: Hi|81/100
|-unboost|p2a: Hi|atk|1
|detailschange|p2a: Hi|Mimikyu-Busted, F, shiny
|-damage|p2a: Hi|68/100|[from] pokemon: Mimikyu-Busted
|
|upkeep
|turn|13
|
|t:|1743886115
|move|p2a: Hi|Shadow Claw|p1a: Dondozo
|-damage|p1a: Dondozo|2/100
|-damage|p2a: Hi|58/100|[from] item: Life Orb
|move|p1a: Dondozo|Wave Crash|p2a: Hi
|-damage|p2a: Hi|0 fnt
|faint|p2a: Hi
|-damage|p1a: Dondozo|0 fnt|[from] Recoil
|faint|p1a: Dondozo
|
|upkeep
|
|t:|1743886125
|switch|p2a: No|Kingambit, F|100/100
|switch|p1a: Salamence|Salamence, M|100/100
|-damage|p1a: Salamence|76/100|[from] Stealth Rock
|-ability|p1a: Salamence|Intimidate|boost
|-unboost|p2a: No|atk|1
|-activate|p2a: No|ability: Supreme Overlord
|-start|p2a: No|fallen5|[silent]
|-item|p2a: No|Air Balloon
|turn|14
|
|t:|1743886146
|move|p1a: Salamence|Dual Wingbeat|p2a: No
|-resisted|p2a: No
|-damage|p2a: No|91/100
|-enditem|p2a: No|Air Balloon
|-resisted|p2a: No
|-damage|p2a: No|82/100
|-hitcount|p2a: No|2
|move|p2a: No|Swords Dance|p2a: No
|-boost|p2a: No|atk|2
|
|upkeep
|turn|15
|
|t:|1743886160
|-terastallize|p2a: No|Dark
|move|p2a: No|Sucker Punch|p1a: Salamence
|-damage|p1a: Salamence|0 fnt
|faint|p1a: Salamence
|
|upkeep
|
|t:|1743886171
|switch|p1a: Zapdos|Zapdos|100/100
|-damage|p1a: Zapdos|75/100|[from] Stealth Rock
|turn|16
|
|t:|1743886178
|move|p1a: Zapdos|Thunder Wave|p2a: No
|-status|p2a: No|par
|cant|p2a: No|par
|
|upkeep
|turn|17
|
|t:|1743886186
|move|p2a: No|Sucker Punch||[still]
|-fail|p2a: No
|move|p1a: Zapdos|Roost|p1a: Zapdos
|-heal|p1a: Zapdos|100/100
|-singleturn|p1a: Zapdos|move: Roost
|
|upkeep
|turn|18
|
|t:|1743886201
|move|p1a: Zapdos|Thunder Wave|p2a: No
|-fail|p2a: No|par
|move|p2a: No|Kowtow Cleave|p1a: Zapdos
|-crit|p1a: Zapdos
|-damage|p1a: Zapdos|0 fnt
|-damage|p2a: No|65/100 par|[from] item: Rocky Helmet|[of] p1a: Zapdos
|faint|p1a: Zapdos
|
|upkeep
|
|t:|1743886209
|switch|p1a: Meowscarada|Meowscarada, F|100/100
|-damage|p1a: Meowscarada|88/100|[from] Stealth Rock
|turn|19
|
|t:|1743886221
|move|p2a: No|Sucker Punch|p1a: Meowscarada
|-resisted|p1a: Meowscarada
|-damage|p1a: Meowscarada|0 fnt
|faint|p1a: Meowscarada
|
|win|clownlitos
|raw|9Ey's rating: 1200 &rarr; <strong>1171</strong><br />(-29 for losing)
|raw|clownlitos's rating: 1137 &rarr; <strong>1166</strong><br />(+29 for winning)
|l|☆9Ey
|player|p1|
|l|☆clownlitos
|player|p2|
