|j|☆Skakakak
|j|☆splintertwonz
|t:|1743811028
|gametype|singles
|player|p1|Skakakak|101|1149
|player|p2|splintertwonz|jasmine-gen2|1219
|teamsize|p1|6
|teamsize|p2|6
|gen|9
|tier|[Gen 9] OU
|rated|
|rule|HP Percentage Mod: HP is shown in percentages
|rule|Endless Battle Clause: Forcing endless battles is banned
|rule|Species Clause: Limit one of each Pokémon
|rule|OHKO Clause: OHKO moves are banned
|rule|Evasion Items Clause: Evasion items are banned
|rule|Evasion Moves Clause: Evasion moves are banned
|rule|Sleep Moves Clause: Sleep-inducing moves are banned
|clearpoke
|poke|p1|Samurott-Hisui, M|
|poke|p1|Gliscor, M|
|poke|p1|Great Tusk|
|poke|p1|Tinkaton, F|
|poke|p1|Dragapult, F|
|poke|p1|Garganacl, M|
|poke|p2|Gholdengo|
|poke|p2|Rotom-Wash|
|poke|p2|Iron Treads|
|poke|p2|Dragapult, M|
|poke|p2|Ting-Lu|
|poke|p2|Hoopa-Unbound|
|teampreview
|
|t:|1743811032
|start
|switch|p1a: Samurott|Samurott-Hisui, M|100/100
|switch|p2a: 9inchTrunk|Iron Treads|100/100
|-enditem|p2a: 9inchTrunk|Booster Energy
|-activate|p2a: 9inchTrunk|ability: Quark Drive|[fromitem]
|-start|p2a: 9inchTrunk|quarkdriveatk
|turn|1
|
|t:|1743811043
|move|p2a: 9inchTrunk|Rapid Spin|p1a: Samurott
|-damage|p1a: Samurott|75/100
|-boost|p2a: 9inchTrunk|spe|1
|move|p1a: Samurott|Aqua Cutter|p2a: 9inchTrunk
|-supereffective|p2a: 9inchTrunk
|-damage|p2a: 9inchTrunk|0 fnt
|faint|p2a: 9inchTrunk
|-end|p2a: 9inchTrunk|Quark Drive|[silent]
|
|upkeep
|
|t:|1743811051
|switch|p2a: Step-sis Trapper|Rotom-Wash|100/100
|turn|2
|
|t:|1743811057
|move|p1a: Samurott|Ceaseless Edge|p2a: Step-sis Trapper
|-damage|p2a: Step-sis Trapper|62/100
|-damage|p1a: Samurott|58/100|[from] item: Rocky Helmet|[of] p2a: Step-sis Trapper
|-sidestart|p2: splintertwonz|Spikes
|move|p2a: Step-sis Trapper|Will-O-Wisp|p1a: Samurott
|-status|p1a: Samurott|brn
|
|-damage|p1a: Samurott|52/100 brn|[from] brn
|upkeep
|turn|3
|
|t:|1743811066
|move|p1a: Samurott|Ceaseless Edge|p2a: Step-sis Trapper
|-damage|p2a: Step-sis Trapper|43/100
|-damage|p1a: Samurott|36/100 brn|[from] item: Rocky Helmet|[of] p2a: Step-sis Trapper
|-sidestart|p2: splintertwonz|Spikes
|move|p2a: Step-sis Trapper|Volt Switch|p1a: Samurott
|-supereffective|p1a: Samurott
|-damage|p1a: Samurott|0 fnt
|faint|p1a: Samurott
|
|t:|1743811074
|switch|p2a: BaileyJay|Dragapult, M|100/100|[from] Volt Switch
|
|upkeep
|
|t:|1743811094
|switch|p1a: Garganacl|Garganacl, M|100/100
|turn|4
|
|t:|1743811105
|move|p2a: BaileyJay|U-turn|p1a: Garganacl
|-damage|p1a: Garganacl|85/100
|
|t:|1743811107
|switch|p2a: JointPacker|Hoopa-Unbound|100/100|[from] U-turn
|-damage|p2a: JointPacker|84/100|[from] Spikes
|move|p1a: Garganacl|Curse|p1a: Garganacl
|-unboost|p1a: Garganacl|spe|1
|-boost|p1a: Garganacl|atk|1
|-boost|p1a: Garganacl|def|1
|
|-heal|p1a: Garganacl|91/100|[from] item: Leftovers
|upkeep
|turn|5
|
|t:|1743811117
|move|p2a: JointPacker|Psychic|p1a: Garganacl
|-damage|p1a: Garganacl|59/100
|move|p1a: Garganacl|Salt Cure|p2a: JointPacker
|-damage|p2a: JointPacker|42/100
|-start|p2a: JointPacker|Salt Cure
|
|-heal|p1a: Garganacl|65/100|[from] item: Leftovers
|-damage|p2a: JointPacker|30/100|[from] Salt Cure
|upkeep
|turn|6
|
|t:|1743811126
|move|p2a: JointPacker|Psychic|p1a: Garganacl
|-damage|p1a: Garganacl|32/100
|move|p1a: Garganacl|Recover|p1a: Garganacl
|-heal|p1a: Garganacl|82/100
|
|-heal|p1a: Garganacl|88/100|[from] item: Leftovers
|-damage|p2a: JointPacker|17/100|[from] Salt Cure
|upkeep
|turn|7
|
|t:|1743811135
|move|p2a: JointPacker|Psychic|p1a: Garganacl
|-damage|p1a: Garganacl|55/100
|move|p1a: Garganacl|Curse|p1a: Garganacl
|-unboost|p1a: Garganacl|spe|1
|-boost|p1a: Garganacl|atk|1
|-boost|p1a: Garganacl|def|1
|
|-heal|p1a: Garganacl|61/100|[from] item: Leftovers
|-damage|p2a: JointPacker|5/100|[from] Salt Cure
|upkeep
|turn|8
|
|t:|1743811146
|move|p2a: JointPacker|Drain Punch|p1a: Garganacl
|-supereffective|p1a: Garganacl
|-damage|p1a: Garganacl|40/100
|-heal|p2a: JointPacker|19/100|[from] drain|[of] p1a: Garganacl
|move|p1a: Garganacl|Recover|p1a: Garganacl
|-heal|p1a: Garganacl|90/100
|
|-heal|p1a: Garganacl|96/100|[from] item: Leftovers
|-damage|p2a: JointPacker|7/100|[from] Salt Cure
|upkeep
|turn|9
|
|t:|1743811158
|move|p2a: JointPacker|Psychic|p1a: Garganacl
|-damage|p1a: Garganacl|62/100
|move|p1a: Garganacl|Salt Cure|p2a: JointPacker
|-damage|p2a: JointPacker|0 fnt
|faint|p2a: JointPacker
|
|-heal|p1a: Garganacl|68/100|[from] item: Leftovers
|upkeep
|
|t:|1743811166
|switch|p2a: Iron Diddy|Gholdengo|100/100
|-damage|p2a: Iron Diddy|84/100|[from] Spikes
|turn|10
|
|t:|1743811171
|-terastallize|p1a: Garganacl|Water
|move|p2a: Iron Diddy|Make It Rain|p1a: Garganacl
|-resisted|p1a: Garganacl
|-damage|p1a: Garganacl|50/100
|-unboost|p2a: Iron Diddy|spa|1
|move|p1a: Garganacl|Salt Cure|p2a: Iron Diddy
|-resisted|p2a: Iron Diddy
|-damage|p2a: Iron Diddy|74/100
|-start|p2a: Iron Diddy|Salt Cure
|
|-heal|p2a: Iron Diddy|80/100|[from] item: Leftovers
|-heal|p1a: Garganacl|57/100|[from] item: Leftovers
|-damage|p2a: Iron Diddy|55/100|[from] Salt Cure
|upkeep
|turn|11
|-message|splintertwonz forfeited.
|
|win|Skakakak
|raw|Skakakak's rating: 1149 &rarr; <strong>1179</strong><br />(+30 for winning)
|raw|splintertwonz's rating: 1219 &rarr; <strong>1189</strong><br />(-30 for losing)
|l|☆splintertwonz
|player|p2|
