|j|☆Monkeybolos
|j|☆YEabe
|t:|1743914947
|gametype|singles
|player|p1|Monkeybolos|hiker-gen4|1059
|player|p2|YEabe|cynthia-gen4|1069
|teamsize|p1|6
|teamsize|p2|6
|gen|9
|tier|[Gen 9] OU
|rated|
|rule|HP Percentage Mod: HP is shown in percentages
|rule|Endless Battle Clause: Forcing endless battles is banned
|rule|Species Clause: Limit one of each Pokémon
|rule|OHKO Clause: OHKO moves are banned
|rule|Evasion Items Clause: Evasion items are banned
|rule|Evasion Moves Clause: Evasion moves are banned
|rule|Sleep Moves Clause: Sleep-inducing moves are banned
|clearpoke
|poke|p1|Grimmsnarl, M|
|poke|p1|Hitmonlee, M|
|poke|p1|Incineroar, F|
|poke|p1|Corviknight, M|
|poke|p1|Arbok, M|
|poke|p1|Slaking, F|
|poke|p2|Mandibuzz, F|
|poke|p2|Swampert, F|
|poke|p2|Incineroar, M|
|poke|p2|Toxtricity, M|
|poke|p2|Breloom, M|
|poke|p2|Ninetales-Alola, M|
|teampreview
|
|t:|1743914970
|start
|switch|p1a: Incineroar|Incineroar, F|100/100
|switch|p2a: Swampert|Swampert, F|100/100
|-ability|p1a: Incineroar|Intimidate|boost
|-unboost|p2a: Swampert|atk|1
|turn|1
|
|t:|1743914987
|switch|p1a: Corviknight|Corviknight, M, shiny|100/100
|move|p2a: Swampert|Stealth Rock|p1a: Corviknight
|-sidestart|p1: Monkeybolos|move: Stealth Rock
|
|upkeep
|turn|2
|
|t:|1743914994
|move|p1a: Corviknight|Defog|p2a: Swampert
|-unboost|p2a: Swampert|evasion|1
|-sideend|p1: Monkeybolos|Stealth Rock|[from] move: Defog|[of] p1a: Corviknight
|move|p2a: Swampert|Stealth Rock|p1a: Corviknight
|-sidestart|p1: Monkeybolos|move: Stealth Rock
|
|upkeep
|turn|3
|
|t:|1743915001
|switch|p2a: Toxtricity|Toxtricity, M|100/100
|move|p1a: Corviknight|Bulk Up|p1a: Corviknight
|-boost|p1a: Corviknight|atk|1
|-boost|p1a: Corviknight|def|1
|
|upkeep
|turn|4
|inactive|Battle timer is ON: inactive players will automatically lose when time's up. (requested by Monkeybolos)
|
|t:|1743915008
|move|p2a: Toxtricity|Overdrive|p1a: Corviknight
|-supereffective|p1a: Corviknight
|-damage|p1a: Corviknight|0 fnt
|faint|p1a: Corviknight
|
|upkeep
|
|t:|1743915016
|switch|p1a: Hitmonlee|Hitmonlee, M, shiny|100/100
|-damage|p1a: Hitmonlee|94/100|[from] Stealth Rock
|turn|5
|
|t:|1743915025
|switch|p2a: Mandibuzz|Mandibuzz, F|100/100
|move|p1a: Hitmonlee|Endure||[still]
|-fail|p1a: Hitmonlee
|
|upkeep
|turn|6
|
|t:|1743915033
|switch|p1a: Slaking|Slaking, F|100/100
|-damage|p1a: Slaking|88/100|[from] Stealth Rock
|move|p2a: Mandibuzz|Nasty Plot|p2a: Mandibuzz
|-boost|p2a: Mandibuzz|spa|2
|
|upkeep
|turn|7
|
|t:|1743915043
|move|p2a: Mandibuzz|Air Slash|p1a: Slaking
|-damage|p1a: Slaking|61/100
|-damage|p2a: Mandibuzz|91/100|[from] item: Life Orb
|cant|p1a: Slaking|flinch
|
|upkeep
|turn|8
|
|t:|1743915049
|move|p2a: Mandibuzz|Air Slash|p1a: Slaking
|-damage|p1a: Slaking|32/100
|-damage|p2a: Mandibuzz|81/100|[from] item: Life Orb
|cant|p1a: Slaking|ability: Truant
|
|upkeep
|turn|9
|
|t:|1743915060
|move|p2a: Mandibuzz|Air Slash|p1a: Slaking
|-damage|p1a: Slaking|2/100
|-damage|p2a: Mandibuzz|71/100|[from] item: Life Orb
|move|p1a: Slaking|Giga Impact|p2a: Mandibuzz|[miss]
|-miss|p1a: Slaking|p2a: Mandibuzz
|
|upkeep
|turn|10
|
|t:|1743915071
|move|p2a: Mandibuzz|Air Slash|p1a: Slaking
|-damage|p1a: Slaking|0 fnt
|faint|p1a: Slaking
|-damage|p2a: Mandibuzz|61/100|[from] item: Life Orb
|
|upkeep
|c|☆Monkeybolos|you're so lucky
|
|t:|1743915095
|switch|p1a: Arbok|Arbok, M, shiny|100/100
|-damage|p1a: Arbok|88/100|[from] Stealth Rock
|-ability|p1a: Arbok|Intimidate|boost
|-unboost|p2a: Mandibuzz|atk|1
|turn|11
|c|☆YEabe|Shutup monkey
|
|t:|1743915105
|move|p1a: Arbok|Glare|p2a: Mandibuzz
|-status|p2a: Mandibuzz|par
|move|p2a: Mandibuzz|Nasty Plot|p2a: Mandibuzz
|-boost|p2a: Mandibuzz|spa|2
|
|upkeep
|turn|12
|
|t:|1743915113
|move|p1a: Arbok|Knock Off|p2a: Mandibuzz
|-resisted|p2a: Mandibuzz
|-damage|p2a: Mandibuzz|49/100 par
|-enditem|p2a: Mandibuzz|Life Orb|[from] move: Knock Off|[of] p1a: Arbok
|cant|p2a: Mandibuzz|par
|
|upkeep
|turn|13
|c|☆Monkeybolos|nah
|
|t:|1743915121
|move|p1a: Arbok|Toxic Spikes|p2a: Mandibuzz
|-sidestart|p2: YEabe|move: Toxic Spikes
|move|p2a: Mandibuzz|Air Slash|p1a: Arbok|[miss]
|-miss|p2a: Mandibuzz|p1a: Arbok
|
|upkeep
|turn|14
|
|t:|1743915126
|move|p1a: Arbok|Toxic Spikes|p2a: Mandibuzz
|-sidestart|p2: YEabe|move: Toxic Spikes
|move|p2a: Mandibuzz|Air Slash|p1a: Arbok
|-damage|p1a: Arbok|24/100
|
|upkeep
|turn|15
|c|☆Monkeybolos|lol serves you right
|
|t:|1743915133
|move|p2a: Mandibuzz|Air Slash|p1a: Arbok
|-damage|p1a: Arbok|0 fnt
|faint|p1a: Arbok
|
|upkeep
|
|t:|1743915138
|switch|p1a: Hitmonlee|Hitmonlee, M, shiny|94/100
|-damage|p1a: Hitmonlee|88/100|[from] Stealth Rock
|turn|16
|c|☆YEabe|Lol u got me there
|
|t:|1743915143
|move|p1a: Hitmonlee|Endure|p1a: Hitmonlee
|-singleturn|p1a: Hitmonlee|move: Endure
|move|p2a: Mandibuzz|Air Slash|p1a: Hitmonlee
|-supereffective|p1a: Hitmonlee
|-activate|p1a: Hitmonlee|move: Endure
|-damage|p1a: Hitmonlee|1/100
|-enditem|p1a: Hitmonlee|Liechi Berry|[eat]
|-boost|p1a: Hitmonlee|atk|1|[from] item: Liechi Berry
|
|upkeep
|turn|17
|
|t:|1743915155
|-terastallize|p1a: Hitmonlee|Fighting
|move|p1a: Hitmonlee|Reversal|p2a: Mandibuzz
|-damage|p2a: Mandibuzz|0 fnt
|faint|p2a: Mandibuzz
|
|upkeep
|
|t:|1743915167
|switch|p2a: Ninetales|Ninetales-Alola, M|100/100
|-status|p2a: Ninetales|tox
|-weather|Snowscape|[from] ability: Snow Warning|[of] p2a: Ninetales
|turn|18
|
|t:|1743915177
|move|p1a: Hitmonlee|Reversal|p2a: Ninetales
|-damage|p2a: Ninetales|0 fnt
|faint|p2a: Ninetales
|
|-weather|Snowscape|[upkeep]
|upkeep
|inactive|YEabe has 120 seconds left.
|
|t:|1743915216
|switch|p2a: Swampert|Swampert, F|100/100
|-status|p2a: Swampert|tox
|turn|19
|
|t:|1743915221
|move|p1a: Hitmonlee|Reversal|p2a: Swampert
|-damage|p2a: Swampert|0 fnt
|faint|p2a: Swampert
|
|-weather|Snowscape|[upkeep]
|upkeep
|
|t:|1743915225
|switch|p2a: Incineroar|Incineroar, M|100/100
|-status|p2a: Incineroar|tox
|-ability|p2a: Incineroar|Intimidate|boost
|-unboost|p1a: Hitmonlee|atk|1
|turn|20
|
|t:|1743915230
|move|p2a: Incineroar|Fake Out|p1a: Hitmonlee
|-damage|p1a: Hitmonlee|0 fnt
|faint|p1a: Hitmonlee
|-damage|p2a: Incineroar|90/100 tox|[from] item: Life Orb
|
|-weather|Snowscape|[upkeep]
|-damage|p2a: Incineroar|84/100 tox|[from] psn
|upkeep
|
|t:|1743915237
|switch|p1a: Grimmsnarl|Grimmsnarl, M|100/100
|-damage|p1a: Grimmsnarl|88/100|[from] Stealth Rock
|turn|21
|
|t:|1743915242
|move|p1a: Grimmsnarl|Reflect|p1a: Grimmsnarl
|-sidestart|p1: Monkeybolos|Reflect
|move|p2a: Incineroar|Cross Chop|p1a: Grimmsnarl
|-damage|p1a: Grimmsnarl|66/100
|-damage|p2a: Incineroar|74/100 tox|[from] item: Life Orb
|
|-weather|Snowscape|[upkeep]
|-damage|p2a: Incineroar|62/100 tox|[from] psn
|upkeep
|turn|22
|
|t:|1743915249
|move|p1a: Grimmsnarl|Light Screen|p1a: Grimmsnarl
|-sidestart|p1: Monkeybolos|move: Light Screen
|move|p2a: Incineroar|Flare Blitz|p1a: Grimmsnarl
|-damage|p1a: Grimmsnarl|27/100
|-damage|p2a: Incineroar|50/100 tox|[from] Recoil
|-damage|p2a: Incineroar|40/100 tox|[from] item: Life Orb
|
|-weather|Snowscape|[upkeep]
|-damage|p2a: Incineroar|22/100 tox|[from] psn
|upkeep
|turn|23
|
|t:|1743915258
|move|p1a: Grimmsnarl|Parting Shot|p2a: Incineroar
|-hint|Since gen 7, Dark is immune to Prankster moves.
|-immune|p2a: Incineroar
|move|p2a: Incineroar|Flare Blitz|p1a: Grimmsnarl
|-damage|p1a: Grimmsnarl|0 fnt
|faint|p1a: Grimmsnarl
|-damage|p2a: Incineroar|14/100 tox|[from] Recoil
|-damage|p2a: Incineroar|4/100 tox|[from] item: Life Orb
|
|-weather|Snowscape|[upkeep]
|-damage|p2a: Incineroar|0 fnt|[from] psn
|faint|p2a: Incineroar
|upkeep
|
|t:|1743915270
|switch|p2a: Breloom|Breloom, M|100/100
|switch|p1a: Incineroar|Incineroar, F|100/100
|-status|p2a: Breloom|tox
|-damage|p1a: Incineroar|76/100|[from] Stealth Rock
|-ability|p1a: Incineroar|Intimidate|boost
|-unboost|p2a: Breloom|atk|1
|turn|24
|
|t:|1743915279
|move|p2a: Breloom|Mach Punch|p1a: Incineroar
|-supereffective|p1a: Incineroar
|-damage|p1a: Incineroar|61/100
|-enditem|p1a: Incineroar|Weakness Policy
|-boost|p1a: Incineroar|atk|2|[from] item: Weakness Policy
|-boost|p1a: Incineroar|spa|2|[from] item: Weakness Policy
|move|p1a: Incineroar|Flame Charge|p2a: Breloom
|-supereffective|p2a: Breloom
|-damage|p2a: Breloom|0 fnt
|-boost|p1a: Incineroar|spe|1
|faint|p2a: Breloom
|
|-weather|Snowscape|[upkeep]
|upkeep
|
|t:|1743915289
|switch|p2a: Toxtricity|Toxtricity, M|100/100
|-sideend|p2: YEabe|move: Toxic Spikes|[of] p2a: Toxtricity
|turn|25
|
|t:|1743915294
|move|p1a: Incineroar|Power Trip|p2a: Toxtricity
|-damage|p2a: Toxtricity|0 fnt
|faint|p2a: Toxtricity
|
|win|Monkeybolos
|raw|Monkeybolos's rating: 1059 &rarr; <strong>1091</strong><br />(+32 for winning)
|raw|YEabe's rating: 1069 &rarr; <strong>1048</strong><br />(-21 for losing)
|c|☆Monkeybolos|lol
|c|☆Monkeybolos|ez
|l|☆Monkeybolos
|player|p1|
|l|☆YEabe
|player|p2|
