|j|☆kedwin007
|j|☆TheFitzzz
|t:|1743895840
|gametype|singles
|player|p1|kedwin007|bruno|1137
|player|p2|TheFitzzz|bianca|1107
|teamsize|p1|6
|teamsize|p2|6
|gen|9
|tier|[Gen 9] OU
|rated|
|rule|HP Percentage Mod: HP is shown in percentages
|rule|Endless Battle Clause: Forcing endless battles is banned
|rule|Species Clause: Limit one of each Pokémon
|rule|OHKO Clause: OHKO moves are banned
|rule|Evasion Items Clause: Evasion items are banned
|rule|Evasion Moves Clause: Evasion moves are banned
|rule|Sleep Moves Clause: Sleep-inducing moves are banned
|clearpoke
|poke|p1|Corviknight, M|
|poke|p1|Clodsire, F|
|poke|p1|Raging Bolt|
|poke|p1|Tyranitar, M|
|poke|p1|Gengar, M|
|poke|p1|Tauros-Paldea-Blaze, M|
|poke|p2|Tyranitar, F|
|poke|p2|Dragonite, F|
|poke|p2|Salazzle, F|
|poke|p2|Meloetta|
|poke|p2|Mimikyu, M|
|poke|p2|Gastrodon-East, F|
|teampreview
|inactive|Battle timer is ON: inactive players will automatically lose when time's up. (requested by TheFitzzz)
|inactive|kedwin007 also wants the timer to be on.
|
|t:|1743895848
|start
|switch|p1a: Tauros|Tauros-Paldea-Blaze, M|100/100
|switch|p2a: Sticky|Gastrodon-East, F|100/100
|-ability|p1a: Tauros|Intimidate|boost
|-unboost|p2a: Sticky|atk|1
|turn|1
|
|t:|1743895856
|move|p1a: Tauros|Trailblaze|p2a: Sticky
|-supereffective|p2a: Sticky
|-damage|p2a: Sticky|38/100
|-boost|p1a: Tauros|spe|1
|move|p2a: Sticky|Stealth Rock|p1a: Tauros
|-sidestart|p1: kedwin007|move: Stealth Rock
|
|-heal|p2a: Sticky|44/100|[from] item: Leftovers
|upkeep
|turn|2
|
|t:|1743895866
|move|p1a: Tauros|Bulk Up|p1a: Tauros
|-boost|p1a: Tauros|atk|1
|-boost|p1a: Tauros|def|1
|move|p2a: Sticky|Surf|p1a: Tauros
|-supereffective|p1a: Tauros
|-damage|p1a: Tauros|0 fnt
|faint|p1a: Tauros
|
|-heal|p2a: Sticky|50/100|[from] item: Leftovers
|upkeep
|
|t:|1743895877
|switch|p1a: Clodsire|Clodsire, F|100/100
|-damage|p1a: Clodsire|94/100|[from] Stealth Rock
|turn|3
|
|t:|1743895882
|move|p2a: Sticky|Earth Power|p1a: Clodsire
|-supereffective|p1a: Clodsire
|-damage|p1a: Clodsire|49/100
|move|p1a: Clodsire|Toxic|p2a: Sticky
|-status|p2a: Sticky|tox
|
|-heal|p2a: Sticky|56/100 tox|[from] item: Leftovers
|-heal|p1a: Clodsire|55/100|[from] item: Leftovers
|-damage|p2a: Sticky|50/100 tox|[from] psn
|upkeep
|turn|4
|
|t:|1743895894
|move|p2a: Sticky|Earth Power|p1a: Clodsire
|-supereffective|p1a: Clodsire
|-damage|p1a: Clodsire|8/100
|move|p1a: Clodsire|Recover|p1a: Clodsire
|-heal|p1a: Clodsire|58/100
|
|-heal|p2a: Sticky|56/100 tox|[from] item: Leftovers
|-heal|p1a: Clodsire|65/100|[from] item: Leftovers
|-damage|p2a: Sticky|44/100 tox|[from] psn
|upkeep
|turn|5
|
|t:|1743895905
|switch|p2a: Miku & Teto|Meloetta, shiny|100/100
|move|p1a: Clodsire|Stealth Rock|p2a: Miku & Teto
|-sidestart|p2: TheFitzzz|move: Stealth Rock
|
|-heal|p1a: Clodsire|71/100|[from] item: Leftovers
|upkeep
|turn|6
|
|t:|1743895912
|switch|p1a: Tyranitar|Tyranitar, M|100/100
|-damage|p1a: Tyranitar|88/100|[from] Stealth Rock
|-weather|Sandstorm|[from] ability: Sand Stream|[of] p1a: Tyranitar
|move|p2a: Miku & Teto|Psychic|p1a: Tyranitar
|-immune|p1a: Tyranitar
|
|-weather|Sandstorm|[upkeep]
|-damage|p2a: Miku & Teto|94/100|[from] Sandstorm
|-heal|p2a: Miku & Teto|100/100|[from] item: Leftovers
|upkeep
|turn|7
|
|t:|1743895930
|-terastallize|p2a: Miku & Teto|Fighting
|move|p2a: Miku & Teto|Relic Song|p1a: Tyranitar
|-resisted|p1a: Tyranitar
|-damage|p1a: Tyranitar|81/100
|-status|p1a: Tyranitar|slp|[from] move: Relic Song
|-formechange|p2a: Miku & Teto|Meloetta-Pirouette|[msg]
|cant|p1a: Tyranitar|slp
|
|-weather|Sandstorm|[upkeep]
|-damage|p2a: Miku & Teto|94/100|[from] Sandstorm
|-heal|p2a: Miku & Teto|100/100|[from] item: Leftovers
|upkeep
|turn|8
|
|t:|1743895944
|switch|p1a: Corviknight|Corviknight, M|100/100
|-damage|p1a: Corviknight|88/100|[from] Stealth Rock
|move|p2a: Miku & Teto|Close Combat|p1a: Corviknight
|-damage|p1a: Corviknight|46/100
|-unboost|p2a: Miku & Teto|def|1
|-unboost|p2a: Miku & Teto|spd|1
|-damage|p2a: Miku & Teto|84/100|[from] item: Rocky Helmet|[of] p1a: Corviknight
|
|-weather|Sandstorm|[upkeep]
|-damage|p2a: Miku & Teto|78/100|[from] Sandstorm
|-heal|p2a: Miku & Teto|84/100|[from] item: Leftovers
|upkeep
|turn|9
|
|t:|1743895957
|move|p2a: Miku & Teto|Close Combat|p1a: Corviknight
|-damage|p1a: Corviknight|3/100
|-unboost|p2a: Miku & Teto|def|1
|-unboost|p2a: Miku & Teto|spd|1
|-damage|p2a: Miku & Teto|68/100|[from] item: Rocky Helmet|[of] p1a: Corviknight
|move|p1a: Corviknight|Roost|p1a: Corviknight
|-heal|p1a: Corviknight|53/100
|-singleturn|p1a: Corviknight|move: Roost
|
|-weather|Sandstorm|[upkeep]
|-damage|p2a: Miku & Teto|61/100|[from] Sandstorm
|-heal|p2a: Miku & Teto|68/100|[from] item: Leftovers
|upkeep
|turn|10
|
|t:|1743895971
|move|p2a: Miku & Teto|Close Combat|p1a: Corviknight
|-damage|p1a: Corviknight|14/100
|-unboost|p2a: Miku & Teto|def|1
|-unboost|p2a: Miku & Teto|spd|1
|-damage|p2a: Miku & Teto|51/100|[from] item: Rocky Helmet|[of] p1a: Corviknight
|move|p1a: Corviknight|Roost|p1a: Corviknight
|-heal|p1a: Corviknight|64/100
|-singleturn|p1a: Corviknight|move: Roost
|
|-weather|none
|-heal|p2a: Miku & Teto|57/100|[from] item: Leftovers
|upkeep
|turn|11
|
|t:|1743895984
|move|p2a: Miku & Teto|Relic Song|p1a: Corviknight
|-resisted|p1a: Corviknight
|-damage|p1a: Corviknight|50/100
|-formechange|p2a: Miku & Teto|Meloetta|[msg]
|move|p1a: Corviknight|Roost|p1a: Corviknight
|-heal|p1a: Corviknight|99/100
|-singleturn|p1a: Corviknight|move: Roost
|
|-heal|p2a: Miku & Teto|64/100|[from] item: Leftovers
|upkeep
|turn|12
|
|t:|1743895995
|switch|p2a: Shady|Dragonite, F|100/100
|-damage|p2a: Shady|76/100|[from] Stealth Rock
|switch|p1a: Tyranitar|Tyranitar, M|81/100 slp
|-damage|p1a: Tyranitar|69/100 slp|[from] Stealth Rock
|-weather|Sandstorm|[from] ability: Sand Stream|[of] p1a: Tyranitar
|
|-weather|Sandstorm|[upkeep]
|-damage|p2a: Shady|70/100|[from] Sandstorm
|upkeep
|turn|13
|
|t:|1743896007
|move|p2a: Shady|Draco Meteor|p1a: Tyranitar
|-damage|p1a: Tyranitar|36/100 slp
|-unboost|p2a: Shady|spa|2
|cant|p1a: Tyranitar|slp
|
|-weather|Sandstorm|[upkeep]
|-damage|p2a: Shady|63/100|[from] Sandstorm
|upkeep
|turn|14
|
|t:|1743896016
|move|p2a: Shady|Draco Meteor|p1a: Tyranitar
|-damage|p1a: Tyranitar|20/100 slp
|-unboost|p2a: Shady|spa|2
|-curestatus|p1a: Tyranitar|slp|[msg]
|move|p1a: Tyranitar|Avalanche|p2a: Shady
|-supereffective|p2a: Shady
|-damage|p2a: Shady|0 fnt
|faint|p2a: Shady
|
|-weather|Sandstorm|[upkeep]
|upkeep
|
|t:|1743896024
|switch|p2a: Maud|Mimikyu, M|100/100
|-damage|p2a: Maud|88/100|[from] Stealth Rock
|turn|15
|
|t:|1743896032
|move|p2a: Maud|Swords Dance|p2a: Maud
|-boost|p2a: Maud|atk|2
|move|p1a: Tyranitar|Iron Head|p2a: Maud
|-activate|p2a: Maud|ability: Disguise
|-damage|p2a: Maud|88/100
|detailschange|p2a: Maud|Mimikyu-Busted, M
|-damage|p2a: Maud|76/100|[from] pokemon: Mimikyu-Busted
|-enditem|p2a: Maud|Red Card|[of] p1a: Tyranitar
|drag|p1a: Clodsire|Clodsire, F|71/100
|-damage|p1a: Clodsire|65/100|[from] Stealth Rock
|
|-weather|Sandstorm|[upkeep]
|-damage|p2a: Maud|70/100|[from] Sandstorm
|-heal|p1a: Clodsire|71/100|[from] item: Leftovers
|upkeep
|turn|16
|
|t:|1743896048
|switch|p1a: Corviknight|Corviknight, M|99/100
|-damage|p1a: Corviknight|88/100|[from] Stealth Rock
|move|p2a: Maud|Shadow Claw|p1a: Corviknight
|-damage|p1a: Corviknight|52/100
|-damage|p2a: Maud|53/100|[from] item: Rocky Helmet|[of] p1a: Corviknight
|
|-weather|none
|upkeep
|turn|17
|
|t:|1743896058
|move|p2a: Maud|Swords Dance|p2a: Maud
|-boost|p2a: Maud|atk|2
|move|p1a: Corviknight|Roost|p1a: Corviknight
|-heal|p1a: Corviknight|100/100
|-singleturn|p1a: Corviknight|move: Roost
|
|upkeep
|turn|18
|
|t:|1743896068
|move|p2a: Maud|Shadow Claw|p1a: Corviknight
|-damage|p1a: Corviknight|52/100
|-damage|p2a: Maud|37/100|[from] item: Rocky Helmet|[of] p1a: Corviknight
|move|p1a: Corviknight|Brave Bird|p2a: Maud
|-damage|p2a: Maud|0 fnt
|faint|p2a: Maud
|-damage|p1a: Corviknight|45/100|[from] Recoil
|
|upkeep
|
|t:|1743896072
|switch|p2a: Razzle Dazzle|Salazzle, F|100/100
|-damage|p2a: Razzle Dazzle|76/100|[from] Stealth Rock
|-item|p2a: Razzle Dazzle|Air Balloon
|turn|19
|
|t:|1743896086
|switch|p1a: Tyranitar|Tyranitar, M|20/100
|-damage|p1a: Tyranitar|8/100|[from] Stealth Rock
|-weather|Sandstorm|[from] ability: Sand Stream|[of] p1a: Tyranitar
|move|p2a: Razzle Dazzle|Substitute|p2a: Razzle Dazzle
|-start|p2a: Razzle Dazzle|Substitute
|-damage|p2a: Razzle Dazzle|51/100
|
|-weather|Sandstorm|[upkeep]
|-damage|p2a: Razzle Dazzle|45/100|[from] Sandstorm
|upkeep
|turn|20
|
|t:|1743896097
|move|p2a: Razzle Dazzle|Dragon Dance|p2a: Razzle Dazzle
|-boost|p2a: Razzle Dazzle|atk|1
|-boost|p2a: Razzle Dazzle|spe|1
|move|p1a: Tyranitar|Earthquake|p2a: Razzle Dazzle
|-immune|p2a: Razzle Dazzle
|
|-weather|Sandstorm|[upkeep]
|-damage|p2a: Razzle Dazzle|38/100|[from] Sandstorm
|upkeep
|turn|21
|
|t:|1743896107
|move|p2a: Razzle Dazzle|Gunk Shot|p1a: Tyranitar|[miss]
|-miss|p2a: Razzle Dazzle|p1a: Tyranitar
|move|p1a: Tyranitar|Avalanche|p2a: Razzle Dazzle
|-resisted|p2a: Razzle Dazzle
|-activate|p2a: Razzle Dazzle|move: Substitute|[damage]
|-enditem|p2a: Razzle Dazzle|Air Balloon
|
|-weather|Sandstorm|[upkeep]
|-damage|p2a: Razzle Dazzle|32/100|[from] Sandstorm
|upkeep
|turn|22
|
|t:|1743896119
|move|p2a: Razzle Dazzle|Gunk Shot|p1a: Tyranitar
|-resisted|p1a: Tyranitar
|-damage|p1a: Tyranitar|0 fnt
|faint|p1a: Tyranitar
|
|-weather|Sandstorm|[upkeep]
|-damage|p2a: Razzle Dazzle|26/100|[from] Sandstorm
|upkeep
|
|t:|1743896130
|switch|p1a: Raging Bolt|Raging Bolt|100/100
|-damage|p1a: Raging Bolt|88/100|[from] Stealth Rock
|-enditem|p1a: Raging Bolt|Booster Energy
|-activate|p1a: Raging Bolt|ability: Protosynthesis|[fromitem]
|-start|p1a: Raging Bolt|protosynthesisspa
|turn|23
|
|t:|1743896137
|move|p1a: Raging Bolt|Thunderclap|p2a: Razzle Dazzle
|-end|p2a: Razzle Dazzle|Substitute
|move|p2a: Razzle Dazzle|Gunk Shot|p1a: Raging Bolt
|-damage|p1a: Raging Bolt|39/100
|
|-weather|none
|upkeep
|turn|24
|
|t:|1743896145
|move|p1a: Raging Bolt|Thunderclap||[still]
|-fail|p1a: Raging Bolt
|move|p2a: Razzle Dazzle|Dragon Dance|p2a: Razzle Dazzle
|-boost|p2a: Razzle Dazzle|atk|1
|-boost|p2a: Razzle Dazzle|spe|1
|
|upkeep
|turn|25
|
|t:|1743896152
|move|p1a: Raging Bolt|Thunderclap||[still]
|-fail|p1a: Raging Bolt
|move|p2a: Razzle Dazzle|Substitute|p2a: Razzle Dazzle
|-start|p2a: Razzle Dazzle|Substitute
|-damage|p2a: Razzle Dazzle|1/100
|
|upkeep
|turn|26
|
|t:|1743896159
|move|p1a: Raging Bolt|Thunderclap|p2a: Razzle Dazzle
|-crit|p2a: Razzle Dazzle
|-end|p2a: Razzle Dazzle|Substitute
|move|p2a: Razzle Dazzle|Gunk Shot|p1a: Raging Bolt
|-damage|p1a: Raging Bolt|0 fnt
|faint|p1a: Raging Bolt
|-end|p1a: Raging Bolt|Protosynthesis|[silent]
|
|upkeep
|inactive|kedwin007 has 120 seconds left.
|l|☆kedwin007
|inactive|kedwin007 disconnected and has a minute to reconnect!
|player|p1|
|inactive|kedwin007 has 30 seconds to reconnect!
|inactive|kedwin007 has 20 seconds to reconnect!
|inactive|kedwin007 has 15 seconds to reconnect!
|inactive|kedwin007 has 10 seconds to reconnect!
|inactive|kedwin007 has 5 seconds to reconnect!
|-message|kedwin007 lost due to inactivity.
|
|win|TheFitzzz
|raw|kedwin007's rating: 1137 &rarr; <strong>1110</strong><br />(-27 for losing)
|raw|TheFitzzz's rating: 1107 &rarr; <strong>1134</strong><br />(+27 for winning)
