|j|☆NatsuNoYutsu
|j|☆yylz
|t:|1743782329
|gametype|singles
|player|p1|NatsuNoYutsu|preschooler|1200
|player|p2|yylz|dawn|1216
|teamsize|p1|6
|teamsize|p2|6
|gen|9
|tier|[Gen 9] OU
|rated|
|rule|HP Percentage Mod: HP is shown in percentages
|rule|Endless Battle Clause: Forcing endless battles is banned
|rule|Species Clause: Limit one of each Pokémon
|rule|OHKO Clause: OHKO moves are banned
|rule|Evasion Items Clause: Evasion items are banned
|rule|Evasion Moves Clause: Evasion moves are banned
|rule|Sleep Moves Clause: Sleep-inducing moves are banned
|clearpoke
|poke|p1|Corviknight, F|
|poke|p1|Clodsire, F|
|poke|p1|Clefable, M|
|poke|p1|Darkrai|
|poke|p1|Ceruledge, F|
|poke|p1|Meowscarada, M|
|poke|p2|Pelipper, F|
|poke|p2|Barraskewda, M|
|poke|p2|Zapdos|
|poke|p2|Corviknight, M|
|poke|p2|Clodsire, M|
|poke|p2|Incineroar, F|
|teampreview
|inactive|Battle timer is ON: inactive players will automatically lose when time's up. (requested by NatsuNoYutsu)
|inactive|yylz has 120 seconds left.
|
|t:|1743782367
|start
|switch|p1a: Meowscarada|Meowscarada, M|100/100
|switch|p2a: Pelipper|Pelipper, F|100/100
|-weather|RainDance|[from] ability: Drizzle|[of] p2a: Pelipper
|turn|1
|
|t:|1743782375
|move|p1a: Meowscarada|Knock Off|p2a: Pelipper
|-start|p1a: Meowscarada|typechange|Dark|[from] ability: Protean
|-damage|p2a: Pelipper|56/100
|-enditem|p2a: Pelipper|Damp Rock|[from] move: Knock Off|[of] p1a: Meowscarada
|-damage|p1a: Meowscarada|91/100|[from] item: Life Orb
|move|p2a: Pelipper|U-turn|p1a: Meowscarada
|-supereffective|p1a: Meowscarada
|-damage|p1a: Meowscarada|61/100
|
|t:|1743782385
|switch|p2a: Barraskewda|Barraskewda, M|100/100|[from] U-turn
|
|-weather|RainDance|[upkeep]
|upkeep
|turn|2
|
|t:|1743782392
|switch|p1a: Clodsire|Clodsire, F|100/100
|move|p2a: Barraskewda|Close Combat|p1a: Clodsire
|-resisted|p1a: Clodsire
|-damage|p1a: Clodsire|63/100
|-unboost|p2a: Barraskewda|def|1
|-unboost|p2a: Barraskewda|spd|1
|
|-weather|RainDance|[upkeep]
|-heal|p1a: Clodsire|70/100|[from] item: Leftovers
|upkeep
|turn|3
|
|t:|1743782403
|switch|p2a: Clodsire|Clodsire, M|100/100
|move|p1a: Clodsire|Toxic|p2a: Clodsire
|-immune|p2a: Clodsire
|
|-weather|RainDance|[upkeep]
|-heal|p1a: Clodsire|76/100|[from] item: Leftovers
|upkeep
|turn|4
|
|t:|1743782413
|switch|p1a: Meowscarada|Meowscarada, M|61/100
|move|p2a: Clodsire|Earthquake|p1a: Meowscarada
|-resisted|p1a: Meowscarada
|-damage|p1a: Meowscarada|41/100
|
|-weather|RainDance|[upkeep]
|upkeep
|turn|5
|
|t:|1743782427
|switch|p2a: Incineroar|Incineroar, F, shiny|100/100
|-ability|p2a: Incineroar|Intimidate|boost
|-unboost|p1a: Meowscarada|atk|1
|move|p1a: Meowscarada|Knock Off|p2a: Incineroar
|-start|p1a: Meowscarada|typechange|Dark|[from] ability: Protean
|-resisted|p2a: Incineroar
|-damage|p2a: Incineroar|87/100
|-enditem|p2a: Incineroar|Heavy-Duty Boots|[from] move: Knock Off|[of] p1a: Meowscarada
|-damage|p1a: Meowscarada|31/100|[from] item: Life Orb
|
|-weather|RainDance|[upkeep]
|upkeep
|turn|6
|
|t:|1743782441
|move|p1a: Meowscarada|U-turn|p2a: Incineroar
|-damage|p2a: Incineroar|75/100
|-damage|p1a: Meowscarada|21/100|[from] item: Life Orb
|
|t:|1743782445
|switch|p1a: Ceruledge|Ceruledge, F|100/100|[from] U-turn
|move|p2a: Incineroar|Drain Punch|p1a: Ceruledge
|-immune|p1a: Ceruledge
|
|-weather|RainDance|[upkeep]
|upkeep
|turn|7
|
|t:|1743782460
|switch|p2a: Corviknight|Corviknight, M, shiny|100/100
|-ability|p2a: Corviknight|Pressure
|-terastallize|p1a: Ceruledge|Fighting
|move|p1a: Ceruledge|Swords Dance|p1a: Ceruledge
|-boost|p1a: Ceruledge|atk|2
|
|-weather|RainDance|[upkeep]
|upkeep
|turn|8
|
|t:|1743782472
|move|p1a: Ceruledge|Bitter Blade|p2a: Corviknight
|-supereffective|p2a: Corviknight
|-damage|p2a: Corviknight|40/100
|-damage|p1a: Ceruledge|84/100|[from] item: Rocky Helmet|[of] p2a: Corviknight
|move|p2a: Corviknight|Body Press|p1a: Ceruledge
|-damage|p1a: Ceruledge|46/100
|-ability|p1a: Ceruledge|Weak Armor|boost
|-unboost|p1a: Ceruledge|def|1
|-boost|p1a: Ceruledge|spe|2
|
|-weather|none
|upkeep
|turn|9
|
|t:|1743782495
|-terastallize|p2a: Corviknight|Dragon
|move|p1a: Ceruledge|Bitter Blade|p2a: Corviknight
|-resisted|p2a: Corviknight
|-damage|p2a: Corviknight|12/100
|-heal|p1a: Ceruledge|66/100|[from] drain|[of] p2a: Corviknight
|-damage|p1a: Ceruledge|49/100|[from] item: Rocky Helmet|[of] p2a: Corviknight
|move|p2a: Corviknight|Roost|p2a: Corviknight
|-heal|p2a: Corviknight|62/100
|
|upkeep
|turn|10
|
|t:|1743782506
|move|p1a: Ceruledge|Poltergeist|p2a: Corviknight
|-activate|p2a: Corviknight|move: Poltergeist|Rocky Helmet
|-damage|p2a: Corviknight|0 fnt
|faint|p2a: Corviknight
|
|upkeep
|
|t:|1743782514
|switch|p2a: Pelipper|Pelipper, F|56/100
|-weather|RainDance|[from] ability: Drizzle|[of] p2a: Pelipper
|turn|11
|
|t:|1743782520
|switch|p2a: Incineroar|Incineroar, F, shiny|75/100
|-ability|p2a: Incineroar|Intimidate|boost
|-unboost|p1a: Ceruledge|atk|1
|move|p1a: Ceruledge|Poltergeist||[still]
|-fail|p1a: Ceruledge
|
|-weather|RainDance|[upkeep]
|upkeep
|turn|12
|
|t:|1743782538
|move|p1a: Ceruledge|Close Combat|p2a: Incineroar
|-supereffective|p2a: Incineroar
|-damage|p2a: Incineroar|0 fnt
|-unboost|p1a: Ceruledge|def|1
|-unboost|p1a: Ceruledge|spd|1
|faint|p2a: Incineroar
|
|-weather|RainDance|[upkeep]
|upkeep
|
|t:|1743782542
|switch|p2a: Barraskewda|Barraskewda, M|100/100
|turn|13
|
|t:|1743782555
|switch|p1a: Clodsire|Clodsire, F|76/100
|move|p2a: Barraskewda|Close Combat|p1a: Clodsire
|-resisted|p1a: Clodsire
|-damage|p1a: Clodsire|37/100
|-unboost|p2a: Barraskewda|def|1
|-unboost|p2a: Barraskewda|spd|1
|
|-weather|RainDance|[upkeep]
|-heal|p1a: Clodsire|44/100|[from] item: Leftovers
|upkeep
|turn|14
|
|t:|1743782566
|move|p2a: Barraskewda|Close Combat|p1a: Clodsire
|-resisted|p1a: Clodsire
|-damage|p1a: Clodsire|5/100
|-unboost|p2a: Barraskewda|def|1
|-unboost|p2a: Barraskewda|spd|1
|move|p1a: Clodsire|Recover|p1a: Clodsire
|-heal|p1a: Clodsire|55/100
|
|-weather|RainDance|[upkeep]
|-heal|p1a: Clodsire|61/100|[from] item: Leftovers
|upkeep
|turn|15
|
|t:|1743782577
|switch|p2a: Clodsire|Clodsire, M|100/100
|move|p1a: Clodsire|Recover|p1a: Clodsire
|-heal|p1a: Clodsire|100/100
|
|-weather|none
|upkeep
|turn|16
|
|t:|1743782585
|switch|p1a: Corviknight|Corviknight, F, shiny|100/100
|move|p2a: Clodsire|Earthquake|p1a: Corviknight
|-immune|p1a: Corviknight
|
|upkeep
|turn|17
|
|t:|1743782592
|move|p1a: Corviknight|U-turn|p2a: Clodsire
|-resisted|p2a: Clodsire
|-damage|p2a: Clodsire|92/100
|
|t:|1743782598
|switch|p1a: Darkrai|Darkrai, shiny|100/100|[from] U-turn
|move|p2a: Clodsire|Toxic|p1a: Darkrai
|-status|p1a: Darkrai|tox
|
|-heal|p2a: Clodsire|98/100|[from] item: Leftovers
|-damage|p1a: Darkrai|94/100 tox|[from] psn
|upkeep
|turn|18
|
|t:|1743782609
|move|p1a: Darkrai|Ice Beam|p2a: Clodsire
|-supereffective|p2a: Clodsire
|-damage|p2a: Clodsire|57/100
|move|p2a: Clodsire|Stealth Rock|p1a: Darkrai
|-sidestart|p1: NatsuNoYutsu|move: Stealth Rock
|
|-heal|p2a: Clodsire|63/100|[from] item: Leftovers
|-damage|p1a: Darkrai|82/100 tox|[from] psn
|upkeep
|turn|19
|inactive|NatsuNoYutsu has 120 seconds left.
|
|t:|1743782643
|move|p1a: Darkrai|Ice Beam|p2a: Clodsire
|-supereffective|p2a: Clodsire
|-damage|p2a: Clodsire|23/100
|move|p2a: Clodsire|Recover|p2a: Clodsire
|-heal|p2a: Clodsire|73/100
|
|-heal|p2a: Clodsire|79/100|[from] item: Leftovers
|-damage|p1a: Darkrai|64/100 tox|[from] psn
|upkeep
|turn|20
|inactive|NatsuNoYutsu has 120 seconds left.
|
|t:|1743782655
|switch|p1a: Ceruledge|Ceruledge, F, tera:Fighting|49/100
|move|p2a: Clodsire|Recover|p2a: Clodsire
|-heal|p2a: Clodsire|100/100
|
|upkeep
|turn|21
|
|t:|1743782663
|move|p1a: Ceruledge|Swords Dance|p1a: Ceruledge
|-boost|p1a: Ceruledge|atk|2
|move|p2a: Clodsire|Earthquake|p1a: Ceruledge
|-damage|p1a: Ceruledge|12/100
|-ability|p1a: Ceruledge|Weak Armor|boost
|-unboost|p1a: Ceruledge|def|1
|-boost|p1a: Ceruledge|spe|2
|
|upkeep
|turn|22
|
|t:|1743782674
|move|p1a: Ceruledge|Poltergeist|p2a: Clodsire|[miss]
|-miss|p1a: Ceruledge|p2a: Clodsire
|move|p2a: Clodsire|Earthquake|p1a: Ceruledge
|-damage|p1a: Ceruledge|0 fnt
|faint|p1a: Ceruledge
|
|upkeep
|
|t:|1743782683
|switch|p1a: Meowscarada|Meowscarada, M|21/100
|-damage|p1a: Meowscarada|9/100|[from] Stealth Rock
|turn|23
|
|t:|1743782696
|switch|p2a: Zapdos|Zapdos, shiny|100/100
|move|p1a: Meowscarada|Triple Axel|p2a: Zapdos
|-start|p1a: Meowscarada|typechange|Ice|[from] ability: Protean
|-supereffective|p2a: Zapdos
|-damage|p2a: Zapdos|71/100
|-status|p1a: Meowscarada|par|[from] ability: Static|[of] p2a: Zapdos
|-hitcount|p2a: Zapdos|1
|-damage|p1a: Meowscarada|0 fnt|[from] item: Life Orb
|faint|p1a: Meowscarada
|
|upkeep
|-message|NatsuNoYutsu forfeited.
|
|win|yylz
|raw|NatsuNoYutsu's rating: 1200 &rarr; <strong>1176</strong><br />(-24 for losing)
|raw|yylz's rating: 1216 &rarr; <strong>1240</strong><br />(+24 for winning)
|l|☆NatsuNoYutsu
|player|p1|
