|j|☆aaosu
|j|☆Rhyno14
|t:|1743832267
|gametype|singles
|player|p1|aaosu|cynthia-gen4|1076
|player|p2|Rhyno14|265|1061
|teamsize|p1|6
|teamsize|p2|6
|gen|9
|tier|[Gen 9] OU
|rated|
|rule|HP Percentage Mod: HP is shown in percentages
|rule|Endless Battle Clause: Forcing endless battles is banned
|rule|Species Clause: Limit one of each Pokémon
|rule|OHKO Clause: OHKO moves are banned
|rule|Evasion Items Clause: Evasion items are banned
|rule|Evasion Moves Clause: Evasion moves are banned
|rule|Sleep Moves Clause: Sleep-inducing moves are banned
|clearpoke
|poke|p1|Tyranitar, M|
|poke|p1|Garchomp, F|
|poke|p1|Excadrill, M|
|poke|p1|Gliscor, M|
|poke|p1|Skarmory, F|
|poke|p1|Hippowdon, F|
|poke|p2|Venusaur, M|
|poke|p2|Araquanid, M|
|poke|p2|Coalossal, M|
|poke|p2|Malamar, M|
|poke|p2|Milotic, F|
|poke|p2|Rhydon, M|
|teampreview
|
|t:|1743832276
|start
|switch|p1a: Skarmory|Skarmory, F|100/100
|switch|p2a: Coalossal|Coalossal, M, shiny|100/100
|turn|1
|
|t:|1743832286
|move|p1a: Skarmory|Stealth Rock|p2a: Coalossal
|-sidestart|p2: Rhyno14|move: Stealth Rock
|move|p2a: Coalossal|Will-O-Wisp|p1a: Skarmory
|-status|p1a: Skarmory|brn
|
|-damage|p1a: Skarmory|94/100 brn|[from] brn
|upkeep
|turn|2
|
|t:|1743832297
|move|p2a: Coalossal|Stealth Rock|p1a: Skarmory
|-sidestart|p1: aaosu|move: Stealth Rock
|move|p1a: Skarmory|Whirlwind|p2a: Coalossal
|drag|p2a: Malamar|Malamar, M, shiny|100/100
|-damage|p2a: Malamar|88/100|[from] Stealth Rock
|
|-damage|p1a: Skarmory|88/100 brn|[from] brn
|upkeep
|turn|3
|
|t:|1743832308
|-terastallize|p2a: Malamar|Fighting
|move|p2a: Malamar|Superpower|p1a: Skarmory
|-damage|p1a: Skarmory|56/100 brn
|-boost|p2a: Malamar|atk|1
|-boost|p2a: Malamar|def|1
|-damage|p2a: Malamar|72/100|[from] item: Rocky Helmet|[of] p1a: Skarmory
|move|p1a: Skarmory|Spikes|p2a: Malamar
|-sidestart|p2: Rhyno14|Spikes
|
|-damage|p1a: Skarmory|50/100 brn|[from] brn
|upkeep
|turn|4
|
|t:|1743832323
|move|p2a: Malamar|Superpower|p1a: Skarmory
|-damage|p1a: Skarmory|3/100 brn
|-boost|p2a: Malamar|atk|1
|-boost|p2a: Malamar|def|1
|-damage|p2a: Malamar|55/100|[from] item: Rocky Helmet|[of] p1a: Skarmory
|move|p1a: Skarmory|Spikes|p2a: Malamar
|-sidestart|p2: Rhyno14|Spikes
|
|-damage|p1a: Skarmory|0 fnt|[from] brn
|faint|p1a: Skarmory
|upkeep
|
|t:|1743832342
|switch|p1a: Hippowdon|Hippowdon, F|100/100
|-damage|p1a: Hippowdon|94/100|[from] Stealth Rock
|-weather|Sandstorm|[from] ability: Sand Stream|[of] p1a: Hippowdon
|turn|5
|
|t:|1743832350
|move|p2a: Malamar|Superpower|p1a: Hippowdon
|-damage|p1a: Hippowdon|30/100
|-boost|p2a: Malamar|atk|1
|-boost|p2a: Malamar|def|1
|-damage|p2a: Malamar|39/100|[from] item: Rocky Helmet|[of] p1a: Hippowdon
|move|p1a: Hippowdon|Earthquake|p2a: Malamar
|-damage|p2a: Malamar|22/100
|
|-weather|Sandstorm|[upkeep]
|-damage|p2a: Malamar|16/100|[from] Sandstorm
|upkeep
|turn|6
|
|t:|1743832366
|move|p2a: Malamar|Superpower|p1a: Hippowdon
|-damage|p1a: Hippowdon|0 fnt
|-boost|p2a: Malamar|atk|1
|-boost|p2a: Malamar|def|1
|-damage|p2a: Malamar|0 fnt|[from] item: Rocky Helmet|[of] p1a: Hippowdon
|faint|p1a: Hippowdon
|faint|p2a: Malamar
|
|-weather|Sandstorm|[upkeep]
|upkeep
|
|t:|1743832381
|switch|p2a: Coalossal|Coalossal, M, shiny|100/100
|switch|p1a: Garchomp|Garchomp, F|100/100
|-damage|p1a: Garchomp|94/100|[from] Stealth Rock
|-damage|p2a: Coalossal|76/100|[from] Stealth Rock
|-damage|p2a: Coalossal|59/100|[from] Spikes
|turn|7
|
|t:|1743832393
|move|p1a: Garchomp|Earthquake|p2a: Coalossal
|-supereffective|p2a: Coalossal
|-damage|p2a: Coalossal|0 fnt
|faint|p2a: Coalossal
|
|-weather|Sandstorm|[upkeep]
|upkeep
|
|t:|1743832399
|switch|p2a: Venusaur|Venusaur, M, shiny|100/100
|-damage|p2a: Venusaur|88/100|[from] Stealth Rock
|-damage|p2a: Venusaur|72/100|[from] Spikes
|turn|8
|
|t:|1743832408
|move|p1a: Garchomp|Fire Fang|p2a: Venusaur
|-supereffective|p2a: Venusaur
|-damage|p2a: Venusaur|19/100
|move|p2a: Venusaur|Leech Seed|p1a: Garchomp
|-start|p1a: Garchomp|move: Leech Seed
|
|-weather|Sandstorm|[upkeep]
|-damage|p2a: Venusaur|13/100|[from] Sandstorm
|-damage|p1a: Garchomp|82/100|[from] Leech Seed|[of] p2a: Venusaur
|-heal|p2a: Venusaur|29/100|[silent]
|upkeep
|turn|9
|
|t:|1743832420
|switch|p2a: Araquanid|Araquanid, M, shiny|100/100
|-damage|p2a: Araquanid|75/100|[from] Stealth Rock
|-damage|p2a: Araquanid|59/100|[from] Spikes
|move|p1a: Garchomp|Fire Fang|p2a: Araquanid
|-damage|p2a: Araquanid|47/100
|
|-weather|none
|-heal|p2a: Araquanid|53/100|[from] item: Leftovers
|-damage|p1a: Garchomp|70/100|[from] Leech Seed|[of] p2a: Araquanid
|-heal|p2a: Araquanid|66/100|[silent]
|upkeep
|turn|10
|
|t:|1743832434
|move|p1a: Garchomp|Outrage|p2a: Araquanid
|-damage|p2a: Araquanid|2/100
|move|p2a: Araquanid|Aqua Ring|p2a: Araquanid
|-start|p2a: Araquanid|Aqua Ring
|
|-heal|p2a: Araquanid|8/100|[from] item: Leftovers
|-heal|p2a: Araquanid|15/100|[from] Aqua Ring
|-damage|p1a: Garchomp|57/100|[from] Leech Seed|[of] p2a: Araquanid
|-heal|p2a: Araquanid|28/100|[silent]
|upkeep
|turn|11
|
|t:|1743832446
|move|p2a: Araquanid|Protect|p2a: Araquanid
|-singleturn|p2a: Araquanid|Protect
|move|p1a: Garchomp|Outrage|p2a: Araquanid|[from] lockedmove
|-activate|p2a: Araquanid|move: Protect
|-start|p1a: Garchomp|confusion|[fatigue]
|
|-heal|p2a: Araquanid|34/100|[from] item: Leftovers
|-heal|p2a: Araquanid|40/100|[from] Aqua Ring
|-damage|p1a: Garchomp|45/100|[from] Leech Seed|[of] p2a: Araquanid
|-heal|p2a: Araquanid|53/100|[silent]
|upkeep
|turn|12
|
|t:|1743832496
|-activate|p1a: Garchomp|confusion
|move|p1a: Garchomp|Outrage|p2a: Araquanid
|-damage|p2a: Araquanid|0 fnt
|faint|p2a: Araquanid
|
|upkeep
|
|t:|1743832501
|switch|p2a: Milotic|Milotic, F, shiny|100/100
|-damage|p2a: Milotic|88/100|[from] Stealth Rock
|-damage|p2a: Milotic|72/100|[from] Spikes
|turn|13
|
|t:|1743832512
|-activate|p1a: Garchomp|confusion
|move|p1a: Garchomp|Outrage|p2a: Milotic|[from] lockedmove
|-damage|p2a: Milotic|29/100
|move|p2a: Milotic|Draining Kiss|p1a: Garchomp
|-supereffective|p1a: Garchomp
|-damage|p1a: Garchomp|23/100
|-heal|p2a: Milotic|44/100|[from] drain|[of] p1a: Garchomp
|-damage|p2a: Milotic|31/100|[from] ability: Rough Skin|[of] p1a: Garchomp
|-damage|p2a: Milotic|22/100|[from] item: Life Orb
|
|-damage|p1a: Garchomp|11/100|[from] Leech Seed|[of] p2a: Milotic
|-heal|p2a: Milotic|33/100|[silent]
|upkeep
|turn|14
|
|t:|1743832527
|-activate|p1a: Garchomp|confusion
|move|p1a: Garchomp|Outrage|p2a: Milotic|[from] lockedmove
|-damage|p2a: Milotic|0 fnt
|faint|p2a: Milotic
|
|upkeep
|
|t:|1743832532
|switch|p2a: Rhydon|Rhydon, M, shiny|100/100
|-damage|p2a: Rhydon|94/100|[from] Stealth Rock
|-damage|p2a: Rhydon|78/100|[from] Spikes
|turn|15
|
|t:|1743832559
|-activate|p1a: Garchomp|confusion
|move|p1a: Garchomp|Earthquake|p2a: Rhydon
|-supereffective|p2a: Rhydon
|-damage|p2a: Rhydon|32/100
|move|p2a: Rhydon|Earthquake|p1a: Garchomp
|-damage|p1a: Garchomp|0 fnt
|faint|p1a: Garchomp
|
|upkeep
|
|t:|1743832571
|switch|p1a: Tyranitar|Tyranitar, M|100/100
|-damage|p1a: Tyranitar|88/100|[from] Stealth Rock
|-weather|Sandstorm|[from] ability: Sand Stream|[of] p1a: Tyranitar
|turn|16
|
|t:|1743832582
|move|p1a: Tyranitar|Earthquake|p2a: Rhydon
|-supereffective|p2a: Rhydon
|-damage|p2a: Rhydon|0 fnt
|faint|p2a: Rhydon
|
|-weather|Sandstorm|[upkeep]
|upkeep
|
|t:|1743832587
|switch|p2a: Venusaur|Venusaur, M, shiny|29/100
|-damage|p2a: Venusaur|16/100|[from] Stealth Rock
|-damage|p2a: Venusaur|0 fnt|[from] Spikes
|faint|p2a: Venusaur
|
|win|aaosu
|raw|aaosu's rating: 1076 &rarr; <strong>1103</strong><br />(+27 for winning)
|raw|Rhyno14's rating: 1061 &rarr; <strong>1043</strong><br />(-18 for losing)
|l|☆Rhyno14
|player|p2|
|l|☆aaosu
|player|p1|
|j|☆aaosu
|player|p1|aaosu|cynthia-gen4|
