|j|☆rekka auto
|j|‽jlce
|t:|1743905645
|gametype|singles
|player|p1|rekka auto|drayden|1393
|player|p2|jlce|102|1356
|teamsize|p1|6
|teamsize|p2|6
|gen|9
|tier|[Gen 9] OU
|rated|
|rule|HP Percentage Mod: HP is shown in percentages
|rule|Endless Battle Clause: Forcing endless battles is banned
|rule|Species Clause: Limit one of each Pokémon
|rule|OHKO Clause: OHKO moves are banned
|rule|Evasion Items Clause: Evasion items are banned
|rule|Evasion Moves Clause: Evasion moves are banned
|rule|Sleep Moves Clause: Sleep-inducing moves are banned
|clearpoke
|poke|p1|Rotom-Wash|
|poke|p1|Meowscarada, F|
|poke|p1|Great Tusk|
|poke|p1|Garchomp, M|
|poke|p1|Gholdengo|
|poke|p1|Dragonite, F|
|poke|p2|Pawmot, F|
|poke|p2|Smeargle, M|
|poke|p2|Samurott-Hisui, F|
|poke|p2|Skeledirge, F|
|poke|p2|Sinistcha|
|poke|p2|Arcanine-Hisui, M|
|teampreview
|inactive|Battle timer is ON: inactive players will automatically lose when time's up. (requested by rekka auto)
|
|t:|1743905657
|start
|switch|p1a: Dragonite|Dragonite, F|100/100
|switch|p2a: Smeargle|Smeargle, M|100/100
|turn|1
|
|t:|1743905665
|move|p2a: Smeargle|Nuzzle|p1a: Dragonite
|-damage|p1a: Dragonite|99/100
|-status|p1a: Dragonite|par
|move|p1a: Dragonite|Dragon Dance|p1a: Dragonite
|-boost|p1a: Dragonite|atk|1
|-boost|p1a: Dragonite|spe|1
|
|upkeep
|turn|2
|
|t:|1743905670
|move|p2a: Smeargle|Stone Axe|p1a: Dragonite
|-supereffective|p1a: Dragonite
|-damage|p1a: Dragonite|81/100 par
|-sidestart|p1: rekka auto|move: Stealth Rock
|move|p1a: Dragonite|Scale Shot|p2a: Smeargle
|-damage|p2a: Smeargle|35/100
|-damage|p2a: Smeargle|0 fnt
|faint|p2a: Smeargle
|-hitcount|p2: Smeargle|2
|-unboost|p1a: Dragonite|def|1
|-boost|p1a: Dragonite|spe|1
|
|upkeep
|
|t:|1743905681
|switch|p2a: Skeledirge|Skeledirge, F|100/100
|turn|3
|
|t:|1743905684
|move|p1a: Dragonite|Scale Shot|p2a: Skeledirge
|-damage|p2a: Skeledirge|88/100
|-damage|p2a: Skeledirge|76/100
|-damage|p2a: Skeledirge|63/100
|-damage|p2a: Skeledirge|51/100
|-hitcount|p2a: Skeledirge|4
|-unboost|p1a: Dragonite|def|1
|-boost|p1a: Dragonite|spe|1
|move|p2a: Skeledirge|Torch Song|p1a: Dragonite
|-resisted|p1a: Dragonite
|-damage|p1a: Dragonite|66/100 par
|-boost|p2a: Skeledirge|spa|1
|
|upkeep
|turn|4
|
|t:|1743905696
|cant|p1a: Dragonite|par
|move|p2a: Skeledirge|Slack Off|p2a: Skeledirge
|-heal|p2a: Skeledirge|100/100
|
|upkeep
|turn|5
|
|t:|1743905701
|move|p1a: Dragonite|Encore|p2a: Skeledirge
|-start|p2a: Skeledirge|Encore
|move|p2a: Skeledirge|Slack Off||[still]
|-fail|p2a: Skeledirge|heal
|
|upkeep
|turn|6
|
|t:|1743905704
|switch|p2a: Sinistcha|Sinistcha|100/100
|cant|p1a: Dragonite|par
|
|upkeep
|turn|7
|
|t:|1743905708
|move|p1a: Dragonite|Scale Shot|p2a: Sinistcha
|-damage|p2a: Sinistcha|85/100
|-damage|p2a: Sinistcha|69/100
|-damage|p2a: Sinistcha|53/100
|-damage|p2a: Sinistcha|37/100
|-hitcount|p2a: Sinistcha|4
|-unboost|p1a: Dragonite|def|1
|-boost|p1a: Dragonite|spe|1
|move|p2a: Sinistcha|Hex|p1a: Dragonite
|-damage|p1a: Dragonite|13/100 par
|
|-heal|p2a: Sinistcha|43/100|[from] item: Leftovers
|upkeep
|turn|8
|
|t:|1743905719
|switch|p2a: Skeledirge|Skeledirge, F|100/100
|move|p1a: Dragonite|Scale Shot|p2a: Skeledirge
|-damage|p2a: Skeledirge|89/100
|-damage|p2a: Skeledirge|77/100
|-damage|p2a: Skeledirge|64/100
|-damage|p2a: Skeledirge|53/100
|-hitcount|p2a: Skeledirge|4
|-unboost|p1a: Dragonite|def|1
|-boost|p1a: Dragonite|spe|1
|
|upkeep
|turn|9
|
|t:|1743905724
|move|p1a: Dragonite|Scale Shot|p2a: Skeledirge
|-damage|p2a: Skeledirge|40/100
|-damage|p2a: Skeledirge|27/100
|-damage|p2a: Skeledirge|15/100
|-damage|p2a: Skeledirge|3/100
|-hitcount|p2a: Skeledirge|4
|-unboost|p1a: Dragonite|def|1
|-boost|p1a: Dragonite|spe|1
|move|p2a: Skeledirge|Torch Song|p1a: Dragonite
|-resisted|p1a: Dragonite
|-damage|p1a: Dragonite|0 fnt
|-boost|p2a: Skeledirge|spa|1
|faint|p1a: Dragonite
|
|upkeep
|
|t:|1743905731
|switch|p1a: Meowscarada|Meowscarada, F|100/100
|-damage|p1a: Meowscarada|88/100|[from] Stealth Rock
|turn|10
|
|t:|1743905736
|move|p1a: Meowscarada|Knock Off|p2a: Skeledirge
|-start|p1a: Meowscarada|typechange|Dark|[from] ability: Protean
|-supereffective|p2a: Skeledirge
|-damage|p2a: Skeledirge|0 fnt
|-enditem|p2a: Skeledirge|Heavy-Duty Boots|[from] move: Knock Off|[of] p1a: Meowscarada
|faint|p2a: Skeledirge
|
|upkeep
|
|t:|1743905740
|switch|p2a: Arcanine|Arcanine-Hisui, M|100/100
|turn|11
|
|t:|1743905744
|switch|p1a: Garchomp|Garchomp, M|100/100
|-damage|p1a: Garchomp|94/100|[from] Stealth Rock
|move|p2a: Arcanine|Flame Charge|p1a: Garchomp
|-resisted|p1a: Garchomp
|-damage|p1a: Garchomp|86/100
|-boost|p2a: Arcanine|spe|1
|-damage|p2a: Arcanine|88/100|[from] ability: Rough Skin|[of] p1a: Garchomp
|-damage|p2a: Arcanine|71/100|[from] item: Rocky Helmet|[of] p1a: Garchomp
|
|upkeep
|turn|12
|
|t:|1743905767
|switch|p2a: Sinistcha|Sinistcha|43/100
|move|p1a: Garchomp|Stealth Rock|p2a: Sinistcha
|-sidestart|p2: jlce|move: Stealth Rock
|
|-heal|p2a: Sinistcha|49/100|[from] item: Leftovers
|upkeep
|turn|13
|
|t:|1743905771
|move|p2a: Sinistcha|Strength Sap|p1a: Garchomp
|-unboost|p1a: Garchomp|atk|1
|-heal|p2a: Sinistcha|100/100
|move|p1a: Garchomp|Dragon Tail|p2a: Sinistcha
|-damage|p2a: Sinistcha|87/100
|drag|p2a: Arcanine|Arcanine-Hisui, M|71/100
|-damage|p2a: Arcanine|47/100|[from] Stealth Rock
|
|upkeep
|turn|14
|
|t:|1743905777
|move|p2a: Arcanine|Flare Blitz|p1a: Garchomp
|-resisted|p1a: Garchomp
|-damage|p1a: Garchomp|66/100
|-damage|p2a: Arcanine|34/100|[from] ability: Rough Skin|[of] p1a: Garchomp
|-damage|p2a: Arcanine|18/100|[from] item: Rocky Helmet|[of] p1a: Garchomp
|move|p1a: Garchomp|Spikes|p2a: Arcanine
|-sidestart|p2: jlce|Spikes
|
|upkeep
|turn|15
|
|t:|1743905780
|move|p2a: Arcanine|Head Smash|p1a: Garchomp
|-resisted|p1a: Garchomp
|-damage|p1a: Garchomp|38/100
|-damage|p2a: Arcanine|5/100|[from] ability: Rough Skin|[of] p1a: Garchomp
|-damage|p2a: Arcanine|0 fnt|[from] item: Rocky Helmet|[of] p1a: Garchomp
|faint|p2a: Arcanine
|move|p1a: Garchomp|Spikes|p2: Arcanine
|-sidestart|p2: jlce|Spikes
|
|upkeep
|
|t:|1743905783
|switch|p2a: Samurott|Samurott-Hisui, F|100/100
|-damage|p2a: Samurott|88/100|[from] Stealth Rock
|-damage|p2a: Samurott|72/100|[from] Spikes
|turn|16
|
|t:|1743905785
|move|p2a: Samurott|Ceaseless Edge|p1a: Garchomp
|-damage|p1a: Garchomp|7/100
|-damage|p2a: Samurott|59/100|[from] ability: Rough Skin|[of] p1a: Garchomp
|-damage|p2a: Samurott|43/100|[from] item: Rocky Helmet|[of] p1a: Garchomp
|-sidestart|p1: rekka auto|Spikes
|move|p1a: Garchomp|Dragon Tail|p2a: Samurott
|-damage|p2a: Samurott|20/100
|drag|p2a: Pawmot|Pawmot, F|100/100
|-damage|p2a: Pawmot|94/100|[from] Stealth Rock
|-damage|p2a: Pawmot|78/100|[from] Spikes
|
|upkeep
|turn|17
|
|t:|1743905792
|move|p2a: Pawmot|Revival Blessing|p2a: Pawmot
|-enditem|p2a: Pawmot|Leppa Berry|[eat]
|-activate|p2a: Pawmot|item: Leppa Berry|Revival Blessing|[consumed]
|inactive|jlce has 120 seconds left.
|
|t:|1743905825
|-heal|p2: Skeledirge|50/100|[from] move: Revival Blessing
|move|p1a: Garchomp|Earthquake|p2a: Pawmot
|-supereffective|p2a: Pawmot
|-damage|p2a: Pawmot|0 fnt
|faint|p2a: Pawmot
|
|upkeep
|inactive|jlce has 120 seconds left.
|
|t:|1743905830
|switch|p2a: Sinistcha|Sinistcha|87/100
|-damage|p2a: Sinistcha|75/100|[from] Stealth Rock
|-damage|p2a: Sinistcha|59/100|[from] Spikes
|turn|18
|-message|jlce forfeited.
|
|win|rekka auto
|raw|rekka auto's rating: 1393 &rarr; <strong>1411</strong><br />(+18 for winning)
|raw|jlce's rating: 1356 &rarr; <strong>1338</strong><br />(-18 for losing)
|l|‽jlce
|player|p2|
|l|☆rekka auto
|player|p1|
