|j|☆Arcaniner52
|j|☆d7n1el
|t:|1743870897
|gametype|singles
|player|p1|Arcaniner52|blue|1303
|player|p2|d7n1el|swimmerf|1279
|teamsize|p1|6
|teamsize|p2|6
|gen|9
|tier|[Gen 9] OU
|rated|
|rule|HP Percentage Mod: HP is shown in percentages
|rule|Endless Battle Clause: Forcing endless battles is banned
|rule|Species Clause: Limit one of each Pokémon
|rule|OHKO Clause: OHKO moves are banned
|rule|Evasion Items Clause: Evasion items are banned
|rule|Evasion Moves Clause: Evasion moves are banned
|rule|Sleep Moves Clause: Sleep-inducing moves are banned
|clearpoke
|poke|p1|Excadrill, M|
|poke|p1|Latios, M|
|poke|p1|Mimikyu, M|
|poke|p1|Weavile, M|
|poke|p1|Raikou|
|poke|p1|Emboar, M|
|poke|p2|Dragonite, F|
|poke|p2|Ting-Lu|
|poke|p2|Gholdengo|
|poke|p2|Iron Valiant|
|poke|p2|Zamazenta-*|
|poke|p2|Kingambit, F|
|teampreview
|inactive|Battle timer is ON: inactive players will automatically lose when time's up. (requested by Arcaniner52)
|
|t:|1743870928
|start
|switch|p1a: Raikou|Raikou|100/100
|switch|p2a: Ting-Lu|Ting-Lu|100/100
|-ability|p1a: Raikou|Pressure
|-ability|p2a: Ting-Lu|Vessel of Ruin
|turn|1
|
|t:|1743870946
|switch|p1a: Latios|Latios, M|100/100
|move|p2a: Ting-Lu|Stealth Rock|p1a: Latios
|-sidestart|p1: Arcaniner52|move: Stealth Rock
|
|upkeep
|turn|2
|
|t:|1743870955
|move|p1a: Latios|Draco Meteor|p2a: Ting-Lu
|-damage|p2a: Ting-Lu|57/100
|-unboost|p1a: Latios|spa|2
|-enditem|p2a: Ting-Lu|Red Card|[of] p1a: Latios
|drag|p1a: Weavile|Weavile, M|100/100
|-damage|p1a: Weavile|76/100|[from] Stealth Rock
|-ability|p1a: Weavile|Pressure
|move|p2a: Ting-Lu|Ruination|p1a: Weavile
|-damage|p1a: Weavile|38/100
|
|upkeep
|turn|3
|
|t:|1743870973
|move|p1a: Weavile|Triple Axel|p2a: Ting-Lu
|-supereffective|p2a: Ting-Lu
|-damage|p2a: Ting-Lu|43/100
|-supereffective|p2a: Ting-Lu
|-damage|p2a: Ting-Lu|16/100
|-hitcount|p2a: Ting-Lu|2
|-damage|p1a: Weavile|28/100|[from] item: Life Orb
|move|p2a: Ting-Lu|Earthquake|p1a: Weavile
|-damage|p1a: Weavile|0 fnt
|faint|p1a: Weavile
|
|upkeep
|
|t:|1743870985
|switch|p1a: Excadrill|Excadrill, M|100/100
|-damage|p1a: Excadrill|97/100|[from] Stealth Rock
|turn|4
|
|t:|1743870996
|move|p1a: Excadrill|Rapid Spin|p2a: Ting-Lu
|-damage|p2a: Ting-Lu|7/100
|-boost|p1a: Excadrill|spe|1
|-sideend|p1: Arcaniner52|Stealth Rock|[from] move: Rapid Spin|[of] p1a: Excadrill
|move|p2a: Ting-Lu|Earthquake|p1a: Excadrill
|-supereffective|p1a: Excadrill
|-damage|p1a: Excadrill|0 fnt
|faint|p1a: Excadrill
|
|upkeep
|
|t:|1743871005
|switch|p1a: Latios|Latios, M|100/100
|turn|5
|
|t:|1743871011
|move|p1a: Latios|Flip Turn|p2a: Ting-Lu
|-supereffective|p2a: Ting-Lu
|-damage|p2a: Ting-Lu|0 fnt
|faint|p2a: Ting-Lu
|
|t:|1743871016
|switch|p1a: Raikou|Raikou|100/100|[from] Flip Turn
|-ability|p1a: Raikou|Pressure
|
|upkeep
|
|t:|1743871042
|switch|p2a: Zamazenta|Zamazenta|100/100
|-ability|p2a: Zamazenta|Dauntless Shield|boost
|-boost|p2a: Zamazenta|def|1
|turn|6
|
|t:|1743871051
|move|p2a: Zamazenta|Ice Fang|p1a: Raikou
|-damage|p1a: Raikou|70/100
|move|p1a: Raikou|Extrasensory|p2a: Zamazenta
|-supereffective|p2a: Zamazenta
|-damage|p2a: Zamazenta|44/100
|
|upkeep
|turn|7
|
|t:|1743871067
|move|p2a: Zamazenta|Ice Fang|p1a: Raikou|[miss]
|-miss|p2a: Zamazenta|p1a: Raikou
|move|p1a: Raikou|Extrasensory|p2a: Zamazenta
|-supereffective|p2a: Zamazenta
|-damage|p2a: Zamazenta|0 fnt
|faint|p2a: Zamazenta
|
|upkeep
|inactive|d7n1el has 120 seconds left.
|
|t:|1743871093
|switch|p2a: Kingambit|Kingambit, F|100/100
|-activate|p2a: Kingambit|ability: Supreme Overlord
|-start|p2a: Kingambit|fallen2|[silent]
|turn|8
|
|t:|1743871114
|move|p1a: Raikou|Thunderbolt|p2a: Kingambit
|-damage|p2a: Kingambit|49/100
|move|p2a: Kingambit|Kowtow Cleave|p1a: Raikou
|-damage|p1a: Raikou|0 fnt
|faint|p1a: Raikou
|
|upkeep
|inactive|Arcaniner52 has 120 seconds left.
|
|t:|1743871136
|switch|p1a: Emboar|Emboar, M|100/100
|turn|9
|inactive|Arcaniner52 has 120 seconds left.
|inactive|d7n1el has 120 seconds left.
|
|t:|1743871153
|move|p2a: Kingambit|Sucker Punch|p1a: Emboar
|-resisted|p1a: Emboar
|-damage|p1a: Emboar|68/100
|move|p1a: Emboar|Flare Blitz|p2a: Kingambit
|-supereffective|p2a: Kingambit
|-damage|p2a: Kingambit|0 fnt
|faint|p2a: Kingambit
|-end|p2a: Kingambit|fallen2|[silent]
|-damage|p1a: Emboar|52/100|[from] Recoil
|
|upkeep
|
|t:|1743871161
|switch|p2a: Iron Valiant|Iron Valiant|100/100
|-enditem|p2a: Iron Valiant|Booster Energy
|-activate|p2a: Iron Valiant|ability: Quark Drive|[fromitem]
|-start|p2a: Iron Valiant|quarkdrivespe
|turn|10
|inactive|d7n1el has 120 seconds left.
|
|t:|1743871172
|move|p2a: Iron Valiant|Moonblast|p1a: Emboar
|-damage|p1a: Emboar|0 fnt
|faint|p1a: Emboar
|
|upkeep
|
|t:|1743871179
|switch|p1a: Mimikyu|Mimikyu, M|100/100
|turn|11
|
|t:|1743871186
|move|p2a: Iron Valiant|Thunderbolt|p1a: Mimikyu
|-activate|p1a: Mimikyu|ability: Disguise
|-damage|p1a: Mimikyu|100/100
|detailschange|p1a: Mimikyu|Mimikyu-Busted, M
|-damage|p1a: Mimikyu|88/100|[from] pokemon: Mimikyu-Busted
|move|p1a: Mimikyu|Play Rough|p2a: Iron Valiant
|-supereffective|p2a: Iron Valiant
|-damage|p2a: Iron Valiant|8/100
|
|upkeep
|turn|12
|
|t:|1743871196
|move|p1a: Mimikyu|Shadow Sneak|p2a: Iron Valiant
|-damage|p2a: Iron Valiant|0 fnt
|faint|p2a: Iron Valiant
|-end|p2a: Iron Valiant|Quark Drive|[silent]
|
|upkeep
|
|t:|1743871199
|switch|p2a: Gholdengo|Gholdengo|100/100
|-item|p2a: Gholdengo|Air Balloon
|turn|13
|
|t:|1743871209
|-terastallize|p1a: Mimikyu|Ghost
|move|p1a: Mimikyu|Shadow Claw|p2a: Gholdengo
|-supereffective|p2a: Gholdengo
|-damage|p2a: Gholdengo|0 fnt
|-enditem|p2a: Gholdengo|Air Balloon
|faint|p2a: Gholdengo
|
|upkeep
|
|t:|1743871214
|switch|p2a: Dragonite|Dragonite, F|100/100
|turn|14
|
|t:|1743871226
|move|p1a: Mimikyu|Play Rough|p2a: Dragonite
|-supereffective|p2a: Dragonite
|-crit|p2a: Dragonite
|-damage|p2a: Dragonite|43/100
|move|p2a: Dragonite|Dragon Dance|p2a: Dragonite
|-boost|p2a: Dragonite|atk|1
|-boost|p2a: Dragonite|spe|1
|
|upkeep
|turn|15
|
|t:|1743871242
|-terastallize|p2a: Dragonite|Ghost
|move|p2a: Dragonite|Tera Blast|p1a: Mimikyu|[anim] Tera Blast Ghost
|-supereffective|p1a: Mimikyu
|-damage|p1a: Mimikyu|0 fnt
|faint|p1a: Mimikyu
|
|upkeep
|
|t:|1743871249
|switch|p1a: Latios|Latios, M|100/100
|turn|16
|
|t:|1743871253
|move|p2a: Dragonite|Tera Blast|p1a: Latios|[anim] Tera Blast Ghost
|-supereffective|p1a: Latios
|-damage|p1a: Latios|0 fnt
|faint|p1a: Latios
|
|win|d7n1el
|raw|Arcaniner52's rating: 1303 &rarr; <strong>1282</strong><br />(-21 for losing)
|raw|d7n1el's rating: 1279 &rarr; <strong>1306</strong><br />(+27 for winning)
|c|☆Arcaniner52|Gg
|c|☆d7n1el|Gg
|l|☆d7n1el
|player|p2|
