|j|☆tyranitarticuno
|j|☆salgaiii404
|t:|1743832561
|gametype|singles
|player|p1|tyranitarticuno|blue|1638
|player|p2|salgaiii404|lady|1732
|teamsize|p1|6
|teamsize|p2|6
|gen|9
|tier|[Gen 9] OU
|rated|
|rule|HP Percentage Mod: HP is shown in percentages
|rule|Endless Battle Clause: Forcing endless battles is banned
|rule|Species Clause: Limit one of each Pokémon
|rule|OHKO Clause: OHKO moves are banned
|rule|Evasion Items Clause: Evasion items are banned
|rule|Evasion Moves Clause: Evasion moves are banned
|rule|Sleep Moves Clause: Sleep-inducing moves are banned
|clearpoke
|poke|p1|Hydrapple, M|
|poke|p1|Skarmory, F|
|poke|p1|Tyranitar, F|
|poke|p1|Alomomola, F|
|poke|p1|Clodsire, M|
|poke|p1|Clefable, M|
|poke|p2|Tauros-Paldea-Blaze, M|
|poke|p2|Kingambit, M|
|poke|p2|Ting-Lu|
|poke|p2|Pecharunt|
|poke|p2|Ogerpon-Wellspring, F|
|poke|p2|Great Tusk|
|teampreview
|inactive|Battle timer is ON: inactive players will automatically lose when time's up. (requested by salgaiii404)
|
|t:|1743832573
|start
|switch|p1a: Hydrapple|Hydrapple, M|100/100
|switch|p2a: Ting-Lu|Ting-Lu|100/100
|-ability|p2a: Ting-Lu|Vessel of Ruin
|turn|1
|
|t:|1743832575
|move|p2a: Ting-Lu|Stealth Rock|p1a: Hydrapple
|-sidestart|p1: tyranitarticuno|move: Stealth Rock
|move|p1a: Hydrapple|Nasty Plot|p1a: Hydrapple
|-boost|p1a: Hydrapple|spa|2
|
|upkeep
|turn|2
|
|t:|1743832577
|move|p1a: Hydrapple|Giga Drain|p2a: Ting-Lu
|-supereffective|p2a: Ting-Lu
|-damage|p2a: Ting-Lu|50/100
|move|p2a: Ting-Lu|Whirlwind|p1a: Hydrapple
|drag|p1a: Alomomola|Alomomola, F, shiny|100/100
|
|-heal|p2a: Ting-Lu|56/100|[from] item: Leftovers
|upkeep
|turn|3
|
|t:|1743832587
|move|p2a: Ting-Lu|Ruination|p1a: Alomomola
|-damage|p1a: Alomomola|51/100
|move|p1a: Alomomola|Flip Turn|p2a: Ting-Lu
|-supereffective|p2a: Ting-Lu
|-damage|p2a: Ting-Lu|39/100
|
|t:|1743832590
|switch|p1a: Hydrapple|Hydrapple, M|100/100|[from] Flip Turn
|
|-heal|p2a: Ting-Lu|45/100|[from] item: Leftovers
|upkeep
|turn|4
|
|t:|1743832600
|move|p2a: Ting-Lu|Ruination|p1a: Hydrapple
|-damage|p1a: Hydrapple|50/100
|move|p1a: Hydrapple|Fickle Beam|p2a: Ting-Lu|[anim] Fickle Beam All Out
|-activate|p1a: Hydrapple|move: Fickle Beam
|-damage|p2a: Ting-Lu|18/100
|
|-heal|p2a: Ting-Lu|25/100|[from] item: Leftovers
|upkeep
|turn|5
|
|t:|1743832605
|move|p2a: Ting-Lu|Ruination|p1a: Hydrapple
|-damage|p1a: Hydrapple|26/100
|move|p1a: Hydrapple|Giga Drain|p2a: Ting-Lu
|-supereffective|p2a: Ting-Lu
|-damage|p2a: Ting-Lu|0 fnt
|-heal|p1a: Hydrapple|41/100|[from] drain|[of] p2a: Ting-Lu
|faint|p2a: Ting-Lu
|
|upkeep
|j| Djnola who daT
|
|t:|1743832610
|switch|p2a: Tauros|Tauros-Paldea-Blaze, M|100/100
|-ability|p2a: Tauros|Intimidate|boost
|-unboost|p1a: Hydrapple|atk|1
|turn|6
|
|t:|1743832613
|switch|p1a: Alomomola|Alomomola, F, shiny|84/100
|move|p2a: Tauros|Flare Blitz|p1a: Alomomola
|-resisted|p1a: Alomomola
|-damage|p1a: Alomomola|60/100
|-status|p1a: Alomomola|brn
|-damage|p2a: Tauros|88/100|[from] Recoil
|
|-damage|p1a: Alomomola|54/100 brn|[from] brn
|upkeep
|turn|7
|
|t:|1743832626
|move|p2a: Tauros|Flare Blitz|p1a: Alomomola
|-resisted|p1a: Alomomola
|-damage|p1a: Alomomola|31/100 brn
|-damage|p2a: Tauros|75/100|[from] Recoil
|move|p1a: Alomomola|Wish|p1a: Alomomola
|
|-damage|p1a: Alomomola|24/100 brn|[from] brn
|upkeep
|turn|8
|
|t:|1743832635
|switch|p1a: Hydrapple|Hydrapple, M|74/100
|move|p2a: Tauros|Flare Blitz|p1a: Hydrapple
|-damage|p1a: Hydrapple|26/100
|-damage|p2a: Tauros|53/100|[from] Recoil
|
|-heal|p1a: Hydrapple|83/100|[from] move: Wish|[wisher] Alomomola
|upkeep
|turn|9
|
|t:|1743832651
|move|p2a: Tauros|Flare Blitz|p1a: Hydrapple
|-damage|p1a: Hydrapple|37/100
|-damage|p2a: Tauros|31/100|[from] Recoil
|move|p1a: Hydrapple|Earth Power|p2a: Tauros
|-supereffective|p2a: Tauros
|-damage|p2a: Tauros|0 fnt
|faint|p2a: Tauros
|
|upkeep
|
|t:|1743832655
|switch|p2a: Ogerpon|Ogerpon-Wellspring, F|100/100
|turn|10
|
|t:|1743832661
|switch|p1a: Skarmory|Skarmory, F|100/100
|-damage|p1a: Skarmory|88/100|[from] Stealth Rock
|move|p2a: Ogerpon|Play Rough|p1a: Skarmory
|-resisted|p1a: Skarmory
|-damage|p1a: Skarmory|77/100
|-damage|p2a: Ogerpon|84/100|[from] item: Rocky Helmet|[of] p1a: Skarmory
|
|upkeep
|turn|11
|
|t:|1743832671
|move|p2a: Ogerpon|Swords Dance|p2a: Ogerpon
|-boost|p2a: Ogerpon|atk|2
|move|p1a: Skarmory|Iron Defense|p1a: Skarmory
|-boost|p1a: Skarmory|def|2
|
|upkeep
|turn|12
|
|t:|1743832677
|move|p2a: Ogerpon|Ivy Cudgel|p1a: Skarmory|[anim] Ivy Cudgel Water
|-crit|p1a: Skarmory
|-damage|p1a: Skarmory|0 fnt
|faint|p1a: Skarmory
|
|upkeep
|c|☆tyranitarticuno|noooo
|
|t:|1743832684
|switch|p1a: Clodsire|Clodsire, M|100/100
|turn|13
|
|t:|1743832689
|-terastallize|p1a: Clodsire|Steel
|move|p2a: Ogerpon|Ivy Cudgel|p1a: Clodsire|[anim] Ivy Cudgel Water
|-damage|p1a: Clodsire|51/100
|move|p1a: Clodsire|Toxic|p2a: Ogerpon
|-status|p2a: Ogerpon|tox
|
|-damage|p2a: Ogerpon|78/100 tox|[from] psn
|upkeep
|turn|14
|
|t:|1743832701
|switch|p1a: Alomomola|Alomomola, F, shiny|58/100 brn
|move|p2a: Ogerpon|Play Rough|p1a: Alomomola
|-damage|p1a: Alomomola|18/100 brn
|
|-damage|p2a: Ogerpon|66/100 tox|[from] psn
|-damage|p1a: Alomomola|12/100 brn|[from] brn
|upkeep
|turn|15
|
|t:|1743832706
|move|p1a: Alomomola|Protect|p1a: Alomomola
|-singleturn|p1a: Alomomola|Protect
|move|p2a: Ogerpon|Play Rough|p1a: Alomomola
|-activate|p1a: Alomomola|move: Protect
|
|-damage|p2a: Ogerpon|48/100 tox|[from] psn
|-damage|p1a: Alomomola|6/100 brn|[from] brn
|upkeep
|turn|16
|
|t:|1743832736
|move|p2a: Ogerpon|Play Rough|p1a: Alomomola
|-damage|p1a: Alomomola|0 fnt
|faint|p1a: Alomomola
|
|-damage|p2a: Ogerpon|24/100 tox|[from] psn
|upkeep
|
|t:|1743832739
|switch|p1a: Clefable|Clefable, M|100/100
|turn|17
|
|t:|1743832754
|move|p1a: Clefable|Protect|p1a: Clefable
|-singleturn|p1a: Clefable|Protect
|move|p2a: Ogerpon|Horn Leech|p1a: Clefable
|-activate|p1a: Clefable|move: Protect
|
|-damage|p2a: Ogerpon|0 fnt|[from] psn
|faint|p2a: Ogerpon
|upkeep
|
|t:|1743832754
|switch|p2a: Pecharunt|Pecharunt|100/100
|turn|18
|
|t:|1743832758
|switch|p1a: Tyranitar|Tyranitar, F|100/100
|-weather|Sandstorm|[from] ability: Sand Stream|[of] p1a: Tyranitar
|move|p2a: Pecharunt|Malignant Chain|p1a: Tyranitar
|-resisted|p1a: Tyranitar
|-damage|p1a: Tyranitar|94/100
|
|-weather|Sandstorm|[upkeep]
|-damage|p2a: Pecharunt|94/100|[from] Sandstorm
|upkeep
|turn|19
|
|t:|1743832774
|move|p2a: Pecharunt|Parting Shot|p1a: Tyranitar
|-unboost|p1a: Tyranitar|atk|1
|-unboost|p1a: Tyranitar|spa|1
|
|t:|1743832775
|switch|p2a: Kingambit|Kingambit, M|100/100|[from] Parting Shot
|-activate|p2a: Kingambit|ability: Supreme Overlord
|-start|p2a: Kingambit|fallen3|[silent]
|-item|p2a: Kingambit|Air Balloon
|move|p1a: Tyranitar|Knock Off|p2a: Kingambit
|-resisted|p2a: Kingambit
|-damage|p2a: Kingambit|87/100
|-enditem|p2a: Kingambit|Air Balloon
|
|-weather|Sandstorm|[upkeep]
|upkeep
|turn|20
|
|t:|1743832791
|move|p2a: Kingambit|Swords Dance|p2a: Kingambit
|-boost|p2a: Kingambit|atk|2
|move|p1a: Tyranitar|Roar|p2a: Kingambit
|-end|p2a: Kingambit|fallen3|[silent]
|drag|p2a: Pecharunt|Pecharunt|94/100
|
|-weather|Sandstorm|[upkeep]
|-damage|p2a: Pecharunt|88/100|[from] Sandstorm
|upkeep
|turn|21
|
|t:|1743832794
|move|p2a: Pecharunt|Malignant Chain|p1a: Tyranitar
|-resisted|p1a: Tyranitar
|-crit|p1a: Tyranitar
|-damage|p1a: Tyranitar|84/100
|-status|p1a: Tyranitar|tox
|-start|p1a: Tyranitar|confusion|[from] ability: Poison Puppeteer|[of] p2a: Pecharunt
|-activate|p1a: Tyranitar|confusion
|-damage|p1a: Tyranitar|77/100 tox|[from] confusion
|
|-weather|Sandstorm|[upkeep]
|-damage|p2a: Pecharunt|82/100|[from] Sandstorm
|-damage|p1a: Tyranitar|71/100 tox|[from] psn
|upkeep
|turn|22
|
|t:|1743832803
|switch|p1a: Hydrapple|Hydrapple, M|70/100
|move|p2a: Pecharunt|Malignant Chain|p1a: Hydrapple
|-supereffective|p1a: Hydrapple
|-damage|p1a: Hydrapple|5/100
|
|-weather|none
|upkeep
|turn|23
|
|t:|1743832808
|switch|p1a: Tyranitar|Tyranitar, F|71/100 tox
|-weather|Sandstorm|[from] ability: Sand Stream|[of] p1a: Tyranitar
|move|p2a: Pecharunt|Malignant Chain|p1a: Tyranitar
|-resisted|p1a: Tyranitar
|-damage|p1a: Tyranitar|64/100 tox
|
|-weather|Sandstorm|[upkeep]
|-damage|p2a: Pecharunt|76/100|[from] Sandstorm
|-damage|p1a: Tyranitar|58/100 tox|[from] psn
|upkeep
|turn|24
|
|t:|1743832812
|move|p2a: Pecharunt|Parting Shot|p1a: Tyranitar
|-unboost|p1a: Tyranitar|atk|1
|-unboost|p1a: Tyranitar|spa|1
|
|t:|1743832812
|switch|p2a: Kingambit|Kingambit, M|87/100|[from] Parting Shot
|-activate|p2a: Kingambit|ability: Supreme Overlord
|-start|p2a: Kingambit|fallen3|[silent]
|move|p1a: Tyranitar|Stealth Rock|p2a: Kingambit
|-sidestart|p2: salgaiii404|move: Stealth Rock
|
|-weather|Sandstorm|[upkeep]
|-damage|p1a: Tyranitar|46/100 tox|[from] psn
|upkeep
|turn|25
|
|t:|1743832818
|move|p2a: Kingambit|Swords Dance|p2a: Kingambit
|-boost|p2a: Kingambit|atk|2
|move|p1a: Tyranitar|Roar|p2a: Kingambit
|-end|p2a: Kingambit|fallen3|[silent]
|drag|p2a: Great Tusk|Great Tusk|100/100
|
|-weather|Sandstorm|[upkeep]
|-damage|p1a: Tyranitar|27/100 tox|[from] psn
|upkeep
|turn|26
|
|t:|1743832820
|switch|p1a: Clefable|Clefable, M|100/100
|move|p2a: Great Tusk|Rapid Spin|p1a: Clefable
|-damage|p1a: Clefable|86/100
|-boost|p2a: Great Tusk|spe|1
|-sideend|p2: salgaiii404|Stealth Rock|[from] move: Rapid Spin|[of] p2a: Great Tusk
|
|-weather|Sandstorm|[upkeep]
|upkeep
|turn|27
|
|t:|1743832830
|-end|p2a: Great Tusk|Protosynthesis|[silent]
|switch|p2a: Pecharunt|Pecharunt|76/100
|move|p1a: Clefable|Knock Off|p2a: Pecharunt
|-supereffective|p2a: Pecharunt
|-damage|p2a: Pecharunt|61/100
|-enditem|p2a: Pecharunt|Heavy-Duty Boots|[from] move: Knock Off|[of] p1a: Clefable
|
|-weather|none
|upkeep
|turn|28
|
|t:|1743832840
|switch|p1a: Clodsire|Clodsire, M, tera:Steel|51/100
|move|p2a: Pecharunt|Malignant Chain|p1a: Clodsire
|-immune|p1a: Clodsire
|
|upkeep
|turn|29
|
|t:|1743832842
|move|p2a: Pecharunt|Malignant Chain|p1a: Clodsire
|-immune|p1a: Clodsire
|move|p1a: Clodsire|Recover|p1a: Clodsire
|-heal|p1a: Clodsire|100/100
|
|upkeep
|turn|30
|
|t:|1743832847
|move|p2a: Pecharunt|Malignant Chain|p1a: Clodsire
|-immune|p1a: Clodsire
|move|p1a: Clodsire|Earthquake|p2a: Pecharunt
|-supereffective|p2a: Pecharunt
|-damage|p2a: Pecharunt|34/100
|
|upkeep
|turn|31
|j| frindlebabbin
|
|t:|1743832850
|move|p2a: Pecharunt|Recover|p2a: Pecharunt
|-heal|p2a: Pecharunt|84/100
|move|p1a: Clodsire|Earthquake|p2a: Pecharunt
|-supereffective|p2a: Pecharunt
|-crit|p2a: Pecharunt
|-damage|p2a: Pecharunt|46/100
|
|upkeep
|turn|32
|
|t:|1743832852
|move|p2a: Pecharunt|Recover|p2a: Pecharunt
|-heal|p2a: Pecharunt|96/100
|move|p1a: Clodsire|Earthquake|p2a: Pecharunt
|-supereffective|p2a: Pecharunt
|-damage|p2a: Pecharunt|70/100
|
|upkeep
|turn|33
|
|t:|1743832856
|move|p2a: Pecharunt|Malignant Chain|p1a: Clodsire
|-immune|p1a: Clodsire
|move|p1a: Clodsire|Earthquake|p2a: Pecharunt
|-supereffective|p2a: Pecharunt
|-damage|p2a: Pecharunt|44/100
|
|upkeep
|turn|34
|
|t:|1743832859
|move|p2a: Pecharunt|Recover|p2a: Pecharunt
|-heal|p2a: Pecharunt|94/100
|move|p1a: Clodsire|Earthquake|p2a: Pecharunt
|-supereffective|p2a: Pecharunt
|-damage|p2a: Pecharunt|70/100
|
|upkeep
|turn|35
|
|t:|1743832861
|move|p2a: Pecharunt|Recover|p2a: Pecharunt
|-heal|p2a: Pecharunt|100/100
|move|p1a: Clodsire|Toxic|p2a: Pecharunt
|-immune|p2a: Pecharunt
|
|upkeep
|turn|36
|
|t:|1743832863
|move|p2a: Pecharunt|Parting Shot|p1a: Clodsire
|-unboost|p1a: Clodsire|atk|1
|-unboost|p1a: Clodsire|spa|1
|
|t:|1743832863
|switch|p2a: Kingambit|Kingambit, M|87/100|[from] Parting Shot
|-activate|p2a: Kingambit|ability: Supreme Overlord
|-start|p2a: Kingambit|fallen3|[silent]
|move|p1a: Clodsire|Rock Tomb|p2a: Kingambit
|-resisted|p2a: Kingambit
|-damage|p2a: Kingambit|84/100
|-unboost|p2a: Kingambit|spe|1
|
|upkeep
|turn|37
|
|t:|1743832874
|move|p2a: Kingambit|Swords Dance|p2a: Kingambit
|-boost|p2a: Kingambit|atk|2
|move|p1a: Clodsire|Earthquake|p2a: Kingambit
|-supereffective|p2a: Kingambit
|-damage|p2a: Kingambit|55/100
|
|upkeep
|turn|38
|
|t:|1743832878
|move|p2a: Kingambit|Low Kick|p1a: Clodsire
|-supereffective|p1a: Clodsire
|-damage|p1a: Clodsire|9/100
|move|p1a: Clodsire|Earthquake|p2a: Kingambit
|-supereffective|p2a: Kingambit
|-damage|p2a: Kingambit|25/100
|
|upkeep
|turn|39
|
|t:|1743832898
|switch|p1a: Tyranitar|Tyranitar, F|27/100 tox
|-weather|Sandstorm|[from] ability: Sand Stream|[of] p1a: Tyranitar
|move|p2a: Kingambit|Kowtow Cleave|p1a: Tyranitar
|-resisted|p1a: Tyranitar
|-damage|p1a: Tyranitar|0 fnt
|faint|p1a: Tyranitar
|
|-weather|Sandstorm|[upkeep]
|upkeep
|
|t:|1743832900
|switch|p1a: Clefable|Clefable, M|86/100
|turn|40
|
|t:|1743832902
|-end|p2a: Kingambit|fallen3|[silent]
|switch|p2a: Pecharunt|Pecharunt|100/100
|move|p1a: Clefable|Moonblast|p2a: Pecharunt
|-resisted|p2a: Pecharunt
|-damage|p2a: Pecharunt|86/100
|
|-weather|Sandstorm|[upkeep]
|-damage|p2a: Pecharunt|80/100|[from] Sandstorm
|upkeep
|turn|41
|
|t:|1743832907
|move|p2a: Pecharunt|Hex|p1a: Clefable
|-damage|p1a: Clefable|67/100
|move|p1a: Clefable|Wish|p1a: Clefable
|
|-weather|Sandstorm|[upkeep]
|-damage|p2a: Pecharunt|74/100|[from] Sandstorm
|upkeep
|turn|42
|
|t:|1743832920
|move|p2a: Pecharunt|Parting Shot|p1a: Clefable
|-unboost|p1a: Clefable|atk|1
|-unboost|p1a: Clefable|spa|1
|
|t:|1743832920
|switch|p2a: Kingambit|Kingambit, M|25/100|[from] Parting Shot
|-activate|p2a: Kingambit|ability: Supreme Overlord
|-start|p2a: Kingambit|fallen3|[silent]
|move|p1a: Clefable|Moonblast|p2a: Kingambit
|-damage|p2a: Kingambit|2/100
|
|-weather|Sandstorm|[upkeep]
|-heal|p1a: Clefable|100/100|[from] move: Wish|[wisher] Clefable
|upkeep
|turn|43
|
|t:|1743832941
|move|p2a: Kingambit|Swords Dance|p2a: Kingambit
|-boost|p2a: Kingambit|atk|2
|move|p1a: Clefable|Knock Off|p2a: Kingambit
|-resisted|p2a: Kingambit
|-damage|p2a: Kingambit|0 fnt
|faint|p2a: Kingambit
|-end|p2a: Kingambit|fallen3|[silent]
|
|-weather|none
|upkeep
|
|t:|1743832944
|switch|p2a: Pecharunt|Pecharunt|74/100
|turn|44
|
|t:|1743832947
|move|p2a: Pecharunt|Hex|p1a: Clefable
|-damage|p1a: Clefable|81/100
|move|p1a: Clefable|Wish|p1a: Clefable
|
|upkeep
|turn|45
|
|t:|1743832951
|switch|p1a: Clodsire|Clodsire, M, tera:Steel|9/100
|move|p2a: Pecharunt|Parting Shot|p1a: Clodsire
|-unboost|p1a: Clodsire|atk|1
|-unboost|p1a: Clodsire|spa|1
|
|t:|1743832951
|switch|p2a: Great Tusk|Great Tusk|100/100|[from] Parting Shot
|
|-heal|p1a: Clodsire|51/100|[from] move: Wish|[wisher] Clefable
|upkeep
|turn|46
|c| frindlebabbin|no sucker punch?
|inactive|tyranitarticuno has 120 seconds left.
|
|t:|1743832983
|switch|p1a: Hydrapple|Hydrapple, M|38/100
|move|p2a: Great Tusk|Rapid Spin|p1a: Hydrapple
|-damage|p1a: Hydrapple|27/100
|-boost|p2a: Great Tusk|spe|1
|
|upkeep
|turn|47
|inactive|tyranitarticuno has 120 seconds left.
|
|t:|1743833001
|switch|p1a: Clefable|Clefable, M|81/100
|move|p2a: Great Tusk|Ice Spinner|p1a: Clefable
|-damage|p1a: Clefable|60/100
|
|upkeep
|turn|48
|
|t:|1743833005
|-terastallize|p2a: Great Tusk|Steel
|move|p2a: Great Tusk|Rapid Spin|p1a: Clefable
|-damage|p1a: Clefable|47/100
|-boost|p2a: Great Tusk|spe|1
|move|p1a: Clefable|Wish|p1a: Clefable
|
|upkeep
|turn|49
|
|t:|1743833010
|move|p2a: Great Tusk|Headlong Rush|p1a: Clefable
|-damage|p1a: Clefable|0 fnt
|-unboost|p2a: Great Tusk|def|1
|-unboost|p2a: Great Tusk|spd|1
|faint|p1a: Clefable
|
|upkeep
|
|t:|1743833014
|switch|p1a: Hydrapple|Hydrapple, M|60/100
|turn|50
|inactive|tyranitarticuno has 120 seconds left.
|inactive|tyranitarticuno has 90 seconds left.
|
|t:|1743833078
|switch|p1a: Clodsire|Clodsire, M, tera:Steel|51/100
|move|p2a: Great Tusk|Ice Spinner|p1a: Clodsire
|-resisted|p1a: Clodsire
|-damage|p1a: Clodsire|39/100
|
|upkeep
|turn|51
|inactive|tyranitarticuno has 90 seconds left.
|
|t:|1743833096
|switch|p1a: Hydrapple|Hydrapple, M|93/100
|move|p2a: Great Tusk|Headlong Rush|p1a: Hydrapple
|-resisted|p1a: Hydrapple
|-damage|p1a: Hydrapple|74/100
|-unboost|p2a: Great Tusk|def|1
|-unboost|p2a: Great Tusk|spd|1
|
|upkeep
|turn|52
|
|t:|1743833106
|move|p2a: Great Tusk|Ice Spinner|p1a: Hydrapple
|-supereffective|p1a: Hydrapple
|-crit|p1a: Hydrapple
|-damage|p1a: Hydrapple|0 fnt
|faint|p1a: Hydrapple
|
|upkeep
|c|☆tyranitarticuno|NOOO
|c|☆tyranitarticuno|I lived that
|c| frindlebabbin|its joever...
|c|☆tyranitarticuno|252 Atk Great Tusk Ice Spinner vs. 244 HP / 172+ Def Hydrapple: 252-300 (60.8 - 72.4%) -- guaranteed 2HKO
|inactive|tyranitarticuno has 60 seconds left.
|-message|tyranitarticuno forfeited.
|
|win|salgaiii404
|raw|tyranitarticuno's rating: 1638 &rarr; <strong>1623</strong><br />(-15 for losing)
|raw|salgaiii404's rating: 1732 &rarr; <strong>1747</strong><br />(+15 for winning)
|c| frindlebabbin|you both did great :)
|l| frindlebabbin
