|j|☆goat3000
|j|☆nocta_dz
|t:|1743861954
|gametype|singles
|player|p1|goat3000|101|1211
|player|p2|nocta_dz|hilbert|1171
|teamsize|p1|6
|teamsize|p2|6
|gen|9
|tier|[Gen 9] OU
|rated|
|rule|HP Percentage Mod: HP is shown in percentages
|rule|Endless Battle Clause: Forcing endless battles is banned
|rule|Species Clause: Limit one of each Pokémon
|rule|OHKO Clause: OHKO moves are banned
|rule|Evasion Items Clause: Evasion items are banned
|rule|Evasion Moves Clause: Evasion moves are banned
|rule|Sleep Moves Clause: Sleep-inducing moves are banned
|clearpoke
|poke|p1|Garganacl, M|
|poke|p1|Skeledirge, M|
|poke|p1|Dragapult, F|
|poke|p1|Thundurus, M|
|poke|p1|Samurott-Hisui, M|
|poke|p1|Skarmory, F|
|poke|p2|Tyranitar, F|
|poke|p2|Excadrill, F|
|poke|p2|Ogerpon-Cornerstone, F|
|poke|p2|Dragapult, F|
|poke|p2|Moltres|
|poke|p2|Corviknight, M|
|teampreview
|
|t:|1743861970
|start
|switch|p1a: Samurott|Samurott-Hisui, M, shiny|100/100
|switch|p2a: Tyranitar|Tyranitar, F, shiny|100/100
|-weather|Sandstorm|[from] ability: Sand Stream|[of] p2a: Tyranitar
|turn|1
|
|t:|1743861977
|move|p1a: Samurott|Ceaseless Edge|p2a: Tyranitar
|-resisted|p2a: Tyranitar
|-damage|p2a: Tyranitar|85/100
|-sidestart|p2: nocta_dz|Spikes
|move|p2a: Tyranitar|Stealth Rock|p1a: Samurott
|-sidestart|p1: goat3000|move: Stealth Rock
|
|-weather|Sandstorm|[upkeep]
|-damage|p1a: Samurott|94/100|[from] Sandstorm
|-heal|p1a: Samurott|100/100|[from] item: Leftovers
|upkeep
|turn|2
|
|t:|1743861984
|move|p1a: Samurott|Swords Dance|p1a: Samurott
|-boost|p1a: Samurott|atk|2
|move|p2a: Tyranitar|Thunder Wave|p1a: Samurott
|-status|p1a: Samurott|par
|
|-weather|Sandstorm|[upkeep]
|-damage|p1a: Samurott|94/100 par|[from] Sandstorm
|-heal|p1a: Samurott|100/100 par|[from] item: Leftovers
|upkeep
|turn|3
|
|t:|1743861988
|move|p1a: Samurott|Aqua Jet|p2a: Tyranitar
|-supereffective|p2a: Tyranitar
|-damage|p2a: Tyranitar|25/100
|move|p2a: Tyranitar|Knock Off|p1a: Samurott
|-resisted|p1a: Samurott
|-damage|p1a: Samurott|72/100 par
|-enditem|p1a: Samurott|Leftovers|[from] move: Knock Off|[of] p2a: Tyranitar
|
|-weather|Sandstorm|[upkeep]
|-damage|p1a: Samurott|66/100 par|[from] Sandstorm
|upkeep
|turn|4
|
|t:|1743861993
|move|p1a: Samurott|Aqua Jet|p2a: Tyranitar
|-supereffective|p2a: Tyranitar
|-damage|p2a: Tyranitar|0 fnt
|faint|p2a: Tyranitar
|
|-weather|Sandstorm|[upkeep]
|-damage|p1a: Samurott|60/100 par|[from] Sandstorm
|upkeep
|
|t:|1743861999
|switch|p2a: Ogerpon|Ogerpon-Cornerstone, F|100/100
|-damage|p2a: Ogerpon|88/100|[from] Spikes
|turn|5
|
|t:|1743862002
|move|p1a: Samurott|Aqua Jet|p2a: Ogerpon
|-damage|p2a: Ogerpon|39/100
|move|p2a: Ogerpon|Power Whip|p1a: Samurott|[miss]
|-miss|p2a: Ogerpon|p1a: Samurott
|
|-weather|Sandstorm|[upkeep]
|-damage|p1a: Samurott|53/100 par|[from] Sandstorm
|upkeep
|turn|6
|
|t:|1743862011
|switch|p2a: Dragapult|Dragapult, F, shiny|100/100
|-damage|p2a: Dragapult|88/100|[from] Spikes
|move|p1a: Samurott|Aqua Jet|p2a: Dragapult
|-resisted|p2a: Dragapult
|-damage|p2a: Dragapult|65/100
|
|-weather|Sandstorm|[upkeep]
|-damage|p2a: Dragapult|59/100|[from] Sandstorm
|-damage|p1a: Samurott|47/100 par|[from] Sandstorm
|upkeep
|turn|7
|
|t:|1743862019
|move|p2a: Dragapult|Draco Meteor|p1a: Samurott|[miss]
|-miss|p2a: Dragapult|p1a: Samurott
|move|p1a: Samurott|Ceaseless Edge|p2a: Dragapult
|-supereffective|p2a: Dragapult
|-damage|p2a: Dragapult|0 fnt
|-sidestart|p2: nocta_dz|Spikes
|faint|p2a: Dragapult
|
|-weather|Sandstorm|[upkeep]
|-damage|p1a: Samurott|41/100 par|[from] Sandstorm
|upkeep
|c|☆nocta_dz|BRO
|c|☆goat3000|stay with meeeeeeee
|c|☆nocta_dz|2 MISS
|c|☆nocta_dz|I HATE MY LIFE
|c|☆goat3000|this happened to me yesterday
|
|t:|1743862045
|switch|p2a: Excadrill|Excadrill, F, shiny|100/100
|-damage|p2a: Excadrill|84/100|[from] Spikes
|turn|8
|c|☆goat3000|0.33 draco meteor kill my thundurus
|
|t:|1743862059
|cant|p1a: Samurott|par
|move|p2a: Excadrill|Iron Head|p1a: Samurott
|-resisted|p1a: Samurott
|-damage|p1a: Samurott|6/100 par
|-damage|p2a: Excadrill|74/100|[from] item: Life Orb
|
|-weather|none
|upkeep
|turn|9
|c|☆nocta_dz|OOF
|
|t:|1743862065
|move|p1a: Samurott|Aqua Jet|p2a: Excadrill
|-supereffective|p2a: Excadrill
|-damage|p2a: Excadrill|0 fnt
|faint|p2a: Excadrill
|
|upkeep
|
|t:|1743862068
|switch|p2a: Corviknight|Corviknight, M, shiny|100/100
|-ability|p2a: Corviknight|Pressure
|turn|10
|
|t:|1743862074
|move|p1a: Samurott|Aqua Jet|p2a: Corviknight
|-damage|p2a: Corviknight|73/100
|move|p2a: Corviknight|U-turn|p1a: Samurott
|-supereffective|p1a: Samurott
|-damage|p1a: Samurott|0 fnt
|faint|p1a: Samurott
|
|t:|1743862077
|switch|p2a: Moltres|Moltres, shiny|100/100|[from] U-turn
|
|upkeep
|
|t:|1743862083
|switch|p1a: Thundurus|Thundurus, M|100/100
|-damage|p1a: Thundurus|76/100|[from] Stealth Rock
|turn|11
|
|t:|1743862090
|switch|p2a: Ogerpon|Ogerpon-Cornerstone, F|39/100
|-damage|p2a: Ogerpon|23/100|[from] Spikes
|move|p1a: Thundurus|Thunder Wave|p2a: Ogerpon
|-status|p2a: Ogerpon|par
|
|-heal|p1a: Thundurus|82/100|[from] item: Leftovers
|upkeep
|turn|12
|
|t:|1743862096
|move|p1a: Thundurus|Thunderbolt|p2a: Ogerpon
|-resisted|p2a: Ogerpon
|-damage|p2a: Ogerpon|0 fnt
|faint|p2a: Ogerpon
|
|-heal|p1a: Thundurus|88/100|[from] item: Leftovers
|upkeep
|
|t:|1743862099
|switch|p2a: Corviknight|Corviknight, M, shiny|73/100
|-ability|p2a: Corviknight|Pressure
|turn|13
|
|t:|1743862103
|move|p1a: Thundurus|Thunder Wave|p2a: Corviknight|[miss]
|-miss|p1a: Thundurus|p2a: Corviknight
|move|p2a: Corviknight|Brave Bird|p1a: Thundurus
|-resisted|p1a: Thundurus
|-damage|p1a: Thundurus|62/100
|-damage|p2a: Corviknight|66/100|[from] Recoil
|
|-heal|p1a: Thundurus|68/100|[from] item: Leftovers
|-heal|p2a: Corviknight|72/100|[from] item: Leftovers
|upkeep
|turn|14
|c|☆nocta_dz|GG
|
|t:|1743862108
|move|p1a: Thundurus|Thunder Wave|p2a: Corviknight
|-status|p2a: Corviknight|par
|cant|p2a: Corviknight|par
|
|-heal|p1a: Thundurus|74/100|[from] item: Leftovers
|-heal|p2a: Corviknight|78/100 par|[from] item: Leftovers
|upkeep
|turn|15
|c|☆goat3000|ggs
|
|t:|1743862115
|move|p1a: Thundurus|Nasty Plot|p1a: Thundurus
|-boost|p1a: Thundurus|spa|2
|cant|p2a: Corviknight|par
|
|-heal|p1a: Thundurus|80/100|[from] item: Leftovers
|-heal|p2a: Corviknight|84/100 par|[from] item: Leftovers
|upkeep
|turn|16
|
|t:|1743862120
|move|p1a: Thundurus|Thunderbolt|p2a: Corviknight
|-supereffective|p2a: Corviknight
|-damage|p2a: Corviknight|0 fnt
|faint|p2a: Corviknight
|
|-heal|p1a: Thundurus|86/100|[from] item: Leftovers
|upkeep
|
|t:|1743862122
|switch|p2a: Moltres|Moltres, shiny|100/100
|turn|17
|
|t:|1743862124
|move|p1a: Thundurus|Thunderbolt|p2a: Moltres
|-supereffective|p2a: Moltres
|-damage|p2a: Moltres|0 fnt
|faint|p2a: Moltres
|
|win|goat3000
|raw|goat3000's rating: 1211 &rarr; <strong>1233</strong><br />(+22 for winning)
|raw|nocta_dz's rating: 1171 &rarr; <strong>1149</strong><br />(-22 for losing)
|l|☆nocta_dz
|player|p2|
|c|☆goat3000|my lucky day ig
