|j|☆EpicUmbreon29
|j|☆PinkPanther080129
|t:|1743817896
|gametype|singles
|player|p1|EpicUmbreon29|grimsley|1617
|player|p2|PinkPanther080129|palmer|1699
|teamsize|p1|6
|teamsize|p2|6
|gen|9
|tier|[Gen 9] OU
|rated|
|rule|HP Percentage Mod: HP is shown in percentages
|rule|Endless Battle Clause: Forcing endless battles is banned
|rule|Species Clause: Limit one of each Pokémon
|rule|OHKO Clause: OHKO moves are banned
|rule|Evasion Items Clause: Evasion items are banned
|rule|Evasion Moves Clause: Evasion moves are banned
|rule|Sleep Moves Clause: Sleep-inducing moves are banned
|clearpoke
|poke|p1|Kyurem|
|poke|p1|Hatterene, F|
|poke|p1|Araquanid, F|
|poke|p1|Indeedee, M|
|poke|p1|Hawlucha, F|
|poke|p1|Great Tusk|
|poke|p2|Slowking-Galar, F|
|poke|p2|Corviknight, F|
|poke|p2|Ting-Lu|
|poke|p2|Iron Valiant|
|poke|p2|Dragapult, M|
|poke|p2|Kingambit, F|
|teampreview
|inactive|Battle timer is ON: inactive players will automatically lose when time's up. (requested by PinkPanther080129)
|
|t:|1743817912
|start
|switch|p1a: Araquanid|Araquanid, F|100/100
|switch|p2a: Corviknight|Corviknight, F, shiny|100/100
|-ability|p2a: Corviknight|Pressure
|turn|1
|
|t:|1743817918
|switch|p1a: Kyurem|Kyurem|100/100
|-ability|p1a: Kyurem|Pressure
|move|p2a: Corviknight|Brave Bird|p1a: Kyurem
|-damage|p1a: Kyurem|65/100
|-damage|p2a: Corviknight|89/100|[from] Recoil
|
|upkeep
|turn|2
|
|t:|1743817927
|move|p1a: Kyurem|Draco Meteor|p2a: Corviknight
|-resisted|p2a: Corviknight
|-crit|p2a: Corviknight
|-damage|p2a: Corviknight|10/100
|-unboost|p1a: Kyurem|spa|2
|move|p2a: Corviknight|U-turn|p1a: Kyurem
|-damage|p1a: Kyurem|52/100
|
|t:|1743817944
|switch|p2a: Iron Valiant|Iron Valiant|100/100|[from] U-turn
|
|upkeep
|turn|3
|
|t:|1743817948
|switch|p1a: Araquanid|Araquanid, F|100/100
|move|p2a: Iron Valiant|Moonblast|p1a: Araquanid
|-damage|p1a: Araquanid|53/100
|-unboost|p1a: Araquanid|spa|1
|-damage|p2a: Iron Valiant|91/100|[from] item: Life Orb
|
|upkeep
|turn|4
|
|t:|1743817953
|move|p2a: Iron Valiant|Thunderbolt|p1a: Araquanid
|-supereffective|p1a: Araquanid
|-damage|p1a: Araquanid|0 fnt
|faint|p1a: Araquanid
|-damage|p2a: Iron Valiant|81/100|[from] item: Life Orb
|
|upkeep
|
|t:|1743817956
|switch|p1a: Hatterene|Hatterene, F|100/100
|turn|5
|
|t:|1743817962
|-end|p2a: Iron Valiant|Quark Drive|[silent]
|switch|p2a: Slowking|Slowking-Galar, F|100/100
|move|p1a: Hatterene|Nuzzle|p2a: Slowking
|-damage|p2a: Slowking|96/100
|-status|p2a: Slowking|par
|
|upkeep
|turn|6
|
|t:|1743817966
|switch|p2a: Ting-Lu|Ting-Lu|100/100
|-ability|p2a: Ting-Lu|Vessel of Ruin
|move|p1a: Hatterene|Mystical Fire|p2a: Ting-Lu
|-damage|p2a: Ting-Lu|91/100
|-unboost|p2a: Ting-Lu|spa|1
|
|-heal|p2a: Ting-Lu|98/100|[from] item: Leftovers
|upkeep
|turn|7
|
|t:|1743817970
|move|p2a: Ting-Lu|Ruination|p1a: Hatterene
|-damage|p1a: Hatterene|50/100
|move|p1a: Hatterene|Draining Kiss|p2a: Ting-Lu
|-supereffective|p2a: Ting-Lu
|-damage|p2a: Ting-Lu|79/100
|-heal|p1a: Hatterene|73/100|[from] drain|[of] p2a: Ting-Lu
|
|-heal|p2a: Ting-Lu|85/100|[from] item: Leftovers
|upkeep
|turn|8
|
|t:|1743817973
|switch|p2a: Slowking|Slowking-Galar, F|100/100 par
|move|p1a: Hatterene|Draining Kiss|p2a: Slowking
|-resisted|p2a: Slowking
|-damage|p2a: Slowking|93/100 par
|-heal|p1a: Hatterene|80/100|[from] drain|[of] p2a: Slowking
|
|upkeep
|turn|9
|
|t:|1743817976
|move|p1a: Hatterene|Mystical Fire|p2a: Slowking
|-damage|p2a: Slowking|80/100 par
|-unboost|p2a: Slowking|spa|1
|move|p2a: Slowking|Sludge Bomb|p1a: Hatterene
|-supereffective|p1a: Hatterene
|-damage|p1a: Hatterene|50/100
|-status|p1a: Hatterene|psn
|
|-damage|p1a: Hatterene|37/100 psn|[from] psn
|upkeep
|turn|10
|
|t:|1743817980
|move|p1a: Hatterene|Psyshock|p2a: Slowking
|-damage|p2a: Slowking|43/100 par
|-prepare|p2a: Slowking|Chilly Reception|[premajor]
|cant|p2a: Slowking|par
|
|-damage|p1a: Hatterene|25/100 psn|[from] psn
|upkeep
|turn|11
|
|t:|1743817988
|move|p1a: Hatterene|Draining Kiss|p2a: Slowking
|-resisted|p2a: Slowking
|-damage|p2a: Slowking|37/100 par
|-heal|p1a: Hatterene|31/100 psn|[from] drain|[of] p2a: Slowking
|-prepare|p2a: Slowking|Chilly Reception|[premajor]
|move|p2a: Slowking|Chilly Reception|p2a: Slowking
|-weather|Snowscape
|
|t:|1743817994
|switch|p2a: Iron Valiant|Iron Valiant|81/100|[from] Chilly Reception
|
|-weather|Snowscape|[upkeep]
|-damage|p1a: Hatterene|19/100 psn|[from] psn
|upkeep
|turn|12
|
|t:|1743817998
|move|p2a: Iron Valiant|Moonblast|p1a: Hatterene
|-damage|p1a: Hatterene|0 fnt
|faint|p1a: Hatterene
|-damage|p2a: Iron Valiant|71/100|[from] item: Life Orb
|
|-weather|Snowscape|[upkeep]
|upkeep
|
|t:|1743818017
|switch|p1a: Kyurem|Kyurem|52/100
|-ability|p1a: Kyurem|Pressure
|turn|13
|
|t:|1743818024
|move|p2a: Iron Valiant|Close Combat|p1a: Kyurem
|-supereffective|p1a: Kyurem
|-damage|p1a: Kyurem|0 fnt
|-unboost|p2a: Iron Valiant|def|1
|-unboost|p2a: Iron Valiant|spd|1
|faint|p1a: Kyurem
|-damage|p2a: Iron Valiant|62/100|[from] item: Life Orb
|
|-weather|Snowscape|[upkeep]
|upkeep
|
|t:|1743818027
|switch|p1a: Great Tusk|Great Tusk|100/100
|-enditem|p1a: Great Tusk|Booster Energy
|-activate|p1a: Great Tusk|ability: Protosynthesis|[fromitem]
|-start|p1a: Great Tusk|protosynthesisspe
|turn|14
|
|t:|1743818035
|-end|p2a: Iron Valiant|Quark Drive|[silent]
|switch|p2a: Corviknight|Corviknight, F, shiny|10/100
|-ability|p2a: Corviknight|Pressure
|move|p1a: Great Tusk|Headlong Rush|p2a: Corviknight
|-immune|p2a: Corviknight
|
|-weather|Snowscape|[upkeep]
|upkeep
|turn|15
|
|t:|1743818038
|move|p1a: Great Tusk|Bulk Up|p1a: Great Tusk
|-boost|p1a: Great Tusk|atk|1
|-boost|p1a: Great Tusk|def|1
|move|p2a: Corviknight|Roost|p2a: Corviknight
|-heal|p2a: Corviknight|60/100
|-singleturn|p2a: Corviknight|move: Roost
|
|-weather|none
|upkeep
|turn|16
|
|t:|1743818044
|move|p1a: Great Tusk|Ice Spinner|p2a: Corviknight
|-damage|p2a: Corviknight|40/100
|-damage|p1a: Great Tusk|84/100|[from] item: Rocky Helmet|[of] p2a: Corviknight
|move|p2a: Corviknight|Brave Bird|p1a: Great Tusk
|-supereffective|p1a: Great Tusk
|-damage|p1a: Great Tusk|53/100
|-damage|p2a: Corviknight|29/100|[from] Recoil
|
|upkeep
|turn|17
|
|t:|1743818048
|move|p1a: Great Tusk|Bulk Up|p1a: Great Tusk
|-boost|p1a: Great Tusk|atk|1
|-boost|p1a: Great Tusk|def|1
|move|p2a: Corviknight|Brave Bird|p1a: Great Tusk
|-supereffective|p1a: Great Tusk
|-damage|p1a: Great Tusk|30/100
|-damage|p2a: Corviknight|21/100|[from] Recoil
|
|upkeep
|turn|18
|
|t:|1743818050
|move|p1a: Great Tusk|Ice Spinner|p2a: Corviknight
|-damage|p2a: Corviknight|0 fnt
|-damage|p1a: Great Tusk|13/100|[from] item: Rocky Helmet|[of] p2a: Corviknight
|faint|p2a: Corviknight
|
|upkeep
|
|t:|1743818053
|switch|p2a: Iron Valiant|Iron Valiant|62/100
|turn|19
|
|t:|1743818060
|move|p2a: Iron Valiant|Vacuum Wave|p1a: Great Tusk
|-damage|p1a: Great Tusk|0 fnt
|faint|p1a: Great Tusk
|-end|p1a: Great Tusk|Protosynthesis|[silent]
|-damage|p2a: Iron Valiant|52/100|[from] item: Life Orb
|
|upkeep
|
|t:|1743818062
|switch|p1a: Indeedee|Indeedee, M|100/100
|-fieldstart|move: Psychic Terrain|[from] ability: Psychic Surge|[of] p1a: Indeedee
|turn|20
|
|t:|1743818065
|-end|p2a: Iron Valiant|Quark Drive|[silent]
|switch|p2a: Ting-Lu|Ting-Lu|85/100
|-ability|p2a: Ting-Lu|Vessel of Ruin
|move|p1a: Indeedee|Expanding Force|p2a: Ting-Lu
|-immune|p2a: Ting-Lu
|
|-heal|p2a: Ting-Lu|91/100|[from] item: Leftovers
|upkeep
|turn|21
|
|t:|1743818073
|move|p1a: Indeedee|Healing Wish|p1a: Indeedee
|faint|p1a: Indeedee
|move|p2a: Ting-Lu|Whirlwind|p1: Indeedee|[notarget]
|-fail|p2a: Ting-Lu
|
|-heal|p2a: Ting-Lu|98/100|[from] item: Leftovers
|upkeep
|
|t:|1743818079
|switch|p1a: Hawlucha|Hawlucha, F|100/100
|-enditem|p1a: Hawlucha|Psychic Seed
|-boost|p1a: Hawlucha|spd|1|[from] item: Psychic Seed
|turn|22
|
|t:|1743818083
|move|p1a: Hawlucha|Swords Dance|p1a: Hawlucha
|-boost|p1a: Hawlucha|atk|2
|move|p2a: Ting-Lu|Ruination|p1a: Hawlucha
|-damage|p1a: Hawlucha|51/100
|
|-heal|p2a: Ting-Lu|100/100|[from] item: Leftovers
|upkeep
|turn|23
|inactive|PinkPanther080129 has 120 seconds left.
|
|t:|1743818116
|move|p1a: Hawlucha|Swords Dance|p1a: Hawlucha
|-boost|p1a: Hawlucha|atk|2
|move|p2a: Ting-Lu|Ruination|p1a: Hawlucha
|-damage|p1a: Hawlucha|26/100
|
|upkeep
|turn|24
|inactive|PinkPanther080129 has 120 seconds left.
|
|t:|1743818130
|move|p1a: Hawlucha|Close Combat|p2a: Ting-Lu
|-supereffective|p2a: Ting-Lu
|-damage|p2a: Ting-Lu|0 fnt
|-unboost|p1a: Hawlucha|def|1
|-unboost|p1a: Hawlucha|spd|1
|faint|p2a: Ting-Lu
|
|upkeep
|inactive|PinkPanther080129 has 120 seconds left.
|
|t:|1743818135
|switch|p2a: Slowking|Slowking-Galar, F|70/100 par
|turn|25
|
|t:|1743818141
|-terastallize|p1a: Hawlucha|Fire
|move|p1a: Hawlucha|Tera Blast|p2a: Slowking|[anim] Tera Blast Fire
|-damage|p2a: Slowking|0 fnt
|faint|p2a: Slowking
|
|upkeep
|
|t:|1743818147
|switch|p2a: Dragapult|Dragapult, M|100/100
|turn|26
|
|t:|1743818151
|move|p1a: Hawlucha|Acrobatics|p2a: Dragapult
|-damage|p2a: Dragapult|0 fnt
|faint|p2a: Dragapult
|
|upkeep
|
|t:|1743818153
|switch|p2a: Iron Valiant|Iron Valiant|52/100
|turn|27
|
|t:|1743818166
|move|p1a: Hawlucha|Tera Blast|p2a: Iron Valiant|[anim] Tera Blast Fire
|-damage|p2a: Iron Valiant|0 fnt
|faint|p2a: Iron Valiant
|-end|p2a: Iron Valiant|Quark Drive|[silent]
|
|-fieldend|move: Psychic Terrain
|upkeep
|
|t:|1743818168
|switch|p2a: Kingambit|Kingambit, F, shiny|100/100
|-activate|p2a: Kingambit|ability: Supreme Overlord
|-start|p2a: Kingambit|fallen5|[silent]
|turn|28
|
|t:|1743818171
|move|p2a: Kingambit|Sucker Punch|p1a: Hawlucha
|-damage|p1a: Hawlucha|0 fnt
|faint|p1a: Hawlucha
|
|win|PinkPanther080129
|raw|EpicUmbreon29's rating: 1617 &rarr; <strong>1602</strong><br />(-15 for losing)
|raw|PinkPanther080129's rating: 1699 &rarr; <strong>1714</strong><br />(+15 for winning)
|l|☆EpicUmbreon29
|player|p1|
|l|☆PinkPanther080129
|player|p2|
