|j|☆mach95a113
|j|☆lklowxhn
|t:|1743822523
|gametype|singles
|player|p1|mach95a113|nate|1273
|player|p2|lklowxhn|silver|1268
|teamsize|p1|6
|teamsize|p2|6
|gen|9
|tier|[Gen 9] OU
|rated|
|rule|HP Percentage Mod: HP is shown in percentages
|rule|Endless Battle Clause: Forcing endless battles is banned
|rule|Species Clause: Limit one of each Pokémon
|rule|OHKO Clause: OHKO moves are banned
|rule|Evasion Items Clause: Evasion items are banned
|rule|Evasion Moves Clause: Evasion moves are banned
|rule|Sleep Moves Clause: Sleep-inducing moves are banned
|clearpoke
|poke|p1|Cinderace, F|
|poke|p1|Dragapult, M|
|poke|p1|Zapdos|
|poke|p1|Landorus-Therian, M|
|poke|p1|Samurott-Hisui, F|
|poke|p1|Pecharunt|
|poke|p2|Pelipper, F|
|poke|p2|Scizor, F|
|poke|p2|Floatzel, F|
|poke|p2|Thundurus, M|
|poke|p2|Ludicolo, M|
|poke|p2|Landorus-Therian, M|
|teampreview
|inactive|Battle timer is ON: inactive players will automatically lose when time's up. (requested by lklowxhn)
|c|☆mach95a113|Good luck!
|inactive|mach95a113 has 120 seconds left.
|
|t:|1743822564
|start
|switch|p1a: The Electric Duo|Zapdos, shiny|100/100
|switch|p2a: Pelipper|Pelipper, F|100/100
|-weather|RainDance|[from] ability: Drizzle|[of] p2a: Pelipper
|turn|1
|
|t:|1743822574
|switch|p2a: Landorus|Landorus-Therian, M|100/100
|-ability|p2a: Landorus|Intimidate|boost
|-unboost|p1a: The Electric Duo|atk|1
|move|p1a: The Electric Duo|Volt Switch|p2a: Landorus
|-immune|p2a: Landorus
|
|-weather|RainDance|[upkeep]
|upkeep
|turn|2
|
|t:|1743822580
|switch|p1a: Weretiger|Landorus-Therian, M|100/100
|-ability|p1a: Weretiger|Intimidate|boost
|-unboost|p2a: Landorus|atk|1
|move|p2a: Landorus|Stealth Rock|p1a: Weretiger
|-sidestart|p1: mach95a113|move: Stealth Rock
|
|-weather|RainDance|[upkeep]
|upkeep
|turn|3
|
|t:|1743822609
|move|p1a: Weretiger|Taunt|p2a: Landorus
|-start|p2a: Landorus|move: Taunt
|move|p2a: Landorus|U-turn|p1a: Weretiger
|-resisted|p1a: Weretiger
|-damage|p1a: Weretiger|91/100
|-damage|p2a: Landorus|84/100|[from] item: Rocky Helmet|[of] p1a: Weretiger
|
|t:|1743822617
|switch|p2a: Floatzel|Floatzel, F|100/100|[from] U-turn
|
|-weather|RainDance|[upkeep]
|upkeep
|turn|4
|
|t:|1743822626
|switch|p1a: Samiroth|Samurott-Hisui, F, shiny|100/100
|-damage|p1a: Samiroth|88/100|[from] Stealth Rock
|move|p2a: Floatzel|Ice Spinner|p1a: Samiroth
|-resisted|p1a: Samiroth
|-damage|p1a: Samiroth|66/100
|-damage|p2a: Floatzel|91/100|[from] item: Life Orb
|
|-weather|RainDance|[upkeep]
|upkeep
|turn|5
|
|t:|1743822633
|move|p1a: Samiroth|Sucker Punch|p2a: Floatzel
|-damage|p2a: Floatzel|38/100
|move|p2a: Floatzel|Low Kick|p1a: Samiroth
|-supereffective|p1a: Samiroth
|-damage|p1a: Samiroth|0 fnt
|faint|p1a: Samiroth
|-damage|p2a: Floatzel|28/100|[from] item: Life Orb
|
|-weather|RainDance|[upkeep]
|upkeep
|
|t:|1743822658
|switch|p1a: Soul of Cinder|Cinderace, F|100/100
|turn|6
|
|t:|1743822666
|move|p1a: Soul of Cinder|Sucker Punch|p2a: Floatzel
|-start|p1a: Soul of Cinder|typechange|Dark|[from] ability: Libero
|-damage|p2a: Floatzel|0 fnt
|faint|p2a: Floatzel
|
|-weather|RainDance|[upkeep]
|upkeep
|inactive|lklowxhn has 120 seconds left.
|c|☆lklowxhn|Too many sucker punch
|
|t:|1743822704
|switch|p2a: Ludicolo|Ludicolo, M|100/100
|turn|7
|
|t:|1743822725
|move|p2a: Ludicolo|Weather Ball|p1a: Soul of Cinder
|-damage|p1a: Soul of Cinder|0 fnt
|faint|p1a: Soul of Cinder
|
|-weather|RainDance|[upkeep]
|upkeep
|
|t:|1743822736
|switch|p1a: The Wingsmould|Pecharunt|100/100
|-damage|p1a: The Wingsmould|88/100|[from] Stealth Rock
|-item|p1a: The Wingsmould|Air Balloon
|turn|8
|
|t:|1743822746
|switch|p1a: Omega|Dragapult, M|100/100
|move|p2a: Ludicolo|Weather Ball|p1a: Omega
|-resisted|p1a: Omega
|-damage|p1a: Omega|34/100
|
|-weather|none
|upkeep
|turn|9
|
|t:|1743822754
|switch|p2a: Pelipper|Pelipper, F|100/100
|-weather|RainDance|[from] ability: Drizzle|[of] p2a: Pelipper
|move|p1a: Omega|U-turn|p2a: Pelipper
|-resisted|p2a: Pelipper
|-crit|p2a: Pelipper
|-damage|p2a: Pelipper|82/100
|
|t:|1743822773
|switch|p1a: The Electric Duo|Zapdos, shiny|100/100|[from] U-turn
|-damage|p1a: The Electric Duo|76/100|[from] Stealth Rock
|
|-weather|RainDance|[upkeep]
|upkeep
|turn|10
|
|t:|1743822783
|switch|p2a: Landorus|Landorus-Therian, M|84/100
|-ability|p2a: Landorus|Intimidate|boost
|-unboost|p1a: The Electric Duo|atk|1
|move|p1a: The Electric Duo|Hurricane|p2a: Landorus
|-damage|p2a: Landorus|0 fnt
|faint|p2a: Landorus
|
|-weather|RainDance|[upkeep]
|upkeep
|
|t:|1743822794
|switch|p2a: Ludicolo|Ludicolo, M|100/100
|turn|11
|inactive|mach95a113 has 120 seconds left.
|
|t:|1743822836
|switch|p1a: Omega|Dragapult, M|34/100
|move|p2a: Ludicolo|Ice Beam|p1a: Omega
|-supereffective|p1a: Omega
|-damage|p1a: Omega|0 fnt
|faint|p1a: Omega
|
|-weather|RainDance|[upkeep]
|upkeep
|
|t:|1743822842
|switch|p1a: The Wingsmould|Pecharunt|88/100
|-damage|p1a: The Wingsmould|76/100|[from] Stealth Rock
|-item|p1a: The Wingsmould|Air Balloon
|turn|12
|
|t:|1743822849
|switch|p2a: Thundurus|Thundurus, M|100/100
|move|p1a: The Wingsmould|Recover|p1a: The Wingsmould
|-heal|p1a: The Wingsmould|100/100
|
|-weather|RainDance|[upkeep]
|upkeep
|turn|13
|
|t:|1743822856
|move|p2a: Thundurus|Thunder|p1a: The Wingsmould
|-damage|p1a: The Wingsmould|42/100
|-enditem|p1a: The Wingsmould|Air Balloon
|-damage|p2a: Thundurus|91/100|[from] item: Life Orb
|move|p1a: The Wingsmould|Parting Shot|p2a: Thundurus
|-unboost|p2a: Thundurus|atk|1
|-unboost|p2a: Thundurus|spa|1
|
|t:|1743822872
|switch|p1a: Weretiger|Landorus-Therian, M|91/100|[from] Parting Shot
|-damage|p1a: Weretiger|79/100|[from] Stealth Rock
|-ability|p1a: Weretiger|Intimidate|boost
|-unboost|p2a: Thundurus|atk|1
|
|-weather|RainDance|[upkeep]
|upkeep
|turn|14
|
|t:|1743822881
|move|p2a: Thundurus|Weather Ball|p1a: Weretiger
|-supereffective|p1a: Weretiger
|-damage|p1a: Weretiger|0 fnt
|faint|p1a: Weretiger
|-damage|p2a: Thundurus|81/100|[from] item: Life Orb
|
|-weather|RainDance|[upkeep]
|upkeep
|
|t:|1743822898
|switch|p1a: The Wingsmould|Pecharunt|42/100
|-damage|p1a: The Wingsmould|30/100|[from] Stealth Rock
|turn|15
|
|t:|1743822912
|move|p2a: Thundurus|Volt Switch|p1a: The Wingsmould
|-damage|p1a: The Wingsmould|6/100
|-damage|p2a: Thundurus|71/100|[from] item: Life Orb
|
|t:|1743822918
|switch|p2a: Ludicolo|Ludicolo, M|100/100|[from] Volt Switch
|move|p1a: The Wingsmould|Recover|p1a: The Wingsmould
|-heal|p1a: The Wingsmould|56/100
|
|-weather|RainDance|[upkeep]
|upkeep
|turn|16
|
|t:|1743822927
|-terastallize|p2a: Ludicolo|Water
|move|p2a: Ludicolo|Weather Ball|p1a: The Wingsmould
|-damage|p1a: The Wingsmould|0 fnt
|faint|p1a: The Wingsmould
|
|-weather|none
|upkeep
|
|t:|1743822933
|switch|p1a: The Electric Duo|Zapdos, shiny|76/100
|-damage|p1a: The Electric Duo|51/100|[from] Stealth Rock
|turn|17
|inactive|mach95a113 has 120 seconds left.
|
|t:|1743822945
|switch|p2a: Pelipper|Pelipper, F|82/100
|-weather|RainDance|[from] ability: Drizzle|[of] p2a: Pelipper
|-terastallize|p1a: The Electric Duo|Electric
|move|p1a: The Electric Duo|Thunderbolt|p2a: Pelipper
|-supereffective|p2a: Pelipper
|-damage|p2a: Pelipper|0 fnt
|faint|p2a: Pelipper
|
|-weather|RainDance|[upkeep]
|upkeep
|
|t:|1743822954
|switch|p2a: Ludicolo|Ludicolo, M, tera:Water|100/100
|turn|18
|
|t:|1743822961
|move|p2a: Ludicolo|Weather Ball|p1a: The Electric Duo
|-damage|p1a: The Electric Duo|0 fnt
|faint|p1a: The Electric Duo
|
|win|lklowxhn
|raw|mach95a113's rating: 1273 &rarr; <strong>1248</strong><br />(-25 for losing)
|raw|lklowxhn's rating: 1268 &rarr; <strong>1293</strong><br />(+25 for winning)
|c|☆mach95a113|Gg
|c|☆lklowxhn|gg
|l|☆lklowxhn
|player|p2|
