|j|☆elqixr
|j|☆Arabesca
|t:|1743826165
|gametype|singles
|player|p1|elqixr|265|1061
|player|p2|Arabesca|mom-hoenn|1068
|teamsize|p1|6
|teamsize|p2|6
|gen|9
|tier|[Gen 9] OU
|rated|
|rule|HP Percentage Mod: HP is shown in percentages
|rule|Endless Battle Clause: Forcing endless battles is banned
|rule|Species Clause: Limit one of each Pokémon
|rule|OHKO Clause: OHKO moves are banned
|rule|Evasion Items Clause: Evasion items are banned
|rule|Evasion Moves Clause: Evasion moves are banned
|rule|Sleep Moves Clause: Sleep-inducing moves are banned
|clearpoke
|poke|p1|Dragapult, M|
|poke|p1|Gliscor, M|
|poke|p1|Pelipper, M|
|poke|p1|Greninja-*, M|
|poke|p1|Salamence, F|
|poke|p1|Barraskewda, F|
|poke|p2|Grimmsnarl, M|
|poke|p2|Scizor, M|
|poke|p2|Quaquaval, M|
|poke|p2|Sandy Shocks|
|poke|p2|Iron Jugulis|
|poke|p2|Oricorio-Pom-Pom, M|
|teampreview
|
|t:|1743826169
|start
|switch|p1a: Lechonak|Dragapult, M, shiny|100/100
|switch|p2a: Grimmsnarl|Grimmsnarl, M|100/100
|turn|1
|
|t:|1743826176
|move|p2a: Grimmsnarl|Reflect|p2a: Grimmsnarl
|-sidestart|p2: Arabesca|Reflect
|move|p1a: Lechonak|Substitute|p1a: Lechonak
|-start|p1a: Lechonak|Substitute
|-damage|p1a: Lechonak|76/100
|
|upkeep
|turn|2
|
|t:|1743826180
|move|p2a: Grimmsnarl|Light Screen|p2a: Grimmsnarl
|-sidestart|p2: Arabesca|move: Light Screen
|move|p1a: Lechonak|Dragon Dance|p1a: Lechonak
|-boost|p1a: Lechonak|atk|1
|-boost|p1a: Lechonak|spe|1
|
|upkeep
|turn|3
|
|t:|1743826182
|move|p2a: Grimmsnarl|Taunt|p1a: Lechonak
|-start|p1a: Lechonak|move: Taunt
|cant|p1a: Lechonak|move: Taunt|Dragon Dance
|
|upkeep
|turn|4
|
|t:|1743826186
|move|p2a: Grimmsnarl|Parting Shot|p1a: Lechonak
|-unboost|p1a: Lechonak|atk|1
|-unboost|p1a: Lechonak|spa|1
|
|t:|1743826191
|switch|p2a: Scizor|Scizor, M|100/100|[from] Parting Shot
|move|p1a: Lechonak|U-turn|p2a: Scizor
|-resisted|p2a: Scizor
|-damage|p2a: Scizor|83/100
|-damage|p1a: Lechonak|66/100|[from] item: Life Orb
|
|t:|1743826199
|switch|p1a: Crashino|Gliscor, M|100/100|[from] U-turn
|
|-status|p1a: Crashino|tox|[from] item: Toxic Orb
|upkeep
|turn|5
|
|t:|1743826203
|move|p2a: Scizor|Swords Dance|p2a: Scizor
|-boost|p2a: Scizor|atk|2
|move|p1a: Crashino|Substitute|p1a: Crashino
|-start|p1a: Crashino|Substitute
|-damage|p1a: Crashino|76/100 tox
|
|-heal|p1a: Crashino|88/100 tox|[from] ability: Poison Heal
|upkeep
|turn|6
|
|t:|1743826207
|move|p2a: Scizor|Bullet Punch|p1a: Crashino
|-end|p1a: Crashino|Substitute
|-damage|p2a: Scizor|73/100|[from] item: Life Orb
|move|p1a: Crashino|Earthquake|p2a: Scizor
|-damage|p2a: Scizor|44/100
|
|-heal|p1a: Crashino|100/100 tox|[from] ability: Poison Heal
|upkeep
|turn|7
|
|t:|1743826215
|move|p2a: Scizor|Bullet Punch|p1a: Crashino
|-damage|p1a: Crashino|29/100 tox
|-damage|p2a: Scizor|34/100|[from] item: Life Orb
|move|p1a: Crashino|Substitute|p1a: Crashino
|-start|p1a: Crashino|Substitute
|-damage|p1a: Crashino|4/100 tox
|
|-heal|p1a: Crashino|17/100 tox|[from] ability: Poison Heal
|upkeep
|turn|8
|
|t:|1743826220
|move|p2a: Scizor|Bullet Punch|p1a: Crashino
|-end|p1a: Crashino|Substitute
|-damage|p2a: Scizor|24/100|[from] item: Life Orb
|move|p1a: Crashino|Earthquake|p2a: Scizor
|-damage|p2a: Scizor|0 fnt
|faint|p2a: Scizor
|
|-heal|p1a: Crashino|29/100 tox|[from] ability: Poison Heal
|-sideend|p2: Arabesca|Reflect
|upkeep
|
|t:|1743826224
|switch|p2a: Oricorio|Oricorio-Pom-Pom, M|100/100
|turn|9
|
|t:|1743826232
|switch|p1a: Cashew|Pelipper, M|100/100
|-weather|RainDance|[from] ability: Drizzle|[of] p1a: Cashew
|move|p2a: Oricorio|Quiver Dance|p2a: Oricorio
|-boost|p2a: Oricorio|spa|1
|-boost|p2a: Oricorio|spd|1
|-boost|p2a: Oricorio|spe|1
|
|-weather|RainDance|[upkeep]
|-sideend|p2: Arabesca|move: Light Screen
|upkeep
|turn|10
|
|t:|1743826240
|move|p2a: Oricorio|Revelation Dance|p1a: Cashew
|-supereffective|p1a: Cashew
|-enditem|p1a: Cashew|Focus Sash
|-damage|p1a: Cashew|1/100
|move|p1a: Cashew|Tailwind|p1a: Cashew
|-sidestart|p1: elqixr|move: Tailwind
|
|-weather|RainDance|[upkeep]
|upkeep
|turn|11
|
|t:|1743826247
|switch|p1a: Crashino|Gliscor, M|29/100 tox
|move|p2a: Oricorio|Quiver Dance|p2a: Oricorio
|-boost|p2a: Oricorio|spa|1
|-boost|p2a: Oricorio|spd|1
|-boost|p2a: Oricorio|spe|1
|
|-weather|RainDance|[upkeep]
|-heal|p1a: Crashino|41/100 tox|[from] ability: Poison Heal
|upkeep
|turn|12
|
|t:|1743826254
|-terastallize|p1a: Crashino|Normal
|move|p1a: Crashino|Facade|p2a: Oricorio
|-damage|p2a: Oricorio|47/100
|move|p2a: Oricorio|Air Slash|p1a: Crashino
|-damage|p1a: Crashino|0 fnt
|faint|p1a: Crashino
|
|-weather|RainDance|[upkeep]
|upkeep
|
|t:|1743826264
|switch|p1a: Lechonak|Dragapult, M, shiny|66/100
|turn|13
|
|t:|1743826267
|move|p1a: Lechonak|Dragon Darts|p2a: Oricorio
|-damage|p2a: Oricorio|21/100
|-anim|p1a: Lechonak|Dragon Darts|p2a: Oricorio
|-damage|p2a: Oricorio|0 fnt
|faint|p2a: Oricorio
|-damage|p1a: Lechonak|56/100|[from] item: Life Orb
|
|-weather|none
|-sideend|p1: elqixr|move: Tailwind
|upkeep
|
|t:|1743826272
|switch|p2a: Grimmsnarl|Grimmsnarl, M|100/100
|turn|14
|
|t:|1743826276
|move|p2a: Grimmsnarl|Reflect|p2a: Grimmsnarl
|-sidestart|p2: Arabesca|Reflect
|move|p1a: Lechonak|U-turn|p2a: Grimmsnarl
|-damage|p2a: Grimmsnarl|63/100
|-damage|p1a: Lechonak|46/100|[from] item: Life Orb
|
|t:|1743826282
|switch|p1a: Sir Nuggaball|Greninja, M|100/100|[from] U-turn
|
|upkeep
|turn|15
|
|t:|1743826285
|move|p1a: Sir Nuggaball|Water Shuriken|p2a: Grimmsnarl
|-damage|p2a: Grimmsnarl|56/100
|-damage|p2a: Grimmsnarl|49/100
|-damage|p2a: Grimmsnarl|43/100
|-damage|p2a: Grimmsnarl|36/100
|-damage|p2a: Grimmsnarl|28/100
|-hitcount|p2a: Grimmsnarl|5
|move|p2a: Grimmsnarl|Light Screen|p2a: Grimmsnarl
|-sidestart|p2: Arabesca|move: Light Screen
|
|upkeep
|turn|16
|
|t:|1743826288
|move|p2a: Grimmsnarl|Parting Shot|p1a: Sir Nuggaball
|-hint|Since gen 7, Dark is immune to Prankster moves.
|-immune|p1a: Sir Nuggaball
|move|p1a: Sir Nuggaball|U-turn|p2a: Grimmsnarl
|-damage|p2a: Grimmsnarl|20/100
|
|t:|1743826293
|switch|p1a: Cashew|Pelipper, M|1/100|[from] U-turn
|-weather|RainDance|[from] ability: Drizzle|[of] p1a: Cashew
|
|-weather|RainDance|[upkeep]
|upkeep
|turn|17
|
|t:|1743826296
|move|p2a: Grimmsnarl|Parting Shot|p1a: Cashew
|-unboost|p1a: Cashew|atk|1
|-unboost|p1a: Cashew|spa|1
|
|t:|1743826298
|switch|p2a: Quaquaval|Quaquaval, M|100/100|[from] Parting Shot
|move|p1a: Cashew|Tailwind|p1a: Cashew
|-sidestart|p1: elqixr|move: Tailwind
|
|-weather|RainDance|[upkeep]
|upkeep
|turn|18
|
|t:|1743826302
|move|p1a: Cashew|U-turn|p2a: Quaquaval
|-resisted|p2a: Quaquaval
|-damage|p2a: Quaquaval|99/100
|
|t:|1743826307
|switch|p1a: Celestial|Salamence, F|100/100|[from] U-turn
|move|p2a: Quaquaval|Aqua Step|p1a: Celestial
|-resisted|p1a: Celestial
|-damage|p1a: Celestial|67/100
|-boost|p2a: Quaquaval|spe|1
|
|-weather|RainDance|[upkeep]
|-heal|p2a: Quaquaval|100/100|[from] item: Leftovers
|upkeep
|turn|19
|
|t:|1743826316
|move|p1a: Celestial|Dual Wingbeat|p2a: Quaquaval
|-supereffective|p2a: Quaquaval
|-damage|p2a: Quaquaval|77/100
|-supereffective|p2a: Quaquaval
|-damage|p2a: Quaquaval|53/100
|-hitcount|p2a: Quaquaval|2
|move|p2a: Quaquaval|Ice Spinner|p1a: Celestial
|-supereffective|p1a: Celestial
|-damage|p1a: Celestial|0 fnt
|faint|p1a: Celestial
|-ability|p2a: Quaquaval|Moxie|boost
|-boost|p2a: Quaquaval|atk|1
|
|-weather|RainDance|[upkeep]
|-heal|p2a: Quaquaval|59/100|[from] item: Leftovers
|upkeep
|
|t:|1743826325
|switch|p1a: Lechonak|Dragapult, M, shiny|46/100
|turn|20
|
|t:|1743826329
|move|p1a: Lechonak|Dragon Darts|p2a: Quaquaval
|-damage|p2a: Quaquaval|23/100
|-anim|p1a: Lechonak|Dragon Darts|p2a: Quaquaval
|-damage|p2a: Quaquaval|0 fnt
|faint|p2a: Quaquaval
|-damage|p1a: Lechonak|36/100|[from] item: Life Orb
|
|-weather|none
|-sideend|p1: elqixr|move: Tailwind
|upkeep
|
|t:|1743826335
|switch|p2a: Sandy Shocks|Sandy Shocks|100/100
|turn|21
|
|t:|1743826338
|move|p2a: Sandy Shocks|Earth Power|p1a: Lechonak
|-damage|p1a: Lechonak|0 fnt
|faint|p1a: Lechonak
|
|-sideend|p2: Arabesca|Reflect
|upkeep
|
|t:|1743826349
|switch|p1a: Cashew|Pelipper, M|1/100
|-weather|RainDance|[from] ability: Drizzle|[of] p1a: Cashew
|turn|22
|
|t:|1743826352
|-end|p2a: Sandy Shocks|Protosynthesis|[silent]
|switch|p2a: Iron Jugulis|Iron Jugulis|100/100
|-enditem|p2a: Iron Jugulis|Booster Energy
|-activate|p2a: Iron Jugulis|ability: Quark Drive|[fromitem]
|-start|p2a: Iron Jugulis|quarkdrivespe
|move|p1a: Cashew|Tailwind|p1a: Cashew
|-sidestart|p1: elqixr|move: Tailwind
|
|-weather|RainDance|[upkeep]
|-sideend|p2: Arabesca|move: Light Screen
|upkeep
|turn|23
|
|t:|1743826360
|move|p2a: Iron Jugulis|Dark Pulse|p1a: Cashew
|-damage|p1a: Cashew|0 fnt
|faint|p1a: Cashew
|
|-weather|RainDance|[upkeep]
|upkeep
|
|t:|1743826362
|switch|p1a: Fatfuck|Barraskewda, F|100/100
|turn|24
|
|t:|1743826366
|move|p1a: Fatfuck|Liquidation|p2a: Iron Jugulis
|-damage|p2a: Iron Jugulis|0 fnt
|faint|p2a: Iron Jugulis
|-end|p2a: Iron Jugulis|Quark Drive|[silent]
|
|-weather|RainDance|[upkeep]
|upkeep
|
|t:|1743826369
|switch|p2a: Grimmsnarl|Grimmsnarl, M|20/100
|turn|25
|
|t:|1743826373
|move|p2a: Grimmsnarl|Reflect|p2a: Grimmsnarl
|-sidestart|p2: Arabesca|Reflect
|move|p1a: Fatfuck|Liquidation|p2a: Grimmsnarl
|-damage|p2a: Grimmsnarl|0 fnt
|faint|p2a: Grimmsnarl
|
|-weather|RainDance|[upkeep]
|-sideend|p1: elqixr|move: Tailwind
|upkeep
|
|t:|1743826377
|switch|p2a: Sandy Shocks|Sandy Shocks|100/100
|turn|26
|
|t:|1743826383
|-terastallize|p2a: Sandy Shocks|Grass
|move|p1a: Fatfuck|Liquidation|p2a: Sandy Shocks
|-resisted|p2a: Sandy Shocks
|-damage|p2a: Sandy Shocks|70/100
|-unboost|p2a: Sandy Shocks|def|1
|move|p2a: Sandy Shocks|Thunderbolt|p1a: Fatfuck
|-supereffective|p1a: Fatfuck
|-damage|p1a: Fatfuck|0 fnt
|faint|p1a: Fatfuck
|
|-weather|none
|upkeep
|
|t:|1743826385
|switch|p1a: Sir Nuggaball|Greninja, M|100/100
|turn|27
|
|t:|1743826394
|move|p2a: Sandy Shocks|Thunderbolt|p1a: Sir Nuggaball
|-supereffective|p1a: Sir Nuggaball
|-damage|p1a: Sir Nuggaball|0 fnt
|faint|p1a: Sir Nuggaball
|
|win|Arabesca
|raw|elqixr's rating: 1061 &rarr; <strong>1042</strong><br />(-19 for losing)
|raw|Arabesca's rating: 1068 &rarr; <strong>1097</strong><br />(+29 for winning)
|l|☆elqixr
|player|p1|
|l|☆Arabesca
|player|p2|
