|j|☆Power5121
|j|☆Geobat-99
|t:|1743825104
|gametype|singles
|player|p1|Power5121|zinnia|1123
|player|p2|Geobat-99|101|1130
|teamsize|p1|6
|teamsize|p2|6
|gen|9
|tier|[Gen 9] OU
|rated|
|rule|HP Percentage Mod: HP is shown in percentages
|rule|Endless Battle Clause: Forcing endless battles is banned
|rule|Species Clause: Limit one of each Pokémon
|rule|OHKO Clause: OHKO moves are banned
|rule|Evasion Items Clause: Evasion items are banned
|rule|Evasion Moves Clause: Evasion moves are banned
|rule|Sleep Moves Clause: Sleep-inducing moves are banned
|clearpoke
|poke|p1|Toxapex, F|
|poke|p1|Sinistcha-Masterpiece|
|poke|p1|Mandibuzz, F|
|poke|p1|Grimmsnarl, M|
|poke|p1|Dragonite, F|
|poke|p1|Articuno-Galar|
|poke|p2|Garganacl, F|
|poke|p2|Garchomp, F|
|poke|p2|Alomomola, M|
|poke|p2|Darkrai|
|poke|p2|Pecharunt|
|poke|p2|Great Tusk|
|teampreview
|inactive|Battle timer is ON: inactive players will automatically lose when time's up. (requested by Power5121)
|
|t:|1743825127
|start
|switch|p1a: Articuno|Articuno-Galar|100/100
|switch|p2a: Garganacl|Garganacl, F|100/100
|turn|1
|
|t:|1743825132
|move|p1a: Articuno|U-turn|p2a: Garganacl
|-damage|p2a: Garganacl|92/100
|
|t:|1743825135
|switch|p1a: Toxapex|Toxapex, F|100/100|[from] U-turn
|move|p2a: Garganacl|Stealth Rock|p1a: Toxapex
|-sidestart|p1: Power5121|move: Stealth Rock
|
|-heal|p2a: Garganacl|98/100|[from] item: Leftovers
|upkeep
|turn|2
|
|t:|1743825158
|move|p1a: Toxapex|Poison Jab|p2a: Garganacl
|-resisted|p2a: Garganacl
|-damage|p2a: Garganacl|92/100
|move|p2a: Garganacl|Salt Cure|p1a: Toxapex
|-damage|p1a: Toxapex|93/100
|-start|p1a: Toxapex|Salt Cure
|
|-heal|p1a: Toxapex|99/100|[from] item: Leftovers
|-heal|p2a: Garganacl|98/100|[from] item: Leftovers
|-damage|p1a: Toxapex|74/100|[from] Salt Cure
|upkeep
|turn|3
|
|t:|1743825170
|move|p2a: Garganacl|Protect|p2a: Garganacl
|-singleturn|p2a: Garganacl|Protect
|move|p1a: Toxapex|Toxic Spikes|p2a: Garganacl
|-sidestart|p2: Geobat-99|move: Toxic Spikes
|
|-heal|p1a: Toxapex|80/100|[from] item: Leftovers
|-heal|p2a: Garganacl|100/100|[from] item: Leftovers
|-damage|p1a: Toxapex|55/100|[from] Salt Cure
|upkeep
|turn|4
|
|t:|1743825179
|switch|p1a: Grimmsnarl|Grimmsnarl, M|100/100
|-damage|p1a: Grimmsnarl|88/100|[from] Stealth Rock
|switch|p2a: Pecharunt|Pecharunt|100/100
|-sideend|p2: Geobat-99|move: Toxic Spikes|[of] p2a: Pecharunt
|
|upkeep
|turn|5
|
|t:|1743825192
|move|p1a: Grimmsnarl|Trick|p2a: Pecharunt
|-activate|p1a: Grimmsnarl|move: Trick|[of] p2a: Pecharunt
|-item|p2a: Pecharunt|Choice Scarf|[from] move: Trick
|-item|p1a: Grimmsnarl|Leftovers|[from] move: Trick
|move|p2a: Pecharunt|Parting Shot|p1a: Grimmsnarl
|-unboost|p1a: Grimmsnarl|atk|1
|-unboost|p1a: Grimmsnarl|spa|1
|
|t:|1743825207
|switch|p2a: Garchomp|Garchomp, F|100/100|[from] Parting Shot
|
|-heal|p1a: Grimmsnarl|94/100|[from] item: Leftovers
|upkeep
|turn|6
|
|t:|1743825213
|move|p2a: Garchomp|Spikes|p1a: Grimmsnarl
|-sidestart|p1: Power5121|Spikes
|move|p1a: Grimmsnarl|Play Rough|p2a: Garchomp
|-supereffective|p2a: Garchomp
|-damage|p2a: Garchomp|53/100
|-damage|p1a: Grimmsnarl|82/100|[from] ability: Rough Skin|[of] p2a: Garchomp
|-damage|p1a: Grimmsnarl|65/100|[from] item: Rocky Helmet|[of] p2a: Garchomp
|
|-heal|p1a: Grimmsnarl|71/100|[from] item: Leftovers
|upkeep
|turn|7
|
|t:|1743825229
|switch|p1a: Mandibuzz|Mandibuzz, F|100/100
|-terastallize|p2a: Garchomp|Ghost
|move|p2a: Garchomp|Spikes|p1a: Mandibuzz
|-sidestart|p1: Power5121|Spikes
|
|upkeep
|turn|8
|
|t:|1743825246
|switch|p2a: Garganacl|Garganacl, F|100/100
|move|p1a: Mandibuzz|Defog|p2a: Garganacl
|-unboost|p2a: Garganacl|evasion|1
|-sideend|p1: Power5121|Spikes|[from] move: Defog|[of] p1a: Mandibuzz
|-sideend|p1: Power5121|Stealth Rock|[from] move: Defog|[of] p1a: Mandibuzz
|
|upkeep
|turn|9
|
|t:|1743825253
|move|p1a: Mandibuzz|U-turn|p2a: Garganacl
|-damage|p2a: Garganacl|93/100
|
|t:|1743825262
|switch|p1a: Toxapex|Toxapex, F|88/100|[from] U-turn
|move|p2a: Garganacl|Salt Cure|p1a: Toxapex
|-damage|p1a: Toxapex|79/100
|-start|p1a: Toxapex|Salt Cure
|
|-heal|p1a: Toxapex|85/100|[from] item: Leftovers
|-heal|p2a: Garganacl|99/100|[from] item: Leftovers
|-damage|p1a: Toxapex|60/100|[from] Salt Cure
|upkeep
|turn|10
|
|t:|1743825272
|move|p1a: Toxapex|Poison Jab|p2a: Garganacl
|-resisted|p2a: Garganacl
|-damage|p2a: Garganacl|92/100
|move|p2a: Garganacl|Stealth Rock|p1a: Toxapex
|-sidestart|p1: Power5121|move: Stealth Rock
|
|-heal|p1a: Toxapex|67/100|[from] item: Leftovers
|-heal|p2a: Garganacl|98/100|[from] item: Leftovers
|-damage|p1a: Toxapex|42/100|[from] Salt Cure
|upkeep
|turn|11
|
|t:|1743825296
|switch|p2a: Garchomp|Garchomp, F, tera:Ghost|53/100
|move|p1a: Toxapex|Poison Jab|p2a: Garchomp
|-resisted|p2a: Garchomp
|-damage|p2a: Garchomp|45/100
|-damage|p1a: Toxapex|29/100|[from] ability: Rough Skin|[of] p2a: Garchomp
|-damage|p1a: Toxapex|13/100|[from] item: Rocky Helmet|[of] p2a: Garchomp
|
|-heal|p1a: Toxapex|19/100|[from] item: Leftovers
|-damage|p1a: Toxapex|0 fnt|[from] Salt Cure
|faint|p1a: Toxapex
|upkeep
|
|t:|1743825312
|switch|p1a: Sinistcha|Sinistcha-Masterpiece|100/100
|-damage|p1a: Sinistcha|88/100|[from] Stealth Rock
|turn|12
|
|t:|1743825321
|switch|p2a: Darkrai|Darkrai|100/100
|move|p1a: Sinistcha|Calm Mind|p1a: Sinistcha
|-boost|p1a: Sinistcha|spa|1
|-boost|p1a: Sinistcha|spd|1
|
|-heal|p1a: Sinistcha|94/100|[from] item: Leftovers
|upkeep
|turn|13
|
|t:|1743825335
|move|p2a: Darkrai|Knock Off|p1a: Sinistcha
|-supereffective|p1a: Sinistcha
|-damage|p1a: Sinistcha|47/100
|-enditem|p1a: Sinistcha|Leftovers|[from] move: Knock Off|[of] p2a: Darkrai
|move|p1a: Sinistcha|Matcha Gotcha|p2a: Darkrai
|-damage|p2a: Darkrai|24/100
|-heal|p1a: Sinistcha|78/100|[from] drain|[of] p2a: Darkrai
|
|upkeep
|turn|14
|inactive|Geobat-99 has 120 seconds left.
|
|t:|1743825366
|move|p2a: Darkrai|Dark Pulse|p1a: Sinistcha
|-supereffective|p1a: Sinistcha
|-damage|p1a: Sinistcha|0 fnt
|faint|p1a: Sinistcha
|
|upkeep
|
|t:|1743825371
|switch|p1a: Dragonite|Dragonite, F|100/100
|turn|15
|
|t:|1743825375
|move|p2a: Darkrai|Ice Beam|p1a: Dragonite
|-supereffective|p1a: Dragonite
|-damage|p1a: Dragonite|31/100
|move|p1a: Dragonite|Dragon Dance|p1a: Dragonite
|-boost|p1a: Dragonite|atk|1
|-boost|p1a: Dragonite|spe|1
|
|upkeep
|turn|16
|
|t:|1743825383
|move|p1a: Dragonite|Extreme Speed|p2a: Darkrai
|-damage|p2a: Darkrai|0 fnt
|faint|p2a: Darkrai
|
|upkeep
|
|t:|1743825392
|switch|p2a: Alomomola|Alomomola, M|100/100
|turn|17
|
|t:|1743825397
|-terastallize|p1a: Dragonite|Normal
|move|p1a: Dragonite|Extreme Speed|p2a: Alomomola
|-damage|p2a: Alomomola|56/100
|move|p2a: Alomomola|Wish|p2a: Alomomola
|
|upkeep
|turn|18
|
|t:|1743825410
|move|p1a: Dragonite|Roost|p1a: Dragonite
|-heal|p1a: Dragonite|81/100
|move|p2a: Alomomola|Scald|p1a: Dragonite
|-damage|p1a: Dragonite|66/100
|
|-heal|p2a: Alomomola|100/100|[from] move: Wish|[wisher] Alomomola
|upkeep
|turn|19
|
|t:|1743825418
|move|p1a: Dragonite|Dragon Dance|p1a: Dragonite
|-boost|p1a: Dragonite|atk|1
|-boost|p1a: Dragonite|spe|1
|move|p2a: Alomomola|Scald|p1a: Dragonite
|-damage|p1a: Dragonite|53/100
|
|upkeep
|turn|20
|
|t:|1743825424
|move|p1a: Dragonite|Extreme Speed|p2a: Alomomola
|-damage|p2a: Alomomola|40/100
|move|p2a: Alomomola|Wish|p2a: Alomomola
|
|upkeep
|turn|21
|
|t:|1743825434
|switch|p2a: Garganacl|Garganacl, F|98/100
|move|p1a: Dragonite|Extreme Speed|p2a: Garganacl
|-resisted|p2a: Garganacl
|-damage|p2a: Garganacl|65/100
|
|-heal|p2a: Garganacl|100/100|[from] move: Wish|[wisher] Alomomola
|upkeep
|turn|22
|
|t:|1743825442
|move|p1a: Dragonite|Earthquake|p2a: Garganacl
|-supereffective|p2a: Garganacl
|-damage|p2a: Garganacl|0 fnt
|faint|p2a: Garganacl
|
|upkeep
|
|t:|1743825449
|switch|p2a: Alomomola|Alomomola, M|74/100
|turn|23
|
|t:|1743825453
|move|p1a: Dragonite|Extreme Speed|p2a: Alomomola
|-damage|p2a: Alomomola|15/100
|move|p2a: Alomomola|Scald|p1a: Dragonite
|-damage|p1a: Dragonite|39/100
|-status|p1a: Dragonite|brn
|
|-damage|p1a: Dragonite|33/100 brn|[from] brn
|upkeep
|turn|24
|
|t:|1743825467
|switch|p2a: Pecharunt|Pecharunt|100/100
|move|p1a: Dragonite|Earthquake|p2a: Pecharunt
|-supereffective|p2a: Pecharunt
|-damage|p2a: Pecharunt|56/100
|
|-damage|p1a: Dragonite|26/100 brn|[from] brn
|upkeep
|turn|25
|
|t:|1743825485
|move|p1a: Dragonite|Earthquake|p2a: Pecharunt
|-supereffective|p2a: Pecharunt
|-damage|p2a: Pecharunt|8/100
|move|p2a: Pecharunt|Recover|p2a: Pecharunt
|-heal|p2a: Pecharunt|58/100
|
|-damage|p1a: Dragonite|20/100 brn|[from] brn
|upkeep
|turn|26
|
|t:|1743825493
|move|p1a: Dragonite|Earthquake|p2a: Pecharunt
|-supereffective|p2a: Pecharunt
|-damage|p2a: Pecharunt|13/100
|move|p2a: Pecharunt|Recover|p2a: Pecharunt
|-heal|p2a: Pecharunt|63/100
|
|-damage|p1a: Dragonite|14/100 brn|[from] brn
|upkeep
|turn|27
|
|t:|1743825503
|switch|p2a: Alomomola|Alomomola, M|48/100
|move|p1a: Dragonite|Roost|p1a: Dragonite
|-heal|p1a: Dragonite|64/100 brn
|
|-damage|p1a: Dragonite|58/100 brn|[from] brn
|upkeep
|turn|28
|
|t:|1743825516
|move|p2a: Alomomola|Protect|p2a: Alomomola
|-singleturn|p2a: Alomomola|Protect
|move|p1a: Dragonite|Dragon Dance|p1a: Dragonite
|-boost|p1a: Dragonite|atk|1
|-boost|p1a: Dragonite|spe|1
|
|-damage|p1a: Dragonite|52/100 brn|[from] brn
|upkeep
|turn|29
|
|t:|1743825535
|switch|p2a: Great Tusk|Great Tusk|100/100
|-enditem|p2a: Great Tusk|Booster Energy
|-activate|p2a: Great Tusk|ability: Protosynthesis|[fromitem]
|-start|p2a: Great Tusk|protosynthesisatk
|move|p1a: Dragonite|Dragon Dance|p1a: Dragonite
|-boost|p1a: Dragonite|atk|1
|-boost|p1a: Dragonite|spe|1
|
|-damage|p1a: Dragonite|46/100 brn|[from] brn
|upkeep
|turn|30
|
|t:|1743825545
|move|p1a: Dragonite|Extreme Speed|p2a: Great Tusk
|-damage|p2a: Great Tusk|47/100
|move|p2a: Great Tusk|Close Combat|p1a: Dragonite
|-supereffective|p1a: Dragonite
|-damage|p1a: Dragonite|0 fnt
|-unboost|p2a: Great Tusk|def|1
|-unboost|p2a: Great Tusk|spd|1
|faint|p1a: Dragonite
|
|upkeep
|
|t:|1743825551
|switch|p1a: Articuno|Articuno-Galar|100/100
|turn|31
|
|t:|1743825572
|-end|p2a: Great Tusk|Protosynthesis|[silent]
|switch|p2a: Alomomola|Alomomola, M|82/100
|move|p1a: Articuno|Freezing Glare|p2a: Alomomola
|-damage|p2a: Alomomola|43/100
|
|upkeep
|turn|32
|
|t:|1743825578
|move|p1a: Articuno|Future Sight|p2a: Alomomola
|-start|p1a: Articuno|move: Future Sight
|move|p2a: Alomomola|Wish|p2a: Alomomola
|
|upkeep
|turn|33
|
|t:|1743825589
|move|p2a: Alomomola|Protect|p2a: Alomomola
|-singleturn|p2a: Alomomola|Protect
|move|p1a: Articuno|Freezing Glare|p2a: Alomomola
|-activate|p2a: Alomomola|move: Protect
|
|-heal|p2a: Alomomola|92/100|[from] move: Wish|[wisher] Alomomola
|upkeep
|turn|34
|
|t:|1743825618
|move|p1a: Articuno|Freezing Glare|p2a: Alomomola
|-damage|p2a: Alomomola|51/100
|move|p2a: Alomomola|Wish|p2a: Alomomola
|
|-end|p2a: Alomomola|move: Future Sight
|-damage|p2a: Alomomola|0 fnt
|faint|p2a: Alomomola
|upkeep
|inactive|Geobat-99 has 120 seconds left.
|
|t:|1743825632
|switch|p2a: Garchomp|Garchomp, F, tera:Ghost|45/100
|turn|35
|
|t:|1743825640
|switch|p1a: Grimmsnarl|Grimmsnarl, M|71/100
|-damage|p1a: Grimmsnarl|59/100|[from] Stealth Rock
|move|p2a: Garchomp|Dragon Tail|p1a: Grimmsnarl
|-immune|p1a: Grimmsnarl
|
|-heal|p2a: Garchomp|100/100|[from] move: Wish|[wisher] Alomomola
|-heal|p1a: Grimmsnarl|65/100|[from] item: Leftovers
|upkeep
|turn|36
|
|t:|1743825649
|move|p2a: Garchomp|Earthquake|p1a: Grimmsnarl
|-damage|p1a: Grimmsnarl|0 fnt
|faint|p1a: Grimmsnarl
|
|upkeep
|
|t:|1743825657
|switch|p1a: Articuno|Articuno-Galar|100/100
|turn|37
|
|t:|1743825665
|move|p1a: Articuno|Future Sight|p2a: Garchomp
|-start|p1a: Articuno|move: Future Sight
|move|p2a: Garchomp|Dragon Tail|p1a: Articuno
|-damage|p1a: Articuno|65/100
|drag|p1a: Mandibuzz|Mandibuzz, F|100/100
|
|upkeep
|turn|38
|
|t:|1743825677
|move|p1a: Mandibuzz|Knock Off|p2a: Garchomp
|-supereffective|p2a: Garchomp
|-damage|p2a: Garchomp|64/100
|-damage|p1a: Mandibuzz|88/100|[from] ability: Rough Skin|[of] p2a: Garchomp
|-damage|p1a: Mandibuzz|71/100|[from] item: Rocky Helmet|[of] p2a: Garchomp
|-enditem|p2a: Garchomp|Rocky Helmet|[from] move: Knock Off|[of] p1a: Mandibuzz
|move|p2a: Garchomp|Dragon Tail|p1a: Mandibuzz
|-damage|p1a: Mandibuzz|42/100
|drag|p1a: Articuno|Articuno-Galar|65/100
|
|upkeep
|turn|39
|
|t:|1743825692
|move|p2a: Garchomp|Rest|p2a: Garchomp
|-status|p2a: Garchomp|slp|[from] move: Rest
|-heal|p2a: Garchomp|100/100 slp|[silent]
|move|p1a: Articuno|Recover|p1a: Articuno
|-heal|p1a: Articuno|100/100
|
|-end|p2a: Garchomp|move: Future Sight
|-damage|p2a: Garchomp|39/100 slp
|upkeep
|turn|40
|
|t:|1743825703
|move|p1a: Articuno|Future Sight|p2a: Garchomp
|-start|p1a: Articuno|move: Future Sight
|cant|p2a: Garchomp|slp
|
|upkeep
|turn|41
|
|t:|1743825706
|move|p1a: Articuno|Freezing Glare|p2a: Garchomp
|-damage|p2a: Garchomp|0 fnt
|faint|p2a: Garchomp
|
|upkeep
|
|t:|1743825713
|switch|p2a: Pecharunt|Pecharunt|63/100
|turn|42
|
|t:|1743825722
|switch|p1a: Mandibuzz|Mandibuzz, F|42/100
|move|p2a: Pecharunt|Parting Shot|p1a: Mandibuzz
|-unboost|p1a: Mandibuzz|atk|1
|-unboost|p1a: Mandibuzz|spa|1
|
|t:|1743825728
|switch|p2a: Great Tusk|Great Tusk|47/100|[from] Parting Shot
|
|-end|p2a: Great Tusk|move: Future Sight
|-supereffective|p2a: Great Tusk
|-damage|p2a: Great Tusk|0 fnt
|faint|p2a: Great Tusk
|-end|p2a: Great Tusk|Protosynthesis|[silent]
|upkeep
|
|t:|1743825735
|switch|p2a: Pecharunt|Pecharunt|63/100
|turn|43
|
|t:|1743825744
|move|p2a: Pecharunt|Malignant Chain|p1a: Mandibuzz
|-damage|p1a: Mandibuzz|15/100
|move|p1a: Mandibuzz|Roost|p1a: Mandibuzz
|-heal|p1a: Mandibuzz|65/100
|-singleturn|p1a: Mandibuzz|move: Roost
|
|upkeep
|turn|44
|
|t:|1743825750
|move|p2a: Pecharunt|Malignant Chain|p1a: Mandibuzz
|-damage|p1a: Mandibuzz|40/100
|-status|p1a: Mandibuzz|tox
|-start|p1a: Mandibuzz|confusion|[from] ability: Poison Puppeteer|[of] p2a: Pecharunt
|-activate|p1a: Mandibuzz|confusion
|move|p1a: Mandibuzz|Roost|p1a: Mandibuzz
|-heal|p1a: Mandibuzz|90/100 tox
|-singleturn|p1a: Mandibuzz|move: Roost
|
|-damage|p1a: Mandibuzz|84/100 tox|[from] psn
|upkeep
|turn|45
|
|t:|1743825761
|move|p2a: Pecharunt|Malignant Chain|p1a: Mandibuzz
|-damage|p1a: Mandibuzz|56/100 tox
|-activate|p1a: Mandibuzz|confusion
|-damage|p1a: Mandibuzz|53/100 tox|[from] confusion
|
|-damage|p1a: Mandibuzz|40/100 tox|[from] psn
|upkeep
|turn|46
|
|t:|1743825767
|move|p2a: Pecharunt|Malignant Chain|p1a: Mandibuzz
|-damage|p1a: Mandibuzz|15/100 tox
|-end|p1a: Mandibuzz|confusion
|move|p1a: Mandibuzz|Roost|p1a: Mandibuzz
|-heal|p1a: Mandibuzz|65/100 tox
|-singleturn|p1a: Mandibuzz|move: Roost
|
|-damage|p1a: Mandibuzz|47/100 tox|[from] psn
|upkeep
|turn|47
|
|t:|1743825776
|move|p2a: Pecharunt|Malignant Chain|p1a: Mandibuzz
|-damage|p1a: Mandibuzz|21/100 tox
|move|p1a: Mandibuzz|U-turn|p2a: Pecharunt
|-resisted|p2a: Pecharunt
|-crit|p2a: Pecharunt
|-damage|p2a: Pecharunt|60/100
|
|t:|1743825778
|switch|p1a: Articuno|Articuno-Galar|100/100|[from] U-turn
|
|upkeep
|turn|48
|
|t:|1743825783
|move|p2a: Pecharunt|Malignant Chain|p1a: Articuno
|-damage|p1a: Articuno|59/100
|move|p1a: Articuno|Freezing Glare|p2a: Pecharunt
|-supereffective|p2a: Pecharunt
|-damage|p2a: Pecharunt|0 fnt
|faint|p2a: Pecharunt
|
|win|Power5121
|raw|Power5121's rating: 1123 &rarr; <strong>1149</strong><br />(+26 for winning)
|raw|Geobat-99's rating: 1130 &rarr; <strong>1104</strong><br />(-26 for losing)
|l|☆Power5121
|player|p1|
|l|☆Geobat-99
|player|p2|
