|j|☆rising skies
|j|☆Sindicate XI
|t:|1743862041
|gametype|singles
|player|p1|rising skies|2|1417
|player|p2|Sindicate XI|2|1370
|teamsize|p1|6
|teamsize|p2|6
|gen|9
|tier|[Gen 9] OU
|rated|
|rule|HP Percentage Mod: HP is shown in percentages
|rule|Endless Battle Clause: Forcing endless battles is banned
|rule|Species Clause: Limit one of each Pokémon
|rule|OHKO Clause: OHKO moves are banned
|rule|Evasion Items Clause: Evasion items are banned
|rule|Evasion Moves Clause: Evasion moves are banned
|rule|Sleep Moves Clause: Sleep-inducing moves are banned
|clearpoke
|poke|p1|Staraptor, M|
|poke|p1|Iron Hands|
|poke|p1|Empoleon, M|
|poke|p1|Hoopa-Unbound|
|poke|p1|Vikavolt, M|
|poke|p1|Great Tusk|
|poke|p2|Primarina, M|
|poke|p2|Dragapult, F|
|poke|p2|Cinderace, M|
|poke|p2|Pawmot, M|
|poke|p2|Great Tusk|
|poke|p2|Kyurem|
|teampreview
|inactive|Battle timer is ON: inactive players will automatically lose when time's up. (requested by Sindicate XI)
|inactive|rising skies also wants the timer to be on.
|
|t:|1743862065
|start
|switch|p1a: Empoleon|Empoleon, M|100/100
|switch|p2a: Dragapult|Dragapult, F|100/100
|turn|1
|
|t:|1743862077
|move|p2a: Dragapult|Will-O-Wisp|p1a: Empoleon|[miss]
|-miss|p2a: Dragapult|p1a: Empoleon
|move|p1a: Empoleon|Flash Cannon|p2a: Dragapult
|-damage|p2a: Dragapult|46/100
|
|upkeep
|turn|2
|
|t:|1743862086
|switch|p2a: Pawmot|Pawmot, M|100/100
|move|p1a: Empoleon|Flip Turn|p2a: Pawmot
|-damage|p2a: Pawmot|76/100
|
|t:|1743862101
|switch|p1a: Iron Hands|Iron Hands|100/100|[from] Flip Turn
|
|upkeep
|turn|3
|
|t:|1743862109
|switch|p2a: Dragapult|Dragapult, F|46/100
|move|p1a: Iron Hands|Drain Punch|p2a: Dragapult
|-immune|p2a: Dragapult
|
|upkeep
|turn|4
|
|t:|1743862117
|-end|p1a: Iron Hands|Quark Drive|[silent]
|switch|p1a: Empoleon|Empoleon, M|100/100
|move|p2a: Dragapult|Will-O-Wisp|p1a: Empoleon
|-status|p1a: Empoleon|brn
|
|-damage|p1a: Empoleon|94/100 brn|[from] brn
|upkeep
|turn|5
|
|t:|1743862126
|move|p2a: Dragapult|Hex|p1a: Empoleon
|-damage|p1a: Empoleon|59/100 brn
|move|p1a: Empoleon|Flash Cannon|p2a: Dragapult
|-damage|p2a: Dragapult|0 fnt
|faint|p2a: Dragapult
|
|-heal|p1a: Empoleon|65/100 brn|[from] item: Leftovers
|-damage|p1a: Empoleon|59/100 brn|[from] brn
|upkeep
|
|t:|1743862132
|switch|p2a: Great Tusk|Great Tusk|100/100
|turn|6
|
|t:|1743862142
|move|p2a: Great Tusk|Headlong Rush|p1a: Empoleon
|-supereffective|p1a: Empoleon
|-damage|p1a: Empoleon|0 fnt
|-unboost|p2a: Great Tusk|def|1
|-unboost|p2a: Great Tusk|spd|1
|faint|p1a: Empoleon
|
|upkeep
|
|t:|1743862151
|switch|p1a: Staraptor|Staraptor, M|100/100
|turn|7
|
|t:|1743862169
|-terastallize|p2a: Great Tusk|Steel
|move|p1a: Staraptor|Brave Bird|p2a: Great Tusk
|-resisted|p2a: Great Tusk
|-damage|p2a: Great Tusk|46/100
|-damage|p1a: Staraptor|79/100|[from] Recoil
|move|p2a: Great Tusk|Rapid Spin|p1a: Staraptor
|-damage|p1a: Staraptor|51/100
|-boost|p2a: Great Tusk|spe|1
|
|upkeep
|turn|8
|
|t:|1743862182
|switch|p1a: Vikavolt|Vikavolt, M|100/100
|move|p2a: Great Tusk|Ice Spinner|p1a: Vikavolt
|-damage|p1a: Vikavolt|73/100
|
|upkeep
|turn|9
|
|t:|1743862193
|-end|p2a: Great Tusk|Protosynthesis|[silent]
|switch|p2a: Pawmot|Pawmot, M|76/100
|move|p1a: Vikavolt|Energy Ball|p2a: Pawmot
|-damage|p2a: Pawmot|12/100
|
|upkeep
|turn|10
|
|t:|1743862199
|move|p2a: Pawmot|Revival Blessing|p2a: Pawmot
|
|t:|1743862202
|-heal|p2: Dragapult|50/100|[from] move: Revival Blessing
|move|p1a: Vikavolt|Sticky Web|p2a: Pawmot
|-sidestart|p2: Sindicate XI|move: Sticky Web
|
|upkeep
|turn|11
|
|t:|1743862207
|move|p2a: Pawmot|Double Shock|p1a: Vikavolt
|-resisted|p1a: Vikavolt
|-damage|p1a: Vikavolt|46/100
|-start|p2a: Pawmot|typechange|???/Fighting|[from] move: Double Shock
|move|p1a: Vikavolt|Energy Ball|p2a: Pawmot
|-damage|p2a: Pawmot|0 fnt
|faint|p2a: Pawmot
|
|upkeep
|
|t:|1743862211
|switch|p2a: Cinderace|Cinderace, M|100/100
|turn|12
|
|t:|1743862219
|move|p2a: Cinderace|Court Change|p2a: Cinderace
|-swapsideconditions
|-activate|p2a: Cinderace|move: Court Change
|move|p1a: Vikavolt|Volt Switch|p2a: Cinderace
|-damage|p2a: Cinderace|45/100
|
|t:|1743862230
|switch|p1a: Iron Hands|Iron Hands|100/100|[from] Volt Switch
|-activate|p1a: Iron Hands|move: Sticky Web
|-unboost|p1a: Iron Hands|spe|1
|
|upkeep
|turn|13
|
|t:|1743862236
|move|p2a: Cinderace|Will-O-Wisp|p1a: Iron Hands
|-status|p1a: Iron Hands|brn
|move|p1a: Iron Hands|Ice Punch|p2a: Cinderace
|-resisted|p2a: Cinderace
|-crit|p2a: Cinderace
|-damage|p2a: Cinderace|31/100
|
|-damage|p1a: Iron Hands|94/100 brn|[from] brn
|upkeep
|turn|14
|
|t:|1743862246
|move|p2a: Cinderace|U-turn|p1a: Iron Hands
|-resisted|p1a: Iron Hands
|-damage|p1a: Iron Hands|89/100 brn
|
|t:|1743862248
|switch|p2a: Dragapult|Dragapult, F|50/100|[from] U-turn
|move|p1a: Iron Hands|Swords Dance|p1a: Iron Hands
|-boost|p1a: Iron Hands|atk|2
|
|-damage|p1a: Iron Hands|83/100 brn|[from] brn
|upkeep
|turn|15
|
|t:|1743862259
|-end|p1a: Iron Hands|Quark Drive|[silent]
|switch|p1a: Staraptor|Staraptor, M|51/100
|move|p2a: Dragapult|Dragon Darts|p1a: Staraptor
|-damage|p1a: Staraptor|12/100
|-anim|p2a: Dragapult|Dragon Darts|p1a: Staraptor
|-damage|p1a: Staraptor|0 fnt
|faint|p1a: Staraptor
|
|upkeep
|
|t:|1743862269
|switch|p1a: Hoopa|Hoopa-Unbound|100/100
|turn|16
|
|t:|1743862273
|move|p2a: Dragapult|Dragon Darts|p1a: Hoopa
|-damage|p1a: Hoopa|54/100
|-anim|p2a: Dragapult|Dragon Darts|p1a: Hoopa
|-damage|p1a: Hoopa|11/100
|move|p1a: Hoopa|Nasty Plot|p1a: Hoopa
|-boost|p1a: Hoopa|spa|2
|
|upkeep
|turn|17
|
|t:|1743862288
|move|p2a: Dragapult|Dragon Darts|p1a: Hoopa
|-damage|p1a: Hoopa|0 fnt
|faint|p1a: Hoopa
|
|upkeep
|
|t:|1743862293
|switch|p1a: Iron Hands|Iron Hands|83/100 brn
|-activate|p1a: Iron Hands|move: Sticky Web
|-unboost|p1a: Iron Hands|spe|1
|turn|18
|
|t:|1743862300
|move|p2a: Dragapult|Hex|p1a: Iron Hands
|-damage|p1a: Iron Hands|33/100 brn
|move|p1a: Iron Hands|Ice Punch|p2a: Dragapult
|-supereffective|p2a: Dragapult
|-damage|p2a: Dragapult|0 fnt
|faint|p2a: Dragapult
|
|-damage|p1a: Iron Hands|26/100 brn|[from] brn
|upkeep
|
|t:|1743862305
|switch|p2a: Kyurem|Kyurem|100/100
|-ability|p2a: Kyurem|Pressure
|turn|19
|
|t:|1743862313
|move|p2a: Kyurem|Dragon Dance|p2a: Kyurem
|-boost|p2a: Kyurem|atk|1
|-boost|p2a: Kyurem|spe|1
|move|p1a: Iron Hands|Drain Punch|p2a: Kyurem
|-supereffective|p2a: Kyurem
|-damage|p2a: Kyurem|50/100
|-heal|p1a: Iron Hands|48/100 brn|[from] drain|[of] p2a: Kyurem
|
|-damage|p1a: Iron Hands|42/100 brn|[from] brn
|upkeep
|turn|20
|
|t:|1743862321
|move|p2a: Kyurem|Icicle Spear|p1a: Iron Hands
|-damage|p1a: Iron Hands|29/100 brn
|-damage|p1a: Iron Hands|18/100 brn
|-damage|p1a: Iron Hands|5/100 brn
|-damage|p1a: Iron Hands|0 fnt
|faint|p1a: Iron Hands
|-end|p1a: Iron Hands|Quark Drive|[silent]
|-hitcount|p1: Iron Hands|4
|
|upkeep
|
|t:|1743862329
|switch|p1a: Great Tusk|Great Tusk|100/100
|-activate|p1a: Great Tusk|move: Sticky Web
|-unboost|p1a: Great Tusk|spe|1
|-enditem|p1a: Great Tusk|Booster Energy
|-activate|p1a: Great Tusk|ability: Protosynthesis|[fromitem]
|-start|p1a: Great Tusk|protosynthesisatk
|turn|21
|
|t:|1743862344
|-terastallize|p1a: Great Tusk|Electric
|move|p2a: Kyurem|Icicle Spear|p1a: Great Tusk
|-damage|p1a: Great Tusk|85/100
|-damage|p1a: Great Tusk|69/100
|-damage|p1a: Great Tusk|53/100
|-damage|p1a: Great Tusk|36/100
|-hitcount|p1a: Great Tusk|4
|move|p1a: Great Tusk|Headlong Rush|p2a: Kyurem
|-damage|p2a: Kyurem|0 fnt
|-unboost|p1a: Great Tusk|def|1
|-unboost|p1a: Great Tusk|spd|1
|faint|p2a: Kyurem
|
|upkeep
|
|t:|1743862351
|switch|p2a: Great Tusk|Great Tusk, tera:Steel|46/100
|turn|22
|
|t:|1743862359
|-end|p1a: Great Tusk|Protosynthesis|[silent]
|switch|p1a: Vikavolt|Vikavolt, M|46/100
|move|p2a: Great Tusk|Headlong Rush|p1a: Vikavolt
|-immune|p1a: Vikavolt|[from] ability: Levitate
|
|upkeep
|turn|23
|
|t:|1743862386
|move|p2a: Great Tusk|Ice Spinner|p1a: Vikavolt
|-damage|p1a: Vikavolt|16/100
|move|p1a: Vikavolt|Volt Switch|p2a: Great Tusk
|-damage|p2a: Great Tusk|0 fnt
|faint|p2a: Great Tusk
|-end|p2a: Great Tusk|Protosynthesis|[silent]
|
|t:|1743862392
|switch|p1a: Great Tusk|Great Tusk, tera:Electric|36/100|[from] Volt Switch
|-activate|p1a: Great Tusk|move: Sticky Web
|-unboost|p1a: Great Tusk|spe|1
|
|upkeep
|
|t:|1743862397
|switch|p2a: Cinderace|Cinderace, M|31/100
|turn|24
|
|t:|1743862403
|move|p2a: Cinderace|Pyro Ball|p1a: Great Tusk
|-damage|p1a: Great Tusk|0 fnt
|faint|p1a: Great Tusk
|-end|p1a: Great Tusk|Protosynthesis|[silent]
|
|upkeep
|-message|rising skies forfeited.
|
|win|Sindicate XI
|raw|rising skies's rating: 1417 &rarr; <strong>1394</strong><br />(-23 for losing)
|raw|Sindicate XI's rating: 1370 &rarr; <strong>1393</strong><br />(+23 for winning)
|l|☆rising skies
|player|p1|
|l|☆Sindicate XI
|player|p2|
