|j|☆Driz0
|j|☆ajb
|t:|1743887227
|gametype|singles
|player|p1|Driz0|169|1326
|player|p2|ajb|erika|1375
|teamsize|p1|6
|teamsize|p2|6
|gen|9
|tier|[Gen 9] OU
|rated|
|rule|HP Percentage Mod: HP is shown in percentages
|rule|Endless Battle Clause: Forcing endless battles is banned
|rule|Species Clause: Limit one of each Pokémon
|rule|OHKO Clause: OHKO moves are banned
|rule|Evasion Items Clause: Evasion items are banned
|rule|Evasion Moves Clause: Evasion moves are banned
|rule|Sleep Moves Clause: Sleep-inducing moves are banned
|clearpoke
|poke|p1|Bellibolt, F|
|poke|p1|Bisharp, M|
|poke|p1|Froslass, F|
|poke|p1|Great Tusk|
|poke|p1|Iron Valiant|
|poke|p1|Gholdengo|
|poke|p2|Landorus-Therian, M|
|poke|p2|Gholdengo|
|poke|p2|Raging Bolt|
|poke|p2|Dragonite, F|
|poke|p2|Iron Valiant|
|poke|p2|Araquanid, F|
|teampreview
|inactive|Battle timer is ON: inactive players will automatically lose when time's up. (requested by Driz0)
|
|t:|1743887235
|start
|switch|p1a: Froslass|Froslass, F|100/100
|switch|p2a: Araquanid|Araquanid, F|100/100
|turn|1
|
|t:|1743887240
|move|p1a: Froslass|Trick|p2a: Araquanid
|-activate|p1a: Froslass|move: Trick|[of] p2a: Araquanid
|-item|p2a: Araquanid|Choice Scarf|[from] move: Trick
|-item|p1a: Froslass|Mental Herb|[from] move: Trick
|move|p2a: Araquanid|Sticky Web|p1a: Froslass
|-sidestart|p1: Driz0|move: Sticky Web
|
|upkeep
|turn|2
|
|t:|1743887250
|switch|p2a: Gholdengo|Gholdengo, shiny|100/100
|-item|p2a: Gholdengo|Air Balloon
|move|p1a: Froslass|Will-O-Wisp|p2a: Gholdengo
|-immune|p2a: Gholdengo|[from] ability: Good as Gold
|
|upkeep
|turn|3
|
|t:|1743887256
|move|p1a: Froslass|Destiny Bond|p1a: Froslass
|-singlemove|p1a: Froslass|Destiny Bond
|move|p2a: Gholdengo|Shadow Ball|p1a: Froslass
|-supereffective|p1a: Froslass
|-damage|p1a: Froslass|0 fnt
|-start|p2a: Gholdengo|Disable|Shadow Ball|[from] ability: Cursed Body|[of] p1a: Froslass
|faint|p1a: Froslass
|-activate|p1a: Froslass|move: Destiny Bond
|faint|p2a: Gholdengo
|
|upkeep
|
|t:|1743887267
|switch|p1a: Bellibolt|Bellibolt, F|100/100
|switch|p2a: Iron Valiant|Iron Valiant|100/100
|-activate|p1a: Bellibolt|move: Sticky Web
|-unboost|p1a: Bellibolt|spe|1
|-enditem|p2a: Iron Valiant|Booster Energy
|-activate|p2a: Iron Valiant|ability: Quark Drive|[fromitem]
|-start|p2a: Iron Valiant|quarkdrivespa
|turn|4
|
|t:|1743887274
|move|p2a: Iron Valiant|Calm Mind|p2a: Iron Valiant
|-boost|p2a: Iron Valiant|spa|1
|-boost|p2a: Iron Valiant|spd|1
|move|p1a: Bellibolt|Parabolic Charge|p2a: Iron Valiant
|-damage|p2a: Iron Valiant|63/100
|
|upkeep
|turn|5
|
|t:|1743887285
|move|p2a: Iron Valiant|Calm Mind|p2a: Iron Valiant
|-boost|p2a: Iron Valiant|spa|1
|-boost|p2a: Iron Valiant|spd|1
|move|p1a: Bellibolt|Parabolic Charge|p2a: Iron Valiant
|-damage|p2a: Iron Valiant|36/100
|
|upkeep
|turn|6
|
|t:|1743887296
|move|p2a: Iron Valiant|Calm Mind|p2a: Iron Valiant
|-boost|p2a: Iron Valiant|spa|1
|-boost|p2a: Iron Valiant|spd|1
|move|p1a: Bellibolt|Toxic|p2a: Iron Valiant
|-status|p2a: Iron Valiant|tox
|
|-damage|p2a: Iron Valiant|30/100 tox|[from] psn
|upkeep
|turn|7
|
|t:|1743887310
|move|p2a: Iron Valiant|Moonblast|p1a: Bellibolt
|-damage|p1a: Bellibolt|0 fnt
|faint|p1a: Bellibolt
|
|-damage|p2a: Iron Valiant|18/100 tox|[from] psn
|upkeep
|
|t:|1743887314
|switch|p1a: Bisharp|Bisharp, M|100/100
|-activate|p1a: Bisharp|move: Sticky Web
|-unboost|p1a: Bisharp|spe|1
|-ability|p1a: Bisharp|Defiant|boost
|-boost|p1a: Bisharp|atk|2
|turn|8
|
|t:|1743887319
|move|p2a: Iron Valiant|Vacuum Wave|p1a: Bisharp
|-supereffective|p1a: Bisharp
|-damage|p1a: Bisharp|0 fnt
|faint|p1a: Bisharp
|
|-damage|p2a: Iron Valiant|0 fnt|[from] psn
|faint|p2a: Iron Valiant
|-end|p2a: Iron Valiant|Quark Drive|[silent]
|upkeep
|
|t:|1743887328
|switch|p2a: Raging Bolt|Raging Bolt|100/100
|switch|p1a: Great Tusk|Great Tusk|100/100
|-activate|p1a: Great Tusk|move: Sticky Web
|-unboost|p1a: Great Tusk|spe|1
|-enditem|p2a: Raging Bolt|Booster Energy
|-activate|p2a: Raging Bolt|ability: Protosynthesis|[fromitem]
|-start|p2a: Raging Bolt|protosynthesisspa
|turn|9
|
|t:|1743887332
|move|p2a: Raging Bolt|Dragon Pulse|p1a: Great Tusk
|-damage|p1a: Great Tusk|12/100
|move|p1a: Great Tusk|Rapid Spin|p2a: Raging Bolt
|-damage|p2a: Raging Bolt|83/100
|-boost|p1a: Great Tusk|spe|1
|-sideend|p1: Driz0|Sticky Web|[from] move: Rapid Spin|[of] p1a: Great Tusk
|
|-heal|p1a: Great Tusk|18/100|[from] item: Leftovers
|upkeep
|turn|10
|
|t:|1743887341
|move|p2a: Raging Bolt|Dragon Pulse|p1a: Great Tusk
|-damage|p1a: Great Tusk|0 fnt
|faint|p1a: Great Tusk
|-end|p1a: Great Tusk|Protosynthesis|[silent]
|
|upkeep
|
|t:|1743887343
|switch|p1a: Iron Valiant|Iron Valiant|100/100
|-enditem|p1a: Iron Valiant|Booster Energy
|-activate|p1a: Iron Valiant|ability: Quark Drive|[fromitem]
|-start|p1a: Iron Valiant|quarkdrivespe
|turn|11
|
|t:|1743887349
|-terastallize|p1a: Iron Valiant|Fairy
|move|p1a: Iron Valiant|Moonblast|p2a: Raging Bolt
|-supereffective|p2a: Raging Bolt
|-damage|p2a: Raging Bolt|0 fnt
|faint|p2a: Raging Bolt
|-end|p2a: Raging Bolt|Protosynthesis|[silent]
|
|upkeep
|
|t:|1743887357
|switch|p2a: Landorus|Landorus-Therian, M, shiny|100/100
|-ability|p2a: Landorus|Intimidate|boost
|-unboost|p1a: Iron Valiant|atk|1
|turn|12
|
|t:|1743887362
|move|p1a: Iron Valiant|Calm Mind|p1a: Iron Valiant
|-boost|p1a: Iron Valiant|spa|1
|-boost|p1a: Iron Valiant|spd|1
|move|p2a: Landorus|Earthquake|p1a: Iron Valiant
|-damage|p1a: Iron Valiant|27/100
|
|upkeep
|turn|13
|
|t:|1743887367
|-terastallize|p2a: Landorus|Steel
|move|p1a: Iron Valiant|Moonblast|p2a: Landorus
|-resisted|p2a: Landorus
|-damage|p2a: Landorus|40/100
|-unboost|p2a: Landorus|spa|1
|move|p2a: Landorus|Earthquake|p1a: Iron Valiant
|-damage|p1a: Iron Valiant|0 fnt
|faint|p1a: Iron Valiant
|-end|p1a: Iron Valiant|Quark Drive|[silent]
|
|-heal|p2a: Landorus|46/100|[from] item: Leftovers
|upkeep
|
|t:|1743887377
|switch|p1a: Gholdengo|Gholdengo|100/100
|turn|14
|
|t:|1743887380
|move|p1a: Gholdengo|Shadow Ball|p2a: Landorus
|-damage|p2a: Landorus|0 fnt
|faint|p2a: Landorus
|
|upkeep
|
|t:|1743887387
|switch|p2a: Dragonite|Dragonite, F|100/100
|turn|15
|
|t:|1743887389
|move|p1a: Gholdengo|Shadow Ball|p2a: Dragonite
|-crit|p2a: Dragonite
|-damage|p2a: Dragonite|67/100
|move|p2a: Dragonite|Dragon Dance|p2a: Dragonite
|-boost|p2a: Dragonite|atk|1
|-boost|p2a: Dragonite|spe|1
|
|upkeep
|turn|16
|
|t:|1743887394
|move|p2a: Dragonite|Earthquake|p1a: Gholdengo
|-supereffective|p1a: Gholdengo
|-damage|p1a: Gholdengo|0 fnt
|faint|p1a: Gholdengo
|
|win|ajb
|raw|Driz0's rating: 1326 &rarr; <strong>1309</strong><br />(-17 for losing)
|raw|ajb's rating: 1375 &rarr; <strong>1392</strong><br />(+17 for winning)
|l|☆ajb
|player|p2|
|l|☆Driz0
|player|p1|
