|j|☆Ceron75
|j|☆Vangnex
|t:|1743871882
|gametype|singles
|player|p1|Ceron75|colress|1162
|player|p2|Vangnex|lady|1113
|teamsize|p1|6
|teamsize|p2|6
|gen|9
|tier|[Gen 9] OU
|rated|
|rule|HP Percentage Mod: HP is shown in percentages
|rule|Endless Battle Clause: Forcing endless battles is banned
|rule|Species Clause: Limit one of each Pokémon
|rule|OHKO Clause: OHKO moves are banned
|rule|Evasion Items Clause: Evasion items are banned
|rule|Evasion Moves Clause: Evasion moves are banned
|rule|Sleep Moves Clause: Sleep-inducing moves are banned
|clearpoke
|poke|p1|Samurott-Hisui, M|
|poke|p1|Murkrow, F|
|poke|p1|Ribombee, F|
|poke|p1|Clodsire, F|
|poke|p1|Corviknight, M|
|poke|p1|Kingambit, M|
|poke|p2|Glimmora, M|
|poke|p2|Cinderace, F|
|poke|p2|Ursaluna, M|
|poke|p2|Ursaring, F|
|poke|p2|Zangoose, M|
|poke|p2|Conkeldurr, M|
|teampreview
|inactive|Battle timer is ON: inactive players will automatically lose when time's up. (requested by Ceron75)
|
|t:|1743871899
|start
|switch|p1a: Ribombee|Ribombee, F|100/100
|switch|p2a: Glimmora|Glimmora, M|100/100
|turn|1
|
|t:|1743871922
|move|p1a: Ribombee|Sticky Web|p2a: Glimmora
|-sidestart|p2: Vangnex|move: Sticky Web
|move|p2a: Glimmora|Sludge Wave|p1a: Ribombee
|-supereffective|p1a: Ribombee
|-enditem|p1a: Ribombee|Focus Sash
|-damage|p1a: Ribombee|1/100
|
|upkeep
|turn|2
|inactive|Vangnex has 120 seconds left.
|
|t:|1743871950
|move|p1a: Ribombee|Moonblast|p2a: Glimmora
|-resisted|p2a: Glimmora
|-damage|p2a: Glimmora|78/100
|move|p2a: Glimmora|Sludge Wave|p1a: Ribombee
|-supereffective|p1a: Ribombee
|-damage|p1a: Ribombee|0 fnt
|faint|p1a: Ribombee
|
|upkeep
|
|t:|1743871954
|switch|p1a: Samurott|Samurott-Hisui, M|100/100
|turn|3
|
|t:|1743871961
|move|p1a: Samurott|Ceaseless Edge|p2a: Glimmora
|-crit|p2a: Glimmora
|-damage|p2a: Glimmora|0 fnt
|-activate|p2a: Glimmora|ability: Toxic Debris
|-sidestart|p1: Ceron75|move: Toxic Spikes
|-sidestart|p2: Vangnex|Spikes
|faint|p2a: Glimmora
|
|upkeep
|
|t:|1743871968
|switch|p2a: Cinderace|Cinderace, F|100/100
|turn|4
|
|t:|1743871975
|move|p1a: Samurott|Ceaseless Edge|p2a: Cinderace
|-damage|p2a: Cinderace|29/100
|-sidestart|p2: Vangnex|Spikes
|move|p2a: Cinderace|High Jump Kick|p1a: Samurott
|-start|p2a: Cinderace|typechange|Fighting|[from] ability: Libero
|-supereffective|p1a: Samurott
|-damage|p1a: Samurott|0 fnt
|faint|p1a: Samurott
|
|upkeep
|
|t:|1743871979
|switch|p1a: Murkrow|Murkrow, F|100/100
|turn|5
|
|t:|1743871987
|move|p1a: Murkrow|Taunt|p2a: Cinderace
|-start|p2a: Cinderace|move: Taunt
|cant|p2a: Cinderace|move: Taunt|Court Change
|
|upkeep
|turn|6
|
|t:|1743872002
|move|p1a: Murkrow|Perish Song|p1a: Murkrow
|-start|p1a: Murkrow|perish3|[silent]
|-start|p2a: Cinderace|perish3|[silent]
|-fieldactivate|move: Perish Song
|move|p2a: Cinderace|U-turn|p1a: Murkrow
|-damage|p1a: Murkrow|58/100
|inactive|Vangnex has 120 seconds left.
|
|t:|1743872038
|switch|p2a: Conkeldurr|Conkeldurr, M|100/100|[from] U-turn
|-activate|p2a: Conkeldurr|move: Sticky Web
|-unboost|p2a: Conkeldurr|spe|1
|-damage|p2a: Conkeldurr|84/100|[from] Spikes
|
|-start|p1a: Murkrow|perish3
|upkeep
|turn|7
|inactive|Vangnex has 120 seconds left.
|
|t:|1743872051
|switch|p1a: Corviknight|Corviknight, M|100/100
|-ability|p1a: Corviknight|Pressure
|move|p2a: Conkeldurr|Drain Punch|p1a: Corviknight
|-damage|p1a: Corviknight|61/100
|-heal|p2a: Conkeldurr|100/100|[from] drain|[of] p1a: Corviknight
|
|upkeep
|turn|8
|inactive|Vangnex has 120 seconds left.
|
|t:|1743872063
|move|p1a: Corviknight|U-turn|p2a: Conkeldurr
|-resisted|p2a: Conkeldurr
|-damage|p2a: Conkeldurr|94/100
|
|t:|1743872066
|switch|p1a: Clodsire|Clodsire, F|100/100|[from] U-turn
|-sideend|p1: Ceron75|move: Toxic Spikes|[of] p1a: Clodsire
|move|p2a: Conkeldurr|Drain Punch|p1a: Clodsire
|-resisted|p1a: Clodsire
|-damage|p1a: Clodsire|74/100
|-heal|p2a: Conkeldurr|100/100|[from] drain|[of] p1a: Clodsire
|
|-heal|p1a: Clodsire|80/100|[from] item: Leftovers
|upkeep
|turn|9
|inactive|Vangnex has 120 seconds left.
|inactive|Vangnex has 90 seconds left.
|
|t:|1743872106
|switch|p2a: Cinderace|Cinderace, F|29/100
|move|p1a: Clodsire|Toxic|p2a: Cinderace
|-status|p2a: Cinderace|tox
|
|-heal|p1a: Clodsire|86/100|[from] item: Leftovers
|-damage|p2a: Cinderace|23/100 tox|[from] psn
|upkeep
|turn|10
|
|t:|1743872117
|switch|p1a: Corviknight|Corviknight, M|61/100
|-ability|p1a: Corviknight|Pressure
|move|p2a: Cinderace|Court Change|p2a: Cinderace
|-start|p2a: Cinderace|typechange|Normal|[from] ability: Libero
|-swapsideconditions
|-activate|p2a: Cinderace|move: Court Change
|
|-damage|p2a: Cinderace|11/100 tox|[from] psn
|upkeep
|turn|11
|
|t:|1743872129
|move|p2a: Cinderace|Pyro Ball|p1a: Corviknight
|-supereffective|p1a: Corviknight
|-damage|p1a: Corviknight|11/100
|move|p1a: Corviknight|Defog|p2a: Cinderace
|-unboost|p2a: Cinderace|evasion|1
|-sideend|p1: Ceron75|Spikes|[from] move: Defog|[of] p1a: Corviknight
|-sideend|p1: Ceron75|Sticky Web|[from] move: Defog|[of] p1a: Corviknight
|
|-damage|p2a: Cinderace|0 fnt|[from] psn
|faint|p2a: Cinderace
|upkeep
|inactive|Vangnex has 90 seconds left.
|
|t:|1743872146
|switch|p2a: Conkeldurr|Conkeldurr, M|100/100
|turn|12
|
|t:|1743872154
|move|p2a: Conkeldurr|Mach Punch|p1a: Corviknight
|-damage|p1a: Corviknight|0 fnt
|faint|p1a: Corviknight
|
|upkeep
|
|t:|1743872157
|switch|p1a: Clodsire|Clodsire, F|86/100
|turn|13
|
|t:|1743872165
|switch|p2a: Ursaring|Ursaring, F|100/100
|-terastallize|p1a: Clodsire|Fairy
|move|p1a: Clodsire|Toxic|p2a: Ursaring
|-status|p2a: Ursaring|tox
|
|-heal|p1a: Clodsire|92/100|[from] item: Leftovers
|-damage|p2a: Ursaring|94/100 tox|[from] psn
|upkeep
|turn|14
|
|t:|1743872172
|move|p1a: Clodsire|Protect|p1a: Clodsire
|-singleturn|p1a: Clodsire|Protect
|move|p2a: Ursaring|Facade|p1a: Clodsire
|-activate|p1a: Clodsire|move: Protect
|
|-heal|p1a: Clodsire|98/100|[from] item: Leftovers
|-damage|p2a: Ursaring|82/100 tox|[from] psn
|upkeep
|turn|15
|
|t:|1743872183
|switch|p1a: Murkrow|Murkrow, F|58/100
|move|p2a: Ursaring|Facade|p1a: Murkrow
|-damage|p1a: Murkrow|0 fnt
|faint|p1a: Murkrow
|
|-damage|p2a: Ursaring|63/100 tox|[from] psn
|upkeep
|
|t:|1743872193
|switch|p1a: Clodsire|Clodsire, F, tera:Fairy|98/100
|turn|16
|
|t:|1743872196
|move|p1a: Clodsire|Protect|p1a: Clodsire
|-singleturn|p1a: Clodsire|Protect
|move|p2a: Ursaring|Facade|p1a: Clodsire
|-activate|p1a: Clodsire|move: Protect
|
|-heal|p1a: Clodsire|100/100|[from] item: Leftovers
|-damage|p2a: Ursaring|38/100 tox|[from] psn
|upkeep
|turn|17
|
|t:|1743872207
|move|p2a: Ursaring|Facade|p1a: Clodsire
|-damage|p1a: Clodsire|33/100
|move|p1a: Clodsire|Recover|p1a: Clodsire
|-heal|p1a: Clodsire|83/100
|
|-heal|p1a: Clodsire|89/100|[from] item: Leftovers
|-damage|p2a: Ursaring|7/100 tox|[from] psn
|upkeep
|turn|18
|
|t:|1743872218
|switch|p2a: Ursaluna|Ursaluna, M|100/100
|move|p1a: Clodsire|Protect||[still]
|-fail|p1a: Clodsire
|
|-heal|p1a: Clodsire|95/100|[from] item: Leftovers
|upkeep
|turn|19
|
|t:|1743872225
|move|p2a: Ursaluna|Facade|p1a: Clodsire
|-damage|p1a: Clodsire|60/100
|move|p1a: Clodsire|Toxic|p2a: Ursaluna|[miss]
|-miss|p1a: Clodsire|p2a: Ursaluna
|
|-heal|p1a: Clodsire|66/100|[from] item: Leftovers
|upkeep
|turn|20
|
|t:|1743872230
|move|p1a: Clodsire|Protect|p1a: Clodsire
|-singleturn|p1a: Clodsire|Protect
|move|p2a: Ursaluna|Facade|p1a: Clodsire
|-activate|p1a: Clodsire|move: Protect
|
|-heal|p1a: Clodsire|72/100|[from] item: Leftovers
|upkeep
|turn|21
|
|t:|1743872236
|move|p2a: Ursaluna|Facade|p1a: Clodsire
|-damage|p1a: Clodsire|36/100
|move|p1a: Clodsire|Recover|p1a: Clodsire
|-heal|p1a: Clodsire|86/100
|
|-heal|p1a: Clodsire|92/100|[from] item: Leftovers
|upkeep
|turn|22
|
|t:|1743872243
|move|p2a: Ursaluna|Facade|p1a: Clodsire
|-damage|p1a: Clodsire|56/100
|move|p1a: Clodsire|Toxic|p2a: Ursaluna
|-status|p2a: Ursaluna|tox
|
|-heal|p1a: Clodsire|62/100|[from] item: Leftovers
|-damage|p2a: Ursaluna|94/100 tox|[from] psn
|upkeep
|turn|23
|
|t:|1743872249
|move|p1a: Clodsire|Protect|p1a: Clodsire
|-singleturn|p1a: Clodsire|Protect
|move|p2a: Ursaluna|Facade|p1a: Clodsire
|-activate|p1a: Clodsire|move: Protect
|
|-heal|p1a: Clodsire|68/100|[from] item: Leftovers
|-damage|p2a: Ursaluna|82/100 tox|[from] psn
|upkeep
|turn|24
|c|☆Vangnex|Thanks
|
|t:|1743872256
|move|p2a: Ursaluna|Facade|p1a: Clodsire
|-damage|p1a: Clodsire|0 fnt
|faint|p1a: Clodsire
|
|-damage|p2a: Ursaluna|64/100 tox|[from] psn
|upkeep
|
|t:|1743872264
|switch|p1a: Kingambit|Kingambit, M|100/100
|-activate|p1a: Kingambit|ability: Supreme Overlord
|-start|p1a: Kingambit|fallen5|[silent]
|turn|25
|
|t:|1743872267
|move|p1a: Kingambit|Sucker Punch|p2a: Ursaluna
|-damage|p2a: Ursaluna|0 fnt
|faint|p2a: Ursaluna
|
|upkeep
|
|t:|1743872272
|switch|p2a: Conkeldurr|Conkeldurr, M|100/100
|turn|26
|inactive|Ceron75 has 120 seconds left.
|
|t:|1743872303
|move|p1a: Kingambit|Sucker Punch|p2a: Conkeldurr
|-resisted|p2a: Conkeldurr
|-damage|p2a: Conkeldurr|64/100
|move|p2a: Conkeldurr|Mach Punch|p1a: Kingambit
|-supereffective|p1a: Kingambit
|-damage|p1a: Kingambit|1/100
|
|upkeep
|turn|27
|inactive|Ceron75 has 120 seconds left.
|
|t:|1743872319
|move|p1a: Kingambit|Sucker Punch|p2a: Conkeldurr
|-resisted|p2a: Conkeldurr
|-damage|p2a: Conkeldurr|22/100
|move|p2a: Conkeldurr|Mach Punch|p1a: Kingambit
|-supereffective|p1a: Kingambit
|-damage|p1a: Kingambit|0 fnt
|faint|p1a: Kingambit
|-end|p1a: Kingambit|fallen5|[silent]
|
|win|Vangnex
|raw|Ceron75's rating: 1162 &rarr; <strong>1133</strong><br />(-29 for losing)
|raw|Vangnex's rating: 1113 &rarr; <strong>1142</strong><br />(+29 for winning)
|l|☆Vangnex
|player|p2|
|l|☆Ceron75
|player|p1|
