|j|☆appollo999
|j|☆caoyeqi
|t:|1743865321
|gametype|singles
|player|p1|appollo999|lance|1171
|player|p2|caoyeqi|102|1123
|teamsize|p1|6
|teamsize|p2|6
|gen|9
|tier|[Gen 9] OU
|rated|
|rule|HP Percentage Mod: HP is shown in percentages
|rule|Endless Battle Clause: Forcing endless battles is banned
|rule|Species Clause: Limit one of each Pokémon
|rule|OHKO Clause: OHKO moves are banned
|rule|Evasion Items Clause: Evasion items are banned
|rule|Evasion Moves Clause: Evasion moves are banned
|rule|Sleep Moves Clause: Sleep-inducing moves are banned
|clearpoke
|poke|p1|Glimmora, F|
|poke|p1|Zamazenta-*|
|poke|p1|Latias, F|
|poke|p1|Gholdengo|
|poke|p1|Dragonite, F|
|poke|p1|Weavile, F|
|poke|p2|Pelipper, F|
|poke|p2|Gliscor, M|
|poke|p2|Empoleon, M|
|poke|p2|Ludicolo, M|
|poke|p2|Pikachu-Partner, M|
|poke|p2|Kingdra, F|
|teampreview
|
|t:|1743865332
|start
|switch|p1a: Glimmora|Glimmora, F|100/100
|switch|p2a: Empoleon|Empoleon, M|100/100
|turn|1
|inactive|Battle timer is ON: inactive players will automatically lose when time's up. (requested by appollo999)
|
|t:|1743865341
|move|p1a: Glimmora|Stealth Rock|p2a: Empoleon
|-sidestart|p2: caoyeqi|move: Stealth Rock
|move|p2a: Empoleon|Stealth Rock|p1a: Glimmora
|-sidestart|p1: appollo999|move: Stealth Rock
|
|upkeep
|turn|2
|
|t:|1743865348
|move|p1a: Glimmora|Spikes|p2a: Empoleon
|-sidestart|p2: caoyeqi|Spikes
|move|p2a: Empoleon|Roar|p1a: Glimmora
|drag|p1a: Zamazenta|Zamazenta|100/100
|-damage|p1a: Zamazenta|94/100|[from] Stealth Rock
|-ability|p1a: Zamazenta|Dauntless Shield|boost
|-boost|p1a: Zamazenta|def|1
|
|-heal|p1a: Zamazenta|100/100|[from] item: Leftovers
|upkeep
|turn|3
|
|t:|1743865362
|move|p1a: Zamazenta|Body Press|p2a: Empoleon
|-supereffective|p2a: Empoleon
|-damage|p2a: Empoleon|0 fnt
|faint|p2a: Empoleon
|
|upkeep
|
|t:|1743865370
|switch|p2a: Pelipper|Pelipper, F|100/100
|-damage|p2a: Pelipper|76/100|[from] Stealth Rock
|-weather|RainDance|[from] ability: Drizzle|[of] p2a: Pelipper
|turn|4
|
|t:|1743865381
|move|p1a: Zamazenta|Iron Defense|p1a: Zamazenta
|-boost|p1a: Zamazenta|def|2
|move|p2a: Pelipper|Hurricane|p1a: Zamazenta
|-supereffective|p1a: Zamazenta
|-damage|p1a: Zamazenta|36/100
|
|-weather|RainDance|[upkeep]
|-heal|p1a: Zamazenta|42/100|[from] item: Leftovers
|upkeep
|turn|5
|
|t:|1743865392
|move|p1a: Zamazenta|Body Press|p2a: Pelipper
|-resisted|p2a: Pelipper
|-damage|p2a: Pelipper|30/100
|move|p2a: Pelipper|Hurricane|p1a: Zamazenta
|-supereffective|p1a: Zamazenta
|-damage|p1a: Zamazenta|0 fnt
|faint|p1a: Zamazenta
|
|-weather|RainDance|[upkeep]
|upkeep
|
|t:|1743865395
|switch|p1a: Glimmora|Glimmora, F|100/100
|-damage|p1a: Glimmora|88/100|[from] Stealth Rock
|turn|6
|
|t:|1743865410
|move|p2a: Pelipper|Knock Off|p1a: Glimmora
|-damage|p1a: Glimmora|78/100
|-activate|p1a: Glimmora|ability: Toxic Debris
|-sidestart|p2: caoyeqi|move: Toxic Spikes
|-enditem|p1a: Glimmora|Red Card|[from] move: Knock Off|[of] p2a: Pelipper
|move|p1a: Glimmora|Power Gem|p2a: Pelipper
|-supereffective|p2a: Pelipper
|-damage|p2a: Pelipper|0 fnt
|faint|p2a: Pelipper
|
|-weather|RainDance|[upkeep]
|upkeep
|
|t:|1743865423
|switch|p2a: Gliscor|Gliscor, M|100/100
|-damage|p2a: Gliscor|88/100|[from] Stealth Rock
|turn|7
|
|t:|1743865429
|move|p2a: Gliscor|Earthquake|p1a: Glimmora
|-supereffective|p1a: Glimmora
|-damage|p1a: Glimmora|0 fnt
|-activate|p1a: Glimmora|ability: Toxic Debris
|-sidestart|p2: caoyeqi|move: Toxic Spikes
|faint|p1a: Glimmora
|
|-weather|RainDance|[upkeep]
|-status|p2a: Gliscor|tox|[from] item: Toxic Orb
|upkeep
|
|t:|1743865445
|switch|p1a: Latias|Latias, F|100/100
|-damage|p1a: Latias|88/100|[from] Stealth Rock
|turn|8
|
|t:|1743865452
|move|p1a: Latias|Agility|p1a: Latias
|-boost|p1a: Latias|spe|2
|move|p2a: Gliscor|Toxic|p1a: Latias
|-status|p1a: Latias|tox
|
|-weather|RainDance|[upkeep]
|-heal|p1a: Latias|94/100 tox|[from] item: Leftovers
|-damage|p1a: Latias|88/100 tox|[from] psn
|-heal|p2a: Gliscor|100/100 tox|[from] ability: Poison Heal
|upkeep
|turn|9
|
|t:|1743865466
|move|p1a: Latias|Calm Mind|p1a: Latias
|-boost|p1a: Latias|spa|1
|-boost|p1a: Latias|spd|1
|move|p2a: Gliscor|Facade|p1a: Latias
|-damage|p1a: Latias|59/100 tox
|
|-weather|RainDance|[upkeep]
|-heal|p1a: Latias|66/100 tox|[from] item: Leftovers
|-damage|p1a: Latias|53/100 tox|[from] psn
|upkeep
|turn|10
|
|t:|1743865486
|switch|p2a: Pikachu|Pikachu-Partner, M, shiny|100/100
|-damage|p2a: Pikachu|88/100|[from] Stealth Rock
|-damage|p2a: Pikachu|76/100|[from] Spikes
|-status|p2a: Pikachu|tox
|move|p1a: Latias|Stored Power|p2a: Pikachu
|-damage|p2a: Pikachu|0 fnt
|faint|p2a: Pikachu
|
|-weather|RainDance|[upkeep]
|-heal|p1a: Latias|59/100 tox|[from] item: Leftovers
|-damage|p1a: Latias|41/100 tox|[from] psn
|upkeep
|
|t:|1743865501
|switch|p2a: Ludicolo|Ludicolo, M|100/100
|-damage|p2a: Ludicolo|88/100|[from] Stealth Rock
|-damage|p2a: Ludicolo|76/100|[from] Spikes
|-status|p2a: Ludicolo|tox
|turn|11
|
|t:|1743865509
|move|p1a: Latias|Draining Kiss|p2a: Ludicolo
|-damage|p2a: Ludicolo|52/100 tox
|-heal|p1a: Latias|56/100 tox|[from] drain|[of] p2a: Ludicolo
|move|p2a: Ludicolo|Ice Beam|p1a: Latias
|-supereffective|p1a: Latias
|-damage|p1a: Latias|20/100 tox
|-damage|p2a: Ludicolo|43/100 tox|[from] item: Life Orb
|
|-weather|none
|-heal|p1a: Latias|27/100 tox|[from] item: Leftovers
|-damage|p1a: Latias|2/100 tox|[from] psn
|-damage|p2a: Ludicolo|37/100 tox|[from] psn
|upkeep
|turn|12
|
|t:|1743865523
|switch|p2a: Gliscor|Gliscor, M|100/100 tox
|-damage|p2a: Gliscor|88/100 tox|[from] Stealth Rock
|move|p1a: Latias|Stored Power|p2a: Gliscor
|-damage|p2a: Gliscor|21/100 tox
|
|-heal|p1a: Latias|8/100 tox|[from] item: Leftovers
|-damage|p1a: Latias|0 fnt|[from] psn
|faint|p1a: Latias
|-heal|p2a: Gliscor|34/100 tox|[from] ability: Poison Heal
|upkeep
|
|t:|1743865536
|switch|p1a: Dragonite|Dragonite, F|100/100
|turn|13
|
|t:|1743865541
|move|p2a: Gliscor|Protect|p2a: Gliscor
|-singleturn|p2a: Gliscor|Protect
|move|p1a: Dragonite|Ice Spinner|p2a: Gliscor
|-activate|p2a: Gliscor|move: Protect
|
|-heal|p2a: Gliscor|46/100 tox|[from] ability: Poison Heal
|upkeep
|turn|14
|
|t:|1743865552
|switch|p2a: Kingdra|Kingdra, F, shiny|100/100
|-damage|p2a: Kingdra|88/100|[from] Stealth Rock
|-damage|p2a: Kingdra|76/100|[from] Spikes
|-status|p2a: Kingdra|tox
|move|p1a: Dragonite|Ice Spinner|p2a: Kingdra
|-damage|p2a: Kingdra|36/100 tox
|
|-damage|p2a: Kingdra|29/100 tox|[from] psn
|upkeep
|turn|15
|
|t:|1743865572
|-terastallize|p2a: Kingdra|Dragon
|move|p2a: Kingdra|Draco Meteor|p1a: Dragonite
|-supereffective|p1a: Dragonite
|-damage|p1a: Dragonite|0 fnt
|-unboost|p2a: Kingdra|spa|2
|faint|p1a: Dragonite
|
|-damage|p2a: Kingdra|17/100 tox|[from] psn
|upkeep
|
|t:|1743865577
|switch|p1a: Weavile|Weavile, F|100/100
|-damage|p1a: Weavile|76/100|[from] Stealth Rock
|turn|16
|
|t:|1743865588
|move|p1a: Weavile|Triple Axel|p2a: Kingdra
|-supereffective|p2a: Kingdra
|-damage|p2a: Kingdra|0 fnt
|faint|p2a: Kingdra
|-hitcount|p2: Kingdra|1
|-damage|p1a: Weavile|66/100|[from] item: Life Orb
|
|upkeep
|
|t:|1743865600
|switch|p2a: Ludicolo|Ludicolo, M|37/100 tox
|-damage|p2a: Ludicolo|24/100 tox|[from] Stealth Rock
|-damage|p2a: Ludicolo|12/100 tox|[from] Spikes
|turn|17
|
|t:|1743865608
|-terastallize|p1a: Weavile|Ice
|move|p1a: Weavile|Triple Axel|p2a: Ludicolo
|-damage|p2a: Ludicolo|0 fnt
|faint|p2a: Ludicolo
|-hitcount|p2: Ludicolo|1
|-damage|p1a: Weavile|56/100|[from] item: Life Orb
|
|upkeep
|
|t:|1743865617
|switch|p2a: Gliscor|Gliscor, M|46/100 tox
|-damage|p2a: Gliscor|34/100 tox|[from] Stealth Rock
|turn|18
|
|t:|1743865624
|move|p2a: Gliscor|Protect|p2a: Gliscor
|-singleturn|p2a: Gliscor|Protect
|move|p1a: Weavile|Triple Axel|p2a: Gliscor
|-activate|p2a: Gliscor|move: Protect
|
|-heal|p2a: Gliscor|46/100 tox|[from] ability: Poison Heal
|upkeep
|turn|19
|
|t:|1743865634
|move|p2a: Gliscor|Protect||[still]
|-fail|p2a: Gliscor
|move|p1a: Weavile|Triple Axel|p2a: Gliscor
|-supereffective|p2a: Gliscor
|-damage|p2a: Gliscor|5/100 tox
|-supereffective|p2a: Gliscor
|-damage|p2a: Gliscor|0 fnt
|faint|p2a: Gliscor
|-hitcount|p2: Gliscor|2
|-damage|p1a: Weavile|46/100|[from] item: Life Orb
|
|win|appollo999
|raw|appollo999's rating: 1171 &rarr; <strong>1194</strong><br />(+23 for winning)
|raw|caoyeqi's rating: 1149 &rarr; <strong>1126</strong><br />(-23 for losing)
|l|☆caoyeqi
|player|p2|
|l|☆appollo999
|player|p1|
