|j|☆Retien
|j|☆fadfadadfadf
|t:|1743797817
|gametype|singles
|player|p1|Retien|depotagent|1182
|player|p2|fadfadadfadf|rocketgruntf|1185
|teamsize|p1|6
|teamsize|p2|6
|gen|9
|tier|[Gen 9] OU
|rated|
|rule|HP Percentage Mod: HP is shown in percentages
|rule|Endless Battle Clause: Forcing endless battles is banned
|rule|Species Clause: Limit one of each Pokémon
|rule|OHKO Clause: OHKO moves are banned
|rule|Evasion Items Clause: Evasion items are banned
|rule|Evasion Moves Clause: Evasion moves are banned
|rule|Sleep Moves Clause: Sleep-inducing moves are banned
|clearpoke
|poke|p1|Regigigas|
|poke|p1|Araquanid, F|
|poke|p1|Ogerpon-Wellspring, F|
|poke|p1|Zapdos|
|poke|p1|Pecharunt|
|poke|p1|Samurott-Hisui, F|
|poke|p2|Dragapult, M|
|poke|p2|Kingambit, F|
|poke|p2|Landorus-Therian, M|
|poke|p2|Slowking-Galar, F|
|poke|p2|Primarina, F|
|poke|p2|Ogerpon, F|
|teampreview
|inactive|Battle timer is ON: inactive players will automatically lose when time's up. (requested by fadfadadfadf)
|inactive|Retien also wants the timer to be on.
|
|t:|1743797825
|start
|switch|p1a: MAUCH|Araquanid, F|100/100
|switch|p2a: Dragapult|Dragapult, M|100/100
|turn|1
|
|t:|1743797828
|move|p2a: Dragapult|U-turn|p1a: MAUCH
|-damage|p1a: MAUCH|82/100
|
|t:|1743797834
|switch|p2a: Slowking|Slowking-Galar, F|100/100|[from] U-turn
|move|p1a: MAUCH|Sticky Web|p2a: Slowking
|-sidestart|p2: fadfadadfadf|move: Sticky Web
|
|upkeep
|turn|2
|
|t:|1743797843
|move|p1a: MAUCH|Surf|p2a: Slowking
|-damage|p2a: Slowking|66/100
|move|p2a: Slowking|Sludge Bomb|p1a: MAUCH
|-damage|p1a: MAUCH|56/100
|-status|p1a: MAUCH|psn
|
|-damage|p1a: MAUCH|43/100 psn|[from] psn
|upkeep
|turn|3
|
|t:|1743797849
|move|p1a: MAUCH|Surf|p2a: Slowking
|-damage|p2a: Slowking|36/100
|-prepare|p2a: Slowking|Chilly Reception|[premajor]
|move|p2a: Slowking|Chilly Reception|p2a: Slowking
|-weather|Snowscape
|
|t:|1743797869
|switch|p2a: Dragapult|Dragapult, M|100/100|[from] Chilly Reception
|-activate|p2a: Dragapult|move: Sticky Web
|-unboost|p2a: Dragapult|spe|1
|
|-weather|Snowscape|[upkeep]
|-damage|p1a: MAUCH|31/100 psn|[from] psn
|upkeep
|turn|4
|
|t:|1743797876
|move|p2a: Dragapult|Shadow Ball|p1a: MAUCH
|-damage|p1a: MAUCH|0 fnt
|faint|p1a: MAUCH
|
|-weather|Snowscape|[upkeep]
|upkeep
|
|t:|1743797879
|switch|p1a: PAS LUI|Samurott-Hisui, F|100/100
|turn|5
|
|t:|1743797889
|switch|p2a: Landorus|Landorus-Therian, M|100/100
|-ability|p2a: Landorus|Intimidate|boost
|-unboost|p1a: PAS LUI|atk|1
|move|p1a: PAS LUI|Ceaseless Edge|p2a: Landorus
|-damage|p2a: Landorus|71/100
|-damage|p1a: PAS LUI|84/100|[from] item: Rocky Helmet|[of] p2a: Landorus
|-sidestart|p2: fadfadadfadf|Spikes
|
|-weather|Snowscape|[upkeep]
|upkeep
|turn|6
|
|t:|1743797900
|move|p2a: Landorus|U-turn|p1a: PAS LUI
|-supereffective|p1a: PAS LUI
|-damage|p1a: PAS LUI|22/100
|
|t:|1743797907
|switch|p2a: Kingambit|Kingambit, F|100/100|[from] U-turn
|-activate|p2a: Kingambit|move: Sticky Web
|-unboost|p2a: Kingambit|spe|1
|-damage|p2a: Kingambit|88/100|[from] Spikes
|move|p1a: PAS LUI|Aqua Cutter|p2a: Kingambit
|-damage|p2a: Kingambit|60/100
|
|-weather|Snowscape|[upkeep]
|-heal|p2a: Kingambit|66/100|[from] item: Leftovers
|upkeep
|turn|7
|
|t:|1743797917
|move|p2a: Kingambit|Sucker Punch||[still]
|-fail|p2a: Kingambit
|move|p1a: PAS LUI|Encore|p2a: Kingambit
|-start|p2a: Kingambit|Encore
|
|-weather|none
|-heal|p2a: Kingambit|72/100|[from] item: Leftovers
|upkeep
|turn|8
|
|t:|1743797924
|switch|p1a: LA TUEUR|Regigigas|100/100
|-start|p1a: LA TUEUR|ability: Slow Start
|move|p2a: Kingambit|Sucker Punch||[still]
|-fail|p2a: Kingambit
|
|-heal|p2a: Kingambit|79/100|[from] item: Leftovers
|-status|p1a: LA TUEUR|brn|[from] item: Flame Orb
|upkeep
|turn|9
|
|t:|1743797948
|-end|p2a: Kingambit|fallenundefined|[silent]
|switch|p2a: Primarina|Primarina, F|100/100
|move|p1a: LA TUEUR|Facade|p2a: Primarina
|-damage|p2a: Primarina|45/100
|
|-damage|p1a: LA TUEUR|94/100 brn|[from] brn
|upkeep
|turn|10
|
|t:|1743797957
|switch|p2a: Landorus|Landorus-Therian, M|71/100
|-ability|p2a: Landorus|Intimidate|boost
|-unboost|p1a: LA TUEUR|atk|1
|move|p1a: LA TUEUR|Protect||[still]
|-fail|p1a: LA TUEUR
|
|-damage|p1a: LA TUEUR|88/100 brn|[from] brn
|upkeep
|turn|11
|
|t:|1743797966
|move|p2a: Landorus|Stealth Rock|p1a: LA TUEUR
|-sidestart|p1: Retien|move: Stealth Rock
|move|p1a: LA TUEUR|Facade|p2a: Landorus
|-damage|p2a: Landorus|46/100
|-damage|p1a: LA TUEUR|72/100 brn|[from] item: Rocky Helmet|[of] p2a: Landorus
|
|-damage|p1a: LA TUEUR|66/100 brn|[from] brn
|upkeep
|turn|12
|
|t:|1743797977
|move|p2a: Landorus|U-turn|p1a: LA TUEUR
|-damage|p1a: LA TUEUR|46/100 brn
|
|t:|1743797980
|switch|p2a: Dragapult|Dragapult, M|100/100|[from] U-turn
|-activate|p2a: Dragapult|move: Sticky Web
|-unboost|p2a: Dragapult|spe|1
|-damage|p2a: Dragapult|88/100|[from] Spikes
|move|p1a: LA TUEUR|Facade|p2a: Dragapult
|-immune|p2a: Dragapult
|
|-damage|p1a: LA TUEUR|40/100 brn|[from] brn
|upkeep
|turn|13
|
|t:|1743797984
|move|p2a: Dragapult|Draco Meteor|p1a: LA TUEUR
|-damage|p1a: LA TUEUR|0 fnt
|-unboost|p2a: Dragapult|spa|2
|faint|p1a: LA TUEUR
|-end|p1a: LA TUEUR|Slow Start|[silent]
|
|upkeep
|
|t:|1743797989
|switch|p1a: PAS LUI|Samurott-Hisui, F|22/100
|turn|14
|
|t:|1743797999
|move|p1a: PAS LUI|Ceaseless Edge|p2a: Dragapult|[miss]
|-miss|p1a: PAS LUI|p2a: Dragapult
|move|p2a: Dragapult|Draco Meteor|p1a: PAS LUI
|-damage|p1a: PAS LUI|0 fnt
|-unboost|p2a: Dragapult|spa|2
|faint|p1a: PAS LUI
|
|upkeep
|
|t:|1743798001
|switch|p1a: Static 100%|Zapdos|100/100
|turn|15
|
|t:|1743798008
|switch|p2a: Slowking|Slowking-Galar, F|69/100
|move|p1a: Static 100%|Hurricane|p2a: Slowking|[miss]
|-miss|p1a: Static 100%|p2a: Slowking
|
|upkeep
|turn|16
|
|t:|1743798015
|move|p1a: Static 100%|Hurricane|p2a: Slowking
|-damage|p2a: Slowking|40/100
|move|p2a: Slowking|Ice Beam|p1a: Static 100%
|-supereffective|p1a: Static 100%
|-damage|p1a: Static 100%|46/100
|
|upkeep
|turn|17
|
|t:|1743798021
|move|p1a: Static 100%|Volt Switch|p2a: Slowking
|-damage|p2a: Slowking|23/100
|
|t:|1743798023
|switch|p1a: AHHHHHH|Ogerpon-Wellspring, F|100/100|[from] Volt Switch
|-damage|p1a: AHHHHHH|88/100|[from] Stealth Rock
|move|p2a: Slowking|Ice Beam|p1a: AHHHHHH
|-damage|p1a: AHHHHHH|63/100
|
|upkeep
|turn|18
|
|t:|1743798034
|switch|p2a: Landorus|Landorus-Therian, M|46/100
|-ability|p2a: Landorus|Intimidate|boost
|-unboost|p1a: AHHHHHH|atk|1
|move|p1a: AHHHHHH|Swords Dance|p1a: AHHHHHH
|-boost|p1a: AHHHHHH|atk|2
|
|upkeep
|turn|19
|
|t:|1743798041
|move|p1a: AHHHHHH|Ivy Cudgel|p2a: Landorus|[anim] Ivy Cudgel Water
|-supereffective|p2a: Landorus
|-damage|p2a: Landorus|0 fnt
|faint|p2a: Landorus
|
|upkeep
|
|t:|1743798052
|switch|p2a: Ogerpon|Ogerpon, F|100/100
|turn|20
|
|t:|1743798056
|move|p2a: Ogerpon|Swords Dance|p2a: Ogerpon
|-boost|p2a: Ogerpon|atk|2
|move|p1a: AHHHHHH|Power Whip|p2a: Ogerpon
|-resisted|p2a: Ogerpon
|-damage|p2a: Ogerpon|33/100
|
|upkeep
|turn|21
|
|t:|1743798060
|move|p1a: AHHHHHH|Encore|p2a: Ogerpon
|-start|p2a: Ogerpon|Encore
|move|p2a: Ogerpon|Swords Dance|p2a: Ogerpon
|-boost|p2a: Ogerpon|atk|2
|
|upkeep
|turn|22
|-message|fadfadadfadf forfeited.
|
|win|Retien
|raw|Retien's rating: 1182 &rarr; <strong>1207</strong><br />(+25 for winning)
|raw|fadfadadfadf's rating: 1185 &rarr; <strong>1160</strong><br />(-25 for losing)
|l|☆fadfadadfadf
|player|p2|
|l|☆Retien
|player|p1|
