|j|☆cadmunt
|j|☆WDF123
|t:|1743918516
|gametype|singles
|player|p1|cadmunt|palmer|1113
|player|p2|WDF123|steven|1129
|teamsize|p1|6
|teamsize|p2|6
|gen|9
|tier|[Gen 9] OU
|rated|
|rule|HP Percentage Mod: HP is shown in percentages
|rule|Endless Battle Clause: Forcing endless battles is banned
|rule|Species Clause: Limit one of each Pokémon
|rule|OHKO Clause: OHKO moves are banned
|rule|Evasion Items Clause: Evasion items are banned
|rule|Evasion Moves Clause: Evasion moves are banned
|rule|Sleep Moves Clause: Sleep-inducing moves are banned
|clearpoke
|poke|p1|Grimmsnarl, M|
|poke|p1|Gyarados, M|
|poke|p1|Arcanine, M|
|poke|p1|Kyurem|
|poke|p1|Clodsire, M|
|poke|p1|Ditto|
|poke|p2|Corviknight, F|
|poke|p2|Excadrill, F|
|poke|p2|Metagross|
|poke|p2|Tyranitar, M|
|poke|p2|Chansey, F|
|poke|p2|Inteleon, F|
|teampreview
|
|t:|1743918526
|start
|switch|p1a: Norman|Grimmsnarl, M|100/100
|switch|p2a: Tyranitar|Tyranitar, M|100/100
|-weather|Sandstorm|[from] ability: Sand Stream|[of] p2a: Tyranitar
|turn|1
|inactive|Battle timer is ON: inactive players will automatically lose when time's up. (requested by cadmunt)
|
|t:|1743918550
|move|p1a: Norman|Play Rough|p2a: Tyranitar
|-supereffective|p2a: Tyranitar
|-crit|p2a: Tyranitar
|-damage|p2a: Tyranitar|0 fnt
|faint|p2a: Tyranitar
|
|-weather|Sandstorm|[upkeep]
|-damage|p1a: Norman|94/100|[from] Sandstorm
|upkeep
|
|t:|1743918558
|switch|p2a: Metagross|Metagross, shiny|100/100
|turn|2
|
|t:|1743918575
|move|p1a: Norman|Thunder Wave|p2a: Metagross
|-status|p2a: Metagross|par
|move|p2a: Metagross|Meteor Mash|p1a: Norman
|-supereffective|p1a: Norman
|-damage|p1a: Norman|0 fnt
|-boost|p2a: Metagross|atk|1
|faint|p1a: Norman
|
|-weather|Sandstorm|[upkeep]
|upkeep
|
|t:|1743918585
|switch|p1a: Ditto|Ditto, shiny|100/100
|-transform|p1a: Ditto|p2a: Metagross|[from] ability: Imposter
|turn|3
|
|t:|1743918590
|switch|p2a: Corviknight|Corviknight, F, shiny|100/100
|move|p1a: Ditto|Earthquake|p2a: Corviknight
|-immune|p2a: Corviknight
|
|-weather|Sandstorm|[upkeep]
|upkeep
|turn|4
|
|t:|1743918602
|switch|p1a: Arcanine|Arcanine, M|100/100
|-ability|p1a: Arcanine|Intimidate|boost
|-ability|p2a: Corviknight|Mirror Armor
|-unboost|p1a: Arcanine|atk|1
|move|p2a: Corviknight|Light Screen|p2a: Corviknight
|-sidestart|p2: WDF123|move: Light Screen
|
|-weather|Sandstorm|[upkeep]
|-damage|p1a: Arcanine|94/100|[from] Sandstorm
|-heal|p1a: Arcanine|100/100|[from] item: Leftovers
|upkeep
|turn|5
|
|t:|1743918612
|switch|p2a: Inteleon|Inteleon, F|100/100
|move|p1a: Arcanine|Will-O-Wisp|p2a: Inteleon
|-status|p2a: Inteleon|brn
|
|-weather|none
|-damage|p2a: Inteleon|94/100 brn|[from] brn
|upkeep
|turn|6
|
|t:|1743918621
|switch|p1a: Clodsire|Clodsire, M, shiny|100/100
|move|p2a: Inteleon|Snipe Shot|p1a: Clodsire
|-immune|p1a: Clodsire|[from] ability: Water Absorb
|
|-damage|p2a: Inteleon|88/100 brn|[from] brn
|upkeep
|turn|7
|
|t:|1743918645
|switch|p2a: Corviknight|Corviknight, F, shiny|100/100
|switch|p1a: Gyarados|Gyarados, M|100/100
|-ability|p1a: Gyarados|Intimidate|boost
|-ability|p2a: Corviknight|Mirror Armor
|-unboost|p1a: Gyarados|atk|1
|
|upkeep
|turn|8
|
|t:|1743918667
|move|p1a: Gyarados|Dragon Dance|p1a: Gyarados
|-boost|p1a: Gyarados|atk|1
|-boost|p1a: Gyarados|spe|1
|move|p2a: Corviknight|Body Press|p1a: Gyarados
|-resisted|p1a: Gyarados
|-damage|p1a: Gyarados|83/100
|
|-sideend|p2: WDF123|move: Light Screen
|upkeep
|turn|9
|
|t:|1743918675
|move|p1a: Gyarados|Dragon Dance|p1a: Gyarados
|-boost|p1a: Gyarados|atk|1
|-boost|p1a: Gyarados|spe|1
|move|p2a: Corviknight|Iron Defense|p2a: Corviknight
|-boost|p2a: Corviknight|def|2
|
|upkeep
|turn|10
|
|t:|1743918683
|move|p1a: Gyarados|Ice Fang|p2a: Corviknight
|-damage|p2a: Corviknight|91/100
|-damage|p1a: Gyarados|67/100|[from] item: Rocky Helmet|[of] p2a: Corviknight
|move|p2a: Corviknight|Body Press|p1a: Gyarados
|-resisted|p1a: Gyarados
|-damage|p1a: Gyarados|33/100
|
|upkeep
|turn|11
|
|t:|1743918690
|move|p1a: Gyarados|Dragon Dance|p1a: Gyarados
|-boost|p1a: Gyarados|atk|1
|-boost|p1a: Gyarados|spe|1
|move|p2a: Corviknight|Body Press|p1a: Gyarados
|-resisted|p1a: Gyarados
|-damage|p1a: Gyarados|0 fnt
|faint|p1a: Gyarados
|
|upkeep
|
|t:|1743918693
|switch|p1a: Kyurem|Kyurem, shiny|100/100
|-ability|p1a: Kyurem|Pressure
|turn|12
|
|t:|1743918703
|move|p1a: Kyurem|Ice Beam|p2a: Corviknight
|-damage|p2a: Corviknight|41/100
|move|p2a: Corviknight|Light Screen|p2a: Corviknight
|-sidestart|p2: WDF123|move: Light Screen
|
|upkeep
|turn|13
|
|t:|1743918710
|move|p1a: Kyurem|Ice Beam|p2a: Corviknight
|-damage|p2a: Corviknight|17/100
|move|p2a: Corviknight|Roost|p2a: Corviknight
|-heal|p2a: Corviknight|67/100
|-singleturn|p2a: Corviknight|move: Roost
|
|upkeep
|turn|14
|
|t:|1743918717
|move|p1a: Kyurem|Ice Beam|p2a: Corviknight
|-damage|p2a: Corviknight|44/100
|move|p2a: Corviknight|Roost|p2a: Corviknight
|-heal|p2a: Corviknight|94/100
|-singleturn|p2a: Corviknight|move: Roost
|
|upkeep
|turn|15
|
|t:|1743918724
|move|p1a: Kyurem|Ice Beam|p2a: Corviknight
|-damage|p2a: Corviknight|70/100
|move|p2a: Corviknight|Body Press|p1a: Kyurem
|-supereffective|p1a: Kyurem
|-damage|p1a: Kyurem|7/100
|
|-heal|p1a: Kyurem|13/100|[from] item: Leftovers
|upkeep
|turn|16
|
|t:|1743918731
|switch|p1a: Arcanine|Arcanine, M|100/100
|-ability|p1a: Arcanine|Intimidate|boost
|-ability|p2a: Corviknight|Mirror Armor
|-unboost|p1a: Arcanine|atk|1
|move|p2a: Corviknight|Body Press|p1a: Arcanine
|-damage|p1a: Arcanine|60/100
|
|-heal|p1a: Arcanine|66/100|[from] item: Leftovers
|-sideend|p2: WDF123|move: Light Screen
|upkeep
|turn|17
|
|t:|1743918743
|switch|p2a: Chansey|Chansey, F|100/100
|move|p1a: Arcanine|Will-O-Wisp|p2a: Chansey
|-status|p2a: Chansey|brn
|
|-heal|p1a: Arcanine|73/100|[from] item: Leftovers
|-damage|p2a: Chansey|94/100 brn|[from] brn
|upkeep
|turn|18
|
|t:|1743918759
|switch|p1a: Ditto|Ditto, shiny|100/100
|-transform|p1a: Ditto|p2a: Chansey|[from] ability: Imposter
|move|p2a: Chansey|Stealth Rock|p1a: Ditto
|-sidestart|p1: cadmunt|move: Stealth Rock
|
|-damage|p2a: Chansey|88/100 brn|[from] brn
|upkeep
|turn|19
|
|t:|1743918770
|move|p1a: Ditto|Stealth Rock|p2a: Chansey
|-sidestart|p2: WDF123|move: Stealth Rock
|move|p2a: Chansey|Thunder Wave|p1a: Ditto
|-status|p1a: Ditto|par
|
|-damage|p2a: Chansey|82/100 brn|[from] brn
|upkeep
|turn|20
|
|t:|1743918779
|-curestatus|p2a: Chansey|brn|[from] ability: Natural Cure
|switch|p2a: Metagross|Metagross, shiny|100/100 par
|-damage|p2a: Metagross|95/100 par|[from] Stealth Rock
|-curestatus|p1a: Ditto|par|[from] ability: Natural Cure
|switch|p1a: Kyurem|Kyurem, shiny|13/100
|-damage|p1a: Kyurem|0 fnt|[from] Stealth Rock
|faint|p1a: Kyurem
|
|upkeep
|
|t:|1743918783
|switch|p1a: Ditto|Ditto, shiny|100/100
|-damage|p1a: Ditto|88/100|[from] Stealth Rock
|-transform|p1a: Ditto|p2a: Metagross|[from] ability: Imposter
|turn|21
|
|t:|1743918793
|switch|p2a: Corviknight|Corviknight, F, shiny|70/100
|-damage|p2a: Corviknight|58/100|[from] Stealth Rock
|move|p1a: Ditto|Ice Punch|p2a: Corviknight
|-damage|p2a: Corviknight|43/100
|-damage|p1a: Ditto|71/100|[from] item: Rocky Helmet|[of] p2a: Corviknight
|
|upkeep
|turn|22
|
|t:|1743918802
|move|p1a: Ditto|Ice Punch|p2a: Corviknight
|-damage|p2a: Corviknight|29/100
|-damage|p1a: Ditto|55/100|[from] item: Rocky Helmet|[of] p2a: Corviknight
|move|p2a: Corviknight|Roost|p2a: Corviknight
|-heal|p2a: Corviknight|78/100
|-singleturn|p2a: Corviknight|move: Roost
|
|upkeep
|turn|23
|
|t:|1743918811
|move|p1a: Ditto|Ice Punch|p2a: Corviknight
|-damage|p2a: Corviknight|63/100
|-damage|p1a: Ditto|38/100|[from] item: Rocky Helmet|[of] p2a: Corviknight
|move|p2a: Corviknight|Body Press|p1a: Ditto
|-damage|p1a: Ditto|15/100
|
|upkeep
|turn|24
|
|t:|1743918819
|move|p1a: Ditto|Ice Punch|p2a: Corviknight
|-damage|p2a: Corviknight|48/100
|-damage|p1a: Ditto|0 fnt|[from] item: Rocky Helmet|[of] p2a: Corviknight
|faint|p1a: Ditto
|move|p2a: Corviknight|Roost|p2a: Corviknight
|-heal|p2a: Corviknight|98/100
|-singleturn|p2a: Corviknight|move: Roost
|
|upkeep
|-message|cadmunt forfeited.
|
|win|WDF123
|raw|cadmunt's rating: 1113 &rarr; <strong>1089</strong><br />(-24 for losing)
|raw|WDF123's rating: 1129 &rarr; <strong>1153</strong><br />(+24 for winning)
|l|☆cadmunt
|player|p1|
|l|☆WDF123
|player|p2|
