|j|☆Aiaoqppqqppq
|j|☆ReaganSellsCrack
|t:|1743843014
|gametype|singles
|player|p1|Aiaoqppqqppq|170|1162
|player|p2|ReaganSellsCrack|backersf|1140
|teamsize|p1|6
|teamsize|p2|6
|gen|9
|tier|[Gen 9] OU
|rated|
|rule|HP Percentage Mod: HP is shown in percentages
|rule|Endless Battle Clause: Forcing endless battles is banned
|rule|Species Clause: Limit one of each Pokémon
|rule|OHKO Clause: OHKO moves are banned
|rule|Evasion Items Clause: Evasion items are banned
|rule|Evasion Moves Clause: Evasion moves are banned
|rule|Sleep Moves Clause: Sleep-inducing moves are banned
|clearpoke
|poke|p1|Araquanid, M|
|poke|p1|Raging Bolt|
|poke|p1|Iron Moth|
|poke|p1|Great Tusk|
|poke|p1|Gholdengo|
|poke|p1|Kingambit, F|
|poke|p2|Darkrai|
|poke|p2|Garchomp, M|
|poke|p2|Great Tusk|
|poke|p2|Moltres|
|poke|p2|Ogerpon-Wellspring, F|
|poke|p2|Pecharunt|
|teampreview
|inactive|Battle timer is ON: inactive players will automatically lose when time's up. (requested by ReaganSellsCrack)
|
|t:|1743843033
|start
|switch|p1a: Araquanid|Araquanid, M|100/100
|switch|p2a: Garchomp|Garchomp, M|100/100
|turn|1
|
|t:|1743843039
|move|p2a: Garchomp|Stealth Rock|p1a: Araquanid
|-sidestart|p1: Aiaoqppqqppq|move: Stealth Rock
|move|p1a: Araquanid|Sticky Web|p2a: Garchomp
|-sidestart|p2: ReaganSellsCrack|move: Sticky Web
|
|upkeep
|turn|2
|
|t:|1743843044
|move|p2a: Garchomp|Spikes|p1a: Araquanid
|-sidestart|p1: Aiaoqppqqppq|Spikes
|move|p1a: Araquanid|Lunge|p2a: Garchomp
|-damage|p2a: Garchomp|88/100
|-unboost|p2a: Garchomp|atk|1
|-damage|p1a: Araquanid|88/100|[from] ability: Rough Skin|[of] p2a: Garchomp
|-damage|p1a: Araquanid|72/100|[from] item: Rocky Helmet|[of] p2a: Garchomp
|
|upkeep
|turn|3
|
|t:|1743843053
|switch|p1a: Great Tusk|Great Tusk|100/100
|-damage|p1a: Great Tusk|98/100|[from] Stealth Rock
|-damage|p1a: Great Tusk|85/100|[from] Spikes
|-enditem|p1a: Great Tusk|Booster Energy
|-activate|p1a: Great Tusk|ability: Protosynthesis|[fromitem]
|-start|p1a: Great Tusk|protosynthesisatk
|move|p2a: Garchomp|Spikes|p1a: Great Tusk
|-sidestart|p1: Aiaoqppqqppq|Spikes
|
|upkeep
|turn|4
|
|t:|1743843081
|move|p1a: Great Tusk|Rapid Spin|p2a: Garchomp
|-damage|p2a: Garchomp|74/100
|-boost|p1a: Great Tusk|spe|1
|-damage|p1a: Great Tusk|73/100|[from] ability: Rough Skin|[of] p2a: Garchomp
|-damage|p1a: Great Tusk|56/100|[from] item: Rocky Helmet|[of] p2a: Garchomp
|-sideend|p1: Aiaoqppqqppq|Spikes|[from] move: Rapid Spin|[of] p1a: Great Tusk
|-sideend|p1: Aiaoqppqqppq|Stealth Rock|[from] move: Rapid Spin|[of] p1a: Great Tusk
|move|p2a: Garchomp|Spikes|p1a: Great Tusk
|-sidestart|p1: Aiaoqppqqppq|Spikes
|
|upkeep
|turn|5
|
|t:|1743843087
|move|p1a: Great Tusk|Ice Spinner|p2a: Garchomp
|-supereffective|p2a: Garchomp
|-damage|p2a: Garchomp|0 fnt
|-damage|p1a: Great Tusk|44/100|[from] ability: Rough Skin|[of] p2a: Garchomp
|-damage|p1a: Great Tusk|27/100|[from] item: Rocky Helmet|[of] p2a: Garchomp
|faint|p2a: Garchomp
|
|upkeep
|
|t:|1743843091
|switch|p2a: Great Tusk|Great Tusk|100/100
|-activate|p2a: Great Tusk|move: Sticky Web
|-unboost|p2a: Great Tusk|spe|1
|turn|6
|
|t:|1743843095
|move|p1a: Great Tusk|Ice Spinner|p2a: Great Tusk
|-supereffective|p2a: Great Tusk
|-damage|p2a: Great Tusk|49/100
|move|p2a: Great Tusk|Rapid Spin|p1a: Great Tusk
|-damage|p1a: Great Tusk|15/100
|-boost|p2a: Great Tusk|spe|1
|-sideend|p2: ReaganSellsCrack|Sticky Web|[from] move: Rapid Spin|[of] p2a: Great Tusk
|
|upkeep
|turn|7
|
|t:|1743843107
|move|p1a: Great Tusk|Ice Spinner|p2a: Great Tusk
|-supereffective|p2a: Great Tusk
|-crit|p2a: Great Tusk
|-damage|p2a: Great Tusk|0 fnt
|faint|p2a: Great Tusk
|-end|p2a: Great Tusk|Protosynthesis|[silent]
|
|upkeep
|
|t:|1743843114
|switch|p2a: Darkrai|Darkrai|100/100
|turn|8
|
|t:|1743843120
|move|p1a: Great Tusk|Headlong Rush|p2a: Darkrai
|-damage|p2a: Darkrai|5/100
|-unboost|p1a: Great Tusk|def|1
|-unboost|p1a: Great Tusk|spd|1
|move|p2a: Darkrai|Dark Pulse|p1a: Great Tusk
|-resisted|p1a: Great Tusk
|-damage|p1a: Great Tusk|0 fnt
|faint|p1a: Great Tusk
|-end|p1a: Great Tusk|Protosynthesis|[silent]
|
|-heal|p2a: Darkrai|11/100|[from] item: Leftovers
|upkeep
|
|t:|1743843124
|switch|p1a: Araquanid|Araquanid, M|72/100
|-damage|p1a: Araquanid|59/100|[from] Spikes
|turn|9
|
|t:|1743843128
|move|p2a: Darkrai|Dark Pulse|p1a: Araquanid
|-damage|p1a: Araquanid|37/100
|move|p1a: Araquanid|Sticky Web|p2a: Darkrai
|-sidestart|p2: ReaganSellsCrack|move: Sticky Web
|
|-heal|p2a: Darkrai|17/100|[from] item: Leftovers
|upkeep
|turn|10
|-message|ReaganSellsCrack forfeited.
|
|win|Aiaoqppqqppq
|raw|Aiaoqppqqppq's rating: 1162 &rarr; <strong>1185</strong><br />(+23 for winning)
|raw|ReaganSellsCrack's rating: 1140 &rarr; <strong>1117</strong><br />(-23 for losing)
|l|☆ReaganSellsCrack
|player|p2|
