|j|☆Benshy
|j|☆gliscorhater8018
|t:|1743888565
|gametype|singles
|player|p1|Benshy|n|1307
|player|p2|gliscorhater8018|juan|1321
|teamsize|p1|6
|teamsize|p2|6
|gen|9
|tier|[Gen 9] OU
|rated|
|rule|HP Percentage Mod: HP is shown in percentages
|rule|Endless Battle Clause: Forcing endless battles is banned
|rule|Species Clause: Limit one of each Pokémon
|rule|OHKO Clause: OHKO moves are banned
|rule|Evasion Items Clause: Evasion items are banned
|rule|Evasion Moves Clause: Evasion moves are banned
|rule|Sleep Moves Clause: Sleep-inducing moves are banned
|clearpoke
|poke|p1|Articuno|
|poke|p1|Tauros-Paldea-Aqua, M|
|poke|p1|Arcanine-Hisui, F|
|poke|p1|Gliscor, M|
|poke|p1|Iron Crown|
|poke|p1|Dragonite, M|
|poke|p2|Araquanid, F|
|poke|p2|Raging Bolt|
|poke|p2|Iron Moth|
|poke|p2|Great Tusk|
|poke|p2|Gholdengo|
|poke|p2|Kingambit, M|
|teampreview
|inactive|Battle timer is ON: inactive players will automatically lose when time's up. (requested by Benshy)
|
|t:|1743888582
|start
|switch|p1a: Arcanine|Arcanine-Hisui, F|100/100
|switch|p2a: Araquanid|Araquanid, F, shiny|100/100
|turn|1
|
|t:|1743888593
|-terastallize|p1a: Arcanine|Electric
|move|p1a: Arcanine|Wild Charge|p2a: Araquanid
|-supereffective|p2a: Araquanid
|-damage|p2a: Araquanid|0 fnt
|faint|p2a: Araquanid
|-damage|p1a: Arcanine|91/100|[from] item: Life Orb
|
|upkeep
|
|t:|1743888623
|switch|p2a: Great Tusk|Great Tusk, shiny|100/100
|-enditem|p2a: Great Tusk|Booster Energy
|-activate|p2a: Great Tusk|ability: Protosynthesis|[fromitem]
|-start|p2a: Great Tusk|protosynthesisatk
|turn|2
|
|t:|1743888633
|switch|p1a: Tauros|Tauros-Paldea-Aqua, M|100/100
|-ability|p1a: Tauros|Intimidate|boost
|-unboost|p2a: Great Tusk|atk|1
|move|p2a: Great Tusk|Ice Spinner|p1a: Tauros
|-resisted|p1a: Tauros
|-crit|p1a: Tauros
|-damage|p1a: Tauros|71/100
|
|upkeep
|turn|3
|
|t:|1743888645
|-end|p2a: Great Tusk|Protosynthesis|[silent]
|switch|p2a: Raging Bolt|Raging Bolt|100/100
|-enditem|p2a: Raging Bolt|Booster Energy
|-activate|p2a: Raging Bolt|ability: Protosynthesis|[fromitem]
|-start|p2a: Raging Bolt|protosynthesisspa
|move|p1a: Tauros|Trailblaze|p2a: Raging Bolt
|-resisted|p2a: Raging Bolt
|-damage|p2a: Raging Bolt|92/100
|-boost|p1a: Tauros|spe|1
|-damage|p1a: Tauros|61/100|[from] item: Life Orb
|
|upkeep
|turn|4
|
|t:|1743888660
|move|p1a: Tauros|Aqua Jet|p2a: Raging Bolt
|-resisted|p2a: Raging Bolt
|-damage|p2a: Raging Bolt|80/100
|-damage|p1a: Tauros|51/100|[from] item: Life Orb
|move|p2a: Raging Bolt|Calm Mind|p2a: Raging Bolt
|-boost|p2a: Raging Bolt|spa|1
|-boost|p2a: Raging Bolt|spd|1
|
|upkeep
|turn|5
|
|t:|1743888670
|switch|p1a: Gliscor|Gliscor, M|100/100
|move|p2a: Raging Bolt|Dragon Pulse|p1a: Gliscor
|-crit|p1a: Gliscor
|-damage|p1a: Gliscor|0 fnt
|faint|p1a: Gliscor
|
|upkeep
|inactive|Benshy has 120 seconds left.
|
|t:|1743888696
|switch|p1a: Arcanine|Arcanine-Hisui, F, tera:Electric|91/100
|turn|6
|inactive|Benshy has 120 seconds left.
|
|t:|1743888709
|move|p1a: Arcanine|Head Smash|p2a: Raging Bolt|[miss]
|-miss|p1a: Arcanine|p2a: Raging Bolt
|move|p2a: Raging Bolt|Dragon Pulse|p1a: Arcanine
|-damage|p1a: Arcanine|0 fnt
|faint|p1a: Arcanine
|
|upkeep
|inactive|Benshy has 120 seconds left.
|
|t:|1743888715
|switch|p1a: Dragonite|Dragonite, M|100/100
|turn|7
|inactive|Benshy has 120 seconds left.
|
|t:|1743888729
|-terastallize|p2a: Raging Bolt|Fairy
|move|p1a: Dragonite|Earthquake|p2a: Raging Bolt
|-damage|p2a: Raging Bolt|44/100
|move|p2a: Raging Bolt|Dragon Pulse|p1a: Dragonite
|-supereffective|p1a: Dragonite
|-damage|p1a: Dragonite|0 fnt
|faint|p1a: Dragonite
|
|upkeep
|inactive|Benshy has 120 seconds left.
|
|t:|1743888739
|switch|p1a: Iron Crown|Iron Crown|100/100
|turn|8
|
|t:|1743888744
|move|p2a: Raging Bolt|Thunderbolt|p1a: Iron Crown
|-damage|p1a: Iron Crown|42/100
|move|p1a: Iron Crown|Tachyon Cutter|p2a: Raging Bolt
|-supereffective|p2a: Raging Bolt
|-crit|p2a: Raging Bolt
|-damage|p2a: Raging Bolt|0 fnt
|faint|p2a: Raging Bolt
|-end|p2a: Raging Bolt|Protosynthesis|[silent]
|-hitcount|p2: Raging Bolt|1
|
|upkeep
|
|t:|1743888751
|switch|p2a: Iron Moth|Iron Moth|100/100
|-enditem|p2a: Iron Moth|Booster Energy
|-activate|p2a: Iron Moth|ability: Quark Drive|[fromitem]
|-start|p2a: Iron Moth|quarkdrivespa
|turn|9
|
|t:|1743888757
|move|p2a: Iron Moth|Fiery Dance|p1a: Iron Crown
|-supereffective|p1a: Iron Crown
|-damage|p1a: Iron Crown|0 fnt
|-boost|p2a: Iron Moth|spa|1
|faint|p1a: Iron Crown
|-end|p1a: Iron Crown|Quark Drive|[silent]
|
|upkeep
|
|t:|1743888763
|switch|p1a: Tauros|Tauros-Paldea-Aqua, M|51/100
|-ability|p1a: Tauros|Intimidate|boost
|-unboost|p2a: Iron Moth|atk|1
|turn|10
|
|t:|1743888772
|move|p1a: Tauros|Aqua Jet|p2a: Iron Moth
|-supereffective|p2a: Iron Moth
|-damage|p2a: Iron Moth|19/100
|-damage|p1a: Tauros|41/100|[from] item: Life Orb
|move|p2a: Iron Moth|Dazzling Gleam|p1a: Tauros
|-supereffective|p1a: Tauros
|-damage|p1a: Tauros|0 fnt
|faint|p1a: Tauros
|
|upkeep
|
|t:|1743888780
|switch|p1a: Articuno|Articuno|100/100
|-ability|p1a: Articuno|Pressure
|turn|11
|
|t:|1743888786
|move|p2a: Iron Moth|Fiery Dance|p1a: Articuno
|-supereffective|p1a: Articuno
|-damage|p1a: Articuno|12/100
|move|p1a: Articuno|Ice Beam|p2a: Iron Moth
|-resisted|p2a: Iron Moth
|-damage|p2a: Iron Moth|3/100
|
|upkeep
|turn|12
|-message|Benshy forfeited.
|
|win|gliscorhater8018
|raw|Benshy's rating: 1307 &rarr; <strong>1288</strong><br />(-19 for losing)
|raw|gliscorhater8018's rating: 1321 &rarr; <strong>1340</strong><br />(+19 for winning)
|l|☆Benshy
|player|p1|
|l|☆gliscorhater8018
|player|p2|
