|j|☆Mayeda
|j|☆Higetdestroyed
|t:|1743815296
|gametype|singles
|player|p1|Mayeda|pokemonbreederf-gen4|1056
|player|p2|Higetdestroyed|ninjaboy|1078
|teamsize|p1|6
|teamsize|p2|6
|gen|9
|tier|[Gen 9] OU
|rated|
|rule|HP Percentage Mod: HP is shown in percentages
|rule|Endless Battle Clause: Forcing endless battles is banned
|rule|Species Clause: Limit one of each Pokémon
|rule|OHKO Clause: OHKO moves are banned
|rule|Evasion Items Clause: Evasion items are banned
|rule|Evasion Moves Clause: Evasion moves are banned
|rule|Sleep Moves Clause: Sleep-inducing moves are banned
|clearpoke
|poke|p1|Dipplin, M|
|poke|p1|Iron Thorns|
|poke|p1|Okidogi, M|
|poke|p1|Kilowattrel, F|
|poke|p1|Brambleghast, M|
|poke|p1|Toxtricity-Low-Key, M|
|poke|p2|Garganacl, F|
|poke|p2|Goodra-Hisui, F|
|poke|p2|Hatterene, F|
|poke|p2|Sinistcha|
|poke|p2|Toxapex, M|
|poke|p2|Mandibuzz, F|
|teampreview
|inactive|Battle timer is ON: inactive players will automatically lose when time's up. (requested by Higetdestroyed)
|
|t:|1743815317
|start
|switch|p1a: Toxtricity|Toxtricity-Low-Key, M|100/100
|switch|p2a: Garganacl|Garganacl, F, shiny|100/100
|turn|1
|
|t:|1743815330
|move|p1a: Toxtricity|Substitute|p1a: Toxtricity
|-start|p1a: Toxtricity|Substitute
|-damage|p1a: Toxtricity|76/100
|move|p2a: Garganacl|Earthquake|p1a: Toxtricity
|-supereffective|p1a: Toxtricity
|-end|p1a: Toxtricity|Substitute
|
|-heal|p1a: Toxtricity|82/100|[from] item: Leftovers
|upkeep
|turn|2
|
|t:|1743815350
|switch|p1a: Zaptrecuno|Kilowattrel, F, shiny|100/100
|move|p2a: Garganacl|Earthquake|p1a: Zaptrecuno
|-immune|p1a: Zaptrecuno
|
|upkeep
|turn|3
|
|t:|1743815353
|move|p1a: Zaptrecuno|Tailwind|p1a: Zaptrecuno
|-sidestart|p1: Mayeda|move: Tailwind
|-start|p1a: Zaptrecuno|Charge|Tailwind|[from] ability: Wind Power
|move|p2a: Garganacl|Salt Cure|p1a: Zaptrecuno
|-supereffective|p1a: Zaptrecuno
|-damage|p1a: Zaptrecuno|47/100
|-start|p1a: Zaptrecuno|Salt Cure
|
|-damage|p1a: Zaptrecuno|35/100|[from] Salt Cure
|upkeep
|turn|4
|
|t:|1743815358
|switch|p1a: Brambleghast|Brambleghast, M|100/100
|-ability|p1a: Brambleghast|Wind Rider|boost
|-boost|p1a: Brambleghast|atk|1
|move|p2a: Garganacl|Avalanche|p1a: Brambleghast
|-supereffective|p1a: Brambleghast
|-damage|p1a: Brambleghast|48/100
|
|upkeep
|turn|5
|
|t:|1743815366
|switch|p2a: Goodra|Goodra-Hisui, F, shiny|100/100
|move|p1a: Brambleghast|Power Whip|p2a: Goodra
|-ability|p2a: Goodra|Sap Sipper|boost
|-boost|p2a: Goodra|atk|1
|
|upkeep
|turn|6
|
|t:|1743815371
|move|p1a: Brambleghast|Poltergeist|p2a: Goodra
|-activate|p2a: Goodra|move: Poltergeist|Assault Vest
|-crit|p2a: Goodra
|-damage|p2a: Goodra|0 fnt
|faint|p2a: Goodra
|
|-sideend|p1: Mayeda|move: Tailwind
|upkeep
|
|t:|1743815380
|switch|p2a: Garganacl|Garganacl, F, shiny|100/100
|turn|7
|
|t:|1743815385
|move|p1a: Brambleghast|Power Whip|p2a: Garganacl
|-supereffective|p2a: Garganacl
|-damage|p2a: Garganacl|0 fnt
|faint|p2a: Garganacl
|
|upkeep
|
|t:|1743815388
|switch|p2a: Toxapex|Toxapex, M, shiny|100/100
|turn|8
|
|t:|1743815390
|move|p1a: Brambleghast|Poltergeist|p2a: Toxapex
|-activate|p2a: Toxapex|move: Poltergeist|Leftovers
|-damage|p2a: Toxapex|29/100
|move|p2a: Toxapex|Infestation|p1a: Brambleghast
|-crit|p1a: Brambleghast
|-damage|p1a: Brambleghast|41/100
|-activate|p1a: Brambleghast|move: Infestation|[of] p2a: Toxapex
|
|-heal|p2a: Toxapex|35/100|[from] item: Leftovers
|-damage|p1a: Brambleghast|29/100|[from] move: Infestation|[partiallytrapped]
|upkeep
|turn|9
|
|t:|1743815399
|move|p2a: Toxapex|Protect|p2a: Toxapex
|-singleturn|p2a: Toxapex|Protect
|move|p1a: Brambleghast|Poltergeist|p2a: Toxapex
|-activate|p2a: Toxapex|move: Protect
|
|-heal|p2a: Toxapex|41/100|[from] item: Leftovers
|-damage|p1a: Brambleghast|16/100|[from] move: Infestation|[partiallytrapped]
|upkeep
|turn|10
|
|t:|1743815401
|move|p1a: Brambleghast|Poltergeist|p2a: Toxapex
|-activate|p2a: Toxapex|move: Poltergeist|Leftovers
|-damage|p2a: Toxapex|0 fnt
|faint|p2a: Toxapex
|
|-end|p1a: Brambleghast|Infestation|[partiallytrapped]|[silent]
|upkeep
|
|t:|1743815403
|switch|p2a: Sinistcha|Sinistcha, shiny|100/100
|turn|11
|
|t:|1743815413
|move|p1a: Brambleghast|Poltergeist|p2a: Sinistcha
|-activate|p2a: Sinistcha|move: Poltergeist|Heavy-Duty Boots
|-supereffective|p2a: Sinistcha
|-damage|p2a: Sinistcha|0 fnt
|faint|p2a: Sinistcha
|
|upkeep
|
|t:|1743815417
|switch|p2a: Hatterene|Hatterene, F, shiny|100/100
|turn|12
|
|t:|1743815421
|move|p1a: Brambleghast|Poltergeist|p2a: Hatterene|[miss]
|-miss|p1a: Brambleghast|p2a: Hatterene
|move|p2a: Hatterene|Mystical Fire|p1a: Brambleghast
|-supereffective|p1a: Brambleghast
|-activate|p1a: Brambleghast|item: Focus Band
|-damage|p1a: Brambleghast|1/100
|-unboost|p1a: Brambleghast|spa|1
|
|upkeep
|turn|13
|
|t:|1743815425
|move|p1a: Brambleghast|Poltergeist|p2a: Hatterene
|-activate|p2a: Hatterene|move: Poltergeist|Leftovers
|-supereffective|p2a: Hatterene
|-damage|p2a: Hatterene|0 fnt
|faint|p2a: Hatterene
|
|upkeep
|
|t:|1743815429
|switch|p2a: Mandibuzz|Mandibuzz, F|100/100
|turn|14
|
|t:|1743815439
|move|p1a: Brambleghast|Power Whip|p2a: Mandibuzz|[miss]
|-miss|p1a: Brambleghast|p2a: Mandibuzz
|move|p2a: Mandibuzz|Foul Play|p1a: Brambleghast
|-supereffective|p1a: Brambleghast
|-damage|p1a: Brambleghast|0 fnt
|faint|p1a: Brambleghast
|
|upkeep
|
|t:|1743815451
|switch|p1a: Dipplin|Dipplin, M|100/100
|-ability|p1a: Dipplin|Supersweet Syrup
|-unboost|p2a: Mandibuzz|evasion|1
|turn|15
|-message|Higetdestroyed forfeited.
|
|win|Mayeda
|raw|Mayeda's rating: 1056 &rarr; <strong>1090</strong><br />(+34 for winning)
|raw|Higetdestroyed's rating: 1078 &rarr; <strong>1055</strong><br />(-23 for losing)
|l|☆Higetdestroyed
|player|p2|
|l|☆Mayeda
|player|p1|
