|j|☆filthygreasymonkey
|j|☆yass_fr
|t:|1743912927
|gametype|singles
|player|p1|filthygreasymonkey|swimmer-gen4|1215
|player|p2|yass_fr|marlon|1262
|teamsize|p1|6
|teamsize|p2|6
|gen|9
|tier|[Gen 9] OU
|rated|
|rule|HP Percentage Mod: HP is shown in percentages
|rule|Endless Battle Clause: Forcing endless battles is banned
|rule|Species Clause: Limit one of each Pokémon
|rule|OHKO Clause: OHKO moves are banned
|rule|Evasion Items Clause: Evasion items are banned
|rule|Evasion Moves Clause: Evasion moves are banned
|rule|Sleep Moves Clause: Sleep-inducing moves are banned
|clearpoke
|poke|p1|Clefable, F|
|poke|p1|Dondozo, M|
|poke|p1|Blissey, F|
|poke|p1|Clodsire, F|
|poke|p1|Corviknight, M|
|poke|p1|Gliscor, F|
|poke|p2|Zamazenta-*|
|poke|p2|Great Tusk|
|poke|p2|Ogerpon-Cornerstone, F|
|poke|p2|Tinkaton, F|
|poke|p2|Pecharunt|
|poke|p2|Iron Valiant|
|teampreview
|c|☆filthygreasymonkey|hurry up
|inactive|Battle timer is ON: inactive players will automatically lose when time's up. (requested by filthygreasymonkey)
|
|t:|1743912990
|start
|switch|p1a: Gliscor|Gliscor, F|100/100
|switch|p2a: Great Tusk|Great Tusk|100/100
|turn|1
|
|t:|1743913000
|move|p2a: Great Tusk|Bulk Up|p2a: Great Tusk
|-boost|p2a: Great Tusk|atk|1
|-boost|p2a: Great Tusk|def|1
|move|p1a: Gliscor|Toxic|p2a: Great Tusk
|-status|p2a: Great Tusk|tox
|
|-damage|p2a: Great Tusk|94/100 tox|[from] psn
|-status|p1a: Gliscor|tox|[from] item: Toxic Orb
|upkeep
|turn|2
|inactive|filthygreasymonkey has 120 seconds left.
|
|t:|1743913040
|switch|p1a: Corviknight|Corviknight, M|100/100
|-ability|p1a: Corviknight|Pressure
|move|p2a: Great Tusk|Ice Spinner|p1a: Corviknight
|-damage|p1a: Corviknight|80/100
|-damage|p2a: Great Tusk|78/100 tox|[from] item: Rocky Helmet|[of] p1a: Corviknight
|
|-heal|p2a: Great Tusk|84/100 tox|[from] item: Leftovers
|-damage|p2a: Great Tusk|71/100 tox|[from] psn
|upkeep
|turn|3
|inactive|filthygreasymonkey has 120 seconds left.
|
|t:|1743913062
|-end|p2a: Great Tusk|Protosynthesis|[silent]
|switch|p2a: Iron Valiant|Iron Valiant|100/100
|-enditem|p2a: Iron Valiant|Booster Energy
|-activate|p2a: Iron Valiant|ability: Quark Drive|[fromitem]
|-start|p2a: Iron Valiant|quarkdrivespe
|move|p1a: Corviknight|Iron Defense|p1a: Corviknight
|-boost|p1a: Corviknight|def|2
|
|upkeep
|turn|4
|
|t:|1743913079
|move|p2a: Iron Valiant|Encore|p1a: Corviknight
|-start|p1a: Corviknight|Encore
|move|p1a: Corviknight|Iron Defense|p1a: Corviknight
|-boost|p1a: Corviknight|def|2
|
|upkeep
|turn|5
|
|t:|1743913088
|move|p2a: Iron Valiant|Calm Mind|p2a: Iron Valiant
|-boost|p2a: Iron Valiant|spa|1
|-boost|p2a: Iron Valiant|spd|1
|move|p1a: Corviknight|Iron Defense|p1a: Corviknight
|-boost|p1a: Corviknight|def|2
|
|upkeep
|turn|6
|
|t:|1743913110
|switch|p1a: Blissey|Blissey, F|100/100
|move|p2a: Iron Valiant|Calm Mind|p2a: Iron Valiant
|-boost|p2a: Iron Valiant|spa|1
|-boost|p2a: Iron Valiant|spd|1
|
|upkeep
|turn|7
|
|t:|1743913120
|-terastallize|p2a: Iron Valiant|Ghost
|move|p2a: Iron Valiant|Calm Mind|p2a: Iron Valiant
|-boost|p2a: Iron Valiant|spa|1
|-boost|p2a: Iron Valiant|spd|1
|move|p1a: Blissey|Calm Mind|p1a: Blissey
|-boost|p1a: Blissey|spa|1
|-boost|p1a: Blissey|spd|1
|
|upkeep
|turn|8
|
|t:|1743913131
|move|p2a: Iron Valiant|Encore|p1a: Blissey
|-start|p1a: Blissey|Encore
|move|p1a: Blissey|Calm Mind|p1a: Blissey
|-boost|p1a: Blissey|spa|1
|-boost|p1a: Blissey|spd|1
|
|upkeep
|turn|9
|
|t:|1743913143
|-end|p2a: Iron Valiant|Quark Drive|[silent]
|switch|p2a: Ogerpon|Ogerpon-Cornerstone, F|100/100
|move|p1a: Blissey|Calm Mind|p1a: Blissey
|-boost|p1a: Blissey|spa|1
|-boost|p1a: Blissey|spd|1
|
|upkeep
|turn|10
|
|t:|1743913162
|switch|p1a: Gliscor|Gliscor, F|100/100 tox
|move|p2a: Ogerpon|Ivy Cudgel|p1a: Gliscor|[anim] Ivy Cudgel Rock
|-crit|p1a: Gliscor
|-damage|p1a: Gliscor|49/100 tox
|
|-heal|p1a: Gliscor|61/100 tox|[from] ability: Poison Heal
|upkeep
|turn|11
|inactive|yass_fr has 120 seconds left.
|
|t:|1743913200
|move|p2a: Ogerpon|Spikes|p1a: Gliscor
|-sidestart|p1: filthygreasymonkey|Spikes
|move|p1a: Gliscor|Spikes|p2a: Ogerpon
|-sidestart|p2: yass_fr|Spikes
|
|-heal|p1a: Gliscor|74/100 tox|[from] ability: Poison Heal
|upkeep
|turn|12
|inactive|yass_fr has 120 seconds left.
|
|t:|1743913207
|move|p2a: Ogerpon|Encore|p1a: Gliscor
|-start|p1a: Gliscor|Encore
|move|p1a: Gliscor|Spikes|p2a: Ogerpon
|-sidestart|p2: yass_fr|Spikes
|
|-heal|p1a: Gliscor|86/100 tox|[from] ability: Poison Heal
|upkeep
|turn|13
|inactive|filthygreasymonkey has 120 seconds left.
|
|t:|1743913215
|move|p2a: Ogerpon|Ivy Cudgel|p1a: Gliscor|[anim] Ivy Cudgel Rock
|-damage|p1a: Gliscor|52/100 tox
|move|p1a: Gliscor|Spikes|p2a: Ogerpon
|-sidestart|p2: yass_fr|Spikes
|
|-heal|p1a: Gliscor|65/100 tox|[from] ability: Poison Heal
|upkeep
|turn|14
|
|t:|1743913224
|switch|p1a: Corviknight|Corviknight, M|80/100
|-ability|p1a: Corviknight|Pressure
|move|p2a: Ogerpon|Ivy Cudgel|p1a: Corviknight|[anim] Ivy Cudgel Rock
|-damage|p1a: Corviknight|48/100
|
|upkeep
|turn|15
|
|t:|1743913237
|switch|p2a: Iron Valiant|Iron Valiant, tera:Ghost|100/100
|-damage|p2a: Iron Valiant|76/100|[from] Spikes
|move|p1a: Corviknight|Roost|p1a: Corviknight
|-heal|p1a: Corviknight|98/100
|-singleturn|p1a: Corviknight|move: Roost
|
|upkeep
|turn|16
|inactive|filthygreasymonkey has 120 seconds left.
|
|t:|1743913255
|-end|p2a: Iron Valiant|Quark Drive|[silent]
|switch|p2a: Great Tusk|Great Tusk|71/100 tox
|-damage|p2a: Great Tusk|47/100 tox|[from] Spikes
|switch|p1a: Blissey|Blissey, F|100/100
|
|-heal|p2a: Great Tusk|53/100 tox|[from] item: Leftovers
|-damage|p2a: Great Tusk|47/100 tox|[from] psn
|upkeep
|turn|17
|inactive|filthygreasymonkey has 120 seconds left.
|
|t:|1743913272
|move|p2a: Great Tusk|Headlong Rush|p1a: Blissey
|-damage|p1a: Blissey|45/100
|-unboost|p2a: Great Tusk|def|1
|-unboost|p2a: Great Tusk|spd|1
|move|p1a: Blissey|Seismic Toss|p2a: Great Tusk
|-damage|p2a: Great Tusk|24/100 tox
|
|-heal|p2a: Great Tusk|30/100 tox|[from] item: Leftovers
|-damage|p2a: Great Tusk|17/100 tox|[from] psn
|upkeep
|turn|18
|inactive|filthygreasymonkey has 120 seconds left.
|
|t:|1743913287
|switch|p1a: Gliscor|Gliscor, F|65/100 tox
|move|p2a: Great Tusk|Rapid Spin|p1a: Gliscor
|-damage|p1a: Gliscor|57/100 tox
|-boost|p2a: Great Tusk|spe|1
|-sideend|p2: yass_fr|Spikes|[from] move: Rapid Spin|[of] p2a: Great Tusk
|
|-heal|p2a: Great Tusk|24/100 tox|[from] item: Leftovers
|-damage|p2a: Great Tusk|5/100 tox|[from] psn
|-heal|p1a: Gliscor|69/100 tox|[from] ability: Poison Heal
|upkeep
|turn|19
|inactive|filthygreasymonkey has 120 seconds left.
|
|t:|1743913300
|move|p2a: Great Tusk|Ice Spinner|p1a: Gliscor
|-supereffective|p1a: Gliscor
|-damage|p1a: Gliscor|11/100 tox
|move|p1a: Gliscor|Spikes|p2a: Great Tusk
|-sidestart|p2: yass_fr|Spikes
|
|-heal|p2a: Great Tusk|11/100 tox|[from] item: Leftovers
|-damage|p2a: Great Tusk|0 fnt|[from] psn
|faint|p2a: Great Tusk
|-end|p2a: Great Tusk|Protosynthesis|[silent]
|-heal|p1a: Gliscor|24/100 tox|[from] ability: Poison Heal
|upkeep
|inactive|yass_fr has 120 seconds left.
|
|t:|1743913329
|switch|p2a: Pecharunt|Pecharunt|100/100
|-item|p2a: Pecharunt|Air Balloon
|turn|20
|
|t:|1743913338
|move|p1a: Gliscor|Protect|p1a: Gliscor
|-singleturn|p1a: Gliscor|Protect
|move|p2a: Pecharunt|Nasty Plot|p2a: Pecharunt
|-boost|p2a: Pecharunt|spa|2
|
|-heal|p1a: Gliscor|36/100 tox|[from] ability: Poison Heal
|upkeep
|turn|21
|inactive|filthygreasymonkey has 120 seconds left.
|
|t:|1743913372
|switch|p1a: Clodsire|Clodsire, F|100/100
|move|p2a: Pecharunt|Nasty Plot|p2a: Pecharunt
|-boost|p2a: Pecharunt|spa|2
|
|upkeep
|turn|22
|
|t:|1743913382
|move|p2a: Pecharunt|Shadow Ball|p1a: Clodsire
|-crit|p1a: Clodsire
|-damage|p1a: Clodsire|82/100
|-unboost|p1a: Clodsire|spd|1
|move|p1a: Clodsire|Amnesia|p1a: Clodsire
|-boost|p1a: Clodsire|spd|2
|
|upkeep
|turn|23
|-message|yass_fr forfeited.
|
|win|filthygreasymonkey
|raw|filthygreasymonkey's rating: 1215 &rarr; <strong>1243</strong><br />(+28 for winning)
|raw|yass_fr's rating: 1262 &rarr; <strong>1234</strong><br />(-28 for losing)
|l|☆yass_fr
|player|p2|
|l|☆filthygreasymonkey
|player|p1|
