|j|☆Scizzor97
|j|☆myree
|t:|1743895287
|gametype|singles
|player|p1|Scizzor97|1|1428
|player|p2|myree|benga|1379
|teamsize|p1|6
|teamsize|p2|6
|gen|9
|tier|[Gen 9] OU
|rated|
|rule|HP Percentage Mod: HP is shown in percentages
|rule|Endless Battle Clause: Forcing endless battles is banned
|rule|Species Clause: Limit one of each Pokémon
|rule|OHKO Clause: OHKO moves are banned
|rule|Evasion Items Clause: Evasion items are banned
|rule|Evasion Moves Clause: Evasion moves are banned
|rule|Sleep Moves Clause: Sleep-inducing moves are banned
|clearpoke
|poke|p1|Iron Hands|
|poke|p1|Tatsugiri-Stretchy, F|
|poke|p1|Corviknight, F|
|poke|p1|Coalossal, F|
|poke|p1|Dragapult, M|
|poke|p1|Toxicroak, F|
|poke|p2|Iron Valiant|
|poke|p2|Kingambit, F|
|poke|p2|Iron Moth|
|poke|p2|Iron Boulder|
|poke|p2|Great Tusk|
|poke|p2|Samurott-Hisui, F|
|teampreview
|inactive|Battle timer is ON: inactive players will automatically lose when time's up. (requested by Scizzor97)
|
|t:|1743895301
|start
|switch|p1a: Dragapult|Dragapult, M|100/100
|switch|p2a: Samurott|Samurott-Hisui, F|100/100
|turn|1
|
|t:|1743895306
|move|p1a: Dragapult|U-turn|p2a: Samurott
|-supereffective|p2a: Samurott
|-damage|p2a: Samurott|62/100
|
|t:|1743895309
|switch|p1a: Corviknight|Corviknight, F, shiny|100/100|[from] U-turn
|-ability|p1a: Corviknight|Pressure
|move|p2a: Samurott|Ceaseless Edge|p1a: Corviknight
|-damage|p1a: Corviknight|73/100
|-damage|p2a: Samurott|45/100|[from] item: Rocky Helmet|[of] p1a: Corviknight
|-sidestart|p1: Scizzor97|Spikes
|
|upkeep
|turn|2
|
|t:|1743895315
|switch|p2a: Iron Moth|Iron Moth|100/100
|-item|p2a: Iron Moth|Air Balloon
|move|p1a: Corviknight|Defog|p2a: Iron Moth
|-unboost|p2a: Iron Moth|evasion|1
|-sideend|p1: Scizzor97|Spikes|[from] move: Defog|[of] p1a: Corviknight
|
|upkeep
|turn|3
|
|t:|1743895322
|switch|p1a: Coalossal|Coalossal, F, shiny|100/100
|move|p2a: Iron Moth|Toxic Spikes|p1a: Coalossal
|-sidestart|p1: Scizzor97|move: Toxic Spikes
|
|upkeep
|turn|4
|
|t:|1743895330
|-end|p2a: Iron Moth|Quark Drive|[silent]
|switch|p2a: Iron Boulder|Iron Boulder|100/100
|move|p1a: Coalossal|Meteor Beam||[still]
|-prepare|p1a: Coalossal|Meteor Beam
|-boost|p1a: Coalossal|spa|1
|-enditem|p1a: Coalossal|Power Herb
|-anim|p1a: Coalossal|Meteor Beam|p2a: Iron Boulder
|-damage|p2a: Iron Boulder|38/100
|
|upkeep
|turn|5
|
|t:|1743895344
|-terastallize|p1a: Coalossal|Ghost
|move|p2a: Iron Boulder|Mighty Cleave|p1a: Coalossal
|-damage|p1a: Coalossal|64/100
|move|p1a: Coalossal|Scald|p2a: Iron Boulder
|-supereffective|p2a: Iron Boulder
|-damage|p2a: Iron Boulder|0 fnt
|faint|p2a: Iron Boulder
|-end|p2a: Iron Boulder|Quark Drive|[silent]
|
|upkeep
|
|t:|1743895350
|switch|p2a: Samurott|Samurott-Hisui, F|45/100
|turn|6
|
|t:|1743895352
|switch|p1a: Toxicroak|Toxicroak, F, shiny|100/100
|-sideend|p1: Scizzor97|move: Toxic Spikes|[of] p1a: Toxicroak
|move|p2a: Samurott|Ceaseless Edge|p1a: Toxicroak
|-resisted|p1a: Toxicroak
|-crit|p1a: Toxicroak
|-damage|p1a: Toxicroak|44/100
|-sidestart|p1: Scizzor97|Spikes
|
|upkeep
|turn|7
|
|t:|1743895360
|switch|p2a: Iron Moth|Iron Moth|100/100
|-item|p2a: Iron Moth|Air Balloon
|move|p1a: Toxicroak|Drain Punch|p2a: Iron Moth
|-resisted|p2a: Iron Moth
|-damage|p2a: Iron Moth|73/100
|-heal|p1a: Toxicroak|58/100|[from] drain|[of] p2a: Iron Moth
|-enditem|p2a: Iron Moth|Air Balloon
|
|upkeep
|turn|8
|
|t:|1743895367
|switch|p1a: Coalossal|Coalossal, F, shiny, tera:Ghost|64/100
|-damage|p1a: Coalossal|51/100|[from] Spikes
|move|p2a: Iron Moth|Fiery Dance|p1a: Coalossal
|-damage|p1a: Coalossal|3/100
|-boost|p2a: Iron Moth|spa|1
|-ability|p1a: Coalossal|Steam Engine|boost
|-boost|p1a: Coalossal|spe|6
|
|upkeep
|turn|9
|
|t:|1743895387
|-terastallize|p2a: Iron Moth|Water
|move|p1a: Coalossal|Scald|p2a: Iron Moth
|-resisted|p2a: Iron Moth
|-damage|p2a: Iron Moth|62/100
|move|p2a: Iron Moth|Fiery Dance|p1a: Coalossal
|-damage|p1a: Coalossal|0 fnt
|-boost|p2a: Iron Moth|spa|1
|faint|p1a: Coalossal
|
|upkeep
|
|t:|1743895404
|switch|p1a: Dragapult|Dragapult, M|100/100
|-damage|p1a: Dragapult|88/100|[from] Spikes
|turn|10
|
|t:|1743895411
|move|p1a: Dragapult|Draco Meteor|p2a: Iron Moth
|-damage|p2a: Iron Moth|0 fnt
|-unboost|p1a: Dragapult|spa|2
|faint|p2a: Iron Moth
|-end|p2a: Iron Moth|Quark Drive|[silent]
|
|upkeep
|
|t:|1743895415
|switch|p2a: Iron Valiant|Iron Valiant|100/100
|turn|11
|
|t:|1743895422
|switch|p1a: Corviknight|Corviknight, F, shiny|73/100
|-ability|p1a: Corviknight|Pressure
|move|p2a: Iron Valiant|Thunderbolt|p1a: Corviknight
|-supereffective|p1a: Corviknight
|-damage|p1a: Corviknight|14/100
|
|upkeep
|turn|12
|
|t:|1743895426
|move|p2a: Iron Valiant|Moonblast|p1a: Corviknight
|-resisted|p1a: Corviknight
|-damage|p1a: Corviknight|0 fnt
|faint|p1a: Corviknight
|
|upkeep
|
|t:|1743895441
|switch|p1a: Iron Hands|Iron Hands, shiny|100/100
|-damage|p1a: Iron Hands|88/100|[from] Spikes
|turn|13
|
|t:|1743895450
|move|p2a: Iron Valiant|Moonblast|p1a: Iron Hands
|-supereffective|p1a: Iron Hands
|-damage|p1a: Iron Hands|12/100
|move|p1a: Iron Hands|Thunder Punch|p2a: Iron Valiant
|-damage|p2a: Iron Valiant|43/100
|-damage|p1a: Iron Hands|2/100|[from] item: Life Orb
|
|upkeep
|turn|14
|
|t:|1743895458
|move|p2a: Iron Valiant|Moonblast|p1a: Iron Hands
|-supereffective|p1a: Iron Hands
|-damage|p1a: Iron Hands|0 fnt
|faint|p1a: Iron Hands
|-end|p1a: Iron Hands|Quark Drive|[silent]
|
|upkeep
|
|t:|1743895461
|switch|p1a: Dragapult|Dragapult, M|88/100
|-damage|p1a: Dragapult|76/100|[from] Spikes
|turn|15
|
|t:|1743895469
|-end|p2a: Iron Valiant|Quark Drive|[silent]
|switch|p2a: Kingambit|Kingambit, F|100/100
|-activate|p2a: Kingambit|ability: Supreme Overlord
|-start|p2a: Kingambit|fallen2|[silent]
|-item|p2a: Kingambit|Air Balloon
|move|p1a: Dragapult|Shadow Ball|p2a: Kingambit
|-resisted|p2a: Kingambit
|-damage|p2a: Kingambit|76/100
|-unboost|p2a: Kingambit|spd|1
|-enditem|p2a: Kingambit|Air Balloon
|
|upkeep
|turn|16
|
|t:|1743895476
|move|p1a: Dragapult|Shadow Ball|p2a: Kingambit
|-resisted|p2a: Kingambit
|-crit|p2a: Kingambit
|-damage|p2a: Kingambit|19/100
|-unboost|p2a: Kingambit|spd|1
|move|p2a: Kingambit|Iron Head|p1a: Dragapult
|-damage|p1a: Dragapult|0 fnt
|faint|p1a: Dragapult
|
|upkeep
|
|t:|1743895482
|switch|p1a: Toxicroak|Toxicroak, F, shiny|58/100
|-damage|p1a: Toxicroak|46/100|[from] Spikes
|turn|17
|
|t:|1743895488
|-end|p2a: Kingambit|fallen2|[silent]
|switch|p2a: Great Tusk|Great Tusk|100/100
|-enditem|p2a: Great Tusk|Booster Energy
|-activate|p2a: Great Tusk|ability: Protosynthesis|[fromitem]
|-start|p2a: Great Tusk|protosynthesisatk
|move|p1a: Toxicroak|Drain Punch|p2a: Great Tusk
|-damage|p2a: Great Tusk|76/100
|-heal|p1a: Toxicroak|62/100|[from] drain|[of] p2a: Great Tusk
|
|upkeep
|turn|18
|
|t:|1743895500
|move|p1a: Toxicroak|Drain Punch|p2a: Great Tusk
|-damage|p2a: Great Tusk|55/100
|-heal|p1a: Toxicroak|75/100|[from] drain|[of] p2a: Great Tusk
|move|p2a: Great Tusk|Rapid Spin|p1a: Toxicroak
|-damage|p1a: Toxicroak|38/100
|-boost|p2a: Great Tusk|spe|1
|
|upkeep
|turn|19
|
|t:|1743895508
|move|p2a: Great Tusk|Temper Flare|p1a: Toxicroak
|-damage|p1a: Toxicroak|0 fnt
|faint|p1a: Toxicroak
|
|upkeep
|
|t:|1743895511
|switch|p1a: Tatsugiri|Tatsugiri-Stretchy, F, shiny|100/100
|-damage|p1a: Tatsugiri|88/100|[from] Spikes
|turn|20
|
|t:|1743895516
|move|p2a: Great Tusk|Headlong Rush|p1a: Tatsugiri
|-damage|p1a: Tatsugiri|0 fnt
|-unboost|p2a: Great Tusk|def|1
|-unboost|p2a: Great Tusk|spd|1
|faint|p1a: Tatsugiri
|
|win|myree
|raw|Scizzor97's rating: 1428 &rarr; <strong>1405</strong><br />(-23 for losing)
|raw|myree's rating: 1379 &rarr; <strong>1402</strong><br />(+23 for winning)
|l|☆Scizzor97
|player|p1|
|l|☆myree
|player|p2|
