|j|☆Geobat-99
|j|☆AnIvysaurLover
|t:|1743826569
|gametype|singles
|player|p1|Geobat-99|101|1185
|player|p2|AnIvysaurLover|gambler|1119
|teamsize|p1|6
|teamsize|p2|6
|gen|9
|tier|[Gen 9] OU
|rated|
|rule|HP Percentage Mod: HP is shown in percentages
|rule|Endless Battle Clause: Forcing endless battles is banned
|rule|Species Clause: Limit one of each Pokémon
|rule|OHKO Clause: OHKO moves are banned
|rule|Evasion Items Clause: Evasion items are banned
|rule|Evasion Moves Clause: Evasion moves are banned
|rule|Sleep Moves Clause: Sleep-inducing moves are banned
|clearpoke
|poke|p1|Garganacl, M|
|poke|p1|Garchomp, F|
|poke|p1|Alomomola, M|
|poke|p1|Darkrai|
|poke|p1|Pecharunt|
|poke|p1|Great Tusk|
|poke|p2|Corviknight, F|
|poke|p2|Heatran, M|
|poke|p2|Iron Crown|
|poke|p2|Goodra-Hisui, M|
|poke|p2|Tyranitar, F|
|poke|p2|Excadrill, M|
|teampreview
|inactive|Battle timer is ON: inactive players will automatically lose when time's up. (requested by AnIvysaurLover)
|
|t:|1743826574
|start
|switch|p1a: Garganacl|Garganacl, M|100/100
|switch|p2a: Heatran|Heatran, M|100/100
|-item|p2a: Heatran|Air Balloon
|turn|1
|
|t:|1743826585
|move|p2a: Heatran|Stealth Rock|p1a: Garganacl
|-sidestart|p1: Geobat-99|move: Stealth Rock
|move|p1a: Garganacl|Salt Cure|p2a: Heatran
|-damage|p2a: Heatran|90/100
|-start|p2a: Heatran|Salt Cure
|-enditem|p2a: Heatran|Air Balloon
|
|-damage|p2a: Heatran|65/100|[from] Salt Cure
|upkeep
|turn|2
|
|t:|1743826599
|switch|p2a: Iron Crown|Iron Crown|100/100
|move|p1a: Garganacl|Stealth Rock|p2a: Iron Crown
|-sidestart|p2: AnIvysaurLover|move: Stealth Rock
|
|upkeep
|turn|3
|
|t:|1743826607
|-terastallize|p1a: Garganacl|Water
|move|p2a: Iron Crown|Tachyon Cutter|p1a: Garganacl
|-resisted|p1a: Garganacl
|-damage|p1a: Garganacl|88/100
|-resisted|p1a: Garganacl
|-damage|p1a: Garganacl|77/100
|-hitcount|p1a: Garganacl|2
|move|p1a: Garganacl|Salt Cure|p2a: Iron Crown
|-resisted|p2a: Iron Crown
|-damage|p2a: Iron Crown|93/100
|-start|p2a: Iron Crown|Salt Cure
|
|-heal|p1a: Garganacl|83/100|[from] item: Leftovers
|-damage|p2a: Iron Crown|68/100|[from] Salt Cure
|upkeep
|turn|4
|
|t:|1743826622
|-end|p2a: Iron Crown|Quark Drive|[silent]
|switch|p2a: Goodra|Goodra-Hisui, M|100/100
|-damage|p2a: Goodra|94/100|[from] Stealth Rock
|move|p1a: Garganacl|Salt Cure|p2a: Goodra
|-resisted|p2a: Goodra
|-damage|p2a: Goodra|89/100
|-start|p2a: Goodra|Salt Cure
|
|-heal|p2a: Goodra|95/100|[from] item: Leftovers
|-heal|p1a: Garganacl|89/100|[from] item: Leftovers
|-damage|p2a: Goodra|70/100|[from] Salt Cure
|upkeep
|turn|5
|
|t:|1743826638
|move|p2a: Goodra|Acid Armor|p2a: Goodra
|-boost|p2a: Goodra|def|2
|move|p1a: Garganacl|Recover|p1a: Garganacl
|-heal|p1a: Garganacl|100/100
|
|-heal|p2a: Goodra|76/100|[from] item: Leftovers
|-damage|p2a: Goodra|51/100|[from] Salt Cure
|upkeep
|turn|6
|
|t:|1743826653
|move|p2a: Goodra|Acid Armor|p2a: Goodra
|-boost|p2a: Goodra|def|2
|move|p1a: Garganacl|Salt Cure|p2a: Goodra
|-resisted|p2a: Goodra
|-damage|p2a: Goodra|49/100
|
|-heal|p2a: Goodra|55/100|[from] item: Leftovers
|-damage|p2a: Goodra|30/100|[from] Salt Cure
|upkeep
|turn|7
|
|t:|1743826665
|move|p1a: Garganacl|Protect|p1a: Garganacl
|-singleturn|p1a: Garganacl|Protect
|move|p2a: Goodra|Body Press|p1a: Garganacl
|-activate|p1a: Garganacl|move: Protect
|
|-heal|p2a: Goodra|36/100|[from] item: Leftovers
|-damage|p2a: Goodra|11/100|[from] Salt Cure
|upkeep
|turn|8
|
|t:|1743826673
|switch|p1a: Pecharunt|Pecharunt|100/100
|-damage|p1a: Pecharunt|88/100|[from] Stealth Rock
|move|p2a: Goodra|Body Press|p1a: Pecharunt
|-immune|p1a: Pecharunt
|
|-heal|p1a: Pecharunt|94/100|[from] item: Leftovers
|-heal|p2a: Goodra|18/100|[from] item: Leftovers
|-damage|p2a: Goodra|0 fnt|[from] Salt Cure
|faint|p2a: Goodra
|upkeep
|
|t:|1743826679
|switch|p2a: Tyranitar|Tyranitar, F|100/100
|-damage|p2a: Tyranitar|88/100|[from] Stealth Rock
|-weather|Sandstorm|[from] ability: Sand Stream|[of] p2a: Tyranitar
|turn|9
|
|t:|1743826697
|switch|p1a: Garchomp|Garchomp, F|100/100
|-damage|p1a: Garchomp|94/100|[from] Stealth Rock
|switch|p2a: Excadrill|Excadrill, M|100/100
|-damage|p2a: Excadrill|97/100|[from] Stealth Rock
|
|-weather|Sandstorm|[upkeep]
|upkeep
|turn|10
|
|t:|1743826713
|move|p2a: Excadrill|Earthquake|p1a: Garchomp
|-damage|p1a: Garchomp|19/100
|move|p1a: Garchomp|Spikes|p2a: Excadrill
|-sidestart|p2: AnIvysaurLover|Spikes
|
|-weather|Sandstorm|[upkeep]
|upkeep
|turn|11
|
|t:|1743826723
|switch|p1a: Garganacl|Garganacl, M, tera:Water|100/100
|-damage|p1a: Garganacl|88/100|[from] Stealth Rock
|move|p2a: Excadrill|Earthquake|p1a: Garganacl
|-damage|p1a: Garganacl|30/100
|
|-weather|Sandstorm|[upkeep]
|-damage|p1a: Garganacl|24/100|[from] Sandstorm
|-heal|p1a: Garganacl|30/100|[from] item: Leftovers
|upkeep
|turn|12
|
|t:|1743826739
|move|p1a: Garganacl|Protect|p1a: Garganacl
|-singleturn|p1a: Garganacl|Protect
|move|p2a: Excadrill|Earthquake|p1a: Garganacl
|-activate|p1a: Garganacl|move: Protect
|
|-weather|Sandstorm|[upkeep]
|-damage|p1a: Garganacl|24/100|[from] Sandstorm
|-heal|p1a: Garganacl|30/100|[from] item: Leftovers
|upkeep
|turn|13
|
|t:|1743826751
|switch|p1a: Alomomola|Alomomola, M|100/100
|move|p2a: Excadrill|Earthquake|p1a: Alomomola
|-damage|p1a: Alomomola|45/100
|
|-weather|Sandstorm|[upkeep]
|-damage|p1a: Alomomola|39/100|[from] Sandstorm
|upkeep
|turn|14
|
|t:|1743826758
|move|p1a: Alomomola|Protect|p1a: Alomomola
|-singleturn|p1a: Alomomola|Protect
|move|p2a: Excadrill|Earthquake|p1a: Alomomola
|-activate|p1a: Alomomola|move: Protect
|
|-weather|Sandstorm|[upkeep]
|-damage|p1a: Alomomola|33/100|[from] Sandstorm
|upkeep
|turn|15
|
|t:|1743826777
|switch|p1a: Pecharunt|Pecharunt|94/100
|-damage|p1a: Pecharunt|82/100|[from] Stealth Rock
|move|p2a: Excadrill|Earthquake|p1a: Pecharunt
|-supereffective|p1a: Pecharunt
|-damage|p1a: Pecharunt|0 fnt
|faint|p1a: Pecharunt
|
|-weather|Sandstorm|[upkeep]
|upkeep
|inactive|Geobat-99 has 120 seconds left.
|
|t:|1743826793
|switch|p1a: Great Tusk|Great Tusk|100/100
|-damage|p1a: Great Tusk|98/100|[from] Stealth Rock
|-enditem|p1a: Great Tusk|Booster Energy
|-activate|p1a: Great Tusk|ability: Protosynthesis|[fromitem]
|-start|p1a: Great Tusk|protosynthesisatk
|turn|16
|inactive|Geobat-99 has 120 seconds left.
|
|t:|1743826804
|switch|p2a: Corviknight|Corviknight, F|100/100
|-damage|p2a: Corviknight|88/100|[from] Stealth Rock
|move|p1a: Great Tusk|Close Combat|p2a: Corviknight
|-damage|p2a: Corviknight|18/100
|-unboost|p1a: Great Tusk|def|1
|-unboost|p1a: Great Tusk|spd|1
|-damage|p1a: Great Tusk|81/100|[from] item: Rocky Helmet|[of] p2a: Corviknight
|
|-weather|none
|upkeep
|turn|17
|inactive|Geobat-99 has 120 seconds left.
|
|t:|1743826825
|move|p1a: Great Tusk|Close Combat|p2a: Corviknight
|-crit|p2a: Corviknight
|-damage|p2a: Corviknight|0 fnt
|-unboost|p1a: Great Tusk|def|1
|-unboost|p1a: Great Tusk|spd|1
|-damage|p1a: Great Tusk|64/100|[from] item: Rocky Helmet|[of] p2a: Corviknight
|faint|p2a: Corviknight
|
|upkeep
|
|t:|1743826835
|switch|p2a: Iron Crown|Iron Crown|68/100
|-damage|p2a: Iron Crown|62/100|[from] Stealth Rock
|-damage|p2a: Iron Crown|49/100|[from] Spikes
|turn|18
|inactive|Geobat-99 has 120 seconds left.
|
|t:|1743826845
|-end|p1a: Great Tusk|Protosynthesis|[silent]
|switch|p1a: Alomomola|Alomomola, M|66/100
|move|p2a: Iron Crown|Tachyon Cutter|p1a: Alomomola
|-resisted|p1a: Alomomola
|-damage|p1a: Alomomola|51/100
|-resisted|p1a: Alomomola
|-damage|p1a: Alomomola|35/100
|-hitcount|p1a: Alomomola|2
|
|upkeep
|turn|19
|inactive|Geobat-99 has 120 seconds left.
|
|t:|1743826861
|move|p2a: Iron Crown|Tachyon Cutter|p1a: Alomomola
|-resisted|p1a: Alomomola
|-damage|p1a: Alomomola|20/100
|-resisted|p1a: Alomomola
|-damage|p1a: Alomomola|2/100
|-hitcount|p1a: Alomomola|2
|move|p1a: Alomomola|Wish|p1a: Alomomola
|
|upkeep
|turn|20
|inactive|Geobat-99 has 120 seconds left.
|
|t:|1743826871
|move|p1a: Alomomola|Protect|p1a: Alomomola
|-singleturn|p1a: Alomomola|Protect
|move|p2a: Iron Crown|Tachyon Cutter|p1a: Alomomola
|-activate|p1a: Alomomola|move: Protect
|
|-heal|p1a: Alomomola|52/100|[from] move: Wish|[wisher] Alomomola
|upkeep
|turn|21
|inactive|Geobat-99 has 120 seconds left.
|
|t:|1743826904
|-end|p2a: Iron Crown|Quark Drive|[silent]
|switch|p2a: Tyranitar|Tyranitar, F|88/100
|-damage|p2a: Tyranitar|76/100|[from] Stealth Rock
|-damage|p2a: Tyranitar|63/100|[from] Spikes
|-weather|Sandstorm|[from] ability: Sand Stream|[of] p2a: Tyranitar
|move|p1a: Alomomola|Wish|p1a: Alomomola
|
|-weather|Sandstorm|[upkeep]
|-damage|p1a: Alomomola|46/100|[from] Sandstorm
|upkeep
|turn|22
|
|t:|1743826917
|move|p2a: Tyranitar|Knock Off|p1a: Alomomola
|-damage|p1a: Alomomola|7/100
|-enditem|p1a: Alomomola|Heavy-Duty Boots|[from] move: Knock Off|[of] p2a: Tyranitar
|move|p1a: Alomomola|Scald|p2a: Tyranitar
|-supereffective|p2a: Tyranitar
|-damage|p2a: Tyranitar|48/100
|-status|p2a: Tyranitar|brn
|
|-weather|Sandstorm|[upkeep]
|-damage|p1a: Alomomola|1/100|[from] Sandstorm
|-heal|p1a: Alomomola|51/100|[from] move: Wish|[wisher] Alomomola
|-damage|p2a: Tyranitar|42/100 brn|[from] brn
|upkeep
|turn|23
|
|t:|1743826946
|switch|p2a: Excadrill|Excadrill, M|97/100
|-damage|p2a: Excadrill|94/100|[from] Stealth Rock
|-damage|p2a: Excadrill|82/100|[from] Spikes
|move|p1a: Alomomola|Wish|p1a: Alomomola
|
|-weather|Sandstorm|[upkeep]
|-damage|p1a: Alomomola|44/100|[from] Sandstorm
|upkeep
|turn|24
|
|t:|1743826955
|move|p1a: Alomomola|Protect|p1a: Alomomola
|-singleturn|p1a: Alomomola|Protect
|move|p2a: Excadrill|Earthquake|p1a: Alomomola
|-activate|p1a: Alomomola|move: Protect
|
|-weather|Sandstorm|[upkeep]
|-damage|p1a: Alomomola|38/100|[from] Sandstorm
|-heal|p1a: Alomomola|88/100|[from] move: Wish|[wisher] Alomomola
|upkeep
|turn|25
|
|t:|1743826965
|move|p2a: Excadrill|Earthquake|p1a: Alomomola
|-damage|p1a: Alomomola|34/100
|move|p1a: Alomomola|Scald|p2a: Excadrill
|-supereffective|p2a: Excadrill
|-damage|p2a: Excadrill|45/100
|
|-weather|Sandstorm|[upkeep]
|-damage|p1a: Alomomola|27/100|[from] Sandstorm
|upkeep
|turn|26
|
|t:|1743826973
|move|p1a: Alomomola|Protect|p1a: Alomomola
|-singleturn|p1a: Alomomola|Protect
|move|p2a: Excadrill|Earthquake|p1a: Alomomola
|-activate|p1a: Alomomola|move: Protect
|
|-weather|Sandstorm|[upkeep]
|-damage|p1a: Alomomola|21/100|[from] Sandstorm
|upkeep
|turn|27
|inactive|Geobat-99 has 120 seconds left.
|
|t:|1743826998
|switch|p1a: Great Tusk|Great Tusk|64/100
|-damage|p1a: Great Tusk|61/100|[from] Stealth Rock
|move|p2a: Excadrill|Earthquake|p1a: Great Tusk
|-damage|p1a: Great Tusk|0 fnt
|faint|p1a: Great Tusk
|-end|p1a: Great Tusk|Protosynthesis|[silent]
|
|-weather|Sandstorm|[upkeep]
|upkeep
|
|t:|1743827007
|switch|p1a: Alomomola|Alomomola, M|55/100
|-damage|p1a: Alomomola|42/100|[from] Stealth Rock
|turn|28
|
|t:|1743827012
|switch|p2a: Iron Crown|Iron Crown|49/100
|-damage|p2a: Iron Crown|43/100|[from] Stealth Rock
|-damage|p2a: Iron Crown|31/100|[from] Spikes
|move|p1a: Alomomola|Protect||[still]
|-fail|p1a: Alomomola
|
|-weather|none
|upkeep
|turn|29
|
|t:|1743827029
|move|p2a: Iron Crown|Volt Switch|p1a: Alomomola
|-supereffective|p1a: Alomomola
|-damage|p1a: Alomomola|0 fnt
|faint|p1a: Alomomola
|
|t:|1743827033
|-end|p2a: Iron Crown|Quark Drive|[silent]
|switch|p2a: Tyranitar|Tyranitar, F|42/100 brn|[from] Volt Switch
|-damage|p2a: Tyranitar|29/100 brn|[from] Stealth Rock
|-damage|p2a: Tyranitar|17/100 brn|[from] Spikes
|-weather|Sandstorm|[from] ability: Sand Stream|[of] p2a: Tyranitar
|
|-weather|Sandstorm|[upkeep]
|-damage|p2a: Tyranitar|11/100 brn|[from] brn
|upkeep
|
|t:|1743827044
|switch|p1a: Garchomp|Garchomp, F|19/100
|-damage|p1a: Garchomp|13/100|[from] Stealth Rock
|turn|30
|
|t:|1743827055
|move|p1a: Garchomp|Rest|p1a: Garchomp
|-status|p1a: Garchomp|slp|[from] move: Rest
|-heal|p1a: Garchomp|100/100 slp|[silent]
|move|p2a: Tyranitar|Knock Off|p1a: Garchomp
|-damage|p1a: Garchomp|78/100 slp
|-damage|p2a: Tyranitar|0 fnt|[from] ability: Rough Skin|[of] p1a: Garchomp
|faint|p2a: Tyranitar
|
|-weather|Sandstorm|[upkeep]
|upkeep
|
|t:|1743827064
|switch|p2a: Excadrill|Excadrill, M|45/100
|-damage|p2a: Excadrill|42/100|[from] Stealth Rock
|-damage|p2a: Excadrill|29/100|[from] Spikes
|turn|31
|inactive|Geobat-99 has 120 seconds left.
|
|t:|1743827074
|move|p2a: Excadrill|Earthquake|p1a: Garchomp
|-damage|p1a: Garchomp|2/100 slp
|cant|p1a: Garchomp|slp
|
|-weather|Sandstorm|[upkeep]
|upkeep
|turn|32
|
|t:|1743827080
|move|p2a: Excadrill|Earthquake|p1a: Garchomp
|-damage|p1a: Garchomp|0 fnt
|faint|p1a: Garchomp
|
|-weather|Sandstorm|[upkeep]
|upkeep
|
|t:|1743827088
|switch|p1a: Garganacl|Garganacl, M, tera:Water|30/100
|-damage|p1a: Garganacl|18/100|[from] Stealth Rock
|turn|33
|
|t:|1743827096
|switch|p2a: Iron Crown|Iron Crown|31/100
|-damage|p2a: Iron Crown|24/100|[from] Stealth Rock
|-damage|p2a: Iron Crown|12/100|[from] Spikes
|move|p1a: Garganacl|Protect||[still]
|-fail|p1a: Garganacl
|
|-weather|Sandstorm|[upkeep]
|-damage|p1a: Garganacl|11/100|[from] Sandstorm
|-heal|p1a: Garganacl|18/100|[from] item: Leftovers
|upkeep
|turn|34
|
|t:|1743827106
|move|p2a: Iron Crown|Volt Switch|p1a: Garganacl
|-supereffective|p1a: Garganacl
|-damage|p1a: Garganacl|0 fnt
|faint|p1a: Garganacl
|
|t:|1743827110
|-end|p2a: Iron Crown|Quark Drive|[silent]
|switch|p2a: Excadrill|Excadrill, M|29/100|[from] Volt Switch
|-damage|p2a: Excadrill|26/100|[from] Stealth Rock
|-damage|p2a: Excadrill|14/100|[from] Spikes
|
|-weather|Sandstorm|[upkeep]
|upkeep
|
|t:|1743827116
|switch|p1a: Darkrai|Darkrai|100/100
|turn|35
|
|t:|1743827121
|move|p2a: Excadrill|Earthquake|p1a: Darkrai
|-damage|p1a: Darkrai|0 fnt
|faint|p1a: Darkrai
|
|win|AnIvysaurLover
|raw|Geobat-99's rating: 1185 &rarr; <strong>1155</strong><br />(-30 for losing)
|raw|AnIvysaurLover's rating: 1119 &rarr; <strong>1149</strong><br />(+30 for winning)
|l|☆Geobat-99
|player|p1|
|l|☆AnIvysaurLover
|player|p2|
