|j|☆zelisthatpeak
|j|☆Atharve991
|t:|1743857930
|gametype|singles
|player|p1|zelisthatpeak|roark|1112
|player|p2|Atharve991|red-masters3|1112
|teamsize|p1|6
|teamsize|p2|6
|gen|9
|tier|[Gen 9] OU
|rated|
|rule|HP Percentage Mod: HP is shown in percentages
|rule|Endless Battle Clause: Forcing endless battles is banned
|rule|Species Clause: Limit one of each Pokémon
|rule|OHKO Clause: OHKO moves are banned
|rule|Evasion Items Clause: Evasion items are banned
|rule|Evasion Moves Clause: Evasion moves are banned
|rule|Sleep Moves Clause: Sleep-inducing moves are banned
|clearpoke
|poke|p1|Clodsire, M|
|poke|p1|Conkeldurr, F|
|poke|p1|Enamorus, F|
|poke|p1|Dragonite, F|
|poke|p1|Skarmory, F|
|poke|p1|Sinistcha|
|poke|p2|Gholdengo|
|poke|p2|Iron Moth|
|poke|p2|Darkrai|
|poke|p2|Salamence, F|
|poke|p2|Landorus-Therian, M|
|poke|p2|Primarina, F|
|teampreview
|inactive|Battle timer is ON: inactive players will automatically lose when time's up. (requested by zelisthatpeak)
|
|t:|1743857944
|start
|switch|p1a: Conkeldurr|Conkeldurr, F, shiny|100/100
|switch|p2a: Landorus|Landorus-Therian, M|100/100
|-ability|p2a: Landorus|Intimidate|boost
|-unboost|p1a: Conkeldurr|atk|1
|turn|1
|inactive|zelisthatpeak has 120 seconds left.
|
|t:|1743857976
|move|p2a: Landorus|Stealth Rock|p1a: Conkeldurr
|-sidestart|p1: zelisthatpeak|move: Stealth Rock
|move|p1a: Conkeldurr|Knock Off|p2a: Landorus
|-damage|p2a: Landorus|74/100
|-damage|p1a: Conkeldurr|84/100|[from] item: Rocky Helmet|[of] p2a: Landorus
|-enditem|p2a: Landorus|Rocky Helmet|[from] move: Knock Off|[of] p1a: Conkeldurr
|
|upkeep
|turn|2
|inactive|zelisthatpeak has 120 seconds left.
|
|t:|1743858002
|switch|p1a: Clodsire|Clodsire, M|100/100
|-damage|p1a: Clodsire|94/100|[from] Stealth Rock
|move|p2a: Landorus|Earthquake|p1a: Clodsire
|-supereffective|p1a: Clodsire
|-damage|p1a: Clodsire|8/100
|
|-heal|p1a: Clodsire|14/100|[from] item: Leftovers
|upkeep
|turn|3
|
|t:|1743858014
|move|p2a: Landorus|Earthquake|p1a: Clodsire
|-supereffective|p1a: Clodsire
|-crit|p1a: Clodsire
|-damage|p1a: Clodsire|0 fnt
|faint|p1a: Clodsire
|
|upkeep
|
|t:|1743858027
|switch|p1a: Conkeldurr|Conkeldurr, F, shiny|84/100
|-damage|p1a: Conkeldurr|78/100|[from] Stealth Rock
|turn|4
|
|t:|1743858032
|move|p2a: Landorus|Earthquake|p1a: Conkeldurr
|-damage|p1a: Conkeldurr|30/100
|move|p1a: Conkeldurr|Ice Punch|p2a: Landorus
|-supereffective|p2a: Landorus
|-damage|p2a: Landorus|0 fnt
|faint|p2a: Landorus
|
|upkeep
|
|t:|1743858060
|switch|p2a: Darkrai|Darkrai|100/100
|turn|5
|inactive|zelisthatpeak has 120 seconds left.
|
|t:|1743858079
|move|p2a: Darkrai|Shadow Ball|p1a: Conkeldurr
|-damage|p1a: Conkeldurr|7/100
|-damage|p2a: Darkrai|91/100|[from] item: Life Orb
|move|p1a: Conkeldurr|Drain Punch|p2a: Darkrai
|-supereffective|p2a: Darkrai
|-damage|p2a: Darkrai|0 fnt
|-heal|p1a: Conkeldurr|37/100|[from] drain|[of] p2a: Darkrai
|faint|p2a: Darkrai
|
|upkeep
|inactive|Atharve991 has 120 seconds left.
|inactive|Atharve991 has 90 seconds left.
|
|t:|1743858131
|switch|p2a: Iron Moth|Iron Moth|100/100
|turn|6
|inactive|zelisthatpeak has 120 seconds left.
|inactive|Atharve991 has 90 seconds left.
|
|t:|1743858162
|move|p2a: Iron Moth|Fiery Dance|p1a: Conkeldurr
|-damage|p1a: Conkeldurr|10/100
|-boost|p2a: Iron Moth|spa|1
|move|p1a: Conkeldurr|Knock Off|p2a: Iron Moth
|-damage|p2a: Iron Moth|43/100
|-enditem|p2a: Iron Moth|Choice Scarf|[from] move: Knock Off|[of] p1a: Conkeldurr
|
|upkeep
|turn|7
|inactive|Atharve991 has 90 seconds left.
|
|t:|1743858176
|move|p1a: Conkeldurr|Mach Punch|p2a: Iron Moth
|-resisted|p2a: Iron Moth
|-damage|p2a: Iron Moth|22/100
|move|p2a: Iron Moth|Fiery Dance|p1a: Conkeldurr
|-damage|p1a: Conkeldurr|0 fnt
|faint|p1a: Conkeldurr
|
|upkeep
|inactive|zelisthatpeak has 90 seconds left.
|inactive|zelisthatpeak has 60 seconds left.
|
|t:|1743858222
|switch|p1a: Dragonite|Dragonite, F|100/100
|turn|8
|
|t:|1743858231
|-end|p2a: Iron Moth|Quark Drive|[silent]
|switch|p2a: Primarina|Primarina, F|100/100
|move|p1a: Dragonite|Dragon Dance|p1a: Dragonite
|-boost|p1a: Dragonite|atk|1
|-boost|p1a: Dragonite|spe|1
|
|upkeep
|turn|9
|
|t:|1743858245
|-terastallize|p1a: Dragonite|Flying
|move|p1a: Dragonite|Dragon Dance|p1a: Dragonite
|-boost|p1a: Dragonite|atk|1
|-boost|p1a: Dragonite|spe|1
|move|p2a: Primarina|Ice Beam|p1a: Dragonite
|-supereffective|p1a: Dragonite
|-damage|p1a: Dragonite|64/100
|
|upkeep
|turn|10
|inactive|zelisthatpeak has 60 seconds left.
|
|t:|1743858265
|move|p1a: Dragonite|Tera Blast|p2a: Primarina|[anim] Tera Blast Flying
|-damage|p2a: Primarina|0 fnt
|faint|p2a: Primarina
|
|upkeep
|
|t:|1743858271
|switch|p2a: Gholdengo|Gholdengo|100/100
|turn|11
|
|t:|1743858274
|move|p1a: Dragonite|Earthquake|p2a: Gholdengo
|-supereffective|p2a: Gholdengo
|-damage|p2a: Gholdengo|0 fnt
|faint|p2a: Gholdengo
|
|upkeep
|
|t:|1743858279
|switch|p2a: Salamence|Salamence, F|100/100
|turn|12
|
|t:|1743858290
|-terastallize|p2a: Salamence|Fairy
|move|p1a: Dragonite|Tera Blast|p2a: Salamence|[anim] Tera Blast Flying
|-damage|p2a: Salamence|0 fnt
|faint|p2a: Salamence
|
|upkeep
|
|t:|1743858296
|switch|p2a: Iron Moth|Iron Moth|22/100
|turn|13
|
|t:|1743858300
|move|p1a: Dragonite|Earthquake|p2a: Iron Moth
|-supereffective|p2a: Iron Moth
|-damage|p2a: Iron Moth|0 fnt
|faint|p2a: Iron Moth
|-end|p2a: Iron Moth|Quark Drive|[silent]
|
|win|zelisthatpeak
|raw|zelisthatpeak's rating: 1112 &rarr; <strong>1137</strong><br />(+25 for winning)
|raw|Atharve991's rating: 1112 &rarr; <strong>1087</strong><br />(-25 for losing)
|c|☆zelisthatpeak|Gg
|l|☆Atharve991
|player|p2|
