|j|☆AluminumVinyl
|j|☆logannick02
|t:|1743907907
|gametype|singles
|player|p1|AluminumVinyl|roxie|1338
|player|p2|logannick02|266|1262
|teamsize|p1|6
|teamsize|p2|6
|gen|9
|tier|[Gen 9] OU
|rated|
|rule|HP Percentage Mod: HP is shown in percentages
|rule|Endless Battle Clause: Forcing endless battles is banned
|rule|Species Clause: Limit one of each Pokémon
|rule|OHKO Clause: OHKO moves are banned
|rule|Evasion Items Clause: Evasion items are banned
|rule|Evasion Moves Clause: Evasion moves are banned
|rule|Sleep Moves Clause: Sleep-inducing moves are banned
|clearpoke
|poke|p1|Decidueye, F|
|poke|p1|Azelf|
|poke|p1|Serperior, M|
|poke|p1|Kleavor, M|
|poke|p1|Araquanid, F|
|poke|p1|Tsareena, F|
|poke|p2|Scizor, F|
|poke|p2|Zamazenta-*|
|poke|p2|Enamorus, F|
|poke|p2|Dragapult, M|
|poke|p2|Iron Treads|
|poke|p2|Greninja-*, F|
|teampreview
|inactive|Battle timer is ON: inactive players will automatically lose when time's up. (requested by AluminumVinyl)
|
|t:|1743907937
|start
|switch|p1a: Decidueye|Decidueye, F|100/100
|switch|p2a: Scizor|Scizor, F|100/100
|turn|1
|
|t:|1743907943
|move|p1a: Decidueye|Spirit Shackle|p2a: Scizor
|-damage|p2a: Scizor|57/100
|-activate|p2a: Scizor|trapped
|move|p2a: Scizor|U-turn|p1a: Decidueye
|-damage|p1a: Decidueye|14/100
|inactive|logannick02 has 120 seconds left.
|
|t:|1743907979
|switch|p2a: Enamorus|Enamorus, F|100/100|[from] U-turn
|
|upkeep
|turn|2
|
|t:|1743907986
|move|p1a: Decidueye|Spirit Shackle|p2a: Enamorus
|-damage|p2a: Enamorus|40/100
|-activate|p2a: Enamorus|trapped
|move|p2a: Enamorus|Moonblast|p1a: Decidueye
|-damage|p1a: Decidueye|0 fnt
|faint|p1a: Decidueye
|
|-heal|p2a: Enamorus|47/100|[from] item: Leftovers
|upkeep
|
|t:|1743908004
|switch|p1a: Kleavor|Kleavor, M|100/100
|turn|3
|inactive|logannick02 has 120 seconds left.
|
|t:|1743908034
|-terastallize|p2a: Enamorus|Ground
|move|p1a: Kleavor|Stone Axe|p2a: Enamorus
|-resisted|p2a: Enamorus
|-damage|p2a: Enamorus|7/100
|-sidestart|p2: logannick02|move: Stealth Rock
|move|p2a: Enamorus|Moonblast|p1a: Kleavor
|-damage|p1a: Kleavor|17/100
|
|-heal|p2a: Enamorus|14/100|[from] item: Leftovers
|upkeep
|turn|4
|
|t:|1743908056
|switch|p2a: Zamazenta|Zamazenta|100/100
|-damage|p2a: Zamazenta|94/100|[from] Stealth Rock
|-ability|p2a: Zamazenta|Dauntless Shield|boost
|-boost|p2a: Zamazenta|def|1
|move|p1a: Kleavor|Stone Axe|p2a: Zamazenta
|-resisted|p2a: Zamazenta
|-damage|p2a: Zamazenta|82/100
|
|-heal|p2a: Zamazenta|88/100|[from] item: Leftovers
|upkeep
|turn|5
|inactive|logannick02 has 90 seconds left.
|
|t:|1743908076
|move|p1a: Kleavor|Stone Axe|p2a: Zamazenta
|-resisted|p2a: Zamazenta
|-damage|p2a: Zamazenta|76/100
|move|p2a: Zamazenta|Body Press|p1a: Kleavor
|-damage|p1a: Kleavor|0 fnt
|faint|p1a: Kleavor
|
|-heal|p2a: Zamazenta|82/100|[from] item: Leftovers
|upkeep
|
|t:|1743908081
|switch|p1a: Azelf|Azelf|100/100
|turn|6
|
|t:|1743908085
|move|p2a: Zamazenta|Crunch|p1a: Azelf
|-supereffective|p1a: Azelf
|-damage|p1a: Azelf|33/100
|move|p1a: Azelf|Mystical Power|p2a: Zamazenta
|-supereffective|p2a: Zamazenta
|-damage|p2a: Zamazenta|31/100
|-boost|p1a: Azelf|spa|1
|
|-heal|p2a: Zamazenta|37/100|[from] item: Leftovers
|upkeep
|turn|7
|
|t:|1743908092
|move|p2a: Zamazenta|Crunch|p1a: Azelf
|-supereffective|p1a: Azelf
|-damage|p1a: Azelf|0 fnt
|faint|p1a: Azelf
|
|-heal|p2a: Zamazenta|43/100|[from] item: Leftovers
|upkeep
|
|t:|1743908095
|switch|p1a: Serperior|Serperior, M|100/100
|turn|8
|
|t:|1743908105
|move|p2a: Zamazenta|Body Press|p1a: Serperior
|-damage|p1a: Serperior|35/100
|move|p1a: Serperior|Leaf Storm|p2a: Zamazenta
|-damage|p2a: Zamazenta|8/100
|-boost|p1a: Serperior|spa|2
|
|-heal|p2a: Zamazenta|14/100|[from] item: Leftovers
|upkeep
|turn|9
|
|t:|1743908108
|move|p2a: Zamazenta|Body Press|p1a: Serperior
|-damage|p1a: Serperior|0 fnt
|faint|p1a: Serperior
|
|-heal|p2a: Zamazenta|21/100|[from] item: Leftovers
|upkeep
|
|t:|1743908110
|switch|p1a: Araquanid|Araquanid, F|100/100
|turn|10
|
|t:|1743908122
|move|p2a: Zamazenta|Stone Edge|p1a: Araquanid
|-supereffective|p1a: Araquanid
|-damage|p1a: Araquanid|46/100
|move|p1a: Araquanid|Liquidation|p2a: Zamazenta
|-damage|p2a: Zamazenta|0 fnt
|faint|p2a: Zamazenta
|
|upkeep
|
|t:|1743908138
|switch|p2a: Dragapult|Dragapult, M|100/100
|turn|11
|
|t:|1743908146
|move|p1a: Araquanid|Protect|p1a: Araquanid
|-singleturn|p1a: Araquanid|Protect
|move|p2a: Dragapult|Will-O-Wisp|p1a: Araquanid
|-activate|p1a: Araquanid|move: Protect
|
|upkeep
|turn|12
|
|t:|1743908154
|move|p2a: Dragapult|Dragon Darts|p1a: Araquanid
|-damage|p1a: Araquanid|24/100
|-anim|p2a: Dragapult|Dragon Darts|p1a: Araquanid
|-damage|p1a: Araquanid|0 fnt
|faint|p1a: Araquanid
|
|upkeep
|
|t:|1743908159
|switch|p1a: Tsareena|Tsareena, F|100/100
|turn|13
|
|t:|1743908161
|move|p2a: Dragapult|Will-O-Wisp|p1a: Tsareena
|-status|p1a: Tsareena|brn
|move|p1a: Tsareena|Triple Axel|p2a: Dragapult
|-supereffective|p2a: Dragapult
|-damage|p2a: Dragapult|87/100
|-supereffective|p2a: Dragapult
|-damage|p2a: Dragapult|63/100
|-supereffective|p2a: Dragapult
|-damage|p2a: Dragapult|25/100
|-hitcount|p2a: Dragapult|3
|-damage|p1a: Tsareena|91/100 brn|[from] item: Life Orb
|
|-damage|p1a: Tsareena|85/100 brn|[from] brn
|upkeep
|turn|14
|
|t:|1743908176
|move|p2a: Dragapult|Hex|p1a: Tsareena
|-damage|p1a: Tsareena|28/100 brn
|move|p1a: Tsareena|Play Rough|p2a: Dragapult
|-supereffective|p2a: Dragapult
|-damage|p2a: Dragapult|0 fnt
|faint|p2a: Dragapult
|-damage|p1a: Tsareena|18/100 brn|[from] item: Life Orb
|
|-damage|p1a: Tsareena|12/100 brn|[from] brn
|upkeep
|
|t:|1743908191
|switch|p2a: Iron Treads|Iron Treads|100/100
|-damage|p2a: Iron Treads|97/100|[from] Stealth Rock
|-enditem|p2a: Iron Treads|Booster Energy
|-activate|p2a: Iron Treads|ability: Quark Drive|[fromitem]
|-start|p2a: Iron Treads|quarkdrivespe
|turn|15
|
|t:|1743908195
|move|p2a: Iron Treads|Earth Power|p1a: Tsareena
|-resisted|p1a: Tsareena
|-damage|p1a: Tsareena|0 fnt
|faint|p1a: Tsareena
|
|win|logannick02
|raw|AluminumVinyl's rating: 1338 &rarr; <strong>1314</strong><br />(-24 for losing)
|raw|logannick02's rating: 1262 &rarr; <strong>1292</strong><br />(+30 for winning)
|l|☆logannick02
|player|p2|
|l|☆AluminumVinyl
|player|p1|
