|j|☆pantuxd
|j|☆the flavius
|t:|1743862133
|gametype|singles
|player|p1|pantuxd|169|1247
|player|p2|the flavius|aaron|1262
|teamsize|p1|6
|teamsize|p2|6
|gen|9
|tier|[Gen 9] OU
|rated|
|rule|HP Percentage Mod: HP is shown in percentages
|rule|Endless Battle Clause: Forcing endless battles is banned
|rule|Species Clause: Limit one of each Pokémon
|rule|OHKO Clause: OHKO moves are banned
|rule|Evasion Items Clause: Evasion items are banned
|rule|Evasion Moves Clause: Evasion moves are banned
|rule|Sleep Moves Clause: Sleep-inducing moves are banned
|clearpoke
|poke|p1|Torkoal, F|
|poke|p1|Scovillain, M|
|poke|p1|Walking Wake|
|poke|p1|Hatterene, F|
|poke|p1|Great Tusk|
|poke|p1|Ceruledge, F|
|poke|p2|Torkoal, F|
|poke|p2|Flygon, M|
|poke|p2|Salazzle, F|
|poke|p2|Milotic, M|
|poke|p2|Lilligant, F|
|poke|p2|Mismagius, M|
|teampreview
|inactive|Battle timer is ON: inactive players will automatically lose when time's up. (requested by pantuxd)
|
|t:|1743862155
|start
|switch|p1a: Hatterene|Hatterene, F|100/100
|switch|p2a: Rain|Milotic, M|100/100
|turn|1
|
|t:|1743862167
|move|p2a: Rain|Wrap|p1a: Hatterene
|-damage|p1a: Hatterene|98/100
|-activate|p1a: Hatterene|move: Wrap|[of] p2a: Rain
|-enditem|p1a: Hatterene|Eject Button
|
|t:|1743862173
|switch|p1a: Torkoal|Torkoal, F|100/100
|-weather|SunnyDay|[from] ability: Drought|[of] p1a: Torkoal
|
|-weather|SunnyDay|[upkeep]
|upkeep
|turn|2
|
|t:|1743862178
|switch|p1a: Hatterene|Hatterene, F|98/100
|move|p2a: Rain|Wrap|p1a: Hatterene
|-damage|p1a: Hatterene|96/100
|-activate|p1a: Hatterene|move: Wrap|[of] p2a: Rain
|
|-weather|SunnyDay|[upkeep]
|-damage|p1a: Hatterene|84/100|[from] move: Wrap|[partiallytrapped]
|upkeep
|turn|3
|
|t:|1743862189
|move|p2a: Rain|Scald|p1a: Hatterene
|-damage|p1a: Hatterene|72/100
|-status|p1a: Hatterene|brn
|move|p1a: Hatterene|Mystical Fire|p2a: Rain
|-resisted|p2a: Rain
|-damage|p2a: Rain|90/100
|-unboost|p2a: Rain|spa|1
|
|-weather|SunnyDay|[upkeep]
|-heal|p2a: Rain|96/100|[from] item: Leftovers
|-damage|p1a: Hatterene|66/100 brn|[from] brn
|-damage|p1a: Hatterene|53/100 brn|[from] move: Wrap|[partiallytrapped]
|upkeep
|turn|4
|
|t:|1743862198
|move|p2a: Rain|Scald|p1a: Hatterene
|-damage|p1a: Hatterene|45/100 brn
|move|p1a: Hatterene|Mystical Fire|p2a: Rain
|-resisted|p2a: Rain
|-damage|p2a: Rain|86/100
|-unboost|p2a: Rain|spa|1
|
|-weather|SunnyDay|[upkeep]
|-heal|p2a: Rain|92/100|[from] item: Leftovers
|-damage|p1a: Hatterene|39/100 brn|[from] brn
|-damage|p1a: Hatterene|26/100 brn|[from] move: Wrap|[partiallytrapped]
|upkeep
|turn|5
|
|t:|1743862203
|move|p2a: Rain|Haze|p2a: Rain
|-clearallboost
|move|p1a: Hatterene|Healing Wish|p1a: Hatterene
|faint|p1a: Hatterene
|
|-weather|SunnyDay|[upkeep]
|-heal|p2a: Rain|98/100|[from] item: Leftovers
|upkeep
|
|t:|1743862207
|switch|p1a: Scovillain|Scovillain, M|100/100
|turn|6
|
|t:|1743862212
|switch|p2a: Moon Cycle|Salazzle, F|100/100
|move|p1a: Scovillain|Growth|p1a: Scovillain
|-boost|p1a: Scovillain|atk|2
|-boost|p1a: Scovillain|spa|2
|
|-weather|SunnyDay|[upkeep]
|upkeep
|turn|7
|
|t:|1743862216
|-terastallize|p1a: Scovillain|Rock
|move|p1a: Scovillain|Tera Blast|p2a: Moon Cycle|[anim] Tera Blast Rock
|-supereffective|p2a: Moon Cycle
|-enditem|p2a: Moon Cycle|Focus Sash
|-damage|p2a: Moon Cycle|1/100
|-damage|p1a: Scovillain|91/100|[from] item: Life Orb
|move|p2a: Moon Cycle|Sludge Wave|p1a: Scovillain
|-resisted|p1a: Scovillain
|-damage|p1a: Scovillain|49/100
|
|-weather|SunnyDay|[upkeep]
|upkeep
|turn|8
|
|t:|1743862224
|move|p1a: Scovillain|Giga Drain|p2a: Moon Cycle
|-resisted|p2a: Moon Cycle
|-damage|p2a: Moon Cycle|0 fnt
|-heal|p1a: Scovillain|49/100|[from] drain|[of] p2a: Moon Cycle
|faint|p2a: Moon Cycle
|-damage|p1a: Scovillain|39/100|[from] item: Life Orb
|
|-weather|none
|upkeep
|
|t:|1743862226
|switch|p2a: Nymphologi|Lilligant, F|100/100
|turn|9
|
|t:|1743862229
|switch|p1a: Torkoal|Torkoal, F|100/100
|-weather|SunnyDay|[from] ability: Drought|[of] p1a: Torkoal
|move|p2a: Nymphologi|Energy Ball|p1a: Torkoal
|-resisted|p1a: Torkoal
|-damage|p1a: Torkoal|74/100
|
|-weather|SunnyDay|[upkeep]
|upkeep
|turn|10
|
|t:|1743862232
|switch|p2a: Rain|Milotic, M|98/100
|move|p1a: Torkoal|Lava Plume|p2a: Rain
|-resisted|p2a: Rain
|-damage|p2a: Rain|84/100
|
|-weather|SunnyDay|[upkeep]
|-heal|p2a: Rain|90/100|[from] item: Leftovers
|upkeep
|turn|11
|
|t:|1743862237
|switch|p1a: Scovillain|Scovillain, M, tera:Rock|39/100
|-heal|p1a: Scovillain|100/100|[from] move: Healing Wish
|move|p2a: Rain|Wrap|p1a: Scovillain
|-resisted|p1a: Scovillain
|-damage|p1a: Scovillain|99/100
|-activate|p1a: Scovillain|move: Wrap|[of] p2a: Rain
|
|-weather|SunnyDay|[upkeep]
|-heal|p2a: Rain|96/100|[from] item: Leftovers
|-damage|p1a: Scovillain|86/100|[from] move: Wrap|[partiallytrapped]
|upkeep
|turn|12
|
|t:|1743862242
|switch|p2a: Nymphologi|Lilligant, F|100/100
|move|p1a: Scovillain|Giga Drain|p2a: Nymphologi
|-resisted|p2a: Nymphologi
|-damage|p2a: Nymphologi|67/100
|-heal|p1a: Scovillain|100/100|[from] drain|[of] p2a: Nymphologi
|-damage|p1a: Scovillain|91/100|[from] item: Life Orb
|
|-weather|SunnyDay|[upkeep]
|-end|p1a: Scovillain|Wrap|[partiallytrapped]|[silent]
|upkeep
|turn|13
|
|t:|1743862245
|move|p2a: Nymphologi|Solar Beam||[still]
|-prepare|p2a: Nymphologi|Solar Beam
|-anim|p2a: Nymphologi|Solar Beam|p1a: Scovillain
|-supereffective|p1a: Scovillain
|-damage|p1a: Scovillain|0 fnt
|faint|p1a: Scovillain
|
|-weather|SunnyDay|[upkeep]
|upkeep
|
|t:|1743862249
|switch|p1a: Ceruledge|Ceruledge, F|100/100
|turn|14
|
|t:|1743862254
|switch|p2a: Light Shower|Torkoal, F|100/100
|move|p1a: Ceruledge|Swords Dance|p1a: Ceruledge
|-boost|p1a: Ceruledge|atk|2
|
|-weather|SunnyDay|[upkeep]
|upkeep
|turn|15
|
|t:|1743862259
|move|p1a: Ceruledge|Shadow Sneak|p2a: Light Shower
|-damage|p2a: Light Shower|74/100
|move|p2a: Light Shower|Stealth Rock|p1a: Ceruledge
|-sidestart|p1: pantuxd|move: Stealth Rock
|
|-weather|SunnyDay|[upkeep]
|upkeep
|turn|16
|
|t:|1743862279
|move|p1a: Ceruledge|Bitter Blade|p2a: Light Shower
|-resisted|p2a: Light Shower
|-damage|p2a: Light Shower|33/100
|move|p2a: Light Shower|Lava Plume|p1a: Ceruledge
|-resisted|p1a: Ceruledge
|-damage|p1a: Ceruledge|79/100
|
|-weather|none
|upkeep
|turn|17
|
|t:|1743862285
|move|p1a: Ceruledge|Bitter Blade|p2a: Light Shower
|-resisted|p2a: Light Shower
|-damage|p2a: Light Shower|3/100
|-heal|p1a: Ceruledge|97/100|[from] drain|[of] p2a: Light Shower
|move|p2a: Light Shower|Lava Plume|p1a: Ceruledge
|-resisted|p1a: Ceruledge
|-damage|p1a: Ceruledge|83/100
|
|upkeep
|turn|18
|
|t:|1743862288
|move|p1a: Ceruledge|Bitter Blade|p2a: Light Shower
|-resisted|p2a: Light Shower
|-damage|p2a: Light Shower|0 fnt
|-heal|p1a: Ceruledge|84/100|[from] drain|[of] p2a: Light Shower
|faint|p2a: Light Shower
|
|upkeep
|
|t:|1743862292
|switch|p2a: Ermerald|Flygon, M|100/100
|turn|19
|
|t:|1743862305
|move|p1a: Ceruledge|Shadow Sneak|p2a: Ermerald
|-damage|p2a: Ermerald|38/100
|move|p2a: Ermerald|Earthquake|p1a: Ceruledge
|-supereffective|p1a: Ceruledge
|-damage|p1a: Ceruledge|0 fnt
|faint|p1a: Ceruledge
|
|upkeep
|
|t:|1743862310
|switch|p1a: Torkoal|Torkoal, F|74/100
|-damage|p1a: Torkoal|49/100|[from] Stealth Rock
|-weather|SunnyDay|[from] ability: Drought|[of] p1a: Torkoal
|turn|20
|
|t:|1743862318
|move|p2a: Ermerald|Substitute|p2a: Ermerald
|-start|p2a: Ermerald|Substitute
|-damage|p2a: Ermerald|13/100
|-enditem|p2a: Ermerald|Liechi Berry|[eat]
|-boost|p2a: Ermerald|atk|1|[from] item: Liechi Berry
|move|p1a: Torkoal|Rapid Spin|p2a: Ermerald
|-activate|p2a: Ermerald|move: Substitute|[damage]
|-sideend|p1: pantuxd|Stealth Rock|[from] move: Rapid Spin|[of] p1a: Torkoal
|-boost|p1a: Torkoal|spe|1
|
|-weather|SunnyDay|[upkeep]
|upkeep
|turn|21
|
|t:|1743862326
|move|p2a: Ermerald|Dragon Dance|p2a: Ermerald
|-boost|p2a: Ermerald|atk|1
|-boost|p2a: Ermerald|spe|1
|move|p1a: Torkoal|Lava Plume|p2a: Ermerald
|-resisted|p2a: Ermerald
|-end|p2a: Ermerald|Substitute
|
|-weather|SunnyDay|[upkeep]
|upkeep
|turn|22
|
|t:|1743862333
|move|p2a: Ermerald|Earthquake|p1a: Torkoal
|-supereffective|p1a: Torkoal
|-crit|p1a: Torkoal
|-damage|p1a: Torkoal|0 fnt
|faint|p1a: Torkoal
|
|-weather|SunnyDay|[upkeep]
|upkeep
|
|t:|1743862336
|switch|p1a: Walking Wake|Walking Wake|100/100
|-activate|p1a: Walking Wake|ability: Protosynthesis
|-start|p1a: Walking Wake|protosynthesisspa
|turn|23
|
|t:|1743862342
|-terastallize|p2a: Ermerald|Fairy
|move|p2a: Ermerald|Tera Blast|p1a: Walking Wake|[anim] Tera Blast Fairy
|-supereffective|p1a: Walking Wake
|-damage|p1a: Walking Wake|0 fnt
|faint|p1a: Walking Wake
|-end|p1a: Walking Wake|Protosynthesis|[silent]
|
|-weather|SunnyDay|[upkeep]
|upkeep
|-message|pantuxd forfeited.
|
|win|the flavius
|raw|pantuxd's rating: 1247 &rarr; <strong>1223</strong><br />(-24 for losing)
|raw|the flavius's rating: 1262 &rarr; <strong>1286</strong><br />(+24 for winning)
|l|☆pantuxd
|player|p1|
|l|☆the flavius
|player|p2|
