|j|☆Tillman1000
|j|☆BigPurplePops
|t:|1743875887
|gametype|singles
|player|p1|Tillman1000|swimmer|1350
|player|p2|BigPurplePops|marshal|1356
|teamsize|p1|6
|teamsize|p2|6
|gen|9
|tier|[Gen 9] OU
|rated|
|rule|HP Percentage Mod: HP is shown in percentages
|rule|Endless Battle Clause: Forcing endless battles is banned
|rule|Species Clause: Limit one of each Pokémon
|rule|OHKO Clause: OHKO moves are banned
|rule|Evasion Items Clause: Evasion items are banned
|rule|Evasion Moves Clause: Evasion moves are banned
|rule|Sleep Moves Clause: Sleep-inducing moves are banned
|clearpoke
|poke|p1|Great Tusk|
|poke|p1|Ogerpon-Wellspring, F|
|poke|p1|Iron Valiant|
|poke|p1|Kingambit, M|
|poke|p1|Slowking-Galar, F|
|poke|p1|Dragapult, M|
|poke|p2|Araquanid, F|
|poke|p2|Darkrai|
|poke|p2|Primarina, F|
|poke|p2|Great Tusk|
|poke|p2|Kingambit, M|
|poke|p2|Hydrapple, F|
|teampreview
|c|☆BigPurplePops|glhf
|inactive|Battle timer is ON: inactive players will automatically lose when time's up. (requested by Tillman1000)
|
|t:|1743875904
|start
|switch|p1a: Dragapult|Dragapult, M|100/100
|switch|p2a: Darkrai|Darkrai|100/100
|turn|1
|
|t:|1743875918
|move|p1a: Dragapult|U-turn|p2a: Darkrai
|-supereffective|p2a: Darkrai
|-damage|p2a: Darkrai|63/100
|
|t:|1743875929
|switch|p1a: Iron Valiant|Iron Valiant|100/100|[from] U-turn
|-enditem|p1a: Iron Valiant|Booster Energy
|-activate|p1a: Iron Valiant|ability: Quark Drive|[fromitem]
|-start|p1a: Iron Valiant|quarkdrivespe
|move|p2a: Darkrai|Dark Pulse|p1a: Iron Valiant
|-resisted|p1a: Iron Valiant
|-damage|p1a: Iron Valiant|83/100
|
|upkeep
|turn|2
|inactive|BigPurplePops has 120 seconds left.
|
|t:|1743875975
|-terastallize|p2a: Darkrai|Poison
|move|p1a: Iron Valiant|Moonblast|p2a: Darkrai
|-resisted|p2a: Darkrai
|-damage|p2a: Darkrai|34/100
|move|p2a: Darkrai|Sludge Bomb|p1a: Iron Valiant
|-supereffective|p1a: Iron Valiant
|-damage|p1a: Iron Valiant|0 fnt
|faint|p1a: Iron Valiant
|-end|p1a: Iron Valiant|Quark Drive|[silent]
|
|upkeep
|
|t:|1743875986
|switch|p1a: Kingambit|Kingambit, M|100/100
|-activate|p1a: Kingambit|ability: Supreme Overlord
|-start|p1a: Kingambit|fallen1|[silent]
|turn|3
|
|t:|1743875994
|switch|p2a: Great Tusk|Great Tusk|100/100
|move|p1a: Kingambit|Iron Head|p2a: Great Tusk
|-damage|p2a: Great Tusk|62/100
|
|upkeep
|turn|4
|
|t:|1743876008
|-end|p1a: Kingambit|fallen1|[silent]
|switch|p1a: Ogerpon|Ogerpon-Wellspring, F|100/100
|move|p2a: Great Tusk|Knock Off|p1a: Ogerpon
|-damage|p1a: Ogerpon|70/100
|
|upkeep
|turn|5
|
|t:|1743876024
|-end|p2a: Great Tusk|Protosynthesis|[silent]
|switch|p2a: ALL THE APPLES!|Hydrapple, F|100/100
|move|p1a: Ogerpon|Ivy Cudgel|p2a: ALL THE APPLES!|[anim] Ivy Cudgel Water
|-resisted|p2a: ALL THE APPLES!
|-damage|p2a: ALL THE APPLES!|89/100
|
|upkeep
|turn|6
|
|t:|1743876032
|switch|p1a: Slowking|Slowking-Galar, F|100/100
|move|p2a: ALL THE APPLES!|Fickle Beam|p1a: Slowking
|-damage|p1a: Slowking|74/100
|
|upkeep
|turn|7
|
|t:|1743876041
|move|p2a: ALL THE APPLES!|Nasty Plot|p2a: ALL THE APPLES!
|-boost|p2a: ALL THE APPLES!|spa|2
|move|p1a: Slowking|Thunder Wave|p2a: ALL THE APPLES!
|-status|p2a: ALL THE APPLES!|par
|
|upkeep
|turn|8
|
|t:|1743876047
|move|p1a: Slowking|Sludge Bomb|p2a: ALL THE APPLES!
|-supereffective|p2a: ALL THE APPLES!
|-damage|p2a: ALL THE APPLES!|23/100 par
|move|p2a: ALL THE APPLES!|Earth Power|p1a: Slowking
|-supereffective|p1a: Slowking
|-damage|p1a: Slowking|0 fnt
|faint|p1a: Slowking
|
|upkeep
|
|t:|1743876065
|switch|p1a: Dragapult|Dragapult, M|100/100
|turn|9
|
|t:|1743876071
|switch|p2a: Great Tusk|Great Tusk|62/100
|move|p1a: Dragapult|Hex|p2a: Great Tusk
|-damage|p2a: Great Tusk|32/100
|
|upkeep
|turn|10
|
|t:|1743876078
|-end|p2a: Great Tusk|Protosynthesis|[silent]
|switch|p2a: Araquanid|Araquanid, F|100/100
|move|p1a: Dragapult|Draco Meteor|p2a: Araquanid
|-damage|p2a: Araquanid|64/100
|-unboost|p1a: Dragapult|spa|2
|
|upkeep
|turn|11
|
|t:|1743876086
|move|p1a: Dragapult|U-turn|p2a: Araquanid
|-damage|p2a: Araquanid|45/100
|
|t:|1743876093
|switch|p1a: Kingambit|Kingambit, M|100/100|[from] U-turn
|-activate|p1a: Kingambit|ability: Supreme Overlord
|-start|p1a: Kingambit|fallen2|[silent]
|move|p2a: Araquanid|Sticky Web|p1a: Kingambit
|-sidestart|p1: Tillman1000|move: Sticky Web
|
|upkeep
|turn|12
|
|t:|1743876101
|move|p1a: Kingambit|Kowtow Cleave|p2a: Araquanid
|-damage|p2a: Araquanid|0 fnt
|faint|p2a: Araquanid
|
|upkeep
|
|t:|1743876112
|switch|p2a: Great Tusk|Great Tusk|32/100
|turn|13
|
|t:|1743876123
|-terastallize|p1a: Kingambit|Dark
|move|p1a: Kingambit|Sucker Punch|p2a: Great Tusk
|-resisted|p2a: Great Tusk
|-damage|p2a: Great Tusk|11/100
|move|p2a: Great Tusk|Headlong Rush|p1a: Kingambit
|-damage|p1a: Kingambit|48/100
|-unboost|p2a: Great Tusk|def|1
|-unboost|p2a: Great Tusk|spd|1
|
|-heal|p1a: Kingambit|54/100|[from] item: Leftovers
|upkeep
|turn|14
|
|t:|1743876134
|move|p1a: Kingambit|Sucker Punch|p2a: Great Tusk
|-resisted|p2a: Great Tusk
|-damage|p2a: Great Tusk|0 fnt
|faint|p2a: Great Tusk
|-end|p2a: Great Tusk|Protosynthesis|[silent]
|
|-heal|p1a: Kingambit|60/100|[from] item: Leftovers
|upkeep
|
|t:|1743876144
|switch|p2a: Kingambit|Kingambit, M|100/100
|-activate|p2a: Kingambit|ability: Supreme Overlord
|-start|p2a: Kingambit|fallen2|[silent]
|turn|15
|
|t:|1743876149
|-end|p1a: Kingambit|fallen2|[silent]
|switch|p1a: Great Tusk|Great Tusk|100/100
|move|p2a: Kingambit|Iron Head|p1a: Great Tusk
|-damage|p1a: Great Tusk|62/100
|
|upkeep
|turn|16
|
|t:|1743876156
|move|p1a: Great Tusk|Headlong Rush|p2a: Kingambit
|-supereffective|p2a: Kingambit
|-damage|p2a: Kingambit|9/100
|-unboost|p1a: Great Tusk|def|1
|-unboost|p1a: Great Tusk|spd|1
|move|p2a: Kingambit|Grass Knot|p1a: Great Tusk
|-supereffective|p1a: Great Tusk
|-damage|p1a: Great Tusk|0 fnt
|faint|p1a: Great Tusk
|-end|p1a: Great Tusk|Protosynthesis|[silent]
|
|upkeep
|
|t:|1743876181
|switch|p1a: Ogerpon|Ogerpon-Wellspring, F|70/100
|-activate|p1a: Ogerpon|move: Sticky Web
|-unboost|p1a: Ogerpon|spe|1
|turn|17
|
|t:|1743876191
|move|p2a: Kingambit|Sucker Punch||[still]
|-fail|p2a: Kingambit
|move|p1a: Ogerpon|Encore|p2a: Kingambit
|-start|p2a: Kingambit|Encore
|
|upkeep
|turn|18
|
|t:|1743876205
|switch|p1a: Dragapult|Dragapult, M|100/100
|-end|p2a: Kingambit|fallen2|[silent]
|switch|p2a: ALL THE APPLES!|Hydrapple, F|56/100 par
|
|upkeep
|turn|19
|
|t:|1743876216
|move|p1a: Dragapult|U-turn|p2a: ALL THE APPLES!
|-supereffective|p2a: ALL THE APPLES!
|-damage|p2a: ALL THE APPLES!|31/100 par
|
|t:|1743876222
|switch|p1a: Kingambit|Kingambit, M, tera:Dark|60/100|[from] U-turn
|-activate|p1a: Kingambit|move: Sticky Web
|-unboost|p1a: Kingambit|spe|1
|-activate|p1a: Kingambit|ability: Supreme Overlord
|-start|p1a: Kingambit|fallen3|[silent]
|move|p2a: ALL THE APPLES!|Fickle Beam|p1a: Kingambit
|-damage|p1a: Kingambit|20/100
|
|-heal|p1a: Kingambit|26/100|[from] item: Leftovers
|upkeep
|turn|20
|
|t:|1743876239
|move|p1a: Kingambit|Iron Head|p2a: ALL THE APPLES!
|-damage|p2a: ALL THE APPLES!|0 fnt
|faint|p2a: ALL THE APPLES!
|
|-heal|p1a: Kingambit|33/100|[from] item: Leftovers
|upkeep
|
|t:|1743876244
|switch|p2a: Primarina|Primarina, F|100/100
|turn|21
|
|t:|1743876254
|move|p2a: Primarina|Substitute|p2a: Primarina
|-start|p2a: Primarina|Substitute
|-damage|p2a: Primarina|76/100
|move|p1a: Kingambit|Iron Head|p2a: Primarina
|-end|p2a: Primarina|Substitute
|
|-heal|p2a: Primarina|82/100|[from] item: Leftovers
|-heal|p1a: Kingambit|39/100|[from] item: Leftovers
|upkeep
|turn|22
|
|t:|1743876264
|move|p2a: Primarina|Draining Kiss|p1a: Kingambit
|-supereffective|p1a: Kingambit
|-damage|p1a: Kingambit|0 fnt
|-heal|p2a: Primarina|100/100|[from] drain|[of] p1a: Kingambit
|faint|p1a: Kingambit
|-end|p1a: Kingambit|fallen3|[silent]
|
|upkeep
|
|t:|1743876269
|switch|p1a: Ogerpon|Ogerpon-Wellspring, F|70/100
|-activate|p1a: Ogerpon|move: Sticky Web
|-unboost|p1a: Ogerpon|spe|1
|turn|23
|
|t:|1743876280
|move|p1a: Ogerpon|Horn Leech|p2a: Primarina
|-supereffective|p2a: Primarina
|-damage|p2a: Primarina|0 fnt
|-heal|p1a: Ogerpon|100/100|[from] drain|[of] p2a: Primarina
|faint|p2a: Primarina
|
|upkeep
|
|t:|1743876283
|switch|p2a: Darkrai|Darkrai, tera:Poison|34/100
|turn|24
|
|t:|1743876298
|move|p2a: Darkrai|Sludge Bomb|p1a: Ogerpon
|-supereffective|p1a: Ogerpon
|-damage|p1a: Ogerpon|9/100
|-status|p1a: Ogerpon|psn
|move|p1a: Ogerpon|Ivy Cudgel|p2a: Darkrai|[anim] Ivy Cudgel Water
|-damage|p2a: Darkrai|0 fnt
|faint|p2a: Darkrai
|
|-damage|p1a: Ogerpon|0 fnt|[from] psn
|faint|p1a: Ogerpon
|upkeep
|
|t:|1743876308
|switch|p2a: Kingambit|Kingambit, M|9/100
|switch|p1a: Dragapult|Dragapult, M|100/100
|-activate|p2a: Kingambit|ability: Supreme Overlord
|-start|p2a: Kingambit|fallen5|[silent]
|turn|25
|
|t:|1743876322
|move|p1a: Dragapult|Thunder Wave|p2a: Kingambit|[miss]
|-miss|p1a: Dragapult|p2a: Kingambit
|move|p2a: Kingambit|Kowtow Cleave|p1a: Dragapult
|-supereffective|p1a: Dragapult
|-damage|p1a: Dragapult|0 fnt
|faint|p1a: Dragapult
|
|win|BigPurplePops
|raw|Tillman1000's rating: 1350 &rarr; <strong>1330</strong><br />(-20 for losing)
|raw|BigPurplePops's rating: 1356 &rarr; <strong>1376</strong><br />(+20 for winning)
|c|☆BigPurplePops|gg
|l|☆Tillman1000
|player|p1|
