|j|‽sixthdimesions66
|j|☆zKubi_
|t:|1743857100
|gametype|singles
|player|p1|sixthdimesions66|policeman-gen4|1071
|player|p2|zKubi_|266|1080
|teamsize|p1|6
|teamsize|p2|6
|gen|9
|tier|[Gen 9] OU
|rated|
|rule|HP Percentage Mod: HP is shown in percentages
|rule|Endless Battle Clause: Forcing endless battles is banned
|rule|Species Clause: Limit one of each Pokémon
|rule|OHKO Clause: OHKO moves are banned
|rule|Evasion Items Clause: Evasion items are banned
|rule|Evasion Moves Clause: Evasion moves are banned
|rule|Sleep Moves Clause: Sleep-inducing moves are banned
|clearpoke
|poke|p1|Gholdengo|
|poke|p1|Skarmory, F|
|poke|p1|Iron Valiant|
|poke|p1|Great Tusk|
|poke|p1|Ogerpon-Wellspring, F|
|poke|p1|Glimmora, F|
|poke|p2|Duraludon, F|
|poke|p2|Noctowl, M|
|poke|p2|Electivire, M|
|poke|p2|Toedscruel, M|
|poke|p2|Tauros, M|
|poke|p2|Alcremie, F|
|teampreview
|
|t:|1743857113
|start
|switch|p1a: Skarmory|Skarmory, F|100/100
|switch|p2a: Electivire|Electivire, M|100/100
|turn|1
|
|t:|1743857121
|move|p2a: Electivire|Knock Off|p1a: Skarmory
|-damage|p1a: Skarmory|70/100
|-enditem|p1a: Skarmory|Leftovers|[from] move: Knock Off|[of] p2a: Electivire
|move|p1a: Skarmory|Stealth Rock|p2a: Electivire
|-sidestart|p2: zKubi_|move: Stealth Rock
|
|upkeep
|turn|2
|
|t:|1743857129
|switch|p1a: Great Tusk|Great Tusk|100/100
|move|p2a: Electivire|Knock Off|p1a: Great Tusk
|-resisted|p1a: Great Tusk
|-damage|p1a: Great Tusk|83/100
|-enditem|p1a: Great Tusk|Iapapa Berry|[from] move: Knock Off|[of] p2a: Electivire
|
|upkeep
|turn|3
|
|t:|1743857143
|switch|p2a: Toedscruel|Toedscruel, M|100/100
|-damage|p2a: Toedscruel|94/100|[from] Stealth Rock
|move|p1a: Great Tusk|Earthquake|p2a: Toedscruel
|-resisted|p2a: Toedscruel
|-damage|p2a: Toedscruel|57/100
|
|-heal|p2a: Toedscruel|63/100|[from] item: Leftovers
|upkeep
|turn|4
|
|t:|1743857165
|-end|p1a: Great Tusk|Protosynthesis|[silent]
|switch|p1a: Skarmory|Skarmory, F|70/100
|move|p2a: Toedscruel|Leech Seed|p1a: Skarmory
|-start|p1a: Skarmory|move: Leech Seed
|
|-heal|p2a: Toedscruel|69/100|[from] item: Leftovers
|-damage|p1a: Skarmory|58/100|[from] Leech Seed|[of] p2a: Toedscruel
|-heal|p2a: Toedscruel|80/100|[silent]
|upkeep
|turn|5
|
|t:|1743857181
|move|p2a: Toedscruel|Protect|p2a: Toedscruel
|-singleturn|p2a: Toedscruel|Protect
|move|p1a: Skarmory|Spikes|p2a: Toedscruel
|-sidestart|p2: zKubi_|Spikes
|
|-heal|p2a: Toedscruel|86/100|[from] item: Leftovers
|-damage|p1a: Skarmory|45/100|[from] Leech Seed|[of] p2a: Toedscruel
|-heal|p2a: Toedscruel|97/100|[silent]
|upkeep
|turn|6
|
|t:|1743857202
|switch|p2a: Electivire|Electivire, M|100/100
|-damage|p2a: Electivire|88/100|[from] Stealth Rock
|-damage|p2a: Electivire|76/100|[from] Spikes
|move|p1a: Skarmory|Brave Bird|p2a: Electivire
|-resisted|p2a: Electivire
|-damage|p2a: Electivire|49/100
|-damage|p1a: Skarmory|38/100|[from] Recoil
|
|-damage|p1a: Skarmory|25/100|[from] Leech Seed|[of] p2a: Electivire
|-heal|p2a: Electivire|63/100|[silent]
|upkeep
|turn|7
|
|t:|1743857233
|move|p2a: Electivire|Ice Punch|p1a: Skarmory
|-damage|p1a: Skarmory|2/100
|move|p1a: Skarmory|Spikes|p2a: Electivire
|-sidestart|p2: zKubi_|Spikes
|
|-damage|p1a: Skarmory|0 fnt|[from] Leech Seed|[of] p2a: Electivire
|-heal|p2a: Electivire|65/100|[silent]
|faint|p1a: Skarmory
|upkeep
|
|t:|1743857244
|switch|p1a: Great Tusk|Great Tusk|83/100
|turn|8
|
|t:|1743857262
|move|p1a: Great Tusk|Earthquake|p2a: Electivire
|-supereffective|p2a: Electivire
|-damage|p2a: Electivire|0 fnt
|faint|p2a: Electivire
|
|upkeep
|
|t:|1743857269
|switch|p2a: Toedscruel|Toedscruel, M|97/100
|-damage|p2a: Toedscruel|91/100|[from] Stealth Rock
|-damage|p2a: Toedscruel|75/100|[from] Spikes
|turn|9
|
|t:|1743857282
|-end|p1a: Great Tusk|Protosynthesis|[silent]
|switch|p1a: Ogerpon|Ogerpon-Wellspring, F|100/100
|move|p2a: Toedscruel|Giga Drain|p1a: Ogerpon
|-damage|p1a: Ogerpon|74/100
|-heal|p2a: Toedscruel|86/100|[from] drain|[of] p1a: Ogerpon
|
|-heal|p2a: Toedscruel|92/100|[from] item: Leftovers
|upkeep
|turn|10
|
|t:|1743857315
|switch|p1a: Glimmora|Glimmora, F|100/100
|move|p2a: Toedscruel|Toxic Spikes|p1a: Glimmora
|-sidestart|p1: sixthdimesions66|move: Toxic Spikes
|
|-heal|p2a: Toedscruel|98/100|[from] item: Leftovers
|upkeep
|turn|11
|
|t:|1743857324
|switch|p1a: Gholdengo|Gholdengo|100/100
|-item|p1a: Gholdengo|Air Balloon
|move|p2a: Toedscruel|Toxic Spikes|p1a: Gholdengo
|-sidestart|p1: sixthdimesions66|move: Toxic Spikes
|
|-heal|p2a: Toedscruel|100/100|[from] item: Leftovers
|upkeep
|turn|12
|
|t:|1743857333
|move|p1a: Gholdengo|Nasty Plot|p1a: Gholdengo
|-boost|p1a: Gholdengo|spa|2
|move|p2a: Toedscruel|Giga Drain|p1a: Gholdengo
|-resisted|p1a: Gholdengo
|-damage|p1a: Gholdengo|88/100
|-enditem|p1a: Gholdengo|Air Balloon
|
|upkeep
|turn|13
|
|t:|1743857345
|move|p1a: Gholdengo|Make It Rain|p2a: Toedscruel
|-damage|p2a: Toedscruel|11/100
|-unboost|p1a: Gholdengo|spa|1
|move|p2a: Toedscruel|Leech Seed|p1a: Gholdengo
|-start|p1a: Gholdengo|move: Leech Seed
|
|-heal|p2a: Toedscruel|18/100|[from] item: Leftovers
|-damage|p1a: Gholdengo|76/100|[from] Leech Seed|[of] p2a: Toedscruel
|-heal|p2a: Toedscruel|28/100|[silent]
|upkeep
|turn|14
|
|t:|1743857357
|move|p2a: Toedscruel|Protect|p2a: Toedscruel
|-singleturn|p2a: Toedscruel|Protect
|move|p1a: Gholdengo|Make It Rain|p2a: Toedscruel
|-activate|p2a: Toedscruel|move: Protect
|
|-heal|p2a: Toedscruel|34/100|[from] item: Leftovers
|-damage|p1a: Gholdengo|63/100|[from] Leech Seed|[of] p2a: Toedscruel
|-heal|p2a: Toedscruel|45/100|[silent]
|upkeep
|turn|15
|
|t:|1743857372
|switch|p2a: Duraludon|Duraludon, F|100/100
|-damage|p2a: Duraludon|94/100|[from] Stealth Rock
|-damage|p2a: Duraludon|78/100|[from] Spikes
|move|p1a: Gholdengo|Make It Rain|p2a: Duraludon
|-resisted|p2a: Duraludon
|-damage|p2a: Duraludon|0 fnt
|-unboost|p1a: Gholdengo|spa|1
|faint|p2a: Duraludon
|
|upkeep
|
|t:|1743857383
|switch|p2a: Noctowl|Noctowl, M, shiny|100/100
|turn|16
|
|t:|1743857400
|move|p1a: Gholdengo|Nasty Plot|p1a: Gholdengo
|-boost|p1a: Gholdengo|spa|2
|move|p2a: Noctowl|Shadow Ball|p1a: Gholdengo
|-supereffective|p1a: Gholdengo
|-damage|p1a: Gholdengo|22/100
|
|-damage|p1a: Gholdengo|9/100|[from] Leech Seed|[of] p2a: Noctowl
|upkeep
|turn|17
|
|t:|1743857412
|move|p1a: Gholdengo|Make It Rain|p2a: Noctowl
|-damage|p2a: Noctowl|7/100
|-unboost|p1a: Gholdengo|spa|1
|move|p2a: Noctowl|Roost|p2a: Noctowl
|-heal|p2a: Noctowl|57/100
|-singleturn|p2a: Noctowl|move: Roost
|
|-damage|p1a: Gholdengo|0 fnt|[from] Leech Seed|[of] p2a: Noctowl
|-heal|p2a: Noctowl|64/100|[silent]
|faint|p1a: Gholdengo
|upkeep
|
|t:|1743857426
|switch|p1a: Glimmora|Glimmora, F|100/100
|-sideend|p1: sixthdimesions66|move: Toxic Spikes|[of] p1a: Glimmora
|turn|18
|
|t:|1743857439
|move|p1a: Glimmora|Acid Armor|p1a: Glimmora
|-boost|p1a: Glimmora|def|2
|move|p2a: Noctowl|Hyper Voice|p1a: Glimmora
|-resisted|p1a: Glimmora
|-crit|p1a: Glimmora
|-damage|p1a: Glimmora|82/100
|
|upkeep
|turn|19
|
|t:|1743857449
|switch|p2a: Toedscruel|Toedscruel, M|45/100
|-damage|p2a: Toedscruel|39/100|[from] Stealth Rock
|-damage|p2a: Toedscruel|22/100|[from] Spikes
|move|p1a: Glimmora|Toxic|p2a: Toedscruel
|-status|p2a: Toedscruel|tox
|
|-heal|p2a: Toedscruel|29/100 tox|[from] item: Leftovers
|-damage|p2a: Toedscruel|22/100 tox|[from] psn
|upkeep
|turn|20
|
|t:|1743857462
|move|p1a: Glimmora|Sludge Wave|p2a: Toedscruel
|-damage|p2a: Toedscruel|0 fnt
|faint|p2a: Toedscruel
|
|upkeep
|
|t:|1743857473
|switch|p2a: Tauros|Tauros, M|100/100
|-damage|p2a: Tauros|88/100|[from] Stealth Rock
|-damage|p2a: Tauros|72/100|[from] Spikes
|turn|21
|
|t:|1743857483
|move|p2a: Tauros|Body Slam|p1a: Glimmora
|-resisted|p1a: Glimmora
|-damage|p1a: Glimmora|70/100
|-activate|p1a: Glimmora|ability: Toxic Debris
|-sidestart|p2: zKubi_|move: Toxic Spikes
|move|p1a: Glimmora|Toxic|p2a: Tauros
|-status|p2a: Tauros|tox
|
|-damage|p2a: Tauros|66/100 tox|[from] psn
|upkeep
|turn|22
|
|t:|1743857494
|move|p2a: Tauros|Body Slam|p1a: Glimmora
|-resisted|p1a: Glimmora
|-damage|p1a: Glimmora|58/100
|-activate|p1a: Glimmora|ability: Toxic Debris
|-sidestart|p2: zKubi_|move: Toxic Spikes
|move|p1a: Glimmora|Sludge Wave|p2a: Tauros
|-damage|p2a: Tauros|0 fnt
|faint|p2a: Tauros
|
|upkeep
|
|t:|1743857503
|switch|p2a: Alcremie|Alcremie, F|100/100
|-damage|p2a: Alcremie|88/100|[from] Stealth Rock
|-damage|p2a: Alcremie|71/100|[from] Spikes
|-status|p2a: Alcremie|tox
|turn|23
|
|t:|1743857512
|move|p1a: Glimmora|Sludge Wave|p2a: Alcremie
|-supereffective|p2a: Alcremie
|-damage|p2a: Alcremie|3/100 tox
|move|p2a: Alcremie|Psychic|p1a: Glimmora
|-supereffective|p1a: Glimmora
|-damage|p1a: Glimmora|17/100
|
|-heal|p2a: Alcremie|9/100 tox|[from] item: Leftovers
|-damage|p2a: Alcremie|3/100 tox|[from] psn
|upkeep
|turn|24
|
|t:|1743857529
|move|p1a: Glimmora|Explosion|p2a: Alcremie
|-damage|p2a: Alcremie|0 fnt
|faint|p1a: Glimmora
|faint|p2a: Alcremie
|
|upkeep
|
|t:|1743857541
|switch|p1a: Great Tusk|Great Tusk|83/100
|switch|p2a: Noctowl|Noctowl, M, shiny|64/100
|turn|25
|
|t:|1743857550
|move|p1a: Great Tusk|Close Combat|p2a: Noctowl
|-damage|p2a: Noctowl|0 fnt
|-unboost|p1a: Great Tusk|def|1
|-unboost|p1a: Great Tusk|spd|1
|faint|p2a: Noctowl
|
|win|sixthdimesions66
|raw|sixthdimesions66's rating: 1071 &rarr; <strong>1101</strong><br />(+30 for winning)
|raw|zKubi_'s rating: 1080 &rarr; <strong>1057</strong><br />(-23 for losing)
|l|☆zKubi_
|player|p2|
|l|‽sixthdimesions66
|player|p1|
