|j|☆The hatefull 6
|j|☆beeboobaa
|t:|1743933542
|gametype|singles
|player|p1|The hatefull 6|gentleman|1142
|player|p2|beeboobaa|169|1180
|teamsize|p1|6
|teamsize|p2|6
|gen|9
|tier|[Gen 9] OU
|rated|
|rule|HP Percentage Mod: HP is shown in percentages
|rule|Endless Battle Clause: Forcing endless battles is banned
|rule|Species Clause: Limit one of each Pokémon
|rule|OHKO Clause: OHKO moves are banned
|rule|Evasion Items Clause: Evasion items are banned
|rule|Evasion Moves Clause: Evasion moves are banned
|rule|Sleep Moves Clause: Sleep-inducing moves are banned
|clearpoke
|poke|p1|Lokix, M|
|poke|p1|Mimikyu, M|
|poke|p1|Weezing-Galar, M|
|poke|p1|Muk-Alola, M|
|poke|p1|Rotom-Wash|
|poke|p1|Salazzle, F|
|poke|p2|Dragonite, M|
|poke|p2|Gyarados, M|
|poke|p2|Blastoise, F|
|poke|p2|Gengar, F|
|poke|p2|Weezing, M|
|poke|p2|Clefable, F|
|teampreview
|
|t:|1743933567
|start
|switch|p1a: Rotom|Rotom-Wash|100/100
|switch|p2a: Dragonite|Dragonite, M|100/100
|turn|1
|
|t:|1743933575
|move|p1a: Rotom|Will-O-Wisp|p2a: Dragonite
|-status|p2a: Dragonite|brn
|move|p2a: Dragonite|Dragon Dance|p2a: Dragonite
|-boost|p2a: Dragonite|atk|1
|-boost|p2a: Dragonite|spe|1
|
|-damage|p2a: Dragonite|94/100 brn|[from] brn
|upkeep
|turn|2
|
|t:|1743933587
|switch|p1a: Mimikyu|Mimikyu, M|100/100
|move|p2a: Dragonite|Dragon Dance|p2a: Dragonite
|-boost|p2a: Dragonite|atk|1
|-boost|p2a: Dragonite|spe|1
|
|-damage|p2a: Dragonite|88/100 brn|[from] brn
|upkeep
|turn|3
|
|t:|1743933597
|-terastallize|p2a: Dragonite|Normal
|move|p2a: Dragonite|Dragon Dance|p2a: Dragonite
|-boost|p2a: Dragonite|atk|1
|-boost|p2a: Dragonite|spe|1
|move|p1a: Mimikyu|Play Rough|p2a: Dragonite
|-damage|p2a: Dragonite|45/100 brn
|-damage|p1a: Mimikyu|84/100|[from] item: Rocky Helmet|[of] p2a: Dragonite
|-damage|p1a: Mimikyu|74/100|[from] item: Life Orb
|
|-damage|p2a: Dragonite|39/100 brn|[from] brn
|upkeep
|turn|4
|
|t:|1743933609
|move|p2a: Dragonite|Earthquake|p1a: Mimikyu
|-activate|p1a: Mimikyu|ability: Disguise
|-damage|p1a: Mimikyu|74/100
|detailschange|p1a: Mimikyu|Mimikyu-Busted, M
|-damage|p1a: Mimikyu|62/100|[from] pokemon: Mimikyu-Busted
|move|p1a: Mimikyu|Drain Punch|p2a: Dragonite
|-supereffective|p2a: Dragonite
|-damage|p2a: Dragonite|0 fnt
|-heal|p1a: Mimikyu|86/100|[from] drain|[of] p2a: Dragonite
|-damage|p1a: Mimikyu|70/100|[from] item: Rocky Helmet|[of] p2a: Dragonite
|faint|p2a: Dragonite
|-damage|p1a: Mimikyu|60/100|[from] item: Life Orb
|
|upkeep
|
|t:|1743933624
|switch|p2a: Blastoise|Blastoise, F|100/100
|turn|5
|
|t:|1743933633
|move|p1a: Mimikyu|Play Rough|p2a: Blastoise
|-damage|p2a: Blastoise|44/100
|-damage|p1a: Mimikyu|50/100|[from] item: Life Orb
|move|p2a: Blastoise|Shell Smash|p2a: Blastoise
|-unboost|p2a: Blastoise|def|1
|-unboost|p2a: Blastoise|spd|1
|-boost|p2a: Blastoise|atk|2
|-boost|p2a: Blastoise|spa|2
|-boost|p2a: Blastoise|spe|2
|-enditem|p2a: Blastoise|White Herb
|-clearnegativeboost|p2a: Blastoise|[silent]
|
|upkeep
|turn|6
|
|t:|1743933646
|move|p1a: Mimikyu|Shadow Sneak|p2a: Blastoise
|-damage|p2a: Blastoise|22/100
|-damage|p1a: Mimikyu|40/100|[from] item: Life Orb
|move|p2a: Blastoise|Ice Beam|p1a: Mimikyu
|-damage|p1a: Mimikyu|0 fnt
|faint|p1a: Mimikyu
|
|upkeep
|
|t:|1743933656
|switch|p1a: Lokix|Lokix, M|100/100
|turn|7
|
|t:|1743933670
|move|p1a: Lokix|First Impression|p2a: Blastoise
|-damage|p2a: Blastoise|0 fnt
|faint|p2a: Blastoise
|-damage|p1a: Lokix|91/100|[from] item: Life Orb
|
|upkeep
|
|t:|1743933677
|switch|p2a: Gyarados|Gyarados, M|100/100
|-ability|p2a: Gyarados|Intimidate|boost
|-unboost|p1a: Lokix|atk|1
|turn|8
|
|t:|1743933691
|-terastallize|p1a: Lokix|Dark
|move|p1a: Lokix|Knock Off|p2a: Gyarados
|-damage|p2a: Gyarados|46/100
|-damage|p1a: Lokix|74/100|[from] item: Rocky Helmet|[of] p2a: Gyarados
|-enditem|p2a: Gyarados|Rocky Helmet|[from] move: Knock Off|[of] p1a: Lokix
|-damage|p1a: Lokix|64/100|[from] item: Life Orb
|move|p2a: Gyarados|Dragon Dance|p2a: Gyarados
|-boost|p2a: Gyarados|atk|1
|-boost|p2a: Gyarados|spe|1
|
|upkeep
|turn|9
|
|t:|1743933705
|move|p1a: Lokix|Sucker Punch|p2a: Gyarados
|-damage|p2a: Gyarados|1/100
|-damage|p1a: Lokix|54/100|[from] item: Life Orb
|move|p2a: Gyarados|Aqua Tail|p1a: Lokix
|-damage|p1a: Lokix|0 fnt
|faint|p1a: Lokix
|
|upkeep
|
|t:|1743933714
|switch|p1a: Muk|Muk-Alola, M|100/100
|turn|10
|
|t:|1743933723
|move|p1a: Muk|Shadow Sneak|p2a: Gyarados
|-damage|p2a: Gyarados|0 fnt
|faint|p2a: Gyarados
|
|upkeep
|c|☆beeboobaa|whaddaheck
|c|☆beeboobaa|so much priority
|c|☆beeboobaa|lol
|
|t:|1743933753
|switch|p2a: Weezing|Weezing, M|100/100
|turn|11
|
|t:|1743933776
|move|p2a: Weezing|Will-O-Wisp|p1a: Muk
|-status|p1a: Muk|brn
|move|p1a: Muk|Knock Off|p2a: Weezing
|-damage|p2a: Weezing|80/100
|-damage|p1a: Muk|84/100 brn|[from] item: Rocky Helmet|[of] p2a: Weezing
|-enditem|p2a: Weezing|Rocky Helmet|[from] move: Knock Off|[of] p1a: Muk
|
|-damage|p1a: Muk|78/100 brn|[from] brn
|upkeep
|turn|12
|
|t:|1743933788
|switch|p1a: Salazzle|Salazzle, F|100/100
|move|p2a: Weezing|Acid Spray|p1a: Salazzle
|-resisted|p1a: Salazzle
|-damage|p1a: Salazzle|89/100
|-unboost|p1a: Salazzle|spd|2
|
|upkeep
|turn|13
|
|t:|1743933820
|move|p1a: Salazzle|Toxic|p2a: Weezing
|-status|p2a: Weezing|tox
|move|p2a: Weezing|Thunderbolt|p1a: Salazzle
|-damage|p1a: Salazzle|24/100
|
|-damage|p2a: Weezing|74/100 tox|[from] psn
|upkeep
|turn|14
|
|t:|1743933846
|move|p1a: Salazzle|Flamethrower|p2a: Weezing
|-damage|p2a: Weezing|34/100 tox
|move|p2a: Weezing|Thunderbolt|p1a: Salazzle
|-damage|p1a: Salazzle|0 fnt
|faint|p1a: Salazzle
|
|-damage|p2a: Weezing|22/100 tox|[from] psn
|upkeep
|
|t:|1743933856
|switch|p1a: Rotom|Rotom-Wash|100/100
|turn|15
|-message|The hatefull 6 forfeited.
|
|win|beeboobaa
|raw|The hatefull 6's rating: 1142 &rarr; <strong>1120</strong><br />(-22 for losing)
|raw|beeboobaa's rating: 1180 &rarr; <strong>1202</strong><br />(+22 for winning)
|l|☆The hatefull 6
|player|p1|
|l|☆beeboobaa
|player|p2|
