|j|☆loonarosetoy
|j|☆Inkdrius
|t:|1743880368
|gametype|singles
|player|p1|loonarosetoy|beauty|1041
|player|p2|Inkdrius|170|1000
|teamsize|p1|6
|teamsize|p2|6
|gen|9
|tier|[Gen 9] OU
|rated|
|rule|HP Percentage Mod: HP is shown in percentages
|rule|Endless Battle Clause: Forcing endless battles is banned
|rule|Species Clause: Limit one of each Pokémon
|rule|OHKO Clause: OHKO moves are banned
|rule|Evasion Items Clause: Evasion items are banned
|rule|Evasion Moves Clause: Evasion moves are banned
|rule|Sleep Moves Clause: Sleep-inducing moves are banned
|clearpoke
|poke|p1|Diancie|
|poke|p1|Malamar, F|
|poke|p1|Uxie|
|poke|p1|Lokix, F|
|poke|p1|Primarina, F|
|poke|p1|Latias, F|
|poke|p2|Chandelure, M|
|poke|p2|Torkoal, F|
|poke|p2|Toxtricity-Low-Key, M|
|poke|p2|Hariyama, F|
|poke|p2|Snorlax, F|
|poke|p2|Ogerpon-Wellspring, F|
|teampreview
|
|t:|1743880381
|start
|switch|p1a: Diana|Diancie, shiny|100/100
|switch|p2a: Welly|Ogerpon-Wellspring, F|100/100
|turn|1
|
|t:|1743880400
|-terastallize|p2a: Welly|Water
|detailschange|p2a: Welly|Ogerpon-Wellspring-Tera, F, tera:Water
|-ability|p2a: Welly|Embody Aspect (Wellspring)|boost
|-boost|p2a: Welly|spd|1
|move|p2a: Welly|Ivy Cudgel|p1a: Diana|[anim] Ivy Cudgel Water
|-supereffective|p1a: Diana
|-enditem|p1a: Diana|Focus Sash
|-damage|p1a: Diana|1/100
|move|p1a: Diana|Stealth Rock|p2a: Welly
|-sidestart|p2: Inkdrius|move: Stealth Rock
|
|upkeep
|turn|2
|
|t:|1743880411
|move|p2a: Welly|Leech Seed|p1a: Diana
|-start|p1a: Diana|move: Leech Seed
|move|p1a: Diana|Diamond Storm|p2a: Welly
|-damage|p2a: Welly|65/100
|-boost|p1a: Diana|def|2
|
|-damage|p1a: Diana|0 fnt|[from] Leech Seed|[of] p2a: Welly
|-heal|p2a: Welly|65/100|[silent]
|faint|p1a: Diana
|upkeep
|
|t:|1743880430
|switch|p1a: Barbie|Primarina, F, shiny|100/100
|turn|3
|
|t:|1743880435
|move|p2a: Welly|Horn Leech|p1a: Barbie
|-supereffective|p1a: Barbie
|-damage|p1a: Barbie|18/100
|-heal|p2a: Welly|100/100|[from] drain|[of] p1a: Barbie
|move|p1a: Barbie|Whirlpool|p2a: Welly
|-resisted|p2a: Welly
|-damage|p2a: Welly|93/100
|-activate|p2a: Welly|move: Whirlpool|[of] p1a: Barbie
|
|-damage|p2a: Welly|81/100|[from] move: Whirlpool|[partiallytrapped]
|upkeep
|turn|4
|
|t:|1743880450
|switch|p1a: Latias|Latias, F|100/100
|move|p2a: Welly|Horn Leech|p1a: Latias
|-resisted|p1a: Latias
|-crit|p1a: Latias
|-damage|p1a: Latias|67/100
|-heal|p2a: Welly|95/100|[from] drain|[of] p1a: Latias
|
|-end|p2a: Welly|Whirlpool|[partiallytrapped]|[silent]
|upkeep
|turn|5
|
|t:|1743880460
|move|p1a: Latias|Aura Sphere|p2a: Welly
|-damage|p2a: Welly|80/100
|move|p2a: Welly|Leech Seed|p1a: Latias
|-start|p1a: Latias|move: Leech Seed
|
|-damage|p1a: Latias|55/100|[from] Leech Seed|[of] p2a: Welly
|-heal|p2a: Welly|90/100|[silent]
|upkeep
|turn|6
|
|t:|1743880469
|move|p1a: Latias|Aura Sphere|p2a: Welly
|-damage|p2a: Welly|75/100
|move|p2a: Welly|Ivy Cudgel|p1a: Latias|[anim] Ivy Cudgel Water
|-resisted|p1a: Latias
|-damage|p1a: Latias|16/100
|
|-damage|p1a: Latias|3/100|[from] Leech Seed|[of] p2a: Welly
|-heal|p2a: Welly|86/100|[silent]
|upkeep
|turn|7
|
|t:|1743880480
|switch|p1a: Lokix|Lokix, F, shiny|100/100
|move|p2a: Welly|Horn Leech|p1a: Lokix
|-resisted|p1a: Lokix
|-damage|p1a: Lokix|73/100
|-heal|p2a: Welly|96/100|[from] drain|[of] p1a: Lokix
|
|upkeep
|turn|8
|
|t:|1743880488
|move|p1a: Lokix|First Impression|p2a: Welly
|-crit|p2a: Welly
|-damage|p2a: Welly|32/100
|move|p2a: Welly|Leech Seed|p1a: Lokix
|-start|p1a: Lokix|move: Leech Seed
|
|-damage|p1a: Lokix|61/100|[from] Leech Seed|[of] p2a: Welly
|-heal|p2a: Welly|41/100|[silent]
|upkeep
|turn|9
|
|t:|1743880500
|move|p1a: Lokix|Knock Off|p2a: Welly
|-damage|p2a: Welly|9/100
|move|p2a: Welly|Ivy Cudgel|p1a: Lokix|[anim] Ivy Cudgel Water
|-damage|p1a: Lokix|0 fnt
|faint|p1a: Lokix
|
|upkeep
|
|t:|1743880515
|switch|p1a: Uxie|Uxie|100/100
|turn|10
|
|t:|1743880518
|move|p1a: Uxie|U-turn|p2a: Welly
|-damage|p2a: Welly|0 fnt
|faint|p2a: Welly
|
|t:|1743880525
|switch|p1a: Millie|Malamar, F, shiny|100/100|[from] U-turn
|
|upkeep
|
|t:|1743880530
|switch|p2a: Tricky|Chandelure, M, shiny|100/100
|-damage|p2a: Tricky|75/100|[from] Stealth Rock
|turn|11
|-activate|p1a: Millie|item: Quick Claw
|
|t:|1743880555
|move|p1a: Millie|Foul Play|p2a: Tricky
|-supereffective|p2a: Tricky
|-damage|p2a: Tricky|36/100
|move|p2a: Tricky|Trick Room|p2a: Tricky
|-fieldstart|move: Trick Room|[of] p2a: Tricky
|
|upkeep
|turn|12
|
|t:|1743880590
|switch|p2a: Chill Guy|Snorlax, F|100/100
|-damage|p2a: Chill Guy|88/100|[from] Stealth Rock
|move|p1a: Millie|Foul Play|p2a: Chill Guy
|-damage|p2a: Chill Guy|41/100
|-enditem|p2a: Chill Guy|Sitrus Berry|[eat]
|-heal|p2a: Chill Guy|66/100|[from] item: Sitrus Berry
|
|upkeep
|turn|13
|
|t:|1743880600
|move|p2a: Chill Guy|Body Slam|p1a: Millie
|-damage|p1a: Millie|58/100
|move|p1a: Millie|Superpower|p2a: Chill Guy
|-supereffective|p2a: Chill Guy
|-damage|p2a: Chill Guy|0 fnt
|-boost|p1a: Millie|atk|1
|-boost|p1a: Millie|def|1
|faint|p2a: Chill Guy
|
|upkeep
|
|t:|1743880615
|switch|p2a: Sushi Man|Hariyama, F, shiny|100/100
|-damage|p2a: Sushi Man|94/100|[from] Stealth Rock
|turn|14
|-activate|p1a: Millie|item: Quick Claw
|
|t:|1743880632
|move|p1a: Millie|Psycho Cut|p2a: Sushi Man
|-supereffective|p2a: Sushi Man
|-damage|p2a: Sushi Man|0 fnt
|faint|p2a: Sushi Man
|
|upkeep
|
|t:|1743880640
|switch|p2a: Sound Current|Toxtricity-Low-Key, M|100/100
|-damage|p2a: Sound Current|88/100|[from] Stealth Rock
|turn|15
|
|t:|1743880659
|move|p2a: Sound Current|Volt Switch|p1a: Millie
|-damage|p1a: Millie|17/100
|
|t:|1743880662
|switch|p2a: Fuel Burner|Torkoal, F, shiny|100/100|[from] Volt Switch
|-damage|p2a: Fuel Burner|75/100|[from] Stealth Rock
|-weather|SunnyDay|[from] ability: Drought|[of] p2a: Fuel Burner
|move|p1a: Millie|Psycho Cut|p2a: Fuel Burner
|-damage|p2a: Fuel Burner|41/100
|
|-weather|SunnyDay|[upkeep]
|-fieldend|move: Trick Room
|upkeep
|turn|16
|
|t:|1743880676
|switch|p1a: Uxie|Uxie|100/100
|move|p2a: Fuel Burner|Eruption|p1a: Uxie
|-damage|p1a: Uxie|66/100
|
|-weather|SunnyDay|[upkeep]
|upkeep
|turn|17
|
|t:|1743880702
|move|p1a: Uxie|Extrasensory|p2a: Fuel Burner
|-damage|p2a: Fuel Burner|13/100
|move|p2a: Fuel Burner|Solar Beam||[still]
|-prepare|p2a: Fuel Burner|Solar Beam
|-anim|p2a: Fuel Burner|Solar Beam|p1a: Uxie
|-damage|p1a: Uxie|35/100
|
|-weather|SunnyDay|[upkeep]
|upkeep
|turn|18
|
|t:|1743880710
|move|p1a: Uxie|U-turn|p2a: Fuel Burner
|-resisted|p2a: Fuel Burner
|-damage|p2a: Fuel Burner|7/100
|
|t:|1743880715
|switch|p1a: Barbie|Primarina, F, shiny|18/100|[from] U-turn
|move|p2a: Fuel Burner|Stealth Rock|p1a: Barbie
|-sidestart|p1: loonarosetoy|move: Stealth Rock
|
|-weather|SunnyDay|[upkeep]
|upkeep
|turn|19
|
|t:|1743880723
|move|p1a: Barbie|Sparkling Aria|p2a: Fuel Burner
|-supereffective|p2a: Fuel Burner
|-damage|p2a: Fuel Burner|0 fnt
|faint|p2a: Fuel Burner
|
|-weather|SunnyDay|[upkeep]
|upkeep
|
|t:|1743880729
|switch|p2a: Tricky|Chandelure, M, shiny|36/100
|-damage|p2a: Tricky|11/100|[from] Stealth Rock
|turn|20
|
|t:|1743880739
|move|p2a: Tricky|Energy Ball|p1a: Barbie
|-supereffective|p1a: Barbie
|-crit|p1a: Barbie
|-damage|p1a: Barbie|0 fnt
|faint|p1a: Barbie
|
|-weather|SunnyDay|[upkeep]
|upkeep
|
|t:|1743880755
|switch|p1a: Millie|Malamar, F, shiny|17/100
|-damage|p1a: Millie|4/100|[from] Stealth Rock
|turn|21
|
|t:|1743880763
|-terastallize|p1a: Millie|Dark
|move|p1a: Millie|Foul Play|p2a: Tricky
|-supereffective|p2a: Tricky
|-damage|p2a: Tricky|0 fnt
|faint|p2a: Tricky
|
|-weather|SunnyDay|[upkeep]
|upkeep
|
|t:|1743880770
|switch|p2a: Sound Current|Toxtricity-Low-Key, M|88/100
|-damage|p2a: Sound Current|76/100|[from] Stealth Rock
|turn|22
|
|t:|1743880788
|move|p1a: Millie|Psycho Cut|p2a: Sound Current
|-supereffective|p2a: Sound Current
|-damage|p2a: Sound Current|0 fnt
|faint|p2a: Sound Current
|
|win|loonarosetoy
|raw|loonarosetoy's rating: 1041 &rarr; <strong>1071</strong><br />(+30 for winning)
|raw|Inkdrius's rating: 1000 &rarr; <strong>1000</strong><br />(+0 for losing)
|l|☆Inkdrius
|player|p2|
