|j|☆amiami8
|j|‽Buy my book azul
|t:|1743781619
|gametype|singles
|player|p1|amiami8|bianca|1495
|player|p2|Buy my book azul|170|1444
|teamsize|p1|6
|teamsize|p2|6
|gen|9
|tier|[Gen 9] OU
|rated|
|rule|HP Percentage Mod: HP is shown in percentages
|rule|Endless Battle Clause: Forcing endless battles is banned
|rule|Species Clause: Limit one of each Pokémon
|rule|OHKO Clause: OHKO moves are banned
|rule|Evasion Items Clause: Evasion items are banned
|rule|Evasion Moves Clause: Evasion moves are banned
|rule|Sleep Moves Clause: Sleep-inducing moves are banned
|clearpoke
|poke|p1|Polteageist|
|poke|p1|Indeedee, M|
|poke|p1|Hatterene, F|
|poke|p1|Kingambit, F|
|poke|p1|Raging Bolt|
|poke|p1|Zamazenta-*|
|poke|p2|Garchomp, F|
|poke|p2|Ogerpon-Wellspring, F|
|poke|p2|Great Tusk|
|poke|p2|Kyurem|
|poke|p2|Kingambit, F|
|poke|p2|Dragapult, F|
|teampreview
|
|t:|1743781627
|start
|switch|p1a: Fuuka|Indeedee, M, shiny|100/100
|switch|p2a: Great Tusk|Great Tusk|100/100
|-fieldstart|move: Psychic Terrain|[from] ability: Psychic Surge|[of] p1a: Fuuka
|turn|1
|
|t:|1743781632
|move|p1a: Fuuka|Expanding Force|p2a: Great Tusk
|-supereffective|p2a: Great Tusk
|-damage|p2a: Great Tusk|0 fnt
|faint|p2a: Great Tusk
|-end|p2a: Great Tusk|Protosynthesis|[silent]
|
|upkeep
|
|t:|1743781637
|switch|p2a: Kingambit|Kingambit, F|100/100
|-activate|p2a: Kingambit|ability: Supreme Overlord
|-start|p2a: Kingambit|fallen1|[silent]
|turn|2
|
|t:|1743781646
|-end|p2a: Kingambit|fallen1|[silent]
|switch|p2a: Dragapult|Dragapult, F|100/100
|move|p1a: Fuuka|Healing Wish|p1a: Fuuka
|faint|p1a: Fuuka
|
|upkeep
|
|t:|1743781663
|switch|p1a: Ami|Hatterene, F, shiny|100/100
|turn|3
|
|t:|1743781669
|switch|p2a: Ogerpon|Ogerpon-Wellspring, F|100/100
|move|p1a: Ami|Trick Room|p1a: Ami
|-fieldstart|move: Trick Room|[of] p1a: Ami
|
|upkeep
|turn|4
|
|t:|1743781674
|move|p1a: Ami|Expanding Force|p2a: Ogerpon
|-damage|p2a: Ogerpon|1/100
|move|p2a: Ogerpon|Ivy Cudgel|p1a: Ami|[anim] Ivy Cudgel Water
|-damage|p1a: Ami|35/100
|
|-heal|p1a: Ami|41/100|[from] item: Leftovers
|upkeep
|turn|5
|
|t:|1743781684
|move|p1a: Ami|Dazzling Gleam|p2a: Ogerpon
|-damage|p2a: Ogerpon|0 fnt
|faint|p2a: Ogerpon
|
|-heal|p1a: Ami|47/100|[from] item: Leftovers
|upkeep
|
|t:|1743781689
|switch|p2a: Kingambit|Kingambit, F|100/100
|-activate|p2a: Kingambit|ability: Supreme Overlord
|-start|p2a: Kingambit|fallen2|[silent]
|turn|6
|
|t:|1743781694
|move|p1a: Ami|Mystical Fire|p2a: Kingambit
|-supereffective|p2a: Kingambit
|-damage|p2a: Kingambit|40/100
|-unboost|p2a: Kingambit|spa|1
|move|p2a: Kingambit|Iron Head|p1a: Ami
|-supereffective|p1a: Ami
|-damage|p1a: Ami|0 fnt
|faint|p1a: Ami
|
|-heal|p2a: Kingambit|46/100|[from] item: Leftovers
|upkeep
|
|t:|1743781706
|switch|p1a: Zamazenta|Zamazenta, shiny|100/100
|-ability|p1a: Zamazenta|Dauntless Shield|boost
|-boost|p1a: Zamazenta|def|1
|turn|7
|
|t:|1743781711
|-end|p2a: Kingambit|fallen2|[silent]
|switch|p2a: Dragapult|Dragapult, F|100/100
|move|p1a: Zamazenta|Iron Defense|p1a: Zamazenta
|-boost|p1a: Zamazenta|def|2
|
|-fieldend|move: Trick Room
|upkeep
|turn|8
|
|t:|1743781719
|switch|p1a: Usain Bolt|Raging Bolt|100/100
|move|p2a: Dragapult|Will-O-Wisp|p1a: Usain Bolt
|-status|p1a: Usain Bolt|brn
|
|-damage|p1a: Usain Bolt|94/100 brn|[from] brn
|-fieldend|move: Psychic Terrain
|upkeep
|turn|9
|
|t:|1743781730
|switch|p2a: Garchomp|Garchomp, F|100/100
|-terastallize|p1a: Usain Bolt|Electric
|move|p1a: Usain Bolt|Draco Meteor|p2a: Garchomp
|-supereffective|p2a: Garchomp
|-damage|p2a: Garchomp|0 fnt
|-unboost|p1a: Usain Bolt|spa|2
|faint|p2a: Garchomp
|
|-damage|p1a: Usain Bolt|88/100 brn|[from] brn
|upkeep
|
|t:|1743781738
|switch|p2a: Kyurem|Kyurem|100/100
|-ability|p2a: Kyurem|Pressure
|turn|10
|
|t:|1743781741
|move|p2a: Kyurem|Earth Power|p1a: Usain Bolt
|-supereffective|p1a: Usain Bolt
|-damage|p1a: Usain Bolt|0 fnt
|faint|p1a: Usain Bolt
|-end|p1a: Usain Bolt|Protosynthesis|[silent]
|
|upkeep
|
|t:|1743781744
|switch|p1a: Bettina|Polteageist, shiny|100/100
|turn|11
|
|t:|1743781746
|move|p2a: Kyurem|Earth Power|p1a: Bettina
|-damage|p1a: Bettina|43/100
|move|p1a: Bettina|Shell Smash|p1a: Bettina
|-unboost|p1a: Bettina|def|1
|-unboost|p1a: Bettina|spd|1
|-boost|p1a: Bettina|atk|2
|-boost|p1a: Bettina|spa|2
|-boost|p1a: Bettina|spe|2
|-enditem|p1a: Bettina|White Herb
|-clearnegativeboost|p1a: Bettina|[silent]
|
|upkeep
|turn|12
|
|t:|1743781755
|move|p1a: Bettina|Stored Power|p2a: Kyurem
|-damage|p2a: Kyurem|0 fnt
|faint|p2a: Kyurem
|
|upkeep
|
|t:|1743781759
|switch|p2a: Kingambit|Kingambit, F|46/100
|-activate|p2a: Kingambit|ability: Supreme Overlord
|-start|p2a: Kingambit|fallen4|[silent]
|turn|13
|
|t:|1743781766
|move|p2a: Kingambit|Sucker Punch||[still]
|-fail|p2a: Kingambit
|move|p1a: Bettina|Shell Smash|p1a: Bettina
|-unboost|p1a: Bettina|def|1
|-unboost|p1a: Bettina|spd|1
|-boost|p1a: Bettina|atk|2
|-boost|p1a: Bettina|spa|2
|-boost|p1a: Bettina|spe|2
|
|-heal|p2a: Kingambit|52/100|[from] item: Leftovers
|upkeep
|turn|14
|
|t:|1743781770
|move|p2a: Kingambit|Sucker Punch|p1a: Bettina
|-supereffective|p1a: Bettina
|-damage|p1a: Bettina|0 fnt
|-start|p2a: Kingambit|Disable|Sucker Punch|[from] ability: Cursed Body|[of] p1a: Bettina
|faint|p1a: Bettina
|
|-heal|p2a: Kingambit|58/100|[from] item: Leftovers
|upkeep
|
|t:|1743781776
|switch|p1a: Zamazenta|Zamazenta, shiny|100/100
|turn|15
|
|t:|1743781782
|-end|p2a: Kingambit|fallen4|[silent]
|switch|p2a: Dragapult|Dragapult, F|100/100
|move|p1a: Zamazenta|Crunch|p2a: Dragapult
|-supereffective|p2a: Dragapult
|-damage|p2a: Dragapult|37/100
|-unboost|p2a: Dragapult|def|1
|
|upkeep
|turn|16
|
|t:|1743781788
|move|p2a: Dragapult|Will-O-Wisp|p1a: Zamazenta
|-status|p1a: Zamazenta|brn
|move|p1a: Zamazenta|Crunch|p2a: Dragapult
|-supereffective|p2a: Dragapult
|-damage|p2a: Dragapult|0 fnt
|faint|p2a: Dragapult
|
|-damage|p1a: Zamazenta|94/100 brn|[from] brn
|upkeep
|
|t:|1743781792
|switch|p2a: Kingambit|Kingambit, F|58/100
|-activate|p2a: Kingambit|ability: Supreme Overlord
|-start|p2a: Kingambit|fallen5|[silent]
|turn|17
|
|t:|1743781806
|-terastallize|p2a: Kingambit|Fairy
|move|p1a: Zamazenta|Body Press|p2a: Kingambit
|-resisted|p2a: Kingambit
|-damage|p2a: Kingambit|52/100
|move|p2a: Kingambit|Iron Head|p1a: Zamazenta
|-crit|p1a: Zamazenta
|-damage|p1a: Zamazenta|16/100 brn
|
|-heal|p1a: Zamazenta|22/100 brn|[from] item: Leftovers
|-heal|p2a: Kingambit|58/100|[from] item: Leftovers
|-damage|p1a: Zamazenta|16/100 brn|[from] brn
|upkeep
|turn|18
|
|t:|1743781816
|move|p2a: Kingambit|Sucker Punch|p1a: Zamazenta
|-resisted|p1a: Zamazenta
|-damage|p1a: Zamazenta|0 fnt
|faint|p1a: Zamazenta
|
|-heal|p2a: Kingambit|64/100|[from] item: Leftovers
|upkeep
|
|t:|1743781818
|switch|p1a: Burn my Bread|Kingambit, F, shiny|100/100
|-activate|p1a: Burn my Bread|ability: Supreme Overlord
|-start|p1a: Burn my Bread|fallen5|[silent]
|turn|19
|
|t:|1743781826
|move|p1a: Burn my Bread|Swords Dance|p1a: Burn my Bread
|-boost|p1a: Burn my Bread|atk|2
|move|p2a: Kingambit|Low Kick|p1a: Burn my Bread
|-supereffective|p1a: Burn my Bread
|-damage|p1a: Burn my Bread|0 fnt
|faint|p1a: Burn my Bread
|-end|p1a: Burn my Bread|fallen5|[silent]
|
|win|Buy my book azul
|raw|amiami8's rating: 1495 &rarr; <strong>1472</strong><br />(-23 for losing)
|raw|Buy my book azul's rating: 1444 &rarr; <strong>1467</strong><br />(+23 for winning)
|l|☆amiami8
|player|p1|
