|j|☆gaasss
|j|☆metaknight69
|t:|1743839765
|gametype|singles
|player|p1|gaasss|nate|1219
|player|p2|metaknight69|nate|1254
|teamsize|p1|6
|teamsize|p2|6
|gen|9
|tier|[Gen 9] OU
|rated|
|rule|HP Percentage Mod: HP is shown in percentages
|rule|Endless Battle Clause: Forcing endless battles is banned
|rule|Species Clause: Limit one of each Pokémon
|rule|OHKO Clause: OHKO moves are banned
|rule|Evasion Items Clause: Evasion items are banned
|rule|Evasion Moves Clause: Evasion moves are banned
|rule|Sleep Moves Clause: Sleep-inducing moves are banned
|clearpoke
|poke|p1|Dragapult, M|
|poke|p1|Kingambit, F|
|poke|p1|Iron Moth|
|poke|p1|Ninetales-Alola, M|
|poke|p1|Dondozo, F|
|poke|p1|Cinderace, F|
|poke|p2|Raging Bolt|
|poke|p2|Primarina, F|
|poke|p2|Araquanid, F|
|poke|p2|Talonflame, F|
|poke|p2|Great Tusk|
|poke|p2|Kingambit, F|
|teampreview
|inactive|Battle timer is ON: inactive players will automatically lose when time's up. (requested by gaasss)
|
|t:|1743839771
|start
|switch|p1a: Ninetales|Ninetales-Alola, M|100/100
|switch|p2a: Great Tusk|Great Tusk|100/100
|-weather|Snowscape|[from] ability: Snow Warning|[of] p1a: Ninetales
|turn|1
|
|t:|1743839777
|move|p1a: Ninetales|Aurora Veil|p1a: Ninetales
|-sidestart|p1: gaasss|move: Aurora Veil
|move|p2a: Great Tusk|Stealth Rock|p1a: Ninetales
|-sidestart|p1: gaasss|move: Stealth Rock
|
|-weather|Snowscape|[upkeep]
|upkeep
|turn|2
|
|t:|1743839790
|-end|p2a: Great Tusk|Protosynthesis|[silent]
|switch|p2a: Flambusard|Talonflame, F|100/100
|move|p1a: Ninetales|Freeze-Dry|p2a: Flambusard
|-damage|p2a: Flambusard|70/100
|
|-weather|Snowscape|[upkeep]
|upkeep
|turn|3
|
|t:|1743839803
|switch|p1a: Dondozo|Dondozo, F|100/100
|-damage|p1a: Dondozo|88/100|[from] Stealth Rock
|move|p2a: Flambusard|Flare Blitz|p1a: Dondozo
|-resisted|p1a: Dondozo
|-damage|p1a: Dondozo|83/100
|-damage|p2a: Flambusard|53/100|[from] item: Rocky Helmet|[of] p1a: Dondozo
|-damage|p2a: Flambusard|50/100|[from] Recoil
|
|-weather|Snowscape|[upkeep]
|upkeep
|turn|4
|
|t:|1743839813
|move|p2a: Flambusard|Roost|p2a: Flambusard
|-heal|p2a: Flambusard|100/100
|-singleturn|p2a: Flambusard|move: Roost
|move|p1a: Dondozo|Body Press|p2a: Flambusard
|-damage|p2a: Flambusard|55/100
|-status|p1a: Dondozo|brn|[from] ability: Flame Body|[of] p2a: Flambusard
|
|-weather|Snowscape|[upkeep]
|-damage|p1a: Dondozo|76/100 brn|[from] brn
|upkeep
|turn|5
|
|t:|1743839824
|move|p2a: Flambusard|Roost|p2a: Flambusard
|-heal|p2a: Flambusard|100/100
|-singleturn|p2a: Flambusard|move: Roost
|move|p1a: Dondozo|Body Press|p2a: Flambusard
|-damage|p2a: Flambusard|80/100
|
|-weather|none
|-damage|p1a: Dondozo|70/100 brn|[from] brn
|upkeep
|turn|6
|
|t:|1743839837
|move|p2a: Flambusard|Flare Blitz|p1a: Dondozo
|-resisted|p1a: Dondozo
|-crit|p1a: Dondozo
|-damage|p1a: Dondozo|56/100 brn
|-damage|p2a: Flambusard|64/100|[from] item: Rocky Helmet|[of] p1a: Dondozo
|-damage|p2a: Flambusard|56/100|[from] Recoil
|move|p1a: Dondozo|Body Press|p2a: Flambusard
|-resisted|p2a: Flambusard
|-damage|p2a: Flambusard|45/100
|
|-damage|p1a: Dondozo|50/100 brn|[from] brn
|upkeep
|turn|7
|
|t:|1743839852
|move|p2a: Flambusard|Roost|p2a: Flambusard
|-heal|p2a: Flambusard|95/100
|-singleturn|p2a: Flambusard|move: Roost
|move|p1a: Dondozo|Rest|p1a: Dondozo
|-status|p1a: Dondozo|slp|[from] move: Rest
|-heal|p1a: Dondozo|100/100 slp|[silent]
|
|upkeep
|turn|8
|
|t:|1743839864
|switch|p2a: Ire-Foudre|Raging Bolt|100/100
|-enditem|p2a: Ire-Foudre|Booster Energy
|-activate|p2a: Ire-Foudre|ability: Protosynthesis|[fromitem]
|-start|p2a: Ire-Foudre|protosynthesisspa
|switch|p1a: Cinderace|Cinderace, F|100/100
|
|-sideend|p1: gaasss|move: Aurora Veil
|upkeep
|turn|9
|
|t:|1743839875
|move|p1a: Cinderace|Court Change|p1a: Cinderace
|-swapsideconditions
|-activate|p1a: Cinderace|move: Court Change
|move|p2a: Ire-Foudre|Dragon Pulse|p1a: Cinderace
|-damage|p1a: Cinderace|2/100
|
|upkeep
|turn|10
|
|t:|1743839890
|move|p1a: Cinderace|Pyro Ball|p2a: Ire-Foudre
|-resisted|p2a: Ire-Foudre
|-damage|p2a: Ire-Foudre|63/100
|-status|p2a: Ire-Foudre|brn
|move|p2a: Ire-Foudre|Dragon Pulse|p1a: Cinderace
|-damage|p1a: Cinderace|0 fnt
|faint|p1a: Cinderace
|
|-damage|p2a: Ire-Foudre|57/100 brn|[from] brn
|upkeep
|
|t:|1743839902
|switch|p1a: Ninetales|Ninetales-Alola, M|100/100
|-weather|Snowscape|[from] ability: Snow Warning|[of] p1a: Ninetales
|turn|11
|
|t:|1743839906
|move|p1a: Ninetales|Aurora Veil|p1a: Ninetales
|-sidestart|p1: gaasss|move: Aurora Veil
|move|p2a: Ire-Foudre|Volt Switch|p1a: Ninetales
|-damage|p1a: Ninetales|74/100
|
|t:|1743839918
|-end|p2a: Ire-Foudre|Protosynthesis|[silent]
|switch|p2a: Flambusard|Talonflame, F|95/100|[from] Volt Switch
|
|-weather|Snowscape|[upkeep]
|upkeep
|turn|12
|
|t:|1743839932
|switch|p1a: Iron Moth|Iron Moth|100/100
|move|p2a: Flambusard|Flare Blitz|p1a: Iron Moth
|-resisted|p1a: Iron Moth
|-damage|p1a: Iron Moth|81/100
|-damage|p2a: Flambusard|89/100|[from] Recoil
|
|-weather|Snowscape|[upkeep]
|upkeep
|turn|13
|
|t:|1743839941
|move|p2a: Flambusard|Brave Bird|p1a: Iron Moth
|-damage|p1a: Iron Moth|39/100
|-damage|p2a: Flambusard|75/100|[from] Recoil
|move|p1a: Iron Moth|Fiery Dance|p2a: Flambusard
|-resisted|p2a: Flambusard
|-damage|p2a: Flambusard|39/100
|-boost|p1a: Iron Moth|spa|1
|
|-weather|Snowscape|[upkeep]
|upkeep
|turn|14
|
|t:|1743839953
|move|p2a: Flambusard|Brave Bird|p1a: Iron Moth
|-damage|p1a: Iron Moth|3/100
|-damage|p2a: Flambusard|26/100|[from] Recoil
|move|p1a: Iron Moth|Discharge|p2a: Flambusard
|-supereffective|p2a: Flambusard
|-damage|p2a: Flambusard|0 fnt
|faint|p2a: Flambusard
|
|-weather|Snowscape|[upkeep]
|upkeep
|
|t:|1743839965
|switch|p2a: Ire-Foudre|Raging Bolt|57/100 brn
|-damage|p2a: Ire-Foudre|45/100 brn|[from] Stealth Rock
|turn|15
|
|t:|1743839975
|move|p2a: Ire-Foudre|Thunderclap|p1a: Iron Moth
|-damage|p1a: Iron Moth|0 fnt
|faint|p1a: Iron Moth
|-end|p1a: Iron Moth|Quark Drive|[silent]
|
|-weather|none
|-damage|p2a: Ire-Foudre|39/100 brn|[from] brn
|upkeep
|
|t:|1743839987
|switch|p1a: Dragapult|Dragapult, M|100/100
|turn|16
|
|t:|1743840012
|-terastallize|p2a: Ire-Foudre|Fairy
|move|p1a: Dragapult|Draco Meteor|p2a: Ire-Foudre
|-immune|p2a: Ire-Foudre
|move|p2a: Ire-Foudre|Dragon Pulse|p1a: Dragapult
|-supereffective|p1a: Dragapult
|-crit|p1a: Dragapult
|-damage|p1a: Dragapult|0 fnt
|faint|p1a: Dragapult
|
|-damage|p2a: Ire-Foudre|32/100 brn|[from] brn
|upkeep
|
|t:|1743840023
|switch|p1a: Kingambit|Kingambit, F|100/100
|turn|17
|
|t:|1743840027
|move|p2a: Ire-Foudre|Volt Switch|p1a: Kingambit
|-damage|p1a: Kingambit|80/100
|
|t:|1743840034
|-end|p2a: Ire-Foudre|Protosynthesis|[silent]
|switch|p2a: Great Tusk|Great Tusk|100/100|[from] Volt Switch
|-damage|p2a: Great Tusk|98/100|[from] Stealth Rock
|move|p1a: Kingambit|Swords Dance|p1a: Kingambit
|-boost|p1a: Kingambit|atk|2
|
|upkeep
|turn|18
|
|t:|1743840045
|-terastallize|p1a: Kingambit|Ghost
|move|p2a: Great Tusk|Headlong Rush|p1a: Kingambit
|-damage|p1a: Kingambit|59/100
|-unboost|p2a: Great Tusk|def|1
|-unboost|p2a: Great Tusk|spd|1
|move|p1a: Kingambit|Swords Dance|p1a: Kingambit
|-boost|p1a: Kingambit|atk|2
|
|-sideend|p1: gaasss|move: Aurora Veil
|upkeep
|turn|19
|
|t:|1743840059
|move|p1a: Kingambit|Sucker Punch||[still]
|-fail|p1a: Kingambit
|move|p2a: Great Tusk|Stealth Rock|p1a: Kingambit
|-sidestart|p1: gaasss|move: Stealth Rock
|
|upkeep
|turn|20
|
|t:|1743840066
|move|p1a: Kingambit|Sucker Punch|p2a: Great Tusk
|-resisted|p2a: Great Tusk
|-damage|p2a: Great Tusk|36/100
|-damage|p1a: Kingambit|43/100|[from] item: Rocky Helmet|[of] p2a: Great Tusk
|move|p2a: Great Tusk|Ice Spinner|p1a: Kingambit
|-damage|p1a: Kingambit|23/100
|
|upkeep
|turn|21
|
|t:|1743840078
|move|p1a: Kingambit|Sucker Punch|p2a: Great Tusk
|-resisted|p2a: Great Tusk
|-damage|p2a: Great Tusk|0 fnt
|-damage|p1a: Kingambit|7/100|[from] item: Rocky Helmet|[of] p2a: Great Tusk
|faint|p2a: Great Tusk
|-end|p2a: Great Tusk|Protosynthesis|[silent]
|
|upkeep
|
|t:|1743840085
|switch|p2a: Tarembulle|Araquanid, F|100/100
|-damage|p2a: Tarembulle|76/100|[from] Stealth Rock
|turn|22
|
|t:|1743840094
|move|p1a: Kingambit|Sucker Punch||[still]
|-fail|p1a: Kingambit
|move|p2a: Tarembulle|Sticky Web|p1a: Kingambit
|-sidestart|p1: gaasss|move: Sticky Web
|
|upkeep
|turn|23
|
|t:|1743840101
|move|p1a: Kingambit|Sucker Punch|p2a: Tarembulle
|-damage|p2a: Tarembulle|0 fnt
|faint|p2a: Tarembulle
|
|upkeep
|
|t:|1743840109
|switch|p2a: Ire-Foudre|Raging Bolt, tera:Fairy|32/100 brn
|-damage|p2a: Ire-Foudre|20/100 brn|[from] Stealth Rock
|turn|24
|
|t:|1743840120
|move|p2a: Ire-Foudre|Thunderclap|p1a: Kingambit
|-damage|p1a: Kingambit|0 fnt
|faint|p1a: Kingambit
|
|-damage|p2a: Ire-Foudre|14/100 brn|[from] brn
|upkeep
|
|t:|1743840126
|switch|p1a: Ninetales|Ninetales-Alola, M|74/100
|-damage|p1a: Ninetales|49/100|[from] Stealth Rock
|-activate|p1a: Ninetales|move: Sticky Web
|-unboost|p1a: Ninetales|spe|1
|-weather|Snowscape|[from] ability: Snow Warning|[of] p1a: Ninetales
|turn|25
|
|t:|1743840137
|move|p1a: Ninetales|Aurora Veil|p1a: Ninetales
|-sidestart|p1: gaasss|move: Aurora Veil
|move|p2a: Ire-Foudre|Volt Switch|p1a: Ninetales
|-damage|p1a: Ninetales|28/100
|
|t:|1743840146
|-end|p2a: Ire-Foudre|Protosynthesis|[silent]
|switch|p2a: Oratoria|Primarina, F|100/100|[from] Volt Switch
|-damage|p2a: Oratoria|88/100|[from] Stealth Rock
|
|-weather|Snowscape|[upkeep]
|upkeep
|turn|26
|
|t:|1743840160
|move|p1a: Ninetales|Freeze-Dry|p2a: Oratoria
|-supereffective|p2a: Oratoria
|-crit|p2a: Oratoria
|-damage|p2a: Oratoria|55/100
|move|p2a: Oratoria|Energy Ball|p1a: Ninetales
|-damage|p1a: Ninetales|10/100
|
|-weather|Snowscape|[upkeep]
|upkeep
|turn|27
|
|t:|1743840168
|move|p1a: Ninetales|Freeze-Dry|p2a: Oratoria
|-supereffective|p2a: Oratoria
|-damage|p2a: Oratoria|31/100
|move|p2a: Oratoria|Energy Ball|p1a: Ninetales
|-damage|p1a: Ninetales|0 fnt
|faint|p1a: Ninetales
|
|-weather|Snowscape|[upkeep]
|upkeep
|
|t:|1743840176
|switch|p1a: Dondozo|Dondozo, F|100/100 slp
|-damage|p1a: Dondozo|88/100 slp|[from] Stealth Rock
|-activate|p1a: Dondozo|move: Sticky Web
|-unboost|p1a: Dondozo|spe|1
|turn|28
|
|t:|1743840181
|move|p2a: Oratoria|Energy Ball|p1a: Dondozo
|-supereffective|p1a: Dondozo
|-damage|p1a: Dondozo|56/100 slp
|cant|p1a: Dondozo|slp
|move|p1a: Dondozo|Sleep Talk|p1a: Dondozo
|move|p1a: Dondozo|Earthquake|p2a: Oratoria|[from] move: Sleep Talk
|-damage|p2a: Oratoria|2/100
|
|-weather|Snowscape|[upkeep]
|upkeep
|turn|29
|
|t:|1743840191
|move|p2a: Oratoria|Energy Ball|p1a: Dondozo
|-supereffective|p1a: Dondozo
|-damage|p1a: Dondozo|23/100 slp
|cant|p1a: Dondozo|slp
|
|-weather|none
|upkeep
|turn|30
|
|t:|1743840199
|move|p2a: Oratoria|Energy Ball|p1a: Dondozo
|-supereffective|p1a: Dondozo
|-damage|p1a: Dondozo|0 fnt
|faint|p1a: Dondozo
|
|win|metaknight69
|raw|gaasss's rating: 1219 &rarr; <strong>1197</strong><br />(-22 for losing)
|raw|metaknight69's rating: 1254 &rarr; <strong>1276</strong><br />(+22 for winning)
|c|☆metaknight69|gg
|l|☆metaknight69
|player|p2|
|l|☆gaasss
|player|p1|
