|j|☆akhantz
|j|☆MY爱莉希雅SAMA
|t:|1743936090
|gametype|singles
|player|p1|akhantz|cheryl|1573
|player|p2|MY爱莉希雅SAMA|lacey|1610
|teamsize|p1|6
|teamsize|p2|6
|gen|9
|tier|[Gen 9] OU
|rated|
|rule|HP Percentage Mod: HP is shown in percentages
|rule|Endless Battle Clause: Forcing endless battles is banned
|rule|Species Clause: Limit one of each Pokémon
|rule|OHKO Clause: OHKO moves are banned
|rule|Evasion Items Clause: Evasion items are banned
|rule|Evasion Moves Clause: Evasion moves are banned
|rule|Sleep Moves Clause: Sleep-inducing moves are banned
|clearpoke
|poke|p1|Heatran, M|
|poke|p1|Zapdos|
|poke|p1|Rillaboom, M|
|poke|p1|Ogerpon-Wellspring, F|
|poke|p1|Great Tusk|
|poke|p1|Clefable, F|
|poke|p2|Glimmora, F|
|poke|p2|Zamazenta-*|
|poke|p2|Latias, F|
|poke|p2|Gholdengo|
|poke|p2|Dragonite, F|
|poke|p2|Weavile, F|
|teampreview
|inactive|Battle timer is ON: inactive players will automatically lose when time's up. (requested by akhantz)
|
|t:|1743936100
|start
|switch|p1a: Zapdos|Zapdos, shiny|100/100
|switch|p2a: Weavile|Weavile, F|100/100
|turn|1
|
|t:|1743936126
|switch|p1a: Heatran|Heatran, M, shiny|100/100
|move|p2a: Weavile|Triple Axel|p1a: Heatran
|-resisted|p1a: Heatran
|-damage|p1a: Heatran|98/100
|-resisted|p1a: Heatran
|-damage|p1a: Heatran|92/100
|-resisted|p1a: Heatran
|-damage|p1a: Heatran|83/100
|-hitcount|p1a: Heatran|3
|
|-heal|p1a: Heatran|90/100|[from] item: Leftovers
|upkeep
|turn|2
|inactive|MY爱莉希雅SAMA has 120 seconds left.
|
|t:|1743936157
|switch|p2a: Glimmora|Glimmora, F|100/100
|move|p1a: Heatran|Protect||[still]
|-fail|p1a: Heatran
|
|-heal|p1a: Heatran|96/100|[from] item: Leftovers
|upkeep
|turn|3
|
|t:|1743936167
|switch|p1a: Zapdos|Zapdos, shiny|100/100
|move|p2a: Glimmora|Stealth Rock|p1a: Zapdos
|-sidestart|p1: akhantz|move: Stealth Rock
|
|upkeep
|turn|4
|
|t:|1743936170
|move|p1a: Zapdos|Volt Switch|p2a: Glimmora
|-damage|p2a: Glimmora|75/100
|-enditem|p2a: Glimmora|Red Card|[of] p1a: Zapdos
|drag|p1a: Ogerpon|Ogerpon-Wellspring, F|100/100
|-damage|p1a: Ogerpon|88/100|[from] Stealth Rock
|move|p2a: Glimmora|Mortal Spin|p1a: Ogerpon
|-supereffective|p1a: Ogerpon
|-damage|p1a: Ogerpon|72/100
|-status|p1a: Ogerpon|psn
|
|-damage|p1a: Ogerpon|59/100 psn|[from] psn
|upkeep
|turn|5
|
|t:|1743936178
|move|p1a: Ogerpon|Ivy Cudgel|p2a: Glimmora|[anim] Ivy Cudgel Water
|-supereffective|p2a: Glimmora
|-crit|p2a: Glimmora
|-damage|p2a: Glimmora|0 fnt
|-activate|p2a: Glimmora|ability: Toxic Debris
|-sidestart|p1: akhantz|move: Toxic Spikes
|faint|p2a: Glimmora
|
|-damage|p1a: Ogerpon|47/100 psn|[from] psn
|upkeep
|
|t:|1743936182
|switch|p2a: Dragonite|Dragonite, F|100/100
|turn|6
|
|t:|1743936193
|switch|p1a: Zapdos|Zapdos, shiny|100/100
|switch|p2a: Gholdengo|Gholdengo|100/100
|
|upkeep
|turn|7
|
|t:|1743936197
|move|p1a: Zapdos|Heat Wave|p2a: Gholdengo
|-supereffective|p2a: Gholdengo
|-damage|p2a: Gholdengo|49/100
|move|p2a: Gholdengo|Shadow Ball|p1a: Zapdos
|-damage|p1a: Zapdos|58/100
|
|upkeep
|turn|8
|
|t:|1743936204
|move|p1a: Zapdos|Volt Switch|p2a: Gholdengo
|-damage|p2a: Gholdengo|20/100
|
|t:|1743936207
|switch|p1a: Heatran|Heatran, M, shiny|96/100|[from] Volt Switch
|-damage|p1a: Heatran|83/100|[from] Stealth Rock
|move|p2a: Gholdengo|Nasty Plot|p2a: Gholdengo
|-boost|p2a: Gholdengo|spa|2
|
|-heal|p1a: Heatran|90/100|[from] item: Leftovers
|upkeep
|turn|9
|-enditem|p2a: Gholdengo|Custap Berry|[eat]
|-activate|p2a: Gholdengo|item: Custap Berry|[consumed]
|
|t:|1743936220
|move|p2a: Gholdengo|Shadow Ball|p1a: Heatran
|-damage|p1a: Heatran|37/100
|move|p1a: Heatran|Magma Storm|p2a: Gholdengo
|-supereffective|p2a: Gholdengo
|-damage|p2a: Gholdengo|0 fnt
|faint|p2a: Gholdengo
|
|-heal|p1a: Heatran|43/100|[from] item: Leftovers
|upkeep
|
|t:|1743936227
|switch|p2a: Weavile|Weavile, F|100/100
|turn|10
|
|t:|1743936229
|move|p1a: Heatran|Protect|p1a: Heatran
|-singleturn|p1a: Heatran|Protect
|move|p2a: Weavile|Knock Off|p1a: Heatran
|-activate|p1a: Heatran|move: Protect
|
|-heal|p1a: Heatran|49/100|[from] item: Leftovers
|upkeep
|turn|11
|
|t:|1743936246
|move|p2a: Weavile|Knock Off|p1a: Heatran
|-damage|p1a: Heatran|0 fnt
|-enditem|p1a: Heatran|Leftovers|[from] move: Knock Off|[of] p2a: Weavile
|faint|p1a: Heatran
|
|upkeep
|
|t:|1743936249
|switch|p1a: Clefable|Clefable, F|100/100
|-status|p1a: Clefable|psn
|turn|12
|
|t:|1743936267
|switch|p2a: Dragonite|Dragonite, F|100/100
|move|p1a: Clefable|Moonblast|p2a: Dragonite
|-supereffective|p2a: Dragonite
|-damage|p2a: Dragonite|67/100
|-unboost|p2a: Dragonite|spa|1
|
|upkeep
|turn|13
|
|t:|1743936272
|move|p2a: Dragonite|Earthquake|p1a: Clefable
|-damage|p1a: Clefable|71/100 psn
|move|p1a: Clefable|Moonblast|p2a: Dragonite
|-supereffective|p2a: Dragonite
|-damage|p2a: Dragonite|5/100
|-unboost|p2a: Dragonite|spa|1
|
|-heal|p1a: Clefable|77/100 psn|[from] item: Leftovers
|upkeep
|turn|14
|
|t:|1743936281
|move|p2a: Dragonite|Earthquake|p1a: Clefable
|-damage|p1a: Clefable|49/100 psn
|move|p1a: Clefable|Moonblast|p2a: Dragonite
|-supereffective|p2a: Dragonite
|-damage|p2a: Dragonite|0 fnt
|faint|p2a: Dragonite
|
|-heal|p1a: Clefable|55/100 psn|[from] item: Leftovers
|upkeep
|
|t:|1743936294
|switch|p2a: Weavile|Weavile, F|100/100
|turn|15
|j| Sanesa8724
|
|t:|1743936309
|-terastallize|p1a: Clefable|Fire
|move|p2a: Weavile|Poison Jab|p1a: Clefable
|-damage|p1a: Clefable|23/100 psn
|move|p1a: Clefable|Moonblast|p2a: Weavile
|-supereffective|p2a: Weavile
|-crit|p2a: Weavile
|-damage|p2a: Weavile|0 fnt
|faint|p2a: Weavile
|
|-heal|p1a: Clefable|29/100 psn|[from] item: Leftovers
|upkeep
|
|t:|1743936316
|switch|p2a: Latias|Latias, F|100/100
|turn|16
|
|t:|1743936319
|move|p2a: Latias|Calm Mind|p2a: Latias
|-boost|p2a: Latias|spa|1
|-boost|p2a: Latias|spd|1
|move|p1a: Clefable|Moonblast|p2a: Latias
|-supereffective|p2a: Latias
|-damage|p2a: Latias|69/100
|
|-heal|p2a: Latias|76/100|[from] item: Leftovers
|-heal|p1a: Clefable|36/100 psn|[from] item: Leftovers
|upkeep
|turn|17
|
|t:|1743936328
|switch|p1a: Rillaboom|Rillaboom, M|100/100
|-damage|p1a: Rillaboom|88/100|[from] Stealth Rock
|-status|p1a: Rillaboom|psn
|-fieldstart|move: Grassy Terrain|[from] ability: Grassy Surge|[of] p1a: Rillaboom
|move|p2a: Latias|Agility|p2a: Latias
|-boost|p2a: Latias|spe|2
|
|-heal|p2a: Latias|82/100|[from] item: Leftovers
|-heal|p1a: Rillaboom|94/100 psn|[from] Grassy Terrain
|-damage|p1a: Rillaboom|82/100 psn|[from] psn
|upkeep
|turn|18
|
|t:|1743936334
|move|p2a: Latias|Stored Power|p1a: Rillaboom
|-damage|p1a: Rillaboom|13/100 psn
|move|p1a: Rillaboom|Knock Off|p2a: Latias
|-supereffective|p2a: Latias
|-damage|p2a: Latias|0 fnt
|-enditem|p2a: Latias|Leftovers|[from] move: Knock Off|[of] p1a: Rillaboom
|faint|p2a: Latias
|
|-heal|p1a: Rillaboom|19/100 psn|[from] Grassy Terrain
|-damage|p1a: Rillaboom|7/100 psn|[from] psn
|upkeep
|
|t:|1743936340
|switch|p2a: Zamazenta|Zamazenta|100/100
|-ability|p2a: Zamazenta|Dauntless Shield|boost
|-boost|p2a: Zamazenta|def|1
|turn|19
|
|t:|1743936343
|move|p2a: Zamazenta|Substitute|p2a: Zamazenta
|-start|p2a: Zamazenta|Substitute
|-damage|p2a: Zamazenta|76/100
|move|p1a: Rillaboom|Knock Off|p2a: Zamazenta
|-resisted|p2a: Zamazenta
|-activate|p2a: Zamazenta|move: Substitute|[damage]
|
|-heal|p2a: Zamazenta|82/100|[from] Grassy Terrain
|-heal|p2a: Zamazenta|88/100|[from] item: Leftovers
|-heal|p1a: Rillaboom|13/100 psn|[from] Grassy Terrain
|-damage|p1a: Rillaboom|0 fnt|[from] psn
|faint|p1a: Rillaboom
|upkeep
|l| Sanesa8724
|
|t:|1743936360
|switch|p1a: Clefable|Clefable, F, tera:Fire|36/100 psn
|turn|20
|
|t:|1743936364
|move|p2a: Zamazenta|Body Press|p1a: Clefable
|-damage|p1a: Clefable|0 fnt
|faint|p1a: Clefable
|
|-heal|p2a: Zamazenta|94/100|[from] Grassy Terrain
|-heal|p2a: Zamazenta|100/100|[from] item: Leftovers
|upkeep
|
|t:|1743936372
|switch|p1a: Zapdos|Zapdos, shiny|58/100
|turn|21
|
|t:|1743936378
|move|p2a: Zamazenta|Iron Defense|p2a: Zamazenta
|-boost|p2a: Zamazenta|def|2
|move|p1a: Zapdos|Hurricane|p2a: Zamazenta|[miss]
|-miss|p1a: Zapdos|p2a: Zamazenta
|
|-fieldend|move: Grassy Terrain
|upkeep
|turn|22
|
|t:|1743936388
|move|p2a: Zamazenta|Iron Defense|p2a: Zamazenta
|-boost|p2a: Zamazenta|def|2
|move|p1a: Zapdos|Hurricane|p2a: Zamazenta|[miss]
|-miss|p1a: Zapdos|p2a: Zamazenta
|
|upkeep
|turn|23
|
|t:|1743936392
|move|p2a: Zamazenta|Body Press|p1a: Zapdos
|-resisted|p1a: Zapdos
|-damage|p1a: Zapdos|0 fnt
|-status|p2a: Zamazenta|par|[from] ability: Static|[of] p1a: Zapdos
|faint|p1a: Zapdos
|
|upkeep
|
|t:|1743936398
|switch|p1a: Great Tusk|Great Tusk|100/100
|-damage|p1a: Great Tusk|97/100|[from] Stealth Rock
|-status|p1a: Great Tusk|psn
|turn|24
|
|t:|1743936401
|move|p1a: Great Tusk|Headlong Rush|p2a: Zamazenta
|-end|p2a: Zamazenta|Substitute
|-unboost|p1a: Great Tusk|def|1
|-unboost|p1a: Great Tusk|spd|1
|move|p2a: Zamazenta|Body Press|p1a: Great Tusk
|-damage|p1a: Great Tusk|4/100 psn
|-damage|p2a: Zamazenta|84/100 par|[from] item: Rocky Helmet|[of] p1a: Great Tusk
|
|-heal|p2a: Zamazenta|90/100 par|[from] item: Leftovers
|-damage|p1a: Great Tusk|0 fnt|[from] psn
|faint|p1a: Great Tusk
|-end|p1a: Great Tusk|Protosynthesis|[silent]
|upkeep
|
|t:|1743936404
|switch|p1a: Ogerpon|Ogerpon-Wellspring, F|47/100 psn
|-damage|p1a: Ogerpon|35/100 psn|[from] Stealth Rock
|turn|25
|
|t:|1743936408
|move|p1a: Ogerpon|Play Rough|p2a: Zamazenta|[miss]
|-miss|p1a: Ogerpon|p2a: Zamazenta
|move|p2a: Zamazenta|Body Press|p1a: Ogerpon
|-damage|p1a: Ogerpon|0 fnt
|faint|p1a: Ogerpon
|
|win|MY爱莉希雅SAMA
|raw|akhantz's rating: 1573 &rarr; <strong>1555</strong><br />(-18 for losing)
|raw|MY爱莉希雅SAMA's rating: 1610 &rarr; <strong>1628</strong><br />(+18 for winning)
|l|☆MY爱莉希雅SAMA
|player|p2|
|l|☆akhantz
|player|p1|
