|j|☆buda88888
|j|☆DKBlash
|t:|1743863506
|gametype|singles
|player|p1|buda88888|102|1193
|player|p2|DKBlash|steven|1214
|teamsize|p1|6
|teamsize|p2|6
|gen|9
|tier|[Gen 9] OU
|rated|
|rule|HP Percentage Mod: HP is shown in percentages
|rule|Endless Battle Clause: Forcing endless battles is banned
|rule|Species Clause: Limit one of each Pokémon
|rule|OHKO Clause: OHKO moves are banned
|rule|Evasion Items Clause: Evasion items are banned
|rule|Evasion Moves Clause: Evasion moves are banned
|rule|Sleep Moves Clause: Sleep-inducing moves are banned
|clearpoke
|poke|p1|Gallade, M|
|poke|p1|Umbreon, M|
|poke|p1|Chesnaught, M|
|poke|p1|Greninja-*, M|
|poke|p1|Cosmoem|
|poke|p1|Revavroom, F|
|poke|p2|Deoxys-Speed|
|poke|p2|Gholdengo|
|poke|p2|Iron Treads|
|poke|p2|Dragonite, M|
|poke|p2|Iron Moth|
|poke|p2|Samurott-Hisui, M|
|teampreview
|inactive|Battle timer is ON: inactive players will automatically lose when time's up. (requested by DKBlash)
|inactive|buda88888 also wants the timer to be on.
|
|t:|1743863516
|start
|switch|p1a: Umbreon|Umbreon, M, shiny|100/100
|switch|p2a: Samurott|Samurott-Hisui, M|100/100
|turn|1
|
|t:|1743863522
|move|p2a: Samurott|Ceaseless Edge|p1a: Umbreon
|-resisted|p1a: Umbreon
|-crit|p1a: Umbreon
|-damage|p1a: Umbreon|79/100
|-sidestart|p1: buda88888|Spikes
|move|p1a: Umbreon|Toxic|p2a: Samurott
|-status|p2a: Samurott|tox
|
|-heal|p1a: Umbreon|85/100|[from] item: Leftovers
|-damage|p2a: Samurott|94/100 tox|[from] psn
|upkeep
|turn|2
|
|t:|1743863537
|switch|p1a: Chesnaught|Chesnaught, M|100/100
|-damage|p1a: Chesnaught|88/100|[from] Spikes
|move|p2a: Samurott|Encore||[still]
|-fail|p2a: Samurott
|
|-heal|p1a: Chesnaught|94/100|[from] item: Leftovers
|-damage|p2a: Samurott|82/100 tox|[from] psn
|upkeep
|turn|3
|
|t:|1743863554
|move|p2a: Samurott|Ceaseless Edge|p1a: Chesnaught
|-resisted|p1a: Chesnaught
|-damage|p1a: Chesnaught|82/100
|-sidestart|p1: buda88888|Spikes
|move|p1a: Chesnaught|Body Press|p2a: Samurott
|-supereffective|p2a: Samurott
|-damage|p2a: Samurott|0 fnt
|faint|p2a: Samurott
|
|-heal|p1a: Chesnaught|88/100|[from] item: Leftovers
|upkeep
|
|t:|1743863567
|switch|p2a: Deoxys|Deoxys-Speed|100/100
|-ability|p2a: Deoxys|Pressure
|turn|4
|
|t:|1743863577
|switch|p1a: Umbreon|Umbreon, M, shiny|85/100
|-damage|p1a: Umbreon|69/100|[from] Spikes
|move|p2a: Deoxys|Superpower|p1a: Umbreon
|-supereffective|p1a: Umbreon
|-crit|p1a: Umbreon
|-damage|p1a: Umbreon|1/100
|-unboost|p2a: Deoxys|atk|1
|-unboost|p2a: Deoxys|def|1
|-damage|p2a: Deoxys|91/100|[from] item: Life Orb
|
|-heal|p1a: Umbreon|7/100|[from] item: Leftovers
|upkeep
|turn|5
|
|t:|1743863590
|move|p2a: Deoxys|Knock Off|p1a: Umbreon
|-resisted|p1a: Umbreon
|-damage|p1a: Umbreon|1/100
|-enditem|p1a: Umbreon|Leftovers|[from] move: Knock Off|[of] p2a: Deoxys
|-damage|p2a: Deoxys|81/100|[from] item: Life Orb
|move|p1a: Umbreon|Wish|p1a: Umbreon
|
|upkeep
|turn|6
|
|t:|1743863606
|move|p1a: Umbreon|Protect|p1a: Umbreon
|-singleturn|p1a: Umbreon|Protect
|move|p2a: Deoxys|Knock Off|p1a: Umbreon
|-activate|p1a: Umbreon|move: Protect
|
|-heal|p1a: Umbreon|51/100|[from] move: Wish|[wisher] Umbreon
|upkeep
|turn|7
|
|t:|1743863614
|move|p2a: Deoxys|Superpower|p1a: Umbreon
|-supereffective|p1a: Umbreon
|-damage|p1a: Umbreon|22/100
|-unboost|p2a: Deoxys|atk|1
|-unboost|p2a: Deoxys|def|1
|-damage|p2a: Deoxys|71/100|[from] item: Life Orb
|move|p1a: Umbreon|Wish|p1a: Umbreon
|
|upkeep
|turn|8
|
|t:|1743863623
|switch|p2a: Iron Treads|Iron Treads|100/100
|move|p1a: Umbreon|Protect||[still]
|-fail|p1a: Umbreon
|
|-heal|p1a: Umbreon|72/100|[from] move: Wish|[wisher] Umbreon
|upkeep
|turn|9
|
|t:|1743863637
|switch|p1a: Chesnaught|Chesnaught, M|88/100
|-damage|p1a: Chesnaught|72/100|[from] Spikes
|move|p2a: Iron Treads|Stealth Rock|p1a: Chesnaught
|-sidestart|p1: buda88888|move: Stealth Rock
|
|-heal|p1a: Chesnaught|78/100|[from] item: Leftovers
|upkeep
|turn|10
|
|t:|1743863647
|-end|p2a: Iron Treads|Quark Drive|[silent]
|switch|p2a: Gholdengo|Gholdengo|100/100
|-item|p2a: Gholdengo|Air Balloon
|move|p1a: Chesnaught|Iron Defense|p1a: Chesnaught
|-boost|p1a: Chesnaught|def|2
|
|-heal|p1a: Chesnaught|84/100|[from] item: Leftovers
|upkeep
|turn|11
|
|t:|1743863659
|move|p2a: Gholdengo|Nasty Plot|p2a: Gholdengo
|-boost|p2a: Gholdengo|spa|2
|move|p1a: Chesnaught|Spikes|p2a: Gholdengo
|-sidestart|p2: DKBlash|Spikes
|
|-heal|p1a: Chesnaught|90/100|[from] item: Leftovers
|upkeep
|turn|12
|
|t:|1743863678
|move|p2a: Gholdengo|Shadow Ball|p1a: Chesnaught
|-immune|p1a: Chesnaught|[from] ability: Bulletproof
|move|p1a: Chesnaught|Spikes|p2a: Gholdengo
|-sidestart|p2: DKBlash|Spikes
|
|-heal|p1a: Chesnaught|96/100|[from] item: Leftovers
|upkeep
|turn|13
|
|t:|1743863688
|switch|p1a: Cosmoem|Cosmoem|100/100
|-damage|p1a: Cosmoem|84/100|[from] Spikes
|-damage|p1a: Cosmoem|72/100|[from] Stealth Rock
|move|p2a: Gholdengo|Make It Rain|p1a: Cosmoem
|-damage|p1a: Cosmoem|10/100
|-unboost|p2a: Gholdengo|spa|1
|
|upkeep
|turn|14
|
|t:|1743863700
|move|p2a: Gholdengo|Shadow Ball|p1a: Cosmoem
|-supereffective|p1a: Cosmoem
|-damage|p1a: Cosmoem|0 fnt
|faint|p1a: Cosmoem
|
|upkeep
|
|t:|1743863703
|switch|p1a: Greninja|Greninja, M|100/100
|turn|15
|
|t:|1743863709
|move|p1a: Greninja|Dark Pulse|p2a: Gholdengo
|-supereffective|p2a: Gholdengo
|-damage|p2a: Gholdengo|31/100
|-enditem|p2a: Gholdengo|Air Balloon
|move|p2a: Gholdengo|Make It Rain|p1a: Greninja
|-resisted|p1a: Greninja
|-damage|p1a: Greninja|38/100
|-unboost|p2a: Gholdengo|spa|1
|
|upkeep
|turn|16
|
|t:|1743863722
|move|p1a: Greninja|Dark Pulse|p2a: Gholdengo
|-supereffective|p2a: Gholdengo
|-damage|p2a: Gholdengo|0 fnt
|faint|p2a: Gholdengo
|-ability|p1a: Greninja|Battle Bond|boost
|-boost|p1a: Greninja|atk|1
|-boost|p1a: Greninja|spa|1
|-boost|p1a: Greninja|spe|1
|-activate|p1a: Greninja|ability: Battle Bond
|
|upkeep
|
|t:|1743863734
|switch|p2a: Iron Treads|Iron Treads|100/100
|-damage|p2a: Iron Treads|84/100|[from] Spikes
|turn|17
|
|t:|1743863744
|move|p1a: Greninja|Hydro Pump|p2a: Iron Treads
|-supereffective|p2a: Iron Treads
|-damage|p2a: Iron Treads|0 fnt
|faint|p2a: Iron Treads
|-end|p2a: Iron Treads|Quark Drive|[silent]
|
|upkeep
|
|t:|1743863753
|switch|p2a: Dragonite|Dragonite, M|100/100
|turn|18
|
|t:|1743863760
|move|p1a: Greninja|Upper Hand||[still]
|-fail|p1a: Greninja
|move|p2a: Dragonite|Dragon Dance|p2a: Dragonite
|-boost|p2a: Dragonite|atk|1
|-boost|p2a: Dragonite|spe|1
|
|upkeep
|turn|19
|
|t:|1743863766
|move|p2a: Dragonite|Extreme Speed|p1a: Greninja
|-damage|p1a: Greninja|0 fnt
|faint|p1a: Greninja
|
|upkeep
|
|t:|1743863771
|switch|p1a: Chesnaught|Chesnaught, M|96/100
|-damage|p1a: Chesnaught|79/100|[from] Spikes
|-damage|p1a: Chesnaught|73/100|[from] Stealth Rock
|turn|20
|
|t:|1743863785
|move|p2a: Dragonite|Ice Spinner|p1a: Chesnaught
|-supereffective|p1a: Chesnaught
|-damage|p1a: Chesnaught|21/100
|move|p1a: Chesnaught|Iron Defense|p1a: Chesnaught
|-boost|p1a: Chesnaught|def|2
|
|-heal|p1a: Chesnaught|27/100|[from] item: Leftovers
|upkeep
|turn|21
|
|t:|1743863793
|move|p2a: Dragonite|Ice Spinner|p1a: Chesnaught
|-supereffective|p1a: Chesnaught
|-damage|p1a: Chesnaught|3/100
|move|p1a: Chesnaught|Synthesis|p1a: Chesnaught
|-heal|p1a: Chesnaught|53/100
|
|-heal|p1a: Chesnaught|59/100|[from] item: Leftovers
|upkeep
|turn|22
|
|t:|1743863800
|move|p2a: Dragonite|Dragon Dance|p2a: Dragonite
|-boost|p2a: Dragonite|atk|1
|-boost|p2a: Dragonite|spe|1
|move|p1a: Chesnaught|Iron Defense|p1a: Chesnaught
|-boost|p1a: Chesnaught|def|2
|
|-heal|p1a: Chesnaught|65/100|[from] item: Leftovers
|upkeep
|turn|23
|
|t:|1743863812
|move|p2a: Dragonite|Dragon Dance|p2a: Dragonite
|-boost|p2a: Dragonite|atk|1
|-boost|p2a: Dragonite|spe|1
|move|p1a: Chesnaught|Iron Defense|p1a: Chesnaught
|-boost|p1a: Chesnaught|def|2
|
|-heal|p1a: Chesnaught|71/100|[from] item: Leftovers
|upkeep
|turn|24
|
|t:|1743863819
|move|p2a: Dragonite|Ice Spinner|p1a: Chesnaught
|-supereffective|p1a: Chesnaught
|-damage|p1a: Chesnaught|49/100
|move|p1a: Chesnaught|Body Press|p2a: Dragonite
|-resisted|p2a: Dragonite
|-damage|p2a: Dragonite|49/100
|
|-heal|p1a: Chesnaught|55/100|[from] item: Leftovers
|upkeep
|turn|25
|
|t:|1743863832
|move|p2a: Dragonite|Ice Spinner|p1a: Chesnaught
|-supereffective|p1a: Chesnaught
|-damage|p1a: Chesnaught|34/100
|move|p1a: Chesnaught|Synthesis|p1a: Chesnaught
|-heal|p1a: Chesnaught|84/100
|
|-heal|p1a: Chesnaught|90/100|[from] item: Leftovers
|upkeep
|turn|26
|
|t:|1743863840
|switch|p2a: Iron Moth|Iron Moth|100/100
|-damage|p2a: Iron Moth|84/100|[from] Spikes
|-enditem|p2a: Iron Moth|Booster Energy
|-activate|p2a: Iron Moth|ability: Quark Drive|[fromitem]
|-start|p2a: Iron Moth|quarkdrivespe
|move|p1a: Chesnaught|Body Press|p2a: Iron Moth
|-resisted|p2a: Iron Moth
|-damage|p2a: Iron Moth|0 fnt
|faint|p2a: Iron Moth
|-end|p2a: Iron Moth|Quark Drive|[silent]
|
|-heal|p1a: Chesnaught|96/100|[from] item: Leftovers
|upkeep
|
|t:|1743863851
|switch|p2a: Deoxys|Deoxys-Speed|71/100
|-damage|p2a: Deoxys|54/100|[from] Spikes
|-ability|p2a: Deoxys|Pressure
|turn|27
|
|t:|1743863859
|-terastallize|p1a: Chesnaught|Rock
|move|p2a: Deoxys|Psycho Boost|p1a: Chesnaught
|-damage|p1a: Chesnaught|8/100
|-unboost|p2a: Deoxys|spa|2
|-damage|p2a: Deoxys|44/100|[from] item: Life Orb
|move|p1a: Chesnaught|Body Press|p2a: Deoxys
|-resisted|p2a: Deoxys
|-damage|p2a: Deoxys|0 fnt
|faint|p2a: Deoxys
|
|-heal|p1a: Chesnaught|14/100|[from] item: Leftovers
|upkeep
|
|t:|1743863871
|switch|p2a: Dragonite|Dragonite, M|49/100
|turn|28
|
|t:|1743863875
|-terastallize|p2a: Dragonite|Normal
|move|p2a: Dragonite|Extreme Speed|p1a: Chesnaught
|-resisted|p1a: Chesnaught
|-damage|p1a: Chesnaught|10/100
|move|p1a: Chesnaught|Synthesis|p1a: Chesnaught
|-heal|p1a: Chesnaught|60/100
|
|-heal|p1a: Chesnaught|67/100|[from] item: Leftovers
|upkeep
|turn|29
|-message|DKBlash forfeited.
|
|win|buda88888
|raw|buda88888's rating: 1193 &rarr; <strong>1220</strong><br />(+27 for winning)
|raw|DKBlash's rating: 1214 &rarr; <strong>1187</strong><br />(-27 for losing)
|l|☆DKBlash
|player|p2|
|l|☆buda88888
|player|p1|
