|j|☆Trainee Sword
|j|☆Mhk897
|t:|1743889329
|gametype|singles
|player|p1|Trainee Sword|265|1293
|player|p2|Mhk897|102|1305
|teamsize|p1|6
|teamsize|p2|6
|gen|9
|tier|[Gen 9] OU
|rated|
|rule|HP Percentage Mod: HP is shown in percentages
|rule|Endless Battle Clause: Forcing endless battles is banned
|rule|Species Clause: Limit one of each Pokémon
|rule|OHKO Clause: OHKO moves are banned
|rule|Evasion Items Clause: Evasion items are banned
|rule|Evasion Moves Clause: Evasion moves are banned
|rule|Sleep Moves Clause: Sleep-inducing moves are banned
|clearpoke
|poke|p1|Alomomola, M|
|poke|p1|Slowking-Galar, F|
|poke|p1|Garchomp, F|
|poke|p1|Iron Moth|
|poke|p1|Darkrai|
|poke|p1|Hoopa-Unbound|
|poke|p2|Ribombee, F|
|poke|p2|Garchomp, M|
|poke|p2|Dragapult, F|
|poke|p2|Ogerpon-Cornerstone, F|
|poke|p2|Enamorus, F|
|poke|p2|Manaphy|
|teampreview
|inactive|Battle timer is ON: inactive players will automatically lose when time's up. (requested by Mhk897)
|
|t:|1743889339
|start
|switch|p1a: Iron Moth|Iron Moth|100/100
|switch|p2a: Ogerpon|Ogerpon-Cornerstone, F|100/100
|-enditem|p1a: Iron Moth|Booster Energy
|-activate|p1a: Iron Moth|ability: Quark Drive|[fromitem]
|-start|p1a: Iron Moth|quarkdrivespe
|turn|1
|
|t:|1743889352
|-terastallize|p1a: Iron Moth|Grass
|move|p1a: Iron Moth|Fiery Dance|p2a: Ogerpon
|-damage|p2a: Ogerpon|56/100
|-boost|p1a: Iron Moth|spa|1
|move|p2a: Ogerpon|Ivy Cudgel|p1a: Iron Moth|[anim] Ivy Cudgel Rock
|-damage|p1a: Iron Moth|12/100
|
|upkeep
|turn|2
|
|t:|1743889373
|-terastallize|p2a: Ogerpon|Rock
|detailschange|p2a: Ogerpon|Ogerpon-Cornerstone-Tera, F, tera:Rock
|-ability|p2a: Ogerpon|Embody Aspect (Cornerstone)|boost
|-boost|p2a: Ogerpon|def|1
|move|p1a: Iron Moth|Sludge Wave|p2a: Ogerpon
|-resisted|p2a: Ogerpon
|-damage|p2a: Ogerpon|16/100
|move|p2a: Ogerpon|Horn Leech|p1a: Iron Moth
|-resisted|p1a: Iron Moth
|-damage|p1a: Iron Moth|0 fnt
|-heal|p2a: Ogerpon|21/100|[from] drain|[of] p1a: Iron Moth
|faint|p1a: Iron Moth
|-end|p1a: Iron Moth|Quark Drive|[silent]
|
|upkeep
|
|t:|1743889382
|switch|p1a: Garchomp|Garchomp, F|100/100
|turn|3
|
|t:|1743889397
|move|p2a: Ogerpon|Horn Leech|p1a: Garchomp
|-damage|p1a: Garchomp|73/100
|-heal|p2a: Ogerpon|40/100|[from] drain|[of] p1a: Garchomp
|-damage|p2a: Ogerpon|28/100|[from] ability: Rough Skin|[of] p1a: Garchomp
|-damage|p2a: Ogerpon|11/100|[from] item: Rocky Helmet|[of] p1a: Garchomp
|move|p1a: Garchomp|Stealth Rock|p2a: Ogerpon
|-sidestart|p2: Mhk897|move: Stealth Rock
|
|upkeep
|turn|4
|
|t:|1743889405
|move|p2a: Ogerpon|Power Whip|p1a: Garchomp
|-damage|p1a: Garchomp|30/100
|-damage|p2a: Ogerpon|0 fnt|[from] ability: Rough Skin|[of] p1a: Garchomp
|faint|p2a: Ogerpon
|move|p1a: Garchomp|Spikes|p2: Ogerpon
|-sidestart|p2: Mhk897|Spikes
|
|upkeep
|
|t:|1743889423
|switch|p2a: Ribombee|Ribombee, F|100/100
|-damage|p2a: Ribombee|76/100|[from] Stealth Rock
|-damage|p2a: Ribombee|63/100|[from] Spikes
|turn|5
|
|t:|1743889428
|move|p2a: Ribombee|Sticky Web|p1a: Garchomp
|-sidestart|p1: Trainee Sword|move: Sticky Web
|move|p1a: Garchomp|Spikes|p2a: Ribombee
|-sidestart|p2: Mhk897|Spikes
|
|upkeep
|turn|6
|
|t:|1743889432
|move|p2a: Ribombee|Moonblast|p1a: Garchomp
|-supereffective|p1a: Garchomp
|-crit|p1a: Garchomp
|-damage|p1a: Garchomp|0 fnt
|faint|p1a: Garchomp
|
|upkeep
|
|t:|1743889436
|switch|p1a: Slowking|Slowking-Galar, F|100/100
|turn|7
|
|t:|1743889440
|move|p2a: Ribombee|Stun Spore|p1a: Slowking
|-status|p1a: Slowking|par
|move|p1a: Slowking|Thunder Wave|p2a: Ribombee
|-status|p2a: Ribombee|par
|
|upkeep
|turn|8
|
|t:|1743889444
|move|p2a: Ribombee|Skill Swap|p1a: Slowking
|-activate|p2a: Ribombee|move: Skill Swap|Regenerator|Shield Dust|[of] p1a: Slowking
|cant|p1a: Slowking|par
|
|upkeep
|turn|9
|
|t:|1743889447
|move|p2a: Ribombee|Moonblast|p1a: Slowking
|-resisted|p1a: Slowking
|-damage|p1a: Slowking|90/100 par
|cant|p1a: Slowking|par
|
|upkeep
|turn|10
|
|t:|1743889452
|move|p2a: Ribombee|Moonblast|p1a: Slowking
|-resisted|p1a: Slowking
|-damage|p1a: Slowking|82/100 par
|move|p1a: Slowking|Sludge Bomb|p2a: Ribombee
|-supereffective|p2a: Ribombee
|-damage|p2a: Ribombee|0 fnt
|faint|p2a: Ribombee
|
|upkeep
|
|t:|1743889459
|switch|p2a: Garchomp|Garchomp, M|100/100
|-damage|p2a: Garchomp|94/100|[from] Stealth Rock
|-damage|p2a: Garchomp|78/100|[from] Spikes
|turn|11
|
|t:|1743889464
|move|p2a: Garchomp|Earthquake|p1a: Slowking
|-supereffective|p1a: Slowking
|-damage|p1a: Slowking|0 fnt
|faint|p1a: Slowking
|
|upkeep
|
|t:|1743889467
|switch|p1a: Darkrai|Darkrai|100/100
|-activate|p1a: Darkrai|move: Sticky Web
|-unboost|p1a: Darkrai|spe|1
|turn|12
|
|t:|1743889471
|move|p1a: Darkrai|Ice Beam|p2a: Garchomp
|-supereffective|p2a: Garchomp
|-damage|p2a: Garchomp|0 fnt
|faint|p2a: Garchomp
|
|upkeep
|
|t:|1743889476
|switch|p2a: Enamorus|Enamorus, F|100/100
|-damage|p2a: Enamorus|76/100|[from] Stealth Rock
|turn|13
|
|t:|1743889479
|move|p1a: Darkrai|Ice Beam|p2a: Enamorus
|-supereffective|p2a: Enamorus
|-damage|p2a: Enamorus|0 fnt
|faint|p2a: Enamorus
|
|upkeep
|
|t:|1743889482
|switch|p2a: Manaphy|Manaphy|100/100
|-damage|p2a: Manaphy|88/100|[from] Stealth Rock
|-damage|p2a: Manaphy|72/100|[from] Spikes
|turn|14
|
|t:|1743889484
|switch|p1a: Hoopa|Hoopa-Unbound|100/100
|-activate|p1a: Hoopa|move: Sticky Web
|-unboost|p1a: Hoopa|spe|1
|move|p2a: Manaphy|Tail Glow|p2a: Manaphy
|-boost|p2a: Manaphy|spa|3
|
|-heal|p2a: Manaphy|78/100|[from] item: Leftovers
|upkeep
|turn|15
|
|t:|1743889488
|move|p2a: Manaphy|Alluring Voice|p1a: Hoopa
|-supereffective|p1a: Hoopa
|-damage|p1a: Hoopa|44/100
|move|p1a: Hoopa|Knock Off|p2a: Manaphy
|-damage|p2a: Manaphy|29/100
|-enditem|p2a: Manaphy|Leftovers|[from] move: Knock Off|[of] p1a: Hoopa
|
|upkeep
|turn|16
|
|t:|1743889497
|move|p2a: Manaphy|Alluring Voice|p1a: Hoopa
|-supereffective|p1a: Hoopa
|-damage|p1a: Hoopa|0 fnt
|faint|p1a: Hoopa
|
|upkeep
|
|t:|1743889500
|switch|p1a: Alomomola|Alomomola, M|100/100
|turn|17
|
|t:|1743889502
|move|p2a: Manaphy|Energy Ball|p1a: Alomomola
|-supereffective|p1a: Alomomola
|-damage|p1a: Alomomola|0 fnt
|faint|p1a: Alomomola
|
|upkeep
|
|t:|1743889504
|switch|p1a: Darkrai|Darkrai|100/100
|-activate|p1a: Darkrai|move: Sticky Web
|-unboost|p1a: Darkrai|spe|1
|turn|18
|
|t:|1743889510
|move|p1a: Darkrai|Dark Pulse|p2a: Manaphy
|-damage|p2a: Manaphy|0 fnt
|faint|p2a: Manaphy
|
|upkeep
|
|t:|1743889513
|switch|p2a: Dragapult|Dragapult, F|100/100
|-damage|p2a: Dragapult|88/100|[from] Stealth Rock
|-damage|p2a: Dragapult|72/100|[from] Spikes
|turn|19
|
|t:|1743889516
|move|p2a: Dragapult|U-turn|p1a: Darkrai
|-supereffective|p1a: Darkrai
|-damage|p1a: Darkrai|11/100
|move|p1a: Darkrai|Dark Pulse|p2a: Dragapult
|-supereffective|p2a: Dragapult
|-damage|p2a: Dragapult|0 fnt
|faint|p2a: Dragapult
|
|win|Trainee Sword
|raw|Trainee Sword's rating: 1293 &rarr; <strong>1319</strong><br />(+26 for winning)
|raw|Mhk897's rating: 1305 &rarr; <strong>1284</strong><br />(-21 for losing)
|c|☆Trainee Sword|Gg
|c|☆Mhk897|Gg
|l|☆Mhk897
|player|p2|
