|j|☆boyoo
|j|☆Brucey_Bruce
|t:|1743880291
|gametype|singles
|player|p1|boyoo|1|1442
|player|p2|Brucey_Bruce|rosa|1474
|teamsize|p1|6
|teamsize|p2|6
|gen|9
|tier|[Gen 9] OU
|rated|
|rule|HP Percentage Mod: HP is shown in percentages
|rule|Endless Battle Clause: Forcing endless battles is banned
|rule|Species Clause: Limit one of each Pokémon
|rule|OHKO Clause: OHKO moves are banned
|rule|Evasion Items Clause: Evasion items are banned
|rule|Evasion Moves Clause: Evasion moves are banned
|rule|Sleep Moves Clause: Sleep-inducing moves are banned
|clearpoke
|poke|p1|Raging Bolt|
|poke|p1|Rillaboom, M|
|poke|p1|Tinkaton, F|
|poke|p1|Primarina, F|
|poke|p1|Gliscor, M|
|poke|p1|Great Tusk|
|poke|p2|Ogerpon-Wellspring, F|
|poke|p2|Zamazenta-*|
|poke|p2|Iron Treads|
|poke|p2|Iron Jugulis|
|poke|p2|Dragonite, M|
|poke|p2|Iron Valiant|
|teampreview
|
|t:|1743880311
|start
|switch|p1a: Tinkaton|Tinkaton, F|100/100
|switch|p2a: Iron Jugulis|Iron Jugulis|100/100
|-item|p1a: Tinkaton|Air Balloon
|turn|1
|
|t:|1743880330
|move|p2a: Iron Jugulis|Meteor Beam||[still]
|-prepare|p2a: Iron Jugulis|Meteor Beam
|-boost|p2a: Iron Jugulis|spa|1
|-enditem|p2a: Iron Jugulis|Power Herb
|-anim|p2a: Iron Jugulis|Meteor Beam|p1a: Tinkaton
|-resisted|p1a: Tinkaton
|-damage|p1a: Tinkaton|76/100
|-enditem|p1a: Tinkaton|Air Balloon
|move|p1a: Tinkaton|Stealth Rock|p2a: Iron Jugulis
|-sidestart|p2: Brucey_Bruce|move: Stealth Rock
|
|upkeep
|turn|2
|
|t:|1743880357
|move|p2a: Iron Jugulis|Knock Off|p1a: Tinkaton
|-resisted|p1a: Tinkaton
|-damage|p1a: Tinkaton|65/100
|move|p1a: Tinkaton|Thunder Wave|p2a: Iron Jugulis
|-status|p2a: Iron Jugulis|par
|
|upkeep
|turn|3
|
|t:|1743880365
|move|p1a: Tinkaton|Encore|p2a: Iron Jugulis
|-start|p2a: Iron Jugulis|Encore
|move|p2a: Iron Jugulis|Knock Off|p1a: Tinkaton
|-resisted|p1a: Tinkaton
|-damage|p1a: Tinkaton|55/100
|
|upkeep
|turn|4
|
|t:|1743880369
|move|p1a: Tinkaton|Gigaton Hammer|p2a: Iron Jugulis
|-damage|p2a: Iron Jugulis|51/100 par
|move|p2a: Iron Jugulis|Knock Off|p1a: Tinkaton
|-resisted|p1a: Tinkaton
|-damage|p1a: Tinkaton|44/100
|
|upkeep
|turn|5
|
|t:|1743880378
|move|p1a: Tinkaton|Thunder Wave|p2a: Iron Jugulis
|-fail|p2a: Iron Jugulis|par
|cant|p2a: Iron Jugulis|par
|
|-end|p2a: Iron Jugulis|Encore
|upkeep
|turn|6
|
|t:|1743880393
|move|p1a: Tinkaton|Encore|p2a: Iron Jugulis
|-start|p2a: Iron Jugulis|Encore
|move|p2a: Iron Jugulis|Knock Off|p1a: Tinkaton
|-resisted|p1a: Tinkaton
|-damage|p1a: Tinkaton|34/100
|
|upkeep
|turn|7
|
|t:|1743880399
|move|p1a: Tinkaton|Gigaton Hammer|p2a: Iron Jugulis
|-damage|p2a: Iron Jugulis|0 fnt
|faint|p2a: Iron Jugulis
|-end|p2a: Iron Jugulis|Quark Drive|[silent]
|
|upkeep
|
|t:|1743880426
|switch|p2a: Ogerpon|Ogerpon-Wellspring, F|100/100
|-damage|p2a: Ogerpon|88/100|[from] Stealth Rock
|turn|8
|
|t:|1743880432
|move|p2a: Ogerpon|Ivy Cudgel|p1a: Tinkaton|[anim] Ivy Cudgel Water
|-damage|p1a: Tinkaton|0 fnt
|faint|p1a: Tinkaton
|
|upkeep
|
|t:|1743880438
|switch|p1a: Rillaboom|Rillaboom, M|100/100
|-fieldstart|move: Grassy Terrain|[from] ability: Grassy Surge|[of] p1a: Rillaboom
|turn|9
|
|t:|1743880455
|move|p2a: Ogerpon|Power Whip|p1a: Rillaboom
|-resisted|p1a: Rillaboom
|-damage|p1a: Rillaboom|47/100
|move|p1a: Rillaboom|U-turn|p2a: Ogerpon
|-supereffective|p2a: Ogerpon
|-damage|p2a: Ogerpon|26/100
|
|t:|1743880466
|switch|p1a: Raging Bolt|Raging Bolt|100/100|[from] U-turn
|
|-heal|p2a: Ogerpon|32/100|[from] Grassy Terrain
|upkeep
|turn|10
|
|t:|1743880478
|move|p1a: Raging Bolt|Thunderclap||[still]
|-fail|p1a: Raging Bolt
|move|p2a: Ogerpon|Swords Dance|p2a: Ogerpon
|-boost|p2a: Ogerpon|atk|2
|
|-heal|p2a: Ogerpon|38/100|[from] Grassy Terrain
|upkeep
|turn|11
|
|t:|1743880503
|-end|p1a: Raging Bolt|Protosynthesis|[silent]
|switch|p1a: Rillaboom|Rillaboom, M|47/100
|move|p2a: Ogerpon|Swords Dance|p2a: Ogerpon
|-boost|p2a: Ogerpon|atk|2
|
|-heal|p2a: Ogerpon|44/100|[from] Grassy Terrain
|-heal|p1a: Rillaboom|54/100|[from] Grassy Terrain
|upkeep
|turn|12
|
|t:|1743880552
|-terastallize|p2a: Ogerpon|Water
|detailschange|p2a: Ogerpon|Ogerpon-Wellspring-Tera, F, tera:Water
|-ability|p2a: Ogerpon|Embody Aspect (Wellspring)|boost
|-boost|p2a: Ogerpon|spd|1
|move|p1a: Rillaboom|Grassy Glide|p2a: Ogerpon
|-supereffective|p2a: Ogerpon
|-damage|p2a: Ogerpon|0 fnt
|faint|p2a: Ogerpon
|
|-heal|p1a: Rillaboom|60/100|[from] Grassy Terrain
|upkeep
|c|☆Brucey_Bruce|worst tera of all time
|
|t:|1743880583
|switch|p2a: Iron Treads|Iron Treads|100/100
|-damage|p2a: Iron Treads|97/100|[from] Stealth Rock
|-enditem|p2a: Iron Treads|Booster Energy
|-activate|p2a: Iron Treads|ability: Quark Drive|[fromitem]
|-start|p2a: Iron Treads|quarkdrivespe
|turn|13
|
|t:|1743880616
|switch|p1a: Great Tusk|Great Tusk|100/100
|move|p2a: Iron Treads|Rapid Spin|p1a: Great Tusk
|-damage|p1a: Great Tusk|93/100
|-boost|p2a: Iron Treads|spe|1
|-sideend|p2: Brucey_Bruce|Stealth Rock|[from] move: Rapid Spin|[of] p2a: Iron Treads
|
|-heal|p2a: Iron Treads|100/100|[from] Grassy Terrain
|-heal|p1a: Great Tusk|99/100|[from] Grassy Terrain
|upkeep
|turn|14
|
|t:|1743880654
|-end|p2a: Iron Treads|Quark Drive|[silent]
|switch|p2a: Dragonite|Dragonite, M|100/100
|move|p1a: Great Tusk|Close Combat|p2a: Dragonite
|-resisted|p2a: Dragonite
|-damage|p2a: Dragonite|87/100
|-unboost|p1a: Great Tusk|def|1
|-unboost|p1a: Great Tusk|spd|1
|
|-heal|p1a: Great Tusk|100/100|[from] Grassy Terrain
|upkeep
|turn|15
|
|t:|1743880665
|move|p1a: Great Tusk|Ice Spinner|p2a: Dragonite
|-supereffective|p2a: Dragonite
|-damage|p2a: Dragonite|0 fnt
|-fieldend|move: Grassy Terrain
|faint|p2a: Dragonite
|
|upkeep
|
|t:|1743880671
|switch|p2a: Iron Valiant|Iron Valiant|100/100
|-enditem|p2a: Iron Valiant|Booster Energy
|-activate|p2a: Iron Valiant|ability: Quark Drive|[fromitem]
|-start|p2a: Iron Valiant|quarkdrivespe
|turn|16
|
|t:|1743880688
|-end|p1a: Great Tusk|Protosynthesis|[silent]
|switch|p1a: Gliscor|Gliscor, M|100/100
|move|p2a: Iron Valiant|Moonblast|p1a: Gliscor
|-damage|p1a: Gliscor|63/100
|
|-status|p1a: Gliscor|tox|[from] item: Toxic Orb
|upkeep
|turn|17
|
|t:|1743880719
|move|p2a: Iron Valiant|Calm Mind|p2a: Iron Valiant
|-boost|p2a: Iron Valiant|spa|1
|-boost|p2a: Iron Valiant|spd|1
|move|p1a: Gliscor|Earthquake|p2a: Iron Valiant
|-damage|p2a: Iron Valiant|55/100
|
|-heal|p1a: Gliscor|76/100 tox|[from] ability: Poison Heal
|upkeep
|turn|18
|
|t:|1743880730
|move|p2a: Iron Valiant|Moonblast|p1a: Gliscor
|-damage|p1a: Gliscor|13/100 tox
|move|p1a: Gliscor|Earthquake|p2a: Iron Valiant
|-damage|p2a: Iron Valiant|9/100
|
|-heal|p1a: Gliscor|26/100 tox|[from] ability: Poison Heal
|upkeep
|turn|19
|
|t:|1743880734
|move|p2a: Iron Valiant|Moonblast|p1a: Gliscor
|-damage|p1a: Gliscor|0 fnt
|faint|p1a: Gliscor
|
|upkeep
|
|t:|1743880750
|switch|p1a: Rillaboom|Rillaboom, M|60/100
|-fieldstart|move: Grassy Terrain|[from] ability: Grassy Surge|[of] p1a: Rillaboom
|turn|20
|
|t:|1743880755
|-end|p2a: Iron Valiant|Quark Drive|[silent]
|switch|p2a: Zamazenta|Zamazenta|100/100
|-ability|p2a: Zamazenta|Dauntless Shield|boost
|-boost|p2a: Zamazenta|def|1
|move|p1a: Rillaboom|Grassy Glide|p2a: Zamazenta
|-damage|p2a: Zamazenta|77/100
|
|-heal|p2a: Zamazenta|84/100|[from] Grassy Terrain
|-heal|p1a: Rillaboom|66/100|[from] Grassy Terrain
|upkeep
|turn|21
|
|t:|1743880765
|switch|p1a: Primarina|Primarina, F|100/100
|move|p2a: Zamazenta|Close Combat|p1a: Primarina
|-resisted|p1a: Primarina
|-damage|p1a: Primarina|61/100
|-unboost|p2a: Zamazenta|def|1
|-unboost|p2a: Zamazenta|spd|1
|
|-heal|p2a: Zamazenta|90/100|[from] Grassy Terrain
|-heal|p1a: Primarina|68/100|[from] Grassy Terrain
|-heal|p1a: Primarina|74/100|[from] item: Leftovers
|upkeep
|turn|22
|
|t:|1743880777
|switch|p2a: Iron Treads|Iron Treads|100/100
|move|p1a: Primarina|Calm Mind|p1a: Primarina
|-boost|p1a: Primarina|spa|1
|-boost|p1a: Primarina|spd|1
|
|-heal|p1a: Primarina|80/100|[from] Grassy Terrain
|-heal|p1a: Primarina|86/100|[from] item: Leftovers
|upkeep
|turn|23
|
|t:|1743880785
|move|p2a: Iron Treads|Steel Beam|p1a: Primarina
|-damage|p1a: Primarina|56/100
|-damage|p2a: Iron Treads|50/100|[from] steelbeam
|move|p1a: Primarina|Psychic Noise|p2a: Iron Treads
|-supereffective|p2a: Iron Treads
|-damage|p2a: Iron Treads|0 fnt
|faint|p2a: Iron Treads
|-end|p2a: Iron Treads|Quark Drive|[silent]
|
|-heal|p1a: Primarina|62/100|[from] Grassy Terrain
|-heal|p1a: Primarina|68/100|[from] item: Leftovers
|upkeep
|c|☆Brucey_Bruce|I played this horribly gg
|-message|Brucey_Bruce forfeited.
|
|win|boyoo
|raw|boyoo's rating: 1442 &rarr; <strong>1464</strong><br />(+22 for winning)
|raw|Brucey_Bruce's rating: 1474 &rarr; <strong>1452</strong><br />(-22 for losing)
|l|☆Brucey_Bruce
|player|p2|
