|j|☆Solgaleonard
|j|☆Winston'sDad
|t:|1743860786
|gametype|singles
|player|p1|Solgaleonard|101|1153
|player|p2|Winston'sDad|266|1125
|teamsize|p1|6
|teamsize|p2|6
|gen|9
|tier|[Gen 9] OU
|rated|
|rule|HP Percentage Mod: HP is shown in percentages
|rule|Endless Battle Clause: Forcing endless battles is banned
|rule|Species Clause: Limit one of each Pokémon
|rule|OHKO Clause: OHKO moves are banned
|rule|Evasion Items Clause: Evasion items are banned
|rule|Evasion Moves Clause: Evasion moves are banned
|rule|Sleep Moves Clause: Sleep-inducing moves are banned
|clearpoke
|poke|p1|Infernape, M|
|poke|p1|Iron Treads|
|poke|p1|Ogerpon-Wellspring, F|
|poke|p1|Raging Bolt|
|poke|p1|Grimmsnarl, M|
|poke|p1|Ninetales, F|
|poke|p2|Gliscor, F|
|poke|p2|Clefable, F|
|poke|p2|Garganacl, F|
|poke|p2|Zamazenta-*|
|poke|p2|Kingambit, M|
|poke|p2|Raging Bolt|
|teampreview
|
|t:|1743860796
|start
|switch|p1a: Iron Treads|Iron Treads|100/100
|switch|p2a: Raging Bolt|Raging Bolt|100/100
|-enditem|p1a: Iron Treads|Booster Energy
|-activate|p1a: Iron Treads|ability: Quark Drive|[fromitem]
|-start|p1a: Iron Treads|quarkdrivespe
|turn|1
|
|t:|1743860808
|move|p1a: Iron Treads|Stealth Rock|p2a: Raging Bolt
|-sidestart|p2: Winston'sDad|move: Stealth Rock
|move|p2a: Raging Bolt|Dragon Pulse|p1a: Iron Treads
|-resisted|p1a: Iron Treads
|-damage|p1a: Iron Treads|77/100
|
|upkeep
|turn|2
|
|t:|1743860818
|-end|p2a: Raging Bolt|Protosynthesis|[silent]
|switch|p2a: Clefable|Clefable, F|100/100
|move|p1a: Iron Treads|Earthquake|p2a: Clefable
|-damage|p2a: Clefable|68/100
|
|-heal|p2a: Clefable|74/100|[from] item: Leftovers
|upkeep
|turn|3
|
|t:|1743860826
|move|p1a: Iron Treads|Iron Head|p2a: Clefable
|-supereffective|p2a: Clefable
|-damage|p2a: Clefable|24/100
|cant|p2a: Clefable|flinch
|
|-heal|p2a: Clefable|30/100|[from] item: Leftovers
|upkeep
|turn|4
|
|t:|1743860835
|switch|p2a: Gliscor|Gliscor, F|100/100
|-damage|p2a: Gliscor|88/100|[from] Stealth Rock
|move|p1a: Iron Treads|Iron Head|p2a: Gliscor
|-damage|p2a: Gliscor|64/100
|
|-status|p2a: Gliscor|tox|[from] item: Toxic Orb
|upkeep
|turn|5
|
|t:|1743860846
|move|p1a: Iron Treads|Rapid Spin|p2a: Gliscor
|-damage|p2a: Gliscor|54/100 tox
|-boost|p1a: Iron Treads|spe|1
|move|p2a: Gliscor|Spikes|p1a: Iron Treads
|-sidestart|p1: Solgaleonard|Spikes
|
|-heal|p2a: Gliscor|66/100 tox|[from] ability: Poison Heal
|upkeep
|turn|6
|
|t:|1743860861
|-end|p1a: Iron Treads|Quark Drive|[silent]
|switch|p1a: Ogerpon|Ogerpon-Wellspring, F|100/100
|-damage|p1a: Ogerpon|88/100|[from] Spikes
|move|p2a: Gliscor|Protect||[still]
|-fail|p2a: Gliscor
|
|-heal|p2a: Gliscor|79/100 tox|[from] ability: Poison Heal
|upkeep
|turn|7
|
|t:|1743860871
|move|p2a: Gliscor|Protect|p2a: Gliscor
|-singleturn|p2a: Gliscor|Protect
|move|p1a: Ogerpon|Ivy Cudgel|p2a: Gliscor|[anim] Ivy Cudgel Water
|-activate|p2a: Gliscor|move: Protect
|
|-heal|p2a: Gliscor|91/100 tox|[from] ability: Poison Heal
|upkeep
|turn|8
|
|t:|1743860887
|move|p1a: Ogerpon|Ivy Cudgel|p2a: Gliscor|[anim] Ivy Cudgel Water
|-supereffective|p2a: Gliscor
|-damage|p2a: Gliscor|1/100 tox
|move|p2a: Gliscor|Toxic|p1a: Ogerpon
|-status|p1a: Ogerpon|tox
|
|-damage|p1a: Ogerpon|82/100 tox|[from] psn
|-heal|p2a: Gliscor|13/100 tox|[from] ability: Poison Heal
|upkeep
|turn|9
|
|t:|1743860898
|move|p2a: Gliscor|Protect|p2a: Gliscor
|-singleturn|p2a: Gliscor|Protect
|move|p1a: Ogerpon|Knock Off|p2a: Gliscor
|-activate|p2a: Gliscor|move: Protect
|
|-damage|p1a: Ogerpon|70/100 tox|[from] psn
|-heal|p2a: Gliscor|26/100 tox|[from] ability: Poison Heal
|upkeep
|turn|10
|
|t:|1743860911
|move|p2a: Gliscor|Protect|p2a: Gliscor
|-singleturn|p2a: Gliscor|Protect
|move|p1a: Ogerpon|Ivy Cudgel|p2a: Gliscor|[anim] Ivy Cudgel Water
|-activate|p2a: Gliscor|move: Protect
|
|-damage|p1a: Ogerpon|52/100 tox|[from] psn
|-heal|p2a: Gliscor|38/100 tox|[from] ability: Poison Heal
|upkeep
|turn|11
|
|t:|1743860922
|switch|p2a: Raging Bolt|Raging Bolt|100/100
|move|p1a: Ogerpon|Ivy Cudgel|p2a: Raging Bolt|[anim] Ivy Cudgel Water
|-resisted|p2a: Raging Bolt
|-damage|p2a: Raging Bolt|76/100
|
|-damage|p1a: Ogerpon|28/100 tox|[from] psn
|upkeep
|turn|12
|
|t:|1743860931
|move|p2a: Raging Bolt|Thunderclap|p1a: Ogerpon
|-damage|p1a: Ogerpon|0 fnt
|faint|p1a: Ogerpon
|
|upkeep
|
|t:|1743860943
|switch|p1a: Grimmsnarl|Grimmsnarl, M|100/100
|-damage|p1a: Grimmsnarl|88/100|[from] Spikes
|turn|13
|
|t:|1743860954
|move|p1a: Grimmsnarl|Light Screen|p1a: Grimmsnarl
|-sidestart|p1: Solgaleonard|move: Light Screen
|move|p2a: Raging Bolt|Volt Switch|p1a: Grimmsnarl
|-damage|p1a: Grimmsnarl|66/100
|
|t:|1743860959
|-end|p2a: Raging Bolt|Protosynthesis|[silent]
|switch|p2a: Gliscor|Gliscor, F|38/100 tox|[from] Volt Switch
|-damage|p2a: Gliscor|26/100 tox|[from] Stealth Rock
|
|-heal|p2a: Gliscor|38/100 tox|[from] ability: Poison Heal
|upkeep
|turn|14
|
|t:|1743860968
|move|p1a: Grimmsnarl|Reflect|p1a: Grimmsnarl
|-sidestart|p1: Solgaleonard|Reflect
|move|p2a: Gliscor|Toxic|p1a: Grimmsnarl
|-status|p1a: Grimmsnarl|tox
|
|-heal|p2a: Gliscor|51/100 tox|[from] ability: Poison Heal
|-damage|p1a: Grimmsnarl|60/100 tox|[from] psn
|upkeep
|turn|15
|
|t:|1743860990
|switch|p1a: Ninetales|Ninetales, F|100/100
|-damage|p1a: Ninetales|88/100|[from] Spikes
|-weather|SunnyDay|[from] ability: Drought|[of] p1a: Ninetales
|move|p2a: Gliscor|Spikes|p1a: Ninetales
|-sidestart|p1: Solgaleonard|Spikes
|
|-weather|SunnyDay|[upkeep]
|-heal|p2a: Gliscor|63/100 tox|[from] ability: Poison Heal
|upkeep
|turn|16
|
|t:|1743861007
|move|p1a: Ninetales|Encore|p2a: Gliscor
|-start|p2a: Gliscor|Encore
|move|p2a: Gliscor|Spikes|p1a: Ninetales
|-sidestart|p1: Solgaleonard|Spikes
|
|-weather|SunnyDay|[upkeep]
|-heal|p2a: Gliscor|76/100 tox|[from] ability: Poison Heal
|upkeep
|turn|17
|
|t:|1743861016
|switch|p2a: Raging Bolt|Raging Bolt|76/100
|-activate|p2a: Raging Bolt|ability: Protosynthesis
|-start|p2a: Raging Bolt|protosynthesisspa
|move|p1a: Ninetales|Solar Beam||[still]
|-prepare|p1a: Ninetales|Solar Beam
|-anim|p1a: Ninetales|Solar Beam|p2a: Raging Bolt
|-resisted|p2a: Raging Bolt
|-damage|p2a: Raging Bolt|65/100
|
|-weather|SunnyDay|[upkeep]
|upkeep
|turn|18
|
|t:|1743861033
|switch|p1a: Iron Treads|Iron Treads|77/100
|-damage|p1a: Iron Treads|52/100|[from] Spikes
|move|p2a: Raging Bolt|Volt Switch|p1a: Iron Treads
|-immune|p1a: Iron Treads
|
|-weather|SunnyDay|[upkeep]
|upkeep
|turn|19
|
|t:|1743861052
|-end|p2a: Raging Bolt|Protosynthesis|[silent]
|switch|p2a: Zamazenta|Zamazenta|100/100
|-ability|p2a: Zamazenta|Dauntless Shield|boost
|-boost|p2a: Zamazenta|def|1
|move|p1a: Iron Treads|Rapid Spin|p2a: Zamazenta
|-damage|p2a: Zamazenta|92/100
|-boost|p1a: Iron Treads|spe|1
|-sideend|p1: Solgaleonard|Spikes|[from] move: Rapid Spin|[of] p1a: Iron Treads
|
|-weather|SunnyDay|[upkeep]
|upkeep
|turn|20
|
|t:|1743861080
|move|p1a: Iron Treads|Earthquake|p2a: Zamazenta
|-damage|p2a: Zamazenta|68/100
|move|p2a: Zamazenta|Close Combat|p1a: Iron Treads
|-supereffective|p1a: Iron Treads
|-damage|p1a: Iron Treads|0 fnt
|-unboost|p2a: Zamazenta|def|1
|-unboost|p2a: Zamazenta|spd|1
|faint|p1a: Iron Treads
|-end|p1a: Iron Treads|Quark Drive|[silent]
|
|-weather|SunnyDay|[upkeep]
|-sideend|p1: Solgaleonard|move: Light Screen
|upkeep
|
|t:|1743861095
|switch|p1a: Raging Bolt|Raging Bolt|100/100
|-activate|p1a: Raging Bolt|ability: Protosynthesis
|-start|p1a: Raging Bolt|protosynthesisspa
|turn|21
|
|t:|1743861118
|switch|p2a: Gliscor|Gliscor, F|76/100 tox
|-damage|p2a: Gliscor|63/100 tox|[from] Stealth Rock
|move|p1a: Raging Bolt|Calm Mind|p1a: Raging Bolt
|-boost|p1a: Raging Bolt|spa|1
|-boost|p1a: Raging Bolt|spd|1
|
|-weather|SunnyDay|[upkeep]
|-heal|p2a: Gliscor|76/100 tox|[from] ability: Poison Heal
|-sideend|p1: Solgaleonard|Reflect
|upkeep
|turn|22
|
|t:|1743861133
|move|p2a: Gliscor|Toxic|p1a: Raging Bolt|[miss]
|-miss|p2a: Gliscor|p1a: Raging Bolt
|move|p1a: Raging Bolt|Draco Meteor|p2a: Gliscor
|-damage|p2a: Gliscor|0 fnt
|-unboost|p1a: Raging Bolt|spa|2
|faint|p2a: Gliscor
|
|-weather|none
|-end|p1a: Raging Bolt|Protosynthesis
|upkeep
|
|t:|1743861146
|switch|p2a: Clefable|Clefable, F|30/100
|turn|23
|
|t:|1743861153
|move|p1a: Raging Bolt|Thunderclap||[still]
|-fail|p1a: Raging Bolt
|move|p2a: Clefable|Moonlight|p2a: Clefable
|-heal|p2a: Clefable|80/100
|
|-heal|p2a: Clefable|86/100|[from] item: Leftovers
|upkeep
|turn|24
|
|t:|1743861162
|move|p1a: Raging Bolt|Calm Mind|p1a: Raging Bolt
|-boost|p1a: Raging Bolt|spa|1
|-boost|p1a: Raging Bolt|spd|1
|move|p2a: Clefable|Stealth Rock|p1a: Raging Bolt
|-sidestart|p1: Solgaleonard|move: Stealth Rock
|
|-heal|p2a: Clefable|92/100|[from] item: Leftovers
|upkeep
|turn|25
|
|t:|1743861175
|move|p1a: Raging Bolt|Calm Mind|p1a: Raging Bolt
|-boost|p1a: Raging Bolt|spa|1
|-boost|p1a: Raging Bolt|spd|1
|move|p2a: Clefable|Calm Mind|p2a: Clefable
|-boost|p2a: Clefable|spa|1
|-boost|p2a: Clefable|spd|1
|
|-heal|p2a: Clefable|98/100|[from] item: Leftovers
|upkeep
|turn|26
|
|t:|1743861185
|move|p1a: Raging Bolt|Calm Mind|p1a: Raging Bolt
|-boost|p1a: Raging Bolt|spa|1
|-boost|p1a: Raging Bolt|spd|1
|move|p2a: Clefable|Calm Mind|p2a: Clefable
|-boost|p2a: Clefable|spa|1
|-boost|p2a: Clefable|spd|1
|
|-heal|p2a: Clefable|100/100|[from] item: Leftovers
|upkeep
|turn|27
|
|t:|1743861194
|move|p1a: Raging Bolt|Calm Mind|p1a: Raging Bolt
|-boost|p1a: Raging Bolt|spa|1
|-boost|p1a: Raging Bolt|spd|1
|move|p2a: Clefable|Calm Mind|p2a: Clefable
|-boost|p2a: Clefable|spa|1
|-boost|p2a: Clefable|spd|1
|
|upkeep
|turn|28
|
|t:|1743861201
|move|p1a: Raging Bolt|Calm Mind|p1a: Raging Bolt
|-boost|p1a: Raging Bolt|spa|1
|-boost|p1a: Raging Bolt|spd|1
|move|p2a: Clefable|Moonblast|p1a: Raging Bolt
|-supereffective|p1a: Raging Bolt
|-damage|p1a: Raging Bolt|71/100
|
|upkeep
|turn|29
|
|t:|1743861210
|move|p1a: Raging Bolt|Thunderbolt|p2a: Clefable
|-damage|p2a: Clefable|42/100
|move|p2a: Clefable|Calm Mind|p2a: Clefable
|-boost|p2a: Clefable|spa|1
|-boost|p2a: Clefable|spd|1
|
|-heal|p2a: Clefable|48/100|[from] item: Leftovers
|upkeep
|turn|30
|
|t:|1743861220
|move|p1a: Raging Bolt|Thunderbolt|p2a: Clefable
|-damage|p2a: Clefable|3/100
|move|p2a: Clefable|Moonblast|p1a: Raging Bolt
|-supereffective|p1a: Raging Bolt
|-damage|p1a: Raging Bolt|32/100
|-unboost|p1a: Raging Bolt|spa|1
|
|-heal|p2a: Clefable|9/100|[from] item: Leftovers
|upkeep
|turn|31
|
|t:|1743861235
|move|p1a: Raging Bolt|Thunderbolt|p2a: Clefable
|-damage|p2a: Clefable|0 fnt
|faint|p2a: Clefable
|
|upkeep
|
|t:|1743861244
|switch|p2a: Kingambit|Kingambit, M|100/100
|-damage|p2a: Kingambit|94/100|[from] Stealth Rock
|-activate|p2a: Kingambit|ability: Supreme Overlord
|-start|p2a: Kingambit|fallen2|[silent]
|turn|32
|
|t:|1743861256
|move|p1a: Raging Bolt|Thunderclap|p2a: Kingambit
|-damage|p2a: Kingambit|0 fnt
|faint|p2a: Kingambit
|-end|p2a: Kingambit|fallen2|[silent]
|
|upkeep
|
|t:|1743861262
|switch|p2a: Raging Bolt|Raging Bolt|65/100
|turn|33
|
|t:|1743861266
|move|p2a: Raging Bolt|Dragon Pulse|p1a: Raging Bolt
|-supereffective|p1a: Raging Bolt
|-damage|p1a: Raging Bolt|14/100
|move|p1a: Raging Bolt|Draco Meteor|p2a: Raging Bolt
|-supereffective|p2a: Raging Bolt
|-damage|p2a: Raging Bolt|0 fnt
|-unboost|p1a: Raging Bolt|spa|2
|faint|p2a: Raging Bolt
|-end|p2a: Raging Bolt|Protosynthesis|[silent]
|
|upkeep
|
|t:|1743861277
|switch|p2a: Zamazenta|Zamazenta|68/100
|turn|34
|
|t:|1743861280
|move|p1a: Raging Bolt|Thunderclap|p2a: Zamazenta
|-damage|p2a: Zamazenta|16/100
|move|p2a: Zamazenta|Crunch|p1a: Raging Bolt
|-damage|p1a: Raging Bolt|0 fnt
|faint|p1a: Raging Bolt
|-end|p1a: Raging Bolt|Protosynthesis|[silent]
|
|upkeep
|
|t:|1743861290
|switch|p1a: Grimmsnarl|Grimmsnarl, M|60/100 tox
|-damage|p1a: Grimmsnarl|47/100 tox|[from] Stealth Rock
|turn|35
|
|t:|1743861296
|move|p1a: Grimmsnarl|Reflect|p1a: Grimmsnarl
|-sidestart|p1: Solgaleonard|Reflect
|move|p2a: Zamazenta|Close Combat|p1a: Grimmsnarl
|-damage|p1a: Grimmsnarl|20/100 tox
|-unboost|p2a: Zamazenta|def|1
|-unboost|p2a: Zamazenta|spd|1
|
|-damage|p1a: Grimmsnarl|14/100 tox|[from] psn
|upkeep
|turn|36
|
|t:|1743861307
|move|p1a: Grimmsnarl|Parting Shot|p2a: Zamazenta
|-unboost|p2a: Zamazenta|atk|1
|-unboost|p2a: Zamazenta|spa|1
|
|t:|1743861311
|switch|p1a: Ninetales|Ninetales, F|88/100|[from] Parting Shot
|-damage|p1a: Ninetales|63/100|[from] Stealth Rock
|-weather|SunnyDay|[from] ability: Drought|[of] p1a: Ninetales
|move|p2a: Zamazenta|Close Combat|p1a: Ninetales
|-damage|p1a: Ninetales|44/100
|-unboost|p2a: Zamazenta|def|1
|-unboost|p2a: Zamazenta|spd|1
|
|-weather|SunnyDay|[upkeep]
|upkeep
|turn|37
|
|t:|1743861323
|-terastallize|p1a: Ninetales|Grass
|move|p2a: Zamazenta|Stone Edge|p1a: Ninetales
|-damage|p1a: Ninetales|33/100
|move|p1a: Ninetales|Solar Beam||[still]
|-prepare|p1a: Ninetales|Solar Beam
|-anim|p1a: Ninetales|Solar Beam|p2a: Zamazenta
|-damage|p2a: Zamazenta|0 fnt
|faint|p2a: Zamazenta
|
|-weather|SunnyDay|[upkeep]
|upkeep
|
|t:|1743861334
|switch|p2a: Garganacl|Garganacl, F|100/100
|turn|38
|
|t:|1743861341
|-terastallize|p2a: Garganacl|Electric
|move|p1a: Ninetales|Solar Beam||[still]
|-prepare|p1a: Ninetales|Solar Beam
|-anim|p1a: Ninetales|Solar Beam|p2a: Garganacl
|-damage|p2a: Garganacl|77/100
|move|p2a: Garganacl|Salt Cure|p1a: Ninetales
|-damage|p1a: Ninetales|27/100
|-start|p1a: Ninetales|Salt Cure
|
|-weather|SunnyDay|[upkeep]
|-damage|p1a: Ninetales|15/100|[from] Salt Cure
|upkeep
|turn|39
|
|t:|1743861357
|move|p1a: Ninetales|Healing Wish|p1a: Ninetales
|faint|p1a: Ninetales
|move|p2a: Garganacl|Recover|p2a: Garganacl
|-heal|p2a: Garganacl|100/100
|
|-weather|SunnyDay|[upkeep]
|upkeep
|
|t:|1743861365
|switch|p1a: Grimmsnarl|Grimmsnarl, M|14/100 tox
|-heal|p1a: Grimmsnarl|100/100|[from] move: Healing Wish
|-damage|p1a: Grimmsnarl|88/100|[from] Stealth Rock
|turn|40
|
|t:|1743861378
|move|p1a: Grimmsnarl|Spirit Break|p2a: Garganacl
|-damage|p2a: Garganacl|82/100
|-unboost|p2a: Garganacl|spa|1
|move|p2a: Garganacl|Salt Cure|p1a: Grimmsnarl
|-damage|p1a: Grimmsnarl|82/100
|-start|p1a: Grimmsnarl|Salt Cure
|
|-weather|SunnyDay|[upkeep]
|-damage|p1a: Grimmsnarl|70/100|[from] Salt Cure
|upkeep
|turn|41
|
|t:|1743861407
|move|p1a: Grimmsnarl|Parting Shot|p2a: Garganacl
|-unboost|p2a: Garganacl|atk|1
|-unboost|p2a: Garganacl|spa|1
|
|t:|1743861416
|switch|p1a: Infernape|Infernape, M|100/100|[from] Parting Shot
|-damage|p1a: Infernape|88/100|[from] Stealth Rock
|move|p2a: Garganacl|Iron Defense|p2a: Garganacl
|-boost|p2a: Garganacl|def|2
|
|-weather|SunnyDay|[upkeep]
|upkeep
|turn|42
|
|t:|1743861434
|move|p1a: Infernape|Swords Dance|p1a: Infernape
|-boost|p1a: Infernape|atk|2
|move|p2a: Garganacl|Salt Cure|p1a: Infernape
|-damage|p1a: Infernape|81/100
|-start|p1a: Infernape|Salt Cure
|
|-weather|SunnyDay|[upkeep]
|-damage|p1a: Infernape|69/100|[from] Salt Cure
|-sideend|p1: Solgaleonard|Reflect
|upkeep
|turn|43
|
|t:|1743861451
|move|p1a: Infernape|Swords Dance|p1a: Infernape
|-boost|p1a: Infernape|atk|2
|move|p2a: Garganacl|Recover|p2a: Garganacl
|-heal|p2a: Garganacl|100/100
|
|-weather|none
|-damage|p1a: Infernape|57/100|[from] Salt Cure
|upkeep
|turn|44
|
|t:|1743861459
|move|p1a: Infernape|Swords Dance|p1a: Infernape
|-boost|p1a: Infernape|atk|2
|move|p2a: Garganacl|Iron Defense|p2a: Garganacl
|-boost|p2a: Garganacl|def|2
|
|-damage|p1a: Infernape|44/100|[from] Salt Cure
|upkeep
|turn|45
|
|t:|1743861467
|move|p1a: Infernape|Fire Punch|p2a: Garganacl
|-damage|p2a: Garganacl|66/100
|move|p2a: Garganacl|Iron Defense|p2a: Garganacl
|-boost|p2a: Garganacl|def|2
|
|-damage|p1a: Infernape|32/100|[from] Salt Cure
|upkeep
|turn|46
|
|t:|1743861475
|move|p1a: Infernape|Fire Punch|p2a: Garganacl
|-damage|p2a: Garganacl|40/100
|move|p2a: Garganacl|Recover|p2a: Garganacl
|-heal|p2a: Garganacl|90/100
|
|-damage|p1a: Infernape|20/100|[from] Salt Cure
|upkeep
|turn|47
|c|☆Winston'sDad|lol
|
|t:|1743861495
|switch|p1a: Grimmsnarl|Grimmsnarl, M|70/100
|-damage|p1a: Grimmsnarl|57/100|[from] Stealth Rock
|move|p2a: Garganacl|Body Press|p1a: Grimmsnarl
|-damage|p1a: Grimmsnarl|0 fnt
|faint|p1a: Grimmsnarl
|
|upkeep
|c|☆Solgaleonard|BRUH
|
|t:|1743861503
|switch|p1a: Infernape|Infernape, M|20/100
|-damage|p1a: Infernape|8/100|[from] Stealth Rock
|turn|48
|c|☆Winston'sDad|all time choke job
|
|t:|1743861513
|move|p1a: Infernape|Fire Punch|p2a: Garganacl
|-damage|p2a: Garganacl|83/100
|move|p2a: Garganacl|Body Press|p1a: Infernape
|-damage|p1a: Infernape|0 fnt
|faint|p1a: Infernape
|
|win|Winston'sDad
|raw|Solgaleonard's rating: 1153 &rarr; <strong>1126</strong><br />(-27 for losing)
|raw|Winston&apos;sDad's rating: 1125 &rarr; <strong>1152</strong><br />(+27 for winning)
