|j|☆turnyacc
|j|☆flyingtaco43
|t:|1743832915
|gametype|singles
|player|p1|turnyacc|266|1844
|player|p2|flyingtaco43|elesa|1809
|teamsize|p1|6
|teamsize|p2|6
|gen|9
|tier|[Gen 9] OU
|rated|
|rule|HP Percentage Mod: HP is shown in percentages
|rule|Endless Battle Clause: Forcing endless battles is banned
|rule|Species Clause: Limit one of each Pokémon
|rule|OHKO Clause: OHKO moves are banned
|rule|Evasion Items Clause: Evasion items are banned
|rule|Evasion Moves Clause: Evasion moves are banned
|rule|Sleep Moves Clause: Sleep-inducing moves are banned
|clearpoke
|poke|p1|Moltres|
|poke|p1|Clodsire, M|
|poke|p1|Raging Bolt|
|poke|p1|Great Tusk|
|poke|p1|Clefable, M|
|poke|p1|Iron Crown|
|poke|p2|Ting-Lu|
|poke|p2|Corviknight, F|
|poke|p2|Darkrai|
|poke|p2|Cinderace, F|
|poke|p2|Kyurem|
|poke|p2|Slowking-Galar, M|
|teampreview
|inactive|Battle timer is ON: inactive players will automatically lose when time's up. (requested by flyingtaco43)
|
|t:|1743832941
|start
|switch|p1a: Clodsire|Clodsire, M|100/100
|switch|p2a: The Walk|Kyurem|100/100
|-ability|p2a: The Walk|Pressure
|turn|1
|
|t:|1743832951
|switch|p2a: Hide and Seek|Slowking-Galar, M|100/100
|switch|p1a: Iron Crown|Iron Crown|100/100
|
|upkeep
|turn|2
|
|t:|1743832953
|move|p1a: Iron Crown|Future Sight|p2a: Hide and Seek
|-start|p1a: Iron Crown|move: Future Sight
|-prepare|p2a: Hide and Seek|Chilly Reception|[premajor]
|move|p2a: Hide and Seek|Chilly Reception|p2a: Hide and Seek
|-weather|Snowscape
|
|t:|1743832957
|switch|p2a: Headlock|Ting-Lu|100/100|[from] Chilly Reception
|-ability|p2a: Headlock|Vessel of Ruin
|
|-weather|Snowscape|[upkeep]
|upkeep
|turn|3
|
|t:|1743832963
|-end|p1a: Iron Crown|Quark Drive|[silent]
|switch|p1a: Moltres|Moltres|100/100
|move|p2a: Headlock|Ruination|p1a: Moltres
|-damage|p1a: Moltres|51/100
|
|-weather|Snowscape|[upkeep]
|upkeep
|turn|4
|
|t:|1743832971
|switch|p2a: Hide and Seek|Slowking-Galar, M|100/100
|move|p1a: Moltres|Will-O-Wisp|p2a: Hide and Seek
|-status|p2a: Hide and Seek|brn
|
|-weather|Snowscape|[upkeep]
|-end|p2a: Hide and Seek|move: Future Sight
|-damage|p2a: Hide and Seek|69/100 brn
|-damage|p2a: Hide and Seek|62/100 brn|[from] brn
|upkeep
|turn|5
|
|t:|1743832976
|move|p1a: Moltres|U-turn|p2a: Hide and Seek
|-damage|p2a: Hide and Seek|48/100 brn
|
|t:|1743832978
|switch|p1a: Iron Crown|Iron Crown|100/100|[from] U-turn
|-prepare|p2a: Hide and Seek|Chilly Reception|[premajor]
|move|p2a: Hide and Seek|Chilly Reception|p2a: Hide and Seek
|
|t:|1743832981
|switch|p2a: Headlock|Ting-Lu|100/100|[from] Chilly Reception
|-ability|p2a: Headlock|Vessel of Ruin
|
|-weather|Snowscape|[upkeep]
|upkeep
|turn|6
|
|t:|1743832991
|-end|p1a: Iron Crown|Quark Drive|[silent]
|switch|p1a: Moltres|Moltres|51/100
|move|p2a: Headlock|Earthquake|p1a: Moltres
|-immune|p1a: Moltres
|
|-weather|none
|upkeep
|turn|7
|
|t:|1743833001
|switch|p2a: Hide and Seek|Slowking-Galar, M|81/100 brn
|move|p1a: Moltres|Roost|p1a: Moltres
|-heal|p1a: Moltres|100/100
|-singleturn|p1a: Moltres|move: Roost
|
|-damage|p2a: Hide and Seek|75/100 brn|[from] brn
|upkeep
|turn|8
|
|t:|1743833004
|move|p1a: Moltres|U-turn|p2a: Hide and Seek
|-damage|p2a: Hide and Seek|61/100 brn
|
|t:|1743833006
|switch|p1a: Iron Crown|Iron Crown|100/100|[from] U-turn
|-prepare|p2a: Hide and Seek|Chilly Reception|[premajor]
|move|p2a: Hide and Seek|Chilly Reception|p2a: Hide and Seek
|-weather|Snowscape
|
|t:|1743833009
|switch|p2a: Daylight Robbery|Cinderace, F|100/100|[from] Chilly Reception
|
|-weather|Snowscape|[upkeep]
|upkeep
|turn|9
|
|t:|1743833013
|-end|p1a: Iron Crown|Quark Drive|[silent]
|switch|p1a: Moltres|Moltres|100/100
|move|p2a: Daylight Robbery|U-turn|p1a: Moltres
|-resisted|p1a: Moltres
|-damage|p1a: Moltres|97/100
|
|t:|1743833016
|switch|p2a: The Walk|Kyurem|100/100|[from] U-turn
|-ability|p2a: The Walk|Pressure
|
|-weather|Snowscape|[upkeep]
|upkeep
|turn|10
|
|t:|1743833031
|switch|p1a: Iron Crown|Iron Crown|100/100
|-terastallize|p2a: The Walk|Ice
|move|p2a: The Walk|Blizzard|p1a: Iron Crown
|-resisted|p1a: Iron Crown
|-damage|p1a: Iron Crown|68/100
|
|-weather|Snowscape|[upkeep]
|upkeep
|turn|11
|
|t:|1743833042
|-end|p1a: Iron Crown|Quark Drive|[silent]
|switch|p1a: Clefable|Clefable, M|100/100
|switch|p2a: Headlock|Ting-Lu|100/100
|-ability|p2a: Headlock|Vessel of Ruin
|
|-weather|Snowscape|[upkeep]
|upkeep
|turn|12
|
|t:|1743833047
|switch|p2a: Hide and Seek|Slowking-Galar, M|95/100 brn
|move|p1a: Clefable|Wish|p1a: Clefable
|
|-weather|none
|-damage|p2a: Hide and Seek|89/100 brn|[from] brn
|upkeep
|turn|13
|
|t:|1743833052
|switch|p1a: Iron Crown|Iron Crown|68/100
|-prepare|p2a: Hide and Seek|Chilly Reception|[premajor]
|move|p2a: Hide and Seek|Chilly Reception|p2a: Hide and Seek
|-weather|Snowscape
|
|t:|1743833056
|switch|p2a: Daylight Robbery|Cinderace, F|100/100|[from] Chilly Reception
|
|-weather|Snowscape|[upkeep]
|-heal|p1a: Iron Crown|100/100|[from] move: Wish|[wisher] Clefable
|upkeep
|turn|14
|
|t:|1743833059
|-end|p1a: Iron Crown|Quark Drive|[silent]
|switch|p1a: Moltres|Moltres|97/100
|move|p2a: Daylight Robbery|U-turn|p1a: Moltres
|-resisted|p1a: Moltres
|-damage|p1a: Moltres|94/100
|
|t:|1743833062
|switch|p2a: The Walk|Kyurem, tera:Ice|100/100|[from] U-turn
|-ability|p2a: The Walk|Pressure
|
|-weather|Snowscape|[upkeep]
|upkeep
|turn|15
|
|t:|1743833064
|switch|p1a: Iron Crown|Iron Crown|100/100
|move|p2a: The Walk|Blizzard|p1a: Iron Crown
|-resisted|p1a: Iron Crown
|-damage|p1a: Iron Crown|68/100
|
|-weather|Snowscape|[upkeep]
|upkeep
|turn|16
|
|t:|1743833073
|-end|p1a: Iron Crown|Quark Drive|[silent]
|switch|p1a: Moltres|Moltres|94/100
|switch|p2a: Daylight Robbery|Cinderace, F|100/100
|
|-weather|Snowscape|[upkeep]
|upkeep
|turn|17
|
|t:|1743833078
|move|p2a: Daylight Robbery|U-turn|p1a: Moltres
|-resisted|p1a: Moltres
|-damage|p1a: Moltres|91/100
|
|t:|1743833083
|switch|p2a: Hide and Seek|Slowking-Galar, M|100/100 brn|[from] U-turn
|move|p1a: Moltres|U-turn|p2a: Hide and Seek
|-damage|p2a: Hide and Seek|87/100 brn
|
|t:|1743833088
|switch|p1a: Great Tusk|Great Tusk|100/100|[from] U-turn
|
|-weather|none
|-damage|p2a: Hide and Seek|81/100 brn|[from] brn
|upkeep
|turn|18
|
|t:|1743833092
|switch|p2a: Clear the Area|Corviknight, F|100/100
|-ability|p2a: Clear the Area|Pressure
|move|p1a: Great Tusk|Knock Off|p2a: Clear the Area
|-damage|p2a: Clear the Area|80/100
|-damage|p1a: Great Tusk|84/100|[from] item: Rocky Helmet|[of] p2a: Clear the Area
|-enditem|p2a: Clear the Area|Rocky Helmet|[from] move: Knock Off|[of] p1a: Great Tusk
|
|upkeep
|turn|19
|
|t:|1743833097
|-end|p1a: Great Tusk|Protosynthesis|[silent]
|switch|p1a: Clodsire|Clodsire, M|100/100
|move|p2a: Clear the Area|U-turn|p1a: Clodsire
|-resisted|p1a: Clodsire
|-damage|p1a: Clodsire|93/100
|
|t:|1743833100
|switch|p2a: The Walk|Kyurem, tera:Ice|100/100|[from] U-turn
|-ability|p2a: The Walk|Pressure
|
|-heal|p1a: Clodsire|99/100|[from] item: Leftovers
|upkeep
|turn|20
|
|t:|1743833117
|switch|p2a: Hide and Seek|Slowking-Galar, M|100/100 brn
|switch|p1a: Iron Crown|Iron Crown|68/100
|
|-damage|p2a: Hide and Seek|94/100 brn|[from] brn
|upkeep
|turn|21
|
|t:|1743833121
|move|p1a: Iron Crown|Future Sight|p2a: Hide and Seek
|-start|p1a: Iron Crown|move: Future Sight
|-prepare|p2a: Hide and Seek|Chilly Reception|[premajor]
|move|p2a: Hide and Seek|Chilly Reception|p2a: Hide and Seek
|-weather|Snowscape
|
|t:|1743833123
|switch|p2a: Daylight Robbery|Cinderace, F|100/100|[from] Chilly Reception
|
|-weather|Snowscape|[upkeep]
|upkeep
|turn|22
|
|t:|1743833130
|-end|p1a: Iron Crown|Quark Drive|[silent]
|switch|p1a: Moltres|Moltres|91/100
|move|p2a: Daylight Robbery|U-turn|p1a: Moltres
|-resisted|p1a: Moltres
|-damage|p1a: Moltres|87/100
|
|t:|1743833132
|switch|p2a: The Walk|Kyurem, tera:Ice|100/100|[from] U-turn
|-ability|p2a: The Walk|Pressure
|
|-weather|Snowscape|[upkeep]
|upkeep
|turn|23
|
|t:|1743833142
|move|p2a: The Walk|Blizzard|p1a: Moltres
|-damage|p1a: Moltres|0 fnt
|faint|p1a: Moltres
|
|-weather|Snowscape|[upkeep]
|-end|p2a: The Walk|move: Future Sight
|-damage|p2a: The Walk|51/100
|upkeep
|
|t:|1743833146
|switch|p1a: Iron Crown|Iron Crown|68/100
|turn|24
|
|t:|1743833153
|-end|p1a: Iron Crown|Quark Drive|[silent]
|switch|p1a: Clodsire|Clodsire, M|99/100
|switch|p2a: Headlock|Ting-Lu|100/100
|-ability|p2a: Headlock|Vessel of Ruin
|
|-weather|Snowscape|[upkeep]
|-heal|p1a: Clodsire|100/100|[from] item: Leftovers
|upkeep
|turn|25
|
|t:|1743833156
|move|p2a: Headlock|Earthquake|p1a: Clodsire
|-supereffective|p1a: Clodsire
|-damage|p1a: Clodsire|13/100
|move|p1a: Clodsire|Stealth Rock|p2a: Headlock
|-sidestart|p2: flyingtaco43|move: Stealth Rock
|
|-weather|none
|-heal|p1a: Clodsire|19/100|[from] item: Leftovers
|upkeep
|turn|26
|
|t:|1743833163
|move|p2a: Headlock|Earthquake|p1a: Clodsire
|-supereffective|p1a: Clodsire
|-damage|p1a: Clodsire|0 fnt
|faint|p1a: Clodsire
|
|upkeep
|
|t:|1743833169
|switch|p1a: Great Tusk|Great Tusk|84/100
|turn|27
|
|t:|1743833175
|switch|p2a: Clear the Area|Corviknight, F|80/100
|-damage|p2a: Clear the Area|67/100|[from] Stealth Rock
|-ability|p2a: Clear the Area|Pressure
|move|p1a: Great Tusk|Knock Off|p2a: Clear the Area
|-damage|p2a: Clear the Area|54/100
|
|upkeep
|turn|28
|
|t:|1743833179
|move|p1a: Great Tusk|Rapid Spin|p2a: Clear the Area
|-resisted|p2a: Clear the Area
|-damage|p2a: Clear the Area|48/100
|-boost|p1a: Great Tusk|spe|1
|move|p2a: Clear the Area|Roost|p2a: Clear the Area
|-heal|p2a: Clear the Area|98/100
|-singleturn|p2a: Clear the Area|move: Roost
|
|upkeep
|turn|29
|j| bikingtotop100
|
|t:|1743833183
|-end|p1a: Great Tusk|Protosynthesis|[silent]
|switch|p1a: Raging Bolt|Raging Bolt|100/100
|move|p2a: Clear the Area|Brave Bird|p1a: Raging Bolt
|-resisted|p1a: Raging Bolt
|-damage|p1a: Raging Bolt|91/100
|-damage|p2a: Clear the Area|95/100|[from] Recoil
|
|-heal|p1a: Raging Bolt|97/100|[from] item: Leftovers
|upkeep
|turn|30
|
|t:|1743833186
|-end|p1a: Raging Bolt|Protosynthesis|[silent]
|switch|p1a: Great Tusk|Great Tusk|84/100
|switch|p2a: Headlock|Ting-Lu|100/100
|-damage|p2a: Headlock|94/100|[from] Stealth Rock
|-ability|p2a: Headlock|Vessel of Ruin
|
|-heal|p2a: Headlock|100/100|[from] item: Leftovers
|upkeep
|turn|31
|
|t:|1743833195
|-end|p1a: Great Tusk|Protosynthesis|[silent]
|switch|p1a: Iron Crown|Iron Crown|68/100
|move|p2a: Headlock|Ruination|p1a: Iron Crown|[miss]
|-miss|p2a: Headlock|p1a: Iron Crown
|
|upkeep
|turn|32
|
|t:|1743833199
|move|p1a: Iron Crown|Future Sight|p2a: Headlock
|-start|p1a: Iron Crown|move: Future Sight
|move|p2a: Headlock|Earthquake|p1a: Iron Crown
|-supereffective|p1a: Iron Crown
|-damage|p1a: Iron Crown|0 fnt
|faint|p1a: Iron Crown
|-end|p1a: Iron Crown|Quark Drive|[silent]
|
|upkeep
|
|t:|1743833203
|switch|p1a: Great Tusk|Great Tusk|84/100
|turn|33
|
|t:|1743833213
|switch|p2a: Clear the Area|Corviknight, F|95/100
|-damage|p2a: Clear the Area|82/100|[from] Stealth Rock
|-ability|p2a: Clear the Area|Pressure
|move|p1a: Great Tusk|Knock Off|p2a: Clear the Area
|-damage|p2a: Clear the Area|68/100
|
|upkeep
|turn|34
|
|t:|1743833219
|-end|p1a: Great Tusk|Protosynthesis|[silent]
|switch|p1a: Clefable|Clefable, M|100/100
|move|p2a: Clear the Area|U-turn|p1a: Clefable
|-resisted|p1a: Clefable
|-damage|p1a: Clefable|95/100
|
|t:|1743833228
|switch|p2a: Daylight Robbery|Cinderace, F|100/100|[from] U-turn
|
|-end|p2a: Daylight Robbery|move: Future Sight
|-damage|p2a: Daylight Robbery|30/100
|-heal|p1a: Clefable|100/100|[from] item: Leftovers
|upkeep
|turn|35
|
|t:|1743833233
|move|p2a: Daylight Robbery|Court Change|p2a: Daylight Robbery
|-swapsideconditions
|-activate|p2a: Daylight Robbery|move: Court Change
|move|p1a: Clefable|Thunder Wave|p2a: Daylight Robbery
|-status|p2a: Daylight Robbery|par
|
|upkeep
|turn|36
|
|t:|1743833236
|cant|p2a: Daylight Robbery|par
|move|p1a: Clefable|Wish|p1a: Clefable
|
|upkeep
|turn|37
|
|t:|1743833244
|switch|p1a: Great Tusk|Great Tusk|84/100
|move|p2a: Daylight Robbery|Will-O-Wisp|p1a: Great Tusk
|-status|p1a: Great Tusk|brn
|
|-heal|p1a: Great Tusk|100/100 brn|[from] move: Wish|[wisher] Clefable
|-damage|p1a: Great Tusk|94/100 brn|[from] brn
|upkeep
|turn|38
|
|t:|1743833253
|switch|p2a: Clear the Area|Corviknight, F|68/100
|-ability|p2a: Clear the Area|Pressure
|move|p1a: Great Tusk|Rapid Spin|p2a: Clear the Area
|-resisted|p2a: Clear the Area
|-damage|p2a: Clear the Area|66/100
|-boost|p1a: Great Tusk|spe|1
|-sideend|p1: turnyacc|Stealth Rock|[from] move: Rapid Spin|[of] p1a: Great Tusk
|
|-damage|p1a: Great Tusk|88/100 brn|[from] brn
|upkeep
|turn|39
|
|t:|1743833256
|-end|p1a: Great Tusk|Protosynthesis|[silent]
|switch|p1a: Clefable|Clefable, M|100/100
|move|p2a: Clear the Area|U-turn|p1a: Clefable
|-resisted|p1a: Clefable
|-damage|p1a: Clefable|95/100
|
|t:|1743833258
|switch|p2a: Hide and Seek|Slowking-Galar, M|100/100 brn|[from] U-turn
|
|-heal|p1a: Clefable|100/100|[from] item: Leftovers
|-damage|p2a: Hide and Seek|94/100 brn|[from] brn
|upkeep
|turn|40
|
|t:|1743833263
|switch|p1a: Great Tusk|Great Tusk|88/100 brn
|move|p2a: Hide and Seek|Sludge Bomb|p1a: Great Tusk
|-resisted|p1a: Great Tusk
|-damage|p1a: Great Tusk|63/100 brn
|
|-damage|p1a: Great Tusk|57/100 brn|[from] brn
|-damage|p2a: Hide and Seek|88/100 brn|[from] brn
|upkeep
|turn|41
|
|t:|1743833268
|switch|p2a: Clear the Area|Corviknight, F|66/100
|-ability|p2a: Clear the Area|Pressure
|move|p1a: Great Tusk|Knock Off|p2a: Clear the Area
|-damage|p2a: Clear the Area|59/100
|
|-damage|p1a: Great Tusk|51/100 brn|[from] brn
|upkeep
|turn|42
|
|t:|1743833270
|-end|p1a: Great Tusk|Protosynthesis|[silent]
|switch|p1a: Clefable|Clefable, M|100/100
|move|p2a: Clear the Area|U-turn|p1a: Clefable
|-resisted|p1a: Clefable
|-damage|p1a: Clefable|95/100
|
|t:|1743833272
|switch|p2a: Hide and Seek|Slowking-Galar, M|100/100 brn|[from] U-turn
|
|-heal|p1a: Clefable|100/100|[from] item: Leftovers
|-damage|p2a: Hide and Seek|94/100 brn|[from] brn
|upkeep
|turn|43
|
|t:|1743833276
|switch|p1a: Great Tusk|Great Tusk|51/100 brn
|move|p2a: Hide and Seek|Sludge Bomb|p1a: Great Tusk
|-resisted|p1a: Great Tusk
|-damage|p1a: Great Tusk|26/100 brn
|
|-damage|p1a: Great Tusk|20/100 brn|[from] brn
|-damage|p2a: Hide and Seek|88/100 brn|[from] brn
|upkeep
|turn|44
|
|t:|1743833281
|-end|p1a: Great Tusk|Protosynthesis|[silent]
|switch|p1a: Clefable|Clefable, M|100/100
|switch|p2a: Clear the Area|Corviknight, F|59/100
|-ability|p2a: Clear the Area|Pressure
|
|upkeep
|turn|45
|
|t:|1743833285
|move|p2a: Clear the Area|Roost|p2a: Clear the Area
|-heal|p2a: Clear the Area|100/100
|-singleturn|p2a: Clear the Area|move: Roost
|move|p1a: Clefable|Moonblast|p2a: Clear the Area
|-resisted|p2a: Clear the Area
|-damage|p2a: Clear the Area|85/100
|-unboost|p2a: Clear the Area|spa|1
|
|upkeep
|turn|46
|
|t:|1743833289
|move|p2a: Clear the Area|U-turn|p1a: Clefable
|-resisted|p1a: Clefable
|-damage|p1a: Clefable|95/100
|
|t:|1743833291
|switch|p2a: Hide and Seek|Slowking-Galar, M|100/100 brn|[from] U-turn
|move|p1a: Clefable|Moonblast|p2a: Hide and Seek
|-resisted|p2a: Hide and Seek
|-damage|p2a: Hide and Seek|91/100 brn
|
|-heal|p1a: Clefable|100/100|[from] item: Leftovers
|-damage|p2a: Hide and Seek|85/100 brn|[from] brn
|upkeep
|turn|47
|
|t:|1743833295
|move|p1a: Clefable|Flamethrower|p2a: Hide and Seek
|-damage|p2a: Hide and Seek|73/100 brn
|move|p2a: Hide and Seek|Sludge Bomb|p1a: Clefable
|-supereffective|p1a: Clefable
|-damage|p1a: Clefable|38/100
|
|-heal|p1a: Clefable|44/100|[from] item: Leftovers
|-damage|p2a: Hide and Seek|67/100 brn|[from] brn
|upkeep
|turn|48
|
|t:|1743833302
|move|p1a: Clefable|Wish|p1a: Clefable
|move|p2a: Hide and Seek|Sludge Bomb|p1a: Clefable
|-supereffective|p1a: Clefable
|-damage|p1a: Clefable|0 fnt
|faint|p1a: Clefable
|
|-damage|p2a: Hide and Seek|61/100 brn|[from] brn
|upkeep
|
|t:|1743833304
|switch|p1a: Great Tusk|Great Tusk|20/100 brn
|turn|49
|
|t:|1743833314
|switch|p2a: Daylight Robbery|Cinderace, F|30/100 par
|move|p1a: Great Tusk|Ice Spinner|p2a: Daylight Robbery
|-resisted|p2a: Daylight Robbery
|-damage|p2a: Daylight Robbery|21/100 par
|
|-heal|p1a: Great Tusk|73/100 brn|[from] move: Wish|[wisher] Clefable
|-damage|p1a: Great Tusk|67/100 brn|[from] brn
|upkeep
|turn|50
|
|t:|1743833319
|move|p1a: Great Tusk|Knock Off|p2a: Daylight Robbery
|-damage|p2a: Daylight Robbery|0 fnt
|-enditem|p2a: Daylight Robbery|Heavy-Duty Boots|[from] move: Knock Off|[of] p1a: Great Tusk
|faint|p2a: Daylight Robbery
|
|-damage|p1a: Great Tusk|61/100 brn|[from] brn
|upkeep
|
|t:|1743833322
|switch|p2a: The Walk|Kyurem, tera:Ice|51/100
|-ability|p2a: The Walk|Pressure
|turn|51
|
|t:|1743833323
|move|p2a: The Walk|Ice Beam|p1a: Great Tusk
|-supereffective|p1a: Great Tusk
|-damage|p1a: Great Tusk|0 fnt
|faint|p1a: Great Tusk
|-end|p1a: Great Tusk|Protosynthesis|[silent]
|
|upkeep
|
|t:|1743833325
|switch|p1a: Raging Bolt|Raging Bolt|97/100
|turn|52
|
|t:|1743833333
|-terastallize|p1a: Raging Bolt|Bug
|move|p2a: The Walk|Ice Beam|p1a: Raging Bolt
|-damage|p1a: Raging Bolt|13/100
|move|p1a: Raging Bolt|Calm Mind|p1a: Raging Bolt
|-boost|p1a: Raging Bolt|spa|1
|-boost|p1a: Raging Bolt|spd|1
|
|-heal|p1a: Raging Bolt|19/100|[from] item: Leftovers
|upkeep
|turn|53
|c|☆turnyacc|kyurem is so fucking broken
|c|☆turnyacc|why is this think not baned
|
|t:|1743833348
|move|p1a: Raging Bolt|Thunderclap|p2a: The Walk
|-damage|p2a: The Walk|5/100
|move|p2a: The Walk|Ice Beam|p1a: Raging Bolt
|-damage|p1a: Raging Bolt|0 fnt
|faint|p1a: Raging Bolt
|-end|p1a: Raging Bolt|Protosynthesis|[silent]
|
|win|flyingtaco43
|raw|turnyacc's rating: 1844 &rarr; <strong>1822</strong><br />(-22 for losing)
|raw|flyingtaco43's rating: 1809 &rarr; <strong>1831</strong><br />(+22 for winning)
|c|☆turnyacc|banned
|c|☆turnyacc|every single set
|c|☆turnyacc|has a positive trade
|c|☆turnyacc|on every team
|c|☆turnyacc|gg man
|c|☆flyingtaco43|Your team is a do nothing team
|c|☆flyingtaco43|Of course it's gonna get smoked by kyurem
|c|☆turnyacc|your team is a do kyurem team
|c|☆turnyacc|your team just sends in kyurem and 1hkos everything bro
|c|☆turnyacc|u can not talk
|c|☆flyingtaco43|Stay mad kid
|l|☆flyingtaco43
|player|p2|
|c|☆turnyacc|average kyurem user:
|l|☆turnyacc
|player|p1|
