|j|☆hgvghv
|j|☆Amaroviic_
|t:|1743862045
|gametype|singles
|player|p1|hgvghv|170|1134
|player|p2|Amaroviic_|170|1206
|teamsize|p1|6
|teamsize|p2|6
|gen|9
|tier|[Gen 9] OU
|rated|
|rule|HP Percentage Mod: HP is shown in percentages
|rule|Endless Battle Clause: Forcing endless battles is banned
|rule|Species Clause: Limit one of each Pokémon
|rule|OHKO Clause: OHKO moves are banned
|rule|Evasion Items Clause: Evasion items are banned
|rule|Evasion Moves Clause: Evasion moves are banned
|rule|Sleep Moves Clause: Sleep-inducing moves are banned
|clearpoke
|poke|p1|Sableye, M|
|poke|p1|Araquanid, M|
|poke|p1|Dragalge, M|
|poke|p1|Pawmot, F|
|poke|p1|Revavroom, M|
|poke|p1|Lycanroc-Midnight, F|
|poke|p2|Ogerpon, F|
|poke|p2|Salamence, M|
|poke|p2|Lokix, M|
|poke|p2|Oricorio-Pom-Pom, F|
|poke|p2|Gallade, M|
|poke|p2|Whimsicott, F|
|teampreview
|inactive|Battle timer is ON: inactive players will automatically lose when time's up. (requested by hgvghv)
|inactive|Amaroviic_ has 120 seconds left.
|
|t:|1743862093
|start
|switch|p1a: Revavroom|Revavroom, M|100/100
|switch|p2a: Salamence|Salamence, M|100/100
|-item|p1a: Revavroom|Air Balloon
|turn|1
|inactive|hgvghv has 120 seconds left.
|inactive|hgvghv has 90 seconds left.
|inactive|hgvghv has 60 seconds left.
|inactive|hgvghv has 30 seconds left.
|
|t:|1743862222
|switch|p2a: Whimsicott|Whimsicott, F, shiny|100/100
|switch|p1a: Sableye|Sableye, M|100/100
|
|upkeep
|turn|2
|
|t:|1743862225
|move|p1a: Sableye|Thunder Wave|p2a: Whimsicott
|-status|p2a: Whimsicott|par
|cant|p2a: Whimsicott|par
|
|upkeep
|turn|3
|
|t:|1743862232
|move|p1a: Sableye|Thunder Wave|p2a: Whimsicott
|-fail|p2a: Whimsicott|par
|move|p2a: Whimsicott|Moonblast|p1a: Sableye
|-supereffective|p1a: Sableye
|-damage|p1a: Sableye|15/100
|
|-heal|p1a: Sableye|21/100|[from] item: Leftovers
|upkeep
|turn|4
|
|t:|1743862236
|move|p1a: Sableye|Pain Split|p2a: Whimsicott
|-sethp|p2a: Whimsicott|60/100 par|[from] move: Pain Split|[silent]
|-sethp|p1a: Sableye|64/100|[from] move: Pain Split
|move|p2a: Whimsicott|Moonblast|p1a: Sableye
|-supereffective|p1a: Sableye
|-damage|p1a: Sableye|0 fnt
|faint|p1a: Sableye
|
|upkeep
|
|t:|1743862242
|switch|p1a: Revavroom|Revavroom, M|100/100
|-item|p1a: Revavroom|Air Balloon
|turn|5
|
|t:|1743862247
|cant|p2a: Whimsicott|par
|move|p1a: Revavroom|Shift Gear|p1a: Revavroom
|-boost|p1a: Revavroom|spe|2
|-boost|p1a: Revavroom|atk|1
|
|upkeep
|turn|6
|inactive|hgvghv has 60 seconds left.
|
|t:|1743862267
|move|p2a: Whimsicott|Encore|p1a: Revavroom
|-start|p1a: Revavroom|Encore
|move|p1a: Revavroom|Shift Gear|p1a: Revavroom
|-boost|p1a: Revavroom|spe|2
|-boost|p1a: Revavroom|atk|1
|
|upkeep
|turn|7
|
|t:|1743862272
|switch|p2a: Gallade|Gallade, M, shiny|100/100
|move|p1a: Revavroom|Shift Gear|p1a: Revavroom
|-boost|p1a: Revavroom|spe|2
|-boost|p1a: Revavroom|atk|1
|
|upkeep
|turn|8
|
|t:|1743862277
|-terastallize|p1a: Revavroom|Grass
|move|p1a: Revavroom|Shift Gear|p1a: Revavroom
|-boost|p1a: Revavroom|spe|0
|-boost|p1a: Revavroom|atk|1
|move|p2a: Gallade|Sacred Sword|p1a: Revavroom
|-damage|p1a: Revavroom|0 fnt
|-enditem|p1a: Revavroom|Air Balloon
|faint|p1a: Revavroom
|-damage|p2a: Gallade|91/100|[from] item: Life Orb
|
|upkeep
|
|t:|1743862283
|switch|p1a: Araquanid|Araquanid, M|100/100
|turn|9
|
|t:|1743862286
|move|p2a: Gallade|Psycho Cut|p1a: Araquanid
|-damage|p1a: Araquanid|21/100
|-damage|p2a: Gallade|81/100|[from] item: Life Orb
|move|p1a: Araquanid|Sticky Web|p2a: Gallade
|-sidestart|p2: Amaroviic_|move: Sticky Web
|
|upkeep
|turn|10
|-enditem|p1a: Araquanid|Custap Berry|[eat]
|-activate|p1a: Araquanid|item: Custap Berry|[consumed]
|
|t:|1743862305
|move|p1a: Araquanid|Leech Life|p2a: Gallade
|-damage|p2a: Gallade|26/100
|-heal|p1a: Araquanid|43/100|[from] drain|[of] p2a: Gallade
|move|p2a: Gallade|Psycho Cut|p1a: Araquanid
|-damage|p1a: Araquanid|0 fnt
|faint|p1a: Araquanid
|-damage|p2a: Gallade|17/100|[from] item: Life Orb
|
|upkeep
|
|t:|1743862310
|switch|p1a: Lycanroc|Lycanroc-Midnight, F|100/100
|turn|11
|
|t:|1743862314
|move|p1a: Lycanroc|Stone Edge|p2a: Gallade
|-resisted|p2a: Gallade
|-damage|p2a: Gallade|0 fnt
|faint|p2a: Gallade
|
|upkeep
|
|t:|1743862320
|switch|p2a: Salamence|Salamence, M|100/100
|turn|12
|
|t:|1743862323
|move|p1a: Lycanroc|Stone Edge|p2a: Salamence
|-supereffective|p2a: Salamence
|-damage|p2a: Salamence|0 fnt
|faint|p2a: Salamence
|
|upkeep
|
|t:|1743862330
|switch|p2a: Whimsicott|Whimsicott, F, shiny|60/100 par
|-activate|p2a: Whimsicott|move: Sticky Web
|-unboost|p2a: Whimsicott|spe|1
|turn|13
|
|t:|1743862347
|move|p2a: Whimsicott|Stun Spore|p1a: Lycanroc
|-status|p1a: Lycanroc|par
|move|p1a: Lycanroc|Stone Edge|p2a: Whimsicott
|-damage|p2a: Whimsicott|20/100 par
|
|upkeep
|turn|14
|
|t:|1743862352
|move|p2a: Whimsicott|Tailwind|p2a: Whimsicott
|-sidestart|p2: Amaroviic_|move: Tailwind
|move|p1a: Lycanroc|Stone Edge|p2a: Whimsicott
|-damage|p2a: Whimsicott|0 fnt
|faint|p2a: Whimsicott
|
|upkeep
|
|t:|1743862355
|switch|p2a: Ogerpon|Ogerpon, F|100/100
|-activate|p2a: Ogerpon|move: Sticky Web
|-unboost|p2a: Ogerpon|spe|1
|-ability|p2a: Ogerpon|Defiant|boost
|-boost|p2a: Ogerpon|atk|2
|turn|15
|
|t:|1743862363
|switch|p1a: Dragalge|Dragalge, M|100/100
|move|p2a: Ogerpon|Horn Leech|p1a: Dragalge
|-resisted|p1a: Dragalge
|-damage|p1a: Dragalge|74/100
|-damage|p2a: Ogerpon|91/100|[from] item: Life Orb
|
|upkeep
|turn|16
|
|t:|1743862372
|move|p2a: Ogerpon|Knock Off|p1a: Dragalge
|-crit|p1a: Dragalge
|-damage|p1a: Dragalge|0 fnt
|-enditem|p1a: Dragalge|Assault Vest|[from] move: Knock Off|[of] p2a: Ogerpon
|faint|p1a: Dragalge
|-damage|p2a: Ogerpon|81/100|[from] item: Life Orb
|
|upkeep
|
|t:|1743862375
|switch|p1a: Pawmot|Pawmot, F|100/100
|turn|17
|
|t:|1743862380
|-terastallize|p2a: Ogerpon|Grass
|detailschange|p2a: Ogerpon|Ogerpon-Teal-Tera, F, tera:Grass
|-ability|p2a: Ogerpon|Embody Aspect (Teal)|boost
|-boost|p2a: Ogerpon|spe|1
|move|p2a: Ogerpon|Horn Leech|p1a: Pawmot
|-crit|p1a: Pawmot
|-damage|p1a: Pawmot|0 fnt
|-heal|p2a: Ogerpon|100/100|[from] drain|[of] p1a: Pawmot
|faint|p1a: Pawmot
|-damage|p2a: Ogerpon|91/100|[from] item: Life Orb
|
|-sideend|p2: Amaroviic_|move: Tailwind
|upkeep
|
|t:|1743862382
|switch|p1a: Lycanroc|Lycanroc-Midnight, F|100/100 par
|turn|18
|
|t:|1743862385
|move|p2a: Ogerpon|Horn Leech|p1a: Lycanroc
|-supereffective|p1a: Lycanroc
|-damage|p1a: Lycanroc|0 fnt
|-heal|p2a: Ogerpon|100/100|[from] drain|[of] p1a: Lycanroc
|faint|p1a: Lycanroc
|-damage|p2a: Ogerpon|91/100|[from] item: Life Orb
|
|win|Amaroviic_
|raw|hgvghv's rating: 1134 &rarr; <strong>1114</strong><br />(-20 for losing)
|raw|Amaroviic_'s rating: 1206 &rarr; <strong>1226</strong><br />(+20 for winning)
|l|☆Amaroviic_
|player|p2|
|l|☆hgvghv
|player|p1|
