|j|☆Liveds08
|j|☆CherN0ble
|t:|1743866267
|gametype|singles
|player|p1|Liveds08|linebacker|1496
|player|p2|CherN0ble|gambler|1549
|teamsize|p1|6
|teamsize|p2|6
|gen|9
|tier|[Gen 9] OU
|rated|
|rule|HP Percentage Mod: HP is shown in percentages
|rule|Endless Battle Clause: Forcing endless battles is banned
|rule|Species Clause: Limit one of each Pokémon
|rule|OHKO Clause: OHKO moves are banned
|rule|Evasion Items Clause: Evasion items are banned
|rule|Evasion Moves Clause: Evasion moves are banned
|rule|Sleep Moves Clause: Sleep-inducing moves are banned
|clearpoke
|poke|p1|Brambleghast, F|
|poke|p1|Rotom-Wash|
|poke|p1|Araquanid, F|
|poke|p1|Iron Crown|
|poke|p1|Raging Bolt|
|poke|p1|Kingambit, F|
|poke|p2|Zamazenta-*|
|poke|p2|Kingambit, F|
|poke|p2|Samurott-Hisui, M|
|poke|p2|Landorus-Therian, M|
|poke|p2|Iron Valiant|
|poke|p2|Iron Moth|
|teampreview
|inactive|Battle timer is ON: inactive players will automatically lose when time's up. (requested by Liveds08)
|
|t:|1743866276
|start
|switch|p1a: Araquanid|Araquanid, F|100/100
|switch|p2a: Samurott|Samurott-Hisui, M|100/100
|turn|1
|
|t:|1743866279
|move|p2a: Samurott|Ceaseless Edge|p1a: Araquanid
|-damage|p1a: Araquanid|50/100
|-sidestart|p1: Liveds08|Spikes
|move|p1a: Araquanid|Sticky Web|p2a: Samurott
|-sidestart|p2: CherN0ble|move: Sticky Web
|
|upkeep
|turn|2
|
|t:|1743866282
|move|p1a: Araquanid|Endure|p1a: Araquanid
|-singleturn|p1a: Araquanid|move: Endure
|move|p2a: Samurott|Ceaseless Edge|p1a: Araquanid
|-activate|p1a: Araquanid|move: Endure
|-damage|p1a: Araquanid|1/100
|-sidestart|p1: Liveds08|Spikes
|
|upkeep
|turn|3
|-enditem|p1a: Araquanid|Custap Berry|[eat]
|-activate|p1a: Araquanid|item: Custap Berry|[consumed]
|
|t:|1743866285
|move|p1a: Araquanid|Endeavor|p2a: Samurott
|-damage|p2a: Samurott|1/100
|move|p2a: Samurott|Ceaseless Edge|p1a: Araquanid
|-damage|p1a: Araquanid|0 fnt
|-sidestart|p1: Liveds08|Spikes
|faint|p1a: Araquanid
|
|upkeep
|
|t:|1743866290
|switch|p1a: Iron Crown|Iron Crown|100/100
|-damage|p1a: Iron Crown|76/100|[from] Spikes
|turn|4
|
|t:|1743866296
|move|p1a: Iron Crown|Volt Switch|p2a: Samurott
|-supereffective|p2a: Samurott
|-damage|p2a: Samurott|0 fnt
|faint|p2a: Samurott
|
|t:|1743866299
|-end|p1a: Iron Crown|Quark Drive|[silent]
|switch|p1a: Brambleghast|Brambleghast, F|100/100|[from] Volt Switch
|
|upkeep
|
|t:|1743866303
|switch|p2a: Kingambit|Kingambit, F|100/100
|-activate|p2a: Kingambit|move: Sticky Web
|-unboost|p2a: Kingambit|spe|1
|-activate|p2a: Kingambit|ability: Supreme Overlord
|-start|p2a: Kingambit|fallen1|[silent]
|turn|5
|
|t:|1743866307
|-terastallize|p2a: Kingambit|Ghost
|move|p1a: Brambleghast|Strength Sap|p2a: Kingambit
|-unboost|p2a: Kingambit|atk|1
|move|p2a: Kingambit|Kowtow Cleave|p1a: Brambleghast
|-supereffective|p1a: Brambleghast
|-damage|p1a: Brambleghast|0 fnt
|faint|p1a: Brambleghast
|
|upkeep
|
|t:|1743866313
|switch|p1a: Kingambit|Kingambit, F|100/100
|-damage|p1a: Kingambit|76/100|[from] Spikes
|-activate|p1a: Kingambit|ability: Supreme Overlord
|-start|p1a: Kingambit|fallen2|[silent]
|turn|6
|
|t:|1743866315
|-end|p2a: Kingambit|fallen1|[silent]
|switch|p2a: Landorus|Landorus-Therian, M|100/100
|-ability|p2a: Landorus|Intimidate|boost
|-unboost|p1a: Kingambit|atk|1
|move|p1a: Kingambit|Swords Dance|p1a: Kingambit
|-boost|p1a: Kingambit|atk|2
|
|upkeep
|turn|7
|
|t:|1743866321
|move|p2a: Landorus|Earthquake|p1a: Kingambit
|-supereffective|p1a: Kingambit
|-damage|p1a: Kingambit|0 fnt
|faint|p1a: Kingambit
|-end|p1a: Kingambit|fallen2|[silent]
|
|upkeep
|
|t:|1743866327
|switch|p1a: Rotom|Rotom-Wash|100/100
|turn|8
|
|t:|1743866337
|move|p2a: Landorus|Stealth Rock|p1a: Rotom
|-sidestart|p1: Liveds08|move: Stealth Rock
|move|p1a: Rotom|Hydro Pump|p2a: Landorus|[miss]
|-miss|p1a: Rotom|p2a: Landorus
|
|upkeep
|turn|9
|-message|Liveds08 forfeited.
|
|win|CherN0ble
|raw|Liveds08's rating: 1496 &rarr; <strong>1479</strong><br />(-17 for losing)
|raw|CherN0ble's rating: 1549 &rarr; <strong>1566</strong><br />(+17 for winning)
|l|☆Liveds08
|player|p1|
