|j|☆huanghunqingyue
|j|☆Gutoso
|t:|1743912229
|gametype|singles
|player|p1|huanghunqingyue|169|1337
|player|p2|Gutoso|blue-gen3two|1289
|teamsize|p1|6
|teamsize|p2|6
|gen|9
|tier|[Gen 9] OU
|rated|
|rule|HP Percentage Mod: HP is shown in percentages
|rule|Endless Battle Clause: Forcing endless battles is banned
|rule|Species Clause: Limit one of each Pokémon
|rule|OHKO Clause: OHKO moves are banned
|rule|Evasion Items Clause: Evasion items are banned
|rule|Evasion Moves Clause: Evasion moves are banned
|rule|Sleep Moves Clause: Sleep-inducing moves are banned
|clearpoke
|poke|p1|Gliscor, F|
|poke|p1|Toxapex, M|
|poke|p1|Great Tusk|
|poke|p1|Gholdengo|
|poke|p1|Dondozo, M|
|poke|p1|Chansey, F|
|poke|p2|Jirachi|
|poke|p2|Darkrai|
|poke|p2|Mew|
|poke|p2|Thundurus, M|
|poke|p2|Dragonite, F|
|poke|p2|Porygon2|
|teampreview
|inactive|Battle timer is ON: inactive players will automatically lose when time's up. (requested by huanghunqingyue)
|
|t:|1743912247
|start
|switch|p1a: Toxapex|Toxapex, M|100/100
|switch|p2a: Thundurus|Thundurus, M|100/100
|turn|1
|
|t:|1743912252
|move|p2a: Thundurus|Thunderbolt|p1a: Toxapex
|-supereffective|p1a: Toxapex
|-damage|p1a: Toxapex|27/100
|move|p1a: Toxapex|Toxic Spikes|p2a: Thundurus
|-sidestart|p2: Gutoso|move: Toxic Spikes
|
|-heal|p1a: Toxapex|34/100|[from] item: Leftovers
|upkeep
|turn|2
|
|t:|1743912261
|switch|p1a: Chansey|Chansey, F|100/100
|move|p2a: Thundurus|Thunderbolt|p1a: Chansey
|-damage|p1a: Chansey|91/100
|-status|p1a: Chansey|par
|
|upkeep
|turn|3
|
|t:|1743912266
|switch|p2a: Jirachi|Jirachi|100/100
|move|p1a: Chansey|Stealth Rock|p2a: Jirachi
|-sidestart|p2: Gutoso|move: Stealth Rock
|
|upkeep
|turn|4
|
|t:|1743912272
|-curestatus|p1a: Chansey|par|[from] ability: Natural Cure
|switch|p1a: Gholdengo|Gholdengo|100/100
|-item|p1a: Gholdengo|Air Balloon
|move|p2a: Jirachi|Trick|p1a: Gholdengo
|-immune|p1a: Gholdengo|[from] ability: Good as Gold
|
|upkeep
|turn|5
|
|t:|1743912282
|switch|p2a: Porygon2|Porygon2|100/100
|-status|p2a: Porygon2|psn
|-damage|p2a: Porygon2|88/100 psn|[from] Stealth Rock
|-ability|p2a: Porygon2|Good as Gold|[from] ability: Trace|[of] p1a: Gholdengo
|switch|p1a: Toxapex|Toxapex, M|67/100
|
|-heal|p1a: Toxapex|73/100|[from] item: Leftovers
|-damage|p2a: Porygon2|75/100 psn|[from] psn
|upkeep
|turn|6
|
|t:|1743912291
|switch|p2a: Thundurus|Thundurus, M|100/100
|move|p1a: Toxapex|Toxic Spikes|p2a: Thundurus
|-sidestart|p2: Gutoso|move: Toxic Spikes
|
|-heal|p1a: Toxapex|79/100|[from] item: Leftovers
|upkeep
|turn|7
|
|t:|1743912301
|switch|p1a: Chansey|Chansey, F|91/100
|move|p2a: Thundurus|Thunderbolt|p1a: Chansey
|-damage|p1a: Chansey|80/100
|-status|p1a: Chansey|par
|
|upkeep
|turn|8
|
|t:|1743912310
|switch|p2a: Jirachi|Jirachi|100/100
|-damage|p2a: Jirachi|94/100|[from] Stealth Rock
|move|p1a: Chansey|Seismic Toss|p2a: Jirachi
|-damage|p2a: Jirachi|65/100
|
|upkeep
|turn|9
|
|t:|1743912314
|switch|p2a: Darkrai|Darkrai|100/100
|-curestatus|p1a: Chansey|par|[from] ability: Natural Cure
|switch|p1a: Gholdengo|Gholdengo|100/100
|-item|p1a: Gholdengo|Air Balloon
|
|upkeep
|turn|10
|
|t:|1743912320
|switch|p1a: Chansey|Chansey, F|80/100
|move|p2a: Darkrai|Nasty Plot|p2a: Darkrai
|-boost|p2a: Darkrai|spa|2
|
|upkeep
|turn|11
|
|t:|1743912327
|move|p2a: Darkrai|Dark Pulse|p1a: Chansey
|-damage|p1a: Chansey|62/100
|move|p1a: Chansey|Seismic Toss|p2a: Darkrai
|-damage|p2a: Darkrai|65/100
|
|upkeep
|turn|12
|
|t:|1743912338
|switch|p2a: Dragonite|Dragonite, F|100/100
|move|p1a: Chansey|Seismic Toss|p2a: Dragonite
|-damage|p2a: Dragonite|70/100
|
|upkeep
|turn|13
|
|t:|1743912343
|switch|p1a: Gliscor|Gliscor, F|100/100
|move|p2a: Dragonite|Extreme Speed|p1a: Gliscor
|-damage|p1a: Gliscor|77/100
|
|-status|p1a: Gliscor|tox|[from] item: Toxic Orb
|upkeep
|turn|14
|
|t:|1743912358
|switch|p2a: Porygon2|Porygon2|75/100 psn
|-damage|p2a: Porygon2|63/100 psn|[from] Stealth Rock
|-ability|p2a: Porygon2|Poison Heal|[from] ability: Trace|[of] p1a: Gliscor
|move|p1a: Gliscor|Substitute|p1a: Gliscor
|-start|p1a: Gliscor|Substitute
|-damage|p1a: Gliscor|52/100 tox
|
|-heal|p1a: Gliscor|65/100 tox|[from] ability: Poison Heal
|-heal|p2a: Porygon2|75/100 psn|[from] ability: Poison Heal
|upkeep
|turn|15
|
|t:|1743912371
|move|p1a: Gliscor|Spikes|p2a: Porygon2
|-sidestart|p2: Gutoso|Spikes
|move|p2a: Porygon2|Shadow Ball|p1a: Gliscor
|-activate|p1a: Gliscor|move: Substitute|[damage]
|
|-heal|p1a: Gliscor|77/100 tox|[from] ability: Poison Heal
|-heal|p2a: Porygon2|88/100 psn|[from] ability: Poison Heal
|upkeep
|turn|16
|
|t:|1743912382
|move|p1a: Gliscor|Spikes|p2a: Porygon2
|-sidestart|p2: Gutoso|Spikes
|move|p2a: Porygon2|Shadow Ball|p1a: Gliscor
|-end|p1a: Gliscor|Substitute
|
|-heal|p1a: Gliscor|89/100 tox|[from] ability: Poison Heal
|-heal|p2a: Porygon2|100/100 psn|[from] ability: Poison Heal
|upkeep
|turn|17
|
|t:|1743912386
|move|p1a: Gliscor|Protect|p1a: Gliscor
|-singleturn|p1a: Gliscor|Protect
|move|p2a: Porygon2|Shadow Ball|p1a: Gliscor
|-activate|p1a: Gliscor|move: Protect
|
|-heal|p1a: Gliscor|100/100 tox|[from] ability: Poison Heal
|upkeep
|turn|18
|
|t:|1743912399
|move|p1a: Gliscor|Substitute|p1a: Gliscor
|-start|p1a: Gliscor|Substitute
|-damage|p1a: Gliscor|76/100 tox
|move|p2a: Porygon2|Shadow Ball|p1a: Gliscor
|-activate|p1a: Gliscor|move: Substitute|[damage]
|
|-heal|p1a: Gliscor|88/100 tox|[from] ability: Poison Heal
|upkeep
|turn|19
|
|t:|1743912404
|move|p1a: Gliscor|Spikes|p2a: Porygon2
|-sidestart|p2: Gutoso|Spikes
|move|p2a: Porygon2|Thunder Wave|p1a: Gliscor
|-immune|p1a: Gliscor
|
|-heal|p1a: Gliscor|100/100 tox|[from] ability: Poison Heal
|upkeep
|turn|20
|
|t:|1743912410
|move|p1a: Gliscor|Knock Off|p2a: Porygon2
|-damage|p2a: Porygon2|88/100 psn
|-enditem|p2a: Porygon2|Eviolite|[from] move: Knock Off|[of] p1a: Gliscor
|move|p2a: Porygon2|Shadow Ball|p1a: Gliscor
|-end|p1a: Gliscor|Substitute
|
|-heal|p2a: Porygon2|100/100 psn|[from] ability: Poison Heal
|upkeep
|turn|21
|
|t:|1743912421
|switch|p1a: Chansey|Chansey, F|62/100
|move|p2a: Porygon2|Shadow Ball|p1a: Chansey
|-immune|p1a: Chansey
|
|upkeep
|turn|22
|
|t:|1743912427
|move|p2a: Porygon2|Tri Attack|p1a: Chansey
|-damage|p1a: Chansey|55/100
|move|p1a: Chansey|Soft-Boiled|p1a: Chansey
|-heal|p1a: Chansey|100/100
|
|upkeep
|turn|23
|
|t:|1743912430
|move|p2a: Porygon2|Tri Attack|p1a: Chansey
|-damage|p1a: Chansey|93/100
|move|p1a: Chansey|Calm Mind|p1a: Chansey
|-boost|p1a: Chansey|spa|1
|-boost|p1a: Chansey|spd|1
|
|upkeep
|turn|24
|
|t:|1743912437
|switch|p2a: Dragonite|Dragonite, F|70/100
|move|p1a: Chansey|Calm Mind|p1a: Chansey
|-boost|p1a: Chansey|spa|1
|-boost|p1a: Chansey|spd|1
|
|upkeep
|turn|25
|
|t:|1743912442
|switch|p1a: Dondozo|Dondozo, M|100/100
|move|p2a: Dragonite|Dragon Dance|p2a: Dragonite
|-boost|p2a: Dragonite|atk|1
|-boost|p2a: Dragonite|spe|1
|
|upkeep
|turn|26
|
|t:|1743912446
|move|p2a: Dragonite|Extreme Speed|p1a: Dondozo
|-damage|p1a: Dondozo|86/100
|move|p1a: Dondozo|Avalanche|p2a: Dragonite
|-supereffective|p2a: Dragonite
|-damage|p2a: Dragonite|0 fnt
|faint|p2a: Dragonite
|
|-heal|p1a: Dondozo|92/100|[from] item: Leftovers
|upkeep
|
|t:|1743912451
|switch|p2a: Thundurus|Thundurus, M|100/100
|turn|27
|
|t:|1743912459
|switch|p2a: Mew|Mew|100/100
|switch|p1a: Chansey|Chansey, F|93/100
|
|upkeep
|turn|28
|
|t:|1743912470
|switch|p1a: Toxapex|Toxapex, M|100/100
|move|p2a: Mew|Close Combat|p1a: Toxapex
|-resisted|p1a: Toxapex
|-damage|p1a: Toxapex|90/100
|-unboost|p2a: Mew|def|1
|-unboost|p2a: Mew|spd|1
|
|-heal|p1a: Toxapex|96/100|[from] item: Leftovers
|upkeep
|turn|29
|
|t:|1743912481
|switch|p2a: Jirachi|Jirachi|65/100
|-damage|p2a: Jirachi|59/100|[from] Stealth Rock
|-damage|p2a: Jirachi|34/100|[from] Spikes
|move|p1a: Toxapex|Baneful Bunker||[still]
|-fail|p1a: Toxapex
|
|-heal|p1a: Toxapex|100/100|[from] item: Leftovers
|upkeep
|turn|30
|
|t:|1743912485
|move|p1a: Toxapex|Baneful Bunker|p1a: Toxapex
|-singleturn|p1a: Toxapex|move: Protect
|move|p2a: Jirachi|Iron Head|p1a: Toxapex
|-activate|p1a: Toxapex|move: Protect
|
|upkeep
|turn|31
|
|t:|1743912491
|switch|p1a: Gliscor|Gliscor, F|100/100 tox
|move|p2a: Jirachi|Iron Head|p1a: Gliscor
|-damage|p1a: Gliscor|71/100 tox
|
|-heal|p1a: Gliscor|84/100 tox|[from] ability: Poison Heal
|upkeep
|turn|32
|
|t:|1743912496
|move|p2a: Jirachi|Iron Head|p1a: Gliscor
|-damage|p1a: Gliscor|52/100 tox
|cant|p1a: Gliscor|flinch
|
|-heal|p1a: Gliscor|65/100 tox|[from] ability: Poison Heal
|upkeep
|turn|33
|
|t:|1743912500
|move|p1a: Gliscor|Protect|p1a: Gliscor
|-singleturn|p1a: Gliscor|Protect
|move|p2a: Jirachi|Iron Head|p1a: Gliscor
|-activate|p1a: Gliscor|move: Protect
|
|-heal|p1a: Gliscor|77/100 tox|[from] ability: Poison Heal
|upkeep
|turn|34
|
|t:|1743912504
|move|p2a: Jirachi|Iron Head|p1a: Gliscor
|-damage|p1a: Gliscor|45/100 tox
|move|p1a: Gliscor|Substitute|p1a: Gliscor
|-start|p1a: Gliscor|Substitute
|-damage|p1a: Gliscor|20/100 tox
|
|-heal|p1a: Gliscor|32/100 tox|[from] ability: Poison Heal
|upkeep
|turn|35
|
|t:|1743912507
|move|p1a: Gliscor|Protect|p1a: Gliscor
|-singleturn|p1a: Gliscor|Protect
|move|p2a: Jirachi|Iron Head|p1a: Gliscor
|-activate|p1a: Gliscor|move: Protect
|
|-heal|p1a: Gliscor|45/100 tox|[from] ability: Poison Heal
|upkeep
|turn|36
|
|t:|1743912511
|move|p2a: Jirachi|Iron Head|p1a: Gliscor
|-end|p1a: Gliscor|Substitute
|move|p1a: Gliscor|Knock Off|p2a: Jirachi
|-supereffective|p2a: Jirachi
|-damage|p2a: Jirachi|0 fnt
|-enditem|p2a: Jirachi|Choice Scarf|[from] move: Knock Off|[of] p1a: Gliscor
|faint|p2a: Jirachi
|
|-heal|p1a: Gliscor|57/100 tox|[from] ability: Poison Heal
|upkeep
|
|t:|1743912516
|switch|p2a: Darkrai|Darkrai|65/100
|turn|37
|
|t:|1743912521
|switch|p1a: Chansey|Chansey, F|93/100
|move|p2a: Darkrai|Nasty Plot|p2a: Darkrai
|-boost|p2a: Darkrai|spa|2
|
|upkeep
|turn|38
|
|t:|1743912525
|move|p2a: Darkrai|Nasty Plot|p2a: Darkrai
|-boost|p2a: Darkrai|spa|2
|move|p1a: Chansey|Seismic Toss|p2a: Darkrai
|-damage|p2a: Darkrai|29/100
|
|upkeep
|turn|39
|
|t:|1743912527
|move|p2a: Darkrai|Dark Pulse|p1a: Chansey
|-damage|p1a: Chansey|65/100
|move|p1a: Chansey|Calm Mind|p1a: Chansey
|-boost|p1a: Chansey|spa|1
|-boost|p1a: Chansey|spd|1
|
|upkeep
|turn|40
|
|t:|1743912529
|move|p2a: Darkrai|Dark Pulse|p1a: Chansey
|-damage|p1a: Chansey|46/100
|move|p1a: Chansey|Seismic Toss|p2a: Darkrai
|-damage|p2a: Darkrai|0 fnt
|faint|p2a: Darkrai
|
|upkeep
|
|t:|1743912536
|switch|p2a: Mew|Mew|100/100
|turn|41
|
|t:|1743912540
|switch|p1a: Gholdengo|Gholdengo|100/100
|-item|p1a: Gholdengo|Air Balloon
|move|p2a: Mew|Dragon Dance|p2a: Mew
|-boost|p2a: Mew|atk|1
|-boost|p2a: Mew|spe|1
|
|upkeep
|turn|42
|
|t:|1743912547
|move|p2a: Mew|Crunch|p1a: Gholdengo
|-supereffective|p1a: Gholdengo
|-damage|p1a: Gholdengo|48/100
|-unboost|p1a: Gholdengo|def|1
|-enditem|p1a: Gholdengo|Air Balloon
|move|p1a: Gholdengo|Reflect|p1a: Gholdengo
|-sidestart|p1: huanghunqingyue|Reflect
|
|upkeep
|turn|43
|-message|Gutoso forfeited.
|
|win|huanghunqingyue
|raw|huanghunqingyue's rating: 1337 &rarr; <strong>1354</strong><br />(+17 for winning)
|raw|Gutoso's rating: 1289 &rarr; <strong>1267</strong><br />(-22 for losing)
|l|☆Gutoso
|player|p2|
|l|☆huanghunqingyue
|player|p1|
