|j|☆Calm belt
|j|☆OUZQ Kus
|t:|1743898487
|gametype|singles
|player|p1|Calm belt|170|1610
|player|p2|OUZQ Kus|rosa-masters|1645
|teamsize|p1|6
|teamsize|p2|6
|gen|9
|tier|[Gen 9] OU
|rated|
|rule|HP Percentage Mod: HP is shown in percentages
|rule|Endless Battle Clause: Forcing endless battles is banned
|rule|Species Clause: Limit one of each Pokémon
|rule|OHKO Clause: OHKO moves are banned
|rule|Evasion Items Clause: Evasion items are banned
|rule|Evasion Moves Clause: Evasion moves are banned
|rule|Sleep Moves Clause: Sleep-inducing moves are banned
|clearpoke
|poke|p1|Latios, M|
|poke|p1|Ogerpon-Cornerstone, F|
|poke|p1|Weezing-Galar, M|
|poke|p1|Tornadus-Therian, M|
|poke|p1|Iron Treads|
|poke|p1|Keldeo|
|poke|p2|Ting-Lu|
|poke|p2|Corviknight, F|
|poke|p2|Darkrai|
|poke|p2|Cinderace, M|
|poke|p2|Kyurem|
|poke|p2|Slowking-Galar, M|
|teampreview
|inactive|Battle timer is ON: inactive players will automatically lose when time's up. (requested by Calm belt)
|
|t:|1743898508
|start
|switch|p1a: Weezing|Weezing-Galar, M|100/100
|switch|p2a: Goodnight and Go|Darkrai|100/100
|-ability|p1a: Weezing|Neutralizing Gas
|-item|p1a: Weezing|Air Balloon
|turn|1
|
|t:|1743898519
|switch|p2a: Hide and Seek|Slowking-Galar, M|100/100
|-end|p1a: Weezing|ability: Neutralizing Gas
|switch|p1a: Tornadus|Tornadus-Therian, M|100/100
|
|upkeep
|turn|2
|
|t:|1743898525
|move|p1a: Tornadus|Knock Off|p2a: Hide and Seek
|-supereffective|p2a: Hide and Seek
|-damage|p2a: Hide and Seek|60/100
|-enditem|p2a: Hide and Seek|Heavy-Duty Boots|[from] move: Knock Off|[of] p1a: Tornadus
|-prepare|p2a: Hide and Seek|Chilly Reception|[premajor]
|move|p2a: Hide and Seek|Chilly Reception|p2a: Hide and Seek
|-weather|Snowscape
|
|t:|1743898528
|switch|p2a: The Walk|Kyurem|100/100|[from] Chilly Reception
|-ability|p2a: The Walk|Pressure
|
|-weather|Snowscape|[upkeep]
|upkeep
|turn|3
|
|t:|1743898536
|move|p2a: The Walk|Blizzard|p1a: Tornadus
|-supereffective|p1a: Tornadus
|-damage|p1a: Tornadus|11/100
|move|p1a: Tornadus|Knock Off|p2a: The Walk
|-damage|p2a: The Walk|88/100
|-enditem|p2a: The Walk|Choice Specs|[from] move: Knock Off|[of] p1a: Tornadus
|
|-weather|Snowscape|[upkeep]
|upkeep
|turn|4
|c|☆OUZQ Kus|Kyurem suxks ass
|inactive|Calm belt has 120 seconds left.
|
|t:|1743898571
|switch|p1a: Iron Treads|Iron Treads|100/100
|move|p2a: The Walk|Freeze-Dry|p1a: Iron Treads
|-damage|p1a: Iron Treads|58/100
|
|-weather|Snowscape|[upkeep]
|-heal|p1a: Iron Treads|65/100|[from] item: Leftovers
|upkeep
|turn|5
|inactive|Calm belt has 120 seconds left.
|
|t:|1743898577
|move|p1a: Iron Treads|Earthquake|p2a: The Walk
|-damage|p2a: The Walk|60/100
|move|p2a: The Walk|Earth Power|p1a: Iron Treads
|-supereffective|p1a: Iron Treads
|-damage|p1a: Iron Treads|0 fnt
|faint|p1a: Iron Treads
|-end|p1a: Iron Treads|Quark Drive|[silent]
|
|-weather|Snowscape|[upkeep]
|upkeep
|inactive|Calm belt has 120 seconds left.
|
|t:|1743898586
|switch|p1a: Keldeo|Keldeo|100/100
|turn|6
|
|t:|1743898589
|switch|p2a: Hide and Seek|Slowking-Galar, M|93/100
|move|p1a: Keldeo|Flip Turn|p2a: Hide and Seek
|-damage|p2a: Hide and Seek|79/100
|inactive|Calm belt has 120 seconds left.
|
|t:|1743898608
|switch|p1a: Latios|Latios, M|100/100|[from] Flip Turn
|
|-weather|none
|upkeep
|turn|7
|
|t:|1743898612
|move|p1a: Latios|Draco Meteor|p2a: Hide and Seek
|-damage|p2a: Hide and Seek|15/100
|-unboost|p1a: Latios|spa|2
|-prepare|p2a: Hide and Seek|Chilly Reception|[premajor]
|move|p2a: Hide and Seek|Chilly Reception|p2a: Hide and Seek
|-weather|Snowscape
|
|t:|1743898621
|switch|p2a: Headlock|Ting-Lu|100/100|[from] Chilly Reception
|-ability|p2a: Headlock|Vessel of Ruin
|
|-weather|Snowscape|[upkeep]
|upkeep
|turn|8
|
|t:|1743898628
|move|p1a: Latios|Draco Meteor|p2a: Headlock
|-damage|p2a: Headlock|78/100
|-unboost|p1a: Latios|spa|2
|move|p2a: Headlock|Ruination|p1a: Latios
|-damage|p1a: Latios|51/100
|
|-weather|Snowscape|[upkeep]
|-heal|p2a: Headlock|84/100|[from] item: Leftovers
|upkeep
|turn|9
|
|t:|1743898632
|switch|p1a: Weezing|Weezing-Galar, M|100/100
|-ability|p1a: Weezing|Neutralizing Gas
|-item|p1a: Weezing|Air Balloon
|move|p2a: Headlock|Stealth Rock|p1a: Weezing
|-sidestart|p1: Calm belt|move: Stealth Rock
|
|-weather|Snowscape|[upkeep]
|-heal|p2a: Headlock|91/100|[from] item: Leftovers
|upkeep
|turn|10
|
|t:|1743898641
|switch|p2a: Hide and Seek|Slowking-Galar, M|48/100
|move|p1a: Weezing|Strange Steam|p2a: Hide and Seek
|-resisted|p2a: Hide and Seek
|-damage|p2a: Hide and Seek|41/100
|
|-weather|Snowscape|[upkeep]
|upkeep
|turn|11
|
|t:|1743898645
|move|p1a: Weezing|Will-O-Wisp|p2a: Hide and Seek|[miss]
|-miss|p1a: Weezing|p2a: Hide and Seek
|move|p2a: Hide and Seek|Slack Off|p2a: Hide and Seek
|-heal|p2a: Hide and Seek|91/100
|
|-weather|none
|upkeep
|turn|12
|
|t:|1743898648
|move|p1a: Weezing|Defog|p2a: Hide and Seek
|-unboost|p2a: Hide and Seek|evasion|1
|-sideend|p1: Calm belt|Stealth Rock|[from] move: Defog|[of] p1a: Weezing
|move|p2a: Hide and Seek|Psyshock|p1a: Weezing
|-supereffective|p1a: Weezing
|-damage|p1a: Weezing|60/100
|-enditem|p1a: Weezing|Air Balloon
|
|upkeep
|turn|13
|
|t:|1743898652
|move|p1a: Weezing|Will-O-Wisp|p2a: Hide and Seek
|-status|p2a: Hide and Seek|brn
|move|p2a: Hide and Seek|Sludge Bomb|p1a: Weezing
|-damage|p1a: Weezing|12/100
|
|-damage|p2a: Hide and Seek|85/100 brn|[from] brn
|upkeep
|turn|14
|
|t:|1743898654
|-end|p1a: Weezing|ability: Neutralizing Gas
|switch|p1a: Latios|Latios, M|51/100
|move|p2a: Hide and Seek|Psyshock|p1a: Latios
|-resisted|p1a: Latios
|-damage|p1a: Latios|30/100
|
|-damage|p2a: Hide and Seek|78/100 brn|[from] brn
|upkeep
|turn|15
|
|t:|1743898665
|switch|p2a: Headlock|Ting-Lu|91/100
|-ability|p2a: Headlock|Vessel of Ruin
|move|p1a: Latios|Draco Meteor|p2a: Headlock
|-damage|p2a: Headlock|46/100
|-unboost|p1a: Latios|spa|2
|
|-heal|p2a: Headlock|52/100|[from] item: Leftovers
|upkeep
|turn|16
|
|t:|1743898670
|switch|p1a: Tornadus|Tornadus-Therian, M|44/100
|move|p2a: Headlock|Stealth Rock|p1a: Tornadus
|-sidestart|p1: Calm belt|move: Stealth Rock
|
|-heal|p2a: Headlock|58/100|[from] item: Leftovers
|upkeep
|turn|17
|
|t:|1743898674
|switch|p2a: Hide and Seek|Slowking-Galar, M|100/100 brn
|move|p1a: Tornadus|U-turn|p2a: Hide and Seek
|-damage|p2a: Hide and Seek|86/100 brn
|
|t:|1743898677
|switch|p1a: Weezing|Weezing-Galar, M|12/100|[from] U-turn
|-ability|p1a: Weezing|Neutralizing Gas
|-damage|p1a: Weezing|0 fnt|[from] Stealth Rock
|faint|p1a: Weezing
|-end|p1a: Weezing|ability: Neutralizing Gas
|
|-damage|p2a: Hide and Seek|80/100 brn|[from] brn
|upkeep
|
|t:|1743898679
|switch|p1a: Ogerpon|Ogerpon-Cornerstone, F|100/100
|-damage|p1a: Ogerpon|88/100|[from] Stealth Rock
|turn|18
|
|t:|1743898682
|move|p1a: Ogerpon|Horn Leech|p2a: Hide and Seek
|-resisted|p2a: Hide and Seek
|-damage|p2a: Hide and Seek|58/100 brn
|-heal|p1a: Ogerpon|100/100|[from] drain|[of] p2a: Hide and Seek
|-prepare|p2a: Hide and Seek|Chilly Reception|[premajor]
|move|p2a: Hide and Seek|Chilly Reception|p2a: Hide and Seek
|-weather|Snowscape
|
|t:|1743898686
|switch|p2a: Daylight Robbery|Cinderace, M|100/100|[from] Chilly Reception
|
|-weather|Snowscape|[upkeep]
|upkeep
|turn|19
|
|t:|1743898689
|switch|p1a: Keldeo|Keldeo|100/100
|-damage|p1a: Keldeo|94/100|[from] Stealth Rock
|move|p2a: Daylight Robbery|U-turn|p1a: Keldeo
|-resisted|p1a: Keldeo
|-damage|p1a: Keldeo|83/100
|
|t:|1743898692
|switch|p2a: Hide and Seek|Slowking-Galar, M|91/100 brn|[from] U-turn
|
|-weather|Snowscape|[upkeep]
|-damage|p2a: Hide and Seek|85/100 brn|[from] brn
|upkeep
|turn|20
|
|t:|1743898695
|move|p1a: Keldeo|Flip Turn|p2a: Hide and Seek
|-damage|p2a: Hide and Seek|72/100 brn
|
|t:|1743898699
|switch|p1a: Tornadus|Tornadus-Therian, M|77/100|[from] Flip Turn
|-damage|p1a: Tornadus|52/100|[from] Stealth Rock
|move|p2a: Hide and Seek|Psyshock|p1a: Tornadus
|-damage|p1a: Tornadus|21/100
|
|-weather|Snowscape|[upkeep]
|-damage|p2a: Hide and Seek|65/100 brn|[from] brn
|upkeep
|turn|21
|
|t:|1743898702
|move|p1a: Tornadus|Bleakwind Storm|p2a: Hide and Seek
|-damage|p2a: Hide and Seek|43/100 brn
|-prepare|p2a: Hide and Seek|Chilly Reception|[premajor]
|move|p2a: Hide and Seek|Chilly Reception|p2a: Hide and Seek
|
|t:|1743898707
|switch|p2a: The Walk|Kyurem|60/100|[from] Chilly Reception
|-ability|p2a: The Walk|Pressure
|
|-weather|Snowscape|[upkeep]
|upkeep
|turn|22
|
|t:|1743898710
|move|p2a: The Walk|Blizzard|p1a: Tornadus
|-supereffective|p1a: Tornadus
|-crit|p1a: Tornadus
|-damage|p1a: Tornadus|0 fnt
|faint|p1a: Tornadus
|
|-weather|none
|upkeep
|
|t:|1743898712
|switch|p1a: Ogerpon|Ogerpon-Cornerstone, F|100/100
|-damage|p1a: Ogerpon|88/100|[from] Stealth Rock
|turn|23
|
|t:|1743898719
|move|p1a: Ogerpon|Ivy Cudgel|p2a: The Walk|[anim] Ivy Cudgel Rock
|-supereffective|p2a: The Walk
|-damage|p2a: The Walk|0 fnt
|faint|p2a: The Walk
|
|upkeep
|
|t:|1743898723
|switch|p2a: Daylight Robbery|Cinderace, M|100/100
|turn|24
|
|t:|1743898729
|move|p2a: Daylight Robbery|Will-O-Wisp|p1a: Ogerpon|[miss]
|-miss|p2a: Daylight Robbery|p1a: Ogerpon
|move|p1a: Ogerpon|Swords Dance|p1a: Ogerpon
|-boost|p1a: Ogerpon|atk|2
|
|upkeep
|turn|25
|
|t:|1743898732
|move|p2a: Daylight Robbery|Will-O-Wisp|p1a: Ogerpon
|-status|p1a: Ogerpon|brn
|move|p1a: Ogerpon|Ivy Cudgel|p2a: Daylight Robbery|[anim] Ivy Cudgel Rock
|-supereffective|p2a: Daylight Robbery
|-damage|p2a: Daylight Robbery|0 fnt
|faint|p2a: Daylight Robbery
|
|-damage|p1a: Ogerpon|82/100 brn|[from] brn
|upkeep
|
|t:|1743898737
|switch|p2a: Clear the Area|Corviknight, F|100/100
|-ability|p2a: Clear the Area|Pressure
|turn|26
|
|t:|1743898742
|move|p1a: Ogerpon|Ivy Cudgel|p2a: Clear the Area|[anim] Ivy Cudgel Rock
|-damage|p2a: Clear the Area|68/100
|move|p2a: Clear the Area|Iron Defense|p2a: Clear the Area
|-boost|p2a: Clear the Area|def|2
|
|-damage|p1a: Ogerpon|76/100 brn|[from] brn
|upkeep
|turn|27
|
|t:|1743898745
|switch|p1a: Latios|Latios, M|30/100
|-damage|p1a: Latios|18/100|[from] Stealth Rock
|move|p2a: Clear the Area|Body Press|p1a: Latios
|-resisted|p1a: Latios
|-damage|p1a: Latios|0 fnt
|faint|p1a: Latios
|
|upkeep
|
|t:|1743898747
|switch|p1a: Keldeo|Keldeo|83/100
|-damage|p1a: Keldeo|77/100|[from] Stealth Rock
|turn|28
|
|t:|1743898749
|switch|p2a: Hide and Seek|Slowking-Galar, M|77/100 brn
|move|p1a: Keldeo|Surf|p2a: Hide and Seek
|-damage|p2a: Hide and Seek|51/100 brn
|
|-damage|p2a: Hide and Seek|45/100 brn|[from] brn
|upkeep
|turn|29
|
|t:|1743898759
|-terastallize|p2a: Hide and Seek|Water
|move|p1a: Keldeo|Surf|p2a: Hide and Seek
|-resisted|p2a: Hide and Seek
|-damage|p2a: Hide and Seek|32/100 brn
|-prepare|p2a: Hide and Seek|Chilly Reception|[premajor]
|move|p2a: Hide and Seek|Chilly Reception|p2a: Hide and Seek
|-weather|Snowscape
|-message|Calm belt forfeited.
|
|win|OUZQ Kus
