|j|☆Hernia FRAUD of SV
|j|☆YeatLover267
|t:|1743914039
|gametype|singles
|player|p1|Hernia FRAUD of SV|266|1131
|player|p2|YeatLover267|170|1107
|teamsize|p1|6
|teamsize|p2|6
|gen|9
|tier|[Gen 9] OU
|rated|
|rule|HP Percentage Mod: HP is shown in percentages
|rule|Endless Battle Clause: Forcing endless battles is banned
|rule|Species Clause: Limit one of each Pokémon
|rule|OHKO Clause: OHKO moves are banned
|rule|Evasion Items Clause: Evasion items are banned
|rule|Evasion Moves Clause: Evasion moves are banned
|rule|Sleep Moves Clause: Sleep-inducing moves are banned
|clearpoke
|poke|p1|Zapdos|
|poke|p1|Iron Crown|
|poke|p1|Garganacl, M|
|poke|p1|Great Tusk|
|poke|p1|Samurott-Hisui, F|
|poke|p1|Dragapult, F|
|poke|p2|Wo-Chien|
|poke|p2|Ting-Lu|
|poke|p2|Comfey, F|
|poke|p2|Mandibuzz, F|
|poke|p2|Heatran, F|
|poke|p2|Scizor, F|
|teampreview
|inactive|Battle timer is ON: inactive players will automatically lose when time's up. (requested by YeatLover267)
|
|t:|1743914050
|start
|switch|p1a: Samurott|Samurott-Hisui, F|100/100
|switch|p2a: Scizor|Scizor, F|100/100
|turn|1
|
|t:|1743914058
|switch|p1a: Club Paratwice|Zapdos|100/100
|move|p2a: Scizor|U-turn|p1a: Club Paratwice
|-resisted|p1a: Club Paratwice
|-damage|p1a: Club Paratwice|79/100
|-status|p2a: Scizor|par|[from] ability: Static|[of] p1a: Club Paratwice
|
|t:|1743914061
|switch|p2a: Heatran|Heatran, F|100/100|[from] U-turn
|
|upkeep
|turn|2
|
|t:|1743914067
|move|p1a: Club Paratwice|Volt Switch|p2a: Heatran
|-damage|p2a: Heatran|88/100
|
|t:|1743914075
|switch|p1a: Garganacl|Garganacl, M|100/100|[from] Volt Switch
|move|p2a: Heatran|Magma Storm|p1a: Garganacl
|-resisted|p1a: Garganacl
|-damage|p1a: Garganacl|87/100
|-activate|p1a: Garganacl|move: Magma Storm|[of] p2a: Heatran
|
|-heal|p1a: Garganacl|93/100|[from] item: Leftovers
|-damage|p1a: Garganacl|81/100|[from] move: Magma Storm|[partiallytrapped]
|upkeep
|turn|3
|
|t:|1743914085
|switch|p2a: Ting-Lu|Ting-Lu|100/100
|-ability|p2a: Ting-Lu|Vessel of Ruin
|-terastallize|p1a: Garganacl|Water
|move|p1a: Garganacl|Earthquake|p2a: Ting-Lu
|-damage|p2a: Ting-Lu|88/100
|
|-heal|p1a: Garganacl|87/100|[from] item: Leftovers
|-end|p1a: Garganacl|Magma Storm|[partiallytrapped]|[silent]
|upkeep
|turn|4
|
|t:|1743914096
|move|p2a: Ting-Lu|Stealth Rock|p1a: Garganacl
|-sidestart|p1: Hernia FRAUD of SV|move: Stealth Rock
|move|p1a: Garganacl|Salt Cure|p2a: Ting-Lu
|-resisted|p2a: Ting-Lu
|-damage|p2a: Ting-Lu|84/100
|-start|p2a: Ting-Lu|Salt Cure
|
|-heal|p1a: Garganacl|93/100|[from] item: Leftovers
|-damage|p2a: Ting-Lu|72/100|[from] Salt Cure
|upkeep
|turn|5
|
|t:|1743914100
|move|p1a: Garganacl|Curse|p1a: Garganacl
|-unboost|p1a: Garganacl|spe|1
|-boost|p1a: Garganacl|atk|1
|-boost|p1a: Garganacl|def|1
|move|p2a: Ting-Lu|Whirlwind|p1a: Garganacl
|drag|p1a: Club Paratwice|Zapdos|79/100
|
|-damage|p2a: Ting-Lu|60/100|[from] Salt Cure
|upkeep
|turn|6
|
|t:|1743914106
|switch|p1a: Great Tusk|Great Tusk|100/100
|-damage|p1a: Great Tusk|98/100|[from] Stealth Rock
|move|p2a: Ting-Lu|Whirlwind|p1a: Great Tusk
|-end|p1a: Great Tusk|Protosynthesis|[silent]
|drag|p1a: Iron Crown|Iron Crown|100/100
|-damage|p1a: Iron Crown|94/100|[from] Stealth Rock
|
|-damage|p2a: Ting-Lu|47/100|[from] Salt Cure
|upkeep
|turn|7
|
|t:|1743914110
|move|p1a: Iron Crown|Tachyon Cutter|p2a: Ting-Lu
|-damage|p2a: Ting-Lu|29/100
|-damage|p2a: Ting-Lu|11/100
|-enditem|p2a: Ting-Lu|Aguav Berry|[eat]
|-heal|p2a: Ting-Lu|45/100|[from] item: Aguav Berry
|-hitcount|p2a: Ting-Lu|2
|move|p2a: Ting-Lu|Whirlwind|p1a: Iron Crown
|-end|p1a: Iron Crown|Quark Drive|[silent]
|drag|p1a: Dragapult|Dragapult, F|100/100
|
|-damage|p2a: Ting-Lu|32/100|[from] Salt Cure
|upkeep
|turn|8
|
|t:|1743914120
|move|p1a: Dragapult|U-turn|p2a: Ting-Lu
|-supereffective|p2a: Ting-Lu
|-damage|p2a: Ting-Lu|11/100
|
|t:|1743914128
|switch|p1a: Great Tusk|Great Tusk|98/100|[from] U-turn
|-damage|p1a: Great Tusk|95/100|[from] Stealth Rock
|move|p2a: Ting-Lu|Earthquake|p1a: Great Tusk
|-damage|p1a: Great Tusk|67/100
|
|-damage|p2a: Ting-Lu|0 fnt|[from] Salt Cure
|faint|p2a: Ting-Lu
|upkeep
|
|t:|1743914134
|switch|p2a: Comfey|Comfey, F, shiny|100/100
|turn|9
|
|t:|1743914142
|-end|p1a: Great Tusk|Protosynthesis|[silent]
|switch|p1a: Iron Crown|Iron Crown|94/100
|-damage|p1a: Iron Crown|88/100|[from] Stealth Rock
|move|p2a: Comfey|Calm Mind|p2a: Comfey
|-boost|p2a: Comfey|spa|1
|-boost|p2a: Comfey|spd|1
|
|upkeep
|turn|10
|
|t:|1743914144
|-terastallize|p2a: Comfey|Steel
|move|p1a: Iron Crown|Tachyon Cutter|p2a: Comfey
|-resisted|p2a: Comfey
|-damage|p2a: Comfey|87/100
|-resisted|p2a: Comfey
|-damage|p2a: Comfey|74/100
|-hitcount|p2a: Comfey|2
|move|p2a: Comfey|Calm Mind|p2a: Comfey
|-boost|p2a: Comfey|spa|1
|-boost|p2a: Comfey|spd|1
|
|upkeep
|turn|11
|
|t:|1743914148
|-end|p1a: Iron Crown|Quark Drive|[silent]
|switch|p1a: Great Tusk|Great Tusk|67/100
|-damage|p1a: Great Tusk|64/100|[from] Stealth Rock
|move|p2a: Comfey|Draining Kiss|p1a: Great Tusk
|-supereffective|p1a: Great Tusk
|-damage|p1a: Great Tusk|0 fnt
|-heal|p2a: Comfey|100/100|[from] drain|[of] p1a: Great Tusk
|-damage|p2a: Comfey|84/100|[from] item: Rocky Helmet|[of] p1a: Great Tusk
|faint|p1a: Great Tusk
|-end|p1a: Great Tusk|Protosynthesis|[silent]
|
|upkeep
|
|t:|1743914173
|switch|p1a: Club Paratwice|Zapdos|79/100
|turn|12
|
|t:|1743914175
|move|p2a: Comfey|Draining Kiss|p1a: Club Paratwice
|-damage|p1a: Club Paratwice|40/100
|-heal|p2a: Comfey|100/100|[from] drain|[of] p1a: Club Paratwice
|move|p1a: Club Paratwice|Thunder Wave|p2a: Comfey
|-status|p2a: Comfey|par
|
|upkeep
|turn|13
|
|t:|1743914194
|move|p2a: Comfey|Draining Kiss|p1a: Club Paratwice
|-damage|p1a: Club Paratwice|0 fnt
|faint|p1a: Club Paratwice
|
|upkeep
|
|t:|1743914200
|switch|p1a: Garganacl|Garganacl, M, tera:Water|93/100
|-damage|p1a: Garganacl|81/100|[from] Stealth Rock
|turn|14
|
|t:|1743914206
|move|p2a: Comfey|Giga Drain|p1a: Garganacl
|-supereffective|p1a: Garganacl
|-damage|p1a: Garganacl|23/100
|move|p1a: Garganacl|Earthquake|p2a: Comfey
|-supereffective|p2a: Comfey
|-damage|p2a: Comfey|45/100 par
|
|-heal|p1a: Garganacl|29/100|[from] item: Leftovers
|upkeep
|turn|15
|
|t:|1743914213
|switch|p1a: Iron Crown|Iron Crown|88/100
|-damage|p1a: Iron Crown|82/100|[from] Stealth Rock
|move|p2a: Comfey|Giga Drain|p1a: Iron Crown
|-resisted|p1a: Iron Crown
|-damage|p1a: Iron Crown|61/100
|-heal|p2a: Comfey|59/100 par|[from] drain|[of] p1a: Iron Crown
|
|upkeep
|turn|16
|
|t:|1743914217
|switch|p2a: Heatran|Heatran, F|88/100
|move|p1a: Iron Crown|Psychic Noise|p2a: Heatran
|-resisted|p2a: Heatran
|-damage|p2a: Heatran|77/100
|-start|p2a: Heatran|move: Heal Block
|
|upkeep
|turn|17
|
|t:|1743914226
|-end|p1a: Iron Crown|Quark Drive|[silent]
|switch|p1a: Garganacl|Garganacl, M, tera:Water|29/100
|-damage|p1a: Garganacl|16/100|[from] Stealth Rock
|move|p2a: Heatran|Earth Power|p1a: Garganacl
|-damage|p1a: Garganacl|0 fnt
|faint|p1a: Garganacl
|
|-end|p2a: Heatran|move: Heal Block
|upkeep
|-message|Hernia FRAUD of SV forfeited.
|
|win|YeatLover267
|raw|Hernia FRAUD of SV's rating: 1131 &rarr; <strong>1104</strong><br />(-27 for losing)
|raw|YeatLover267's rating: 1107 &rarr; <strong>1134</strong><br />(+27 for winning)
|l|☆Hernia FRAUD of SV
|player|p1|
|l|☆YeatLover267
|player|p2|
|j|☆YeatLover267
|player|p2|YeatLover267|170|
|l|☆YeatLover267
|player|p2|
