|j|☆meidoragon
|j|☆snoxier
|t:|1743792019
|gametype|singles
|player|p1|meidoragon|170|1135
|player|p2|snoxier|266|1138
|teamsize|p1|6
|teamsize|p2|6
|gen|9
|tier|[Gen 9] OU
|rated|
|rule|HP Percentage Mod: HP is shown in percentages
|rule|Endless Battle Clause: Forcing endless battles is banned
|rule|Species Clause: Limit one of each Pokémon
|rule|OHKO Clause: OHKO moves are banned
|rule|Evasion Items Clause: Evasion items are banned
|rule|Evasion Moves Clause: Evasion moves are banned
|rule|Sleep Moves Clause: Sleep-inducing moves are banned
|clearpoke
|poke|p1|Meowscarada, F|
|poke|p1|Landorus-Therian, M|
|poke|p1|Hatterene, F|
|poke|p1|Iron Moth|
|poke|p1|Primarina, F|
|poke|p1|Gliscor, F|
|poke|p2|Kingambit, F|
|poke|p2|Dragapult, F|
|poke|p2|Corviknight, F|
|poke|p2|Chandelure, M|
|poke|p2|Staraptor, F|
|poke|p2|Tinkaton, F|
|teampreview
|inactive|Battle timer is ON: inactive players will automatically lose when time's up. (requested by snoxier)
|c|☆snoxier|gl!
|c|☆snoxier|lovely team :D
|
|t:|1743792041
|start
|switch|p1a: Meowscarada|Meowscarada, F|100/100
|switch|p2a: kms|Staraptor, F|100/100
|turn|1
|c|☆meidoragon|gl hf
|
|t:|1743792049
|move|p1a: Meowscarada|U-turn|p2a: kms
|-start|p1a: Meowscarada|typechange|Bug|[from] ability: Protean
|-resisted|p2a: kms
|-damage|p2a: kms|75/100
|
|t:|1743792053
|switch|p1a: Landorus|Landorus-Therian, M|100/100|[from] U-turn
|-ability|p1a: Landorus|Intimidate|boost
|-unboost|p2a: kms|atk|1
|move|p2a: kms|U-turn|p1a: Landorus
|-resisted|p1a: Landorus
|-damage|p1a: Landorus|92/100
|
|t:|1743792067
|switch|p2a: what set am i?|Dragapult, F|100/100|[from] U-turn
|
|upkeep
|turn|2
|
|t:|1743792072
|move|p2a: what set am i?|Draco Meteor|p1a: Landorus|[miss]
|-miss|p2a: what set am i?|p1a: Landorus
|move|p1a: Landorus|U-turn|p2a: what set am i?
|-resisted|p2a: what set am i?
|-damage|p2a: what set am i?|80/100
|
|t:|1743792078
|switch|p1a: Meowscarada|Meowscarada, F|100/100|[from] U-turn
|
|upkeep
|turn|3
|
|t:|1743792083
|-terastallize|p2a: what set am i?|Fairy
|move|p1a: Meowscarada|Knock Off|p2a: what set am i?
|-start|p1a: Meowscarada|typechange|Dark|[from] ability: Protean
|-resisted|p2a: what set am i?
|-damage|p2a: what set am i?|47/100
|-enditem|p2a: what set am i?|Choice Specs|[from] move: Knock Off|[of] p1a: Meowscarada
|move|p2a: what set am i?|Draco Meteor|p1a: Meowscarada
|-damage|p1a: Meowscarada|16/100
|-unboost|p2a: what set am i?|spa|2
|
|upkeep
|turn|4
|
|t:|1743792095
|switch|p1a: Primarina|Primarina, F|100/100
|move|p2a: what set am i?|Thunder Wave|p1a: Primarina
|-status|p1a: Primarina|par
|
|upkeep
|turn|5
|
|t:|1743792102
|move|p2a: what set am i?|U-turn|p1a: Primarina
|-resisted|p1a: Primarina
|-damage|p1a: Primarina|88/100 par
|c|☆snoxier|lmfao
|
|t:|1743792108
|switch|p2a: steelixbutbetter|Tinkaton, F|100/100|[from] U-turn
|-ability|p2a: steelixbutbetter|Mold Breaker
|move|p1a: Primarina|Hyper Voice|p2a: steelixbutbetter
|-damage|p2a: steelixbutbetter|44/100
|
|-heal|p2a: steelixbutbetter|50/100|[from] item: Leftovers
|upkeep
|turn|6
|c|☆snoxier|that did more then expected tbh
|c|☆snoxier|even my calculator said it was torrent xD
|
|t:|1743792135
|move|p2a: steelixbutbetter|Gigaton Hammer|p1a: Primarina
|-damage|p1a: Primarina|18/100 par
|move|p1a: Primarina|Hyper Voice|p2a: steelixbutbetter
|-damage|p2a: steelixbutbetter|0 fnt
|faint|p2a: steelixbutbetter
|
|upkeep
|
|t:|1743792140
|switch|p2a: absorb your water|Chandelure, M|100/100
|turn|7
|c|☆snoxier|be fr, is that specs?
|inactive|meidoragon has 120 seconds left.
|
|t:|1743792196
|move|p2a: absorb your water|Shadow Ball|p1a: Primarina
|-damage|p1a: Primarina|0 fnt
|faint|p1a: Primarina
|
|upkeep
|c|☆meidoragon|nope
|inactive|meidoragon has 90 seconds left.
|c|☆snoxier|;-; its just that good
|c|☆meidoragon|i have no one with choice specs
|
|t:|1743792217
|switch|p1a: Meowscarada|Meowscarada, F|16/100
|turn|8
|
|t:|1743792224
|switch|p2a: burb... roosting|Corviknight, F|100/100
|-ability|p2a: burb... roosting|Pressure
|move|p1a: Meowscarada|Knock Off|p2a: burb... roosting
|-start|p1a: Meowscarada|typechange|Dark|[from] ability: Protean
|-damage|p2a: burb... roosting|74/100
|-enditem|p2a: burb... roosting|Leftovers|[from] move: Knock Off|[of] p1a: Meowscarada
|
|upkeep
|turn|9
|
|t:|1743792230
|switch|p1a: Iron Moth|Iron Moth|100/100
|-enditem|p1a: Iron Moth|Booster Energy
|-activate|p1a: Iron Moth|ability: Quark Drive|[fromitem]
|-start|p1a: Iron Moth|quarkdrivespa
|move|p2a: burb... roosting|U-turn|p1a: Iron Moth
|-resisted|p1a: Iron Moth
|-damage|p1a: Iron Moth|94/100
|
|t:|1743792236
|switch|p2a: absorb your water|Chandelure, M|100/100|[from] U-turn
|
|upkeep
|turn|10
|
|t:|1743792249
|move|p2a: absorb your water|Psychic|p1a: Iron Moth
|-supereffective|p1a: Iron Moth
|-damage|p1a: Iron Moth|23/100
|move|p1a: Iron Moth|Discharge|p2a: absorb your water
|-damage|p2a: absorb your water|45/100
|
|upkeep
|turn|11
|
|t:|1743792260
|-end|p1a: Iron Moth|Quark Drive|[silent]
|switch|p1a: Landorus|Landorus-Therian, M|92/100
|-ability|p1a: Landorus|Intimidate|boost
|-unboost|p2a: absorb your water|atk|1
|move|p2a: absorb your water|Psychic|p1a: Landorus
|-damage|p1a: Landorus|70/100
|
|upkeep
|turn|12
|c|☆snoxier|thats spdef
|
|t:|1743792286
|switch|p2a: burb... roosting|Corviknight, F|74/100
|-ability|p2a: burb... roosting|Pressure
|move|p1a: Landorus|U-turn|p2a: burb... roosting
|-resisted|p2a: burb... roosting
|-damage|p2a: burb... roosting|69/100
|c|☆meidoragon|yes
|
|t:|1743792295
|switch|p1a: Hatterene|Hatterene, F|100/100|[from] U-turn
|
|upkeep
|turn|13
|
|t:|1743792300
|move|p2a: burb... roosting|U-turn|p1a: Hatterene
|-damage|p1a: Hatterene|83/100
|
|t:|1743792306
|switch|p2a: what set am i?|Dragapult, F, tera:Fairy|47/100|[from] U-turn
|move|p1a: Hatterene|Calm Mind|p1a: Hatterene
|-boost|p1a: Hatterene|spa|1
|-boost|p1a: Hatterene|spd|1
|
|upkeep
|turn|14
|
|t:|1743792313
|-terastallize|p1a: Hatterene|Steel
|move|p2a: what set am i?|Shadow Ball|p1a: Hatterene
|-damage|p1a: Hatterene|60/100
|move|p1a: Hatterene|Dazzling Gleam|p2a: what set am i?
|-damage|p2a: what set am i?|0 fnt
|faint|p2a: what set am i?
|-damage|p1a: Hatterene|50/100|[from] item: Life Orb
|
|upkeep
|
|t:|1743792317
|switch|p2a: absorb your water|Chandelure, M|45/100
|turn|15
|
|t:|1743792321
|move|p2a: absorb your water|Flamethrower|p1a: Hatterene
|-supereffective|p1a: Hatterene
|-damage|p1a: Hatterene|0 fnt
|faint|p1a: Hatterene
|
|upkeep
|
|t:|1743792334
|switch|p1a: Gliscor|Gliscor, F|100/100
|turn|16
|c|☆snoxier|looking pretty dire for me tbh
|
|t:|1743792340
|switch|p2a: kms|Staraptor, F|75/100
|move|p1a: Gliscor|Knock Off|p2a: kms
|-damage|p2a: kms|37/100
|-enditem|p2a: kms|Choice Scarf|[from] move: Knock Off|[of] p1a: Gliscor
|
|-status|p1a: Gliscor|tox|[from] item: Toxic Orb
|upkeep
|turn|17
|
|t:|1743792357
|move|p2a: kms|Brave Bird|p1a: Gliscor
|-damage|p1a: Gliscor|27/100 tox
|-damage|p2a: kms|15/100|[from] Recoil
|move|p1a: Gliscor|Poison Jab|p2a: kms
|-damage|p2a: kms|0 fnt
|faint|p2a: kms
|
|-heal|p1a: Gliscor|39/100 tox|[from] ability: Poison Heal
|upkeep
|
|t:|1743792364
|switch|p2a: absorb your water|Chandelure, M|45/100
|turn|18
|
|t:|1743792373
|move|p2a: absorb your water|Flamethrower|p1a: Gliscor
|-crit|p1a: Gliscor
|-damage|p1a: Gliscor|0 fnt
|faint|p1a: Gliscor
|
|upkeep
|inactive|meidoragon has 120 seconds left.
|
|t:|1743792410
|switch|p1a: Meowscarada|Meowscarada, F|16/100
|turn|19
|inactive|meidoragon has 120 seconds left.
|
|t:|1743792432
|move|p1a: Meowscarada|U-turn|p2a: absorb your water
|-start|p1a: Meowscarada|typechange|Bug|[from] ability: Protean
|-resisted|p2a: absorb your water
|-damage|p2a: absorb your water|34/100
|
|t:|1743792434
|switch|p1a: Landorus|Landorus-Therian, M|70/100|[from] U-turn
|-ability|p1a: Landorus|Intimidate|boost
|-unboost|p2a: absorb your water|atk|1
|move|p2a: absorb your water|Flamethrower|p1a: Landorus
|-damage|p1a: Landorus|33/100
|
|upkeep
|turn|20
|c|☆snoxier|:)
|
|t:|1743792440
|move|p2a: absorb your water|Flamethrower|p1a: Landorus
|-damage|p1a: Landorus|0 fnt
|faint|p1a: Landorus
|
|upkeep
|c|☆meidoragon|gg
|inactive|meidoragon has 120 seconds left.
|-message|meidoragon forfeited.
|
|win|snoxier
|raw|meidoragon's rating: 1135 &rarr; <strong>1110</strong><br />(-25 for losing)
|raw|snoxier's rating: 1138 &rarr; <strong>1163</strong><br />(+25 for winning)
|l|☆meidoragon
|player|p1|
|c|☆snoxier|wp!
