|j|☆lobomil
|j|☆kanob55
|t:|1743857139
|gametype|singles
|player|p1|lobomil|cynthia-gen4|1165
|player|p2|kanob55|acetrainerf-gen4dp|1215
|teamsize|p1|6
|teamsize|p2|6
|gen|9
|tier|[Gen 9] OU
|rated|
|rule|HP Percentage Mod: HP is shown in percentages
|rule|Endless Battle Clause: Forcing endless battles is banned
|rule|Species Clause: Limit one of each Pokémon
|rule|OHKO Clause: OHKO moves are banned
|rule|Evasion Items Clause: Evasion items are banned
|rule|Evasion Moves Clause: Evasion moves are banned
|rule|Sleep Moves Clause: Sleep-inducing moves are banned
|clearpoke
|poke|p1|Florges-Blue, F|
|poke|p1|Empoleon, M|
|poke|p1|Talonflame, F|
|poke|p1|Zapdos-Galar|
|poke|p1|Arcanine-Hisui, M|
|poke|p1|Slowking, F|
|poke|p2|Iron Treads|
|poke|p2|Dragapult, F|
|poke|p2|Blaziken, F|
|poke|p2|Ogerpon-Wellspring, F|
|poke|p2|Thundurus-Therian, M|
|poke|p2|Garganacl, M|
|teampreview
|inactive|Battle timer is ON: inactive players will automatically lose when time's up. (requested by kanob55)
|
|t:|1743857153
|start
|switch|p1a: Arcanine|Arcanine-Hisui, M|100/100
|switch|p2a: Thundurus|Thundurus-Therian, M|100/100
|turn|1
|
|t:|1743857164
|switch|p2a: Garganacl|Garganacl, M|100/100
|move|p1a: Arcanine|Head Smash|p2a: Garganacl|[miss]
|-miss|p1a: Arcanine|p2a: Garganacl
|
|upkeep
|turn|2
|
|t:|1743857180
|switch|p1a: Florges|Florges-Blue, F|100/100
|move|p2a: Garganacl|Salt Cure|p1a: Florges
|-damage|p1a: Florges|84/100
|-start|p1a: Florges|Salt Cure
|
|-heal|p1a: Florges|90/100|[from] item: Leftovers
|-damage|p1a: Florges|77/100|[from] Salt Cure
|upkeep
|turn|3
|
|t:|1743857191
|move|p1a: Florges|Psychic Noise|p2a: Garganacl
|-damage|p2a: Garganacl|82/100
|-start|p2a: Garganacl|move: Heal Block
|move|p2a: Garganacl|Stealth Rock|p1a: Florges
|-sidestart|p1: lobomil|move: Stealth Rock
|
|-heal|p1a: Florges|84/100|[from] item: Leftovers
|-damage|p1a: Florges|71/100|[from] Salt Cure
|upkeep
|turn|4
|
|t:|1743857200
|move|p2a: Garganacl|Protect|p2a: Garganacl
|-singleturn|p2a: Garganacl|Protect
|move|p1a: Florges|Calm Mind|p1a: Florges
|-boost|p1a: Florges|spa|1
|-boost|p1a: Florges|spd|1
|
|-heal|p1a: Florges|77/100|[from] item: Leftovers
|-damage|p1a: Florges|65/100|[from] Salt Cure
|-end|p2a: Garganacl|move: Heal Block
|upkeep
|turn|5
|
|t:|1743857214
|move|p1a: Florges|Psychic Noise|p2a: Garganacl
|-damage|p2a: Garganacl|56/100
|-start|p2a: Garganacl|move: Heal Block
|move|p2a: Garganacl|Salt Cure|p1a: Florges
|-damage|p1a: Florges|45/100
|
|-heal|p1a: Florges|51/100|[from] item: Leftovers
|-damage|p1a: Florges|39/100|[from] Salt Cure
|upkeep
|turn|6
|
|t:|1743857225
|move|p2a: Garganacl|Protect|p2a: Garganacl
|-singleturn|p2a: Garganacl|Protect
|move|p1a: Florges|Calm Mind|p1a: Florges
|-boost|p1a: Florges|spa|1
|-boost|p1a: Florges|spd|1
|
|-heal|p1a: Florges|45/100|[from] item: Leftovers
|-damage|p1a: Florges|32/100|[from] Salt Cure
|-end|p2a: Garganacl|move: Heal Block
|upkeep
|turn|7
|
|t:|1743857234
|move|p1a: Florges|Draining Kiss|p2a: Garganacl
|-damage|p2a: Garganacl|21/100
|-heal|p1a: Florges|62/100|[from] drain|[of] p2a: Garganacl
|move|p2a: Garganacl|Recover|p2a: Garganacl
|-heal|p2a: Garganacl|71/100
|
|-heal|p1a: Florges|68/100|[from] item: Leftovers
|-heal|p2a: Garganacl|77/100|[from] item: Leftovers
|-damage|p1a: Florges|56/100|[from] Salt Cure
|upkeep
|turn|8
|
|t:|1743857263
|move|p1a: Florges|Calm Mind|p1a: Florges
|-boost|p1a: Florges|spa|1
|-boost|p1a: Florges|spd|1
|move|p2a: Garganacl|Salt Cure|p1a: Florges
|-damage|p1a: Florges|39/100
|
|-heal|p1a: Florges|45/100|[from] item: Leftovers
|-heal|p2a: Garganacl|83/100|[from] item: Leftovers
|-damage|p1a: Florges|32/100|[from] Salt Cure
|upkeep
|turn|9
|
|t:|1743857276
|move|p2a: Garganacl|Protect|p2a: Garganacl
|-singleturn|p2a: Garganacl|Protect
|move|p1a: Florges|Psychic Noise|p2a: Garganacl
|-activate|p2a: Garganacl|move: Protect
|
|-heal|p1a: Florges|39/100|[from] item: Leftovers
|-heal|p2a: Garganacl|89/100|[from] item: Leftovers
|-damage|p1a: Florges|26/100|[from] Salt Cure
|upkeep
|turn|10
|
|t:|1743857292
|move|p1a: Florges|Draining Kiss|p2a: Garganacl
|-damage|p2a: Garganacl|49/100
|-heal|p1a: Florges|60/100|[from] drain|[of] p2a: Garganacl
|move|p2a: Garganacl|Salt Cure|p1a: Florges
|-damage|p1a: Florges|42/100
|
|-heal|p1a: Florges|49/100|[from] item: Leftovers
|-heal|p2a: Garganacl|55/100|[from] item: Leftovers
|-damage|p1a: Florges|36/100|[from] Salt Cure
|upkeep
|turn|11
|inactive|kanob55 has 120 seconds left.
|
|t:|1743857308
|move|p1a: Florges|Psychic Noise|p2a: Garganacl
|-damage|p2a: Garganacl|14/100
|-start|p2a: Garganacl|move: Heal Block
|move|p2a: Garganacl|Salt Cure|p1a: Florges
|-damage|p1a: Florges|17/100
|
|-heal|p1a: Florges|24/100|[from] item: Leftovers
|-damage|p1a: Florges|11/100|[from] Salt Cure
|upkeep
|turn|12
|
|t:|1743857331
|switch|p1a: Empoleon|Empoleon, M|100/100
|-damage|p1a: Empoleon|94/100|[from] Stealth Rock
|-item|p1a: Empoleon|Air Balloon
|move|p2a: Garganacl|Protect||[still]
|-fail|p2a: Garganacl
|
|-end|p2a: Garganacl|move: Heal Block
|upkeep
|turn|13
|inactive|kanob55 has 120 seconds left.
|
|t:|1743857351
|switch|p2a: Thundurus|Thundurus-Therian, M|100/100
|move|p1a: Empoleon|Flash Cannon|p2a: Thundurus
|-resisted|p2a: Thundurus
|-damage|p2a: Thundurus|70/100
|
|upkeep
|turn|14
|inactive|kanob55 has 120 seconds left.
|
|t:|1743857362
|switch|p1a: Florges|Florges-Blue, F|11/100
|-damage|p1a: Florges|0 fnt|[from] Stealth Rock
|faint|p1a: Florges
|-terastallize|p2a: Thundurus|Steel
|move|p2a: Thundurus|Nasty Plot|p2a: Thundurus
|-boost|p2a: Thundurus|spa|2
|
|upkeep
|
|t:|1743857376
|switch|p1a: Arcanine|Arcanine-Hisui, M|100/100
|-damage|p1a: Arcanine|76/100|[from] Stealth Rock
|turn|15
|
|t:|1743857382
|move|p1a: Arcanine|Flare Blitz|p2a: Thundurus
|-supereffective|p2a: Thundurus
|-damage|p2a: Thundurus|0 fnt
|faint|p2a: Thundurus
|
|upkeep
|
|t:|1743857390
|switch|p2a: Dragapult|Dragapult, F|100/100
|turn|16
|
|t:|1743857405
|switch|p1a: Talonflame|Talonflame, F|100/100
|-damage|p1a: Talonflame|51/100|[from] Stealth Rock
|move|p2a: Dragapult|Dragon Darts|p1a: Talonflame
|-damage|p1a: Talonflame|7/100
|-anim|p2a: Dragapult|Dragon Darts|p1a: Talonflame
|-damage|p1a: Talonflame|0 fnt
|faint|p1a: Talonflame
|
|upkeep
|inactive|lobomil has 120 seconds left.
|c|☆kanob55|I should have suspected that you ran choice band on that ug
|
|t:|1743857432
|switch|p1a: Empoleon|Empoleon, M|94/100
|-damage|p1a: Empoleon|88/100|[from] Stealth Rock
|-item|p1a: Empoleon|Air Balloon
|turn|17
|inactive|lobomil has 120 seconds left.
|
|t:|1743857441
|switch|p2a: Garganacl|Garganacl, M|14/100
|move|p1a: Empoleon|Flash Cannon|p2a: Garganacl
|-supereffective|p2a: Garganacl
|-damage|p2a: Garganacl|0 fnt
|faint|p2a: Garganacl
|
|upkeep
|
|t:|1743857457
|switch|p2a: Blaziken|Blaziken, F|100/100
|turn|18
|c|☆lobomil|Choice scarf* jaja
|inactive|lobomil has 120 seconds left.
|
|t:|1743857479
|move|p2a: Blaziken|Protect|p2a: Blaziken
|-singleturn|p2a: Blaziken|Protect
|move|p1a: Empoleon|Agility|p1a: Empoleon
|-boost|p1a: Empoleon|spe|2
|
|-ability|p2a: Blaziken|Speed Boost|boost
|-boost|p2a: Blaziken|spe|1
|upkeep
|turn|19
|inactive|lobomil has 120 seconds left.
|
|t:|1743857488
|move|p1a: Empoleon|Surf|p2a: Blaziken
|-supereffective|p2a: Blaziken
|-damage|p2a: Blaziken|0 fnt
|faint|p2a: Blaziken
|
|upkeep
|c|☆kanob55|Sighhhh
|
|t:|1743857496
|switch|p2a: Dragapult|Dragapult, F|100/100
|turn|20
|c|☆lobomil|Haha
|
|t:|1743857510
|move|p1a: Empoleon|Flash Cannon|p2a: Dragapult
|-damage|p2a: Dragapult|43/100
|move|p2a: Dragapult|Dragon Darts|p1a: Empoleon
|-resisted|p1a: Empoleon
|-damage|p1a: Empoleon|66/100
|-enditem|p1a: Empoleon|Air Balloon
|-anim|p2a: Dragapult|Dragon Darts|p1a: Empoleon
|-resisted|p1a: Empoleon
|-damage|p1a: Empoleon|44/100
|
|upkeep
|turn|21
|
|t:|1743857518
|move|p1a: Empoleon|Flash Cannon|p2a: Dragapult
|-damage|p2a: Dragapult|0 fnt
|faint|p2a: Dragapult
|
|upkeep
|
|t:|1743857522
|switch|p2a: Ogerpon|Ogerpon-Wellspring, F|100/100
|turn|22
|
|t:|1743857529
|-terastallize|p1a: Empoleon|Flying
|move|p1a: Empoleon|Tera Blast|p2a: Ogerpon|[anim] Tera Blast Flying
|-supereffective|p2a: Ogerpon
|-damage|p2a: Ogerpon|4/100
|move|p2a: Ogerpon|Power Whip|p1a: Empoleon|[miss]
|-miss|p2a: Ogerpon|p1a: Empoleon
|
|upkeep
|turn|23
|c|☆kanob55|GG
|-message|kanob55 forfeited.
|
|win|lobomil
|raw|lobomil's rating: 1165 &rarr; <strong>1194</strong><br />(+29 for winning)
|raw|kanob55's rating: 1215 &rarr; <strong>1186</strong><br />(-29 for losing)
|c|☆lobomil|Gg
|c|☆kanob55|Went from 1300
|c|☆kanob55|to this
|l|☆kanob55
|player|p2|
|c|☆lobomil|Idk
|l|☆lobomil
|player|p1|
