|j|☆seaean
|j|☆raywhatareyoudoing
|t:|1743818465
|gametype|singles
|player|p1|seaean|blue|1431
|player|p2|raywhatareyoudoing|cynthia|1485
|teamsize|p1|6
|teamsize|p2|6
|gen|9
|tier|[Gen 9] OU
|rated|
|rule|HP Percentage Mod: HP is shown in percentages
|rule|Endless Battle Clause: Forcing endless battles is banned
|rule|Species Clause: Limit one of each Pokémon
|rule|OHKO Clause: OHKO moves are banned
|rule|Evasion Items Clause: Evasion items are banned
|rule|Evasion Moves Clause: Evasion moves are banned
|rule|Sleep Moves Clause: Sleep-inducing moves are banned
|clearpoke
|poke|p1|Sinistcha|
|poke|p1|Scizor, F|
|poke|p1|Garganacl, F|
|poke|p1|Clodsire, M|
|poke|p1|Great Tusk|
|poke|p1|Salamence, M|
|poke|p2|Glimmora, F|
|poke|p2|Zamazenta-*|
|poke|p2|Latias, F|
|poke|p2|Gholdengo|
|poke|p2|Dragonite, M|
|poke|p2|Weavile, M|
|teampreview
|inactive|Battle timer is ON: inactive players will automatically lose when time's up. (requested by seaean)
|
|t:|1743818477
|start
|switch|p1a: Garganacl|Garganacl, F|100/100
|switch|p2a: Weavile|Weavile, M, shiny|100/100
|turn|1
|
|t:|1743818491
|move|p1a: Garganacl|Protect|p1a: Garganacl
|-singleturn|p1a: Garganacl|Protect
|move|p2a: Weavile|Knock Off|p1a: Garganacl
|-activate|p1a: Garganacl|move: Protect
|
|upkeep
|turn|2
|
|t:|1743818498
|move|p2a: Weavile|Knock Off|p1a: Garganacl
|-crit|p1a: Garganacl
|-damage|p1a: Garganacl|42/100
|-enditem|p1a: Garganacl|Heavy-Duty Boots|[from] move: Knock Off|[of] p2a: Weavile
|-damage|p2a: Weavile|91/100|[from] item: Life Orb
|move|p1a: Garganacl|Stealth Rock|p2a: Weavile
|-sidestart|p2: raywhatareyoudoing|move: Stealth Rock
|
|upkeep
|turn|3
|
|t:|1743818508
|move|p2a: Weavile|Triple Axel|p1a: Garganacl
|-damage|p1a: Garganacl|33/100
|-damage|p1a: Garganacl|18/100
|-damage|p1a: Garganacl|0 fnt
|faint|p1a: Garganacl
|-hitcount|p1: Garganacl|3
|-damage|p2a: Weavile|81/100|[from] item: Life Orb
|
|upkeep
|
|t:|1743818518
|switch|p1a: Scizor|Scizor, F|100/100
|turn|4
|
|t:|1743818524
|switch|p2a: Zamazenta|Zamazenta, shiny|100/100
|-damage|p2a: Zamazenta|94/100|[from] Stealth Rock
|-ability|p2a: Zamazenta|Dauntless Shield|boost
|-boost|p2a: Zamazenta|def|1
|move|p1a: Scizor|U-turn|p2a: Zamazenta
|-resisted|p2a: Zamazenta
|-damage|p2a: Zamazenta|79/100
|
|t:|1743818532
|switch|p1a: Salamence|Salamence, M|100/100|[from] U-turn
|-ability|p1a: Salamence|Intimidate|boost
|-unboost|p2a: Zamazenta|atk|1
|
|-heal|p2a: Zamazenta|85/100|[from] item: Leftovers
|upkeep
|turn|5
|
|t:|1743818549
|move|p2a: Zamazenta|Substitute|p2a: Zamazenta
|-start|p2a: Zamazenta|Substitute
|-damage|p2a: Zamazenta|60/100
|move|p1a: Salamence|Hurricane|p2a: Zamazenta
|-supereffective|p2a: Zamazenta
|-end|p2a: Zamazenta|Substitute
|
|-heal|p2a: Zamazenta|67/100|[from] item: Leftovers
|upkeep
|turn|6
|
|t:|1743818565
|switch|p2a: Gholdengo|Gholdengo|100/100
|-damage|p2a: Gholdengo|94/100|[from] Stealth Rock
|move|p1a: Salamence|Hurricane|p2a: Gholdengo
|-resisted|p2a: Gholdengo
|-damage|p2a: Gholdengo|72/100
|
|upkeep
|turn|7
|
|t:|1743818569
|move|p1a: Salamence|Flamethrower|p2a: Gholdengo
|-supereffective|p2a: Gholdengo
|-damage|p2a: Gholdengo|19/100
|move|p2a: Gholdengo|Shadow Ball|p1a: Salamence
|-damage|p1a: Salamence|56/100
|-unboost|p1a: Salamence|spd|1
|
|upkeep
|turn|8
|-enditem|p2a: Gholdengo|Custap Berry|[eat]
|-activate|p2a: Gholdengo|item: Custap Berry|[consumed]
|
|t:|1743818583
|move|p2a: Gholdengo|Shadow Ball|p1a: Salamence
|-damage|p1a: Salamence|0 fnt
|faint|p1a: Salamence
|
|upkeep
|
|t:|1743818587
|switch|p1a: Clodsire|Clodsire, M|100/100
|turn|9
|
|t:|1743818592
|move|p2a: Gholdengo|Shadow Ball|p1a: Clodsire
|-damage|p1a: Clodsire|77/100
|move|p1a: Clodsire|Spikes|p2a: Gholdengo
|-sidestart|p2: raywhatareyoudoing|Spikes
|
|upkeep
|turn|10
|
|t:|1743818598
|move|p2a: Gholdengo|Shadow Ball|p1a: Clodsire
|-damage|p1a: Clodsire|56/100
|move|p1a: Clodsire|Earthquake|p2a: Gholdengo
|-supereffective|p2a: Gholdengo
|-damage|p2a: Gholdengo|0 fnt
|faint|p2a: Gholdengo
|
|upkeep
|
|t:|1743818607
|switch|p2a: Weavile|Weavile, M, shiny|81/100
|-damage|p2a: Weavile|56/100|[from] Stealth Rock
|-damage|p2a: Weavile|43/100|[from] Spikes
|turn|11
|
|t:|1743818624
|switch|p1a: Great Tusk|Great Tusk|100/100
|-enditem|p1a: Great Tusk|Booster Energy
|-activate|p1a: Great Tusk|ability: Protosynthesis|[fromitem]
|-start|p1a: Great Tusk|protosynthesisatk
|move|p2a: Weavile|Knock Off|p1a: Great Tusk
|-resisted|p1a: Great Tusk
|-damage|p1a: Great Tusk|85/100
|-damage|p2a: Weavile|33/100|[from] item: Life Orb
|
|upkeep
|turn|12
|
|t:|1743818642
|move|p2a: Weavile|Triple Axel|p1a: Great Tusk
|-supereffective|p1a: Great Tusk
|-damage|p1a: Great Tusk|65/100
|-supereffective|p1a: Great Tusk
|-damage|p1a: Great Tusk|27/100
|-supereffective|p1a: Great Tusk
|-damage|p1a: Great Tusk|0 fnt
|faint|p1a: Great Tusk
|-end|p1a: Great Tusk|Protosynthesis|[silent]
|-hitcount|p1: Great Tusk|3
|-damage|p2a: Weavile|23/100|[from] item: Life Orb
|
|upkeep
|
|t:|1743818645
|switch|p1a: Scizor|Scizor, F|100/100
|turn|13
|
|t:|1743818665
|move|p2a: Weavile|Upper Hand|p1a: Scizor
|-damage|p1a: Scizor|71/100
|-damage|p2a: Weavile|13/100|[from] item: Life Orb
|cant|p1a: Scizor|flinch
|
|upkeep
|turn|14
|
|t:|1743818679
|move|p1a: Scizor|Bullet Punch|p2a: Weavile
|-supereffective|p2a: Weavile
|-damage|p2a: Weavile|0 fnt
|faint|p2a: Weavile
|
|upkeep
|
|t:|1743818691
|switch|p2a: Dragonite|Dragonite, M|100/100
|turn|15
|
|t:|1743818700
|switch|p1a: Sinistcha|Sinistcha|100/100
|move|p2a: Dragonite|Dragon Dance|p2a: Dragonite
|-boost|p2a: Dragonite|atk|1
|-boost|p2a: Dragonite|spe|1
|
|upkeep
|turn|16
|
|t:|1743818710
|move|p2a: Dragonite|Ice Spinner|p1a: Sinistcha
|-supereffective|p1a: Sinistcha
|-damage|p1a: Sinistcha|28/100
|move|p1a: Sinistcha|Shadow Ball|p2a: Dragonite
|-damage|p2a: Dragonite|83/100
|
|upkeep
|turn|17
|
|t:|1743818729
|move|p2a: Dragonite|Ice Spinner|p1a: Sinistcha
|-supereffective|p1a: Sinistcha
|-damage|p1a: Sinistcha|0 fnt
|faint|p1a: Sinistcha
|
|upkeep
|
|t:|1743818732
|switch|p1a: Scizor|Scizor, F|71/100
|turn|18
|
|t:|1743818740
|-terastallize|p1a: Scizor|Steel
|move|p1a: Scizor|Bullet Punch|p2a: Dragonite
|-damage|p2a: Dragonite|5/100
|move|p2a: Dragonite|Earthquake|p1a: Scizor
|-supereffective|p1a: Scizor
|-damage|p1a: Scizor|0 fnt
|faint|p1a: Scizor
|
|upkeep
|-message|seaean forfeited.
|
|win|raywhatareyoudoing
|raw|seaean's rating: 1431 &rarr; <strong>1414</strong><br />(-17 for losing)
|raw|raywhatareyoudoing's rating: 1485 &rarr; <strong>1502</strong><br />(+17 for winning)
|l|☆seaean
|player|p1|
