|j|☆quetzuma
|j|☆ProteinMan11
|t:|1743905080
|gametype|singles
|player|p1|quetzuma|swimmer-gen4dp|1430
|player|p2|ProteinMan11|hiker-gen4|1579
|teamsize|p1|6
|teamsize|p2|6
|gen|9
|tier|[Gen 9] OU
|rated|
|rule|HP Percentage Mod: HP is shown in percentages
|rule|Endless Battle Clause: Forcing endless battles is banned
|rule|Species Clause: Limit one of each Pokémon
|rule|OHKO Clause: OHKO moves are banned
|rule|Evasion Items Clause: Evasion items are banned
|rule|Evasion Moves Clause: Evasion moves are banned
|rule|Sleep Moves Clause: Sleep-inducing moves are banned
|clearpoke
|poke|p1|Dragapult, F|
|poke|p1|Braviary-Hisui, M|
|poke|p1|Kingambit, M|
|poke|p1|Great Tusk|
|poke|p1|Azumarill, M|
|poke|p1|Slowking-Galar, M|
|poke|p2|Ninetales-Alola, M|
|poke|p2|Dragonite, M|
|poke|p2|Deoxys-Speed|
|poke|p2|Iron Valiant|
|poke|p2|Great Tusk|
|poke|p2|Corviknight, F|
|teampreview
|inactive|Battle timer is ON: inactive players will automatically lose when time's up. (requested by ProteinMan11)
|
|t:|1743905091
|start
|switch|p1a: Kingambit|Kingambit, M|100/100
|switch|p2a: Donald Trump|Ninetales-Alola, M|100/100
|-weather|Snowscape|[from] ability: Snow Warning|[of] p2a: Donald Trump
|turn|1
|
|t:|1743905097
|move|p2a: Donald Trump|Aurora Veil|p2a: Donald Trump
|-sidestart|p2: ProteinMan11|move: Aurora Veil
|move|p1a: Kingambit|Iron Head|p2a: Donald Trump
|-supereffective|p2a: Donald Trump
|-damage|p2a: Donald Trump|9/100
|
|-weather|Snowscape|[upkeep]
|upkeep
|turn|2
|
|t:|1743905103
|-end|p1a: Kingambit|fallenundefined|[silent]
|switch|p1a: Azumarill|Azumarill, M|100/100
|move|p2a: Donald Trump|Encore||[still]
|-fail|p2a: Donald Trump
|
|-weather|Snowscape|[upkeep]
|upkeep
|turn|3
|
|t:|1743905109
|switch|p1a: Slowking|Slowking-Galar, M|100/100
|move|p2a: Donald Trump|Blizzard|p1a: Slowking
|-damage|p1a: Slowking|79/100
|
|-weather|Snowscape|[upkeep]
|upkeep
|turn|4
|
|t:|1743905112
|switch|p2a: Stupidest Idiot|Corviknight, F|100/100
|move|p1a: Slowking|Future Sight|p2a: Stupidest Idiot
|-start|p1a: Slowking|move: Future Sight
|
|-weather|Snowscape|[upkeep]
|upkeep
|turn|5
|
|t:|1743905116
|switch|p1a: Dragapult|Dragapult, F|100/100
|move|p2a: Stupidest Idiot|Iron Defense|p2a: Stupidest Idiot
|-boost|p2a: Stupidest Idiot|def|2
|
|-weather|none
|upkeep
|turn|6
|
|t:|1743905122
|switch|p2a: Michael|Dragonite, M|100/100
|move|p1a: Dragapult|Will-O-Wisp|p2a: Michael
|-status|p2a: Michael|brn
|
|-end|p2a: Michael|move: Future Sight
|-damage|p2a: Michael|91/100 brn
|-damage|p2a: Michael|85/100 brn|[from] brn
|upkeep
|turn|7
|
|t:|1743905130
|switch|p1a: Slowking|Slowking-Galar, M|100/100
|move|p2a: Michael|Dragon Dance|p2a: Michael
|-boost|p2a: Michael|atk|1
|-boost|p2a: Michael|spe|1
|
|-damage|p2a: Michael|79/100 brn|[from] brn
|upkeep
|turn|8
|
|t:|1743905133
|move|p2a: Michael|Earthquake|p1a: Slowking
|-supereffective|p1a: Slowking
|-damage|p1a: Slowking|58/100
|move|p1a: Slowking|Ice Beam|p2a: Michael
|-supereffective|p2a: Michael
|-damage|p2a: Michael|41/100 brn
|-enditem|p2a: Michael|Weakness Policy
|-boost|p2a: Michael|atk|2|[from] item: Weakness Policy
|-boost|p2a: Michael|spa|2|[from] item: Weakness Policy
|
|-damage|p2a: Michael|35/100 brn|[from] brn
|-sideend|p2: ProteinMan11|move: Aurora Veil
|upkeep
|turn|9
|
|t:|1743905139
|switch|p1a: Azumarill|Azumarill, M|100/100
|move|p2a: Michael|Earthquake|p1a: Azumarill
|-damage|p1a: Azumarill|50/100
|
|-damage|p2a: Michael|28/100 brn|[from] brn
|upkeep
|turn|10
|
|t:|1743905143
|switch|p1a: Braviary|Braviary-Hisui, M|100/100
|move|p2a: Michael|Extreme Speed|p1a: Braviary
|-damage|p1a: Braviary|47/100
|
|-damage|p2a: Michael|22/100 brn|[from] brn
|upkeep
|turn|11
|
|t:|1743905147
|switch|p1a: Kingambit|Kingambit, M|100/100
|move|p2a: Michael|Extreme Speed|p1a: Kingambit
|-resisted|p1a: Kingambit
|-damage|p1a: Kingambit|86/100
|
|-heal|p1a: Kingambit|92/100|[from] item: Leftovers
|-damage|p2a: Michael|16/100 brn|[from] brn
|upkeep
|turn|12
|
|t:|1743905150
|move|p1a: Kingambit|Sucker Punch|p2a: Michael
|-damage|p2a: Michael|0 fnt
|faint|p2a: Michael
|
|-heal|p1a: Kingambit|98/100|[from] item: Leftovers
|upkeep
|
|t:|1743905152
|switch|p2a: Donald Trump|Ninetales-Alola, M|9/100
|-weather|Snowscape|[from] ability: Snow Warning|[of] p2a: Donald Trump
|turn|13
|
|t:|1743905158
|move|p2a: Donald Trump|Aurora Veil|p2a: Donald Trump
|-sidestart|p2: ProteinMan11|move: Aurora Veil
|move|p1a: Kingambit|Iron Head|p2a: Donald Trump
|-supereffective|p2a: Donald Trump
|-damage|p2a: Donald Trump|0 fnt
|faint|p2a: Donald Trump
|
|-weather|Snowscape|[upkeep]
|-heal|p1a: Kingambit|100/100|[from] item: Leftovers
|upkeep
|
|t:|1743905165
|switch|p2a: This-a-way|Deoxys-Speed, shiny|100/100
|-ability|p2a: This-a-way|Pressure
|turn|14
|
|t:|1743905168
|-end|p1a: Kingambit|fallenundefined|[silent]
|switch|p1a: Slowking|Slowking-Galar, M|92/100
|move|p2a: This-a-way|Cosmic Power|p2a: This-a-way
|-boost|p2a: This-a-way|def|1
|-boost|p2a: This-a-way|spd|1
|
|-weather|Snowscape|[upkeep]
|upkeep
|turn|15
|
|t:|1743905171
|move|p2a: This-a-way|Cosmic Power|p2a: This-a-way
|-boost|p2a: This-a-way|def|1
|-boost|p2a: This-a-way|spd|1
|move|p1a: Slowking|Sludge Bomb|p2a: This-a-way
|-damage|p2a: This-a-way|91/100
|
|-weather|Snowscape|[upkeep]
|upkeep
|turn|16
|
|t:|1743905173
|move|p2a: This-a-way|Cosmic Power|p2a: This-a-way
|-boost|p2a: This-a-way|def|1
|-boost|p2a: This-a-way|spd|1
|move|p1a: Slowking|Sludge Bomb|p2a: This-a-way
|-damage|p2a: This-a-way|82/100
|-status|p2a: This-a-way|psn
|
|-weather|Snowscape|[upkeep]
|-damage|p2a: This-a-way|70/100 psn|[from] psn
|upkeep
|turn|17
|
|t:|1743905176
|move|p2a: This-a-way|Cosmic Power|p2a: This-a-way
|-boost|p2a: This-a-way|def|1
|-boost|p2a: This-a-way|spd|1
|move|p1a: Slowking|Sludge Bomb|p2a: This-a-way
|-damage|p2a: This-a-way|63/100 psn
|
|-weather|none
|-damage|p2a: This-a-way|50/100 psn|[from] psn
|upkeep
|turn|18
|
|t:|1743905179
|move|p2a: This-a-way|Recover|p2a: This-a-way
|-heal|p2a: This-a-way|100/100 psn
|move|p1a: Slowking|Sludge Bomb|p2a: This-a-way
|-damage|p2a: This-a-way|94/100 psn
|
|-damage|p2a: This-a-way|81/100 psn|[from] psn
|upkeep
|turn|19
|
|t:|1743905182
|move|p2a: This-a-way|Cosmic Power|p2a: This-a-way
|-boost|p2a: This-a-way|def|1
|-boost|p2a: This-a-way|spd|1
|move|p1a: Slowking|Ice Beam|p2a: This-a-way
|-damage|p2a: This-a-way|77/100 psn
|
|-damage|p2a: This-a-way|64/100 psn|[from] psn
|upkeep
|turn|20
|
|t:|1743905188
|move|p2a: This-a-way|Cosmic Power|p2a: This-a-way
|-boost|p2a: This-a-way|def|1
|-boost|p2a: This-a-way|spd|1
|move|p1a: Slowking|Ice Beam|p2a: This-a-way
|-damage|p2a: This-a-way|61/100 psn
|
|-damage|p2a: This-a-way|48/100 psn|[from] psn
|-sideend|p2: ProteinMan11|move: Aurora Veil
|upkeep
|turn|21
|
|t:|1743905190
|move|p2a: This-a-way|Recover|p2a: This-a-way
|-heal|p2a: This-a-way|98/100 psn
|move|p1a: Slowking|Ice Beam|p2a: This-a-way
|-damage|p2a: This-a-way|92/100 psn
|
|-damage|p2a: This-a-way|79/100 psn|[from] psn
|upkeep
|turn|22
|
|t:|1743905193
|move|p2a: This-a-way|Stored Power|p1a: Slowking
|-damage|p1a: Slowking|27/100
|move|p1a: Slowking|Ice Beam|p2a: This-a-way
|-crit|p2a: This-a-way
|-damage|p2a: This-a-way|35/100 psn
|
|-damage|p2a: This-a-way|23/100 psn|[from] psn
|upkeep
|turn|23
|
|t:|1743905196
|move|p2a: This-a-way|Recover|p2a: This-a-way
|-heal|p2a: This-a-way|73/100 psn
|move|p1a: Slowking|Ice Beam|p2a: This-a-way
|-damage|p2a: This-a-way|66/100 psn
|
|-damage|p2a: This-a-way|53/100 psn|[from] psn
|upkeep
|turn|24
|
|t:|1743905199
|move|p2a: This-a-way|Recover|p2a: This-a-way
|-heal|p2a: This-a-way|100/100 psn
|move|p1a: Slowking|Ice Beam|p2a: This-a-way
|-damage|p2a: This-a-way|94/100 psn
|
|-damage|p2a: This-a-way|81/100 psn|[from] psn
|upkeep
|turn|25
|
|t:|1743905201
|move|p2a: This-a-way|Stored Power|p1a: Slowking
|-damage|p1a: Slowking|0 fnt
|faint|p1a: Slowking
|
|-damage|p2a: This-a-way|69/100 psn|[from] psn
|upkeep
|
|t:|1743905203
|switch|p1a: Kingambit|Kingambit, M|100/100
|-activate|p1a: Kingambit|ability: Supreme Overlord
|-start|p1a: Kingambit|fallen1|[silent]
|turn|26
|
|t:|1743905207
|-end|p1a: Kingambit|fallen1|[silent]
|switch|p1a: Braviary|Braviary-Hisui, M|47/100
|-terastallize|p2a: This-a-way|Fighting
|move|p2a: This-a-way|Tera Blast|p1a: Braviary|[anim] Tera Blast Fighting
|-resisted|p1a: Braviary
|-damage|p1a: Braviary|36/100
|
|-damage|p2a: This-a-way|56/100 psn|[from] psn
|upkeep
|turn|27
|
|t:|1743905214
|move|p2a: This-a-way|Stored Power|p1a: Braviary
|-resisted|p1a: Braviary
|-crit|p1a: Braviary
|-damage|p1a: Braviary|0 fnt
|faint|p1a: Braviary
|
|-damage|p2a: This-a-way|44/100 psn|[from] psn
|upkeep
|
|t:|1743905218
|switch|p1a: Kingambit|Kingambit, M|100/100
|-activate|p1a: Kingambit|ability: Supreme Overlord
|-start|p1a: Kingambit|fallen2|[silent]
|turn|28
|
|t:|1743905222
|-end|p1a: Kingambit|fallen2|[silent]
|switch|p1a: Azumarill|Azumarill, M|50/100
|move|p2a: This-a-way|Recover|p2a: This-a-way
|-heal|p2a: This-a-way|94/100 psn
|
|-damage|p2a: This-a-way|81/100 psn|[from] psn
|upkeep
|turn|29
|
|t:|1743905224
|move|p1a: Azumarill|Aqua Jet|p2a: This-a-way
|-damage|p2a: This-a-way|70/100 psn
|move|p2a: This-a-way|Stored Power|p1a: Azumarill
|-damage|p1a: Azumarill|0 fnt
|faint|p1a: Azumarill
|
|-damage|p2a: This-a-way|57/100 psn|[from] psn
|upkeep
|
|t:|1743905226
|switch|p1a: Kingambit|Kingambit, M|100/100
|-activate|p1a: Kingambit|ability: Supreme Overlord
|-start|p1a: Kingambit|fallen3|[silent]
|turn|30
|
|t:|1743905232
|-terastallize|p1a: Kingambit|Fire
|move|p2a: This-a-way|Recover|p2a: This-a-way
|-heal|p2a: This-a-way|100/100 psn
|move|p1a: Kingambit|Iron Head|p2a: This-a-way
|-damage|p2a: This-a-way|81/100 psn
|
|-damage|p2a: This-a-way|68/100 psn|[from] psn
|upkeep
|turn|31
|
|t:|1743905239
|move|p2a: This-a-way|Stored Power|p1a: Kingambit
|-damage|p1a: Kingambit|0 fnt
|faint|p1a: Kingambit
|-end|p1a: Kingambit|fallen3|[silent]
|
|-damage|p2a: This-a-way|56/100 psn|[from] psn
|upkeep
|
|t:|1743905242
|switch|p1a: Dragapult|Dragapult, F|100/100
|turn|32
|
|t:|1743905245
|move|p1a: Dragapult|Dragon Darts|p2a: This-a-way
|-damage|p2a: This-a-way|49/100 psn
|-anim|p1a: Dragapult|Dragon Darts|p2a: This-a-way
|-damage|p2a: This-a-way|41/100 psn
|move|p2a: This-a-way|Stored Power|p1a: Dragapult
|-damage|p1a: Dragapult|0 fnt
|faint|p1a: Dragapult
|
|-damage|p2a: This-a-way|28/100 psn|[from] psn
|upkeep
|
|t:|1743905247
|switch|p1a: Great Tusk|Great Tusk|100/100
|turn|33
|
|t:|1743905250
|move|p2a: This-a-way|Stored Power|p1a: Great Tusk
|-supereffective|p1a: Great Tusk
|-damage|p1a: Great Tusk|0 fnt
|faint|p1a: Great Tusk
|-end|p1a: Great Tusk|Protosynthesis|[silent]
|
|win|ProteinMan11
|raw|quetzuma's rating: 1430 &rarr; <strong>1418</strong><br />(-12 for losing)
|raw|ProteinMan11's rating: 1579 &rarr; <strong>1591</strong><br />(+12 for winning)
|l|☆quetzuma
|player|p1|
|l|☆ProteinMan11
|player|p2|
