|j|☆jeffwme
|j|☆Grimblessss
|t:|1743825673
|gametype|singles
|player|p1|jeffwme|crasherwake|1161
|player|p2|Grimblessss|blaine|1192
|teamsize|p1|6
|teamsize|p2|6
|gen|9
|tier|[Gen 9] OU
|rated|
|rule|HP Percentage Mod: HP is shown in percentages
|rule|Endless Battle Clause: Forcing endless battles is banned
|rule|Species Clause: Limit one of each Pokémon
|rule|OHKO Clause: OHKO moves are banned
|rule|Evasion Items Clause: Evasion items are banned
|rule|Evasion Moves Clause: Evasion moves are banned
|rule|Sleep Moves Clause: Sleep-inducing moves are banned
|clearpoke
|poke|p1|Ninetales, F|
|poke|p1|Walking Wake|
|poke|p1|Raging Bolt|
|poke|p1|Venusaur, M|
|poke|p1|Garganacl, F|
|poke|p1|Hoopa-Unbound|
|poke|p2|Garganacl, F|
|poke|p2|Corviknight, M|
|poke|p2|Ting-Lu|
|poke|p2|Rillaboom, M|
|poke|p2|Ogerpon-Wellspring, F|
|poke|p2|Clefable, F|
|teampreview
|inactive|Battle timer is ON: inactive players will automatically lose when time's up. (requested by jeffwme)
|
|t:|1743825687
|start
|switch|p1a: Walking Wake|Walking Wake|100/100
|switch|p2a: Stinky|Garganacl, F|100/100
|turn|1
|
|t:|1743825697
|switch|p2a: Sorry|Ogerpon-Wellspring, F|100/100
|move|p1a: Walking Wake|Sunny Day|p1a: Walking Wake
|-weather|SunnyDay
|-activate|p1a: Walking Wake|ability: Protosynthesis
|-start|p1a: Walking Wake|protosynthesisspe
|
|-weather|SunnyDay|[upkeep]
|upkeep
|turn|2
|
|t:|1743825713
|-end|p1a: Walking Wake|Protosynthesis|[silent]
|switch|p1a: Venusaur|Venusaur, M|100/100
|move|p2a: Sorry|Encore||[still]
|-fail|p2a: Sorry
|
|-weather|SunnyDay|[upkeep]
|upkeep
|turn|3
|
|t:|1743825724
|switch|p2a: Birb|Corviknight, M|100/100
|-ability|p2a: Birb|Pressure
|move|p1a: Venusaur|Sludge Bomb|p2a: Birb
|-immune|p2a: Birb
|
|-weather|SunnyDay|[upkeep]
|upkeep
|turn|4
|
|t:|1743825733
|move|p1a: Venusaur|Weather Ball|p2a: Birb
|-supereffective|p2a: Birb
|-damage|p2a: Birb|0 fnt
|faint|p2a: Birb
|-damage|p1a: Venusaur|91/100|[from] item: Life Orb
|
|-weather|SunnyDay|[upkeep]
|upkeep
|
|t:|1743825741
|switch|p2a: FeelGoodInc|Rillaboom, M|100/100
|-fieldstart|move: Grassy Terrain|[from] ability: Grassy Surge|[of] p2a: FeelGoodInc
|turn|5
|
|t:|1743825747
|move|p1a: Venusaur|Weather Ball|p2a: FeelGoodInc
|-supereffective|p2a: FeelGoodInc
|-damage|p2a: FeelGoodInc|0 fnt
|faint|p2a: FeelGoodInc
|-damage|p1a: Venusaur|81/100|[from] item: Life Orb
|
|-weather|none
|-heal|p1a: Venusaur|87/100|[from] Grassy Terrain
|upkeep
|
|t:|1743825756
|switch|p2a: Ting-Bob|Ting-Lu|100/100
|-ability|p2a: Ting-Bob|Vessel of Ruin
|turn|6
|
|t:|1743825764
|switch|p1a: Ninetales|Ninetales, F, shiny|100/100
|-weather|SunnyDay|[from] ability: Drought|[of] p1a: Ninetales
|move|p2a: Ting-Bob|Earthquake|p1a: Ninetales
|-supereffective|p1a: Ninetales
|-damage|p1a: Ninetales|39/100
|
|-weather|SunnyDay|[upkeep]
|-heal|p1a: Ninetales|45/100|[from] Grassy Terrain
|upkeep
|turn|7
|
|t:|1743825777
|move|p1a: Ninetales|Solar Beam||[still]
|-prepare|p1a: Ninetales|Solar Beam
|-anim|p1a: Ninetales|Solar Beam|p2a: Ting-Bob
|-supereffective|p2a: Ting-Bob
|-damage|p2a: Ting-Bob|68/100
|-enditem|p2a: Ting-Bob|Red Card|[of] p1a: Ninetales
|drag|p1a: Garganacl|Garganacl, F|100/100
|move|p2a: Ting-Bob|Earthquake|p1a: Garganacl
|-supereffective|p1a: Garganacl
|-damage|p1a: Garganacl|82/100
|
|-weather|SunnyDay|[upkeep]
|-heal|p2a: Ting-Bob|74/100|[from] Grassy Terrain
|-heal|p1a: Garganacl|88/100|[from] Grassy Terrain
|upkeep
|turn|8
|
|t:|1743825793
|switch|p2a: Sorry|Ogerpon-Wellspring, F|100/100
|move|p1a: Garganacl|Stealth Rock|p2a: Sorry
|-sidestart|p2: Grimblessss|move: Stealth Rock
|
|-weather|SunnyDay|[upkeep]
|-heal|p1a: Garganacl|95/100|[from] Grassy Terrain
|upkeep
|turn|9
|
|t:|1743825802
|-terastallize|p1a: Garganacl|Fairy
|move|p2a: Sorry|Swords Dance|p2a: Sorry
|-boost|p2a: Sorry|atk|2
|move|p1a: Garganacl|Salt Cure|p2a: Sorry
|-damage|p2a: Sorry|82/100
|-start|p2a: Sorry|Salt Cure
|
|-weather|SunnyDay|[upkeep]
|-heal|p2a: Sorry|88/100|[from] Grassy Terrain
|-heal|p1a: Garganacl|100/100|[from] Grassy Terrain
|-damage|p2a: Sorry|63/100|[from] Salt Cure
|-fieldend|move: Grassy Terrain
|upkeep
|turn|10
|
|t:|1743825817
|move|p2a: Sorry|Power Whip|p1a: Garganacl|[miss]
|-miss|p2a: Sorry|p1a: Garganacl
|move|p1a: Garganacl|Salt Cure|p2a: Sorry
|-damage|p2a: Sorry|45/100
|
|-weather|SunnyDay|[upkeep]
|-damage|p2a: Sorry|20/100|[from] Salt Cure
|upkeep
|turn|11
|
|t:|1743825827
|move|p2a: Sorry|Power Whip|p1a: Garganacl
|-damage|p1a: Garganacl|27/100
|-damage|p2a: Sorry|3/100|[from] item: Rocky Helmet|[of] p1a: Garganacl
|move|p1a: Garganacl|Salt Cure|p2a: Sorry
|-damage|p2a: Sorry|0 fnt
|faint|p2a: Sorry
|
|-weather|SunnyDay|[upkeep]
|upkeep
|-message|Grimblessss forfeited.
|
|win|jeffwme
|raw|jeffwme's rating: 1161 &rarr; <strong>1188</strong><br />(+27 for winning)
|raw|Grimblessss's rating: 1192 &rarr; <strong>1165</strong><br />(-27 for losing)
|l|☆Grimblessss
|player|p2|
|l|☆jeffwme
|player|p1|
