|j|☆Ripsalty
|j|☆xdfdghjk
|t:|1743832639
|gametype|singles
|player|p1|Ripsalty|linebacker|1160
|player|p2|xdfdghjk|ingo|1116
|teamsize|p1|6
|teamsize|p2|6
|gen|9
|tier|[Gen 9] OU
|rated|
|rule|HP Percentage Mod: HP is shown in percentages
|rule|Endless Battle Clause: Forcing endless battles is banned
|rule|Species Clause: Limit one of each Pokémon
|rule|OHKO Clause: OHKO moves are banned
|rule|Evasion Items Clause: Evasion items are banned
|rule|Evasion Moves Clause: Evasion moves are banned
|rule|Sleep Moves Clause: Sleep-inducing moves are banned
|clearpoke
|poke|p1|Crawdaunt, M|
|poke|p1|Slowking-Galar, F|
|poke|p1|Kyurem|
|poke|p1|Cinderace, M|
|poke|p1|Iron Treads|
|poke|p1|Zapdos|
|poke|p2|Samurott-Hisui, M|
|poke|p2|Arcanine-Hisui, M|
|poke|p2|Lilligant-Hisui, F|
|poke|p2|Electrode-Hisui|
|poke|p2|Zoroark-Hisui, M|
|poke|p2|Qwilfish-Hisui, F|
|teampreview
|inactive|Battle timer is ON: inactive players will automatically lose when time's up. (requested by xdfdghjk)
|inactive|Ripsalty has 120 seconds left.
|
|t:|1743832676
|start
|switch|p1a: Tiing ZAP|Zapdos, shiny|100/100
|switch|p2a: Kaiyo|Samurott-Hisui, M|100/100
|turn|1
|
|t:|1743832681
|move|p2a: Kaiyo|Ceaseless Edge|p1a: Tiing ZAP
|-damage|p1a: Tiing ZAP|69/100
|-status|p2a: Kaiyo|par|[from] ability: Static|[of] p1a: Tiing ZAP
|-sidestart|p1: Ripsalty|Spikes
|move|p1a: Tiing ZAP|U-turn|p2a: Kaiyo
|-supereffective|p2a: Kaiyo
|-damage|p2a: Kaiyo|69/100 par
|
|t:|1743832687
|switch|p1a: Pork Hammer|Kyurem, shiny|100/100|[from] U-turn
|-damage|p1a: Pork Hammer|88/100|[from] Spikes
|-ability|p1a: Pork Hammer|Pressure
|
|upkeep
|turn|2
|
|t:|1743832692
|move|p1a: Pork Hammer|Freeze-Dry|p2a: Kaiyo
|-supereffective|p2a: Kaiyo
|-damage|p2a: Kaiyo|0 fnt
|faint|p2a: Kaiyo
|
|upkeep
|
|t:|1743832700
|switch|p2a: Fairehund|Arcanine-Hisui, M|100/100
|turn|3
|
|t:|1743832713
|switch|p1a: Tiing ZAP|Zapdos, shiny|69/100
|move|p2a: Fairehund|Head Smash|p1a: Tiing ZAP|[miss]
|-miss|p2a: Fairehund|p1a: Tiing ZAP
|
|upkeep
|turn|4
|
|t:|1743832725
|move|p2a: Fairehund|Head Smash|p1a: Tiing ZAP
|-supereffective|p1a: Tiing ZAP
|-damage|p1a: Tiing ZAP|0 fnt
|-status|p2a: Fairehund|par|[from] ability: Static|[of] p1a: Tiing ZAP
|faint|p1a: Tiing ZAP
|
|upkeep
|
|t:|1743832728
|switch|p1a: Red Lobster|Crawdaunt, M|100/100
|-damage|p1a: Red Lobster|88/100|[from] Spikes
|turn|5
|
|t:|1743832733
|switch|p2a: Van Loon|Qwilfish-Hisui, F, shiny|100/100
|-ability|p2a: Van Loon|Intimidate|boost
|-unboost|p1a: Red Lobster|atk|1
|move|p1a: Red Lobster|Crabhammer|p2a: Van Loon
|-damage|p2a: Van Loon|57/100
|
|upkeep
|turn|6
|
|t:|1743832741
|move|p1a: Red Lobster|Crabhammer|p2a: Van Loon
|-damage|p2a: Van Loon|17/100
|move|p2a: Van Loon|Toxic|p1a: Red Lobster
|-status|p1a: Red Lobster|tox
|
|-damage|p1a: Red Lobster|82/100 tox|[from] psn
|upkeep
|turn|7
|
|t:|1743832744
|switch|p2a: Poison Ivy|Lilligant-Hisui, F, shiny|100/100
|move|p1a: Red Lobster|Crabhammer|p2a: Poison Ivy|[miss]
|-miss|p1a: Red Lobster|p2a: Poison Ivy
|
|-damage|p1a: Red Lobster|70/100 tox|[from] psn
|upkeep
|turn|8
|
|t:|1743832751
|switch|p1a: Sir Toppem Hat|Slowking-Galar, F, shiny|100/100
|-damage|p1a: Sir Toppem Hat|88/100|[from] Spikes
|move|p2a: Poison Ivy|Victory Dance|p2a: Poison Ivy
|-boost|p2a: Poison Ivy|atk|1
|-boost|p2a: Poison Ivy|def|1
|-boost|p2a: Poison Ivy|spe|1
|
|upkeep
|turn|9
|
|t:|1743832755
|-terastallize|p2a: Poison Ivy|Flying
|move|p2a: Poison Ivy|Victory Dance|p2a: Poison Ivy
|-boost|p2a: Poison Ivy|atk|1
|-boost|p2a: Poison Ivy|def|1
|-boost|p2a: Poison Ivy|spe|1
|move|p1a: Sir Toppem Hat|Sludge Bomb|p2a: Poison Ivy
|-damage|p2a: Poison Ivy|48/100
|
|upkeep
|turn|10
|
|t:|1743832779
|move|p2a: Poison Ivy|Acrobatics|p1a: Sir Toppem Hat
|-damage|p1a: Sir Toppem Hat|25/100
|move|p1a: Sir Toppem Hat|Sludge Bomb|p2a: Poison Ivy
|-damage|p2a: Poison Ivy|0 fnt
|faint|p2a: Poison Ivy
|
|upkeep
|
|t:|1743832786
|switch|p2a: Fairehund|Arcanine-Hisui, M|100/100
|turn|11
|
|t:|1743832796
|switch|p1a: Range Rover|Iron Treads, shiny|100/100
|-damage|p1a: Range Rover|88/100|[from] Spikes
|move|p2a: Fairehund|Bitter Malice|p1a: Range Rover
|-damage|p1a: Range Rover|55/100
|-unboost|p1a: Range Rover|atk|1
|
|upkeep
|turn|12
|
|t:|1743832801
|move|p2a: Fairehund|Bitter Malice|p1a: Range Rover
|-damage|p1a: Range Rover|19/100
|-unboost|p1a: Range Rover|atk|1
|move|p1a: Range Rover|Earthquake|p2a: Fairehund
|-damage|p2a: Fairehund|59/100
|replace|p2a: Deth White|Zoroark-Hisui, M, shiny
|-end|p2a: Deth White|Illusion
|
|upkeep
|turn|13
|
|t:|1743832814
|-end|p1a: Range Rover|Quark Drive|[silent]
|switch|p1a: Red Lobster|Crawdaunt, M|70/100 tox
|-damage|p1a: Red Lobster|58/100 tox|[from] Spikes
|move|p2a: Deth White|Bitter Malice|p1a: Red Lobster
|-resisted|p1a: Red Lobster
|-damage|p1a: Red Lobster|12/100 tox
|-unboost|p1a: Red Lobster|atk|1
|
|-damage|p1a: Red Lobster|6/100 tox|[from] psn
|upkeep
|turn|14
|
|t:|1743832820
|switch|p2a: Van Loon|Qwilfish-Hisui, F, shiny|17/100
|-ability|p2a: Van Loon|Intimidate|boost
|-unboost|p1a: Red Lobster|atk|1
|move|p1a: Red Lobster|Aqua Jet|p2a: Van Loon
|-damage|p2a: Van Loon|4/100
|
|-damage|p1a: Red Lobster|0 fnt|[from] psn
|faint|p1a: Red Lobster
|upkeep
|
|t:|1743832826
|switch|p1a: Spreaddie Gibbs|Cinderace, M, shiny|100/100
|turn|15
|
|t:|1743832829
|move|p1a: Spreaddie Gibbs|U-turn|p2a: Van Loon
|-damage|p2a: Van Loon|0 fnt
|faint|p2a: Van Loon
|
|t:|1743832835
|switch|p1a: Sir Toppem Hat|Slowking-Galar, F, shiny|59/100|[from] U-turn
|-damage|p1a: Sir Toppem Hat|46/100|[from] Spikes
|
|upkeep
|
|t:|1743832840
|switch|p2a: Fairehund|Arcanine-Hisui, M|59/100
|turn|16
|
|t:|1743832857
|move|p2a: Fairehund|Bitter Malice|p1a: Sir Toppem Hat
|-supereffective|p1a: Sir Toppem Hat
|-damage|p1a: Sir Toppem Hat|0 fnt
|faint|p1a: Sir Toppem Hat
|
|upkeep
|
|t:|1743832867
|switch|p1a: Spreaddie Gibbs|Cinderace, M, shiny|100/100
|turn|17
|
|t:|1743832872
|move|p2a: Fairehund|Bitter Malice|p1a: Spreaddie Gibbs
|-damage|p1a: Spreaddie Gibbs|51/100
|-unboost|p1a: Spreaddie Gibbs|atk|1
|move|p1a: Spreaddie Gibbs|Pyro Ball|p2a: Fairehund
|-damage|p2a: Fairehund|0 fnt
|replace|p2a: Deth White|Zoroark-Hisui, M, shiny
|-end|p2a: Deth White|Illusion
|faint|p2a: Deth White
|
|upkeep
|
|t:|1743832879
|switch|p2a: Fairehund|Arcanine-Hisui, M|100/100 par
|turn|18
|
|t:|1743832890
|switch|p1a: Range Rover|Iron Treads, shiny|19/100
|-damage|p1a: Range Rover|7/100|[from] Spikes
|cant|p2a: Fairehund|par
|
|upkeep
|turn|19
|
|t:|1743832895
|move|p2a: Fairehund|Extreme Speed|p1a: Range Rover
|-resisted|p1a: Range Rover
|-damage|p1a: Range Rover|0 fnt
|faint|p1a: Range Rover
|-end|p1a: Range Rover|Quark Drive|[silent]
|
|upkeep
|
|t:|1743832901
|switch|p1a: Pork Hammer|Kyurem, shiny|88/100
|-damage|p1a: Pork Hammer|76/100|[from] Spikes
|-ability|p1a: Pork Hammer|Pressure
|turn|20
|
|t:|1743832903
|cant|p2a: Fairehund|par
|move|p1a: Pork Hammer|Earth Power|p2a: Fairehund
|-supereffective|p2a: Fairehund
|-damage|p2a: Fairehund|0 fnt
|faint|p2a: Fairehund
|
|upkeep
|
|t:|1743832908
|switch|p2a: Proton|Electrode-Hisui, shiny|100/100
|turn|21
|
|t:|1743832911
|move|p2a: Proton|Leech Seed|p1a: Pork Hammer
|-start|p1a: Pork Hammer|move: Leech Seed
|move|p1a: Pork Hammer|Earth Power|p2a: Proton
|-damage|p2a: Proton|43/100
|
|-heal|p2a: Proton|49/100|[from] item: Leftovers
|-damage|p1a: Pork Hammer|64/100|[from] Leech Seed|[of] p2a: Proton
|-heal|p2a: Proton|64/100|[silent]
|upkeep
|turn|22
|
|t:|1743832919
|switch|p1a: Spreaddie Gibbs|Cinderace, M, shiny|51/100
|move|p2a: Proton|Protect||[still]
|-fail|p2a: Proton
|
|-heal|p2a: Proton|70/100|[from] item: Leftovers
|upkeep
|turn|23
|
|t:|1743832923
|move|p2a: Proton|Protect|p2a: Proton
|-singleturn|p2a: Proton|Protect
|move|p1a: Spreaddie Gibbs|Pyro Ball|p2a: Proton
|-activate|p2a: Proton|move: Protect
|
|-heal|p2a: Proton|77/100|[from] item: Leftovers
|upkeep
|turn|24
|
|t:|1743832928
|move|p2a: Proton|Discharge|p1a: Spreaddie Gibbs
|-damage|p1a: Spreaddie Gibbs|22/100
|-status|p1a: Spreaddie Gibbs|par
|move|p1a: Spreaddie Gibbs|Pyro Ball|p2a: Proton
|-supereffective|p2a: Proton
|-damage|p2a: Proton|0 fnt
|faint|p2a: Proton
|
|win|Ripsalty
|raw|Ripsalty's rating: 1160 &rarr; <strong>1182</strong><br />(+22 for winning)
|raw|xdfdghjk's rating: 1116 &rarr; <strong>1094</strong><br />(-22 for losing)
|l|☆xdfdghjk
|player|p2|
|l|☆Ripsalty
|player|p1|
