|j|‽bigkatt96
|j|☆PokeDeezNutz
|t:|1743812368
|gametype|singles
|player|p1|bigkatt96|giovanni-gen1|1331
|player|p2|PokeDeezNutz|veteran|1334
|teamsize|p1|6
|teamsize|p2|6
|gen|9
|tier|[Gen 9] OU
|rated|
|rule|HP Percentage Mod: HP is shown in percentages
|rule|Endless Battle Clause: Forcing endless battles is banned
|rule|Species Clause: Limit one of each Pokémon
|rule|OHKO Clause: OHKO moves are banned
|rule|Evasion Items Clause: Evasion items are banned
|rule|Evasion Moves Clause: Evasion moves are banned
|rule|Sleep Moves Clause: Sleep-inducing moves are banned
|clearpoke
|poke|p1|Dragonite, M|
|poke|p1|Gengar, M|
|poke|p1|Weezing-Galar, M|
|poke|p1|Hitmonlee, M|
|poke|p1|Articuno-Galar|
|poke|p1|Rhydon, M|
|poke|p2|Deoxys-Speed|
|poke|p2|Scizor, M|
|poke|p2|Darkrai|
|poke|p2|Dragonite, M|
|poke|p2|Great Tusk|
|poke|p2|Iron Moth|
|teampreview
|inactive|Battle timer is ON: inactive players will automatically lose when time's up. (requested by bigkatt96)
|
|t:|1743812417
|start
|switch|p1a: Hitmonlee|Hitmonlee, M|100/100
|switch|p2a: Deoxys|Deoxys-Speed|100/100
|-ability|p2a: Deoxys|Pressure
|turn|1
|
|t:|1743812433
|move|p2a: Deoxys|Psycho Boost|p1a: Hitmonlee
|-supereffective|p1a: Hitmonlee
|-damage|p1a: Hitmonlee|0 fnt
|-unboost|p2a: Deoxys|spa|2
|faint|p1a: Hitmonlee
|
|upkeep
|
|t:|1743812440
|switch|p1a: Articuno|Articuno-Galar, shiny|100/100
|turn|2
|
|t:|1743812456
|move|p2a: Deoxys|Light Screen|p2a: Deoxys
|-sidestart|p2: PokeDeezNutz|move: Light Screen
|move|p1a: Articuno|Calm Mind|p1a: Articuno
|-boost|p1a: Articuno|spa|1
|-boost|p1a: Articuno|spd|1
|
|upkeep
|turn|3
|
|t:|1743812462
|move|p2a: Deoxys|Taunt|p1a: Articuno
|-start|p1a: Articuno|move: Taunt
|cant|p1a: Articuno|move: Taunt|Calm Mind
|
|upkeep
|turn|4
|
|t:|1743812467
|move|p2a: Deoxys|Reflect|p2a: Deoxys
|-sidestart|p2: PokeDeezNutz|Reflect
|move|p1a: Articuno|Tera Blast|p2a: Deoxys
|-damage|p2a: Deoxys|75/100
|
|upkeep
|turn|5
|
|t:|1743812479
|switch|p2a: Scizor|Scizor, M|100/100
|move|p1a: Articuno|Tera Blast|p2a: Scizor
|-resisted|p2a: Scizor
|-damage|p2a: Scizor|87/100
|
|-end|p1a: Articuno|move: Taunt
|upkeep
|turn|6
|
|t:|1743812489
|switch|p1a: Dragonite|Dragonite, M|100/100
|move|p2a: Scizor|Knock Off|p1a: Dragonite
|-damage|p1a: Dragonite|72/100
|-enditem|p1a: Dragonite|Heavy-Duty Boots|[from] move: Knock Off|[of] p2a: Scizor
|
|upkeep
|turn|7
|
|t:|1743812502
|switch|p2a: Darkrai|Darkrai|100/100
|move|p1a: Dragonite|Dragon Dance|p1a: Dragonite
|-boost|p1a: Dragonite|atk|1
|-boost|p1a: Dragonite|spe|1
|
|upkeep
|turn|8
|
|t:|1743812509
|move|p1a: Dragonite|Extreme Speed|p2a: Darkrai
|-damage|p2a: Darkrai|69/100
|move|p2a: Darkrai|Ice Beam|p1a: Dragonite
|-supereffective|p1a: Dragonite
|-damage|p1a: Dragonite|0 fnt
|faint|p1a: Dragonite
|
|upkeep
|
|t:|1743812524
|switch|p1a: Articuno|Articuno-Galar, shiny|100/100
|turn|9
|
|t:|1743812537
|-terastallize|p1a: Articuno|Fighting
|move|p2a: Darkrai|Dark Pulse|p1a: Articuno
|-resisted|p1a: Articuno
|-damage|p1a: Articuno|78/100
|cant|p1a: Articuno|flinch
|
|-sideend|p2: PokeDeezNutz|move: Light Screen
|upkeep
|turn|10
|c|☆PokeDeezNutz|unfort
|
|t:|1743812551
|switch|p2a: Deoxys|Deoxys-Speed|75/100
|-ability|p2a: Deoxys|Pressure
|move|p1a: Articuno|Calm Mind|p1a: Articuno
|-boost|p1a: Articuno|spa|1
|-boost|p1a: Articuno|spd|1
|
|upkeep
|turn|11
|
|t:|1743812573
|move|p2a: Deoxys|Psycho Boost|p1a: Articuno|[miss]
|-miss|p2a: Deoxys|p1a: Articuno
|move|p1a: Articuno|Agility|p1a: Articuno
|-boost|p1a: Articuno|spe|2
|
|-sideend|p2: PokeDeezNutz|Reflect
|upkeep
|turn|12
|
|t:|1743812585
|move|p1a: Articuno|Calm Mind|p1a: Articuno
|-boost|p1a: Articuno|spa|1
|-boost|p1a: Articuno|spd|1
|move|p2a: Deoxys|Psycho Boost|p1a: Articuno
|-supereffective|p1a: Articuno
|-damage|p1a: Articuno|27/100
|-unboost|p2a: Deoxys|spa|2
|-enditem|p1a: Articuno|Weakness Policy
|-boost|p1a: Articuno|atk|2|[from] item: Weakness Policy
|-boost|p1a: Articuno|spa|2|[from] item: Weakness Policy
|
|upkeep
|turn|13
|
|t:|1743812595
|move|p1a: Articuno|Stored Power|p2a: Deoxys
|-resisted|p2a: Deoxys
|-damage|p2a: Deoxys|0 fnt
|faint|p2a: Deoxys
|
|upkeep
|
|t:|1743812602
|switch|p2a: Dragonite|Dragonite, M|100/100
|turn|14
|
|t:|1743812607
|switch|p1a: Gengar|Gengar, M, shiny|100/100
|move|p2a: Dragonite|Extreme Speed|p1a: Gengar
|-immune|p1a: Gengar
|
|upkeep
|turn|15
|
|t:|1743812615
|switch|p2a: Scizor|Scizor, M|87/100
|move|p1a: Gengar|Trick|p2a: Scizor
|-activate|p1a: Gengar|move: Trick|[of] p2a: Scizor
|-item|p2a: Scizor|Choice Scarf|[from] move: Trick
|-item|p1a: Gengar|Choice Band|[from] move: Trick
|
|upkeep
|turn|16
|
|t:|1743812629
|move|p1a: Gengar|Shadow Ball|p2a: Scizor
|-damage|p2a: Scizor|28/100
|move|p2a: Scizor|U-turn|p1a: Gengar
|-resisted|p1a: Gengar
|-damage|p1a: Gengar|79/100
|
|t:|1743812633
|switch|p2a: Darkrai|Darkrai|69/100|[from] U-turn
|
|upkeep
|turn|17
|
|t:|1743812638
|switch|p1a: Weezing|Weezing-Galar, M|100/100
|move|p2a: Darkrai|Nasty Plot|p2a: Darkrai
|-boost|p2a: Darkrai|spa|2
|
|upkeep
|turn|18
|
|t:|1743812650
|-terastallize|p2a: Darkrai|Poison
|move|p2a: Darkrai|Sludge Bomb|p1a: Weezing
|-crit|p1a: Weezing
|-damage|p1a: Weezing|0 fnt
|faint|p1a: Weezing
|
|upkeep
|
|t:|1743812658
|switch|p1a: Rhydon|Rhydon, M, shiny|100/100
|turn|19
|inactive|PokeDeezNutz has 120 seconds left.
|
|t:|1743812691
|move|p2a: Darkrai|Dark Pulse|p1a: Rhydon
|-damage|p1a: Rhydon|48/100
|move|p1a: Rhydon|Earthquake|p2a: Darkrai
|-supereffective|p2a: Darkrai
|-damage|p2a: Darkrai|0 fnt
|faint|p2a: Darkrai
|
|upkeep
|inactive|PokeDeezNutz has 120 seconds left.
|
|t:|1743812698
|switch|p2a: Scizor|Scizor, M|28/100
|turn|20
|
|t:|1743812705
|move|p2a: Scizor|Bullet Punch|p1a: Rhydon
|-supereffective|p1a: Rhydon
|-damage|p1a: Rhydon|14/100
|move|p1a: Rhydon|Rest|p1a: Rhydon
|-status|p1a: Rhydon|slp|[from] move: Rest
|-heal|p1a: Rhydon|100/100 slp|[silent]
|
|upkeep
|turn|21
|
|t:|1743812715
|switch|p2a: Dragonite|Dragonite, M|100/100
|cant|p1a: Rhydon|slp
|
|upkeep
|turn|22
|
|t:|1743812723
|move|p2a: Dragonite|Dragon Dance|p2a: Dragonite
|-boost|p2a: Dragonite|atk|1
|-boost|p2a: Dragonite|spe|1
|cant|p1a: Rhydon|slp
|
|upkeep
|turn|23
|
|t:|1743812730
|move|p2a: Dragonite|Dragon Dance|p2a: Dragonite
|-boost|p2a: Dragonite|atk|1
|-boost|p2a: Dragonite|spe|1
|-curestatus|p1a: Rhydon|slp|[msg]
|move|p1a: Rhydon|Curse|p1a: Rhydon
|-unboost|p1a: Rhydon|spe|1
|-boost|p1a: Rhydon|atk|1
|-boost|p1a: Rhydon|def|1
|
|upkeep
|turn|24
|
|t:|1743812738
|move|p2a: Dragonite|Earthquake|p1a: Rhydon
|-supereffective|p1a: Rhydon
|-damage|p1a: Rhydon|48/100
|move|p1a: Rhydon|Curse|p1a: Rhydon
|-unboost|p1a: Rhydon|spe|1
|-boost|p1a: Rhydon|atk|1
|-boost|p1a: Rhydon|def|1
|
|upkeep
|turn|25
|
|t:|1743812746
|move|p2a: Dragonite|Earthquake|p1a: Rhydon
|-supereffective|p1a: Rhydon
|-damage|p1a: Rhydon|9/100
|move|p1a: Rhydon|Avalanche|p2a: Dragonite
|-supereffective|p2a: Dragonite
|-damage|p2a: Dragonite|0 fnt
|faint|p2a: Dragonite
|
|upkeep
|
|t:|1743812749
|switch|p2a: Scizor|Scizor, M|28/100
|turn|26
|
|t:|1743812762
|move|p2a: Scizor|Knock Off|p1a: Rhydon
|-damage|p1a: Rhydon|1/100
|-enditem|p1a: Rhydon|Eviolite|[from] move: Knock Off|[of] p2a: Scizor
|move|p1a: Rhydon|Earthquake|p2a: Scizor
|-damage|p2a: Scizor|0 fnt
|faint|p2a: Scizor
|
|upkeep
|
|t:|1743812775
|switch|p2a: Iron Moth|Iron Moth|100/100
|-enditem|p2a: Iron Moth|Booster Energy
|-activate|p2a: Iron Moth|ability: Quark Drive|[fromitem]
|-start|p2a: Iron Moth|quarkdrivespa
|turn|27
|
|t:|1743812797
|switch|p1a: Gengar|Gengar, M, shiny|79/100
|move|p2a: Iron Moth|Fiery Dance|p1a: Gengar
|-crit|p1a: Gengar
|-damage|p1a: Gengar|0 fnt
|faint|p1a: Gengar
|
|upkeep
|-message|bigkatt96 forfeited.
|
|win|PokeDeezNutz
|raw|bigkatt96's rating: 1331 &rarr; <strong>1311</strong><br />(-20 for losing)
|raw|PokeDeezNutz's rating: 1334 &rarr; <strong>1354</strong><br />(+20 for winning)
|l|‽bigkatt96
|player|p1|
|l|☆PokeDeezNutz
|player|p2|
