|j|☆berioost
|j|☆ezochop
|t:|1743852281
|gametype|singles
|player|p1|berioost|169|1187
|player|p2|ezochop|102|1235
|teamsize|p1|6
|teamsize|p2|6
|gen|9
|tier|[Gen 9] OU
|rated|
|rule|HP Percentage Mod: HP is shown in percentages
|rule|Endless Battle Clause: Forcing endless battles is banned
|rule|Species Clause: Limit one of each Pokémon
|rule|OHKO Clause: OHKO moves are banned
|rule|Evasion Items Clause: Evasion items are banned
|rule|Evasion Moves Clause: Evasion moves are banned
|rule|Sleep Moves Clause: Sleep-inducing moves are banned
|clearpoke
|poke|p1|Blaziken, M|
|poke|p1|Greninja-*, M|
|poke|p1|Flygon, M|
|poke|p1|Jolteon, M|
|poke|p1|Scizor, F|
|poke|p1|Exeggutor, F|
|poke|p2|Azumarill, M|
|poke|p2|Charizard, F|
|poke|p2|Corviknight, M|
|poke|p2|Meowscarada, M|
|poke|p2|Ninetales-Alola, M|
|poke|p2|Conkeldurr, M|
|teampreview
|
|t:|1743852289
|start
|switch|p1a: Greninja|Greninja, M|100/100
|switch|p2a: Ninetales|Ninetales-Alola, M, shiny|100/100
|-weather|Snowscape|[from] ability: Snow Warning|[of] p2a: Ninetales
|turn|1
|
|t:|1743852296
|move|p2a: Ninetales|Aurora Veil|p2a: Ninetales
|-sidestart|p2: ezochop|move: Aurora Veil
|move|p1a: Greninja|Sludge Wave|p2a: Ninetales
|-supereffective|p2a: Ninetales
|-damage|p2a: Ninetales|66/100
|
|-weather|Snowscape|[upkeep]
|upkeep
|turn|2
|
|t:|1743852306
|move|p2a: Ninetales|Dazzling Gleam|p1a: Greninja
|-supereffective|p1a: Greninja
|-damage|p1a: Greninja|5/100
|move|p1a: Greninja|Sludge Wave|p2a: Ninetales
|-supereffective|p2a: Ninetales
|-damage|p2a: Ninetales|27/100
|
|-weather|Snowscape|[upkeep]
|upkeep
|turn|3
|
|t:|1743852315
|move|p1a: Greninja|Water Shuriken|p2a: Ninetales
|-damage|p2a: Ninetales|21/100
|-damage|p2a: Ninetales|16/100
|-damage|p2a: Ninetales|11/100
|-damage|p2a: Ninetales|6/100
|-damage|p2a: Ninetales|1/100
|-hitcount|p2a: Ninetales|5
|move|p2a: Ninetales|Weather Ball|p1a: Greninja
|-resisted|p1a: Greninja
|-damage|p1a: Greninja|0 fnt
|faint|p1a: Greninja
|
|-weather|Snowscape|[upkeep]
|upkeep
|
|t:|1743852346
|switch|p1a: Jolteon|Jolteon, M|100/100
|turn|4
|
|t:|1743852358
|switch|p2a: Meowscarada|Meowscarada, M|100/100
|move|p1a: Jolteon|Discharge|p2a: Meowscarada
|-resisted|p2a: Meowscarada
|-damage|p2a: Meowscarada|84/100
|
|-weather|Snowscape|[upkeep]
|upkeep
|turn|5
|
|t:|1743852369
|move|p2a: Meowscarada|Leech Seed|p1a: Jolteon
|-start|p1a: Jolteon|move: Leech Seed
|move|p1a: Jolteon|Alluring Voice|p2a: Meowscarada
|-supereffective|p2a: Meowscarada
|-damage|p2a: Meowscarada|44/100
|
|-weather|none
|-damage|p1a: Jolteon|88/100|[from] Leech Seed|[of] p2a: Meowscarada
|-heal|p2a: Meowscarada|55/100|[silent]
|upkeep
|turn|6
|
|t:|1743852395
|-terastallize|p2a: Meowscarada|Grass
|move|p2a: Meowscarada|Flower Trick|p1a: Jolteon
|-crit|p1a: Jolteon
|-damage|p1a: Jolteon|0 fnt
|faint|p1a: Jolteon
|
|upkeep
|
|t:|1743852420
|switch|p1a: Flygon|Flygon, M|100/100
|turn|7
|
|t:|1743852427
|move|p2a: Meowscarada|Play Rough|p1a: Flygon
|-supereffective|p1a: Flygon
|-damage|p1a: Flygon|33/100
|move|p1a: Flygon|Dragon Dance|p1a: Flygon
|-boost|p1a: Flygon|atk|1
|-boost|p1a: Flygon|spe|1
|
|upkeep
|turn|8
|
|t:|1743852438
|move|p2a: Meowscarada|Sucker Punch|p1a: Flygon
|-damage|p1a: Flygon|0 fnt
|faint|p1a: Flygon
|
|-sideend|p2: ezochop|move: Aurora Veil
|upkeep
|
|t:|1743852445
|switch|p1a: Scizor|Scizor, F|100/100
|turn|9
|
|t:|1743852451
|move|p2a: Meowscarada|Leech Seed|p1a: Scizor
|-start|p1a: Scizor|move: Leech Seed
|move|p1a: Scizor|Pounce|p2a: Meowscarada
|-supereffective|p2a: Meowscarada
|-damage|p2a: Meowscarada|0 fnt
|faint|p2a: Meowscarada
|
|upkeep
|
|t:|1743852466
|switch|p2a: Corviknight|Corviknight, M, shiny|100/100
|-ability|p2a: Corviknight|Unnerve
|turn|10
|
|t:|1743852472
|switch|p1a: Blaziken|Blaziken, M|100/100
|move|p2a: Corviknight|Brave Bird|p1a: Blaziken
|-supereffective|p1a: Blaziken
|-damage|p1a: Blaziken|0 fnt
|faint|p1a: Blaziken
|-damage|p2a: Corviknight|76/100|[from] Recoil
|
|-heal|p2a: Corviknight|82/100|[from] item: Leftovers
|upkeep
|-message|berioost forfeited.
|
|win|ezochop
|raw|berioost's rating: 1187 &rarr; <strong>1165</strong><br />(-22 for losing)
|raw|ezochop's rating: 1235 &rarr; <strong>1257</strong><br />(+22 for winning)
|l|☆berioost
|player|p1|
|l|☆ezochop
|player|p2|
