|j|☆Shadowkipz13
|j|☆Loki_CPA
|t:|1743905145
|gametype|singles
|player|p1|Shadowkipz13|petrel|1195
|player|p2|Loki_CPA|thorton|1260
|teamsize|p1|6
|teamsize|p2|6
|gen|9
|tier|[Gen 9] OU
|rated|
|rule|HP Percentage Mod: HP is shown in percentages
|rule|Endless Battle Clause: Forcing endless battles is banned
|rule|Species Clause: Limit one of each Pokémon
|rule|OHKO Clause: OHKO moves are banned
|rule|Evasion Items Clause: Evasion items are banned
|rule|Evasion Moves Clause: Evasion moves are banned
|rule|Sleep Moves Clause: Sleep-inducing moves are banned
|clearpoke
|poke|p1|Blaziken, M|
|poke|p1|Meowscarada, M|
|poke|p1|Blastoise, M|
|poke|p1|Luxray, M|
|poke|p1|Tinkaton, F|
|poke|p1|Clodsire, M|
|poke|p2|Latios, M|
|poke|p2|Tinkaton, F|
|poke|p2|Ogerpon-Wellspring, F|
|poke|p2|Great Tusk|
|poke|p2|Cinderace, F|
|poke|p2|Zamazenta-*|
|teampreview
|
|t:|1743905150
|start
|switch|p1a: Tinkaton|Tinkaton, F|100/100
|switch|p2a: Tinkaton|Tinkaton, F|100/100
|-ability|p1a: Tinkaton|Mold Breaker
|-item|p2a: Tinkaton|Air Balloon
|turn|1
|
|t:|1743905158
|move|p1a: Tinkaton|Thunder Wave|p2a: Tinkaton
|-status|p2a: Tinkaton|par
|move|p2a: Tinkaton|Stealth Rock|p1a: Tinkaton
|-sidestart|p1: Shadowkipz13|move: Stealth Rock
|
|upkeep
|turn|2
|
|t:|1743905164
|move|p1a: Tinkaton|Encore|p2a: Tinkaton
|-start|p2a: Tinkaton|Encore
|cant|p2a: Tinkaton|par
|
|upkeep
|turn|3
|
|t:|1743905176
|switch|p2a: Cinderace|Cinderace, F|100/100
|move|p1a: Tinkaton|Knock Off|p2a: Cinderace
|-damage|p2a: Cinderace|80/100
|-enditem|p2a: Cinderace|Heavy-Duty Boots|[from] move: Knock Off|[of] p1a: Tinkaton
|
|upkeep
|turn|4
|
|t:|1743905183
|move|p2a: Cinderace|Pyro Ball|p1a: Tinkaton
|-supereffective|p1a: Tinkaton
|-enditem|p1a: Tinkaton|Focus Sash
|-damage|p1a: Tinkaton|1/100
|move|p1a: Tinkaton|Thunder Wave|p2a: Cinderace
|-status|p2a: Cinderace|par
|
|upkeep
|turn|5
|
|t:|1743905189
|move|p1a: Tinkaton|Stealth Rock|p2a: Cinderace
|-sidestart|p2: Loki_CPA|move: Stealth Rock
|move|p2a: Cinderace|U-turn|p1a: Tinkaton
|-resisted|p1a: Tinkaton
|-damage|p1a: Tinkaton|0 fnt
|faint|p1a: Tinkaton
|
|t:|1743905206
|switch|p2a: Great Tusk|Great Tusk|100/100|[from] U-turn
|-damage|p2a: Great Tusk|98/100|[from] Stealth Rock
|
|upkeep
|
|t:|1743905222
|switch|p1a: Meowscarada|Meowscarada, M|100/100
|-damage|p1a: Meowscarada|88/100|[from] Stealth Rock
|turn|6
|
|t:|1743905228
|-terastallize|p2a: Great Tusk|Steel
|move|p1a: Meowscarada|Flower Trick|p2a: Great Tusk
|-start|p1a: Meowscarada|typechange|Grass|[from] ability: Protean
|-resisted|p2a: Great Tusk
|-crit|p2a: Great Tusk
|-damage|p2a: Great Tusk|70/100
|move|p2a: Great Tusk|Rapid Spin|p1a: Meowscarada
|-damage|p1a: Meowscarada|59/100
|-boost|p2a: Great Tusk|spe|1
|-sideend|p2: Loki_CPA|Stealth Rock|[from] move: Rapid Spin|[of] p2a: Great Tusk
|
|upkeep
|turn|7
|
|t:|1743905239
|switch|p1a: Blastoise|Blastoise, M|100/100
|-damage|p1a: Blastoise|88/100|[from] Stealth Rock
|move|p2a: Great Tusk|Ice Spinner|p1a: Blastoise
|-resisted|p1a: Blastoise
|-damage|p1a: Blastoise|77/100
|
|-heal|p1a: Blastoise|83/100|[from] item: Leftovers
|upkeep
|turn|8
|
|t:|1743905244
|move|p2a: Great Tusk|Knock Off|p1a: Blastoise
|-damage|p1a: Blastoise|55/100
|-enditem|p1a: Blastoise|Leftovers|[from] move: Knock Off|[of] p2a: Great Tusk
|move|p1a: Blastoise|Rapid Spin|p2a: Great Tusk
|-resisted|p2a: Great Tusk
|-damage|p2a: Great Tusk|67/100
|-boost|p1a: Blastoise|spe|1
|-damage|p1a: Blastoise|39/100|[from] item: Rocky Helmet|[of] p2a: Great Tusk
|-sideend|p1: Shadowkipz13|Stealth Rock|[from] move: Rapid Spin|[of] p1a: Blastoise
|
|upkeep
|turn|9
|
|t:|1743905258
|move|p2a: Great Tusk|Headlong Rush|p1a: Blastoise
|-damage|p1a: Blastoise|0 fnt
|-unboost|p2a: Great Tusk|def|1
|-unboost|p2a: Great Tusk|spd|1
|faint|p1a: Blastoise
|
|upkeep
|
|t:|1743905273
|switch|p1a: Clodsire|Clodsire, M|100/100
|turn|10
|
|t:|1743905277
|-terastallize|p1a: Clodsire|Flying
|move|p2a: Great Tusk|Headlong Rush|p1a: Clodsire
|-immune|p1a: Clodsire
|move|p1a: Clodsire|Curse|p1a: Clodsire
|-unboost|p1a: Clodsire|spe|1
|-boost|p1a: Clodsire|atk|1
|-boost|p1a: Clodsire|def|1
|
|-damage|p1a: Clodsire|88/100|[from] item: Black Sludge
|upkeep
|turn|11
|
|t:|1743905287
|move|p2a: Great Tusk|Ice Spinner|p1a: Clodsire
|-supereffective|p1a: Clodsire
|-damage|p1a: Clodsire|47/100
|move|p1a: Clodsire|Earthquake|p2a: Great Tusk
|-supereffective|p2a: Great Tusk
|-damage|p2a: Great Tusk|9/100
|
|-damage|p1a: Clodsire|35/100|[from] item: Black Sludge
|upkeep
|turn|12
|
|t:|1743905292
|move|p2a: Great Tusk|Ice Spinner|p1a: Clodsire
|-supereffective|p1a: Clodsire
|-damage|p1a: Clodsire|0 fnt
|faint|p1a: Clodsire
|
|upkeep
|
|t:|1743905294
|switch|p1a: Meowscarada|Meowscarada, M|59/100
|turn|13
|
|t:|1743905300
|move|p2a: Great Tusk|Ice Spinner|p1a: Meowscarada
|-supereffective|p1a: Meowscarada
|-crit|p1a: Meowscarada
|-damage|p1a: Meowscarada|0 fnt
|faint|p1a: Meowscarada
|
|upkeep
|
|t:|1743905303
|switch|p1a: Blaziken|Blaziken, M|100/100
|turn|14
|
|t:|1743905306
|move|p2a: Great Tusk|Headlong Rush|p1a: Blaziken
|-supereffective|p1a: Blaziken
|-damage|p1a: Blaziken|0 fnt
|-unboost|p2a: Great Tusk|def|1
|-unboost|p2a: Great Tusk|spd|1
|faint|p1a: Blaziken
|
|upkeep
|
|t:|1743905307
|switch|p1a: Luxray|Luxray, M|100/100
|turn|15
|c|☆Shadowkipz13|Gg
|
|t:|1743905314
|move|p2a: Great Tusk|Headlong Rush|p1a: Luxray
|-supereffective|p1a: Luxray
|-damage|p1a: Luxray|0 fnt
|-unboost|p2a: Great Tusk|def|1
|-unboost|p2a: Great Tusk|spd|1
|faint|p1a: Luxray
|
|win|Loki_CPA
|raw|Shadowkipz13's rating: 1195 &rarr; <strong>1175</strong><br />(-20 for losing)
|raw|Loki_CPA's rating: 1260 &rarr; <strong>1280</strong><br />(+20 for winning)
|l|☆Shadowkipz13
|player|p1|
|c|☆Loki_CPA|gg
|l|☆Loki_CPA
|player|p2|
