|j|☆Jusk-99
|j|☆archnp
|t:|1743806313
|gametype|singles
|player|p1|Jusk-99|aaron|1218
|player|p2|archnp|brawly|1216
|teamsize|p1|6
|teamsize|p2|6
|gen|9
|tier|[Gen 9] OU
|rated|
|rule|HP Percentage Mod: HP is shown in percentages
|rule|Endless Battle Clause: Forcing endless battles is banned
|rule|Species Clause: Limit one of each Pokémon
|rule|OHKO Clause: OHKO moves are banned
|rule|Evasion Items Clause: Evasion items are banned
|rule|Evasion Moves Clause: Evasion moves are banned
|rule|Sleep Moves Clause: Sleep-inducing moves are banned
|clearpoke
|poke|p1|Gumshoos, M|
|poke|p1|Ursaluna, M|
|poke|p1|Grimmsnarl, M|
|poke|p1|Registeel|
|poke|p1|Eiscue, F|
|poke|p1|Typhlosion-Hisui, F|
|poke|p2|Garganacl, M|
|poke|p2|Weezing-Galar, F|
|poke|p2|Corviknight, M|
|poke|p2|Dragapult, M|
|poke|p2|Slowking-Galar, M|
|poke|p2|Samurott-Hisui, F|
|teampreview
|inactive|Battle timer is ON: inactive players will automatically lose when time's up. (requested by archnp)
|
|t:|1743806325
|start
|switch|p1a: NETANYAHU|Grimmsnarl, M|100/100
|switch|p2a: Garganacl|Garganacl, M|100/100
|turn|1
|
|t:|1743806332
|move|p1a: NETANYAHU|Fake Out|p2a: Garganacl
|-resisted|p2a: Garganacl
|-damage|p2a: Garganacl|97/100
|cant|p2a: Garganacl|flinch
|
|-heal|p2a: Garganacl|100/100|[from] item: Leftovers
|upkeep
|turn|2
|
|t:|1743806340
|move|p1a: NETANYAHU|Parting Shot|p2a: Garganacl
|-unboost|p2a: Garganacl|atk|1
|-unboost|p2a: Garganacl|spa|1
|
|t:|1743806343
|switch|p1a: TRUMP|Gumshoos, M|100/100|[from] Parting Shot
|move|p2a: Garganacl|Salt Cure|p1a: TRUMP
|-damage|p1a: TRUMP|90/100
|-start|p1a: TRUMP|Salt Cure
|
|-damage|p1a: TRUMP|78/100|[from] Salt Cure
|upkeep
|turn|3
|
|t:|1743806354
|move|p1a: TRUMP|U-turn|p2a: Garganacl
|-damage|p2a: Garganacl|83/100
|
|t:|1743806357
|switch|p1a: PUTIN|Ursaluna, M, shiny|100/100|[from] U-turn
|move|p2a: Garganacl|Stealth Rock|p1a: PUTIN
|-sidestart|p1: Jusk-99|move: Stealth Rock
|
|-heal|p2a: Garganacl|89/100|[from] item: Leftovers
|-status|p1a: PUTIN|brn|[from] item: Flame Orb
|upkeep
|turn|4
|
|t:|1743806377
|switch|p2a: Corviknight|Corviknight, M|100/100
|-ability|p2a: Corviknight|Pressure
|move|p1a: PUTIN|Rock Slide|p2a: Corviknight
|-damage|p2a: Corviknight|79/100
|
|-damage|p1a: PUTIN|94/100 brn|[from] brn
|upkeep
|turn|5
|
|t:|1743806389
|move|p2a: Corviknight|Body Press|p1a: PUTIN
|-supereffective|p1a: PUTIN
|-damage|p1a: PUTIN|59/100 brn
|move|p1a: PUTIN|Facade|p2a: Corviknight
|-resisted|p2a: Corviknight
|-damage|p2a: Corviknight|49/100
|-damage|p1a: PUTIN|43/100 brn|[from] item: Rocky Helmet|[of] p2a: Corviknight
|
|-damage|p1a: PUTIN|37/100 brn|[from] brn
|upkeep
|turn|6
|
|t:|1743806402
|switch|p1a: XIN PIN|Typhlosion-Hisui, F, shiny|100/100
|-damage|p1a: XIN PIN|76/100|[from] Stealth Rock
|move|p2a: Corviknight|Body Press|p1a: XIN PIN
|-immune|p1a: XIN PIN
|
|upkeep
|turn|7
|
|t:|1743806410
|switch|p2a: Dragapult|Dragapult, M|100/100
|move|p1a: XIN PIN|Flamethrower|p2a: Dragapult
|-resisted|p2a: Dragapult
|-damage|p2a: Dragapult|62/100
|
|upkeep
|turn|8
|
|t:|1743806419
|switch|p1a: NETANYAHU|Grimmsnarl, M|100/100
|-damage|p1a: NETANYAHU|88/100|[from] Stealth Rock
|move|p2a: Dragapult|Hex|p1a: NETANYAHU
|-resisted|p1a: NETANYAHU
|-damage|p1a: NETANYAHU|78/100
|
|upkeep
|turn|9
|
|t:|1743806427
|move|p2a: Dragapult|U-turn|p1a: NETANYAHU
|-damage|p1a: NETANYAHU|56/100
|-damage|p2a: Dragapult|45/100|[from] item: Rocky Helmet|[of] p1a: NETANYAHU
|
|t:|1743806433
|switch|p2a: Weezing|Weezing-Galar, F|100/100|[from] U-turn
|-ability|p2a: Weezing|Neutralizing Gas
|move|p1a: NETANYAHU|Play Rough|p2a: Weezing
|-resisted|p2a: Weezing
|-damage|p2a: Weezing|90/100
|
|upkeep
|turn|10
|
|t:|1743806443
|move|p2a: Weezing|Will-O-Wisp|p1a: NETANYAHU
|-status|p1a: NETANYAHU|brn
|move|p1a: NETANYAHU|Parting Shot|p2a: Weezing
|-unboost|p2a: Weezing|atk|1
|-unboost|p2a: Weezing|spa|1
|
|t:|1743806455
|switch|p1a: XIN PIN|Typhlosion-Hisui, F, shiny|76/100|[from] Parting Shot
|-damage|p1a: XIN PIN|51/100|[from] Stealth Rock
|
|upkeep
|turn|11
|
|t:|1743806466
|-end|p2a: Weezing|ability: Neutralizing Gas
|switch|p2a: Slowking|Slowking-Galar, M|100/100
|move|p1a: XIN PIN|Extrasensory|p2a: Slowking
|-damage|p2a: Slowking|89/100
|
|upkeep
|turn|12
|
|t:|1743806476
|switch|p1a: NETANYAHU|Grimmsnarl, M|56/100 brn
|-damage|p1a: NETANYAHU|44/100 brn|[from] Stealth Rock
|move|p2a: Slowking|Sludge Bomb|p1a: NETANYAHU
|-supereffective|p1a: NETANYAHU
|-damage|p1a: NETANYAHU|0 fnt
|faint|p1a: NETANYAHU
|
|upkeep
|
|t:|1743806486
|switch|p1a: TRUMP|Gumshoos, M|78/100
|-damage|p1a: TRUMP|66/100|[from] Stealth Rock
|turn|13
|
|t:|1743806492
|move|p1a: TRUMP|Crunch|p2a: Slowking
|-supereffective|p2a: Slowking
|-damage|p2a: Slowking|0 fnt
|faint|p2a: Slowking
|
|upkeep
|
|t:|1743806497
|switch|p2a: Dragapult|Dragapult, M|45/100
|turn|14
|
|t:|1743806501
|move|p2a: Dragapult|Dragon Darts|p1a: TRUMP
|-damage|p1a: TRUMP|38/100
|-anim|p2a: Dragapult|Dragon Darts|p1a: TRUMP
|-damage|p1a: TRUMP|12/100
|move|p1a: TRUMP|Crunch|p2a: Dragapult
|-supereffective|p2a: Dragapult
|-damage|p2a: Dragapult|0 fnt
|faint|p2a: Dragapult
|
|upkeep
|
|t:|1743806509
|switch|p2a: Samurott|Samurott-Hisui, F|100/100
|turn|15
|
|t:|1743806515
|move|p2a: Samurott|Ceaseless Edge|p1a: TRUMP
|-crit|p1a: TRUMP
|-damage|p1a: TRUMP|0 fnt
|-sidestart|p1: Jusk-99|Spikes
|faint|p1a: TRUMP
|
|upkeep
|
|t:|1743806525
|switch|p1a: MUSK|Registeel|100/100
|-damage|p1a: MUSK|94/100|[from] Stealth Rock
|-damage|p1a: MUSK|82/100|[from] Spikes
|turn|16
|
|t:|1743806531
|move|p2a: Samurott|Ceaseless Edge|p1a: MUSK
|-damage|p1a: MUSK|54/100
|-sidestart|p1: Jusk-99|Spikes
|move|p1a: MUSK|Iron Defense|p1a: MUSK
|-boost|p1a: MUSK|def|2
|
|-heal|p1a: MUSK|60/100|[from] item: Leftovers
|upkeep
|turn|17
|
|t:|1743806548
|switch|p2a: Garganacl|Garganacl, M|89/100
|move|p1a: MUSK|Iron Defense|p1a: MUSK
|-boost|p1a: MUSK|def|2
|
|-heal|p1a: MUSK|66/100|[from] item: Leftovers
|-heal|p2a: Garganacl|95/100|[from] item: Leftovers
|upkeep
|turn|18
|
|t:|1743806561
|move|p1a: MUSK|Body Press|p2a: Garganacl
|-supereffective|p2a: Garganacl
|-damage|p2a: Garganacl|0 fnt
|faint|p2a: Garganacl
|
|-heal|p1a: MUSK|72/100|[from] item: Leftovers
|upkeep
|
|t:|1743806568
|switch|p2a: Samurott|Samurott-Hisui, F|100/100
|turn|19
|
|t:|1743806574
|move|p2a: Samurott|Flip Turn|p1a: MUSK
|-damage|p1a: MUSK|66/100
|
|t:|1743806577
|switch|p2a: Weezing|Weezing-Galar, F|90/100|[from] Flip Turn
|-ability|p2a: Weezing|Neutralizing Gas
|move|p1a: MUSK|Body Press|p2a: Weezing
|-resisted|p2a: Weezing
|-damage|p2a: Weezing|75/100
|
|-heal|p1a: MUSK|72/100|[from] item: Leftovers
|upkeep
|turn|20
|
|t:|1743806591
|move|p2a: Weezing|Will-O-Wisp|p1a: MUSK
|-status|p1a: MUSK|brn
|move|p1a: MUSK|Heavy Slam|p2a: Weezing
|-supereffective|p2a: Weezing
|-damage|p2a: Weezing|54/100
|
|-heal|p1a: MUSK|78/100 brn|[from] item: Leftovers
|-damage|p1a: MUSK|72/100 brn|[from] brn
|upkeep
|turn|21
|
|t:|1743806607
|-end|p2a: Weezing|ability: Neutralizing Gas
|switch|p2a: Corviknight|Corviknight, M|49/100
|-ability|p2a: Corviknight|Pressure
|move|p1a: MUSK|Iron Defense|p1a: MUSK
|-boost|p1a: MUSK|def|2
|
|-heal|p1a: MUSK|78/100 brn|[from] item: Leftovers
|-damage|p1a: MUSK|72/100 brn|[from] brn
|upkeep
|turn|22
|
|t:|1743806624
|move|p2a: Corviknight|Roost|p2a: Corviknight
|-heal|p2a: Corviknight|99/100
|-singleturn|p2a: Corviknight|move: Roost
|move|p1a: MUSK|Body Press|p2a: Corviknight
|-supereffective|p2a: Corviknight
|-damage|p2a: Corviknight|29/100
|-damage|p1a: MUSK|56/100 brn|[from] item: Rocky Helmet|[of] p2a: Corviknight
|
|-heal|p1a: MUSK|62/100 brn|[from] item: Leftovers
|-damage|p1a: MUSK|56/100 brn|[from] brn
|upkeep
|turn|23
|
|t:|1743806642
|move|p2a: Corviknight|Body Press|p1a: MUSK
|-supereffective|p1a: MUSK
|-damage|p1a: MUSK|46/100 brn
|move|p1a: MUSK|Body Press|p2a: Corviknight
|-damage|p2a: Corviknight|0 fnt
|-damage|p1a: MUSK|30/100 brn|[from] item: Rocky Helmet|[of] p2a: Corviknight
|faint|p2a: Corviknight
|
|-heal|p1a: MUSK|36/100 brn|[from] item: Leftovers
|-damage|p1a: MUSK|30/100 brn|[from] brn
|upkeep
|
|t:|1743806648
|switch|p2a: Samurott|Samurott-Hisui, F|100/100
|turn|24
|
|t:|1743806666
|move|p2a: Samurott|Knock Off|p1a: MUSK
|-damage|p1a: MUSK|23/100 brn
|-enditem|p1a: MUSK|Leftovers|[from] move: Knock Off|[of] p2a: Samurott
|move|p1a: MUSK|Rest|p1a: MUSK
|-status|p1a: MUSK|slp|[from] move: Rest
|-heal|p1a: MUSK|100/100 slp|[silent]
|
|upkeep
|turn|25
|-message|archnp forfeited.
|
|win|Jusk-99
|raw|Jusk-99's rating: 1218 &rarr; <strong>1243</strong><br />(+25 for winning)
|raw|archnp's rating: 1216 &rarr; <strong>1191</strong><br />(-25 for losing)
|l|☆archnp
|player|p2|
|l|☆Jusk-99
|player|p1|
