|j|☆datshadywolf
|j|☆TratiDD
|t:|1743841689
|gametype|singles
|player|p1|datshadywolf|byron|1115
|player|p2|TratiDD|alder|1065
|teamsize|p1|6
|teamsize|p2|6
|gen|9
|tier|[Gen 9] OU
|rated|
|rule|HP Percentage Mod: HP is shown in percentages
|rule|Endless Battle Clause: Forcing endless battles is banned
|rule|Species Clause: Limit one of each Pokémon
|rule|OHKO Clause: OHKO moves are banned
|rule|Evasion Items Clause: Evasion items are banned
|rule|Evasion Moves Clause: Evasion moves are banned
|rule|Sleep Moves Clause: Sleep-inducing moves are banned
|clearpoke
|poke|p1|Tyranitar, F|
|poke|p1|Toxapex, M|
|poke|p1|Houndstone, M|
|poke|p1|Gastrodon, M|
|poke|p1|Lycanroc, F|
|poke|p1|Hippowdon, F|
|poke|p2|Dragapult, F|
|poke|p2|Iron Moth|
|poke|p2|Tsareena, F|
|poke|p2|Volcanion|
|poke|p2|Tinkaton, F|
|poke|p2|Landorus-Therian, M|
|teampreview
|
|t:|1743841699
|start
|switch|p1a: Yeah it's him|Gastrodon, M, shiny|100/100
|switch|p2a: Landorus|Landorus-Therian, M, shiny|100/100
|-ability|p2a: Landorus|Intimidate|boost
|-unboost|p1a: Yeah it's him|atk|1
|turn|1
|
|t:|1743841708
|move|p2a: Landorus|Taunt|p1a: Yeah it's him
|-start|p1a: Yeah it's him|move: Taunt
|cant|p1a: Yeah it's him|move: Taunt|Stealth Rock
|
|upkeep
|turn|2
|
|t:|1743841717
|switch|p1a: Rekt it Tar|Tyranitar, F, shiny|100/100
|-weather|Sandstorm|[from] ability: Sand Stream|[of] p1a: Rekt it Tar
|move|p2a: Landorus|Stealth Rock|p1a: Rekt it Tar
|-sidestart|p1: datshadywolf|move: Stealth Rock
|
|-weather|Sandstorm|[upkeep]
|upkeep
|turn|3
|
|t:|1743841730
|move|p2a: Landorus|Earthquake|p1a: Rekt it Tar
|-supereffective|p1a: Rekt it Tar
|-damage|p1a: Rekt it Tar|0 fnt
|faint|p1a: Rekt it Tar
|
|-weather|Sandstorm|[upkeep]
|upkeep
|
|t:|1743841751
|switch|p1a: Bork|Houndstone, M, shiny|100/100
|-damage|p1a: Bork|88/100|[from] Stealth Rock
|turn|4
|inactive|Battle timer is ON: inactive players will automatically lose when time's up. (requested by TratiDD)
|
|t:|1743841758
|move|p1a: Bork|Poltergeist|p2a: Landorus
|-activate|p2a: Landorus|move: Poltergeist|Heavy-Duty Boots
|-damage|p2a: Landorus|18/100
|-damage|p1a: Bork|78/100|[from] item: Life Orb
|move|p2a: Landorus|Earthquake|p1a: Bork
|-damage|p1a: Bork|9/100
|
|-weather|Sandstorm|[upkeep]
|upkeep
|turn|5
|
|t:|1743841775
|move|p1a: Bork|Shadow Sneak|p2a: Landorus
|-crit|p2a: Landorus
|-damage|p2a: Landorus|0 fnt
|faint|p2a: Landorus
|-damage|p1a: Bork|0 fnt|[from] item: Life Orb
|faint|p1a: Bork
|
|-weather|Sandstorm|[upkeep]
|upkeep
|
|t:|1743841785
|switch|p2a: Volcanion|Volcanion|100/100
|switch|p1a: Toxic Tampon|Toxapex, M|100/100
|-damage|p1a: Toxic Tampon|88/100|[from] Stealth Rock
|turn|6
|
|t:|1743841793
|move|p2a: Volcanion|Steam Eruption|p1a: Toxic Tampon
|-resisted|p1a: Toxic Tampon
|-damage|p1a: Toxic Tampon|51/100
|-status|p1a: Toxic Tampon|brn
|move|p1a: Toxic Tampon|Toxic|p2a: Volcanion
|-status|p2a: Volcanion|tox
|
|-weather|none
|-heal|p1a: Toxic Tampon|58/100 brn|[from] item: Black Sludge
|-damage|p2a: Volcanion|94/100 tox|[from] psn
|-damage|p1a: Toxic Tampon|51/100 brn|[from] brn
|upkeep
|turn|7
|
|t:|1743841805
|switch|p1a: Yeah it's him|Gastrodon, M, shiny|100/100
|-damage|p1a: Yeah it's him|94/100|[from] Stealth Rock
|move|p2a: Volcanion|Steam Eruption|p1a: Yeah it's him
|-ability|p1a: Yeah it's him|Storm Drain|boost
|-boost|p1a: Yeah it's him|spa|1
|
|-heal|p1a: Yeah it's him|100/100|[from] item: Leftovers
|-damage|p2a: Volcanion|82/100 tox|[from] psn
|upkeep
|turn|8
|
|t:|1743841816
|switch|p2a: Tsareena|Tsareena, F, shiny|100/100
|move|p1a: Yeah it's him|Stealth Rock|p2a: Tsareena
|-sidestart|p2: TratiDD|move: Stealth Rock
|
|upkeep
|turn|9
|
|t:|1743841828
|-terastallize|p2a: Tsareena|Grass
|move|p2a: Tsareena|Seed Bomb|p1a: Yeah it's him
|-supereffective|p1a: Yeah it's him
|-damage|p1a: Yeah it's him|0 fnt
|faint|p1a: Yeah it's him
|
|upkeep
|
|t:|1743841836
|switch|p1a: Lump|Hippowdon, F, shiny|100/100
|-damage|p1a: Lump|94/100|[from] Stealth Rock
|-weather|Sandstorm|[from] ability: Sand Stream|[of] p1a: Lump
|turn|10
|
|t:|1743841843
|switch|p1a: Toxic Tampon|Toxapex, M|85/100 brn
|-damage|p1a: Toxic Tampon|72/100 brn|[from] Stealth Rock
|move|p2a: Tsareena|Seed Bomb|p1a: Toxic Tampon
|-crit|p1a: Toxic Tampon
|-damage|p1a: Toxic Tampon|0 fnt
|faint|p1a: Toxic Tampon
|
|-weather|Sandstorm|[upkeep]
|-damage|p2a: Tsareena|94/100|[from] Sandstorm
|upkeep
|
|t:|1743841854
|switch|p1a: Lycanroc|Lycanroc, F|100/100
|-damage|p1a: Lycanroc|88/100|[from] Stealth Rock
|turn|11
|
|t:|1743841860
|move|p1a: Lycanroc|Close Combat|p2a: Tsareena
|-damage|p2a: Tsareena|36/100
|-unboost|p1a: Lycanroc|def|1
|-unboost|p1a: Lycanroc|spd|1
|-damage|p1a: Lycanroc|78/100|[from] item: Life Orb
|move|p2a: Tsareena|Seed Bomb|p1a: Lycanroc
|-supereffective|p1a: Lycanroc
|-damage|p1a: Lycanroc|0 fnt
|faint|p1a: Lycanroc
|
|-weather|Sandstorm|[upkeep]
|-damage|p2a: Tsareena|30/100|[from] Sandstorm
|upkeep
|
|t:|1743841873
|switch|p1a: Lump|Hippowdon, F, shiny|94/100
|-damage|p1a: Lump|88/100|[from] Stealth Rock
|turn|12
|
|t:|1743841879
|move|p2a: Tsareena|Seed Bomb|p1a: Lump
|-supereffective|p1a: Lump
|-damage|p1a: Lump|4/100
|move|p1a: Lump|Earthquake|p2a: Tsareena
|-resisted|p2a: Tsareena
|-damage|p2a: Tsareena|11/100
|
|-weather|Sandstorm|[upkeep]
|-damage|p2a: Tsareena|5/100|[from] Sandstorm
|upkeep
|turn|13
|
|t:|1743841890
|move|p2a: Tsareena|Seed Bomb|p1a: Lump
|-supereffective|p1a: Lump
|-damage|p1a: Lump|0 fnt
|faint|p1a: Lump
|
|win|TratiDD
|raw|datshadywolf's rating: 1115 &rarr; <strong>1086</strong><br />(-29 for losing)
|raw|TratiDD's rating: 1065 &rarr; <strong>1100</strong><br />(+35 for winning)
|l|☆TratiDD
|player|p2|
|l|☆datshadywolf
|player|p1|
