|j|☆AntyTheAnt
|j|☆ChillLanturnYT
|t:|1743790619
|gametype|singles
|player|p1|AntyTheAnt|nate|1253
|player|p2|ChillLanturnYT|palmer|1232
|teamsize|p1|6
|teamsize|p2|6
|gen|9
|tier|[Gen 9] OU
|rated|
|rule|HP Percentage Mod: HP is shown in percentages
|rule|Endless Battle Clause: Forcing endless battles is banned
|rule|Species Clause: Limit one of each Pokémon
|rule|OHKO Clause: OHKO moves are banned
|rule|Evasion Items Clause: Evasion items are banned
|rule|Evasion Moves Clause: Evasion moves are banned
|rule|Sleep Moves Clause: Sleep-inducing moves are banned
|clearpoke
|poke|p1|Weezing-Galar, M|
|poke|p1|Iron Valiant|
|poke|p1|Rotom-Wash|
|poke|p1|Heatran, F|
|poke|p1|Landorus-Therian, M|
|poke|p1|Kingambit, F|
|poke|p2|Hydreigon, M|
|poke|p2|Exeggutor, M|
|poke|p2|Dragonite, F|
|poke|p2|Forretress, M|
|poke|p2|Trevenant, F|
|poke|p2|Muk-Alola, M|
|teampreview
|inactive|Battle timer is ON: inactive players will automatically lose when time's up. (requested by ChillLanturnYT)
|
|t:|1743790632
|start
|switch|p1a: Heatran|Heatran, F|100/100
|switch|p2a: Muk|Muk-Alola, M|100/100
|turn|1
|
|t:|1743790635
|move|p1a: Heatran|Taunt|p2a: Muk
|-start|p2a: Muk|move: Taunt
|move|p2a: Muk|Knock Off|p1a: Heatran
|-damage|p1a: Heatran|66/100
|-enditem|p1a: Heatran|Leftovers|[from] move: Knock Off|[of] p2a: Muk
|
|upkeep
|turn|2
|
|t:|1743790647
|move|p1a: Heatran|Magma Storm|p2a: Muk
|-damage|p2a: Muk|65/100
|-activate|p2a: Muk|move: Magma Storm|[of] p1a: Heatran
|move|p2a: Muk|Drain Punch|p1a: Heatran
|-supereffective|p1a: Heatran
|-damage|p1a: Heatran|33/100
|-heal|p2a: Muk|81/100|[from] drain|[of] p1a: Heatran
|
|-damage|p2a: Muk|69/100|[from] move: Magma Storm|[partiallytrapped]
|upkeep
|turn|3
|
|t:|1743790654
|switch|p1a: Weezing|Weezing-Galar, M|100/100
|move|p2a: Muk|Drain Punch|p1a: Weezing
|-resisted|p1a: Weezing
|-damage|p1a: Weezing|96/100
|-heal|p2a: Muk|70/100|[from] drain|[of] p1a: Weezing
|
|-heal|p1a: Weezing|100/100|[from] item: Black Sludge
|-end|p2a: Muk|Magma Storm|[partiallytrapped]|[silent]
|-end|p2a: Muk|move: Taunt
|upkeep
|turn|4
|
|t:|1743790665
|move|p1a: Weezing|Taunt|p2a: Muk
|-start|p2a: Muk|move: Taunt
|move|p2a: Muk|Knock Off|p1a: Weezing
|-resisted|p1a: Weezing
|-damage|p1a: Weezing|85/100
|-enditem|p1a: Weezing|Black Sludge|[from] move: Knock Off|[of] p2a: Muk
|
|upkeep
|turn|5
|
|t:|1743790673
|move|p1a: Weezing|Strange Steam|p2a: Muk
|-damage|p2a: Muk|47/100
|-start|p2a: Muk|confusion
|-enditem|p2a: Muk|Liechi Berry|[eat]
|-boost|p2a: Muk|atk|1|[from] item: Liechi Berry
|-activate|p2a: Muk|confusion
|move|p2a: Muk|Gunk Shot|p1a: Weezing|[miss]
|-miss|p2a: Muk|p1a: Weezing
|
|upkeep
|turn|6
|
|t:|1743790681
|switch|p1a: Kingambit|Kingambit, F|100/100
|-activate|p2a: Muk|confusion
|move|p2a: Muk|Gunk Shot|p1a: Kingambit
|-immune|p1a: Kingambit
|
|-end|p2a: Muk|move: Taunt
|upkeep
|turn|7
|
|t:|1743790684
|move|p1a: Kingambit|Swords Dance|p1a: Kingambit
|-boost|p1a: Kingambit|atk|2
|-end|p2a: Muk|confusion
|move|p2a: Muk|Drain Punch|p1a: Kingambit
|-supereffective|p1a: Kingambit
|-damage|p1a: Kingambit|0 fnt
|-heal|p2a: Muk|94/100|[from] drain|[of] p1a: Kingambit
|faint|p1a: Kingambit
|-end|p1a: Kingambit|fallenundefined|[silent]
|
|upkeep
|-message|AntyTheAnt forfeited.
|
|win|ChillLanturnYT
|raw|AntyTheAnt's rating: 1253 &rarr; <strong>1226</strong><br />(-27 for losing)
|raw|ChillLanturnYT's rating: 1232 &rarr; <strong>1259</strong><br />(+27 for winning)
|l|☆AntyTheAnt
|player|p1|
|l|☆ChillLanturnYT
|player|p2|
|j|☆ChillLanturnYT
|player|p2|ChillLanturnYT|palmer|
