|j|☆justliam
|j|☆asdfjklqwert
|t:|1743785295
|gametype|singles
|player|p1|justliam|170|1446
|player|p2|asdfjklqwert|winona|1402
|teamsize|p1|6
|teamsize|p2|6
|gen|9
|tier|[Gen 9] OU
|rated|
|rule|HP Percentage Mod: HP is shown in percentages
|rule|Endless Battle Clause: Forcing endless battles is banned
|rule|Species Clause: Limit one of each Pokémon
|rule|OHKO Clause: OHKO moves are banned
|rule|Evasion Items Clause: Evasion items are banned
|rule|Evasion Moves Clause: Evasion moves are banned
|rule|Sleep Moves Clause: Sleep-inducing moves are banned
|clearpoke
|poke|p1|Ogerpon-Wellspring, F|
|poke|p1|Gliscor, F|
|poke|p1|Gholdengo|
|poke|p1|Great Tusk|
|poke|p1|Darkrai|
|poke|p1|Clefable, F|
|poke|p2|Latios, M|
|poke|p2|Hydrapple, F|
|poke|p2|Tornadus-Therian, M|
|poke|p2|Weezing-Galar, F|
|poke|p2|Cinderace, F|
|poke|p2|Swampert, F|
|teampreview
|inactive|Battle timer is ON: inactive players will automatically lose when time's up. (requested by asdfjklqwert)
|inactive|justliam has 120 seconds left.
|inactive|justliam has 90 seconds left.
|
|t:|1743785382
|start
|switch|p1a: Gholdengo|Gholdengo|100/100
|switch|p2a: Latios|Latios, M|100/100
|turn|1
|
|t:|1743785390
|move|p2a: Latios|Flip Turn|p1a: Gholdengo
|-damage|p1a: Gholdengo|92/100
|-damage|p2a: Latios|84/100|[from] item: Rocky Helmet|[of] p1a: Gholdengo
|
|t:|1743785394
|switch|p2a: Tornadus|Tornadus-Therian, M|100/100|[from] Flip Turn
|move|p1a: Gholdengo|Thunder Wave|p2a: Tornadus|[miss]
|-miss|p1a: Gholdengo|p2a: Tornadus
|
|upkeep
|turn|2
|
|t:|1743785403
|switch|p2a: Swampert|Swampert, F|100/100
|move|p1a: Gholdengo|Thunder Wave|p2a: Swampert
|-immune|p2a: Swampert
|
|upkeep
|turn|3
|
|t:|1743785418
|switch|p1a: Gliscor|Gliscor, F|100/100
|move|p2a: Swampert|Stealth Rock|p1a: Gliscor
|-sidestart|p1: justliam|move: Stealth Rock
|
|-status|p1a: Gliscor|tox|[from] item: Toxic Orb
|upkeep
|turn|4
|
|t:|1743785424
|switch|p2a: Weezing|Weezing-Galar, F|100/100
|-ability|p2a: Weezing|Neutralizing Gas
|move|p1a: Gliscor|Knock Off|p2a: Weezing
|-resisted|p2a: Weezing
|-damage|p2a: Weezing|92/100
|-enditem|p2a: Weezing|Leftovers|[from] move: Knock Off|[of] p1a: Gliscor
|
|-damage|p1a: Gliscor|94/100 tox|[from] psn
|upkeep
|turn|5
|
|t:|1743785433
|move|p1a: Gliscor|Swords Dance|p1a: Gliscor
|-boost|p1a: Gliscor|atk|2
|move|p2a: Weezing|Strange Steam|p1a: Gliscor
|-damage|p1a: Gliscor|68/100 tox
|
|-damage|p1a: Gliscor|56/100 tox|[from] psn
|upkeep
|turn|6
|
|t:|1743785444
|move|p1a: Gliscor|Facade|p2a: Weezing
|-damage|p2a: Weezing|50/100
|move|p2a: Weezing|Strange Steam|p1a: Gliscor
|-damage|p1a: Gliscor|29/100 tox
|
|-damage|p1a: Gliscor|10/100 tox|[from] psn
|upkeep
|turn|7
|
|t:|1743785453
|move|p1a: Gliscor|Facade|p2a: Weezing
|-damage|p2a: Weezing|3/100
|move|p2a: Weezing|Strange Steam|p1a: Gliscor
|-damage|p1a: Gliscor|0 fnt
|faint|p1a: Gliscor
|
|upkeep
|
|t:|1743785462
|switch|p1a: Great Tusk|Great Tusk|100/100
|turn|8
|
|t:|1743785465
|-end|p2a: Weezing|ability: Neutralizing Gas
|switch|p2a: Hydrapple|Hydrapple, F|100/100
|move|p1a: Great Tusk|Rapid Spin|p2a: Hydrapple
|-damage|p2a: Hydrapple|87/100
|-boost|p1a: Great Tusk|spe|1
|-damage|p1a: Great Tusk|84/100|[from] item: Rocky Helmet|[of] p2a: Hydrapple
|-sideend|p1: justliam|Stealth Rock|[from] move: Rapid Spin|[of] p1a: Great Tusk
|
|upkeep
|turn|9
|l|☆asdfjklqwert
|inactive|asdfjklqwert disconnected and has a minute to reconnect!
|player|p2|
|j|☆asdfjklqwert
|inactive|asdfjklqwert reconnected and has 120 seconds left.
|player|p2|asdfjklqwert|winona|
|inactive|justliam has 120 seconds left.
|
|t:|1743785527
|move|p1a: Great Tusk|Ice Spinner|p2a: Hydrapple
|-supereffective|p2a: Hydrapple
|-damage|p2a: Hydrapple|7/100
|-damage|p1a: Great Tusk|68/100|[from] item: Rocky Helmet|[of] p2a: Hydrapple
|move|p2a: Hydrapple|Energy Ball|p1a: Great Tusk
|-supereffective|p1a: Great Tusk
|-damage|p1a: Great Tusk|0 fnt
|faint|p1a: Great Tusk
|-end|p1a: Great Tusk|Protosynthesis|[silent]
|
|upkeep
|
|t:|1743785551
|switch|p1a: Ogerpon|Ogerpon-Wellspring, F|100/100
|turn|10
|
|t:|1743785558
|switch|p2a: Weezing|Weezing-Galar, F|3/100
|-ability|p2a: Weezing|Neutralizing Gas
|move|p1a: Ogerpon|Ivy Cudgel|p2a: Weezing|[anim] Ivy Cudgel Water
|-damage|p2a: Weezing|0 fnt
|faint|p2a: Weezing
|-end|p2a: Weezing|ability: Neutralizing Gas
|
|upkeep
|
|t:|1743785564
|switch|p2a: Hydrapple|Hydrapple, F|41/100
|turn|11
|
|t:|1743785569
|move|p1a: Ogerpon|Play Rough|p2a: Hydrapple|[miss]
|-miss|p1a: Ogerpon|p2a: Hydrapple
|move|p2a: Hydrapple|Fickle Beam|p1a: Ogerpon
|-damage|p1a: Ogerpon|49/100
|
|upkeep
|turn|12
|
|t:|1743785574
|-terastallize|p2a: Hydrapple|Steel
|move|p1a: Ogerpon|Play Rough|p2a: Hydrapple
|-resisted|p2a: Hydrapple
|-crit|p2a: Hydrapple
|-damage|p2a: Hydrapple|22/100
|-damage|p1a: Ogerpon|32/100|[from] item: Rocky Helmet|[of] p2a: Hydrapple
|move|p2a: Hydrapple|Energy Ball|p1a: Ogerpon
|-damage|p1a: Ogerpon|0 fnt
|faint|p1a: Ogerpon
|
|upkeep
|
|t:|1743785582
|switch|p1a: Darkrai|Darkrai|100/100
|turn|13
|
|t:|1743785586
|switch|p2a: Tornadus|Tornadus-Therian, M|100/100
|move|p1a: Darkrai|Dark Pulse|p2a: Tornadus
|-damage|p2a: Tornadus|71/100
|
|upkeep
|turn|14
|
|t:|1743785592
|switch|p1a: Gholdengo|Gholdengo|92/100
|move|p2a: Tornadus|Bleakwind Storm|p1a: Gholdengo
|-resisted|p1a: Gholdengo
|-damage|p1a: Gholdengo|68/100
|
|upkeep
|turn|15
|
|t:|1743785603
|switch|p2a: Swampert|Swampert, F|100/100
|switch|p1a: Darkrai|Darkrai|100/100
|
|upkeep
|turn|16
|
|t:|1743785611
|move|p1a: Darkrai|Will-O-Wisp|p2a: Swampert|[miss]
|-miss|p1a: Darkrai|p2a: Swampert
|move|p2a: Swampert|Low Kick|p1a: Darkrai
|-supereffective|p1a: Darkrai
|-damage|p1a: Darkrai|24/100
|
|upkeep
|turn|17
|
|t:|1743785617
|switch|p2a: Cinderace|Cinderace, F|100/100
|move|p1a: Darkrai|Will-O-Wisp|p2a: Cinderace
|-immune|p2a: Cinderace
|
|upkeep
|turn|18
|
|t:|1743785620
|switch|p1a: Clefable|Clefable, F|100/100
|move|p2a: Cinderace|U-turn|p1a: Clefable
|-start|p2a: Cinderace|typechange|Bug|[from] ability: Libero
|-resisted|p1a: Clefable
|-damage|p1a: Clefable|87/100
|
|t:|1743785624
|switch|p2a: Latios|Latios, M|84/100|[from] U-turn
|
|-heal|p1a: Clefable|93/100|[from] item: Leftovers
|upkeep
|turn|19
|
|t:|1743785628
|move|p2a: Latios|Flip Turn|p1a: Clefable
|-damage|p1a: Clefable|84/100
|
|t:|1743785633
|switch|p2a: Cinderace|Cinderace, F|100/100|[from] Flip Turn
|move|p1a: Clefable|Moonblast|p2a: Cinderace
|-resisted|p2a: Cinderace
|-damage|p2a: Cinderace|77/100
|
|-heal|p1a: Clefable|90/100|[from] item: Leftovers
|upkeep
|turn|20
|
|t:|1743785639
|move|p2a: Cinderace|Pyro Ball|p1a: Clefable
|-damage|p1a: Clefable|46/100
|move|p1a: Clefable|Knock Off|p2a: Cinderace
|-damage|p2a: Cinderace|55/100
|-enditem|p2a: Cinderace|Heavy-Duty Boots|[from] move: Knock Off|[of] p1a: Clefable
|
|-heal|p1a: Clefable|52/100|[from] item: Leftovers
|upkeep
|turn|21
|
|t:|1743785646
|move|p2a: Cinderace|Pyro Ball|p1a: Clefable
|-damage|p1a: Clefable|7/100
|move|p1a: Clefable|Moonlight|p1a: Clefable
|-heal|p1a: Clefable|57/100
|
|-heal|p1a: Clefable|63/100|[from] item: Leftovers
|upkeep
|turn|22
|
|t:|1743785651
|move|p2a: Cinderace|Pyro Ball|p1a: Clefable|[miss]
|-miss|p2a: Cinderace|p1a: Clefable
|move|p1a: Clefable|Moonlight|p1a: Clefable
|-heal|p1a: Clefable|100/100
|
|upkeep
|turn|23
|
|t:|1743785661
|move|p2a: Cinderace|Pyro Ball|p1a: Clefable
|-damage|p1a: Clefable|54/100
|move|p1a: Clefable|Moonblast|p2a: Cinderace
|-resisted|p2a: Cinderace
|-damage|p2a: Cinderace|33/100
|
|-heal|p1a: Clefable|60/100|[from] item: Leftovers
|upkeep
|turn|24
|
|t:|1743785670
|move|p2a: Cinderace|Pyro Ball|p1a: Clefable
|-damage|p1a: Clefable|14/100
|move|p1a: Clefable|Moonlight|p1a: Clefable
|-heal|p1a: Clefable|64/100
|
|-heal|p1a: Clefable|70/100|[from] item: Leftovers
|upkeep
|turn|25
|
|t:|1743785676
|move|p2a: Cinderace|Pyro Ball|p1a: Clefable
|-damage|p1a: Clefable|27/100
|move|p1a: Clefable|Moonlight|p1a: Clefable
|-heal|p1a: Clefable|77/100
|
|-heal|p1a: Clefable|83/100|[from] item: Leftovers
|upkeep
|turn|26
|-message|justliam forfeited.
|
|win|asdfjklqwert
|raw|justliam's rating: 1446 &rarr; <strong>1423</strong><br />(-23 for losing)
|raw|asdfjklqwert's rating: 1402 &rarr; <strong>1425</strong><br />(+23 for winning)
|l|☆justliam
|player|p1|
|l|☆asdfjklqwert
|player|p2|
