|j|☆xAmethystx
|j|☆macicrack
|t:|1743794173
|gametype|singles
|player|p1|xAmethystx|miku-ground|1573
|player|p2|macicrack|hoopster|1555
|teamsize|p1|6
|teamsize|p2|6
|gen|9
|tier|[Gen 9] OU
|rated|
|rule|HP Percentage Mod: HP is shown in percentages
|rule|Endless Battle Clause: Forcing endless battles is banned
|rule|Species Clause: Limit one of each Pokémon
|rule|OHKO Clause: OHKO moves are banned
|rule|Evasion Items Clause: Evasion items are banned
|rule|Evasion Moves Clause: Evasion moves are banned
|rule|Sleep Moves Clause: Sleep-inducing moves are banned
|clearpoke
|poke|p1|Chandelure, F|
|poke|p1|Kingambit, F|
|poke|p1|Great Tusk|
|poke|p1|Corviknight, F|
|poke|p1|Rotom-Wash|
|poke|p1|Hatterene, F|
|poke|p2|Kyurem|
|poke|p2|Hatterene, F|
|poke|p2|Slowking-Galar, M|
|poke|p2|Corviknight, M|
|poke|p2|Garganacl, M|
|poke|p2|Zamazenta-*|
|teampreview
|
|t:|1743794211
|start
|switch|p1a: Great Tusk|Great Tusk|100/100
|switch|p2a: Kyurem|Kyurem|100/100
|-ability|p2a: Kyurem|Pressure
|turn|1
|
|t:|1743794226
|-end|p1a: Great Tusk|Protosynthesis|[silent]
|switch|p1a: Corviknight|Corviknight, F, shiny|100/100
|switch|p2a: Hatterene|Hatterene, F|100/100
|
|upkeep
|turn|2
|
|t:|1743794236
|move|p1a: Corviknight|U-turn|p2a: Hatterene
|-damage|p2a: Hatterene|88/100
|
|t:|1743794238
|switch|p1a: Kingambit|Kingambit, F|100/100|[from] U-turn
|move|p2a: Hatterene|Nuzzle|p1a: Kingambit
|-damage|p1a: Kingambit|98/100
|-status|p1a: Kingambit|par
|
|-heal|p2a: Hatterene|94/100|[from] item: Leftovers
|upkeep
|turn|3
|
|t:|1743794245
|switch|p2a: Corviknight|Corviknight, M|100/100
|-ability|p2a: Corviknight|Pressure
|-end|p1a: Kingambit|fallenundefined|[silent]
|switch|p1a: Rotom|Rotom-Wash|100/100
|
|upkeep
|turn|4
|
|t:|1743794251
|switch|p2a: Slowking|Slowking-Galar, M|100/100
|move|p1a: Rotom|Will-O-Wisp|p2a: Slowking
|-status|p2a: Slowking|brn
|
|-damage|p2a: Slowking|94/100 brn|[from] brn
|upkeep
|turn|5
|
|t:|1743794260
|move|p1a: Rotom|Protect|p1a: Rotom
|-singleturn|p1a: Rotom|Protect
|move|p2a: Slowking|Future Sight|p1a: Rotom
|-start|p2a: Slowking|move: Future Sight
|
|-damage|p2a: Slowking|88/100 brn|[from] brn
|upkeep
|turn|6
|
|t:|1743794267
|move|p1a: Rotom|Volt Switch|p2a: Slowking
|-damage|p2a: Slowking|74/100 brn
|
|t:|1743794271
|switch|p1a: Corviknight|Corviknight, F, shiny|100/100|[from] Volt Switch
|-prepare|p2a: Slowking|Chilly Reception|[premajor]
|move|p2a: Slowking|Chilly Reception|p2a: Slowking
|-weather|Snowscape
|
|t:|1743794288
|switch|p2a: Garganacl|Garganacl, M|100/100|[from] Chilly Reception
|
|-weather|Snowscape|[upkeep]
|upkeep
|turn|7
|
|t:|1743794297
|move|p1a: Corviknight|Brave Bird|p2a: Garganacl
|-resisted|p2a: Garganacl
|-damage|p2a: Garganacl|88/100
|-damage|p1a: Corviknight|96/100|[from] Recoil
|move|p2a: Garganacl|Salt Cure|p1a: Corviknight
|-damage|p1a: Corviknight|86/100
|-start|p1a: Corviknight|Salt Cure
|
|-weather|Snowscape|[upkeep]
|-end|p1a: Corviknight|move: Future Sight
|-resisted|p1a: Corviknight
|-damage|p1a: Corviknight|71/100
|-heal|p1a: Corviknight|77/100|[from] item: Leftovers
|-heal|p2a: Garganacl|94/100|[from] item: Leftovers
|-damage|p1a: Corviknight|52/100|[from] Salt Cure
|upkeep
|turn|8
|
|t:|1743794310
|move|p1a: Corviknight|U-turn|p2a: Garganacl
|-damage|p2a: Garganacl|84/100
|
|t:|1743794313
|switch|p1a: Great Tusk|Great Tusk|100/100|[from] U-turn
|move|p2a: Garganacl|Stealth Rock|p1a: Great Tusk
|-sidestart|p1: xAmethystx|move: Stealth Rock
|
|-weather|Snowscape|[upkeep]
|-heal|p2a: Garganacl|90/100|[from] item: Leftovers
|upkeep
|turn|9
|
|t:|1743794319
|switch|p2a: Corviknight|Corviknight, M|100/100
|-ability|p2a: Corviknight|Pressure
|move|p1a: Great Tusk|Supercell Slam|p2a: Corviknight
|-supereffective|p2a: Corviknight
|-damage|p2a: Corviknight|39/100
|-damage|p1a: Great Tusk|84/100|[from] item: Rocky Helmet|[of] p2a: Corviknight
|
|-weather|Snowscape|[upkeep]
|upkeep
|turn|10
|
|t:|1743794329
|switch|p2a: Hatterene|Hatterene, F|94/100
|move|p1a: Great Tusk|Supercell Slam|p2a: Hatterene
|-damage|p2a: Hatterene|51/100
|
|-weather|none
|-heal|p2a: Hatterene|57/100|[from] item: Leftovers
|upkeep
|turn|11
|
|t:|1743794338
|-end|p1a: Great Tusk|Protosynthesis|[silent]
|switch|p1a: Kingambit|Kingambit, F|98/100 par
|-damage|p1a: Kingambit|92/100 par|[from] Stealth Rock
|move|p2a: Hatterene|Dazzling Gleam|p1a: Kingambit
|-damage|p1a: Kingambit|71/100 par
|
|-heal|p2a: Hatterene|63/100|[from] item: Leftovers
|upkeep
|turn|12
|
|t:|1743794348
|switch|p2a: Corviknight|Corviknight, M|39/100
|-ability|p2a: Corviknight|Pressure
|-end|p1a: Kingambit|fallenundefined|[silent]
|switch|p1a: Corviknight|Corviknight, F, shiny|52/100
|-damage|p1a: Corviknight|39/100|[from] Stealth Rock
|
|-heal|p1a: Corviknight|46/100|[from] item: Leftovers
|upkeep
|turn|13
|
|t:|1743794358
|move|p2a: Corviknight|Roost|p2a: Corviknight
|-heal|p2a: Corviknight|89/100
|-singleturn|p2a: Corviknight|move: Roost
|move|p1a: Corviknight|Defog|p2a: Corviknight
|-unboost|p2a: Corviknight|evasion|1
|-sideend|p1: xAmethystx|Stealth Rock|[from] move: Defog|[of] p1a: Corviknight
|
|-heal|p1a: Corviknight|52/100|[from] item: Leftovers
|upkeep
|turn|14
|
|t:|1743794370
|move|p2a: Corviknight|Body Press|p1a: Corviknight
|-damage|p1a: Corviknight|32/100
|move|p1a: Corviknight|Roost|p1a: Corviknight
|-heal|p1a: Corviknight|82/100
|-singleturn|p1a: Corviknight|move: Roost
|
|-heal|p1a: Corviknight|88/100|[from] item: Leftovers
|upkeep
|turn|15
|
|t:|1743794375
|move|p2a: Corviknight|Body Press|p1a: Corviknight
|-damage|p1a: Corviknight|67/100
|move|p1a: Corviknight|U-turn|p2a: Corviknight
|-resisted|p2a: Corviknight
|-damage|p2a: Corviknight|87/100
|-damage|p1a: Corviknight|51/100|[from] item: Rocky Helmet|[of] p2a: Corviknight
|
|t:|1743794382
|switch|p1a: Chandelure|Chandelure, F|100/100|[from] U-turn
|
|upkeep
|turn|16
|
|t:|1743794397
|switch|p2a: Garganacl|Garganacl, M|90/100
|move|p1a: Chandelure|Trick|p2a: Garganacl
|-activate|p1a: Chandelure|move: Trick|[of] p2a: Garganacl
|-item|p2a: Garganacl|Choice Scarf|[from] move: Trick
|-item|p1a: Chandelure|Leftovers|[from] move: Trick
|
|upkeep
|turn|17
|
|t:|1743794404
|switch|p1a: Great Tusk|Great Tusk|84/100
|move|p2a: Garganacl|Salt Cure|p1a: Great Tusk
|-resisted|p1a: Great Tusk
|-damage|p1a: Great Tusk|82/100
|-start|p1a: Great Tusk|Salt Cure
|
|-damage|p1a: Great Tusk|70/100|[from] Salt Cure
|upkeep
|turn|18
|
|t:|1743794419
|switch|p2a: Corviknight|Corviknight, M|87/100
|-ability|p2a: Corviknight|Pressure
|move|p1a: Great Tusk|Close Combat|p2a: Corviknight
|-damage|p2a: Corviknight|30/100
|-unboost|p1a: Great Tusk|def|1
|-unboost|p1a: Great Tusk|spd|1
|-damage|p1a: Great Tusk|53/100|[from] item: Rocky Helmet|[of] p2a: Corviknight
|
|-damage|p1a: Great Tusk|41/100|[from] Salt Cure
|upkeep
|turn|19
|
|t:|1743794440
|move|p1a: Great Tusk|Close Combat|p2a: Corviknight
|-damage|p2a: Corviknight|0 fnt
|-unboost|p1a: Great Tusk|def|1
|-unboost|p1a: Great Tusk|spd|1
|-damage|p1a: Great Tusk|24/100|[from] item: Rocky Helmet|[of] p2a: Corviknight
|faint|p2a: Corviknight
|
|-damage|p1a: Great Tusk|12/100|[from] Salt Cure
|upkeep
|
|t:|1743794462
|switch|p2a: Zamazenta|Zamazenta|100/100
|-ability|p2a: Zamazenta|Dauntless Shield|boost
|-boost|p2a: Zamazenta|def|1
|turn|20
|
|t:|1743794474
|-end|p1a: Great Tusk|Protosynthesis|[silent]
|switch|p1a: Rotom|Rotom-Wash|100/100
|move|p2a: Zamazenta|Howl|p2a: Zamazenta
|-boost|p2a: Zamazenta|atk|1
|
|upkeep
|turn|21
|
|t:|1743794482
|-terastallize|p2a: Zamazenta|Fire
|move|p2a: Zamazenta|Howl|p2a: Zamazenta
|-boost|p2a: Zamazenta|atk|1
|move|p1a: Rotom|Will-O-Wisp|p2a: Zamazenta
|-immune|p2a: Zamazenta
|
|upkeep
|turn|22
|
|t:|1743794487
|move|p2a: Zamazenta|Close Combat|p1a: Rotom
|-damage|p1a: Rotom|13/100
|-unboost|p2a: Zamazenta|def|1
|-unboost|p2a: Zamazenta|spd|1
|move|p1a: Rotom|Hydro Pump|p2a: Zamazenta
|-supereffective|p2a: Zamazenta
|-crit|p2a: Zamazenta
|-damage|p2a: Zamazenta|0 fnt
|faint|p2a: Zamazenta
|
|-heal|p1a: Rotom|19/100|[from] item: Leftovers
|upkeep
|
|t:|1743794491
|switch|p2a: Kyurem|Kyurem|100/100
|-ability|p2a: Kyurem|Pressure
|turn|23
|
|t:|1743794498
|move|p2a: Kyurem|Icicle Spear|p1a: Rotom
|-resisted|p1a: Rotom
|-damage|p1a: Rotom|13/100
|-resisted|p1a: Rotom
|-damage|p1a: Rotom|7/100
|-resisted|p1a: Rotom
|-damage|p1a: Rotom|2/100
|-resisted|p1a: Rotom
|-crit|p1a: Rotom
|-damage|p1a: Rotom|0 fnt
|faint|p1a: Rotom
|-hitcount|p1: Rotom|4
|
|upkeep
|
|t:|1743794509
|switch|p1a: Hatterene|Hatterene, F|100/100
|turn|24
|
|t:|1743794523
|switch|p2a: Garganacl|Garganacl, M|90/100
|move|p1a: Hatterene|Calm Mind|p1a: Hatterene
|-boost|p1a: Hatterene|spa|1
|-boost|p1a: Hatterene|spd|1
|
|upkeep
|turn|25
|
|t:|1743794529
|move|p2a: Garganacl|Salt Cure|p1a: Hatterene
|-damage|p1a: Hatterene|91/100
|-start|p1a: Hatterene|Salt Cure
|move|p1a: Hatterene|Calm Mind|p1a: Hatterene
|-boost|p1a: Hatterene|spa|1
|-boost|p1a: Hatterene|spd|1
|
|-heal|p1a: Hatterene|97/100|[from] item: Leftovers
|-damage|p1a: Hatterene|84/100|[from] Salt Cure
|upkeep
|turn|26
|
|t:|1743794534
|switch|p2a: Slowking|Slowking-Galar, M|100/100 brn
|move|p1a: Hatterene|Draining Kiss|p2a: Slowking
|-resisted|p2a: Slowking
|-damage|p2a: Slowking|86/100 brn
|-heal|p1a: Hatterene|98/100|[from] drain|[of] p2a: Slowking
|
|-heal|p1a: Hatterene|100/100|[from] item: Leftovers
|-damage|p2a: Slowking|80/100 brn|[from] brn
|-damage|p1a: Hatterene|88/100|[from] Salt Cure
|upkeep
|turn|27
|
|t:|1743794545
|move|p1a: Hatterene|Psyshock|p2a: Slowking
|-damage|p2a: Slowking|2/100 brn
|-prepare|p2a: Slowking|Chilly Reception|[premajor]
|move|p2a: Slowking|Chilly Reception|p2a: Slowking
|-weather|Snowscape
|
|t:|1743794556
|switch|p2a: Kyurem|Kyurem|100/100|[from] Chilly Reception
|-ability|p2a: Kyurem|Pressure
|
|-weather|Snowscape|[upkeep]
|-heal|p1a: Hatterene|94/100|[from] item: Leftovers
|-damage|p1a: Hatterene|82/100|[from] Salt Cure
|upkeep
|turn|28
|
|t:|1743794563
|switch|p2a: Slowking|Slowking-Galar, M|35/100 brn
|move|p1a: Hatterene|Draining Kiss|p2a: Slowking
|-resisted|p2a: Slowking
|-damage|p2a: Slowking|22/100 brn
|-heal|p1a: Hatterene|94/100|[from] drain|[of] p2a: Slowking
|
|-weather|Snowscape|[upkeep]
|-heal|p1a: Hatterene|99/100|[from] item: Leftovers
|-damage|p2a: Slowking|15/100 brn|[from] brn
|-damage|p1a: Hatterene|88/100|[from] Salt Cure
|upkeep
|turn|29
|
|t:|1743794568
|move|p1a: Hatterene|Psyshock|p2a: Slowking
|-damage|p2a: Slowking|0 fnt
|faint|p2a: Slowking
|
|-weather|Snowscape|[upkeep]
|-heal|p1a: Hatterene|94/100|[from] item: Leftovers
|-damage|p1a: Hatterene|82/100|[from] Salt Cure
|upkeep
|
|t:|1743794571
|switch|p2a: Kyurem|Kyurem|100/100
|-ability|p2a: Kyurem|Pressure
|turn|30
|
|t:|1743794579
|-terastallize|p1a: Hatterene|Steel
|move|p2a: Kyurem|Icicle Spear|p1a: Hatterene
|-resisted|p1a: Hatterene
|-damage|p1a: Hatterene|75/100
|-resisted|p1a: Hatterene
|-damage|p1a: Hatterene|70/100
|-resisted|p1a: Hatterene
|-damage|p1a: Hatterene|64/100
|-resisted|p1a: Hatterene
|-damage|p1a: Hatterene|58/100
|-resisted|p1a: Hatterene
|-damage|p1a: Hatterene|51/100
|-hitcount|p1a: Hatterene|5
|move|p1a: Hatterene|Draining Kiss|p2a: Kyurem
|-supereffective|p2a: Kyurem
|-damage|p2a: Kyurem|10/100
|-heal|p1a: Hatterene|100/100|[from] drain|[of] p2a: Kyurem
|
|-weather|Snowscape|[upkeep]
|-damage|p1a: Hatterene|76/100|[from] Salt Cure
|upkeep
|turn|31
|
|t:|1743794587
|move|p2a: Kyurem|Icicle Spear|p1a: Hatterene
|-resisted|p1a: Hatterene
|-damage|p1a: Hatterene|70/100
|-resisted|p1a: Hatterene
|-damage|p1a: Hatterene|64/100
|-resisted|p1a: Hatterene
|-damage|p1a: Hatterene|57/100
|-resisted|p1a: Hatterene
|-damage|p1a: Hatterene|52/100
|-hitcount|p1a: Hatterene|4
|move|p1a: Hatterene|Draining Kiss|p2a: Kyurem
|-supereffective|p2a: Kyurem
|-damage|p2a: Kyurem|0 fnt
|-heal|p1a: Hatterene|61/100|[from] drain|[of] p2a: Kyurem
|faint|p2a: Kyurem
|
|-weather|none
|-heal|p1a: Hatterene|67/100|[from] item: Leftovers
|-damage|p1a: Hatterene|42/100|[from] Salt Cure
|upkeep
|-message|macicrack forfeited.
|
|win|xAmethystx
|raw|xAmethystx's rating: 1573 &rarr; <strong>1592</strong><br />(+19 for winning)
|raw|macicrack's rating: 1555 &rarr; <strong>1536</strong><br />(-19 for losing)
|l|☆macicrack
|player|p2|
|l|☆xAmethystx
|player|p1|
