|j|☆Avenged7mold
|j|☆ian_yo
|t:|1743807521
|gametype|singles
|player|p1|Avenged7mold|iris-gen5bw2|1471
|player|p2|ian_yo|skier|1462
|teamsize|p1|6
|teamsize|p2|6
|gen|9
|tier|[Gen 9] OU
|rated|
|rule|HP Percentage Mod: HP is shown in percentages
|rule|Endless Battle Clause: Forcing endless battles is banned
|rule|Species Clause: Limit one of each Pokémon
|rule|OHKO Clause: OHKO moves are banned
|rule|Evasion Items Clause: Evasion items are banned
|rule|Evasion Moves Clause: Evasion moves are banned
|rule|Sleep Moves Clause: Sleep-inducing moves are banned
|clearpoke
|poke|p1|Kyurem|
|poke|p1|Corviknight, F|
|poke|p1|Ting-Lu|
|poke|p1|Tinkaton, F|
|poke|p1|Sinistcha|
|poke|p1|Keldeo-Resolute|
|poke|p2|Torkoal, M|
|poke|p2|Klefki, F|
|poke|p2|Hatterene, F|
|poke|p2|Cresselia, F|
|poke|p2|Rabsca, M|
|poke|p2|Toedscruel, F|
|teampreview
|inactive|Battle timer is ON: inactive players will automatically lose when time's up. (requested by ian_yo)
|
|t:|1743807538
|start
|switch|p1a: Sinistcha|Sinistcha|100/100
|switch|p2a: Klefki|Klefki, F|100/100
|turn|1
|
|t:|1743807540
|move|p1a: Sinistcha|Calm Mind|p1a: Sinistcha
|-boost|p1a: Sinistcha|spa|1
|-boost|p1a: Sinistcha|spd|1
|move|p2a: Klefki|Trick Room|p2a: Klefki
|-fieldstart|move: Trick Room|[of] p2a: Klefki
|
|upkeep
|turn|2
|
|t:|1743807542
|move|p2a: Klefki|Calm Mind|p2a: Klefki
|-boost|p2a: Klefki|spa|1
|-boost|p2a: Klefki|spd|1
|move|p1a: Sinistcha|Calm Mind|p1a: Sinistcha
|-boost|p1a: Sinistcha|spa|1
|-boost|p1a: Sinistcha|spd|1
|
|upkeep
|turn|3
|
|t:|1743807549
|switch|p1a: Ting-Lu|Ting-Lu|100/100
|-ability|p1a: Ting-Lu|Vessel of Ruin
|move|p2a: Klefki|Calm Mind|p2a: Klefki
|-boost|p2a: Klefki|spa|1
|-boost|p2a: Klefki|spd|1
|
|upkeep
|turn|4
|
|t:|1743807558
|move|p2a: Klefki|Steel Beam|p1a: Ting-Lu
|-damage|p1a: Ting-Lu|47/100
|-damage|p2a: Klefki|50/100|[from] steelbeam
|move|p1a: Ting-Lu|Whirlwind|p2a: Klefki
|drag|p2a: Hatterene|Hatterene, F|100/100
|
|-heal|p1a: Ting-Lu|53/100|[from] item: Leftovers
|upkeep
|turn|5
|
|t:|1743807562
|move|p2a: Hatterene|Dazzling Gleam|p1a: Ting-Lu
|-supereffective|p1a: Ting-Lu
|-damage|p1a: Ting-Lu|12/100
|move|p1a: Ting-Lu|Earthquake|p2a: Hatterene
|-damage|p2a: Hatterene|60/100
|
|-heal|p1a: Ting-Lu|18/100|[from] item: Leftovers
|-fieldend|move: Trick Room
|upkeep
|turn|6
|
|t:|1743807575
|switch|p1a: Tinkaton|Tinkaton, F|100/100
|-item|p1a: Tinkaton|Air Balloon
|move|p2a: Hatterene|Trick Room|p2a: Hatterene
|-fieldstart|move: Trick Room|[of] p2a: Hatterene
|
|upkeep
|turn|7
|
|t:|1743807577
|move|p2a: Hatterene|Healing Wish|p2a: Hatterene
|faint|p2a: Hatterene
|move|p1a: Tinkaton|Gigaton Hammer|p2: Hatterene|[notarget]
|-fail|p1a: Tinkaton
|
|upkeep
|
|t:|1743807579
|switch|p2a: Torkoal|Torkoal, M|100/100
|-weather|SunnyDay|[from] ability: Drought|[of] p2a: Torkoal
|turn|8
|
|t:|1743807587
|switch|p1a: Keldeo|Keldeo-Resolute|100/100
|-terastallize|p2a: Torkoal|Fire
|move|p2a: Torkoal|Eruption|p1a: Keldeo
|-resisted|p1a: Keldeo
|-damage|p1a: Keldeo|0 fnt
|faint|p1a: Keldeo
|
|-weather|SunnyDay|[upkeep]
|upkeep
|
|t:|1743807592
|switch|p1a: Sinistcha|Sinistcha|100/100
|turn|9
|
|t:|1743807602
|-terastallize|p1a: Sinistcha|Water
|move|p2a: Torkoal|Eruption|p1a: Sinistcha
|-resisted|p1a: Sinistcha
|-damage|p1a: Sinistcha|46/100
|move|p1a: Sinistcha|Hex|p2a: Torkoal
|-damage|p2a: Torkoal|64/100
|
|-weather|SunnyDay|[upkeep]
|upkeep
|turn|10
|
|t:|1743807606
|switch|p2a: Toedscruel|Toedscruel, F|100/100
|move|p1a: Sinistcha|Hex|p2a: Toedscruel
|-damage|p2a: Toedscruel|78/100
|
|-weather|SunnyDay|[upkeep]
|-fieldend|move: Trick Room
|upkeep
|turn|11
|
|t:|1743807611
|switch|p1a: Kyurem|Kyurem|100/100
|-ability|p1a: Kyurem|Pressure
|move|p2a: Toedscruel|Trick Room|p2a: Toedscruel
|-fieldstart|move: Trick Room|[of] p2a: Toedscruel
|
|-weather|SunnyDay|[upkeep]
|upkeep
|turn|12
|
|t:|1743807614
|move|p2a: Toedscruel|Leaf Storm|p1a: Kyurem
|-resisted|p1a: Kyurem
|-damage|p1a: Kyurem|83/100
|-unboost|p2a: Toedscruel|spa|2
|-enditem|p2a: Toedscruel|Eject Pack
|
|t:|1743807617
|switch|p2a: Klefki|Klefki, F|50/100
|-heal|p2a: Klefki|100/100|[from] move: Healing Wish
|move|p1a: Kyurem|Freeze-Dry|p2a: Klefki
|-resisted|p2a: Klefki
|-damage|p2a: Klefki|81/100
|
|-weather|none
|-heal|p1a: Kyurem|89/100|[from] item: Leftovers
|upkeep
|turn|13
|
|t:|1743807622
|switch|p1a: Tinkaton|Tinkaton, F|100/100
|-item|p1a: Tinkaton|Air Balloon
|move|p2a: Klefki|Steel Beam|p1a: Tinkaton
|-damage|p1a: Tinkaton|52/100
|-enditem|p1a: Tinkaton|Air Balloon
|-damage|p2a: Klefki|31/100|[from] steelbeam
|
|upkeep
|turn|14
|
|t:|1743807637
|move|p2a: Klefki|Spikes|p1a: Tinkaton
|-sidestart|p1: Avenged7mold|Spikes
|move|p1a: Tinkaton|Stealth Rock|p2a: Klefki
|-sidestart|p2: ian_yo|move: Stealth Rock
|
|upkeep
|turn|15
|
|t:|1743807641
|move|p2a: Klefki|Steel Beam|p1a: Tinkaton
|-damage|p1a: Tinkaton|0 fnt
|-damage|p2a: Klefki|0 fnt|[from] steelbeam
|faint|p2a: Klefki
|faint|p1a: Tinkaton
|
|-fieldend|move: Trick Room
|upkeep
|
|t:|1743807648
|switch|p1a: Kyurem|Kyurem|89/100
|switch|p2a: Toedscruel|Toedscruel, F|78/100
|-damage|p1a: Kyurem|77/100|[from] Spikes
|-ability|p1a: Kyurem|Pressure
|-damage|p2a: Toedscruel|72/100|[from] Stealth Rock
|turn|16
|
|t:|1743807654
|switch|p2a: Cresselia|Cresselia, F|100/100
|-damage|p2a: Cresselia|88/100|[from] Stealth Rock
|move|p1a: Kyurem|Freeze-Dry|p2a: Cresselia
|-damage|p2a: Cresselia|70/100
|
|-heal|p1a: Kyurem|83/100|[from] item: Leftovers
|upkeep
|turn|17
|
|t:|1743807656
|move|p1a: Kyurem|Substitute|p1a: Kyurem
|-start|p1a: Kyurem|Substitute
|-damage|p1a: Kyurem|58/100
|move|p2a: Cresselia|Trick Room|p2a: Cresselia
|-fieldstart|move: Trick Room|[of] p2a: Cresselia
|
|-heal|p1a: Kyurem|64/100|[from] item: Leftovers
|upkeep
|turn|18
|
|t:|1743807659
|move|p2a: Cresselia|Moonblast|p1a: Kyurem
|-supereffective|p1a: Kyurem
|-end|p1a: Kyurem|Substitute
|move|p1a: Kyurem|Freeze-Dry|p2a: Cresselia
|-damage|p2a: Cresselia|54/100
|
|-heal|p1a: Kyurem|70/100|[from] item: Leftovers
|upkeep
|turn|19
|
|t:|1743807666
|switch|p1a: Corviknight|Corviknight, F|100/100
|-ability|p1a: Corviknight|Pressure
|move|p2a: Cresselia|Moonblast|p1a: Corviknight
|-resisted|p1a: Corviknight
|-damage|p1a: Corviknight|92/100
|
|upkeep
|turn|20
|
|t:|1743807668
|switch|p2a: Toedscruel|Toedscruel, F|72/100
|-damage|p2a: Toedscruel|66/100|[from] Stealth Rock
|move|p1a: Corviknight|Iron Defense|p1a: Corviknight
|-boost|p1a: Corviknight|def|2
|
|upkeep
|turn|21
|
|t:|1743807673
|move|p1a: Corviknight|Body Press|p2a: Toedscruel
|-damage|p2a: Toedscruel|21/100
|move|p2a: Toedscruel|Rapid Spin|p1a: Corviknight
|-resisted|p1a: Corviknight
|-damage|p1a: Corviknight|91/100
|-boost|p2a: Toedscruel|spe|1
|-damage|p2a: Toedscruel|5/100|[from] item: Rocky Helmet|[of] p1a: Corviknight
|-sideend|p2: ian_yo|Stealth Rock|[from] move: Rapid Spin|[of] p2a: Toedscruel
|
|-fieldend|move: Trick Room
|upkeep
|turn|22
|
|t:|1743807677
|move|p1a: Corviknight|Iron Defense|p1a: Corviknight
|-boost|p1a: Corviknight|def|2
|move|p2a: Toedscruel|Trick Room|p2a: Toedscruel
|-fieldstart|move: Trick Room|[of] p2a: Toedscruel
|
|upkeep
|turn|23
|
|t:|1743807683
|switch|p2a: Cresselia|Cresselia, F|54/100
|move|p1a: Corviknight|Body Press|p2a: Cresselia
|-resisted|p2a: Cresselia
|-damage|p2a: Cresselia|25/100
|
|upkeep
|turn|24
|
|t:|1743807685
|move|p2a: Cresselia|Lunar Dance|p2a: Cresselia
|faint|p2a: Cresselia
|move|p1a: Corviknight|Body Press|p2: Cresselia|[notarget]
|-fail|p1a: Corviknight
|
|upkeep
|
|t:|1743807687
|switch|p2a: Torkoal|Torkoal, M, tera:Fire|64/100
|-heal|p2a: Torkoal|100/100|[from] move: Lunar Dance
|-weather|SunnyDay|[from] ability: Drought|[of] p2a: Torkoal
|turn|25
|
|t:|1743807697
|switch|p1a: Ting-Lu|Ting-Lu|18/100
|-damage|p1a: Ting-Lu|5/100|[from] Spikes
|-ability|p1a: Ting-Lu|Vessel of Ruin
|move|p2a: Torkoal|Eruption|p1a: Ting-Lu
|-damage|p1a: Ting-Lu|0 fnt
|faint|p1a: Ting-Lu
|
|-weather|SunnyDay|[upkeep]
|upkeep
|
|t:|1743807714
|switch|p1a: Sinistcha|Sinistcha, tera:Water|46/100
|turn|26
|
|t:|1743807723
|move|p2a: Torkoal|Eruption|p1a: Sinistcha
|-resisted|p1a: Sinistcha
|-damage|p1a: Sinistcha|0 fnt
|faint|p1a: Sinistcha
|
|-weather|SunnyDay|[upkeep]
|-fieldend|move: Trick Room
|upkeep
|
|t:|1743807726
|switch|p1a: Kyurem|Kyurem|70/100
|-damage|p1a: Kyurem|58/100|[from] Spikes
|-ability|p1a: Kyurem|Pressure
|turn|27
|
|t:|1743807728
|switch|p2a: Toedscruel|Toedscruel, F|5/100
|move|p1a: Kyurem|Earth Power|p2a: Toedscruel
|-resisted|p2a: Toedscruel
|-damage|p2a: Toedscruel|0 fnt
|faint|p2a: Toedscruel
|
|-weather|SunnyDay|[upkeep]
|-heal|p1a: Kyurem|64/100|[from] item: Leftovers
|upkeep
|
|t:|1743807729
|switch|p2a: Rabsca|Rabsca, M|100/100
|turn|28
|
|t:|1743807732
|move|p1a: Kyurem|Substitute|p1a: Kyurem
|-start|p1a: Kyurem|Substitute
|-damage|p1a: Kyurem|39/100
|move|p2a: Rabsca|Trick Room|p2a: Rabsca
|-fieldstart|move: Trick Room|[of] p2a: Rabsca
|
|-weather|SunnyDay|[upkeep]
|-heal|p1a: Kyurem|45/100|[from] item: Leftovers
|upkeep
|turn|29
|
|t:|1743807735
|move|p2a: Rabsca|Bug Buzz|p1a: Kyurem
|-damage|p1a: Kyurem|15/100
|move|p1a: Kyurem|Freeze-Dry|p2a: Rabsca
|-damage|p2a: Rabsca|67/100
|
|-weather|none
|-heal|p1a: Kyurem|21/100|[from] item: Leftovers
|upkeep
|turn|30
|
|t:|1743807738
|switch|p1a: Corviknight|Corviknight, F|91/100
|-ability|p1a: Corviknight|Pressure
|move|p2a: Rabsca|Bug Buzz|p1a: Corviknight
|-resisted|p1a: Corviknight
|-damage|p1a: Corviknight|83/100
|
|upkeep
|turn|31
|
|t:|1743807740
|move|p2a: Rabsca|Memento|p1a: Corviknight
|-unboost|p1a: Corviknight|atk|2
|-unboost|p1a: Corviknight|spa|2
|faint|p2a: Rabsca
|move|p1a: Corviknight|U-turn|p2: Rabsca|[notarget]
|-fail|p1a: Corviknight
|
|upkeep
|
|t:|1743807742
|switch|p2a: Torkoal|Torkoal, M, tera:Fire|100/100
|-weather|SunnyDay|[from] ability: Drought|[of] p2a: Torkoal
|turn|32
|
|t:|1743807746
|move|p2a: Torkoal|Weather Ball|p1a: Corviknight
|-supereffective|p1a: Corviknight
|-damage|p1a: Corviknight|0 fnt
|faint|p1a: Corviknight
|
|-weather|SunnyDay|[upkeep]
|-fieldend|move: Trick Room
|upkeep
|
|t:|1743807747
|switch|p1a: Kyurem|Kyurem|21/100
|-damage|p1a: Kyurem|8/100|[from] Spikes
|-ability|p1a: Kyurem|Pressure
|turn|33
|
|t:|1743807748
|move|p1a: Kyurem|Earth Power|p2a: Torkoal
|-supereffective|p2a: Torkoal
|-damage|p2a: Torkoal|26/100
|move|p2a: Torkoal|Weather Ball|p1a: Kyurem
|-damage|p1a: Kyurem|0 fnt
|faint|p1a: Kyurem
|
|win|ian_yo
|raw|Avenged7mold's rating: 1471 &rarr; <strong>1453</strong><br />(-18 for losing)
|raw|ian_yo's rating: 1503 &rarr; <strong>1521</strong><br />(+18 for winning)
|l|☆Avenged7mold
|player|p1|
|c|☆ian_yo|gg
|l|☆ian_yo
|player|p2|
