|j|☆Sketch Hero
|j|☆sarl7
|t:|1743798153
|gametype|singles
|player|p1|Sketch Hero|acetrainer-gen4dp|1400
|player|p2|sarl7|saturn|1365
|teamsize|p1|6
|teamsize|p2|6
|gen|9
|tier|[Gen 9] OU
|rated|
|rule|HP Percentage Mod: HP is shown in percentages
|rule|Endless Battle Clause: Forcing endless battles is banned
|rule|Species Clause: Limit one of each Pokémon
|rule|OHKO Clause: OHKO moves are banned
|rule|Evasion Items Clause: Evasion items are banned
|rule|Evasion Moves Clause: Evasion moves are banned
|rule|Sleep Moves Clause: Sleep-inducing moves are banned
|clearpoke
|poke|p1|Galvantula, M|
|poke|p1|Gholdengo|
|poke|p1|Walking Wake|
|poke|p1|Kingambit, M|
|poke|p1|Great Tusk|
|poke|p1|Zamazenta-*|
|poke|p2|Infernape, F|
|poke|p2|Spiritomb, M|
|poke|p2|Ting-Lu|
|poke|p2|Quaquaval, M|
|poke|p2|Dragapult, M|
|poke|p2|Iron Moth|
|teampreview
|c|☆Sketch Hero|glhf
|
|t:|1743798160
|start
|switch|p1a: Zappy Boi|Galvantula, M|100/100
|switch|p2a: Ting-Lu|Ting-Lu|100/100
|-ability|p2a: Ting-Lu|Vessel of Ruin
|turn|1
|
|t:|1743798168
|move|p1a: Zappy Boi|Sticky Web|p2a: Ting-Lu
|-sidestart|p2: sarl7|move: Sticky Web
|move|p2a: Ting-Lu|Stealth Rock|p1a: Zappy Boi
|-sidestart|p1: Sketch Hero|move: Stealth Rock
|
|upkeep
|turn|2
|
|t:|1743798172
|move|p1a: Zappy Boi|Bug Buzz|p2a: Ting-Lu
|-supereffective|p2a: Ting-Lu
|-damage|p2a: Ting-Lu|71/100
|move|p2a: Ting-Lu|Earthquake|p1a: Zappy Boi
|-damage|p1a: Zappy Boi|30/100
|
|-heal|p2a: Ting-Lu|77/100|[from] item: Leftovers
|upkeep
|turn|3
|
|t:|1743798179
|move|p1a: Zappy Boi|Bug Buzz|p2a: Ting-Lu
|-supereffective|p2a: Ting-Lu
|-damage|p2a: Ting-Lu|47/100
|move|p2a: Ting-Lu|Earthquake|p1a: Zappy Boi
|-crit|p1a: Zappy Boi
|-damage|p1a: Zappy Boi|0 fnt
|faint|p1a: Zappy Boi
|
|-heal|p2a: Ting-Lu|53/100|[from] item: Leftovers
|upkeep
|
|t:|1743798187
|switch|p1a: Great Tusk|Great Tusk|100/100
|turn|4
|
|t:|1743798194
|switch|p2a: Spiritomb|Spiritomb, M|100/100
|-activate|p2a: Spiritomb|move: Sticky Web
|-unboost|p2a: Spiritomb|spe|1
|-ability|p2a: Spiritomb|Pressure
|move|p1a: Great Tusk|Rapid Spin|p2a: Spiritomb
|-immune|p2a: Spiritomb
|
|upkeep
|turn|5
|
|t:|1743798204
|move|p1a: Great Tusk|Knock Off|p2a: Spiritomb
|-damage|p2a: Spiritomb|78/100
|-enditem|p2a: Spiritomb|Leftovers|[from] move: Knock Off|[of] p1a: Great Tusk
|move|p2a: Spiritomb|Toxic|p1a: Great Tusk
|-status|p1a: Great Tusk|tox
|
|-damage|p1a: Great Tusk|94/100 tox|[from] psn
|upkeep
|turn|6
|
|t:|1743798215
|move|p1a: Great Tusk|Headlong Rush|p2a: Spiritomb
|-damage|p2a: Spiritomb|36/100
|-unboost|p1a: Great Tusk|def|1
|-unboost|p1a: Great Tusk|spd|1
|move|p2a: Spiritomb|Hex|p1a: Great Tusk
|-damage|p1a: Great Tusk|31/100 tox
|
|-damage|p1a: Great Tusk|19/100 tox|[from] psn
|upkeep
|turn|7
|
|t:|1743798232
|move|p1a: Great Tusk|Headlong Rush|p2a: Spiritomb
|-damage|p2a: Spiritomb|0 fnt
|-unboost|p1a: Great Tusk|def|1
|-unboost|p1a: Great Tusk|spd|1
|faint|p2a: Spiritomb
|
|-damage|p1a: Great Tusk|0 fnt|[from] psn
|faint|p1a: Great Tusk
|-end|p1a: Great Tusk|Protosynthesis|[silent]
|upkeep
|
|t:|1743798241
|switch|p1a: Big Cheese|Gholdengo|100/100
|switch|p2a: Ting-Lu|Ting-Lu|53/100
|-damage|p1a: Big Cheese|94/100|[from] Stealth Rock
|-item|p1a: Big Cheese|Air Balloon
|-activate|p2a: Ting-Lu|move: Sticky Web
|-unboost|p2a: Ting-Lu|spe|1
|-ability|p2a: Ting-Lu|Vessel of Ruin
|turn|8
|
|t:|1743798250
|move|p1a: Big Cheese|Nasty Plot|p1a: Big Cheese
|-boost|p1a: Big Cheese|spa|2
|move|p2a: Ting-Lu|Ruination|p1a: Big Cheese
|-damage|p1a: Big Cheese|48/100
|-enditem|p1a: Big Cheese|Air Balloon
|
|-heal|p2a: Ting-Lu|59/100|[from] item: Leftovers
|upkeep
|turn|9
|
|t:|1743798259
|-terastallize|p1a: Big Cheese|Fairy
|move|p1a: Big Cheese|Dazzling Gleam|p2a: Ting-Lu
|-supereffective|p2a: Ting-Lu
|-crit|p2a: Ting-Lu
|-damage|p2a: Ting-Lu|0 fnt
|faint|p2a: Ting-Lu
|
|upkeep
|
|t:|1743798276
|switch|p2a: Infernape|Infernape, F|100/100
|-activate|p2a: Infernape|move: Sticky Web
|-unboost|p2a: Infernape|spe|1
|turn|10
|
|t:|1743798285
|move|p2a: Infernape|Fire Punch|p1a: Big Cheese
|-damage|p1a: Big Cheese|6/100
|move|p1a: Big Cheese|Dazzling Gleam|p2a: Infernape
|-damage|p2a: Infernape|0 fnt
|faint|p2a: Infernape
|
|upkeep
|
|t:|1743798295
|switch|p2a: Iron Moth|Iron Moth|100/100
|turn|11
|
|t:|1743798300
|move|p2a: Iron Moth|Fiery Dance|p1a: Big Cheese
|-damage|p1a: Big Cheese|0 fnt
|faint|p1a: Big Cheese
|
|upkeep
|
|t:|1743798306
|switch|p1a: Funny Dog|Walking Wake|100/100
|-damage|p1a: Funny Dog|88/100|[from] Stealth Rock
|turn|12
|
|t:|1743798312
|-terastallize|p2a: Iron Moth|Grass
|move|p2a: Iron Moth|Fiery Dance|p1a: Funny Dog
|-resisted|p1a: Funny Dog
|-damage|p1a: Funny Dog|75/100
|move|p1a: Funny Dog|Hydro Pump|p2a: Iron Moth
|-resisted|p2a: Iron Moth
|-damage|p2a: Iron Moth|54/100
|
|upkeep
|turn|13
|
|t:|1743798322
|-end|p1a: Funny Dog|Protosynthesis|[silent]
|switch|p1a: Zamazenta|Zamazenta|100/100
|-damage|p1a: Zamazenta|94/100|[from] Stealth Rock
|-ability|p1a: Zamazenta|Dauntless Shield|boost
|-boost|p1a: Zamazenta|def|1
|move|p2a: Iron Moth|Energy Ball|p1a: Zamazenta
|-damage|p1a: Zamazenta|52/100
|
|-heal|p1a: Zamazenta|58/100|[from] item: Leftovers
|upkeep
|turn|14
|
|t:|1743798333
|-end|p2a: Iron Moth|Quark Drive|[silent]
|switch|p2a: Quaquaval|Quaquaval, M|100/100
|move|p1a: Zamazenta|Substitute|p1a: Zamazenta
|-start|p1a: Zamazenta|Substitute
|-damage|p1a: Zamazenta|33/100
|
|-heal|p1a: Zamazenta|39/100|[from] item: Leftovers
|upkeep
|turn|15
|
|t:|1743798342
|move|p1a: Zamazenta|Body Press|p2a: Quaquaval
|-damage|p2a: Quaquaval|31/100
|move|p2a: Quaquaval|Rapid Spin|p1a: Zamazenta
|-activate|p1a: Zamazenta|move: Substitute|[damage]
|-sideend|p2: sarl7|Sticky Web|[from] move: Rapid Spin|[of] p2a: Quaquaval
|-boost|p2a: Quaquaval|spe|1
|
|-heal|p1a: Zamazenta|45/100|[from] item: Leftovers
|upkeep
|turn|16
|
|t:|1743798351
|move|p1a: Zamazenta|Body Press|p2a: Quaquaval
|-damage|p2a: Quaquaval|0 fnt
|faint|p2a: Quaquaval
|
|-heal|p1a: Zamazenta|51/100|[from] item: Leftovers
|upkeep
|
|t:|1743798360
|switch|p2a: Dragapult|Dragapult, M|100/100
|turn|17
|
|t:|1743798363
|move|p1a: Zamazenta|Crunch|p2a: Dragapult
|-supereffective|p2a: Dragapult
|-damage|p2a: Dragapult|39/100
|-unboost|p2a: Dragapult|def|1
|move|p2a: Dragapult|Shadow Ball|p1a: Zamazenta
|-damage|p1a: Zamazenta|10/100
|-damage|p2a: Dragapult|29/100|[from] item: Life Orb
|
|-heal|p1a: Zamazenta|16/100|[from] item: Leftovers
|upkeep
|turn|18
|
|t:|1743798375
|move|p1a: Zamazenta|Crunch|p2a: Dragapult
|-supereffective|p2a: Dragapult
|-damage|p2a: Dragapult|0 fnt
|faint|p2a: Dragapult
|
|-heal|p1a: Zamazenta|22/100|[from] item: Leftovers
|upkeep
|
|t:|1743798378
|switch|p2a: Iron Moth|Iron Moth, tera:Grass|54/100
|turn|19
|
|t:|1743798384
|move|p1a: Zamazenta|Body Press|p2a: Iron Moth
|-damage|p2a: Iron Moth|0 fnt
|faint|p2a: Iron Moth
|-end|p2a: Iron Moth|Quark Drive|[silent]
|
|win|Sketch Hero
|raw|Sketch Hero's rating: 1400 &rarr; <strong>1418</strong><br />(+18 for winning)
|raw|sarl7's rating: 1365 &rarr; <strong>1347</strong><br />(-18 for losing)
|l|☆sarl7
|player|p2|
|c|☆Sketch Hero|gg
|l|☆Sketch Hero
|player|p1|
