|j|☆tioesjtositj
|j|☆Confettimaker
|t:|1743799830
|gametype|singles
|player|p1|tioesjtositj|266|1393
|player|p2|Confettimaker|volkner|1389
|teamsize|p1|6
|teamsize|p2|6
|gen|9
|tier|[Gen 9] OU
|rated|
|rule|HP Percentage Mod: HP is shown in percentages
|rule|Endless Battle Clause: Forcing endless battles is banned
|rule|Species Clause: Limit one of each Pokémon
|rule|OHKO Clause: OHKO moves are banned
|rule|Evasion Items Clause: Evasion items are banned
|rule|Evasion Moves Clause: Evasion moves are banned
|rule|Sleep Moves Clause: Sleep-inducing moves are banned
|clearpoke
|poke|p1|Cinderace, F|
|poke|p1|Ogerpon-Wellspring, F|
|poke|p1|Slowking-Galar, M|
|poke|p1|Great Tusk|
|poke|p1|Dragapult, F|
|poke|p1|Gliscor, F|
|poke|p2|Slowking-Galar, F|
|poke|p2|Landorus-Therian, M|
|poke|p2|Kyurem|
|poke|p2|Iron Valiant|
|poke|p2|Cinderace, F|
|poke|p2|Kingambit, F|
|teampreview
|inactive|Battle timer is ON: inactive players will automatically lose when time's up. (requested by Confettimaker)
|inactive|Confettimaker has 120 seconds left.
|
|t:|1743799869
|start
|switch|p1a: Ogerpon|Ogerpon-Wellspring, F|100/100
|switch|p2a: Landorus|Landorus-Therian, M|100/100
|-ability|p2a: Landorus|Intimidate|boost
|-unboost|p1a: Ogerpon|atk|1
|turn|1
|
|t:|1743799893
|move|p1a: Ogerpon|Ivy Cudgel|p2a: Landorus|[anim] Ivy Cudgel Water
|-supereffective|p2a: Landorus
|-damage|p2a: Landorus|26/100
|move|p2a: Landorus|U-turn|p1a: Ogerpon
|-supereffective|p1a: Ogerpon
|-damage|p1a: Ogerpon|47/100
|
|t:|1743799900
|switch|p2a: Cinderace|Cinderace, F|100/100|[from] U-turn
|
|upkeep
|turn|2
|
|t:|1743799914
|switch|p1a: Gliscor|Gliscor, F|100/100
|move|p2a: Cinderace|U-turn|p1a: Gliscor
|-start|p2a: Cinderace|typechange|Bug|[from] ability: Libero
|-resisted|p1a: Gliscor
|-damage|p1a: Gliscor|87/100
|
|t:|1743799921
|switch|p2a: Kyurem|Kyurem|100/100|[from] U-turn
|-ability|p2a: Kyurem|Pressure
|
|-status|p1a: Gliscor|tox|[from] item: Toxic Orb
|upkeep
|turn|3
|
|t:|1743799931
|switch|p1a: Cinderace|Cinderace, F|100/100
|move|p2a: Kyurem|Freeze-Dry|p1a: Cinderace
|-resisted|p1a: Cinderace
|-damage|p1a: Cinderace|63/100
|
|upkeep
|turn|4
|
|t:|1743799944
|switch|p2a: Cinderace|Cinderace, F|100/100
|move|p1a: Cinderace|High Jump Kick|p2a: Cinderace
|-start|p1a: Cinderace|typechange|Fighting|[from] ability: Libero
|-damage|p2a: Cinderace|0 fnt
|faint|p2a: Cinderace
|
|upkeep
|
|t:|1743799958
|switch|p2a: Slowking|Slowking-Galar, F|100/100
|turn|5
|
|t:|1743799969
|switch|p1a: Gliscor|Gliscor, F|87/100 tox
|move|p2a: Slowking|Future Sight|p1a: Gliscor
|-start|p2a: Slowking|move: Future Sight
|
|-heal|p1a: Gliscor|99/100 tox|[from] ability: Poison Heal
|upkeep
|turn|6
|
|t:|1743799976
|move|p1a: Gliscor|Stealth Rock|p2a: Slowking
|-sidestart|p2: Confettimaker|move: Stealth Rock
|-prepare|p2a: Slowking|Chilly Reception|[premajor]
|move|p2a: Slowking|Chilly Reception|p2a: Slowking
|-weather|Snowscape
|
|t:|1743799981
|switch|p2a: Kyurem|Kyurem|100/100|[from] Chilly Reception
|-damage|p2a: Kyurem|76/100|[from] Stealth Rock
|-ability|p2a: Kyurem|Pressure
|
|-weather|Snowscape|[upkeep]
|-heal|p1a: Gliscor|100/100 tox|[from] ability: Poison Heal
|upkeep
|turn|7
|
|t:|1743800001
|move|p2a: Kyurem|Blizzard|p1a: Gliscor
|-supereffective|p1a: Gliscor
|-damage|p1a: Gliscor|0 fnt
|faint|p1a: Gliscor
|
|-weather|Snowscape|[upkeep]
|-hint|Future Sight did not hit because the target is fainted.
|upkeep
|
|t:|1743800008
|switch|p1a: Cinderace|Cinderace, F|63/100
|turn|8
|
|t:|1743800018
|switch|p2a: Landorus|Landorus-Therian, M|26/100
|-damage|p2a: Landorus|14/100|[from] Stealth Rock
|-ability|p2a: Landorus|Intimidate|boost
|-unboost|p1a: Cinderace|atk|1
|move|p1a: Cinderace|Pyro Ball|p2a: Landorus
|-damage|p2a: Landorus|0 fnt
|faint|p2a: Landorus
|
|-weather|Snowscape|[upkeep]
|upkeep
|
|t:|1743800027
|switch|p2a: Slowking|Slowking-Galar, F|100/100
|turn|9
|
|t:|1743800048
|switch|p1a: Ogerpon|Ogerpon-Wellspring, F|47/100
|-prepare|p2a: Slowking|Chilly Reception|[premajor]
|move|p2a: Slowking|Chilly Reception|p2a: Slowking
|inactive|Confettimaker has 120 seconds left.
|
|t:|1743800067
|switch|p2a: Kingambit|Kingambit, F|100/100|[from] Chilly Reception
|-damage|p2a: Kingambit|94/100|[from] Stealth Rock
|-activate|p2a: Kingambit|ability: Supreme Overlord
|-start|p2a: Kingambit|fallen2|[silent]
|
|-weather|Snowscape|[upkeep]
|-heal|p2a: Kingambit|100/100|[from] item: Leftovers
|upkeep
|turn|10
|inactive|Confettimaker has 120 seconds left.
|
|t:|1743800086
|move|p1a: Ogerpon|U-turn|p2a: Kingambit
|-damage|p2a: Kingambit|81/100
|
|t:|1743800087
|switch|p1a: Great Tusk|Great Tusk|100/100|[from] U-turn
|-enditem|p1a: Great Tusk|Booster Energy
|-activate|p1a: Great Tusk|ability: Protosynthesis|[fromitem]
|-start|p1a: Great Tusk|protosynthesisspe
|move|p2a: Kingambit|Kowtow Cleave|p1a: Great Tusk
|-resisted|p1a: Great Tusk
|-damage|p1a: Great Tusk|82/100
|
|-weather|none
|-heal|p2a: Kingambit|87/100|[from] item: Leftovers
|upkeep
|turn|11
|inactive|Confettimaker has 120 seconds left.
|
|t:|1743800122
|-end|p2a: Kingambit|fallen2|[silent]
|switch|p2a: Iron Valiant|Iron Valiant|100/100
|-damage|p2a: Iron Valiant|94/100|[from] Stealth Rock
|-enditem|p2a: Iron Valiant|Booster Energy
|-activate|p2a: Iron Valiant|ability: Quark Drive|[fromitem]
|-start|p2a: Iron Valiant|quarkdrivespe
|move|p1a: Great Tusk|Bulk Up|p1a: Great Tusk
|-boost|p1a: Great Tusk|atk|1
|-boost|p1a: Great Tusk|def|1
|
|upkeep
|turn|12
|
|t:|1743800141
|-terastallize|p1a: Great Tusk|Poison
|move|p2a: Iron Valiant|Moonblast|p1a: Great Tusk
|-resisted|p1a: Great Tusk
|-damage|p1a: Great Tusk|51/100
|move|p1a: Great Tusk|Rapid Spin|p2a: Iron Valiant
|-damage|p2a: Iron Valiant|63/100
|-boost|p1a: Great Tusk|spe|1
|
|upkeep
|turn|13
|inactive|Confettimaker has 90 seconds left.
|
|t:|1743800162
|move|p1a: Great Tusk|Headlong Rush|p2a: Iron Valiant
|-damage|p2a: Iron Valiant|0 fnt
|-unboost|p1a: Great Tusk|def|1
|-unboost|p1a: Great Tusk|spd|1
|faint|p2a: Iron Valiant
|-end|p2a: Iron Valiant|Quark Drive|[silent]
|
|upkeep
|inactive|Confettimaker has 90 seconds left.
|
|t:|1743800178
|switch|p2a: Slowking|Slowking-Galar, F|100/100
|turn|14
|
|t:|1743800186
|-terastallize|p2a: Slowking|Water
|move|p1a: Great Tusk|Headlong Rush|p2a: Slowking
|-damage|p2a: Slowking|25/100
|-unboost|p1a: Great Tusk|def|1
|-unboost|p1a: Great Tusk|spd|1
|move|p2a: Slowking|Future Sight|p1a: Great Tusk
|-start|p2a: Slowking|move: Future Sight
|
|upkeep
|turn|15
|inactive|Confettimaker has 90 seconds left.
|
|t:|1743800194
|move|p1a: Great Tusk|Headlong Rush|p2a: Slowking
|-damage|p2a: Slowking|0 fnt
|-unboost|p1a: Great Tusk|def|1
|-unboost|p1a: Great Tusk|spd|1
|faint|p2a: Slowking
|
|upkeep
|inactive|Confettimaker has 90 seconds left.
|
|t:|1743800205
|switch|p2a: Kingambit|Kingambit, F|87/100
|-damage|p2a: Kingambit|81/100|[from] Stealth Rock
|-activate|p2a: Kingambit|ability: Supreme Overlord
|-start|p2a: Kingambit|fallen4|[silent]
|turn|16
|inactive|Confettimaker has 90 seconds left.
|
|t:|1743800238
|-end|p1a: Great Tusk|Protosynthesis|[silent]
|switch|p1a: Slowking|Slowking-Galar, M|100/100
|move|p2a: Kingambit|Swords Dance|p2a: Kingambit
|-boost|p2a: Kingambit|atk|2
|
|-end|p1a: Slowking|move: Future Sight
|-damage|p1a: Slowking|76/100
|-heal|p2a: Kingambit|87/100|[from] item: Leftovers
|upkeep
|turn|17
|
|t:|1743800253
|move|p2a: Kingambit|Kowtow Cleave|p1a: Slowking
|-supereffective|p1a: Slowking
|-damage|p1a: Slowking|0 fnt
|faint|p1a: Slowking
|
|-heal|p2a: Kingambit|93/100|[from] item: Leftovers
|upkeep
|
|t:|1743800255
|switch|p1a: Great Tusk|Great Tusk, tera:Poison|51/100
|turn|18
|inactive|Confettimaker has 90 seconds left.
|
|t:|1743800268
|move|p1a: Great Tusk|Headlong Rush|p2a: Kingambit
|-supereffective|p2a: Kingambit
|-damage|p2a: Kingambit|15/100
|-unboost|p1a: Great Tusk|def|1
|-unboost|p1a: Great Tusk|spd|1
|move|p2a: Kingambit|Kowtow Cleave|p1a: Great Tusk
|-damage|p1a: Great Tusk|0 fnt
|faint|p1a: Great Tusk
|-end|p1a: Great Tusk|Protosynthesis|[silent]
|
|-heal|p2a: Kingambit|21/100|[from] item: Leftovers
|upkeep
|
|t:|1743800274
|switch|p1a: Cinderace|Cinderace, F|63/100
|turn|19
|inactive|Confettimaker has 90 seconds left.
|
|t:|1743800286
|move|p1a: Cinderace|Sucker Punch|p2a: Kingambit
|-start|p1a: Cinderace|typechange|Dark|[from] ability: Libero
|-resisted|p2a: Kingambit
|-damage|p2a: Kingambit|1/100
|move|p2a: Kingambit|Sucker Punch||[still]
|-fail|p2a: Kingambit
|
|-heal|p2a: Kingambit|8/100|[from] item: Leftovers
|upkeep
|turn|20
|
|t:|1743800294
|move|p1a: Cinderace|Sucker Punch||[still]
|-fail|p1a: Cinderace
|move|p2a: Kingambit|Swords Dance|p2a: Kingambit
|-boost|p2a: Kingambit|atk|2
|
|-heal|p2a: Kingambit|14/100|[from] item: Leftovers
|upkeep
|turn|21
|
|t:|1743800307
|move|p1a: Cinderace|Sucker Punch|p2a: Kingambit
|-resisted|p2a: Kingambit
|-crit|p2a: Kingambit
|-damage|p2a: Kingambit|0 fnt
|faint|p2a: Kingambit
|-end|p2a: Kingambit|fallen4|[silent]
|
|upkeep
|
|t:|1743800309
|switch|p2a: Kyurem|Kyurem|76/100
|-damage|p2a: Kyurem|51/100|[from] Stealth Rock
|-ability|p2a: Kyurem|Pressure
|turn|22
|
|t:|1743800320
|switch|p1a: Dragapult|Dragapult, F|100/100
|move|p2a: Kyurem|Freeze-Dry|p1a: Dragapult
|-supereffective|p1a: Dragapult
|-damage|p1a: Dragapult|0 fnt
|faint|p1a: Dragapult
|
|upkeep
|
|t:|1743800323
|switch|p1a: Cinderace|Cinderace, F|63/100
|turn|23
|
|t:|1743800330
|move|p1a: Cinderace|U-turn|p2a: Kyurem
|-start|p1a: Cinderace|typechange|Bug|[from] ability: Libero
|-damage|p2a: Kyurem|0 fnt
|faint|p2a: Kyurem
|
|win|tioesjtositj
|raw|tioesjtositj's rating: 1393 &rarr; <strong>1413</strong><br />(+20 for winning)
|raw|Confettimaker's rating: 1389 &rarr; <strong>1369</strong><br />(-20 for losing)
|c|☆Confettimaker|gg
|c|☆tioesjtositj|gg
