|j|☆wdytyaia
|j|☆MEAD10CRE
|t:|1743781763
|gametype|singles
|player|p1|wdytyaia|aromalady|1168
|player|p2|MEAD10CRE|102|1209
|teamsize|p1|6
|teamsize|p2|6
|gen|9
|tier|[Gen 9] OU
|rated|
|rule|HP Percentage Mod: HP is shown in percentages
|rule|Endless Battle Clause: Forcing endless battles is banned
|rule|Species Clause: Limit one of each Pokémon
|rule|OHKO Clause: OHKO moves are banned
|rule|Evasion Items Clause: Evasion items are banned
|rule|Evasion Moves Clause: Evasion moves are banned
|rule|Sleep Moves Clause: Sleep-inducing moves are banned
|clearpoke
|poke|p1|Zapdos|
|poke|p1|Iron Crown|
|poke|p1|Garganacl, M|
|poke|p1|Great Tusk|
|poke|p1|Samurott-Hisui, F|
|poke|p1|Dragapult, M|
|poke|p2|Garganacl, F|
|poke|p2|Tyranitar, F|
|poke|p2|Gliscor, F|
|poke|p2|Ogerpon-Wellspring, F|
|poke|p2|Corviknight, F|
|poke|p2|Landorus-Therian, M|
|teampreview
|inactive|Battle timer is ON: inactive players will automatically lose when time's up. (requested by wdytyaia)
|
|t:|1743781801
|start
|switch|p1a: Great Tusk|Great Tusk|100/100
|switch|p2a: Landorus|Landorus-Therian, M|100/100
|-ability|p2a: Landorus|Intimidate|boost
|-unboost|p1a: Great Tusk|atk|1
|turn|1
|
|t:|1743781815
|move|p2a: Landorus|Earthquake|p1a: Great Tusk
|-damage|p1a: Great Tusk|67/100
|move|p1a: Great Tusk|Ice Spinner|p2a: Landorus
|-supereffective|p2a: Landorus
|-damage|p2a: Landorus|21/100
|-damage|p1a: Great Tusk|51/100|[from] item: Rocky Helmet|[of] p2a: Landorus
|
|upkeep
|turn|2
|
|t:|1743781838
|move|p2a: Landorus|U-turn|p1a: Great Tusk
|-resisted|p1a: Great Tusk
|-damage|p1a: Great Tusk|42/100
|-damage|p2a: Landorus|4/100|[from] item: Rocky Helmet|[of] p1a: Great Tusk
|
|t:|1743781844
|switch|p2a: Corviknight|Corviknight, F|100/100|[from] U-turn
|move|p1a: Great Tusk|Stealth Rock|p2a: Corviknight
|-sidestart|p2: MEAD10CRE|move: Stealth Rock
|
|upkeep
|turn|3
|
|t:|1743781854
|-end|p1a: Great Tusk|Protosynthesis|[silent]
|switch|p1a: Iron Crown|Iron Crown|100/100
|move|p2a: Corviknight|Iron Defense|p2a: Corviknight
|-boost|p2a: Corviknight|def|2
|
|upkeep
|turn|4
|
|t:|1743781866
|-end|p1a: Iron Crown|Quark Drive|[silent]
|switch|p1a: Zapdos|Zapdos|100/100
|-terastallize|p2a: Corviknight|Dragon
|move|p2a: Corviknight|Body Press|p1a: Zapdos
|-resisted|p1a: Zapdos
|-damage|p1a: Zapdos|81/100
|
|upkeep
|turn|5
|inactive|MEAD10CRE has 120 seconds left.
|
|t:|1743781906
|switch|p2a: Landorus|Landorus-Therian, M|4/100
|-damage|p2a: Landorus|0 fnt|[from] Stealth Rock
|faint|p2a: Landorus
|move|p1a: Zapdos|Hurricane|p2: Landorus|[notarget]
|-fail|p1a: Zapdos
|
|upkeep
|
|t:|1743781915
|switch|p2a: Garganacl|Garganacl, F|100/100
|-damage|p2a: Garganacl|88/100|[from] Stealth Rock
|turn|6
|
|t:|1743781919
|move|p1a: Zapdos|Volt Switch|p2a: Garganacl
|-damage|p2a: Garganacl|69/100
|
|t:|1743781927
|switch|p1a: Iron Crown|Iron Crown|100/100|[from] Volt Switch
|move|p2a: Garganacl|Salt Cure|p1a: Iron Crown
|-resisted|p1a: Iron Crown
|-damage|p1a: Iron Crown|93/100
|-start|p1a: Iron Crown|Salt Cure
|
|-heal|p2a: Garganacl|75/100|[from] item: Leftovers
|-damage|p1a: Iron Crown|68/100|[from] Salt Cure
|upkeep
|turn|7
|inactive|MEAD10CRE has 120 seconds left.
|
|t:|1743781943
|move|p1a: Iron Crown|Tachyon Cutter|p2a: Garganacl
|-supereffective|p2a: Garganacl
|-damage|p2a: Garganacl|29/100
|-supereffective|p2a: Garganacl
|-damage|p2a: Garganacl|0 fnt
|faint|p2a: Garganacl
|-hitcount|p2: Garganacl|2
|
|-damage|p1a: Iron Crown|43/100|[from] Salt Cure
|upkeep
|inactive|MEAD10CRE has 120 seconds left.
|
|t:|1743781953
|switch|p2a: Corviknight|Corviknight, F, tera:Dragon|100/100
|-damage|p2a: Corviknight|88/100|[from] Stealth Rock
|turn|8
|
|t:|1743781963
|-terastallize|p1a: Iron Crown|Steel
|move|p1a: Iron Crown|Tachyon Cutter|p2a: Corviknight
|-damage|p2a: Corviknight|37/100
|-damage|p2a: Corviknight|0 fnt
|faint|p2a: Corviknight
|-hitcount|p2: Corviknight|2
|
|-damage|p1a: Iron Crown|19/100|[from] Salt Cure
|upkeep
|inactive|MEAD10CRE has 120 seconds left.
|
|t:|1743781995
|switch|p2a: Ogerpon|Ogerpon-Wellspring, F|100/100
|-damage|p2a: Ogerpon|88/100|[from] Stealth Rock
|turn|9
|
|t:|1743782002
|move|p1a: Iron Crown|Tachyon Cutter|p2a: Ogerpon
|-resisted|p2a: Ogerpon
|-damage|p2a: Ogerpon|64/100
|-resisted|p2a: Ogerpon
|-damage|p2a: Ogerpon|40/100
|-hitcount|p2a: Ogerpon|2
|move|p2a: Ogerpon|Ivy Cudgel|p1a: Iron Crown|[anim] Ivy Cudgel Water
|-damage|p1a: Iron Crown|0 fnt
|faint|p1a: Iron Crown
|-end|p1a: Iron Crown|Quark Drive|[silent]
|
|upkeep
|
|t:|1743782009
|switch|p1a: Dragapult|Dragapult, M|100/100
|turn|10
|
|t:|1743782015
|move|p1a: Dragapult|U-turn|p2a: Ogerpon
|-supereffective|p2a: Ogerpon
|-damage|p2a: Ogerpon|0 fnt
|faint|p2a: Ogerpon
|
|t:|1743782018
|switch|p1a: Samurott|Samurott-Hisui, F|100/100|[from] U-turn
|
|upkeep
|inactive|MEAD10CRE has 120 seconds left.
|
|t:|1743782032
|switch|p2a: Tyranitar|Tyranitar, F|100/100
|-damage|p2a: Tyranitar|88/100|[from] Stealth Rock
|-weather|Sandstorm|[from] ability: Sand Stream|[of] p2a: Tyranitar
|turn|11
|
|t:|1743782040
|move|p1a: Samurott|Razor Shell|p2a: Tyranitar
|-supereffective|p2a: Tyranitar
|-damage|p2a: Tyranitar|0 fnt
|faint|p2a: Tyranitar
|
|-weather|Sandstorm|[upkeep]
|-damage|p1a: Samurott|94/100|[from] Sandstorm
|upkeep
|
|t:|1743782047
|switch|p2a: Gliscor|Gliscor, F|100/100
|-damage|p2a: Gliscor|88/100|[from] Stealth Rock
|turn|12
|
|t:|1743782052
|move|p1a: Samurott|Knock Off|p2a: Gliscor
|-damage|p2a: Gliscor|55/100
|-enditem|p2a: Gliscor|Toxic Orb|[from] move: Knock Off|[of] p1a: Samurott
|move|p2a: Gliscor|Earthquake|p1a: Samurott
|-damage|p1a: Samurott|59/100
|
|-weather|Sandstorm|[upkeep]
|-damage|p1a: Samurott|53/100|[from] Sandstorm
|upkeep
|turn|13
|
|t:|1743782060
|move|p1a: Samurott|Razor Shell|p2a: Gliscor
|-supereffective|p2a: Gliscor
|-damage|p2a: Gliscor|0 fnt
|faint|p2a: Gliscor
|
|win|wdytyaia
|raw|wdytyaia's rating: 1168 &rarr; <strong>1196</strong><br />(+28 for winning)
|raw|MEAD10CRE's rating: 1209 &rarr; <strong>1181</strong><br />(-28 for losing)
