|j|☆AltTaba
|j|☆Dr.Jean Pepper
|t:|1743879831
|gametype|singles
|player|p1|AltTaba|102|1364
|player|p2|Dr.Jean Pepper|erika-lgpe|1356
|teamsize|p1|6
|teamsize|p2|6
|gen|9
|tier|[Gen 9] OU
|rated|
|rule|HP Percentage Mod: HP is shown in percentages
|rule|Endless Battle Clause: Forcing endless battles is banned
|rule|Species Clause: Limit one of each Pokémon
|rule|OHKO Clause: OHKO moves are banned
|rule|Evasion Items Clause: Evasion items are banned
|rule|Evasion Moves Clause: Evasion moves are banned
|rule|Sleep Moves Clause: Sleep-inducing moves are banned
|clearpoke
|poke|p1|Hydrapple, M|
|poke|p1|Tinkaton, F|
|poke|p1|Moltres|
|poke|p1|Rotom-Wash|
|poke|p1|Great Tusk|
|poke|p1|Darkrai|
|poke|p2|Raging Bolt|
|poke|p2|Iron Moth|
|poke|p2|Great Tusk|
|poke|p2|Weavile, M|
|poke|p2|Forretress, M|
|poke|p2|Cinderace, F|
|teampreview
|inactive|Battle timer is ON: inactive players will automatically lose when time's up. (requested by Dr.Jean Pepper)
|
|t:|1743879857
|start
|switch|p1a: Rotom|Rotom-Wash|100/100
|switch|p2a: Old but Good|Forretress, M, shiny|100/100
|turn|1
|
|t:|1743879869
|move|p1a: Rotom|Volt Switch|p2a: Old but Good
|-damage|p2a: Old but Good|65/100
|
|t:|1743879873
|switch|p1a: Great Tusk|Great Tusk|100/100|[from] Volt Switch
|move|p2a: Old but Good|Stealth Rock|p1a: Great Tusk
|-sidestart|p1: AltTaba|move: Stealth Rock
|
|upkeep
|turn|2
|
|t:|1743879882
|switch|p2a: Mecha Battra|Iron Moth|100/100
|move|p1a: Great Tusk|Rapid Spin|p2a: Mecha Battra
|-damage|p2a: Mecha Battra|71/100
|-boost|p1a: Great Tusk|spe|1
|-sideend|p1: AltTaba|Stealth Rock|[from] move: Rapid Spin|[of] p1a: Great Tusk
|
|upkeep
|turn|3
|
|t:|1743879892
|move|p1a: Great Tusk|Headlong Rush|p2a: Mecha Battra
|-supereffective|p2a: Mecha Battra
|-damage|p2a: Mecha Battra|0 fnt
|-unboost|p1a: Great Tusk|def|1
|-unboost|p1a: Great Tusk|spd|1
|faint|p2a: Mecha Battra
|-end|p2a: Mecha Battra|Quark Drive|[silent]
|
|upkeep
|
|t:|1743879909
|switch|p2a: Bugs Bunny|Cinderace, F|100/100
|turn|4
|
|t:|1743879916
|-end|p1a: Great Tusk|Protosynthesis|[silent]
|switch|p1a: Rotom|Rotom-Wash|100/100
|move|p2a: Bugs Bunny|Pyro Ball|p1a: Rotom
|-resisted|p1a: Rotom
|-damage|p1a: Rotom|78/100
|
|upkeep
|turn|5
|
|t:|1743879926
|move|p2a: Bugs Bunny|U-turn|p1a: Rotom
|-start|p2a: Bugs Bunny|typechange|Bug|[from] ability: Libero
|-damage|p1a: Rotom|49/100
|-damage|p2a: Bugs Bunny|84/100|[from] item: Rocky Helmet|[of] p1a: Rotom
|
|t:|1743879934
|switch|p2a: Silly Lad|Weavile, M|100/100|[from] U-turn
|-ability|p2a: Silly Lad|Pressure
|move|p1a: Rotom|Hydro Pump|p2a: Silly Lad|[miss]
|-miss|p1a: Rotom|p2a: Silly Lad
|
|upkeep
|turn|6
|
|t:|1743879956
|move|p2a: Silly Lad|Knock Off|p1a: Rotom
|-damage|p1a: Rotom|0 fnt
|-damage|p2a: Silly Lad|84/100|[from] item: Rocky Helmet|[of] p1a: Rotom
|-enditem|p1a: Rotom|Rocky Helmet|[from] move: Knock Off|[of] p2a: Silly Lad
|faint|p1a: Rotom
|
|upkeep
|inactive|AltTaba has 120 seconds left.
|
|t:|1743879981
|switch|p1a: Moltres|Moltres|100/100
|turn|7
|
|t:|1743880002
|switch|p2a: Neck game $100|Raging Bolt|100/100
|move|p1a: Moltres|U-turn|p2a: Neck game $100
|-damage|p2a: Neck game $100|87/100
|
|t:|1743880017
|switch|p1a: Darkrai|Darkrai|100/100|[from] U-turn
|
|upkeep
|turn|8
|inactive|Dr.Jean Pepper has 120 seconds left.
|
|t:|1743880054
|move|p1a: Darkrai|Ice Beam|p2a: Neck game $100
|-supereffective|p2a: Neck game $100
|-damage|p2a: Neck game $100|51/100
|move|p2a: Neck game $100|Draco Meteor|p1a: Darkrai
|-damage|p1a: Darkrai|1/100
|-unboost|p2a: Neck game $100|spa|2
|
|-heal|p1a: Darkrai|7/100|[from] item: Leftovers
|upkeep
|turn|9
|inactive|Dr.Jean Pepper has 120 seconds left.
|inactive|AltTaba has 90 seconds left.
|
|t:|1743880073
|switch|p1a: Tinkaton|Tinkaton, F|100/100
|-ability|p1a: Tinkaton|Mold Breaker
|move|p2a: Neck game $100|Draco Meteor|p1a: Tinkaton
|-immune|p1a: Tinkaton
|
|upkeep
|turn|10
|inactive|Dr.Jean Pepper has 120 seconds left.
|inactive|AltTaba has 90 seconds left.
|
|t:|1743880083
|-end|p2a: Neck game $100|Protosynthesis|[silent]
|switch|p2a: Old but Good|Forretress, M, shiny|65/100
|move|p1a: Tinkaton|Stealth Rock|p2a: Old but Good
|-sidestart|p2: Dr.Jean Pepper|move: Stealth Rock
|
|upkeep
|turn|11
|inactive|AltTaba has 90 seconds left.
|
|t:|1743880095
|move|p1a: Tinkaton|Knock Off|p2a: Old but Good
|-damage|p2a: Old but Good|55/100
|-enditem|p2a: Old but Good|Custap Berry|[from] move: Knock Off|[of] p1a: Tinkaton
|move|p2a: Old but Good|Rapid Spin|p1a: Tinkaton
|-resisted|p1a: Tinkaton
|-damage|p1a: Tinkaton|94/100
|-boost|p2a: Old but Good|spe|1
|-sideend|p2: Dr.Jean Pepper|Stealth Rock|[from] move: Rapid Spin|[of] p2a: Old but Good
|
|-heal|p1a: Tinkaton|99/100|[from] item: Leftovers
|upkeep
|turn|12
|
|t:|1743880104
|move|p1a: Tinkaton|Encore|p2a: Old but Good
|-start|p2a: Old but Good|Encore
|move|p2a: Old but Good|Rapid Spin|p1a: Tinkaton
|-resisted|p1a: Tinkaton
|-damage|p1a: Tinkaton|94/100
|-boost|p2a: Old but Good|spe|1
|
|-heal|p1a: Tinkaton|100/100|[from] item: Leftovers
|upkeep
|turn|13
|
|t:|1743880117
|switch|p1a: Hydrapple|Hydrapple, M|100/100
|switch|p2a: Ultra Tusk|Great Tusk|100/100
|
|upkeep
|turn|14
|inactive|AltTaba has 90 seconds left.
|
|t:|1743880132
|move|p2a: Ultra Tusk|Ice Spinner|p1a: Hydrapple
|-supereffective|p1a: Hydrapple
|-damage|p1a: Hydrapple|1/100
|move|p1a: Hydrapple|Leaf Storm|p2a: Ultra Tusk|[miss]
|-miss|p1a: Hydrapple|p2a: Ultra Tusk
|
|upkeep
|turn|15
|inactive|AltTaba has 90 seconds left.
|
|t:|1743880142
|switch|p1a: Moltres|Moltres|100/100
|move|p2a: Ultra Tusk|Close Combat|p1a: Moltres
|-resisted|p1a: Moltres
|-damage|p1a: Moltres|68/100
|-unboost|p2a: Ultra Tusk|def|1
|-unboost|p2a: Ultra Tusk|spd|1
|
|upkeep
|turn|16
|inactive|AltTaba has 90 seconds left.
|
|t:|1743880158
|-end|p2a: Ultra Tusk|Protosynthesis|[silent]
|switch|p2a: Bugs Bunny|Cinderace, F|84/100
|move|p1a: Moltres|U-turn|p2a: Bugs Bunny
|-resisted|p2a: Bugs Bunny
|-damage|p2a: Bugs Bunny|73/100
|
|t:|1743880166
|switch|p1a: Great Tusk|Great Tusk|100/100|[from] U-turn
|
|upkeep
|turn|17
|inactive|AltTaba has 90 seconds left.
|
|t:|1743880173
|move|p2a: Bugs Bunny|Pyro Ball|p1a: Great Tusk
|-damage|p1a: Great Tusk|59/100
|move|p1a: Great Tusk|Knock Off|p2a: Bugs Bunny
|-damage|p2a: Bugs Bunny|28/100
|-enditem|p2a: Bugs Bunny|Heavy-Duty Boots|[from] move: Knock Off|[of] p1a: Great Tusk
|
|upkeep
|turn|18
|inactive|AltTaba has 90 seconds left.
|
|t:|1743880195
|move|p2a: Bugs Bunny|Pyro Ball|p1a: Great Tusk
|-damage|p1a: Great Tusk|17/100
|move|p1a: Great Tusk|Headlong Rush|p2a: Bugs Bunny
|-supereffective|p2a: Bugs Bunny
|-damage|p2a: Bugs Bunny|0 fnt
|-unboost|p1a: Great Tusk|def|1
|-unboost|p1a: Great Tusk|spd|1
|faint|p2a: Bugs Bunny
|
|upkeep
|
|t:|1743880209
|switch|p2a: Silly Lad|Weavile, M|84/100
|-ability|p2a: Silly Lad|Pressure
|turn|19
|inactive|AltTaba has 90 seconds left.
|
|t:|1743880219
|-end|p1a: Great Tusk|Protosynthesis|[silent]
|switch|p1a: Darkrai|Darkrai|7/100
|move|p2a: Silly Lad|Low Kick|p1a: Darkrai
|-supereffective|p1a: Darkrai
|-damage|p1a: Darkrai|0 fnt
|faint|p1a: Darkrai
|
|upkeep
|inactive|AltTaba has 90 seconds left.
|
|t:|1743880225
|switch|p1a: Tinkaton|Tinkaton, F|100/100
|-ability|p1a: Tinkaton|Mold Breaker
|turn|20
|
|t:|1743880232
|move|p2a: Silly Lad|Low Kick|p1a: Tinkaton
|-damage|p1a: Tinkaton|40/100
|move|p1a: Tinkaton|Stealth Rock|p2a: Silly Lad
|-sidestart|p2: Dr.Jean Pepper|move: Stealth Rock
|
|-heal|p1a: Tinkaton|46/100|[from] item: Leftovers
|upkeep
|turn|21
|
|t:|1743880239
|switch|p2a: Old but Good|Forretress, M, shiny|55/100
|-damage|p2a: Old but Good|42/100|[from] Stealth Rock
|switch|p1a: Moltres|Moltres|68/100
|
|upkeep
|turn|22
|
|t:|1743880247
|move|p1a: Moltres|Flamethrower|p2a: Old but Good
|-supereffective|p2a: Old but Good
|-damage|p2a: Old but Good|0 fnt
|faint|p2a: Old but Good
|
|upkeep
|
|t:|1743880252
|switch|p2a: Neck game $100|Raging Bolt|51/100
|-damage|p2a: Neck game $100|39/100|[from] Stealth Rock
|turn|23
|inactive|AltTaba has 120 seconds left.
|
|t:|1743880268
|switch|p1a: Great Tusk|Great Tusk|17/100
|move|p2a: Neck game $100|Thunderbolt|p1a: Great Tusk
|-immune|p1a: Great Tusk
|
|upkeep
|turn|24
|inactive|AltTaba has 120 seconds left.
|
|t:|1743880278
|-end|p2a: Neck game $100|Protosynthesis|[silent]
|switch|p2a: Ultra Tusk|Great Tusk|100/100
|-damage|p2a: Ultra Tusk|98/100|[from] Stealth Rock
|move|p1a: Great Tusk|Knock Off|p2a: Ultra Tusk
|-resisted|p2a: Ultra Tusk
|-damage|p2a: Ultra Tusk|86/100
|-damage|p1a: Great Tusk|1/100|[from] item: Rocky Helmet|[of] p2a: Ultra Tusk
|-enditem|p2a: Ultra Tusk|Rocky Helmet|[from] move: Knock Off|[of] p1a: Great Tusk
|
|upkeep
|turn|25
|inactive|AltTaba has 120 seconds left.
|
|t:|1743880300
|move|p1a: Great Tusk|Ice Spinner|p2a: Ultra Tusk
|-supereffective|p2a: Ultra Tusk
|-damage|p2a: Ultra Tusk|43/100
|move|p2a: Ultra Tusk|Ice Spinner|p1a: Great Tusk
|-supereffective|p1a: Great Tusk
|-damage|p1a: Great Tusk|0 fnt
|faint|p1a: Great Tusk
|-end|p1a: Great Tusk|Protosynthesis|[silent]
|
|upkeep
|
|t:|1743880315
|switch|p1a: Hydrapple|Hydrapple, M|34/100
|turn|26
|
|t:|1743880322
|-terastallize|p1a: Hydrapple|Fairy
|move|p2a: Ultra Tusk|Close Combat|p1a: Hydrapple
|-resisted|p1a: Hydrapple
|-damage|p1a: Hydrapple|7/100
|-unboost|p2a: Ultra Tusk|def|1
|-unboost|p2a: Ultra Tusk|spd|1
|move|p1a: Hydrapple|Leaf Storm|p2a: Ultra Tusk
|-supereffective|p2a: Ultra Tusk
|-damage|p2a: Ultra Tusk|0 fnt
|-unboost|p1a: Hydrapple|spa|2
|faint|p2a: Ultra Tusk
|-end|p2a: Ultra Tusk|Protosynthesis|[silent]
|
|upkeep
|
|t:|1743880335
|switch|p2a: Neck game $100|Raging Bolt|39/100
|-damage|p2a: Neck game $100|26/100|[from] Stealth Rock
|turn|27
|inactive|AltTaba has 120 seconds left.
|
|t:|1743880350
|move|p2a: Neck game $100|Thunderbolt|p1a: Hydrapple
|-damage|p1a: Hydrapple|0 fnt
|faint|p1a: Hydrapple
|
|upkeep
|
|t:|1743880360
|switch|p1a: Tinkaton|Tinkaton, F|46/100
|-ability|p1a: Tinkaton|Mold Breaker
|turn|28
|inactive|AltTaba has 120 seconds left.
|
|t:|1743880372
|move|p2a: Neck game $100|Thunderclap|p1a: Tinkaton
|-crit|p1a: Tinkaton
|-damage|p1a: Tinkaton|0 fnt
|faint|p1a: Tinkaton
|
|upkeep
|-message|AltTaba forfeited.
|
|win|Dr.Jean Pepper
|raw|AltTaba's rating: 1364 &rarr; <strong>1344</strong><br />(-20 for losing)
|raw|Dr.Jean Pepper's rating: 1356 &rarr; <strong>1376</strong><br />(+20 for winning)
|l|☆AltTaba
|player|p1|
