|j|☆Auraking44
|j|☆jhonss
|t:|1743831534
|gametype|singles
|player|p1|Auraking44|steven|1170
|player|p2|jhonss|clown|1214
|teamsize|p1|6
|teamsize|p2|6
|gen|9
|tier|[Gen 9] OU
|rated|
|rule|HP Percentage Mod: HP is shown in percentages
|rule|Endless Battle Clause: Forcing endless battles is banned
|rule|Species Clause: Limit one of each Pokémon
|rule|OHKO Clause: OHKO moves are banned
|rule|Evasion Items Clause: Evasion items are banned
|rule|Evasion Moves Clause: Evasion moves are banned
|rule|Sleep Moves Clause: Sleep-inducing moves are banned
|clearpoke
|poke|p1|Quaquaval, M|
|poke|p1|Venusaur, F|
|poke|p1|Cinderace, M|
|poke|p1|Ambipom, M|
|poke|p1|Serperior, M|
|poke|p1|Ninetales-Alola, M|
|poke|p2|Walking Wake|
|poke|p2|Torkoal, M|
|poke|p2|Lilligant-Hisui, F|
|poke|p2|Thundurus, M|
|poke|p2|Gholdengo|
|poke|p2|Great Tusk|
|teampreview
|inactive|Battle timer is ON: inactive players will automatically lose when time's up. (requested by Auraking44)
|
|t:|1743831540
|start
|switch|p1a: Quaquaval|Quaquaval, M, shiny|100/100
|switch|p2a: Thundurus|Thundurus, M, shiny|100/100
|turn|1
|
|t:|1743831550
|switch|p1a: Serperior|Serperior, M, shiny|100/100
|move|p2a: Thundurus|Thunder Wave|p1a: Serperior
|-status|p1a: Serperior|par
|
|upkeep
|turn|2
|
|t:|1743831560
|move|p2a: Thundurus|Sunny Day|p2a: Thundurus
|-weather|SunnyDay
|move|p1a: Serperior|Leaf Storm|p2a: Thundurus
|-resisted|p2a: Thundurus
|-damage|p2a: Thundurus|78/100
|-boost|p1a: Serperior|spa|2
|
|-weather|SunnyDay|[upkeep]
|upkeep
|turn|3
|
|t:|1743831570
|move|p2a: Thundurus|U-turn|p1a: Serperior
|-supereffective|p1a: Serperior
|-damage|p1a: Serperior|55/100 par
|inactive|jhonss has 120 seconds left.
|
|t:|1743831607
|switch|p2a: Lilligant|Lilligant-Hisui, F, shiny|100/100|[from] U-turn
|cant|p1a: Serperior|par
|
|-weather|SunnyDay|[upkeep]
|upkeep
|turn|4
|inactive|jhonss has 120 seconds left.
|
|t:|1743831615
|move|p2a: Lilligant|Triple Axel|p1a: Serperior
|-supereffective|p1a: Serperior
|-damage|p1a: Serperior|32/100 par
|-supereffective|p1a: Serperior
|-damage|p1a: Serperior|0 fnt
|faint|p1a: Serperior
|-hitcount|p1: Serperior|2
|-damage|p2a: Lilligant|91/100|[from] item: Life Orb
|
|-weather|SunnyDay|[upkeep]
|upkeep
|
|t:|1743831627
|switch|p1a: Venusaur|Venusaur, F, shiny|100/100
|turn|5
|
|t:|1743831640
|move|p2a: Lilligant|Triple Axel|p1a: Venusaur
|-supereffective|p1a: Venusaur
|-damage|p1a: Venusaur|78/100
|-supereffective|p1a: Venusaur
|-crit|p1a: Venusaur
|-damage|p1a: Venusaur|5/100
|-supereffective|p1a: Venusaur
|-damage|p1a: Venusaur|0 fnt
|faint|p1a: Venusaur
|-hitcount|p1: Venusaur|3
|-damage|p2a: Lilligant|81/100|[from] item: Life Orb
|
|-weather|SunnyDay|[upkeep]
|upkeep
|
|t:|1743831652
|switch|p1a: Ambipom|Ambipom, M, shiny|100/100
|turn|6
|
|t:|1743831659
|move|p1a: Ambipom|Fake Out|p2a: Lilligant
|-damage|p2a: Lilligant|41/100
|cant|p2a: Lilligant|flinch
|
|-weather|SunnyDay|[upkeep]
|upkeep
|turn|7
|
|t:|1743831667
|move|p2a: Lilligant|Close Combat|p1a: Ambipom
|-supereffective|p1a: Ambipom
|-damage|p1a: Ambipom|0 fnt
|-unboost|p2a: Lilligant|def|1
|-unboost|p2a: Lilligant|spd|1
|faint|p1a: Ambipom
|-damage|p2a: Lilligant|31/100|[from] item: Life Orb
|
|-weather|SunnyDay|[upkeep]
|upkeep
|
|t:|1743831677
|switch|p1a: Quaquaval|Quaquaval, M, shiny|100/100
|turn|8
|
|t:|1743831688
|move|p2a: Lilligant|Solar Blade||[still]
|-prepare|p2a: Lilligant|Solar Blade
|-anim|p2a: Lilligant|Solar Blade|p1a: Quaquaval
|-supereffective|p1a: Quaquaval
|-crit|p1a: Quaquaval
|-damage|p1a: Quaquaval|0 fnt
|faint|p1a: Quaquaval
|-damage|p2a: Lilligant|21/100|[from] item: Life Orb
|
|-weather|SunnyDay|[upkeep]
|upkeep
|
|t:|1743831698
|switch|p1a: Ninetales|Ninetales-Alola, M, shiny|100/100
|-weather|Snowscape|[from] ability: Snow Warning|[of] p1a: Ninetales
|turn|9
|
|t:|1743831705
|switch|p2a: Torkoal|Torkoal, M|100/100
|-weather|SunnyDay|[from] ability: Drought|[of] p2a: Torkoal
|move|p1a: Ninetales|Freeze-Dry|p2a: Torkoal
|-resisted|p2a: Torkoal
|-damage|p2a: Torkoal|85/100
|
|-weather|SunnyDay|[upkeep]
|upkeep
|turn|10
|
|t:|1743831722
|switch|p1a: Cinderace|Cinderace, M, shiny|100/100
|move|p2a: Torkoal|Lava Plume|p1a: Cinderace
|-resisted|p1a: Cinderace
|-damage|p1a: Cinderace|75/100
|
|-weather|SunnyDay|[upkeep]
|-heal|p1a: Cinderace|81/100|[from] item: Leftovers
|upkeep
|turn|11
|
|t:|1743831732
|switch|p2a: Gholdengo|Gholdengo, shiny|100/100
|move|p1a: Cinderace|Gunk Shot|p2a: Gholdengo
|-start|p1a: Cinderace|typechange|Poison|[from] ability: Libero
|-immune|p2a: Gholdengo
|
|-weather|SunnyDay|[upkeep]
|-heal|p1a: Cinderace|87/100|[from] item: Leftovers
|upkeep
|turn|12
|
|t:|1743831743
|move|p1a: Cinderace|Sucker Punch||[still]
|-fail|p1a: Cinderace
|move|p2a: Gholdengo|Trick|p1a: Cinderace
|-activate|p2a: Gholdengo|move: Trick|[of] p1a: Cinderace
|-item|p1a: Cinderace|Choice Scarf|[from] move: Trick
|-item|p2a: Gholdengo|Leftovers|[from] move: Trick
|
|-weather|SunnyDay|[upkeep]
|upkeep
|turn|13
|
|t:|1743831753
|move|p1a: Cinderace|Pyro Ball|p2a: Gholdengo
|-supereffective|p2a: Gholdengo
|-damage|p2a: Gholdengo|0 fnt
|faint|p2a: Gholdengo
|
|-weather|SunnyDay|[upkeep]
|upkeep
|
|t:|1743831756
|switch|p2a: Walking Wake|Walking Wake|100/100
|-activate|p2a: Walking Wake|ability: Protosynthesis
|-start|p2a: Walking Wake|protosynthesisspe
|turn|14
|
|t:|1743831764
|switch|p1a: Ninetales|Ninetales-Alola, M, shiny|100/100
|-weather|Snowscape|[from] ability: Snow Warning|[of] p1a: Ninetales
|-end|p2a: Walking Wake|Protosynthesis
|move|p2a: Walking Wake|Hydro Steam|p1a: Ninetales
|-damage|p1a: Ninetales|24/100
|
|-weather|Snowscape|[upkeep]
|upkeep
|turn|15
|
|t:|1743831776
|move|p2a: Walking Wake|Hydro Steam|p1a: Ninetales
|-damage|p1a: Ninetales|0 fnt
|faint|p1a: Ninetales
|
|-weather|Snowscape|[upkeep]
|upkeep
|
|t:|1743831783
|switch|p1a: Cinderace|Cinderace, M, shiny|87/100
|turn|16
|
|t:|1743831791
|-end|p2a: Walking Wake|Protosynthesis|[silent]
|switch|p2a: Torkoal|Torkoal, M|85/100
|-weather|SunnyDay|[from] ability: Drought|[of] p2a: Torkoal
|move|p1a: Cinderace|Gunk Shot|p2a: Torkoal
|-start|p1a: Cinderace|typechange|Poison|[from] ability: Libero
|-damage|p2a: Torkoal|54/100
|-status|p2a: Torkoal|psn
|
|-weather|SunnyDay|[upkeep]
|-damage|p2a: Torkoal|42/100 psn|[from] psn
|upkeep
|turn|17
|
|t:|1743831806
|move|p1a: Cinderace|Gunk Shot|p2a: Torkoal|[miss]
|-miss|p1a: Cinderace|p2a: Torkoal
|move|p2a: Torkoal|Lava Plume|p1a: Cinderace
|-damage|p1a: Cinderace|37/100
|-status|p1a: Cinderace|brn
|
|-weather|SunnyDay|[upkeep]
|-damage|p2a: Torkoal|30/100 psn|[from] psn
|-damage|p1a: Cinderace|31/100 brn|[from] brn
|upkeep
|turn|18
|
|t:|1743831817
|move|p1a: Cinderace|Gunk Shot|p2a: Torkoal|[miss]
|-miss|p1a: Cinderace|p2a: Torkoal
|move|p2a: Torkoal|Lava Plume|p1a: Cinderace
|-damage|p1a: Cinderace|0 fnt
|faint|p1a: Cinderace
|
|win|jhonss
|raw|Auraking44's rating: 1170 &rarr; <strong>1148</strong><br />(-22 for losing)
|raw|jhonss's rating: 1214 &rarr; <strong>1236</strong><br />(+22 for winning)
|l|☆jhonss
|player|p2|
|l|☆Auraking44
|player|p1|
