|j|☆Syaklin
|j|☆YasTheTrainer
|t:|1743866281
|gametype|singles
|player|p1|Syaklin|1|1387
|player|p2|YasTheTrainer|chuck|1375
|teamsize|p1|6
|teamsize|p2|6
|gen|9
|tier|[Gen 9] OU
|rated|
|rule|HP Percentage Mod: HP is shown in percentages
|rule|Endless Battle Clause: Forcing endless battles is banned
|rule|Species Clause: Limit one of each Pokémon
|rule|OHKO Clause: OHKO moves are banned
|rule|Evasion Items Clause: Evasion items are banned
|rule|Evasion Moves Clause: Evasion moves are banned
|rule|Sleep Moves Clause: Sleep-inducing moves are banned
|clearpoke
|poke|p1|Zapdos|
|poke|p1|Pelipper, F|
|poke|p1|Barraskewda, M|
|poke|p1|Scizor, F|
|poke|p1|Iron Valiant|
|poke|p1|Basculegion-F, F|
|poke|p2|Corviknight, M|
|poke|p2|Darkrai|
|poke|p2|Raging Bolt|
|poke|p2|Ting-Lu|
|poke|p2|Slowking-Galar, M|
|poke|p2|Ogerpon-Wellspring, F|
|teampreview
|
|t:|1743866289
|start
|switch|p1a: Pelipper|Pelipper, F|100/100
|switch|p2a: Ting-Lu|Ting-Lu|100/100
|-weather|RainDance|[from] ability: Drizzle|[of] p1a: Pelipper
|-ability|p2a: Ting-Lu|Vessel of Ruin
|turn|1
|inactive|Battle timer is ON: inactive players will automatically lose when time's up. (requested by Syaklin)
|
|t:|1743866304
|move|p1a: Pelipper|Surf|p2a: Ting-Lu
|-supereffective|p2a: Ting-Lu
|-damage|p2a: Ting-Lu|65/100
|move|p2a: Ting-Lu|Ruination|p1a: Pelipper
|-damage|p1a: Pelipper|51/100
|
|-weather|RainDance|[upkeep]
|-heal|p2a: Ting-Lu|71/100|[from] item: Leftovers
|upkeep
|turn|2
|
|t:|1743866310
|move|p1a: Pelipper|Roost|p1a: Pelipper
|-heal|p1a: Pelipper|100/100
|-singleturn|p1a: Pelipper|move: Roost
|move|p2a: Ting-Lu|Spikes|p1a: Pelipper
|-sidestart|p1: Syaklin|Spikes
|
|-weather|RainDance|[upkeep]
|-heal|p2a: Ting-Lu|78/100|[from] item: Leftovers
|upkeep
|turn|3
|
|t:|1743866314
|move|p1a: Pelipper|Surf|p2a: Ting-Lu
|-supereffective|p2a: Ting-Lu
|-damage|p2a: Ting-Lu|39/100
|move|p2a: Ting-Lu|Spikes|p1a: Pelipper
|-sidestart|p1: Syaklin|Spikes
|
|-weather|RainDance|[upkeep]
|-heal|p2a: Ting-Lu|45/100|[from] item: Leftovers
|upkeep
|turn|4
|
|t:|1743866316
|switch|p2a: Ogerpon|Ogerpon-Wellspring, F|100/100
|move|p1a: Pelipper|Surf|p2a: Ogerpon
|-immune|p2a: Ogerpon|[from] ability: Water Absorb
|
|-weather|RainDance|[upkeep]
|upkeep
|turn|5
|
|t:|1743866326
|move|p2a: Ogerpon|Power Whip|p1a: Pelipper
|-damage|p1a: Pelipper|37/100
|move|p1a: Pelipper|Hurricane|p2a: Ogerpon
|-supereffective|p2a: Ogerpon
|-damage|p2a: Ogerpon|15/100
|-start|p2a: Ogerpon|confusion
|
|-weather|RainDance|[upkeep]
|upkeep
|turn|6
|
|t:|1743866335
|switch|p1a: Zapdos|Zapdos|100/100
|-activate|p2a: Ogerpon|confusion
|move|p2a: Ogerpon|Power Whip|p1a: Zapdos|[miss]
|-miss|p2a: Ogerpon|p1a: Zapdos
|
|-weather|RainDance|[upkeep]
|upkeep
|turn|7
|
|t:|1743866344
|switch|p2a: Ting-Lu|Ting-Lu|45/100
|-ability|p2a: Ting-Lu|Vessel of Ruin
|move|p1a: Zapdos|Hurricane|p2a: Ting-Lu
|-damage|p2a: Ting-Lu|21/100
|
|-weather|RainDance|[upkeep]
|-heal|p2a: Ting-Lu|27/100|[from] item: Leftovers
|upkeep
|turn|8
|
|t:|1743866349
|move|p1a: Zapdos|Weather Ball|p2a: Ting-Lu
|-supereffective|p2a: Ting-Lu
|-damage|p2a: Ting-Lu|0 fnt
|faint|p2a: Ting-Lu
|
|-weather|none
|upkeep
|
|t:|1743866360
|switch|p2a: Slowking|Slowking-Galar, M|100/100
|turn|9
|
|t:|1743866367
|switch|p1a: Scizor|Scizor, F|100/100
|-damage|p1a: Scizor|84/100|[from] Spikes
|move|p2a: Slowking|Ice Beam|p1a: Scizor
|-resisted|p1a: Scizor
|-damage|p1a: Scizor|69/100
|
|-heal|p1a: Scizor|75/100|[from] item: Leftovers
|upkeep
|turn|10
|
|t:|1743866373
|move|p1a: Scizor|Defog|p2a: Slowking
|-unboost|p2a: Slowking|evasion|1
|-sideend|p1: Syaklin|Spikes|[from] move: Defog|[of] p1a: Scizor
|move|p2a: Slowking|Flamethrower|p1a: Scizor
|-supereffective|p1a: Scizor
|-damage|p1a: Scizor|0 fnt
|faint|p1a: Scizor
|
|upkeep
|
|t:|1743866382
|switch|p1a: Pelipper|Pelipper, F|37/100
|-weather|RainDance|[from] ability: Drizzle|[of] p1a: Pelipper
|turn|11
|
|t:|1743866386
|move|p1a: Pelipper|Roost|p1a: Pelipper
|-heal|p1a: Pelipper|87/100
|-singleturn|p1a: Pelipper|move: Roost
|move|p2a: Slowking|Sludge Bomb|p1a: Pelipper
|-crit|p1a: Pelipper
|-damage|p1a: Pelipper|5/100
|
|-weather|RainDance|[upkeep]
|upkeep
|turn|12
|
|t:|1743866394
|move|p1a: Pelipper|U-turn|p2a: Slowking
|-damage|p2a: Slowking|92/100
|
|t:|1743866398
|switch|p1a: Basculegion|Basculegion-F, F|100/100|[from] U-turn
|move|p2a: Slowking|Ice Beam|p1a: Basculegion
|-resisted|p1a: Basculegion
|-damage|p1a: Basculegion|83/100
|
|-weather|RainDance|[upkeep]
|upkeep
|turn|13
|
|t:|1743866406
|move|p1a: Basculegion|Shadow Ball|p2a: Slowking
|-supereffective|p2a: Slowking
|-damage|p2a: Slowking|41/100
|move|p2a: Slowking|Psyshock|p1a: Basculegion
|-crit|p1a: Basculegion
|-damage|p1a: Basculegion|7/100
|
|-weather|RainDance|[upkeep]
|upkeep
|turn|14
|
|t:|1743866414
|switch|p2a: Corviknight|Corviknight, M|100/100
|-ability|p2a: Corviknight|Pressure
|move|p1a: Basculegion|Shadow Ball|p2a: Corviknight
|-damage|p2a: Corviknight|48/100
|
|-weather|RainDance|[upkeep]
|-heal|p2a: Corviknight|54/100|[from] item: Leftovers
|upkeep
|turn|15
|
|t:|1743866420
|switch|p1a: Zapdos|Zapdos|100/100
|move|p2a: Corviknight|U-turn|p1a: Zapdos
|-resisted|p1a: Zapdos
|-damage|p1a: Zapdos|92/100
|
|t:|1743866426
|switch|p2a: Slowking|Slowking-Galar, M|74/100|[from] U-turn
|
|-weather|RainDance|[upkeep]
|upkeep
|turn|16
|
|t:|1743866436
|move|p1a: Zapdos|Thunder|p2a: Slowking
|-damage|p2a: Slowking|47/100
|move|p2a: Slowking|Ice Beam|p1a: Zapdos
|-supereffective|p1a: Zapdos
|-damage|p1a: Zapdos|23/100
|
|-weather|RainDance|[upkeep]
|upkeep
|turn|17
|
|t:|1743866443
|move|p1a: Zapdos|Roost|p1a: Zapdos
|-heal|p1a: Zapdos|73/100
|-singleturn|p1a: Zapdos|move: Roost
|move|p2a: Slowking|Ice Beam|p1a: Zapdos
|-damage|p1a: Zapdos|42/100
|
|-weather|RainDance|[upkeep]
|upkeep
|turn|18
|
|t:|1743866448
|switch|p1a: Basculegion|Basculegion-F, F|7/100
|move|p2a: Slowking|Ice Beam|p1a: Basculegion
|-resisted|p1a: Basculegion
|-damage|p1a: Basculegion|0 fnt
|faint|p1a: Basculegion
|
|-weather|none
|upkeep
|
|t:|1743866451
|switch|p1a: Pelipper|Pelipper, F|5/100
|-weather|RainDance|[from] ability: Drizzle|[of] p1a: Pelipper
|turn|19
|
|t:|1743866458
|move|p1a: Pelipper|Roost|p1a: Pelipper
|-heal|p1a: Pelipper|55/100
|-singleturn|p1a: Pelipper|move: Roost
|move|p2a: Slowking|Sludge Bomb|p1a: Pelipper
|-damage|p1a: Pelipper|0 fnt
|faint|p1a: Pelipper
|
|-weather|RainDance|[upkeep]
|upkeep
|
|t:|1743866462
|switch|p1a: Barraskewda|Barraskewda, M|100/100
|turn|20
|
|t:|1743866467
|move|p1a: Barraskewda|Poison Jab|p2a: Slowking
|-resisted|p2a: Slowking
|-damage|p2a: Slowking|25/100
|move|p2a: Slowking|Sludge Bomb|p1a: Barraskewda
|-damage|p1a: Barraskewda|0 fnt
|faint|p1a: Barraskewda
|
|-weather|RainDance|[upkeep]
|upkeep
|-message|Syaklin forfeited.
|
|win|YasTheTrainer
|raw|Syaklin's rating: 1387 &rarr; <strong>1366</strong><br />(-21 for losing)
|raw|YasTheTrainer's rating: 1375 &rarr; <strong>1396</strong><br />(+21 for winning)
|l|☆Syaklin
|player|p1|
