|j|☆edible eevee 333
|j|☆mustinj
|t:|1743920838
|gametype|singles
|player|p1|edible eevee 333|266|1162
|player|p2|mustinj|101|1187
|teamsize|p1|6
|teamsize|p2|6
|gen|9
|tier|[Gen 9] OU
|rated|
|rule|HP Percentage Mod: HP is shown in percentages
|rule|Endless Battle Clause: Forcing endless battles is banned
|rule|Species Clause: Limit one of each Pokémon
|rule|OHKO Clause: OHKO moves are banned
|rule|Evasion Items Clause: Evasion items are banned
|rule|Evasion Moves Clause: Evasion moves are banned
|rule|Sleep Moves Clause: Sleep-inducing moves are banned
|clearpoke
|poke|p1|Scream Tail|
|poke|p1|Corviknight, F|
|poke|p1|Dragapult, M|
|poke|p1|Slowking-Galar, M|
|poke|p1|Zarude|
|poke|p1|Iron Valiant|
|poke|p2|Dragonite, F|
|poke|p2|Ting-Lu|
|poke|p2|Gholdengo|
|poke|p2|Iron Valiant|
|poke|p2|Zamazenta-*|
|poke|p2|Kingambit, M|
|teampreview
|inactive|Battle timer is ON: inactive players will automatically lose when time's up. (requested by edible eevee 333)
|inactive|mustinj has 120 seconds left.
|c|☆edible eevee 333|nougat
|c|☆edible eevee 333|ffffnaf
|c|☆edible eevee 333|fna
|c|☆edible eevee 333|ffna
|c|☆edible eevee 333|fine
|c|☆edible eevee 333|make we wait''
|inactive|mustinj has 90 seconds left.
|
|t:|1743920915
|start
|switch|p1a: not named|Corviknight, F|100/100
|switch|p2a: Ting-Lu|Ting-Lu|100/100
|-ability|p2a: Ting-Lu|Vessel of Ruin
|turn|1
|
|t:|1743920936
|move|p1a: not named|Taunt|p2a: Ting-Lu
|-start|p2a: Ting-Lu|move: Taunt
|cant|p2a: Ting-Lu|move: Taunt|Stealth Rock
|
|upkeep
|turn|2
|inactive|mustinj has 120 seconds left.
|
|t:|1743920961
|move|p1a: not named|U-turn|p2a: Ting-Lu
|-supereffective|p2a: Ting-Lu
|-damage|p2a: Ting-Lu|85/100
|-enditem|p2a: Ting-Lu|Red Card|[of] p1a: not named
|drag|p1a: manke|Zarude|100/100
|move|p2a: Ting-Lu|Ruination|p1a: manke
|-damage|p1a: manke|51/100
|
|upkeep
|turn|3
|inactive|mustinj has 120 seconds left.
|inactive|edible eevee 333 has 120 seconds left.
|
|t:|1743920992
|switch|p2a: Gholdengo|Gholdengo|100/100
|-item|p2a: Gholdengo|Air Balloon
|move|p1a: manke|Power Whip|p2a: Gholdengo
|-resisted|p2a: Gholdengo
|-damage|p2a: Gholdengo|68/100
|-enditem|p2a: Gholdengo|Air Balloon
|
|upkeep
|turn|4
|inactive|mustinj has 90 seconds left.
|
|t:|1743921033
|switch|p1a: not named|Corviknight, F|100/100
|switch|p2a: Zamazenta|Zamazenta|100/100
|-ability|p2a: Zamazenta|Dauntless Shield|boost
|-boost|p2a: Zamazenta|def|1
|
|upkeep
|turn|5
|c|☆edible eevee 333|thinkinh hard i see
|inactive|edible eevee 333 has 120 seconds left.
|
|t:|1743921049
|move|p2a: Zamazenta|Howl|p2a: Zamazenta
|-boost|p2a: Zamazenta|atk|1
|move|p1a: not named|Taunt|p2a: Zamazenta
|-start|p2a: Zamazenta|move: Taunt
|
|upkeep
|turn|6
|inactive|mustinj has 60 seconds left.
|
|t:|1743921082
|move|p2a: Zamazenta|Ice Fang|p1a: not named
|-damage|p1a: not named|81/100
|-damage|p2a: Zamazenta|84/100|[from] item: Rocky Helmet|[of] p1a: not named
|move|p1a: not named|Roost|p1a: not named
|-heal|p1a: not named|100/100
|-singleturn|p1a: not named|move: Roost
|
|upkeep
|turn|7
|inactive|mustinj has 60 seconds left.
|
|t:|1743921100
|switch|p2a: Ting-Lu|Ting-Lu|85/100
|-ability|p2a: Ting-Lu|Vessel of Ruin
|move|p1a: not named|Defog|p2a: Ting-Lu
|-unboost|p2a: Ting-Lu|evasion|1
|
|upkeep
|turn|8
|
|t:|1743921110
|move|p1a: not named|Taunt|p2a: Ting-Lu
|-start|p2a: Ting-Lu|move: Taunt
|move|p2a: Ting-Lu|Ruination|p1a: not named
|-damage|p1a: not named|50/100
|
|upkeep
|turn|9
|inactive|mustinj has 60 seconds left.
|
|t:|1743921118
|move|p1a: not named|Roost|p1a: not named
|-heal|p1a: not named|100/100
|-singleturn|p1a: not named|move: Roost
|move|p2a: Ting-Lu|Ruination|p1a: not named
|-damage|p1a: not named|50/100
|
|upkeep
|turn|10
|
|t:|1743921129
|move|p1a: not named|Defog|p2a: Ting-Lu
|-unboost|p2a: Ting-Lu|evasion|1
|move|p2a: Ting-Lu|Earthquake|p1a: not named
|-immune|p1a: not named
|
|-end|p2a: Ting-Lu|move: Taunt
|upkeep
|turn|11
|
|t:|1743921138
|move|p1a: not named|Taunt|p2a: Ting-Lu
|-start|p2a: Ting-Lu|move: Taunt
|move|p2a: Ting-Lu|Earthquake|p1a: not named
|-immune|p1a: not named
|
|upkeep
|turn|12
|
|t:|1743921149
|move|p1a: not named|U-turn|p2a: Ting-Lu
|-supereffective|p2a: Ting-Lu
|-crit|p2a: Ting-Lu
|-damage|p2a: Ting-Lu|63/100
|
|t:|1743921159
|switch|p1a: i likes|Iron Valiant, shiny|100/100|[from] U-turn
|-enditem|p1a: i likes|Booster Energy
|-activate|p1a: i likes|ability: Quark Drive|[fromitem]
|-start|p1a: i likes|quarkdrivespe
|move|p2a: Ting-Lu|Ruination|p1a: i likes
|-damage|p1a: i likes|51/100
|
|upkeep
|turn|13
|c|☆mustinj|Playing on my phone lol
|
|t:|1743921177
|move|p1a: i likes|Close Combat|p2a: Ting-Lu
|-supereffective|p2a: Ting-Lu
|-damage|p2a: Ting-Lu|0 fnt
|-unboost|p1a: i likes|def|1
|-unboost|p1a: i likes|spd|1
|faint|p2a: Ting-Lu
|
|upkeep
|inactive|mustinj has 60 seconds left.
|
|t:|1743921207
|switch|p2a: Dragonite|Dragonite, F|100/100
|turn|14
|inactive|mustinj has 60 seconds left.
|
|t:|1743921223
|-terastallize|p2a: Dragonite|Ghost
|move|p1a: i likes|Knock Off|p2a: Dragonite
|-supereffective|p2a: Dragonite
|-damage|p2a: Dragonite|64/100
|-enditem|p2a: Dragonite|Heavy-Duty Boots|[from] move: Knock Off|[of] p1a: i likes
|move|p2a: Dragonite|Dragon Dance|p2a: Dragonite
|-boost|p2a: Dragonite|atk|1
|-boost|p2a: Dragonite|spe|1
|
|upkeep
|turn|15
|
|t:|1743921235
|move|p1a: i likes|Shadow Sneak|p2a: Dragonite
|-supereffective|p2a: Dragonite
|-damage|p2a: Dragonite|31/100
|move|p2a: Dragonite|Tera Blast|p1a: i likes|[anim] Tera Blast Ghost
|-damage|p1a: i likes|0 fnt
|faint|p1a: i likes
|-end|p1a: i likes|Quark Drive|[silent]
|
|upkeep
|inactive|edible eevee 333 has 120 seconds left.
|
|t:|1743921252
|switch|p1a: manke|Zarude|51/100
|turn|16
|inactive|mustinj has 60 seconds left.
|
|t:|1743921263
|move|p1a: manke|Knock Off|p2a: Dragonite
|-supereffective|p2a: Dragonite
|-damage|p2a: Dragonite|0 fnt
|faint|p2a: Dragonite
|
|upkeep
|
|t:|1743921268
|switch|p2a: Zamazenta|Zamazenta|84/100
|turn|17
|c|☆edible eevee 333|what a tera
|inactive|mustinj has 60 seconds left.
|
|t:|1743921276
|move|p1a: manke|Knock Off|p2a: Zamazenta
|-resisted|p2a: Zamazenta
|-damage|p2a: Zamazenta|62/100
|-enditem|p2a: Zamazenta|Clear Amulet|[from] move: Knock Off|[of] p1a: manke
|move|p2a: Zamazenta|Ice Fang|p1a: manke
|-supereffective|p1a: manke
|-damage|p1a: manke|12/100
|
|upkeep
|turn|18
|inactive|mustinj has 60 seconds left.
|
|t:|1743921287
|switch|p1a: not named|Corviknight, F|50/100
|move|p2a: Zamazenta|Ice Fang|p1a: not named|[miss]
|-miss|p2a: Zamazenta|p1a: not named
|
|upkeep
|turn|19
|inactive|mustinj has 60 seconds left.
|
|t:|1743921305
|move|p2a: Zamazenta|Ice Fang|p1a: not named
|-damage|p1a: not named|37/100
|-damage|p2a: Zamazenta|46/100|[from] item: Rocky Helmet|[of] p1a: not named
|cant|p1a: not named|flinch
|
|upkeep
|turn|20
|inactive|mustinj has 60 seconds left.
|c|☆edible eevee 333|you lucky bastarf
|
|t:|1743921319
|switch|p2a: Iron Valiant|Iron Valiant|100/100
|-enditem|p2a: Iron Valiant|Booster Energy
|-activate|p2a: Iron Valiant|ability: Quark Drive|[fromitem]
|-start|p2a: Iron Valiant|quarkdrivespe
|move|p1a: not named|Roost|p1a: not named
|-heal|p1a: not named|87/100
|-singleturn|p1a: not named|move: Roost
|
|upkeep
|turn|21
|inactive|mustinj has 60 seconds left.
|
|t:|1743921338
|move|p2a: Iron Valiant|Calm Mind|p2a: Iron Valiant
|-boost|p2a: Iron Valiant|spa|1
|-boost|p2a: Iron Valiant|spd|1
|move|p1a: not named|Taunt|p2a: Iron Valiant
|-start|p2a: Iron Valiant|move: Taunt
|
|upkeep
|turn|22
|
|t:|1743921353
|move|p2a: Iron Valiant|Thunderbolt|p1a: not named
|-supereffective|p1a: not named
|-damage|p1a: not named|0 fnt
|faint|p1a: not named
|
|upkeep
|
|t:|1743921359
|switch|p1a: blabbermouth|Scream Tail|100/100
|-enditem|p1a: blabbermouth|Booster Energy
|-activate|p1a: blabbermouth|ability: Protosynthesis|[fromitem]
|-start|p1a: blabbermouth|protosynthesisspe
|turn|23
|inactive|mustinj has 60 seconds left.
|inactive|edible eevee 333 has 120 seconds left.
|inactive|mustinj has 30 seconds left.
|
|t:|1743921409
|move|p2a: Iron Valiant|Moonblast|p1a: blabbermouth
|-damage|p1a: blabbermouth|43/100
|move|p1a: blabbermouth|Misty Explosion|p2a: Iron Valiant
|-supereffective|p2a: Iron Valiant
|-damage|p2a: Iron Valiant|13/100
|faint|p1a: blabbermouth
|-end|p1a: blabbermouth|Protosynthesis|[silent]
|
|upkeep
|inactive|mustinj has 30 seconds left this turn.
|
|t:|1743921415
|switch|p1a: manke|Zarude|12/100
|turn|24
|
|t:|1743921423
|move|p2a: Iron Valiant|Moonblast|p1a: manke
|-supereffective|p1a: manke
|-damage|p1a: manke|0 fnt
|faint|p1a: manke
|
|-end|p2a: Iron Valiant|move: Taunt
|upkeep
|
|t:|1743921426
|switch|p1a: might be a truck|Slowking-Galar, M|100/100
|turn|25
|inactive|edible eevee 333 has 120 seconds left.
|inactive|mustinj has 30 seconds left.
|
|t:|1743921452
|move|p2a: Iron Valiant|Thunderbolt|p1a: might be a truck
|-crit|p1a: might be a truck
|-damage|p1a: might be a truck|65/100
|move|p1a: might be a truck|Chilling Water|p2a: Iron Valiant
|-crit|p2a: Iron Valiant
|-damage|p2a: Iron Valiant|0 fnt
|faint|p2a: Iron Valiant
|-end|p2a: Iron Valiant|Quark Drive|[silent]
|
|upkeep
|inactive|mustinj has 30 seconds left this turn.
|inactive|mustinj has 20 seconds left.
|
|t:|1743921464
|switch|p2a: Zamazenta|Zamazenta|46/100
|turn|26
|inactive|mustinj has 30 seconds left this turn.
|
|t:|1743921471
|move|p2a: Zamazenta|Crunch|p1a: might be a truck
|-supereffective|p1a: might be a truck
|-damage|p1a: might be a truck|28/100
|move|p1a: might be a truck|Eerie Spell|p2a: Zamazenta
|-supereffective|p2a: Zamazenta
|-damage|p2a: Zamazenta|0 fnt
|faint|p2a: Zamazenta
|
|upkeep
|inactive|mustinj has 30 seconds left this turn.
|
|t:|1743921478
|switch|p2a: Gholdengo|Gholdengo|68/100
|turn|27
|inactive|mustinj has 30 seconds left.
|inactive|mustinj has 20 seconds left.
|
|t:|1743921503
|move|p2a: Gholdengo|Shadow Ball|p1a: might be a truck
|-supereffective|p1a: might be a truck
|-damage|p1a: might be a truck|0 fnt
|faint|p1a: might be a truck
|
|upkeep
|inactive|mustinj has 25 seconds left this turn.
|
|t:|1743921506
|switch|p1a: kasib berry|Dragapult, M|100/100
|turn|28
|inactive|mustinj has 30 seconds left.
|
|t:|1743921516
|-terastallize|p1a: kasib berry|Ghost
|move|p1a: kasib berry|Shadow Ball|p2a: Gholdengo
|-supereffective|p2a: Gholdengo
|-damage|p2a: Gholdengo|0 fnt
|faint|p2a: Gholdengo
|
|upkeep
|
|t:|1743921520
|switch|p2a: Kingambit|Kingambit, M|100/100
|-activate|p2a: Kingambit|ability: Supreme Overlord
|-start|p2a: Kingambit|fallen5|[silent]
|turn|29
|c|☆edible eevee 333|gg
|inactive|mustinj has 30 seconds left.
|
|t:|1743921536
|move|p1a: kasib berry|Shadow Ball|p2a: Kingambit
|-resisted|p2a: Kingambit
|-damage|p2a: Kingambit|59/100
|move|p2a: Kingambit|Kowtow Cleave|p1a: kasib berry
|-supereffective|p1a: kasib berry
|-damage|p1a: kasib berry|0 fnt
|faint|p1a: kasib berry
|
|win|mustinj
|raw|edible eevee 333's rating: 1162 &rarr; <strong>1139</strong><br />(-23 for losing)
|raw|mustinj's rating: 1187 &rarr; <strong>1210</strong><br />(+23 for winning)
|l|☆edible eevee 333
|player|p1|
|c|☆mustinj|Gg
|c|☆mustinj|The last guy is just crazy
|l|☆mustinj
|player|p2|
|j|☆mustinj
|player|p2|mustinj|101|
|l|☆mustinj
|player|p2|
