|j|☆TechBuster
|j|☆LetsgoBrandonJ
|t:|1743885103
|gametype|singles
|player|p1|TechBuster|265|1414
|player|p2|LetsgoBrandonJ|266|1451
|teamsize|p1|6
|teamsize|p2|6
|gen|9
|tier|[Gen 9] OU
|rated|
|rule|HP Percentage Mod: HP is shown in percentages
|rule|Endless Battle Clause: Forcing endless battles is banned
|rule|Species Clause: Limit one of each Pokémon
|rule|OHKO Clause: OHKO moves are banned
|rule|Evasion Items Clause: Evasion items are banned
|rule|Evasion Moves Clause: Evasion moves are banned
|rule|Sleep Moves Clause: Sleep-inducing moves are banned
|clearpoke
|poke|p1|Iron Crown|
|poke|p1|Iron Hands|
|poke|p1|Grimmsnarl, M|
|poke|p1|Great Tusk|
|poke|p1|Dragonite, M|
|poke|p1|Glimmora, M|
|poke|p2|Brute Bonnet|
|poke|p2|Hatterene, F|
|poke|p2|Torkoal, F|
|poke|p2|Walking Wake|
|poke|p2|Kingambit, M|
|poke|p2|Raging Bolt|
|teampreview
|
|t:|1743885116
|start
|switch|p1a: Toxic Sweeper|Glimmora, M|100/100
|switch|p2a: Torkoal|Torkoal, F|100/100
|-weather|SunnyDay|[from] ability: Drought|[of] p2a: Torkoal
|turn|1
|
|t:|1743885147
|switch|p2a: Hatterene|Hatterene, F|100/100
|move|p1a: Toxic Sweeper|Earth Power|p2a: Hatterene
|-damage|p2a: Hatterene|62/100
|-enditem|p2a: Hatterene|Eject Button
|
|t:|1743885155
|switch|p2a: Walking Wake|Walking Wake|100/100
|-activate|p2a: Walking Wake|ability: Protosynthesis
|-start|p2a: Walking Wake|protosynthesisspe
|
|-weather|SunnyDay|[upkeep]
|upkeep
|turn|2
|inactive|Battle timer is ON: inactive players will automatically lose when time's up. (requested by LetsgoBrandonJ)
|
|t:|1743885200
|switch|p1a: Fairy Reducer|Grimmsnarl, M, shiny|100/100
|move|p2a: Walking Wake|Hydro Steam|p1a: Fairy Reducer
|-damage|p1a: Fairy Reducer|19/100
|
|-weather|SunnyDay|[upkeep]
|upkeep
|turn|3
|
|t:|1743885208
|move|p1a: Fairy Reducer|Light Screen|p1a: Fairy Reducer
|-sidestart|p1: TechBuster|move: Light Screen
|move|p2a: Walking Wake|Hydro Steam|p1a: Fairy Reducer
|-damage|p1a: Fairy Reducer|0 fnt
|faint|p1a: Fairy Reducer
|
|-weather|SunnyDay|[upkeep]
|upkeep
|
|t:|1743885216
|switch|p1a: Big Sweeper|Dragonite, M|100/100
|turn|4
|
|t:|1743885223
|-end|p2a: Walking Wake|Protosynthesis|[silent]
|switch|p2a: Kingambit|Kingambit, M|100/100
|move|p1a: Big Sweeper|Dragon Dance|p1a: Big Sweeper
|-boost|p1a: Big Sweeper|atk|1
|-boost|p1a: Big Sweeper|spe|1
|
|-weather|SunnyDay|[upkeep]
|upkeep
|turn|5
|inactive|TechBuster has 120 seconds left.
|inactive|TechBuster has 90 seconds left.
|
|t:|1743885309
|-terastallize|p1a: Big Sweeper|Fire
|-terastallize|p2a: Kingambit|Dark
|move|p1a: Big Sweeper|Fire Punch|p2a: Kingambit
|-damage|p2a: Kingambit|13/100
|move|p2a: Kingambit|Kowtow Cleave|p1a: Big Sweeper
|-damage|p1a: Big Sweeper|63/100
|
|-weather|SunnyDay|[upkeep]
|upkeep
|turn|6
|
|t:|1743885331
|-end|p2a: Kingambit|fallenundefined|[silent]
|switch|p2a: Hatterene|Hatterene, F|62/100
|move|p1a: Big Sweeper|Encore|p2a: Hatterene
|move|p2a: Hatterene|Encore||[from] ability: Magic Bounce|[still]
|-fail|p2a: Hatterene
|
|-weather|SunnyDay|[upkeep]
|upkeep
|turn|7
|
|t:|1743885341
|move|p1a: Big Sweeper|Fire Punch|p2a: Hatterene
|-damage|p2a: Hatterene|0 fnt
|faint|p2a: Hatterene
|
|-weather|SunnyDay|[upkeep]
|upkeep
|
|t:|1743885352
|switch|p2a: Raging Bolt|Raging Bolt|100/100
|-activate|p2a: Raging Bolt|ability: Protosynthesis
|-start|p2a: Raging Bolt|protosynthesisspa
|turn|8
|inactive|TechBuster has 90 seconds left.
|inactive|TechBuster has 60 seconds left.
|
|t:|1743885399
|move|p1a: Big Sweeper|Scale Shot|p2a: Raging Bolt
|-supereffective|p2a: Raging Bolt
|-damage|p2a: Raging Bolt|62/100
|-supereffective|p2a: Raging Bolt
|-damage|p2a: Raging Bolt|22/100
|-supereffective|p2a: Raging Bolt
|-damage|p2a: Raging Bolt|0 fnt
|faint|p2a: Raging Bolt
|-end|p2a: Raging Bolt|Protosynthesis|[silent]
|-hitcount|p2: Raging Bolt|3
|-unboost|p1a: Big Sweeper|def|1
|-boost|p1a: Big Sweeper|spe|1
|
|-weather|none
|upkeep
|
|t:|1743885413
|switch|p2a: Acid Trip|Brute Bonnet|100/100
|turn|9
|
|t:|1743885417
|move|p2a: Acid Trip|Sucker Punch|p1a: Big Sweeper
|-crit|p1a: Big Sweeper
|-damage|p1a: Big Sweeper|0 fnt
|faint|p1a: Big Sweeper
|
|upkeep
|inactive|TechBuster has 60 seconds left.
|
|t:|1743885430
|switch|p1a: ZachuVGC|Iron Hands|100/100
|turn|10
|
|t:|1743885435
|-end|p2a: Acid Trip|Protosynthesis|[silent]
|switch|p2a: Torkoal|Torkoal, F|100/100
|-weather|SunnyDay|[from] ability: Drought|[of] p2a: Torkoal
|move|p1a: ZachuVGC|Swords Dance|p1a: ZachuVGC
|-boost|p1a: ZachuVGC|atk|2
|
|-weather|SunnyDay|[upkeep]
|-sideend|p1: TechBuster|move: Light Screen
|upkeep
|turn|11
|
|t:|1743885444
|move|p1a: ZachuVGC|Drain Punch|p2a: Torkoal
|-damage|p2a: Torkoal|58/100
|move|p2a: Torkoal|Lava Plume|p1a: ZachuVGC
|-damage|p1a: ZachuVGC|69/100
|
|-weather|SunnyDay|[upkeep]
|-heal|p1a: ZachuVGC|75/100|[from] item: Leftovers
|upkeep
|turn|12
|
|t:|1743885454
|move|p1a: ZachuVGC|Drain Punch|p2a: Torkoal
|-damage|p2a: Torkoal|16/100
|-heal|p1a: ZachuVGC|90/100|[from] drain|[of] p2a: Torkoal
|move|p2a: Torkoal|Lava Plume|p1a: ZachuVGC
|-damage|p1a: ZachuVGC|59/100
|
|-weather|SunnyDay|[upkeep]
|-heal|p1a: ZachuVGC|65/100|[from] item: Leftovers
|upkeep
|turn|13
|
|t:|1743885464
|move|p1a: ZachuVGC|Drain Punch|p2a: Torkoal
|-damage|p2a: Torkoal|0 fnt
|-heal|p1a: ZachuVGC|71/100|[from] drain|[of] p2a: Torkoal
|faint|p2a: Torkoal
|
|-weather|SunnyDay|[upkeep]
|-heal|p1a: ZachuVGC|77/100|[from] item: Leftovers
|upkeep
|
|t:|1743885474
|switch|p2a: Walking Wake|Walking Wake|100/100
|-activate|p2a: Walking Wake|ability: Protosynthesis
|-start|p2a: Walking Wake|protosynthesisspe
|turn|14
|inactive|TechBuster has 90 seconds left.
|
|t:|1743885482
|move|p2a: Walking Wake|Hydro Steam|p1a: ZachuVGC
|-damage|p1a: ZachuVGC|4/100
|move|p1a: ZachuVGC|Drain Punch|p2a: Walking Wake
|-damage|p2a: Walking Wake|12/100
|-heal|p1a: ZachuVGC|33/100|[from] drain|[of] p2a: Walking Wake
|
|-weather|SunnyDay|[upkeep]
|-heal|p1a: ZachuVGC|39/100|[from] item: Leftovers
|upkeep
|turn|15
|
|t:|1743885492
|move|p2a: Walking Wake|Hydro Steam|p1a: ZachuVGC
|-damage|p1a: ZachuVGC|0 fnt
|faint|p1a: ZachuVGC
|-end|p1a: ZachuVGC|Quark Drive|[silent]
|
|-weather|SunnyDay|[upkeep]
|upkeep
|
|t:|1743885497
|switch|p1a: Metallic Sweeper|Iron Crown|100/100
|-enditem|p1a: Metallic Sweeper|Booster Energy
|-activate|p1a: Metallic Sweeper|ability: Quark Drive|[fromitem]
|-start|p1a: Metallic Sweeper|quarkdrivespe
|turn|16
|inactive|TechBuster has 90 seconds left.
|
|t:|1743885543
|-end|p2a: Walking Wake|Protosynthesis|[silent]
|switch|p2a: Acid Trip|Brute Bonnet|100/100
|-activate|p2a: Acid Trip|ability: Protosynthesis
|-start|p2a: Acid Trip|protosynthesisatk
|-end|p1a: Metallic Sweeper|Quark Drive|[silent]
|switch|p1a: Toxic Sweeper|Glimmora, M|100/100
|
|-weather|SunnyDay|[upkeep]
|upkeep
|turn|17
|inactive|TechBuster has 60 seconds left.
|
|t:|1743885565
|-end|p2a: Acid Trip|Protosynthesis|[silent]
|switch|p2a: Kingambit|Kingambit, M, tera:Dark|13/100
|-activate|p2a: Kingambit|ability: Supreme Overlord
|-start|p2a: Kingambit|fallen3|[silent]
|move|p1a: Toxic Sweeper|Meteor Beam||[still]
|-prepare|p1a: Toxic Sweeper|Meteor Beam
|-boost|p1a: Toxic Sweeper|spa|1
|-enditem|p1a: Toxic Sweeper|Power Herb
|-anim|p1a: Toxic Sweeper|Meteor Beam|p2a: Kingambit
|-damage|p2a: Kingambit|0 fnt
|faint|p2a: Kingambit
|-end|p2a: Kingambit|fallen3|[silent]
|
|-weather|none
|upkeep
|
|t:|1743885579
|switch|p2a: Walking Wake|Walking Wake|12/100
|turn|18
|inactive|TechBuster has 60 seconds left.
|
|t:|1743885591
|move|p2a: Walking Wake|Hydro Steam|p1a: Toxic Sweeper
|-supereffective|p1a: Toxic Sweeper
|-damage|p1a: Toxic Sweeper|0 fnt
|faint|p1a: Toxic Sweeper
|
|upkeep
|
|t:|1743885596
|switch|p1a: Ancient Sweeper|Great Tusk|100/100
|-enditem|p1a: Ancient Sweeper|Booster Energy
|-activate|p1a: Ancient Sweeper|ability: Protosynthesis|[fromitem]
|-start|p1a: Ancient Sweeper|protosynthesisspe
|turn|19
|
|t:|1743885601
|-end|p2a: Walking Wake|Protosynthesis|[silent]
|switch|p2a: Acid Trip|Brute Bonnet|100/100
|move|p1a: Ancient Sweeper|Ice Spinner|p2a: Acid Trip
|-supereffective|p2a: Acid Trip
|-damage|p2a: Acid Trip|58/100
|
|upkeep
|turn|20
|
|t:|1743885617
|move|p1a: Ancient Sweeper|Ice Spinner|p2a: Acid Trip
|-supereffective|p2a: Acid Trip
|-damage|p2a: Acid Trip|20/100
|move|p2a: Acid Trip|Bullet Seed|p1a: Ancient Sweeper
|-supereffective|p1a: Ancient Sweeper
|-damage|p1a: Ancient Sweeper|83/100
|-supereffective|p1a: Ancient Sweeper
|-damage|p1a: Ancient Sweeper|65/100
|-supereffective|p1a: Ancient Sweeper
|-damage|p1a: Ancient Sweeper|46/100
|-supereffective|p1a: Ancient Sweeper
|-damage|p1a: Ancient Sweeper|26/100
|-supereffective|p1a: Ancient Sweeper
|-damage|p1a: Ancient Sweeper|8/100
|-hitcount|p1a: Ancient Sweeper|5
|
|upkeep
|turn|21
|
|t:|1743885630
|move|p2a: Acid Trip|Sucker Punch||[still]
|-fail|p2a: Acid Trip
|move|p1a: Ancient Sweeper|Bulk Up|p1a: Ancient Sweeper
|-boost|p1a: Ancient Sweeper|atk|1
|-boost|p1a: Ancient Sweeper|def|1
|
|upkeep
|turn|22
|
|t:|1743885637
|move|p2a: Acid Trip|Sucker Punch||[still]
|-fail|p2a: Acid Trip
|move|p1a: Ancient Sweeper|Bulk Up|p1a: Ancient Sweeper
|-boost|p1a: Ancient Sweeper|atk|1
|-boost|p1a: Ancient Sweeper|def|1
|
|upkeep
|turn|23
|inactive|TechBuster has 90 seconds left.
|
|t:|1743885651
|move|p2a: Acid Trip|Sucker Punch|p1a: Ancient Sweeper
|-resisted|p1a: Ancient Sweeper
|-damage|p1a: Ancient Sweeper|3/100
|move|p1a: Ancient Sweeper|Ice Spinner|p2a: Acid Trip
|-supereffective|p2a: Acid Trip
|-damage|p2a: Acid Trip|0 fnt
|faint|p2a: Acid Trip
|-end|p2a: Acid Trip|Protosynthesis|[silent]
|
|upkeep
|
|t:|1743885660
|switch|p2a: Walking Wake|Walking Wake|12/100
|turn|24
|inactive|TechBuster has 90 seconds left.
|
|t:|1743885684
|move|p1a: Ancient Sweeper|Ice Spinner|p2a: Walking Wake
|-damage|p2a: Walking Wake|0 fnt
|faint|p2a: Walking Wake
|-end|p2a: Walking Wake|Protosynthesis|[silent]
|
|win|TechBuster
|raw|TechBuster's rating: 1414 &rarr; <strong>1436</strong><br />(+22 for winning)
|raw|LetsgoBrandonJ's rating: 1451 &rarr; <strong>1429</strong><br />(-22 for losing)
|l|☆TechBuster
|player|p1|
|l|☆LetsgoBrandonJ
|player|p2|
