|j|☆constratusa
|j|☆waffledogefern
|t:|1743859880
|gametype|singles
|player|p1|constratusa|ghetsis-gen5bw|1049
|player|p2|waffledogefern|blackbelt-gen4dp|1085
|teamsize|p1|6
|teamsize|p2|6
|gen|9
|tier|[Gen 9] OU
|rated|
|rule|HP Percentage Mod: HP is shown in percentages
|rule|Endless Battle Clause: Forcing endless battles is banned
|rule|Species Clause: Limit one of each Pokémon
|rule|OHKO Clause: OHKO moves are banned
|rule|Evasion Items Clause: Evasion items are banned
|rule|Evasion Moves Clause: Evasion moves are banned
|rule|Sleep Moves Clause: Sleep-inducing moves are banned
|clearpoke
|poke|p1|Mimikyu, M|
|poke|p1|Espurr, M|
|poke|p1|Smeargle, M|
|poke|p1|Decidueye-Hisui, F|
|poke|p1|Diancie|
|poke|p1|Trapinch, F|
|poke|p2|Zamazenta-*|
|poke|p2|Kingambit, M|
|poke|p2|Samurott-Hisui, M|
|poke|p2|Landorus-Therian, M|
|poke|p2|Iron Valiant|
|poke|p2|Iron Moth|
|teampreview
|inactive|Battle timer is ON: inactive players will automatically lose when time's up. (requested by constratusa)
|
|t:|1743859890
|start
|switch|p1a: Fav pok team|Smeargle, M|100/100
|switch|p2a: Samurott|Samurott-Hisui, M|100/100
|turn|1
|
|t:|1743859896
|move|p2a: Samurott|Ceaseless Edge|p1a: Fav pok team|[miss]
|-miss|p2a: Samurott|p1a: Fav pok team
|move|p1a: Fav pok team|Speed Swap|p2a: Samurott
|-activate|p1a: Fav pok team|move: Speed Swap|[of] p2a: Samurott
|
|upkeep
|turn|2
|
|t:|1743859906
|move|p1a: Fav pok team|Baneful Bunker|p1a: Fav pok team
|-singleturn|p1a: Fav pok team|move: Protect
|move|p2a: Samurott|Ceaseless Edge|p1a: Fav pok team
|-activate|p1a: Fav pok team|move: Protect
|-status|p2a: Samurott|psn
|
|-damage|p2a: Samurott|88/100 psn|[from] psn
|upkeep
|turn|3
|
|t:|1743859919
|move|p1a: Fav pok team|Destiny Bond|p1a: Fav pok team
|-singlemove|p1a: Fav pok team|Destiny Bond
|move|p2a: Samurott|Ceaseless Edge|p1a: Fav pok team
|-damage|p1a: Fav pok team|34/100
|-sidestart|p1: constratusa|Spikes
|
|-damage|p2a: Samurott|76/100 psn|[from] psn
|upkeep
|turn|4
|
|t:|1743859934
|move|p1a: Fav pok team|Baneful Bunker|p1a: Fav pok team
|-singleturn|p1a: Fav pok team|move: Protect
|move|p2a: Samurott|Ceaseless Edge|p1a: Fav pok team
|-activate|p1a: Fav pok team|move: Protect
|
|-damage|p2a: Samurott|63/100 psn|[from] psn
|upkeep
|turn|5
|
|t:|1743859947
|move|p1a: Fav pok team|Destiny Bond|p1a: Fav pok team
|-singlemove|p1a: Fav pok team|Destiny Bond
|move|p2a: Samurott|Ceaseless Edge|p1a: Fav pok team
|-damage|p1a: Fav pok team|0 fnt
|-sidestart|p1: constratusa|Spikes
|faint|p1a: Fav pok team
|-activate|p1a: Fav pok team|move: Destiny Bond
|faint|p2a: Samurott
|
|upkeep
|
|t:|1743859955
|switch|p2a: Zamazenta|Zamazenta|100/100
|switch|p1a: Espurr|Espurr, M|100/100
|-ability|p2a: Zamazenta|Dauntless Shield|boost
|-boost|p2a: Zamazenta|def|1
|-damage|p1a: Espurr|84/100|[from] Spikes
|turn|6
|
|t:|1743859973
|switch|p2a: Landorus|Landorus-Therian, M|100/100
|-ability|p2a: Landorus|Intimidate|boost
|-unboost|p1a: Espurr|atk|1
|move|p1a: Espurr|Trick Room|p1a: Espurr
|-fieldstart|move: Trick Room|[of] p1a: Espurr
|
|upkeep
|turn|7
|
|t:|1743859984
|move|p1a: Espurr|Trick|p2a: Landorus
|-activate|p1a: Espurr|move: Trick|[of] p2a: Landorus
|-item|p2a: Landorus|Eviolite|[from] move: Trick
|-item|p1a: Espurr|Rocky Helmet|[from] move: Trick
|move|p2a: Landorus|Stealth Rock|p1a: Espurr
|-sidestart|p1: constratusa|move: Stealth Rock
|
|upkeep
|turn|8
|
|t:|1743859994
|move|p1a: Espurr|Psychic Noise|p2a: Landorus
|-damage|p2a: Landorus|76/100
|-start|p2a: Landorus|move: Heal Block
|move|p2a: Landorus|Taunt|p1a: Espurr
|-start|p1a: Espurr|move: Taunt
|
|upkeep
|turn|9
|
|t:|1743860002
|move|p1a: Espurr|Psychic Noise|p2a: Landorus
|-damage|p2a: Landorus|50/100
|move|p2a: Landorus|Earthquake|p1a: Espurr
|-damage|p1a: Espurr|14/100
|
|-end|p2a: Landorus|move: Heal Block
|upkeep
|turn|10
|
|t:|1743860018
|move|p1a: Espurr|Psychic Noise|p2a: Landorus
|-damage|p2a: Landorus|21/100
|-start|p2a: Landorus|move: Heal Block
|move|p2a: Landorus|Earthquake|p1a: Espurr
|-damage|p1a: Espurr|0 fnt
|faint|p1a: Espurr
|
|-fieldend|move: Trick Room
|upkeep
|
|t:|1743860023
|switch|p1a: Me boy|Trapinch, F|100/100
|-damage|p1a: Me boy|84/100|[from] Spikes
|-damage|p1a: Me boy|78/100|[from] Stealth Rock
|turn|11
|inactive|waffledogefern has 120 seconds left.
|
|t:|1743860063
|move|p1a: Me boy|Protect|p1a: Me boy
|-singleturn|p1a: Me boy|Protect
|move|p2a: Landorus|U-turn|p1a: Me boy
|-activate|p1a: Me boy|move: Protect
|
|-end|p2a: Landorus|move: Heal Block
|upkeep
|turn|12
|inactive|waffledogefern has 120 seconds left.
|
|t:|1743860074
|move|p2a: Landorus|Taunt|p1a: Me boy
|-start|p1a: Me boy|move: Taunt
|cant|p1a: Me boy|move: Taunt|Stealth Rock
|
|upkeep
|turn|13
|inactive|waffledogefern has 120 seconds left.
|
|t:|1743860097
|move|p2a: Landorus|U-turn|p1a: Me boy
|-damage|p1a: Me boy|27/100
|
|t:|1743860100
|switch|p2a: Zamazenta|Zamazenta|100/100|[from] U-turn
|move|p1a: Me boy|Flail|p2a: Zamazenta
|-damage|p2a: Zamazenta|83/100
|
|-heal|p2a: Zamazenta|89/100|[from] item: Leftovers
|upkeep
|turn|14
|inactive|waffledogefern has 120 seconds left.
|
|t:|1743860107
|move|p1a: Me boy|Quick Attack|p2a: Zamazenta
|-damage|p2a: Zamazenta|79/100
|move|p2a: Zamazenta|Iron Defense|p2a: Zamazenta
|-boost|p2a: Zamazenta|def|2
|
|-heal|p2a: Zamazenta|85/100|[from] item: Leftovers
|-end|p1a: Me boy|move: Taunt
|upkeep
|turn|15
|
|t:|1743860115
|move|p2a: Zamazenta|Iron Defense|p2a: Zamazenta
|-boost|p2a: Zamazenta|def|2
|move|p1a: Me boy|Stealth Rock|p2a: Zamazenta
|-sidestart|p2: waffledogefern|move: Stealth Rock
|
|-heal|p2a: Zamazenta|91/100|[from] item: Leftovers
|upkeep
|turn|16
|
|t:|1743860124
|move|p2a: Zamazenta|Iron Defense|p2a: Zamazenta
|-boost|p2a: Zamazenta|def|2
|move|p1a: Me boy|Flail|p2a: Zamazenta
|-damage|p2a: Zamazenta|86/100
|
|-heal|p2a: Zamazenta|92/100|[from] item: Leftovers
|upkeep
|turn|17
|
|t:|1743860131
|move|p2a: Zamazenta|Body Press|p1a: Me boy
|-damage|p1a: Me boy|0 fnt
|faint|p1a: Me boy
|
|-heal|p2a: Zamazenta|99/100|[from] item: Leftovers
|upkeep
|
|t:|1743860139
|switch|p1a: Mimikyu|Mimikyu, M|100/100
|-damage|p1a: Mimikyu|84/100|[from] Spikes
|-damage|p1a: Mimikyu|71/100|[from] Stealth Rock
|turn|18
|
|t:|1743860164
|move|p2a: Zamazenta|Crunch|p1a: Mimikyu
|-activate|p1a: Mimikyu|ability: Disguise
|-damage|p1a: Mimikyu|71/100
|detailschange|p1a: Mimikyu|Mimikyu-Busted, M
|-damage|p1a: Mimikyu|59/100|[from] pokemon: Mimikyu-Busted
|move|p1a: Mimikyu|Substitute|p1a: Mimikyu
|-start|p1a: Mimikyu|Substitute
|-damage|p1a: Mimikyu|34/100
|
|-heal|p2a: Zamazenta|100/100|[from] item: Leftovers
|upkeep
|turn|19
|
|t:|1743860177
|move|p1a: Mimikyu|Play Rough|p2a: Zamazenta
|-supereffective|p2a: Zamazenta
|-damage|p2a: Zamazenta|88/100
|move|p2a: Zamazenta|Roar|p1a: Mimikyu
|drag|p1a: Decidueye|Decidueye-Hisui, F|100/100
|-damage|p1a: Decidueye|84/100|[from] Spikes
|-damage|p1a: Decidueye|78/100|[from] Stealth Rock
|
|-heal|p2a: Zamazenta|94/100|[from] item: Leftovers
|upkeep
|turn|20
|
|t:|1743860190
|move|p1a: Decidueye|Protect|p1a: Decidueye
|-singleturn|p1a: Decidueye|Protect
|move|p2a: Zamazenta|Body Press|p1a: Decidueye
|-activate|p1a: Decidueye|move: Protect
|
|-heal|p2a: Zamazenta|100/100|[from] item: Leftovers
|upkeep
|turn|21
|
|t:|1743860196
|move|p2a: Zamazenta|Body Press|p1a: Decidueye
|-damage|p1a: Decidueye|0 fnt
|faint|p1a: Decidueye
|
|upkeep
|
|t:|1743860200
|switch|p1a: Mimikyu|Mimikyu-Busted, M|34/100
|-damage|p1a: Mimikyu|17/100|[from] Spikes
|-damage|p1a: Mimikyu|5/100|[from] Stealth Rock
|turn|22
|
|t:|1743860204
|move|p1a: Mimikyu|Shadow Sneak|p2a: Zamazenta
|-damage|p2a: Zamazenta|98/100
|move|p2a: Zamazenta|Crunch|p1a: Mimikyu
|-damage|p1a: Mimikyu|0 fnt
|faint|p1a: Mimikyu
|
|-heal|p2a: Zamazenta|100/100|[from] item: Leftovers
|upkeep
|
|t:|1743860206
|switch|p1a: Diancie|Diancie, shiny|100/100
|-damage|p1a: Diancie|84/100|[from] Spikes
|-damage|p1a: Diancie|72/100|[from] Stealth Rock
|turn|23
|
|t:|1743860214
|-terastallize|p1a: Diancie|Flying
|move|p2a: Zamazenta|Body Press|p1a: Diancie
|-resisted|p1a: Diancie
|-damage|p1a: Diancie|27/100
|move|p1a: Diancie|Diamond Storm|p2a: Zamazenta
|-resisted|p2a: Zamazenta
|-damage|p2a: Zamazenta|97/100
|-boost|p1a: Diancie|def|2
|
|-heal|p2a: Zamazenta|100/100|[from] item: Leftovers
|-heal|p1a: Diancie|33/100|[from] item: Leftovers
|upkeep
|turn|24
|
|t:|1743860220
|move|p2a: Zamazenta|Crunch|p1a: Diancie
|-damage|p1a: Diancie|26/100
|move|p1a: Diancie|Stored Power|p2a: Zamazenta
|-supereffective|p2a: Zamazenta
|-damage|p2a: Zamazenta|79/100
|
|-heal|p2a: Zamazenta|85/100|[from] item: Leftovers
|-heal|p1a: Diancie|32/100|[from] item: Leftovers
|upkeep
|turn|25
|
|t:|1743860230
|move|p2a: Zamazenta|Body Press|p1a: Diancie
|-resisted|p1a: Diancie
|-crit|p1a: Diancie
|-damage|p1a: Diancie|0 fnt
|faint|p1a: Diancie
|
|win|waffledogefern
|raw|constratusa's rating: 1049 &rarr; <strong>1033</strong><br />(-16 for losing)
|raw|waffledogefern's rating: 1085 &rarr; <strong>1109</strong><br />(+24 for winning)
|l|☆constratusa
|player|p1|
