|j|☆CutestEduck1
|j|☆WonderGuardWill
|t:|1743800657
|gametype|singles
|player|p1|CutestEduck1|dawn-gen4pt|1374
|player|p2|WonderGuardWill|dancer|1371
|teamsize|p1|6
|teamsize|p2|6
|gen|9
|tier|[Gen 9] OU
|rated|
|rule|HP Percentage Mod: HP is shown in percentages
|rule|Endless Battle Clause: Forcing endless battles is banned
|rule|Species Clause: Limit one of each Pokémon
|rule|OHKO Clause: OHKO moves are banned
|rule|Evasion Items Clause: Evasion items are banned
|rule|Evasion Moves Clause: Evasion moves are banned
|rule|Sleep Moves Clause: Sleep-inducing moves are banned
|clearpoke
|poke|p1|Meowscarada, M|
|poke|p1|Latios, M|
|poke|p1|Pecharunt|
|poke|p1|Tinkaton, F|
|poke|p1|Samurott-Hisui, M|
|poke|p1|Great Tusk|
|poke|p2|Darkrai|
|poke|p2|Garganacl, M|
|poke|p2|Espeon, M|
|poke|p2|Clodsire, F|
|poke|p2|Heatran, M|
|poke|p2|Gholdengo|
|teampreview
|inactive|Battle timer is ON: inactive players will automatically lose when time's up. (requested by CutestEduck1)
|
|t:|1743800680
|start
|switch|p1a: Meowscarada|Meowscarada, M|100/100
|switch|p2a: Garganacl|Garganacl, M|100/100
|turn|1
|
|t:|1743800694
|move|p2a: Garganacl|Protect|p2a: Garganacl
|-singleturn|p2a: Garganacl|Protect
|move|p1a: Meowscarada|Flower Trick|p2a: Garganacl
|-start|p1a: Meowscarada|typechange|Grass|[from] ability: Protean
|-activate|p2a: Garganacl|move: Protect
|
|upkeep
|turn|2
|
|t:|1743800702
|-terastallize|p2a: Garganacl|Flying
|move|p1a: Meowscarada|Flower Trick|p2a: Garganacl
|-resisted|p2a: Garganacl
|-crit|p2a: Garganacl
|-damage|p2a: Garganacl|89/100
|move|p2a: Garganacl|Salt Cure|p1a: Meowscarada
|-damage|p1a: Meowscarada|80/100
|-start|p1a: Meowscarada|Salt Cure
|
|-heal|p2a: Garganacl|95/100|[from] item: Leftovers
|-damage|p1a: Meowscarada|67/100|[from] Salt Cure
|upkeep
|turn|3
|
|t:|1743800714
|switch|p1a: Pecharunt|Pecharunt|100/100
|move|p2a: Garganacl|Salt Cure|p1a: Pecharunt
|-damage|p1a: Pecharunt|92/100
|-start|p1a: Pecharunt|Salt Cure
|
|-heal|p2a: Garganacl|100/100|[from] item: Leftovers
|-damage|p1a: Pecharunt|79/100|[from] Salt Cure
|upkeep
|turn|4
|
|t:|1743800718
|move|p2a: Garganacl|Protect|p2a: Garganacl
|-singleturn|p2a: Garganacl|Protect
|move|p1a: Pecharunt|Recover|p1a: Pecharunt
|-heal|p1a: Pecharunt|100/100
|
|-damage|p1a: Pecharunt|88/100|[from] Salt Cure
|upkeep
|turn|5
|
|t:|1743800722
|switch|p2a: Gholdengo|Gholdengo|100/100
|move|p1a: Pecharunt|Parting Shot|p2a: Gholdengo
|-immune|p2a: Gholdengo|[from] ability: Good as Gold
|
|-damage|p1a: Pecharunt|76/100|[from] Salt Cure
|upkeep
|turn|6
|
|t:|1743800725
|switch|p1a: Samurott|Samurott-Hisui, M|100/100
|move|p2a: Gholdengo|Shadow Ball|p1a: Samurott
|-resisted|p1a: Samurott
|-damage|p1a: Samurott|85/100
|-unboost|p1a: Samurott|spd|1
|
|upkeep
|turn|7
|
|t:|1743800731
|switch|p2a: Garganacl|Garganacl, M, tera:Flying|100/100
|move|p1a: Samurott|Ceaseless Edge|p2a: Garganacl
|-damage|p2a: Garganacl|77/100
|-sidestart|p2: WonderGuardWill|Spikes
|
|-heal|p2a: Garganacl|84/100|[from] item: Leftovers
|upkeep
|turn|8
|
|t:|1743800734
|move|p1a: Samurott|Flip Turn|p2a: Garganacl
|-damage|p2a: Garganacl|69/100
|
|t:|1743800736
|switch|p1a: Latios|Latios, M|100/100|[from] Flip Turn
|move|p2a: Garganacl|Salt Cure|p1a: Latios
|-crit|p1a: Latios
|-damage|p1a: Latios|74/100
|-start|p1a: Latios|Salt Cure
|
|-heal|p2a: Garganacl|75/100|[from] item: Leftovers
|-damage|p1a: Latios|62/100|[from] Salt Cure
|upkeep
|turn|9
|
|t:|1743800741
|switch|p2a: Gholdengo|Gholdengo|100/100
|-damage|p2a: Gholdengo|88/100|[from] Spikes
|move|p1a: Latios|Thunderbolt|p2a: Gholdengo
|-damage|p2a: Gholdengo|27/100
|
|-damage|p1a: Latios|50/100|[from] Salt Cure
|upkeep
|turn|10
|
|t:|1743800745
|move|p2a: Gholdengo|Trick|p1a: Latios
|-activate|p2a: Gholdengo|move: Trick|[of] p1a: Latios
|-item|p1a: Latios|Choice Scarf|[from] move: Trick
|-item|p2a: Gholdengo|Choice Specs|[from] move: Trick
|move|p1a: Latios|Thunderbolt|p2a: Gholdengo
|-damage|p2a: Gholdengo|0 fnt
|faint|p2a: Gholdengo
|
|-damage|p1a: Latios|37/100|[from] Salt Cure
|upkeep
|
|t:|1743800750
|switch|p2a: Clodsire|Clodsire, F|100/100
|-damage|p2a: Clodsire|88/100|[from] Spikes
|turn|11
|
|t:|1743800758
|switch|p1a: Pecharunt|Pecharunt|76/100
|move|p2a: Clodsire|Toxic Spikes|p1a: Pecharunt
|-sidestart|p1: CutestEduck1|move: Toxic Spikes
|
|-heal|p2a: Clodsire|94/100|[from] item: Leftovers
|upkeep
|turn|12
|
|t:|1743800781
|move|p1a: Pecharunt|Parting Shot|p2a: Clodsire
|-unboost|p2a: Clodsire|atk|1
|-unboost|p2a: Clodsire|spa|1
|
|t:|1743800790
|switch|p1a: Great Tusk|Great Tusk|100/100|[from] Parting Shot
|-status|p1a: Great Tusk|psn
|-enditem|p1a: Great Tusk|Booster Energy
|-activate|p1a: Great Tusk|ability: Protosynthesis|[fromitem]
|-start|p1a: Great Tusk|protosynthesisatk
|move|p2a: Clodsire|Toxic Spikes|p1a: Great Tusk
|-sidestart|p1: CutestEduck1|move: Toxic Spikes
|
|-heal|p2a: Clodsire|100/100|[from] item: Leftovers
|-damage|p1a: Great Tusk|88/100 psn|[from] psn
|upkeep
|turn|13
|
|t:|1743800799
|switch|p2a: Garganacl|Garganacl, M, tera:Flying|75/100
|move|p1a: Great Tusk|Rapid Spin|p2a: Garganacl
|-damage|p2a: Garganacl|65/100
|-boost|p1a: Great Tusk|spe|1
|-sideend|p1: CutestEduck1|Toxic Spikes|[from] move: Rapid Spin|[of] p1a: Great Tusk
|
|-heal|p2a: Garganacl|71/100|[from] item: Leftovers
|-damage|p1a: Great Tusk|76/100 psn|[from] psn
|upkeep
|turn|14
|
|t:|1743800801
|move|p1a: Great Tusk|Ice Spinner|p2a: Garganacl
|-supereffective|p2a: Garganacl
|-damage|p2a: Garganacl|35/100
|move|p2a: Garganacl|Salt Cure|p1a: Great Tusk
|-resisted|p1a: Great Tusk
|-damage|p1a: Great Tusk|74/100 psn
|-start|p1a: Great Tusk|Salt Cure
|
|-heal|p2a: Garganacl|42/100|[from] item: Leftovers
|-damage|p1a: Great Tusk|61/100 psn|[from] psn
|-damage|p1a: Great Tusk|49/100 psn|[from] Salt Cure
|upkeep
|turn|15
|
|t:|1743800808
|move|p1a: Great Tusk|Rapid Spin|p2a: Garganacl
|-damage|p2a: Garganacl|30/100
|-boost|p1a: Great Tusk|spe|1
|move|p2a: Garganacl|Recover|p2a: Garganacl
|-heal|p2a: Garganacl|80/100
|
|-heal|p2a: Garganacl|86/100|[from] item: Leftovers
|-damage|p1a: Great Tusk|37/100 psn|[from] psn
|-damage|p1a: Great Tusk|24/100 psn|[from] Salt Cure
|upkeep
|turn|16
|
|t:|1743800812
|move|p2a: Garganacl|Protect|p2a: Garganacl
|-singleturn|p2a: Garganacl|Protect
|move|p1a: Great Tusk|Ice Spinner|p2a: Garganacl
|-activate|p2a: Garganacl|move: Protect
|
|-heal|p2a: Garganacl|92/100|[from] item: Leftovers
|-damage|p1a: Great Tusk|12/100 psn|[from] psn
|-damage|p1a: Great Tusk|0 fnt|[from] Salt Cure
|faint|p1a: Great Tusk
|-end|p1a: Great Tusk|Protosynthesis|[silent]
|upkeep
|
|t:|1743800815
|switch|p1a: Latios|Latios, M|37/100
|turn|17
|
|t:|1743800824
|switch|p2a: Heatran|Heatran, M|100/100
|-item|p2a: Heatran|Air Balloon
|move|p1a: Latios|Luster Purge|p2a: Heatran
|-resisted|p2a: Heatran
|-damage|p2a: Heatran|76/100
|-unboost|p2a: Heatran|spd|1
|-enditem|p2a: Heatran|Air Balloon
|
|upkeep
|turn|18
|
|t:|1743800830
|switch|p1a: Samurott|Samurott-Hisui, M|85/100
|move|p2a: Heatran|Stealth Rock|p1a: Samurott
|-sidestart|p1: CutestEduck1|move: Stealth Rock
|
|upkeep
|turn|19
|
|t:|1743800840
|switch|p2a: Garganacl|Garganacl, M, tera:Flying|92/100
|move|p1a: Samurott|Aqua Cutter|p2a: Garganacl
|-damage|p2a: Garganacl|68/100
|
|-heal|p2a: Garganacl|74/100|[from] item: Leftovers
|upkeep
|turn|20
|
|t:|1743800846
|move|p1a: Samurott|Flip Turn|p2a: Garganacl
|-damage|p2a: Garganacl|59/100
|
|t:|1743800849
|switch|p1a: Meowscarada|Meowscarada, M|67/100|[from] Flip Turn
|-damage|p1a: Meowscarada|55/100|[from] Stealth Rock
|move|p2a: Garganacl|Salt Cure|p1a: Meowscarada
|-damage|p1a: Meowscarada|32/100
|-start|p1a: Meowscarada|Salt Cure
|
|-heal|p2a: Garganacl|65/100|[from] item: Leftovers
|-damage|p1a: Meowscarada|20/100|[from] Salt Cure
|upkeep
|turn|21
|
|t:|1743800855
|move|p2a: Garganacl|Protect|p2a: Garganacl
|-singleturn|p2a: Garganacl|Protect
|move|p1a: Meowscarada|Triple Axel|p2a: Garganacl
|-start|p1a: Meowscarada|typechange|Ice|[from] ability: Protean
|-activate|p2a: Garganacl|move: Protect
|
|-heal|p2a: Garganacl|71/100|[from] item: Leftovers
|-damage|p1a: Meowscarada|8/100|[from] Salt Cure
|upkeep
|turn|22
|
|t:|1743800866
|switch|p2a: Heatran|Heatran, M|76/100
|-damage|p2a: Heatran|63/100|[from] Spikes
|move|p1a: Meowscarada|Triple Axel|p2a: Heatran
|-resisted|p2a: Heatran
|-damage|p2a: Heatran|61/100
|-resisted|p2a: Heatran
|-damage|p2a: Heatran|57/100
|-resisted|p2a: Heatran
|-damage|p2a: Heatran|52/100
|-hitcount|p2a: Heatran|3
|
|-damage|p1a: Meowscarada|0 fnt|[from] Salt Cure
|faint|p1a: Meowscarada
|upkeep
|
|t:|1743800874
|switch|p1a: Samurott|Samurott-Hisui, M|85/100
|-damage|p1a: Samurott|72/100|[from] Stealth Rock
|turn|23
|
|t:|1743800904
|switch|p2a: Garganacl|Garganacl, M, tera:Flying|71/100
|move|p1a: Samurott|Aqua Cutter|p2a: Garganacl
|-crit|p2a: Garganacl
|-damage|p2a: Garganacl|32/100
|
|-heal|p2a: Garganacl|38/100|[from] item: Leftovers
|upkeep
|turn|24
|
|t:|1743800912
|move|p2a: Garganacl|Protect|p2a: Garganacl
|-singleturn|p2a: Garganacl|Protect
|move|p1a: Samurott|Aqua Cutter|p2a: Garganacl
|-activate|p2a: Garganacl|move: Protect
|
|-heal|p2a: Garganacl|45/100|[from] item: Leftovers
|upkeep
|turn|25
|
|t:|1743800917
|move|p1a: Samurott|Aqua Cutter|p2a: Garganacl
|-damage|p2a: Garganacl|22/100
|move|p2a: Garganacl|Recover|p2a: Garganacl
|-heal|p2a: Garganacl|72/100
|
|-heal|p2a: Garganacl|78/100|[from] item: Leftovers
|upkeep
|turn|26
|
|t:|1743800922
|move|p2a: Garganacl|Protect|p2a: Garganacl
|-singleturn|p2a: Garganacl|Protect
|move|p1a: Samurott|Ceaseless Edge|p2a: Garganacl
|-activate|p2a: Garganacl|move: Protect
|
|-heal|p2a: Garganacl|84/100|[from] item: Leftovers
|upkeep
|turn|27
|
|t:|1743800926
|move|p1a: Samurott|Flip Turn|p2a: Garganacl
|-damage|p2a: Garganacl|70/100
|
|t:|1743800933
|switch|p1a: Latios|Latios, M|37/100|[from] Flip Turn
|-damage|p1a: Latios|25/100|[from] Stealth Rock
|move|p2a: Garganacl|Salt Cure|p1a: Latios
|-damage|p1a: Latios|6/100
|-start|p1a: Latios|Salt Cure
|
|-heal|p2a: Garganacl|76/100|[from] item: Leftovers
|-damage|p1a: Latios|0 fnt|[from] Salt Cure
|faint|p1a: Latios
|upkeep
|
|t:|1743800941
|switch|p1a: Tinkaton|Tinkaton, F|100/100
|-damage|p1a: Tinkaton|94/100|[from] Stealth Rock
|-ability|p1a: Tinkaton|Mold Breaker
|-item|p1a: Tinkaton|Air Balloon
|turn|28
|
|t:|1743800947
|move|p1a: Tinkaton|Thunder Wave|p2a: Garganacl
|-status|p2a: Garganacl|par
|move|p2a: Garganacl|Salt Cure|p1a: Tinkaton
|-resisted|p1a: Tinkaton
|-damage|p1a: Tinkaton|87/100
|-start|p1a: Tinkaton|Salt Cure
|-enditem|p1a: Tinkaton|Air Balloon
|
|-heal|p2a: Garganacl|82/100 par|[from] item: Leftovers
|-damage|p1a: Tinkaton|62/100|[from] Salt Cure
|upkeep
|turn|29
|
|t:|1743800958
|move|p2a: Garganacl|Protect|p2a: Garganacl
|-singleturn|p2a: Garganacl|Protect
|move|p1a: Tinkaton|Stealth Rock|p2a: Garganacl
|-sidestart|p2: WonderGuardWill|move: Stealth Rock
|
|-heal|p2a: Garganacl|89/100 par|[from] item: Leftovers
|-damage|p1a: Tinkaton|37/100|[from] Salt Cure
|upkeep
|turn|30
|
|t:|1743800965
|move|p1a: Tinkaton|Gigaton Hammer|p2a: Garganacl
|-damage|p2a: Garganacl|65/100 par
|move|p2a: Garganacl|Salt Cure|p1a: Tinkaton
|-resisted|p1a: Tinkaton
|-damage|p1a: Tinkaton|29/100
|
|-heal|p2a: Garganacl|72/100 par|[from] item: Leftovers
|-damage|p1a: Tinkaton|5/100|[from] Salt Cure
|upkeep
|turn|31
|
|t:|1743800971
|move|p1a: Tinkaton|Encore|p2a: Garganacl
|-start|p2a: Garganacl|Encore
|move|p2a: Garganacl|Salt Cure|p1a: Tinkaton
|-resisted|p1a: Tinkaton
|-damage|p1a: Tinkaton|0 fnt
|faint|p1a: Tinkaton
|
|-heal|p2a: Garganacl|78/100 par|[from] item: Leftovers
|upkeep
|
|t:|1743800976
|switch|p1a: Samurott|Samurott-Hisui, M|72/100
|-damage|p1a: Samurott|60/100|[from] Stealth Rock
|turn|32
|
|t:|1743800979
|move|p1a: Samurott|Ceaseless Edge|p2a: Garganacl
|-damage|p2a: Garganacl|56/100 par
|-sidestart|p2: WonderGuardWill|Spikes
|move|p2a: Garganacl|Salt Cure|p1a: Samurott
|-damage|p1a: Samurott|45/100
|-start|p1a: Samurott|Salt Cure
|
|-heal|p2a: Garganacl|62/100 par|[from] item: Leftovers
|-damage|p1a: Samurott|20/100|[from] Salt Cure
|upkeep
|turn|33
|
|t:|1743800984
|switch|p2a: Heatran|Heatran, M|52/100
|-damage|p2a: Heatran|35/100|[from] Spikes
|-damage|p2a: Heatran|23/100|[from] Stealth Rock
|move|p1a: Samurott|Ceaseless Edge|p2a: Heatran
|-damage|p2a: Heatran|0 fnt
|-sidestart|p2: WonderGuardWill|Spikes
|faint|p2a: Heatran
|
|-damage|p1a: Samurott|0 fnt|[from] Salt Cure
|faint|p1a: Samurott
|upkeep
|
|t:|1743800988
|switch|p1a: Pecharunt|Pecharunt|76/100
|switch|p2a: Garganacl|Garganacl, M, tera:Flying|62/100 par
|-damage|p2a: Garganacl|37/100 par|[from] Stealth Rock
|turn|34
|
|t:|1743800996
|move|p1a: Pecharunt|Malignant Chain|p2a: Garganacl
|-crit|p2a: Garganacl
|-damage|p2a: Garganacl|0 fnt
|faint|p2a: Garganacl
|
|upkeep
|
|t:|1743800998
|switch|p2a: Darkrai|Darkrai|100/100
|-damage|p2a: Darkrai|76/100|[from] Spikes
|-damage|p2a: Darkrai|63/100|[from] Stealth Rock
|turn|35
|
|t:|1743801001
|-terastallize|p1a: Pecharunt|Fairy
|move|p2a: Darkrai|Dark Pulse|p1a: Pecharunt
|-resisted|p1a: Pecharunt
|-damage|p1a: Pecharunt|53/100
|move|p1a: Pecharunt|Malignant Chain|p2a: Darkrai
|-damage|p2a: Darkrai|21/100
|
|upkeep
|turn|36
|
|t:|1743801009
|move|p2a: Darkrai|Dark Pulse|p1a: Pecharunt
|-resisted|p1a: Pecharunt
|-damage|p1a: Pecharunt|34/100
|move|p1a: Pecharunt|Recover|p1a: Pecharunt
|-heal|p1a: Pecharunt|84/100
|
|upkeep
|turn|37
|
|t:|1743801015
|switch|p2a: Espeon|Espeon, M|100/100
|-damage|p2a: Espeon|76/100|[from] Spikes
|-damage|p2a: Espeon|64/100|[from] Stealth Rock
|move|p1a: Pecharunt|Malignant Chain|p2a: Espeon
|-damage|p2a: Espeon|20/100
|-status|p2a: Espeon|tox
|-start|p2a: Espeon|confusion|[from] ability: Poison Puppeteer|[of] p1a: Pecharunt
|
|-damage|p2a: Espeon|14/100 tox|[from] psn
|upkeep
|turn|38
|
|t:|1743801025
|-activate|p2a: Espeon|confusion
|move|p2a: Espeon|Trick|p1a: Pecharunt
|-activate|p2a: Espeon|move: Trick|[of] p1a: Pecharunt
|-item|p1a: Pecharunt|Choice Scarf|[from] move: Trick
|-item|p2a: Espeon|Heavy-Duty Boots|[from] move: Trick
|move|p1a: Pecharunt|Recover|p1a: Pecharunt
|-heal|p1a: Pecharunt|100/100
|
|-damage|p2a: Espeon|2/100 tox|[from] psn
|upkeep
|turn|39
|
|t:|1743801032
|move|p1a: Pecharunt|Recover||[still]
|-fail|p1a: Pecharunt|heal
|-activate|p2a: Espeon|confusion
|move|p2a: Espeon|Thunder Wave|p1a: Pecharunt
|-status|p1a: Pecharunt|par
|
|-damage|p2a: Espeon|0 fnt|[from] psn
|faint|p2a: Espeon
|upkeep
|
|t:|1743801036
|switch|p2a: Clodsire|Clodsire, F|100/100
|-damage|p2a: Clodsire|75/100|[from] Spikes
|-damage|p2a: Clodsire|69/100|[from] Stealth Rock
|turn|40
|-message|CutestEduck1 forfeited.
|
|win|WonderGuardWill
|raw|CutestEduck1's rating: 1374 &rarr; <strong>1354</strong><br />(-20 for losing)
|raw|WonderGuardWill's rating: 1371 &rarr; <strong>1391</strong><br />(+20 for winning)
