|j|☆beertusV
|j|☆King Keita
|t:|1743873692
|gametype|singles
|player|p1|beertusV|silver|1166
|player|p2|King Keita|dancer|1161
|teamsize|p1|6
|teamsize|p2|6
|gen|9
|tier|[Gen 9] OU
|rated|
|rule|HP Percentage Mod: HP is shown in percentages
|rule|Endless Battle Clause: Forcing endless battles is banned
|rule|Species Clause: Limit one of each Pokémon
|rule|OHKO Clause: OHKO moves are banned
|rule|Evasion Items Clause: Evasion items are banned
|rule|Evasion Moves Clause: Evasion moves are banned
|rule|Sleep Moves Clause: Sleep-inducing moves are banned
|clearpoke
|poke|p1|Araquanid, F|
|poke|p1|Jirachi|
|poke|p1|Garchomp, F|
|poke|p1|Ceruledge, M|
|poke|p1|Mandibuzz, F|
|poke|p1|Salazzle, F|
|poke|p2|Wigglytuff, M|
|poke|p2|Ceruledge, M|
|poke|p2|Gallade, M|
|poke|p2|Bisharp, M|
|poke|p2|Noivern, M|
|poke|p2|Vikavolt, M|
|teampreview
|inactive|Battle timer is ON: inactive players will automatically lose when time's up. (requested by King Keita)
|
|t:|1743873710
|start
|switch|p1a: Araquanid|Araquanid, F, shiny|100/100
|switch|p2a: Vikavolt|Vikavolt, M, shiny|100/100
|turn|1
|
|t:|1743873718
|move|p2a: Vikavolt|Sticky Web|p1a: Araquanid
|-sidestart|p1: beertusV|move: Sticky Web
|move|p1a: Araquanid|Sticky Web|p2a: Vikavolt
|-sidestart|p2: King Keita|move: Sticky Web
|
|upkeep
|turn|2
|
|t:|1743873730
|switch|p1a: Garchomp|Garchomp, F|100/100
|-activate|p1a: Garchomp|move: Sticky Web
|-unboost|p1a: Garchomp|spe|1
|move|p2a: Vikavolt|Discharge|p1a: Garchomp
|-immune|p1a: Garchomp
|
|upkeep
|turn|3
|
|t:|1743873739
|move|p1a: Garchomp|Swords Dance|p1a: Garchomp
|-boost|p1a: Garchomp|atk|2
|move|p2a: Vikavolt|Bug Buzz|p1a: Garchomp
|-damage|p1a: Garchomp|32/100
|
|upkeep
|turn|4
|
|t:|1743873745
|move|p1a: Garchomp|Scale Shot|p2a: Vikavolt|[miss]
|-miss|p1a: Garchomp|p2a: Vikavolt
|move|p2a: Vikavolt|Bug Buzz|p1a: Garchomp
|-damage|p1a: Garchomp|0 fnt
|faint|p1a: Garchomp
|
|upkeep
|
|t:|1743873757
|switch|p1a: Mandibuzz|Mandibuzz, F|100/100
|turn|5
|
|t:|1743873760
|move|p1a: Mandibuzz|Toxic|p2a: Vikavolt
|-status|p2a: Vikavolt|tox
|move|p2a: Vikavolt|Discharge|p1a: Mandibuzz
|-supereffective|p1a: Mandibuzz
|-damage|p1a: Mandibuzz|41/100
|-status|p1a: Mandibuzz|par
|
|-heal|p1a: Mandibuzz|47/100 par|[from] item: Leftovers
|-damage|p2a: Vikavolt|94/100 tox|[from] psn
|upkeep
|turn|6
|
|t:|1743873771
|move|p1a: Mandibuzz|Protect|p1a: Mandibuzz
|-singleturn|p1a: Mandibuzz|Protect
|move|p2a: Vikavolt|Discharge|p1a: Mandibuzz
|-activate|p1a: Mandibuzz|move: Protect
|
|-heal|p1a: Mandibuzz|53/100 par|[from] item: Leftovers
|-damage|p2a: Vikavolt|82/100 tox|[from] psn
|upkeep
|turn|7
|
|t:|1743873780
|-terastallize|p1a: Mandibuzz|Steel
|move|p2a: Vikavolt|Discharge|p1a: Mandibuzz
|-damage|p1a: Mandibuzz|22/100 par
|move|p1a: Mandibuzz|Iron Defense|p1a: Mandibuzz
|-boost|p1a: Mandibuzz|def|2
|
|-heal|p1a: Mandibuzz|28/100 par|[from] item: Leftovers
|-damage|p2a: Vikavolt|64/100 tox|[from] psn
|upkeep
|turn|8
|
|t:|1743873792
|move|p1a: Mandibuzz|Protect|p1a: Mandibuzz
|-singleturn|p1a: Mandibuzz|Protect
|move|p2a: Vikavolt|Discharge|p1a: Mandibuzz
|-activate|p1a: Mandibuzz|move: Protect
|
|-heal|p1a: Mandibuzz|34/100 par|[from] item: Leftovers
|-damage|p2a: Vikavolt|40/100 tox|[from] psn
|upkeep
|turn|9
|
|t:|1743873802
|switch|p1a: Jirachi|Jirachi|100/100
|-activate|p1a: Jirachi|move: Sticky Web
|-unboost|p1a: Jirachi|spe|1
|move|p2a: Vikavolt|Discharge|p1a: Jirachi
|-damage|p1a: Jirachi|66/100
|
|-damage|p2a: Vikavolt|9/100 tox|[from] psn
|upkeep
|turn|10
|
|t:|1743873814
|move|p1a: Jirachi|Wish|p1a: Jirachi
|move|p2a: Vikavolt|Discharge|p1a: Jirachi
|-damage|p1a: Jirachi|30/100
|
|-damage|p2a: Vikavolt|0 fnt|[from] psn
|faint|p2a: Vikavolt
|upkeep
|
|t:|1743873831
|switch|p2a: Bisharp|Bisharp, M, shiny|100/100
|-activate|p2a: Bisharp|move: Sticky Web
|-unboost|p2a: Bisharp|spe|1
|-ability|p2a: Bisharp|Defiant|boost
|-boost|p2a: Bisharp|atk|2
|turn|11
|
|t:|1743873844
|move|p1a: Jirachi|Reflect|p1a: Jirachi
|-sidestart|p1: beertusV|Reflect
|move|p2a: Bisharp|Iron Head|p1a: Jirachi
|-resisted|p1a: Jirachi
|-damage|p1a: Jirachi|13/100
|
|-heal|p1a: Jirachi|63/100|[from] move: Wish|[wisher] Jirachi
|upkeep
|turn|12
|
|t:|1743873853
|move|p2a: Bisharp|Sucker Punch||[still]
|-fail|p2a: Bisharp
|move|p1a: Jirachi|Wish|p1a: Jirachi
|
|upkeep
|turn|13
|
|t:|1743873859
|move|p1a: Jirachi|Light Screen|p1a: Jirachi
|-sidestart|p1: beertusV|move: Light Screen
|move|p2a: Bisharp|Iron Head|p1a: Jirachi
|-resisted|p1a: Jirachi
|-damage|p1a: Jirachi|45/100
|
|-heal|p1a: Jirachi|95/100|[from] move: Wish|[wisher] Jirachi
|upkeep
|turn|14
|
|t:|1743873868
|move|p1a: Jirachi|Wish|p1a: Jirachi
|move|p2a: Bisharp|Iron Head|p1a: Jirachi
|-resisted|p1a: Jirachi
|-damage|p1a: Jirachi|77/100
|
|upkeep
|turn|15
|
|t:|1743873875
|switch|p1a: Salazzle|Salazzle, F, shiny|100/100
|-activate|p1a: Salazzle|move: Sticky Web
|-unboost|p1a: Salazzle|spe|1
|move|p2a: Bisharp|Iron Head|p1a: Salazzle
|-resisted|p1a: Salazzle
|-damage|p1a: Salazzle|68/100
|
|-heal|p1a: Salazzle|100/100|[from] move: Wish|[wisher] Jirachi
|upkeep
|turn|16
|
|t:|1743873885
|switch|p2a: Ceruledge|Ceruledge, M, shiny|100/100
|-activate|p2a: Ceruledge|move: Sticky Web
|-unboost|p2a: Ceruledge|spe|1
|move|p1a: Salazzle|Toxic|p2a: Ceruledge
|-status|p2a: Ceruledge|tox
|
|-damage|p2a: Ceruledge|94/100 tox|[from] psn
|upkeep
|turn|17
|
|t:|1743873897
|switch|p1a: Araquanid|Araquanid, F, shiny|100/100
|-activate|p1a: Araquanid|move: Sticky Web
|-unboost|p1a: Araquanid|spe|1
|move|p2a: Ceruledge|Bitter Blade|p1a: Araquanid
|-damage|p1a: Araquanid|76/100
|-heal|p2a: Ceruledge|100/100 tox|[from] drain|[of] p1a: Araquanid
|
|-heal|p1a: Araquanid|83/100|[from] item: Leftovers
|-damage|p2a: Ceruledge|88/100 tox|[from] psn
|upkeep
|turn|18
|
|t:|1743873915
|move|p2a: Ceruledge|Bulk Up|p2a: Ceruledge
|-boost|p2a: Ceruledge|atk|1
|-boost|p2a: Ceruledge|def|1
|move|p1a: Araquanid|Substitute|p1a: Araquanid
|-start|p1a: Araquanid|Substitute
|-damage|p1a: Araquanid|58/100
|
|-heal|p1a: Araquanid|64/100|[from] item: Leftovers
|-damage|p2a: Ceruledge|70/100 tox|[from] psn
|-sideend|p1: beertusV|Reflect
|upkeep
|turn|19
|
|t:|1743873927
|move|p2a: Ceruledge|Bitter Blade|p1a: Araquanid
|-end|p1a: Araquanid|Substitute
|-heal|p2a: Ceruledge|84/100 tox|[from] drain|[of] p1a: Araquanid
|move|p1a: Araquanid|Liquidation|p2a: Ceruledge
|-supereffective|p2a: Ceruledge
|-damage|p2a: Ceruledge|45/100 tox
|
|-heal|p1a: Araquanid|70/100|[from] item: Leftovers
|-damage|p2a: Ceruledge|20/100 tox|[from] psn
|upkeep
|-enditem|p2a: Ceruledge|Salac Berry|[eat]
|-boost|p2a: Ceruledge|spe|1|[from] item: Salac Berry
|turn|20
|
|t:|1743873941
|move|p2a: Ceruledge|Bitter Blade|p1a: Araquanid
|-damage|p1a: Araquanid|0 fnt
|-heal|p2a: Ceruledge|61/100 tox|[from] drain|[of] p1a: Araquanid
|faint|p1a: Araquanid
|
|-damage|p2a: Ceruledge|30/100 tox|[from] psn
|-sideend|p1: beertusV|move: Light Screen
|upkeep
|
|t:|1743873948
|switch|p1a: Ceruledge|Ceruledge, M|100/100
|-activate|p1a: Ceruledge|move: Sticky Web
|-unboost|p1a: Ceruledge|spe|1
|turn|21
|
|t:|1743873955
|move|p2a: Ceruledge|Poltergeist|p1a: Ceruledge
|-activate|p1a: Ceruledge|move: Poltergeist|Focus Sash
|-supereffective|p1a: Ceruledge
|-enditem|p1a: Ceruledge|Focus Sash
|-damage|p1a: Ceruledge|1/100
|-ability|p1a: Ceruledge|Weak Armor|boost
|-unboost|p1a: Ceruledge|def|1
|-boost|p1a: Ceruledge|spe|2
|move|p1a: Ceruledge|Swords Dance|p1a: Ceruledge
|-boost|p1a: Ceruledge|atk|2
|
|-damage|p2a: Ceruledge|0 fnt|[from] psn
|faint|p2a: Ceruledge
|upkeep
|
|t:|1743873969
|switch|p2a: Bisharp|Bisharp, M, shiny|100/100
|-activate|p2a: Bisharp|move: Sticky Web
|-unboost|p2a: Bisharp|spe|1
|-ability|p2a: Bisharp|Defiant|boost
|-boost|p2a: Bisharp|atk|2
|turn|22
|
|t:|1743873976
|move|p2a: Bisharp|Sucker Punch||[still]
|-fail|p2a: Bisharp
|move|p1a: Ceruledge|Swords Dance|p1a: Ceruledge
|-boost|p1a: Ceruledge|atk|2
|
|upkeep
|turn|23
|
|t:|1743873983
|move|p1a: Ceruledge|Swords Dance|p1a: Ceruledge
|-boost|p1a: Ceruledge|atk|2
|move|p2a: Bisharp|Iron Head|p1a: Ceruledge
|-resisted|p1a: Ceruledge
|-damage|p1a: Ceruledge|0 fnt
|faint|p1a: Ceruledge
|
|upkeep
|
|t:|1743873991
|switch|p1a: Salazzle|Salazzle, F, shiny|100/100
|-activate|p1a: Salazzle|move: Sticky Web
|-unboost|p1a: Salazzle|spe|1
|turn|24
|
|t:|1743873998
|-terastallize|p2a: Bisharp|Flying
|move|p2a: Bisharp|Sucker Punch||[still]
|-fail|p2a: Bisharp
|move|p1a: Salazzle|Will-O-Wisp|p2a: Bisharp
|-status|p2a: Bisharp|brn
|
|-damage|p2a: Bisharp|94/100 brn|[from] brn
|upkeep
|turn|25
|
|t:|1743874010
|switch|p1a: Jirachi|Jirachi|77/100
|-activate|p1a: Jirachi|move: Sticky Web
|-unboost|p1a: Jirachi|spe|1
|switch|p2a: Wigglytuff|Wigglytuff, M, shiny|100/100
|-activate|p2a: Wigglytuff|move: Sticky Web
|-unboost|p2a: Wigglytuff|spe|1
|-ability|p2a: Wigglytuff|Competitive|boost
|-boost|p2a: Wigglytuff|spa|2
|
|upkeep
|turn|26
|
|t:|1743874022
|move|p1a: Jirachi|Light Screen|p1a: Jirachi
|-sidestart|p1: beertusV|move: Light Screen
|move|p2a: Wigglytuff|Fire Blast|p1a: Jirachi
|-supereffective|p1a: Jirachi
|-damage|p1a: Jirachi|36/100
|
|upkeep
|turn|27
|
|t:|1743874029
|move|p1a: Jirachi|Wish|p1a: Jirachi
|move|p2a: Wigglytuff|Fire Blast|p1a: Jirachi
|-supereffective|p1a: Jirachi
|-damage|p1a: Jirachi|0 fnt
|faint|p1a: Jirachi
|
|upkeep
|
|t:|1743874036
|switch|p1a: Mandibuzz|Mandibuzz, F, tera:Steel|34/100 par
|-activate|p1a: Mandibuzz|move: Sticky Web
|-unboost|p1a: Mandibuzz|spe|1
|turn|28
|
|t:|1743874041
|move|p1a: Mandibuzz|Protect|p1a: Mandibuzz
|-singleturn|p1a: Mandibuzz|Protect
|move|p2a: Wigglytuff|Fire Blast|p1a: Mandibuzz
|-activate|p1a: Mandibuzz|move: Protect
|
|-heal|p1a: Mandibuzz|82/100 par|[from] move: Wish|[wisher] Jirachi
|-heal|p1a: Mandibuzz|88/100 par|[from] item: Leftovers
|upkeep
|turn|29
|
|t:|1743874052
|move|p2a: Wigglytuff|Fire Blast|p1a: Mandibuzz
|-supereffective|p1a: Mandibuzz
|-damage|p1a: Mandibuzz|49/100 par
|move|p1a: Mandibuzz|Toxic|p2a: Wigglytuff
|-status|p2a: Wigglytuff|tox
|
|-heal|p1a: Mandibuzz|55/100 par|[from] item: Leftovers
|-damage|p2a: Wigglytuff|94/100 tox|[from] psn
|upkeep
|turn|30
|
|t:|1743874063
|switch|p2a: Gallade|Gallade, M, shiny|100/100
|-activate|p2a: Gallade|move: Sticky Web
|-unboost|p2a: Gallade|spe|1
|move|p1a: Mandibuzz|Protect||[still]
|-fail|p1a: Mandibuzz
|
|-heal|p1a: Mandibuzz|61/100 par|[from] item: Leftovers
|upkeep
|turn|31
|
|t:|1743874072
|move|p2a: Gallade|Psycho Cut|p1a: Mandibuzz
|-resisted|p1a: Mandibuzz
|-damage|p1a: Mandibuzz|39/100 par
|move|p1a: Mandibuzz|Toxic|p2a: Gallade
|-status|p2a: Gallade|tox
|
|-heal|p1a: Mandibuzz|46/100 par|[from] item: Leftovers
|-damage|p2a: Gallade|94/100 tox|[from] psn
|upkeep
|turn|32
|
|t:|1743874081
|move|p2a: Gallade|Sacred Sword|p1a: Mandibuzz
|-supereffective|p1a: Mandibuzz
|-damage|p1a: Mandibuzz|0 fnt
|faint|p1a: Mandibuzz
|
|-damage|p2a: Gallade|82/100 tox|[from] psn
|upkeep
|
|t:|1743874085
|switch|p1a: Salazzle|Salazzle, F, shiny|100/100
|-activate|p1a: Salazzle|move: Sticky Web
|-unboost|p1a: Salazzle|spe|1
|turn|33
|
|t:|1743874092
|move|p1a: Salazzle|Venoshock|p2a: Gallade
|-damage|p2a: Gallade|26/100 tox
|move|p2a: Gallade|Psycho Cut|p1a: Salazzle
|-supereffective|p1a: Salazzle
|-crit|p1a: Salazzle
|-damage|p1a: Salazzle|0 fnt
|faint|p1a: Salazzle
|
|win|King Keita
|raw|beertusV's rating: 1166 &rarr; <strong>1141</strong><br />(-25 for losing)
|raw|King Keita's rating: 1161 &rarr; <strong>1186</strong><br />(+25 for winning)
|l|☆beertusV
|player|p1|
|l|☆King Keita
|player|p2|
