|j|☆Rosery257900
|j|☆k_idk_super1234
|t:|1743800745
|gametype|singles
|player|p1|Rosery257900|102|1000
|player|p2|k_idk_super1234|lance|1000
|teamsize|p1|6
|teamsize|p2|6
|gen|9
|tier|[Gen 9] OU
|rated|
|rule|HP Percentage Mod: HP is shown in percentages
|rule|Endless Battle Clause: Forcing endless battles is banned
|rule|Species Clause: Limit one of each Pokémon
|rule|OHKO Clause: OHKO moves are banned
|rule|Evasion Items Clause: Evasion items are banned
|rule|Evasion Moves Clause: Evasion moves are banned
|rule|Sleep Moves Clause: Sleep-inducing moves are banned
|clearpoke
|poke|p1|Garganacl, M|
|poke|p1|Weezing-Galar, M|
|poke|p1|Slowking-Galar, F|
|poke|p1|Dragapult, M|
|poke|p1|Samurott-Hisui, F|
|poke|p1|Corviknight, F|
|poke|p2|Hoopa-Unbound|
|poke|p2|Milotic, F|
|poke|p2|Incineroar, F|
|poke|p2|Blaziken, M|
|poke|p2|Zapdos|
|poke|p2|Landorus-Therian, M|
|teampreview
|inactive|Battle timer is ON: inactive players will automatically lose when time's up. (requested by Rosery257900)
|inactive|k_idk_super1234 has 120 seconds left.
|
|t:|1743800817
|start
|switch|p1a: Samurott|Samurott-Hisui, F|100/100
|switch|p2a: Incineroar|Incineroar, F|100/100
|-ability|p2a: Incineroar|Intimidate|boost
|-unboost|p1a: Samurott|atk|1
|turn|1
|inactiveoff|Battle timer is now OFF.
|
|t:|1743800825
|move|p1a: Samurott|Flip Turn|p2a: Incineroar
|-supereffective|p2a: Incineroar
|-damage|p2a: Incineroar|63/100
|
|t:|1743800830
|switch|p1a: Garganacl|Garganacl, M|100/100|[from] Flip Turn
|move|p2a: Incineroar|Knock Off|p1a: Garganacl
|-damage|p1a: Garganacl|65/100
|-enditem|p1a: Garganacl|Leftovers|[from] move: Knock Off|[of] p2a: Incineroar
|
|-heal|p2a: Incineroar|70/100|[from] item: Leftovers
|upkeep
|turn|2
|
|t:|1743800839
|move|p2a: Incineroar|Darkest Lariat|p1a: Garganacl
|-damage|p1a: Garganacl|33/100
|move|p1a: Garganacl|Salt Cure|p2a: Incineroar
|-supereffective|p2a: Incineroar
|-damage|p2a: Incineroar|43/100
|-start|p2a: Incineroar|Salt Cure
|
|-heal|p2a: Incineroar|49/100|[from] item: Leftovers
|-damage|p2a: Incineroar|37/100|[from] Salt Cure
|upkeep
|turn|3
|
|t:|1743800850
|move|p1a: Garganacl|Protect|p1a: Garganacl
|-singleturn|p1a: Garganacl|Protect
|move|p2a: Incineroar|Nasty Plot|p2a: Incineroar
|-boost|p2a: Incineroar|spa|2
|
|-heal|p2a: Incineroar|43/100|[from] item: Leftovers
|-damage|p2a: Incineroar|30/100|[from] Salt Cure
|upkeep
|turn|4
|
|t:|1743800859
|move|p2a: Incineroar|Darkest Lariat|p1a: Garganacl
|-damage|p1a: Garganacl|2/100
|move|p1a: Garganacl|Recover|p1a: Garganacl
|-heal|p1a: Garganacl|52/100
|
|-heal|p2a: Incineroar|37/100|[from] item: Leftovers
|-damage|p2a: Incineroar|24/100|[from] Salt Cure
|upkeep
|turn|5
|
|t:|1743800870
|move|p2a: Incineroar|Darkest Lariat|p1a: Garganacl
|-damage|p1a: Garganacl|23/100
|move|p1a: Garganacl|Recover|p1a: Garganacl
|-heal|p1a: Garganacl|73/100
|
|-heal|p2a: Incineroar|30/100|[from] item: Leftovers
|-damage|p2a: Incineroar|18/100|[from] Salt Cure
|upkeep
|turn|6
|
|t:|1743800879
|move|p2a: Incineroar|Knock Off|p1a: Garganacl
|-damage|p1a: Garganacl|51/100
|move|p1a: Garganacl|Recover|p1a: Garganacl
|-heal|p1a: Garganacl|100/100
|
|-heal|p2a: Incineroar|24/100|[from] item: Leftovers
|-damage|p2a: Incineroar|11/100|[from] Salt Cure
|upkeep
|turn|7
|c|☆k_idk_super1234|recover spammer im leaving your an ass nobody loves you
|inactive|Battle timer is ON: inactive players will automatically lose when time's up. (requested by Rosery257900)
|
|t:|1743800925
|move|p2a: Incineroar|Darkest Lariat|p1a: Garganacl
|-damage|p1a: Garganacl|70/100
|move|p1a: Garganacl|Stealth Rock|p2a: Incineroar
|-sidestart|p2: k_idk_super1234|move: Stealth Rock
|
|-heal|p2a: Incineroar|18/100|[from] item: Leftovers
|-damage|p2a: Incineroar|5/100|[from] Salt Cure
|upkeep
|turn|8
|
|t:|1743800936
|move|p2a: Incineroar|Darkest Lariat|p1a: Garganacl
|-damage|p1a: Garganacl|42/100
|move|p1a: Garganacl|Recover|p1a: Garganacl
|-heal|p1a: Garganacl|92/100
|
|-heal|p2a: Incineroar|11/100|[from] item: Leftovers
|-damage|p2a: Incineroar|0 fnt|[from] Salt Cure
|faint|p2a: Incineroar
|upkeep
|
|t:|1743800946
|switch|p2a: Blaziken|Blaziken, M|100/100
|-damage|p2a: Blaziken|88/100|[from] Stealth Rock
|turn|9
|
|t:|1743800952
|-terastallize|p1a: Garganacl|Fairy
|move|p2a: Blaziken|Low Kick|p1a: Garganacl
|-resisted|p1a: Garganacl
|-damage|p1a: Garganacl|64/100
|-damage|p2a: Blaziken|78/100|[from] item: Life Orb
|move|p1a: Garganacl|Salt Cure|p2a: Blaziken
|-damage|p2a: Blaziken|56/100
|-start|p2a: Blaziken|Salt Cure
|
|-damage|p2a: Blaziken|44/100|[from] Salt Cure
|-ability|p2a: Blaziken|Speed Boost|boost
|-boost|p2a: Blaziken|spe|1
|upkeep
|turn|10
|
|t:|1743800966
|move|p1a: Garganacl|Protect|p1a: Garganacl
|-singleturn|p1a: Garganacl|Protect
|move|p2a: Blaziken|Knock Off|p1a: Garganacl
|-activate|p1a: Garganacl|move: Protect
|
|-damage|p2a: Blaziken|31/100|[from] Salt Cure
|-ability|p2a: Blaziken|Speed Boost|boost
|-boost|p2a: Blaziken|spe|1
|upkeep
|turn|11
|
|t:|1743800977
|move|p2a: Blaziken|Brave Bird|p1a: Garganacl
|-damage|p1a: Garganacl|28/100
|-damage|p2a: Blaziken|16/100|[from] Recoil
|-damage|p2a: Blaziken|6/100|[from] item: Life Orb
|move|p1a: Garganacl|Recover|p1a: Garganacl
|-heal|p1a: Garganacl|78/100
|
|-damage|p2a: Blaziken|0 fnt|[from] Salt Cure
|faint|p2a: Blaziken
|upkeep
|
|t:|1743800989
|switch|p2a: Milotic|Milotic, F, shiny|100/100
|-damage|p2a: Milotic|88/100|[from] Stealth Rock
|turn|12
|
|t:|1743800995
|move|p2a: Milotic|Dragon Dance|p2a: Milotic
|-boost|p2a: Milotic|atk|1
|-boost|p2a: Milotic|spe|1
|move|p1a: Garganacl|Salt Cure|p2a: Milotic
|-crit|p2a: Milotic
|-damage|p2a: Milotic|60/100
|
|upkeep
|turn|13
|c|☆k_idk_super1234|your so fucking ass
|inactive|k_idk_super1234 has 120 seconds left.
|
|t:|1743801029
|move|p2a: Milotic|Triple Axel|p1a: Garganacl
|-damage|p1a: Garganacl|74/100
|-hitcount|p1a: Garganacl|1
|move|p1a: Garganacl|Salt Cure|p2a: Milotic
|-damage|p2a: Milotic|41/100
|
|upkeep
|turn|14
|inactive|k_idk_super1234 has 120 seconds left.
|
|t:|1743801060
|move|p1a: Garganacl|Salt Cure|p2a: Milotic
|-damage|p2a: Milotic|20/100
|move|p2a: Milotic|Dragon Tail|p1a: Garganacl
|-immune|p1a: Garganacl
|
|upkeep
|turn|15
|
|t:|1743801068
|move|p2a: Milotic|Draining Kiss|p1a: Garganacl
|-damage|p1a: Garganacl|65/100
|-heal|p2a: Milotic|27/100|[from] drain|[of] p1a: Garganacl
|move|p1a: Garganacl|Salt Cure|p2a: Milotic
|-damage|p2a: Milotic|9/100
|
|upkeep
|turn|16
|
|t:|1743801078
|move|p1a: Garganacl|Salt Cure|p2a: Milotic
|-damage|p2a: Milotic|0 fnt
|faint|p2a: Milotic
|
|upkeep
|n|!k_idk_super1234|kidksuper1234
|inactive|k_idk_super1234 has 90 seconds left.
|
|t:|1743801107
|switch|p2a: Landorus|Landorus-Therian, M|100/100
|-damage|p2a: Landorus|88/100|[from] Stealth Rock
|-ability|p2a: Landorus|Intimidate|boost
|-unboost|p1a: Garganacl|atk|1
|turn|17
|
|t:|1743801113
|move|p2a: Landorus|Sandsear Storm|p1a: Garganacl
|-damage|p1a: Garganacl|33/100
|move|p1a: Garganacl|Salt Cure|p2a: Landorus
|-damage|p2a: Landorus|77/100
|-start|p2a: Landorus|Salt Cure
|
|-heal|p2a: Landorus|83/100|[from] item: Leftovers
|-damage|p2a: Landorus|70/100|[from] Salt Cure
|upkeep
|turn|18
|
|t:|1743801123
|move|p1a: Garganacl|Protect|p1a: Garganacl
|-singleturn|p1a: Garganacl|Protect
|move|p2a: Landorus|Sandsear Storm|p1a: Garganacl
|-activate|p1a: Garganacl|move: Protect
|
|-heal|p2a: Landorus|76/100|[from] item: Leftovers
|-damage|p2a: Landorus|64/100|[from] Salt Cure
|upkeep
|turn|19
|
|t:|1743801132
|move|p2a: Landorus|Sandsear Storm|p1a: Garganacl
|-damage|p1a: Garganacl|3/100
|move|p1a: Garganacl|Recover|p1a: Garganacl
|-heal|p1a: Garganacl|53/100
|
|-heal|p2a: Landorus|70/100|[from] item: Leftovers
|-damage|p2a: Landorus|58/100|[from] Salt Cure
|upkeep
|turn|20
|
|t:|1743801141
|move|p2a: Landorus|Sandsear Storm|p1a: Garganacl
|-damage|p1a: Garganacl|24/100
|move|p1a: Garganacl|Recover|p1a: Garganacl
|-heal|p1a: Garganacl|74/100
|
|-heal|p2a: Landorus|64/100|[from] item: Leftovers
|-damage|p2a: Landorus|52/100|[from] Salt Cure
|upkeep
|turn|21
|
|t:|1743801151
|move|p1a: Garganacl|Protect|p1a: Garganacl
|-singleturn|p1a: Garganacl|Protect
|move|p2a: Landorus|Sandsear Storm|p1a: Garganacl
|-activate|p1a: Garganacl|move: Protect
|
|-heal|p2a: Landorus|58/100|[from] item: Leftovers
|-damage|p2a: Landorus|45/100|[from] Salt Cure
|upkeep
|turn|22
|inactive|k_idk_super1234 has 120 seconds left.
|
|t:|1743801163
|switch|p1a: Corviknight|Corviknight, F|100/100
|-ability|p1a: Corviknight|Pressure
|move|p2a: Landorus|Sandsear Storm|p1a: Corviknight
|-immune|p1a: Corviknight
|
|-heal|p2a: Landorus|51/100|[from] item: Leftovers
|-damage|p2a: Landorus|39/100|[from] Salt Cure
|upkeep
|turn|23
|inactive|k_idk_super1234 has 120 seconds left.
|
|t:|1743801175
|move|p2a: Landorus|Extrasensory|p1a: Corviknight
|-resisted|p1a: Corviknight
|-damage|p1a: Corviknight|90/100
|move|p1a: Corviknight|Iron Defense|p1a: Corviknight
|-boost|p1a: Corviknight|def|2
|
|-heal|p2a: Landorus|45/100|[from] item: Leftovers
|-damage|p2a: Landorus|33/100|[from] Salt Cure
|upkeep
|turn|24
|inactive|k_idk_super1234 has 120 seconds left.
|-message|k_idk_super1234 forfeited.
|
|win|Rosery257900
