|j|☆Cthuluhoop1738
|j|☆Bighuff127
|t:|1743835184
|gametype|singles
|player|p1|Cthuluhoop1738|ethan|1216
|player|p2|Bighuff127|2|1266
|teamsize|p1|6
|teamsize|p2|6
|gen|9
|tier|[Gen 9] OU
|rated|
|rule|HP Percentage Mod: HP is shown in percentages
|rule|Endless Battle Clause: Forcing endless battles is banned
|rule|Species Clause: Limit one of each Pokémon
|rule|OHKO Clause: OHKO moves are banned
|rule|Evasion Items Clause: Evasion items are banned
|rule|Evasion Moves Clause: Evasion moves are banned
|rule|Sleep Moves Clause: Sleep-inducing moves are banned
|clearpoke
|poke|p1|Maushold|
|poke|p1|Pecharunt|
|poke|p1|Dragapult, F|
|poke|p1|Ceruledge, F|
|poke|p1|Tinkaton, F|
|poke|p1|Zapdos|
|poke|p2|Hydreigon, M|
|poke|p2|Gholdengo|
|poke|p2|Dragapult, M|
|poke|p2|Ribombee, F|
|poke|p2|Great Tusk|
|poke|p2|Heatran, M|
|teampreview
|inactive|Battle timer is ON: inactive players will automatically lose when time's up. (requested by Cthuluhoop1738)
|
|t:|1743835195
|start
|switch|p1a: Maushold|Maushold|100/100
|switch|p2a: Ribombee|Ribombee, F, shiny|100/100
|turn|1
|
|t:|1743835212
|-terastallize|p2a: Ribombee|Ghost
|move|p2a: Ribombee|Stun Spore|p1a: Maushold
|-status|p1a: Maushold|par
|cant|p1a: Maushold|par
|
|upkeep
|turn|2
|
|t:|1743835219
|move|p2a: Ribombee|Moonblast|p1a: Maushold
|-damage|p1a: Maushold|44/100 par
|move|p1a: Maushold|Bite|p2a: Ribombee
|-supereffective|p2a: Ribombee
|-damage|p2a: Ribombee|9/100
|
|upkeep
|turn|3
|
|t:|1743835231
|move|p2a: Ribombee|Moonblast|p1a: Maushold
|-damage|p1a: Maushold|0 fnt
|faint|p1a: Maushold
|
|upkeep
|
|t:|1743835237
|switch|p1a: Ceruledge|Ceruledge, F|100/100
|turn|4
|
|t:|1743835240
|switch|p2a: Heatran|Heatran, M|100/100
|move|p1a: Ceruledge|Shadow Sneak|p2a: Heatran
|-damage|p2a: Heatran|80/100
|
|-heal|p2a: Heatran|87/100|[from] item: Leftovers
|upkeep
|turn|5
|
|t:|1743835245
|move|p1a: Ceruledge|Poltergeist|p2a: Heatran
|-activate|p2a: Heatran|move: Poltergeist|Leftovers
|-damage|p2a: Heatran|38/100
|move|p2a: Heatran|Stealth Rock|p1a: Ceruledge
|-sidestart|p1: Cthuluhoop1738|move: Stealth Rock
|
|-heal|p2a: Heatran|44/100|[from] item: Leftovers
|upkeep
|turn|6
|
|t:|1743835251
|move|p2a: Heatran|Protect|p2a: Heatran
|-singleturn|p2a: Heatran|Protect
|move|p1a: Ceruledge|Poltergeist|p2a: Heatran
|-activate|p2a: Heatran|move: Protect
|
|-heal|p2a: Heatran|50/100|[from] item: Leftovers
|upkeep
|turn|7
|
|t:|1743835258
|move|p1a: Ceruledge|Poltergeist|p2a: Heatran
|-activate|p2a: Heatran|move: Poltergeist|Leftovers
|-damage|p2a: Heatran|3/100
|move|p2a: Heatran|Earth Power|p1a: Ceruledge
|-supereffective|p1a: Ceruledge
|-damage|p1a: Ceruledge|35/100
|-enditem|p1a: Ceruledge|Weakness Policy
|-boost|p1a: Ceruledge|atk|2|[from] item: Weakness Policy
|-boost|p1a: Ceruledge|spa|2|[from] item: Weakness Policy
|
|-heal|p2a: Heatran|9/100|[from] item: Leftovers
|upkeep
|turn|8
|
|t:|1743835269
|move|p1a: Ceruledge|Poltergeist|p2a: Heatran|[miss]
|-miss|p1a: Ceruledge|p2a: Heatran
|move|p2a: Heatran|Earth Power|p1a: Ceruledge
|-supereffective|p1a: Ceruledge
|-damage|p1a: Ceruledge|0 fnt
|faint|p1a: Ceruledge
|
|-heal|p2a: Heatran|16/100|[from] item: Leftovers
|upkeep
|
|t:|1743835273
|switch|p1a: Zapdos|Zapdos|100/100
|-damage|p1a: Zapdos|76/100|[from] Stealth Rock
|turn|9
|
|t:|1743835277
|move|p2a: Heatran|Protect|p2a: Heatran
|-singleturn|p2a: Heatran|Protect
|move|p1a: Zapdos|Volt Switch|p2a: Heatran
|-activate|p2a: Heatran|move: Protect
|
|-heal|p2a: Heatran|22/100|[from] item: Leftovers
|upkeep
|turn|10
|
|t:|1743835285
|move|p1a: Zapdos|Thunderbolt|p2a: Heatran
|-damage|p2a: Heatran|0 fnt
|faint|p2a: Heatran
|
|upkeep
|
|t:|1743835290
|switch|p2a: Ribombee|Ribombee, F, shiny, tera:Ghost|9/100
|turn|11
|
|t:|1743835298
|move|p2a: Ribombee|Sticky Web|p1a: Zapdos
|-sidestart|p1: Cthuluhoop1738|move: Sticky Web
|move|p1a: Zapdos|Volt Switch|p2a: Ribombee
|-damage|p2a: Ribombee|0 fnt
|faint|p2a: Ribombee
|
|t:|1743835302
|switch|p1a: Dragapult|Dragapult, F|100/100|[from] Volt Switch
|-damage|p1a: Dragapult|88/100|[from] Stealth Rock
|-activate|p1a: Dragapult|move: Sticky Web
|-fail|p1a: Dragapult|unboost|[from] ability: Clear Body|[of] p1a: Dragapult
|
|upkeep
|
|t:|1743835313
|switch|p2a: Hydreigon|Hydreigon, M|100/100
|turn|12
|
|t:|1743835319
|-terastallize|p1a: Dragapult|Dragon
|move|p1a: Dragapult|Dragon Darts|p2a: Hydreigon
|-supereffective|p2a: Hydreigon
|-damage|p2a: Hydreigon|12/100
|-anim|p1a: Dragapult|Dragon Darts|p2a: Hydreigon
|-supereffective|p2a: Hydreigon
|-damage|p2a: Hydreigon|0 fnt
|faint|p2a: Hydreigon
|
|upkeep
|
|t:|1743835328
|switch|p2a: Great Tusk|Great Tusk|100/100
|turn|13
|
|t:|1743835333
|move|p1a: Dragapult|Dragon Dance|p1a: Dragapult
|-boost|p1a: Dragapult|atk|1
|-boost|p1a: Dragapult|spe|1
|move|p2a: Great Tusk|Rapid Spin|p1a: Dragapult
|-crit|p1a: Dragapult
|-damage|p1a: Dragapult|53/100
|-boost|p2a: Great Tusk|spe|1
|
|upkeep
|turn|14
|
|t:|1743835335
|move|p1a: Dragapult|Dragon Darts|p2a: Great Tusk
|-damage|p2a: Great Tusk|53/100
|-anim|p1a: Dragapult|Dragon Darts|p2a: Great Tusk
|-damage|p2a: Great Tusk|8/100
|move|p2a: Great Tusk|Ice Spinner|p1a: Dragapult
|-supereffective|p1a: Dragapult
|-crit|p1a: Dragapult
|-damage|p1a: Dragapult|0 fnt
|faint|p1a: Dragapult
|
|upkeep
|
|t:|1743835342
|switch|p1a: Tinkaton|Tinkaton, F|100/100
|-damage|p1a: Tinkaton|94/100|[from] Stealth Rock
|-item|p1a: Tinkaton|Air Balloon
|turn|15
|
|t:|1743835347
|move|p2a: Great Tusk|Knock Off|p1a: Tinkaton
|-resisted|p1a: Tinkaton
|-damage|p1a: Tinkaton|71/100
|-enditem|p1a: Tinkaton|Air Balloon
|-enditem|p2a: Great Tusk|Heavy-Duty Boots|[silent]|[from] ability: Pickpocket|[of] p2a: Great Tusk
|-item|p1a: Tinkaton|Heavy-Duty Boots|[from] ability: Pickpocket|[of] p2a: Great Tusk
|move|p1a: Tinkaton|Play Rough|p2a: Great Tusk
|-supereffective|p2a: Great Tusk
|-damage|p2a: Great Tusk|0 fnt
|faint|p2a: Great Tusk
|-end|p2a: Great Tusk|Protosynthesis|[silent]
|
|upkeep
|
|t:|1743835351
|switch|p2a: Gholdengo|Gholdengo|100/100
|-item|p2a: Gholdengo|Air Balloon
|turn|16
|
|t:|1743835366
|switch|p1a: Zapdos|Zapdos|76/100
|-damage|p1a: Zapdos|51/100|[from] Stealth Rock
|move|p2a: Gholdengo|Nasty Plot|p2a: Gholdengo
|-boost|p2a: Gholdengo|spa|2
|
|upkeep
|turn|17
|
|t:|1743835370
|move|p1a: Zapdos|Thunderbolt|p2a: Gholdengo
|-crit|p2a: Gholdengo
|-damage|p2a: Gholdengo|8/100
|-enditem|p2a: Gholdengo|Air Balloon
|move|p2a: Gholdengo|Shadow Ball|p1a: Zapdos
|-damage|p1a: Zapdos|0 fnt
|faint|p1a: Zapdos
|
|upkeep
|
|t:|1743835376
|switch|p1a: Tinkaton|Tinkaton, F|71/100
|turn|18
|
|t:|1743835378
|move|p1a: Tinkaton|Gigaton Hammer|p2a: Gholdengo
|-resisted|p2a: Gholdengo
|-damage|p2a: Gholdengo|0 fnt
|faint|p2a: Gholdengo
|
|upkeep
|
|t:|1743835383
|switch|p2a: Dragapult|Dragapult, M|100/100
|turn|19
|
|t:|1743835388
|move|p2a: Dragapult|Shadow Ball|p1a: Tinkaton
|-damage|p1a: Tinkaton|12/100
|move|p1a: Tinkaton|Play Rough|p2a: Dragapult
|-supereffective|p2a: Dragapult
|-damage|p2a: Dragapult|9/100
|
|upkeep
|turn|20
|
|t:|1743835394
|move|p2a: Dragapult|Shadow Ball|p1a: Tinkaton
|-damage|p1a: Tinkaton|0 fnt
|faint|p1a: Tinkaton
|
|upkeep
|
|t:|1743835396
|switch|p1a: Pecharunt|Pecharunt|100/100
|-damage|p1a: Pecharunt|88/100|[from] Stealth Rock
|-activate|p1a: Pecharunt|move: Sticky Web
|-unboost|p1a: Pecharunt|spe|1
|turn|21
|
|t:|1743835399
|move|p2a: Dragapult|Shadow Ball|p1a: Pecharunt
|-supereffective|p1a: Pecharunt
|-damage|p1a: Pecharunt|0 fnt
|faint|p1a: Pecharunt
|
|win|Bighuff127
|raw|Cthuluhoop1738's rating: 1216 &rarr; <strong>1195</strong><br />(-21 for losing)
|raw|Bighuff127's rating: 1266 &rarr; <strong>1287</strong><br />(+21 for winning)
|l|☆Bighuff127
|player|p2|
|l|☆Cthuluhoop1738
|player|p1|
