|j|☆Imnotsorrytbh
|j|☆Team BBIO 38
|t:|1743877904
|gametype|singles
|player|p1|Imnotsorrytbh|colress|1433
|player|p2|Team BBIO 38|dragontamer|1405
|teamsize|p1|6
|teamsize|p2|6
|gen|9
|tier|[Gen 9] OU
|rated|
|rule|HP Percentage Mod: HP is shown in percentages
|rule|Endless Battle Clause: Forcing endless battles is banned
|rule|Species Clause: Limit one of each Pokémon
|rule|OHKO Clause: OHKO moves are banned
|rule|Evasion Items Clause: Evasion items are banned
|rule|Evasion Moves Clause: Evasion moves are banned
|rule|Sleep Moves Clause: Sleep-inducing moves are banned
|clearpoke
|poke|p1|Clodsire, F|
|poke|p1|Dondozo, F|
|poke|p1|Alomomola, M|
|poke|p1|Talonflame, M|
|poke|p1|Toxapex, F|
|poke|p1|Blissey, F|
|poke|p2|Dusclops, M|
|poke|p2|Blissey, F|
|poke|p2|Flamigo, M|
|poke|p2|Mimikyu, M|
|poke|p2|Latias, F|
|poke|p2|Rotom-Wash|
|teampreview
|inactive|Battle timer is ON: inactive players will automatically lose when time's up. (requested by Team BBIO 38)
|
|t:|1743877929
|start
|switch|p1a: Toxapex|Toxapex, F|100/100
|switch|p2a: Blissey|Blissey, F|100/100
|turn|1
|
|t:|1743877934
|move|p2a: Blissey|Stealth Rock|p1a: Toxapex
|-sidestart|p1: Imnotsorrytbh|move: Stealth Rock
|move|p1a: Toxapex|Infestation|p2a: Blissey
|-damage|p2a: Blissey|99/100
|-activate|p2a: Blissey|move: Infestation|[of] p1a: Toxapex
|
|-heal|p2a: Blissey|100/100|[from] item: Leftovers
|-damage|p2a: Blissey|88/100|[from] move: Infestation|[partiallytrapped]
|upkeep
|turn|2
|
|t:|1743877944
|move|p2a: Blissey|Seismic Toss|p1a: Toxapex
|-damage|p1a: Toxapex|68/100
|move|p1a: Toxapex|Toxic|p2a: Blissey
|-status|p2a: Blissey|tox
|
|-heal|p2a: Blissey|94/100 tox|[from] item: Leftovers
|-damage|p2a: Blissey|88/100 tox|[from] psn
|-damage|p2a: Blissey|76/100 tox|[from] move: Infestation|[partiallytrapped]
|upkeep
|turn|3
|
|t:|1743877955
|move|p2a: Blissey|Heal Bell|p2a: Blissey
|-activate|p2a: Blissey|move: Heal Bell
|-curestatus|p2a: Blissey|tox|[msg]
|move|p1a: Toxapex|Recover|p1a: Toxapex
|-heal|p1a: Toxapex|100/100
|
|-heal|p2a: Blissey|82/100|[from] item: Leftovers
|-damage|p2a: Blissey|69/100|[from] move: Infestation|[partiallytrapped]
|upkeep
|turn|4
|
|t:|1743877964
|move|p2a: Blissey|Seismic Toss|p1a: Toxapex
|-damage|p1a: Toxapex|68/100
|move|p1a: Toxapex|Toxic|p2a: Blissey
|-status|p2a: Blissey|tox
|
|-heal|p2a: Blissey|75/100 tox|[from] item: Leftovers
|-damage|p2a: Blissey|69/100 tox|[from] psn
|-damage|p2a: Blissey|57/100 tox|[from] move: Infestation|[partiallytrapped]
|upkeep
|turn|5
|
|t:|1743877975
|move|p2a: Blissey|Soft-Boiled|p2a: Blissey
|-heal|p2a: Blissey|100/100 tox
|move|p1a: Toxapex|Infestation|p2a: Blissey
|-damage|p2a: Blissey|99/100 tox
|
|-heal|p2a: Blissey|100/100 tox|[from] item: Leftovers
|-damage|p2a: Blissey|88/100 tox|[from] psn
|-end|p2a: Blissey|Infestation|[partiallytrapped]
|upkeep
|turn|6
|
|t:|1743877985
|move|p2a: Blissey|Heal Bell|p2a: Blissey
|-activate|p2a: Blissey|move: Heal Bell
|-curestatus|p2a: Blissey|tox|[msg]
|move|p1a: Toxapex|Toxic|p2a: Blissey
|-status|p2a: Blissey|tox
|
|-heal|p2a: Blissey|94/100 tox|[from] item: Leftovers
|-damage|p2a: Blissey|88/100 tox|[from] psn
|upkeep
|turn|7
|
|t:|1743877995
|-curestatus|p2a: Blissey|tox|[from] ability: Natural Cure
|switch|p2a: Mimikyu|Mimikyu, M|100/100
|move|p1a: Toxapex|Toxic|p2a: Mimikyu
|-status|p2a: Mimikyu|tox
|
|-damage|p2a: Mimikyu|95/100 tox|[from] psn
|upkeep
|turn|8
|
|t:|1743878004
|switch|p1a: Alomomola|Alomomola, M|100/100
|move|p2a: Mimikyu|Taunt|p1a: Alomomola
|-start|p1a: Alomomola|move: Taunt
|
|-damage|p2a: Mimikyu|83/100 tox|[from] psn
|upkeep
|turn|9
|
|t:|1743878011
|switch|p2a: Blissey|Blissey, F|88/100
|move|p1a: Alomomola|Whirlpool|p2a: Blissey
|-damage|p2a: Blissey|86/100
|-activate|p2a: Blissey|move: Whirlpool|[of] p1a: Alomomola
|
|-heal|p2a: Blissey|92/100|[from] item: Leftovers
|-damage|p2a: Blissey|79/100|[from] move: Whirlpool|[partiallytrapped]
|upkeep
|turn|10
|
|t:|1743878022
|switch|p1a: Toxapex|Toxapex, F|100/100
|move|p2a: Blissey|Heal Bell|p2a: Blissey
|-activate|p2a: Blissey|move: Heal Bell
|-curestatus|p2: Mimikyu|tox|[msg]
|
|-heal|p2a: Blissey|86/100|[from] item: Leftovers
|-end|p2a: Blissey|Whirlpool|[partiallytrapped]|[silent]
|upkeep
|turn|11
|
|t:|1743878030
|move|p2a: Blissey|Seismic Toss|p1a: Toxapex
|-damage|p1a: Toxapex|68/100
|move|p1a: Toxapex|Toxic|p2a: Blissey
|-status|p2a: Blissey|tox
|
|-heal|p2a: Blissey|92/100 tox|[from] item: Leftovers
|-damage|p2a: Blissey|86/100 tox|[from] psn
|upkeep
|turn|12
|
|t:|1743878041
|-curestatus|p2a: Blissey|tox|[from] ability: Natural Cure
|switch|p2a: Mimikyu|Mimikyu, M|83/100
|move|p1a: Toxapex|Infestation|p2a: Mimikyu
|-activate|p2a: Mimikyu|ability: Disguise
|-damage|p2a: Mimikyu|83/100
|-activate|p2a: Mimikyu|move: Infestation|[of] p1a: Toxapex
|detailschange|p2a: Mimikyu|Mimikyu-Busted, M
|-damage|p2a: Mimikyu|70/100|[from] pokemon: Mimikyu-Busted
|-enditem|p2a: Mimikyu|Red Card|[of] p1a: Toxapex
|drag|p1a: Blissey|Blissey, F|100/100
|
|-end|p2a: Mimikyu|Infestation|[partiallytrapped]|[silent]
|upkeep
|turn|13
|
|t:|1743878052
|switch|p1a: Alomomola|Alomomola, M|100/100
|move|p2a: Mimikyu|Taunt|p1a: Alomomola
|-start|p1a: Alomomola|move: Taunt
|
|upkeep
|turn|14
|
|t:|1743878058
|switch|p2a: Rotom|Rotom-Wash|100/100
|move|p1a: Alomomola|Whirlpool|p2a: Rotom
|-resisted|p2a: Rotom
|-damage|p2a: Rotom|98/100
|-activate|p2a: Rotom|move: Whirlpool|[of] p1a: Alomomola
|
|-damage|p2a: Rotom|85/100|[from] move: Whirlpool|[partiallytrapped]
|upkeep
|turn|15
|
|t:|1743878069
|switch|p1a: Blissey|Blissey, F|100/100
|move|p2a: Rotom|Thunderbolt|p1a: Blissey
|-damage|p1a: Blissey|82/100
|
|-end|p2a: Rotom|Whirlpool|[partiallytrapped]|[silent]
|upkeep
|turn|16
|
|t:|1743878077
|switch|p2a: Blissey|Blissey, F|86/100
|move|p1a: Blissey|Stealth Rock|p2a: Blissey
|-sidestart|p2: Team BBIO 38|move: Stealth Rock
|
|-heal|p2a: Blissey|92/100|[from] item: Leftovers
|upkeep
|turn|17
|
|t:|1743878083
|switch|p1a: Toxapex|Toxapex, F|100/100
|move|p2a: Blissey|Seismic Toss|p1a: Toxapex
|-damage|p1a: Toxapex|68/100
|
|-heal|p2a: Blissey|98/100|[from] item: Leftovers
|upkeep
|turn|18
|
|t:|1743878091
|move|p2a: Blissey|Seismic Toss|p1a: Toxapex
|-damage|p1a: Toxapex|35/100
|move|p1a: Toxapex|Toxic|p2a: Blissey
|-status|p2a: Blissey|tox
|
|-heal|p2a: Blissey|100/100 tox|[from] item: Leftovers
|-damage|p2a: Blissey|94/100 tox|[from] psn
|upkeep
|turn|19
|
|t:|1743878099
|move|p2a: Blissey|Seismic Toss|p1a: Toxapex
|-damage|p1a: Toxapex|2/100
|move|p1a: Toxapex|Recover|p1a: Toxapex
|-heal|p1a: Toxapex|52/100
|
|-heal|p2a: Blissey|100/100 tox|[from] item: Leftovers
|-damage|p2a: Blissey|88/100 tox|[from] psn
|upkeep
|turn|20
|
|t:|1743878107
|move|p2a: Blissey|Seismic Toss|p1a: Toxapex
|-damage|p1a: Toxapex|19/100
|move|p1a: Toxapex|Infestation|p2a: Blissey
|-damage|p2a: Blissey|87/100 tox
|-activate|p2a: Blissey|move: Infestation|[of] p1a: Toxapex
|
|-heal|p2a: Blissey|93/100 tox|[from] item: Leftovers
|-damage|p2a: Blissey|75/100 tox|[from] psn
|-damage|p2a: Blissey|62/100 tox|[from] move: Infestation|[partiallytrapped]
|upkeep
|turn|21
|
|t:|1743878116
|switch|p1a: Blissey|Blissey, F|82/100
|move|p2a: Blissey|Soft-Boiled|p2a: Blissey
|-heal|p2a: Blissey|100/100 tox
|
|-damage|p2a: Blissey|76/100 tox|[from] psn
|-end|p2a: Blissey|Infestation|[partiallytrapped]|[silent]
|upkeep
|turn|22
|
|t:|1743878126
|switch|p1a: Toxapex|Toxapex, F|52/100
|-curestatus|p2a: Blissey|tox|[from] ability: Natural Cure
|switch|p2a: Dusclops|Dusclops, M|100/100
|-damage|p2a: Dusclops|88/100|[from] Stealth Rock
|-item|p1a: Toxapex|Heavy-Duty Boots|[from] ability: Frisk|[of] p2a: Dusclops
|
|upkeep
|turn|23
|
|t:|1743878135
|move|p1a: Toxapex|Toxic|p2a: Dusclops
|-status|p2a: Dusclops|tox
|move|p2a: Dusclops|Will-O-Wisp|p1a: Toxapex
|-status|p1a: Toxapex|brn
|
|-damage|p2a: Dusclops|82/100 tox|[from] psn
|-damage|p1a: Toxapex|46/100 brn|[from] brn
|upkeep
|turn|24
|
|t:|1743878149
|switch|p1a: Alomomola|Alomomola, M|100/100
|switch|p2a: Alaric|Latias, F|100/100
|-damage|p2a: Alaric|88/100|[from] Stealth Rock
|
|-heal|p2a: Alaric|94/100|[from] item: Leftovers
|upkeep
|turn|25
|
|t:|1743878161
|switch|p2a: Rotom|Rotom-Wash|85/100
|-damage|p2a: Rotom|73/100|[from] Stealth Rock
|switch|p1a: Blissey|Blissey, F|82/100
|
|upkeep
|turn|26
|
|t:|1743878169
|move|p2a: Rotom|Trick|p1a: Blissey
|-activate|p2a: Rotom|move: Trick|[of] p1a: Blissey
|-item|p1a: Blissey|Choice Specs|[from] move: Trick
|-item|p2a: Rotom|Heavy-Duty Boots|[from] move: Trick
|move|p1a: Blissey|Seismic Toss|p2a: Rotom
|-damage|p2a: Rotom|40/100
|
|upkeep
|turn|27
|
|t:|1743878175
|move|p2a: Rotom|Pain Split|p1a: Blissey
|-sethp|p1a: Blissey|50/100|[from] move: Pain Split|[silent]
|-sethp|p2a: Rotom|100/100|[from] move: Pain Split
|move|p1a: Blissey|Seismic Toss|p2a: Rotom
|-damage|p2a: Rotom|68/100
|
|upkeep
|turn|28
|
|t:|1743878184
|switch|p2a: Mimikyu|Mimikyu-Busted, M|70/100
|-damage|p2a: Mimikyu|58/100|[from] Stealth Rock
|move|p1a: Blissey|Seismic Toss|p2a: Mimikyu
|-immune|p2a: Mimikyu
|
|upkeep
|turn|29
|
|t:|1743878193
|switch|p1a: Alomomola|Alomomola, M|100/100
|move|p2a: Mimikyu|Shadow Claw|p1a: Alomomola
|-damage|p1a: Alomomola|85/100
|
|upkeep
|turn|30
|
|t:|1743878201
|move|p2a: Mimikyu|Taunt|p1a: Alomomola
|-start|p1a: Alomomola|move: Taunt
|cant|p1a: Alomomola|move: Taunt|Wish
|
|upkeep
|turn|31
|
|t:|1743878207
|move|p2a: Mimikyu|Play Rough|p1a: Alomomola
|-damage|p1a: Alomomola|67/100
|move|p1a: Alomomola|Whirlpool|p2a: Mimikyu|[miss]
|-miss|p1a: Alomomola|p2a: Mimikyu
|
|upkeep
|turn|32
|
|t:|1743878217
|switch|p2a: Blissey|Blissey, F|76/100
|-damage|p2a: Blissey|63/100|[from] Stealth Rock
|switch|p1a: Toxapex|Toxapex, F|79/100 brn
|
|-heal|p2a: Blissey|70/100|[from] item: Leftovers
|-damage|p1a: Toxapex|73/100 brn|[from] brn
|upkeep
|turn|33
|
|t:|1743878225
|move|p2a: Blissey|Seismic Toss|p1a: Toxapex
|-damage|p1a: Toxapex|40/100 brn
|move|p1a: Toxapex|Infestation|p2a: Blissey
|-damage|p2a: Blissey|68/100
|-activate|p2a: Blissey|move: Infestation|[of] p1a: Toxapex
|
|-heal|p2a: Blissey|75/100|[from] item: Leftovers
|-damage|p1a: Toxapex|34/100 brn|[from] brn
|-damage|p2a: Blissey|62/100|[from] move: Infestation|[partiallytrapped]
|upkeep
|turn|34
|
|t:|1743878234
|switch|p1a: Blissey|Blissey, F|50/100
|-damage|p1a: Blissey|37/100|[from] Stealth Rock
|move|p2a: Blissey|Seismic Toss|p1a: Blissey
|-damage|p1a: Blissey|23/100
|
|-heal|p2a: Blissey|68/100|[from] item: Leftovers
|-end|p2a: Blissey|Infestation|[partiallytrapped]|[silent]
|upkeep
|turn|35
|
|t:|1743878242
|move|p2a: Blissey|Seismic Toss|p1a: Blissey
|-damage|p1a: Blissey|9/100
|move|p1a: Blissey|Soft-Boiled|p1a: Blissey
|-heal|p1a: Blissey|59/100
|
|-heal|p2a: Blissey|74/100|[from] item: Leftovers
|upkeep
|turn|36
|
|t:|1743878253
|switch|p2a: Rotom|Rotom-Wash|68/100
|move|p1a: Blissey|Soft-Boiled|p1a: Blissey
|-heal|p1a: Blissey|100/100
|
|upkeep
|turn|37
|
|t:|1743878263
|switch|p1a: Clodsire|Clodsire, F|100/100
|move|p2a: Rotom|Pain Split|p1a: Clodsire
|-sethp|p1a: Clodsire|72/100|[from] move: Pain Split|[silent]
|-sethp|p2a: Rotom|100/100|[from] move: Pain Split
|
|upkeep
|turn|38
|
|t:|1743878286
|move|p2a: Rotom|Hydro Pump|p1a: Clodsire|[miss]
|-miss|p2a: Rotom|p1a: Clodsire
|move|p1a: Clodsire|Toxic|p2a: Rotom
|-status|p2a: Rotom|tox
|
|-damage|p2a: Rotom|94/100 tox|[from] psn
|upkeep
|turn|39
|
|t:|1743878296
|switch|p2a: Blissey|Blissey, F|74/100
|-damage|p2a: Blissey|62/100|[from] Stealth Rock
|switch|p1a: Blissey|Blissey, F|100/100
|-damage|p1a: Blissey|88/100|[from] Stealth Rock
|
|-heal|p2a: Blissey|68/100|[from] item: Leftovers
|upkeep
|turn|40
|
|t:|1743878305
|switch|p1a: Toxapex|Toxapex, F|67/100 brn
|move|p2a: Blissey|Soft-Boiled|p2a: Blissey
|-heal|p2a: Blissey|100/100
|
|-damage|p1a: Toxapex|61/100 brn|[from] brn
|upkeep
|turn|41
|
|t:|1743878312
|move|p2a: Blissey|Seismic Toss|p1a: Toxapex
|-damage|p1a: Toxapex|28/100 brn
|move|p1a: Toxapex|Toxic|p2a: Blissey
|-status|p2a: Blissey|tox
|
|-damage|p2a: Blissey|94/100 tox|[from] psn
|-damage|p1a: Toxapex|22/100 brn|[from] brn
|upkeep
|turn|42
|
|t:|1743878320
|switch|p1a: Clodsire|Clodsire, F|72/100
|move|p2a: Blissey|Seismic Toss|p1a: Clodsire
|-damage|p1a: Clodsire|51/100
|
|-heal|p2a: Blissey|100/100 tox|[from] item: Leftovers
|-damage|p2a: Blissey|88/100 tox|[from] psn
|upkeep
|turn|43
|
|t:|1743878328
|move|p2a: Blissey|Seismic Toss|p1a: Clodsire
|-damage|p1a: Clodsire|29/100
|move|p1a: Clodsire|Recover|p1a: Clodsire
|-heal|p1a: Clodsire|79/100
|
|-heal|p2a: Blissey|94/100 tox|[from] item: Leftovers
|-damage|p2a: Blissey|76/100 tox|[from] psn
|upkeep
|turn|44
|
|t:|1743878341
|move|p2a: Blissey|Heal Bell|p2a: Blissey
|-activate|p2a: Blissey|move: Heal Bell
|-curestatus|p2a: Blissey|tox|[msg]
|-curestatus|p2: Dusclops|tox|[msg]
|-curestatus|p2: Rotom|tox|[msg]
|move|p1a: Clodsire|Earthquake|p2a: Blissey
|-damage|p2a: Blissey|53/100
|
|-heal|p2a: Blissey|60/100|[from] item: Leftovers
|upkeep
|turn|45
|
|t:|1743878353
|move|p2a: Blissey|Seismic Toss|p1a: Clodsire
|-damage|p1a: Clodsire|58/100
|move|p1a: Clodsire|Toxic|p2a: Blissey
|-status|p2a: Blissey|tox
|
|-heal|p2a: Blissey|66/100 tox|[from] item: Leftovers
|-damage|p2a: Blissey|60/100 tox|[from] psn
|upkeep
|turn|46
|
|t:|1743878361
|move|p2a: Blissey|Seismic Toss|p1a: Clodsire
|-damage|p1a: Clodsire|36/100
|move|p1a: Clodsire|Recover|p1a: Clodsire
|-heal|p1a: Clodsire|86/100
|
|-heal|p2a: Blissey|66/100 tox|[from] item: Leftovers
|-damage|p2a: Blissey|53/100 tox|[from] psn
|upkeep
|turn|47
|
|t:|1743878370
|move|p2a: Blissey|Soft-Boiled|p2a: Blissey
|-heal|p2a: Blissey|100/100 tox
|move|p1a: Clodsire|Toxic|p2a: Blissey
|-fail|p2a: Blissey|tox
|
|-damage|p2a: Blissey|82/100 tox|[from] psn
|upkeep
|turn|48
|
|t:|1743878379
|-curestatus|p2a: Blissey|tox|[from] ability: Natural Cure
|switch|p2a: Alaric|Latias, F|94/100
|-damage|p2a: Alaric|82/100|[from] Stealth Rock
|move|p1a: Clodsire|Toxic|p2a: Alaric
|-status|p2a: Alaric|tox
|
|-heal|p2a: Alaric|88/100 tox|[from] item: Leftovers
|-damage|p2a: Alaric|82/100 tox|[from] psn
|upkeep
|turn|49
|
|t:|1743878390
|switch|p2a: Blissey|Blissey, F|82/100
|-damage|p2a: Blissey|70/100|[from] Stealth Rock
|switch|p1a: Blissey|Blissey, F|88/100
|-damage|p1a: Blissey|76/100|[from] Stealth Rock
|
|-heal|p2a: Blissey|76/100|[from] item: Leftovers
|upkeep
|turn|50
|
|t:|1743878400
|switch|p1a: Clodsire|Clodsire, F|86/100
|move|p2a: Blissey|Heal Bell|p2a: Blissey
|-activate|p2a: Blissey|move: Heal Bell
|-curestatus|p2: Alaric|tox|[msg]
|
|-heal|p2a: Blissey|82/100|[from] item: Leftovers
|upkeep
|turn|51
|
|t:|1743878408
|move|p2a: Blissey|Seismic Toss|p1a: Clodsire
|-damage|p1a: Clodsire|65/100
|move|p1a: Clodsire|Toxic|p2a: Blissey
|-status|p2a: Blissey|tox
|
|-heal|p2a: Blissey|88/100 tox|[from] item: Leftovers
|-damage|p2a: Blissey|82/100 tox|[from] psn
|upkeep
|turn|52
|
|t:|1743878416
|move|p2a: Blissey|Seismic Toss|p1a: Clodsire
|-damage|p1a: Clodsire|43/100
|move|p1a: Clodsire|Recover|p1a: Clodsire
|-heal|p1a: Clodsire|93/100
|
|-heal|p2a: Blissey|88/100 tox|[from] item: Leftovers
|-damage|p2a: Blissey|76/100 tox|[from] psn
|upkeep
|turn|53
|
|t:|1743878424
|move|p2a: Blissey|Seismic Toss|p1a: Clodsire
|-damage|p1a: Clodsire|72/100
|move|p1a: Clodsire|Earthquake|p2a: Blissey
|-damage|p2a: Blissey|51/100 tox
|
|-heal|p2a: Blissey|57/100 tox|[from] item: Leftovers
|-damage|p2a: Blissey|38/100 tox|[from] psn
|upkeep
|turn|54
|
|t:|1743878438
|move|p2a: Blissey|Soft-Boiled|p2a: Blissey
|-heal|p2a: Blissey|88/100 tox
|move|p1a: Clodsire|Toxic|p2a: Blissey
|-fail|p2a: Blissey|tox
|
|-heal|p2a: Blissey|95/100 tox|[from] item: Leftovers
|-damage|p2a: Blissey|70/100 tox|[from] psn
|upkeep
|turn|55
|
|t:|1743878446
|move|p2a: Blissey|Seismic Toss|p1a: Clodsire
|-damage|p1a: Clodsire|50/100
|move|p1a: Clodsire|Toxic|p2a: Blissey
|-fail|p2a: Blissey|tox
|
|-heal|p2a: Blissey|76/100 tox|[from] item: Leftovers
|-damage|p2a: Blissey|45/100 tox|[from] psn
|upkeep
|turn|56
|
|t:|1743878455
|move|p2a: Blissey|Soft-Boiled|p2a: Blissey
|-heal|p2a: Blissey|95/100 tox
|move|p1a: Clodsire|Toxic|p2a: Blissey
|-fail|p2a: Blissey|tox
|
|-heal|p2a: Blissey|100/100 tox|[from] item: Leftovers
|-damage|p2a: Blissey|64/100 tox|[from] psn
|upkeep
|turn|57
|
|t:|1743878463
|move|p2a: Blissey|Heal Bell|p2a: Blissey
|-activate|p2a: Blissey|move: Heal Bell
|-curestatus|p2a: Blissey|tox|[msg]
|move|p1a: Clodsire|Toxic|p2a: Blissey
|-status|p2a: Blissey|tox
|
|-heal|p2a: Blissey|70/100 tox|[from] item: Leftovers
|-damage|p2a: Blissey|64/100 tox|[from] psn
|upkeep
|turn|58
|
|t:|1743878473
|move|p2a: Blissey|Seismic Toss|p1a: Clodsire
|-damage|p1a: Clodsire|29/100
|move|p1a: Clodsire|Recover|p1a: Clodsire
|-heal|p1a: Clodsire|79/100
|
|-heal|p2a: Blissey|70/100 tox|[from] item: Leftovers
|-damage|p2a: Blissey|57/100 tox|[from] psn
|upkeep
|turn|59
|
|t:|1743878487
|-curestatus|p2a: Blissey|tox|[from] ability: Natural Cure
|switch|p2a: Dusclops|Dusclops, M|82/100
|-damage|p2a: Dusclops|70/100|[from] Stealth Rock
|-item|p1a: Clodsire|Heavy-Duty Boots|[from] ability: Frisk|[of] p2a: Dusclops
|move|p1a: Clodsire|Toxic|p2a: Dusclops
|-status|p2a: Dusclops|tox
|
|-damage|p2a: Dusclops|64/100 tox|[from] psn
|upkeep
|turn|60
|
|t:|1743878497
|switch|p1a: Toxapex|Toxapex, F|55/100 brn
|move|p2a: Dusclops|Will-O-Wisp|p1a: Toxapex
|-fail|p1a: Toxapex|brn
|
|-damage|p2a: Dusclops|52/100 tox|[from] psn
|-damage|p1a: Toxapex|49/100 brn|[from] brn
|upkeep
|turn|61
|
|t:|1743878505
|move|p1a: Toxapex|Toxic|p2a: Dusclops
|-fail|p2a: Dusclops|tox
|move|p2a: Dusclops|Night Shade|p1a: Toxapex
|-damage|p1a: Toxapex|16/100 brn
|
|-damage|p2a: Dusclops|34/100 tox|[from] psn
|-damage|p1a: Toxapex|9/100 brn|[from] brn
|upkeep
|turn|62
|
|t:|1743878516
|switch|p2a: Alaric|Latias, F|82/100
|-damage|p2a: Alaric|69/100|[from] Stealth Rock
|move|p1a: Toxapex|Recover|p1a: Toxapex
|-heal|p1a: Toxapex|59/100 brn
|
|-heal|p2a: Alaric|75/100|[from] item: Leftovers
|-damage|p1a: Toxapex|53/100 brn|[from] brn
|upkeep
|turn|63
|
|t:|1743878525
|-terastallize|p2a: Alaric|Steel
|-terastallize|p1a: Toxapex|Fairy
|move|p2a: Alaric|Calm Mind|p2a: Alaric
|-boost|p2a: Alaric|spa|1
|-boost|p2a: Alaric|spd|1
|move|p1a: Toxapex|Toxic|p2a: Alaric
|-immune|p2a: Alaric
|
|-heal|p2a: Alaric|82/100|[from] item: Leftovers
|-damage|p1a: Toxapex|47/100 brn|[from] brn
|upkeep
|turn|64
|
|t:|1743878535
|move|p2a: Alaric|Calm Mind|p2a: Alaric
|-boost|p2a: Alaric|spa|1
|-boost|p2a: Alaric|spd|1
|move|p1a: Toxapex|Recover|p1a: Toxapex
|-heal|p1a: Toxapex|97/100 brn
|
|-heal|p2a: Alaric|88/100|[from] item: Leftovers
|-damage|p1a: Toxapex|91/100 brn|[from] brn
|upkeep
|turn|65
|
|t:|1743878543
|move|p2a: Alaric|Calm Mind|p2a: Alaric
|-boost|p2a: Alaric|spa|1
|-boost|p2a: Alaric|spd|1
|move|p1a: Toxapex|Haze|p1a: Toxapex
|-clearallboost
|
|-heal|p2a: Alaric|94/100|[from] item: Leftovers
|-damage|p1a: Toxapex|84/100 brn|[from] brn
|upkeep
|turn|66
|
|t:|1743878551
|move|p2a: Alaric|Calm Mind|p2a: Alaric
|-boost|p2a: Alaric|spa|1
|-boost|p2a: Alaric|spd|1
|move|p1a: Toxapex|Infestation|p2a: Alaric
|-resisted|p2a: Alaric
|-damage|p2a: Alaric|93/100
|-activate|p2a: Alaric|move: Infestation|[of] p1a: Toxapex
|
|-heal|p2a: Alaric|99/100|[from] item: Leftovers
|-damage|p1a: Toxapex|78/100 brn|[from] brn
|-damage|p2a: Alaric|86/100|[from] move: Infestation|[partiallytrapped]
|upkeep
|turn|67
|
|t:|1743878560
|move|p2a: Alaric|Stored Power|p1a: Toxapex
|-damage|p1a: Toxapex|47/100 brn
|move|p1a: Toxapex|Haze|p1a: Toxapex
|-clearallboost
|
|-heal|p2a: Alaric|93/100|[from] item: Leftovers
|-damage|p1a: Toxapex|41/100 brn|[from] brn
|-damage|p2a: Alaric|80/100|[from] move: Infestation|[partiallytrapped]
|upkeep
|turn|68
|
|t:|1743878571
|move|p2a: Alaric|Aura Sphere|p1a: Toxapex
|-resisted|p1a: Toxapex
|-damage|p1a: Toxapex|32/100 brn
|move|p1a: Toxapex|Recover|p1a: Toxapex
|-heal|p1a: Toxapex|82/100 brn
|
|-heal|p2a: Alaric|86/100|[from] item: Leftovers
|-damage|p1a: Toxapex|75/100 brn|[from] brn
|-damage|p2a: Alaric|74/100|[from] move: Infestation|[partiallytrapped]
|upkeep
|turn|69
|
|t:|1743878581
|move|p2a: Alaric|Calm Mind|p2a: Alaric
|-boost|p2a: Alaric|spa|1
|-boost|p2a: Alaric|spd|1
|move|p1a: Toxapex|Haze|p1a: Toxapex
|-clearallboost
|
|-heal|p2a: Alaric|80/100|[from] item: Leftovers
|-damage|p1a: Toxapex|69/100 brn|[from] brn
|-damage|p2a: Alaric|68/100|[from] move: Infestation|[partiallytrapped]
|upkeep
|turn|70
|
|t:|1743878593
|move|p2a: Alaric|Aura Sphere|p1a: Toxapex
|-resisted|p1a: Toxapex
|-damage|p1a: Toxapex|59/100 brn
|move|p1a: Toxapex|Haze|p1a: Toxapex
|-clearallboost
|
|-heal|p2a: Alaric|74/100|[from] item: Leftovers
|-damage|p1a: Toxapex|53/100 brn|[from] brn
|-damage|p2a: Alaric|61/100|[from] move: Infestation|[partiallytrapped]
|upkeep
|turn|71
|
|t:|1743878603
|move|p2a: Alaric|Recover|p2a: Alaric
|-heal|p2a: Alaric|100/100
|move|p1a: Toxapex|Haze|p1a: Toxapex
|-clearallboost
|
|-damage|p1a: Toxapex|47/100 brn|[from] brn
|-end|p2a: Alaric|Infestation|[partiallytrapped]
|upkeep
|turn|72
|
|t:|1743878614
|switch|p2a: Dusclops|Dusclops, M|34/100 tox
|-damage|p2a: Dusclops|22/100 tox|[from] Stealth Rock
|-item|p1a: Toxapex|Heavy-Duty Boots|[from] ability: Frisk|[of] p2a: Dusclops
|move|p1a: Toxapex|Recover|p1a: Toxapex
|-heal|p1a: Toxapex|97/100 brn
|
|-damage|p2a: Dusclops|16/100 tox|[from] psn
|-damage|p1a: Toxapex|91/100 brn|[from] brn
|upkeep
|turn|73
|
|t:|1743878623
|move|p1a: Toxapex|Infestation|p2a: Dusclops
|-resisted|p2a: Dusclops
|-damage|p2a: Dusclops|15/100 tox
|-activate|p2a: Dusclops|move: Infestation|[of] p1a: Toxapex
|move|p2a: Dusclops|Pain Split|p1a: Toxapex
|-sethp|p1a: Toxapex|52/100 brn|[from] move: Pain Split|[silent]
|-sethp|p2a: Dusclops|56/100 tox|[from] move: Pain Split
|
|-damage|p2a: Dusclops|44/100 tox|[from] psn
|-damage|p1a: Toxapex|46/100 brn|[from] brn
|-damage|p2a: Dusclops|31/100 tox|[from] move: Infestation|[partiallytrapped]
|upkeep
|turn|74
|
|t:|1743878635
|move|p1a: Toxapex|Infestation|p2a: Dusclops
|-resisted|p2a: Dusclops
|-damage|p2a: Dusclops|30/100 tox
|move|p2a: Dusclops|Pain Split|p1a: Toxapex
|-sethp|p1a: Toxapex|37/100 brn|[from] move: Pain Split|[silent]
|-sethp|p2a: Dusclops|40/100 tox|[from] move: Pain Split
|
|-damage|p2a: Dusclops|22/100 tox|[from] psn
|-damage|p1a: Toxapex|31/100 brn|[from] brn
|-damage|p2a: Dusclops|9/100 tox|[from] move: Infestation|[partiallytrapped]
|upkeep
|turn|75
|
|t:|1743878645
|switch|p1a: Alomomola|Alomomola, M|99/100
|move|p2a: Dusclops|Pain Split|p1a: Alomomola
|-sethp|p1a: Alomomola|53/100|[from] move: Pain Split|[silent]
|-sethp|p2a: Dusclops|98/100 tox|[from] move: Pain Split
|
|-damage|p2a: Dusclops|74/100 tox|[from] psn
|-end|p2a: Dusclops|Infestation|[partiallytrapped]|[silent]
|upkeep
|turn|76
|
|t:|1743878655
|switch|p2a: Rotom|Rotom-Wash|94/100
|move|p1a: Alomomola|Wish|p1a: Alomomola
|
|upkeep
|turn|77
|
|t:|1743878667
|switch|p1a: Blissey|Blissey, F|76/100
|-damage|p1a: Blissey|63/100|[from] Stealth Rock
|move|p2a: Rotom|Thunderbolt|p1a: Blissey
|-damage|p1a: Blissey|52/100
|-status|p1a: Blissey|par
|
|-heal|p1a: Blissey|89/100 par|[from] move: Wish|[wisher] Alomomola
|upkeep
|turn|78
|
|t:|1743878678
|switch|p2a: Alaric|Latias, F, tera:Steel|100/100
|-damage|p2a: Alaric|94/100|[from] Stealth Rock
|move|p1a: Blissey|Shadow Ball|p2a: Alaric
|-damage|p2a: Alaric|79/100
|
|-heal|p2a: Alaric|85/100|[from] item: Leftovers
|upkeep
|turn|79
|
|t:|1743878686
|-curestatus|p1a: Blissey|par|[from] ability: Natural Cure
|switch|p1a: Toxapex|Toxapex, F, tera:Fairy|64/100 brn
|move|p2a: Alaric|Calm Mind|p2a: Alaric
|-boost|p2a: Alaric|spa|1
|-boost|p2a: Alaric|spd|1
|
|-heal|p2a: Alaric|91/100|[from] item: Leftovers
|-damage|p1a: Toxapex|58/100 brn|[from] brn
|upkeep
|turn|80
|
|t:|1743878695
|move|p2a: Alaric|Stored Power|p1a: Toxapex
|-damage|p1a: Toxapex|26/100 brn
|move|p1a: Toxapex|Recover|p1a: Toxapex
|-heal|p1a: Toxapex|76/100 brn
|
|-heal|p2a: Alaric|97/100|[from] item: Leftovers
|-damage|p1a: Toxapex|70/100 brn|[from] brn
|upkeep
|turn|81
|
|t:|1743878703
|move|p2a: Alaric|Stored Power|p1a: Toxapex
|-damage|p1a: Toxapex|35/100 brn
|move|p1a: Toxapex|Haze|p1a: Toxapex
|-clearallboost
|
|-heal|p2a: Alaric|100/100|[from] item: Leftovers
|-damage|p1a: Toxapex|29/100 brn|[from] brn
|upkeep
|turn|82
|
|t:|1743878712
|switch|p2a: Dusclops|Dusclops, M|74/100 tox
|-damage|p2a: Dusclops|62/100 tox|[from] Stealth Rock
|-item|p1a: Toxapex|Heavy-Duty Boots|[from] ability: Frisk|[of] p2a: Dusclops
|switch|p1a: Alomomola|Alomomola, M|86/100
|
|-damage|p2a: Dusclops|56/100 tox|[from] psn
|upkeep
|turn|83
|
|t:|1743878721
|move|p1a: Alomomola|Wish|p1a: Alomomola
|move|p2a: Dusclops|Will-O-Wisp|p1a: Alomomola
|-status|p1a: Alomomola|brn
|
|-damage|p2a: Dusclops|44/100 tox|[from] psn
|-damage|p1a: Alomomola|80/100 brn|[from] brn
|upkeep
|turn|84
|
|t:|1743878729
|switch|p1a: Toxapex|Toxapex, F, tera:Fairy|62/100 brn
|move|p2a: Dusclops|Pain Split|p1a: Toxapex
|-sethp|p1a: Toxapex|51/100 brn|[from] move: Pain Split|[silent]
|-sethp|p2a: Dusclops|55/100 tox|[from] move: Pain Split
|
|-heal|p1a: Toxapex|100/100 brn|[from] move: Wish|[wisher] Alomomola
|-damage|p2a: Dusclops|37/100 tox|[from] psn
|-damage|p1a: Toxapex|94/100 brn|[from] brn
|upkeep
|turn|85
|
|t:|1743878740
|move|p1a: Toxapex|Infestation|p2a: Dusclops
|-resisted|p2a: Dusclops
|-damage|p2a: Dusclops|36/100 tox
|-activate|p2a: Dusclops|move: Infestation|[of] p1a: Toxapex
|move|p2a: Dusclops|Pain Split|p1a: Toxapex
|-sethp|p1a: Toxapex|64/100 brn|[from] move: Pain Split|[silent]
|-sethp|p2a: Dusclops|68/100 tox|[from] move: Pain Split
|
|-damage|p2a: Dusclops|45/100 tox|[from] psn
|-damage|p1a: Toxapex|58/100 brn|[from] brn
|-damage|p2a: Dusclops|32/100 tox|[from] move: Infestation|[partiallytrapped]
|upkeep
|turn|86
|
|t:|1743878752
|switch|p1a: Alomomola|Alomomola, M|100/100 brn
|move|p2a: Dusclops|Pain Split|p1a: Alomomola
|-sethp|p1a: Alomomola|59/100 brn|[from] move: Pain Split|[silent]
|-sethp|p2a: Dusclops|100/100 tox|[from] move: Pain Split
|
|-damage|p2a: Dusclops|71/100 tox|[from] psn
|-damage|p1a: Alomomola|53/100 brn|[from] brn
|-end|p2a: Dusclops|Infestation|[partiallytrapped]|[silent]
|upkeep
|turn|87
|
|t:|1743878761
|switch|p2a: Blissey|Blissey, F|57/100
|-damage|p2a: Blissey|45/100|[from] Stealth Rock
|move|p1a: Alomomola|Wish|p1a: Alomomola
|
|-heal|p2a: Blissey|51/100|[from] item: Leftovers
|-damage|p1a: Alomomola|47/100 brn|[from] brn
|upkeep
|turn|88
|
|t:|1743878776
|switch|p1a: Toxapex|Toxapex, F, tera:Fairy|91/100 brn
|move|p2a: Blissey|Seismic Toss|p1a: Toxapex
|-damage|p1a: Toxapex|58/100 brn
|
|-heal|p1a: Toxapex|100/100 brn|[from] move: Wish|[wisher] Alomomola
|-heal|p2a: Blissey|57/100|[from] item: Leftovers
|-damage|p1a: Toxapex|94/100 brn|[from] brn
|upkeep
|turn|89
|
|t:|1743878789
|switch|p2a: Dusclops|Dusclops, M|71/100 tox
|-damage|p2a: Dusclops|58/100 tox|[from] Stealth Rock
|-item|p1a: Toxapex|Heavy-Duty Boots|[from] ability: Frisk|[of] p2a: Dusclops
|move|p1a: Toxapex|Infestation|p2a: Dusclops
|-resisted|p2a: Dusclops
|-damage|p2a: Dusclops|57/100 tox
|-activate|p2a: Dusclops|move: Infestation|[of] p1a: Toxapex
|
|-damage|p2a: Dusclops|51/100 tox|[from] psn
|-damage|p1a: Toxapex|88/100 brn|[from] brn
|-damage|p2a: Dusclops|39/100 tox|[from] move: Infestation|[partiallytrapped]
|upkeep
|turn|90
|
|t:|1743878804
|switch|p1a: Alomomola|Alomomola, M|80/100 brn
|move|p2a: Dusclops|Pain Split|p1a: Alomomola
|-sethp|p1a: Alomomola|50/100 brn|[from] move: Pain Split|[silent]
|-sethp|p2a: Dusclops|94/100 tox|[from] move: Pain Split
|
|-damage|p2a: Dusclops|82/100 tox|[from] psn
|-damage|p1a: Alomomola|44/100 brn|[from] brn
|-end|p2a: Dusclops|Infestation|[partiallytrapped]|[silent]
|upkeep
|turn|91
|
|t:|1743878820
|move|p1a: Alomomola|Wish|p1a: Alomomola
|move|p2a: Dusclops|Night Shade|p1a: Alomomola
|-damage|p1a: Alomomola|25/100 brn
|
|-damage|p2a: Dusclops|64/100 tox|[from] psn
|-damage|p1a: Alomomola|19/100 brn|[from] brn
|upkeep
|turn|92
|
|t:|1743878829
|switch|p1a: Clodsire|Clodsire, F|79/100
|move|p2a: Dusclops|Pain Split|p1a: Clodsire
|-sethp|p1a: Clodsire|59/100|[from] move: Pain Split|[silent]
|-sethp|p2a: Dusclops|96/100 tox|[from] move: Pain Split
|
|-heal|p1a: Clodsire|100/100|[from] move: Wish|[wisher] Alomomola
|-damage|p2a: Dusclops|72/100 tox|[from] psn
|upkeep
|turn|93
|
|t:|1743878842
|switch|p1a: Alomomola|Alomomola, M|53/100 brn
|move|p2a: Dusclops|Pain Split|p1a: Alomomola
|-sethp|p1a: Alomomola|45/100 brn|[from] move: Pain Split|[silent]
|-sethp|p2a: Dusclops|85/100 tox|[from] move: Pain Split
|
|-damage|p2a: Dusclops|55/100 tox|[from] psn
|-damage|p1a: Alomomola|39/100 brn|[from] brn
|upkeep
|turn|94
|
|t:|1743878850
|move|p1a: Alomomola|Wish|p1a: Alomomola
|move|p2a: Dusclops|Night Shade|p1a: Alomomola
|-damage|p1a: Alomomola|21/100 brn
|
|-damage|p2a: Dusclops|19/100 tox|[from] psn
|-damage|p1a: Alomomola|14/100 brn|[from] brn
|upkeep
|turn|95
|
|t:|1743878857
|move|p1a: Alomomola|Protect|p1a: Alomomola
|-singleturn|p1a: Alomomola|Protect
|move|p2a: Dusclops|Pain Split|p1a: Alomomola
|-activate|p1a: Alomomola|move: Protect
|
|-heal|p1a: Alomomola|64/100 brn|[from] move: Wish|[wisher] Alomomola
|-damage|p2a: Dusclops|0 fnt|[from] psn
|faint|p2a: Dusclops
|-damage|p1a: Alomomola|58/100 brn|[from] brn
|upkeep
|
|t:|1743878875
|switch|p2a: Alaric|Latias, F, tera:Steel|100/100
|-damage|p2a: Alaric|94/100|[from] Stealth Rock
|turn|96
|
|t:|1743878883
|switch|p2a: Rotom|Rotom-Wash|94/100
|move|p1a: Alomomola|Wish|p1a: Alomomola
|
|-damage|p1a: Alomomola|52/100 brn|[from] brn
|upkeep
|turn|97
|
|t:|1743878890
|switch|p1a: Clodsire|Clodsire, F|100/100
|move|p2a: Rotom|Thunderbolt|p1a: Clodsire
|-immune|p1a: Clodsire
|
|upkeep
|turn|98
|
|t:|1743878900
|switch|p1a: Blissey|Blissey, F|89/100
|-damage|p1a: Blissey|77/100|[from] Stealth Rock
|move|p2a: Rotom|Hydro Pump|p1a: Blissey
|-damage|p1a: Blissey|62/100
|
|upkeep
|turn|99
|
|t:|1743878911
|switch|p2a: Mimikyu|Mimikyu-Busted, M|58/100
|-damage|p2a: Mimikyu|46/100|[from] Stealth Rock
|move|p1a: Blissey|Seismic Toss|p2a: Mimikyu
|-immune|p2a: Mimikyu
|
|upkeep
|turn|100
|
|t:|1743878923
|switch|p1a: Alomomola|Alomomola, M|85/100 brn
|move|p2a: Mimikyu|Taunt|p1a: Alomomola
|-start|p1a: Alomomola|move: Taunt
|
|-damage|p1a: Alomomola|79/100 brn|[from] brn
|upkeep
|turn|101
|
|t:|1743878934
|move|p2a: Mimikyu|Shadow Claw|p1a: Alomomola
|-damage|p1a: Alomomola|63/100 brn
|move|p1a: Alomomola|Chilling Water|p2a: Mimikyu
|-damage|p2a: Mimikyu|33/100
|-unboost|p2a: Mimikyu|atk|1
|
|-damage|p1a: Alomomola|57/100 brn|[from] brn
|upkeep
|turn|102
|
|t:|1743878947
|switch|p2a: Rotom|Rotom-Wash|94/100
|move|p1a: Alomomola|Whirlpool|p2a: Rotom
|-resisted|p2a: Rotom
|-damage|p2a: Rotom|91/100
|-activate|p2a: Rotom|move: Whirlpool|[of] p1a: Alomomola
|
|-damage|p1a: Alomomola|51/100 brn|[from] brn
|-damage|p2a: Rotom|79/100|[from] move: Whirlpool|[partiallytrapped]
|-end|p1a: Alomomola|move: Taunt
|upkeep
|turn|103
|
|t:|1743878957
|move|p1a: Alomomola|Protect|p1a: Alomomola
|-singleturn|p1a: Alomomola|Protect
|move|p2a: Rotom|Hydro Pump|p1a: Alomomola
|-activate|p1a: Alomomola|move: Protect
|
|-damage|p1a: Alomomola|45/100 brn|[from] brn
|-damage|p2a: Rotom|66/100|[from] move: Whirlpool|[partiallytrapped]
|upkeep
|turn|104
|
|t:|1743878966
|switch|p1a: Blissey|Blissey, F|62/100
|-damage|p1a: Blissey|49/100|[from] Stealth Rock
|move|p2a: Rotom|Thunderbolt|p1a: Blissey
|-damage|p1a: Blissey|37/100
|
|-end|p2a: Rotom|Whirlpool|[partiallytrapped]|[silent]
|upkeep
|turn|105
|
|t:|1743878974
|move|p2a: Rotom|Pain Split|p1a: Blissey
|-sethp|p1a: Blissey|33/100|[from] move: Pain Split|[silent]
|-sethp|p2a: Rotom|76/100|[from] move: Pain Split
|move|p1a: Blissey|Soft-Boiled|p1a: Blissey
|-heal|p1a: Blissey|83/100
|
|upkeep
|turn|106
|
|t:|1743878983
|switch|p1a: Clodsire|Clodsire, F|100/100
|move|p2a: Rotom|Thunderbolt|p1a: Clodsire
|-immune|p1a: Clodsire
|
|upkeep
|turn|107
|
|t:|1743878989
|move|p2a: Rotom|Hydro Pump|p1a: Clodsire
|-supereffective|p1a: Clodsire
|-damage|p1a: Clodsire|45/100
|move|p1a: Clodsire|Toxic|p2a: Rotom
|-status|p2a: Rotom|tox
|
|-damage|p2a: Rotom|70/100 tox|[from] psn
|upkeep
|turn|108
|
|t:|1743878998
|switch|p1a: Blissey|Blissey, F|83/100
|-damage|p1a: Blissey|70/100|[from] Stealth Rock
|move|p2a: Rotom|Thunderbolt|p1a: Blissey
|-damage|p1a: Blissey|57/100
|
|-damage|p2a: Rotom|57/100 tox|[from] psn
|upkeep
|turn|109
|
|t:|1743879007
|switch|p2a: Alaric|Latias, F, tera:Steel|94/100
|-damage|p2a: Alaric|88/100|[from] Stealth Rock
|move|p1a: Blissey|Seismic Toss|p2a: Alaric
|-damage|p2a: Alaric|61/100
|
|-heal|p2a: Alaric|67/100|[from] item: Leftovers
|upkeep
|turn|110
|
|t:|1743879015
|switch|p1a: Dondozo|Dondozo, F|100/100
|move|p2a: Alaric|Calm Mind|p2a: Alaric
|-boost|p2a: Alaric|spa|1
|-boost|p2a: Alaric|spd|1
|
|-heal|p2a: Alaric|73/100|[from] item: Leftovers
|upkeep
|turn|111
|
|t:|1743879022
|move|p2a: Alaric|Calm Mind|p2a: Alaric
|-boost|p2a: Alaric|spa|1
|-boost|p2a: Alaric|spd|1
|move|p1a: Dondozo|Body Press|p2a: Alaric
|-supereffective|p2a: Alaric
|-damage|p2a: Alaric|21/100
|
|-heal|p2a: Alaric|27/100|[from] item: Leftovers
|upkeep
|turn|112
|
|t:|1743879031
|move|p2a: Alaric|Recover|p2a: Alaric
|-heal|p2a: Alaric|77/100
|move|p1a: Dondozo|Body Press|p2a: Alaric
|-supereffective|p2a: Alaric
|-damage|p2a: Alaric|29/100
|
|-heal|p2a: Alaric|35/100|[from] item: Leftovers
|upkeep
|turn|113
|
|t:|1743879039
|move|p2a: Alaric|Recover|p2a: Alaric
|-heal|p2a: Alaric|85/100
|move|p1a: Dondozo|Body Press|p2a: Alaric
|-supereffective|p2a: Alaric
|-damage|p2a: Alaric|33/100
|
|-heal|p2a: Alaric|39/100|[from] item: Leftovers
|upkeep
|turn|114
|
|t:|1743879046
|switch|p2a: Mimikyu|Mimikyu-Busted, M|33/100
|-damage|p2a: Mimikyu|21/100|[from] Stealth Rock
|move|p1a: Dondozo|Body Press|p2a: Mimikyu
|-immune|p2a: Mimikyu
|
|upkeep
|turn|115
|
|t:|1743879053
|move|p2a: Mimikyu|Taunt|p1a: Dondozo
|-start|p1a: Dondozo|move: Taunt
|move|p1a: Dondozo|Liquidation|p2a: Mimikyu
|-damage|p2a: Mimikyu|0 fnt
|faint|p2a: Mimikyu
|
|upkeep
|
|t:|1743879060
|switch|p2a: Blissey|Blissey, F|57/100
|-damage|p2a: Blissey|45/100|[from] Stealth Rock
|turn|116
|
|t:|1743879064
|move|p2a: Blissey|Soft-Boiled|p2a: Blissey
|-heal|p2a: Blissey|95/100
|move|p1a: Dondozo|Body Press|p2a: Blissey
|-supereffective|p2a: Blissey
|-damage|p2a: Blissey|43/100
|
|-heal|p2a: Blissey|49/100|[from] item: Leftovers
|upkeep
|turn|117
|
|t:|1743879071
|move|p2a: Blissey|Heal Bell|p2a: Blissey
|-activate|p2a: Blissey|move: Heal Bell
|-curestatus|p2: Rotom|tox|[msg]
|move|p1a: Dondozo|Body Press|p2a: Blissey
|-supereffective|p2a: Blissey
|-damage|p2a: Blissey|5/100
|
|-heal|p2a: Blissey|11/100|[from] item: Leftovers
|-end|p1a: Dondozo|move: Taunt
|upkeep
|turn|118
|
|t:|1743879080
|move|p2a: Blissey|Soft-Boiled|p2a: Blissey
|-heal|p2a: Blissey|61/100
|move|p1a: Dondozo|Body Press|p2a: Blissey
|-supereffective|p2a: Blissey
|-damage|p2a: Blissey|14/100
|
|-heal|p2a: Blissey|20/100|[from] item: Leftovers
|upkeep
|turn|119
|
|t:|1743879089
|move|p2a: Blissey|Seismic Toss|p1a: Dondozo
|-damage|p1a: Dondozo|81/100
|move|p1a: Dondozo|Body Press|p2a: Blissey
|-supereffective|p2a: Blissey
|-damage|p2a: Blissey|0 fnt
|faint|p2a: Blissey
|
|upkeep
|
|t:|1743879100
|switch|p2a: Rotom|Rotom-Wash|57/100
|turn|120
|
|t:|1743879104
|switch|p1a: Blissey|Blissey, F|57/100
|-damage|p1a: Blissey|45/100|[from] Stealth Rock
|move|p2a: Rotom|Pain Split|p1a: Blissey
|-sethp|p1a: Blissey|35/100|[from] move: Pain Split|[silent]
|-sethp|p2a: Rotom|81/100|[from] move: Pain Split
|
|upkeep
|turn|121
|
|t:|1743879114
|switch|p2a: Alaric|Latias, F, tera:Steel|39/100
|-damage|p2a: Alaric|33/100|[from] Stealth Rock
|move|p1a: Blissey|Soft-Boiled|p1a: Blissey
|-heal|p1a: Blissey|85/100
|
|-heal|p2a: Alaric|39/100|[from] item: Leftovers
|upkeep
|turn|122
|
|t:|1743879121
|switch|p1a: Dondozo|Dondozo, F|81/100
|move|p2a: Alaric|Recover|p2a: Alaric
|-heal|p2a: Alaric|89/100
|
|-heal|p2a: Alaric|95/100|[from] item: Leftovers
|upkeep
|turn|123
|
|t:|1743879129
|switch|p2a: Rotom|Rotom-Wash|81/100
|move|p1a: Dondozo|Body Press|p2a: Rotom
|-damage|p2a: Rotom|51/100
|
|upkeep
|turn|124
|
|t:|1743879138
|switch|p1a: Blissey|Blissey, F|85/100
|-damage|p1a: Blissey|72/100|[from] Stealth Rock
|move|p2a: Rotom|Trick|p1a: Blissey
|-activate|p2a: Rotom|move: Trick|[of] p1a: Blissey
|-item|p1a: Blissey|Heavy-Duty Boots|[from] move: Trick
|-item|p2a: Rotom|Choice Specs|[from] move: Trick
|
|upkeep
|turn|125
|
|t:|1743879148
|move|p2a: Rotom|Pain Split|p1a: Blissey
|-sethp|p1a: Blissey|47/100|[from] move: Pain Split|[silent]
|-sethp|p2a: Rotom|100/100|[from] move: Pain Split
|move|p1a: Blissey|Seismic Toss|p2a: Rotom
|-damage|p2a: Rotom|68/100
|
|upkeep
|turn|126
|
|t:|1743879160
|switch|p2a: Alaric|Latias, F, tera:Steel|95/100
|-damage|p2a: Alaric|89/100|[from] Stealth Rock
|move|p1a: Blissey|Soft-Boiled|p1a: Blissey
|-heal|p1a: Blissey|97/100
|
|-heal|p2a: Alaric|95/100|[from] item: Leftovers
|upkeep
|turn|127
|
|t:|1743879169
|switch|p1a: Dondozo|Dondozo, F|81/100
|move|p2a: Alaric|Calm Mind|p2a: Alaric
|-boost|p2a: Alaric|spa|1
|-boost|p2a: Alaric|spd|1
|
|-heal|p2a: Alaric|100/100|[from] item: Leftovers
|upkeep
|turn|128
|
|t:|1743879176
|move|p2a: Alaric|Calm Mind|p2a: Alaric
|-boost|p2a: Alaric|spa|1
|-boost|p2a: Alaric|spd|1
|move|p1a: Dondozo|Body Press|p2a: Alaric
|-supereffective|p2a: Alaric
|-damage|p2a: Alaric|53/100
|
|-heal|p2a: Alaric|59/100|[from] item: Leftovers
|upkeep
|turn|129
|
|t:|1743879193
|move|p2a: Alaric|Calm Mind|p2a: Alaric
|-boost|p2a: Alaric|spa|1
|-boost|p2a: Alaric|spd|1
|move|p1a: Dondozo|Body Press|p2a: Alaric
|-supereffective|p2a: Alaric
|-damage|p2a: Alaric|9/100
|
|-heal|p2a: Alaric|15/100|[from] item: Leftovers
|upkeep
|turn|130
|
|t:|1743879200
|move|p2a: Alaric|Recover|p2a: Alaric
|-heal|p2a: Alaric|65/100
|move|p1a: Dondozo|Body Press|p2a: Alaric
|-supereffective|p2a: Alaric
|-damage|p2a: Alaric|20/100
|
|-heal|p2a: Alaric|26/100|[from] item: Leftovers
|upkeep
|turn|131
|
|t:|1743879208
|move|p2a: Alaric|Recover|p2a: Alaric
|-heal|p2a: Alaric|76/100
|move|p1a: Dondozo|Body Press|p2a: Alaric
|-supereffective|p2a: Alaric
|-damage|p2a: Alaric|24/100
|
|-heal|p2a: Alaric|30/100|[from] item: Leftovers
|upkeep
|turn|132
|j| Team BBIO
|
|t:|1743879215
|move|p2a: Alaric|Recover|p2a: Alaric
|-heal|p2a: Alaric|80/100
|move|p1a: Dondozo|Body Press|p2a: Alaric
|-supereffective|p2a: Alaric
|-damage|p2a: Alaric|31/100
|
|-heal|p2a: Alaric|37/100|[from] item: Leftovers
|upkeep
|turn|133
|
|t:|1743879224
|move|p2a: Alaric|Recover|p2a: Alaric
|-heal|p2a: Alaric|87/100
|move|p1a: Dondozo|Body Press|p2a: Alaric
|-supereffective|p2a: Alaric
|-damage|p2a: Alaric|42/100
|
|-heal|p2a: Alaric|48/100|[from] item: Leftovers
|upkeep
|turn|134
|inactive|Team BBIO 38 has 120 seconds left.
|
|t:|1743879238
|move|p2a: Alaric|Stored Power|p1a: Dondozo
|-damage|p1a: Dondozo|23/100
|move|p1a: Dondozo|Body Press|p2a: Alaric
|-supereffective|p2a: Alaric
|-damage|p2a: Alaric|0 fnt
|faint|p2a: Alaric
|
|upkeep
|inactive|Team BBIO 38 has 120 seconds left.
|
|t:|1743879246
|switch|p2a: Flamigo|Flamigo, M|100/100
|-damage|p2a: Flamigo|88/100|[from] Stealth Rock
|turn|135
|
|t:|1743879252
|switch|p1a: Alomomola|Alomomola, M|78/100 brn
|move|p2a: Flamigo|Close Combat|p1a: Alomomola
|-crit|p1a: Alomomola
|-damage|p1a: Alomomola|36/100 brn
|-unboost|p2a: Flamigo|def|1
|-unboost|p2a: Flamigo|spd|1
|
|-damage|p1a: Alomomola|30/100 brn|[from] brn
|upkeep
|turn|136
|
|t:|1743879260
|switch|p1a: Talonflame|Talonflame, M|100/100
|move|p2a: Flamigo|Close Combat|p1a: Talonflame
|-resisted|p1a: Talonflame
|-damage|p1a: Talonflame|74/100
|-unboost|p2a: Flamigo|def|1
|-unboost|p2a: Flamigo|spd|1
|-status|p2a: Flamigo|brn|[from] ability: Flame Body|[of] p1a: Talonflame
|
|-damage|p2a: Flamigo|82/100 brn|[from] brn
|upkeep
|turn|137
|inactive|Team BBIO 38 has 120 seconds left.
|
|t:|1743879274
|switch|p2a: Rotom|Rotom-Wash|68/100
|-damage|p2a: Rotom|55/100|[from] Stealth Rock
|move|p1a: Talonflame|Defog|p2a: Rotom
|-unboost|p2a: Rotom|evasion|1
|-sideend|p2: Team BBIO 38|Stealth Rock|[from] move: Defog|[of] p1a: Talonflame
|-sideend|p1: Imnotsorrytbh|Stealth Rock|[from] move: Defog|[of] p1a: Talonflame
|
|upkeep
|turn|138
|inactive|Team BBIO 38 has 120 seconds left.
|
|t:|1743879282
|switch|p1a: Blissey|Blissey, F|97/100
|move|p2a: Rotom|Trick|p1a: Blissey
|-activate|p2a: Rotom|move: Trick|[of] p1a: Blissey
|-item|p1a: Blissey|Choice Specs|[from] move: Trick
|-item|p2a: Rotom|Heavy-Duty Boots|[from] move: Trick
|
|upkeep
|turn|139
|inactive|Team BBIO 38 has 120 seconds left.
|
|t:|1743879290
|move|p2a: Rotom|Pain Split|p1a: Blissey
|-sethp|p1a: Blissey|60/100|[from] move: Pain Split|[silent]
|-sethp|p2a: Rotom|100/100|[from] move: Pain Split
|move|p1a: Blissey|Stealth Rock|p2a: Rotom
|-sidestart|p2: Team BBIO 38|move: Stealth Rock
|
|upkeep
|turn|140
|inactive|Team BBIO 38 has 120 seconds left.
|
|t:|1743879303
|switch|p2a: Flamigo|Flamigo, M|82/100 brn
|-damage|p2a: Flamigo|70/100 brn|[from] Stealth Rock
|switch|p1a: Dondozo|Dondozo, F|23/100
|
|-damage|p2a: Flamigo|64/100 brn|[from] brn
|upkeep
|turn|141
|inactive|Team BBIO 38 has 120 seconds left.
|
|t:|1743879312
|move|p2a: Flamigo|Close Combat|p1a: Dondozo
|-damage|p1a: Dondozo|10/100
|-unboost|p2a: Flamigo|def|1
|-unboost|p2a: Flamigo|spd|1
|move|p1a: Dondozo|Rest|p1a: Dondozo
|-status|p1a: Dondozo|slp|[from] move: Rest
|-heal|p1a: Dondozo|100/100 slp|[silent]
|
|-damage|p2a: Flamigo|58/100 brn|[from] brn
|upkeep
|turn|142
|inactive|Team BBIO 38 has 120 seconds left.
|c|☆Imnotsorrytbh|lol
|
|t:|1743879323
|switch|p2a: Rotom|Rotom-Wash|100/100
|cant|p1a: Dondozo|slp
|move|p1a: Dondozo|Sleep Talk|p1a: Dondozo
|move|p1a: Dondozo|Body Press|p2a: Rotom|[from] move: Sleep Talk
|-damage|p2a: Rotom|71/100
|
|upkeep
|turn|143
|inactive|Imnotsorrytbh has 120 seconds left.
|
|t:|1743879345
|switch|p1a: Toxapex|Toxapex, F, tera:Fairy|100/100 brn
|move|p2a: Rotom|Thunderbolt|p1a: Toxapex
|-damage|p1a: Toxapex|61/100 brn
|
|-damage|p1a: Toxapex|55/100 brn|[from] brn
|upkeep
|turn|144
|
|t:|1743879360
|switch|p2a: Flamigo|Flamigo, M|58/100 brn
|-damage|p2a: Flamigo|46/100 brn|[from] Stealth Rock
|move|p1a: Toxapex|Toxic||[still]
|-fail|p1a: Toxapex
|
|-damage|p2a: Flamigo|39/100 brn|[from] brn
|-damage|p1a: Toxapex|49/100 brn|[from] brn
|upkeep
|turn|145
|
|t:|1743879370
|move|p2a: Flamigo|Brave Bird|p1a: Toxapex
|-damage|p1a: Toxapex|32/100 brn
|-damage|p2a: Flamigo|34/100 brn|[from] Recoil
|move|p1a: Toxapex|Recover|p1a: Toxapex
|-heal|p1a: Toxapex|82/100 brn
|
|-damage|p2a: Flamigo|28/100 brn|[from] brn
|-damage|p1a: Toxapex|75/100 brn|[from] brn
|upkeep
|turn|146
|
|t:|1743879379
|move|p2a: Flamigo|Brave Bird|p1a: Toxapex
|-damage|p1a: Toxapex|59/100 brn
|-damage|p2a: Flamigo|22/100 brn|[from] Recoil
|move|p1a: Toxapex|Infestation|p2a: Flamigo
|-resisted|p2a: Flamigo
|-damage|p2a: Flamigo|21/100 brn
|-activate|p2a: Flamigo|move: Infestation|[of] p1a: Toxapex
|
|-damage|p2a: Flamigo|15/100 brn|[from] brn
|-damage|p1a: Toxapex|52/100 brn|[from] brn
|-damage|p2a: Flamigo|3/100 brn|[from] move: Infestation|[partiallytrapped]
|upkeep
|turn|147
|
|t:|1743879394
|switch|p1a: Talonflame|Talonflame, M|74/100
|move|p2a: Flamigo|Brave Bird|p1a: Talonflame
|-damage|p1a: Talonflame|46/100
|-damage|p2a: Flamigo|0 fnt|[from] Recoil
|faint|p2a: Flamigo
|
|upkeep
|
|t:|1743879401
|switch|p2a: Rotom|Rotom-Wash|71/100
|turn|148
|c|☆Imnotsorrytbh|at least you will kill one mon
|
|t:|1743879416
|move|p1a: Talonflame|Roost|p1a: Talonflame
|-heal|p1a: Talonflame|96/100
|-singleturn|p1a: Talonflame|move: Roost
|move|p2a: Rotom|Thunderbolt|p1a: Talonflame
|-damage|p1a: Talonflame|42/100
|
|upkeep
|turn|149
|
|t:|1743879436
|move|p1a: Talonflame|Roost|p1a: Talonflame
|-heal|p1a: Talonflame|92/100
|-singleturn|p1a: Talonflame|move: Roost
|move|p2a: Rotom|Thunderbolt|p1a: Talonflame
|-damage|p1a: Talonflame|32/100
|
|upkeep
|turn|150
|
|t:|1743879445
|move|p1a: Talonflame|Roost|p1a: Talonflame
|-heal|p1a: Talonflame|82/100
|-singleturn|p1a: Talonflame|move: Roost
|move|p2a: Rotom|Hydro Pump|p1a: Talonflame
|-supereffective|p1a: Talonflame
|-damage|p1a: Talonflame|0 fnt
|faint|p1a: Talonflame
|
|upkeep
|
|t:|1743879453
|switch|p1a: Toxapex|Toxapex, F, tera:Fairy|86/100 brn
|turn|151
|
|t:|1743879463
|move|p2a: Rotom|Hydro Pump|p1a: Toxapex
|-damage|p1a: Toxapex|44/100 brn
|move|p1a: Toxapex|Toxic|p2a: Rotom
|-status|p2a: Rotom|tox
|
|-damage|p2a: Rotom|64/100 tox|[from] psn
|-damage|p1a: Toxapex|38/100 brn|[from] brn
|upkeep
|turn|152
|
|t:|1743879471
|switch|p1a: Blissey|Blissey, F|60/100
|move|p2a: Rotom|Hydro Pump|p1a: Blissey
|-damage|p1a: Blissey|44/100
|
|-damage|p2a: Rotom|52/100 tox|[from] psn
|upkeep
|turn|153
|
|t:|1743879479
|move|p2a: Rotom|Pain Split|p1a: Blissey
|-sethp|p1a: Blissey|33/100|[from] move: Pain Split|[silent]
|-sethp|p2a: Rotom|78/100 tox|[from] move: Pain Split
|move|p1a: Blissey|Soft-Boiled|p1a: Blissey
|-heal|p1a: Blissey|83/100
|
|-damage|p2a: Rotom|59/100 tox|[from] psn
|upkeep
|turn|154
|
|t:|1743879491
|switch|p1a: Clodsire|Clodsire, F|45/100
|move|p2a: Rotom|Pain Split|p1a: Clodsire
|-sethp|p1a: Clodsire|42/100|[from] move: Pain Split|[silent]
|-sethp|p2a: Rotom|64/100 tox|[from] move: Pain Split
|
|-damage|p2a: Rotom|39/100 tox|[from] psn
|upkeep
|turn|155
|
|t:|1743879500
|switch|p1a: Blissey|Blissey, F|83/100
|move|p2a: Rotom|Hydro Pump|p1a: Blissey
|-damage|p1a: Blissey|68/100
|
|-damage|p2a: Rotom|7/100 tox|[from] psn
|upkeep
|turn|156
|inactive|Team BBIO 38 has 90 seconds left.
|c|☆Imnotsorrytbh|gg xd
|j| 54 insane rats
|inactive|Team BBIO 38 has 60 seconds left.
|l| 54 insane rats
|inactive|Team BBIO 38 has 30 seconds left.
|inactive|Team BBIO 38 has 20 seconds left.
|inactive|Team BBIO 38 has 15 seconds left.
|inactive|Team BBIO 38 has 10 seconds left.
|inactive|Team BBIO 38 has 5 seconds left.
|-message|Team BBIO 38 lost due to inactivity.
|
|win|Imnotsorrytbh
|raw|Imnotsorrytbh's rating: 1433 &rarr; <strong>1451</strong><br />(+18 for winning)
|raw|Team BBIO 38's rating: 1405 &rarr; <strong>1387</strong><br />(-18 for losing)
|l| Team BBIO
|l|☆Team BBIO 38
|player|p2|
|j| LeDeathFlower
|l| LeDeathFlower
