|j|☆MegaNegan
|j|☆soopajooce
|t:|1743780387
|gametype|singles
|player|p1|MegaNegan|gambler|1181
|player|p2|soopajooce|unknown|1170
|teamsize|p1|6
|teamsize|p2|6
|gen|9
|tier|[Gen 9] OU
|rated|
|rule|HP Percentage Mod: HP is shown in percentages
|rule|Endless Battle Clause: Forcing endless battles is banned
|rule|Species Clause: Limit one of each Pokémon
|rule|OHKO Clause: OHKO moves are banned
|rule|Evasion Items Clause: Evasion items are banned
|rule|Evasion Moves Clause: Evasion moves are banned
|rule|Sleep Moves Clause: Sleep-inducing moves are banned
|clearpoke
|poke|p1|Feraligatr, M|
|poke|p1|Araquanid, F|
|poke|p1|Gholdengo|
|poke|p1|Ceruledge, F|
|poke|p1|Raging Bolt|
|poke|p1|Kyurem|
|poke|p2|Feraligatr, F|
|poke|p2|Braviary-Hisui, M|
|poke|p2|Dragonite, M|
|poke|p2|Great Tusk|
|poke|p2|Arcanine-Hisui, F|
|poke|p2|Serperior, F|
|teampreview
|inactive|Battle timer is ON: inactive players will automatically lose when time's up. (requested by MegaNegan)
|
|t:|1743780394
|start
|switch|p1a: Araquanid|Araquanid, F|100/100
|switch|p2a: Braviary|Braviary-Hisui, M|100/100
|turn|1
|
|t:|1743780400
|move|p2a: Braviary|Agility|p2a: Braviary
|-boost|p2a: Braviary|spe|2
|move|p1a: Araquanid|Sticky Web|p2a: Braviary
|-sidestart|p2: soopajooce|move: Sticky Web
|
|upkeep
|turn|2
|
|t:|1743780406
|move|p2a: Braviary|Air Slash|p1a: Araquanid
|-supereffective|p1a: Araquanid
|-damage|p1a: Araquanid|1/100
|move|p1a: Araquanid|Surf|p2a: Braviary
|-damage|p2a: Braviary|33/100
|
|upkeep
|turn|3
|-enditem|p1a: Araquanid|Custap Berry|[eat]
|-activate|p1a: Araquanid|item: Custap Berry|[consumed]
|
|t:|1743780414
|move|p1a: Araquanid|Surf|p2a: Braviary
|-damage|p2a: Braviary|0 fnt
|faint|p2a: Braviary
|
|upkeep
|
|t:|1743780424
|switch|p2a: Dragonite|Dragonite, M|100/100
|turn|4
|
|t:|1743780432
|move|p2a: Dragonite|Ice Spinner|p1a: Araquanid
|-resisted|p1a: Araquanid
|-damage|p1a: Araquanid|0 fnt
|faint|p1a: Araquanid
|
|upkeep
|
|t:|1743780437
|switch|p1a: Kyurem|Kyurem|100/100
|-ability|p1a: Kyurem|Pressure
|turn|5
|
|t:|1743780450
|move|p1a: Kyurem|Icicle Spear|p2a: Dragonite
|-supereffective|p2a: Dragonite
|-damage|p2a: Dragonite|73/100
|-supereffective|p2a: Dragonite
|-damage|p2a: Dragonite|17/100
|-supereffective|p2a: Dragonite
|-damage|p2a: Dragonite|0 fnt
|faint|p2a: Dragonite
|-hitcount|p2: Dragonite|3
|
|upkeep
|
|t:|1743780459
|switch|p2a: Arcanine|Arcanine-Hisui, F|100/100
|-activate|p2a: Arcanine|move: Sticky Web
|-unboost|p2a: Arcanine|spe|1
|turn|6
|
|t:|1743780472
|switch|p1a: Feraligatr|Feraligatr, M|100/100
|move|p2a: Arcanine|Head Smash|p1a: Feraligatr
|-damage|p1a: Feraligatr|28/100
|
|upkeep
|turn|7
|
|t:|1743780480
|move|p1a: Feraligatr|Liquidation|p2a: Arcanine
|-supereffective|p2a: Arcanine
|-damage|p2a: Arcanine|0 fnt
|faint|p2a: Arcanine
|
|upkeep
|
|t:|1743780487
|switch|p2a: Serperior|Serperior, F|100/100
|-activate|p2a: Serperior|move: Sticky Web
|-boost|p2a: Serperior|spe|1
|turn|8
|
|t:|1743780493
|move|p2a: Serperior|Leech Seed|p1a: Feraligatr
|-start|p1a: Feraligatr|move: Leech Seed
|move|p1a: Feraligatr|Ice Punch|p2a: Serperior
|-supereffective|p2a: Serperior
|-damage|p2a: Serperior|16/100
|
|-heal|p2a: Serperior|22/100|[from] item: Leftovers
|-damage|p1a: Feraligatr|16/100|[from] Leech Seed|[of] p2a: Serperior
|-heal|p2a: Serperior|33/100|[silent]
|upkeep
|turn|9
|
|t:|1743780502
|move|p2a: Serperior|Protect|p2a: Serperior
|-singleturn|p2a: Serperior|Protect
|move|p1a: Feraligatr|Ice Punch|p2a: Serperior
|-activate|p2a: Serperior|move: Protect
|
|-heal|p2a: Serperior|39/100|[from] item: Leftovers
|-damage|p1a: Feraligatr|3/100|[from] Leech Seed|[of] p2a: Serperior
|-heal|p2a: Serperior|50/100|[silent]
|upkeep
|turn|10
|
|t:|1743780512
|move|p2a: Serperior|Leaf Storm|p1a: Feraligatr
|-supereffective|p1a: Feraligatr
|-damage|p1a: Feraligatr|0 fnt
|-boost|p2a: Serperior|spa|2
|faint|p1a: Feraligatr
|
|-heal|p2a: Serperior|56/100|[from] item: Leftovers
|upkeep
|
|t:|1743780516
|switch|p1a: Ceruledge|Ceruledge, F|100/100
|turn|11
|
|t:|1743780537
|move|p2a: Serperior|Protect|p2a: Serperior
|-singleturn|p2a: Serperior|Protect
|move|p1a: Ceruledge|Bitter Blade|p2a: Serperior
|-activate|p2a: Serperior|move: Protect
|
|-heal|p2a: Serperior|62/100|[from] item: Leftovers
|upkeep
|turn|12
|
|t:|1743780545
|move|p2a: Serperior|Dragon Pulse|p1a: Ceruledge
|-damage|p1a: Ceruledge|65/100
|move|p1a: Ceruledge|Bitter Blade|p2a: Serperior
|-supereffective|p2a: Serperior
|-damage|p2a: Serperior|0 fnt
|-heal|p1a: Ceruledge|100/100|[from] drain|[of] p2a: Serperior
|faint|p2a: Serperior
|
|upkeep
|
|t:|1743780560
|switch|p2a: Feraligatr|Feraligatr, F|100/100
|-activate|p2a: Feraligatr|move: Sticky Web
|-unboost|p2a: Feraligatr|spe|1
|turn|13
|
|t:|1743780566
|move|p1a: Ceruledge|Close Combat|p2a: Feraligatr
|-damage|p2a: Feraligatr|55/100
|-unboost|p1a: Ceruledge|def|1
|-unboost|p1a: Ceruledge|spd|1
|move|p2a: Feraligatr|Dragon Dance|p2a: Feraligatr
|-boost|p2a: Feraligatr|atk|1
|-boost|p2a: Feraligatr|spe|1
|
|upkeep
|turn|14
|
|t:|1743780575
|move|p1a: Ceruledge|Close Combat|p2a: Feraligatr
|-damage|p2a: Feraligatr|10/100
|-unboost|p1a: Ceruledge|def|1
|-unboost|p1a: Ceruledge|spd|1
|move|p2a: Feraligatr|Dragon Dance|p2a: Feraligatr
|-boost|p2a: Feraligatr|atk|1
|-boost|p2a: Feraligatr|spe|1
|
|upkeep
|turn|15
|
|t:|1743780592
|move|p1a: Ceruledge|Shadow Sneak|p2a: Feraligatr
|-damage|p2a: Feraligatr|0 fnt
|faint|p2a: Feraligatr
|
|upkeep
|
|t:|1743780600
|switch|p2a: Great Tusk|Great Tusk|100/100
|-activate|p2a: Great Tusk|move: Sticky Web
|-unboost|p2a: Great Tusk|spe|1
|-enditem|p2a: Great Tusk|Booster Energy
|-activate|p2a: Great Tusk|ability: Protosynthesis|[fromitem]
|-start|p2a: Great Tusk|protosynthesisatk
|turn|16
|
|t:|1743780606
|move|p1a: Ceruledge|Bitter Blade|p2a: Great Tusk
|-damage|p2a: Great Tusk|63/100
|move|p2a: Great Tusk|Headlong Rush|p1a: Ceruledge
|-supereffective|p1a: Ceruledge
|-enditem|p1a: Ceruledge|Focus Sash
|-damage|p1a: Ceruledge|1/100
|-unboost|p2a: Great Tusk|def|1
|-unboost|p2a: Great Tusk|spd|1
|-ability|p1a: Ceruledge|Weak Armor|boost
|-unboost|p1a: Ceruledge|def|1
|-boost|p1a: Ceruledge|spe|2
|
|upkeep
|turn|17
|inactive|soopajooce has 120 seconds left.
|
|t:|1743780637
|move|p1a: Ceruledge|Bitter Blade|p2a: Great Tusk
|-damage|p2a: Great Tusk|3/100
|-heal|p1a: Ceruledge|39/100|[from] drain|[of] p2a: Great Tusk
|move|p2a: Great Tusk|Headlong Rush|p1a: Ceruledge
|-supereffective|p1a: Ceruledge
|-damage|p1a: Ceruledge|0 fnt
|-unboost|p2a: Great Tusk|def|1
|-unboost|p2a: Great Tusk|spd|1
|faint|p1a: Ceruledge
|
|upkeep
|
|t:|1743780641
|switch|p1a: Kyurem|Kyurem|100/100
|-ability|p1a: Kyurem|Pressure
|turn|18
|inactive|soopajooce has 120 seconds left.
|
|t:|1743780652
|move|p1a: Kyurem|Icicle Spear|p2a: Great Tusk
|-supereffective|p2a: Great Tusk
|-damage|p2a: Great Tusk|0 fnt
|faint|p2a: Great Tusk
|-end|p2a: Great Tusk|Protosynthesis|[silent]
|-hitcount|p2: Great Tusk|1
|
|win|MegaNegan
|raw|MegaNegan's rating: 1181 &rarr; <strong>1205</strong><br />(+24 for winning)
|raw|soopajooce's rating: 1170 &rarr; <strong>1146</strong><br />(-24 for losing)
|l|☆MegaNegan
|player|p1|
|l|☆soopajooce
|player|p2|
