|j|☆spiritishere
|j|☆dgse4g
|t:|1743796792
|gametype|singles
|player|p1|spiritishere|265|1231
|player|p2|dgse4g|2|1183
|teamsize|p1|6
|teamsize|p2|6
|gen|9
|tier|[Gen 9] OU
|rated|
|rule|HP Percentage Mod: HP is shown in percentages
|rule|Endless Battle Clause: Forcing endless battles is banned
|rule|Species Clause: Limit one of each Pokémon
|rule|OHKO Clause: OHKO moves are banned
|rule|Evasion Items Clause: Evasion items are banned
|rule|Evasion Moves Clause: Evasion moves are banned
|rule|Sleep Moves Clause: Sleep-inducing moves are banned
|clearpoke
|poke|p1|Clodsire, M|
|poke|p1|Porygon2|
|poke|p1|Goodra-Hisui, M|
|poke|p1|Corviknight, M|
|poke|p1|Blaziken, M|
|poke|p1|Whimsicott, M|
|poke|p2|Zamazenta-*|
|poke|p2|Kyurem|
|poke|p2|Dragapult, M|
|poke|p2|Corviknight, F|
|poke|p2|Slowking-Galar, F|
|poke|p2|Kingambit, M|
|teampreview
|
|t:|1743796832
|start
|switch|p1a: Porygon2|Porygon2|100/100
|switch|p2a: Slowking|Slowking-Galar, F|100/100
|turn|1
|inactive|Battle timer is ON: inactive players will automatically lose when time's up. (requested by dgse4g)
|
|t:|1743796845
|switch|p1a: Clodsire|Clodsire, M|100/100
|-prepare|p2a: Slowking|Chilly Reception|[premajor]
|move|p2a: Slowking|Chilly Reception|p2a: Slowking
|-weather|Snowscape
|
|t:|1743796865
|switch|p2a: Kyurem|Kyurem|100/100|[from] Chilly Reception
|-ability|p2a: Kyurem|Pressure
|
|-weather|Snowscape|[upkeep]
|upkeep
|turn|2
|
|t:|1743796873
|move|p2a: Kyurem|Blizzard|p1a: Clodsire
|-supereffective|p1a: Clodsire
|-damage|p1a: Clodsire|10/100
|move|p1a: Clodsire|Recover|p1a: Clodsire
|-heal|p1a: Clodsire|60/100
|
|-weather|Snowscape|[upkeep]
|-heal|p1a: Clodsire|66/100|[from] item: Black Sludge
|upkeep
|turn|3
|
|t:|1743796887
|switch|p1a: Goodra|Goodra-Hisui, M|100/100
|move|p2a: Kyurem|Blizzard|p1a: Goodra
|-damage|p1a: Goodra|75/100
|-status|p1a: Goodra|frz
|
|-weather|Snowscape|[upkeep]
|upkeep
|turn|4
|
|t:|1743796896
|switch|p2a: Corviknight|Corviknight, F|100/100
|-ability|p2a: Corviknight|Pressure
|-curestatus|p1a: Goodra|frz|[msg]
|move|p1a: Goodra|Flamethrower|p2a: Corviknight
|-supereffective|p2a: Corviknight
|-damage|p2a: Corviknight|36/100
|
|-weather|Snowscape|[upkeep]
|upkeep
|turn|5
|
|t:|1743796906
|switch|p2a: Slowking|Slowking-Galar, F|100/100
|move|p1a: Goodra|Flamethrower|p2a: Slowking
|-damage|p2a: Slowking|81/100
|
|-weather|none
|upkeep
|turn|6
|
|t:|1743796918
|move|p1a: Goodra|Ice Beam|p2a: Slowking
|-damage|p2a: Slowking|61/100
|move|p2a: Slowking|Future Sight|p1a: Goodra
|-start|p2a: Slowking|move: Future Sight
|
|upkeep
|turn|7
|
|t:|1743796924
|move|p1a: Goodra|Ice Beam|p2a: Slowking
|-damage|p2a: Slowking|41/100
|-prepare|p2a: Slowking|Chilly Reception|[premajor]
|move|p2a: Slowking|Chilly Reception|p2a: Slowking
|-weather|Snowscape
|
|t:|1743796928
|switch|p2a: Zamazenta|Zamazenta|100/100|[from] Chilly Reception
|-ability|p2a: Zamazenta|Dauntless Shield|boost
|-boost|p2a: Zamazenta|def|1
|
|-weather|Snowscape|[upkeep]
|upkeep
|turn|8
|
|t:|1743796938
|switch|p1a: Corviknight|Corviknight, M|100/100
|move|p2a: Zamazenta|Close Combat|p1a: Corviknight
|-damage|p1a: Corviknight|64/100
|-unboost|p2a: Zamazenta|def|1
|-unboost|p2a: Zamazenta|spd|1
|-damage|p2a: Zamazenta|84/100|[from] item: Rocky Helmet|[of] p1a: Corviknight
|
|-weather|Snowscape|[upkeep]
|-end|p1a: Corviknight|move: Future Sight
|-resisted|p1a: Corviknight
|-damage|p1a: Corviknight|44/100
|upkeep
|turn|9
|
|t:|1743796950
|switch|p2a: Corviknight|Corviknight, F|36/100
|-ability|p2a: Corviknight|Pressure
|move|p1a: Corviknight|Roost|p1a: Corviknight
|-heal|p1a: Corviknight|94/100
|-singleturn|p1a: Corviknight|move: Roost
|
|-weather|Snowscape|[upkeep]
|upkeep
|turn|10
|
|t:|1743796962
|switch|p1a: Porygon2|Porygon2|100/100
|move|p2a: Corviknight|Roost|p2a: Corviknight
|-heal|p2a: Corviknight|86/100
|-singleturn|p2a: Corviknight|move: Roost
|
|-weather|Snowscape|[upkeep]
|upkeep
|turn|11
|
|t:|1743796977
|switch|p2a: Slowking|Slowking-Galar, F|75/100
|move|p1a: Porygon2|Thunderbolt|p2a: Slowking
|-crit|p2a: Slowking
|-damage|p2a: Slowking|41/100
|-status|p2a: Slowking|par
|
|-weather|none
|upkeep
|turn|12
|
|t:|1743796985
|move|p1a: Porygon2|Tri Attack|p2a: Slowking
|-damage|p2a: Slowking|16/100 par
|move|p2a: Slowking|Thunder Wave|p1a: Porygon2
|-status|p1a: Porygon2|par
|
|upkeep
|turn|13
|
|t:|1743796991
|switch|p2a: Kyurem|Kyurem|100/100
|-ability|p2a: Kyurem|Pressure
|cant|p1a: Porygon2|par
|
|upkeep
|turn|14
|
|t:|1743797001
|switch|p2a: Dragapult|Dragapult, M|100/100
|move|p1a: Porygon2|Tri Attack|p2a: Dragapult
|-immune|p2a: Dragapult
|
|upkeep
|turn|15
|
|t:|1743797009
|move|p2a: Dragapult|U-turn|p1a: Porygon2
|-damage|p1a: Porygon2|88/100 par
|
|t:|1743797012
|switch|p2a: Slowking|Slowking-Galar, F|49/100 par|[from] U-turn
|move|p1a: Porygon2|Ice Beam|p2a: Slowking
|-damage|p2a: Slowking|27/100 par
|
|upkeep
|turn|16
|
|t:|1743797022
|switch|p2a: Dragapult|Dragapult, M|100/100
|cant|p1a: Porygon2|par
|
|upkeep
|turn|17
|
|t:|1743797027
|move|p2a: Dragapult|U-turn|p1a: Porygon2
|-damage|p1a: Porygon2|76/100 par
|
|t:|1743797029
|switch|p2a: Slowking|Slowking-Galar, F|60/100 par|[from] U-turn
|move|p1a: Porygon2|Ice Beam|p2a: Slowking
|-damage|p2a: Slowking|38/100 par
|
|upkeep
|turn|18
|
|t:|1743797036
|cant|p1a: Porygon2|par
|-prepare|p2a: Slowking|Chilly Reception|[premajor]
|move|p2a: Slowking|Chilly Reception|p2a: Slowking
|-weather|Snowscape
|
|t:|1743797039
|switch|p2a: Zamazenta|Zamazenta|84/100|[from] Chilly Reception
|
|-weather|Snowscape|[upkeep]
|upkeep
|turn|19
|
|t:|1743797051
|switch|p2a: Kyurem|Kyurem|100/100
|-ability|p2a: Kyurem|Pressure
|switch|p1a: Corviknight|Corviknight, M|94/100
|
|-weather|Snowscape|[upkeep]
|upkeep
|turn|20
|
|t:|1743797060
|move|p2a: Kyurem|Blizzard|p1a: Corviknight
|-damage|p1a: Corviknight|41/100
|move|p1a: Corviknight|Iron Head|p2a: Kyurem
|-supereffective|p2a: Kyurem
|-damage|p2a: Kyurem|70/100
|
|-weather|Snowscape|[upkeep]
|upkeep
|turn|21
|
|t:|1743797083
|move|p2a: Kyurem|Blizzard|p1a: Corviknight
|-damage|p1a: Corviknight|0 fnt
|faint|p1a: Corviknight
|
|-weather|Snowscape|[upkeep]
|upkeep
|
|t:|1743797089
|switch|p1a: Blaziken|Blaziken, M|100/100
|turn|22
|
|t:|1743797103
|move|p1a: Blaziken|Protect|p1a: Blaziken
|-singleturn|p1a: Blaziken|Protect
|move|p2a: Kyurem|Earth Power|p1a: Blaziken
|-activate|p1a: Blaziken|move: Protect
|
|-weather|none
|-ability|p1a: Blaziken|Speed Boost|boost
|-boost|p1a: Blaziken|spe|1
|upkeep
|turn|23
|
|t:|1743797114
|move|p1a: Blaziken|Close Combat|p2a: Kyurem
|-supereffective|p2a: Kyurem
|-damage|p2a: Kyurem|0 fnt
|-unboost|p1a: Blaziken|def|1
|-unboost|p1a: Blaziken|spd|1
|faint|p2a: Kyurem
|
|-ability|p1a: Blaziken|Speed Boost|boost
|-boost|p1a: Blaziken|spe|1
|upkeep
|
|t:|1743797128
|switch|p2a: Zamazenta|Zamazenta|84/100
|turn|24
|
|t:|1743797138
|switch|p1a: Whimsicott|Whimsicott, M|100/100
|move|p2a: Zamazenta|Close Combat|p1a: Whimsicott
|-resisted|p1a: Whimsicott
|-damage|p1a: Whimsicott|67/100
|-unboost|p2a: Zamazenta|def|1
|-unboost|p2a: Zamazenta|spd|1
|-enditem|p1a: Whimsicott|Eject Button
|inactive|spiritishere has 120 seconds left.
|
|t:|1743797163
|switch|p1a: Clodsire|Clodsire, M|66/100
|
|-heal|p1a: Clodsire|72/100|[from] item: Black Sludge
|upkeep
|turn|25
|
|t:|1743797168
|switch|p2a: Slowking|Slowking-Galar, F|71/100 par
|move|p1a: Clodsire|Counter||[still]
|-fail|p1a: Clodsire
|
|-heal|p1a: Clodsire|78/100|[from] item: Black Sludge
|upkeep
|turn|26
|
|t:|1743797176
|move|p1a: Clodsire|Earthquake|p2a: Slowking
|-supereffective|p2a: Slowking
|-damage|p2a: Slowking|10/100 par
|move|p2a: Slowking|Future Sight|p1a: Clodsire
|-start|p2a: Slowking|move: Future Sight
|
|-heal|p1a: Clodsire|85/100|[from] item: Black Sludge
|upkeep
|turn|27
|
|t:|1743797182
|switch|p2a: Corviknight|Corviknight, F|86/100
|-ability|p2a: Corviknight|Pressure
|move|p1a: Clodsire|Earthquake|p2a: Corviknight
|-immune|p2a: Corviknight
|
|-heal|p1a: Clodsire|91/100|[from] item: Black Sludge
|upkeep
|turn|28
|
|t:|1743797198
|move|p2a: Corviknight|U-turn|p1a: Clodsire
|-resisted|p1a: Clodsire
|-damage|p1a: Clodsire|86/100
|
|t:|1743797204
|switch|p2a: Kingambit|Kingambit, M|100/100|[from] U-turn
|-activate|p2a: Kingambit|ability: Supreme Overlord
|-start|p2a: Kingambit|fallen1|[silent]
|move|p1a: Clodsire|Counter|p2a: Kingambit
|-damage|p2a: Kingambit|87/100
|
|-end|p1a: Clodsire|move: Future Sight
|-supereffective|p1a: Clodsire
|-damage|p1a: Clodsire|26/100
|-heal|p1a: Clodsire|32/100|[from] item: Black Sludge
|upkeep
|turn|29
|
|t:|1743797214
|move|p2a: Kingambit|Iron Head|p1a: Clodsire
|-damage|p1a: Clodsire|0 fnt
|faint|p1a: Clodsire
|
|upkeep
|
|t:|1743797218
|switch|p1a: Blaziken|Blaziken, M|100/100
|turn|30
|inactive|dgse4g has 120 seconds left.
|
|t:|1743797250
|move|p1a: Blaziken|Close Combat|p2a: Kingambit
|-supereffective|p2a: Kingambit
|-damage|p2a: Kingambit|0 fnt
|-unboost|p1a: Blaziken|def|1
|-unboost|p1a: Blaziken|spd|1
|faint|p2a: Kingambit
|-end|p2a: Kingambit|fallen1|[silent]
|
|-ability|p1a: Blaziken|Speed Boost|boost
|-boost|p1a: Blaziken|spe|1
|upkeep
|inactive|dgse4g has 120 seconds left.
|
|t:|1743797267
|switch|p2a: Corviknight|Corviknight, F|86/100
|-ability|p2a: Corviknight|Pressure
|turn|31
|
|t:|1743797288
|switch|p1a: Goodra|Goodra-Hisui, M|75/100
|move|p2a: Corviknight|Brave Bird|p1a: Goodra
|-resisted|p1a: Goodra
|-damage|p1a: Goodra|58/100
|-damage|p2a: Corviknight|81/100|[from] Recoil
|
|upkeep
|turn|32
|
|t:|1743797295
|switch|p2a: Slowking|Slowking-Galar, F|44/100 par
|move|p1a: Goodra|Flamethrower|p2a: Slowking
|-damage|p2a: Slowking|24/100 par
|
|upkeep
|turn|33
|
|t:|1743797301
|move|p1a: Goodra|Earthquake|p2a: Slowking
|-supereffective|p2a: Slowking
|-damage|p2a: Slowking|0 fnt
|faint|p2a: Slowking
|
|upkeep
|
|t:|1743797303
|switch|p2a: Zamazenta|Zamazenta|84/100
|turn|34
|
|t:|1743797310
|switch|p1a: Whimsicott|Whimsicott, M|67/100
|move|p2a: Zamazenta|Close Combat|p1a: Whimsicott
|-resisted|p1a: Whimsicott
|-damage|p1a: Whimsicott|32/100
|-unboost|p2a: Zamazenta|def|1
|-unboost|p2a: Zamazenta|spd|1
|
|upkeep
|turn|35
|
|t:|1743797320
|move|p1a: Whimsicott|Leech Seed|p2a: Zamazenta
|-start|p2a: Zamazenta|move: Leech Seed
|move|p2a: Zamazenta|Close Combat|p1a: Whimsicott
|-resisted|p1a: Whimsicott
|-damage|p1a: Whimsicott|0 fnt
|-unboost|p2a: Zamazenta|def|1
|-unboost|p2a: Zamazenta|spd|1
|faint|p1a: Whimsicott
|
|upkeep
|
|t:|1743797331
|switch|p1a: Blaziken|Blaziken, M|100/100
|turn|36
|
|t:|1743797338
|switch|p2a: Dragapult|Dragapult, M|100/100
|move|p1a: Blaziken|Protect||[still]
|-fail|p1a: Blaziken
|
|-ability|p1a: Blaziken|Speed Boost|boost
|-boost|p1a: Blaziken|spe|1
|upkeep
|turn|37
|
|t:|1743797344
|move|p1a: Blaziken|Protect|p1a: Blaziken
|-singleturn|p1a: Blaziken|Protect
|move|p2a: Dragapult|Dragon Darts|p1a: Blaziken
|-activate|p1a: Blaziken|move: Protect
|
|-ability|p1a: Blaziken|Speed Boost|boost
|-boost|p1a: Blaziken|spe|1
|upkeep
|turn|38
|
|t:|1743797353
|move|p1a: Blaziken|Knock Off|p2a: Dragapult
|-supereffective|p2a: Dragapult
|-damage|p2a: Dragapult|1/100
|-enditem|p2a: Dragapult|Heavy-Duty Boots|[from] move: Knock Off|[of] p1a: Blaziken
|move|p2a: Dragapult|Dragon Darts|p1a: Blaziken
|-damage|p1a: Blaziken|68/100
|-anim|p2a: Dragapult|Dragon Darts|p1a: Blaziken
|-damage|p1a: Blaziken|34/100
|
|-ability|p1a: Blaziken|Speed Boost|boost
|-boost|p1a: Blaziken|spe|1
|upkeep
|turn|39
|
|t:|1743797387
|move|p1a: Blaziken|Knock Off|p2a: Dragapult
|-supereffective|p2a: Dragapult
|-damage|p2a: Dragapult|0 fnt
|faint|p2a: Dragapult
|
|-ability|p1a: Blaziken|Speed Boost|boost
|-boost|p1a: Blaziken|spe|1
|upkeep
|
|t:|1743797393
|switch|p2a: Zamazenta|Zamazenta|84/100
|turn|40
|
|t:|1743797404
|move|p1a: Blaziken|Close Combat|p2a: Zamazenta
|-damage|p2a: Zamazenta|21/100
|-unboost|p1a: Blaziken|def|1
|-unboost|p1a: Blaziken|spd|1
|move|p2a: Zamazenta|Close Combat|p1a: Blaziken
|-damage|p1a: Blaziken|0 fnt
|-unboost|p2a: Zamazenta|def|1
|-unboost|p2a: Zamazenta|spd|1
|faint|p1a: Blaziken
|
|upkeep
|
|t:|1743797415
|switch|p1a: Porygon2|Porygon2|76/100 par
|turn|41
|
|t:|1743797420
|switch|p2a: Corviknight|Corviknight, F|81/100
|-ability|p2a: Corviknight|Pressure
|cant|p1a: Porygon2|par
|
|upkeep
|turn|42
|
|t:|1743797426
|move|p2a: Corviknight|Body Press|p1a: Porygon2
|-supereffective|p1a: Porygon2
|-damage|p1a: Porygon2|39/100 par
|cant|p1a: Porygon2|par
|
|upkeep
|turn|43
|
|t:|1743797434
|move|p2a: Corviknight|Body Press|p1a: Porygon2
|-supereffective|p1a: Porygon2
|-damage|p1a: Porygon2|7/100 par
|cant|p1a: Porygon2|par
|
|upkeep
|turn|44
|
|t:|1743797440
|move|p2a: Corviknight|Roost|p2a: Corviknight
|-heal|p2a: Corviknight|100/100
|-singleturn|p2a: Corviknight|move: Roost
|cant|p1a: Porygon2|par
|
|upkeep
|turn|45
|
|t:|1743797450
|move|p2a: Corviknight|Roost||[still]
|-fail|p2a: Corviknight|heal
|move|p1a: Porygon2|Recover|p1a: Porygon2
|-heal|p1a: Porygon2|57/100 par
|
|upkeep
|turn|46
|
|t:|1743797455
|move|p2a: Corviknight|Body Press|p1a: Porygon2
|-supereffective|p1a: Porygon2
|-damage|p1a: Porygon2|22/100 par
|cant|p1a: Porygon2|par
|
|upkeep
|turn|47
|
|t:|1743797460
|move|p2a: Corviknight|Body Press|p1a: Porygon2
|-supereffective|p1a: Porygon2
|-damage|p1a: Porygon2|0 fnt
|faint|p1a: Porygon2
|
|upkeep
|
|t:|1743797467
|switch|p1a: Goodra|Goodra-Hisui, M|58/100
|turn|48
|
|t:|1743797471
|move|p2a: Corviknight|Body Press|p1a: Goodra
|-supereffective|p1a: Goodra
|-damage|p1a: Goodra|6/100
|move|p1a: Goodra|Flamethrower|p2a: Corviknight
|-supereffective|p2a: Corviknight
|-damage|p2a: Corviknight|40/100
|-status|p2a: Corviknight|brn
|
|-damage|p2a: Corviknight|34/100 brn|[from] brn
|upkeep
|turn|49
|
|t:|1743797480
|move|p2a: Corviknight|Body Press|p1a: Goodra
|-supereffective|p1a: Goodra
|-damage|p1a: Goodra|0 fnt
|faint|p1a: Goodra
|
|win|dgse4g
|raw|spiritishere's rating: 1231 &rarr; <strong>1203</strong><br />(-28 for losing)
|raw|dgse4g's rating: 1183 &rarr; <strong>1211</strong><br />(+28 for winning)
