|j|☆hacksareus10
|j|‽Jacobeiro
|t:|1743850981
|gametype|singles
|player|p1|hacksareus10|170|1232
|player|p2|Jacobeiro|2|1270
|teamsize|p1|6
|teamsize|p2|6
|gen|9
|tier|[Gen 9] OU
|rated|
|rule|HP Percentage Mod: HP is shown in percentages
|rule|Endless Battle Clause: Forcing endless battles is banned
|rule|Species Clause: Limit one of each Pokémon
|rule|OHKO Clause: OHKO moves are banned
|rule|Evasion Items Clause: Evasion items are banned
|rule|Evasion Moves Clause: Evasion moves are banned
|rule|Sleep Moves Clause: Sleep-inducing moves are banned
|clearpoke
|poke|p1|Landorus-Therian, M|
|poke|p1|Slowking, M|
|poke|p1|Cetitan, M|
|poke|p1|Zamazenta-*|
|poke|p1|Serperior, F|
|poke|p1|Porygon2|
|poke|p2|Zapdos|
|poke|p2|Toxapex, F|
|poke|p2|Great Tusk|
|poke|p2|Gholdengo|
|poke|p2|Dragonite, F|
|poke|p2|Ditto|
|teampreview
|
|t:|1743850992
|start
|switch|p1a: PorygonZ|Porygon2, shiny|100/100
|switch|p2a: Great Tusk|Great Tusk|100/100
|turn|1
|inactive|Battle timer is ON: inactive players will automatically lose when time's up. (requested by Jacobeiro)
|
|t:|1743851027
|move|p2a: Great Tusk|Stealth Rock|p1a: PorygonZ
|-sidestart|p1: hacksareus10|move: Stealth Rock
|move|p1a: PorygonZ|Psyshock|p2a: Great Tusk
|-supereffective|p2a: Great Tusk
|-damage|p2a: Great Tusk|69/100
|
|upkeep
|turn|2
|
|t:|1743851040
|move|p2a: Great Tusk|Rapid Spin|p1a: PorygonZ
|-damage|p1a: PorygonZ|92/100
|-boost|p2a: Great Tusk|spe|1
|move|p1a: PorygonZ|Ice Beam|p2a: Great Tusk
|-supereffective|p2a: Great Tusk
|-damage|p2a: Great Tusk|0 fnt
|faint|p2a: Great Tusk
|-end|p2a: Great Tusk|Protosynthesis|[silent]
|
|upkeep
|
|t:|1743851050
|switch|p2a: Dragonite|Dragonite, F|100/100
|-ability|p1a: PorygonZ|Multiscale|[from] ability: Trace|[of] p2a: Dragonite
|turn|3
|
|t:|1743851056
|move|p2a: Dragonite|Dragon Dance|p2a: Dragonite
|-boost|p2a: Dragonite|atk|1
|-boost|p2a: Dragonite|spe|1
|move|p1a: PorygonZ|Thunder Wave|p2a: Dragonite
|-status|p2a: Dragonite|par
|
|upkeep
|turn|4
|
|t:|1743851065
|move|p2a: Dragonite|Dragon Dance|p2a: Dragonite
|-boost|p2a: Dragonite|atk|1
|-boost|p2a: Dragonite|spe|1
|move|p1a: PorygonZ|Recover|p1a: PorygonZ
|-heal|p1a: PorygonZ|100/100
|
|upkeep
|turn|5
|
|t:|1743851072
|move|p2a: Dragonite|Dragon Dance|p2a: Dragonite
|-boost|p2a: Dragonite|atk|1
|-boost|p2a: Dragonite|spe|1
|move|p1a: PorygonZ|Ice Beam|p2a: Dragonite
|-supereffective|p2a: Dragonite
|-damage|p2a: Dragonite|52/100 par
|
|upkeep
|turn|6
|
|t:|1743851082
|-terastallize|p2a: Dragonite|Normal
|cant|p2a: Dragonite|par
|move|p1a: PorygonZ|Ice Beam|p2a: Dragonite
|-damage|p2a: Dragonite|27/100 par
|
|upkeep
|turn|7
|
|t:|1743851092
|move|p2a: Dragonite|Extreme Speed|p1a: PorygonZ
|-damage|p1a: PorygonZ|71/100
|move|p1a: PorygonZ|Ice Beam|p2a: Dragonite
|-damage|p2a: Dragonite|0 fnt
|faint|p2a: Dragonite
|
|upkeep
|-message|Jacobeiro forfeited.
|
|win|hacksareus10
|raw|hacksareus10's rating: 1232 &rarr; <strong>1260</strong><br />(+28 for winning)
|raw|Jacobeiro's rating: 1270 &rarr; <strong>1242</strong><br />(-28 for losing)
|l|‽Jacobeiro
|player|p2|
|l|☆hacksareus10
|player|p1|
