|j|☆Emonstar
|j|☆vibe go mb ch g
|t:|1743822028
|gametype|singles
|player|p1|Emonstar|1|1068
|player|p2|vibe go mb ch g|266|1076
|teamsize|p1|6
|teamsize|p2|6
|gen|9
|tier|[Gen 9] OU
|rated|
|rule|HP Percentage Mod: HP is shown in percentages
|rule|Endless Battle Clause: Forcing endless battles is banned
|rule|Species Clause: Limit one of each Pokémon
|rule|OHKO Clause: OHKO moves are banned
|rule|Evasion Items Clause: Evasion items are banned
|rule|Evasion Moves Clause: Evasion moves are banned
|rule|Sleep Moves Clause: Sleep-inducing moves are banned
|clearpoke
|poke|p1|Klefki, M|
|poke|p1|Poliwrath, M|
|poke|p1|Armarouge, F|
|poke|p1|Frosmoth, M|
|poke|p1|Garchomp, F|
|poke|p1|Magnezone|
|poke|p2|Surskit, M|
|poke|p2|Pelipper, M|
|poke|p2|Basculegion, M|
|poke|p2|Greninja-*, M|
|poke|p2|Jirachi|
|poke|p2|Iron Treads|
|teampreview
|inactive|Battle timer is ON: inactive players will automatically lose when time's up. (requested by Emonstar)
|
|t:|1743822057
|start
|switch|p1a: Magnezone|Magnezone|100/100
|switch|p2a: Surskit|Surskit, M|100/100
|turn|1
|
|t:|1743822065
|move|p1a: Magnezone|Volt Switch|p2a: Surskit
|-supereffective|p2a: Surskit
|-enditem|p2a: Surskit|Focus Sash
|-damage|p2a: Surskit|1/100
|
|t:|1743822072
|switch|p1a: Garchomp|Garchomp, F|100/100|[from] Volt Switch
|move|p2a: Surskit|Sticky Web|p1a: Garchomp
|-sidestart|p1: Emonstar|move: Sticky Web
|
|upkeep
|turn|2
|l|☆Emonstar
|inactive|Emonstar disconnected and has a minute to reconnect!
|player|p1|
|j|☆Emonstar
|inactive|Emonstar reconnected and has 145 seconds left.
|player|p1|Emonstar|1|
|
|t:|1743822082
|move|p2a: Surskit|Pounce|p1a: Garchomp
|-damage|p1a: Garchomp|96/100
|-unboost|p1a: Garchomp|spe|1
|-damage|p2a: Surskit|0 fnt|[from] ability: Rough Skin|[of] p1a: Garchomp
|faint|p2a: Surskit
|move|p1a: Garchomp|Stealth Rock|p2: Surskit
|-sidestart|p2: vibe go mb ch g|move: Stealth Rock
|
|upkeep
|
|t:|1743822089
|switch|p2a: Pelipper|Pelipper, M|100/100
|-damage|p2a: Pelipper|76/100|[from] Stealth Rock
|-weather|RainDance|[from] ability: Drizzle|[of] p2a: Pelipper
|turn|3
|
|t:|1743822095
|switch|p1a: Frosmoth|Frosmoth, M|100/100
|-activate|p1a: Frosmoth|move: Sticky Web
|-unboost|p1a: Frosmoth|spe|1
|move|p2a: Pelipper|Surf|p1a: Frosmoth
|-damage|p1a: Frosmoth|80/100
|
|-weather|RainDance|[upkeep]
|upkeep
|turn|4
|
|t:|1743822104
|-terastallize|p1a: Frosmoth|Flying
|move|p1a: Frosmoth|Giga Drain|p2a: Pelipper
|-damage|p2a: Pelipper|41/100
|-heal|p1a: Frosmoth|99/100|[from] drain|[of] p2a: Pelipper
|move|p2a: Pelipper|U-turn|p1a: Frosmoth
|-resisted|p1a: Frosmoth
|-damage|p1a: Frosmoth|92/100
|
|t:|1743822110
|switch|p2a: Basculegion|Basculegion, M|100/100|[from] U-turn
|-damage|p2a: Basculegion|88/100|[from] Stealth Rock
|
|-weather|RainDance|[upkeep]
|upkeep
|turn|5
|
|t:|1743822118
|switch|p1a: Garchomp|Garchomp, F|96/100
|-activate|p1a: Garchomp|move: Sticky Web
|-unboost|p1a: Garchomp|spe|1
|move|p2a: Basculegion|Wave Crash|p1a: Garchomp
|-damage|p1a: Garchomp|0 fnt
|-damage|p2a: Basculegion|76/100|[from] ability: Rough Skin|[of] p1a: Garchomp
|-damage|p2a: Basculegion|59/100|[from] item: Rocky Helmet|[of] p1a: Garchomp
|faint|p1a: Garchomp
|-damage|p2a: Basculegion|24/100|[from] Recoil
|
|-weather|RainDance|[upkeep]
|upkeep
|
|t:|1743822137
|switch|p1a: Klefki|Klefki, M|100/100
|-activate|p1a: Klefki|move: Sticky Web
|-unboost|p1a: Klefki|spe|1
|turn|6
|
|t:|1743822148
|move|p1a: Klefki|Thunder Wave|p2a: Basculegion
|-status|p2a: Basculegion|par
|move|p2a: Basculegion|Wave Crash|p1a: Klefki
|-damage|p1a: Klefki|0 fnt
|faint|p1a: Klefki
|-damage|p2a: Basculegion|0 fnt|[from] Recoil
|faint|p2a: Basculegion
|
|-weather|RainDance|[upkeep]
|upkeep
|
|t:|1743822167
|switch|p2a: Iron Treads|Iron Treads|100/100
|switch|p1a: Poliwrath|Poliwrath, M|100/100
|-activate|p1a: Poliwrath|move: Sticky Web
|-unboost|p1a: Poliwrath|spe|1
|-damage|p2a: Iron Treads|97/100|[from] Stealth Rock
|-enditem|p2a: Iron Treads|Booster Energy
|-activate|p2a: Iron Treads|ability: Quark Drive|[fromitem]
|-start|p2a: Iron Treads|quarkdrivespe
|turn|7
|
|t:|1743822178
|move|p2a: Iron Treads|Rapid Spin|p1a: Poliwrath
|-damage|p1a: Poliwrath|83/100
|-boost|p2a: Iron Treads|spe|1
|-sideend|p2: vibe go mb ch g|Stealth Rock|[from] move: Rapid Spin|[of] p2a: Iron Treads
|move|p1a: Poliwrath|Liquidation|p2a: Iron Treads
|-supereffective|p2a: Iron Treads
|-damage|p2a: Iron Treads|0 fnt
|faint|p2a: Iron Treads
|-end|p2a: Iron Treads|Quark Drive|[silent]
|
|-weather|RainDance|[upkeep]
|upkeep
|
|t:|1743822184
|switch|p2a: Jirachi|Jirachi|100/100
|turn|8
|
|t:|1743822192
|move|p2a: Jirachi|Thunder|p1a: Poliwrath
|-supereffective|p1a: Poliwrath
|-damage|p1a: Poliwrath|32/100
|move|p1a: Poliwrath|Liquidation|p2a: Jirachi
|-damage|p2a: Jirachi|27/100
|
|-weather|RainDance|[upkeep]
|upkeep
|turn|9
|
|t:|1743822202
|switch|p1a: Magnezone|Magnezone|100/100
|-activate|p1a: Magnezone|move: Sticky Web
|-unboost|p1a: Magnezone|spe|1
|move|p2a: Jirachi|Thunder|p1a: Magnezone
|-resisted|p1a: Magnezone
|-damage|p1a: Magnezone|85/100
|
|-weather|RainDance|[upkeep]
|upkeep
|turn|10
|
|t:|1743822212
|move|p2a: Jirachi|Iron Head|p1a: Magnezone
|-resisted|p1a: Magnezone
|-damage|p1a: Magnezone|78/100
|move|p1a: Magnezone|Volt Switch|p2a: Jirachi
|-damage|p2a: Jirachi|9/100
|
|t:|1743822223
|switch|p1a: Poliwrath|Poliwrath, M|32/100|[from] Volt Switch
|-activate|p1a: Poliwrath|move: Sticky Web
|-unboost|p1a: Poliwrath|spe|1
|
|-weather|none
|upkeep
|turn|11
|
|t:|1743822231
|switch|p2a: Pelipper|Pelipper, M|41/100
|-weather|RainDance|[from] ability: Drizzle|[of] p2a: Pelipper
|switch|p1a: Magnezone|Magnezone|78/100
|-activate|p1a: Magnezone|move: Sticky Web
|-unboost|p1a: Magnezone|spe|1
|
|-weather|RainDance|[upkeep]
|upkeep
|turn|12
|
|t:|1743822239
|switch|p2a: Jirachi|Jirachi|9/100
|move|p1a: Magnezone|Volt Switch|p2a: Jirachi
|-damage|p2a: Jirachi|0 fnt
|faint|p2a: Jirachi
|
|t:|1743822247
|switch|p1a: Frosmoth|Frosmoth, M, tera:Flying|92/100|[from] Volt Switch
|
|-weather|RainDance|[upkeep]
|upkeep
|
|t:|1743822251
|switch|p2a: Pelipper|Pelipper, M|41/100
|turn|13
|
|t:|1743822256
|move|p1a: Frosmoth|Giga Drain|p2a: Pelipper
|-damage|p2a: Pelipper|5/100
|-heal|p1a: Frosmoth|100/100|[from] drain|[of] p2a: Pelipper
|move|p2a: Pelipper|Surf|p1a: Frosmoth
|-damage|p1a: Frosmoth|81/100
|
|-weather|RainDance|[upkeep]
|upkeep
|turn|14
|
|t:|1743822263
|move|p1a: Frosmoth|Giga Drain|p2a: Pelipper
|-damage|p2a: Pelipper|0 fnt
|-heal|p1a: Frosmoth|84/100|[from] drain|[of] p2a: Pelipper
|faint|p2a: Pelipper
|
|-weather|RainDance|[upkeep]
|upkeep
|
|t:|1743822264
|switch|p2a: Greninja|Greninja, M|100/100
|turn|15
|
|t:|1743822269
|move|p2a: Greninja|Gunk Shot|p1a: Frosmoth
|-damage|p1a: Frosmoth|15/100
|-damage|p2a: Greninja|91/100|[from] item: Life Orb
|move|p1a: Frosmoth|Giga Drain|p2a: Greninja
|-supereffective|p2a: Greninja
|-damage|p2a: Greninja|0 fnt
|-heal|p1a: Frosmoth|61/100|[from] drain|[of] p2a: Greninja
|faint|p2a: Greninja
|
|win|Emonstar
|raw|Emonstar's rating: 1068 &rarr; <strong>1098</strong><br />(+30 for winning)
|raw|vibe go mb ch g's rating: 1076 &rarr; <strong>1054</strong><br />(-22 for losing)
|l|☆Emonstar
|player|p1|
|j| dunderguy
|l| dunderguy
