|j|☆Sumerand
|j|☆tatsujinterrifting
|t:|1743878753
|gametype|singles
|player|p1|Sumerand|ghetsis|1100
|player|p2|tatsujinterrifting|giovanni|1100
|teamsize|p1|6
|teamsize|p2|6
|gen|9
|tier|[Gen 9] OU
|rated|
|rule|HP Percentage Mod: HP is shown in percentages
|rule|Endless Battle Clause: Forcing endless battles is banned
|rule|Species Clause: Limit one of each Pokémon
|rule|OHKO Clause: OHKO moves are banned
|rule|Evasion Items Clause: Evasion items are banned
|rule|Evasion Moves Clause: Evasion moves are banned
|rule|Sleep Moves Clause: Sleep-inducing moves are banned
|clearpoke
|poke|p1|Inteleon, M|
|poke|p1|Dragapult, F|
|poke|p1|Cinderace, F|
|poke|p1|Corviknight, F|
|poke|p1|Alomomola, M|
|poke|p1|Ting-Lu|
|poke|p2|Pecharunt|
|poke|p2|Serperior, F|
|poke|p2|Snorlax, F|
|poke|p2|Ninetales-Alola, F|
|poke|p2|Dragapult, F|
|poke|p2|Skeledirge, F|
|teampreview
|
|t:|1743878765
|start
|switch|p1a: Cinderace|Cinderace, F|100/100
|switch|p2a: Ninetales|Ninetales-Alola, F, shiny|100/100
|-weather|Snowscape|[from] ability: Snow Warning|[of] p2a: Ninetales
|turn|1
|inactive|Battle timer is ON: inactive players will automatically lose when time's up. (requested by Sumerand)
|
|t:|1743878773
|move|p1a: Cinderace|Pyro Ball|p2a: Ninetales
|-supereffective|p2a: Ninetales
|-enditem|p2a: Ninetales|Occa Berry|[eat]
|-enditem|p2a: Ninetales|Occa Berry|[weaken]
|-damage|p2a: Ninetales|42/100
|move|p2a: Ninetales|Dazzling Gleam|p1a: Cinderace
|-resisted|p1a: Cinderace
|-damage|p1a: Cinderace|80/100
|
|-weather|Snowscape|[upkeep]
|upkeep
|turn|2
|c|☆Sumerand|?
|
|t:|1743878785
|-terastallize|p2a: Ninetales|Ground
|move|p1a: Cinderace|Pyro Ball|p2a: Ninetales
|-damage|p2a: Ninetales|0 fnt
|faint|p2a: Ninetales
|
|-weather|Snowscape|[upkeep]
|upkeep
|c|☆Sumerand|?
|
|t:|1743878796
|switch|p2a: Skeledirge|Skeledirge, F|100/100
|turn|3
|
|t:|1743878802
|move|p1a: Cinderace|U-turn|p2a: Skeledirge
|-start|p1a: Cinderace|typechange|Bug|[from] ability: Libero
|-resisted|p2a: Skeledirge
|-damage|p2a: Skeledirge|92/100
|
|t:|1743878806
|switch|p1a: Inteleon|Inteleon, M|100/100|[from] U-turn
|move|p2a: Skeledirge|Curse|p1a: Inteleon
|-start|p1a: Inteleon|Curse|[of] p2a: Skeledirge
|-damage|p2a: Skeledirge|42/100
|
|-weather|Snowscape|[upkeep]
|-damage|p1a: Inteleon|76/100|[from] Curse
|upkeep
|turn|4
|
|t:|1743878816
|move|p1a: Inteleon|Surf|p2a: Skeledirge
|-supereffective|p2a: Skeledirge
|-damage|p2a: Skeledirge|0 fnt
|faint|p2a: Skeledirge
|
|-weather|Snowscape|[upkeep]
|-damage|p1a: Inteleon|51/100|[from] Curse
|upkeep
|
|t:|1743878825
|switch|p2a: Snorlax|Snorlax, F, shiny|100/100
|turn|5
|
|t:|1743878832
|switch|p1a: Ting-Lu|Ting-Lu|100/100
|-ability|p1a: Ting-Lu|Vessel of Ruin
|move|p2a: Snorlax|Curse|p2a: Snorlax
|-unboost|p2a: Snorlax|spe|1
|-boost|p2a: Snorlax|atk|1
|-boost|p2a: Snorlax|def|1
|
|-weather|none
|upkeep
|turn|6
|
|t:|1743878842
|move|p1a: Ting-Lu|Stealth Rock|p2a: Snorlax
|-sidestart|p2: tatsujinterrifting|move: Stealth Rock
|move|p2a: Snorlax|Curse|p2a: Snorlax
|-unboost|p2a: Snorlax|spe|1
|-boost|p2a: Snorlax|atk|1
|-boost|p2a: Snorlax|def|1
|
|upkeep
|turn|7
|
|t:|1743878849
|move|p1a: Ting-Lu|Ruination|p2a: Snorlax
|-damage|p2a: Snorlax|50/100
|move|p2a: Snorlax|Amnesia|p2a: Snorlax
|-boost|p2a: Snorlax|spd|2
|
|-heal|p2a: Snorlax|57/100|[from] item: Leftovers
|upkeep
|turn|8
|
|t:|1743878858
|move|p2a: Snorlax|Heat Crash|p1a: Ting-Lu
|-damage|p1a: Ting-Lu|89/100
|move|p1a: Ting-Lu|Whirlwind|p2a: Snorlax
|drag|p2a: Serperior|Serperior, F, shiny|100/100
|-damage|p2a: Serperior|88/100|[from] Stealth Rock
|
|-heal|p2a: Serperior|94/100|[from] item: Leftovers
|-heal|p1a: Ting-Lu|95/100|[from] item: Leftovers
|upkeep
|turn|9
|
|t:|1743878869
|switch|p1a: Cinderace|Cinderace, F|80/100
|move|p2a: Serperior|Leaf Storm|p1a: Cinderace
|-resisted|p1a: Cinderace
|-damage|p1a: Cinderace|48/100
|-boost|p2a: Serperior|spa|2
|
|-heal|p2a: Serperior|100/100|[from] item: Leftovers
|upkeep
|turn|10
|
|t:|1743878882
|move|p1a: Cinderace|Pyro Ball|p2a: Serperior
|-supereffective|p2a: Serperior
|-damage|p2a: Serperior|0 fnt
|faint|p2a: Serperior
|
|upkeep
|-message|tatsujinterrifting forfeited.
|
|win|Sumerand
|raw|Sumerand's rating: 1100 &rarr; <strong>1125</strong><br />(+25 for winning)
|raw|tatsujinterrifting's rating: 1100 &rarr; <strong>1075</strong><br />(-25 for losing)
|l|☆tatsujinterrifting
|player|p2|
