|j|☆LX1987
|j|☆drporing
|t:|1743871015
|gametype|singles
|player|p1|LX1987|170|1122
|player|p2|drporing|102|1154
|teamsize|p1|6
|teamsize|p2|6
|gen|9
|tier|[Gen 9] OU
|rated|
|rule|HP Percentage Mod: HP is shown in percentages
|rule|Endless Battle Clause: Forcing endless battles is banned
|rule|Species Clause: Limit one of each Pokémon
|rule|OHKO Clause: OHKO moves are banned
|rule|Evasion Items Clause: Evasion items are banned
|rule|Evasion Moves Clause: Evasion moves are banned
|rule|Sleep Moves Clause: Sleep-inducing moves are banned
|clearpoke
|poke|p1|Corviknight, M|
|poke|p1|Kingambit, M|
|poke|p1|Arcanine-Hisui, F|
|poke|p1|Chimecho, F|
|poke|p1|Hariyama, M|
|poke|p1|Primarina, M|
|poke|p2|Corviknight, M|
|poke|p2|Maushold-Four|
|poke|p2|Tinkaton, F|
|poke|p2|Iron Crown|
|poke|p2|Iron Moth|
|poke|p2|Mimikyu, M|
|teampreview
|inactive|Battle timer is ON: inactive players will automatically lose when time's up. (requested by LX1987)
|
|t:|1743871019
|start
|switch|p1a: Hariyama|Hariyama, M|100/100
|switch|p2a: Maushold|Maushold-Four|100/100
|turn|1
|
|t:|1743871027
|move|p1a: Hariyama|Fake Out|p2a: Maushold
|-damage|p2a: Maushold|79/100
|cant|p2a: Maushold|flinch
|
|-status|p1a: Hariyama|brn|[from] item: Flame Orb
|upkeep
|turn|2
|
|t:|1743871037
|switch|p1a: Corviknight|Corviknight, M|100/100
|move|p2a: Maushold|Tidy Up|p2a: Maushold
|-boost|p2a: Maushold|atk|1
|-boost|p2a: Maushold|spe|1
|
|upkeep
|turn|3
|
|t:|1743871047
|move|p2a: Maushold|Population Bomb|p1a: Corviknight
|-resisted|p1a: Corviknight
|-damage|p1a: Corviknight|95/100
|-damage|p2a: Maushold|63/100|[from] item: Rocky Helmet|[of] p1a: Corviknight
|-resisted|p1a: Corviknight
|-damage|p1a: Corviknight|89/100
|-damage|p2a: Maushold|46/100|[from] item: Rocky Helmet|[of] p1a: Corviknight
|-resisted|p1a: Corviknight
|-damage|p1a: Corviknight|83/100
|-damage|p2a: Maushold|29/100|[from] item: Rocky Helmet|[of] p1a: Corviknight
|-resisted|p1a: Corviknight
|-damage|p1a: Corviknight|77/100
|-damage|p2a: Maushold|13/100|[from] item: Rocky Helmet|[of] p1a: Corviknight
|-resisted|p1a: Corviknight
|-damage|p1a: Corviknight|71/100
|-damage|p2a: Maushold|0 fnt|[from] item: Rocky Helmet|[of] p1a: Corviknight
|faint|p2a: Maushold
|-hitcount|p1a: Corviknight|5
|move|p1a: Corviknight|Body Press|p2: Maushold|[notarget]
|-fail|p1a: Corviknight
|
|upkeep
|
|t:|1743871060
|switch|p2a: Iron Moth|Iron Moth|100/100
|-enditem|p2a: Iron Moth|Booster Energy
|-activate|p2a: Iron Moth|ability: Quark Drive|[fromitem]
|-start|p2a: Iron Moth|quarkdrivespa
|turn|4
|
|t:|1743871071
|switch|p1a: Primarina|Primarina, M|100/100
|move|p2a: Iron Moth|Fiery Dance|p1a: Primarina
|-resisted|p1a: Primarina
|-damage|p1a: Primarina|87/100
|
|upkeep
|turn|5
|
|t:|1743871081
|move|p2a: Iron Moth|Air Slash|p1a: Primarina
|-damage|p1a: Primarina|68/100
|move|p1a: Primarina|Hyper Voice|p2a: Iron Moth
|-supereffective|p2a: Iron Moth
|-damage|p2a: Iron Moth|12/100
|
|upkeep
|turn|6
|
|t:|1743871092
|move|p2a: Iron Moth|U-turn|p1a: Primarina
|-resisted|p1a: Primarina
|-damage|p1a: Primarina|61/100
|
|t:|1743871099
|-end|p2a: Iron Moth|Quark Drive|[silent]
|switch|p2a: Corviknight|Corviknight, M|100/100|[from] U-turn
|-ability|p2a: Corviknight|Pressure
|move|p1a: Primarina|Psychic|p2a: Corviknight
|-resisted|p2a: Corviknight
|-damage|p2a: Corviknight|88/100
|
|upkeep
|turn|7
|
|t:|1743871111
|switch|p1a: Arcanine|Arcanine-Hisui, F|100/100
|move|p2a: Corviknight|Nasty Plot|p2a: Corviknight
|-boost|p2a: Corviknight|spa|2
|
|upkeep
|turn|8
|
|t:|1743871120
|-terastallize|p2a: Corviknight|Flying
|move|p1a: Arcanine|Flare Blitz|p2a: Corviknight
|-damage|p2a: Corviknight|39/100
|-damage|p1a: Arcanine|84/100|[from] item: Rocky Helmet|[of] p2a: Corviknight
|-damage|p1a: Arcanine|74/100|[from] item: Life Orb
|move|p2a: Corviknight|Flash Cannon|p1a: Arcanine
|-damage|p1a: Arcanine|33/100
|-unboost|p1a: Arcanine|spd|1
|
|upkeep
|turn|9
|
|t:|1743871133
|move|p1a: Arcanine|Wild Charge|p2a: Corviknight
|-supereffective|p2a: Corviknight
|-damage|p2a: Corviknight|0 fnt
|-damage|p1a: Arcanine|17/100|[from] item: Rocky Helmet|[of] p2a: Corviknight
|faint|p2a: Corviknight
|-damage|p1a: Arcanine|7/100|[from] item: Life Orb
|
|upkeep
|
|t:|1743871142
|switch|p2a: Iron Moth|Iron Moth|12/100
|turn|10
|
|t:|1743871147
|move|p1a: Arcanine|Extreme Speed|p2a: Iron Moth
|-damage|p2a: Iron Moth|0 fnt
|faint|p2a: Iron Moth
|-end|p2a: Iron Moth|Quark Drive|[silent]
|-damage|p1a: Arcanine|0 fnt|[from] item: Life Orb
|faint|p1a: Arcanine
|
|upkeep
|
|t:|1743871156
|switch|p2a: Tinkaton|Tinkaton, F|100/100
|switch|p1a: Hariyama|Hariyama, M|100/100 brn
|-ability|p2a: Tinkaton|Mold Breaker
|turn|11
|
|t:|1743871163
|move|p1a: Hariyama|Fake Out|p2a: Tinkaton
|-resisted|p2a: Tinkaton
|-damage|p2a: Tinkaton|87/100
|cant|p2a: Tinkaton|flinch
|
|-heal|p2a: Tinkaton|93/100|[from] item: Leftovers
|-damage|p1a: Hariyama|94/100 brn|[from] brn
|upkeep
|turn|12
|
|t:|1743871174
|move|p2a: Tinkaton|Swords Dance|p2a: Tinkaton
|-boost|p2a: Tinkaton|atk|2
|move|p1a: Hariyama|Earthquake|p2a: Tinkaton
|-supereffective|p2a: Tinkaton
|-damage|p2a: Tinkaton|0 fnt
|faint|p2a: Tinkaton
|
|-damage|p1a: Hariyama|88/100 brn|[from] brn
|upkeep
|
|t:|1743871184
|switch|p2a: Mimikyu|Mimikyu, M|100/100
|turn|13
|
|t:|1743871188
|move|p2a: Mimikyu|Swords Dance|p2a: Mimikyu
|-boost|p2a: Mimikyu|atk|2
|move|p1a: Hariyama|Knock Off|p2a: Mimikyu
|-activate|p2a: Mimikyu|ability: Disguise
|-damage|p2a: Mimikyu|100/100
|-enditem|p2a: Mimikyu|Focus Sash|[from] move: Knock Off|[of] p1a: Hariyama
|detailschange|p2a: Mimikyu|Mimikyu-Busted, M
|-damage|p2a: Mimikyu|88/100|[from] pokemon: Mimikyu-Busted
|
|-damage|p1a: Hariyama|82/100 brn|[from] brn
|upkeep
|turn|14
|
|t:|1743871203
|move|p2a: Mimikyu|Shadow Sneak|p1a: Hariyama
|-damage|p1a: Hariyama|47/100 brn
|move|p1a: Hariyama|Earthquake|p2a: Mimikyu
|-damage|p2a: Mimikyu|6/100
|
|-damage|p1a: Hariyama|41/100 brn|[from] brn
|upkeep
|turn|15
|
|t:|1743871212
|switch|p1a: Corviknight|Corviknight, M|71/100
|move|p2a: Mimikyu|Play Rough|p1a: Corviknight
|-resisted|p1a: Corviknight
|-damage|p1a: Corviknight|44/100
|-damage|p2a: Mimikyu|0 fnt|[from] item: Rocky Helmet|[of] p1a: Corviknight
|faint|p2a: Mimikyu
|
|upkeep
|
|t:|1743871221
|switch|p2a: Iron Crown|Iron Crown|100/100
|turn|16
|
|t:|1743871227
|move|p2a: Iron Crown|Calm Mind|p2a: Iron Crown
|-boost|p2a: Iron Crown|spa|1
|-boost|p2a: Iron Crown|spd|1
|move|p1a: Corviknight|Roost|p1a: Corviknight
|-heal|p1a: Corviknight|95/100
|-singleturn|p1a: Corviknight|move: Roost
|
|upkeep
|turn|17
|
|t:|1743871237
|move|p2a: Iron Crown|Calm Mind|p2a: Iron Crown
|-boost|p2a: Iron Crown|spa|1
|-boost|p2a: Iron Crown|spd|1
|move|p1a: Corviknight|Body Press|p2a: Iron Crown
|-damage|p2a: Iron Crown|78/100
|
|-heal|p2a: Iron Crown|84/100|[from] item: Leftovers
|upkeep
|turn|18
|
|t:|1743871247
|move|p2a: Iron Crown|Calm Mind|p2a: Iron Crown
|-boost|p2a: Iron Crown|spa|1
|-boost|p2a: Iron Crown|spd|1
|move|p1a: Corviknight|Body Press|p2a: Iron Crown
|-damage|p2a: Iron Crown|59/100
|
|-heal|p2a: Iron Crown|66/100|[from] item: Leftovers
|upkeep
|turn|19
|
|t:|1743871258
|move|p2a: Iron Crown|Stored Power|p1a: Corviknight
|-resisted|p1a: Corviknight
|-damage|p1a: Corviknight|4/100
|move|p1a: Corviknight|Body Press|p2a: Iron Crown
|-damage|p2a: Iron Crown|43/100
|
|-heal|p2a: Iron Crown|49/100|[from] item: Leftovers
|upkeep
|turn|20
|
|t:|1743871268
|move|p2a: Iron Crown|Stored Power|p1a: Corviknight
|-resisted|p1a: Corviknight
|-damage|p1a: Corviknight|0 fnt
|faint|p1a: Corviknight
|
|-heal|p2a: Iron Crown|56/100|[from] item: Leftovers
|upkeep
|
|t:|1743871277
|switch|p1a: Hariyama|Hariyama, M|41/100 brn
|turn|21
|
|t:|1743871280
|move|p1a: Hariyama|Fake Out|p2a: Iron Crown
|-resisted|p2a: Iron Crown
|-damage|p2a: Iron Crown|45/100
|cant|p2a: Iron Crown|flinch
|
|-heal|p2a: Iron Crown|52/100|[from] item: Leftovers
|-damage|p1a: Hariyama|35/100 brn|[from] brn
|upkeep
|turn|22
|
|t:|1743871290
|move|p2a: Iron Crown|Stored Power|p1a: Hariyama
|-supereffective|p1a: Hariyama
|-damage|p1a: Hariyama|0 fnt
|faint|p1a: Hariyama
|
|-heal|p2a: Iron Crown|58/100|[from] item: Leftovers
|upkeep
|
|t:|1743871298
|switch|p1a: Chimecho|Chimecho, F|100/100
|turn|23
|
|t:|1743871304
|move|p2a: Iron Crown|Tachyon Cutter|p1a: Chimecho
|-damage|p1a: Chimecho|43/100
|-damage|p1a: Chimecho|0 fnt
|faint|p1a: Chimecho
|-hitcount|p1: Chimecho|2
|
|-heal|p2a: Iron Crown|64/100|[from] item: Leftovers
|upkeep
|
|t:|1743871312
|switch|p1a: Primarina|Primarina, M|61/100
|turn|24
|
|t:|1743871318
|move|p2a: Iron Crown|Tachyon Cutter|p1a: Primarina
|-damage|p1a: Primarina|29/100
|-damage|p1a: Primarina|0 fnt
|faint|p1a: Primarina
|-hitcount|p1: Primarina|2
|
|-heal|p2a: Iron Crown|70/100|[from] item: Leftovers
|upkeep
|
|t:|1743871327
|switch|p1a: Kingambit|Kingambit, M|100/100
|-activate|p1a: Kingambit|ability: Supreme Overlord
|-start|p1a: Kingambit|fallen5|[silent]
|turn|25
|
|t:|1743871332
|move|p1a: Kingambit|Sucker Punch|p2a: Iron Crown
|-supereffective|p2a: Iron Crown
|-damage|p2a: Iron Crown|0 fnt
|faint|p2a: Iron Crown
|-end|p2a: Iron Crown|Quark Drive|[silent]
|
|win|LX1987
|raw|LX1987's rating: 1122 &rarr; <strong>1149</strong><br />(+27 for winning)
|raw|drporing's rating: 1154 &rarr; <strong>1127</strong><br />(-27 for losing)
|l|☆drporing
|player|p2|
|l|☆LX1987
|player|p1|
