|j|☆mmmyyy
|j|☆tohelpu
|t:|1743860114
|gametype|singles
|player|p1|mmmyyy|dawn|1202
|player|p2|tohelpu|1|1178
|teamsize|p1|6
|teamsize|p2|6
|gen|9
|tier|[Gen 9] OU
|rated|
|rule|HP Percentage Mod: HP is shown in percentages
|rule|Endless Battle Clause: Forcing endless battles is banned
|rule|Species Clause: Limit one of each Pokémon
|rule|OHKO Clause: OHKO moves are banned
|rule|Evasion Items Clause: Evasion items are banned
|rule|Evasion Moves Clause: Evasion moves are banned
|rule|Sleep Moves Clause: Sleep-inducing moves are banned
|clearpoke
|poke|p1|Iron Crown|
|poke|p1|Garganacl, M|
|poke|p1|Enamorus-Therian, F|
|poke|p1|Landorus-Therian, M|
|poke|p1|Volcanion|
|poke|p1|Zamazenta-*|
|poke|p2|Wyrdeer, F|
|poke|p2|Charizard, F|
|poke|p2|Hatterene, F|
|poke|p2|Volbeat, M|
|poke|p2|Armarouge, F|
|poke|p2|Greninja-*, F|
|teampreview
|inactive|Battle timer is ON: inactive players will automatically lose when time's up. (requested by mmmyyy)
|
|t:|1743860138
|start
|switch|p1a: Enamorus|Enamorus-Therian, F|100/100
|switch|p2a: Greninja|Greninja, F|100/100
|turn|1
|
|t:|1743860145
|move|p2a: Greninja|Rock Slide|p1a: Enamorus
|-start|p2a: Greninja|typechange|Rock|[from] ability: Protean
|-supereffective|p1a: Enamorus
|-damage|p1a: Enamorus|39/100
|move|p1a: Enamorus|Calm Mind|p1a: Enamorus
|-boost|p1a: Enamorus|spa|1
|-boost|p1a: Enamorus|spd|1
|
|upkeep
|turn|2
|
|t:|1743860165
|switch|p2a: Charizard|Charizard, F|100/100
|switch|p1a: Zamazenta|Zamazenta|100/100
|-ability|p1a: Zamazenta|Dauntless Shield|boost
|-boost|p1a: Zamazenta|def|1
|
|upkeep
|turn|3
|
|t:|1743860174
|move|p1a: Zamazenta|Stone Edge|p2a: Charizard
|-supereffective|p2a: Charizard
|-damage|p2a: Charizard|0 fnt
|faint|p2a: Charizard
|
|upkeep
|
|t:|1743860179
|switch|p2a: Wyrdeer|Wyrdeer, F|100/100
|-ability|p2a: Wyrdeer|Intimidate|boost
|-unboost|p1a: Zamazenta|atk|1
|turn|4
|
|t:|1743860192
|switch|p1a: Iron Crown|Iron Crown|100/100
|-enditem|p1a: Iron Crown|Booster Energy
|-activate|p1a: Iron Crown|ability: Quark Drive|[fromitem]
|-start|p1a: Iron Crown|quarkdrivespe
|move|p2a: Wyrdeer|Throat Chop|p1a: Iron Crown
|-supereffective|p1a: Iron Crown
|-damage|p1a: Iron Crown|49/100
|-start|p1a: Iron Crown|Throat Chop|[silent]
|
|upkeep
|turn|5
|
|t:|1743860204
|-terastallize|p1a: Iron Crown|Water
|move|p1a: Iron Crown|Iron Defense|p1a: Iron Crown
|-boost|p1a: Iron Crown|def|2
|move|p2a: Wyrdeer|Throat Chop|p1a: Iron Crown
|-damage|p1a: Iron Crown|34/100
|
|-end|p1a: Iron Crown|Throat Chop|[silent]
|upkeep
|turn|6
|
|t:|1743860212
|switch|p2a: Volbeat|Volbeat, M|100/100
|move|p1a: Iron Crown|Calm Mind|p1a: Iron Crown
|-boost|p1a: Iron Crown|spa|1
|-boost|p1a: Iron Crown|spd|1
|
|upkeep
|turn|7
|
|t:|1743860219
|move|p2a: Volbeat|Encore|p1a: Iron Crown
|-start|p1a: Iron Crown|Encore
|move|p1a: Iron Crown|Calm Mind|p1a: Iron Crown
|-boost|p1a: Iron Crown|spa|1
|-boost|p1a: Iron Crown|spd|1
|
|upkeep
|turn|8
|
|t:|1743860226
|move|p1a: Iron Crown|Calm Mind|p1a: Iron Crown
|-boost|p1a: Iron Crown|spa|1
|-boost|p1a: Iron Crown|spd|1
|move|p2a: Volbeat|Seismic Toss|p1a: Iron Crown
|-damage|p1a: Iron Crown|8/100
|
|upkeep
|turn|9
|
|t:|1743860233
|move|p1a: Iron Crown|Calm Mind|p1a: Iron Crown
|-boost|p1a: Iron Crown|spa|1
|-boost|p1a: Iron Crown|spd|1
|move|p2a: Volbeat|Seismic Toss|p1a: Iron Crown
|-damage|p1a: Iron Crown|0 fnt
|faint|p1a: Iron Crown
|-end|p1a: Iron Crown|Quark Drive|[silent]
|
|upkeep
|
|t:|1743860241
|switch|p1a: Landorus|Landorus-Therian, M|100/100
|-ability|p1a: Landorus|Intimidate|boost
|-unboost|p2a: Volbeat|atk|1
|turn|10
|
|t:|1743860248
|switch|p2a: Hatterene|Hatterene, F|100/100
|move|p1a: Landorus|Stealth Rock|p2a: Hatterene
|move|p2a: Hatterene|Stealth Rock|p1a: Landorus|[from] ability: Magic Bounce
|-sidestart|p1: mmmyyy|move: Stealth Rock
|
|upkeep
|turn|11
|
|t:|1743860256
|move|p1a: Landorus|Earthquake|p2a: Hatterene
|-damage|p2a: Hatterene|43/100
|move|p2a: Hatterene|Trick|p1a: Landorus
|-activate|p2a: Hatterene|move: Trick|[of] p1a: Landorus
|-item|p1a: Landorus|Choice Specs|[from] move: Trick
|-item|p2a: Hatterene|Earth Plate|[from] move: Trick
|
|upkeep
|turn|12
|
|t:|1743860271
|switch|p2a: Wyrdeer|Wyrdeer, F|100/100
|-ability|p2a: Wyrdeer|Intimidate|boost
|-unboost|p1a: Landorus|atk|1
|move|p1a: Landorus|Earthquake|p2a: Wyrdeer
|-damage|p2a: Wyrdeer|71/100
|
|upkeep
|turn|13
|
|t:|1743860280
|move|p1a: Landorus|Earthquake|p2a: Wyrdeer
|-damage|p2a: Wyrdeer|44/100
|move|p2a: Wyrdeer|Psyshield Bash|p1a: Landorus
|-damage|p1a: Landorus|53/100
|-boost|p2a: Wyrdeer|def|1
|
|upkeep
|turn|14
|
|t:|1743860290
|move|p1a: Landorus|Earthquake|p2a: Wyrdeer
|-damage|p2a: Wyrdeer|24/100
|move|p2a: Wyrdeer|Psyshield Bash|p1a: Landorus
|-damage|p1a: Landorus|10/100
|-boost|p2a: Wyrdeer|def|1
|
|upkeep
|turn|15
|
|t:|1743860298
|move|p1a: Landorus|Earthquake|p2a: Wyrdeer
|-damage|p2a: Wyrdeer|9/100
|move|p2a: Wyrdeer|Psyshield Bash|p1a: Landorus
|-damage|p1a: Landorus|0 fnt
|-boost|p2a: Wyrdeer|def|1
|faint|p1a: Landorus
|
|upkeep
|
|t:|1743860307
|switch|p1a: Zamazenta|Zamazenta|100/100
|-damage|p1a: Zamazenta|94/100|[from] Stealth Rock
|turn|16
|
|t:|1743860312
|move|p1a: Zamazenta|Crunch|p2a: Wyrdeer
|-supereffective|p2a: Wyrdeer
|-damage|p2a: Wyrdeer|0 fnt
|faint|p2a: Wyrdeer
|
|upkeep
|inactive|tohelpu has 120 seconds left.
|
|t:|1743860360
|switch|p2a: Hatterene|Hatterene, F|43/100
|turn|17
|
|t:|1743860363
|switch|p2a: Volbeat|Volbeat, M|100/100
|move|p1a: Zamazenta|Heavy Slam|p2a: Volbeat
|-damage|p2a: Volbeat|65/100
|
|upkeep
|turn|18
|inactive|tohelpu has 120 seconds left.
|
|t:|1743860372
|move|p1a: Zamazenta|Stone Edge|p2a: Volbeat|[miss]
|-miss|p1a: Zamazenta|p2a: Volbeat
|move|p2a: Volbeat|Seismic Toss|p1a: Zamazenta
|-damage|p1a: Zamazenta|64/100
|
|upkeep
|turn|19
|
|t:|1743860380
|move|p2a: Volbeat|Thunder Wave|p1a: Zamazenta
|-status|p1a: Zamazenta|par
|move|p1a: Zamazenta|Stone Edge|p2a: Volbeat
|-supereffective|p2a: Volbeat
|-damage|p2a: Volbeat|5/100
|
|upkeep
|turn|20
|
|t:|1743860388
|move|p2a: Volbeat|Encore|p1a: Zamazenta
|-start|p1a: Zamazenta|Encore
|cant|p1a: Zamazenta|par
|
|upkeep
|turn|21
|
|t:|1743860400
|move|p1a: Zamazenta|Stone Edge|p2a: Volbeat|[miss]
|-miss|p1a: Zamazenta|p2a: Volbeat
|move|p2a: Volbeat|Seismic Toss|p1a: Zamazenta
|-damage|p1a: Zamazenta|33/100 par
|
|upkeep
|turn|22
|
|t:|1743860411
|move|p2a: Volbeat|Seismic Toss|p1a: Zamazenta
|-damage|p1a: Zamazenta|2/100 par
|move|p1a: Zamazenta|Stone Edge|p2a: Volbeat
|-supereffective|p2a: Volbeat
|-damage|p2a: Volbeat|0 fnt
|faint|p2a: Volbeat
|
|-end|p1a: Zamazenta|Encore
|upkeep
|
|t:|1743860428
|switch|p2a: Armarouge|Armarouge, F|100/100
|turn|23
|
|t:|1743860432
|-terastallize|p2a: Armarouge|Fighting
|move|p2a: Armarouge|Calm Mind|p2a: Armarouge
|-boost|p2a: Armarouge|spa|1
|-boost|p2a: Armarouge|spd|1
|move|p1a: Zamazenta|Stone Edge|p2a: Armarouge
|-resisted|p2a: Armarouge
|-damage|p2a: Armarouge|84/100
|-ability|p2a: Armarouge|Weak Armor|boost
|-unboost|p2a: Armarouge|def|1
|-boost|p2a: Armarouge|spe|2
|
|-heal|p2a: Armarouge|90/100|[from] item: Leftovers
|upkeep
|turn|24
|
|t:|1743860446
|move|p2a: Armarouge|Psyshock|p1a: Zamazenta
|-supereffective|p1a: Zamazenta
|-damage|p1a: Zamazenta|0 fnt
|faint|p1a: Zamazenta
|
|-heal|p2a: Armarouge|96/100|[from] item: Leftovers
|upkeep
|
|t:|1743860454
|switch|p1a: Enamorus|Enamorus-Therian, F|39/100
|turn|25
|
|t:|1743860459
|move|p2a: Armarouge|Psyshock|p1a: Enamorus
|-damage|p1a: Enamorus|0 fnt
|faint|p1a: Enamorus
|
|-heal|p2a: Armarouge|100/100|[from] item: Leftovers
|upkeep
|
|t:|1743860467
|switch|p1a: Garganacl|Garganacl, M|100/100
|-damage|p1a: Garganacl|88/100|[from] Stealth Rock
|turn|26
|
|t:|1743860471
|move|p2a: Armarouge|Tera Blast|p1a: Garganacl|[anim] Tera Blast Fighting
|-supereffective|p1a: Garganacl
|-damage|p1a: Garganacl|0 fnt
|faint|p1a: Garganacl
|
|upkeep
|
|t:|1743860477
|switch|p1a: Volcanion|Volcanion|100/100
|turn|27
|j| pikachulovr4evr
|
|t:|1743860483
|move|p2a: Armarouge|Tera Blast|p1a: Volcanion|[anim] Tera Blast Fighting
|-damage|p1a: Volcanion|27/100
|move|p1a: Volcanion|Steam Eruption|p2a: Armarouge
|-damage|p2a: Armarouge|50/100
|
|-heal|p2a: Armarouge|57/100|[from] item: Leftovers
|upkeep
|turn|28
|l| pikachulovr4evr
|c|☆tohelpu|gg
|
|t:|1743860500
|move|p2a: Armarouge|Psyshock|p1a: Volcanion
|-damage|p1a: Volcanion|0 fnt
|faint|p1a: Volcanion
|
|win|tohelpu
|raw|mmmyyy's rating: 1202 &rarr; <strong>1175</strong><br />(-27 for losing)
|raw|tohelpu's rating: 1178 &rarr; <strong>1205</strong><br />(+27 for winning)
|l|☆mmmyyy
|player|p1|
|l|☆tohelpu
|player|p2|
