|j|☆potaxies
|j|☆Parappa01
|t:|1743849995
|gametype|singles
|player|p1|potaxies|hiker-gen4|1154
|player|p2|Parappa01|harlequin|1230
|teamsize|p1|6
|teamsize|p2|6
|gen|9
|tier|[Gen 9] OU
|rated|
|rule|HP Percentage Mod: HP is shown in percentages
|rule|Endless Battle Clause: Forcing endless battles is banned
|rule|Species Clause: Limit one of each Pokémon
|rule|OHKO Clause: OHKO moves are banned
|rule|Evasion Items Clause: Evasion items are banned
|rule|Evasion Moves Clause: Evasion moves are banned
|rule|Sleep Moves Clause: Sleep-inducing moves are banned
|clearpoke
|poke|p1|Hydrapple, M|
|poke|p1|Corviknight, M|
|poke|p1|Gliscor, F|
|poke|p1|Blissey, F|
|poke|p1|Alomomola, M|
|poke|p1|Heatran, F|
|poke|p2|Great Tusk|
|poke|p2|Zapdos|
|poke|p2|Meowscarada, F|
|poke|p2|Dragapult, F|
|poke|p2|Kingambit, F|
|poke|p2|Clefable, F|
|teampreview
|
|t:|1743850011
|start
|switch|p1a: Pegmatro y Rata|Hydrapple, M, shiny|100/100
|switch|p2a: Zapdos|Zapdos|100/100
|turn|1
|inactive|Battle timer is ON: inactive players will automatically lose when time's up. (requested by Parappa01)
|
|t:|1743850018
|move|p2a: Zapdos|Hurricane|p1a: Pegmatro y Rata
|-supereffective|p1a: Pegmatro y Rata
|-damage|p1a: Pegmatro y Rata|4/100
|move|p1a: Pegmatro y Rata|Nasty Plot|p1a: Pegmatro y Rata
|-boost|p1a: Pegmatro y Rata|spa|2
|
|upkeep
|turn|2
|
|t:|1743850027
|switch|p1a: Pegma|Gliscor, F|100/100
|move|p2a: Zapdos|Hurricane|p1a: Pegma
|-damage|p1a: Pegma|61/100
|
|-status|p1a: Pegma|tox|[from] item: Toxic Orb
|upkeep
|turn|3
|
|t:|1743850035
|switch|p2a: Meowscarada|Meowscarada, F|100/100
|move|p1a: Pegma|Toxic|p2a: Meowscarada
|-status|p2a: Meowscarada|tox
|
|-damage|p2a: Meowscarada|94/100 tox|[from] psn
|-heal|p1a: Pegma|74/100 tox|[from] ability: Poison Heal
|upkeep
|turn|4
|
|t:|1743850048
|switch|p1a: Lampiño|Heatran, F|100/100
|move|p2a: Meowscarada|Triple Axel|p1a: Lampiño
|-start|p2a: Meowscarada|typechange|Ice|[from] ability: Protean
|-resisted|p1a: Lampiño
|-damage|p1a: Lampiño|98/100
|-resisted|p1a: Lampiño
|-damage|p1a: Lampiño|93/100
|-resisted|p1a: Lampiño
|-damage|p1a: Lampiño|86/100
|-hitcount|p1a: Lampiño|3
|
|-damage|p2a: Meowscarada|82/100 tox|[from] psn
|upkeep
|turn|5
|inactive|Parappa01 has 120 seconds left.
|
|t:|1743850088
|switch|p2a: Zapdos|Zapdos|100/100
|move|p1a: Lampiño|Stealth Rock|p2a: Zapdos
|-sidestart|p2: Parappa01|move: Stealth Rock
|
|upkeep
|turn|6
|
|t:|1743850096
|move|p2a: Zapdos|Hurricane|p1a: Lampiño
|-resisted|p1a: Lampiño
|-damage|p1a: Lampiño|67/100
|move|p1a: Lampiño|Lava Plume|p2a: Zapdos
|-damage|p2a: Zapdos|69/100
|
|upkeep
|turn|7
|inactive|Parappa01 has 120 seconds left.
|
|t:|1743850106
|switch|p1a: Pegma|Gliscor, F|74/100 tox
|move|p2a: Zapdos|Hurricane|p1a: Pegma|[miss]
|-miss|p2a: Zapdos|p1a: Pegma
|
|-heal|p1a: Pegma|86/100 tox|[from] ability: Poison Heal
|upkeep
|turn|8
|
|t:|1743850115
|move|p2a: Zapdos|Hurricane|p1a: Pegma|[miss]
|-miss|p2a: Zapdos|p1a: Pegma
|move|p1a: Pegma|Spikes|p2a: Zapdos
|-sidestart|p2: Parappa01|Spikes
|
|-heal|p1a: Pegma|99/100 tox|[from] ability: Poison Heal
|upkeep
|turn|9
|
|t:|1743850122
|move|p2a: Zapdos|Hurricane|p1a: Pegma|[miss]
|-miss|p2a: Zapdos|p1a: Pegma
|move|p1a: Pegma|Spikes|p2a: Zapdos
|-sidestart|p2: Parappa01|Spikes
|
|-heal|p1a: Pegma|100/100 tox|[from] ability: Poison Heal
|upkeep
|turn|10
|c|☆potaxies|that is so unlucky
|c|☆Parappa01|yeah
|
|t:|1743850145
|move|p2a: Zapdos|Hurricane|p1a: Pegma|[miss]
|-miss|p2a: Zapdos|p1a: Pegma
|move|p1a: Pegma|Knock Off|p2a: Zapdos
|-crit|p2a: Zapdos
|-damage|p2a: Zapdos|39/100
|-enditem|p2a: Zapdos|Heavy-Duty Boots|[from] move: Knock Off|[of] p1a: Pegma
|
|upkeep
|turn|11
|c|☆potaxies|WHAT
|c|☆Parappa01|i should really stop playing hurricane
|c|☆potaxies|will you tho?
|c|☆Parappa01|btw
|inactive|Parappa01 has 120 seconds left.
|c|☆Parappa01|you speak spanish dont you?
|
|t:|1743850179
|move|p2a: Zapdos|Roost|p2a: Zapdos
|-heal|p2a: Zapdos|89/100
|-singleturn|p2a: Zapdos|move: Roost
|move|p1a: Pegma|Spikes|p2a: Zapdos
|-sidestart|p2: Parappa01|Spikes
|
|upkeep
|turn|12
|c|☆potaxies|yeah
|inactive|Parappa01 has 120 seconds left.
|c|☆Parappa01|cool
|
|t:|1743850189
|move|p2a: Zapdos|Hurricane|p1a: Pegma
|-damage|p1a: Pegma|55/100 tox
|move|p1a: Pegma|Knock Off|p2a: Zapdos
|-damage|p2a: Zapdos|75/100
|
|-heal|p1a: Pegma|68/100 tox|[from] ability: Poison Heal
|upkeep
|turn|13
|
|t:|1743850196
|move|p2a: Zapdos|Hurricane|p1a: Pegma
|-damage|p1a: Pegma|29/100 tox
|move|p1a: Pegma|Toxic|p2a: Zapdos
|-status|p2a: Zapdos|tox
|
|-damage|p2a: Zapdos|69/100 tox|[from] psn
|-heal|p1a: Pegma|42/100 tox|[from] ability: Poison Heal
|upkeep
|turn|14
|
|t:|1743850204
|move|p1a: Pegma|Protect|p1a: Pegma
|-singleturn|p1a: Pegma|Protect
|move|p2a: Zapdos|Hurricane|p1a: Pegma
|-activate|p1a: Pegma|move: Protect
|
|-damage|p2a: Zapdos|57/100 tox|[from] psn
|-heal|p1a: Pegma|54/100 tox|[from] ability: Poison Heal
|upkeep
|turn|15
|
|t:|1743850213
|switch|p1a: Lampiño|Heatran, F|67/100
|move|p2a: Zapdos|Hurricane|p1a: Lampiño|[miss]
|-miss|p2a: Zapdos|p1a: Lampiño
|
|-damage|p2a: Zapdos|38/100 tox|[from] psn
|upkeep
|turn|16
|
|t:|1743850223
|move|p2a: Zapdos|Volt Switch|p1a: Lampiño
|-damage|p1a: Lampiño|40/100
|
|t:|1743850228
|switch|p2a: Great Tusk|Great Tusk|100/100|[from] Volt Switch
|move|p1a: Lampiño|Lava Plume|p2a: Great Tusk
|-damage|p2a: Great Tusk|50/100
|
|upkeep
|turn|17
|
|t:|1743850238
|switch|p1a: Mama|Alomomola, M|100/100
|-terastallize|p2a: Great Tusk|Fire
|move|p2a: Great Tusk|Rapid Spin|p1a: Mama
|-damage|p1a: Mama|90/100
|-boost|p2a: Great Tusk|spe|1
|-sideend|p2: Parappa01|Spikes|[from] move: Rapid Spin|[of] p2a: Great Tusk
|-sideend|p2: Parappa01|Stealth Rock|[from] move: Rapid Spin|[of] p2a: Great Tusk
|
|upkeep
|turn|18
|
|t:|1743850250
|-end|p2a: Great Tusk|Protosynthesis|[silent]
|switch|p2a: Dragapult|Dragapult, F|100/100
|move|p1a: Mama|Wish|p1a: Mama
|
|upkeep
|turn|19
|
|t:|1743850277
|switch|p1a: Lampiño|Heatran, F|40/100
|move|p2a: Dragapult|Substitute|p2a: Dragapult
|-start|p2a: Dragapult|Substitute
|-damage|p2a: Dragapult|76/100
|
|-heal|p1a: Lampiño|100/100|[from] move: Wish|[wisher] Mama
|-heal|p2a: Dragapult|82/100|[from] item: Leftovers
|upkeep
|turn|20
|c|☆potaxies|oh no
|
|t:|1743850287
|move|p2a: Dragapult|Thunder Wave|p1a: Lampiño
|-status|p1a: Lampiño|par
|cant|p1a: Lampiño|par
|
|-heal|p2a: Dragapult|88/100|[from] item: Leftovers
|upkeep
|turn|21
|
|t:|1743850294
|move|p2a: Dragapult|Hex|p1a: Lampiño
|-damage|p1a: Lampiño|56/100 par
|move|p1a: Lampiño|Lava Plume|p2a: Dragapult
|-resisted|p2a: Dragapult
|-activate|p2a: Dragapult|move: Substitute|[damage]
|
|-heal|p2a: Dragapult|94/100|[from] item: Leftovers
|upkeep
|turn|22
|
|t:|1743850303
|switch|p1a: Batro|Blissey, F|100/100
|move|p2a: Dragapult|Hex|p1a: Batro
|-immune|p1a: Batro
|
|-heal|p2a: Dragapult|99/100|[from] item: Leftovers
|upkeep
|turn|23
|
|t:|1743850311
|move|p2a: Dragapult|Thunder Wave|p1a: Batro
|-status|p1a: Batro|par
|move|p1a: Batro|Calm Mind|p1a: Batro
|-boost|p1a: Batro|spa|1
|-boost|p1a: Batro|spd|1
|
|-heal|p2a: Dragapult|100/100|[from] item: Leftovers
|upkeep
|turn|24
|
|t:|1743850325
|-curestatus|p1a: Batro|par|[from] ability: Natural Cure
|switch|p1a: Mama|Alomomola, M|100/100
|move|p2a: Dragapult|Dragon Darts|p1a: Mama
|-damage|p1a: Mama|88/100
|-anim|p2a: Dragapult|Dragon Darts|p1a: Mama
|-damage|p1a: Mama|76/100
|
|upkeep
|turn|25
|
|t:|1743850335
|switch|p1a: Batro|Blissey, F|100/100
|move|p2a: Dragapult|Thunder Wave|p1a: Batro
|-status|p1a: Batro|par
|
|upkeep
|turn|26
|
|t:|1743850341
|-curestatus|p1a: Batro|par|[from] ability: Natural Cure
|switch|p1a: Mama|Alomomola, M|100/100
|move|p2a: Dragapult|Dragon Darts|p1a: Mama
|-damage|p1a: Mama|89/100
|-anim|p2a: Dragapult|Dragon Darts|p1a: Mama
|-damage|p1a: Mama|76/100
|
|upkeep
|turn|27
|c|☆potaxies|i can do this all day
|
|t:|1743850351
|switch|p1a: Batro|Blissey, F|100/100
|move|p2a: Dragapult|Thunder Wave|p1a: Batro
|-status|p1a: Batro|par
|
|upkeep
|turn|28
|
|t:|1743850358
|-curestatus|p1a: Batro|par|[from] ability: Natural Cure
|switch|p1a: Mama|Alomomola, M|100/100
|move|p2a: Dragapult|Dragon Darts|p1a: Mama
|-damage|p1a: Mama|89/100
|-anim|p2a: Dragapult|Dragon Darts|p1a: Mama
|-damage|p1a: Mama|77/100
|
|upkeep
|turn|29
|
|t:|1743850368
|switch|p1a: Batro|Blissey, F|100/100
|move|p2a: Dragapult|Thunder Wave|p1a: Batro|[miss]
|-miss|p2a: Dragapult|p1a: Batro
|
|upkeep
|turn|30
|
|t:|1743850382
|move|p2a: Dragapult|Thunder Wave|p1a: Batro|[miss]
|-miss|p2a: Dragapult|p1a: Batro
|move|p1a: Batro|Flamethrower|p2a: Dragapult
|-resisted|p2a: Dragapult
|-end|p2a: Dragapult|Substitute
|
|upkeep
|turn|31
|
|t:|1743850392
|move|p2a: Dragapult|Substitute|p2a: Dragapult
|-start|p2a: Dragapult|Substitute
|-damage|p2a: Dragapult|76/100
|move|p1a: Batro|Calm Mind|p1a: Batro
|-boost|p1a: Batro|spa|1
|-boost|p1a: Batro|spd|1
|
|-heal|p2a: Dragapult|82/100|[from] item: Leftovers
|upkeep
|turn|32
|
|t:|1743850403
|move|p2a: Dragapult|Dragon Darts|p1a: Batro
|-damage|p1a: Batro|78/100
|-anim|p2a: Dragapult|Dragon Darts|p1a: Batro
|-damage|p1a: Batro|59/100
|move|p1a: Batro|Calm Mind|p1a: Batro
|-boost|p1a: Batro|spa|1
|-boost|p1a: Batro|spd|1
|
|-heal|p2a: Dragapult|88/100|[from] item: Leftovers
|upkeep
|turn|33
|
|t:|1743850412
|move|p2a: Dragapult|Thunder Wave|p1a: Batro
|-status|p1a: Batro|par
|move|p1a: Batro|Soft-Boiled|p1a: Batro
|-heal|p1a: Batro|100/100 par
|
|-heal|p2a: Dragapult|94/100|[from] item: Leftovers
|upkeep
|turn|34
|
|t:|1743850420
|move|p2a: Dragapult|Dragon Darts|p1a: Batro
|-damage|p1a: Batro|79/100 par
|-anim|p2a: Dragapult|Dragon Darts|p1a: Batro
|-damage|p1a: Batro|59/100 par
|cant|p1a: Batro|par
|
|-heal|p2a: Dragapult|99/100|[from] item: Leftovers
|upkeep
|turn|35
|
|t:|1743850429
|-curestatus|p1a: Batro|par|[from] ability: Natural Cure
|switch|p1a: Mama|Alomomola, M|100/100
|move|p2a: Dragapult|Dragon Darts|p1a: Mama
|-damage|p1a: Mama|90/100
|-anim|p2a: Dragapult|Dragon Darts|p1a: Mama
|-damage|p1a: Mama|78/100
|
|-heal|p2a: Dragapult|100/100|[from] item: Leftovers
|upkeep
|turn|36
|
|t:|1743850439
|switch|p2a: Meowscarada|Meowscarada, F|82/100 tox
|move|p1a: Mama|Wish|p1a: Mama
|
|-damage|p2a: Meowscarada|76/100 tox|[from] psn
|upkeep
|turn|37
|
|t:|1743850454
|switch|p1a: Pegmatro y Rata|Hydrapple, M, shiny|38/100
|move|p2a: Meowscarada|Flower Trick|p1a: Pegmatro y Rata
|-start|p2a: Meowscarada|typechange|Grass|[from] ability: Protean
|-resisted|p1a: Pegmatro y Rata
|-crit|p1a: Pegmatro y Rata
|-damage|p1a: Pegmatro y Rata|27/100
|
|-heal|p1a: Pegmatro y Rata|92/100|[from] move: Wish|[wisher] Mama
|-damage|p2a: Meowscarada|64/100 tox|[from] psn
|upkeep
|turn|38
|
|t:|1743850468
|switch|p2a: Zapdos|Zapdos|38/100 tox
|move|p1a: Pegmatro y Rata|Fickle Beam|p2a: Zapdos
|-damage|p2a: Zapdos|7/100 tox
|
|-damage|p2a: Zapdos|0 fnt|[from] psn
|faint|p2a: Zapdos
|upkeep
|
|t:|1743850479
|switch|p2a: Meowscarada|Meowscarada, F|64/100 tox
|turn|39
|
|t:|1743850483
|move|p2a: Meowscarada|U-turn|p1a: Pegmatro y Rata
|-start|p2a: Meowscarada|typechange|Bug|[from] ability: Protean
|-supereffective|p1a: Pegmatro y Rata
|-damage|p1a: Pegmatro y Rata|36/100
|
|t:|1743850493
|switch|p2a: Clefable|Clefable, F|100/100|[from] U-turn
|move|p1a: Pegmatro y Rata|Nasty Plot|p1a: Pegmatro y Rata
|-boost|p1a: Pegmatro y Rata|spa|2
|
|upkeep
|turn|40
|
|t:|1743850506
|switch|p1a: Mama|Alomomola, M|100/100
|move|p2a: Clefable|Stealth Rock|p1a: Mama
|-sidestart|p1: potaxies|move: Stealth Rock
|
|upkeep
|turn|41
|
|t:|1743850513
|move|p1a: Mama|Wish|p1a: Mama
|move|p2a: Clefable|Thunder Wave|p1a: Mama
|-status|p1a: Mama|par
|
|upkeep
|turn|42
|
|t:|1743850526
|switch|p1a: Lampiño|Heatran, F|56/100 par
|move|p2a: Clefable|Moonblast|p1a: Lampiño
|-resisted|p1a: Lampiño
|-damage|p1a: Lampiño|49/100 par
|
|-heal|p1a: Lampiño|100/100 par|[from] move: Wish|[wisher] Mama
|upkeep
|turn|43
|
|t:|1743850534
|switch|p2a: Dragapult|Dragapult, F|100/100
|move|p1a: Lampiño|Stealth Rock|p2a: Dragapult
|-sidestart|p2: Parappa01|move: Stealth Rock
|
|upkeep
|turn|44
|
|t:|1743850544
|switch|p1a: Mama|Alomomola, M|100/100 par
|move|p2a: Dragapult|Substitute|p2a: Dragapult
|-start|p2a: Dragapult|Substitute
|-damage|p2a: Dragapult|76/100
|
|-heal|p2a: Dragapult|82/100|[from] item: Leftovers
|upkeep
|turn|45
|
|t:|1743850552
|move|p2a: Dragapult|Dragon Darts|p1a: Mama
|-damage|p1a: Mama|88/100 par
|-anim|p2a: Dragapult|Dragon Darts|p1a: Mama
|-damage|p1a: Mama|77/100 par
|move|p1a: Mama|Wish|p1a: Mama
|
|-heal|p2a: Dragapult|88/100|[from] item: Leftovers
|upkeep
|turn|46
|
|t:|1743850564
|switch|p1a: Batro|Blissey, F|59/100
|move|p2a: Dragapult|Dragon Darts|p1a: Batro
|-damage|p1a: Batro|39/100
|-anim|p2a: Dragapult|Dragon Darts|p1a: Batro
|-damage|p1a: Batro|20/100
|
|-heal|p1a: Batro|61/100|[from] move: Wish|[wisher] Mama
|-heal|p2a: Dragapult|94/100|[from] item: Leftovers
|upkeep
|turn|47
|inactive|potaxies has 120 seconds left.
|
|t:|1743850600
|switch|p1a: Lampiño|Heatran, F|100/100 par
|move|p2a: Dragapult|Dragon Darts|p1a: Lampiño
|-resisted|p1a: Lampiño
|-damage|p1a: Lampiño|94/100 par
|-anim|p2a: Dragapult|Dragon Darts|p1a: Lampiño
|-resisted|p1a: Lampiño
|-damage|p1a: Lampiño|87/100 par
|
|-heal|p2a: Dragapult|99/100|[from] item: Leftovers
|upkeep
|turn|48
|inactive|potaxies has 120 seconds left.
|
|t:|1743850611
|switch|p1a: Batro|Blissey, F|61/100
|move|p2a: Dragapult|Hex|p1a: Batro
|-immune|p1a: Batro
|
|-heal|p2a: Dragapult|100/100|[from] item: Leftovers
|upkeep
|turn|49
|inactive|potaxies has 120 seconds left.
|
|t:|1743850619
|move|p2a: Dragapult|Dragon Darts|p1a: Batro
|-damage|p1a: Batro|41/100
|-anim|p2a: Dragapult|Dragon Darts|p1a: Batro
|-damage|p1a: Batro|20/100
|move|p1a: Batro|Soft-Boiled|p1a: Batro
|-heal|p1a: Batro|70/100
|
|upkeep
|turn|50
|inactive|potaxies has 120 seconds left.
|
|t:|1743850636
|switch|p1a: Mama|Alomomola, M|100/100 par
|move|p2a: Dragapult|Dragon Darts|p1a: Mama
|-damage|p1a: Mama|89/100 par
|-anim|p2a: Dragapult|Dragon Darts|p1a: Mama
|-damage|p1a: Mama|78/100 par
|
|upkeep
|turn|51
|inactive|potaxies has 120 seconds left.
|
|t:|1743850644
|move|p2a: Dragapult|Dragon Darts|p1a: Mama
|-damage|p1a: Mama|66/100 par
|-anim|p2a: Dragapult|Dragon Darts|p1a: Mama
|-damage|p1a: Mama|54/100 par
|move|p1a: Mama|Wish|p1a: Mama
|
|upkeep
|turn|52
|
|t:|1743850652
|switch|p1a: Batro|Blissey, F|70/100
|move|p2a: Dragapult|Dragon Darts|p1a: Batro
|-damage|p1a: Batro|49/100
|-anim|p2a: Dragapult|Dragon Darts|p1a: Batro
|-damage|p1a: Batro|29/100
|
|-heal|p1a: Batro|70/100|[from] move: Wish|[wisher] Mama
|upkeep
|turn|53
|
|t:|1743850667
|move|p2a: Dragapult|Dragon Darts|p1a: Batro
|-damage|p1a: Batro|48/100
|-anim|p2a: Dragapult|Dragon Darts|p1a: Batro
|-damage|p1a: Batro|26/100
|move|p1a: Batro|Soft-Boiled|p1a: Batro
|-heal|p1a: Batro|76/100
|
|upkeep
|turn|54
|c|☆potaxies|3 pp left
|
|t:|1743850679
|move|p2a: Dragapult|Dragon Darts|p1a: Batro
|-damage|p1a: Batro|54/100
|-anim|p2a: Dragapult|Dragon Darts|p1a: Batro
|-damage|p1a: Batro|35/100
|move|p1a: Batro|Soft-Boiled|p1a: Batro
|-heal|p1a: Batro|85/100
|
|upkeep
|turn|55
|c|☆Parappa01|d'oh
|inactive|potaxies has 120 seconds left.
|
|t:|1743850699
|switch|p2a: Kingambit|Kingambit, F|100/100
|-damage|p2a: Kingambit|94/100|[from] Stealth Rock
|-activate|p2a: Kingambit|ability: Supreme Overlord
|-start|p2a: Kingambit|fallen1|[silent]
|-item|p2a: Kingambit|Air Balloon
|move|p1a: Batro|Calm Mind|p1a: Batro
|-boost|p1a: Batro|spa|1
|-boost|p1a: Batro|spd|1
|
|upkeep
|turn|56
|
|t:|1743850709
|move|p2a: Kingambit|Swords Dance|p2a: Kingambit
|-boost|p2a: Kingambit|atk|2
|move|p1a: Batro|Flamethrower|p2a: Kingambit
|-supereffective|p2a: Kingambit
|-damage|p2a: Kingambit|35/100
|-enditem|p2a: Kingambit|Air Balloon
|
|upkeep
|turn|57
|
|t:|1743850717
|move|p2a: Kingambit|Low Kick|p1a: Batro
|-supereffective|p1a: Batro
|-damage|p1a: Batro|0 fnt
|faint|p1a: Batro
|
|upkeep
|
|t:|1743850722
|switch|p1a: Mama|Alomomola, M|88/100 par
|turn|58
|
|t:|1743850727
|move|p2a: Kingambit|Kowtow Cleave|p1a: Mama
|-damage|p1a: Mama|25/100 par
|move|p1a: Mama|Flip Turn|p2a: Kingambit
|-damage|p2a: Kingambit|22/100
|
|t:|1743850740
|switch|p1a: Pegmatro y Rata|Hydrapple, M, shiny|69/100|[from] Flip Turn
|
|upkeep
|turn|59
|
|t:|1743850745
|move|p2a: Kingambit|Kowtow Cleave|p1a: Pegmatro y Rata
|-damage|p1a: Pegmatro y Rata|11/100
|move|p1a: Pegmatro y Rata|Earth Power|p2a: Kingambit
|-supereffective|p2a: Kingambit
|-damage|p2a: Kingambit|0 fnt
|faint|p2a: Kingambit
|-end|p2a: Kingambit|fallen1|[silent]
|
|upkeep
|
|t:|1743850753
|switch|p2a: Great Tusk|Great Tusk, tera:Fire|50/100
|turn|60
|c|☆potaxies|im gonna lose
|
|t:|1743850771
|switch|p1a: Mama|Alomomola, M|59/100 par
|move|p2a: Great Tusk|Rapid Spin|p1a: Mama
|-damage|p1a: Mama|49/100 par
|-boost|p2a: Great Tusk|spe|1
|-sideend|p2: Parappa01|Stealth Rock|[from] move: Rapid Spin|[of] p2a: Great Tusk
|
|upkeep
|turn|61
|c|☆Parappa01|nah
|c|☆Parappa01|i think i have it worse
|
|t:|1743850790
|-end|p2a: Great Tusk|Protosynthesis|[silent]
|switch|p2a: Dragapult|Dragapult, F|100/100
|move|p1a: Mama|Wish|p1a: Mama
|
|upkeep
|turn|62
|
|t:|1743850809
|move|p1a: Mama|Protect|p1a: Mama
|-singleturn|p1a: Mama|Protect
|move|p2a: Dragapult|Substitute|p2a: Dragapult
|-start|p2a: Dragapult|Substitute
|-damage|p2a: Dragapult|76/100
|
|-heal|p1a: Mama|99/100 par|[from] move: Wish|[wisher] Mama
|-heal|p2a: Dragapult|82/100|[from] item: Leftovers
|upkeep
|turn|63
|
|t:|1743850820
|move|p2a: Dragapult|Hex|p1a: Mama
|-damage|p1a: Mama|35/100 par
|move|p1a: Mama|Wish|p1a: Mama
|
|-heal|p2a: Dragapult|88/100|[from] item: Leftovers
|upkeep
|turn|64
|
|t:|1743850831
|switch|p1a: Pegmatro y Rata|Hydrapple, M, shiny|44/100
|move|p2a: Dragapult|Thunder Wave|p1a: Pegmatro y Rata
|-status|p1a: Pegmatro y Rata|par
|
|-heal|p1a: Pegmatro y Rata|100/100 par|[from] move: Wish|[wisher] Mama
|-heal|p2a: Dragapult|94/100|[from] item: Leftovers
|upkeep
|turn|65
|
|t:|1743850845
|switch|p1a: Ruiz|Corviknight, M|100/100
|-ability|p1a: Ruiz|Pressure
|move|p2a: Dragapult|Hex|p1a: Ruiz
|-damage|p1a: Ruiz|67/100
|
|-heal|p2a: Dragapult|99/100|[from] item: Leftovers
|upkeep
|turn|66
|
|t:|1743850863
|switch|p1a: Pegma|Gliscor, F|54/100 tox
|-damage|p1a: Pegma|42/100 tox|[from] Stealth Rock
|move|p2a: Dragapult|Thunder Wave|p1a: Pegma
|-immune|p1a: Pegma
|
|-heal|p2a: Dragapult|100/100|[from] item: Leftovers
|-heal|p1a: Pegma|54/100 tox|[from] ability: Poison Heal
|upkeep
|turn|67
|
|t:|1743850878
|switch|p1a: Ruiz|Corviknight, M|67/100
|-ability|p1a: Ruiz|Pressure
|move|p2a: Dragapult|Hex|p1a: Ruiz
|-damage|p1a: Ruiz|33/100
|
|upkeep
|turn|68
|
|t:|1743850894
|switch|p1a: Lampiño|Heatran, F|87/100 par
|move|p2a: Dragapult|Hex|p1a: Lampiño
|-crit|p1a: Lampiño
|-damage|p1a: Lampiño|19/100 par
|
|upkeep
|turn|69
|inactive|potaxies has 120 seconds left.
|
|t:|1743850921
|move|p2a: Dragapult|Hex|p1a: Lampiño
|-damage|p1a: Lampiño|0 fnt
|faint|p1a: Lampiño
|
|upkeep
|
|t:|1743850932
|switch|p1a: Ruiz|Corviknight, M|33/100
|-ability|p1a: Ruiz|Pressure
|turn|70
|
|t:|1743850938
|move|p2a: Dragapult|Hex|p1a: Ruiz
|-damage|p1a: Ruiz|1/100
|move|p1a: Ruiz|Roost|p1a: Ruiz
|-heal|p1a: Ruiz|51/100
|-singleturn|p1a: Ruiz|move: Roost
|
|upkeep
|turn|71
|
|t:|1743850949
|move|p2a: Dragapult|Thunder Wave|p1a: Ruiz
|-status|p1a: Ruiz|par
|cant|p1a: Ruiz|par
|
|upkeep
|turn|72
|
|t:|1743850955
|move|p2a: Dragapult|Hex|p1a: Ruiz
|-damage|p1a: Ruiz|0 fnt
|faint|p1a: Ruiz
|
|upkeep
|
|t:|1743850963
|switch|p1a: Mama|Alomomola, M|69/100 par
|turn|73
|
|t:|1743850969
|move|p2a: Dragapult|Hex|p1a: Mama
|-damage|p1a: Mama|3/100 par
|move|p1a: Mama|Wish|p1a: Mama
|
|upkeep
|turn|74
|c|☆potaxies|2 hex
|
|t:|1743850977
|cant|p1a: Mama|par
|move|p2a: Dragapult|Hex|p1a: Mama
|-damage|p1a: Mama|0 fnt
|faint|p1a: Mama
|
|upkeep
|
|t:|1743850983
|switch|p1a: Pegma|Gliscor, F|54/100 tox
|-damage|p1a: Pegma|42/100 tox|[from] Stealth Rock
|turn|75
|
|t:|1743850989
|move|p1a: Pegma|Protect|p1a: Pegma
|-singleturn|p1a: Pegma|Protect
|move|p2a: Dragapult|Dragon Darts|p1a: Pegma
|-activate|p1a: Pegma|move: Protect
|
|-heal|p1a: Pegma|54/100 tox|[from] ability: Poison Heal
|upkeep
|turn|76
|inactive|Parappa01 has 120 seconds left.
|
|t:|1743851020
|switch|p2a: Meowscarada|Meowscarada, F|64/100 tox
|move|p1a: Pegma|Toxic|p2a: Meowscarada
|-fail|p2a: Meowscarada|tox
|
|-damage|p2a: Meowscarada|57/100 tox|[from] psn
|-heal|p1a: Pegma|67/100 tox|[from] ability: Poison Heal
|upkeep
|turn|77
|inactive|potaxies has 120 seconds left.
|
|t:|1743851049
|-terastallize|p1a: Pegma|Steel
|move|p2a: Meowscarada|Triple Axel|p1a: Pegma
|-start|p2a: Meowscarada|typechange|Ice|[from] ability: Protean
|-resisted|p1a: Pegma
|-damage|p1a: Pegma|61/100 tox
|-resisted|p1a: Pegma
|-damage|p1a: Pegma|50/100 tox
|-resisted|p1a: Pegma
|-damage|p1a: Pegma|32/100 tox
|-hitcount|p1a: Pegma|3
|move|p1a: Pegma|Knock Off|p2a: Meowscarada
|-damage|p2a: Meowscarada|27/100 tox
|-enditem|p2a: Meowscarada|Choice Band|[from] move: Knock Off|[of] p1a: Pegma
|
|-damage|p2a: Meowscarada|14/100 tox|[from] psn
|-heal|p1a: Pegma|44/100 tox|[from] ability: Poison Heal
|upkeep
|turn|78
|inactive|potaxies has 120 seconds left.
|inactive|Parappa01 has 120 seconds left.
|
|t:|1743851074
|move|p1a: Pegma|Protect|p1a: Pegma
|-singleturn|p1a: Pegma|Protect
|move|p2a: Meowscarada|U-turn|p1a: Pegma
|-activate|p1a: Pegma|move: Protect
|
|-damage|p2a: Meowscarada|0 fnt|[from] psn
|faint|p2a: Meowscarada
|-heal|p1a: Pegma|57/100 tox|[from] ability: Poison Heal
|upkeep
|
|t:|1743851089
|switch|p2a: Great Tusk|Great Tusk, tera:Fire|50/100
|turn|79
|c|☆potaxies|your great tusk has ice spinner right?
|inactive|potaxies has 90 seconds left.
|c|☆Parappa01|right
|c|☆potaxies|i lost
|
|t:|1743851136
|move|p2a: Great Tusk|Rapid Spin|p1a: Pegma
|-resisted|p1a: Pegma
|-damage|p1a: Pegma|50/100 tox
|-boost|p2a: Great Tusk|spe|1
|move|p1a: Pegma|Toxic|p2a: Great Tusk
|-status|p2a: Great Tusk|tox
|
|-damage|p2a: Great Tusk|43/100 tox|[from] psn
|-heal|p1a: Pegma|62/100 tox|[from] ability: Poison Heal
|upkeep
|turn|80
|c|☆Parappa01|your gliscor is type steel now
|c|☆Parappa01|it doesnt matter i have ice spinner
|c|☆potaxies|hydrapple cant switch in
|inactive|Parappa01 has 90 seconds left.
|
|t:|1743851169
|move|p2a: Great Tusk|Temper Flare|p1a: Pegma
|-supereffective|p1a: Pegma
|-damage|p1a: Pegma|0 fnt
|faint|p1a: Pegma
|
|-damage|p2a: Great Tusk|31/100 tox|[from] psn
|upkeep
|c|☆Parappa01|oh
|c|☆Parappa01|i see
|
|t:|1743851176
|switch|p1a: Pegmatro y Rata|Hydrapple, M, shiny|100/100 par
|turn|81
|c|☆Parappa01|good game
|c|☆potaxies|gg
|inactive|Parappa01 has 90 seconds left.
|c|☆Parappa01|congrats on your blissey alomomola strat
|c|☆Parappa01|it felt like hell
|
|t:|1743851204
|move|p2a: Great Tusk|Ice Spinner|p1a: Pegmatro y Rata
|-supereffective|p1a: Pegmatro y Rata
|-damage|p1a: Pegmatro y Rata|42/100 par
|move|p1a: Pegmatro y Rata|Fickle Beam|p2a: Great Tusk
|-damage|p2a: Great Tusk|0 fnt
|faint|p2a: Great Tusk
|-end|p2a: Great Tusk|Protosynthesis|[silent]
|
|upkeep
|
|t:|1743851211
|switch|p2a: Clefable|Clefable, F|100/100
|turn|82
|c|☆potaxies|it felt like hell to me aswell
|
|t:|1743851218
|move|p2a: Clefable|Moonblast|p1a: Pegmatro y Rata
|-supereffective|p1a: Pegmatro y Rata
|-damage|p1a: Pegmatro y Rata|0 fnt
|faint|p1a: Pegmatro y Rata
|
|win|Parappa01
|raw|potaxies's rating: 1154 &rarr; <strong>1134</strong><br />(-20 for losing)
|raw|Parappa01's rating: 1230 &rarr; <strong>1250</strong><br />(+20 for winning)
|l|☆potaxies
|player|p1|
|l|☆Parappa01
|player|p2|
|j|☆Parappa01
|player|p2|Parappa01|harlequin|
