|j|☆RootyX
|j|☆elviola
|t:|1743912010
|gametype|singles
|player|p1|RootyX|1|1116
|player|p2|elviola|swimmer-gen4dp|1133
|teamsize|p1|6
|teamsize|p2|6
|gen|9
|tier|[Gen 9] OU
|rated|
|rule|HP Percentage Mod: HP is shown in percentages
|rule|Endless Battle Clause: Forcing endless battles is banned
|rule|Species Clause: Limit one of each Pokémon
|rule|OHKO Clause: OHKO moves are banned
|rule|Evasion Items Clause: Evasion items are banned
|rule|Evasion Moves Clause: Evasion moves are banned
|rule|Sleep Moves Clause: Sleep-inducing moves are banned
|clearpoke
|poke|p1|Abomasnow, M|
|poke|p1|Cetitan, M|
|poke|p1|Froslass, F|
|poke|p1|Articuno|
|poke|p1|Ninetales-Alola, M|
|poke|p1|Mamoswine, M|
|poke|p2|Landorus-Therian, M|
|poke|p2|Zamazenta-*|
|poke|p2|Kingambit, M|
|poke|p2|Samurott-Hisui, M|
|poke|p2|Iron Valiant|
|poke|p2|Iron Moth|
|teampreview
|
|t:|1743912016
|start
|switch|p1a: Ninetales|Ninetales-Alola, M, shiny|100/100
|switch|p2a: Landorus|Landorus-Therian, M|100/100
|-weather|Snowscape|[from] ability: Snow Warning|[of] p1a: Ninetales
|-ability|p2a: Landorus|Intimidate|boost
|-unboost|p1a: Ninetales|atk|1
|turn|1
|
|t:|1743912030
|move|p1a: Ninetales|Aurora Veil|p1a: Ninetales
|-sidestart|p1: RootyX|move: Aurora Veil
|move|p2a: Landorus|Stealth Rock|p1a: Ninetales
|-sidestart|p1: RootyX|move: Stealth Rock
|
|-weather|Snowscape|[upkeep]
|upkeep
|turn|2
|inactive|Battle timer is ON: inactive players will automatically lose when time's up. (requested by elviola)
|
|t:|1743912039
|move|p1a: Ninetales|Blizzard|p2a: Landorus
|-supereffective|p2a: Landorus
|-damage|p2a: Landorus|0 fnt
|faint|p2a: Landorus
|
|-weather|Snowscape|[upkeep]
|upkeep
|
|t:|1743912042
|switch|p2a: Iron Moth|Iron Moth|100/100
|-enditem|p2a: Iron Moth|Booster Energy
|-activate|p2a: Iron Moth|ability: Quark Drive|[fromitem]
|-start|p2a: Iron Moth|quarkdrivespe
|turn|3
|c|☆elviola|you like ice huh
|
|t:|1743912059
|move|p2a: Iron Moth|Fiery Dance|p1a: Ninetales
|-supereffective|p1a: Ninetales
|-damage|p1a: Ninetales|50/100
|move|p1a: Ninetales|Blizzard|p2a: Iron Moth
|-resisted|p2a: Iron Moth
|-damage|p2a: Iron Moth|81/100
|
|-weather|Snowscape|[upkeep]
|upkeep
|turn|4
|
|t:|1743912082
|move|p2a: Iron Moth|Fiery Dance|p1a: Ninetales
|-supereffective|p1a: Ninetales
|-damage|p1a: Ninetales|4/100
|move|p1a: Ninetales|Blizzard|p2a: Iron Moth
|-resisted|p2a: Iron Moth
|-damage|p2a: Iron Moth|60/100
|
|-weather|Snowscape|[upkeep]
|upkeep
|turn|5
|
|t:|1743912090
|move|p2a: Iron Moth|Fiery Dance|p1a: Ninetales
|-supereffective|p1a: Ninetales
|-damage|p1a: Ninetales|0 fnt
|faint|p1a: Ninetales
|
|-weather|Snowscape|[upkeep]
|-sideend|p1: RootyX|move: Aurora Veil
|upkeep
|
|t:|1743912092
|switch|p1a: Cetitan|Cetitan, M, shiny|100/100
|-damage|p1a: Cetitan|76/100|[from] Stealth Rock
|turn|6
|
|t:|1743912098
|move|p1a: Cetitan|Earthquake|p2a: Iron Moth
|-supereffective|p2a: Iron Moth
|-damage|p2a: Iron Moth|0 fnt
|faint|p2a: Iron Moth
|-end|p2a: Iron Moth|Quark Drive|[silent]
|
|-weather|Snowscape|[upkeep]
|upkeep
|
|t:|1743912103
|switch|p2a: Zamazenta|Zamazenta|100/100
|-ability|p2a: Zamazenta|Dauntless Shield|boost
|-boost|p2a: Zamazenta|def|1
|turn|7
|
|t:|1743912110
|switch|p1a: Articuno|Articuno, shiny|100/100
|-ability|p1a: Articuno|Pressure
|move|p2a: Zamazenta|Body Press|p1a: Articuno
|-damage|p1a: Articuno|71/100
|
|-weather|Snowscape|[upkeep]
|upkeep
|turn|8
|
|t:|1743912125
|move|p1a: Articuno|Hurricane|p2a: Zamazenta|[miss]
|-miss|p1a: Articuno|p2a: Zamazenta
|move|p2a: Zamazenta|Roar|p1a: Articuno
|drag|p1a: Abomasnow|Abomasnow, M, shiny|100/100
|-damage|p1a: Abomasnow|76/100|[from] Stealth Rock
|
|-weather|none
|-heal|p1a: Abomasnow|82/100|[from] item: Leftovers
|upkeep
|turn|9
|
|t:|1743912135
|switch|p1a: Articuno|Articuno, shiny|71/100
|-ability|p1a: Articuno|Pressure
|move|p2a: Zamazenta|Iron Defense|p2a: Zamazenta
|-boost|p2a: Zamazenta|def|2
|
|upkeep
|turn|10
|
|t:|1743912145
|-terastallize|p2a: Zamazenta|Fire
|move|p2a: Zamazenta|Crunch|p1a: Articuno
|-damage|p1a: Articuno|53/100
|move|p1a: Articuno|Roost|p1a: Articuno
|-heal|p1a: Articuno|100/100
|-singleturn|p1a: Articuno|move: Roost
|
|upkeep
|turn|11
|
|t:|1743912156
|move|p1a: Articuno|Hurricane|p2a: Zamazenta
|-damage|p2a: Zamazenta|74/100
|-start|p2a: Zamazenta|confusion
|-activate|p2a: Zamazenta|confusion
|move|p2a: Zamazenta|Roar|p1a: Articuno
|drag|p1a: Mamoswine|Mamoswine, M, shiny|100/100
|-damage|p1a: Mamoswine|88/100|[from] Stealth Rock
|
|-heal|p2a: Zamazenta|80/100|[from] item: Leftovers
|upkeep
|turn|12
|
|t:|1743912169
|switch|p1a: Articuno|Articuno, shiny|100/100
|-ability|p1a: Articuno|Pressure
|-end|p2a: Zamazenta|confusion
|move|p2a: Zamazenta|Body Press|p1a: Articuno
|-damage|p1a: Articuno|28/100
|
|-heal|p2a: Zamazenta|86/100|[from] item: Leftovers
|upkeep
|turn|13
|
|t:|1743912178
|move|p2a: Zamazenta|Iron Defense|p2a: Zamazenta
|-boost|p2a: Zamazenta|def|2
|move|p1a: Articuno|Hurricane|p2a: Zamazenta
|-damage|p2a: Zamazenta|56/100
|
|-heal|p2a: Zamazenta|62/100|[from] item: Leftovers
|upkeep
|turn|14
|
|t:|1743912185
|move|p2a: Zamazenta|Body Press|p1a: Articuno
|-damage|p1a: Articuno|0 fnt
|faint|p1a: Articuno
|
|-heal|p2a: Zamazenta|69/100|[from] item: Leftovers
|upkeep
|
|t:|1743912188
|switch|p1a: Abomasnow|Abomasnow, M, shiny|82/100
|-damage|p1a: Abomasnow|57/100|[from] Stealth Rock
|-weather|Snowscape|[from] ability: Snow Warning|[of] p1a: Abomasnow
|turn|15
|
|t:|1743912194
|move|p2a: Zamazenta|Body Press|p1a: Abomasnow
|-supereffective|p1a: Abomasnow
|-damage|p1a: Abomasnow|0 fnt
|faint|p1a: Abomasnow
|
|-weather|Snowscape|[upkeep]
|-heal|p2a: Zamazenta|75/100|[from] item: Leftovers
|upkeep
|
|t:|1743912197
|switch|p1a: Cetitan|Cetitan, M, shiny|76/100
|-damage|p1a: Cetitan|51/100|[from] Stealth Rock
|turn|16
|
|t:|1743912205
|move|p1a: Cetitan|Earthquake|p2a: Zamazenta
|-supereffective|p2a: Zamazenta
|-damage|p2a: Zamazenta|59/100
|move|p2a: Zamazenta|Body Press|p1a: Cetitan
|-supereffective|p1a: Cetitan
|-damage|p1a: Cetitan|0 fnt
|faint|p1a: Cetitan
|
|-weather|Snowscape|[upkeep]
|-heal|p2a: Zamazenta|65/100|[from] item: Leftovers
|upkeep
|
|t:|1743912208
|switch|p1a: Froslass|Froslass, F|100/100
|-damage|p1a: Froslass|76/100|[from] Stealth Rock
|turn|17
|
|t:|1743912216
|move|p1a: Froslass|Shadow Ball|p2a: Zamazenta
|-damage|p2a: Zamazenta|42/100
|-unboost|p2a: Zamazenta|spd|1
|move|p2a: Zamazenta|Crunch|p1a: Froslass
|-supereffective|p1a: Froslass
|-damage|p1a: Froslass|32/100
|-unboost|p1a: Froslass|def|1
|
|-weather|Snowscape|[upkeep]
|-heal|p2a: Zamazenta|48/100|[from] item: Leftovers
|upkeep
|turn|18
|
|t:|1743912226
|move|p1a: Froslass|Shadow Ball|p2a: Zamazenta
|-damage|p2a: Zamazenta|14/100
|-unboost|p2a: Zamazenta|spd|1
|move|p2a: Zamazenta|Crunch|p1a: Froslass
|-supereffective|p1a: Froslass
|-damage|p1a: Froslass|0 fnt
|faint|p1a: Froslass
|
|-weather|Snowscape|[upkeep]
|-heal|p2a: Zamazenta|20/100|[from] item: Leftovers
|upkeep
|
|t:|1743912229
|switch|p1a: Mamoswine|Mamoswine, M, shiny|88/100
|-damage|p1a: Mamoswine|76/100|[from] Stealth Rock
|turn|19
|
|t:|1743912238
|-terastallize|p1a: Mamoswine|Rock
|move|p2a: Zamazenta|Body Press|p1a: Mamoswine
|-supereffective|p1a: Mamoswine
|-damage|p1a: Mamoswine|0 fnt
|faint|p1a: Mamoswine
|
|win|elviola
|raw|RootyX's rating: 1116 &rarr; <strong>1092</strong><br />(-24 for losing)
|raw|elviola's rating: 1133 &rarr; <strong>1157</strong><br />(+24 for winning)
|l|☆RootyX
|player|p1|
|l|☆elviola
|player|p2|
